<mjloggm ver="2.3"><GO type="41" lobby="0"/><UN n0="%E3%82%A6%E3%83%AB%E3%83%88%E3%83%A9%E7%AB%8B%E7%9B%B4" n1="%E4%B8%83%E4%BA%BA%E3%81%AE%E4%BB%B2%E9%96%93%E3%81%9F%E3%81%A1" n2="%E9%9B%BB%E6%B0%97%E5%B7%A5%E4%BA%8B%E5%B1%8B" n3="%E3%82%A2%E3%82%B9%E3%83%91%E3%83%A9%E4%BE%8D" dan="15,13,15,15" rate="1993.04,1887.60,2032.43,1952.99" sx="M,M,M,M"/><TAIKYOKU oya="0"/><INIT seed="0,0,0,3,1,79" ten="250,250,250,250" oya="0" hai0="96,93,118,49,106,98,110,107,89,134,60,43,129" hai1="8,62,46,12,113,4,70,74,111,53,91,32,82" hai2="105,66,59,24,99,34,69,17,108,2,18,73,102" hai3="7,5,38,41,61,15,52,39,6,21,130,42,117"/><T83/><D60/><U87/><E32/><V103/><F2/><W88/><G117/><T20/><D20/><U122/><E122/><V51/><F103/><W26/><G130/><T80/><D49/><U25/><E111/><V36/><F36/><W100/><G100/><T19/><D19/><U57/><E113/><V29/><F108/><W112/><G112/><T45/><D45/><U109/><E74/><V120/><F73/><W13/><G39/><T95/><D43/><N who="3" m="16393" /><G38/><T86/><D110/><U55/><E109/><V0/><F120/><W115/><G115/><T101/><D129/><U48/><E70/><V126/><F126/><W72/><G72/><T77/><D118/><U33/><E33/><V27/><F27/><AGARI ba="0,0" hai="4,8,12,25,27,46,48,53,55,57,62,82,87,91" machi="27" ten="40,2600,0" yaku="8,1,52,1" doraHai="79" who="1" fromWho="2" sc="250,0,250,26,250,-26,250,0" /><INIT seed="1,0,0,3,1,118" ten="250,276,224,250" oya="1" hai0="0,116,80,132,45,91,24,125,31,33,85,57,61" hai1="100,70,18,114,1,42,9,77,48,113,58,12,50" hai2="103,76,44,23,6,127,51,63,29,20,104,38,131" hai3="30,99,46,35,27,21,84,36,119,55,111,106,79"/><U60/><E70/><V52/><F131/><W59/><G119/><T4/><D116/><U66/><E77/><V72/><F127/><W128/><G128/><T39/><D4/><U134/><E134/><V130/><F130/><W17/><G111/><T135/><D0/><U15/><E1/><V94/><F104/><W73/><G73/><T126/><D45/><U19/><E100/><V64/><F6/><W86/><G79/><T129/><D39/><U32/><E32/><V62/><F38/><W120/><G106/><T101/><D101/><U112/><REACH who="1" step="1"/><E42/><REACH who="1" ten="250,266,224,250" step="2"/><V3/><F3/><W22/><G35/><T37/><D129/><U74/><E74/><V7/><F76/><W105/><G105/><T108/><D33/><U43/><E43/><V34/><F72/><W47/><G36/><T109/><D37/><U49/><E49/><V56/><F63/><W78/><G78/><T96/><D61/><U82/><E82/><V87/><F34/><W117/><G117/><T98/><D80/><U97/><E97/><V65/><F103/><W90/><G99/><T54/><D96/><U13/><E13/><V95/><F62/><W110/><G86/><T115/><D98/><U81/><E81/><V92/><F87/><W2/><G2/><T75/><D75/><U89/><E89/><V41/><F41/><W5/><G84/><T40/><D91/><U16/><E16/><V69/><F69/><W102/><G17/><T123/><D85/><U88/><E88/><V124/><F51/><W107/><G90/><T83/><D83/><U8/><AGARI ba="0,1" hai="8,9,12,15,18,19,48,50,58,60,66,112,113,114" machi="8" ten="30,12000,1" yaku="1,1,0,1,9,1,53,2" doraHai="118" doraHaiUra="14" who="1" fromWho="1" sc="250,-40,266,130,224,-40,250,-40" /><INIT seed="1,1,0,4,5,127" ten="210,396,184,210" oya="1" hai0="17,27,70,37,48,18,55,67,1,25,98,80,94" hai1="52,58,125,95,104,102,8,97,16,45,5,15,9" hai2="11,89,108,134,112,10,20,54,124,34,77,79,71" hai3="35,126,21,29,47,68,72,39,65,12,36,24,99"/><U40/><E125/><V121/><F121/><W87/><G126/><T73/><D37/><U19/><E104/><V2/><F124/><W46/><G72/><T76/><D1/><U135/><E135/><V63/><F34/><W14/><G87/><T106/><D106/><U38/><REACH who="1" step="1"/><E9/><REACH who="1" ten="210,386,184,210" step="2"/><V83/><F11/><W4/><G39/><T114/><D114/><U101/><E101/><V78/><F112/><W91/><G36/><T22/><D22/><U60/><AGARI ba="1,1" hai="5,8,15,16,19,38,40,45,52,58,60,95,97,102" machi="60" ten="20,12000,1" yaku="1,1,0,1,7,1,54,2,53,0" doraHai="127" doraHaiUra="26" who="1" fromWho="1" sc="210,-41,386,133,184,-41,210,-41" /><INIT seed="1,2,0,0,0,81" ten="169,519,143,169" oya="1" hai0="26,65,133,42,58,28,115,100,130,91,134,7,46" hai1="30,13,123,104,101,19,135,87,122,54,6,103,70" hai2="45,116,131,44,51,113,14,4,3,8,83,109,22" hai3="20,98,125,121,75,105,62,108,24,40,1,47,90"/><U85/><E70/><V66/><F116/><W97/><G121/><T35/><D115/><U95/><E6/><V57/><F131/><W120/><G120/><T114/><D114/><U60/><E104/><V27/><F109/><W88/><G75/><T10/><D130/><U43/><E43/><V55/><F3/><W132/><G1/><T68/><D100/><U99/><E135/><V49/><F66/><W76/><G76/><T29/><D29/><U71/><E103/><V61/><F113/><W17/><G108/><T110/><D58/><U39/><E39/><V128/><F128/><W12/><G132/><T84/><D110/><U38/><E38/><V37/><F37/><W112/><G112/><T0/><D65/><U59/><E71/><V23/><F83/><W111/><G111/><T11/><D68/><U126/><E126/><V127/><F127/><W18/><G125/><T21/><D11/><N who="1" m="6591" /><E122/><V63/><F23/><N who="3" m="11687" /><G105/><T9/><D9/><U50/><E123/><V124/><F124/><W25/><G62/><N who="2" m="23561" /><F51/><N who="3" m="27111" /><G24/><T41/><D35/><U34/><E34/><V79/><F79/><W129/><G129/><T52/><D133/><U31/><E60/><V86/><F27/><W82/><G90/><T64/><D134/><U78/><E78/><V73/><F73/><W117/><G117/><T33/><D33/><U15/><E15/><V80/><F22/><W74/><G74/><T36/><D64/><U106/><E106/><V32/><F32/><W48/><G48/><N who="0" m="28695" /><D36/><U118/><E118/><V93/><F14/><W5/><G5/><T56/><D7/><U67/><E67/><RYUUKYOKU ba="2,0" sc="169,-15,519,15,143,-15,169,15" hai1="30,31,50,54,59,85,87,95,99,101" hai3="18,20,25,82,88,97,98" /><INIT seed="1,3,0,0,5,39" ten="154,534,128,184" oya="1" hai0="91,57,23,108,115,126,21,90,72,47,26,70,92" hai1="74,62,19,18,98,105,33,59,2,118,20,79,34" hai2="82,46,44,8,52,63,30,133,12,51,31,58,29" hai3="124,69,13,103,93,122,117,89,64,43,54,5,50"/><U80/><E2/><V7/><F133/><W100/><G122/><T102/><D70/><U83/><E118/><V109/><F109/><W106/><G117/><T114/><D72/><U41/><E83/><V11/><F8/><W25/><G124/><T127/><D108/><U86/><E18/><V45/><REACH who="2" step="1"/><F82/><REACH who="2" ten="154,534,118,184" step="2"/><W40/><G106/><T75/><D126/><U28/><E105/><V0/><F0/><W84/><G93/><T37/><D92/><U135/><E80/><V88/><F88/><W87/><G89/><T110/><D91/><U125/><E135/><V67/><AGARI ba="3,1" hai="7,11,12,29,30,31,44,45,46,51,52,58,63,67" machi="67" ten="30,7900,0" yaku="1,1,0,1,8,1,54,1,53,0" doraHai="39" doraHaiUra="101" who="2" fromWho="2" sc="154,-23,534,-42,118,98,184,-23" /><INIT seed="2,0,0,4,4,55" ten="131,492,216,161" oya="2" hai0="18,87,7,8,125,109,31,39,33,32,126,62,27" hai1="52,6,101,117,100,75,83,35,37,67,17,38,19" hai2="93,41,79,3,13,2,94,99,96,127,34,36,89" hai3="45,60,131,56,49,106,133,119,130,23,5,48,1"/><V111/><F34/><W80/><G119/><T25/><D87/><U9/><E35/><V103/><F127/><W54/><G106/><T95/><D95/><U51/><E67/><V88/><F79/><W132/><G23/><T76/><D76/><U10/><E117/><V50/><F36/><W42/><G80/><T78/><D78/><U47/><E75/><V11/><F103/><W114/><G5/><T14/><D62/><U66/><E66/><V77/><F77/><W129/><G1/><T71/><D71/><U110/><E110/><V118/><F111/><W105/><G105/><T113/><D39/><U26/><E83/><V123/><F123/><W40/><G114/><T85/><D85/><U24/><E47/><AGARI ba="0,0" hai="40,42,45,47,48,49,54,56,60,129,130,131,132,133" machi="47" ten="50,12000,2" yaku="9,1,19,1,34,3,52,1" doraHai="55" who="3" fromWho="1" sc="131,0,492,-120,216,0,161,120" /><INIT seed="3,0,0,5,5,119" ten="131,372,216,281" oya="3" hai0="94,102,44,93,15,36,0,8,112,90,23,113,87" hai1="59,57,24,34,132,118,28,12,51,35,32,2,17" hai2="116,130,88,69,101,41,26,63,86,108,47,67,81" hai3="109,60,103,50,71,127,54,22,43,96,5,49,48"/><W4/><G127/><T13/><D0/><U65/><E65/><V1/><F1/><W111/><G43/><T89/><D102/><U114/><E114/><V133/><F116/><W80/><G80/><T53/><D36/><U30/><E51/><V97/><F133/><W62/><G22/><T117/><D117/><U124/><E118/><V110/><F130/><W20/><G20/><T84/><D44/><U99/><E99/><V76/><F76/><W100/><G54/><T79/><D79/><U83/><E83/><V6/><F6/><N who="3" m="2667" /><G71/><T106/><D23/><N who="1" m="15391" /><E57/><V33/><F26/><W105/><G103/><T21/><D21/><N who="1" m="11431" /><E59/><V40/><F33/><N who="1" m="12905" /><E124/><V91/><F91/><W58/><G58/><T73/><D53/><U61/><E61/><V82/><F82/><W98/><G96/><T9/><D73/><U3/><E132/><V68/><F69/><W29/><G98/><T14/><REACH who="0" step="1"/><D106/><REACH who="0" ten="121,372,216,281" step="2"/><U64/><E64/><V85/><F47/><W78/><G105/><T18/><D18/><U42/><E42/><V129/><F41/><W128/><G100/><T120/><D120/><U126/><E126/><V134/><F40/><W39/><G39/><T123/><D123/><U121/><E121/><V135/><F101/><W131/><G78/><T122/><D122/><U75/><E75/><V16/><F135/><W10/><G131/><T19/><D19/><U56/><E56/><V55/><F16/><W7/><G128/><T52/><D52/><U125/><E125/><V104/><F55/><W74/><G74/><T95/><D95/><U37/><E37/><V46/><F129/><RYUUKYOKU ba="0,1" sc="121,15,372,15,216,-15,281,-15" hai0="8,9,13,14,15,84,87,89,90,93,94,112,113" hai1="2,3,30,35" /><INIT seed="4,1,1,5,5,84" ten="136,387,201,266" oya="0" hai0="16,102,81,111,5,14,42,123,4,50,53,40,72" hai1="23,129,107,92,47,31,127,78,34,112,6,118,38" hai2="104,12,134,15,19,106,73,97,13,70,0,22,44" hai3="128,94,41,45,119,79,29,26,75,11,83,43,90"/><T113/><D123/><U46/><E107/><V49/><F70/><W18/><G119/><T100/><D111/><U28/><E118/><V2/><F73/><W35/><G128/><T124/><D72/><U117/><E117/><V76/><F76/><W17/><G11/><T27/><D81/><U86/><E34/><V51/><F134/><W62/><G62/><T55/><D27/><U105/><E105/><V32/><F32/><W126/><G126/><T91/><D124/><U64/><E127/><V61/><F61/><W54/><G54/><T65/><D65/><U57/><E129/><V115/><F106/><W59/><G59/><T48/><D113/><U130/><E130/><V56/><F56/><W109/><G109/><T87/><D87/><U121/><E121/><V101/><F51/><W93/><G93/><T122/><D122/><U80/><E112/><V135/><F135/><W120/><G120/><T85/><D85/><U69/><E69/><V24/><REACH who="2" step="1"/><F115/><REACH who="2" ten="136,387,191,266" step="2"/><W3/><G79/><T89/><D14/><U103/><E78/><V30/><F30/><W98/><G75/><T10/><D10/><U58/><E31/><V133/><F133/><W110/><G110/><T33/><D33/><U8/><E28/><V60/><F60/><W77/><G77/><T96/><D96/><U25/><E8/><V66/><F66/><W36/><G29/><T67/><D67/><U95/><E64/><V20/><F20/><W74/><G74/><T125/><D125/><U68/><E23/><V63/><F63/><W21/><G35/><T9/><D9/><U7/><E68/><RYUUKYOKU ba="1,2" sc="136,15,387,-15,191,15,266,-15" hai0="4,5,16,40,42,48,50,53,55,89,91,100,102" hai2="0,2,12,13,15,19,22,24,44,49,97,101,104" /><INIT seed="4,2,2,1,3,50" ten="151,372,206,251" oya="0" hai0="32,71,35,54,94,88,79,12,99,113,82,0,96" hai1="59,109,90,74,18,48,63,67,107,120,5,42,26" hai2="100,47,6,22,134,34,93,38,13,75,77,72,23" hai3="132,95,25,68,92,110,117,41,102,84,126,60,66"/><T129/><D0/><U14/><E74/><V118/><F34/><W91/><G110/><T64/><D129/><U112/><E107/><V131/><F75/><W30/><G117/><T57/><D113/><U104/><E104/><V17/><F131/><W65/><G132/><T105/><D64/><U29/><E109/><V133/><F6/><W114/><G114/><T89/><D71/><U62/><E120/><V106/><F106/><W111/><G111/><T76/><D12/><U28/><E5/><V53/><F77/><W33/><G126/><T85/><D79/><U103/><E103/><V39/><F72/><W128/><G66/><T101/><REACH who="0" step="1"/><D76/><REACH who="0" ten="141,372,206,251" step="2"/><U80/><E14/><V40/><F118/><W81/><G128/><T20/><D20/><U27/><E67/><V86/><F23/><W36/><G65/><T3/><D3/><U51/><E112/><V87/><F134/><W69/><G68/><T46/><D46/><U61/><E27/><V98/><F133/><W124/><G69/><T9/><D9/><U4/><E26/><V116/><F116/><W127/><G127/><T31/><D31/><U43/><E29/><V37/><F47/><N who="3" m="23975" /><G124/><T125/><D125/><U44/><E28/><V8/><F22/><W121/><G25/><T16/><D16/><U70/><E18/><V130/><F130/><W11/><G11/><T83/><D83/><U52/><E80/><V7/><F17/><W24/><G81/><T108/><D108/><U1/><E1/><V97/><F8/><W122/><G122/><T78/><D78/><U15/><E15/><V21/><F21/><RYUUKYOKU ba="2,3" sc="141,30,372,-10,206,-10,251,-10" hai0="32,35,54,57,82,85,88,89,94,96,99,101,105" /><INIT seed="4,3,3,3,4,52" ten="171,362,196,241" oya="0" hai0="115,116,120,113,68,28,1,27,81,88,34,96,117" hai1="73,77,70,72,10,57,65,5,33,107,74,93,54" hai2="111,66,119,50,110,76,86,106,122,104,55,22,126" hai3="30,75,78,82,12,127,132,17,62,100,133,101,103"/><T108/><D68/><U42/><E107/><V91/><F122/><W80/><G127/><T134/><D1/><U128/><E33/><V47/><F126/><W118/><G118/><T61/><D120/><U36/><E70/><V51/><F66/><W48/><G30/><T18/><D108/><U13/><E65/><V35/><F35/><W97/><G48/><T39/><D39/><U56/><E77/><V25/><F76/><W67/><G82/><T29/><D29/><U94/><E128/><V0/><F0/><W4/><G4/><T92/><D18/><U84/><E54/><V130/><F130/><W83/><G83/><T23/><D34/><U9/><E10/><V112/><F112/><N who="0" m="43082" /><D134/><N who="3" m="51817" /><G97/><T121/><D121/><U16/><E5/><V45/><F119/><W60/><G67/><T95/><D81/><U59/><REACH who="1" step="1"/><E84/><REACH who="1" ten="171,352,196,241" step="2"/><V43/><F111/><W21/><AGARI ba="3,4" hai="12,17,21,60,62,75,78,80,100,101,103" m="51817" machi="21" ten="30,1100,0" yaku="20,1" doraHai="52" who="3" fromWho="3" sc="171,-8,352,-6,196,-6,241,60" /><INIT seed="5,0,0,2,2,39" ten="163,346,190,301" oya="1" hai0="32,91,29,36,58,7,11,72,111,112,85,55,132" hai1="114,135,24,109,98,9,130,64,57,33,76,124,89" hai2="106,121,79,21,27,40,103,16,87,86,51,42,101" hai3="75,78,35,45,17,107,94,31,19,81,95,37,61"/><U25/><E114/><V71/><F71/><W69/><G107/><T110/><D112/><U15/><E124/><V48/><F106/><W84/><G31/><T66/><D72/><U97/><E130/><V8/><F121/><W73/><G35/><T10/><D66/><U1/><E1/><V6/><F79/><W0/><G0/><T131/><D131/><U92/><E135/><V116/><F116/><W12/><G19/><T28/><D36/><U18/><E109/><V105/><F105/><W77/><G84/><N who="2" m="32297" /><F6/><W102/><G102/><N who="2" m="38921" /><F8/><W30/><G30/><T13/><D132/><U41/><E76/><V133/><F133/><W53/><G78/><T126/><D126/><U68/><E68/><V93/><F93/><W54/><G75/><T128/><D128/><U34/><E98/><V134/><F134/><W49/><G37/><T115/><D115/><U43/><E34/><V50/><AGARI ba="0,0" hai="16,21,27,40,42,48,50,51" m="38921,32297" machi="50" ten="30,7900,0" yaku="8,1,52,2,54,1" doraHai="39" who="2" fromWho="2" sc="163,-20,346,-39,190,79,301,-20" /><INIT seed="6,0,0,1,5,72" ten="143,307,269,281" oya="2" hai0="106,33,21,79,5,59,26,45,126,97,114,120,100" hai1="85,116,108,29,132,95,98,94,56,34,91,3,118" hai2="18,19,55,93,53,24,39,37,107,84,0,70,110" hai3="10,68,64,38,57,36,1,35,122,74,130,88,4"/><V28/><F0/><W125/><G122/><T54/><D120/><U40/><E3/><V76/><F107/><W41/><G74/><T119/><D33/><U7/><E7/><V87/><F70/><W102/><G35/><T133/><D119/><U51/><E108/><V60/><F110/><W14/><G102/><T47/><D5/><U9/><E9/><V16/><F39/><W2/><G68/><T43/><D126/><U49/><E29/><V44/><F37/><W67/><G125/><T80/><D133/><U82/><E34/><V129/><F129/><W123/><G123/><T65/><D65/><U11/><E11/><V61/><F93/><W127/><G130/><T58/><D114/><U81/><E132/><V101/><F101/><W66/><G127/><T12/><D12/><U77/><E56/><N who="2" m="34831" /><F61/><W75/><G75/><T92/><D106/><U112/><E112/><V73/><F73/><W89/><G38/><T113/><D113/><U78/><E40/><V96/><F96/><W86/><G89/><T48/><D58/><U50/><REACH who="1" step="1"/><E95/><REACH who="1" ten="143,297,269,281" step="2"/><V17/><F28/><W117/><G57/><T63/><D47/><U15/><E15/><V99/><F44/><W23/><G2/><T103/><D103/><U31/><E31/><V90/><F24/><W128/><G128/><T115/><D115/><U13/><E13/><V46/><F46/><N who="3" m="23847" /><G1/><T105/><D105/><U6/><E6/><V52/><F19/><W83/><G117/><T22/><REACH who="0" step="1"/><D26/><REACH who="0" ten="133,297,269,281" step="2"/><U62/><E62/><V20/><F20/><W135/><G135/><T109/><D109/><U134/><E134/><RYUUKYOKU ba="0,2" sc="133,10,297,10,269,-30,281,10" hai0="21,22,43,45,48,54,59,63,79,80,92,97,100" hai1="49,50,51,77,78,81,82,85,91,94,98,116,118" hai3="4,10,14,23,64,66,67,83,86,88" /><INIT seed="7,1,2,4,3,97" ten="143,307,239,291" oya="3" hai0="90,43,33,117,9,123,125,11,60,96,75,50,19" hai1="110,24,5,14,35,18,99,133,64,100,115,87,23" hai2="85,20,107,0,81,132,10,93,37,36,59,102,94" hai3="69,105,113,56,108,17,95,109,86,58,68,34,22"/><W1/><G105/><T53/><D33/><U124/><E110/><N who="3" m="42602" /><G1/><T6/><D75/><U128/><E115/><V57/><F132/><W101/><G34/><T49/><D123/><U40/><E133/><V12/><F0/><W44/><G113/><T84/><D117/><U31/><E124/><V55/><F37/><W98/><G86/><T25/><D125/><U116/><E116/><V74/><F36/><W88/><G44/><T135/><D135/><U92/><E128/><V114/><F20/><W52/><G101/><T82/><D43/><U83/><E40/><V112/><F74/><W130/><G130/><T39/><D39/><U77/><E64/><V80/><F114/><W71/><G52/><T15/><D96/><U79/><E5/><V63/><F107/><W46/><G46/><T111/><D111/><U134/><E134/><V91/><F112/><W26/><AGARI ba="1,2" hai="17,22,26,56,58,68,69,71,88,95,98" m="42602" machi="26" ten="40,3900,0" yaku="10,1,54,1" doraHai="97" who="3" fromWho="3" sc="143,-14,307,-14,239,-14,291,62" owari="129,-37.0,293,9.0,225,-17.0,353,45.0" /></mjloggm>