<mjloggm ver="2.3"><GO type="97" lobby="0"/><UN n0="%4B%45%52%4F%47%47" n1="%E3%82%A6%E3%83%AB%E3%83%88%E3%83%A9%E7%AB%8B%E7%9B%B4" n2="%E3%83%87%E3%83%8D%E3%83%9C%E3%83%A9" n3="%E5%B2%A1%E5%9C%9F%E6%88%90%E6%B0%B4" dan="15,15,15,13" rate="2016.23,1998.63,1986.92,1814.56" sx="M,M,M,M"/><TAIKYOKU oya="0"/><INIT seed="0,0,0,5,5,48" ten="250,250,250,250" oya="0" hai0="22,91,33,69,98,16,27,131,81,41,65,18,84" hai1="15,32,0,30,86,25,135,67,94,82,134,128,96" hai2="28,46,52,95,14,9,11,122,119,71,7,108,2" hai3="43,38,40,47,126,44,97,59,113,111,6,70,72"/><T19/><D33/><U26/><E0/><V93/><F122/><W120/><G6/><T31/><D41/><U100/><E128/><V79/><F71/><W124/><G97/><T112/><D112/><U107/><E25/><V75/><F108/><W53/><G72/><T10/><D131/><U3/><E3/><V57/><F46/><W68/><G113/><T1/><D98/><U56/><E15/><V101/><F119/><W29/><G29/><T63/><REACH who="0" step="1"/><D1/><REACH who="0" ten="240,250,250,250" step="2"/><U24/><E32/><V20/><F2/><W102/><G102/><T78/><D78/><U66/><E96/><V37/><F79/><W87/><G87/><T12/><AGARI ba="0,1" hai="10,12,16,18,19,22,27,31,63,65,69,81,84,91" machi="12" ten="30,6000,0" yaku="1,1,0,1,54,1,53,0" doraHai="48" doraHaiUra="73" who="0" fromWho="0" sc="240,70,250,-20,250,-20,250,-20" /><INIT seed="0,1,0,0,4,59" ten="310,230,230,230" oya="0" hai0="48,15,4,49,11,75,76,89,55,7,113,126,50" hai1="34,92,41,43,60,69,10,36,133,56,135,117,130" hai2="35,105,87,85,71,37,45,121,107,99,20,125,118" hai3="128,14,68,104,54,64,12,30,134,44,122,106,103"/><T93/><D113/><U80/><E34/><V19/><F35/><W96/><G122/><T42/><D42/><U57/><E117/><V24/><F121/><W33/><G128/><T91/><D126/><U29/><E29/><V46/><F125/><W23/><G106/><T5/><D75/><U101/><E69/><V111/><F118/><W58/><G134/><N who="1" m="51210" /><E57/><V131/><F131/><W38/><G23/><T70/><D70/><U31/><E31/><V95/><F111/><W83/><G83/><T120/><D120/><U0/><E36/><V123/><F123/><W28/><G28/><T81/><D76/><U18/><E80/><V47/><F71/><W100/><G100/><T40/><D40/><U6/><E18/><V17/><F37/><W1/><G1/><T97/><REACH who="0" step="1"/><D55/><REACH who="0" ten="300,230,230,230" step="2"/><N who="1" m="33823" /><E130/><V127/><F127/><W129/><G129/><T112/><D112/><U90/><E101/><V25/><F107/><W98/><G98/><AGARI ba="1,1" hai="0,6,10,41,43,90,92,98" m="33823,51210" machi="98" ten="30,2000,0" yaku="20,1,52,1" doraHai="59" who="1" fromWho="3" sc="300,0,230,33,230,0,230,-23" /><INIT seed="1,0,0,2,0,42" ten="300,263,230,207" oya="1" hai0="30,2,51,99,110,117,75,22,105,129,100,79,13" hai1="82,55,62,81,132,14,106,91,59,60,43,50,101" hai2="127,12,66,33,121,18,46,118,85,84,130,29,123" hai3="126,20,26,15,53,44,83,107,64,88,25,19,134"/><U40/><E106/><V93/><F118/><W32/><G107/><T34/><D117/><U3/><E101/><V65/><F127/><W124/><G32/><T74/><D2/><U9/><E3/><V103/><F130/><W97/><G64/><T10/><D129/><U131/><E131/><V56/><F29/><W72/><G72/><T133/><D34/><U92/><E132/><V76/><F33/><W87/><G97/><T73/><D133/><U120/><E120/><V125/><F125/><N who="3" m="48235" /><G134/><T69/><D69/><U49/><E49/><AGARI ba="0,0" hai="15,19,20,25,26,44,49,53,83,87,88" m="48235" machi="49" ten="30,3900,0" yaku="18,1,52,1,54,1" doraHai="42" who="3" fromWho="1" sc="300,0,263,-39,230,0,207,39" /><INIT seed="2,0,0,4,3,84" ten="300,224,230,246" oya="2" hai0="49,16,131,25,82,71,98,129,53,134,114,127,39" hai1="133,92,104,99,10,38,72,126,77,55,8,5,31" hai2="107,12,115,90,109,135,94,118,17,41,75,48,116" hai3="63,30,28,59,35,87,113,68,2,6,66,29,60"/><V1/><F115/><W111/><G113/><T73/><D114/><U101/><E10/><V34/><F107/><W47/><G111/><T89/><D39/><U83/><E31/><V122/><F34/><W13/><G87/><N who="0" m="50423" /><D73/><U52/><E126/><V54/><F122/><W9/><G47/><N who="0" m="27839" /><D71/><U78/><E133/><V56/><F1/><W69/><G69/><T79/><D79/><U3/><E78/><V61/><F109/><W20/><G20/><N who="0" m="13447" /><D98/><U33/><E33/><V51/><F75/><W76/><G76/><T26/><D26/><U100/><E100/><V88/><F135/><W7/><G7/><T124/><D134/><U103/><E103/><V81/><F118/><W18/><G35/><T32/><D32/><U23/><E104/><V65/><F116/><W24/><G24/><T27/><D27/><U67/><E38/><V86/><F41/><W40/><G40/><T74/><D74/><U37/><E37/><V11/><F65/><W50/><G50/><T125/><AGARI ba="0,0" hai="124,125,127,129,131" m="13447,27839,50423" machi="125" ten="40,5200,0" yaku="18,1,52,1,54,1" doraHai="84" who="0" fromWho="0" sc="300,52,224,-13,230,-26,246,-13" /><INIT seed="3,0,0,4,4,128" ten="352,211,204,233" oya="3" hai0="133,58,117,132,4,129,35,111,11,10,62,59,50" hai1="44,85,89,22,86,36,90,32,109,96,25,92,12" hai2="103,57,135,65,15,24,64,88,45,21,130,20,14" hai3="43,76,87,126,81,94,63,99,127,56,115,74,97"/><W61/><G43/><T75/><D35/><U112/><E112/><V51/><F130/><W101/><G63/><T13/><D75/><U49/><E36/><V34/><F34/><W55/><G115/><T27/><D129/><U66/><E66/><N who="2" m="25707" /><F135/><N who="0" m="51786" /><D111/><U19/><E109/><V118/><F118/><W104/><REACH who="3" step="1"/><G87/><REACH who="3" ten="352,211,204,223" step="2"/><T37/><D117/><U29/><E90/><AGARI ba="0,1" hai="55,56,61,74,76,81,90,94,97,99,101,104,126,127" machi="90" ten="40,7700,0" yaku="1,1,2,1,53,1" doraHai="128" doraHaiUra="102" who="3" fromWho="1" sc="352,0,211,-77,204,0,223,87" /><INIT seed="3,1,0,1,4,94" ten="352,134,204,310" oya="3" hai0="26,126,97,14,1,42,33,131,23,30,54,122,9" hai1="105,124,119,109,53,88,39,133,55,125,85,19,117" hai2="34,123,37,51,130,66,132,32,115,60,96,21,10" hai3="101,134,36,50,114,111,95,44,13,3,57,70,18"/><W104/><G114/><T35/><D42/><U91/><E39/><V5/><F37/><W25/><G3/><T80/><D80/><U86/><E19/><V56/><F115/><W69/><G111/><T49/><D1/><U61/><E61/><V68/><F130/><W89/><G134/><T40/><D40/><U48/><E48/><V112/><F112/><W52/><G36/><T135/><D122/><U116/><E105/><V106/><F123/><W11/><G25/><T71/><D71/><U22/><E22/><V81/><F132/><W12/><G12/><T129/><D97/><U77/><E133/><V108/><F108/><W64/><G101/><T7/><D126/><U127/><E109/><V83/><F81/><W73/><G104/><T103/><D103/><U121/><E77/><V75/><F68/><W78/><G78/><T82/><D82/><U31/><E31/><V118/><F51/><W79/><G79/><T110/><D135/><U59/><E59/><V92/><F106/><W41/><G73/><T17/><D110/><U27/><E27/><V58/><F58/><W63/><REACH who="3" step="1"/><G41/><REACH who="3" ten="352,134,204,300" step="2"/><T65/><D65/><U76/><E76/><V8/><F66/><W100/><G100/><T47/><D7/><U90/><E121/><V98/><F5/><W120/><G120/><T6/><D6/><U43/><E43/><V29/><F75/><W102/><G102/><T0/><D0/><U16/><E16/><V93/><F29/><W28/><G28/><T15/><D14/><U38/><E38/><V107/><F107/><W67/><G67/><T113/><D113/><RYUUKYOKU ba="1,1" sc="352,10,134,10,204,-30,300,10" hai0="9,15,17,23,26,30,33,35,47,49,54,129,131" hai1="53,55,85,86,88,90,91,116,117,119,124,125,127" hai3="11,13,18,44,50,52,57,63,64,69,70,89,95" /><INIT seed="3,2,1,0,0,76" ten="362,144,174,310" oya="3" hai0="78,103,51,100,57,36,38,98,88,113,46,35,17" hai1="125,9,60,58,61,118,112,48,24,0,59,131,97" hai2="96,7,1,89,124,101,71,28,116,80,49,63,67" hai3="135,16,128,134,19,55,94,104,107,27,40,90,47"/><W34/><G34/><T54/><D35/><U44/><E118/><V4/><F116/><W82/><G82/><T68/><D68/><U99/><E112/><V86/><F124/><W77/><G77/><T20/><D78/><U132/><E125/><V31/><F49/><N who="3" m="26855" /><G128/><T114/><D88/><U26/><E131/><V108/><F108/><W13/><G27/><N who="1" m="10282" /><E0/><V109/><F109/><W69/><G69/><T73/><D73/><U84/><E9/><V81/><F81/><W127/><G127/><T119/><D119/><U3/><E3/><V56/><F71/><W21/><G55/><T52/><D54/><N who="1" m="29959" /><E84/><V39/><F39/><N who="0" m="14890" /><D46/><U6/><E6/><N who="2" m="2091" /><F1/><W83/><G83/><T15/><D98/><N who="1" m="37387" /><E132/><N who="3" m="50730" /><G19/><T95/><D95/><AGARI ba="2,1" hai="28,31,56,63,67,80,86,89,95,96,101" m="2091" machi="95" ten="30,2000,0" yaku="8,1,52,1" doraHai="76" who="2" fromWho="0" sc="362,-26,144,0,174,36,310,0" owari="336,44.0,144,-36.0,210,-19.0,310,11.0" /></mjloggm>