<mjloggm ver="2.3"><GO type="41" lobby="0"/><UN n0="%E3%82%A6%E3%83%AB%E3%83%88%E3%83%A9%E7%AB%8B%E7%9B%B4" n1="%E3%83%90%E3%83%B3%E3%83%96%E3%83%BC%E3%83%A1%E3%83%A2%E3%83%AA%E3%83%BC" n2="%7A%65%6B%75%73%75%6E" n3="%E8%B5%A4%E6%9C%A8%E3%81%97%E3%81%92%E3%82%8B%61%73" dan="16,14,15,15" rate="2027.42,1940.47,1934.58,2069.57" sx="M,M,M,F"/><TAIKYOKU oya="0"/><INIT seed="0,0,0,4,3,83" ten="250,250,250,250" oya="0" hai0="49,35,0,97,53,38,61,58,102,74,51,90,76" hai1="16,64,18,30,62,17,6,129,4,46,84,1,104" hai2="2,120,130,85,89,11,111,33,39,7,3,93,103" hai3="79,133,34,78,68,107,13,75,126,131,45,91,123"/><T124/><D124/><U29/><E104/><V87/><F120/><W15/><G34/><T135/><D135/><U134/><E134/><V94/><F39/><W88/><G126/><T101/><D0/><U112/><E112/><V117/><F117/><W70/><G133/><T100/><D38/><U65/><E129/><V52/><F130/><W14/><G131/><T5/><D5/><U95/><E1/><V77/><F111/><W9/><G107/><T73/><D35/><U48/><E62/><V19/><F33/><W12/><G123/><T114/><D114/><U69/><E69/><V106/><F106/><W36/><G70/><T56/><D76/><U40/><E95/><V108/><F108/><W42/><G68/><T31/><D31/><N who="1" m="11787" /><E84/><V10/><F77/><W122/><G122/><T113/><D113/><U132/><E132/><V99/><F85/><W86/><G91/><T25/><D97/><U116/><E116/><V23/><F10/><W20/><G20/><T127/><D127/><U72/><E72/><V121/><F121/><W82/><REACH who="3" step="1"/><G75/><REACH who="3" ten="250,250,250,240" step="2"/><T63/><D74/><U60/><E60/><V37/><F37/><W26/><G26/><T28/><D73/><U8/><E8/><V24/><REACH who="2" step="1"/><F3/><REACH who="2" ten="250,250,240,240" step="2"/><W96/><G96/><T81/><D28/><U27/><E27/><V98/><F98/><W41/><G41/><T47/><D25/><U50/><E50/><V80/><F80/><W92/><G92/><T67/><D51/><U115/><E115/><V55/><AGARI ba="0,2" hai="2,7,11,19,23,24,52,55,87,89,93,94,99,103" machi="55" ten="30,7900,0" yaku="1,1,0,1,52,1,54,1,53,0" doraHai="83" doraHaiUra="71" who="2" fromWho="2" sc="250,-39,250,-20,240,99,240,-20" /><INIT seed="1,0,0,4,4,112" ten="211,230,339,220" oya="1" hai0="131,87,53,92,6,36,119,78,9,59,45,40,115" hai1="70,130,57,10,125,60,85,30,75,129,134,26,93" hai2="44,90,38,71,39,52,102,91,103,98,80,37,113" hai3="65,2,11,132,86,15,117,58,64,0,104,47,77"/><U54/><E134/><V72/><F71/><W81/><G104/><T83/><D115/><U28/><E75/><V126/><F126/><W5/><G132/><T8/><D131/><N who="1" m="50187" /><E125/><V22/><F113/><W29/><G117/><T63/><D92/><U43/><E43/><V68/><F68/><W16/><G29/><T122/><D122/><U49/><E26/><V128/><F128/><W108/><G108/><T32/><D32/><U19/><E19/><V50/><F72/><W12/><G47/><T127/><D127/><U1/><E10/><V55/><F55/><W106/><G106/><T116/><REACH who="0" step="1"/><D9/><REACH who="0" ten="201,230,339,220" step="2"/><U105/><E105/><V99/><F80/><W18/><G2/><AGARI ba="0,1" hai="2,6,8,36,40,45,53,59,63,78,83,87,116,119" machi="2" ten="30,12000,2" yaku="1,1,2,1,7,1,52,2,53,1" doraHai="112" doraHaiUra="3" who="0" fromWho="3" sc="201,130,230,0,339,0,220,-120" /><INIT seed="2,0,0,2,4,7" ten="331,230,339,100" oya="2" hai0="25,99,46,60,66,70,84,76,68,16,62,21,94" hai1="11,8,49,123,83,79,67,82,27,92,5,117,48" hai2="97,106,113,127,128,39,4,108,29,75,101,32,20" hai3="69,95,129,109,81,63,132,134,44,65,130,34,131"/><V96/><F113/><W52/><G34/><T71/><D46/><U42/><E117/><V10/><F127/><W51/><G81/><T45/><D45/><U1/><E123/><V14/><F128/><W22/><G22/><T118/><D118/><U98/><E67/><V0/><F39/><W33/><G95/><T55/><D84/><U121/><E121/><V64/><F75/><W133/><REACH who="3" step="1"/><G33/><REACH who="3" ten="331,230,339,90" step="2"/><T2/><D76/><U100/><E83/><V12/><F32/><W13/><G13/><T47/><D2/><U102/><E92/><V105/><F105/><W23/><G23/><T43/><D94/><U37/><E82/><V54/><F106/><W103/><G103/><T40/><D21/><U87/><E100/><V9/><F101/><W74/><G74/><T3/><D3/><U36/><E102/><V6/><F29/><W61/><G61/><T104/><D104/><U88/><E1/><V90/><F0/><W30/><G30/><T73/><D73/><U26/><E36/><V122/><F122/><W18/><G18/><T135/><D16/><U15/><E37/><V91/><F20/><W93/><G93/><T89/><D62/><U57/><E15/><V24/><F24/><W120/><G120/><T126/><D25/><U77/><E27/><V31/><F31/><W59/><G59/><T116/><D60/><U115/><E57/><V56/><F56/><W119/><G119/><T17/><D17/><U114/><E26/><V107/><F107/><W28/><G28/><T19/><D116/><U41/><E114/><V38/><F12/><W125/><G125/><RYUUKYOKU ba="0,1" sc="331,-10,230,-10,339,-10,90,30" hai3="44,51,52,63,65,69,109,129,130,131,132,133,134" /><INIT seed="3,1,1,4,0,35" ten="321,220,329,120" oya="3" hai0="4,84,132,85,110,74,97,59,105,40,102,60,11" hai1="96,24,32,57,19,135,45,114,21,23,111,100,39" hai2="93,86,73,92,31,62,41,44,25,119,106,20,46" hai3="126,72,6,51,27,83,36,58,107,104,16,125,128"/><W121/><G121/><T67/><D74/><U28/><E114/><V101/><F119/><W117/><G36/><T37/><D132/><U130/><E135/><V123/><F123/><W42/><G117/><T70/><D110/><U61/><E111/><V3/><F3/><W52/><G6/><T13/><D40/><U109/><E109/><V120/><F120/><W26/><G128/><T89/><D37/><U17/><E130/><V53/><F73/><W22/><G42/><T98/><D70/><U115/><E115/><V71/><F106/><W116/><G27/><T12/><D97/><U90/><E90/><V122/><F122/><W108/><G108/><T10/><D89/><U43/><E32/><V118/><F118/><W66/><G66/><T94/><D105/><U87/><E87/><V49/><F101/><W133/><G133/><T69/><REACH who="0" step="1"/><D69/><REACH who="0" ten="311,220,329,120" step="2"/><U0/><E43/><V1/><F86/><W78/><REACH who="3" step="1"/><G116/><REACH who="3" ten="311,220,329,110" step="2"/><T103/><D103/><U65/><E100/><V95/><F71/><W2/><G2/><T50/><D50/><U38/><E0/><V112/><F1/><W80/><G80/><T15/><D15/><U75/><E39/><V124/><F112/><W99/><G99/><T8/><D8/><U131/><E38/><V64/><F92/><W77/><G77/><T48/><D48/><U79/><E96/><V55/><F93/><W9/><G9/><T113/><D113/><U127/><E79/><V47/><F95/><W129/><G129/><T14/><D14/><U54/><E131/><V29/><F25/><W81/><G81/><T82/><D82/><RYUUKYOKU ba="1,3" sc="311,15,220,-15,329,-15,110,15" hai0="4,10,11,12,13,59,60,67,84,85,94,98,102" hai3="16,22,26,51,52,58,72,78,83,104,107,125,126" /><INIT seed="3,2,3,0,3,90" ten="326,205,314,125" oya="3" hai0="28,21,33,46,59,67,76,5,80,60,6,134,126" hai1="115,25,17,20,85,135,55,81,24,105,52,0,106" hai2="71,70,114,37,112,73,129,4,1,128,132,133,104" hai3="93,102,19,65,107,123,116,3,113,11,118,74,51"/><W41/><G123/><T39/><D33/><U61/><E115/><N who="2" m="44075" /><F37/><W72/><G113/><T18/><D28/><U121/><E121/><V10/><F73/><W109/><G107/><T54/><D39/><U2/><E135/><N who="2" m="51787" /><F104/><W69/><G109/><T57/><D126/><U92/><E92/><V96/><F96/><W84/><G65/><T94/><D46/><U91/><E105/><V16/><F16/><W8/><G69/><AGARI ba="2,3" hai="1,4,10,69,70,71,128,129" m="51787,44075" machi="69" ten="40,2600,0" yaku="20,1,23,1" doraHai="90" who="2" fromWho="3" sc="326,0,205,0,314,62,125,-32" /><INIT seed="4,0,0,4,4,47" ten="326,205,376,93" oya="0" hai0="104,80,46,5,55,34,36,32,42,102,75,73,37" hai1="50,107,70,41,18,113,52,103,84,96,132,43,17" hai2="39,127,69,25,0,119,105,56,112,63,89,13,59" hai3="8,97,85,78,94,27,126,123,116,115,30,40,98"/><T100/><D55/><U81/><E70/><V68/><F119/><W125/><G115/><T121/><D121/><U106/><E113/><V134/><F112/><W2/><G116/><T114/><D114/><U90/><E107/><V20/><F0/><W111/><G123/><T66/><D66/><U53/><E132/><V44/><F105/><W88/><G111/><T58/><D58/><U33/><E33/><V11/><F134/><W29/><G40/><T62/><D62/><U71/><E71/><V131/><F127/><N who="3" m="48651" /><G78/><T24/><D24/><U21/><E18/><V54/><F131/><W135/><G135/><T118/><D118/><U7/><E7/><V15/><F15/><W99/><G27/><T86/><D37/><U101/><E101/><V1/><F1/><W23/><G23/><T76/><D100/><U61/><E61/><V19/><F89/><W31/><G2/><T45/><D102/><U3/><E3/><V82/><F82/><W12/><G99/><T16/><D104/><U38/><E38/><V67/><F44/><W64/><G64/><T79/><D46/><U6/><E6/><AGARI ba="0,0" hai="6,8,12,29,30,31,85,88,94,97,98" m="48651" machi="6" ten="30,2000,0" yaku="18,1,54,1" doraHai="47" who="3" fromWho="1" sc="326,0,205,-20,376,0,93,20" /><INIT seed="5,0,0,0,5,120" ten="326,185,376,113" oya="1" hai0="117,51,116,6,131,16,95,77,39,62,55,21,38" hai1="32,122,64,110,29,108,0,19,23,68,109,44,111" hai2="92,113,106,56,69,10,87,7,114,96,100,72,49" hai3="4,133,12,34,78,102,60,59,105,41,50,124,48"/><U119/><E119/><V99/><F69/><W30/><G124/><T35/><D35/><U97/><E122/><V67/><F72/><W112/><G112/><N who="2" m="43113" /><F87/><W57/><G133/><T93/><D131/><U46/><N who="1" m="28160" /><DORA hai="22" /><U107/><E0/><N who="2" m="359" /><F67/><W128/><G78/><T118/><D77/><U73/><E73/><V61/><F61/><W5/><G128/><T121/><D6/><U75/><E75/><V74/><F74/><W9/><G102/><T85/><D62/><N who="1" m="39959" /><E29/><V43/><F43/><W130/><G105/><T8/><D121/><U76/><E32/><V20/><F20/><W37/><G130/><T91/><D8/><U104/><E76/><V26/><F26/><W3/><G30/><T14/><D95/><U103/><E104/><V81/><F81/><W134/><G34/><T47/><AGARI ba="0,0" hai="14,16,21,38,39,47,51,55,85,91,93,116,117,118" machi="47" ten="30,2000,0" yaku="0,1,54,1" doraHai="120,22" who="0" fromWho="0" sc="326,20,185,-10,376,-5,113,-5" /><INIT seed="6,0,0,2,2,96" ten="346,175,371,108" oya="2" hai0="124,1,19,2,47,75,135,42,72,71,18,36,88" hai1="64,33,34,43,11,83,48,69,30,25,38,10,67" hai2="134,0,6,74,128,132,15,102,51,109,82,66,70" hai3="4,80,27,90,112,41,118,16,120,14,93,91,13"/><V63/><F128/><W8/><G118/><T58/><D124/><U76/><E34/><V125/><F125/><W127/><G120/><T122/><D122/><U20/><E38/><V31/><F31/><W39/><G127/><T59/><D71/><U26/><E69/><V22/><F109/><W101/><G112/><T133/><D36/><U114/><E114/><V94/><F0/><W56/><G39/><T65/><D47/><U5/><E10/><V129/><F129/><W17/><G41/><T104/><D104/><U105/><E105/><V55/><F82/><W113/><G113/><T37/><D37/><U68/><E68/><V61/><F74/><W44/><G44/><T7/><D65/><U121/><E121/><V12/><F63/><W115/><G115/><T29/><D7/><U106/><E106/><V95/><F102/><W117/><G117/><T119/><D29/><U81/><E81/><V89/><F89/><N who="3" m="33803" /><G80/><T107/><D88/><U77/><E77/><V45/><F15/><N who="3" m="5511" /><G56/><T130/><D107/><U35/><E35/><V100/><F70/><W57/><G57/><N who="0" m="21515" /><D42/><U32/><E32/><V86/><F66/><W21/><G17/><N who="0" m="6155" /><D119/><U84/><E33/><V98/><F61/><W103/><G93/><T3/><D130/><U73/><E73/><AGARI ba="0,0" hai="1,2,3,72,73,75,133,135" m="6155,21515" machi="73" ten="40,2600,0" yaku="28,2" doraHai="96" who="0" fromWho="1" sc="346,26,175,-26,371,0,108,0" /><INIT seed="7,0,0,2,3,57" ten="372,149,371,108" oya="3" hai0="39,46,109,41,90,63,97,111,30,67,3,8,11" hai1="51,40,89,42,135,76,82,106,83,92,117,101,48" hai2="93,70,69,127,128,7,36,84,121,60,14,38,47" hai3="53,20,81,16,27,118,32,28,50,31,26,2,79"/><W71/><G118/><T44/><D11/><U64/><E117/><V23/><F121/><W107/><G2/><T77/><D30/><U119/><E119/><V80/><F93/><W52/><G107/><T86/><D97/><U22/><E135/><V24/><F47/><W72/><G71/><T13/><D77/><U10/><E10/><V102/><F102/><W55/><REACH who="3" step="1"/><G31/><REACH who="3" ten="372,149,371,98" step="2"/><T19/><D3/><U123/><E123/><V105/><F70/><W120/><G120/><T17/><D109/><U49/><E106/><V114/><F69/><W100/><G100/><T129/><D111/><U116/><E101/><V91/><F105/><W130/><G130/><T62/><D129/><U113/><E116/><V25/><F128/><W15/><G15/><T68/><D13/><U18/><E113/><V94/><F14/><W59/><AGARI ba="0,1" hai="16,20,26,27,28,32,50,52,53,55,59,72,79,81" machi="59" ten="20,12000,1" yaku="1,1,0,1,7,1,54,2,53,0" doraHai="57" doraHaiUra="35" who="3" fromWho="3" sc="372,-40,149,-40,371,-40,98,130" /><INIT seed="7,1,0,1,0,132" ten="332,109,331,228" oya="3" hai0="49,102,63,81,120,30,114,84,80,97,87,86,5" hai1="131,21,106,91,134,129,12,125,99,34,11,48,116" hai2="124,39,110,65,9,61,44,122,94,32,126,85,56" hai3="79,24,71,13,113,59,108,111,4,47,90,78,42"/><W18/><G71/><T92/><D120/><U7/><E134/><V76/><F110/><N who="3" m="42027" /><G113/><T23/><D114/><U25/><E116/><V43/><F32/><W105/><G105/><T2/><D5/><U123/><E123/><V104/><F104/><W68/><G68/><T20/><D2/><U67/><E67/><V0/><F122/><W46/><G59/><T60/><D49/><U101/><E34/><V50/><F50/><N who="3" m="26967" /><G47/><T31/><D63/><U74/><E74/><V55/><F55/><W96/><G4/><T38/><D60/><U121/><E121/><V52/><F65/><W3/><G3/><T66/><D66/><U100/><E100/><V115/><F115/><W57/><G57/><T16/><D38/><U98/><E48/><V117/><F117/><W119/><G24/><N who="0" m="16647" /><D31/><U95/><REACH who="1" step="1"/><E125/><REACH who="1" ten="332,99,331,228" step="2"/><N who="2" m="48235" /><F0/><W29/><G119/><T40/><D40/><U19/><AGARI ba="1,1" hai="7,11,12,19,21,25,91,95,98,99,101,106,129,131" machi="19" ten="30,2000,0" yaku="1,1,0,1,53,0" doraHai="132" doraHaiUra="26" who="1" fromWho="1" sc="332,-6,99,33,331,-6,228,-11" owari="326,42.0,132,-37.0,325,13.0,217,-18.0" /></mjloggm>