<mjloggm ver="2.3"><GO type="97" lobby="0"/><UN n0="%53%45%41%35%31" n1="%6B%69%79%6F%64%61%69" n2="%63%68%61%63%68%61%70%75" n3="%E3%82%A6%E3%83%AB%E3%83%88%E3%83%A9%E7%AB%8B%E7%9B%B4" dan="15,13,13,15" rate="2000.28,2054.11,1843.24,1982.04" sx="M,M,M,M"/><TAIKYOKU oya="0"/><INIT seed="0,0,0,0,2,121" ten="250,250,250,250" oya="0" hai0="40,107,50,77,51,76,43,57,111,42,135,88,8" hai1="28,110,39,12,120,106,128,114,65,73,130,35,13" hai2="23,0,24,116,44,101,133,103,75,86,62,11,7" hai3="18,98,108,78,33,80,46,124,67,113,119,70,36"/><T2/><D107/><U60/><E39/><V100/><F75/><W71/><G18/><T20/><D135/><U125/><E73/><V112/><F133/><W83/><G98/><T47/><D20/><U32/><E106/><V109/><F112/><W68/><G67/><T6/><D111/><U38/><E38/><V94/><F109/><W132/><G83/><T25/><D25/><U129/><E120/><V45/><F116/><W82/><G82/><T53/><REACH who="0" step="1"/><D88/><REACH who="0" ten="240,250,250,250" step="2"/><U56/><E110/><V19/><REACH who="2" step="1"/><F62/><REACH who="2" ten="240,250,240,250" step="2"/><W115/><G108/><T131/><D131/><U84/><E60/><V85/><F85/><W126/><G115/><T104/><D104/><U66/><E84/><V87/><F87/><W49/><G113/><T21/><D21/><U4/><E114/><V64/><F64/><W9/><G132/><T91/><D91/><AGARI ba="0,2" hai="0,7,11,19,23,24,44,45,86,91,94,100,101,103" machi="91" ten="40,1300,0" yaku="1,1,53,0" doraHai="121" doraHaiUra="30" who="2" fromWho="0" sc="240,-13,250,0,240,33,250,0" /><INIT seed="1,0,0,0,0,62" ten="227,250,273,250" oya="1" hai0="61,120,35,72,98,2,89,18,46,58,102,15,107" hai1="81,40,90,119,54,79,80,78,132,118,112,133,55" hai2="94,135,56,108,36,45,117,38,86,21,1,6,128" hai3="116,127,32,63,106,100,59,4,57,53,28,103,129"/><U110/><E40/><V114/><F117/><W101/><G106/><T8/><D120/><U70/><E70/><V109/><F114/><W29/><G32/><T30/><D72/><U125/><E112/><V50/><F135/><W88/><G116/><T3/><D46/><U0/><E90/><N who="2" m="53591" /><F128/><W52/><G127/><T26/><REACH who="0" step="1"/><D89/><REACH who="0" ten="217,250,273,250" step="2"/><U93/><E125/><V23/><F45/><W39/><G129/><T11/><D11/><U19/><E119/><V71/><F109/><W134/><G134/><T49/><D49/><U104/><E118/><V68/><F50/><N who="3" m="30871" /><G39/><T131/><D131/><U65/><E110/><V10/><F38/><W16/><G4/><T92/><D92/><U130/><E93/><V5/><F36/><W87/><G16/><T73/><D73/><U66/><E130/><V82/><F6/><W7/><G7/><T22/><D22/><U113/><E113/><V9/><F9/><W33/><G33/><T95/><D95/><AGARI ba="0,1" hai="28,29,53,59,63,87,88,95,100,101,103" m="30871" machi="95" ten="30,3900,0" yaku="8,1,54,2" doraHai="62" who="3" fromWho="0" sc="217,-39,250,0,273,0,250,49" /><INIT seed="2,0,0,3,2,9" ten="178,250,273,299" oya="2" hai0="113,15,71,24,122,11,21,115,53,66,94,125,106" hai1="85,99,126,116,102,118,134,124,41,128,47,97,100" hai2="2,129,75,109,49,61,51,13,89,50,27,73,25" hai3="28,117,83,95,98,10,130,5,74,135,119,54,19"/><V92/><F2/><W30/><G74/><T12/><D106/><N who="1" m="63759" /><E47/><V36/><F36/><W35/><G83/><T20/><D66/><U88/><E41/><V64/><F129/><W69/><G69/><T76/><D71/><U81/><E134/><V111/><F27/><W127/><G54/><T38/><D38/><U4/><E4/><V42/><F25/><W123/><G123/><T103/><D122/><U68/><E68/><N who="2" m="41999" /><F42/><W133/><G19/><N who="0" m="12319" /><D113/><U79/><E79/><V72/><F13/><N who="0" m="5194" /><D115/><U59/><E59/><V40/><F40/><W57/><G57/><T114/><D114/><U96/><E96/><V86/><F75/><W39/><G98/><N who="0" m="59863" /><D11/><U60/><E128/><V105/><F105/><W62/><G10/><T65/><D65/><U56/><E118/><V101/><F73/><W67/><G130/><T121/><D121/><U1/><E1/><V84/><F72/><W26/><G119/><T48/><D76/><U44/><E116/><V55/><F101/><W77/><G39/><T14/><N who="0" m="5202" /><T23/><DORA hai="91" /><D125/><U43/><E126/><V93/><F84/><W32/><G127/><T16/><D16/><U6/><E124/><V45/><F86/><W33/><G117/><T8/><D8/><U58/><E85/><V70/><F70/><W37/><G37/><T78/><D78/><U120/><E120/><V104/><F104/><W108/><G77/><T107/><D107/><U90/><E99/><V80/><F45/><AGARI ba="0,0" hai="21,23,45,48,53" m="59863,5202,12319" machi="45" ten="30,12000,2" yaku="8,1,52,5" doraHai="9,91" who="0" fromWho="2" sc="178,120,250,0,273,-120,299,0" /><INIT seed="3,0,0,4,5,45" ten="298,250,153,299" oya="3" hai0="58,84,52,48,18,37,12,82,79,27,83,72,80" hai1="125,95,105,30,89,111,90,67,135,54,16,32,76" hai2="109,43,93,70,75,126,133,41,19,123,119,99,121" hai3="60,7,3,107,14,94,59,47,115,106,31,15,128"/><W57/><G115/><T96/><D37/><U81/><E105/><V127/><F75/><W122/><G3/><T0/><D0/><U53/><E111/><V49/><F70/><W98/><G122/><N who="2" m="46601" /><F119/><W51/><G128/><T73/><D73/><U78/><E125/><N who="2" m="47627" /><F109/><W25/><G106/><T20/><D72/><U1/><E1/><V134/><F19/><W39/><G39/><T71/><D71/><U108/><E108/><V42/><F99/><W13/><G107/><T116/><D116/><U38/><E38/><V104/><F104/><W130/><G130/><T64/><D64/><U8/><E67/><V112/><F93/><W55/><G60/><T21/><D96/><U61/><E135/><N who="2" m="51723" /><F112/><W29/><G7/><T91/><D79/><U74/><E78/><V118/><F118/><W87/><G87/><T6/><D6/><U24/><E76/><V69/><F69/><W131/><G94/><T10/><D10/><U102/><E8/><V101/><F101/><W132/><G98/><T65/><D83/><U46/><E81/><V114/><F114/><W40/><G132/><T17/><D80/><U117/><E74/><V97/><F97/><W92/><G92/><T35/><D82/><U103/><E102/><V50/><AGARI ba="0,0" hai="41,42,43,49,50" m="51723,47627,46601" machi="50" ten="40,16000,3" yaku="28,2,13,1,18,1,20,1,34,2,52,2" doraHai="45" who="2" fromWho="2" sc="298,-40,250,-40,153,160,299,-80" owari="258,6.0,210,-29.0,313,41.0,219,-18.0" /></mjloggm>