<mjloggm ver="2.3"><GO type="97" lobby="0"/><UN n0="%E3%82%A6%E3%83%AB%E3%83%88%E3%83%A9%E7%AB%8B%E7%9B%B4" n1="%E5%A0%80%E5%AE%AE%E5%90%9B" n2="%E3%81%A8%E3%81%8D%E3%81%95%E3%81%8B%E3%82%82" n3="%73%68%65%6E%6C%65%65" dan="15,14,14,14" rate="1979.62,2001.39,1902.69,1854.08" sx="M,F,M,M"/><TAIKYOKU oya="0"/><INIT seed="0,0,0,0,0,78" ten="250,250,250,250" oya="0" hai0="126,98,12,31,41,37,6,13,46,113,119,114,73" hai1="111,95,91,81,40,116,29,93,33,0,28,58,8" hai2="120,127,115,124,53,107,134,16,117,121,44,77,23" hai3="15,97,39,7,22,19,109,56,24,132,66,70,68"/><T20/><D119/><U103/><E116/><V69/><F117/><W89/><G109/><T80/><D126/><N who="2" m="48170" /><F107/><W57/><G132/><T110/><D110/><U87/><E111/><V130/><F69/><W67/><G39/><T32/><D32/><U5/><E40/><V50/><F115/><W36/><G36/><T45/><D45/><U76/><E103/><V112/><F112/><W90/><G70/><T10/><D98/><U106/><E106/><V43/><F134/><W84/><G68/><T129/><D129/><U125/><E125/><V71/><F71/><W9/><G97/><T42/><D42/><U82/><E33/><V3/><F3/><W122/><G122/><T4/><D31/><U123/><E123/><V86/><F130/><W118/><G118/><T26/><D26/><U92/><REACH who="1" step="1"/><E58/><REACH who="1" ten="250,240,250,250" step="2"/><N who="3" m="22634" /><G90/><T55/><D114/><U49/><E49/><V52/><F121/><W2/><G2/><T60/><D113/><U105/><E105/><V96/><F120/><W54/><G54/><T75/><D55/><U61/><E61/><V74/><F53/><W128/><G128/><T102/><D60/><U51/><E51/><V21/><F52/><W94/><AGARI ba="0,1" hai="7,9,15,19,22,24,66,67,84,89,94" m="22634" machi="94" ten="30,1100,0" yaku="8,1" doraHai="78" who="3" fromWho="3" sc="250,-5,240,-3,250,-3,250,21" /><INIT seed="1,0,0,3,0,89" ten="245,237,247,271" oya="1" hai0="56,12,4,69,87,104,63,98,94,46,22,122,128" hai1="7,39,47,101,81,113,18,78,26,43,79,111,108" hai2="2,9,96,119,15,90,106,20,24,88,112,10,70" hai3="126,107,124,133,125,93,73,29,85,121,3,91,32"/><U74/><E113/><V31/><F70/><W110/><G3/><T49/><D69/><U118/><E118/><V76/><F119/><W86/><G32/><T130/><D122/><U58/><E101/><V21/><F76/><W28/><G28/><T41/><D104/><U77/><E7/><V71/><F71/><W84/><G29/><T33/><D33/><U13/><E26/><V131/><F106/><W80/><G121/><T42/><D87/><U114/><E58/><V53/><F112/><W83/><G133/><T17/><D4/><U37/><E37/><V97/><F2/><W55/><G55/><T62/><D42/><U5/><E5/><V105/><F105/><W100/><G110/><N who="1" m="42026" /><E114/><V51/><F21/><AGARI ba="0,0" hai="13,18,21,39,43,47,74,77,78,79,81" m="42026" machi="21" ten="30,2900,0" yaku="14,1,10,1" doraHai="89" who="1" fromWho="2" sc="245,0,237,29,247,-29,271,0" /><INIT seed="1,1,0,5,0,67" ten="245,266,218,271" oya="1" hai0="109,49,60,116,80,30,133,78,125,11,2,86,100" hai1="95,63,24,112,42,68,16,128,114,54,7,29,134" hai2="56,102,121,113,77,85,79,43,5,48,106,131,93" hai3="36,72,26,55,75,107,58,127,53,117,123,84,31"/><U81/><E42/><V59/><F106/><W122/><G117/><T90/><D116/><U99/><E134/><V111/><F121/><W96/><G127/><T88/><D125/><U120/><E120/><V130/><F113/><W14/><G36/><T8/><D133/><U13/><E7/><V69/><F69/><W66/><G123/><T47/><D109/><U91/><E128/><N who="2" m="49195" /><F111/><W21/><G122/><T9/><D2/><U51/><E81/><V15/><F79/><W104/><G75/><T18/><D30/><U44/><E63/><V119/><F119/><W46/><G72/><T41/><D100/><U101/><E68/><V118/><F118/><W92/><G84/><T45/><D18/><U1/><E1/><V64/><F64/><W135/><G135/><T23/><D23/><U32/><REACH who="1" step="1"/><E101/><REACH who="1" ten="245,256,218,271" step="2"/><V65/><F102/><W74/><G107/><T70/><D70/><U3/><E3/><V73/><F5/><W33/><G104/><T27/><D60/><U4/><E4/><V124/><F124/><W108/><G108/><T20/><D41/><U61/><E61/><V126/><F126/><W76/><G66/><T105/><D105/><U25/><E25/><V103/><F65/><W37/><G26/><T0/><D0/><U71/><E71/><V35/><F103/><W39/><G39/><T132/><D132/><U22/><AGARI ba="1,1" hai="13,16,22,24,29,32,44,51,54,91,95,99,112,114" machi="22" ten="20,12000,1" yaku="1,1,0,1,7,1,54,1,53,1" doraHai="67" doraHaiUra="17" who="1" fromWho="1" sc="245,-41,256,133,218,-41,271,-41" /><INIT seed="1,2,0,3,5,25" ten="204,389,177,230" oya="1" hai0="69,16,8,15,2,100,26,43,122,24,21,28,29" hai1="76,73,11,42,128,95,135,54,17,34,41,20,92" hai2="56,74,72,116,88,47,36,110,91,134,84,35,52" hai3="14,103,61,82,77,3,123,86,23,50,10,1,68"/><U70/><E70/><V0/><F0/><W4/><G123/><T59/><D69/><U75/><E34/><V66/><F35/><W97/><G23/><N who="0" m="15455" /><D122/><U117/><E117/><V114/><F116/><W57/><G68/><T55/><D2/><U78/><E11/><V30/><F91/><W45/><G45/><T65/><D43/><U6/><E6/><V111/><F66/><W85/><G85/><T13/><D100/><U37/><E135/><V12/><F134/><W49/><G3/><T5/><D65/><U107/><E107/><V19/><F30/><W131/><G131/><T38/><D38/><U98/><E98/><V44/><F36/><W83/><G83/><T22/><D59/><U99/><E99/><V7/><F7/><W31/><G31/><T108/><D55/><U63/><E37/><V96/><F96/><W121/><G1/><T120/><D120/><U105/><E105/><V40/><F40/><W32/><G32/><N who="0" m="20519" /><D108/><N who="2" m="41514" /><F114/><W87/><G87/><T101/><D101/><U48/><E73/><V109/><N who="2" m="41522" /><V71/><DORA hai="51" /><F71/><W18/><G4/><T67/><D67/><U132/><E75/><V127/><F74/><W118/><G118/><T94/><D94/><U106/><E106/><V58/><F72/><W39/><G39/><T129/><D129/><U133/><E132/><V93/><F58/><W119/><G119/><T102/><D102/><U62/><E133/><V46/><F56/><W113/><G113/><T126/><D126/><U90/><E128/><V9/><F127/><W104/><G121/><T27/><D27/><U60/><E42/><RYUUKYOKU ba="2,0" sc="204,10,389,-30,177,10,230,10" hai0="5,8,13,15,16,21,22" hai2="9,12,19,44,46,47,52,84,88,93" hai3="10,14,18,49,50,57,61,77,82,86,97,103,104" /><INIT seed="2,3,0,2,3,92" ten="214,359,187,240" oya="2" hai0="55,46,44,97,75,10,87,18,94,77,30,131,21" hai1="83,85,90,63,22,72,135,68,60,89,29,56,119" hai2="54,86,74,104,38,122,134,98,13,5,114,11,52" hai3="132,71,113,27,59,2,84,42,49,19,99,31,129"/><V93/><F104/><W34/><G132/><T43/><D75/><U37/><E72/><V109/><F74/><W73/><G129/><T121/><D121/><U117/><E135/><V101/><F38/><W26/><G113/><T133/><D131/><U24/><E37/><V81/><F114/><W12/><G73/><T45/><D133/><U28/><E68/><V47/><F122/><W33/><G71/><T17/><D43/><U120/><E120/><V58/><F134/><W0/><G99/><T8/><D55/><U108/><E108/><V82/><F109/><W124/><G84/><T39/><D39/><U76/><E60/><N who="2" m="35911" /><F86/><W110/><G42/><T23/><D87/><U15/><E29/><V91/><F101/><W4/><G49/><AGARI ba="3,0" hai="5,11,13,47,49,54,81,82,91,93,98" m="35911" machi="49" ten="30,5800,0" yaku="8,1,52,1,54,1" doraHai="92" who="2" fromWho="3" sc="214,0,359,0,187,67,240,-67" /><INIT seed="2,4,0,0,1,14" ten="214,359,254,173" oya="2" hai0="74,80,88,68,29,60,4,32,6,118,40,0,22" hai1="81,3,117,126,132,122,83,134,72,50,116,46,9" hai2="100,101,10,102,21,44,49,98,84,47,76,99,107" hai3="16,7,131,38,18,5,31,130,77,85,120,37,62"/><V42/><F47/><W93/><G120/><T51/><D32/><U58/><E122/><V41/><F10/><W79/><G31/><T36/><D118/><U55/><E126/><V19/><F42/><W129/><G62/><T89/><D36/><N who="3" m="13929" /><G85/><T112/><D112/><U57/><E3/><V103/><F107/><W111/><G93/><T24/><D0/><U119/><E9/><V66/><F66/><W8/><G111/><T39/><D39/><U28/><E28/><V135/><F135/><N who="1" m="51753" /><E72/><V26/><N who="2" m="26112" /><DORA hai="109" /><V71/><F71/><W11/><G11/><T67/><D74/><U127/><E127/><V12/><F26/><W23/><G23/><T91/><REACH who="0" step="1"/><D80/><AGARI ba="4,0" hai="46,50,55,57,58,80,81,83,116,117,119" m="51753" machi="80" ten="40,1300,0" yaku="20,1" doraHai="14,109" who="1" fromWho="0" sc="214,-25,359,25,254,0,173,0" /><AGARI ba="4,0" hai="12,19,21,41,44,49,76,80,84,98,99" m="26112" machi="80" ten="50,4800,0" yaku="8,1,52,1" doraHai="14,109" who="2" fromWho="0" sc="189,-48,384,0,254,48,173,0" /><INIT seed="2,5,0,3,3,121" ten="141,384,302,173" oya="2" hai0="134,67,120,83,109,135,39,0,61,55,78,18,73" hai1="5,33,48,45,131,118,52,101,96,124,44,72,71" hai2="86,60,93,43,92,69,100,111,26,94,9,3,10" hai3="119,16,129,97,42,51,64,31,113,123,81,98,24"/><V66/><F43/><W50/><G123/><T125/><D0/><U85/><E72/><V46/><F46/><W59/><G119/><T91/><D120/><U38/><E118/><V32/><F3/><W7/><G129/><T126/><D39/><U116/><E116/><V40/><F40/><W115/><G7/><T70/><D55/><U65/><E124/><N who="0" m="47721" /><D91/><U77/><E131/><V2/><F2/><W8/><G81/><T58/><D58/><U104/><E33/><V49/><F49/><W27/><G42/><T56/><D56/><U128/><E128/><V20/><F32/><W41/><G41/><T79/><D18/><U87/><E5/><V21/><F86/><W74/><G74/><T130/><D79/><U68/><E38/><V82/><F82/><W54/><G50/><T110/><D130/><U30/><E30/><V103/><F21/><W15/><G64/><T36/><D36/><U99/><E99/><N who="3" m="37898" /><G31/><T6/><D6/><U29/><E29/><V35/><F35/><W47/><G47/><T114/><D114/><AGARI ba="5,0" hai="8,15,16,24,27,51,54,59,113,114,115" m="37898" machi="114" ten="30,2000,0" yaku="11,1,54,1" doraHai="121" who="3" fromWho="0" sc="141,-35,384,0,302,0,173,35" /><INIT seed="3,0,0,2,3,35" ten="106,384,302,208" oya="3" hai0="14,43,6,59,134,12,4,10,95,93,130,40,69" hai1="117,84,11,56,67,105,110,26,90,20,60,82,31" hai2="103,85,51,55,100,27,18,107,106,81,87,119,37" hai3="53,22,3,99,79,32,98,1,83,47,125,2,13"/><W46/><G32/><T92/><D69/><U68/><E105/><V34/><F37/><W5/><G125/><T89/><D130/><U15/><E117/><V71/><F71/><W75/><G53/><T111/><D111/><U65/><E110/><V57/><F107/><W63/><G63/><T104/><D104/><U77/><E68/><V126/><F126/><W44/><REACH who="3" step="1"/><G22/><REACH who="3" ten="106,384,302,198" step="2"/><T21/><D134/><U108/><E108/><V101/><F34/><W29/><G29/><T76/><D76/><U7/><E67/><V102/><F119/><W97/><G97/><T135/><D135/><U121/><E121/><V122/><F122/><W54/><G54/><T58/><D89/><AGARI ba="0,1" hai="7,11,15,20,26,31,56,60,65,77,82,84,89,90" machi="89" ten="40,1300,0" yaku="8,1" doraHai="35" who="1" fromWho="0" sc="106,-13,384,23,302,0,198,0" owari="93,-41.0,407,51.0,302,10.0,198,-20.0" /></mjloggm>