<mjloggm ver="2.3"><GO type="97" lobby="0"/><UN n0="%E6%9C%88%E3%81%AE%E6%B0%91" n1="%E2%98%86%EF%BC%B9%EF%BC%AB%E2%98%86" n2="%E3%82%A6%E3%83%AB%E3%83%88%E3%83%A9%E7%AB%8B%E7%9B%B4" n3="%6E%61%6F%6E%6F%72%69" dan="13,13,15,14" rate="1801.91,1847.68,1960.36,1897.21" sx="M,M,M,M"/><TAIKYOKU oya="0"/><INIT seed="0,0,0,4,1,126" ten="250,250,250,250" oya="0" hai0="115,102,85,101,29,130,68,74,109,118,30,128,15" hai1="27,121,26,135,18,49,86,65,64,99,0,122,24" hai2="1,28,59,71,90,131,55,54,78,14,79,7,66" hai3="124,13,98,76,25,19,4,40,5,107,36,87,70"/><T100/><D74/><U88/><E0/><V111/><F1/><W113/><G70/><T6/><D115/><U32/><E135/><V117/><F71/><W104/><G113/><T80/><D118/><U62/><E99/><V16/><F7/><W44/><G124/><T60/><D109/><U69/><E49/><V41/><F41/><W83/><G25/><T95/><D95/><U22/><E65/><V46/><F66/><W42/><G42/><T67/><D15/><U61/><E61/><V96/><F28/><W2/><G2/><T53/><D6/><U8/><E8/><V35/><F35/><W11/><G107/><T129/><D53/><U94/><REACH who="1" step="1"/><E32/><REACH who="1" ten="250,240,250,250" step="2"/><V105/><F96/><W82/><G98/><T112/><D112/><U63/><E63/><V17/><F55/><W134/><G134/><T9/><D9/><U45/><E45/><V92/><F54/><W50/><G36/><T77/><AGARI ba="0,1" hai="29,30,60,67,68,77,80,85,100,101,102,128,129,130" machi="77" ten="40,12000,1" yaku="0,1,19,1,52,3" doraHai="126" who="0" fromWho="0" sc="250,130,240,-40,250,-40,250,-40" /><INIT seed="0,1,0,3,2,38" ten="380,200,210,210" oya="0" hai0="22,114,124,74,82,71,104,129,28,76,96,131,26" hai1="59,83,20,92,35,94,116,99,10,68,21,69,81" hai2="126,85,48,53,31,77,101,111,57,93,4,91,98" hai3="60,34,95,127,13,117,39,97,8,89,54,125,103"/><T88/><D114/><U19/><E116/><V24/><F126/><N who="3" m="48139" /><G117/><T110/><D124/><U55/><E35/><V1/><F111/><W15/><G34/><T64/><D110/><U106/><E106/><V51/><F77/><W9/><G39/><T18/><D104/><U62/><E10/><N who="3" m="4202" /><G103/><T16/><D64/><U47/><E47/><V58/><F1/><W90/><G90/><T112/><D71/><U84/><E21/><V7/><F57/><AGARI ba="1,0" hai="13,15,54,57,60,89,95,97" m="4202,48139" machi="57" ten="30,1000,0" yaku="18,1" doraHai="38" who="3" fromWho="2" sc="380,0,200,0,210,-13,210,13" /><INIT seed="1,0,0,4,1,118" ten="380,200,197,223" oya="1" hai0="36,126,0,35,59,124,134,34,123,26,15,89,75" hai1="17,10,2,113,38,5,45,66,95,52,119,105,28" hai2="114,61,13,81,115,135,65,129,111,62,121,80,78" hai3="21,99,133,86,109,56,12,130,31,29,42,51,82"/><U122/><E122/><V16/><F111/><W63/><G109/><T74/><D0/><U96/><E119/><V43/><F43/><W25/><G130/><T46/><D134/><U76/><E113/><N who="2" m="43019" /><F135/><W94/><G133/><T7/><D123/><U4/><E105/><V67/><F129/><W44/><G12/><T117/><D117/><U102/><E28/><V104/><F104/><W97/><G31/><N who="0" m="19831" /><D35/><U98/><E96/><V125/><F125/><N who="0" m="48234" /><D59/><U106/><E106/><V47/><F47/><W85/><G82/><N who="2" m="31849" /><F78/><W88/><REACH who="3" step="1"/><G99/><REACH who="3" ten="380,200,197,213" step="2"/><T72/><D15/><U93/><E2/><V50/><F121/><W54/><AGARI ba="0,1" hai="21,25,29,42,44,51,54,56,63,85,86,88,94,97" machi="54" ten="20,12000,2" yaku="1,1,2,1,0,1,7,1,8,1,54,1,53,0" doraHai="118" doraHaiUra="71" who="3" fromWho="3" sc="380,-30,200,-60,197,-30,213,130" /><INIT seed="2,0,0,1,4,23" ten="350,140,167,343" oya="2" hai0="54,39,7,51,20,111,8,55,85,44,1,27,72" hai1="33,6,11,116,47,125,10,36,64,121,43,48,37" hai2="119,62,22,96,61,117,31,68,134,77,112,19,79" hai3="67,100,90,80,88,89,14,95,35,41,123,109,52"/><V38/><F38/><W107/><G123/><T82/><D72/><U18/><E116/><V97/><F112/><W122/><G122/><T74/><D74/><U59/><E121/><V0/><F31/><W103/><G107/><T105/><D105/><U21/><E125/><V73/><F22/><W114/><G114/><T63/><D39/><U40/><E33/><V56/><F73/><W93/><G35/><T3/><D111/><U32/><E32/><V58/><F19/><W115/><G115/><T110/><D110/><U128/><E128/><V13/><F13/><W83/><G109/><T57/><D3/><U60/><E6/><V24/><F68/><W133/><G133/><T53/><D82/><N who="3" m="31273" /><G41/><T5/><D85/><U99/><E99/><V120/><F120/><W4/><G67/><T106/><D106/><U86/><E86/><V12/><F12/><W75/><G75/><T87/><D87/><U9/><REACH who="1" step="1"/><E43/><REACH who="1" ten="350,130,167,343" step="2"/><V92/><F117/><W81/><G4/><T101/><D7/><U131/><E131/><V94/><F119/><W76/><G76/><T102/><D1/><U104/><E104/><V78/><F0/><W127/><G127/><T98/><D5/><U124/><E124/><V113/><F113/><W26/><G81/><T50/><D98/><U45/><E45/><V65/><F134/><W91/><G95/><T118/><D118/><U42/><E42/><V17/><F94/><W46/><G93/><T69/><D44/><U129/><E129/><V70/><F92/><W132/><G132/><T84/><D84/><U25/><AGARI ba="0,1" hai="9,10,11,18,21,25,36,37,40,47,48,59,60,64" machi="25" ten="30,4000,0" yaku="1,1,0,1,52,1,53,0" doraHai="23" doraHaiUra="135" who="1" fromWho="1" sc="350,-10,130,50,167,-20,343,-10" /><INIT seed="3,0,0,3,1,55" ten="340,180,147,333" oya="3" hai0="23,9,58,15,12,70,65,120,97,116,74,28,75" hai1="114,100,67,115,106,127,38,11,44,118,17,94,35" hai2="59,56,30,25,22,66,29,79,110,13,46,21,91" hai3="113,125,54,76,71,57,101,119,85,31,52,73,32"/><W134/><G113/><T132/><D116/><U2/><E35/><V37/><F66/><W10/><G119/><T78/><D120/><U95/><E118/><V83/><F110/><W131/><G71/><T111/><D70/><U107/><E67/><V102/><F102/><W121/><G121/><T53/><D111/><U63/><E63/><V89/><F46/><W24/><G73/><T6/><D65/><U16/><E2/><V96/><F37/><W93/><G125/><T45/><D45/><U41/><E127/><V0/><F0/><W7/><G131/><T47/><D47/><U90/><E95/><N who="2" m="56431" /><F79/><W128/><G128/><T36/><D36/><U62/><E62/><V5/><F30/><W103/><G134/><T109/><D132/><U72/><E72/><V1/><F1/><W86/><G54/><T26/><D78/><U8/><E107/><V122/><F122/><W69/><G69/><T99/><D109/><U4/><E100/><N who="3" m="38474" /><G76/><T81/><D75/><U33/><E106/><V43/><F43/><W117/><G93/><T77/><D15/><U18/><E33/><V87/><F21/><N who="3" m="15759" /><G117/><T124/><D124/><U20/><E20/><V40/><F40/><W126/><G32/><T27/><D27/><U39/><E39/><V48/><F48/><AGARI ba="0,0" hai="6,9,12,23,26,28,48,53,58,74,77,81,97,99" machi="48" ten="30,2000,0" yaku="7,1,52,1" doraHai="55" who="0" fromWho="2" sc="340,20,180,0,147,-20,333,0" owari="360,46.0,180,-22.0,127,-37.0,333,13.0" /></mjloggm>