<mjloggm ver="2.3"><GO type="97" lobby="0"/><UN n0="%EF%BC%95%EF%BC%91%EF%BC%85" n1="%E7%8E%8B%E5%BA%9C%E4%B8%BC" n2="%E3%82%A6%E3%83%AB%E3%83%88%E3%83%A9%E7%AB%8B%E7%9B%B4" n3="%E9%88%B4%E6%9C%A8%E5%8D%83%E7%A7%8B" dan="14,13,15,13" rate="1932.17,1868.77,2029.01,1858.03" sx="M,M,M,F"/><TAIKYOKU oya="0"/><INIT seed="0,0,0,0,4,3" ten="250,250,250,250" oya="0" hai0="135,122,5,22,24,100,43,20,82,73,12,113,85" hai1="7,114,4,31,36,2,130,99,66,46,57,104,65" hai2="126,101,87,63,116,32,97,93,41,30,134,129,98" hai3="18,111,69,107,28,58,133,13,119,29,60,55,40"/><T48/><D113/><U27/><E2/><V106/><F30/><W38/><G119/><T68/><D122/><U91/><E114/><V86/><F32/><W61/><G107/><T121/><D68/><U94/><E104/><V1/><F1/><W132/><G111/><T59/><D73/><U50/><E36/><V23/><F23/><W45/><G61/><T16/><D121/><U84/><E130/><V54/><F41/><W96/><G69/><T105/><D105/><U62/><E66/><V35/><F54/><W115/><G96/><T120/><D100/><U118/><E118/><V90/><F63/><W89/><G89/><T34/><D135/><N who="3" m="51785" /><G115/><T9/><D34/><U109/><E109/><V42/><F35/><W53/><G53/><N who="0" m="32167" /><D22/><AGARI ba="0,0" hai="13,18,22,28,29,38,40,45,55,58,60" m="51785" machi="22" ten="30,1000,0" yaku="20,1" doraHai="3" who="3" fromWho="0" sc="250,-10,250,0,250,0,250,10" /><INIT seed="1,0,0,1,2,121" ten="240,250,250,260" oya="1" hai0="115,126,21,20,16,93,99,105,3,124,50,63,68" hai1="57,94,78,84,58,119,86,22,0,44,112,59,96" hai2="130,79,32,118,8,103,17,47,6,72,133,90,111" hai3="74,66,30,36,27,76,61,135,53,10,18,80,25"/><U52/><E112/><V51/><F118/><W73/><G36/><T108/><D105/><U106/><E119/><V100/><F32/><W29/><G135/><T107/><D3/><U43/><E0/><V46/><F133/><W88/><G53/><T15/><D107/><U120/><E120/><V110/><F79/><W12/><G74/><T127/><D115/><U55/><E106/><V89/><F17/><W9/><G9/><T31/><D68/><U14/><E78/><V26/><F26/><W131/><G131/><T75/><D75/><U24/><E14/><N who="2" m="5399" /><F72/><W109/><G25/><N who="0" m="16807" /><D63/><U33/><E33/><V128/><F100/><W41/><G41/><T42/><D108/><N who="2" m="41514" /><F103/><W102/><G109/><T64/><D64/><U28/><E43/><N who="2" m="25055" /><F47/><W60/><G102/><N who="0" m="60783" /><D42/><U98/><E44/><V129/><AGARI ba="0,0" hai="89,90,128,129,130" m="25055,41514,5399" machi="129" ten="40,8000,1" yaku="19,1,14,1,52,3" doraHai="121" who="2" fromWho="2" sc="240,-20,250,-40,250,80,260,-20" /><INIT seed="2,0,0,1,0,108" ten="220,210,330,240" oya="2" hai0="45,96,21,78,80,51,60,46,111,126,130,20,125" hai1="2,36,71,23,72,107,76,85,47,116,124,123,104" hai2="0,40,64,83,56,37,14,12,32,102,86,50,79" hai3="8,100,68,18,101,57,92,82,31,48,94,19,105"/><V122/><F32/><W22/><G68/><T43/><D111/><U39/><E85/><V65/><F0/><W5/><G31/><T97/><D130/><U95/><E95/><N who="3" m="36394" /><G82/><T42/><D60/><U109/><E23/><N who="0" m="8777" /><D80/><U55/><E76/><V3/><F3/><W114/><G105/><T73/><D73/><U1/><E55/><V99/><F37/><W63/><G48/><T70/><D78/><U49/><E49/><V61/><F65/><N who="3" m="39151" /><G5/><T77/><D70/><U9/><E47/><N who="0" m="17929" /><D51/><U89/><E89/><V38/><F38/><W118/><G118/><T113/><D77/><U90/><E90/><V74/><F74/><W24/><G114/><T133/><D113/><U81/><E81/><V54/><F40/><N who="0" m="15402" /><D133/><U75/><E75/><V91/><F79/><W120/><G120/><T112/><D112/><U131/><E104/><V4/><F122/><W44/><G44/><T84/><D84/><U121/><E36/><V103/><F61/><W15/><AGARI ba="0,0" hai="8,15,18,19,22,24,100,101" m="39151,36394" machi="15" ten="30,1100,0" yaku="8,1" doraHai="108" who="3" fromWho="3" sc="220,-3,210,-3,330,-5,240,11" /><INIT seed="3,0,0,4,0,33" ten="217,207,325,251" oya="3" hai0="98,63,82,118,56,107,67,96,35,95,34,64,15" hai1="27,43,91,108,85,3,26,123,112,57,66,100,0" hai2="74,41,104,42,62,61,122,75,79,133,10,129,111" hai3="14,28,131,58,32,49,127,5,13,11,110,21,76"/><W51/><G131/><T19/><D118/><U8/><E123/><V16/><F104/><W88/><G127/><T101/><D82/><U134/><E112/><V24/><F111/><W135/><G110/><T37/><D37/><U102/><E108/><V54/><F133/><W50/><G135/><T128/><D128/><U39/><E134/><V120/><F129/><W30/><G76/><T80/><D80/><U7/><E3/><V114/><F114/><W105/><G105/><T2/><D2/><U83/><E39/><V119/><F119/><W38/><G38/><T55/><D55/><U124/><E124/><V71/><F71/><W97/><G32/><T117/><D67/><U86/><E43/><V68/><F68/><W89/><G58/><T99/><D96/><U116/><E116/><V4/><F79/><W53/><G53/><T17/><D19/><U81/><E102/><V78/><F78/><W94/><G89/><T109/><D109/><U18/><E100/><V65/><F65/><W70/><G70/><T113/><D113/><U45/><E45/><V20/><F54/><W72/><G72/><T77/><D77/><U90/><E18/><AGARI ba="0,0" hai="5,11,13,14,18,21,28,30,49,50,51,88,94,97" machi="18" ten="40,3900,0" yaku="8,1,54,1" doraHai="33" who="3" fromWho="1" sc="217,0,207,-39,325,0,251,39" /><INIT seed="3,1,0,4,4,62" ten="217,168,325,290" oya="3" hai0="15,67,18,125,115,103,48,113,51,93,50,6,74" hai1="47,91,86,46,81,110,97,53,70,76,75,127,69" hai2="104,71,66,29,23,63,105,87,60,34,8,82,16" hai3="37,4,54,126,89,58,9,43,64,98,130,95,94"/><W129/><G126/><T120/><D74/><U123/><E127/><V52/><F8/><W79/><G79/><T117/><D117/><U12/><E123/><V14/><F29/><W108/><G108/><T116/><D6/><U44/><E110/><V25/><F34/><W124/><G124/><T17/><D116/><U119/><E119/><V100/><F25/><W73/><G73/><T77/><D77/><U114/><E114/><V88/><F100/><W99/><G43/><T26/><D125/><U121/><E121/><V122/><F122/><W28/><G28/><T21/><D120/><U22/><E53/><V101/><F101/><W128/><G37/><T33/><D33/><U30/><E97/><N who="3" m="36874" /><G89/><T72/><D72/><U2/><E2/><V135/><F135/><W45/><G45/><T131/><D131/><U112/><E112/><N who="0" m="43081" /><D93/><U61/><E30/><V42/><F42/><W5/><G5/><T1/><D103/><U57/><E22/><V106/><F106/><W118/><G118/><T96/><D96/><U24/><E24/><V36/><F36/><W27/><G27/><T31/><D31/><U83/><REACH who="1" step="1"/><E12/><REACH who="1" ten="217,158,325,290" step="2"/><V10/><F23/><W11/><G54/><T0/><D1/><U35/><E35/><V49/><F14/><N who="3" m="5415" /><G11/><N who="0" m="6399" /><D0/><U80/><E80/><V92/><F82/><W41/><G41/><T111/><D111/><U107/><E107/><V13/><F104/><W55/><G55/><T132/><D132/><U90/><E90/><V78/><F105/><W65/><G94/><T59/><D59/><U19/><E19/><V85/><F16/><W134/><G58/><RYUUKYOKU ba="1,1" sc="217,15,158,15,325,-15,290,-15" hai0="18,21,26,48,50,51,67" hai1="44,46,47,57,61,69,70,75,76,81,83,86,91" owari="232,-17.0,173,-33.0,320,42.0,275,8.0" /></mjloggm>