<mjloggm ver="2.3"><GO type="41" lobby="0"/><UN n0="%E3%81%82%E3%81%B5%E3%82%8A%E3%81%8B%E3%81%9E%E3%81%86" n1="%E3%81%AE%E3%81%82%E3%81%B1%E3%81%B1" n2="%E3%82%A6%E3%83%AB%E3%83%88%E3%83%A9%E7%AB%8B%E7%9B%B4" n3="%E5%8C%97%E3%81%AE%E5%9B%BD%E3%81%8B%E3%82%89" dan="13,14,15,14" rate="1865.30,1952.52,1928.63,2008.88" sx="M,M,M,M"/><TAIKYOKU oya="0"/><INIT seed="0,0,0,2,3,123" ten="250,250,250,250" oya="0" hai0="112,87,40,70,58,43,119,37,95,74,101,30,35" hai1="60,36,3,46,32,92,77,10,79,102,109,122,27" hai2="78,114,88,115,126,84,117,97,44,83,125,13,100" hai3="69,93,76,120,94,75,28,9,19,107,41,128,121"/><T1/><D119/><U85/><E122/><N who="3" m="47210" /><G69/><T49/><D112/><U2/><E79/><V48/><F13/><N who="3" m="7599" /><G107/><T56/><D74/><U21/><E32/><V17/><F17/><W59/><G41/><T63/><D1/><U20/><E60/><V4/><F4/><W110/><G28/><T90/><D35/><U6/><E3/><V47/><F78/><W16/><G59/><T111/><D30/><U116/><E116/><V129/><F117/><W105/><G105/><T14/><D37/><U82/><E109/><V22/><F47/><W131/><G110/><T5/><D70/><U118/><E118/><V24/><F44/><W132/><G16/><T103/><D111/><U39/><E39/><V127/><F48/><W134/><G76/><T51/><D5/><U89/><E102/><N who="0" m="38921" /><D14/><U72/><REACH who="1" step="1"/><E27/><REACH who="1" ten="250,240,250,250" step="2"/><V68/><F24/><W8/><G75/><T67/><D49/><U38/><E38/><V135/><F115/><W45/><G8/><T29/><D29/><U130/><E130/><N who="3" m="49706" /><G45/><N who="0" m="26023" /><D43/><AGARI ba="0,1" hai="2,6,10,20,21,36,43,46,72,77,82,85,89,92" machi="43" ten="40,8000,1" yaku="1,1,25,2,53,1" doraHai="123" doraHaiUra="91" who="1" fromWho="0" sc="250,-80,240,90,250,0,250,0" /><INIT seed="1,0,0,4,2,134" ten="170,330,250,250" oya="1" hai0="85,118,16,86,9,2,14,94,57,115,106,96,109" hai1="66,43,100,47,111,38,98,79,8,59,26,108,0" hai2="135,48,20,12,19,74,54,105,50,28,70,34,52" hai3="27,126,35,71,80,15,46,125,91,41,25,113,65"/><U131/><E131/><V31/><F70/><W30/><G113/><T29/><D115/><U107/><E79/><V84/><F74/><W53/><G25/><T24/><D118/><U124/><E26/><V82/><F105/><W90/><G15/><T42/><D106/><U36/><E36/><V92/><F135/><W76/><G53/><N who="2" m="20585" /><F92/><W73/><G65/><T13/><D57/><U101/><E101/><V22/><F34/><W103/><G103/><T23/><D109/><N who="1" m="42059" /><E59/><V93/><F93/><W58/><G58/><T68/><D68/><U44/><E44/><V78/><F22/><W114/><G71/><T133/><D133/><U128/><E128/><V40/><F50/><N who="3" m="26959" /><G114/><T21/><D42/><U127/><E66/><V7/><F40/><W51/><G51/><T63/><D63/><U88/><E88/><V87/><F48/><W62/><G62/><T4/><REACH who="0" step="1"/><D2/><REACH who="0" ten="160,330,250,250" step="2"/><U18/><E0/><V120/><F120/><W95/><G95/><T121/><D121/><U89/><E89/><AGARI ba="0,1" hai="4,9,13,14,16,21,23,24,29,85,86,89,94,96" machi="89" ten="30,7700,0" yaku="1,1,7,1,8,1,54,1,53,0" doraHai="134" doraHaiUra="97" who="0" fromWho="1" sc="160,87,330,-77,250,0,250,0" /><INIT seed="2,0,0,1,5,9" ten="247,253,250,250" oya="2" hai0="95,58,123,38,135,56,11,75,2,69,106,39,35" hai1="111,62,134,124,63,25,122,54,14,101,94,7,55" hai2="42,24,71,87,15,37,120,132,34,83,26,129,86" hai3="67,98,92,53,89,119,82,48,102,109,112,61,29"/><V133/><F71/><W127/><G119/><T118/><RYUUKYOKU type="yao9" ba="0,0" sc="247,0,253,0,250,0,250,0" hai0="2,11,35,38,39,56,58,69,75,95,106,118,123,135" /><INIT seed="2,1,0,4,4,120" ten="247,253,250,250" oya="2" hai0="74,113,6,42,72,8,7,89,129,117,26,9,98" hai1="18,108,116,53,77,88,23,112,60,84,62,14,124" hai2="10,70,2,78,45,91,17,73,15,121,85,27,133" hai3="118,83,101,80,39,32,86,13,99,100,95,54,111"/><V43/><F70/><W58/><G39/><T90/><D117/><U20/><E116/><V94/><F121/><W51/><G118/><T104/><D129/><U81/><E112/><V35/><F133/><W4/><G32/><T75/><D113/><U93/><E124/><V64/><F64/><W122/><G122/><T48/><D26/><U41/><E41/><V56/><F56/><W131/><G131/><T59/><D104/><U103/><E103/><V96/><F2/><W61/><G111/><T22/><D22/><U50/><E108/><V1/><F1/><W47/><G101/><T40/><D98/><U102/><E102/><V114/><F114/><W126/><G126/><T11/><D59/><U21/><E60/><V105/><F105/><W92/><G92/><T127/><D127/><U82/><E62/><V52/><F73/><W123/><G123/><T119/><D119/><U12/><E12/><V25/><F35/><W19/><G4/><N who="0" m="1579" /><D48/><U87/><E82/><N who="2" m="47319" /><F43/><AGARI ba="1,0" hai="8,9,11,40,42,43,72,74,75,89,90" m="1579" machi="43" ten="40,2600,0" yaku="28,2" doraHai="120" who="0" fromWho="2" sc="247,29,253,0,250,-29,250,0" /><INIT seed="3,0,0,5,1,49" ten="276,253,221,250" oya="3" hai0="74,47,55,17,77,99,104,27,95,135,105,19,44" hai1="59,53,61,1,10,92,124,119,133,114,69,134,30" hai2="29,24,16,40,14,78,52,60,54,32,112,64,2" hai3="0,45,87,20,100,37,26,121,9,106,111,125,5"/><W25/><G121/><T42/><D135/><U123/><E123/><V15/><F2/><W3/><G125/><T93/><D74/><U83/><E114/><V18/><F40/><W79/><G111/><T127/><D127/><U56/><E124/><V88/><F78/><W101/><G106/><T43/><D77/><U102/><E69/><V6/><F6/><W13/><G0/><T35/><D35/><U33/><E119/><V81/><F112/><W63/><G26/><T126/><D126/><U72/><E72/><V7/><F7/><W50/><G3/><T131/><D131/><U57/><E83/><V129/><F129/><W108/><G63/><T68/><D68/><U116/><E116/><V82/><F64/><W96/><G96/><T22/><D99/><N who="1" m="59751" /><E1/><V118/><F118/><W86/><G37/><T120/><D120/><U23/><E10/><V107/><F107/><W8/><G8/><T89/><D89/><U80/><E80/><V21/><F60/><W110/><G110/><T39/><D104/><U109/><E109/><V73/><F73/><W38/><G38/><T51/><D105/><U113/><E113/><V85/><F82/><N who="3" m="47455" /><G87/><T128/><D128/><U67/><E33/><V103/><F103/><W130/><G130/><T132/><D132/><N who="1" m="50795" /><E67/><V46/><F46/><W71/><G71/><T41/><D19/><U28/><E28/><V75/><F75/><W98/><G98/><T48/><D39/><U122/><E122/><V11/><AGARI ba="0,0" hai="11,14,15,16,18,21,24,29,32,52,54,81,85,88" machi="11" ten="20,12000,2" yaku="0,1,7,1,52,2,54,3" doraHai="49" who="2" fromWho="2" sc="276,-30,253,-30,221,120,250,-60" /><INIT seed="4,0,0,5,3,71" ten="246,223,341,190" oya="0" hai0="24,36,70,39,97,48,22,58,102,88,65,45,34" hai1="114,112,13,69,133,134,75,79,135,64,2,125,35" hai2="0,1,41,83,27,99,113,19,61,103,7,104,73" hai3="122,81,44,14,118,67,98,107,92,50,80,28,82"/><T109/><D34/><U96/><E13/><V25/><F113/><N who="1" m="43625" /><E35/><V129/><F129/><W29/><G122/><T33/><D33/><U87/><E2/><V132/><F19/><W57/><G107/><T3/><D3/><U47/><E47/><V85/><F132/><W42/><G118/><T56/><D109/><U68/><E64/><V30/><F27/><W9/><G57/><T53/><D70/><N who="1" m="27243" /><E87/><V18/><F7/><W20/><G67/><T17/><D88/><U46/><E46/><V93/><F18/><W54/><G42/><T84/><D84/><U77/><E96/><V15/><F41/><W76/><G20/><T117/><D117/><U4/><E4/><V6/><F15/><W106/><G106/><T111/><D111/><U95/><E95/><V108/><F6/><N who="3" m="3383" /><G76/><N who="1" m="29258" /><E125/><V130/><F108/><W12/><G12/><T38/><REACH who="0" step="1"/><D65/><REACH who="0" ten="236,223,341,190" step="2"/><U123/><E75/><V124/><F0/><W37/><G37/><T115/><D115/><U120/><AGARI ba="0,1" hai="120,123,133,134,135" m="29258,27243,43625" machi="120" ten="50,8000,1" yaku="28,2,20,1,15,1,11,1" doraHai="71" who="1" fromWho="1" sc="236,-40,223,90,341,-20,190,-20" /><INIT seed="5,0,0,5,3,16" ten="196,313,321,170" oya="1" hai0="11,63,24,43,32,56,52,55,44,27,6,73,97" hai1="64,81,25,119,128,83,71,111,85,14,26,91,132" hai2="116,101,66,61,49,40,22,86,78,89,8,127,133" hai3="95,80,122,23,115,17,31,15,12,93,92,39,94"/><U99/><E119/><V62/><F116/><W53/><G122/><T126/><D73/><U65/><E132/><V129/><F133/><W125/><G125/><T1/><D126/><U110/><E71/><V105/><F127/><W113/><G39/><T72/><D72/><U108/><E99/><V76/><F129/><W5/><G31/><T28/><D27/><N who="1" m="10251" /><E128/><V36/><F36/><W18/><G5/><T107/><D107/><U112/><E14/><V29/><F8/><W47/><N who="3" m="24064" /><DORA hai="100" /><W90/><G47/><T46/><D97/><U74/><E74/><V117/><F105/><W38/><G38/><T51/><REACH who="0" step="1"/><D43/><REACH who="0" ten="186,313,321,170" step="2"/><U130/><E130/><V54/><F40/><W79/><G53/><T57/><AGARI ba="0,1" hai="1,6,11,24,28,32,44,46,51,52,55,56,57,63" machi="57" ten="20,12000,2" yaku="1,1,2,1,0,1,7,1,54,1,53,2" doraHai="16,100" doraHaiUra="0,2" who="0" fromWho="0" sc="186,130,313,-60,321,-30,170,-30" /><INIT seed="6,0,0,2,4,101" ten="316,253,291,140" oya="2" hai0="32,104,75,1,65,118,94,97,2,93,35,83,96" hai1="88,59,95,130,70,131,80,69,43,11,78,111,122" hai2="133,54,14,39,49,58,85,22,17,55,132,44,103" hai3="79,125,126,87,53,82,90,48,40,76,63,12,120"/><V106/><F85/><W30/><G120/><T89/><D118/><U99/><E122/><V27/><F27/><W72/><G72/><T117/><D117/><U52/><E111/><V26/><F26/><W50/><G30/><T28/><D65/><U9/><E43/><V123/><F123/><W47/><G63/><T92/><D2/><U8/><E80/><V23/><F23/><W29/><G29/><T119/><D119/><U46/><E46/><V113/><F39/><W100/><G100/><T129/><D1/><U102/><E102/><V71/><F71/><W36/><G36/><T34/><D129/><N who="1" m="49163" /><E78/><V62/><F113/><W98/><G98/><T51/><D28/><U66/><E66/><V86/><F86/><W74/><G74/><T77/><D51/><AGARI ba="0,0" hai="8,9,11,51,52,59,69,70,88,95,99" m="49163" machi="51" ten="30,3900,0" yaku="19,1,54,2" doraHai="101" who="1" fromWho="0" sc="316,-39,253,39,291,0,140,0" /><INIT seed="7,0,0,3,0,35" ten="277,292,291,140" oya="3" hai0="107,115,47,135,8,32,103,108,85,13,74,29,122" hai1="75,128,90,53,33,94,56,104,112,124,25,127,89" hai2="110,42,39,7,2,49,19,45,116,105,5,65,4" hai3="0,23,121,40,119,50,6,70,102,101,9,120,26"/><W41/><G70/><T99/><D122/><N who="3" m="47209" /><G50/><T86/><D108/><U48/><E104/><V24/><F116/><W113/><G102/><T20/><D74/><U78/><E112/><V15/><F110/><W36/><G101/><T61/><D135/><U64/><E128/><V88/><F105/><W114/><G36/><T92/><D115/><N who="3" m="44041" /><G119/><T68/><D47/><U60/><E75/><V87/><F65/><W133/><G41/><T100/><D100/><U51/><E78/><V71/><F71/><W131/><G40/><T126/><D126/><N who="1" m="48171" /><E51/><V79/><F79/><W55/><G55/><T10/><D10/><U38/><E38/><V58/><F39/><W82/><G82/><T11/><D8/><U59/><E94/><N who="2" m="54559" /><F2/><W44/><G44/><T54/><D32/><U81/><E81/><V97/><F58/><W16/><G133/><T117/><D117/><U28/><AGARI ba="0,0" hai="25,28,33,48,53,56,59,60,64,89,90" m="48171" machi="28" ten="30,1100,0" yaku="18,1" doraHai="35" who="1" fromWho="1" sc="277,-3,292,11,291,-3,140,-5" owari="274,-13.0,303,40.0,288,9.0,135,-36.0" /></mjloggm>