<mjloggm ver="2.3"><GO type="225" lobby="0"/><UN n0="%69%73%61%6B%75%79%61" n1="%E8%B1%86%E8%85%90%E3%81%9F%E3%82%93%E3%83%8F%E3%82%A1%E3%83%8F%E3%82%A1" n2="%E3%82%A6%E3%83%AB%E3%83%88%E3%83%A9%E7%AB%8B%E7%9B%B4" n3="%EF%BC%AE%EF%BD%99%EF%BD%8F%EF%BD%95%EF%BD%99%EF%BD%81" dan="17,17,16,16" rate="2140.64,2231.71,2025.01,2104.05" sx="M,M,M,M"/><TAIKYOKU oya="0"/><INIT seed="0,0,0,4,3,121" ten="250,250,250,250" oya="0" hai0="8,105,18,38,120,42,95,25,0,6,58,41,55" hai1="103,77,36,117,113,22,1,50,84,101,19,124,134" hai2="93,12,65,97,88,15,7,75,68,70,33,67,79" hai3="127,86,49,14,60,56,123,69,80,100,13,114,59"/><T5/><D105/><U63/><E36/><V83/><F33/><W11/><G123/><T135/><D120/><U35/><E35/><V23/><F7/><W91/><G114/><T87/><D135/><U26/><E1/><V9/><F9/><W94/><G127/><T76/><D38/><U116/><E124/><V122/><F122/><W106/><G106/><T102/><D102/><U10/><E134/><V110/><F110/><W21/><G69/><T61/><D5/><U71/><E10/><V52/><F68/><W96/><G49/><T131/><D131/><U119/><E113/><V126/><F126/><W107/><G60/><T27/><D95/><U54/><E77/><V133/><F133/><W73/><G21/><T130/><D130/><U129/><E84/><V47/><F70/><W89/><G14/><T37/><D37/><U40/><E40/><V82/><F82/><W3/><G3/><T125/><D125/><U28/><E129/><V34/><F34/><W64/><G64/><T74/><D74/><U51/><E71/><V66/><REACH who="2" step="1"/><F23/><REACH who="2" ten="250,250,240,250" step="2"/><W85/><G73/><T98/><D8/><U43/><E119/><V45/><F45/><W57/><G57/><T132/><D6/><AGARI ba="0,1" hai="6,11,13,56,59,80,85,86,89,91,94,96,100,107" machi="6" ten="30,1000,0" yaku="7,1" doraHai="121" who="3" fromWho="0" sc="250,-10,250,0,240,0,250,20" /><INIT seed="1,0,0,1,0,121" ten="240,250,240,270" oya="1" hai0="82,134,107,129,74,103,71,86,91,101,64,55,28" hai1="93,115,72,123,68,112,34,128,110,96,1,7,67" hai2="42,63,114,97,46,19,80,94,47,87,61,2,62" hai3="100,20,89,44,3,49,69,40,23,126,117,132,15"/><U70/><E123/><V21/><F2/><W22/><G3/><T32/><D74/><U59/><E72/><V56/><F114/><W66/><G100/><T38/><D38/><U111/><E34/><V11/><F11/><W75/><G75/><T57/><D129/><U51/><E7/><V85/><F42/><W16/><G117/><T33/><D134/><U116/><E1/><V24/><F56/><W48/><G132/><T77/><D77/><U14/><E14/><V26/><F26/><W104/><G104/><T118/><D118/><U6/><E6/><V106/><F106/><W53/><G126/><T95/><D107/><U130/><E93/><V78/><REACH who="2" step="1"/><F87/><REACH who="2" ten="240,250,230,270" step="2"/><W131/><G131/><N who="1" m="50218" /><E116/><V4/><F4/><W13/><G13/><T135/><D86/><U50/><E96/><V65/><F65/><W18/><G66/><T8/><D64/><U31/><E31/><V52/><F52/><W98/><G15/><T58/><D55/><N who="1" m="32255" /><E50/><V90/><AGARI ba="0,1" hai="19,21,24,46,47,61,62,63,78,80,85,90,94,97" machi="90" ten="30,4000,0" yaku="1,1,0,1,8,1,53,0" doraHai="121" doraHaiUra="5" who="2" fromWho="2" sc="240,-10,250,-20,230,50,270,-10" /><INIT seed="2,0,0,2,4,80" ten="230,230,280,260" oya="2" hai0="108,38,130,124,3,63,132,59,118,73,131,1,62" hai1="119,68,20,93,28,103,42,129,105,29,0,98,70" hai2="101,83,120,104,22,9,16,23,13,57,77,11,55" hai3="121,123,25,110,99,107,53,18,100,24,10,6,50"/><V72/><F120/><W47/><G110/><T51/><D73/><U88/><E119/><V43/><F43/><W8/><G8/><T111/><D118/><U106/><E106/><V81/><F101/><W19/><G19/><T126/><D51/><U87/><E0/><V74/><F104/><W30/><G18/><T49/><D49/><U7/><E7/><V82/><F82/><W32/><REACH who="3" step="1"/><G25/><REACH who="3" ten="230,230,280,250" step="2"/><T27/><D27/><U31/><E129/><V86/><F11/><W75/><G75/><T67/><D131/><U37/><REACH who="1" step="1"/><E20/><REACH who="1" ten="230,220,280,250" step="2"/><V34/><F74/><W95/><G95/><T64/><D130/><U2/><E2/><AGARI ba="0,2" hai="2,6,10,24,30,32,47,50,53,99,100,107,121,123" machi="2" ten="30,3900,0" yaku="1,1,7,1,53,1" doraHai="80" doraHaiUra="21" who="3" fromWho="1" sc="230,0,220,-39,280,0,250,59" /><INIT seed="3,0,0,3,5,104" ten="230,181,280,309" oya="3" hai0="4,120,129,132,36,62,124,99,69,88,42,135,34" hai1="112,125,46,13,116,74,11,12,86,59,73,92,128" hai2="111,123,29,2,48,95,52,14,110,126,41,35,43" hai3="130,26,33,39,119,113,44,133,94,28,19,47,118"/><W45/><G113/><T100/><D34/><U3/><E112/><V22/><F2/><W27/><G130/><T20/><D120/><U65/><E3/><V32/><F95/><W1/><G1/><T49/><D36/><U57/><E128/><V134/><F123/><W97/><G39/><T23/><D4/><U81/><E125/><V105/><F105/><W127/><G127/><T77/><D77/><U115/><E115/><V25/><F134/><W56/><G56/><T90/><D124/><U80/><E116/><V114/><F114/><W71/><G71/><T102/><D129/><U17/><E46/><N who="2" m="27671" /><F126/><W79/><G79/><T58/><D69/><U51/><E59/><V0/><F0/><W30/><G19/><T8/><D135/><U38/><E38/><V10/><F41/><W103/><G133/><T93/><D132/><U53/><E65/><V121/><F43/><W40/><G40/><T107/><D42/><U78/><E81/><V75/><F75/><W117/><REACH who="3" step="1"/><G118/><REACH who="3" ten="230,181,280,299" step="2"/><T98/><D58/><U82/><E82/><V108/><F121/><W55/><G55/><T15/><D62/><U9/><E92/><V96/><F96/><W5/><G5/><AGARI ba="0,1" hai="5,9,11,12,13,17,51,53,57,73,74,78,80,86" machi="5" ten="30,3900,0" yaku="7,1,52,2" doraHai="104" who="1" fromWho="3" sc="230,0,181,49,280,0,299,-39" /><AGARI ba="0,0" hai="5,10,14,22,25,29,32,35,108,110,111" m="27671" machi="5" ten="30,2000,0" yaku="14,1,54,1" doraHai="104" who="2" fromWho="3" sc="230,0,230,0,280,20,260,-20" owari="230,-17.0,230,-27.0,300,40.0,240,4.0" /></mjloggm>