<mjloggm ver="2.3"><GO type="97" lobby="0"/><UN n0="%E3%81%BE%E3%81%8C%E3%82%8A%EF%BC%BE%E3%83%BC%EF%BC%BE" n1="%E3%82%B5%E3%83%8E%E3%83%90%E3%83%93%E3%83%83%E3%83%81" n2="%6E%61%67%6F%63%68%69" n3="%E3%82%A6%E3%83%AB%E3%83%88%E3%83%A9%E7%AB%8B%E7%9B%B4" dan="14,13,15,15" rate="1956.04,1960.49,1963.03,2018.90" sx="M,M,M,M"/><TAIKYOKU oya="0"/><INIT seed="0,0,0,4,1,129" ten="250,250,250,250" oya="0" hai0="71,114,41,53,11,12,20,108,59,44,64,78,0" hai1="29,19,85,121,96,7,58,100,126,37,93,16,76" hai2="97,113,79,95,3,43,124,67,122,84,4,90,112" hai3="13,110,74,47,26,127,109,103,1,49,117,68,92"/><T130/><D114/><U116/><E37/><V82/><F67/><W133/><G68/><T60/><D130/><U99/><E121/><V98/><F43/><W54/><G1/><T125/><D20/><U80/><E29/><V83/><F4/><W45/><G74/><T28/><D28/><U73/><E7/><V75/><F3/><W52/><G117/><T70/><D0/><U63/><E116/><V69/><F69/><W118/><G118/><T81/><D125/><U55/><E126/><V102/><F124/><W8/><G127/><T22/><D22/><U30/><E30/><V9/><F9/><W15/><G26/><T61/><D108/><U17/><REACH who="1" step="1"/><E99/><REACH who="1" ten="250,240,250,250" step="2"/><N who="2" m="59775" /><F122/><W135/><G110/><T46/><D70/><U32/><E32/><V131/><F131/><W65/><G109/><T40/><D71/><U120/><E120/><V77/><F113/><W94/><G65/><T88/><D64/><U66/><E66/><V123/><F123/><W101/><G49/><T24/><D61/><U91/><E91/><V107/><F112/><W34/><G34/><T27/><D88/><U89/><E89/><V14/><F97/><W119/><G119/><T35/><D35/><U62/><E62/><V42/><F98/><W72/><G72/><AGARI ba="0,1" hai="16,17,19,55,58,63,72,73,76,80,85,93,96,100" machi="72" ten="40,2600,0" yaku="1,1,54,1,53,0" doraHai="129" doraHaiUra="5" who="1" fromWho="3" sc="250,0,240,36,250,0,250,-26" /><INIT seed="1,0,0,3,4,84" ten="250,276,250,224" oya="1" hai0="55,0,33,60,62,45,113,2,116,127,123,47,103" hai1="46,20,28,38,35,90,98,16,72,26,100,40,70" hai2="42,49,44,24,112,134,52,126,17,117,129,51,7" hai3="1,94,39,79,34,66,110,119,29,54,5,67,74"/><U106/><E72/><V80/><F117/><W104/><G104/><T57/><D33/><U9/><E70/><V37/><F126/><W23/><G34/><T86/><D103/><U31/><E9/><V69/><F69/><W108/><G39/><T11/><D116/><U118/><E118/><V10/><F129/><W53/><G79/><T27/><D27/><U93/><REACH who="1" step="1"/><E35/><REACH who="1" ten="250,266,250,224" step="2"/><V61/><F10/><W122/><G74/><T97/><D11/><U59/><E59/><V101/><F112/><W78/><G119/><T125/><D57/><U99/><AGARI ba="0,1" hai="16,20,26,28,31,38,40,46,90,93,98,99,100,106" machi="99" ten="20,12000,1" yaku="1,1,0,1,7,1,52,1,54,1,53,0" doraHai="84" doraHaiUra="76" who="1" fromWho="1" sc="250,-40,266,130,250,-40,224,-40" /><INIT seed="1,1,0,2,0,9" ten="210,396,210,184" oya="1" hai0="75,63,87,71,59,27,47,93,84,115,106,83,15" hai1="26,17,131,74,46,127,129,1,107,56,3,25,29" hai2="92,112,11,10,32,36,8,39,30,69,116,109,14" hai3="108,67,58,2,13,41,123,89,91,51,101,64,110"/><U49/><E74/><V99/><F69/><W77/><G2/><T60/><D106/><U12/><E107/><V23/><F116/><W85/><G101/><T105/><D105/><U135/><E56/><V55/><F109/><N who="3" m="42091" /><G123/><T126/><D115/><U72/><E72/><V37/><F112/><W57/><G77/><T118/><D118/><U94/><E127/><V73/><F73/><W45/><G89/><N who="0" m="53415" /><D75/><U114/><E114/><V117/><F117/><W52/><G13/><T43/><D71/><U28/><E135/><V54/><F32/><W103/><G103/><T53/><D27/><U65/><E25/><V132/><F132/><W133/><G133/><T79/><D126/><U95/><E26/><V97/><F30/><W119/><G119/><T34/><D34/><U62/><E29/><V50/><F23/><W44/><G91/><T122/><D122/><U113/><E113/><V0/><F0/><W20/><G20/><T24/><D15/><U78/><E3/><V86/><F14/><W42/><G85/><T48/><D24/><U18/><E1/><V125/><F125/><W21/><G21/><T40/><D60/><U128/><E28/><V76/><F86/><W7/><G7/><T111/><D111/><U98/><E128/><V19/><F97/><W66/><G42/><AGARI ba="1,0" hai="40,42,43,47,48,53,59,63,79,83,87" m="53415" machi="42" ten="30,1000,0" yaku="8,1" doraHai="9" who="0" fromWho="3" sc="210,13,396,0,210,0,184,-13" /><INIT seed="2,0,0,1,2,89" ten="223,396,210,171" oya="2" hai0="82,74,55,43,92,18,36,21,47,131,104,59,135" hai1="81,84,13,28,41,46,124,119,32,4,10,127,24" hai2="79,128,73,115,99,67,8,123,120,100,122,121,125" hai3="39,6,3,76,69,1,110,27,112,44,113,57,105"/><V14/><F115/><W93/><G69/><T70/><D104/><U114/><E114/><N who="3" m="44138" /><G105/><T53/><D70/><U118/><E84/><V78/><F120/><W23/><G76/><T107/><D107/><U60/><E60/><V83/><F78/><W88/><G57/><T9/><D9/><U31/><E81/><V71/><F125/><N who="1" m="48201" /><E28/><V58/><F71/><W49/><G6/><T33/><D33/><U111/><E111/><V51/><F128/><W68/><G39/><AGARI ba="0,0" hai="4,10,13,24,31,32,39,41,46,118,119" m="48201" machi="39" ten="30,1000,0" yaku="18,1" doraHai="89" who="1" fromWho="3" sc="223,0,396,10,210,0,171,-10" /><INIT seed="3,0,0,2,0,46" ten="223,406,210,161" oya="3" hai0="86,105,29,106,133,4,132,94,51,36,77,69,40" hai1="91,116,104,89,55,39,8,19,85,2,100,20,48" hai2="41,13,84,37,101,134,17,99,33,1,61,49,16" hai3="92,62,47,75,53,5,23,43,26,128,130,76,115"/><W42/><G115/><T15/><D69/><U122/><E39/><V72/><F72/><W65/><G5/><T0/><D36/><U27/><E104/><V110/><F1/><W87/><G75/><T30/><D0/><U58/><E100/><V111/><F37/><W31/><G53/><T28/><D4/><U67/><E67/><V3/><F3/><W118/><G118/><T98/><D15/><U12/><E2/><V117/><F117/><W22/><G22/><T21/><D21/><U81/><E116/><V125/><F33/><W109/><G109/><N who="2" m="41481" /><F134/><N who="0" m="51818" /><D86/><U129/><E129/><N who="3" m="49770" /><G47/><N who="0" m="26087" /><D77/><N who="1" m="46255" /><E122/><V121/><F121/><W7/><G7/><AGARI ba="0,0" hai="7,8,12,19,20,27,48,55,58,89,91" m="46255" machi="7" ten="30,2000,0" yaku="8,1,52,1" doraHai="46" who="1" fromWho="3" sc="223,0,406,20,210,0,161,-20" owari="223,2.0,426,53.0,210,-19.0,141,-36.0" /></mjloggm>