<mjloggm ver="2.3"><GO type="97" lobby="0"/><UN n0="%E3%81%A8%E3%82%82%E3%81%AE%E3%82%8A" n1="%E3%82%A6%E3%83%AB%E3%83%88%E3%83%A9%E7%AB%8B%E7%9B%B4" n2="%4E%6F%4E%61%6D%65%33%30" n3="%E3%81%A8%E3%82%93%E3%81%8C%E3%82%8A%E3%82%B3%E3%83%BC%E3%83%B3" dan="14,15,14,14" rate="1841.56,1967.35,1940.48,1864.55" sx="M,M,M,F"/><TAIKYOKU oya="0"/><INIT seed="0,0,0,0,3,38" ten="250,250,250,250" oya="0" hai0="17,101,69,54,36,28,70,15,62,109,63,10,56" hai1="61,107,87,99,16,2,44,4,27,47,9,80,14" hai2="129,85,94,97,113,90,33,130,43,134,3,26,98" hai3="106,96,64,37,34,74,110,132,128,93,53,118,39"/><T59/><D36/><U91/><E27/><V29/><F3/><W7/><G118/><T77/><D77/><U60/><E107/><V75/><F113/><W79/><G110/><T6/><D109/><U0/><E0/><V126/><F75/><W45/><G34/><T123/><D123/><U49/><E99/><V51/><F134/><W11/><G132/><T19/><D101/><U124/><E47/><V133/><F133/><W46/><G128/><N who="2" m="49257" /><F126/><W1/><G106/><T21/><D28/><U120/><E124/><V50/><F50/><W52/><G64/><T55/><REACH who="0" step="1"/><D19/><REACH who="0" ten="240,250,250,250" step="2"/><U83/><E120/><V81/><F81/><W88/><G39/><T115/><D115/><U95/><E83/><V65/><F65/><W135/><G135/><T114/><D114/><U86/><E80/><V73/><F73/><W32/><G37/><T57/><D57/><U105/><E105/><V8/><F8/><W5/><G46/><AGARI ba="0,1" hai="26,29,33,43,46,51,85,90,94,97,98" m="49257" machi="46" ten="30,2000,0" yaku="19,1,52,1" doraHai="38" who="2" fromWho="3" sc="240,0,250,0,250,30,250,-20" /><INIT seed="1,0,0,2,3,128" ten="240,250,280,230" oya="1" hai0="6,27,89,131,21,108,1,81,13,111,92,112,35" hai1="99,53,97,14,133,100,96,50,63,57,24,38,0" hai2="59,3,75,94,64,127,40,42,90,15,72,60,109" hai3="98,74,47,71,4,43,116,10,124,36,117,19,31"/><U103/><E0/><V105/><F3/><W73/><G71/><T106/><D106/><U125/><E38/><V69/><F105/><W134/><G19/><T91/><D112/><U93/><E125/><V123/><F123/><W132/><G124/><T49/><D131/><U121/><E121/><V95/><F127/><W119/><G98/><T44/><D35/><U86/><E14/><V82/><F69/><W26/><G10/><T79/><D1/><U78/><E133/><N who="3" m="51306" /><G4/><T84/><D6/><U61/><E24/><V39/><F109/><N who="0" m="42058" /><D13/><U9/><E9/><V30/><F30/><W66/><G66/><T76/><D91/><N who="1" m="53495" /><E78/><V65/><F15/><W46/><G46/><T135/><D135/><U34/><E34/><AGARI ba="0,0" hai="26,31,34,36,43,47,73,74,116,117,119" m="51306" machi="34" ten="40,12000,2" yaku="12,1,20,1,23,1,52,3" doraHai="128" who="3" fromWho="1" sc="240,0,250,-120,280,0,230,120" /><INIT seed="2,0,0,1,3,87" ten="240,130,280,350" oya="2" hai0="113,16,135,50,73,34,28,38,116,51,0,131,56" hai1="79,42,112,48,65,119,95,105,98,104,62,110,93" hai2="52,90,109,126,39,108,41,124,53,46,77,31,130" hai3="17,84,76,7,15,1,100,134,71,103,43,47,25"/><V6/><F31/><W60/><G134/><T118/><D56/><U127/><E119/><V40/><F77/><W78/><G71/><T82/><D28/><U101/><E112/><V9/><F130/><W61/><G1/><T80/><D16/><U64/><E127/><N who="2" m="48683" /><F41/><W89/><G7/><T96/><D96/><U55/><E110/><N who="2" m="42603" /><F90/><W122/><G122/><T107/><D82/><U117/><E117/><V121/><F121/><W114/><G114/><T57/><D57/><U29/><E29/><V2/><AGARI ba="0,0" hai="2,6,9,39,40,46,52,53" m="42603,48683" machi="2" ten="30,11700,0" yaku="18,1,14,1,10,1,54,1" doraHai="87" who="2" fromWho="2" sc="240,-39,130,-39,280,117,350,-39" /><INIT seed="2,1,0,3,3,25" ten="201,91,397,311" oya="2" hai0="50,45,70,40,125,72,113,107,86,27,46,41,35" hai1="95,133,36,10,5,100,15,59,66,3,111,61,117" hai2="9,131,16,4,7,119,11,18,116,74,114,51,126" hai3="92,24,99,84,12,37,54,130,96,52,69,0,124"/><V57/><F74/><W135/><G37/><T60/><D72/><U44/><E117/><V13/><F57/><W82/><G69/><T78/><D107/><U115/><E115/><V134/><F51/><W79/><G0/><T109/><D113/><U14/><E111/><V97/><F97/><W62/><G124/><T112/><D109/><U93/><E133/><V103/><F103/><W1/><G135/><T76/><D112/><U87/><E3/><V19/><F114/><W33/><G1/><T23/><D35/><U43/><E36/><V118/><F134/><W81/><G130/><T26/><D125/><U20/><E44/><V104/><F104/><W6/><G82/><T67/><D86/><U8/><E43/><V55/><F55/><W120/><G120/><T128/><D128/><U106/><E106/><V31/><F131/><W56/><G33/><T22/><D70/><U39/><E39/><V88/><F88/><N who="3" m="55303" /><G24/><T47/><D67/><U53/><E100/><V48/><F48/><W38/><G38/><T89/><D50/><U83/><E20/><V49/><F49/><W71/><G71/><T77/><D89/><U32/><E32/><V75/><F75/><W94/><G12/><T68/><D68/><U64/><E95/><V123/><F126/><W73/><G6/><T129/><D60/><U34/><E93/><V132/><F132/><W42/><G42/><N who="0" m="16491" /><D129/><U108/><E34/><V127/><F127/><W101/><G73/><T29/><D29/><U105/><E105/><V102/><F102/><W85/><G54/><T17/><D17/><N who="1" m="8391" /><E108/><V58/><F123/><RYUUKYOKU ba="1,0" sc="201,10,91,10,397,-30,311,10" hai0="22,23,26,27,45,46,47,76,77,78" hai1="5,10,15,53,59,61,64,66,83,87" hai3="52,56,62,79,81,84,85,94,99,101" /><INIT seed="3,2,0,2,4,92" ten="211,101,367,321" oya="3" hai0="93,5,121,57,63,23,44,104,94,91,113,58,76" hai1="59,107,65,55,53,52,9,70,73,6,31,84,12" hai2="110,0,15,102,54,118,114,85,29,72,81,19,24" hai3="16,90,109,124,105,120,96,116,10,27,64,106,126"/><W79/><G120/><T2/><D104/><U43/><E73/><V42/><F118/><W56/><G116/><T22/><D121/><U71/><E107/><V62/><F0/><W80/><G109/><T37/><D37/><U75/><E75/><V95/><F110/><W11/><G56/><N who="0" m="21611" /><D2/><U69/><E59/><V45/><F114/><W4/><G64/><T98/><D5/><U133/><E65/><V119/><F72/><W112/><G112/><T34/><D34/><U66/><E66/><V115/><F119/><W7/><G106/><T35/><D35/><U111/><E111/><V67/><F115/><W20/><G105/><T78/><D113/><U21/><E84/><V39/><F54/><W28/><G28/><T130/><D130/><U17/><E31/><V50/><F39/><W99/><G90/><T117/><D117/><U86/><E86/><V134/><F134/><W135/><G135/><T18/><D63/><U40/><E133/><V83/><F62/><W88/><G79/><N who="0" m="30251" /><D44/><U127/><E127/><N who="3" m="48682" /><G80/><T128/><D128/><U87/><E87/><V101/><F67/><W123/><G123/><T68/><D68/><U103/><E103/><V25/><F29/><W41/><G41/><T32/><D18/><U97/><E97/><N who="3" m="37450" /><G88/><T108/><D98/><U129/><E129/><V8/><F95/><N who="0" m="36362" /><D32/><U60/><E60/><V51/><F51/><W36/><G36/><T33/><D33/><U14/><E21/><N who="0" m="7689" /><D108/><U30/><E30/><V13/><F13/><N who="1" m="5225" /><E17/><V47/><F47/><W100/><G100/><N who="2" m="38505" /><F83/><W122/><G122/><T89/><AGARI ba="2,0" hai="89,91" m="7689,36362,30251,21611" machi="89" ten="40,8000,1" yaku="28,2,26,2,8,1" doraHai="92" who="0" fromWho="0" sc="211,86,101,-22,367,-22,321,-42" owari="297,10.0,79,-42.0,345,44.0,279,-12.0" /></mjloggm>