<mjloggm ver="2.3"><GO type="97" lobby="0"/><UN n0="%79%6F%73%68%69%6D%69%78" n1="%65%75%72%6F%73%74%61%72" n2="%E2%98%86%E2%98%86%E2%98%86%E2%98%86%E2%98%86%E2%98%86%E2%98%86" n3="%E3%82%A6%E3%83%AB%E3%83%88%E3%83%A9%E7%AB%8B%E7%9B%B4" dan="14,14,13,16" rate="1943.63,1898.32,1851.04,1989.63" sx="F,M,M,M"/><TAIKYOKU oya="0"/><INIT seed="0,0,0,3,1,91" ten="250,250,250,250" oya="0" hai0="123,121,81,86,115,73,88,29,79,116,130,70,111" hai1="69,38,98,17,129,122,1,45,3,97,95,78,102" hai2="80,64,112,9,33,83,118,21,65,10,8,113,12" hai3="16,39,28,82,89,4,75,54,7,77,84,99,36"/><T14/><D70/><U133/><E122/><V40/><F33/><W53/><G28/><T41/><D115/><N who="2" m="44106" /><F40/><W96/><G75/><T63/><D116/><U117/><E117/><V51/><F21/><W101/><G39/><T74/><D130/><U58/><E69/><V24/><F118/><W114/><G36/><T131/><D131/><U15/><E129/><V94/><F94/><W109/><G109/><T124/><D41/><U67/><E38/><V106/><F106/><W103/><G114/><T46/><D46/><U42/><E42/><V108/><F12/><W135/><G135/><T31/><D124/><U35/><E45/><V59/><F24/><W107/><G77/><T119/><D119/><U125/><E35/><V18/><F18/><W2/><G2/><T49/><D49/><U132/><E78/><V37/><F37/><W120/><G120/><T104/><D111/><U85/><E125/><V60/><F108/><W32/><G32/><T57/><D104/><U93/><E85/><V11/><N who="2" m="2560" /><DORA hai="68" /><V25/><F25/><W19/><G107/><T56/><D14/><U52/><E67/><N who="2" m="25675" /><F51/><W0/><G0/><T87/><D79/><U66/><E66/><V72/><F72/><W34/><G34/><T6/><D6/><U20/><E133/><V5/><F5/><W127/><G127/><T110/><D110/><U61/><E132/><V27/><F27/><W23/><G7/><T126/><D126/><U26/><E26/><V22/><F22/><W30/><G4/><T44/><D44/><U47/><E47/><V90/><F90/><AGARI ba="0,0" hai="1,3,15,17,20,52,58,61,90,93,95,97,98,102" machi="90" ten="30,7700,0" yaku="7,1,52,2,54,1" doraHai="91,68" who="1" fromWho="2" sc="250,0,250,77,250,-77,250,0" /><INIT seed="1,0,0,5,2,4" ten="250,327,173,250" oya="1" hai0="61,120,18,48,128,77,37,95,73,126,22,51,113" hai1="59,12,79,111,50,23,16,39,55,71,104,30,47" hai2="84,103,112,115,26,60,88,78,86,35,119,58,132" hai3="98,49,10,92,6,118,15,70,7,107,28,69,11"/><U75/><E104/><V130/><F119/><W14/><G107/><T74/><D113/><N who="2" m="43594" /><F132/><W25/><G49/><T43/><D126/><U52/><E71/><V3/><F103/><W106/><G106/><T76/><D128/><U64/><E64/><N who="2" m="38935" /><F3/><W110/><G110/><T19/><D120/><U108/><E30/><N who="2" m="19927" /><F78/><W31/><G118/><T91/><D37/><U34/><E34/><V99/><F130/><W67/><G67/><T96/><D73/><U90/><E39/><V129/><F129/><W8/><G70/><T41/><D74/><U57/><E90/><V100/><F100/><N who="3" m="60487" /><G69/><T89/><D61/><U0/><E0/><V85/><F99/><W83/><G83/><AGARI ba="0,0" hai="83,84,85,86,88" m="19927,38935,43594" machi="83" ten="30,2000,0" yaku="11,1,54,1" doraHai="4" who="2" fromWho="3" sc="250,0,327,0,173,20,250,-20" /><INIT seed="2,0,0,1,2,131" ten="250,327,193,230" oya="2" hai0="51,63,92,109,17,129,83,13,4,9,97,45,26" hai1="12,103,112,93,133,61,106,32,64,22,56,132,69" hai2="72,66,118,122,48,59,87,8,82,95,73,99,100" hai3="53,62,86,37,121,27,123,70,30,34,15,58,60"/><V40/><F122/><W11/><G37/><T57/><D109/><U107/><E32/><V85/><F118/><W77/><G70/><T75/><D129/><U116/><E116/><V130/><F130/><W89/><G77/><T25/><D75/><U14/><E112/><V20/><F8/><W117/><G117/><T3/><D83/><U135/><E69/><V84/><F82/><W21/><G34/><T47/><D3/><U120/><E120/><V115/><F115/><W90/><G121/><T52/><D47/><U81/><E81/><V42/><F20/><W67/><G123/><T36/><D36/><U134/><E134/><V18/><F18/><W24/><G24/><T104/><D104/><N who="1" m="39979" /><E22/><V76/><F72/><W0/><G0/><T105/><D105/><U71/><E71/><V50/><F73/><W43/><G43/><N who="2" m="16425" /><F76/><W124/><G86/><T35/><D35/><U125/><E125/><V19/><F19/><W126/><G126/><T119/><D119/><U101/><E93/><V29/><F29/><W33/><G33/><T127/><D127/><U5/><E5/><V23/><F23/><W74/><G74/><T68/><D68/><U114/><E114/><V102/><F102/><AGARI ba="0,0" hai="12,14,56,61,64,101,102,103,132,133,135" m="39979" machi="102" ten="40,8000,1" yaku="20,1,52,3" doraHai="131" who="1" fromWho="2" sc="250,0,327,80,193,-80,230,0" /><INIT seed="3,0,0,2,1,36" ten="250,407,113,230" oya="3" hai0="87,28,125,93,69,131,62,16,100,61,94,6,19" hai1="50,1,7,104,106,52,4,71,45,134,47,91,92" hai2="25,76,123,0,64,77,112,81,23,107,108,79,122" hai3="73,129,117,128,59,88,89,95,30,102,124,132,39"/><W35/><G35/><T20/><D125/><U80/><E71/><V133/><F0/><W26/><G117/><T40/><D131/><N who="3" m="50249" /><G73/><T99/><D40/><U68/><E68/><V57/><F57/><W5/><G5/><T109/><D109/><U60/><E134/><V63/><F107/><W127/><G39/><T31/><D6/><U120/><E80/><V21/><F112/><W98/><G59/><T38/><D38/><U55/><E45/><V41/><F41/><W130/><G130/><T37/><D37/><U70/><E7/><V114/><F114/><W121/><G26/><T29/><D69/><U75/><E75/><V126/><F25/><W54/><G54/><T96/><D87/><U116/><E55/><V115/><F115/><W83/><G30/><T46/><D46/><U10/><E47/><V78/><N who="2" m="19968" /><DORA hai="44" /><V48/><F126/><N who="3" m="48171" /><G121/><N who="2" m="46089" /><F108/><W22/><G22/><N who="2" m="8201" /><F81/><W118/><G118/><T97/><D100/><U66/><E4/><V135/><F64/><W65/><G65/><T58/><D20/><U49/><E66/><V82/><F82/><W34/><G34/><T103/><D103/><U43/><E116/><V9/><F9/><W74/><G74/><T53/><D62/><U27/><E10/><V105/><F63/><W72/><G72/><T12/><D12/><U42/><E60/><V86/><F105/><W51/><G83/><T111/><D111/><U56/><E120/><V33/><F33/><W113/><G113/><T14/><D14/><U85/><E56/><V32/><F32/><W18/><G102/><T110/><D110/><U90/><E70/><RYUUKYOKU ba="0,0" sc="250,30,407,-10,113,-10,230,-10" hai0="16,19,28,29,31,53,58,61,93,94,96,97,99" owari="280,8.0,397,50.0,103,-40.0,220,-18.0" /></mjloggm>