<mjloggm ver="2.3"><GO type="97" lobby="0"/><UN n0="%E5%B7%A6%E5%A4%A9%E6%B6%99%E5%AD%90" n1="%69%6A%69%67%65%6E" n2="%4D%52%2E%73%6B%79" n3="%E3%82%A6%E3%83%AB%E3%83%88%E3%83%A9%E7%AB%8B%E7%9B%B4" dan="14,14,13,15" rate="1951.61,1923.32,1863.57,1971.97" sx="F,M,M,M"/><TAIKYOKU oya="0"/><INIT seed="0,0,0,5,3,134" ten="250,250,250,250" oya="0" hai0="84,18,62,103,16,109,110,82,122,10,81,9,27" hai1="38,135,35,0,123,20,48,45,78,68,97,77,33" hai2="96,74,42,4,71,8,34,37,114,102,108,53,127" hai3="83,30,41,19,85,87,90,125,6,28,95,94,51"/><T14/><D103/><U61/><E123/><V100/><F53/><W57/><G6/><T120/><D62/><U79/><E135/><V7/><F100/><W3/><G3/><T113/><D113/><U67/><E38/><V1/><F7/><W132/><G132/><T13/><D84/><U133/><E0/><V70/><F114/><W66/><G94/><T88/><D27/><U60/><E133/><V115/><F115/><W131/><G131/><T86/><D86/><U119/><E119/><V72/><F34/><W43/><G19/><T5/><D5/><U80/><E80/><V39/><F108/><W93/><G83/><T15/><D15/><U91/><E60/><V99/><F99/><W130/><G130/><T12/><D12/><U58/><E68/><V111/><F111/><W44/><G66/><T107/><D107/><U22/><E35/><V24/><F24/><W92/><G92/><T128/><D128/><U104/><E33/><V64/><F64/><W65/><G65/><T106/><D106/><U69/><E69/><V36/><F42/><W117/><G43/><T54/><D54/><N who="1" m="29967" /><E104/><V26/><F26/><W25/><G41/><T112/><REACH who="0" step="1"/><D112/><REACH who="0" ten="240,250,250,250" step="2"/><U118/><E61/><V2/><F71/><W32/><G25/><T55/><D55/><U73/><E67/><V31/><F70/><W50/><G93/><T101/><D101/><U29/><E73/><N who="2" m="28267" /><F2/><W47/><G87/><T98/><D98/><U105/><E97/><V52/><F52/><W75/><G85/><T40/><D40/><U121/><E77/><V129/><F1/><W126/><G75/><RYUUKYOKU ba="0,1" sc="240,30,250,-10,250,-10,250,-10" hai0="9,10,13,14,16,18,81,82,88,109,110,120,122" /><INIT seed="0,1,1,3,3,129" ten="270,240,240,240" oya="0" hai0="59,121,75,6,4,130,86,124,57,112,91,34,48" hai1="35,115,53,120,79,33,31,87,7,37,122,13,113" hai2="96,97,78,15,84,102,43,114,14,52,77,106,41" hai3="36,127,132,17,19,111,128,22,0,18,42,73,70"/><T90/><D112/><N who="1" m="43083" /><E37/><V10/><F114/><W81/><G0/><T83/><D121/><N who="1" m="46699" /><E53/><V44/><F84/><W23/><G70/><T28/><D75/><U51/><E51/><N who="2" m="28775" /><F102/><W66/><G66/><T8/><D130/><U11/><E79/><N who="2" m="30219" /><F106/><W63/><G42/><N who="2" m="15881" /><F15/><W82/><G36/><T3/><D3/><U69/><E69/><V16/><AGARI ba="1,1" hai="10,14,16,96,97" m="15881,30219,28775" machi="16" ten="30,4000,0" yaku="8,1,54,2" doraHai="129" who="2" fromWho="2" sc="270,-21,240,-11,240,53,240,-11" /><INIT seed="1,0,0,5,1,67" ten="249,229,293,229" oya="1" hai0="62,106,127,134,75,82,111,63,3,81,95,104,109" hai1="70,55,69,56,32,13,101,96,40,24,1,65,27" hai2="130,129,33,12,116,77,74,61,59,8,60,30,9" hai3="97,72,10,98,14,18,123,86,17,94,66,133,93"/><U103/><E1/><V121/><F121/><W46/><G72/><T23/><D3/><U36/><E32/><V16/><F116/><W39/><G123/><T54/><D134/><U26/><E65/><V119/><F119/><W68/><G133/><T64/><D75/><U90/><E13/><N who="2" m="7207" /><F30/><W42/><G18/><T11/><D11/><U43/><E36/><V76/><F33/><W114/><G114/><T83/><D95/><U58/><E90/><V125/><F125/><W21/><G10/><T122/><D122/><U92/><E103/><V48/><F48/><W112/><G112/><T73/><D73/><U34/><E34/><V19/><F74/><W87/><G94/><T88/><D127/><U132/><E132/><V4/><F4/><W126/><G97/><T0/><D0/><U118/><E118/><V115/><F115/><W120/><G120/><T52/><D88/><U84/><E84/><V25/><F25/><W102/><REACH who="3" step="1"/><G126/><REACH who="3" ten="249,229,293,219" step="2"/><T128/><D128/><N who="2" m="49258" /><F61/><AGARI ba="0,1" hai="14,17,21,39,42,46,61,66,68,86,87,93,98,102" machi="61" ten="40,8000,1" yaku="1,1,52,1,53,2" doraHai="67" doraHaiUra="80" who="3" fromWho="2" sc="249,0,229,0,293,-80,219,90" /><INIT seed="2,0,0,2,0,60" ten="249,229,213,309" oya="2" hai0="15,68,66,28,99,63,102,22,33,117,88,8,40" hai1="9,83,80,2,121,25,78,128,123,129,113,23,70" hai2="21,118,44,133,42,75,72,32,12,82,5,115,119" hai3="74,120,43,29,52,51,61,111,54,90,114,6,65"/><V124/><F32/><W20/><G74/><T107/><D117/><U41/><E41/><V85/><F115/><W50/><G120/><N who="1" m="46154" /><E113/><V71/><F71/><W57/><G114/><T48/><D40/><U92/><E70/><V106/><F106/><W98/><G6/><T73/><D73/><U135/><E135/><V76/><F75/><W112/><G112/><T16/><D48/><N who="3" m="18473" /><G111/><T10/><REACH who="0" step="1"/><D88/><REACH who="0" ten="239,229,213,309" step="2"/><U39/><E39/><V84/><F72/><W93/><G43/><T35/><D35/><U86/><E83/><V26/><F119/><W67/><G54/><T108/><D108/><U110/><E110/><V34/><F42/><W24/><AGARI ba="0,1" hai="20,24,29,52,57,61,65,67,90,93,98" m="18473" machi="24" ten="30,7900,0" yaku="8,1,52,2,54,1" doraHai="60" who="3" fromWho="3" sc="239,-20,229,-20,213,-39,309,89" /><INIT seed="3,0,0,1,4,99" ten="219,209,174,398" oya="3" hai0="62,33,91,134,64,118,100,76,84,73,129,46,113" hai1="0,2,12,120,22,28,48,77,67,128,110,15,34" hai2="105,54,20,55,1,5,45,10,4,104,35,93,50" hai3="103,81,98,6,36,9,115,82,108,7,13,92,40"/><W66/><G115/><T43/><D118/><U123/><E77/><V19/><F35/><W95/><G108/><T26/><D113/><U109/><E67/><V135/><F5/><W56/><G40/><T63/><D63/><U59/><E59/><V80/><F135/><W130/><G36/><T58/><D134/><U25/><E48/><V70/><F70/><W111/><G111/><N who="1" m="42506" /><E128/><V57/><F93/><W21/><G130/><T106/><D129/><U16/><E15/><V39/><F80/><W27/><G7/><T52/><D76/><U14/><E14/><V71/><F71/><W132/><G132/><T42/><D73/><U116/><E116/><V94/><F94/><W17/><G92/><T86/><D64/><U127/><E127/><V31/><F31/><W23/><G23/><T61/><D61/><AGARI ba="0,0" hai="6,9,13,17,21,27,56,61,66,81,82,95,98,103" machi="61" ten="40,3900,0" yaku="8,1,52,1" doraHai="99" who="3" fromWho="0" sc="219,-39,209,0,174,0,398,39" owari="180,-22.0,209,1.0,174,-33.0,437,54.0" /></mjloggm>