<mjloggm ver="2.3"><GO type="97" lobby="0"/><UN n0="%74%6F%6E%6E%64%61%67%6F" n1="%E3%83%AF%E3%82%A4%E3%83%AB%E3%83%89" n2="%E3%81%8A%E3%81%97%E3%82%83%E3%81%B5%E3%81%87%E3%81%AB" n3="%E3%82%A6%E3%83%AB%E3%83%88%E3%83%A9%E7%AB%8B%E7%9B%B4" dan="14,15,15,15" rate="1979.70,2026.17,2060.06,2007.03" sx="F,M,F,M"/><TAIKYOKU oya="0"/><INIT seed="0,0,0,2,3,56" ten="250,250,250,250" oya="0" hai0="103,61,91,47,73,85,23,87,16,99,66,55,107" hai1="122,48,11,128,8,71,63,35,117,74,129,127,88" hai2="59,30,70,114,50,112,10,130,118,27,24,116,82" hai3="126,1,4,67,92,93,43,2,14,53,60,13,68"/><T121/><D73/><U62/><E74/><V6/><F70/><W133/><G126/><T38/><D121/><U100/><E35/><N who="2" m="20935" /><F82/><W17/><G133/><T54/><D85/><U134/><E100/><V7/><F59/><W132/><G132/><T97/><D97/><U123/><E134/><V44/><F50/><W131/><G131/><N who="1" m="50250" /><E71/><V40/><F44/><W0/><G43/><T110/><D110/><U106/><E106/><V78/><F78/><W12/><G4/><N who="2" m="1577" /><F40/><W109/><G109/><T84/><D84/><U18/><E117/><N who="2" m="45163" /><F130/><W9/><G53/><T94/><D38/><U119/><E119/><V120/><F120/><N who="1" m="46121" /><E48/><V5/><F27/><W29/><G93/><T104/><D47/><U58/><E127/><V31/><F31/><W89/><REACH who="3" step="1"/><G29/><REACH who="3" ten="250,250,250,240" step="2"/><T115/><D107/><U80/><E80/><V111/><F111/><W15/><G15/><AGARI ba="0,1" hai="5,10,15,112,114" m="45163,1577,20935" machi="15" ten="30,3900,0" yaku="12,1,34,2" doraHai="56" who="2" fromWho="3" sc="250,0,250,0,250,49,240,-39" /><INIT seed="1,0,0,5,4,114" ten="250,250,299,201" oya="1" hai0="3,112,22,6,113,102,25,34,65,14,67,18,26" hai1="73,117,42,96,99,110,43,107,123,95,78,27,131" hai2="68,32,30,24,130,104,8,103,47,31,2,5,7" hai3="90,49,56,12,132,62,75,37,82,28,55,54,19"/><U40/><E123/><V69/><F7/><W57/><G37/><T63/><D65/><U66/><E131/><V109/><F31/><W115/><G115/><T48/><D48/><U128/><E128/><V88/><F130/><W76/><G132/><T127/><D127/><U106/><E110/><V64/><F109/><W10/><G28/><T129/><D129/><U74/><E66/><V1/><F47/><W33/><G33/><T135/><D135/><U61/><E61/><N who="2" m="39951" /><F88/><W85/><G75/><T97/><D25/><U121/><E121/><V60/><F60/><W79/><AGARI ba="0,0" hai="10,12,19,49,54,55,56,57,62,76,79,82,85,90" machi="79" ten="30,2000,0" yaku="0,1,8,1" doraHai="114" who="3" fromWho="3" sc="250,-5,250,-10,299,-5,201,20" /><INIT seed="2,0,0,5,3,71" ten="245,240,294,221" oya="2" hai0="38,102,94,18,86,108,116,4,30,76,129,45,23" hai1="111,61,100,68,14,121,3,1,60,72,34,130,107" hai2="21,131,0,31,91,132,134,119,110,99,84,42,109" hai3="53,57,12,6,47,19,29,88,87,103,13,10,122"/><V79/><F119/><W44/><G103/><T135/><D108/><N who="2" m="41578" /><F0/><W69/><G29/><T49/><D38/><U78/><E14/><V120/><F120/><W39/><G69/><T66/><D135/><U55/><E61/><V74/><F131/><W8/><G39/><T41/><D30/><U97/><E55/><V28/><F99/><W90/><G122/><T112/><D129/><U48/><E48/><V11/><F11/><W118/><G118/><T17/><D4/><U5/><E130/><V26/><F42/><W36/><G36/><T15/><D66/><U51/><E51/><V22/><F31/><W105/><G105/><T128/><D112/><U33/><E121/><V65/><F65/><W25/><G25/><T59/><D59/><U37/><E111/><V83/><F22/><W125/><G125/><T114/><D114/><U93/><E93/><AGARI ba="0,0" hai="21,26,28,74,79,83,84,91,93,132,134" m="41578" machi="93" ten="30,2900,0" yaku="14,1,10,1" doraHai="71" who="2" fromWho="1" sc="245,0,240,-29,294,29,221,0" /><INIT seed="2,1,0,4,1,24" ten="245,211,323,221" oya="2" hai0="62,127,47,100,108,125,53,3,111,10,121,56,18" hai1="46,16,4,107,64,117,123,68,0,40,77,96,78" hai2="106,112,51,49,85,41,33,105,54,74,67,17,8" hai3="12,134,109,95,25,126,55,93,28,76,6,7,124"/><V48/><F74/><W90/><G76/><T65/><D100/><U81/><E117/><V43/><F112/><W66/><G66/><T102/><D102/><U34/><E123/><V73/><F73/><W135/><G55/><T84/><D3/><U98/><E34/><V42/><F67/><W37/><G37/><T2/><D2/><U83/><E107/><V9/><F33/><N who="3" m="20623" /><G95/><T44/><D10/><U72/><E64/><V120/><F120/><W14/><G93/><T61/><D18/><U31/><E68/><V101/><F54/><W71/><G90/><T132/><D84/><U11/><E16/><V50/><F50/><W1/><G71/><N who="0" m="42415" /><D132/><N who="3" m="50729" /><G109/><N who="0" m="42059" /><D121/><U122/><E122/><V131/><F101/><W20/><G20/><T15/><D15/><N who="3" m="5673" /><G1/><T35/><D35/><U119/><E119/><V13/><F85/><W99/><G99/><T97/><D97/><U114/><E114/><V52/><F105/><W21/><G21/><T87/><D87/><U92/><E92/><V94/><F94/><W58/><G58/><T116/><D116/><U29/><E98/><V5/><F106/><W57/><G57/><T45/><AGARI ba="1,0" hai="44,45,47,53,56,62,125,127" m="42059,42415" machi="45" ten="40,5200,0" yaku="14,1,34,2" doraHai="24" who="0" fromWho="0" sc="245,55,211,-14,323,-27,221,-14" /><INIT seed="3,0,0,2,2,55" ten="300,197,296,207" oya="3" hai0="54,43,33,35,125,83,39,131,75,28,101,122,95" hai1="90,7,44,37,80,100,10,12,123,116,31,40,61" hai2="59,36,73,56,132,96,16,128,88,78,29,27,38" hai3="26,69,74,108,134,11,53,82,34,79,52,18,70"/><W84/><G134/><T21/><D122/><U107/><E123/><V1/><F1/><W51/><G108/><T46/><D131/><U135/><E135/><V41/><F73/><W24/><G74/><T23/><D125/><U65/><E116/><V22/><F132/><W85/><G69/><T119/><D35/><U114/><E114/><V42/><F38/><W6/><G70/><T0/><D0/><U121/><E121/><V68/><F68/><W106/><G106/><T129/><D129/><U86/><E31/><V72/><F36/><W63/><G34/><T67/><D67/><U14/><E100/><V91/><F128/><W81/><G18/><T110/><D110/><U93/><E107/><V98/><F78/><W49/><G63/><T5/><D5/><U64/><E93/><N who="2" m="56359" /><F72/><W109/><G109/><T102/><D33/><U103/><E103/><V32/><F29/><W15/><G82/><T25/><D21/><U20/><REACH who="1" step="1"/><E61/><REACH who="1" ten="300,187,296,207" step="2"/><V89/><F32/><W30/><G30/><T120/><D120/><U117/><E117/><V3/><F3/><W87/><G81/><T94/><D102/><U58/><E58/><N who="2" m="22059" /><F91/><W9/><G79/><T118/><D118/><U99/><E99/><V130/><F130/><W2/><G2/><T57/><D101/><U76/><E76/><V97/><F97/><W113/><G113/><T133/><D133/><U115/><E115/><V19/><F98/><W17/><G84/><T92/><D119/><U104/><E104/><V77/><F77/><W71/><G71/><T48/><D75/><U105/><E105/><V112/><F112/><RYUUKYOKU ba="0,1" sc="300,15,187,15,296,-15,207,-15" hai0="23,25,28,39,43,46,48,54,57,83,92,94,95" hai1="7,10,12,14,20,37,40,44,64,65,80,86,90" owari="325,43.0,202,-20.0,281,8.0,192,-31.0" /></mjloggm>