<mjloggm ver="2.3"><GO type="97" lobby="0"/><UN n0="%6B%6F%64%61%6D%61%2F" n1="%63%61%63%61%6F" n2="%73%68%69%6D%6F%71" n3="%E3%82%A6%E3%83%AB%E3%83%88%E3%83%A9%E7%AB%8B%E7%9B%B4" dan="15,14,15,14" rate="2008.35,1874.59,2000.59,1911.98" sx="M,M,M,M"/><TAIKYOKU oya="0"/><INIT seed="0,0,0,1,0,79" ten="250,250,250,250" oya="0" hai0="61,114,42,67,135,60,124,75,127,28,101,88,59" hai1="80,44,49,16,121,105,71,83,86,21,130,15,13" hai2="24,109,78,37,103,6,10,128,94,73,63,110,119" hai3="46,126,97,40,39,54,133,8,120,84,96,100,31"/><T41/><D114/><U11/><E105/><V7/><F63/><W89/><G126/><N who="0" m="48171" /><D75/><U47/><E71/><V74/><F119/><W22/><G133/><T107/><D28/><U9/><E121/><V43/><F24/><W26/><G120/><T17/><D135/><U68/><E68/><V90/><F103/><W45/><G8/><T95/><D107/><U65/><E65/><V106/><F106/><W70/><G70/><N who="0" m="42343" /><D101/><U27/><E130/><V112/><F112/><W85/><G100/><T132/><D17/><N who="1" m="8367" /><E86/><V32/><F32/><W29/><G85/><N who="0" m="52623" /><D132/><U98/><E98/><V33/><F33/><W108/><G31/><T118/><D118/><U52/><E47/><V12/><F6/><AGARI ba="0,0" hai="6,11,15,16,21,27,44,49,52,80,83" m="8367" machi="6" ten="30,8000,1" yaku="8,1,52,2,54,2" doraHai="79" who="1" fromWho="2" sc="250,0,250,80,250,-80,250,0" /><INIT seed="1,0,0,2,0,121" ten="250,330,170,250" oya="1" hai0="118,89,65,17,84,109,15,2,87,55,127,18,133" hai1="114,49,38,120,106,46,135,73,66,25,42,63,102" hai2="39,100,119,105,117,3,27,82,12,43,14,1,112" hai3="104,34,54,124,4,45,22,53,20,111,70,78,60"/><U88/><E120/><V86/><F105/><W47/><G104/><T51/><D118/><U79/><E114/><V134/><F100/><W10/><G34/><T37/><D37/><U92/><E135/><V83/><F43/><W50/><G124/><T131/><D127/><U99/><E25/><V75/><F39/><W85/><G85/><T8/><D133/><U80/><E38/><V67/><F67/><W41/><G78/><T77/><D131/><U24/><E24/><V97/><F97/><W21/><G111/><T30/><D109/><U59/><REACH who="1" step="1"/><E106/><REACH who="1" ten="250,320,170,250" step="2"/><V107/><F107/><W129/><G129/><T52/><D77/><U103/><AGARI ba="0,1" hai="42,46,49,59,63,66,73,79,80,88,92,99,102,103" machi="103" ten="30,11700,0" yaku="1,1,2,1,0,1,54,1,53,0" doraHai="121" doraHaiUra="5" who="1" fromWho="1" sc="250,-39,320,127,170,-39,250,-39" /><INIT seed="1,1,0,4,1,50" ten="211,447,131,211" oya="1" hai0="77,36,51,65,9,109,117,14,3,112,64,69,132" hai1="87,86,46,62,118,90,25,58,0,49,40,43,124" hai2="11,68,97,16,108,103,8,100,107,27,20,120,96" hai3="85,135,57,131,5,23,34,79,78,22,47,75,72"/><U111/><E0/><V45/><F68/><W106/><G106/><T53/><D3/><U126/><E118/><V63/><F120/><W4/><G57/><T41/><D117/><U76/><E76/><V81/><F108/><W102/><G102/><T113/><D77/><U98/><E111/><V84/><F63/><W28/><G28/><T119/><D109/><U17/><E126/><V128/><F128/><W66/><G66/><T93/><D119/><U30/><E124/><V73/><F73/><W80/><G34/><T13/><D132/><U10/><E10/><V101/><F45/><W88/><G47/><T133/><D133/><U105/><E105/><V122/><F122/><W129/><G135/><T67/><D69/><U59/><E58/><V33/><F33/><W1/><G1/><T2/><D14/><U6/><E6/><V42/><F42/><W89/><G85/><T26/><D2/><U29/><E43/><V95/><REACH who="2" step="1"/><F101/><REACH who="2" ten="211,447,121,211" step="2"/><W74/><G74/><T110/><D41/><U24/><E62/><V32/><F32/><W15/><G75/><T71/><D110/><U116/><E116/><V92/><F92/><W60/><G72/><T94/><D71/><U52/><E40/><V54/><F54/><W31/><G60/><T115/><D94/><N who="1" m="56663" /><E46/><V39/><F39/><W114/><G131/><T70/><D36/><U19/><E30/><V125/><F125/><W55/><G129/><T91/><D70/><U104/><E104/><V21/><F21/><W7/><G23/><T121/><D121/><U83/><E29/><V127/><F127/><W123/><G31/><RYUUKYOKU ba="1,1" sc="211,-10,447,-10,121,30,211,-10" hai2="8,11,16,20,27,81,84,95,96,97,100,103,107" /><INIT seed="2,2,1,3,3,109" ten="201,437,151,201" oya="2" hai0="5,103,118,51,16,86,116,125,46,79,64,53,59" hai1="97,26,39,72,88,121,90,37,44,15,110,70,1" hai2="10,130,108,7,95,133,23,120,74,28,115,3,31" hai3="60,29,66,132,105,113,69,101,57,122,54,123,4"/><V92/><F74/><W78/><G132/><T135/><D135/><U0/><E110/><V83/><F133/><W73/><G4/><T34/><D34/><U100/><E70/><V20/><F108/><W114/><G78/><T80/><D125/><U43/><E72/><V27/><F83/><W67/><G73/><T25/><D103/><U134/><E134/><V13/><F120/><N who="3" m="46123" /><G101/><T107/><D107/><U6/><E39/><V14/><F130/><W11/><G11/><T102/><D102/><U18/><E26/><N who="2" m="16455" /><F92/><W131/><G29/><T91/><D5/><U84/><E121/><V33/><F95/><W126/><G105/><T45/><D64/><N who="3" m="24617" /><G126/><T19/><D79/><U98/><E98/><V36/><F36/><W24/><G24/><T129/><D129/><U106/><E90/><V42/><F42/><W62/><G131/><T58/><D25/><U111/><E111/><V17/><F115/><N who="3" m="44043" /><G69/><T81/><D81/><U21/><E6/><V48/><F48/><AGARI ba="2,1" hai="48,54,57,60,62" m="44043,24617,46123" machi="48" ten="30,12000,2" yaku="11,1,34,2,52,3" doraHai="109" who="3" fromWho="2" sc="201,0,437,0,151,-126,201,136" /><INIT seed="3,0,0,5,2,55" ten="201,437,25,337" oya="3" hai0="67,41,112,125,47,60,72,102,96,31,133,38,12" hai1="70,4,110,46,35,126,115,121,24,50,124,30,103" hai2="135,92,22,44,56,83,69,5,107,52,114,43,42" hai3="15,73,131,14,66,3,75,86,21,90,84,8,26"/><W33/><G131/><T29/><D125/><N who="1" m="48235" /><E4/><V76/><F107/><W53/><G3/><T113/><D133/><U88/><E70/><V36/><F114/><W108/><G108/><T82/><D31/><U106/><E110/><V111/><F135/><W20/><G33/><T85/><D29/><U49/><E115/><V54/><F111/><W28/><G66/><T101/><D101/><U58/><E121/><V91/><F69/><W59/><G21/><T23/><D23/><U132/><E132/><V74/><F43/><W104/><G104/><T25/><D25/><U16/><E16/><V1/><F22/><W45/><G45/><T32/><D32/><U93/><E46/><V122/><F122/><W105/><G105/><T62/><D12/><U19/><E58/><V0/><F54/><W18/><G15/><T64/><D64/><U89/><E19/><V51/><F5/><W57/><G86/><T40/><D40/><U128/><E128/><V27/><F27/><W79/><G79/><T80/><D62/><U98/><E89/><V71/><F71/><W99/><G99/><AGARI ba="0,0" hai="24,30,35,49,50,88,93,98,99,103,106" m="48235" machi="99" ten="30,2000,0" yaku="18,1,54,1" doraHai="55" who="1" fromWho="3" sc="201,0,437,20,25,0,337,-20" owari="201,-20.0,457,55.0,25,-47.0,317,12.0" /></mjloggm>