<mjloggm ver="2.3"><GO type="97" lobby="0"/><UN n0="%E8%8C%89%E9%88%B4%E3%81%BF" n1="%75%6F%6B%6B%61%34%39%34" n2="%E3%82%A6%E3%83%AB%E3%83%88%E3%83%A9%E7%AB%8B%E7%9B%B4" n3="%E9%9D%92%E8%92%BC%E3%81%AE%E9%88%B4" dan="13,14,15,14" rate="1913.49,1990.52,2014.10,1904.23" sx="M,M,M,M"/><TAIKYOKU oya="0"/><INIT seed="0,0,0,4,0,45" ten="250,250,250,250" oya="0" hai0="123,112,76,3,47,27,102,126,105,95,91,11,71" hai1="121,52,23,106,99,128,84,67,90,62,129,56,81" hai2="46,94,118,86,25,54,74,64,7,82,127,69,49" hai3="36,17,80,135,13,42,108,72,14,101,79,115,110"/><T50/><D112/><U12/><E121/><V114/><F114/><W131/><G115/><T130/><D123/><U77/><E67/><V61/><F118/><W35/><G35/><T63/><D126/><U85/><E99/><V68/><F127/><W100/><G36/><T66/><D130/><U55/><E106/><V18/><F7/><W43/><G135/><T116/><D116/><U30/><E55/><V70/><F74/><W33/><G33/><T31/><D76/><U103/><E103/><N who="3" m="39498" /><G131/><T38/><D38/><U120/><E120/><V119/><F94/><W0/><G0/><T41/><D102/><U1/><E1/><V133/><F133/><W75/><G80/><T58/><D105/><U15/><E15/><N who="3" m="5642" /><G17/><T92/><D71/><U117/><E117/><V21/><REACH who="2" step="1"/><F119/><REACH who="2" ten="250,250,240,250" step="2"/><W39/><G39/><T89/><D95/><U88/><E129/><V57/><F57/><W107/><G107/><T32/><REACH who="0" step="1"/><D92/><REACH who="0" ten="240,250,240,250" step="2"/><U37/><E128/><V19/><F19/><W40/><G79/><AGARI ba="0,2" hai="18,21,25,46,49,54,61,64,68,69,70,79,82,86" machi="79" ten="30,3900,0" yaku="1,1,7,1,52,1,53,0" doraHai="45" doraHaiUra="113" who="2" fromWho="3" sc="240,0,250,0,240,59,250,-39" /><INIT seed="1,0,0,4,4,105" ten="240,250,299,211" oya="1" hai0="9,77,23,47,54,80,8,130,101,107,45,49,38" hai1="21,81,35,78,123,85,27,55,52,118,39,51,44" hai2="56,72,11,28,12,25,115,116,110,0,6,131,102" hai3="104,73,133,50,79,2,111,65,94,3,10,67,84"/><U114/><E123/><V18/><F116/><W53/><G104/><T36/><D130/><U126/><E118/><V46/><F131/><W88/><G133/><T76/><D107/><U29/><E114/><V34/><F102/><W125/><G125/><T14/><D101/><U61/><E126/><V7/><F7/><W103/><G111/><T1/><D77/><U60/><E39/><V86/><F110/><W89/><G103/><T24/><D1/><U119/><E119/><V33/><F33/><W26/><G26/><T64/><D64/><U127/><E127/><V22/><F72/><W113/><G113/><T13/><D9/><U16/><E55/><V124/><F124/><W90/><G3/><T83/><D80/><U75/><E85/><V91/><F115/><W135/><G135/><T31/><D13/><AGARI ba="0,0" hai="13,16,21,27,29,35,44,51,52,60,61,75,78,81" machi="13" ten="30,11600,0" yaku="7,1,52,1,54,2" doraHai="105" who="1" fromWho="0" sc="240,-116,250,116,299,0,211,0" /><INIT seed="1,1,0,4,4,73" ten="124,366,299,211" oya="1" hai0="98,4,112,48,80,86,24,49,18,107,109,105,31" hai1="93,17,12,95,50,81,126,129,29,94,108,130,65" hai2="66,85,6,89,10,120,111,127,133,0,25,14,3" hai3="76,35,87,53,59,26,124,21,117,39,54,121,27"/><U97/><E126/><V70/><F120/><W38/><G121/><T63/><D112/><U67/><E108/><V28/><F111/><W128/><G124/><T61/><D109/><U9/><E29/><V16/><F127/><W106/><G21/><T5/><D98/><U103/><E81/><V113/><F113/><W100/><G59/><T32/><D18/><U51/><E67/><V83/><F133/><W46/><G46/><T19/><D19/><U42/><E65/><V134/><F134/><W101/><G87/><T15/><D105/><U92/><E42/><V74/><F74/><W34/><G106/><T64/><D107/><U58/><E58/><V110/><F110/><W62/><G62/><T78/><D63/><U7/><E7/><V60/><REACH who="2" step="1"/><F6/><REACH who="2" ten="124,366,289,211" step="2"/><W114/><G114/><T123/><D123/><U72/><E72/><V132/><F132/><W88/><G128/><AGARI ba="1,1" hai="9,12,17,50,51,92,93,94,95,97,103,128,129,130" machi="128" ten="40,2000,0" yaku="19,1" doraHai="73" who="1" fromWho="3" sc="124,0,366,33,289,0,211,-23" /><INIT seed="1,2,0,3,5,108" ten="124,399,289,188" oya="1" hai0="112,116,22,1,67,80,66,27,32,97,104,118,115" hai1="135,109,51,59,129,127,50,111,62,90,125,94,70" hai2="7,74,36,102,48,76,105,87,86,54,84,34,88" hai3="19,69,9,81,42,33,106,123,110,47,40,99,114"/><U122/><E122/><V117/><F36/><W91/><G123/><T18/><D1/><U25/><E70/><V101/><F34/><W45/><G69/><T107/><D32/><U57/><E25/><V100/><F7/><W85/><G33/><T16/><D27/><U95/><E90/><V68/><F68/><W92/><G110/><N who="1" m="41994" /><E95/><N who="2" m="54687" /><F54/><W73/><G73/><T6/><D22/><U10/><E94/><V24/><F24/><W64/><G106/><T82/><REACH who="0" step="1"/><D97/><REACH who="0" ten="114,399,289,188" step="2"/><U26/><E26/><V61/><F117/><W83/><G99/><T46/><D46/><U124/><E10/><V52/><F105/><W120/><G9/><T3/><D3/><U14/><E14/><V41/><F74/><W89/><G85/><T63/><D63/><U28/><E28/><V103/><F76/><W126/><G47/><T93/><D93/><U31/><E31/><V20/><F20/><W29/><G45/><T96/><D96/><U4/><E62/><V121/><F61/><W30/><G92/><T12/><D12/><U11/><E11/><V0/><F0/><W17/><G64/><T131/><D131/><U65/><E65/><V43/><F86/><W8/><G8/><T75/><D75/><U77/><E129/><V38/><F84/><W21/><G120/><T49/><D49/><N who="1" m="18443" /><E77/><V53/><F48/><W78/><G78/><T130/><D130/><U44/><E127/><V128/><F128/><W132/><G21/><T133/><D133/><U98/><E98/><V71/><F53/><W113/><G126/><T56/><D56/><U35/><E35/><V39/><F52/><RYUUKYOKU ba="2,1" sc="114,15,399,-15,289,-15,188,15" hai0="6,16,18,66,67,80,82,104,107,112,115,116,118" hai3="17,19,29,30,40,42,81,83,89,91,113,114,132" /><INIT seed="2,3,1,4,3,119" ten="129,384,274,203" oya="2" hai0="26,40,103,48,130,134,63,72,47,55,64,96,58" hai1="73,68,19,107,61,102,43,112,108,7,125,32,15" hai2="62,91,74,120,87,76,25,116,20,124,51,79,104" hai3="80,37,35,70,14,60,98,30,111,42,16,12,6"/><V54/><F104/><W78/><G111/><T57/><D72/><U122/><E73/><V65/><F74/><W93/><G37/><N who="0" m="21903" /><D26/><U53/><E125/><V66/><F124/><W67/><G42/><T49/><D96/><N who="1" m="61895" /><E122/><V69/><F65/><W115/><G115/><T33/><D103/><U31/><E112/><V123/><F116/><W83/><G35/><T18/><D18/><U106/><E19/><V50/><F79/><W41/><G41/><T13/><D13/><U75/><E75/><V135/><F76/><W5/><G30/><T105/><D105/><U81/><E106/><V10/><F10/><W97/><G14/><T21/><D21/><U29/><E108/><V27/><F27/><W131/><G131/><T82/><D82/><U99/><E81/><V101/><F101/><W56/><G70/><N who="0" m="42271" /><D33/><U127/><E32/><V88/><F91/><N who="3" m="55487" /><G98/><T8/><D8/><U44/><E99/><V77/><F77/><W23/><G78/><T85/><D134/><U1/><E127/><V34/><F135/><W38/><G38/><T22/><D22/><U113/><E1/><V36/><F34/><W132/><G132/><T129/><D85/><U118/><E113/><V84/><F36/><W24/><G5/><T2/><D2/><U128/><E7/><V45/><F84/><W86/><G86/><T126/><D126/><U39/><E118/><V110/><F110/><W89/><G89/><T59/><D59/><U90/><E90/><V95/><F50/><W121/><G6/><T0/><D0/><U92/><E31/><AGARI ba="3,1" hai="20,25,31,45,51,54,62,66,69,87,88,95,120,123" machi="31" ten="30,11600,0" yaku="7,1,52,2,54,1" doraHai="119" who="2" fromWho="1" sc="129,0,384,-125,274,135,203,0" /><INIT seed="2,4,0,5,2,3" ten="129,259,409,203" oya="2" hai0="130,33,14,80,0,96,119,47,94,99,52,91,110" hai1="2,50,115,85,53,61,30,71,27,93,10,128,55" hai2="22,86,31,126,105,82,113,104,108,69,56,117,88" hai3="6,39,107,111,101,121,51,17,123,97,13,45,118"/><V64/><F69/><W43/><G118/><T12/><D0/><U78/><E115/><V18/><F117/><W79/><G111/><T23/><D119/><U36/><E36/><V8/><F113/><W21/><G79/><T135/><D33/><U100/><E128/><V65/><F108/><W5/><REACH who="3" step="1"/><G39/><REACH who="3" ten="129,259,409,193" step="2"/><T81/><D130/><U92/><E78/><V89/><F126/><W9/><G9/><T42/><D110/><U76/><E76/><V116/><F116/><W134/><G134/><T62/><D135/><U87/><E10/><V28/><F8/><W75/><G75/><T11/><D99/><U37/><E37/><V41/><F105/><W1/><G1/><T73/><D73/><U77/><E77/><V84/><F104/><W106/><G106/><T95/><D94/><U74/><E74/><V35/><F86/><W133/><G133/><T32/><D32/><U112/><E2/><V70/><F84/><W57/><G57/><N who="0" m="35111" /><D23/><U102/><E112/><V90/><F22/><W122/><AGARI ba="4,1" hai="5,6,13,17,21,43,45,51,97,101,107,121,122,123" machi="122" ten="30,8000,1" yaku="1,1,0,1,52,2,53,1" doraHai="3" doraHaiUra="46" who="3" fromWho="3" sc="129,-24,259,-24,409,-44,193,102" /><INIT seed="3,0,0,1,2,102" ten="105,235,365,295" oya="3" hai0="38,41,79,129,83,127,117,69,25,61,60,56,104" hai1="7,46,59,6,92,33,73,26,132,80,51,49,123" hai2="63,55,134,34,128,90,118,133,116,50,89,66,93" hai3="36,107,120,10,135,12,14,95,71,13,57,75,1"/><W115/><G115/><T62/><D25/><U88/><E123/><V106/><F106/><W18/><G120/><T78/><D83/><U85/><E132/><N who="2" m="50795" /><F34/><W65/><G135/><T17/><D17/><U86/><E73/><V76/><F76/><W21/><G36/><T3/><D127/><U100/><E100/><V32/><F32/><W37/><G37/><T125/><D125/><U30/><E59/><N who="2" m="33271" /><F128/><W31/><G71/><T11/><D56/><U97/><E51/><V126/><F126/><W77/><G107/><T122/><D60/><U44/><E44/><V5/><F5/><W22/><G75/><T19/><D38/><U112/><E112/><V131/><F131/><W16/><G77/><T58/><D58/><U81/><E81/><V70/><F90/><W0/><G95/><T53/><D129/><U119/><E119/><V84/><AGARI ba="0,0" hai="63,66,70,84,89,93,116,118" m="33271,50795" machi="84" ten="30,1100,0" yaku="20,1" doraHai="102" who="2" fromWho="2" sc="105,-3,235,-3,365,11,295,-5" owari="102,-40.0,232,-17.0,376,48.0,290,9.0" /></mjloggm>