<mjloggm ver="2.3"><GO type="97" lobby="0"/><UN n0="%48%47%53%54" n1="%E6%B0%B4%E7%84%A1%E6%82%A0%E9%87%8C" n2="%E3%82%A6%E3%83%AB%E3%83%88%E3%83%A9%E7%AB%8B%E7%9B%B4" n3="%E3%83%A6%E3%83%AA%E3%82%B9" dan="15,14,15,13" rate="2009.23,1876.99,2006.36,1867.14" sx="M,F,M,M"/><TAIKYOKU oya="0"/><INIT seed="0,0,0,1,4,86" ten="250,250,250,250" oya="0" hai0="116,135,123,67,102,77,44,104,24,68,98,99,131" hai1="109,107,63,94,76,134,5,42,74,8,38,103,62" hai2="93,72,21,83,108,128,22,91,12,54,100,89,122" hai3="125,40,130,121,88,95,78,2,47,10,52,46,48"/><T65/><D123/><U82/><E107/><V13/><F122/><W81/><G121/><T30/><D116/><U43/><E109/><V26/><F108/><W59/><G130/><T105/><D135/><U19/><E134/><V97/><F128/><W27/><G125/><T101/><D131/><U57/><E19/><V18/><F13/><W33/><G2/><T117/><D117/><U114/><E114/><V35/><F35/><W51/><G10/><T31/><D77/><U29/><E29/><V15/><F15/><W85/><G33/><T7/><D7/><U49/><E38/><V45/><F72/><W4/><G4/><T11/><D11/><U119/><E119/><V16/><F83/><W115/><G115/><T25/><D44/><U60/><E103/><V66/><F66/><W118/><G118/><T55/><D55/><U39/><E39/><V111/><F111/><W32/><G32/><T64/><REACH who="0" step="1"/><D64/><REACH who="0" ten="240,250,250,250" step="2"/><U3/><E8/><V58/><F45/><W56/><REACH who="3" step="1"/><G27/><REACH who="3" ten="240,250,250,240" step="2"/><T34/><D34/><U41/><E5/><V80/><F80/><W71/><G71/><AGARI ba="0,2" hai="24,25,30,31,65,67,68,71,98,99,101,102,104,105" machi="71" ten="25,4800,0" yaku="1,1,22,2,53,0" doraHai="86" doraHaiUra="36" who="0" fromWho="3" sc="240,68,250,0,250,0,240,-48" /><INIT seed="0,1,0,4,2,67" ten="308,250,250,192" oya="0" hai0="88,70,3,71,78,29,39,7,89,6,59,47,115" hai1="103,130,54,86,77,49,20,10,118,21,24,34,53" hai2="5,46,37,60,134,11,104,97,66,128,84,8,111" hai3="83,69,23,120,74,114,95,16,94,90,135,123,102"/><T45/><D115/><U52/><E118/><V58/><F128/><W110/><G114/><T82/><D29/><U26/><E34/><V73/><F134/><W92/><G135/><T9/><D7/><U76/><E130/><V38/><F111/><W133/><G133/><T62/><D47/><U107/><E107/><V51/><F73/><W22/><G110/><T36/><D36/><U50/><E103/><V116/><F116/><W85/><G102/><T99/><D99/><U17/><E10/><V113/><F113/><W101/><G101/><T132/><D132/><U2/><E2/><V12/><F104/><W96/><G74/><N who="0" m="43351" /><D59/><U131/><E131/><V4/><F97/><W48/><G96/><T87/><D62/><U105/><E105/><V98/><F98/><W64/><G48/><N who="1" m="18538" /><E86/><V122/><F122/><N who="3" m="46635" /><G64/><T108/><D108/><U117/><E117/><V61/><F84/><W56/><G56/><T40/><D89/><U19/><AGARI ba="1,0" hai="17,19,20,21,24,26,52,53,54,76,77" m="18538" machi="19" ten="30,2000,0" yaku="8,1,54,1" doraHai="67" who="1" fromWho="1" sc="308,-11,250,23,250,-6,192,-6" /><INIT seed="1,0,0,3,1,4" ten="297,273,244,186" oya="1" hai0="5,72,87,33,31,55,109,27,13,92,100,23,9" hai1="96,43,67,29,125,47,52,114,51,98,44,30,25" hai2="107,60,17,53,40,49,90,134,8,135,39,45,65" hai3="128,91,85,116,94,16,82,15,105,80,32,106,84"/><U112/><E125/><V24/><F107/><W120/><G32/><T77/><D109/><U110/><E67/><V111/><F90/><W119/><G120/><T19/><D72/><U89/><E110/><V122/><F122/><W0/><G0/><T48/><D100/><U83/><E114/><V88/><F111/><W93/><G128/><T2/><D77/><U108/><E112/><V57/><F88/><N who="3" m="53383" /><G16/><T123/><D123/><U129/><E129/><V81/><F81/><N who="3" m="31339" /><G15/><T37/><D37/><U42/><E108/><V59/><F24/><W11/><G11/><T99/><D87/><N who="1" m="50431" /><E43/><V26/><F26/><W113/><G113/><T71/><D71/><U22/><E30/><V28/><F28/><W73/><G73/><T35/><D92/><U101/><E101/><V95/><F95/><W115/><G115/><T61/><D99/><N who="1" m="37931" /><E42/><V38/><F38/><W103/><G103/><T124/><D124/><U21/><E21/><V50/><F39/><W102/><G102/><T126/><D126/><U69/><E69/><V63/><F63/><W75/><G75/><T66/><D61/><U12/><E12/><V68/><F68/><W133/><G133/><T118/><D66/><U86/><E86/><V20/><F20/><W36/><G36/><T70/><D70/><U58/><AGARI ba="0,0" hai="22,25,29,44,47,51,52,58" m="37931,50431" machi="58" ten="30,3000,0" yaku="8,1,54,1" doraHai="4" who="1" fromWho="1" sc="297,-10,273,30,244,-10,186,-10" /><INIT seed="1,1,0,5,4,101" ten="287,303,234,176" oya="1" hai0="4,38,123,109,112,39,25,63,40,83,60,64,67" hai1="134,110,24,15,20,113,97,116,107,52,135,103,127" hai2="124,66,34,96,84,88,115,85,77,10,54,6,128" hai3="27,87,51,119,53,76,131,122,98,106,130,58,2"/><U100/><E116/><V41/><F34/><W68/><G119/><T86/><D112/><U23/><E113/><V16/><F115/><W48/><G68/><T35/><D123/><U105/><E127/><V33/><F33/><W26/><G122/><T79/><D109/><U55/><E110/><V118/><F118/><W62/><G2/><T108/><D108/><U56/><E15/><V18/><F124/><W11/><G11/><T69/><D40/><U9/><E9/><V59/><F128/><W3/><G3/><T8/><D25/><U21/><E24/><V5/><F66/><W133/><G133/><N who="1" m="50698" /><E56/><V70/><F70/><W65/><G26/><T82/><D35/><U36/><E36/><V89/><F41/><W29/><G65/><T93/><D82/><U47/><E47/><V120/><F120/><W78/><G78/><T22/><D22/><U104/><E100/><V72/><F77/><W71/><G71/><T74/><D93/><AGARI ba="1,0" hai="20,21,23,52,55,93,97,103,104,105,107" m="50698" machi="93" ten="40,12000,1" yaku="20,1,52,3,54,1" doraHai="101" who="1" fromWho="0" sc="287,-123,303,123,234,0,176,0" /><INIT seed="1,2,0,4,1,52" ten="164,426,234,176" oya="1" hai0="81,88,133,109,59,126,63,123,2,69,134,104,6" hai1="8,13,91,86,120,90,116,115,44,50,102,92,11" hai2="127,96,24,85,54,78,73,35,28,72,56,58,3" hai3="132,87,26,46,70,16,113,128,39,129,41,122,93"/><U101/><E116/><V10/><F127/><W48/><G122/><T0/><D104/><U103/><E115/><V57/><F96/><W84/><G113/><T22/><D69/><U38/><E38/><V64/><F64/><W105/><G105/><T37/><D37/><U125/><E120/><V34/><F54/><W15/><G70/><T62/><D123/><U14/><E125/><V119/><F119/><W51/><G26/><T75/><D126/><U5/><E91/><V45/><F45/><W76/><G132/><N who="0" m="50795" /><D63/><U23/><E23/><V95/><F34/><W121/><G121/><T25/><D6/><U110/><E110/><V1/><F10/><W9/><G76/><N who="0" m="44191" /><D109/><U107/><E107/><V68/><F68/><W43/><G43/><T36/><D36/><U106/><E106/><V30/><F30/><W19/><G19/><N who="0" m="12511" /><D88/><U40/><E103/><V65/><F65/><AGARI ba="2,0" hai="0,2,59,62,65" m="12511,44191,50795" machi="65" ten="30,2000,0" yaku="20,1,52,1" doraHai="52" who="0" fromWho="2" sc="164,26,426,0,234,-26,176,0" /><INIT seed="2,0,0,1,5,56" ten="190,426,208,176" oya="2" hai0="21,115,14,102,22,3,45,13,118,109,91,32,69" hai1="72,117,26,57,110,84,134,100,62,6,37,71,81" hai2="38,63,50,106,60,35,39,111,55,52,113,20,47" hai3="130,9,135,31,114,77,126,1,44,7,87,66,93"/><V46/><F35/><W5/><G114/><T105/><D115/><U41/><E117/><V107/><F20/><W129/><G66/><T92/><D118/><U96/><E71/><V25/><F25/><W27/><G44/><T99/><D109/><U65/><E72/><V108/><F113/><W49/><G49/><AGARI ba="0,0" hai="38,39,46,47,49,50,52,55,60,63,106,107,108,111" machi="49" ten="25,12000,1" yaku="22,2,52,2,54,1" doraHai="56" who="2" fromWho="3" sc="190,0,426,0,208,120,176,-120" /><INIT seed="2,1,0,4,5,6" ten="190,426,328,56" oya="2" hai0="95,85,50,27,87,86,97,130,70,114,94,41,108" hai1="75,43,29,77,89,72,39,132,107,129,116,102,46" hai2="133,118,131,117,66,47,30,49,104,1,13,14,17" hai3="122,124,84,119,57,32,8,24,26,5,44,33,68"/><V128/><F104/><W112/><G68/><T4/><D70/><U19/><E116/><V83/><F66/><W79/><G119/><N who="2" m="45577" /><F83/><W127/><G122/><T109/><D114/><U53/><E29/><V67/><F67/><W90/><G79/><T42/><D130/><N who="2" m="49706" /><F1/><W76/><G76/><T98/><D50/><U40/><E129/><V115/><F115/><W125/><G112/><T63/><D63/><U45/><E53/><V91/><F30/><W36/><G57/><T37/><D37/><U0/><E0/><V10/><F91/><W73/><G73/><T113/><D113/><U59/><E89/><V110/><F133/><W52/><G36/><T55/><D95/><U123/><E132/><V135/><F135/><W65/><G65/><T103/><D94/><U54/><E77/><V48/><F110/><W58/><G44/><T61/><D108/><U106/><E123/><V126/><F126/><W3/><G33/><T78/><D109/><U96/><E107/><V101/><F101/><W12/><G32/><T18/><D103/><U9/><E75/><V100/><F100/><W88/><G3/><T69/><D78/><U25/><E72/><V121/><F121/><W71/><G71/><T15/><D69/><U80/><E80/><V134/><F134/><W74/><G74/><T2/><D2/><U92/><E106/><V99/><F99/><W82/><G90/><T64/><D98/><U34/><E102/><V35/><F35/><W111/><G111/><T60/><D97/><U11/><E96/><V20/><F47/><W23/><G23/><N who="0" m="11743" /><D64/><U56/><E46/><RYUUKYOKU ba="1,0" sc="190,-15,426,-15,328,15,56,15" hai2="10,13,14,17,20,48,49" hai3="5,8,12,24,26,52,58,82,84,88,124,125,127" /><INIT seed="2,2,0,1,5,27" ten="175,411,343,71" oya="2" hai0="38,13,133,12,86,6,132,128,117,37,20,22,74" hai1="116,76,14,31,78,77,99,102,59,113,129,71,72" hai2="120,118,93,18,52,63,33,64,16,135,25,103,43" hai3="41,30,35,7,26,57,92,11,68,28,97,56,46"/><V81/><F120/><W67/><G68/><T123/><D74/><U70/><E116/><V109/><F118/><W32/><G67/><T17/><D117/><U0/><E113/><V53/><F135/><W29/><G26/><T90/><D123/><U130/><E0/><V45/><F109/><W82/><G82/><T48/><D128/><N who="1" m="49259" /><E31/><V79/><F33/><W121/><G121/><T83/><D48/><U107/><E72/><V101/><F25/><W126/><G126/><T122/><D122/><U80/><E80/><V65/><F81/><W10/><G35/><T24/><D6/><U34/><E34/><V85/><F85/><W75/><G75/><T55/><D55/><N who="2" m="21066" /><F79/><W40/><G32/><T49/><D49/><U50/><E14/><V104/><F104/><W1/><G11/><T105/><D105/><U62/><E50/><N who="2" m="26943" /><F93/><W115/><G115/><T131/><D131/><U112/><E112/><V36/><F36/><W61/><G61/><T66/><D13/><U114/><E114/><V2/><F2/><W100/><REACH who="3" step="1"/><G41/><REACH who="3" ten="175,411,343,61" step="2"/><T89/><D66/><AGARI ba="2,1" hai="59,62,66,70,71,76,77,78,99,102,107" m="49259" machi="66" ten="30,1000,0" yaku="19,1" doraHai="27" who="1" fromWho="0" sc="175,-16,411,26,343,0,61,0" /><INIT seed="3,0,0,0,4,23" ten="159,437,343,61" oya="3" hai0="34,38,129,94,84,103,44,127,21,47,72,65,82" hai1="124,20,99,45,75,3,14,46,135,114,55,98,108" hai2="128,101,63,53,59,35,134,123,112,88,37,10,32" hai3="122,87,92,52,9,60,93,113,5,125,73,26,36"/><W50/><G36/><T116/><D72/><U91/><E114/><V66/><F112/><W48/><G73/><T79/><D116/><U24/><E3/><V27/><F123/><W0/><G113/><T120/><D120/><U132/><E75/><V118/><F37/><W67/><G122/><T100/><D129/><U95/><E124/><V13/><F118/><W74/><G74/><T78/><D127/><U85/><E14/><V8/><F101/><W33/><G125/><T54/><D34/><U80/><E108/><V69/><F128/><W102/><G102/><T117/><D65/><U31/><E99/><V39/><F39/><W133/><G133/><N who="1" m="51274" /><E55/><V104/><F104/><W61/><G61/><T28/><D47/><U110/><E110/><V119/><F119/><W68/><G87/><T16/><D94/><U115/><E115/><V126/><F10/><W22/><G33/><T17/><D78/><AGARI ba="0,0" hai="20,24,31,45,46,78,80,85,91,95,98" m="51274" machi="78" ten="30,2000,0" yaku="20,1,52,1" doraHai="23" who="1" fromWho="0" sc="159,-20,437,20,343,0,61,0" owari="139,-26.0,457,56.0,343,14.0,61,-44.0" /></mjloggm>