<mjloggm ver="2.3"><GO type="97" lobby="0"/><UN n0="%68%61%6E%61%74%61%6A%69" n1="%E3%82%A6%E3%83%AB%E3%83%88%E3%83%A9%E7%AB%8B%E7%9B%B4" n2="%75%72%6F%63%68%69%74%61" n3="%6B%69%6E%74%61%32" dan="14,15,14,15" rate="1856.72,1990.52,1973.18,2020.85" sx="M,M,M,M"/><TAIKYOKU oya="0"/><INIT seed="0,0,0,4,2,95" ten="250,250,250,250" oya="0" hai0="132,101,112,49,91,35,61,12,50,134,9,111,82" hai1="0,135,27,94,11,38,122,116,119,93,123,34,57" hai2="99,24,65,44,127,21,1,92,110,130,40,28,98" hai3="13,64,31,104,47,68,41,2,19,45,60,128,36"/><T96/><D112/><U107/><E38/><V10/><F127/><W79/><G2/><T30/><D111/><U115/><E57/><V90/><F110/><W89/><G104/><T63/><D30/><U85/><E27/><V84/><F65/><W17/><G128/><T53/><D35/><U66/><E11/><V58/><F130/><W75/><G31/><T131/><D131/><U113/><E66/><V70/><F70/><W23/><G89/><T105/><D91/><U52/><E52/><V77/><F58/><W100/><G100/><T55/><D82/><U20/><E20/><V29/><F29/><W37/><G79/><T22/><D22/><U73/><E0/><V67/><F67/><W26/><G75/><T78/><D78/><U125/><E34/><V71/><F71/><W133/><G133/><N who="0" m="51307" /><D55/><U72/><E135/><V46/><F77/><W42/><G19/><N who="0" m="8591" /><D49/><U56/><E56/><AGARI ba="0,0" hai="50,53,56,61,63,96,101,105" m="8591,51307" machi="56" ten="30,2900,0" yaku="20,1,52,1" doraHai="95" who="0" fromWho="1" sc="250,29,250,-29,250,0,250,0" /><INIT seed="0,1,0,3,0,117" ten="279,221,250,250" oya="0" hai0="118,3,67,97,108,15,64,13,32,135,109,100,94" hai1="78,102,34,18,71,127,38,19,60,16,81,69,77" hai2="48,46,114,130,31,24,104,6,126,88,37,55,1" hai3="124,125,121,119,91,57,101,74,30,14,89,93,75"/><T113/><D118/><U132/><E38/><V33/><F114/><W22/><G119/><T92/><D113/><U52/><E34/><V96/><F126/><N who="3" m="48747" /><G57/><T105/><D32/><U116/><E116/><V120/><F37/><W26/><G101/><T66/><D3/><U39/><E39/><V112/><F112/><W63/><G63/><T54/><D54/><U110/><E127/><V49/><F130/><W61/><G61/><T107/><D135/><U8/><E132/><V58/><F6/><W86/><G14/><T111/><REACH who="0" step="1"/><D94/><REACH who="0" ten="269,221,250,250" step="2"/><U20/><E52/><V83/><F1/><W87/><G121/><T68/><D68/><U41/><E71/><V50/><F120/><W5/><G5/><T76/><D76/><U79/><E69/><V85/><F104/><AGARI ba="1,1" hai="13,15,64,66,67,92,97,100,104,105,107,108,109,111" machi="104" ten="50,9600,0" yaku="1,1,14,1,10,1,53,0" doraHai="117" doraHaiUra="29" who="0" fromWho="2" sc="269,109,221,0,250,-99,250,0" /><INIT seed="0,2,0,4,4,2" ten="378,221,151,250" oya="0" hai0="11,100,83,97,126,53,119,19,106,86,129,28,38" hai1="49,109,45,103,127,36,27,9,122,130,73,0,98" hai2="59,131,16,25,133,94,47,35,135,26,17,52,108" hai3="72,67,71,92,75,77,61,50,43,112,12,96,66"/><T18/><D119/><U84/><E36/><V110/><F47/><W120/><G112/><T62/><D38/><U20/><E73/><V111/><F131/><W40/><G120/><T101/><D129/><U104/><E130/><V80/><F94/><W124/><G124/><T57/><D126/><U118/><E127/><V60/><F80/><W32/><G32/><T128/><D128/><U78/><E122/><V58/><F35/><W69/><G12/><T10/><D28/><U23/><E23/><V21/><F59/><W65/><G50/><T4/><D101/><U105/><E105/><V41/><F41/><W13/><G13/><T87/><D87/><U85/><E78/><V125/><F125/><W132/><G132/><T90/><D11/><U134/><E134/><N who="2" m="51211" /><F25/><W44/><G44/><T39/><D39/><U70/><E70/><V79/><F79/><W95/><G61/><T34/><D34/><U81/><E81/><V48/><F60/><W82/><G96/><T113/><D113/><U74/><E74/><V46/><F58/><W5/><G67/><T107/><D107/><U30/><E118/><V8/><F8/><W31/><G82/><T114/><D114/><U55/><REACH who="1" step="1"/><E109/><REACH who="1" ten="378,211,151,250" step="2"/><V14/><F14/><AGARI ba="2,1" hai="4,10,14,18,19,53,57,62,83,86,90,97,100,106" machi="14" ten="30,2900,0" yaku="7,1,52,1" doraHai="2" who="0" fromWho="2" sc="378,45,211,0,151,-35,250,0" /><INIT seed="0,3,0,0,5,26" ten="423,211,116,250" oya="0" hai0="4,121,87,29,99,60,28,64,110,24,65,105,107" hai1="23,30,96,130,20,100,40,79,112,36,5,7,80" hai2="61,86,0,125,43,8,95,15,126,16,101,85,69" hai3="81,131,42,102,74,76,32,113,3,84,17,9,91"/><T135/><D121/><U21/><E112/><V59/><F69/><W68/><G113/><T88/><D135/><U35/><E130/><V54/><F43/><W49/><G68/><N who="0" m="41991" /><D65/><U97/><E40/><V38/><F38/><W31/><G131/><T58/><D29/><U55/><E55/><V6/><F101/><W63/><G63/><T118/><D58/><U45/><E45/><V14/><F14/><W66/><G66/><T82/><D4/><U133/><E36/><V78/><F95/><W119/><G119/><T104/><D118/><U132/><E30/><V98/><F98/><N who="1" m="37993" /><E100/><V114/><F114/><W92/><G102/><N who="0" m="62559" /><D110/><U18/><E18/><V52/><F54/><W127/><G127/><T89/><D89/><U129/><E129/><V111/><F111/><W83/><G83/><T122/><D122/><U116/><E116/><V33/><F33/><AGARI ba="3,0" hai="24,28,33,82,87,88,105,107" m="62559,41991" machi="33" ten="30,5800,0" yaku="25,1,52,1,54,1" doraHai="26" who="0" fromWho="2" sc="423,67,211,0,116,-67,250,0" /><INIT seed="0,4,0,2,1,98" ten="490,211,49,250" oya="0" hai0="106,68,53,24,114,95,31,32,19,96,30,13,26" hai1="65,103,100,35,90,16,80,55,52,2,20,47,88" hai2="37,79,66,82,109,3,67,101,108,85,118,84,48" hai3="70,132,110,50,125,23,36,71,122,0,128,73,11"/><T14/><D114/><U92/><E35/><V62/><F37/><W120/><RYUUKYOKU type="yao9" ba="4,0" sc="490,0,211,0,49,0,250,0" hai3="0,11,23,36,50,70,71,73,110,120,122,125,128,132" /><INIT seed="0,5,0,5,0,77" ten="490,211,49,250" oya="0" hai0="5,30,25,116,59,65,81,41,8,54,124,95,125" hai1="79,92,107,16,90,93,18,63,101,38,111,46,100" hai2="6,126,113,98,94,61,135,1,20,68,51,34,66" hai3="23,55,64,134,67,76,102,82,2,106,0,110,27"/><T47/><D116/><U105/><E111/><V96/><F34/><W28/><G110/><T104/><D104/><U84/><E79/><V120/><F120/><W37/><G37/><N who="0" m="21935" /><D65/><U45/><E63/><V43/><F113/><W7/><G134/><T53/><D59/><U78/><E78/><V119/><F119/><W108/><G108/><T130/><D95/><U97/><E38/><V70/><F70/><W87/><G55/><T133/><D81/><U114/><E114/><V33/><F33/><W99/><REACH who="3" step="1"/><G7/><REACH who="3" ten="490,211,49,240" step="2"/><T40/><D133/><U15/><E45/><V60/><F135/><W52/><G52/><T129/><D40/><U36/><E46/><V24/><F126/><N who="0" m="48746" /><D54/><U69/><E36/><V131/><F131/><W48/><G48/><T62/><D53/><U12/><E69/><V109/><F109/><W4/><G4/><T57/><D62/><U10/><REACH who="1" step="1"/><E101/><REACH who="1" ten="490,201,49,240" step="2"/><V42/><F61/><W85/><G85/><T112/><D112/><U3/><E3/><AGARI ba="5,2" hai="0,2,3,23,27,28,64,67,76,82,87,99,102,106" machi="3" ten="40,8000,1" yaku="1,1,52,1,53,3" doraHai="77" doraHaiUra="32" who="3" fromWho="1" sc="490,0,201,-95,49,0,240,115" /><INIT seed="1,0,0,2,4,33" ten="490,106,49,355" oya="1" hai0="122,8,135,14,88,127,27,109,130,30,69,67,47" hai1="7,134,10,15,48,24,111,34,59,132,124,23,53" hai2="11,100,17,62,82,26,72,38,90,52,86,45,6" hai3="49,0,73,20,51,61,123,112,102,108,125,113,110"/><U31/><E124/><V78/><F100/><W131/><G73/><T41/><D127/><U71/><E71/><V19/><F38/><W5/><G125/><T80/><D122/><U13/><E13/><V120/><F120/><W65/><G123/><T39/><D109/><N who="3" m="42089" /><G20/><T68/><D67/><U70/><E70/><V56/><F45/><W32/><G32/><T93/><D80/><U37/><E111/><V42/><F42/><W106/><G131/><T99/><D130/><U77/><E37/><V126/><F26/><W40/><G40/><T12/><D12/><U36/><E36/><V2/><REACH who="2" step="1"/><F126/><REACH who="2" ten="490,106,39,355" step="2"/><W129/><G129/><T81/><D41/><U28/><E34/><V43/><F43/><W60/><G102/><T74/><D39/><U114/><E31/><V119/><F119/><W105/><G113/><T94/><D30/><U116/><E114/><V25/><F25/><W128/><G112/><T118/><D118/><U103/><E103/><V16/><F16/><W115/><G128/><T21/><D47/><U44/><E44/><V76/><F76/><W121/><G115/><T35/><D27/><U89/><E77/><V64/><F64/><W101/><G65/><T54/><D35/><U87/><E116/><V104/><F104/><W55/><G101/><T85/><D14/><U63/><E24/><V117/><F117/><W1/><G121/><T3/><D3/><N who="3" m="1097" /><G5/><T66/><D66/><U107/><E7/><V96/><F96/><W18/><G18/><T75/><D99/><U50/><E107/><N who="3" m="40970" /><G55/><T22/><D54/><U57/><E53/><V58/><F58/><RYUUKYOKU ba="0,1" sc="490,-15,106,-15,39,15,355,15" hai2="2,6,11,17,19,52,56,62,72,78,82,86,90" hai3="49,51,60,61" /><INIT seed="2,1,1,4,2,102" ten="475,91,54,370" oya="2" hai0="58,44,23,36,3,47,56,51,69,124,10,99,33" hai1="88,54,48,81,39,15,26,63,60,77,108,11,66" hai2="121,97,65,106,17,92,62,40,129,101,82,89,21" hai3="49,41,16,68,115,95,50,120,14,67,4,64,73"/><V85/><F121/><W8/><G120/><T34/><D69/><U131/><E39/><V31/><F129/><W45/><G73/><T107/><D124/><U93/><E131/><V35/><F40/><W110/><G115/><T125/><D125/><U117/><E117/><V74/><F35/><W46/><G110/><T61/><D36/><U127/><E26/><V90/><F31/><W123/><G123/><T19/><D58/><U55/><E55/><V70/><F90/><W75/><G75/><T116/><D116/><U80/><E108/><V28/><F28/><W103/><G68/><T109/><D47/><N who="1" m="27935" /><E127/><V0/><F0/><W52/><G4/><T1/><D109/><U30/><E30/><V87/><F87/><W105/><G105/><T94/><D107/><U18/><E77/><V98/><F98/><AGARI ba="1,1" hai="8,14,16,41,45,46,49,50,52,64,67,95,98,103" machi="98" ten="40,5200,0" yaku="8,1,54,2" doraHai="102" who="3" fromWho="2" sc="475,0,91,0,54,-55,370,65" owari="475,57.0,91,-31.0,-1,-50.0,435,24.0" /></mjloggm>