<mjloggm ver="2.3"><GO type="225" lobby="0"/><UN n0="%69%73%61%6B%75%79%61" n1="%31%73%E3%81%A7%E3%81%84%E3%81%84%E3%81%9D%E3%81%86" n2="%E3%82%A6%E3%83%AB%E3%83%88%E3%83%A9%E7%AB%8B%E7%9B%B4" n3="%E3%81%AC%E3%82%8B%E3%82%8A%E3%82%93%E3%81%93" dan="17,17,16,16" rate="2112.14,2130.59,2002.18,2124.86" sx="M,M,M,M"/><TAIKYOKU oya="0"/><INIT seed="0,0,0,2,1,104" ten="250,250,250,250" oya="0" hai0="24,34,113,100,126,46,73,26,47,55,53,54,64" hai1="29,78,44,23,80,94,32,27,89,72,107,11,1" hai2="56,22,20,6,81,66,8,90,31,133,36,120,39" hai3="93,118,67,87,92,13,127,121,122,21,125,98,86"/><T68/><D113/><U84/><E107/><V96/><F133/><W109/><G109/><T16/><D126/><N who="3" m="48137" /><G118/><T4/><D4/><U115/><E115/><V134/><F134/><W69/><G69/><T2/><D2/><U51/><E32/><V124/><F120/><N who="3" m="46187" /><G67/><T19/><D100/><U70/><E70/><V123/><F39/><W103/><G93/><T75/><D68/><U17/><E1/><V43/><F36/><W77/><G77/><T42/><D64/><U99/><E11/><V105/><F66/><W25/><G13/><T9/><D9/><U132/><E132/><V30/><F8/><W58/><G58/><T114/><D114/><U7/><E7/><V130/><F56/><W95/><G95/><T35/><D53/><U74/><REACH who="1" step="1"/><E29/><AGARI ba="0,0" hai="21,25,29,86,87,92,98,103" m="46187,48137" machi="29" ten="30,2000,0" yaku="18,1,13,1" doraHai="104" who="3" fromWho="1" sc="250,0,250,-20,250,0,250,20" /><INIT seed="1,0,0,4,2,44" ten="250,230,250,270" oya="1" hai0="94,125,61,4,87,113,39,81,0,30,38,104,29" hai1="62,131,17,80,43,74,64,19,27,116,83,122,127" hai2="120,7,75,65,106,23,9,105,67,121,96,34,63" hai3="72,53,16,37,91,1,18,126,112,52,88,134,8"/><U56/><E116/><V99/><F23/><W101/><G112/><T117/><D104/><U46/><E122/><V5/><F63/><W49/><G37/><T97/><D113/><U3/><E3/><V70/><F9/><W85/><G72/><T76/><D117/><U78/><E127/><V50/><F75/><W47/><G126/><T109/><D125/><U21/><E83/><V10/><F10/><W45/><G134/><T66/><D109/><U73/><E131/><V40/><F40/><N who="3" m="24743" /><G1/><T35/><D4/><U115/><E115/><V41/><F41/><W132/><G132/><T28/><D35/><U13/><E74/><V12/><F12/><N who="3" m="7175" /><G101/><T51/><D0/><U114/><E114/><V129/><F129/><W89/><G18/><T135/><D135/><U15/><E17/><V108/><F34/><W133/><G133/><T107/><D107/><U26/><E15/><V32/><F32/><W68/><G68/><T119/><D119/><U128/><E128/><V98/><F70/><W33/><G33/><T22/><D22/><U58/><E58/><V77/><F106/><W11/><G11/><T103/><D38/><AGARI ba="0,0" hai="13,19,21,26,27,38,43,46,56,62,64,73,78,80" machi="38" ten="30,1500,0" yaku="7,1" doraHai="44" who="1" fromWho="0" sc="250,-15,230,15,250,0,270,0" /><INIT seed="1,1,0,1,2,134" ten="235,245,250,270" oya="1" hai0="121,6,75,132,78,83,133,59,16,34,90,116,51" hai1="49,67,99,81,32,42,18,55,39,46,10,23,84" hai2="129,56,3,31,122,105,2,68,114,50,15,17,37" hai3="128,60,117,107,77,102,112,43,9,13,76,131,21"/><U79/><E32/><V97/><F68/><W82/><G112/><T92/><D34/><U98/><E67/><V64/><F37/><W130/><G117/><T36/><D36/><U53/><E10/><V48/><F122/><W24/><G43/><T72/><D116/><U111/><E111/><V85/><F114/><W62/><G107/><T38/><D38/><U119/><E119/><V115/><F115/><W11/><G102/><T20/><D6/><U7/><E7/><V127/><F31/><N who="3" m="17807" /><G77/><T120/><D72/><U1/><E1/><V29/><F29/><W103/><G103/><T88/><D90/><U4/><E4/><V91/><F50/><W47/><G47/><T100/><D100/><U25/><REACH who="1" step="1"/><E55/><REACH who="1" ten="235,235,250,270" step="2"/><N who="2" m="31847" /><F64/><W104/><G11/><T26/><D133/><U73/><E73/><V5/><F5/><N who="3" m="3247" /><G104/><T33/><D33/><U61/><E61/><V74/><F74/><AGARI ba="1,1" hai="60,62,74,76,82,128,130,131" m="3247,17807" machi="74" ten="30,1000,0" yaku="19,1" doraHai="134" who="3" fromWho="2" sc="235,0,235,0,250,-13,270,23" /><INIT seed="2,0,0,3,1,96" ten="235,235,237,293" oya="2" hai0="89,80,16,95,94,101,35,64,43,2,23,91,66" hai1="111,19,15,10,51,128,99,42,84,61,67,133,97" hai2="132,115,65,50,72,48,45,90,134,54,81,12,32" hai3="98,110,17,92,27,18,108,85,31,73,46,119,68"/><V38/><F32/><N who="3" m="20607" /><G119/><T53/><D35/><U124/><E128/><V117/><F117/><W60/><G73/><T9/><D43/><U77/><E111/><N who="3" m="42538" /><G85/><N who="0" m="50343" /><D2/><U63/><E133/><N who="2" m="51307" /><F115/><W70/><G46/><T26/><D9/><U87/><E124/><V36/><F72/><W82/><G82/><T123/><D123/><U127/><E127/><V76/><F76/><W34/><G34/><T20/><D53/><U135/><E135/><V25/><F81/><W103/><G60/><T79/><D79/><U74/><E74/><V83/><F83/><W30/><G30/><N who="0" m="17735" /><D101/><U113/><E77/><V69/><F90/><W39/><G39/><N who="2" m="14889" /><F12/><W106/><G106/><T120/><D120/><U122/><E122/><V121/><F25/><W71/><AGARI ba="0,0" hai="17,18,68,70,71,92,98,103" m="42538,20607" machi="71" ten="40,2700,0" yaku="14,1,52,1" doraHai="96" who="3" fromWho="3" sc="235,-7,235,-7,237,-13,293,27" /><INIT seed="3,0,0,5,4,70" ten="228,228,224,320" oya="3" hai0="119,25,122,36,91,58,41,39,64,51,50,3,89" hai1="129,52,93,42,24,135,101,84,110,71,105,128,87" hai2="112,4,44,67,116,88,80,11,45,40,14,117,108" hai3="15,62,5,53,123,68,120,6,130,77,54,85,126"/><W74/><G74/><T61/><D3/><U23/><E71/><V66/><F112/><W2/><G2/><T95/><D122/><U131/><E110/><V121/><F108/><W10/><G6/><T69/><D119/><U109/><E109/><V106/><F106/><W125/><G130/><T32/><D89/><U97/><E135/><V65/><F121/><N who="3" m="46667" /><G68/><T38/><D69/><U113/><E113/><V73/><F45/><W115/><G115/><T94/><D41/><U72/><E72/><V100/><F100/><W18/><G62/><T48/><REACH who="0" step="1"/><D91/><REACH who="0" ten="218,228,224,320" step="2"/><U33/><E42/><V46/><F46/><W56/><G125/><T96/><D96/><U98/><E98/><V102/><F102/><W26/><G126/><T132/><D132/><U134/><E134/><V28/><F28/><AGARI ba="0,1" hai="25,28,32,36,38,39,48,50,51,58,61,64,94,95" machi="28" ten="50,8000,1" yaku="1,1,52,3,53,1" doraHai="70" doraHaiUra="29" who="0" fromWho="2" sc="218,90,228,0,224,-80,320,0" owari="308,11.0,228,-17.0,144,-36.0,320,42.0" /></mjloggm>