<mjloggm ver="2.3"><GO type="97" lobby="0"/><UN n0="%E3%82%A6%E3%83%AB%E3%83%88%E3%83%A9%E7%AB%8B%E7%9B%B4" n1="%E3%83%88%E3%83%AA%E3%83%8B%E3%83%86%E3%82%A3" n2="%E7%BE%85%E5%88%B9" n3="%E3%82%A4%E3%82%A2%E3%83%B3%EF%BC%A0%E4%B8%80%E6%93%B2" dan="15,14,15,13" rate="1976.67,1824.11,2006.71,1899.94" sx="M,F,M,M"/><TAIKYOKU oya="0"/><INIT seed="0,0,0,5,2,23" ten="250,250,250,250" oya="0" hai0="31,99,22,111,14,60,96,90,50,121,106,100,80" hai1="15,68,13,3,105,17,16,37,110,88,19,117,18" hai2="38,48,98,129,53,64,63,52,125,40,123,10,116" hai3="66,102,6,130,47,128,122,79,94,109,59,54,26"/><T135/><D121/><U127/><E68/><V107/><F107/><W77/><G122/><T51/><D135/><U78/><E105/><V12/><F123/><W65/><G109/><T131/><D131/><U46/><E37/><V43/><F98/><W81/><G47/><T95/><D111/><U2/><E78/><V75/><F75/><W9/><G94/><T103/><D60/><U118/><E46/><N who="2" m="23831" /><F10/><W124/><G102/><T97/><D80/><U92/><E127/><V115/><F12/><N who="1" m="4681" /><E88/><V91/><F91/><W24/><G124/><T101/><D106/><U132/><E92/><V29/><F29/><W119/><G119/><N who="1" m="45578" /><E110/><V120/><F120/><W49/><G9/><T55/><D51/><U113/><E113/><V112/><F116/><W21/><G21/><T72/><D72/><U86/><E86/><V74/><F74/><N who="3" m="43191" /><G6/><T82/><D82/><U62/><E62/><V5/><F5/><W76/><G76/><T27/><REACH who="0" step="1"/><D14/><REACH who="0" ten="240,250,250,250" step="2"/><U28/><N who="1" m="4608" /><DORA hai="69" /><U45/><E132/><V7/><F125/><W73/><G73/><T67/><D67/><N who="3" m="25609" /><G79/><T85/><D85/><U70/><E70/><N who="2" m="42271" /><F7/><W93/><G93/><T39/><D39/><U71/><E71/><V1/><F129/><AGARI ba="0,1" hai="24,26,49,54,59,128,129,130" m="25609,43191" machi="129" ten="30,3900,0" yaku="19,1,52,2" doraHai="23,69" who="3" fromWho="2" sc="240,0,250,0,250,-39,250,49" /><INIT seed="1,0,0,5,3,99" ten="240,250,211,299" oya="1" hai0="124,25,4,105,38,84,40,120,36,48,112,62,16" hai1="125,43,92,134,104,114,51,19,71,7,52,70,57" hai2="116,76,88,59,41,73,81,117,129,68,135,30,3" hai3="21,11,55,9,6,79,108,45,122,0,10,95,123"/><U132/><E104/><V37/><F68/><N who="1" m="26153" /><E7/><V72/><F30/><W15/><G79/><T46/><D105/><U31/><E31/><V50/><F37/><W39/><G39/><T61/><D112/><U89/><E19/><V63/><F3/><W14/><G45/><T66/><D120/><U54/><E125/><V82/><F41/><W78/><G78/><T47/><D124/><U27/><E27/><V90/><F50/><W42/><G95/><T121/><D121/><N who="3" m="46089" /><G42/><T75/><D75/><U103/><E103/><V77/><F59/><W127/><G55/><T86/><D4/><U67/><E89/><V133/><F63/><W98/><G98/><T101/><D101/><U96/><E92/><V23/><F23/><W113/><G127/><T22/><D38/><U118/><E96/><V94/><REACH who="2" step="1"/><F94/><REACH who="2" ten="240,250,201,299" step="2"/><W34/><G113/><T5/><D62/><N who="1" m="38351" /><E114/><V29/><F29/><W53/><G21/><T28/><D28/><U26/><E26/><V107/><F107/><W18/><G0/><T58/><D5/><U80/><E80/><V33/><F33/><W12/><G34/><T64/><D64/><U100/><E118/><V109/><F109/><W20/><G108/><T97/><D97/><U49/><E43/><AGARI ba="0,1" hai="16,22,25,36,40,43,46,47,48,58,61,66,84,86" machi="43" ten="30,2000,0" yaku="7,1,54,1" doraHai="99" who="0" fromWho="1" sc="240,30,250,-20,201,0,299,0" /><INIT seed="2,0,0,2,0,125" ten="270,230,201,299" oya="2" hai0="53,100,8,84,55,93,3,112,59,113,75,99,12" hai1="38,77,68,116,58,104,57,9,14,60,2,67,7" hai2="70,115,23,42,85,82,11,96,61,106,109,29,94" hai3="117,122,64,52,22,129,128,47,16,118,123,71,37"/><V90/><F115/><W1/><G1/><T73/><D3/><U69/><E116/><V20/><F106/><W103/><G103/><T48/><D75/><U33/><E104/><V92/><F42/><W6/><G6/><T114/><D73/><U39/><E33/><V74/><F74/><W21/><G21/><T46/><D112/><U131/><E77/><V119/><F119/><N who="3" m="45579" /><G16/><T25/><D25/><U4/><E131/><N who="3" m="50250" /><G22/><T126/><D126/><U30/><E30/><V36/><F11/><W111/><G111/><T79/><D113/><U107/><E107/><V121/><F29/><W78/><G78/><T105/><D114/><U65/><E2/><V13/><F13/><W95/><G95/><T28/><D105/><U44/><E4/><V120/><F23/><W51/><G37/><N who="1" m="13834" /><E14/><V133/><F36/><W45/><G47/><T81/><D28/><U80/><E7/><V62/><F20/><W5/><G5/><T63/><D12/><U35/><E9/><AGARI ba="0,0" hai="8,9,46,48,53,55,59,63,79,81,84,93,99,100" machi="9" ten="40,1300,0" yaku="8,1" doraHai="125" who="0" fromWho="1" sc="270,13,230,-13,201,0,299,0" /><INIT seed="3,0,0,3,1,77" ten="283,217,201,299" oya="3" hai0="30,18,124,115,82,116,66,9,109,73,61,23,12" hai1="114,83,47,39,84,87,69,76,121,101,112,11,36" hai2="79,102,91,48,34,99,120,45,97,135,16,100,122" hai3="49,65,17,129,118,6,27,75,93,74,37,78,35"/><W126/><G118/><T119/><D115/><N who="1" m="44075" /><E69/><V95/><F34/><W110/><G37/><T60/><D124/><U51/><E11/><V96/><F135/><W70/><G126/><T26/><D109/><U28/><E28/><V40/><F79/><W32/><G110/><T1/><D73/><N who="1" m="43407" /><E51/><V105/><F105/><W131/><G6/><T86/><D1/><U62/><E47/><V19/><F102/><W71/><G49/><T42/><D42/><U133/><E62/><V10/><F100/><W31/><G93/><T2/><D2/><U50/><E50/><V54/><F40/><W56/><G17/><T20/><D9/><U22/><E22/><V29/><F29/><W92/><G92/><T68/><D61/><U43/><E39/><V98/><REACH who="2" step="1"/><F10/><REACH who="2" ten="283,217,191,299" step="2"/><W117/><G35/><T94/><D23/><U132/><E43/><V3/><F3/><W59/><G117/><T0/><D0/><U103/><E36/><V106/><F106/><W64/><G78/><N who="0" m="46423" /><D116/><U44/><E121/><AGARI ba="0,1" hai="16,19,45,48,54,91,95,96,97,98,99,120,121,122" machi="121" ten="40,5200,0" yaku="1,1,13,1,54,1,53,0" doraHai="77" doraHaiUra="8" who="2" fromWho="1" sc="283,0,217,-52,191,62,299,0" /><INIT seed="4,0,0,4,0,93" ten="283,165,253,299" oya="0" hai0="98,4,25,55,102,38,33,63,51,76,52,23,37" hai1="128,54,53,94,44,17,90,47,75,19,18,126,101" hai2="131,66,28,89,67,48,84,118,81,15,73,104,117" hai3="58,114,0,27,14,40,59,21,127,134,100,111,2"/><T16/><D33/><U71/><E75/><V86/><F28/><W85/><G111/><T87/><D4/><U39/><E71/><V56/><F73/><W11/><G134/><T62/><D38/><U68/><E39/><V70/><F70/><W10/><G127/><T105/><D37/><U119/><E68/><V120/><F104/><W7/><G114/><T45/><D55/><N who="1" m="21003" /><E119/><N who="2" m="45579" /><F120/><W35/><G35/><T115/><D115/><U5/><E128/><V50/><F131/><W122/><G40/><T42/><D42/><U64/><E5/><V13/><F86/><W36/><G36/><T61/><D87/><N who="1" m="52575" /><E126/><V97/><F67/><W22/><G122/><T124/><D124/><U29/><E29/><V80/><F80/><W60/><G85/><T88/><D88/><U103/><E64/><V79/><F66/><W41/><G41/><T3/><REACH who="0" step="1"/><D76/><REACH who="0" ten="273,165,253,299" step="2"/><U109/><E109/><V12/><F56/><W113/><G113/><T46/><D46/><AGARI ba="0,1" hai="17,18,19,44,46,47,101,103" m="52575,21003" machi="46" ten="30,1000,0" yaku="8,1" doraHai="93" who="1" fromWho="0" sc="273,-10,165,20,253,0,299,0" /><INIT seed="5,0,0,5,5,116" ten="263,185,253,299" oya="1" hai0="135,25,95,53,5,111,49,107,40,42,117,122,96" hai1="34,130,78,92,103,15,68,7,124,93,127,100,106" hai2="54,0,113,14,128,110,114,23,24,83,31,18,89" hai3="131,118,90,28,56,67,33,105,44,76,48,80,10"/><U123/><E68/><V87/><F110/><W71/><G105/><T115/><D107/><U59/><E34/><V38/><F38/><W51/><G118/><T133/><D5/><U79/><E59/><V16/><F0/><W134/><G71/><T57/><D25/><U6/><E15/><V72/><F72/><W2/><G2/><T13/><D13/><U17/><E106/><V43/><F43/><N who="0" m="16426" /><D111/><U35/><E17/><V36/><F36/><W64/><G131/><T55/><D115/><N who="2" m="44042" /><F128/><W61/><G134/><N who="0" m="51211" /><D117/><U102/><E35/><N who="2" m="20967" /><F18/><W126/><G126/><T4/><D4/><U27/><E27/><V8/><F54/><W88/><G33/><T21/><D55/><U108/><E7/><V11/><AGARI ba="0,0" hai="8,11,14,16,23,83,87,89" m="20967,44042" machi="11" ten="30,4000,0" yaku="15,1,11,1,54,1" doraHai="116" who="2" fromWho="2" sc="263,-10,185,-20,253,40,299,-10" /><INIT seed="6,0,0,4,4,96" ten="253,165,293,289" oya="2" hai0="31,60,82,3,130,80,53,111,95,89,100,22,84" hai1="68,115,42,12,8,77,109,21,91,62,46,121,135" hai2="34,59,55,66,127,97,36,65,92,107,118,134,56" hai3="52,85,110,13,29,83,87,104,26,72,69,40,39"/><V30/><F107/><W129/><G110/><T11/><D111/><U38/><E109/><V74/><F74/><W101/><G69/><T75/><D130/><U35/><E115/><V14/><F36/><W17/><G129/><T94/><D75/><U10/><E135/><V15/><F118/><W73/><G40/><T117/><D117/><U63/><E121/><V131/><F131/><W4/><G4/><T99/><D11/><U23/><E35/><V41/><F41/><W119/><G39/><T128/><D3/><U106/><E106/><V25/><F134/><W103/><G119/><T102/><D128/><U93/><E77/><V1/><F1/><W105/><G73/><T28/><D22/><U90/><E68/><V33/><F33/><W120/><G72/><T98/><D82/><U9/><E90/><V78/><F78/><W48/><G105/><T88/><D89/><U76/><E76/><V51/><F127/><W108/><G104/><T114/><D114/><U116/><E116/><V20/><F34/><W50/><G50/><T112/><D112/><U19/><REACH who="1" step="1"/><E23/><REACH who="1" ten="253,155,293,289" step="2"/><V7/><F7/><W64/><G108/><T5/><D5/><U57/><E57/><AGARI ba="0,1" hai="28,31,53,57,60,80,84,88,94,95,98,99,100,102" machi="57" ten="40,8000,1" yaku="9,1,8,1,52,2,54,1" doraHai="96" who="0" fromWho="1" sc="253,90,155,-80,293,0,289,0" owari="343,44.0,75,-42.0,293,9.0,289,-11.0" /></mjloggm>