<mjloggm ver="2.3"><GO type="97" lobby="0"/><UN n0="%E3%82%A6%E3%83%AB%E3%83%88%E3%83%A9%E7%AB%8B%E7%9B%B4" n1="%E3%81%82%E3%81%8F%E3%81%86%E3%81%8B%E3%82%93" n2="%E2%86%91%E3%81%84%E3%81%A3%E3%81%9F%E3%82%93%E2%86%93" n3="%E4%BF%AE%E7%BE%85%E8%87%A5" dan="15,15,15,14" rate="2001.03,1989.30,1973.97,1948.04" sx="M,M,F,M"/><TAIKYOKU oya="0"/><INIT seed="0,0,0,2,5,133" ten="250,250,250,250" oya="0" hai0="113,81,103,67,38,52,110,97,20,0,19,51,12" hai1="43,14,123,106,98,109,32,35,22,10,112,50,69" hai2="47,54,1,44,135,76,41,90,126,80,114,85,122" hai3="33,26,61,60,124,17,93,131,55,119,39,77,48"/><T107/><D38/><U11/><E123/><V78/><F122/><W120/><G39/><T125/><D0/><U132/><E69/><V63/><F114/><W28/><G120/><T104/><D113/><U91/><E112/><V101/><F135/><W130/><G119/><T31/><D67/><U94/><E132/><V75/><F1/><W83/><G93/><T71/><D71/><U134/><E134/><V96/><F78/><W121/><G17/><T65/><D65/><U21/><E106/><V45/><F126/><W2/><G124/><T68/><D68/><U74/><E74/><V53/><F63/><W18/><G18/><T100/><D125/><U86/><E109/><V23/><F23/><W5/><G5/><T102/><D110/><U8/><E14/><V70/><F41/><W118/><G2/><T42/><D42/><U56/><E98/><V66/><F66/><W95/><G95/><T3/><D3/><U115/><E115/><V92/><REACH who="2" step="1"/><F70/><REACH who="2" ten="250,250,240,250" step="2"/><W105/><G121/><T127/><D127/><U49/><E35/><V15/><F15/><W37/><G118/><T40/><D40/><U4/><E32/><V128/><F128/><W79/><G131/><T7/><D20/><U13/><E13/><V117/><F117/><W82/><G130/><T9/><D12/><U108/><E108/><V57/><F57/><W88/><G61/><T111/><D111/><U59/><E4/><V72/><F72/><W27/><G60/><T89/><D7/><U29/><E43/><V16/><F16/><W36/><G33/><T129/><D19/><U64/><E64/><RYUUKYOKU ba="0,1" sc="250,-10,250,-10,240,30,250,-10" hai2="44,45,47,53,54,75,76,80,85,90,92,96,101" /><INIT seed="1,1,1,0,3,13" ten="240,240,270,240" oya="1" hai0="45,67,39,31,62,128,122,26,58,105,131,79,92" hai1="104,121,118,1,130,42,60,48,108,120,126,98,47" hai2="113,40,27,37,6,50,89,55,8,77,127,129,117" hai3="69,123,11,95,33,110,28,20,59,119,86,112,63"/><U134/><E118/><V61/><F117/><W41/><G119/><T0/><D0/><U72/><E1/><V80/><F113/><W68/><G112/><T14/><D105/><U21/><E72/><V70/><F129/><N who="0" m="49738" /><D79/><U115/><E115/><V81/><F127/><W7/><G123/><T9/><D92/><U88/><E126/><V132/><F132/><W93/><G110/><T133/><D133/><U15/><E134/><V135/><F89/><W114/><G114/><T97/><D97/><U107/><E130/><V36/><F77/><W49/><G33/><T116/><D116/><U38/><E108/><V24/><F81/><W23/><G69/><T125/><D125/><U35/><E121/><V87/><F80/><W64/><G68/><T12/><D12/><U82/><E35/><V34/><F34/><W25/><G23/><T96/><D96/><U16/><E120/><V101/><F70/><W66/><G66/><T109/><D109/><U85/><E60/><V75/><F61/><W52/><G86/><T3/><D3/><U65/><E65/><V76/><F87/><W100/><G100/><T103/><D103/><U91/><REACH who="1" step="1"/><E38/><REACH who="1" ten="240,230,270,240" step="2"/><V44/><F37/><W19/><G64/><T2/><D2/><U99/><E99/><V53/><F36/><W74/><G74/><T17/><D122/><U73/><E73/><V32/><F32/><W102/><G102/><T54/><D39/><U18/><E18/><V46/><F101/><W4/><G19/><T71/><D67/><U111/><E111/><V56/><F75/><W78/><G4/><T30/><D62/><RYUUKYOKU ba="1,2" sc="240,-10,230,30,270,-10,240,-10" hai1="15,16,21,42,47,48,82,85,88,91,98,104,107" /><INIT seed="1,2,2,4,1,126" ten="230,260,260,230" oya="1" hai0="20,63,121,76,5,10,70,23,105,72,60,12,35" hai1="7,110,81,9,84,59,134,99,49,19,106,37,62" hai2="77,131,87,80,114,40,13,44,98,22,21,132,29" hai3="27,48,128,82,86,65,103,101,25,28,1,107,112"/><U11/><E37/><V52/><F132/><W55/><G1/><T17/><D105/><U68/><E134/><V122/><F122/><W61/><G107/><T115/><D35/><U6/><E68/><V54/><F114/><W78/><G128/><T64/><D115/><U124/><E124/><V75/><F131/><W15/><G15/><T45/><D121/><U135/><E135/><V79/><F79/><W42/><G42/><T26/><D76/><U43/><E110/><V113/><F113/><W50/><G50/><T85/><D72/><U58/><E106/><V30/><F75/><W118/><G118/><T96/><D96/><U90/><E99/><V34/><F98/><W14/><G14/><T125/><D125/><U74/><E74/><V97/><F97/><W41/><G41/><T56/><D85/><U130/><E130/><V123/><F34/><W111/><G111/><T89/><D89/><U0/><E19/><N who="2" m="10479" /><F22/><N who="3" m="15415" /><G27/><T32/><D32/><U57/><E62/><V53/><F123/><W120/><G120/><T24/><D23/><U117/><E117/><V8/><F8/><N who="1" m="3145" /><E0/><V104/><F104/><W39/><G39/><T93/><D63/><U129/><E129/><V108/><F108/><W109/><G109/><T92/><D70/><U4/><E43/><V46/><F40/><W88/><G78/><T119/><D119/><U16/><E49/><V66/><F66/><W2/><G2/><T95/><D26/><U36/><E36/><V47/><AGARI ba="2,2" hai="29,30,44,46,47,52,53,54,77,80,87" m="10479" machi="47" ten="30,2000,0" yaku="8,1,54,1" doraHai="126" who="2" fromWho="2" sc="230,-7,260,-12,260,46,230,-7" /><INIT seed="2,0,0,0,0,81" ten="223,248,306,223" oya="2" hai0="24,35,73,51,63,98,69,26,58,11,75,78,135" hai1="85,64,114,90,59,133,97,128,120,29,19,67,48" hai2="61,37,47,68,109,93,44,4,45,66,39,10,87" hai3="132,105,27,32,92,8,60,14,131,79,125,36,42"/><V1/><REACH who="2" step="1"/><F109/><REACH who="2" ten="223,248,296,223" step="2"/><W30/><G131/><T9/><D135/><U122/><E128/><V84/><F84/><W34/><G132/><T130/><D75/><U91/><E133/><V65/><F65/><W5/><G125/><T104/><D73/><U40/><E114/><V31/><F31/><W56/><G105/><T16/><D104/><U54/><E64/><V83/><F83/><W88/><G79/><T55/><D78/><U25/><E67/><V94/><F94/><W33/><G42/><T20/><D130/><U12/><E40/><V17/><F17/><W38/><G38/><T106/><D106/><U28/><E28/><V127/><F127/><W6/><G36/><T102/><D69/><U3/><E85/><V76/><F76/><W126/><G126/><T113/><D113/><U121/><E97/><V22/><F22/><W100/><G5/><T95/><D35/><N who="1" m="20911" /><E3/><V52/><F52/><W70/><G70/><T110/><D110/><U53/><E53/><V86/><F86/><W74/><G74/><T134/><D134/><U72/><E72/><V89/><AGARI ba="0,1" hai="1,4,10,37,39,44,45,47,61,66,68,87,89,93" machi="89" ten="30,11700,0" yaku="21,2,0,1,52,1,53,0" doraHai="81" doraHaiUra="18" who="2" fromWho="2" sc="223,-39,248,-39,296,127,223,-39" /><INIT seed="2,1,0,3,1,56" ten="184,209,423,184" oya="2" hai0="10,108,62,41,92,57,64,126,98,77,70,104,19" hai1="122,49,81,29,80,6,27,66,91,128,67,50,109" hai2="68,35,25,45,85,105,65,1,123,37,52,17,26" hai3="124,51,36,118,46,125,59,61,3,99,102,4,100"/><V38/><F105/><W110/><G118/><T120/><D104/><U96/><E109/><V131/><F1/><W48/><G110/><T8/><D108/><U127/><E6/><V88/><F123/><W74/><G74/><T55/><D120/><U24/><E122/><V73/><F73/><W114/><G114/><T30/><D77/><U76/><E76/><V101/><F101/><W54/><G36/><T95/><D41/><U134/><E29/><V75/><F75/><W115/><G115/><T20/><D30/><U60/><E96/><V89/><F35/><W97/><G4/><T107/><D107/><U132/><E91/><V18/><F85/><W63/><G3/><T84/><D126/><N who="3" m="48745" /><G99/><T58/><D70/><U86/><E86/><V113/><F68/><W133/><G133/><T13/><D84/><U78/><E78/><V14/><F131/><W94/><G102/><N who="0" m="60743" /><D95/><U40/><E127/><V112/><F38/><W53/><AGARI ba="1,0" hai="46,48,51,53,54,59,61,63,94,97,100" m="48745" machi="53" ten="30,4000,0" yaku="18,1,52,2" doraHai="56" who="3" fromWho="3" sc="184,-11,209,-11,423,-21,184,43" /><INIT seed="3,0,0,3,2,115" ten="173,198,402,227" oya="3" hai0="45,69,28,51,68,1,48,92,5,132,130,12,63" hai1="9,25,81,98,128,101,84,65,78,80,6,36,52" hai2="2,26,97,126,79,86,57,61,122,85,47,18,127" hai3="82,8,50,30,32,10,46,95,37,71,135,31,24"/><W42/><G71/><N who="0" m="27211" /><D1/><U111/><E36/><V96/><F122/><W120/><G120/><T125/><D28/><U40/><E40/><V27/><F2/><W62/><G135/><T121/><D12/><U118/><E65/><V87/><F47/><W39/><G62/><T17/><D5/><U20/><E80/><V44/><F44/><W75/><G95/><T94/><D17/><U110/><E118/><V107/><F79/><W91/><G31/><T99/><D121/><U70/><E128/><V53/><F107/><W54/><G37/><T109/><D130/><U14/><E70/><V112/><F112/><W72/><G72/><T22/><D22/><U134/><E134/><V89/><F89/><W129/><G129/><T66/><D132/><U13/><E13/><V105/><F105/><W133/><G133/><T131/><D131/><U83/><E83/><V114/><F114/><W113/><G113/><T123/><D123/><U119/><E119/><V60/><F18/><W23/><G32/><T29/><D29/><U56/><E20/><V15/><F15/><W59/><REACH who="3" step="1"/><G91/><REACH who="3" ten="173,198,402,217" step="2"/><T73/><D73/><U124/><E25/><V76/><F27/><W19/><G19/><T0/><D94/><U88/><E88/><V7/><F26/><W67/><G67/><T16/><D16/><U93/><E124/><V21/><F126/><W11/><G11/><T100/><D125/><U41/><E6/><V64/><F127/><W74/><G74/><T3/><D109/><U90/><E9/><V102/><F7/><W55/><G55/><N who="0" m="30095" /><D51/><U38/><E111/><V117/><F53/><RYUUKYOKU ba="0,1" sc="173,15,198,-15,402,-15,217,15" hai0="0,3,63,66,92,99,100" hai3="8,10,23,24,30,39,42,46,50,54,59,75,82" /><INIT seed="3,1,1,4,1,105" ten="188,183,387,232" oya="3" hai0="70,96,0,47,86,72,10,58,30,73,26,50,40" hai1="65,12,48,27,111,88,98,7,18,41,24,106,59" hai2="129,55,91,66,20,57,79,82,114,116,69,3,127" hai3="14,92,56,123,29,131,93,35,99,1,2,112,39"/><W32/><G123/><T15/><D70/><U31/><E7/><V63/><F114/><W62/><G112/><T33/><D0/><U53/><E111/><V21/><F116/><W36/><G131/><T51/><D96/><U22/><E41/><V85/><F3/><W34/><G14/><T133/><D133/><U77/><E65/><V42/><F42/><W67/><G29/><T107/><D107/><U118/><E118/><V124/><F129/><W108/><G108/><T74/><D86/><U11/><E77/><V117/><F117/><W13/><G13/><T52/><D74/><U61/><E27/><V49/><F79/><W87/><G87/><T100/><D100/><U80/><E106/><V68/><F68/><W121/><G121/><T54/><D40/><U115/><E115/><V126/><AGARI ba="1,1" hai="20,21,49,55,57,63,66,69,82,85,91,124,126,127" machi="126" ten="30,2000,0" yaku="0,1,18,1" doraHai="105" who="2" fromWho="2" sc="188,-6,183,-6,387,33,232,-11" owari="182,-22.0,177,-32.0,420,52.0,221,2.0" /></mjloggm>