<mjloggm ver="2.3"><GO type="97" lobby="0"/><UN n0="%E3%82%A6%E3%83%AB%E3%83%88%E3%83%A9%E7%AB%8B%E7%9B%B4" n1="%E5%85%AC%E5%9C%92%E5%AF%BA" n2="%E6%9D%B1%E9%A2%A8%E3%81%AE%E3%81%B7%E3%83%BC" n3="%50%4F%4E%E3%81%A1%E3%82%83%E3%82%93" dan="15,14,15,14" rate="1964.15,1858.54,2003.84,2039.19" sx="M,M,M,M"/><TAIKYOKU oya="0"/><INIT seed="0,0,0,1,5,2" ten="250,250,250,250" oya="0" hai0="41,40,65,68,27,96,90,46,134,5,55,123,79" hai1="76,8,84,52,100,72,3,61,22,125,32,112,130" hai2="117,37,83,14,128,64,13,133,34,58,95,47,60" hai3="106,51,0,49,62,98,119,33,20,80,78,48,127"/><T93/><D123/><U10/><E32/><V121/><F121/><W116/><G33/><T109/><D134/><U132/><E132/><V87/><F133/><W69/><G0/><T29/><D109/><U21/><E72/><V71/><F128/><W124/><G20/><N who="0" m="15591" /><D68/><U81/><E130/><V45/><F117/><N who="3" m="45131" /><G98/><T135/><D65/><U53/><E125/><N who="3" m="48202" /><G106/><T88/><D79/><U15/><E112/><V107/><F107/><W70/><G78/><T16/><D135/><U105/><E3/><V74/><F34/><W77/><G77/><T1/><D1/><U129/><E129/><V56/><F74/><W82/><G62/><T59/><D90/><U17/><E105/><V19/><F95/><W120/><G120/><T92/><D92/><U126/><E126/><V86/><F14/><W94/><G94/><T97/><D97/><U66/><E100/><V113/><F113/><W24/><G24/><T11/><D88/><U75/><E75/><V89/><F87/><W9/><G9/><N who="1" m="3690" /><E22/><N who="2" m="11631" /><F37/><W25/><G25/><T42/><D93/><U104/><E104/><V38/><F38/><W18/><G18/><T101/><D16/><U99/><E99/><V6/><F71/><AGARI ba="0,0" hai="48,49,51,69,70,71,80,82" m="48202,45131" machi="71" ten="40,5200,0" yaku="28,2,18,1" doraHai="2" who="3" fromWho="2" sc="250,0,250,0,250,-52,250,52" /><INIT seed="1,0,0,0,0,90" ten="250,250,198,302" oya="1" hai0="3,16,122,89,27,79,22,64,1,84,133,31,53" hai1="72,62,106,87,130,108,26,51,69,94,7,20,109" hai2="36,91,0,115,85,56,110,98,127,86,131,67,44" hai3="88,17,21,58,12,25,55,96,34,43,2,135,83"/><U32/><E106/><V134/><F0/><W95/><G2/><T14/><D133/><U68/><E72/><V37/><F110/><N who="1" m="42601" /><E130/><V71/><F131/><W121/><G121/><T77/><D122/><U65/><E32/><V70/><F134/><W99/><G135/><T13/><D64/><U38/><E38/><V100/><F127/><W47/><G83/><T57/><D3/><U93/><E7/><V45/><F115/><W19/><G34/><T78/><D1/><U30/><E69/><V126/><F126/><W104/><G104/><T76/><N who="0" m="19456" /><DORA hai="113" /><T52/><D57/><U50/><E87/><V92/><F56/><W132/><G132/><T117/><D117/><U118/><E118/><V74/><F74/><W42/><G47/><T4/><D4/><U39/><E39/><V123/><F123/><W97/><G42/><T28/><D28/><U54/><E50/><V35/><F35/><W105/><G43/><T128/><D128/><U112/><E112/><V114/><F114/><W9/><G105/><T33/><REACH who="0" step="1"/><D13/><REACH who="0" ten="240,250,198,302" step="2"/><U6/><E6/><V63/><F71/><W119/><G119/><T59/><D59/><AGARI ba="0,1" hai="20,26,30,51,54,59,62,65,68,93,94" m="42601" machi="59" ten="30,11600,0" yaku="14,1,10,1,52,2" doraHai="90,113" who="1" fromWho="0" sc="240,-116,250,126,198,0,302,0" /><INIT seed="1,1,0,2,0,135" ten="124,376,198,302" oya="1" hai0="92,19,6,80,31,131,38,15,129,72,0,101,42" hai1="58,2,32,98,45,111,36,25,12,84,63,103,73" hai2="130,86,16,79,91,123,120,35,117,54,46,110,81" hai3="69,94,127,95,90,65,88,10,61,20,70,116,33"/><U113/><E73/><V60/><F117/><W133/><G33/><T126/><D31/><U56/><E2/><V8/><F35/><W55/><G133/><T109/><D92/><U11/><E113/><V96/><F110/><W122/><G122/><T62/><D101/><U114/><E114/><V43/><F130/><N who="0" m="49674" /><D62/><U17/><E111/><V106/><F54/><W57/><G116/><T89/><D109/><U48/><E36/><V66/><F106/><W13/><G127/><T115/><D115/><U107/><E84/><V78/><F120/><W4/><G65/><T51/><D51/><U132/><E132/><V118/><F96/><W23/><G70/><T3/><D6/><U14/><E32/><V134/><F118/><W64/><G90/><T50/><D38/><U26/><E14/><N who="2" m="7239" /><F134/><W21/><G94/><T128/><N who="0" m="49682" /><T40/><DORA hai="112" /><D126/><U9/><E9/><V77/><F123/><W52/><REACH who="3" step="1"/><G69/><REACH who="3" ten="124,376,198,292" step="2"/><T75/><D89/><U83/><E83/><V59/><F91/><W7/><G7/><T37/><D80/><U71/><E71/><V100/><F100/><W47/><G47/><N who="0" m="25975" /><D37/><U39/><E39/><V68/><F68/><W125/><G125/><T28/><D40/><U87/><E107/><V1/><F43/><W93/><G93/><T5/><D5/><U85/><E45/><V105/><F46/><W97/><AGARI ba="1,1" hai="4,10,13,20,21,23,52,55,57,61,64,88,95,97" machi="97" ten="30,8000,1" yaku="1,1,0,1,8,1,54,2,53,0" doraHai="135,112" doraHaiUra="102,82" who="3" fromWho="3" sc="124,-21,376,-41,198,-21,292,93" /><INIT seed="2,0,0,3,3,133" ten="103,335,177,385" oya="2" hai0="108,110,101,9,5,75,76,93,49,124,135,1,131" hai1="99,50,34,3,40,59,103,56,125,116,91,48,128" hai2="35,21,17,100,18,7,88,123,111,70,26,22,51" hai3="90,121,89,102,39,8,96,4,66,132,13,85,23"/><V113/><F113/><W27/><G39/><T67/><D76/><U97/><E3/><V86/><F123/><W72/><G121/><T58/><D75/><U126/><E34/><V106/><F70/><W69/><G72/><T64/><D135/><U25/><E116/><V84/><F35/><W77/><G132/><T47/><D131/><U38/><E38/><V14/><F111/><N who="0" m="42538" /><D93/><U37/><E37/><V61/><F7/><W33/><G33/><T10/><D101/><U19/><E128/><V62/><F84/><W36/><G36/><T107/><D107/><U112/><E112/><V78/><F78/><W63/><G77/><T95/><D95/><U80/><E80/><N who="2" m="49223" /><F106/><W45/><G45/><T57/><D47/><U122/><E122/><V71/><F71/><W118/><G118/><T24/><D5/><U104/><E91/><V46/><F100/><W53/><G53/><AGARI ba="0,0" hai="14,17,18,21,22,26,46,51,53,61,62" m="49223" machi="53" ten="30,2900,0" yaku="8,1,54,1" doraHai="133" who="2" fromWho="3" sc="103,0,335,0,177,29,385,-29" /><INIT seed="2,1,0,2,1,61" ten="103,335,206,356" oya="2" hai0="36,45,54,70,0,23,6,118,100,75,9,53,93" hai1="105,35,77,74,117,29,120,71,19,55,94,12,103" hai2="33,3,47,73,90,126,49,110,43,104,131,87,81" hai3="79,92,18,123,78,133,116,115,40,13,99,30,21"/><V63/><F3/><W101/><G116/><T7/><D118/><U113/><E117/><V42/><F33/><W114/><G123/><T17/><D7/><U22/><E120/><V106/><F131/><W32/><G133/><T26/><D70/><U108/><E113/><N who="3" m="43018" /><G40/><T28/><D100/><U109/><E105/><V5/><F5/><W72/><G72/><T50/><D93/><U80/><E71/><V20/><F126/><W2/><G2/><T15/><D36/><U41/><E41/><V86/><F73/><W16/><G18/><T37/><D37/><U134/><E134/><V130/><F130/><W127/><G127/><T48/><D75/><U34/><E55/><V1/><F1/><W85/><G85/><T14/><REACH who="0" step="1"/><D17/><REACH who="0" ten="93,335,206,356" step="2"/><U31/><E31/><V65/><F110/><N who="1" m="42601" /><E29/><V27/><F43/><W66/><G66/><T82/><D82/><U25/><E25/><AGARI ba="1,1" hai="13,16,21,25,30,32,78,79,92,99,101" m="43018" machi="25" ten="30,2000,0" yaku="11,1,54,1" doraHai="61" who="3" fromWho="1" sc="93,0,335,-23,206,0,356,33" /><INIT seed="3,0,0,1,5,29" ten="93,312,206,389" oya="3" hai0="12,55,107,31,60,101,90,73,103,105,40,134,13" hai1="69,28,109,37,112,124,41,10,89,35,129,116,91" hai2="132,15,81,20,82,118,62,77,65,67,126,128,123" hai3="104,46,2,93,98,11,66,70,54,53,50,58,32"/><W51/><G32/><T111/><D73/><U26/><E112/><V100/><F118/><W71/><G104/><T83/><D31/><U34/><E116/><V97/><F128/><W57/><G2/><T59/><D40/><U3/><E129/><V14/><F132/><W95/><G11/><T33/><D59/><U39/><E69/><V78/><F126/><W23/><G23/><T47/><D60/><U115/><E115/><V17/><F123/><W68/><G98/><T30/><D47/><U18/><E109/><V6/><F77/><W61/><AGARI ba="0,0" hai="46,50,51,53,54,57,58,61,66,68,70,71,93,95" machi="61" ten="40,2100,0" yaku="0,1" doraHai="29" who="3" fromWho="3" sc="93,-7,312,-7,206,-7,389,21" owari="86,-41.0,305,11.0,199,-20.0,410,50.0" /></mjloggm>