<mjloggm ver="2.3"><GO type="97" lobby="0"/><UN n0="%E3%82%A6%E3%83%AB%E3%83%88%E3%83%A9%E7%AB%8B%E7%9B%B4" n1="%E5%BA%B7%74%79%61%6E" n2="%E9%95%B7%E9%87%8E%E6%97%A5%E5%A4%A7" n3="%E3%81%82%E3%81%96%E3%81%8A" dan="15,13,14,13" rate="1990.18,2003.13,1909.72,1808.26" sx="M,M,M,M"/><TAIKYOKU oya="0"/><INIT seed="0,0,0,1,2,68" ten="250,250,250,250" oya="0" hai0="117,112,122,67,28,9,97,102,125,16,110,57,108" hai1="2,50,42,41,10,36,20,56,33,4,75,25,109" hai2="26,118,119,95,63,65,107,133,53,105,79,123,70" hai3="39,40,1,3,27,15,130,134,31,64,77,124,88"/><T58/><D122/><U66/><E109/><N who="0" m="42089" /><D117/><N who="2" m="44554" /><F123/><W100/><G100/><T32/><D112/><U81/><E33/><V30/><F79/><W131/><G77/><T37/><D125/><U69/><E69/><V99/><F53/><W127/><G64/><T86/><D86/><U87/><E75/><V113/><F113/><W61/><G61/><T94/><D67/><U43/><E66/><V96/><F133/><W46/><G15/><N who="0" m="7279" /><D37/><U5/><E5/><V11/><F11/><W89/><G1/><T13/><D13/><U120/><E120/><V115/><F115/><W60/><G60/><T19/><D19/><U18/><E56/><V114/><F114/><W83/><G3/><T35/><D28/><U29/><E50/><V7/><F7/><W82/><G82/><T121/><D121/><U0/><E29/><V34/><F99/><W38/><G83/><T21/><D21/><U59/><E59/><AGARI ba="0,0" hai="32,35,57,58,59,94,97,102" m="7279,42089" machi="59" ten="30,5800,0" yaku="14,1,10,1,54,1" doraHai="68" who="0" fromWho="1" sc="250,58,250,-58,250,0,250,0" /><INIT seed="0,1,0,4,5,83" ten="308,192,250,250" oya="0" hai0="4,47,0,86,44,118,61,56,29,31,95,69,54" hai1="25,58,20,39,134,108,66,49,32,111,87,33,3" hai2="85,90,30,24,120,88,112,110,57,72,16,76,52" hai3="53,18,62,119,74,26,89,128,117,23,11,63,101"/><T15/><D0/><U80/><E39/><V131/><F120/><W135/><G74/><T10/><D69/><U27/><E3/><V70/><F70/><W7/><G135/><T60/><D60/><U9/><E134/><V67/><F112/><W104/><G128/><T133/><D133/><U42/><E9/><V19/><F131/><W114/><G114/><T37/><D37/><U123/><E27/><V124/><F124/><W105/><G101/><T99/><D118/><U126/><E126/><V79/><F110/><N who="1" m="42025" /><E123/><V127/><F67/><W107/><G117/><T98/><D98/><U94/><E94/><V75/><F127/><W50/><G119/><T97/><D97/><U36/><E36/><V81/><F90/><W65/><G89/><N who="0" m="53687" /><D99/><U121/><E121/><V34/><F75/><W1/><REACH who="3" step="1"/><G65/><REACH who="3" ten="308,192,250,240" step="2"/><T82/><D82/><U64/><E64/><V14/><F72/><W38/><G38/><T48/><D47/><AGARI ba="1,1" hai="1,7,11,18,23,26,47,50,53,62,63,104,105,107" machi="47" ten="40,1300,0" yaku="1,1,53,0" doraHai="83" doraHaiUra="8" who="3" fromWho="0" sc="308,-16,192,0,250,0,240,26" /><INIT seed="1,0,0,5,1,5" ten="292,192,250,266" oya="1" hai0="47,55,85,44,118,75,58,80,57,38,7,8,130" hai1="25,86,111,79,82,14,123,54,77,20,124,67,134" hai2="76,90,69,59,3,89,83,135,122,9,18,4,78" hai3="126,91,2,117,99,28,16,52,63,51,46,100,48"/><U94/><E123/><V72/><F122/><W62/><G2/><T19/><D118/><U60/><E134/><V109/><F69/><W34/><G117/><T33/><D33/><U95/><E124/><V129/><F129/><W21/><G126/><T101/><D101/><U66/><E111/><V39/><F135/><W73/><G73/><T6/><D75/><U92/><E77/><V105/><F78/><W64/><G34/><T22/><D130/><U112/><E112/><V125/><F105/><W98/><G28/><T107/><D107/><U23/><E14/><V37/><F125/><W119/><G119/><T32/><D32/><U110/><E110/><V68/><F68/><W97/><G64/><N who="1" m="24618" /><E25/><V26/><F59/><AGARI ba="0,0" hai="20,23,54,59,60,79,82,86,92,94,95" m="24618" machi="59" ten="30,1500,0" yaku="8,1" doraHai="5" who="1" fromWho="2" sc="292,0,192,15,250,-15,266,0" /><INIT seed="1,1,0,1,5,116" ten="292,207,235,266" oya="1" hai0="119,78,80,93,2,98,107,19,29,50,25,74,70" hai1="40,16,18,125,79,9,66,68,130,23,38,127,49" hai2="56,82,73,76,47,28,26,100,95,41,24,34,58" hai3="65,3,110,120,35,6,54,67,101,55,102,123,86"/><U62/><E38/><V64/><F64/><W0/><G35/><T135/><D2/><U103/><E130/><V92/><F26/><W108/><G86/><T21/><D119/><U42/><E79/><V14/><F14/><W1/><G6/><T37/><D37/><U5/><E103/><N who="3" m="39434" /><G65/><T85/><D135/><U121/><E121/><N who="3" m="46666" /><G67/><T48/><D70/><U72/><E72/><V81/><F81/><W36/><G36/><T75/><D75/><U109/><E109/><AGARI ba="1,0" hai="0,1,3,54,55,108,109,110" m="46666,39434" machi="109" ten="40,12000,2" yaku="28,2,14,1,52,3" doraHai="116" who="3" fromWho="1" sc="292,0,207,-123,235,0,266,123" /><INIT seed="2,0,0,4,3,26" ten="292,84,235,389" oya="2" hai0="70,120,44,128,131,62,34,36,110,51,123,18,130" hai1="42,47,27,84,122,96,66,97,104,0,28,91,10" hai2="115,78,17,79,99,80,100,117,52,38,114,119,4" hai3="6,111,23,135,105,29,127,53,22,71,113,58,21"/><V16/><F38/><W129/><G71/><T134/><D18/><N who="2" m="7274" /><F80/><W43/><G105/><T68/><D34/><U14/><E122/><N who="0" m="46633" /><D36/><U1/><E66/><V59/><F4/><W81/><G43/><N who="0" m="24991" /><D134/><U133/><E133/><V50/><F99/><W116/><G135/><T74/><D74/><U56/><E104/><V63/><F50/><W20/><G6/><T98/><D98/><U2/><E56/><V5/><F5/><W7/><G7/><T15/><D15/><U103/><E14/><V102/><F52/><W37/><G37/><T40/><D40/><U30/><E10/><V46/><F46/><W126/><G81/><T33/><D33/><U77/><E77/><N who="2" m="29195" /><F59/><W67/><G58/><T121/><N who="0" m="46641" /><T61/><DORA hai="95" /><D68/><U65/><E65/><V118/><F63/><N who="0" m="24074" /><D70/><U55/><E55/><V9/><F9/><W109/><G53/><T35/><D35/><U89/><E103/><AGARI ba="0,0" hai="100,102,103,114,115,117,118,119" m="29195,7274" machi="103" ten="40,7700,0" yaku="28,2,54,1" doraHai="26,95" who="2" fromWho="1" sc="292,0,84,-77,235,77,389,0" /><INIT seed="2,1,0,1,4,85" ten="292,7,312,389" oya="2" hai0="105,1,40,28,73,114,30,119,24,129,60,122,53" hai1="0,112,3,130,43,56,20,15,86,126,45,100,39" hai2="101,52,63,96,26,94,116,23,77,33,65,67,62" hai3="32,37,74,131,133,90,57,113,84,5,13,18,71"/><V89/><BYE who="1" /><F116/><W4/><G71/><T47/><D1/><U31/><E31/><V44/><F33/><W102/><G74/><T17/><D119/><U92/><E92/><V51/><F77/><W68/><G68/><T19/><D122/><U135/><E135/><V82/><F82/><W88/><G37/><T110/><D114/><U87/><E87/><V109/><F109/><W128/><G32/><T97/><D110/><U104/><E104/><V72/><F72/><W16/><G102/><T125/><D129/><N who="3" m="49737" /><G133/><T6/><D125/><U120/><E120/><V107/><F107/><W66/><G113/><T103/><D6/><N who="3" m="2665" /><G84/><T70/><D73/><U11/><E11/><V29/><F101/><W8/><G18/><T21/><D30/><U124/><E124/><V61/><AGARI ba="1,0" hai="23,26,29,44,51,52,61,62,63,65,67,89,94,96" machi="61" ten="30,11700,0" yaku="0,1,8,1,52,1,54,1" doraHai="85" who="2" fromWho="2" sc="292,-40,7,-40,312,120,389,-40" owari="252,-15.0,-33,-53.0,432,53.0,349,15.0" /></mjloggm>