<mjloggm ver="2.3"><GO type="97" lobby="0"/><UN n0="%E3%82%A6%E3%83%AB%E3%83%88%E3%83%A9%E7%AB%8B%E7%9B%B4" n1="%E4%BB%8A%E6%97%A5%E4%BA%8C" n2="%E3%83%9C%E3%83%BC%E3%83%AB%E3%83%9C%E3%83%BC%E3%82%A4" n3="%6B%79%6F%75%6B%6F%75" dan="15,14,14,14" rate="2005.35,1976.19,1954.40,1880.98" sx="M,M,M,M"/><TAIKYOKU oya="0"/><INIT seed="0,0,0,0,5,133" ten="250,250,250,250" oya="0" hai0="14,117,100,125,26,48,11,30,68,106,81,55,92" hai1="34,90,99,21,4,49,94,22,32,13,72,80,41" hai2="101,73,1,54,19,102,64,60,27,66,78,134,97" hai3="122,20,0,28,37,51,47,114,62,89,12,9,42"/><T129/><D68/><U105/><E105/><V127/><F1/><W123/><G0/><T18/><D106/><U82/><E34/><V35/><F134/><W85/><G114/><T33/><D117/><U87/><E32/><V53/><F78/><W5/><G37/><T115/><D115/><U116/><E72/><V7/><F73/><W119/><G119/><T3/><D129/><U120/><E120/><N who="3" m="46122" /><G62/><T109/><D109/><U17/><E4/><V38/><F7/><W43/><G28/><T25/><D25/><U103/><E116/><V52/><F38/><W95/><G20/><T57/><D3/><U58/><E82/><V71/><F64/><W86/><G86/><T74/><D74/><U121/><E121/><V45/><F101/><W112/><G112/><T132/><D132/><U6/><E6/><V69/><F69/><W10/><G10/><T36/><D36/><U130/><E130/><V111/><F111/><W23/><G23/><T70/><D70/><U84/><E84/><V24/><F27/><W46/><G46/><T59/><D59/><U63/><E21/><V16/><F45/><W108/><G108/><T135/><D135/><U61/><E41/><AGARI ba="0,0" hai="5,9,12,41,42,43,47,51,85,89,95" m="46122" machi="41" ten="30,1000,0" yaku="13,1" doraHai="133" who="3" fromWho="1" sc="250,0,250,-10,250,0,250,10" /><INIT seed="1,0,0,0,2,51" ten="250,240,250,260" oya="1" hai0="70,119,13,49,5,59,27,18,43,2,113,15,88" hai1="65,90,104,89,92,100,83,94,56,14,32,6,134" hai2="73,123,109,132,127,91,129,131,118,114,69,17,101" hai3="68,117,71,39,82,98,34,135,125,74,103,36,28"/><U21/><E32/><V4/><RYUUKYOKU type="yao9" ba="0,0" sc="250,0,240,0,250,0,260,0" hai2="4,17,69,73,91,101,109,114,118,123,127,129,131,132" /><INIT seed="1,1,0,3,0,99" ten="250,240,250,260" oya="1" hai0="119,88,76,48,127,15,131,59,28,24,133,22,134" hai1="8,83,32,33,7,111,68,126,77,35,132,102,89" hai2="91,84,90,31,3,34,58,52,128,0,30,67,11" hai3="123,80,60,97,9,115,20,135,108,29,64,114,57"/><U95/><E68/><V50/><F128/><W79/><G123/><T92/><D76/><U27/><E132/><N who="0" m="50793" /><D119/><U107/><E126/><V66/><F91/><W61/><G135/><T39/><D39/><U94/><E111/><V78/><F78/><W44/><G44/><T18/><D131/><U71/><E71/><V70/><F70/><W109/><G97/><N who="0" m="57479" /><D127/><U73/><E27/><V98/><F98/><W45/><G45/><T26/><D28/><U74/><E74/><V63/><F66/><W40/><G9/><T37/><D37/><U93/><E107/><V118/><F118/><W43/><G61/><T51/><D59/><U47/><E47/><V4/><F0/><W106/><G106/><T12/><D26/><U124/><E124/><V13/><F3/><W46/><G20/><T14/><AGARI ba="1,0" hai="12,14,15,18,22,24,48,51" m="57479,50793" machi="14" ten="30,2000,0" yaku="20,1,54,1" doraHai="99" who="0" fromWho="0" sc="250,23,240,-11,250,-6,260,-6" /><INIT seed="2,0,0,3,1,33" ten="273,229,244,254" oya="2" hai0="69,90,121,35,38,40,19,96,117,2,31,86,109" hai1="75,81,37,42,24,91,113,77,9,44,11,93,27" hai2="111,52,22,102,124,51,94,62,84,16,28,58,29" hai3="39,5,1,116,89,46,101,57,72,110,98,130,133"/><V10/><F124/><W128/><G116/><T48/><D121/><U76/><E113/><V63/><F111/><W3/><G110/><T32/><D69/><U25/><REACH who="1" step="1"/><E77/><REACH who="1" ten="273,219,244,254" step="2"/><V7/><F63/><W60/><G89/><T97/><D90/><U20/><E20/><V18/><F18/><W30/><G5/><T88/><D19/><U114/><E114/><V49/><F62/><W15/><G30/><T6/><D31/><U82/><E82/><V0/><F49/><W50/><G39/><T65/><D38/><U80/><E80/><V126/><F126/><W118/><G118/><T4/><D48/><U100/><E100/><V108/><F108/><W73/><G73/><T105/><D6/><U36/><E36/><V71/><F71/><W68/><G68/><T66/><D4/><U59/><E59/><V87/><F102/><W135/><G72/><T127/><D127/><U23/><E23/><V119/><F119/><W123/><G123/><T70/><D70/><U43/><E43/><V56/><F56/><W54/><G60/><T53/><D40/><U134/><E134/><N who="3" m="51210" /><G57/><T45/><D117/><U95/><E95/><V55/><F55/><W85/><G85/><AGARI ba="0,1" hai="9,11,24,25,27,37,42,44,75,76,81,85,91,93" machi="85" ten="40,1300,0" yaku="1,1,53,0" doraHai="33" doraHaiUra="99" who="1" fromWho="3" sc="273,0,219,23,244,0,254,-13" /><INIT seed="3,0,0,0,1,135" ten="273,242,244,241" oya="3" hai0="21,121,95,41,9,61,51,122,16,103,87,124,70" hai1="65,8,2,0,125,131,25,85,81,115,108,109,92" hai2="96,40,89,105,56,26,58,101,120,11,113,46,112" hai3="1,19,82,78,75,134,44,118,107,84,15,116,97"/><W7/><G134/><T83/><D124/><U102/><E115/><V100/><F120/><W52/><G1/><T12/><D103/><U64/><E131/><V77/><F77/><W80/><G7/><T6/><D95/><U37/><E37/><V114/><F101/><W63/><G107/><T53/><D70/><U32/><E125/><V13/><F26/><W24/><G24/><T30/><D61/><U28/><E102/><V110/><F110/><N who="1" m="42601" /><E92/><V76/><F76/><W86/><G97/><T57/><D41/><U98/><E98/><V59/><F89/><N who="3" m="51351" /><G63/><T66/><D66/><N who="1" m="25707" /><E8/><V17/><REACH who="2" step="1"/><F112/><REACH who="2" ten="273,242,234,241" step="2"/><W54/><G75/><T132/><D132/><U18/><E25/><V36/><AGARI ba="0,1" hai="11,13,17,36,40,46,56,58,59,96,100,105,113,114" machi="36" ten="30,4000,0" yaku="1,1,2,1,0,1,53,0" doraHai="135" doraHaiUra="29" who="2" fromWho="2" sc="273,-10,242,-10,234,50,241,-20" /><INIT seed="4,0,0,2,0,55" ten="263,232,284,221" oya="0" hai0="28,20,37,2,119,78,107,135,124,36,48,38,32" hai1="115,76,31,7,34,82,102,4,89,45,113,105,5" hai2="9,41,27,43,92,3,52,131,108,6,62,51,61" hai3="125,127,126,120,15,88,22,59,86,133,95,79,0"/><T81/><D119/><U12/><E89/><V94/><F131/><W118/><G0/><T100/><D48/><U11/><E45/><V71/><F108/><W121/><G118/><T64/><D20/><U13/><E34/><V21/><F94/><W25/><G79/><T128/><D128/><U16/><E31/><V33/><F33/><W129/><G129/><T122/><D122/><N who="3" m="47209" /><G15/><T77/><D77/><U18/><E105/><V39/><F92/><W70/><G70/><T67/><D67/><U73/><REACH who="1" step="1"/><E102/><REACH who="1" ten="263,222,284,221" step="2"/><V1/><F1/><W14/><G14/><T116/><D2/><U74/><E74/><V101/><F101/><W35/><G35/><T75/><D116/><U114/><E114/><V104/><F104/><W97/><G133/><T110/><D135/><U44/><E44/><V98/><F98/><W65/><G97/><T30/><D110/><U19/><E19/><V57/><F71/><W84/><G84/><T112/><D30/><U93/><E93/><V8/><F8/><AGARI ba="0,1" hai="4,5,7,8,11,12,13,16,18,73,76,82,113,115" machi="8" ten="40,5200,0" yaku="1,1,9,1,54,1,53,0" doraHai="55" doraHaiUra="53" who="1" fromWho="2" sc="263,0,222,62,284,-52,221,0" /><INIT seed="5,0,0,4,3,135" ten="263,284,232,221" oya="1" hai0="5,67,74,106,8,45,87,53,93,107,50,28,77" hai1="49,19,39,96,51,66,42,129,104,15,10,70,79" hai2="69,26,56,113,37,71,27,75,24,4,72,122,78" hai3="130,73,91,100,25,36,64,116,83,97,16,99,6"/><U110/><E79/><V62/><F122/><W108/><G36/><T30/><D74/><U102/><E129/><V23/><F37/><W0/><G0/><T86/><D106/><U105/><E105/><V81/><F75/><W117/><G64/><T57/><D107/><U65/><E110/><V41/><F41/><W48/><G48/><T114/><D114/><U2/><E2/><V85/><F113/><W9/><G130/><T127/><D127/><U54/><E70/><V101/><F101/><W82/><G108/><T76/><D87/><U52/><E39/><V111/><F111/><W32/><G32/><T29/><D67/><U20/><E42/><V13/><F72/><W1/><G73/><T60/><D93/><U3/><E3/><V123/><F123/><W17/><G25/><T120/><D120/><U118/><E118/><N who="3" m="45674" /><G91/><T92/><D50/><U7/><E51/><V125/><F125/><W80/><G99/><T126/><D126/><U61/><E49/><V18/><REACH who="2" step="1"/><F4/><REACH who="2" ten="263,284,222,221" step="2"/><W11/><G11/><T44/><D44/><U59/><E7/><V89/><F89/><W98/><G98/><T103/><D45/><U58/><E10/><V46/><F46/><W31/><G31/><T109/><D109/><U133/><E133/><V34/><F34/><W112/><G112/><T121/><D121/><U90/><E90/><V132/><F132/><W68/><G68/><T35/><D35/><U12/><E96/><V14/><F14/><W63/><G63/><T38/><D38/><U55/><E12/><V88/><F88/><W115/><G115/><T128/><D60/><RYUUKYOKU ba="0,1" sc="263,-15,284,-15,222,15,221,15" hai2="13,18,23,24,26,27,56,62,69,71,78,81,85" hai3="1,6,9,16,17,80,82,83,97,100" /><INIT seed="6,1,1,3,3,54" ten="248,269,237,236" oya="2" hai0="34,71,24,109,91,112,41,62,117,99,78,3,104" hai1="69,74,63,7,52,32,48,27,64,14,6,135,0" hai2="37,15,16,129,51,114,73,97,75,30,79,12,115" hai3="88,68,20,121,96,8,100,131,119,95,13,9,56"/><V57/><F37/><W59/><G68/><T76/><D3/><U36/><E36/><V46/><F129/><W44/><G121/><T60/><D117/><U92/><E0/><V5/><F30/><W43/><G119/><T31/><D109/><U89/><E74/><V10/><F97/><W25/><G131/><T4/><D4/><U80/><E80/><V77/><F75/><W107/><G107/><T45/><D62/><U130/><E135/><V110/><F110/><W98/><G98/><T22/><D22/><U93/><E130/><V86/><F86/><W122/><G100/><N who="0" m="62495" /><D91/><U17/><E32/><V132/><F132/><W82/><G82/><T103/><D103/><U61/><E27/><V126/><F126/><W134/><G134/><T29/><D29/><U90/><E63/><V111/><F111/><W50/><G122/><T133/><D133/><U53/><E90/><V26/><F26/><W116/><G116/><T123/><D123/><U94/><E89/><V23/><F73/><W49/><G49/><N who="0" m="26799" /><D112/><N who="2" m="43050" /><F57/><N who="3" m="22091" /><G13/><T105/><D105/><U108/><E108/><V21/><F23/><W19/><AGARI ba="1,1" hai="8,9,19,20,25,43,44,50,88,95,96" m="22091" machi="19" ten="30,8000,1" yaku="8,1,52,3,54,1" doraHai="54" who="3" fromWho="3" sc="248,-21,269,-21,237,-41,236,93" owari="227,-17.0,248,5.0,196,-30.0,329,42.0" /></mjloggm>