<mjloggm ver="2.3"><GO type="97" lobby="0"/><UN n0="%E3%82%A6%E3%83%AB%E3%83%88%E3%83%A9%E7%AB%8B%E7%9B%B4" n1="%E3%82%80%E3%81%93%E3%81%86%E3%81%B6%E3%81%A1" n2="%6D%6F%6A%69%32%30%30%36" n3="%E3%81%86%E3%82%8B%E3%81%95%E3%81%84%E3%81%AF%E8%A4%92%E3%82%81%E8%A9%9E" dan="15,14,13,15" rate="1971.74,1894.88,1840.57,1921.74" sx="M,M,F,M"/><TAIKYOKU oya="0"/><INIT seed="0,0,0,5,3,80" ten="250,250,250,250" oya="0" hai0="69,68,79,63,14,32,38,130,1,65,53,120,103" hai1="48,93,125,31,59,27,45,71,102,126,51,106,40" hai2="110,118,108,105,7,101,82,4,100,131,37,30,90" hai3="42,8,64,22,124,96,46,0,84,52,115,81,36"/><T77/><D1/><U15/><E106/><V20/><F37/><W28/><G124/><T104/><D120/><U55/><E71/><V54/><F105/><W89/><G64/><T17/><D68/><U49/><E15/><V10/><BYE who="1" /><F131/><W87/><G115/><T129/><D53/><U60/><E60/><V127/><F127/><W121/><G121/><T33/><D38/><U133/><E133/><V111/><F118/><UN n1="%E3%82%80%E3%81%93%E3%81%86%E3%81%B6%E3%81%A1" /><W132/><G132/><T66/><D66/><U9/><E9/><V128/><F128/><N who="0" m="49258" /><D103/><N who="2" m="39498" /><F54/><W83/><G96/><T29/><D104/><U119/><E119/><V88/><F82/><W11/><G0/><T92/><D92/><U35/><REACH who="1" step="1"/><E51/><REACH who="1" ten="250,240,250,250" step="2"/><V116/><F10/><W18/><G11/><N who="0" m="6367" /><D33/><U13/><E13/><V134/><F134/><W47/><G8/><T72/><D72/><U112/><E112/><V114/><F114/><W61/><G28/><T95/><D29/><U98/><AGARI ba="0,1" hai="27,31,35,40,45,48,49,55,59,93,98,102,125,126" machi="98" ten="30,2000,0" yaku="1,1,0,1,53,0" doraHai="80" doraHaiUra="113" who="1" fromWho="1" sc="250,-10,240,30,250,-5,250,-5" /><INIT seed="1,0,0,4,5,59" ten="240,270,245,245" oya="1" hai0="10,80,87,105,78,28,8,6,31,48,25,82,108" hai1="14,70,128,17,29,16,71,101,90,1,18,135,43" hai2="24,11,60,27,103,20,4,39,34,79,42,68,112" hai3="124,61,51,35,2,84,56,63,121,40,83,53,49"/><U81/><E1/><V116/><F116/><W75/><G75/><T67/><D105/><U32/><E135/><V13/><F103/><W107/><G107/><T77/><D108/><U58/><E128/><V57/><F68/><W91/><G124/><T74/><D67/><U114/><E114/><V133/><F133/><W132/><G132/><T45/><D25/><U72/><E101/><V100/><F100/><W94/><G2/><T129/><D10/><U117/><E117/><V130/><F130/><W113/><G113/><T86/><D74/><U98/><E43/><V50/><F39/><W109/><G35/><T120/><D120/><U125/><E125/><V115/><F34/><W99/><G109/><T38/><D38/><U44/><E44/><N who="2" m="25879" /><F112/><W102/><G121/><T47/><D129/><U131/><E131/><V65/><F79/><W62/><G49/><T126/><D126/><U93/><E14/><N who="2" m="5479" /><F115/><W3/><G3/><T52/><REACH who="0" step="1"/><D47/><AGARI ba="0,0" hai="40,47,51,53,56,61,62,63,83,84,91,94,99,102" machi="47" ten="40,8000,1" yaku="8,1,52,3" doraHai="59" who="3" fromWho="0" sc="240,-80,270,0,245,0,245,80" /><INIT seed="2,0,0,1,0,107" ten="160,270,245,325" oya="2" hai0="14,8,5,3,43,103,50,128,58,120,131,135,130" hai1="134,84,9,132,42,100,62,27,115,1,7,25,121" hai2="26,80,12,34,68,89,49,20,85,53,117,129,56" hai3="55,79,44,112,114,24,93,126,76,133,90,123,66"/><V38/><F38/><W105/><G66/><T113/><D120/><U47/><E115/><V91/><F34/><W125/><G123/><T124/><D113/><N who="3" m="43625" /><G105/><T101/><D124/><N who="3" m="47721" /><G24/><T108/><D108/><U122/><E100/><V2/><F2/><W104/><G104/><T98/><D135/><N who="1" m="51755" /><E62/><V97/><F68/><W70/><G70/><T16/><D98/><U86/><E27/><V17/><F129/><W28/><G28/><T52/><REACH who="0" step="1"/><D43/><REACH who="0" ten="150,270,245,325" step="2"/><U88/><E25/><V109/><F109/><W31/><G133/><T40/><D40/><U61/><E122/><V99/><F117/><W10/><G31/><T73/><D73/><U32/><E121/><V60/><F26/><W78/><G10/><AGARI ba="0,1" hai="3,5,8,10,14,16,50,52,58,101,103,128,130,131" machi="10" ten="40,8000,1" yaku="1,1,19,1,54,2,53,0" doraHai="107" doraHaiUra="75" who="0" fromWho="3" sc="150,90,270,0,245,0,325,-80" /><INIT seed="3,0,0,1,0,133" ten="240,270,245,245" oya="3" hai0="0,124,66,31,110,88,120,21,41,86,46,14,111" hai1="13,121,89,51,102,69,44,33,116,112,82,32,40" hai2="105,114,71,118,20,107,23,55,104,106,9,24,80" hai3="64,74,2,19,98,101,73,7,119,60,36,4,117"/><W96/><G36/><T52/><D0/><U85/><E112/><V26/><F118/><W22/><G73/><T93/><D120/><U87/><E116/><V68/><F114/><W61/><G74/><T10/><D66/><U94/><E121/><V67/><F67/><W79/><G79/><T108/><D124/><U34/><E69/><N who="2" m="26699" /><F104/><W109/><G61/><T58/><D21/><N who="2" m="8266" /><F9/><W43/><G98/><T103/><D103/><U84/><E13/><V81/><F55/><W59/><G43/><T15/><D31/><U12/><E12/><V37/><F37/><W65/><G64/><T97/><D97/><U30/><E102/><V99/><F99/><W128/><G2/><T100/><D100/><U38/><E38/><V70/><F70/><W90/><G101/><T1/><D1/><U134/><E134/><V75/><F75/><W47/><G96/><T28/><D28/><U115/><E115/><V53/><F53/><W50/><G65/><T122/><D122/><U29/><REACH who="1" step="1"/><E87/><REACH who="1" ten="240,260,245,245" step="2"/><V5/><F5/><W8/><G7/><T17/><D15/><U78/><AGARI ba="0,1" hai="29,30,32,33,34,40,44,51,78,82,84,85,89,94" machi="78" ten="30,4000,0" yaku="1,1,2,1,0,1,53,0" doraHai="133" doraHaiUra="56" who="1" fromWho="1" sc="240,-10,260,50,245,-10,245,-20" owari="230,-17.0,310,40.0,235,4.0,225,-27.0" /></mjloggm>