<mjloggm ver="2.3"><GO type="97" lobby="0"/><UN n0="%E3%81%82%E3%81%B2%E3%82%8B%E3%81%95%E3%82%93" n1="%73%69%6F%72%69%32%30%38" n2="%E4%B8%89%E4%B8%87%E5%8D%98%E9%A8%8E%E3%81%AE%E9%AC%BC" n3="%E3%82%A6%E3%83%AB%E3%83%88%E3%83%A9%E7%AB%8B%E7%9B%B4" dan="14,13,15,14" rate="1909.07,1895.34,2036.85,1907.18" sx="M,F,M,M"/><TAIKYOKU oya="0"/><INIT seed="0,0,0,0,2,79" ten="250,250,250,250" oya="0" hai0="60,61,33,4,5,111,88,12,42,63,51,118,1" hai1="73,92,58,16,44,34,59,64,109,82,133,105,107" hai2="131,120,28,129,126,40,49,100,106,108,128,96,65" hai3="50,104,15,68,47,134,56,119,21,83,10,125,123"/><T93/><D1/><U37/><E34/><V11/><F120/><W22/><G119/><T132/><D33/><U114/><E114/><V72/><F72/><W3/><G68/><T122/><D122/><U81/><E73/><V23/><F108/><W85/><G123/><T115/><D118/><U101/><E37/><V48/><F126/><W77/><G104/><T7/><D115/><U9/><E44/><V86/><F65/><W2/><G134/><T102/><D132/><U25/><E133/><V135/><F135/><W71/><G71/><T124/><D124/><U80/><E109/><V113/><F113/><W45/><G125/><T84/><D111/><U20/><E105/><V89/><F40/><W13/><G3/><T43/><D102/><U35/><E35/><V95/><REACH who="2" step="1"/><F11/><REACH who="2" ten="250,250,240,250" step="2"/><W14/><G10/><N who="0" m="4167" /><D43/><U116/><E116/><V57/><F57/><N who="1" m="21513" /><E64/><V76/><F76/><W29/><G56/><T31/><D42/><U87/><E107/><V70/><F70/><W110/><G110/><T32/><D32/><U127/><E9/><V94/><F94/><W99/><G47/><T117/><D117/><U74/><E74/><V98/><F98/><W130/><G99/><T112/><D112/><U78/><E127/><V19/><F19/><W91/><G45/><T27/><D93/><U55/><E55/><V54/><F54/><W69/><G69/><T39/><D5/><U38/><E38/><V41/><F41/><W67/><G67/><T46/><D39/><U62/><E62/><V24/><AGARI ba="0,1" hai="23,24,28,48,49,86,89,95,96,100,106,128,129,131" machi="24" ten="40,5200,0" yaku="1,1,0,1,19,1,53,0" doraHai="79" doraHaiUra="0" who="2" fromWho="2" sc="250,-26,250,-13,240,62,250,-13" /><INIT seed="1,0,0,1,2,120" ten="224,237,302,237" oya="1" hai0="64,110,106,66,53,33,10,81,15,36,103,7,62" hai1="0,99,94,87,67,91,21,34,31,111,135,74,97" hai2="76,127,27,68,95,50,131,35,13,96,98,47,109" hai3="46,119,126,18,54,84,90,26,23,41,89,63,51"/><U9/><E74/><V72/><F68/><W4/><G126/><T134/><D36/><U124/><E34/><V5/><F127/><W114/><G114/><T28/><D81/><U73/><E124/><V101/><F131/><W88/><G119/><T108/><D53/><U32/><E32/><V3/><F3/><W1/><G1/><T123/><D123/><U86/><E0/><V40/><F72/><W128/><G128/><T65/><D62/><U38/><E38/><V52/><F76/><W112/><G112/><T125/><D125/><U60/><E73/><V25/><F35/><W30/><G4/><T29/><D134/><U48/><E135/><V102/><F109/><N who="0" m="42090" /><D33/><U93/><E111/><V11/><REACH who="2" step="1"/><F40/><REACH who="2" ten="224,237,292,237" step="2"/><W71/><G71/><T19/><D7/><U59/><E9/><V83/><F83/><W107/><G41/><T80/><D80/><U118/><E118/><V24/><F24/><W132/><G132/><T49/><D49/><U121/><E48/><V6/><F6/><W39/><G39/><T61/><D61/><U8/><E121/><V130/><F130/><W58/><G63/><T117/><D117/><U113/><E113/><V79/><F79/><W69/><G69/><T56/><D56/><U78/><E78/><V85/><F85/><W12/><G84/><T70/><D70/><U82/><E82/><V42/><F42/><W105/><REACH who="3" step="1"/><G58/><REACH who="3" ten="224,237,292,227" step="2"/><T133/><D133/><U44/><E87/><V116/><F116/><W104/><G104/><AGARI ba="0,2" hai="5,11,13,25,27,47,50,52,95,96,98,101,102,104" machi="104" ten="30,3900,0" yaku="1,1,7,1,54,1,53,0" doraHai="120" doraHaiUra="122" who="2" fromWho="3" sc="224,0,237,0,292,59,227,-39" /><INIT seed="2,0,0,3,4,123" ten="224,237,351,188" oya="2" hai0="117,88,82,52,19,26,116,125,73,94,68,133,57" hai1="129,18,22,1,0,11,4,63,62,48,105,77,16" hai2="6,30,44,49,107,76,100,10,114,3,119,127,47" hai3="51,38,7,85,40,90,14,67,128,108,54,32,87"/><V65/><F119/><N who="0" m="45642" /><D68/><U115/><E105/><V55/><F114/><W91/><G32/><T59/><D73/><U130/><E77/><V34/><F127/><W69/><G40/><T8/><D82/><U74/><E74/><V99/><F76/><W120/><G38/><T70/><D70/><U24/><E48/><V86/><F65/><W17/><G7/><T103/><D103/><U56/><E63/><V25/><REACH who="2" step="1"/><F86/><REACH who="2" ten="224,237,341,188" step="2"/><W80/><G120/><T36/><D125/><U50/><E115/><V66/><F66/><W81/><G128/><T72/><D72/><U15/><E62/><V104/><F104/><W13/><G108/><T106/><D106/><U118/><E118/><V97/><F97/><W92/><G69/><T132/><D132/><U20/><E50/><V45/><AGARI ba="0,1" hai="3,6,10,25,30,34,44,45,47,49,55,99,100,107" machi="45" ten="20,18000,2" yaku="1,1,0,1,7,1,53,3" doraHai="123" doraHaiUra="42" who="2" fromWho="2" sc="224,-60,237,-60,341,190,188,-60" /><INIT seed="2,1,0,2,0,6" ten="164,177,531,128" oya="2" hai0="5,84,8,120,114,27,76,100,3,7,15,16,112" hai1="111,70,47,96,72,54,68,106,12,91,126,133,77" hai2="95,26,108,64,117,128,10,9,99,119,110,130,58" hai3="39,103,63,0,24,74,83,31,81,129,18,62,69"/><V98/><F58/><W40/><G129/><N who="2" m="49769" /><F64/><W36/><G18/><T42/><D42/><U13/><E111/><N who="2" m="42539" /><F26/><W35/><G83/><T32/><D27/><U29/><E126/><V48/><F48/><W101/><G101/><T28/><D100/><U135/><E72/><V80/><F80/><W66/><G62/><T14/><D114/><U132/><E29/><V124/><F124/><W52/><G52/><T93/><D28/><U131/><E131/><V43/><F43/><W55/><G55/><T30/><D112/><U123/><E77/><V49/><F49/><W61/><G61/><T37/><D76/><U85/><E54/><V33/><F33/><W97/><G40/><T17/><D32/><U113/><E47/><V78/><F78/><N who="3" m="44247" /><G0/><T115/><D3/><U50/><E113/><V125/><F125/><W118/><G118/><N who="2" m="45065" /><F99/><W51/><G51/><T87/><D115/><U21/><E50/><V25/><F25/><W46/><G46/><T79/><D30/><U89/><E70/><V56/><F56/><W92/><G39/><T67/><D37/><U38/><E68/><V34/><F34/><W94/><G36/><T90/><D67/><U102/><E38/><V82/><F82/><W19/><G19/><T71/><D71/><U1/><E1/><V44/><F44/><W107/><AGARI ba="1,0" hai="24,31,35,63,66,69,92,94,97,103,107" m="44247" machi="107" ten="30,1100,0" yaku="25,1" doraHai="6" who="3" fromWho="3" sc="164,-4,177,-4,531,-6,128,14" /><INIT seed="3,0,0,3,1,66" ten="160,173,525,142" oya="3" hai0="102,62,3,68,95,121,84,115,24,135,112,17,125" hai1="89,39,117,80,27,79,99,116,113,81,111,53,77" hai2="30,15,134,19,67,47,133,70,28,128,126,127,57" hai3="36,61,105,32,22,76,52,48,50,12,33,40,88"/><W101/><G36/><T83/><D3/><U64/><E39/><V94/><F128/><W78/><G33/><T31/><D121/><U1/><E1/><V42/><F70/><W87/><G32/><T98/><D17/><U5/><E5/><V93/><F67/><W96/><G61/><T129/><D129/><U8/><E64/><V131/><F131/><W123/><G123/><T119/><D119/><N who="1" m="45643" /><E8/><N who="2" m="6631" /><F57/><W38/><G38/><T14/><D14/><U20/><E53/><V69/><F69/><W34/><G34/><N who="0" m="20839" /><D68/><U106/><E113/><N who="0" m="43593" /><D62/><U120/><E111/><V132/><F93/><W103/><G12/><T110/><D110/><U13/><E120/><V114/><F94/><W56/><G22/><T65/><D65/><U100/><E13/><V9/><F9/><W59/><G103/><T63/><D63/><U72/><E20/><V109/><F109/><W11/><G11/><T58/><D58/><U16/><E89/><V7/><F7/><W10/><G10/><T2/><D2/><U90/><E90/><V49/><F114/><W71/><G71/><T122/><D122/><U92/><E92/><V51/><F49/><W55/><G40/><T73/><D73/><N who="1" m="43119" /><E27/><V43/><F42/><W75/><G75/><T97/><D97/><U6/><E6/><V29/><AGARI ba="0,0" hai="28,29,30,43,47,51,126,127,132,133,134" m="6631" machi="29" ten="40,1500,0" yaku="20,1" doraHai="66" who="2" fromWho="2" sc="160,-4,173,-4,525,15,142,-7" owari="156,-24.0,169,-3.0,540,63.0,135,-36.0" /></mjloggm>