<mjloggm ver="2.3"><GO type="225" lobby="0"/><UN n0="%E3%83%AA%E3%83%A7%E3%82%AA" n1="%69%73%61%6B%75%79%61" n2="%E3%82%A6%E3%83%AB%E3%83%88%E3%83%A9%E7%AB%8B%E7%9B%B4" n3="%E3%82%BF%E3%83%8A%E3%82%AE" dan="16,17,16,17" rate="2104.31,2126.38,2031.42,2148.20" sx="M,M,M,M"/><TAIKYOKU oya="0"/><INIT seed="0,0,0,0,2,40" ten="250,250,250,250" oya="0" hai0="117,48,7,6,54,41,14,36,131,75,31,107,104" hai1="29,88,30,76,129,9,87,67,50,128,78,23,60" hai2="74,4,59,35,57,1,99,55,65,10,101,43,84" hai3="19,118,126,133,18,61,120,44,24,53,8,103,62"/><T79/><D117/><U111/><E111/><V13/><F74/><W119/><G120/><T112/><D112/><U28/><E9/><V68/><F35/><W93/><G133/><T27/><D41/><U32/><E32/><V125/><F125/><W124/><G8/><T42/><D42/><U58/><E23/><V100/><F68/><W51/><G103/><T121/><D36/><U47/><E129/><V115/><F43/><W66/><G93/><T26/><D121/><U80/><E128/><V56/><F1/><W49/><G24/><T109/><D109/><U15/><REACH who="1" step="1"/><E15/><REACH who="1" ten="250,240,250,250" step="2"/><V114/><F13/><W130/><G130/><T33/><D131/><U46/><E46/><V82/><F10/><W64/><G53/><AGARI ba="0,1" hai="28,29,30,47,50,53,58,60,67,76,78,80,87,88" machi="53" ten="40,8000,1" yaku="1,1,8,1,52,1,54,1,53,0" doraHai="40" doraHaiUra="3" who="1" fromWho="3" sc="250,0,240,90,250,0,250,-80" /><INIT seed="1,0,0,5,2,34" ten="250,330,250,170" oya="1" hai0="66,51,22,17,57,107,111,63,3,102,0,7,110" hai1="49,44,93,29,9,90,80,76,64,131,105,98,112" hai2="120,116,88,5,99,18,135,1,33,69,59,45,113" hai3="133,84,73,23,62,126,11,67,87,32,114,6,40"/><U78/><E105/><V60/><F69/><W4/><G32/><T128/><D128/><U92/><E112/><V71/><F71/><W83/><G114/><T68/><D7/><U37/><E37/><V91/><F33/><W75/><G126/><T8/><D8/><U28/><E64/><V24/><F113/><W101/><G133/><T115/><D115/><U106/><E106/><V2/><F120/><W31/><G101/><T82/><D82/><U65/><E65/><V55/><F5/><W25/><G40/><T39/><D39/><U53/><E9/><V47/><F116/><W96/><G96/><N who="0" m="61895" /><D51/><U104/><E104/><V103/><F103/><W38/><G38/><T95/><D95/><U127/><E127/><V79/><F79/><W129/><G129/><T15/><D68/><U42/><E42/><V21/><F135/><W134/><G134/><T119/><D119/><U132/><E131/><V48/><F91/><W94/><G94/><T130/><D130/><U122/><E122/><V35/><F35/><W118/><G118/><T89/><D89/><U77/><E132/><V27/><F27/><W20/><G20/><T41/><D41/><U13/><E92/><N who="2" m="56711" /><F48/><W36/><G36/><T121/><D121/><U109/><E80/><V16/><F18/><W108/><G83/><T74/><D74/><U124/><E124/><V30/><F30/><W14/><G73/><T43/><D43/><U52/><E29/><V10/><F10/><W56/><G75/><T72/><D72/><U86/><E28/><V70/><F70/><W12/><G108/><AGARI ba="0,0" hai="0,3,15,17,22,57,63,66,108,110,111" m="61895" machi="108" ten="30,3900,0" yaku="14,1,52,2" doraHai="34" who="0" fromWho="3" sc="250,39,330,0,250,0,170,-39" /><INIT seed="2,0,0,0,4,32" ten="289,330,250,131" oya="2" hai0="5,74,112,92,121,72,109,29,0,64,118,30,45" hai1="86,119,28,70,9,55,81,18,62,67,120,88,35" hai2="39,66,68,44,130,90,75,96,69,93,108,36,106" hai3="16,25,22,40,60,6,46,128,95,100,97,85,2"/><V89/><F75/><W8/><G128/><T37/><D121/><U125/><E119/><V84/><F106/><W79/><G60/><T134/><D118/><U38/><E38/><V123/><F123/><W14/><G79/><T103/><D112/><U42/><E42/><V116/><F116/><W114/><G114/><T15/><D64/><U115/><E120/><V34/><F34/><W26/><REACH who="3" step="1"/><G85/><REACH who="3" ten="289,330,250,121" step="2"/><T58/><D74/><U122/><E62/><V61/><F130/><W105/><G105/><T77/><D72/><U59/><E86/><V53/><F69/><W17/><G17/><T49/><D77/><U113/><E18/><V65/><F108/><W12/><G12/><T83/><D15/><U71/><E70/><V3/><F65/><W54/><G54/><T27/><D109/><U63/><E71/><V56/><F68/><W7/><G7/><T10/><D5/><U31/><E63/><V82/><F53/><W101/><G101/><T135/><D103/><U133/><E67/><V80/><F61/><W51/><AGARI ba="0,1" hai="2,6,8,14,16,22,25,26,40,46,51,95,97,100" machi="51" ten="20,8000,1" yaku="1,1,0,1,7,1,52,1,54,1,53,0" doraHai="32" doraHaiUra="111" who="3" fromWho="3" sc="289,-20,330,-20,250,-40,121,90" /><INIT seed="3,0,0,5,2,113" ten="269,310,210,211" oya="3" hai0="107,84,119,61,54,73,21,5,33,75,131,104,72" hai1="79,76,112,57,134,41,36,87,37,99,102,19,13" hai2="53,32,31,105,74,6,29,44,23,4,69,18,30" hai3="3,55,114,121,124,82,89,43,38,68,122,116,109"/><W34/><RYUUKYOKU type="yao9" ba="0,0" sc="269,0,310,0,210,0,211,0" hai3="3,34,38,43,55,68,82,89,109,114,116,121,122,124" /><INIT seed="3,1,0,2,4,89" ten="269,310,210,211" oya="3" hai0="56,18,133,53,90,57,110,121,5,103,99,78,12" hai1="86,7,2,81,6,94,101,77,62,71,123,22,132" hai2="97,106,134,55,124,125,54,37,85,39,65,17,112" hai3="49,15,19,117,50,114,69,129,73,11,82,33,47"/><W135/><G114/><T46/><D121/><U88/><E123/><V61/><F112/><W20/><G117/><T4/><D110/><U72/><E132/><V130/><F85/><W104/><G135/><T113/><D133/><U131/><E131/><V3/><F3/><W83/><G129/><T70/><D70/><U119/><E119/><V16/><F130/><W38/><G33/><T98/><D78/><U29/><E2/><V64/><F134/><W60/><G104/><T48/><D113/><U109/><E109/><V122/><F122/><W116/><G116/><T9/><D90/><U14/><E101/><V59/><F97/><N who="0" m="36874" /><D103/><U21/><E71/><V91/><F91/><W1/><G38/><T24/><D24/><U42/><E42/><V45/><F106/><W74/><G74/><T30/><D30/><U52/><E72/><V34/><F34/><W102/><G102/><T100/><D100/><U27/><E77/><V0/><F0/><W92/><G73/><T79/><D79/><U25/><E14/><V87/><F87/><W41/><G50/><T111/><D111/><U31/><E81/><V43/><F39/><W32/><G32/><T68/><D68/><U8/><E8/><V36/><F36/><W84/><G11/><T96/><D96/><U51/><E62/><V118/><F118/><W80/><G1/><T127/><D127/><N who="2" m="48714" /><F65/><N who="3" m="41127" /><G92/><T40/><D40/><U108/><E108/><V28/><F28/><W58/><G84/><T23/><D9/><U95/><E95/><V35/><F35/><W115/><G115/><T126/><D126/><U120/><E120/><RYUUKYOKU ba="1,0" sc="269,0,310,0,210,0,211,0" hai0="4,5,12,18,23,46,48,53,56,57" hai1="6,7,21,22,25,27,29,31,51,52,86,88,94" hai2="16,17,37,43,45,54,55,59,61,64" hai3="15,19,20,41,47,49,58,80,82,83" /><INIT seed="3,2,0,1,3,52" ten="269,310,210,211" oya="3" hai0="0,34,86,120,97,92,47,91,121,82,104,58,32" hai1="44,51,131,26,8,7,106,10,19,73,50,74,66" hai2="127,22,17,122,88,78,90,25,62,98,85,16,15" hai3="61,2,30,43,117,129,93,128,133,1,63,103,108"/><W102/><G117/><T69/><D69/><U38/><E106/><V114/><F127/><W116/><G116/><T95/><D0/><N who="3" m="105" /><G30/><T41/><D104/><U109/><E38/><V9/><F114/><W12/><G12/><T56/><D95/><U59/><E131/><N who="3" m="50250" /><G93/><T125/><D125/><U132/><E109/><V101/><F122/><W80/><G108/><T53/><D32/><U5/><E132/><V20/><F9/><W37/><G133/><T123/><D53/><N who="1" m="32191" /><E66/><V89/><F78/><W14/><G14/><T23/><D23/><N who="1" m="13695" /><E74/><V49/><F62/><N who="3" m="23563" /><G80/><T3/><D3/><U29/><E29/><V40/><F101/><N who="3" m="38411" /><G37/><T87/><D34/><U113/><E73/><V77/><F98/><W64/><G64/><T134/><D134/><U18/><E113/><V35/><F35/><W76/><G43/><T119/><D119/><U31/><E31/><V96/><F96/><W79/><AGARI ba="2,0" hai="76,79" m="38411,23563,50250,105" machi="79" ten="40,7800,0" yaku="28,2,19,1" doraHai="52" who="3" fromWho="3" sc="269,-28,310,-28,210,-28,211,84" /><INIT seed="3,3,0,5,5,86" ten="241,282,182,295" oya="3" hai0="129,28,119,22,23,85,58,0,11,123,110,111,80" hai1="108,2,24,69,50,68,130,3,4,73,76,121,113" hai2="131,38,40,120,14,30,95,81,41,55,99,42,37" hai3="15,5,44,45,72,104,93,27,33,122,70,10,36"/><W62/><G104/><T124/><D123/><U32/><E113/><V115/><F115/><W39/><G122/><T49/><D119/><U29/><E121/><V64/><F120/><W1/><G72/><T88/><D129/><U63/><E50/><V90/><F131/><W96/><G36/><T13/><D0/><U35/><E130/><V94/><F64/><W135/><G135/><T97/><D124/><U65/><E108/><N who="0" m="41513" /><D97/><U116/><E116/><V57/><F30/><W21/><G39/><T47/><D58/><U83/><E4/><V12/><F38/><W100/><G33/><T17/><D28/><U71/><E35/><V20/><F37/><W26/><G1/><AGARI ba="3,0" hai="1,2,3,24,29,32,63,65,68,69,71,73,76,83" machi="1" ten="40,5200,0" yaku="33,3" doraHai="86" who="1" fromWho="3" sc="241,0,282,61,182,0,295,-61" owari="241,4.0,343,45.0,182,-32.0,234,-17.0" /></mjloggm>