<mjloggm ver="2.3"><GO type="97" lobby="0"/><UN n0="%E3%82%A6%E3%83%AB%E3%83%88%E3%83%A9%E7%AB%8B%E7%9B%B4" n1="%72%68%65%61%70%6F%6F" n2="%4D%75%6C%6C%65%72" n3="%E6%98%93%E5%88%A9%E8%96%A9%E4%BC%AF" dan="15,13,14,15" rate="2012.20,1831.56,1939.46,1947.21" sx="M,M,M,F"/><TAIKYOKU oya="0"/><INIT seed="0,0,0,0,1,11" ten="250,250,250,250" oya="0" hai0="30,60,49,73,48,31,44,78,58,18,17,99,120" hai1="0,67,47,63,102,115,41,34,133,55,132,24,51" hai2="29,92,122,66,27,81,43,38,5,128,114,7,4" hai3="123,107,131,9,25,64,85,76,98,40,82,19,97"/><T36/><D36/><U33/><E0/><V106/><F122/><W46/><G131/><T127/><D120/><U110/><E115/><V103/><F114/><W22/><G123/><T10/><D78/><U28/><E102/><V121/><F121/><W26/><G64/><T111/><D73/><U74/><E74/><V95/><F128/><W75/><G107/><T68/><D68/><U86/><E110/><V65/><F106/><W126/><G126/><T93/><D127/><U84/><E34/><V108/><F108/><W116/><G116/><T101/><D111/><U83/><E41/><V2/><F2/><W90/><G25/><T80/><D80/><U42/><E42/><V70/><F81/><W13/><G90/><T21/><D10/><U61/><E61/><V52/><F70/><W1/><G1/><T124/><D124/><U118/><E118/><V32/><F43/><W3/><G3/><T79/><D79/><U71/><REACH who="1" step="1"/><E83/><REACH who="1" ten="250,240,250,250" step="2"/><V39/><F103/><W125/><G125/><T135/><D135/><AGARI ba="0,1" hai="24,28,33,47,51,55,63,67,71,84,86,132,133,135" machi="135" ten="40,8000,1" yaku="1,1,2,1,20,1,53,1" doraHai="11" doraHaiUra="23" who="1" fromWho="0" sc="250,-80,240,90,250,0,250,0" /><INIT seed="1,0,0,3,5,90" ten="170,330,250,250" oya="1" hai0="120,117,96,101,75,114,126,11,87,18,128,25,82" hai1="93,89,131,121,92,2,45,5,91,67,54,9,30" hai2="39,97,68,123,35,48,81,80,71,111,64,28,44" hai3="74,115,38,125,8,132,21,53,88,10,85,59,33"/><U20/><E121/><V56/><F123/><W52/><G74/><T13/><D75/><U69/><E131/><V60/><F111/><W134/><G33/><T99/><D120/><U98/><E69/><V112/><F112/><W113/><G38/><T43/><D114/><U26/><E67/><V102/><F71/><W86/><G21/><T55/><D128/><U133/><E133/><V116/><F116/><W6/><G125/><T109/><D109/><U24/><E24/><V100/><F100/><W17/><G17/><T57/><D126/><U130/><E130/><V129/><F129/><W94/><G86/><T1/><D1/><U66/><E66/><V37/><F37/><W12/><G10/><T31/><D43/><U72/><E72/><V0/><F0/><W135/><G53/><T119/><D119/><U41/><E54/><V63/><F39/><W103/><G103/><T110/><D110/><U76/><E76/><V40/><F28/><W29/><G29/><T58/><D117/><U77/><E77/><V122/><F35/><W104/><G104/><T36/><D36/><U124/><E124/><V46/><F46/><W49/><AGARI ba="0,0" hai="6,8,12,49,52,59,85,88,94,113,115,132,134,135" machi="49" ten="30,8000,1" yaku="0,1,20,1,52,1,54,2" doraHai="90" who="3" fromWho="3" sc="170,-20,330,-40,250,-20,250,80" /><INIT seed="2,0,0,3,5,97" ten="150,290,230,330" oya="2" hai0="53,118,6,135,45,47,134,57,108,66,17,14,86" hai1="62,36,84,80,113,107,75,71,54,59,43,128,132" hai2="29,70,119,121,90,35,63,99,73,130,122,2,98" hai3="8,33,105,106,104,87,5,28,39,21,56,4,112"/><V88/><F119/><W72/><G72/><T24/><D118/><U15/><E113/><V129/><F73/><W52/><G33/><T67/><D108/><U27/><E75/><V64/><F2/><W89/><G39/><T42/><D24/><U61/><E132/><V37/><F37/><W127/><G127/><T30/><D30/><U126/><E126/><V68/><F29/><W22/><G112/><T65/><D6/><U95/><E107/><V40/><F40/><W123/><G123/><T31/><D31/><U115/><E115/><V131/><F35/><W116/><G28/><T20/><D42/><U74/><E74/><V38/><F38/><W114/><G116/><T77/><D134/><U69/><E62/><V117/><F117/><W76/><G76/><T100/><D100/><U49/><E36/><V1/><F1/><W60/><G5/><T82/><REACH who="0" step="1"/><D135/><REACH who="0" ten="140,290,230,330" step="2"/><U91/><E43/><V124/><F124/><W109/><G109/><T58/><D58/><U102/><E27/><V34/><F70/><W12/><REACH who="3" step="1"/><G114/><REACH who="3" ten="140,290,230,320" step="2"/><T23/><D23/><U94/><E71/><V93/><F34/><W11/><G11/><T92/><D92/><AGARI ba="0,2" hai="63,64,68,88,90,92,93,98,99,121,122,129,130,131" machi="92" ten="40,7700,0" yaku="9,1,19,1,54,1" doraHai="97" who="2" fromWho="0" sc="140,-77,290,0,230,97,320,0" /><AGARI ba="0,0" hai="4,8,12,21,22,52,56,60,87,89,92,104,105,106" machi="92" ten="40,8000,1" yaku="1,1,54,1,53,3" doraHai="97" doraHaiUra="103" who="3" fromWho="0" sc="63,-80,290,0,327,0,320,80" owari="-17,-52.0,290,-11.0,327,13.0,400,50.0" /></mjloggm>