<mjloggm ver="2.3"><GO type="97" lobby="0"/><UN n0="%E3%81%A6%E3%82%93%E2%98%86%E3%81%BE%E3%82%8D" n1="%72%61%70%75%6E%7A%65%6C" n2="%38%33%30%69%6E%6D%6B" n3="%E3%82%A6%E3%83%AB%E3%83%88%E3%83%A9%E7%AB%8B%E7%9B%B4" dan="14,14,13,15" rate="1950.15,1961.44,1859.67,1968.10" sx="F,M,M,M"/><TAIKYOKU oya="0"/><INIT seed="0,0,0,0,4,49" ten="250,250,250,250" oya="0" hai0="35,56,20,92,83,50,12,128,71,90,96,62,55" hai1="45,135,1,2,89,100,93,13,91,84,112,44,29" hai2="73,43,60,18,68,30,41,65,102,42,5,4,61" hai3="107,111,113,74,46,22,133,115,124,40,88,116,34"/><T36/><D36/><U15/><E135/><V9/><F73/><W104/><G22/><T23/><D35/><U32/><E100/><V69/><F102/><W10/><G10/><T52/><D128/><U98/><E32/><V75/><F75/><W123/><G46/><N who="0" m="27735" /><D71/><U58/><E29/><V130/><F130/><W120/><G40/><T63/><D83/><U76/><E76/><V39/><F30/><W126/><G34/><T72/><D72/><U14/><E112/><N who="3" m="43082" /><G74/><T117/><D117/><U114/><E114/><V67/><F39/><W82/><G116/><T27/><D12/><AGARI ba="0,0" hai="4,5,9,12,18,41,42,43,60,61,65,67,68,69" machi="12" ten="40,1300,0" yaku="9,1" doraHai="49" who="2" fromWho="0" sc="250,-13,250,0,250,13,250,0" /><INIT seed="1,0,0,0,2,88" ten="237,250,263,250" oya="1" hai0="6,30,34,92,116,37,128,62,111,125,19,64,81" hai1="43,27,52,11,13,7,31,87,70,67,42,8,86" hai2="36,3,45,104,135,32,123,23,25,101,97,84,9" hai3="66,63,59,55,80,134,58,103,24,85,90,20,99"/><U120/><E120/><V41/><F123/><W89/><G134/><T130/><D37/><U0/><E70/><V77/><F135/><W48/><G85/><T33/><D116/><U5/><E67/><V54/><F32/><W79/><G80/><T47/><D111/><U129/><E129/><N who="0" m="49769" /><D125/><U93/><E86/><V78/><F84/><W114/><G79/><T1/><D81/><U51/><E87/><V57/><F9/><W53/><G53/><T73/><D73/><U82/><E82/><V2/><F78/><W68/><G68/><N who="0" m="42007" /><D47/><U21/><REACH who="1" step="1"/><E93/><REACH who="1" ten="237,240,263,250" step="2"/><V131/><F77/><W122/><G122/><T124/><D124/><U75/><E75/><V22/><F131/><W12/><G114/><T100/><D92/><U14/><E14/><V71/><F71/><W113/><G12/><T29/><D1/><U83/><E83/><V127/><F127/><W56/><G113/><T109/><D109/><U110/><E110/><V4/><F3/><W35/><G66/><T105/><D105/><U102/><E102/><V40/><F2/><W61/><G103/><T98/><D100/><U126/><E126/><V26/><F26/><W38/><G24/><T108/><D108/><U72/><E72/><V91/><F25/><W112/><G112/><T94/><D94/><U28/><E28/><V121/><F121/><W49/><G90/><T107/><D107/><U132/><E132/><V17/><F91/><W50/><G89/><T106/><D106/><U74/><E74/><V76/><F76/><W115/><G115/><T15/><D98/><U118/><E118/><V117/><F117/><RYUUKYOKU ba="0,1" sc="237,-10,240,30,263,-10,250,-10" hai1="0,5,7,8,11,13,21,27,31,42,43,51,52" /><INIT seed="1,1,1,5,0,115" ten="227,270,253,240" oya="1" hai0="98,110,61,60,43,125,20,72,6,10,103,68,107" hai1="29,129,8,55,117,16,77,65,3,81,59,52,121" hai2="97,64,47,24,132,41,122,83,74,58,124,56,85" hai3="116,88,23,12,49,35,17,2,105,135,15,128,30"/><U9/><E117/><V32/><F122/><W31/><G105/><T50/><D72/><U62/><E121/><V21/><F124/><W22/><G2/><T118/><D118/><U89/><E129/><V73/><F132/><W102/><G102/><T120/><D120/><U13/><E29/><V36/><F32/><W14/><G116/><T101/><D125/><U94/><E3/><V82/><F97/><W87/><G135/><T90/><D110/><U109/><E9/><V46/><F46/><W19/><G128/><T108/><D108/><U34/><E34/><V42/><F42/><W106/><G106/><T45/><D68/><U80/><E109/><V113/><F83/><N who="1" m="31817" /><E77/><V66/><F113/><W114/><G114/><T92/><D107/><U48/><E48/><V67/><F74/><W57/><G35/><T27/><D103/><U127/><E127/><V133/><F73/><W130/><G130/><T70/><D101/><U1/><E1/><V91/><REACH who="2" step="1"/><F133/><REACH who="2" ten="227,270,243,240" step="2"/><W11/><G11/><T18/><REACH who="0" step="1"/><D70/><REACH who="0" ten="217,270,243,240" step="2"/><U104/><E104/><V63/><F63/><W131/><G131/><T5/><D5/><U134/><E134/><V76/><F76/><W84/><G57/><T86/><D86/><AGARI ba="1,3" hai="8,13,16,52,55,59,62,65,86,89,94" m="31817" machi="86" ten="30,5800,0" yaku="8,1,54,2" doraHai="115" who="1" fromWho="0" sc="217,-61,270,91,243,0,240,0" /><INIT seed="1,2,0,3,1,24" ten="156,361,243,240" oya="1" hai0="97,8,65,22,120,78,66,90,26,19,83,64,58" hai1="105,131,11,94,31,99,55,35,111,53,37,21,79" hai2="16,2,80,132,13,93,71,129,89,122,52,102,4" hai3="107,135,74,125,29,84,119,115,98,114,27,77,7"/><U110/><E35/><V5/><F122/><W48/><G74/><T112/><D120/><U96/><E37/><V47/><F71/><W42/><G119/><T39/><D39/><U134/><E105/><V38/><F132/><W117/><G117/><T34/><D34/><U9/><E134/><V44/><F129/><W87/><G135/><T95/><D112/><U17/><E31/><V41/><F2/><W100/><G125/><T104/><D104/><U46/><E79/><V70/><F70/><W75/><G75/><T126/><D126/><U59/><E46/><V73/><F102/><W61/><G7/><T45/><D45/><U50/><E53/><V69/><F69/><W23/><G48/><T82/><D8/><U86/><E86/><V92/><F73/><W30/><G42/><T56/><D78/><U60/><E50/><V108/><F93/><W121/><G121/><T51/><D51/><U133/><E99/><V116/><F116/><W10/><G10/><T3/><D3/><U1/><E1/><V43/><F108/><N who="1" m="41513" /><E131/><V6/><F80/><W63/><G114/><T101/><D101/><U40/><E40/><V20/><F38/><W57/><G115/><T33/><D33/><U68/><E68/><V72/><F72/><W18/><G61/><T28/><REACH who="0" step="1"/><D19/><REACH who="0" ten="146,361,243,240" step="2"/><U118/><E133/><V127/><F127/><W123/><G123/><T106/><D106/><U12/><E118/><V25/><F44/><W32/><G32/><T54/><D54/><U0/><E0/><V15/><F43/><W109/><G109/><T62/><D62/><U49/><E60/><RYUUKYOKU ba="2,1" sc="146,15,361,15,243,-15,240,-15" hai0="22,26,28,56,58,64,65,66,82,83,90,95,97" hai1="9,11,12,17,21,49,55,59,94,96" /><INIT seed="1,3,1,1,4,38" ten="161,376,228,225" oya="1" hai0="101,24,66,5,18,97,33,20,108,46,79,69,70" hai1="100,26,29,122,58,37,6,121,43,110,99,13,2" hai2="44,54,34,120,36,52,124,56,14,23,74,93,4" hai3="88,25,27,84,113,28,62,48,126,106,81,129,87"/><U135/><E2/><V42/><F120/><W57/><G106/><T47/><D79/><U116/><E116/><V86/><F74/><W73/><G73/><T59/><D108/><U103/><E110/><V11/><F124/><W32/><G126/><T92/><D5/><U61/><E135/><V112/><F34/><W68/><G68/><T104/><D70/><U40/><E37/><V19/><F112/><W67/><G113/><T131/><D131/><U35/><E6/><V132/><F132/><W1/><G1/><T134/><D134/><U49/><E13/><V9/><F54/><W128/><G48/><T76/><D76/><U133/><E133/><V125/><F125/><W130/><G27/><T127/><D127/><U72/><E49/><N who="2" m="30735" /><F4/><W117/><REACH who="3" step="1"/><G87/><REACH who="3" ten="161,376,228,215" step="2"/><T15/><D59/><U39/><E72/><V83/><F83/><W118/><AGARI ba="3,2" hai="25,28,32,57,62,67,81,84,88,117,118,128,129,130" machi="118" ten="40,8000,1" yaku="1,1,2,1,0,1,19,1,54,1,53,0" doraHai="38" doraHaiUra="16" who="3" fromWho="3" sc="161,-23,376,-43,228,-23,215,109" /><INIT seed="2,0,0,1,5,55" ten="138,333,205,324" oya="2" hai0="115,68,117,39,0,96,128,24,29,70,71,51,74" hai1="15,56,118,91,134,132,2,114,49,86,89,32,58" hai2="79,20,98,121,7,37,47,1,99,17,112,102,100" hai3="3,129,62,103,54,41,57,53,28,110,124,133,31"/><V75/><F121/><W123/><G3/><T45/><D115/><U44/><E2/><V67/><F112/><W26/><G123/><T81/><D51/><U120/><E32/><V16/><F67/><W5/><G41/><N who="0" m="22719" /><D128/><U94/><E118/><V33/><F33/><W135/><G26/><T108/><D108/><U101/><E101/><V78/><F78/><W65/><G110/><T48/><D48/><U6/><E114/><V18/><F20/><W82/><G129/><T77/><D117/><U25/><E25/><V107/><F107/><W34/><G5/><T52/><D52/><N who="3" m="20073" /><G34/><N who="0" m="20775" /><D96/><U9/><E89/><V59/><F102/><W122/><G122/><T23/><D23/><U60/><E120/><V116/><F116/><W85/><G103/><T73/><D0/><U10/><E60/><V21/><F21/><W93/><G93/><T97/><D97/><U95/><E95/><V42/><F100/><W14/><G14/><T69/><N who="0" m="17920" /><DORA hai="106" /><T83/><D83/><U38/><E38/><V12/><F59/><W43/><G43/><T87/><D87/><U126/><E10/><N who="2" m="2415" /><F12/><W4/><G4/><T104/><D73/><U63/><E63/><V36/><F36/><W109/><G109/><T11/><D11/><U105/><E105/><AGARI ba="0,0" hai="74,77,81,104,105" m="17920,20775,22719" machi="105" ten="60,7700,0" yaku="33,2,52,1" doraHai="55,106" who="0" fromWho="1" sc="138,77,333,-77,205,0,324,0" /><INIT seed="3,0,0,2,1,119" ten="215,256,205,324" oya="3" hai0="108,53,27,17,64,102,109,50,70,6,60,48,45" hai1="25,5,91,133,66,99,116,2,111,56,86,127,10" hai2="113,81,23,0,105,7,55,3,37,47,101,120,94" hai3="19,68,18,44,14,62,41,61,40,90,92,93,9"/><W11/><G68/><T134/><D6/><U22/><E111/><N who="0" m="42569" /><D102/><U4/><E133/><V82/><F113/><W71/><G71/><T73/><D73/><U54/><E127/><V96/><F23/><W78/><G78/><T131/><D131/><U74/><E74/><V30/><F30/><W43/><G44/><N who="0" m="27783" /><D17/><U112/><E5/><V34/><F34/><W95/><G90/><T128/><D27/><U69/><E99/><V12/><F120/><W32/><G32/><T121/><D128/><U80/><E112/><V84/><F82/><W100/><G100/><T115/><D134/><U1/><E69/><V87/><F87/><W38/><G38/><T63/><D115/><U13/><E66/><V42/><F55/><W29/><G29/><T51/><D63/><U107/><E107/><V28/><F28/><W104/><G104/><T58/><D70/><U103/><E103/><V130/><F94/><W98/><G98/><T67/><D67/><U49/><E116/><V123/><F123/><W39/><G39/><T77/><D77/><U20/><E20/><V79/><F130/><W24/><G24/><T124/><D124/><U16/><AGARI ba="0,0" hai="1,2,4,10,13,16,22,25,49,54,56,80,86,91" machi="16" ten="20,2700,0" yaku="0,1,7,1,54,1" doraHai="119" who="1" fromWho="1" sc="215,-7,256,27,205,-7,324,-13" owari="208,-19.0,283,8.0,198,-30.0,311,41.0" /></mjloggm>