<mjloggm ver="2.3"><GO type="169" lobby="0"/><UN n0="%E3%82%A6%E3%83%AB%E3%83%88%E3%83%A9%E7%AB%8B%E7%9B%B4" n1="%E9%89%84%E4%B8%B8" n2="%E2%86%91%E3%81%93%E3%81%AE%E4%BA%BA%E5%A4%89%E6%85%8B" n3="%E3%82%AB%E3%83%96%E3%83%88" dan="17,16,16,17" rate="2058.97,2057.47,2069.80,2106.04" sx="M,M,F,M"/><TAIKYOKU oya="0"/><INIT seed="0,0,0,1,0,80" ten="250,250,250,250" oya="0" hai0="114,2,4,85,108,109,27,61,38,133,47,56,132" hai1="101,75,59,48,64,73,104,87,92,16,9,119,52" hai2="24,89,117,100,12,113,86,53,41,116,131,135,5" hai3="74,69,107,3,37,30,11,83,58,115,90,63,121"/><T79/><D4/><U65/><E119/><N who="2" m="45643" /><F113/><W23/><G115/><T97/><D2/><U134/><E134/><N who="0" m="51817" /><D114/><U91/><E104/><V124/><F135/><W129/><G69/><T17/><D97/><N who="1" m="59559" /><E73/><V8/><F41/><W43/><G107/><T32/><D47/><U118/><E75/><V20/><F100/><W39/><G43/><T72/><D38/><U130/><E130/><V31/><F131/><W70/><G70/><T13/><D72/><U34/><E34/><V40/><F40/><W60/><G60/><T25/><D32/><U26/><E118/><V76/><F76/><W55/><G121/><T35/><D35/><U14/><E26/><V44/><F124/><W51/><G63/><T112/><D112/><U84/><E84/><V29/><F53/><W103/><G103/><T96/><D96/><U106/><E106/><V0/><F44/><W50/><G74/><T49/><D27/><U19/><E19/><N who="2" m="12319" /><F0/><W127/><G3/><T93/><D25/><U7/><E7/><V42/><F42/><W62/><G129/><T46/><D17/><U68/><E68/><V125/><F125/><W36/><G127/><T22/><D13/><U45/><E45/><V66/><F66/><W10/><G39/><T105/><D105/><U126/><E126/><V21/><F21/><W6/><G37/><T98/><D22/><U57/><E57/><V81/><AGARI ba="0,0" hai="5,8,12,29,31,81,86,89" m="12319,45643" machi="81" ten="30,2000,0" yaku="12,1,52,1" doraHai="80" who="2" fromWho="2" sc="250,-10,250,-5,250,20,250,-5" /><INIT seed="1,0,0,5,4,87" ten="240,245,270,245" oya="1" hai0="21,47,1,18,60,70,26,79,132,36,40,116,56" hai1="88,66,48,99,72,93,82,13,59,69,113,0,80" hai2="9,123,78,81,16,8,11,22,41,90,71,105,3" hai3="131,86,4,34,51,6,64,49,122,102,5,85,63"/><U101/><E0/><V130/><F71/><W20/><G122/><T2/><D116/><U17/><E69/><V15/><F105/><W28/><G34/><T106/><D106/><U43/><E113/><V91/><F123/><W23/><G131/><T30/><D132/><U84/><E72/><V98/><F3/><W14/><G102/><T133/><D133/><U109/><E109/><V74/><F130/><W135/><G135/><T126/><D126/><U38/><E38/><V65/><F65/><W96/><G96/><T125/><D125/><U120/><E120/><V77/><F98/><W104/><G104/><T124/><D124/><U128/><E128/><V118/><F118/><W52/><G49/><T32/><D79/><U7/><E7/><V58/><F58/><N who="3" m="36983" /><G28/><T35/><D70/><U44/><E82/><V27/><F78/><W24/><G24/><T112/><D112/><U39/><E39/><V54/><F54/><W119/><G119/><T129/><D129/><U103/><E103/><V121/><F121/><W68/><G68/><T97/><D97/><U46/><E46/><V31/><REACH who="2" step="1"/><F41/><REACH who="2" ten="240,245,260,245" step="2"/><W115/><G115/><T19/><D2/><U42/><E42/><V33/><AGARI ba="0,1" hai="8,9,11,15,16,22,27,31,33,74,77,81,90,91" machi="33" ten="30,12000,2" yaku="1,1,2,1,0,1,52,2,54,1,53,0" doraHai="87" doraHaiUra="134" who="2" fromWho="2" sc="240,-30,245,-60,260,130,245,-30" /><INIT seed="2,0,0,0,1,105" ten="210,185,390,215" oya="2" hai0="77,59,63,9,75,24,124,70,57,112,84,103,81" hai1="36,34,39,115,93,55,80,123,102,135,106,21,72" hai2="52,127,13,40,65,96,116,32,98,28,12,44,23" hai3="58,42,37,82,22,35,4,108,76,29,100,89,26"/><V78/><F116/><W95/><G108/><T38/><D112/><U45/><E123/><V49/><F32/><W114/><G114/><T113/><D113/><U69/><E115/><V11/><F127/><W1/><G100/><T134/><D124/><U83/><E106/><V25/><F65/><W133/><G133/><T94/><D134/><U66/><E135/><V122/><F122/><W0/><G4/><T56/><D38/><U97/><E34/><V125/><F125/><W50/><G37/><T18/><D70/><U119/><E119/><V43/><F78/><W99/><G35/><T92/><D92/><U19/><E69/><V17/><F13/><W60/><G50/><T48/><D48/><U87/><E66/><V126/><REACH who="2" step="1"/><F126/><REACH who="2" ten="210,185,380,215" step="2"/><W120/><G120/><T2/><D2/><U90/><E36/><V131/><F131/><W30/><G1/><T86/><D77/><U128/><E128/><V117/><F117/><W68/><G0/><T85/><D63/><U67/><E67/><V15/><F15/><W5/><G76/><T31/><D81/><U118/><E118/><V107/><F107/><W129/><G82/><T104/><D104/><U8/><E39/><V109/><F109/><W14/><G14/><T111/><D111/><U121/><E121/><V47/><F47/><W54/><G129/><T3/><D3/><U16/><E45/><V79/><F79/><W64/><G68/><T27/><D59/><U20/><E83/><V71/><F71/><W73/><G58/><T91/><D57/><U62/><E80/><V51/><F51/><W132/><G60/><RYUUKYOKU ba="0,1" sc="210,-10,185,-10,380,30,215,-10" hai2="11,12,17,23,25,28,40,43,44,49,52,96,98" /><INIT seed="2,1,1,0,2,36" ten="200,175,410,205" oya="2" hai0="134,30,118,131,94,62,47,69,45,64,133,104,3" hai1="48,6,53,65,82,102,98,135,70,23,87,37,79" hai2="21,59,117,128,73,88,34,68,113,66,11,81,122" hai3="43,123,38,72,95,89,29,96,28,108,93,129,80"/><V17/><F117/><W111/><G123/><T74/><D104/><U32/><E32/><V9/><F113/><W44/><G129/><T26/><D74/><U41/><E135/><V19/><F34/><W83/><G93/><T56/><D3/><U126/><E126/><V119/><F68/><W90/><G90/><T24/><D131/><U20/><E6/><V57/><F57/><W40/><G72/><T114/><D114/><U84/><E84/><N who="2" m="50191" /><F73/><W0/><G0/><T18/><D118/><U33/><E33/><V39/><F39/><W91/><G89/><T10/><D69/><U55/><E70/><V109/><F128/><W1/><G1/><T22/><D134/><U105/><E65/><V7/><F7/><W101/><G43/><T78/><D133/><U107/><E107/><V42/><F122/><W127/><G127/><T2/><D2/><U115/><E115/><V67/><F42/><W52/><G101/><T25/><D78/><U51/><E37/><V100/><F100/><W86/><G96/><T14/><D94/><U35/><E35/><V112/><F112/><W120/><G120/><T125/><D125/><U99/><E99/><V103/><F103/><W132/><G132/><T97/><D97/><U71/><E71/><V116/><F116/><W27/><G38/><T77/><D77/><U50/><E41/><V46/><F119/><W58/><G40/><T63/><D62/><U54/><AGARI ba="1,1" hai="20,23,48,50,51,53,54,55,79,82,87,98,102,105" machi="54" ten="30,1100,0" yaku="0,1" doraHai="36" who="1" fromWho="1" sc="200,-4,175,24,410,-6,205,-4" /><INIT seed="3,0,0,3,3,130" ten="196,199,404,201" oya="3" hai0="6,61,70,104,60,73,111,1,118,72,17,55,41" hai1="8,3,66,117,114,103,94,95,42,107,53,78,124" hai2="32,9,22,56,29,23,28,79,91,123,10,90,14" hai3="21,119,86,16,74,121,67,64,108,105,0,82,99"/><W34/><G121/><T89/><D118/><U35/><E114/><V100/><F79/><W39/><G119/><T49/><D111/><U77/><E117/><V30/><F32/><W11/><G74/><N who="0" m="28779" /><D6/><U7/><E35/><V92/><F123/><W2/><G34/><T36/><D17/><U102/><E124/><V76/><F76/><W127/><G39/><T24/><D24/><U97/><E42/><V81/><F56/><W68/><G127/><T38/><D89/><U129/><E129/><V120/><F100/><W134/><G108/><T80/><D80/><U57/><E66/><V75/><F75/><W58/><G68/><T45/><D104/><U69/><E69/><V71/><F71/><W87/><G87/><T101/><D101/><U112/><E112/><V48/><F48/><W33/><G33/><T116/><D116/><U106/><E106/><V65/><F65/><W12/><G105/><T15/><D15/><U98/><REACH who="1" step="1"/><E107/><REACH who="1" ten="196,189,404,201" step="2"/><V109/><F120/><W43/><G64/><T128/><D128/><U26/><E26/><V135/><F109/><W131/><G67/><T59/><D70/><U122/><E122/><V83/><F92/><W54/><G43/><T63/><D38/><U93/><E93/><V31/><F83/><W126/><G131/><T133/><D36/><U85/><E85/><V51/><F81/><W96/><G126/><T18/><D41/><U27/><E27/><V37/><F37/><W88/><G82/><T84/><D84/><U62/><AGARI ba="0,1" hai="3,7,8,53,57,62,77,78,94,95,97,98,102,103" machi="62" ten="20,5200,0" yaku="1,1,0,1,7,1,9,1,53,0" doraHai="130" doraHaiUra="40" who="1" fromWho="1" sc="196,-13,189,62,404,-13,201,-26" /><INIT seed="4,0,0,2,3,11" ten="183,251,391,175" oya="0" hai0="58,71,48,56,110,24,120,131,60,67,90,33,87" hai1="27,91,42,18,53,4,108,37,28,78,113,62,46" hai2="82,118,111,43,39,20,6,99,93,121,21,98,85" hai3="61,59,107,84,0,57,119,30,5,132,101,72,54"/><T29/><D120/><U74/><E108/><V13/><F111/><W133/><G119/><T135/><D110/><U23/><E91/><V69/><F69/><W26/><G72/><T55/><D131/><U34/><E113/><V105/><F121/><W81/><G0/><T79/><D79/><U9/><E78/><V40/><F105/><W35/><G5/><T129/><D129/><U70/><E74/><V86/><F39/><W96/><REACH who="3" step="1"/><G59/><REACH who="3" ten="183,251,391,165" step="2"/><T77/><D135/><U130/><E130/><V14/><F118/><W65/><G65/><T38/><D38/><U50/><E70/><V41/><F6/><W122/><G122/><T36/><D36/><U64/><E64/><V16/><F82/><W94/><G94/><T128/><D128/><U83/><E37/><V117/><F117/><W125/><G125/><T49/><D58/><U116/><E83/><V52/><F93/><W123/><G123/><T73/><D73/><U19/><E116/><V25/><F98/><W47/><G47/><T76/><D49/><U95/><E95/><AGARI ba="0,1" hai="24,29,33,48,55,56,60,67,71,76,77,87,90,95" machi="95" ten="30,1500,0" yaku="7,1" doraHai="11" who="0" fromWho="1" sc="183,25,251,-15,391,0,165,0" /><INIT seed="4,1,0,5,4,83" ten="208,236,391,165" oya="0" hai0="55,60,84,56,114,105,48,37,45,23,106,82,32" hai1="9,130,78,67,0,49,24,131,51,26,122,111,58" hai2="81,18,91,119,123,53,117,68,97,75,102,25,34" hai3="71,50,134,93,132,28,115,63,2,36,47,27,95"/><T133/><D32/><U126/><E122/><V125/><F123/><W107/><G107/><T1/><D1/><U20/><E111/><V109/><F109/><W13/><G2/><T7/><D7/><N who="1" m="1255" /><E126/><V43/><F125/><W16/><G36/><T74/><D74/><U103/><E103/><V96/><F68/><W104/><G104/><T124/><D124/><U99/><E99/><V70/><F70/><W135/><G115/><T38/><D114/><U19/><E78/><V46/><F53/><N who="3" m="29919" /><G63/><T22/><D106/><U29/><E67/><V86/><F75/><W120/><G71/><T15/><D105/><U128/><E58/><V73/><F73/><W113/><G113/><T118/><D118/><U98/><E98/><V52/><F52/><W33/><G120/><T40/><D133/><N who="3" m="34049" /><W69/><DORA hai="5" /><G69/><T90/><D38/><U64/><E64/><V57/><F57/><W108/><G108/><T62/><D37/><U116/><E116/><V100/><F117/><W101/><G101/><T39/><D39/><U59/><E59/><V121/><F102/><W72/><G72/><T6/><REACH who="0" step="1"/><D60/><REACH who="0" ten="198,236,391,165" step="2"/><U10/><E131/><V3/><F3/><W8/><AGARI ba="1,1" hai="8,13,16,27,28,33,93,95" m="34049,29919" machi="8" ten="40,5200,0" yaku="20,1,52,1,54,1" doraHai="83,5" who="3" fromWho="3" sc="198,-27,236,-14,391,-14,165,65" /><INIT seed="5,0,0,5,2,129" ten="171,222,377,230" oya="1" hai0="11,32,115,54,96,62,87,51,81,28,107,27,89" hai1="14,30,1,58,85,19,123,110,37,74,10,108,106" hai2="83,125,75,98,78,121,103,86,18,46,94,52,69" hai3="49,118,63,133,59,5,29,135,80,113,99,12,36"/><U132/><E74/><V109/><F69/><W17/><G36/><T100/><D115/><U44/><E123/><V48/><F109/><N who="1" m="42089" /><E106/><V43/><F121/><W134/><G113/><T56/><D11/><U84/><E1/><V24/><F125/><W25/><G5/><T66/><D51/><U114/><E114/><V61/><F75/><W3/><G3/><T33/><D33/><U93/><E30/><V8/><F61/><W7/><G7/><T40/><D40/><N who="1" m="22543" /><E58/><V64/><F64/><N who="3" m="39039" /><G118/><T71/><D56/><U116/><E116/><V117/><F117/><W79/><G99/><T42/><D42/><U91/><E132/><V38/><F38/><W65/><G49/><T57/><REACH who="0" step="1"/><D57/><REACH who="0" ten="161,222,377,230" step="2"/><U77/><E77/><V82/><F43/><W88/><G65/><T111/><D111/><U92/><E85/><V104/><F78/><W112/><G112/><T105/><D105/><U50/><E50/><V41/><F41/><W119/><G119/><T39/><D39/><U34/><E34/><V21/><F104/><W126/><G79/><T55/><AGARI ba="0,1" hai="27,28,32,54,55,62,66,71,81,87,89,96,100,107" machi="55" ten="30,7900,0" yaku="1,1,0,1,25,2,53,0" doraHai="129" doraHaiUra="130" who="0" fromWho="0" sc="161,89,222,-39,377,-20,230,-20" /><INIT seed="6,0,0,4,3,17" ten="250,183,357,210" oya="2" hai0="13,34,95,53,45,130,89,132,61,71,116,118,12" hai1="20,43,70,131,47,46,25,94,2,93,6,133,58" hai2="109,125,10,85,39,102,98,82,101,126,127,26,40" hai3="29,62,110,60,106,4,9,3,32,90,124,36,123"/><V88/><F109/><W51/><G110/><T16/><D34/><U65/><E70/><V99/><F10/><W96/><G123/><T128/><D13/><U112/><E112/><V97/><F26/><W73/><G36/><T119/><D132/><U54/><E133/><V135/><F135/><W74/><G124/><T8/><D71/><U35/><E35/><V75/><F75/><W91/><G91/><T76/><D76/><U14/><E2/><V22/><F22/><W42/><G32/><T31/><D31/><U117/><E117/><V24/><F24/><W72/><G29/><T100/><D100/><N who="2" m="38506" /><F40/><W104/><G104/><T21/><D8/><U37/><E131/><V66/><F66/><W129/><G129/><T19/><D19/><U80/><E65/><V44/><F44/><W33/><G106/><T27/><D12/><U49/><E46/><V92/><F39/><W5/><G5/><T134/><D134/><U30/><REACH who="1" step="1"/><E80/><AGARI ba="0,0" hai="80,82,85,88,92,97,98,99,125,126,127" m="38506" machi="80" ten="40,12000,1" yaku="18,1,34,2,54,1" doraHai="17" who="2" fromWho="1" sc="250,0,183,-120,357,120,210,0" /><INIT seed="6,1,0,3,0,75" ten="250,63,477,210" oya="2" hai0="122,32,80,39,6,67,23,119,81,127,64,24,52" hai1="96,28,76,108,121,115,126,48,22,79,132,41,131" hai2="105,109,94,78,49,58,118,100,77,93,33,65,50" hai3="99,71,113,54,69,134,116,74,82,95,91,98,43"/><V62/><F33/><W106/><G116/><T125/><D32/><U17/><E108/><V18/><F105/><W3/><G3/><T42/><D122/><U55/><E115/><V37/><F37/><W89/><G43/><T85/><D119/><U40/><E126/><V45/><F118/><W61/><G134/><T29/><D42/><U44/><E132/><V101/><F18/><W35/><G35/><T30/><D6/><U86/><E131/><V84/><F109/><W72/><G106/><T31/><D39/><U130/><E130/><V135/><F50/><W114/><G54/><T60/><D81/><U92/><E121/><V25/><F25/><W68/><G61/><T117/><D117/><U1/><E1/><V83/><F78/><N who="1" m="29737" /><E28/><V16/><F135/><W11/><G11/><T111/><D111/><U7/><E7/><V0/><F16/><W13/><G13/><T110/><D110/><U104/><E86/><V112/><F112/><N who="3" m="43115" /><G99/><T87/><D125/><U47/><E104/><V103/><F0/><W36/><G36/><T38/><D38/><U15/><E47/><V14/><F14/><W90/><G82/><T46/><D127/><U19/><E17/><V124/><F124/><W8/><G8/><T34/><D34/><U2/><E2/><V97/><F97/><W51/><G74/><T10/><D87/><U12/><E15/><V57/><F57/><W70/><G72/><T59/><D46/><U26/><E12/><V9/><F9/><W56/><N who="3" m="17408" /><DORA hai="102" /><W120/><G120/><T20/><D10/><U63/><E63/><V88/><F62/><RYUUKYOKU ba="1,0" sc="250,-15,63,15,477,-15,210,15" hai1="19,22,26,40,41,44,48,55,92,96" hai3="51,56,89,90,91,95,98" /><INIT seed="7,2,0,1,3,7" ten="235,78,462,225" oya="3" hai0="106,55,62,52,27,110,33,64,96,51,134,73,21" hai1="72,78,13,82,94,108,101,120,113,112,53,38,54" hai2="93,18,68,61,63,1,95,37,35,9,71,28,17" hai3="5,3,122,67,130,99,109,128,12,86,23,36,50"/><W98/><G122/><T58/><D73/><U46/><E120/><V26/><F37/><W116/><G116/><T0/><D0/><U43/><E108/><V34/><F9/><W102/><G36/><T10/><D110/><U81/><E81/><V47/><F26/><W22/><G3/><T65/><D33/><U19/><E101/><V4/><F47/><W45/><G67/><T133/><D10/><U44/><E94/><V111/><F28/><W2/><G2/><T79/><D79/><U89/><E89/><V6/><F1/><W41/><G109/><AGARI ba="2,0" hai="4,6,17,18,34,35,61,63,68,71,93,95,109,111" machi="109" ten="25,1600,0" yaku="22,2" doraHai="7" who="2" fromWho="3" sc="235,0,78,0,462,22,225,-22" owari="235,4.0,78,-42.0,484,58.0,203,-20.0" /></mjloggm>