<mjloggm ver="2.3"><GO type="97" lobby="0"/><UN n0="%E3%81%98%E3%82%85%E3%81%B4%E3%81%9F%EF%BD%9E" n1="%E3%82%A6%E3%83%AB%E3%83%88%E3%83%A9%E7%AB%8B%E7%9B%B4" n2="%66%78%78%6B%69%6E" n3="%E5%BC%B7%E3%82%AC%E3%83%BB%E3%83%AA%E3%83%BC%E3%82%BF" dan="13,15,14,13" rate="1898.43,1920.76,1987.97,2130.95" sx="M,M,M,M"/><TAIKYOKU oya="0"/><INIT seed="0,0,0,0,0,74" ten="250,250,250,250" oya="0" hai0="7,89,50,13,28,2,5,10,92,125,116,39,94" hai1="35,84,17,25,81,64,65,107,9,34,60,24,4" hai2="93,6,124,26,49,54,111,57,31,119,133,123,98" hai3="91,32,69,101,3,87,132,36,55,46,38,77,105"/><T126/><D116/><U109/><E107/><V129/><F111/><W58/><G32/><T18/><D39/><U71/><E109/><V127/><F129/><W59/><G3/><T1/><D28/><U85/><E17/><V112/><F6/><W113/><G113/><T29/><D29/><U56/><E71/><V118/><F133/><W100/><G69/><T95/><D50/><U43/><E43/><V21/><F112/><W15/><G132/><T88/><D1/><U16/><E4/><V52/><F54/><W104/><G15/><T78/><D78/><N who="1" m="46135" /><E35/><V115/><F123/><W117/><G55/><T96/><D7/><U45/><E45/><V0/><F0/><W120/><G46/><T14/><D2/><U66/><E85/><V83/><F83/><W79/><G87/><T114/><D114/><U76/><E76/><N who="3" m="29258" /><G91/><T23/><REACH who="0" step="1"/><D96/><REACH who="0" ten="240,250,250,250" step="2"/><U108/><E108/><V53/><F115/><W110/><G117/><N who="2" m="44553" /><F53/><W97/><G110/><T30/><D30/><U12/><E34/><V33/><F33/><W68/><G97/><T11/><D11/><U134/><E134/><V130/><F130/><W90/><G120/><T86/><D86/><U103/><E64/><V27/><F27/><W67/><G67/><T121/><D121/><U20/><E66/><V47/><F47/><W8/><G8/><T63/><D63/><U73/><E25/><V19/><F31/><W40/><G38/><T80/><D80/><U22/><E24/><V70/><F70/><W72/><G68/><T122/><D122/><U135/><E135/><V42/><F42/><W75/><G40/><RYUUKYOKU ba="0,1" sc="240,15,250,-15,250,15,250,-15" hai0="5,10,13,14,18,23,88,89,92,94,95,125,126" hai2="19,21,26,49,52,57,93,98,124,127" /><INIT seed="0,1,1,2,0,13" ten="255,235,265,235" oya="0" hai0="104,125,49,40,38,109,55,35,3,70,66,69,59" hai1="99,56,118,51,98,80,65,11,60,92,45,58,46" hai2="14,83,26,6,24,64,17,34,78,114,22,68,129" hai3="72,32,54,48,31,115,12,110,74,36,10,116,132"/><T53/><D3/><U126/><E118/><V86/><F114/><W39/><G115/><T62/><D35/><U27/><E126/><V121/><F121/><W122/><G122/><T107/><D125/><U52/><E80/><V76/><F129/><W127/><G127/><T88/><D88/><N who="1" m="55559" /><E99/><V133/><F133/><W9/><G116/><T120/><D107/><U123/><E123/><V135/><F135/><W42/><G132/><T100/><D100/><U77/><E77/><V18/><F6/><W7/><G110/><T117/><D109/><U84/><E84/><V102/><F102/><W57/><G36/><T134/><D120/><U63/><E11/><V75/><F68/><N who="0" m="26218" /><D104/><U50/><E27/><V20/><F64/><W79/><G79/><T43/><D134/><U16/><E16/><V82/><F34/><W30/><G32/><T71/><D117/><U41/><E65/><V19/><REACH who="2" step="1"/><F14/><REACH who="2" ten="255,235,255,235" step="2"/><W37/><G12/><T90/><D90/><U101/><E101/><V67/><F67/><W73/><G7/><T25/><D25/><AGARI ba="1,2" hai="17,18,19,20,22,24,25,26,75,76,78,82,83,86" machi="25" ten="40,8000,1" yaku="1,1,52,3,53,0" doraHai="13" doraHaiUra="28" who="2" fromWho="0" sc="255,-83,235,0,255,103,235,0" /><INIT seed="1,0,0,5,3,8" ten="172,235,358,235" oya="1" hai0="30,87,112,49,58,99,121,70,111,91,98,43,10" hai1="96,95,75,134,84,117,17,79,55,74,47,89,68" hai2="6,14,56,59,28,19,72,119,0,83,52,67,73" hai3="64,110,133,82,22,135,46,126,77,80,130,85,33"/><U66/><E117/><V51/><F51/><W37/><G33/><T125/><D112/><U13/><E134/><N who="3" m="51210" /><G126/><T60/><D125/><U7/><E7/><V104/><F104/><W109/><G130/><T123/><D70/><U65/><E68/><V97/><F28/><W122/><G64/><T4/><D111/><N who="3" m="42505" /><G22/><T114/><D30/><U40/><E55/><V61/><F119/><W103/><G46/><T50/><D114/><U35/><E35/><V36/><F36/><W18/><G18/><T24/><D123/><U26/><E26/><V45/><F6/><W3/><G3/><T42/><D121/><U127/><E127/><V129/><F45/><W106/><G37/><T9/><D24/><U102/><E65/><V48/><F0/><W105/><G103/><T38/><D38/><U93/><E66/><V131/><F97/><W1/><G1/><T32/><D32/><U23/><REACH who="1" step="1"/><E79/><REACH who="1" ten="172,225,358,235" step="2"/><V116/><F116/><W94/><G122/><T25/><D4/><U21/><E21/><V62/><F131/><W20/><G20/><T27/><D60/><U54/><E54/><V15/><F62/><W101/><G80/><T12/><D25/><U31/><E31/><V76/><F129/><W115/><G115/><T41/><D27/><U5/><E5/><V81/><F19/><W107/><G94/><T44/><D12/><U128/><E128/><V53/><F67/><W11/><G11/><T86/><D9/><U88/><E88/><V16/><F16/><W120/><G120/><T78/><D10/><U118/><E118/><V92/><F92/><W63/><G63/><RYUUKYOKU ba="0,1" sc="172,-30,225,10,358,10,235,10" hai1="13,17,23,40,47,74,75,84,89,93,95,96,102" hai2="14,15,48,52,53,56,59,61,72,73,76,81,83" hai3="77,82,85,101,105,106,107" /><INIT seed="1,1,1,3,0,82" ten="142,235,368,245" oya="1" hai0="123,16,38,63,51,106,62,45,28,134,77,113,108" hai1="1,25,4,39,80,37,122,75,18,91,42,128,64" hai2="107,104,76,130,72,117,78,34,7,33,79,98,112" hai3="120,73,14,105,8,35,121,31,60,12,23,59,85"/><U90/><E122/><V131/><F117/><W135/><G73/><T10/><D123/><U81/><E64/><V111/><F111/><W114/><G105/><T118/><D108/><U119/><E119/><V41/><F41/><W115/><G135/><T127/><D118/><U50/><E50/><V65/><F65/><W109/><G109/><T27/><D134/><U83/><E75/><V55/><F7/><W40/><G40/><T97/><D113/><U87/><E4/><V36/><F36/><W9/><G85/><T88/><D127/><U20/><E1/><V93/><F55/><W92/><G92/><T3/><D38/><U44/><E128/><N who="2" m="49195" /><F72/><W26/><G59/><T124/><D124/><U129/><E129/><V13/><F13/><N who="3" m="5227" /><G60/><T133/><D133/><U96/><REACH who="1" step="1"/><E39/><REACH who="1" ten="142,225,368,245" step="2"/><V15/><F112/><N who="3" m="43051" /><G121/><T24/><D3/><U48/><E48/><V57/><F57/><W70/><G120/><T47/><D51/><U102/><E102/><N who="2" m="60751" /><F15/><W132/><G132/><T0/><D0/><U66/><E66/><V5/><F5/><W19/><G70/><T67/><D67/><U21/><E21/><V11/><F11/><N who="3" m="4171" /><G35/><AGARI ba="1,2" hai="33,34,35,76,78,79,104,107" m="60751,49195" machi="35" ten="40,1300,0" yaku="19,1" doraHai="82" who="2" fromWho="3" sc="142,0,225,0,368,36,245,-16" /><INIT seed="2,0,0,2,3,37" ten="142,225,404,229" oya="2" hai0="0,6,112,88,75,109,51,104,71,43,72,19,44" hai1="107,98,90,4,100,101,24,81,128,12,8,23,18" hai2="85,129,36,106,20,83,93,40,115,39,62,77,10" hai3="95,135,55,42,1,126,92,7,74,32,31,119,58"/><V45/><F106/><W26/><G74/><T120/><D71/><U131/><E90/><V87/><F129/><W73/><G73/><T56/><D56/><U91/><E91/><V96/><F115/><W5/><G119/><T121/><D112/><U15/><E81/><V21/><F39/><W134/><G126/><T48/><D104/><U86/><E86/><V25/><F10/><W118/><G118/><T59/><D109/><U9/><REACH who="1" step="1"/><E101/><REACH who="1" ten="142,215,404,229" step="2"/><V133/><F85/><W46/><G92/><T35/><D88/><U22/><E22/><V30/><F93/><W117/><G95/><T50/><D35/><U54/><E54/><V53/><F96/><W41/><G117/><T103/><D103/><U52/><E52/><V70/><F53/><W47/><G1/><T27/><D121/><U116/><E116/><V94/><F94/><W123/><G123/><T105/><D120/><U67/><E67/><V108/><F87/><W122/><G122/><T84/><D84/><U34/><E34/><V65/><F83/><W132/><G55/><T130/><D75/><U16/><AGARI ba="0,1" hai="4,8,9,12,15,16,18,23,24,98,100,107,128,131" machi="16" ten="30,7900,0" yaku="1,1,0,1,54,1,53,1" doraHai="37" doraHaiUra="99" who="1" fromWho="1" sc="142,-20,215,89,404,-39,229,-20" /><INIT seed="3,0,0,0,3,23" ten="122,304,365,209" oya="3" hai0="117,29,22,69,62,32,26,70,21,0,37,17,1" hai1="126,88,15,68,85,45,100,87,27,80,42,96,82" hai2="103,74,39,55,133,124,98,95,115,97,76,79,110" hai3="94,113,35,4,41,114,99,63,54,84,120,33,51"/><W47/><G120/><T112/><D37/><U38/><E68/><V20/><F39/><W118/><G118/><T50/><D70/><U57/><E15/><V132/><F110/><W108/><G108/><T102/><D69/><U25/><E57/><V77/><F115/><W3/><G3/><N who="0" m="1099" /><D50/><U34/><E34/><V65/><F65/><W13/><G84/><T107/><D62/><U49/><E38/><V61/><F124/><W46/><G114/><T78/><D78/><U93/><E126/><V24/><F97/><W67/><G113/><T56/><D56/><U101/><E101/><V90/><F103/><W128/><G128/><T81/><D81/><U129/><E129/><V66/><F55/><W5/><G35/><T2/><D102/><U43/><E43/><V12/><F12/><W53/><G33/><T116/><D107/><U127/><E127/><V105/><F105/><W59/><G13/><N who="0" m="9391" /><D112/><U83/><E83/><V134/><F66/><W130/><G130/><T9/><D117/><U72/><E72/><V36/><F61/><W104/><G104/><T18/><D116/><U60/><E60/><V11/><F36/><W44/><G41/><T71/><D71/><U8/><E8/><V125/><F125/><W7/><G51/><T91/><D91/><AGARI ba="0,0" hai="25,27,42,45,49,80,82,85,87,88,91,93,96,100" machi="91" ten="30,12000,2" yaku="7,1,9,1,8,1,52,2,54,1" doraHai="23" who="1" fromWho="0" sc="122,-120,304,120,365,0,209,0" /><AGARI ba="0,0" hai="4,5,7,44,46,47,53,54,59,63,67,91,94,99" machi="91" ten="40,2000,0" yaku="8,1" doraHai="23" who="3" fromWho="0" sc="2,-20,424,0,365,0,209,20" owari="-18,-52.0,424,52.0,365,17.0,229,-17.0" /></mjloggm>