<mjloggm ver="2.3"><GO type="97" lobby="0"/><UN n0="%73%61%72%61%73%6F%75%6A" n1="%E3%82%A6%E3%83%AB%E3%83%88%E3%83%A9%E7%AB%8B%E7%9B%B4" n2="%E7%B4%B0%E5%B7%9D%E7%8E%89%E5%A4%9C" n3="%6B%69%72%69%73%69%74%61" dan="14,15,14,14" rate="1965.88,1972.49,1910.65,1972.52" sx="M,M,M,M"/><TAIKYOKU oya="0"/><INIT seed="0,0,0,0,0,71" ten="250,250,250,250" oya="0" hai0="89,2,79,0,38,60,118,105,84,109,68,131,54" hai1="20,65,10,40,98,1,17,41,114,34,111,49,7" hai2="97,128,129,116,14,102,81,70,12,15,5,72,119" hai3="126,83,3,55,51,77,80,21,127,86,134,4,43"/><T123/><D118/><N who="2" m="45098" /><F70/><W87/><G43/><T58/><D123/><U124/><E34/><V69/><F69/><W31/><G134/><T117/><D117/><U95/><E65/><V64/><F64/><W18/><G31/><T113/><D113/><U28/><E28/><V11/><F81/><W16/><G21/><T135/><D135/><U66/><E66/><V45/><F45/><W42/><G42/><T130/><D105/><U33/><E33/><V59/><F59/><W85/><G4/><T27/><D79/><U103/><E49/><V115/><F72/><W6/><G6/><T108/><D68/><U19/><E41/><V57/><F57/><W132/><G3/><N who="0" m="1067" /><D27/><U13/><E40/><V53/><F53/><W107/><G107/><T30/><D38/><U35/><E114/><V37/><F37/><W101/><G101/><T47/><D30/><U36/><E36/><V110/><F110/><N who="0" m="42602" /><D47/><U91/><E111/><V106/><F115/><W104/><G104/><T9/><D9/><U76/><E76/><V26/><F26/><W63/><G63/><T90/><D90/><U112/><E91/><V46/><F46/><N who="3" m="28151" /><G132/><T52/><D54/><U122/><E112/><V24/><F24/><W73/><G83/><AGARI ba="0,0" hai="52,58,60,83,84,89,130,131" m="42602,1067" machi="83" ten="30,5800,0" yaku="14,1,10,1,54,1" doraHai="71" who="0" fromWho="3" sc="250,58,250,0,250,0,250,-58" /><INIT seed="0,1,0,1,3,39" ten="308,250,250,192" oya="0" hai0="27,32,15,120,48,60,99,50,42,84,26,56,115" hai1="58,23,49,104,95,101,33,3,80,71,7,117,90" hai2="69,13,102,17,73,127,103,76,29,31,57,11,126" hai3="125,113,108,16,75,91,100,122,44,46,2,47,19"/><T87/><D115/><U63/><E33/><V45/><F69/><W10/><G113/><T83/><D120/><U123/><E7/><V14/><F73/><W25/><G75/><T130/><D32/><U70/><E3/><V61/><F76/><W9/><G122/><T128/><D99/><U68/><E104/><V77/><F77/><W121/><G100/><T89/><D15/><U116/><E123/><V40/><F13/><W5/><G121/><T124/><D124/><N who="2" m="47658" /><F102/><W118/><G118/><T93/><D42/><U110/><E110/><V54/><F103/><W107/><G107/><T4/><D4/><U133/><E70/><V86/><F86/><W85/><G125/><T135/><D135/><U97/><E68/><V35/><F35/><W51/><G51/><AGARI ba="1,0" hai="11,14,17,29,31,40,45,51,54,57,61" m="47658" machi="51" ten="30,2000,0" yaku="18,1,52,1" doraHai="39" who="2" fromWho="3" sc="308,0,250,0,250,23,192,-23" /><INIT seed="1,0,0,4,1,93" ten="308,250,273,169" oya="1" hai0="113,88,117,39,90,49,134,56,53,22,110,44,34" hai1="16,77,82,135,120,133,97,116,52,112,73,26,118" hai2="106,19,55,24,59,6,33,18,23,94,20,122,43" hai3="129,126,72,54,101,68,14,121,62,36,17,105,4"/><U60/><E120/><V47/><F106/><W85/><G72/><T71/><D34/><U40/><E40/><V28/><F122/><W25/><G121/><T3/><D113/><U45/><E112/><V35/><F6/><W99/><G36/><T114/><D114/><U131/><E118/><V38/><F33/><W7/><G129/><T98/><D117/><U100/><E116/><V76/><F76/><W21/><G126/><T123/><D123/><U37/><E37/><V84/><F23/><W66/><G54/><T132/><D71/><U2/><E2/><V11/><F11/><W109/><G109/><T92/><D3/><U8/><E131/><V61/><F35/><W13/><G85/><T125/><D125/><U5/><E5/><V64/><F55/><W29/><REACH who="3" step="1"/><G13/><REACH who="3" ten="308,250,273,159" step="2"/><T115/><D110/><U27/><E73/><V81/><REACH who="2" step="1"/><F94/><REACH who="2" ten="308,250,263,159" step="2"/><W91/><G91/><T41/><D115/><U58/><E52/><V119/><F119/><W15/><G15/><T31/><REACH who="0" step="1"/><D90/><REACH who="0" ten="298,250,263,159" step="2"/><U104/><E77/><V78/><AGARI ba="0,3" hai="18,19,20,24,28,38,43,47,59,61,64,78,81,84" machi="78" ten="20,5200,0" yaku="1,1,0,1,7,1,53,1" doraHai="93" doraHaiUra="63" who="2" fromWho="2" sc="298,-13,250,-26,263,82,159,-13" /><INIT seed="2,0,0,1,4,59" ten="285,224,345,146" oya="2" hai0="86,108,96,16,18,75,84,81,4,53,23,34,26" hai1="118,131,11,33,10,116,13,123,7,54,129,47,110" hai2="58,125,50,128,1,113,63,124,78,0,39,31,69" hai3="130,76,103,77,111,114,37,99,134,20,27,105,45"/><V43/><F113/><W70/><G114/><T52/><D108/><U32/><E54/><N who="0" m="21097" /><D75/><U67/><E47/><V38/><F78/><W2/><G70/><T91/><D34/><U117/><E67/><V5/><F69/><W60/><G134/><T83/><D4/><U126/><E110/><V74/><F74/><W44/><G130/><N who="1" m="49674" /><E126/><N who="2" m="48747" /><F128/><W88/><G111/><T61/><D96/><U94/><E94/><V115/><F115/><W89/><G60/><T9/><D9/><U25/><E123/><V87/><F31/><W68/><G2/><N who="2" m="1129" /><F5/><W135/><G135/><T24/><D24/><U30/><E11/><V92/><F50/><W121/><G121/><T62/><D18/><U133/><E133/><V119/><F119/><N who="1" m="30465" /><U90/><DORA hai="101" /><E90/><AGARI ba="0,0" hai="16,23,26,61,62,81,83,84,86,90,91" m="21097" machi="90" ten="30,8000,1" yaku="8,1,52,2,54,2" doraHai="59,101" who="0" fromWho="1" sc="285,80,224,-80,345,0,146,0" /><INIT seed="3,0,0,0,1,81" ten="365,144,345,146" oya="3" hai0="88,56,117,21,36,6,13,94,38,86,8,112,69" hai1="95,84,20,27,29,116,109,58,33,18,123,17,135" hai2="12,47,25,42,52,28,132,87,30,61,7,72,82" hai3="106,131,127,111,96,64,22,70,120,101,48,103,110"/><W9/><G120/><T45/><D117/><U65/><E123/><V67/><F72/><W63/><G131/><T85/><D69/><U16/><E116/><V108/><F108/><N who="3" m="41515" /><G103/><T43/><D112/><U104/><E104/><V66/><F132/><W113/><G113/><T0/><D56/><U53/><E135/><V11/><F25/><W24/><G9/><T59/><D59/><U44/><E109/><V1/><F1/><W78/><G78/><T41/><D21/><U105/><E105/><V50/><F42/><W75/><G75/><T124/><D124/><U93/><E33/><V80/><F80/><W46/><G127/><T60/><D60/><N who="1" m="38039" /><E84/><V51/><F51/><AGARI ba="0,0" hai="16,17,18,20,27,29,44,51,53,93,95" m="38039" machi="51" ten="30,2000,0" yaku="8,1,54,1" doraHai="81" who="1" fromWho="2" sc="365,0,144,20,345,-20,146,0" owari="365,46.0,164,-24.0,325,13.0,146,-35.0" /></mjloggm>