<mjloggm ver="2.3"><GO type="169" lobby="0"/><UN n0="%64%61%6D%64%61%6D" n1="%E3%82%A6%E3%83%AB%E3%83%88%E3%83%A9%E7%AB%8B%E7%9B%B4" n2="%6D%61%63%6A%72" n3="%E7%94%B1%E8%A9%91%E3%81%8B%E3%81%AA%E3%81%BF" dan="16,17,16,16" rate="2053.53,2066.41,2107.61,2100.19" sx="M,M,F,F"/><TAIKYOKU oya="0"/><INIT seed="0,0,0,3,0,76" ten="250,250,250,250" oya="0" hai0="46,48,133,38,49,61,102,104,47,6,112,22,108" hai1="29,119,106,4,60,114,98,94,125,86,116,54,58" hai2="41,120,21,83,117,24,128,17,81,7,89,111,80" hai3="74,101,129,43,115,37,44,14,75,68,79,72,93"/><T16/><D112/><U70/><E125/><V90/><F120/><W34/><G115/><T78/><D6/><U57/><E70/><V55/><F111/><W18/><G34/><T20/><D133/><U92/><E106/><V40/><F128/><W77/><G68/><T91/><D108/><U11/><E29/><V66/><F117/><W0/><G0/><T122/><D122/><U82/><E58/><V97/><F66/><W39/><G39/><T131/><D131/><U134/><E134/><V45/><F7/><W84/><G129/><T3/><D3/><U27/><E27/><V5/><F5/><W12/><G12/><T132/><D132/><U69/><E69/><V127/><F127/><W85/><G85/><T1/><D1/><U130/><E94/><N who="2" m="56527" /><F90/><W100/><G100/><T53/><D22/><U87/><E87/><V109/><F109/><W110/><G110/><T64/><D38/><U2/><E130/><V50/><AGARI ba="0,0" hai="17,21,24,40,41,45,50,55,80,81,83" m="56527" machi="50" ten="30,7900,0" yaku="8,1,52,3" doraHai="76" who="2" fromWho="2" sc="250,-39,250,-20,250,79,250,-20" /><INIT seed="1,0,0,4,5,50" ten="211,230,329,230" oya="1" hai0="47,36,7,22,63,60,113,106,40,76,2,17,73" hai1="0,126,57,102,54,96,100,44,56,124,4,78,105" hai2="122,101,108,1,31,24,135,30,41,43,119,103,25" hai3="15,13,109,10,107,104,71,27,120,42,64,52,21"/><U83/><E100/><V74/><F74/><W128/><G120/><T110/><D113/><U19/><E4/><V28/><F1/><W87/><G109/><T95/><D106/><U12/><E0/><V8/><F122/><W32/><G32/><T99/><D110/><U97/><E97/><V131/><F108/><W62/><G42/><T117/><D117/><U70/><E70/><V20/><F119/><W11/><G128/><T46/><D46/><U123/><E123/><V55/><F135/><W79/><G104/><T133/><D133/><U77/><E44/><V18/><F131/><W37/><G37/><T33/><D33/><U65/><E57/><V66/><F66/><W23/><G107/><T49/><D7/><U51/><E65/><V72/><F72/><W38/><G38/><T45/><D2/><U88/><E88/><V34/><F8/><N who="3" m="3115" /><G64/><T98/><D76/><U129/><E129/><V48/><F25/><W116/><G116/><T3/><D3/><U67/><E67/><V68/><F68/><W39/><G39/><T80/><D73/><U134/><E134/><V85/><F34/><W82/><G71/><T61/><D80/><U53/><E83/><V92/><F101/><W6/><G6/><T118/><D95/><U75/><E75/><V16/><F18/><N who="3" m="12727" /><G23/><T114/><D118/><U69/><E69/><V84/><F103/><W112/><G112/><T58/><D114/><U111/><E111/><V94/><F41/><W14/><G62/><T90/><D36/><U121/><E102/><V59/><F43/><W93/><G93/><AGARI ba="0,0" hai="16,20,24,28,30,31,48,55,59,84,85,92,93,94" machi="93" ten="40,5200,0" yaku="8,1,52,1,54,1" doraHai="50" who="2" fromWho="3" sc="211,0,230,0,329,52,230,-52" /><INIT seed="2,0,0,0,0,5" ten="211,230,381,178" oya="2" hai0="105,40,10,49,61,17,124,134,100,20,84,2,130" hai1="98,106,113,119,43,102,75,30,93,96,85,71,118" hai2="55,133,6,28,126,50,110,114,24,52,64,25,128" hai3="53,46,70,47,21,29,95,135,74,116,108,35,86"/><V78/><F114/><W94/><G74/><T66/><D134/><U44/><E71/><V109/><F133/><W1/><G116/><T13/><D130/><U101/><E113/><V88/><F128/><W129/><G129/><T11/><D124/><U51/><E75/><V22/><F126/><W79/><G135/><T120/><D120/><U58/><E30/><V36/><F36/><W77/><G70/><T39/><D39/><U26/><E26/><V90/><F64/><W123/><G35/><T16/><D84/><U14/><E14/><V97/><F78/><W65/><G65/><T117/><D117/><U3/><E3/><V42/><F42/><W107/><G107/><T62/><D100/><U56/><E85/><V57/><F6/><W115/><G115/><T37/><D37/><U68/><E68/><V99/><F24/><W60/><G123/><T111/><D111/><N who="2" m="42506" /><F55/><W34/><G34/><T103/><D40/><U131/><E131/><V122/><F122/><W83/><G1/><T8/><D2/><U48/><E119/><V76/><F76/><W127/><G79/><T91/><D17/><U89/><E118/><V23/><F22/><W32/><G32/><T92/><D66/><U19/><E19/><V33/><F33/><W27/><G127/><T69/><D69/><U54/><E102/><V15/><F15/><W87/><G108/><T4/><D103/><U104/><E104/><V82/><F82/><N who="3" m="47439" /><G95/><T45/><D105/><U41/><E41/><V72/><F72/><W125/><G94/><T0/><D0/><U80/><E80/><V132/><F132/><RYUUKYOKU ba="0,0" sc="211,-15,230,15,381,15,178,-15" hai1="43,44,48,51,54,56,58,89,93,96,98,101,106" hai2="23,25,28,50,52,57,88,90,97,99" /><INIT seed="2,1,0,0,1,97" ten="196,245,396,163" oya="2" hai0="54,83,48,77,43,55,135,117,39,111,18,62,29" hai1="76,27,56,74,72,73,19,101,6,129,69,112,36" hai2="35,67,134,99,114,46,95,16,102,85,98,44,12" hai3="118,33,124,50,13,108,1,0,130,66,88,11,113"/><V5/><F114/><W133/><G118/><T7/><D111/><U37/><E69/><V57/><F35/><W30/><G108/><T8/><D135/><U110/><E76/><V86/><F134/><W59/><G133/><T2/><D117/><U40/><E110/><V92/><F5/><W80/><G113/><T26/><D62/><U109/><E109/><V91/><F67/><W9/><G124/><T71/><D71/><U58/><E6/><V121/><F121/><W14/><G130/><T65/><D65/><U103/><E112/><V15/><F57/><N who="1" m="22121" /><E40/><V81/><F85/><W28/><G33/><T78/><D18/><U96/><E96/><V107/><F15/><W104/><G104/><T131/><D131/><U84/><E84/><V49/><F49/><W68/><G68/><T52/><D39/><N who="1" m="14923" /><E129/><V42/><F42/><W82/><G59/><T127/><D127/><U21/><E21/><N who="2" m="11399" /><F107/><W122/><G66/><T125/><D125/><U47/><E47/><V60/><F60/><W22/><G50/><T4/><D4/><U10/><E19/><V34/><F34/><W51/><G51/><T23/><REACH who="0" step="1"/><D83/><REACH who="0" ten="186,245,396,163" step="2"/><U105/><E105/><V120/><F120/><W31/><G122/><T24/><D24/><U61/><E61/><V17/><F17/><W93/><G30/><T132/><D132/><U106/><E106/><V63/><F63/><W3/><G28/><T100/><D100/><AGARI ba="1,1" hai="44,46,81,86,91,92,95,98,99,100,102" m="11399" machi="100" ten="30,11600,0" yaku="8,1,52,2,54,1" doraHai="97" who="2" fromWho="0" sc="186,-119,245,0,396,129,163,0" /><INIT seed="2,2,0,5,5,41" ten="67,245,525,163" oya="2" hai0="66,84,52,32,110,94,135,62,46,125,21,45,100" hai1="25,65,38,23,19,53,78,119,99,22,128,13,37" hai2="33,73,103,7,126,102,95,20,83,90,18,123,93" hai3="97,106,27,108,55,82,105,89,39,28,34,111,5"/><V8/><F123/><W48/><G39/><T81/><D32/><U42/><E119/><V130/><F33/><W56/><G5/><T14/><D135/><U47/><E65/><V6/><F130/><W63/><G82/><T59/><D110/><N who="3" m="42025" /><G63/><T17/><D125/><U91/><E78/><V96/><F126/><W117/><G117/><T124/><D124/><U4/><E53/><V101/><F93/><AGARI ba="2,0" hai="27,28,34,48,55,56,89,93,97,105,106" m="42025" machi="93" ten="30,1000,0" yaku="14,1" doraHai="41" who="3" fromWho="2" sc="67,0,245,0,525,-16,163,16" /><INIT seed="3,0,0,4,0,19" ten="67,245,509,179" oya="3" hai0="101,120,91,69,90,99,16,103,34,95,14,22,83" hai1="81,39,113,109,125,17,92,108,66,20,110,60,56" hai2="8,85,94,77,76,65,111,89,51,33,52,23,126" hai3="104,3,78,114,64,35,96,55,13,28,119,12,72"/><W48/><G119/><T107/><D120/><U57/><E39/><V134/><F33/><W117/><G117/><T21/><D34/><U87/><E92/><V2/><F111/><W47/><G3/><T98/><D69/><U59/><E113/><V124/><F65/><W71/><G114/><T75/><D75/><U132/><E132/><V123/><F134/><W127/><G127/><N who="2" m="48681" /><F123/><W25/><G78/><T116/><D116/><U80/><E125/><V42/><F42/><W130/><G72/><T41/><D41/><U93/><E93/><V50/><F50/><W9/><G130/><T40/><D40/><U88/><E81/><V46/><F23/><W68/><G9/><T5/><D5/><AGARI ba="0,0" hai="2,5,8,46,51,52,76,77,85,89,94" m="48681" machi="5" ten="30,2000,0" yaku="18,1,54,1" doraHai="19" who="2" fromWho="0" sc="67,-20,245,0,509,20,179,0" /><INIT seed="4,0,0,3,2,50" ten="47,245,529,179" oya="0" hai0="126,29,35,89,34,84,62,120,108,23,88,124,36" hai1="79,113,10,0,65,58,9,97,7,63,82,5,55" hai2="28,19,24,70,14,133,81,41,125,119,123,44,31" hai3="40,71,43,16,90,75,39,2,127,26,93,17,86"/><T22/><D120/><U128/><E97/><V112/><F123/><W46/><G75/><T30/><D36/><U66/><E128/><V87/><F112/><W4/><G71/><T18/><D62/><U130/><E130/><V105/><F70/><W64/><G64/><T72/><D72/><U11/><E113/><V94/><F105/><W21/><G127/><T69/><D69/><U45/><E45/><V52/><F125/><N who="0" m="48234" /><D108/><U76/><E10/><V60/><F133/><W85/><G40/><T117/><D117/><U95/><E95/><V107/><F94/><W77/><G4/><T51/><D51/><U96/><E96/><V111/><F107/><W129/><G2/><T54/><D54/><U13/><E79/><V91/><F111/><W56/><G129/><T99/><D99/><U25/><E25/><V104/><F104/><W6/><G6/><T135/><D135/><U49/><E49/><N who="2" m="26767" /><F24/><W121/><G121/><T61/><D61/><U132/><E132/><V1/><F1/><W131/><G131/><T15/><D23/><U42/><E42/><V110/><F119/><W134/><G134/><T102/><D102/><U122/><E122/><V103/><F103/><W80/><REACH who="3" step="1"/><G56/><REACH who="3" ten="47,245,529,169" step="2"/><T92/><D89/><U38/><E38/><V57/><F110/><W114/><G114/><T20/><D30/><AGARI ba="0,1" hai="16,17,21,26,30,39,43,46,77,80,85,86,90,93" machi="30" ten="30,3900,0" yaku="1,1,7,1,54,1,53,0" doraHai="50" doraHaiUra="67" who="3" fromWho="0" sc="47,-39,245,0,529,0,169,49" /><INIT seed="5,0,0,5,4,127" ten="8,245,529,218" oya="1" hai0="59,76,83,50,71,42,108,92,106,32,82,54,100" hai1="68,115,22,10,81,70,94,90,101,130,96,131,104" hai2="85,26,52,31,51,37,125,55,8,39,112,129,120" hai3="57,20,5,74,41,49,132,33,84,14,103,60,123"/><U134/><E134/><V128/><F120/><W72/><G33/><T65/><D106/><U38/><E38/><V61/><F125/><W114/><G123/><T34/><D108/><U87/><E115/><V7/><F112/><W135/><G114/><T105/><D105/><U93/><E10/><V46/><F85/><W113/><G113/><T77/><D42/><U27/><E94/><V63/><F37/><W116/><G103/><T15/><D15/><U53/><E53/><V28/><F39/><W36/><G36/><T99/><D65/><U69/><REACH who="1" step="1"/><E104/><REACH who="1" ten="8,235,529,218" step="2"/><V30/><F55/><N who="3" m="33855" /><G116/><T40/><D40/><U64/><E64/><V91/><F8/><N who="3" m="4367" /><G41/><T79/><D71/><U13/><E13/><V78/><F52/><W56/><G56/><T9/><D9/><U111/><E111/><V58/><F58/><W121/><G121/><T133/><D133/><U66/><E66/><V19/><F46/><W97/><G132/><T2/><D2/><U119/><E119/><V109/><F109/><W98/><G135/><T0/><D0/><U124/><E124/><V110/><F110/><W73/><G49/><T95/><D95/><U35/><E35/><V25/><F51/><W24/><G84/><T86/><D86/><U6/><E6/><V12/><F7/><W62/><G62/><T122/><D122/><U23/><E23/><N who="2" m="11751" /><F61/><W43/><G43/><T80/><AGARI ba="0,1" hai="32,34,50,54,59,76,77,79,80,82,83,92,99,100" machi="80" ten="30,1100,0" yaku="0,1" doraHai="127" who="0" fromWho="0" sc="8,21,235,-5,529,-3,218,-3" /><INIT seed="6,0,0,0,5,116" ten="29,230,526,215" oya="2" hai0="38,135,76,65,93,66,132,48,51,74,13,97,78" hai1="45,57,129,92,90,53,89,8,125,98,59,21,96" hai2="36,80,115,9,95,56,73,64,18,50,58,111,29" hai3="94,67,123,27,110,37,86,32,71,60,19,68,87"/><V130/><F36/><W23/><G110/><T26/><D38/><U35/><E35/><V43/><F111/><W84/><G37/><T75/><D13/><U6/><E125/><V120/><F120/><W39/><G39/><T41/><D41/><U105/><E105/><V70/><F29/><W14/><G123/><T114/><D114/><U31/><E45/><V40/><F70/><W113/><G113/><T28/><D28/><U118/><E118/><V1/><F115/><W134/><G134/><T17/><D17/><U88/><E59/><V4/><F58/><W102/><G32/><T100/><D93/><U126/><E126/><V44/><F43/><W42/><G42/><T33/><D33/><U54/><E54/><V52/><F64/><W85/><G68/><T47/><D47/><U109/><E109/><V24/><F95/><W61/><G61/><T11/><D11/><U117/><E117/><V12/><F24/><W124/><G124/><T49/><D97/><U77/><E96/><V82/><F73/><N who="0" m="27658" /><D26/><U16/><E31/><V81/><F130/><W128/><G128/><T127/><D100/><U34/><E34/><V20/><F80/><W104/><G104/><T101/><D101/><U22/><E129/><V62/><AGARI ba="0,0" hai="1,4,9,12,18,20,40,44,50,52,56,62,81,82" machi="62" ten="20,3900,0" yaku="0,1,7,1,54,1" doraHai="116" who="2" fromWho="2" sc="29,-13,230,-13,526,39,215,-13" /><INIT seed="6,1,0,1,3,123" ten="16,217,565,202" oya="2" hai0="21,120,7,46,107,92,4,37,88,29,104,8,134" hai1="68,102,18,35,135,112,58,38,19,71,14,90,115" hai2="113,62,116,59,105,10,117,47,9,129,87,126,2" hai3="23,96,133,69,93,52,17,66,78,86,0,80,12"/><V98/><F113/><N who="1" m="43593" /><E35/><V51/><F129/><W128/><G0/><T89/><D120/><U100/><E38/><V24/><F126/><W27/><G128/><T54/><D134/><U63/><E90/><V127/><F87/><W57/><G133/><T67/><D67/><U94/><E135/><V99/><F127/><W119/><G119/><T85/><D89/><U48/><E48/><V15/><F2/><W16/><G69/><N who="1" m="26698" /><E94/><V45/><F24/><W81/><G66/><T70/><D70/><U1/><E1/><V11/><F105/><W108/><G108/><T3/><D4/><U75/><E75/><V20/><F116/><W114/><G114/><T65/><D65/><N who="1" m="39159" /><E19/><N who="2" m="10367" /><F117/><W132/><G132/><T118/><D118/><U49/><E49/><V34/><F34/><W40/><G40/><T95/><D95/><U50/><E50/><V13/><F13/><W82/><G93/><T77/><D77/><U91/><E91/><V125/><F125/><W131/><G96/><N who="2" m="36905" /><F51/><N who="3" m="30879" /><G131/><T26/><REACH who="0" step="1"/><D54/><AGARI ba="1,0" hai="9,10,11,45,47,54,59,62" m="36905,10367" machi="54" ten="30,1500,0" yaku="8,1" doraHai="123" who="2" fromWho="0" sc="16,-18,217,0,565,18,202,0" owari="-2,-50.0,217,2.0,583,68.0,202,-20.0" /></mjloggm>