<mjloggm ver="2.3"><GO type="97" lobby="0"/><UN n0="%70%6F%6B%6F" n1="%E2%98%85%E7%97%85%E9%99%A2%E5%9D%82%E9%BB%92%E7%8C%AB%E2%98%85" n2="%E3%82%AA%E3%82%A4%E3%83%A9%E3%83%BC%E3%81%AE%E6%B3%95%E5%89%87" n3="%E3%82%A6%E3%83%AB%E3%83%88%E3%83%A9%E7%AB%8B%E7%9B%B4" dan="13,14,14,15" rate="1800.46,1925.55,1957.88,1991.43" sx="M,M,M,M"/><TAIKYOKU oya="0"/><INIT seed="0,0,0,4,5,10" ten="250,250,250,250" oya="0" hai0="107,84,1,54,71,31,79,22,61,19,64,100,55" hai1="109,91,75,60,2,126,56,104,9,14,59,28,118" hai2="130,115,110,74,108,45,18,7,39,117,97,63,49" hai3="30,88,98,122,24,48,116,27,35,77,82,120,81"/><T16/><D1/><U58/><E75/><V44/><F74/><W46/><G116/><T73/><D73/><U33/><E104/><V66/><F117/><W43/><G27/><T124/><D124/><U70/><E118/><V96/><F7/><W0/><G0/><T11/><D107/><U23/><E126/><V25/><F115/><W57/><G57/><T34/><D100/><U85/><E109/><V86/><F130/><W8/><G8/><T47/><D34/><U106/><E2/><V29/><F39/><W36/><G48/><T67/><D64/><U50/><E106/><V80/><F45/><W3/><G3/><T111/><D111/><N who="2" m="42538" /><F18/><W12/><G12/><T129/><D129/><U127/><E33/><N who="2" m="20655" /><F63/><W99/><G77/><T128/><D128/><U121/><E127/><V26/><F26/><W68/><G68/><T17/><D47/><U132/><E70/><V78/><F66/><W5/><G5/><T103/><D103/><U134/><E60/><V95/><F95/><W52/><G82/><T72/><D72/><U69/><E50/><V65/><F65/><W76/><G76/><T37/><D37/><U101/><E69/><V123/><F123/><N who="3" m="47147" /><G52/><AGARI ba="0,0" hai="44,49,52,78,80,86,96,97" m="20655,42538" machi="52" ten="30,2000,0" yaku="14,1,54,1" doraHai="10" who="2" fromWho="3" sc="250,0,250,0,250,20,250,-20" /><INIT seed="1,0,0,3,0,33" ten="250,250,270,230" oya="1" hai0="11,122,0,20,31,59,45,109,126,86,114,51,12" hai1="118,125,28,19,36,84,54,121,73,53,29,87,24" hai2="120,55,40,17,34,5,123,67,14,71,88,106,18" hai3="75,64,82,116,124,27,22,117,100,97,115,90,92"/><U41/><E121/><V26/><F106/><W43/><G115/><T110/><D122/><U3/><E118/><N who="3" m="45674" /><G43/><T93/><D114/><U35/><E73/><V66/><F40/><W69/><G64/><T74/><D74/><U61/><E125/><V50/><F123/><W94/><G69/><T81/><D126/><U39/><E61/><V128/><F120/><W63/><G63/><T48/><D93/><U105/><E19/><V47/><F128/><W98/><G124/><T62/><D51/><U112/><E41/><V65/><F71/><W76/><G22/><T111/><D31/><U135/><E35/><V10/><F34/><W77/><G27/><T134/><D20/><U99/><E24/><V68/><F68/><W16/><G16/><N who="2" m="6249" /><F26/><W96/><G77/><N who="0" m="46383" /><D134/><U6/><E112/><V129/><F129/><W85/><AGARI ba="0,0" hai="75,76,82,85,90,92,94,96,97,98,100" m="45674" machi="85" ten="30,4000,0" yaku="12,1,34,2" doraHai="33" who="3" fromWho="3" sc="250,-10,250,-20,270,-10,230,40" /><INIT seed="2,0,0,1,4,120" ten="240,230,260,270" oya="2" hai0="44,21,13,133,33,94,11,49,81,95,30,135,1" hai1="116,113,52,118,70,40,104,12,111,75,20,64,121" hai2="41,114,65,16,14,3,28,17,97,5,23,6,100" hai3="26,10,4,132,122,47,108,112,86,43,25,22,74"/><V128/><F114/><W61/><G74/><T126/><D1/><U109/><E113/><V77/><F41/><W59/><G112/><T37/><D37/><U24/><E121/><V7/><F77/><W60/><G122/><T107/><D107/><U123/><E75/><V67/><F128/><W58/><G132/><N who="0" m="50763" /><D33/><U57/><E123/><V119/><F119/><W115/><G115/><T38/><D38/><U99/><E40/><V129/><F129/><W96/><G96/><T91/><D30/><N who="1" m="17671" /><E12/><V36/><F36/><W19/><G26/><T125/><D21/><U9/><E9/><V84/><F84/><W73/><G86/><N who="0" m="50639" /><D11/><U69/><E104/><V82/><F82/><W48/><G73/><T93/><D13/><U110/><E99/><V18/><F3/><W134/><G134/><T56/><D56/><U83/><E83/><V35/><F35/><W27/><G27/><T29/><D29/><U55/><E69/><V130/><F130/><W54/><G59/><T92/><N who="0" m="24064" /><DORA hai="51" /><T2/><D2/><U53/><E70/><V131/><F131/><W46/><G46/><T71/><D71/><U31/><E31/><V87/><F87/><W124/><G10/><T39/><D39/><U85/><E85/><V42/><F42/><AGARI ba="0,0" hai="42,44,49,125,126" m="24064,50639,50763" machi="42" ten="50,1600,0" yaku="20,1" doraHai="120,51" who="0" fromWho="2" sc="240,16,230,0,260,-16,270,0" /><INIT seed="3,0,0,0,1,75" ten="256,230,244,270" oya="3" hai0="88,109,34,64,46,76,5,119,108,77,73,133,103" hai1="105,68,118,87,71,130,83,91,61,106,120,81,25" hai2="60,44,20,3,79,114,113,80,124,7,132,24,98" hai3="62,16,84,17,129,82,110,117,27,96,89,1,51"/><W30/><G1/><T54/><D34/><U14/><E130/><V128/><F124/><W116/><G129/><T67/><D119/><U65/><E120/><V10/><F128/><W40/><G116/><T13/><D103/><U57/><E118/><V85/><F132/><W134/><G134/><T52/><D133/><U39/><E39/><V115/><F98/><W127/><G127/><T32/><D32/><U21/><E14/><V43/><F60/><W121/><G121/><T93/><D73/><U70/><REACH who="1" step="1"/><E83/><REACH who="1" ten="256,220,244,270" step="2"/><V135/><F135/><W45/><G117/><T58/><D13/><U9/><E9/><V125/><F125/><W90/><G110/><T47/><D108/><U63/><E63/><V111/><F111/><W11/><G11/><T78/><D109/><U28/><AGARI ba="0,1" hai="21,25,28,57,61,65,68,70,71,81,87,91,105,106" machi="28" ten="30,2000,0" yaku="1,1,0,1,53,0" doraHai="75" doraHaiUra="97" who="1" fromWho="1" sc="256,-5,220,30,244,-5,270,-10" /><INIT seed="4,0,0,2,5,127" ten="251,250,239,260" oya="0" hai0="4,11,99,43,87,71,51,131,34,120,81,18,69" hai1="88,119,55,76,9,73,23,70,53,17,54,22,38" hai2="115,27,37,48,30,135,32,59,125,20,124,126,60" hai3="133,82,94,86,74,21,56,39,72,123,29,62,63"/><T79/><D120/><U93/><E119/><V10/><F135/><W129/><G39/><T128/><D34/><U7/><E38/><V96/><F37/><W75/><G62/><T100/><D18/><U65/><E22/><V105/><F115/><W49/><G49/><T26/><D26/><U36/><E36/><V6/><F48/><W111/><G21/><T121/><D121/><U25/><E65/><V80/><F80/><W102/><G29/><T13/><D71/><U57/><E70/><V98/><F105/><W104/><G123/><T31/><D31/><U46/><E46/><V132/><F32/><W14/><G14/><T2/><D2/><U50/><E76/><V117/><F132/><W106/><G56/><T110/><D69/><U47/><E73/><V16/><F30/><W44/><G63/><T89/><D89/><U3/><REACH who="1" step="1"/><E57/><REACH who="1" ten="251,240,239,260" step="2"/><V130/><F117/><W112/><G44/><N who="0" m="26015" /><D110/><U109/><E109/><V97/><F130/><W78/><G111/><T52/><D52/><U113/><E113/><V5/><F10/><W77/><G133/><T61/><D61/><U67/><E67/><AGARI ba="0,1" hai="5,6,16,20,27,59,60,67,96,97,98,124,125,126" machi="67" ten="50,3200,0" yaku="18,1,54,1" doraHai="127" who="2" fromWho="1" sc="251,0,240,-32,239,42,260,0" /><INIT seed="5,0,0,3,4,124" ten="251,208,281,260" oya="1" hai0="95,31,43,77,73,26,15,82,25,103,67,39,0" hai1="101,19,134,52,89,127,115,53,32,106,57,131,20" hai2="113,16,122,104,84,41,51,112,42,94,23,61,68" hai3="90,55,11,107,108,63,45,125,132,111,40,13,92"/><U116/><E116/><V99/><F104/><W120/><G107/><T5/><D0/><U110/><E127/><V100/><F122/><W8/><G120/><T70/><D70/><U133/><E32/><V30/><F30/><W37/><G125/><T17/><D67/><U46/><E115/><N who="2" m="44107" /><F84/><W121/><G121/><T58/><D58/><U81/><E110/><V86/><F86/><W27/><G132/><N who="1" m="50794" /><E131/><V71/><F51/><W3/><G40/><N who="2" m="15465" /><F61/><W88/><G63/><T109/><D109/><U54/><E46/><V21/><F21/><W80/><G45/><T33/><D43/><U102/><E106/><V128/><F128/><W117/><G111/><T18/><D39/><U60/><E81/><V1/><F1/><W28/><G37/><T34/><D31/><U35/><E89/><V83/><F83/><W50/><G3/><T105/><D82/><U62/><E35/><V69/><F69/><W59/><G80/><T76/><D105/><U4/><E4/><V12/><AGARI ba="0,0" hai="12,16,23,68,71,94,99,100" m="15465,44107" machi="12" ten="30,4000,0" yaku="15,1,11,1,54,1" doraHai="124" who="2" fromWho="2" sc="251,-10,208,-20,281,40,260,-10" owari="241,-16.0,188,-31.0,321,42.0,250,5.0" /></mjloggm>