<mjloggm ver="2.3"><GO type="41" lobby="0"/><UN n0="%E3%82%A6%E3%83%AB%E3%83%88%E3%83%A9%E7%AB%8B%E7%9B%B4" n1="%E3%82%AB%E3%82%BA%E3%82%B3%E3%83%A0%E3%82%B7" n2="%4E%6F%31%30%31%30%38" n3="%E2%98%86%E7%B4%94%E7%99%BD%E2%98%86" dan="16,14,13,14" rate="2051.65,1877.02,1857.10,1976.39" sx="M,M,M,M"/><TAIKYOKU oya="0"/><INIT seed="0,0,0,0,2,44" ten="250,250,250,250" oya="0" hai0="97,90,117,110,8,94,12,55,28,30,34,51,121" hai1="57,16,122,76,47,100,50,37,23,48,4,38,113" hai2="59,101,84,85,83,63,7,105,46,77,49,80,67" hai3="132,3,126,22,25,11,24,135,108,69,131,88,74"/><T127/><D121/><U129/><E122/><V18/><F105/><W102/><G69/><T91/><D117/><U27/><E129/><V86/><F101/><W93/><G74/><T43/><D127/><U71/><E71/><V109/><F109/><W119/><G119/><T99/><D110/><U133/><E133/><N who="3" m="51274" /><G108/><T0/><D0/><U73/><E100/><V72/><F18/><W2/><G102/><T124/><D43/><U120/><E120/><V98/><F98/><N who="3" m="57639" /><G126/><T96/><D124/><U33/><E33/><V40/><F7/><N who="3" m="1527" /><G3/><T89/><D34/><U6/><E113/><V87/><F72/><W13/><G131/><T56/><REACH who="0" step="1"/><D94/><REACH who="0" ten="240,250,250,250" step="2"/><U92/><E92/><V58/><F58/><W125/><G125/><T39/><D39/><U68/><E38/><V116/><REACH who="2" step="1"/><F116/><REACH who="2" ten="240,250,240,250" step="2"/><W5/><G5/><AGARI ba="0,2" hai="5,8,12,28,30,51,55,56,89,90,91,96,97,99" machi="5" ten="40,12000,1" yaku="1,1,8,1,52,1,53,1" doraHai="44" doraHaiUra="53" who="0" fromWho="3" sc="240,140,250,0,240,0,250,-120" /><INIT seed="0,1,0,3,5,54" ten="380,250,240,130" oya="0" hai0="65,98,45,82,92,89,63,12,2,93,73,68,22" hai1="128,76,129,108,51,10,74,59,35,70,133,99,121" hai2="126,31,19,120,58,57,119,80,102,55,115,66,38" hai3="56,46,53,49,96,97,8,61,42,33,71,123,1"/><T83/><D2/><U0/><E121/><V17/><F115/><W14/><G33/><T6/><D73/><U23/><E108/><V5/><F120/><W132/><G1/><T16/><D6/><U107/><E70/><V36/><F119/><W135/><G123/><T106/><D106/><U9/><E35/><V30/><F126/><W34/><G34/><T18/><D45/><U75/><E133/><V131/><F5/><W81/><G81/><T4/><D4/><U114/><E0/><V110/><F80/><W3/><G3/><T7/><D7/><U87/><E114/><V111/><F55/><W37/><G14/><T50/><D50/><U122/><E122/><V86/><F86/><W26/><G8/><N who="1" m="3178" /><E23/><V90/><F90/><W109/><G26/><T91/><REACH who="0" step="1"/><D18/><REACH who="0" ten="370,250,240,130" step="2"/><U48/><E74/><V113/><F113/><W41/><G109/><T103/><D103/><U78/><E75/><V64/><REACH who="2" step="1"/><F131/><REACH who="2" ten="370,250,230,130" step="2"/><N who="1" m="50249" /><E87/><AGARI ba="1,2" hai="12,16,22,63,65,68,82,83,87,89,91,92,93,98" machi="87" ten="30,5800,0" yaku="1,1,7,1,54,1,53,0" doraHai="54" doraHaiUra="25" who="0" fromWho="1" sc="370,81,250,-61,230,0,130,0" /><INIT seed="0,2,0,3,4,120" ten="451,189,230,130" oya="0" hai0="6,124,27,100,128,73,0,99,55,90,62,76,25" hai1="72,31,29,13,98,80,71,46,38,49,79,24,108" hai2="66,107,81,37,86,34,57,53,113,132,115,85,106" hai3="51,70,101,88,40,109,104,133,22,135,118,48,21"/><T68/><D124/><U105/><E71/><V43/><F34/><W54/><G70/><T87/><D128/><U7/><E38/><V61/><F132/><W3/><G3/><T36/><D36/><U96/><E108/><V45/><F86/><W50/><G118/><T39/><D39/><U75/><E75/><V44/><F107/><W78/><G78/><T23/><D6/><U63/><E31/><V134/><F106/><W125/><G125/><T59/><D0/><U2/><E2/><V91/><F134/><N who="3" m="51211" /><G40/><T26/><D68/><U69/><E105/><V28/><F28/><W77/><G77/><T97/><D100/><U123/><E123/><V129/><F129/><W119/><G119/><T60/><D76/><U122/><E122/><V74/><F74/><W47/><G101/><T127/><D73/><U1/><E1/><V56/><F45/><W10/><G104/><T5/><D127/><U14/><E14/><V33/><F33/><W111/><G10/><T11/><D23/><N who="3" m="8713" /><G88/><T114/><D114/><U112/><E112/><V52/><F66/><W41/><G54/><T83/><D11/><N who="1" m="4351" /><E63/><AGARI ba="2,0" hai="37,43,44,52,53,56,57,61,63,81,85,91,113,115" machi="63" ten="30,3900,0" yaku="7,1,9,1,54,1" doraHai="120" who="2" fromWho="1" sc="451,0,189,-45,230,45,130,0" /><INIT seed="1,0,0,2,5,112" ten="451,144,275,130" oya="1" hai0="134,21,75,106,55,46,47,125,104,70,133,80,118" hai1="53,127,29,44,96,74,123,1,114,128,5,119,110" hai2="67,25,76,15,60,56,9,41,22,32,135,49,48" hai3="97,12,130,52,79,99,33,93,24,115,82,77,98"/><U38/><RYUUKYOKU type="yao9" ba="0,0" sc="451,0,144,0,275,0,130,0" hai1="1,5,29,38,44,53,74,96,110,114,119,123,127,128" /><INIT seed="1,1,0,3,2,66" ten="451,144,275,130" oya="1" hai0="0,27,42,122,98,58,114,128,83,125,121,32,11" hai1="46,88,113,79,76,35,19,116,107,109,80,17,84" hai2="112,55,16,96,117,133,134,53,24,13,93,71,25" hai3="64,73,90,82,102,99,81,92,94,63,45,48,28"/><U70/><E116/><V7/><F117/><W130/><G73/><T110/><D114/><U3/><E113/><V103/><F112/><W34/><G130/><T108/><D42/><U18/><E3/><V120/><F120/><W135/><G135/><N who="2" m="51721" /><F7/><W89/><G28/><T51/><D51/><U101/><E35/><V69/><F55/><W72/><G34/><T124/><D58/><U59/><E70/><N who="2" m="26635" /><F53/><W104/><G72/><T75/><D75/><U77/><E109/><V41/><F41/><W6/><G6/><T54/><D54/><U12/><E59/><V5/><F5/><W91/><G63/><T123/><D110/><U49/><E107/><V118/><F118/><W129/><G64/><T105/><D108/><U39/><E101/><V43/><F43/><W47/><G48/><T56/><D121/><U10/><REACH who="1" step="1"/><E39/><REACH who="1" ten="451,134,275,130" step="2"/><V68/><F68/><W20/><G129/><T86/><D128/><U87/><E87/><V29/><F29/><W26/><G26/><T111/><D111/><U132/><E132/><V127/><F127/><W38/><G38/><T44/><D27/><U31/><E31/><V37/><F37/><W1/><G1/><T97/><D124/><U57/><E57/><V61/><F61/><W85/><G45/><T115/><D125/><U65/><E65/><V78/><F78/><W52/><G47/><T131/><D44/><U100/><E100/><V21/><AGARI ba="1,1" hai="13,16,21,24,25,93,96,103" m="26635,51721" machi="21" ten="30,8000,1" yaku="20,1,52,3,54,1" doraHai="66" who="2" fromWho="2" sc="451,-21,134,-41,275,93,130,-21" /><INIT seed="2,0,0,0,0,109" ten="430,93,368,109" oya="2" hai0="108,19,34,21,25,111,105,104,82,8,114,58,62" hai1="122,4,131,100,79,101,16,67,124,48,14,117,83" hai2="9,84,27,75,45,76,3,54,47,123,95,51,119" hai3="89,73,99,78,31,52,44,22,43,92,40,12,37"/><V97/><F119/><W24/><G78/><T20/><D34/><U18/><E117/><V66/><F123/><W26/><G73/><T87/><D20/><U39/><E122/><V7/><F75/><W71/><G71/><T68/><D68/><U110/><E110/><N who="0" m="42025" /><D8/><N who="1" m="4359" /><E124/><V46/><F66/><W36/><G12/><T33/><D33/><U121/><E131/><V98/><F98/><W72/><G72/><T74/><D74/><U17/><E121/><V118/><F118/><W0/><G0/><T88/><D114/><U15/><E39/><V55/><F27/><W5/><G5/><T85/><D85/><N who="1" m="48383" /><E67/><AGARI ba="0,0" hai="19,21,25,58,62,67,82,87,88,104,105" m="42025" machi="67" ten="30,2000,0" yaku="14,1,54,1" doraHai="109" who="0" fromWho="1" sc="430,20,93,-20,368,0,109,0" /><INIT seed="3,0,0,4,2,44" ten="450,73,368,109" oya="3" hai0="20,70,98,29,15,110,23,17,97,25,2,52,78" hai1="66,0,22,59,117,57,47,16,121,5,3,42,33" hai2="92,72,7,67,135,53,55,32,40,80,103,131,79" hai3="38,69,1,19,75,58,120,89,50,13,87,91,106"/><W93/><G106/><T35/><D70/><U113/><E121/><V56/><F131/><W90/><G75/><T51/><D110/><U127/><E113/><V118/><F135/><W28/><G69/><T10/><D78/><U11/><E127/><V73/><F118/><W96/><G38/><T84/><D84/><U95/><E117/><V76/><F32/><W12/><G1/><T48/><D48/><U134/><E134/><V18/><F40/><W46/><G120/><T49/><D49/><N who="1" m="26871" /><E0/><V41/><F41/><N who="3" m="24911" /><G28/><T104/><D104/><U39/><E39/><V112/><F7/><W116/><G116/><T105/><D105/><U36/><E36/><V65/><F112/><W9/><G58/><N who="1" m="22026" /><E33/><V86/><F18/><N who="3" m="8463" /><G96/><T132/><D132/><U130/><E130/><V21/><F21/><AGARI ba="0,0" hai="13,19,21,87,89,90,91,93" m="8463,24911" machi="21" ten="30,2900,0" yaku="8,1,52,1" doraHai="44" who="3" fromWho="2" sc="450,0,73,0,368,-29,109,29" /><INIT seed="3,1,0,1,4,87" ten="450,73,339,138" oya="3" hai0="0,33,75,113,85,86,97,40,43,118,13,28,72" hai1="67,5,99,12,103,15,133,119,128,117,121,127,48" hai2="11,79,1,135,95,38,29,76,116,66,96,21,49" hai3="3,71,102,16,64,8,104,44,114,77,80,101,56"/><W50/><G114/><T55/><D0/><U58/><E121/><V83/><F116/><N who="1" m="44617" /><E127/><V47/><F38/><W123/><G71/><T73/><D118/><U74/><E133/><V41/><F135/><W39/><G39/><T24/><D113/><U126/><E126/><V134/><F134/><W7/><G123/><T131/><D131/><U63/><E128/><V37/><F66/><W120/><G104/><T30/><D97/><U20/><E74/><V57/><F57/><W65/><G120/><T69/><D69/><U45/><E20/><V36/><F76/><W122/><G122/><T78/><D78/><U91/><E5/><V82/><F82/><W61/><G65/><T107/><D107/><N who="1" m="63999" /><E91/><V70/><F70/><W17/><G101/><T9/><D85/><U53/><AGARI ba="1,0" hai="12,15,45,48,53,58,63,67" m="63999,44617" machi="53" ten="30,1100,0" yaku="12,1" doraHai="87" who="1" fromWho="1" sc="450,-4,73,14,339,-4,138,-6" /><INIT seed="4,0,0,2,1,65" ten="446,87,335,132" oya="0" hai0="34,91,124,93,28,58,15,49,125,108,92,35,24" hai1="77,44,13,97,90,109,82,115,54,0,5,134,120" hai2="72,110,53,6,57,114,127,47,29,32,30,25,95" hai3="59,106,10,118,104,102,129,100,130,36,80,135,17"/><T105/><D105/><U51/><E120/><V67/><F110/><W26/><G36/><T43/><D108/><U40/><E109/><V60/><F127/><W4/><G118/><T66/><D35/><U78/><E134/><V63/><F114/><W88/><G135/><T74/><D74/><U113/><E115/><V89/><F72/><W76/><G59/><T111/><D111/><U19/><E113/><V79/><F6/><W83/><G17/><T14/><D93/><U52/><E0/><V128/><F128/><N who="3" m="49259" /><G26/><T122/><D122/><U99/><E5/><V132/><F132/><W27/><G27/><T23/><D34/><U61/><E77/><V98/><F79/><W46/><G46/><T68/><D15/><U7/><E90/><V126/><F126/><N who="0" m="48746" /><D14/><U94/><E94/><V131/><F131/><W50/><G50/><T56/><D49/><U75/><E7/><V48/><F30/><W18/><G18/><T133/><D43/><U12/><E12/><V31/><F31/><W1/><G1/><T16/><D28/><U103/><E61/><V2/><F2/><W38/><G38/><T55/><D55/><U42/><E42/><V22/><F32/><W81/><G10/><T3/><D3/><U84/><E75/><V64/><F63/><W20/><G20/><T86/><D133/><U9/><E103/><N who="3" m="39466" /><G4/><T96/><D96/><AGARI ba="0,0" hai="9,13,19,40,44,51,52,54,78,82,84,96,97,99" machi="96" ten="40,2600,0" yaku="8,1,54,1" doraHai="65" who="1" fromWho="0" sc="446,-26,87,26,335,0,132,0" /><INIT seed="5,0,0,1,1,28" ten="420,113,335,132" oya="1" hai0="63,111,123,102,42,47,26,38,126,120,76,18,57" hai1="104,81,27,100,133,58,99,20,132,55,113,80,24" hai2="4,114,34,23,75,74,10,95,89,117,3,124,5" hai3="97,71,40,127,48,128,94,70,45,82,6,44,64"/><U115/><E27/><V130/><F117/><W22/><G128/><T39/><D111/><U108/><E108/><V53/><F130/><W59/><G127/><T112/><D126/><U83/><E24/><V66/><F124/><W67/><G6/><T14/><D112/><N who="1" m="43083" /><E20/><V56/><F114/><W50/><G22/><T41/><D26/><U92/><E55/><V110/><F110/><W88/><G82/><N who="1" m="20994" /><U73/><DORA hai="36" /><E58/><V119/><F119/><W60/><REACH who="3" step="1"/><G67/><REACH who="3" ten="420,113,335,122" step="2"/><T134/><D76/><U54/><E54/><AGARI ba="0,1" hai="40,44,45,48,50,54,59,60,64,70,71,88,94,97" machi="54" ten="30,12000,2" yaku="1,1,2,1,7,1,52,1,54,1,53,2" doraHai="28,36" doraHaiUra="65,8" who="3" fromWho="1" sc="420,0,113,-120,335,0,122,130" owari="420,52.0,-7,-51.0,335,14.0,252,-15.0" /></mjloggm>