<mjloggm ver="2.3"><GO type="97" lobby="0"/><UN n0="%E3%82%8D%E3%81%98%E3%81%8B%E3%81%B6" n1="%63%61%63%61%6F" n2="%E3%82%A6%E3%83%AB%E3%83%88%E3%83%A9%E7%AB%8B%E7%9B%B4" n3="%E3%82%B4%E3%83%B3%E3%82%B4%E3%83%B3%EF%BD%9E" dan="13,14,15,14" rate="1809.98,1898.68,2000.27,1939.33" sx="M,M,M,M"/><TAIKYOKU oya="0"/><INIT seed="0,0,0,5,3,65" ten="250,250,250,250" oya="0" hai0="63,97,93,16,58,68,22,90,106,28,24,72,115" hai1="9,31,49,62,108,92,27,127,12,86,88,133,126" hai2="37,34,64,85,135,35,32,56,134,129,66,25,123" hai3="39,100,73,84,130,112,18,43,2,131,104,77,47"/><T55/><D115/><U54/><E133/><N who="2" m="50699" /><F37/><W122/><G122/><T99/><D72/><U1/><E1/><V81/><F123/><W41/><G2/><T38/><D38/><U111/><E62/><V0/><F0/><W8/><G73/><T87/><D28/><U119/><E119/><V46/><F46/><W61/><G43/><T23/><D23/><U102/><E102/><V83/><F129/><W21/><G8/><T44/><D44/><U101/><E101/><V13/><F13/><W59/><G100/><N who="0" m="62735" /><D87/><U30/><E27/><V71/><F56/><W5/><G5/><T53/><D53/><U103/><E103/><V7/><F7/><W110/><G104/><T96/><D96/><U132/><E132/><V6/><F6/><W36/><G112/><T10/><D10/><U14/><E14/><V69/><F25/><W19/><G39/><T78/><D78/><U118/><E118/><V95/><F95/><W60/><G131/><T109/><D109/><N who="1" m="42059" /><E12/><V40/><F40/><W17/><G110/><T76/><D76/><U50/><E9/><V117/><F117/><W94/><G130/><T20/><D20/><U121/><E121/><V48/><F48/><N who="1" m="18537" /><E54/><V124/><F34/><W75/><G36/><T91/><D91/><U26/><E31/><V114/><F32/><AGARI ba="0,0" hai="26,30,32,86,88,92,126,127" m="18537,42059" machi="32" ten="30,2000,0" yaku="14,1,54,1" doraHai="65" who="1" fromWho="2" sc="250,0,250,20,250,-20,250,0" /><INIT seed="1,0,0,5,4,52" ten="250,270,230,250" oya="1" hai0="31,86,127,109,130,129,30,8,22,67,78,63,41" hai1="6,14,98,103,39,53,54,27,16,47,105,102,89" hai2="90,55,45,79,50,120,82,91,122,15,74,44,10" hai3="20,77,126,124,2,84,116,113,123,110,134,65,100"/><U133/><E133/><V119/><F119/><W60/><G2/><T125/><D109/><U57/><E39/><V75/><F75/><W21/><G123/><T66/><D41/><U118/><E118/><V121/><REACH who="2" step="1"/><F44/><REACH who="2" ten="250,270,220,250" step="2"/><W80/><G116/><T49/><D127/><U81/><E47/><V35/><F35/><W13/><G134/><T108/><D125/><U0/><E0/><V99/><F99/><W46/><G124/><T33/><D108/><U62/><E6/><AGARI ba="0,1" hai="6,10,15,45,50,55,74,79,82,90,91,120,121,122" machi="6" ten="40,2600,0" yaku="1,1,53,1" doraHai="52" doraHaiUra="5" who="2" fromWho="1" sc="250,0,270,-26,220,36,250,0" /><INIT seed="2,0,0,1,3,42" ten="250,244,256,250" oya="2" hai0="77,95,78,130,96,21,29,94,86,113,53,87,108" hai1="128,41,102,13,99,48,111,11,69,9,122,106,24" hai2="91,47,34,58,37,18,101,131,121,30,92,103,52" hai3="39,129,38,62,97,51,117,79,123,31,116,19,80"/><V98/><F121/><W64/><G123/><T2/><D2/><U133/><E69/><V45/><F37/><W27/><G129/><T25/><D130/><U89/><E128/><V90/><F30/><W8/><G51/><T132/><D113/><U6/><E122/><V107/><F34/><W82/><G82/><T104/><D104/><U119/><E119/><V118/><F118/><W59/><G19/><T56/><D108/><U46/><E133/><V35/><F35/><W127/><G127/><T114/><D114/><U67/><E67/><V28/><F28/><W93/><G8/><T61/><D132/><U120/><E120/><V49/><F131/><W57/><G57/><T84/><REACH who="0" step="1"/><D94/><REACH who="0" ten="240,244,256,250" step="2"/><U1/><E111/><V50/><F107/><W36/><G117/><T125/><D125/><U23/><E1/><V63/><F92/><W100/><G116/><T71/><D71/><U109/><E109/><V12/><F98/><W54/><G80/><T33/><D33/><U75/><E75/><V43/><F101/><AGARI ba="0,1" hai="21,25,29,53,56,61,77,78,84,86,87,95,96,101" machi="101" ten="40,2600,0" yaku="1,1,8,1,53,0" doraHai="42" doraHaiUra="134" who="0" fromWho="2" sc="240,36,244,0,256,-26,250,0" /><INIT seed="3,0,0,3,1,6" ten="276,244,230,250" oya="3" hai0="55,64,29,19,95,86,94,134,31,92,0,61,57" hai1="133,72,102,36,83,96,90,53,58,49,129,2,113" hai2="105,26,98,68,103,63,15,41,110,89,56,66,50" hai3="100,109,71,62,135,121,44,79,3,77,74,37,123"/><W67/><G79/><T13/><D0/><U111/><E2/><V69/><F110/><W1/><G135/><T80/><D134/><U132/><E111/><V4/><F89/><W43/><G109/><T46/><D46/><U54/><E36/><V11/><F41/><W65/><G65/><T75/><D75/><U52/><E113/><V108/><F108/><W125/><G125/><T33/><D33/><U130/><E72/><V117/><F117/><W126/><G126/><T93/><N who="0" m="24064" /><DORA hai="101" /><T47/><D64/><U51/><E83/><V87/><F87/><W25/><G25/><T5/><D5/><U97/><E90/><V124/><F124/><W45/><G45/><T104/><D104/><U131/><E102/><V60/><F50/><N who="1" m="18953" /><E58/><V14/><F63/><W12/><G12/><T116/><D47/><U7/><E7/><V17/><REACH who="2" step="1"/><F26/><REACH who="2" ten="276,244,220,250" step="2"/><W81/><G123/><T119/><D116/><U114/><E114/><V34/><F34/><W59/><G121/><T85/><D119/><U99/><AGARI ba="0,1" hai="52,53,54,96,97,99,129,130,131,132,133" m="18953" machi="99" ten="50,12000,2" yaku="29,2,28,2,19,1,54,1" doraHai="6,101" who="1" fromWho="1" sc="276,-30,244,130,220,-30,250,-60" owari="246,5.0,374,47.0,190,-21.0,190,-31.0" /></mjloggm>