<mjloggm ver="2.3"><GO type="169" lobby="0"/><UN n0="%7A%65%72%6F%52%58" n1="%50%6F%6E%74%61" n2="%E3%81%84%E3%81%97%E3%81%97%E3%82%93%49%44%E7%B4%9B%E5%A4%B1" n3="%EF%BC%88%E2%89%A7%E2%96%BD%E2%89%A6%EF%BC%89" dan="16,17,17,19" rate="2080.11,2168.71,2209.55,2308.19" sx="M,M,M,M"/><TAIKYOKU oya="0"/><INIT seed="0,0,0,5,1,98" ten="250,250,250,250" oya="0" hai0="32,29,114,95,119,6,52,118,81,10,74,108,5" hai1="4,130,68,14,79,109,97,64,16,102,24,8,111" hai2="124,35,40,41,105,0,91,96,27,107,15,20,13" hai3="65,37,62,135,42,123,90,39,66,113,73,25,85"/><T34/><D114/><U117/><E117/><V104/><F0/><W134/><G73/><T48/><D108/><N who="1" m="41547" /><E130/><V7/><F35/><W129/><G123/><T3/><D5/><U77/><E64/><V72/><F72/><W30/><G113/><T56/><D95/><N who="1" m="58687" /><E68/><V116/><F116/><W122/><G66/><T120/><D120/><U80/><E80/><V12/><F7/><W115/><G115/><T121/><D121/><U33/><E33/><V88/><F124/><W51/><G129/><T103/><D103/><U106/><E106/><V83/><F83/><N who="3" m="49471" /><G122/><T2/><D2/><N who="1" m="23" /><E24/><V19/><REACH who="2" step="1"/><F96/><REACH who="2" ten="250,250,240,250" step="2"/><W17/><G134/><T60/><D119/><U57/><E57/><V31/><F31/><W87/><G30/><T128/><D118/><U49/><E49/><V131/><F131/><W75/><G51/><T71/><D29/><U58/><E58/><V70/><F70/><W55/><G135/><T21/><D128/><U11/><AGARI ba="0,1" hai="11,14,16,77,79" m="23,58687,41547" machi="11" ten="30,4000,0" yaku="14,1,52,1,54,1" doraHai="98" who="1" fromWho="1" sc="250,-20,250,50,240,-10,250,-10" /><INIT seed="1,0,0,1,4,114" ten="230,300,230,240" oya="1" hai0="105,60,119,85,100,22,28,90,86,74,14,97,46" hai1="47,132,99,58,39,83,27,12,134,113,65,53,98" hai2="111,118,103,33,10,21,0,81,38,96,17,30,122" hai3="1,95,109,124,112,108,59,115,9,40,62,128,41"/><U123/><E113/><N who="3" m="43594" /><G1/><T11/><D74/><U31/><E123/><V133/><F38/><W68/><G9/><T2/><D2/><U80/><E65/><V92/><F122/><W75/><G75/><T84/><D60/><U35/><E12/><V49/><F133/><N who="1" m="51305" /><E83/><V77/><F33/><W54/><G95/><T57/><D57/><U71/><E71/><V44/><F30/><W131/><G68/><T79/><D79/><U34/><E34/><V56/><F56/><W8/><G8/><T52/><D28/><U121/><E80/><V55/><F81/><W89/><G89/><T107/><D22/><U129/><E121/><V110/><F21/><W87/><G87/><T72/><D72/><U26/><E26/><V42/><F77/><W48/><G124/><T61/><D107/><U106/><E106/><V51/><F0/><W16/><G16/><T117/><D90/><U93/><E93/><V25/><F10/><W18/><G18/><T23/><D23/><U15/><E15/><V120/><F120/><W32/><G32/><T82/><D82/><U19/><E19/><V69/><F69/><W13/><G13/><T66/><D66/><U4/><E4/><V78/><F17/><W29/><G29/><T73/><D73/><U116/><E31/><V70/><F70/><W125/><G125/><T45/><D14/><U63/><E35/><V88/><F78/><W94/><G94/><T130/><D11/><U126/><E27/><V76/><F76/><W127/><G127/><T50/><D105/><U20/><E126/><V104/><F104/><W67/><G67/><RYUUKYOKU ba="0,0" sc="230,0,300,0,230,0,240,0" /><INIT seed="2,1,0,3,1,72" ten="230,300,230,240" oya="2" hai0="110,59,120,48,43,9,118,62,65,13,22,63,67" hai1="109,31,132,73,23,90,35,55,16,108,41,10,26" hai2="75,89,133,45,92,107,0,122,116,2,11,28,112" hai3="95,96,21,131,56,69,91,78,79,44,66,99,102"/><V40/><F122/><W5/><G69/><T46/><D120/><U68/><E132/><V24/><F116/><W49/><G131/><T97/><D110/><N who="1" m="42603" /><E10/><V70/><F70/><W103/><G5/><T20/><D118/><U125/><E125/><V17/><F112/><W114/><G114/><T18/><REACH who="0" step="1"/><D97/><REACH who="0" ten="220,300,230,240" step="2"/><U80/><E68/><AGARI ba="1,1" hai="9,13,18,20,22,43,46,48,59,62,63,65,67,68" machi="68" ten="30,3900,0" yaku="1,1,2,1,7,1,53,0" doraHai="72" doraHaiUra="3" who="0" fromWho="1" sc="220,52,300,-42,230,0,240,0" /><INIT seed="3,0,0,3,0,14" ten="272,258,230,240" oya="3" hai0="9,8,3,111,52,92,74,28,115,93,11,59,85" hai1="68,113,77,134,20,63,110,56,39,121,79,88,12" hai2="109,6,24,108,91,98,23,80,21,22,125,60,70" hai3="104,82,53,48,61,67,26,127,101,35,97,66,51"/><W30/><G127/><T124/><D74/><U57/><E121/><V122/><F125/><W32/><G32/><T126/><D111/><N who="2" m="42570" /><F122/><W37/><G37/><T34/><D3/><U123/><E110/><V119/><F119/><W129/><G129/><T31/><D115/><U131/><E123/><V96/><F6/><W84/><G53/><T78/><D126/><U120/><E113/><V89/><F24/><W47/><G67/><T36/><D36/><U0/><E120/><V17/><F17/><W54/><G54/><T65/><D65/><U130/><E0/><V103/><F80/><W16/><G47/><T19/><D34/><U42/><E134/><V106/><F98/><W15/><G84/><T25/><D124/><U133/><E133/><V73/><F73/><W10/><REACH who="3" step="1"/><G82/><REACH who="3" ten="272,258,230,230" step="2"/><T114/><D114/><U90/><E130/><V49/><F49/><W102/><G102/><T46/><D46/><U132/><E131/><V112/><F112/><W107/><G107/><T116/><D85/><U5/><E132/><V71/><F60/><W72/><G72/><T135/><D135/><U40/><E39/><V117/><F117/><W105/><G105/><T13/><D116/><U64/><E63/><V75/><F75/><W87/><G87/><T95/><D52/><U1/><E64/><V58/><F58/><AGARI ba="0,1" hai="10,15,16,26,30,35,48,51,58,61,66,97,101,104" machi="58" ten="30,11600,0" yaku="1,1,7,1,52,1,54,1,53,0" doraHai="14" doraHaiUra="50" who="3" fromWho="2" sc="272,0,258,0,230,-116,230,126" /><INIT seed="3,1,0,0,5,12" ten="272,258,114,356" oya="3" hai0="70,91,10,86,42,94,114,81,71,3,115,19,32" hai1="72,38,33,119,78,67,88,25,60,132,40,101,29" hai2="39,117,59,28,123,18,0,43,45,76,109,31,95" hai3="74,126,97,121,125,17,135,124,103,61,111,129,116"/><W6/><G121/><T8/><D32/><U27/><E132/><V41/><F117/><W83/><G116/><T122/><D122/><U66/><E119/><V16/><F0/><W21/><G6/><N who="0" m="1119" /><D42/><U134/><E134/><V100/><F123/><W47/><G135/><T89/><D10/><U130/><E130/><V102/><F76/><N who="3" m="44439" /><G47/><T110/><D110/><U30/><E101/><V96/><F109/><W68/><G129/><T62/><D62/><U73/><E67/><V36/><F59/><W50/><G50/><T26/><D26/><U63/><E63/><V118/><F118/><W131/><G131/><T64/><D64/><U87/><E78/><V98/><REACH who="2" step="1"/><F95/><REACH who="2" ten="272,258,104,356" step="2"/><N who="3" m="58815" /><G111/><T105/><D71/><U24/><E30/><V5/><F5/><W13/><G61/><T46/><D70/><AGARI ba="1,1" hai="13,17,21,68,70,124,125,126" m="58815,44439" machi="70" ten="30,2900,0" yaku="18,1,52,1" doraHai="12" who="3" fromWho="0" sc="272,-32,258,0,104,0,356,42" /><INIT seed="3,2,0,5,5,97" ten="240,258,104,398" oya="3" hai0="6,119,67,80,84,109,77,60,75,135,79,46,55" hai1="102,117,90,95,64,96,73,7,38,87,49,35,50" hai2="51,23,127,68,47,93,121,32,112,36,18,86,115" hai3="54,12,20,13,113,45,57,41,110,8,52,2,58"/><W53/><G113/><T100/><D119/><U61/><E117/><V19/><F32/><W123/><G123/><T94/><D109/><U26/><E38/><V37/><F68/><W27/><G2/><T71/><D135/><U88/><E73/><V74/><F74/><W15/><G8/><T29/><D6/><U76/><E76/><V59/><F59/><W0/><G0/><T98/><D29/><N who="1" m="19895" /><E7/><V11/><F37/><W5/><G5/><T131/><D131/><U66/><E90/><V30/><F36/><W40/><G110/><T134/><D134/><U116/><E66/><V1/><F30/><W48/><REACH who="3" step="1"/><G41/><REACH who="3" ten="240,258,104,388" step="2"/><T39/><D75/><U4/><E4/><V101/><F121/><W125/><G125/><T118/><D118/><U31/><E116/><V56/><F127/><W62/><G62/><T69/><D60/><U10/><E10/><V89/><F115/><W81/><G81/><T34/><D80/><U17/><E61/><V42/><F112/><W43/><G43/><T63/><D63/><U103/><E64/><V106/><F1/><W44/><G44/><T21/><D46/><U82/><E82/><V24/><F56/><W111/><G111/><T129/><D67/><U107/><E50/><V85/><F11/><W122/><G122/><T83/><D83/><U14/><E49/><V72/><F51/><W126/><G126/><T65/><D65/><U128/><E128/><V108/><F108/><W120/><G120/><T25/><D129/><U3/><E3/><V91/><F47/><W124/><G124/><T16/><D39/><U132/><E132/><RYUUKYOKU ba="2,1" sc="240,-10,258,-10,104,-10,388,30" hai3="12,13,15,20,27,40,45,48,52,53,54,57,58" /><INIT seed="3,3,1,2,4,55" ten="230,248,94,418" oya="3" hai0="92,9,22,17,86,51,54,125,19,62,135,97,4" hai1="103,98,16,88,42,11,85,109,48,43,21,40,56" hai2="131,132,39,104,94,46,130,106,124,15,93,60,126" hai3="107,20,44,108,41,1,57,10,61,81,3,52,91"/><W114/><G107/><N who="2" m="41001" /><F15/><W73/><G114/><T32/><D135/><U101/><E11/><V58/><F46/><W122/><G122/><T14/><D32/><U87/><E109/><V84/><F39/><W76/><G108/><T5/><D125/><N who="2" m="48234" /><F84/><W96/><G20/><T33/><D86/><U65/><E98/><V79/><F79/><W118/><G10/><T129/><D62/><N who="1" m="38087" /><E48/><V29/><F29/><W134/><G134/><T8/><D129/><N who="2" m="49162" /><F132/><W120/><G1/><T63/><D33/><U121/><E87/><V113/><F113/><W71/><G3/><T117/><D63/><U111/><E111/><V66/><AGARI ba="3,1" hai="58,60,66,93,94" m="49162,48234,41001" machi="66" ten="40,5200,0" yaku="18,1,19,1,52,1" doraHai="55" who="2" fromWho="2" sc="230,-16,248,-16,94,71,418,-29" /><INIT seed="4,0,0,3,2,113" ten="214,232,165,389" oya="0" hai0="4,99,72,12,118,93,39,85,90,114,23,10,135" hai1="67,9,55,116,15,2,34,26,66,11,32,94,81" hai2="36,119,111,48,83,82,31,64,52,40,0,130,123" hai3="69,51,110,129,80,44,57,65,45,43,103,120,13"/><T88/><D118/><U19/><E116/><V100/><F119/><W71/><G110/><T14/><D72/><U38/><E38/><V17/><F100/><W41/><G103/><T86/><D114/><U22/><E94/><V25/><F0/><W54/><G80/><T117/><D117/><U58/><E81/><V61/><F17/><W28/><G28/><T16/><D39/><U133/><E133/><V96/><F96/><W112/><G13/><T125/><D125/><U91/><E91/><V5/><F5/><W102/><G102/><T92/><D135/><U134/><E134/><V37/><F37/><N who="3" m="21551" /><G112/><T128/><D128/><U63/><E9/><V21/><F123/><W108/><G108/><T1/><D1/><U46/><E46/><N who="2" m="23815" /><F130/><W7/><G7/><T68/><D68/><N who="3" m="26185" /><G120/><T20/><D23/><U109/><E109/><V76/><F111/><W8/><G8/><T74/><D74/><U127/><E2/><V62/><F76/><W3/><G3/><T60/><D60/><U77/><E77/><V98/><F62/><N who="3" m="38095" /><G129/><T42/><D42/><AGARI ba="0,0" hai="42,43,45,51,54" m="38095,26185,21551" machi="42" ten="30,8000,1" yaku="35,5" doraHai="113" who="3" fromWho="0" sc="214,-80,232,0,165,0,389,80" /><INIT seed="5,0,0,2,1,15" ten="134,232,165,469" oya="1" hai0="3,23,33,101,47,10,49,133,26,96,116,129,54" hai1="79,84,107,27,125,32,81,6,72,5,91,11,114" hai2="77,80,13,4,76,71,124,85,69,90,122,92,127" hai3="36,38,53,18,65,105,123,46,1,56,64,121,48"/><U118/><E118/><V0/><F0/><W35/><G105/><T120/><D116/><U86/><E125/><N who="2" m="48203" /><F122/><W132/><G35/><T31/><D120/><U40/><E114/><V20/><F4/><W104/><G104/><T99/><D133/><U128/><E128/><V103/><F103/><W19/><G1/><T2/><D129/><U102/><E40/><V63/><F63/><W21/><G132/><T8/><D33/><U25/><E84/><N who="2" m="52295" /><F76/><W44/><G53/><T135/><D135/><U82/><E32/><V34/><F34/><W74/><G48/><T97/><D2/><U52/><E6/><V41/><F41/><W119/><G119/><T134/><D134/><U50/><E102/><V112/><F112/><W42/><G42/><T131/><D131/><U39/><E39/><V75/><F75/><W12/><G74/><T24/><D3/><U30/><E107/><V62/><F62/><W68/><G36/><T14/><D26/><U55/><E30/><V22/><F13/><W110/><G12/><T83/><D83/><U126/><E126/><V115/><F115/><W108/><G38/><T45/><D45/><U43/><E43/><V111/><F111/><W61/><G61/><T70/><D70/><AGARI ba="0,0" hai="20,22,69,70,71,77,80,85" m="52295,48203" machi="70" ten="30,1000,0" yaku="18,1" doraHai="15" who="2" fromWho="0" sc="134,-10,232,0,165,10,469,0" /><INIT seed="6,0,0,1,5,125" ten="124,232,175,469" oya="2" hai0="6,79,94,47,45,66,115,85,18,56,124,92,44" hai1="128,61,10,29,63,57,71,73,99,32,129,135,118" hai2="108,112,111,90,28,40,89,58,88,98,65,96,130" hai3="59,2,12,131,22,19,41,54,62,82,93,78,14"/><V114/><F40/><W52/><G2/><T36/><D36/><U122/><E118/><V123/><F123/><W0/><G0/><T127/><D6/><U24/><E122/><V86/><F28/><W46/><G93/><N who="0" m="35947" /><D79/><U70/><E135/><V17/><F86/><W117/><G14/><T64/><D85/><U107/><E73/><V113/><F130/><N who="1" m="50281" /><E10/><V95/><F17/><W100/><G19/><T49/><D18/><U120/><E120/><V121/><F121/><W42/><G117/><T26/><D26/><U119/><E119/><V67/><F58/><W87/><G59/><T11/><D11/><U27/><E24/><V37/><F37/><W16/><G87/><T116/><D116/><U48/><E48/><V53/><F53/><W68/><G52/><N who="0" m="31759" /><D115/><U20/><E32/><V104/><F104/><W84/><G84/><T1/><D1/><U5/><E5/><V50/><F50/><W39/><G39/><T3/><D3/><U13/><E13/><V34/><F34/><W72/><G12/><T7/><D7/><U126/><E126/><AGARI ba="0,0" hai="44,45,47,64,66,124,126,127" m="31759,35947" machi="126" ten="30,2000,0" yaku="18,1,54,1" doraHai="125" who="0" fromWho="1" sc="124,20,232,-20,175,0,469,0" /><INIT seed="7,0,0,5,3,106" ten="144,212,175,469" oya="3" hai0="87,93,43,119,99,9,73,12,94,134,121,46,96" hai1="4,1,10,125,27,105,120,41,29,20,84,110,58" hai2="97,15,131,26,0,67,19,72,34,86,17,92,21" hai3="6,75,23,117,104,95,36,90,11,88,42,2,7"/><W114/><G90/><T60/><D119/><U74/><E110/><V59/><F0/><W53/><G7/><T49/><D121/><U112/><E120/><V132/><F72/><W107/><G53/><T113/><D134/><U45/><E74/><V130/><F132/><W30/><G30/><T65/><D113/><U24/><E105/><V118/><F118/><W122/><G23/><T16/><D73/><U50/><E125/><V47/><F86/><W5/><G5/><T108/><D108/><U123/><E112/><V79/><F79/><W102/><G102/><T39/><D39/><U82/><E58/><V80/><F80/><W51/><G51/><T76/><D94/><U81/><E123/><V61/><F47/><W3/><G3/><T91/><REACH who="0" step="1"/><D76/><REACH who="0" ten="134,212,175,469" step="2"/><U129/><E81/><V115/><F115/><W101/><G114/><T55/><D55/><U85/><E82/><V8/><F34/><W100/><G75/><T89/><D89/><U31/><E129/><V77/><F77/><W127/><G122/><T62/><D62/><U98/><E98/><V38/><F38/><W28/><G36/><T126/><D126/><U18/><E85/><V133/><F133/><W64/><G127/><T44/><D44/><U54/><E84/><V66/><F66/><W63/><G64/><T14/><D14/><U33/><E54/><V109/><F109/><W111/><G111/><T103/><D103/><U70/><E45/><V52/><F67/><W68/><G100/><T22/><D22/><U25/><E20/><V69/><F21/><W83/><G101/><T57/><AGARI ba="0,1" hai="9,12,16,43,46,49,57,60,65,87,91,93,96,99" machi="57" ten="20,12000,2" yaku="1,1,5,1,0,1,7,1,8,1,54,1,53,1" doraHai="106" doraHaiUra="37" who="0" fromWho="0" sc="134,130,212,-30,175,-30,469,-60" owari="264,6.0,182,-22.0,145,-35.0,409,51.0" /></mjloggm>