<mjloggm ver="2.3"><GO type="41" lobby="0"/><UN n0="%E3%83%9E%E3%82%B8%E3%82%AA" n1="%E6%B0%97%E5%90%88%E9%99%8D%E3%82%8A%E3%81%8F%E3%82%93" n2="%6D%6D%74%77%7A%73%69" n3="%E3%82%A6%E3%83%AB%E3%83%88%E3%83%A9%E7%AB%8B%E7%9B%B4" dan="14,15,13,16" rate="1887.45,2074.79,1807.87,2068.95" sx="M,M,M,M"/><TAIKYOKU oya="0"/><INIT seed="0,0,0,1,3,33" ten="250,250,250,250" oya="0" hai0="22,27,37,101,86,45,132,31,23,110,111,32,84" hai1="108,81,49,102,12,93,125,50,124,133,21,18,36" hai2="14,16,98,90,11,25,70,28,113,47,107,100,64" hai3="74,65,44,67,69,116,91,104,103,80,117,115,0"/><T135/><D101/><U66/><E36/><V87/><F113/><W7/><G91/><T92/><D37/><U99/><E108/><N who="0" m="41513" /><D45/><U24/><E133/><N who="0" m="51273" /><D92/><U106/><E66/><V122/><F122/><W59/><G67/><T73/><D73/><U41/><E81/><V3/><F47/><W123/><G65/><T88/><D88/><U71/><E41/><V39/><F39/><W128/><G44/><T1/><D1/><U118/><E71/><V78/><F70/><W112/><G69/><T10/><D10/><U61/><E118/><V72/><F64/><W51/><G0/><T134/><N who="0" m="51281" /><T30/><DORA hai="54" /><D30/><U97/><E124/><V48/><F3/><W4/><G74/><T35/><D22/><U83/><E125/><V120/><F72/><W127/><G127/><T96/><D96/><U57/><E83/><V8/><F8/><W26/><G80/><T131/><D131/><U17/><E97/><V63/><F90/><W13/><G103/><T5/><D5/><U79/><E93/><V89/><F89/><W53/><G7/><T20/><D20/><U42/><E42/><V68/><F98/><W130/><G4/><T9/><D9/><U126/><E126/><V121/><F11/><W29/><G130/><T85/><AGARI ba="0,0" hai="23,27,31,32,35,84,85,86" m="51281,41513" machi="85" ten="50,9600,0" yaku="14,1,10,1,20,1" doraHai="33,54" who="0" fromWho="0" sc="250,96,250,-32,250,-32,250,-32" /><INIT seed="0,1,0,4,0,43" ten="346,218,218,218" oya="0" hai0="118,98,81,121,68,111,107,77,104,40,113,70,96" hai1="95,35,109,65,12,90,93,34,135,17,13,16,102" hai2="52,82,51,30,130,61,126,108,110,0,47,33,131" hai3="24,58,103,57,53,45,10,124,88,50,105,44,83"/><T72/><D121/><U94/><E109/><N who="2" m="42091" /><F0/><W39/><G124/><T133/><D111/><U27/><E65/><V38/><F82/><W106/><G103/><T37/><D118/><U119/><E119/><V73/><F73/><W112/><G112/><T14/><D113/><U18/><E135/><V123/><F123/><W120/><G120/><T69/><D133/><U89/><E102/><V48/><F126/><W66/><G105/><T134/><D134/><U87/><E27/><N who="2" m="18655" /><F38/><W8/><G106/><T97/><REACH who="0" step="1"/><D14/><REACH who="0" ten="336,218,218,218" step="2"/><N who="1" m="5739" /><E87/><V62/><F51/><W4/><G39/><T21/><D21/><U80/><E80/><V36/><F36/><W71/><G83/><T127/><D127/><U67/><E67/><V32/><F32/><AGARI ba="1,1" hai="16,17,18,32,34,35,89,90,93,94,95" m="5739" machi="32" ten="40,5200,0" yaku="28,2,54,1" doraHai="43" who="1" fromWho="2" sc="336,0,218,65,218,-55,218,0" /><INIT seed="1,0,0,3,5,69" ten="336,283,163,218" oya="1" hai0="17,119,29,121,90,102,96,3,135,58,72,40,26" hai1="8,51,43,126,54,114,84,103,31,132,16,6,5" hai2="124,120,67,107,112,127,53,81,94,88,32,113,110" hai3="7,9,99,37,128,131,101,130,15,56,73,65,76"/><U21/><E114/><N who="2" m="44139" /><F32/><W35/><G35/><T80/><D119/><U30/><E126/><N who="2" m="48171" /><F67/><W61/><G76/><T95/><D135/><U93/><E132/><V2/><F2/><W27/><G73/><T10/><D121/><U109/><E43/><V85/><F120/><W89/><G27/><T60/><D40/><U122/><E122/><V70/><F70/><W111/><G89/><T115/><D115/><U28/><E109/><V45/><F110/><W92/><G111/><T75/><D3/><U52/><E8/><V108/><F108/><W117/><G117/><T134/><D10/><U129/><E129/><V19/><F19/><W116/><G116/><T55/><D17/><U23/><E23/><V86/><F107/><W13/><G13/><T20/><D134/><U74/><E74/><V68/><F68/><W66/><G66/><T133/><D133/><U82/><E6/><V47/><F53/><W104/><G104/><T105/><D80/><U22/><E5/><V123/><F123/><W18/><G7/><T49/><D60/><U118/><E118/><V77/><AGARI ba="0,0" hai="45,47,77,81,85,86,88,94" m="48171,44139" machi="77" ten="30,4000,0" yaku="11,1,18,1,54,1" doraHai="69" who="2" fromWho="2" sc="336,-10,283,-20,163,40,218,-10" /><INIT seed="2,0,0,2,0,121" ten="326,263,203,208" oya="2" hai0="124,48,79,118,56,75,133,112,120,1,41,68,130" hai1="35,86,57,63,95,26,27,116,62,113,45,71,88" hai2="50,31,98,59,94,64,19,115,22,106,80,21,5" hai3="23,29,92,131,77,84,14,13,4,16,76,83,46"/><V17/><F106/><W81/><G131/><T114/><RYUUKYOKU type="yao9" ba="0,0" sc="326,0,263,0,203,0,208,0" hai0="1,41,48,56,68,75,79,112,114,118,120,124,130,133" /><INIT seed="2,1,0,0,0,36" ten="326,263,203,208" oya="2" hai0="107,85,95,34,2,39,49,32,31,135,17,58,80" hai1="62,119,65,21,6,112,55,1,101,8,96,7,4" hai2="25,127,26,98,81,123,115,0,9,108,56,64,50" hai3="63,122,43,54,86,82,100,41,88,106,91,90,13"/><V53/><F115/><W77/><G122/><T133/><D39/><U22/><E119/><V18/><F123/><W29/><G29/><T129/><D107/><U125/><E125/><V131/><F127/><W30/><G30/><T51/><D129/><U76/><E112/><V87/><F131/><W46/><G100/><T97/><D2/><U14/><E76/><V42/><F98/><W12/><G106/><T109/><D109/><U114/><E114/><V73/><F73/><W23/><G23/><T116/><D116/><U74/><E55/><V120/><F120/><W72/><G72/><T113/><D113/><U126/><E126/><V48/><F64/><W28/><G28/><T67/><D17/><U5/><E74/><V61/><F108/><W19/><G19/><T111/><D111/><U84/><E84/><V59/><F0/><W121/><G121/><T45/><D31/><U99/><E1/><V78/><F18/><W16/><G16/><T3/><D3/><U33/><E33/><V24/><F9/><W52/><G63/><N who="0" m="38391" /><D34/><U10/><E10/><V69/><F69/><W102/><G102/><N who="0" m="60735" /><D45/><U94/><REACH who="1" step="1"/><E99/><REACH who="1" ten="326,253,203,208" step="2"/><V83/><F87/><W79/><G79/><T93/><D32/><U130/><E130/><V117/><F78/><W71/><G86/><T38/><D85/><U110/><E110/><V104/><F117/><W70/><G77/><T37/><D80/><U68/><AGARI ba="1,1" hai="4,5,6,7,8,14,21,22,62,65,68,94,96,101" machi="68" ten="30,2000,0" yaku="1,1,0,1,53,0" doraHai="36" doraHaiUra="44" who="1" fromWho="1" sc="326,-6,253,33,203,-11,208,-6" /><INIT seed="3,0,0,3,3,6" ten="320,286,192,202" oya="3" hai0="49,106,50,70,110,3,128,58,93,18,86,113,104" hai1="130,63,26,34,100,64,7,55,92,99,97,31,103" hai2="17,124,89,45,85,53,42,65,76,78,131,68,56" hai3="120,105,96,102,19,43,62,87,133,0,116,9,126"/><W107/><G120/><T77/><D110/><U10/><E130/><V23/><F131/><W129/><G116/><T48/><D128/><U4/><E55/><V8/><F124/><W101/><G129/><T33/><D70/><U12/><E4/><V80/><F68/><W94/><G126/><T11/><D33/><U91/><REACH who="1" step="1"/><E99/><REACH who="1" ten="320,276,192,202" step="2"/><V54/><F54/><W61/><G96/><T13/><D113/><U47/><E47/><V29/><F42/><W119/><G43/><T39/><D3/><U20/><E20/><V21/><F21/><W51/><G0/><T35/><D35/><U32/><E32/><V24/><F65/><W118/><G118/><T16/><D39/><U79/><E79/><V132/><F132/><W59/><G119/><T108/><D108/><U82/><E82/><V127/><F127/><W122/><G133/><T123/><D123/><U111/><E111/><V117/><F117/><W27/><G122/><T112/><D112/><U75/><E75/><V36/><F36/><W57/><G87/><T134/><D134/><U37/><E37/><V28/><F45/><W74/><G74/><T109/><D109/><U25/><E25/><V90/><F78/><W67/><G27/><T30/><D77/><U72/><E72/><V121/><F121/><W125/><G125/><T95/><D86/><U38/><E38/><V41/><F41/><W73/><G73/><T22/><D22/><U83/><E83/><V98/><F98/><W5/><G67/><T60/><D13/><U88/><E88/><V69/><F76/><W66/><G66/><T2/><D2/><RYUUKYOKU ba="0,1" sc="320,-10,276,30,192,-10,202,-10" hai1="7,10,12,26,31,34,63,64,91,92,97,100,103" /><INIT seed="4,1,1,3,4,126" ten="310,306,182,192" oya="0" hai0="56,69,46,41,87,45,24,16,31,29,75,0,49" hai1="82,9,83,4,98,114,35,47,20,116,127,101,123" hai2="21,112,111,39,110,5,36,92,115,73,84,8,61" hai3="11,55,23,17,113,42,72,91,89,85,68,135,67"/><T90/><D69/><U2/><E35/><V78/><F61/><W66/><G72/><T10/><D75/><U104/><E116/><V53/><F53/><W44/><G135/><T38/><D56/><U15/><E123/><V121/><F21/><W130/><G113/><N who="2" m="43593" /><F121/><W64/><G68/><T117/><D117/><U133/><E133/><V81/><F84/><W19/><G55/><T54/><D0/><U106/><E114/><V71/><F92/><W22/><G11/><T1/><D1/><U52/><E127/><V97/><F97/><W7/><G7/><T58/><D58/><U70/><E70/><V96/><F96/><W18/><G85/><T34/><D31/><U60/><E106/><V13/><F71/><W109/><G109/><AGARI ba="1,1" hai="5,8,13,36,39,73,78,81,109,110,111" m="43593" machi="109" ten="30,1000,0" yaku="15,1" doraHai="126" who="2" fromWho="3" sc="310,0,306,0,182,23,192,-13" /><INIT seed="5,0,0,5,4,91" ten="310,306,205,179" oya="1" hai0="13,48,54,52,47,44,75,10,12,109,53,129,83" hai1="77,46,39,86,130,99,6,102,111,110,56,134,24" hai2="132,133,80,26,0,118,79,28,105,9,76,72,88" hai3="17,70,89,106,122,113,66,117,125,18,61,100,25"/><U82/><E134/><V81/><F118/><W15/><G122/><T62/><D109/><N who="1" m="41483" /><E130/><V51/><F105/><W5/><G117/><T119/><D119/><U58/><E6/><V87/><F51/><W30/><G125/><T135/><D135/><U116/><E24/><V107/><F107/><W43/><G113/><T68/><D129/><U104/><E116/><V22/><F0/><W67/><G67/><T115/><D115/><U114/><E114/><V29/><F9/><W16/><G43/><AGARI ba="0,0" hai="39,43,46,56,58,77,82,86,99,102,104" m="41483" machi="43" ten="30,1500,0" yaku="10,1" doraHai="91" who="1" fromWho="3" sc="310,0,306,15,205,0,179,-15" /><INIT seed="5,1,0,5,0,100" ten="310,321,205,164" oya="1" hai0="38,21,52,59,74,98,67,62,5,39,126,28,111" hai1="10,65,107,53,123,120,104,42,54,9,1,76,124" hai2="55,92,8,6,32,116,45,19,69,33,95,118,77" hai3="96,134,14,2,78,135,4,90,40,64,102,16,94"/><U80/><E65/><V17/><F69/><W115/><G115/><T48/><D111/><U75/><E42/><V47/><F77/><W60/><G78/><T127/><D74/><U44/><E124/><N who="0" m="47657" /><D5/><U72/><E44/><V101/><F101/><W57/><G40/><T99/><D21/><U105/><E1/><V103/><F103/><W31/><G31/><T11/><D11/><N who="1" m="4107" /><E80/><V88/><F6/><W70/><G4/><T122/><D28/><U84/><E84/><V0/><F8/><W129/><G2/><T128/><D128/><U112/><E76/><V13/><F0/><W34/><G34/><T131/><D131/><U89/><E89/><V87/><F13/><W133/><G129/><T125/><D125/><U132/><E132/><V51/><F47/><W30/><G30/><T114/><D114/><U12/><E12/><V23/><F19/><W36/><G36/><N who="0" m="13867" /><D122/><N who="1" m="46635" /><E112/><V97/><F33/><W108/><G14/><T82/><D82/><U50/><E50/><V49/><F49/><W68/><G16/><T85/><D85/><U81/><E81/><V113/><F113/><W86/><REACH who="3" step="1"/><G108/><REACH who="3" ten="310,321,205,154" step="2"/><T117/><D117/><U7/><E7/><V29/><F32/><W27/><G27/><T24/><D24/><U25/><E25/><N who="2" m="14575" /><F29/><W66/><G66/><T43/><D43/><U61/><E75/><V15/><F15/><W20/><G20/><T26/><D26/><U58/><E72/><V121/><F121/><W83/><AGARI ba="1,1" hai="57,60,64,68,70,83,86,90,94,96,102,133,134,135" machi="83" ten="30,7900,0" yaku="1,1,0,1,20,1,53,1" doraHai="100" doraHaiUra="63" who="3" fromWho="3" sc="310,-21,321,-40,205,-21,154,92" /><INIT seed="6,0,0,3,2,58" ten="289,281,184,246" oya="2" hai0="67,63,125,75,81,45,35,73,112,120,36,37,62" hai1="54,121,117,70,44,42,106,24,82,108,116,132,66" hai2="101,103,41,71,55,131,12,72,126,115,0,28,8" hai3="85,74,23,64,14,48,1,6,59,52,133,99,22"/><V61/><F0/><W51/><G74/><T47/><D120/><U129/><E106/><V3/><F3/><W118/><G118/><T77/><D112/><U9/><E82/><V83/><F115/><W91/><G1/><T88/><D35/><U113/><E24/><V53/><F126/><W57/><G133/><T98/><D125/><U102/><E102/><V26/><F131/><W40/><G99/><T86/><D98/><U95/><E95/><V30/><F41/><W34/><G34/><T134/><D134/><U16/><E16/><V97/><F30/><W105/><G105/><T123/><D123/><U80/><E9/><V89/><F72/><W19/><G6/><T90/><D67/><U17/><E17/><N who="2" m="8327" /><F83/><W10/><G40/><T13/><D81/><U84/><E129/><V130/><F130/><W25/><G25/><T46/><D75/><U76/><E113/><V11/><F11/><W135/><G135/><T119/><D73/><U29/><E121/><V122/><F122/><W5/><G5/><T20/><D77/><U15/><E132/><V56/><F71/><W21/><G64/><T18/><D119/><U43/><E66/><N who="2" m="39207" /><F89/><W31/><G31/><T79/><D88/><U92/><E116/><V87/><F87/><W32/><G32/><T69/><D90/><U50/><E117/><V7/><F7/><W60/><G59/><T93/><D69/><U39/><E70/><V2/><F2/><W78/><G78/><T111/><D79/><U104/><E76/><V33/><F101/><W110/><G110/><T114/><D111/><U38/><E108/><RYUUKYOKU ba="0,0" sc="289,-15,281,-15,184,15,246,15" hai2="26,28,33,53,55,97,103" hai3="10,14,19,21,22,23,48,51,52,57,60,85,91" /><INIT seed="6,1,0,5,4,104" ten="274,266,199,261" oya="2" hai0="31,15,86,125,120,6,19,72,117,8,102,30,60" hai1="22,50,133,81,135,24,79,123,101,97,78,13,5" hai2="4,91,119,71,100,36,46,63,47,122,38,92,121" hai3="116,128,48,131,28,44,94,103,39,114,10,54,40"/><V118/><F4/><W32/><G116/><T51/><D120/><U33/><E123/><V61/><F100/><W77/><G28/><T127/><D117/><U1/><E1/><V126/><F92/><W96/><G32/><T11/><D102/><U87/><E33/><V115/><F91/><W52/><G114/><T112/><D112/><U2/><E50/><V62/><F62/><W99/><G99/><T57/><D51/><U68/><E68/><V98/><F98/><W23/><G23/><T42/><D42/><U105/><E13/><V29/><F29/><W20/><G20/><T132/><D132/><N who="1" m="50763" /><E5/><V76/><F76/><W129/><G48/><T59/><D86/><U49/><E49/><V130/><F126/><N who="0" m="48138" /><D72/><U134/><E2/><V73/><F73/><W26/><G26/><T69/><D69/><U0/><E0/><V17/><F17/><W67/><G67/><N who="0" m="39311" /><D59/><U43/><E43/><V88/><F88/><W58/><G58/><T18/><D18/><N who="1" m="12375" /><E134/><V12/><F71/><W25/><G25/><T74/><D74/><U93/><E78/><V107/><F107/><AGARI ba="1,0" hai="79,81,87,93,97,101,105,107" m="12375,50763" machi="107" ten="30,1000,0" yaku="20,1" doraHai="104" who="1" fromWho="2" sc="274,0,266,13,199,-13,261,0" /><INIT seed="7,0,0,4,0,135" ten="274,279,186,261" oya="3" hai0="114,128,70,107,96,44,14,121,13,76,72,31,7" hai1="75,2,15,11,51,85,17,6,59,99,23,62,69" hai2="106,130,105,63,27,40,73,120,80,109,4,124,113" hai3="9,104,55,18,103,65,20,16,71,131,22,134,123"/><W10/><G123/><T98/><D121/><U5/><E75/><V88/><F120/><W82/><G134/><T28/><D70/><U52/><E85/><V95/><F109/><W93/><G104/><T61/><D128/><U3/><E99/><V116/><F130/><W30/><G30/><T53/><D114/><U97/><E97/><V102/><F113/><W26/><G131/><T34/><D34/><U12/><E69/><V25/><F116/><W67/><G82/><T49/><D72/><U8/><E62/><V125/><F40/><W24/><G71/><T58/><D76/><U100/><E100/><V112/><F112/><W127/><G127/><N who="2" m="48713" /><F102/><W41/><G41/><N who="0" m="24719" /><D107/><N who="2" m="40970" /><F63/><W64/><G103/><T119/><D119/><U129/><E129/><V47/><F47/><W39/><G39/><T66/><D98/><U133/><E133/><V32/><F32/><W118/><G118/><T78/><D96/><U94/><E94/><V86/><F4/><W56/><G93/><T36/><D7/><U117/><E117/><V48/><F48/><AGARI ba="0,0" hai="9,10,16,18,20,22,24,26,48,55,56,64,65,67" machi="48" ten="40,7700,0" yaku="9,1,8,1,54,1" doraHai="135" who="3" fromWho="2" sc="274,0,279,0,186,-77,261,77" owari="274,-13.0,279,8.0,109,-39.0,338,44.0" /></mjloggm>