<mjloggm ver="2.3"><GO type="97" lobby="0"/><UN n0="%E3%82%A6%E3%83%AB%E3%83%88%E3%83%A9%E7%AB%8B%E7%9B%B4" n1="%72%70%73%74%74%38%39%32" n2="%6D%75%6B%65%6D%69%6E%67" n3="%E2%80%A6%E4%BC%AF%E5%B8%9D%E2%80%A6" dan="15,14,14,15" rate="1982.33,1956.46,1864.86,2007.74" sx="M,M,M,M"/><TAIKYOKU oya="0"/><INIT seed="0,0,0,5,4,113" ten="250,250,250,250" oya="0" hai0="98,50,133,24,90,107,4,111,12,81,29,77,45" hai1="27,63,76,14,91,32,118,56,73,53,28,101,46" hai2="71,8,40,83,100,127,124,37,69,119,79,125,97" hai3="2,102,1,103,7,54,35,109,65,51,123,33,5"/><T132/><D111/><U25/><E101/><N who="3" m="38410" /><G65/><T92/><D107/><U93/><E27/><V9/><F71/><W134/><G51/><T43/><D12/><U116/><E46/><N who="2" m="23823" /><F69/><W61/><G61/><T87/><REACH who="0" step="1"/><D4/><REACH who="0" ten="240,250,250,250" step="2"/><U42/><E14/><V105/><F9/><W86/><G109/><T0/><D0/><U82/><REACH who="1" step="1"/><E42/><REACH who="1" ten="240,240,250,250" step="2"/><V89/><F8/><W17/><G2/><T75/><D75/><U36/><E36/><V11/><F11/><W23/><G1/><T39/><D39/><U104/><E104/><V13/><F13/><W106/><G106/><T96/><D96/><AGARI ba="0,2" hai="25,28,32,53,56,63,73,76,82,91,93,96,116,118" machi="96" ten="30,7700,0" yaku="1,1,7,1,52,2,53,0" doraHai="113" doraHaiUra="67" who="1" fromWho="0" sc="240,-77,240,97,250,0,250,0" /><INIT seed="1,0,0,3,3,97" ten="163,337,250,250" oya="1" hai0="31,107,64,124,12,9,56,121,127,21,120,37,53" hai1="103,54,24,65,27,114,26,80,74,18,110,119,131" hai2="14,95,126,62,72,22,29,60,69,84,77,25,134" hai3="92,113,108,32,99,70,28,98,133,11,78,57,38"/><U73/><E119/><V36/><F72/><W125/><G38/><T109/><D64/><U104/><E114/><V33/><F36/><W93/><G70/><T6/><D37/><U63/><E131/><V75/><F75/><W135/><G32/><T79/><D79/><U58/><E110/><V100/><F69/><W41/><G28/><T49/><D107/><U90/><E18/><V111/><F111/><W76/><G41/><T1/><D109/><U130/><E130/><V52/><F33/><W10/><G108/><T87/><D87/><U118/><E118/><V16/><F134/><W129/><G57/><T128/><D128/><U20/><E20/><N who="2" m="11287" /><F126/><W5/><G129/><T106/><D106/><U17/><E17/><V59/><F62/><W23/><G125/><N who="0" m="48203" /><D1/><U15/><E15/><V83/><F95/><W51/><G113/><T47/><D56/><U30/><E30/><V115/><F115/><W81/><G23/><T13/><D13/><U3/><E3/><V66/><F100/><W123/><G123/><N who="0" m="47179" /><D21/><U122/><E122/><V89/><F66/><W45/><G135/><T102/><D31/><U55/><E73/><V48/><F60/><W82/><G133/><T88/><D88/><AGARI ba="0,0" hai="22,25,29,48,52,59,77,83,84,88,89" m="11287" machi="88" ten="30,7700,0" yaku="8,1,54,3" doraHai="97" who="2" fromWho="0" sc="163,-77,337,0,250,77,250,0" /><INIT seed="2,0,0,2,3,14" ten="86,337,327,250" oya="2" hai0="106,90,17,58,32,83,113,16,127,26,68,20,120" hai1="75,19,132,38,50,76,88,30,98,56,47,46,6" hai2="62,23,94,8,67,107,13,135,100,52,63,82,21" hai3="86,45,123,80,22,78,7,69,133,11,55,53,27"/><V96/><F135/><W110/><G133/><T40/><D68/><U134/><E38/><V10/><F107/><W57/><G69/><T122/><D106/><U89/><E134/><V112/><F112/><W72/><G110/><T34/><D113/><U73/><E132/><V85/><F10/><W93/><G93/><T116/><D40/><U0/><E30/><V1/><F1/><W65/><G72/><T51/><D51/><U117/><E117/><V105/><F105/><W41/><G123/><N who="0" m="47147" /><D58/><U33/><E33/><N who="0" m="12905" /><D90/><U104/><E104/><V31/><F31/><W97/><G97/><T118/><D83/><U4/><E98/><V60/><F67/><W3/><G57/><T125/><D17/><U42/><E56/><N who="2" m="34823" /><F63/><W5/><G5/><T95/><D95/><U99/><E99/><V18/><F62/><W36/><G65/><T12/><D26/><U29/><E42/><V131/><F131/><W91/><G78/><AGARI ba="0,0" hai="8,13,18,21,23,78,82,85,94,96,100" m="34823" machi="78" ten="30,5800,0" yaku="8,1,52,1,54,1" doraHai="14" who="2" fromWho="3" sc="86,0,337,0,327,58,250,-58" /><INIT seed="2,1,0,4,0,120" ten="86,337,385,192" oya="2" hai0="33,127,63,43,65,87,98,1,133,27,2,90,109" hai1="76,68,93,105,71,7,77,9,17,49,48,11,46" hai2="94,121,124,16,125,36,110,129,26,25,102,72,119" hai3="10,69,89,118,4,128,130,84,23,29,57,75,117"/><V126/><F72/><W50/><G69/><T30/><D127/><U37/><E105/><V22/><F121/><W67/><G75/><T74/><D74/><U82/><E93/><V38/><F110/><W51/><G29/><T85/><D133/><U123/><E123/><V83/><F119/><W54/><G23/><T0/><D43/><U122/><E122/><V131/><F83/><W44/><G67/><T3/><N who="0" m="0" /><DORA hai="14" /><T12/><D12/><U86/><E37/><N who="2" m="14443" /><F26/><W45/><G10/><T5/><D5/><U13/><E76/><V64/><F64/><W35/><G4/><T20/><D109/><U99/><E9/><V31/><F31/><W112/><G35/><T34/><D98/><AGARI ba="1,0" hai="16,22,25,94,98,102,124,125,126,129,131" m="14443" machi="98" ten="40,7700,0" yaku="18,1,52,1,54,1" doraHai="120,14" who="2" fromWho="0" sc="86,-80,337,0,385,80,192,0" /><INIT seed="2,2,0,3,1,105" ten="6,337,465,192" oya="2" hai0="47,41,49,102,85,35,32,7,115,81,14,54,82" hai1="67,99,71,37,2,52,83,57,76,42,86,20,8" hai2="70,90,23,75,92,46,91,93,11,128,120,68,121" hai3="48,65,45,96,97,51,133,26,117,50,30,94,87"/><V110/><F75/><W107/><G117/><T4/><D115/><U12/><E2/><V130/><F46/><W43/><G133/><T1/><D1/><U104/><E71/><V69/><F23/><N who="3" m="15711" /><G107/><T60/><D32/><U127/><E127/><V44/><F44/><N who="3" m="25631" /><G65/><T31/><D35/><U123/><E123/><N who="2" m="47179" /><F11/><W16/><G16/><T100/><D31/><U74/><E67/><V13/><F13/><W113/><G113/><T38/><D38/><U111/><E37/><V79/><F79/><W78/><G45/><T19/><D82/><U5/><E42/><V56/><F56/><W98/><G78/><T6/><D60/><U114/><E114/><V109/><F93/><W77/><G77/><T73/><D41/><U27/><E27/><V22/><F22/><W62/><G62/><T24/><D24/><U80/><E80/><V108/><F92/><W88/><G51/><T21/><D73/><U84/><E84/><V124/><F124/><W95/><G50/><T131/><D131/><AGARI ba="2,0" hai="68,69,70,90,91,108,109,110,128,130,131" m="47179" machi="131" ten="50,12000,1" yaku="28,2,14,1,10,1,19,1" doraHai="105" who="2" fromWho="0" sc="6,-126,337,0,465,126,192,0" owari="-120,-62.0,337,14.0,591,69.0,192,-21.0" /></mjloggm>