<mjloggm ver="2.3"><GO type="97" lobby="0"/><UN n0="%E4%B8%83%E8%89%B2%E3%81%8A%E3%81%8A%E3%81%8B%E3%81%BF" n1="%E3%82%A6%E3%83%AB%E3%83%88%E3%83%A9%E7%AB%8B%E7%9B%B4" n2="%E6%AE%8B%E7%85%A7%E2%85%A1" n3="%E9%95%B7%E5%B0%BE%E6%99%AF%E8%99%8E%2C" dan="14,15,14,13" rate="1933.78,1998.83,1888.03,1864.94" sx="M,M,M,M"/><TAIKYOKU oya="0"/><INIT seed="0,0,0,1,2,120" ten="250,250,250,250" oya="0" hai0="57,125,65,73,96,131,130,86,123,25,56,118,78" hai1="76,133,100,34,101,41,6,121,26,129,83,75,77" hai2="37,128,132,66,89,98,51,28,67,93,7,84,114" hai3="72,85,108,97,126,92,64,5,44,12,55,60,102"/><T87/><D123/><U103/><E121/><V91/><F114/><W0/><G0/><T82/><D118/><U45/><E129/><N who="0" m="49161" /><D125/><U109/><E133/><V11/><F132/><W127/><G72/><T20/><D96/><U38/><E77/><V10/><F128/><W14/><G85/><N who="0" m="32267" /><D65/><U46/><E46/><V115/><F37/><W40/><G55/><T18/><AGARI ba="0,0" hai="18,20,25,56,57,73,78,82" m="32267,49161" machi="18" ten="30,1500,0" yaku="19,1" doraHai="120" who="0" fromWho="0" sc="250,15,250,-5,250,-5,250,-5" /><INIT seed="0,1,0,2,2,129" ten="265,245,245,245" oya="0" hai0="25,64,79,33,78,128,53,134,41,80,131,103,7" hai1="22,12,50,3,14,49,117,46,52,48,125,32,2" hai2="5,118,102,65,74,51,98,101,37,72,28,60,119" hai3="114,66,107,67,110,63,89,21,62,31,105,36,10"/><T115/><D115/><U97/><E32/><V70/><F37/><W9/><G114/><T122/><D122/><U57/><E117/><N who="2" m="44555" /><F102/><W112/><G112/><T87/><D7/><U113/><E113/><V121/><F121/><W24/><G36/><T127/><D41/><U15/><E125/><V132/><F5/><W40/><G110/><T71/><D127/><U17/><E97/><V95/><F28/><W19/><G40/><T96/><D53/><U94/><E94/><V23/><F23/><W59/><G89/><T1/><D1/><U90/><E90/><V111/><F111/><W61/><G61/><N who="0" m="40335" /><D33/><U133/><E3/><V38/><F38/><W29/><G29/><T124/><D25/><N who="1" m="14543" /><E2/><V44/><F132/><W42/><G42/><AGARI ba="1,0" hai="42,44,51,60,65,70,72,74,95,98,101" m="44555" machi="42" ten="30,1000,0" yaku="12,1" doraHai="129" who="2" fromWho="3" sc="265,0,245,0,245,13,245,-13" /><INIT seed="1,0,0,2,4,1" ten="265,245,258,232" oya="1" hai0="30,93,49,44,63,76,95,11,83,17,59,19,134" hai1="102,84,121,86,77,22,92,133,42,64,48,94,129" hai2="104,85,60,116,20,118,65,115,124,122,16,14,108" hai3="46,26,96,112,106,89,32,4,79,127,70,78,131"/><U97/><E64/><V109/><F122/><W37/><G112/><T38/><D38/><U66/><E66/><V3/><F104/><W21/><G32/><T68/><D68/><U130/><E121/><V88/><F115/><W33/><G33/><T7/><D30/><U119/><E119/><V40/><F3/><W39/><G70/><T69/><D69/><U18/><E48/><V6/><F40/><W126/><G131/><N who="1" m="50186" /><E42/><V111/><F6/><W28/><G4/><T35/><D35/><U132/><E22/><V2/><F2/><W62/><G62/><T57/><D49/><U99/><E18/><V56/><F124/><N who="3" m="47659" /><G46/><T10/><D44/><U81/><E86/><V98/><F98/><W27/><G26/><T107/><D63/><U105/><E105/><V36/><F36/><W8/><G8/><T47/><D47/><U80/><E80/><AGARI ba="0,0" hai="14,16,20,56,60,65,80,85,88,108,109,111,116,118" machi="80" ten="40,5200,0" yaku="14,1,54,2" doraHai="1" who="2" fromWho="1" sc="265,0,245,-52,258,52,232,0" /><INIT seed="2,0,0,5,5,131" ten="265,193,310,232" oya="2" hai0="72,113,52,1,51,119,66,38,22,35,80,94,87" hai1="67,44,21,48,29,59,41,101,91,84,95,129,104" hai2="107,71,43,97,112,0,33,13,122,32,126,14,9" hai3="11,28,78,58,79,55,77,85,75,5,106,86,114"/><V65/><F122/><W3/><G114/><T132/><D113/><U81/><E104/><V134/><F112/><W19/><G106/><T74/><D35/><U57/><E129/><V63/><F0/><W125/><G125/><T60/><D38/><U73/><E73/><V49/><F126/><W102/><G102/><T56/><D1/><U16/><E29/><V20/><F134/><W96/><G75/><T26/><D132/><U17/><E17/><V133/><F133/><W76/><N who="3" m="19968" /><DORA hai="40" /><W108/><G108/><T135/><D135/><U120/><E120/><V37/><F37/><W25/><G19/><T27/><D94/><U53/><E67/><V70/><F71/><W8/><G8/><T130/><D130/><U121/><E121/><V105/><F14/><W83/><G96/><T124/><D124/><U12/><E41/><V54/><F20/><W50/><REACH who="3" step="1"/><G83/><REACH who="3" ten="265,193,310,222" step="2"/><T18/><D74/><U6/><E6/><V64/><F107/><W110/><G110/><T42/><D72/><U82/><E81/><V15/><F105/><W99/><G99/><AGARI ba="0,1" hai="12,16,21,44,48,53,57,59,82,84,91,95,99,101" machi="99" ten="40,5200,0" yaku="8,1,52,1,54,1" doraHai="131,40" who="1" fromWho="3" sc="265,0,193,62,310,0,222,-52" /><INIT seed="3,0,0,4,4,34" ten="265,255,310,170" oya="3" hai0="31,61,20,45,40,66,103,82,7,3,79,69,0" hai1="135,28,76,81,133,23,56,49,1,53,134,87,122" hai2="41,110,60,95,130,25,58,121,24,126,89,71,59" hai3="42,39,127,132,19,113,80,114,5,37,29,104,101"/><W93/><G104/><T97/><D31/><U86/><E122/><V35/><F121/><W74/><G29/><T67/><D20/><U15/><E86/><V83/><F71/><W57/><G5/><T16/><D16/><N who="1" m="10655" /><E28/><V8/><F35/><W47/><G39/><T131/><D66/><U75/><E75/><V117/><F117/><W77/><G132/><T128/><D82/><U46/><E56/><V26/><F41/><W92/><G127/><T98/><D79/><U48/><E48/><V124/><F130/><N who="0" m="49706" /><D7/><U125/><E125/><N who="2" m="48235" /><F110/><W30/><G30/><T9/><D9/><U64/><E64/><N who="2" m="38935" /><F8/><W118/><G118/><T63/><D63/><U38/><E38/><V90/><F83/><W13/><G57/><T102/><D102/><U70/><E70/><V43/><F43/><W94/><REACH who="3" step="1"/><G101/><REACH who="3" ten="265,255,310,160" step="2"/><T10/><D103/><U51/><E51/><V27/><N who="2" m="6656" /><DORA hai="108" /><V120/><F120/><W12/><G12/><T109/><D109/><U112/><E133/><V99/><F59/><W84/><G84/><T100/><D98/><U21/><E135/><V107/><F107/><W85/><G85/><T123/><D123/><U106/><E134/><V22/><F22/><AGARI ba="0,1" hai="13,19,22,37,42,47,74,77,80,92,93,94,113,114" machi="22" ten="40,7700,0" yaku="1,1,52,2,53,0" doraHai="34,108" doraHaiUra="2,33" who="3" fromWho="2" sc="265,0,255,0,310,-77,160,87" /><INIT seed="3,1,0,1,3,9" ten="265,255,233,247" oya="3" hai0="108,84,43,118,36,66,100,71,63,29,98,50,101" hai1="92,109,54,76,99,17,74,56,70,78,47,88,120" hai2="119,31,129,73,61,11,34,40,113,112,51,125,52" hai3="5,91,131,69,77,121,27,10,38,53,58,37,81"/><W16/><G131/><T26/><D118/><U97/><E70/><V7/><F119/><W96/><G121/><T80/><D108/><U35/><E35/><V82/><F129/><W106/><G69/><T133/><D36/><U86/><E109/><V126/><F40/><W105/><G105/><T13/><D133/><U79/><E74/><V39/><F39/><W110/><G110/><T93/><D43/><U89/><E120/><V62/><F34/><W134/><G134/><T12/><D50/><U72/><E72/><V24/><F31/><W83/><G83/><T103/><D103/><U8/><E47/><N who="2" m="27775" /><F24/><W0/><G106/><T95/><D95/><U114/><E114/><N who="2" m="44139" /><F82/><W68/><G68/><T22/><D101/><U21/><E8/><V59/><F73/><W57/><G57/><T116/><D116/><U19/><E89/><AGARI ba="1,0" hai="12,13,22,26,29,63,66,71,80,84,89,93,98,100" machi="89" ten="30,3900,0" yaku="7,1,52,2" doraHai="9" who="0" fromWho="1" sc="265,42,255,-42,233,0,247,0" owari="307,41.0,213,-29.0,233,-17.0,247,5.0" /></mjloggm>