<mjloggm ver="2.3"><GO type="97" lobby="0"/><UN n0="%E3%83%8B%E3%83%A3%E3%83%BC%E5%8A%A9" n1="%E3%81%B3%E3%82%88%E3%81%93" n2="%E3%82%A6%E3%83%AB%E3%83%88%E3%83%A9%E7%AB%8B%E7%9B%B4" n3="%E2%98%86%E3%81%8B%E3%81%9A%E3%81%A3%E3%81%A1%E2%98%86" dan="14,14,15,15" rate="1878.97,1887.51,1992.41,1967.61" sx="M,M,M,M"/><TAIKYOKU oya="0"/><INIT seed="0,0,0,1,4,19" ten="250,250,250,250" oya="0" hai0="26,3,107,130,117,58,113,17,123,135,116,44,134" hai1="45,54,80,98,101,79,126,128,18,28,11,95,50" hai2="106,61,20,8,92,36,23,16,114,13,33,65,52" hai3="77,6,104,7,118,110,62,31,131,83,42,124,67"/><T2/><D107/><U37/><E128/><V71/><F106/><W24/><G118/><N who="0" m="45675" /><D58/><U119/><E119/><V38/><F33/><W59/><G104/><T43/><D123/><U47/><E126/><V99/><F114/><W89/><G131/><T27/><D113/><U121/><E121/><V35/><F35/><W12/><G124/><T14/><D130/><U133/><E133/><N who="0" m="50697" /><D44/><U40/><E28/><V15/><F52/><W132/><G110/><T129/><D43/><U90/><E101/><V34/><F34/><W29/><G132/><T108/><D108/><U76/><E80/><V86/><F86/><N who="3" m="48495" /><G42/><T69/><D69/><U21/><REACH who="1" step="1"/><E11/><REACH who="1" ten="250,240,250,250" step="2"/><V0/><F8/><W57/><G31/><T46/><D129/><U120/><E120/><V53/><F0/><N who="0" m="42" /><D46/><U73/><E73/><V109/><F109/><W97/><G29/><T85/><D85/><U84/><E84/><V1/><F1/><W115/><G115/><T68/><D68/><U10/><E10/><AGARI ba="0,1" hai="10,14,17,26,27" m="42,50697,45675" machi="10" ten="40,7700,0" yaku="20,1,34,2" doraHai="19" who="0" fromWho="1" sc="250,87,240,-77,250,0,250,0" /><INIT seed="0,1,0,2,3,64" ten="337,163,250,250" oya="0" hai0="127,89,99,8,43,63,119,108,31,104,132,69,54" hai1="29,133,15,90,73,39,103,76,116,22,74,42,55" hai2="57,98,30,6,11,20,129,27,68,107,18,65,105" hai3="79,130,113,92,16,100,17,14,120,109,21,80,59"/><T2/><D119/><U87/><E116/><V75/><F75/><W28/><G109/><T5/><D108/><U115/><E133/><V58/><F129/><W12/><G130/><T1/><D132/><U95/><E115/><V110/><F110/><W34/><G113/><T51/><D127/><U4/><E103/><V97/><F105/><W36/><G120/><T45/><D31/><U56/><E76/><V94/><F107/><W125/><G125/><T41/><D2/><U114/><E114/><V46/><F97/><W78/><G36/><T48/><D51/><U25/><E39/><V118/><F118/><W32/><G28/><T0/><D0/><U96/><E42/><V121/><F121/><W62/><G92/><T33/><D33/><U117/><E117/><V9/><F46/><W91/><G91/><T102/><REACH who="0" step="1"/><D89/><REACH who="0" ten="327,163,250,250" step="2"/><U81/><E15/><V112/><F30/><W135/><G135/><T37/><D37/><U123/><E123/><V35/><F35/><W124/><G124/><T131/><D131/><U26/><E26/><V38/><F38/><W122/><G122/><T10/><D10/><U86/><E29/><V134/><F11/><N who="3" m="6175" /><G34/><T7/><D7/><U93/><E4/><V101/><F134/><W24/><G32/><T85/><D85/><U60/><E86/><V13/><F112/><W70/><G21/><T106/><D106/><U88/><REACH who="1" step="1"/><E95/><REACH who="1" ten="327,153,250,250" step="2"/><V66/><F13/><W44/><G14/><T19/><D19/><U40/><E40/><V52/><F6/><W126/><G17/><T49/><D49/><U72/><E72/><V128/><F18/><RYUUKYOKU ba="1,2" sc="327,15,153,15,250,-15,250,-15" hai0="1,5,8,41,43,45,48,54,63,69,99,102,104" hai1="22,25,55,56,60,73,74,81,87,88,90,93,96" /><INIT seed="0,2,2,4,4,102" ten="342,168,235,235" oya="0" hai0="116,32,124,57,108,71,79,110,78,89,66,14,127" hai1="73,135,25,105,131,75,30,84,61,95,133,123,38" hai2="8,100,70,68,76,41,6,107,42,43,91,82,28" hai3="74,83,55,3,33,119,65,104,51,112,52,120,47"/><T129/><D32/><N who="1" m="20559" /><E123/><V40/><N who="2" m="10240" /><DORA hai="69" /><V12/><F28/><W86/><G112/><T26/><D116/><U46/><E131/><V50/><F50/><W77/><G119/><T44/><D71/><U96/><E61/><V88/><F70/><W60/><G33/><T54/><D26/><U16/><E84/><V106/><F68/><W5/><G120/><T9/><D89/><U90/><E16/><V31/><F31/><W92/><G55/><T24/><D24/><U126/><E126/><N who="0" m="48169" /><D66/><U134/><E46/><V62/><F62/><W128/><G128/><T59/><D44/><U80/><E38/><V132/><F132/><N who="1" m="33793" /><U4/><DORA hai="97" /><E4/><V93/><F100/><W63/><G5/><N who="0" m="3375" /><D129/><U15/><E15/><V130/><F130/><W125/><G125/><T56/><D54/><U7/><E7/><V49/><F49/><W21/><G51/><T1/><D1/><U109/><E109/><AGARI ba="2,2" hai="56,57,59,78,79,108,109,110" m="3375,48169" machi="109" ten="40,7700,0" yaku="14,1,10,1,18,1" doraHai="102,69,97" who="0" fromWho="1" sc="342,103,168,-83,235,0,235,0" /><INIT seed="0,3,0,2,3,102" ten="445,85,235,235" oya="0" hai0="70,119,114,130,89,35,4,127,37,71,16,94,40" hai1="104,122,39,45,93,90,116,56,21,72,36,100,8" hai2="81,73,118,33,98,134,132,10,31,41,105,44,77" hai3="120,115,19,23,67,131,61,87,63,49,62,24,28"/><T13/><D114/><U66/><E122/><V64/><F64/><W7/><G115/><T97/><D119/><U60/><E116/><V54/><F54/><W32/><G120/><T121/><D35/><U25/><E72/><V129/><F118/><W6/><G131/><T82/><D121/><U14/><E45/><V84/><F84/><W65/><G49/><T1/><D130/><U5/><E104/><V68/><F68/><W133/><G133/><N who="2" m="51305" /><F10/><W112/><G112/><T9/><D127/><U18/><REACH who="1" step="1"/><E100/><REACH who="1" ten="445,75,235,235" step="2"/><N who="2" m="62615" /><F129/><W42/><G42/><T78/><D71/><U48/><E48/><V135/><F135/><W75/><G75/><T47/><D70/><U111/><E111/><V126/><F126/><W46/><G46/><T69/><D69/><U22/><E22/><V83/><F44/><W128/><G128/><T79/><D82/><U124/><E124/><V17/><F41/><W57/><G63/><T117/><D117/><U20/><E20/><AGARI ba="3,1" hai="1,4,9,13,16,20,37,40,47,78,79,89,94,97" machi="20" ten="30,2900,0" yaku="7,1,54,1" doraHai="102" who="0" fromWho="1" sc="445,48,75,-38,235,0,235,0" /><INIT seed="0,4,0,3,1,108" ten="493,37,235,235" oya="0" hai0="5,76,114,77,1,63,123,2,19,64,127,115,113" hai1="107,98,84,56,15,6,61,85,29,130,45,57,121" hai2="67,40,22,110,81,25,93,35,53,75,122,11,90" hai3="54,38,132,70,111,104,97,99,124,120,21,13,42"/><T26/><D127/><U119/><E119/><V34/><F122/><W80/><G111/><T30/><D123/><U18/><E121/><V94/><F94/><W92/><G120/><T43/><D43/><U51/><E130/><V112/><F67/><W128/><G70/><T131/><D131/><U47/><E29/><V48/><F40/><W27/><G128/><T32/><D19/><U69/><E69/><V16/><F110/><W91/><G124/><T7/><D5/><U74/><E74/><V50/><F50/><W12/><G132/><T88/><D88/><U102/><E6/><V23/><F11/><W60/><G80/><T28/><D30/><U46/><E51/><V65/><F65/><W79/><G79/><T125/><D125/><U37/><E37/><V86/><F112/><W31/><G38/><T116/><D116/><U73/><E73/><V20/><F20/><W59/><REACH who="3" step="1"/><G42/><REACH who="3" ten="493,37,235,225" step="2"/><T117/><D117/><U105/><E105/><V96/><F75/><W36/><G36/><T100/><D77/><U126/><E126/><V78/><REACH who="2" step="1"/><F23/><REACH who="2" ten="493,37,225,225" step="2"/><W101/><AGARI ba="4,2" hai="12,13,21,27,31,54,59,60,91,92,97,99,101,104" machi="101" ten="30,4000,0" yaku="1,1,0,1,53,1" doraHai="108" doraHaiUra="52" who="3" fromWho="3" sc="493,-24,37,-14,225,-14,225,72" /><INIT seed="1,0,0,5,0,133" ten="469,23,211,297" oya="1" hai0="18,54,106,36,101,53,65,63,115,17,113,62,124" hai1="8,72,23,67,73,80,70,122,108,21,100,2,94" hai2="6,79,43,111,129,7,125,52,39,87,9,74,20" hai3="120,91,90,127,29,84,37,58,11,116,32,49,112"/><U56/><E122/><V97/><F7/><W47/><G120/><T99/><D36/><U110/><E70/><V92/><F20/><N who="1" m="7753" /><E80/><N who="2" m="45175" /><F52/><W16/><G112/><T13/><D63/><N who="1" m="38375" /><E2/><N who="2" m="215" /><F87/><W46/><G116/><T85/><D85/><U103/><E8/><V31/><F31/><W45/><G37/><T27/><D27/><U26/><E26/><V121/><F121/><W132/><G132/><T14/><D65/><U42/><E42/><V126/><F129/><W95/><G29/><T10/><D62/><U118/><E118/><V41/><F111/><N who="1" m="42537" /><E94/><V89/><F41/><W22/><G95/><T25/><D25/><U28/><E28/><V82/><F82/><W83/><G11/><T15/><D14/><U77/><E77/><V105/><F105/><W24/><G83/><T3/><D3/><U68/><E68/><V4/><F4/><W50/><G32/><T57/><D106/><U38/><E38/><V44/><AGARI ba="0,0" hai="39,43,44,89,92,97,125,126" m="215,45175" machi="44" ten="30,4000,0" yaku="25,1,52,2" doraHai="133" who="2" fromWho="2" sc="469,-10,23,-20,211,40,297,-10" /><INIT seed="2,0,0,3,0,20" ten="459,3,251,287" oya="2" hai0="37,80,19,81,104,30,85,97,133,59,79,113,87" hai1="48,74,0,83,107,78,27,130,103,26,54,58,128" hai2="64,106,75,51,41,90,61,115,29,88,119,111,72" hai3="17,95,23,62,86,123,60,15,127,35,42,109,101"/><V32/><F119/><W52/><G123/><T44/><D113/><U8/><E26/><N who="2" m="18487" /><F51/><W47/><G35/><T16/><D133/><U67/><E48/><V68/><F41/><W25/><G109/><T69/><D69/><U33/><E54/><V21/><F21/><N who="3" m="11455" /><G127/><T7/><D7/><U114/><E58/><V105/><F115/><W5/><G5/><T76/><D59/><U71/><E114/><V124/><F124/><W122/><G122/><T10/><D10/><U93/><E93/><V102/><F106/><W53/><G42/><T31/><D37/><U120/><E120/><V34/><F34/><W73/><G73/><N who="2" m="28233" /><F111/><W77/><G77/><T3/><D3/><U118/><E118/><V89/><F89/><N who="3" m="53687" /><G101/><T108/><D108/><U1/><E8/><V49/><F49/><N who="3" m="28735" /><G53/><T110/><D110/><U132/><E132/><V96/><AGARI ba="0,0" hai="61,64,68,88,90,96,102,105" m="28233,18487" machi="96" ten="30,6000,0" yaku="25,1,52,1,54,1" doraHai="20" who="2" fromWho="2" sc="459,-20,3,-20,251,60,287,-20" owari="439,54.0,-17,-52.0,311,11.0,267,-13.0" /></mjloggm>