<mjloggm ver="2.3"><GO type="169" lobby="0"/><UN n0="%E3%82%A6%E3%83%AB%E3%83%88%E3%83%A9%E7%AB%8B%E7%9B%B4" n1="%E9%8A%80%E9%81%8A%E7%A7%81%E4%BA%BA" n2="%E9%87%98%E5%AE%AE%E7%97%85%E6%82%A3%E8%80%85" n3="%E9%9C%9C%E6%9C%88%E3%81%95%E3%82%93" dan="16,16,17,16" rate="2020.08,2101.37,2173.41,2089.70" sx="M,M,M,M"/><TAIKYOKU oya="0"/><INIT seed="0,0,0,1,2,98" ten="250,250,250,250" oya="0" hai0="7,70,96,67,43,110,28,51,119,42,122,94,102" hai1="121,90,23,97,93,9,84,40,8,38,91,120,20" hai2="68,60,116,132,74,48,24,80,73,76,13,82,21" hai3="78,124,117,128,83,126,1,47,4,33,50,25,63"/><T49/><D122/><U95/><E121/><V57/><F132/><W134/><G134/><T69/><D119/><U45/><E120/><V127/><F127/><W3/><G117/><T75/><D75/><U130/><E130/><V14/><F68/><W30/><G128/><T65/><D70/><U99/><E84/><V101/><F101/><W114/><G63/><T26/><D7/><U86/><E86/><V0/><F0/><W12/><G12/><T71/><D71/><U41/><E41/><V16/><F48/><W56/><G56/><T31/><D110/><U125/><E125/><N who="3" m="48234" /><G4/><T36/><D36/><U106/><E106/><V104/><F104/><W81/><G114/><T87/><D69/><U100/><E100/><V123/><F123/><W107/><G107/><T35/><D31/><U72/><E72/><V46/><F46/><W10/><G10/><AGARI ba="0,0" hai="8,9,10,20,23,38,40,45,90,91,93,95,97,99" machi="10" ten="40,1300,0" yaku="9,1" doraHai="98" who="1" fromWho="3" sc="250,0,250,13,250,0,250,-13" /><INIT seed="1,0,0,1,0,81" ten="250,263,250,237" oya="1" hai0="124,52,1,108,6,66,10,100,40,72,113,70,60" hai1="43,29,31,75,16,99,91,109,103,44,68,7,57" hai2="73,47,27,89,59,71,14,135,21,3,110,24,32" hai3="107,58,93,127,5,48,38,25,51,13,15,85,104"/><U56/><E68/><V131/><F71/><W105/><G38/><T62/><D113/><U90/><E75/><V82/><F3/><W96/><G127/><T121/><D72/><U69/><E69/><V41/><F135/><W45/><G25/><T0/><D124/><U55/><E7/><V76/><F131/><W30/><G30/><T125/><D125/><U122/><E122/><V119/><F119/><W23/><G23/><T74/><D74/><U8/><E109/><V88/><F110/><W11/><G58/><T132/><D40/><U65/><E65/><V37/><F14/><W36/><G15/><T87/><D0/><U86/><E91/><V9/><F9/><W116/><G116/><T34/><D10/><U118/><E118/><V4/><F4/><W102/><G36/><T117/><D6/><U112/><E112/><V19/><REACH who="2" step="1"/><F59/><REACH who="2" ten="250,263,240,237" step="2"/><W53/><REACH who="3" step="1"/><G51/><REACH who="3" ten="250,263,240,227" step="2"/><T97/><D117/><U123/><E57/><V92/><F92/><W83/><G83/><T39/><D1/><U35/><E56/><V50/><F50/><W61/><G61/><T64/><D62/><U79/><E123/><V133/><F133/><W111/><G111/><T126/><D60/><U77/><E8/><V84/><F84/><AGARI ba="0,2" hai="5,11,13,45,48,53,84,85,93,96,102,104,105,107" machi="84" ten="40,5200,0" yaku="1,1,52,2,53,0" doraHai="81" doraHaiUra="78" who="3" fromWho="2" sc="250,0,263,0,240,-52,227,72" /><INIT seed="2,0,0,0,0,117" ten="250,263,188,299" oya="2" hai0="91,9,109,49,28,5,19,48,23,131,14,118,18" hai1="120,128,52,54,89,41,93,135,112,56,121,15,64" hai2="83,113,101,73,114,45,2,85,77,66,115,132,122" hai3="38,33,24,69,58,29,31,119,39,90,21,104,110"/><V97/><F2/><W65/><G119/><T127/><D118/><U81/><E112/><V98/><F66/><W107/><G69/><T106/><D106/><U7/><E41/><V103/><F45/><W42/><G110/><T78/><D78/><U35/><E35/><V134/><F85/><W125/><G125/><T105/><D105/><U47/><E135/><N who="2" m="51755" /><F122/><N who="1" m="47209" /><E128/><V111/><F111/><W3/><G3/><T124/><D109/><U46/><E81/><V74/><F74/><W37/><G42/><T70/><D131/><U22/><E64/><V130/><F130/><W100/><G100/><AGARI ba="0,0" hai="73,77,83,97,98,100,101,103,113,114,115" m="51755" machi="100" ten="40,7700,0" yaku="20,1,34,2" doraHai="117" who="2" fromWho="3" sc="250,0,263,0,188,77,299,-77" /><INIT seed="2,1,0,5,5,47" ten="250,263,265,222" oya="2" hai0="54,60,108,120,93,115,86,84,79,20,11,102,34" hai1="43,9,122,7,118,17,128,72,130,81,134,85,27" hai2="66,127,74,16,59,96,25,101,36,26,14,19,91" hai3="10,69,39,68,106,90,40,88,70,112,30,55,3"/><V77/><F36/><W29/><G112/><T42/><D34/><U12/><E72/><V131/><F131/><N who="1" m="50217" /><E118/><V44/><F127/><W124/><G124/><T104/><D104/><U61/><E134/><V22/><F74/><W117/><G106/><T126/><D120/><U97/><E122/><V46/><F77/><W24/><G117/><T8/><D115/><U23/><E97/><V33/><F33/><W125/><G125/><T110/><D126/><U95/><E95/><N who="2" m="56447" /><F101/><W45/><G55/><T15/><D42/><U32/><E32/><V129/><F129/><W4/><REACH who="3" step="1"/><G30/><REACH who="3" ten="250,263,265,212" step="2"/><T38/><D54/><U28/><E43/><V52/><F66/><W109/><G109/><T50/><D110/><U31/><E61/><N who="2" m="36071" /><F25/><W56/><G56/><T132/><D108/><U53/><E53/><V48/><F48/><W94/><G94/><T63/><D50/><U80/><E80/><V78/><F78/><AGARI ba="1,1" hai="7,9,12,17,23,27,28,31,78,81,85" m="50217" machi="78" ten="30,1000,0" yaku="19,1" doraHai="47" who="1" fromWho="2" sc="250,0,263,23,265,-13,212,0" /><INIT seed="3,0,0,3,5,85" ten="250,286,252,212" oya="3" hai0="110,108,100,24,114,92,47,76,27,96,54,0,14" hai1="109,42,115,103,20,40,70,72,9,77,117,98,74" hai2="25,84,118,44,121,104,119,123,82,106,46,10,80" hai3="127,37,34,11,17,90,64,5,69,50,52,41,102"/><W8/><G127/><T38/><D0/><U68/><E115/><V26/><REACH who="2" step="1"/><F84/><REACH who="2" ten="250,286,242,212" step="2"/><W16/><G34/><T124/><D124/><U75/><E75/><V87/><F87/><W36/><G102/><T93/><D114/><U129/><E74/><V22/><F22/><W60/><G41/><T48/><D76/><U56/><E20/><V28/><F28/><W97/><G97/><T12/><D93/><U94/><E94/><V131/><F131/><W23/><G90/><T126/><D126/><U43/><E72/><V62/><F62/><W15/><G11/><AGARI ba="0,1" hai="10,11,25,26,44,46,80,82,104,106,118,119,121,123" machi="11" ten="25,6400,0" yaku="21,2,22,2,53,0" doraHai="85" doraHaiUra="67" who="2" fromWho="3" sc="250,0,286,0,242,74,212,-64" /><INIT seed="4,0,0,0,1,67" ten="250,286,316,148" oya="0" hai0="13,55,116,75,85,109,29,25,6,83,43,89,131" hai1="124,1,15,26,114,38,69,32,11,92,4,103,8" hai2="30,119,37,120,118,53,51,87,73,47,93,35,44" hai3="7,36,41,48,27,113,39,40,117,19,45,111,78"/><T130/><D116/><N who="2" m="44586" /><F73/><W82/><G117/><T71/><D109/><U10/><E38/><V59/><F120/><W123/><G111/><T54/><D75/><U115/><E103/><V21/><F35/><W56/><G123/><T98/><D43/><U77/><E92/><V12/><F37/><W63/><G7/><T66/><D98/><U102/><E102/><V80/><F93/><W105/><G105/><T132/><D13/><U22/><E77/><N who="2" m="46479" /><F30/><W79/><G113/><N who="1" m="43018" /><E32/><V16/><AGARI ba="0,0" hai="12,16,21,44,47,51,53,59" m="46479,44586" machi="16" ten="30,2000,0" yaku="12,1,54,1" doraHai="67" who="2" fromWho="2" sc="250,-10,286,-5,316,20,148,-5" /><INIT seed="5,0,0,1,0,75" ten="240,281,336,143" oya="1" hai0="39,2,110,74,70,48,103,36,123,54,60,76,133" hai1="46,6,79,15,89,21,49,13,113,71,56,30,55" hai2="51,108,58,29,117,105,72,27,73,83,94,42,52" hai3="122,86,12,25,67,128,118,40,126,69,112,95,5"/><U96/><E71/><V93/><F105/><W107/><G122/><T135/><D2/><U78/><E113/><V35/><F117/><W121/><G121/><T80/><D123/><U115/><E115/><V90/><F108/><W43/><G112/><T87/><D103/><U66/><E66/><V101/><F42/><W88/><G107/><T125/><D110/><U0/><E0/><V84/><REACH who="2" step="1"/><F83/><REACH who="2" ten="240,281,326,143" step="2"/><W64/><G118/><T7/><D80/><U41/><E30/><V14/><F14/><W65/><G69/><T59/><D70/><U99/><E15/><V120/><F120/><W61/><G128/><T85/><D133/><U134/><E134/><V63/><F63/><W3/><G61/><T33/><D60/><N who="1" m="35871" /><E6/><V111/><F111/><W124/><G3/><T100/><D7/><U114/><E114/><V8/><F8/><N who="3" m="4111" /><G25/><T17/><D135/><U28/><E13/><V98/><AGARI ba="0,1" hai="27,29,35,51,52,58,72,73,84,90,93,94,98,101" machi="98" ten="30,4000,0" yaku="1,1,0,1,54,1,53,0" doraHai="75" doraHaiUra="18" who="2" fromWho="2" sc="240,-10,281,-20,326,50,143,-10" /><INIT seed="6,0,0,0,4,96" ten="230,261,376,133" oya="2" hai0="52,125,28,29,12,22,30,35,25,47,104,132,126" hai1="33,106,122,102,124,86,15,84,36,3,50,97,21" hai2="11,23,107,19,6,17,100,87,77,110,51,7,79" hai3="93,129,72,56,70,8,44,38,71,10,31,88,49"/><V111/><F51/><W58/><G129/><T69/><D69/><U120/><E36/><V1/><F7/><W112/><G72/><T59/><D47/><U80/><E3/><V27/><F17/><W37/><G31/><T18/><D104/><U76/><E33/><V20/><F23/><W32/><G32/><T63/><D132/><U40/><E40/><V2/><F2/><W117/><G117/><T91/><D91/><U73/><E50/><V130/><F130/><W74/><G74/><T34/><D29/><U46/><E46/><V42/><F42/><W116/><G116/><T67/><D67/><U39/><E39/><V121/><F121/><N who="1" m="46697" /><E21/><V81/><F77/><W115/><G44/><T41/><D41/><U0/><E15/><V16/><F19/><W62/><G49/><T123/><D123/><U54/><E54/><V53/><F53/><W85/><G62/><T57/><D59/><U26/><E26/><AGARI ba="0,0" hai="12,18,22,25,26,28,30,34,35,52,57,63,125,126" machi="26" ten="40,2600,0" yaku="9,1,54,1" doraHai="96" who="0" fromWho="1" sc="230,26,261,-26,376,0,133,0" /><INIT seed="7,0,0,5,1,103" ten="256,235,376,133" oya="3" hai0="19,16,8,75,44,52,85,66,76,39,43,58,63" hai1="22,64,86,26,96,115,74,106,88,47,24,89,95" hai2="46,42,101,125,134,107,35,60,7,127,97,112,113" hai3="108,124,133,30,29,61,27,59,1,73,36,25,87"/><W0/><G73/><T82/><D85/><U122/><E74/><V114/><F134/><W81/><G133/><T34/><D34/><U17/><E122/><V104/><F35/><W57/><G36/><T131/><D131/><U71/><E115/><V91/><F91/><W45/><G45/><T3/><D66/><U31/><E64/><V41/><F60/><W123/><G123/><T65/><D65/><U99/><E71/><V55/><F7/><AGARI ba="0,0" hai="3,7,8,16,19,39,43,44,52,58,63,75,76,82" machi="7" ten="40,8000,1" yaku="25,2,54,2" doraHai="103" who="0" fromWho="2" sc="256,80,235,0,376,-80,133,0" owari="336,43.0,235,-16.0,296,10.0,133,-37.0" /></mjloggm>