<mjloggm ver="2.3"><GO type="225" lobby="0"/><UN n0="%40%E7%B4%94%E3%81%A1%E3%82%83%E3%82%93" n1="%45%53%54%69" n2="%E3%82%A6%E3%83%AB%E3%83%88%E3%83%A9%E7%AB%8B%E7%9B%B4" n3="%E9%87%98%E5%AE%AE%E7%97%85%E6%82%A3%E8%80%85" dan="17,16,16,17" rate="2233.57,2071.63,2042.13,2140.20" sx="M,M,M,F"/><TAIKYOKU oya="0"/><INIT seed="0,0,0,0,3,82" ten="250,250,250,250" oya="0" hai0="103,98,76,32,6,35,105,43,120,2,85,114,134" hai1="126,66,99,5,37,65,70,122,18,12,92,71,131" hai2="78,8,45,33,57,62,41,25,52,111,72,73,113" hai3="129,107,74,106,27,22,49,50,121,133,88,9,16"/><T83/><D134/><U14/><E122/><V117/><F111/><W94/><G74/><T100/><D114/><U116/><E37/><V26/><F113/><W10/><G133/><T64/><D103/><U112/><E112/><V46/><F117/><W11/><G129/><T127/><D127/><U34/><E34/><V31/><F78/><W28/><G121/><T55/><D120/><U89/><E126/><V17/><F45/><W15/><G107/><T77/><D43/><U48/><E131/><V81/><F81/><W80/><G80/><T24/><D77/><U86/><E71/><V125/><F125/><W21/><G106/><T20/><D64/><U95/><E70/><V29/><F17/><W30/><G30/><T84/><D84/><AGARI ba="0,0" hai="9,10,11,15,16,21,22,27,28,49,50,84,88,94" machi="84" ten="40,8000,1" yaku="8,1,52,1,54,2" doraHai="82" who="3" fromWho="0" sc="250,-80,250,0,250,0,250,80" /><INIT seed="1,0,0,1,4,85" ten="170,250,250,330" oya="1" hai0="127,22,46,51,33,64,66,108,9,44,88,77,105" hai1="89,43,74,92,73,132,103,37,96,48,79,93,78" hai2="116,94,70,118,131,6,56,58,63,57,19,101,135" hai3="45,65,104,25,12,16,76,49,41,32,98,86,28"/><U42/><E37/><V69/><F6/><W40/><G65/><T13/><D108/><U1/><E1/><V62/><F19/><W67/><G67/><T82/><D127/><U107/><E48/><V21/><F21/><W100/><G76/><N who="1" m="29226" /><E42/><V90/><F101/><W114/><G114/><T50/><D105/><U7/><E43/><V20/><F20/><W54/><G86/><N who="0" m="50263" /><D33/><U87/><E7/><V61/><F90/><W60/><G60/><T30/><D77/><U68/><E68/><N who="2" m="26219" /><F94/><N who="1" m="36457" /><E132/><V80/><F80/><AGARI ba="0,0" hai="73,74,80,87,89,96,103,107" m="36457,29226" machi="80" ten="30,18000,2" yaku="35,5,52,1" doraHai="85" who="1" fromWho="2" sc="170,0,250,180,250,-180,330,0" /><INIT seed="1,1,0,0,3,55" ten="170,430,70,330" oya="1" hai0="87,115,35,77,100,70,105,11,49,0,121,5,44" hai1="99,19,94,23,22,103,4,108,85,42,82,130,118" hai2="16,72,92,117,73,53,102,81,93,7,43,88,41" hai3="25,123,67,54,69,27,46,61,9,50,26,86,127"/><U31/><E118/><V106/><F117/><W96/><G123/><T90/><D115/><U83/><E4/><V52/><F7/><W125/><G96/><T14/><D70/><U10/><E42/><N who="2" m="15883" /><F106/><W51/><G9/><T126/><D126/><N who="3" m="48137" /><G86/><T79/><D121/><U59/><E10/><V133/><F133/><W30/><G51/><T36/><D35/><AGARI ba="1,0" hai="25,26,27,30,35,46,50,54,61,67,69" m="48137" machi="35" ten="30,1000,0" yaku="18,1" doraHai="55" who="3" fromWho="0" sc="170,-13,430,0,70,0,330,13" /><INIT seed="2,0,0,0,3,81" ten="157,430,70,343" oya="2" hai0="77,50,100,21,30,106,8,6,122,82,72,91,96" hai1="37,22,83,67,13,73,53,31,98,33,113,60,29" hai2="47,58,61,10,0,57,52,18,121,42,34,44,32" hai3="3,105,93,78,4,7,36,125,101,87,94,15,56"/><V43/><F121/><W88/><G36/><T123/><D50/><U107/><E37/><V64/><F0/><W68/><G68/><T51/><D51/><U118/><E118/><V38/><F10/><W11/><G125/><T126/><D126/><U46/><E46/><N who="2" m="23895" /><F18/><N who="3" m="8575" /><G105/><T114/><D114/><U69/><E53/><V65/><F32/><W62/><G3/><N who="0" m="95" /><D21/><U95/><E113/><V135/><F34/><W55/><G78/><T131/><D131/><U40/><E40/><V133/><F65/><W17/><G17/><T54/><D54/><U5/><E33/><V35/><F35/><W19/><G19/><T76/><D76/><U12/><E31/><V90/><F90/><N who="3" m="53471" /><G101/><T63/><D30/><U89/><E29/><V20/><F20/><W41/><G41/><T85/><D122/><U97/><E22/><V102/><F102/><W129/><G129/><T26/><D123/><U92/><E5/><V108/><F108/><W99/><AGARI ba="0,0" hai="4,7,55,56,62,88,94,99" m="53471,8575" machi="99" ten="30,4000,0" yaku="8,1,52,1,54,1" doraHai="81" who="3" fromWho="3" sc="157,-10,430,-10,70,-20,343,40" /><INIT seed="3,0,0,3,5,100" ten="147,420,50,383" oya="3" hai0="119,129,88,125,36,95,22,91,80,113,18,11,73" hai1="87,10,120,118,93,123,55,70,38,128,126,82,14" hai2="71,132,64,65,99,115,106,13,76,110,49,89,45" hai3="131,108,2,85,83,6,94,34,75,96,74,127,0"/><W84/><G34/><T32/><D32/><U62/><E38/><V66/><F115/><W116/><G116/><T98/><D119/><U16/><E118/><V56/><F110/><W92/><G6/><T79/><D36/><U1/><E1/><V69/><F76/><N who="3" m="46183" /><G2/><T122/><D122/><U53/><E93/><N who="3" m="35946" /><G0/><T7/><D113/><U42/><E42/><V39/><F89/><W130/><G108/><T135/><D125/><U28/><E126/><V60/><F13/><W124/><G96/><T4/><D91/><U105/><E105/><V41/><F132/><W30/><G30/><T8/><D135/><U24/><E70/><N who="2" m="26635" /><F99/><W67/><G67/><N who="2" m="25673" /><F106/><W43/><G43/><T21/><D18/><U90/><E53/><V12/><F12/><W15/><G15/><T117/><D117/><U78/><E78/><V104/><F104/><W46/><G46/><T51/><D7/><U121/><E128/><N who="3" m="49194" /><G85/><T77/><D129/><U57/><E121/><V107/><F107/><W33/><G33/><AGARI ba="0,0" hai="10,14,16,24,28,33,55,57,62,82,87,90,120,123" machi="33" ten="30,2000,0" yaku="7,1,54,1" doraHai="100" who="1" fromWho="3" sc="147,0,420,20,50,0,383,-20" owari="147,-25.0,440,54.0,50,-45.0,363,16.0" /></mjloggm>