<mjloggm ver="2.3"><GO type="97" lobby="0"/><UN n0="%69%34%34%30%33" n1="%67%75%70%70%79%39%38" n2="%2D%2D%6B%61%7A%75%2D%2D" n3="%E3%82%A6%E3%83%AB%E3%83%88%E3%83%A9%E7%AB%8B%E7%9B%B4" dan="14,15,15,15" rate="1915.02,1976.65,1983.93,1981.71" sx="M,M,M,M"/><TAIKYOKU oya="0"/><INIT seed="0,0,0,1,3,22" ten="250,250,250,250" oya="0" hai0="90,58,131,17,123,94,74,76,39,40,130,18,43" hai1="107,64,81,53,10,62,55,34,67,63,47,109,108" hai2="93,91,126,128,69,14,56,41,31,75,88,65,23" hai3="86,60,122,3,135,24,66,25,2,13,6,111,46"/><T70/><D123/><U27/><E107/><V19/><F69/><W101/><G122/><T15/><D70/><U9/><E81/><V99/><F75/><W57/><G3/><T71/><D71/><U35/><REACH who="1" step="1"/><E47/><REACH who="1" ten="250,240,250,250" step="2"/><V5/><F126/><W48/><G135/><T12/><D131/><U72/><E72/><V97/><F128/><W32/><G111/><T84/><D130/><U26/><AGARI ba="0,1" hai="9,10,26,27,34,35,53,55,62,63,64,67,108,109" machi="26" ten="25,12000,2" yaku="1,1,0,1,22,2,52,2,53,0" doraHai="22" doraHaiUra="102" who="1" fromWho="1" sc="250,-60,240,130,250,-30,250,-30" /><INIT seed="1,0,0,5,1,61" ten="190,370,220,220" oya="1" hai0="116,124,68,55,22,53,13,102,87,127,117,56,135" hai1="71,78,88,65,42,67,4,93,119,132,39,74,9" hai2="134,34,114,49,121,99,2,109,90,38,131,24,77" hai3="45,8,36,46,1,17,97,91,69,18,115,5,50"/><U106/><E119/><N who="0" m="45641" /><D102/><U43/><E132/><V79/><F24/><W16/><G115/><T25/><D87/><N who="1" m="52383" /><E106/><V110/><F49/><W57/><G69/><T60/><D135/><U31/><E31/><V89/><F134/><W113/><G113/><T83/><D83/><N who="1" m="45527" /><E43/><V3/><F114/><W44/><G36/><T76/><D76/><N who="2" m="29258" /><F38/><W104/><G57/><N who="0" m="34863" /><D13/><U126/><E71/><V52/><F34/><W29/><G29/><T81/><D81/><U125/><E42/><V40/><F40/><W48/><G104/><T37/><D22/><U0/><E39/><V133/><F133/><W10/><G97/><T101/><D25/><U100/><E100/><V47/><F99/><W51/><G91/><N who="2" m="34825" /><F121/><W32/><G32/><T20/><D101/><U107/><E107/><V129/><F47/><W111/><G111/><N who="2" m="42505" /><F52/><W12/><AGARI ba="0,0" hai="1,5,8,10,12,16,17,18,44,45,46,48,50,51" machi="12" ten="40,2700,0" yaku="0,1,54,1" doraHai="61" who="3" fromWho="3" sc="190,-7,370,-13,220,-7,220,27" /><INIT seed="2,0,0,0,4,65" ten="183,357,213,247" oya="2" hai0="123,57,72,37,115,1,105,63,95,4,84,62,73" hai1="3,21,42,59,134,7,43,87,45,88,118,68,53" hai2="98,116,109,69,16,46,13,48,112,133,30,121,101" hai3="117,67,102,85,47,32,15,71,132,34,108,126,31"/><V40/><F121/><W5/><G117/><T18/><D123/><U97/><E118/><V120/><F120/><W124/><G102/><T17/><D115/><U119/><E119/><V77/><F116/><W35/><G85/><T92/><D105/><U55/><E68/><V29/><F112/><W131/><G47/><T99/><D37/><U104/><E134/><V11/><F77/><W12/><G132/><T9/><D84/><U52/><E3/><V41/><F41/><N who="1" m="15369" /><E104/><V49/><F133/><W83/><G83/><T51/><D73/><U96/><E7/><V56/><F69/><W26/><G131/><T91/><D72/><U93/><E45/><V6/><F6/><W113/><G113/><T125/><D125/><N who="3" m="48233" /><G108/><T0/><D0/><U14/><E59/><V114/><F114/><W75/><G75/><T27/><D51/><U36/><E36/><V78/><F78/><W61/><G5/><T44/><D44/><U110/><E110/><V89/><F109/><W20/><AGARI ba="0,0" hai="12,15,20,26,31,32,34,35,61,67,71" m="48233" machi="20" ten="40,2700,0" yaku="18,1,52,1" doraHai="65" who="3" fromWho="3" sc="183,-7,357,-7,213,-13,247,27" /><INIT seed="3,0,0,5,4,95" ten="176,350,200,274" oya="3" hai0="124,71,28,97,37,55,9,89,66,91,119,15,82" hai1="77,41,22,69,17,134,130,30,52,6,109,102,62" hai2="126,16,2,31,81,49,24,112,73,101,121,115,58" hai3="118,113,131,46,63,25,96,45,108,7,54,104,67"/><W135/><G118/><T18/><D119/><U100/><E130/><V68/><F68/><W78/><G131/><T14/><D37/><U133/><E109/><V92/><F2/><W70/><G108/><T36/><D36/><U57/><E69/><V38/><F38/><W4/><G113/><T98/><D28/><U40/><E77/><V1/><F1/><W19/><G78/><T99/><D124/><U94/><E6/><V129/><F129/><W34/><G19/><N who="0" m="8655" /><D71/><U61/><E61/><V90/><F101/><N who="3" m="62503" /><G135/><T32/><D32/><U128/><E128/><V64/><F126/><W87/><G87/><N who="0" m="50423" /><D66/><U0/><E0/><V59/><F121/><W23/><G23/><N who="0" m="11743" /><D55/><U42/><E30/><V114/><F64/><W10/><G54/><T127/><D127/><U43/><E43/><V117/><F117/><W80/><G80/><T84/><D84/><U35/><E35/><V106/><F106/><W48/><G48/><T56/><D56/><U65/><E65/><V72/><F49/><W74/><G74/><T33/><D33/><U11/><E11/><V76/><F73/><W20/><G20/><T8/><D8/><U122/><E122/><V26/><F31/><N who="3" m="19823" /><G7/><T51/><D51/><U47/><E47/><V105/><F105/><W44/><G10/><T13/><D13/><N who="1" m="9519" /><E94/><AGARI ba="0,0" hai="91,94,97,98,99" m="11743,50423,8655" machi="94" ten="30,7700,0" yaku="8,1,52,3" doraHai="95" who="0" fromWho="1" sc="176,77,350,-77,200,0,274,0" /><INIT seed="4,0,0,3,5,93" ten="253,273,200,274" oya="0" hai0="85,33,44,63,15,3,39,76,112,57,27,11,87" hai1="89,38,41,58,104,111,121,102,9,43,96,4,103" hai2="48,64,32,60,19,68,54,14,135,40,128,22,101" hai3="10,113,45,109,62,51,81,125,7,37,49,84,71"/><T21/><D33/><U6/><E121/><V94/><F32/><W82/><G37/><T55/><D3/><U67/><E111/><V90/><F101/><N who="1" m="38409" /><E104/><V69/><F40/><N who="1" m="15433" /><E38/><V50/><F50/><W122/><G49/><N who="0" m="29095" /><D39/><U34/><E34/><V47/><F135/><W36/><G36/><T8/><D112/><U42/><N who="1" m="15441" /><U78/><DORA hai="24" /><E78/><V25/><F128/><W29/><G51/><T123/><D123/><U65/><E58/><V75/><F75/><W83/><G45/><T20/><D76/><U133/><E133/><V17/><F68/><W35/><G71/><T110/><D110/><U2/><E2/><V127/><F127/><W95/><G35/><T116/><D116/><U66/><E9/><N who="0" m="3657" /><D15/><U0/><E0/><V79/><F79/><W26/><G109/><T18/><D21/><U77/><E77/><V92/><F92/><AGARI ba="0,0" hai="4,6,65,66,67,89,92,96" m="15441,38409" machi="92" ten="40,2600,0" yaku="8,1,52,1" doraHai="93,24" who="1" fromWho="2" sc="253,0,273,26,200,-26,274,0" /><INIT seed="5,0,0,4,1,135" ten="253,299,174,274" oya="1" hai0="77,125,68,93,74,117,7,67,124,133,26,96,53" hai1="87,46,118,19,130,102,63,2,98,132,33,28,100" hai2="32,50,12,24,44,40,38,134,27,126,5,9,48" hai3="0,108,105,119,104,61,8,70,95,85,45,122,106"/><U37/><E132/><V75/><F134/><W41/><G95/><T76/><D133/><U25/><E130/><V82/><F32/><W43/><G85/><T64/><D117/><U80/><E118/><V65/><F65/><N who="0" m="25162" /><D68/><U121/><E121/><V103/><F103/><W34/><G43/><T57/><D7/><U90/><E2/><V86/><F75/><W109/><G119/><T111/><D111/><U79/><E63/><V10/><F38/><N who="3" m="21687" /><G122/><T81/><D26/><U69/><E69/><V99/><F99/><W22/><G22/><T128/><D128/><U123/><E123/><V115/><F115/><W56/><G56/><T29/><D29/><U13/><E46/><V72/><F72/><W60/><G60/><N who="0" m="35887" /><D81/><U16/><E37/><V15/><F50/><W3/><G34/><T4/><D4/><U112/><E112/><V39/><F39/><W42/><G42/><T89/><D74/><U92/><E19/><V94/><F94/><W58/><G58/><T129/><D129/><U1/><E1/><V6/><REACH who="2" step="1"/><F126/><AGARI ba="0,0" hai="76,77,89,93,96,124,125,126" m="35887,25162" machi="126" ten="30,7700,0" yaku="18,1,52,3" doraHai="135" who="0" fromWho="2" sc="253,77,299,0,174,-77,274,0" owari="330,43.0,299,10.0,97,-40.0,274,-13.0" /></mjloggm>