<mjloggm ver="2.3"><GO type="169" lobby="0"/><UN n0="%6B%6F%67%65%70%61%6E" n1="%E3%81%9F%E3%81%98%E3%81%BE%E3%81%AA%E3%81%BF" n2="%EF%BC%88%E2%89%A7%E2%96%BD%E2%89%A6%EF%BC%89" n3="%E6%A1%94%E6%A2%97%E5%B1%8B" dan="18,17,19,16" rate="2242.67,2174.30,2315.65,2103.28" sx="M,F,M,M"/><TAIKYOKU oya="0"/><INIT seed="0,0,0,4,1,91" ten="250,250,250,250" oya="0" hai0="35,34,129,11,6,130,101,2,39,19,85,135,43" hai1="21,23,62,117,44,108,16,42,4,115,132,72,133" hai2="32,13,128,9,41,118,97,12,27,124,26,83,105" hai3="70,134,24,98,86,64,28,87,127,59,95,37,22"/><T10/><D101/><U40/><E117/><V58/><F118/><W77/><G134/><T54/><D43/><U107/><E107/><V66/><F128/><N who="0" m="49258" /><D39/><U123/><E123/><V80/><F32/><N who="0" m="12330" /><D85/><U61/><E72/><V33/><F33/><W106/><G106/><T122/><D54/><U110/><E4/><N who="2" m="3111" /><F41/><N who="1" m="15977" /><E23/><V5/><F105/><W63/><G37/><T99/><D99/><U81/><E81/><V113/><F97/><W84/><G127/><T60/><D60/><N who="1" m="23147" /><E115/><V3/><F113/><W1/><G1/><T121/><D135/><N who="1" m="51787" /><E44/><V131/><F83/><N who="3" m="47215" /><G70/><T103/><D103/><AGARI ba="0,0" hai="22,24,28,59,63,64,86,87,95,98,103" m="47215" machi="103" ten="30,3900,0" yaku="25,1,8,1,52,1" doraHai="91" who="3" fromWho="0" sc="250,-39,250,0,250,0,250,39" /><INIT seed="1,0,0,0,2,36" ten="211,250,250,289" oya="1" hai0="53,66,110,86,92,23,114,38,56,89,126,34,100" hai1="75,82,74,113,134,26,133,21,108,61,33,15,65" hai2="94,112,76,43,37,102,97,93,107,109,7,29,55" hai3="116,88,81,49,18,24,87,8,58,68,45,111,27"/><U104/><E113/><V2/><F112/><W41/><G111/><T135/><D114/><U106/><E108/><V77/><F109/><W17/><G68/><T11/><D34/><U69/><E15/><V80/><F29/><W57/><G116/><T14/><D110/><U99/><E82/><V40/><F107/><N who="1" m="41001" /><E99/><N who="2" m="59767" /><F37/><W91/><G91/><T52/><D38/><U59/><E59/><N who="3" m="22538" /><G8/><T98/><D126/><U20/><E20/><V44/><F7/><W130/><G130/><T30/><D135/><N who="1" m="51723" /><E33/><V101/><F2/><W123/><G123/><T127/><D127/><U13/><E13/><V6/><F6/><W125/><G125/><T12/><D12/><U95/><E95/><V83/><F83/><W71/><G71/><T9/><D9/><U62/><E62/><V54/><F80/><W22/><G22/><T117/><D11/><U39/><E39/><V70/><F70/><W64/><G64/><T48/><D14/><U0/><E0/><V16/><F76/><W32/><G32/><T128/><D66/><U124/><E124/><V42/><F77/><W84/><G84/><T5/><D86/><U105/><N who="1" m="41009" /><U121/><DORA hai="120" /><E121/><V28/><F97/><W10/><G10/><T131/><D98/><U31/><AGARI ba="0,0" hai="21,26,31,61,65,69,74,75" m="51723,41009" machi="31" ten="50,2400,0" yaku="20,1" doraHai="36,120" who="1" fromWho="1" sc="211,-8,250,24,250,-8,289,-8" /><INIT seed="1,1,0,2,3,116" ten="203,274,242,281" oya="1" hai0="120,7,114,64,45,77,108,57,54,127,133,113,1" hai1="3,55,53,27,65,117,102,81,74,96,122,99,118" hai2="36,46,72,37,100,33,110,68,129,60,51,19,84" hai3="41,9,40,119,112,5,26,15,83,101,78,39,123"/><U4/><E122/><V71/><F33/><W42/><G123/><T91/><D77/><U88/><E65/><N who="2" m="40999" /><F19/><W126/><G119/><T23/><D120/><U30/><E4/><V135/><F84/><W134/><G112/><T79/><D79/><U70/><E70/><V52/><F100/><W38/><G101/><T85/><D7/><U105/><E3/><V76/><F76/><W28/><G134/><T124/><D1/><U43/><E117/><V25/><F25/><W75/><REACH who="3" step="1"/><G126/><REACH who="3" ten="203,274,242,271" step="2"/><T56/><D133/><U8/><E118/><V49/><F135/><W103/><G103/><T47/><D114/><U17/><E102/><V86/><F129/><W48/><G48/><T6/><D113/><U104/><E104/><V50/><F50/><W73/><G73/><T20/><D124/><U97/><E105/><V89/><F72/><W22/><AGARI ba="1,1" hai="5,9,15,22,26,28,38,39,40,41,42,75,78,83" machi="22" ten="30,2000,0" yaku="1,1,0,1,53,0" doraHai="116" doraHaiUra="14" who="3" fromWho="3" sc="203,-6,274,-11,242,-6,271,33" /><INIT seed="2,0,0,2,5,76" ten="197,263,236,304" oya="2" hai0="65,9,83,98,92,54,129,135,45,53,12,99,111" hai1="85,95,29,30,25,74,79,11,62,96,118,88,46" hai2="36,20,126,7,38,57,43,112,75,114,91,31,80" hai3="27,119,41,6,90,39,14,121,26,131,78,59,117"/><V32/><F126/><W17/><G121/><T61/><D111/><U120/><E118/><V1/><F20/><W128/><G78/><T22/><D135/><U100/><E120/><V115/><F57/><W67/><G90/><T10/><D129/><N who="3" m="49737" /><G6/><T47/><D22/><U50/><E11/><N who="2" m="2543" /><F91/><W35/><G39/><N who="2" m="14889" /><F43/><W21/><G41/><T55/><D65/><U52/><E62/><V71/><F71/><W133/><G133/><T3/><D61/><U66/><E66/><V56/><F56/><W94/><G94/><T60/><D60/><U37/><E37/><V81/><F81/><W40/><G40/><T89/><D3/><U68/><E68/><V49/><F49/><W82/><G82/><T86/><D99/><U109/><E109/><V93/><F93/><W106/><G59/><T0/><D0/><U42/><E42/><V33/><F31/><N who="3" m="19967" /><G67/><T34/><D10/><U113/><E30/><V110/><F110/><W24/><G106/><T8/><D8/><U122/><E122/><V16/><F16/><N who="3" m="12327" /><G26/><T101/><D47/><U134/><E25/><V13/><F13/><W124/><G124/><T97/><D45/><U23/><E134/><V84/><F75/><W69/><G69/><T130/><D130/><U123/><E74/><V108/><F108/><W2/><G2/><T125/><D125/><U104/><E123/><V132/><F132/><W5/><G5/><N who="0" m="3119" /><D98/><U58/><E96/><V77/><F32/><W105/><G105/><T103/><D34/><U70/><E70/><V87/><F33/><W4/><G4/><T28/><D28/><U48/><E104/><RYUUKYOKU ba="0,0" sc="197,10,263,-30,236,10,304,10" hai0="53,54,55,83,86,89,92,97,101,103" hai2="77,80,84,87,112,114,115" hai3="14,17,117,119" /><INIT seed="2,1,0,0,5,79" ten="207,233,246,314" oya="2" hai0="104,107,43,122,28,119,33,15,127,91,103,30,94" hai1="9,82,78,100,89,22,98,16,73,66,47,64,124" hai2="55,134,74,56,116,118,57,18,35,112,86,1,75" hai3="111,38,105,130,69,36,23,99,12,44,20,40,135"/><V3/><F35/><W132/><G111/><T71/><D122/><U48/><E9/><V65/><F65/><W21/><G130/><T49/><D127/><U53/><E89/><V41/><F41/><W61/><G38/><T92/><D71/><U83/><E83/><V108/><F55/><W51/><G36/><T46/><D119/><U88/><E88/><V113/><F18/><W106/><G12/><T59/><D33/><U58/><E58/><V11/><F11/><W26/><G26/><T52/><D107/><U6/><E6/><V70/><F86/><W128/><G99/><N who="0" m="59895" /><D104/><U123/><E124/><V2/><F2/><W80/><G128/><T126/><D126/><U81/><E81/><V50/><F50/><W129/><G80/><T17/><D46/><U63/><E63/><V4/><F4/><W7/><G7/><T110/><D110/><U68/><E68/><V29/><F70/><W24/><G24/><T72/><D72/><U131/><E131/><V45/><F45/><W14/><G14/><T13/><D43/><U39/><E39/><V62/><F108/><W85/><G129/><T54/><D54/><U10/><E10/><V42/><F42/><W133/><REACH who="3" step="1"/><G85/><REACH who="3" ten="207,233,246,304" step="2"/><N who="0" m="52335" /><D15/><U25/><REACH who="1" step="1"/><E123/><REACH who="1" ten="207,223,246,304" step="2"/><V76/><F75/><W95/><G95/><AGARI ba="1,2" hai="16,22,25,47,48,53,64,66,73,78,82,95,98,100" machi="95" ten="30,12000,2" yaku="1,1,2,1,7,1,52,1,54,1,53,1" doraHai="79" doraHaiUra="90" who="1" fromWho="3" sc="207,0,223,143,246,0,304,-123" /><INIT seed="3,0,0,2,5,67" ten="207,366,246,181" oya="3" hai0="125,128,77,56,5,80,86,129,60,87,20,1,2" hai1="54,106,100,85,123,62,113,52,30,134,17,109,11" hai2="10,53,45,127,73,19,25,81,58,103,64,92,6" hai3="51,74,108,8,71,70,95,49,61,99,63,28,35"/><W46/><G74/><T42/><D42/><U27/><E123/><V89/><F127/><W24/><G108/><T93/><D125/><U115/><E109/><V91/><F73/><W96/><G8/><T68/><D20/><U107/><E134/><V84/><F103/><W48/><G46/><T133/><D133/><U36/><E36/><V112/><F112/><W122/><G122/><T97/><D87/><U57/><E54/><V110/><F110/><W116/><G116/><T78/><D78/><U83/><E17/><V117/><F117/><W33/><G33/><T4/><D4/><U50/><E11/><V98/><F64/><W118/><G118/><T72/><D72/><U124/><E124/><V15/><F45/><W21/><G35/><T47/><D47/><U16/><E62/><N who="2" m="36175" /><F25/><W22/><G22/><T14/><D2/><U79/><E30/><V130/><F130/><W114/><G114/><T126/><D1/><U104/><REACH who="1" step="1"/><E100/><REACH who="1" ten="207,356,246,181" step="2"/><V3/><F3/><W12/><G12/><T41/><D126/><U39/><E39/><V90/><F19/><W26/><G63/><T23/><D60/><U9/><E9/><V82/><F10/><W65/><G61/><T13/><D14/><U40/><E40/><V94/><F15/><W132/><G132/><T55/><D41/><U7/><E7/><V101/><F6/><W131/><G51/><N who="0" m="30847" /><D5/><U66/><E66/><V102/><F101/><W18/><G49/><T111/><D111/><U59/><E59/><V69/><F69/><W135/><G48/><T29/><D68/><U31/><E31/><V38/><F38/><RYUUKYOKU ba="0,1" sc="207,-15,356,15,246,15,181,-15" hai1="16,27,50,52,57,79,83,85,104,106,107,113,115" hai2="81,82,84,89,90,91,92,94,98,102" /><INIT seed="4,1,1,0,0,57" ten="192,371,261,166" oya="0" hai0="131,23,103,71,112,63,75,100,122,130,70,56,26" hai1="27,76,22,18,65,40,9,123,126,104,7,84,109" hai2="95,74,96,15,44,20,125,41,68,88,108,47,85" hai3="58,113,64,0,39,92,114,51,77,10,119,72,8"/><T53/><D122/><U1/><E104/><V2/><F2/><W94/><G119/><T90/><D75/><U78/><E123/><V28/><F68/><W13/><G39/><T115/><D71/><U62/><E109/><V86/><F74/><W12/><G0/><T87/><D70/><U46/><E84/><V120/><F120/><W16/><G77/><T54/><D54/><U52/><E126/><V5/><F125/><W42/><G72/><T107/><D107/><U59/><REACH who="1" step="1"/><E65/><REACH who="1" ten="192,361,261,166" step="2"/><V43/><F85/><W67/><G67/><T32/><D131/><U102/><E102/><V37/><F86/><W80/><G64/><T24/><D130/><U66/><E66/><V11/><F108/><W3/><G80/><T36/><D103/><U6/><E6/><V21/><REACH who="2" step="1"/><F28/><REACH who="2" ten="192,361,251,166" step="2"/><W19/><G3/><T73/><D73/><U111/><E111/><V79/><F79/><W49/><G114/><T30/><D112/><U4/><E4/><V50/><AGARI ba="1,3" hai="5,11,15,20,21,37,41,43,44,47,50,88,95,96" machi="50" ten="20,5200,0" yaku="1,1,0,1,7,1,54,1,53,0" doraHai="57" doraHaiUra="135" who="2" fromWho="2" sc="192,-27,361,-14,251,85,166,-14" /><INIT seed="5,0,0,5,4,0" ten="165,347,336,152" oya="1" hai0="22,53,80,131,106,66,60,19,81,49,87,41,9" hai1="110,30,4,125,33,115,56,42,26,54,123,129,69" hai2="75,127,1,18,17,64,2,121,124,83,34,109,40" hai3="92,91,135,13,67,12,90,86,48,23,55,132,76"/><U10/><E123/><V101/><F109/><W5/><G67/><T63/><D106/><U85/><E110/><V117/><F117/><W47/><G76/><T68/><D131/><U95/><E69/><V11/><F34/><W104/><G104/><T73/><D73/><U57/><E129/><V111/><F111/><W3/><G3/><T128/><D128/><U72/><E72/><V46/><F101/><W84/><G23/><T15/><D41/><U39/><E115/><V27/><F64/><W28/><G28/><T133/><D133/><N who="3" m="51273" /><G5/><T61/><D22/><U52/><E125/><V118/><F83/><AGARI ba="0,0" hai="12,13,47,48,55,83,84,86,90,91,92" m="51273" machi="83" ten="30,1000,0" yaku="20,1" doraHai="0" who="3" fromWho="2" sc="165,0,347,0,336,-10,152,10" /><INIT seed="6,0,0,1,3,74" ten="165,347,326,162" oya="2" hai0="9,26,129,103,70,85,120,84,1,134,57,95,36" hai1="17,28,11,118,83,46,2,99,119,68,123,35,75" hai2="121,65,93,104,48,42,107,132,128,29,52,49,3" hai3="31,8,41,114,69,37,71,98,59,126,82,87,23"/><V124/><F3/><W50/><G126/><T79/><D70/><U4/><E68/><V47/><F121/><W80/><G114/><T122/><D36/><U72/><E123/><V73/><F73/><W22/><G8/><T67/><D26/><U30/><E30/><V25/><F124/><W90/><G98/><T55/><D67/><U108/><E108/><V63/><F132/><W27/><G22/><T77/><D9/><U0/><E0/><V102/><F128/><W111/><G111/><T39/><D39/><U112/><E112/><V110/><F93/><W13/><G13/><T20/><D20/><U133/><E133/><V116/><F102/><W92/><G37/><T88/><D1/><U100/><E17/><V96/><F96/><W18/><G31/><T115/><D134/><U64/><E64/><V78/><F116/><W51/><G71/><T24/><D115/><U105/><E46/><N who="2" m="27703" /><F107/><W54/><REACH who="3" step="1"/><G69/><REACH who="3" ten="165,347,326,152" step="2"/><T106/><D122/><U38/><E38/><N who="2" m="21975" /><F110/><W7/><G7/><T10/><D120/><U91/><E118/><V21/><F29/><W66/><G66/><T131/><D10/><U101/><E11/><V53/><F65/><W40/><G40/><T94/><D24/><U60/><E28/><V117/><F21/><W56/><G56/><T97/><D57/><U16/><E119/><V45/><F117/><W6/><G6/><T81/><D55/><U86/><E4/><V125/><F25/><W15/><G15/><T34/><D34/><U76/><E35/><V33/><F125/><W89/><G89/><N who="0" m="53551" /><D79/><U135/><E135/><V127/><F127/><RYUUKYOKU ba="0,1" sc="165,15,347,-15,326,-15,152,15" hai0="77,81,84,88,95,97,103,106,129,131" hai3="18,23,27,41,50,51,54,59,80,82,87,90,92" /><INIT seed="7,1,1,1,1,75" ten="180,332,311,167" oya="3" hai0="89,62,52,26,100,110,18,43,88,119,71,50,69" hai1="42,58,103,126,118,46,22,128,98,9,20,10,121" hai2="0,72,56,105,133,23,55,102,80,38,134,4,112" hai3="93,39,104,135,108,90,73,66,19,45,127,53,111"/><W36/><G135/><N who="2" m="51721" /><F112/><W51/><G127/><T11/><D110/><N who="3" m="42025" /><G104/><T41/><D119/><U95/><E121/><V31/><F38/><W131/><G131/><T67/><D71/><U13/><E126/><V109/><F109/><W113/><G113/><T82/><D100/><U120/><E120/><V76/><F0/><W78/><G66/><T68/><D68/><U48/><E128/><V1/><F1/><W117/><G117/><T27/><D27/><U40/><E118/><V16/><F4/><W129/><G19/><T12/><D26/><U60/><E40/><V114/><F31/><W7/><G7/><T8/><D8/><N who="1" m="3179" /><E13/><N who="2" m="9615" /><F114/><W63/><G63/><T37/><D37/><U122/><E122/><V14/><F14/><W65/><G65/><AGARI ba="1,1" hai="20,22,42,46,48,58,60,65,95,98,103" m="3179" machi="65" ten="30,1000,0" yaku="8,1" doraHai="75" who="1" fromWho="3" sc="180,0,332,23,311,0,167,-13" owari="180,-22.0,355,46.0,311,11.0,154,-35.0" /></mjloggm>