<mjloggm ver="2.3"><GO type="97" lobby="0"/><UN n0="%6B%61%6E%6A%69%5E%5E" n1="%E3%82%A6%E3%83%AB%E3%83%88%E3%83%A9%E7%AB%8B%E7%9B%B4" n2="%E3%81%A7%E3%82%93%E3%81%A7%E3%82%93%E2%99%AA" n3="%75%69%69%70%67" dan="14,15,13,13" rate="2007.00,1993.07,1892.89,1880.21" sx="M,M,F,M"/><TAIKYOKU oya="0"/><INIT seed="0,0,0,1,4,98" ten="250,250,250,250" oya="0" hai0="89,104,47,1,101,81,125,33,23,110,22,133,27" hai1="85,50,51,44,95,87,96,4,93,108,109,135,90" hai2="102,130,11,48,56,10,86,132,68,6,17,46,28" hai3="113,106,3,118,116,76,15,127,16,107,111,7,66"/><T62/><D1/><U49/><E135/><V70/><F132/><W92/><G113/><T13/><D133/><U8/><E44/><V117/><F130/><W32/><G32/><T129/><D129/><U103/><REACH who="1" step="1"/><E87/><REACH who="1" ten="250,240,250,250" step="2"/><V53/><F86/><W124/><G118/><T77/><D47/><U38/><E38/><V131/><F131/><W122/><G116/><T5/><D125/><U61/><E61/><N who="2" m="35983" /><F117/><W35/><G124/><T59/><D62/><U114/><E114/><V2/><F70/><W97/><G127/><T37/><D37/><U24/><E24/><V39/><F68/><W128/><G128/><T112/><D27/><U31/><E31/><V14/><F39/><W21/><G122/><T36/><D36/><U82/><E82/><V57/><F57/><W41/><G35/><T115/><D59/><U88/><E88/><V43/><F28/><W73/><G73/><T83/><D89/><U63/><E63/><V134/><F134/><W20/><G76/><T91/><D91/><U72/><E72/><V0/><F0/><AGARI ba="0,1" hai="0,4,8,49,50,51,85,90,93,95,96,103,108,109" machi="0" ten="40,2600,0" yaku="1,1,52,1,53,0" doraHai="98" doraHaiUra="58" who="1" fromWho="2" sc="250,0,240,36,250,-26,250,0" /><INIT seed="1,0,0,1,2,125" ten="250,276,224,250" oya="1" hai0="113,135,94,131,16,57,80,73,97,25,79,133,2" hai1="99,66,116,8,69,104,102,82,10,23,65,45,128" hai2="47,37,64,1,77,71,62,83,29,106,108,30,120" hai3="27,134,89,20,4,14,24,46,88,51,22,34,126"/><U9/><E116/><V75/><F120/><W110/><G126/><T36/><D36/><U48/><E69/><V124/><F124/><W85/><G134/><N who="0" m="51211" /><D113/><U54/><E128/><V13/><F106/><W19/><G110/><T5/><D131/><U98/><E82/><V41/><F1/><W74/><G74/><T12/><D25/><U15/><E98/><V3/><F108/><W49/><G34/><T6/><D57/><U101/><E101/><V92/><F13/><W40/><G4/><T119/><D2/><U35/><E35/><V67/><F67/><W72/><G72/><T112/><D112/><U26/><REACH who="1" step="1"/><E15/><REACH who="1" ten="250,266,224,250" step="2"/><V50/><F92/><N who="3" m="54287" /><G14/><T117/><D117/><U7/><E7/><V59/><REACH who="2" step="1"/><F3/><REACH who="2" ten="250,266,214,250" step="2"/><W43/><G24/><T132/><D132/><U42/><E42/><V56/><F56/><W93/><G43/><T105/><D119/><U58/><E58/><V39/><F39/><W32/><G40/><T55/><D105/><U129/><E129/><V63/><F63/><W61/><G61/><T100/><D55/><AGARI ba="0,2" hai="29,30,37,41,47,50,55,59,62,64,71,75,77,83" machi="55" ten="40,8000,1" yaku="1,1,24,2,53,1" doraHai="125" doraHaiUra="76" who="2" fromWho="0" sc="250,-80,266,0,214,100,250,0" /><INIT seed="2,0,0,4,1,33" ten="170,266,314,250" oya="2" hai0="125,13,39,62,66,3,20,67,89,9,64,14,97" hai1="84,19,55,63,32,37,1,74,88,90,29,16,121" hai2="56,113,35,40,68,61,2,135,98,71,76,92,47" hai3="45,122,115,102,80,103,12,34,81,99,72,127,106"/><V128/><F113/><W108/><G34/><T78/><D39/><U107/><E37/><V112/><F112/><W51/><G115/><T110/><D110/><U26/><E74/><V83/><F35/><W105/><G122/><T116/><D116/><U48/><E107/><V126/><F126/><W53/><G127/><T36/><D36/><U101/><E101/><V130/><F135/><W85/><G72/><T21/><D125/><U23/><E63/><V38/><F130/><W24/><G108/><T28/><D78/><U132/><E1/><V111/><F111/><W11/><G24/><T60/><D3/><U79/><E132/><V52/><F128/><W133/><G133/><T18/><D28/><U73/><E121/><V134/><F134/><W109/><G109/><T58/><D62/><U86/><E73/><V43/><F43/><W123/><G123/><T131/><D131/><U120/><E79/><V0/><F0/><W50/><G50/><T10/><D97/><U118/><E32/><V96/><F2/><W77/><G81/><T42/><D42/><U22/><E118/><V49/><F38/><W69/><G69/><T59/><D89/><N who="1" m="34411" /><E29/><V15/><F15/><W27/><G27/><T5/><REACH who="0" step="1"/><D59/><REACH who="0" ten="160,266,314,250" step="2"/><N who="1" m="33255" /><E120/><V129/><F129/><W6/><G99/><T82/><D82/><U104/><E104/><V94/><F98/><W70/><G106/><T95/><D95/><N who="2" m="36394" /><F96/><N who="3" m="61639" /><G103/><T46/><D46/><U54/><E54/><AGARI ba="0,1" hai="5,9,10,13,14,18,20,21,54,58,60,64,66,67" machi="54" ten="40,2600,0" yaku="1,1,8,1,53,0" doraHai="33" doraHaiUra="117" who="0" fromWho="1" sc="160,36,266,-26,314,0,250,0" /><INIT seed="3,0,0,2,0,91" ten="196,240,314,250" oya="3" hai0="66,130,114,58,100,92,95,128,99,109,19,118,65" hai1="84,26,102,1,5,98,69,120,18,49,35,10,111" hai2="11,78,2,6,89,32,39,63,33,112,12,116,107" hai3="7,37,121,123,25,73,70,134,45,13,101,47,122"/><W51/><G73/><T74/><D74/><U85/><E120/><V86/><F116/><W9/><G70/><T64/><D118/><U87/><E111/><V90/><F112/><W29/><G37/><T62/><D109/><U40/><E69/><V113/><F113/><W0/><G0/><T27/><D114/><U105/><E40/><V15/><F39/><W124/><G124/><T103/><D128/><U104/><E49/><V44/><F107/><W61/><G134/><T88/><D130/><U117/><E117/><V59/><F78/><W115/><G115/><T71/><D71/><U125/><E125/><V108/><F108/><W135/><G135/><T68/><D68/><U133/><E133/><V83/><F44/><W81/><G81/><T43/><D43/><U82/><E82/><V41/><F41/><W23/><G61/><T93/><D103/><U22/><REACH who="1" step="1"/><E35/><REACH who="1" ten="196,230,314,250" step="2"/><V110/><F110/><W3/><G51/><T79/><D79/><U67/><E67/><N who="0" m="25673" /><D100/><U53/><E53/><N who="2" m="34287" /><F32/><N who="3" m="20527" /><G101/><T126/><D126/><U97/><E97/><V56/><F33/><W60/><G60/><T30/><D30/><U31/><E31/><V129/><F129/><W8/><G8/><T38/><D38/><U76/><E76/><N who="2" m="46439" /><F56/><W94/><G123/><T34/><D34/><U36/><E36/><V21/><F21/><AGARI ba="0,1" hai="19,21,27,58,62,66,88,92,93,95,99" m="25673" machi="21" ten="30,8000,1" yaku="8,1,52,3,54,1" doraHai="91" who="0" fromWho="2" sc="196,90,230,0,314,-80,250,0" /><INIT seed="4,0,0,4,3,56" ten="286,230,234,250" oya="0" hai0="93,77,95,28,82,37,112,52,42,30,76,7,103" hai1="22,17,40,41,39,18,101,13,119,43,16,109,72" hai2="85,29,45,5,123,4,55,32,135,132,9,3,19" hai3="31,113,50,35,1,90,75,38,71,51,65,107,15"/><T124/><D124/><U102/><E72/><V60/><F123/><W129/><G1/><T78/><D37/><U111/><E39/><V11/><F19/><W21/><G38/><T99/><D42/><U89/><E119/><V73/><F73/><W97/><G75/><T12/><D112/><U80/><E22/><V23/><F32/><W106/><G106/><T36/><D36/><U83/><E13/><V118/><F118/><W128/><G113/><T134/><D82/><N who="1" m="31275" /><E89/><V47/><F85/><W100/><G90/><T67/><D67/><U114/><E114/><V46/><F23/><W54/><G35/><T61/><D134/><N who="2" m="51242" /><F29/><W98/><G98/><T127/><D127/><U66/><E66/><V116/><F116/><W104/><G104/><T20/><D93/><U69/><E69/><V87/><F87/><W105/><G105/><T70/><D70/><U86/><E86/><V108/><F108/><AGARI ba="0,0" hai="16,17,18,40,41,43,101,102,108,109,111" m="31275" machi="108" ten="40,5200,0" yaku="28,2,54,1" doraHai="56" who="1" fromWho="2" sc="286,0,230,52,234,-52,250,0" /><INIT seed="5,0,0,5,5,4" ten="286,282,182,250" oya="1" hai0="14,32,119,43,44,83,121,129,98,114,9,10,127" hai1="89,33,111,82,93,0,51,31,26,99,115,67,122" hai2="65,46,8,131,110,79,109,113,50,100,95,135,126" hai3="88,104,39,108,29,91,72,71,78,74,77,45,15"/><U118/><E122/><V123/><F123/><W81/><G71/><T18/><D119/><U2/><E118/><V128/><F79/><W52/><G108/><N who="2" m="41577" /><F100/><W49/><G39/><T5/><D121/><U96/><E111/><V106/><F95/><W30/><G104/><T85/><D32/><U63/><E99/><V68/><F106/><W120/><G120/><T3/><D129/><N who="2" m="49738" /><F126/><W61/><G30/><T62/><D127/><U16/><E82/><V69/><F135/><W112/><G112/><T117/><D114/><U80/><E80/><V84/><F84/><N who="3" m="50191" /><G91/><T101/><D117/><U11/><E51/><V134/><F134/><W24/><G15/><N who="0" m="5551" /><D62/><U87/><E96/><V94/><F94/><W21/><G72/><T105/><D105/><U35/><E35/><V92/><F92/><W66/><G74/><T133/><D133/><U17/><E115/><V86/><F86/><W25/><G25/><T130/><D130/><U48/><E48/><V37/><F113/><W103/><G103/><T6/><D3/><U20/><E87/><V97/><F97/><W55/><G66/><T57/><D101/><U13/><E89/><V76/><F76/><W116/><G116/><T75/><D75/><U22/><E93/><V47/><F8/><W12/><G12/><T40/><D98/><U34/><E63/><N who="2" m="39999" /><F69/><W125/><G125/><T73/><D73/><U23/><E67/><V54/><F37/><W64/><G64/><T1/><D85/><U38/><E38/><V36/><F36/><W60/><G60/><T102/><D102/><U53/><E0/><V28/><F28/><RYUUKYOKU ba="0,0" sc="286,-15,282,-15,182,15,250,15" hai2="46,47,50,54" hai3="21,24,29,45,49,52,55,61,77,78" /><INIT seed="6,1,0,3,0,90" ten="271,267,197,265" oya="2" hai0="86,96,72,93,19,76,74,84,63,135,0,128,98" hai1="22,126,127,83,38,46,31,15,45,61,2,32,77" hai2="42,105,4,56,35,78,44,25,24,95,9,108,30" hai3="26,59,109,75,92,65,115,70,87,66,117,17,39"/><V116/><F116/><W130/><G117/><T104/><D0/><U48/><E2/><V129/><F105/><W36/><G75/><N who="0" m="28715" /><D63/><U80/><E32/><V28/><F129/><W23/><G130/><T34/><D34/><U88/><E61/><V53/><F108/><W111/><G70/><T101/><D19/><U21/><E77/><V47/><F78/><W67/><G59/><T8/><D8/><U71/><E71/><V91/><F42/><W69/><G69/><T37/><D37/><U132/><E38/><V114/><F114/><W85/><G115/><T6/><D6/><U18/><E132/><V113/><F113/><W49/><G49/><T54/><D54/><U103/><E103/><V79/><F79/><W7/><G7/><T14/><D14/><U68/><E68/><V131/><F131/><W41/><G41/><T13/><D13/><U29/><E48/><V122/><F122/><W5/><G5/><T82/><D128/><U106/><E15/><V120/><F120/><W107/><G107/><T50/><D50/><U118/><E106/><V58/><F9/><W134/><G134/><T3/><D3/><U112/><E112/><V11/><F11/><W52/><G52/><T125/><D135/><U97/><E18/><V110/><F4/><W43/><G43/><T133/><D133/><U33/><E33/><N who="2" m="20615" /><F110/><N who="3" m="41995" /><G85/><N who="0" m="48327" /><D125/><U119/><E126/><V89/><F89/><AGARI ba="1,0" hai="84,86,89,93,96,98,101,104" m="48327,28715" machi="89" ten="30,12000,2" yaku="35,5,52,1" doraHai="90" who="0" fromWho="2" sc="271,123,267,0,197,-123,265,0" owari="394,49.0,267,7.0,74,-43.0,265,-13.0" /></mjloggm>