<mjloggm ver="2.3"><GO type="97" lobby="0"/><UN n0="%E4%B8%AD%E6%B5%81" n1="%E3%82%A6%E3%83%AB%E3%83%88%E3%83%A9%E7%AB%8B%E7%9B%B4" n2="%59%75%69%68%6F%72%69%65" n3="%72%79%69%62" dan="14,15,13,14" rate="1960.72,2021.26,1904.95,1908.96" sx="M,M,M,M"/><TAIKYOKU oya="0"/><INIT seed="0,0,0,4,4,13" ten="250,250,250,250" oya="0" hai0="115,38,26,59,118,37,125,69,46,35,127,75,120" hai1="6,5,87,121,102,45,66,103,119,134,114,73,15" hai2="40,86,19,54,93,44,135,90,53,8,3,112,78" hai3="7,21,50,28,109,133,98,1,12,39,51,30,79"/><T91/><D120/><U89/><E73/><V17/><F112/><W100/><G39/><T116/><D75/><U110/><E121/><V68/><F68/><W49/><G1/><T33/><D115/><U88/><E114/><V20/><F135/><W71/><G71/><T64/><D59/><U131/><E134/><V101/><F78/><W108/><G133/><T111/><D91/><U16/><E131/><V106/><F106/><N who="3" m="63767" /><G79/><T14/><D14/><U61/><E45/><V70/><F70/><W104/><G104/><T29/><D35/><U97/><E110/><N who="3" m="42602" /><G7/><N who="1" m="2570" /><E119/><N who="0" m="45609" /><D111/><U107/><E107/><V22/><F3/><W99/><G99/><T48/><D48/><U43/><E43/><V10/><F101/><N who="1" m="38409" /><E97/><V123/><F123/><W18/><AGARI ba="0,0" hai="12,18,21,28,30,49,50,51" m="42602,63767" machi="18" ten="40,2700,0" yaku="14,1,52,1" doraHai="13" who="3" fromWho="3" sc="250,-13,250,-7,250,-7,250,27" /><INIT seed="1,0,0,0,0,33" ten="237,243,243,277" oya="1" hai0="128,27,72,65,131,0,132,56,6,57,122,2,73" hai1="66,103,51,60,61,68,50,98,97,86,113,107,82" hai2="81,59,10,105,31,28,89,123,77,58,134,53,43" hai3="37,67,71,117,115,24,7,63,3,106,23,12,120"/><U29/><E29/><V21/><F123/><W87/><G115/><T135/><D27/><U109/><E113/><V46/><F105/><W49/><G120/><T130/><D6/><U36/><E36/><V96/><F134/><N who="0" m="51242" /><D122/><U11/><E109/><V119/><F119/><W84/><G37/><T18/><D18/><U90/><E11/><V13/><F96/><W94/><G106/><T25/><D25/><U20/><E20/><V48/><F89/><W99/><G12/><T9/><D9/><U118/><E118/><V101/><F101/><W54/><G117/><T78/><D65/><U4/><E4/><V110/><F110/><W124/><G124/><T100/><D100/><U91/><REACH who="1" step="1"/><E60/><REACH who="1" ten="237,233,243,277" step="2"/><V17/><F48/><W5/><G5/><T127/><D127/><U34/><E34/><V116/><F21/><W88/><G7/><T111/><D111/><U102/><E102/><V121/><F121/><W38/><G38/><T44/><D44/><U69/><E69/><V16/><F116/><W80/><G49/><T22/><D22/><U45/><E45/><V42/><F46/><W112/><G112/><T35/><D35/><U15/><E15/><V83/><F13/><W14/><G14/><T74/><D78/><U30/><E30/><V93/><F31/><W75/><G23/><T55/><D55/><U95/><AGARI ba="0,1" hai="50,51,61,66,68,82,86,90,91,95,97,98,103,107" machi="95" ten="30,11700,0" yaku="1,1,0,1,53,2" doraHai="33" doraHaiUra="92" who="1" fromWho="1" sc="237,-39,233,127,243,-39,277,-39" /><INIT seed="1,1,0,4,1,24" ten="198,360,204,238" oya="1" hai0="28,49,2,56,119,73,15,129,43,53,69,92,97" hai1="101,34,10,102,45,13,41,7,17,72,120,78,99" hai2="87,93,59,21,124,22,122,48,133,50,60,77,107" hai3="37,67,12,115,118,51,0,54,18,127,80,64,103"/><U81/><E34/><V113/><F122/><W66/><G115/><T114/><D114/><U82/><E120/><V90/><F113/><W91/><G0/><T84/><D2/><U86/><E99/><V46/><F107/><W31/><G37/><T33/><D73/><U94/><E94/><V20/><F124/><W47/><G127/><T38/><D119/><U74/><E74/><V5/><F133/><W71/><G71/><T39/><D84/><U108/><E108/><V98/><F5/><W131/><G131/><T132/><D132/><U27/><E27/><V111/><F111/><W25/><G103/><T83/><D83/><U121/><E121/><V105/><F105/><W125/><G125/><T128/><D69/><U135/><E135/><V3/><F3/><W1/><G1/><T55/><D15/><U95/><E95/><V16/><F46/><W130/><G118/><T96/><D55/><U57/><E57/><V9/><F9/><N who="3" m="6415" /><G130/><N who="0" m="50283" /><D43/><U123/><E123/><V8/><F8/><W112/><G112/><T109/><D109/><U106/><E106/><V117/><F117/><W70/><G70/><T126/><D126/><U104/><E104/><V14/><F77/><W68/><G68/><T26/><D92/><U100/><E82/><V23/><REACH who="2" step="1"/><F98/><AGARI ba="1,0" hai="26,28,33,38,39,49,53,56,96,97,98" m="50283" machi="98" ten="30,2000,0" yaku="19,1,52,1" doraHai="24" who="0" fromWho="2" sc="198,23,360,0,204,-23,238,0" /><INIT seed="2,0,0,3,5,30" ten="221,360,181,238" oya="2" hai0="95,31,24,9,69,51,85,81,129,16,86,115,72" hai1="134,92,93,97,66,128,26,102,65,59,64,48,113" hai2="46,44,75,70,15,39,2,57,52,91,122,6,117" hai3="94,41,76,37,5,45,87,63,34,79,132,0,38"/><V108/><F117/><W135/><G37/><T27/><D115/><U131/><E113/><V89/><F122/><W23/><G23/><T18/><D69/><U78/><E78/><V82/><F70/><W22/><G22/><T90/><D72/><U110/><E110/><V74/><F2/><W17/><G17/><T40/><D129/><N who="1" m="49739" /><E134/><V13/><F108/><W121/><G121/><T10/><D27/><U114/><E114/><V104/><F104/><W101/><G63/><T47/><D9/><U77/><E77/><V119/><F119/><W111/><G111/><T55/><D40/><U8/><E8/><V35/><F35/><W19/><G19/><T130/><D10/><U98/><E26/><V109/><F109/><W107/><G34/><T12/><D12/><N who="2" m="4682" /><F39/><W61/><G38/><T120/><D120/><U80/><E80/><V83/><F6/><W33/><G5/><T68/><D68/><U14/><E14/><V126/><F126/><W103/><G135/><T73/><D73/><N who="2" m="27658" /><F57/><W32/><G132/><T106/><D106/><N who="1" m="63823" /><E98/><V100/><F100/><W7/><G101/><T123/><D123/><U56/><E56/><V3/><F3/><W36/><G103/><T67/><D130/><U127/><E127/><V1/><F1/><W99/><G0/><T21/><D67/><U29/><E29/><V105/><F105/><W133/><G107/><T118/><D118/><U20/><E20/><V62/><F46/><W4/><G133/><T125/><D125/><U124/><E124/><V112/><F112/><W71/><G45/><T50/><D50/><U96/><E96/><RYUUKYOKU ba="0,0" sc="221,15,360,15,181,-15,238,-15" hai0="16,18,21,24,31,47,51,55,81,85,86,90,95" hai1="48,59,64,65,66,92,93" /><INIT seed="3,1,0,4,0,114" ten="236,375,166,223" oya="3" hai0="134,55,135,122,99,15,88,11,1,63,0,31,2" hai1="112,80,94,118,97,52,128,127,64,107,109,102,45" hai2="36,29,37,132,60,6,14,77,87,39,35,44,12" hai3="108,84,33,120,133,43,21,91,50,32,9,17,104"/><W41/><G104/><T23/><D122/><U61/><E112/><V93/><F132/><N who="0" m="50730" /><D63/><U48/><E127/><V119/><F119/><W26/><G133/><T20/><D55/><U59/><E118/><V129/><F129/><W121/><G121/><T71/><D71/><U131/><E109/><V68/><F6/><W115/><G115/><T126/><D126/><U57/><E80/><V30/><F44/><W125/><G120/><T54/><D54/><U53/><REACH who="1" step="1"/><E107/><REACH who="1" ten="236,365,166,223" step="2"/><V47/><F47/><W62/><G125/><T38/><D38/><N who="2" m="9730" /><V74/><DORA hai="103" /><F35/><W124/><G108/><T56/><D0/><U3/><E3/><V82/><F74/><W19/><G124/><T79/><D1/><U86/><E86/><V78/><F93/><N who="3" m="54503" /><G33/><T73/><D2/><U22/><E22/><V83/><F87/><W24/><G32/><T92/><D20/><U105/><E105/><V49/><F49/><AGARI ba="1,1" hai="45,48,49,52,53,57,59,61,64,94,97,102,128,131" machi="49" ten="40,2600,0" yaku="1,1,54,1,53,0" doraHai="114,103" doraHaiUra="130,81" who="1" fromWho="2" sc="236,0,365,39,166,-29,223,0" owari="236,4.0,404,50.0,137,-36.0,223,-18.0" /></mjloggm>