<mjloggm ver="2.3"><GO type="97" lobby="0"/><UN n0="%E6%94%BE%E6%B5%AA%E3%81%AE%E3%83%97%E3%83%AA%E3%83%B3%E3%82%B9" n1="%E3%81%99%E3%81%84%E3%81%A6%E3%81%8D%E5%AE%88" n2="%E5%A4%9A%E3%80%85%E8%89%AF%E5%B3%B6" n3="%E3%82%A6%E3%83%AB%E3%83%88%E3%83%A9%E7%AB%8B%E7%9B%B4" dan="15,13,16,15" rate="1982.07,1896.39,2071.29,2008.56" sx="M,F,M,M"/><TAIKYOKU oya="0"/><INIT seed="0,0,0,2,4,9" ten="250,250,250,250" oya="0" hai0="20,15,81,94,33,82,37,78,23,103,16,76,133" hai1="92,99,90,41,129,118,55,50,5,89,3,34,85" hai2="100,2,58,84,51,69,6,38,74,87,25,49,93" hai3="67,117,113,65,48,108,60,12,47,57,8,46,97"/><T102/><D33/><U95/><E118/><V22/><F69/><W30/><G108/><T119/><D37/><U122/><E122/><V111/><F74/><W130/><G130/><T86/><D119/><U36/><E129/><V18/><F38/><W27/><G113/><T88/><D133/><U13/><E3/><V91/><F111/><W42/><G117/><T63/><D63/><U134/><E134/><V53/><F2/><W68/><G47/><T71/><D71/><U64/><E64/><V29/><F6/><W104/><G68/><T101/><D23/><U123/><E34/><V19/><F100/><W70/><G70/><T79/><AGARI ba="0,0" hai="15,16,20,76,78,79,81,82,86,88,94,101,102,103" machi="79" ten="30,12000,1" yaku="0,1,8,1,52,1,54,2" doraHai="9" who="0" fromWho="0" sc="250,120,250,-40,250,-40,250,-40" /><INIT seed="0,1,0,1,3,67" ten="370,210,210,210" oya="0" hai0="77,117,28,87,55,82,64,97,110,58,131,104,69" hai1="124,122,80,66,51,76,14,46,73,86,95,128,37" hai2="53,79,130,121,29,2,27,123,68,16,18,45,9" hai3="3,106,60,61,114,4,19,11,129,56,105,63,135"/><T134/><D117/><U52/><E122/><V48/><F79/><W47/><G56/><T90/><D134/><U107/><E107/><V65/><F130/><W120/><G47/><T127/><D131/><U39/><E128/><V54/><F54/><W32/><G129/><T43/><D127/><U33/><E33/><V125/><F125/><W23/><G114/><T100/><D110/><U59/><E124/><V22/><F18/><W103/><G103/><T94/><D28/><U30/><E30/><V89/><F89/><W17/><G17/><T78/><D43/><U92/><E73/><V1/><F1/><W40/><G40/><T26/><D26/><U20/><E20/><V112/><F112/><W24/><G120/><T84/><D64/><U118/><E14/><V132/><F132/><W34/><G135/><T38/><D38/><U93/><REACH who="1" step="1"/><E118/><REACH who="1" ten="370,200,210,210" step="2"/><V7/><REACH who="2" step="1"/><F29/><REACH who="2" ten="370,200,200,210" step="2"/><W42/><G3/><T83/><D78/><U62/><AGARI ba="1,2" hai="37,39,46,51,52,59,62,66,76,80,86,92,93,95" machi="62" ten="30,7900,0" yaku="1,1,2,1,0,1,54,1,53,0" doraHai="67" doraHaiUra="85" who="1" fromWho="1" sc="370,-40,200,102,200,-21,210,-21" /><INIT seed="1,0,0,1,3,38" ten="330,302,179,189" oya="1" hai0="118,99,22,125,113,7,134,33,59,41,77,18,24" hai1="100,40,107,133,71,39,91,97,16,34,124,112,96" hai2="37,122,86,61,32,10,129,8,15,48,12,127,57" hai3="29,51,25,14,117,88,72,3,6,87,98,5,21"/><U76/><E112/><V69/><F37/><W78/><G117/><T93/><D113/><U56/><E34/><V108/><F32/><W126/><G126/><T120/><D118/><U42/><E71/><V1/><F1/><W130/><G130/><T92/><D125/><U63/><E124/><V105/><F127/><W101/><G3/><T62/><D134/><U135/><E39/><V47/><F105/><W60/><G78/><T119/><D119/><U80/><E96/><V84/><F69/><W104/><G72/><T65/><D120/><U31/><E91/><V106/><F106/><W75/><G75/><T103/><D33/><U9/><E31/><V73/><F73/><W111/><G111/><T49/><D77/><U64/><E133/><V89/><F122/><W54/><G60/><T53/><D7/><U123/><E135/><V116/><F108/><W79/><G14/><T20/><D20/><U30/><E30/><V45/><F116/><W68/><G79/><T2/><D2/><U44/><E44/><V28/><F129/><W132/><G68/><T17/><D17/><U52/><E64/><V102/><F102/><W128/><G128/><T70/><D41/><U94/><E107/><AGARI ba="0,0" hai="18,22,24,49,53,59,62,65,70,92,93,99,103,107" machi="107" ten="30,1000,0" yaku="7,1" doraHai="38" who="0" fromWho="1" sc="330,10,302,-10,179,0,189,0" /><INIT seed="2,0,0,2,5,60" ten="340,292,179,189" oya="2" hai0="103,123,121,43,41,88,25,114,69,71,32,98,37" hai1="89,57,6,13,44,55,74,84,18,134,132,78,72" hai2="67,11,75,96,3,73,76,109,83,45,50,4,8" hai3="17,110,116,30,87,26,64,106,36,120,128,49,80"/><V91/><F109/><W2/><G36/><T35/><D88/><U102/><E102/><V77/><F11/><W125/><G2/><T118/><D43/><U122/><E6/><V29/><F29/><W28/><G120/><N who="0" m="46155" /><D114/><U70/><E70/><N who="0" m="26633" /><D25/><U31/><E31/><V66/><F96/><W34/><G30/><T94/><D94/><N who="1" m="54567" /><E78/><V7/><F91/><W20/><G110/><T15/><D15/><U63/><E44/><V119/><F119/><W129/><G116/><T127/><D118/><U16/><E122/><V19/><F19/><N who="1" m="7209" /><E13/><V112/><F112/><W40/><G28/><T22/><D22/><U10/><E10/><V52/><REACH who="2" step="1"/><F7/><REACH who="2" ten="340,292,169,189" step="2"/><W97/><G97/><T117/><D117/><U47/><E134/><V133/><F133/><W90/><G34/><T130/><D32/><U39/><E132/><V131/><F131/><W53/><G128/><T62/><D35/><U23/><E23/><V95/><F95/><W5/><G129/><T135/><D130/><U12/><E74/><V124/><F124/><W65/><G125/><T101/><D135/><U107/><E72/><V59/><F59/><N who="3" m="33199" /><G106/><T1/><D127/><U42/><E107/><V48/><F48/><W56/><G56/><T85/><D98/><U46/><E57/><V51/><F51/><W38/><G5/><T81/><D101/><U82/><E47/><V100/><F100/><W93/><G93/><T111/><D103/><U21/><E46/><V99/><F99/><W86/><G86/><T33/><D111/><U24/><E21/><V104/><F104/><W68/><G68/><T0/><D33/><RYUUKYOKU ba="0,1" sc="340,-15,292,-15,169,15,189,15" hai2="3,4,8,45,50,52,66,67,73,75,76,77,83" hai3="17,20,26,38,40,64,65,80,87,90" /><INIT seed="2,1,1,1,0,125" ten="325,277,184,204" oya="2" hai0="60,12,24,86,47,62,117,85,130,118,100,58,37" hai1="3,74,31,53,16,94,68,48,103,67,110,73,46" hai2="105,95,22,44,87,8,99,72,81,128,5,6,45" hai3="19,38,15,119,127,90,80,56,89,123,49,124,79"/><V64/><F128/><W34/><G38/><T132/><D130/><U33/><E110/><V134/><F134/><W112/><G34/><T55/><D132/><U135/><E3/><V113/><F113/><W104/><G104/><T75/><D75/><U71/><E135/><V107/><F64/><W23/><G119/><N who="0" m="45579" /><D24/><U109/><E109/><V57/><F57/><W76/><G112/><T27/><D27/><U114/><E114/><V120/><F22/><W106/><G106/><T98/><D62/><U70/><E67/><V50/><F120/><W2/><G2/><T9/><D47/><U10/><E31/><V7/><F72/><N who="3" m="43015" /><G79/><T108/><D37/><U82/><E82/><V4/><N who="2" m="1024" /><DORA hai="51" /><V0/><F0/><W41/><G123/><T101/><D108/><U126/><E33/><V13/><F107/><W121/><G121/><T65/><D65/><U14/><REACH who="1" step="1"/><E126/><REACH who="1" ten="325,267,184,204" step="2"/><V59/><F105/><W30/><G127/><T92/><D101/><U1/><E1/><V115/><F115/><W84/><G30/><T102/><D100/><U29/><E29/><V32/><F32/><W88/><G124/><T91/><D102/><U83/><E83/><V17/><F81/><W116/><G116/><T54/><D54/><U42/><E42/><V97/><F87/><W25/><G41/><T131/><D131/><U20/><E20/><V122/><F122/><W35/><G84/><T52/><D55/><U129/><E129/><V111/><F111/><W39/><G35/><T78/><D78/><U66/><E66/><V18/><F99/><AGARI ba="1,2" hai="10,14,16,46,48,53,68,70,71,73,74,94,99,103" machi="99" ten="40,5200,0" yaku="1,1,52,1,54,1,53,0" doraHai="125,51" doraHaiUra="26,61" who="1" fromWho="2" sc="325,0,267,75,184,-55,204,0" /><INIT seed="3,0,0,3,2,103" ten="325,342,129,204" oya="3" hai0="126,124,66,1,42,48,50,131,31,8,63,72,41" hai1="46,26,96,115,9,45,47,117,134,39,108,85,107" hai2="7,76,35,111,22,90,73,18,75,100,13,110,78" hai3="25,104,52,80,64,32,123,70,135,55,114,102,97"/><W19/><G135/><T23/><D72/><U74/><E134/><V118/><F35/><W93/><G123/><T61/><D131/><U34/><E74/><N who="2" m="28171" /><F22/><W65/><G114/><T40/><D1/><U71/><E71/><V37/><F18/><W44/><G80/><T49/><D8/><U95/><E9/><V101/><F13/><W105/><G19/><T122/><D122/><U106/><E26/><V15/><F15/><W129/><G129/><T91/><D91/><U11/><E11/><V116/><F37/><W125/><G65/><T29/><D23/><U94/><E34/><V98/><F7/><W58/><G93/><T88/><D88/><U12/><E12/><V3/><F3/><W127/><G44/><T54/><D31/><U20/><E20/><V83/><F90/><W112/><G112/><T24/><D24/><U119/><E46/><V89/><F89/><W120/><G120/><T14/><D14/><U10/><E47/><V56/><F56/><W53/><G25/><T69/><D29/><U109/><E45/><V4/><F4/><W128/><G32/><T51/><D63/><U0/><E10/><V6/><F6/><W133/><G128/><T59/><AGARI ba="0,0" hai="40,41,42,48,49,50,51,54,59,61,66,69,124,126" machi="59" ten="40,8000,1" yaku="0,1,34,3" doraHai="103" who="0" fromWho="0" sc="325,80,342,-20,129,-20,204,-40" owari="405,51.0,322,12.0,109,-39.0,164,-24.0" /></mjloggm>