<mjloggm ver="2.3"><GO type="97" lobby="0"/><UN n0="%E3%82%A6%E3%83%AB%E3%83%88%E3%83%A9%E7%AB%8B%E7%9B%B4" n1="%78%E3%82%89%E2%86%92%E3%81%8F%78" n2="%E3%83%A2%E3%83%81%E3%83%A2%E3%83%83%E3%83%81" n3="%E3%81%84%E3%82%93%E3%81%B1%E3%82%89" dan="16,15,14,13" rate="2003.74,2036.22,1893.17,1869.18" sx="M,M,M,M"/><TAIKYOKU oya="0"/><INIT seed="0,0,0,3,2,31" ten="250,250,250,250" oya="0" hai0="22,46,40,49,36,60,26,42,3,134,122,123,30" hai1="76,54,125,27,115,133,107,132,124,89,62,34,8" hai2="70,6,14,92,129,7,78,28,111,90,126,82,128" hai3="48,84,29,80,13,119,69,51,86,91,45,37,18"/><T64/><D3/><U43/><E107/><V120/><F120/><W109/><G119/><T10/><D134/><N who="1" m="51819" /><E115/><V73/><F111/><W117/><G117/><T61/><D42/><U9/><E76/><V52/><F126/><N who="1" m="48745" /><E43/><V55/><F70/><W23/><G109/><T121/><D10/><U81/><E81/><V11/><F7/><W116/><G116/><T85/><D85/><U98/><E89/><V50/><F28/><W100/><G69/><T87/><D87/><U65/><E98/><V108/><F108/><W39/><G29/><T1/><D1/><U83/><E54/><V47/><REACH who="2" step="1"/><F55/><REACH who="2" ten="250,250,240,250" step="2"/><W21/><G21/><T44/><D122/><U77/><E65/><V112/><F112/><W88/><G23/><T41/><D61/><U94/><E62/><V67/><F67/><W104/><G18/><T97/><D97/><AGARI ba="0,1" hai="6,11,14,47,50,52,73,78,82,90,92,97,128,129" machi="97" ten="40,2600,0" yaku="1,1,54,1,53,0" doraHai="31" doraHaiUra="131" who="2" fromWho="0" sc="250,-26,250,0,240,36,250,0" /><INIT seed="1,0,0,1,0,64" ten="224,250,276,250" oya="1" hai0="63,86,51,47,16,1,50,70,128,126,127,68,43" hai1="120,106,21,97,123,54,17,41,30,61,77,40,20" hai2="46,105,72,31,69,53,80,107,45,85,95,108,11" hai3="4,74,62,15,91,2,56,9,116,14,10,88,134"/><U83/><E123/><V101/><F72/><W0/><G116/><T27/><D1/><U12/><E120/><V109/><F31/><W100/><G134/><T133/><D86/><U6/><E54/><V131/><F131/><W114/><G114/><T99/><D99/><U115/><E115/><V94/><F11/><W98/><G74/><T129/><D63/><U118/><E61/><V112/><F112/><W104/><G0/><T124/><D133/><U5/><E106/><V7/><F7/><N who="1" m="2569" /><E97/><V36/><F36/><W79/><G2/><T90/><D90/><U102/><E102/><V117/><F117/><W103/><G79/><T33/><D51/><U23/><E118/><V34/><F34/><W75/><G75/><T81/><D81/><U89/><E77/><V13/><F13/><W122/><G122/><T44/><D44/><U119/><E119/><V135/><F135/><W52/><REACH who="3" step="1"/><G103/><REACH who="3" ten="224,250,276,240" step="2"/><T66/><D128/><U60/><E30/><V18/><F101/><W49/><G49/><T58/><D129/><U76/><E76/><V67/><F108/><W29/><G29/><T48/><D48/><U84/><E60/><V22/><F109/><W71/><G71/><T37/><D50/><U26/><E26/><V38/><F69/><N who="0" m="26730" /><D58/><U8/><AGARI ba="0,1" hai="8,12,17,20,21,23,40,41,83,84,89" m="2569" machi="8" ten="30,1500,0" yaku="8,1" doraHai="64" who="1" fromWho="1" sc="224,-5,250,25,276,-5,240,-5" /><INIT seed="1,1,0,5,3,120" ten="219,275,271,235" oya="1" hai0="98,64,30,54,105,27,107,41,101,11,35,109,39" hai1="67,59,108,32,3,26,125,69,129,50,106,33,100" hai2="68,86,77,127,49,8,10,55,114,119,118,47,81" hai3="99,1,51,16,9,121,135,70,38,14,111,4,65"/><U73/><E50/><V80/><F68/><W82/><G121/><T122/><D122/><U79/><E59/><V116/><F127/><W104/><G38/><T94/><D41/><U90/><E90/><V130/><F130/><W96/><G135/><T60/><D39/><U84/><E84/><V44/><F44/><W17/><G82/><T87/><D54/><U43/><E43/><V5/><F114/><W12/><G51/><T25/><D25/><U128/><E125/><V53/><F53/><W62/><G111/><T113/><D113/><U19/><E3/><V56/><F56/><W74/><G74/><T92/><D11/><U58/><E58/><V112/><F112/><W78/><G78/><T63/><D63/><N who="1" m="40191" /><E19/><V28/><F28/><W24/><G24/><T72/><D72/><U83/><E26/><V115/><F115/><W6/><G6/><T0/><D0/><U103/><E108/><V66/><F66/><W85/><G85/><T42/><D42/><U110/><E110/><V46/><F46/><W117/><G117/><T134/><D109/><U123/><E123/><V15/><F10/><W102/><REACH who="3" step="1"/><G99/><REACH who="3" ten="219,275,271,225" step="2"/><T91/><D134/><U7/><E7/><V45/><F116/><W34/><G34/><T36/><D36/><U97/><E33/><V2/><F118/><W13/><AGARI ba="1,1" hai="1,4,9,12,13,14,16,17,62,65,70,96,102,104" machi="13" ten="30,4000,0" yaku="1,1,0,1,54,1,53,0" doraHai="120" doraHaiUra="31" who="3" fromWho="3" sc="219,-11,275,-21,271,-11,225,53" /><INIT seed="2,0,0,2,4,57" ten="208,254,260,278" oya="2" hai0="82,39,129,109,38,91,61,121,74,51,37,81,40" hai1="116,112,106,105,47,14,1,125,64,130,58,111,100" hai2="48,79,88,123,92,31,30,3,98,63,108,95,75" hai3="117,113,127,53,28,85,77,0,59,54,45,131,132"/><V33/><F123/><W9/><G117/><T34/><D34/><U4/><E112/><V71/><F3/><W50/><G113/><T29/><D29/><U65/><E116/><V32/><F32/><W133/><G131/><T97/><D82/><U17/><E111/><V118/><F118/><W20/><G127/><T52/><D109/><U76/><E125/><V8/><F108/><W43/><G0/><T72/><D121/><U122/><E130/><V78/><F75/><W62/><G9/><T110/><D110/><U24/><E76/><V46/><F33/><W87/><G28/><N who="2" m="10793" /><F71/><W126/><G126/><T56/><D129/><U124/><E106/><V134/><F134/><N who="3" m="51819" /><G20/><T18/><D18/><U86/><E17/><V70/><F70/><W102/><G102/><T12/><D12/><U114/><E14/><V135/><F135/><W80/><G87/><T73/><D97/><U89/><E86/><N who="2" m="52247" /><F8/><W44/><G44/><T115/><D115/><U66/><E47/><V99/><F63/><W55/><AGARI ba="0,0" hai="43,45,50,53,54,55,59,62,77,80,85" m="51819" machi="55" ten="30,2000,0" yaku="20,1,52,1" doraHai="57" who="3" fromWho="3" sc="208,-5,254,-5,260,-10,278,20" /><INIT seed="3,0,0,0,4,7" ten="203,249,250,298" oya="3" hai0="21,94,107,131,20,111,35,108,112,47,114,135,74" hai1="16,109,76,5,63,19,119,50,82,62,57,29,40" hai2="41,103,51,133,28,124,42,115,56,22,88,33,102" hai3="89,66,36,129,86,121,105,127,134,98,101,122,53"/><W126/><G36/><T54/><D94/><U12/><E109/><N who="0" m="42057" /><D74/><U91/><E119/><V75/><F115/><N who="0" m="44074" /><D107/><U117/><E117/><V8/><F33/><W80/><G66/><T24/><D54/><U58/><E91/><V37/><F37/><W34/><G34/><T9/><D47/><U116/><E116/><V52/><F75/><W130/><G53/><T46/><D46/><N who="1" m="25927" /><E29/><V69/><F69/><W59/><G59/><N who="1" m="22538" /><E76/><V39/><F39/><W93/><G134/><T10/><D135/><U68/><E82/><V25/><F133/><W83/><G122/><T128/><D35/><U13/><E68/><V113/><F113/><W23/><G23/><N who="0" m="8779" /><D24/><U79/><E79/><V2/><F25/><W43/><G121/><T44/><D44/><U100/><E100/><V48/><F102/><W77/><G43/><T18/><D18/><U61/><E5/><V120/><F103/><W1/><G1/><T6/><D6/><U96/><E96/><V30/><F42/><W97/><G80/><T31/><D31/><U60/><E60/><V11/><F41/><W78/><G78/><T17/><D17/><AGARI ba="0,0" hai="12,13,16,17,19,61,62,63" m="22538,25927" machi="17" ten="30,2000,0" yaku="8,1,54,1" doraHai="7" who="1" fromWho="0" sc="203,-20,249,20,250,0,298,0" /><INIT seed="4,0,0,4,0,58" ten="183,269,250,298" oya="0" hai0="113,112,12,7,132,98,99,79,32,135,77,110,86" hai1="20,107,101,8,44,45,62,11,127,89,0,50,133" hai2="91,24,109,124,106,74,42,102,21,54,69,70,27" hai3="48,87,22,41,81,66,95,92,122,96,111,129,3"/><T56/><D32/><U125/><E133/><N who="0" m="51273" /><D12/><U82/><E107/><V40/><F109/><W71/><G111/><T80/><D7/><N who="1" m="1127" /><E101/><V93/><F74/><W36/><G3/><T131/><D110/><U78/><E11/><V128/><F42/><W29/><G36/><T94/><D56/><U26/><E89/><V57/><F40/><W103/><G71/><T2/><D2/><U19/><E50/><V130/><F124/><N who="1" m="47689" /><E62/><N who="2" m="36151" /><F102/><W13/><G66/><T51/><D51/><U10/><E10/><V114/><F114/><N who="0" m="44138" /><D131/><N who="2" m="50218" /><F106/><W90/><G129/><T84/><D94/><U46/><E46/><V59/><F59/><W105/><G122/><T53/><D53/><U117/><E117/><V31/><F27/><W100/><G41/><T30/><D30/><U76/><E76/><V39/><F39/><W28/><G48/><T1/><D1/><U17/><E17/><V9/><F9/><W104/><G104/><T73/><D73/><AGARI ba="0,0" hai="19,20,26,44,45,73,78,82" m="47689,1127" machi="73" ten="30,1000,0" yaku="18,1" doraHai="58" who="1" fromWho="0" sc="183,-10,269,10,250,0,298,0" /><INIT seed="5,0,0,0,1,122" ten="173,279,250,298" oya="1" hai0="120,40,20,21,131,96,53,66,95,62,127,116,49" hai1="92,3,103,59,60,44,110,10,94,38,28,35,73" hai2="114,36,79,130,85,77,78,74,135,1,119,17,30" hai3="93,97,89,43,11,111,100,15,86,9,51,32,0"/><U88/><E73/><V112/><F36/><W14/><G111/><T8/><D120/><U54/><E35/><V57/><F1/><W71/><G71/><T27/><D116/><U125/><E28/><V52/><F119/><W6/><G32/><T19/><D127/><U56/><E125/><V67/><F67/><W108/><G108/><T80/><D131/><U99/><E38/><V31/><F130/><W63/><G63/><T48/><D40/><U129/><E129/><V23/><F74/><W124/><G124/><T12/><D80/><U34/><E110/><V7/><F7/><N who="3" m="3391" /><G0/><T55/><D21/><U84/><E34/><V2/><F2/><W126/><G126/><T68/><D49/><N who="1" m="28967" /><E3/><V76/><F85/><W64/><G64/><T82/><D82/><U106/><E106/><V37/><F37/><W13/><G13/><T70/><D48/><U45/><E45/><V91/><F91/><W118/><G118/><T107/><D107/><U65/><E56/><V26/><N who="2" m="19456" /><DORA hai="123" /><V24/><F135/><W29/><G29/><T87/><D68/><U81/><E81/><V109/><F109/><W72/><G72/><T90/><REACH who="0" step="1"/><D96/><REACH who="0" ten="163,279,250,298" step="2"/><U83/><E83/><V104/><F104/><W33/><G51/><T5/><AGARI ba="0,1" hai="5,8,12,19,20,27,53,55,62,66,70,87,90,95" machi="5" ten="20,5200,0" yaku="1,1,2,1,0,1,7,1,53,0" doraHai="122,123" doraHaiUra="75,128" who="0" fromWho="0" sc="163,62,279,-26,250,-13,298,-13" /><INIT seed="6,0,0,2,0,88" ten="225,253,237,285" oya="2" hai0="62,56,16,129,44,97,13,50,30,68,65,25,63" hai1="92,123,46,133,96,84,22,26,55,119,100,106,83" hai2="71,17,24,114,2,107,85,79,42,60,38,14,110" hai3="127,15,48,27,5,21,33,98,37,64,40,73,29"/><V86/><F107/><W94/><G73/><T90/><D129/><U7/><E119/><V1/><F114/><W57/><G37/><T0/><D0/><U18/><E133/><V4/><F42/><W43/><G33/><T115/><D115/><U11/><E123/><V12/><F38/><W8/><G127/><T19/><D13/><N who="1" m="5375" /><E106/><V35/><F60/><N who="3" m="37903" /><G48/><T126/><D126/><U91/><E46/><V82/><F71/><W28/><G28/><T101/><D90/><AGARI ba="0,0" hai="5,8,15,21,27,29,40,43,90,94,98" m="37903" machi="90" ten="30,2000,0" yaku="8,1,52,1" doraHai="88" who="3" fromWho="0" sc="225,-20,253,0,237,0,285,20" owari="205,-29.0,253,5.0,237,-16.0,305,40.0" /></mjloggm>