<mjloggm ver="2.3"><GO type="97" lobby="0"/><UN n0="%E3%82%A6%E3%83%AB%E3%83%88%E3%83%A9%E7%AB%8B%E7%9B%B4" n1="%53%EF%BC%8E%E6%B5%85%E5%80%89" n2="%6E%61%6F%6E%6F%72%69" n3="%35%38%30" dan="15,14,15,15" rate="2036.59,1919.38,1930.85,2002.12" sx="M,M,M,M"/><TAIKYOKU oya="0"/><INIT seed="0,0,0,0,3,113" ten="250,250,250,250" oya="0" hai0="23,65,12,32,38,96,4,60,17,79,106,104,9" hai1="51,0,72,8,28,78,130,50,124,111,55,22,131" hai2="94,18,10,40,36,128,107,123,47,44,1,92,81" hai3="100,80,5,97,24,49,56,66,6,34,99,48,112"/><T90/><D38/><U89/><E124/><V108/><F123/><W87/><G112/><T75/><D32/><U14/><E111/><V37/><F107/><W68/><G99/><T88/><D79/><U39/><E39/><V95/><F108/><W2/><G68/><T54/><D75/><U26/><E0/><V29/><F29/><W3/><G3/><T71/><D54/><U21/><E21/><V73/><F128/><N who="1" m="49193" /><E89/><V101/><F18/><W127/><G127/><T125/><D125/><U114/><E114/><V11/><F101/><W117/><G117/><T67/><D67/><U42/><E42/><V43/><F1/><W59/><G34/><T57/><D71/><U62/><E62/><V74/><REACH who="2" step="1"/><F81/><REACH who="2" ten="250,250,240,250" step="2"/><W93/><G2/><T122/><D122/><U98/><E28/><V45/><F45/><W7/><G80/><T15/><REACH who="0" step="1"/><D106/><REACH who="0" ten="240,250,240,250" step="2"/><U69/><E55/><V120/><F120/><W13/><G66/><T16/><D16/><N who="1" m="12615" /><E72/><AGARI ba="0,2" hai="10,11,36,37,40,43,44,47,72,73,74,92,94,95" machi="72" ten="40,2600,0" yaku="1,1,9,1,53,0" doraHai="113" doraHaiUra="103" who="2" fromWho="1" sc="240,0,250,-26,240,46,250,0" /><INIT seed="1,0,0,3,1,39" ten="240,224,286,250" oya="1" hai0="12,128,126,45,31,66,32,60,82,111,36,75,49" hai1="20,71,132,0,110,102,46,91,61,106,24,97,33" hai2="65,133,73,129,124,7,62,53,69,112,54,80,68" hai3="35,4,103,84,95,90,116,52,13,117,29,94,78"/><U57/><E132/><V26/><F7/><W105/><G35/><T70/><D111/><U27/><E110/><V48/><F73/><W79/><G29/><T18/><D126/><U2/><E91/><V5/><F5/><W67/><G67/><T87/><D75/><U93/><E106/><V37/><F80/><W3/><G3/><T40/><D128/><U130/><E130/><V38/><F129/><W101/><G4/><T107/><D107/><U104/><E27/><V72/><F26/><W19/><G19/><T81/><D31/><U44/><E44/><N who="2" m="27783" /><F72/><W51/><G13/><T127/><D32/><U64/><E46/><V6/><F6/><W30/><G30/><T88/><D127/><U98/><E57/><N who="2" m="35127" /><F124/><W89/><G51/><T17/><D17/><U21/><E21/><V92/><F92/><W131/><G52/><T135/><D135/><U85/><E85/><V115/><F133/><W43/><G43/><T16/><D18/><U108/><E108/><V55/><F55/><W63/><G63/><T42/><D81/><U11/><E11/><V28/><F28/><W41/><G41/><T121/><D121/><U34/><E34/><V119/><F119/><N who="3" m="45643" /><G131/><T134/><D134/><U100/><E33/><V114/><F65/><W9/><G9/><T122/><D122/><U123/><E123/><V15/><F15/><W83/><G105/><T50/><D42/><U10/><E10/><AGARI ba="0,0" hai="10,12,16,36,40,45,49,50,60,66,70,82,87,88" machi="10" ten="30,7700,0" yaku="7,1,52,1,54,2" doraHai="39" who="0" fromWho="1" sc="240,77,224,-77,286,0,250,0" /><INIT seed="2,0,0,5,2,35" ten="317,147,286,250" oya="2" hai0="110,95,4,120,126,86,29,53,7,59,27,23,2" hai1="119,114,56,30,104,6,61,113,111,11,26,84,93" hai2="63,49,123,75,96,129,43,91,58,130,89,20,47" hai3="9,124,10,88,100,97,99,62,46,112,38,34,8"/><V87/><F123/><W14/><G34/><T135/><D120/><U79/><E119/><V115/><F115/><W69/><G112/><T39/><D39/><U133/><E104/><V31/><F75/><W94/><G124/><T22/><D110/><U70/><E70/><V54/><F96/><W103/><G14/><T107/><D107/><U17/><E111/><V77/><F77/><W82/><G82/><T102/><D135/><U52/><E133/><V125/><F125/><W60/><G69/><T42/><D42/><U67/><E114/><V64/><F43/><W118/><G118/><T15/><D2/><U45/><E113/><V132/><F132/><W36/><G46/><T131/><D131/><N who="2" m="50186" /><F87/><W121/><G121/><T55/><D55/><U1/><E17/><V44/><F44/><W116/><G116/><T32/><D126/><U12/><E1/><V105/><F105/><W73/><G73/><T18/><D32/><U37/><E37/><V16/><F31/><W106/><G38/><T21/><D21/><U134/><E134/><V57/><F47/><W51/><G36/><T33/><D33/><U40/><E67/><V25/><AGARI ba="0,0" hai="16,20,25,49,54,57,58,63,64,89,91" m="50186" machi="25" ten="30,3000,0" yaku="19,1,54,1" doraHai="35" who="2" fromWho="2" sc="317,-10,147,-10,286,30,250,-10" /><INIT seed="2,1,0,0,5,54" ten="307,137,316,240" oya="2" hai0="96,71,112,77,27,82,42,29,126,83,28,110,116" hai1="41,86,59,58,81,15,11,93,63,100,45,72,16" hai2="67,62,55,109,1,135,20,88,64,84,104,39,35" hai3="111,90,19,108,60,32,114,56,12,61,123,107,80"/><V4/><F104/><W69/><G123/><T43/><D71/><U97/><E72/><V95/><F39/><W89/><G32/><T128/><D112/><U103/><E103/><V85/><F35/><W131/><G107/><T5/><D126/><U26/><E26/><V0/><F135/><W17/><G114/><T76/><D128/><U53/><E63/><V31/><F109/><W130/><G69/><T22/><D110/><N who="3" m="42025" /><G80/><N who="0" m="30763" /><D116/><U117/><E117/><V98/><F0/><W2/><G2/><T66/><D5/><U21/><E21/><V121/><F121/><W119/><G119/><T51/><D96/><U106/><E106/><V70/><F70/><W37/><G37/><T50/><D66/><N who="2" m="25130" /><F4/><W47/><G47/><N who="0" m="25975" /><D29/><U65/><E65/><V57/><F1/><W122/><G122/><T94/><D94/><U23/><E23/><V91/><F91/><N who="3" m="34827" /><G61/><T13/><D13/><U87/><E87/><V105/><F105/><W34/><G34/><T75/><D75/><U44/><E44/><AGARI ba="1,0" hai="22,27,28,43,44,51,76,77" m="25975,30763" machi="44" ten="30,1000,0" yaku="8,1" doraHai="54" who="0" fromWho="1" sc="307,13,137,-13,316,0,240,0" /><INIT seed="3,0,0,2,2,107" ten="320,124,316,240" oya="3" hai0="0,122,62,51,125,35,48,2,66,110,60,37,44" hai1="59,26,55,53,15,111,5,119,27,131,92,41,58" hai2="67,98,56,52,39,102,17,21,64,80,71,30,36" hai3="94,104,33,109,73,108,4,130,128,12,20,28,74"/><W85/><G104/><T106/><D35/><U63/><E119/><V89/><F71/><W46/><G33/><T29/><D106/><U91/><E111/><N who="3" m="42570" /><G46/><T86/><D37/><U95/><E131/><N who="3" m="50218" /><G4/><T1/><D125/><U124/><E124/><V96/><F30/><W84/><G94/><T38/><D122/><U114/><E114/><V9/><F39/><W49/><G49/><T135/><D135/><U18/><E41/><V118/><F118/><W40/><G40/><T103/><D44/><U13/><E5/><V57/><F36/><W113/><G113/><T19/><D38/><U7/><E7/><V61/><F9/><W134/><G134/><T45/><D45/><U101/><E101/><V97/><F80/><W24/><G12/><T43/><D51/><U88/><REACH who="1" step="1"/><E63/><REACH who="1" ten="320,114,316,240" step="2"/><N who="0" m="24105" /><D43/><U112/><E112/><V23/><F102/><W105/><G105/><T81/><D103/><U127/><E127/><V34/><F34/><W78/><G78/><T10/><D110/><U31/><E31/><V76/><F76/><W120/><G120/><T8/><D29/><U133/><E133/><V42/><F42/><W54/><G54/><T75/><D1/><U115/><E115/><V47/><F47/><W32/><G32/><T129/><D0/><U22/><E22/><V72/><F23/><W132/><G132/><T14/><D2/><U117/><E117/><V65/><F57/><W68/><G68/><T79/><D129/><U69/><E69/><V3/><F3/><W93/><G93/><T16/><D79/><U126/><E126/><V70/><F70/><W116/><G116/><RYUUKYOKU ba="0,1" sc="320,-15,114,15,316,-15,240,15" hai1="13,15,18,26,27,53,55,58,59,88,91,92,95" hai3="20,24,28,73,74,84,85" /><INIT seed="3,1,1,1,2,67" ten="305,129,301,255" oya="3" hai0="107,127,112,93,125,1,60,104,118,131,105,73,119" hai1="8,27,19,36,47,72,31,76,70,23,25,24,56" hai2="39,5,3,15,42,113,77,103,33,54,68,123,95" hai3="65,102,71,18,114,21,88,79,38,46,87,48,86"/><W41/><G114/><T4/><D4/><U98/><E8/><V30/><F113/><W122/><G122/><T62/><D1/><U58/><E72/><V115/><F115/><W45/><G102/><T53/><D112/><U89/><E76/><V16/><F123/><W26/><G79/><T101/><D53/><U63/><E56/><V96/><F77/><W35/><G35/><T133/><D73/><U55/><E70/><V66/><F39/><W99/><G99/><N who="0" m="59631" /><D131/><U109/><E109/><V121/><F121/><W135/><G135/><T59/><D59/><U7/><E7/><V110/><F110/><W17/><G17/><T90/><D90/><U83/><E83/><V111/><F111/><W108/><G108/><T12/><D12/><U116/><E116/><N who="0" m="44585" /><D133/><U126/><E126/><AGARI ba="1,1" hai="60,62,104,105,107,125,126,127" m="44585,59631" machi="126" ten="40,1300,0" yaku="18,1" doraHai="67" who="0" fromWho="1" sc="305,26,129,-16,301,0,255,0" owari="331,43.0,113,-39.0,301,10.0,255,-14.0" /></mjloggm>