<mjloggm ver="2.3"><GO type="97" lobby="0"/><UN n0="%E3%82%A2%E3%83%83%E3%83%97%E3%83%AB%E3%82%AD%E3%83%83%E3%83%89" n1="%E3%81%A1%E3%82%83%E3%81%A3%E3%81%B4%E3%81%83%E2%98%86" n2="%E6%81%8B%E3%81%99%E3%82%8B%E6%83%91%E6%98%9F" n3="%E3%82%A6%E3%83%AB%E3%83%88%E3%83%A9%E7%AB%8B%E7%9B%B4" dan="15,14,14,15" rate="1999.89,1925.69,2013.31,1976.98" sx="M,M,F,M"/><TAIKYOKU oya="0"/><INIT seed="0,0,0,5,4,121" ten="250,250,250,250" oya="0" hai0="15,16,61,36,6,71,22,58,76,82,88,14,10" hai1="11,64,24,132,43,52,120,114,1,29,110,63,68" hai2="116,66,95,21,83,34,107,91,94,108,134,106,135" hai3="133,75,126,57,96,37,42,130,31,25,70,44,111"/><T59/><D36/><U74/><E120/><V54/><F34/><W51/><G75/><T73/><D71/><U55/><E74/><V127/><F66/><W56/><G126/><T2/><D59/><U89/><E43/><V40/><F40/><W20/><G130/><T129/><D129/><U13/><E132/><N who="2" m="50731" /><F127/><W19/><G133/><T30/><D30/><U125/><E114/><V49/><F116/><W112/><G70/><T86/><D73/><U92/><E125/><V3/><F3/><W32/><G112/><T117/><D117/><U100/><E100/><V46/><F108/><W109/><G96/><T113/><D113/><U9/><E1/><V23/><F83/><W81/><G81/><T98/><D98/><U84/><E9/><V0/><F0/><W97/><G97/><T90/><D2/><U80/><E80/><V7/><F95/><W101/><G101/><T48/><D48/><U102/><E102/><V119/><F7/><W50/><G50/><T87/><D87/><U93/><E92/><V72/><F119/><W47/><G47/><T28/><D28/><U41/><E41/><V5/><F5/><W27/><G37/><T77/><D77/><U62/><E62/><V45/><F45/><W79/><G79/><T67/><AGARI ba="0,0" hai="6,10,14,15,16,22,58,61,67,76,82,86,88,90" machi="67" ten="20,12000,1" yaku="0,1,7,1,8,1,54,2" doraHai="121" who="0" fromWho="0" sc="250,120,250,-40,250,-40,250,-40" /><INIT seed="0,1,0,0,0,132" ten="370,210,210,210" oya="0" hai0="60,91,95,28,15,31,82,90,70,29,0,43,24" hai1="13,27,73,36,58,2,112,77,96,16,51,34,118" hai2="98,80,48,6,4,129,61,59,65,39,76,113,121" hai3="130,23,131,46,81,106,44,63,110,88,25,133,79"/><T22/><D0/><U101/><E36/><V97/><F121/><W67/><G106/><T116/><D116/><U37/><E2/><V119/><F113/><W17/><G133/><T12/><D43/><U55/><E37/><V124/><F119/><W92/><G110/><T123/><D123/><U89/><E118/><V135/><F135/><W107/><G107/><T50/><D70/><U1/><E112/><V108/><F39/><W49/><G130/><T45/><D60/><U3/><E1/><V134/><F134/><W66/><G131/><T84/><D50/><U128/><E3/><V54/><F108/><W94/><G94/><T52/><D52/><U57/><E128/><V7/><F124/><W127/><G127/><T18/><REACH who="0" step="1"/><D45/><REACH who="0" ten="360,210,210,210" step="2"/><U68/><E57/><V64/><F129/><W40/><G46/><T72/><D72/><U32/><E68/><V75/><REACH who="2" step="1"/><F64/><REACH who="2" ten="360,210,200,210" step="2"/><W78/><G66/><T38/><D38/><U117/><E58/><AGARI ba="1,2" hai="4,6,7,48,54,58,59,61,65,75,76,80,97,98" machi="58" ten="40,2600,0" yaku="1,1,2,1,53,0" doraHai="132" doraHaiUra="115" who="2" fromWho="1" sc="360,0,210,-29,200,49,210,0" /><INIT seed="1,0,0,0,5,90" ten="360,181,249,210" oya="1" hai0="27,100,111,88,5,72,97,94,6,21,26,126,127" hai1="83,60,131,104,121,9,105,3,81,50,87,14,107" hai2="43,2,17,132,134,135,15,18,79,106,38,112,33" hai3="95,37,115,28,86,59,4,118,67,22,77,84,39"/><U78/><E131/><V40/><F106/><W96/><G118/><T30/><D72/><U47/><E3/><V82/><F112/><W133/><G115/><T98/><D111/><U102/><E60/><V70/><F70/><W128/><G128/><T55/><D27/><U130/><E81/><V93/><F2/><W92/><G133/><T113/><D113/><U24/><E130/><V11/><F33/><W99/><G4/><T103/><D55/><U61/><E24/><V45/><F40/><W16/><G28/><T53/><D53/><U122/><E61/><V12/><F93/><N who="3" m="35915" /><G39/><T1/><D1/><U32/><E102/><N who="0" m="38953" /><D98/><N who="3" m="37417" /><G37/><T35/><D35/><U85/><E85/><N who="2" m="48351" /><F12/><N who="3" m="9479" /><G77/><T120/><D120/><U62/><E62/><AGARI ba="0,0" hai="59,62,67,84,86" m="9479,37417,35915" machi="62" ten="30,8000,1" yaku="8,1,52,3,54,1" doraHai="90" who="3" fromWho="1" sc="360,0,181,-80,249,0,210,80" /><INIT seed="2,0,0,5,4,58" ten="360,101,249,290" oya="2" hai0="22,108,135,36,38,27,132,80,129,95,88,24,30" hai1="40,79,51,61,128,81,93,60,47,122,64,53,106" hai2="68,4,94,20,56,107,91,18,34,7,130,99,12" hai3="16,8,15,112,19,75,39,44,113,116,14,114,98"/><V46/><F34/><W111/><G75/><T37/><D129/><U21/><E106/><V126/><F68/><W55/><G116/><T25/><D108/><U17/><E122/><V119/><F130/><W109/><G98/><T124/><D124/><U92/><E128/><V118/><F126/><W74/><G74/><T67/><D80/><U41/><E64/><V77/><F77/><W6/><G39/><T54/><D67/><U123/><E79/><V9/><F107/><W52/><G44/><T127/><D54/><N who="3" m="20521" /><G6/><T42/><D42/><N who="1" m="16491" /><E81/><V103/><F7/><W43/><G43/><T83/><D83/><U115/><E115/><N who="3" m="29442" /><W1/><DORA hai="82" /><G1/><T86/><D127/><U10/><E10/><AGARI ba="0,0" hai="8,10,14,15,16,19,109,111" m="29442,20521" machi="10" ten="40,5200,0" yaku="11,1,54,2" doraHai="58,82" who="3" fromWho="1" sc="360,0,101,-52,249,0,290,52" /><INIT seed="3,0,0,3,1,88" ten="360,49,249,342" oya="3" hai0="48,24,34,55,50,96,94,49,5,27,118,29,104" hai1="92,56,116,43,3,8,111,90,39,103,86,54,1" hai2="120,31,23,119,109,101,127,10,122,7,99,108,117" hai3="81,59,0,12,30,124,98,125,65,40,79,67,73"/><W135/><G0/><T130/><D118/><N who="2" m="45066" /><F99/><W91/><G135/><T19/><D130/><U2/><E2/><N who="2" m="375" /><F101/><W106/><G40/><T78/><D104/><U38/><E38/><V11/><F11/><W131/><G131/><T126/><D78/><U4/><E4/><V77/><F77/><W75/><G75/><T63/><D126/><N who="3" m="48745" /><G30/><T66/><D5/><U45/><E45/><V110/><F127/><W47/><G59/><T100/><D19/><U132/><E132/><V133/><F133/><W85/><G47/><T32/><D24/><U60/><E60/><V15/><F15/><W44/><G44/><T16/><D16/><U83/><E83/><V57/><F57/><W36/><G36/><T105/><D34/><U37/><E37/><V33/><F23/><W46/><G46/><T74/><D74/><U64/><E64/><V134/><F134/><W93/><G12/><T112/><D112/><U6/><E6/><V69/><F69/><W121/><G121/><T84/><D84/><U97/><E97/><V25/><AGARI ba="0,0" hai="25,31,33,108,109,110,120,122" m="375,45066" machi="25" ten="40,8000,1" yaku="14,1,23,1,34,2" doraHai="88" who="2" fromWho="2" sc="360,-20,49,-20,249,80,342,-40" owari="340,44.0,29,-47.0,329,13.0,302,-10.0" /></mjloggm>