<mjloggm ver="2.3"><GO type="169" lobby="0"/><UN n0="%41%6B%61%2D%75%72%61" n1="%E3%83%9F%E3%82%B9%E5%8C%97%E5%8D%83%E4%BD%8F" n2="%EF%BC%88%E2%89%A7%E2%96%BD%E2%89%A6%EF%BC%89" n3="%73%68%69%6E%6F%21%21" dan="16,16,19,16" rate="2105.01,2063.95,2261.55,2023.52" sx="M,F,M,M"/><TAIKYOKU oya="0"/><INIT seed="0,0,0,1,0,63" ten="250,250,250,250" oya="0" hai0="123,92,24,84,93,113,45,40,53,95,115,90,9" hai1="110,56,118,32,61,41,30,106,101,16,70,103,117" hai2="3,35,58,15,4,89,104,132,51,39,65,135,112" hai3="49,12,119,107,97,64,131,33,94,13,127,85,5"/><T74/><D74/><U38/><E110/><V99/><F39/><W81/><G33/><T105/><D105/><U43/><E70/><V114/><F35/><W50/><G107/><T109/><D109/><U11/><E32/><V66/><F3/><W120/><G119/><T55/><D55/><U8/><E30/><V91/><F104/><W76/><G120/><T98/><D98/><U126/><E126/><V17/><F4/><W27/><G127/><T125/><D125/><U2/><E11/><N who="2" m="6399" /><F99/><W60/><G131/><T20/><D20/><U83/><E118/><V0/><F0/><W29/><G49/><T102/><D102/><U44/><E117/><V34/><F34/><W86/><G50/><T87/><D87/><U100/><E2/><V26/><F26/><W108/><G86/><T19/><D19/><U69/><E69/><V28/><F28/><W96/><G96/><T36/><D36/><U46/><E106/><V62/><F51/><W75/><G75/><T14/><D14/><U22/><E8/><V79/><F79/><W31/><G108/><T130/><D130/><U6/><E6/><V18/><F18/><W48/><G48/><T54/><D54/><U122/><E122/><V23/><F66/><W42/><G42/><N who="1" m="15882" /><E38/><V116/><F116/><W71/><G5/><T67/><D67/><N who="1" m="39335" /><E83/><V133/><F23/><W7/><G7/><T37/><D37/><U25/><AGARI ba="0,0" hai="16,22,25,44,46,100,101,103" m="39335,15882" machi="25" ten="30,4000,0" yaku="8,1,52,1,54,1" doraHai="63" who="1" fromWho="1" sc="250,-20,250,40,250,-10,250,-10" /><INIT seed="1,0,0,0,3,75" ten="230,290,240,240" oya="1" hai0="18,92,57,89,102,130,33,71,26,11,59,61,105" hai1="36,113,20,123,82,135,39,133,110,64,122,126,27" hai2="68,49,62,30,101,131,10,66,6,104,60,8,116" hai3="32,78,48,55,42,3,76,98,94,86,120,14,63"/><U29/><E113/><V15/><F116/><W43/><G32/><T38/><D38/><U127/><E64/><V114/><F114/><W52/><G3/><T80/><D80/><U88/><E39/><V13/><F131/><W58/><G120/><T9/><D9/><U74/><E36/><V70/><F30/><W72/><G72/><T31/><D31/><U128/><E128/><V12/><F49/><W79/><G14/><T35/><D35/><U97/><E110/><V40/><F40/><W84/><G84/><T65/><D65/><U96/><E123/><V124/><F124/><N who="1" m="47657" /><E122/><V109/><F109/><W83/><G42/><T19/><D19/><U34/><E34/><V56/><F62/><W21/><G21/><T95/><D95/><N who="1" m="56423" /><E97/><V106/><F106/><W107/><G43/><T119/><D119/><U108/><E108/><V129/><F129/><W0/><G0/><T37/><D37/><U50/><E50/><V1/><F104/><W45/><G107/><T4/><D4/><U134/><E133/><V81/><F70/><W73/><G73/><T118/><D118/><U25/><E25/><V115/><F68/><W46/><G46/><T100/><D100/><AGARI ba="0,0" hai="45,48,52,55,58,63,76,78,79,83,86,94,98,100" machi="100" ten="30,12000,2" yaku="7,1,8,1,52,3,54,1" doraHai="75" who="3" fromWho="0" sc="230,-120,290,0,240,0,240,120" /><INIT seed="2,0,0,0,2,18" ten="110,290,240,360" oya="2" hai0="46,77,129,101,73,5,74,59,24,121,103,109,135" hai1="51,104,14,40,126,102,89,88,29,82,7,91,83" hai2="107,62,110,42,116,11,58,22,26,125,81,25,56" hai3="12,50,28,35,21,3,32,123,27,76,93,90,15"/><V45/><F116/><W78/><G123/><T69/><D69/><U23/><E126/><V36/><F125/><W30/><G3/><T120/><D120/><U61/><E104/><V98/><F110/><W43/><G12/><T66/><D66/><U79/><E102/><V20/><F11/><W118/><G118/><T133/><D133/><U57/><E7/><V113/><F113/><W19/><G43/><T2/><D2/><U124/><E124/><V127/><F127/><W114/><G114/><T67/><D67/><U72/><E83/><V13/><F13/><W70/><G70/><T112/><D112/><U41/><E51/><V9/><F9/><W117/><G117/><T111/><D111/><U122/><E122/><V4/><F4/><W85/><REACH who="3" step="1"/><G50/><REACH who="3" ten="110,290,240,350" step="2"/><T53/><D53/><U99/><E99/><V17/><F62/><W92/><G92/><T38/><D38/><U131/><E131/><V100/><REACH who="2" step="1"/><F81/><REACH who="2" ten="110,290,230,350" step="2"/><W106/><G106/><T119/><D119/><U31/><E14/><V132/><F132/><W130/><G130/><T108/><D108/><U48/><E48/><V68/><F68/><W94/><G94/><T54/><D54/><U49/><E49/><V0/><F0/><W52/><G52/><T64/><D64/><U134/><E134/><V39/><F39/><W97/><G97/><T47/><D47/><U44/><E44/><V80/><F80/><W95/><G95/><T86/><D86/><U33/><E61/><V65/><F65/><W105/><G105/><T115/><D115/><U96/><E96/><V6/><F6/><W128/><G128/><RYUUKYOKU ba="0,2" sc="110,-15,290,-15,230,15,350,15" hai2="17,20,22,25,26,36,42,45,56,58,98,100,107" hai3="15,19,21,27,28,30,32,35,76,78,85,90,93" /><INIT seed="2,1,2,0,4,126" ten="95,275,245,365" oya="2" hai0="45,125,6,62,10,26,39,37,74,100,23,133,55" hai1="0,75,48,15,4,40,16,49,41,116,12,112,118" hai2="18,77,124,34,102,52,59,135,113,31,28,38,111" hai3="71,47,78,67,92,42,93,27,88,69,56,80,68"/><V20/><F113/><W105/><G105/><T35/><D35/><U57/><E112/><V98/><F124/><W7/><G7/><T17/><D17/><U61/><E75/><V131/><F38/><W97/><G27/><T73/><D73/><U32/><E32/><V96/><F34/><W104/><G104/><T119/><D119/><U50/><E0/><V109/><F135/><W95/><G56/><T122/><D122/><U29/><E29/><N who="2" m="11339" /><F77/><W21/><G21/><T94/><D94/><U103/><E103/><V120/><F102/><W2/><G67/><T82/><D82/><U60/><E60/><N who="2" m="35943" /><F120/><W101/><G2/><T30/><D30/><U19/><E118/><V110/><F131/><W108/><G108/><N who="2" m="27649" /><V107/><DORA hai="64" /><F107/><W89/><G101/><T72/><D72/><U11/><E116/><V128/><F128/><W25/><G25/><AGARI ba="1,2" hai="18,20,25,96,98" m="27649,35943,11339" machi="25" ten="40,7700,0" yaku="14,1,10,1,54,1" doraHai="126,64" who="2" fromWho="3" sc="95,0,275,0,245,100,365,-80" /><INIT seed="2,2,0,3,0,115" ten="95,275,345,285" oya="2" hai0="61,79,111,5,114,62,68,31,98,0,38,52,72" hai1="35,66,6,4,16,7,82,45,58,128,12,41,133" hai2="119,131,73,64,91,60,96,33,103,50,112,19,118" hai3="28,20,59,83,123,99,106,32,94,113,77,90,132"/><V44/><F33/><W11/><G113/><T86/><D86/><U14/><E35/><V47/><F112/><W101/><G123/><T30/><D30/><U29/><E133/><V74/><F91/><W110/><G132/><T78/><D78/><U100/><E128/><V36/><F131/><W126/><G126/><T51/><D51/><U43/><E29/><V85/><F85/><W37/><G37/><T120/><D120/><U15/><E100/><V53/><F19/><W49/><G110/><T1/><D1/><U40/><E82/><V88/><F88/><W57/><G32/><T75/><D75/><U71/><E71/><V10/><F10/><W13/><G49/><T97/><D97/><U55/><E66/><V93/><F73/><W65/><G65/><T81/><D81/><U87/><E87/><V54/><F74/><W76/><G106/><T63/><D63/><N who="1" m="36319" /><E45/><V116/><F36/><W135/><G135/><T122/><D122/><U121/><E121/><V109/><F109/><W48/><G48/><T34/><D34/><U17/><AGARI ba="2,0" hai="4,6,7,12,14,15,16,17,40,41,43" m="36319" machi="17" ten="40,8000,1" yaku="29,2,8,1,54,1" doraHai="115" who="1" fromWho="1" sc="95,-22,275,86,345,-42,285,-22" /><INIT seed="3,0,0,0,1,115" ten="73,361,303,263" oya="3" hai0="87,75,5,125,109,21,11,16,57,30,23,81,108" hai1="41,31,2,83,106,98,38,1,128,122,119,34,7" hai2="20,14,42,93,120,104,85,105,101,64,22,135,94" hai3="50,28,84,123,61,53,27,97,33,76,25,77,46"/><W12/><G123/><T134/><D134/><U69/><E69/><V4/><F120/><W74/><G74/><T111/><D111/><U89/><E122/><V95/><F135/><W58/><G84/><T43/><D43/><U133/><E133/><V113/><F113/><W60/><G60/><T17/><D17/><U56/><E56/><V67/><F42/><W88/><G25/><T118/><D118/><U66/><E66/><V71/><F85/><W112/><G112/><T129/><D129/><U19/><E19/><V55/><F71/><W114/><G12/><T65/><D65/><U72/><E89/><V130/><F130/><W45/><G45/><T107/><D107/><U124/><E128/><V9/><F105/><W121/><G114/><T102/><D102/><U6/><E6/><V35/><F35/><W0/><G0/><T116/><D116/><U70/><E70/><V36/><F36/><W29/><G29/><T24/><D24/><U8/><E2/><V39/><F39/><W82/><G121/><T32/><D32/><U15/><E15/><V48/><F104/><W127/><G127/><T49/><D49/><U110/><E119/><V52/><F101/><W79/><G82/><T117/><D117/><U44/><E124/><V86/><F86/><W92/><REACH who="3" step="1"/><G79/><REACH who="3" ten="73,361,303,253" step="2"/><T68/><D68/><U40/><E31/><V96/><F96/><W91/><G91/><T99/><D99/><U131/><E98/><V100/><F100/><W13/><G13/><T47/><D47/><U103/><E44/><V80/><F80/><W54/><AGARI ba="0,1" hai="27,28,33,46,50,53,54,58,61,76,77,88,92,97" machi="54" ten="20,7800,0" yaku="1,1,0,1,7,1,54,1,53,0" doraHai="115" doraHaiUra="63" who="3" fromWho="3" sc="73,-26,361,-26,303,-26,253,88" /><INIT seed="3,1,0,0,2,26" ten="47,335,277,341" oya="3" hai0="13,58,64,130,59,28,55,132,135,83,95,27,111" hai1="47,49,129,25,62,46,44,67,105,50,66,89,0" hai2="20,18,1,113,37,7,68,80,3,77,36,119,17" hai3="131,116,101,91,76,38,86,72,48,34,114,60,16"/><W112/><G116/><T4/><D4/><U97/><E0/><V40/><F119/><W22/><G38/><T96/><D96/><U85/><E129/><V56/><F113/><W126/><G131/><T90/><D90/><U12/><E105/><V122/><F122/><W70/><G34/><T104/><D104/><U69/><E97/><V65/><F68/><W23/><G101/><T79/><D79/><U33/><E67/><V31/><F37/><W39/><G39/><T41/><D41/><U19/><E25/><N who="2" m="16807" /><F3/><W81/><G126/><T110/><D110/><U9/><REACH who="1" step="1"/><E33/><REACH who="1" ten="47,325,277,341" step="2"/><V108/><F108/><W78/><G114/><T106/><D106/><U133/><E133/><V10/><F65/><W125/><G112/><T51/><D51/><U24/><E24/><V120/><F120/><W15/><G125/><T109/><D109/><U52/><E52/><V75/><F56/><W42/><G48/><T53/><D53/><U71/><E71/><V99/><F99/><W11/><G42/><T74/><D74/><U54/><E54/><V134/><F134/><W57/><G70/><T94/><D94/><AGARI ba="1,1" hai="9,12,19,44,46,47,49,50,62,66,69,85,89,94" machi="94" ten="40,1300,0" yaku="1,1,53,0" doraHai="26" doraHaiUra="73" who="1" fromWho="0" sc="47,-16,325,26,277,0,341,0" /><INIT seed="4,0,0,0,1,123" ten="31,351,277,341" oya="0" hai0="6,126,52,42,12,77,72,15,41,130,88,9,114" hai1="29,46,111,44,101,113,67,133,47,39,121,90,25" hai2="30,61,131,24,132,43,63,80,124,117,87,100,8" hai3="99,104,20,116,69,119,14,70,135,17,98,75,60"/><T32/><D32/><U49/><E121/><V23/><F132/><W0/><G0/><T57/><D57/><U94/><E101/><V78/><F131/><W40/><G75/><T26/><D26/><U35/><E133/><V5/><F124/><W13/><G135/><T102/><D102/><U36/><E111/><V21/><F100/><W97/><G104/><T109/><D109/><U22/><E49/><V92/><F117/><W50/><G13/><T54/><D54/><U84/><E113/><V105/><F105/><W68/><REACH who="3" step="1"/><G60/><REACH who="3" ten="31,351,277,331" step="2"/><T85/><D85/><U37/><REACH who="1" step="1"/><E67/><REACH who="1" ten="31,341,277,331" step="2"/><V120/><F120/><W16/><G16/><T65/><D65/><U53/><E53/><V66/><F66/><W48/><G48/><T45/><D45/><AGARI ba="0,2" hai="14,17,20,40,45,50,68,69,70,97,98,99,116,119" machi="45" ten="50,1600,0" yaku="1,1,53,0" doraHai="123" doraHaiUra="107" who="3" fromWho="0" sc="31,-16,341,0,277,0,331,36" /><INIT seed="5,0,0,5,3,115" ten="15,341,277,367" oya="1" hai0="4,45,75,106,15,35,49,30,66,20,43,81,125" hai1="79,65,132,89,93,113,24,83,16,87,78,126,5" hai2="11,6,122,100,54,107,7,101,71,59,98,28,58" hai3="92,48,62,116,19,2,42,95,51,38,111,9,23"/><U123/><E123/><V129/><F122/><W114/><G111/><T74/><D74/><U70/><E113/><V109/><F71/><W112/><G62/><T67/><D67/><U110/><E126/><V73/><F109/><W69/><G69/><T25/><D25/><U8/><E110/><V104/><F73/><W46/><G112/><T94/><D94/><U86/><E132/><V76/><F76/><W10/><G114/><T34/><D34/><U29/><E70/><V96/><F129/><W36/><G36/><T124/><D124/><U127/><E127/><V118/><F28/><W108/><G108/><T12/><D12/><N who="1" m="7175" /><E65/><V80/><F80/><W68/><G68/><T135/><D135/><U120/><E120/><V134/><F134/><W3/><G3/><T133/><D133/><U102/><E5/><V90/><F90/><W105/><G105/><T22/><D22/><N who="1" m="15511" /><E102/><V53/><REACH who="2" step="1"/><F11/><REACH who="2" ten="15,341,267,367" step="2"/><W41/><G10/><T119/><D119/><AGARI ba="0,1" hai="6,7,53,54,58,59,96,98,100,101,104,107,118,119" machi="119" ten="25,12000,2" yaku="1,1,2,1,22,2,52,2,53,0" doraHai="115" doraHaiUra="61" who="2" fromWho="0" sc="15,-120,341,0,267,130,367,0" owari="-105,-61.0,341,-6.0,397,50.0,367,17.0" /></mjloggm>