<mjloggm ver="2.3"><GO type="97" lobby="0"/><UN n0="%E5%B1%B1%E3%81%BC%E3%81%86%E3%81%97" n1="%6B%6F%63%68%61%6E%6E" n2="%E3%82%A6%E3%83%AB%E3%83%88%E3%83%A9%E7%AB%8B%E7%9B%B4" n3="%76%61%6E%69%6C%6C%65" dan="14,14,15,14" rate="1927.83,1852.79,1972.34,1940.80" sx="M,M,M,M"/><TAIKYOKU oya="0"/><INIT seed="0,0,0,3,0,111" ten="250,250,250,250" oya="0" hai0="46,30,11,1,108,131,32,114,26,77,52,65,68" hai1="112,33,20,62,63,51,56,67,73,50,135,47,86" hai2="107,124,4,78,60,85,22,88,71,116,113,16,81" hai3="87,38,120,99,91,39,18,126,105,24,12,82,31"/><T92/><D114/><U57/><E73/><V129/><F107/><W17/><G17/><T97/><D131/><U3/><E33/><V132/><F129/><W106/><G126/><T104/><D108/><U7/><E20/><V54/><F113/><W125/><G125/><T66/><D77/><U103/><E103/><V74/><F124/><W27/><G27/><T128/><D128/><U72/><E72/><V101/><F101/><W45/><G120/><T6/><D104/><U122/><E122/><V34/><F34/><W84/><G84/><T59/><D46/><U42/><E86/><V96/><F4/><W10/><G99/><T29/><D29/><U94/><E94/><N who="2" m="56391" /><F71/><W121/><G121/><T70/><D70/><N who="1" m="42359" /><E7/><V110/><F110/><W25/><G25/><T8/><D8/><U79/><E79/><V76/><F116/><W64/><G106/><T44/><D44/><N who="1" m="25879" /><E3/><V58/><F132/><W133/><G105/><T117/><D117/><U2/><E2/><V98/><F98/><W55/><G133/><T53/><D53/><N who="1" m="29951" /><E135/><V15/><F74/><W123/><G123/><T9/><D9/><U102/><E102/><V49/><F78/><W83/><G83/><T69/><D69/><U119/><E119/><V35/><F35/><W37/><G64/><T61/><REACH who="0" step="1"/><D68/><REACH who="0" ten="240,250,250,250" step="2"/><U100/><E112/><V13/><F76/><W75/><G75/><T28/><D28/><U134/><E134/><V5/><F5/><W80/><G31/><T40/><D40/><U127/><E127/><V89/><F81/><W23/><G80/><T21/><D21/><U0/><E0/><RYUUKYOKU ba="0,1" sc="240,30,250,-10,250,-10,250,-10" hai0="1,6,11,26,30,32,52,59,61,65,66,92,97" /><INIT seed="0,1,1,5,2,65" ten="270,240,240,240" oya="0" hai0="128,83,108,13,133,46,84,124,125,3,123,102,69" hai1="56,97,27,121,71,50,109,42,39,12,48,122,53" hai2="131,35,76,104,98,117,63,135,78,81,90,55,6" hai3="79,134,11,119,107,32,89,20,115,120,0,58,113"/><T36/><D123/><U85/><E109/><V103/><F35/><W43/><G107/><T15/><D3/><U57/><E27/><V82/><F6/><W1/><G32/><T105/><D128/><U8/><E122/><V116/><F55/><W45/><G119/><N who="2" m="45641" /><F63/><W87/><G79/><N who="2" m="30249" /><F131/><W118/><G118/><T52/><D133/><U99/><E121/><V5/><F5/><W130/><G134/><T2/><D2/><U28/><E28/><V68/><F135/><W24/><G130/><T88/><D108/><U59/><E85/><N who="2" m="50479" /><F82/><W70/><G120/><T29/><D29/><U62/><E12/><V114/><F68/><W51/><G11/><T92/><D69/><U77/><E77/><V106/><F104/><W26/><G26/><T132/><D132/><U4/><E4/><V100/><F100/><W73/><G70/><T25/><D25/><U67/><E8/><V30/><F30/><W41/><G73/><T80/><D36/><U38/><E38/><V129/><F129/><W95/><G1/><T31/><D31/><U22/><E22/><V40/><F40/><W9/><G0/><T96/><D105/><U10/><E10/><V49/><F49/><W54/><G9/><T74/><D74/><U17/><E17/><V66/><F66/><W127/><G41/><T19/><D83/><U64/><E64/><V34/><F34/><W37/><G127/><N who="0" m="48715" /><D19/><AGARI ba="1,1" hai="19,20,24,37,43,45,51,54,58,87,89,95,113,115" machi="19" ten="30,1000,0" yaku="7,1" doraHai="65" who="3" fromWho="0" sc="270,-13,240,0,240,0,240,23" /><INIT seed="1,0,0,5,3,69" ten="257,240,240,263" oya="1" hai0="72,9,33,53,123,79,135,50,13,57,74,63,100" hai1="92,105,90,0,104,2,48,112,25,43,42,68,6" hai2="35,95,31,66,58,134,59,75,27,20,111,16,60" hai3="19,83,101,84,110,131,115,21,36,34,73,97,127"/><U107/><E112/><V3/><F75/><W130/><G34/><T85/><D135/><U88/><E68/><V76/><F134/><W106/><G115/><T29/><D123/><U91/><E25/><V18/><F76/><W89/><G110/><T96/><D33/><U5/><E92/><V10/><F111/><W22/><G127/><T128/><D128/><N who="3" m="49193" /><G73/><T124/><D124/><U82/><E82/><V44/><F35/><W8/><G36/><T52/><D29/><U109/><E109/><V121/><F121/><W129/><N who="3" m="49201" /><W23/><DORA hai="117" /><G8/><T99/><D99/><U41/><E48/><V98/><F58/><W28/><G28/><T77/><D85/><U62/><REACH who="1" step="1"/><E62/><REACH who="1" ten="257,230,240,263" step="2"/><V70/><F70/><W132/><G132/><T49/><D74/><U45/><E45/><V24/><F24/><AGARI ba="0,1" hai="19,21,22,23,24,83,84,89,97,101,106" m="49201" machi="24" ten="40,1300,0" yaku="19,1" doraHai="69,117" who="3" fromWho="2" sc="257,0,230,0,240,-13,263,23" /><INIT seed="2,0,0,1,4,120" ten="257,230,227,286" oya="2" hai0="81,30,126,118,55,79,87,102,59,103,129,16,51" hai1="56,40,43,113,50,107,89,45,48,22,76,69,100" hai2="101,12,21,4,85,46,96,57,10,98,132,77,44" hai3="110,121,83,115,82,92,36,35,52,124,68,41,3"/><V49/><F132/><W64/><G3/><T66/><D129/><U6/><E113/><V42/><F46/><N who="3" m="23847" /><G35/><T127/><D118/><U63/><E107/><V34/><F34/><W65/><G92/><T78/><D30/><U13/><E100/><V23/><F57/><W111/><G121/><T18/><D66/><N who="3" m="25705" /><G68/><T71/><D71/><U60/><E69/><V25/><F101/><W2/><G2/><T28/><D28/><U94/><E76/><V75/><F75/><W106/><G106/><T112/><D112/><U125/><E125/><N who="0" m="47625" /><D78/><U17/><E6/><V54/><F54/><W86/><G124/><T26/><D18/><U74/><E74/><V119/><F119/><W19/><G115/><T5/><D5/><U37/><E37/><V128/><F128/><W80/><G19/><T67/><D67/><U131/><E131/><V72/><F72/><W122/><G122/><T15/><D26/><U29/><E29/><V130/><F130/><W1/><G1/><T24/><D24/><U109/><E109/><N who="3" m="41482" /><G52/><T114/><D114/><U90/><E90/><AGARI ba="0,0" hai="80,82,83,86,90" m="41482,25705,23847" machi="90" ten="30,7700,0" yaku="14,1,52,3" doraHai="120" who="3" fromWho="1" sc="257,0,230,-77,227,0,286,77" /><INIT seed="3,0,0,1,0,92" ten="257,153,227,363" oya="3" hai0="20,54,41,80,73,125,58,24,45,38,91,14,128" hai1="16,112,131,132,94,127,72,11,60,95,59,115,13" hai2="89,64,50,93,40,51,85,130,62,29,69,119,61" hai3="81,82,10,22,5,86,99,107,133,87,1,21,55"/><W2/><G133/><T65/><D125/><U100/><E72/><V118/><F130/><W47/><G1/><T111/><D111/><U105/><E127/><V126/><F126/><W27/><G22/><T83/><D128/><U113/><E132/><V114/><F114/><W30/><G47/><T44/><D14/><U56/><E131/><V9/><F51/><W42/><G42/><T37/><D73/><U77/><E77/><V28/><F61/><W3/><G55/><T84/><D83/><U120/><E120/><V68/><F68/><W19/><G2/><T12/><D12/><U78/><E78/><V104/><F104/><W25/><G107/><T110/><D110/><U36/><E36/><V121/><F121/><W101/><G81/><T129/><D129/><U0/><E0/><V123/><F123/><W31/><G82/><T88/><D65/><U46/><E46/><N who="2" m="25927" /><F9/><W26/><G31/><T15/><D15/><U102/><E105/><V96/><F85/><W124/><G124/><T23/><D24/><U66/><E59/><V18/><F18/><W32/><REACH who="3" step="1"/><G27/><REACH who="3" ten="257,153,227,353" step="2"/><T43/><REACH who="0" step="1"/><D91/><REACH who="0" ten="247,153,227,353" step="2"/><U49/><REACH who="1" step="1"/><E49/><AGARI ba="0,2" hai="20,23,37,38,41,43,44,45,49,54,58,80,84,88" machi="49" ten="30,8000,1" yaku="1,1,2,1,7,1,9,1,54,1,53,0" doraHai="92" doraHaiUra="103" who="0" fromWho="1" sc="247,100,153,-80,227,0,353,0" owari="347,15.0,73,-43.0,227,-17.0,353,45.0" /></mjloggm>