<mjloggm ver="2.3"><GO type="97" lobby="0"/><UN n0="%E4%BB%AE%E9%B3%B3%E5%87%B0%E6%B0%91" n1="%E3%82%A6%E3%83%AB%E3%83%88%E3%83%A9%E7%AB%8B%E7%9B%B4" n2="%66%78%78%6B%69%6E" n3="%E6%99%82%E5%8D%97%E6%9C%B1%E9%B7%BA%E6%81%B5" dan="14,15,15,14" rate="1932.50,1980.47,2057.78,2012.10" sx="M,M,M,F"/><TAIKYOKU oya="0"/><INIT seed="0,0,0,1,2,92" ten="250,250,250,250" oya="0" hai0="34,91,36,123,104,17,76,50,11,74,102,40,14" hai1="129,133,52,124,31,125,120,19,118,75,71,28,55" hai2="54,59,21,35,57,63,56,112,109,44,95,114,29" hai3="12,47,107,1,72,70,88,42,27,89,20,135,127"/><T98/><D123/><U64/><E75/><V9/><F35/><W26/><G1/><T15/><D36/><U82/><E120/><V7/><F109/><W37/><G72/><T46/><D34/><U119/><E64/><V106/><F106/><W73/><G73/><T77/><D74/><U121/><E71/><V10/><F44/><W93/><G70/><T99/><D15/><U6/><E121/><V80/><F114/><W81/><G107/><T22/><REACH who="0" step="1"/><D11/><REACH who="0" ten="240,250,250,250" step="2"/><U68/><E119/><V49/><F112/><W115/><G12/><T39/><D39/><U2/><E118/><V69/><F10/><W130/><G115/><T105/><D105/><U94/><E2/><V53/><F9/><W97/><G37/><T33/><D33/><U60/><E125/><V38/><F21/><W24/><G20/><T111/><D111/><U113/><E124/><V84/><F38/><W83/><G127/><T30/><D30/><U62/><E31/><V25/><F29/><W58/><G27/><T87/><D87/><U5/><E28/><V85/><F85/><W78/><G26/><T65/><D65/><U100/><E113/><V101/><F84/><W134/><G24/><T128/><D128/><U79/><E129/><V61/><F25/><W122/><G130/><T67/><D67/><U4/><E68/><V66/><F66/><W90/><G122/><T16/><D16/><U43/><E19/><V48/><F69/><W110/><G110/><T3/><D3/><U51/><E5/><V131/><F7/><W126/><G126/><T132/><D132/><U116/><E4/><RYUUKYOKU ba="0,1" sc="240,30,250,-10,250,-10,250,-10" hai0="14,17,22,40,46,50,76,77,91,98,99,102,104" /><INIT seed="0,1,1,0,5,18" ten="270,240,240,240" oya="0" hai0="41,66,129,58,1,124,97,86,106,63,133,52,81" hai1="130,15,7,84,94,17,68,109,8,34,19,23,105" hai2="59,50,118,31,93,39,60,115,123,91,5,28,0" hai3="14,6,33,25,11,125,95,79,75,77,70,111,92"/><T99/><D1/><U30/><E105/><V67/><F39/><W96/><G70/><T132/><D124/><U55/><E68/><V45/><F115/><W61/><G125/><T47/><D129/><U107/><E107/><V121/><F118/><W85/><G75/><T82/><D66/><U44/><E130/><V83/><F83/><W119/><G119/><T3/><D3/><U126/><E126/><V40/><F5/><W100/><G111/><T22/><D82/><U53/><E109/><V20/><F0/><W78/><G61/><T37/><D22/><U9/><E34/><V10/><F10/><W16/><G33/><T74/><D74/><U36/><E30/><V113/><F113/><W80/><G95/><T108/><D108/><U135/><E135/><N who="0" m="51785" /><D106/><U62/><E9/><V42/><F42/><W89/><REACH who="3" step="1"/><G25/><REACH who="3" ten="270,240,240,230" step="2"/><T98/><D98/><U131/><E131/><V110/><F110/><W114/><G114/><T64/><D64/><U48/><E94/><V71/><F71/><W2/><G2/><T35/><D35/><U120/><E84/><V134/><F67/><W122/><G122/><T69/><D69/><U102/><E120/><V72/><F123/><W12/><G12/><T21/><D21/><U32/><E32/><V103/><F20/><W128/><G128/><T27/><D27/><U65/><E23/><V88/><F72/><W26/><G26/><T87/><D87/><U112/><E15/><V54/><F121/><W104/><G104/><T51/><D63/><U4/><E62/><V13/><F134/><W29/><G29/><N who="2" m="11337" /><F13/><W43/><G43/><RYUUKYOKU ba="1,2" sc="270,10,240,-30,240,10,230,10" hai0="37,41,47,51,52,58,81,86,97,99" hai2="40,45,50,54,59,60,88,91,93,103" hai3="6,11,14,16,77,78,79,80,85,89,92,96,100" /><INIT seed="0,2,2,0,3,115" ten="280,210,250,240" oya="0" hai0="29,25,93,98,91,132,71,76,122,66,27,116,106" hai1="125,128,126,46,77,58,64,103,88,80,1,40,53" hai2="95,130,60,79,63,26,135,38,9,61,118,13,112" hai3="30,124,4,15,6,69,44,67,127,81,18,24,52"/><T56/><D122/><U19/><E1/><V105/><F38/><W83/><G69/><T90/><D132/><U131/><E103/><V47/><F105/><W39/><G67/><T99/><D71/><U50/><E19/><V92/><F112/><W28/><G39/><T2/><D2/><U8/><E8/><V10/><F135/><W97/><G97/><T85/><D76/><U68/><E88/><V109/><F79/><W37/><G37/><T36/><D36/><N who="1" m="21767" /><E80/><N who="3" m="30794" /><G52/><T87/><D106/><U108/><E77/><V74/><F47/><W3/><G44/><T113/><D113/><U5/><E5/><N who="3" m="2154" /><G24/><T31/><D116/><U49/><E49/><V120/><F118/><W65/><G65/><T20/><D87/><U119/><E119/><V100/><F74/><W22/><G3/><T123/><D90/><U12/><E12/><V129/><F13/><W48/><G48/><T21/><D123/><U78/><E78/><V62/><F26/><W134/><G134/><T35/><D35/><U16/><E64/><V42/><F42/><W57/><G57/><T59/><D66/><U107/><E68/><V104/><F104/><W73/><G73/><T34/><D34/><U17/><E107/><V89/><F9/><W14/><G14/><T32/><D32/><U94/><E94/><V41/><F10/><W45/><G45/><T102/><D102/><U111/><E17/><V0/><F100/><W133/><G133/><T121/><D121/><U55/><E16/><V84/><F120/><W33/><G33/><T43/><D43/><U70/><E70/><V86/><F0/><RYUUKYOKU ba="2,2" sc="280,15,210,-15,250,-15,240,15" hai0="20,21,25,27,29,31,56,59,85,91,93,98,99" hai3="15,18,22,28,30,124,127" /><INIT seed="0,3,2,0,2,121" ten="295,195,235,255" oya="0" hai0="107,29,95,38,18,16,92,98,34,72,103,2,124" hai1="126,15,60,59,25,41,54,84,23,131,5,46,69" hai2="106,66,0,120,37,83,116,115,31,102,132,76,57" hai3="80,135,75,1,42,110,125,101,63,68,32,122,91"/><T3/><D72/><U87/><E69/><V118/><F120/><W93/><G122/><T67/><D38/><U73/><E73/><N who="2" m="43407" /><F37/><W27/><G1/><T26/><D124/><U81/><E126/><V58/><F0/><W40/><G125/><T111/><D2/><U22/><E131/><V12/><F115/><W119/><G119/><N who="2" m="45609" /><F66/><W14/><G14/><T82/><D3/><U24/><E24/><V61/><F61/><W99/><G135/><T39/><D39/><U17/><E81/><V36/><F36/><W35/><G35/><T108/><D82/><U129/><E129/><V33/><F12/><W71/><G71/><T64/><D67/><U128/><E128/><V127/><F132/><W105/><G80/><T113/><D64/><U55/><E41/><V109/><F127/><W86/><G75/><T8/><D113/><U47/><E47/><V56/><F109/><N who="0" m="42058" /><D8/><N who="1" m="4495" /><E22/><V114/><F114/><W48/><G110/><T85/><D85/><U13/><E25/><N who="2" m="18671" /><F58/><W50/><G42/><T134/><D134/><U77/><E77/><V88/><F88/><W70/><G40/><T7/><D7/><U65/><E65/><V10/><F10/><W94/><G70/><T19/><AGARI ba="3,2" hai="16,18,19,26,29,34,92,95,98,103,107" m="42058" machi="19" ten="30,18000,2" yaku="14,1,10,1,52,3,54,1" doraHai="121" who="0" fromWho="0" sc="295,209,195,-63,235,-63,255,-63" /><INIT seed="0,4,0,5,3,46" ten="504,132,172,192" oya="0" hai0="83,60,15,64,85,81,79,82,44,100,133,70,43" hai1="129,49,30,113,25,24,40,105,101,12,11,22,134" hai2="102,125,57,51,67,128,13,1,109,84,117,103,63" hai3="5,92,106,8,87,23,78,90,72,95,0,69,124"/><T120/><D120/><U35/><E113/><V3/><F1/><W45/><G106/><T99/><D133/><U77/><E129/><V86/><F3/><W10/><G69/><T50/><REACH who="0" step="1"/><D15/><REACH who="0" ten="494,132,172,192" step="2"/><U71/><E134/><V52/><F125/><W75/><G0/><T135/><D135/><U17/><E71/><V130/><F128/><W39/><G124/><T55/><D55/><U21/><E35/><V59/><F130/><W37/><G8/><T107/><AGARI ba="4,1" hai="43,44,50,60,64,70,79,81,82,83,85,99,100,107" machi="107" ten="20,7800,0" yaku="1,1,0,1,7,1,52,1,53,0" doraHai="46" doraHaiUra="126" who="0" fromWho="0" sc="494,100,132,-30,172,-30,192,-30" /><INIT seed="0,5,0,5,2,20" ten="594,102,142,162" oya="0" hai0="35,1,27,74,46,73,135,78,56,134,123,58,102" hai1="128,76,51,81,99,60,22,75,64,44,122,133,57" hai2="47,38,16,70,126,132,5,32,3,45,94,103,131" hai3="52,18,59,42,120,86,12,124,34,101,13,25,39"/><T68/><D123/><U111/><E122/><V90/><F70/><W87/><G120/><T95/><D68/><U77/><E128/><V107/><F32/><W9/><G124/><T98/><D1/><U80/><E133/><N who="0" m="50697" /><D46/><U30/><E111/><V89/><F131/><W33/><G101/><T129/><D129/><U112/><E112/><V88/><F126/><W105/><G105/><T67/><D78/><U15/><E99/><V54/><F132/><W49/><G34/><T62/><D56/><U93/><E93/><V96/><F107/><W8/><G42/><T48/><D48/><U83/><E77/><V100/><F100/><W109/><G39/><T2/><D2/><U7/><E7/><V84/><F5/><W23/><G109/><T4/><D4/><U61/><E61/><V114/><F84/><N who="3" m="32299" /><G33/><T14/><D14/><AGARI ba="5,0" hai="8,9,12,13,14,18,23,25,49,52,59" m="32299" machi="14" ten="30,3900,0" yaku="8,1,52,1,54,1" doraHai="20" who="3" fromWho="0" sc="594,-54,102,0,142,0,162,54" /><INIT seed="1,0,0,4,5,101" ten="540,102,142,216" oya="1" hai0="49,91,10,43,129,60,45,90,86,55,19,16,15" hai1="106,82,64,32,20,81,21,66,114,110,27,85,70" hai2="7,112,17,0,22,54,59,76,98,58,36,132,50" hai3="11,3,31,47,38,52,46,104,28,77,13,62,63"/><U18/><E32/><V103/><F36/><W122/><G3/><T26/><D129/><U93/><E114/><V5/><F132/><W34/><G122/><T6/><D90/><N who="1" m="53455" /><E70/><V97/><F0/><W109/><G109/><T12/><D26/><N who="1" m="14615" /><E106/><V74/><F112/><W102/><G77/><T111/><D111/><U127/><E127/><V30/><F30/><W29/><G34/><T124/><D124/><U121/><E110/><V68/><F68/><W24/><G24/><T33/><D33/><U94/><E94/><V2/><F2/><W88/><G104/><T61/><D43/><U120/><E120/><V4/><F103/><W95/><G102/><T134/><D134/><U118/><E118/><V116/><F116/><W84/><G38/><T126/><D126/><U107/><E107/><V100/><F100/><W53/><G47/><T14/><D6/><U39/><E39/><V71/><F71/><W48/><G53/><T42/><D42/><U113/><E113/><V40/><F40/><W35/><G35/><T87/><D87/><U23/><E121/><V133/><F133/><W123/><G123/><T75/><D75/><U96/><E96/><V1/><F1/><W108/><G108/><T73/><D73/><U115/><E115/><V125/><F125/><W25/><G25/><T89/><D89/><U65/><E23/><V56/><F76/><W92/><G92/><T128/><D128/><U135/><E135/><V9/><F74/><W130/><G130/><T78/><D78/><U72/><E72/><V105/><F105/><W51/><G51/><T117/><D117/><RYUUKYOKU ba="0,0" sc="540,-15,102,15,142,-15,216,15" hai1="21,27,64,65,66,81,82" hai3="11,13,28,29,31,46,48,52,62,63,84,88,95" /><INIT seed="1,1,0,0,5,34" ten="525,117,127,231" oya="1" hai0="76,39,0,69,125,25,13,1,94,55,33,124,24" hai1="90,80,37,86,112,62,114,126,122,5,9,72,101" hai2="104,16,98,7,96,19,60,17,53,68,14,91,74" hai3="71,97,29,83,4,89,40,81,65,75,41,70,119"/><U109/><E122/><V27/><F74/><W44/><G29/><T99/><D69/><U31/><E126/><N who="0" m="48745" /><D39/><U107/><E109/><V116/><F116/><W95/><G119/><T113/><D113/><U123/><E123/><V111/><F111/><W30/><G30/><N who="0" m="19655" /><D76/><U108/><E108/><V118/><F118/><W92/><G92/><T105/><D105/><U3/><E37/><V87/><F104/><W66/><G66/><T59/><D13/><U129/><E129/><V48/><F68/><W117/><G117/><T8/><D8/><U23/><E72/><V57/><F60/><W73/><G73/><T133/><D25/><U21/><E62/><V102/><F27/><W131/><G131/><T120/><D133/><U134/><E134/><V64/><F64/><W38/><G41/><T54/><D120/><U56/><E31/><V63/><F63/><W43/><G43/><T88/><D59/><U132/><E56/><V58/><F58/><W15/><G75/><T51/><D51/><U11/><E132/><V77/><F77/><W47/><G47/><T110/><D110/><U52/><E52/><AGARI ba="1,0" hai="0,1,52,54,55,88,94,99" m="19655,48745" machi="52" ten="30,8000,1" yaku="18,1,52,2,54,2" doraHai="34" who="0" fromWho="1" sc="525,83,117,-83,127,0,231,0" /><INIT seed="2,0,0,0,1,7" ten="608,34,127,231" oya="2" hai0="60,41,87,83,120,110,123,64,33,14,114,62,34" hai1="46,119,21,20,86,71,96,0,36,44,76,117,124" hai2="92,128,133,82,59,74,48,1,17,26,13,65,43" hai3="126,125,91,28,78,130,85,35,58,103,93,19,69"/><V2/><F128/><W127/><G69/><T66/><D114/><U129/><E71/><V12/><F133/><W42/><G130/><T47/><D110/><U131/><E86/><V50/><F26/><N who="3" m="18839" /><G42/><T56/><D33/><U79/><E96/><V67/><F74/><W10/><G58/><T132/><D34/><U57/><E57/><V88/><F82/><W100/><G78/><T98/><D98/><U107/><E0/><V118/><F118/><W72/><G72/><T51/><D14/><AGARI ba="0,0" hai="10,14,19,85,91,93,100,103,125,126,127" m="18839" machi="14" ten="30,2000,0" yaku="18,1,52,1" doraHai="7" who="3" fromWho="0" sc="608,-20,34,0,127,0,231,20" /><INIT seed="3,0,0,0,4,74" ten="588,34,127,251" oya="3" hai0="119,50,93,124,77,6,54,10,60,83,72,133,106" hai1="103,90,29,127,9,68,17,125,128,19,21,2,5" hai2="135,126,53,20,64,56,63,33,81,134,48,94,49" hai3="91,122,0,107,40,118,87,58,80,35,14,69,16"/><W85/><G69/><T31/><D106/><U73/><E103/><V130/><F33/><W24/><G0/><T108/><D119/><U57/><E57/><V99/><F130/><W52/><G118/><T43/><D108/><U47/><E47/><V86/><F126/><N who="1" m="48137" /><E90/><N who="2" m="55767" /><F20/><N who="3" m="13319" /><G35/><T116/><D10/><U26/><E73/><V131/><F131/><W51/><G122/><T67/><D31/><U39/><E39/><V59/><F135/><W65/><G107/><T3/><D6/><U117/><E68/><V7/><F7/><W34/><G34/><T66/><D3/><U13/><E128/><V45/><F134/><W105/><G105/><T70/><D70/><U55/><E55/><V12/><F12/><W4/><G87/><T15/><D72/><U100/><E100/><V109/><F109/><W76/><G65/><T95/><D66/><U89/><E89/><N who="2" m="51407" /><F45/><W113/><G113/><T101/><D67/><U104/><E104/><V11/><F11/><N who="3" m="4455" /><G40/><T18/><D43/><U79/><E117/><V62/><AGARI ba="0,0" hai="48,49,53,56,59,62,63,64" m="51407,55767" machi="62" ten="30,1100,0" yaku="8,1" doraHai="74" who="2" fromWho="2" sc="588,-3,34,-3,127,11,251,-5" owari="585,68.0,31,-47.0,138,-26.0,246,5.0" /></mjloggm>