<mjloggm ver="2.3"><GO type="97" lobby="0"/><UN n0="%64%75%66%66%62%65%65%72" n1="%E3%82%A6%E3%83%AB%E3%83%88%E3%83%A9%E7%AB%8B%E7%9B%B4" n2="%47%69%67%61%48%61%77%6B" n3="%E5%81%A5%E5%8F%B8" dan="15,15,15,13" rate="1971.74,2017.68,1947.43,1834.49" sx="M,M,M,F"/><TAIKYOKU oya="0"/><INIT seed="0,0,0,5,4,119" ten="250,250,250,250" oya="0" hai0="88,102,9,35,47,10,63,110,16,118,74,97,90" hai1="1,40,33,116,8,58,132,2,5,107,91,51,128" hai2="83,44,73,37,66,108,122,15,30,98,41,22,4" hai3="0,94,34,103,28,17,123,77,121,68,71,99,13"/><T129/><D35/><U54/><E116/><V42/><F108/><W93/><G77/><T56/><D118/><U80/><E128/><V82/><F42/><W45/><G0/><T70/><D70/><U104/><E132/><V101/><F122/><N who="3" m="46603" /><G45/><T78/><D110/><U76/><E33/><V92/><F73/><W109/><G109/><T53/><D129/><U100/><E1/><V126/><F126/><W84/><G34/><T95/><D74/><U29/><E76/><V86/><F86/><W117/><G28/><T7/><D78/><U105/><E29/><V87/><F87/><W61/><G61/><T46/><D16/><U75/><E40/><V69/><F69/><N who="3" m="26699" /><G117/><T65/><D10/><U130/><E130/><V55/><F66/><W60/><G60/><T81/><D65/><U23/><E75/><V62/><F62/><W24/><G24/><T85/><REACH who="0" step="1"/><D90/><REACH who="0" ten="240,250,250,250" step="2"/><U19/><E91/><V120/><F120/><W38/><G38/><T50/><D50/><U125/><E51/><V43/><F37/><W89/><G17/><T18/><D18/><U127/><E127/><V3/><F4/><W124/><G124/><T112/><D112/><U79/><E125/><V27/><F27/><W21/><G21/><T115/><D115/><U96/><E19/><V67/><F22/><W25/><G25/><T114/><D114/><U32/><E23/><V14/><F30/><W31/><G31/><T113/><D113/><U26/><E26/><V59/><F67/><W133/><G133/><T57/><D57/><U64/><E58/><V49/><F59/><W39/><G39/><RYUUKYOKU ba="0,1" sc="240,15,250,-15,250,-15,250,15" hai0="7,9,46,47,53,56,63,81,85,88,95,97,102" hai3="13,84,89,93,94,99,103" /><INIT seed="0,1,1,3,5,3" ten="255,235,235,265" oya="0" hai0="59,8,92,129,74,60,0,98,63,65,82,7,121" hai1="109,34,104,86,133,45,89,116,127,55,115,132,6" hai2="67,11,88,25,134,126,100,62,103,114,110,49,85" hai3="4,18,77,64,106,19,71,10,50,95,122,61,35"/><T102/><D121/><U32/><E104/><V56/><F114/><W37/><G37/><T76/><REACH who="0" step="1"/><D63/><REACH who="0" ten="245,235,235,265" step="2"/><U84/><E115/><V22/><F126/><W83/><G122/><T41/><D41/><U99/><E127/><V48/><F134/><W28/><G50/><N who="2" m="19561" /><F110/><W125/><G125/><T31/><D31/><U80/><E109/><V135/><F135/><W118/><G118/><T124/><D124/><U23/><E116/><V9/><F100/><W43/><G43/><T105/><D105/><U119/><E119/><V46/><F103/><W15/><G106/><T123/><D123/><U42/><E133/><V39/><F39/><W54/><G28/><T66/><D66/><U38/><E132/><V97/><F46/><W130/><G54/><T79/><D79/><U47/><E55/><V1/><F67/><W2/><G35/><T69/><D69/><U91/><E45/><V36/><F62/><W81/><G61/><T57/><D57/><U20/><E47/><V24/><F56/><W33/><G33/><T117/><D117/><U53/><E42/><V78/><F36/><W131/><G64/><T112/><D112/><U101/><E53/><V29/><F78/><W40/><G40/><T107/><D107/><U75/><E38/><V72/><F29/><W120/><G120/><T73/><D73/><U5/><E75/><V87/><F72/><W58/><G71/><T21/><D21/><U13/><E23/><V68/><F22/><W17/><G58/><T16/><D16/><N who="1" m="10255" /><E34/><V30/><F68/><W113/><G113/><T128/><AGARI ba="1,2" hai="0,7,8,59,60,65,74,76,82,92,98,102,128,129" machi="128" ten="30,6000,0" yaku="1,1,0,1,52,1,53,0" doraHai="3" doraHaiUra="26" who="0" fromWho="0" sc="245,83,235,-21,235,-21,265,-21" /><INIT seed="0,2,0,0,0,95" ten="328,214,214,244" oya="0" hai0="89,91,61,135,63,117,33,104,77,46,5,78,24" hai1="123,79,126,0,49,83,75,115,28,70,26,25,110" hai2="15,21,31,35,111,122,14,68,10,20,73,56,27" hai3="97,71,57,100,29,38,62,58,93,45,44,133,8"/><T48/><D117/><U94/><E123/><V81/><F68/><W37/><G133/><T39/><D39/><U80/><E70/><V124/><F73/><W47/><G29/><T121/><D135/><U1/><E126/><V53/><F122/><W4/><G71/><T101/><D5/><U127/><E127/><V51/><F111/><W30/><G30/><T18/><D33/><U84/><E110/><V119/><F119/><W42/><G37/><T59/><D121/><U86/><E115/><V74/><F74/><W19/><G19/><T13/><D24/><U102/><E49/><V16/><F124/><W107/><G107/><T85/><D63/><U9/><E75/><V109/><F109/><W99/><G58/><T67/><D101/><U129/><E129/><V60/><F81/><W96/><G42/><N who="0" m="24663" /><D91/><U6/><E1/><V2/><F2/><W76/><G76/><T128/><D104/><U72/><E72/><V55/><F15/><N who="3" m="5511" /><G38/><T7/><D7/><U92/><E28/><V131/><F131/><W106/><G106/><T22/><D128/><U43/><E43/><V108/><F108/><W130/><G130/><T17/><D17/><U50/><E50/><V12/><F12/><W52/><AGARI ba="2,0" hai="44,45,47,52,57,62,93,96,97,99,100" m="5511" machi="52" ten="30,8000,1" yaku="8,1,52,3,54,1" doraHai="95" who="3" fromWho="3" sc="328,-42,214,-22,214,-22,244,86" /><INIT seed="1,0,0,3,4,101" ten="286,192,192,330" oya="1" hai0="37,98,82,62,90,95,123,12,1,6,100,122,51" hai1="21,46,57,49,69,117,105,104,43,75,134,19,47" hai2="36,63,132,0,73,92,11,133,15,18,8,125,58" hai3="45,77,22,56,108,39,85,50,86,130,124,9,27"/><U60/><E75/><V41/><F73/><W129/><G39/><T113/><D37/><U66/><E117/><V115/><F125/><W16/><G124/><T106/><D1/><U23/><E134/><N who="2" m="51819" /><F41/><W40/><G108/><T20/><D113/><U7/><E7/><N who="2" m="1127" /><F36/><W65/><G9/><T13/><D82/><U35/><E35/><V114/><F92/><W67/><G56/><T128/><D62/><U31/><E69/><V68/><F68/><W89/><G77/><T120/><D128/><N who="3" m="49257" /><G86/><T70/><D70/><U54/><E31/><V17/><F58/><W32/><G32/><T10/><D51/><U34/><E34/><V74/><F63/><W119/><G119/><T28/><D90/><U81/><E81/><AGARI ba="0,0" hai="16,22,27,40,45,50,65,67,81,85,89" m="49257" machi="81" ten="30,2000,0" yaku="19,1,54,1" doraHai="101" who="3" fromWho="1" sc="286,0,192,-20,192,0,330,20" /><INIT seed="2,0,0,4,2,88" ten="286,172,192,350" oya="2" hai0="100,7,17,94,14,3,109,96,114,18,130,8,60" hai1="38,36,42,20,91,70,99,15,56,59,93,12,30" hai2="22,117,28,52,112,75,24,125,90,49,37,118,102" hai3="101,51,44,45,54,78,82,48,58,66,81,116,43"/><V29/><F75/><W73/><G116/><T123/><D123/><U83/><E70/><V105/><F112/><W50/><G101/><T86/><D114/><U95/><E83/><V67/><F37/><W16/><G82/><T113/><D130/><U9/><E42/><V25/><F67/><W131/><G131/><T129/><D113/><U21/><E91/><V106/><F125/><W111/><G111/><T11/><D109/><U53/><E99/><V128/><F128/><W39/><G66/><T1/><D129/><U103/><E9/><V27/><F27/><W5/><G5/><T55/><D86/><U64/><E64/><V34/><F90/><W62/><G16/><T63/><D63/><U133/><E103/><V85/><F85/><W87/><G73/><T10/><D10/><U110/><E110/><V120/><F120/><W26/><G26/><T76/><D76/><U23/><E23/><V119/><REACH who="2" step="1"/><F102/><REACH who="2" ten="286,172,182,350" step="2"/><W69/><G87/><T126/><D126/><U79/><E79/><V65/><F65/><N who="3" m="41143" /><G78/><T108/><D108/><U97/><E97/><V122/><F122/><W4/><G81/><T84/><D84/><U61/><E38/><V13/><F13/><W2/><G2/><T72/><D72/><U104/><E36/><V57/><AGARI ba="0,1" hai="22,24,25,28,29,34,49,52,57,105,106,117,118,119" machi="57" ten="30,6000,0" yaku="1,1,0,1,54,1,53,0" doraHai="88" doraHaiUra="132" who="2" fromWho="2" sc="286,-20,172,-20,182,70,350,-20" /><INIT seed="2,1,0,3,2,1" ten="266,152,252,330" oya="2" hai0="58,77,31,126,116,19,16,53,86,109,54,80,7" hai1="37,120,92,52,41,60,51,68,117,135,114,27,25" hai2="113,102,89,6,28,65,124,70,78,61,18,93,46" hai3="43,15,34,20,119,11,13,76,87,108,55,4,14"/><V40/><F113/><W111/><G43/><T23/><D109/><N who="3" m="42057" /><G76/><T90/><D126/><U125/><E125/><V75/><F124/><W100/><G100/><T96/><D116/><U98/><E114/><V82/><F102/><W95/><G119/><T81/><D7/><U105/><E105/><V72/><F72/><W67/><G67/><T36/><D36/><U94/><E135/><V38/><F18/><N who="3" m="10319" /><G55/><T33/><D33/><U39/><E120/><V88/><F28/><W5/><G95/><N who="0" m="56439" /><D80/><U131/><E131/><V106/><F106/><W103/><G103/><T91/><D77/><U129/><E129/><V50/><F93/><W115/><G87/><T30/><D19/><U133/><E133/><V17/><F17/><N who="3" m="8415" /><G115/><T26/><D54/><U110/><E110/><V122/><F122/><W132/><G132/><T127/><D127/><U44/><E117/><V47/><F6/><N who="3" m="2667" /><G34/><T29/><D16/><U22/><E39/><V48/><F38/><W112/><G15/><T9/><D31/><U42/><E37/><V35/><F35/><W21/><G112/><T79/><D30/><U63/><E42/><AGARI ba="1,0" hai="40,42,46,47,48,50,61,65,70,75,78,82,88,89" machi="42" ten="30,5800,0" yaku="7,1,9,1,54,1" doraHai="1" who="2" fromWho="1" sc="266,0,152,-61,252,61,330,0" /><INIT seed="2,2,0,3,0,17" ten="266,91,313,330" oya="2" hai0="24,1,127,116,122,62,58,110,102,104,67,74,36" hai1="31,15,114,84,91,5,95,78,85,112,130,20,119" hai2="69,97,73,49,46,16,96,105,55,14,87,61,33" hai3="75,0,21,7,88,59,66,26,106,115,98,83,13"/><V39/><F73/><W72/><G115/><T18/><D122/><U19/><E119/><V10/><F33/><W57/><G0/><T38/><D1/><U80/><E130/><V56/><F105/><W12/><G106/><T132/><D116/><U64/><E5/><V118/><F118/><W50/><G75/><T51/><D74/><U92/><E64/><V81/><F69/><W41/><G72/><T77/><D77/><U71/><E71/><V111/><F39/><W22/><G7/><T135/><D110/><U35/><E35/><V29/><F29/><N who="3" m="17615" /><G22/><N who="0" m="13399" /><D127/><U4/><E4/><V108/><F111/><W99/><G66/><T133/><D51/><U76/><E31/><V25/><F25/><W32/><G32/><T52/><D67/><U109/><E109/><V40/><F108/><W79/><G79/><AGARI ba="2,0" hai="10,14,16,40,46,49,55,56,61,79,81,87,96,97" machi="79" ten="30,5800,0" yaku="7,1,8,1,54,1" doraHai="17" who="2" fromWho="3" sc="266,0,91,0,313,64,330,-64" /><INIT seed="2,3,0,2,4,76" ten="266,91,377,266" oya="2" hai0="24,133,93,117,46,54,75,127,47,107,31,38,53" hai1="112,68,124,125,11,111,49,97,8,67,131,86,35" hai2="59,29,72,58,4,82,135,55,23,19,57,43,91" hai3="20,60,65,6,120,71,27,17,80,50,87,14,74"/><V96/><F135/><W33/><G120/><T32/><D107/><U114/><E49/><V37/><F37/><W108/><G108/><T40/><D133/><U13/><E67/><V18/><F43/><W5/><G74/><T66/><D66/><U77/><E68/><V104/><F104/><W36/><G36/><T84/><D75/><U94/><E35/><V128/><F4/><W7/><G50/><T88/><D117/><U42/><E42/><V48/><F128/><W101/><G101/><T39/><D127/><U56/><E56/><V119/><F119/><W1/><G1/><T45/><D39/><U15/><E111/><V69/><F69/><W78/><REACH who="3" step="1"/><G33/><REACH who="3" ten="266,91,377,256" step="2"/><T90/><D38/><U110/><E110/><V16/><F72/><W34/><G34/><T9/><D40/><U30/><E131/><V64/><F64/><W2/><G2/><T62/><D62/><U63/><E63/><V79/><F23/><W95/><G95/><T61/><D61/><U129/><E129/><V41/><F48/><W121/><G121/><T116/><D116/><U109/><E109/><V130/><F130/><W70/><G70/><T21/><D32/><U103/><E124/><V51/><F51/><W44/><G44/><T100/><D100/><U52/><E125/><V10/><F41/><W122/><G122/><T132/><D132/><U113/><E113/><V25/><F25/><AGARI ba="3,1" hai="5,6,7,14,17,20,25,27,60,65,71,78,80,87" machi="25" ten="40,2600,0" yaku="1,1,52,1,53,0" doraHai="76" doraHaiUra="118" who="3" fromWho="2" sc="266,0,91,0,377,-35,256,45" /><INIT seed="3,0,0,2,4,50" ten="266,91,342,301" oya="3" hai0="7,130,28,111,33,69,78,101,94,15,59,81,10" hai1="116,90,77,18,49,71,60,13,129,123,14,93,88" hai2="107,102,40,12,48,3,126,68,58,24,34,97,96" hai3="11,46,108,91,53,6,45,122,100,131,128,9,19"/><W44/><G122/><T120/><D69/><U26/><E123/><V105/><F3/><W133/><G133/><T76/><D120/><U125/><E116/><V98/><F126/><W39/><G100/><T65/><D130/><N who="3" m="49705" /><G39/><T23/><D33/><U56/><E129/><V42/><F68/><W5/><G108/><T124/><D124/><U83/><E125/><V75/><F75/><W85/><G19/><T52/><D111/><U20/><E71/><V43/><F12/><N who="3" m="5167" /><G91/><T67/><D78/><U84/><E49/><V63/><F48/><N who="3" m="28807" /><G85/><N who="0" m="48295" /><D28/><U2/><E2/><AGARI ba="0,0" hai="2,6,11,45,46" m="28807,5167,49705" machi="2" ten="30,2900,0" yaku="19,1,52,1" doraHai="50" who="3" fromWho="1" sc="266,0,91,-29,342,0,301,29" /><INIT seed="3,1,0,4,1,18" ten="266,62,342,330" oya="3" hai0="35,124,93,16,99,60,131,101,121,114,68,91,82" hai1="80,5,37,90,2,76,120,14,53,12,17,128,100" hai2="1,133,107,117,8,112,62,9,89,45,74,85,79" hai3="134,23,71,27,67,20,111,70,81,95,57,34,25"/><W30/><G134/><T46/><D35/><U52/><E37/><V122/><F112/><W54/><G111/><T49/><D114/><U104/><E104/><V115/><F117/><W40/><G40/><T28/><D28/><U13/><E90/><V123/><F115/><W4/><G4/><T56/><D68/><U84/><E100/><V31/><F107/><W75/><G67/><T32/><D32/><U65/><E65/><V59/><F45/><W119/><G119/><T38/><D38/><U126/><E126/><V66/><F1/><W39/><G39/><T36/><D36/><U11/><E120/><N who="2" m="46123" /><F133/><W29/><G34/><T109/><D124/><U72/><E128/><V105/><F105/><W97/><G81/><T43/><D131/><U50/><E72/><V64/><F64/><W78/><G78/><T48/><D109/><U47/><E53/><V61/><F61/><W94/><G75/><T110/><D49/><U3/><E3/><V21/><F79/><W87/><G87/><T77/><D110/><U130/><E130/><V6/><F6/><W73/><G73/><T86/><D121/><U106/><E106/><V15/><F74/><W102/><G95/><T24/><D101/><U125/><E125/><V88/><F89/><W127/><G127/><T113/><D113/><U55/><E55/><V26/><F15/><W92/><G92/><AGARI ba="1,0" hai="8,9,21,26,31,59,62,66,85,88,92" m="46123" machi="92" ten="30,3900,0" yaku="13,1,52,1,54,1" doraHai="18" who="2" fromWho="3" sc="266,0,62,0,342,42,330,-42" owari="266,-13.0,62,-44.0,384,48.0,288,9.0" /></mjloggm>