<mjloggm ver="2.3"><GO type="41" lobby="0"/><UN n0="%6B%30%30%37%34%73" n1="%E3%82%8F%E3%81%97%E3%81%A3%E3%81%9A" n2="%E3%82%A6%E3%83%AB%E3%83%88%E3%83%A9%E7%AB%8B%E7%9B%B4" n3="%E3%81%A1%E3%82%85%E3%83%BC%EF%BC%94" dan="15,14,16,13" rate="1954.54,1894.53,2064.94,1847.18" sx="M,M,M,M"/><TAIKYOKU oya="0"/><INIT seed="0,0,0,0,5,82" ten="250,250,250,250" oya="0" hai0="29,0,132,98,60,90,115,77,117,23,31,70,133" hai1="118,96,72,127,81,59,51,89,116,99,79,5,104" hai2="74,66,114,64,24,52,65,18,53,106,69,33,88" hai3="123,10,40,41,50,49,62,48,124,57,135,111,97"/><T30/><D0/><U112/><E5/><V54/><F106/><W43/><G10/><T87/><D117/><U17/><E17/><V25/><F74/><W92/><G123/><T58/><D70/><U38/><E38/><V102/><F102/><W32/><G32/><T120/><D120/><U134/><E112/><V46/><F114/><W11/><G11/><T93/><D115/><U1/><E1/><V22/><F33/><W108/><G92/><T67/><D23/><U126/><E59/><V16/><F69/><W35/><G35/><T84/><REACH who="0" step="1"/><D77/><REACH who="0" ten="240,250,250,250" step="2"/><U42/><E118/><V13/><F22/><W14/><G108/><T9/><D9/><U103/><E116/><V86/><F24/><W15/><G111/><T63/><D63/><U68/><E68/><V20/><F20/><W28/><G28/><T131/><D131/><U44/><E134/><AGARI ba="0,1" hai="29,30,31,58,60,67,84,87,90,93,98,132,133,134" machi="134" ten="40,12000,1" yaku="1,1,20,1,52,2,53,1" doraHai="82" doraHaiUra="91" who="0" fromWho="1" sc="240,130,250,-120,250,0,250,0" /><INIT seed="0,1,0,4,2,18" ten="370,130,250,250" oya="0" hai0="14,60,89,120,17,31,101,72,123,48,16,25,13" hai1="21,80,104,55,79,114,29,49,0,52,23,76,93" hai2="35,88,10,33,126,122,11,45,34,59,63,111,58" hai3="130,94,38,102,109,66,26,78,77,87,119,86,54"/><T113/><D113/><U91/><E104/><V81/><F122/><W107/><G38/><T19/><D72/><U98/><E0/><V56/><F126/><W92/><G66/><T83/><D101/><U9/><E29/><V64/><F111/><W97/><G54/><T82/><D60/><U99/><E114/><V53/><F45/><W57/><G57/><T47/><D123/><U124/><E9/><V2/><F2/><W5/><G5/><T127/><D127/><U96/><E124/><V117/><F117/><W67/><G67/><T40/><D120/><U118/><E118/><V46/><F46/><W134/><G26/><T44/><D47/><N who="1" m="27711" /><E55/><V103/><F53/><W70/><G70/><T3/><D3/><U68/><E68/><V125/><F125/><W128/><G109/><T116/><D116/><U84/><E80/><V73/><F63/><W37/><G37/><T32/><D82/><U100/><E100/><V22/><F103/><W74/><G119/><T135/><D135/><U20/><AGARI ba="1,0" hai="20,21,23,76,79,84,91,93,96,98,99" m="27711" machi="20" ten="30,8000,1" yaku="8,1,52,3,54,1" doraHai="18" who="1" fromWho="1" sc="370,-41,130,83,250,-21,250,-21" /><INIT seed="1,0,0,1,2,52" ten="329,213,229,229" oya="1" hai0="111,43,63,11,79,47,7,70,4,36,134,135,75" hai1="9,23,34,38,89,86,20,17,26,99,91,97,29" hai2="13,33,121,93,18,10,123,130,40,58,108,73,62" hai3="122,117,84,30,12,14,83,82,15,68,46,0,88"/><U50/><E38/><V48/><F33/><W49/><G0/><T98/><D98/><U28/><E9/><V109/><F73/><W56/><G68/><T31/><D31/><U124/><E124/><V128/><F93/><W57/><G117/><T106/><D106/><U27/><E34/><V100/><F100/><W101/><G30/><T53/><D111/><U39/><E39/><V103/><F103/><W126/><G126/><T78/><D4/><U120/><E120/><V125/><F125/><W102/><G122/><T118/><D118/><U19/><E50/><V8/><F8/><W95/><G101/><T113/><D113/><U6/><E6/><V115/><F123/><W92/><G83/><T16/><D16/><U96/><REACH who="1" step="1"/><E91/><REACH who="1" ten="329,203,229,229" step="2"/><V41/><F121/><W45/><G45/><T51/><D51/><U72/><E72/><V76/><F48/><W133/><G133/><N who="0" m="50699" /><D75/><U131/><E131/><V114/><F130/><W22/><G22/><T71/><D79/><U32/><E32/><V42/><F76/><W110/><G110/><N who="2" m="42601" /><F128/><W55/><G102/><T67/><D78/><U66/><E66/><AGARI ba="0,1" hai="10,13,18,40,41,42,58,62,66,114,115" m="42601" machi="66" ten="30,2000,0" yaku="14,1,52,1" doraHai="52" who="2" fromWho="1" sc="329,0,203,-20,229,30,229,0" /><INIT seed="2,0,0,5,0,27" ten="329,183,259,229" oya="2" hai0="87,82,18,119,24,133,61,53,110,94,0,93,71" hai1="3,85,126,38,117,4,14,80,40,123,83,41,10" hai2="46,16,48,20,78,112,49,64,77,135,100,7,91" hai3="76,115,31,102,34,29,50,33,74,103,1,60,105"/><V23/><F112/><W35/><G1/><T58/><D0/><U114/><E123/><V127/><F127/><W12/><G115/><T128/><D110/><U51/><E114/><V75/><F7/><W118/><G118/><T25/><D119/><U125/><E117/><V45/><F135/><W104/><G12/><T121/><D121/><U113/><E113/><V26/><F100/><W111/><G111/><T52/><D71/><U6/><E38/><V92/><F64/><W107/><G60/><T120/><D120/><U132/><E132/><V86/><F75/><W42/><G76/><T124/><D133/><U43/><E80/><V129/><F129/><W109/><G74/><T116/><D116/><U15/><E3/><V72/><F72/><W70/><G70/><T95/><D124/><U89/><REACH who="1" step="1"/><E51/><REACH who="1" ten="329,173,259,229" step="2"/><V19/><F49/><W2/><G2/><T11/><D128/><U55/><E55/><V30/><F48/><W44/><G109/><T13/><REACH who="0" step="1"/><D53/><REACH who="0" ten="319,173,259,229" step="2"/><U96/><E96/><V8/><F46/><W17/><G44/><T47/><D47/><U68/><E68/><V9/><F45/><W5/><G42/><T36/><D36/><U81/><E81/><V98/><F98/><W101/><G104/><T122/><D122/><U62/><E62/><V69/><F69/><W99/><G105/><T21/><D21/><U90/><E90/><AGARI ba="0,2" hai="11,13,18,24,25,52,58,61,82,87,90,93,94,95" machi="90" ten="40,8000,1" yaku="1,1,8,1,54,1,53,1" doraHai="27" doraHaiUra="54" who="0" fromWho="1" sc="319,100,173,-80,259,0,229,0" /><INIT seed="3,0,0,1,0,92" ten="419,93,259,229" oya="3" hai0="64,94,51,20,104,4,35,36,44,46,3,96,132" hai1="14,56,110,37,63,134,79,47,119,86,52,54,78" hai2="60,80,13,48,74,135,121,73,61,62,31,85,72" hai3="26,117,24,87,30,71,93,69,101,76,109,88,126"/><W27/><G117/><T0/><D35/><U5/><E119/><V131/><F121/><W16/><G30/><T23/><D104/><U116/><E116/><V38/><F38/><W25/><G126/><T105/><D105/><U2/><E2/><V108/><F108/><W103/><G109/><T40/><D64/><U113/><E113/><V120/><F120/><W112/><G112/><T98/><D132/><U127/><E134/><V28/><F135/><W133/><G133/><T32/><D32/><U111/><E127/><V57/><F131/><W10/><G76/><T49/><D36/><U102/><E102/><N who="3" m="38922" /><G71/><T59/><D94/><U12/><E12/><V15/><F57/><W58/><G69/><T19/><D59/><U114/><E114/><V29/><F48/><W42/><G58/><T128/><D4/><U70/><E70/><V50/><F50/><W43/><N who="3" m="6656" /><DORA hai="7" /><W53/><G53/><T18/><REACH who="0" step="1"/><D40/><REACH who="0" ten="409,93,259,229" step="2"/><U75/><E111/><V91/><AGARI ba="0,1" hai="13,15,28,29,31,60,61,62,72,73,74,80,85,91" machi="91" ten="40,5200,0" yaku="0,1,29,2" doraHai="92,7" who="2" fromWho="2" sc="409,-13,93,-13,259,62,229,-26" /><INIT seed="4,0,0,2,0,111" ten="396,80,321,203" oya="0" hai0="122,70,132,78,6,91,18,95,85,123,94,49,41" hai1="96,107,29,102,9,20,81,134,47,120,74,46,124" hai2="135,97,44,2,36,126,77,75,110,66,24,106,16" hai3="7,112,108,103,22,127,25,131,93,28,31,76,56"/><T26/><D70/><U61/><E120/><V88/><F110/><W52/><G108/><T59/><D6/><U53/><E134/><V72/><F135/><W83/><G7/><T118/><D118/><U73/><E124/><V79/><F2/><W10/><G127/><T80/><D132/><U89/><E47/><V13/><F126/><W100/><G10/><T39/><D39/><U32/><E32/><V82/><F106/><W1/><G1/><T3/><D3/><U51/><E61/><V99/><F24/><W133/><G133/><T37/><D37/><U43/><E43/><V121/><F66/><W8/><G8/><T42/><D95/><U15/><E20/><V105/><F44/><W63/><G131/><T65/><D123/><U57/><E29/><V114/><F36/><W116/><G116/><T19/><D122/><U90/><E57/><V27/><F27/><W38/><G38/><T109/><D109/><U92/><E89/><V115/><F121/><W60/><G31/><T33/><D33/><U40/><E40/><N who="0" m="15465" /><D26/><U54/><E54/><V104/><F104/><W0/><G0/><T48/><D65/><U55/><E55/><V84/><F105/><W86/><G100/><T119/><D119/><U58/><E58/><V71/><F71/><W125/><G125/><T34/><D34/><U4/><REACH who="1" step="1"/><E81/><REACH who="1" ten="396,70,321,203" step="2"/><V98/><F98/><AGARI ba="0,1" hai="4,9,15,46,51,53,73,74,90,92,96,98,102,107" machi="98" ten="30,3900,0" yaku="1,1,2,1,7,1,53,0" doraHai="111" doraHaiUra="128" who="1" fromWho="2" sc="396,0,70,49,321,-39,203,0" /><INIT seed="5,0,0,0,5,94" ten="396,119,282,203" oya="1" hai0="124,73,79,35,100,13,57,123,99,56,45,40,98" hai1="102,53,47,106,70,104,117,72,62,112,38,37,43" hai2="76,54,39,0,18,135,111,114,132,83,77,91,108" hai3="5,87,48,113,9,10,42,84,50,97,21,64,14"/><U81/><E117/><V58/><F39/><W67/><G113/><T11/><D35/><U88/><E112/><V105/><F0/><W51/><G42/><T90/><D124/><U20/><E37/><V89/><F114/><W52/><G21/><T69/><D69/><U23/><E106/><V49/><F18/><W28/><G28/><T12/><D123/><U127/><E127/><V101/><F105/><W16/><G52/><T41/><D73/><U95/><E81/><V61/><F101/><W29/><G29/><T66/><D79/><U85/><E72/><V63/><F83/><W71/><G71/><T120/><D120/><U3/><E3/><V30/><F49/><W82/><G84/><T4/><D100/><U33/><E33/><V25/><F58/><N who="0" m="22634" /><D90/><U27/><E53/><V96/><F54/><W118/><G118/><T107/><D107/><U36/><E36/><V31/><REACH who="2" step="1"/><F25/><REACH who="2" ten="396,119,272,203" step="2"/><W1/><G67/><T130/><D66/><U75/><E75/><V122/><F122/><W125/><G64/><T115/><D115/><U15/><E70/><V68/><F68/><W92/><G125/><T46/><D130/><U129/><E129/><V80/><F80/><W109/><G109/><T134/><D134/><U34/><E62/><V116/><F116/><W86/><REACH who="3" step="1"/><G82/><REACH who="3" ten="396,119,272,193" step="2"/><T44/><D41/><U2/><E2/><V126/><F126/><W110/><G110/><T103/><D40/><U133/><E133/><V60/><F60/><W8/><G8/><N who="0" m="4103" /><D103/><AGARI ba="0,2" hai="1,5,9,10,14,16,48,50,51,86,87,92,97,103" machi="103" ten="40,5200,0" yaku="1,1,52,1,54,1,53,0" doraHai="94" doraHaiUra="19" who="3" fromWho="0" sc="396,-52,119,0,272,0,193,72" /><INIT seed="6,0,0,0,1,83" ten="344,119,272,265" oya="2" hai0="107,74,53,76,95,45,37,56,1,104,100,119,24" hai1="19,15,94,42,108,60,16,86,31,17,99,27,77" hai2="78,28,135,47,68,6,69,79,97,5,43,124,73" hai3="72,33,87,125,133,131,32,22,52,117,88,105,35"/><V7/><F124/><W81/><G117/><T55/><D1/><U70/><E108/><V36/><F135/><W14/><G133/><T109/><D119/><U112/><E42/><V3/><F28/><W21/><G125/><T13/><D109/><U106/><E106/><V63/><F69/><W58/><G105/><T44/><D24/><U2/><E2/><V10/><F79/><W23/><G72/><T127/><D127/><U50/><E112/><V85/><F97/><W65/><G131/><T91/><D76/><U93/><E50/><V26/><F26/><W92/><G65/><T116/><D74/><U96/><E60/><V8/><F85/><W12/><REACH who="3" step="1"/><G81/><REACH who="3" ten="344,119,272,255" step="2"/><T113/><D116/><U121/><E121/><V64/><F10/><W75/><G75/><T122/><D107/><U20/><E70/><V41/><F41/><W67/><G67/><T84/><D122/><U11/><E94/><V101/><REACH who="2" step="1"/><F101/><REACH who="2" ten="344,119,262,255" step="2"/><W9/><G9/><T29/><D100/><N who="1" m="60431" /><E99/><V40/><F40/><W102/><G102/><T98/><D98/><U80/><AGARI ba="0,2" hai="11,15,16,17,19,20,27,31,77,80,86" m="60431" machi="80" ten="30,4000,0" yaku="8,1,52,1,54,1" doraHai="83" who="1" fromWho="1" sc="344,-10,119,60,262,-20,255,-10" /><INIT seed="7,0,0,2,3,107" ten="334,179,242,245" oya="3" hai0="108,122,19,8,20,40,31,97,2,123,55,126,79" hai1="37,65,27,56,0,43,102,66,81,129,82,115,78" hai2="36,4,111,3,44,84,94,58,7,64,134,121,124" hai3="118,63,90,11,101,133,42,95,99,127,48,104,96"/><W6/><G118/><T23/><D108/><U33/><E0/><V98/><F111/><W125/><G63/><T83/><D126/><N who="3" m="48137" /><G42/><T116/><D116/><U119/><E129/><V26/><F124/><W53/><G133/><T35/><D97/><U49/><E119/><V60/><F134/><W117/><G117/><T89/><D89/><U72/><E115/><V91/><F121/><W25/><G25/><T61/><D40/><U18/><E37/><V85/><F36/><W28/><G28/><T103/><D103/><U112/><E112/><V86/><F3/><N who="3" m="479" /><G53/><T92/><D92/><U1/><E1/><V109/><F109/><W113/><G48/><T38/><D38/><U22/><E33/><V5/><F44/><W57/><G57/><T16/><D35/><U128/><E128/><V9/><F9/><W67/><G113/><T21/><D31/><U71/><E71/><V52/><F26/><W88/><G67/><AGARI ba="0,0" hai="4,5,7,52,58,60,64,67,84,85,86,91,94,98" machi="67" ten="40,2600,0" yaku="8,1,54,1" doraHai="107" who="2" fromWho="3" sc="334,0,179,0,242,26,245,-26" owari="334,43.0,179,-32.0,268,7.0,219,-18.0" /></mjloggm>