<mjloggm ver="2.3"><GO type="169" lobby="0"/><UN n0="%E5%8D%97%E5%9B%BD%E9%9B%80" n1="%E7%88%86%E7%89%8C%E3%82%A6%E3%82%B7%E3%82%B8%E3%83%9E%E3%81%8F%E3%82%93" n2="%E6%B9%8A%E3%83%9F%E3%82%B5%E3%82%AD" n3="%E3%82%A6%E3%83%AB%E3%83%88%E3%83%A9%E7%AB%8B%E7%9B%B4" dan="16,18,16,16" rate="2138.23,2162.64,2057.19,2023.93" sx="M,M,F,M"/><TAIKYOKU oya="0"/><INIT seed="0,0,0,1,3,134" ten="250,250,250,250" oya="0" hai0="110,5,25,47,67,79,69,78,107,70,88,3,101" hai1="114,27,34,118,125,123,96,24,85,99,72,60,75" hai2="92,37,133,64,76,48,97,91,124,32,19,44,98" hai3="9,68,111,90,95,0,100,45,82,59,63,21,94"/><T11/><D107/><U4/><E118/><V20/><F133/><W61/><G111/><T74/><D101/><U73/><E123/><V135/><F135/><W33/><G33/><T84/><D74/><U129/><E4/><V41/><F32/><W71/><G82/><T89/><D89/><U77/><E129/><V87/><F64/><W39/><G9/><T15/><D25/><U30/><E114/><V14/><F37/><W116/><G0/><T52/><D70/><U115/><E115/><V31/><F31/><W51/><G39/><T2/><D110/><U57/><E27/><V28/><F28/><W46/><G21/><T10/><D3/><U127/><E77/><V117/><F117/><W8/><G8/><T65/><D69/><U49/><E85/><V93/><F76/><N who="0" m="29226" /><D10/><U128/><E49/><V66/><F66/><W131/><G116/><T119/><D2/><U120/><E128/><V43/><F43/><W104/><G104/><T50/><D119/><U23/><E34/><V86/><F124/><N who="1" m="47689" /><E120/><V130/><F130/><W53/><G131/><T109/><D109/><U55/><AGARI ba="0,0" hai="23,24,30,55,57,60,72,73,75,96,99" m="47689" machi="55" ten="40,8000,1" yaku="18,1,52,3" doraHai="134" who="1" fromWho="1" sc="250,-40,250,80,250,-20,250,-20" /><INIT seed="1,0,0,2,4,45" ten="210,330,230,230" oya="1" hai0="81,69,2,4,48,104,31,16,8,29,98,70,128" hai1="88,56,60,49,25,133,91,100,55,10,107,112,95" hai2="92,125,105,14,131,15,68,38,135,63,122,87,50" hai3="129,20,9,22,61,64,6,18,130,99,123,101,1"/><U117/><E112/><V67/><F38/><W78/><G78/><T57/><D128/><N who="3" m="49257" /><G18/><T44/><D81/><U66/><E117/><V37/><F122/><W97/><G123/><T13/><D57/><U126/><E126/><V94/><F37/><W46/><G46/><T3/><D3/><U93/><E133/><V51/><F125/><W132/><G132/><T121/><D121/><U24/><E107/><V35/><F135/><W114/><G114/><T7/><D70/><U115/><E100/><V103/><F35/><W0/><G0/><T21/><D69/><U77/><E77/><V89/><F131/><W73/><G73/><T116/><D7/><U43/><E10/><V82/><F105/><N who="3" m="63663" /><G99/><T34/><D116/><U124/><E43/><V36/><F36/><W65/><G65/><T27/><D31/><U79/><E79/><V47/><F47/><W111/><G111/><T85/><D85/><N who="1" m="52367" /><E115/><V42/><F42/><W108/><G108/><T53/><D98/><N who="1" m="57727" /><E124/><V17/><F103/><W84/><G84/><T134/><D134/><U76/><E76/><V12/><REACH who="2" step="1"/><F17/><REACH who="2" ten="210,330,220,230" step="2"/><W58/><AGARI ba="0,1" hai="1,6,9,20,22,58,61,64" m="63663,49257" machi="58" ten="30,1100,0" yaku="19,1" doraHai="45" who="3" fromWho="3" sc="210,-3,330,-5,220,-3,230,21" /><INIT seed="2,0,0,2,0,68" ten="207,325,217,251" oya="2" hai0="75,104,3,37,84,58,78,52,108,20,5,19,2" hai1="115,1,111,64,21,54,133,82,9,76,135,70,96" hai2="88,23,48,85,81,38,36,93,22,31,113,28,71" hai3="25,109,0,49,134,123,44,43,130,59,100,74,55"/><V27/><F113/><W106/><G74/><T125/><D104/><U18/><E115/><V13/><F71/><W56/><G100/><T132/><D75/><U50/><E111/><V12/><F48/><W95/><G106/><T77/><D108/><U16/><E64/><V126/><F126/><W79/><G79/><T26/><D125/><U92/><E70/><V42/><F42/><W17/><G0/><T97/><D132/><N who="1" m="50763" /><E9/><V103/><F13/><W87/><G134/><T119/><D119/><U4/><E4/><V66/><F66/><W8/><G109/><T128/><D128/><U45/><E21/><V118/><F118/><W29/><G130/><T10/><D97/><U98/><E98/><V73/><F73/><W65/><G65/><T117/><D3/><U101/><E1/><V24/><F12/><W67/><G67/><T62/><D117/><U94/><E92/><V129/><F129/><W91/><G123/><T61/><D61/><U32/><E32/><V86/><F103/><W46/><G8/><T72/><D72/><AGARI ba="0,0" hai="16,18,45,50,54,72,76,82,94,96,101" m="50763" machi="72" ten="30,2000,0" yaku="20,1,54,1" doraHai="68" who="1" fromWho="0" sc="207,-20,325,20,217,0,251,0" /><INIT seed="3,0,0,3,2,127" ten="187,345,217,251" oya="3" hai0="31,35,33,51,114,38,18,119,8,19,23,120,41" hai1="39,24,109,135,65,61,25,11,37,44,134,14,12" hai2="85,99,21,3,32,15,96,22,78,27,34,29,53" hai3="129,49,97,68,70,74,9,116,93,57,50,112,47"/><W45/><G74/><T95/><D120/><U73/><E73/><V13/><F3/><W100/><G9/><T86/><D119/><U91/><E109/><V69/><F69/><N who="3" m="26731" /><G93/><T132/><D38/><N who="1" m="14347" /><E44/><N who="3" m="16970" /><G97/><T36/><D36/><U42/><E42/><V72/><F72/><W133/><G100/><T17/><D41/><U76/><E91/><V113/><F113/><W123/><G112/><T75/><D75/><U94/><E94/><V71/><F71/><W107/><G107/><T48/><D114/><U59/><E76/><V26/><F78/><W55/><G123/><T126/><D8/><U122/><E14/><V67/><F85/><W20/><G20/><T87/><D95/><U83/><E83/><V1/><F29/><W56/><G116/><T110/><D23/><U80/><E80/><V0/><F13/><W88/><G88/><T60/><D31/><U6/><E122/><V106/><F15/><W98/><G98/><T103/><D103/><U62/><E62/><V46/><F106/><W117/><G117/><T63/><D60/><U84/><E84/><V64/><F1/><W81/><G81/><T7/><D63/><U108/><E108/><V130/><F0/><W128/><G133/><AGARI ba="0,0" hai="6,11,12,24,25,59,61,65,133,134,135" m="14347" machi="133" ten="30,1000,0" yaku="20,1" doraHai="127" who="1" fromWho="3" sc="187,0,345,10,217,0,251,-10" /><INIT seed="4,0,0,4,4,20" ten="187,355,217,241" oya="0" hai0="25,64,14,38,117,32,0,134,7,74,9,56,65" hai1="35,16,24,34,41,135,86,103,4,2,116,83,37" hai2="30,113,22,84,133,71,46,125,52,107,101,81,110" hai3="29,76,111,10,27,36,54,39,63,130,47,131,129"/><T98/><D117/><U99/><E116/><V119/><F110/><W57/><G111/><T70/><D38/><U102/><E135/><V21/><F119/><W33/><G76/><T72/><D134/><U92/><E102/><V8/><F133/><W90/><G47/><T77/><D70/><U123/><E123/><V75/><F75/><W132/><G132/><T108/><D108/><U45/><E4/><V55/><F71/><W85/><REACH who="3" step="1"/><G10/><REACH who="3" ten="187,355,217,231" step="2"/><T31/><D77/><U49/><E45/><V23/><F46/><W48/><G48/><T79/><D79/><U59/><E49/><V118/><F8/><W62/><G62/><T122/><D122/><U69/><E37/><V61/><F118/><W104/><G104/><T11/><D74/><U67/><E41/><V105/><F61/><W78/><G78/><T73/><D73/><U96/><E69/><V93/><F107/><W28/><G28/><T126/><D72/><U3/><E59/><V89/><F30/><W82/><AGARI ba="0,1" hai="27,29,33,36,39,54,57,63,82,85,90,129,130,131" machi="82" ten="30,7900,0" yaku="1,1,0,1,19,1,52,1,53,0" doraHai="20" doraHaiUra="112" who="3" fromWho="3" sc="187,-39,355,-20,217,-20,231,89" /><INIT seed="5,0,0,2,2,39" ten="148,335,197,320" oya="1" hai0="48,53,74,114,14,12,41,40,21,128,112,16,116" hai1="49,65,31,110,23,38,11,105,27,36,58,26,117" hai2="99,56,51,129,3,73,0,120,45,17,37,66,84" hai3="111,25,90,6,64,61,123,42,54,106,68,78,96"/><U100/><E117/><V30/><F120/><W28/><G123/><T46/><D74/><U87/><E110/><V92/><F73/><W67/><G67/><T10/><D116/><U1/><E100/><V13/><F30/><W133/><G111/><T4/><D128/><U63/><E105/><V103/><F129/><W118/><G78/><T22/><D22/><U121/><E121/><V127/><F127/><W81/><G6/><T43/><AGARI ba="0,0" hai="4,10,12,14,16,21,40,41,43,46,48,53,112,114" machi="43" ten="30,8000,1" yaku="0,1,52,3,54,1" doraHai="39" who="0" fromWho="0" sc="148,80,335,-40,197,-20,320,-20" /><INIT seed="6,0,0,4,3,61" ten="228,295,177,300" oya="2" hai0="0,15,13,87,9,70,109,22,46,14,94,50,23" hai1="56,19,97,114,71,47,35,84,20,10,111,82,72" hai2="39,64,2,24,32,101,119,27,28,69,74,78,96" hai3="79,40,43,95,49,110,91,120,59,122,38,4,26"/><V85/><F119/><W98/><G110/><T1/><D70/><U53/><E71/><V16/><F2/><W12/><G38/><T123/><D109/><U7/><E35/><V36/><F85/><W129/><G129/><T73/><D73/><U134/><E111/><V67/><F69/><W104/><G104/><T31/><D123/><U33/><E33/><V21/><F36/><W92/><G79/><T103/><D9/><U11/><E114/><V52/><F39/><W76/><G76/><T3/><D31/><U133/><E72/><V108/><F108/><W93/><G93/><T62/><D62/><N who="1" m="36111" /><E47/><V117/><F117/><W131/><G131/><T90/><REACH who="0" step="1"/><D103/><REACH who="0" ten="218,295,177,300" step="2"/><U37/><E11/><V128/><F128/><W45/><G122/><T41/><AGARI ba="0,1" hai="0,1,3,13,14,15,22,23,41,46,50,87,90,94" machi="41" ten="40,5200,0" yaku="1,1,2,1,0,1,53,0" doraHai="61" doraHaiUra="60" who="0" fromWho="0" sc="218,62,295,-13,177,-26,300,-13" /><INIT seed="7,0,0,5,0,3" ten="280,282,151,287" oya="3" hai0="15,69,79,33,91,23,29,90,21,2,37,109,43" hai1="9,55,52,0,111,18,12,93,58,22,105,11,73" hai2="46,89,54,131,70,65,6,10,66,119,8,114,125" hai3="127,5,61,101,27,19,112,49,106,124,74,1,25"/><W38/><G38/><T84/><D109/><U120/><E105/><V13/><F119/><W44/><G74/><T123/><D69/><U20/><E111/><V104/><F114/><W97/><G61/><T117/><D117/><U100/><E73/><V32/><F131/><W71/><G71/><T95/><D123/><U99/><E120/><V60/><F125/><N who="3" m="48203" /><G112/><T128/><D2/><U81/><E0/><V108/><F108/><W63/><G63/><T98/><D79/><U41/><E41/><V30/><F66/><W103/><G103/><T76/><D76/><U57/><E81/><V83/><F104/><W72/><G72/><T135/><D128/><U115/><E11/><V14/><F30/><W26/><G5/><T36/><D135/><U62/><E115/><V122/><F32/><W75/><G1/><T68/><D68/><U51/><AGARI ba="0,0" hai="9,12,18,20,22,51,52,55,57,58,62,93,99,100" machi="51" ten="20,5200,0" yaku="0,1,7,1,8,1,54,1" doraHai="3" who="1" fromWho="1" sc="280,-13,282,52,151,-13,287,-26" owari="267,7.0,334,43.0,138,-36.0,261,-14.0" /></mjloggm>