<mjloggm ver="2.3"><GO type="97" lobby="0"/><UN n0="%E7%88%86%E6%92%83%E3%81%A1%E3%82%83%E3%82%93" n1="%E7%BF%A0%E9%9C%9E%40" n2="%43%6F%6E%67%72%65%73%73" n3="%E3%82%A6%E3%83%AB%E3%83%88%E3%83%A9%E7%AB%8B%E7%9B%B4" dan="15,14,14,15" rate="1986.10,1931.07,1958.70,2019.76" sx="M,F,M,M"/><TAIKYOKU oya="0"/><INIT seed="0,0,0,0,3,46" ten="250,250,250,250" oya="0" hai0="27,81,24,58,68,113,63,60,7,108,79,15,33" hai1="100,128,8,73,124,29,101,32,134,26,45,31,47" hai2="86,129,30,23,75,98,99,41,74,39,17,83,91" hai3="67,2,51,25,64,96,44,40,70,61,103,38,104"/><T52/><D113/><U127/><E73/><V90/><F129/><W92/><G2/><T9/><D33/><U133/><E8/><V4/><F4/><W57/><G67/><T82/><D108/><U22/><E22/><V89/><F30/><W105/><G25/><T53/><D82/><U3/><E3/><V112/><F112/><W21/><G21/><T50/><D68/><U13/><E13/><V28/><F28/><W55/><AGARI ba="0,0" hai="38,40,44,51,55,57,61,64,70,92,96,103,104,105" machi="55" ten="30,7900,0" yaku="0,1,24,2,52,1" doraHai="46" who="3" fromWho="3" sc="250,-39,250,-20,250,-20,250,79" /><INIT seed="1,0,0,4,4,127" ten="211,230,230,329" oya="1" hai0="112,65,3,1,81,51,82,33,102,45,132,32,59" hai1="39,58,80,94,125,124,74,116,98,96,28,64,30" hai2="129,9,108,57,47,23,22,53,63,0,17,118,86" hai3="37,105,5,93,46,95,76,100,135,54,70,110,43"/><U73/><E39/><V97/><F118/><W8/><G70/><T117/><D117/><U79/><E116/><V99/><F108/><W131/><G110/><T114/><D102/><U90/><E74/><V16/><F129/><W103/><G54/><T106/><D106/><U26/><E124/><V19/><F47/><W85/><G135/><T27/><D45/><U120/><E125/><V121/><F121/><W71/><G71/><T75/><D75/><U87/><E120/><V13/><F0/><W122/><G122/><T15/><D15/><U89/><E26/><N who="2" m="14663" /><F86/><W92/><G131/><T42/><D27/><AGARI ba="0,0" hai="9,13,17,19,23,27,53,57,63,97,99" m="14663" machi="27" ten="30,2000,0" yaku="8,1,54,1" doraHai="127" who="2" fromWho="0" sc="211,-20,230,0,230,20,329,0" /><INIT seed="2,0,0,1,2,15" ten="191,230,250,329" oya="2" hai0="18,64,12,81,130,24,87,39,52,110,45,51,22" hai1="27,111,118,61,65,58,20,40,36,125,96,90,101" hai2="33,74,43,124,28,9,3,37,17,34,86,67,93" hai3="75,117,95,106,114,120,82,113,29,103,77,107,7"/><V68/><F74/><W98/><G7/><T42/><D130/><U109/><E118/><V13/><F124/><W76/><G29/><T89/><D110/><U2/><E2/><V123/><F123/><W1/><G1/><T132/><D132/><U8/><E8/><V69/><F3/><W73/><G117/><T66/><REACH who="0" step="1"/><D24/><REACH who="0" ten="181,230,250,329" step="2"/><U53/><E111/><V79/><F34/><W80/><G120/><T55/><D55/><U134/><E109/><V30/><F33/><W88/><G114/><T102/><D102/><U14/><E134/><V21/><F67/><W46/><G113/><T57/><AGARI ba="0,1" hai="12,18,22,39,42,45,51,52,57,64,66,81,87,89" machi="57" ten="20,12000,2" yaku="1,1,0,1,7,1,52,1,54,1,53,1" doraHai="15" doraHaiUra="50" who="0" fromWho="0" sc="181,130,230,-30,250,-60,329,-30" /><INIT seed="3,0,0,2,5,47" ten="311,200,190,299" oya="3" hai0="71,81,67,109,9,49,46,95,110,5,103,116,23" hai1="40,33,115,88,12,16,73,22,11,59,69,74,6" hai2="117,32,76,20,21,97,96,79,48,38,42,112,29" hai3="83,128,51,43,101,25,41,57,58,90,122,3,84"/><W18/><G3/><N who="0" m="191" /><D116/><U1/><E69/><V65/><F117/><W39/><G39/><T14/><D81/><U127/><E115/><V102/><F112/><W63/><G122/><T104/><D104/><U98/><E40/><V118/><F118/><W50/><G101/><T92/><D103/><U134/><E134/><V45/><F38/><W87/><G128/><T60/><D23/><N who="2" m="8778" /><F32/><W19/><G25/><T131/><D14/><U53/><E33/><V85/><F29/><W123/><G123/><T93/><D131/><U100/><E127/><V4/><F4/><W129/><G129/><T78/><D78/><N who="2" m="29738" /><F102/><W54/><G87/><T107/><D107/><U72/><E72/><V70/><F70/><W86/><G86/><T52/><D95/><U15/><E1/><V64/><F85/><W36/><G36/><T114/><D114/><U35/><E35/><V113/><F113/><W66/><G43/><T24/><D24/><U105/><REACH who="1" step="1"/><E88/><REACH who="1" ten="311,190,190,299" step="2"/><V27/><F27/><W28/><G28/><T80/><D80/><U62/><AGARI ba="0,1" hai="6,11,12,15,16,22,53,59,62,73,74,98,100,105" machi="62" ten="20,12000,2" yaku="1,1,2,1,0,1,7,1,54,1,53,1" doraHai="47" doraHaiUra="7" who="1" fromWho="1" sc="311,-30,190,130,190,-30,299,-60" owari="281,8.0,320,42.0,160,-34.0,239,-16.0" /></mjloggm>