<mjloggm ver="2.3"><GO type="169" lobby="0"/><UN n0="%E3%82%AB%E3%83%A9%E3%82%B9%E2%98%85" n1="%5A%69%6C%61%6E%74" n2="%E3%82%A6%E3%83%AB%E3%83%88%E3%83%A9%E7%AB%8B%E7%9B%B4" n3="%E5%8D%97%E5%9B%BD%E9%9B%80" dan="16,17,16,16" rate="2054.11,2176.41,2021.25,2110.89" sx="M,M,M,M"/><TAIKYOKU oya="0"/><INIT seed="0,0,0,2,5,112" ten="250,250,250,250" oya="0" hai0="26,56,119,51,37,65,31,90,126,6,0,86,41" hai1="110,133,95,20,105,87,18,54,121,19,96,64,5" hai2="42,38,71,7,79,94,83,9,85,43,120,93,118" hai3="116,81,4,124,55,39,84,28,117,107,132,115,34"/><T89/><D37/><U66/><E121/><V60/><F120/><W75/><G75/><T122/><D122/><U48/><E5/><V125/><F38/><W25/><G115/><T1/><D126/><U91/><E110/><V76/><F125/><W104/><G124/><T30/><D41/><U49/><E133/><V131/><F131/><W33/><G132/><T68/><D68/><U67/><E49/><V62/><F71/><W12/><G39/><T99/><D99/><U17/><E105/><V8/><F7/><W63/><G34/><T14/><D51/><U47/><REACH who="1" step="1"/><E96/><REACH who="1" ten="250,240,250,250" step="2"/><V2/><F2/><W36/><G36/><T88/><D1/><U13/><AGARI ba="0,1" hai="13,17,18,19,20,47,48,54,64,66,67,87,91,95" machi="13" ten="30,8000,1" yaku="1,1,2,1,0,1,8,1,53,1" doraHai="112" doraHaiUra="11" who="1" fromWho="1" sc="250,-40,240,90,250,-20,250,-20" /><INIT seed="1,0,0,5,2,46" ten="210,330,230,230" oya="1" hai0="62,101,28,4,72,52,134,91,48,80,39,119,69" hai1="2,118,29,117,61,130,15,127,129,76,87,108,71" hai2="35,53,5,25,3,30,41,13,65,7,23,116,92" hai3="93,38,111,21,89,115,37,67,95,55,104,6,9"/><U42/><E2/><V0/><F65/><W124/><G104/><T85/><D119/><U128/><E29/><V60/><F41/><W64/><G115/><T49/><D134/><U100/><E100/><V125/><F60/><W63/><G111/><T74/><D39/><U31/><E31/><V75/><F53/><W16/><G124/><T44/><D101/><U88/><E76/><V54/><F54/><W97/><G55/><T123/><D123/><U45/><E127/><V47/><F47/><W59/><G64/><T18/><D28/><U56/><E71/><V122/><F92/><W90/><G9/><T86/><D4/><N who="2" m="1610" /><F75/><W10/><G10/><T70/><D18/><U79/><E79/><V121/><F125/><W27/><REACH who="3" step="1"/><G6/><REACH who="3" ten="210,330,230,220" step="2"/><T34/><D52/><N who="1" m="33927" /><E108/><V40/><F122/><W120/><G120/><T73/><D34/><U102/><E118/><V19/><F121/><W20/><G20/><T32/><D32/><U126/><E117/><V96/><F116/><W112/><G112/><T106/><D106/><U66/><E66/><V109/><F109/><W82/><G82/><T94/><D62/><U78/><E126/><V77/><F35/><W14/><G14/><T133/><D133/><U12/><E12/><V83/><F13/><W43/><G43/><T1/><D1/><U107/><E15/><V51/><F3/><W57/><G57/><T17/><D44/><U22/><E22/><V84/><F0/><W36/><G36/><T135/><D135/><U114/><E114/><V131/><F40/><W132/><G132/><T110/><D110/><U113/><E113/><RYUUKYOKU ba="0,1" sc="210,-10,330,-10,230,-10,220,30" hai3="16,21,27,37,38,59,63,67,89,90,93,95,97" /><INIT seed="2,1,1,1,2,83" ten="200,320,220,250" oya="2" hai0="62,98,125,37,123,97,60,92,22,131,101,99,32" hai1="42,128,3,132,87,124,33,89,127,100,79,130,121" hai2="88,93,95,35,71,28,118,85,77,53,74,63,49" hai3="134,65,126,29,58,135,90,94,10,59,5,36,34"/><V96/><F118/><W23/><G36/><T66/><D37/><U16/><E33/><V8/><F74/><W117/><G34/><T1/><D32/><U86/><E3/><V25/><F8/><W27/><G117/><T133/><D123/><U21/><E42/><V46/><F63/><W0/><G126/><N who="1" m="48170" /><E100/><V75/><F71/><W57/><REACH who="3" step="1"/><G65/><REACH who="3" ten="200,320,220,240" step="2"/><T68/><D125/><U78/><E121/><V81/><F96/><AGARI ba="1,2" hai="0,5,10,23,27,29,57,58,59,90,94,96,134,135" machi="96" ten="40,2600,0" yaku="1,1,2,1,53,0" doraHai="83" doraHaiUra="48" who="3" fromWho="2" sc="200,0,320,0,220,-29,240,49" /><INIT seed="3,0,0,5,3,63" ten="200,320,191,289" oya="3" hai0="41,132,87,39,107,5,4,126,100,56,26,71,34" hai1="109,46,94,17,37,62,67,122,102,86,82,81,128" hai2="83,120,118,44,30,7,20,95,101,68,9,110,92" hai3="32,16,42,130,52,10,3,129,43,106,65,116,91"/><W2/><G116/><T25/><D71/><U73/><E122/><V66/><F118/><W23/><G32/><T64/><D87/><U97/><E73/><V114/><F114/><W11/><G106/><T96/><D126/><U38/><E109/><V24/><F110/><W6/><G91/><T8/><D132/><U113/><E113/><V58/><F68/><W117/><G117/><T115/><D115/><U12/><E128/><N who="3" m="49258" /><G65/><T51/><D39/><U105/><E105/><V47/><F83/><W53/><G11/><T84/><D84/><U98/><E98/><N who="2" m="59591" /><F95/><W36/><G3/><T28/><D26/><U74/><E74/><V79/><F79/><W19/><G19/><T78/><D78/><U112/><E112/><V80/><F80/><W60/><G60/><T75/><D75/><U125/><E125/><V55/><F120/><W14/><G42/><T69/><D56/><U1/><E1/><N who="2" m="239" /><F55/><W90/><G90/><T13/><D51/><U18/><E18/><V45/><F45/><AGARI ba="0,0" hai="2,6,10,14,16,23,36,43,45,52,53" m="49258" machi="45" ten="30,5800,0" yaku="19,1,54,2" doraHai="63" who="3" fromWho="2" sc="200,0,320,0,191,-58,289,58" /><INIT seed="3,1,0,5,5,68" ten="200,320,133,347" oya="3" hai0="87,56,72,3,128,92,5,75,62,104,82,96,14" hai1="46,119,99,1,19,97,80,51,88,15,66,60,2" hai2="116,76,85,118,55,106,8,25,33,29,115,9,131" hai3="4,58,79,90,105,41,129,34,64,13,42,102,100"/><W133/><G34/><T130/><D3/><U30/><E30/><V32/><F106/><W98/><G79/><N who="0" m="46559" /><D14/><U70/><E119/><N who="2" m="45611" /><F85/><W39/><G133/><T61/><D5/><U91/><E2/><V84/><F84/><W28/><G28/><T45/><D45/><U10/><E1/><V86/><F86/><W103/><G42/><T63/><D56/><N who="1" m="37127" /><E80/><V12/><F55/><W93/><G129/><N who="0" m="49771" /><D104/><U36/><E36/><V108/><F76/><W18/><G4/><T124/><D124/><U73/><E73/><V126/><F131/><W47/><G64/><T23/><D23/><U120/><E70/><V134/><F126/><W50/><G58/><T54/><D54/><N who="1" m="30071" /><E120/><V59/><F33/><W43/><G43/><T117/><D117/><U110/><E110/><V81/><F108/><W123/><G123/><T71/><D71/><U31/><E31/><V11/><F29/><W38/><REACH who="3" step="1"/><G105/><REACH who="3" ten="200,320,133,337" step="2"/><T21/><D21/><AGARI ba="1,1" hai="13,18,21,38,39,41,47,50,90,93,98,100,102,103" machi="21" ten="40,12000,1" yaku="1,1,2,1,52,2,53,1" doraHai="68" doraHaiUra="37" who="3" fromWho="0" sc="200,-123,320,0,133,0,337,133" /><INIT seed="3,2,0,1,3,37" ten="77,320,133,470" oya="3" hai0="64,29,88,135,85,61,38,74,76,17,51,49,15" hai1="92,6,22,107,132,97,79,110,36,67,100,63,108" hai2="131,44,119,91,129,98,66,52,59,128,16,58,75" hai3="34,18,11,118,8,55,46,4,27,109,126,32,24"/><W1/><G46/><T53/><D135/><U111/><E132/><V89/><F75/><W12/><G55/><T83/><D38/><U42/><E79/><V116/><F66/><W31/><G118/><N who="2" m="45097" /><F44/><W40/><G40/><T114/><D114/><U90/><E6/><V81/><F59/><W56/><G56/><T87/><D74/><U120/><E120/><V35/><F35/><W70/><G70/><T65/><D29/><U122/><E122/><V7/><F7/><W121/><G121/><T3/><D3/><U25/><E107/><V68/><F68/><W14/><G126/><T0/><D0/><U9/><E9/><V101/><F81/><W23/><G109/><T84/><D84/><U71/><E100/><V130/><N who="2" m="32768" /><DORA hai="117" /><V33/><F33/><N who="3" m="12907" /><G31/><T115/><D115/><U45/><REACH who="1" step="1"/><E110/><REACH who="1" ten="77,310,133,470" step="2"/><V30/><F30/><AGARI ba="2,1" hai="22,25,30,36,42,45,63,67,71,90,92,97,108,111" machi="30" ten="40,5200,0" yaku="1,1,2,1,52,1,53,0" doraHai="37,117" doraHaiUra="72,5" who="1" fromWho="2" sc="77,0,310,68,133,-58,470,0" /><INIT seed="4,0,0,0,5,5" ten="77,378,75,470" oya="0" hai0="36,90,58,104,52,86,19,80,83,18,67,72,14" hai1="33,109,130,57,94,43,106,126,98,120,6,74,93" hai2="13,66,15,16,133,111,24,22,54,1,47,60,31" hai3="85,35,69,76,63,39,44,123,116,27,112,61,46"/><T118/><D118/><U68/><E120/><V103/><F1/><W134/><G116/><T114/><D36/><U97/><E68/><V81/><F111/><W64/><G123/><T23/><D114/><U100/><E74/><V89/><F133/><W38/><G112/><T37/><D104/><U50/><E33/><V79/><F103/><W48/><G134/><T17/><D37/><U125/><E109/><V4/><F89/><W28/><G63/><T121/><D67/><U128/><E6/><V12/><F54/><W71/><G71/><T131/><D131/><N who="1" m="50219" /><E43/><V113/><F47/><W78/><G46/><T45/><D45/><U10/><E10/><V105/><F105/><W99/><G99/><T55/><D121/><U51/><E57/><V42/><F42/><W62/><G62/><T73/><D55/><U20/><E20/><V8/><F4/><W88/><G39/><T7/><D7/><U87/><E87/><N who="2" m="48575" /><F113/><W91/><G38/><T129/><D129/><U119/><E119/><V2/><F2/><W132/><G132/><T96/><D96/><U30/><E30/><V101/><F101/><W108/><G108/><T84/><D73/><U26/><E106/><V115/><F115/><W21/><G35/><T127/><D127/><N who="1" m="48651" /><E26/><V49/><F49/><W77/><G85/><T95/><D72/><U82/><E82/><N who="0" m="31273" /><D86/><U75/><E75/><V56/><AGARI ba="0,0" hai="8,12,13,15,16,22,24,31,56,60,66" m="48575" machi="56" ten="30,4000,0" yaku="8,1,52,1,54,1" doraHai="5" who="2" fromWho="2" sc="77,-20,378,-10,75,40,470,-10" /><INIT seed="5,0,0,4,3,40" ten="57,368,115,460" oya="1" hai0="21,42,66,95,58,18,72,91,41,51,98,53,134" hai1="13,7,119,111,75,39,36,100,67,102,97,5,25" hai2="8,125,44,104,4,46,62,107,14,52,17,20,33" hai3="132,127,89,28,32,133,113,116,81,24,19,80,112"/><U87/><E75/><V6/><F33/><W34/><G34/><T55/><D72/><U124/><E119/><V83/><F125/><W85/><G127/><T26/><D134/><N who="3" m="51817" /><G116/><T86/><D66/><U27/><E124/><V35/><F35/><W50/><G50/><T47/><REACH who="0" step="1"/><D86/><REACH who="0" ten="47,368,115,460" step="2"/><U78/><E67/><V64/><F64/><W130/><G113/><T131/><D131/><U29/><E111/><V84/><F104/><W45/><G112/><T101/><D101/><U126/><E126/><V16/><F107/><W105/><G130/><T38/><D38/><U108/><E108/><V117/><F117/><W9/><G105/><T109/><D109/><U48/><E39/><V68/><F68/><W82/><G85/><T49/><AGARI ba="0,1" hai="18,21,26,41,42,47,49,51,53,55,58,91,95,98" machi="49" ten="20,8000,1" yaku="1,1,0,1,7,1,8,1,52,1,53,0" doraHai="40" doraHaiUra="61" who="0" fromWho="0" sc="47,90,368,-40,115,-20,460,-20" /><INIT seed="6,0,0,0,0,128" ten="137,328,95,440" oya="2" hai0="115,75,133,12,26,94,9,19,93,106,112,43,34" hai1="79,63,3,66,123,4,114,109,121,113,40,36,22" hai2="102,78,99,105,68,35,81,83,18,50,53,132,92" hai3="30,100,64,87,54,25,107,59,49,33,44,97,41"/><V32/><F68/><W125/><G125/><T135/><D75/><U120/><E79/><V85/><F132/><N who="0" m="50762" /><D43/><U21/><E40/><V13/><F83/><W52/><G87/><T108/><D106/><U70/><E36/><V116/><F116/><W88/><G88/><T60/><D60/><U42/><E42/><V71/><F71/><W2/><G2/><T119/><D119/><U15/><E109/><V62/><F62/><W118/><G118/><T65/><D65/><U110/><E110/><V5/><F5/><W61/><AGARI ba="0,0" hai="25,30,33,41,44,49,52,54,59,61,64,97,100,107" machi="61" ten="30,2000,0" yaku="0,1,54,1" doraHai="128" who="3" fromWho="3" sc="137,-5,328,-5,95,-10,440,20" /><INIT seed="7,0,0,3,1,13" ten="132,323,85,460" oya="3" hai0="123,10,50,117,118,131,14,48,58,22,68,108,30" hai1="32,59,40,134,39,125,112,110,86,79,44,17,81" hai2="29,51,114,52,106,116,72,61,67,76,49,27,45" hai3="41,97,53,65,107,122,124,132,94,130,3,111,66"/><W56/><G122/><T109/><D68/><U80/><E110/><N who="0" m="42601" /><D58/><U82/><E32/><V24/><F106/><W98/><G111/><T62/><D62/><U35/><E35/><V54/><F116/><N who="0" m="44650" /><D50/><U77/><E112/><V34/><F114/><W28/><G124/><T11/><D48/><U92/><E125/><V96/><F96/><W42/><G130/><T104/><D104/><U95/><E134/><V55/><F76/><W87/><G28/><T129/><D123/><U103/><E59/><V133/><F72/><W1/><G1/><T12/><D30/><U70/><E70/><V121/><F121/><W4/><G3/><T33/><D33/><U43/><E39/><V36/><F133/><W90/><G4/><N who="0" m="3143" /><D22/><U73/><E44/><V78/><F78/><N who="1" m="29705" /><E73/><V113/><F113/><W2/><G2/><T69/><D69/><U100/><E43/><V0/><F0/><W89/><G132/><T19/><AGARI ba="0,0" hai="11,14,19,129,131" m="3143,44650,42601" machi="19" ten="40,5200,0" yaku="34,2,52,1" doraHai="13" who="0" fromWho="0" sc="132,52,323,-13,85,-13,460,-26" owari="184,-22.0,310,11.0,72,-43.0,434,54.0" /></mjloggm>