<mjloggm ver="2.3"><GO type="41" lobby="0"/><UN n0="%E3%82%A6%E3%83%AB%E3%83%88%E3%83%A9%E7%AB%8B%E7%9B%B4" n1="%E3%83%A6%E3%82%A6%E3%83%AD%E3%82%A6" n2="%E7%99%BD%E5%98%98" n3="%E3%83%AB%E3%83%8A%E3%83%81%E3%83%A3%E3%82%A4%E3%83%AB%E3%83%89" dan="16,13,14,14" rate="2098.06,1845.34,2000.91,1912.09" sx="M,M,M,F"/><TAIKYOKU oya="0"/><INIT seed="0,0,0,3,1,119" ten="250,250,250,250" oya="0" hai0="75,89,3,47,105,59,36,126,27,7,10,66,64" hai1="133,68,55,101,128,32,24,123,125,121,132,44,17" hai2="131,11,93,82,134,113,67,78,130,54,45,29,2" hai3="102,107,48,112,1,46,31,124,35,15,56,100,72"/><T76/><D126/><U5/><E101/><V118/><F113/><W92/><G112/><T23/><D105/><U40/><E68/><V91/><F118/><W18/><G107/><T9/><D9/><U70/><E70/><V85/><F67/><W86/><G72/><T19/><D59/><U77/><E77/><V98/><F29/><W38/><G1/><T135/><D135/><N who="1" m="51787" /><E125/><V109/><F134/><W104/><G104/><T99/><D89/><U12/><E128/><N who="2" m="49195" /><F11/><W52/><G124/><T16/><D99/><U49/><E5/><V51/><F2/><W6/><G6/><T53/><D19/><U20/><E40/><V42/><F109/><W115/><G115/><T43/><REACH who="0" step="1"/><D53/><AGARI ba="0,0" hai="42,45,51,53,54,78,82,85,91,93,98" m="49195" machi="53" ten="30,1000,0" yaku="19,1" doraHai="119" who="2" fromWho="0" sc="250,-10,250,0,250,10,250,0" /><INIT seed="1,0,0,1,4,79" ten="240,250,260,250" oya="1" hai0="5,11,100,123,69,92,91,89,28,75,3,56,10" hai1="65,25,23,53,34,80,49,14,74,98,57,95,55" hai2="99,22,105,1,122,32,81,125,108,64,130,132,129" hai3="103,35,9,60,26,48,18,37,76,20,97,124,44"/><U51/><E34/><V36/><RYUUKYOKU type="yao9" ba="0,0" sc="240,0,250,0,260,0,250,0" hai2="1,22,32,36,64,81,99,105,108,122,125,129,130,132" /><INIT seed="1,1,0,0,0,75" ten="240,250,260,250" oya="1" hai0="124,11,44,106,116,84,92,95,79,82,6,17,103" hai1="43,65,74,5,2,87,113,63,56,121,120,48,62" hai2="83,81,22,101,110,114,45,91,36,99,4,118,25" hai3="98,31,54,88,52,115,80,108,24,89,71,35,38"/><U61/><E74/><V76/><F118/><W46/><G115/><T23/><D116/><U60/><E5/><V72/><F4/><W33/><G71/><T119/><D119/><U133/><E2/><V7/><F7/><W34/><G108/><T69/><D69/><U64/><E87/><N who="2" m="50671" /><F45/><W86/><G98/><T53/><D124/><U112/><N who="1" m="15872" /><DORA hai="41" /><U57/><E133/><V131/><F36/><W73/><G73/><T1/><D103/><U93/><E93/><N who="2" m="58607" /><F22/><W49/><G38/><T14/><D106/><U135/><E135/><V67/><F25/><W134/><G134/><T77/><D77/><U122/><E43/><V16/><F67/><N who="1" m="25673" /><E48/><V97/><F114/><AGARI ba="1,0" hai="56,57,112,113,114,120,121,122" m="25673,15872" machi="114" ten="50,12000,1" yaku="28,2,34,2" doraHai="75,41" who="1" fromWho="2" sc="240,0,250,123,260,-123,250,0" /><INIT seed="1,2,0,0,3,127" ten="240,373,137,250" oya="1" hai0="116,33,29,54,0,130,5,68,21,15,122,118,4" hai1="65,45,35,120,94,64,97,103,38,125,89,60,79" hai2="10,88,91,27,119,36,99,56,104,134,78,126,48" hai3="82,66,58,6,59,49,111,63,26,105,3,77,8"/><U80/><E35/><V75/><F36/><W102/><G111/><T41/><D68/><U69/><E125/><V132/><F119/><W67/><G26/><N who="0" m="18615" /><D41/><U17/><E120/><V14/><F126/><W42/><G42/><T73/><D54/><U9/><E38/><V90/><F27/><W37/><G37/><T51/><D51/><U16/><E45/><V74/><F48/><W92/><G105/><T124/><D124/><U30/><E30/><V50/><F50/><W83/><G83/><T39/><D73/><N who="2" m="27658" /><F56/><W115/><G115/><T62/><D62/><U98/><E65/><V24/><F24/><W113/><G113/><T101/><D101/><U44/><E44/><V2/><F14/><W22/><G22/><T135/><D39/><U84/><E9/><V72/><F10/><W1/><G3/><T28/><D5/><U7/><E7/><V25/><F25/><W106/><G66/><T128/><D122/><U18/><REACH who="1" step="1"/><E98/><REACH who="1" ten="240,363,137,250" step="2"/><V123/><F2/><W53/><G1/><T31/><D0/><U19/><N who="1" m="4608" /><DORA hai="40" /><U100/><AGARI ba="2,1" hai="60,64,69,79,80,84,89,94,97,100,103" m="4608" machi="100" ten="40,12000,1" yaku="1,1,4,1,0,1,54,1,53,0" doraHai="127,40" doraHaiUra="108,114" who="1" fromWho="1" sc="240,-42,363,136,137,-42,250,-42" /><INIT seed="1,3,0,2,0,72" ten="198,499,95,208" oya="1" hai0="63,111,54,123,127,68,53,93,3,70,95,128,96" hai1="1,90,105,51,52,103,75,15,40,42,60,114,22" hai2="17,28,81,99,118,132,41,61,24,49,88,69,47" hai3="108,14,5,36,100,134,55,113,10,92,91,122,30"/><U78/><E114/><V66/><F118/><W6/><G113/><T35/><D3/><U102/><E1/><V12/><F132/><W33/><G122/><T38/><D38/><U109/><E105/><V115/><F115/><W8/><G36/><T73/><D35/><U16/><E78/><V64/><F64/><W110/><G100/><N who="1" m="38442" /><E75/><V19/><F81/><W107/><G55/><T125/><D73/><U34/><E34/><V57/><F69/><W45/><G45/><T112/><D112/><U120/><E120/><V77/><F77/><W26/><G107/><T116/><D116/><U58/><E109/><N who="3" m="42090" /><G92/><T27/><D68/><U46/><E90/><V20/><REACH who="2" step="1"/><F12/><REACH who="2" ten="198,499,85,208" step="2"/><N who="3" m="5135" /><G91/><T97/><D70/><U98/><E98/><V59/><F59/><W84/><G84/><T126/><D111/><U135/><E135/><AGARI ba="3,1" hai="6,10,14,26,30,33,134,135" m="5135,42090" machi="135" ten="30,3900,0" yaku="14,1,34,2" doraHai="72" who="3" fromWho="1" sc="198,0,499,-48,85,0,208,58" /><INIT seed="2,0,0,3,1,113" ten="198,451,85,266" oya="2" hai0="114,96,131,25,40,28,4,15,14,130,84,34,105" hai1="70,85,135,102,44,0,56,9,33,59,26,50,121" hai2="90,13,37,49,116,20,99,54,29,39,78,16,120" hai3="3,41,127,38,132,27,57,100,75,94,124,81,65"/><V76/><F120/><W68/><G3/><T115/><D96/><U95/><E70/><V62/><F116/><W119/><G119/><T53/><D84/><U125/><E125/><V93/><F29/><W110/><G65/><T60/><D40/><U91/><E135/><V55/><F62/><W108/><G57/><T32/><D53/><U47/><E33/><V74/><F55/><W107/><G68/><T36/><D36/><U22/><E0/><V46/><REACH who="2" step="1"/><F76/><REACH who="2" ten="198,451,75,266" step="2"/><N who="3" m="44191" /><G132/><T24/><D60/><U92/><E121/><V87/><F87/><W43/><G43/><T73/><D73/><U126/><E126/><V17/><F17/><W86/><G41/><T1/><D28/><U128/><E128/><V82/><AGARI ba="0,1" hai="13,16,20,37,39,46,49,54,74,78,82,90,93,99" machi="82" ten="30,11700,0" yaku="1,1,0,1,54,1,53,1" doraHai="113" doraHaiUra="48" who="2" fromWho="2" sc="198,-39,451,-39,75,127,266,-39" /><INIT seed="2,1,0,5,0,115" ten="159,412,202,227" oya="2" hai0="56,8,74,105,78,111,9,125,60,127,57,7,40" hai1="61,59,62,128,71,32,10,15,90,25,22,55,30" hai2="2,98,87,108,51,124,116,41,95,82,4,58,26" hai3="72,46,3,28,80,117,16,47,63,76,113,114,17"/><V103/><F116/><W0/><G28/><T49/><D105/><U64/><E128/><V33/><F124/><W85/><G63/><T107/><D107/><U130/><E130/><V88/><F2/><N who="3" m="555" /><G72/><T121/><D121/><U81/><E81/><V133/><F133/><W35/><G35/><T92/><D111/><U14/><E90/><V23/><F108/><W89/><G117/><T6/><D78/><U122/><E122/><V67/><F33/><W96/><G96/><T5/><D74/><U52/><E32/><V109/><F109/><W19/><G76/><T31/><D31/><U43/><E43/><V119/><F119/><W12/><G12/><T20/><D20/><U50/><E10/><V29/><F4/><W110/><G110/><T126/><D92/><U27/><E27/><V91/><F41/><W120/><G120/><T73/><D73/><U132/><E132/><V101/><REACH who="2" step="1"/><F51/><REACH who="2" ten="159,412,192,227" step="2"/><W83/><G113/><T70/><D40/><U44/><AGARI ba="1,1" hai="14,15,22,25,30,44,50,52,55,59,61,62,64,71" machi="44" ten="20,2700,0" yaku="0,1,7,1,54,1" doraHai="115" who="1" fromWho="1" sc="159,-8,412,40,192,-14,227,-8" /><INIT seed="3,0,0,0,2,89" ten="151,452,178,219" oya="3" hai0="23,6,113,119,76,68,118,48,90,88,120,123,132" hai1="115,98,61,103,56,128,109,93,108,116,51,22,34" hai2="27,47,17,20,96,30,0,11,125,84,64,95,104" hai3="58,7,5,134,71,91,122,101,49,44,15,67,87"/><W9/><G122/><T24/><D68/><U52/><E34/><V19/><F104/><W82/><G71/><T43/><D48/><U10/><E115/><V79/><F125/><W40/><G134/><T46/><D46/><U4/><E128/><V16/><F64/><W39/><G101/><T33/><D43/><U60/><E116/><V94/><F47/><W57/><G57/><T131/><D33/><U53/><E22/><V81/><REACH who="2" step="1"/><F96/><REACH who="2" ten="151,452,168,219" step="2"/><W37/><G67/><T86/><D119/><U65/><E65/><V62/><F62/><W21/><G39/><T114/><D118/><U55/><E61/><V35/><F35/><W133/><G37/><T1/><D120/><U28/><E60/><V75/><F75/><W99/><G99/><T135/><D123/><U129/><E56/><V13/><F13/><W54/><G133/><T59/><D135/><U126/><E126/><V97/><F97/><W100/><G58/><T25/><D132/><U83/><E51/><V3/><F3/><W66/><G66/><T106/><D59/><U29/><E129/><V63/><F63/><W105/><G105/><T73/><D106/><U72/><E72/><V18/><N who="2" m="4608" /><DORA hai="130" /><V74/><F74/><W124/><G15/><T121/><D73/><U110/><E83/><V107/><F107/><W69/><G82/><T50/><D121/><U77/><E77/><V112/><F112/><W92/><G44/><T14/><D131/><U38/><E38/><V8/><F8/><W80/><G9/><T45/><D114/><U36/><E36/><V102/><F102/><W12/><G124/><RYUUKYOKU ba="0,1" sc="151,-15,452,15,168,15,219,-15" hai1="4,10,28,29,52,53,55,93,98,103,108,109,110" hai2="0,11,20,27,30,79,81,84,94,95" /><INIT seed="4,1,1,4,5,38" ten="136,467,183,204" oya="0" hai0="69,9,26,134,107,24,123,13,4,70,11,58,116" hai1="103,40,48,62,77,104,110,97,108,72,3,117,63" hai2="96,91,87,83,119,125,118,66,92,7,12,20,112" hai3="21,132,115,75,25,81,114,37,127,135,57,34,67"/><T61/><D107/><U16/><E3/><V8/><F112/><N who="3" m="43051" /><G37/><T64/><D123/><U71/><E117/><N who="2" m="44555" /><F125/><W23/><G127/><T49/><D116/><U22/><E77/><N who="2" m="46575" /><F20/><N who="3" m="7755" /><G81/><T122/><D122/><U94/><E72/><V78/><F78/><W28/><G75/><T73/><D73/><U93/><E71/><V102/><F66/><W10/><G10/><T101/><D101/><AGARI ba="1,1" hai="7,8,12,91,92,96,101,102" m="46575,44555" machi="101" ten="30,1000,0" yaku="12,1" doraHai="38" who="2" fromWho="0" sc="136,-13,467,0,183,23,204,0" /><INIT seed="5,0,0,5,1,19" ten="123,467,206,204" oya="1" hai0="30,126,15,88,8,2,131,99,73,26,58,55,31" hai1="115,65,112,130,121,40,18,36,37,133,97,11,41" hai2="91,102,92,135,78,89,1,49,109,72,39,77,105" hai3="108,70,52,103,81,21,22,94,111,125,117,114,29"/><U69/><E121/><V74/><F39/><W13/><G70/><T34/><D73/><N who="2" m="28266" /><F1/><W93/><G114/><N who="1" m="43562" /><E133/><V120/><F49/><W83/><G103/><T67/><D126/><U56/><E97/><N who="2" m="61647" /><F109/><W57/><G125/><T134/><D131/><U82/><E82/><V0/><F0/><W98/><G98/><T50/><D134/><U129/><E11/><V12/><F12/><W45/><G45/><T100/><D2/><U5/><E5/><V66/><F66/><W46/><G46/><T101/><D67/><U76/><E76/><V60/><F60/><N who="3" m="35879" /><G117/><T32/><D31/><U84/><E84/><V23/><F23/><W132/><G132/><T4/><REACH who="0" step="1"/><D34/><REACH who="0" ten="113,467,206,204" step="2"/><U61/><E69/><V107/><F135/><W127/><G127/><T20/><D20/><U104/><E37/><V68/><F120/><W75/><G22/><T113/><D113/><U118/><E36/><V95/><F68/><W128/><G128/><T14/><D14/><U71/><E71/><V3/><F3/><W28/><G29/><T80/><D80/><U51/><E130/><V9/><F9/><W24/><G81/><T90/><D90/><N who="2" m="34314" /><F107/><W116/><G13/><T96/><D96/><U87/><E104/><V59/><F59/><W43/><G111/><T63/><D63/><U85/><E56/><V48/><F48/><W27/><G108/><T86/><D86/><U38/><E51/><V122/><F122/><W124/><G124/><T42/><D42/><U17/><E41/><V53/><F53/><W79/><G43/><T110/><D110/><U64/><E40/><V119/><F119/><RYUUKYOKU ba="0,1" sc="113,15,467,-15,206,15,204,-15" hai0="4,8,15,26,30,32,50,55,58,88,99,100,101" hai2="77,78,92,95" /><INIT seed="6,1,1,5,1,21" ten="128,452,221,189" oya="2" hai0="82,69,45,43,26,8,63,47,125,107,62,32,126" hai1="58,108,42,55,114,88,22,111,51,19,102,13,17" hai2="1,4,133,11,44,38,98,64,129,46,80,61,9" hai3="97,105,40,7,66,31,117,54,41,95,124,53,115"/><V68/><F133/><W14/><G117/><T112/><D107/><U79/><E102/><V92/><F129/><W39/><G105/><T106/><D106/><U83/><E42/><V34/><F34/><W75/><G39/><T72/><D112/><U131/><E114/><V119/><F119/><W48/><G75/><T52/><D8/><U12/><E131/><V73/><F9/><N who="3" m="4415" /><G66/><T10/><D10/><U24/><E13/><V67/><F67/><W104/><G104/><T56/><D69/><U5/><E5/><V35/><F35/><W70/><G70/><T15/><D15/><U135/><E135/><V50/><F38/><W0/><G0/><T2/><D63/><U57/><E57/><V93/><F46/><N who="3" m="27799" /><G31/><N who="0" m="19575" /><D2/><U109/><E109/><V110/><F110/><W132/><G132/><T116/><D116/><U113/><E113/><V77/><REACH who="2" step="1"/><F98/><REACH who="2" ten="128,452,211,189" step="2"/><W130/><G130/><T36/><D36/><U94/><E111/><V90/><F90/><W30/><G115/><T29/><D45/><U81/><E108/><V134/><F134/><W71/><G97/><T122/><D47/><U91/><E91/><V49/><F49/><W27/><G41/><AGARI ba="1,2" hai="1,4,11,41,44,50,61,64,68,73,77,80,92,93" machi="41" ten="30,2900,0" yaku="1,1,7,1,53,0" doraHai="21" doraHaiUra="127" who="2" fromWho="3" sc="128,0,452,0,211,52,189,-32" /><INIT seed="6,2,0,3,1,51" ten="128,452,263,157" oya="2" hai0="101,92,94,65,131,83,103,27,22,47,123,17,82" hai1="113,40,8,77,132,91,53,7,36,25,39,19,85" hai2="104,37,67,9,59,121,93,32,120,38,3,75,52" hai3="102,87,55,33,88,128,126,54,16,24,112,114,4"/><V95/><F104/><W62/><G62/><T6/><D123/><U71/><E71/><V81/><F32/><W42/><G102/><T110/><D110/><U50/><E40/><V35/><F35/><W10/><G42/><T63/><D131/><U99/><E113/><N who="3" m="43626" /><G126/><T127/><D127/><U30/><E132/><V68/><F95/><N who="3" m="54687" /><G128/><T125/><D125/><U73/><E73/><V90/><F121/><W58/><G58/><T116/><D116/><U106/><E77/><V134/><F120/><W105/><G105/><T135/><D135/><U115/><E99/><V20/><F134/><W13/><G4/><T86/><D6/><U133/><E106/><V118/><F118/><W5/><G5/><T48/><D101/><U130/><E133/><V14/><F68/><W11/><G11/><T61/><D103/><U49/><E49/><V69/><F69/><W1/><G1/><T89/><D82/><U124/><E124/><V26/><F3/><W119/><G119/><T44/><D44/><U96/><E96/><V66/><F38/><W45/><G45/><T117/><D117/><U100/><E100/><V80/><F37/><W76/><G76/><T97/><D97/><U109/><E109/><V129/><F75/><W122/><G122/><T46/><D46/><U18/><E39/><V31/><F129/><W43/><G43/><T107/><D107/><U34/><E36/><V29/><F9/><W79/><G79/><T15/><D63/><U23/><E8/><V74/><F74/><W111/><G111/><T28/><D61/><U41/><E7/><V60/><F60/><RYUUKYOKU ba="2,0" sc="128,-10,452,-10,263,-10,157,30" hai3="10,13,16,24,33,54,55" /><INIT seed="7,3,0,0,1,65" ten="118,442,253,187" oya="3" hai0="35,63,44,21,51,19,72,18,54,99,114,125,5" hai1="42,24,67,55,97,12,66,112,110,103,116,93,89" hai2="131,9,58,38,91,33,85,8,69,16,106,64,60" hai3="119,83,45,62,41,104,124,132,13,78,17,109,129"/><W59/><G104/><T73/><D35/><U43/><E110/><V134/><F33/><W101/><G109/><T36/><D125/><U76/><E112/><V34/><F34/><W71/><G124/><T126/><D126/><U130/><E76/><V70/><F38/><W61/><G119/><T68/><D114/><U2/><E130/><V40/><F106/><W11/><G129/><T57/><D5/><U53/><E2/><V95/><F131/><W15/><G101/><T31/><D31/><U7/><E24/><V77/><F40/><N who="1" m="15401" /><E103/><V115/><F115/><W56/><G132/><T102/><D36/><U81/><E81/><V118/><F118/><W133/><G133/><T20/><D72/><U75/><E75/><V52/><F134/><W74/><G61/><T117/><D73/><U25/><E25/><V120/><F77/><W90/><G15/><T22/><D117/><U28/><E28/><V108/><F108/><W39/><G90/><T121/><D121/><U47/><E47/><V30/><F30/><W86/><REACH who="3" step="1"/><G74/><REACH who="3" ten="118,442,253,177" step="2"/><T82/><D82/><U80/><E116/><V29/><F120/><W111/><G111/><T4/><D4/><U23/><E80/><V98/><F60/><W10/><G10/><T96/><D68/><U46/><E7/><V123/><F70/><W113/><G113/><T0/><D0/><U3/><E3/><V105/><F69/><W128/><G128/><T49/><D63/><U50/><E12/><V6/><F6/><W79/><G79/><T26/><D26/><U92/><E89/><V84/><F91/><W87/><G87/><RYUUKYOKU ba="3,1" sc="118,-10,442,-10,253,-10,177,30" hai3="11,13,17,39,41,45,56,59,62,71,78,83,86" /><INIT seed="7,4,1,0,1,58" ten="108,432,243,207" oya="3" hai0="39,122,46,23,121,106,35,36,102,61,100,87,21" hai1="91,31,38,18,114,54,103,130,1,7,17,80,12" hai2="86,79,93,82,19,124,22,113,73,85,108,117,48" hai3="90,5,25,60,6,9,56,59,65,123,83,92,95"/><W26/><G123/><T64/><D35/><U135/><E38/><V15/><F108/><W70/><G83/><T8/><D8/><U11/><E103/><V34/><F117/><W20/><G95/><T24/><D87/><U128/><E31/><V40/><F34/><W49/><G49/><T50/><D106/><U74/><E74/><V133/><F133/><W16/><G26/><T37/><D122/><U76/><E135/><V107/><F107/><W119/><G119/><T62/><D121/><U14/><E76/><V30/><F30/><W118/><G118/><T3/><D3/><U33/><E33/><V77/><F124/><W52/><G52/><T115/><D115/><U13/><E114/><V47/><F113/><W101/><G101/><T78/><D78/><U27/><E27/><V112/><F112/><W104/><G104/><T81/><D81/><U29/><E29/><V53/><F73/><W32/><G5/><T75/><D75/><U10/><E54/><V89/><F77/><W96/><G32/><T97/><D64/><U134/><E134/><V120/><F120/><W72/><G72/><T111/><D111/><U0/><E80/><V126/><F126/><W66/><G66/><T4/><D4/><N who="1" m="1287" /><E91/><V116/><F116/><W105/><G105/><T57/><D57/><U94/><E94/><V2/><F2/><AGARI ba="4,1" hai="2,6,9,16,20,25,56,59,60,65,70,90,92,96" machi="2" ten="30,5800,0" yaku="7,1,52,1,54,1" doraHai="58" who="3" fromWho="2" sc="108,0,432,0,243,-70,207,80" /><INIT seed="7,5,0,3,5,64" ten="108,432,173,287" oya="3" hai0="15,39,100,110,53,8,42,130,75,68,66,56,12" hai1="91,108,30,40,88,0,50,57,69,111,115,52,104" hai2="28,74,84,132,79,99,116,81,23,45,97,131,122" hai3="13,98,22,92,49,133,2,20,102,34,109,113,33"/><W37/><G2/><T114/><D75/><U7/><E104/><V112/><F116/><W43/><G37/><T87/><D110/><U90/><E30/><V19/><F28/><W103/><G109/><T101/><D130/><U126/><E40/><V44/><F131/><W89/><G113/><T55/><D114/><U125/><E115/><V60/><F112/><W5/><G133/><T65/><D42/><U9/><E69/><V120/><F132/><W94/><G34/><T51/><D39/><U14/><E0/><V124/><F124/><AGARI ba="5,0" hai="7,9,14,50,52,57,88,90,91,108,111,124,125,126" machi="124" ten="40,5200,0" yaku="18,1,54,2" doraHai="64" who="1" fromWho="2" sc="108,0,432,67,173,-67,287,0" owari="108,-29.0,499,59.0,106,-39.0,287,9.0" /></mjloggm>