<mjloggm ver="2.3"><GO type="225" lobby="0"/><UN n0="%70%61%77%61%66%75%31" n1="%E3%83%9A%E3%83%81%E3%83%A7%E3%83%BC%E3%83%AA%E3%83%B3" n2="%E8%97%A4%E5%A0%82%E8%A6%81" n3="%E3%82%A6%E3%83%AB%E3%83%88%E3%83%A9%E7%AB%8B%E7%9B%B4" dan="16,16,16,16" rate="2078.62,2092.36,2119.39,2030.69" sx="M,M,F,M"/><TAIKYOKU oya="0"/><INIT seed="0,0,0,4,4,105" ten="250,250,250,250" oya="0" hai0="30,0,55,19,85,120,6,96,102,119,87,82,8" hai1="126,131,72,1,13,90,11,59,132,122,94,91,116" hai2="60,117,23,98,113,80,17,99,14,73,31,57,15" hai3="18,35,64,79,76,21,37,66,27,89,135,103,112"/><T130/><D120/><U56/><E122/><V53/><F113/><W81/><G37/><T109/><D119/><U54/><E116/><V10/><F117/><W127/><G112/><T70/><D70/><U71/><E71/><V114/><F114/><W9/><G35/><T26/><D130/><U40/><E40/><V36/><F36/><W22/><G103/><T49/><D109/><U95/><E131/><V65/><F31/><W28/><G9/><T67/><D67/><U5/><E132/><V74/><F65/><W43/><G43/><T129/><D19/><U133/><E133/><V42/><F42/><W16/><G28/><T39/><D39/><U92/><E126/><V123/><F123/><W47/><G47/><T88/><D85/><U12/><E72/><V106/><F106/><W107/><G107/><T44/><D129/><U75/><E75/><V2/><F2/><W108/><G127/><T77/><D77/><U101/><E101/><V38/><F38/><W86/><G108/><T100/><REACH who="0" step="1"/><D96/><REACH who="0" ten="240,250,250,250" step="2"/><U125/><E125/><V33/><F99/><W97/><G135/><T52/><D52/><U7/><E54/><V93/><F98/><W58/><G97/><T46/><D46/><U62/><E7/><V61/><F53/><W25/><G66/><T128/><D128/><U41/><E5/><V115/><F115/><W48/><G64/><T68/><D68/><U29/><E56/><V34/><F57/><W121/><G121/><T104/><D104/><U118/><E59/><V4/><F17/><W20/><G58/><T110/><D110/><U51/><E118/><RYUUKYOKU ba="0,1" sc="240,30,250,-10,250,-10,250,-10" hai0="0,6,8,26,30,44,49,55,82,87,88,100,102" /><INIT seed="0,1,1,1,3,48" ten="270,240,240,240" oya="0" hai0="108,133,11,127,128,95,122,86,22,15,38,59,64" hai1="5,10,105,18,40,78,63,74,4,50,117,98,17" hai2="82,61,2,46,31,121,92,96,26,97,119,37,54" hai3="30,126,67,107,120,47,103,77,113,14,132,91,29"/><T130/><D122/><U58/><E117/><V104/><F121/><W129/><G103/><T36/><D127/><U62/><E5/><V0/><F119/><W124/><G107/><T32/><D32/><U101/><E63/><V35/><F104/><W75/><G77/><T114/><D114/><U28/><E28/><V41/><F82/><W109/><G75/><T39/><D22/><U9/><E9/><V51/><F61/><W110/><G91/><T65/><D133/><U68/><E68/><V87/><F87/><W115/><G47/><T88/><D108/><U102/><E102/><V13/><F13/><W44/><G44/><T118/><D118/><U42/><E50/><V34/><F34/><W135/><G67/><T43/><D43/><U131/><E131/><N who="0" m="50217" /><D59/><U116/><E116/><V123/><F123/><W24/><G129/><T73/><D73/><U45/><E45/><V49/><F37/><N who="0" m="9474" /><T84/><DORA hai="100" /><D84/><U20/><E42/><V19/><F19/><AGARI ba="1,1" hai="11,15,19,64,65,86,88,95" m="9474,50217" machi="19" ten="40,3900,0" yaku="19,1,54,1" doraHai="48,100" who="0" fromWho="2" sc="270,52,240,0,240,-42,240,0" /><INIT seed="0,2,0,4,2,54" ten="322,240,198,240" oya="0" hai0="45,75,28,121,50,3,5,93,116,117,8,56,15" hai1="84,79,2,95,34,72,41,55,129,87,30,10,38" hai2="97,130,68,58,135,133,99,52,11,78,48,119,65" hai3="53,32,66,17,83,89,125,61,73,22,42,127,76"/><T94/><D75/><U19/><E129/><V118/><F78/><W103/><G32/><T62/><D121/><U23/><E41/><V40/><F130/><W21/><G103/><T107/><D107/><U105/><E38/><V77/><F77/><W57/><G42/><T113/><D113/><U124/><E105/><V126/><F126/><N who="3" m="48139" /><G89/><T59/><D3/><U24/><E124/><V101/><F40/><W108/><G108/><T20/><D116/><N who="2" m="44586" /><F11/><W16/><G21/><T90/><D117/><U70/><E70/><V47/><F47/><W100/><G100/><T122/><D122/><U27/><E95/><N who="0" m="36361" /><D62/><U71/><E71/><V88/><F88/><W36/><G36/><T134/><D90/><U6/><E79/><V74/><F74/><W80/><G80/><T31/><D134/><N who="2" m="51210" /><F101/><W111/><G111/><T0/><D0/><U46/><E72/><V132/><N who="2" m="51218" /><V64/><DORA hai="82" /><F68/><N who="3" m="42063" /><G22/><T43/><D20/><U109/><E109/><V120/><F120/><W13/><G13/><T128/><D128/><U104/><E104/><V12/><F12/><W7/><G7/><T85/><D85/><U14/><E27/><V51/><F51/><AGARI ba="2,0" hai="16,17,51,53,57,73,76,83" m="42063,48139" machi="51" ten="30,3900,0" yaku="18,1,52,1,54,1" doraHai="54,82" who="3" fromWho="2" sc="322,0,240,0,198,-45,240,45" /><AGARI ba="2,0" hai="2,6,10,14,19,23,24,30,34,46,51,55,84,87" machi="51" ten="40,8000,1" yaku="24,2,52,2" doraHai="54,82" who="1" fromWho="2" sc="322,0,240,80,153,-80,285,0" /><INIT seed="1,0,0,3,4,9" ten="322,320,73,285" oya="1" hai0="125,47,22,101,62,46,80,97,110,4,93,56,77" hai1="135,65,44,25,85,31,40,133,32,52,42,72,6" hai2="13,37,87,67,1,114,99,134,51,129,55,23,120" hai3="108,104,45,64,14,103,116,59,117,18,50,111,53"/><U57/><E72/><V54/><F120/><W112/><G103/><T11/><D110/><N who="3" m="42025" /><G104/><T119/><D119/><N who="3" m="45641" /><G112/><T43/><D22/><U88/><E6/><V10/><F37/><W0/><G0/><T24/><D24/><U8/><E8/><V12/><F114/><W7/><G7/><T48/><D125/><U131/><E65/><V82/><F129/><W19/><G19/><T96/><D46/><U109/><E131/><V132/><F134/><N who="1" m="51209" /><E44/><N who="2" m="28007" /><F1/><W98/><G98/><T3/><D96/><U75/><E75/><V30/><F132/><W69/><G69/><T107/><D107/><U33/><E33/><V28/><F67/><W106/><G106/><T83/><D77/><U90/><E109/><V89/><F99/><W2/><G2/><T17/><D17/><U122/><E122/><V38/><F38/><W20/><G64/><AGARI ba="0,0" hai="3,4,11,43,47,48,56,62,64,80,83,93,97,101" machi="64" ten="30,1000,0" yaku="7,1" doraHai="9" who="0" fromWho="3" sc="322,10,320,0,73,0,285,-10" /><INIT seed="2,0,0,0,0,43" ten="332,320,73,275" oya="2" hai0="109,21,128,119,129,45,90,92,133,2,58,31,123" hai1="69,96,32,63,88,113,25,23,5,114,102,29,84" hai2="116,6,11,10,107,117,59,120,98,57,12,79,78" hai3="24,105,8,64,87,35,111,91,52,38,80,65,85"/><V86/><F120/><W55/><G105/><T104/><D123/><U72/><E72/><V13/><F86/><W18/><G38/><T99/><D119/><U37/><E37/><V68/><F68/><W20/><G35/><T0/><D109/><U77/><E77/><V39/><F39/><W89/><G8/><T1/><D104/><N who="1" m="63559" /><E23/><V46/><F98/><W132/><G111/><T14/><D58/><U42/><E42/><V56/><F107/><W108/><G108/><T27/><D133/><U124/><E5/><V106/><F106/><W130/><G130/><N who="0" m="50283" /><D14/><U125/><E63/><V26/><F26/><W112/><G112/><T134/><D134/><U71/><E84/><V4/><REACH who="2" step="1"/><F46/><AGARI ba="0,0" hai="0,1,2,21,27,31,45,46,90,92,99" m="50283" machi="46" ten="40,5200,0" yaku="19,1,52,2" doraHai="43" who="0" fromWho="2" sc="332,52,320,0,73,-52,275,0" /><INIT seed="3,0,0,1,0,36" ten="384,320,21,275" oya="3" hai0="51,89,109,13,123,48,12,83,27,117,31,92,44" hai1="72,86,47,54,102,77,23,28,11,45,122,127,113" hai2="115,20,34,105,135,26,58,33,42,121,39,80,70" hai3="78,56,10,88,62,22,103,87,75,110,114,64,119"/><W52/><G119/><T120/><D117/><U106/><E113/><V17/><F115/><W133/><G114/><T91/><D109/><U61/><E122/><V100/><F80/><W59/><G110/><T32/><D83/><U90/><E127/><V107/><F58/><W116/><G116/><T81/><D81/><U129/><E129/><V25/><F20/><W69/><G69/><T8/><D89/><U84/><E72/><V68/><F100/><W134/><G103/><T46/><D48/><U53/><E77/><V95/><F95/><N who="3" m="54687" /><G75/><T16/><D12/><U6/><E102/><V21/><F21/><W63/><G22/><T60/><D60/><U24/><E106/><V131/><F17/><W73/><G73/><T40/><D46/><N who="1" m="17419" /><E90/><V85/><F85/><AGARI ba="0,0" hai="8,13,16,27,31,32,40,44,51,85,91,92,120,123" machi="85" ten="30,3900,0" yaku="7,1,52,1,54,1" doraHai="36" who="0" fromWho="2" sc="384,39,320,0,21,-39,275,0" owari="423,52.0,320,12.0,-18,-52.0,275,-12.0" /></mjloggm>