<mjloggm ver="2.3"><GO type="169" lobby="0"/><UN n0="%E3%83%89%E3%83%A9%E3%81%8F%E3%82%8C" n1="%EF%BC%88%E2%89%A7%E2%96%BD%E2%89%A6%EF%BC%89" n2="%E3%81%84%E3%81%A1%E3%81%94%E3%83%9D%E3%83%83%E3%82%AD%E3%83%BC" n3="%E3%83%96%E3%83%83%E3%83%91%E7%A5%9E" dan="16,19,17,17" rate="2081.89,2313.17,2122.53,2151.93" sx="M,M,F,M"/><TAIKYOKU oya="0"/><INIT seed="0,0,0,5,1,10" ten="250,250,250,250" oya="0" hai0="35,28,99,27,101,26,40,60,6,119,104,41,25" hai1="80,116,85,61,134,48,72,79,91,51,66,55,58" hai2="84,113,38,124,105,23,50,81,4,64,128,127,54" hai3="132,75,123,76,106,133,130,90,31,2,94,70,93"/><T62/><D119/><U15/><E134/><V9/><F50/><W14/><G2/><T111/><D111/><U7/><E116/><V102/><F38/><W24/><G70/><T39/><D6/><U1/><E1/><V115/><F64/><W45/><G106/><T57/><D62/><U129/><E129/><V103/><F54/><W74/><G130/><T108/><D108/><U3/><E3/><V59/><F59/><W98/><G123/><T49/><D39/><U110/><E110/><V67/><F67/><W34/><G76/><T83/><D83/><U44/><E48/><V30/><F128/><W47/><G94/><T73/><D73/><U95/><REACH who="1" step="1"/><E7/><REACH who="1" ten="250,240,250,250" step="2"/><V114/><F114/><W71/><G132/><T69/><D49/><U88/><E88/><V11/><F4/><W52/><G90/><T18/><D60/><U125/><E125/><V56/><F115/><W135/><G133/><T109/><D109/><U0/><E0/><V126/><F113/><W8/><G135/><T16/><D101/><U21/><E21/><V112/><F112/><W107/><G34/><T117/><D35/><U131/><E131/><V33/><F33/><W19/><G45/><T100/><D100/><N who="2" m="38442" /><F105/><W96/><G107/><T89/><D104/><U36/><E36/><V32/><F32/><W86/><G47/><T122/><D117/><U37/><E37/><V120/><F124/><W17/><G8/><T121/><D122/><U5/><E5/><V87/><F120/><W92/><G71/><T22/><D69/><U46/><E46/><V82/><F126/><W77/><G77/><RYUUKYOKU ba="0,1" sc="250,-10,240,30,250,-10,250,-10" hai1="15,44,51,55,58,61,66,72,79,80,85,91,95" /><INIT seed="1,1,1,2,0,87" ten="240,270,240,240" oya="1" hai0="102,126,19,36,111,121,20,13,108,89,134,67,59" hai1="24,127,129,130,125,62,105,28,63,109,10,17,65" hai2="55,42,22,7,21,57,84,71,120,2,35,68,91" hai3="48,117,9,99,56,43,76,60,113,88,38,103,5"/><U115/><E105/><V112/><F35/><W54/><G113/><T64/><D36/><U39/><E115/><V98/><F120/><W37/><G76/><T79/><D121/><U107/><E107/><V32/><F32/><W34/><G34/><T77/><D134/><U132/><E39/><V116/><F116/><W25/><G117/><T119/><D102/><U4/><E109/><N who="0" m="42057" /><D126/><N who="1" m="48139" /><E132/><V45/><F98/><W85/><G25/><T12/><D119/><U124/><E17/><V73/><F73/><W49/><G99/><T69/><D69/><N who="1" m="42167" /><E63/><V114/><F114/><W15/><G103/><T128/><D128/><U122/><E122/><V135/><F135/><W11/><G48/><T1/><D19/><U80/><E80/><V95/><F112/><W118/><G118/><T27/><D67/><U82/><E82/><V78/><F71/><W96/><G96/><T133/><D64/><U3/><N who="1" m="48147" /><U0/><DORA hai="97" /><E0/><V75/><F68/><W92/><REACH who="3" step="1"/><G11/><REACH who="3" ten="240,270,240,230" step="2"/><T18/><D133/><U93/><E129/><V74/><F78/><W110/><G110/><T50/><D79/><U26/><E130/><V23/><F75/><W51/><G51/><T41/><D50/><U29/><E26/><V100/><F74/><W33/><G33/><T40/><D27/><U52/><E24/><V94/><F100/><W81/><G81/><T58/><D77/><U66/><E10/><V30/><F94/><W106/><G106/><T83/><D83/><U90/><E93/><V61/><F95/><W70/><G70/><T101/><D101/><U53/><E28/><V86/><F30/><RYUUKYOKU ba="1,2" sc="240,-10,270,-10,240,-10,230,30" hai3="5,9,15,37,38,43,49,54,56,60,85,88,92" /><INIT seed="2,2,2,3,1,93" ten="230,260,230,260" oya="2" hai0="65,72,79,98,103,10,55,78,101,0,4,118,106" hai1="71,70,57,14,45,68,25,61,115,15,89,83,43" hai2="85,90,58,20,7,49,35,69,77,128,26,134,96" hai3="92,122,107,108,86,39,112,62,113,66,87,53,125"/><V129/><F69/><N who="3" m="42199" /><G122/><T94/><D118/><U130/><E115/><N who="3" m="44106" /><G107/><T50/><D65/><U67/><E130/><N who="2" m="50283" /><F134/><W104/><G104/><T54/><D72/><U5/><E25/><V64/><F7/><W27/><G39/><T84/><D55/><U33/><E33/><V80/><F35/><W23/><G108/><T82/><D79/><U105/><E105/><V99/><F77/><W21/><G125/><T9/><D9/><U56/><E56/><V42/><F64/><W29/><G53/><T91/><REACH who="0" step="1"/><D106/><REACH who="0" ten="220,260,230,260" step="2"/><U133/><E133/><V73/><F73/><W38/><G38/><T109/><D109/><U34/><E67/><V111/><F111/><W95/><G23/><T97/><D97/><U11/><E70/><V44/><F58/><AGARI ba="2,3" hai="0,4,10,50,54,58,78,82,84,91,94,98,101,103" machi="58" ten="30,3900,0" yaku="1,1,7,1,52,1,53,0" doraHai="93" doraHaiUra="116" who="0" fromWho="2" sc="220,75,260,0,230,-45,260,0" /><INIT seed="3,0,0,5,3,107" ten="295,260,185,260" oya="3" hai0="57,60,131,64,75,87,69,10,50,132,106,58,1" hai1="26,103,47,109,73,111,20,3,124,6,83,42,130" hai2="15,16,9,31,24,118,35,65,123,120,117,105,125" hai3="5,36,81,98,34,44,114,113,63,78,135,23,54"/><W37/><G34/><T67/><D106/><U104/><E124/><V55/><F105/><W43/><G36/><T62/><D132/><U88/><E130/><V101/><F101/><W85/><G135/><T97/><D131/><U96/><E26/><V32/><F65/><W74/><G98/><T61/><D97/><U30/><E20/><N who="2" m="15751" /><F55/><W71/><G23/><T7/><D75/><U11/><E30/><V76/><F76/><W38/><G38/><T108/><D108/><U40/><E40/><V133/><F133/><W51/><G85/><T129/><D129/><U95/><E47/><V52/><F52/><W121/><G121/><N who="2" m="46665" /><F125/><W77/><G78/><T68/><D87/><N who="1" m="52639" /><E42/><V18/><F18/><W126/><G126/><T93/><D93/><U100/><E103/><V92/><F92/><W90/><G90/><T102/><D102/><U53/><E53/><V4/><F4/><W25/><G5/><T41/><D62/><U119/><E119/><AGARI ba="0,0" hai="9,15,16,32,35,117,118,119" m="46665,15751" machi="119" ten="30,7700,0" yaku="13,1,34,2,54,1" doraHai="107" who="2" fromWho="1" sc="295,0,260,-77,185,77,260,0" /><INIT seed="4,0,0,1,0,8" ten="295,183,262,260" oya="0" hai0="134,118,126,105,133,99,122,7,112,31,52,103,108" hai1="11,55,47,106,86,87,45,95,38,93,35,44,96" hai2="73,66,97,114,94,48,18,85,32,124,15,28,67" hai3="92,42,16,130,22,107,24,43,125,91,25,4,13"/><T135/><D122/><U111/><E35/><V100/><F73/><W53/><G107/><T121/><D121/><U129/><E111/><V102/><F114/><W14/><G125/><T63/><D118/><U74/><E74/><V119/><F124/><W68/><G68/><T33/><D126/><U10/><E129/><V115/><F115/><W64/><G64/><T3/><D112/><U0/><E38/><V57/><F102/><W26/><G130/><T54/><D108/><U71/><E71/><V113/><F113/><W17/><G53/><T132/><D63/><U88/><E0/><V70/><F70/><W120/><G4/><T117/><D117/><U49/><E106/><V69/><F69/><W60/><G60/><T110/><D110/><U78/><E78/><V101/><F101/><W109/><G109/><T37/><D37/><U19/><E87/><V23/><F85/><N who="3" m="52335" /><G120/><T62/><D62/><U39/><E39/><V56/><F119/><W104/><G104/><T2/><N who="0" m="33792" /><DORA hai="72" /><T27/><D7/><U50/><E19/><V12/><F67/><W83/><G83/><T30/><D30/><U21/><E45/><V6/><F28/><W65/><G65/><T40/><D40/><U82/><E82/><V59/><F32/><W131/><G131/><T34/><D34/><U29/><E47/><V79/><F66/><W5/><G5/><T90/><D90/><N who="1" m="55415" /><E49/><V51/><F79/><W58/><G58/><T36/><D36/><U98/><E98/><V75/><F75/><W116/><G116/><T61/><D61/><U84/><E84/><V1/><F1/><AGARI ba="0,0" hai="1,2,3,27,31,33,52,54,99,103,105" m="33792" machi="1" ten="70,12000,1" yaku="6,1,20,1,54,1" doraHai="8,72" who="0" fromWho="2" sc="295,120,183,0,262,-120,260,0" /><INIT seed="4,1,0,2,4,102" ten="415,183,142,260" oya="0" hai0="92,40,14,115,81,13,51,88,64,6,12,128,71" hai1="80,27,104,31,3,32,50,60,52,130,46,45,97" hai2="24,19,2,56,44,48,47,35,118,126,76,100,54" hai3="4,29,86,30,0,108,121,72,134,85,103,23,7"/><T77/><D128/><U36/><E3/><V62/><F2/><W79/><G108/><T22/><D115/><U43/><E130/><V28/><F126/><W127/><G72/><T58/><D71/><U112/><E112/><V94/><F118/><W96/><G127/><T9/><D22/><U110/><E110/><V101/><F76/><W33/><G33/><T89/><D89/><U133/><E133/><V21/><F94/><W15/><G134/><T132/><D132/><U91/><E60/><V83/><F83/><W39/><G39/><T69/><D69/><U99/><REACH who="1" step="1"/><E104/><REACH who="1" ten="415,173,142,260" step="2"/><V61/><F61/><W78/><G0/><T18/><D6/><U20/><E20/><V114/><F114/><W59/><G23/><T129/><D129/><U67/><E67/><V37/><F37/><W26/><G4/><T11/><D64/><U70/><E70/><V25/><REACH who="2" step="1"/><F47/><REACH who="2" ten="415,173,132,260" step="2"/><W49/><G121/><T106/><D106/><U120/><E120/><V41/><AGARI ba="1,2" hai="19,21,24,25,28,35,41,44,48,54,56,62,100,101" machi="41" ten="20,5200,0" yaku="1,1,2,1,0,1,7,1,53,0" doraHai="102" doraHaiUra="113" who="2" fromWho="2" sc="415,-27,173,-14,132,75,260,-14" /><INIT seed="5,0,0,0,5,50" ten="388,159,207,246" oya="1" hai0="124,24,59,46,21,117,112,74,54,16,94,62,84" hai1="42,15,49,67,118,41,11,130,66,129,106,4,32" hai2="79,64,23,2,28,132,25,29,120,122,85,39,92" hai3="105,36,20,22,123,108,60,31,96,63,45,80,121"/><U107/><E32/><V70/><F39/><W37/><G108/><T3/><D74/><U99/><E118/><V91/><F2/><W104/><G80/><T115/><D3/><U101/><E106/><V0/><F0/><W57/><G57/><T95/><D117/><U87/><E87/><V93/><F132/><W14/><G14/><T109/><D109/><U6/><E6/><V7/><F7/><W102/><G96/><T77/><D124/><U55/><E67/><V1/><F1/><W35/><G45/><T131/><D131/><N who="1" m="50187" /><E66/><V33/><F79/><W119/><G119/><T10/><D77/><U86/><E86/><V69/><F64/><W56/><G56/><AGARI ba="0,0" hai="4,11,15,41,42,49,55,56,99,101,107" m="50187" machi="56" ten="30,2900,0" yaku="19,1,52,1" doraHai="50" who="1" fromWho="3" sc="388,0,159,29,207,0,246,-29" /><INIT seed="5,1,0,1,5,96" ten="388,188,207,217" oya="1" hai0="56,111,133,99,116,74,49,22,28,21,100,109,108" hai1="23,54,113,69,61,130,77,80,8,73,57,118,92" hai2="117,114,32,112,34,87,25,44,15,5,89,41,70" hai3="51,31,29,19,7,127,81,123,91,18,110,33,90"/><U17/><E118/><V2/><F117/><W85/><G110/><T78/><D116/><U63/><E130/><V40/><F2/><W125/><G123/><T135/><D78/><U129/><E129/><V107/><F70/><W36/><G36/><T98/><D74/><U48/><E113/><N who="2" m="43627" /><F107/><W55/><G7/><T105/><D99/><U71/><E8/><N who="2" m="4495" /><F25/><W58/><G90/><T128/><D128/><U94/><E69/><V11/><F11/><W9/><G33/><N who="2" m="12905" /><F44/><W120/><G120/><T62/><D108/><U16/><E17/><N who="3" m="6154" /><G9/><T26/><D109/><U60/><REACH who="1" step="1"/><E71/><REACH who="1" ten="388,178,207,217" step="2"/><V79/><F79/><W50/><G125/><T65/><D111/><U27/><AGARI ba="1,1" hai="16,23,27,48,54,57,60,61,63,73,77,80,92,94" machi="27" ten="30,11700,0" yaku="1,1,2,1,0,1,54,1,53,0" doraHai="96" doraHaiUra="126" who="1" fromWho="1" sc="388,-40,178,130,207,-40,217,-40" /><INIT seed="5,2,0,5,2,117" ten="348,308,167,177" oya="1" hai0="61,52,69,87,20,76,115,3,72,65,13,39,108" hai1="35,90,46,63,113,97,78,68,17,71,88,94,99" hai2="92,105,64,130,120,45,124,106,10,133,36,19,83" hai3="49,107,38,101,70,123,79,111,109,11,44,5,29"/><U40/><E35/><V132/><F124/><W4/><G70/><T114/><D3/><U30/><E30/><V74/><F130/><W91/><G38/><T118/><D118/><U1/><E1/><V27/><F64/><W9/><G79/><T33/><D33/><U122/><E78/><N who="2" m="44503" /><F92/><W22/><G107/><T28/><D72/><U96/><E63/><V12/><F27/><W102/><G91/><T42/><D28/><U134/><E90/><V18/><F19/><W7/><G109/><T26/><D108/><U6/><E17/><V67/><F67/><W51/><G111/><T93/><D26/><U82/><E94/><V110/><F110/><W55/><G123/><T54/><D93/><U100/><E122/><V84/><F84/><W126/><G126/><T62/><D87/><U89/><E89/><V112/><F112/><W53/><G29/><T16/><D76/><U50/><E113/><N who="0" m="43017" /><D62/><U23/><E88/><V0/><F0/><W125/><G125/><T127/><D127/><U8/><E97/><V43/><F120/><W57/><REACH who="3" step="1"/><G22/><REACH who="3" ten="348,308,167,167" step="2"/><T129/><D129/><U56/><E23/><V24/><F24/><W48/><G48/><T15/><D39/><U75/><E50/><V121/><F121/><W86/><G86/><T80/><D69/><U31/><E71/><V47/><F47/><W37/><G37/><T14/><D20/><U98/><E68/><V25/><F25/><W81/><G81/><T34/><D80/><U58/><E82/><V119/><F119/><W21/><G21/><T59/><D34/><U116/><E116/><V85/><F85/><RYUUKYOKU ba="2,1" sc="348,-15,308,-15,167,15,167,15" hai2="10,12,18,36,43,45,105,106,132,133" hai3="4,5,7,9,11,44,49,51,53,55,57,101,102" /><INIT seed="6,3,1,2,3,38" ten="333,293,182,182" oya="2" hai0="56,77,48,120,89,13,109,95,23,63,14,70,71" hai1="9,105,83,102,128,17,117,121,72,1,133,97,111" hai2="110,132,65,30,37,99,134,107,31,16,129,46,112" hai3="131,135,91,12,106,130,21,124,54,11,6,5,24"/><V10/><F112/><W94/><G106/><T44/><D120/><U25/><E111/><V7/><F65/><W92/><G124/><T47/><D77/><U60/><E117/><V28/><F129/><N who="3" m="49163" /><G135/><N who="2" m="51753" /><F110/><W85/><G54/><T18/><D47/><U0/><E121/><V115/><F115/><W88/><G12/><N who="0" m="9671" /><D70/><U103/><E0/><N who="2" m="359" /><F16/><N who="3" m="12327" /><G11/><T116/><D71/><U87/><E128/><V33/><F33/><W108/><G108/><T51/><D109/><U19/><E9/><V52/><F52/><W74/><G74/><T113/><D116/><U4/><E1/><V15/><F15/><W43/><G43/><T119/><D119/><U35/><E133/><V114/><F114/><W20/><G20/><T32/><D113/><U49/><E35/><V101/><F31/><W45/><G45/><T80/><D32/><U84/><E4/><V93/><F107/><W66/><G66/><T64/><D14/><U8/><E105/><V69/><F69/><W34/><G34/><T73/><D13/><U22/><E8/><V61/><F61/><W98/><AGARI ba="3,1" hai="5,6,85,88,91,92,94,98" m="12327,49163" machi="98" ten="30,4000,0" yaku="19,1,54,2" doraHai="38" who="3" fromWho="3" sc="333,-13,293,-13,182,-23,182,59" /><INIT seed="7,0,0,5,3,20" ten="320,280,159,241" oya="3" hai0="52,83,120,37,100,127,85,25,44,65,39,128,4" hai1="97,68,18,7,15,49,79,78,115,0,95,74,14" hai2="29,116,109,129,91,48,70,73,76,22,31,23,55" hai3="112,3,11,67,92,21,33,103,113,106,24,26,32"/><W9/><G106/><T56/><D120/><U2/><E68/><V16/><F109/><W57/><G67/><T47/><D127/><U135/><E135/><V94/><F70/><W59/><G103/><T71/><D128/><U58/><E115/><N who="3" m="44106" /><G92/><T28/><D4/><U5/><E2/><V40/><F116/><W130/><G130/><T131/><D100/><U93/><E0/><V105/><F105/><W43/><G43/><T101/><D101/><U99/><E74/><V41/><F129/><W104/><G104/><T89/><D131/><U12/><E18/><V53/><F73/><W61/><G3/><T132/><D132/><U60/><E95/><V110/><F110/><W17/><G33/><T27/><D65/><N who="1" m="39063" /><E99/><V51/><F76/><N who="1" m="29225" /><E49/><V63/><F63/><W81/><G81/><T80/><D80/><U122/><E122/><V111/><F111/><W36/><G36/><T34/><D71/><U42/><E42/><V45/><F94/><W102/><G102/><AGARI ba="0,0" hai="5,7,12,14,15,93,97,102" m="29225,39063" machi="102" ten="30,1000,0" yaku="8,1" doraHai="20" who="1" fromWho="3" sc="320,0,280,10,159,0,241,-10" owari="320,42.0,290,9.0,159,-34.0,231,-17.0" /></mjloggm>