<mjloggm ver="2.3"><GO type="97" lobby="0"/><UN n0="%E3%81%BF%E3%82%84%E3%81%AA%E3%81%8C%E2%98%86%E3%81%95%E3%81%8D" n1="%E3%83%AF%E3%83%AB%E3%83%97%E3%83%AB%E3%82%AE%E3%82%B9%E3%81%AE%E5%A4%9C" n2="%E3%82%A6%E3%83%AB%E3%83%88%E3%83%A9%E7%AB%8B%E7%9B%B4" n3="%4B%2E%6D%61%6D%69%79%61" dan="14,13,15,14" rate="1928.09,1947.25,1963.42,1942.98" sx="M,M,M,M"/><TAIKYOKU oya="0"/><INIT seed="0,0,0,3,4,106" ten="250,250,250,250" oya="0" hai0="134,117,110,83,122,112,26,9,58,84,34,47,54" hai1="39,96,40,125,71,6,79,22,46,20,121,51,70" hai2="59,113,41,37,119,33,29,81,78,45,123,0,135" hai3="108,25,67,11,8,73,88,36,95,68,116,31,82"/><T50/><D112/><U87/><E121/><V131/><F113/><W27/><G116/><T128/><D117/><U94/><E125/><V16/><F119/><W127/><G127/><T56/><D122/><U12/><E39/><V132/><F0/><W102/><G36/><T15/><D128/><U80/><E70/><V129/><F123/><W75/><G82/><T104/><D104/><U14/><E71/><V35/><F59/><W19/><G68/><T91/><D134/><N who="2" m="51242" /><F16/><W89/><G19/><N who="0" m="8687" /><D110/><U69/><E69/><V90/><F90/><N who="3" m="34923" /><G31/><AGARI ba="0,0" hai="26,31,34,47,50,54,56,58,83,84,91" m="8687" machi="31" ten="30,1500,0" yaku="25,1" doraHai="106" who="0" fromWho="3" sc="250,15,250,0,250,0,250,-15" /><INIT seed="0,1,0,5,5,52" ten="265,250,250,235" oya="0" hai0="104,24,6,78,91,117,122,95,124,135,55,26,128" hai1="48,85,103,32,14,12,68,46,41,105,133,42,119" hai2="90,2,120,86,116,75,45,67,118,39,37,112,7" hai3="70,98,87,59,132,77,5,16,110,3,11,79,125"/><T65/><D117/><N who="2" m="45162" /><F75/><W35/><G70/><T18/><D122/><U53/><E119/><V13/><F2/><W66/><G35/><T121/><D121/><U34/><E68/><V61/><F45/><W89/><G125/><T25/><D104/><U69/><E69/><N who="2" m="42223" /><F112/><W15/><G132/><T38/><D38/><U56/><E133/><V40/><F40/><W127/><G98/><T111/><D135/><U20/><E42/><V88/><F90/><W54/><G66/><T96/><D65/><U58/><E58/><V30/><F30/><W102/><G102/><T64/><D64/><U93/><E105/><V114/><F120/><W108/><G127/><T97/><D124/><U23/><E34/><V73/><F73/><W27/><G27/><T131/><D111/><N who="3" m="42537" /><G89/><T134/><D134/><U130/><E32/><V29/><F29/><W62/><G87/><N who="0" m="52735" /><D78/><U76/><E76/><V44/><F114/><W101/><G101/><T51/><D6/><U22/><E85/><V28/><F28/><W19/><G19/><T1/><D1/><U0/><E0/><V49/><F86/><W129/><G129/><N who="0" m="49739" /><D18/><U81/><E130/><V21/><F88/><W72/><G72/><T83/><D83/><U126/><E81/><V106/><F106/><W82/><G82/><T17/><D17/><U123/><E126/><V99/><F99/><W10/><AGARI ba="1,0" hai="3,5,10,11,15,16,54,59,62,77,79" m="42537" machi="10" ten="30,4000,0" yaku="14,1,52,1,54,1" doraHai="52" who="3" fromWho="3" sc="265,-21,250,-11,250,-11,235,43" /><INIT seed="1,0,0,0,1,129" ten="244,239,239,278" oya="1" hai0="51,1,19,111,89,69,126,35,30,44,45,134,96" hai1="132,72,63,102,100,93,117,6,83,23,27,5,90" hai2="114,16,81,101,20,85,84,14,15,38,119,82,87" hai3="74,95,65,113,26,55,131,18,133,80,17,48,46"/><U36/><E117/><V106/><F38/><W2/><G113/><T105/><D111/><U56/><E36/><V54/><F119/><W64/><G131/><T37/><D69/><U98/><E132/><V71/><F71/><W29/><G133/><T52/><D1/><U42/><E42/><V76/><F114/><W99/><G74/><T77/><D134/><U68/><E68/><V66/><F66/><N who="3" m="25707" /><G2/><T43/><D126/><U109/><E109/><V97/><F54/><W10/><G80/><T123/><D123/><U127/><E127/><V118/><F118/><W12/><G29/><T57/><D77/><U92/><E72/><V39/><F39/><W9/><G26/><T50/><D19/><N who="3" m="7177" /><G12/><T47/><D30/><N who="1" m="17791" /><E83/><V22/><F22/><W62/><G62/><T13/><D35/><U88/><E63/><V4/><REACH who="2" step="1"/><F81/><REACH who="2" ten="244,239,229,278" step="2"/><W110/><G110/><T49/><D37/><U104/><E56/><V128/><F128/><W125/><G125/><T67/><D57/><U24/><E24/><V0/><F0/><W124/><G124/><T120/><D13/><U33/><E33/><V112/><F112/><W21/><G21/><T40/><D67/><U75/><E75/><V28/><F28/><W86/><G10/><AGARI ba="0,1" hai="4,10,14,15,16,20,76,82,84,85,87,97,101,106" machi="10" ten="40,8000,1" yaku="1,1,54,1,53,2" doraHai="129" doraHaiUra="8" who="2" fromWho="3" sc="244,0,239,0,229,90,278,-80" /><INIT seed="2,0,0,2,1,65" ten="244,239,319,198" oya="2" hai0="116,79,69,47,109,39,96,12,84,49,71,56,51" hai1="43,124,115,24,90,98,18,120,34,50,57,58,30" hai2="3,67,61,83,123,106,94,135,111,32,37,133,60" hai3="26,59,70,38,6,122,66,0,54,82,121,127,29"/><V126/><F106/><W8/><G127/><T64/><D96/><U129/><E115/><V16/><F37/><W11/><G38/><T75/><D75/><U114/><E114/><V97/><F32/><W28/><G28/><T103/><D103/><U76/><E124/><V72/><F3/><W55/><G11/><T19/><D39/><U20/><E120/><V74/><F123/><W21/><G82/><T81/><D109/><U13/><E76/><V5/><F5/><W17/><G55/><T9/><D116/><U62/><E129/><V110/><F16/><W107/><G107/><T132/><D132/><N who="2" m="50762" /><F61/><W105/><G105/><T45/><D56/><U33/><E33/><V87/><F126/><W88/><G88/><T23/><D9/><U119/><E119/><V118/><F118/><W31/><G121/><T130/><D130/><U99/><E90/><N who="2" m="55511" /><F60/><W14/><G122/><T117/><D117/><U2/><E2/><V48/><F48/><W101/><G101/><T104/><D104/><U25/><E25/><V91/><F67/><W4/><G4/><T80/><D64/><U113/><E113/><V86/><F86/><W15/><G0/><T77/><D51/><U52/><E43/><V95/><F74/><W7/><G7/><T68/><D49/><U128/><E128/><V125/><F125/><W85/><G85/><T89/><D47/><U108/><E108/><V10/><F10/><W1/><G1/><T41/><D45/><U78/><E78/><AGARI ba="0,0" hai="72,78,83,87,91,95,110,111" m="55511,50762" machi="78" ten="30,5800,0" yaku="20,1,34,2" doraHai="65" who="2" fromWho="1" sc="244,0,239,-58,319,58,198,0" /><INIT seed="2,1,0,1,1,89" ten="244,181,377,198" oya="2" hai0="78,43,132,14,31,93,5,28,3,120,63,102,61" hai1="62,49,33,82,45,135,104,123,21,24,64,131,44" hai2="108,47,110,22,12,0,20,88,111,109,65,40,35" hai3="126,46,86,125,11,127,51,58,91,84,68,18,118"/><V26/><F0/><W56/><G68/><T8/><D120/><U13/><E123/><V52/><F65/><W114/><G118/><T4/><D132/><U23/><E135/><V128/><F128/><W85/><G114/><T130/><D130/><U76/><E131/><V53/><F35/><W2/><G2/><T94/><D78/><U98/><E33/><V69/><F69/><W81/><G11/><T95/><D102/><U107/><E13/><V17/><F108/><W34/><G34/><T77/><D77/><U112/><E112/><V92/><F22/><W1/><G1/><T74/><D74/><U48/><E21/><V101/><F101/><W70/><G18/><N who="0" m="8519" /><D43/><U71/><E98/><N who="2" m="57607" /><F12/><W67/><G67/><T115/><D115/><U7/><E7/><N who="0" m="2633" /><D3/><U60/><E60/><AGARI ba="1,0" hai="28,31,60,61,63,93,94,95" m="2633,8519" machi="60" ten="30,7700,0" yaku="8,1,52,3" doraHai="89" who="0" fromWho="1" sc="244,80,181,-80,377,0,198,0" /><INIT seed="3,0,0,5,5,55" ten="324,101,377,198" oya="3" hai0="119,17,115,18,24,50,91,54,88,52,20,47,42" hai1="116,97,118,2,122,126,68,130,102,45,67,114,132" hai2="78,89,21,131,26,90,80,10,129,31,48,100,41" hai3="37,112,95,6,44,35,84,53,30,98,32,4,109"/><W40/><G112/><T117/><D115/><U81/><E97/><V133/><F100/><W58/><G109/><T16/><D117/><U111/><E102/><V82/><F82/><W76/><G35/><T87/><D119/><U15/><E81/><V29/><F29/><W27/><G84/><T70/><D70/><U8/><E15/><V13/><F48/><W25/><G76/><T86/><D86/><U108/><E8/><V77/><F41/><W62/><REACH who="3" step="1"/><G27/><REACH who="3" ten="324,101,377,188" step="2"/><T83/><D91/><AGARI ba="0,1" hai="4,6,25,30,32,37,40,44,53,58,62,91,95,98" machi="91" ten="30,11600,0" yaku="1,1,2,1,7,1,52,1,53,0" doraHai="55" doraHaiUra="11" who="3" fromWho="0" sc="324,-116,101,0,377,0,188,126" /><INIT seed="3,1,0,4,3,126" ten="208,101,377,314" oya="3" hai0="112,33,116,96,25,121,37,22,122,68,80,19,74" hai1="131,107,56,17,87,40,12,5,30,10,83,132,114" hai2="123,101,130,111,31,106,90,35,97,134,84,75,48" hai3="42,27,0,124,9,51,11,118,15,13,128,135,99"/><W95/><G118/><T39/><D116/><U50/><E114/><V24/><F130/><W61/><G128/><T133/><D112/><U69/><E107/><V127/><F127/><W120/><G124/><T81/><D68/><U65/><E69/><V104/><F104/><W105/><G105/><T6/><D6/><U34/><E132/><V16/><F75/><W52/><G135/><T1/><D1/><U18/><E131/><V125/><F125/><W102/><G0/><T2/><D2/><U89/><E30/><V7/><F7/><W58/><G27/><T63/><D25/><U78/><E34/><V115/><F111/><W91/><G120/><T20/><D33/><U41/><E41/><V70/><F70/><W44/><G102/><T94/><D121/><U100/><E100/><V28/><F28/><W93/><G93/><T8/><D94/><U57/><E89/><V62/><F62/><W45/><G45/><T14/><D63/><U109/><E109/><V82/><F134/><W88/><G91/><T46/><D133/><U73/><E73/><V72/><F72/><W23/><REACH who="3" step="1"/><G23/><REACH who="3" ten="208,101,377,304" step="2"/><T86/><D22/><U29/><E78/><N who="2" m="46167" /><F123/><W85/><G85/><T67/><D20/><U55/><E87/><V53/><F90/><W117/><G117/><T3/><D86/><U36/><E10/><AGARI ba="1,1" hai="9,10,11,13,15,42,44,51,52,58,61,88,95,99" machi="10" ten="40,12000,1" yaku="1,1,8,1,54,2,53,1" doraHai="126" doraHaiUra="47" who="3" fromWho="1" sc="208,0,101,-123,377,0,304,133" owari="208,-19.0,-22,-52.0,377,18.0,437,53.0" /></mjloggm>