<mjloggm ver="2.3"><GO type="97" lobby="0"/><UN n0="%63%6F%66%66%65%65%2E%53" n1="%E3%82%A6%E3%83%AB%E3%83%88%E3%83%A9%E7%AB%8B%E7%9B%B4" n2="%E3%82%81%E3%81%A0%E3%81%8B%EF%BC%92%E5%8F%B7" n3="%E3%82%AA%E3%82%B7%E3%83%AD%E3%82%B9%E3%82%B3%E3%83%BC%E3%83%97" dan="13,15,13,13" rate="1897.53,1984.85,1820.19,1900.68" sx="M,M,M,M"/><TAIKYOKU oya="0"/><INIT seed="0,0,0,4,3,47" ten="250,250,250,250" oya="0" hai0="2,89,14,1,90,30,35,82,60,42,16,96,114" hai1="49,81,50,105,0,122,8,54,106,130,118,62,38" hai2="115,84,55,63,33,25,22,125,20,12,92,104,17" hai3="93,80,18,108,45,11,41,24,23,32,70,91,101"/><T116/><D114/><U78/><E122/><V10/><F104/><W98/><G70/><T13/><D116/><U66/><E118/><V134/><F115/><W121/><G108/><T75/><D42/><U112/><E112/><V135/><F125/><W113/><G113/><T31/><D75/><U40/><E130/><V73/><F73/><W103/><G32/><T97/><D60/><U129/><E129/><V44/><F33/><W86/><G11/><T58/><D35/><U68/><E54/><V3/><F3/><W56/><G56/><T117/><D117/><U29/><E29/><V127/><F127/><W131/><G121/><T99/><D99/><U88/><E88/><N who="2" m="53255" /><F25/><W94/><G131/><T107/><D82/><U5/><E106/><V85/><F85/><W36/><REACH who="3" step="1"/><G94/><REACH who="3" ten="250,250,250,240" step="2"/><T100/><D107/><U9/><E9/><V109/><F109/><W57/><G57/><T69/><D58/><U7/><E105/><V19/><F10/><W102/><AGARI ba="0,1" hai="18,23,24,36,41,45,80,86,91,93,98,101,102,103" machi="102" ten="20,2700,0" yaku="1,1,0,1,7,1,53,0" doraHai="47" doraHaiUra="128" who="3" fromWho="3" sc="250,-13,250,-7,250,-7,240,37" /><INIT seed="1,0,0,0,2,73" ten="237,243,243,277" oya="1" hai0="117,135,97,120,49,40,11,62,125,31,10,37,24" hai1="112,81,29,33,41,86,6,113,78,75,103,14,46" hai2="25,101,76,118,123,124,69,80,90,27,131,47,59" hai3="15,119,95,70,105,67,127,74,55,34,28,133,4"/><U94/><E33/><V56/><F123/><W102/><G105/><T108/><D117/><U50/><E29/><V32/><F69/><W3/><G3/><T130/><D37/><U12/><E12/><V43/><F118/><W7/><G74/><T126/><D62/><U63/><E63/><V71/><F71/><W83/><G119/><T98/><D120/><U82/><E94/><V39/><F131/><W2/><G2/><T116/><D116/><U79/><REACH who="1" step="1"/><E103/><REACH who="1" ten="237,233,243,277" step="2"/><V77/><F32/><W87/><G28/><T96/><D31/><U60/><E60/><V72/><F25/><W51/><G34/><T91/><D24/><U89/><E89/><V44/><F27/><W13/><G95/><T66/><D91/><U109/><E109/><V35/><F35/><W110/><G102/><T5/><D108/><U92/><E92/><V30/><F30/><W20/><G110/><T64/><D130/><U57/><E57/><V52/><F59/><W128/><G15/><T58/><D58/><U111/><E111/><V16/><F56/><W38/><G128/><T8/><D5/><U85/><E85/><V42/><F90/><W129/><G129/><T1/><D1/><U121/><E121/><V65/><F76/><W45/><G13/><T134/><D66/><U106/><E106/><V0/><F77/><W17/><G67/><T100/><D64/><U53/><E53/><V54/><F54/><W84/><G4/><T26/><D26/><U48/><E48/><V22/><F52/><W104/><G51/><T21/><D100/><U68/><E68/><V18/><F39/><RYUUKYOKU ba="0,1" sc="237,-10,233,30,243,-10,277,-10" hai1="6,14,41,46,50,75,78,79,81,82,86,112,113" /><INIT seed="1,1,1,2,5,52" ten="227,263,233,267" oya="1" hai0="39,93,69,37,63,113,27,56,80,65,15,101,121" hai1="36,112,123,3,20,40,35,116,103,21,79,28,38" hai2="17,34,78,71,127,32,0,26,100,120,131,97,109" hai3="60,91,73,10,54,129,72,99,49,58,66,81,130"/><U124/><E21/><V42/><F120/><W118/><G118/><T6/><D113/><U57/><E20/><V88/><F71/><W107/><G10/><T86/><D121/><U1/><E103/><V24/><F42/><W45/><G107/><T114/><D114/><U62/><E123/><V19/><F109/><W95/><REACH who="3" step="1"/><G81/><REACH who="3" ten="227,263,233,257" step="2"/><T115/><D115/><U18/><E112/><V7/><F131/><AGARI ba="1,2" hai="45,49,54,58,60,66,72,73,91,95,99,129,130,131" machi="131" ten="40,8000,1" yaku="1,1,2,1,19,1,52,1,53,1" doraHai="52" doraHaiUra="89" who="3" fromWho="2" sc="227,0,263,0,233,-83,257,103" /><INIT seed="2,0,0,3,5,24" ten="227,263,150,360" oya="2" hai0="1,118,43,11,120,131,58,49,88,6,82,37,75" hai1="3,2,12,116,74,14,39,110,48,38,50,51,0" hai2="112,8,93,16,109,126,133,76,123,128,33,125,95" hai3="103,72,98,100,62,70,99,40,132,30,55,10,124"/><V91/><F123/><W13/><G72/><T84/><D120/><U28/><E74/><V27/><F112/><W65/><G40/><T80/><D131/><U41/><E41/><V94/><F128/><W45/><G132/><T127/><D127/><N who="2" m="48650" /><F133/><W47/><G124/><T122/><D122/><U46/><E46/><V102/><F102/><W32/><G32/><T113/><D113/><U77/><E77/><V114/><F114/><W117/><G117/><T85/><D118/><U4/><E116/><V34/><F76/><W66/><G66/><T89/><D75/><U92/><E92/><N who="2" m="35435" /><F109/><W42/><G55/><T17/><D37/><U59/><E59/><V73/><F73/><W15/><G15/><T26/><D43/><U7/><E110/><V54/><F54/><W104/><G42/><T111/><D111/><U60/><E60/><V35/><F8/><W68/><G68/><T61/><D49/><U86/><E86/><N who="2" m="52727" /><F16/><W5/><G100/><T64/><D17/><U96/><E96/><V119/><F119/><W63/><G99/><T9/><D9/><U81/><E14/><V101/><F101/><W105/><G13/><T129/><D129/><U135/><E12/><V134/><F134/><W69/><G10/><T90/><D90/><U36/><E135/><V67/><F67/><W21/><G65/><T107/><D107/><U31/><E81/><V78/><F78/><W71/><G104/><T23/><D26/><AGARI ba="0,0" hai="26,27,33,34,35" m="52727,35435,48650" machi="26" ten="40,2000,0" yaku="18,1" doraHai="24" who="2" fromWho="0" sc="227,-20,263,0,150,20,360,0" /><INIT seed="2,1,0,2,3,82" ten="207,263,170,360" oya="2" hai0="104,52,15,126,96,116,31,64,53,49,43,24,36" hai1="28,1,32,109,133,40,44,97,2,70,85,72,10" hai2="67,121,65,76,14,120,78,4,34,100,103,131,37" hai3="90,115,113,102,135,58,26,129,88,92,3,54,80"/><V132/><F37/><W30/><G3/><T84/><D64/><U19/><E70/><V122/><F34/><W47/><G135/><T63/><D36/><U125/><E72/><V41/><F41/><W128/><G47/><T21/><D104/><U118/><E118/><V50/><F50/><W108/><G108/><T60/><D96/><U79/><E133/><V42/><F42/><W89/><G80/><T61/><D116/><U6/><E125/><V0/><F132/><W7/><G7/><T110/><D110/><U35/><E109/><V114/><F0/><W123/><G123/><T12/><D126/><U46/><E46/><V27/><F27/><W51/><G102/><N who="2" m="38953" /><F114/><N who="3" m="43531" /><G92/><T39/><D39/><U69/><E44/><V17/><F4/><W22/><AGARI ba="1,0" hai="22,26,30,51,54,58,88,89,90,128,129" m="43531" machi="22" ten="40,2700,0" yaku="11,1,54,1" doraHai="82" who="3" fromWho="3" sc="207,-8,263,-8,170,-14,360,30" /><INIT seed="3,0,0,0,3,55" ten="199,255,156,390" oya="3" hai0="57,76,64,91,97,101,56,34,49,115,134,63,9" hai1="66,82,92,117,128,27,77,89,93,114,10,26,24" hai2="65,47,84,113,132,109,129,6,100,81,33,87,61" hai3="119,17,50,116,110,31,107,37,29,20,3,54,106"/><W96/><G37/><T88/><D34/><U5/><E114/><V108/><F113/><W58/><G3/><T112/><D115/><U127/><E127/><V133/><F33/><W52/><G110/><T78/><D112/><U130/><E66/><V83/><F6/><W21/><G116/><T131/><D131/><N who="1" m="50219" /><E89/><N who="0" m="34377" /><D134/><U135/><E135/><N who="2" m="51787" /><F47/><W111/><G119/><T39/><D39/><U42/><E42/><V102/><F61/><N who="3" m="36039" /><G106/><T11/><D97/><U86/><E117/><V59/><F59/><N who="3" m="33239" /><G107/><T99/><D99/><U67/><E67/><V14/><F14/><AGARI ba="0,0" hai="5,10,14,24,26,27,77,82,86,92,93" m="50219" machi="14" ten="30,1000,0" yaku="19,1" doraHai="55" who="1" fromWho="2" sc="199,0,255,10,156,-10,390,0" owari="199,-20.0,265,7.0,146,-35.0,390,48.0" /></mjloggm>