<mjloggm ver="2.3"><GO type="97" lobby="0"/><UN n0="%E3%82%A6%E3%83%AB%E3%83%88%E3%83%A9%E7%AB%8B%E7%9B%B4" n1="%73%68%65%65%70%64%6F%67" n2="%E2%98%86%E9%9A%BC%E2%98%86" n3="%46%69%6A%69" dan="15,14,15,15" rate="1982.17,1943.13,2061.29,1964.51" sx="M,M,M,M"/><TAIKYOKU oya="0"/><INIT seed="0,0,0,3,1,79" ten="250,250,250,250" oya="0" hai0="72,16,5,122,15,118,53,60,6,26,17,123,111" hai1="109,0,44,3,128,104,25,11,126,39,113,87,10" hai2="99,132,48,58,37,92,41,70,69,91,103,9,81" hai3="4,12,108,66,27,22,106,18,42,102,129,65,97"/><T61/><D72/><U119/><E104/><V93/><F132/><W33/><G108/><T107/><D107/><U82/><E119/><V75/><F37/><W14/><G129/><T1/><D53/><U2/><E128/><V94/><F9/><W8/><G42/><T20/><D60/><U112/><E109/><V46/><F58/><W51/><G51/><T55/><D55/><U78/><E25/><V54/><F54/><W29/><AGARI ba="0,0" hai="4,8,12,14,18,22,27,29,33,65,66,97,102,106" machi="29" ten="30,1100,0" yaku="0,1" doraHai="79" who="3" fromWho="3" sc="250,-5,250,-3,250,-3,250,11" /><INIT seed="1,0,0,5,1,44" ten="245,247,247,261" oya="1" hai0="13,87,83,113,89,60,90,109,15,81,76,7,135" hai1="125,25,4,91,32,46,45,65,38,94,47,127,105" hai2="0,43,98,119,8,129,68,102,37,111,85,95,77" hai3="92,80,1,36,3,78,42,6,54,41,17,73,63"/><U20/><E105/><V134/><F119/><W66/><G41/><T72/><D113/><U55/><E38/><V35/><F134/><W106/><G92/><T112/><D112/><U132/><E32/><V12/><F35/><W27/><G54/><T53/><D135/><U99/><E4/><V24/><F111/><W19/><G27/><T71/><D109/><U29/><E132/><V49/><F129/><W97/><G3/><T21/><D7/><U126/><E65/><V120/><F120/><W131/><G97/><T128/><D128/><U48/><AGARI ba="0,0" hai="20,25,29,45,46,47,48,55,91,94,99,125,126,127" machi="48" ten="40,7800,0" yaku="0,1,18,1,52,1" doraHai="44" who="1" fromWho="1" sc="245,-26,247,78,247,-26,261,-26" /><INIT seed="1,1,0,1,2,125" ten="219,325,221,235" oya="1" hai0="116,94,43,16,53,50,45,0,90,78,130,44,65" hai1="55,124,40,52,100,131,127,77,115,76,56,99,113" hai2="18,26,37,57,12,73,42,22,133,91,112,74,135" hai3="70,27,114,95,109,128,20,88,30,25,68,103,49"/><U62/><E40/><V41/><F112/><W101/><G114/><T13/><D0/><U47/><E131/><V24/><F91/><W7/><G128/><T29/><D116/><U129/><E113/><V60/><F41/><W46/><G7/><T104/><D104/><U61/><E115/><V121/><F121/><W23/><G109/><T93/><D130/><U126/><E129/><V63/><F42/><W15/><G15/><T14/><D29/><U122/><E122/><V89/><F89/><W81/><G81/><T36/><D78/><U9/><E9/><V72/><F37/><W8/><G8/><T132/><D132/><N who="2" m="50762" /><F63/><W75/><G75/><N who="2" m="19201" /><V32/><DORA hai="51" /><F32/><W34/><G34/><T48/><D36/><U58/><E47/><V35/><F35/><W19/><G70/><T80/><D80/><U79/><E76/><V31/><F31/><W102/><G68/><T110/><D90/><U21/><E21/><V106/><F106/><AGARI ba="1,0" hai="52,55,56,58,61,62,77,79,99,100,106,124,126,127" machi="106" ten="40,12000,1" yaku="9,1,18,1,52,2,54,1" doraHai="125,51" who="1" fromWho="2" sc="219,0,325,123,221,-123,235,0" /><INIT seed="1,2,0,5,4,53" ten="219,448,98,235" oya="1" hai0="106,3,77,35,14,91,58,125,109,18,121,126,57" hai1="62,7,133,17,52,113,108,13,65,66,59,83,134" hai2="19,31,90,95,5,87,4,131,46,132,82,68,48" hai3="20,102,128,11,107,47,8,61,34,111,78,55,105"/><U41/><E113/><V80/><F68/><W1/><G34/><T89/><D3/><U99/><E41/><V2/><F131/><W50/><G20/><N who="0" m="11351" /><D35/><U40/><E40/><V93/><F132/><N who="1" m="50793" /><E7/><V124/><F124/><N who="0" m="47722" /><D106/><U16/><E108/><V22/><F31/><W97/><G107/><T39/><D39/><U24/><E99/><V130/><F130/><W103/><G128/><T118/><D118/><U42/><E42/><V122/><F122/><W43/><G111/><T74/><D109/><U29/><E83/><V69/><F69/><W123/><G1/><T25/><D121/><U127/><E127/><V75/><F75/><W37/><G123/><T44/><D25/><U70/><E13/><V49/><F2/><W86/><G103/><T104/><D104/><U96/><E96/><V129/><F129/><W33/><G33/><T120/><D120/><U36/><E36/><V101/><F48/><W94/><G61/><T28/><D28/><U45/><E70/><V38/><F38/><W10/><G105/><T112/><D112/><U100/><E100/><V115/><F115/><W9/><G37/><T26/><D26/><U64/><E45/><V56/><F46/><W88/><G43/><T63/><D44/><U84/><E84/><N who="2" m="50439" /><F101/><W51/><G51/><T27/><D27/><U79/><E79/><N who="2" m="46559" /><F95/><N who="3" m="54679" /><G78/><T76/><D76/><U98/><E98/><V0/><F93/><W60/><N who="3" m="2560" /><DORA hai="135" /><W114/><G114/><T30/><D77/><U119/><E119/><V71/><F0/><W81/><G60/><T72/><D63/><U54/><E54/><N who="2" m="31823" /><F71/><W23/><G81/><RYUUKYOKU ba="2,0" sc="219,-30,448,10,98,10,235,10" hai1="16,17,24,29,52,59,62,64,65,66" hai2="4,5,19,22" hai3="23,47,50,55,94,97,102" /><INIT seed="1,3,0,0,0,131" ten="189,458,108,245" oya="1" hai0="88,80,105,113,71,77,130,102,27,125,16,48,33" hai1="17,99,79,68,107,122,6,124,134,24,37,74,60" hai2="100,112,84,82,58,59,44,95,3,108,18,42,11" hai3="19,7,83,5,21,54,123,26,23,22,52,29,43"/><U12/><E37/><V114/><F108/><W89/><G43/><T101/><D113/><N who="2" m="43626" /><F100/><W106/><G106/><T103/><D130/><U76/><E122/><V20/><F95/><W87/><G123/><T81/><D125/><U2/><E124/><V126/><F126/><W78/><G78/><T47/><D71/><U93/><E76/><N who="2" m="46151" /><F11/><W118/><G23/><N who="0" m="13799" /><D33/><U36/><E107/><V121/><F3/><W128/><G118/><T119/><D119/><U104/><E104/><V72/><F72/><W64/><G64/><T32/><D32/><U10/><E79/><V133/><F121/><W86/><G86/><N who="0" m="50255" /><D105/><U61/><E74/><V39/><F133/><W115/><G115/><T111/><D111/><U49/><E134/><V46/><F46/><W96/><G96/><T67/><D67/><U50/><E68/><V41/><F42/><W98/><G98/><T13/><D80/><U66/><E36/><V69/><F69/><W116/><G116/><T4/><D77/><U62/><E66/><V127/><F127/><W94/><G83/><T15/><D4/><N who="3" m="1609" /><G128/><T45/><D45/><U75/><E2/><V14/><AGARI ba="3,0" hai="14,18,20,39,41,44,58,59" m="46151,43626" machi="14" ten="30,1100,0" yaku="11,1" doraHai="131" who="2" fromWho="2" sc="189,-6,458,-8,108,20,245,-6" /><INIT seed="2,0,0,4,2,57" ten="183,450,128,239" oya="2" hai0="72,40,92,0,85,84,111,36,96,8,109,3,20" hai1="90,121,39,112,129,79,116,17,103,23,65,83,50" hai2="95,5,75,63,38,27,10,128,66,44,70,113,114" hai3="94,30,53,71,119,48,131,43,134,28,25,56,6"/><V80/><F128/><W41/><G119/><T16/><D72/><U101/><E39/><V123/><F123/><W68/><G28/><T115/><D115/><U26/><E129/><V118/><F118/><W100/><G131/><T69/><D69/><U2/><E112/><V12/><F27/><W21/><G71/><T64/><D64/><U108/><E2/><N who="0" m="553" /><D8/><U54/><E108/><N who="0" m="41545" /><D40/><N who="3" m="15433" /><G68/><T81/><D81/><U22/><E116/><V49/><F38/><W62/><G134/><T135/><D135/><U127/><E65/><V88/><F75/><W46/><G6/><T7/><D7/><U120/><E79/><V42/><REACH who="2" step="1"/><F80/><REACH who="2" ten="183,450,118,239" step="2"/><W86/><G100/><N who="0" m="60423" /><D36/><U117/><E121/><V82/><F82/><W102/><G102/><T105/><D105/><U78/><E120/><V47/><F47/><W99/><G46/><T59/><D59/><U67/><E103/><V124/><F124/><W14/><G25/><AGARI ba="0,1" hai="16,20,25,84,85" m="60423,41545,553" machi="25" ten="30,2000,0" yaku="14,1,54,1" doraHai="57" who="0" fromWho="3" sc="183,30,450,0,118,0,239,-20" /><INIT seed="3,0,0,0,3,113" ten="213,450,118,219" oya="3" hai0="62,24,39,127,72,13,50,9,109,6,118,10,41" hai1="49,119,45,59,25,93,100,20,115,98,58,27,133" hai2="90,73,69,40,102,17,5,116,132,104,88,21,71" hai3="56,103,120,46,74,51,82,110,76,2,37,64,16"/><W95/><G2/><T89/><D72/><U26/><E115/><V32/><F32/><W1/><G1/><T87/><D118/><U83/><E119/><V38/><F116/><W105/><G105/><T63/><D39/><U122/><E133/><V97/><F132/><W75/><G120/><T114/><D109/><U19/><E122/><V111/><F111/><W4/><G110/><T77/><D77/><U47/><E83/><V126/><F126/><W29/><G4/><T34/><D127/><U78/><E78/><V107/><F73/><W44/><G29/><T30/><D10/><U70/><E70/><V124/><F124/><W84/><G37/><T66/><D114/><U85/><E85/><V129/><F129/><W61/><G46/><N who="1" m="17418" /><E49/><V53/><F40/><W57/><G57/><AGARI ba="0,0" hai="19,20,25,26,27,57,58,59,93,98,100" m="17418" machi="57" ten="30,1000,0" yaku="8,1" doraHai="113" who="1" fromWho="3" sc="213,0,450,10,118,0,219,-10" owari="213,1.0,460,56.0,118,-38.0,209,-19.0" /></mjloggm>