<mjloggm ver="2.3"><GO type="97" lobby="0"/><UN n0="%74%61%6D%30%33%30%39" n1="%E3%82%B1%E3%83%B3%E5%9D%8A" n2="%E3%83%91%E3%82%AF%E3%83%BB%E3%82%AE%E3%83%A5%E3%83%AA" n3="%E3%82%A6%E3%83%AB%E3%83%88%E3%83%A9%E7%AB%8B%E7%9B%B4" dan="14,15,13,15" rate="1879.51,1949.75,1918.01,2013.38" sx="M,M,M,M"/><TAIKYOKU oya="0"/><INIT seed="0,0,0,2,0,99" ten="250,250,250,250" oya="0" hai0="82,34,119,15,68,114,123,27,52,33,43,63,20" hai1="1,10,122,89,124,72,14,58,115,42,135,132,57" hai2="37,90,95,75,98,36,78,9,47,129,100,64,16" hai3="76,66,104,59,50,69,56,41,54,110,73,93,112"/><T131/><D114/><U133/><E115/><V113/><F113/><W85/><G112/><RYUUKYOKU type="kaze4" ba="0,0" sc="250,0,250,0,250,0,250,0" /><INIT seed="0,1,0,3,5,42" ten="250,250,250,250" oya="0" hai0="50,129,109,45,22,11,128,16,88,24,108,103,117" hai1="97,77,37,105,101,72,47,52,28,125,83,29,82" hai2="10,127,15,53,0,40,44,57,5,36,34,133,49" hai3="21,46,58,104,78,39,120,123,41,68,6,27,94"/><T13/><D117/><U122/><E122/><N who="3" m="46634" /><G104/><T87/><D103/><U7/><E125/><V89/><F127/><W99/><G68/><T70/><D70/><U112/><E112/><V60/><F133/><W9/><G78/><T107/><D107/><U96/><E96/><V95/><F34/><W74/><G58/><T69/><D69/><U75/><E7/><V35/><F35/><W102/><G74/><T85/><D85/><U43/><REACH who="1" step="1"/><E52/><REACH who="1" ten="250,240,250,250" step="2"/><V25/><F0/><W81/><G6/><N who="0" m="3319" /><D50/><U59/><E59/><V20/><F36/><W2/><G2/><T32/><D45/><U67/><E67/><V19/><F40/><W118/><G118/><T54/><D54/><U126/><E126/><V98/><F49/><W134/><G134/><T8/><D8/><U90/><E90/><V66/><F66/><W3/><G3/><T110/><D32/><U71/><E71/><V73/><F73/><W76/><G9/><T80/><AGARI ba="1,1" hai="16,22,24,80,87,88,108,109,110,128,129" m="3319" machi="80" ten="40,12000,1" yaku="14,1,10,1,54,2" doraHai="42" who="0" fromWho="0" sc="250,133,240,-41,250,-41,250,-41" /><INIT seed="0,2,0,1,0,13" ten="383,199,209,209" oya="0" hai0="22,127,100,68,86,4,12,77,101,112,134,110,80" hai1="42,71,33,133,61,10,54,41,76,69,129,49,8" hai2="96,91,32,15,48,102,109,45,30,89,119,38,1" hai3="116,124,114,111,90,18,130,125,58,99,56,74,132"/><T14/><D112/><U128/><E33/><V115/><F115/><W44/><G74/><T40/><D68/><N who="1" m="26187" /><E10/><V78/><F1/><W81/><G114/><T63/><D127/><N who="3" m="48713" /><G116/><T85/><D134/><U50/><E8/><V26/><F119/><W73/><G44/><T131/><D131/><N who="1" m="50251" /><E76/><V123/><F109/><W36/><G36/><T121/><D121/><U64/><E133/><V97/><F38/><W19/><G111/><T62/><D110/><U79/><E79/><V51/><F78/><N who="3" m="44239" /><G130/><T87/><D40/><N who="1" m="15467" /><E54/><V84/><F123/><W88/><G132/><T135/><D135/><U0/><E0/><V107/><F96/><W5/><G5/><T59/><D77/><U2/><E2/><V108/><F108/><W118/><G118/><T94/><D80/><U70/><AGARI ba="2,0" hai="49,50,61,64,70" m="15467,50251,26187" machi="70" ten="40,5200,0" yaku="19,1,34,2" doraHai="13" who="1" fromWho="1" sc="383,-28,199,58,209,-15,209,-15" /><INIT seed="1,0,0,0,3,68" ten="355,257,194,194" oya="1" hai0="101,119,9,61,69,63,38,3,48,14,5,116,47" hai1="21,65,132,95,11,88,8,102,118,27,130,76,56" hai2="133,127,4,26,99,36,20,94,128,16,123,91,117" hai3="22,86,0,82,46,105,33,124,83,104,107,35,44"/><U19/><E118/><V28/><F123/><W115/><G22/><T114/><D114/><U111/><E132/><V84/><F117/><W58/><G0/><T85/><D69/><U67/><E130/><V100/><F133/><W74/><G115/><T109/><D119/><U98/><E76/><V129/><F128/><W37/><G124/><T126/><D126/><U49/><E111/><V135/><F127/><W30/><G74/><T92/><D109/><U34/><E34/><V45/><F135/><W6/><G6/><T64/><D64/><N who="1" m="24651" /><E102/><V50/><F4/><W60/><G30/><T134/><D134/><U43/><E56/><V80/><F129/><W42/><G46/><AGARI ba="0,0" hai="8,11,19,21,27,43,46,49,88,95,98" m="24651" machi="46" ten="30,2900,0" yaku="8,1,54,1" doraHai="68" who="1" fromWho="3" sc="355,0,257,29,194,0,194,-29" /><INIT seed="1,1,0,5,1,77" ten="355,286,194,165" oya="1" hai0="6,50,20,116,134,67,80,81,26,121,27,99,68" hai1="124,89,35,72,44,41,107,85,5,127,69,31,112" hai2="57,87,66,131,91,60,52,13,8,62,113,122,75" hai3="32,97,78,123,126,65,58,86,12,111,48,105,49"/><U74/><E112/><V39/><F122/><W33/><G123/><T45/><D121/><U70/><E107/><V129/><F75/><W120/><G120/><T128/><D116/><U92/><E5/><V102/><F39/><W1/><G1/><T0/><D134/><U43/><E31/><V82/><F113/><W95/><G126/><N who="1" m="48170" /><E35/><V9/><F102/><W34/><G111/><T83/><D128/><N who="2" m="49226" /><F13/><W133/><G133/><T103/><D0/><U53/><E53/><V130/><N who="2" m="49234" /><V115/><DORA hai="38" /><F115/><W23/><G105/><T109/><D109/><U17/><E17/><V40/><F40/><N who="1" m="15433" /><E44/><V29/><F29/><W94/><G32/><T114/><D114/><U98/><E98/><V100/><F100/><W14/><G33/><T7/><D103/><U135/><E135/><V93/><F62/><W46/><G46/><T76/><D99/><U24/><E24/><V42/><F42/><W55/><G34/><T101/><D101/><U79/><E79/><N who="2" m="46559" /><F66/><W118/><G65/><T110/><D110/><U125/><E125/><V56/><F57/><W18/><G58/><T16/><D67/><U30/><E30/><V63/><F60/><W119/><G18/><T15/><D68/><AGARI ba="1,0" hai="68,69,70,72,74,85,89,92" m="15433,48170" machi="68" ten="30,11600,0" yaku="18,1,52,3" doraHai="77,38" who="1" fromWho="0" sc="355,-119,286,119,194,0,165,0" /><INIT seed="1,2,0,1,4,115" ten="236,405,194,165" oya="1" hai0="127,96,12,135,4,126,42,18,29,69,93,49,84" hai1="90,53,75,23,50,70,132,40,39,125,64,66,1" hai2="8,47,85,112,117,116,7,52,100,110,32,76,74" hai3="111,17,73,10,56,19,16,89,82,103,124,68,37"/><U43/><E1/><V77/><F32/><W108/><G68/><T101/><D135/><U118/><E75/><V55/><F100/><W62/><G37/><T99/><D69/><U109/><E23/><V94/><F112/><W13/><G124/><N who="0" m="47659" /><D4/><U83/><E125/><V63/><F110/><N who="3" m="42027" /><G103/><T102/><D29/><U122/><E90/><V25/><F25/><W131/><G131/><T34/><D34/><U44/><E83/><V61/><F94/><W24/><G24/><T80/><D49/><U11/><E11/><V60/><F47/><W48/><G48/><T0/><D42/><N who="1" m="15915" /><E109/><V98/><F98/><N who="0" m="37418" /><D93/><U114/><E114/><V105/><F105/><W30/><G30/><T36/><D36/><U15/><E15/><V134/><F134/><W129/><G129/><T51/><D51/><U38/><E132/><V95/><F74/><W9/><G13/><T106/><D106/><U35/><E35/><V67/><F95/><W113/><G113/><T58/><D0/><U87/><E87/><V27/><F85/><N who="3" m="50359" /><G73/><T92/><D92/><U59/><E70/><V128/><F27/><W119/><G9/><N who="0" m="6415" /><D58/><U5/><E5/><V65/><F128/><W81/><G10/><T97/><N who="0" m="37426" /><T31/><DORA hai="130" /><D31/><U14/><E14/><V86/><F7/><W120/><G81/><T28/><D28/><U123/><E39/><V2/><F8/><W133/><G133/><T72/><D72/><U46/><E38/><V21/><F2/><W54/><G19/><T91/><AGARI ba="2,0" hai="80,84,91,101,102" m="6415,37426,47659" machi="91" ten="40,1500,0" yaku="18,1" doraHai="115,130" who="0" fromWho="0" sc="236,21,405,-9,194,-6,165,-6" /><INIT seed="2,0,0,2,0,54" ten="257,396,188,159" oya="2" hai0="31,84,87,8,40,46,96,127,50,15,83,67,122" hai1="77,93,27,5,113,92,35,45,78,49,131,53,105" hai2="118,38,89,23,10,76,61,132,112,104,71,30,99" hai3="60,134,126,18,7,59,21,115,28,9,120,16,1"/><V133/><F118/><W116/><G120/><T107/><D122/><U41/><E105/><V64/><F112/><W43/><G116/><T103/><D107/><U33/><E113/><V95/><F38/><W123/><G123/><T26/><D127/><U94/><E131/><V100/><F76/><W98/><G115/><T58/><D103/><U106/><E106/><V34/><F10/><W73/><G73/><T101/><D83/><U47/><E5/><V25/><REACH who="2" step="1"/><F23/><REACH who="2" ten="257,396,178,159" step="2"/><W74/><G21/><T51/><D8/><U56/><E78/><V90/><F90/><W29/><G9/><T117/><D117/><U6/><E77/><V124/><F124/><W114/><G126/><T70/><D101/><U72/><E35/><V11/><F11/><W32/><G114/><T129/><D129/><U97/><E33/><V12/><F12/><W3/><G32/><T44/><D15/><U91/><E6/><V48/><F48/><W111/><G7/><T36/><D50/><U65/><E91/><V88/><F88/><W82/><G1/><T85/><D51/><U110/><E49/><V62/><F62/><W55/><G3/><T37/><D36/><U125/><E125/><V13/><F13/><W22/><G22/><T0/><D37/><U119/><E119/><V108/><F108/><W81/><G111/><T109/><D0/><U63/><E110/><V19/><F19/><W86/><G16/><T68/><D109/><U66/><E63/><V75/><F75/><W128/><G18/><T14/><D14/><U2/><E72/><V4/><F4/><W42/><G74/><RYUUKYOKU ba="0,1" sc="257,-10,396,-10,178,30,159,-10" hai2="25,30,34,61,64,71,89,95,99,100,104,132,133" /><INIT seed="2,1,1,4,0,53" ten="247,386,208,149" oya="2" hai0="135,90,113,10,79,70,126,84,92,118,86,134,83" hai1="105,28,65,112,47,69,5,109,21,36,50,18,63" hai2="51,108,71,24,59,75,41,1,77,87,80,129,78" hai3="8,22,119,57,49,102,26,67,132,62,16,107,58"/><V97/><F71/><W85/><G119/><T19/><D113/><U35/><E112/><V25/><F1/><W66/><G132/><T45/><D118/><U98/><E109/><V42/><F129/><W2/><G107/><T123/><D123/><U3/><E36/><V96/><F108/><W38/><G38/><T9/><D70/><U116/><E116/><V106/><F75/><W56/><G102/><T128/><D128/><U60/><E60/><V93/><F106/><W125/><G125/><T27/><D45/><U73/><E73/><V130/><F130/><W4/><G67/><T76/><D126/><U13/><E3/><V23/><F78/><W30/><G49/><T110/><D76/><U11/><E50/><V104/><F104/><W103/><G103/><T111/><D111/><U88/><E47/><V64/><F97/><W127/><G127/><T46/><D46/><U37/><E37/><V121/><F121/><W0/><G0/><T15/><D27/><N who="2" m="10314" /><F23/><W31/><REACH who="3" step="1"/><G85/><REACH who="3" ten="247,386,208,139" step="2"/><T72/><D110/><U6/><E105/><V101/><F51/><W89/><G89/><T55/><D72/><U117/><E117/><V48/><F48/><W33/><G33/><T114/><D114/><U17/><E35/><V124/><F124/><W52/><G52/><T133/><D55/><U131/><E131/><V12/><F64/><W44/><G44/><T61/><D61/><U81/><E63/><V94/><F101/><W115/><G115/><T40/><D40/><U68/><E65/><V29/><F41/><W20/><G20/><AGARI ba="1,2" hai="9,10,15,19,20,79,83,84,86,90,92,133,134,135" machi="20" ten="40,1300,0" yaku="20,1" doraHai="53" who="0" fromWho="3" sc="247,36,386,0,208,0,139,-16" /><INIT seed="3,0,0,4,1,132" ten="283,386,208,123" oya="3" hai0="2,16,14,88,39,110,90,80,30,64,86,58,87" hai1="83,22,55,12,78,105,23,107,131,102,120,82,57" hai2="92,38,0,71,77,8,60,56,98,114,63,104,25" hai3="4,45,129,109,11,133,36,54,69,135,13,37,18"/><W29/><G69/><T42/><D110/><U41/><E120/><V134/><F38/><W28/><G109/><T125/><D2/><U50/><E131/><V59/><F114/><W66/><G66/><T117/><D117/><U43/><E107/><V17/><F134/><N who="3" m="51211" /><G129/><T101/><D30/><N who="3" m="11881" /><G4/><T32/><D101/><U26/><E105/><V67/><F104/><W61/><G61/><T47/><D32/><U49/><E102/><V94/><F71/><W20/><G20/><T93/><D64/><U84/><E83/><V15/><F0/><W33/><G33/><T9/><REACH who="0" step="1"/><D58/><REACH who="0" ten="273,386,208,123" step="2"/><U76/><E57/><V79/><F59/><W119/><G119/><T65/><D65/><U21/><E26/><V96/><F63/><W72/><G72/><T24/><D24/><U97/><E97/><V27/><F25/><W35/><G35/><T106/><D106/><U5/><E12/><V53/><F27/><W68/><G68/><T127/><AGARI ba="0,1" hai="9,14,16,39,42,47,80,86,87,88,90,93,125,127" machi="127" ten="30,12000,2" yaku="1,1,0,1,52,2,54,2,53,0" doraHai="132" doraHaiUra="108" who="0" fromWho="0" sc="273,130,386,-30,208,-30,123,-60" owari="403,50.0,356,16.0,178,-22.0,63,-44.0" /></mjloggm>