<mjloggm ver="2.3"><GO type="97" lobby="0"/><UN n0="%E3%82%A6%E3%83%AB%E3%83%88%E3%83%A9%E7%AB%8B%E7%9B%B4" n1="%6E%61%72%72%6F%77%31%39" n2="%6D%68%69%6D%61" n3="%58%4C%31%32%30%30%52" dan="15,14,14,13" rate="2040.35,2017.13,1973.95,1841.42" sx="M,M,M,M"/><TAIKYOKU oya="0"/><INIT seed="0,0,0,2,0,52" ten="250,250,250,250" oya="0" hai0="108,66,76,135,17,73,115,91,80,118,25,54,132" hai1="13,97,121,41,105,62,95,6,5,38,12,68,26" hai2="21,103,131,67,110,48,119,33,102,18,92,9,116" hai3="44,7,84,55,117,31,123,134,11,23,34,128,22"/><T37/><D118/><N who="2" m="45098" /><F33/><W111/><G117/><T56/><D115/><U109/><E105/><V10/><F131/><W133/><G123/><T77/><D37/><U8/><E121/><V100/><F110/><W32/><G128/><T99/><D66/><U75/><E75/><V35/><F35/><N who="3" m="13355" /><G84/><T72/><D108/><U64/><E109/><V40/><F92/><W51/><G111/><T74/><D77/><U15/><E26/><N who="2" m="14647" /><F67/><W101/><G31/><T125/><D125/><U83/><E83/><V112/><F112/><W39/><G101/><N who="2" m="25857" /><V87/><DORA hai="27" /><F87/><W43/><G43/><T90/><D99/><U129/><E129/><V59/><F40/><W50/><G39/><T78/><D73/><U53/><E41/><V28/><F28/><W88/><G50/><T69/><D74/><U16/><E38/><V49/><F49/><W120/><G120/><T36/><D36/><U94/><E97/><V57/><F48/><W126/><G126/><T114/><D114/><U46/><E53/><V96/><F96/><W42/><G42/><T1/><D72/><U70/><E95/><V71/><F71/><W29/><G29/><T89/><D69/><U130/><E94/><V98/><F98/><W93/><G93/><T104/><D104/><U24/><E70/><V19/><F19/><W58/><G51/><N who="0" m="30815" /><D80/><U63/><E130/><V30/><F30/><W20/><G55/><T0/><D78/><U81/><E81/><V2/><F2/><N who="0" m="1130" /><D76/><U82/><E82/><V106/><F106/><W85/><G85/><T79/><D79/><U60/><E68/><V47/><F47/><RYUUKYOKU ba="0,0" sc="250,15,250,-15,250,15,250,-15" hai0="17,25,89,90,91,132,135" hai2="9,10,57,59" /><INIT seed="0,1,0,1,1,101" ten="265,235,265,235" oya="0" hai0="74,75,43,72,15,57,50,14,131,49,56,46,36" hai1="11,1,20,58,5,21,24,32,19,61,82,30,109" hai2="34,37,98,96,128,116,44,113,86,25,129,103,104" hai3="53,135,91,59,47,69,10,63,84,8,39,2,87"/><T68/><D68/><U107/><E107/><N who="2" m="63975" /><F113/><W134/><G69/><T28/><D28/><U65/><E82/><V12/><F12/><W23/><G2/><T111/><D131/><N who="2" m="50250" /><F86/><W54/><G23/><T79/><D79/><U64/><E21/><V105/><F98/><W81/><G87/><T123/><D123/><U45/><E45/><V112/><F112/><W119/><G119/><T9/><D111/><U90/><E90/><V55/><F116/><W88/><G91/><T13/><REACH who="0" step="1"/><D9/><REACH who="0" ten="255,235,265,235" step="2"/><U27/><E109/><V115/><F115/><W100/><G8/><T66/><D66/><AGARI ba="1,1" hai="1,5,11,19,20,24,27,30,32,58,61,64,65,66" machi="66" ten="30,1000,0" yaku="7,1" doraHai="101" who="1" fromWho="0" sc="255,-13,235,23,265,0,235,0" /><INIT seed="1,0,0,5,4,21" ten="242,258,265,235" oya="1" hai0="10,131,126,65,100,50,89,61,72,134,79,54,82" hai1="130,44,88,107,28,78,23,115,3,15,2,98,93" hai2="37,92,4,96,135,73,48,128,113,39,25,76,58" hai3="129,87,110,99,56,33,84,1,119,32,38,111,124"/><U46/><E115/><V7/><F113/><W12/><G38/><T43/><D126/><U86/><E130/><V22/><F128/><W52/><G1/><T34/><D34/><U63/><E2/><V19/><F135/><W40/><G40/><T125/><D134/><U51/><E3/><V66/><F39/><W41/><G41/><T18/><D125/><U77/><E63/><V112/><F37/><W36/><G36/><T35/><D35/><U95/><E107/><V8/><F112/><W42/><G42/><T102/><D43/><N who="1" m="24991" /><E46/><V20/><F8/><W55/><G124/><T106/><D106/><U123/><E123/><V101/><F76/><W83/><G119/><T67/><D67/><U62/><E62/><N who="2" m="38231" /><F48/><W97/><G129/><T90/><D131/><U30/><E15/><N who="2" m="9343" /><F73/><W31/><G12/><N who="0" m="7447" /><D72/><U74/><E74/><V133/><F133/><W14/><G14/><T0/><D0/><U70/><E70/><V109/><F109/><W45/><G110/><T27/><D61/><U49/><E49/><V64/><F64/><W116/><G111/><T24/><D65/><U122/><E122/><V11/><F11/><W117/><G116/><T103/><D54/><U60/><E60/><V13/><F13/><W85/><G117/><T47/><D50/><U9/><E9/><V80/><F80/><W114/><G83/><T59/><D47/><U68/><E68/><V108/><F108/><W26/><G114/><T104/><D104/><U75/><E75/><V6/><F6/><W118/><G118/><T127/><D127/><U29/><E23/><V105/><F105/><RYUUKYOKU ba="0,0" sc="242,-15,258,15,265,15,235,-15" hai1="28,29,30,77,78,86,88,93,95,98" hai2="4,7,22,25,92,96,101" /><INIT seed="1,1,0,1,3,135" ten="227,273,280,220" oya="1" hai0="110,130,57,46,11,17,81,134,29,76,21,100,14" hai1="38,119,85,44,28,52,92,72,116,49,59,83,62" hai2="30,9,26,43,60,48,133,42,121,117,15,71,45" hai3="89,54,5,32,69,79,18,90,122,78,125,70,107"/><U77/><E38/><V65/><F133/><W88/><G122/><T35/><D110/><U113/><E113/><V1/><F1/><W115/><G107/><T128/><D130/><U50/><E50/><V101/><F101/><W33/><G115/><T108/><D134/><U67/><E28/><V86/><F86/><W104/><G104/><T106/><D108/><U37/><E37/><V19/><F121/><W82/><G5/><T36/><D128/><U96/><REACH who="1" step="1"/><E72/><REACH who="1" ten="227,263,280,220" step="2"/><V93/><F117/><W111/><G111/><T0/><D36/><U61/><E61/><V118/><F118/><W10/><G70/><T98/><D29/><U13/><E13/><V114/><F114/><W68/><G69/><T120/><D120/><U109/><E109/><V55/><F93/><W34/><G68/><T58/><D35/><AGARI ba="1,1" hai="9,15,19,26,30,35,42,43,45,48,55,60,65,71" machi="35" ten="30,1000,0" yaku="7,1" doraHai="135" who="2" fromWho="0" sc="227,-13,263,0,280,23,220,0" /><INIT seed="2,0,0,3,1,51" ten="214,263,303,220" oya="2" hai0="120,125,93,65,112,30,90,24,87,119,26,40,16" hai1="48,31,108,44,117,49,52,85,130,4,74,29,11" hai2="17,20,72,102,66,118,86,25,14,57,34,103,127" hai3="71,9,2,59,101,128,64,45,81,75,105,58,94"/><V15/><F72/><W32/><G32/><T55/><D120/><U129/><E74/><V115/><F115/><W91/><G128/><N who="1" m="49258" /><E117/><V39/><F39/><W73/><G71/><T22/><D125/><U92/><E108/><V79/><F127/><W36/><G36/><T107/><D107/><U80/><E92/><V131/><F131/><W133/><G133/><T99/><D112/><U100/><E100/><N who="2" m="38443" /><F34/><W68/><G68/><T0/><D0/><N who="1" m="391" /><E48/><V134/><F134/><W54/><G105/><T61/><D119/><U56/><E56/><V43/><F43/><W132/><G132/><T78/><D40/><U27/><E27/><V50/><F118/><W123/><G123/><T67/><D26/><U3/><E3/><V23/><F23/><W13/><G2/><T8/><D8/><U116/><E116/><V37/><F37/><W46/><G73/><T38/><D38/><U95/><E95/><V106/><F106/><W122/><G75/><T83/><D30/><U111/><E111/><V113/><F113/><W33/><G33/><T96/><D96/><U1/><E1/><V42/><F42/><W19/><G122/><T97/><D97/><U121/><E121/><V124/><F124/><W10/><G101/><T89/><D89/><AGARI ba="0,0" hai="29,31,44,49,52,80,85,89" m="391,49258" machi="89" ten="30,3900,0" yaku="19,1,52,1,54,1" doraHai="51" who="1" fromWho="0" sc="214,-39,263,39,303,0,220,0" /><INIT seed="3,0,0,0,2,74" ten="175,302,303,220" oya="3" hai0="20,0,86,37,79,113,108,76,135,9,78,64,32" hai1="46,24,117,5,33,69,53,124,50,47,1,67,94" hai2="72,43,60,27,100,70,18,131,36,118,93,35,19" hai3="84,121,40,111,119,97,127,87,112,102,45,51,104"/><W21/><G121/><T68/><D32/><U116/><E124/><V52/><F118/><N who="1" m="45673" /><E94/><V12/><F72/><W14/><G119/><T26/><D37/><U29/><E5/><V66/><F131/><W62/><G112/><T16/><D135/><U39/><E1/><V23/><F43/><W122/><G122/><T95/><D113/><U132/><E132/><V56/><F36/><W98/><G127/><T17/><D108/><U110/><E110/><V34/><F93/><W125/><G125/><T88/><D0/><U2/><E2/><V81/><F81/><W6/><G111/><T103/><D103/><U41/><E67/><V31/><F100/><W3/><G3/><T129/><D129/><U28/><E28/><V77/><F77/><W80/><G98/><T44/><D44/><U10/><E10/><V115/><F115/><W92/><G104/><T49/><D49/><U4/><E4/><V101/><F101/><W57/><G80/><T30/><REACH who="0" step="1"/><D9/><REACH who="0" ten="165,302,303,220" step="2"/><U96/><E69/><V61/><F31/><W73/><G73/><T82/><D82/><U130/><E130/><V91/><F91/><W134/><G134/><T55/><D55/><U7/><E53/><V42/><F42/><W126/><G126/><T11/><D11/><AGARI ba="0,1" hai="11,12,18,19,23,27,34,35,52,56,60,61,66,70" machi="11" ten="30,2000,0" yaku="7,1,54,1" doraHai="74" who="2" fromWho="0" sc="165,-20,302,0,303,30,220,0" owari="145,-35.0,302,10.0,333,43.0,220,-18.0" /></mjloggm>