<mjloggm ver="2.3"><GO type="41" lobby="0"/><UN n0="%E3%83%90%E3%82%A4%E3%82%A2%E3%83%A9%E3%83%B3" n1="%E3%83%9D%E3%83%9D%E3%83%B3%53" n2="%6B%6F%68%34%31%32" n3="%E3%82%A6%E3%83%AB%E3%83%88%E3%83%A9%E7%AB%8B%E7%9B%B4" dan="15,15,15,16" rate="2102.04,1933.02,1998.09,2063.71" sx="M,M,M,M"/><TAIKYOKU oya="0"/><INIT seed="0,0,0,4,1,22" ten="250,250,250,250" oya="0" hai0="128,2,19,64,82,102,65,75,96,129,24,5,61" hai1="34,45,92,53,11,0,76,52,67,66,107,80,73" hai2="100,51,88,63,28,99,90,7,23,105,9,27,47" hai3="79,133,43,13,59,121,38,6,131,18,10,32,110"/><T68/><D65/><U78/><E107/><V48/><F63/><W97/><G121/><T41/><D41/><U31/><E78/><V120/><F120/><W25/><G131/><N who="0" m="50251" /><D2/><U72/><E72/><V30/><F30/><W91/><G133/><T125/><D5/><U12/><E0/><V8/><F51/><W83/><G110/><T95/><D125/><U49/><E31/><V114/><F114/><W56/><G43/><T62/><D62/><U111/><E34/><V124/><F124/><W127/><G38/><T85/><D75/><U50/><E92/><V113/><F113/><W77/><G127/><T104/><D104/><U89/><E111/><V87/><F87/><W14/><G32/><T106/><D95/><U86/><E76/><V115/><F115/><W16/><G6/><T117/><D117/><U3/><E3/><V74/><F74/><W116/><G116/><T109/><D109/><U81/><E81/><V35/><F35/><W122/><G122/><T33/><D85/><U58/><REACH who="1" step="1"/><E73/><REACH who="1" ten="250,240,250,250" step="2"/><V4/><F4/><AGARI ba="0,1" hai="4,11,12,45,49,50,52,53,58,66,67,80,86,89" machi="4" ten="30,8000,1" yaku="1,1,2,1,7,1,8,1,54,1,53,0" doraHai="22" doraHaiUra="98" who="1" fromWho="2" sc="250,0,240,90,250,-80,250,0" /><INIT seed="1,0,0,0,0,66" ten="250,330,170,250" oya="1" hai0="47,118,1,0,53,91,79,106,41,31,40,29,59" hai1="50,57,27,115,30,102,110,2,113,107,100,11,123" hai2="23,95,90,116,37,26,135,111,67,35,25,6,124" hai3="33,86,85,7,65,13,75,18,42,17,120,88,60"/><U73/><E73/><V58/><F116/><W82/><G33/><T80/><D106/><U78/><E78/><V5/><F37/><W72/><G120/><T16/><D41/><U109/><E123/><V101/><F111/><W56/><G7/><T125/><D0/><U121/><E121/><V48/><F135/><W64/><G42/><T20/><D1/><U92/><E107/><V22/><F35/><W114/><G114/><T70/><D70/><U54/><E11/><V89/><F124/><W108/><G108/><N who="1" m="41578" /><E2/><V112/><F101/><N who="1" m="39017" /><E92/><V28/><F112/><W43/><G43/><T46/><D40/><U34/><AGARI ba="0,0" hai="27,30,34,50,54,57,113,115" m="39017,41578" machi="34" ten="30,3000,0" yaku="14,1,10,1" doraHai="66" who="1" fromWho="1" sc="250,-10,330,30,170,-10,250,-10" /><INIT seed="1,1,0,2,1,18" ten="240,360,160,240" oya="1" hai0="116,91,23,86,42,54,128,98,106,132,11,32,63" hai1="8,40,111,35,96,3,93,43,7,2,30,57,101" hai2="123,22,131,61,10,118,109,45,48,38,5,55,14" hai3="69,88,60,97,70,102,76,112,49,87,125,19,46"/><U117/><E117/><V34/><F118/><W113/><G76/><T59/><D32/><U115/><E115/><V52/><F123/><W12/><G125/><T27/><D116/><U53/><E3/><V78/><F131/><W4/><G4/><T103/><D128/><U0/><E0/><V65/><F109/><W108/><G108/><T15/><D132/><U126/><E111/><V107/><F107/><W9/><G70/><T79/><D79/><U81/><E126/><V73/><F34/><W71/><G71/><T58/><D42/><U66/><E66/><V16/><F38/><W89/><G89/><T51/><D11/><U135/><E135/><V56/><F78/><W24/><G24/><T29/><D15/><U92/><E81/><V1/><REACH who="2" step="1"/><F73/><REACH who="2" ten="240,360,150,240" step="2"/><W28/><G113/><T67/><D106/><U133/><E133/><V20/><F20/><W134/><G112/><T75/><D75/><U100/><E30/><V90/><F90/><W17/><G28/><T127/><D127/><U26/><E26/><V77/><F77/><W104/><G134/><T105/><D91/><U114/><E114/><V36/><F36/><W124/><G124/><T6/><D105/><U37/><E37/><V129/><F129/><W120/><G120/><T130/><D130/><U80/><E35/><V21/><F21/><W62/><G104/><T83/><D27/><U47/><E47/><V119/><F119/><W85/><G46/><T31/><D29/><U99/><E80/><V84/><F84/><W39/><G87/><T13/><D86/><U25/><E25/><V68/><F68/><RYUUKYOKU ba="1,1" sc="240,-15,360,15,150,15,240,-15" hai1="2,7,8,40,43,53,57,92,93,96,99,100,101" hai2="1,5,10,14,16,22,45,48,52,55,56,61,65" /><INIT seed="1,2,1,5,5,49" ten="225,375,165,225" oya="1" hai0="37,91,9,66,119,125,81,110,46,70,85,25,28" hai1="15,64,13,102,84,124,17,3,24,132,118,58,31" hai2="93,23,75,97,105,40,86,121,12,78,109,126,106" hai3="42,55,1,6,76,74,96,61,127,116,95,2,112"/><U87/><E3/><V44/><F121/><W56/><G112/><T135/><D119/><U80/><E118/><V123/><F109/><W89/><G116/><T68/><D110/><U63/><E132/><V69/><F69/><W0/><G127/><T73/><D73/><U43/><E124/><V8/><F123/><W131/><G131/><T134/><D66/><U60/><E43/><V27/><F126/><W100/><G42/><N who="0" m="22863" /><D9/><U83/><E102/><V82/><F75/><W129/><G129/><T51/><D51/><U5/><E5/><V33/><F33/><W122/><G122/><T4/><D4/><U65/><E17/><V101/><F12/><W114/><G114/><T117/><D117/><U10/><E10/><V88/><F8/><W41/><G41/><T19/><D19/><U92/><E92/><V99/><F97/><W14/><G14/><T20/><D125/><U98/><E98/><V30/><REACH who="2" step="1"/><F78/><REACH who="2" ten="225,375,155,225" step="2"/><W120/><G120/><T115/><D115/><U11/><E11/><V21/><F21/><W16/><G76/><T18/><D135/><U103/><E103/><V90/><F90/><W48/><G74/><T67/><D134/><U29/><E24/><V104/><F104/><W52/><G100/><T133/><D133/><U34/><E34/><V32/><F32/><W45/><G6/><T71/><D71/><U128/><E128/><V72/><F72/><W50/><G2/><T54/><D70/><U94/><E94/><V62/><F62/><W107/><G1/><T77/><D68/><U22/><E22/><V59/><F59/><AGARI ba="2,2" hai="13,15,29,31,58,59,60,63,64,65,80,83,84,87" machi="59" ten="25,4800,0" yaku="22,2,8,1" doraHai="49" who="1" fromWho="2" sc="225,0,375,74,155,-54,225,0" /><INIT seed="1,3,0,3,0,90" ten="225,449,101,225" oya="1" hai0="127,94,128,105,108,80,18,37,27,132,31,82,121" hai1="49,95,47,84,129,15,89,116,45,21,133,102,43" hai2="93,0,104,119,52,130,5,76,125,51,97,86,58" hai3="17,62,68,13,126,113,91,74,123,38,23,14,57"/><U4/><E116/><V135/><F119/><W73/><G68/><T42/><D105/><U75/><E75/><V19/><F130/><W85/><G123/><T110/><D128/><U41/><E129/><V3/><F135/><W101/><G38/><T134/><D37/><U34/><E34/><V24/><F104/><W103/><G113/><T81/><D42/><U106/><E133/><N who="0" m="51305" /><D121/><U111/><E111/><N who="0" m="42537" /><D127/><U78/><E78/><V2/><F125/><W69/><G69/><T63/><D63/><U48/><E106/><V99/><F99/><W20/><G126/><T114/><D114/><U100/><E21/><V107/><F107/><W32/><G32/><N who="0" m="20607" /><D18/><U72/><E72/><V6/><F19/><N who="3" m="10351" /><G74/><T61/><D61/><U9/><AGARI ba="3,0" hai="4,9,15,41,43,45,47,48,49,84,89,95,100,102" machi="9" ten="30,11700,0" yaku="0,1,9,1,8,1,52,1" doraHai="90" who="1" fromWho="1" sc="225,-42,449,126,101,-42,225,-42" /><INIT seed="1,4,0,2,0,54" ten="183,575,59,183" oya="1" hai0="29,45,94,16,41,125,63,2,88,112,52,22,59" hai1="68,120,79,53,92,131,77,124,126,119,21,44,4" hai2="103,84,74,14,47,50,104,11,100,73,117,99,129" hai3="71,66,95,51,19,39,121,133,24,28,113,130,135"/><U90/><E120/><V35/><F117/><W111/><G39/><T128/><D128/><U5/><E68/><V6/><F129/><W83/><G121/><T65/><D125/><U67/><E131/><V98/><F35/><W101/><G130/><T25/><D2/><U46/><E67/><V87/><F74/><W102/><G113/><T27/><D112/><U30/><E119/><V57/><F73/><W10/><G83/><T76/><D76/><U70/><E70/><V132/><F132/><W64/><G71/><T56/><D41/><U1/><E30/><V37/><F37/><W48/><G28/><T0/><D45/><U116/><E116/><V40/><REACH who="2" step="1"/><F57/><REACH who="2" ten="183,575,49,183" step="2"/><W12/><G133/><T85/><D0/><U82/><E21/><V18/><F18/><W20/><G135/><T78/><D78/><U96/><E79/><V114/><F114/><W55/><G20/><N who="0" m="15591" /><D59/><U80/><E80/><V97/><F97/><W122/><G122/><T93/><D65/><U118/><E118/><V9/><F9/><W60/><G64/><T61/><D61/><U42/><E5/><V31/><F31/><W107/><G66/><T38/><D38/><N who="1" m="21591" /><E4/><V43/><F43/><W15/><G60/><T110/><D110/><U49/><E1/><V127/><F127/><W91/><G111/><T62/><D62/><U89/><E77/><V115/><F115/><W33/><G33/><T72/><D72/><U108/><E108/><V134/><F134/><W23/><G10/><T86/><D86/><U17/><E17/><V75/><F75/><W123/><G19/><T58/><D58/><RYUUKYOKU ba="4,1" sc="183,10,575,10,49,10,183,-30" hai0="16,22,25,52,56,63,85,88,93,94" hai1="46,49,53,82,89,90,92,96,124,126" hai2="6,11,14,40,47,50,84,87,98,99,100,103,104" /><INIT seed="1,5,1,5,3,42" ten="193,585,59,153" oya="1" hai0="64,61,119,131,53,27,25,106,133,16,104,12,127" hai1="49,90,46,19,88,79,6,65,9,123,93,26,99" hai2="113,100,101,7,44,81,105,108,71,55,47,84,13" hai3="97,72,38,59,96,43,78,30,58,14,82,8,22"/><U36/><E36/><V35/><F35/><W117/><G117/><T40/><D119/><U24/><E123/><V135/><F71/><W56/><G22/><T69/><D133/><U83/><E90/><V66/><F135/><W33/><G30/><T2/><D2/><U80/><E65/><V102/><F105/><W128/><G33/><T86/><D40/><U5/><E5/><V124/><F113/><W4/><REACH who="3" step="1"/><G128/><REACH who="3" ten="193,585,59,143" step="2"/><T48/><D131/><U116/><E116/><V15/><F124/><W31/><G31/><T107/><D127/><U95/><E95/><V109/><F108/><W125/><G125/><T52/><D107/><U110/><E110/><V130/><F109/><W62/><G62/><T20/><D106/><U57/><E57/><V92/><F130/><W63/><G63/><T60/><D60/><U68/><E68/><V37/><F66/><W17/><G17/><T122/><D104/><U76/><E19/><V11/><F92/><W29/><G29/><T51/><D122/><U21/><E21/><V10/><F37/><W28/><G28/><T39/><D39/><U132/><E132/><V18/><REACH who="2" step="1"/><F55/><REACH who="2" ten="193,585,49,143" step="2"/><W75/><G75/><T134/><D53/><U114/><E114/><V126/><F126/><W94/><G94/><T73/><D73/><U120/><E120/><V41/><F41/><W77/><G77/><AGARI ba="5,3" hai="7,10,11,13,15,18,44,47,77,81,84,100,101,102" machi="77" ten="40,8000,1" yaku="1,1,8,1,52,2,53,0" doraHai="42" doraHaiUra="32" who="2" fromWho="3" sc="193,0,585,0,49,125,143,-95" /><INIT seed="2,0,0,5,1,28" ten="193,585,174,48" oya="2" hai0="133,35,98,60,82,67,90,33,27,57,115,3,44" hai1="58,8,122,31,118,89,125,113,135,39,17,23,86" hai2="61,105,9,2,36,30,88,47,80,116,18,32,43" hai3="128,126,38,50,84,123,119,85,93,19,124,22,103"/><V26/><F116/><W73/><G38/><T4/><D115/><U111/><E118/><V96/><F105/><W104/><G119/><T83/><D27/><U34/><E39/><V53/><F2/><W68/><G68/><T63/><D44/><U107/><E107/><V54/><F61/><W69/><G69/><T14/><D3/><U0/><E113/><V1/><F1/><W97/><G123/><T12/><D57/><U92/><E122/><V117/><F117/><W11/><G73/><T49/><D49/><U131/><E131/><V129/><F129/><W77/><G128/><T70/><D70/><U42/><E42/><V87/><REACH who="2" step="1"/><F96/><REACH who="2" ten="193,585,164,48" step="2"/><W74/><G104/><T134/><D98/><U56/><E125/><V15/><AGARI ba="0,1" hai="9,15,18,26,30,32,36,43,47,53,54,80,87,88" machi="15" ten="30,12000,1" yaku="1,1,2,1,0,1,52,1,54,1,53,0" doraHai="28" doraHaiUra="64" who="2" fromWho="2" sc="193,-40,585,-40,164,130,48,-40" /><INIT seed="2,1,0,0,0,25" ten="153,545,294,8" oya="2" hai0="26,51,22,134,4,50,38,90,74,79,45,101,44" hai1="86,19,27,72,35,104,31,115,117,116,93,48,53" hai2="89,40,1,106,122,100,129,46,120,77,21,102,98" hai3="128,114,67,61,99,3,17,96,57,124,55,11,10"/><V75/><F129/><W131/><G3/><T113/><D38/><U91/><E104/><V7/><F1/><W80/><G124/><T76/><D74/><U103/><E72/><V109/><F109/><W58/><G114/><T126/><D101/><U83/><E115/><V37/><F7/><W73/><G73/><T24/><D134/><U63/><E63/><V49/><F100/><W12/><G80/><T8/><D126/><U56/><E103/><V130/><F130/><N who="3" m="49707" /><G11/><T54/><D26/><U5/><E5/><V107/><F106/><W105/><G105/><T14/><D90/><U123/><E123/><V47/><F89/><W88/><G88/><T135/><D135/><U18/><E83/><V6/><F77/><W59/><G55/><T132/><D132/><U23/><REACH who="1" step="1"/><E18/><REACH who="1" ten="153,535,294,8" step="2"/><V112/><F75/><W43/><G43/><T97/><D113/><U39/><E39/><V92/><F6/><W95/><G95/><T82/><D82/><U52/><E52/><V127/><F92/><W94/><G94/><T85/><D54/><U32/><E32/><V111/><F127/><W70/><AGARI ba="1,1" hai="10,12,17,57,58,59,61,67,70,96,99" m="49707" machi="70" ten="30,1100,0" yaku="19,1" doraHai="25" who="3" fromWho="3" sc="153,-4,535,-4,294,-6,8,24" /><INIT seed="3,0,0,4,1,50" ten="149,531,288,32" oya="3" hai0="66,13,109,42,122,64,125,111,17,52,49,98,65" hai1="90,71,12,51,73,87,24,132,11,124,130,114,131" hai2="94,21,18,78,54,31,91,117,7,69,19,104,30" hai3="74,115,34,83,96,77,105,29,113,89,60,39,93"/><W22/><G39/><T63/><D122/><U68/><E73/><V97/><F69/><W70/><G22/><N who="0" m="11567" /><D98/><U72/><E72/><V110/><F7/><W112/><G29/><T10/><D42/><U23/><E114/><V45/><F117/><W92/><G34/><T41/><D41/><U37/><E37/><V67/><F67/><W123/><G70/><T36/><D10/><U57/><E132/><V55/><F78/><W8/><G8/><T135/><D36/><U84/><E84/><V1/><F1/><W133/><G60/><T16/><D135/><U47/><E57/><V56/><F104/><W88/><G133/><T14/><D125/><U127/><E71/><V40/><F19/><W86/><G105/><T100/><D100/><U79/><E79/><V81/><F81/><W35/><G35/><T38/><D38/><U134/><E68/><V2/><F2/><W53/><REACH who="3" step="1"/><G53/><REACH who="3" ten="149,531,288,22" step="2"/><T61/><D61/><U85/><E134/><V95/><F54/><W15/><G15/><T5/><D63/><U62/><E62/><V80/><F31/><W75/><G75/><T27/><D65/><U116/><E116/><V32/><F30/><W43/><G43/><T99/><D64/><U106/><E106/><V102/><F32/><W20/><G20/><T6/><D14/><U101/><E11/><V0/><F40/><W48/><G48/><T108/><D66/><U26/><E12/><V128/><F0/><W58/><G58/><T120/><D49/><U82/><E23/><V107/><F21/><W121/><AGARI ba="0,1" hai="74,77,83,86,88,89,92,93,96,112,113,115,121,123" machi="121" ten="40,18000,2" yaku="1,1,0,1,34,3,54,1,53,0" doraHai="50" doraHaiUra="46" who="3" fromWho="3" sc="149,-60,531,-60,288,-60,22,190" /><INIT seed="3,1,0,5,3,9" ten="89,471,228,212" oya="3" hai0="13,70,36,21,60,93,123,95,51,72,49,14,71" hai1="28,55,105,61,22,34,111,113,76,121,41,65,126" hai2="68,91,30,109,115,74,6,35,77,37,16,103,135" hai3="132,39,64,90,88,24,97,11,18,112,130,17,25"/><W127/><G112/><T46/><D60/><U110/><E113/><V5/><F68/><W84/><G39/><T58/><D46/><U92/><E105/><V83/><F115/><W3/><G127/><T122/><D21/><U131/><E121/><V94/><F37/><W67/><G130/><T128/><D58/><U8/><E131/><V66/><F66/><W106/><G132/><T117/><D36/><U101/><E34/><V0/><F0/><W73/><G73/><T23/><D23/><U69/><E126/><V98/><F135/><W54/><G54/><T15/><D72/><U56/><E76/><V59/><F59/><W57/><G57/><T116/><REACH who="0" step="1"/><D14/><REACH who="0" ten="79,471,228,212" step="2"/><U63/><E41/><V62/><F62/><W19/><G67/><T10/><D10/><U87/><E87/><V32/><F35/><W12/><G64/><T53/><D53/><U100/><E8/><V43/><F32/><W7/><G3/><T33/><D33/><U82/><E82/><V125/><F83/><N who="3" m="49183" /><G106/><T86/><D86/><U102/><REACH who="1" step="1"/><E92/><AGARI ba="1,1" hai="7,11,12,17,18,19,24,25,90,92,97" m="49183" machi="92" ten="30,5800,0" yaku="8,1,52,1,54,1" doraHai="9" who="3" fromWho="1" sc="79,0,471,-61,228,0,212,71" /><INIT seed="3,2,0,3,3,132" ten="79,410,228,283" oya="3" hai0="95,122,86,84,8,2,38,130,10,43,13,54,101" hai1="4,77,19,53,62,5,32,34,91,31,70,57,116" hai2="135,74,49,131,14,36,59,129,60,27,119,66,75" hai3="20,46,125,87,96,30,81,89,78,51,9,37,79"/><W90/><G37/><T107/><D107/><U29/><E116/><V58/><F119/><W123/><G123/><T121/><D130/><N who="2" m="49674" /><F36/><W26/><G125/><T69/><D69/><U110/><E110/><V25/><F135/><W65/><G65/><T15/><D43/><U92/><E70/><V100/><F100/><W103/><G90/><T22/><D38/><U85/><E34/><V111/><F14/><W71/><G71/><T73/><D101/><U48/><E77/><V12/><F12/><W0/><G0/><T67/><D67/><U45/><E19/><V76/><F111/><W33/><G33/><T112/><D95/><U117/><E117/><V126/><F126/><W55/><REACH who="3" step="1"/><G9/><REACH who="3" ten="79,410,228,273" step="2"/><T23/><D2/><U80/><E32/><V83/><F75/><W88/><G88/><T42/><D73/><U102/><E102/><V128/><F128/><W134/><G134/><T21/><D8/><U47/><E47/><V106/><F74/><W94/><AGARI ba="2,1" hai="20,26,30,46,51,55,78,79,81,87,89,94,96,103" machi="94" ten="20,7800,0" yaku="1,1,0,1,7,1,8,1,53,0" doraHai="132" doraHaiUra="105" who="3" fromWho="3" sc="79,-28,410,-28,228,-28,273,94" /><INIT seed="3,3,0,4,5,104" ten="51,382,200,367" oya="3" hai0="75,70,126,88,49,3,51,76,134,86,115,48,7" hai1="82,74,122,16,102,6,33,2,30,85,109,15,99" hai2="78,113,103,95,25,58,47,124,97,39,8,69,41" hai3="112,5,89,72,38,24,111,56,1,120,12,77,131"/><W119/><G120/><T98/><D70/><U19/><E122/><V79/><F113/><W42/><G112/><T45/><D115/><U31/><E109/><V37/><F69/><W125/><G119/><T90/><D126/><U96/><E6/><V114/><F114/><W94/><G125/><T92/><D134/><U106/><E2/><V20/><F124/><W27/><G111/><T71/><D71/><U4/><E4/><V22/><F37/><W57/><G12/><T132/><D132/><U100/><E33/><V17/><F8/><W110/><G110/><T127/><D127/><U91/><E74/><V121/><F121/><W53/><G131/><T84/><D7/><U123/><E123/><V130/><F130/><W28/><G56/><T14/><D3/><U44/><E44/><V66/><F22/><W87/><G28/><T60/><D60/><U116/><E116/><V29/><F17/><W55/><G55/><T135/><D135/><U52/><E52/><V18/><F18/><W101/><G101/><T80/><D14/><U118/><E19/><V32/><F32/><W54/><G54/><T59/><D59/><U23/><REACH who="1" step="1"/><E118/><REACH who="1" ten="51,372,200,367" step="2"/><V73/><REACH who="2" step="1"/><F73/><REACH who="2" ten="51,372,190,367" step="2"/><W50/><G38/><T35/><D35/><U62/><E62/><AGARI ba="3,2" hai="20,25,29,39,41,47,58,62,66,78,79,95,97,103" machi="62" ten="40,8000,1" yaku="1,1,2,1,25,2,53,1" doraHai="104" doraHaiUra="68" who="2" fromWho="1" sc="51,0,372,-89,190,109,367,0" /><INIT seed="4,0,0,3,2,68" ten="51,283,299,367" oya="0" hai0="80,26,71,76,20,0,34,11,107,41,123,120,55" hai1="62,135,19,40,78,51,10,90,88,53,57,63,108" hai2="134,92,32,46,65,12,9,121,87,42,99,86,95" hai3="15,111,49,6,30,127,58,17,66,52,74,45,48"/><T73/><D107/><U60/><E108/><V47/><F121/><W103/><G74/><T119/><D119/><U115/><E115/><V37/><F32/><W126/><G111/><T128/><D128/><U56/><E135/><V129/><F129/><W22/><G103/><T61/><D41/><U64/><E78/><V24/><F65/><W102/><G102/><T101/><D101/><U25/><E40/><V75/><F75/><W124/><G30/><T70/><D34/><U36/><E36/><V84/><F24/><W110/><G110/><T50/><D0/><U81/><E25/><V131/><F131/><W7/><G66/><T35/><D11/><U117/><E117/><V59/><F47/><W72/><G72/><T118/><D35/><U28/><E28/><V39/><F59/><W83/><G83/><T89/><D89/><U21/><E21/><V113/><F134/><W105/><G105/><T79/><D79/><U77/><E77/><V109/><F109/><W33/><G33/><T69/><D61/><N who="1" m="23659" /><E81/><V98/><F113/><W18/><G17/><T31/><REACH who="0" step="1"/><D118/><REACH who="0" ten="41,283,299,367" step="2"/><U96/><E96/><V43/><F99/><W122/><G122/><T130/><D130/><U114/><E114/><V1/><F98/><W100/><G100/><T4/><D4/><U112/><E112/><V82/><F1/><W27/><G7/><T93/><D93/><U106/><E106/><V44/><F82/><W97/><G97/><T14/><D14/><AGARI ba="0,1" hai="10,14,19,51,53,56,57,63,64,88,90" m="23659" machi="14" ten="30,2000,0" yaku="8,1,54,1" doraHai="68" who="1" fromWho="0" sc="41,-20,283,30,299,0,367,0" /><INIT seed="5,0,0,0,4,32" ten="21,313,299,367" oya="1" hai0="10,95,90,98,117,116,75,4,78,64,125,70,107" hai1="120,61,106,74,72,44,124,17,118,58,54,3,76" hai2="85,18,25,91,5,83,22,73,52,100,53,7,34" hai3="24,6,123,86,108,37,134,8,29,121,67,88,2"/><U47/><E106/><V48/><F100/><W40/><G108/><T110/><D110/><U111/><E111/><V113/><F113/><W55/><G134/><T13/><D125/><U68/><E118/><V119/><F119/><W135/><G135/><T16/><D64/><U9/><E120/><V103/><F103/><W14/><G67/><T104/><D70/><U94/><E124/><V133/><F133/><W115/><G115/><T42/><D107/><U51/><E68/><V31/><F73/><W50/><G40/><T127/><D127/><U28/><E28/><V80/><F80/><W30/><G37/><T1/><D104/><U105/><E105/><V46/><REACH who="2" step="1"/><F53/><REACH who="2" ten="21,313,289,367" step="2"/><W57/><G123/><T81/><REACH who="0" step="1"/><D42/><REACH who="0" ten="11,313,289,367" step="2"/><U0/><E74/><V38/><F38/><W60/><G121/><T79/><D79/><U77/><E77/><V65/><F65/><W21/><G55/><T66/><D66/><U69/><E76/><V87/><F87/><W56/><G86/><T132/><D132/><U101/><E72/><V23/><F23/><AGARI ba="0,2" hai="1,4,10,13,16,23,75,78,81,90,95,98,116,117" machi="23" ten="30,7700,0" yaku="1,1,7,1,52,1,54,1,53,0" doraHai="32" doraHaiUra="45" who="0" fromWho="2" sc="11,97,313,0,289,-77,367,0" /><INIT seed="6,0,0,5,5,49" ten="108,313,212,367" oya="2" hai0="51,6,41,3,30,9,15,31,74,125,21,95,104" hai1="13,88,65,0,92,94,129,61,127,89,108,87,105" hai2="8,122,29,90,86,64,23,16,82,44,103,27,1" hai3="20,116,106,115,102,71,80,118,119,12,98,107,124"/><V73/><F122/><W54/><G71/><T26/><D104/><U28/><E0/><V14/><F103/><W126/><G12/><T45/><D74/><U69/><E129/><V100/><F100/><W10/><G20/><T33/><D125/><N who="3" m="48233" /><G10/><T58/><D31/><U57/><E127/><V34/><F73/><W43/><G43/><T96/><D58/><U32/><E108/><V101/><F101/><W134/><G134/><T38/><D38/><U39/><E39/><V42/><F64/><W75/><G54/><T72/><D72/><U97/><E105/><V77/><F77/><N who="3" m="44095" /><G107/><T62/><D62/><U93/><E93/><V111/><F111/><W130/><G115/><T99/><REACH who="0" step="1"/><D95/><REACH who="0" ten="98,313,212,367" step="2"/><U67/><E69/><V84/><F44/><W109/><G109/><T19/><AGARI ba="0,1" hai="3,6,9,15,19,21,26,30,33,41,45,51,96,99" machi="19" ten="30,12000,2" yaku="1,1,2,1,0,1,24,2,53,1" doraHai="49" doraHaiUra="5" who="0" fromWho="0" sc="98,130,313,-30,212,-60,367,-30" /><INIT seed="7,0,0,2,3,95" ten="228,283,152,337" oya="3" hai0="92,18,126,16,108,63,44,124,135,111,50,130,102" hai1="71,121,97,123,55,75,49,45,100,7,67,131,42" hai2="35,82,2,25,106,57,77,94,60,51,54,5,105" hai3="64,8,113,133,37,89,96,39,12,32,83,28,6"/><W125/><G39/><T132/><D102/><U36/><E75/><V115/><F115/><W31/><G37/><T68/><D92/><U107/><E7/><V87/><F2/><W13/><G32/><T76/><D76/><U53/><E53/><V56/><F5/><W114/><G125/><N who="0" m="48235" /><D16/><U85/><E85/><V78/><F78/><W22/><G31/><T88/><D88/><U129/><E123/><V103/><F35/><W119/><G28/><T127/><D18/><U47/><REACH who="1" step="1"/><E121/><REACH who="1" ten="228,273,152,337" step="2"/><V21/><F25/><W81/><G6/><T84/><D84/><U122/><E122/><V4/><F4/><W52/><G114/><T41/><D127/><U101/><E101/><V61/><F21/><W10/><G113/><T27/><D111/><U15/><E15/><V14/><F14/><W66/><G22/><T72/><D72/><U59/><E59/><V46/><F46/><W128/><G13/><T11/><D44/><U33/><E33/><V30/><F30/><W62/><G12/><T99/><D108/><U29/><E29/><V69/><F69/><W116/><G8/><T48/><D11/><U110/><E110/><V0/><F0/><W38/><G10/><T104/><D68/><U73/><E73/><V9/><F9/><W17/><G17/><T118/><D27/><U34/><E34/><V90/><F103/><W3/><G3/><T74/><D74/><U117/><E117/><V98/><REACH who="2" step="1"/><F51/><REACH who="2" ten="228,273,142,337" step="2"/><W86/><G119/><T134/><D118/><U80/><E80/><V65/><AGARI ba="0,2" hai="54,56,57,60,61,65,77,82,87,90,94,98,105,106" machi="65" ten="20,8000,1" yaku="1,1,2,1,0,1,7,1,52,1,53,0" doraHai="95" doraHaiUra="1" who="2" fromWho="2" sc="228,-20,273,-20,142,100,337,-40" /><INIT seed="8,0,0,4,0,73" ten="208,253,242,297" oya="0" hai0="15,40,57,60,104,35,77,90,43,32,135,110,37" hai1="69,88,91,8,125,5,17,76,49,121,83,27,7" hai2="94,117,3,18,95,24,105,13,97,99,133,92,20" hai3="45,130,46,31,66,44,78,107,9,19,50,33,51"/><T74/><D104/><U63/><E121/><V116/><F133/><W134/><G107/><T68/><D135/><U106/><E106/><V81/><F3/><W75/><G33/><T98/><D68/><U34/><E34/><V111/><F111/><W113/><G113/><T72/><D110/><U47/><E125/><V114/><F114/><W87/><G75/><T108/><D108/><U120/><E120/><V52/><F105/><W101/><G31/><T16/><D72/><U28/><E17/><V128/><F81/><N who="3" m="47543" /><G130/><T65/><D37/><U38/><E38/><V132/><F128/><W67/><G101/><T29/><D29/><U82/><E82/><V84/><F84/><W54/><G134/><T25/><D25/><U89/><E63/><V79/><F24/><W22/><G9/><N who="0" m="6255" /><D35/><U71/><E27/><V58/><F132/><W30/><G30/><T12/><D32/><U21/><E21/><V26/><F26/><N who="3" m="14687" /><G45/><T131/><D131/><U39/><E39/><V2/><F2/><W102/><G102/><T55/><D74/><U93/><E93/><V11/><F11/><W0/><G0/><T124/><D77/><U10/><E28/><V59/><F79/><W109/><G109/><T85/><D124/><U42/><E10/><V1/><F1/><W4/><G4/><N who="1" m="1610" /><E8/><V53/><F99/><W36/><G36/><T41/><D12/><U6/><N who="1" m="1618" /><U61/><DORA hai="115" /><E61/><N who="2" m="36039" /><F97/><W64/><G64/><T100/><D98/><U62/><E62/><N who="2" m="36207" /><F116/><W96/><G96/><T80/><D100/><U112/><E112/><V14/><F117/><W126/><G126/><RYUUKYOKU ba="0,0" sc="208,0,253,0,242,0,297,0" hai0="40,41,43,55,57,60,65,80,85,90" hai1="42,47,49,69,71,76,83,88,89,91" hai2="13,14,18,20,92,94,95" hai3="44,46,50,51,54,66,67" /><INIT seed="8,1,0,4,4,92" ten="208,253,242,297" oya="0" hai0="100,130,38,117,59,128,72,77,65,102,60,97,31" hai1="37,103,71,56,55,70,74,88,86,126,69,133,12" hai2="20,84,118,48,135,81,95,23,124,47,10,49,34" hai3="2,83,27,94,109,107,110,11,25,131,14,30,16"/><T96/><D38/><U76/><E37/><V61/><F118/><W3/><G107/><T108/><D117/><U5/><E133/><V58/><F135/><W52/><G83/><N who="0" m="45479" /><D31/><U127/><E76/><V42/><F34/><N who="3" m="20815" /><G52/><T22/><D22/><N who="2" m="8234" /><F124/><W132/><G94/><T63/><D63/><U91/><E74/><V36/><F36/><W87/><G87/><T121/><D121/><U13/><E103/><N who="0" m="39465" /><D108/><N who="3" m="41577" /><G132/><T119/><D119/><U41/><E41/><V39/><F49/><W50/><G50/><T79/><D79/><U101/><E101/><V26/><F39/><W93/><G93/><T99/><D65/><U29/><E29/><V45/><F26/><W116/><G116/><T134/><D134/><U15/><E5/><V62/><F47/><W125/><G27/><T19/><D60/><U114/><E114/><V18/><F58/><W112/><G112/><T105/><D59/><U0/><E0/><N who="3" m="42" /><G125/><N who="1" m="47626" /><E86/><V68/><F68/><W9/><G9/><T28/><D28/><U67/><E67/><V80/><F95/><W17/><G17/><T104/><D19/><U113/><E113/><V51/><F48/><AGARI ba="1,0" hai="12,13,15,48,55,56,69,70,71,88,91" m="47626" machi="48" ten="40,2600,0" yaku="18,1,54,1" doraHai="92" who="1" fromWho="2" sc="208,0,253,29,242,-29,297,0" /><INIT seed="9,0,0,3,5,30" ten="208,282,213,297" oya="1" hai0="86,26,119,118,96,12,74,35,45,98,37,117,130" hai1="79,20,3,44,99,11,51,29,73,66,71,5,21" hai2="85,129,59,54,34,100,8,28,82,80,24,49,65" hai3="0,90,110,75,104,53,9,122,48,69,36,112,116"/><U72/><E79/><V101/><F129/><W78/><RYUUKYOKU type="yao9" ba="0,0" sc="208,0,282,0,213,0,297,0" hai3="0,9,36,48,53,69,75,78,90,104,110,112,116,122" /><INIT seed="9,1,0,2,1,14" ten="208,282,213,297" oya="1" hai0="111,84,12,96,67,81,51,78,102,70,99,89,41" hai1="107,101,46,59,11,23,98,109,127,133,1,47,118" hai2="40,123,113,57,52,110,130,36,69,68,18,39,108" hai3="5,88,56,24,105,16,82,25,58,92,7,48,76"/><U66/><E118/><V6/><F123/><W80/><G105/><T4/><D111/><U45/><E109/><V28/><F28/><W128/><G128/><T100/><D70/><U125/><E133/><V26/><F130/><W104/><G104/><T54/><D67/><U65/><E59/><V37/><F113/><W61/><G48/><T77/><D41/><U122/><E122/><V74/><F74/><W120/><G120/><T112/><D112/><U117/><E117/><V30/><F40/><W19/><G76/><N who="0" m="29291" /><D4/><N who="3" m="1609" /><G58/><N who="0" m="33119" /><D12/><U17/><E11/><V22/><F6/><W43/><G43/><T116/><D116/><U72/><E72/><V8/><F68/><W114/><G114/><T85/><D85/><U62/><E1/><V29/><F69/><W15/><G15/><T20/><D20/><U3/><E3/><V53/><F36/><W38/><G38/><T91/><D91/><U64/><REACH who="1" step="1"/><E62/><REACH who="1" ten="208,272,213,297" step="2"/><V129/><F129/><W83/><G56/><T10/><D10/><U87/><E87/><V97/><F8/><W75/><G61/><T42/><D42/><U94/><E94/><V79/><F57/><W90/><G75/><T132/><D132/><U63/><E63/><V73/><F73/><W124/><G92/><T50/><D50/><U55/><E55/><V135/><F135/><W2/><G2/><T106/><D106/><U34/><E34/><V44/><F110/><W21/><G83/><T103/><AGARI ba="1,1" hai="81,84,89,96,99,100,102,103" m="33119,29291" machi="103" ten="30,1100,0" yaku="8,1" doraHai="14" who="0" fromWho="0" sc="208,24,272,-6,213,-4,297,-4" /><INIT seed="10,0,0,4,3,123" ten="232,266,209,293" oya="2" hai0="91,11,113,72,54,129,85,49,53,42,112,68,66" hai1="16,58,14,108,79,17,132,6,15,21,133,65,39" hai2="25,73,127,126,83,57,90,41,88,93,97,89,31" hai3="47,1,95,7,23,26,98,30,109,101,32,115,24"/><V5/><F5/><W82/><G109/><T34/><D72/><U74/><E39/><V3/><F3/><W104/><G115/><T20/><D34/><U61/><E6/><V2/><F2/><W43/><G82/><T103/><D103/><U55/><E108/><V38/><F57/><W117/><G117/><T92/><D42/><U37/><E37/><V8/><F8/><W9/><G104/><T131/><D11/><U13/><E79/><V135/><F135/><W87/><G87/><T63/><D53/><U51/><E74/><V134/><F134/><N who="1" m="51817" /><E21/><N who="2" m="15791" /><F41/><W105/><G105/><T75/><D20/><U70/><AGARI ba="0,0" hai="13,14,15,16,17,51,55,58,61,65,70" m="51817" machi="70" ten="30,2000,0" yaku="20,1,54,1" doraHai="123" who="1" fromWho="1" sc="232,-5,266,20,209,-10,293,-5" /><INIT seed="11,0,0,0,5,92" ten="227,286,199,288" oya="3" hai0="104,23,107,72,122,127,114,100,48,59,63,45,133" hai1="66,94,28,86,27,103,85,64,115,96,65,106,84" hai2="74,97,1,99,53,132,135,25,111,101,14,82,95" hai3="5,131,83,9,34,20,55,30,41,88,18,0,26"/><W117/><G131/><T49/><D72/><U39/><E39/><V46/><F111/><W62/><G117/><T52/><D122/><U22/><REACH who="1" step="1"/><E115/><REACH who="1" ten="227,276,199,288" step="2"/><V120/><F120/><W61/><G41/><T38/><D38/><U42/><E42/><V32/><F1/><W21/><G55/><T19/><D114/><U108/><E108/><V15/><F32/><W76/><G21/><T13/><D52/><U73/><E73/><V31/><F74/><W128/><G128/><T69/><D23/><U50/><E50/><N who="2" m="28887" /><F82/><W2/><G2/><T113/><D49/><U11/><E11/><V70/><F70/><W77/><G62/><T36/><D36/><U90/><AGARI ba="0,1" hai="22,27,28,64,65,66,84,85,86,90,94,96,103,106" machi="90" ten="30,4000,0" yaku="1,1,0,1,52,1,53,0" doraHai="92" doraHaiUra="47" who="1" fromWho="1" sc="227,-10,276,50,199,-10,288,-20" owari="217,-18.0,326,42.0,189,-31.0,268,7.0" /></mjloggm>