<mjloggm ver="2.3"><GO type="97" lobby="0"/><UN n0="%E3%82%A6%E3%83%AB%E3%83%88%E3%83%A9%E7%AB%8B%E7%9B%B4" n1="%41%71%75%CE%B1%72%69%75%73" n2="%E3%83%AF%E3%83%BC%E3%83%89%E3%82%AA%E3%83%96%E3%83%A9%E3%82%A4%E3%83%84" n3="%66%65%6E%67%67%61%6E%67" dan="15,15,14,14" rate="1979.67,1936.31,1878.91,1906.56" sx="M,M,M,M"/><TAIKYOKU oya="0"/><INIT seed="0,0,0,1,5,131" ten="250,250,250,250" oya="0" hai0="108,72,117,81,83,75,1,80,62,5,105,97,134" hai1="89,2,111,17,64,96,115,18,22,58,109,74,133" hai2="102,125,19,95,8,93,60,41,35,12,49,14,121" hai3="3,44,114,120,27,45,52,132,47,79,103,59,30"/><T42/><D5/><U33/><E33/><V34/><F121/><W43/><G114/><T61/><D1/><U15/><E115/><V31/><F125/><W9/><G120/><T20/><D42/><U85/><E2/><V11/><F102/><W38/><G103/><N who="0" m="62703" /><D20/><U86/><E74/><N who="0" m="28201" /><D117/><U7/><E133/><V110/><F110/><N who="1" m="41993" /><E7/><V67/><F31/><W39/><G132/><T101/><D61/><N who="1" m="37943" /><E18/><V135/><F135/><W25/><G38/><T23/><D62/><U90/><E96/><V4/><F35/><W21/><G79/><T16/><D16/><U112/><E112/><V88/><F34/><W55/><G55/><T57/><D23/><U53/><E53/><V127/><F127/><W119/><G119/><T50/><D134/><U104/><E104/><V87/><F41/><W130/><G27/><T91/><D108/><U51/><E51/><V69/><REACH who="2" step="1"/><F49/><REACH who="2" ten="250,250,240,250" step="2"/><W98/><G43/><T76/><D50/><U6/><E6/><V126/><F126/><W56/><G39/><T26/><D101/><U106/><E17/><V10/><F10/><W94/><G9/><T63/><D76/><U70/><E22/><V37/><F37/><W29/><G30/><T40/><D40/><U113/><E113/><V65/><F65/><W122/><G122/><T36/><D36/><U78/><E78/><V24/><F24/><W66/><G25/><T129/><D26/><U99/><E15/><V107/><F107/><W48/><G29/><T54/><D91/><N who="1" m="34827" /><E70/><V82/><AGARI ba="0,1" hai="4,8,11,12,14,19,60,67,69,82,87,88,93,95" machi="82" ten="20,5200,0" yaku="1,1,0,1,7,1,54,1,53,0" doraHai="131" doraHaiUra="92" who="2" fromWho="2" sc="250,-26,250,-13,240,62,250,-13" /><INIT seed="1,0,0,5,2,95" ten="224,237,302,237" oya="1" hai0="38,83,84,30,9,62,57,89,33,100,11,85,12" hai1="133,123,77,74,37,71,65,53,127,107,27,80,34" hai2="104,101,67,61,41,76,113,98,3,14,97,44,8" hai3="51,63,79,125,50,54,109,116,60,58,5,93,23"/><U2/><RYUUKYOKU type="yao9" ba="0,0" sc="224,0,237,0,302,0,237,0" hai1="2,27,34,37,53,65,71,74,77,80,107,123,127,133" /><INIT seed="1,1,0,3,4,8" ten="224,237,302,237" oya="1" hai0="35,3,45,64,77,69,97,49,22,15,28,5,71" hai1="55,6,113,88,42,103,56,27,19,112,17,128,34" hai2="14,61,16,1,72,26,73,108,31,60,4,114,37" hai3="126,52,135,122,123,110,48,81,20,51,100,0,33"/><U98/><E42/><V84/><F37/><W62/><G33/><T13/><D35/><U124/><E6/><V131/><F1/><W82/><G0/><T105/><D3/><U24/><E124/><V101/><F4/><W12/><G100/><T91/><D71/><U107/><E128/><V29/><F101/><W121/><G126/><T44/><D105/><U117/><E117/><V79/><F131/><W41/><G110/><T102/><D102/><U87/><E24/><V93/><F108/><W30/><G135/><T89/><D69/><U75/><E75/><V11/><F114/><W25/><G62/><N who="2" m="24169" /><F73/><W63/><G63/><T86/><D64/><U78/><E78/><V74/><F72/><W70/><G70/><T106/><D106/><U80/><E19/><V54/><F74/><W109/><G109/><T21/><D77/><U118/><E118/><V46/><F26/><W50/><G41/><T43/><D5/><U95/><E107/><V47/><F79/><W58/><REACH who="3" step="1"/><G12/><REACH who="3" ten="224,237,302,227" step="2"/><T90/><D15/><U36/><E34/><V104/><F104/><W53/><G53/><T39/><D13/><U10/><E112/><V18/><F54/><W2/><G2/><T134/><D43/><U38/><E113/><V66/><F66/><W65/><G65/><T67/><D67/><U57/><E55/><V7/><F31/><W115/><G115/><T59/><D28/><U40/><E40/><V116/><F29/><W9/><G9/><T119/><D134/><U92/><E10/><V133/><F133/><W129/><G129/><T85/><D119/><U111/><E111/><RYUUKYOKU ba="1,1" sc="224,-10,237,-10,302,-10,227,30" hai3="20,25,30,48,50,51,52,58,81,82,121,122,123" /><INIT seed="2,2,1,1,1,104" ten="214,227,292,257" oya="2" hai0="66,55,73,65,114,123,54,0,135,20,10,5,99" hai1="131,110,61,125,87,76,74,2,63,101,4,121,72" hai2="57,51,42,80,1,108,134,75,93,120,41,84,46" hai3="16,27,67,36,82,115,58,56,77,62,7,43,130"/><V25/><F120/><W59/><G130/><T14/><D114/><U127/><E121/><V40/><F1/><W91/><G115/><T29/><D123/><U13/><E2/><V12/><F134/><W44/><G91/><T6/><D135/><U32/><E32/><V8/><F108/><W3/><G27/><N who="0" m="16615" /><D73/><N who="1" m="28267" /><E101/><V19/><F75/><N who="3" m="43327" /><G16/><N who="0" m="8279" /><D0/><U34/><E34/><V124/><F124/><N who="1" m="47689" /><E110/><V30/><F93/><W103/><G103/><T60/><D99/><U97/><E97/><V52/><F25/><W83/><G83/><T26/><D26/><U113/><E131/><V79/><REACH who="2" step="1"/><F30/><REACH who="2" ten="214,227,282,257" step="2"/><W86/><G86/><T92/><D92/><U126/><E113/><V112/><F112/><W107/><G107/><T98/><D98/><U17/><E126/><V81/><F81/><W23/><G23/><T128/><D128/><U21/><E87/><V90/><F90/><W129/><G129/><T106/><D106/><U50/><E76/><V96/><F96/><W109/><G109/><T64/><D60/><AGARI ba="2,2" hai="8,12,19,40,41,42,46,51,52,57,60,79,80,84" machi="60" ten="30,12000,1" yaku="1,1,7,1,8,1,54,1,53,1" doraHai="104" doraHaiUra="47" who="2" fromWho="0" sc="214,-126,227,0,282,146,257,0" /><INIT seed="2,3,0,5,5,94" ten="88,227,428,257" oya="2" hai0="116,10,28,45,58,107,83,23,78,42,4,129,16" hai1="102,15,103,13,100,128,131,43,110,87,66,37,123" hai2="2,124,96,41,5,9,61,133,65,106,95,81,64" hai3="92,49,82,55,117,91,33,20,54,71,132,59,130"/><V90/><F124/><W74/><G33/><T122/><D107/><U44/><E110/><V57/><F133/><W40/><G117/><T134/><D116/><U30/><E123/><V84/><F106/><W119/><G119/><T52/><D134/><U70/><E30/><V88/><REACH who="2" step="1"/><F41/><REACH who="2" ten="88,227,418,257" step="2"/><W85/><G40/><T77/><D122/><U17/><E128/><V6/><F6/><W56/><G130/><T115/><D129/><U11/><E131/><V126/><F126/><W104/><G104/><T101/><D115/><U120/><E120/><V73/><F73/><W97/><G74/><T24/><D101/><U14/><E102/><V1/><F1/><W93/><G132/><T51/><D83/><U76/><E103/><V112/><F112/><W63/><G82/><T47/><D47/><U36/><E100/><V80/><F80/><W89/><G71/><T8/><D4/><U35/><E43/><V29/><F29/><W62/><REACH who="3" step="1"/><G20/><REACH who="3" ten="88,227,418,247" step="2"/><T68/><D68/><U50/><E70/><V19/><F19/><W67/><G67/><AGARI ba="3,2" hai="2,5,9,57,61,64,65,67,81,84,88,90,95,96" machi="67" ten="30,11600,0" yaku="1,1,7,1,52,1,54,1,53,0" doraHai="94" doraHaiUra="38" who="2" fromWho="3" sc="88,0,227,0,418,145,247,-125" /><INIT seed="2,4,0,5,3,104" ten="88,227,563,122" oya="2" hai0="116,27,36,62,19,4,73,119,17,87,85,15,10" hai1="8,5,63,47,130,131,110,59,132,20,100,42,2" hai2="106,13,92,38,61,44,81,76,98,84,88,45,118" hai3="133,69,109,22,127,71,95,3,117,46,14,125,67"/><V79/><F118/><N who="0" m="45098" /><D36/><N who="1" m="21959" /><E100/><V40/><F106/><W29/><G117/><T16/><D27/><U28/><E110/><V105/><F105/><W1/><G109/><T94/><D94/><U135/><E20/><V53/><F13/><W43/><G133/><N who="1" m="51274" /><E28/><V111/><F111/><W30/><G95/><T50/><D50/><U114/><E114/><V86/><F45/><W72/><G67/><AGARI ba="4,0" hai="2,5,8,59,63,67,130,131" m="51274,21959" machi="67" ten="30,1000,0" yaku="20,1" doraHai="104" who="1" fromWho="3" sc="88,0,227,22,563,0,122,-22" /><INIT seed="3,0,0,3,0,108" ten="88,249,563,100" oya="3" hai0="77,16,81,80,17,128,61,19,52,117,102,131,72" hai1="97,55,93,78,107,83,106,98,0,28,105,34,31" hai2="29,118,44,4,109,103,67,87,101,82,20,32,12" hai3="23,41,1,37,35,123,56,116,40,43,92,79,24"/><W100/><G116/><T84/><D102/><U66/><E0/><V112/><F118/><W62/><G123/><T69/><D117/><U45/><E66/><V68/><F32/><W2/><G35/><T120/><D120/><U71/><E71/><V47/><F109/><W15/><G79/><T119/><D119/><U60/><E34/><V110/><F110/><W13/><G1/><T114/><D114/><U59/><E45/><V91/><F112/><W133/><G2/><T115/><D115/><U70/><E70/><V10/><F68/><W124/><G124/><T14/><D14/><U96/><REACH who="1" step="1"/><E93/><REACH who="1" ten="88,239,563,100" step="2"/><V26/><F67/><W135/><G133/><T7/><D69/><U74/><AGARI ba="0,1" hai="28,31,55,59,60,74,78,83,96,97,98,105,106,107" machi="74" ten="40,8000,1" yaku="1,1,2,1,0,1,53,1" doraHai="108" doraHaiUra="57" who="1" fromWho="1" sc="88,-20,239,90,563,-20,100,-40" owari="68,-33.0,329,13.0,543,64.0,60,-44.0" /></mjloggm>