<mjloggm ver="2.3"><GO type="97" lobby="0"/><UN n0="%66%75%6A%69%73%61%6E%6E" n1="%E3%83%A2%E3%83%BC%E3%83%8B%E3%83%B3%E3%82%B0%E9%9B%80" n2="%E3%82%A6%E3%83%AB%E3%83%88%E3%83%A9%E7%AB%8B%E7%9B%B4" n3="%6D%75%6B%65%6D%69%6E%67" dan="13,15,15,14" rate="1811.49,2062.69,1971.95,1859.49" sx="M,M,M,M"/><TAIKYOKU oya="0"/><INIT seed="0,0,0,5,1,46" ten="250,250,250,250" oya="0" hai0="69,43,45,57,35,109,31,56,116,15,6,130,101" hai1="96,25,7,13,125,23,9,37,87,33,44,113,32" hai2="121,51,90,64,21,20,83,108,68,122,91,70,98" hai3="41,103,59,4,8,105,18,39,10,82,86,29,48"/><T104/><D116/><U71/><E71/><V74/><F98/><W119/><G39/><T67/><D104/><U38/><E113/><V60/><F74/><W75/><G75/><T127/><D101/><U17/><E125/><V66/><F83/><W24/><G119/><T118/><D35/><U95/><E87/><V123/><F108/><W19/><G105/><T61/><D31/><U94/><E95/><V89/><F51/><W110/><G103/><T26/><D118/><U126/><E126/><V85/><F85/><W111/><G4/><T11/><D127/><U34/><REACH who="1" step="1"/><E44/><REACH who="1" ten="250,240,250,250" step="2"/><V128/><F128/><W2/><G111/><T92/><D130/><U62/><E62/><AGARI ba="0,1" hai="20,21,60,62,64,66,68,70,89,90,91,121,122,123" machi="62" ten="50,1600,0" yaku="9,1" doraHai="46" who="2" fromWho="1" sc="250,0,240,-16,250,26,250,0" /><INIT seed="1,0,0,3,5,131" ten="250,224,276,250" oya="1" hai0="34,74,67,31,56,22,108,70,97,57,55,119,117" hai1="133,99,49,125,135,94,61,104,118,41,43,54,96" hai2="114,76,128,120,13,82,102,124,53,30,9,26,83" hai3="8,29,91,90,2,107,80,111,64,86,77,78,121"/><U4/><E118/><V95/><F128/><W45/><G121/><T110/><D74/><U37/><E104/><V98/><F124/><W14/><G2/><T46/><D34/><U33/><E33/><V39/><F39/><W126/><G107/><T129/><D31/><U50/><E125/><V38/><F38/><W16/><G126/><T105/><D105/><U32/><E37/><V25/><F120/><W81/><G111/><N who="0" m="42539" /><D97/><N who="1" m="37451" /><E32/><V71/><F71/><W21/><G64/><T17/><D17/><U65/><E94/><V58/><F114/><W19/><G45/><T1/><D1/><U93/><E4/><V15/><F30/><W134/><G29/><T89/><D89/><U42/><E93/><V51/><F15/><W11/><G134/><N who="1" m="51210" /><E54/><V60/><F83/><W66/><G66/><T48/><D22/><U88/><E88/><N who="3" m="33834" /><G19/><T27/><D27/><U52/><E52/><V87/><F51/><W23/><G23/><T112/><D129/><U35/><E35/><V47/><F47/><W100/><G100/><T127/><D127/><U20/><E20/><V6/><AGARI ba="0,0" hai="6,9,13,25,26,53,58,60,76,82,87,95,98,102" machi="6" ten="20,2700,0" yaku="0,1,7,1,8,1" doraHai="131" who="2" fromWho="2" sc="250,-7,224,-13,276,27,250,-7" /><INIT seed="2,0,0,0,2,49" ten="243,211,303,243" oya="2" hai0="35,64,133,51,14,42,132,100,72,114,123,39,3" hai1="67,73,33,58,103,79,125,105,92,89,46,108,5" hai2="24,74,25,130,59,13,50,101,88,66,87,93,19" hai3="78,22,40,86,28,119,63,135,128,18,45,61,129"/><V122/><F74/><W121/><G119/><T97/><D72/><U126/><E33/><V84/><F130/><N who="3" m="50283" /><G28/><T53/><D35/><U116/><E46/><V23/><F122/><W27/><G135/><T81/><D3/><U106/><E5/><V38/><F38/><N who="3" m="21655" /><G121/><T118/><D123/><U94/><E58/><V124/><F124/><N who="1" m="47721" /><E67/><V54/><F66/><W102/><G102/><T34/><D34/><U31/><E31/><V32/><F32/><W96/><G96/><T109/><D81/><AGARI ba="0,0" hai="18,22,27,61,63,78,81,86" m="21655,50283" machi="81" ten="30,1000,0" yaku="19,1" doraHai="49" who="3" fromWho="0" sc="243,-10,211,0,303,0,243,10" /><INIT seed="3,0,0,2,0,38" ten="233,211,303,253" oya="3" hai0="81,68,17,47,2,33,20,55,54,69,45,59,85" hai1="50,84,21,5,95,127,52,106,60,88,44,122,119" hai2="57,105,128,6,24,99,0,37,58,40,67,125,46" hai3="132,131,12,82,31,126,71,62,7,89,8,111,36"/><W27/><G126/><T73/><D33/><U115/><E122/><V86/><F6/><W113/><G113/><T87/><D2/><U26/><E115/><V42/><F0/><W78/><G131/><T28/><D73/><U43/><E106/><V64/><F86/><W103/><G132/><T11/><D28/><N who="1" m="17487" /><E127/><V75/><F24/><W51/><G36/><T77/><D85/><U83/><E119/><V30/><F99/><W112/><G112/><T121/><D121/><U120/><E5/><V56/><F30/><W41/><G111/><T22/><D69/><U108/><E108/><V29/><F29/><W19/><G71/><T104/><D68/><U94/><E120/><V9/><F9/><W10/><G103/><T15/><D104/><U124/><E124/><V32/><F32/><W39/><G39/><T48/><D45/><U66/><E66/><V116/><F75/><W13/><G62/><T1/><D1/><U74/><E74/><V35/><F35/><W4/><G89/><T18/><D18/><U90/><E90/><V96/><F116/><W14/><G31/><T23/><D23/><U135/><E135/><V118/><F118/><W123/><G123/><T110/><D110/><U98/><E98/><V101/><F125/><W70/><G70/><T25/><D25/><U133/><E133/><V16/><F128/><W130/><G130/><T91/><D77/><U61/><E61/><AGARI ba="0,0" hai="11,15,17,20,22,47,48,54,55,59,61,81,87,91" machi="61" ten="30,7700,0" yaku="7,1,25,2,8,1" doraHai="38" who="0" fromWho="1" sc="233,77,211,-77,303,0,253,0" owari="310,42.0,134,-37.0,303,10.0,253,-15.0" /></mjloggm>