<mjloggm ver="2.3"><GO type="97" lobby="0"/><UN n0="%E3%82%A6%E3%83%AB%E3%83%88%E3%83%A9%E7%AB%8B%E7%9B%B4" n1="%6F%2D%6A%75%6E%67%6C%65" n2="%7A%61%6B%69%33%37%33%35" n3="%76%66%72%6E%6F%72%69" dan="15,13,14,14" rate="1974.16,1839.10,1909.91,1971.45" sx="M,M,M,M"/><TAIKYOKU oya="0"/><INIT seed="0,0,0,0,0,96" ten="250,250,250,250" oya="0" hai0="30,69,106,75,23,48,129,19,43,18,39,66,87" hai1="46,120,130,122,41,79,25,124,49,115,20,121,47" hai2="110,52,57,85,76,108,88,26,58,3,134,63,67" hai3="114,55,133,105,34,131,15,62,74,24,94,126,102"/><T80/><D75/><U97/><E79/><V64/><F3/><W95/><G74/><T31/><D39/><U51/><E115/><V40/><F76/><W84/><G114/><T119/><D119/><U82/><E82/><V89/><F134/><W45/><G133/><T33/><D129/><U116/><E116/><V29/><F40/><W9/><G131/><T14/><D33/><U77/><E130/><V98/><F98/><W56/><G126/><T117/><D106/><U92/><E77/><V53/><F110/><W42/><G34/><T73/><D73/><U11/><E11/><V81/><F89/><W13/><G24/><T7/><D7/><U100/><E124/><V99/><F99/><N who="3" m="59767" /><G105/><T50/><D117/><U109/><E109/><V71/><F71/><W78/><G9/><T21/><D66/><U132/><E132/><V36/><F36/><W111/><G111/><T128/><D69/><U103/><E103/><V68/><F108/><W10/><G10/><T2/><D2/><U6/><E6/><V35/><F68/><W60/><G60/><AGARI ba="0,0" hai="26,29,35,52,53,57,58,60,63,64,67,81,85,88" machi="60" ten="30,7700,0" yaku="7,1,9,1,54,2" doraHai="96" who="2" fromWho="3" sc="250,0,250,0,250,77,250,-77" /><INIT seed="1,0,0,3,0,129" ten="250,250,327,173" oya="1" hai0="90,6,42,97,3,26,65,56,77,48,27,63,123" hai1="107,105,37,79,100,55,76,119,11,108,54,21,135" hai2="59,109,116,98,23,83,44,5,95,17,71,7,58" hai3="78,73,103,35,120,22,46,106,68,8,1,115,51"/><U10/><E119/><V80/><F71/><W49/><G115/><T64/><D123/><U84/><E37/><V74/><F116/><W45/><G35/><T124/><D124/><U101/><E108/><V20/><F44/><W52/><G68/><T72/><D72/><U16/><E84/><V33/><F33/><W62/><G120/><T40/><D77/><U99/><E21/><V130/><F130/><W32/><G32/><T28/><D6/><N who="2" m="2058" /><F74/><W36/><G1/><T132/><D3/><U34/><E34/><V110/><F110/><W2/><G2/><T53/><D90/><U91/><E91/><V43/><F43/><N who="0" m="16426" /><D97/><U112/><E99/><V117/><F117/><W4/><G36/><T113/><D28/><U41/><E41/><V102/><F23/><W134/><G134/><T75/><D75/><U39/><E39/><V96/><F96/><W121/><G121/><T128/><D26/><U13/><E112/><V93/><F93/><W81/><G62/><N who="0" m="37959" /><D27/><U18/><E13/><N who="2" m="9263" /><F109/><W89/><G22/><T69/><D128/><U133/><AGARI ba="0,0" hai="10,11,16,18,54,55,76,79,100,101,105,107,133,135" machi="133" ten="25,18000,2" yaku="0,1,22,2,52,2,54,1" doraHai="129" who="1" fromWho="1" sc="250,-60,250,180,327,-60,173,-60" /><INIT seed="1,1,0,4,5,129" ten="190,430,267,113" oya="1" hai0="52,116,93,2,126,69,57,107,84,91,72,59,101" hai1="36,19,41,97,128,112,132,130,37,18,38,68,80" hai2="48,12,95,26,60,7,99,102,70,66,23,51,110" hai3="94,0,134,71,47,32,103,49,11,111,31,115,87"/><U76/><E112/><V56/><F110/><W9/><G111/><T122/><D69/><U120/><E97/><V4/><F70/><W88/><G71/><T81/><D2/><U6/><E68/><V10/><REACH who="2" step="1"/><F7/><REACH who="2" ten="190,430,257,113" step="2"/><W45/><G115/><T43/><D122/><U21/><E6/><V53/><F53/><W131/><G131/><T79/><D43/><U75/><E41/><V46/><F46/><W65/><G47/><T28/><D116/><U17/><E130/><V22/><F22/><W117/><G117/><T133/><D59/><U113/><E128/><V104/><F104/><W16/><G65/><T86/><D57/><U8/><E113/><V121/><F121/><W27/><G0/><T90/><D52/><U127/><E21/><V44/><F44/><W119/><G119/><T42/><D42/><U58/><E120/><V106/><F106/><W13/><G9/><T89/><D28/><AGARI ba="1,1" hai="4,10,12,23,26,28,48,51,56,60,66,95,99,102" machi="28" ten="30,8000,1" yaku="1,1,7,1,25,2,8,1,53,0" doraHai="129" doraHaiUra="85" who="2" fromWho="0" sc="190,-83,430,0,257,93,113,0" /><INIT seed="2,0,0,4,5,129" ten="107,430,350,113" oya="2" hai0="8,59,88,109,7,52,69,64,36,112,97,98,32" hai1="95,12,48,114,77,56,78,118,96,74,27,54,22" hai2="125,122,63,10,47,58,35,21,11,26,57,75,4" hai3="79,84,45,113,51,30,100,23,55,94,53,5,0"/><V119/><F119/><W130/><G130/><T80/><D36/><U110/><E114/><V116/><F116/><W14/><G0/><T123/><D32/><U121/><E121/><V44/><F122/><W46/><G113/><T40/><D40/><U41/><E118/><V61/><F35/><W87/><G30/><T107/><D112/><U28/><E74/><V1/><F75/><W134/><G134/><T13/><D109/><U102/><E110/><V128/><F128/><W132/><G132/><T68/><D123/><U103/><E103/><V91/><F125/><W38/><G38/><T133/><D133/><U29/><E29/><V127/><F127/><W90/><G100/><T131/><D131/><U83/><E83/><V135/><F135/><W85/><G79/><T9/><D64/><U120/><E120/><V65/><F91/><W104/><G104/><T105/><D9/><U15/><E41/><V49/><F11/><W81/><G81/><T24/><D24/><U37/><E37/><V89/><F49/><W20/><G20/><T126/><D126/><U18/><E12/><V99/><F89/><W70/><G70/><T33/><D33/><AGARI ba="0,0" hai="15,18,22,27,28,33,48,54,56,77,78,95,96,102" machi="33" ten="30,1000,0" yaku="7,1" doraHai="129" who="1" fromWho="0" sc="107,-10,430,10,350,0,113,0" /><INIT seed="3,0,0,0,5,115" ten="97,440,350,113" oya="3" hai0="51,44,54,90,130,71,106,117,83,77,68,0,98" hai1="81,134,104,1,65,7,82,120,8,126,99,9,49" hai2="133,76,127,101,116,128,80,43,87,102,5,119,124" hai3="96,58,46,45,4,85,112,114,66,56,111,72,53"/><W91/><G72/><T118/><D0/><U20/><E120/><V100/><F43/><W75/><G75/><T12/><D130/><U59/><E104/><V78/><F5/><W2/><G96/><T67/><D12/><U94/><E9/><V28/><F28/><W62/><G111/><T93/><D106/><U3/><E3/><V95/><F128/><W132/><G2/><T109/><D109/><U105/><E105/><V55/><F55/><W135/><G4/><T63/><D71/><U33/><E33/><V107/><F107/><W6/><G6/><T31/><D31/><U37/><E37/><V48/><F48/><N who="3" m="30759" /><G91/><T113/><D113/><N who="3" m="43625" /><G85/><AGARI ba="0,0" hai="44,51,54,63,67,68,77,83,85,90,93,98,117,118" machi="85" ten="30,3900,0" yaku="7,1,52,2" doraHai="115" who="0" fromWho="3" sc="97,39,440,0,350,0,113,-39" owari="136,-26.0,440,54.0,350,15.0,74,-43.0" /></mjloggm>