<mjloggm ver="2.3"><GO type="97" lobby="0"/><UN n0="%E3%82%A6%E3%83%AB%E3%83%88%E3%83%A9%E7%AB%8B%E7%9B%B4" n1="%6F%6E%69%72%6F%6B%75" n2="%E3%82%BC%E3%83%B3%E3%83%84%E5%90%9B%EF%BC%93%E5%8F%B7" n3="%E3%83%A6%E3%83%AA%E3%82%B9" dan="15,14,15,15" rate="1986.46,1969.54,1987.29,2012.07" sx="M,M,M,M"/><TAIKYOKU oya="0"/><INIT seed="0,0,0,2,0,43" ten="250,250,250,250" oya="0" hai0="125,130,114,64,36,44,135,67,83,53,29,131,22" hai1="73,49,101,33,88,103,59,17,58,87,50,52,15" hai2="0,47,80,126,40,39,14,102,18,104,63,57,1" hai3="34,66,93,20,92,41,60,86,108,100,54,84,133"/><T48/><D114/><U31/><E73/><V9/><F126/><W8/><G34/><T72/><D125/><U2/><E33/><V110/><F110/><W11/><G108/><T105/><D105/><U97/><E31/><V109/><F109/><W65/><G133/><T85/><D72/><U106/><E2/><V75/><F104/><W78/><G54/><T7/><D7/><U98/><E98/><V99/><F99/><W45/><G20/><T76/><D36/><U55/><E97/><V10/><F102/><W16/><G100/><T61/><D135/><U46/><E106/><V121/><F121/><W89/><G78/><T91/><D91/><U42/><E42/><V112/><F112/><W134/><G134/><T117/><D117/><U70/><E70/><V81/><F75/><W79/><G60/><T68/><REACH who="0" step="1"/><D67/><REACH who="0" ten="240,250,250,250" step="2"/><U118/><E118/><V116/><F116/><W4/><G4/><T111/><D111/><U56/><E103/><V21/><F0/><W62/><G66/><T6/><D6/><U122/><E101/><V28/><F1/><W115/><G65/><T37/><D37/><U32/><E122/><V119/><F119/><W5/><G5/><T19/><D19/><U71/><E71/><V95/><F28/><W24/><G16/><T129/><D129/><U132/><E132/><V127/><F127/><W38/><G89/><T69/><D69/><U35/><E35/><V94/><F10/><W124/><G8/><T77/><D77/><U128/><E32/><V13/><F9/><W51/><G11/><T74/><D74/><U123/><E128/><RYUUKYOKU ba="0,1" sc="240,30,250,-10,250,-10,250,-10" hai0="22,29,44,48,53,61,64,68,76,83,85,130,131" /><INIT seed="0,1,1,3,5,31" ten="270,240,240,240" oya="0" hai0="20,87,91,70,11,127,134,52,60,29,35,64,42" hai1="44,103,81,22,92,4,83,115,112,9,46,105,48" hai2="104,21,14,2,67,0,101,75,39,61,40,99,135" hai3="26,133,37,53,23,51,5,7,65,125,86,24,121"/><T77/><D127/><U57/><E105/><V33/><F75/><W124/><G37/><T111/><D134/><U89/><E103/><V72/><F135/><W38/><G38/><T120/><D120/><U79/><E22/><V50/><F72/><W76/><G133/><T36/><D111/><U3/><E57/><V98/><F98/><W15/><G121/><T122/><D77/><U82/><E79/><V17/><F39/><W131/><G131/><T119/><D122/><U78/><E48/><V96/><F96/><W63/><G76/><T55/><D119/><U116/><E78/><V16/><F17/><W93/><G93/><T94/><D20/><U62/><E62/><V130/><F130/><W47/><G86/><T71/><D71/><U117/><E117/><V10/><F33/><W27/><G23/><T106/><D106/><U45/><E116/><V126/><F21/><W54/><G54/><T30/><D11/><U132/><E132/><V109/><F126/><N who="3" m="48747" /><G15/><T80/><D94/><U123/><E123/><V12/><F12/><W118/><G118/><T66/><D66/><U1/><E1/><V90/><F0/><W69/><AGARI ba="1,1" hai="5,7,24,26,27,47,51,53,63,65,69" m="48747" machi="69" ten="30,1100,0" yaku="18,1" doraHai="31" who="3" fromWho="3" sc="270,-6,240,-4,240,-4,240,24" /><INIT seed="1,0,0,5,0,76" ten="264,236,236,264" oya="1" hai0="39,89,31,83,68,77,29,35,8,58,59,114,71" hai1="115,20,130,16,19,49,66,9,56,42,84,117,73" hai2="47,6,134,69,27,26,86,131,120,74,12,18,92" hai3="96,70,122,135,25,123,55,38,82,97,14,15,105"/><U57/><E73/><V75/><F120/><W94/><G38/><T125/><D39/><U7/><E130/><V44/><F69/><W133/><G70/><T132/><D77/><U65/><E115/><V32/><F131/><W52/><G25/><T100/><D8/><U23/><E117/><V81/><F6/><W72/><G94/><T104/><D89/><U63/><E42/><V98/><F75/><W30/><G72/><T109/><D100/><U79/><E7/><V129/><F74/><W22/><G22/><N who="1" m="8234" /><E9/><N who="2" m="6415" /><F32/><W111/><G30/><T28/><D35/><U54/><E66/><V11/><F11/><W67/><G67/><T119/><D104/><U126/><E126/><V50/><F129/><W112/><G105/><T127/><D119/><U62/><E62/><V53/><F47/><W102/><G102/><T90/><D114/><U2/><E2/><V116/><F116/><W87/><G112/><T48/><D71/><U24/><E24/><V37/><F37/><W13/><G13/><T40/><D68/><U118/><E118/><V21/><F21/><W61/><G61/><T88/><D127/><U3/><E3/><V0/><F0/><W95/><G95/><T93/><D125/><U121/><E121/><V128/><F128/><W17/><G17/><T107/><D107/><U113/><E113/><V99/><F27/><W108/><G87/><T41/><D29/><U78/><E78/><N who="2" m="46391" /><F26/><W91/><G91/><T106/><D106/><U10/><E10/><V1/><F1/><W34/><G34/><T4/><D90/><U36/><E36/><V64/><F64/><RYUUKYOKU ba="0,0" sc="264,-15,236,15,236,-15,264,15" hai1="16,19,49,54,56,57,63,65,79,84" hai3="14,15,52,55,82,96,97,108,111,122,123,133,135" /><INIT seed="1,1,0,0,4,48" ten="249,251,221,279" oya="1" hai0="7,16,119,109,100,96,61,58,19,41,77,80,55" hai1="102,47,105,97,133,54,34,71,131,110,73,69,93" hai2="117,25,90,106,116,33,10,123,31,75,74,91,125" hai3="12,135,67,124,18,53,59,0,30,79,128,63,8"/><U134/><E34/><V120/><F106/><W57/><G135/><N who="1" m="51722" /><E73/><V98/><F10/><W27/><G124/><T126/><D109/><U52/><E47/><V118/><F125/><W104/><G104/><T38/><D126/><U20/><E110/><V76/><F98/><W129/><G79/><T9/><D119/><U84/><E131/><V26/><F26/><W108/><G0/><T72/><D41/><U88/><E20/><V65/><F65/><W85/><G85/><T122/><D38/><U11/><E11/><V70/><F70/><AGARI ba="1,0" hai="52,54,69,70,71,84,88,93,97,102,105" m="51722" machi="70" ten="30,12000,1" yaku="20,1,52,2,54,2" doraHai="48" who="1" fromWho="2" sc="249,0,251,123,221,-123,279,0" /><INIT seed="1,2,0,4,4,49" ten="249,374,98,279" oya="1" hai0="25,95,33,98,106,21,121,34,83,32,85,51,50" hai1="75,36,59,45,73,127,81,96,104,10,120,87,82" hai2="122,31,14,100,86,102,70,53,119,113,27,72,26" hai3="55,74,68,40,43,118,57,15,54,39,128,28,88"/><U3/><E127/><V13/><F122/><W38/><G74/><T105/><D121/><U48/><E120/><V1/><F1/><W107/><G107/><T110/><D110/><U63/><E104/><V94/><F119/><W20/><G118/><T4/><D4/><U126/><E96/><V47/><F72/><W2/><G2/><T9/><D9/><U7/><E81/><V52/><F70/><W61/><G28/><T44/><D105/><U123/><E36/><V35/><F113/><W103/><G103/><N who="2" m="39465" /><F35/><W5/><G5/><T101/><D106/><U37/><E37/><N who="3" m="13834" /><G88/><T93/><D93/><U91/><E126/><V16/><F47/><W108/><G15/><N who="2" m="5641" /><F31/><W112/><G20/><T132/><D21/><U23/><E23/><N who="2" m="13671" /><F27/><W42/><G112/><T84/><D25/><U76/><E91/><AGARI ba="2,0" hai="52,53,86,91,94" m="13671,5641,39465" machi="91" ten="30,8000,1" yaku="8,1,52,2,54,2" doraHai="49" who="2" fromWho="1" sc="249,0,374,-86,98,86,279,0" /><INIT seed="2,0,0,5,2,69" ten="249,288,184,279" oya="2" hai0="43,7,8,59,15,129,110,116,73,113,6,3,119" hai1="95,85,52,80,56,20,57,4,64,100,134,126,76" hai2="82,111,13,14,107,101,74,65,84,58,60,130,16" hai3="125,26,5,79,109,18,70,23,83,135,17,122,127"/><V28/><F74/><W53/><G122/><T48/><D73/><U42/><E126/><N who="3" m="48138" /><G70/><T12/><D59/><U32/><E134/><V89/><F130/><W104/><G104/><T118/><D48/><U39/><E32/><V98/><F28/><W50/><G135/><T128/><D43/><U27/><E39/><V123/><F123/><W45/><G5/><N who="0" m="1087" /><D113/><U105/><E4/><N who="0" m="1577" /><D110/><U34/><E34/><V21/><REACH who="2" step="1"/><F111/><REACH who="2" ten="249,288,174,279" step="2"/><W124/><G124/><T1/><D1/><U40/><E105/><V120/><F120/><W61/><G109/><T93/><D93/><U81/><E81/><V54/><F54/><W131/><G131/><AGARI ba="0,1" hai="12,15,116,118,119,128,129,131" m="1577,1087" machi="131" ten="40,8000,1" yaku="12,1,19,1,34,2" doraHai="69" who="0" fromWho="3" sc="249,90,288,0,174,0,279,-80" /><INIT seed="3,0,0,1,3,78" ten="339,288,174,199" oya="3" hai0="94,119,127,0,41,11,9,84,103,88,128,38,46" hai1="63,116,95,56,15,22,52,8,121,50,72,74,133" hai2="2,131,69,106,36,71,89,7,27,86,79,10,64" hai3="99,108,70,18,125,76,90,120,97,67,48,21,34"/><W4/><G34/><T35/><D35/><U29/><E133/><V122/><F36/><W105/><G120/><T113/><D119/><U85/><E121/><V23/><F106/><W87/><G125/><T93/><D128/><U114/><E116/><V44/><F122/><W134/><G134/><T42/><D127/><U92/><E114/><V55/><F131/><W13/><G76/><T77/><D77/><U40/><E74/><V81/><F64/><W49/><G4/><T100/><D113/><U17/><E72/><V132/><F132/><W126/><G126/><T24/><D24/><U118/><E118/><V20/><F79/><W61/><G108/><T129/><D129/><U45/><E85/><V3/><F3/><W30/><G30/><T58/><D58/><U135/><E135/><V75/><F75/><W1/><G1/><T59/><D59/><U14/><REACH who="1" step="1"/><E29/><REACH who="1" ten="339,278,174,199" step="2"/><V5/><F5/><AGARI ba="0,1" hai="5,8,14,15,17,22,40,45,50,52,56,63,92,95" machi="5" ten="30,8000,1" yaku="1,1,2,1,7,1,8,1,54,1,53,0" doraHai="78" doraHaiUra="66" who="1" fromWho="2" sc="339,0,278,90,174,-80,199,0" owari="339,14.0,368,47.0,94,-41.0,199,-20.0" /></mjloggm>