<mjloggm ver="2.3"><GO type="169" lobby="0"/><UN n0="%E3%82%A6%E3%83%AB%E3%83%88%E3%83%A9%E7%AB%8B%E7%9B%B4" n1="%E5%8F%AF%E7%87%83%E6%80%A7%E9%AB%98%E5%9C%A7%E3%82%AC%E3%82%B9" n2="%E3%81%8C%E3%81%A1%E3%82%85%E3%81%86" n3="%EF%BC%8D%72%69%6D%75%EF%BC%8D" dan="17,17,16,16" rate="2061.81,2136.62,2058.23,2132.77" sx="M,M,M,M"/><TAIKYOKU oya="0"/><INIT seed="0,0,0,5,3,88" ten="250,250,250,250" oya="0" hai0="50,72,41,101,60,126,33,79,132,11,91,65,102" hai1="46,14,10,89,63,95,100,17,6,128,87,21,104" hai2="35,117,105,74,18,61,34,31,56,3,93,108,118" hai3="4,71,43,116,107,131,133,19,135,24,66,97,36"/><T119/><D119/><U130/><E46/><V15/><F105/><W38/><G116/><N who="2" m="44649" /><F74/><W82/><G4/><T114/><D114/><U27/><E63/><V55/><F3/><W83/><G66/><T111/><D33/><U122/><E122/><V85/><F31/><W45/><G71/><T29/><D29/><U134/><E134/><V62/><F61/><W52/><G38/><T47/><D79/><U8/><E104/><V103/><F108/><W125/><G125/><T51/><D72/><U58/><E100/><V98/><F85/><W115/><G115/><T113/><D113/><U53/><REACH who="1" step="1"/><E10/><AGARI ba="0,0" hai="10,15,18,34,35,55,56,62,93,98,103" m="44649" machi="10" ten="30,2000,0" yaku="12,1,52,1" doraHai="88" who="2" fromWho="1" sc="250,0,250,-20,250,20,250,0" /><INIT seed="1,0,0,2,2,72" ten="250,230,270,250" oya="1" hai0="62,90,112,35,91,4,22,52,128,76,127,43,66" hai1="53,33,109,77,2,50,17,103,119,65,99,96,58" hai2="81,132,105,114,60,78,32,34,36,117,30,118,75" hai3="21,100,122,26,82,120,41,74,54,9,64,38,87"/><U20/><E33/><V0/><F132/><W11/><G74/><T68/><D35/><U67/><E119/><V83/><F105/><W49/><G64/><T130/><D112/><U14/><E2/><V61/><F36/><W18/><G100/><T116/><D116/><U88/><E109/><V5/><F114/><W39/><G39/><T46/><D4/><U7/><E7/><V104/><F104/><W84/><G84/><T55/><D22/><U89/><E77/><V27/><F34/><W95/><G95/><T124/><D90/><U73/><E73/><V71/><F83/><W48/><G38/><N who="0" m="21879" /><D91/><N who="1" m="34891" /><E103/><V3/><F61/><W12/><G41/><T98/><D76/><U79/><E79/><V25/><F25/><W94/><G94/><T15/><D98/><AGARI ba="0,0" hai="14,17,20,50,53,58,65,67,96,98,99" m="34891" machi="98" ten="30,2900,0" yaku="8,1,54,1" doraHai="72" who="1" fromWho="0" sc="250,-29,230,29,270,0,250,0" /><INIT seed="1,1,0,1,2,14" ten="221,259,270,250" oya="1" hai0="83,113,60,27,81,131,132,20,45,5,35,89,50" hai1="109,70,106,84,91,58,61,102,56,10,59,54,51" hai2="62,43,107,34,104,79,65,6,8,7,29,30,28" hai3="68,16,23,115,17,39,86,19,98,122,118,108,73"/><U124/><E124/><V80/><F34/><W72/><G39/><T69/><D35/><U13/><E70/><V26/><F26/><W2/><G115/><T97/><D113/><U110/><E102/><V37/><F43/><W4/><G122/><T120/><D120/><U119/><E106/><V1/><F37/><W92/><G68/><T114/><D114/><U38/><E38/><V53/><F53/><W33/><G33/><T126/><D126/><U0/><E0/><V22/><F22/><W67/><G67/><T116/><D116/><U101/><E101/><V77/><F7/><W117/><G86/><T134/><D5/><U121/><E119/><N who="3" m="45578" /><G23/><T47/><D69/><U130/><E130/><V25/><F25/><W82/><G82/><T42/><D131/><U49/><E121/><V129/><F129/><W105/><G105/><T87/><D83/><U133/><E133/><V123/><F123/><W48/><G48/><T103/><D60/><U75/><E75/><V76/><REACH who="2" step="1"/><F80/><REACH who="2" ten="221,259,260,250" step="2"/><W78/><G108/><N who="1" m="41578" /><E49/><V85/><F85/><W18/><G78/><T63/><D134/><U52/><E51/><V111/><F111/><W12/><G2/><T99/><D132/><U93/><E61/><V55/><F55/><W112/><G112/><T94/><D63/><U95/><E95/><V127/><F127/><W24/><G24/><T40/><D50/><U41/><E41/><V71/><AGARI ba="1,1" hai="1,6,8,28,29,30,62,65,71,76,77,79,104,107" machi="71" ten="30,2000,0" yaku="1,1,0,1,53,0" doraHai="14" doraHaiUra="9" who="2" fromWho="2" sc="221,-6,259,-11,260,33,250,-6" /><INIT seed="2,0,0,5,2,88" ten="215,248,293,244" oya="2" hai0="86,96,124,75,73,9,67,60,18,45,101,47,123" hai1="52,94,31,62,5,36,25,38,106,102,28,42,93" hai2="29,104,37,116,112,115,121,132,6,15,40,99,41" hai3="19,125,68,10,97,107,111,77,76,44,72,130,26"/><V53/><F121/><W117/><G68/><T33/><D124/><U134/><E5/><V65/><F65/><W108/><G44/><T100/><D33/><U20/><E31/><V34/><F116/><W59/><G59/><T30/><D30/><U61/><E134/><V120/><F132/><W56/><G56/><T87/><D123/><U91/><E106/><V7/><F53/><W114/><G26/><T63/><D96/><N who="1" m="59671" /><E38/><V85/><F37/><W0/><G19/><T80/><D80/><U135/><E36/><V131/><F120/><W103/><G10/><T79/><D79/><U21/><E135/><V17/><F29/><W14/><G14/><T119/><D9/><U110/><E20/><V118/><F34/><W54/><G54/><T69/><D18/><U98/><E110/><V128/><F17/><W23/><G23/><T83/><D83/><U46/><E42/><V55/><F41/><W32/><G32/><T126/><D126/><U84/><E98/><V48/><F99/><W90/><G0/><T39/><D39/><U49/><AGARI ba="0,0" hai="21,25,28,46,49,52,61,62,84,91,93" m="59671" machi="49" ten="30,7900,0" yaku="8,1,52,2,54,1" doraHai="88" who="1" fromWho="1" sc="215,-20,248,79,293,-39,244,-20" /><INIT seed="3,0,0,3,4,71" ten="195,327,254,224" oya="3" hai0="112,95,6,18,1,2,14,122,63,0,19,58,123" hai1="36,8,26,133,89,79,23,66,129,75,130,108,116" hai2="10,86,50,67,17,87,70,97,41,126,60,118,42" hai3="13,119,88,65,84,54,51,44,48,99,74,132,78"/><W68/><G119/><T80/><D112/><U11/><E116/><V57/><F118/><W4/><G132/><T3/><N who="0" m="0" /><DORA hai="34" /><T109/><D109/><U33/><E33/><V16/><F126/><W24/><G74/><T92/><D80/><U100/><E100/><V102/><F70/><W135/><G135/><T104/><D104/><U37/><E133/><V30/><F30/><W59/><G68/><T69/><D69/><U103/><E103/><V46/><F41/><W106/><G65/><T20/><D6/><U76/><E66/><V32/><F32/><W25/><G106/><T94/><REACH who="0" step="1"/><D19/><REACH who="0" ten="185,327,254,224" step="2"/><U39/><E108/><V81/><F81/><N who="3" m="47159" /><G4/><T43/><D43/><U28/><E75/><V120/><F17/><W12/><G12/><T49/><D49/><U61/><E61/><V31/><F60/><W5/><G13/><T117/><D117/><U29/><E29/><V38/><F31/><W83/><G5/><T91/><D91/><U114/><E114/><V128/><F50/><W55/><G83/><T96/><D96/><U98/><E79/><V27/><F97/><W90/><G90/><T73/><D73/><U9/><REACH who="1" step="1"/><E76/><REACH who="1" ten="185,317,254,224" step="2"/><V107/><F107/><W113/><G113/><T72/><D72/><U7/><E7/><V101/><F101/><W82/><G82/><T56/><D56/><U115/><E115/><V52/><F57/><W93/><AGARI ba="0,2" hai="24,25,44,48,51,54,55,59,88,93,99" m="47159" machi="93" ten="30,3000,0" yaku="8,1,54,1" doraHai="71,34" who="3" fromWho="3" sc="185,-10,317,-10,254,-10,224,50" /><INIT seed="3,1,0,4,2,12" ten="175,307,244,274" oya="3" hai0="103,50,1,23,43,78,58,37,122,48,11,130,54" hai1="126,123,0,82,132,96,9,46,112,65,104,83,28" hai2="116,2,74,91,33,35,13,31,16,55,38,44,102" hai3="62,42,120,127,70,4,129,21,76,121,22,17,119"/><W93/><G119/><T51/><D122/><U49/><E123/><V41/><F116/><W75/><G42/><T97/><D130/><U66/><E112/><V5/><F74/><W80/><G4/><T113/><D113/><U133/><E28/><V109/><F102/><W34/><G34/><T60/><D78/><U57/><E126/><V10/><F109/><W56/><G22/><T52/><D11/><U110/><E110/><V68/><F68/><W85/><G70/><T108/><D1/><U18/><E96/><V90/><F55/><W32/><G32/><T19/><D108/><U36/><E104/><V117/><F117/><W24/><G129/><T114/><D114/><U84/><E36/><V99/><F99/><W72/><G127/><T124/><D124/><U40/><E83/><V81/><F81/><W131/><G131/><T88/><D37/><U15/><E0/><V6/><F6/><W64/><REACH who="3" step="1"/><G75/><REACH who="3" ten="175,307,244,264" step="2"/><T134/><D43/><U107/><E40/><V59/><F35/><W7/><G7/><T45/><D134/><U101/><E133/><V61/><F33/><W100/><G100/><T63/><D103/><U8/><E132/><V87/><F5/><W67/><G67/><T26/><D63/><N who="1" m="38127" /><E66/><V115/><F61/><W111/><G111/><T128/><D128/><U25/><E101/><V135/><F41/><W69/><G69/><T39/><D39/><U95/><E107/><V3/><F38/><W118/><G118/><T94/><AGARI ba="1,1" hai="19,23,26,45,48,50,51,52,54,58,60,88,94,97" machi="94" ten="30,12000,2" yaku="0,1,25,2,8,1,52,1,54,2" doraHai="12" who="0" fromWho="0" sc="175,133,307,-31,244,-31,264,-61" /><INIT seed="4,0,0,4,5,27" ten="308,276,213,203" oya="0" hai0="0,64,14,51,16,77,59,35,76,81,20,96,78" hai1="53,128,21,49,37,91,113,34,79,87,70,112,28" hai2="102,85,101,8,125,130,134,24,74,12,90,62,117" hai3="109,58,39,48,115,120,52,55,132,69,127,57,106"/><T122/><D122/><U72/><E37/><V25/><F74/><W63/><G106/><T86/><D0/><U38/><E38/><V75/><F75/><W111/><G120/><T73/><D73/><U93/><E70/><V92/><F134/><W26/><G26/><T30/><D35/><U97/><E34/><V105/><F130/><W1/><G1/><T71/><D71/><U47/><E72/><V31/><F25/><W6/><G6/><T100/><D30/><U11/><E11/><V98/><F102/><W119/><G39/><T9/><D20/><U110/><E110/><N who="3" m="41994" /><G119/><T42/><D42/><U89/><E79/><V80/><F125/><W104/><G104/><T108/><D108/><U103/><E128/><V54/><F105/><W40/><G132/><T107/><REACH who="0" step="1"/><D51/><REACH who="0" ten="298,276,213,203" step="2"/><U126/><E126/><V29/><F117/><W129/><G127/><T65/><D65/><U84/><E21/><V41/><F41/><W23/><G23/><T60/><AGARI ba="0,1" hai="9,14,16,59,60,64,76,77,78,81,86,96,100,107" machi="60" ten="30,11700,0" yaku="1,1,0,1,54,1,53,1" doraHai="27" doraHaiUra="7" who="0" fromWho="0" sc="298,127,276,-39,213,-39,203,-39" /><INIT seed="4,1,0,0,4,8" ten="425,237,174,164" oya="0" hai0="105,43,6,11,93,75,123,111,33,77,116,121,131" hai1="1,23,110,133,27,82,3,84,127,30,21,95,79" hai2="25,32,101,14,126,13,46,31,48,55,51,61,5" hai3="74,65,50,68,130,17,42,28,113,102,115,0,125"/><T89/><D116/><U38/><E38/><V78/><F126/><W29/><G74/><T81/><D33/><U83/><E110/><V44/><F101/><W114/><G0/><T122/><D43/><U20/><E127/><V85/><F5/><W2/><G2/><T70/><D70/><U47/><E133/><V132/><F61/><N who="3" m="39983" /><G125/><T34/><D34/><U124/><E124/><V22/><F32/><W99/><G130/><T98/><D111/><U86/><E47/><V35/><F35/><W134/><G134/><T26/><D26/><U40/><E40/><N who="2" m="24583" /><F132/><W129/><G129/><T109/><D109/><U87/><E3/><V56/><F46/><N who="3" m="25943" /><G17/><T58/><D131/><U24/><E1/><V41/><F41/><W88/><G88/><T90/><D105/><AGARI ba="1,0" hai="28,29,99,102,105,113,114,115" m="25943,39983" machi="105" ten="30,1000,0" yaku="15,1" doraHai="8" who="3" fromWho="0" sc="425,-13,237,0,174,0,164,13" /><INIT seed="5,0,0,4,4,94" ten="412,237,174,177" oya="1" hai0="127,131,72,42,126,130,45,69,108,7,77,4,29" hai1="83,89,13,98,33,129,92,70,113,14,93,15,67" hai2="68,95,61,109,133,9,105,128,101,43,79,54,74" hai3="36,73,106,41,50,8,31,102,118,20,44,121,124"/><U114/><E33/><V78/><F109/><W84/><G121/><T53/><D69/><U111/><E111/><V119/><F119/><W3/><G73/><T63/><D108/><U65/><E129/><V23/><F105/><W96/><G118/><T5/><D29/><U34/><E34/><V18/><F128/><N who="0" m="49194" /><D77/><U62/><E65/><V25/><F133/><W47/><G124/><T11/><D72/><U66/><E66/><V115/><F74/><W49/><G3/><T19/><D63/><U120/><E120/><V10/><F115/><N who="1" m="44041" /><E93/><V97/><F43/><W30/><G8/><N who="2" m="3177" /><F68/><W99/><G84/><T27/><D53/><U16/><E83/><V38/><F38/><W123/><G123/><T71/><D71/><U51/><E51/><V107/><F107/><W112/><G112/><T46/><D126/><U82/><E82/><V59/><AGARI ba="0,0" hai="18,23,25,54,59,61,78,79,95,97,101" m="3177" machi="59" ten="30,2000,0" yaku="8,1,52,1" doraHai="94" who="2" fromWho="2" sc="412,-5,237,-10,174,20,177,-5" /><INIT seed="6,0,0,1,1,97" ten="407,227,194,172" oya="2" hai0="83,54,51,103,64,12,98,7,90,91,74,114,66" hai1="58,134,50,31,111,8,130,36,135,29,4,70,104" hai2="109,30,108,13,76,6,95,86,88,47,118,53,110" hai3="96,100,49,39,77,89,124,123,132,10,17,122,40"/><V56/><F30/><W120/><G39/><T84/><D74/><U26/><E111/><V2/><F2/><W75/><G40/><T125/><D125/><U107/><E70/><V68/><F68/><W105/><G49/><T67/><D114/><U32/><E36/><V115/><F115/><W101/><G17/><T121/><D121/><U72/><E72/><V113/><F113/><W78/><G10/><T9/><D91/><U117/><E31/><V28/><F28/><W23/><G23/><T41/><D41/><U81/><E81/><N who="2" m="47399" /><F47/><W106/><G124/><T52/><REACH who="0" step="1"/><D51/><REACH who="0" ten="397,227,194,172" step="2"/><U37/><E37/><V112/><F112/><W60/><G75/><T82/><D82/><U73/><E73/><V85/><F118/><W116/><G116/><T15/><D15/><N who="1" m="5511" /><E117/><V46/><F13/><W3/><G3/><T92/><AGARI ba="0,1" hai="7,9,12,52,54,64,66,67,83,84,90,92,98,103" machi="92" ten="30,8000,1" yaku="1,1,0,1,8,1,52,1,54,1,53,0" doraHai="97" doraHaiUra="65" who="0" fromWho="0" sc="397,90,227,-20,194,-40,172,-20" /><INIT seed="7,0,0,1,2,55" ten="487,207,154,152" oya="3" hai0="23,132,104,94,66,37,83,46,133,61,13,22,59" hai1="77,70,82,84,87,96,101,58,120,18,91,10,50" hai2="57,135,53,52,76,92,115,1,28,88,31,111,126" hai3="11,78,25,33,16,72,65,123,102,30,6,54,0"/><W29/><G123/><T105/><D83/><N who="1" m="49663" /><E70/><V74/><F111/><W27/><G65/><T73/><D73/><U85/><E120/><V116/><F115/><W56/><G102/><T19/><D94/><N who="1" m="58519" /><E85/><V14/><F1/><W49/><G72/><T100/><D100/><U36/><E36/><V43/><F74/><W81/><G81/><T118/><D118/><U107/><E107/><V68/><F116/><W69/><G69/><T80/><D80/><U75/><E75/><V131/><F68/><W89/><G89/><T64/><D64/><U99/><E99/><V79/><F88/><W71/><G71/><T42/><D23/><U17/><E10/><V35/><F35/><W20/><REACH who="3" step="1"/><G78/><REACH who="3" ten="487,207,154,142" step="2"/><T63/><D66/><U41/><E41/><V3/><F43/><W124/><G124/><T110/><D42/><U40/><E40/><V86/><F126/><W95/><G95/><T7/><D37/><U109/><E109/><V2/><F92/><W108/><G108/><T114/><D110/><U127/><E127/><V47/><F79/><W112/><G112/><T129/><D114/><U26/><E77/><V67/><F76/><W134/><G134/><T39/><D39/><U24/><E82/><V128/><F67/><W5/><G5/><T9/><D132/><U117/><E117/><V38/><F135/><W119/><G119/><T32/><D133/><U97/><E97/><V4/><F4/><W8/><G8/><T21/><D9/><U90/><E90/><V60/><F38/><W15/><G15/><T45/><D7/><U34/><E84/><V103/><F86/><RYUUKYOKU ba="0,1" sc="487,-10,207,-10,154,-10,142,30" hai3="0,6,11,16,20,25,27,29,30,33,49,54,56" /><INIT seed="7,1,1,0,2,43" ten="477,197,144,172" oya="3" hai0="21,67,30,85,41,96,92,113,6,39,57,56,47" hai1="45,37,63,1,11,104,36,118,79,42,10,32,98" hai2="48,115,87,65,123,84,34,31,8,107,60,71,58" hai3="18,95,5,120,88,119,83,52,53,54,135,69,9"/><W97/><G120/><T110/><D110/><U13/><E32/><V130/><F123/><W20/><G119/><T132/><D132/><U16/><E118/><V81/><F115/><W73/><G135/><T124/><D124/><U134/><E134/><V103/><F130/><W33/><G33/><T82/><D6/><U93/><E104/><V122/><F122/><W59/><G69/><T40/><D40/><U72/><E63/><V17/><F8/><W86/><G73/><T112/><D67/><U23/><E37/><V74/><F74/><W99/><G59/><T101/><D21/><U111/><E111/><V24/><F17/><W91/><G9/><T50/><D30/><U117/><E117/><V105/><F81/><W51/><G5/><T102/><D102/><U100/><E1/><V55/><F107/><W26/><G51/><T35/><D35/><U7/><E7/><V125/><F125/><W14/><G97/><AGARI ba="1,1" hai="24,31,34,48,55,58,60,65,71,84,87,97,103,105" machi="97" ten="40,2600,0" yaku="25,2" doraHai="43" who="2" fromWho="3" sc="477,0,197,0,144,39,172,-29" owari="477,58.0,197,0.0,183,-22.0,143,-36.0" /></mjloggm>