<mjloggm ver="2.3"><GO type="97" lobby="0"/><UN n0="%E3%83%8F%E3%83%83%E3%82%AF%E3%83%B3%E3%82%AF%E3%83%B3" n1="%E4%B8%8A%E5%AE%B6%E9%B3%B4%E3%81%8B%E3%81%9B%E3%82%8D" n2="%E3%82%A6%E3%83%AB%E3%83%88%E3%83%A9%E7%AB%8B%E7%9B%B4" n3="%CF%83%E9%8F%A1" dan="15,15,15,14" rate="1963.02,2046.98,2039.76,1926.33" sx="M,M,M,M"/><TAIKYOKU oya="0"/><INIT seed="0,0,0,2,1,92" ten="250,250,250,250" oya="0" hai0="42,47,102,84,35,29,74,117,17,93,13,43,66" hai1="51,114,109,72,82,108,40,105,134,132,15,98,130" hai2="61,24,16,70,121,96,5,116,87,64,30,104,6" hai3="113,88,91,53,115,0,49,41,75,73,101,8,79"/><T9/><D117/><U7/><E40/><V38/><F38/><W89/><G41/><T123/><D123/><U44/><E44/><V126/><F121/><W57/><G101/><T122/><D122/><U135/><E51/><V76/><F126/><W65/><G65/><T32/><D74/><U1/><E15/><V31/><F31/><W2/><G115/><T27/><D66/><U133/><N who="1" m="33792" /><DORA hai="19" /><U58/><E58/><V34/><F116/><W124/><G113/><T112/><D112/><U26/><E130/><V68/><F68/><W80/><G124/><T21/><D43/><U106/><E26/><V118/><F118/><W33/><G75/><T22/><D35/><U85/><E114/><V25/><F87/><W81/><G81/><T77/><D77/><N who="1" m="44327" /><E85/><V10/><F76/><W97/><G97/><T63/><D63/><U12/><E12/><N who="2" m="7191" /><F104/><N who="1" m="40041" /><E98/><V59/><F25/><W55/><G33/><T95/><D84/><U120/><E120/><V3/><F59/><W71/><G71/><T99/><REACH who="0" step="1"/><D95/><REACH who="0" ten="240,250,250,250" step="2"/><U111/><E7/><V62/><F62/><W39/><G39/><AGARI ba="0,1" hai="9,13,17,21,22,27,29,32,39,42,47,93,99,102" machi="39" ten="30,18000,2" yaku="1,1,2,1,7,1,52,3,53,0" doraHai="92,19" doraHaiUra="48,52" who="0" fromWho="3" sc="240,190,250,0,250,0,250,-180" /><INIT seed="0,1,0,2,2,84" ten="430,250,250,70" oya="0" hai0="115,44,92,106,68,16,57,30,22,5,17,82,83" hai1="8,54,60,2,10,105,33,135,94,4,127,15,56" hai2="102,49,26,13,96,85,69,118,119,95,45,134,52" hai3="21,88,53,6,51,18,65,98,20,0,86,67,114"/><T126/><D68/><U73/><E105/><V107/><F69/><W48/><G114/><T58/><D106/><U28/><E73/><V75/><F75/><W43/><G98/><T1/><D115/><U42/><E42/><V90/><F134/><W113/><G113/><T131/><D131/><U31/><E135/><V29/><REACH who="2" step="1"/><F13/><REACH who="2" ten="430,250,240,70" step="2"/><W76/><G76/><T117/><D1/><U35/><E127/><V36/><F36/><W77/><G77/><T37/><D126/><U40/><E2/><V123/><F123/><W72/><G72/><T46/><D37/><U61/><E15/><V27/><F27/><W70/><G70/><T122/><D122/><U111/><E35/><AGARI ba="1,1" hai="26,29,35,45,49,52,85,90,95,96,102,107,118,119" machi="35" ten="40,5200,0" yaku="1,1,52,1,54,1,53,0" doraHai="84" doraHaiUra="128" who="2" fromWho="1" sc="430,0,250,-55,240,65,70,0" /><INIT seed="1,0,0,4,0,54" ten="430,195,305,70" oya="1" hai0="40,6,32,23,63,81,67,134,123,118,31,75,114" hai1="111,78,100,9,26,77,120,87,20,117,21,88,43" hai2="58,122,128,104,47,76,98,19,107,13,68,56,108" hai3="115,96,83,99,94,101,105,49,84,91,29,65,57"/><U33/><E117/><V46/><F68/><W27/><G115/><T127/><D118/><U25/><E120/><V69/><F69/><W38/><G38/><T131/><D123/><U133/><E133/><V79/><F122/><W34/><G49/><T10/><D114/><U74/><E74/><V53/><F98/><W124/><G124/><T36/><D134/><U42/><E33/><V55/><F13/><W24/><G24/><T22/><D127/><U132/><E132/><V121/><F121/><W70/><G83/><T82/><D131/><U109/><E100/><V126/><F19/><W14/><G14/><T62/><D32/><U90/><E87/><V97/><F97/><W80/><G80/><T3/><D81/><U66/><E66/><V17/><F17/><W59/><REACH who="3" step="1"/><G84/><REACH who="3" ten="430,195,305,60" step="2"/><T44/><D63/><AGARI ba="0,1" hai="27,29,34,57,59,63,65,70,91,94,96,99,101,105" machi="63" ten="40,16000,3" yaku="1,1,2,1,25,2,52,2,53,2" doraHai="54" doraHaiUra="52" who="3" fromWho="0" sc="430,-160,195,0,305,0,60,170" /><INIT seed="2,0,0,5,0,122" ten="270,195,305,230" oya="2" hai0="57,68,2,132,17,109,5,15,98,7,18,21,43" hai1="47,55,59,74,133,72,86,62,42,110,61,81,119" hai2="64,112,92,120,79,131,104,107,67,45,128,37,16" hai3="75,87,56,35,32,76,73,44,31,84,38,93,95"/><V121/><F112/><W135/><G56/><T77/><D68/><U51/><E119/><V3/><F3/><W23/><G23/><T12/><D77/><U80/><E133/><V33/><F33/><W118/><G44/><T88/><D2/><U106/><E106/><V41/><F79/><W14/><G14/><T123/><D123/><N who="2" m="47178" /><F92/><W85/><G38/><T71/><D71/><U26/><E26/><V78/><F78/><W9/><G9/><N who="0" m="6287" /><D132/><U19/><E19/><V82/><F82/><W60/><G60/><T22/><D109/><U52/><E81/><V134/><F16/><W10/><G10/><N who="0" m="6519" /><D57/><U6/><E6/><N who="0" m="2057" /><D43/><U126/><E74/><V13/><F13/><W115/><G135/><T90/><D90/><U100/><E72/><V30/><F30/><W65/><G75/><T20/><D98/><U29/><E29/><V89/><F89/><W48/><G31/><T83/><D88/><U58/><E100/><V130/><F134/><W94/><G73/><T8/><D83/><U129/><E80/><V40/><F40/><W69/><G76/><T108/><D108/><U117/><E110/><V46/><F46/><W70/><G87/><T1/><D1/><U34/><E86/><V27/><F27/><W113/><G93/><T28/><D8/><U63/><E63/><V124/><F124/><W127/><G127/><T24/><AGARI ba="0,0" hai="20,21,22,24,28" m="2057,6519,6287" machi="24" ten="30,12000,2" yaku="8,1,35,5" doraHai="122" who="0" fromWho="0" sc="270,120,195,-30,305,-60,230,-30" /><INIT seed="3,0,0,2,1,8" ten="390,165,245,200" oya="3" hai0="39,46,26,50,63,92,42,122,13,0,17,129,71" hai1="83,98,67,103,24,4,93,99,72,25,36,40,54" hai2="64,45,82,84,57,133,53,6,110,80,88,73,75" hai3="2,106,41,100,51,130,115,128,117,96,35,49,107"/><W10/><G117/><T76/><D122/><U108/><E108/><V101/><F110/><W18/><G115/><T111/><D0/><U135/><E135/><V104/><F133/><W125/><G35/><T68/><D26/><U119/><E119/><V89/><F64/><W20/><G106/><T23/><D76/><U81/><E72/><V62/><F6/><W78/><G78/><T7/><D7/><U33/><E67/><V34/><F45/><W58/><G125/><T102/><D111/><U52/><E4/><V43/><F43/><W44/><G2/><T65/><D129/><N who="3" m="49769" /><G10/><T5/><D5/><U38/><E40/><V61/><F34/><W29/><G29/><T9/><D9/><U55/><E33/><V77/><F77/><W30/><G30/><T60/><D39/><N who="1" m="14891" /><E93/><V121/><F121/><W132/><G132/><T94/><D102/><U59/><E59/><V79/><F101/><W116/><G116/><T87/><D87/><U16/><E103/><V69/><F104/><W47/><G58/><T22/><D22/><U127/><E127/><V109/><F79/><W112/><G112/><T1/><D1/><U105/><E105/><V120/><F109/><W90/><G90/><T86/><D86/><U11/><E11/><V97/><F120/><W14/><G47/><T70/><D71/><U123/><E123/><V37/><F89/><W118/><G118/><T28/><D28/><U27/><E16/><V31/><F88/><W21/><G20/><T56/><D68/><U124/><E124/><V85/><F31/><W19/><G19/><T3/><D3/><RYUUKYOKU ba="0,0" sc="390,10,165,10,245,-30,200,10" hai0="13,17,23,42,46,50,56,60,63,65,70,92,94" hai1="24,25,27,52,54,55,81,83,98,99" hai3="14,18,21,41,44,49,51,96,100,107" /><INIT seed="3,1,0,2,1,2" ten="400,175,215,210" oya="3" hai0="126,20,54,122,46,89,28,63,48,73,92,118,125" hai1="51,72,97,76,94,116,3,10,99,11,16,31,78" hai2="6,26,40,66,56,38,90,127,7,36,32,8,84" hai3="17,83,69,135,49,43,62,30,35,0,105,88,80"/><W44/><G0/><T86/><D122/><U128/><E116/><V77/><F77/><W9/><G105/><T124/><D73/><U111/><E128/><V23/><F32/><W114/><G114/><T15/><D63/><U113/><E111/><V39/><F40/><W101/><G101/><T102/><D102/><U42/><E113/><V87/><F87/><W117/><G117/><T110/><D110/><U58/><E72/><V107/><F107/><W25/><G135/><T96/><D118/><U74/><E74/><V81/><F127/><W93/><G17/><N who="0" m="10303" /><D28/><U115/><E115/><V108/><F38/><W14/><G69/><T112/><D112/><U12/><E31/><N who="2" m="17887" /><F39/><W121/><G62/><T70/><D70/><U95/><E3/><V64/><F36/><W68/><G68/><T65/><D65/><U34/><E34/><V131/><F66/><W1/><G1/><T120/><D120/><U82/><E82/><V119/><F119/><W29/><G121/><T91/><D89/><U67/><E11/><V103/><F103/><W132/><G132/><T47/><D86/><U134/><E134/><V79/><F90/><W13/><G30/><T100/><D91/><N who="1" m="55519" /><E67/><V71/><F71/><W59/><G59/><AGARI ba="1,0" hai="46,47,48,54,59,92,96,100,124,125,126" m="10303" machi="59" ten="30,1000,0" yaku="18,1" doraHai="2" who="0" fromWho="3" sc="400,13,175,0,215,0,210,-13" owari="413,50.0,175,-32.0,215,2.0,197,-20.0" /></mjloggm>