<mjloggm ver="2.3"><GO type="97" lobby="0"/><UN n0="%62%61%6D%69%63%6F" n1="%E8%A3%B8%E6%97%8F%E2%80%A0%E5%8C%A0%E4%BA%BA" n2="%44%6F%6C%74%6F%6E" n3="%E3%82%A6%E3%83%AB%E3%83%88%E3%83%A9%E7%AB%8B%E7%9B%B4" dan="14,13,15,15" rate="1930.58,1845.64,1981.24,1990.36" sx="M,M,M,M"/><TAIKYOKU oya="0"/><INIT seed="0,0,0,3,0,31" ten="250,250,250,250" oya="0" hai0="50,114,10,98,75,99,55,127,94,123,46,90,86" hai1="58,89,19,72,15,113,7,21,30,45,122,121,57" hai2="81,131,20,35,53,109,70,52,2,26,64,100,92" hai3="71,102,83,96,38,120,106,54,95,110,84,132,6"/><T79/><D114/><U29/><E72/><V117/><F109/><W80/><G110/><T60/><D123/><U77/><E77/><V107/><F107/><W112/><G112/><T73/><D127/><U65/><E113/><V4/><F131/><W40/><G71/><T47/><D75/><U62/><E7/><V49/><F117/><W118/><G118/><T36/><D60/><U115/><E115/><V42/><F35/><W126/><G126/><T124/><D124/><U41/><E58/><V76/><F70/><W5/><G106/><T129/><D129/><U25/><E89/><V56/><F2/><W119/><G83/><T103/><D99/><U87/><E87/><N who="2" m="48551" /><F4/><W39/><G119/><T16/><D73/><U82/><E82/><V134/><F134/><W97/><G132/><T135/><D135/><U44/><E30/><N who="2" m="17735" /><F42/><W28/><G28/><T27/><D79/><U33/><REACH who="1" step="1"/><E45/><REACH who="1" ten="250,240,250,250" step="2"/><V1/><F1/><W67/><G6/><T133/><D133/><U104/><E104/><V74/><F74/><W105/><G5/><T12/><D36/><AGARI ba="0,1" hai="15,19,21,25,29,33,36,41,44,57,62,65,121,122" machi="36" ten="30,3900,0" yaku="1,1,7,1,52,1,53,0" doraHai="31" doraHaiUra="101" who="1" fromWho="0" sc="250,-39,240,49,250,0,250,0" /><INIT seed="1,0,0,4,1,97" ten="211,289,250,250" oya="1" hai0="86,26,23,125,65,38,72,78,19,113,73,12,131" hai1="100,55,84,54,120,4,79,129,68,59,102,96,30" hai2="17,36,122,56,76,119,52,67,25,8,110,128,33" hai3="74,126,118,61,66,83,82,63,111,124,47,107,121"/><U133/><E68/><V108/><F119/><W70/><G121/><T104/><D113/><U40/><E120/><V98/><F122/><W41/><G118/><T53/><D38/><U92/><E40/><V71/><F128/><W27/><G111/><N who="2" m="42537" /><F36/><N who="3" m="21927" /><G27/><T130/><D65/><U32/><E129/><N who="0" m="49161" /><D104/><U88/><E133/><V35/><F76/><N who="3" m="44311" /><G83/><N who="0" m="47479" /><D125/><N who="3" m="48233" /><G63/><T134/><D134/><U105/><E4/><V42/><F42/><W28/><G28/><N who="0" m="17503" /><D53/><U106/><E30/><V24/><F52/><W2/><G2/><T135/><D135/><U18/><E32/><V0/><F35/><W44/><G44/><T14/><D14/><U94/><E18/><V114/><F56/><W1/><G1/><T93/><D93/><U87/><E54/><V81/><F33/><W57/><G107/><T115/><D115/><U60/><E84/><V10/><F114/><W9/><G9/><AGARI ba="0,0" hai="9,12,19,72,73" m="17503,47479,49161" machi="9" ten="30,1000,0" yaku="19,1" doraHai="97" who="0" fromWho="3" sc="211,10,289,0,250,0,250,-10" /><INIT seed="2,0,0,0,2,53" ten="221,289,250,240" oya="2" hai0="65,85,50,87,25,111,82,22,40,34,44,2,48" hai1="32,23,8,96,112,72,56,52,0,79,62,84,63" hai2="126,69,39,55,123,28,104,24,73,119,15,5,114" hai3="100,7,3,6,10,134,133,14,27,95,129,91,43"/><V54/><F114/><W60/><G100/><T33/><D111/><U108/><E72/><V45/><F119/><W21/><G43/><T66/><D2/><U125/><E32/><V18/><F123/><W122/><G122/><T51/><D34/><U128/><E112/><V71/><F73/><W130/><G60/><T115/><D33/><U117/><E117/><V78/><F78/><W20/><G91/><T49/><D115/><U118/><E118/><V88/><F5/><W59/><G59/><T36/><N who="0" m="12800" /><DORA hai="26" /><T113/><D113/><U75/><E75/><V31/><F104/><W107/><G95/><T46/><D87/><U124/><E108/><V67/><F24/><W101/><G101/><T13/><D13/><U98/><E128/><N who="3" m="49258" /><G107/><T41/><D46/><U116/><E116/><V4/><F4/><W86/><G86/><T92/><D92/><U19/><E63/><V61/><F71/><W102/><G102/><T94/><D94/><U103/><E103/><V76/><F76/><W121/><G121/><T135/><D41/><U93/><E79/><V12/><F39/><W105/><G105/><T68/><D68/><U99/><E84/><V80/><F45/><W16/><G7/><T58/><D85/><U110/><E93/><V11/><F15/><W57/><G57/><T97/><D58/><U106/><E106/><V30/><F80/><W35/><G35/><T17/><D82/><U131/><E131/><V127/><F88/><W37/><G37/><T42/><D42/><U74/><E74/><V9/><F9/><W29/><AGARI ba="0,0" hai="3,6,10,14,16,20,21,27,29,133,134" m="49258" machi="29" ten="30,8000,1" yaku="19,1,34,2,52,1,54,1" doraHai="53,26" who="3" fromWho="3" sc="221,-20,289,-20,250,-40,240,80" /><INIT seed="3,0,0,0,1,110" ten="201,269,210,320" oya="3" hai0="91,15,128,123,42,17,122,120,10,64,94,114,70" hai1="28,62,20,83,31,6,38,23,59,86,9,87,109" hai2="0,92,16,4,39,25,30,102,93,81,22,7,40" hai3="24,104,106,69,46,80,32,95,118,105,78,67,13"/><W74/><G95/><T50/><D128/><U68/><E68/><V33/><F81/><W71/><G13/><T100/><D114/><U89/><E38/><V135/><F135/><W56/><G56/><T43/><D100/><U130/><E130/><V75/><F75/><W49/><G49/><T18/><D50/><U41/><E41/><V79/><F79/><W21/><G21/><T61/><REACH who="0" step="1"/><D18/><REACH who="0" ten="191,269,210,320" step="2"/><U132/><E109/><V119/><F102/><W77/><G118/><T48/><D48/><U101/><E132/><V14/><F119/><W97/><G104/><T19/><D19/><U90/><E101/><V29/><F29/><W12/><G106/><T73/><D73/><U96/><E28/><V134/><F134/><W129/><G105/><T27/><D27/><U108/><E108/><V55/><F7/><W44/><G24/><T45/><D45/><U66/><E31/><V47/><F55/><W37/><G46/><T53/><D53/><U34/><E34/><V126/><F126/><W2/><G44/><T133/><D133/><U124/><E124/><V117/><F117/><W98/><G32/><T88/><D88/><U26/><E26/><V99/><REACH who="2" step="1"/><F99/><AGARI ba="0,1" hai="10,15,17,42,43,61,64,70,91,94,99,120,122,123" machi="99" ten="40,1300,0" yaku="1,1,53,0" doraHai="110" doraHaiUra="3" who="0" fromWho="2" sc="191,23,269,0,210,-13,320,0" owari="214,-19.0,269,7.0,197,-30.0,320,42.0" /></mjloggm>