<mjloggm ver="2.3"><GO type="41" lobby="0"/><UN n0="%E3%83%84%E3%83%90%E3%83%A1%E8%BF%94%E3%81%97%E3%81%99%E3%82%8B%E3%81%8A" n1="%E3%82%8B%E3%83%BC%E3%81%A4" n2="%E3%82%A6%E3%83%AB%E3%83%88%E3%83%A9%E7%AB%8B%E7%9B%B4" n3="%E3%81%86%E2%98%85%E3%82%93%E2%98%85%E3%81%A1" dan="13,14,16,14" rate="1845.91,1902.01,2057.11,1935.30" sx="M,F,M,M"/><TAIKYOKU oya="0"/><INIT seed="0,0,0,3,0,31" ten="250,250,250,250" oya="0" hai0="128,107,68,81,133,46,99,63,1,53,11,19,54" hai1="65,102,94,3,121,97,110,59,86,124,16,122,45" hai2="26,117,74,109,50,44,32,69,12,56,95,47,51" hai3="22,111,104,60,33,77,90,8,87,115,134,9,72"/><T30/><D128/><U61/><E3/><V36/><F74/><W135/><G115/><T79/><D133/><N who="3" m="50697" /><G104/><T42/><D30/><U76/><E45/><V39/><F26/><W2/><G111/><T24/><D24/><U73/><E110/><V114/><F12/><W88/><G60/><T57/><D68/><U101/><E101/><V67/><F95/><N who="3" m="54687" /><G22/><T112/><D112/><U38/><E38/><V27/><F27/><W98/><G77/><T80/><D81/><U41/><E41/><V71/><F109/><W43/><G72/><T10/><D11/><N who="3" m="4169" /><G2/><T48/><D107/><U49/><E73/><V55/><F114/><W34/><G43/><T4/><D99/><U83/><E49/><V103/><F103/><W66/><G66/><T82/><D80/><U13/><E124/><V120/><F67/><W37/><G37/><T113/><D113/><U132/><E132/><V84/><F39/><W96/><G96/><T21/><D21/><AGARI ba="0,0" hai="13,16,21,59,61,65,76,83,86,94,97,102,121,122" machi="21" ten="30,2000,0" yaku="7,1,54,1" doraHai="31" who="1" fromWho="0" sc="250,-20,250,20,250,0,250,0" /><INIT seed="1,0,0,4,5,66" ten="230,270,250,250" oya="1" hai0="32,126,37,38,34,57,62,17,68,100,128,125,112" hai1="121,133,8,94,132,40,26,31,127,19,58,75,46" hai2="113,60,50,69,109,41,42,118,7,3,23,48,24" hai3="52,103,1,55,72,2,56,43,65,73,51,88,30"/><U130/><E121/><V11/><F118/><W67/><G103/><T78/><D112/><U44/><E75/><V114/><F109/><W74/><G30/><T104/><D78/><U12/><E127/><N who="0" m="48649" /><D128/><U35/><E130/><V135/><F135/><W53/><G43/><T79/><D79/><U115/><E115/><N who="2" m="44043" /><F48/><W107/><G107/><T28/><D17/><U59/><E94/><V85/><F85/><W39/><G39/><N who="0" m="14859" /><D57/><U4/><E19/><N who="2" m="12415" /><F50/><W116/><G116/><T54/><D54/><U45/><REACH who="1" step="1"/><E40/><REACH who="1" ten="230,260,250,250" step="2"/><V16/><F16/><W36/><G36/><T95/><D95/><U81/><E81/><V49/><F42/><W101/><G51/><T14/><D104/><U29/><E29/><V5/><F49/><W98/><G74/><T83/><D83/><U21/><E21/><V80/><F41/><W18/><G73/><T47/><D47/><U119/><E119/><V124/><F80/><W108/><G72/><T13/><D28/><U105/><E105/><V111/><F124/><W87/><G56/><AGARI ba="0,1" hai="4,8,12,26,31,35,44,45,46,56,58,59,132,133" machi="56" ten="40,2000,0" yaku="1,1,53,0" doraHai="66" doraHaiUra="71" who="1" fromWho="3" sc="230,0,260,30,250,0,250,-20" /><INIT seed="1,1,0,1,4,30" ten="230,290,250,230" oya="1" hai0="129,92,25,125,113,108,11,51,64,39,14,89,26" hai1="7,43,119,96,62,66,124,54,85,4,105,56,115" hai2="80,44,20,55,40,65,10,99,37,103,70,8,69" hai3="15,38,16,75,3,123,6,131,130,110,90,34,106"/><U78/><E119/><V13/><F65/><W32/><G123/><T18/><D39/><U120/><E120/><V72/><F10/><N who="3" m="2399" /><G106/><T17/><D108/><U1/><E43/><V114/><F114/><W118/><G75/><T87/><D113/><U109/><E115/><V116/><F116/><W36/><G118/><T134/><D129/><N who="3" m="49161" /><G90/><T84/><D134/><U93/><E105/><V63/><F72/><W107/><G107/><T101/><D125/><U35/><E124/><V27/><F80/><W79/><G79/><T94/><D64/><U2/><E66/><V117/><F117/><W67/><G67/><T88/><D101/><U24/><E78/><V53/><F99/><W61/><G61/><T74/><D74/><U33/><E96/><V47/><F103/><W57/><G57/><T12/><D51/><U9/><E85/><V59/><F47/><W122/><G122/><T23/><AGARI ba="1,0" hai="11,12,14,17,18,23,25,26,84,87,88,89,92,94" machi="23" ten="20,8000,1" yaku="0,1,7,1,9,1,8,1,54,1" doraHai="30" who="0" fromWho="0" sc="230,83,290,-41,250,-21,230,-21" /><INIT seed="2,0,0,4,0,40" ten="313,249,229,209" oya="2" hai0="103,72,62,11,45,108,134,44,131,53,74,15,46" hai1="124,18,47,117,1,22,109,104,114,86,78,61,25" hai2="36,42,135,33,99,80,95,27,112,3,87,21,7" hai3="132,60,118,58,30,113,70,82,56,127,125,24,65"/><V20/><F33/><W13/><G118/><T48/><D108/><U120/><E109/><V79/><F135/><W123/><G123/><T98/><D131/><U38/><E104/><V10/><F112/><W91/><G113/><T71/><D134/><U116/><E120/><V57/><F27/><W8/><G132/><T29/><D29/><U77/><E114/><V73/><F73/><W9/><G91/><T52/><D74/><U59/><E1/><V28/><F28/><W19/><G82/><T14/><D72/><U66/><E86/><V85/><F85/><W89/><G89/><T129/><D129/><U51/><E38/><V122/><F122/><W106/><G8/><T110/><D110/><U90/><E90/><V115/><F115/><W81/><G81/><T94/><D71/><U88/><E88/><V130/><F130/><W41/><G106/><T39/><D39/><U43/><REACH who="1" step="1"/><E124/><REACH who="1" ten="313,239,229,209" step="2"/><V37/><F37/><W128/><G128/><T121/><D121/><U83/><E83/><V34/><F95/><W16/><G127/><T97/><D98/><U32/><E32/><V69/><F99/><W12/><G125/><T100/><D103/><U0/><E0/><V50/><F34/><W133/><G133/><T68/><D68/><U76/><AGARI ba="0,1" hai="18,22,25,43,47,51,59,61,66,76,77,78,116,117" machi="76" ten="30,12000,2" yaku="1,1,0,1,52,1,53,3" doraHai="40" doraHaiUra="75" who="1" fromWho="1" sc="313,-30,239,130,229,-60,209,-30" /><INIT seed="3,0,0,4,3,45" ten="283,369,169,179" oya="3" hai0="54,1,82,15,87,53,112,43,78,86,104,71,129" hai1="3,28,24,117,32,111,135,106,68,98,83,84,132" hai2="88,125,10,63,9,12,90,133,96,52,108,69,18" hai3="128,33,57,73,16,72,50,123,8,79,77,56,19"/><W46/><G123/><T93/><D1/><U100/><E3/><V127/><F133/><W60/><G33/><T41/><D104/><U6/><E6/><V11/><F108/><W49/><G128/><T25/><D129/><U101/><E111/><V38/><F38/><W17/><G73/><T23/><D112/><U66/><E117/><V42/><F42/><W109/><G72/><T20/><D71/><U40/><E40/><N who="0" m="15433" /><D93/><U58/><E58/><N who="3" m="22634" /><G46/><T39/><D87/><U95/><E95/><V118/><F118/><W5/><G109/><T119/><D39/><U59/><E59/><N who="2" m="35303" /><F69/><W44/><G44/><T103/><D103/><U21/><E101/><V134/><F134/><W94/><G60/><T105/><D105/><U62/><REACH who="1" step="1"/><E21/><REACH who="1" ten="283,359,169,179" step="2"/><N who="2" m="11463" /><F96/><W99/><G5/><T89/><D119/><U130/><E130/><V29/><F29/><W0/><G0/><T2/><D2/><U124/><E124/><AGARI ba="0,1" hai="9,10,11,88,90,124,125,127" m="11463,35303" machi="124" ten="30,3900,0" yaku="18,1,54,2" doraHai="45" who="2" fromWho="1" sc="283,0,359,-39,169,49,179,0" /><INIT seed="4,0,0,3,4,83" ten="283,320,218,179" oya="0" hai0="65,85,80,121,114,7,25,45,119,76,62,92,42" hai1="82,117,120,98,33,84,1,96,5,34,93,70,104" hai2="118,13,131,88,28,39,18,79,69,50,89,31,16" hai3="108,63,135,122,38,116,0,77,49,72,55,81,52"/><T61/><D119/><U125/><E70/><V36/><F69/><W66/><G116/><T44/><D121/><U47/><E117/><V9/><F131/><W22/><G108/><T74/><D114/><U97/><E120/><V94/><F39/><W35/><G122/><T32/><D7/><U48/><E104/><V100/><F36/><W29/><G35/><T60/><D65/><U11/><E93/><V53/><F79/><W99/><G38/><T21/><D32/><U68/><E68/><V26/><F100/><W90/><G0/><T106/><D106/><U37/><E37/><V87/><F118/><W133/><G29/><T107/><D107/><U58/><E58/><V40/><F40/><W112/><G22/><T127/><D127/><U91/><REACH who="1" step="1"/><E125/><REACH who="1" ten="283,310,218,179" step="2"/><V73/><F73/><W54/><G112/><T101/><D74/><U109/><E109/><V105/><F105/><W64/><G133/><T103/><D92/><U6/><E6/><V86/><F18/><W4/><G135/><T57/><D57/><U102/><E102/><N who="0" m="38921" /><D42/><AGARI ba="0,1" hai="1,5,11,33,34,42,47,48,82,84,91,96,97,98" machi="42" ten="40,2600,0" yaku="1,1,52,1,53,0" doraHai="83" doraHaiUra="123" who="1" fromWho="0" sc="283,-26,310,36,218,0,179,0" /><INIT seed="5,0,0,2,0,19" ten="257,346,218,179" oya="1" hai0="54,21,22,8,59,45,31,35,85,70,117,73,0" hai1="30,119,38,3,82,57,32,56,23,39,126,103,6" hai2="96,92,79,48,65,67,52,113,116,36,78,132,62" hai3="28,5,124,4,98,51,11,37,94,33,50,25,99"/><U20/><E119/><V41/><F116/><W93/><G37/><T122/><D73/><U26/><E103/><V34/><F34/><W12/><G124/><T64/><D117/><U107/><E107/><V18/><F132/><W71/><G71/><T40/><D35/><U49/><E126/><V80/><F113/><W60/><G60/><T91/><D31/><U89/><E38/><V130/><F130/><W90/><REACH who="3" step="1"/><G4/><REACH who="3" ten="257,346,218,169" step="2"/><T16/><D122/><U7/><E39/><V69/><F69/><W9/><G9/><T1/><D70/><U46/><E7/><V128/><F36/><W58/><G58/><T55/><D0/><U13/><E3/><V135/><F62/><W63/><G63/><T111/><D1/><U83/><E6/><V115/><F128/><W129/><G129/><T72/><D111/><U109/><E109/><V104/><F135/><W74/><G74/><T68/><D72/><U97/><E56/><V10/><F10/><W123/><G123/><T88/><D68/><U75/><E57/><V76/><F115/><W2/><G2/><T86/><D64/><U17/><E75/><V100/><F67/><W105/><G105/><T110/><D110/><U47/><E46/><V81/><F65/><W77/><G77/><T15/><D59/><U53/><E32/><V87/><F104/><W131/><G131/><T118/><D118/><U114/><E114/><V29/><F79/><W101/><AGARI ba="0,1" hai="5,11,12,25,28,33,50,51,90,93,94,98,99,101" machi="101" ten="20,8000,1" yaku="1,1,0,1,7,1,53,2" doraHai="19" doraHaiUra="95" who="3" fromWho="3" sc="257,-20,346,-40,218,-20,169,90" /><INIT seed="6,0,0,3,4,95" ten="237,306,198,259" oya="2" hai0="39,56,32,115,62,17,126,96,58,124,132,121,44" hai1="70,26,81,12,50,111,116,64,34,87,9,18,94" hai2="30,135,79,57,80,41,83,14,63,37,91,8,102" hai3="48,84,33,105,123,90,107,74,106,117,97,120,119"/><V134/><F102/><W100/><G33/><T5/><D32/><U31/><E116/><V23/><F41/><W60/><G60/><T112/><D5/><U61/><E111/><V86/><F37/><W38/><G48/><T127/><D17/><U2/><E94/><V131/><F131/><W49/><G49/><T69/><D96/><U76/><E2/><V40/><F40/><W51/><G51/><T89/><D89/><U42/><E50/><V35/><F35/><W52/><G52/><T66/><D121/><U53/><E53/><V15/><F15/><W10/><G10/><T114/><D132/><N who="2" m="50730" /><F23/><W110/><G38/><T133/><D133/><U28/><E42/><AGARI ba="0,0" hai="39,42,44,56,58,62,66,69,112,114,115,124,126,127" machi="42" ten="50,8000,1" yaku="15,1,18,1,34,3" doraHai="95" who="0" fromWho="1" sc="237,80,306,-80,198,0,259,0" /><INIT seed="7,0,0,3,2,115" ten="317,226,198,259" oya="3" hai0="114,21,57,55,120,80,42,11,111,133,45,92,135" hai1="67,99,100,19,70,29,43,12,129,131,77,69,82" hai2="16,44,50,127,123,125,91,53,28,35,97,101,112" hai3="74,17,81,95,68,62,9,75,93,121,124,90,49"/><W13/><G121/><T31/><D111/><U48/><E29/><V34/><F123/><W116/><G116/><T98/><D120/><U2/><E2/><V40/><F28/><W109/><G109/><T87/><D114/><U36/><E36/><V64/><F112/><W59/><G68/><T39/><D11/><U46/><E67/><V1/><F1/><W88/><G124/><T118/><D118/><U72/><E131/><V47/><F64/><W132/><G132/><N who="0" m="50763" /><D31/><U22/><REACH who="1" step="1"/><E129/><REACH who="1" ten="317,216,198,259" step="2"/><V15/><F35/><W84/><G49/><T4/><D39/><U110/><E110/><V105/><F34/><W117/><G117/><T102/><D42/><U0/><E0/><V32/><F32/><W33/><G33/><T23/><D55/><U96/><E96/><V58/><F91/><W94/><REACH who="3" step="1"/><G90/><REACH who="3" ten="317,216,198,249" step="2"/><T18/><D102/><U5/><E5/><V122/><F122/><W79/><G79/><T107/><D4/><U41/><E41/><V71/><F71/><W83/><G83/><T104/><D98/><U20/><E20/><N who="2" m="11295" /><F40/><W56/><G56/><T38/><D57/><U65/><E65/><AGARI ba="0,2" hai="9,13,17,59,62,65,74,75,81,84,88,93,94,95" machi="65" ten="40,3900,0" yaku="1,1,54,1,53,0" doraHai="115" doraHaiUra="26" who="3" fromWho="1" sc="317,0,216,-39,198,0,249,59" /><INIT seed="7,1,0,0,1,58" ten="317,177,198,308" oya="3" hai0="68,81,79,128,28,6,12,122,9,61,93,84,76" hai1="42,63,8,30,36,105,44,114,25,23,82,49,119" hai2="71,10,117,110,4,121,53,18,3,74,20,96,65" hai3="0,75,40,22,24,57,95,98,89,1,72,13,90"/><W43/><G1/><T80/><D122/><U132/><E119/><V115/><F74/><W116/><G0/><T120/><D120/><U2/><E114/><V129/><F117/><W21/><G116/><T102/><D61/><U38/><E132/><V92/><F110/><W55/><G75/><T50/><D68/><U32/><E105/><V113/><F121/><W125/><G72/><T104/><D104/><U112/><E112/><N who="2" m="43083" /><F129/><W123/><G123/><T37/><D37/><U86/><E32/><V78/><F78/><W87/><G125/><T124/><D124/><U66/><E8/><V41/><F41/><N who="3" m="15947" /><G13/><T31/><D128/><U94/><E2/><V29/><F29/><W127/><G24/><T118/><D118/><U48/><E36/><V59/><F65/><W26/><G26/><T7/><D6/><U107/><E107/><V111/><F71/><W60/><G127/><T91/><D50/><U64/><E94/><AGARI ba="1,0" hai="21,22,55,57,60,87,89,90,94,95,98" m="15947" machi="94" ten="30,2900,0" yaku="8,1,52,1" doraHai="58" who="3" fromWho="1" sc="317,0,177,-32,198,0,308,32" owari="317,12.0,145,-35.0,198,-20.0,340,43.0" /></mjloggm>