<mjloggm ver="2.3"><GO type="97" lobby="0"/><UN n0="%6E%61%6B%61%79%75%62%69" n1="%E3%82%A6%E3%83%AB%E3%83%88%E3%83%A9%E7%AB%8B%E7%9B%B4" n2="%74%6F%6E%6E%64%61%67%6F" n3="%E3%81%BF%E3%82%84%E3%81%AA%E3%81%8C%E2%98%86%E3%81%95%E3%81%8D" dan="13,15,14,14" rate="1884.93,1973.26,1924.92,1932.31" sx="M,M,F,M"/><TAIKYOKU oya="0"/><INIT seed="0,0,0,2,5,126" ten="250,250,250,250" oya="0" hai0="114,131,88,30,32,127,52,5,8,112,48,64,68" hai1="97,87,123,10,41,101,95,0,76,40,121,125,89" hai2="109,23,132,2,113,78,128,84,82,58,108,99,20" hai3="45,120,96,90,59,55,29,13,107,111,106,33,25"/><T27/><D127/><U19/><E125/><V47/><F2/><W117/><G111/><N who="2" m="42569" /><F113/><W66/><G117/><T67/><D131/><U62/><E76/><V81/><F132/><W37/><G120/><T35/><D35/><U17/><E41/><V71/><F71/><W72/><G72/><T92/><D114/><U122/><E40/><V93/><F47/><W80/><G66/><T73/><D73/><U118/><E118/><V28/><F58/><W50/><G13/><T57/><D112/><U1/><E62/><V11/><F11/><W16/><G37/><T105/><D105/><U115/><E115/><V65/><F65/><W21/><G45/><T12/><REACH who="0" step="1"/><D68/><REACH who="0" ten="240,250,250,250" step="2"/><U31/><E122/><V42/><F128/><W18/><G106/><T49/><D49/><U15/><E123/><V119/><F119/><W7/><G107/><T133/><D133/><U61/><E121/><V4/><F42/><W104/><G104/><T110/><D110/><U38/><E38/><V103/><F4/><W129/><G7/><T135/><D135/><U70/><E70/><V134/><F134/><W63/><G129/><T14/><D14/><U69/><E69/><V54/><F54/><W83/><G33/><T100/><D100/><U3/><E15/><V60/><F60/><W56/><G63/><T36/><D36/><U77/><E61/><V85/><F28/><W9/><G29/><T102/><D102/><U130/><E31/><V74/><F74/><W22/><G50/><T46/><D46/><U34/><E130/><V44/><F44/><W91/><G55/><T53/><D53/><RYUUKYOKU ba="0,1" sc="240,15,250,-15,250,15,250,-15" hai0="5,8,12,27,30,32,48,52,57,64,67,88,92" hai2="20,23,78,81,82,84,85,93,99,103" /><INIT seed="0,1,1,1,4,25" ten="255,235,265,235" oya="0" hai0="23,7,79,122,102,54,31,115,46,15,14,134,110" hai1="13,124,35,131,1,0,19,60,59,111,58,3,41" hai2="123,112,8,133,40,117,120,55,22,130,107,6,126" hai3="108,80,105,2,73,119,68,37,39,89,26,135,38"/><T125/><D115/><U18/><E41/><V4/><F40/><W49/><G2/><T47/><D122/><U65/><E124/><V71/><F55/><W128/><G68/><T32/><D32/><U5/><E131/><V34/><F6/><W30/><G105/><T74/><D125/><U63/><E35/><V52/><F52/><W21/><G128/><T72/><D134/><U76/><E76/><V24/><F34/><W97/><G135/><T101/><D110/><U99/><E111/><V132/><F71/><W20/><G108/><T90/><D90/><U67/><E99/><V42/><F42/><W11/><G119/><T127/><D127/><U81/><E81/><V50/><F50/><W83/><G49/><T9/><D54/><U104/><E104/><V116/><F107/><W91/><G73/><T109/><D74/><U48/><E48/><V118/><F112/><W66/><G66/><T62/><D62/><U70/><E70/><V61/><F61/><W86/><G11/><AGARI ba="1,1" hai="0,1,3,5,11,13,18,19,58,59,60,63,65,67" machi="11" ten="40,1300,0" yaku="9,1" doraHai="25" who="1" fromWho="3" sc="255,0,235,26,265,0,235,-16" /><INIT seed="1,0,0,1,3,79" ten="255,261,265,219" oya="1" hai0="73,129,124,29,90,0,4,63,93,114,17,133,14" hai1="109,33,81,72,87,36,7,103,42,44,41,104,118" hai2="37,66,99,107,89,125,111,49,12,20,65,121,54" hai3="127,13,8,130,11,57,56,132,75,10,18,84,74"/><U76/><E33/><V24/><F37/><W59/><G84/><T67/><D114/><U117/><E109/><V30/><F111/><W25/><G25/><T80/><D29/><U51/><E42/><V126/><F121/><W21/><G127/><N who="2" m="48649" /><F12/><W16/><G130/><T105/><D124/><U39/><E39/><V86/><F99/><W26/><REACH who="3" step="1"/><G132/><REACH who="3" ten="255,261,265,209" step="2"/><T108/><D133/><U38/><E87/><V77/><F77/><W32/><G32/><T27/><D129/><U100/><E118/><V53/><F107/><W62/><G62/><T95/><D27/><U135/><E117/><V46/><F54/><W131/><G131/><T101/><D108/><U97/><E135/><V9/><F9/><AGARI ba="0,1" hai="8,9,10,11,13,16,18,21,26,56,57,59,74,75" machi="9" ten="40,2600,0" yaku="1,1,54,1,53,0" doraHai="79" doraHaiUra="128" who="3" fromWho="2" sc="255,0,261,0,265,-26,209,36" /><INIT seed="2,0,0,0,0,119" ten="255,261,239,245" oya="2" hai0="54,52,69,113,5,48,130,16,20,10,127,39,57" hai1="95,67,23,128,80,21,38,73,133,45,96,62,56" hai2="32,122,1,36,25,83,105,89,17,0,76,24,88" hai3="79,9,132,71,84,92,102,72,117,112,63,106,12"/><V8/><F36/><W91/><G117/><T29/><D69/><U125/><E125/><V41/><F105/><W78/><G71/><T77/><D39/><U115/><E115/><V82/><F41/><W121/><G63/><T61/><D113/><U4/><E128/><V30/><F122/><W94/><G112/><T11/><D127/><U85/><E73/><V108/><F108/><W99/><G12/><T100/><D130/><U90/><E133/><V129/><F129/><W49/><G49/><T59/><D29/><U50/><E4/><V134/><F134/><W103/><G9/><T98/><D77/><N who="3" m="29193" /><G132/><T68/><D68/><U40/><REACH who="1" step="1"/><E38/><REACH who="1" ten="255,251,239,245" step="2"/><V28/><F1/><W107/><G72/><T86/><D5/><U104/><E104/><N who="3" m="39978" /><G103/><AGARI ba="0,1" hai="21,23,40,45,50,56,62,67,80,85,90,95,96,103" machi="103" ten="30,7700,0" yaku="1,1,7,1,8,1,53,1" doraHai="119" doraHaiUra="58" who="1" fromWho="3" sc="255,0,251,87,239,0,245,-77" /><INIT seed="3,0,0,3,1,97" ten="255,338,239,168" oya="3" hai0="67,62,34,3,133,28,91,69,64,106,18,51,24" hai1="9,71,110,98,130,77,73,132,41,53,85,61,30" hai2="7,33,90,31,70,96,44,79,93,57,46,6,102" hai3="111,83,66,74,78,2,1,22,107,15,11,48,103"/><W123/><G123/><T76/><D133/><U54/><E73/><V38/><F70/><W55/><G66/><T119/><D119/><U117/><E41/><V58/><F79/><W101/><G107/><T131/><D131/><U29/><E71/><V86/><F33/><W92/><G92/><T26/><D3/><U63/><E130/><V40/><F31/><W12/><G2/><T88/><D76/><U134/><E9/><V68/><F68/><W87/><G74/><T115/><D67/><U43/><E43/><V23/><F23/><W52/><G1/><T21/><D115/><U100/><E85/><V20/><F20/><W32/><G32/><T114/><D114/><U4/><E4/><V82/><F46/><N who="3" m="27671" /><G111/><T36/><D36/><U94/><E110/><V99/><F7/><N who="3" m="3199" /><G55/><T121/><D121/><U75/><E117/><V0/><F6/><W42/><G42/><T14/><D106/><U25/><E54/><V56/><F96/><W39/><G39/><T49/><D26/><U126/><E53/><V122/><F0/><W113/><G113/><T104/><D104/><U124/><E25/><V5/><F5/><W72/><G72/><T112/><D112/><U127/><E132/><V45/><F45/><W135/><G135/><T47/><D51/><U65/><E134/><V50/><REACH who="2" step="1"/><F122/><REACH who="2" ten="255,338,229,168" step="2"/><W35/><G35/><T129/><D129/><U16/><E126/><V120/><F120/><W80/><G80/><T81/><D81/><N who="1" m="45247" /><E124/><V17/><F17/><AGARI ba="0,1" hai="15,17,22,78,83,87,101,103" m="3199,27671" machi="17" ten="30,11600,0" yaku="8,1,52,2,54,1" doraHai="97" who="3" fromWho="2" sc="255,0,338,0,229,-116,168,126" /><INIT seed="3,1,0,1,5,15" ten="255,338,113,294" oya="3" hai0="21,69,96,3,26,0,76,24,55,6,57,81,72" hai1="13,94,7,113,1,14,116,34,29,59,126,52,46" hai2="2,111,27,65,53,32,43,71,28,5,98,79,82" hai3="127,123,106,33,49,23,70,103,25,104,92,73,84"/><W124/><G123/><T80/><D69/><U133/><E116/><V56/><F111/><W132/><G73/><T68/><D68/><U78/><E113/><V19/><F43/><W51/><G70/><T64/><D64/><U115/><E115/><V100/><F5/><W11/><G33/><T105/><D26/><U77/><E1/><V37/><F2/><W114/><G114/><T20/><D20/><U61/><E34/><V47/><F47/><W101/><G132/><T122/><D122/><U75/><E75/><V95/><F37/><W112/><G112/><T125/><D125/><N who="3" m="48201" /><G11/><T38/><D38/><U117/><E126/><V45/><F45/><W35/><G35/><T87/><D6/><U63/><E7/><V66/><F71/><W31/><G84/><T50/><D96/><U107/><E133/><V18/><F65/><W128/><G128/><T42/><D105/><N who="3" m="40553" /><G92/><T9/><D42/><U130/><E107/><V22/><F66/><W90/><G90/><T16/><D9/><U86/><E94/><V109/><F109/><W83/><G83/><T40/><D40/><U54/><E86/><N who="2" m="48479" /><F32/><W88/><G88/><AGARI ba="1,0" hai="0,3,16,21,24,50,55,57,72,76,80,81,87,88" machi="88" ten="30,7700,0" yaku="7,1,52,1,54,2" doraHai="15" who="0" fromWho="3" sc="255,80,338,0,113,0,294,-80" owari="335,14.0,338,44.0,113,-39.0,214,-19.0" /></mjloggm>