<mjloggm ver="2.3"><GO type="97" lobby="0"/><UN n0="%E5%B2%A1%CF%80" n1="%E3%82%A6%E3%83%AB%E3%83%88%E3%83%A9%E7%AB%8B%E7%9B%B4" n2="%E6%AD%A6%E9%81%93%E5%AE%B6%E3%82%BF%E3%83%95" n3="%6A%6F%6D%61%6D%61" dan="14,15,13,14" rate="1918.71,2003.10,1860.17,1893.61" sx="F,M,M,M"/><TAIKYOKU oya="0"/><INIT seed="0,0,0,2,1,29" ten="250,250,250,250" oya="0" hai0="28,82,54,50,52,94,110,70,81,39,47,17,109" hai1="16,77,18,124,41,62,27,74,43,57,66,112,127" hai2="36,13,95,31,14,58,1,45,33,85,119,101,10" hai3="37,3,20,73,15,129,40,120,92,86,106,8,111"/><T132/><D70/><U59/><E112/><V71/><F119/><W128/><G106/><T65/><D65/><U116/><E116/><V4/><F71/><W63/><G73/><T56/><D39/><U87/><E74/><V98/><F33/><W93/><G111/><T105/><D105/><U135/><E135/><V131/><F31/><W96/><G3/><T23/><D132/><U51/><E87/><V90/><F131/><N who="3" m="50251" /><G63/><T117/><D117/><U88/><E88/><V35/><F35/><W34/><G34/><T2/><D2/><U99/><E99/><V6/><F6/><W76/><G20/><T130/><D130/><U72/><E77/><V79/><F79/><W118/><G118/><T126/><D126/><N who="1" m="48171" /><E72/><V26/><F26/><W24/><G76/><T21/><D94/><U107/><E107/><V123/><F123/><W44/><G24/><T11/><D11/><U113/><E113/><V22/><F22/><W97/><G86/><T114/><D114/><U12/><E27/><V103/><F103/><W25/><G25/><T121/><D121/><U0/><E0/><V64/><F45/><W5/><G120/><T100/><D100/><U19/><E12/><V53/><F36/><W46/><G46/><T115/><D115/><U9/><E9/><V75/><F64/><W83/><G83/><T89/><D81/><U125/><E125/><V122/><F75/><W134/><G134/><T108/><D28/><U38/><E38/><V91/><F122/><W48/><G37/><T49/><D17/><N who="1" m="4355" /><U133/><DORA hai="55" /><E133/><V84/><F101/><W80/><G80/><RYUUKYOKU ba="0,0" sc="250,10,250,10,250,-30,250,10" hai0="21,23,47,49,50,52,54,56,82,89,108,109,110" hai1="41,43,51,57,59,62,66" hai3="5,8,15,40,44,48,92,93,96,97" /><INIT seed="0,1,0,4,5,27" ten="260,260,220,260" oya="0" hai0="58,135,13,28,129,1,66,11,42,75,48,91,119" hai1="16,121,93,59,64,108,112,2,32,71,47,76,90" hai2="118,5,45,107,111,0,37,82,63,41,33,115,25" hai3="57,60,99,110,87,125,49,92,96,105,113,31,21"/><T17/><D119/><U114/><E2/><V122/><F115/><N who="1" m="44073" /><E71/><V38/><F122/><W123/><G123/><T80/><D1/><U34/><E76/><V40/><F118/><W84/><G125/><T116/><D116/><U65/><E108/><V52/><F107/><W20/><G110/><T22/><D135/><U78/><E78/><V95/><F111/><W98/><G113/><T126/><D126/><U85/><E121/><V104/><F104/><W77/><G105/><T109/><D109/><U15/><E47/><V36/><F0/><W102/><G77/><T51/><D129/><U62/><E64/><V8/><F33/><W7/><G7/><T18/><D42/><U106/><E106/><V134/><F25/><N who="3" m="16807" /><G49/><T46/><D46/><U81/><E81/><V61/><F134/><W30/><G87/><T50/><D75/><U24/><E24/><V97/><F82/><W12/><G84/><T120/><D120/><U14/><E14/><V39/><F8/><AGARI ba="1,0" hai="8,15,16,32,34,59,62,65,85,90,93" m="44073" machi="8" ten="30,2000,0" yaku="11,1,54,1" doraHai="27" who="1" fromWho="2" sc="260,0,260,23,220,-23,260,0" /><INIT seed="1,0,0,5,5,102" ten="260,283,197,260" oya="1" hai0="70,39,130,89,46,100,15,56,75,20,17,108,114" hai1="77,35,50,34,53,110,97,36,124,85,106,40,5" hai2="133,44,120,126,127,74,112,42,94,113,117,43,131" hai3="29,98,21,122,31,23,125,119,92,84,19,61,129"/><U2/><E124/><N who="2" m="47659" /><F74/><W66/><G122/><T9/><D114/><N who="2" m="44138" /><F94/><W58/><G129/><T0/><D130/><U26/><E85/><V91/><F91/><W111/><G119/><T68/><D108/><U41/><E77/><V11/><F11/><W13/><G111/><T12/><D75/><U87/><E87/><V18/><F18/><W1/><G1/><T8/><D100/><U86/><E86/><V48/><F131/><W132/><G132/><T135/><D135/><U45/><E26/><V67/><F133/><W96/><G125/><T116/><D116/><U59/><E34/><V38/><F117/><W121/><G84/><T51/><D89/><U52/><E35/><V73/><F73/><W99/><G121/><T25/><D0/><U54/><E5/><V104/><F67/><W82/><G82/><T60/><D8/><U3/><E3/><V65/><F65/><W62/><G62/><T28/><D12/><U14/><E14/><V27/><F27/><W81/><G81/><T24/><D24/><U64/><E2/><V37/><F120/><W76/><G76/><T93/><D93/><U123/><E123/><V80/><F80/><W107/><G107/><T115/><D115/><U79/><E79/><V71/><F71/><W103/><G23/><T10/><D10/><U109/><E106/><V33/><F33/><W4/><G4/><T6/><D6/><U47/><E97/><AGARI ba="0,0" hai="13,19,21,29,31,58,61,66,92,96,97,98,99,103" machi="97" ten="40,1300,0" yaku="8,1" doraHai="102" who="3" fromWho="1" sc="260,0,283,-13,197,0,260,13" /><INIT seed="2,0,0,0,0,8" ten="260,270,197,273" oya="2" hai0="99,17,27,83,72,88,116,87,11,104,76,58,113" hai1="21,109,135,54,131,60,55,49,51,127,98,69,117" hai2="101,130,128,79,93,5,95,82,62,112,64,108,125" hai3="67,123,105,18,90,19,118,78,3,68,66,50,40"/><V31/><F112/><W65/><G78/><T134/><D113/><U16/><E117/><V47/><F125/><W56/><G123/><T26/><D116/><U23/><E127/><V32/><F32/><W91/><G105/><T9/><D134/><U97/><E135/><V73/><F31/><W6/><G118/><T74/><D58/><U119/><E119/><V45/><F5/><W2/><G68/><T75/><D104/><U132/><E132/><V44/><F108/><W96/><G96/><T92/><REACH who="0" step="1"/><D9/><REACH who="0" ten="250,270,197,273" step="2"/><U46/><E109/><V20/><F20/><W114/><G114/><T89/><D89/><U81/><E23/><V122/><F122/><W80/><G90/><T7/><D7/><U111/><E111/><V84/><F101/><W41/><G6/><T43/><D43/><U129/><E69/><V126/><F126/><W107/><G107/><T53/><D53/><U4/><E4/><V59/><REACH who="2" step="1"/><F73/><REACH who="2" ten="250,270,187,273" step="2"/><W100/><G100/><T29/><D29/><U48/><E21/><V38/><F38/><W57/><G56/><T121/><D121/><U1/><E46/><V77/><F77/><W15/><G57/><T28/><D28/><U106/><E129/><AGARI ba="0,2" hai="44,45,47,59,62,64,79,82,84,93,95,128,129,130" machi="129" ten="40,3900,0" yaku="1,1,19,1,53,0" doraHai="8" doraHaiUra="33" who="2" fromWho="1" sc="250,0,270,-39,187,59,273,0" /><INIT seed="2,1,0,1,2,54" ten="250,231,246,273" oya="2" hai0="95,28,10,64,46,8,129,74,115,33,45,117,132" hai1="18,7,19,61,109,36,53,123,82,75,31,105,55" hai2="16,112,4,50,38,73,39,47,103,134,48,107,118" hai3="66,59,26,101,49,124,12,70,43,3,122,99,86"/><V65/><F118/><W120/><G3/><T23/><D117/><U77/><E105/><V30/><F112/><W6/><G124/><T128/><D115/><U81/><E123/><V69/><F73/><W94/><G70/><T51/><D74/><U56/><E109/><V88/><F134/><W37/><G37/><T68/><D132/><U42/><E31/><V58/><F30/><W114/><G114/><T2/><D33/><U111/><E111/><V9/><F69/><W89/><G26/><T104/><D104/><U108/><E108/><V102/><F107/><W130/><G130/><T60/><D95/><U93/><E81/><V98/><F98/><W119/><G119/><T125/><D125/><U20/><E7/><V133/><F133/><W11/><G66/><T113/><D113/><U97/><E42/><V83/><F48/><W41/><G41/><T21/><D2/><U63/><E36/><V127/><F127/><W131/><G131/><N who="0" m="50251" /><D45/><U0/><E0/><V44/><F44/><W40/><G40/><N who="0" m="25031" /><D28/><U78/><E78/><V79/><F79/><W27/><G43/><T34/><D34/><U84/><E75/><V52/><F103/><W80/><G27/><T25/><D25/><U62/><E19/><V85/><F102/><W116/><G116/><T91/><D91/><N who="1" m="55487" /><E55/><V72/><F72/><W15/><REACH who="3" step="1"/><G12/><AGARI ba="1,0" hai="12,18,20,53,56,61,62,63,77,82,84" m="55487" machi="12" ten="30,2000,0" yaku="8,1,52,1" doraHai="54" who="1" fromWho="3" sc="250,0,231,23,246,0,273,-23" /><INIT seed="3,0,0,3,0,28" ten="250,254,246,250" oya="3" hai0="38,80,26,20,84,110,46,72,60,128,8,6,52" hai1="42,114,105,58,2,69,134,98,126,87,41,133,10" hai2="79,88,7,45,40,39,33,120,15,27,107,64,73" hai3="22,124,1,75,61,4,95,108,5,111,19,18,67"/><W131/><G75/><T43/><D72/><U85/><E69/><V24/><F107/><W82/><G131/><T116/><D128/><U83/><E87/><V93/><F120/><W29/><G82/><T50/><D116/><U101/><E58/><V94/><F64/><W31/><G124/><T35/><D110/><N who="3" m="42025" /><G95/><T11/><D60/><U91/><E114/><V117/><F117/><W76/><G76/><T104/><D104/><U113/><E113/><V115/><F115/><W13/><G61/><T74/><D74/><U16/><E126/><V49/><F93/><W37/><G37/><T118/><D118/><U55/><E2/><V68/><F68/><W122/><G67/><T92/><D92/><U100/><E55/><V54/><F33/><W130/><G130/><T51/><D35/><U135/><E101/><V62/><F62/><W121/><G19/><T70/><D70/><U12/><AGARI ba="0,0" hai="10,12,16,41,42,83,85,91,98,100,105,133,134,135" machi="12" ten="40,5200,0" yaku="0,1,20,1,54,1" doraHai="28" who="1" fromWho="1" sc="250,-13,254,52,246,-13,250,-26" owari="237,4.0,306,41.0,233,-17.0,224,-28.0" /></mjloggm>