<mjloggm ver="2.3"><GO type="97" lobby="0"/><UN n0="%64%69%65%6D" n1="%E6%96%97%E5%BC%A5" n2="%E3%82%A6%E3%83%AB%E3%83%88%E3%83%A9%E7%AB%8B%E7%9B%B4" n3="%79%75%75%73%69%6E" dan="15,13,15,13" rate="2013.38,1878.32,1986.21,1980.92" sx="M,M,M,M"/><TAIKYOKU oya="0"/><INIT seed="0,0,0,2,5,67" ten="250,250,250,250" oya="0" hai0="72,93,53,39,13,3,94,125,118,90,84,6,127" hai1="49,5,50,115,101,116,45,7,52,17,40,58,61" hai2="9,89,120,56,129,14,35,96,22,70,97,134,124" hai3="75,43,91,109,15,69,63,16,51,79,34,20,117"/><T37/><D118/><U126/><E116/><V46/><F35/><W107/><G109/><T103/><D72/><U100/><E115/><V99/><F120/><W8/><G107/><T102/><D3/><U119/><E119/><V135/><F22/><W132/><G34/><T92/><D53/><U78/><E126/><N who="0" m="48137" /><D13/><U86/><E17/><V4/><F124/><W30/><G117/><T42/><D6/><N who="1" m="2059" /><E61/><V73/><F73/><W82/><G91/><T88/><D42/><U25/><E25/><V114/><F114/><W77/><G79/><T24/><D24/><U123/><E123/><V44/><F129/><W65/><G43/><T2/><D2/><U83/><AGARI ba="0,0" hai="40,45,49,50,52,58,78,83,86,100,101" m="2059" machi="83" ten="30,2000,0" yaku="8,1,54,1" doraHai="67" who="1" fromWho="1" sc="250,-10,250,20,250,-5,250,-5" /><INIT seed="1,0,0,5,2,15" ten="240,270,245,245" oya="1" hai0="88,35,30,2,60,21,31,101,3,24,23,36,96" hai1="66,40,37,10,12,109,111,84,76,11,49,78,100" hai2="53,62,124,68,99,89,120,42,116,129,54,70,73" hai3="126,8,6,113,82,58,114,92,18,9,81,72,38"/><U104/><E37/><V19/><F73/><W34/><G34/><T128/><D36/><U44/><E66/><V93/><F116/><W13/><G38/><T26/><D128/><U67/><E67/><V59/><F120/><W75/><G126/><T110/><D60/><U108/><E104/><V1/><F1/><W107/><G92/><T97/><D110/><N who="1" m="28163" /><U112/><DORA hai="43" /><E100/><V119/><F119/><W125/><G58/><T83/><D35/><U29/><E29/><V61/><F42/><W46/><G107/><T77/><D77/><N who="1" m="29803" /><E84/><V74/><F124/><W80/><G125/><T94/><REACH who="0" step="1"/><D83/><REACH who="0" ten="230,270,245,245" step="2"/><U14/><E112/><V65/><F129/><W102/><G114/><T20/><D20/><U134/><E134/><V63/><F74/><W132/><G113/><T90/><D90/><U133/><E133/><V86/><F86/><W39/><G75/><T71/><D71/><U48/><E48/><V131/><F131/><W32/><G132/><T95/><AGARI ba="0,1" hai="2,3,21,23,24,26,30,31,88,94,95,96,97,101" machi="95" ten="20,8000,1" yaku="1,1,0,1,7,1,9,1,54,1,53,0" doraHai="15,43" doraHaiUra="118,4" who="0" fromWho="0" sc="230,90,270,-40,245,-20,245,-20" /><INIT seed="2,0,0,4,1,16" ten="320,230,225,225" oya="2" hai0="106,45,28,93,129,53,61,123,73,31,3,101,40" hai1="69,50,36,103,10,6,128,70,42,75,19,114,43" hai2="13,44,102,60,1,57,99,78,109,59,8,107,74" hai3="20,120,97,86,2,119,134,132,15,108,23,0,4"/><V91/><F1/><N who="3" m="619" /><G86/><T64/><D3/><U7/><E114/><V48/><F78/><W37/><G97/><T89/><D73/><U62/><E36/><V38/><F74/><W39/><G119/><T29/><D123/><U81/><E128/><V41/><F109/><W90/><G90/><T32/><D129/><U5/><E103/><V17/><F91/><W130/><G120/><T52/><D32/><U30/><E30/><V54/><REACH who="2" step="1"/><F59/><REACH who="2" ten="320,230,215,225" step="2"/><W67/><G130/><T14/><D101/><U12/><E75/><V98/><F98/><W56/><G108/><T21/><D106/><U34/><E34/><V25/><F25/><W122/><G122/><T117/><D117/><U124/><E124/><V110/><F110/><W115/><G115/><T79/><D79/><U47/><E70/><V49/><AGARI ba="0,1" hai="8,13,17,38,41,44,48,49,54,57,60,99,102,107" machi="49" ten="30,3000,0" yaku="1,1,0,1,53,0" doraHai="16" doraHaiUra="18" who="2" fromWho="2" sc="320,-10,230,-10,215,40,225,-10" /><INIT seed="2,1,0,2,5,119" ten="310,220,255,215" oya="2" hai0="111,97,80,38,98,108,5,11,84,47,58,23,34" hai1="104,129,31,46,15,62,29,53,4,115,51,112,72" hai2="106,123,41,127,109,74,56,2,95,39,54,92,128" hai3="14,114,69,116,59,130,63,134,126,19,61,25,90"/><V102/><F2/><W8/><G116/><T78/><D34/><U121/><E72/><V43/><F74/><W68/><G126/><T81/><D58/><U76/><E104/><V22/><F106/><W9/><G130/><T124/><D124/><U135/><E76/><V17/><F127/><W83/><G134/><T118/><D118/><U20/><E129/><V55/><F128/><W70/><G114/><T66/><D66/><U32/><E32/><V30/><F30/><W65/><G25/><T122/><D23/><U105/><E105/><V13/><F123/><W89/><G63/><T94/><D81/><U6/><E135/><V91/><F39/><W35/><G35/><T44/><D38/><U1/><E1/><V85/><F109/><N who="0" m="42058" /><D122/><U48/><E121/><V3/><F3/><W21/><G9/><T57/><D57/><U50/><E115/><V79/><F79/><W132/><G132/><T40/><D98/><U131/><E112/><V125/><F125/><W49/><G49/><N who="1" m="19050" /><E131/><V36/><F36/><W37/><G37/><T117/><D40/><N who="2" m="15434" /><F56/><W73/><REACH who="3" step="1"/><G8/><REACH who="3" ten="310,220,255,205" step="2"/><T133/><D133/><U110/><E62/><V0/><F0/><W101/><G101/><N who="0" m="60599" /><D117/><U93/><E110/><V18/><F102/><W26/><G26/><T45/><D11/><U96/><E4/><AGARI ba="1,1" hai="4,5,44,45,47,78,80,84" m="60599,42058" machi="4" ten="30,1000,0" yaku="14,1" doraHai="119" who="0" fromWho="1" sc="310,23,220,-13,255,0,205,0" /><INIT seed="3,0,0,2,1,135" ten="333,207,255,205" oya="3" hai0="83,128,89,54,109,29,0,130,92,55,4,79,47" hai1="61,6,124,98,16,28,59,18,67,15,49,86,48" hai2="58,34,43,27,121,52,100,94,90,87,10,73,125" hai3="21,99,102,120,53,113,20,123,85,119,9,80,30"/><W69/><G119/><T81/><D109/><U95/><E124/><V51/><F73/><W77/><G113/><T134/><D29/><U84/><E28/><V60/><F34/><W11/><G69/><T114/><D134/><U2/><E2/><V91/><F100/><W131/><G131/><N who="0" m="50219" /><D114/><U116/><E116/><V75/><F75/><W13/><G120/><T41/><D81/><U111/><E111/><V42/><F125/><W57/><G123/><T8/><D83/><U108/><E108/><V93/><F121/><W5/><G30/><T64/><D64/><U104/><E104/><V36/><F36/><W26/><G11/><T24/><D24/><U82/><E6/><V62/><F27/><W12/><G26/><T1/><D79/><N who="1" m="46175" /><E86/><V129/><F129/><W70/><G13/><T3/><D0/><U17/><E15/><V96/><F10/><W25/><G70/><T65/><D65/><U7/><E7/><V115/><F115/><W66/><G25/><T107/><D107/><U38/><E38/><V39/><F39/><W76/><G66/><T72/><D72/><U106/><E106/><V127/><F127/><W32/><G76/><T105/><D105/><U33/><E33/><V97/><F87/><W71/><G32/><T37/><D1/><U35/><E35/><V101/><F101/><AGARI ba="0,0" hai="16,17,18,48,49,59,61,67,95,98,101" m="46175" machi="101" ten="30,2000,0" yaku="8,1,54,1" doraHai="135" who="1" fromWho="2" sc="333,0,207,20,255,-20,205,0" owari="333,42.0,227,-17.0,235,4.0,205,-29.0" /></mjloggm>