<mjloggm ver="2.3"><GO type="41" lobby="0"/><UN n0="%E3%81%AA%E3%81%99%E3%81%B3%EF%BC%92" n1="%E3%82%B5%E3%83%B3%E3%83%80%E3%83%A9%4C%76%32" n2="%6B%75%73%6F%6A%69%6A%69" n3="%E3%82%A6%E3%83%AB%E3%83%88%E3%83%A9%E7%AB%8B%E7%9B%B4" dan="15,15,14,16" rate="2040.93,1968.59,1928.70,2014.16" sx="M,M,M,M"/><TAIKYOKU oya="0"/><INIT seed="0,0,0,2,3,103" ten="250,250,250,250" oya="0" hai0="15,25,0,89,20,102,29,48,28,22,10,1,129" hai1="64,70,119,55,49,99,126,95,38,66,114,47,13" hai2="30,130,60,101,5,57,67,88,100,121,131,37,87" hai3="8,76,9,54,56,26,6,40,69,12,104,81,17"/><T107/><D129/><N who="2" m="49162" /><F121/><W98/><G69/><T34/><D89/><U112/><E119/><V74/><F37/><W122/><G40/><T3/><D48/><U78/><E126/><V50/><F74/><W132/><G132/><T2/><D102/><N who="2" m="39530" /><F30/><W110/><G110/><T11/><D107/><U36/><E78/><V79/><F50/><W59/><G98/><T91/><D91/><U44/><E13/><V62/><F5/><W115/><G104/><T124/><D124/><U23/><E23/><V128/><N who="2" m="49170" /><V33/><DORA hai="92" /><F33/><W125/><G125/><T63/><D63/><N who="2" m="24106" /><F79/><W93/><G76/><T80/><D80/><U65/><E70/><V97/><F57/><W53/><G6/><N who="0" m="1351" /><D29/><U24/><E24/><V68/><F68/><W21/><G56/><T85/><D85/><U117/><E117/><V43/><F43/><W134/><G59/><T39/><D39/><N who="1" m="14891" /><E99/><V35/><F35/><W113/><G122/><T18/><AGARI ba="0,0" hai="1,2,3,11,15,18,20,22,25,28,34" m="1351" machi="18" ten="30,12000,1" yaku="35,5" doraHai="103,92" who="0" fromWho="0" sc="250,120,250,-40,250,-40,250,-40" /><INIT seed="0,1,0,1,4,134" ten="370,210,210,210" oya="0" hai0="103,26,11,56,15,111,97,8,125,62,88,124,100" hai1="121,108,73,9,129,119,114,76,2,48,60,65,34" hai2="83,25,52,53,4,82,17,127,55,50,0,19,126" hai3="92,32,64,47,39,5,38,94,132,106,28,24,105"/><T44/><D111/><U77/><E108/><V120/><F120/><W46/><G132/><T59/><D44/><U40/><E121/><V1/><F50/><W109/><G109/><T96/><D26/><U45/><E119/><V42/><F25/><W110/><G110/><T67/><D59/><U84/><E129/><V123/><F123/><W16/><G5/><T74/><D74/><U118/><E118/><V79/><F42/><W20/><G64/><T41/><D41/><U29/><E114/><V95/><F95/><W33/><G24/><T31/><D31/><U85/><E34/><V116/><F116/><W66/><G66/><T90/><D11/><U30/><E84/><V87/><F4/><W101/><G28/><T57/><D57/><U117/><E117/><V58/><F58/><W7/><G7/><T80/><D80/><N who="2" m="30762" /><F87/><W86/><G86/><T133/><D133/><U68/><E85/><V37/><F79/><N who="1" m="30281" /><E73/><V93/><F37/><W135/><G135/><T131/><D131/><U70/><E70/><V104/><F93/><W98/><G33/><T43/><D43/><U10/><E2/><N who="2" m="1131" /><F104/><W61/><G32/><T112/><D112/><U130/><E130/><V14/><F14/><W69/><G106/><T71/><D71/><U54/><E40/><V27/><F27/><N who="3" m="14727" /><G39/><T78/><D78/><U23/><E30/><V51/><F51/><W35/><G35/><T81/><D81/><U102/><E48/><V75/><F75/><W3/><G3/><T89/><D67/><U113/><E65/><V107/><F107/><W63/><G38/><T6/><D6/><RYUUKYOKU ba="1,0" sc="370,-10,210,-10,210,30,210,-10" hai2="17,19,52,53,55,126,127" /><INIT seed="1,2,0,3,4,33" ten="360,200,240,200" oya="1" hai0="5,0,56,53,39,41,43,116,91,15,127,61,135" hai1="50,2,1,109,107,87,79,104,72,95,51,9,28" hai2="10,29,48,115,66,58,122,108,62,128,17,90,40" hai3="30,11,132,99,71,97,100,83,130,14,27,55,111"/><U59/><E72/><V13/><F122/><W110/><G71/><T37/><D116/><U69/><E69/><V12/><F115/><W7/><G130/><T6/><D127/><U134/><E28/><V126/><F128/><W78/><G55/><T103/><D135/><U64/><E134/><V68/><F126/><W63/><G63/><T67/><D103/><U74/><E74/><V42/><F108/><N who="3" m="41515" /><G100/><T81/><D0/><U34/><E34/><V8/><F29/><W85/><G132/><T131/><D131/><U23/><E109/><V19/><F68/><W75/><G85/><N who="0" m="50607" /><D39/><U35/><E35/><AGARI ba="2,0" hai="7,11,14,27,30,35,75,78,83,97,99" m="41515" machi="35" ten="30,1000,0" yaku="14,1" doraHai="33" who="3" fromWho="1" sc="360,0,200,-16,240,0,200,16" /><INIT seed="2,0,0,5,4,116" ten="360,184,240,216" oya="2" hai0="20,59,104,27,17,11,112,123,32,2,103,128,90" hai1="93,0,85,88,34,126,26,111,56,39,60,92,37" hai2="100,74,114,57,95,35,16,53,127,70,36,24,33" hai3="89,19,9,110,43,106,84,14,3,134,131,30,22"/><V72/><F114/><W13/><G106/><T81/><D112/><U50/><E111/><V132/><F70/><W124/><G110/><T18/><D128/><U86/><E126/><V113/><F36/><W68/><G68/><T46/><D32/><N who="2" m="12362" /><F113/><W98/><G3/><T28/><D104/><U7/><E0/><V12/><F24/><N who="3" m="16663" /><G134/><T78/><D103/><U75/><E75/><N who="2" m="28715" /><F100/><W15/><G131/><T4/><D90/><U99/><E7/><V48/><F95/><N who="3" m="56687" /><G124/><T58/><D46/><U117/><E117/><V67/><F127/><W121/><G19/><T91/><D18/><U44/><E34/><V31/><F31/><W61/><G84/><T47/><D17/><U83/><E26/><V77/><F77/><W115/><G115/><T119/><D119/><U45/><E45/><V38/><F67/><W135/><G15/><T122/><D78/><U52/><E85/><V55/><F38/><W62/><G14/><T51/><D81/><U73/><E73/><V97/><F97/><W29/><G29/><T23/><D91/><U66/><REACH who="1" step="1"/><E93/><REACH who="1" ten="360,174,240,216" step="2"/><V129/><F129/><W107/><G13/><T101/><D47/><U105/><E105/><V1/><F1/><W96/><G107/><T65/><D2/><U63/><E63/><V118/><F118/><W10/><G62/><T21/><D4/><U76/><AGARI ba="0,1" hai="37,39,44,50,52,56,60,66,76,83,86,88,92,99" machi="76" ten="20,8000,1" yaku="1,1,0,1,7,1,54,2,53,0" doraHai="116" doraHaiUra="8" who="1" fromWho="1" sc="360,-20,174,90,240,-40,216,-20" /><INIT seed="3,0,0,5,4,28" ten="340,264,200,196" oya="3" hai0="51,32,22,70,13,62,128,59,24,106,64,79,113" hai1="123,33,48,50,1,11,31,100,37,53,97,10,42" hai2="94,99,30,19,78,6,47,91,105,60,72,45,93" hai3="8,65,126,108,83,40,49,80,104,130,68,90,133"/><W20/><G104/><T114/><D106/><U71/><E71/><V96/><F105/><W102/><G102/><T88/><D79/><U18/><E123/><V81/><F6/><W134/><G68/><T110/><D110/><U103/><E37/><V127/><F127/><W135/><G65/><T67/><D128/><U73/><E73/><V4/><F4/><W41/><G130/><T3/><D3/><U89/><E1/><V86/><F72/><W112/><G112/><N who="0" m="43115" /><D13/><U132/><E132/><V107/><F107/><W63/><G126/><T0/><D0/><U122/><E122/><V87/><F87/><N who="3" m="50535" /><G108/><T56/><D32/><U69/><E33/><V129/><F129/><W120/><G120/><T121/><D121/><U2/><E2/><V54/><F19/><W39/><G39/><T85/><D51/><U76/><E69/><V124/><F30/><W116/><G116/><T15/><D15/><N who="1" m="7543" /><E31/><V27/><F27/><W5/><G63/><T58/><D67/><U35/><E35/><V84/><F124/><W9/><G49/><T75/><D75/><U16/><E76/><V77/><F77/><W26/><G83/><N who="0" m="49215" /><D70/><U29/><E29/><AGARI ba="0,0" hai="22,24,29,56,58,59,62,64" m="49215,43115" machi="29" ten="30,2000,0" yaku="11,1,54,1" doraHai="28" who="0" fromWho="1" sc="340,20,264,-20,200,0,196,0" /><INIT seed="4,0,0,1,1,22" ten="360,244,200,196" oya="0" hai0="59,52,101,115,64,100,78,106,28,63,127,113,5" hai1="56,12,51,54,89,87,90,119,98,25,32,57,6" hai2="37,50,17,16,13,7,33,40,109,110,24,43,105" hai3="133,117,126,122,92,96,41,36,79,27,23,104,125"/><T99/><D101/><U69/><E69/><V111/><F105/><W68/><G68/><T62/><D78/><U34/><E119/><V112/><F37/><W10/><G104/><T38/><D38/><U42/><E57/><V20/><F112/><N who="0" m="43082" /><D5/><U8/><E42/><V130/><F130/><W75/><G117/><T14/><D14/><U66/><E66/><V49/><F7/><W21/><G21/><T81/><D81/><U74/><E74/><V65/><F65/><W134/><G10/><T67/><D127/><N who="3" m="48649" /><G122/><T9/><D9/><U80/><REACH who="1" step="1"/><E25/><REACH who="1" ten="360,234,200,196" step="2"/><V47/><F33/><W118/><G118/><T4/><D64/><U114/><E114/><V85/><F43/><W29/><G41/><T55/><D67/><U102/><E102/><V107/><F40/><W71/><G71/><T45/><D59/><U95/><AGARI ba="0,1" hai="6,8,12,32,34,51,54,56,80,87,89,90,95,98" machi="95" ten="30,2000,0" yaku="1,1,0,1,53,0" doraHai="22" doraHaiUra="132" who="1" fromWho="1" sc="360,-10,234,30,200,-5,196,-5" /><INIT seed="5,0,0,5,1,13" ten="350,264,195,191" oya="1" hai0="60,70,8,86,2,132,1,59,101,126,50,128,9" hai1="56,12,102,15,74,66,90,89,69,125,30,72,19" hai2="96,75,99,133,34,91,88,14,127,48,118,95,113" hai3="124,32,134,71,80,100,83,58,47,98,116,4,42"/><U11/><E125/><V3/><F34/><W77/><G124/><T112/><D126/><U6/><E69/><V10/><F3/><W36/><G116/><T57/><D70/><U23/><E30/><V5/><F127/><W114/><G134/><T105/><D132/><U49/><E102/><V110/><F133/><W65/><G114/><T103/><D112/><U76/><E76/><V129/><F113/><W29/><G80/><T38/><D38/><U109/><E109/><V44/><F118/><W97/><G97/><T81/><D128/><U61/><REACH who="1" step="1"/><E49/><REACH who="1" ten="350,254,195,191" step="2"/><V22/><F110/><W33/><G29/><T63/><D50/><U54/><E54/><V16/><F129/><W73/><G71/><T28/><D28/><U31/><E31/><V40/><F75/><AGARI ba="0,1" hai="6,11,12,15,19,23,56,61,66,72,74,75,89,90" machi="75" ten="40,7700,0" yaku="1,1,52,1,53,1" doraHai="13" doraHaiUra="55" who="1" fromWho="2" sc="350,0,254,87,195,-77,191,0" /><INIT seed="5,1,0,4,2,93" ten="350,341,118,191" oya="1" hai0="94,112,111,10,75,58,63,104,26,31,46,28,126" hai1="73,124,41,47,22,51,83,14,65,106,5,68,123" hai2="105,85,32,80,44,114,6,96,48,45,38,21,121" hai3="91,86,8,7,33,50,133,60,90,42,72,100,0"/><U52/><E123/><V119/><F121/><W11/><G72/><T39/><D111/><U3/><E3/><V102/><F32/><W19/><G33/><T78/><D104/><U36/><E106/><V61/><F119/><W115/><G133/><T77/><D126/><U57/><E124/><V71/><F114/><W127/><G115/><T95/><D112/><U98/><E73/><V55/><F6/><W15/><G127/><T76/><D75/><U34/><E34/><V29/><F38/><W49/><G42/><T101/><D39/><U103/><E83/><V16/><F29/><N who="0" m="11338" /><D26/><U54/><E54/><V110/><F110/><W129/><G129/><T92/><D46/><U131/><E131/><V88/><F61/><W81/><G60/><T20/><D20/><U25/><E5/><V56/><F71/><W74/><G74/><T122/><D122/><U128/><E128/><V27/><AGARI ba="1,0" hai="16,21,27,44,45,48,55,56,80,85,88,96,102,105" machi="27" ten="20,8000,1" yaku="0,1,7,1,52,1,54,2" doraHai="93" who="2" fromWho="2" sc="350,-21,341,-41,118,83,191,-21" /><INIT seed="6,0,0,3,0,96" ten="329,300,201,170" oya="2" hai0="47,76,62,127,48,101,120,46,119,20,134,10,14" hai1="4,45,118,72,21,102,87,71,56,59,34,9,26" hai2="94,7,123,53,42,82,93,24,41,69,38,124,57" hai3="70,27,135,103,52,130,131,114,73,35,23,16,2"/><V109/><F123/><W6/><G70/><T84/><D120/><U3/><E71/><V55/><F69/><W88/><G73/><T40/><D134/><U99/><E72/><V66/><F7/><W125/><G135/><T65/><D127/><U63/><E118/><V5/><F5/><W86/><G125/><T49/><D119/><U54/><E34/><V79/><F124/><W105/><G35/><T12/><D101/><U33/><E33/><V11/><F11/><W50/><G114/><T17/><D65/><U90/><E45/><V89/><F66/><W80/><G103/><T1/><D62/><U113/><E113/><V60/><F109/><W43/><G43/><T22/><D1/><U129/><E129/><N who="3" m="49162" /><G105/><T36/><D36/><U8/><E8/><V122/><F122/><W91/><G6/><T100/><D100/><U29/><E59/><V112/><F112/><W78/><G2/><T97/><D97/><U106/><E87/><N who="2" m="48607" /><F38/><W75/><G75/><T68/><D68/><U44/><REACH who="1" step="1"/><E44/><AGARI ba="0,0" hai="16,23,27,44,50,52,78,80,86,88,91" m="49162" machi="44" ten="30,7700,0" yaku="19,1,54,3" doraHai="96" who="3" fromWho="1" sc="329,0,300,-77,201,0,170,77" /><INIT seed="7,0,0,5,2,118" ten="329,223,201,247" oya="3" hai0="86,41,131,2,125,134,89,88,82,71,113,85,121" hai1="47,83,0,36,58,46,62,20,16,70,128,53,66" hai2="87,14,56,79,92,39,28,63,27,12,22,17,55" hai3="84,135,96,54,31,91,9,7,104,116,18,126,99"/><W1/><G116/><T21/><D71/><U133/><E0/><V69/><F39/><W35/><G104/><T80/><D2/><U111/><E111/><V65/><F28/><W114/><G114/><T24/><D113/><U77/><E128/><V64/><F69/><W29/><G29/><T15/><D131/><U110/><E110/><V49/><F14/><W120/><G126/><T100/><D121/><U81/><E133/><V45/><F27/><W115/><G120/><T103/><D134/><U109/><E109/><V75/><F75/><W6/><G6/><T107/><D107/><U4/><E4/><V10/><F10/><W73/><G73/><T106/><D106/><U38/><E81/><V48/><F79/><W32/><G32/><T61/><D125/><U119/><E119/><V127/><F127/><W59/><G31/><T102/><D41/><U19/><E38/><V23/><F23/><W51/><G35/><T57/><D15/><U76/><E76/><V60/><F60/><W30/><G30/><N who="0" m="17679" /><D103/><U97/><E97/><V52/><F63/><W129/><G129/><T95/><D82/><U40/><E47/><V26/><F26/><W101/><G101/><T94/><D80/><U43/><E43/><V44/><F44/><W132/><G115/><T50/><D50/><N who="1" m="31031" /><E20/><V74/><F74/><AGARI ba="0,0" hai="16,19,36,40,46,62,66,70,74,77,83" m="31031" machi="74" ten="30,2000,0" yaku="24,1,54,1" doraHai="118" who="1" fromWho="2" sc="329,0,223,20,201,-20,247,0" owari="329,43.0,243,-16.0,181,-32.0,247,5.0" /></mjloggm>