<mjloggm ver="2.3"><GO type="169" lobby="0"/><UN n0="%50%6F%6E%74%61" n1="%4D%52%2E%42%49%47" n2="%E3%82%A6%E3%83%AB%E3%83%88%E3%83%A9%E7%AB%8B%E7%9B%B4" n3="%E3%82%A8%E3%83%88%E3%81%BA%E3%83%B3" dan="17,16,17,17" rate="2126.33,2038.25,2051.87,2174.56" sx="M,M,M,F"/><TAIKYOKU oya="0"/><INIT seed="0,0,0,3,0,8" ten="250,250,250,250" oya="0" hai0="91,94,115,28,96,122,97,50,16,83,84,131,103" hai1="98,123,129,100,12,79,121,119,42,29,99,33,118" hai2="86,67,78,128,75,73,2,85,18,15,68,132,130" hai3="10,59,117,82,81,1,20,116,14,60,127,88,74"/><T134/><D122/><U23/><E33/><V9/><F132/><W13/><G1/><T38/><D38/><U35/><E35/><V6/><F67/><W36/><G36/><T113/><D134/><U101/><E42/><V19/><F68/><W135/><G135/><T133/><D133/><U102/><E79/><V54/><F54/><W120/><G120/><T108/><D28/><U63/><E63/><V71/><F71/><W31/><G74/><N who="2" m="28169" /><F78/><W25/><G127/><T5/><D5/><U111/><E29/><V17/><F2/><W65/><G13/><T22/><D131/><AGARI ba="0,0" hai="6,9,15,17,18,19,85,86,128,130,131" m="28169" machi="131" ten="40,2600,0" yaku="19,1,52,1" doraHai="8" who="2" fromWho="0" sc="250,-26,250,0,250,26,250,0" /><INIT seed="1,0,0,0,5,126" ten="224,250,276,250" oya="1" hai0="30,46,97,115,35,1,86,51,41,127,23,74,21" hai1="92,8,70,58,64,68,71,27,79,130,85,10,69" hai2="17,48,96,56,109,50,106,40,43,103,77,55,73" hai3="90,89,95,75,34,94,108,20,129,66,82,15,47"/><U42/><E130/><V134/><F134/><W132/><G34/><T26/><D74/><U122/><E122/><V24/><F109/><W59/><G108/><T135/><D135/><U123/><E123/><V52/><F77/><W99/><G132/><T45/><D127/><U28/><E42/><V65/><F73/><W63/><G47/><T78/><D1/><U87/><E87/><V88/><F65/><W5/><G75/><T18/><D97/><U39/><E39/><V6/><F6/><W116/><G116/><T7/><D7/><U53/><E64/><V29/><F17/><W124/><G124/><T3/><D3/><U104/><E104/><V84/><F50/><W12/><G82/><N who="0" m="47447" /><D115/><U14/><E14/><V76/><F55/><W91/><G91/><T44/><D35/><U133/><E133/><V57/><F57/><W98/><G129/><T125/><D125/><U61/><N who="1" m="17408" /><DORA hai="60" /><U11/><E79/><V119/><F76/><W9/><G20/><T114/><D114/><U54/><E54/><V105/><F105/><W81/><G81/><T49/><D41/><U131/><E131/><V19/><F19/><W62/><G62/><T25/><AGARI ba="0,0" hai="18,21,23,25,26,30,44,45,46,49,51" m="47447" machi="25" ten="30,1100,0" yaku="8,1" doraHai="126,60" who="0" fromWho="0" sc="224,11,250,-5,276,-3,250,-3" /><INIT seed="2,0,0,3,4,70" ten="235,245,273,247" oya="2" hai0="1,93,44,94,85,119,25,105,11,29,72,97,36" hai1="43,122,33,88,107,134,123,102,31,109,98,40,9" hai2="82,126,104,61,8,77,74,73,55,41,67,32,95" hai3="53,100,86,20,96,63,106,52,17,56,24,127,121"/><V80/><F126/><W18/><G127/><T118/><D72/><U37/><E33/><V76/><F104/><W111/><G111/><T64/><D105/><U128/><E31/><V48/><F32/><W114/><G114/><T78/><D64/><U113/><E113/><V46/><F95/><W132/><G132/><T131/><D131/><U16/><E128/><V87/><F8/><W68/><G68/><T0/><D94/><N who="1" m="56647" /><E102/><V57/><REACH who="2" step="1"/><F87/><REACH who="2" ten="235,245,263,247" step="2"/><W65/><G121/><N who="1" m="46090" /><E134/><V101/><F101/><W15/><G86/><T91/><D85/><U30/><E107/><V54/><AGARI ba="0,1" hai="41,46,48,54,55,57,61,67,73,74,76,77,80,82" machi="54" ten="30,11700,0" yaku="1,1,0,1,9,1,53,1" doraHai="70" doraHaiUra="42" who="2" fromWho="2" sc="235,-39,245,-39,263,127,247,-39" /><INIT seed="2,1,0,3,4,90" ten="196,206,390,208" oya="2" hai0="16,63,15,43,62,5,78,2,36,133,58,121,11" hai1="114,91,111,55,117,122,70,0,51,93,105,88,95" hai2="101,71,23,22,17,54,60,49,116,69,68,92,131" hai3="119,59,38,103,18,4,52,125,134,67,24,109,21"/><V19/><F116/><W20/><G119/><T1/><D121/><U80/><E117/><V3/><F3/><W65/><G38/><T84/><D133/><U13/><E114/><V29/><F60/><W8/><G134/><T129/><D129/><U48/><E70/><V42/><F42/><W34/><G34/><T37/><D63/><U35/><E35/><V66/><F66/><W76/><G125/><T132/><D132/><U75/><E0/><V104/><F104/><W113/><G113/><T79/><D2/><U57/><E105/><V97/><F131/><W33/><G33/><T83/><D78/><U123/><E111/><V86/><F86/><W77/><G109/><T64/><REACH who="0" step="1"/><D43/><REACH who="0" ten="186,206,390,208" step="2"/><U45/><E75/><V41/><F41/><W115/><G77/><T61/><D61/><U106/><E106/><V26/><REACH who="2" step="1"/><F22/><AGARI ba="1,1" hai="1,5,11,15,16,22,36,37,58,62,64,79,83,84" machi="22" ten="30,3900,0" yaku="1,1,7,1,54,1,53,0" doraHai="90" doraHaiUra="112" who="0" fromWho="2" sc="186,52,206,0,390,-42,208,0" /><INIT seed="3,0,0,3,2,101" ten="238,206,348,208" oya="3" hai0="4,81,68,124,106,128,102,35,49,104,71,74,60" hai1="125,7,99,26,14,90,10,1,46,5,118,58,85" hai2="11,16,93,92,64,72,117,51,73,107,69,114,82" hai3="91,36,34,115,21,57,24,45,94,27,66,18,19"/><W131/><G115/><T25/><D128/><U63/><E118/><V89/><F117/><W122/><G122/><T111/><D111/><U54/><E125/><V15/><F107/><W30/><G131/><T75/><D124/><U28/><E99/><V97/><F114/><W134/><G134/><T127/><D127/><U103/><E103/><V86/><F64/><W59/><G66/><N who="0" m="41031" /><D49/><U110/><E110/><V40/><F69/><W108/><G108/><T29/><D71/><U41/><E1/><V133/><F133/><W77/><G77/><N who="0" m="44215" /><D4/><U132/><E132/><V48/><F92/><W119/><G119/><T88/><D88/><U42/><E7/><V8/><F8/><W12/><G36/><T17/><D17/><U84/><E84/><V32/><F32/><W105/><G18/><T62/><D62/><U67/><E67/><V121/><F121/><W50/><G12/><T31/><D31/><U123/><E123/><V2/><F2/><W126/><G126/><T44/><D44/><U96/><E96/><V129/><F129/><W13/><G13/><T116/><D116/><U38/><E46/><V9/><F9/><W78/><G78/><T20/><D20/><N who="1" m="15431" /><E38/><V130/><F130/><W80/><G80/><AGARI ba="0,0" hai="5,10,14,41,42,54,58,63,80,85,90" m="15431" machi="80" ten="30,1000,0" yaku="8,1" doraHai="101" who="1" fromWho="3" sc="238,0,206,10,348,0,208,-10" /><INIT seed="4,0,0,3,5,67" ten="238,216,348,198" oya="0" hai0="34,102,115,129,55,47,73,56,135,51,90,40,71" hai1="10,119,60,134,104,58,75,38,113,72,131,105,88" hai2="25,63,116,80,68,98,50,86,1,70,95,87,41" hai3="36,43,17,31,59,7,97,37,54,111,49,22,57"/><T103/><D129/><U92/><E119/><V76/><F1/><W32/><G111/><T52/><D115/><U93/><E38/><V21/><F116/><W4/><G31/><T3/><D135/><U125/><E131/><V9/><F9/><W48/><G32/><T14/><D3/><U74/><E134/><V120/><F87/><W19/><G43/><T0/><D0/><U109/><E109/><V69/><F120/><W35/><G35/><T106/><D34/><U20/><E93/><V130/><F130/><W45/><G45/><T13/><D73/><U100/><E100/><N who="0" m="38441" /><D71/><U64/><E113/><V6/><F6/><W99/><G54/><N who="0" m="20523" /><D106/><U77/><E77/><V26/><F26/><W96/><G96/><T118/><D118/><U29/><E125/><V39/><F39/><W15/><G15/><T127/><D127/><U78/><E78/><V123/><F123/><W28/><G28/><T132/><D132/><U110/><E110/><V61/><F41/><W2/><G2/><T94/><D56/><U8/><E105/><V65/><F50/><W122/><G122/><T126/><D126/><U84/><REACH who="1" step="1"/><E104/><REACH who="1" ten="238,206,348,198" step="2"/><V46/><F95/><W89/><G89/><T124/><D124/><U128/><E128/><V16/><F76/><W53/><G53/><T66/><D66/><U82/><E82/><V30/><F65/><W133/><G133/><T62/><D62/><U121/><E121/><V44/><F63/><W24/><G37/><T18/><D94/><U33/><E33/><V114/><F61/><W101/><G36/><T112/><D112/><U27/><AGARI ba="0,1" hai="8,10,20,27,29,58,60,64,72,74,75,84,88,92" machi="27" ten="40,12000,2" yaku="1,1,5,1,0,1,54,1,53,2" doraHai="67" doraHaiUra="5" who="1" fromWho="1" sc="238,-60,206,130,348,-30,198,-30" /><INIT seed="5,0,0,5,2,96" ten="178,336,318,168" oya="1" hai0="5,111,11,31,117,109,105,55,64,29,120,114,9" hai1="102,69,104,53,39,24,74,124,30,26,135,7,78" hai2="134,61,95,125,121,83,23,132,59,113,16,54,10" hai3="67,77,82,46,4,73,12,100,21,112,131,116,28"/><U107/><E124/><V103/><F121/><W51/><G116/><T34/><D105/><U94/><E135/><V129/><F125/><W58/><G131/><T130/><D64/><U98/><E26/><V44/><F129/><W68/><G68/><T32/><D55/><U0/><E69/><V118/><F118/><W48/><G112/><T38/><D38/><U63/><E39/><V47/><F113/><W127/><G127/><T123/><D114/><U80/><E7/><V52/><F10/><W88/><G28/><T70/><D70/><U19/><E19/><V43/><F83/><W6/><G21/><T72/><D72/><U99/><E0/><V8/><F8/><W71/><G71/><T84/><D84/><U40/><E40/><V119/><F119/><W106/><G12/><T36/><D36/><U122/><E99/><N who="2" m="59903" /><F43/><W13/><G13/><T49/><D117/><U126/><E122/><V37/><F37/><W86/><G4/><T22/><D5/><U42/><E42/><V2/><F2/><W90/><G6/><T33/><D33/><U57/><REACH who="1" step="1"/><E126/><REACH who="1" ten="178,326,318,168" step="2"/><V92/><F132/><W115/><G115/><T76/><D130/><U18/><E18/><V89/><F134/><W101/><G106/><T65/><D123/><U20/><AGARI ba="0,1" hai="20,24,30,53,57,63,74,78,80,94,98,102,104,107" machi="20" ten="20,12000,1" yaku="1,1,0,1,7,1,52,1,53,1" doraHai="96" doraHaiUra="75" who="1" fromWho="1" sc="178,-40,326,130,318,-40,168,-40" /><INIT seed="5,1,0,1,1,117" ten="138,456,278,128" oya="1" hai0="77,112,7,33,34,105,85,97,52,76,28,121,96" hai1="4,23,127,16,81,109,82,21,115,45,19,83,102" hai2="63,24,3,57,50,41,131,133,62,116,93,42,27" hai3="9,56,46,10,55,43,13,72,95,125,17,103,135"/><U110/><E115/><V65/><F3/><W119/><G72/><T54/><D112/><U132/><E102/><V15/><F116/><W67/><G119/><T98/><D105/><U47/><E4/><V37/><F27/><W48/><G135/><T51/><D7/><U89/><E89/><V84/><F24/><W12/><G125/><T71/><D71/><U6/><E6/><V120/><F15/><W122/><G67/><T94/><D28/><U25/><E132/><V29/><F29/><W92/><G103/><T22/><D22/><U108/><E127/><V39/><F84/><W35/><G35/><T106/><D106/><U53/><E53/><N who="2" m="34095" /><F93/><W30/><G30/><T70/><D70/><U128/><E128/><V114/><F133/><W107/><G107/><T87/><D96/><U90/><E90/><V2/><F2/><W88/><G122/><T20/><D20/><U60/><E60/><V14/><F14/><AGARI ba="1,0" hai="14,16,19,21,23,25,45,47,81,82,83,108,109,110" machi="14" ten="50,4800,0" yaku="10,1,54,1" doraHai="117" who="1" fromWho="2" sc="138,0,456,51,278,-51,128,0" /><INIT seed="5,2,0,5,5,116" ten="138,507,227,128" oya="1" hai0="85,117,49,119,25,63,97,73,13,5,130,126,103" hai1="127,15,52,82,106,11,9,123,37,27,134,54,31" hai2="77,107,35,50,14,24,47,10,28,8,42,90,21" hai3="135,114,61,76,33,94,29,108,36,125,112,64,65"/><U39/><E106/><V113/><F107/><W101/><G108/><T131/><D73/><U46/><E134/><V60/><F113/><W71/><G76/><T102/><D126/><U99/><E127/><V43/><F77/><W3/><G3/><T121/><D63/><U66/><E66/><V122/><F122/><W111/><G111/><T58/><D25/><U22/><E99/><V23/><F43/><W68/><G125/><T78/><D103/><U89/><E11/><V59/><F90/><W72/><G72/><T91/><D78/><U45/><E123/><V132/><F132/><W4/><G4/><T7/><D7/><U0/><E0/><V83/><F83/><W26/><G135/><T48/><D48/><U6/><E39/><V115/><F115/><N who="3" m="44075" /><G36/><T69/><D69/><N who="3" m="26697" /><G61/><T40/><D121/><U53/><E37/><V80/><F80/><W96/><AGARI ba="2,0" hai="26,29,33,64,65,94,96,101" m="26697,44075" machi="96" ten="40,1500,0" yaku="15,1" doraHai="116" who="3" fromWho="3" sc="138,-6,507,-9,227,-6,128,21" /><INIT seed="6,0,0,5,5,4" ten="132,498,221,149" oya="2" hai0="15,38,103,130,45,102,44,119,28,98,111,34,47" hai1="5,113,72,75,59,17,69,132,114,30,127,29,78" hai2="24,101,67,117,115,135,64,7,96,116,60,109,122" hai3="6,100,23,18,36,91,95,39,31,79,54,106,2"/><V26/><F122/><W120/><G120/><T50/><D111/><U129/><E69/><V10/><F109/><W118/><G118/><T94/><D119/><U93/><E129/><V27/><F135/><W89/><G31/><T49/><D130/><U19/><E132/><V51/><F51/><W92/><G79/><T53/><D38/><U58/><E93/><V13/><F115/><W77/><G77/><T134/><D134/><U90/><E90/><V14/><F14/><W55/><G106/><T66/><D66/><U35/><E5/><V83/><F83/><W107/><G107/><T3/><D3/><U32/><E78/><V125/><F125/><AGARI ba="0,0" hai="17,19,29,30,32,35,58,59,72,75,113,114,125,127" machi="125" ten="25,1600,0" yaku="22,2" doraHai="4" who="1" fromWho="2" sc="132,0,498,16,221,-16,149,0" /><INIT seed="7,0,0,5,5,88" ten="132,514,205,149" oya="3" hai0="130,135,13,37,80,2,9,110,95,26,71,86,112" hai1="1,52,115,81,116,89,117,98,109,74,19,29,111" hai2="105,14,61,21,47,132,62,108,23,50,10,99,131" hai3="51,114,91,65,6,34,103,97,24,70,90,0,126"/><W15/><G0/><T66/><D110/><U46/><E1/><V41/><F108/><W121/><G121/><T38/><D2/><U85/><E115/><V128/><F132/><W8/><G114/><T57/><D112/><U107/><E29/><V84/><F84/><W87/><G126/><T123/><D123/><U39/><E74/><V63/><F99/><W56/><G70/><T5/><D135/><U22/><E98/><V49/><F49/><W100/><G34/><T125/><D125/><U72/><E107/><V16/><F105/><W92/><G24/><T76/><D130/><AGARI ba="0,0" hai="10,14,16,21,23,41,47,50,61,62,63,128,130,131" machi="130" ten="40,2600,0" yaku="19,1,54,1" doraHai="88" who="2" fromWho="0" sc="132,-26,514,0,205,26,149,0" owari="106,-39.0,514,61.0,231,3.0,149,-25.0" /></mjloggm>