<mjloggm ver="2.3"><GO type="169" lobby="0"/><UN n0="%E3%82%A6%E3%83%AB%E3%83%88%E3%83%A9%E7%AB%8B%E7%9B%B4" n1="%E3%82%AB%E3%83%A9%E3%82%B9%E2%98%85" n2="%E5%8D%97%E5%9B%BD%E9%9B%80" n3="%7A%6B%75%72%74" dan="16,16,16,17" rate="2015.60,2052.30,2116.79,2196.25" sx="M,M,M,M"/><TAIKYOKU oya="0"/><INIT seed="0,0,0,1,0,22" ten="250,250,250,250" oya="0" hai0="100,61,6,39,85,81,125,41,48,29,87,14,102" hai1="43,42,121,5,108,51,35,33,130,99,134,93,17" hai2="78,9,128,104,94,59,122,90,119,127,55,12,49" hai3="131,28,77,68,54,98,53,73,96,36,8,2,88"/><T52/><D125/><U107/><E17/><V124/><F104/><W40/><G68/><T30/><D39/><U97/><E5/><V34/><F122/><W133/><G133/><T84/><D81/><U92/><E51/><V118/><F78/><W10/><G131/><T26/><D61/><U75/><E107/><V60/><F34/><W91/><G28/><T24/><D41/><U25/><E75/><V57/><F128/><W69/><G69/><T64/><D64/><U74/><E74/><V72/><F72/><W45/><G10/><N who="0" m="4439" /><D30/><U114/><E130/><V120/><F120/><W135/><G135/><T66/><D66/><U37/><E37/><V95/><F95/><W126/><G126/><N who="2" m="48169" /><F12/><W101/><G77/><T50/><D50/><U47/><E121/><V67/><F9/><W115/><G73/><T116/><D116/><U58/><E134/><V63/><F63/><W15/><G2/><T76/><D76/><U16/><E108/><V112/><F112/><W103/><G115/><T82/><D82/><U110/><E114/><V3/><F3/><W46/><G36/><T0/><D0/><U89/><E110/><V83/><F83/><W21/><G40/><N who="1" m="15402" /><E47/><V27/><F118/><W111/><G111/><T62/><D62/><U106/><E58/><V123/><F123/><W7/><G46/><N who="0" m="27671" /><D29/><U79/><E106/><V19/><F119/><W4/><G45/><T117/><D117/><U132/><E79/><V31/><F31/><W71/><G71/><T70/><D70/><U105/><E132/><V13/><F60/><W23/><G8/><T44/><D44/><RYUUKYOKU ba="0,0" sc="250,15,250,-15,250,-15,250,15" hai0="24,26,84,85,87,100,102" hai3="4,7,15,21,23,53,54,88,91,96,98,101,103" /><INIT seed="0,1,0,3,2,81" ten="265,235,235,265" oya="0" hai0="38,12,74,113,120,9,46,102,47,3,48,114,131" hai1="8,130,70,16,103,135,17,134,121,50,94,31,132" hai2="0,62,55,18,91,107,5,61,60,133,101,67,53" hai3="117,90,7,69,116,44,1,115,59,99,43,2,45"/><T73/><D3/><U25/><E70/><V93/><F67/><W106/><G69/><T111/><D120/><U39/><E39/><V26/><F133/><W49/><G115/><T112/><D131/><U22/><E50/><V118/><F118/><W105/><G59/><T41/><D102/><U66/><E66/><V23/><F107/><W72/><G72/><T6/><REACH who="0" step="1"/><D111/><REACH who="0" ten="255,235,235,265" step="2"/><U129/><E121/><V125/><F101/><W52/><G2/><T14/><D14/><N who="1" m="7239" /><E31/><V97/><F125/><W19/><G116/><T86/><D86/><U80/><E80/><V13/><F0/><W124/><G117/><T75/><D75/><U100/><E103/><V108/><F108/><W92/><G124/><T110/><D110/><U30/><E30/><N who="2" m="17759" /><F5/><W11/><REACH who="3" step="1"/><G19/><REACH who="3" ten="255,235,235,255" step="2"/><T58/><D58/><U36/><E36/><AGARI ba="1,2" hai="1,7,11,36,43,44,45,49,52,90,92,99,105,106" machi="36" ten="30,7700,0" yaku="1,1,2,1,7,1,54,1,53,0" doraHai="81" doraHaiUra="109" who="3" fromWho="1" sc="255,0,235,-80,235,0,255,100" /><INIT seed="1,0,0,1,2,38" ten="255,155,235,355" oya="1" hai0="23,75,70,111,30,86,113,100,24,123,43,103,133" hai1="91,98,6,67,62,104,84,76,121,36,115,129,68" hai2="20,2,10,50,49,73,48,80,0,95,57,55,58" hai3="31,130,32,15,107,124,52,40,135,126,109,22,61"/><U27/><E115/><V74/><F95/><W87/><G107/><T3/><D75/><N who="2" m="28682" /><F20/><W4/><G32/><T45/><D3/><N who="2" m="1066" /><F80/><W51/><G61/><T16/><D70/><U46/><E121/><V60/><F10/><W7/><G109/><T77/><D111/><U35/><E129/><V14/><F14/><W63/><G130/><T106/><D113/><U117/><E117/><V33/><F33/><W134/><G63/><T1/><D133/><N who="3" m="50697" /><G87/><T41/><D1/><U71/><E6/><N who="3" m="2090" /><G15/><T99/><D103/><N who="1" m="62583" /><E76/><V102/><F102/><W19/><G19/><T56/><D123/><U47/><E71/><V66/><F60/><W78/><G78/><T8/><D86/><U101/><E101/><V131/><F131/><W42/><G22/><T82/><D82/><N who="1" m="49559" /><E36/><V53/><F66/><W125/><G31/><AGARI ba="0,0" hai="27,31,35,46,47,62,67,68" m="49559,62583" machi="31" ten="30,1500,0" yaku="25,1" doraHai="38" who="1" fromWho="3" sc="255,0,155,15,235,0,355,-15" /><INIT seed="1,1,0,4,2,69" ten="255,170,235,340" oya="1" hai0="13,96,111,134,3,114,98,49,22,56,89,15,54" hai1="36,110,112,135,29,6,62,52,48,9,126,76,53" hai2="124,125,0,28,86,133,1,67,85,79,99,16,77" hai3="117,129,20,17,80,39,78,88,47,92,106,66,68"/><U82/><E112/><V130/><F28/><W65/><G106/><T105/><D3/><N who="2" m="1098" /><F67/><W43/><G117/><T101/><D114/><U107/><E107/><V14/><F133/><W70/><G129/><T10/><D134/><U41/><E135/><V87/><F99/><W116/><G116/><T91/><D111/><U123/><E123/><V127/><F130/><W132/><G132/><T75/><D75/><U8/><E110/><V11/><AGARI ba="1,0" hai="11,14,16,77,79,85,86,87,124,125,127" m="1098" machi="11" ten="40,2700,0" yaku="18,1,54,1" doraHai="69" who="2" fromWho="2" sc="255,-8,170,-14,235,30,340,-8" /><INIT seed="2,0,0,0,4,60" ten="247,156,265,332" oya="2" hai0="99,90,17,24,47,80,97,128,27,36,53,93,96" hai1="8,125,20,65,18,119,61,16,56,72,37,104,82" hai2="13,134,38,66,1,117,69,112,101,88,74,22,130" hai3="11,123,75,114,7,89,28,12,67,73,4,95,30"/><V21/><F117/><W83/><G123/><T120/><D120/><U34/><E119/><V52/><F112/><W135/><G114/><T84/><D128/><U25/><E104/><V94/><F1/><W118/><G118/><T58/><D47/><U0/><E125/><V51/><F38/><W14/><G135/><T26/><D36/><U92/><E37/><V85/><F74/><W55/><G55/><T57/><D17/><U63/><E92/><V115/><F130/><W107/><G107/><T133/><D133/><U79/><E63/><V32/><F32/><W110/><G110/><T40/><D40/><U132/><E132/><V54/><F115/><W9/><G83/><T131/><D131/><U62/><E62/><V49/><F101/><W5/><G5/><T113/><D113/><U41/><E41/><V6/><F134/><W3/><G3/><T43/><D43/><U70/><E70/><V2/><F2/><W98/><G67/><T121/><D121/><U45/><E45/><N who="2" m="27695" /><F66/><W87/><G87/><T71/><D71/><U109/><E109/><V15/><F69/><W29/><AGARI ba="0,0" hai="4,7,9,11,12,14,28,29,30,73,75,89,95,98" machi="29" ten="30,2000,0" yaku="0,1,9,1" doraHai="60" who="3" fromWho="3" sc="247,-5,156,-5,265,-10,332,20" /><INIT seed="3,0,0,3,2,8" ten="242,151,255,352" oya="3" hai0="100,56,5,106,25,102,59,70,113,77,2,66,115" hai1="67,71,120,92,127,19,0,74,73,111,75,36,88" hai2="14,109,65,27,114,32,126,13,121,68,24,52,112" hai3="105,132,46,54,99,22,107,45,69,43,103,1,20"/><W15/><G1/><T63/><D5/><U33/><E0/><V125/><F109/><W131/><G69/><T37/><D2/><U122/><E33/><V31/><F121/><W35/><G35/><T95/><D37/><U81/><E36/><V133/><F133/><W79/><G79/><T38/><D38/><U48/><E48/><V110/><F110/><W18/><G132/><T72/><D106/><U11/><E111/><V97/><F97/><W26/><G131/><T82/><D25/><U86/><E127/><N who="2" m="48651" /><F27/><W84/><G105/><T9/><D9/><U57/><E71/><V58/><F65/><W134/><G134/><T40/><D40/><U129/><E129/><V17/><F17/><W91/><G54/><T16/><D16/><U60/><REACH who="1" step="1"/><E81/><REACH who="1" ten="242,141,255,352" step="2"/><V101/><F68/><W93/><REACH who="3" step="1"/><G43/><REACH who="3" ten="242,141,255,342" step="2"/><T98/><D70/><U10/><E10/><V30/><F32/><W53/><G53/><T128/><D128/><U34/><E34/><V117/><F52/><W51/><G51/><T135/><D135/><U50/><E50/><V7/><F112/><N who="0" m="43082" /><D59/><U21/><E21/><V87/><F58/><W116/><G116/><T28/><D56/><U83/><E83/><V44/><F114/><W12/><G12/><AGARI ba="0,2" hai="11,12,19,57,60,67,73,74,75,86,88,92,120,122" machi="12" ten="40,5200,0" yaku="1,1,52,1,54,1,53,0" doraHai="8" doraHaiUra="3" who="1" fromWho="3" sc="242,0,141,72,255,0,342,-52" /><INIT seed="4,0,0,4,2,89" ten="242,213,255,290" oya="0" hai0="68,45,111,106,21,124,29,61,119,80,108,35,42" hai1="96,78,18,4,81,32,43,27,40,12,74,56,72" hai2="31,110,0,23,130,49,57,133,58,90,9,64,17" hai3="33,117,67,50,75,128,16,30,115,7,55,126,127"/><T14/><D119/><U116/><E116/><V44/><F110/><N who="0" m="42026" /><D106/><U103/><E56/><V71/><F133/><W93/><G117/><T94/><D124/><N who="3" m="47657" /><G75/><T10/><D80/><U47/><E4/><V100/><F130/><W13/><G7/><N who="0" m="3423" /><D35/><U52/><E72/><V54/><F0/><W8/><G128/><T65/><D21/><U109/><E109/><V118/><F118/><W121/><G121/><T122/><D29/><U11/><E27/><N who="2" m="16895" /><F71/><W22/><G115/><T66/><D122/><U25/><E32/><V76/><F76/><W41/><G33/><T91/><D61/><U51/><REACH who="1" step="1"/><E25/><REACH who="1" ten="242,203,255,290" step="2"/><V28/><F58/><W53/><G30/><T104/><D68/><U114/><E114/><V101/><F28/><W26/><G26/><T120/><D120/><U107/><AGARI ba="0,1" hai="11,12,18,40,43,47,51,52,74,78,81,96,103,107" machi="107" ten="20,5200,0" yaku="1,1,0,1,7,1,54,1,53,0" doraHai="89" doraHaiUra="125" who="1" fromWho="1" sc="242,-26,203,62,255,-13,290,-13" /><INIT seed="5,0,0,5,0,94" ten="216,265,242,277" oya="1" hai0="12,0,124,76,31,123,134,23,73,64,77,27,18" hai1="132,129,122,14,1,126,21,56,49,112,24,65,50" hai2="102,131,118,52,7,39,115,87,78,130,34,35,121" hai3="103,40,57,8,53,5,95,119,83,86,71,70,90"/><U106/><E14/><V108/><F108/><W67/><G40/><T98/><D123/><U29/><E106/><V100/><F121/><W38/><G38/><T114/><D73/><U68/><E1/><V69/><F69/><W63/><G119/><T135/><D0/><U15/><E122/><V96/><F39/><W85/><G67/><T32/><D64/><U89/><E15/><V59/><F102/><W91/><REACH who="3" step="1"/><G103/><REACH who="3" ten="216,265,242,267" step="2"/><T46/><D124/><U133/><E126/><V97/><F118/><W22/><G22/><T80/><D114/><U41/><E112/><V61/><F115/><W48/><G48/><T6/><D134/><U72/><E50/><V125/><F125/><W2/><AGARI ba="0,1" hai="2,5,8,53,57,63,70,71,83,85,86,90,91,95" machi="2" ten="20,2700,0" yaku="1,1,0,1,7,1,53,0" doraHai="94" doraHaiUra="120" who="3" fromWho="3" sc="216,-7,265,-13,242,-7,267,37" /><INIT seed="6,0,0,4,5,30" ten="209,252,235,304" oya="2" hai0="115,12,0,23,33,64,65,131,127,57,50,73,98" hai1="36,105,104,55,58,123,3,114,108,53,88,59,93" hai2="56,29,101,20,60,92,52,124,45,19,100,67,41" hai3="24,51,122,37,81,130,80,110,13,44,84,94,99"/><V38/><F124/><W9/><G122/><T5/><D73/><U85/><E3/><V26/><F92/><W54/><G37/><T35/><D127/><U62/><E123/><V1/><F1/><W25/><G130/><T78/><D78/><U49/><E36/><V16/><F19/><N who="3" m="8623" /><G110/><T69/><D69/><U135/><E108/><V21/><F67/><N who="0" m="25674" /><D0/><U72/><E72/><V31/><F31/><W46/><G46/><T132/><D98/><U133/><REACH who="1" step="1"/><E114/><REACH who="1" ten="209,242,235,304" step="2"/><V71/><F71/><W111/><G111/><T39/><D39/><U77/><E77/><V119/><REACH who="2" step="1"/><F119/><REACH who="2" ten="209,242,225,304" step="2"/><W112/><G112/><T48/><D115/><U18/><E18/><V28/><F28/><W4/><G4/><T83/><D5/><U14/><E14/><AGARI ba="0,2" hai="14,16,20,21,26,29,38,41,45,52,56,60,100,101" machi="14" ten="30,11600,0" yaku="1,1,7,1,54,2,53,0" doraHai="30" doraHaiUra="89" who="2" fromWho="1" sc="209,0,242,-116,225,136,304,0" /><INIT seed="6,1,0,4,0,26" ten="209,126,361,304" oya="2" hai0="0,130,30,74,41,46,87,29,109,135,12,102,96" hai1="115,25,129,83,18,125,122,63,35,66,77,88,75" hai2="37,123,28,92,85,48,103,6,53,117,119,113,104" hai3="133,81,54,95,7,99,62,84,94,51,108,116,57"/><V47/><F123/><W69/><G108/><T33/><D74/><U5/><E122/><V132/><F132/><W120/><G120/><T50/><D0/><U65/><E115/><V79/><F113/><W78/><G116/><T11/><D33/><U14/><E125/><V8/><F104/><W34/><G34/><T61/><D135/><U82/><E129/><V22/><F37/><W67/><G133/><T89/><D130/><U15/><E5/><V100/><F117/><W56/><G7/><T36/><D36/><U49/><E49/><V93/><F119/><W121/><G121/><T17/><D61/><U127/><E127/><V10/><F10/><W40/><G40/><T2/><D2/><U106/><E106/><V43/><F53/><W124/><G124/><T76/><D76/><U20/><E35/><V27/><F79/><W107/><G107/><T3/><D3/><U55/><E55/><V112/><F112/><W118/><G118/><T105/><D109/><U131/><E131/><V38/><F38/><W45/><G95/><AGARI ba="1,0" hai="11,12,17,29,30,41,46,50,87,89,95,96,102,105" machi="95" ten="30,3900,0" yaku="7,1,52,2" doraHai="26" who="0" fromWho="3" sc="209,42,126,0,361,0,304,-42" /><INIT seed="7,0,0,2,4,96" ten="251,126,361,262" oya="3" hai0="50,90,82,65,24,2,69,37,108,103,126,132,21" hai1="26,113,47,122,121,22,67,45,101,87,120,127,4" hai2="7,92,85,68,104,33,5,125,83,106,28,74,31" hai3="119,117,41,27,46,48,81,60,95,56,30,55,98"/><W51/><G81/><T9/><D37/><U129/><E4/><N who="2" m="1611" /><F68/><W20/><REACH who="3" step="1"/><G60/><REACH who="3" ten="251,126,361,252" step="2"/><T93/><D82/><U29/><E113/><V94/><F83/><W116/><G116/><T135/><D108/><U61/><E127/><V38/><F125/><W66/><G66/><T76/><D126/><U75/><E129/><V99/><F38/><W78/><G78/><T88/><D65/><U34/><E75/><V97/><F74/><W124/><G124/><T130/><D76/><U133/><E133/><V19/><F33/><W91/><AGARI ba="0,1" hai="20,27,30,41,46,48,51,55,56,91,95,98,117,119" machi="91" ten="20,3900,0" yaku="1,1,0,1,7,1,53,0" doraHai="96" doraHaiUra="71" who="3" fromWho="3" sc="251,-13,126,-13,361,-13,252,49" /><INIT seed="7,1,0,5,1,126" ten="238,113,348,301" oya="3" hai0="127,71,60,101,116,111,96,97,94,123,135,14,130" hai1="118,133,22,2,103,40,72,62,49,76,57,81,16" hai2="102,67,58,26,36,113,15,87,90,20,27,53,105" hai3="124,80,120,115,9,119,83,104,91,75,4,73,61"/><W33/><G33/><T8/><D60/><U41/><E2/><V106/><F36/><W35/><G35/><T109/><D71/><U69/><E133/><V134/><F67/><W25/><G120/><T65/><D65/><U47/><E103/><V128/><F134/><W17/><G119/><T93/><D14/><U117/><E69/><V46/><F46/><W107/><G124/><T11/><D135/><U66/><E41/><V19/><F113/><W112/><G61/><T48/><D48/><U24/><E117/><V7/><F128/><W1/><G107/><T74/><D127/><U6/><E118/><V85/><F85/><N who="3" m="50599" /><G83/><T95/><D116/><U63/><E63/><N who="2" m="36303" /><F105/><W125/><G104/><T108/><D11/><U54/><E6/><V88/><F106/><W122/><G122/><T98/><D8/><U21/><E21/><V70/><F70/><W10/><G125/><T32/><D32/><U43/><REACH who="1" step="1"/><E66/><REACH who="1" ten="238,103,348,301" step="2"/><V23/><F102/><W38/><G38/><T34/><D34/><U100/><E100/><V50/><F7/><W55/><G10/><T114/><D101/><U45/><E45/><V99/><F23/><N who="3" m="13551" /><G55/><T92/><D123/><U3/><E3/><V56/><F20/><W64/><G64/><T52/><D98/><U18/><E18/><V121/><F121/><W5/><G4/><T129/><D97/><U42/><AGARI ba="1,1" hai="16,22,24,40,42,43,47,49,54,57,62,72,76,81" machi="42" ten="20,8000,1" yaku="1,1,0,1,7,1,54,1,53,1" doraHai="126" doraHaiUra="79" who="1" fromWho="1" sc="238,-21,103,93,348,-21,301,-41" owari="217,-18.0,196,-30.0,327,42.0,260,6.0" /></mjloggm>