<mjloggm ver="2.3"><GO type="97" lobby="0"/><UN n0="%E2%98%86%E9%80%86%E8%A5%B2%E3%81%AE%E8%A5%BF%E2%98%86" n1="%43%48%49%53%45" n2="%E3%83%95%E3%82%B0%E7%94%B0%E3%82%BF%E3%83%A9%E3%82%AA" n3="%E3%82%A6%E3%83%AB%E3%83%88%E3%83%A9%E7%AB%8B%E7%9B%B4" dan="14,14,15,15" rate="1973.08,1935.81,2023.53,2036.38" sx="M,M,M,M"/><TAIKYOKU oya="0"/><INIT seed="0,0,0,5,5,114" ten="250,250,250,250" oya="0" hai0="46,133,8,66,71,61,22,25,120,12,67,34,80" hai1="9,118,82,57,119,75,37,49,36,23,19,27,103" hai2="32,132,130,43,60,1,88,14,110,38,77,69,52" hai3="116,134,90,45,70,6,131,126,33,135,79,40,26"/><T10/><D120/><U91/><E103/><V99/><F1/><W24/><G70/><T47/><D133/><N who="3" m="50697" /><G79/><T93/><D34/><U13/><E75/><V122/><F132/><W18/><G6/><T17/><D80/><U29/><E36/><V95/><F122/><W62/><G26/><T121/><D121/><U127/><E37/><V59/><F32/><W85/><G62/><T76/><D76/><U48/><E49/><V108/><F77/><W5/><G5/><T81/><D81/><U50/><E48/><V89/><F69/><W15/><G24/><T4/><D10/><U11/><E127/><V58/><F130/><W72/><G33/><T102/><D67/><U86/><E11/><V64/><F14/><W124/><G72/><T16/><D4/><U97/><E97/><V65/><F38/><W117/><G131/><T87/><REACH who="0" step="1"/><D87/><REACH who="0" ten="240,250,250,250" step="2"/><U44/><REACH who="1" step="1"/><E57/><REACH who="1" ten="240,240,250,250" step="2"/><V41/><F59/><W2/><G126/><T105/><D105/><U56/><E56/><V83/><F65/><W63/><G124/><T92/><D92/><U68/><E68/><V123/><F64/><W74/><G74/><T113/><D113/><U107/><E107/><V128/><F128/><W53/><G85/><T111/><D111/><N who="2" m="42538" /><F123/><W21/><G2/><T109/><D109/><U7/><E7/><V115/><F115/><W0/><G0/><T78/><D78/><U30/><E30/><V84/><AGARI ba="0,2" hai="41,43,52,58,60,83,84,88,89,95,99" m="42538" machi="84" ten="30,4000,0" yaku="14,1,54,2" doraHai="114" who="2" fromWho="2" sc="240,-20,240,-10,250,60,250,-10" /><INIT seed="1,0,0,1,2,118" ten="220,230,310,240" oya="1" hai0="57,61,9,126,135,96,6,105,44,26,37,77,31" hai1="64,89,15,108,45,32,43,46,24,41,73,42,76" hai2="39,60,98,124,2,80,71,4,95,55,110,50,106" hai3="65,47,3,79,84,128,19,1,86,74,81,111,68"/><U88/><E108/><V58/><F39/><W114/><G114/><T134/><D77/><U21/><E73/><V56/><F110/><W133/><G128/><T51/><D96/><U0/><E76/><V48/><F124/><W16/><G133/><T122/><D105/><U127/><E32/><V34/><F34/><W59/><G111/><T72/><D72/><U70/><E0/><V40/><F71/><W62/><G68/><T69/><D126/><U121/><E121/><V93/><F80/><W85/><G3/><T12/><D69/><U101/><E101/><V27/><F27/><W49/><REACH who="3" step="1"/><G1/><REACH who="3" ten="220,230,310,230" step="2"/><T125/><D135/><U67/><E70/><V30/><F2/><W10/><G10/><T54/><D134/><U91/><E127/><V36/><F36/><W17/><G17/><T20/><D125/><U100/><E100/><V116/><F30/><W97/><G97/><T92/><D37/><U52/><E15/><V109/><F109/><W23/><G23/><T82/><D82/><U115/><E115/><V25/><F98/><W99/><G99/><T8/><D9/><U132/><E132/><V33/><F33/><W117/><G117/><T29/><D31/><U120/><E120/><V5/><F116/><W119/><G119/><T83/><D83/><U129/><E129/><V87/><F4/><W130/><G130/><T18/><D29/><U107/><E107/><V63/><F5/><W11/><G11/><T102/><D6/><U75/><E75/><V104/><F106/><W53/><AGARI ba="0,1" hai="16,19,47,49,53,59,62,65,74,79,81,84,85,86" machi="53" ten="30,4000,0" yaku="1,1,0,1,54,1,53,0" doraHai="118" doraHaiUra="103" who="3" fromWho="3" sc="220,-10,230,-20,310,-10,230,50" /><INIT seed="2,0,0,4,5,54" ten="210,210,300,280" oya="2" hai0="24,12,100,123,48,128,25,17,39,9,8,18,61" hai1="117,23,56,22,134,35,103,85,113,95,62,44,74" hai2="115,116,121,40,29,133,32,60,114,105,15,106,83" hai3="79,0,96,1,89,19,122,4,63,45,11,88,131"/><V42/><F116/><W87/><G122/><T43/><D123/><U110/><E35/><V14/><F121/><W124/><G1/><T98/><D39/><U20/><E113/><V93/><F133/><W46/><G79/><T67/><D128/><U97/><E134/><V5/><F93/><W71/><G124/><T101/><D43/><U66/><E74/><V84/><F60/><W75/><G75/><T90/><D48/><U55/><E117/><V41/><F32/><W31/><G31/><T70/><D90/><U112/><E112/><V108/><F108/><W102/><G89/><T130/><D130/><U78/><E110/><V13/><F29/><W82/><G131/><T65/><D65/><U132/><E132/><V37/><F37/><W76/><G76/><T77/><D77/><U73/><E73/><V57/><F5/><W119/><G19/><T104/><REACH who="0" step="1"/><D101/><REACH who="0" ten="200,210,300,280" step="2"/><U2/><E2/><V49/><F115/><W26/><G119/><T92/><D92/><U7/><E7/><V33/><F114/><W120/><G120/><T59/><D59/><U52/><E44/><V51/><F57/><W129/><G46/><T109/><D109/><U21/><N who="1" m="5632" /><DORA hai="68" /><U107/><REACH who="1" step="1"/><E107/><REACH who="1" ten="200,200,300,280" step="2"/><V3/><F106/><N who="3" m="63815" /><G45/><T27/><D27/><U16/><E16/><V118/><F105/><W36/><G26/><T81/><D81/><AGARI ba="0,2" hai="52,55,56,62,66,78,81,85,95,97,103" m="5632" machi="81" ten="50,8000,1" yaku="1,1,8,1,52,1,54,1,53,1" doraHai="54,68" doraHaiUra="53,126" who="1" fromWho="0" sc="200,-80,200,100,300,0,280,0" /><INIT seed="3,0,0,0,1,30" ten="120,300,300,280" oya="3" hai0="56,19,31,11,3,42,86,79,51,92,40,57,28" hai1="121,122,55,102,82,64,111,132,103,9,18,134,32" hai2="6,35,16,81,13,5,12,119,113,116,15,124,126" hai3="98,128,63,34,37,91,85,65,131,17,105,60,43"/><W59/><G43/><T71/><D71/><U123/><E64/><V24/><F81/><W95/><G37/><T7/><D19/><U10/><E111/><V117/><F113/><W135/><G135/><N who="1" m="51754" /><E32/><V90/><F90/><W50/><G50/><T87/><D92/><U4/><E82/><V74/><F74/><W41/><G41/><T109/><D109/><U1/><E55/><V73/><F73/><W26/><G63/><T58/><D51/><U99/><E99/><V80/><F80/><W72/><G72/><T29/><REACH who="0" step="1"/><D79/><REACH who="0" ten="110,300,300,280" step="2"/><U96/><E96/><V23/><F35/><W44/><G17/><T93/><D93/><U54/><E54/><V84/><F84/><W2/><G44/><T38/><D38/><U130/><E130/><N who="3" m="49706" /><G105/><T47/><D47/><U25/><E25/><V97/><F97/><W100/><G85/><T114/><D114/><U52/><E52/><V45/><F45/><W104/><G26/><T108/><D108/><U94/><E94/><V14/><N who="2" m="3584" /><DORA hai="36" /><V61/><F61/><W83/><G34/><T76/><D76/><U62/><E18/><V39/><F39/><W8/><G83/><T112/><D112/><U89/><E89/><V48/><F48/><W125/><G91/><T69/><D69/><U88/><E88/><V107/><F107/><W22/><G104/><T133/><D133/><U106/><E106/><V75/><F75/><W46/><G46/><T110/><D110/><U120/><E121/><V20/><F20/><W66/><G22/><T129/><D129/><U49/><E49/><V70/><F70/><W101/><G95/><RYUUKYOKU ba="0,1" sc="110,15,300,-15,300,15,280,-15" hai0="3,7,11,28,29,31,40,42,56,57,58,86,87" hai2="5,6,16,23,24,116,117,119,124,126" owari="125,-37.0,285,9.0,325,41.0,265,-13.0" /></mjloggm>