<mjloggm ver="2.3"><GO type="41" lobby="0"/><UN n0="%E5%A4%8F%E5%A5%88%E3%81%A1%E3%82%83%E3%82%93" n1="%E3%81%8D%E3%82%85%E3%81%A3%E3%81%8D%E3%82%85%E3%81%84" n2="%E3%82%A6%E3%83%AB%E3%83%88%E3%83%A9%E7%AB%8B%E7%9B%B4" n3="%EF%BC%94%E7%95%AA%E7%95%A0%E5%B1%B1" dan="13,13,16,13" rate="1873.99,1852.63,2041.79,1858.13" sx="F,M,M,M"/><TAIKYOKU oya="0"/><INIT seed="0,0,0,2,2,36" ten="250,250,250,250" oya="0" hai0="98,51,9,90,97,73,131,92,40,33,106,22,114" hai1="125,1,127,30,52,26,7,16,95,27,101,134,71" hai2="87,79,37,126,6,49,11,46,58,4,42,119,120" hai3="53,122,121,38,75,29,102,32,10,99,117,55,56"/><T74/><D114/><U94/><E71/><V12/><F120/><W70/><G117/><T109/><D33/><U23/><E134/><V108/><F119/><W128/><G75/><T57/><D131/><U116/><E116/><V118/><F118/><W59/><G32/><T60/><D109/><U132/><E132/><V63/><F108/><W2/><G29/><T113/><D113/><U129/><E129/><V17/><F37/><W93/><G128/><T83/><D9/><N who="1" m="2287" /><E101/><V82/><REACH who="2" step="1"/><F126/><REACH who="2" ten="250,250,240,250" step="2"/><W105/><G122/><T112/><D112/><U62/><E127/><V69/><F69/><W66/><G121/><T64/><D83/><U89/><E125/><V54/><AGARI ba="0,1" hai="4,6,11,12,17,42,46,49,54,58,63,79,82,87" machi="54" ten="20,12000,2" yaku="1,1,0,1,7,1,8,1,52,1,53,1" doraHai="36" doraHaiUra="48" who="2" fromWho="2" sc="250,-60,250,-30,240,130,250,-30" /><INIT seed="1,0,0,5,5,89" ten="190,220,370,220" oya="1" hai0="63,35,60,18,3,135,37,12,101,112,44,41,105" hai1="80,27,104,83,33,50,108,97,85,51,99,87,122" hai2="47,57,74,65,102,130,46,131,59,113,69,78,86" hai3="128,72,91,92,107,134,127,110,23,58,25,96,43"/><U53/><E122/><V68/><F86/><W20/><G110/><T117/><D117/><U81/><E108/><V48/><F102/><W120/><G127/><T126/><D112/><U95/><E104/><V129/><F78/><W54/><G134/><T19/><D126/><U82/><E33/><V64/><F74/><W5/><G128/><T26/><D135/><U2/><E2/><V6/><F6/><W31/><G120/><T49/><D3/><U52/><E27/><V14/><F14/><W22/><G72/><T109/><D109/><U119/><N who="1" m="20992" /><DORA hai="8" /><U77/><E119/><V100/><F100/><W71/><G71/><T11/><D37/><U106/><E77/><V115/><F129/><W62/><G107/><T66/><D66/><U70/><E70/><V24/><F24/><W0/><G0/><T38/><D38/><U21/><E106/><V13/><F13/><W15/><G43/><T124/><D124/><U34/><E34/><V1/><F1/><W88/><G91/><T79/><D79/><U114/><E114/><V36/><F48/><N who="1" m="18473" /><E21/><V28/><F28/><W123/><G123/><T7/><D7/><U111/><E111/><V75/><F75/><W118/><G118/><T17/><D35/><U132/><E132/><V61/><F61/><N who="0" m="23626" /><D26/><U32/><E32/><V29/><F29/><W103/><G103/><T133/><D133/><U121/><E121/><V39/><AGARI ba="0,0" hai="36,39,46,47,57,59,64,65,68,69,113,115,130,131" machi="39" ten="25,12000,2" yaku="0,1,22,2,34,3" doraHai="89,8" who="2" fromWho="2" sc="190,-30,220,-60,370,120,220,-30" /><INIT seed="2,0,0,0,2,54" ten="160,160,490,190" oya="2" hai0="36,20,51,116,65,88,104,115,66,129,108,69,48" hai1="71,103,70,130,75,11,10,107,72,131,25,3,125" hai2="62,27,16,41,89,93,17,29,5,128,77,47,60" hai3="26,18,132,121,73,44,122,81,117,78,126,23,46"/><V95/><F128/><W112/><G117/><T40/><D104/><U37/><E25/><V13/><F77/><W90/><G132/><T8/><D129/><U56/><E125/><V74/><F74/><W52/><G126/><T91/><D115/><U50/><E37/><V100/><F5/><W92/><G112/><T53/><D8/><U38/><E38/><V127/><F127/><W102/><G102/><T14/><D116/><U113/><E103/><V55/><F100/><W45/><G122/><T124/><D124/><U96/><E113/><V61/><F93/><W118/><G118/><T94/><D108/><U9/><E107/><V42/><F17/><W30/><G30/><T63/><D66/><U34/><E11/><V49/><F27/><W12/><G121/><T134/><D134/><U101/><E101/><V123/><F29/><W84/><REACH who="3" step="1"/><G26/><REACH who="3" ten="160,160,490,180" step="2"/><T39/><D36/><U43/><E34/><V120/><F120/><W15/><G15/><T33/><D33/><U133/><E133/><V86/><F123/><W97/><G97/><T2/><D2/><U119/><E96/><V67/><F67/><W109/><G109/><T32/><D32/><U87/><E119/><V98/><F98/><W135/><G135/><T99/><D39/><U105/><E3/><V85/><F85/><W79/><G79/><T1/><D1/><U28/><E87/><V6/><F6/><W111/><G111/><T19/><D99/><U106/><E28/><V0/><F0/><W24/><G24/><T22/><D14/><U83/><E131/><V68/><F68/><W21/><G21/><AGARI ba="0,1" hai="13,16,21,41,42,47,49,55,60,61,62,86,89,95" machi="21" ten="40,7700,0" yaku="6,1,8,1,54,1" doraHai="54" who="2" fromWho="3" sc="160,0,160,0,490,87,180,-77" /><INIT seed="2,1,0,4,0,54" ten="160,160,577,103" oya="2" hai0="97,96,40,3,114,110,42,1,2,78,60,132,130" hai1="104,122,0,38,90,121,19,94,91,89,116,47,127" hai2="52,21,14,131,62,134,41,135,50,76,98,72,51" hai3="67,85,22,103,120,105,27,73,6,106,108,83,126"/><V128/><F76/><W43/><G120/><N who="1" m="46186" /><E19/><V4/><F72/><W32/><G108/><T74/><D60/><U28/><E28/><V118/><F118/><W113/><G126/><T109/><D74/><U26/><E26/><V75/><F75/><W37/><G73/><T63/><D63/><U7/><E7/><V44/><F98/><N who="0" m="37994" /><D78/><U119/><E0/><N who="0" m="1" /><T46/><DORA hai="117" /><D46/><U79/><E47/><V111/><F21/><W12/><G67/><T71/><D114/><U10/><E10/><V59/><F14/><W58/><G113/><T53/><D53/><U5/><E5/><V65/><F4/><W112/><G112/><T66/><D66/><U8/><E8/><V107/><F107/><W33/><G106/><T30/><D30/><U87/><E38/><V102/><F102/><W88/><G105/><T9/><D9/><U80/><E127/><V17/><F111/><N who="0" m="42506" /><D71/><U86/><E104/><V34/><F34/><W45/><G103/><T64/><D64/><U95/><E91/><V61/><F61/><W133/><G6/><T69/><D69/><U20/><E20/><V39/><F17/><W99/><G12/><T36/><D36/><U82/><E79/><V11/><F11/><W101/><G32/><T23/><D23/><U48/><E48/><V29/><F29/><W49/><G33/><T81/><D132/><N who="2" m="50730" /><F51/><W124/><G133/><T25/><D130/><U123/><N who="1" m="46194" /><U56/><DORA hai="68" /><E56/><AGARI ba="1,0" hai="39,41,44,50,52,56,59,62,65,128,131" m="50730" machi="56" ten="30,18000,2" yaku="20,1,34,2,52,3,54,1" doraHai="54,117,68" who="2" fromWho="1" sc="160,0,160,-183,577,183,103,0" owari="160,-4.0,-23,-52.0,760,86.0,103,-30.0" /></mjloggm>