<mjloggm ver="2.3"><GO type="169" lobby="0"/><UN n0="%E3%82%A6%E3%83%AB%E3%83%88%E3%83%A9%E7%AB%8B%E7%9B%B4" n1="%E3%81%8B%E3%81%AB%E3%83%9E%E3%82%B8%E3%83%B3" n2="%7A%65%72%6F%52%58" n3="%44%65%78%69%63" dan="16,16,16,16" rate="2043.43,2037.80,2098.04,2090.56" sx="M,M,M,M"/><TAIKYOKU oya="0"/><INIT seed="0,0,0,1,2,76" ten="250,250,250,250" oya="0" hai0="89,102,60,133,71,126,93,51,127,1,99,55,88" hai1="130,15,33,131,124,72,35,24,6,12,56,11,121" hai2="77,7,83,3,108,59,27,115,87,19,92,98,129" hai3="53,107,100,47,66,36,30,73,106,21,134,75,105"/><T16/><D1/><U90/><E72/><V116/><F108/><W25/><G134/><T46/><D133/><U84/><E121/><V82/><F115/><W18/><G100/><T29/><D29/><U34/><E56/><V57/><F129/><W23/><G66/><T86/><D89/><U117/><E117/><V79/><F116/><W67/><G67/><T8/><D60/><U101/><E101/><V103/><F3/><W39/><G39/><T28/><D28/><U95/><E124/><V10/><F7/><W52/><G36/><T40/><D40/><U80/><E24/><V5/><F5/><W37/><G37/><T17/><D71/><U135/><E135/><V119/><F119/><W63/><G53/><T85/><D85/><U45/><E45/><V69/><F69/><W91/><G91/><T123/><D123/><U122/><E122/><V64/><F64/><W125/><G125/><N who="0" m="47627" /><D8/><U111/><E111/><V78/><F78/><W20/><G63/><T38/><D38/><U97/><REACH who="1" step="1"/><E12/><REACH who="1" ten="250,240,250,250" step="2"/><N who="2" m="7575" /><F27/><W74/><REACH who="3" step="1"/><G30/><REACH who="3" ten="250,240,250,240" step="2"/><T112/><D112/><U44/><E44/><V22/><F103/><W42/><G42/><T68/><D68/><U49/><E49/><AGARI ba="0,2" hai="18,20,21,23,25,47,49,52,73,74,75,105,106,107" machi="49" ten="50,6400,0" yaku="1,1,54,1,53,1" doraHai="76" doraHaiUra="41" who="3" fromWho="1" sc="250,0,240,-64,250,0,240,84" /><INIT seed="1,0,0,1,5,114" ten="250,176,250,324" oya="1" hai0="124,123,107,81,134,5,94,14,42,36,27,15,19" hai1="58,7,80,70,71,48,21,78,45,63,135,64,88" hai2="33,51,69,83,113,122,37,62,55,102,108,50,30" hai3="87,39,10,44,116,98,13,68,6,49,132,31,29"/><U77/><E135/><V40/><F102/><W85/><G68/><T118/><D107/><U117/><E117/><V34/><F83/><W126/><G132/><T66/><D66/><U41/><E7/><V32/><F30/><W43/><G126/><T92/><D42/><U115/><E115/><V18/><F113/><W121/><G121/><T79/><D36/><U20/><E70/><V93/><F122/><W109/><G109/><T111/><D111/><U47/><E71/><V60/><F108/><W89/><G39/><T23/><D134/><U28/><E47/><V4/><F4/><W91/><G116/><T97/><D124/><U3/><E3/><V106/><F106/><W0/><G98/><T35/><D123/><U99/><E28/><V119/><F37/><W125/><G0/><T1/><D94/><U96/><E96/><V95/><F18/><W67/><G67/><T130/><D35/><U104/><E104/><V8/><F8/><W127/><G127/><T101/><D130/><U128/><E128/><V133/><F133/><W12/><G12/><T24/><D1/><U25/><E25/><V54/><F40/><W131/><G131/><T90/><D101/><U75/><REACH who="1" step="1"/><E77/><REACH who="1" ten="250,166,250,324" step="2"/><V59/><F69/><W11/><G125/><T38/><D118/><U56/><E56/><N who="2" m="32863" /><F119/><W26/><G31/><T100/><D24/><U2/><E2/><V9/><F59/><W46/><G44/><T112/><D27/><U120/><E120/><V65/><F65/><W110/><G26/><T72/><D112/><U22/><E22/><V129/><F129/><W52/><G29/><RYUUKYOKU ba="0,1" sc="250,-10,166,30,250,-10,324,-10" hai1="20,21,41,45,48,58,63,64,75,78,80,88,99" /><INIT seed="1,1,1,3,1,1" ten="240,196,240,314" oya="1" hai0="71,113,128,44,79,42,38,97,67,62,110,16,53" hai1="111,55,50,75,112,77,81,45,107,7,40,24,66" hai2="64,20,14,84,108,101,122,18,72,70,118,100,27" hai3="74,129,69,9,93,15,103,127,19,92,25,28,48"/><U116/><E116/><V36/><F118/><W57/><G69/><T41/><D79/><U83/><E112/><V30/><F72/><W37/><G37/><T5/><D113/><U65/><E107/><V10/><F122/><W13/><G74/><T58/><D128/><U90/><E111/><V26/><F36/><W95/><G129/><T76/><D76/><U33/><E7/><V54/><F108/><W82/><G127/><T60/><D110/><U43/><E43/><V59/><F64/><W0/><G0/><T125/><D125/><U23/><E33/><V126/><F70/><W115/><G115/><T73/><D73/><U47/><E83/><V35/><F84/><W105/><G82/><T104/><D42/><U31/><REACH who="1" step="1"/><E90/><REACH who="1" ten="240,186,240,314" step="2"/><V52/><F126/><W17/><G105/><T120/><D104/><U88/><E88/><V85/><F85/><W61/><G103/><T39/><D120/><U2/><E2/><V32/><F32/><W22/><G93/><T117/><D117/><U34/><E34/><V133/><F133/><W96/><G96/><T49/><D97/><U11/><E11/><V131/><F131/><W29/><G92/><T132/><D132/><U135/><E135/><V106/><F106/><W119/><G95/><T86/><D86/><U134/><E134/><V89/><F89/><W91/><G91/><T124/><D124/><U51/><AGARI ba="1,2" hai="23,24,31,40,45,47,50,51,55,65,66,75,77,81" machi="51" ten="20,3900,0" yaku="1,1,0,1,7,1,53,0" doraHai="1" doraHaiUra="130" who="1" fromWho="1" sc="240,-14,186,62,240,-14,314,-14" /><INIT seed="1,2,0,2,3,90" ten="226,248,226,300" oya="1" hai0="12,14,113,89,41,125,35,8,5,73,29,124,115" hai1="93,106,107,62,43,44,77,81,38,58,83,26,99" hai2="36,126,13,101,17,92,50,59,111,127,53,104,128" hai3="2,20,68,7,64,37,6,15,76,84,40,103,108"/><U120/><E120/><V39/><F111/><W112/><G2/><T71/><D71/><U96/><E96/><N who="2" m="59527" /><F104/><W70/><G112/><T87/><D73/><U105/><E26/><V42/><F42/><W9/><G108/><T135/><D41/><U56/><E81/><V91/><F91/><W32/><G32/><T79/><D79/><U3/><E3/><V82/><F82/><W19/><G7/><T100/><D100/><U31/><E31/><V48/><F48/><W60/><G103/><T65/><D65/><U51/><E38/><V130/><F39/><W72/><G72/><T94/><D135/><U11/><E11/><N who="2" m="6335" /><F36/><W52/><G40/><T25/><REACH who="0" step="1"/><D14/><REACH who="0" ten="216,248,226,300" step="2"/><U22/><E106/><V57/><F59/><W28/><G68/><T21/><D21/><U129/><E22/><V88/><F88/><W30/><G37/><T45/><D45/><U33/><E58/><V110/><F110/><W102/><G102/><T122/><D122/><U80/><E105/><V85/><F85/><W34/><G64/><T0/><D0/><U54/><E107/><V86/><F86/><W1/><G70/><T27/><D27/><U109/><E109/><V116/><F116/><W67/><G67/><T123/><D123/><U133/><E133/><V24/><F24/><W117/><G117/><T4/><D4/><U63/><E77/><V61/><F130/><W46/><G46/><T49/><D49/><U118/><E51/><V95/><F128/><W132/><G132/><T121/><D121/><U74/><E74/><V97/><F50/><W119/><G119/><T98/><D98/><RYUUKYOKU ba="2,1" sc="216,15,248,-15,226,15,300,-15" hai0="5,8,12,25,29,35,87,89,94,113,115,124,125" hai2="53,57,61,95,97,126,127" /><INIT seed="2,3,1,5,0,25" ten="231,233,241,285" oya="2" hai0="62,51,91,69,2,129,78,113,87,43,35,122,55" hai1="84,6,54,72,18,46,8,125,71,19,50,63,47" hai2="68,70,28,101,111,80,130,40,119,26,12,128,82" hai3="127,31,88,57,58,39,97,22,92,64,32,123,17"/><V16/><F119/><W118/><G123/><T83/><D122/><U115/><E72/><V124/><F124/><W33/><G39/><T134/><D113/><U73/><E73/><V104/><F111/><W89/><G118/><T77/><D2/><U96/><E115/><V37/><F101/><W110/><G110/><T53/><D43/><U45/><E125/><V24/><F104/><W59/><G127/><T20/><D35/><U94/><E84/><V86/><F40/><W15/><G64/><T121/><D121/><U66/><E45/><V133/><F37/><W93/><REACH who="3" step="1"/><G31/><REACH who="3" ten="231,233,241,275" step="2"/><T44/><D129/><N who="2" m="49770" /><F28/><W107/><G107/><T116/><D116/><U135/><E135/><V34/><F133/><W81/><G81/><T99/><D134/><U108/><E108/><V105/><F82/><W38/><G38/><T100/><D69/><U75/><E75/><V76/><F105/><W132/><G132/><T1/><D83/><U95/><E95/><V7/><F70/><W21/><G21/><T131/><D20/><U10/><E10/><N who="2" m="4191" /><F68/><W41/><G41/><T65/><D131/><U30/><E30/><V36/><F36/><W109/><G109/><T52/><D65/><U60/><E66/><V49/><F34/><W103/><G103/><T102/><D102/><U114/><E71/><V98/><F80/><W79/><G79/><T27/><D78/><U0/><E114/><V3/><F76/><W112/><G112/><T90/><D77/><U56/><E8/><V4/><F4/><W9/><G9/><T11/><D11/><U5/><E6/><V106/><F106/><RYUUKYOKU ba="3,2" sc="231,-10,233,-10,241,-10,275,30" hai3="15,17,22,32,33,57,58,59,88,89,92,93,97" /><INIT seed="3,4,2,3,3,86" ten="221,223,231,305" oya="3" hai0="20,127,35,53,124,30,24,6,25,74,3,40,15" hai1="37,27,32,22,0,46,49,128,54,16,116,114,93" hai2="90,42,65,126,67,107,104,81,75,123,5,70,105" hai3="33,130,19,78,92,61,58,14,7,34,36,31,64"/><W91/><G130/><T41/><D74/><U51/><E128/><V87/><F126/><N who="0" m="48170" /><D3/><U8/><E114/><V119/><F119/><W115/><G115/><T113/><D113/><U2/><E116/><V66/><F123/><W11/><G36/><T101/><D101/><U131/><E37/><V1/><F42/><W94/><G78/><T47/><D47/><U60/><E131/><V39/><F39/><W117/><G117/><T103/><D103/><U109/><E109/><V118/><F118/><W48/><G31/><N who="0" m="17799" /><D53/><U26/><E8/><AGARI ba="4,2" hai="6,8,15,25,30,35,40,41" m="17799,48170" machi="8" ten="30,1000,0" yaku="18,1" doraHai="86" who="0" fromWho="1" sc="221,42,223,-22,231,0,305,0" /><INIT seed="4,0,0,4,1,7" ten="263,201,231,305" oya="0" hai0="73,69,60,97,74,101,99,119,13,116,81,40,96" hai1="83,125,87,108,95,67,38,78,42,66,21,71,70" hai2="11,113,128,45,109,15,39,56,122,50,79,93,17" hai3="14,61,94,91,131,77,29,32,92,127,110,84,51"/><T86/><D40/><U64/><E108/><V0/><F122/><W16/><G110/><T43/><D43/><U98/><E125/><V37/><F109/><W57/><G127/><T8/><D101/><U44/><REACH who="1" step="1"/><E21/><REACH who="1" ten="263,191,231,305" step="2"/><V132/><F132/><W114/><G32/><T25/><D119/><U54/><E54/><V24/><F128/><W123/><G131/><T26/><D116/><U76/><E76/><V120/><F79/><W89/><G77/><T106/><D106/><U33/><E33/><V47/><F120/><W2/><G123/><T107/><D107/><U133/><E133/><V4/><F113/><W62/><G114/><T59/><D73/><U1/><E1/><V85/><F0/><W112/><G2/><T48/><D74/><U90/><AGARI ba="0,1" hai="38,42,44,64,66,67,70,71,78,83,87,90,95,98" machi="90" ten="30,2000,0" yaku="1,1,0,1,53,0" doraHai="7" doraHaiUra="10" who="1" fromWho="1" sc="263,-10,191,30,231,-5,305,-5" /><INIT seed="5,0,0,0,2,124" ten="253,221,226,300" oya="1" hai0="88,98,110,109,97,91,120,132,107,68,38,126,62" hai1="18,34,121,64,30,2,66,60,104,105,127,90,9" hai2="103,26,78,11,112,87,4,95,14,46,101,12,43" hai3="117,51,119,6,100,86,3,53,92,37,56,5,20"/><U49/><E121/><V80/><F112/><W35/><G35/><T89/><D38/><U42/><E127/><V57/><F57/><W123/><G37/><T73/><D62/><U8/><E34/><V69/><F69/><W19/><G123/><T71/><D120/><U54/><E30/><V122/><F122/><W45/><G3/><T16/><D16/><U61/><E42/><V106/><F106/><W82/><G45/><T102/><D68/><U125/><E125/><V1/><F26/><W76/><G100/><N who="0" m="62871" /><D71/><U58/><E90/><V10/><F95/><W0/><G0/><T99/><D126/><U63/><E2/><V39/><REACH who="2" step="1"/><F1/><REACH who="2" ten="253,221,216,300" step="2"/><W50/><G92/><N who="0" m="58727" /><D97/><U59/><E59/><V23/><F23/><W113/><G117/><T70/><D70/><U133/><E105/><V48/><F48/><W24/><G119/><T111/><D132/><U128/><E104/><V22/><F22/><W55/><G113/><T25/><D25/><U134/><E134/><V67/><F67/><W15/><G24/><T41/><D111/><U52/><E133/><V27/><F27/><W32/><G32/><T29/><D110/><U83/><E64/><V131/><F131/><W47/><AGARI ba="0,1" hai="5,6,15,19,20,47,50,51,53,55,56,76,82,86" machi="47" ten="20,2700,0" yaku="0,1,7,1,8,1" doraHai="124" who="3" fromWho="3" sc="253,-7,221,-13,216,-7,300,37" /><INIT seed="6,0,0,1,5,51" ten="246,208,209,337" oya="2" hai0="85,32,26,67,56,100,39,22,43,48,1,131,77" hai1="91,74,36,122,15,82,101,40,16,27,18,103,2" hai2="59,21,69,41,70,17,99,28,81,38,47,65,11" hai3="4,90,3,58,88,121,92,34,52,64,96,105,20"/><V108/><F108/><W133/><G34/><T53/><D32/><U102/><E2/><V104/><F28/><W66/><G105/><T55/><D1/><U30/><E122/><V35/><F35/><W135/><G121/><T84/><D67/><U128/><E128/><V130/><F11/><N who="3" m="2463" /><G90/><T61/><D39/><U57/><E36/><V12/><F130/><W83/><G20/><T116/><D116/><U13/><E40/><V124/><F124/><W14/><G14/><T125/><D43/><U37/><E37/><V8/><F81/><W6/><G83/><T5/><D5/><U10/><E74/><V132/><F132/><N who="3" m="50763" /><G6/><T106/><D125/><U107/><E107/><V42/><F42/><W126/><G126/><T50/><D77/><U72/><E72/><V71/><F21/><W112/><G112/><T117/><D117/><U127/><E127/><V109/><F109/><W95/><G95/><T120/><D120/><U33/><E82/><V118/><F118/><W76/><G76/><T80/><D80/><U123/><E91/><V54/><F104/><W111/><G111/><T24/><D106/><U25/><E123/><V23/><F99/><W46/><G46/><T49/><D100/><U110/><E110/><V87/><F87/><N who="0" m="33354" /><D131/><U97/><E97/><V68/><F8/><W44/><G44/><N who="0" m="27783" /><D24/><U114/><E114/><V94/><F94/><W129/><G129/><T93/><D93/><U19/><E27/><V62/><N who="2" m="17408" /><DORA hai="98" /><V7/><REACH who="2" step="1"/><F7/><REACH who="2" ten="246,208,199,337" step="2"/><W60/><AGARI ba="0,1" hai="52,58,60,64,66,88,92,96" m="50763,2463" machi="60" ten="30,7900,0" yaku="20,1,52,1,54,2" doraHai="51,98" who="3" fromWho="3" sc="246,-20,208,-20,199,-39,337,89" /><INIT seed="7,0,0,5,4,28" ten="226,188,160,426" oya="3" hai0="63,3,113,58,68,52,70,131,25,2,41,104,94" hai1="122,22,56,62,20,30,45,37,12,135,102,47,69" hai2="93,49,108,46,115,103,51,110,124,74,33,19,50" hai3="16,24,23,98,89,84,78,6,128,9,97,0,13"/><W86/><G128/><T95/><D104/><U35/><E122/><V34/><F74/><W81/><G0/><T105/><D105/><U129/><E69/><V71/><F71/><W48/><G48/><T134/><D3/><U85/><E129/><V73/><F73/><W21/><G21/><T92/><D2/><U118/><E118/><V75/><F75/><W26/><G26/><T123/><D123/><U1/><E1/><V126/><F115/><W119/><G119/><T77/><D77/><U107/><E135/><V87/><F46/><W76/><G76/><T5/><D5/><U67/><E35/><N who="2" m="13323" /><F19/><W59/><G59/><T27/><D134/><U114/><E45/><V32/><N who="2" m="13331" /><V36/><DORA hai="53" /><F36/><W88/><G78/><T133/><D133/><U29/><E85/><V61/><F61/><W91/><G91/><T4/><D131/><U90/><E90/><N who="2" m="53471" /><F103/><W109/><G109/><T64/><D113/><U116/><E114/><V55/><F55/><W117/><G117/><T7/><D68/><U17/><E20/><V65/><F65/><W18/><G18/><T111/><D111/><U43/><REACH who="1" step="1"/><E116/><REACH who="1" ten="226,178,160,426" step="2"/><V38/><F38/><W8/><G9/><T40/><D70/><U101/><E101/><V83/><F83/><AGARI ba="0,1" hai="6,8,13,16,23,24,81,83,84,86,88,89,97,98" machi="83" ten="30,12000,1" yaku="7,1,9,1,8,1,54,2" doraHai="28,53" who="3" fromWho="2" sc="226,0,178,0,160,-120,426,130" owari="226,3.0,178,-22.0,40,-46.0,556,65.0" /></mjloggm>