<mjloggm ver="2.3"><GO type="97" lobby="0"/><UN n0="%E5%A4%9A%E4%BA%95%E9%9A%86%E6%99%B4%E9%96%80%E4%B8%8B%E7%94%9F" n1="%74%73%75%6B%75%73%68" n2="%31%35%34%31%30%31%32%33" n3="%E3%82%A6%E3%83%AB%E3%83%88%E3%83%A9%E7%AB%8B%E7%9B%B4" dan="14,15,13,15" rate="1952.39,2020.09,1819.82,2021.63" sx="M,M,M,M"/><TAIKYOKU oya="0"/><INIT seed="0,0,0,2,1,4" ten="250,250,250,250" oya="0" hai0="49,130,67,94,96,131,87,25,36,69,29,42,97" hai1="28,104,43,59,99,134,128,118,57,11,66,46,113" hai2="108,32,20,54,129,8,116,77,89,48,55,64,70" hai3="90,75,124,126,127,53,2,83,119,84,112,60,91"/><T76/><D69/><U105/><E118/><V82/><F32/><W103/><G75/><T19/><D36/><U115/><E134/><V61/><F129/><N who="0" m="49162" /><D67/><U9/><E28/><V18/><F108/><W40/><G40/><T86/><D19/><U21/><E21/><V74/><F116/><W23/><G119/><T63/><D63/><U123/><E123/><V120/><F120/><W6/><G112/><N who="1" m="43082" /><E128/><V16/><F89/><W17/><G103/><N who="0" m="60823" /><D97/><U15/><E15/><V47/><F54/><W37/><G37/><T7/><D76/><U93/><E66/><V132/><F132/><W52/><G60/><T31/><D29/><U133/><E133/><V22/><REACH who="2" step="1"/><F18/><REACH who="2" ten="250,250,240,250" step="2"/><W79/><G90/><T102/><D31/><U73/><E73/><V80/><F80/><W78/><G91/><T72/><D72/><U101/><E105/><V30/><F30/><W71/><G79/><T106/><D106/><U58/><E104/><V1/><F1/><W88/><G78/><T65/><D102/><U92/><E92/><V117/><F117/><W14/><G71/><T13/><D65/><U121/><E121/><V56/><F56/><W125/><G125/><T10/><D87/><U98/><E98/><V50/><F50/><AGARI ba="0,1" hai="9,11,43,46,50,57,58,59,93,99,101" m="43082" machi="50" ten="30,3900,0" yaku="11,1,52,2" doraHai="4" who="1" fromWho="2" sc="250,0,250,49,240,-39,250,0" /><INIT seed="1,0,0,5,5,21" ten="250,299,201,250" oya="1" hai0="75,72,128,113,112,44,105,104,76,99,20,114,106" hai1="126,70,102,16,87,111,84,34,81,28,6,62,88" hai2="23,134,17,73,33,97,83,10,47,85,68,120,8" hai3="130,131,18,5,123,55,110,12,135,63,78,125,116"/><U56/><E70/><V69/><F120/><W94/><G123/><T115/><N who="0" m="29184" /><DORA hai="1" /><T60/><D60/><U65/><E126/><V95/><F134/><W15/><G78/><T79/><D44/><U3/><E102/><V40/><F33/><W90/><G135/><T127/><D20/><U25/><E111/><V46/><F73/><N who="0" m="28234" /><D127/><U71/><E71/><V132/><F132/><W11/><G110/><T26/><D26/><U9/><E16/><V61/><F61/><W42/><G42/><T108/><D108/><U0/><E87/><V109/><F109/><W32/><G32/><T80/><D80/><U121/><E121/><V39/><F47/><W43/><G43/><T36/><D36/><U59/><E59/><V49/><F49/><W54/><G125/><T4/><D4/><U19/><E19/><V67/><F68/><W119/><G63/><T103/><D128/><N who="3" m="49193" /><G54/><T30/><D30/><U48/><E48/><V7/><F7/><W52/><G55/><T93/><AGARI ba="0,0" hai="76,79,93,99,103,104,105,106" m="28234,29184" machi="93" ten="70,4700,0" yaku="34,2" doraHai="21,1" who="0" fromWho="0" sc="250,47,299,-23,201,-12,250,-12" /><INIT seed="2,0,0,2,0,34" ten="297,276,189,238" oya="2" hai0="9,123,11,31,33,12,89,83,74,98,68,54,41" hai1="125,16,122,133,95,50,49,63,78,115,87,62,90" hai2="99,81,96,19,64,67,20,113,128,42,100,91,110" hai3="86,97,134,53,107,43,70,56,8,69,102,75,73"/><V46/><F113/><W39/><G134/><T27/><D68/><U92/><E115/><V58/><F128/><W127/><G127/><T13/><D123/><U124/><E133/><V15/><F110/><W14/><G69/><T57/><D41/><U108/><E78/><V37/><F58/><W105/><G105/><T26/><D74/><U3/><E108/><V132/><F132/><W61/><G70/><T77/><D77/><U72/><E72/><V24/><F24/><W85/><G75/><T23/><D33/><U79/><E79/><V10/><F20/><W45/><G73/><T18/><D27/><U65/><E122/><V118/><F118/><W25/><G25/><T29/><D29/><U60/><E65/><V103/><F103/><W84/><REACH who="3" step="1"/><G86/><REACH who="3" ten="297,276,189,228" step="2"/><N who="0" m="50399" /><D26/><U35/><E125/><V17/><F17/><AGARI ba="0,1" hai="8,14,17,39,43,45,53,56,61,84,85,97,102,107" machi="17" ten="30,2000,0" yaku="1,1,7,1,53,0" doraHai="34" doraHaiUra="135" who="3" fromWho="2" sc="297,0,276,0,189,-20,228,30" /><INIT seed="3,0,0,4,1,133" ten="297,276,169,258" oya="3" hai0="94,121,126,2,23,34,62,37,120,18,70,27,7" hai1="72,119,17,4,38,105,55,84,19,39,102,110,10" hai2="26,33,79,40,15,129,53,21,46,31,131,45,80" hai3="14,22,100,20,88,98,1,48,106,65,101,43,30"/><W116/><G1/><T67/><D126/><U108/><E72/><V52/><F45/><W132/><G132/><T135/><D135/><U29/><E29/><V103/><F103/><W92/><G116/><T86/><D37/><U93/><E55/><V36/><F15/><W128/><G128/><N who="2" m="49225" /><F33/><W122/><G122/><T85/><D86/><AGARI ba="0,0" hai="21,26,31,36,40,46,52,53,79,80,86" m="49225" machi="86" ten="30,2000,0" yaku="19,1,54,1" doraHai="133" who="2" fromWho="0" sc="297,-20,276,0,169,20,258,0" /><INIT seed="4,0,0,5,5,98" ten="277,276,189,258" oya="0" hai0="24,77,13,61,107,33,70,116,29,73,93,65,132" hai1="104,21,52,67,5,0,103,2,4,44,31,84,32" hai2="123,81,17,115,23,53,28,111,109,124,89,71,36" hai3="50,12,46,75,22,76,121,26,8,41,43,42,10"/><T82/><D132/><U91/><E67/><V100/><F123/><W110/><G110/><T62/><D116/><U69/><E69/><V99/><F71/><W126/><G121/><T131/><D131/><U25/><E32/><V63/><F36/><W119/><G119/><T59/><D13/><U102/><E104/><V14/><F115/><W96/><G126/><T39/><D39/><U118/><E118/><V57/><F124/><W18/><G76/><T45/><D107/><U51/><E2/><V92/><F28/><W48/><G75/><T37/><D93/><U6/><E0/><V56/><REACH who="2" step="1"/><F57/><REACH who="2" ten="277,276,179,258" step="2"/><W11/><G46/><T74/><D45/><U117/><REACH who="1" step="1"/><E117/><REACH who="1" ten="277,266,179,258" step="2"/><V95/><F95/><AGARI ba="0,2" hai="4,5,6,21,25,31,44,51,52,84,91,95,102,103" machi="95" ten="40,12000,2" yaku="1,1,2,1,8,1,52,2,54,1,53,0" doraHai="98" doraHaiUra="30" who="1" fromWho="2" sc="277,0,266,140,179,-120,258,0" owari="277,8.0,406,50.0,59,-44.0,258,-14.0" /></mjloggm>