<mjloggm ver="2.3"><GO type="97" lobby="0"/><UN n0="%6E%61%6F%6E%6F%72%69" n1="%E3%82%A6%E3%83%AB%E3%83%88%E3%83%A9%E7%AB%8B%E7%9B%B4" n2="%74%61%6B%65%63%63%63" n3="%E8%B5%A4%E3%81%84%E6%B0%B4%E6%80%A7%E3%81%AE%E8%A5%BF" dan="14,15,15,14" rate="1940.15,2010.02,1955.51,1878.13" sx="M,M,M,M"/><TAIKYOKU oya="0"/><INIT seed="0,0,0,3,5,85" ten="250,250,250,250" oya="0" hai0="65,97,45,108,18,67,112,57,42,44,78,109,71" hai1="33,37,7,24,23,125,126,51,39,118,82,9,83" hai2="89,69,124,98,86,101,62,17,70,68,77,91,119" hai3="41,8,31,93,56,15,116,81,16,49,35,79,61"/><T80/><D112/><U50/><E33/><V135/><F135/><W130/><G116/><T129/><D71/><U104/><E104/><V74/><F124/><N who="1" m="47721" /><E118/><V46/><F119/><W110/><G110/><N who="0" m="42603" /><D129/><U55/><E50/><V3/><F3/><W36/><G130/><T133/><D133/><U4/><E83/><V14/><F62/><W59/><G36/><N who="1" m="13898" /><E82/><V76/><F46/><N who="0" m="18026" /><D42/><U21/><E51/><V131/><F131/><W58/><G41/><T11/><D57/><U111/><E111/><V29/><F29/><W92/><G49/><T122/><D122/><U22/><E55/><V60/><F60/><W84/><G35/><T47/><D47/><U2/><E7/><V0/><F0/><W34/><G34/><T48/><D48/><U132/><E132/><V94/><F74/><W32/><G32/><T64/><D97/><U107/><E107/><V30/><F30/><AGARI ba="0,0" hai="2,4,9,21,22,23,24,30" m="13898,47721" machi="30" ten="30,1000,0" yaku="18,1" doraHai="85" who="1" fromWho="2" sc="250,0,250,10,250,-10,250,0" /><INIT seed="1,0,0,0,1,1" ten="250,260,240,250" oya="1" hai0="61,21,84,77,114,122,44,26,59,68,65,128,49" hai1="67,57,29,15,110,30,130,129,104,124,19,131,0" hai2="85,73,35,112,69,7,80,101,60,36,113,66,76" hai3="16,100,42,62,37,108,90,102,63,95,14,9,121"/><U75/><E104/><V86/><F36/><W43/><G121/><T98/><D114/><N who="2" m="44138" /><F35/><W89/><G108/><T41/><D122/><U31/><E75/><V13/><F101/><N who="3" m="39019" /><G37/><T53/><D98/><U96/><E96/><V126/><F126/><W46/><G46/><T25/><D128/><U93/><E93/><V2/><F2/><W106/><G106/><T91/><D77/><U92/><E92/><V125/><F125/><W33/><G33/><T47/><D44/><U58/><E124/><V115/><F115/><W94/><G94/><N who="0" m="54631" /><D21/><N who="1" m="11519" /><E110/><V28/><F28/><W135/><G135/><T123/><D123/><U79/><E79/><V71/><F69/><W133/><G133/><T10/><D10/><AGARI ba="0,0" hai="7,10,13,60,66,71,73,76,80,85,86" m="44138" machi="10" ten="30,2000,0" yaku="11,1,52,1" doraHai="1" who="2" fromWho="0" sc="250,-20,260,0,240,20,250,0" /><INIT seed="2,0,0,4,3,60" ten="230,260,260,250" oya="2" hai0="73,59,70,35,90,8,131,72,15,55,14,99,86" hai1="132,42,82,76,98,68,133,128,103,2,51,109,37" hai2="108,1,40,67,135,122,95,134,5,39,130,36,84" hai3="118,100,33,71,54,46,69,3,9,20,80,81,120"/><V126/><F122/><W121/><G118/><T79/><D70/><U47/><E2/><V119/><F119/><W62/><G33/><T78/><D131/><U116/><E116/><V11/><F130/><W23/><G100/><T65/><D35/><U89/><E89/><N who="2" m="53671" /><F126/><W85/><G3/><T34/><D34/><U16/><E16/><V125/><F125/><W123/><G9/><T101/><D73/><N who="1" m="43279" /><E128/><V10/><F108/><W75/><G75/><T66/><D72/><U104/><E109/><V32/><F32/><W127/><G127/><T13/><D8/><U113/><E113/><V117/><F117/><W50/><G81/><N who="0" m="49487" /><D101/><U88/><E88/><V17/><F40/><W43/><G43/><T26/><D26/><U97/><E97/><V4/><F17/><W7/><G7/><N who="2" m="2633" /><F1/><W124/><G124/><T77/><D99/><U24/><E24/><V18/><F39/><W112/><G112/><T83/><D83/><U56/><E68/><V61/><F36/><W22/><REACH who="3" step="1"/><G62/><REACH who="3" ten="230,260,260,240" step="2"/><N who="0" m="36223" /><D79/><AGARI ba="0,1" hai="20,22,23,46,50,54,69,71,79,80,85,120,121,123" machi="79" ten="50,1600,0" yaku="1,1,53,0" doraHai="60" doraHaiUra="87" who="3" fromWho="0" sc="230,-16,260,0,260,0,240,26" /><INIT seed="3,0,0,5,1,72" ten="214,260,260,266" oya="3" hai0="73,22,114,78,92,35,90,77,89,49,129,79,19" hai1="0,57,84,125,37,42,68,10,128,45,9,50,127" hai2="63,56,123,121,98,38,75,69,87,60,119,43,99" hai3="32,51,131,27,115,11,107,102,21,59,18,5,96"/><W95/><G115/><T134/><D35/><U20/><E68/><V61/><F75/><W40/><G131/><T47/><D73/><U106/><E106/><V124/><F119/><W23/><G32/><T64/><D114/><U34/><E34/><V80/><F69/><W135/><G135/><T117/><D117/><U46/><E128/><V13/><F43/><W36/><G36/><T93/><D129/><U81/><E57/><V8/><F38/><W55/><G40/><N who="0" m="24807" /><D64/><U62/><E62/><V31/><F31/><W116/><G23/><T17/><D134/><U97/><E97/><V109/><F109/><W110/><G110/><T74/><D74/><U39/><E20/><V85/><F56/><W104/><REACH who="3" step="1"/><G116/><REACH who="3" ten="214,260,260,256" step="2"/><T70/><D70/><U1/><E39/><V133/><F133/><W132/><G132/><T29/><D29/><U67/><E37/><V25/><F123/><W15/><AGARI ba="0,1" hai="5,11,15,18,21,27,51,55,59,95,96,102,104,107" machi="15" ten="20,3900,0" yaku="1,1,0,1,7,1,53,0" doraHai="72" doraHaiUra="30" who="3" fromWho="3" sc="214,-13,260,-13,260,-13,256,49" owari="201,-30.0,247,5.0,247,-15.0,305,40.0" /></mjloggm>