<mjloggm ver="2.3"><GO type="97" lobby="0"/><UN n0="%E6%98%8E%E6%99%82" n1="%E3%82%A6%E3%83%AB%E3%83%88%E3%83%A9%E7%AB%8B%E7%9B%B4" n2="%E9%AB%98%E5%86%86%E5%AF%BA%E3%83%91%E3%83%AB" n3="%4F%55%54" dan="13,15,14,13" rate="1866.92,1978.47,1877.79,1848.72" sx="M,M,M,M"/><TAIKYOKU oya="0"/><INIT seed="0,0,0,0,3,32" ten="250,250,250,250" oya="0" hai0="89,17,105,67,125,84,59,18,37,81,113,3,54" hai1="95,132,7,30,121,92,31,109,50,66,0,47,114" hai2="61,103,93,111,15,133,100,52,16,27,122,57,44" hai3="131,24,128,8,85,73,120,55,90,1,45,104,28"/><T4/><D105/><U102/><E121/><V35/><F122/><W34/><G104/><T64/><D37/><U26/><E114/><V21/><F111/><W13/><G120/><T40/><D113/><U130/><E109/><V63/><F133/><W53/><G73/><T106/><D106/><U77/><E132/><V79/><F79/><W74/><G74/><T6/><D40/><U86/><E130/><N who="3" m="49706" /><G45/><T110/><D125/><U129/><E129/><V11/><F35/><W43/><G43/><T94/><D94/><U127/><E127/><V82/><F82/><N who="3" m="49463" /><G1/><T101/><D3/><U76/><E0/><V5/><F44/><W60/><G60/><N who="0" m="35959" /><D101/><N who="2" m="38986" /><F93/><W126/><G126/><T25/><D110/><U14/><E95/><V49/><AGARI ba="0,0" hai="5,11,15,16,21,27,49,52,57,61,63" m="38986" machi="49" ten="30,4000,0" yaku="8,1,54,2" doraHai="32" who="2" fromWho="2" sc="250,-20,250,-10,250,40,250,-10" /><INIT seed="1,0,0,1,2,88" ten="230,240,290,240" oya="1" hai0="72,102,21,109,99,108,38,135,97,29,94,112,101" hai1="23,107,122,74,126,132,76,60,61,128,79,127,58" hai2="118,31,62,119,78,66,43,35,49,65,50,70,125" hai3="121,84,116,67,83,42,82,113,68,110,46,39,98"/><U131/><E107/><V10/><F125/><N who="1" m="47625" /><E122/><V13/><F78/><N who="1" m="29737" /><E74/><V12/><F66/><W134/><G67/><T20/><D38/><U19/><E58/><V129/><F12/><W71/><G68/><T18/><D72/><U27/><E61/><V45/><F129/><N who="1" m="49737" /><E60/><V9/><F50/><W54/><G71/><T69/><D69/><U32/><E32/><V37/><F35/><W63/><G63/><T100/><D112/><U59/><E59/><V104/><F104/><W93/><G113/><T90/><D29/><U26/><E26/><V91/><F91/><W130/><G121/><T75/><D75/><U80/><E80/><V0/><F119/><W5/><G83/><T2/><D108/><U53/><E53/><V15/><F118/><W111/><G110/><T24/><D109/><U3/><E3/><V14/><F31/><W115/><G111/><T114/><D114/><U47/><E47/><V89/><F0/><W57/><G115/><T33/><D2/><U85/><E85/><V86/><F49/><W73/><G116/><T16/><D33/><U120/><E120/><V36/><F36/><W41/><G73/><T96/><D96/><U52/><E52/><V11/><F11/><W1/><G130/><T8/><D99/><U92/><E92/><V34/><F34/><W25/><G25/><N who="0" m="14471" /><D8/><U81/><E81/><V117/><F117/><W4/><G54/><T22/><D22/><U103/><E103/><V40/><F40/><W56/><G57/><T77/><D77/><U51/><E51/><V106/><F106/><W48/><G56/><T95/><D95/><AGARI ba="0,0" hai="9,10,13,14,15,37,43,45,62,65,70,86,89,95" machi="95" ten="40,2600,0" yaku="6,1,52,1" doraHai="88" who="2" fromWho="0" sc="230,-26,240,0,290,26,240,0" /><INIT seed="2,0,0,0,2,101" ten="204,240,316,240" oya="2" hai0="0,106,72,79,47,57,113,27,85,112,37,51,135" hai1="2,66,83,49,3,36,12,125,81,42,17,123,74" hai2="76,41,11,93,107,58,96,131,10,50,73,14,130" hai3="118,24,117,69,108,133,46,91,63,110,13,102,21"/><V132/><F132/><W33/><G33/><T90/><D0/><U88/><E36/><V126/><F126/><W20/><G133/><T119/><D135/><U94/><E125/><V111/><F111/><N who="3" m="42539" /><G102/><T62/><D37/><U5/><E123/><V9/><F76/><W56/><G69/><T4/><D119/><U82/><E74/><V92/><F73/><W71/><G71/><T26/><D106/><U134/><E134/><V116/><F116/><W38/><G91/><T114/><D4/><U59/><E5/><V103/><F14/><W7/><G7/><T70/><D79/><U65/><E3/><V97/><F97/><W16/><G46/><T99/><D72/><U35/><E35/><V19/><F19/><N who="3" m="12319" /><G38/><T64/><D99/><N who="1" m="57799" /><E2/><V43/><F43/><W8/><G8/><T120/><D70/><U53/><E42/><V18/><F18/><W98/><G98/><T15/><D120/><U60/><E49/><V61/><F50/><W23/><G23/><AGARI ba="0,0" hai="12,17,23,53,59,60,65,66,81,82,83" m="57799" machi="23" ten="30,2000,0" yaku="8,1,54,1" doraHai="101" who="1" fromWho="3" sc="204,0,240,20,316,0,240,-20" /><INIT seed="3,0,0,1,0,111" ten="204,260,316,220" oya="3" hai0="128,130,38,17,0,49,44,113,117,11,39,131,37" hai1="126,4,45,96,74,58,36,120,124,85,26,133,14" hai2="93,115,105,41,114,29,21,18,65,72,84,106,13" hai3="87,70,66,90,6,8,97,20,5,52,67,129,35"/><W64/><G35/><T122/><D122/><U81/><E74/><V77/><F65/><W25/><G129/><T48/><D0/><U62/><E120/><V94/><F41/><W63/><G97/><T54/><D117/><U80/><E80/><N who="2" m="45095" /><F29/><W61/><G67/><T135/><D135/><U55/><E133/><V118/><F21/><W100/><G100/><T76/><D76/><U92/><E14/><V33/><F13/><W75/><G75/><T89/><D89/><N who="1" m="55311" /><E4/><V121/><F18/><W59/><G8/><T127/><D127/><U102/><E102/><V109/><F33/><W16/><G70/><T79/><D17/><U88/><E45/><V51/><F51/><W125/><G125/><N who="1" m="48234" /><E26/><V108/><F121/><W23/><G23/><T31/><D11/><U2/><E2/><V99/><F118/><W83/><G63/><T22/><D31/><U107/><E107/><N who="2" m="40971" /><F84/><W91/><G66/><T132/><D132/><U123/><E123/><V71/><F71/><W69/><G69/><T104/><D22/><U134/><E134/><V46/><F46/><W27/><G64/><T119/><D104/><U10/><E10/><V53/><F53/><W42/><G42/><N who="0" m="24599" /><D119/><U47/><E47/><V34/><F34/><W24/><G90/><T12/><D12/><AGARI ba="0,0" hai="5,6,12,16,20,24,25,27,52,59,61,83,87,91" machi="12" ten="40,7700,0" yaku="8,1,54,2" doraHai="111" who="3" fromWho="0" sc="204,-77,260,0,316,0,220,77" /><INIT seed="3,1,0,0,2,56" ten="127,260,316,297" oya="3" hai0="133,40,2,100,13,25,79,122,64,134,72,88,12" hai1="35,126,38,37,90,78,77,22,68,110,83,104,114" hai2="70,98,128,105,82,4,115,48,28,62,123,59,121" hai3="99,39,131,119,19,10,60,71,50,92,91,117,118"/><W94/><G39/><T58/><D2/><U120/><E35/><V23/><F115/><W113/><G113/><T81/><D122/><N who="2" m="46602" /><F128/><W33/><G33/><T95/><D40/><U129/><E120/><V5/><F70/><W89/><G131/><T135/><D100/><U51/><E129/><V24/><F48/><W76/><G76/><T26/><D26/><U14/><E68/><V0/><F0/><W20/><G10/><T132/><N who="0" m="34304" /><DORA hai="36" /><T73/><D73/><U27/><E104/><V127/><F127/><W80/><G80/><T17/><D25/><U8/><E38/><V102/><F82/><W16/><G50/><T49/><D17/><N who="1" m="8391" /><E37/><V46/><F46/><W21/><G21/><T18/><D18/><N who="1" m="12759" /><E110/><V29/><F29/><W69/><G60/><T52/><REACH who="0" step="1"/><D64/><AGARI ba="1,0" hai="4,5,23,24,28,59,62,64,98,102,105" m="46602" machi="64" ten="30,2000,0" yaku="13,1,52,1" doraHai="56,36" who="2" fromWho="0" sc="127,-23,260,0,316,23,297,0" owari="104,-40.0,260,-14.0,339,44.0,297,10.0" /></mjloggm>