<mjloggm ver="2.3"><GO type="97" lobby="0"/><UN n0="%E3%81%98%E3%81%9F%E3%81%A3%E3%81%8F" n1="%E3%82%A6%E3%83%AB%E3%83%88%E3%83%A9%E7%AB%8B%E7%9B%B4" n2="%E3%82%84%E3%81%AA%E3%81%98%E3%83%BC" n3="%65%62%69%6F%73%75" dan="16,15,13,14" rate="2036.14,2001.20,1925.08,1936.80" sx="M,M,M,M"/><TAIKYOKU oya="0"/><INIT seed="0,0,0,2,4,32" ten="250,250,250,250" oya="0" hai0="128,16,102,20,43,132,87,91,36,100,95,113,123" hai1="23,7,84,117,41,129,39,80,125,111,115,8,78" hai2="49,77,50,29,25,116,103,67,107,92,64,46,104" hai3="0,5,45,105,121,15,52,96,98,85,124,59,131"/><T119/><D123/><U133/><E117/><V86/><F116/><W62/><G15/><T76/><D119/><U47/><E115/><V71/><F107/><W55/><G121/><T9/><D113/><U106/><E106/><V135/><F135/><W114/><G114/><T17/><D132/><U27/><E133/><V79/><F104/><W35/><G35/><T26/><D128/><U94/><E129/><V81/><F71/><W51/><G131/><T65/><D65/><U30/><E125/><V70/><F70/><W75/><G75/><T40/><D76/><U42/><E42/><N who="0" m="15913" /><D36/><U44/><E111/><V1/><F1/><W69/><G69/><T97/><D97/><U134/><E134/><V4/><F4/><W28/><G28/><T120/><D120/><U11/><E47/><V130/><F130/><W89/><G105/><T19/><D9/><U99/><REACH who="1" step="1"/><E7/><REACH who="1" ten="250,240,250,250" step="2"/><V112/><F112/><W118/><G118/><T60/><D60/><U101/><AGARI ba="0,1" hai="8,11,23,27,30,39,41,44,78,80,84,94,99,101" machi="101" ten="20,8000,1" yaku="1,1,2,1,0,1,7,1,53,1" doraHai="32" doraHaiUra="38" who="1" fromWho="1" sc="250,-40,240,90,250,-20,250,-20" /><INIT seed="1,0,0,1,5,33" ten="210,330,230,230" oya="1" hai0="42,57,31,73,91,90,59,7,115,113,78,30,94" hai1="0,50,37,98,35,66,8,99,70,122,132,134,124" hai2="111,117,62,64,47,88,56,3,105,128,97,116,125" hai3="36,110,19,76,4,120,22,104,41,80,10,96,77"/><U16/><E37/><V46/><F128/><W24/><G120/><T81/><D42/><U9/><E35/><V135/><F135/><N who="1" m="51753" /><E122/><V93/><F105/><W27/><G110/><T133/><D133/><U38/><E38/><V102/><F102/><W20/><G41/><T100/><D100/><U119/><E119/><V121/><F121/><W51/><G36/><T101/><D101/><U74/><E74/><V43/><F125/><W71/><G71/><T13/><D90/><U53/><E66/><V18/><F111/><W69/><G69/><T72/><D72/><U68/><E68/><V109/><F109/><W5/><G51/><T118/><D118/><U123/><E70/><V34/><F34/><W127/><G127/><T85/><D115/><U48/><E48/><V95/><F95/><W12/><G5/><T44/><D44/><U83/><E83/><V49/><F3/><W131/><G131/><T1/><D113/><U28/><E28/><V63/><F18/><W55/><G55/><T89/><D89/><U61/><E61/><V6/><F6/><W14/><G80/><T129/><D129/><U29/><E29/><V130/><F130/><W39/><G39/><T26/><D31/><U75/><E124/><V23/><F23/><W79/><G22/><N who="0" m="15703" /><D1/><U114/><E114/><V11/><F11/><W58/><G20/><T126/><D126/><U40/><E9/><V25/><F25/><W67/><G10/><N who="0" m="4319" /><D73/><U32/><E75/><V103/><F103/><W108/><G108/><T2/><D2/><U87/><E123/><V107/><F117/><W17/><G104/><RYUUKYOKU ba="0,0" sc="210,30,330,-10,230,-10,230,-10" hai0="57,59,78,81,85,91,94" /><INIT seed="2,1,0,4,1,101" ten="240,320,220,220" oya="2" hai0="126,20,65,16,79,68,67,33,12,9,129,104,118" hai1="121,71,83,86,21,99,14,42,122,40,39,105,29" hai2="36,38,2,50,1,18,133,72,43,59,69,78,81" hai3="87,103,28,112,19,76,80,98,6,48,55,52,109"/><V114/><F114/><W32/><G6/><T7/><D33/><U115/><E71/><V44/><F69/><W31/><G112/><T92/><D68/><U63/><E63/><V46/><F133/><W124/><G109/><T89/><D79/><U132/><E39/><V37/><F59/><W120/><G120/><N who="1" m="46186" /><E132/><V11/><F44/><W131/><G124/><T35/><D35/><U119/><E119/><V125/><F125/><W73/><G131/><T62/><D62/><U56/><E56/><V49/><F49/><W106/><G32/><T10/><D104/><U130/><E130/><V111/><F111/><W84/><G19/><T26/><D126/><U53/><E53/><V5/><REACH who="2" step="1"/><F18/><REACH who="2" ten="240,320,210,220" step="2"/><W95/><G48/><T93/><D129/><U77/><E115/><V61/><F61/><W108/><G108/><T91/><D118/><U90/><E42/><V110/><F110/><W24/><G55/><T13/><D67/><U4/><E40/><V94/><F94/><N who="0" m="36458" /><D65/><U135/><E135/><V60/><F60/><W8/><G52/><T102/><D102/><U117/><E117/><V123/><F123/><W96/><G103/><T58/><D58/><U66/><E66/><V97/><F97/><W15/><G98/><T116/><D116/><U23/><E99/><V30/><F30/><AGARI ba="1,1" hai="7,9,10,12,13,16,20,26,30,89,91" m="36458" machi="30" ten="30,2000,0" yaku="8,1,54,1" doraHai="101" who="0" fromWho="2" sc="240,33,320,0,210,-23,220,0" /><INIT seed="3,0,0,4,5,120" ten="273,320,187,220" oya="3" hai0="116,103,49,46,4,67,70,79,45,18,60,64,23" hai1="133,14,21,50,27,25,74,65,15,59,34,39,114" hai2="10,109,31,9,41,29,78,54,73,125,8,91,68" hai3="92,106,56,134,11,115,128,57,26,38,37,105,63"/><W52/><G115/><T96/><D4/><U1/><E39/><V0/><F68/><W95/><G128/><T42/><D116/><U61/><E74/><V6/><F41/><W108/><G134/><T131/><D131/><U40/><E1/><V44/><F125/><W17/><G95/><T55/><D79/><U90/><E133/><V32/><F73/><W71/><G71/><T98/><D67/><U87/><E34/><V33/><F78/><W36/><G92/><T118/><D103/><U126/><E27/><V86/><F33/><W30/><G108/><T13/><D118/><U124/><E114/><V72/><F72/><W58/><G17/><T22/><D23/><U94/><E124/><V3/><F109/><W12/><G12/><T110/><D110/><U93/><E93/><V35/><F35/><W2/><G11/><T75/><D75/><U53/><E40/><V100/><F100/><W7/><G7/><T130/><D130/><U24/><E24/><V51/><F0/><W104/><REACH who="3" step="1"/><G2/><REACH who="3" ten="273,320,187,210" step="2"/><T28/><D28/><N who="1" m="17455" /><E126/><V83/><REACH who="2" step="1"/><F29/><REACH who="2" ten="273,320,177,210" step="2"/><W111/><G111/><T43/><D43/><U69/><E69/><V122/><F122/><W121/><G121/><T84/><D42/><U129/><E129/><V112/><F112/><W80/><G80/><T89/><D70/><U16/><E16/><V101/><F101/><W76/><G76/><T5/><D18/><U82/><E82/><V99/><F99/><W132/><G132/><T107/><D98/><U102/><E102/><V113/><F113/><W47/><G47/><T119/><D96/><U123/><E123/><RYUUKYOKU ba="0,2" sc="273,-30,320,10,177,10,210,10" hai1="14,15,50,53,59,61,65,87,90,94" hai2="3,6,8,9,10,31,32,44,51,54,83,86,91" hai3="26,30,36,37,38,52,56,57,58,63,104,105,106" /><INIT seed="3,1,2,1,1,31" ten="243,330,187,220" oya="3" hai0="93,55,71,19,117,107,104,120,94,79,96,21,42" hai1="72,70,32,60,20,7,118,62,41,39,89,15,40" hai2="83,75,36,53,121,102,134,49,50,10,47,128,91" hai3="46,73,123,66,112,119,2,100,59,5,126,95,68"/><W115/><G119/><T37/><D117/><U86/><E32/><V90/><F36/><W77/><G123/><T54/><D120/><U16/><E72/><V34/><F121/><W1/><G59/><T24/><D71/><U78/><E78/><V85/><F75/><W124/><G46/><T110/><D110/><U23/><E39/><V129/><F134/><W74/><G95/><T25/><D79/><U22/><E7/><V125/><F102/><W52/><G100/><T65/><D65/><U81/><E118/><V9/><F125/><N who="3" m="48235" /><G52/><T99/><D42/><N who="1" m="16491" /><E70/><V98/><F49/><W56/><G56/><T27/><D37/><U17/><E17/><V131/><F34/><W11/><G2/><T29/><D29/><U76/><E76/><V113/><F113/><N who="3" m="43595" /><G77/><T26/><D107/><U92/><E92/><AGARI ba="1,2" hai="9,10,47,50,53,83,85,90,91,92,98,128,129,131" machi="92" ten="40,1300,0" yaku="19,1" doraHai="31" who="2" fromWho="1" sc="243,0,330,-16,187,36,220,0" owari="243,4.0,314,42.0,223,-18.0,220,-28.0" /></mjloggm>