<mjloggm ver="2.3"><GO type="97" lobby="0"/><UN n0="%79%75%6B%69%6E%6F%6B%6F" n1="%E9%83%A1%E5%B1%B1%E7%83%88%E7%81%AB" n2="%64%61%69%6B%69%74%69" n3="%E3%82%A6%E3%83%AB%E3%83%88%E3%83%A9%E7%AB%8B%E7%9B%B4" dan="13,14,14,15" rate="1858.89,1942.16,1951.02,2011.05" sx="M,M,M,M"/><TAIKYOKU oya="0"/><INIT seed="0,0,0,1,5,99" ten="250,250,250,250" oya="0" hai0="58,107,65,18,8,126,41,6,31,47,15,87,135" hai1="22,112,5,70,38,14,25,96,102,108,36,35,33" hai2="132,56,88,29,94,50,92,117,86,73,27,122,66" hai3="114,32,125,103,62,67,23,3,105,39,97,48,121"/><T123/><D107/><U63/><E108/><V61/><F122/><W57/><G3/><T59/><D123/><U2/><E14/><V78/><F132/><W127/><G39/><T9/><D135/><U21/><E21/><V42/><F117/><W109/><G121/><T115/><D115/><U119/><E119/><V104/><F104/><W55/><G114/><T91/><D126/><U120/><E120/><V11/><F11/><W34/><G23/><T17/><D31/><N who="1" m="19695" /><E22/><V7/><F7/><W49/><G49/><N who="0" m="26863" /><D65/><N who="1" m="41279" /><E35/><V19/><F19/><N who="0" m="7178" /><D9/><N who="1" m="2231" /><E112/><V24/><F94/><AGARI ba="0,0" hai="6,8,15,58,59,87,91,94" m="7178,26863" machi="94" ten="30,1500,0" yaku="8,1" doraHai="99" who="0" fromWho="2" sc="250,15,250,0,250,-15,250,0" /><INIT seed="0,1,0,0,4,53" ten="265,250,235,250" oya="0" hai0="25,7,20,82,132,54,35,8,33,59,89,69,91" hai1="121,58,51,95,105,80,86,88,111,77,10,57,131" hai2="68,17,126,15,38,30,18,72,81,115,98,52,23" hai3="26,109,43,112,63,93,90,16,50,65,79,45,116"/><T9/><D69/><U44/><E121/><V31/><F115/><W11/><G116/><T83/><D132/><U85/><E105/><V19/><F126/><W122/><G122/><T99/><D33/><U92/><E131/><V107/><F107/><W87/><G112/><T32/><D35/><U46/><E111/><V61/><F38/><W134/><G134/><T67/><D67/><U28/><E28/><N who="2" m="10795" /><F68/><W27/><G109/><T100/><D32/><U125/><E125/><V56/><F72/><W120/><G79/><T66/><D66/><U110/><E110/><V104/><F104/><W96/><G96/><T70/><D70/><U2/><E2/><V0/><F0/><W119/><G119/><T124/><D124/><U47/><E10/><N who="0" m="4201" /><D7/><U113/><E113/><V75/><F75/><W76/><G76/><T135/><D135/><U6/><E6/><V34/><F34/><W36/><G36/><T37/><D37/><U129/><E129/><V118/><F118/><W102/><G120/><T42/><D42/><U1/><E1/><V29/><F81/><N who="0" m="30730" /><D100/><U94/><E51/><V5/><F5/><W108/><G102/><T130/><D130/><U64/><E64/><V21/><F98/><W24/><G108/><T71/><D71/><U106/><E106/><V13/><N who="2" m="10803" /><V62/><DORA hai="3" /><F62/><W128/><G128/><T22/><D99/><U97/><E95/><V41/><F41/><W114/><G114/><T101/><D101/><AGARI ba="1,0" hai="44,46,47,57,58,77,80,85,86,88,92,94,97,101" machi="101" ten="40,8000,1" yaku="8,1,52,2,54,1" doraHai="53,3" who="1" fromWho="0" sc="265,-83,250,83,235,0,250,0" /><INIT seed="1,0,0,2,0,29" ten="182,333,235,250" oya="1" hai0="88,104,46,134,23,47,89,94,19,98,13,17,6" hai1="80,41,92,24,42,81,84,74,54,33,132,123,36" hai2="122,66,0,60,38,62,51,128,43,72,73,52,4" hai3="70,124,50,2,37,115,133,78,22,105,75,3,53"/><U63/><E123/><V85/><F122/><W97/><G22/><T9/><D104/><U11/><E132/><V64/><F128/><W131/><G53/><T12/><D134/><U31/><E11/><V96/><F96/><W32/><G50/><T119/><D119/><U93/><E74/><V101/><F101/><W121/><G78/><T56/><D56/><U95/><E36/><V130/><F130/><W5/><G97/><T40/><D6/><U99/><E99/><V126/><F126/><W18/><G18/><T48/><D46/><U129/><E129/><V86/><F4/><W15/><G15/><T79/><D79/><U30/><E30/><V20/><F0/><W112/><G5/><T125/><D125/><U49/><E63/><V26/><F38/><W108/><G3/><T59/><D59/><U113/><E113/><V58/><F43/><W71/><G71/><T68/><REACH who="0" step="1"/><D68/><REACH who="0" ten="172,333,235,250" step="2"/><U61/><E61/><V90/><F62/><W8/><G8/><T44/><D44/><U91/><REACH who="1" step="1"/><E80/><REACH who="1" ten="172,323,235,250" step="2"/><V120/><F120/><W114/><G114/><T127/><D127/><U28/><E28/><V103/><F64/><W57/><G57/><AGARI ba="0,2" hai="24,31,33,41,42,49,54,57,81,84,91,92,93,95" machi="57" ten="40,3900,0" yaku="1,1,52,1,53,0" doraHai="29" doraHaiUra="65" who="1" fromWho="3" sc="172,0,323,59,235,0,250,-39" /><INIT seed="1,1,0,3,5,102" ten="172,382,235,211" oya="1" hai0="96,47,75,113,36,13,120,17,54,103,26,60,99" hai1="127,112,132,51,128,9,108,34,30,64,53,33,133" hai2="73,98,114,20,81,32,24,2,130,11,79,56,62" hai3="71,5,70,111,41,77,21,25,61,7,78,1,48"/><U35/><E64/><V117/><F117/><W42/><G111/><T55/><D75/><U45/><E112/><V124/><F32/><W28/><G1/><T109/><D120/><U84/><E127/><V85/><F124/><W134/><G134/><N who="1" m="51818" /><E128/><V83/><F130/><W105/><G105/><T22/><D109/><U90/><E108/><V135/><F135/><W92/><G92/><T65/><D113/><U49/><E9/><V104/><F114/><W23/><G48/><T50/><D36/><U74/><E74/><V15/><F2/><W69/><G61/><T131/><D131/><U3/><E3/><V10/><F15/><W52/><G52/><T12/><D54/><U122/><E122/><V44/><F44/><W8/><G8/><T91/><D96/><U126/><E126/><V40/><F40/><W97/><G97/><T106/><REACH who="0" step="1"/><D91/><REACH who="0" ten="162,382,235,211" step="2"/><U68/><E90/><V118/><F118/><W67/><G67/><T59/><AGARI ba="1,1" hai="12,13,17,22,26,47,50,55,59,60,65,99,103,106" machi="59" ten="20,8000,1" yaku="1,1,2,1,0,1,7,1,52,1,53,0" doraHai="102" doraHaiUra="116" who="0" fromWho="0" sc="162,93,382,-41,235,-21,211,-21" /><INIT seed="2,0,0,5,0,61" ten="255,341,214,190" oya="2" hai0="98,8,133,71,123,29,90,86,38,129,131,134,95" hai1="57,22,116,31,96,64,106,113,0,103,75,33,11" hai2="54,82,19,125,88,15,51,73,126,108,65,27,135" hai3="23,39,99,120,47,84,85,109,105,24,80,18,7"/><V43/><F135/><N who="0" m="51722" /><D38/><U130/><E116/><V89/><F108/><W17/><G109/><T121/><D71/><U42/><E113/><V60/><F43/><W25/><G120/><N who="0" m="46155" /><D29/><U104/><E130/><N who="0" m="49673" /><D8/><U74/><E42/><V115/><F115/><W81/><G7/><T102/><D86/><U94/><E33/><V122/><F122/><W37/><G47/><T52/><D52/><U66/><E11/><V26/><F54/><W118/><G118/><T63/><D63/><U72/><E0/><V40/><F51/><W5/><G5/><T83/><D83/><U70/><E70/><N who="2" m="42279" /><F40/><W91/><G39/><T2/><D2/><U92/><E92/><V76/><F26/><W124/><G37/><T32/><D32/><U127/><E66/><V3/><F27/><W53/><G53/><T36/><D36/><U58/><E58/><V111/><F111/><W59/><G59/><T112/><D112/><U100/><E100/><AGARI ba="0,0" hai="90,95,98,100,102" m="49673,46155,51722" machi="100" ten="40,8000,1" yaku="20,1,19,1,34,2" doraHai="61" who="0" fromWho="1" sc="255,80,341,-80,214,0,190,0" /><INIT seed="3,0,0,1,1,113" ten="335,261,214,190" oya="3" hai0="123,49,41,119,63,39,127,90,55,8,99,59,109" hai1="112,22,26,30,2,24,121,53,38,129,81,6,34" hai2="117,51,11,45,21,102,83,74,60,93,15,12,46" hai3="80,114,73,67,17,37,0,48,77,124,19,98,125"/><W92/><G37/><T40/><D123/><U1/><E38/><V88/><F102/><W118/><G0/><N who="1" m="106" /><E81/><V110/><F110/><W111/><G114/><T106/><D8/><U100/><E100/><V3/><F60/><W134/><G111/><T115/><D106/><U104/><E104/><V130/><F130/><W82/><G67/><T50/><D115/><U103/><E103/><V85/><F3/><W126/><G80/><T57/><D90/><U61/><E61/><V52/><F117/><W108/><G108/><T131/><D99/><U69/><E69/><V54/><F74/><W64/><G64/><T29/><D29/><N who="1" m="19751" /><E53/><V132/><F132/><W97/><G134/><T116/><D109/><U120/><E112/><V66/><F66/><W107/><G118/><N who="0" m="45099" /><D131/><U56/><E56/><V95/><F21/><W133/><G133/><T18/><D18/><N who="3" m="6665" /><G107/><T28/><D28/><U31/><E129/><V105/><F105/><W122/><G122/><N who="1" m="47210" /><E6/><V89/><F11/><W23/><G92/><T101/><D101/><U35/><E31/><V87/><F83/><W10/><G10/><T33/><D39/><U42/><E42/><V68/><REACH who="2" step="1"/><F68/><REACH who="2" ten="335,261,204,190" step="2"/><W71/><G71/><T20/><D63/><U72/><E72/><V44/><F44/><W43/><G23/><AGARI ba="0,1" hai="22,23,26,30,35" m="47210,19751,106" machi="23" ten="30,2000,0" yaku="34,2" doraHai="113" who="1" fromWho="3" sc="335,0,261,30,204,0,190,-20" owari="335,44.0,291,9.0,204,-20.0,170,-33.0" /></mjloggm>