<mjloggm ver="2.3"><GO type="41" lobby="0"/><UN n0="%74%40%6B" n1="%6B%61%73%68%69%32" n2="%E3%82%A6%E3%83%AB%E3%83%88%E3%83%A9%E7%AB%8B%E7%9B%B4" n3="%E3%81%95%E3%81%A3%E3%81%8F%E3%81%95%E3%81%8F%E3%82%84%E3%81%A7" dan="13,13,16,14" rate="1852.27,1831.39,2057.03,1881.14" sx="M,M,M,M"/><TAIKYOKU oya="0"/><INIT seed="0,0,0,0,2,19" ten="250,250,250,250" oya="0" hai0="121,13,79,113,68,115,6,88,82,36,45,123,18" hai1="42,50,34,58,77,60,125,131,134,56,76,23,101" hai2="24,108,78,94,4,100,92,99,132,43,30,91,89" hai3="38,31,32,105,87,111,102,130,55,97,74,59,110"/><T33/><D68/><U51/><E34/><V41/><F132/><W54/><G38/><T22/><D33/><U53/><E134/><V40/><F108/><N who="3" m="41515" /><G74/><T21/><D6/><U117/><E117/><V71/><F71/><W0/><G0/><T7/><D7/><U39/><E125/><V26/><F78/><W122/><G122/><T73/><D45/><U47/><E101/><V116/><F116/><W93/><G59/><T62/><D62/><U12/><E131/><V118/><F118/><W75/><G75/><T129/><D36/><U67/><E39/><V64/><F4/><W61/><G61/><T128/><D88/><U8/><E23/><N who="0" m="8713" /><D18/><AGARI ba="0,0" hai="8,12,18,42,47,50,51,53,56,58,60,67,76,77" machi="18" ten="30,2000,0" yaku="7,1,8,1" doraHai="19" who="1" fromWho="0" sc="250,-20,250,20,250,0,250,0" /><INIT seed="1,0,0,3,2,133" ten="230,270,250,250" oya="1" hai0="1,84,47,106,54,45,7,122,135,69,16,104,127" hai1="109,30,4,77,83,21,73,116,10,88,41,36,80" hai2="17,126,96,89,25,3,55,132,113,85,42,51,70" hai3="91,103,76,78,87,43,99,20,5,118,74,38,22"/><U130/><E116/><V62/><F3/><W72/><G38/><T40/><D135/><U29/><E130/><V92/><F132/><W31/><G43/><T35/><D35/><U101/><E21/><V119/><F119/><W86/><G5/><T124/><D69/><U68/><E101/><V82/><F113/><W81/><G31/><T37/><D122/><U115/><E68/><V24/><F70/><W64/><G22/><T57/><D47/><N who="1" m="23975" /><E109/><V79/><F126/><W50/><G20/><T75/><D75/><N who="3" m="28713" /><G50/><T128/><D128/><U33/><E33/><V26/><F42/><W39/><G64/><T131/><D131/><U120/><E120/><V111/><F111/><W129/><G39/><T32/><D32/><U100/><E100/><V18/><REACH who="2" step="1"/><F62/><REACH who="2" ten="230,270,240,250" step="2"/><W125/><G129/><T23/><D1/><N who="1" m="271" /><E115/><V95/><F95/><N who="3" m="58879" /><G125/><N who="0" m="48203" /><D7/><U13/><E13/><V65/><F65/><W53/><G118/><T63/><D84/><AGARI ba="0,1" hai="29,30,73,77,80,83,84,88" m="271,23975" machi="84" ten="30,2900,0" yaku="25,1,54,1" doraHai="133" who="1" fromWho="0" sc="230,-29,270,39,240,0,250,0" /><INIT seed="1,1,0,1,3,109" ten="201,309,240,250" oya="1" hai0="38,59,19,51,4,42,88,123,29,28,116,125,5" hai1="118,36,22,75,56,79,124,134,115,113,15,85,114" hai2="67,32,126,119,47,31,92,87,101,133,2,12,77" hai3="78,61,130,1,129,103,99,46,95,16,97,50,10"/><U89/><E36/><V74/><F2/><W21/><G61/><T45/><D116/><U54/><E118/><V63/><F119/><W71/><G71/><T105/><D105/><U11/><E134/><V27/><F133/><W24/><G78/><T117/><D117/><U48/><E124/><V25/><F126/><W90/><G10/><T65/><D125/><U8/><E79/><V72/><F47/><W70/><G1/><T93/><D123/><U100/><E100/><V131/><F131/><W7/><G7/><N who="0" m="2635" /><D38/><U3/><E3/><V0/><F0/><W120/><G70/><T106/><D106/><U91/><E91/><V23/><F12/><W102/><G120/><T60/><D19/><N who="1" m="10623" /><E75/><V33/><F77/><W43/><REACH who="3" step="1"/><G99/><AGARI ba="1,0" hai="28,29,42,45,51,59,60,65,88,93,99" m="2635" machi="99" ten="30,2000,0" yaku="8,1,54,1" doraHai="109" who="0" fromWho="3" sc="201,23,309,0,240,0,250,-23" /><INIT seed="2,0,0,5,0,78" ten="224,309,240,227" oya="2" hai0="1,96,95,98,27,80,47,39,10,4,9,88,14" hai1="79,54,132,53,129,111,16,28,36,59,8,66,3" hai2="101,0,106,82,120,130,50,131,77,112,135,117,17" hai3="20,97,91,41,108,31,51,119,19,83,56,42,90"/><V21/><F0/><W118/><G31/><T35/><D35/><U33/><E36/><V72/><F120/><W128/><G128/><T122/><D27/><U69/><E69/><V5/><F5/><W85/><G108/><T44/><D122/><U105/><E111/><V49/><F117/><W11/><G11/><T114/><D114/><U94/><E105/><V61/><F112/><W48/><G119/><T70/><D70/><U68/><E68/><V26/><F135/><W45/><G56/><T23/><D23/><U46/><E3/><V121/><F121/><W86/><G97/><T110/><D110/><U124/><E129/><N who="2" m="49163" /><F61/><W107/><G107/><T71/><D71/><U64/><E124/><V29/><F29/><W113/><G113/><T55/><D39/><U115/><E115/><V13/><F13/><N who="3" m="9327" /><G118/><T34/><D34/><U84/><E28/><V67/><F67/><W125/><G125/><T73/><D98/><AGARI ba="0,0" hai="17,21,26,49,50,72,77,82,98,101,106" m="49163" machi="98" ten="30,2900,0" yaku="19,1,52,1" doraHai="78" who="2" fromWho="0" sc="224,-29,309,0,240,29,227,0" /><INIT seed="2,1,0,5,3,99" ten="195,309,269,227" oya="2" hai0="66,46,15,14,105,35,87,78,61,22,12,131,109" hai1="5,60,112,108,27,119,45,38,130,65,54,110,29" hai2="83,59,13,91,96,63,118,64,31,133,49,67,9" hai3="6,57,113,114,127,81,102,56,43,104,101,0,48"/><V52/><F133/><W62/><G104/><T90/><D109/><N who="1" m="42091" /><E112/><N who="3" m="43114" /><G127/><T55/><D131/><U85/><E119/><V129/><F129/><W76/><G6/><T107/><D35/><N who="1" m="20927" /><E130/><V69/><F31/><W86/><G0/><T73/><D73/><U7/><E85/><V39/><F39/><W132/><G132/><T28/><D78/><U89/><E89/><V128/><F128/><W111/><G111/><T92/><D28/><U134/><E134/><V98/><F118/><W41/><G41/><T123/><D123/><U1/><E1/><V116/><F116/><W80/><G81/><T106/><D55/><U93/><E93/><V72/><F67/><N who="3" m="39367" /><G57/><T47/><REACH who="0" step="1"/><D22/><REACH who="0" ten="185,309,269,227" step="2"/><U32/><E32/><V94/><F72/><W3/><G3/><T20/><D20/><U25/><E25/><V126/><F126/><W79/><G76/><T36/><D36/><U11/><E11/><V74/><F74/><W122/><G122/><T117/><D117/><U88/><E54/><V21/><F21/><W75/><G75/><T30/><D30/><U135/><E135/><V68/><F83/><W2/><G2/><T125/><D125/><U97/><E38/><V77/><F77/><W70/><G70/><AGARI ba="1,1" hai="12,14,15,46,47,61,66,70,87,90,92,105,106,107" machi="70" ten="50,1600,0" yaku="1,1,53,0" doraHai="99" doraHaiUra="121" who="0" fromWho="3" sc="185,29,309,0,269,0,227,-19" /><INIT seed="3,0,0,5,1,15" ten="214,309,269,208" oya="3" hai0="114,123,113,78,127,57,126,13,3,134,103,82,38" hai1="53,117,18,6,12,110,109,86,104,25,62,51,68" hai2="1,98,101,84,121,67,120,90,49,93,85,42,9" hai3="132,99,34,27,63,96,70,31,16,128,72,58,50"/><W116/><G72/><N who="0" m="43335" /><D123/><U4/><E104/><V122/><F67/><W75/><G75/><T102/><D38/><U40/><E117/><V30/><F30/><W17/><G116/><T23/><D3/><U60/><E68/><V108/><F108/><N who="1" m="41577" /><E40/><V22/><F22/><W135/><G128/><T64/><D64/><U129/><E86/><V8/><F1/><W119/><G50/><T0/><D57/><N who="1" m="32959" /><E25/><V115/><F115/><N who="0" m="44042" /><D0/><U48/><E48/><V5/><F5/><N who="1" m="2153" /><E129/><V71/><F71/><W112/><G70/><T61/><D61/><U97/><E97/><N who="3" m="37450" /><G119/><T118/><D118/><U35/><E35/><V133/><F49/><W88/><G112/><T131/><D131/><U91/><E91/><V41/><F41/><W32/><G88/><T10/><D23/><AGARI ba="0,0" hai="12,18,23,60,62" m="2153,32959,41577" machi="23" ten="30,2000,0" yaku="14,1,52,1" doraHai="15" who="1" fromWho="0" sc="214,-20,309,20,269,0,208,0" /><INIT seed="4,0,0,3,0,117" ten="194,329,269,208" oya="0" hai0="41,66,56,65,30,68,80,7,134,46,121,91,106" hai1="77,112,16,97,21,120,5,61,118,105,88,49,35" hai2="131,58,102,15,28,27,75,24,64,85,20,29,39" hai3="81,2,116,59,135,26,38,69,10,107,47,79,33"/><T53/><D134/><U110/><E110/><V6/><F75/><W54/><G69/><T115/><D115/><U1/><E118/><V37/><F131/><W40/><G107/><T76/><D106/><U18/><E35/><V119/><F119/><W113/><G135/><T123/><D30/><U36/><E120/><V73/><F73/><W127/><G127/><T126/><D7/><U57/><E36/><V8/><F85/><W9/><G10/><T98/><D126/><U78/><E1/><V25/><F102/><W74/><G113/><T3/><D3/><U86/><E5/><V122/><F122/><N who="0" m="46602" /><D91/><U67/><E97/><V132/><F132/><W31/><G116/><T100/><D98/><U0/><E105/><V125/><F125/><W42/><G40/><T52/><D80/><N who="1" m="49223" /><E112/><V17/><F37/><W4/><REACH who="3" step="1"/><G59/><REACH who="3" ten="194,329,269,198" step="2"/><T89/><D68/><U60/><E0/><V72/><F39/><W82/><G82/><T23/><D100/><U93/><E61/><V43/><F43/><W109/><G109/><T95/><D41/><U55/><E93/><V108/><F108/><W84/><G84/><T133/><D95/><U34/><E34/><V62/><REACH who="2" step="1"/><F72/><REACH who="2" ten="194,329,259,198" step="2"/><W11/><G11/><T83/><D133/><U71/><E71/><V48/><F48/><W45/><G45/><T114/><D46/><N who="1" m="28087" /><E18/><V96/><F96/><W90/><G90/><T128/><D89/><U130/><E130/><V87/><F87/><W63/><G63/><T101/><D128/><U13/><AGARI ba="0,2" hai="13,16,21,57,60,67,77,78" m="28087,49223" machi="13" ten="30,4000,0" yaku="8,1,54,2" doraHai="117" who="1" fromWho="1" sc="194,-20,329,60,259,-10,198,-10" /><INIT seed="5,0,0,2,1,11" ten="174,389,249,188" oya="1" hai0="112,124,48,101,45,54,52,63,30,79,28,100,89" hai1="13,31,96,118,92,74,46,55,62,44,109,97,58" hai2="127,128,73,34,40,6,82,67,12,77,49,86,85" hai3="126,59,17,50,135,27,93,41,123,90,33,51,133"/><U36/><E74/><V83/><F34/><W98/><G123/><T64/><D124/><U25/><E118/><V116/><F116/><W8/><G126/><T70/><D112/><U0/><E0/><V120/><F120/><W29/><G41/><T72/><D89/><U56/><E36/><V19/><F127/><W65/><G65/><T39/><D79/><U119/><E97/><V57/><F128/><W35/><G33/><T108/><D108/><U110/><E13/><V131/><F131/><W3/><G59/><T7/><D7/><U14/><E14/><V106/><F106/><W121/><G121/><T5/><D5/><U47/><E58/><V75/><F6/><W43/><G43/><T125/><D72/><U4/><E4/><V61/><F40/><W113/><G113/><T130/><D130/><U95/><E119/><V18/><F18/><W2/><G2/><T66/><D125/><U32/><REACH who="1" step="1"/><E96/><REACH who="1" ten="174,379,249,188" step="2"/><V10/><REACH who="2" step="1"/><F49/><REACH who="2" ten="174,379,239,188" step="2"/><W105/><G105/><T20/><D48/><U99/><E99/><V1/><F1/><W60/><G3/><T87/><D39/><U78/><E78/><AGARI ba="0,2" hai="10,12,19,57,61,67,73,75,77,78,82,83,85,86" machi="78" ten="30,12000,2" yaku="1,1,7,1,9,1,52,1,53,2" doraHai="11" doraHaiUra="81" who="2" fromWho="1" sc="174,0,379,-120,239,140,188,0" /><INIT seed="6,0,0,2,5,101" ten="174,259,379,188" oya="2" hai0="59,24,7,64,132,119,135,124,75,20,109,57,33" hai1="22,70,78,96,69,130,118,134,72,3,14,13,46" hai2="29,86,10,91,47,127,63,111,80,52,41,54,108" hai3="39,131,74,58,50,102,26,99,32,128,56,11,116"/><V66/><F127/><W53/><G74/><T73/><D124/><U45/><E118/><V90/><F10/><W93/><G39/><T114/><D109/><N who="2" m="42058" /><F29/><W42/><G42/><T0/><D119/><U9/><E3/><V51/><F91/><W122/><G122/><T21/><D64/><U2/><E2/><V65/><F65/><W97/><G116/><T40/><D40/><U95/><E134/><V5/><F5/><W125/><G125/><T77/><D0/><U19/><E130/><V76/><F90/><W55/><G11/><T6/><D24/><U89/><E78/><V107/><F107/><W100/><G26/><T27/><D27/><U4/><REACH who="1" step="1"/><E72/><REACH who="1" ten="174,249,379,188" step="2"/><V35/><F35/><W92/><REACH who="3" step="1"/><G32/><REACH who="3" ten="174,249,379,178" step="2"/><T94/><D33/><U123/><E123/><V117/><F117/><W23/><G23/><T110/><D21/><U121/><E121/><V44/><F76/><W60/><AGARI ba="0,2" hai="50,53,55,56,58,60,92,93,97,99,100,102,128,131" machi="60" ten="30,4000,0" yaku="1,1,0,1,9,1,53,0" doraHai="101" doraHaiUra="30" who="3" fromWho="3" sc="174,-10,249,-10,379,-20,178,60" /><INIT seed="7,0,0,2,5,42" ten="164,239,359,238" oya="3" hai0="131,87,5,50,89,62,100,39,125,105,16,1,68" hai1="72,90,31,77,99,45,83,32,55,29,10,110,80" hai2="114,63,117,19,47,37,38,113,74,15,97,104,66" hai3="122,40,22,91,93,35,17,54,133,13,96,107,95"/><W103/><G122/><T106/><D39/><U49/><E110/><V11/><F74/><W3/><G35/><T112/><D1/><U94/><E32/><V30/><F30/><W61/><G3/><T75/><D75/><U84/><E10/><V78/><F78/><AGARI ba="0,0" hai="29,31,45,49,55,72,77,78,80,83,84,90,94,99" machi="78" ten="30,2000,0" yaku="7,1,52,1" doraHai="42" who="1" fromWho="2" sc="164,0,239,20,359,-20,238,0" owari="164,-34.0,259,6.0,339,44.0,238,-16.0" /></mjloggm>