<mjloggm ver="2.3"><GO type="97" lobby="0"/><UN n0="%E3%83%88%E3%82%B7%E3%83%95%E3%83%BC%E3%83%8B" n1="%E3%82%A6%E3%83%AB%E3%83%88%E3%83%A9%E7%AB%8B%E7%9B%B4" n2="%6D%6F%72%69%6E%6F%6E%6F" n3="%E3%81%A6%E3%81%A3%E3%81%8B%E3%82%93" dan="15,15,14,14" rate="2096.58,2033.30,1952.71,1934.82" sx="M,M,M,M"/><TAIKYOKU oya="0"/><INIT seed="0,0,0,2,2,62" ten="250,250,250,250" oya="0" hai0="130,128,54,104,111,99,125,26,51,40,94,48,28" hai1="25,39,73,21,42,14,17,92,66,71,35,86,1" hai2="95,50,64,124,44,46,72,89,12,91,112,116,83" hai3="102,36,88,78,63,110,93,101,135,24,118,11,22"/><T121/><D121/><U84/><E73/><V105/><F105/><W114/><G114/><T68/><D104/><U107/><E107/><V77/><F112/><W52/><G36/><T59/><D68/><U108/><E108/><V109/><F116/><W80/><G118/><T113/><D113/><U53/><E42/><V117/><F117/><W122/><G110/><T60/><D111/><U33/><E39/><V37/><F109/><W85/><G122/><T81/><D81/><U16/><E1/><V4/><F124/><W30/><G11/><T74/><D74/><U5/><E5/><V6/><F37/><W3/><G3/><T38/><D38/><U119/><E119/><V7/><F12/><W76/><G135/><T47/><D125/><U106/><E106/><V57/><F50/><W41/><G41/><T2/><D51/><U9/><E53/><V126/><F126/><W23/><G23/><T131/><D2/><U82/><E92/><V103/><F103/><W34/><G34/><T65/><D94/><U31/><E31/><V8/><F8/><W10/><G10/><T70/><D99/><U87/><REACH who="1" step="1"/><E82/><REACH who="1" ten="250,240,250,250" step="2"/><V61/><REACH who="2" step="1"/><F91/><REACH who="2" ten="250,240,240,250" step="2"/><W13/><G13/><T127/><D127/><U98/><E98/><AGARI ba="0,2" hai="4,6,7,44,46,57,61,64,72,77,83,89,95,98" machi="98" ten="40,5200,0" yaku="1,1,2,1,52,1,53,0" doraHai="62" doraHaiUra="115" who="2" fromWho="1" sc="250,0,240,-52,240,72,250,0" /><INIT seed="1,0,0,5,2,52" ten="250,188,312,250" oya="1" hai0="30,27,35,117,32,88,110,8,112,25,2,80,16" hai1="86,15,59,57,0,85,49,38,84,58,23,41,72" hai2="14,62,125,78,126,124,90,60,93,122,17,81,28" hai3="73,131,77,83,24,99,12,68,51,74,13,134,91"/><U10/><E72/><N who="2" m="43207" /><F28/><W19/><G73/><T18/><D112/><U109/><E0/><V56/><F56/><N who="1" m="21609" /><E38/><V63/><F122/><W4/><G68/><T133/><D117/><U6/><E109/><V71/><F71/><W94/><G131/><T129/><D129/><U101/><E101/><V20/><F63/><W65/><G65/><T21/><D110/><U54/><E23/><V1/><F1/><W48/><G134/><T34/><D133/><U40/><AGARI ba="0,0" hai="6,10,15,40,41,49,54,59,84,85,86" m="21609" machi="40" ten="30,12000,1" yaku="8,1,52,4" doraHai="52" who="1" fromWho="1" sc="250,-40,188,120,312,-40,250,-40" /><INIT seed="1,1,0,1,2,36" ten="210,308,272,210" oya="1" hai0="1,108,30,83,28,103,32,39,65,126,88,43,132" hai1="87,69,37,16,48,71,91,60,79,45,119,13,115" hai2="9,56,116,121,101,52,40,130,102,96,25,24,15" hai3="110,70,19,26,100,63,123,104,92,55,80,61,90"/><U4/><E37/><V81/><F121/><W120/><G110/><T76/><D1/><U78/><E4/><N who="2" m="3495" /><F116/><W74/><G70/><T64/><D108/><U84/><E115/><V14/><F14/><W0/><G0/><T97/><D64/><U122/><E122/><V51/><F130/><W53/><G120/><T118/><D65/><U20/><E119/><V113/><F113/><W93/><G123/><T117/><D117/><U62/><E71/><V11/><F11/><W95/><G104/><T7/><D7/><U134/><E134/><V124/><F124/><W17/><G100/><N who="2" m="38505" /><F81/><W86/><G74/><T34/><D118/><U12/><E12/><V58/><F96/><W67/><G67/><T46/><D126/><U125/><E69/><V10/><F10/><W66/><G66/><T131/><D132/><U57/><E87/><V41/><F58/><N who="3" m="35023" /><G26/><AGARI ba="1,0" hai="24,25,26,40,41,51,52,56" m="38505,3495" machi="26" ten="30,7700,0" yaku="8,1,52,2,54,1" doraHai="36" who="2" fromWho="3" sc="210,0,308,0,272,80,210,-80" /><INIT seed="2,0,0,3,4,49" ten="210,308,352,130" oya="2" hai0="11,18,16,50,34,72,101,29,85,88,83,86,105" hai1="98,12,99,26,78,9,112,81,119,20,31,114,59" hai2="92,96,21,104,33,47,61,37,125,6,132,118,121" hai3="46,58,76,123,62,80,15,116,84,67,19,53,42"/><V64/><F121/><W106/><G106/><T68/><D72/><U120/><E119/><V63/><F104/><W2/><G2/><T36/><D36/><U107/><E120/><V134/><F118/><W79/><G116/><T100/><D68/><U131/><E131/><V108/><F33/><W135/><G135/><N who="2" m="51753" /><F125/><W56/><G123/><T65/><D105/><U10/><E10/><V39/><F6/><W55/><G58/><T35/><D65/><U66/><E107/><V109/><F21/><W71/><G71/><T44/><D29/><U117/><E117/><V115/><F115/><W1/><G79/><N who="0" m="46335" /><D35/><U40/><E40/><N who="2" m="22927" /><F39/><W69/><G69/><T91/><D34/><U30/><E30/><V94/><F64/><W38/><REACH who="3" step="1"/><G1/><REACH who="3" ten="210,308,352,120" step="2"/><T27/><D27/><U7/><E114/><V124/><F124/><W28/><G28/><T93/><D91/><U127/><E127/><V14/><F61/><W5/><G5/><T97/><D18/><U60/><REACH who="1" step="1"/><E112/><REACH who="1" ten="210,298,352,120" step="2"/><V17/><F109/><W4/><G4/><T32/><D32/><U8/><E8/><AGARI ba="0,2" hai="8,15,19,38,42,46,53,55,56,62,67,76,80,84" machi="8" ten="30,7700,0" yaku="1,1,7,1,52,2,53,0" doraHai="49" doraHaiUra="130" who="3" fromWho="1" sc="210,0,298,-77,352,0,120,97" /><INIT seed="3,0,0,5,0,49" ten="210,221,352,217" oya="3" hai0="78,113,7,2,51,74,16,89,90,105,59,68,34" hai1="125,17,46,73,84,88,72,26,82,129,33,130,52" hai2="126,27,1,132,70,22,19,69,35,43,128,9,103" hai3="93,96,87,77,56,11,37,114,15,39,20,80,12"/><W95/><G114/><T65/><D105/><U94/><E125/><V48/><F126/><W121/><G121/><T40/><D113/><U98/><E46/><N who="2" m="25695" /><F132/><W45/><G45/><N who="0" m="26023" /><D34/><U124/><E52/><V41/><F41/><W110/><G95/><T115/><D68/><U122/><E122/><V32/><F103/><W91/><G110/><T109/><D2/><U4/><E4/><N who="2" m="1167" /><F128/><N who="1" m="49257" /><E124/><V102/><F102/><W21/><G56/><T24/><D74/><U28/><E17/><V31/><F35/><W14/><REACH who="3" step="1"/><G11/><REACH who="3" ten="210,221,352,207" step="2"/><T86/><D115/><U3/><E3/><V47/><F47/><W66/><G66/><T106/><D106/><U111/><E111/><V83/><F83/><W135/><G135/><T75/><D109/><U54/><E54/><V53/><F53/><W85/><G85/><T101/><D75/><U38/><E38/><AGARI ba="0,1" hai="12,14,15,20,21,37,38,39,77,80,87,91,93,96" machi="38" ten="40,2000,0" yaku="1,1,53,0" doraHai="49" doraHaiUra="107" who="3" fromWho="1" sc="210,0,221,-20,352,0,207,30" /><INIT seed="3,1,0,5,2,23" ten="210,201,352,237" oya="3" hai0="116,120,68,107,25,16,91,73,98,109,84,43,13" hai1="48,72,86,66,56,89,135,67,132,47,22,28,54" hai2="134,40,4,82,42,65,122,6,71,95,117,53,8" hai3="34,46,74,63,77,27,41,61,93,111,106,105,76"/><W80/><G77/><T78/><D120/><U10/><E72/><V129/><F122/><W113/><G113/><T59/><D68/><U123/><E123/><V26/><F117/><W96/><G111/><T133/><D116/><U119/><E119/><V127/><F134/><N who="1" m="51241" /><E10/><V2/><F129/><W124/><G124/><T35/><D133/><U57/><E22/><V125/><F82/><W38/><G106/><T32/><D109/><U20/><E20/><V114/><F26/><W100/><REACH who="3" step="1"/><G105/><REACH who="3" ten="210,201,352,227" step="2"/><T88/><D107/><U126/><E126/><V118/><F114/><W52/><G52/><T30/><D78/><U19/><E28/><AGARI ba="1,1" hai="27,28,34,38,41,46,61,63,74,76,80,93,96,100" machi="28" ten="40,3900,0" yaku="1,1,52,1,53,0" doraHai="23" doraHaiUra="112" who="3" fromWho="1" sc="210,0,201,-42,352,0,227,52" /><INIT seed="3,2,0,3,2,0" ten="210,159,352,279" oya="3" hai0="129,14,64,61,112,25,10,32,67,115,91,118,88" hai1="122,82,42,50,12,92,97,11,87,102,114,85,96" hai2="135,93,35,48,100,101,2,76,44,6,9,51,103" hai3="17,52,86,49,89,111,8,18,132,46,34,5,20"/><W63/><G34/><T19/><D118/><U95/><E114/><N who="0" m="43561" /><D129/><U22/><E122/><V80/><F35/><W4/><G132/><T134/><D134/><U99/><E22/><V21/><F21/><W55/><G111/><T37/><D37/><U56/><E97/><V26/><F26/><W13/><G63/><T54/><D54/><U36/><E36/><V121/><F121/><W84/><G55/><T65/><D61/><U53/><E42/><V28/><F28/><AGARI ba="2,0" hai="10,14,19,25,28,32,64,65,67,88,91" m="43561" machi="28" ten="30,2000,0" yaku="11,1,54,1" doraHai="0" who="0" fromWho="2" sc="210,26,159,0,352,-26,279,0" owari="236,-16.0,159,-34.0,326,42.0,279,8.0" /></mjloggm>