<mjloggm ver="2.3"><GO type="41" lobby="0"/><UN n0="%E3%81%BA%E3%81%91%E3%81%BD%E3%81%93%75%6E" n1="%E3%82%A6%E3%83%AB%E3%83%88%E3%83%A9%E7%AB%8B%E7%9B%B4" n2="%E8%A7%92%E7%94%B0%E3%81%AF%E3%81%9C%E3%82%8D" n3="%E3%82%AE%E3%83%B3%E3%82%AA" dan="13,16,14,17" rate="1892.71,2071.43,1898.75,2119.79" sx="M,M,M,M"/><TAIKYOKU oya="0"/><INIT seed="0,0,0,3,3,125" ten="250,250,250,250" oya="0" hai0="35,108,84,93,51,77,1,92,60,72,36,101,14" hai1="122,24,100,75,19,8,49,10,57,39,127,27,111" hai2="128,102,135,52,47,123,126,58,2,109,33,94,99" hai3="5,90,67,85,130,56,96,89,87,65,28,121,41"/><T30/><D1/><U119/><E39/><V133/><F2/><W69/><G121/><T11/><D36/><U3/><E75/><V42/><F33/><W38/><G5/><T31/><D72/><U66/><E122/><V97/><F123/><W131/><G28/><N who="0" m="10795" /><D35/><U23/><E127/><V34/><F34/><W107/><G69/><T4/><D101/><U64/><E111/><V80/><F126/><W118/><G118/><T105/><D105/><U114/><E114/><V110/><F80/><N who="3" m="49319" /><G56/><T134/><D134/><N who="2" m="51210" /><F99/><W112/><G112/><T25/><D25/><U54/><E27/><V17/><F17/><W43/><G96/><T16/><D4/><U88/><E119/><V83/><F83/><N who="3" m="49535" /><G107/><T81/><D60/><U45/><E3/><V68/><F68/><W32/><G32/><T59/><D108/><U37/><E37/><N who="2" m="21967" /><F128/><N who="3" m="49195" /><G38/><T15/><D59/><U12/><E57/><V98/><F97/><W91/><G91/><T22/><D51/><AGARI ba="0,0" hai="51,52,58,94,98,102,109,110" m="21967,51210" machi="51" ten="30,2000,0" yaku="20,1,54,1" doraHai="125" who="2" fromWho="0" sc="250,-20,250,0,250,20,250,0" /><INIT seed="1,0,0,1,0,37" ten="230,250,270,250" oya="1" hai0="104,94,82,130,54,110,49,44,70,113,85,126,96" hai1="118,99,63,17,48,25,10,77,58,64,93,45,38" hai2="102,128,3,86,108,71,31,122,125,60,21,120,7" hai3="41,42,46,0,4,80,67,47,51,24,116,68,83"/><U74/><E118/><V87/><F108/><W19/><G116/><T111/><D113/><U22/><E38/><V1/><F125/><W107/><G107/><T6/><D126/><U119/><E119/><V43/><F128/><W59/><G68/><T127/><D127/><U12/><E77/><V66/><F102/><W40/><G0/><T133/><D104/><U50/><E74/><V115/><F115/><W33/><G4/><T103/><D130/><U73/><E73/><V30/><F3/><W36/><G36/><T101/><D70/><U56/><E56/><V132/><F132/><W135/><G135/><T106/><D106/><U75/><E75/><V114/><F114/><W5/><G5/><T16/><D6/><U129/><E129/><V52/><F52/><N who="3" m="32159" /><G33/><T13/><D133/><U8/><E50/><V123/><F21/><N who="3" m="13375" /><G67/><T131/><D131/><U11/><E12/><V112/><F112/><W34/><G34/><T95/><D110/><U76/><E76/><V35/><F35/><W57/><G57/><T97/><D111/><U79/><E79/><V98/><F98/><W100/><G100/><T81/><D85/><U88/><REACH who="1" step="1"/><E11/><AGARI ba="0,0" hai="11,13,16,44,49,54,81,82,94,95,96,97,101,103" machi="11" ten="30,7700,0" yaku="7,1,9,1,8,1,54,1" doraHai="37" who="0" fromWho="1" sc="230,77,250,-77,270,0,250,0" /><INIT seed="2,0,0,1,1,51" ten="307,173,270,250" oya="2" hai0="27,58,94,112,5,91,84,120,102,95,18,100,38" hai1="117,48,101,85,131,60,110,118,78,134,90,116,22" hai2="103,49,130,55,17,77,129,122,64,8,45,3,125" hai3="56,76,126,40,69,42,93,80,121,37,24,71,16"/><V113/><F113/><W65/><G121/><T132/><D120/><U109/><E60/><V96/><F122/><W86/><G126/><T35/><D38/><U19/><E78/><V63/><F63/><N who="3" m="38119" /><G37/><T34/><D112/><U47/><E101/><V20/><F64/><W107/><G107/><T59/><D5/><U111/><E131/><N who="2" m="50187" /><F77/><W123/><G71/><T61/><D132/><U87/><E134/><V15/><F125/><W83/><G69/><T79/><D79/><U119/><N who="1" m="30208" /><DORA hai="25" /><U52/><REACH who="1" step="1"/><E90/><REACH who="1" ten="307,163,270,250" step="2"/><V7/><F96/><W66/><G123/><T31/><D100/><AGARI ba="0,1" hai="3,7,8,15,17,20,45,49,55,100,103" m="50187" machi="100" ten="30,2900,0" yaku="19,1,52,1" doraHai="51,25" who="2" fromWho="0" sc="307,-29,163,0,270,39,250,0" /><INIT seed="2,1,0,2,3,35" ten="278,163,309,250" oya="2" hai0="16,64,18,121,77,3,63,86,40,127,98,100,60" hai1="114,6,49,65,126,69,128,51,13,34,54,57,9" hai2="97,22,76,61,58,89,24,59,20,0,67,104,91" hai3="62,80,88,131,132,25,134,31,94,125,11,95,4"/><V41/><F41/><W92/><G131/><T71/><D121/><U96/><E114/><V116/><F116/><W111/><G111/><T130/><D130/><U29/><E128/><V103/><F22/><W109/><G109/><T115/><D115/><U73/><E73/><V68/><F68/><W26/><G125/><T42/><D127/><U38/><E38/><V50/><F76/><W43/><G43/><T28/><D28/><U123/><E126/><V19/><F50/><W102/><G102/><T46/><D42/><U47/><E123/><V10/><REACH who="2" step="1"/><F58/><REACH who="2" ten="278,163,299,250" step="2"/><W90/><G132/><T84/><D40/><U17/><E69/><V75/><F75/><W14/><G134/><T122/><D77/><U117/><E51/><V124/><F124/><W85/><G26/><T23/><D71/><U99/><E49/><V5/><AGARI ba="1,1" hai="0,5,10,19,20,24,59,61,67,89,91,97,103,104" machi="5" ten="30,6000,0" yaku="1,1,0,1,52,1,53,0" doraHai="35" doraHaiUra="133" who="2" fromWho="2" sc="278,-21,163,-21,299,73,250,-21" /><INIT seed="2,2,0,3,5,69" ten="257,142,372,229" oya="2" hai0="121,135,12,40,123,64,36,48,8,82,52,10,96" hai1="94,83,6,28,125,97,127,87,55,3,31,71,1" hai2="109,11,59,84,45,49,130,80,85,88,19,22,86" hai3="113,92,90,73,33,89,122,34,61,118,77,108,58"/><V67/><F109/><W114/><G122/><T62/><D135/><U75/><E71/><V57/><F130/><W47/><G118/><T50/><D10/><U98/><E75/><V128/><F128/><W106/><G106/><T116/><D116/><U111/><E111/><V2/><F2/><W72/><G108/><T15/><D48/><U7/><E55/><V134/><F134/><W76/><G47/><T23/><D23/><U105/><E94/><V115/><F11/><W42/><G92/><T131/><D96/><U4/><E87/><V13/><F115/><W9/><G9/><T35/><D35/><U100/><E83/><V91/><F67/><W126/><G61/><T70/><D82/><U21/><E21/><V99/><F99/><N who="1" m="37897" /><E100/><V74/><F74/><W103/><G103/><T102/><D102/><U18/><E18/><V95/><F85/><W44/><G44/><N who="0" m="23559" /><D12/><U107/><E31/><V93/><F80/><W43/><REACH who="3" step="1"/><G58/><REACH who="3" ten="257,142,372,219" step="2"/><N who="0" m="33047" /><D131/><U132/><E132/><V27/><F27/><W56/><G56/><T65/><D65/><U112/><E107/><V68/><F68/><W17/><G17/><AGARI ba="2,1" hai="8,15,17,62,64,70,121,123" m="33047,23559" machi="17" ten="30,3900,0" yaku="24,1,52,1,54,1" doraHai="69" who="0" fromWho="3" sc="257,55,142,0,372,0,219,-45" /><INIT seed="3,0,0,4,0,27" ten="312,142,372,174" oya="3" hai0="107,83,119,130,126,93,129,6,58,33,41,56,72" hai1="87,23,14,37,52,128,90,118,100,62,131,71,101" hai2="59,65,84,121,125,36,104,48,80,51,105,55,97" hai3="135,76,103,42,106,94,45,57,0,75,35,32,25"/><W19/><G135/><T64/><D119/><U29/><E37/><V88/><F125/><W108/><G106/><T127/><D107/><U78/><E78/><V132/><F132/><W124/><G124/><N who="0" m="47659" /><D41/><U1/><E1/><V96/><F36/><W46/><G0/><T8/><D33/><U81/><E118/><V89/><F65/><W18/><G76/><N who="0" m="44423" /><D93/><U117/><E117/><V30/><F30/><W63/><G75/><T113/><D113/><U7/><E71/><V109/><F109/><W134/><G134/><T120/><D120/><U20/><E101/><V85/><F121/><W16/><G108/><T12/><D64/><U66/><E100/><V70/><F70/><W5/><G5/><T60/><D60/><U26/><E66/><V110/><F110/><W77/><G77/><T34/><D34/><U40/><E40/><V10/><F10/><W53/><G42/><T4/><D6/><U22/><E7/><V123/><F123/><W28/><REACH who="3" step="1"/><G35/><REACH who="3" ten="312,142,372,164" step="2"/><T39/><D39/><U50/><E131/><AGARI ba="0,1" hai="4,8,12,56,58,129,130,131" m="44423,47659" machi="131" ten="30,2000,0" yaku="19,1,18,1" doraHai="27" who="0" fromWho="1" sc="312,30,142,-20,372,0,164,0" /><INIT seed="4,0,0,5,1,1" ten="342,122,372,164" oya="0" hai0="11,38,95,63,85,8,59,43,55,111,119,126,30" hai1="71,45,42,2,57,31,90,33,39,83,27,0,78" hai2="13,47,62,14,130,18,107,99,133,122,37,61,116" hai3="50,106,108,75,25,110,70,53,29,56,76,67,4"/><T100/><D119/><U128/><E128/><V112/><F122/><W103/><G75/><T97/><D126/><U32/><E57/><V3/><F3/><W19/><G76/><T115/><D115/><U129/><E129/><V6/><F116/><W52/><G19/><T135/><D135/><U64/><E90/><V105/><F112/><W91/><G91/><T7/><D30/><U104/><E33/><V44/><F133/><W41/><G41/><T79/><D11/><U121/><E121/><V23/><F130/><W74/><G74/><T68/><D68/><U89/><E89/><V34/><F34/><N who="3" m="20783" /><G4/><T58/><D43/><U125/><E125/><V84/><F84/><W96/><G53/><N who="0" m="34255" /><D38/><U10/><E10/><V15/><F37/><W21/><G21/><T22/><D22/><U132/><E132/><V86/><F86/><W35/><G35/><T72/><D72/><U49/><E39/><V93/><F107/><W20/><G20/><T5/><D8/><U92/><E104/><V28/><F28/><W88/><G88/><T82/><D111/><U36/><E36/><V65/><F105/><W102/><G102/><T77/><D79/><U134/><E78/><V113/><F113/><W51/><G51/><AGARI ba="0,0" hai="5,7,51,55,59,77,82,85,95,97,100" m="34255" machi="51" ten="30,5800,0" yaku="8,1,52,2" doraHai="1" who="0" fromWho="3" sc="342,58,122,0,372,0,164,-58" /><INIT seed="4,1,0,1,2,109" ten="400,122,372,106" oya="0" hai0="26,60,68,47,57,124,111,118,21,128,18,5,69" hai1="84,112,50,91,41,45,54,53,96,51,44,7,77" hai2="25,49,6,30,106,121,37,113,78,89,31,48,132" hai3="2,98,81,24,125,114,122,71,15,10,72,55,97"/><T42/><D118/><U99/><E41/><V92/><F121/><W64/><G122/><T90/><D111/><U17/><E7/><V102/><F132/><W108/><G108/><T79/><D5/><U103/><E77/><V33/><F37/><W127/><G2/><T70/><D124/><N who="3" m="47689" /><G24/><T88/><D128/><U119/><E119/><V32/><F78/><N who="3" m="44231" /><G55/><T29/><D79/><U131/><E131/><V101/><F6/><N who="3" m="3543" /><G114/><T13/><D42/><U23/><E103/><V65/><F102/><W27/><G27/><T94/><D47/><U8/><E112/><V52/><F113/><W66/><G66/><T73/><D73/><U83/><REACH who="1" step="1"/><E8/><REACH who="1" ten="400,112,372,106" step="2"/><V115/><F65/><W80/><G64/><T56/><D70/><U67/><E67/><V85/><F115/><W74/><G71/><T63/><D69/><U34/><E34/><V135/><F101/><W36/><G36/><T28/><D68/><U11/><E11/><V19/><F106/><W107/><G107/><T20/><D90/><U133/><E133/><V61/><F61/><W43/><G43/><T104/><D60/><U1/><E1/><V14/><F135/><W117/><G117/><T120/><D104/><U59/><E59/><V58/><F49/><W110/><G110/><T22/><D57/><U86/><E86/><V82/><F33/><W93/><G74/><T75/><D75/><U134/><E134/><V0/><F0/><W3/><G3/><T116/><D116/><U123/><E123/><V16/><F32/><W105/><G105/><T76/><D120/><U129/><E129/><V4/><F4/><RYUUKYOKU ba="1,1" sc="400,-10,112,30,372,-10,106,-10" hai1="17,23,44,45,50,51,53,54,83,84,91,96,99" /><INIT seed="5,2,1,0,4,85" ten="390,142,362,96" oya="1" hai0="39,88,22,47,44,65,96,10,129,112,122,30,80" hai1="72,130,118,101,38,16,61,115,98,93,75,36,111" hai2="117,134,50,24,20,34,104,35,52,33,56,40,106" hai3="109,5,82,81,126,46,89,84,66,78,133,114,103"/><U86/><E118/><V21/><F117/><W62/><G109/><T94/><D39/><U60/><E38/><V92/><F134/><W83/><G114/><T113/><D122/><U51/><E36/><V69/><F69/><W79/><G126/><T100/><D65/><U7/><E115/><N who="0" m="44105" /><D129/><U74/><E130/><V0/><F0/><W12/><G46/><T90/><D10/><U49/><E7/><V48/><F21/><W135/><G103/><T26/><D80/><N who="3" m="30825" /><G12/><T31/><D31/><U25/><E86/><V119/><F119/><W29/><G5/><T68/><D68/><U105/><E105/><V32/><F34/><W13/><G13/><T15/><D15/><U77/><E77/><V41/><F41/><W23/><G23/><T14/><D14/><U76/><E76/><V17/><F40/><W54/><G29/><T6/><D6/><U45/><E111/><V99/><REACH who="2" step="1"/><F48/><REACH who="2" ten="390,142,352,96" step="2"/><W132/><G79/><T70/><D70/><U63/><E49/><V108/><F108/><W116/><G116/><T42/><D42/><U8/><E8/><V67/><F67/><W120/><G78/><T2/><D2/><U124/><E124/><V43/><F43/><W102/><G66/><T128/><D128/><U37/><E37/><V110/><F110/><W55/><G135/><T59/><D59/><U19/><E25/><V73/><F73/><W18/><G133/><T1/><D1/><U97/><E72/><V125/><F125/><W27/><G27/><T121/><D121/><U28/><E74/><V87/><F87/><W91/><G132/><T95/><D22/><RYUUKYOKU ba="2,2" sc="390,-10,142,-10,352,30,96,-10" hai2="17,20,24,32,33,35,50,52,56,92,99,104,106" /><INIT seed="6,3,2,4,0,13" ten="380,132,382,86" oya="2" hai0="23,131,14,92,95,111,38,44,65,134,104,116,67" hai1="100,61,25,71,97,80,21,2,103,54,117,73,94" hai2="43,130,6,89,64,37,90,35,76,115,132,68,81" hai3="12,9,34,50,57,124,113,51,26,8,31,27,114"/><V110/><F35/><N who="3" m="20983" /><G57/><T133/><D111/><U126/><E2/><V78/><F64/><N who="0" m="24650" /><D104/><U0/><E0/><V75/><F68/><W10/><G51/><T29/><D131/><U11/><E71/><V106/><F43/><W88/><G88/><T122/><D122/><U128/><E128/><V120/><F37/><W46/><G50/><T59/><D59/><N who="1" m="35063" /><E73/><V17/><F130/><W99/><G46/><T4/><D4/><U36/><E36/><V53/><F53/><W58/><G99/><T105/><D105/><U135/><E11/><N who="3" m="4170" /><G58/><T129/><D95/><U42/><E42/><V40/><F40/><W107/><G107/><T39/><D14/><U60/><E60/><V55/><F55/><W119/><G119/><T66/><D23/><U16/><E117/><V63/><F63/><W45/><G45/><T62/><D29/><U32/><E103/><V118/><F118/><W86/><G86/><T41/><D129/><U108/><E100/><V19/><F110/><W30/><G124/><T79/><D92/><U49/><E126/><V91/><F75/><W47/><G47/><T77/><D116/><U7/><E97/><V102/><F106/><W28/><G28/><T70/><D38/><U82/><E94/><V93/><F93/><W121/><G121/><T127/><D127/><U48/><E82/><V5/><F120/><W22/><G34/><T24/><D62/><U125/><E32/><V20/><F81/><W98/><G98/><T123/><D70/><U33/><E80/><V18/><F102/><W83/><G83/><T85/><D66/><U112/><E125/><RYUUKYOKU ba="3,2" sc="380,-10,132,-10,382,-10,86,30" hai3="10,12,22,27,30,113,114" /><INIT seed="7,4,2,5,5,43" ten="370,122,372,116" oya="3" hai0="74,4,47,44,55,79,24,132,11,98,124,129,76" hai1="10,48,118,39,126,50,46,114,101,73,16,27,54" hai2="2,96,22,135,58,112,34,13,119,83,52,123,131" hai3="0,51,21,18,109,90,35,94,28,95,60,89,59"/><W61/><G0/><T14/><D74/><U113/><E73/><V85/><F119/><W86/><G109/><T120/><D120/><U68/><E68/><V116/><F2/><W75/><G75/><T3/><D129/><U37/><E118/><V78/><F116/><W111/><G111/><T102/><D124/><U92/><E126/><V99/><F123/><W6/><G6/><T30/><D132/><U69/><E69/><V80/><F135/><W71/><G71/><T41/><D55/><U108/><E108/><V62/><F34/><W133/><G133/><T70/><D47/><U117/><E117/><V97/><F112/><N who="1" m="43113" /><E50/><V127/><F127/><W20/><G35/><T87/><D87/><U64/><E64/><V81/><F131/><W106/><G106/><T72/><D72/><U63/><E63/><N who="3" m="24138" /><G18/><AGARI ba="4,2" hai="13,18,22,52,58,62,78,80,81,83,85,96,97,99" machi="18" ten="40,2600,0" yaku="8,1,54,1" doraHai="43" who="2" fromWho="3" sc="370,0,122,0,372,58,116,-38" owari="370,17.0,122,-28.0,430,53.0,78,-42.0" /></mjloggm>