<mjloggm ver="2.3"><GO type="97" lobby="0"/><UN n0="%E3%82%A6%E3%83%AB%E3%83%88%E3%83%A9%E7%AB%8B%E7%9B%B4" n1="%E3%81%9F%E3%81%8B%E3%81%B2%E3%82%8D%EF%BC%A0%E7%A0%94%E7%A9%B6%E9%A4%A8" n2="%E3%83%97%E3%82%AD%E3%83%A3%E3%83%8A%E3%83%B3" n3="%E3%83%89%E3%83%AD%E3%81%93" dan="15,15,15,14" rate="1993.08,2016.35,2026.20,1994.08" sx="M,M,M,M"/><TAIKYOKU oya="0"/><INIT seed="0,0,0,1,4,23" ten="250,250,250,250" oya="0" hai0="83,55,89,68,98,79,113,52,15,31,124,129,60" hai1="36,30,12,86,77,45,82,94,95,26,96,73,22" hai2="3,48,91,120,99,115,133,107,109,27,130,0,110" hai3="41,75,134,90,135,116,14,5,42,39,47,131,33"/><T123/><D123/><U32/><E36/><V69/><F120/><W132/><G116/><T88/><D113/><U19/><E45/><V72/><F115/><W2/><G2/><T43/><D43/><U21/><E73/><V103/><F72/><W62/><G75/><T97/><D124/><U56/><E96/><N who="0" m="36969" /><D129/><U128/><E128/><V17/><F130/><W46/><G131/><T119/><D68/><U57/><REACH who="1" step="1"/><E32/><REACH who="1" ten="250,240,250,250" step="2"/><V16/><F110/><W61/><G33/><T84/><D119/><U58/><AGARI ba="0,1" hai="12,19,21,22,26,30,56,57,58,77,82,86,94,95" machi="58" ten="30,12000,2" yaku="1,1,2,1,0,1,8,1,52,1,53,1" doraHai="23" doraHaiUra="78" who="1" fromWho="1" sc="250,-60,240,130,250,-30,250,-30" /><INIT seed="1,0,0,2,5,3" ten="190,370,220,220" oya="1" hai0="49,92,102,71,129,37,111,79,135,95,55,130,0" hai1="116,58,2,90,131,81,68,59,20,43,51,31,45" hai2="48,89,41,99,52,83,25,8,134,32,16,85,66" hai3="123,42,26,47,127,5,1,110,23,35,72,65,27"/><U50/><E68/><V122/><F122/><W120/><G72/><T56/><D71/><U93/><E116/><V39/><F39/><W108/><G65/><T118/><D37/><U17/><E2/><V36/><F36/><W100/><G100/><T22/><D118/><U46/><E81/><V24/><F134/><W29/><G47/><T117/><D117/><U61/><E31/><V75/><F75/><W13/><G42/><T82/><D135/><U4/><E4/><V28/><F41/><W14/><G127/><T112/><D112/><U10/><E10/><V115/><F115/><W63/><G63/><T73/><D111/><N who="3" m="42537" /><G1/><T107/><D0/><U87/><E131/><N who="0" m="50185" /><D22/><U97/><E97/><AGARI ba="0,0" hai="49,55,56,73,79,82,92,95,97,102,107" m="50185" machi="97" ten="30,1000,0" yaku="19,1" doraHai="3" who="0" fromWho="1" sc="190,10,370,-10,220,0,220,0" /><INIT seed="2,0,0,0,1,7" ten="200,360,220,220" oya="2" hai0="2,69,50,117,38,8,60,4,33,76,3,11,61" hai1="114,102,13,65,83,86,91,5,31,106,49,52,94" hai2="22,45,21,26,16,79,73,93,116,82,108,19,80" hai3="90,48,74,59,109,131,10,28,57,127,67,40,135"/><V9/><F116/><W63/><G109/><T128/><D117/><U47/><E114/><V118/><F118/><W17/><G74/><T81/><D128/><U119/><E119/><V15/><F108/><W29/><G131/><T42/><D50/><U6/><E106/><V46/><F82/><W134/><G127/><T100/><D100/><U98/><E31/><V41/><F41/><W92/><G40/><T66/><D60/><U132/><E132/><N who="3" m="50730" /><G48/><T130/><D33/><U62/><E13/><V55/><F55/><W111/><G57/><AGARI ba="0,0" hai="5,6,47,49,52,57,62,65,83,86,91,94,98,102" machi="57" ten="30,3900,0" yaku="7,1,8,1,54,1" doraHai="7" who="1" fromWho="3" sc="200,0,360,39,220,0,220,-39" /><INIT seed="3,0,0,4,4,83" ten="200,399,220,181" oya="3" hai0="91,37,109,54,27,107,29,127,95,8,0,81,134" hai1="78,18,46,42,17,40,39,131,68,85,121,64,12" hai2="71,87,100,125,48,3,21,89,118,22,76,1,52" hai3="90,114,108,9,73,79,49,88,15,120,67,11,13"/><W92/><G120/><T119/><D107/><U99/><E121/><V57/><F118/><W58/><G114/><T80/><D37/><U28/><E131/><V35/><F71/><W104/><G104/><T63/><D119/><U34/><E42/><V69/><F35/><W56/><G108/><T66/><D109/><U55/><E28/><V122/><F69/><W82/><G90/><T47/><D127/><U113/><E34/><V23/><F122/><W72/><G72/><T132/><D8/><U60/><E113/><V4/><F125/><W130/><G130/><T94/><D0/><U124/><E124/><V112/><F112/><W126/><G126/><T74/><D95/><U14/><E99/><V115/><F115/><W45/><G9/><T101/><D101/><U51/><E78/><V111/><F111/><W123/><G123/><T65/><D74/><U44/><REACH who="1" step="1"/><E85/><REACH who="1" ten="200,389,220,181" step="2"/><V26/><F76/><W33/><G33/><T135/><D135/><U70/><E70/><V116/><F87/><W129/><G129/><T105/><D132/><U10/><E10/><V19/><F116/><W38/><G38/><T7/><D134/><U106/><E106/><V2/><F100/><W75/><G75/><T5/><D105/><U50/><E50/><V103/><F48/><W31/><G31/><T84/><D63/><U59/><E59/><N who="3" m="22570" /><G67/><T41/><D66/><U77/><E77/><V16/><F103/><W32/><G32/><N who="0" m="20543" /><D65/><U97/><E97/><V93/><F57/><W61/><G11/><T43/><D43/><U6/><E6/><N who="0" m="2057" /><D41/><U102/><E102/><V117/><F117/><RYUUKYOKU ba="0,1" sc="200,15,389,15,220,-15,181,-15" hai0="47,54,80,81,84,91,94" hai1="12,14,17,18,39,40,44,46,51,55,60,64,68" owari="215,2.0,414,50.0,205,-19.0,166,-33.0" /></mjloggm>