<mjloggm ver="2.3"><GO type="97" lobby="0"/><UN n0="%E3%82%B1%E3%83%8E%E3%83%B3" n1="%77%69%74%74" n2="%E3%82%A6%E3%83%AB%E3%83%88%E3%83%A9%E7%AB%8B%E7%9B%B4" n3="%E3%82%B8%E3%83%A5%E3%83%A9%E3%82%A4" dan="14,14,15,15" rate="1937.20,1955.84,2021.19,2006.09" sx="M,M,M,M"/><TAIKYOKU oya="0"/><INIT seed="0,0,0,2,0,117" ten="250,250,250,250" oya="0" hai0="26,1,59,19,70,60,114,69,38,98,123,27,11" hai1="108,91,37,50,121,82,73,2,132,20,127,106,112" hai2="45,79,84,130,48,56,55,25,111,87,3,118,43" hai3="21,88,29,61,62,135,52,99,65,51,100,41,15"/><T30/><D123/><U75/><RYUUKYOKU type="yao9" ba="0,0" sc="250,0,250,0,250,0,250,0" hai1="2,20,37,50,73,75,82,91,106,108,112,121,127,132" /><INIT seed="0,1,0,4,2,85" ten="250,250,250,250" oya="0" hai0="110,83,114,102,41,7,127,91,53,96,122,115,69" hai1="50,101,90,112,16,51,131,18,100,117,60,9,124" hai2="67,71,95,45,93,31,80,87,119,116,92,54,6" hai3="34,75,13,35,19,14,132,63,72,55,73,99,40"/><T47/><D122/><U111/><E117/><N who="2" m="45131" /><F31/><W21/><G132/><T65/><D127/><U79/><E124/><V97/><F6/><W4/><G40/><T120/><D120/><U70/><E111/><V29/><F29/><W121/><G121/><T106/><D110/><U130/><E112/><V109/><F109/><W49/><G63/><T24/><D7/><U12/><E79/><V135/><F135/><W76/><G76/><T86/><D24/><U98/><E18/><V81/><F67/><W15/><G4/><T5/><D5/><U25/><E25/><V17/><F71/><W26/><REACH who="3" step="1"/><G99/><REACH who="3" ten="250,250,250,240" step="2"/><T39/><REACH who="0" step="1"/><D53/><REACH who="0" ten="240,250,250,240" step="2"/><U123/><E123/><V62/><F54/><W64/><G64/><T88/><D88/><U134/><E90/><V11/><F97/><W0/><G0/><T113/><D113/><U1/><E1/><V128/><F128/><N who="1" m="49193" /><E134/><V10/><F17/><W43/><G43/><T61/><AGARI ba="1,2" hai="39,41,47,61,65,69,83,86,91,96,102,106,114,115" machi="61" ten="30,6000,0" yaku="1,1,0,1,52,1,53,0" doraHai="85" doraHaiUra="74" who="0" fromWho="0" sc="240,83,250,-21,250,-21,240,-21" /><INIT seed="0,2,0,1,2,92" ten="323,229,229,219" oya="0" hai0="118,107,57,4,33,22,127,111,77,122,65,133,131" hai1="18,38,91,25,7,89,126,58,27,95,120,62,97" hai2="86,106,119,50,15,117,94,29,47,37,52,110,79" hai3="14,96,114,31,35,32,19,8,67,87,12,44,10"/><T115/><RYUUKYOKU type="yao9" ba="2,0" sc="323,0,229,0,229,0,219,0" hai0="4,22,33,57,65,77,107,111,115,118,122,127,131,133" /><INIT seed="0,3,0,1,3,18" ten="323,229,229,219" oya="0" hai0="76,110,77,127,112,49,65,50,40,2,41,109,14" hai1="51,53,13,72,52,95,31,45,96,48,43,0,81" hai2="28,99,78,131,83,68,34,134,94,69,15,71,59" hai3="33,123,115,82,66,124,6,84,23,10,20,46,44"/><T19/><D127/><U114/><E0/><V11/><F28/><W39/><G115/><T88/><D2/><U35/><E114/><V128/><F34/><W63/><G33/><T125/><D125/><U97/><E13/><V106/><F59/><N who="3" m="37247" /><G124/><T55/><D112/><U116/><E116/><V91/><F106/><W133/><G39/><T104/><D104/><U107/><E107/><V38/><F38/><W8/><G123/><T90/><D65/><U118/><E118/><V119/><F119/><W103/><G103/><T73/><D73/><U100/><E100/><V121/><F121/><W117/><G117/><T26/><D26/><U87/><E72/><V1/><F1/><W79/><G133/><T16/><REACH who="0" step="1"/><D55/><REACH who="0" ten="313,229,229,219" step="2"/><U22/><E53/><V74/><F134/><W80/><G6/><T7/><D7/><U36/><E52/><V120/><F120/><W93/><G44/><T4/><D4/><U105/><E43/><V25/><F25/><W56/><G46/><T61/><D61/><U57/><E45/><V135/><F135/><W111/><G56/><T32/><D32/><U130/><E57/><V129/><F71/><W60/><G60/><T113/><D113/><U102/><E35/><V5/><AGARI ba="3,1" hai="5,11,15,68,69,74,78,83,91,94,99,128,129,131" machi="5" ten="30,2000,0" yaku="0,1,19,1" doraHai="18" who="2" fromWho="2" sc="313,-13,229,-8,229,39,219,-8" /><INIT seed="1,0,0,5,4,126" ten="300,221,268,211" oya="1" hai0="35,101,122,10,107,94,27,112,60,108,6,75,16" hai1="32,81,84,21,0,3,70,15,14,111,24,19,124" hai2="37,65,127,1,5,95,132,77,115,125,87,34,40" hai3="131,78,4,103,102,44,92,63,43,79,30,23,54"/><U11/><E70/><V20/><F34/><W69/><G4/><T33/><D112/><U38/><E38/><V110/><F115/><W36/><G131/><T72/><D107/><U8/><E124/><V71/><F20/><W12/><G103/><T97/><D122/><U68/><E68/><V120/><F95/><W117/><G117/><T55/><D108/><U86/><E86/><V135/><F87/><W114/><G114/><T57/><D35/><U13/><E84/><V56/><F77/><W74/><G74/><T106/><D106/><U53/><E81/><V88/><F88/><W113/><G113/><T93/><D93/><U18/><E53/><V134/><F5/><W28/><G28/><T2/><REACH who="0" step="1"/><D33/><REACH who="0" ten="290,221,268,211" step="2"/><U109/><E32/><V130/><F110/><N who="1" m="41993" /><E14/><V42/><F127/><W64/><G92/><T85/><D85/><U118/><E118/><V9/><F125/><W48/><G102/><T100/><D100/><U89/><E89/><V46/><F134/><W59/><REACH who="3" step="1"/><G12/><REACH who="3" ten="290,221,268,201" step="2"/><T67/><D67/><U123/><E123/><V50/><F65/><W25/><AGARI ba="0,2" hai="23,25,30,36,43,44,48,54,59,63,64,69,78,79" machi="25" ten="30,12000,2" yaku="1,1,2,1,0,1,24,2,53,1" doraHai="126" doraHaiUra="61" who="3" fromWho="3" sc="290,-30,221,-60,268,-30,201,140" /><INIT seed="2,0,0,3,2,77" ten="260,161,238,341" oya="2" hai0="85,49,2,84,53,23,56,10,50,117,32,4,0" hai1="97,75,100,7,92,35,128,51,44,27,31,134,115" hai2="9,48,24,64,114,8,111,106,110,55,95,74,28" hai3="34,116,14,133,103,76,46,17,112,36,40,66,62"/><V120/><F106/><W33/><G116/><T22/><D22/><U52/><E115/><V57/><F120/><W42/><G133/><T12/><D117/><U29/><E134/><V131/><F114/><W93/><G112/><T105/><D32/><U108/><E108/><N who="2" m="41515" /><F131/><W18/><G42/><T96/><D105/><U70/><E128/><V119/><F119/><W45/><G45/><T130/><D130/><U82/><E70/><V124/><F124/><W121/><G121/><T71/><D71/><U6/><REACH who="1" step="1"/><E31/><REACH who="1" ten="260,151,238,341" step="2"/><V1/><F1/><W43/><G36/><T15/><D0/><U123/><E123/><V126/><F126/><W118/><G118/><T30/><D30/><U87/><E87/><V59/><F74/><W107/><G33/><T63/><D85/><U90/><E90/><V83/><F95/><W104/><G34/><T5/><D84/><U73/><E73/><V21/><F83/><W25/><G93/><T129/><D2/><U69/><E69/><V132/><F132/><W81/><G107/><T37/><D129/><U99/><E99/><V98/><F98/><W94/><G94/><T61/><D96/><U80/><E80/><V26/><F26/><W127/><G127/><T13/><D15/><U89/><E89/><V91/><F91/><W125/><G125/><T113/><D13/><U47/><E47/><V79/><F79/><AGARI ba="0,1" hai="6,7,27,29,35,44,51,52,75,79,82,92,97,100" machi="79" ten="40,5200,0" yaku="1,1,52,1,54,1,53,0" doraHai="77" doraHaiUra="19" who="1" fromWho="2" sc="260,0,151,62,238,-52,341,0" /><INIT seed="3,0,0,5,5,86" ten="260,213,186,341" oya="3" hai0="40,58,100,71,106,127,65,103,33,12,50,66,56" hai1="21,97,79,39,30,31,51,85,46,104,117,84,90" hai2="107,75,81,7,83,18,26,38,113,135,98,62,13" hai3="77,122,114,42,121,131,88,54,70,10,44,25,45"/><W130/><G70/><T73/><D73/><U29/><E39/><V80/><F75/><W68/><G68/><T61/><D12/><U1/><E1/><V15/><F38/><W64/><G64/><T49/><D100/><U55/><E117/><V11/><F113/><W0/><G114/><T115/><D103/><U27/><E104/><V120/><F120/><W129/><G77/><T72/><D72/><U125/><E125/><V91/><F135/><W116/><G116/><T23/><D23/><U92/><REACH who="1" step="1"/><E79/><REACH who="1" ten="260,203,186,341" step="2"/><V74/><F74/><W32/><G122/><T89/><D106/><U94/><E94/><N who="2" m="56671" /><F107/><W4/><G121/><T99/><D127/><U52/><E52/><V133/><F133/><W128/><G54/><T48/><D40/><U87/><AGARI ba="0,1" hai="21,27,29,30,31,46,51,55,84,85,87,90,92,97" machi="87" ten="30,7900,0" yaku="1,1,0,1,8,1,52,1,53,0" doraHai="86" doraHaiUra="14" who="1" fromWho="1" sc="260,-20,203,89,186,-20,341,-39" owari="240,-16.0,292,9.0,166,-33.0,302,40.0" /></mjloggm>