<mjloggm ver="2.3"><GO type="97" lobby="0"/><UN n0="%74%65%6E%6E%69" n1="%E3%82%A6%E3%83%AB%E3%83%88%E3%83%A9%E7%AB%8B%E7%9B%B4" n2="%57%61%6C%63%6F%74%74" n3="%67%61%72%75%34%37" dan="14,15,14,13" rate="1945.16,1986.88,1842.41,1905.51" sx="M,M,M,M"/><TAIKYOKU oya="0"/><INIT seed="0,0,0,4,1,4" ten="250,250,250,250" oya="0" hai0="102,86,40,5,12,85,10,69,0,131,20,56,127" hai1="122,110,8,31,99,101,55,125,36,50,84,13,82" hai2="112,2,49,100,33,76,130,62,67,45,93,105,89" hai3="71,132,46,83,29,81,18,44,53,124,128,98,94"/><T123/><D69/><U74/><E36/><V38/><F112/><W7/><G124/><T32/><D123/><U118/><E125/><V80/><F38/><W63/><G29/><T103/><D127/><U11/><E110/><V60/><F2/><W22/><G132/><T79/><D32/><U68/><E68/><V35/><F130/><W6/><G128/><T119/><D119/><U111/><E74/><V1/><F1/><W77/><G71/><T121/><D121/><U23/><E111/><V27/><F27/><W135/><G135/><T51/><D131/><U120/><E118/><V47/><F62/><W107/><G107/><T34/><D34/><U61/><E61/><V65/><F47/><W59/><G46/><N who="0" m="26055" /><D56/><U52/><E120/><V92/><F67/><W97/><G44/><T9/><D0/><U91/><E122/><V42/><F105/><W88/><G98/><T16/><D5/><N who="3" m="1545" /><G77/><T26/><D79/><U115/><E115/><V39/><F39/><W57/><G57/><T72/><D72/><U96/><E96/><V43/><F43/><W126/><G126/><T87/><D26/><AGARI ba="0,0" hai="18,22,26,53,59,63,81,83,88,94,97" m="1545" machi="26" ten="30,3900,0" yaku="25,1,8,1,54,1" doraHai="4" who="3" fromWho="0" sc="250,-39,250,0,250,0,250,39" /><INIT seed="1,0,0,5,4,77" ten="211,250,250,289" oya="1" hai0="104,110,81,123,98,94,107,116,11,10,89,62,56" hai1="63,119,59,133,21,97,46,45,24,99,92,90,135" hai2="128,51,112,111,113,65,103,37,109,19,29,86,78" hai3="33,38,23,79,91,74,88,134,122,31,68,71,36"/><U54/><E99/><V32/><F37/><W84/><G33/><T115/><D116/><U8/><E119/><V40/><F103/><W93/><G122/><T85/><D115/><N who="2" m="44106" /><F65/><W13/><G134/><N who="1" m="51210" /><E8/><V66/><F66/><W102/><G102/><T127/><D127/><U53/><E53/><V39/><F39/><W55/><G38/><T101/><D110/><N who="2" m="41994" /><F128/><W121/><G36/><T48/><D123/><U67/><E67/><V108/><F19/><AGARI ba="0,0" hai="19,21,24,45,46,54,59,63,90,92,97" m="51210" machi="19" ten="30,2900,0" yaku="25,1,20,1" doraHai="77" who="1" fromWho="2" sc="211,0,250,29,250,-29,289,0" /><INIT seed="1,1,0,0,5,43" ten="211,279,221,289" oya="1" hai0="99,108,101,18,104,63,40,97,128,113,122,57,126" hai1="7,85,19,82,11,68,91,30,79,16,60,50,1" hai2="3,35,47,34,106,38,66,58,21,24,46,62,23" hai3="133,81,59,124,116,109,83,105,125,73,117,118,49"/><U26/><E50/><V134/><F3/><W17/><G105/><T98/><D113/><U36/><E36/><V33/><F106/><W80/><G109/><T95/><D122/><U135/><E135/><V67/><F38/><W78/><G133/><T90/><D108/><U129/><E129/><V28/><F134/><W29/><G29/><T69/><D69/><U72/><E60/><V88/><F67/><W130/><G130/><T103/><D126/><N who="3" m="48745" /><G17/><T13/><D128/><U52/><E52/><AGARI ba="1,0" hai="49,52,59,73,78,80,81,83,116,117,118" m="48745" machi="52" ten="40,5200,0" yaku="12,1,18,1,54,1" doraHai="43" who="3" fromWho="1" sc="211,0,279,-55,221,0,289,55" /><INIT seed="2,0,0,1,3,98" ten="211,224,221,344" oya="2" hai0="73,100,7,43,77,56,65,80,37,55,109,34,130" hai1="83,35,105,23,24,92,31,120,114,16,17,2,38" hai2="108,113,79,30,67,132,101,22,9,50,133,81,68" hai3="27,42,93,125,45,21,71,117,4,111,33,29,44"/><V87/><F113/><W12/><G111/><T54/><D34/><U26/><E105/><V47/><F9/><W95/><G71/><T19/><D19/><N who="1" m="12415" /><E38/><V63/><F22/><W126/><G117/><T103/><D65/><U46/><E83/><V14/><F14/><W58/><G58/><T5/><D109/><U15/><E92/><V84/><F108/><W64/><G64/><T131/><D55/><U135/><E46/><V10/><F10/><N who="3" m="4167" /><G33/><T118/><D118/><U6/><E114/><V70/><F30/><W18/><G29/><T86/><D73/><U51/><E51/><V116/><F116/><W40/><G126/><T48/><D37/><U20/><E120/><V102/><F70/><W74/><G74/><T94/><D43/><N who="3" m="16425" /><G125/><T1/><D1/><U57/><E57/><V119/><F87/><W60/><G60/><T96/><REACH who="0" step="1"/><D103/><REACH who="0" ten="201,224,221,344" step="2"/><U106/><E17/><V127/><F119/><W88/><G18/><T72/><D72/><U82/><E35/><V53/><REACH who="2" step="1"/><F127/><REACH who="2" ten="201,224,211,344" step="2"/><W104/><G21/><T122/><D122/><U28/><E20/><V134/><AGARI ba="0,2" hai="47,50,53,63,67,68,79,81,84,101,102,132,133,134" machi="134" ten="30,18000,2" yaku="1,1,2,1,0,1,20,1,52,2,53,1" doraHai="98" doraHaiUra="62" who="2" fromWho="2" sc="201,-60,224,-60,211,200,344,-60" /><INIT seed="2,1,0,3,0,118" ten="141,164,411,284" oya="2" hai0="9,91,52,103,80,128,11,19,111,56,23,46,14" hai1="20,126,84,64,22,37,90,24,82,116,2,49,92" hai2="94,99,115,124,105,70,16,61,117,34,3,67,42" hai3="130,133,55,74,81,86,101,45,108,125,104,83,48"/><V7/><F117/><W54/><G108/><T32/><D32/><U73/><E37/><V1/><F115/><W100/><G133/><T98/><D111/><U25/><E2/><V41/><F124/><W131/><G125/><T79/><D46/><U6/><E116/><V72/><F72/><W102/><G74/><T59/><D128/><N who="3" m="49193" /><G83/><T27/><D91/><U12/><E126/><V62/><F62/><W123/><G123/><T33/><D33/><U17/><E64/><V93/><F93/><W30/><G30/><T21/><D59/><U57/><E73/><V132/><F132/><W119/><G119/><T76/><D79/><U40/><E6/><V69/><F69/><W29/><G29/><T60/><D80/><U120/><E120/><V87/><F34/><W96/><G54/><T44/><D44/><U35/><E35/><V135/><F135/><W68/><G68/><T31/><REACH who="0" step="1"/><D76/><AGARI ba="1,0" hai="45,48,55,76,81,86,96,100,101,102,104" m="49193" machi="76" ten="30,1000,0" yaku="19,1" doraHai="118" who="3" fromWho="0" sc="141,-13,164,0,411,0,284,13" /><INIT seed="3,0,0,5,4,126" ten="128,164,411,297" oya="3" hai0="43,129,82,70,78,133,7,62,118,10,123,108,28" hai1="91,135,44,95,65,127,94,26,41,4,40,92,116" hai2="119,102,12,19,30,23,131,72,53,48,24,98,81" hai3="18,90,93,68,60,128,47,109,80,107,132,79,111"/><W37/><G107/><T33/><D118/><U121/><E121/><V36/><F36/><W96/><G132/><T113/><D123/><U100/><E135/><V50/><F119/><W69/><G18/><T20/><D43/><N who="1" m="16459" /><E127/><V29/><F131/><W35/><G35/><T76/><D113/><U56/><E116/><V124/><F124/><W106/><G106/><T110/><D133/><U31/><E44/><V85/><F72/><N who="3" m="43111" /><G47/><T67/><D76/><U46/><E46/><N who="2" m="27799" /><F50/><W99/><G37/><T86/><D20/><N who="1" m="15815" /><E4/><V84/><F24/><W89/><G60/><T130/><D28/><N who="2" m="10858" /><F81/><W122/><G122/><T55/><D55/><U61/><E100/><V13/><F13/><W88/><G128/><N who="0" m="49259" /><D33/><U5/><E5/><V42/><F42/><W54/><G54/><T2/><AGARI ba="0,0" hai="2,7,10,62,67,70,78,82,86,108,110" m="49259" machi="2" ten="30,7900,0" yaku="19,1,52,3" doraHai="126" who="0" fromWho="0" sc="128,79,164,-20,411,-20,297,-39" owari="207,-19.0,144,-36.0,391,49.0,258,6.0" /></mjloggm>