<mjloggm ver="2.3"><GO type="97" lobby="0"/><UN n0="%E3%82%A6%E3%83%AB%E3%83%88%E3%83%A9%E7%AB%8B%E7%9B%B4" n1="%79%75%2D%2D%2D%2D%2D%75" n2="%61%67%6F%64%61%71%E2%97%86" n3="%E5%AE%89%E6%B3%B0%EF%BC%92" dan="15,14,13,14" rate="2006.26,1965.37,1827.38,1920.18" sx="M,M,M,M"/><TAIKYOKU oya="0"/><INIT seed="0,0,0,2,0,108" ten="250,250,250,250" oya="0" hai0="17,59,132,34,129,65,123,58,48,38,23,36,24" hai1="42,67,128,46,37,92,47,45,12,109,75,97,76" hai2="111,66,60,25,96,113,95,112,28,18,104,127,126" hai3="49,74,102,61,27,130,93,40,114,11,1,103,41"/><T33/><D123/><U88/><E109/><V68/><F111/><W107/><G107/><T99/><D129/><U81/><E128/><V125/><F18/><W9/><G74/><T30/><D132/><U89/><E67/><V134/><F134/><W121/><G121/><T82/><D34/><U120/><E120/><V8/><F8/><W84/><G130/><T64/><D64/><U53/><E53/><V35/><F104/><W6/><G9/><T15/><D59/><U78/><E78/><V73/><F73/><W32/><G61/><T83/><D99/><U5/><E5/><V3/><F3/><W51/><G114/><T133/><D133/><U56/><E56/><V62/><F62/><W122/><G122/><T52/><REACH who="0" step="1"/><D65/><REACH who="0" ten="240,250,250,250" step="2"/><U43/><E43/><V135/><F135/><W98/><G41/><T50/><D50/><U85/><REACH who="1" step="1"/><E12/><REACH who="1" ten="240,240,250,250" step="2"/><V90/><AGARI ba="0,2" hai="25,28,35,60,66,68,90,95,96,112,113,125,126,127" machi="90" ten="30,7900,0" yaku="0,1,18,1,52,2" doraHai="108" who="2" fromWho="2" sc="240,-39,240,-20,250,99,250,-20" /><INIT seed="1,0,0,3,2,111" ten="201,220,349,230" oya="1" hai0="17,0,13,66,116,12,84,86,124,35,59,3,30" hai1="120,77,85,110,24,132,5,64,21,14,98,56,100" hai2="92,70,48,44,61,88,73,82,29,8,31,133,55" hai3="4,11,10,58,134,16,49,113,106,128,79,112,97"/><U95/><E120/><V135/><F8/><W1/><G134/><N who="2" m="51209" /><F70/><W60/><G128/><T2/><D116/><U96/><E132/><V122/><F122/><W81/><G49/><T67/><D124/><U57/><E110/><V62/><F73/><W104/><G104/><T25/><D59/><U102/><E5/><V32/><F82/><W40/><G40/><T83/><D13/><U125/><E14/><V19/><F19/><W46/><G46/><T108/><D108/><U71/><E125/><V80/><F80/><W69/><G69/><T7/><D7/><U118/><E118/><V72/><F72/><W127/><G127/><T41/><D41/><U117/><E117/><V37/><F32/><W9/><G9/><T131/><D131/><U114/><E71/><V51/><F51/><W68/><G68/><T47/><D47/><U26/><E26/><V109/><F109/><W33/><G33/><T115/><D84/><U89/><E77/><V75/><F75/><W119/><G119/><T45/><D45/><U18/><E114/><V103/><F103/><N who="1" m="39465" /><E64/><V53/><F37/><W38/><G38/><T6/><D115/><U23/><E23/><V63/><F55/><W105/><G105/><T93/><D6/><U94/><E98/><AGARI ba="0,0" hai="29,31,44,48,53,61,62,63,88,92,98" m="51209" machi="98" ten="30,2000,0" yaku="20,1,54,1" doraHai="111" who="2" fromWho="1" sc="201,0,220,-20,349,20,230,0" /><INIT seed="2,0,0,4,0,97" ten="201,200,369,230" oya="2" hai0="28,83,33,54,77,52,3,14,62,104,82,40,15" hai1="119,24,71,48,85,79,30,133,23,6,111,26,109" hai2="64,110,117,87,27,51,65,32,89,75,127,128,57" hai3="100,25,76,34,44,47,68,9,29,96,73,101,22"/><V0/><F75/><W13/><G68/><T107/><D3/><U81/><E119/><V123/><F0/><W95/><G76/><T5/><D40/><U126/><E71/><V103/><F103/><W42/><G73/><T60/><D33/><U132/><E6/><V78/><F78/><W131/><G131/><T16/><D28/><U58/><E126/><V74/><F74/><W116/><G116/><T90/><D77/><U70/><E70/><V94/><F127/><W10/><G34/><T56/><D5/><U121/><E121/><V61/><F123/><W125/><G125/><T49/><D49/><U129/><E129/><V106/><F106/><W112/><G112/><T67/><D67/><U39/><E39/><V113/><F51/><N who="3" m="27031" /><G47/><T108/><D108/><U63/><E48/><V50/><F50/><W43/><G43/><T7/><D7/><U21/><E111/><V134/><F110/><W120/><G120/><T118/><D118/><U98/><E109/><V69/><F113/><W45/><G45/><T46/><D46/><U11/><E11/><N who="3" m="4106" /><G13/><T1/><D1/><U38/><E38/><V18/><F128/><W19/><G29/><T102/><D56/><U88/><E79/><V4/><F69/><W135/><G135/><T37/><D37/><U84/><E84/><V12/><F134/><W36/><G36/><T31/><D31/><U53/><REACH who="1" step="1"/><E98/><REACH who="1" ten="201,190,369,230" step="2"/><V72/><F87/><W66/><G66/><T115/><D115/><U92/><E92/><V17/><F65/><W93/><G95/><T114/><D114/><U86/><E86/><V124/><F117/><RYUUKYOKU ba="0,1" sc="201,-15,190,15,369,-15,230,15" hai1="21,23,24,26,30,53,58,63,81,85,88,132,133" hai3="19,22,25,93,96,100,101" /><INIT seed="3,1,1,3,4,110" ten="186,205,354,245" oya="3" hai0="15,29,40,125,69,35,104,73,88,6,44,78,80" hai1="92,56,124,77,130,26,1,95,0,57,122,54,31" hai2="32,3,128,72,46,112,90,101,41,19,49,21,37" hai3="50,81,43,74,58,52,132,34,89,116,25,109,5"/><W60/><G116/><T84/><D69/><U28/><E122/><V68/><F112/><W83/><G109/><T12/><D104/><U97/><E124/><V20/><F32/><W67/><G132/><T107/><D107/><U91/><E130/><V70/><F101/><W17/><G5/><T47/><D125/><U121/><E121/><V99/><F72/><W123/><G123/><T11/><D29/><U64/><E77/><V103/><F3/><W85/><G74/><T105/><D105/><U53/><E64/><V65/><F90/><W66/><G66/><T127/><D35/><U115/><E115/><V62/><F21/><W71/><G43/><T106/><D106/><U120/><E120/><V108/><F108/><W100/><G100/><T13/><D127/><U79/><E79/><V36/><F70/><W113/><G113/><T114/><D114/><U118/><E118/><V87/><F87/><W45/><G71/><T23/><D23/><U94/><E0/><V129/><F129/><W14/><G34/><T48/><D44/><U27/><E1/><V82/><F128/><W98/><G98/><T76/><D76/><U4/><E4/><V131/><F99/><W96/><G96/><T86/><D73/><U102/><E91/><V30/><F103/><W8/><G25/><N who="1" m="9226" /><E28/><V42/><F30/><W18/><G17/><T24/><D24/><U63/><E31/><V2/><F19/><W7/><G7/><T75/><D75/><U133/><E133/><V111/><F131/><W55/><G67/><T22/><D22/><U117/><E117/><V126/><F20/><RYUUKYOKU ba="1,1" sc="186,10,205,10,354,-30,245,10" hai0="6,11,12,13,15,40,47,48,78,80,84,86,88" hai1="53,54,56,57,63,92,94,95,97,102" hai3="8,14,18,45,50,52,55,58,60,81,83,85,89" /><INIT seed="3,2,1,5,3,72" ten="196,215,324,255" oya="3" hai0="135,26,60,86,42,16,59,110,83,49,68,75,100" hai1="92,118,45,51,111,70,67,79,107,55,14,58,43" hai2="46,33,6,0,34,69,85,91,76,9,1,17,99" hai3="101,80,122,87,23,50,62,63,134,98,103,8,121"/><W37/><G37/><T13/><D75/><U131/><E107/><V105/><F69/><W104/><G134/><T21/><D135/><U2/><E2/><V89/><F0/><W24/><G103/><T10/><D100/><U18/><E118/><V94/><F105/><W84/><G122/><T39/><D39/><U22/><E131/><V126/><F76/><W119/><G121/><T5/><D68/><U97/><E79/><V53/><F17/><W36/><G36/><T66/><D110/><U65/><E111/><V106/><F106/><W113/><G113/><T112/><D112/><U56/><E70/><V54/><F126/><W116/><G116/><T133/><D133/><U57/><REACH who="1" step="1"/><E43/><REACH who="1" ten="196,205,324,255" step="2"/><V29/><F1/><W28/><G119/><T31/><D42/><U48/><E48/><V90/><F90/><AGARI ba="2,2" hai="14,18,22,45,51,55,56,57,58,65,67,90,92,97" machi="90" ten="40,2600,0" yaku="1,1,8,1,53,0" doraHai="72" doraHaiUra="78" who="1" fromWho="2" sc="196,0,205,52,324,-32,255,0" /><INIT seed="4,0,0,2,2,119" ten="196,257,292,255" oya="0" hai0="72,130,15,41,120,1,85,118,8,2,55,114,125" hai1="19,17,115,28,66,84,50,64,40,51,11,98,83" hai2="14,110,42,54,116,9,73,99,111,132,43,87,22" hai3="70,127,39,6,33,10,102,95,23,94,16,92,4"/><T71/><D72/><U113/><E28/><V38/><F38/><W63/><G39/><T24/><D118/><U48/><E40/><V100/><F73/><W53/><G33/><T101/><D41/><U44/><E44/><V58/><F132/><W20/><G127/><T30/><D71/><U86/><E98/><V47/><F116/><W49/><G70/><T12/><D101/><U90/><E86/><V121/><F87/><W52/><G63/><T77/><D15/><U32/><E32/><V91/><F22/><W18/><G102/><T117/><D117/><U21/><E11/><V89/><F43/><W57/><G53/><T103/><D103/><U133/><E133/><V7/><F121/><W97/><G97/><T108/><D120/><U123/><E123/><V75/><F111/><W105/><G105/><T3/><D108/><U135/><E135/><V13/><F75/><W60/><G60/><T129/><D125/><U25/><REACH who="1" step="1"/><E17/><REACH who="1" ten="196,247,292,255" step="2"/><N who="3" m="6762" /><G10/><T69/><D69/><U80/><E80/><V109/><F110/><W68/><G68/><T104/><D104/><U82/><E82/><V78/><F47/><W81/><G81/><N who="0" m="47279" /><D130/><U124/><E124/><V93/><F42/><W96/><G96/><T128/><D129/><U0/><E0/><V37/><F109/><W62/><G62/><T67/><D128/><U134/><E134/><V122/><F122/><W76/><G76/><T65/><D12/><U107/><E107/><V106/><F78/><W46/><G46/><T26/><D8/><U34/><E34/><V74/><F14/><W45/><G45/><T131/><D1/><RYUUKYOKU ba="0,1" sc="196,-15,247,15,292,-15,255,15" hai1="19,21,25,48,50,51,64,66,83,84,90,113,115" hai3="4,6,20,23,49,52,57,92,94,95" /><INIT seed="5,1,1,4,0,55" ten="181,262,277,270" oya="1" hai0="44,3,129,23,9,48,88,85,52,87,84,27,47" hai1="38,97,8,50,79,102,18,60,25,53,82,132,106" hai2="13,17,75,45,29,58,62,96,108,76,111,5,22" hai3="127,95,128,113,133,86,19,73,123,1,109,90,78"/><U107/><E132/><V30/><F76/><W31/><G109/><T122/><D122/><U66/><E38/><V91/><F75/><W7/><G123/><T80/><D129/><U74/><E8/><N who="2" m="4239" /><F45/><W68/><G68/><T35/><D35/><U117/><E117/><V119/><F119/><W83/><G133/><T67/><D67/><U20/><E107/><V46/><F46/><W2/><G113/><T116/><D116/><U77/><E77/><V41/><F41/><W40/><G128/><T21/><D21/><U64/><REACH who="1" step="1"/><E60/><REACH who="1" ten="181,252,277,270" step="2"/><V71/><F111/><W14/><G78/><T110/><D110/><U114/><E114/><V126/><F108/><W115/><G115/><T61/><D61/><U101/><E101/><V10/><F10/><W118/><G118/><T72/><D72/><U100/><E100/><V65/><F126/><W59/><G127/><T0/><D9/><U124/><E124/><V103/><F103/><W36/><G36/><T93/><D0/><U56/><AGARI ba="1,2" hai="18,20,25,50,53,56,64,66,74,79,82,97,102,106" machi="56" ten="20,12000,1" yaku="1,1,0,1,7,1,52,1,53,1" doraHai="55" doraHaiUra="51" who="1" fromWho="1" sc="181,-41,252,143,277,-41,270,-41" owari="140,-36.0,395,49.0,236,4.0,229,-17.0" /></mjloggm>