<mjloggm ver="2.3"><GO type="97" lobby="0"/><UN n0="%E3%83%A6%E3%82%A6%E3%82%A2%E3%82%B9%E3%82%AB" n1="%E9%A3%9B%E6%9C%AB%E6%AD%A6%E5%BF%97" n2="%6F%2D%74" n3="%E3%82%A6%E3%83%AB%E3%83%88%E3%83%A9%E7%AB%8B%E7%9B%B4" dan="15,14,13,15" rate="2009.30,1948.34,1868.94,2021.13" sx="M,M,M,M"/><TAIKYOKU oya="0"/><INIT seed="0,0,0,4,2,75" ten="250,250,250,250" oya="0" hai0="24,122,129,82,2,87,85,46,14,135,130,5,76" hai1="121,84,86,11,101,113,80,22,105,90,116,127,13" hai2="60,47,107,39,19,23,132,106,94,119,30,78,72" hai3="114,65,93,118,64,25,124,108,26,41,88,48,40"/><T51/><D122/><U35/><E121/><V103/><F30/><W28/><G118/><T95/><D2/><U16/><E116/><V49/><F39/><W110/><G114/><T4/><D135/><U117/><E117/><V125/><F119/><W81/><G81/><T98/><D24/><N who="3" m="9321" /><G28/><T111/><D111/><N who="3" m="42537" /><G124/><T32/><D32/><U61/><E127/><V112/><F125/><W97/><G41/><N who="0" m="25039" /><D14/><U67/><E35/><V31/><F112/><W126/><G126/><T71/><D87/><U73/><E113/><V20/><F31/><W17/><G17/><T0/><D71/><U37/><E73/><V109/><F109/><W133/><G133/><T29/><D0/><U54/><E37/><V100/><F107/><W34/><G34/><T9/><D9/><U123/><E123/><V56/><F106/><W52/><G40/><T128/><D29/><U18/><E105/><V55/><F132/><W3/><G3/><T50/><D50/><U92/><E101/><AGARI ba="0,0" hai="4,5,76,82,85,95,98,101,128,129,130" m="25039" machi="101" ten="30,2900,0" yaku="19,1,52,1" doraHai="75" who="0" fromWho="1" sc="250,29,250,-29,250,0,250,0" /><INIT seed="0,1,0,4,3,95" ten="279,221,250,250" oya="0" hai0="97,99,104,19,89,103,84,132,33,71,7,40,41" hai1="1,94,26,70,111,133,108,130,114,44,83,124,76" hai2="47,110,35,54,122,81,48,134,53,100,65,118,102" hai3="0,9,27,28,51,69,93,131,123,66,101,20,52"/><T55/><D33/><U90/><E70/><V113/><F122/><W11/><G123/><T91/><D71/><U32/><E1/><V73/><F113/><W80/><G131/><T109/><D109/><N who="1" m="42059" /><E44/><V59/><F110/><W135/><G135/><T46/><D132/><U13/><E13/><V8/><F134/><W21/><G0/><T78/><D7/><U87/><E133/><V3/><F118/><W45/><G80/><N who="0" m="47127" /><D104/><U75/><E26/><V14/><F65/><W74/><G74/><T63/><D103/><U82/><E32/><V4/><F35/><W42/><G42/><N who="0" m="16491" /><D19/><U39/><E39/><V22/><F73/><W112/><G112/><T5/><D5/><U116/><E116/><V117/><F117/><W25/><G69/><T58/><D46/><U120/><E114/><V88/><F3/><W57/><G45/><T12/><D12/><U79/><E120/><V107/><F107/><W125/><G66/><T31/><D31/><U36/><E36/><V119/><F119/><W23/><G28/><T34/><D34/><U105/><E130/><V24/><F53/><W72/><G72/><T115/><D115/><U15/><E15/><V64/><F64/><W77/><G25/><T38/><D38/><U10/><E10/><V6/><F6/><W29/><G27/><T60/><D60/><U126/><E105/><V61/><F61/><W49/><G11/><T50/><D63/><U106/><E106/><V67/><F67/><W98/><G9/><T37/><D37/><U17/><E17/><N who="2" m="12367" /><F47/><W86/><G29/><T127/><D127/><N who="1" m="48683" /><E75/><V30/><F30/><RYUUKYOKU ba="1,0" sc="279,10,221,10,250,10,250,-30" hai0="50,55,58,89,91,97,99" hai1="76,79,82,83,87,90,94" hai2="4,8,14,48,54,59,81,88,100,102" /><INIT seed="0,2,0,5,5,133" ten="289,231,260,220" oya="0" hai0="86,83,1,32,15,135,2,116,107,19,66,105,130" hai1="74,95,36,28,51,111,45,99,123,24,10,118,23" hai2="11,16,42,3,50,27,61,80,88,119,63,33,69" hai3="31,104,8,64,77,0,84,120,44,87,17,34,117"/><T113/><D135/><U40/><E111/><V38/><F38/><W106/><G117/><T128/><D116/><U25/><E123/><V55/><F119/><W121/><G31/><T129/><D32/><U7/><E74/><V98/><F42/><W62/><G34/><T85/><D113/><U57/><E118/><V37/><F37/><W112/><G44/><T110/><D66/><U22/><E36/><V72/><F69/><W52/><G52/><T89/><D86/><N who="3" m="32809" /><G77/><T49/><D49/><U30/><E57/><V134/><F134/><W75/><G75/><T26/><D26/><U96/><E95/><N who="2" m="56679" /><F80/><W67/><G67/><T78/><D78/><U126/><E126/><V29/><F72/><W109/><G112/><T79/><D79/><U122/><E122/><N who="3" m="47210" /><G109/><T124/><D124/><U21/><REACH who="1" step="1"/><E21/><REACH who="1" ten="289,221,260,220" step="2"/><N who="2" m="13735" /><F33/><W54/><G106/><N who="0" m="40459" /><D110/><U9/><E9/><AGARI ba="2,1" hai="1,2,9,15,19,83,85,89,128,129,130" m="40459" machi="9" ten="40,2000,0" yaku="19,1" doraHai="133" who="0" fromWho="1" sc="289,36,221,-26,260,0,220,0" /><INIT seed="0,3,0,4,0,59" ten="325,195,260,220" oya="0" hai0="110,75,65,78,11,47,66,14,35,60,133,123,67" hai1="76,134,97,83,135,63,121,113,32,31,109,69,53" hai2="25,104,34,116,72,99,23,52,33,3,43,50,124" hai3="0,16,100,77,86,29,84,128,95,115,19,15,39"/><T120/><D35/><U102/><E121/><V27/><F43/><W54/><G0/><T87/><D75/><N who="1" m="43423" /><E109/><V92/><F104/><W9/><G39/><T85/><D133/><N who="1" m="50699" /><E53/><V18/><F124/><W48/><G128/><T68/><D110/><U62/><E69/><V49/><F3/><W46/><G115/><T28/><D123/><U70/><E70/><V21/><F50/><W93/><G29/><T30/><D120/><U130/><E130/><V129/><F72/><W36/><G36/><T131/><D131/><U10/><E10/><V80/><F80/><W61/><G61/><N who="1" m="23050" /><E32/><V51/><F129/><W94/><G100/><T107/><D107/><N who="1" m="63951" /><E31/><N who="0" m="11817" /><D68/><U103/><E103/><V119/><F51/><W17/><REACH who="3" step="1"/><G77/><REACH who="3" ten="325,195,260,210" step="2"/><T26/><D60/><U114/><AGARI ba="3,1" hai="113,114" m="63951,23050,50699,43423" machi="114" ten="40,8000,1" yaku="20,1,52,3" doraHai="59" who="1" fromWho="1" sc="325,-43,195,99,260,-23,210,-23" /><INIT seed="1,0,0,0,3,61" ten="282,294,237,187" oya="1" hai0="107,64,22,99,5,60,10,2,108,59,103,74,75" hai1="57,94,131,82,0,104,68,45,14,100,96,83,133" hai2="4,66,116,122,88,71,15,13,102,106,101,132,26" hai3="81,128,113,23,89,110,126,76,93,28,98,37,27"/><U119/><E119/><V12/><F122/><W135/><G37/><T67/><D108/><U31/><E0/><V9/><F116/><W53/><G110/><T11/><D11/><U134/><E68/><V44/><F132/><N who="1" m="50793" /><E45/><V3/><F106/><W58/><G135/><T47/><D47/><U40/><E40/><V62/><F44/><W129/><G113/><T84/><D84/><U72/><E31/><V46/><F46/><W35/><G126/><T73/><REACH who="0" step="1"/><D22/><REACH who="0" ten="272,294,237,187" step="2"/><U118/><E118/><V77/><F9/><W36/><G23/><T120/><D120/><U56/><E72/><V32/><F32/><W18/><G36/><T92/><D92/><U114/><E94/><V90/><F4/><W50/><REACH who="3" step="1"/><G18/><REACH who="3" ten="272,294,237,177" step="2"/><T130/><D130/><U78/><E131/><V1/><F3/><W97/><G97/><T49/><D49/><U29/><E114/><V63/><F1/><W6/><G6/><T112/><D112/><U7/><E29/><V19/><F19/><W80/><G80/><T38/><D38/><U69/><E83/><V34/><F34/><W24/><G24/><T51/><D51/><U42/><E82/><V123/><F26/><W86/><AGARI ba="0,2" hai="27,28,35,50,53,58,76,81,86,89,93,98,128,129" machi="86" ten="30,2000,0" yaku="1,1,0,1,53,0" doraHai="61" doraHaiUra="70" who="3" fromWho="3" sc="272,-5,294,-10,237,-5,177,40" /><INIT seed="2,0,0,1,2,37" ten="267,284,232,217" oya="2" hai0="12,40,5,29,103,93,125,43,24,106,104,28,77" hai1="114,88,19,71,107,41,56,22,79,100,69,57,102" hai2="36,128,67,48,47,133,21,91,17,4,58,82,23" hai3="42,63,52,130,101,35,135,97,75,65,27,26,120"/><V11/><F36/><W108/><G75/><T112/><D112/><U32/><E114/><V123/><F123/><W129/><G120/><T53/><D106/><U132/><E32/><V18/><F133/><W54/><G135/><T95/><D104/><U7/><E132/><V124/><F128/><N who="3" m="49259" /><G108/><T86/><D125/><U110/><E110/><V84/><F124/><W127/><G127/><T99/><D53/><N who="3" m="20585" /><G35/><T73/><D24/><U44/><E79/><V55/><F4/><W9/><G9/><N who="0" m="4143" /><D73/><U85/><E107/><V119/><F119/><W34/><G34/><T109/><D109/><U61/><E7/><V78/><F78/><W51/><G97/><T3/><D3/><U13/><E71/><V38/><F38/><W64/><G101/><N who="1" m="39018" /><E69/><V8/><F11/><W46/><G65/><T31/><D93/><N who="1" m="54415" /><E61/><N who="2" m="38327" /><F18/><W98/><G98/><T45/><D45/><U1/><E1/><V76/><F76/><W14/><G14/><AGARI ba="0,0" hai="8,14,17,21,23,47,48,55,82,84,91" m="38327" machi="14" ten="30,2900,0" yaku="25,1,8,1" doraHai="37" who="2" fromWho="3" sc="267,0,284,0,232,29,217,-29" /><INIT seed="2,1,0,2,1,118" ten="267,284,261,188" oya="2" hai0="39,108,13,25,64,52,63,87,105,46,47,0,55" hai1="44,71,109,112,53,76,77,54,121,24,32,99,114" hai2="49,101,27,48,78,80,43,125,119,65,122,58,123" hai3="37,31,79,60,10,8,111,6,61,132,57,51,129"/><V70/><F119/><W126/><G37/><T116/><D105/><U29/><E109/><V50/><F70/><W91/><G111/><T36/><D108/><U2/><E2/><V107/><F125/><W113/><G113/><T19/><D0/><U97/><E71/><V1/><F1/><W56/><G126/><T33/><D116/><U89/><E114/><V72/><F43/><W130/><G79/><T93/><D33/><U45/><E112/><V102/><F27/><W131/><G51/><N who="0" m="28791" /><D39/><U20/><E32/><V86/><F102/><W85/><G31/><T7/><D36/><U18/><E121/><V30/><F30/><W115/><G115/><T69/><D69/><U3/><E3/><V40/><F40/><W22/><G132/><T68/><D68/><U17/><E89/><V62/><REACH who="2" step="1"/><F86/><REACH who="2" ten="267,284,251,188" step="2"/><W117/><G117/><T28/><D25/><U120/><E29/><V14/><F14/><W66/><G130/><T95/><D87/><U5/><E24/><V34/><F34/><W74/><G129/><T75/><D28/><U83/><E5/><V21/><F21/><W135/><G131/><T96/><D7/><U98/><E20/><V9/><F9/><W16/><G6/><T15/><D13/><U38/><E38/><V103/><F103/><W128/><G128/><T82/><D15/><U90/><E18/><V84/><F84/><W104/><G16/><T92/><D19/><U59/><E17/><V88/><F88/><W11/><G22/><T42/><D42/><U12/><E12/><V67/><F67/><W133/><G66/><T110/><D64/><RYUUKYOKU ba="1,1" sc="267,-10,284,-10,251,30,188,-10" hai2="48,49,50,58,62,65,72,78,80,101,107,122,123" /><INIT seed="2,2,1,3,1,123" ten="257,274,281,178" oya="2" hai0="89,115,97,66,25,52,133,53,43,21,72,38,22" hai1="112,105,0,18,78,67,82,94,127,120,134,15,81" hai2="114,121,19,46,55,90,107,74,62,48,20,30,80" hai3="117,73,36,27,122,35,83,12,103,130,96,3,54"/><V110/><F121/><W132/><G12/><T87/><D72/><U126/><E112/><V76/><F114/><W100/><G54/><N who="0" m="21099" /><D38/><U102/><E0/><V79/><F30/><W104/><G27/><T41/><D115/><U47/><E120/><V13/><F79/><W9/><G9/><T37/><D37/><U49/><E105/><V6/><F107/><W101/><G101/><T95/><D133/><U23/><E134/><V63/><F6/><W125/><G100/><N who="0" m="60479" /><D66/><U57/><E67/><V131/><F110/><W99/><G103/><T5/><D5/><U50/><E102/><V111/><F111/><W109/><G96/><T60/><D60/><U88/><E57/><V106/><F106/><W11/><G99/><T135/><D135/><U61/><E61/><V39/><F131/><W16/><G83/><N who="1" m="31754" /><E78/><V33/><F33/><W119/><G11/><T28/><D21/><U92/><E92/><AGARI ba="2,1" hai="22,25,28,41,43,87,89,92" m="60479,21099" machi="92" ten="30,2000,0" yaku="8,1,54,1" doraHai="123" who="0" fromWho="1" sc="257,36,274,-26,281,0,178,0" /><INIT seed="3,0,0,3,5,28" ten="293,248,281,178" oya="3" hai0="5,131,129,119,114,19,97,112,45,3,109,101,9" hai1="105,11,115,47,90,42,68,74,24,82,49,99,41" hai2="95,98,8,27,118,63,29,91,120,39,121,64,107" hai3="25,124,20,0,4,12,21,80,10,113,23,123,78"/><W1/><G123/><N who="2" m="47177" /><F118/><W6/><G113/><N who="0" m="43627" /><D119/><U77/><E115/><V85/><F39/><W117/><G117/><T134/><D109/><U102/><E68/><V32/><F8/><N who="3" m="2063" /><G80/><T52/><D134/><U104/><E104/><V70/><F107/><W7/><G78/><T31/><D31/><U18/><E90/><V106/><F106/><W35/><G124/><T62/><D19/><U94/><E105/><V100/><F100/><W66/><G66/><T108/><D108/><U56/><E56/><V92/><F92/><W61/><G61/><T60/><D97/><AGARI ba="0,0" hai="27,29,32,63,64,70,85,91,95,97,98" m="47177" machi="97" ten="30,2000,0" yaku="13,1,52,1" doraHai="28" who="2" fromWho="0" sc="293,-20,248,0,281,20,178,0" owari="273,7.0,248,-15.0,301,40.0,178,-32.0" /></mjloggm>