<mjloggm ver="2.3"><GO type="97" lobby="0"/><UN n0="%E3%83%97%E3%82%AD%E3%83%A3%E3%83%8A%E3%83%B3" n1="%E6%9D%BE%E6%9C%AC%E5%B1%B1%E9%9B%85" n2="%E3%82%A6%E3%83%AB%E3%83%88%E3%83%A9%E7%AB%8B%E7%9B%B4" n3="%E3%83%85%E3%83%A7%E3%83%B3" dan="15,14,15,13" rate="1976.92,1870.94,1968.89,1860.41" sx="M,M,M,M"/><TAIKYOKU oya="0"/><INIT seed="0,0,0,5,5,104" ten="250,250,250,250" oya="0" hai0="9,117,112,2,116,40,8,85,66,83,10,68,32" hai1="91,70,127,88,79,39,97,35,107,11,7,76,1" hai2="119,6,78,111,125,124,93,58,63,95,53,62,22" hai3="73,89,131,46,54,109,33,118,57,120,61,4,30"/><T34/><D112/><U87/><E70/><V47/><F6/><W108/><G118/><T67/><D2/><U18/><E39/><V133/><F22/><W114/><G114/><T31/><D40/><U72/><E35/><V0/><F0/><W110/><G131/><T100/><D100/><U74/><E127/><V123/><F95/><W45/><G120/><T26/><D34/><U60/><E60/><V16/><F93/><W49/><G4/><T122/><D122/><U15/><E107/><V71/><F16/><W92/><G33/><T126/><D126/><N who="2" m="48746" /><F78/><W3/><G3/><T50/><D50/><U132/><E132/><V55/><F123/><W115/><G30/><T103/><D103/><U42/><E42/><V113/><F113/><W128/><G115/><T28/><D28/><U43/><E43/><V41/><F133/><W99/><G128/><T36/><D36/><U96/><E79/><V81/><F81/><W105/><G105/><T19/><D19/><U5/><E76/><V121/><F121/><W94/><G94/><T27/><D27/><U134/><E134/><V52/><F119/><W106/><G106/><T56/><D68/><U17/><E17/><V21/><F21/><W59/><G73/><T24/><D24/><U20/><E5/><V84/><F84/><W23/><G23/><T25/><D25/><U48/><E87/><V90/><F90/><W80/><G80/><T51/><D51/><U102/><E48/><N who="2" m="26735" /><F111/><W135/><G135/><T130/><D130/><U14/><E1/><V65/><AGARI ba="0,0" hai="52,53,55,58,62,63,65,71" m="26735,48746" machi="65" ten="30,7900,0" yaku="18,1,34,2,54,1" doraHai="104" who="2" fromWho="2" sc="250,-39,250,-20,250,79,250,-20" /><INIT seed="1,0,0,4,0,47" ten="211,230,329,230" oya="1" hai0="74,116,104,55,53,107,1,67,93,64,126,14,112" hai1="123,21,23,95,79,130,71,10,133,54,69,34,30" hai2="59,40,39,56,103,22,32,36,63,20,49,65,124" hai3="76,41,88,38,132,131,111,90,97,16,106,19,101"/><U51/><E123/><V61/><F32/><W68/><G68/><T102/><D1/><U85/><E133/><V3/><F3/><W99/><G132/><T33/><D112/><U135/><E135/><V31/><F103/><W109/><G131/><T108/><D116/><U122/><E122/><V75/><F75/><W91/><G38/><T27/><D74/><U78/><E130/><V77/><F77/><W134/><G134/><T117/><D117/><U7/><E34/><V60/><F20/><W82/><G41/><T58/><D108/><N who="3" m="41545" /><G97/><T87/><D126/><U84/><E71/><N who="2" m="42407" /><F22/><N who="1" m="8201" /><E30/><V57/><F31/><W125/><G125/><T72/><D72/><AGARI ba="0,0" hai="16,19,72,76,82,88,90,91,99,101,106" m="41545" machi="72" ten="30,3900,0" yaku="14,1,54,2" doraHai="47" who="3" fromWho="0" sc="211,-39,230,0,329,0,230,39" /><INIT seed="2,0,0,4,2,123" ten="172,230,329,269" oya="2" hai0="51,95,104,33,19,5,34,46,39,84,67,8,114" hai1="68,135,59,74,25,133,72,126,100,41,15,1,27" hai2="129,16,117,14,69,127,49,91,0,98,21,79,121" hai3="77,31,9,87,116,62,113,105,64,66,118,48,10"/><V35/><F69/><W17/><G105/><T134/><D104/><U119/><E119/><V60/><F117/><W96/><G96/><T58/><D39/><U70/><E1/><V111/><F121/><W94/><G113/><T40/><D114/><U42/><E100/><V112/><F35/><W47/><G31/><T37/><D134/><N who="1" m="51211" /><E59/><V81/><F0/><W132/><G132/><T29/><D29/><U18/><E18/><V53/><F60/><W101/><G101/><T107/><D107/><U38/><E15/><V56/><F127/><W23/><G116/><T7/><D19/><U36/><E126/><V131/><F91/><N who="3" m="53631" /><G77/><T26/><D26/><N who="1" m="9739" /><E68/><V54/><F112/><W22/><G118/><T20/><D20/><U44/><E70/><V128/><F98/><W32/><G32/><T45/><D58/><U76/><E76/><V75/><F54/><W6/><G62/><T52/><D67/><N who="3" m="25641" /><G6/><T120/><D120/><U2/><E2/><V102/><F102/><W90/><G90/><T103/><D7/><U86/><E86/><V97/><F97/><W88/><G88/><T92/><D103/><U80/><E80/><V73/><F73/><N who="1" m="28265" /><E44/><V109/><AGARI ba="0,0" hai="14,16,21,49,53,56,75,79,81,109,111,128,129,131" machi="109" ten="40,12000,1" yaku="0,1,19,1,52,2,54,1" doraHai="123" who="2" fromWho="2" sc="172,-40,230,-40,329,120,269,-40" /><INIT seed="2,1,0,5,3,59" ten="132,190,449,229" oya="2" hai0="30,130,12,105,54,75,32,36,31,94,109,120,19" hai1="116,51,95,134,18,119,103,37,46,106,20,3,45" hai2="68,89,9,44,100,118,23,13,33,1,66,38,73" hai3="35,72,5,115,122,125,104,11,8,71,34,74,14"/><V42/><F33/><W39/><G5/><T121/><D109/><U60/><E3/><V26/><F100/><W92/><G92/><T69/><D105/><U126/><E126/><V29/><F73/><W56/><G125/><T67/><D130/><U58/><E106/><V124/><F1/><W7/><G7/><T17/><D75/><U76/><E76/><V55/><F124/><W113/><G104/><T86/><D36/><U87/><E134/><V114/><F89/><W117/><G56/><T110/><D110/><U83/><E37/><V99/><F99/><W21/><G39/><T97/><D86/><U22/><E119/><V101/><F101/><W78/><G78/><T131/><D131/><U43/><E116/><V127/><F9/><W52/><G117/><T81/><D81/><U96/><E46/><V82/><F82/><W80/><G80/><T129/><D129/><U93/><E18/><V65/><F127/><W24/><G71/><T133/><D133/><U4/><E93/><V128/><F68/><W85/><G85/><T61/><D54/><U41/><E41/><V40/><F40/><W111/><G111/><T15/><D15/><U16/><E16/><N who="0" m="6217" /><D12/><U25/><E4/><V27/><F13/><W50/><G14/><T79/><D79/><N who="1" m="46591" /><E25/><V132/><F27/><W28/><G74/><T6/><D6/><U63/><E58/><V10/><F42/><W123/><G72/><T107/><D107/><U48/><E48/><V77/><F132/><W102/><G122/><N who="0" m="47211" /><D32/><N who="3" m="12329" /><G123/><T2/><D2/><U84/><E84/><V0/><F77/><W108/><G108/><RYUUKYOKU ba="1,0" sc="132,15,190,15,449,-15,229,-15" hai0="30,31,61,67,69,94,97" hai1="20,22,43,45,51,60,63,95,96,103" /><INIT seed="3,2,0,0,5,44" ten="147,205,434,214" oya="3" hai0="60,79,18,30,68,78,2,87,83,3,38,123,128" hai1="104,117,50,53,4,111,58,8,57,21,33,62,19" hai2="112,75,119,42,54,110,89,98,130,63,70,31,39" hai3="124,51,122,91,133,93,109,10,135,5,15,121,96"/><W81/><G124/><T82/><D128/><U41/><E104/><V73/><F54/><W103/><G109/><T24/><D123/><U131/><E33/><V115/><F89/><W14/><G14/><T56/><D38/><U94/><E111/><V92/><F92/><W77/><G122/><T1/><D68/><U47/><E131/><V40/><F98/><W23/><G23/><T9/><D18/><U64/><E94/><V97/><F97/><W85/><G121/><T127/><D127/><U99/><E99/><V116/><F31/><W86/><REACH who="3" step="1"/><G51/><REACH who="3" ten="147,205,434,204" step="2"/><T37/><D37/><U120/><E120/><V95/><F39/><W55/><G55/><T134/><D134/><U71/><E117/><V107/><F110/><W80/><AGARI ba="2,1" hai="5,10,15,77,80,81,85,86,91,93,96,103,133,135" machi="80" ten="30,3000,0" yaku="1,1,0,1,53,0" doraHai="44" doraHaiUra="132" who="3" fromWho="3" sc="147,-12,205,-12,434,-12,204,46" /><INIT seed="3,3,0,0,5,63" ten="135,193,422,250" oya="3" hai0="100,33,41,37,47,24,67,126,21,81,92,120,25" hai1="89,20,58,83,108,64,74,132,42,12,122,115,80" hai2="87,77,60,72,79,8,15,18,96,121,7,101,68" hai3="30,29,114,118,22,53,110,17,94,113,45,16,13"/><W90/><G118/><T3/><D126/><U70/><E122/><V1/><F72/><W78/><G78/><T82/><D120/><U54/><E115/><V48/><F121/><W127/><G127/><T98/><D3/><U123/><E108/><V6/><F68/><W61/><G110/><T39/><D39/><U66/><E123/><V36/><F36/><W0/><G0/><T50/><D37/><U2/><E2/><V116/><F116/><W106/><G106/><T135/><D135/><U27/><E70/><V93/><F60/><W124/><G124/><T128/><D128/><U5/><E132/><V26/><F1/><W46/><G113/><T134/><D33/><U88/><E42/><V34/><F34/><W44/><G114/><T97/><D97/><U49/><E74/><V112/><F112/><W111/><G111/><T102/><D102/><U40/><E40/><V65/><F87/><N who="3" m="52575" /><G17/><T14/><D134/><U95/><E5/><V76/><F7/><W59/><AGARI ba="3,0" hai="13,16,22,29,30,44,45,46,53,59,61" m="52575" machi="59" ten="30,3000,0" yaku="8,1,54,1" doraHai="63" who="3" fromWho="3" sc="135,-13,193,-13,422,-13,250,39" /><INIT seed="3,4,0,5,0,2" ten="122,180,409,289" oya="3" hai0="117,35,32,123,87,13,29,0,75,11,4,40,36" hai1="15,3,116,41,58,57,134,31,81,66,56,80,84" hai2="54,21,39,44,22,91,104,65,93,114,122,86,99" hai3="9,27,133,111,124,16,95,10,63,102,37,53,69"/><W47/><G124/><T90/><D75/><U98/><E3/><V62/><F114/><W121/><G121/><T77/><D117/><U96/><E116/><V112/><F112/><W83/><G133/><T46/><D77/><U51/><E134/><V55/><F122/><W126/><G126/><T42/><D123/><U67/><E31/><V78/><F104/><W26/><G37/><T60/><D29/><U113/><E113/><V70/><F54/><W101/><G69/><T18/><D60/><U109/><E109/><V119/><F119/><W131/><G83/><N who="1" m="31818" /><E15/><V118/><F78/><W85/><G131/><T28/><D42/><U6/><E6/><V52/><F55/><W88/><G111/><T68/><D68/><U17/><E17/><V24/><F99/><N who="1" m="37929" /><E84/><V73/><F73/><W34/><G34/><T8/><REACH who="0" step="1"/><D28/><REACH who="0" ten="112,180,409,289" step="2"/><U59/><N who="1" m="14848" /><DORA hai="12" /><U100/><E100/><N who="3" m="38506" /><G63/><T129/><D129/><U76/><E76/><V130/><F62/><W79/><G79/><T132/><D132/><U7/><E7/><V43/><F39/><W23/><G27/><T106/><D106/><U20/><E41/><V108/><F93/><AGARI ba="4,1" hai="0,4,8,11,13,18,32,35,36,40,46,87,90,93" machi="93" ten="30,7700,0" yaku="1,1,7,1,52,2,53,0" doraHai="2,12" doraHaiUra="107,74" who="0" fromWho="2" sc="112,99,180,0,409,-89,289,0" owari="211,-19.0,180,-32.0,320,42.0,289,9.0" /></mjloggm>