<mjloggm ver="2.3"><GO type="97" lobby="0"/><UN n0="%E3%82%A6%E3%83%AB%E3%83%88%E3%83%A9%E7%AB%8B%E7%9B%B4" n1="%4A%2E%63%75%73%74%6F%6D" n2="%67%75%70%70%79%39%38" n3="%76%69%76%61" dan="15,14,14,14" rate="2027.26,1928.33,1997.89,1959.03" sx="M,M,M,F"/><TAIKYOKU oya="0"/><INIT seed="0,0,0,5,3,62" ten="250,250,250,250" oya="0" hai0="130,80,8,77,65,117,66,115,76,92,123,105,93" hai1="18,24,125,59,95,32,36,45,5,129,64,4,11" hai2="122,109,16,135,102,132,71,47,119,82,127,26,23" hai3="51,98,15,57,107,37,34,114,7,72,110,131,20"/><T39/><D39/><U50/><E36/><V6/><F119/><W104/><G34/><T101/><D105/><U48/><E129/><V116/><F116/><W70/><G37/><T41/><D117/><U29/><E125/><V126/><F122/><W14/><G70/><T79/><D123/><U134/><E134/><N who="2" m="51243" /><F109/><W88/><G72/><T28/><D115/><U133/><E133/><V13/><F102/><W86/><G114/><T89/><D130/><U74/><E74/><V30/><F82/><W84/><G131/><T12/><D41/><U108/><E108/><V1/><F47/><W87/><G110/><T67/><D28/><U38/><E38/><V120/><F71/><W56/><G7/><N who="0" m="3103" /><D101/><U96/><E48/><V128/><F120/><W103/><G107/><T100/><D100/><U83/><E83/><V3/><F128/><W25/><G88/><T85/><AGARI ba="0,0" hai="65,66,67,76,77,79,80,85,89,92,93" m="3103" machi="85" ten="40,12000,1" yaku="8,1,52,3" doraHai="62" who="0" fromWho="0" sc="250,120,250,-40,250,-40,250,-40" /><INIT seed="0,1,0,2,3,64" ten="370,210,210,210" oya="0" hai0="1,95,127,120,108,15,11,112,9,93,78,74,31" hai1="18,103,121,84,44,92,22,30,73,85,6,99,81" hai2="115,12,66,135,124,7,20,26,51,27,48,106,128" hai3="130,117,13,131,60,47,58,75,122,10,111,45,134"/><T59/><D120/><U46/><E121/><V43/><F115/><W126/><G122/><T4/><D112/><U82/><E6/><V67/><F135/><W71/><G75/><T55/><D127/><U89/><E30/><V109/><F124/><W21/><G126/><T38/><D38/><U69/><E73/><V123/><F123/><W29/><G117/><T105/><D105/><U113/><E113/><V49/><F128/><N who="3" m="49195" /><G134/><T37/><D37/><U53/><E69/><V116/><F116/><W33/><G33/><T77/><D31/><U0/><E0/><V90/><F109/><W8/><G71/><T70/><D70/><U91/><REACH who="1" step="1"/><E53/><REACH who="1" ten="370,200,210,210" step="2"/><V100/><F67/><N who="3" m="39319" /><G111/><T76/><D74/><U96/><E96/><V133/><F66/><W14/><G29/><T72/><D72/><U107/><E107/><V50/><F106/><W54/><G54/><T63/><D108/><U83/><E83/><V98/><F98/><W62/><G62/><T32/><D32/><U40/><E40/><V34/><F43/><W97/><G97/><T132/><D132/><U125/><E125/><V86/><F133/><W94/><G94/><T88/><D95/><U104/><E104/><V17/><F34/><W41/><G41/><T42/><D42/><U87/><E87/><V52/><F7/><N who="3" m="3231" /><G45/><T3/><D3/><U57/><E57/><N who="2" m="32903" /><F100/><W16/><G47/><T25/><D1/><U102/><E102/><V61/><F61/><W65/><G65/><T114/><D114/><U36/><E36/><V5/><F5/><W56/><G56/><N who="0" m="35231" /><D4/><U24/><AGARI ba="1,1" hai="18,22,24,44,46,81,82,84,85,89,91,92,99,103" machi="24" ten="20,12000,2" yaku="1,1,0,1,7,1,9,1,8,1,53,1" doraHai="64" doraHaiUra="23" who="1" fromWho="1" sc="370,-61,200,133,210,-31,210,-31" /><INIT seed="1,0,0,3,2,84" ten="309,333,179,179" oya="1" hai0="33,50,21,93,49,65,59,109,51,106,110,55,72" hai1="60,124,0,46,75,45,9,6,23,90,64,114,127" hai2="39,69,18,98,120,3,91,12,116,76,4,133,97" hai3="112,95,29,40,92,54,126,88,71,67,8,56,108"/><U85/><E75/><V99/><F120/><W24/><G112/><T122/><D33/><U128/><E114/><V16/><F133/><W27/><G108/><N who="0" m="41579" /><D106/><U86/><E86/><V1/><F69/><W13/><G126/><N who="1" m="48170" /><E23/><V78/><F39/><W37/><G71/><T79/><D65/><U5/><E5/><V100/><F116/><W26/><G67/><T117/><D117/><U20/><E20/><V52/><F100/><W107/><G107/><T104/><D104/><U30/><E30/><V28/><F28/><W38/><G29/><T102/><D122/><U42/><E42/><V43/><F43/><W68/><G68/><T129/><D21/><U62/><E128/><V32/><F32/><W57/><G40/><T25/><D25/><U66/><E66/><V73/><F73/><W77/><G77/><N who="2" m="29801" /><F1/><W113/><G113/><T123/><D123/><U125/><N who="1" m="48178" /><U10/><DORA hai="63" /><E9/><N who="2" m="4135" /><F3/><W134/><G134/><T105/><D129/><U31/><E31/><V103/><F103/><W81/><G38/><T70/><D102/><U87/><E87/><V22/><F22/><W101/><G37/><T7/><D72/><U83/><E60/><V130/><F130/><W47/><G101/><T36/><D36/><U58/><AGARI ba="0,0" hai="0,6,10,45,46,58,62,64,83,85,90" m="48178" machi="58" ten="40,7800,0" yaku="18,1,52,2" doraHai="84,63" who="1" fromWho="1" sc="309,-26,333,78,179,-26,179,-26" /><INIT seed="1,1,0,2,5,76" ten="283,411,153,153" oya="1" hai0="100,36,60,108,61,126,19,7,10,23,24,91,92" hai1="84,118,67,59,16,25,77,87,83,97,55,68,96" hai2="105,39,124,90,30,86,66,115,131,6,18,35,34" hai3="114,121,11,107,28,49,71,52,81,45,29,123,51"/><U113/><E118/><V109/><F39/><W120/><G114/><T73/><D36/><U106/><E113/><V130/><F115/><W133/><G107/><T56/><D73/><U70/><E67/><V112/><F112/><W72/><G71/><T48/><D108/><U80/><E106/><V44/><F124/><W13/><G133/><T122/><D126/><U8/><E68/><V74/><F74/><W99/><G99/><T9/><D100/><U129/><E129/><N who="2" m="49163" /><F109/><W47/><G72/><T54/><D122/><U98/><E70/><V95/><F105/><W78/><G78/><T94/><D94/><U46/><E46/><V21/><F66/><W31/><G81/><N who="1" m="31306" /><E77/><V63/><F63/><W101/><G101/><T4/><D60/><N who="1" m="35967" /><E25/><N who="2" m="14519" /><F44/><W75/><G75/><T3/><D61/><U62/><E62/><V38/><F38/><W40/><REACH who="3" step="1"/><G123/><REACH who="3" ten="283,411,153,143" step="2"/><T65/><D65/><U43/><E43/><V104/><F104/><W132/><G132/><T110/><D110/><U27/><E27/><V12/><F30/><W14/><G14/><AGARI ba="1,1" hai="8,14,16,84,87,96,97,98" m="35967,31306" machi="14" ten="30,12000,1" yaku="8,1,52,3,54,1" doraHai="76" who="1" fromWho="3" sc="283,0,411,133,153,0,143,-123" /><INIT seed="1,2,0,4,2,52" ten="283,544,153,20" oya="1" hai0="55,111,54,15,48,86,85,46,82,121,18,135,119" hai1="21,120,132,50,66,124,29,61,94,69,30,4,88" hai2="80,63,96,14,104,83,95,31,75,100,127,49,91" hai3="79,25,93,110,133,20,19,116,42,39,102,41,72"/><U103/><E120/><V114/><F114/><W108/><G133/><T9/><D119/><U28/><E132/><V112/><F112/><W27/><G116/><T44/><D135/><U117/><E117/><V33/><F127/><W74/><G102/><T57/><D111/><N who="3" m="42537" /><G93/><T0/><D0/><U6/><E124/><V34/><F63/><W126/><G126/><T101/><D121/><U43/><E103/><V92/><F14/><W106/><G106/><T90/><D101/><U3/><E3/><V122/><F122/><W128/><G128/><T40/><D40/><N who="3" m="15465" /><G39/><T76/><D55/><U36/><E36/><V45/><F31/><W109/><N who="3" m="42545" /><W123/><DORA hai="99" /><G123/><T5/><D5/><U53/><E43/><V60/><F60/><W16/><G79/><T59/><D46/><U58/><REACH who="1" step="1"/><E21/><AGARI ba="2,0" hai="16,19,20,21,25,27,72,74" m="15465,42545" machi="21" ten="40,2600,0" yaku="14,1,54,1" doraHai="52,99" who="3" fromWho="1" sc="283,0,544,-32,153,0,20,32" /><INIT seed="2,0,0,5,5,53" ten="283,512,153,52" oya="2" hai0="42,117,0,50,15,101,92,111,11,27,58,30,135" hai1="76,102,1,3,31,124,63,128,90,17,116,8,132" hai2="36,75,93,61,59,2,87,72,57,123,112,88,118" hai3="24,91,108,44,98,45,26,71,109,25,56,65,40"/><V7/><F123/><W82/><G71/><T34/><D0/><U47/><E116/><V14/><F118/><W32/><G32/><T85/><D135/><U95/><E128/><V4/><F36/><W99/><G82/><T73/><D73/><U133/><E76/><V74/><F112/><W48/><G45/><T62/><D111/><N who="3" m="42569" /><G91/><T54/><D117/><U94/><E124/><V126/><F126/><W66/><G66/><T131/><D131/><U12/><E31/><V110/><F110/><W39/><G39/><T70/><D70/><U115/><E115/><V51/><F2/><W9/><G9/><T23/><D34/><U20/><E47/><V67/><REACH who="2" step="1"/><F14/><REACH who="2" ten="283,512,143,52" step="2"/><W86/><G86/><T121/><D121/><U103/><E133/><V29/><F29/><W80/><G80/><T78/><D85/><U69/><E132/><V13/><F13/><W130/><G130/><T21/><D15/><U96/><E1/><V55/><AGARI ba="0,1" hai="4,7,51,55,57,59,61,67,72,74,75,87,88,93" machi="55" ten="40,12000,1" yaku="1,1,0,1,52,2,54,1,53,0" doraHai="53" doraHaiUra="37" who="2" fromWho="2" sc="283,-40,512,-40,143,130,52,-40" /><INIT seed="2,1,0,5,2,78" ten="243,472,273,12" oya="2" hai0="26,14,97,7,30,44,84,38,122,56,29,131,132" hai1="36,110,53,69,59,42,48,85,94,133,102,124,127" hai2="58,76,23,134,92,21,103,13,96,77,33,83,34" hai3="108,17,46,50,74,107,45,40,20,98,67,125,99"/><V123/><F134/><W28/><G74/><T19/><D122/><U135/><E110/><V62/><F123/><W118/><G118/><T51/><D132/><N who="1" m="50763" /><E69/><V109/><F109/><W16/><G108/><T130/><D7/><U73/><E73/><V8/><F77/><W41/><G125/><T120/><D120/><U22/><E22/><V70/><F70/><W32/><G32/><T112/><D112/><U0/><E0/><V129/><F129/><W15/><G107/><T65/><D38/><U55/><E55/><V31/><F34/><W95/><G67/><T3/><D3/><U54/><E54/><V37/><F37/><W57/><G57/><T24/><D97/><N who="1" m="59703" /><E85/><N who="2" m="48359" /><F31/><W91/><G28/><T47/><D84/><U105/><E105/><V9/><F33/><W81/><G17/><T12/><D19/><U39/><E39/><V66/><F8/><W90/><G99/><T2/><D2/><U71/><E71/><V5/><AGARI ba="1,0" hai="5,9,13,21,23,58,62,66,92,96,103" m="48359" machi="5" ten="30,3000,0" yaku="8,1,52,1" doraHai="78" who="2" fromWho="2" sc="243,-11,472,-11,273,33,12,-11" /><INIT seed="2,2,0,2,4,83" ten="232,461,306,1" oya="2" hai0="93,10,61,45,5,86,123,130,75,72,118,14,37" hai1="47,112,98,43,129,69,34,133,19,1,7,107,103" hai2="15,55,30,104,12,23,0,109,97,84,63,16,78" hai3="35,31,73,125,116,90,80,52,20,74,67,62,54"/><V40/><F0/><W128/><G35/><T48/><D123/><U113/><E19/><V105/><F109/><W25/><G116/><T42/><D130/><U38/><E133/><V132/><F132/><W95/><G128/><T22/><D118/><U32/><E69/><V60/><F40/><W24/><G24/><T59/><D37/><U92/><E92/><V124/><F124/><W57/><G125/><T6/><D6/><U88/><E88/><V77/><F30/><W111/><G111/><T13/><D13/><U102/><E102/><V46/><F105/><W94/><G94/><T58/><D72/><U41/><E41/><V56/><F12/><W100/><G74/><T11/><D75/><U8/><E129/><V21/><F21/><W110/><G110/><T76/><D11/><U18/><REACH who="1" step="1"/><E18/><REACH who="1" ten="232,451,306,1" step="2"/><V120/><F120/><W68/><G68/><T117/><D117/><U108/><E108/><V89/><F104/><W2/><G2/><T26/><D61/><U71/><E71/><V36/><F63/><W9/><G9/><T82/><D93/><U131/><E131/><V53/><F36/><W4/><G4/><T70/><D70/><U64/><E64/><V119/><F119/><W81/><G73/><T115/><D115/><AGARI ba="2,1" hai="1,7,8,32,34,38,43,47,98,103,107,112,113,115" machi="115" ten="40,8000,1" yaku="1,1,23,2,53,1" doraHai="83" doraHaiUra="101" who="1" fromWho="0" sc="232,-86,451,96,306,0,1,0" /><INIT seed="3,0,0,3,4,26" ten="146,547,306,1" oya="3" hai0="109,14,107,56,9,75,46,113,67,8,62,25,82" hai1="11,24,78,30,84,70,6,7,85,59,34,41,117" hai2="131,53,112,42,40,29,10,93,124,52,16,128,95" hai3="135,98,51,129,12,1,66,80,110,28,79,101,38"/><W54/><G1/><T48/><D107/><U55/><E70/><V22/><F112/><W89/><G38/><T61/><D109/><U134/><E134/><V36/><F36/><W121/><G121/><T81/><D113/><U20/><E117/><V118/><F118/><W132/><G110/><T115/><D115/><U57/><E41/><N who="2" m="15979" /><F124/><W5/><G89/><T27/><D75/><U50/><E6/><V119/><F119/><W105/><G66/><T13/><D48/><U3/><E78/><V130/><F10/><W45/><G129/><N who="2" m="33025" /><V104/><DORA hai="71" /><F104/><W126/><G126/><T58/><D46/><U31/><E59/><V106/><F106/><W96/><G96/><T23/><D23/><U15/><E31/><V99/><F99/><W86/><G28/><T64/><AGARI ba="0,0" hai="8,9,13,14,25,27,56,58,61,62,64,67,81,82" machi="64" ten="25,6400,0" yaku="0,1,22,2,8,1" doraHai="26,71" who="0" fromWho="0" sc="146,64,547,-16,306,-16,1,-32" owari="210,-19.0,531,63.0,290,9.0,-31,-53.0" /></mjloggm>