<mjloggm ver="2.3"><GO type="97" lobby="0"/><UN n0="%E3%81%8F%E3%81%AB%E3%81%B2%E3%81%93%E3%81%BE%E3%82%8B" n1="%E3%82%A6%E3%83%AB%E3%83%88%E3%83%A9%E7%AB%8B%E7%9B%B4" n2="%E3%81%97%E3%81%8A%E3%81%97%E3%81%8A%EF%BC%92" n3="%79%32%37%71%36%35%33" dan="17,15,15,14" rate="2122.66,2021.10,2007.99,1832.80" sx="F,M,M,F"/><TAIKYOKU oya="0"/><INIT seed="0,0,0,3,5,69" ten="250,250,250,250" oya="0" hai0="15,93,110,12,85,105,4,25,116,54,47,8,27" hai1="16,49,88,42,66,133,132,13,19,131,118,96,135" hai2="1,56,76,30,60,113,129,55,31,20,26,75,11" hai3="78,86,120,122,84,24,130,72,45,70,81,62,103"/><T51/><D105/><U29/><E118/><V46/><F113/><W14/><G130/><T99/><D116/><U57/><E131/><V68/><F129/><W36/><G103/><T53/><D110/><U17/><E29/><V111/><F111/><W82/><G24/><T41/><D85/><N who="3" m="32873" /><G82/><T71/><D71/><U37/><E66/><V63/><F76/><W23/><G23/><T80/><D80/><U61/><E61/><V58/><F75/><W109/><G109/><T73/><D73/><U107/><E107/><V21/><F68/><W100/><G100/><T101/><D15/><U125/><E125/><V119/><F119/><W90/><G14/><T102/><D102/><U117/><E117/><V77/><F77/><W106/><G106/><T89/><D101/><U92/><E37/><V48/><F11/><W87/><G62/><N who="2" m="23593" /><F1/><W127/><G70/><T79/><D79/><U3/><E3/><V74/><F74/><W50/><G50/><T34/><D34/><U52/><E42/><V126/><F126/><W43/><G127/><T97/><D97/><U38/><E38/><V94/><F94/><W10/><G10/><AGARI ba="0,0" hai="10,13,16,17,19,49,52,57,88,92,96,132,133,135" machi="10" ten="40,8000,1" yaku="20,1,54,3" doraHai="69" who="1" fromWho="3" sc="250,0,250,80,250,0,250,-80" /><INIT seed="1,0,0,0,0,124" ten="250,330,250,170" oya="1" hai0="65,76,89,51,19,104,31,107,60,115,42,79,34" hai1="119,12,13,52,74,103,111,18,93,114,35,9,122" hai2="90,109,67,112,59,95,54,25,48,32,10,86,101" hai3="57,117,28,62,78,49,8,120,36,30,21,1,4"/><U38/><E74/><V40/><F109/><W39/><G120/><T56/><D115/><U26/><E38/><V45/><F112/><W87/><G117/><T99/><D19/><U80/><E122/><V127/><F127/><W22/><G49/><T105/><D31/><U82/><E114/><V110/><F110/><W97/><G97/><T133/><D34/><U92/><E119/><V98/><F10/><W70/><G70/><T102/><D89/><U77/><E26/><V11/><F11/><W69/><G69/><T135/><D51/><U85/><E35/><V126/><F126/><W63/><G87/><T46/><D46/><U24/><E24/><V3/><F3/><W96/><G96/><T71/><D42/><U16/><E103/><V20/><F32/><W81/><G30/><T73/><D56/><U94/><E82/><V125/><F125/><W132/><G132/><N who="0" m="50763" /><D73/><U7/><E111/><V66/><F40/><W113/><G113/><T128/><D128/><U5/><E52/><V44/><F67/><W6/><G28/><T130/><D130/><U64/><E64/><V61/><F48/><W0/><G8/><AGARI ba="0,0" hai="5,7,8,9,12,13,16,18,77,80,85,92,93,94" machi="8" ten="40,7700,0" yaku="9,1,8,1,54,1" doraHai="124" who="1" fromWho="3" sc="250,0,330,77,250,0,170,-77" /><INIT seed="1,1,0,1,0,48" ten="250,407,250,93" oya="1" hai0="101,122,51,14,118,5,46,58,69,43,77,57,115" hai1="27,106,91,36,97,63,96,92,107,22,49,20,28" hai2="60,128,42,80,37,102,39,0,71,135,68,15,131" hai3="117,78,129,132,127,38,130,16,34,3,54,18,70"/><U89/><E36/><V74/><F135/><W50/><G38/><T83/><D69/><U111/><E111/><V2/><F15/><W55/><G70/><N who="2" m="26665" /><F102/><W94/><G132/><T8/><D115/><U86/><E63/><V100/><F100/><W4/><G127/><T110/><D110/><U82/><E97/><V81/><F60/><W26/><G117/><T44/><D118/><U40/><E22/><V29/><F29/><N who="3" m="19767" /><G78/><T109/><D109/><U6/><E6/><V121/><F121/><W93/><G4/><T99/><D46/><U35/><E35/><V66/><F66/><W103/><G3/><N who="2" m="1065" /><F42/><W72/><G72/><T105/><REACH who="0" step="1"/><D122/><REACH who="0" ten="240,407,250,93" step="2"/><U75/><E107/><V62/><F74/><AGARI ba="1,1" hai="5,8,14,43,44,51,57,58,74,77,83,99,101,105" machi="74" ten="30,3900,0" yaku="1,1,2,1,7,1,53,0" doraHai="48" doraHaiUra="24" who="0" fromWho="2" sc="240,52,407,0,250,-42,93,0" /><INIT seed="2,0,0,2,4,99" ten="292,407,208,93" oya="2" hai0="120,90,31,17,1,16,11,58,95,84,132,53,60" hai1="123,35,79,74,109,36,81,73,92,104,93,128,119" hai2="78,48,133,13,66,29,100,18,97,39,112,21,23" hai3="9,88,37,38,72,24,134,65,41,51,111,12,43"/><V22/><F112/><W5/><G111/><T124/><D132/><U19/><E36/><V130/><F39/><W117/><G117/><T83/><D124/><U40/><E35/><V63/><F133/><W107/><G134/><T33/><D120/><U2/><E2/><V49/><F130/><W27/><G72/><T61/><D33/><U89/><E40/><V68/><F78/><W4/><G65/><T91/><D31/><U55/><E55/><V127/><F127/><W76/><G107/><T42/><D42/><N who="3" m="15881" /><G38/><T101/><D1/><U47/><E19/><V113/><F113/><W106/><G106/><T7/><D61/><U87/><E47/><V3/><F3/><W30/><G76/><T67/><D67/><U102/><E119/><V122/><F122/><W15/><G37/><T44/><D44/><U110/><E123/><V98/><F98/><W126/><G126/><T59/><D59/><U32/><E32/><V10/><REACH who="2" step="1"/><F29/><REACH who="2" ten="292,407,198,93" step="2"/><W57/><G30/><T8/><D90/><U50/><E128/><V125/><F125/><W105/><G88/><T103/><D91/><U26/><E89/><V85/><F85/><W114/><G114/><T71/><D84/><U96/><E87/><V56/><F56/><W108/><G108/><T64/><D58/><U129/><E129/><V34/><F34/><W115/><G115/><T121/><D121/><U20/><E110/><V69/><F69/><W77/><G77/><T80/><D71/><U45/><E109/><V46/><F46/><W14/><G57/><T54/><D101/><U6/><E102/><V28/><F28/><RYUUKYOKU ba="0,1" sc="292,-10,407,-10,198,30,93,-10" hai2="10,13,18,21,22,23,48,49,63,66,68,97,100" /><INIT seed="2,1,1,1,2,14" ten="282,397,228,83" oya="2" hai0="70,17,60,9,47,121,42,80,12,40,94,18,131" hai1="115,51,81,11,76,129,75,106,63,28,29,35,59" hai2="102,38,6,55,120,50,57,37,113,65,99,95,104" hai3="24,135,56,92,96,0,67,132,44,36,84,90,64"/><V133/><F113/><W27/><G0/><T82/><D121/><U31/><E106/><V33/><F120/><W2/><G2/><T34/><D34/><U105/><E105/><V85/><F33/><W19/><G135/><T74/><D131/><U77/><E115/><V71/><F133/><W79/><G132/><T61/><D74/><U21/><E35/><V98/><F85/><W88/><G79/><T100/><D70/><U103/><E103/><V41/><F6/><W45/><G36/><T119/><D119/><U68/><E77/><V127/><F127/><W123/><G123/><T114/><D114/><U26/><E129/><V124/><F124/><W111/><G111/><T23/><D61/><U125/><E125/><V110/><F110/><W69/><G69/><T13/><D60/><U8/><E51/><V1/><F1/><W109/><G109/><T54/><D54/><U53/><E68/><V112/><F112/><W16/><G56/><T52/><D42/><U73/><E73/><V20/><F20/><W10/><G10/><T134/><D134/><U122/><E122/><V39/><F65/><N who="3" m="25163" /><G45/><T108/><D108/><U116/><E116/><V130/><F130/><W91/><G44/><T43/><D43/><U97/><E97/><V107/><F71/><W5/><G5/><T62/><D40/><U30/><AGARI ba="1,1" hai="8,11,21,26,28,29,30,31,53,59,63,75,76,81" machi="30" ten="30,1100,0" yaku="0,1" doraHai="14" who="1" fromWho="1" sc="282,-4,397,24,228,-6,83,-4" /><INIT seed="3,0,0,1,0,12" ten="278,421,222,79" oya="3" hai0="125,78,117,34,111,74,16,21,83,40,106,77,44" hai1="41,30,76,118,70,68,97,31,14,26,52,60,86" hai2="50,4,64,0,54,29,35,121,99,96,5,8,56" hai3="15,59,116,126,94,39,67,114,18,38,55,23,93"/><W2/><G116/><T105/><D117/><U129/><E31/><V51/><F64/><W109/><G114/><T90/><D111/><U66/><E70/><V11/><F121/><W134/><G2/><T6/><D125/><U3/><E3/><V27/><REACH who="2" step="1"/><F50/><REACH who="2" ten="278,421,212,79" step="2"/><N who="3" m="31223" /><G126/><T84/><D34/><U122/><E66/><V123/><F123/><W61/><G109/><T100/><D6/><U53/><E122/><V49/><F49/><W127/><G127/><T80/><D100/><U130/><E118/><V73/><F73/><W87/><G39/><T24/><D78/><U88/><E130/><V119/><F119/><W17/><G38/><AGARI ba="0,1" hai="16,21,24,38,40,44,74,77,80,83,84,90,105,106" machi="38" ten="30,3900,0" yaku="7,1,52,1,54,1" doraHai="12" who="0" fromWho="3" sc="278,49,421,0,212,0,79,-39" owari="327,13.0,421,52.0,212,-19.0,40,-46.0" /></mjloggm>