<mjloggm ver="2.3"><GO type="97" lobby="0"/><UN n0="%E3%82%A6%E3%83%AB%E3%83%88%E3%83%A9%E7%AB%8B%E7%9B%B4" n1="%53%74%65%70%68%65%6E" n2="%E3%82%8A%E3%81%A3%E3%81%8B" n3="%E3%81%A1%E3%82%83%E3%81%A3%E3%81%B4%E3%81%83%E2%98%86" dan="15,13,13,15" rate="2026.28,1853.98,1914.14,2027.02" sx="M,M,F,M"/><TAIKYOKU oya="0"/><INIT seed="0,0,0,1,0,1" ten="250,250,250,250" oya="0" hai0="21,37,18,0,86,133,81,66,106,108,5,12,49" hai1="110,19,69,115,73,126,135,23,28,48,131,99,3" hai2="100,6,14,112,20,4,78,26,15,60,42,123,127" hai3="8,116,125,114,97,64,122,87,27,22,33,129,38"/><T90/><D37/><U76/><E110/><V82/><F123/><W16/><G38/><T50/><D108/><U11/><E69/><V58/><F112/><W62/><G114/><T71/><D133/><U120/><E115/><V84/><F42/><W113/><G116/><T2/><D106/><U79/><E120/><V111/><F100/><W88/><G122/><T54/><D2/><U51/><E135/><V44/><F44/><W10/><G113/><T91/><D50/><U117/><E117/><V70/><F70/><W52/><G33/><T31/><D31/><U124/><E131/><V92/><F92/><W47/><G129/><T128/><D128/><U34/><E99/><V77/><F77/><N who="1" m="29769" /><E73/><V39/><F39/><W43/><G97/><T94/><D66/><U67/><E67/><N who="2" m="39319" /><F127/><N who="1" m="48681" /><E28/><N who="2" m="17479" /><F111/><W102/><G43/><T55/><D71/><U7/><E34/><V95/><F95/><N who="3" m="54687" /><G102/><T118/><D118/><U35/><E35/><V68/><F68/><W75/><G75/><T59/><D54/><U9/><E9/><V36/><F36/><W121/><G121/><T40/><D40/><U72/><E72/><V96/><F96/><W132/><G132/><T105/><D105/><U85/><E85/><V109/><F109/><W74/><G74/><T41/><D41/><U107/><E107/><V13/><AGARI ba="0,0" hai="4,6,13,14,15,78,82,84" m="17479,39319" machi="13" ten="30,4000,0" yaku="8,1,52,2" doraHai="1" who="2" fromWho="2" sc="250,-20,250,-10,250,40,250,-10" /><INIT seed="1,0,0,0,1,70" ten="230,240,290,240" oya="1" hai0="90,116,59,14,101,100,80,103,78,15,77,121,117" hai1="120,20,47,72,29,126,97,111,85,19,86,24,51" hai2="5,33,83,28,108,10,6,18,79,42,89,76,49" hai3="64,96,95,132,35,54,114,60,30,58,3,93,118"/><U66/><E120/><V62/><F108/><W122/><G3/><T67/><D121/><U127/><E72/><V94/><F62/><W135/><G122/><T133/><D59/><U75/><E75/><V34/><F18/><W22/><G114/><T102/><D67/><U113/><E113/><V25/><F34/><W13/><G35/><T119/><D103/><U125/><E111/><V11/><F83/><W63/><G118/><T109/><D109/><U91/><E66/><V52/><F42/><W115/><G115/><T130/><D130/><U50/><E50/><V65/><F65/><W27/><G13/><T31/><D31/><U112/><E112/><V61/><F61/><W131/><G131/><T41/><D41/><N who="1" m="25071" /><E29/><V123/><F123/><W45/><G45/><T99/><D133/><U105/><E105/><V44/><F10/><W7/><G95/><AGARI ba="0,0" hai="19,20,24,85,86,91,95,97,125,126,127" m="25071" machi="95" ten="30,1500,0" yaku="18,1" doraHai="70" who="1" fromWho="3" sc="230,0,240,15,290,0,240,-15" /><INIT seed="1,1,0,3,3,38" ten="230,255,290,225" oya="1" hai0="49,12,135,34,72,36,76,75,48,58,84,114,98" hai1="97,11,73,57,3,109,29,108,30,91,55,89,2" hai2="10,93,112,70,71,6,32,122,53,4,8,25,18" hai3="92,51,74,64,21,126,14,16,118,116,90,7,106"/><U113/><E73/><V54/><F122/><W125/><G106/><T17/><D34/><U45/><E113/><V129/><F32/><W41/><G74/><T85/><D36/><U9/><E45/><V31/><F31/><N who="1" m="11785" /><E97/><V81/><F112/><W87/><G64/><T62/><D114/><U100/><E55/><V134/><F134/><W133/><G7/><T60/><D135/><U117/><E57/><V13/><F129/><W110/><G110/><N who="1" m="42602" /><E100/><V130/><F130/><W96/><G96/><T131/><D131/><U83/><E83/><V111/><F111/><W61/><G61/><T67/><D98/><U105/><E105/><V59/><F53/><W65/><G65/><T66/><D75/><U124/><E117/><N who="3" m="45162" /><G133/><T35/><D35/><U99/><E99/><V101/><F101/><W107/><G107/><T39/><D72/><U26/><E124/><N who="3" m="47722" /><G51/><T50/><D39/><U68/><E26/><V5/><F93/><W40/><AGARI ba="1,0" hai="14,16,21,40,41,87,90,92" m="47722,45162" machi="40" ten="40,8000,1" yaku="12,1,18,1,52,2,54,1" doraHai="38" who="3" fromWho="3" sc="230,-21,255,-41,290,-21,225,83" /><INIT seed="2,0,0,3,2,95" ten="209,214,269,308" oya="2" hai0="74,14,71,90,102,88,109,120,26,31,56,75,25" hai1="68,44,43,105,101,83,84,134,1,51,66,112,21" hai2="22,63,100,115,32,17,78,16,76,60,36,98,38" hai3="40,57,10,5,69,41,53,124,118,58,19,94,48"/><V108/><F115/><W64/><G69/><T55/><D71/><U129/><E112/><V132/><F32/><W35/><G118/><T65/><D120/><U30/><E1/><V127/><F127/><W92/><G35/><T50/><D65/><U122/><E134/><V61/><F132/><W123/><G123/><T96/><D109/><U126/><E126/><V81/><F108/><W82/><G19/><T85/><D14/><U67/><E129/><V125/><F125/><W28/><G28/><T70/><D70/><U47/><E47/><V121/><F121/><W62/><G82/><T39/><D39/><U15/><E68/><V9/><F9/><W3/><G124/><T110/><D110/><U99/><E122/><V23/><F81/><W52/><G64/><T91/><D85/><U18/><REACH who="1" step="1"/><E30/><REACH who="1" ten="209,204,269,308" step="2"/><V8/><F8/><W20/><G40/><T133/><D133/><U42/><E42/><V33/><F33/><W111/><G41/><T131/><D131/><U73/><E73/><V11/><F11/><W24/><G111/><T93/><REACH who="0" step="1"/><D31/><REACH who="0" ten="199,204,269,308" step="2"/><U119/><E119/><V27/><F38/><W12/><G3/><T7/><D7/><U59/><E59/><V107/><REACH who="2" step="1"/><F36/><REACH who="2" ten="199,204,259,308" step="2"/><W0/><REACH who="3" step="1"/><G0/><REACH who="3" ten="199,204,259,298" step="2"/><RYUUKYOKU type="reach4" ba="0,4" sc="199,0,204,0,259,0,298,0" hai0="25,26,50,55,56,74,75,88,90,91,93,96,102" hai1="15,18,21,43,44,51,66,67,83,84,99,101,105" hai2="16,17,22,23,27,60,61,63,76,78,98,100,107" hai3="5,10,12,20,24,48,52,53,57,58,62,92,94" /><INIT seed="2,1,4,4,3,31" ten="199,204,259,298" oya="2" hai0="4,3,84,130,42,96,43,12,59,89,125,117,38" hai1="25,98,21,134,122,88,121,95,24,101,104,6,51" hai2="56,33,34,9,77,107,93,115,46,82,7,36,19" hai3="79,126,119,92,37,75,22,69,58,48,65,30,131"/><V26/><F115/><W11/><G37/><T78/><D3/><U94/><E104/><V106/><F93/><W114/><G69/><T20/><D38/><U55/><E21/><V52/><F19/><W28/><G75/><T40/><D117/><U70/><E6/><V13/><F26/><W35/><G119/><T2/><D2/><U97/><E70/><V111/><F111/><W120/><G35/><T0/><D0/><U116/><E134/><V83/><F83/><W72/><G79/><T64/><D125/><U17/><E17/><V61/><F107/><W45/><G72/><T63/><D130/><U109/><E109/><V128/><F106/><W108/><G120/><N who="1" m="46186" /><E116/><V50/><F36/><W100/><G114/><T135/><D135/><U74/><E74/><V129/><F82/><W86/><G131/><N who="2" m="50249" /><F77/><W73/><G126/><T1/><D1/><U124/><E124/><V90/><F90/><N who="3" m="53335" /><G73/><T81/><D78/><U29/><E29/><N who="3" m="11370" /><G108/><T66/><D96/><U103/><E103/><V44/><F44/><AGARI ba="1,4" hai="24,25,44,51,55,88,94,95,97,98,101" m="46186" machi="44" ten="30,2000,0" yaku="13,1,54,1" doraHai="31" who="1" fromWho="2" sc="199,0,204,63,259,-23,298,0" /><INIT seed="3,0,0,1,1,8" ten="199,267,236,298" oya="3" hai0="76,120,134,71,84,128,69,85,27,94,123,102,83" hai1="119,114,9,34,46,112,132,61,97,25,126,3,35" hai2="89,108,37,12,133,50,64,6,59,88,110,54,80" hai3="23,65,78,124,115,31,92,16,20,60,45,62,19"/><W51/><G115/><T82/><D27/><U113/><E97/><V15/><F37/><W56/><G78/><T17/><D17/><N who="3" m="6729" /><G62/><T21/><D21/><N who="3" m="8265" /><G124/><T104/><D71/><U5/><E46/><V99/><F6/><W36/><G36/><T53/><D53/><U103/><E103/><V73/><F133/><W90/><G31/><T95/><D69/><U29/><E61/><V10/><F64/><W2/><G2/><T70/><D70/><U130/><E126/><V67/><F67/><W18/><G18/><T100/><D104/><U38/><E38/><V58/><F10/><W7/><G7/><T122/><D134/><U79/><E79/><V121/><F121/><W129/><G129/><T39/><D39/><U74/><E74/><V107/><F59/><W117/><G117/><T49/><D49/><U40/><E40/><V28/><F28/><W44/><G51/><T32/><D32/><N who="1" m="20527" /><E132/><V22/><F22/><W48/><G48/><T41/><D41/><U109/><E130/><V55/><F55/><W96/><AGARI ba="0,0" hai="44,45,56,60,65,90,92,96" m="8265,6729" machi="96" ten="30,3000,0" yaku="8,1,54,1" doraHai="8" who="3" fromWho="3" sc="199,-10,267,-10,236,-10,298,30" owari="189,-31.0,257,6.0,226,-17.0,328,42.0" /></mjloggm>