<mjloggm ver="2.3"><GO type="97" lobby="0"/><UN n0="%48%75%72%6C%65%79" n1="%E3%82%BF%E3%82%A6%E3%83%8B%E3%83%A5%E3%83%BC%E3%83%88%E3%83%AA%E3%83%8E" n2="%E3%82%A6%E3%83%AB%E3%83%88%E3%83%A9%E7%AB%8B%E7%9B%B4" n3="%4D%69%6C%6C%52%65%65%66" dan="15,13,16,13" rate="2003.58,2026.47,1992.76,1848.97" sx="M,M,M,M"/><TAIKYOKU oya="0"/><INIT seed="0,0,0,1,0,110" ten="250,250,250,250" oya="0" hai0="35,66,113,108,75,21,13,67,128,44,7,76,43" hai1="130,85,115,6,109,111,31,92,118,42,116,125,103" hai2="77,22,63,25,49,100,86,17,32,72,9,124,28" hai3="105,134,50,54,55,40,135,52,133,57,74,39,5"/><T81/><D35/><U59/><E31/><V38/><F38/><W62/><G74/><T60/><D128/><U47/><E6/><V68/><F72/><W1/><G105/><T20/><D108/><N who="1" m="41547" /><E130/><V78/><F124/><W12/><G1/><T41/><D67/><U15/><E125/><V26/><F86/><W117/><G117/><T27/><D113/><U90/><E103/><V71/><F71/><W106/><G106/><T127/><D127/><U91/><E15/><V14/><F49/><W121/><G12/><T93/><D93/><N who="1" m="54479" /><E59/><V19/><REACH who="2" step="1"/><F100/><REACH who="2" ten="250,250,240,250" step="2"/><W53/><G121/><T11/><D44/><U64/><E115/><V107/><F107/><W16/><G5/><T132/><D132/><U30/><E118/><V56/><F56/><W112/><G112/><T126/><D126/><U18/><E116/><V95/><F95/><W88/><G16/><T80/><D81/><U36/><E92/><V87/><F87/><W104/><G104/><T84/><D75/><U79/><E18/><V99/><F99/><W48/><G88/><T89/><D76/><U51/><E91/><V98/><F98/><W101/><G101/><T73/><D73/><U82/><E36/><V2/><F2/><W61/><G61/><T37/><D37/><U58/><E79/><V24/><F24/><W3/><G3/><T97/><D97/><U114/><E114/><V119/><F119/><W96/><G96/><T34/><D27/><U94/><E94/><V8/><F8/><W70/><G70/><N who="0" m="42311" /><D34/><U123/><E123/><V29/><F29/><W0/><G0/><T69/><D69/><RYUUKYOKU ba="0,1" sc="250,10,250,-30,240,10,250,10" hai0="7,11,13,20,21,41,43,80,84,89" hai2="9,14,17,19,22,25,26,28,32,63,68,77,78" hai3="39,40,48,50,52,53,54,55,57,62,133,134,135" /><INIT seed="0,1,1,5,2,72" ten="260,220,250,260" oya="0" hai0="7,98,90,130,31,120,41,1,78,52,64,123,27" hai1="70,134,16,129,100,71,13,23,35,6,86,42,91" hai2="133,107,132,22,94,18,115,33,114,38,117,46,83" hai3="14,101,21,8,59,45,126,79,62,106,103,54,11"/><T102/><D130/><U43/><E35/><V131/><F107/><W104/><G126/><T5/><D41/><U116/><E116/><V128/><F33/><W50/><G21/><T26/><D64/><U73/><E73/><V105/><F105/><W87/><G106/><T85/><D90/><U88/><E129/><N who="2" m="49739" /><F117/><W110/><G110/><T28/><D102/><U15/><E134/><N who="2" m="51819" /><F94/><W17/><G11/><T67/><D98/><U53/><E100/><V66/><F66/><W60/><G104/><T68/><D67/><U3/><E3/><V124/><F83/><N who="3" m="47615" /><G62/><T2/><D85/><U112/><E112/><N who="2" m="43051" /><F46/><W99/><G99/><T61/><D61/><U93/><E91/><V81/><F81/><W25/><G25/><T40/><D40/><AGARI ba="1,1" hai="8,14,17,40,45,50,54,59,60,101,103" m="47615" machi="40" ten="30,2000,0" yaku="8,1,52,1" doraHai="72" who="3" fromWho="0" sc="260,-23,220,0,250,0,260,33" /><INIT seed="1,0,0,2,2,109" ten="237,220,250,293" oya="1" hai0="77,43,73,32,30,106,53,22,103,122,0,120,72" hai1="54,101,36,39,58,20,93,40,126,44,121,15,37" hai2="111,92,108,83,131,112,28,52,59,42,12,89,24" hai3="74,69,62,68,82,91,115,25,10,19,129,130,78"/><U135/><E121/><N who="0" m="46697" /><D0/><U128/><E128/><N who="3" m="49258" /><G91/><T2/><D2/><U8/><E135/><V118/><F118/><W9/><G115/><T110/><D110/><N who="2" m="42026" /><F42/><W134/><G134/><T38/><D32/><U88/><E126/><V21/><F131/><W46/><G46/><N who="0" m="23927" /><D77/><U113/><E20/><V47/><F47/><W125/><G125/><T107/><D53/><U116/><E101/><V45/><F45/><W80/><G80/><T61/><D61/><U84/><E113/><V5/><F83/><W29/><G19/><T50/><D50/><U99/><E116/><V18/><F5/><W1/><G1/><T35/><D35/><U76/><E76/><V102/><F102/><W56/><G68/><T55/><D55/><U87/><E87/><N who="2" m="52287" /><F112/><W124/><G69/><T127/><D127/><U26/><E84/><V27/><F28/><W63/><G63/><AGARI ba="0,0" hai="12,18,21,24,27,52,59,63" m="52287,42026" machi="63" ten="30,2000,0" yaku="14,1,54,1" doraHai="109" who="2" fromWho="3" sc="237,0,220,0,250,20,293,-20" /><INIT seed="2,0,0,0,5,48" ten="237,220,270,273" oya="2" hai0="81,69,114,112,15,55,32,40,0,128,36,107,93" hai1="109,44,39,80,51,25,119,42,94,30,130,26,60" hai2="19,75,71,47,116,120,43,5,101,2,127,78,52" hai3="125,58,102,86,124,135,46,49,76,74,87,10,56"/><V23/><F71/><W104/><G74/><T113/><D107/><U100/><E119/><V118/><F120/><W1/><G104/><T98/><D0/><U121/><E109/><V12/><F101/><W31/><G31/><T3/><D3/><U13/><E121/><V21/><F21/><W24/><G24/><T7/><D32/><U99/><E130/><V72/><F72/><W34/><G34/><T77/><D69/><U38/><E80/><V110/><F110/><W11/><G102/><T92/><D128/><U97/><E13/><V22/><F22/><W82/><G86/><T84/><D40/><U8/><E8/><N who="2" m="2103" /><F127/><N who="3" m="48715" /><G135/><T103/><D36/><U111/><E111/><V62/><F12/><W88/><G76/><T90/><D15/><U132/><E132/><V61/><F19/><W28/><G28/><T85/><D7/><U27/><E30/><V123/><F23/><W73/><G73/><T54/><AGARI ba="0,0" hai="54,55,77,81,84,85,90,92,93,98,103,112,113,114" machi="54" ten="40,5200,0" yaku="0,1,52,2" doraHai="48" who="0" fromWho="0" sc="237,52,220,-13,270,-26,273,-13" /><INIT seed="3,0,0,2,4,90" ten="289,207,244,260" oya="3" hai0="106,18,97,80,74,95,40,128,28,70,24,79,114" hai1="64,105,33,15,35,37,0,108,69,125,44,31,51" hai2="72,12,27,84,88,104,110,122,57,78,26,41,117" hai3="121,1,71,134,75,83,29,7,91,5,126,133,42"/><W135/><G121/><T130/><D70/><U34/><E105/><V19/><F117/><W124/><G71/><T16/><D40/><U92/><E0/><V119/><F119/><W111/><G42/><T2/><D106/><U67/><E108/><V52/><F122/><W6/><G111/><T101/><D2/><U113/><E113/><V22/><F104/><W56/><G29/><T94/><D95/><U99/><E125/><N who="3" m="48234" /><G56/><T68/><D68/><U47/><E31/><V107/><F107/><W102/><G102/><T10/><D114/><U116/><E116/><V49/><F41/><W55/><G55/><T45/><D45/><U112/><E112/><V115/><F115/><W23/><G23/><N who="0" m="15391" /><D10/><U14/><E37/><V38/><F38/><W73/><G91/><T86/><D74/><N who="3" m="28169" /><G83/><T32/><D32/><U82/><E82/><N who="2" m="45383" /><F110/><W93/><G93/><AGARI ba="0,0" hai="12,19,22,26,27,49,52,57,84,88,93" m="45383" machi="93" ten="30,7700,0" yaku="25,1,52,1,54,2" doraHai="90" who="2" fromWho="3" sc="289,0,207,0,244,77,260,-77" owari="289,9.0,207,-19.0,321,42.0,183,-32.0" /></mjloggm>