<mjloggm ver="2.3"><GO type="169" lobby="0"/><UN n0="%5A%69%6C%61%6E%74" n1="%6D%65%24%6F" n2="%E6%9C%88%E5%8D%83%E4%B8%80%E5%A4%9C" n3="%E3%82%A6%E3%83%AB%E3%83%88%E3%83%A9%E7%AB%8B%E7%9B%B4" dan="17,18,16,17" rate="2189.41,2298.82,2154.32,2082.09" sx="M,M,F,M"/><TAIKYOKU oya="0"/><INIT seed="0,0,0,5,2,27" ten="250,250,250,250" oya="0" hai0="76,33,34,1,19,60,78,106,126,41,77,123,70" hai1="47,121,82,40,95,35,100,112,119,72,118,94,127" hai2="29,128,113,23,81,97,50,101,66,129,15,125,39" hai3="115,8,130,18,74,134,120,90,96,32,46,42,28"/><T22/><D123/><U31/><E121/><V108/><F113/><W26/><G74/><T36/><D106/><U44/><E112/><V59/><F108/><W75/><G75/><T131/><D1/><U114/><E114/><V85/><F39/><W13/><G120/><T124/><D131/><U57/><E127/><N who="0" m="48681" /><D70/><U51/><E47/><V62/><F125/><W30/><G130/><T54/><D41/><U43/><E43/><V69/><F69/><W38/><G115/><T117/><D36/><U58/><E95/><V24/><F50/><W83/><G134/><T6/><D6/><U11/><E11/><V53/><F15/><W79/><G32/><N who="0" m="12395" /><D117/><U110/><E110/><V55/><F128/><W102/><G26/><N who="0" m="14687" /><D54/><U7/><E7/><V12/><F12/><W61/><G61/><AGARI ba="0,0" hai="60,61,76,77,78" m="14687,12395,48681" machi="61" ten="40,2000,0" yaku="18,1" doraHai="27" who="0" fromWho="3" sc="250,20,250,0,250,0,250,-20" /><INIT seed="0,1,0,3,3,48" ten="270,250,250,230" oya="0" hai0="102,99,4,3,128,45,111,40,46,133,29,72,59" hai1="127,109,83,86,107,88,115,101,104,87,63,124,8" hai2="112,22,47,26,60,131,12,50,130,28,11,85,42" hai3="76,106,81,43,68,9,89,91,126,80,19,79,77"/><T113/><D113/><U118/><E8/><V37/><F112/><W135/><G68/><T57/><D72/><U71/><E71/><V103/><F103/><W82/><G43/><T64/><D29/><U14/><E14/><V94/><F60/><W18/><G9/><T105/><D128/><N who="2" m="49194" /><F85/><W95/><G19/><T62/><D133/><U93/><E63/><V125/><F94/><W27/><G18/><T56/><D111/><U61/><E61/><V66/><F66/><W123/><G27/><T16/><D45/><U15/><E15/><V52/><F125/><N who="1" m="48201" /><E115/><V78/><F78/><N who="3" m="30315" /><G123/><T75/><D75/><U1/><E1/><V58/><F12/><W98/><G126/><T35/><D35/><U2/><E2/><V84/><F84/><N who="3" m="48159" /><G135/><T96/><D4/><U21/><E21/><V41/><F42/><W38/><G38/><T97/><D3/><U36/><E36/><V65/><F65/><W110/><G110/><T23/><D59/><U67/><E67/><V33/><F11/><W100/><G106/><N who="1" m="40490" /><E109/><V39/><F39/><W120/><G120/><T0/><D57/><U129/><E129/><V132/><F132/><W114/><G114/><T51/><REACH who="0" step="1"/><D0/><REACH who="0" ten="260,250,250,230" step="2"/><U34/><E34/><AGARI ba="1,1" hai="22,26,28,33,34,37,41,47,50,52,58" m="49194" machi="34" ten="30,3900,0" yaku="19,1,52,1,54,1" doraHai="48" who="2" fromWho="1" sc="260,0,250,-42,250,52,230,0" /><INIT seed="1,0,0,1,2,93" ten="260,208,302,230" oya="1" hai0="18,122,33,74,80,134,11,45,135,14,109,90,44" hai1="59,23,83,69,22,27,105,98,128,46,111,85,117" hai2="79,34,126,112,54,100,41,63,43,13,25,7,12" hai3="131,121,53,28,81,65,72,71,103,50,106,61,104"/><U97/><E117/><V15/><F126/><W17/><G121/><T2/><D122/><U116/><E116/><V124/><F124/><W5/><G5/><T62/><D33/><U102/><E69/><V108/><F108/><W42/><G81/><T48/><D109/><U78/><E111/><V4/><F79/><W101/><G72/><T3/><D62/><U31/><E128/><V110/><F34/><W30/><G42/><T49/><D74/><U96/><E59/><V95/><F25/><W0/><G0/><T94/><D80/><U107/><E23/><V118/><F112/><W47/><G17/><T57/><D57/><U99/><REACH who="1" step="1"/><E105/><REACH who="1" ten="260,198,302,230" step="2"/><V1/><F110/><W115/><G131/><T52/><D134/><U76/><E76/><V127/><F118/><W38/><G115/><T129/><D135/><U82/><E82/><V16/><F127/><W123/><G106/><T132/><D132/><U73/><E73/><V68/><F68/><W39/><G123/><T67/><D129/><U6/><E6/><V20/><F7/><W120/><G120/><T10/><D11/><U36/><E36/><V26/><F4/><W8/><G39/><T32/><D32/><U29/><E29/><V66/><F20/><W19/><G38/><T133/><D133/><U64/><E64/><V114/><F66/><W56/><G71/><T60/><D67/><U92/><E92/><V125/><F95/><W21/><G104/><T35/><D35/><U58/><E58/><V119/><F119/><W130/><G130/><T24/><D10/><U84/><E84/><V51/><F125/><RYUUKYOKU ba="0,1" sc="260,-10,198,30,302,-10,230,-10" hai1="22,27,31,46,78,83,85,96,97,98,99,102,107" /><INIT seed="1,1,1,4,4,20" ten="250,228,292,220" oya="1" hai0="133,6,29,110,109,64,27,55,80,107,69,96,51" hai1="88,18,0,47,126,39,89,134,113,49,3,104,23" hai2="15,17,28,135,72,66,100,125,32,58,65,46,85" hai3="61,4,13,9,8,73,7,98,130,50,123,81,112"/><U101/><E113/><V128/><F72/><W54/><G123/><T14/><D133/><U102/><E39/><V86/><F135/><W106/><G112/><T116/><D116/><U121/><E134/><V119/><F125/><W34/><G34/><N who="0" m="20799" /><D80/><U1/><E126/><V63/><F128/><W5/><G61/><N who="0" m="40079" /><D6/><U131/><E131/><V92/><F65/><W71/><G71/><T70/><D14/><U37/><E37/><V103/><F46/><W25/><G130/><T83/><D83/><U118/><E118/><V60/><F28/><W74/><G7/><T79/><D70/><U62/><E62/><V2/><F15/><W99/><G25/><T59/><D79/><U82/><E121/><V11/><F60/><W36/><G36/><T56/><D56/><U45/><E45/><V52/><F58/><W111/><G81/><T57/><D57/><U38/><E38/><V19/><F66/><W31/><G31/><T91/><D91/><U24/><E104/><V35/><F119/><W77/><G77/><T68/><D68/><U76/><E102/><AGARI ba="1,1" hai="51,55,59,96,102,107,109,110" m="40079,20799" machi="102" ten="30,2000,0" yaku="25,1,52,1" doraHai="20" who="0" fromWho="1" sc="250,33,228,-23,292,0,220,0" /><INIT seed="2,0,0,5,0,21" ten="283,205,292,220" oya="2" hai0="130,80,35,87,119,53,135,58,32,25,20,13,4" hai1="68,114,126,24,72,7,123,102,31,90,71,109,59" hai2="108,101,93,98,49,19,57,51,75,27,55,22,69" hai3="3,77,94,128,124,43,129,8,86,104,23,11,37"/><V29/><F75/><W52/><G104/><T106/><D106/><U15/><E114/><V122/><F108/><W42/><G37/><T113/><D113/><U44/><E72/><V33/><F122/><W48/><G3/><T34/><D130/><N who="3" m="50281" /><G23/><T54/><D135/><U105/><E123/><V62/><REACH who="2" step="1"/><F69/><REACH who="2" ten="283,205,282,220" step="2"/><W132/><G132/><T117/><D117/><U95/><E109/><V110/><F110/><W103/><G124/><T45/><D119/><U74/><E126/><V17/><F17/><W70/><G70/><T112/><D112/><U133/><E74/><V36/><F36/><W78/><G78/><T92/><D4/><U88/><E133/><V28/><F28/><W16/><G16/><T73/><D73/><U63/><E71/><V84/><F84/><W100/><G77/><T111/><D87/><U83/><E68/><V125/><F125/><W40/><G86/><T67/><D111/><U127/><E127/><V47/><F47/><N who="3" m="27679" /><G103/><T1/><D45/><U61/><E44/><V121/><F121/><W116/><G116/><T5/><D5/><U65/><E7/><V118/><F118/><W76/><G76/><T66/><D1/><U10/><E102/><V30/><F30/><W0/><G0/><T41/><D58/><U64/><E31/><V9/><F9/><W6/><G6/><T38/><D38/><U39/><E39/><V50/><F50/><W60/><G60/><T12/><D35/><U18/><E63/><V2/><F2/><W96/><AGARI ba="0,1" hai="8,11,40,42,43,94,96,100" m="27679,50281" machi="96" ten="40,2700,0" yaku="19,1,54,1" doraHai="21" who="3" fromWho="3" sc="283,-7,205,-7,282,-13,220,37" /><INIT seed="3,0,0,3,2,31" ten="276,198,269,257" oya="3" hai0="103,81,29,90,121,106,98,128,64,12,109,15,130" hai1="71,26,77,112,36,119,89,115,100,79,28,38,34" hai2="59,20,83,60,133,4,11,7,107,66,49,85,50" hai3="70,30,16,24,17,43,105,88,67,6,78,53,108"/><W51/><G43/><T134/><D121/><U97/><E119/><V55/><F107/><W123/><G123/><T37/><D37/><U9/><E89/><V19/><F133/><W92/><G105/><T122/><D122/><U47/><E9/><V110/><F110/><W2/><G78/><T93/><D134/><U56/><E56/><V113/><F113/><W101/><G101/><T127/><D64/><U116/><E116/><V104/><F104/><W5/><G108/><T117/><D117/><U18/><E18/><V62/><F50/><W125/><G125/><T3/><D3/><U76/><E71/><V111/><F111/><W8/><G6/><T0/><D0/><U65/><E65/><V86/><F11/><W126/><G67/><T120/><D120/><U22/><E22/><V95/><F95/><W99/><G70/><T131/><D109/><U45/><E97/><V40/><F40/><W84/><G99/><N who="0" m="61823" /><D127/><U94/><E94/><V13/><F62/><W68/><G68/><T23/><D81/><U35/><E79/><V27/><F27/><AGARI ba="0,0" hai="12,15,23,27,29,90,93,98,128,130,131" m="61823" machi="27" ten="30,1000,0" yaku="19,1" doraHai="31" who="0" fromWho="2" sc="276,10,198,0,269,-10,257,0" /><INIT seed="4,0,0,5,2,38" ten="286,198,259,257" oya="0" hai0="86,28,62,69,26,99,112,23,88,9,111,50,130" hai1="100,104,7,56,1,127,116,40,106,20,102,122,39" hai2="73,19,101,61,22,97,6,96,43,17,113,90,115" hai3="118,114,51,126,57,34,8,128,47,94,58,109,95"/><T14/><D112/><N who="2" m="43082" /><F73/><W55/><G34/><T49/><D130/><U76/><E122/><V107/><F6/><W54/><G109/><T12/><D111/><U18/><E116/><V48/><F61/><W77/><G118/><T30/><D99/><U91/><E127/><V3/><F3/><W11/><G128/><T125/><D125/><U63/><E76/><V67/><F67/><W135/><G77/><T70/><D62/><U5/><E91/><V85/><F96/><W87/><G135/><T42/><D28/><U16/><E1/><V131/><F22/><W64/><G126/><T121/><D121/><U35/><E20/><V123/><F123/><W108/><G108/><T84/><D84/><U98/><E98/><V81/><F131/><W45/><G114/><T79/><D79/><U37/><E63/><V2/><F2/><W24/><G64/><T13/><D9/><U0/><E0/><V53/><F43/><W10/><G24/><T46/><REACH who="0" step="1"/><D49/><REACH who="0" ten="276,198,259,257" step="2"/><U32/><REACH who="1" step="1"/><E56/><AGARI ba="0,1" hai="17,19,48,53,56,81,85,90,97,101,107" m="43082" machi="56" ten="30,1000,0" yaku="15,1" doraHai="38" who="2" fromWho="1" sc="276,0,198,-10,259,20,257,0" /><INIT seed="5,0,0,5,0,2" ten="276,188,279,257" oya="1" hai0="125,99,44,72,89,109,50,82,63,61,85,52,79" hai1="108,96,18,133,23,76,51,14,64,25,12,114,93" hai2="124,3,101,9,91,122,66,116,90,81,80,56,32" hai3="123,26,88,10,112,58,65,57,62,41,86,31,48"/><U131/><E114/><V68/><F116/><W43/><G123/><T98/><D109/><U30/><E108/><V74/><F122/><W102/><G102/><T33/><D33/><U105/><E105/><V106/><F66/><W103/><G103/><T67/><D125/><U59/><E133/><V127/><F101/><W87/><G87/><T73/><D73/><U15/><E76/><V22/><F56/><W53/><G10/><T38/><D38/><U17/><E131/><V84/><F9/><W11/><G11/><T75/><D75/><U69/><E69/><V60/><F74/><W113/><G113/><T16/><D16/><N who="1" m="6251" /><E51/><V39/><F68/><W55/><G65/><T29/><D29/><U128/><E128/><V100/><F106/><W119/><G119/><T34/><D34/><U130/><E130/><V8/><F32/><W132/><G132/><T121/><D121/><U95/><E96/><V54/><F39/><W92/><REACH who="3" step="1"/><G112/><REACH who="3" ten="276,188,279,247" step="2"/><T110/><D110/><U111/><E111/><V107/><F127/><W83/><G83/><T104/><D104/><U13/><N who="1" m="3072" /><DORA hai="6" /><U46/><E46/><V49/><F81/><W45/><G45/><T78/><D72/><U37/><E37/><V77/><F80/><W47/><G47/><T5/><D5/><U21/><E21/><AGARI ba="0,1" hai="21,26,31,41,43,48,53,55,57,58,62,86,88,92" machi="21" ten="30,7700,0" yaku="1,1,7,1,8,1,54,1,53,0" doraHai="2,6" doraHaiUra="4,94" who="3" fromWho="1" sc="276,0,188,-77,279,0,247,87" /><INIT seed="6,0,0,5,5,128" ten="276,111,279,334" oya="2" hai0="86,116,78,12,60,66,52,63,95,14,47,130,134" hai1="37,15,6,111,119,26,61,126,36,114,101,104,105" hai2="0,133,85,24,32,35,106,22,49,8,19,97,87" hai3="1,11,112,127,107,110,69,131,23,94,7,38,46"/><V25/><F133/><W82/><G110/><T91/><D130/><U99/><E111/><V70/><F70/><W41/><G107/><T124/><D124/><U74/><E126/><V64/><F64/><W16/><G69/><T109/><D109/><U118/><E74/><V20/><F49/><W68/><G68/><T18/><D116/><U65/><E114/><V3/><F106/><W17/><G131/><T53/><D134/><U72/><E72/><V92/><F92/><W83/><G112/><T115/><D115/><U57/><E104/><V27/><F97/><W125/><G94/><T84/><D47/><U21/><E37/><V5/><F85/><W28/><G28/><T89/><D78/><U75/><E75/><V51/><F87/><W103/><G103/><T135/><D135/><U100/><E100/><V120/><F51/><W43/><G43/><T34/><D34/><N who="2" m="12842" /><F120/><W13/><G125/><T55/><D66/><U33/><E36/><V122/><F122/><W50/><G127/><T2/><D2/><N who="2" m="554" /><F19/><W4/><G38/><T117/><D117/><U42/><E42/><V59/><F59/><W79/><G17/><T44/><D44/><U29/><E33/><V9/><F5/><W88/><G7/><T113/><D113/><U45/><E45/><V58/><F58/><W81/><G88/><T121/><D121/><U73/><E73/><AGARI ba="0,0" hai="1,4,11,13,16,23,41,46,50,73,79,81,82,83" machi="73" ten="30,2000,0" yaku="7,1,54,1" doraHai="128" who="3" fromWho="1" sc="276,0,111,-20,279,0,334,20" /><INIT seed="7,0,0,5,5,57" ten="276,91,279,354" oya="3" hai0="115,59,130,35,41,99,80,25,65,131,7,14,55" hai1="38,95,61,45,17,83,29,20,64,71,44,63,60" hai2="87,103,74,93,19,43,112,132,18,90,23,66,2" hai3="117,76,126,92,48,33,4,62,86,122,73,39,27"/><W127/><G39/><T96/><D41/><U68/><E29/><V104/><F112/><W12/><G73/><T108/><D108/><U56/><E71/><V100/><F132/><W88/><G76/><T21/><D65/><U47/><E38/><V9/><F74/><W40/><G27/><T42/><D42/><U53/><E83/><V135/><F104/><W0/><G33/><T94/><D35/><U5/><E5/><V36/><F66/><W10/><G0/><T69/><D69/><U6/><E6/><V128/><F128/><N who="0" m="49194" /><D80/><U8/><E8/><V120/><F120/><W134/><G48/><N who="0" m="31207" /><D115/><U81/><E81/><V75/><F75/><W15/><G40/><T125/><D125/><U89/><E64/><V119/><F119/><W116/><G116/><T91/><D96/><U82/><E82/><V1/><F135/><W37/><G134/><T32/><D32/><U133/><E68/><V105/><F105/><W118/><G37/><T121/><D121/><U70/><E70/><V77/><F77/><W28/><G122/><T98/><D98/><U84/><REACH who="1" step="1"/><E133/><REACH who="1" ten="276,81,279,354" step="2"/><V114/><F9/><W46/><G10/><N who="0" m="4447" /><D21/><U78/><E78/><V72/><F23/><W129/><G118/><T97/><D97/><U101/><E101/><V24/><F100/><W113/><G117/><T123/><D123/><U109/><E109/><V102/><F103/><W26/><G129/><T11/><D11/><U106/><E106/><V107/><F102/><W34/><G4/><T85/><D99/><U124/><E124/><V50/><F107/><W49/><G127/><T13/><D25/><AGARI ba="0,1" hai="17,20,25,44,45,47,53,56,60,61,63,84,89,95" machi="25" ten="40,12000,2" yaku="1,1,6,1,8,1,52,3,53,0" doraHai="57" doraHaiUra="79" who="1" fromWho="0" sc="276,-120,81,130,279,0,354,0" owari="156,-34.0,211,-19.0,279,8.0,354,45.0" /></mjloggm>