<mjloggm ver="2.3"><GO type="97" lobby="0"/><UN n0="%41%4B%42%2D%34%38" n1="%E3%82%8A%E3%82%83%E3%82%93" n2="%E3%82%A6%E3%83%AB%E3%83%88%E3%83%A9%E7%AB%8B%E7%9B%B4" n3="%E9%9B%80%E9%AC%BC%EF%BC%9F" dan="14,13,15,13" rate="1925.85,1863.60,2015.16,1815.29" sx="M,M,M,M"/><TAIKYOKU oya="0"/><INIT seed="0,0,0,3,3,130" ten="250,250,250,250" oya="0" hai0="48,120,108,86,131,85,77,60,109,34,124,7,43" hai1="51,113,9,56,114,16,19,6,62,3,125,61,94" hai2="104,88,36,87,54,2,133,39,121,110,102,123,97" hai3="95,105,21,117,115,98,55,96,38,46,126,112,89"/><T1/><D120/><U44/><E125/><V18/><F2/><W64/><G126/><T111/><D124/><U82/><E82/><V90/><F39/><W42/><G117/><T132/><D131/><U101/><E101/><V58/><F36/><W127/><G127/><T27/><D60/><U8/><E94/><V119/><F119/><W135/><G135/><T122/><D122/><U91/><E91/><V84/><F133/><W68/><G55/><T59/><D132/><U81/><E81/><V26/><F110/><W24/><G68/><T4/><D77/><U0/><E56/><V57/><F18/><N who="1" m="6697" /><E51/><V25/><F54/><W116/><G64/><T15/><D1/><N who="1" m="587" /><E44/><V40/><F102/><W10/><G116/><T65/><D65/><U31/><E31/><V100/><F100/><W106/><G105/><T103/><D103/><U79/><E79/><V28/><F28/><W73/><G106/><T92/><D92/><U80/><E80/><V63/><F63/><N who="1" m="24073" /><E6/><N who="0" m="2089" /><D15/><U78/><E78/><V74/><F104/><W66/><G73/><T52/><D43/><U13/><E13/><V30/><F30/><AGARI ba="0,0" hai="27,30,34,48,52,59,85,86,108,109,111" m="2089" machi="30" ten="40,7700,0" yaku="14,1,10,1,54,1" doraHai="130" who="0" fromWho="2" sc="250,77,250,0,250,-77,250,0" /><INIT seed="0,1,0,1,2,36" ten="327,250,173,250" oya="0" hai0="15,49,97,90,46,44,87,93,54,103,72,63,77" hai1="56,124,86,42,116,112,118,99,126,1,28,78,29" hai2="69,107,14,24,114,95,52,108,96,131,55,40,127" hai3="70,115,89,80,104,23,66,135,68,21,120,65,19"/><T73/><D63/><U12/><E1/><V22/><F69/><W101/><G115/><T128/><D128/><U100/><E112/><V18/><F107/><W48/><G120/><T3/><D3/><U82/><E56/><V102/><F114/><W84/><G135/><T88/><D90/><U53/><E53/><V5/><F131/><W129/><G129/><T119/><D119/><U27/><E12/><V30/><F127/><W74/><G74/><T35/><D35/><U67/><E67/><V20/><F108/><W122/><G122/><T37/><D77/><U94/><E42/><V105/><F105/><W57/><G104/><T92/><REACH who="0" step="1"/><D15/><REACH who="0" ten="317,250,173,250" step="2"/><U113/><E113/><V45/><REACH who="2" step="1"/><F5/><REACH who="2" ten="317,250,163,250" step="2"/><W75/><G70/><T76/><D76/><U17/><E118/><V32/><F32/><W6/><G68/><T33/><D33/><U0/><E0/><V43/><F43/><AGARI ba="1,2" hai="37,43,44,46,49,54,72,73,87,88,92,93,97,103" machi="43" ten="40,7700,0" yaku="1,1,52,1,54,1,53,0" doraHai="36" doraHaiUra="125" who="0" fromWho="2" sc="317,100,250,0,163,-80,250,0" /><INIT seed="0,2,0,5,0,62" ten="417,250,83,250" oya="0" hai0="107,113,52,42,120,106,90,91,77,134,96,50,0" hai1="48,63,126,23,133,59,13,15,22,84,97,135,64" hai2="69,51,20,1,103,125,72,76,68,43,111,2,3" hai3="94,131,127,53,61,105,11,80,78,117,121,67,26"/><T12/><D120/><U40/><E126/><V10/><F125/><W37/><G131/><T5/><D0/><U18/><E97/><V60/><F111/><W28/><G117/><T114/><D42/><U34/><E34/><V115/><F115/><W38/><G105/><T95/><D77/><U112/><E112/><V93/><F76/><W14/><G94/><T41/><D41/><U44/><E84/><V35/><F72/><W57/><G53/><T25/><D134/><U75/><E75/><V79/><F35/><W83/><G121/><T132/><D132/><N who="1" m="50763" /><E22/><V71/><F79/><W101/><G101/><T86/><D114/><U74/><E74/><V65/><F20/><W39/><G78/><T66/><D25/><AGARI ba="2,0" hai="13,15,18,23,25,40,44,48,59,63,64" m="50763" machi="25" ten="30,2000,0" yaku="20,1,52,1" doraHai="62" who="1" fromWho="0" sc="417,-26,250,26,83,0,250,0" /><INIT seed="1,0,0,4,0,70" ten="391,276,83,250" oya="1" hai0="59,24,49,9,80,11,52,61,117,47,0,126,20" hai1="89,64,135,14,100,104,127,55,86,133,10,84,116" hai2="82,92,43,18,57,113,1,53,111,88,87,7,102" hai3="118,96,115,41,34,42,93,19,36,69,132,101,124"/><U91/><E116/><V129/><F111/><W44/><G69/><T109/><D117/><U45/><E127/><V29/><F129/><W66/><G34/><T74/><D109/><U46/><E64/><V95/><F113/><W119/><G115/><T16/><D126/><U83/><E104/><V68/><F68/><W54/><G124/><T58/><D0/><U3/><E100/><V114/><F114/><W120/><G120/><T131/><D131/><U122/><E122/><V60/><F29/><W130/><G66/><N who="0" m="39223" /><D74/><U17/><E3/><V27/><F7/><W98/><G132/><T79/><D79/><U6/><E6/><V26/><F1/><W39/><G130/><T12/><D80/><U94/><E55/><V37/><F102/><W31/><G31/><N who="0" m="17799" /><D9/><U112/><E112/><V32/><F32/><W108/><G108/><T128/><D128/><U22/><E10/><V67/><F67/><W56/><G19/><T81/><D81/><U78/><REACH who="1" step="1"/><E78/><REACH who="1" ten="391,266,83,250" step="2"/><V103/><F103/><W105/><G119/><T65/><D65/><U110/><E110/><V13/><F43/><W35/><G118/><T4/><D4/><U50/><E50/><V125/><F125/><W106/><G105/><T76/><D76/><U2/><E2/><V48/><F48/><W30/><G106/><T134/><D134/><AGARI ba="0,1" hai="14,17,22,45,46,83,84,86,89,91,94,133,134,135" machi="134" ten="40,3900,0" yaku="1,1,20,1,53,0" doraHai="70" doraHaiUra="23" who="1" fromWho="0" sc="391,-39,266,49,83,0,250,0" /><INIT seed="1,1,0,2,2,111" ten="352,315,83,250" oya="1" hai0="43,82,90,69,99,125,59,41,2,81,55,64,94" hai1="4,102,27,18,44,29,135,73,70,83,101,126,118" hai2="48,66,40,106,110,19,15,97,60,96,62,109,132" hai3="47,23,17,61,104,30,52,26,67,93,127,36,8"/><U84/><E118/><V80/><F132/><W71/><G127/><T79/><D125/><U68/><E126/><V123/><F123/><W24/><G104/><T86/><D2/><U128/><E73/><V16/><F106/><W75/><G75/><T122/><D122/><U7/><E135/><V92/><F48/><W98/><G36/><T9/><D9/><U89/><E128/><V95/><F40/><W54/><G47/><T131/><D131/><U45/><E18/><V58/><F80/><W65/><G65/><T115/><D64/><U112/><E112/><V107/><F107/><W51/><G51/><T53/><D115/><U6/><E45/><V100/><F15/><W5/><G5/><T77/><D69/><U28/><E44/><V42/><F42/><W74/><G8/><T37/><D37/><U0/><E0/><V85/><F85/><W20/><REACH who="3" step="1"/><G74/><REACH who="3" ten="352,315,83,240" step="2"/><T33/><D77/><U105/><E105/><V3/><F3/><W76/><G76/><T116/><D79/><U46/><E46/><V130/><F130/><W1/><G1/><T11/><D11/><U49/><E49/><V78/><F78/><W134/><G134/><T103/><D116/><U113/><E113/><V14/><F62/><W38/><G38/><T121/><D43/><U56/><E70/><V91/><REACH who="2" step="1"/><F14/><REACH who="2" ten="352,315,73,240" step="2"/><W129/><G129/><T22/><D41/><U39/><E39/><V32/><F32/><W10/><G10/><T120/><D33/><U21/><E68/><V50/><F50/><W12/><G12/><T63/><D121/><U72/><E72/><V119/><F119/><RYUUKYOKU ba="1,2" sc="352,-15,315,-15,73,15,240,15" hai2="16,19,58,60,66,91,92,95,96,97,100,109,110" hai3="17,20,23,24,26,30,52,54,61,67,71,93,98" /><INIT seed="2,2,2,0,4,99" ten="337,300,88,255" oya="2" hai0="130,117,5,64,49,119,91,135,82,112,120,9,126" hai1="80,11,98,94,79,131,19,96,84,4,123,3,14" hai2="8,122,51,67,17,41,18,78,28,57,88,70,129" hai3="69,103,72,7,39,12,35,92,121,86,76,95,60"/><V100/><F70/><W106/><G121/><T30/><D120/><U24/><E123/><V42/><F122/><W58/><G35/><T29/><D112/><U63/><E131/><V109/><F129/><W36/><G69/><T102/><D130/><U133/><E133/><V34/><F34/><W124/><G124/><T87/><D135/><U6/><E3/><V127/><F127/><W108/><G108/><T52/><D64/><U13/><E24/><V110/><F28/><W33/><G33/><T74/><D102/><N who="1" m="60695" /><E98/><V114/><F114/><W27/><G27/><T37/><D37/><U107/><E107/><V2/><F78/><W22/><G106/><T66/><D66/><U48/><E48/><V46/><F41/><W111/><G72/><T20/><D74/><U104/><E104/><V32/><F32/><W68/><G39/><T75/><D75/><U73/><E73/><V71/><F71/><W81/><G36/><T59/><D126/><U31/><E31/><V1/><F100/><W89/><G68/><T85/><D85/><U83/><E83/><V26/><F88/><W134/><G134/><T15/><BYE who="3" /><D20/><N who="1" m="11375" /><E63/><N who="2" m="38383" /><F26/><UN n3="%E9%9B%80%E9%AC%BC%EF%BC%9F" /><W128/><G111/><N who="2" m="42505" /><F2/><W118/><G128/><T55/><D55/><U77/><E77/><V50/><F50/><W56/><G118/><AGARI ba="2,2" hai="5,9,15,29,30,49,52,59,82,87,91,117,118,119" machi="118" ten="40,2600,0" yaku="12,1,54,1" doraHai="99" who="0" fromWho="3" sc="337,52,300,0,88,0,255,-32" /><INIT seed="3,0,0,3,4,25" ten="389,300,88,223" oya="3" hai0="126,130,80,129,67,117,128,57,131,66,132,116,51" hai1="23,43,58,36,7,53,4,12,60,46,78,90,121" hai2="114,88,22,95,109,93,108,105,77,55,103,15,48" hai3="0,119,118,47,9,72,134,110,16,49,65,76,28"/><W50/><G134/><T32/><D131/><U74/><E121/><V26/><F114/><W11/><G65/><N who="0" m="24587" /><D132/><U100/><E100/><V82/><F105/><W79/><G72/><T89/><D32/><U54/><E74/><V98/><F109/><W120/><G0/><T45/><D57/><U38/><E78/><V19/><F108/><W87/><G110/><T70/><D126/><U85/><E38/><V33/><F77/><W107/><G107/><T35/><D35/><U127/><E127/><V41/><F41/><W97/><G120/><T2/><D2/><U92/><E54/><V111/><F111/><W86/><G47/><T122/><D70/><U5/><REACH who="1" step="1"/><E23/><REACH who="1" ten="389,290,88,223" step="2"/><V73/><F73/><W125/><G125/><T61/><D122/><U83/><E83/><V94/><F33/><W104/><G104/><T84/><D130/><U8/><AGARI ba="0,1" hai="4,5,7,8,12,36,43,46,53,58,60,85,90,92" machi="8" ten="30,2000,0" yaku="1,1,0,1,53,0" doraHai="25" doraHaiUra="64" who="1" fromWho="1" sc="389,-5,290,30,88,-5,223,-10" owari="384,49.0,320,12.0,83,-42.0,213,-19.0" /></mjloggm>