<mjloggm ver="2.3"><GO type="97" lobby="0"/><UN n0="%E3%81%94%E3%82%8A%E3%81%94%E3%82%8A%E3%81%94%E3%82%8A%E3%82%89" n1="%E3%82%A6%E3%83%AB%E3%83%88%E3%83%A9%E7%AB%8B%E7%9B%B4" n2="%53%49%47%4D%41" n3="%E3%82%A6%E3%83%81%E3%83%80%E3%83%A6%E3%82%AB" dan="14,15,15,13" rate="2115.66,1967.50,1978.45,1845.45" sx="M,M,M,F"/><TAIKYOKU oya="0"/><INIT seed="0,0,0,1,3,8" ten="250,250,250,250" oya="0" hai0="33,24,46,86,30,4,110,35,2,82,130,51,99" hai1="96,78,115,124,91,127,92,111,88,65,81,97,11" hai2="37,39,135,120,80,98,1,45,18,134,72,126,100" hai3="114,83,76,133,121,31,52,15,103,60,27,7,61"/><T16/><D130/><U49/><E65/><V84/><F120/><W62/><G133/><T68/><D68/><U104/><E49/><V25/><F1/><W122/><G114/><T0/><D35/><U93/><E115/><V94/><F72/><W6/><G103/><T29/><D29/><U118/><E118/><V128/><F128/><W106/><G106/><T14/><D4/><U117/><E117/><V119/><F119/><W54/><G122/><T38/><D38/><U69/><E69/><V26/><F126/><N who="1" m="48169" /><E11/><V12/><F39/><W42/><G42/><T85/><D99/><U9/><E9/><V67/><F67/><W131/><G131/><T13/><D86/><N who="1" m="48439" /><E104/><V123/><F123/><W63/><G121/><T95/><D95/><U107/><E107/><V55/><F134/><W36/><G36/><T40/><D110/><AGARI ba="0,0" hai="88,91,92,93,96,97,110,111" m="48439,48169" machi="110" ten="30,7700,0" yaku="18,1,34,2,54,1" doraHai="8" who="1" fromWho="0" sc="250,-77,250,77,250,0,250,0" /><INIT seed="1,0,0,5,1,94" ten="173,327,250,250" oya="1" hai0="115,2,68,16,73,135,59,34,102,86,103,63,78" hai1="8,127,37,114,32,35,80,60,62,84,82,52,117" hai2="54,79,20,36,91,98,110,75,40,1,131,107,64" hai3="15,83,134,124,9,66,109,48,50,53,6,100,58"/><U90/><E37/><V42/><F64/><W70/><G109/><T41/><D2/><U31/><E117/><V11/><F110/><W30/><G124/><T23/><D34/><U77/><E114/><V108/><F108/><W39/><G134/><T24/><D68/><U99/><E127/><V87/><F131/><W13/><G39/><T89/><D115/><U72/><E32/><V88/><F20/><W74/><G30/><T3/><D3/><U26/><E8/><V28/><F28/><W120/><G120/><T118/><D118/><U0/><E0/><V95/><F54/><W71/><G100/><T17/><D41/><U65/><E65/><V25/><F25/><W44/><G66/><T116/><D116/><U125/><E125/><V96/><F36/><W61/><G61/><T129/><D129/><U45/><E45/><V51/><F1/><W21/><G21/><T57/><D57/><U12/><E12/><V67/><F67/><W55/><REACH who="3" step="1"/><G13/><REACH who="3" ten="173,327,250,240" step="2"/><T81/><D135/><U85/><E62/><V7/><F51/><W29/><G29/><T106/><D63/><U46/><E60/><V119/><F119/><W122/><G122/><T4/><D23/><U19/><E31/><V56/><F11/><W111/><G111/><T76/><D103/><U112/><E35/><V18/><F7/><W47/><G47/><T33/><D102/><U123/><E46/><V92/><F56/><W97/><G97/><T133/><D59/><U105/><E123/><V113/><F98/><W130/><G130/><T93/><D4/><U10/><E112/><V104/><F113/><RYUUKYOKU ba="0,1" sc="173,-10,327,-10,250,-10,240,30" hai3="6,9,15,44,48,50,53,55,58,70,71,74,83" /><INIT seed="2,1,1,2,3,135" ten="163,317,240,270" oya="2" hai0="81,130,120,107,13,113,48,23,39,116,59,52,118" hai1="2,105,19,103,15,92,40,71,74,56,65,95,78" hai2="53,60,79,8,70,3,132,35,83,25,49,108,128" hai3="109,14,129,122,47,110,6,4,96,28,9,27,82"/><V131/><F132/><W100/><G129/><T10/><D107/><U119/><E2/><V58/><F108/><N who="3" m="41579" /><G122/><T24/><D39/><U7/><E7/><V61/><F8/><W21/><G47/><T125/><D120/><U104/><E71/><V124/><F3/><W126/><G126/><T54/><D81/><U90/><E78/><V80/><F124/><W50/><G50/><T133/><D113/><U44/><E74/><V88/><F70/><W51/><G51/><T99/><D99/><U102/><E104/><V85/><F128/><W57/><G57/><T114/><D114/><U117/><E105/><V115/><F131/><W77/><G6/><N who="0" m="3287" /><D133/><U94/><E117/><N who="0" m="45161" /><D54/><U91/><E119/><V17/><F115/><W36/><G36/><T33/><D33/><U69/><E69/><V84/><F35/><W111/><N who="3" m="41587" /><W87/><DORA hai="43" /><G96/><T5/><D5/><U112/><E112/><V38/><F38/><W26/><G26/><T1/><D1/><U32/><E32/><V134/><F134/><W29/><G100/><T63/><D130/><U34/><E34/><V12/><F12/><W98/><G98/><T75/><D75/><U127/><E103/><V73/><F73/><W72/><G72/><T67/><D23/><AGARI ba="1,1" hai="17,23,25,49,53,58,60,61,79,80,83,84,85,88" machi="23" ten="40,3900,0" yaku="8,1,54,1" doraHai="135,43" who="2" fromWho="0" sc="163,-42,317,0,240,52,270,0" /><INIT seed="2,2,0,3,3,120" ten="121,317,292,270" oya="2" hai0="51,100,94,118,115,53,54,27,121,72,112,32,69" hai1="22,1,38,95,101,29,67,42,2,68,41,82,21" hai2="99,124,77,135,31,71,44,17,103,3,45,114,34" hai3="49,127,119,88,47,5,128,10,110,48,26,36,58"/><V91/><F114/><W104/><G110/><T113/><D69/><U109/><E38/><V20/><F77/><W74/><G127/><T28/><D72/><U92/><E68/><V7/><F124/><W55/><G128/><T93/><D121/><U85/><E67/><V35/><F71/><W75/><G104/><T62/><D118/><U66/><E66/><V57/><F57/><W14/><G36/><T9/><D9/><U105/><E105/><V97/><F135/><W4/><G4/><T70/><D100/><U86/><E101/><V108/><F7/><W40/><G119/><T18/><D18/><U39/><E39/><V98/><F3/><W126/><G126/><T84/><D84/><U96/><E96/><V78/><F78/><W130/><G130/><T33/><D70/><U79/><E79/><V134/><F134/><W102/><G102/><T52/><D62/><U83/><E29/><V129/><F129/><W37/><G37/><T116/><D116/><U12/><E12/><V8/><F103/><W59/><G59/><T61/><D61/><U6/><E6/><V46/><F91/><W131/><G131/><T60/><D60/><U63/><E63/><V19/><F8/><W24/><G88/><T76/><D76/><U50/><E50/><V133/><F133/><W73/><AGARI ba="2,0" hai="5,10,14,24,26,40,47,48,49,55,58,73,74,75" machi="73" ten="30,1100,0" yaku="0,1" doraHai="120" who="3" fromWho="3" sc="121,-5,317,-5,292,-7,270,17" /><INIT seed="3,0,0,3,5,74" ten="116,312,285,287" oya="3" hai0="112,98,133,7,89,125,8,100,71,18,28,84,15" hai1="129,123,134,60,55,104,59,36,127,47,45,58,14" hai2="106,26,85,4,68,54,108,95,117,20,33,119,37" hai3="103,35,61,81,0,76,22,57,29,114,86,107,11"/><W51/><G114/><T48/><D71/><U94/><E104/><V135/><F106/><W113/><G113/><T46/><D112/><U44/><E123/><V122/><F122/><W34/><G51/><T41/><D133/><U31/><E134/><V39/><F135/><W91/><G107/><T120/><D120/><U132/><E132/><V5/><F68/><W52/><G103/><T32/><D32/><U128/><E31/><V64/><F64/><W105/><G105/><T116/><D116/><U72/><E72/><V115/><F115/><W93/><G0/><T102/><D125/><U92/><E36/><V65/><F65/><W75/><G11/><T43/><D28/><U130/><E127/><V69/><F69/><W16/><G29/><T118/><D118/><U2/><E2/><V88/><F33/><W87/><G75/><T124/><D124/><U77/><E77/><V73/><F73/><W27/><AGARI ba="0,0" hai="16,22,27,34,35,52,57,61,76,81,86,87,91,93" machi="27" ten="20,12000,1" yaku="0,1,7,1,52,1,54,2" doraHai="74" who="3" fromWho="3" sc="116,-40,312,-40,285,-40,287,120" owari="76,-42.0,272,7.0,245,-15.0,407,50.0" /></mjloggm>