<mjloggm ver="2.3"><GO type="41" lobby="0"/><UN n0="%E3%82%A6%E3%83%AB%E3%83%88%E3%83%A9%E7%AB%8B%E7%9B%B4" n1="%E3%81%B2%E3%81%93%E3%81%9F%E3%82%8D%E3%81%86" n2="%E3%81%AB%E3%81%8F%E3%82%84" n3="%E3%81%8B%E3%82%89%E3%81%8F%E3%82%8A%E5%B1%8B%E6%95%B7" dan="16,14,15,15" rate="2089.39,1909.26,2054.92,2064.14" sx="M,M,F,M"/><TAIKYOKU oya="0"/><INIT seed="0,0,0,5,5,74" ten="250,250,250,250" oya="0" hai0="44,48,28,36,98,92,65,70,102,5,15,46,127" hai1="57,8,11,121,128,53,125,116,62,129,14,60,130" hai2="47,7,39,118,67,105,88,13,43,6,82,4,75" hai3="78,99,0,84,30,20,27,56,51,50,23,16,58"/><T26/><D127/><U96/><E125/><V79/><F105/><W37/><G0/><T106/><D36/><U66/><E121/><V63/><F118/><W76/><G37/><T103/><D103/><U89/><E116/><V54/><F54/><W134/><G134/><T55/><D92/><U132/><E132/><V19/><F88/><W34/><G34/><T101/><D101/><U122/><E122/><V113/><F113/><W95/><G84/><T71/><D46/><U73/><E73/><V100/><F100/><N who="3" m="60543" /><G51/><T49/><D49/><U90/><E96/><V112/><F112/><W18/><G18/><T41/><D55/><U35/><E35/><V83/><F82/><W117/><G117/><T124/><D124/><U114/><E114/><V33/><F33/><W2/><G2/><T115/><D115/><U131/><N who="1" m="33280" /><DORA hai="31" /><U119/><E119/><V85/><F75/><W3/><G3/><T29/><D29/><U40/><E40/><V111/><F111/><W1/><G1/><T87/><D87/><U52/><E53/><V81/><F81/><W64/><G50/><T126/><D126/><U80/><E80/><V17/><REACH who="2" step="1"/><F13/><REACH who="2" ten="250,250,240,250" step="2"/><W120/><G120/><T133/><D133/><U42/><E42/><V61/><F61/><N who="3" m="37927" /><G58/><AGARI ba="0,1" hai="4,6,7,17,19,39,43,47,58,63,67,79,83,85" machi="58" ten="40,5200,0" yaku="1,1,52,1,53,1" doraHai="74,31" doraHaiUra="59,109" who="2" fromWho="3" sc="250,0,250,0,240,62,250,-52" /><INIT seed="1,0,0,3,1,41" ten="250,250,302,198" oya="1" hai0="109,95,72,65,115,50,48,82,73,36,93,0,88" hai1="39,33,100,47,58,20,13,5,42,59,62,114,102" hai2="51,127,122,84,106,129,57,14,120,1,8,6,112" hai3="111,118,133,134,4,35,119,32,125,131,128,52,16"/><U77/><E114/><V54/><F112/><W43/><G43/><T103/><D36/><U70/><E33/><N who="3" m="12874" /><G4/><T30/><D0/><U66/><E77/><V101/><F127/><W46/><G16/><T9/><D115/><U135/><E135/><N who="3" m="51722" /><G111/><T105/><D30/><U113/><E113/><V23/><F129/><N who="3" m="49739" /><G125/><T55/><D109/><U26/><E5/><V124/><F124/><W71/><G71/><T37/><D9/><U74/><E74/><V89/><F1/><W15/><G15/><T96/><D72/><U21/><E13/><V92/><F23/><W75/><G75/><T132/><D132/><U27/><E70/><V78/><F120/><W90/><G90/><T38/><D73/><U98/><E59/><V19/><F122/><W91/><G91/><T108/><D88/><U11/><E11/><V94/><F6/><W18/><G18/><T61/><D108/><U116/><E116/><V10/><F10/><W69/><G69/><T22/><D22/><U87/><E87/><V7/><F7/><W85/><G85/><T97/><D97/><U99/><E21/><V44/><F8/><W60/><G60/><T56/><D96/><U34/><E34/><V28/><F19/><W24/><G24/><T79/><D61/><U123/><E123/><V86/><F14/><W117/><G52/><T17/><D55/><U29/><E27/><V64/><F54/><W2/><G46/><T76/><D17/><U45/><E45/><V130/><F44/><W25/><G25/><T68/><D68/><U63/><E63/><V121/><F130/><W53/><G53/><RYUUKYOKU ba="0,0" sc="250,-15,250,15,302,-15,198,15" hai1="20,26,29,39,42,47,58,62,66,98,99,100,102" hai3="2,117,118,119" /><INIT seed="1,1,0,3,5,99" ten="235,265,287,213" oya="1" hai0="70,22,92,100,89,132,76,40,48,56,78,93,57" hai1="126,13,10,74,6,97,79,108,51,43,49,44,5" hai2="62,29,0,125,81,26,30,130,122,19,77,47,90" hai3="64,16,33,65,116,115,131,84,23,39,118,60,71"/><U20/><E126/><V27/><F122/><W129/><G33/><T105/><D70/><U38/><E108/><V41/><F125/><W61/><G39/><T28/><D105/><U94/><E6/><V98/><F0/><W121/><G121/><T14/><D132/><U95/><E95/><V72/><F130/><N who="3" m="49675" /><G115/><T8/><D57/><U53/><E20/><V9/><F62/><N who="3" m="24171" /><G84/><T18/><D56/><U58/><E79/><V34/><F9/><W46/><G71/><T66/><D66/><N who="3" m="25705" /><G46/><T24/><D48/><U7/><E74/><V102/><F19/><W55/><G55/><T109/><D109/><U12/><E38/><V69/><F69/><W101/><G101/><T107/><D107/><U67/><E67/><V11/><F11/><W87/><G87/><T111/><D111/><U114/><E114/><V1/><F1/><W96/><G96/><T50/><D92/><U73/><E73/><V75/><F75/><W68/><G68/><T17/><D17/><N who="1" m="8343" /><E13/><AGARI ba="1,0" hai="13,16,23,116,118" m="25705,24171,49675" machi="13" ten="30,2000,0" yaku="19,1,54,1" doraHai="99" who="3" fromWho="1" sc="235,0,265,-23,287,0,213,23" /><INIT seed="2,0,0,2,3,76" ten="235,242,287,236" oya="2" hai0="114,44,101,1,41,134,51,110,108,132,62,119,133" hai1="9,12,5,109,55,106,71,116,93,53,111,37,86" hai2="24,57,89,17,78,70,60,68,42,33,107,49,25" hai3="59,91,54,74,117,98,21,30,90,6,65,87,7"/><V120/><F120/><W128/><G74/><T40/><D1/><U81/><E106/><V67/><F107/><W22/><G128/><T58/><D101/><U43/><E116/><V112/><F112/><W100/><G65/><T84/><D84/><U13/><E71/><V99/><F78/><W61/><G117/><T82/><D82/><U115/><E115/><V130/><F130/><W45/><G45/><T123/><D114/><U113/><E113/><V4/><F4/><W29/><G91/><T102/><D102/><U34/><E34/><V10/><F33/><W50/><G50/><T63/><D119/><U88/><E13/><N who="2" m="7351" /><F68/><W18/><G30/><T131/><D123/><U124/><E124/><V56/><F70/><W66/><G54/><T48/><D131/><U39/><E39/><V97/><F42/><W38/><G38/><T47/><D58/><U19/><E5/><V94/><F97/><W126/><G22/><T118/><D118/><U46/><REACH who="1" step="1"/><E93/><REACH who="1" ten="235,232,287,236" step="2"/><V104/><F104/><W92/><G126/><T121/><D121/><U8/><E8/><V73/><F94/><N who="3" m="58455" /><G29/><T35/><D35/><U14/><E14/><AGARI ba="0,1" hai="6,7,14,18,21,59,61,66,87,90,92" m="58455" machi="14" ten="30,1000,0" yaku="8,1" doraHai="76" who="3" fromWho="1" sc="235,0,232,-10,287,0,236,20" /><INIT seed="3,0,0,4,3,24" ten="235,222,287,256" oya="3" hai0="69,51,127,77,44,78,114,42,49,17,116,70,31" hai1="111,126,99,48,25,54,13,4,53,90,88,92,132" hai2="9,30,55,131,112,107,57,47,124,6,95,52,85" hai3="94,39,76,14,2,100,129,19,115,10,133,1,108"/><W73/><G39/><T15/><D116/><U26/><E111/><V79/><F107/><W84/><G115/><T93/><D114/><U83/><E132/><V120/><F112/><W5/><G133/><T110/><D110/><U128/><E128/><V16/><F131/><W56/><G108/><T65/><D127/><U35/><E126/><V20/><F124/><W121/><G129/><T8/><D69/><U0/><E0/><V12/><F120/><W36/><G121/><T86/><D65/><U41/><E41/><V40/><F40/><W81/><G36/><T34/><D70/><U123/><E123/><V23/><F47/><W118/><G118/><T105/><D105/><U63/><E63/><V59/><F23/><W64/><G64/><T87/><D51/><U75/><E75/><V97/><F85/><W101/><G2/><T18/><D18/><U119/><E119/><V62/><F79/><W68/><G68/><T67/><D67/><U104/><E104/><V58/><F55/><W22/><G56/><T50/><D50/><U61/><E61/><V134/><F134/><W74/><G74/><T113/><D113/><U106/><E106/><V7/><F30/><W125/><G125/><T109/><D109/><U60/><E60/><V46/><F46/><W117/><G117/><T33/><D86/><U21/><E35/><V29/><F29/><W43/><G43/><T130/><D130/><U66/><E66/><V32/><F32/><N who="0" m="12394" /><D31/><U71/><E71/><V91/><F7/><W89/><AGARI ba="0,0" hai="1,5,10,14,19,22,73,76,81,84,89,94,100,101" machi="89" ten="30,1500,0" yaku="0,1" doraHai="24" who="3" fromWho="3" sc="235,-5,222,-5,287,-5,256,15" /><INIT seed="3,1,0,0,1,36" ten="230,217,282,271" oya="3" hai0="87,49,30,7,113,126,27,101,59,115,54,83,119" hai1="69,63,89,57,23,33,100,62,46,79,42,35,55" hai2="19,26,10,90,129,111,70,124,37,60,38,85,32" hai3="128,120,117,82,52,109,39,40,106,75,76,22,94"/><W58/><G106/><T116/><D126/><U0/><E0/><V112/><F112/><W72/><G120/><T14/><D101/><U28/><E79/><V84/><F124/><W24/><G117/><T20/><D116/><U135/><E135/><V51/><F111/><W8/><G109/><T25/><D119/><U16/><E28/><V2/><F129/><W31/><G128/><T96/><D96/><U65/><E100/><V74/><F74/><W78/><G94/><T88/><REACH who="0" step="1"/><D25/><REACH who="0" ten="220,217,282,271" step="2"/><U43/><E89/><V127/><F26/><W133/><G133/><T15/><D15/><U50/><E43/><V102/><F90/><W61/><G78/><T1/><D1/><U91/><E91/><V105/><F102/><W81/><G72/><T13/><D13/><AGARI ba="1,1" hai="13,16,23,33,35,42,46,50,55,57,62,63,65,69" machi="13" ten="30,3900,0" yaku="7,1,52,1,54,1" doraHai="36" who="1" fromWho="0" sc="220,-42,217,52,282,0,271,0" /><INIT seed="4,0,0,0,5,58" ten="178,269,282,271" oya="0" hai0="42,45,0,134,67,103,97,125,30,57,132,93,31" hai1="131,108,80,50,78,26,39,79,21,40,34,113,99" hai2="126,83,3,86,47,36,60,11,133,120,19,13,69" hai3="90,37,16,85,14,128,35,20,33,12,112,74,61"/><T29/><D0/><U2/><E108/><V119/><F120/><W56/><G74/><T114/><D114/><U116/><E116/><V5/><F119/><W46/><G128/><T15/><D15/><U73/><E131/><V25/><F126/><W122/><G112/><T52/><D67/><U118/><E118/><V9/><F133/><W101/><G101/><T127/><D45/><U28/><E113/><V70/><F25/><W71/><G71/><T95/><D42/><U107/><E79/><V49/><F36/><W53/><G122/><T124/><REACH who="0" step="1"/><D95/><REACH who="0" ten="168,269,282,271" step="2"/><U1/><E21/><V65/><F70/><W38/><G38/><T82/><D82/><U130/><E130/><V92/><F92/><W84/><G37/><T4/><D4/><U54/><E39/><V76/><F47/><W17/><G46/><T8/><D8/><U18/><E40/><V115/><F115/><W123/><G123/><T100/><D100/><U23/><E107/><V48/><AGARI ba="0,1" hai="3,5,9,11,13,19,48,49,60,65,69,76,83,86" machi="48" ten="30,2000,0" yaku="0,1,52,1" doraHai="58" who="2" fromWho="2" sc="168,-10,269,-5,282,30,271,-5" /><INIT seed="5,0,0,5,5,60" ten="158,264,312,266" oya="1" hai0="65,71,133,36,123,135,53,130,117,78,82,111,131" hai1="98,58,80,37,56,63,30,50,97,72,54,48,68" hai2="11,10,128,28,17,13,55,52,99,38,104,70,2" hai3="102,132,26,95,107,6,94,3,126,101,105,109,116"/><U79/><E37/><V89/><F128/><N who="0" m="49194" /><D82/><U110/><E110/><V27/><F38/><W59/><G109/><T4/><D4/><U31/><E68/><V88/><F70/><W15/><G3/><T14/><D14/><U20/><E50/><V118/><F118/><W93/><G6/><T66/><D78/><U119/><E119/><V77/><F77/><W40/><G15/><T134/><D111/><U124/><E124/><V43/><F43/><W51/><G126/><T0/><D0/><U125/><E125/><V61/><F2/><W45/><G132/><T35/><D35/><U22/><E22/><N who="2" m="15479" /><F104/><W112/><G107/><T106/><D106/><U83/><E83/><V42/><F42/><W129/><G105/><T24/><D24/><U75/><E75/><V16/><F61/><W39/><G26/><T115/><D117/><U1/><E1/><V9/><F17/><W84/><G129/><T103/><D103/><U7/><E7/><V90/><F99/><W12/><G102/><T85/><D85/><U34/><E34/><V64/><F64/><N who="0" m="24682" /><D71/><U74/><E74/><V91/><N who="2" m="22528" /><DORA hai="96" /><V73/><F73/><W62/><G84/><T47/><D123/><U100/><E100/><V92/><F92/><W29/><G101/><T113/><D36/><U49/><E98/><V41/><F10/><W127/><G127/><T86/><D86/><U122/><E97/><V44/><F11/><W46/><G116/><T5/><D5/><U120/><E122/><V18/><F18/><W25/><G95/><T21/><D21/><U33/><E120/><V32/><F32/><RYUUKYOKU ba="0,0" sc="158,15,264,-15,312,15,266,-15" hai0="47,53,113,115,133,134,135" hai2="9,13,16,41,44,52,55" /><INIT seed="6,1,0,3,1,42" ten="173,249,327,251" oya="2" hai0="21,45,18,12,17,31,104,111,70,118,26,124,1" hai1="10,51,11,87,36,7,132,61,101,119,64,108,8" hai2="120,90,62,131,40,112,33,71,91,3,41,28,54" hai3="129,94,35,39,37,113,20,22,30,121,69,55,110"/><V59/><F120/><W116/><G69/><T89/><D70/><U81/><E119/><V13/><F3/><W32/><G116/><T134/><D1/><U53/><E108/><V0/><F0/><W15/><G110/><T72/><D111/><U14/><E132/><V82/><F131/><W68/><G68/><T48/><D134/><U46/><E36/><V127/><F127/><W135/><G121/><T23/><D124/><U24/><E101/><V44/><F112/><W97/><G135/><T75/><D118/><U85/><E85/><V9/><F71/><W6/><G129/><T115/><D115/><U117/><E117/><V63/><F28/><W5/><G37/><T56/><D104/><U79/><E64/><V96/><F33/><W84/><G39/><T107/><D107/><U19/><E61/><V130/><F130/><W4/><G113/><T52/><D89/><U73/><E73/><V80/><F63/><W92/><G32/><T16/><D72/><U98/><E98/><V114/><F114/><W125/><G35/><T88/><D75/><U105/><E105/><V77/><F41/><W128/><G128/><T99/><D56/><U47/><E47/><V126/><F126/><W76/><G30/><T67/><D67/><U86/><E86/><N who="2" m="48399" /><F96/><W122/><G122/><T65/><D65/><U58/><E58/><V78/><F82/><N who="3" m="47175" /><G15/><T29/><D29/><U57/><E57/><V74/><F78/><W123/><G123/><T100/><D100/><U109/><E109/><V43/><F74/><W102/><G125/><T93/><AGARI ba="1,0" hai="12,16,17,18,21,23,26,31,45,48,52,88,93,99" machi="93" ten="30,12000,2" yaku="0,1,8,1,52,1,54,3" doraHai="42" who="0" fromWho="0" sc="173,123,249,-31,327,-61,251,-31" /><INIT seed="7,0,0,1,0,29" ten="296,218,266,220" oya="3" hai0="117,65,13,96,133,6,5,105,79,4,93,52,31" hai1="91,11,12,62,132,100,57,22,1,34,92,58,50" hai2="60,108,47,114,23,2,37,111,28,55,61,97,0" hai3="95,46,38,41,135,122,123,16,21,70,15,33,107"/><W45/><G107/><T64/><D105/><U40/><E1/><V49/><F114/><W112/><G70/><T7/><D117/><U110/><E110/><V44/><F2/><W118/><G118/><T63/><D133/><U54/><E132/><V90/><F0/><W59/><G135/><T78/><D31/><U71/><E100/><V113/><F113/><W115/><G45/><T68/><D68/><U19/><E71/><V86/><F61/><W75/><G75/><T120/><D120/><U25/><E34/><V8/><F8/><W88/><G33/><T32/><D32/><U53/><E40/><V80/><F60/><W27/><G115/><T43/><D43/><U106/><E106/><V130/><F130/><W56/><G112/><T129/><D129/><U10/><REACH who="1" step="1"/><E12/><REACH who="1" ten="296,208,266,220" step="2"/><V101/><F108/><W89/><G15/><T104/><D104/><U3/><E3/><V67/><F111/><W82/><G82/><T48/><D13/><U30/><E30/><V73/><F28/><W103/><G103/><T77/><D93/><U121/><E121/><V119/><F101/><W74/><G74/><T125/><D64/><U72/><E72/><V66/><F67/><W26/><G26/><T42/><D65/><U94/><E94/><V84/><F66/><W116/><G116/><T85/><D42/><U124/><E124/><V17/><F73/><W39/><G39/><T69/><D125/><U76/><E76/><V131/><F37/><W99/><G89/><T126/><D78/><U81/><E81/><V87/><F119/><W102/><G102/><T51/><D79/><RYUUKYOKU ba="0,1" sc="296,-15,208,15,266,-15,220,15" hai1="10,11,19,22,25,50,53,54,57,58,62,91,92" hai3="16,21,27,38,41,46,56,59,88,95,99,122,123" /><INIT seed="7,1,1,1,1,46" ten="281,223,251,235" oya="3" hai0="55,97,58,54,27,118,38,45,29,6,117,95,130" hai1="74,17,109,18,60,80,83,105,111,1,133,23,122" hai2="108,68,79,119,47,3,52,67,4,48,113,2,51" hai3="116,134,73,135,121,100,5,39,16,9,110,115,87"/><W8/><G39/><T107/><D107/><U128/><E122/><V7/><F108/><W90/><G73/><T15/><D130/><U124/><E105/><V81/><F119/><W120/><G116/><T42/><D54/><U103/><E103/><V35/><F35/><W61/><G100/><T41/><D41/><U24/><E1/><V131/><F131/><W112/><G61/><T26/><D26/><U94/><E128/><V129/><F129/><W125/><G125/><T127/><D127/><U101/><E124/><V106/><F106/><W20/><G110/><T53/><D53/><U21/><E133/><N who="3" m="50698" /><G90/><T14/><D14/><U62/><E74/><V96/><F3/><N who="3" m="63" /><G9/><T25/><D6/><U114/><E114/><N who="3" m="43562" /><G87/><T77/><D38/><U22/><E111/><V99/><F113/><W72/><G72/><T50/><D118/><U69/><E109/><V0/><F2/><W89/><G89/><T36/><D36/><U104/><E104/><V93/><F0/><W86/><G86/><T85/><D85/><U132/><E132/><V12/><F4/><W19/><G19/><N who="1" m="7178" /><E24/><AGARI ba="1,1" hai="16,20,24,120,121" m="43562,63,50698" machi="24" ten="30,12000,1" yaku="20,1,15,1,34,2,54,1" doraHai="46" who="3" fromWho="1" sc="281,0,223,-123,251,0,235,133" owari="281,8.0,100,-40.0,251,-15.0,368,47.0" /></mjloggm>