<mjloggm ver="2.3"><GO type="169" lobby="0"/><UN n0="%E3%82%B8%E3%83%A7%E3%83%AA%E3%83%BC%EF%BC%92" n1="%EF%BC%88%E2%89%A7%E2%96%BD%E2%89%A6%EF%BC%89" n2="%E3%81%A1%E3%81%8F%E3%81%8D" n3="%E9%AD%94%E7%8E%8B%E3%81%93%E3%81%A3%E3%81%BA%E3%81%B1%E3%82%93" dan="16,19,18,16" rate="2016.99,2230.08,2242.48,2047.36" sx="F,M,M,M"/><TAIKYOKU oya="0"/><INIT seed="0,0,0,5,5,133" ten="250,250,250,250" oya="0" hai0="50,90,111,61,110,6,46,24,130,79,115,38,102" hai1="39,129,120,28,114,0,76,44,117,64,87,67,84" hai2="40,47,97,88,75,18,66,29,13,82,9,27,54" hai3="70,31,2,81,122,30,52,74,45,109,63,58,53"/><T15/><D115/><U73/><E120/><V124/><F66/><W65/><G2/><T35/><D130/><U12/><E117/><V48/><F124/><W93/><G122/><T105/><D79/><U20/><E0/><V77/><F97/><W100/><G109/><N who="0" m="41483" /><D61/><U118/><E118/><V42/><REACH who="2" step="1"/><F88/><REACH who="2" ten="250,250,240,250" step="2"/><W101/><G101/><T121/><D90/><U59/><E67/><V119/><F119/><W123/><G123/><T62/><D121/><U113/><E64/><V83/><F83/><W7/><G81/><T85/><D102/><U94/><E76/><V22/><AGARI ba="0,1" hai="9,13,18,22,27,29,40,42,47,48,54,75,77,82" machi="22" ten="20,5200,0" yaku="1,1,0,1,7,1,53,1" doraHai="133" doraHaiUra="19" who="2" fromWho="2" sc="250,-26,250,-13,240,62,250,-13" /><INIT seed="1,0,0,0,1,126" ten="224,237,302,237" oya="1" hai0="79,24,1,74,19,97,129,107,51,83,123,134,92" hai1="118,110,70,26,98,72,54,0,5,50,58,76,82" hai2="57,60,21,106,91,75,55,31,12,27,17,44,16" hai3="9,101,115,45,133,81,78,8,124,65,33,37,128"/><U69/><E118/><V94/><F106/><W32/><G115/><T38/><D1/><U62/><E110/><V85/><F75/><W67/><G124/><T108/><D38/><U64/><E98/><V117/><F117/><W135/><G101/><T7/><D108/><U56/><E0/><V11/><REACH who="2" step="1"/><F44/><REACH who="2" ten="224,237,292,237" step="2"/><W34/><G45/><T29/><D107/><U47/><E47/><V88/><F88/><W73/><G37/><T99/><D74/><U41/><E41/><V39/><F39/><W96/><G135/><T61/><D134/><U80/><E5/><AGARI ba="0,1" hai="5,11,12,16,17,21,27,31,55,57,60,85,91,94" machi="5" ten="30,8000,1" yaku="1,1,7,1,8,1,54,1,53,1" doraHai="126" doraHaiUra="25" who="2" fromWho="1" sc="224,0,237,-80,292,90,237,0" /><INIT seed="2,0,0,2,5,9" ten="224,157,382,237" oya="2" hai0="37,103,25,108,120,56,61,133,47,121,80,119,12" hai1="90,51,66,116,98,10,110,127,132,134,76,78,64" hai2="71,62,0,123,8,26,69,15,128,41,16,92,88" hai3="130,7,30,68,1,101,58,14,5,34,85,67,65"/><V60/><F123/><W23/><G34/><T39/><D108/><U113/><E116/><V55/><F0/><W17/><G68/><T109/><D109/><U94/><E110/><V129/><F41/><W125/><G130/><N who="2" m="50281" /><F26/><W105/><G125/><T43/><D119/><U73/><E127/><V84/><F55/><W28/><G1/><T93/><D25/><U2/><E113/><V4/><F4/><W96/><G85/><T22/><D133/><N who="1" m="51307" /><E51/><V115/><F115/><W70/><G70/><AGARI ba="0,0" hai="8,15,16,60,62,69,70,71,84,88,92" m="50281" machi="70" ten="30,11600,0" yaku="19,1,52,1,54,2" doraHai="9" who="2" fromWho="3" sc="224,0,157,0,382,116,237,-116" /><INIT seed="2,1,0,3,5,116" ten="224,157,498,121" oya="2" hai0="19,64,7,96,102,127,74,81,87,82,9,86,112" hai1="129,18,51,20,32,23,63,36,83,100,39,21,67" hai2="91,97,71,33,16,55,120,38,98,3,125,54,107" hai3="30,61,80,117,104,68,45,44,111,69,92,70,47"/><V5/><F33/><W25/><G117/><T99/><D112/><U28/><E129/><V31/><F31/><W65/><G104/><T77/><D64/><U66/><E100/><V78/><F71/><W29/><G111/><T75/><D19/><U134/><E134/><V101/><F38/><W72/><G92/><N who="0" m="58727" /><D9/><U110/><E110/><V8/><F78/><W88/><G72/><N who="0" m="27691" /><D7/><U126/><E18/><V103/><F91/><W4/><G4/><T60/><D60/><U93/><E66/><V49/><F54/><W84/><REACH who="3" step="1"/><G29/><REACH who="3" ten="224,157,498,111" step="2"/><T15/><D127/><U135/><E126/><V131/><F125/><W119/><G119/><T17/><D17/><U85/><E28/><V114/><F16/><W130/><G130/><T13/><D15/><U35/><E93/><V59/><F131/><W94/><G94/><T106/><D13/><U11/><E83/><N who="0" m="31753" /><D77/><U46/><E11/><V10/><F10/><W57/><G57/><T58/><D58/><U22/><E46/><V2/><F114/><W27/><G27/><T48/><D48/><U56/><E51/><V34/><F2/><W115/><G115/><T73/><D73/><U123/><E39/><V118/><F118/><W24/><G24/><T50/><D50/><U42/><E36/><V108/><F3/><W79/><G79/><T76/><D76/><U132/><E56/><V41/><F59/><W6/><G6/><T113/><D113/><U128/><E128/><V89/><F5/><W124/><G124/><T105/><D105/><U122/><E67/><V62/><F49/><W14/><G14/><T26/><D26/><RYUUKYOKU ba="1,1" sc="224,15,157,-15,498,-15,111,15" hai0="86,87,96,106" hai3="25,30,44,45,47,61,65,68,69,70,80,84,88" /><INIT seed="3,2,1,3,3,17" ten="239,142,483,126" oya="3" hai0="126,3,19,120,31,11,24,103,135,101,85,33,108" hai1="45,109,40,125,30,76,96,57,44,18,21,95,91" hai2="111,107,115,64,112,98,72,7,27,75,97,116,93" hai3="32,35,10,118,92,105,43,58,16,5,88,15,131"/><W28/><G105/><T2/><D120/><U122/><E122/><V114/><F116/><W71/><G71/><T12/><D108/><U119/><E119/><V70/><F7/><W23/><G118/><T69/><D69/><U36/><E109/><V39/><F39/><W41/><G131/><T73/><D73/><U81/><E125/><V132/><F111/><W68/><G68/><T42/><D126/><U63/><E30/><V87/><F132/><W50/><G28/><T90/><D42/><U77/><E81/><V59/><F70/><W66/><G66/><T9/><D135/><U37/><E37/><V127/><F127/><W79/><G79/><N who="1" m="30282" /><E40/><V56/><F87/><W49/><G49/><T47/><D47/><U89/><E89/><V84/><F84/><W53/><G35/><T62/><D62/><U46/><E36/><V94/><F107/><W29/><G29/><T6/><REACH who="0" step="1"/><D3/><REACH who="0" ten="229,142,483,126" step="2"/><U124/><E124/><V55/><F75/><W14/><REACH who="3" step="1"/><G32/><REACH who="3" ten="229,142,483,116" step="2"/><T102/><D102/><U100/><E100/><V25/><F114/><W80/><G80/><AGARI ba="2,3" hai="2,6,9,11,12,19,24,31,33,80,85,90,101,103" machi="80" ten="30,3900,0" yaku="1,1,7,1,53,1" doraHai="17" doraHaiUra="86" who="0" fromWho="3" sc="229,75,142,0,483,0,116,-45" /><INIT seed="4,0,0,4,1,96" ten="304,142,483,71" oya="0" hai0="95,118,121,124,45,6,27,132,14,39,117,65,115" hai1="51,18,56,28,122,73,7,29,85,8,97,9,104" hai2="31,109,38,4,3,79,1,105,90,93,40,126,129" hai3="57,13,133,68,92,112,49,69,76,101,135,48,116"/><T11/><D121/><U46/><E73/><V2/><F105/><W0/><G0/><T102/><D115/><U22/><E122/><V75/><F109/><W37/><G76/><T71/><D132/><U58/><E85/><V128/><F31/><N who="1" m="11849" /><E97/><V82/><F126/><W5/><G112/><T78/><D78/><U42/><E104/><V98/><F4/><W43/><G116/><T72/><D72/><U80/><E80/><V91/><F90/><W16/><G5/><T24/><D65/><U34/><E34/><V81/><F81/><W53/><G37/><T119/><D71/><U17/><E7/><V94/><F94/><W52/><G43/><T127/><D39/><U23/><E23/><V61/><F61/><W60/><G60/><T100/><D45/><U89/><E89/><V77/><F77/><W70/><G92/><T123/><D123/><U108/><E108/><V66/><F66/><W26/><G101/><N who="0" m="39019" /><D95/><U64/><E64/><V88/><F91/><W63/><G63/><T59/><D59/><U25/><E58/><V84/><F75/><W21/><REACH who="3" step="1"/><G26/><REACH who="3" ten="304,142,483,61" step="2"/><T19/><D24/><U113/><E113/><V125/><F38/><W30/><G30/><T36/><D36/><U130/><E25/><V114/><F93/><W15/><G15/><T62/><D62/><U44/><E42/><V106/><F40/><W111/><G111/><T32/><D27/><U10/><E51/><V131/><F114/><W103/><G103/><T20/><D6/><U54/><E54/><V41/><F3/><W33/><G33/><T99/><D32/><U12/><E12/><RYUUKYOKU ba="0,1" sc="304,-10,142,-10,483,-10,61,30" hai3="13,16,21,48,49,52,53,57,68,69,70,133,135" /><INIT seed="5,1,1,1,1,108" ten="294,132,473,91" oya="1" hai0="133,36,66,93,84,114,129,89,49,110,125,113,40" hai1="127,51,21,31,123,33,62,18,35,116,15,73,26" hai2="45,120,64,77,42,65,82,95,30,94,117,76,10" hai3="3,48,107,52,47,97,53,111,74,122,63,20,17"/><U7/><E73/><V124/><F120/><W28/><G122/><T9/><D110/><U50/><E123/><V87/><F117/><W88/><G111/><T27/><D133/><U79/><E116/><V112/><F30/><W46/><G3/><T24/><D129/><U16/><E127/><V1/><F124/><W41/><G28/><T55/><D66/><U29/><E79/><V34/><F34/><N who="1" m="12809" /><E51/><V102/><F77/><W0/><G0/><T5/><D125/><U37/><E50/><V75/><F94/><N who="3" m="56519" /><G74/><T14/><D40/><U92/><E92/><V32/><F10/><W61/><G107/><T83/><D36/><U85/><E85/><V70/><F65/><W67/><G67/><T134/><D93/><U91/><E37/><V121/><F87/><W23/><G47/><T59/><REACH who="0" step="1"/><D134/><REACH who="0" ten="284,132,473,91" step="2"/><U60/><E29/><V72/><F95/><W104/><G104/><T68/><D68/><U109/><E31/><V8/><F42/><W25/><G23/><T56/><D56/><U12/><E109/><V115/><F70/><W130/><G130/><T13/><D13/><U44/><E15/><V106/><F106/><W11/><G11/><T78/><D78/><U135/><E12/><V131/><F76/><W2/><G2/><T132/><D132/><U58/><E135/><V6/><F8/><W43/><G43/><T57/><D57/><U19/><E58/><V69/><F69/><W86/><G41/><T96/><D96/><U90/><E21/><V105/><F131/><W71/><G20/><T118/><D118/><U103/><E26/><AGARI ba="1,2" hai="5,9,14,24,26,27,49,55,59,83,84,89,113,114" machi="26" ten="40,8000,1" yaku="1,1,52,2,53,1" doraHai="108" doraHaiUra="54" who="0" fromWho="1" sc="284,103,132,-83,473,0,91,0" /><INIT seed="6,0,0,0,3,48" ten="387,49,473,91" oya="2" hai0="111,6,125,128,74,27,19,10,95,114,55,84,78" hai1="20,90,132,134,41,107,91,68,38,50,23,79,126" hai2="113,49,8,130,42,57,87,9,60,26,28,32,118" hai3="101,131,89,31,72,96,3,135,46,97,52,133,103"/><V45/><F118/><W61/><G72/><T30/><D111/><U100/><E38/><V67/><F113/><W25/><G3/><T109/><D109/><U51/><E68/><V93/><F130/><W117/><G117/><T105/><D105/><U0/><E0/><V58/><F87/><W11/><G11/><T16/><D114/><U36/><E36/><V1/><F93/><N who="3" m="56367" /><G131/><T34/><D128/><U85/><E79/><V102/><F102/><W116/><G97/><T22/><D125/><U33/><E33/><V88/><F88/><W13/><G13/><T76/><D74/><U81/><E126/><V64/><F1/><W59/><G46/><T53/><D95/><U124/><E124/><V73/><F73/><W122/><G122/><T15/><D19/><U63/><E63/><AGARI ba="0,0" hai="8,9,26,28,32,42,45,49,57,58,60,63,64,67" machi="63" ten="40,2000,0" yaku="9,1" doraHai="48" who="2" fromWho="1" sc="387,0,49,-20,473,20,91,0" /><INIT seed="6,1,0,4,2,14" ten="387,29,493,91" oya="2" hai0="31,91,125,79,107,12,95,38,88,129,131,63,76" hai1="98,92,99,28,113,127,66,62,118,43,121,81,26" hai2="78,32,2,68,45,71,119,37,42,116,85,102,130" hai3="9,21,50,72,29,60,74,11,47,120,36,22,6"/><V8/><F102/><W123/><G36/><T117/><D38/><U61/><E118/><V75/><F85/><W105/><G105/><T59/><D107/><U3/><E113/><V109/><F32/><W90/><G60/><T40/><D125/><U103/><E127/><V48/><F48/><W80/><G29/><T24/><D40/><U67/><E121/><V25/><F25/><W46/><G80/><T87/><D117/><N who="2" m="45130" /><F130/><N who="0" m="49674" /><D12/><U17/><E3/><V15/><F15/><W108/><G50/><T44/><D44/><U55/><E43/><V58/><F58/><W106/><G106/><T41/><D41/><U110/><E81/><N who="2" m="45279" /><F109/><W135/><G108/><T7/><D7/><AGARI ba="1,0" hai="2,7,8,37,42,45,68,71" m="45279,45130" machi="7" ten="30,2900,0" yaku="25,1,23,1" doraHai="14" who="2" fromWho="0" sc="387,-32,29,0,493,32,91,0" /><INIT seed="6,2,0,1,0,96" ten="355,29,525,91" oya="2" hai0="59,4,98,38,51,124,10,132,40,16,66,88,37" hai1="30,125,1,69,14,49,93,8,113,57,50,128,120" hai2="6,21,41,46,108,121,60,13,82,101,122,63,33" hai3="34,99,110,61,52,131,97,3,127,133,71,65,129"/><V72/><F33/><W90/><G110/><T67/><D132/><U31/><E69/><V55/><F108/><W35/><G133/><T134/><D134/><U56/><E120/><V77/><F101/><W73/><G73/><T47/><D124/><U44/><E125/><V53/><F63/><N who="3" m="40383" /><G3/><T0/><D59/><U17/><E128/><N who="3" m="49226" /><G127/><T7/><D7/><U76/><E113/><V39/><F55/><W91/><G99/><T79/><D79/><U24/><E1/><V25/><F13/><W74/><G74/><T54/><D66/><U85/><E50/><V29/><F6/><W105/><G105/><T102/><D67/><U27/><E27/><V83/><F83/><W28/><G28/><T87/><D40/><U84/><E84/><V45/><F60/><W2/><G2/><T95/><REACH who="0" step="1"/><D16/><REACH who="0" ten="345,29,525,91" step="2"/><U114/><E114/><V86/><F41/><W43/><G43/><T119/><D119/><U135/><E135/><V9/><F46/><W117/><G117/><T94/><AGARI ba="2,1" hai="0,4,10,37,38,47,51,54,87,88,94,95,98,102" machi="94" ten="20,12000,2" yaku="1,1,0,1,7,1,52,1,54,1,53,2" doraHai="96" doraHaiUra="89" who="0" fromWho="0" sc="345,136,29,-32,525,-62,91,-32" owari="481,58.0,-3,-50.0,463,26.0,59,-34.0" /></mjloggm>