<mjloggm ver="2.3"><GO type="97" lobby="0"/><UN n0="%74%65%72%72%79%39%31%36" n1="%E3%82%A6%E3%83%AB%E3%83%88%E3%83%A9%E7%AB%8B%E7%9B%B4" n2="%73%61%77%61%6E%6F%66%75" n3="%E3%81%8A%E3%81%98%E3%81%95%E3%82%93" dan="15,14,13,15" rate="1933.15,1912.83,1875.26,2024.49" sx="M,M,M,M"/><TAIKYOKU oya="0"/><INIT seed="0,0,0,4,5,18" ten="250,250,250,250" oya="0" hai0="117,59,131,119,90,133,106,20,29,39,113,127,115" hai1="13,58,124,62,6,83,28,11,49,19,130,82,53" hai2="94,16,14,55,109,33,21,101,72,60,42,32,91" hai3="38,134,79,92,41,30,120,69,37,9,22,7,23"/><T26/><D90/><U108/><E124/><V36/><F72/><W67/><G69/><T63/><D106/><U112/><E108/><V122/><F109/><W61/><G30/><T5/><D39/><U135/><E130/><V85/><F122/><W48/><G120/><T121/><D63/><U111/><E111/><V88/><F42/><W81/><G134/><T93/><D121/><U35/><E135/><V89/><F36/><W40/><G92/><T51/><D133/><U1/><E112/><V104/><F104/><W99/><G99/><T71/><D71/><U34/><E34/><V123/><F123/><W50/><G61/><T126/><D93/><U114/><E114/><N who="0" m="43529" /><D59/><U78/><E78/><V128/><F128/><W102/><G67/><T98/><D98/><U76/><E76/><V87/><F33/><W57/><G57/><T103/><D103/><U132/><E132/><V75/><F32/><W86/><G102/><T73/><D51/><N who="3" m="19497" /><G38/><T31/><D73/><U47/><E35/><V96/><F75/><W2/><G41/><T100/><D100/><U105/><E105/><V56/><AGARI ba="0,0" hai="14,16,21,55,56,60,85,87,88,89,91,94,96,101" machi="56" ten="30,8000,1" yaku="0,1,8,1,52,1,54,2" doraHai="18" who="2" fromWho="2" sc="250,-40,250,-20,250,80,250,-20" /><INIT seed="1,0,0,2,3,61" ten="210,230,330,230" oya="1" hai0="2,20,15,14,96,79,90,51,34,12,114,113,93" hai1="40,103,70,119,21,88,56,13,72,39,30,62,131" hai2="109,71,22,67,94,84,41,33,86,23,105,83,57" hai3="98,95,10,124,104,100,81,87,63,6,24,28,5"/><U112/><E112/><V89/><F105/><W130/><G124/><T35/><D79/><U69/><E119/><V97/><F33/><W107/><G130/><T129/><D2/><U60/><E131/><V116/><F116/><W55/><G5/><T54/><D129/><U9/><E72/><V132/><F71/><W52/><G104/><T8/><D20/><U91/><E103/><V45/><F132/><W82/><G107/><T125/><D125/><U92/><E40/><V64/><F109/><W43/><G43/><T120/><D120/><U49/><E39/><V77/><F57/><W7/><G63/><T133/><D133/><U78/><E78/><V26/><F26/><W74/><G74/><T122/><D8/><U123/><E123/><V76/><F45/><W4/><G10/><T16/><D16/><N who="1" m="8239" /><E69/><V135/><F41/><W73/><G73/><T47/><REACH who="0" step="1"/><D122/><REACH who="0" ten="200,230,330,230" step="2"/><U50/><E70/><V134/><F135/><W85/><G82/><T32/><AGARI ba="0,1" hai="12,14,15,32,34,35,47,51,54,90,93,96,113,114" machi="32" ten="40,5200,0" yaku="1,1,2,1,0,1,53,0" doraHai="61" doraHaiUra="121" who="0" fromWho="0" sc="200,62,230,-26,330,-13,230,-13" /><INIT seed="2,0,0,1,2,16" ten="262,204,317,217" oya="2" hai0="60,13,21,94,120,69,19,111,89,28,95,90,103" hai1="77,82,107,61,108,87,130,0,71,31,96,123,25" hai2="98,40,41,50,75,79,37,65,46,117,119,88,134" hai3="3,74,133,5,29,91,131,118,34,42,114,47,68"/><V48/><F79/><W132/><G68/><T101/><D120/><U93/><E0/><V121/><F75/><W128/><G118/><T112/><D112/><U92/><E130/><N who="3" m="49706" /><G114/><T26/><D111/><U39/><E39/><V81/><F121/><W38/><G74/><T97/><D60/><U78/><E108/><V43/><F134/><N who="3" m="51819" /><G91/><T99/><REACH who="0" step="1"/><D69/><REACH who="0" ten="252,204,317,217" step="2"/><U14/><E123/><V51/><F119/><W58/><G58/><T53/><D53/><U62/><E62/><V18/><F117/><W63/><G63/><T27/><D27/><U10/><E61/><V100/><F65/><W109/><G109/><T11/><AGARI ba="0,1" hai="11,13,19,21,26,28,89,90,94,95,97,99,101,103" machi="11" ten="20,12000,2" yaku="1,1,0,1,7,1,9,1,8,1,52,1,53,0" doraHai="16" doraHaiUra="56" who="0" fromWho="0" sc="252,130,204,-30,317,-60,217,-30" /><INIT seed="3,0,0,4,0,59" ten="382,174,257,187" oya="3" hai0="11,0,125,97,53,5,85,134,65,18,112,109,130" hai1="62,124,106,119,9,13,127,3,111,99,48,117,94" hai2="35,7,51,33,31,133,96,49,10,12,42,110,102" hai3="82,52,118,64,116,38,92,135,129,131,114,80,17"/><W122/><G122/><T87/><D112/><U121/><E121/><V98/><F133/><W16/><G114/><T15/><D87/><U63/><E106/><V91/><F110/><W40/><G135/><T32/><D53/><U95/><E48/><V90/><F31/><W28/><G64/><T123/><D85/><U105/><E105/><V2/><F2/><W69/><G69/><T72/><D18/><N who="3" m="7273" /><G28/><T103/><D15/><U29/><E29/><V61/><F61/><N who="1" m="23049" /><E3/><V113/><F113/><W44/><G92/><N who="1" m="35370" /><E99/><V36/><F36/><W19/><N who="3" m="7281" /><W22/><DORA hai="70" /><G22/><T107/><D11/><U132/><E132/><V101/><F12/><W93/><G93/><T74/><D107/><U27/><E27/><V46/><F10/><W4/><G4/><T14/><D74/><U83/><E83/><N who="3" m="31786" /><G52/><T115/><D72/><U89/><E89/><V45/><F7/><W68/><G68/><T84/><D5/><N who="1" m="3247" /><E111/><V104/><REACH who="2" step="1"/><F104/><REACH who="2" ten="382,174,247,187" step="2"/><W21/><G21/><T71/><D109/><U120/><E120/><V1/><F1/><W88/><G88/><T67/><D0/><U78/><E78/><V30/><F30/><W20/><G20/><T60/><D115/><U43/><E43/><AGARI ba="0,1" hai="33,35,42,43,45,46,49,51,90,91,96,98,101,102" machi="43" ten="25,3200,0" yaku="1,1,22,2,53,0" doraHai="59,70" doraHaiUra="24,100" who="2" fromWho="1" sc="382,0,174,-32,247,42,187,0" owari="382,48.0,142,-36.0,289,9.0,187,-21.0" /></mjloggm>