<mjloggm ver="2.3"><GO type="225" lobby="0"/><UN n0="%4E%4F%42%55%53%48%49" n1="%52%6F%62%69%4E" n2="%E3%82%A6%E3%83%AB%E3%83%88%E3%83%A9%E7%AB%8B%E7%9B%B4" n3="%E3%81%8A%E3%81%97%E3%82%83%E3%81%B5%E3%81%87%E3%81%AB" dan="16,17,16,16" rate="2107.02,2173.46,2028.34,2085.40" sx="M,M,M,M"/><TAIKYOKU oya="0"/><INIT seed="0,0,0,0,3,91" ten="250,250,250,250" oya="0" hai0="101,74,28,122,23,84,7,72,94,81,111,73,45" hai1="19,67,100,60,39,130,20,2,52,64,41,71,0" hai2="117,18,112,104,54,26,113,24,102,34,128,78,44" hai3="57,70,51,32,110,125,92,56,132,127,22,50,17"/><T53/><D122/><U25/><E130/><V62/><F102/><W103/><G32/><T134/><D134/><U3/><E67/><V13/><F104/><W66/><G70/><T9/><D111/><U15/><E100/><V6/><F78/><W106/><G106/><T95/><D101/><U99/><E99/><V21/><F54/><W129/><G129/><T48/><D23/><U69/><E69/><V124/><F62/><W87/><G110/><T61/><D28/><U63/><E41/><V40/><F44/><W85/><G132/><T82/><D61/><U65/><E39/><V29/><F40/><W79/><G79/><T90/><REACH who="0" step="1"/><D82/><REACH who="0" ten="240,250,250,250" step="2"/><U114/><E63/><V97/><F128/><W98/><G103/><T12/><AGARI ba="0,1" hai="7,9,12,45,48,53,72,73,74,81,84,90,94,95" machi="12" ten="30,12000,1" yaku="1,1,2,1,0,1,52,2,53,0" doraHai="91" doraHaiUra="116" who="0" fromWho="0" sc="240,130,250,-40,250,-40,250,-40" /><INIT seed="0,1,0,1,2,82" ten="370,210,210,210" oya="0" hai0="51,127,29,68,13,94,131,49,91,17,106,70,76" hai1="3,53,21,84,47,6,26,48,99,89,58,123,23" hai2="71,85,45,42,92,83,46,16,64,27,7,109,2" hai3="44,41,77,5,128,59,121,19,129,104,32,14,93"/><T102/><D127/><U57/><E123/><V78/><F109/><W35/><G104/><T67/><D131/><N who="3" m="50249" /><G121/><T20/><D76/><U15/><E3/><V39/><F64/><W65/><G5/><T79/><D79/><U0/><E0/><V12/><F71/><W56/><G77/><T66/><D29/><U74/><E99/><V28/><F7/><W75/><G93/><T52/><D51/><U34/><E34/><N who="3" m="12842" /><G65/><T40/><D67/><U97/><E97/><V8/><F2/><W103/><G103/><T63/><D102/><U133/><E74/><V90/><F39/><N who="3" m="21567" /><G75/><T96/><D106/><U112/><E112/><V119/><F42/><W124/><G124/><T24/><D40/><U60/><E6/><V4/><F4/><W87/><G87/><T86/><D70/><U132/><E84/><N who="2" m="52295" /><F119/><W122/><G122/><T55/><D96/><U50/><E132/><V54/><F54/><W37/><G37/><T36/><D36/><U113/><E53/><V130/><F130/><W72/><G72/><T118/><D118/><U126/><E133/><V30/><F30/><W61/><G61/><T98/><D98/><U9/><E60/><V125/><F125/><W116/><G116/><T38/><D38/><U25/><E126/><V108/><F108/><W33/><G33/><T10/><D49/><U115/><E50/><V81/><F81/><W43/><G43/><T107/><D107/><U135/><E135/><V95/><F95/><W1/><G1/><T62/><D62/><U101/><E113/><V18/><F28/><W31/><G31/><N who="0" m="17799" /><D68/><U111/><E115/><RYUUKYOKU ba="1,0" sc="370,10,210,-30,210,10,210,10" hai0="10,13,17,52,55,63,66,86,91,94" hai2="8,12,16,18,27,45,46,78,83,85" hai3="14,19,56,59" /><INIT seed="0,2,0,0,5,124" ten="380,180,220,220" oya="0" hai0="50,95,89,6,45,51,58,103,33,1,60,111,108" hai1="15,57,12,135,121,90,63,96,48,25,46,53,34" hai2="61,112,3,71,79,49,24,18,88,130,129,74,22" hai3="16,55,78,87,101,118,47,116,84,21,128,38,131"/><T134/><D33/><U8/><E121/><V14/><F3/><W32/><G101/><T31/><D134/><U106/><E135/><V52/><F79/><W39/><G32/><T0/><D31/><U56/><E56/><V125/><F74/><W30/><G30/><T99/><D103/><U107/><E34/><V59/><F112/><W7/><G7/><T109/><D6/><U83/><E25/><V82/><F125/><W67/><G67/><N who="0" m="39319" /><D51/><U127/><E15/><V68/><F61/><W114/><G114/><T44/><D44/><U42/><E127/><V85/><REACH who="2" step="1"/><F24/><REACH who="2" ten="380,180,210,220" step="2"/><N who="3" m="14375" /><G78/><T62/><D62/><U37/><E37/><V122/><F122/><W36/><G36/><T104/><D104/><U40/><E106/><V64/><F64/><W69/><G39/><T5/><D5/><U65/><E107/><V11/><F11/><W28/><G38/><T115/><D115/><U9/><E9/><V113/><F113/><W72/><G72/><T54/><AGARI ba="2,1" hai="0,1,45,50,54,89,95,99,108,109,111" m="39319" machi="54" ten="30,3000,0" yaku="14,1,10,1" doraHai="124" who="0" fromWho="0" sc="380,46,180,-12,210,-12,220,-12" /><INIT seed="0,3,0,4,2,39" ten="426,168,198,208" oya="0" hai0="96,38,105,29,111,58,80,107,115,133,129,50,70" hai1="11,7,102,92,73,122,125,65,15,93,68,5,53" hai2="23,55,124,36,130,10,56,87,0,28,128,2,72" hai3="91,78,127,33,75,8,86,103,132,108,101,64,21"/><T37/><D70/><U9/><E122/><V51/><F72/><W112/><G33/><T18/><D115/><U66/><E73/><V17/><F36/><W74/><G112/><T118/><D29/><U63/><E125/><V67/><F124/><W4/><G127/><T62/><D118/><U83/><E66/><V49/><F67/><W114/><G114/><T19/><D38/><U82/><E53/><V3/><F28/><W113/><G113/><T32/><D37/><U43/><E43/><V79/><F10/><W12/><G108/><T42/><D32/><U89/><E102/><V117/><F117/><W1/><G64/><T16/><D111/><U120/><E92/><V26/><F79/><W110/><G132/><T81/><D133/><U44/><E44/><V34/><F34/><W31/><G110/><T100/><D129/><N who="2" m="49770" /><F87/><W60/><G75/><T40/><D107/><U116/><E120/><V52/><F3/><W35/><G35/><T25/><D25/><U135/><E135/><V85/><F85/><W119/><G119/><T104/><D104/><U14/><REACH who="1" step="1"/><E116/><REACH who="1" ten="426,158,198,208" step="2"/><V71/><F71/><W57/><G74/><T54/><D42/><U61/><E61/><V95/><F95/><N who="3" m="54775" /><G101/><T126/><D126/><U6/><E6/><V27/><F27/><W77/><G103/><T22/><D40/><U41/><E41/><V121/><F121/><W94/><G94/><T48/><D48/><U46/><E46/><AGARI ba="3,1" hai="0,2,17,23,26,46,49,51,52,55,56" m="49770" machi="46" ten="30,2000,0" yaku="19,1,54,1" doraHai="39" who="2" fromWho="1" sc="426,0,158,-29,198,39,208,0" /><INIT seed="1,0,0,3,1,88" ten="426,129,237,208" oya="1" hai0="83,102,125,34,47,35,49,120,40,97,8,108,107" hai1="77,121,60,51,6,133,33,74,110,18,67,111,38" hai2="37,64,104,123,116,14,12,46,44,100,115,124,22" hai3="52,79,99,24,54,122,21,96,127,66,45,93,105"/><U128/><E38/><V89/><F100/><W11/><G122/><T5/><D120/><U7/><E121/><V19/><F104/><W59/><G127/><T112/><D125/><U126/><E33/><V58/><F123/><W101/><G79/><T113/><D108/><N who="1" m="41515" /><E126/><V76/><F76/><W131/><G131/><T68/><D68/><U61/><E128/><V0/><F0/><W9/><G45/><T30/><D83/><N who="1" m="45495" /><E133/><V25/><F37/><W75/><G75/><T23/><D35/><U3/><E3/><V109/><F109/><W95/><G105/><T73/><D34/><U135/><E135/><V41/><F124/><W17/><G66/><T57/><D73/><U39/><E39/><V28/><F64/><W56/><G56/><T92/><D107/><U32/><E32/><V29/><F58/><W118/><G118/><T94/><D57/><N who="1" m="37263" /><E61/><V130/><F130/><W2/><G2/><T53/><D113/><U72/><E72/><V119/><F115/><W55/><G59/><T50/><D112/><U114/><E114/><V81/><F119/><W62/><G62/><T129/><D129/><U13/><E51/><V70/><F116/><W48/><G48/><T71/><D71/><U15/><E15/><N who="2" m="5675" /><F70/><W63/><G63/><T31/><D50/><U82/><E82/><V16/><F81/><W36/><G36/><T103/><D49/><U1/><E1/><V134/><F134/><W91/><AGARI ba="0,0" hai="9,11,17,21,24,52,54,55,91,93,95,96,99,101" machi="91" ten="30,8000,1" yaku="0,1,8,1,52,2,54,1" doraHai="88" who="3" fromWho="3" sc="426,-20,129,-40,237,-20,208,80" /><INIT seed="2,0,0,4,3,98" ten="406,89,217,288" oya="2" hai0="15,130,16,111,67,97,99,78,31,24,9,100,42" hai1="40,62,96,34,94,106,123,83,135,8,76,36,102" hai2="28,53,93,85,84,2,105,126,1,60,38,69,37" hai3="54,21,134,10,68,88,43,41,51,119,14,79,118"/><V11/><F105/><W66/><G134/><T117/><D111/><U70/><E135/><V114/><F114/><W103/><G103/><T71/><D130/><U56/><E123/><V19/><F126/><W4/><G79/><T104/><D117/><U73/><E8/><V107/><F107/><W75/><G75/><T30/><D97/><U121/><E121/><V57/><F69/><W132/><G132/><T46/><D78/><U49/><E49/><V6/><F2/><W113/><G113/><T50/><REACH who="0" step="1"/><D24/><REACH who="0" ten="396,89,217,288" step="2"/><U133/><E133/><V64/><F85/><W61/><G118/><T26/><D26/><U87/><E70/><V18/><F28/><W129/><G129/><T44/><D44/><U109/><E109/><V128/><F128/><W23/><G119/><T74/><D74/><U48/><E34/><V12/><F84/><W89/><G68/><T59/><D59/><U33/><E33/><V122/><F122/><W120/><G120/><T91/><D91/><U125/><E125/><V17/><F38/><W95/><G89/><T32/><D32/><U0/><E36/><V45/><F37/><W25/><G25/><T86/><D86/><U29/><E73/><V112/><F112/><W131/><G88/><T55/><D55/><U116/><E116/><V65/><F45/><W20/><G54/><T47/><D47/><N who="1" m="25703" /><E29/><V7/><F53/><W92/><G131/><T115/><D115/><U63/><E106/><V58/><F58/><W3/><G41/><T77/><D77/><U72/><E72/><V90/><F57/><N who="3" m="37167" /><G43/><T80/><D80/><U39/><E39/><RYUUKYOKU ba="0,1" sc="396,30,89,-10,217,-10,288,-10" hai0="9,15,16,30,31,42,46,50,67,71,99,100,104" /><INIT seed="3,1,1,2,0,106" ten="426,79,207,278" oya="3" hai0="40,12,128,4,131,132,117,18,41,102,61,77,44" hai1="26,55,74,2,76,72,39,6,122,68,126,34,46" hai2="23,24,28,91,21,25,111,119,97,45,109,15,92" hai3="30,14,33,5,81,19,65,58,105,96,90,0,101"/><W129/><G129/><N who="0" m="49739" /><D132/><U22/><E76/><V63/><F119/><W43/><G43/><T121/><D121/><U7/><E7/><V1/><F1/><W135/><G135/><T20/><D117/><U48/><E34/><V88/><F15/><W98/><G5/><T75/><D102/><U95/><E122/><V60/><F45/><W115/><G0/><T66/><D4/><U52/><E39/><V116/><F116/><W124/><G124/><T103/><D103/><U62/><E126/><V134/><F134/><W87/><G98/><T3/><D3/><U108/><E108/><V83/><F83/><W114/><G30/><T9/><D9/><U51/><E95/><V112/><F112/><W56/><G33/><T80/><D44/><U35/><E35/><V42/><F42/><W36/><G36/><T11/><D11/><U84/><E84/><V16/><F91/><W59/><G65/><T13/><D13/><U78/><E78/><V110/><AGARI ba="1,1" hai="16,21,23,24,25,28,60,63,88,92,97,109,110,111" machi="110" ten="30,7900,0" yaku="0,1,14,1,54,2" doraHai="106" who="2" fromWho="2" sc="426,-21,79,-21,207,92,278,-40" owari="405,50.0,58,-44.0,299,10.0,238,-16.0" /></mjloggm>