<mjloggm ver="2.3"><GO type="97" lobby="0"/><UN n0="%E6%9A%B4%E5%8A%9B%E6%9F%94%E8%A1%93" n1="%74%73%68%69%6D%75%72%61" n2="%73%68%61%6B%65%70%70%70" n3="%E3%82%A6%E3%83%AB%E3%83%88%E3%83%A9%E7%AB%8B%E7%9B%B4" dan="15,13,13,15" rate="2029.18,1925.62,1817.68,1963.77" sx="M,M,M,M"/><TAIKYOKU oya="0"/><INIT seed="0,0,0,0,1,3" ten="250,250,250,250" oya="0" hai0="106,92,64,79,102,12,10,56,68,133,30,39,34" hai1="74,26,99,2,110,135,61,51,121,45,20,7,17" hai2="35,47,36,53,55,97,5,118,22,129,54,32,65" hai3="42,41,48,58,85,4,124,59,44,18,33,37,11"/><T91/><D39/><U23/><E74/><V117/><F65/><W72/><G33/><N who="2" m="12873" /><F97/><W87/><G72/><T73/><D68/><U105/><E121/><V120/><F120/><W112/><G124/><T80/><D133/><U90/><E61/><V116/><F22/><W69/><G69/><T25/><D64/><U43/><E135/><V38/><F47/><W49/><G37/><N who="2" m="14441" /><F5/><W8/><G44/><T46/><D46/><U75/><E75/><V21/><F21/><W103/><G18/><T96/><D73/><U88/><E20/><V77/><F77/><W24/><G24/><T119/><D56/><U114/><E114/><V15/><F15/><W134/><G134/><T126/><D119/><U9/><REACH who="1" step="1"/><E110/><REACH who="1" ten="250,240,250,250" step="2"/><V130/><AGARI ba="0,1" hai="53,54,55,116,117,118,129,130" m="14441,12873" machi="130" ten="50,6400,0" yaku="28,2,12,1" doraHai="3" who="2" fromWho="2" sc="250,-32,240,-16,250,74,250,-16" /><INIT seed="1,0,0,1,4,89" ten="218,224,324,234" oya="1" hai0="113,9,64,84,6,42,48,111,33,76,50,91,130" hai1="57,3,122,56,114,38,7,115,4,60,88,135,74" hai2="71,104,68,16,96,107,35,32,15,31,58,73,37" hai3="103,120,22,80,132,39,110,126,86,106,49,93,98"/><U8/><E122/><V5/><F37/><W46/><G39/><T66/><D33/><U61/><E74/><V18/><F73/><W105/><G120/><T124/><D113/><U108/><E38/><V78/><F78/><W102/><G110/><T1/><D111/><U67/><E108/><V90/><F5/><W10/><G126/><T25/><D124/><U85/><E7/><V13/><F90/><W55/><G132/><T14/><D1/><U75/><E75/><V117/><F58/><W28/><G10/><T43/><D76/><U125/><E135/><V128/><F96/><W69/><G69/><T65/><D25/><U52/><REACH who="1" step="1"/><E125/><REACH who="1" ten="218,214,324,234" step="2"/><V99/><F117/><W131/><G131/><T47/><D130/><U17/><E17/><V129/><F31/><W100/><G106/><T21/><D21/><U63/><E63/><V27/><F129/><W133/><G133/><T41/><REACH who="0" step="1"/><D47/><REACH who="0" ten="208,214,324,234" step="2"/><U34/><E34/><V26/><F128/><W101/><G22/><T24/><D24/><U119/><E119/><V11/><F27/><W95/><REACH who="3" step="1"/><G28/><REACH who="3" ten="208,214,324,224" step="2"/><T23/><D23/><U59/><E59/><V116/><F116/><W87/><G87/><T45/><D45/><U81/><AGARI ba="0,3" hai="3,4,8,52,56,57,60,61,67,81,85,88,114,115" machi="81" ten="20,12000,1" yaku="1,1,0,1,7,1,54,2,53,0" doraHai="89" doraHaiUra="40" who="1" fromWho="1" sc="208,-40,214,150,324,-40,224,-40" /><INIT seed="1,1,0,1,0,63" ten="168,364,284,184" oya="1" hai0="69,119,61,78,46,66,70,5,18,27,62,20,83" hai1="54,35,129,85,34,120,134,94,40,135,7,92,91" hai2="23,103,73,29,99,132,12,105,81,9,124,36,93" hai3="6,80,16,58,49,11,67,100,43,45,109,14,125"/><U57/><E120/><V32/><F36/><W68/><G125/><T25/><D119/><U31/><E40/><V101/><F124/><W97/><G109/><T1/><D46/><U10/><E129/><V113/><F32/><W2/><G68/><T0/><D27/><U28/><E35/><V72/><F29/><W112/><G112/><T96/><D96/><U59/><E34/><V8/><F23/><W126/><G126/><T65/><REACH who="0" step="1"/><D5/><REACH who="0" ten="158,364,284,184" step="2"/><U82/><E135/><V115/><F132/><W71/><G6/><T131/><D131/><U26/><E134/><V116/><F115/><W75/><G97/><T118/><D118/><U47/><E26/><V77/><F116/><W122/><G45/><T4/><D4/><U17/><E7/><V50/><F113/><W53/><G2/><T107/><D107/><U56/><E47/><V133/><F133/><W95/><G122/><T15/><D15/><N who="1" m="7415" /><E54/><V19/><F105/><W48/><G53/><T98/><D98/><U44/><E44/><V102/><F99/><W64/><G43/><T52/><D52/><U127/><E127/><V87/><F103/><W108/><G100/><T33/><D33/><U88/><E28/><V76/><F102/><W130/><G130/><T41/><D41/><U74/><E31/><V24/><F101/><W89/><G14/><T30/><D30/><U3/><E3/><V111/><F12/><W86/><G16/><T21/><D21/><U90/><E74/><AGARI ba="1,1" hai="0,1,18,20,25,61,62,65,66,69,70,74,78,83" machi="74" ten="30,8000,1" yaku="1,1,7,1,9,1,52,2,53,0" doraHai="63" doraHaiUra="114" who="0" fromWho="1" sc="158,93,364,-83,284,0,184,0" /><INIT seed="2,0,0,1,4,60" ten="251,281,284,184" oya="2" hai0="98,132,74,117,107,56,43,5,125,103,65,78,95" hai1="36,127,28,85,88,1,70,118,94,116,126,100,89" hai2="115,35,0,57,59,32,31,9,129,53,13,101,87" hai3="6,37,86,63,128,14,79,62,135,39,27,17,77"/><V91/><F115/><W49/><G86/><T23/><D117/><N who="1" m="45163" /><E70/><V96/><F129/><W11/><G128/><T34/><D34/><U131/><E36/><V16/><F0/><W42/><G135/><T38/><D132/><U111/><E131/><V130/><F130/><W110/><G110/><T71/><D71/><U121/><E111/><V4/><F4/><W2/><G27/><T120/><D120/><U133/><E133/><V61/><F31/><W44/><G39/><T47/><D5/><U22/><E1/><V123/><F123/><W75/><G49/><T109/><D109/><U8/><E8/><V29/><F29/><W90/><G90/><T58/><D125/><N who="1" m="47627" /><E121/><V67/><F91/><W30/><G79/><T15/><D78/><U46/><E46/><V83/><F87/><W72/><G72/><T92/><D74/><U21/><E28/><V51/><REACH who="2" step="1"/><F83/><REACH who="2" ten="251,281,274,184" step="2"/><W80/><REACH who="3" step="1"/><G30/><REACH who="3" ten="251,281,274,174" step="2"/><T82/><D82/><N who="1" m="49207" /><E100/><V64/><F64/><W12/><G12/><T41/><D65/><U134/><E134/><V119/><F119/><W54/><G54/><T40/><D103/><U52/><E52/><V55/><F55/><W76/><G76/><T108/><D43/><U81/><E81/><V102/><F102/><W105/><G105/><AGARI ba="0,2" hai="9,13,16,32,35,51,53,57,59,61,67,96,101,105" machi="105" ten="30,12000,1" yaku="1,1,7,1,52,1,54,1,53,1" doraHai="60" doraHaiUra="50" who="2" fromWho="3" sc="251,0,281,0,274,140,174,-120" /><INIT seed="2,1,0,1,5,112" ten="251,281,414,54" oya="2" hai0="36,37,82,59,73,77,101,15,120,97,0,108,53" hai1="95,1,78,79,102,49,87,99,127,47,133,130,48" hai2="92,62,113,115,100,111,128,69,52,44,28,39,11" hai3="90,10,116,64,84,7,117,58,5,29,119,18,24"/><V70/><F28/><W85/><G85/><T56/><D0/><U109/><E1/><V131/><F11/><W13/><G58/><T2/><D2/><U104/><E133/><V21/><F21/><W124/><G64/><T25/><D120/><U63/><E127/><V103/><F92/><W75/><G75/><T122/><D122/><U71/><E130/><N who="2" m="49707" /><F100/><W91/><G124/><T45/><D25/><U80/><E109/><V132/><F103/><W68/><G68/><N who="2" m="26217" /><F111/><W17/><G90/><T93/><D108/><U72/><E78/><V76/><F76/><W126/><G126/><T32/><D32/><U22/><E22/><V98/><F98/><W81/><REACH who="3" step="1"/><G7/><REACH who="3" ten="251,281,414,44" step="2"/><T43/><D73/><U23/><E47/><V118/><F132/><W60/><G60/><T30/><D77/><U89/><E71/><V31/><F62/><W50/><G50/><T54/><D101/><U134/><E134/><V40/><F113/><W33/><AGARI ba="1,1" hai="5,10,13,17,18,24,29,33,81,84,91,116,117,119" machi="33" ten="30,8000,1" yaku="1,1,0,1,52,3,53,0" doraHai="112" doraHaiUra="34" who="3" fromWho="3" sc="251,-21,281,-21,414,-41,44,93" /><INIT seed="3,0,0,5,0,57" ten="230,260,373,137" oya="3" hai0="130,44,34,110,77,43,16,17,126,4,21,61,81" hai1="50,5,56,79,26,23,46,58,134,13,37,41,106" hai2="3,11,91,107,95,14,29,82,102,127,78,119,27" hai3="2,105,98,12,118,15,88,51,99,135,31,6,97"/><W115/><G118/><T68/><D34/><U123/><E123/><V108/><F119/><W0/><G115/><T103/><D103/><U28/><E106/><V112/><F112/><W65/><G105/><T92/><D130/><U111/><E134/><V129/><F129/><W63/><G135/><T76/><D92/><U1/><E111/><V101/><F108/><W72/><G72/><T70/><D110/><U10/><E37/><V18/><F107/><W32/><G32/><T75/><D77/><U45/><E45/><V121/><F121/><W94/><G31/><T86/><D75/><U52/><E79/><V62/><F3/><W116/><G116/><T20/><D4/><U55/><E1/><V42/><F42/><W36/><G36/><T85/><D126/><U125/><E125/><V67/><F127/><W7/><G2/><T128/><D128/><U133/><E133/><V69/><F91/><W19/><G51/><N who="0" m="27039" /><D68/><U93/><E93/><V89/><F95/><W39/><G39/><T8/><D8/><U30/><E41/><V60/><F89/><W24/><G0/><T33/><D33/><U66/><E66/><V40/><F102/><W80/><G80/><N who="0" m="47239" /><D70/><U90/><E90/><V25/><F101/><W83/><G83/><T122/><D122/><U48/><REACH who="1" step="1"/><E46/><REACH who="1" ten="230,250,373,137" step="2"/><V9/><F67/><W124/><G124/><T64/><D81/><U38/><E38/><V35/><F78/><W100/><G100/><T84/><D84/><U73/><E73/><V59/><F82/><W117/><G63/><T49/><D86/><U71/><E71/><V109/><F69/><RYUUKYOKU ba="0,1" sc="230,-10,250,30,373,-10,137,-10" hai1="5,10,13,23,26,28,30,48,50,52,55,56,58" owari="220,-18.0,280,8.0,373,47.0,127,-37.0" /></mjloggm>