<mjloggm ver="2.3"><GO type="41" lobby="0"/><UN n0="%E3%81%BF%E3%82%8F%E3%81%86%E3%82%8A%E3%81%9F%E3%81%B3" n1="%E3%82%A6%E3%83%AB%E3%83%88%E3%83%A9%E7%AB%8B%E7%9B%B4" n2="%71%61%7A%65%64%63" n3="%3F%3F%3F%3F%3F%3F%3F" dan="13,16,15,13" rate="1837.13,2052.68,1878.30,1836.05" sx="M,M,M,M"/><TAIKYOKU oya="0"/><INIT seed="0,0,0,4,3,39" ten="250,250,250,250" oya="0" hai0="51,112,40,11,4,114,64,108,31,16,43,85,49" hai1="56,82,88,89,134,2,107,21,99,115,27,124,38" hai2="130,37,133,128,6,9,104,10,25,52,132,69,1" hai3="103,100,46,26,73,94,121,72,47,59,8,126,61"/><T53/><D114/><U122/><E122/><V14/><F104/><W3/><G126/><T86/><D112/><U95/><E115/><V87/><F69/><W120/><G26/><T30/><D64/><U5/><E107/><V41/><F87/><N who="0" m="33290" /><D4/><U15/><E2/><V0/><F25/><W60/><G60/><T50/><D108/><U90/><E124/><V79/><F79/><W13/><G3/><T83/><D53/><U75/><E134/><N who="2" m="51819" /><F52/><W106/><G106/><T98/><D98/><U70/><E70/><V44/><F14/><W19/><G73/><T96/><D96/><U24/><E56/><V101/><F101/><W28/><G28/><N who="0" m="10795" /><D83/><U135/><E82/><V81/><F81/><W71/><G72/><T97/><D97/><U91/><E75/><V12/><F12/><AGARI ba="0,0" hai="11,12,16,40,43,49,50,51" m="10795,33290" machi="12" ten="30,11600,0" yaku="8,1,52,2,54,1" doraHai="39" who="0" fromWho="2" sc="250,116,250,0,250,-116,250,0" /><INIT seed="0,1,0,1,5,24" ten="366,250,134,250" oya="0" hai0="64,18,46,124,114,48,11,102,98,105,32,63,51" hai1="118,90,47,126,94,91,50,44,41,22,97,25,76" hai2="39,42,0,132,128,66,6,120,43,3,61,119,67" hai3="52,73,109,133,59,21,36,110,9,4,2,37,7"/><T60/><D114/><U14/><E118/><V123/><F119/><W117/><G73/><T103/><D124/><U75/><E126/><V87/><F87/><W81/><G133/><T53/><D51/><U125/><E125/><V106/><F106/><W89/><G7/><T115/><D115/><U5/><E76/><V57/><F67/><W122/><G122/><T135/><D135/><U10/><E75/><V26/><F132/><W121/><G121/><T131/><D131/><U69/><E69/><V100/><F128/><W40/><G40/><T78/><D78/><U20/><E47/><V72/><F72/><W23/><G117/><T38/><D103/><U70/><E70/><V108/><F43/><W13/><G110/><T12/><D64/><U45/><E45/><V27/><F108/><W93/><G81/><T130/><D38/><U101/><REACH who="1" step="1"/><E22/><REACH who="1" ten="366,240,134,250" step="2"/><V30/><F123/><W107/><G109/><T68/><D130/><U33/><E33/><V127/><F127/><W35/><G35/><T86/><D68/><U17/><AGARI ba="1,1" hai="5,10,14,17,20,25,41,44,50,90,91,94,97,101" machi="17" ten="20,5200,0" yaku="1,1,0,1,7,1,8,1,53,0" doraHai="24" doraHaiUra="28" who="1" fromWho="1" sc="366,-27,240,65,134,-14,250,-14" /><INIT seed="1,0,0,5,5,13" ten="339,305,120,236" oya="1" hai0="92,29,101,34,26,89,10,14,112,70,22,9,100" hai1="122,39,65,8,35,93,63,86,30,90,32,98,123" hai2="109,132,61,124,3,46,51,80,27,77,82,133,18" hai3="130,52,115,67,78,37,105,84,11,102,49,12,25"/><U21/><E39/><V59/><F3/><W60/><G130/><T85/><D112/><U42/><E42/><V81/><F109/><W0/><G37/><T107/><D70/><U72/><E72/><V104/><F104/><W76/><G0/><T24/><D107/><U36/><E36/><V83/><F124/><W38/><G38/><T113/><D9/><U73/><E73/><V31/><F77/><W56/><G25/><T6/><D113/><U126/><E126/><V71/><F71/><W57/><G84/><T118/><D118/><U54/><E54/><V114/><F114/><W119/><G119/><T16/><AGARI ba="0,0" hai="6,10,14,16,22,24,26,29,34,85,89,92,100,101" machi="16" ten="20,5200,0" yaku="0,1,7,1,52,1,54,1" doraHai="13" who="0" fromWho="0" sc="339,52,305,-26,120,-13,236,-13" /><INIT seed="2,0,0,2,5,120" ten="391,279,107,223" oya="2" hai0="76,73,5,16,54,25,79,101,112,4,66,77,89" hai1="41,95,51,117,57,22,12,2,94,125,133,97,126" hai2="17,32,36,86,78,7,88,30,107,28,59,83,53" hai3="45,13,106,8,67,84,48,52,56,40,131,109,74"/><V128/><F128/><W75/><G74/><T91/><D112/><U100/><E2/><V11/><F36/><W35/><G75/><T42/><D73/><U114/><E114/><V37/><F37/><W46/><G35/><T44/><D101/><U47/><E117/><V62/><F107/><W3/><G106/><T38/><D66/><U123/><E123/><V71/><F71/><W134/><G3/><T135/><D135/><U113/><E113/><V124/><F124/><W81/><G109/><T49/><D38/><U21/><E133/><V39/><F39/><W130/><G67/><T10/><D42/><U121/><E121/><V82/><F17/><W110/><G110/><T31/><D31/><U26/><E12/><V99/><F32/><W80/><G80/><T87/><D91/><U127/><E57/><V64/><F64/><W72/><G72/><T65/><D65/><U129/><E129/><N who="3" m="49162" /><G40/><T55/><D55/><U33/><E94/><N who="2" m="56775" /><F83/><W85/><G85/><T23/><D10/><U103/><E33/><V68/><F68/><W24/><G24/><T132/><D132/><U9/><E26/><V122/><F122/><W115/><G134/><T90/><D89/><U20/><E103/><V34/><F34/><W92/><G92/><AGARI ba="0,0" hai="4,5,16,23,25,44,49,54,76,77,79,87,90,92" machi="92" ten="40,2600,0" yaku="8,1,54,1" doraHai="120" who="0" fromWho="3" sc="391,26,279,0,107,0,223,-26" /><INIT seed="3,0,0,0,3,86" ten="417,279,107,197" oya="3" hai0="113,58,22,4,94,59,62,83,68,2,121,34,76" hai1="91,95,30,109,129,28,17,0,110,105,12,35,117" hai2="24,43,11,118,112,14,20,44,130,114,49,98,93" hai3="107,16,36,81,66,8,106,103,73,42,54,127,31"/><W60/><G31/><T64/><D121/><U133/><E105/><V25/><F118/><W38/><G54/><T10/><D34/><U88/><E0/><V128/><F25/><W18/><G127/><T90/><D113/><U131/><E117/><V5/><F128/><N who="1" m="49225" /><E133/><V120/><F120/><W6/><G42/><T1/><D22/><U23/><E35/><V134/><F134/><W7/><G6/><T32/><D1/><U132/><E132/><V82/><F82/><W84/><G73/><T57/><D32/><U97/><E91/><V50/><F49/><W52/><G36/><T61/><D68/><U63/><E63/><V21/><F21/><W47/><G38/><T33/><D62/><U101/><E101/><V111/><F111/><AGARI ba="0,0" hai="12,17,23,28,30,88,95,97,109,110,111" m="49225" machi="111" ten="30,7700,0" yaku="14,1,19,1,52,1,54,1" doraHai="86" who="1" fromWho="2" sc="417,0,279,77,107,-77,197,0" /><INIT seed="4,0,0,2,0,125" ten="417,356,30,197" oya="0" hai0="63,127,135,13,49,56,134,25,103,110,105,66,43" hai1="4,119,107,73,23,9,92,54,81,104,22,36,53" hai2="41,111,29,62,45,113,88,59,101,33,120,15,26" hai3="71,46,42,116,131,7,126,78,80,58,114,93,67"/><T87/><D127/><U55/><E119/><V94/><F120/><W98/><G114/><T19/><D25/><U12/><E36/><V128/><F111/><W112/><G112/><T52/><D43/><U133/><E133/><N who="0" m="50697" /><D87/><U89/><E73/><V5/><F113/><W69/><G7/><T68/><D103/><U18/><E81/><V76/><F76/><W91/><G131/><T109/><D105/><U70/><E70/><V47/><F101/><W95/><G93/><T31/><D31/><U20/><REACH who="1" step="1"/><E4/><REACH who="1" ten="417,346,30,197" step="2"/><V85/><F128/><W117/><G126/><T34/><D68/><U35/><E35/><V83/><F41/><W86/><G117/><T123/><D34/><U79/><E79/><V100/><F100/><W21/><G116/><T0/><D123/><U108/><E108/><V40/><F40/><W17/><G69/><T38/><D38/><U44/><E44/><V32/><F33/><W64/><G71/><T74/><D74/><U90/><E90/><V50/><F83/><W129/><G58/><N who="0" m="33039" /><D110/><U57/><E57/><V1/><F47/><W75/><G129/><T118/><D109/><U3/><E3/><V27/><F45/><W16/><G75/><T84/><D118/><U121/><E121/><V99/><F32/><W72/><G72/><T6/><D6/><U8/><E8/><V97/><F1/><W39/><REACH who="3" step="1"/><G17/><REACH who="3" ten="417,346,30,187" step="2"/><T28/><D19/><U96/><AGARI ba="0,2" hai="9,12,18,20,22,23,53,54,55,89,92,96,104,107" machi="96" ten="30,2000,0" yaku="1,1,0,1,53,0" doraHai="125" doraHaiUra="60" who="1" fromWho="1" sc="417,-10,346,40,30,-5,187,-5" /><INIT seed="5,0,0,3,5,95" ten="407,386,25,182" oya="1" hai0="132,62,124,37,39,74,18,44,118,105,13,87,80" hai1="59,58,33,3,7,20,1,123,71,0,70,110,55" hai2="66,25,129,4,121,128,127,100,8,122,83,72,92" hai3="11,43,82,86,32,67,115,78,40,120,42,119,94"/><U98/><E33/><V90/><F66/><W111/><G111/><T116/><D74/><U35/><E35/><V49/><F25/><W130/><G115/><T26/><D105/><U108/><E7/><V61/><F61/><W10/><G32/><T126/><D26/><U56/><E20/><V41/><F100/><W112/><G112/><T29/><D29/><U30/><E30/><V107/><F107/><W102/><G130/><T51/><D13/><U23/><E23/><V54/><F41/><W47/><G67/><T14/><D14/><U97/><E55/><V106/><F106/><W34/><G34/><T109/><D18/><U17/><E17/><V91/><F127/><N who="0" m="48682" /><D62/><U15/><E15/><V27/><F27/><W134/><G134/><T16/><D109/><N who="1" m="42091" /><E123/><V36/><F36/><N who="0" m="13898" /><D16/><U22/><E22/><V6/><F6/><W12/><G120/><T75/><D116/><U99/><AGARI ba="0,0" hai="0,1,3,56,58,59,70,71,97,98,99" m="42091" machi="99" ten="50,24000,3" yaku="29,2,28,2,10,1,52,3" doraHai="95" who="1" fromWho="1" sc="407,-80,386,240,25,-80,182,-80" owari="327,13.0,626,73.0,-55,-56.0,102,-30.0" /></mjloggm>