<mjloggm ver="2.3"><GO type="97" lobby="0"/><UN n0="%E3%82%A6%E3%83%AB%E3%83%88%E3%83%A9%E7%AB%8B%E7%9B%B4" n1="%62%65%6C%6F%76%65%64" n2="%41%53%41%48%41%52%41" n3="%74%6F%64%61%72%79%6F%75" dan="15,15,13,13" rate="1966.66,1962.07,1805.96,1899.52" sx="M,F,M,M"/><TAIKYOKU oya="0"/><INIT seed="0,0,0,5,2,62" ten="250,250,250,250" oya="0" hai0="94,120,119,109,88,46,12,70,21,57,44,4,34" hai1="99,63,104,22,54,83,122,55,61,43,24,31,16" hai2="6,13,130,9,114,98,131,64,76,89,123,124,134" hai3="48,79,29,51,33,28,38,45,15,30,92,102,26"/><T56/><D70/><U52/><E122/><V127/><F114/><W69/><G69/><T128/><D34/><U117/><E117/><V3/><F76/><W113/><G113/><T73/><D73/><U77/><E43/><V41/><F123/><W106/><G106/><T115/><D115/><U20/><E99/><V103/><F41/><W59/><G79/><T68/><D68/><U36/><E36/><V126/><F3/><W39/><G38/><T85/><D128/><N who="2" m="49194" /><F89/><W80/><G39/><T133/><D133/><U8/><E104/><N who="2" m="63607" /><F64/><W53/><G80/><T42/><D119/><U121/><E121/><V84/><F84/><W90/><G102/><T95/><D120/><U82/><E8/><V87/><F87/><W132/><G132/><AGARI ba="0,0" hai="6,9,13,124,126,127,132,134" m="63607,49194" machi="132" ten="40,8000,1" yaku="30,2,18,1,19,1" doraHai="62" who="2" fromWho="3" sc="250,0,250,0,250,80,250,-80" /><INIT seed="1,0,0,3,2,128" ten="250,250,330,170" oya="1" hai0="94,127,46,9,98,84,56,3,34,61,28,16,106" hai1="33,32,90,5,65,108,45,4,15,24,74,10,89" hai2="47,12,77,73,76,59,48,116,112,2,30,107,17" hai3="43,97,123,55,131,81,130,7,129,68,101,8,14"/><U63/><E74/><V110/><F2/><W83/><G123/><T85/><D127/><U60/><E108/><V134/><F116/><W64/><G43/><T11/><D106/><U99/><E45/><V58/><F107/><W18/><G55/><T86/><D34/><U27/><E99/><V95/><F30/><W36/><G36/><T117/><D117/><U41/><E41/><V29/><F29/><W79/><G79/><T78/><D28/><U69/><E15/><V21/><F110/><W75/><G75/><T37/><D3/><U42/><E42/><V1/><F1/><W133/><G133/><T20/><D46/><U105/><E105/><V121/><F134/><W49/><G49/><T126/><D37/><U96/><E96/><V122/><F112/><W93/><REACH who="3" step="1"/><G7/><REACH who="3" ten="250,250,330,160" step="2"/><T125/><D78/><N who="2" m="30314" /><F73/><W72/><G72/><T70/><D126/><U113/><E113/><V52/><F122/><W92/><G92/><T88/><D125/><U44/><E44/><V13/><F121/><W132/><G132/><T38/><D38/><U40/><E40/><V104/><F104/><W31/><G31/><T102/><D102/><U82/><E82/><V35/><F95/><W62/><AGARI ba="0,1" hai="8,14,18,62,64,68,81,83,93,97,101,129,130,131" machi="62" ten="40,5200,0" yaku="1,1,0,1,19,1,53,0" doraHai="128" doraHaiUra="19" who="3" fromWho="3" sc="250,-13,250,-26,330,-13,160,62" /><INIT seed="2,0,0,3,1,76" ten="237,224,317,222" oya="2" hai0="8,103,61,108,5,16,52,82,37,64,45,44,3" hai1="54,85,93,78,120,114,125,96,34,116,128,91,60" hai2="59,135,127,72,132,71,83,14,51,62,0,13,20" hai3="12,118,6,23,58,41,9,29,119,134,111,124,4"/><V10/><F71/><W129/><G41/><T11/><D108/><U67/><E34/><V110/><F127/><W65/><G65/><T88/><D103/><U50/><E116/><V31/><F110/><W55/><G111/><T26/><D37/><U18/><E114/><V35/><F35/><W70/><G70/><T87/><D52/><U25/><E125/><V90/><F0/><W56/><G124/><T38/><D38/><U46/><E120/><V104/><F104/><W98/><G134/><N who="2" m="51241" /><F51/><W133/><G133/><T113/><D113/><U92/><E128/><V66/><F10/><W107/><G129/><T130/><D130/><U123/><E123/><V79/><F90/><W101/><G4/><T86/><D86/><U89/><E78/><V2/><F2/><W112/><G112/><T21/><D11/><U99/><E25/><AGARI ba="0,0" hai="13,14,20,25,31,59,62,66,72,79,83" m="51241" machi="25" ten="30,2900,0" yaku="20,1,52,1" doraHai="76" who="2" fromWho="1" sc="237,0,224,-29,317,29,222,0" /><INIT seed="2,1,0,3,0,133" ten="237,195,346,222" oya="2" hai0="25,127,23,125,42,60,64,81,35,76,11,107,53" hai1="59,77,31,22,51,33,48,12,41,96,111,55,0" hai2="92,129,58,63,46,72,44,116,119,80,73,7,117" hai3="4,108,10,56,103,57,5,91,65,124,3,45,17"/><V122/><F122/><W40/><G108/><T97/><D42/><U43/><E111/><V68/><F68/><W110/><G110/><T34/><D53/><U115/><E0/><V19/><F7/><W135/><G135/><T61/><D11/><U30/><E115/><V24/><F129/><W18/><G5/><T37/><D37/><U9/><E33/><V16/><F92/><W101/><G65/><T94/><D107/><U86/><E96/><V20/><F19/><W100/><G91/><T52/><D52/><U123/><E123/><V47/><REACH who="2" step="1"/><F80/><REACH who="2" ten="237,195,336,222" step="2"/><W1/><G18/><T90/><D35/><U69/><E69/><V82/><F82/><W6/><G17/><T130/><D34/><U50/><E22/><V106/><F106/><W70/><G70/><T93/><D93/><U14/><E31/><V62/><F62/><W27/><G6/><T74/><D130/><U112/><E30/><V36/><F36/><W131/><G131/><T118/><D118/><U95/><E112/><V8/><F8/><W28/><G3/><T87/><D23/><U126/><E9/><V13/><F13/><W67/><G1/><T104/><D25/><U15/><E95/><V85/><F85/><W71/><G10/><T114/><D114/><U32/><E32/><V39/><F39/><W38/><G4/><T83/><D104/><U84/><E77/><V78/><F78/><W49/><G38/><T98/><D61/><N who="1" m="36095" /><E126/><N who="0" m="48137" /><D94/><U113/><E113/><V102/><F102/><W54/><G124/><T121/><D121/><U134/><E134/><V66/><AGARI ba="1,1" hai="16,20,24,44,46,47,58,63,66,72,73,116,117,119" machi="66" ten="40,7800,0" yaku="1,1,0,1,54,1,53,0" doraHai="133" doraHaiUra="99" who="2" fromWho="2" sc="237,-27,195,-27,336,91,222,-27" /><INIT seed="2,2,0,3,2,66" ten="210,168,427,195" oya="2" hai0="3,82,48,77,14,9,33,115,8,36,88,58,85" hai1="50,62,27,105,5,83,110,111,43,2,64,25,38" hai2="103,84,71,67,31,113,39,69,24,119,80,29,18" hai3="86,100,40,125,28,87,47,112,10,104,99,42,133"/><V51/><F39/><W12/><G112/><T13/><D33/><U94/><E105/><V118/><F113/><W55/><G125/><T63/><D36/><U108/><E38/><V68/><F67/><W92/><G133/><T0/><D115/><U93/><E83/><V44/><F103/><W45/><G28/><T90/><D48/><U124/><E124/><V49/><F18/><W116/><G116/><T128/><D128/><U73/><E73/><V16/><F31/><W7/><G104/><T74/><D74/><U120/><E120/><V89/><F51/><W46/><REACH who="3" step="1"/><G55/><REACH who="3" ten="210,168,427,185" step="2"/><T17/><D3/><U72/><E2/><V15/><F29/><W75/><G75/><T60/><D0/><U37/><E72/><V4/><F119/><W61/><G61/><T126/><D126/><U56/><E5/><V131/><F4/><W127/><G127/><T76/><D63/><U34/><E34/><V81/><F118/><W95/><G95/><N who="1" m="36362" /><E37/><V109/><F80/><W54/><G54/><T122/><D122/><U57/><E43/><AGARI ba="2,1" hai="7,10,12,40,42,43,45,46,47,86,87,92,99,100" machi="43" ten="40,2600,0" yaku="1,1,8,1,53,0" doraHai="66" doraHaiUra="78" who="3" fromWho="1" sc="210,0,168,-32,427,0,185,42" /><INIT seed="3,0,0,5,1,134" ten="210,136,427,227" oya="3" hai0="124,90,66,57,42,97,51,22,13,6,55,114,4" hai1="104,121,59,119,103,12,34,71,1,86,76,15,17" hai2="68,120,100,77,18,89,3,25,129,109,5,102,37" hai3="70,79,16,27,63,117,58,73,88,23,40,115,7"/><W126/><G115/><T108/><D108/><U69/><E1/><V82/><F68/><W46/><G117/><T31/><D124/><U52/><E34/><V99/><F37/><W26/><G70/><T133/><D133/><U53/><E119/><V19/><F5/><N who="0" m="2154" /><D114/><U43/><E121/><V93/><F3/><W112/><G112/><T122/><D122/><U128/><E43/><V9/><F129/><W113/><G113/><T87/><D97/><U62/><E128/><V81/><F81/><W111/><G111/><T94/><D42/><U39/><E39/><V8/><F109/><W28/><G126/><T127/><D127/><U101/><E104/><V107/><F107/><W35/><G7/><T105/><D105/><U41/><E41/><V33/><F33/><W110/><G110/><T60/><D31/><U54/><E71/><V75/><F19/><W44/><G40/><T132/><D132/><U2/><E2/><V49/><F18/><W36/><G36/><T56/><D22/><U85/><E69/><V21/><F21/><W96/><G73/><T0/><D0/><U38/><E38/><V80/><F75/><W67/><REACH who="3" step="1"/><G79/><REACH who="3" ten="210,136,427,217" step="2"/><T20/><D20/><U83/><E85/><V65/><F77/><W116/><G116/><T74/><D74/><U92/><E92/><AGARI ba="0,1" hai="16,23,26,27,28,35,44,46,58,63,67,88,92,96" machi="92" ten="40,7700,0" yaku="1,1,54,2,53,0" doraHai="134" doraHaiUra="72" who="3" fromWho="1" sc="210,0,136,-77,427,0,217,87" /><INIT seed="3,1,0,3,4,90" ten="210,59,427,304" oya="3" hai0="93,86,68,27,128,31,79,96,7,34,29,123,112" hai1="107,14,41,130,12,97,63,61,23,21,129,56,38" hai2="74,116,73,4,20,111,98,101,69,81,33,104,102" hai3="17,3,35,16,67,1,84,66,10,121,50,113,82"/><W0/><G113/><T122/><D128/><U9/><E38/><V95/><F33/><W39/><G121/><T13/><D112/><U57/><E41/><V64/><F4/><W75/><G39/><T135/><D135/><U37/><E37/><V62/><F111/><W55/><G35/><T49/><D68/><U133/><E107/><V26/><F116/><W48/><G75/><T46/><D31/><U88/><E133/><V54/><F81/><W127/><G127/><T8/><D96/><U124/><E124/><V32/><F32/><W118/><G118/><T43/><REACH who="0" step="1"/><D93/><REACH who="0" ten="200,59,427,304" step="2"/><U47/><E47/><V131/><F131/><W126/><G126/><T119/><D119/><U85/><E97/><V105/><F105/><W83/><G83/><AGARI ba="1,1" hai="7,8,13,27,29,34,43,46,49,79,83,86,122,123" machi="83" ten="40,5200,0" yaku="1,1,25,2,53,0" doraHai="90" doraHaiUra="91" who="0" fromWho="3" sc="200,65,59,0,427,0,304,-55" owari="265,7.0,59,-44.0,427,52.0,249,-15.0" /></mjloggm>