<mjloggm ver="2.3"><GO type="97" lobby="0"/><UN n0="%E3%82%A6%E3%83%AB%E3%83%88%E3%83%A9%E7%AB%8B%E7%9B%B4" n1="%E5%B7%9D%E4%BA%95" n2="%6D%69%7A%75%6B%69%2D%6D" n3="%E3%82%86%E3%81%BF" dan="15,15,13,13" rate="2004.93,1920.33,1835.33,1940.64" sx="M,M,M,F"/><TAIKYOKU oya="0"/><INIT seed="0,0,0,5,1,22" ten="250,250,250,250" oya="0" hai0="40,57,3,76,93,70,101,88,53,84,45,10,111" hai1="133,67,47,21,69,86,113,15,97,58,95,75,11" hai2="126,26,55,89,125,71,64,35,80,32,68,79,34" hai3="6,118,63,110,46,20,29,56,115,33,124,100,107"/><T19/><D70/><N who="2" m="26666" /><F89/><W117/><G115/><T8/><D111/><U130/><E69/><V16/><F55/><W30/><G110/><T103/><D76/><U4/><E113/><V25/><F64/><W0/><G46/><T120/><D120/><U50/><E75/><V119/><F80/><W94/><G124/><N who="2" m="47721" /><F79/><W60/><G107/><T17/><D3/><U123/><E123/><V27/><F119/><W12/><G118/><T122/><D122/><U106/><E106/><V116/><F116/><W129/><G129/><T1/><D1/><U24/><E130/><V131/><F131/><W2/><G117/><T65/><D65/><U9/><E86/><V51/><F51/><W43/><G43/><T87/><D87/><U96/><E11/><N who="0" m="4137" /><D45/><U44/><E97/><V5/><F5/><W77/><G77/><T7/><D7/><U39/><E39/><V90/><F90/><W38/><G6/><T78/><D78/><U37/><E37/><V42/><F42/><W85/><G38/><T74/><D74/><U105/><E105/><V48/><F48/><W59/><G33/><N who="2" m="8449" /><V23/><AGARI ba="0,0" hai="16,23,25,26,27" m="8449,47721,26666" machi="23" ten="50,12000,2" yaku="4,1,18,1,52,3,54,1" doraHai="22" who="2" fromWho="2" sc="250,-60,250,-30,250,120,250,-30" /><INIT seed="1,0,0,0,4,60" ten="190,220,370,220" oya="1" hai0="83,30,27,46,101,16,89,119,123,82,9,36,25" hai1="71,31,3,15,49,10,33,113,115,108,104,55,61" hai2="51,85,50,56,114,92,26,129,41,62,118,67,87" hai3="39,116,127,93,63,80,17,37,94,54,7,117,105"/><U126/><E3/><V97/><F118/><N who="3" m="45675" /><G105/><T68/><D119/><U95/><E104/><V74/><F114/><W79/><G7/><T106/><D123/><U5/><E108/><V40/><F129/><W124/><G17/><T57/><D68/><U34/><E126/><N who="3" m="48170" /><G54/><T24/><D101/><U110/><E110/><V64/><F74/><N who="3" m="43127" /><G63/><T1/><D106/><U73/><E73/><V35/><F35/><W102/><G102/><T134/><D30/><U58/><E95/><AGARI ba="0,0" hai="37,39,93,94,95" m="43127,48170,45675" machi="95" ten="30,2000,0" yaku="12,1,18,1" doraHai="60" who="3" fromWho="1" sc="190,0,220,-20,370,0,220,20" /><INIT seed="2,0,0,0,4,87" ten="190,200,370,240" oya="2" hai0="58,71,100,2,81,133,95,39,127,98,41,23,38" hai1="44,54,12,4,112,130,70,31,50,89,72,18,20" hai2="82,76,68,115,13,62,125,53,123,105,15,7,47" hai3="65,99,74,117,42,84,34,43,64,128,1,96,63"/><V22/><F123/><W129/><G1/><T21/><D71/><U116/><E112/><V27/><F115/><W132/><G74/><T46/><D2/><U91/><E116/><V102/><F125/><W25/><G117/><T32/><D32/><U80/><E70/><V122/><F122/><W45/><G84/><T97/><D127/><U61/><E130/><N who="3" m="50282" /><G132/><T29/><D133/><U14/><E31/><V126/><F126/><W124/><G124/><T86/><D39/><U28/><E28/><V83/><F105/><W24/><G34/><T6/><D6/><U107/><E107/><V52/><F68/><N who="3" m="42015" /><G65/><T33/><D58/><U69/><E69/><V0/><F102/><W10/><G10/><T114/><D114/><U109/><E109/><V108/><F108/><W11/><G11/><T78/><D33/><U88/><E61/><V60/><F0/><W77/><G77/><T55/><D29/><U104/><E104/><V30/><F7/><W36/><G43/><T94/><REACH who="0" step="1"/><D55/><REACH who="0" ten="180,200,370,240" step="2"/><N who="2" m="21066" /><F47/><W119/><G119/><T19/><D19/><U103/><E103/><AGARI ba="0,1" hai="21,23,38,41,46,78,81,86,94,95,97,98,100,103" machi="103" ten="30,3900,0" yaku="1,1,7,1,9,1,53,0" doraHai="87" doraHaiUra="134" who="0" fromWho="1" sc="180,49,200,-39,370,0,240,0" /><INIT seed="3,0,0,3,4,16" ten="229,161,370,240" oya="3" hai0="13,48,59,97,51,24,114,58,100,9,103,116,127" hai1="4,41,84,1,128,12,52,101,80,99,50,112,42" hai2="66,43,78,115,28,65,64,135,133,6,122,88,87" hai3="83,117,63,124,98,102,2,108,47,82,85,105,68"/><W54/><G2/><T8/><D127/><U123/><E123/><V79/><F115/><W37/><G117/><T93/><D116/><U111/><E1/><V74/><F122/><W92/><G124/><T130/><D130/><U5/><E112/><V0/><F74/><W14/><G108/><T21/><D100/><U86/><E111/><V120/><F28/><W56/><G68/><T3/><D3/><U81/><E128/><V129/><F43/><W40/><G14/><T132/><D132/><N who="2" m="50762" /><F120/><W67/><G67/><T107/><D107/><U72/><E72/><V131/><F131/><W11/><G11/><N who="0" m="4171" /><D13/><U19/><E4/><V95/><F129/><W62/><G62/><T36/><D36/><U31/><E31/><V70/><F70/><W121/><G121/><T126/><D126/><U75/><E75/><V33/><F33/><W45/><G45/><T55/><D114/><U61/><E5/><V49/><F49/><N who="0" m="19018" /><D55/><U73/><E73/><V46/><F46/><W94/><REACH who="3" step="1"/><G83/><REACH who="3" ten="229,161,370,230" step="2"/><T32/><D32/><U69/><E69/><V71/><F71/><W91/><AGARI ba="0,1" hai="37,40,47,54,56,63,82,85,91,92,94,98,102,105" machi="91" ten="20,12000,1" yaku="1,1,2,1,0,1,7,1,53,1" doraHai="16" doraHaiUra="38" who="3" fromWho="3" sc="229,-40,161,-40,370,-40,230,130" owari="189,-21.0,121,-38.0,330,13.0,360,46.0" /></mjloggm>