<mjloggm ver="2.3"><GO type="169" lobby="0"/><UN n0="%E9%9D%9E%E5%8A%B9%E7%8E%87%E6%89%93%E6%B3%95" n1="%EF%BC%88%E2%89%A7%E2%96%BD%E2%89%A6%EF%BC%89" n2="%E3%81%8D%E3%81%BE%E3%81%99" n3="%E3%81%84%E3%81%97%E3%81%97%E3%82%93%49%44%E7%B4%9B%E5%A4%B1" dan="17,19,16,17" rate="2189.48,2266.81,2043.63,2187.02" sx="M,M,M,M"/><TAIKYOKU oya="0"/><INIT seed="0,0,0,0,1,126" ten="250,250,250,250" oya="0" hai0="132,96,81,101,38,79,69,29,61,27,110,8,41" hai1="40,25,106,11,43,76,107,125,23,19,7,73,131" hai2="57,1,102,114,83,54,30,24,99,36,112,123,9" hai3="50,44,109,93,58,55,119,72,92,108,121,74,128"/><T65/><D132/><U124/><E76/><V22/><F123/><W80/><G119/><T17/><D110/><N who="3" m="42601" /><G121/><T10/><D41/><U12/><E73/><N who="3" m="28266" /><G128/><T35/><D17/><U115/><E131/><V16/><F83/><W53/><G80/><T39/><D10/><U84/><E84/><V97/><F36/><W116/><G116/><T51/><D8/><U34/><E115/><V88/><F99/><W87/><G87/><T105/><REACH who="0" step="1"/><D51/><AGARI ba="0,0" hai="44,50,51,53,55,58,92,93" m="28266,42601" machi="51" ten="30,1000,0" yaku="14,1" doraHai="126" who="3" fromWho="0" sc="250,-10,250,0,250,0,250,10" /><INIT seed="1,0,0,1,5,78" ten="240,250,250,260" oya="1" hai0="47,17,36,115,1,118,104,3,76,33,48,109,83" hai1="7,84,75,46,122,129,15,34,102,72,73,53,124" hai2="10,69,28,41,81,32,20,50,106,91,116,88,42" hai3="111,6,90,56,126,117,62,96,2,30,121,45,27"/><U92/><E122/><V26/><F106/><W77/><G121/><T8/><D115/><U113/><E34/><V63/><F116/><W0/><G117/><T134/><D104/><U107/><E107/><V70/><F70/><W19/><G111/><T13/><D118/><U99/><E113/><V58/><F69/><W110/><G110/><T97/><D33/><U59/><E124/><V89/><F32/><W52/><G126/><T57/><D134/><U101/><E129/><V49/><F10/><W93/><G6/><T18/><D97/><U112/><E46/><V38/><F38/><W11/><G77/><T133/><D57/><U85/><E102/><V103/><F103/><W123/><G123/><T40/><D133/><U100/><E100/><V74/><F74/><W23/><G11/><T51/><D18/><U43/><E112/><V16/><F28/><W71/><G30/><T82/><D76/><U25/><E25/><V68/><F68/><W94/><G71/><T120/><D120/><U37/><E37/><V125/><F125/><W21/><G21/><T14/><D14/><U132/><E132/><V79/><F42/><W29/><G29/><T39/><D39/><U4/><E43/><V64/><F41/><W54/><G94/><T127/><D127/><U105/><E105/><V9/><F9/><W114/><G114/><T55/><D109/><U130/><E15/><V95/><F95/><W35/><G35/><T80/><D36/><U22/><E92/><V131/><F131/><W61/><G45/><T119/><D119/><U24/><E130/><V12/><F12/><RYUUKYOKU ba="0,0" sc="240,10,250,-30,250,10,260,10" hai0="1,3,8,13,17,40,47,48,51,55,80,82,83" hai2="16,20,26,49,50,58,63,64,79,81,88,89,91" hai3="0,2,19,23,27,52,54,56,61,62,90,93,96" /><INIT seed="2,1,0,3,3,21" ten="250,220,260,270" oya="2" hai0="104,76,127,120,45,20,46,52,103,30,78,77,64" hai1="80,93,87,86,39,42,126,115,0,92,128,121,69" hai2="26,124,118,11,41,129,24,102,48,74,66,112,38" hai3="101,89,81,19,23,79,75,25,2,123,130,106,31"/><V114/><F118/><W56/><G123/><T100/><D120/><U57/><E121/><V13/><F74/><W37/><G37/><T94/><D104/><U96/><E69/><V16/><F129/><W28/><G130/><T61/><D127/><U44/><E128/><V17/><F38/><W43/><G43/><T125/><D125/><U105/><E115/><V15/><F124/><W95/><G2/><T111/><D111/><U35/><E35/><V109/><F109/><W99/><REACH who="3" step="1"/><G56/><REACH who="3" ten="250,220,260,260" step="2"/><N who="0" m="34951" /><D64/><U50/><E0/><V12/><F112/><W33/><G33/><T59/><D59/><U22/><E126/><V113/><F113/><W6/><G6/><T32/><D32/><U60/><E39/><V7/><F66/><W53/><G53/><T1/><D1/><U91/><E57/><V98/><F114/><W133/><G133/><T83/><D46/><U27/><E44/><N who="2" m="25615" /><F7/><W88/><G88/><T8/><D45/><U85/><E91/><V63/><F63/><W34/><G34/><T36/><D36/><U65/><E60/><V40/><F40/><W71/><G71/><T51/><D51/><U68/><E50/><V122/><F122/><W117/><G117/><T55/><D55/><U47/><E42/><V90/><F90/><W135/><G135/><T29/><D77/><U70/><E65/><V58/><F58/><W116/><G116/><T132/><D78/><U82/><E68/><V134/><F134/><W3/><G3/><T107/><D132/><U18/><E70/><V97/><F102/><N who="0" m="38954" /><D76/><U67/><E67/><V49/><F49/><W4/><G4/><RYUUKYOKU ba="1,1" sc="250,-10,220,-10,260,-10,260,30" hai3="19,23,25,28,31,75,79,81,89,95,99,101,106" /><INIT seed="3,2,1,4,1,66" ten="240,210,250,290" oya="3" hai0="72,89,35,71,123,94,2,126,113,95,124,108,24" hai1="109,129,25,4,11,38,99,32,83,70,105,6,125" hai2="14,114,111,45,67,90,119,92,100,112,107,15,106" hai3="62,40,13,18,116,36,20,29,34,81,27,41,43"/><W52/><G116/><T104/><RYUUKYOKU type="yao9" ba="2,1" sc="240,0,210,0,250,0,290,0" hai0="2,24,35,71,72,89,94,95,104,108,113,123,124,126" /><INIT seed="3,3,1,0,0,37" ten="240,210,250,290" oya="3" hai0="66,27,118,3,99,7,95,16,48,26,57,46,24" hai1="47,119,85,34,44,40,110,94,87,76,96,12,19" hai2="67,55,107,65,104,61,81,125,17,80,41,25,28" hai3="58,88,111,126,91,62,114,15,127,1,82,50,45"/><W116/><G1/><T23/><D118/><U53/><E119/><V84/><F125/><N who="3" m="47627" /><G116/><T22/><D3/><U134/><E34/><V128/><F128/><W6/><G114/><T131/><D131/><U132/><E110/><V68/><F67/><N who="3" m="39383" /><G111/><T13/><D7/><U60/><E76/><V101/><F101/><W21/><G82/><T32/><D32/><U11/><E47/><V49/><F81/><W9/><G21/><T51/><D23/><U75/><E75/><V72/><F72/><W92/><G92/><T69/><D69/><U43/><E132/><V0/><F0/><W59/><G59/><T83/><D83/><U93/><E134/><V56/><F17/><W86/><G86/><N who="1" m="32778" /><E60/><V109/><F109/><W70/><G70/><T35/><D35/><U54/><E94/><V121/><F107/><W63/><G63/><N who="0" m="38255" /><D46/><U29/><E44/><V33/><F104/><W117/><G117/><T102/><AGARI ba="3,1" hai="13,16,22,24,26,27,48,51,95,99,102" m="38255" machi="102" ten="30,2000,0" yaku="8,1,54,1" doraHai="37" who="0" fromWho="0" sc="240,39,210,-8,250,-8,290,-13" /><INIT seed="4,0,0,0,4,123" ten="279,202,242,277" oya="0" hai0="1,132,72,117,90,112,102,98,85,103,2,70,14" hai1="121,91,24,61,68,55,69,13,40,106,26,80,84" hai2="134,133,25,99,87,20,114,111,54,107,78,130,60" hai3="7,92,42,119,27,118,109,39,74,113,100,52,57"/><T17/><D117/><U29/><E121/><V53/><F114/><W94/><G74/><T77/><D70/><U8/><E106/><V11/><F130/><W58/><G7/><T110/><D112/><U108/><E40/><V32/><F32/><W45/><G113/><T86/><D86/><U97/><E108/><V36/><F36/><W115/><G115/><T124/><D102/><U83/><E97/><V128/><F128/><W82/><G82/><N who="0" m="45351" /><D124/><U93/><E69/><V0/><F54/><W81/><G81/><T122/><D122/><U49/><E61/><V62/><F62/><W23/><G109/><T41/><D41/><U18/><E26/><V67/><F111/><W6/><G58/><T65/><D65/><U33/><REACH who="1" step="1"/><E68/><REACH who="1" ten="279,192,242,277" step="2"/><V95/><F60/><W46/><G119/><T101/><D98/><U64/><E64/><V59/><F67/><W15/><G118/><T66/><D66/><U47/><AGARI ba="0,1" hai="8,13,18,24,29,33,47,49,55,80,83,84,91,93" machi="47" ten="20,2700,0" yaku="1,1,0,1,7,1,53,0" doraHai="123" doraHaiUra="129" who="1" fromWho="1" sc="279,-13,192,37,242,-7,277,-7" /><INIT seed="5,0,0,1,0,80" ten="266,229,235,270" oya="1" hai0="70,35,93,114,68,91,67,13,82,34,5,31,51" hai1="75,96,39,132,116,111,60,0,48,104,120,15,11" hai2="7,40,109,131,22,16,64,97,10,106,76,110,134" hai3="121,95,26,108,72,98,17,105,14,78,122,23,119"/><U47/><E116/><V115/><F134/><W36/><G105/><T118/><D118/><U45/><E120/><V28/><F64/><W53/><G119/><T62/><D70/><U112/><E75/><V57/><F76/><W44/><G108/><T37/><D37/><U94/><E111/><V12/><F40/><W102/><G78/><T27/><D114/><U100/><E112/><V133/><F133/><W81/><G81/><T101/><D82/><U88/><E0/><N who="2" m="359" /><F57/><W79/><G79/><T63/><D101/><U21/><E39/><V4/><F97/><W41/><G72/><T33/><D62/><U42/><E45/><V77/><F77/><W84/><G84/><T30/><D30/><U130/><E60/><V25/><F106/><W107/><G107/><T125/><D51/><U3/><E132/><V123/><F131/><W99/><G99/><T129/><D129/><U43/><E130/><V103/><F103/><W127/><G127/><T71/><D125/><U117/><E117/><V86/><F86/><W58/><G14/><T18/><D71/><U135/><E135/><V83/><F83/><W6/><G6/><T126/><D5/><N who="1" m="1471" /><E104/><V19/><F123/><W9/><G9/><N who="0" m="6447" /><D126/><U92/><E100/><V59/><F115/><W2/><G2/><T85/><D35/><U65/><E94/><V20/><F4/><W69/><G69/><T74/><D74/><U8/><E92/><V66/><F109/><W1/><G1/><T87/><D85/><U113/><E113/><V52/><F110/><W49/><AGARI ba="0,0" hai="17,23,26,36,41,44,49,53,58,95,98,102,121,122" machi="49" ten="20,1500,0" yaku="0,1,7,1" doraHai="80" who="3" fromWho="3" sc="266,-4,229,-7,235,-4,270,15" /><INIT seed="6,0,0,5,4,67" ten="262,222,231,285" oya="2" hai0="121,92,70,4,56,97,77,80,24,87,124,9,71" hai1="79,93,108,114,83,81,59,84,73,95,15,25,96" hai2="1,135,134,5,22,19,32,122,40,20,94,113,27" hai3="85,118,90,52,130,0,49,48,33,28,132,106,47"/><V10/><F122/><W131/><G118/><T123/><D124/><U17/><E108/><V127/><F40/><W34/><G0/><T30/><D56/><U75/><E114/><V72/><F72/><W91/><G106/><T101/><D121/><U60/><E25/><N who="2" m="14495" /><F113/><W13/><G132/><N who="2" m="50729" /><F94/><W98/><G98/><T128/><D128/><N who="3" m="49193" /><G13/><T29/><D29/><U62/><E93/><V31/><F127/><W68/><G68/><T129/><D129/><U112/><E112/><V117/><F117/><W11/><G11/><T133/><D123/><U89/><E59/><V55/><F55/><N who="3" m="30111" /><G28/><T104/><D104/><U99/><E99/><V50/><F50/><W7/><G7/><T110/><D133/><U109/><E109/><V51/><F51/><W107/><G107/><T120/><D110/><U6/><E6/><V23/><AGARI ba="0,0" hai="1,5,10,22,23,27,31,32" m="50729,14495" machi="23" ten="30,6000,0" yaku="20,1,34,2" doraHai="67" who="2" fromWho="2" sc="262,-20,222,-20,231,60,285,-20" /><INIT seed="6,1,0,3,4,10" ten="242,202,291,265" oya="2" hai0="9,93,84,68,33,24,108,16,78,75,96,48,98" hai1="66,8,115,39,97,36,40,87,41,125,52,27,77" hai2="90,81,23,46,70,2,121,30,37,47,42,51,5" hai3="21,132,88,63,129,123,126,130,91,0,34,76,29"/><V131/><F121/><W11/><G123/><T113/><D108/><U60/><E125/><V49/><F70/><W134/><G34/><T61/><D75/><U111/><E111/><V44/><F131/><N who="3" m="50187" /><G76/><T102/><D113/><U4/><E115/><V32/><F32/><W62/><G29/><T12/><D48/><U15/><E27/><V103/><F103/><W105/><G105/><T106/><D84/><U25/><E25/><V64/><F49/><W6/><G21/><T92/><D78/><U3/><E3/><V114/><F64/><W122/><G122/><T127/><D127/><U72/><E72/><V54/><F44/><W135/><G126/><T82/><D82/><N who="1" m="47567" /><E39/><V65/><F37/><W71/><G71/><T53/><D96/><U43/><E36/><V28/><F2/><W50/><G50/><T101/><D101/><U118/><E97/><V45/><F51/><W26/><G26/><T110/><D110/><U104/><E104/><V17/><F30/><W119/><G119/><T99/><D99/><U67/><E118/><V56/><F28/><W94/><G94/><T22/><D33/><U13/><E13/><V117/><F117/><W100/><G100/><T124/><D124/><U38/><E38/><V19/><F45/><W58/><G63/><T57/><REACH who="0" step="1"/><D68/><REACH who="0" ten="232,202,291,265" step="2"/><U109/><E109/><V107/><F114/><W73/><G73/><T55/><D55/><AGARI ba="1,1" hai="0,6,11,55,58,62,88,91,132,134,135" m="50187" machi="55" ten="40,5200,0" yaku="20,1,19,1,54,1" doraHai="10" who="3" fromWho="0" sc="232,-55,202,0,291,0,265,65" /><INIT seed="7,0,0,0,1,65" ten="177,202,291,330" oya="3" hai0="49,102,76,82,6,55,127,51,8,71,63,120,2" hai1="50,58,1,12,73,132,18,62,91,45,4,86,52" hai2="108,7,37,79,107,116,78,89,5,10,47,135,97" hai3="32,99,21,70,68,19,60,124,122,34,121,26,110"/><W30/><G99/><T96/><D120/><N who="3" m="46185" /><G60/><T67/><D127/><U16/><E132/><V128/><F5/><W93/><G93/><T114/><D114/><U64/><E73/><V31/><F108/><W90/><G90/><T115/><D115/><U77/><E77/><V94/><F128/><W92/><G92/><T39/><D39/><U131/><E131/><V66/><F116/><W54/><G54/><T40/><D40/><U103/><E1/><V123/><F123/><W74/><G74/><T27/><D27/><U24/><E103/><V38/><F107/><W23/><G70/><T87/><REACH who="0" step="1"/><D55/><REACH who="0" ten="167,202,291,330" step="2"/><U100/><E24/><V48/><F38/><W56/><G26/><T14/><D14/><U133/><E133/><V36/><F37/><W33/><G124/><T109/><D109/><U85/><E100/><V129/><F36/><W95/><G110/><T9/><D9/><N who="1" m="4135" /><E85/><V72/><F10/><W43/><G43/><T0/><D0/><U106/><E106/><AGARI ba="0,1" hai="2,6,8,49,51,63,67,71,76,82,87,96,102,106" machi="106" ten="30,3900,0" yaku="1,1,7,1,52,1,53,0" doraHai="65" doraHaiUra="29" who="0" fromWho="1" sc="167,49,202,-39,291,0,330,0" owari="216,-18.0,163,-34.0,291,9.0,330,43.0" /></mjloggm>