<mjloggm ver="2.3"><GO type="97" lobby="0"/><UN n0="%67%61%72%75%63%69%61" n1="%E3%82%A6%E3%83%AB%E3%83%88%E3%83%A9%E7%AB%8B%E7%9B%B4" n2="%E3%83%AD%E3%83%90%E3%83%B3%E3%82%BD%E3%83%B3%32" n3="%63%79%6F%6E%70%69" dan="14,15,15,13" rate="1897.54,2024.77,2033.78,1854.25" sx="M,M,M,M"/><TAIKYOKU oya="0"/><INIT seed="0,0,0,1,2,43" ten="250,250,250,250" oya="0" hai0="6,122,51,123,22,0,26,33,16,120,35,66,107" hai1="118,28,84,20,74,111,64,88,87,7,1,102,3" hai2="58,45,60,86,72,115,110,39,112,96,132,69,67" hai3="124,116,90,44,46,75,18,91,25,52,133,27,41"/><T65/><D107/><U50/><E74/><V48/><F72/><W5/><G75/><T108/><D66/><U85/><E118/><V71/><F96/><W93/><G116/><T109/><D65/><U59/><E111/><N who="0" m="42569" /><D51/><U12/><E102/><V95/><F95/><W119/><G119/><T97/><D97/><U49/><E3/><V104/><F86/><N who="1" m="33385" /><E1/><V134/><F104/><W127/><G5/><T13/><D0/><U92/><E28/><V126/><F39/><W101/><G41/><T15/><D6/><U98/><E87/><V103/><F103/><W62/><G101/><T32/><AGARI ba="0,0" hai="13,15,16,22,26,32,33,35,120,122,123" m="42569" machi="32" ten="50,12000,1" yaku="14,1,10,1,34,2,54,1" doraHai="43" who="0" fromWho="0" sc="250,120,250,-40,250,-40,250,-40" /><INIT seed="0,1,0,2,0,35" ten="370,210,210,210" oya="0" hai0="5,63,92,124,80,61,106,7,119,73,91,57,1" hai1="84,105,107,50,66,43,58,52,15,17,26,54,24" hai2="96,69,49,103,111,8,56,25,129,28,18,60,87" hai3="135,115,95,20,21,72,128,116,0,4,68,113,6"/><T27/><D119/><U125/><E125/><V59/><F111/><W70/><G95/><T48/><D106/><U81/><E105/><V2/><F129/><W36/><G36/><T65/><D124/><U23/><E107/><V122/><F122/><W121/><G72/><T108/><D108/><U32/><E32/><V71/><F87/><W94/><G94/><T62/><D27/><U93/><E43/><V76/><F76/><W53/><G116/><T19/><D19/><U12/><E66/><V132/><F132/><W46/><G121/><T86/><D1/><U131/><E131/><V130/><F130/><W45/><G128/><T90/><D73/><U11/><E54/><V22/><F49/><W67/><G53/><N who="0" m="31911" /><D65/><U101/><E101/><V14/><F2/><W41/><G67/><T13/><D13/><U120/><E120/><V40/><F40/><W99/><G41/><T134/><D134/><U77/><REACH who="1" step="1"/><E93/><REACH who="1" ten="370,200,210,210" step="2"/><V112/><F71/><W9/><G135/><T47/><D47/><U51/><E51/><V64/><F112/><W31/><G70/><T98/><AGARI ba="1,1" hai="5,7,61,62,63,80,86,90,91,92,98" m="31911" machi="98" ten="30,1500,0" yaku="8,1" doraHai="35" who="0" fromWho="0" sc="370,28,200,-6,210,-6,210,-6" /><INIT seed="0,2,0,4,4,59" ten="398,194,204,204" oya="0" hai0="108,35,24,37,44,62,112,81,100,94,74,95,104" hai1="67,70,55,75,57,132,86,0,20,58,7,117,119" hai2="54,49,33,40,89,11,101,43,110,12,29,22,19" hai3="113,126,130,97,82,2,90,124,133,72,31,116,66"/><T1/><D1/><U32/><E75/><V102/><F33/><W47/><G2/><T68/><D112/><U36/><E32/><V14/><F29/><W50/><G113/><T93/><D108/><U121/><E7/><V131/><F89/><W5/><G116/><T46/><D37/><U56/><E0/><V10/><F131/><W30/><G5/><T28/><D81/><U39/><E86/><V77/><F77/><W120/><G130/><T114/><D74/><U34/><E20/><V6/><F22/><W96/><G133/><T60/><D114/><U134/><E34/><V128/><F110/><W76/><G66/><N who="0" m="41031" /><D62/><N who="1" m="40311" /><E55/><V16/><F6/><W23/><G120/><T21/><D21/><U9/><E9/><V107/><F128/><W99/><G90/><T111/><D111/><U80/><E80/><V85/><F85/><W135/><G135/><N who="1" m="51754" /><E121/><V106/><F54/><W84/><G72/><T115/><D115/><U27/><E27/><V129/><F129/><W3/><G3/><T4/><D4/><U83/><E83/><V17/><F17/><W61/><G61/><T38/><D38/><AGARI ba="2,0" hai="36,38,39,56,57,58,117,119" m="51754,40311" machi="38" ten="40,8000,1" yaku="20,1,34,2,52,1" doraHai="59" who="1" fromWho="0" sc="398,-86,194,86,204,0,204,0" /><INIT seed="1,0,0,5,4,43" ten="312,280,204,204" oya="1" hai0="129,100,34,28,115,73,57,18,132,123,120,62,11" hai1="5,110,29,105,98,55,113,133,40,63,118,48,17" hai2="75,96,25,135,125,90,111,130,54,82,31,9,13" hai3="24,36,101,51,127,89,107,119,67,47,70,60,14"/><U128/><E118/><V72/><F111/><W21/><G119/><T45/><D73/><U121/><E121/><V49/><F125/><W126/><G14/><T6/><D115/><U7/><E113/><V92/><F130/><W85/><G101/><T1/><D129/><U4/><E128/><V58/><F82/><W103/><G103/><T52/><D132/><U64/><E133/><V76/><F76/><W61/><G107/><T87/><D100/><U104/><E40/><V68/><F68/><W2/><G2/><T38/><D87/><U15/><E29/><V35/><REACH who="2" step="1"/><F135/><REACH who="2" ten="312,280,194,204" step="2"/><W26/><G36/><T46/><D38/><U93/><E110/><V44/><F44/><W16/><G60/><T112/><D112/><U71/><E71/><V122/><F122/><W106/><G106/><T32/><D123/><U53/><E105/><V99/><F99/><W33/><G33/><T30/><D120/><U27/><E104/><V81/><F81/><W12/><G126/><T19/><D34/><U56/><E98/><V22/><F22/><W116/><G116/><T8/><D32/><U131/><E131/><V74/><F74/><W39/><G39/><T37/><D37/><U80/><E80/><V114/><F114/><W20/><G20/><T117/><D117/><U91/><E93/><V50/><F50/><W59/><G70/><T124/><D124/><U102/><E48/><V83/><F83/><N who="3" m="49343" /><G127/><T84/><D45/><U88/><E63/><V42/><F42/><AGARI ba="0,1" hai="12,16,21,24,26,42,47,51,59,61,67" m="49343" machi="42" ten="30,3900,0" yaku="8,1,52,1,54,1" doraHai="43" who="3" fromWho="2" sc="312,0,280,0,194,-39,204,49" /><INIT seed="2,0,0,3,1,49" ten="312,280,155,253" oya="2" hai0="100,45,17,9,85,130,53,18,13,101,31,22,26" hai1="82,50,24,131,29,1,34,16,48,21,95,125,68" hai2="118,12,59,66,38,97,117,84,51,69,5,83,110" hai3="111,102,134,42,54,99,103,57,75,133,116,79,35"/><V115/><F115/><W120/><G35/><T122/><D122/><U37/><E37/><V32/><F38/><W124/><G120/><T129/><D85/><U36/><E36/><V135/><F32/><W74/><G42/><T76/><D76/><U108/><E68/><V8/><F135/><N who="3" m="51723" /><G116/><T71/><D71/><U123/><E123/><V33/><F33/><W132/><N who="3" m="51731" /><W119/><DORA hai="92" /><G119/><T6/><D18/><U19/><E108/><V15/><F110/><W56/><G111/><T77/><D77/><U86/><E1/><V20/><F69/><W63/><G79/><T121/><D121/><U0/><E0/><V94/><F20/><W10/><G10/><T11/><D11/><U25/><E125/><V62/><F51/><N who="3" m="30815" /><G103/><T126/><D126/><U2/><E48/><V60/><F15/><W104/><G124/><T47/><D47/><U88/><E50/><V106/><F60/><W52/><AGARI ba="0,0" hai="52,57,63,74,75,99,102,104" m="30815,51731" machi="52" ten="40,8000,1" yaku="20,1,52,3,54,1" doraHai="49,92" who="3" fromWho="3" sc="312,-20,280,-20,155,-40,253,80" /><INIT seed="3,0,0,3,0,115" ten="292,260,115,333" oya="3" hai0="84,94,72,90,133,17,67,60,88,114,89,1,4" hai1="82,66,47,37,134,39,123,108,127,107,7,110,132" hai2="56,121,32,128,28,34,24,125,131,98,50,61,14" hai3="57,20,18,92,119,52,11,6,31,27,53,99,43"/><W93/><G119/><T91/><D72/><U10/><E107/><V103/><F50/><W46/><G18/><T65/><D133/><N who="1" m="51307" /><E82/><V44/><F14/><W71/><G71/><T2/><D114/><U19/><E19/><V41/><F34/><W3/><G92/><T13/><D4/><U38/><E10/><V9/><F9/><W106/><G57/><T12/><D12/><U101/><E101/><V124/><F121/><W75/><G75/><T59/><REACH who="0" step="1"/><D67/><REACH who="0" ten="282,260,115,333" step="2"/><U126/><E7/><V15/><F15/><W55/><G106/><T118/><D118/><U83/><E83/><V22/><F32/><W81/><G3/><T79/><D79/><U45/><E66/><V48/><F128/><W130/><G81/><T120/><D120/><U33/><E33/><V86/><F86/><W102/><G130/><T0/><D0/><U104/><E104/><V85/><F85/><W116/><G116/><T49/><D49/><U95/><E95/><V87/><F87/><W109/><G6/><T117/><D117/><U30/><E30/><V63/><F63/><W100/><G27/><T42/><D42/><U69/><E69/><V29/><F29/><W105/><G105/><T112/><D112/><U16/><E16/><V77/><F77/><W58/><G93/><T135/><D135/><U129/><E129/><V62/><F62/><W8/><G43/><T111/><D111/><N who="1" m="42539" /><E123/><V5/><F5/><W51/><G109/><T97/><D97/><U80/><E80/><V23/><F131/><W73/><G99/><T54/><D54/><U68/><E68/><V26/><F26/><RYUUKYOKU ba="0,1" sc="282,15,260,15,115,-15,333,-15" hai0="1,2,13,17,59,60,65,84,88,89,90,91,94" hai1="37,38,39,45,47,126,127" owari="297,10.0,275,-12.0,100,-40.0,328,42.0" /></mjloggm>