<mjloggm ver="2.3"><GO type="97" lobby="0"/><UN n0="%E3%82%86%E3%81%9A%E3%81%93%E3%81%97%E3%82%87%E3%83%BC" n1="%E5%B2%A1%CF%80" n2="%E3%82%A6%E3%83%AB%E3%83%88%E3%83%A9%E7%AB%8B%E7%9B%B4" n3="%6B%69%6B%69%30%30%30%31" dan="13,14,15,13" rate="1826.23,1897.98,1977.75,1847.62" sx="M,F,M,M"/><TAIKYOKU oya="0"/><INIT seed="0,0,0,0,0,97" ten="250,250,250,250" oya="0" hai0="36,59,120,127,43,81,47,128,101,65,95,86,109" hai1="26,104,28,25,33,131,116,21,10,105,35,38,124" hai2="1,44,83,23,74,78,94,42,57,18,125,103,113" hai3="100,52,19,111,96,34,112,66,76,5,75,119,4"/><T89/><D120/><U13/><E38/><V40/><F113/><W130/><G34/><T118/><D118/><U31/><E116/><V29/><F125/><W102/><G112/><T32/><D32/><U41/><E124/><V49/><F1/><W99/><G119/><T98/><D127/><U48/><E21/><V69/><F69/><W56/><G66/><T0/><D0/><U67/><E67/><V60/><F29/><W90/><G111/><T17/><D128/><U92/><E131/><V114/><F114/><W121/><G130/><T30/><D30/><U133/><E92/><V126/><F126/><W24/><G121/><T115/><D115/><U64/><E64/><V27/><F57/><W123/><G76/><T72/><D109/><U46/><REACH who="1" step="1"/><E133/><REACH who="1" ten="250,240,250,250" step="2"/><V22/><F22/><N who="3" m="13407" /><G123/><T87/><D17/><AGARI ba="0,1" hai="10,13,17,25,26,28,31,33,35,41,46,48,104,105" machi="17" ten="30,7700,0" yaku="1,1,7,1,9,1,53,1" doraHai="97" doraHaiUra="11" who="1" fromWho="0" sc="250,-77,240,87,250,0,250,0" /><INIT seed="1,0,0,2,4,18" ten="173,327,250,250" oya="1" hai0="66,126,64,0,63,22,86,130,101,109,114,62,38" hai1="10,87,124,4,48,120,21,45,29,43,82,79,60" hai2="5,75,97,7,2,30,81,53,44,103,123,92,119" hai3="14,93,95,46,104,11,133,129,89,51,96,26,13"/><U112/><E120/><V90/><F123/><W115/><G115/><T57/><D114/><U47/><E112/><V41/><F119/><W39/><G39/><T117/><D0/><U132/><E60/><V74/><F53/><W19/><G104/><T23/><D117/><U80/><E80/><V16/><F30/><W121/><G121/><T25/><D38/><U35/><E35/><V84/><F2/><W20/><G129/><T27/><D130/><U17/><E29/><V76/><F74/><W61/><G61/><T94/><D109/><U106/><E106/><N who="2" m="63855" /><F16/><N who="3" m="8255" /><G133/><T31/><D126/><U54/><E132/><V56/><F56/><W36/><G36/><AGARI ba="0,0" hai="5,7,36,41,44,75,76,81,84,90,92" m="63855" machi="36" ten="30,1000,0" yaku="24,1" doraHai="18" who="2" fromWho="3" sc="173,0,327,0,250,10,250,-10" /><INIT seed="2,0,0,3,5,0" ten="173,327,260,240" oya="2" hai0="2,116,56,71,67,16,21,62,9,20,55,131,15" hai1="31,98,94,135,84,74,128,59,87,43,11,100,72" hai2="27,95,49,130,108,66,12,19,83,40,79,97,124" hai3="117,34,127,10,61,129,104,24,51,88,41,38,44"/><V69/><F124/><W25/><G104/><T121/><D116/><U39/><E39/><V96/><F130/><W90/><G117/><T63/><D121/><U28/><E43/><V68/><F108/><W57/><G127/><T70/><D131/><U30/><E128/><V93/><F27/><N who="3" m="10315" /><G34/><T125/><D125/><U48/><E11/><V132/><F132/><W18/><G129/><T76/><D76/><U23/><E135/><V53/><F40/><W101/><G101/><T112/><D112/><U3/><E23/><V114/><F114/><W64/><G38/><T32/><D32/><U133/><E133/><V58/><F66/><W29/><G29/><T85/><D85/><U36/><E36/><V22/><F96/><W123/><G123/><T86/><D86/><U81/><E3/><V107/><F107/><W17/><G10/><T103/><D103/><U106/><E106/><V50/><F95/><W118/><G118/><T54/><D2/><U13/><E13/><V26/><F12/><W14/><G14/><T91/><D91/><AGARI ba="0,0" hai="17,18,41,44,51,57,61,64,88,90,91" m="10315" machi="91" ten="30,2000,0" yaku="8,1,54,1" doraHai="0" who="3" fromWho="0" sc="173,-20,327,0,260,0,240,20" /><INIT seed="3,0,0,4,4,76" ten="153,327,260,260" oya="3" hai0="59,47,65,124,22,29,66,30,115,39,106,32,128" hai1="74,27,89,82,62,21,38,129,116,96,75,55,37" hai2="119,48,18,90,86,24,46,42,79,50,19,2,41" hai3="11,13,57,120,53,132,25,1,45,121,105,69,117"/><W40/><G105/><T93/><D22/><U112/><E112/><V63/><F2/><W110/><G69/><T131/><D93/><U95/><E116/><V104/><F104/><W99/><G1/><T135/><D106/><U85/><E38/><V0/><F0/><W31/><G117/><T102/><D102/><U84/><E37/><V100/><F100/><W101/><G110/><T61/><D61/><U103/><E84/><V107/><F79/><W43/><G132/><T122/><D29/><U98/><E98/><V14/><F107/><W126/><G126/><T33/><D30/><U88/><E103/><V64/><F24/><W3/><G3/><T91/><D91/><U83/><E83/><V44/><F14/><W72/><G72/><T35/><D122/><U20/><E20/><V123/><F123/><W70/><G70/><T73/><D73/><U77/><E77/><V52/><F64/><N who="0" m="24682" /><D59/><N who="1" m="35199" /><E129/><N who="0" m="49737" /><D47/><U16/><AGARI ba="0,0" hai="16,21,27,74,75,82,85,88,89,95,96" m="35199" machi="16" ten="30,7900,0" yaku="25,1,52,1,54,2" doraHai="76" who="1" fromWho="1" sc="153,-20,327,79,260,-20,260,-39" owari="133,-37.0,406,51.0,240,4.0,221,-18.0" /></mjloggm>