<mjloggm ver="2.3"><GO type="169" lobby="0"/><UN n0="%E3%82%A6%E3%83%AB%E3%83%88%E3%83%A9%E7%AB%8B%E7%9B%B4" n1="%E3%81%93%E3%81%AE%E3%81%8D%E3%83%BC" n2="%6E%65%6F%40%75%6E%69" n3="%E3%82%A8%E3%83%88%E3%81%BA%E3%83%B3" dan="17,16,17,17" rate="2077.97,2029.04,2137.71,2188.75" sx="M,M,M,F"/><TAIKYOKU oya="0"/><INIT seed="0,0,0,0,4,39" ten="250,250,250,250" oya="0" hai0="19,109,33,130,133,135,59,62,28,95,76,60,103" hai1="13,85,119,74,46,75,112,72,20,67,50,8,57" hai2="101,24,12,98,2,21,29,48,104,15,0,40,82" hai3="42,107,25,134,77,99,118,123,125,132,86,102,78"/><T18/><D76/><U5/><E119/><V52/><F82/><W106/><G118/><T17/><D33/><U36/><E112/><V14/><REACH who="2" step="1"/><F40/><REACH who="2" ten="250,250,240,250" step="2"/><W110/><G42/><T26/><D135/><U100/><E74/><V11/><F11/><W129/><G134/><T10/><D133/><U41/><E75/><V94/><F94/><W43/><G132/><T51/><D10/><U34/><E72/><V108/><F108/><W37/><G110/><T1/><D109/><U88/><E8/><V22/><F22/><W45/><G123/><T113/><D113/><U89/><E20/><V124/><F124/><W83/><G125/><T87/><D130/><U93/><E34/><V84/><F84/><W54/><G129/><T7/><D87/><U68/><E85/><V63/><F63/><W92/><G78/><T71/><D62/><U66/><E93/><V23/><F23/><W35/><REACH who="3" step="1"/><G54/><REACH who="3" ten="250,250,240,240" step="2"/><T27/><D60/><U64/><E41/><V30/><F30/><AGARI ba="0,2" hai="25,30,35,37,43,45,77,83,86,92,99,102,106,107" machi="30" ten="40,8000,1" yaku="1,1,2,1,52,1,53,1" doraHai="39" doraHaiUra="69" who="3" fromWho="2" sc="250,0,250,0,240,-80,240,100" /><INIT seed="1,0,0,2,3,17" ten="250,250,160,340" oya="1" hai0="36,135,1,34,31,59,54,127,91,7,28,61,69" hai1="40,110,23,118,49,64,6,25,21,87,119,10,129" hai2="115,101,85,66,32,98,65,52,4,113,78,58,103" hai3="106,109,132,76,92,12,53,44,26,83,70,67,102"/><U108/><E64/><N who="2" m="24683" /><F32/><W105/><G132/><T41/><D69/><U24/><E129/><V126/><F126/><W114/><G114/><N who="2" m="43529" /><F4/><W75/><G67/><T15/><D1/><N who="1" m="335" /><E87/><V22/><F98/><W2/><G70/><T71/><D135/><U35/><E49/><N who="2" m="30991" /><F22/><N who="1" m="8201" /><E40/><V96/><F96/><W104/><G104/><T100/><D71/><U47/><E47/><V46/><F46/><W8/><G44/><T56/><D127/><U79/><E79/><V81/><AGARI ba="0,0" hai="78,81,85,101,103" m="30991,43529,24683" machi="81" ten="30,2000,0" yaku="11,1,54,1" doraHai="17" who="2" fromWho="2" sc="250,-5,250,-10,160,20,340,-5" /><INIT seed="2,0,0,1,4,47" ten="245,240,180,335" oya="2" hai0="87,28,8,64,83,15,85,12,96,130,1,19,128" hai1="59,26,79,100,112,57,29,126,45,73,97,78,80" hai2="95,23,10,111,18,14,40,69,133,114,30,132,63" hai3="102,60,98,131,13,101,62,75,81,9,20,48,56"/><V106/><F106/><W33/><G33/><T122/><D1/><U0/><E112/><V44/><F114/><W86/><G75/><T92/><D64/><U38/><E0/><V117/><F117/><W99/><G20/><T43/><D122/><U93/><E126/><V108/><F95/><W68/><G68/><T6/><D28/><U25/><E79/><V121/><F121/><W105/><G131/><T125/><D125/><U90/><E26/><N who="2" m="16735" /><F63/><W61/><G99/><T24/><D24/><U134/><E134/><N who="2" m="51819" /><F69/><W66/><G101/><T58/><D92/><U124/><E124/><V84/><F84/><W4/><G86/><T77/><D96/><U88/><E100/><V135/><N who="2" m="51827" /><V113/><DORA hai="74" /><F113/><W7/><G81/><T42/><D87/><U76/><E76/><V39/><AGARI ba="0,0" hai="10,14,18,39,40,44,108,111" m="51827,16735" machi="39" ten="50,2400,0" yaku="20,1" doraHai="47,74" who="2" fromWho="2" sc="245,-8,240,-8,180,24,335,-8" /><INIT seed="2,1,0,2,5,100" ten="237,232,204,327" oya="2" hai0="59,60,61,56,116,17,120,132,10,6,106,95,36" hai1="89,28,7,74,93,78,111,29,63,123,62,64,49" hai2="45,134,51,83,91,110,129,101,14,104,35,42,3" hai3="38,96,109,52,46,114,112,88,130,33,2,50,44"/><V84/><F3/><W87/><G2/><T79/><D120/><U40/><E123/><V92/><F35/><W107/><G33/><T67/><D36/><U5/><E111/><V57/><F110/><W108/><G130/><T119/><D132/><U53/><E40/><V118/><F118/><W37/><G109/><T20/><D79/><U15/><E78/><V27/><F134/><W105/><G108/><T58/><D95/><U43/><E43/><V24/><F129/><W103/><G105/><T99/><D10/><N who="1" m="4559" /><E7/><V121/><F121/><W75/><G75/><T73/><D6/><U0/><E74/><V1/><F1/><W86/><G86/><T32/><D32/><U97/><E0/><V30/><F30/><N who="1" m="11881" /><E64/><V9/><F104/><W77/><G77/><T127/><D73/><U98/><E98/><N who="2" m="59591" /><F57/><AGARI ba="1,0" hai="49,53,57,62,63,89,93,97" m="11881,4559" machi="57" ten="30,1000,0" yaku="8,1" doraHai="100" who="1" fromWho="2" sc="237,0,232,13,204,-13,327,0" /><INIT seed="3,0,0,4,3,71" ten="237,245,191,327" oya="3" hai0="123,80,4,36,20,106,59,104,66,23,76,28,63" hai1="61,67,27,113,131,0,39,84,47,50,127,78,58" hai2="56,31,122,92,43,54,16,73,38,121,15,2,3" hai3="115,114,85,79,98,25,101,99,132,26,55,116,6"/><W10/><G116/><T49/><D123/><N who="2" m="47114" /><F73/><W53/><G132/><T128/><D128/><U83/><E113/><V46/><F92/><W62/><G79/><T19/><D104/><U100/><E0/><V65/><F31/><W17/><G85/><T48/><D106/><U91/><E131/><V37/><F65/><W7/><G17/><T18/><D4/><U81/><E100/><V29/><F29/><W103/><G10/><T1/><D1/><U77/><E127/><V97/><F97/><W102/><G102/><T72/><D28/><U33/><E33/><V75/><F75/><W87/><G87/><T107/><D107/><U13/><E81/><V40/><F40/><W32/><G62/><T9/><D9/><U52/><E27/><V45/><F45/><W35/><AGARI ba="0,0" hai="6,7,25,26,32,35,53,55,98,99,101,103,114,115" machi="35" ten="25,4800,0" yaku="0,1,22,2" doraHai="71" who="3" fromWho="3" sc="237,-16,245,-16,191,-16,327,48" /><INIT seed="3,1,0,4,4,55" ten="221,229,175,375" oya="3" hai0="37,106,20,57,65,72,92,124,130,17,123,56,34" hai1="49,99,112,104,125,118,115,87,8,39,67,132,6" hai2="75,52,100,40,45,11,81,122,71,88,59,94,82" hai3="44,89,30,78,1,4,73,74,41,129,105,133,135"/><W128/><G105/><T51/><D106/><U47/><E39/><V58/><F71/><W32/><G89/><T22/><D37/><U54/><E132/><N who="3" m="50762" /><G30/><T28/><D34/><U7/><E125/><V134/><F134/><W108/><G32/><T86/><D72/><N who="3" m="27753" /><G78/><T102/><D130/><N who="3" m="50281" /><G108/><T21/><D124/><U85/><E104/><V29/><F122/><W18/><G18/><T2/><D123/><U27/><E115/><V38/><F100/><W42/><G44/><T24/><D102/><U90/><E47/><V3/><F29/><W46/><G46/><T13/><D28/><U68/><E90/><V131/><F131/><W120/><G120/><T14/><D17/><U26/><E112/><V5/><F52/><W117/><G117/><T10/><D92/><U96/><E54/><V19/><F19/><W79/><G79/><T127/><D86/><U9/><E85/><N who="2" m="52495" /><F82/><W101/><G101/><T23/><D24/><U15/><E26/><V121/><F121/><W62/><G62/><T12/><D127/><U35/><E27/><V113/><F113/><W31/><G31/><T70/><N who="0" m="5120" /><DORA hai="83" /><T111/><D111/><U16/><E35/><V84/><F84/><W114/><G114/><T53/><D53/><U91/><E16/><V50/><F50/><W119/><G119/><T48/><D48/><U36/><E49/><V64/><F64/><W69/><G69/><T43/><D65/><U60/><E118/><V97/><F97/><W76/><G76/><AGARI ba="1,0" hai="3,5,11,38,40,45,58,59,75,76,81" m="52495" machi="76" ten="30,8000,1" yaku="25,1,52,3,54,1" doraHai="55,83" who="2" fromWho="3" sc="221,0,229,0,175,83,375,-83" /><INIT seed="4,0,0,0,3,1" ten="221,229,258,292" oya="0" hai0="114,71,51,13,29,86,116,106,126,27,99,95,127" hai1="87,0,90,65,131,40,89,101,134,2,28,46,38" hai2="22,60,119,128,53,109,129,45,81,122,96,54,97" hai3="79,19,63,47,58,91,15,24,11,37,70,14,123"/><T135/><D116/><U59/><E101/><V69/><F119/><W30/><G123/><T25/><D135/><U9/><E134/><V43/><F122/><W113/><G113/><T55/><D71/><U78/><E28/><V132/><F132/><W62/><G70/><T98/><D114/><U85/><E131/><N who="2" m="50251" /><F109/><W52/><G79/><T118/><D118/><U49/><E78/><V108/><F81/><W4/><G91/><T48/><D86/><U124/><E124/><V115/><F115/><W120/><G120/><T61/><D61/><U94/><E9/><V10/><F22/><N who="3" m="15639" /><G37/><T88/><D13/><U100/><E100/><V6/><F108/><W104/><G104/><T17/><D106/><U7/><E7/><V74/><F74/><W107/><G107/><T110/><D110/><U133/><E133/><V31/><F31/><W82/><G82/><T32/><D99/><N who="2" m="37962" /><F60/><N who="3" m="35911" /><G47/><T23/><REACH who="0" step="1"/><D51/><REACH who="0" ten="211,229,258,292" step="2"/><U5/><E49/><N who="2" m="26815" /><F69/><W56/><G56/><AGARI ba="0,1" hai="17,23,25,27,29,32,48,55,56,88,95,98,126,127" machi="56" ten="40,3900,0" yaku="1,1,54,1,53,0" doraHai="1" doraHaiUra="35" who="0" fromWho="3" sc="211,49,229,0,258,0,292,-39" /><INIT seed="4,1,0,1,1,39" ten="260,229,258,253" oya="0" hai0="21,45,97,3,2,113,119,23,100,71,26,9,110" hai1="51,108,54,20,61,49,24,32,105,0,1,5,103" hai2="81,65,91,95,69,25,83,125,78,107,94,31,7" hai3="101,130,134,63,11,84,93,27,133,30,28,68,57"/><T86/><D119/><U44/><E32/><V41/><F107/><W132/><G68/><T8/><D71/><U14/><E108/><V80/><F125/><W92/><G130/><T22/><D110/><U79/><E61/><V77/><F7/><W55/><G101/><T4/><D113/><U29/><E79/><V114/><F114/><W102/><G102/><T90/><D26/><U52/><E5/><V128/><F128/><W19/><G84/><T72/><D72/><U6/><E6/><V104/><F104/><W96/><G96/><T13/><D9/><U47/><REACH who="1" step="1"/><E14/><REACH who="1" ten="260,219,258,253" step="2"/><V126/><F126/><W34/><G30/><T124/><D124/><U115/><E115/><V66/><F78/><W127/><G127/><T99/><D13/><AGARI ba="1,1" hai="11,13,19,27,28,34,55,57,63,92,93,132,133,134" machi="13" ten="40,1300,0" yaku="20,1" doraHai="39" who="3" fromWho="0" sc="260,-16,219,0,258,0,253,26" /><INIT seed="5,0,0,1,0,86" ten="244,219,258,279" oya="1" hai0="87,22,93,38,65,14,115,25,125,66,108,53,91" hai1="49,120,71,96,112,67,11,127,16,75,41,104,33" hai2="95,61,9,106,55,60,83,31,2,105,10,85,62" hai3="20,21,70,118,15,48,3,133,43,97,73,109,56"/><U40/><E33/><V128/><F128/><W45/><G70/><T76/><D38/><U37/><E37/><V27/><F95/><W130/><G3/><T102/><D108/><U63/><E75/><V79/><F55/><W113/><G73/><T121/><D121/><U23/><E120/><V30/><F2/><W5/><G109/><T34/><D125/><U35/><E35/><V101/><F101/><W119/><G130/><T98/><D115/><U36/><E36/><V6/><F6/><W135/><G113/><T32/><D32/><U114/><E127/><V4/><F4/><W64/><G97/><T124/><D124/><U129/><E11/><V81/><F81/><W107/><G107/><T57/><D76/><U58/><E129/><V42/><F42/><W28/><G28/><T8/><D34/><U123/><E40/><V54/><F54/><W126/><G126/><T88/><D87/><U122/><E114/><V94/><F94/><W47/><G47/><T90/><D14/><U59/><E71/><V116/><F116/><N who="3" m="44587" /><G5/><T111/><D8/><U50/><E112/><V99/><F99/><W69/><G69/><T110/><D110/><U51/><E41/><V100/><F100/><W12/><G12/><T82/><D82/><U17/><E59/><V134/><F31/><W29/><G29/><N who="0" m="17591" /><D111/><U80/><E80/><V77/><F83/><W72/><G72/><T1/><D1/><U13/><REACH who="1" step="1"/><E17/><REACH who="1" ten="244,209,258,279" step="2"/><V117/><F10/><W132/><G43/><T52/><D57/><U0/><E0/><V44/><F9/><W7/><G56/><T18/><D18/><RYUUKYOKU ba="0,1" sc="244,15,209,15,258,-15,279,-15" hai0="52,53,65,66,88,90,91,93,98,102" hai1="13,16,23,49,50,51,58,63,67,96,104,122,123" /><INIT seed="5,1,1,5,0,66" ten="259,224,243,264" oya="1" hai0="73,81,78,126,97,107,3,56,26,128,94,118,116" hai1="67,110,47,37,105,101,119,33,58,93,135,48,80" hai2="28,57,74,45,65,39,52,50,23,114,34,134,100" hai3="108,121,106,27,115,117,82,30,14,36,130,104,124"/><U131/><E119/><V40/><F74/><W29/><G108/><T95/><D3/><U113/><E110/><V46/><F34/><W109/><G109/><T13/><D126/><U4/><E105/><V62/><F100/><W11/><G36/><T21/><D107/><U54/><E33/><V20/><F28/><W88/><G121/><T49/><D128/><U122/><E122/><V99/><F99/><W89/><G130/><T10/><D95/><U63/><E131/><V16/><F134/><W77/><G124/><T51/><D51/><U102/><E135/><V79/><F79/><W17/><G29/><T38/><D38/><U7/><E113/><V2/><F2/><W76/><G76/><T12/><D12/><U24/><E24/><V83/><F83/><W96/><G115/><T61/><D49/><U127/><E127/><V129/><F129/><W75/><G117/><T35/><D35/><U1/><E37/><V59/><F114/><W19/><G19/><T53/><D13/><U5/><E1/><V98/><F98/><W123/><G123/><T84/><D10/><U18/><E80/><V55/><F16/><W44/><G44/><T31/><REACH who="0" step="1"/><D73/><REACH who="0" ten="249,224,243,264" step="2"/><U6/><N who="1" m="1024" /><DORA hai="32" /><U90/><REACH who="1" step="1"/><E18/><REACH who="1" ten="249,214,243,264" step="2"/><V120/><F120/><W60/><G106/><T25/><D25/><U112/><E112/><V69/><F46/><W132/><G104/><T86/><D86/><AGARI ba="1,3" hai="47,48,54,58,63,67,86,90,93,101,102" m="1024" machi="86" ten="50,9600,0" yaku="1,1,8,1,53,1" doraHai="66,32" doraHaiUra="41,111" who="1" fromWho="0" sc="249,-99,214,129,243,0,264,0" /><INIT seed="5,2,0,1,1,127" ten="150,343,243,264" oya="1" hai0="95,86,14,117,90,23,26,31,19,13,41,78,134" hai1="104,8,1,135,102,133,120,74,112,84,73,92,97" hai2="44,70,109,12,72,16,18,33,101,25,121,108,21" hai3="131,4,67,93,77,71,15,100,126,89,111,118,49"/><U130/><E120/><V60/><F72/><N who="1" m="27753" /><E8/><V38/><F101/><W68/><G77/><T3/><D3/><U52/><E52/><V106/><F106/><W113/><G100/><T94/><D117/><U39/><E39/><V56/><F70/><W123/><G118/><T116/><D116/><U7/><E7/><V2/><F2/><W91/><G4/><T46/><D78/><U129/><E1/><V128/><F121/><W9/><G9/><T43/><D134/><N who="1" m="51211" /><E112/><V40/><F128/><N who="1" m="49257" /><E84/><V24/><F24/><W64/><G113/><T5/><D46/><U55/><E55/><V22/><F33/><W59/><G123/><T88/><D5/><U45/><E45/><V20/><F22/><W47/><G47/><T27/><D27/><U122/><E122/><V42/><F40/><W83/><G131/><T69/><D69/><U80/><E80/><V66/><AGARI ba="2,0" hai="12,16,18,20,21,25,38,42,44,56,60,66,108,109" machi="66" ten="20,2700,0" yaku="0,1,7,1,54,1" doraHai="127" who="2" fromWho="2" sc="150,-9,343,-15,243,33,264,-9" /><INIT seed="6,0,0,2,2,87" ten="141,328,276,255" oya="2" hai0="134,117,43,70,47,15,35,64,105,39,113,68,34" hai1="120,36,127,101,82,40,63,46,56,129,90,97,91" hai2="66,76,53,62,94,95,4,123,9,125,49,75,132" hai3="72,22,41,52,88,100,45,18,104,30,51,59,128"/><V135/><F123/><W110/><G110/><T107/><D15/><U122/><E129/><V109/><F109/><W38/><G72/><T133/><D117/><U85/><E127/><V44/><F125/><W115/><G128/><T67/><D67/><U79/><E122/><V96/><F76/><W20/><G115/><T28/><D113/><U21/><E21/><V84/><F84/><W37/><G100/><T61/><D70/><U32/><E32/><V99/><F75/><W17/><G104/><T29/><D29/><U26/><E26/><V0/><F99/><W65/><G30/><T19/><D19/><U14/><E14/><V102/><REACH who="2" step="1"/><F95/><REACH who="2" ten="141,328,266,255" step="2"/><W73/><G73/><T27/><REACH who="0" step="1"/><D35/><REACH who="0" ten="131,328,266,255" step="2"/><U24/><E120/><V74/><F74/><W112/><G112/><T57/><D57/><AGARI ba="0,2" hai="0,4,9,44,49,53,57,62,66,94,96,102,132,135" machi="57" ten="40,2000,0" yaku="1,1,53,0" doraHai="87" doraHaiUra="81" who="2" fromWho="0" sc="131,-20,328,0,266,40,255,0" /><INIT seed="6,1,0,4,5,72" ten="111,328,306,255" oya="2" hai0="22,105,96,62,132,18,73,59,58,80,101,124,70" hai1="12,10,65,122,111,71,129,69,134,127,31,16,63" hai2="116,24,86,133,44,15,104,0,83,19,119,98,76" hai3="84,126,78,85,117,121,103,14,92,38,11,99,79"/><V74/><F0/><W1/><G38/><T77/><D124/><U8/><E111/><V102/><F133/><W87/><G1/><T68/><D132/><U128/><E134/><V52/><F24/><W123/><G117/><T2/><D2/><U88/><E31/><V82/><F44/><W131/><G126/><T55/><REACH who="0" step="1"/><D59/><REACH who="0" ten="101,328,306,255" step="2"/><N who="1" m="37119" /><E127/><V46/><F46/><W91/><G123/><T28/><D28/><U7/><E122/><V20/><REACH who="2" step="1"/><F52/><REACH who="2" ten="101,328,296,255" step="2"/><W108/><G121/><T54/><D54/><U6/><E128/><V66/><F66/><W106/><G131/><T47/><D47/><U93/><E129/><V115/><F115/><W130/><G130/><T118/><D118/><U51/><E12/><AGARI ba="1,2" hai="12,18,22,55,58,62,68,70,73,77,80,96,101,105" machi="12" ten="30,3900,0" yaku="1,1,7,1,52,1,53,0" doraHai="72" doraHaiUra="27" who="0" fromWho="1" sc="101,62,328,-42,296,0,255,0" /><INIT seed="7,0,0,2,2,66" ten="163,286,296,255" oya="3" hai0="59,83,15,36,92,87,21,30,29,62,114,96,17" hai1="43,7,41,129,14,86,31,12,103,100,78,90,0" hai2="22,111,126,108,119,132,84,71,76,48,130,63,98" hai3="101,82,102,115,77,112,91,58,80,89,27,61,94"/><W16/><G91/><T32/><D36/><U38/><E78/><V19/><F119/><W110/><G110/><T120/><D120/><U134/><E31/><V25/><F126/><W24/><G101/><T81/><D32/><U109/><E41/><V116/><F116/><W44/><G102/><N who="0" m="60679" /><D114/><N who="3" m="43561" /><G44/><T95/><D95/><U125/><E43/><V39/><F39/><W35/><G35/><T45/><D45/><U85/><E38/><V40/><F98/><N who="3" m="57679" /><G77/><N who="0" m="46511" /><D83/><N who="3" m="31785" /><G16/><T67/><AGARI ba="0,0" hai="15,17,21,29,30,59,62,67" m="46511,60679" machi="67" ten="30,1100,0" yaku="8,1" doraHai="66" who="0" fromWho="0" sc="163,11,286,-3,296,-3,255,-5" /><INIT seed="8,0,0,3,1,65" ten="174,283,293,250" oya="0" hai0="118,72,119,61,13,80,69,87,35,108,91,92,93" hai1="129,16,135,37,20,3,111,100,29,112,63,98,107" hai2="102,89,48,133,101,117,84,24,22,19,125,45,47" hai3="128,39,74,0,51,124,83,99,79,26,58,106,12"/><T97/><D35/><U9/><E111/><V131/><F125/><W46/><G0/><T28/><D28/><U78/><E37/><V132/><F131/><W30/><G128/><T44/><D44/><N who="2" m="16970" /><F48/><W14/><G124/><T56/><D13/><U71/><E78/><V76/><F76/><W62/><G39/><T109/><D72/><U126/><E29/><V25/><F25/><W41/><G99/><T55/><D69/><U8/><E8/><V90/><F90/><W15/><G106/><T96/><D96/><U70/><E135/><N who="2" m="51787" /><F117/><W60/><REACH who="3" step="1"/><G58/><REACH who="3" ten="174,283,293,240" step="2"/><T85/><D85/><U38/><E3/><V32/><F32/><AGARI ba="0,1" hai="12,14,15,26,30,32,41,46,51,60,62,74,79,83" machi="32" ten="40,2600,0" yaku="1,1,2,1,53,0" doraHai="65" doraHaiUra="81" who="3" fromWho="2" sc="174,0,283,0,293,-26,240,36" /><INIT seed="9,0,0,0,1,25" ten="174,283,267,276" oya="1" hai0="132,57,67,41,34,50,24,127,59,55,120,91,103" hai1="82,106,101,121,70,33,109,126,53,43,112,135,98" hai2="18,133,74,12,1,42,51,90,62,49,115,9,83" hai3="68,117,17,2,58,122,54,71,38,15,100,63,104"/><U84/><E121/><V46/><F115/><W73/><G2/><T65/><D120/><U64/><E112/><V11/><F133/><W77/><G38/><T105/><D132/><U60/><E135/><V124/><F124/><W20/><G122/><T118/><D118/><U75/><E126/><V36/><F62/><W119/><G77/><T95/><D127/><U19/><E75/><V6/><REACH who="2" step="1"/><F90/><REACH who="2" ten="174,283,257,276" step="2"/><W27/><G119/><T0/><D65/><U56/><E60/><V97/><F97/><W81/><G117/><T108/><D108/><U123/><E98/><V47/><F47/><W102/><G68/><T88/><D67/><U69/><E70/><V113/><F113/><W72/><G71/><T114/><D114/><U89/><E89/><V129/><F129/><W23/><G104/><T76/><D105/><U94/><E69/><V61/><F61/><W37/><G63/><T39/><D59/><U131/><E56/><V45/><F45/><W80/><G58/><T16/><D91/><U29/><E64/><V10/><F10/><W3/><G102/><T96/><D103/><U92/><E101/><V128/><F128/><W35/><G100/><T85/><D96/><U116/><E131/><V130/><F130/><W110/><G110/><T5/><D57/><U21/><E106/><V14/><F14/><W40/><G15/><T30/><D88/><U28/><E109/><V99/><F99/><W125/><G125/><T52/><D0/><U86/><E116/><V32/><F32/><W79/><G35/><T8/><D34/><U13/><E33/><V87/><F87/><RYUUKYOKU ba="0,1" sc="174,-10,283,-10,257,30,276,-10" hai2="1,6,9,11,12,18,36,42,46,49,51,74,83" /><INIT seed="10,1,1,5,0,109" ten="164,273,287,266" oya="2" hai0="132,53,48,22,15,101,115,88,29,73,9,44,67" hai1="37,108,85,81,63,3,54,129,130,46,21,77,13" hai2="86,60,100,93,10,0,5,97,135,52,82,133,120" hai3="114,74,104,118,16,62,70,7,56,31,103,99,24"/><V26/><F26/><W79/><G118/><T61/><D73/><U34/><E3/><V42/><F42/><W23/><G114/><T20/><D115/><U12/><E34/><V87/><F120/><W28/><G70/><T83/><D101/><U39/><E108/><V72/><F72/><W90/><G7/><T57/><D29/><U124/><E124/><V55/><F87/><W4/><G4/><T51/><D51/><N who="1" m="29047" /><E63/><V14/><F0/><W80/><REACH who="3" step="1"/><G90/><REACH who="3" ten="164,273,287,256" step="2"/><T117/><D117/><U122/><E122/><V110/><F110/><W17/><G17/><T125/><D125/><U65/><E130/><V106/><F106/><W95/><G95/><T27/><D132/><N who="2" m="50762" /><F60/><W113/><G113/><T1/><D1/><U43/><E129/><V50/><F50/><W96/><G96/><T19/><D27/><U25/><E25/><V84/><F84/><AGARI ba="1,2" hai="9,15,19,20,22,44,48,53,57,61,67,83,84,88" machi="84" ten="40,8000,1" yaku="25,2,8,1,54,1" doraHai="109" who="0" fromWho="2" sc="164,103,273,0,287,-83,256,0" /><INIT seed="11,0,0,1,0,56" ten="267,273,204,256" oya="3" hai0="94,13,92,123,76,12,18,43,67,33,95,120,0" hai1="118,70,73,86,21,53,36,112,65,40,17,4,61" hai2="131,129,99,88,48,62,39,25,93,37,103,55,116" hai3="20,85,78,127,50,15,28,115,114,32,46,110,121"/><W1/><G1/><T16/><D33/><U77/><E73/><V111/><F111/><W80/><G121/><T122/><D0/><U98/><E4/><V51/><F116/><W81/><G32/><T27/><D27/><U22/><E40/><V133/><F133/><W63/><G110/><T87/><D43/><U90/><E36/><V69/><F25/><W52/><G127/><T10/><D67/><U106/><E77/><V54/><F103/><W82/><G115/><T101/><D76/><U3/><E17/><V91/><F69/><W105/><G105/><T5/><D5/><U75/><E75/><V59/><F91/><W100/><G100/><T125/><D125/><U89/><E106/><V134/><F134/><W29/><G114/><T47/><D47/><U83/><E3/><V68/><F51/><W108/><G108/><T6/><D6/><U9/><E118/><V79/><F79/><W44/><G44/><T96/><D87/><U74/><E74/><V109/><F109/><W41/><G15/><T126/><D126/><U124/><E86/><V26/><F26/><N who="3" m="16455" /><G29/><T45/><D45/><U23/><E112/><V38/><REACH who="2" step="1"/><F55/><REACH who="2" ten="267,273,194,256" step="2"/><W107/><G107/><T42/><D101/><U130/><E53/><V11/><F11/><W71/><G71/><T24/><D24/><U57/><E9/><V102/><F102/><W97/><G41/><T113/><D122/><U30/><E70/><V58/><F58/><W119/><G119/><T128/><D123/><U31/><E124/><V104/><F104/><W2/><G78/><T72/><D120/><U64/><E57/><RYUUKYOKU ba="0,1" sc="267,-10,273,-10,194,30,256,-10" hai2="37,38,39,48,54,59,62,68,88,93,99,129,131" owari="257,6.0,273,37.0,224,-28.0,246,-15.0" /></mjloggm>