<mjloggm ver="2.3"><GO type="225" lobby="0"/><UN n0="%69%73%61%6B%75%79%61" n1="%E3%82%A6%E3%83%AB%E3%83%88%E3%83%A9%E7%AB%8B%E7%9B%B4" n2="%EF%BC%BC%28%EF%BC%BE%6F%EF%BC%BE%29%EF%BC%8F%E2%98%85" n3="%E3%83%87%E3%83%8D%E3%83%9C%E3%83%A9" dan="17,16,17,17" rate="2109.99,2026.34,2172.76,2158.49" sx="M,M,M,M"/><TAIKYOKU oya="0"/><INIT seed="0,0,0,2,5,76" ten="250,250,250,250" oya="0" hai0="26,11,69,56,16,64,33,43,13,84,120,130,17" hai1="23,68,110,44,94,34,102,121,54,109,124,74,92" hai2="85,60,59,91,21,97,81,75,101,126,24,20,67" hai3="134,125,41,29,70,14,114,135,129,112,18,103,63"/><T83/><D120/><U88/><E68/><V51/><F126/><W79/><G125/><T119/><D119/><U40/><E34/><V77/><F51/><W82/><G103/><T66/><D69/><U73/><E54/><V53/><F53/><W61/><G29/><T93/><D130/><U132/><E121/><V104/><F24/><W30/><G30/><T0/><D0/><U105/><E105/><V45/><F45/><W99/><G99/><T37/><D37/><U10/><E23/><V80/><AGARI ba="0,0" hai="20,21,59,60,67,75,77,80,81,85,91,97,101,104" machi="80" ten="20,5200,0" yaku="0,1,7,1,52,2" doraHai="76" who="2" fromWho="2" sc="250,-26,250,-13,250,52,250,-13" /><INIT seed="1,0,0,1,2,92" ten="224,237,302,237" oya="1" hai0="89,62,49,131,97,96,57,121,114,81,72,6,74" hai1="103,14,79,129,120,118,55,43,4,34,128,85,100" hai2="111,86,59,0,8,2,65,75,17,83,95,1,50" hai3="84,132,134,24,73,61,53,106,29,107,47,5,133"/><U41/><E34/><V7/><F111/><W22/><G73/><T64/><D114/><U25/><E25/><V20/><F75/><W127/><G127/><T32/><D32/><U119/><E55/><V109/><F109/><W125/><G125/><T123/><D131/><N who="1" m="50251" /><E120/><N who="0" m="46153" /><D6/><U40/><E14/><V69/><F69/><W71/><G5/><T26/><D26/><U44/><E4/><V93/><F2/><W52/><G84/><N who="0" m="50319" /><D72/><U51/><E85/><V104/><F1/><W54/><G47/><T48/><D74/><U135/><E79/><V36/><F104/><N who="3" m="39979" /><G71/><T80/><D80/><U60/><E135/><N who="3" m="34562" /><W30/><DORA hai="23" /><G30/><T42/><D49/><U88/><E51/><V94/><F36/><W113/><G113/><T122/><N who="0" m="46161" /><T39/><DORA hai="10" /><D39/><U63/><E44/><AGARI ba="0,0" hai="42,44,48,57,62,64,96,97" m="50319,46161" machi="44" ten="40,5200,0" yaku="13,1,52,2" doraHai="92,23,10" who="0" fromWho="1" sc="224,52,237,-52,302,0,237,0" /><INIT seed="2,0,0,2,1,113" ten="276,185,302,237" oya="2" hai0="122,88,52,35,77,45,78,102,54,60,6,97,85" hai1="3,96,58,9,50,99,132,40,115,62,100,43,46" hai2="109,110,23,133,0,57,19,118,105,125,129,14,104" hai3="42,94,31,48,131,20,12,101,114,11,66,33,22"/><V79/><F118/><W82/><G114/><T124/><D35/><U98/><E132/><V119/><F119/><W26/><G131/><T4/><D124/><U134/><E134/><V32/><F133/><W27/><G66/><T37/><D122/><U29/><E115/><V18/><F129/><W15/><G33/><T120/><D120/><U24/><E43/><V123/><F123/><W67/><G67/><T21/><D37/><U87/><E87/><V13/><F32/><W135/><G135/><T128/><D54/><U56/><E3/><V126/><F0/><W76/><G11/><T65/><D21/><U41/><E41/><V130/><F130/><W92/><G48/><N who="0" m="28687" /><D102/><U7/><E7/><N who="0" m="2601" /><D97/><U38/><E38/><V75/><F57/><W127/><G42/><T34/><D34/><U121/><E121/><V72/><F23/><W73/><G127/><T117/><D117/><U53/><E9/><V47/><F47/><W107/><G107/><T5/><D5/><U74/><E74/><V64/><F64/><W70/><G70/><T83/><D128/><U63/><E100/><V106/><F106/><W112/><G112/><T39/><D39/><U10/><E10/><V90/><F75/><W95/><G101/><T36/><D36/><U71/><E71/><V55/><F126/><W17/><AGARI ba="0,0" hai="12,15,17,20,22,26,27,31,73,76,82,92,94,95" machi="17" ten="30,1100,0" yaku="0,1" doraHai="113" who="3" fromWho="3" sc="276,-3,185,-3,302,-5,237,11" /><INIT seed="3,0,0,2,4,93" ten="273,182,297,248" oya="3" hai0="69,125,19,34,99,130,86,41,117,16,46,27,113" hai1="80,7,98,95,22,64,97,79,107,56,3,24,90" hai2="104,119,35,133,30,9,14,121,116,91,118,135,132" hai3="38,32,82,10,110,4,6,83,43,51,60,68,78"/><W44/><G110/><T127/><D69/><U105/><E7/><N who="2" m="3391" /><F121/><W88/><G32/><T71/><D130/><U58/><E3/><V0/><F0/><W61/><G68/><T128/><D71/><U45/><E45/><V25/><F91/><W102/><G102/><T66/><D66/><U87/><E64/><V42/><F42/><W77/><G38/><T47/><D117/><U31/><E107/><AGARI ba="0,0" hai="25,30,35,104,107,116,118,119,132,133,135" m="3391" machi="107" ten="40,1300,0" yaku="20,1" doraHai="93" who="2" fromWho="1" sc="273,0,182,-13,297,13,248,0" owari="273,7.0,169,-33.0,310,41.0,248,-15.0" /></mjloggm>