<mjloggm ver="2.3"><GO type="97" lobby="0"/><UN n0="%E3%82%A6%E3%83%AB%E3%83%88%E3%83%A9%E7%AB%8B%E7%9B%B4" n1="%E7%B7%91%E9%BE%8D%E8%99%8E" n2="%E3%83%95%E3%83%AB%E3%82%BC%E3%83%B3%E3%83%84" n3="%E9%A3%9B%E7%87%95%35%35%30" dan="15,14,15,13" rate="1962.79,1873.75,1998.06,1942.00" sx="M,M,M,M"/><TAIKYOKU oya="0"/><INIT seed="0,0,0,5,0,72" ten="250,250,250,250" oya="0" hai0="118,6,80,105,131,127,34,121,17,21,122,104,108" hai1="86,77,123,99,117,83,30,63,103,98,64,8,49" hai2="114,97,20,18,101,81,67,74,44,19,41,113,66" hai3="14,46,57,65,25,23,50,60,96,78,134,87,79"/><T51/><D34/><U40/><E123/><N who="0" m="47113" /><D51/><U33/><E117/><V26/><F19/><W45/><G134/><T10/><D80/><U62/><E30/><V24/><F24/><W120/><G120/><T9/><D104/><U7/><E33/><V73/><F113/><W11/><G96/><N who="1" m="36906" /><E64/><V124/><F124/><W5/><G87/><T54/><D54/><U48/><E48/><V130/><F130/><W92/><G92/><T42/><D105/><U55/><E103/><V76/><F74/><W106/><G106/><T109/><D42/><U52/><E40/><V129/><F129/><W132/><G132/><T31/><D131/><U102/><E55/><V85/><F73/><W4/><G4/><T53/><D53/><U100/><E102/><V15/><F26/><W128/><G128/><T95/><D31/><U38/><E38/><V32/><F32/><W36/><G36/><T75/><D75/><U84/><E84/><V59/><F59/><W35/><G35/><T13/><D95/><U116/><E100/><V28/><F28/><W94/><G94/><T107/><D107/><U125/><E125/><V22/><F114/><W29/><G46/><T37/><D37/><U68/><E68/><V12/><F97/><W39/><G39/><T135/><D127/><U27/><E27/><V89/><F101/><W61/><G61/><T111/><D135/><U119/><E119/><V71/><F71/><W0/><G0/><N who="0" m="199" /><D118/><U82/><E82/><V43/><F43/><AGARI ba="0,0" hai="5,11,14,23,25,29,43,45,50,57,60,65,78,79" machi="43" ten="30,7700,0" yaku="7,1,8,1,52,2" doraHai="72" who="3" fromWho="2" sc="250,0,250,0,250,-77,250,77" /><INIT seed="1,0,0,3,2,88" ten="250,250,173,327" oya="1" hai0="7,26,19,123,115,112,31,5,53,89,122,29,96" hai1="71,35,63,52,73,17,121,83,119,33,10,37,66" hai2="91,134,67,59,0,56,105,77,28,108,16,116,81" hai3="78,132,55,82,54,129,47,45,69,12,40,34,32"/><U99/><E37/><V100/><F116/><W9/><G69/><T2/><D53/><U79/><E119/><V23/><F0/><W49/><G129/><T36/><D36/><U90/><E121/><V120/><F120/><W62/><G132/><T57/><D57/><U118/><E118/><V103/><F134/><W125/><G125/><T84/><D96/><U75/><E75/><V18/><F91/><W72/><G62/><T110/><D89/><U6/><E17/><V133/><F133/><W92/><G92/><T20/><D84/><U80/><E80/><V131/><F131/><W113/><G113/><T42/><D42/><U60/><E60/><V127/><F127/><W86/><G55/><T87/><D87/><U50/><E99/><V97/><F103/><W70/><G70/><T109/><D19/><U13/><E90/><V101/><F101/><W102/><G72/><T85/><D85/><U126/><E126/><V38/><F38/><W3/><G3/><T15/><D2/><U128/><E128/><V24/><F108/><W1/><G1/><T74/><D74/><U117/><E117/><V22/><F67/><W14/><G102/><T130/><D130/><U104/><E104/><V61/><F61/><W93/><G34/><T27/><D15/><U43/><E43/><V106/><F106/><W4/><G14/><T76/><D76/><U25/><E25/><N who="2" m="14567" /><F28/><W39/><G32/><T11/><D11/><U51/><E51/><V30/><F30/><W124/><G124/><T111/><D111/><U65/><E65/><V64/><F64/><W41/><G41/><RYUUKYOKU ba="0,0" sc="250,0,250,0,173,0,327,0" hai0="5,7,20,26,27,29,31,109,110,112,115,122,123" hai1="6,10,13,33,35,50,52,63,66,71,73,79,83" hai2="18,22,24,56,59,77,81,97,100,105" hai3="4,9,12,39,40,45,47,49,54,78,82,86,93" /><INIT seed="1,1,0,0,4,79" ten="250,250,173,327" oya="1" hai0="66,97,58,109,13,134,54,31,116,113,12,77,38" hai1="18,39,23,47,107,131,135,22,75,121,17,133,46" hai2="83,87,126,9,90,74,21,20,111,62,50,96,125" hai3="92,0,37,95,65,110,44,14,57,105,119,25,63"/><U99/><E75/><V19/><F111/><W112/><G105/><T69/><D113/><U132/><E39/><V70/><F74/><W53/><G0/><T52/><D38/><U91/><E121/><V114/><F114/><W2/><G2/><T106/><D116/><U68/><E68/><V41/><F96/><W15/><G112/><T122/><D109/><U24/><E131/><V82/><F9/><W40/><G110/><T80/><D122/><U127/><E127/><N who="2" m="48651" /><F19/><W43/><G43/><T115/><D115/><U48/><E48/><V64/><F82/><W27/><G119/><T35/><D134/><U7/><E7/><V8/><F8/><W73/><G73/><N who="0" m="43055" /><D58/><U34/><E34/><V72/><F72/><W45/><G45/><AGARI ba="1,0" hai="20,21,41,45,50,62,64,70,83,87,90" m="48651" machi="45" ten="30,2000,0" yaku="18,1,52,1" doraHai="79" who="2" fromWho="3" sc="250,0,250,0,173,23,327,-23" /><INIT seed="2,0,0,1,4,83" ten="250,250,196,304" oya="2" hai0="16,70,10,85,109,119,92,66,114,125,108,48,116" hai1="96,127,62,134,35,14,9,56,59,33,7,98,13" hai2="3,28,44,82,69,50,129,90,47,51,20,91,49" hai3="64,40,112,110,30,12,58,77,24,25,60,34,122"/><V135/><F3/><W67/><G110/><N who="0" m="42603" /><D66/><U87/><E134/><V61/><F135/><W115/><G122/><T100/><D70/><U52/><E127/><V36/><F129/><W22/><G12/><N who="0" m="7191" /><D114/><N who="3" m="43561" /><G40/><T71/><D71/><U88/><E35/><V75/><F75/><W53/><G77/><T123/><D123/><U105/><E105/><V128/><F128/><W68/><G68/><T78/><D48/><N who="1" m="30727" /><E14/><V131/><F131/><W74/><G74/><T0/><D0/><U86/><E86/><N who="2" m="50519" /><F69/><W124/><G124/><T6/><D6/><U32/><E32/><V130/><F130/><W104/><G104/><T4/><D4/><U5/><E5/><V1/><F1/><W54/><G67/><T17/><D125/><U102/><E102/><V37/><F37/><W76/><G76/><T45/><D78/><U55/><E33/><V106/><F106/><W41/><G41/><T97/><D119/><U121/><E121/><V46/><F36/><W95/><G95/><AGARI ba="0,0" hai="7,9,13,55,59,62,87,88,95,96,98" m="30727" machi="95" ten="30,7700,0" yaku="8,1,52,1,54,2" doraHai="83" who="1" fromWho="3" sc="250,0,250,77,196,0,304,-77" /><INIT seed="3,0,0,4,4,73" ten="250,327,196,227" oya="3" hai0="77,67,48,125,101,132,68,114,96,129,29,46,3" hai1="26,113,103,111,102,69,82,112,42,65,31,10,75" hai2="70,39,89,122,87,90,34,57,115,74,12,66,0" hai3="33,60,41,130,6,32,116,4,59,118,135,80,38"/><W55/><G130/><T95/><D3/><U14/><E42/><V62/><F74/><W92/><G135/><T94/><D132/><U18/><E111/><V133/><F0/><W64/><G92/><T119/><D119/><U25/><E102/><V78/><F34/><W121/><G121/><T123/><D123/><U19/><E103/><V22/><F39/><W37/><G37/><T110/><D110/><U134/><E65/><V49/><F133/><W86/><G33/><T109/><D109/><U2/><E69/><V85/><F122/><W21/><G32/><T76/><D129/><U105/><E105/><V54/><F115/><W5/><G21/><T104/><D104/><U120/><E82/><V91/><F78/><N who="0" m="30314" /><D68/><U126/><E75/><V52/><REACH who="2" step="1"/><F54/><REACH who="2" ten="250,327,186,227" step="2"/><W71/><G41/><T83/><D114/><U51/><E134/><V45/><F45/><W131/><G38/><T35/><D35/><N who="1" m="20975" /><E120/><V36/><F36/><W63/><REACH who="3" step="1"/><G131/><REACH who="3" ten="250,327,186,217" step="2"/><T117/><D117/><U84/><E113/><V9/><F9/><W13/><G13/><T61/><D95/><U124/><E112/><V17/><AGARI ba="0,2" hai="12,17,22,49,52,57,62,66,70,85,87,89,90,91" machi="17" ten="30,4000,0" yaku="1,1,0,1,54,1,53,0" doraHai="73" doraHaiUra="93" who="2" fromWho="2" sc="250,-10,327,-10,186,60,217,-20" owari="240,-16.0,317,41.0,246,5.0,197,-30.0" /></mjloggm>