<mjloggm ver="2.3"><GO type="169" lobby="0"/><UN n0="%E3%82%A6%E3%83%AB%E3%83%88%E3%83%A9%E7%AB%8B%E7%9B%B4" n1="%E3%81%B5%E3%81%98%E3%81%8A" n2="%E3%81%BF%E3%81%BF%E3%81%9A" n3="%7A%61%63%63" dan="17,17,17,16" rate="2212.65,2168.43,2209.58,2088.40" sx="M,M,M,F"/><TAIKYOKU oya="0"/><INIT seed="0,0,0,0,1,53" ten="250,250,250,250" oya="0" hai0="106,24,103,130,95,112,1,71,107,34,16,78,62" hai1="93,50,45,104,56,43,113,0,60,25,88,82,52" hai2="127,18,35,39,17,66,29,47,37,5,46,109,68" hai3="123,21,63,115,14,41,75,102,80,54,7,30,32"/><T51/><D1/><U105/><E113/><V38/><F5/><W6/><G115/><T98/><D112/><U131/><E131/><V27/><F109/><W64/><G102/><T90/><D130/><U31/><E82/><V134/><F134/><W26/><G123/><T116/><D116/><U124/><E0/><V120/><F120/><W135/><G41/><T4/><D4/><U122/><E124/><V89/><F127/><W81/><G135/><T77/><D107/><U40/><E40/><V11/><F89/><W67/><G67/><T128/><D128/><U100/><E100/><V101/><F101/><W119/><G119/><T129/><D129/><U86/><E122/><V96/><F96/><W48/><G32/><AGARI ba="0,0" hai="25,31,32,43,45,50,52,56,60,86,88,93,104,105" machi="32" ten="30,7700,0" yaku="7,1,52,1,54,2" doraHai="53" who="1" fromWho="3" sc="250,0,250,77,250,0,250,-77" /><INIT seed="1,0,0,4,5,21" ten="250,327,250,173" oya="1" hai0="95,65,132,8,1,32,108,125,122,117,100,24,130" hai1="49,51,17,83,96,89,81,123,107,69,52,119,14" hai2="82,109,104,7,28,2,11,131,67,62,102,42,38" hai3="77,39,76,73,91,129,12,0,90,18,25,60,56"/><U103/><E123/><V120/><F120/><W111/><G39/><T13/><D117/><U29/><E69/><V50/><F109/><W36/><G0/><T78/><D1/><U34/><E51/><V35/><F131/><W105/><G111/><T23/><D32/><U3/><E3/><V75/><F50/><W9/><G105/><T26/><D108/><U5/><E5/><V4/><F4/><W33/><G36/><T99/><D122/><U74/><E74/><V20/><F20/><W127/><G129/><T45/><D130/><U93/><E119/><V59/><F102/><W114/><G114/><T15/><D125/><U10/><E29/><V31/><F104/><W58/><G56/><T92/><D132/><U98/><REACH who="1" step="1"/><E34/><REACH who="1" ten="250,317,250,173" step="2"/><V54/><F35/><W64/><G73/><T97/><D45/><AGARI ba="0,1" hai="10,14,17,45,49,52,81,83,89,93,96,98,103,107" machi="45" ten="30,12000,1" yaku="1,1,2,1,7,1,54,1,53,1" doraHai="21" doraHaiUra="87" who="1" fromWho="0" sc="250,-120,317,130,250,0,173,0" /><INIT seed="1,1,0,5,2,62" ten="130,447,250,173" oya="1" hai0="24,21,39,120,22,128,12,117,95,8,74,97,89" hai1="103,118,110,81,32,100,45,132,26,86,129,76,67" hai2="13,40,27,19,130,35,96,124,83,116,41,125,61" hai3="52,49,33,115,7,30,92,108,85,107,78,47,29"/><U70/><E118/><V109/><F116/><W1/><G107/><T113/><D39/><U43/><E132/><V60/><F109/><W59/><G115/><T87/><D74/><U25/><E129/><V37/><F130/><W14/><G1/><T114/><D128/><U104/><E110/><V58/><F96/><W126/><G33/><T101/><D117/><U16/><E104/><V6/><F83/><W3/><G3/><T79/><D79/><U134/><E32/><V121/><F121/><W75/><G126/><N who="2" m="48745" /><F6/><W68/><G68/><T50/><D120/><U31/><E31/><N who="2" m="19967" /><F37/><W105/><G105/><T51/><D114/><U57/><E70/><V0/><F0/><W69/><G69/><T48/><D113/><U28/><E28/><V18/><F61/><W65/><G75/><T23/><D24/><U133/><E26/><V73/><F73/><W99/><G85/><T42/><D42/><N who="2" m="16490" /><F13/><W4/><G78/><T131/><D131/><U112/><E112/><V55/><AGARI ba="1,0" hai="18,19,55,58,60" m="16490,19967,48745" machi="55" ten="30,1100,0" yaku="18,1" doraHai="62" who="2" fromWho="2" sc="130,-4,447,-6,250,14,173,-4" /><INIT seed="2,0,0,1,2,115" ten="126,441,264,169" oya="2" hai0="86,95,119,128,124,130,126,97,50,133,135,31,91" hai1="108,100,62,35,6,107,25,47,63,41,110,75,70" hai2="78,40,11,103,92,16,48,39,118,104,102,85,69" hai3="93,105,60,10,94,23,46,36,1,123,55,18,77"/><V38/><F69/><W89/><G105/><T127/><D31/><N who="1" m="19951" /><E75/><V99/><F118/><W28/><G123/><T12/><D50/><U30/><E30/><V80/><F48/><W49/><G77/><T90/><D12/><U3/><E6/><V113/><F113/><W66/><G28/><T76/><D76/><U20/><E20/><V34/><F34/><W68/><G10/><T73/><D73/><U134/><E3/><V114/><F114/><W98/><G1/><T9/><D9/><U13/><E13/><V81/><F40/><W129/><G129/><N who="0" m="49771" /><D119/><U64/><E63/><V84/><F103/><W45/><G94/><AGARI ba="0,0" hai="86,90,91,94,95,97,124,126,127,133,135" m="49771" machi="94" ten="40,12000,2" yaku="30,2,18,1,19,1,34,2" doraHai="115" who="0" fromWho="3" sc="126,120,441,0,264,0,169,-120" /><INIT seed="3,0,0,5,2,38" ten="246,441,264,49" oya="3" hai0="102,121,100,99,112,127,14,86,94,56,108,45,123" hai1="18,109,131,61,134,15,95,69,6,52,54,39,135" hai2="126,31,132,71,30,24,55,120,116,90,23,51,93" hai3="7,36,78,68,32,44,10,40,110,106,130,65,66"/><W20/><G106/><T72/><D72/><U103/><E39/><V26/><F71/><W60/><G130/><T85/><D56/><U25/><E109/><V88/><F116/><W75/><G110/><T9/><D108/><U107/><E107/><V129/><F126/><W34/><G20/><T8/><D127/><U104/><E104/><V49/><F132/><N who="1" m="50729" /><E131/><V70/><F70/><W119/><G65/><T58/><D58/><U57/><E69/><V63/><F129/><W17/><G17/><T117/><D117/><U1/><E25/><V4/><F4/><W96/><G96/><T27/><D86/><U125/><E125/><V2/><F2/><N who="3" m="375" /><G119/><T92/><D9/><U5/><E54/><V64/><F120/><W67/><G66/><T133/><D133/><U98/><E1/><V111/><F111/><W128/><G128/><T46/><D27/><U113/><E113/><V29/><F64/><W84/><G84/><T28/><D28/><N who="2" m="10858" /><F26/><W118/><G118/><T37/><D112/><U80/><E80/><AGARI ba="0,0" hai="32,34,36,40,44,60,67,68,75,78,80" m="375" machi="80" ten="30,11600,0" yaku="25,1,33,2,52,1" doraHai="38" who="3" fromWho="1" sc="246,0,441,-116,264,0,49,116" /><INIT seed="3,1,0,3,3,24" ten="246,325,264,165" oya="3" hai0="104,29,64,48,112,70,118,15,129,14,79,95,122" hai1="93,114,80,11,78,13,58,90,132,84,77,56,8" hai2="40,61,98,62,3,68,60,128,19,7,135,65,23" hai3="113,75,73,134,10,101,55,9,109,21,72,120,46"/><W35/><G120/><T5/><D104/><U69/><E69/><V94/><F128/><W85/><G113/><T47/><D122/><U16/><E132/><V41/><F135/><W53/><G35/><T81/><D118/><U43/><E114/><V89/><F68/><W54/><G134/><T133/><D129/><U106/><E106/><V107/><F65/><W99/><G109/><T36/><D36/><U87/><E43/><V123/><F123/><W97/><G46/><T30/><D112/><U20/><E77/><V102/><F7/><W126/><G126/><T111/><D111/><U4/><REACH who="1" step="1"/><E11/><REACH who="1" ten="246,315,264,165" step="2"/><V34/><F107/><W83/><G9/><T27/><D70/><U105/><E105/><V86/><F41/><W39/><G10/><T28/><D133/><U96/><E96/><V66/><F40/><W49/><G97/><T32/><D79/><U119/><E119/><V17/><F98/><W74/><G99/><T31/><D32/><U26/><AGARI ba="1,1" hai="4,8,13,16,20,26,56,58,78,80,84,87,90,93" machi="26" ten="20,8000,1" yaku="1,1,0,1,7,1,8,1,54,1,53,0" doraHai="24" doraHaiUra="33" who="1" fromWho="1" sc="246,-21,315,93,264,-21,165,-41" /><INIT seed="4,0,0,1,0,44" ten="225,408,243,124" oya="0" hai0="25,121,16,7,55,70,69,23,130,5,82,66,59" hai1="76,13,14,84,32,42,61,97,26,48,51,74,119" hai2="50,107,129,33,135,117,3,92,17,37,99,62,24" hai3="11,21,65,104,88,77,115,72,60,132,12,10,41"/><T0/><D121/><U102/><E74/><V36/><F3/><W64/><G104/><T118/><D118/><U96/><E119/><V9/><F117/><W108/><G108/><T15/><D130/><U122/><E122/><V56/><F107/><W134/><G115/><T39/><D39/><U93/><E32/><V29/><F129/><W1/><G77/><T98/><D0/><U83/><E26/><V28/><F28/><W54/><G41/><T106/><D66/><U78/><E61/><V30/><F30/><W111/><G72/><T19/><D82/><U131/><E78/><V116/><F116/><W18/><G111/><T101/><D69/><U68/><E68/><V81/><F135/><W110/><G110/><T38/><D38/><U34/><E34/><V52/><F81/><W80/><G1/><T49/><REACH who="0" step="1"/><D70/><REACH who="0" ten="215,408,243,124" step="2"/><U126/><E131/><V71/><F37/><W63/><G64/><T67/><D67/><U45/><E83/><V100/><F36/><W109/><G109/><T95/><D95/><U114/><E93/><V133/><F71/><W124/><G65/><T46/><D46/><U35/><E45/><V53/><F133/><W85/><G134/><T27/><D27/><U123/><E123/><V8/><F17/><W58/><G132/><T79/><D79/><U113/><E76/><V20/><F33/><W22/><G124/><T75/><D75/><U2/><E35/><V91/><F100/><W128/><G128/><T31/><D31/><U120/><E102/><V94/><F92/><W87/><G80/><T4/><D4/><U105/><E126/><RYUUKYOKU ba="0,1" sc="215,15,408,-15,243,15,124,-15" hai0="5,7,15,16,19,23,25,49,55,59,98,101,106" hai2="8,9,20,24,29,50,52,53,56,62,91,94,99" /><INIT seed="4,1,1,4,2,37" ten="230,393,258,109" oya="0" hai0="36,99,59,25,95,45,69,8,88,86,53,79,91" hai1="64,54,78,51,38,10,83,80,118,50,75,103,61" hai2="120,55,128,3,60,39,90,2,92,111,93,72,126" hai3="113,89,116,77,15,31,6,62,131,121,132,119,56"/><T27/><D69/><U12/><E38/><V127/><F111/><W130/><G77/><T117/><D117/><U85/><E118/><N who="3" m="45098" /><G31/><T97/><D79/><U7/><E103/><V104/><F120/><W58/><G89/><T70/><D70/><U33/><E33/><V49/><F104/><W57/><G6/><T135/><D135/><U14/><E14/><V23/><F39/><W112/><G15/><T125/><D125/><N who="2" m="47626" /><F128/><N who="3" m="49195" /><G132/><T68/><D68/><U94/><E94/><V124/><N who="2" m="47634" /><V109/><DORA hai="11" /><F109/><W35/><G35/><T74/><D74/><U71/><E54/><V96/><F72/><W66/><G121/><T43/><D8/><U0/><E0/><V30/><F60/><W40/><G40/><T122/><D122/><U44/><E75/><V100/><F23/><W105/><G105/><T18/><D18/><U115/><E61/><V106/><F30/><W13/><G13/><T29/><D29/><U101/><E12/><V17/><F17/><W107/><G107/><T73/><D73/><U22/><E22/><V52/><F106/><W114/><AGARI ba="1,1" hai="56,57,58,62,66,112,113,114" m="49195,45098" machi="114" ten="40,8000,1" yaku="15,1,19,1,34,2" doraHai="37,11" who="3" fromWho="3" sc="230,-41,393,-21,258,-21,109,93" /><INIT seed="5,0,0,0,5,26" ten="189,372,237,202" oya="1" hai0="78,124,12,30,75,128,92,40,65,80,119,96,11" hai1="8,50,69,123,45,129,125,94,48,85,20,18,56" hai2="47,97,9,24,95,131,116,79,127,130,114,106,98" hai3="103,67,39,102,84,88,53,66,135,10,33,52,90"/><U23/><E123/><V16/><F116/><W81/><G39/><T32/><D119/><U15/><E69/><V68/><F68/><W14/><G33/><T83/><D124/><U55/><E129/><N who="2" m="49163" /><F127/><W99/><G135/><T3/><D3/><U133/><E133/><V101/><F114/><W112/><G112/><T27/><D128/><U120/><E120/><V71/><F71/><W59/><G90/><T37/><D65/><N who="3" m="24585" /><G99/><T2/><D2/><U86/><E125/><V117/><F117/><W49/><G53/><T60/><D60/><U51/><E51/><V46/><F79/><W0/><G0/><T35/><D35/><U57/><E57/><V4/><F4/><AGARI ba="0,0" hai="4,10,14,49,52,59,81,84,88,102,103" m="24585" machi="4" ten="30,3900,0" yaku="8,1,54,2" doraHai="26" who="3" fromWho="2" sc="189,0,372,0,237,-39,202,39" /><INIT seed="6,0,0,5,5,58" ten="189,372,198,241" oya="2" hai0="44,2,11,115,29,8,51,15,116,0,5,41,66" hai1="30,55,90,68,130,94,67,69,110,125,60,12,74" hai2="99,27,13,46,113,19,3,35,65,21,84,33,129" hai3="82,10,95,61,28,103,26,40,39,56,43,121,119"/><V36/><F3/><W70/><G70/><T107/><D107/><U6/><E74/><V53/><F113/><W98/><G121/><T131/><D115/><U78/><E78/><V128/><F65/><W37/><G39/><T111/><D111/><U4/><E110/><V17/><F99/><W92/><G119/><T108/><D108/><U117/><E117/><V89/><F36/><W86/><G92/><T91/><D116/><U124/><E130/><N who="2" m="50283" /><F46/><W112/><G10/><T20/><D131/><U32/><E69/><V120/><F53/><W114/><G37/><T97/><D11/><U57/><E125/><V118/><F118/><W64/><G114/><T54/><D66/><U76/><E124/><V106/><F106/><W18/><G18/><T50/><D91/><U42/><E76/><V9/><F120/><W87/><G112/><T72/><D72/><U34/><E42/><V96/><F96/><W31/><G31/><T49/><D97/><U77/><E77/><V132/><F132/><W135/><G135/><T102/><D102/><U59/><E68/><V105/><F105/><W104/><G104/><T122/><D122/><U83/><E30/><V88/><F89/><W101/><G103/><T71/><D71/><U79/><E79/><V133/><F133/><W45/><G45/><N who="0" m="28015" /><D50/><U62/><E67/><V38/><F38/><W63/><G43/><T123/><D123/><U73/><E73/><V24/><F27/><W48/><G40/><T52/><D41/><U14/><E90/><V134/><F134/><W81/><G48/><T16/><D29/><U1/><E1/><AGARI ba="0,0" hai="0,1,2,5,8,15,16,20,44,49,52" m="28015" machi="1" ten="30,3900,0" yaku="6,1,54,2" doraHai="58" who="0" fromWho="1" sc="189,39,372,-39,198,0,241,0" /><INIT seed="7,0,0,0,4,91" ten="228,333,198,241" oya="3" hai0="75,124,63,32,78,68,86,62,15,87,135,18,30" hai1="59,73,54,58,89,125,60,111,55,95,132,130,96" hai2="50,45,105,66,97,11,61,99,110,51,44,24,104" hai3="76,128,35,115,70,72,56,102,38,40,100,74,81"/><W94/><G70/><T92/><D124/><U106/><E111/><V27/><F110/><W20/><G35/><T9/><D135/><U5/><E73/><V4/><F61/><N who="0" m="23050" /><D32/><U49/><E130/><V126/><F11/><W134/><G128/><T41/><D75/><U121/><E121/><V13/><F13/><W57/><G115/><T29/><D68/><U1/><E132/><V19/><F19/><W79/><G134/><T88/><D41/><U80/><E106/><V84/><F84/><W23/><G40/><T36/><D36/><U118/><E80/><AGARI ba="0,0" hai="9,15,18,29,30,78,80,86,87,88,92" m="23050" machi="80" ten="30,3900,0" yaku="8,1,52,1,54,1" doraHai="91" who="0" fromWho="1" sc="228,39,333,-39,198,0,241,0" /><INIT seed="8,0,0,5,0,132" ten="267,294,198,241" oya="0" hai0="124,91,74,50,70,24,49,42,22,6,4,45,11" hai1="68,13,57,10,125,134,21,47,117,116,32,9,78" hai2="20,109,118,60,27,89,55,120,15,106,133,52,77" hai3="93,99,2,107,48,44,85,18,71,104,114,96,87"/><T38/><D70/><U131/><E125/><V123/><F109/><W92/><G71/><T63/><D74/><U100/><E134/><V40/><F106/><W83/><G2/><T64/><D124/><U84/><E68/><V1/><F133/><W29/><G29/><T75/><D75/><U113/><E32/><V5/><F1/><W53/><G114/><T94/><D63/><U58/><E131/><V119/><F77/><W36/><G36/><T23/><D64/><U26/><E100/><V79/><F79/><W37/><G37/><T31/><D23/><U8/><E13/><V56/><F40/><W111/><G111/><T67/><D67/><U61/><E47/><V102/><F102/><W110/><G110/><T14/><REACH who="0" step="1"/><D6/><REACH who="0" ten="257,294,198,241" step="2"/><U98/><E61/><V105/><F105/><W127/><G127/><T35/><D35/><U66/><E66/><V17/><F55/><W25/><G107/><T80/><D80/><U41/><E113/><V122/><REACH who="2" step="1"/><F89/><REACH who="2" ten="257,294,188,241" step="2"/><N who="3" m="55343" /><G104/><T46/><D46/><U73/><E78/><V39/><F39/><W62/><G44/><T101/><D101/><U3/><E73/><V16/><F16/><W72/><G72/><T128/><D128/><U95/><E116/><V108/><F108/><W51/><G53/><T90/><D90/><U43/><E117/><V0/><F0/><W59/><G18/><T135/><D135/><U130/><E3/><V28/><F28/><W33/><G33/><T121/><D121/><U19/><E130/><V12/><F12/><W115/><G115/><T34/><D34/><U126/><E126/><V88/><F88/><RYUUKYOKU ba="0,2" sc="257,15,294,-15,188,15,241,-15" hai0="4,11,14,22,24,31,38,42,45,49,50,91,94" hai2="5,15,17,20,27,52,56,60,118,119,120,122,123" /><INIT seed="8,1,2,0,3,19" ten="272,279,203,226" oya="0" hai0="103,92,96,131,66,121,8,52,9,89,70,32,111" hai1="24,27,87,76,18,126,45,21,105,62,48,35,4" hai2="116,123,29,13,125,37,118,82,14,63,72,33,85" hai3="86,84,133,109,75,73,59,83,93,68,20,7,17"/><T135/><D32/><U44/><E105/><V106/><F123/><W65/><G68/><T25/><D121/><U49/><E126/><V0/><F125/><W26/><G109/><T128/><D111/><U28/><E4/><V77/><F0/><W10/><G133/><T36/><D36/><U1/><E1/><V119/><F106/><W61/><G93/><N who="0" m="58767" /><D66/><U80/><E62/><V117/><N who="2" m="29696" /><DORA hai="39" /><V110/><F110/><W15/><REACH who="3" step="1"/><G86/><REACH who="3" ten="272,279,203,216" step="2"/><T56/><D70/><U50/><AGARI ba="1,3" hai="18,21,24,27,28,35,44,45,48,49,50,76,80,87" machi="50" ten="30,2000,0" yaku="0,1,52,1" doraHai="19,39" who="1" fromWho="1" sc="272,-11,279,53,203,-6,216,-6" owari="261,6.0,332,43.0,197,-30.0,210,-19.0" /></mjloggm>