<mjloggm ver="2.3"><GO type="169" lobby="0"/><UN n0="%E7%90%86%E4%B8%8D%E5%B0%BD%E5%A4%A7%E7%8E%8B%32" n1="%E3%82%A6%E3%83%AB%E3%83%88%E3%83%A9%E7%AB%8B%E7%9B%B4" n2="%E3%81%8A%E3%81%98%E3%81%95%E3%82%93" n3="%E9%81%A5%E3%83%9E%E3%83%BC%E3%82%AC%E3%83%AC%E3%83%83%E3%83%88" dan="16,17,17,16" rate="2090.65,2118.09,2157.99,2058.61" sx="M,M,M,F"/><TAIKYOKU oya="0"/><INIT seed="0,0,0,1,4,63" ten="250,250,250,250" oya="0" hai0="93,81,96,3,86,35,75,98,72,43,64,83,114" hai1="11,120,29,36,13,26,22,92,134,102,10,78,123" hai2="67,91,94,0,1,61,119,66,124,12,57,117,40" hai3="103,48,118,18,27,8,58,33,110,2,79,69,97"/><T129/><D3/><N who="2" m="1098" /><F124/><W115/><G115/><T74/><D35/><U54/><E36/><V85/><F40/><W125/><G118/><N who="2" m="45065" /><F12/><W5/><G110/><T46/><D114/><U135/><E78/><V111/><F111/><W77/><G125/><T23/><D129/><U25/><E54/><AGARI ba="0,0" hai="54,57,61,66,67,85,91,94" m="45065,1098" machi="54" ten="30,3900,0" yaku="12,1,52,2" doraHai="63" who="2" fromWho="1" sc="250,0,250,-39,250,39,250,0" /><INIT seed="1,0,0,5,3,37" ten="250,211,289,250" oya="1" hai0="3,50,88,36,92,64,59,104,125,18,126,97,71" hai1="26,51,10,15,41,52,7,106,55,127,80,39,60" hai2="117,48,49,69,13,120,28,9,134,1,17,107,130" hai3="11,16,98,38,113,63,121,78,114,19,29,89,24"/><U74/><E106/><V124/><F107/><W25/><G121/><T46/><D3/><U34/><E127/><N who="0" m="48649" /><D71/><U27/><E39/><V133/><F69/><W84/><G38/><T116/><D116/><U43/><E34/><V110/><F124/><W20/><G114/><T118/><D118/><U105/><E105/><V0/><F117/><W101/><G113/><T2/><D2/><N who="2" m="1130" /><F120/><W21/><G78/><T31/><D31/><U70/><E70/><V54/><F28/><W103/><G98/><T109/><D104/><U32/><E32/><V132/><F110/><W40/><G40/><N who="1" m="15434" /><E74/><V99/><F130/><W81/><G63/><N who="0" m="38015" /><D109/><U85/><E60/><V112/><F112/><W122/><G122/><T65/><D36/><U100/><E100/><V68/><F68/><W119/><G119/><T44/><D65/><U8/><E8/><V77/><F134/><W53/><G11/><T57/><D18/><U135/><E135/><V93/><F133/><W102/><G29/><T82/><D82/><U30/><E30/><V4/><F132/><W6/><G6/><T56/><D50/><N who="2" m="19562" /><F4/><W86/><G103/><T96/><D96/><U58/><E55/><V128/><F54/><W123/><G123/><T94/><D94/><U62/><E51/><V42/><F42/><W73/><G73/><T131/><D131/><U66/><E66/><V75/><F128/><W22/><G53/><T12/><D44/><U95/><E95/><V35/><F35/><W45/><G101/><T129/><D46/><U47/><E47/><V115/><F115/><W14/><G45/><T108/><D129/><RYUUKYOKU ba="0,0" sc="250,-10,211,30,289,-10,250,-10" hai1="7,10,15,26,27,52,58,62,80,85" /><INIT seed="1,1,0,0,3,40" ten="240,241,279,240" oya="1" hai0="4,0,55,76,132,78,53,103,39,72,7,6,58" hai1="73,88,25,60,99,94,56,27,29,50,41,86,118" hai2="124,135,116,37,89,9,74,15,77,69,5,66,1" hai3="134,119,24,70,113,98,131,13,84,28,10,34,43"/><U32/><E73/><V96/><F116/><W95/><G134/><T129/><D0/><U79/><E118/><V26/><F135/><W109/><G109/><T130/><D132/><U45/><E27/><V19/><F37/><W63/><G131/><N who="0" m="50187" /><D72/><U64/><REACH who="1" step="1"/><E79/><REACH who="1" ten="240,231,279,240" step="2"/><V20/><F74/><W62/><G119/><T46/><D78/><U104/><E104/><V101/><F77/><W31/><G24/><T128/><D76/><U18/><E18/><V92/><F26/><W71/><G31/><T68/><D128/><U54/><E54/><V52/><F52/><W38/><G28/><T14/><D53/><U36/><E36/><V126/><F66/><W97/><G38/><T17/><D39/><U117/><E117/><V82/><F19/><W22/><G113/><T75/><D75/><U80/><E80/><V49/><F82/><W91/><G43/><T107/><D107/><U61/><E61/><V42/><F42/><W105/><G105/><T85/><D17/><U48/><E48/><V67/><F49/><W106/><G106/><T133/><D55/><U112/><E112/><V90/><F67/><W65/><G63/><T51/><D51/><U102/><E102/><V120/><F101/><W122/><G62/><T110/><D103/><U23/><E23/><V16/><F20/><W12/><G22/><T123/><D133/><U2/><E2/><V81/><F1/><W8/><G65/><T93/><D110/><U57/><E57/><V127/><F16/><N who="3" m="8199" /><G70/><T125/><D68/><U108/><E108/><V111/><F69/><W100/><G71/><T33/><D58/><RYUUKYOKU ba="1,1" sc="240,-10,231,30,279,-10,240,-10" hai1="25,29,32,41,45,50,56,60,64,86,88,94,99" /><INIT seed="1,2,1,0,4,26" ten="230,261,269,230" oya="1" hai0="44,102,66,59,97,25,47,133,62,98,110,39,83" hai1="94,120,90,55,13,65,1,32,77,51,30,113,85" hai2="88,68,16,104,108,71,123,11,0,121,72,96,19" hai3="107,40,67,81,134,27,75,128,135,86,7,95,124"/><U84/><E120/><V63/><F72/><W129/><G107/><T45/><D110/><U9/><E1/><V46/><F108/><W100/><G75/><T21/><D133/><N who="3" m="50697" /><G7/><T93/><D83/><N who="1" m="47215" /><E32/><V89/><F46/><W127/><G40/><T131/><D131/><N who="3" m="50249" /><G67/><T61/><D61/><U2/><E2/><V33/><F33/><W22/><G95/><T115/><D115/><U29/><E65/><V73/><F73/><W8/><G8/><T116/><D116/><U126/><E126/><N who="3" m="48170" /><G100/><T130/><D130/><U125/><E125/><V4/><F11/><W105/><G105/><T132/><D132/><U38/><E38/><V87/><F104/><W48/><G48/><T15/><D39/><U10/><E113/><V80/><F0/><W28/><G86/><T52/><D98/><U109/><E109/><V3/><F4/><W5/><G5/><T99/><D97/><U78/><E78/><V12/><F3/><W53/><G53/><T24/><D66/><U70/><E70/><V111/><F96/><W43/><G43/><T119/><D119/><U42/><E42/><V118/><F111/><W64/><G64/><T18/><AGARI ba="2,1" hai="15,18,21,24,25,44,45,47,52,59,62,93,99,102" machi="18" ten="30,4000,0" yaku="0,1,8,1,54,1" doraHai="26" who="0" fromWho="0" sc="230,56,261,-22,269,-12,230,-12" /><INIT seed="2,0,0,3,5,115" ten="286,239,257,218" oya="2" hai0="69,133,32,119,88,47,124,14,52,129,10,101,62" hai1="2,71,23,37,123,4,89,120,9,42,29,21,28" hai2="24,122,46,48,54,56,86,83,57,25,55,11,110" hai3="49,79,51,74,76,0,135,1,132,77,116,3,45"/><V117/><F110/><W102/><G102/><T125/><D32/><U7/><E71/><V98/><F122/><N who="1" m="46633" /><E89/><V12/><F117/><W60/><G60/><T73/><D73/><U105/><E42/><V96/><F46/><W127/><G74/><T19/><D129/><U34/><E105/><V36/><F36/><W103/><G103/><T40/><D133/><N who="3" m="51273" /><G127/><T92/><D101/><U134/><E37/><V106/><F106/><W20/><G20/><N who="1" m="7754" /><E134/><V61/><F98/><W91/><G91/><T66/><D119/><U41/><E41/><V58/><F96/><W15/><G15/><T104/><D104/><U112/><E112/><V95/><F58/><W70/><G70/><T126/><D52/><U78/><E78/><N who="2" m="46455" /><F95/><W97/><G97/><T80/><D80/><U43/><E43/><V67/><F55/><N who="3" m="30127" /><G51/><T121/><D121/><U72/><E72/><V85/><F85/><W8/><G116/><T16/><D47/><U17/><E34/><V6/><AGARI ba="0,0" hai="6,11,12,24,25,48,54,56,57,61,67" m="46455" machi="6" ten="30,1500,0" yaku="8,1" doraHai="115" who="2" fromWho="2" sc="286,-5,239,-5,257,15,218,-5" /><INIT seed="2,1,0,3,3,113" ten="281,234,272,213" oya="2" hai0="49,13,9,66,6,42,99,36,25,93,20,46,24" hai1="94,70,88,56,83,114,122,30,12,103,117,111,0" hai2="134,41,3,33,37,8,129,100,123,89,40,73,82" hai3="78,16,43,133,79,35,62,23,5,76,52,96,101"/><V120/><F100/><W22/><G35/><T60/><D36/><U110/><E0/><V27/><F89/><W135/><G5/><T50/><D50/><U69/><E114/><V32/><F41/><W71/><G43/><T118/><D20/><U1/><E1/><V131/><F134/><N who="3" m="51211" /><G71/><N who="1" m="27146" /><E30/><N who="2" m="19551" /><F33/><W98/><G101/><N who="0" m="60655" /><D118/><U21/><E56/><AGARI ba="1,0" hai="6,9,13,24,25,42,46,49,56,60,66" m="60655" machi="56" ten="30,1000,0" yaku="8,1" doraHai="113" who="0" fromWho="1" sc="281,13,234,-13,272,0,213,0" /><INIT seed="3,0,0,5,2,104" ten="294,221,272,213" oya="3" hai0="91,49,51,130,89,101,105,85,0,3,33,52,65" hai1="5,42,114,21,133,31,8,132,64,56,41,88,120" hai2="24,69,80,34,107,113,79,81,117,76,112,55,122" hai3="47,72,7,28,1,20,108,17,63,134,96,48,10"/><W19/><G108/><T86/><D33/><U39/><E120/><V127/><F69/><W46/><G134/><N who="1" m="51818" /><E114/><V125/><F55/><W40/><G63/><T35/><D35/><U93/><E21/><V100/><F24/><W15/><G96/><T11/><D65/><U66/><E31/><V30/><F30/><W129/><G129/><T45/><D130/><U4/><E4/><V135/><F34/><W94/><G94/><T57/><D105/><U59/><E59/><V124/><F135/><W123/><G123/><T16/><D101/><U99/><E56/><V53/><F53/><W23/><G28/><T92/><D16/><U118/><E118/><V26/><F26/><W102/><G102/><T119/><D11/><U110/><E110/><V70/><F70/><W126/><G23/><T74/><D74/><U121/><E121/><V12/><F12/><W43/><G17/><T13/><D13/><N who="1" m="5263" /><E41/><V18/><F18/><W77/><G77/><N who="2" m="29769" /><F117/><W68/><G68/><T22/><D22/><U44/><AGARI ba="0,0" hai="39,42,44,64,66,88,93,99" m="5263,51818" machi="44" ten="30,2000,0" yaku="20,1,54,1" doraHai="104" who="1" fromWho="1" sc="294,-5,221,20,272,-5,213,-10" /><INIT seed="4,0,0,2,5,60" ten="289,241,267,203" oya="0" hai0="31,130,64,131,119,5,125,67,124,10,59,75,112" hai1="91,88,94,47,66,6,71,55,35,12,44,20,96" hai2="103,120,26,29,46,76,39,121,24,51,1,70,16" hai3="22,128,50,19,7,21,17,72,61,108,105,132,92"/><T113/><D119/><U115/><E35/><V102/><F1/><W78/><G108/><T58/><D75/><U45/><E115/><N who="0" m="44105" /><D31/><U135/><E135/><V18/><F39/><W25/><G128/><N who="0" m="49195" /><D58/><U110/><E110/><V84/><F70/><W30/><G105/><T126/><D59/><U74/><E74/><V98/><F121/><W81/><G132/><T100/><D100/><N who="2" m="38442" /><F98/><W90/><G7/><T56/><D56/><U65/><E71/><V116/><F120/><W28/><G61/><T8/><D8/><N who="1" m="4119" /><E55/><N who="2" m="30199" /><F116/><W54/><G54/><T129/><D129/><U57/><E57/><V34/><F34/><W41/><G50/><T43/><D43/><U123/><E123/><V13/><F29/><W73/><G41/><T97/><D97/><N who="1" m="57543" /><E20/><N who="2" m="11279" /><F18/><W9/><G73/><T133/><D133/><U77/><E77/><V86/><F76/><W95/><G9/><T23/><D23/><U85/><E96/><V14/><F14/><AGARI ba="0,0" hai="5,10,14,64,67,124,125,126" m="49195,44105" machi="14" ten="40,12000,1" yaku="18,1,15,1,19,1,52,2" doraHai="60" who="0" fromWho="2" sc="289,120,241,0,267,-120,203,0" /><INIT seed="4,1,0,0,3,33" ten="409,241,147,203" oya="0" hai0="86,31,83,92,42,20,104,49,51,27,130,121,5" hai1="79,32,40,4,28,68,11,106,120,85,117,87,98" hai2="69,56,50,46,12,97,15,80,60,14,77,112,41" hai3="95,73,62,111,123,3,108,65,96,93,78,36,75"/><T82/><D104/><U8/><E120/><V19/><F112/><W18/><G36/><T37/><D121/><U30/><E117/><V126/><F126/><W7/><G123/><T125/><D125/><U124/><E98/><V74/><F69/><W129/><G129/><T122/><D122/><U59/><E4/><V63/><F97/><W91/><G18/><T71/><D71/><U2/><E59/><V100/><F100/><W26/><G26/><T47/><D130/><U23/><E23/><V66/><REACH who="2" step="1"/><F63/><REACH who="2" ten="409,241,137,203" step="2"/><W110/><G62/><T119/><D119/><U58/><E68/><V21/><AGARI ba="1,1" hai="12,14,15,19,21,41,46,50,56,60,66,74,77,80" machi="21" ten="20,5200,0" yaku="1,1,2,1,0,1,7,1,53,0" doraHai="33" doraHaiUra="118" who="2" fromWho="2" sc="409,-27,241,-14,137,65,203,-14" /><INIT seed="5,0,0,3,5,86" ten="382,227,202,189" oya="1" hai0="81,1,57,21,55,44,50,2,6,101,20,18,47" hai1="41,5,31,60,106,122,132,110,131,45,74,135,0" hai2="98,68,90,103,73,24,78,94,107,36,126,27,71" hai3="38,89,102,82,120,37,97,66,56,12,10,112,114"/><U32/><E106/><V121/><F121/><W119/><G120/><T128/><D128/><U30/><E122/><V69/><F126/><W85/><G119/><T34/><D34/><U43/><E74/><V40/><F40/><W11/><G56/><T49/><D101/><U125/><E43/><V118/><F36/><W93/><G66/><T96/><D96/><U76/><E76/><V53/><F53/><W22/><G22/><T9/><D1/><U109/><E125/><V127/><F127/><W7/><REACH who="3" step="1"/><G10/><REACH who="3" ten="382,227,202,179" step="2"/><T29/><D20/><U19/><E131/><V95/><F118/><W113/><AGARI ba="0,1" hai="7,11,12,37,38,82,85,89,93,97,102,112,113,114" machi="113" ten="30,8000,1" yaku="1,1,2,1,0,1,15,1,52,1,53,0" doraHai="86" doraHaiUra="59" who="3" fromWho="3" sc="382,-20,227,-40,202,-20,179,90" /><INIT seed="6,0,0,1,0,110" ten="362,187,182,269" oya="2" hai0="41,8,67,123,44,22,50,96,34,112,31,62,101" hai1="90,33,29,73,82,63,83,57,30,85,1,122,39" hai2="130,114,19,47,55,102,116,40,46,98,70,107,76" hai3="66,127,119,132,97,71,12,42,2,103,89,17,125"/><V109/><F109/><W106/><G119/><T56/><D112/><U94/><E1/><V6/><F116/><W52/><G2/><T54/><D34/><U88/><E39/><V36/><F130/><W118/><G118/><T74/><D74/><U20/><E122/><V108/><F108/><W9/><G132/><T27/><D123/><U99/><E33/><V64/><F76/><W133/><G133/><T93/><REACH who="0" step="1"/><D8/><REACH who="0" ten="352,187,182,269" step="2"/><U129/><E129/><V113/><F6/><W72/><G9/><T28/><D28/><U79/><REACH who="1" step="1"/><E20/><REACH who="1" ten="352,177,182,269" step="2"/><V81/><F114/><W37/><G125/><T49/><D49/><U134/><E134/><V87/><F113/><W61/><G127/><T65/><AGARI ba="0,2" hai="22,27,31,41,44,50,54,56,62,65,67,93,96,101" machi="65" ten="30,4000,0" yaku="1,1,0,1,8,1,53,0" doraHai="110" doraHaiUra="80" who="0" fromWho="0" sc="352,60,177,-10,182,-20,269,-10" /><INIT seed="7,0,0,2,2,135" ten="412,167,162,259" oya="3" hai0="93,121,71,19,38,2,40,84,13,110,112,67,101" hai1="5,99,35,126,75,82,62,42,3,70,30,46,122" hai2="61,17,69,21,54,85,31,12,129,29,100,114,109" hai3="57,97,39,98,26,37,108,102,73,1,131,10,80"/><W107/><G131/><T91/><D2/><U7/><E99/><V44/><F129/><W68/><G68/><T77/><D121/><U23/><E23/><V133/><F109/><W4/><G108/><T65/><D71/><U14/><E14/><V56/><F133/><W43/><G97/><T92/><D38/><N who="1" m="21847" /><E7/><V130/><F130/><W63/><G26/><T64/><D40/><U25/><E122/><V28/><F114/><W18/><G18/><T53/><D112/><U116/><E116/><V8/><F100/><W11/><G11/><N who="0" m="6591" /><D110/><U127/><E62/><V95/><F69/><W49/><G49/><T52/><D77/><N who="1" m="44351" /><E70/><V94/><F44/><W104/><G43/><T16/><D16/><U103/><E103/><V86/><F21/><W128/><G128/><T88/><D101/><U66/><E66/><V124/><F124/><W45/><G45/><T55/><D65/><U120/><E120/><V41/><F41/><W105/><G39/><T47/><D47/><U134/><E134/><V24/><F24/><W113/><G37/><T76/><D76/><U81/><E81/><V123/><F123/><W15/><G113/><T90/><D90/><U132/><E132/><V78/><F78/><N who="3" m="44111" /><G1/><T6/><D6/><U59/><E59/><V48/><F48/><W119/><G119/><T89/><D89/><U9/><AGARI ba="0,0" hai="3,5,9,25,30,35,126,127" m="44351,21847" machi="9" ten="30,7900,0" yaku="25,1,23,1,52,2" doraHai="135" who="1" fromWho="1" sc="412,-20,167,79,162,-20,259,-39" owari="392,49.0,246,5.0,142,-36.0,220,-18.0" /></mjloggm>