<mjloggm ver="2.3"><GO type="97" lobby="0"/><UN n0="%64%61%69%6F" n1="%E3%82%A2%E3%83%AB%E3%83%9E%E7%85%AE" n2="%41%6C%6C%75%63%61" n3="%E3%82%A6%E3%83%AB%E3%83%88%E3%83%A9%E7%AB%8B%E7%9B%B4" dan="15,14,13,14" rate="1890.32,1834.73,1914.41,1948.96" sx="M,M,M,M"/><TAIKYOKU oya="0"/><INIT seed="0,0,0,5,0,82" ten="250,250,250,250" oya="0" hai0="104,87,8,10,119,120,135,118,111,45,28,31,22" hai1="68,107,63,6,88,91,92,112,61,123,37,98,43" hai2="48,56,95,93,114,52,30,9,76,16,115,105,38" hai3="14,121,15,90,122,2,51,4,24,21,65,108,73"/><T102/><D120/><N who="3" m="46185" /><G73/><T77/><D135/><U83/><E123/><V132/><F105/><W60/><G108/><T66/><D66/><U86/><E6/><V41/><F132/><W3/><G51/><T27/><D31/><U100/><E112/><V1/><F30/><N who="3" m="17679" /><G90/><T29/><D29/><U17/><E17/><V106/><F106/><W113/><G113/><T131/><D111/><U7/><E7/><V33/><F33/><W110/><G110/><T84/><D77/><U130/><E68/><V13/><F1/><N who="3" m="11" /><G4/><T96/><D45/><U101/><E101/><V94/><F38/><W26/><G26/><T80/><D80/><U19/><E37/><V34/><F41/><W67/><G67/><T71/><D71/><AGARI ba="0,0" hai="14,15,60,65,71" m="11,17679,46185" machi="71" ten="30,1000,0" yaku="13,1" doraHai="82" who="3" fromWho="0" sc="250,-10,250,0,250,0,250,10" /><INIT seed="1,0,0,1,2,120" ten="240,250,250,260" oya="1" hai0="130,104,113,12,127,6,18,33,63,29,50,35,52" hai1="39,2,132,38,22,3,36,81,133,103,31,56,11" hai2="94,41,23,62,106,25,26,124,85,47,96,97,101" hai3="123,122,45,112,40,109,89,60,83,100,54,115,16"/><U135/><E103/><V131/><F131/><W88/><G100/><T134/><D104/><U28/><E81/><V69/><F124/><W72/><G54/><T92/><D6/><U13/><E56/><V108/><F108/><W64/><G16/><T67/><D113/><N who="3" m="43593" /><G88/><T98/><D130/><U119/><E119/><V5/><F5/><W78/><G89/><T114/><D114/><U84/><E84/><V0/><F0/><W20/><G20/><T90/><D29/><U77/><E77/><V125/><F125/><W76/><G76/><T70/><D127/><U74/><E74/><V10/><F10/><W15/><G15/><T93/><D93/><U17/><REACH who="1" step="1"/><E22/><REACH who="1" ten="240,240,250,260" step="2"/><V87/><F23/><W57/><G83/><T66/><D35/><U42/><E42/><V37/><F69/><W30/><G78/><T105/><D33/><U73/><E73/><V126/><F126/><W44/><G72/><T8/><D70/><U14/><E14/><V117/><F117/><W75/><G75/><T95/><D12/><U34/><E34/><V53/><F85/><W71/><G71/><T59/><D59/><U51/><E51/><V116/><F87/><W9/><G57/><T111/><D50/><U68/><E68/><V7/><F116/><W58/><G123/><T4/><D8/><U46/><E46/><N who="3" m="18026" /><G122/><T55/><D105/><U102/><E102/><V65/><F101/><W24/><G9/><T118/><D118/><U91/><E91/><V49/><F106/><W48/><G48/><T19/><D90/><U27/><E27/><V128/><F25/><W43/><G109/><RYUUKYOKU ba="0,1" sc="240,-15,240,15,250,-15,260,15" hai1="2,3,11,13,17,28,31,36,38,39,132,133,135" hai3="24,30,40,43,58,60,64" /><INIT seed="1,1,1,4,0,84" ten="225,255,235,275" oya="1" hai0="54,32,15,88,76,47,38,7,25,30,74,8,37" hai1="73,64,57,26,128,11,82,135,42,115,129,77,97" hai2="41,46,12,67,79,29,80,24,130,9,134,40,89" hai3="83,31,13,90,6,107,106,43,92,91,112,18,68"/><U105/><E115/><V122/><F122/><W45/><G68/><T81/><D47/><U19/><E42/><V72/><F134/><W33/><G112/><T110/><D54/><U58/><E135/><V100/><F130/><W22/><G6/><T14/><D110/><U111/><E111/><V108/><F108/><W50/><G33/><T44/><D15/><U16/><E26/><V21/><F100/><W55/><G31/><T87/><REACH who="0" step="1"/><D44/><REACH who="0" ten="215,255,235,275" step="2"/><U86/><E129/><V109/><F109/><W2/><G2/><T59/><D59/><U10/><E58/><V127/><F127/><W4/><G4/><T62/><D62/><N who="1" m="37967" /><E128/><V61/><F46/><W126/><G126/><T35/><D35/><U27/><E27/><V17/><F67/><W28/><G55/><T133/><D133/><U114/><E114/><V124/><F61/><W70/><G70/><T113/><D113/><U71/><E71/><V117/><F124/><W65/><G65/><T75/><D75/><U56/><E73/><V93/><F117/><W131/><G131/><T60/><D60/><U101/><E56/><V69/><REACH who="2" step="1"/><F69/><REACH who="2" ten="215,255,225,275" step="2"/><W52/><G45/><T98/><D98/><AGARI ba="1,3" hai="9,12,17,21,24,29,40,41,72,79,80,89,93,98" machi="98" ten="30,7700,0" yaku="1,1,2,1,7,1,52,1,53,0" doraHai="84" doraHaiUra="121" who="2" fromWho="0" sc="215,-80,255,0,225,110,275,0" /><INIT seed="2,0,0,2,4,104" ten="135,255,335,275" oya="2" hai0="55,33,38,15,71,112,110,78,37,93,39,76,54" hai1="17,5,66,122,29,123,20,50,47,31,84,120,14" hai2="62,89,125,107,82,12,131,88,126,90,28,92,18" hai3="32,116,100,86,81,69,45,49,40,114,41,56,111"/><V21/><F107/><W79/><G69/><T103/><D33/><U118/><E118/><V94/><F131/><W75/><G116/><T60/><D112/><U13/><E66/><V115/><F115/><W7/><G32/><T35/><D35/><U43/><E84/><V121/><F121/><W8/><G114/><T22/><D110/><U124/><E124/><N who="2" m="47723" /><F28/><W117/><G117/><T27/><D15/><U19/><REACH who="1" step="1"/><E5/><REACH who="1" ten="135,245,335,275" step="2"/><V80/><F62/><W98/><G111/><T52/><D71/><U85/><E85/><V11/><F80/><W48/><G86/><T74/><D74/><U51/><E51/><V134/><F134/><W91/><G81/><T4/><D4/><U1/><E1/><V132/><F132/><W30/><G75/><T70/><D70/><U106/><E106/><V53/><F82/><W119/><G49/><T83/><D60/><U73/><E73/><V34/><F53/><W102/><G119/><T63/><D63/><U67/><E67/><V77/><F77/><W97/><G79/><T127/><D127/><U23/><AGARI ba="0,1" hai="13,14,17,19,20,23,29,31,43,47,50,120,122,123" machi="23" ten="30,7900,0" yaku="1,1,0,1,9,1,13,1,53,0" doraHai="104" doraHaiUra="61" who="1" fromWho="1" sc="135,-20,245,89,335,-39,275,-20" /><INIT seed="3,0,0,5,3,15" ten="115,334,296,255" oya="3" hai0="42,66,71,26,39,38,59,100,76,31,86,60,133" hai1="9,65,128,52,127,45,104,67,46,75,93,109,0" hai2="89,134,55,135,99,47,70,74,51,30,78,5,118" hai3="61,91,43,102,34,8,13,84,19,79,132,27,129"/><W77/><G129/><T120/><D120/><U110/><E104/><V83/><F118/><W17/><G132/><N who="2" m="50729" /><F70/><W87/><G102/><T41/><D133/><U124/><E128/><V64/><F64/><N who="1" m="24649" /><E75/><V58/><F5/><W82/><G43/><N who="0" m="16395" /><D86/><U121/><E121/><V24/><F99/><W7/><G61/><N who="0" m="40399" /><D76/><U44/><E93/><V14/><F14/><W53/><G53/><N who="0" m="33903" /><D100/><U92/><E92/><V32/><F89/><W48/><G48/><T49/><D26/><U114/><E114/><V6/><F6/><W119/><G119/><T81/><D31/><U73/><E73/><V111/><F111/><N who="1" m="42505" /><E9/><V94/><F94/><W112/><G112/><T2/><D81/><U40/><E0/><V33/><F33/><W69/><G69/><T130/><D2/><U28/><E28/><V113/><F113/><W36/><G36/><N who="0" m="13867" /><D130/><U50/><E40/><V22/><F32/><W56/><G56/><AGARI ba="0,0" hai="44,45,46,50,52,56,124,127" m="42505,24649" machi="56" ten="40,8000,1" yaku="14,1,34,2,54,1" doraHai="15" who="1" fromWho="3" sc="115,0,334,80,296,0,255,-80" /><AGARI ba="0,0" hai="22,24,30,47,51,55,56,58,74,78,83" m="50729" machi="56" ten="30,1000,0" yaku="20,1" doraHai="15" who="2" fromWho="3" sc="115,0,414,0,296,10,175,-10" owari="115,-38.0,414,50.0,306,11.0,165,-23.0" /></mjloggm>