<mjloggm ver="2.3"><GO type="169" lobby="0"/><UN n0="%E3%82%A6%E3%83%AB%E3%83%88%E3%83%A9%E7%AB%8B%E7%9B%B4" n1="%E7%90%86%E4%B8%8D%E5%B0%BD%E5%A4%A7%E7%8E%8B%32" n2="%E7%AB%8B%E8%8F%AF%E5%A5%8F" n3="%E3%83%A9%E3%83%A0%E3%83%80%E3%81%95%E3%82%93" dan="17,16,16,17" rate="2144.97,2105.14,2176.53,2157.72" sx="M,M,F,M"/><TAIKYOKU oya="0"/><INIT seed="0,0,0,0,3,23" ten="250,250,250,250" oya="0" hai0="51,38,131,81,102,95,52,30,58,36,54,68,72" hai1="106,98,0,3,99,16,35,11,126,94,107,133,121" hai2="37,84,71,111,86,66,6,26,125,82,17,128,29" hai3="39,31,13,64,90,134,127,78,104,115,97,116,19"/><T91/><D68/><U77/><E121/><V112/><F112/><W44/><G115/><T46/><D131/><U113/><E126/><V21/><F125/><W132/><G127/><T103/><D30/><U80/><E113/><V70/><F128/><W47/><G116/><T18/><D36/><U76/><E35/><V24/><F37/><W40/><G78/><T118/><D118/><U2/><E133/><V83/><F6/><W8/><G64/><T45/><D38/><U9/><E94/><V79/><F66/><W50/><G31/><T109/><D109/><U41/><E41/><V33/><F111/><W96/><G90/><AGARI ba="0,0" hai="17,21,24,26,29,33,70,71,79,82,83,84,86,90" machi="90" ten="30,3900,0" yaku="7,1,52,2" doraHai="23" who="2" fromWho="3" sc="250,0,250,0,250,39,250,-39" /><INIT seed="1,0,0,2,5,125" ten="250,250,289,211" oya="1" hai0="115,103,130,121,102,108,100,32,89,8,68,74,57" hai1="111,34,63,43,78,38,81,116,101,88,133,50,85" hai2="104,61,44,83,109,12,15,26,10,123,71,33,75" hai3="37,120,126,76,82,114,95,13,107,91,122,29,66"/><U92/><E116/><V67/><F123/><W105/><G37/><T2/><D68/><U84/><E38/><V40/><F109/><W79/><G66/><T69/><D69/><U16/><E34/><V65/><F65/><W28/><G13/><T94/><D32/><U36/><E36/><V27/><F104/><N who="3" m="40011" /><G28/><T55/><D74/><U124/><E124/><V128/><F33/><W39/><G29/><T52/><D115/><U86/><E133/><V21/><F21/><W22/><G22/><T118/><D108/><U49/><E101/><V30/><F30/><W59/><G59/><T47/><D118/><U127/><E127/><V17/><F12/><W31/><G31/><T70/><D70/><U0/><E0/><V4/><F17/><W24/><G24/><T87/><D121/><N who="3" m="46697" /><G39/><T51/><D2/><U98/><E111/><V35/><F35/><W93/><G126/><T56/><D8/><U60/><E16/><V112/><F26/><W80/><G114/><T41/><D57/><U119/><E119/><V131/><F27/><W1/><G1/><T90/><D55/><U45/><REACH who="1" step="1"/><E49/><REACH who="1" ten="250,240,289,211" step="2"/><N who="2" m="26759" /><F112/><W132/><G132/><T113/><D113/><U5/><E5/><V134/><F134/><W25/><G25/><T62/><D51/><U77/><E77/><N who="3" m="29770" /><G91/><T64/><D90/><U3/><E3/><V7/><F7/><W9/><G9/><T46/><D89/><U99/><E99/><V96/><F96/><W110/><G110/><T23/><D23/><U73/><AGARI ba="0,1" hai="43,45,50,60,63,73,78,81,84,85,86,88,92,98" machi="73" ten="30,6000,0" yaku="1,1,0,1,54,1,53,0" doraHai="125" doraHaiUra="18" who="1" fromWho="1" sc="250,-20,240,70,289,-20,211,-20" /><INIT seed="1,1,0,4,5,91" ten="230,310,269,191" oya="1" hai0="31,1,49,112,131,119,110,88,126,83,41,108,90" hai1="60,80,4,56,16,135,58,123,129,111,11,21,127" hai2="113,84,25,0,61,48,101,12,2,105,97,38,86" hai3="92,46,114,69,9,98,78,7,102,6,17,18,107"/><U62/><E123/><V43/><F113/><W37/><G114/><T73/><D1/><U19/><E127/><V15/><F38/><W67/><G78/><T35/><D31/><U118/><E118/><V79/><F25/><W52/><G37/><T55/><D41/><U54/><E135/><V71/><F71/><W134/><G134/><T99/><D35/><U82/><E129/><V132/><F132/><W50/><G107/><T122/><D55/><U13/><E111/><N who="0" m="42537" /><D49/><U85/><E85/><V23/><F61/><W26/><G69/><T39/><D39/><U30/><E30/><V59/><F84/><W109/><G109/><T20/><D20/><U44/><E44/><V66/><F43/><W10/><G67/><T63/><D63/><U33/><E33/><V5/><F66/><W8/><G26/><T116/><D112/><U64/><REACH who="1" step="1"/><E19/><AGARI ba="1,0" hai="6,7,8,9,10,17,18,19,46,50,52,92,98,102" machi="19" ten="40,5200,0" yaku="8,1,52,1,54,1" doraHai="91" who="3" fromWho="1" sc="230,0,310,-55,269,0,191,55" /><INIT seed="2,0,0,1,5,98" ten="230,255,269,246" oya="2" hai0="59,62,49,21,55,120,29,34,106,130,28,84,104" hai1="11,71,101,44,50,86,129,41,32,10,70,119,25" hai2="61,17,38,23,69,94,48,118,16,31,78,111,125" hai3="128,18,117,64,47,63,103,57,46,77,27,75,51"/><V6/><F118/><W60/><G117/><T56/><D34/><U9/><E119/><V115/><F115/><W5/><G128/><T88/><D130/><U22/><E129/><V82/><F38/><W13/><G5/><T36/><D36/><U87/><E32/><V108/><F6/><W67/><G27/><T123/><D106/><U66/><E101/><V105/><F105/><W12/><G75/><T134/><D104/><U124/><E124/><V26/><F125/><W109/><G109/><N who="2" m="42057" /><F48/><W135/><G135/><T3/><D134/><U76/><E66/><N who="2" m="41167" /><F94/><W126/><G126/><T65/><D3/><U131/><E131/><V85/><AGARI ba="0,0" hai="16,17,23,26,31,78,82,85" m="41167,42057" machi="85" ten="30,6000,0" yaku="14,1,10,1,54,1" doraHai="98" who="2" fromWho="2" sc="230,-20,255,-20,269,60,246,-20" /><INIT seed="2,1,0,0,0,16" ten="210,235,329,226" oya="2" hai0="52,28,115,86,94,87,36,98,116,121,0,57,90" hai1="34,109,31,73,127,105,119,45,61,3,104,38,15" hai2="27,89,113,126,88,132,6,49,112,131,32,97,78" hai3="8,9,80,120,117,64,37,77,1,128,17,18,13"/><V54/><F126/><W76/><G117/><T46/><D0/><U91/><E119/><V130/><F6/><W5/><G120/><T123/><D115/><U21/><E3/><V134/><F78/><W53/><G128/><N who="2" m="49193" /><F32/><W41/><G64/><T19/><D116/><U59/><E73/><V50/><F27/><W66/><G66/><T11/><D28/><U51/><E38/><V7/><F7/><W122/><G122/><T2/><D2/><U10/><E109/><V71/><F71/><W99/><G99/><T60/><D121/><U68/><E34/><V79/><F79/><W81/><G53/><T110/><D110/><U118/><E68/><V85/><F97/><W67/><G67/><T108/><D108/><U102/><E127/><V124/><F124/><W135/><G135/><N who="2" m="51753" /><F54/><W74/><G17/><T30/><D30/><U83/><E31/><V40/><F40/><W65/><G65/><T25/><D123/><U35/><E35/><V14/><F14/><W42/><REACH who="3" step="1"/><G37/><REACH who="3" ten="210,235,329,216" step="2"/><T93/><D36/><U63/><E118/><V84/><F49/><W69/><G69/><T92/><D52/><U24/><E51/><V56/><F50/><W72/><AGARI ba="1,1" hai="1,5,8,9,13,18,41,42,72,74,76,77,80,81" machi="72" ten="20,5200,0" yaku="1,1,0,1,7,1,9,1,53,0" doraHai="16" doraHaiUra="48" who="3" fromWho="3" sc="210,-14,235,-14,329,-27,216,65" /><INIT seed="3,0,0,1,4,108" ten="196,221,302,281" oya="3" hai0="62,131,109,83,61,111,39,90,56,49,113,33,18" hai1="2,129,66,110,135,34,120,132,59,107,47,42,93" hai2="70,123,128,125,73,85,133,0,105,23,29,69,72" hai3="9,51,27,89,15,88,87,80,26,96,94,130,21"/><W40/><G130/><T14/><D33/><U5/><E107/><V114/><RYUUKYOKU type="yao9" ba="0,0" sc="196,0,221,0,302,0,281,0" hai2="0,23,29,69,70,72,73,85,105,114,123,125,128,133" /><INIT seed="3,1,0,0,1,97" ten="196,221,302,281" oya="3" hai0="94,52,66,129,99,108,30,57,36,8,127,102,61" hai1="19,113,20,107,87,96,63,32,104,71,7,54,1" hai2="0,50,110,65,88,84,98,9,28,133,60,83,67" hai3="23,73,77,12,58,13,81,4,69,101,70,78,21"/><W76/><G73/><T86/><D108/><U26/><E32/><V43/><F110/><W72/><G72/><T11/><D127/><U59/><E113/><V123/><F123/><W56/><G81/><T22/><D36/><U90/><E71/><V6/><F133/><W114/><G114/><T120/><D120/><U2/><E7/><V46/><F28/><W3/><G3/><N who="1" m="1034" /><E87/><V17/><F17/><W124/><G124/><T33/><D33/><U10/><E10/><V51/><F98/><W62/><G70/><T48/><D86/><U117/><E117/><V25/><F25/><W31/><G69/><T75/><D75/><U91/><E91/><V115/><F115/><W41/><G41/><T106/><D106/><U49/><E49/><V119/><F119/><W44/><G44/><N who="0" m="27655" /><D129/><U100/><E100/><V126/><F126/><W121/><G121/><T128/><D128/><U16/><E19/><V24/><F24/><AGARI ba="1,0" hai="8,11,22,24,30,57,61,66,94,99,102" m="27655" machi="24" ten="30,7700,0" yaku="25,1,8,1,52,1,54,1" doraHai="97" who="0" fromWho="2" sc="196,80,221,0,302,-80,281,0" /><INIT seed="4,0,0,2,5,52" ten="276,221,222,281" oya="0" hai0="64,14,98,85,39,135,78,34,51,128,67,70,95" hai1="121,81,6,57,2,11,17,79,53,26,76,58,119" hai2="13,27,46,126,127,97,7,83,73,86,105,63,91" hai3="96,106,55,92,22,129,32,42,48,4,15,74,93"/><T41/><D34/><U5/><E119/><V60/><F73/><W37/><G32/><T116/><D116/><U122/><E5/><V35/><F46/><W123/><G74/><T89/><D39/><U120/><E81/><V104/><F7/><W1/><G1/><T99/><D70/><U25/><E58/><V54/><F13/><W94/><G129/><T124/><D135/><U45/><E45/><V90/><F35/><W18/><G4/><T117/><D124/><N who="2" m="47658" /><F27/><W100/><G123/><T114/><D128/><U69/><E69/><V20/><F20/><W59/><G37/><T65/><D114/><U66/><E66/><V134/><F134/><W23/><REACH who="3" step="1"/><G42/><REACH who="3" ten="276,221,222,271" step="2"/><T61/><D117/><U21/><REACH who="1" step="1"/><E25/><REACH who="1" ten="276,211,222,271" step="2"/><V30/><F105/><W75/><G75/><T47/><D14/><U0/><E0/><V71/><F104/><W107/><G107/><T133/><D133/><U49/><AGARI ba="0,2" hai="2,6,11,17,21,26,49,53,57,76,79,120,121,122" machi="49" ten="30,4000,0" yaku="1,1,0,1,52,1,53,0" doraHai="52" doraHaiUra="28" who="1" fromWho="1" sc="276,-20,211,60,222,-10,271,-10" /><INIT seed="5,0,0,4,4,94" ten="256,271,212,261" oya="1" hai0="77,122,52,130,12,74,26,34,67,20,110,131,70" hai1="90,41,120,36,17,44,30,73,49,13,82,9,11" hai2="40,66,58,1,126,97,107,133,114,117,104,132,56" hai3="135,75,121,134,14,98,53,31,119,83,87,84,38"/><U124/><E120/><V115/><F1/><W28/><G121/><T21/><D67/><U16/><E124/><V8/><F117/><W112/><G38/><T2/><D70/><U76/><E30/><V19/><F126/><W95/><G112/><N who="2" m="43049" /><F40/><W103/><G119/><T85/><D74/><U22/><E90/><V3/><F104/><W61/><G75/><T54/><D2/><U128/><E128/><N who="0" m="49193" /><D110/><U91/><E91/><V24/><F3/><W63/><G87/><T10/><D122/><U33/><E33/><V92/><F107/><W118/><G118/><T127/><D127/><U46/><REACH who="1" step="1"/><E17/><REACH who="1" ten="256,261,212,261" step="2"/><V102/><F19/><W62/><G31/><T15/><D34/><U47/><E47/><V113/><F113/><W27/><G28/><T111/><D111/><U48/><E48/><V32/><F32/><W71/><G63/><T4/><D77/><U39/><E39/><V109/><F109/><W129/><G62/><T105/><D4/><U51/><E51/><V100/><F100/><W60/><G61/><T29/><D29/><U6/><E6/><V79/><F79/><W96/><G60/><T99/><D99/><U25/><E25/><V55/><F24/><W37/><G27/><T43/><D26/><U69/><E69/><V64/><F102/><W59/><G71/><T86/><D15/><U0/><E0/><V42/><F97/><W5/><G96/><T106/><D12/><U45/><E45/><V68/><F68/><W50/><G37/><T80/><D80/><U57/><E57/><V108/><F56/><W89/><G129/><T101/><D101/><RYUUKYOKU ba="0,1" sc="256,-15,261,15,212,-15,261,15" hai1="9,11,13,16,22,36,41,44,46,49,73,76,82" hai3="5,14,50,53,59,83,84,89,95,98,103,134,135" /><INIT seed="5,1,1,5,0,106" ten="241,276,197,276" oya="1" hai0="56,111,87,98,89,105,83,58,5,117,22,8,17" hai1="115,101,73,68,45,66,132,116,12,104,6,114,50" hai2="107,18,69,134,84,35,43,100,11,20,55,95,108" hai3="60,135,49,125,124,51,79,133,19,34,26,96,7"/><U67/><E116/><V81/><F108/><W53/><G7/><T70/><D70/><U72/><E132/><N who="3" m="50762" /><G79/><T54/><D117/><U65/><E68/><V99/><F134/><W2/><G2/><T128/><D111/><U21/><E101/><V36/><F35/><W76/><G76/><T37/><D37/><U94/><E94/><V88/><F11/><W52/><G96/><T39/><D39/><U113/><E104/><V47/><F69/><W127/><G19/><T122/><D122/><U74/><E21/><V29/><F29/><N who="3" m="19767" /><G60/><T38/><D38/><U75/><E75/><V4/><F4/><W91/><G91/><T9/><D128/><U0/><E0/><V24/><REACH who="2" step="1"/><F55/><AGARI ba="1,1" hai="49,51,52,53,55,124,125,127" m="19767,50762" machi="55" ten="40,5200,0" yaku="18,1,20,1,54,1" doraHai="106" who="3" fromWho="2" sc="241,0,276,0,197,-55,276,65" /><INIT seed="6,0,0,1,5,86" ten="241,276,142,341" oya="2" hai0="107,20,38,106,68,126,111,114,112,25,56,100,133" hai1="11,9,50,26,116,40,122,28,132,52,113,87,104" hai2="46,102,125,47,0,115,39,51,123,33,95,80,131" hai3="3,85,54,32,57,96,44,53,66,34,10,73,5"/><V121/><F0/><W124/><G73/><T41/><D68/><U7/><E116/><V134/><F33/><W120/><G120/><T94/><D111/><U91/><E104/><V63/><F80/><W97/><G124/><T48/><D38/><U127/><E113/><N who="0" m="43625" /><D126/><U43/><E127/><V58/><F115/><W17/><G66/><T62/><D133/><U18/><E132/><V64/><F125/><W4/><G4/><T14/><D14/><N who="1" m="5439" /><E28/><V109/><F134/><W135/><G135/><T29/><D48/><U65/><E65/><V103/><F109/><W89/><G44/><T22/><D41/><U23/><E11/><V30/><F30/><W19/><G32/><T6/><D6/><U55/><E55/><V92/><F39/><W76/><G76/><T117/><D20/><U105/><E105/><V59/><F131/><W128/><G128/><T77/><D77/><U119/><E119/><V37/><F37/><W81/><G53/><N who="0" m="34063" /><D117/><U35/><E35/><V110/><F110/><W99/><REACH who="3" step="1"/><G34/><REACH who="3" ten="241,276,142,331" step="2"/><T2/><D2/><U15/><E122/><V101/><F123/><W69/><G69/><T31/><D31/><U74/><E40/><V90/><F121/><W45/><G45/><T129/><D129/><U78/><E43/><N who="2" m="25055" /><F47/><W84/><G84/><T13/><D29/><U88/><E74/><V1/><F1/><W60/><AGARI ba="0,1" hai="3,5,10,17,19,54,57,60,81,85,89,96,97,99" machi="60" ten="30,8000,1" yaku="1,1,0,1,52,1,53,2" doraHai="86" doraHaiUra="12" who="3" fromWho="3" sc="241,-20,276,-20,142,-40,331,90" /><INIT seed="7,0,0,5,0,12" ten="221,256,102,421" oya="3" hai0="104,15,125,132,60,70,116,123,83,25,102,43,59" hai1="131,82,69,56,99,133,44,47,74,100,6,3,36" hai2="92,122,72,77,119,24,134,32,53,94,78,46,16" hai3="39,67,5,129,90,35,38,33,40,127,22,126,98"/><W107/><G90/><T103/><D70/><U57/><E69/><V14/><F119/><W19/><G67/><T66/><D104/><U109/><E109/><V0/><F0/><W105/><G98/><T130/><D130/><U65/><E133/><V63/><F134/><W89/><G89/><T13/><D125/><U106/><E65/><V54/><F122/><W48/><G48/><T31/><D43/><N who="1" m="22631" /><E47/><V17/><F72/><W50/><G50/><T7/><D116/><U68/><E68/><V55/><F32/><W79/><G79/><N who="2" m="30217" /><F46/><W95/><G95/><N who="2" m="36393" /><F24/><W121/><G121/><T10/><D123/><U51/><E106/><V113/><F113/><W27/><G27/><T128/><D128/><U73/><E74/><V117/><F117/><W75/><G75/><T115/><D115/><U114/><E3/><V91/><F91/><W41/><G129/><T52/><D132/><U20/><E73/><V34/><F34/><W37/><G107/><T97/><D25/><U23/><E114/><V64/><F14/><W88/><G41/><T101/><D13/><U111/><E131/><V85/><F85/><W21/><G39/><T42/><D15/><U87/><E87/><V96/><F96/><W26/><G38/><T124/><D97/><U81/><E99/><V76/><N who="2" m="30225" /><V112/><DORA hai="8" /><F112/><W71/><G37/><T84/><D84/><U108/><E111/><V120/><F120/><W2/><G40/><T28/><D42/><U58/><E108/><V45/><F45/><W18/><G71/><T80/><D103/><U118/><E100/><V62/><F64/><RYUUKYOKU ba="0,0" sc="221,-10,256,-10,102,30,421,-10" hai2="16,17,53,54,55,62,63" owari="211,-19.0,246,5.0,132,-37.0,411,51.0" /></mjloggm>