<mjloggm ver="2.3"><GO type="193" lobby="0"/><UN n0="%67%61%6E%63%68%6F" n1="%E5%B0%B1%E6%B4%BB%E7%94%9F%40%E5%B7%9D%E6%9D%91%E8%BB%8D%E5%9B%A3" n2="%6D%61%6B%75%72%61%61%61" n3="%62%65%67%69%6E%6E%65%72" dan="10,11,13,13" rate="1611.87,1677.85,1761.09,1734.24" sx="M,M,M,M"/><TAIKYOKU oya="0"/><INIT seed="0,0,0,5,1,45" ten="250,250,250,250" oya="0" hai0="64,53,84,106,72,8,91,87,78,113,40,17,35" hai1="30,25,32,6,10,115,19,52,7,90,14,70,28" hai2="55,31,49,133,74,13,57,89,88,3,51,37,118" hai3="102,100,54,97,124,58,92,56,21,134,16,85,2"/><T39/><D106/><U50/><E70/><V23/><F37/><W68/><G2/><T110/><D113/><U86/><E115/><V67/><F3/><W101/><G68/><T76/><D35/><U114/><E114/><V122/><F122/><W107/><G124/><T11/><D64/><U104/><E104/><V109/><F109/><W26/><G134/><T36/><D72/><U112/><E112/><V27/><F133/><W99/><G85/><T69/><D69/><U93/><REACH who="1" step="1"/><E30/><REACH who="1" ten="250,240,250,250" step="2"/><V80/><F118/><W83/><G107/><T60/><D110/><U105/><E105/><V62/><F31/><W82/><G92/><T117/><D117/><U135/><E135/><V29/><F80/><W73/><G83/><T94/><D39/><U48/><E48/><V127/><F51/><W59/><REACH who="3" step="1"/><G54/><REACH who="3" ten="250,240,250,240" step="2"/><T131/><D40/><U128/><E128/><V24/><F127/><W15/><G15/><T0/><D0/><U130/><E130/><V61/><F13/><W9/><G9/><T98/><D131/><U111/><E111/><V96/><F27/><W123/><G123/><T71/><D11/><U95/><E95/><V1/><F1/><W121/><G121/><T103/><D36/><U125/><E125/><V41/><F41/><W63/><G63/><T18/><D71/><U119/><E119/><V116/><F61/><W4/><G4/><T66/><D8/><U42/><E42/><V43/><F116/><W47/><G47/><AGARI ba="0,2" hai="6,7,10,14,19,25,28,32,47,50,52,86,90,93" machi="47" ten="30,8000,1" yaku="1,1,7,1,52,1,54,1,53,1" doraHai="45" doraHaiUra="20" who="1" fromWho="3" sc="250,0,240,100,250,0,240,-80" /><INIT seed="1,0,0,1,3,82" ten="250,340,250,160" oya="1" hai0="85,31,68,120,71,134,81,72,37,127,104,96,13" hai1="130,41,12,109,78,11,98,135,42,126,6,116,128" hai2="121,33,8,19,48,30,95,43,23,38,58,122,112" hai3="60,80,70,26,105,86,132,9,14,17,115,32,88"/><U36/><E116/><V20/><F38/><W55/><G132/><T53/><D72/><U10/><E135/><V0/><F95/><W59/><G115/><T22/><D134/><U124/><E78/><V24/><F43/><N who="1" m="16393" /><E36/><V83/><F83/><W84/><G105/><T51/><D127/><N who="1" m="48683" /><E98/><V125/><F125/><W50/><G26/><T133/><D120/><N who="2" m="46186" /><F48/><W7/><G32/><T56/><D37/><U4/><E109/><V16/><F58/><W57/><G70/><T34/><D34/><U74/><E74/><V87/><F87/><W117/><G86/><T76/><D133/><U73/><E73/><V25/><F112/><W27/><G27/><T62/><D104/><U2/><AGARI ba="0,0" hai="2,4,6,10,11,12,128,130" m="48683,16393" machi="2" ten="30,1500,0" yaku="18,1" doraHai="82" who="1" fromWho="1" sc="250,-5,340,15,250,-5,160,-5" /><INIT seed="1,1,0,4,1,99" ten="245,355,245,155" oya="1" hai0="116,30,98,104,115,113,129,8,83,120,103,80,94" hai1="54,71,33,48,50,109,26,81,117,123,122,17,22" hai2="119,18,47,34,10,128,132,0,46,37,131,53,59" hai3="79,124,36,58,1,31,108,93,3,60,32,77,78"/><U11/><E71/><V102/><F119/><W9/><G36/><T14/><D116/><U112/><E117/><V72/><F34/><W29/><G108/><T19/><D129/><U88/><E112/><V114/><F72/><W130/><G130/><N who="2" m="49705" /><F37/><W84/><G32/><T127/><D120/><U101/><E109/><V89/><F114/><W85/><G124/><T126/><D104/><U100/><E33/><V133/><F89/><W70/><G70/><T73/><D115/><U15/><E123/><V105/><F132/><W38/><G38/><T42/><D113/><U74/><E122/><V52/><F133/><W96/><G9/><T134/><D73/><U76/><E50/><N who="2" m="31127" /><F53/><W97/><G93/><T66/><D134/><U23/><E23/><V13/><F0/><N who="3" m="75" /><G58/><T95/><D42/><U49/><E49/><V125/><F125/><N who="0" m="47626" /><D95/><U51/><E51/><V75/><F75/><W39/><G39/><T135/><D135/><U65/><E65/><V82/><F82/><N who="0" m="31274" /><D30/><N who="3" m="11273" /><G60/><T118/><D118/><U21/><E21/><V63/><F63/><W92/><G92/><T25/><D25/><U68/><E68/><V110/><F110/><W64/><G64/><AGARI ba="1,0" hai="8,14,19,64,66,94,98,103" m="31274,47626" machi="64" ten="30,2000,0" yaku="18,1,52,1" doraHai="99" who="0" fromWho="3" sc="245,23,355,0,245,0,155,-23" /><INIT seed="2,0,0,2,3,93" ten="268,355,245,132" oya="2" hai0="88,75,133,129,122,47,81,117,83,44,101,49,35" hai1="128,26,6,45,9,96,68,120,42,17,14,8,105" hai2="114,2,73,12,51,54,7,18,125,70,113,132,4" hai3="106,118,65,135,5,64,27,123,104,121,25,57,115"/><V66/><F73/><W74/><G5/><T48/><D122/><U110/><E128/><V108/><F132/><W59/><G74/><T15/><D129/><U63/><E110/><V37/><F37/><W56/><G135/><T71/><D71/><U58/><E120/><V76/><F76/><W67/><G118/><T107/><D35/><U22/><E68/><V86/><F86/><W98/><G115/><T46/><D117/><U80/><E80/><V131/><F131/><W95/><G121/><T53/><D75/><U82/><E82/><V134/><F134/><W31/><G123/><T69/><D69/><U29/><E105/><V0/><F66/><W13/><G13/><T94/><D107/><U78/><E78/><V127/><F70/><W32/><REACH who="3" step="1"/><G27/><REACH who="3" ten="268,355,245,122" step="2"/><T124/><D133/><U85/><E26/><V62/><F113/><W109/><G109/><T102/><D124/><U119/><E14/><V60/><F114/><W20/><G20/><T87/><D102/><AGARI ba="0,1" hai="25,31,32,56,57,59,64,65,67,95,98,102,104,106" machi="102" ten="40,2600,0" yaku="1,1,52,1,53,0" doraHai="93" doraHaiUra="79" who="3" fromWho="0" sc="268,-26,355,0,245,0,122,36" /><INIT seed="3,0,0,1,0,94" ten="242,355,245,158" oya="3" hai0="52,97,37,6,44,47,50,26,71,95,101,67,41" hai1="13,56,112,115,87,128,118,36,31,21,24,131,107" hai2="28,85,60,62,10,80,38,100,134,0,39,130,110" hai3="29,72,86,64,23,83,105,122,61,12,46,75,35"/><W2/><G122/><T114/><D26/><U70/><E70/><V90/><F110/><W1/><G105/><T82/><D114/><N who="1" m="43563" /><E36/><V9/><F134/><W123/><G123/><T126/><D126/><U99/><E56/><V8/><F100/><W124/><G124/><T15/><D71/><U65/><E65/><V25/><F0/><W84/><G46/><T129/><D129/><N who="1" m="49739" /><E87/><V74/><F130/><W55/><G55/><T125/><D125/><U19/><E99/><V121/><F121/><W34/><G23/><T27/><D67/><U7/><E107/><V59/><F74/><N who="3" m="28203" /><G64/><T88/><D27/><U113/><E113/><V103/><F103/><W120/><G83/><T135/><D135/><U33/><E7/><V106/><F106/><W45/><G120/><T42/><D6/><U4/><E4/><V30/><F25/><W3/><G45/><T14/><REACH who="0" step="1"/><D42/><REACH who="0" ten="232,355,245,158" step="2"/><U5/><E5/><V53/><F53/><W48/><G12/><T11/><D11/><U91/><E118/><V69/><F10/><W17/><G29/><T104/><D104/><U49/><E24/><V68/><F9/><W133/><G17/><T79/><D79/><U77/><E19/><V108/><F8/><W102/><G133/><T40/><D40/><U117/><E117/><V89/><F28/><W57/><G48/><T54/><D54/><U76/><E31/><V51/><F30/><W63/><G57/><T81/><D81/><U93/><E76/><V116/><F116/><W92/><G102/><T16/><D16/><U98/><E77/><V20/><F20/><W43/><G43/><RYUUKYOKU ba="0,1" sc="232,30,355,-10,245,-10,158,-10" hai0="14,15,37,41,44,47,50,52,82,88,95,97,101" owari="262,6.0,355,45.0,235,-16.0,148,-35.0" /></mjloggm>