<mjloggm ver="2.3"><GO type="97" lobby="0"/><UN n0="%E3%81%AF%E3%81%A8%40%E6%9D%B1%E9%A2%A8" n1="%E3%82%A6%E3%83%AB%E3%83%88%E3%83%A9%E7%AB%8B%E7%9B%B4" n2="%4F%6C%65%72%75%64" n3="%E9%9B%80%E6%AD%A9" dan="14,13,14,13" rate="1907.95,1906.14,1968.07,1848.57" sx="M,M,M,M"/><TAIKYOKU oya="0"/><INIT seed="0,0,0,0,4,126" ten="250,250,250,250" oya="0" hai0="106,108,23,71,43,102,20,16,40,32,85,21,68" hai1="3,96,105,125,124,79,65,36,66,91,9,19,12" hai2="45,110,127,30,109,121,51,64,48,38,101,13,97" hai3="133,63,98,95,100,115,70,60,84,94,31,90,29"/><T134/><D32/><U89/><E36/><V4/><F30/><W57/><G115/><T129/><D129/><U62/><E3/><V130/><F121/><W120/><G120/><T37/><D134/><U8/><E79/><V77/><F77/><W25/><G133/><T34/><D34/><U123/><E123/><V118/><F130/><W35/><G70/><T92/><D108/><N who="2" m="41578" /><F118/><W17/><G31/><T135/><D135/><U128/><E128/><V5/><F64/><W27/><G27/><T59/><D59/><U49/><E49/><N who="2" m="19019" /><F13/><W18/><REACH who="3" step="1"/><G63/><REACH who="3" ten="250,250,250,240" step="2"/><T15/><D71/><U41/><E62/><V6/><F127/><W83/><G83/><T53/><D68/><U0/><E125/><V112/><F112/><W10/><G10/><T80/><D37/><U111/><E9/><V103/><F97/><W22/><G22/><T26/><D23/><U116/><E8/><V14/><F14/><W114/><G114/><T81/><D81/><U55/><E12/><V1/><F1/><W93/><G93/><T50/><D106/><U33/><E105/><V74/><F74/><W104/><G104/><T7/><D92/><U58/><E33/><V69/><F69/><W131/><G131/><T76/><D102/><N who="2" m="38922" /><F38/><W72/><G72/><T82/><D82/><U39/><E39/><V88/><F45/><W11/><G11/><N who="0" m="4607" /><D21/><U61/><E0/><V44/><F44/><W52/><AGARI ba="0,1" hai="17,18,25,29,35,52,57,60,84,90,94,95,98,100" machi="52" ten="20,5200,0" yaku="1,1,0,1,7,1,54,1,53,0" doraHai="126" doraHaiUra="132" who="3" fromWho="3" sc="250,-26,250,-13,250,-13,240,62" /><INIT seed="1,0,0,3,0,52" ten="224,237,237,302" oya="1" hai0="67,36,72,9,75,53,71,31,13,128,114,19,74" hai1="111,16,0,32,91,2,10,78,23,61,39,48,107" hai2="117,119,108,85,86,109,14,103,134,90,121,110,98" hai3="73,60,82,7,12,45,47,118,50,106,4,30,68"/><U37/><E107/><N who="2" m="63991" /><F14/><W56/><G106/><T26/><D114/><U76/><E32/><V33/><F33/><W125/><G68/><T55/><D128/><U11/><E61/><V122/><F134/><W84/><G73/><T3/><D36/><U29/><E29/><V59/><F59/><W42/><G118/><N who="2" m="45065" /><F85/><W129/><G129/><T65/><D3/><U44/><E111/><V54/><F54/><N who="3" m="33815" /><G125/><T8/><D8/><N who="1" m="3115" /><E39/><V113/><F90/><N who="3" m="51479" /><G30/><T77/><D77/><N who="1" m="29803" /><E37/><V83/><F86/><W66/><G66/><T81/><D81/><U130/><E130/><V20/><F20/><W116/><G116/><T79/><D79/><U100/><E100/><V41/><F41/><W92/><G12/><T6/><D71/><U105/><E105/><V51/><F51/><N who="3" m="27063" /><G92/><T120/><D120/><N who="2" m="46186" /><F83/><W1/><G1/><T97/><D75/><U38/><E38/><V112/><AGARI ba="0,0" hai="108,109,110,112,113" m="46186,45065,63991" machi="112" ten="50,32000,5" yakuman="50" doraHai="52" who="2" fromWho="2" sc="224,-80,237,-160,237,320,302,-80" /><INIT seed="2,0,0,0,2,54" ten="144,77,557,222" oya="2" hai0="101,116,68,37,7,40,57,115,85,78,73,28,9" hai1="29,121,103,120,72,56,38,15,41,127,95,20,126" hai2="32,108,18,51,112,77,31,86,27,39,62,130,44" hai3="60,33,42,135,69,93,66,107,96,35,97,59,55"/><V79/><F130/><W99/><G135/><T67/><D116/><U100/><E72/><V104/><F104/><W43/><G107/><T4/><D115/><U46/><E15/><V53/><F112/><W128/><G128/><T47/><D28/><U26/><E95/><V87/><F108/><W98/><N who="3" m="25088" /><DORA hai="74" /><W132/><G132/><T16/><D101/><U64/><E103/><V90/><F86/><W114/><G114/><T117/><D117/><U113/><E100/><V119/><F119/><W23/><G93/><T34/><D34/><U133/><E113/><V91/><F91/><W111/><G111/><T89/><D68/><U118/><E118/><V49/><F39/><W75/><G75/><T65/><D65/><U0/><E0/><V92/><F62/><W110/><G110/><T131/><D131/><U134/><E134/><V80/><F92/><W88/><G88/><T6/><D73/><U94/><E94/><V58/><F18/><W63/><REACH who="3" step="1"/><G23/><REACH who="3" ten="144,77,557,212" step="2"/><T109/><D109/><U45/><E133/><V30/><F30/><W3/><G3/><T25/><D89/><U48/><E121/><V36/><F36/><W124/><G124/><T105/><D105/><U11/><E120/><V8/><F8/><W76/><G76/><T2/><D78/><U102/><E11/><V70/><F70/><W129/><G129/><T21/><REACH who="0" step="1"/><D85/><REACH who="0" ten="134,77,557,212" step="2"/><U81/><E102/><V13/><F79/><W12/><G12/><T123/><D123/><U61/><REACH who="1" step="1"/><E81/><REACH who="1" ten="134,67,557,212" step="2"/><V5/><F13/><W24/><G24/><T50/><D50/><U17/><E17/><V19/><F19/><RYUUKYOKU ba="0,3" sc="134,10,67,10,557,-30,212,10" hai0="2,4,6,7,9,16,21,25,37,40,47,57,67" hai1="20,26,29,38,41,45,46,48,56,61,64,126,127" hai3="33,35,42,43,55,59,60,63,66,69" /><INIT seed="3,1,3,0,5,128" ten="144,77,527,222" oya="3" hai0="90,125,74,38,61,9,28,113,20,109,103,91,67" hai1="102,131,111,66,30,29,121,119,71,84,21,126,92" hai2="85,37,106,49,73,117,44,47,82,48,124,104,108" hai3="32,10,60,96,13,14,58,76,97,133,52,134,79"/><W42/><G32/><T26/><D113/><U75/><E75/><V4/><F73/><W118/><G118/><T129/><D74/><U114/><E114/><V89/><F37/><W2/><G2/><T100/><D38/><U56/><E71/><V88/><F117/><W95/><G42/><T54/><D129/><U132/><E131/><V62/><F124/><W55/><G55/><T12/><D125/><U93/><E126/><V135/><F135/><N who="3" m="51723" /><G97/><T27/><D109/><U116/><E132/><V59/><F108/><W101/><G14/><T99/><D54/><U46/><E111/><V78/><F106/><W16/><AGARI ba="1,3" hai="10,13,16,52,58,60,76,79,95,96,101" m="51723" machi="16" ten="30,18000,2" yaku="20,1,52,3,54,2" doraHai="128" who="3" fromWho="3" sc="144,-61,77,-61,527,-61,222,213" /><INIT seed="3,2,0,5,3,65" ten="83,16,466,435" oya="3" hai0="59,107,18,66,55,43,109,74,91,84,0,4,101" hai1="38,81,39,51,130,16,127,132,71,57,31,99,2" hai2="118,3,41,32,19,96,68,97,85,113,110,30,124" hai3="22,103,125,75,87,131,62,79,70,15,83,37,27"/><W119/><G119/><T116/><D116/><U46/><E2/><V48/><F68/><W5/><G37/><T13/><D109/><U105/><E31/><V95/><F3/><W20/><G131/><T67/><D74/><U114/><E114/><V115/><F118/><W102/><G125/><T11/><D43/><U42/><E127/><V47/><F124/><W108/><G108/><T86/><D107/><U112/><E112/><V40/><F110/><W9/><G75/><T24/><D24/><U35/><E35/><V52/><F30/><W14/><G14/><T111/><D111/><U25/><E130/><V21/><F32/><W126/><G126/><T76/><D101/><U45/><E132/><V7/><F7/><W56/><G70/><T49/><D76/><U8/><E71/><V122/><F122/><W34/><G34/><T29/><D29/><U90/><E57/><V69/><F69/><W63/><G63/><T135/><D135/><U94/><E105/><V50/><F40/><W128/><G128/><T120/><D120/><U133/><E133/><V78/><F115/><W58/><G58/><T64/><REACH who="0" step="1"/><D91/><REACH who="0" ten="73,16,466,435" step="2"/><U6/><E39/><V117/><F117/><W92/><G92/><T88/><D88/><U61/><E61/><V53/><F113/><W10/><G10/><AGARI ba="2,1" hai="0,4,10,11,13,18,49,55,59,64,66,67,84,86" machi="10" ten="40,5200,0" yaku="1,1,53,2" doraHai="65" doraHaiUra="80" who="0" fromWho="3" sc="73,68,16,0,466,0,435,-58" owari="141,-26.0,16,-48.0,466,56.0,377,18.0" /></mjloggm>