<mjloggm ver="2.3"><GO type="41" lobby="0"/><UN n0="%79%75%6B%69%6E%6F%2D" n1="%E5%B0%B1%E6%B4%BB%E7%94%9F%40%E5%B7%9D%E6%9D%91%E8%BB%8D%E5%9B%A3" n2="%E3%82%A2%E3%82%AB%E3%83%8D%E3%83%9E%E3%83%8B%E3%82%A2%E3%82%AF%E3%82%B9" n3="%E3%83%97%E3%83%A9%E3%83%A0" dan="15,15,15,13" rate="1957.24,1991.89,2007.57,1864.06" sx="M,M,M,M"/><TAIKYOKU oya="0"/><INIT seed="0,0,0,3,0,22" ten="250,250,250,250" oya="0" hai0="78,75,23,9,55,103,21,123,104,130,112,54,129" hai1="120,90,34,7,79,26,135,14,102,101,39,83,127" hai2="110,117,124,96,61,57,42,85,6,11,109,76,94" hai3="1,3,98,51,62,48,52,41,17,71,45,46,12"/><T80/><D112/><U128/><E120/><V10/><F42/><W134/><G134/><T0/><D123/><U50/><E39/><V69/><F69/><W2/><G98/><N who="0" m="61559" /><D9/><U30/><E135/><V88/><F117/><W5/><G5/><T121/><D0/><U118/><E118/><V133/><F133/><W122/><G122/><T72/><D121/><U68/><E68/><V111/><F124/><W36/><G71/><T18/><D72/><U77/><E127/><V47/><F47/><W37/><REACH who="3" step="1"/><G62/><REACH who="3" ten="250,250,250,240" step="2"/><T40/><D40/><U31/><E7/><V81/><REACH who="2" step="1"/><F6/><REACH who="2" ten="250,250,240,240" step="2"/><W32/><G32/><T60/><D60/><U115/><E34/><V53/><AGARI ba="0,2" hai="10,11,53,57,61,76,81,85,88,94,96,109,110,111" machi="53" ten="30,8000,1" yaku="1,1,2,1,0,1,14,1,54,1,53,0" doraHai="22" doraHaiUra="126" who="2" fromWho="2" sc="250,-40,250,-20,240,100,240,-20" /><INIT seed="1,0,0,2,3,31" ten="210,230,340,220" oya="1" hai0="66,75,129,26,73,91,71,3,133,51,43,118,60" hai1="42,44,9,96,114,115,108,21,121,22,63,100,110" hai2="61,23,109,111,64,32,107,33,41,18,25,85,80" hai3="67,83,70,134,38,89,52,45,130,88,50,102,37"/><U47/><E121/><V95/><F107/><W103/><G134/><T127/><D118/><U15/><E114/><V0/><F41/><W90/><G130/><T105/><D127/><U68/><E68/><V53/><F95/><W1/><G1/><T7/><D105/><U19/><E63/><V81/><F0/><W135/><G135/><T56/><D133/><U99/><E115/><V49/><F49/><W17/><G38/><T55/><D26/><U39/><E47/><V86/><F53/><W40/><G83/><N who="2" m="31817" /><F86/><W123/><G17/><T13/><D3/><U27/><E22/><V124/><F85/><W20/><G20/><T72/><D91/><U11/><E11/><V10/><F10/><W122/><G122/><T119/><D119/><U54/><E54/><V125/><F61/><W69/><G69/><T24/><D24/><U30/><REACH who="1" step="1"/><E99/><REACH who="1" ten="210,220,340,220" step="2"/><V116/><F116/><W34/><G123/><T16/><D43/><U77/><E77/><V65/><F65/><W48/><G67/><T131/><REACH who="0" step="1"/><D7/><REACH who="0" ten="200,220,340,220" step="2"/><U106/><AGARI ba="0,2" hai="9,15,19,21,27,30,39,42,44,96,100,106,108,110" machi="106" ten="30,6000,0" yaku="1,1,0,1,53,1" doraHai="31" doraHaiUra="94" who="1" fromWho="1" sc="200,-20,220,80,340,-20,220,-20" /><INIT seed="1,1,0,3,1,115" ten="180,300,320,200" oya="1" hai0="126,101,11,18,83,103,81,62,2,39,21,109,123" hai1="94,49,30,9,44,87,56,23,52,53,8,112,102" hai2="97,84,57,113,1,48,17,60,0,4,106,125,43" hai3="66,16,58,51,82,107,92,32,59,63,77,76,71"/><U6/><E112/><V104/><F113/><W73/><G107/><T33/><D109/><U28/><E23/><V15/><F106/><W122/><G122/><T88/><D33/><U121/><E121/><V12/><F125/><W25/><G76/><T116/><D123/><U70/><E70/><V26/><F84/><W134/><G134/><T19/><D116/><U68/><E68/><V41/><F1/><W74/><G74/><T128/><D39/><U105/><E105/><V35/><F0/><W79/><G79/><T93/><D128/><U124/><E124/><V75/><F75/><W20/><G32/><T135/><D135/><U72/><E72/><V38/><F38/><W111/><G111/><T45/><D45/><U36/><E36/><V118/><F4/><W42/><G42/><T89/><D62/><U14/><E9/><V98/><F26/><W119/><G119/><T114/><D2/><U29/><E87/><V64/><F104/><W34/><G34/><T131/><D131/><U91/><E91/><N who="0" m="34889" /><D114/><U85/><E85/><V5/><F35/><W3/><G3/><T86/><D126/><U65/><E65/><V129/><F129/><W50/><G92/><T37/><D86/><U108/><E108/><V10/><F118/><W96/><G96/><N who="2" m="36969" /><F48/><W69/><G69/><T127/><D93/><U61/><REACH who="1" step="1"/><E94/><REACH who="1" ten="180,290,320,200" step="2"/><V78/><F78/><W133/><G133/><T47/><D37/><U46/><E46/><V110/><F110/><W100/><G100/><AGARI ba="1,1" hai="6,8,14,28,29,30,44,49,52,53,56,61,100,102" machi="100" ten="40,12000,1" yaku="1,1,8,1,54,1,53,1" doraHai="115" doraHaiUra="7" who="1" fromWho="3" sc="180,0,290,133,320,0,200,-123" /><INIT seed="1,2,0,5,0,75" ten="180,423,320,77" oya="1" hai0="36,48,21,79,39,62,95,74,134,88,13,126,28" hai1="96,99,61,7,86,91,101,103,80,94,41,84,124" hai2="2,118,56,106,129,130,123,111,112,132,52,76,90" hai3="64,37,117,81,78,85,63,3,9,115,109,98,133"/><U15/><E124/><V100/><F2/><W34/><G34/><T127/><D134/><U29/><E29/><V71/><F118/><W12/><G115/><T23/><D62/><U40/><E61/><V8/><F123/><W1/><G117/><T25/><D48/><U16/><E7/><V122/><F71/><W102/><G133/><T119/><D119/><U26/><E26/><V19/><F122/><W69/><G37/><T114/><D114/><U72/><E72/><V49/><F112/><W47/><G47/><T77/><D74/><U30/><E30/><V5/><F132/><W33/><G33/><T66/><D66/><U57/><E57/><V45/><F90/><W55/><G55/><T4/><D39/><U0/><E0/><V83/><F19/><W73/><G85/><N who="0" m="52623" /><D36/><U14/><E14/><N who="2" m="5391" /><F100/><W27/><G27/><T53/><D53/><U31/><E31/><V18/><F106/><W70/><G70/><T11/><D23/><U135/><E135/><V116/><F116/><W50/><G50/><T17/><D28/><U38/><E38/><V121/><F18/><W113/><G113/><T22/><D22/><U89/><E41/><V10/><F121/><W125/><G125/><AGARI ba="2,0" hai="4,11,13,17,21,25,77,79,125,126,127" m="52623" machi="125" ten="30,7700,0" yaku="18,1,52,2,54,1" doraHai="75" who="0" fromWho="3" sc="180,83,423,0,320,0,77,-83" owari="263,-14.0,423,53.0,320,12.0,-6,-51.0" /></mjloggm>