<mjloggm ver="2.3"><GO type="97" lobby="0"/><UN n0="%E7%9A%87%E6%9D%9E%E6%9E%A2%6D%6B%2D%49" n1="%EF%BC%B5%EF%BC%B6%EF%BC%B7" n2="%E3%82%A6%E3%83%AB%E3%83%88%E3%83%A9%E7%AB%8B%E7%9B%B4" n3="%E5%A4%9A%E3%80%85%E8%89%AF%E5%B3%B6" dan="14,13,14,15" rate="1896.06,1822.94,1960.35,1973.53" sx="F,M,M,M"/><TAIKYOKU oya="0"/><INIT seed="0,0,0,5,3,117" ten="250,250,250,250" oya="0" hai0="77,112,104,120,30,9,74,72,31,51,47,32,73" hai1="25,134,34,99,110,19,52,22,96,90,24,39,2" hai2="102,28,92,59,29,64,55,14,85,37,60,86,103" hai3="54,132,53,101,105,4,121,76,114,62,106,128,23"/><T12/><D120/><U80/><E2/><V40/><F40/><W11/><G114/><T109/><D112/><U98/><E39/><V83/><F37/><W1/><G76/><T50/><D109/><U84/><E110/><V17/><F64/><W82/><G82/><T70/><D104/><U67/><E67/><V124/><F124/><W44/><G132/><T94/><D70/><U13/><E34/><V57/><F57/><W126/><G126/><T35/><D94/><U21/><E134/><V26/><F92/><W46/><G128/><T8/><D77/><U61/><E21/><N who="2" m="15439" /><F29/><N who="0" m="10762" /><D12/><U45/><REACH who="1" step="1"/><E61/><REACH who="1" ten="250,240,250,250" step="2"/><V18/><F60/><W0/><G62/><T123/><D123/><U100/><E100/><V81/><F103/><W127/><G127/><T20/><D20/><U88/><E88/><V43/><F102/><W33/><G23/><T68/><D68/><U69/><E69/><V58/><F14/><W38/><G38/><T3/><D3/><U36/><E36/><V16/><F43/><W91/><G101/><T49/><D47/><U66/><E66/><V48/><F59/><W41/><G91/><T95/><D95/><U108/><E108/><V10/><F83/><W107/><G44/><T75/><N who="0" m="18944" /><DORA hai="93" /><T133/><D133/><U118/><E118/><V71/><F81/><W111/><G46/><T125/><D125/><U131/><E131/><V115/><F71/><W79/><G0/><T65/><D65/><U122/><E122/><V129/><F129/><W5/><G1/><T78/><D78/><U97/><N who="1" m="25088" /><DORA hai="130" /><U87/><E87/><N who="2" m="33291" /><F115/><W27/><G121/><RYUUKYOKU ba="0,1" sc="250,10,240,10,250,10,250,-30" hai0="8,9,32,35,49,50,51" hai1="13,19,22,24,25,45,52,80,84,90" hai2="10,16,17,18,48,55,58" /><INIT seed="0,1,1,1,1,72" ten="260,250,260,220" oya="0" hai0="133,68,24,98,121,94,36,62,74,88,14,99,39" hai1="29,23,20,0,103,5,21,90,78,75,34,50,9" hai2="4,95,60,129,81,117,128,53,97,89,112,27,28" hai3="96,131,101,126,111,100,56,64,76,42,46,59,66"/><T58/><D74/><U13/><E103/><V135/><F112/><W10/><G131/><N who="2" m="50249" /><F135/><W123/><G126/><T44/><D121/><U110/><E110/><V12/><F117/><W134/><G123/><T65/><D133/><U102/><E102/><V18/><F81/><W73/><G134/><T70/><D99/><U79/><E75/><V132/><F132/><W3/><G111/><T108/><D108/><U80/><E50/><V33/><F4/><N who="3" m="1311" /><G101/><T37/><D44/><U69/><E80/><V122/><F122/><W22/><G59/><T25/><REACH who="0" step="1"/><D14/><REACH who="0" ten="250,250,260,220" step="2"/><U7/><E69/><AGARI ba="1,2" hai="24,25,36,37,39,58,62,65,68,69,70,88,94,98" machi="69" ten="50,9600,0" yaku="1,1,2,1,54,1,53,0" doraHai="72" doraHaiUra="118" who="0" fromWho="1" sc="250,119,250,-99,260,0,220,0" /><INIT seed="0,2,0,2,0,39" ten="369,151,260,220" oya="0" hai0="7,68,58,130,1,104,38,15,100,34,53,30,88" hai1="118,40,17,135,120,123,96,103,93,80,106,90,13" hai2="11,122,19,79,63,29,10,49,35,116,110,12,69" hai3="61,78,44,65,115,133,66,16,82,48,2,54,42"/><T127/><D38/><U74/><E118/><V129/><F122/><W8/><G115/><T119/><D68/><U112/><E112/><V26/><F116/><W131/><G133/><T102/><D130/><U56/><E135/><V91/><F129/><W18/><G131/><T87/><D119/><U37/><E56/><V77/><F110/><W113/><G113/><T41/><D127/><U126/><E126/><V99/><F49/><W3/><G66/><T36/><D104/><U55/><E55/><V111/><F111/><W50/><G3/><T6/><D1/><U128/><E128/><V114/><F114/><W71/><G2/><T47/><D34/><U25/><E25/><V101/><F91/><W97/><G97/><T24/><D24/><U60/><E60/><V108/><F11/><W31/><G31/><T57/><D30/><U20/><E123/><V85/><F85/><W76/><G76/><T4/><D15/><U43/><E37/><V21/><F21/><W27/><G27/><T33/><D33/><U94/><E94/><V105/><F108/><W92/><G92/><T89/><D89/><U5/><E5/><V107/><F107/><W121/><G8/><T22/><D22/><U9/><E20/><V72/><F72/><W117/><G117/><T52/><D100/><U67/><E67/><AGARI ba="2,0" hai="10,12,19,26,29,35,63,67,69,77,79,99,101,105" machi="67" ten="40,2600,0" yaku="25,2" doraHai="39" who="2" fromWho="1" sc="369,0,151,-32,260,32,220,0" /><INIT seed="1,0,0,5,0,79" ten="369,119,292,220" oya="1" hai0="96,95,120,122,1,20,89,37,67,36,45,34,28" hai1="126,38,133,116,134,42,47,2,91,8,105,3,117" hai2="76,0,48,80,59,61,26,112,113,16,108,82,21" hai3="17,35,31,110,100,124,23,111,27,101,12,32,104"/><U125/><E105/><V64/><F0/><W30/><G104/><T5/><D34/><U75/><E91/><V13/><F108/><N who="3" m="41515" /><G100/><T41/><D67/><U73/><E116/><V63/><F48/><W66/><G66/><T102/><D102/><U93/><E93/><V131/><F131/><W54/><G54/><T94/><D95/><U103/><E103/><V52/><F13/><W4/><G101/><T44/><D5/><N who="1" m="1079" /><E117/><V90/><F90/><W68/><G68/><T70/><D70/><U130/><E3/><V51/><F63/><W62/><G62/><T18/><D28/><N who="3" m="10793" /><G124/><N who="1" m="47722" /><E133/><V88/><F88/><W53/><G53/><T33/><D33/><N who="3" m="12873" /><G4/><T99/><D99/><U118/><E118/><V49/><F49/><W121/><G121/><N who="0" m="46699" /><D1/><U135/><E130/><V119/><F119/><W58/><G58/><T72/><D72/><N who="1" m="27723" /><E135/><V50/><F50/><W98/><G98/><T127/><D127/><U7/><E7/><V128/><F128/><W106/><G106/><T85/><D96/><U24/><E24/><AGARI ba="0,0" hai="12,17,23,24,27" m="12873,10793,41515" machi="24" ten="40,5200,0" yaku="14,1,34,2" doraHai="79" who="3" fromWho="1" sc="369,0,119,-52,292,0,220,52" /><INIT seed="2,0,0,5,5,54" ten="369,67,292,272" oya="2" hai0="83,71,127,59,89,134,133,122,113,66,10,72,29" hai1="100,40,82,19,33,78,77,31,91,101,46,23,5" hai2="61,16,2,106,88,35,20,27,81,105,67,125,28" hai3="96,124,44,75,36,95,0,130,21,92,13,51,128"/><V99/><F125/><W68/><G36/><T73/><D122/><U55/><E5/><V60/><F2/><W117/><G75/><T45/><D113/><U11/><E77/><V90/><F61/><W111/><G0/><T4/><D29/><U26/><E91/><V119/><F119/><W107/><G68/><T48/><D71/><U63/><E11/><V85/><F90/><W112/><G117/><T108/><D108/><U56/><E33/><V39/><F39/><W110/><G112/><T25/><D25/><U93/><E93/><V34/><F99/><W109/><G21/><T129/><D129/><N who="3" m="49769" /><G13/><N who="0" m="5319" /><D127/><U52/><E55/><V115/><F115/><W74/><G124/><T80/><D80/><U123/><E31/><V22/><F22/><W94/><G74/><T42/><D89/><U41/><E41/><V37/><F37/><W47/><G51/><T84/><D84/><U43/><E43/><V97/><F97/><W104/><G96/><T79/><D73/><U30/><E30/><V9/><F9/><W49/><G49/><T12/><D12/><U17/><E17/><V102/><F102/><W8/><G8/><T6/><D6/><U53/><E53/><V58/><F35/><W14/><G14/><AGARI ba="0,0" hai="14,16,20,27,28,34,58,60,67,81,85,88,105,106" machi="14" ten="30,11600,0" yaku="7,1,52,1,54,2" doraHai="54" who="2" fromWho="3" sc="369,0,67,0,292,116,272,-116" /><INIT seed="2,1,0,2,0,70" ten="369,67,408,156" oya="2" hai0="52,91,105,35,117,6,43,118,59,103,48,83,126" hai1="12,17,45,46,37,50,114,113,76,107,19,92,119" hai2="8,78,87,124,98,9,40,62,120,57,106,55,2" hai3="47,39,13,89,32,81,132,66,11,21,112,108,72"/><V104/><F120/><W111/><G32/><T36/><D126/><U79/><E107/><V134/><F124/><W71/><G112/><T22/><D35/><U75/><E119/><N who="0" m="45577" /><D103/><U4/><E114/><V30/><F134/><W96/><G132/><T100/><D100/><U24/><E113/><V94/><F2/><W29/><G71/><T3/><D105/><U115/><E75/><V31/><F104/><W15/><G66/><T18/><D6/><U135/><E4/><V77/><F40/><W116/><G116/><T130/><D3/><U82/><E92/><V122/><F106/><W63/><G63/><T128/><D91/><U27/><E27/><V86/><F122/><W74/><G29/><N who="2" m="10761" /><F78/><W64/><G64/><T123/><D83/><U65/><E65/><V127/><F127/><W49/><G21/><T102/><D102/><U1/><E1/><V99/><F77/><W10/><G96/><N who="2" m="36905" /><F87/><W97/><G97/><T61/><D123/><U67/><E67/><V14/><F14/><W25/><G25/><N who="0" m="14551" /><D61/><U131/><E135/><V0/><F0/><W56/><G89/><AGARI ba="1,0" hai="8,9,55,57,62,86,89,94" m="36905,10761" machi="89" ten="30,1500,0" yaku="8,1" doraHai="70" who="2" fromWho="3" sc="369,0,67,0,408,18,156,-18" /><INIT seed="2,2,0,4,5,30" ten="369,67,426,138" oya="2" hai0="32,20,58,25,50,47,64,133,98,107,56,114,124" hai1="29,1,134,99,111,89,86,75,109,108,97,46,41" hai2="96,12,57,37,101,84,11,36,6,2,71,132,0" hai3="42,5,126,127,85,118,59,92,61,81,69,13,135"/><V33/><F71/><W74/><G118/><T125/><D114/><U93/><E1/><V62/><F132/><W73/><G69/><T10/><D133/><U16/><E134/><V129/><F129/><W72/><G135/><T105/><D98/><U116/><E116/><V77/><F37/><W94/><G42/><T112/><D112/><U115/><E75/><V44/><F33/><W67/><G5/><T15/><D32/><U87/><E87/><V51/><F36/><W78/><REACH who="3" step="1"/><G13/><REACH who="3" ten="369,67,426,128" step="2"/><T60/><D125/><AGARI ba="2,1" hai="59,61,67,72,73,74,78,81,85,92,94,125,126,127" machi="125" ten="50,12000,2" yaku="1,1,2,1,18,1,53,3" doraHai="30" doraHaiUra="104" who="3" fromWho="0" sc="369,-126,67,0,426,0,128,136" /><INIT seed="3,0,0,3,4,1" ten="243,67,426,264" oya="3" hai0="5,39,28,106,107,27,67,41,120,102,63,119,7" hai1="45,108,85,23,13,40,100,34,82,98,69,46,93" hai2="113,54,94,118,52,73,114,68,92,59,115,48,42" hai3="57,71,122,26,104,88,43,80,90,87,19,4,116"/><W53/><G71/><T30/><D120/><U124/><E108/><V81/><F73/><W3/><G122/><T65/><D119/><U127/><E69/><V37/><F81/><W18/><G116/><T6/><D102/><U36/><E34/><V83/><F83/><W56/><G104/><N who="0" m="39979" /><D63/><U129/><E129/><V110/><F94/><W79/><G43/><T74/><D74/><U109/><E109/><V62/><F92/><W16/><G26/><T15/><D15/><U14/><E46/><N who="2" m="23887" /><F110/><W97/><G97/><T126/><D126/><U22/><E23/><V24/><F24/><W2/><G57/><T105/><D27/><U50/><E22/><V95/><F95/><W86/><G79/><T9/><D9/><U128/><E128/><V84/><F84/><W32/><G32/><T8/><D8/><U101/><E101/><V132/><F132/><W49/><REACH who="3" step="1"/><G4/><REACH who="3" ten="243,67,426,254" step="2"/><T31/><D105/><U121/><E121/><V75/><F118/><W96/><G96/><T0/><D0/><U134/><E134/><V89/><F75/><W112/><G112/><T130/><D130/><U103/><E103/><V11/><F89/><W99/><G99/><T25/><D25/><U58/><E127/><V61/><F68/><W133/><G133/><T20/><D41/><U55/><REACH who="1" step="1"/><E124/><REACH who="1" ten="243,57,426,254" step="2"/><V47/><F11/><W35/><G35/><T111/><D20/><U131/><E131/><V117/><F117/><W66/><G66/><N who="0" m="25099" /><D111/><U125/><E125/><V76/><F76/><AGARI ba="0,2" hai="13,14,36,40,45,50,55,58,76,82,85,93,98,100" machi="76" ten="30,3900,0" yaku="1,1,7,1,53,1" doraHai="1" doraHaiUra="78" who="1" fromWho="2" sc="243,0,57,59,426,-39,254,0" owari="243,-16.0,116,-38.0,387,49.0,254,5.0" /></mjloggm>