<mjloggm ver="2.3"><GO type="169" lobby="0"/><UN n0="%E3%83%96%E3%83%AB%E3%83%96%E3%83%AB%E3%83%8F%E3%83%BC%E3%83%84" n1="%E3%82%A6%E3%83%AB%E3%83%88%E3%83%A9%E7%AB%8B%E7%9B%B4" n2="%E3%81%8A%E3%81%98%E3%81%95%E3%82%93" n3="%E4%B8%8A%E6%9F%BF%E3%82%81%E3%81%90%E3%81%BF" dan="17,17,18,16" rate="2185.81,2180.93,2242.57,2148.29" sx="M,M,M,F"/><TAIKYOKU oya="0"/><INIT seed="0,0,0,0,1,32" ten="250,250,250,250" oya="0" hai0="52,87,74,55,5,31,45,93,38,76,8,24,102" hai1="42,115,117,57,85,53,62,91,130,78,106,7,12" hai2="123,94,125,50,21,101,112,89,88,103,111,114,9" hai3="116,134,90,54,30,83,4,108,15,77,17,36,58"/><T110/><D110/><U1/><E106/><V113/><F123/><W44/><G116/><T82/><D102/><N who="2" m="38922" /><F21/><W86/><G108/><T100/><D100/><U107/><E117/><V37/><F37/><W72/><G134/><T71/><D71/><U25/><E107/><V126/><F50/><W39/><G30/><T118/><D118/><U128/><E78/><V6/><F111/><W10/><G44/><T18/><D18/><U129/><E115/><V68/><F68/><W14/><G72/><T40/><D93/><U66/><E25/><V98/><F9/><W75/><G15/><T99/><D99/><U20/><E42/><V2/><F6/><W121/><G17/><T63/><D87/><U73/><E73/><V19/><F19/><W48/><REACH who="3" step="1"/><G121/><REACH who="3" ten="250,250,250,240" step="2"/><T124/><D124/><N who="2" m="47722" /><F2/><W26/><G26/><T81/><D63/><U92/><E12/><V41/><F41/><W27/><G27/><T109/><D109/><U22/><E1/><V67/><F67/><W59/><G59/><T23/><D81/><AGARI ba="0,1" hai="4,10,14,36,39,48,54,58,75,77,81,83,86,90" machi="81" ten="30,2000,0" yaku="1,1,7,1,53,0" doraHai="32" doraHaiUra="132" who="3" fromWho="0" sc="250,-20,250,0,250,0,240,30" /><INIT seed="1,0,0,5,3,111" ten="230,250,250,270" oya="1" hai0="95,5,104,54,7,123,26,90,75,51,125,4,94" hai1="135,134,31,101,83,99,69,117,14,131,78,122,129" hai2="1,106,126,0,2,132,105,20,8,103,112,15,28" hai3="118,19,30,109,81,92,128,34,64,85,107,72,68"/><U133/><E69/><V114/><F126/><W52/><G107/><T66/><D104/><N who="1" m="63551" /><E31/><V21/><F132/><W58/><G109/><T119/><D125/><U11/><E14/><V22/><F103/><W86/><G128/><N who="1" m="49226" /><E11/><V62/><F62/><W10/><G64/><T79/><D119/><U80/><E117/><V12/><F28/><W40/><G118/><T59/><D123/><U74/><E83/><V42/><F42/><W38/><G68/><T43/><D43/><U71/><E71/><V53/><F53/><W16/><G40/><T46/><D26/><U48/><E48/><V9/><F0/><W56/><G38/><T108/><D108/><U67/><E67/><V17/><F22/><W93/><G30/><T87/><D66/><U63/><E63/><V13/><F13/><W47/><G34/><T127/><D127/><U23/><E23/><V57/><F17/><W60/><G47/><T44/><D46/><U32/><E32/><V113/><F113/><W3/><G3/><T120/><D44/><U91/><E91/><V35/><F35/><W55/><G81/><N who="0" m="45311" /><D120/><AGARI ba="0,0" hai="74,78,80,120,122,133,134,135" m="49226,63551" machi="120" ten="40,12000,1" yaku="20,1,19,1,23,1,34,2" doraHai="111" who="1" fromWho="0" sc="230,-120,250,120,250,0,270,0" /><INIT seed="1,1,0,1,0,100" ten="110,370,250,270" oya="1" hai0="77,97,43,58,78,12,115,71,114,16,102,82,51" hai1="86,133,73,55,129,132,48,94,54,57,3,5,87" hai2="61,85,47,98,34,46,91,135,113,117,29,110,120" hai3="118,80,88,106,81,18,123,112,122,27,9,74,99"/><U24/><E73/><V49/><F117/><W105/><G9/><T33/><D71/><U0/><E129/><V96/><F120/><N who="3" m="46123" /><G27/><T70/><D33/><U25/><E5/><V119/><F119/><W127/><G18/><T68/><D78/><U126/><E126/><V38/><F110/><W7/><G7/><T72/><D68/><U6/><E6/><V111/><F111/><W125/><G118/><T65/><D70/><U128/><E128/><V103/><F135/><W35/><G35/><T109/><D109/><U101/><E101/><V89/><F38/><W121/><G112/><T66/><D66/><U83/><E94/><V95/><F113/><W20/><G20/><T45/><D58/><U30/><E57/><V11/><F11/><W79/><N who="3" m="46131" /><W40/><DORA hai="62" /><G40/><T76/><D76/><U53/><E53/><V90/><F29/><W28/><G28/><T67/><D114/><U60/><E30/><V2/><F34/><W31/><G31/><T130/><D130/><U23/><E23/><V4/><F4/><W116/><G116/><T52/><D43/><U104/><E3/><V75/><F2/><W19/><G19/><T17/><D115/><U84/><E0/><V15/><F15/><W44/><G44/><T1/><D1/><U14/><E14/><V134/><F46/><W8/><G8/><T50/><D50/><U63/><E48/><V59/><F47/><W10/><G10/><N who="0" m="6167" /><D17/><U64/><E132/><V108/><F134/><W56/><G56/><T26/><D26/><U37/><E133/><V131/><F49/><W39/><G39/><RYUUKYOKU ba="1,0" sc="110,30,370,-10,250,-10,270,-10" hai0="45,51,52,65,67,72,77,82,97,102" /><INIT seed="2,2,0,2,4,20" ten="140,360,240,260" oya="2" hai0="47,26,78,41,5,48,22,116,105,64,69,28,43" hai1="13,44,89,53,52,123,108,73,29,132,15,57,49" hai2="16,86,135,58,35,95,127,126,117,97,27,4,133" hai3="61,39,10,109,63,119,18,55,125,96,67,38,32"/><V129/><F117/><W111/><G32/><T106/><D116/><U50/><E73/><V93/><F4/><W30/><G30/><T79/><D5/><U82/><E108/><N who="3" m="41546" /><G96/><T65/><D43/><U0/><E0/><V8/><F35/><W19/><G119/><T36/><D36/><N who="3" m="13865" /><G10/><T68/><D68/><U130/><E132/><N who="2" m="50763" /><F129/><W9/><G9/><T54/><D69/><U71/><E71/><V107/><F86/><W112/><G112/><T99/><D41/><U6/><E130/><V66/><F107/><W134/><G134/><T72/><D72/><U88/><E123/><V21/><F8/><W31/><G31/><T92/><D105/><U17/><E29/><V62/><F95/><W90/><G125/><T74/><D106/><U81/><E6/><V42/><F42/><W24/><G55/><T120/><D120/><U128/><E128/><V104/><F104/><W101/><G101/><AGARI ba="2,0" hai="16,21,27,58,62,66,93,97,101,126,127" m="50763" machi="101" ten="30,5800,0" yaku="20,1,52,1,54,1" doraHai="20" who="2" fromWho="3" sc="140,0,360,0,240,64,260,-64" /><INIT seed="2,3,0,0,4,134" ten="140,360,304,196" oya="2" hai0="71,114,103,80,130,124,102,47,91,92,121,11,99" hai1="73,74,104,128,79,117,6,111,0,68,100,24,16" hai2="21,7,26,119,94,42,3,25,41,35,32,88,58" hai3="123,87,39,55,15,120,34,57,28,82,76,105,36"/><V40/><F119/><W19/><G105/><T66/><D121/><U48/><E68/><V116/><F116/><W1/><G1/><T98/><D114/><U129/><E117/><V84/><F26/><W67/><G67/><T33/><D130/><N who="1" m="50283" /><E79/><V61/><F7/><W96/><G39/><T5/><D33/><U132/><E132/><V77/><F77/><W37/><G36/><T43/><D71/><U135/><E135/><V45/><F45/><W122/><G37/><T62/><D62/><U95/><E104/><V2/><F2/><W70/><G70/><T106/><D66/><U17/><E111/><V64/><REACH who="2" step="1"/><F3/><REACH who="2" ten="140,360,294,196" step="2"/><W49/><G120/><T108/><D47/><U90/><E6/><V29/><AGARI ba="3,1" hai="21,25,29,32,35,40,41,42,58,61,64,84,88,94" machi="29" ten="30,11700,0" yaku="1,1,2,1,0,1,54,1,53,0" doraHai="134" doraHaiUra="93" who="2" fromWho="2" sc="140,-42,360,-42,294,136,196,-42" /><INIT seed="2,4,0,1,5,117" ten="98,318,430,154" oya="2" hai0="49,14,108,52,23,103,3,24,86,8,32,55,35" hai1="120,30,27,38,116,119,59,70,40,21,111,113,118" hai2="121,39,89,91,66,122,22,106,102,48,34,31,132" hai3="96,134,10,77,0,72,17,73,11,130,43,6,80"/><V81/><F39/><W74/><G130/><T128/><D3/><U47/><E70/><V65/><F34/><W95/><G134/><T19/><D128/><U68/><E68/><V37/><F37/><W92/><G92/><T131/><D108/><U15/><E113/><V26/><F132/><W57/><G57/><T25/><D131/><U87/><E111/><V78/><F91/><W51/><G51/><T110/><D110/><U20/><E87/><V67/><F89/><W13/><REACH who="3" step="1"/><G43/><REACH who="3" ten="98,318,430,144" step="2"/><T124/><D124/><U109/><E109/><V7/><F48/><W104/><G104/><T29/><D103/><AGARI ba="4,1" hai="0,6,10,11,13,17,72,73,74,77,80,95,96,103" machi="103" ten="30,2000,0" yaku="1,1,7,1,53,0" doraHai="117" doraHaiUra="129" who="3" fromWho="0" sc="98,-32,318,0,430,0,144,42" /><INIT seed="3,0,0,4,1,118" ten="66,318,430,186" oya="3" hai0="39,43,112,76,116,91,11,34,85,81,42,101,73" hai1="63,105,19,113,61,28,21,130,132,25,70,20,80" hai2="115,121,23,0,98,89,48,120,95,106,9,51,41" hai3="56,127,31,2,135,8,119,4,122,125,102,126,124"/><W109/><N who="3" m="31744" /><DORA hai="10" /><W49/><G119/><T67/><D116/><U60/><E105/><V52/><F115/><W77/><G135/><T69/><D112/><U26/><E130/><V24/><F106/><W90/><G102/><T114/><D114/><U68/><E113/><V79/><F79/><W47/><G77/><T103/><D34/><U40/><E132/><V123/><F41/><N who="3" m="24815" /><G109/><T65/><D11/><U92/><E80/><V22/><F51/><W54/><G31/><T58/><D69/><U5/><E40/><V45/><F24/><W84/><G122/><T62/><D65/><U37/><E37/><V99/><F98/><W17/><G17/><T27/><D27/><U38/><E38/><V134/><F134/><W3/><G56/><T55/><D67/><U111/><E111/><V129/><F129/><W75/><G54/><T46/><REACH who="0" step="1"/><D42/><REACH who="0" ten="56,318,430,186" step="2"/><U14/><E68/><V30/><F30/><W35/><G35/><T44/><D44/><U133/><E70/><V59/><F45/><W13/><G75/><T78/><D78/><U100/><E133/><V32/><F32/><W33/><G33/><T108/><D108/><U131/><E131/><V82/><F123/><W53/><G53/><T87/><D87/><U93/><E100/><V96/><F121/><W117/><G117/><T12/><D12/><U83/><E26/><V1/><F120/><W86/><G84/><T18/><D18/><U94/><E5/><V88/><F59/><W64/><G64/><T107/><D107/><U15/><E15/><V128/><F128/><W71/><G71/><T7/><D7/><RYUUKYOKU ba="0,1" sc="56,10,318,10,430,-30,186,10" hai0="39,43,46,55,58,62,73,76,81,85,91,101,103" hai1="14,19,20,21,25,28,60,61,63,83,92,93,94" hai3="2,3,4,8,13,86,90" /><INIT seed="3,1,1,1,0,73" ten="66,328,400,196" oya="3" hai0="135,53,13,78,113,18,134,37,16,24,133,61,35" hai1="46,28,31,99,67,130,62,56,6,22,129,25,12" hai2="75,47,109,5,111,26,131,32,85,128,80,3,7" hai3="57,89,124,60,132,122,64,107,127,88,9,29,120"/><W15/><G107/><T2/><D2/><U79/><E31/><N who="2" m="19575" /><F75/><W44/><G29/><N who="0" m="19879" /><D37/><U81/><E46/><V45/><F45/><W106/><G106/><T110/><D110/><N who="2" m="41994" /><F47/><W112/><G112/><T55/><D113/><U30/><E30/><V72/><F72/><W101/><G101/><T96/><D96/><U82/><E81/><V27/><F27/><W19/><G132/><T117/><D117/><U93/><E6/><N who="2" m="2059" /><F3/><W83/><G44/><T91/><D91/><AGARI ba="1,1" hai="80,85,91,128,131" m="2059,41994,19575" machi="91" ten="30,1000,0" yaku="14,1" doraHai="73" who="2" fromWho="0" sc="66,-13,328,0,400,23,196,0" /><INIT seed="4,0,0,4,5,23" ten="53,328,423,196" oya="0" hai0="52,56,114,68,55,49,74,95,79,88,106,57,59" hai1="20,3,89,34,53,7,38,101,29,117,134,39,81" hai2="50,115,135,5,98,21,105,102,48,0,30,100,133" hai3="18,85,72,129,35,86,132,113,107,37,25,97,90"/><T121/><D121/><U10/><E117/><V96/><F115/><W94/><G37/><T43/><D114/><U76/><E134/><V80/><F80/><W51/><G113/><T84/><D68/><U58/><E101/><V70/><F70/><W1/><G1/><T4/><D106/><U78/><E34/><V31/><F21/><N who="3" m="13495" /><G35/><T82/><D4/><U104/><E89/><V15/><F15/><W116/><G72/><T111/><D111/><U14/><E78/><V27/><F27/><W83/><G107/><T60/><D43/><U9/><E104/><V33/><F105/><W124/><G116/><T93/><D57/><U119/><E119/><V126/><F33/><W131/><G132/><T42/><D42/><U125/><E125/><V26/><F26/><W44/><G124/><T12/><D12/><U54/><E54/><V66/><F126/><W6/><G6/><T71/><REACH who="0" step="1"/><D71/><REACH who="0" ten="43,328,423,196" step="2"/><U109/><E109/><V108/><F5/><W36/><G129/><T127/><D127/><U13/><E14/><V75/><F135/><W130/><G131/><T45/><D45/><U41/><E41/><V16/><F133/><W77/><G130/><T32/><D32/><U11/><E13/><V17/><F108/><W120/><G120/><T99/><D99/><U73/><E7/><V128/><F128/><W61/><G44/><T112/><D112/><U40/><E40/><V67/><F0/><W103/><G97/><T22/><D22/><U69/><E69/><V118/><F118/><W64/><G36/><T47/><D47/><U91/><E38/><V8/><F8/><RYUUKYOKU ba="0,1" sc="43,15,328,-15,423,15,196,-15" hai0="49,52,55,56,59,60,74,79,82,84,88,93,95" hai2="16,17,30,31,48,50,66,67,75,96,98,100,102" /><INIT seed="4,1,1,3,1,7" ten="58,313,438,181" oya="0" hai0="41,107,97,109,75,37,111,112,90,18,36,55,93" hai1="25,2,95,53,76,134,68,17,132,11,130,125,69" hai2="87,10,91,30,101,100,62,40,116,105,51,71,88" hai3="0,119,13,24,34,120,50,77,92,79,16,78,4"/><T94/><D107/><U65/><E65/><V115/><F115/><W98/><G119/><T96/><D75/><U42/><E42/><V127/><F30/><W15/><G120/><T14/><D55/><U113/><E113/><V74/><F74/><W106/><G106/><T38/><D41/><U20/><E76/><V102/><F105/><W131/><G131/><T124/><D112/><U46/><E130/><V26/><F26/><W12/><G0/><T84/><D124/><U39/><E125/><V44/><F116/><W56/><G4/><T5/><D5/><N who="1" m="1463" /><E95/><V117/><F117/><W6/><G6/><T21/><REACH who="0" step="1"/><D84/><REACH who="0" ten="48,313,438,181" step="2"/><U67/><E67/><N who="2" m="41463" /><F87/><W47/><G78/><T48/><D48/><U110/><E39/><V123/><F127/><W9/><G77/><T135/><D135/><N who="1" m="51755" /><E110/><V45/><F51/><AGARI ba="1,2" hai="17,20,25,46,51,53,68,69" m="51755,1463" machi="51" ten="30,2000,0" yaku="20,1,52,1" doraHai="7" who="1" fromWho="2" sc="48,0,313,43,438,-23,181,0" /><INIT seed="5,0,0,5,1,40" ten="48,356,415,181" oya="1" hai0="135,102,98,66,55,13,29,5,42,48,90,24,89" hai1="127,118,93,130,117,63,79,80,95,113,2,78,36" hai2="125,85,119,104,23,1,121,82,81,50,100,107,46" hai3="45,37,128,11,73,47,7,6,58,28,38,76,109"/><U22/><E2/><V105/><F119/><W106/><G106/><T49/><D135/><U8/><E36/><V19/><F1/><W53/><G109/><T70/><D42/><U131/><E8/><V4/><F4/><W101/><G101/><T96/><D96/><U30/><E30/><V43/><F121/><W86/><G73/><T27/><D27/><U31/><E31/><V57/><F125/><W134/><G28/><T0/><D0/><U56/><E22/><V20/><F20/><W94/><G38/><T112/><D49/><U88/><E127/><V61/><F85/><W103/><G37/><T12/><D12/><U21/><E21/><V108/><F100/><W41/><G41/><T92/><D112/><U133/><E133/><V60/><F60/><W91/><G134/><T39/><D39/><U83/><E113/><V110/><F81/><N who="1" m="31305" /><E56/><V126/><F82/><N who="3" m="47431" /><G103/><T99/><D99/><N who="1" m="57767" /><E63/><V69/><F69/><W65/><G11/><T59/><D66/><U16/><E16/><V26/><F126/><W116/><G65/><T18/><D5/><N who="3" m="1545" /><G116/><N who="1" m="44650" /><E95/><V74/><F19/><W111/><G58/><T67/><D67/><U51/><E51/><V122/><F23/><W44/><G53/><T123/><D70/><U9/><E9/><V72/><F50/><W120/><G94/><T52/><D55/><U87/><E87/><V75/><F57/><W3/><G3/><T124/><D124/><U115/><E115/><V14/><F26/><W34/><G34/><N who="0" m="20775" /><D18/><U32/><E32/><V35/><F35/><W129/><G45/><T84/><D59/><U114/><E114/><RYUUKYOKU ba="0,0" sc="48,-10,356,30,415,-10,181,-10" hai1="78,79,130,131" /><INIT seed="5,1,0,4,2,32" ten="38,386,405,171" oya="1" hai0="125,97,113,53,59,18,74,9,29,42,49,103,99" hai1="3,119,57,120,121,60,124,6,98,127,109,38,37" hai2="133,1,34,134,123,44,55,12,39,95,24,28,93" hai3="132,47,41,108,70,114,7,106,0,101,128,22,131"/><U56/><E98/><V16/><F1/><W36/><G108/><T51/><D74/><U110/><E6/><V87/><F123/><N who="1" m="47177" /><E3/><V20/><F87/><W79/><G22/><T84/><D125/><N who="1" m="48203" /><E119/><V111/><F111/><N who="1" m="42505" /><E57/><V71/><F93/><W14/><G7/><T10/><D113/><U92/><E92/><V104/><F95/><W27/><G114/><T21/><D29/><U30/><E30/><V25/><F28/><W52/><G0/><T11/><D84/><U63/><E63/><V69/><F34/><W26/><G101/><T90/><D90/><U91/><E91/><V33/><F33/><W64/><G79/><T66/><D66/><AGARI ba="1,0" hai="37,38,56,60,66" m="42505,48203,47177" machi="66" ten="40,12000,1" yaku="18,1,10,1,34,2" doraHai="32" who="1" fromWho="0" sc="38,-123,386,123,405,0,171,0" owari="-85,-59.0,509,61.0,405,21.0,171,-23.0" /></mjloggm>