<mjloggm ver="2.3"><GO type="169" lobby="0"/><UN n0="%E3%81%99%E3%81%9F%E3%83%BC%E3%82%89%E3%81%84%E3%81%A8%E3%81%B3%E3%83%BC" n1="%E2%98%85%E3%81%84%E3%81%8A%E3%82%8A%E3%82%93%E2%98%85" n2="%E3%82%A6%E3%83%AB%E3%83%88%E3%83%A9%E7%AB%8B%E7%9B%B4" n3="%E3%81%B2%E3%81%90%E3%81%A1" dan="16,16,17,16" rate="2158.79,2143.00,2131.89,2060.84" sx="M,F,M,M"/><TAIKYOKU oya="0"/><INIT seed="0,0,0,3,3,54" ten="250,250,250,250" oya="0" hai0="116,105,87,77,16,88,125,20,60,134,28,70,92" hai1="73,34,21,55,53,96,26,38,100,104,131,129,18" hai2="75,84,79,37,80,46,45,23,102,30,95,2,24" hai3="91,40,123,42,74,113,69,3,51,112,32,0,127"/><T6/><D116/><U12/><E38/><V4/><F37/><W128/><G51/><T118/><D118/><U9/><E73/><V117/><F117/><W61/><G91/><T86/><D134/><U5/><REACH who="1" step="1"/><E34/><REACH who="1" ten="250,240,250,250" step="2"/><V115/><F115/><W7/><G74/><T106/><D125/><U110/><E110/><V41/><F75/><W135/><G32/><T124/><D124/><U71/><E71/><V29/><F41/><W33/><G33/><T8/><D28/><U64/><E64/><V119/><F119/><W31/><G69/><T62/><D70/><U10/><E10/><V107/><F30/><W43/><G31/><T85/><D77/><U83/><E83/><V47/><F80/><W44/><G127/><T78/><D78/><U111/><E111/><V81/><F79/><W98/><G42/><T65/><D65/><U97/><E97/><V89/><F81/><W82/><G82/><T68/><D68/><U59/><E59/><V120/><F120/><W121/><G98/><N who="0" m="57607" /><D106/><U36/><E36/><V63/><F107/><W56/><G123/><T22/><D105/><U133/><E133/><V103/><F46/><W11/><G135/><T35/><D35/><U13/><E13/><V25/><F47/><W130/><G121/><T15/><D20/><U99/><E99/><V39/><F45/><W101/><G112/><T114/><D114/><U17/><E17/><V72/><F39/><W50/><G113/><T67/><D67/><U126/><E126/><V93/><F72/><W58/><G40/><T19/><D19/><U27/><E27/><AGARI ba="0,1" hai="6,8,15,16,22,27,60,62,85,86,87" m="57607" machi="27" ten="30,5800,0" yaku="8,1,54,2" doraHai="54" who="0" fromWho="1" sc="250,68,240,-58,250,0,250,0" /><INIT seed="0,1,0,2,2,41" ten="318,182,250,250" oya="0" hai0="20,38,125,72,121,64,100,115,35,37,39,107,79" hai1="46,56,51,6,57,23,104,91,54,26,25,47,93" hai2="49,71,13,27,95,69,124,119,2,17,129,30,89" hai3="34,31,83,59,78,130,3,60,44,106,19,132,82"/><T88/><D121/><U62/><E104/><V98/><F2/><W8/><G106/><T61/><D115/><U97/><E6/><V7/><F119/><W40/><G132/><T67/><D35/><U127/><E127/><V58/><F7/><W103/><G103/><T10/><D125/><U36/><E36/><V77/><F129/><W24/><G130/><T113/><D113/><U42/><E42/><V53/><F124/><W0/><G83/><T109/><D109/><U110/><E110/><V33/><F77/><W68/><G68/><T63/><D10/><AGARI ba="1,0" hai="10,13,17,27,30,33,49,53,58,69,71,89,95,98" machi="10" ten="30,1000,0" yaku="7,1" doraHai="41" who="2" fromWho="0" sc="318,-13,182,0,250,13,250,0" /><INIT seed="1,0,0,1,0,59" ten="305,182,263,250" oya="1" hai0="99,135,68,35,92,28,78,88,32,20,44,89,113" hai1="30,0,41,103,62,83,122,74,84,132,47,128,48" hai2="69,52,15,71,90,72,91,66,106,53,129,118,87" hai3="120,116,23,40,110,14,127,114,16,6,77,64,42"/><U1/><E122/><V97/><F72/><W104/><G104/><T22/><D113/><U46/><E132/><V102/><F118/><W51/><G120/><T119/><D119/><U117/><E117/><V115/><F115/><W126/><G77/><T26/><D68/><U86/><E128/><V18/><F129/><W2/><G114/><T133/><D78/><U124/><E124/><N who="3" m="47658" /><G110/><T63/><D44/><U39/><E30/><V109/><F109/><W36/><G36/><T27/><D89/><U55/><E103/><V65/><F91/><W82/><G82/><T80/><D80/><U101/><E101/><V76/><F76/><W96/><G96/><T3/><D3/><U85/><E74/><V130/><F130/><W121/><G121/><T7/><D7/><U54/><REACH who="1" step="1"/><E83/><REACH who="1" ten="305,172,263,250" step="2"/><V94/><F71/><W134/><G116/><T95/><D135/><U98/><E98/><V61/><REACH who="2" step="1"/><F65/><REACH who="2" ten="305,172,253,250" step="2"/><W17/><G64/><T57/><D133/><U9/><E9/><AGARI ba="0,2" hai="9,15,18,52,53,61,66,69,87,90,94,97,102,106" machi="9" ten="30,12000,2" yaku="1,1,2,1,7,1,52,1,54,1,53,1" doraHai="59" doraHaiUra="10" who="2" fromWho="1" sc="305,0,172,-120,253,140,250,0" /><INIT seed="2,0,0,0,0,18" ten="305,52,393,250" oya="2" hai0="57,51,96,114,36,5,69,131,84,3,130,22,72" hai1="88,1,135,113,111,0,67,8,37,42,116,58,12" hai2="2,23,132,62,25,98,124,103,76,112,117,107,129" hai3="14,53,55,27,125,56,64,74,123,28,128,24,61"/><V59/><F2/><W15/><G74/><T104/><D72/><U52/><E113/><V63/><F112/><W115/><G123/><T94/><D36/><U50/><E116/><V97/><F117/><W126/><G128/><T95/><D69/><U65/><E135/><V77/><F132/><W39/><G39/><T10/><D114/><U33/><E33/><V90/><F129/><W11/><G24/><T32/><D32/><U70/><E111/><V93/><F63/><W109/><G14/><T73/><D73/><U101/><E101/><V4/><F4/><W46/><G46/><T68/><D68/><U87/><E67/><V35/><F35/><W120/><G109/><T48/><D104/><U82/><E65/><V17/><REACH who="2" step="1"/><F124/><REACH who="2" ten="305,52,383,250" step="2"/><W66/><G115/><T85/><D5/><U47/><REACH who="1" step="1"/><E70/><REACH who="1" ten="305,42,383,250" step="2"/><V71/><F71/><W92/><G126/><T79/><D130/><U40/><E40/><V78/><F78/><W86/><G125/><T133/><D79/><U16/><AGARI ba="0,2" hai="0,1,8,12,16,37,42,47,50,52,58,82,87,88" machi="16" ten="20,12000,2" yaku="1,1,0,1,7,1,54,3,53,0" doraHai="18" doraHaiUra="134" who="1" fromWho="1" sc="305,-30,42,140,383,-60,250,-30" /><INIT seed="3,0,0,4,5,127" ten="275,182,323,220" oya="3" hai0="46,121,63,43,91,22,118,115,90,134,124,24,36" hai1="1,64,112,62,135,49,26,117,131,128,130,23,73" hai2="98,50,70,3,16,116,11,94,106,81,28,84,45" hai3="99,85,6,129,25,120,9,88,133,122,27,31,13"/><W89/><G133/><T48/><D118/><U113/><E135/><V51/><F70/><W58/><G27/><T2/><D2/><U56/><E117/><V71/><F71/><W7/><G7/><T38/><D134/><U80/><E1/><V86/><F51/><W12/><G12/><T107/><D107/><U74/><E49/><V35/><F106/><W100/><G89/><T8/><D8/><U119/><E119/><V105/><F105/><W69/><G69/><T125/><D121/><U65/><E65/><V0/><F86/><W39/><G39/><T93/><D63/><U114/><REACH who="1" step="1"/><E80/><REACH who="1" ten="275,172,323,220" step="2"/><V109/><F0/><W87/><G122/><T41/><D48/><U101/><E101/><V40/><F3/><W53/><G120/><T34/><D124/><U52/><E52/><V95/><F81/><W57/><G100/><T54/><D125/><U68/><E68/><V33/><F116/><W126/><G126/><T37/><D54/><U19/><AGARI ba="0,1" hai="19,23,26,56,62,64,73,74,112,113,114,128,130,131" machi="19" ten="40,12000,2" yaku="1,1,0,1,19,1,52,3,53,0" doraHai="127" doraHaiUra="92" who="1" fromWho="1" sc="275,-30,172,130,323,-30,220,-60" /><INIT seed="4,0,0,1,5,34" ten="245,302,293,160" oya="0" hai0="88,16,20,98,6,28,84,108,35,112,109,79,83" hai1="68,48,5,103,21,9,3,12,32,69,24,65,46" hai2="43,133,63,75,45,119,105,85,36,19,38,58,11" hai3="64,123,90,30,93,115,33,134,86,129,41,51,95"/><T127/><D112/><U13/><E103/><V62/><F105/><W1/><G64/><T42/><D42/><U128/><E128/><V116/><F75/><W101/><G115/><T113/><D113/><U55/><E32/><V125/><F85/><W89/><G129/><T118/><D118/><N who="2" m="45098" /><F19/><W10/><G101/><T99/><D127/><U110/><E110/><N who="0" m="42601" /><D6/><U52/><E55/><N who="2" m="34143" /><F11/><W121/><G134/><T71/><D71/><U106/><E106/><V80/><F80/><W7/><G30/><T97/><D35/><U25/><E25/><V61/><F133/><W2/><G33/><T117/><D117/><U107/><E107/><V87/><F87/><W130/><G130/><T77/><D28/><U91/><E91/><V131/><F131/><W31/><G31/><T73/><D73/><U4/><E4/><V126/><F36/><W40/><G51/><T27/><AGARI ba="0,0" hai="16,20,27,77,79,83,84,88,97,98,99" m="42601" machi="27" ten="30,6000,0" yaku="10,1,54,2" doraHai="34" who="0" fromWho="0" sc="245,60,302,-20,293,-20,160,-20" /><INIT seed="4,1,0,5,4,91" ten="305,282,273,140" oya="0" hai0="26,66,102,55,108,89,90,97,85,45,49,5,29" hai1="10,15,100,20,119,81,47,101,135,111,74,131,76" hai2="13,21,37,42,51,104,110,33,70,3,32,58,80" hai3="56,99,106,113,107,9,69,77,40,78,120,61,64"/><T12/><D108/><U63/><E119/><V27/><F3/><W35/><G40/><T52/><D66/><U129/><E111/><V123/><F70/><W87/><G113/><T24/><D55/><U103/><E135/><V72/><F104/><W44/><G44/><T75/><D75/><U67/><E20/><V1/><F1/><W31/><G9/><T4/><D89/><U19/><REACH who="1" step="1"/><E47/><REACH who="1" ten="305,272,273,140" step="2"/><V39/><F21/><W41/><G120/><T88/><D26/><U124/><E124/><V46/><F27/><W79/><G35/><T14/><D24/><U43/><E43/><V73/><F42/><W116/><G41/><T48/><D29/><U96/><E96/><V132/><F46/><W0/><G31/><T92/><D48/><U84/><E84/><V18/><F51/><W59/><G116/><T22/><D22/><U60/><E60/><V38/><F33/><W36/><G36/><T109/><D109/><U23/><E23/><V2/><F32/><W17/><G87/><T68/><D68/><AGARI ba="1,1" hai="10,15,19,63,67,68,74,76,81,100,101,103,129,131" machi="68" ten="40,1300,0" yaku="1,1,53,0" doraHai="91" doraHaiUra="93" who="1" fromWho="0" sc="305,-16,272,26,273,0,140,0" /><INIT seed="5,0,0,1,3,54" ten="289,298,273,140" oya="1" hai0="122,63,46,115,76,13,30,23,15,105,44,2,0" hai1="33,79,74,70,25,100,101,85,127,53,3,72,90" hai2="128,114,61,83,21,4,11,87,134,19,102,68,50" hai3="104,125,49,51,77,110,66,62,20,117,103,6,16"/><U92/><E70/><V118/><F118/><W89/><G110/><T18/><D105/><U43/><E43/><V34/><F34/><W113/><G117/><T47/><D115/><U41/><E41/><V96/><F128/><W82/><G113/><T116/><D116/><U86/><E3/><V57/><F114/><W42/><G6/><T107/><D107/><U60/><E25/><V131/><F50/><W120/><G89/><T31/><D76/><U88/><E33/><V84/><F68/><W129/><G120/><T5/><D63/><U95/><E127/><V29/><F29/><W9/><G9/><T78/><D78/><U58/><REACH who="1" step="1"/><E79/><REACH who="1" ten="289,288,273,140" step="2"/><V56/><F131/><W12/><G129/><T133/><D122/><U65/><E65/><V69/><F69/><W112/><G125/><T73/><D0/><U123/><E123/><V28/><F28/><W80/><G112/><T71/><D71/><U35/><E35/><V94/><F134/><W111/><G111/><T48/><D30/><U130/><E130/><V24/><F61/><W124/><G124/><T93/><D31/><U81/><E81/><V17/><F17/><W1/><G82/><T45/><D133/><U38/><E38/><V26/><F26/><W36/><G1/><T14/><D2/><U32/><E32/><V37/><F37/><W55/><G66/><T52/><D18/><U119/><E119/><V64/><F64/><W132/><G132/><T67/><D67/><U106/><E106/><V59/><F83/><W121/><G121/><T97/><N who="0" m="11264" /><DORA hai="108" /><T98/><D13/><AGARI ba="0,1" hai="4,11,13,19,21,24,56,57,59,84,87,94,96,102" machi="13" ten="40,8000,1" yaku="8,1,52,3" doraHai="54,108" who="2" fromWho="0" sc="289,-80,288,0,273,90,140,0" /><INIT seed="6,0,0,5,0,58" ten="209,288,363,140" oya="2" hai0="106,61,76,35,24,121,10,22,18,11,41,116,123" hai1="19,6,101,93,103,69,124,117,20,108,62,79,96" hai2="113,114,120,132,105,13,118,107,88,77,15,34,78" hai3="36,3,16,48,110,25,70,109,54,33,50,94,32"/><V104/><F34/><W31/><G36/><T1/><D106/><U23/><E117/><V43/><F118/><W128/><G128/><T84/><D116/><U63/><E108/><V112/><F43/><W98/><G3/><T8/><D1/><U5/><E124/><V37/><F37/><W80/><G32/><T87/><D41/><U73/><E73/><V59/><F120/><W0/><G0/><T40/><D40/><U47/><E69/><V46/><F46/><W111/><G70/><T68/><D35/><U12/><E79/><N who="2" m="30219" /><F132/><W30/><G80/><T86/><REACH who="0" step="1"/><D76/><REACH who="0" ten="199,288,363,140" step="2"/><U53/><E103/><V91/><F107/><W129/><G129/><T4/><D4/><N who="1" m="1643" /><E20/><V99/><F105/><W133/><G133/><T38/><D38/><U83/><E83/><V21/><F104/><W100/><G33/><T97/><D97/><U49/><AGARI ba="0,1" hai="12,19,23,47,49,53,62,63,93,96,101" m="1643" machi="49" ten="30,4000,0" yaku="8,1,52,2" doraHai="58" who="1" fromWho="1" sc="199,-10,288,50,363,-20,140,-10" /><INIT seed="7,0,0,5,4,77" ten="189,338,343,130" oya="3" hai0="13,17,65,128,109,24,110,34,102,3,55,6,120" hai1="37,14,41,18,9,32,132,98,0,122,90,95,50" hai2="103,104,23,47,92,105,121,112,85,100,2,15,87" hai3="71,89,61,88,119,27,51,66,75,111,40,29,25"/><W91/><G119/><T97/><D120/><U38/><E122/><V81/><F2/><W84/><G75/><T134/><D65/><U54/><E32/><V72/><F72/><W106/><G106/><T114/><D114/><U59/><E132/><V39/><F39/><W62/><G111/><T57/><D6/><U52/><E41/><V1/><F1/><W76/><G62/><T22/><D3/><U67/><E67/><V113/><F121/><W58/><G71/><T42/><D42/><U135/><E135/><V73/><F47/><W31/><G40/><T99/><D99/><U53/><E0/><V48/><F48/><W19/><G51/><T82/><D82/><U26/><E26/><N who="3" m="9738" /><G19/><T64/><D64/><U21/><E9/><V63/><F104/><W36/><G36/><T131/><D134/><U130/><E130/><N who="0" m="49705" /><D24/><U44/><E53/><V30/><F113/><W33/><G33/><T7/><D7/><U49/><AGARI ba="0,0" hai="14,18,21,37,38,44,49,50,52,54,59,90,95,98" machi="49" ten="20,2700,0" yaku="0,1,7,1,54,1" doraHai="77" who="1" fromWho="1" sc="189,-7,338,27,343,-7,130,-13" owari="182,-22.0,365,46.0,336,14.0,117,-38.0" /></mjloggm>