<mjloggm ver="2.3"><GO type="97" lobby="0"/><UN n0="%74%65%7A%75%74%63%68" n1="%69%6D%75%72%6F" n2="%E8%B7%AF%E5%9C%B0%E8%A3%8F%E3%81%AE%E3%81%B2%E3%81%BE%E3%82%8F%E3%82%8A" n3="%E5%B0%B1%E6%B4%BB%E7%94%9F%40%E5%B7%9D%E6%9D%91%E8%BB%8D%E5%9B%A3" dan="15,14,15,15" rate="1991.38,1941.12,1988.81,2002.80" sx="M,M,M,M"/><TAIKYOKU oya="0"/><INIT seed="0,0,0,4,3,75" ten="250,250,250,250" oya="0" hai0="47,128,21,52,106,57,109,9,55,85,42,99,74" hai1="89,62,7,24,126,41,77,76,117,15,69,116,59" hai2="33,31,122,12,30,0,54,98,88,108,34,112,32" hai3="102,6,133,84,40,93,107,18,1,29,22,4,27"/><T25/><D74/><U17/><E69/><V96/><F112/><W111/><G133/><T103/><D9/><U83/><E116/><V104/><F0/><W86/><G111/><T48/><D109/><U97/><E117/><V64/><F122/><W110/><G110/><T120/><D128/><U46/><E126/><V94/><F64/><W78/><G107/><T26/><D120/><U135/><E135/><V50/><F108/><W73/><G73/><T95/><D55/><U65/><E24/><V118/><F118/><W20/><G40/><T100/><D21/><U35/><E35/><V51/><F12/><N who="3" m="9287" /><G1/><T113/><D113/><U90/><E7/><N who="3" m="2602" /><G78/><N who="1" m="30314" /><E83/><V115/><F115/><W124/><G124/><T56/><D56/><U123/><E123/><V13/><F13/><W91/><G102/><T60/><REACH who="0" step="1"/><D103/><REACH who="0" ten="240,250,250,250" step="2"/><U63/><E59/><V71/><F34/><W16/><G29/><T44/><D44/><U105/><E46/><V5/><F32/><W58/><G58/><T61/><D61/><U14/><E62/><V134/><F33/><W49/><G49/><T43/><D43/><U66/><E41/><V68/><F51/><W130/><G130/><T11/><D11/><U37/><E63/><V2/><F134/><W92/><G91/><AGARI ba="0,1" hai="25,26,42,47,48,52,57,60,85,91,95,99,100,106" machi="91" ten="40,12000,1" yaku="1,1,54,1,53,2" doraHai="75" doraHaiUra="23" who="0" fromWho="3" sc="240,130,250,0,250,0,250,-120" /><INIT seed="0,1,0,2,2,60" ten="370,250,250,130" oya="0" hai0="61,83,94,21,101,85,7,80,31,66,48,26,45" hai1="77,35,18,30,107,69,49,111,57,47,91,76,89" hai2="25,8,134,93,95,73,3,115,6,116,128,40,39" hai3="135,108,113,129,4,72,44,34,133,87,121,38,56"/><T102/><D7/><U82/><E111/><V118/><F115/><W10/><G72/><T97/><D102/><U58/><E69/><V29/><F134/><N who="3" m="51211" /><G34/><T74/><D74/><U104/><E18/><V19/><F128/><W70/><G70/><T90/><D61/><U43/><E35/><N who="2" m="20911" /><F19/><W106/><G106/><T51/><D51/><U5/><E30/><V109/><F73/><W41/><G113/><T65/><D80/><U23/><E23/><V96/><F109/><W0/><G108/><T64/><D64/><U81/><E104/><V98/><F40/><AGARI ba="1,0" hai="21,26,31,40,45,48,65,66,83,85,90,94,97,101" machi="40" ten="30,11600,0" yaku="7,1,8,1,52,2" doraHai="60" who="0" fromWho="2" sc="370,119,250,0,250,-119,130,0" /><INIT seed="0,2,0,2,3,4" ten="489,250,131,130" oya="0" hai0="108,104,3,120,16,28,119,73,78,25,63,105,110" hai1="69,72,15,60,109,115,93,64,82,100,91,59,96" hai2="43,21,98,103,113,51,17,54,46,23,31,107,29" hai3="12,40,13,10,77,30,102,90,106,53,81,9,121"/><T67/><D3/><U38/><E109/><N who="0" m="42089" /><D120/><U2/><E2/><V27/><F113/><W7/><G121/><T34/><D119/><U58/><E115/><V18/><REACH who="2" step="1"/><F43/><REACH who="2" ten="489,250,121,130" step="2"/><W89/><G40/><T33/><D33/><U39/><E69/><V79/><F79/><W0/><G0/><T75/><D78/><U116/><E116/><V114/><F114/><W41/><G41/><T5/><D75/><U74/><E72/><V133/><F133/><W125/><G125/><T24/><D73/><U42/><E74/><V76/><F76/><W68/><G68/><N who="0" m="42111" /><D5/><U129/><E42/><V26/><AGARI ba="2,1" hai="17,18,21,23,26,27,29,31,46,51,54,98,103,107" machi="26" ten="20,5200,0" yaku="1,1,0,1,7,1,9,1,53,0" doraHai="4" doraHaiUra="70" who="2" fromWho="2" sc="489,-28,250,-15,121,68,130,-15" /><INIT seed="1,0,0,0,4,116" ten="461,235,189,115" oya="1" hai0="92,33,24,74,88,67,100,8,36,39,77,4,7" hai1="18,21,125,123,108,51,12,9,68,49,63,76,55" hai2="106,78,13,87,73,52,98,65,29,127,41,16,132" hai3="124,28,3,50,59,110,2,27,45,129,99,53,82"/><U80/><E125/><V1/><F73/><W69/><G69/><T93/><D7/><U5/><E108/><V86/><F1/><W56/><G124/><T84/><D67/><U75/><E123/><V44/><F127/><W101/><G110/><T61/><D61/><U128/><E128/><V30/><F132/><W115/><G115/><T58/><D58/><U134/><E134/><V17/><F65/><W119/><G119/><T83/><D33/><U34/><E34/><V26/><F78/><W11/><G129/><T35/><D35/><U131/><E131/><V23/><F106/><W135/><G135/><T72/><D24/><U54/><E68/><V112/><F98/><W102/><G82/><T113/><D113/><U111/><E111/><V0/><F0/><W64/><G101/><T20/><D20/><U38/><E38/><V95/><F41/><W32/><G11/><T79/><D100/><U126/><E126/><V57/><F44/><W66/><G66/><T43/><D77/><U62/><E54/><V104/><F104/><W94/><G56/><T130/><D130/><U97/><E97/><V91/><F87/><W122/><G122/><T48/><D74/><U85/><E75/><V31/><F112/><W42/><REACH who="3" step="1"/><G64/><REACH who="3" ten="461,235,189,105" step="2"/><T109/><D109/><U89/><E76/><V103/><F103/><W118/><G118/><T121/><D121/><U15/><E49/><AGARI ba="0,1" hai="2,3,27,28,32,42,45,49,50,53,59,94,99,102" machi="49" ten="30,3900,0" yaku="1,1,7,1,53,1" doraHai="116" doraHaiUra="22" who="3" fromWho="1" sc="461,0,235,-39,189,0,105,49" /><INIT seed="2,0,0,0,2,51" ten="461,196,189,154" oya="2" hai0="49,90,93,22,115,77,9,28,102,23,89,14,86" hai1="65,75,35,121,73,16,30,124,0,59,84,6,56" hai2="27,112,39,105,42,116,8,130,66,122,67,117,18" hai3="7,38,57,29,82,40,37,106,43,97,134,41,20"/><V26/><F122/><W12/><G134/><T80/><D115/><U113/><E113/><V100/><F112/><W1/><G1/><T70/><D70/><U36/><E36/><V126/><F126/><W71/><G71/><T104/><D104/><U120/><E124/><V32/><F130/><W119/><G119/><T61/><D102/><U10/><E84/><V15/><F42/><W58/><G106/><T94/><D61/><U118/><E118/><V11/><F39/><W64/><G97/><N who="0" m="57519" /><D28/><U135/><E135/><V107/><F100/><W21/><G82/><T96/><D49/><U45/><E65/><V78/><F18/><AGARI ba="0,0" hai="9,14,18,22,23,77,80,86,90,94,96" m="57519" machi="18" ten="30,1000,0" yaku="8,1" doraHai="51" who="0" fromWho="2" sc="461,10,196,0,189,-10,154,0" /><INIT seed="3,0,0,2,5,5" ten="471,196,179,154" oya="3" hai0="101,85,104,65,49,21,19,47,125,11,68,121,18" hai1="31,61,45,34,86,78,84,4,30,108,53,109,73" hai2="96,25,6,56,55,133,127,89,35,75,90,88,36" hai3="95,99,100,91,13,115,54,98,63,132,7,39,129"/><W120/><G115/><T83/><D125/><U124/><E124/><V1/><F127/><W64/><G120/><T128/><D121/><U103/><E103/><V3/><F36/><W79/><G129/><T60/><D128/><U107/><E107/><V52/><F133/><W126/><G132/><T123/><D123/><U69/><E4/><V76/><F96/><W112/><G126/><T62/><D11/><U42/><E73/><V58/><F6/><W71/><G112/><T26/><D101/><U46/><E46/><V122/><F122/><W12/><G79/><T74/><D104/><U8/><E8/><V22/><F35/><W50/><G39/><T16/><D60/><U119/><E119/><V67/><F67/><W113/><G113/><T2/><D2/><U15/><E15/><V80/><F55/><W77/><G77/><T131/><D74/><U105/><E105/><V66/><F66/><W24/><G24/><T72/><D72/><U20/><E34/><V59/><REACH who="2" step="1"/><F52/><REACH who="2" ten="471,196,169,154" step="2"/><W111/><G7/><T114/><D114/><U87/><E53/><V106/><F106/><W38/><G38/><T0/><D0/><U37/><E37/><V33/><F33/><W9/><G111/><T28/><D131/><U23/><E108/><V116/><F116/><W118/><G118/><T92/><D92/><U135/><E109/><V17/><AGARI ba="0,1" hai="1,3,17,22,25,56,58,59,75,76,80,88,89,90" machi="17" ten="30,4000,0" yaku="1,1,0,1,54,1,53,0" doraHai="5" doraHaiUra="43" who="2" fromWho="2" sc="471,-10,196,-10,169,50,154,-20" owari="461,56.0,186,-21.0,219,2.0,134,-37.0" /></mjloggm>