<mjloggm ver="2.3"><GO type="97" lobby="0"/><UN n0="%E3%81%82%E3%82%8A%E3%81%8B%E3%81%9F%E3%82%93" n1="%E3%82%A6%E3%83%AB%E3%83%88%E3%83%A9%E7%AB%8B%E7%9B%B4" n2="%72%65%69%74%61%72%6F%75" n3="%6B%61%7A%75%79%61%6E" dan="14,14,14,14" rate="1917.03,1962.06,1994.93,1947.87" sx="M,M,F,M"/><TAIKYOKU oya="0"/><INIT seed="0,0,0,2,3,32" ten="250,250,250,250" oya="0" hai0="122,95,15,48,0,31,41,133,114,109,78,113,23" hai1="33,80,84,7,74,19,104,121,53,52,67,34,126" hai2="37,11,130,89,73,61,119,49,64,55,2,21,51" hai3="127,8,16,100,97,111,57,120,63,47,65,129,4"/><T124/><D122/><U62/><E74/><V12/><F2/><W94/><G120/><T128/><D124/><U13/><E104/><V99/><F73/><W115/><G115/><T101/><D128/><U82/><E126/><V44/><F119/><W5/><G127/><T42/><D78/><U26/><E7/><V90/><F130/><W88/><G111/><T68/><D68/><U45/><E121/><V112/><F112/><W35/><G35/><T9/><D133/><U96/><E96/><V54/><F37/><W36/><G129/><T86/><D114/><U50/><E53/><V103/><F21/><W20/><G8/><T118/><D118/><U83/><E26/><V77/><F77/><W60/><G60/><T131/><D131/><U56/><REACH who="1" step="1"/><E84/><REACH who="1" ten="250,240,250,250" step="2"/><V92/><F55/><W66/><G66/><T107/><D107/><U59/><E59/><N who="2" m="36927" /><F51/><W79/><G4/><AGARI ba="0,1" hai="4,11,12,44,49,54,89,90,92,99,103" m="36927" machi="4" ten="30,1000,0" yaku="8,1" doraHai="32" who="2" fromWho="3" sc="250,0,240,0,250,20,250,-10" /><INIT seed="1,0,0,4,2,72" ten="250,240,270,240" oya="1" hai0="83,117,32,87,78,92,41,121,126,17,48,42,51" hai1="52,93,63,105,23,60,90,6,2,66,35,69,123" hai2="25,33,10,7,53,70,111,34,115,59,45,5,113" hai3="84,24,103,82,101,86,4,61,122,134,47,50,116"/><U20/><E105/><V120/><F120/><W98/><G122/><T85/><D117/><U109/><E35/><V12/><F70/><W22/><G134/><T30/><D121/><U91/><E123/><V127/><F45/><W37/><G37/><T65/><D126/><U106/><E106/><V38/><F38/><W67/><G4/><T39/><D65/><U11/><E109/><V46/><F46/><W49/><G116/><T28/><D39/><U88/><E93/><V96/><F111/><W54/><G49/><N who="0" m="19019" /><D17/><U119/><REACH who="1" step="1"/><E119/><REACH who="1" ten="250,230,270,240" step="2"/><V3/><F127/><W15/><G15/><T104/><D104/><U13/><E13/><V99/><F3/><W80/><G47/><T8/><D32/><U64/><E64/><V62/><F33/><W131/><G67/><T74/><D74/><U112/><E112/><N who="2" m="43083" /><F7/><W95/><G131/><T21/><D92/><U124/><E124/><V79/><F34/><W132/><G95/><T133/><D133/><U102/><E102/><V128/><F128/><W107/><G101/><T129/><D129/><U108/><E108/><V27/><F25/><W68/><G24/><T130/><D130/><U14/><E14/><V1/><F27/><W71/><G107/><T29/><D41/><U76/><E76/><V110/><F110/><W118/><G118/><T31/><D42/><U77/><E77/><V94/><F94/><W26/><G132/><T81/><D78/><U19/><E19/><N who="2" m="8599" /><F79/><W40/><G40/><T43/><D43/><U9/><E9/><AGARI ba="0,1" hai="1,5,9,53,59,62,96,99" m="8599,43083" machi="9" ten="30,1000,0" yaku="11,1" doraHai="72" who="2" fromWho="1" sc="250,0,230,-10,270,20,240,0" /><INIT seed="2,0,0,2,4,9" ten="250,220,290,240" oya="2" hai0="89,11,96,103,59,43,42,91,51,119,106,32,58" hai1="115,99,101,77,41,116,60,7,19,76,21,54,68" hai2="94,75,109,125,107,48,134,117,14,8,15,36,33" hai3="62,25,80,64,130,4,133,23,97,30,127,49,83"/><V108/><F117/><W128/><G4/><T110/><D119/><U39/><E115/><V135/><F107/><W78/><G133/><N who="2" m="50697" /><F36/><W86/><G127/><T92/><D32/><U79/><E116/><V12/><F125/><W81/><G49/><T1/><D110/><N who="2" m="42602" /><F33/><W50/><G50/><T71/><D71/><U104/><E7/><N who="2" m="3103" /><F75/><W90/><G97/><T45/><D42/><U100/><E99/><V74/><F74/><W88/><G78/><T53/><D106/><U126/><E79/><V57/><F94/><W16/><G130/><T27/><D43/><U118/><E41/><V66/><F66/><W38/><G128/><T132/><D132/><U55/><E39/><V35/><F35/><W20/><G38/><T95/><D96/><U17/><E104/><V120/><F120/><W87/><G81/><T0/><D103/><U22/><E101/><V2/><F2/><W56/><REACH who="3" step="1"/><G23/><REACH who="3" ten="250,220,290,230" step="2"/><T121/><D121/><U69/><E22/><V34/><F34/><W93/><G93/><T98/><D95/><U102/><E21/><V84/><F84/><W5/><G5/><T73/><D92/><U105/><E105/><V111/><F111/><W37/><G37/><T24/><D98/><U29/><E118/><V72/><F72/><W28/><AGARI ba="0,1" hai="16,20,25,28,30,56,62,64,80,83,86,87,88,90" machi="28" ten="30,12000,2" yaku="1,1,0,1,9,1,8,1,54,2,53,0" doraHai="9" doraHaiUra="6" who="3" fromWho="3" sc="250,-30,220,-30,290,-60,230,130" /><INIT seed="3,0,0,0,5,42" ten="220,190,230,360" oya="3" hai0="115,17,1,85,99,14,96,103,49,91,120,34,53" hai1="74,8,68,108,50,13,105,127,98,6,28,24,83" hai2="135,88,40,47,7,36,87,70,121,93,39,73,94" hai3="43,131,77,117,84,12,90,64,106,55,75,92,65"/><W21/><G117/><T112/><D120/><U51/><E68/><V69/><F73/><W31/><G106/><T97/><D1/><U62/><E108/><V118/><F118/><W113/><G113/><N who="0" m="43595" /><D34/><U18/><E127/><V79/><F121/><W80/><G43/><T19/><D103/><U25/><E105/><V109/><F109/><W95/><G131/><T38/><D38/><U76/><E98/><V119/><F119/><W46/><G92/><N who="0" m="54383" /><D14/><U130/><E130/><V110/><F79/><W15/><G15/><T111/><D111/><U82/><E82/><V124/><F110/><W52/><G55/><T66/><D66/><U26/><E28/><V22/><F39/><W132/><G132/><T89/><D89/><U67/><REACH who="1" step="1"/><E6/><REACH who="1" ten="220,180,230,360" step="2"/><V116/><F116/><W44/><G31/><T29/><D29/><U104/><E104/><V4/><F124/><W78/><G80/><T57/><AGARI ba="0,1" hai="17,19,49,53,57,96,97,99" m="54383,43595" machi="57" ten="30,1100,0" yaku="11,1" doraHai="42" who="0" fromWho="0" sc="220,21,180,-3,230,-3,360,-5" owari="241,4.0,177,-32.0,227,-17.0,355,45.0" /></mjloggm>