<mjloggm ver="2.3"><GO type="169" lobby="0"/><UN n0="%6D%65%24%6F" n1="%2D%72%6F%6E%2D" n2="%E3%82%A6%E3%83%AB%E3%83%88%E3%83%A9%E7%AB%8B%E7%9B%B4" n3="%E3%82%A8%E3%83%88%E3%81%BA%E3%83%B3" dan="17,16,16,16" rate="2118.88,2102.87,2094.48,2093.23" sx="M,M,M,F"/><TAIKYOKU oya="0"/><INIT seed="0,0,0,0,2,63" ten="250,250,250,250" oya="0" hai0="36,13,83,60,53,30,55,130,11,71,72,31,103" hai1="62,45,74,15,52,8,90,2,106,100,57,61,78" hai2="68,109,99,9,126,12,41,29,95,40,127,44,76" hai3="124,93,49,69,110,6,81,54,21,70,94,38,111"/><T77/><D36/><U96/><E2/><V7/><F68/><W51/><G38/><T37/><D37/><U128/><E128/><V123/><F123/><W26/><G6/><T58/><D130/><U134/><E134/><V129/><F129/><W82/><G124/><N who="2" m="47657" /><F44/><W119/><G119/><T33/><D71/><U50/><E90/><N who="2" m="55799" /><F109/><W46/><G21/><T22/><D33/><U101/><E101/><V91/><F76/><W1/><G1/><T17/><D103/><U5/><REACH who="1" step="1"/><E45/><REACH who="1" ten="250,240,250,250" step="2"/><V98/><F91/><W3/><G3/><T97/><D97/><U120/><E120/><V117/><F98/><W114/><G46/><T4/><REACH who="0" step="1"/><D53/><REACH who="0" ten="240,240,250,250" step="2"/><U89/><E89/><V25/><F117/><W115/><G54/><T47/><D47/><U131/><E131/><V48/><F40/><W35/><G35/><T135/><D135/><U85/><E85/><V122/><F122/><W92/><G111/><T34/><D34/><U108/><E108/><V67/><F41/><W65/><G110/><T116/><D116/><U20/><E20/><V66/><F48/><W113/><G51/><T14/><AGARI ba="0,2" hai="4,11,13,14,17,22,30,31,55,58,60,72,77,83" machi="14" ten="20,3900,0" yaku="1,1,0,1,7,1,53,0" doraHai="63" doraHaiUra="125" who="0" fromWho="0" sc="240,59,240,-13,250,-13,250,-13" /><INIT seed="0,1,0,5,5,125" ten="299,227,237,237" oya="0" hai0="109,37,8,131,80,77,52,63,13,21,28,70,85" hai1="135,61,89,90,44,47,75,104,48,9,46,129,98" hai2="111,72,12,38,4,118,110,127,51,132,107,62,36" hai3="117,55,78,96,6,128,121,134,5,79,56,133,34"/><T69/><D37/><U59/><E75/><V76/><F107/><W60/><G34/><T25/><D109/><U67/><E135/><N who="3" m="51722" /><G117/><T123/><D123/><U65/><E65/><V87/><F72/><W57/><G121/><T114/><D114/><U7/><E129/><V84/><F132/><W0/><G0/><T18/><REACH who="0" step="1"/><D131/><REACH who="0" ten="289,227,237,237" step="2"/><U3/><E48/><V42/><F51/><W130/><G130/><T126/><D126/><U74/><E74/><V19/><F127/><W122/><G128/><T40/><D40/><U112/><E112/><V2/><F42/><W33/><G122/><T116/><D116/><U97/><E104/><V102/><F38/><W92/><G60/><T32/><D32/><U24/><E24/><V64/><F36/><W39/><G33/><T45/><D45/><U23/><E47/><V41/><F41/><W17/><G39/><T73/><D73/><U105/><E46/><V108/><F118/><W10/><G56/><AGARI ba="1,1" hai="8,13,18,21,25,28,52,56,63,69,70,77,80,85" machi="56" ten="40,3900,0" yaku="1,1,54,1,53,0" doraHai="125" doraHaiUra="119" who="0" fromWho="3" sc="289,52,227,0,237,0,237,-42" /><INIT seed="0,2,0,5,0,52" ten="341,227,237,195" oya="0" hai0="62,87,80,115,98,64,5,30,89,4,51,82,46" hai1="129,65,125,6,91,85,70,34,8,94,92,108,48" hai2="88,83,60,109,22,12,59,117,86,134,44,19,43" hai3="74,42,116,24,54,122,132,35,114,103,38,95,23"/><T39/><D39/><U11/><E34/><V57/><F109/><W50/><G74/><T126/><D115/><U71/><E108/><V127/><F127/><W45/><G114/><T15/><D126/><U123/><E123/><V73/><F73/><W130/><G116/><T40/><D30/><U0/><E125/><V84/><F134/><W101/><G122/><T135/><D135/><U7/><E129/><V110/><F110/><W14/><G130/><T99/><D80/><U47/><E65/><V128/><F128/><W119/><G119/><T104/><D104/><U78/><E78/><V27/><F117/><W66/><G132/><T133/><D133/><U75/><E75/><V96/><F60/><W2/><G2/><T16/><D4/><U124/><E124/><V28/><F86/><W25/><G66/><T100/><D5/><U53/><REACH who="1" step="1"/><E92/><REACH who="1" ten="341,217,237,195" step="2"/><V121/><F121/><W41/><G35/><T105/><D105/><U113/><E113/><V21/><F96/><W106/><G106/><T120/><D120/><U17/><E17/><V69/><F69/><W36/><G95/><T33/><D33/><U31/><E31/><V107/><F107/><W112/><G112/><T81/><D99/><U20/><E20/><V63/><F63/><W18/><G103/><T61/><D64/><U3/><AGARI ba="2,1" hai="0,3,6,7,8,11,47,48,53,70,71,85,91,94" machi="3" ten="20,5200,0" yaku="1,1,0,1,7,1,9,1,53,0" doraHai="52" doraHaiUra="26" who="1" fromWho="1" sc="341,-28,217,68,237,-15,195,-15" /><INIT seed="1,0,0,3,0,41" ten="313,285,222,180" oya="1" hai0="80,70,87,8,93,114,38,31,58,26,105,27,79" hai1="51,121,112,10,100,46,65,134,50,17,57,115,35" hai2="2,63,76,3,36,91,45,29,44,53,72,69,56" hai3="78,52,89,124,103,7,102,104,94,11,132,19,25"/><U88/><E121/><V16/><F76/><W135/><G104/><T85/><D70/><U55/><E35/><V60/><F72/><W118/><G78/><T43/><D105/><U67/><E134/><N who="3" m="51242" /><G124/><T33/><D114/><U4/><E100/><V95/><F29/><W131/><G131/><T30/><D8/><U23/><E65/><V9/><F36/><W83/><G83/><T28/><D58/><U98/><E67/><V111/><F69/><W125/><G125/><T42/><D38/><U5/><E10/><V113/><F2/><W54/><G118/><T97/><D85/><U101/><E112/><V59/><F111/><W90/><G90/><T18/><D18/><U13/><E115/><V84/><F113/><W62/><G25/><N who="0" m="9227" /><D33/><U20/><E20/><V92/><F92/><W77/><G77/><T12/><D12/><U74/><E74/><V81/><F95/><W47/><G19/><T49/><D49/><U123/><E123/><V108/><F108/><W99/><G11/><T21/><D21/><U24/><E24/><V128/><F128/><W133/><G7/><T68/><D68/><U0/><E0/><V1/><F1/><W82/><G82/><T96/><D96/><U22/><E22/><V122/><F122/><W106/><G106/><T107/><D107/><U48/><E48/><V129/><F129/><W110/><G110/><T75/><D75/><U73/><E73/><V66/><F3/><W71/><G71/><T120/><D120/><U86/><E98/><V6/><F6/><W119/><G133/><T130/><D130/><U117/><E5/><RYUUKYOKU ba="0,0" sc="313,15,285,-15,222,15,180,-15" hai0="28,30,31,42,43,79,80,87,93,97" hai2="9,16,44,45,53,56,59,60,63,66,81,84,91" /><INIT seed="2,1,0,0,3,49" ten="328,270,237,165" oya="2" hai0="108,19,29,87,44,46,95,125,38,78,111,99,0" hai1="48,4,127,74,13,23,134,109,115,131,72,7,22" hai2="126,45,28,65,82,77,33,32,71,67,30,135,53" hai3="8,116,119,118,79,59,63,15,56,2,36,57,122"/><V97/><F126/><W88/><G2/><T47/><D125/><U80/><E115/><V66/><F71/><W105/><G105/><T12/><D0/><U114/><E114/><V124/><F124/><W75/><G36/><T35/><D35/><U9/><E127/><V85/><F135/><W55/><G122/><T76/><D29/><U130/><E134/><V25/><F97/><W86/><G79/><T100/><D38/><U92/><E109/><N who="0" m="42057" /><D87/><U68/><E68/><V123/><F123/><W98/><G98/><T52/><D52/><U112/><E112/><V39/><F39/><W21/><G21/><AGARI ba="1,0" hai="12,19,21,44,46,47,76,78,95,99,100" m="42057" machi="21" ten="30,1000,0" yaku="14,1" doraHai="49" who="0" fromWho="3" sc="328,13,270,0,237,0,165,-13" /><INIT seed="3,0,0,3,2,93" ten="341,270,237,152" oya="3" hai0="2,107,21,6,131,97,69,113,16,85,44,32,53" hai1="62,17,67,7,84,22,121,70,101,83,38,99,76" hai2="102,96,134,112,45,120,108,5,78,65,126,30,1" hai3="46,75,48,80,123,66,29,25,26,90,86,82,73"/><W15/><G123/><T59/><D69/><U10/><E38/><V3/><F108/><W51/><G66/><T118/><D32/><U91/><E121/><V40/><F120/><W81/><G75/><T54/><D118/><U106/><E76/><V133/><F112/><W0/><G0/><T39/><D113/><U71/><E71/><V61/><F78/><W127/><G127/><T52/><D131/><U33/><E33/><V47/><F30/><W128/><G128/><T87/><D59/><U43/><E43/><V105/><F126/><W122/><G122/><T37/><D6/><U95/><E7/><V104/><F104/><W19/><G73/><T4/><D4/><U64/><E64/><V12/><F12/><W41/><G51/><T109/><D109/><U98/><E10/><V42/><F42/><W50/><G50/><T79/><D2/><U89/><REACH who="1" step="1"/><E22/><REACH who="1" ten="341,260,237,152" step="2"/><V74/><F5/><W13/><G29/><T100/><D39/><U8/><E8/><V114/><F114/><W68/><G68/><T31/><D31/><U20/><E20/><V49/><F3/><W36/><G36/><T14/><D79/><U55/><E55/><V72/><F1/><W130/><G130/><T27/><D37/><U92/><E92/><V117/><F117/><W24/><REACH who="3" step="1"/><G19/><AGARI ba="0,1" hai="17,19,62,67,70,83,84,89,91,95,98,99,101,106" machi="19" ten="40,5200,0" yaku="1,1,52,2,53,0" doraHai="93" doraHaiUra="9" who="1" fromWho="3" sc="341,0,260,62,237,0,152,-52" /><INIT seed="4,0,0,2,3,113" ten="341,322,237,100" oya="0" hai0="15,98,79,72,37,16,102,74,77,68,94,124,58" hai1="118,122,69,38,73,50,110,125,115,39,120,81,62" hai2="128,117,57,25,93,43,80,109,96,101,88,47,126" hai3="24,55,42,129,19,20,130,99,10,91,116,34,40"/><T53/><D68/><U100/><E100/><V8/><F109/><W11/><G34/><T75/><D37/><N who="1" m="13835" /><E81/><V48/><F126/><W7/><G55/><T83/><D124/><U54/><E73/><V14/><F128/><W121/><G121/><N who="1" m="46698" /><E110/><V135/><F135/><W103/><G91/><T107/><D107/><U85/><E85/><V95/><F117/><W12/><G11/><T41/><D41/><U108/><E108/><V65/><F25/><W132/><G132/><T28/><D28/><U92/><E92/><V21/><F21/><W17/><G7/><T70/><D70/><U89/><E89/><V36/><F80/><W112/><G112/><T61/><REACH who="0" step="1"/><D79/><REACH who="0" ten="331,322,237,100" step="2"/><U35/><E115/><V51/><F36/><W44/><G42/><T82/><D82/><U114/><E114/><V106/><F106/><W123/><G123/><T6/><D6/><U0/><E125/><V52/><F95/><W67/><G130/><T84/><D84/><U46/><E35/><V86/><F86/><W31/><G129/><T87/><D87/><U1/><E1/><V3/><F3/><W104/><G31/><T134/><D134/><U22/><E0/><V78/><F78/><W59/><G104/><T27/><D27/><U105/><E105/><V49/><F43/><W45/><G40/><T5/><D5/><U71/><E71/><V13/><F13/><W4/><G4/><T119/><D119/><U133/><E118/><V97/><F97/><W66/><G116/><T9/><AGARI ba="0,1" hai="9,15,16,53,58,61,72,74,75,77,83,94,98,102" machi="9" ten="20,7800,0" yaku="1,1,0,1,7,1,54,1,53,0" doraHai="113" doraHaiUra="60" who="0" fromWho="0" sc="331,88,322,-26,237,-26,100,-26" /><INIT seed="4,1,0,4,2,88" ten="419,296,211,74" oya="0" hai0="48,31,116,17,35,58,106,100,24,6,128,50,38" hai1="124,114,76,20,42,4,14,135,121,125,34,93,3" hai2="72,83,55,86,113,90,117,122,39,95,59,53,19" hai3="30,68,73,0,62,87,61,2,21,15,8,82,129"/><T16/><D38/><U104/><E104/><V33/><F33/><W74/><G129/><T120/><D120/><U32/><E76/><V70/><F122/><W12/><G68/><T85/><D116/><U66/><E66/><V13/><F70/><W65/><G65/><T103/><D128/><U36/><E121/><V10/><F39/><W126/><G126/><N who="1" m="48746" /><E135/><V98/><F117/><W78/><G30/><T84/><D6/><U119/><E119/><V71/><F71/><W51/><G21/><T56/><D106/><U102/><E3/><V97/><F113/><W29/><G29/><T81/><D31/><U49/><E36/><V25/><F25/><W133/><G133/><T40/><D24/><U110/><E110/><V9/><F72/><W92/><G74/><T41/><REACH who="0" step="1"/><D81/><REACH who="0" ten="409,296,211,74" step="2"/><U26/><E4/><V132/><F132/><W52/><G82/><T27/><D27/><U134/><E134/><V47/><F83/><W107/><G107/><T5/><D5/><U118/><E118/><V89/><F19/><W109/><G109/><T7/><D7/><U112/><E112/><V79/><F13/><W101/><G15/><T75/><D75/><U94/><E14/><V69/><F10/><W115/><G73/><T77/><D77/><U131/><E131/><V63/><F9/><W1/><G115/><T60/><D60/><U28/><E114/><V18/><F63/><W37/><G37/><T108/><D108/><U123/><E123/><V45/><F18/><W57/><G12/><T22/><D22/><U127/><E127/><V91/><F79/><W44/><G8/><RYUUKYOKU ba="1,1" sc="409,30,296,-10,211,-10,74,-10" hai0="16,17,35,40,41,48,50,56,58,84,85,100,103" /><INIT seed="4,2,1,3,2,7" ten="439,286,201,64" oya="0" hai0="28,80,98,9,102,3,56,100,37,24,40,25,12" hai1="112,20,95,106,77,105,14,52,124,99,49,129,125" hai2="117,39,46,71,70,85,18,67,44,54,55,10,92" hai3="107,1,21,76,116,88,26,94,130,11,96,74,111"/><T93/><D3/><U123/><E123/><V115/><F92/><W126/><G116/><T62/><D80/><U34/><E34/><V63/><F85/><W5/><G111/><T13/><D102/><U8/><E129/><V75/><F18/><W50/><G130/><T91/><D91/><U119/><E77/><V90/><F90/><W113/><G113/><T43/><D37/><U121/><E121/><V47/><F75/><W104/><G126/><N who="1" m="48746" /><E20/><V128/><F10/><W45/><G76/><T4/><D13/><U0/><E0/><V122/><F122/><W69/><G69/><N who="2" m="26121" /><F128/><W51/><G74/><T29/><D24/><U101/><E112/><V84/><F84/><W48/><REACH who="3" step="1"/><G45/><REACH who="3" ten="439,286,201,54" step="2"/><T23/><REACH who="0" step="1"/><D28/><AGARI ba="2,2" hai="1,5,11,21,26,28,48,50,51,88,94,96,104,107" machi="28" ten="40,8000,1" yaku="1,1,2,1,52,1,54,1,53,1" doraHai="7" doraHaiUra="27" who="3" fromWho="0" sc="439,-86,286,0,201,0,54,106" /><INIT seed="5,0,0,0,1,129" ten="353,286,201,160" oya="1" hai0="101,0,29,125,132,56,18,22,36,90,60,97,121" hai1="135,68,94,105,30,86,108,54,111,8,69,50,81" hai2="84,61,113,122,12,92,134,65,75,67,44,88,117" hai3="95,102,64,110,11,112,89,126,24,9,21,40,133"/><U4/><E105/><V26/><F75/><W100/><G110/><N who="1" m="42026" /><E30/><V124/><F117/><W32/><G32/><T2/><D36/><U27/><E27/><V82/><F122/><W14/><G112/><T107/><D121/><U120/><E120/><V106/><F106/><W130/><G130/><T66/><D125/><U70/><E94/><V62/><F124/><W109/><G109/><T34/><D132/><U25/><E25/><V20/><F134/><W28/><G126/><T23/><D34/><U119/><E119/><V104/><F104/><W114/><G114/><T72/><D72/><U128/><E128/><V78/><F12/><W85/><G133/><T76/><D76/><N who="1" m="46375" /><E135/><V16/><F113/><W45/><G64/><T15/><D29/><U131/><E131/><V49/><F67/><W48/><REACH who="3" step="1"/><G11/><REACH who="3" ten="353,286,201,150" step="2"/><T96/><D66/><U39/><E39/><V63/><F65/><W3/><G3/><T31/><D0/><N who="1" m="7" /><E70/><V93/><F78/><W71/><G71/><T123/><D123/><U57/><AGARI ba="0,1" hai="50,54,57,68,69" m="7,46375,42026" machi="57" ten="30,1500,0" yaku="10,1" doraHai="129" who="1" fromWho="1" sc="353,-5,286,25,201,-5,150,-5" /><INIT seed="5,1,0,0,3,113" ten="348,311,196,145" oya="1" hai0="50,73,26,25,114,83,11,17,81,93,116,41,110" hai1="0,106,35,92,94,104,88,10,122,32,78,34,27" hai2="125,31,70,9,45,108,53,105,2,85,99,57,1" hai3="121,86,80,40,131,49,22,134,107,120,43,100,109"/><U3/><E122/><V5/><F70/><W135/><G22/><T82/><D110/><U96/><E78/><V15/><F108/><W30/><G30/><T6/><D114/><U38/><E38/><V130/><F125/><W42/><G109/><T61/><D73/><U101/><E27/><V36/><F130/><W60/><G131/><T95/><D116/><U64/><E64/><V77/><F31/><W21/><G21/><T39/><D39/><U7/><REACH who="1" step="1"/><E3/><REACH who="1" ten="348,301,196,145" step="2"/><V63/><F2/><W126/><G121/><T71/><D25/><U103/><E103/><V90/><F1/><W52/><G120/><T13/><D26/><U37/><E37/><V69/><F77/><W23/><G100/><T75/><D75/><U128/><E128/><V20/><F36/><W24/><G24/><T66/><D66/><U115/><E115/><V102/><F69/><W111/><G111/><T118/><D71/><U19/><E19/><V79/><F79/><W129/><G129/><T132/><D17/><U16/><E16/><V44/><F20/><W117/><G23/><T12/><D12/><U56/><E56/><V18/><F18/><W65/><G65/><T67/><D67/><U74/><E74/><V62/><F62/><W8/><G60/><T58/><D61/><U4/><E4/><V91/><F91/><W59/><G59/><T28/><D58/><U76/><E76/><V46/><F46/><W119/><G49/><T54/><D50/><U98/><AGARI ba="1,1" hai="0,7,10,32,34,35,88,92,94,96,98,101,104,106" machi="98" ten="40,18000,2" yaku="1,1,0,1,54,1,53,3" doraHai="113" doraHaiUra="29" who="1" fromWho="1" sc="348,-61,301,193,196,-61,145,-61" /><INIT seed="5,2,0,1,4,0" ten="287,494,135,84" oya="1" hai0="49,113,29,17,115,32,48,61,68,58,116,1,86" hai1="14,25,123,107,130,114,47,37,95,135,54,28,72" hai2="106,66,77,98,64,40,118,93,102,124,45,31,50" hai3="103,76,34,73,83,57,127,96,63,41,20,8,131"/><U78/><E123/><V53/><F118/><W89/><G127/><T122/><D116/><U24/><E107/><V3/><F3/><W80/><G131/><T51/><D122/><U70/><E70/><V108/><F108/><W121/><G34/><T15/><D1/><U75/><E130/><V79/><F124/><W12/><G121/><T125/><D125/><U13/><E114/><N who="0" m="43529" /><D68/><U22/><E78/><N who="2" m="29707" /><F106/><W27/><G41/><T60/><D58/><U6/><E54/><V81/><F81/><W46/><G46/><T16/><D86/><U26/><E47/><N who="2" m="25959" /><F31/><W5/><G83/><T111/><D111/><U87/><E87/><V36/><F36/><W7/><G89/><T18/><D15/><U105/><E105/><V97/><F97/><W90/><G90/><T88/><D88/><U9/><E37/><V94/><F94/><W74/><G74/><T71/><D71/><U109/><E109/><V69/><F69/><W99/><G103/><T44/><D44/><U4/><E72/><V126/><F126/><W128/><G128/><T85/><D85/><U104/><E75/><V100/><F100/><W39/><G39/><T19/><N who="0" m="4096" /><DORA hai="59" /><T56/><D56/><U92/><E28/><V112/><F112/><W42/><G99/><T2/><D2/><U110/><E110/><V43/><F43/><W21/><G42/><T129/><D129/><U133/><E13/><V11/><F11/><N who="3" m="4207" /><G96/><T52/><D52/><U62/><E14/><V91/><F91/><W82/><G82/><T117/><D117/><U10/><E10/><V101/><F101/><W132/><G8/><RYUUKYOKU ba="2,0" sc="287,15,494,-15,135,15,84,-15" hai0="29,32,48,49,51,60,61" hai2="45,53,64,66,93,98,102" /><INIT seed="6,3,0,3,0,124" ten="302,479,150,69" oya="2" hai0="128,5,35,7,19,40,53,81,92,23,55,43,108" hai1="46,50,79,31,26,25,120,16,87,68,34,109,89" hai2="3,111,107,60,91,13,95,44,71,74,99,70,115" hai3="122,135,78,105,77,90,29,4,33,84,100,106,127"/><V129/><F3/><W42/><G4/><T59/><D35/><U61/><E109/><V83/><F60/><W14/><G14/><T64/><D108/><U2/><E2/><V132/><F111/><W47/><G122/><T97/><D81/><U39/><E39/><V24/><F24/><W133/><G29/><T102/><D64/><U116/><E79/><V9/><F71/><W94/><G33/><T0/><D0/><U12/><E25/><V28/><F70/><W38/><G127/><T18/><D18/><U112/><E116/><V104/><F28/><W113/><G113/><T66/><D66/><U73/><E73/><V69/><F69/><W41/><G41/><T62/><D53/><U101/><E101/><V52/><F115/><W48/><G38/><T82/><D82/><U20/><E120/><V54/><F54/><W93/><G93/><T125/><D125/><U121/><E121/><V85/><F74/><W57/><G57/><T130/><D40/><U56/><E68/><V75/><F75/><W114/><G114/><T21/><D43/><U126/><E126/><V6/><F132/><W63/><G63/><T27/><D21/><U76/><E112/><V118/><F118/><W86/><G86/><T8/><D8/><U51/><E34/><V67/><F67/><W22/><G22/><T45/><D45/><U36/><E31/><V131/><F107/><N who="3" m="40971" /><G100/><T32/><D32/><U37/><E26/><V15/><F104/><W30/><G30/><T123/><D123/><U17/><E20/><V117/><F117/><W96/><G77/><T134/><D134/><RYUUKYOKU ba="3,0" sc="302,15,479,-15,150,-15,69,15" hai0="5,7,19,23,27,55,59,62,92,97,102,128,130" hai3="42,47,48,78,84,90,94,96,133,135" /><INIT seed="7,4,0,5,0,52" ten="317,464,135,84" oya="3" hai0="40,58,130,72,42,107,128,8,22,119,37,99,126" hai1="98,44,115,67,23,3,2,85,100,102,74,91,68" hai2="110,81,106,80,14,122,57,116,82,131,101,39,127" hai3="33,70,32,20,76,112,29,93,83,84,19,10,120"/><W24/><G70/><T12/><D72/><U41/><E74/><V96/><F39/><W88/><G120/><T53/><D22/><U18/><E115/><V97/><F116/><W113/><G10/><T75/><D75/><U66/><E2/><V87/><F110/><W47/><G47/><T105/><D126/><U26/><E3/><V5/><F127/><W31/><G29/><T132/><D119/><U71/><E71/><V69/><F69/><W56/><G56/><T104/><D132/><U61/><E67/><V95/><F131/><W63/><G63/><T79/><D79/><U118/><E118/><V35/><F35/><W13/><REACH who="3" step="1"/><G33/><REACH who="3" ten="317,464,135,74" step="2"/><T65/><D58/><U7/><E61/><V15/><F122/><W1/><G1/><T25/><D8/><U89/><E68/><V123/><F123/><W86/><AGARI ba="4,1" hai="13,19,20,24,31,32,76,83,84,86,88,93,112,113" machi="86" ten="30,6000,0" yaku="1,1,0,1,54,1,53,0" doraHai="52" doraHaiUra="51" who="3" fromWho="3" sc="317,-24,464,-24,135,-24,74,82" /><INIT seed="7,5,0,1,4,22" ten="293,440,111,156" oya="3" hai0="87,131,40,24,88,26,48,33,104,12,4,92,115" hai1="8,132,80,25,85,58,7,20,99,76,118,31,17" hai2="93,63,18,16,91,1,19,126,90,68,67,38,123" hai3="133,46,37,32,23,103,82,84,95,122,52,130,134"/><W79/><G32/><T70/><D70/><U21/><E132/><N who="3" m="50794" /><G122/><T89/><D104/><U94/><E118/><V50/><F38/><W61/><G130/><T49/><D131/><U65/><E65/><V15/><F123/><W116/><G116/><T36/><D36/><U14/><E58/><V54/><F126/><W97/><G37/><T69/><D69/><U111/><E111/><V0/><F90/><W60/><G23/><T109/><D109/><U3/><E3/><V112/><F112/><W98/><G98/><N who="0" m="57607" /><D33/><U135/><E135/><V102/><F102/><W114/><G114/><T106/><D106/><U28/><E20/><V78/><F78/><W9/><G9/><N who="0" m="4135" /><D115/><U66/><E66/><V44/><REACH who="2" step="1"/><F15/><REACH who="2" ten="293,440,101,156" step="2"/><W120/><G120/><T34/><D89/><AGARI ba="5,1" hai="7,8,14,17,21,25,28,31,76,80,85,89,94,99" machi="89" ten="30,3900,0" yaku="7,1,8,1,52,1" doraHai="22" who="1" fromWho="0" sc="293,-54,440,64,101,0,156,0" owari="239,4.0,504,60.0,101,-40.0,156,-24.0" /></mjloggm>