<mjloggm ver="2.3"><GO type="41" lobby="0"/><UN n0="%78%E3%81%AA%E3%82%82%78" n1="%E5%B0%B1%E6%B4%BB%E7%94%9F%40%E5%B7%9D%E6%9D%91%E8%BB%8D%E5%9B%A3" n2="%E6%A1%83%E9%87%8C" n3="%62%69%68%75" dan="14,15,13,14" rate="2002.82,1998.19,1865.87,1888.65" sx="M,M,M,M"/><TAIKYOKU oya="0"/><INIT seed="0,0,0,5,1,6" ten="250,250,250,250" oya="0" hai0="84,33,95,98,49,85,48,57,113,72,23,80,94" hai1="133,22,42,121,132,77,40,16,60,104,90,135,32" hai2="108,15,134,52,116,3,24,92,89,74,36,97,70" hai3="43,118,100,93,103,4,127,25,126,86,21,31,45"/><T130/><D113/><U58/><E104/><V59/><F70/><W50/><G118/><T114/><D33/><U112/><E32/><V38/><F74/><W39/><G103/><T10/><D114/><U69/><E69/><V120/><F108/><W26/><G26/><T28/><D72/><U105/><E121/><V56/><F120/><W110/><G110/><T17/><D28/><U115/><E105/><V34/><F134/><W117/><G117/><T54/><D130/><U125/><E125/><V67/><F116/><W106/><G39/><T64/><D64/><U5/><E5/><V20/><F3/><W82/><G4/><T91/><D48/><U13/><E77/><V76/><F76/><W41/><G41/><N who="1" m="15978" /><E90/><V101/><F34/><W2/><G2/><T46/><D46/><U128/><E128/><V109/><F109/><W73/><G73/><T27/><D10/><U71/><E71/><V44/><F15/><W55/><G43/><T107/><D107/><U129/><E129/><V99/><F67/><AGARI ba="0,0" hai="13,16,22,58,60,67,112,115,132,133,135" m="15978" machi="67" ten="40,2600,0" yaku="20,1,54,1" doraHai="6" who="1" fromWho="2" sc="250,0,250,26,250,-26,250,0" /><INIT seed="1,0,0,4,0,127" ten="250,276,224,250" oya="1" hai0="100,64,95,62,102,135,109,46,21,85,41,50,68" hai1="27,30,61,83,94,91,123,6,72,134,126,98,19" hai2="57,77,43,15,22,31,86,20,96,110,75,35,8" hai3="29,0,39,56,101,52,66,18,73,9,59,87,2"/><U16/><E123/><V88/><F75/><W26/><G73/><T24/><D135/><U114/><E126/><V10/><F110/><W51/><G39/><T111/><D109/><U130/><E134/><V92/><F35/><W117/><G117/><T70/><D70/><U124/><E114/><V105/><F43/><W37/><G37/><T60/><D60/><U78/><E124/><V131/><F131/><W132/><G132/><T58/><D68/><U4/><E130/><V28/><F105/><W128/><G128/><T67/><D67/><U81/><E81/><N who="2" m="47407" /><F57/><W119/><G119/><T129/><D129/><U36/><E36/><V14/><F28/><W11/><G101/><T55/><D41/><U133/><E133/><V89/><F89/><W1/><G87/><T76/><D111/><U93/><E93/><V32/><F32/><W13/><G66/><T112/><D112/><U12/><E61/><V49/><F49/><W40/><G40/><T17/><REACH who="0" step="1"/><D95/><REACH who="0" ten="240,276,224,250" step="2"/><U116/><E116/><V115/><F115/><W107/><G107/><T44/><D44/><U79/><E94/><V113/><F113/><W125/><G125/><T69/><D69/><U7/><E83/><AGARI ba="0,1" hai="17,21,24,46,50,55,58,62,64,76,83,85,100,102" machi="83" ten="40,2600,0" yaku="1,1,8,1,53,0" doraHai="127" doraHaiUra="120" who="0" fromWho="1" sc="240,36,276,-26,224,0,250,0" /><INIT seed="2,0,0,3,0,28" ten="276,250,224,250" oya="2" hai0="21,15,92,113,93,32,112,20,0,133,1,114,57" hai1="53,132,110,13,2,70,96,3,99,108,107,17,77" hai2="48,115,42,45,56,69,116,103,24,41,22,117,18" hai3="124,91,51,60,128,11,43,95,131,65,122,126,76"/><V121/><F115/><W105/><G11/><T106/><D106/><U68/><E132/><V94/><F121/><W33/><G105/><T135/><D32/><U134/><E134/><V71/><F103/><W47/><G76/><T86/><D86/><U75/><E75/><V109/><F109/><N who="1" m="42089" /><E77/><V61/><F94/><W97/><G33/><T98/><D135/><U74/><E74/><V125/><F125/><W83/><G83/><T49/><D133/><U52/><E96/><V6/><F6/><W127/><REACH who="3" step="1"/><G122/><REACH who="3" ten="276,250,224,240" step="2"/><T35/><D35/><U23/><E107/><V5/><F5/><W81/><G81/><T9/><D9/><U73/><E73/><V87/><F87/><W50/><G50/><T88/><D114/><U16/><E99/><V37/><F41/><W59/><AGARI ba="0,1" hai="43,47,51,59,60,65,91,95,97,124,126,127,128,131" machi="59" ten="40,5200,0" yaku="1,1,0,1,18,1,53,0" doraHai="28" doraHaiUra="111" who="3" fromWho="3" sc="276,-13,250,-13,224,-26,240,62" /><INIT seed="3,0,0,5,2,78" ten="263,237,198,302" oya="3" hai0="130,42,99,105,22,51,24,92,84,111,28,58,49" hai1="52,80,133,132,44,119,102,93,64,41,29,95,65" hai2="55,112,109,40,91,125,10,57,26,68,37,122,14" hai3="62,97,89,1,34,63,19,43,121,74,134,67,21"/><W81/><G121/><T100/><D130/><U98/><E119/><V27/><F112/><W94/><G34/><T114/><D111/><U76/><E29/><V17/><F109/><W106/><G1/><T2/><D2/><U82/><E93/><V38/><F122/><W60/><G134/><N who="1" m="51818" /><E52/><V120/><F120/><W83/><G74/><T116/><D116/><U46/><E46/><V13/><F125/><W127/><G127/><T117/><D117/><U73/><E82/><N who="3" m="31242" /><G106/><T53/><D84/><U126/><E126/><V48/><F68/><W20/><G43/><T101/><D114/><U87/><E73/><V0/><F0/><W54/><G67/><T23/><D105/><U15/><E15/><V118/><F118/><W85/><G85/><T3/><D3/><U16/><E16/><V6/><F91/><W66/><G66/><T107/><D107/><U50/><AGARI ba="0,0" hai="41,44,50,64,65,76,80,87,95,98,102" m="51818" machi="50" ten="30,2000,0" yaku="20,1,52,1" doraHai="78" who="1" fromWho="1" sc="263,-5,237,20,198,-5,302,-10" /><INIT seed="4,0,0,5,0,57" ten="258,257,193,292" oya="0" hai0="18,41,22,118,30,101,21,5,54,79,42,48,11" hai1="75,110,125,68,65,3,63,67,60,7,89,129,92" hai2="4,66,25,98,56,31,135,49,106,90,59,128,96" hai3="122,115,76,99,100,97,82,81,114,33,74,88,12"/><T39/><D39/><U15/><E75/><V0/><F135/><W16/><G12/><T1/><D79/><U84/><E110/><V24/><F128/><W116/><G16/><T94/><D118/><U123/><E123/><V19/><F0/><W27/><G27/><T72/><D72/><U8/><E125/><V20/><F4/><W53/><G53/><T85/><D30/><U120/><E120/><V108/><F108/><W32/><G32/><T61/><D61/><U55/><E55/><V50/><F106/><N who="3" m="63759" /><G33/><T17/><D18/><U10/><E129/><V87/><F98/><W44/><G44/><T95/><D95/><U28/><E28/><V130/><F130/><W105/><G122/><T102/><D102/><U45/><E45/><V6/><F96/><W103/><G116/><T132/><D132/><U127/><E127/><V26/><F6/><W34/><G34/><T38/><D38/><U51/><E51/><N who="2" m="19467" /><F66/><W111/><G111/><T131/><D131/><U47/><E47/><V117/><F117/><W109/><G109/><T23/><D17/><U46/><E46/><V83/><F31/><W35/><G35/><T43/><D54/><U112/><E112/><V124/><F124/><W78/><G88/><N who="0" m="53519" /><D101/><U2/><REACH who="1" step="1"/><E8/><REACH who="1" ten="258,247,193,292" step="2"/><V36/><F36/><W73/><AGARI ba="0,1" hai="73,74,76,78,81,82,99,103,105,114,115" m="63759" machi="73" ten="30,4000,0" yaku="23,1,34,2" doraHai="57" who="3" fromWho="3" sc="258,-20,247,-10,193,-10,292,50" /><INIT seed="5,0,0,0,4,22" ten="238,237,183,342" oya="1" hai0="98,131,105,120,118,81,8,40,122,12,97,13,119" hai1="63,21,76,4,82,94,70,69,23,115,84,95,51" hai2="27,2,88,28,117,62,78,55,39,74,72,54,112" hai3="113,133,90,107,121,24,106,47,31,46,129,10,79"/><U41/><E115/><V65/><F117/><W85/><G121/><N who="0" m="46699" /><D40/><U26/><E4/><V86/><F2/><W5/><G113/><T92/><D131/><U91/><E21/><V109/><F109/><W59/><G129/><T108/><D108/><U100/><E100/><V16/><F39/><W102/><G133/><T128/><D128/><U1/><E1/><V64/><F112/><W43/><G79/><T127/><D12/><U66/><E70/><V104/><F104/><W0/><G59/><T99/><D13/><U19/><E41/><V15/><F74/><W45/><G102/><N who="0" m="62687" /><D8/><U53/><REACH who="1" step="1"/><E76/><REACH who="1" ten="238,227,183,342" step="2"/><V68/><F78/><W132/><G43/><T73/><D127/><U67/><E67/><V34/><F64/><W37/><G5/><T17/><D73/><U57/><AGARI ba="0,1" hai="19,23,26,51,53,57,63,66,69,82,84,91,94,95" machi="57" ten="20,12000,1" yaku="1,1,0,1,7,1,52,1,53,1" doraHai="22" doraHaiUra="18" who="1" fromWho="1" sc="238,-40,227,130,183,-40,342,-40" /><INIT seed="5,1,0,3,1,104" ten="198,357,143,302" oya="1" hai0="48,80,35,26,77,130,119,70,128,94,124,41,4" hai1="78,49,97,58,18,56,102,31,100,1,2,107,129" hai2="69,99,71,29,33,101,64,82,121,62,76,51,17" hai3="8,117,44,68,47,63,60,131,122,59,95,11,54"/><U79/><E129/><V57/><F121/><W5/><G122/><T111/><D70/><U36/><E36/><V85/><F17/><W114/><G131/><T43/><D119/><U72/><E31/><V20/><F51/><W52/><G117/><T74/><D111/><U92/><E18/><V13/><F13/><W112/><G95/><T134/><D134/><U116/><E116/><V10/><F10/><W86/><G68/><T91/><D124/><U106/><E92/><V115/><F115/><W98/><G86/><T93/><D4/><U133/><E133/><V55/><F33/><W50/><G98/><T67/><D67/><U0/><E49/><V21/><F21/><W90/><G50/><T73/><D93/><U28/><E28/><V120/><F120/><W30/><G30/><T19/><D130/><U16/><E16/><V15/><F15/><W12/><G12/><T88/><D91/><U3/><E3/><V127/><F127/><W135/><G135/><T126/><D126/><U32/><E32/><V7/><F7/><W42/><G59/><T87/><D43/><U118/><E118/><V96/><F55/><W38/><G38/><T108/><D108/><U123/><E123/><V46/><F46/><W103/><G103/><T105/><D105/><U37/><E37/><V66/><F99/><W61/><G61/><T65/><D65/><U75/><E2/><V39/><F39/><W113/><G113/><T40/><D40/><U81/><E97/><V24/><F64/><W125/><G42/><T22/><D35/><U109/><E109/><V6/><F6/><RYUUKYOKU ba="1,0" sc="198,-15,357,15,143,15,302,-15" hai1="0,1,56,58,72,75,78,79,81,100,102,106,107" hai2="20,24,29,57,62,66,69,71,76,82,85,96,101" /><INIT seed="5,2,0,0,1,110" ten="183,372,158,287" oya="1" hai0="49,113,129,74,80,30,33,32,50,101,112,26,15" hai1="79,17,78,40,111,86,7,57,41,114,116,84,46" hai2="81,134,25,21,96,98,18,102,103,133,108,75,45" hai3="16,99,93,51,124,31,126,69,3,117,83,68,44"/><U121/><E116/><V2/><F2/><W36/><G3/><T73/><D129/><U130/><E111/><V14/><F108/><W13/><G117/><T131/><D131/><U6/><E130/><V20/><F45/><W119/><G83/><T70/><D70/><U60/><E121/><V54/><F54/><N who="3" m="30055" /><G31/><T122/><D33/><U19/><E46/><V91/><F75/><W92/><G36/><T76/><D122/><U125/><E57/><V4/><F4/><W12/><G12/><T97/><D15/><U64/><E60/><V29/><F81/><W27/><G27/><T90/><D90/><U94/><E94/><N who="3" m="36458" /><G99/><T106/><D74/><U23/><E23/><V120/><F120/><W95/><G95/><T5/><D5/><U71/><E71/><V89/><F89/><W127/><G119/><T67/><D67/><U37/><E64/><V65/><F65/><W43/><G43/><T34/><D34/><U105/><E37/><V87/><F87/><W24/><G24/><T11/><D11/><AGARI ba="2,0" hai="11,13,16,68,69,124,126,127" m="36458,30055" machi="11" ten="30,2000,0" yaku="18,1,54,1" doraHai="110" who="3" fromWho="0" sc="183,-26,372,0,158,0,287,26" /><INIT seed="6,0,0,5,5,31" ten="157,372,158,313" oya="2" hai0="35,90,93,110,30,56,53,85,64,69,21,129,113" hai1="71,24,65,68,18,48,9,97,19,67,111,40,132" hai2="59,107,38,4,104,124,58,117,86,109,96,33,120" hai3="37,88,130,102,118,127,133,29,63,3,128,5,45"/><V15/><F117/><W94/><G118/><T76/><D110/><U135/><E111/><V36/><F120/><W26/><G102/><T119/><D119/><U0/><E97/><V75/><F109/><W8/><G63/><T25/><D129/><N who="3" m="49769" /><G45/><T46/><D46/><N who="1" m="25671" /><E24/><V123/><F123/><W11/><G37/><N who="2" m="14441" /><F124/><W20/><G127/><T57/><D76/><U103/><E103/><V115/><F115/><W16/><G11/><T52/><D113/><U134/><E67/><V121/><F121/><W14/><G133/><T12/><D69/><N who="1" m="26699" /><E65/><V131/><F131/><W80/><G80/><T6/><D64/><U66/><E66/><V72/><F15/><W122/><G122/><T50/><D12/><U82/><E82/><V95/><F86/><N who="3" m="52503" /><G29/><T55/><D6/><AGARI ba="0,0" hai="0,6,9,18,19,132,134,135" m="26699,25671" machi="6" ten="40,1300,0" yaku="20,1" doraHai="31" who="1" fromWho="0" sc="157,-13,372,13,158,0,313,0" /><INIT seed="7,0,0,5,1,51" ten="144,385,158,313" oya="3" hai0="76,66,119,41,21,1,107,96,104,90,97,39,81" hai1="95,3,4,40,70,113,34,75,82,67,118,65,49" hai2="68,64,102,28,23,92,98,55,100,128,7,35,58" hai3="53,45,47,89,120,83,133,69,32,6,16,73,93"/><W131/><G120/><T36/><D1/><U111/><E34/><V31/><F128/><W63/><G32/><T88/><D119/><U43/><E111/><V62/><F35/><W14/><G131/><T94/><D66/><N who="1" m="25099" /><E3/><V106/><F7/><W33/><G69/><T71/><D71/><U105/><E75/><V11/><F11/><N who="3" m="6239" /><G33/><T19/><D41/><N who="1" m="15947" /><E105/><V101/><F28/><W0/><G0/><T46/><D46/><N who="3" m="17417" /><G73/><T116/><D116/><U109/><E70/><V91/><F31/><W50/><G133/><T127/><D127/><U54/><E109/><V132/><F23/><W114/><G114/><T108/><D108/><U134/><E134/><V25/><F25/><W123/><G123/><T74/><D39/><U124/><E124/><V37/><F37/><W56/><G6/><T122/><D36/><U38/><E38/><V48/><F132/><W117/><G83/><T85/><D19/><U10/><E118/><V27/><F27/><W26/><G117/><T86/><D21/><U18/><E113/><V30/><F30/><W61/><G26/><T110/><D110/><U78/><E4/><V72/><F72/><W20/><G20/><T121/><D121/><U22/><E10/><V29/><F29/><W17/><G17/><T80/><D122/><U79/><E82/><V126/><F126/><W57/><G57/><T5/><D5/><U130/><E130/><V42/><F42/><W2/><G2/><T12/><D12/><N who="1" m="9543" /><E95/><V129/><F129/><W112/><G112/><T15/><D15/><U8/><E8/><V44/><F68/><W60/><G93/><RYUUKYOKU ba="0,0" sc="144,0,385,0,158,0,313,0" hai0="74,76,80,81,85,86,88,90,94,96,97,104,107" hai1="49,54,78,79" hai2="44,48,55,58,62,64,91,92,98,100,101,102,106" hai3="50,53,56,60,61,63,89" /><INIT seed="7,1,0,4,5,68" ten="144,385,158,313" oya="3" hai0="103,11,52,133,23,45,113,26,27,74,82,84,116" hai1="111,55,34,78,51,135,46,29,56,80,73,124,28" hai2="112,75,58,131,92,93,22,0,94,65,19,77,71" hai3="81,115,20,9,129,62,10,67,83,25,107,53,50"/><W60/><G129/><T119/><D74/><U102/><E111/><V36/><F0/><W24/><G115/><T31/><D103/><U1/><E1/><V61/><F36/><W7/><G107/><T104/><D113/><U132/><E124/><V109/><F131/><W87/><G7/><T37/><D104/><U85/><E102/><V16/><F109/><W121/><G121/><T126/><D126/><U98/><E98/><V54/><F112/><W86/><G20/><T105/><D105/><U127/><E127/><V44/><F75/><W96/><G96/><T66/><D66/><U134/><E34/><V128/><F128/><W120/><G120/><T6/><D133/><U97/><E97/><V110/><F110/><W63/><G63/><T106/><D27/><U32/><E32/><V89/><F77/><W47/><G47/><T42/><D52/><N who="1" m="29815" /><E73/><V79/><F79/><W4/><G4/><T17/><D31/><U117/><E117/><V57/><F71/><W70/><G70/><T8/><D106/><U40/><E40/><V114/><F44/><W123/><G123/><T101/><D8/><U95/><E95/><N who="2" m="36427" /><F114/><W21/><G21/><T3/><D101/><U5/><E5/><V130/><F130/><W118/><G118/><T90/><AGARI ba="1,0" hai="3,6,11,17,23,26,37,42,45,82,84,90,116,119" machi="90" ten="20,2700,0" yaku="0,1,7,1,52,1" doraHai="68" who="0" fromWho="0" sc="144,30,385,-8,158,-8,313,-14" owari="174,-23.0,377,48.0,150,-35.0,299,10.0" /></mjloggm>