<mjloggm ver="2.3"><GO type="97" lobby="0"/><UN n0="%E3%83%95%E3%82%A1%E3%83%9F%E3%83%9E%E3%81%8C%E8%BF%91%E3%81%84" n1="%E3%82%A6%E3%83%AB%E3%83%88%E3%83%A9%E7%AB%8B%E7%9B%B4" n2="%E3%83%90%E3%83%88%E3%83%AB%E3%83%88%E3%83%A9" n3="%EF%BC%88%E6%88%92%E3%82%81%EF%BC%89" dan="14,15,13,13" rate="1880.51,1982.61,1812.65,1946.19" sx="M,M,M,M"/><TAIKYOKU oya="0"/><INIT seed="0,0,0,5,2,127" ten="250,250,250,250" oya="0" hai0="38,1,54,96,45,111,32,40,134,101,69,71,18" hai1="106,30,78,55,37,110,49,50,56,79,35,20,77" hai2="43,14,135,51,52,98,41,21,132,103,57,126,91" hai3="68,124,19,23,17,85,29,64,0,99,118,48,116"/><T61/><D134/><N who="2" m="51242" /><F126/><W10/><G118/><T8/><D111/><U4/><E37/><V108/><F108/><W12/><G116/><T34/><D69/><U113/><E106/><N who="2" m="63863" /><F91/><W42/><G124/><T81/><D81/><U70/><E70/><V46/><F46/><W47/><G29/><T107/><D54/><U84/><E35/><V133/><N who="2" m="51250" /><V2/><DORA hai="130" /><F2/><W60/><G0/><T13/><REACH who="0" step="1"/><D1/><REACH who="0" ten="240,250,250,250" step="2"/><U86/><E110/><V89/><F89/><W62/><G68/><T15/><D15/><U22/><E79/><V119/><F119/><W58/><G12/><T9/><D9/><U59/><E78/><V123/><F123/><W94/><G10/><T53/><D53/><U102/><E55/><V31/><F14/><W112/><G64/><AGARI ba="0,1" hai="8,13,18,32,34,38,40,45,61,64,71,96,101,107" machi="64" ten="40,2000,0" yaku="1,1,53,0" doraHai="127,130" doraHaiUra="105,16" who="0" fromWho="3" sc="240,30,250,0,250,0,250,-20" /><INIT seed="0,1,0,3,4,17" ten="270,250,250,230" oya="0" hai0="56,28,20,67,131,26,41,116,37,5,7,3,71" hai1="48,103,10,52,38,19,76,122,51,0,43,4,108" hai2="95,49,30,27,44,32,124,84,110,8,135,22,126" hai3="119,78,120,77,104,101,105,83,55,53,111,68,75"/><T15/><D116/><U133/><E122/><V1/><F32/><W91/><G68/><T14/><D131/><U99/><E108/><V93/><F110/><W117/><G111/><T62/><D3/><U115/><E115/><V129/><F129/><W134/><G55/><T58/><D71/><U87/><E133/><V98/><F135/><W96/><G134/><T121/><D121/><U18/><E38/><V88/><F1/><W23/><G53/><T132/><D132/><U12/><E43/><N who="2" m="24735" /><F8/><W70/><G70/><T33/><D41/><U39/><E39/><V85/><F95/><N who="3" m="58527" /><G23/><T36/><D36/><U109/><E109/><V69/><F69/><W89/><G120/><T92/><D37/><U2/><E51/><V81/><F81/><N who="3" m="45247" /><G78/><T127/><D33/><U47/><E0/><V29/><F29/><W128/><G128/><T113/><D113/><U6/><E6/><V13/><F13/><W130/><G130/><T65/><D15/><U9/><E19/><V123/><F123/><W54/><G54/><T35/><D35/><U11/><E76/><V100/><F100/><W61/><G61/><T64/><D62/><U45/><E45/><V118/><F118/><N who="3" m="45067" /><G83/><T59/><D14/><U90/><E4/><V66/><F66/><W60/><G60/><T25/><D25/><U86/><E2/><V80/><F80/><W107/><AGARI ba="1,0" hai="89,91,104,105,107" m="45067,45247,58527" machi="107" ten="40,2700,0" yaku="34,2" doraHai="17" who="3" fromWho="3" sc="270,-14,250,-8,250,-8,230,30" /><INIT seed="1,0,0,3,0,63" ten="256,242,242,260" oya="1" hai0="5,17,51,2,31,121,35,14,13,87,134,132,96" hai1="18,30,107,93,28,56,11,26,122,88,106,91,29" hai2="123,20,4,43,80,3,81,6,12,85,19,116,98" hai3="54,79,67,109,75,124,70,61,40,46,133,27,76"/><U74/><E74/><V48/><F123/><W101/><G109/><T32/><D96/><U103/><E122/><V114/><F116/><W1/><G1/><T58/><D121/><U110/><E110/><V15/><F114/><W25/><G75/><T131/><D131/><U52/><E103/><V23/><F98/><W126/><G101/><T71/><D71/><U82/><E82/><V42/><F3/><W53/><G133/><N who="0" m="51307" /><D87/><U100/><E100/><V84/><F48/><W78/><G27/><N who="0" m="18559" /><D35/><U24/><E24/><V90/><REACH who="2" step="1"/><F19/><REACH who="2" ten="256,242,232,260" step="2"/><W36/><REACH who="3" step="1"/><G25/><REACH who="3" ten="256,242,232,250" step="2"/><T86/><D2/><U60/><E26/><V111/><F111/><W72/><G72/><T125/><D14/><N who="1" m="7519" /><E107/><V10/><F10/><W83/><G83/><T50/><D13/><U45/><E106/><V37/><F37/><W7/><G7/><T69/><D5/><U112/><E112/><V97/><F97/><W39/><G39/><T59/><D86/><U127/><E93/><V117/><F117/><W21/><G21/><T120/><D120/><U34/><E34/><V94/><F94/><W65/><G65/><T62/><D17/><U108/><E108/><V44/><F44/><W92/><G92/><T33/><D33/><U22/><E22/><V77/><F77/><W57/><G57/><T130/><D59/><U105/><E105/><V99/><F99/><W118/><G118/><T102/><D58/><U89/><E45/><V129/><F129/><W128/><G128/><T55/><D130/><U115/><E115/><V68/><F68/><W119/><G119/><T73/><D69/><U64/><E64/><RYUUKYOKU ba="0,2" sc="256,-30,242,10,232,10,250,10" hai1="28,29,30,52,56,60,88,89,91,127" hai2="4,6,12,15,20,23,42,43,80,81,84,85,90" hai3="36,40,46,53,54,61,67,70,76,78,79,124,126" /><INIT seed="1,1,2,5,0,29" ten="226,252,242,260" oya="1" hai0="52,82,92,87,4,75,8,112,53,78,22,34,133" hai1="84,91,109,46,50,135,96,56,61,100,30,77,99" hai2="88,23,42,45,107,9,125,97,98,95,81,49,116" hai3="19,123,93,120,12,134,25,55,73,2,18,72,70"/><U131/><E131/><V10/><F116/><W85/><G2/><T54/><D112/><U132/><E77/><V106/><F125/><W69/><G134/><N who="1" m="51242" /><E30/><V11/><F23/><W20/><G123/><T119/><D133/><U57/><E109/><V127/><F127/><W124/><G124/><T43/><D119/><U80/><E61/><V101/><REACH who="2" step="1"/><F81/><REACH who="2" ten="226,252,232,260" step="2"/><W5/><G120/><T130/><D130/><U76/><E76/><V103/><F103/><W16/><G20/><T31/><D34/><U108/><E108/><V68/><F68/><W38/><G70/><T117/><D117/><U44/><E44/><V51/><F51/><W28/><G69/><T48/><D22/><U102/><E102/><V17/><F17/><W122/><G19/><T40/><D31/><U6/><E6/><V105/><AGARI ba="1,3" hai="9,10,11,42,45,49,88,95,97,98,101,105,106,107" machi="105" ten="30,7900,0" yaku="1,1,0,1,54,1,53,1" doraHai="29" doraHaiUra="39" who="2" fromWho="2" sc="226,-21,252,-40,232,112,260,-21" /><INIT seed="2,0,0,5,4,110" ten="205,212,344,239" oya="2" hai0="2,72,85,90,33,44,107,114,1,81,19,14,28" hai1="64,57,95,111,109,22,24,83,87,55,73,38,53" hai2="97,43,108,98,56,71,7,127,25,116,121,101,106" hai3="0,118,36,47,100,76,89,15,120,12,86,96,40"/><V52/><F108/><N who="1" m="41545" /><E38/><V45/><F121/><W88/><G120/><T115/><D107/><U129/><E129/><V102/><F116/><W23/><G118/><T79/><D33/><U80/><E64/><V13/><F71/><W62/><G62/><T54/><D28/><U65/><E65/><V78/><F78/><W32/><G32/><T6/><D79/><N who="1" m="44143" /><E95/><V93/><F127/><W50/><G36/><T48/><D72/><U42/><E42/><V113/><F25/><W69/><G69/><T94/><D94/><U84/><E83/><V74/><F45/><W61/><G0/><N who="0" m="107" /><D6/><U27/><E27/><V5/><F43/><W35/><G35/><T17/><D17/><N who="1" m="12367" /><E53/><V9/><F74/><W70/><G40/><T104/><D104/><U99/><E99/><V29/><F7/><W128/><G128/><T41/><D41/><U130/><E130/><V132/><F29/><W31/><G31/><T60/><D60/><AGARI ba="0,0" hai="55,57,60,84,87" m="12367,44143,41545" machi="60" ten="30,1000,0" yaku="14,1" doraHai="110" who="1" fromWho="0" sc="205,-10,212,10,344,0,239,0" /><INIT seed="3,0,0,2,5,76" ten="195,222,344,239" oya="3" hai0="106,9,39,10,98,84,82,58,29,122,5,100,62" hai1="23,75,7,109,113,126,61,101,28,55,102,65,3" hai2="108,94,83,64,14,52,119,96,97,74,120,133,78" hai3="70,128,49,90,110,17,80,81,107,123,48,11,16"/><W47/><G123/><T45/><D122/><U87/><E75/><V112/><F120/><W57/><G107/><T118/><D118/><U32/><E32/><V99/><F119/><W93/><G70/><T37/><D29/><U63/><E7/><V131/><F112/><W116/><G116/><T22/><D22/><U13/><E3/><V38/><F38/><W73/><G73/><T111/><D111/><U43/><E43/><V2/><F108/><W24/><G110/><T103/><D103/><U105/><E105/><V53/><F133/><W19/><G128/><T115/><D115/><U20/><E113/><V21/><F131/><W15/><G24/><T89/><D45/><U27/><E126/><V68/><F94/><W40/><G57/><T0/><REACH who="0" step="1"/><D10/><REACH who="0" ten="185,222,344,239" step="2"/><U6/><E109/><V71/><F21/><W8/><G8/><T56/><D56/><N who="1" m="37031" /><E23/><V114/><F114/><W129/><G129/><T51/><D51/><U60/><E20/><V12/><F71/><W95/><G49/><T132/><D132/><U72/><E27/><V86/><F68/><W44/><G44/><T42/><D42/><U4/><E28/><V66/><F64/><AGARI ba="0,1" hai="0,5,9,37,39,58,62,64,82,84,89,98,100,106" machi="64" ten="30,3900,0" yaku="1,1,7,1,52,1,53,0" doraHai="76" doraHaiUra="130" who="0" fromWho="2" sc="185,49,222,0,344,-39,239,0" owari="234,-17.0,222,-28.0,305,41.0,239,4.0" /></mjloggm>