<mjloggm ver="2.3"><GO type="97" lobby="0"/><UN n0="%73%61%6C%74%79%64%6F%67" n1="%E3%82%A6%E3%83%AB%E3%83%88%E3%83%A9%E7%AB%8B%E7%9B%B4" n2="%E3%82%B9%E3%82%A4%E3%82%B9%E3%83%95%E3%83%A9%E3%83%B3" n3="%E3%83%8B%E3%83%80%E3%83%95%E3%82%A1%E3%82%A4%E3%82%BF%E3%83%BC" dan="14,14,14,13" rate="1914.12,1940.23,1859.28,1886.34" sx="M,M,M,M"/><TAIKYOKU oya="0"/><INIT seed="0,0,0,5,2,24" ten="250,250,250,250" oya="0" hai0="45,87,36,64,4,58,96,80,12,0,112,71,41" hai1="123,131,62,74,101,130,63,97,50,17,26,48,68" hai2="103,7,135,98,66,114,95,129,105,56,102,128,61" hai3="44,109,2,30,127,113,14,47,82,126,100,79,69"/><T16/><D112/><U54/><E74/><V122/><F114/><W15/><G113/><T78/><D71/><U3/><E3/><V31/><F122/><W42/><G2/><T92/><D4/><U88/><E123/><V22/><F135/><W132/><G69/><T39/><D0/><U55/><E68/><V34/><F34/><W10/><G132/><T35/><D35/><U9/><E9/><V18/><F31/><W121/><G121/><T85/><D87/><U32/><E17/><V13/><REACH who="2" step="1"/><F7/><REACH who="2" ten="250,250,240,250" step="2"/><W11/><G30/><T76/><D36/><U117/><E32/><V49/><F49/><W134/><G134/><T124/><D124/><U89/><E26/><V29/><F29/><W6/><G109/><T57/><D64/><U104/><E48/><V51/><F51/><W5/><G126/><T99/><D58/><U116/><E50/><V72/><F72/><W52/><G127/><T125/><D57/><U59/><E59/><V37/><F37/><W107/><G6/><T70/><D125/><U73/><E73/><V20/><F20/><W83/><G5/><T77/><D70/><U21/><E62/><V27/><F27/><W53/><G42/><T91/><D99/><AGARI ba="0,1" hai="13,18,22,56,61,66,95,98,99,102,103,105,128,129" machi="99" ten="40,1300,0" yaku="1,1,53,0" doraHai="24" doraHaiUra="119" who="2" fromWho="0" sc="250,-13,250,0,240,23,250,0" /><INIT seed="1,0,0,5,1,7" ten="237,250,263,250" oya="1" hai0="44,41,6,113,83,3,112,106,29,56,91,97,109" hai1="78,4,108,115,80,75,76,34,82,71,35,128,37" hai2="19,32,87,15,25,38,30,99,16,57,102,22,86" hai3="8,111,129,134,48,66,135,93,9,117,90,42,40"/><U39/><E115/><V12/><F38/><W63/><G111/><T64/><D109/><U92/><E108/><V132/><F57/><N who="3" m="37231" /><G129/><T70/><D70/><U95/><E71/><V18/><F132/><N who="3" m="50731" /><G117/><T96/><D113/><U50/><E50/><V46/><F46/><N who="3" m="25671" /><G42/><T49/><D112/><U33/><E128/><V131/><F131/><W31/><G31/><T65/><D106/><U54/><E54/><V100/><F18/><W36/><G36/><T114/><D114/><U116/><E116/><V88/><F99/><AGARI ba="0,0" hai="8,9,90,93,99" m="25671,50731,37231" machi="99" ten="30,3900,0" yaku="20,1,52,2" doraHai="7" who="3" fromWho="2" sc="237,0,250,0,263,-39,250,39" /><INIT seed="2,0,0,0,0,92" ten="237,250,224,289" oya="2" hai0="58,107,126,123,46,11,67,119,90,105,135,6,23" hai1="34,69,86,7,121,22,70,24,132,65,106,2,80" hai2="41,56,10,63,122,19,17,64,61,127,40,87,38" hai3="73,26,95,48,50,36,102,66,5,43,55,20,97"/><V8/><F122/><W29/><G29/><T115/><BYE who="3" /><D123/><U45/><E121/><V114/><F114/><W18/><G18/><N who="2" m="6665" /><F38/><W42/><G42/><N who="2" m="16489" /><F127/><W21/><G21/><T33/><D115/><U78/><E106/><V0/><F0/><W25/><G25/><T88/><D33/><UN n3="%E3%83%8B%E3%83%80%E3%83%95%E3%82%A1%E3%82%A4%E3%82%BF%E3%83%BC" /><U129/><E34/><V99/><F87/><W111/><G73/><T108/><D126/><U68/><E129/><V134/><F134/><W57/><G5/><T128/><D135/><U16/><E132/><V13/><F13/><W113/><G36/><T47/><D119/><U100/><E45/><V94/><F63/><W71/><G71/><T1/><D107/><U39/><E39/><V49/><F49/><W109/><G50/><T31/><D105/><U59/><E7/><V15/><F15/><W116/><G116/><T54/><D1/><U44/><E44/><V28/><F28/><W117/><G117/><T85/><D31/><U110/><E2/><V98/><F94/><W27/><G43/><T37/><D37/><U133/><E133/><V120/><F120/><W101/><G27/><T104/><D104/><U62/><E100/><V83/><F83/><W93/><G113/><T130/><D47/><U84/><REACH who="1" step="1"/><E86/><REACH who="1" ten="237,240,224,289" step="2"/><V96/><AGARI ba="0,1" hai="8,10,56,61,64,96,98,99" m="16489,6665" machi="96" ten="30,11700,0" yaku="8,1,52,3" doraHai="92" who="2" fromWho="2" sc="237,-39,240,-39,224,127,289,-39" /><INIT seed="2,1,0,3,4,126" ten="198,201,351,250" oya="2" hai0="26,118,59,129,11,14,78,29,93,77,99,132,80" hai1="66,48,107,4,121,103,64,104,117,22,124,19,122" hai2="76,70,75,39,84,92,106,102,91,58,16,123,101" hai3="111,33,86,28,54,55,135,67,40,72,5,3,7"/><V96/><F70/><W108/><G72/><T88/><D118/><U95/><E117/><V120/><F39/><W116/><G116/><T47/><D47/><U51/><E4/><V100/><F16/><W56/><G40/><T94/><D93/><U57/><E95/><V115/><F58/><W81/><G135/><T41/><D41/><U131/><E124/><V98/><F115/><W109/><G67/><T65/><D132/><U71/><E71/><V32/><F32/><W42/><G42/><T114/><D114/><U17/><E22/><V125/><F125/><W128/><G128/><T63/><D129/><U73/><E103/><N who="2" m="39499" /><F96/><W105/><G105/><T79/><D26/><U12/><E12/><V35/><F35/><W10/><G7/><T134/><D29/><U46/><E57/><V37/><F37/><W8/><G8/><T50/><D50/><U53/><E53/><V23/><F23/><W60/><G28/><T18/><REACH who="0" step="1"/><D134/><REACH who="0" ten="188,201,351,250" step="2"/><U61/><E46/><V89/><F89/><N who="3" m="51407" /><G33/><T13/><D13/><U52/><E107/><V113/><F113/><W6/><G3/><T36/><D36/><U9/><E104/><V127/><F127/><W112/><G112/><T31/><D31/><U25/><E25/><V119/><F119/><W68/><G111/><T133/><D133/><U15/><E15/><V87/><F87/><AGARI ba="1,1" hai="11,14,18,59,63,65,77,78,79,80,87,88,94,99" machi="87" ten="30,7700,0" yaku="1,1,7,1,8,1,54,1,53,0" doraHai="126" doraHaiUra="21" who="0" fromWho="2" sc="188,90,201,0,351,-80,250,0" /><INIT seed="3,0,0,1,5,6" ten="278,201,271,250" oya="3" hai0="102,118,97,84,57,3,110,73,127,88,0,20,81" hai1="22,116,98,27,91,133,67,72,111,54,100,112,12" hai2="56,31,80,132,21,126,94,135,115,131,96,55,4" hai3="53,14,23,93,36,63,2,38,65,107,33,122,69"/><W68/><G33/><T82/><D118/><U9/><E72/><V40/><F115/><W25/><G107/><T29/><D127/><U86/><E112/><V18/><F126/><W120/><G2/><T128/><D110/><U90/><E111/><V10/><F131/><W99/><G69/><T61/><D128/><U52/><E133/><N who="2" m="51275" /><F40/><W37/><G14/><T7/><D73/><U108/><E108/><V45/><F31/><W50/><G93/><N who="0" m="58671" /><D3/><U8/><E67/><V1/><F45/><N who="3" m="27855" /><G99/><T121/><D7/><U125/><E125/><V62/><F80/><W104/><G23/><T117/><D0/><U19/><E116/><V41/><F41/><W87/><G87/><T74/><D117/><U113/><E113/><V79/><F79/><W59/><G25/><N who="0" m="16551" /><D74/><U49/><E54/><V26/><F96/><W32/><G32/><T75/><D75/><U101/><E98/><V64/><F94/><W34/><G34/><T78/><D121/><N who="3" m="46697" /><G104/><T16/><D78/><U48/><E91/><V46/><F46/><W71/><AGARI ba="0,0" hai="36,37,38,59,63,65,68,71" m="46697,27855" machi="71" ten="40,3900,0" yaku="34,2" doraHai="6" who="3" fromWho="3" sc="278,-13,201,-13,271,-13,250,39" /><INIT seed="3,1,0,5,5,88" ten="265,188,258,289" oya="3" hai0="0,118,49,26,114,12,60,37,27,124,39,106,16" hai1="38,29,117,55,110,127,115,17,64,101,95,126,69" hai2="1,119,73,32,6,122,48,59,79,111,61,22,92" hai3="43,113,103,94,15,46,75,82,98,24,104,45,4"/><W80/><G113/><T77/><D114/><U132/><E29/><V34/><F119/><W52/><G104/><T2/><D118/><U93/><E115/><V8/><F111/><W42/><G75/><T40/><D106/><U123/><E117/><V116/><F116/><W62/><G24/><T87/><D124/><N who="1" m="47659" /><E123/><V25/><F122/><W14/><G4/><T10/><D2/><U135/><E38/><V121/><F121/><W47/><G82/><N who="0" m="47567" /><D0/><U85/><E110/><V11/><F11/><W36/><G80/><T76/><D39/><U54/><E64/><V91/><F48/><W21/><G21/><T107/><D37/><U68/><E17/><N who="2" m="12495" /><F73/><W134/><G134/><N who="1" m="51242" /><E85/><V41/><F79/><W133/><G133/><T18/><D76/><U84/><E84/><V89/><F41/><N who="3" m="15371" /><G36/><T130/><D40/><U100/><E100/><V63/><F34/><W74/><G74/><T56/><D27/><U108/><E108/><V35/><F32/><W109/><G109/><T44/><D26/><U78/><E78/><V128/><F35/><W99/><G99/><T50/><D107/><U70/><E101/><V81/><F1/><W112/><G112/><T86/><D86/><U97/><E97/><V125/><F125/><W9/><G9/><T7/><D10/><U120/><E120/><V31/><F8/><W102/><G102/><T90/><D18/><U131/><E131/><V19/><F19/><W5/><G5/><T105/><D130/><U20/><E20/><V3/><F6/><W129/><G129/><T58/><D7/><U53/><AGARI ba="1,0" hai="53,54,55,68,69,70,93,95" m="51242,47659" machi="53" ten="50,12000,2" yaku="28,2,18,1,20,1,52,2" doraHai="88" who="1" fromWho="1" sc="265,-31,188,123,258,-31,289,-61" owari="234,3.0,311,41.0,227,-27.0,228,-17.0" /></mjloggm>