<mjloggm ver="2.3"><GO type="97" lobby="0"/><UN n0="%E3%82%A6%E3%83%AB%E3%83%88%E3%83%A9%E7%AB%8B%E7%9B%B4" n1="%E3%81%8A%E3%81%93%E3%82%93%E5%A7%90%E3%81%95%E3%82%93" n2="%E4%B8%AD%E6%9D%91%E3%81%97%E3%82%89%E3%81%99" n3="%E8%B1%8A%E8%87%A3%E7%A7%80%E5%B9%B8" dan="15,13,15,14" rate="1962.06,1854.56,1963.39,1920.91" sx="M,F,M,M"/><TAIKYOKU oya="0"/><INIT seed="0,0,0,4,1,129" ten="250,250,250,250" oya="0" hai0="102,103,10,61,117,72,27,23,131,50,127,60,112" hai1="70,15,119,52,31,12,68,44,54,85,58,69,13" hai2="48,110,25,66,3,93,14,98,87,29,130,0,21" hai3="38,40,121,125,88,92,4,11,20,67,128,73,75"/><T24/><D72/><U89/><E119/><V19/><F110/><W74/><G67/><T17/><D112/><U7/><E7/><V126/><F126/><W53/><G40/><T42/><D117/><U16/><E31/><V5/><F130/><W37/><G121/><T59/><D127/><U71/><N who="1" m="17920" /><DORA hai="55" /><U49/><E54/><V90/><F66/><W133/><G20/><N who="0" m="13327" /><D10/><U81/><REACH who="1" step="1"/><E44/><REACH who="1" ten="250,240,250,250" step="2"/><V118/><F118/><W79/><G53/><N who="0" m="32183" /><D131/><U116/><E116/><V95/><F5/><W80/><G128/><T124/><D124/><U113/><E113/><V109/><F109/><W63/><G125/><T28/><D42/><U26/><E26/><V132/><F3/><W115/><G115/><T106/><D106/><U8/><AGARI ba="0,1" hai="8,12,13,15,16,49,52,58,81,85,89" m="17920" machi="8" ten="60,12000,2" yaku="1,1,0,1,52,1,54,2,53,1" doraHai="129,55" doraHaiUra="83,32" who="1" fromWho="1" sc="250,-60,240,130,250,-30,250,-30" /><INIT seed="1,0,0,0,1,19" ten="190,370,220,220" oya="1" hai0="48,102,9,56,17,112,3,95,22,84,98,50,38" hai1="97,93,132,124,53,118,86,62,75,82,47,30,34" hai2="79,108,123,0,45,88,20,36,10,127,111,114,52" hai3="69,120,73,134,110,61,106,119,116,33,51,126,39"/><U24/><E118/><V54/><F127/><W76/><G51/><T135/><D38/><U55/><E124/><V96/><F123/><W32/><G61/><T12/><D112/><U7/><E75/><V122/><F122/><W90/><G90/><T72/><D72/><U58/><E132/><V71/><F114/><W99/><G99/><T8/><D135/><U113/><E113/><V64/><F79/><W26/><G26/><T27/><D3/><U63/><E7/><N who="2" m="1383" /><F20/><W14/><G14/><T4/><D9/><U129/><E129/><V43/><F64/><W68/><G76/><T101/><D101/><U2/><E2/><V11/><F11/><W87/><G87/><T78/><REACH who="0" step="1"/><D56/><REACH who="0" ten="180,370,220,220" step="2"/><U42/><E47/><V100/><F100/><W121/><G73/><T131/><D131/><U1/><E1/><V65/><F45/><W117/><G39/><T23/><D23/><U115/><E115/><V25/><F36/><W107/><G134/><T59/><D59/><U67/><E42/><V15/><F43/><W81/><G117/><T29/><D29/><U109/><E109/><V83/><F108/><W92/><G110/><T80/><AGARI ba="0,1" hai="4,8,12,17,22,27,48,50,78,80,84,95,98,102" machi="80" ten="30,7900,0" yaku="1,1,0,1,8,1,52,1,53,0" doraHai="19" doraHaiUra="37" who="0" fromWho="0" sc="180,89,370,-39,220,-20,220,-20" /><INIT seed="2,0,0,1,1,108" ten="269,331,200,200" oya="2" hai0="23,68,129,92,128,5,47,83,121,53,133,33,127" hai1="84,125,76,115,59,45,131,55,43,35,7,27,31" hai2="22,40,28,130,77,44,122,10,89,54,63,74,64" hai3="32,116,50,85,113,14,61,102,58,51,99,67,46"/><V95/><F122/><W98/><G32/><T20/><D33/><U36/><E131/><N who="0" m="50249" /><D68/><U103/><E125/><V4/><F130/><W104/><G116/><T78/><D127/><U25/><E25/><V124/><F124/><W86/><G99/><T16/><D133/><U120/><E120/><V87/><F74/><W107/><G107/><T80/><D5/><U109/><E109/><V37/><F77/><W118/><G118/><T117/><D117/><U100/><E7/><V19/><F28/><W106/><G106/><T2/><D2/><U26/><E26/><V17/><F54/><W111/><G113/><T41/><D53/><U90/><E115/><V71/><REACH who="2" step="1"/><F22/><REACH who="2" ten="269,331,190,200" step="2"/><W29/><G29/><T105/><D23/><U69/><E76/><V114/><F114/><W62/><G111/><T82/><D78/><U119/><E119/><V38/><F38/><W1/><G67/><T56/><D20/><U110/><E110/><V6/><F6/><W11/><G11/><T15/><D121/><U60/><E69/><V101/><F101/><W112/><G102/><T134/><D134/><U79/><E79/><V30/><F30/><W91/><G112/><T57/><D41/><U18/><E18/><V97/><F97/><W42/><G98/><T0/><D16/><U12/><E12/><AGARI ba="0,1" hai="4,10,12,17,19,37,40,44,63,64,71,87,89,95" machi="12" ten="30,2900,0" yaku="1,1,7,1,53,0" doraHai="108" doraHaiUra="135" who="2" fromWho="1" sc="269,0,331,-29,190,39,200,0" /><INIT seed="2,1,0,3,2,91" ten="269,302,229,200" oya="2" hai0="30,39,114,19,63,105,21,18,24,106,25,1,85" hai1="81,29,71,40,14,41,8,52,33,88,65,127,76" hai2="95,5,103,100,97,119,69,27,92,131,70,26,80" hai3="128,90,44,0,51,22,83,86,60,42,62,23,28"/><V4/><F131/><W102/><G0/><T67/><D39/><U77/><E127/><V89/><F80/><W134/><G128/><T34/><D1/><U53/><E71/><V108/><F108/><W79/><G134/><T49/><D114/><U94/><E65/><V12/><F12/><W56/><G102/><T116/><D116/><U133/><E29/><V121/><F89/><W13/><G62/><T38/><D38/><U55/><E33/><V82/><F82/><W61/><G61/><T99/><D85/><N who="1" m="48295" /><E77/><V59/><F59/><W3/><G3/><T122/><D122/><U135/><E135/><V47/><F47/><W111/><G111/><T126/><D126/><U104/><E104/><V123/><REACH who="2" step="1"/><F97/><REACH who="2" ten="269,302,219,200" step="2"/><W78/><G78/><T16/><D99/><N who="1" m="57799" /><E133/><V11/><F11/><W37/><G79/><T98/><D98/><U64/><E64/><V125/><F125/><W58/><G90/><T50/><D67/><U93/><E93/><V72/><F72/><W31/><G83/><T36/><D106/><U46/><E46/><V57/><F57/><N who="3" m="22123" /><G44/><T115/><D105/><U132/><E132/><V43/><F43/><W66/><G42/><T17/><D115/><U20/><E20/><V110/><F110/><W10/><G23/><T113/><D113/><U73/><E73/><V7/><F7/><AGARI ba="1,1" hai="7,8,14,40,41,52,53,55" m="57799,48295" machi="7" ten="30,7700,0" yaku="8,1,52,1,54,2" doraHai="91" who="1" fromWho="2" sc="269,0,302,90,219,-80,200,0" /><INIT seed="3,0,0,5,5,0" ten="269,392,139,200" oya="3" hai0="84,135,21,112,122,99,88,4,70,134,6,78,39" hai1="100,71,54,85,22,28,36,13,116,104,9,73,115" hai2="94,52,108,27,65,98,91,93,117,16,34,51,46" hai3="83,24,90,31,125,35,118,106,3,10,48,58,42"/><W11/><G106/><T25/><D39/><U76/><E115/><V75/><F75/><W17/><G118/><T64/><D122/><U95/><E36/><V113/><F108/><W33/><G33/><T1/><D1/><U18/><E71/><V110/><F110/><W29/><G29/><T49/><D112/><U12/><E116/><V124/><F124/><W38/><G38/><T62/><D49/><U127/><E127/><V8/><F113/><W47/><G125/><T109/><D99/><U59/><E104/><V14/><F117/><W77/><G90/><T92/><D78/><U101/><E73/><V111/><F111/><W20/><G58/><T53/><D53/><U80/><E95/><V41/><F65/><W30/><G30/><N who="0" m="17711" /><D109/><U74/><E74/><V56/><F34/><W103/><G103/><T5/><D62/><U114/><E28/><V2/><F2/><W79/><G79/><T23/><D23/><U68/><E68/><V102/><F27/><W87/><G3/><T66/><D70/><U96/><E96/><V63/><F91/><W40/><G42/><T131/><D131/><U50/><E114/><V119/><F119/><W26/><AGARI ba="0,0" hai="10,11,17,20,24,26,31,35,40,47,48,77,83,87" machi="26" ten="20,2100,0" yaku="0,1,7,1" doraHai="0" who="3" fromWho="3" sc="269,-7,392,-7,139,-7,200,21" /><INIT seed="3,1,0,2,5,80" ten="262,385,132,221" oya="3" hai0="74,68,133,13,44,123,90,134,6,24,46,76,2" hai1="47,112,56,94,19,81,114,88,15,65,20,66,7" hai2="111,104,62,28,39,127,109,84,67,48,107,124,101" hai3="69,108,14,78,98,17,52,106,132,128,26,5,100"/><W130/><G69/><T45/><D68/><U11/><E81/><V16/><F28/><W64/><G78/><T4/><D2/><U9/><E9/><V0/><F0/><W41/><G64/><T37/><D37/><U85/><E47/><V58/><F39/><W91/><G41/><T32/><D123/><U42/><E42/><V33/><F33/><W110/><G132/><N who="0" m="50795" /><D13/><U115/><REACH who="1" step="1"/><E56/><REACH who="1" ten="262,375,132,221" step="2"/><V53/><F84/><W35/><G5/><T120/><D4/><U27/><AGARI ba="1,1" hai="7,11,15,19,20,27,65,66,85,88,94,112,114,115" machi="27" ten="30,8000,1" yaku="1,1,2,1,0,1,52,1,54,1,53,0" doraHai="80" doraHaiUra="31" who="1" fromWho="1" sc="262,-21,375,93,132,-21,221,-41" owari="241,4.0,468,57.0,111,-39.0,180,-22.0" /></mjloggm>