<mjloggm ver="2.3"><GO type="97" lobby="0"/><UN n0="%6B%69%6D%69%E3%81%95%E3%82%93" n1="%E3%82%A6%E3%83%AB%E3%83%88%E3%83%A9%E7%AB%8B%E7%9B%B4" n2="%72%65%64%73%72%65%64%73" n3="%52%69%6E%67%79%69" dan="15,14,14,13" rate="2003.17,1967.13,1989.75,1909.54" sx="M,M,M,F"/><TAIKYOKU oya="0"/><INIT seed="0,0,0,5,2,131" ten="250,250,250,250" oya="0" hai0="103,38,116,77,15,117,105,47,64,76,132,37,35" hai1="61,78,5,100,2,96,27,14,127,24,46,102,97" hai2="53,43,88,20,8,107,90,134,74,126,32,95,7" hai3="104,1,11,68,81,112,83,82,62,108,84,22,101"/><T13/><D35/><U16/><E2/><V124/><F32/><W65/><G108/><T75/><D64/><U4/><E78/><V12/><F74/><W120/><G112/><T57/><D57/><U10/><E46/><V109/><F107/><W36/><G36/><T122/><D122/><U79/><E79/><V69/><F69/><W59/><G120/><T31/><D31/><U39/><E39/><V72/><F72/><W110/><G110/><T60/><D75/><U99/><E127/><N who="2" m="48683" /><F109/><W40/><G40/><T86/><D47/><U133/><E133/><V33/><F33/><W21/><G68/><T28/><D28/><U87/><E87/><N who="2" m="52639" /><F43/><W42/><G42/><T58/><D105/><U73/><E73/><V9/><F20/><W56/><G56/><T49/><D58/><U52/><E52/><V48/><F90/><W130/><G130/><T66/><D77/><U54/><E54/><V29/><F29/><W128/><G128/><T50/><D76/><U98/><E61/><V6/><F9/><W114/><G114/><T23/><D60/><U135/><E135/><V44/><F7/><W119/><G119/><T26/><D132/><AGARI ba="0,0" hai="6,8,12,44,48,53,132,134" m="52639,48683" machi="132" ten="30,7700,0" yaku="18,1,52,2,54,1" doraHai="131" who="2" fromWho="0" sc="250,-77,250,0,250,77,250,0" /><INIT seed="1,0,0,0,3,11" ten="173,250,327,250" oya="1" hai0="45,129,99,23,116,101,46,103,89,69,4,47,29" hai1="98,22,19,132,119,127,112,64,111,115,126,128,5" hai2="51,123,87,33,82,65,88,57,90,20,48,73,124" hai3="37,80,14,83,36,17,78,96,113,105,42,71,55"/><U94/><E64/><V56/><F33/><W2/><G2/><T25/><D116/><U68/><E68/><V12/><F73/><W26/><G78/><T40/><D69/><U97/><E119/><V108/><F123/><W118/><G71/><T30/><D129/><U102/><E5/><V18/><F108/><W21/><G113/><T27/><D4/><U66/><E66/><V8/><F124/><N who="1" m="47657" /><E128/><V104/><F104/><W54/><G118/><T62/><D62/><U117/><E117/><V59/><F65/><W15/><G42/><T79/><D79/><U32/><E32/><V10/><F90/><W13/><G37/><T35/><D89/><N who="1" m="55503" /><E132/><V93/><F82/><N who="3" m="31275" /><G36/><T1/><D103/><U52/><E52/><N who="3" m="20010" /><G105/><T67/><D67/><U58/><E58/><V6/><F6/><W100/><G96/><T31/><D1/><U85/><E85/><V72/><F72/><W130/><G130/><T120/><D120/><U122/><E122/><V76/><F76/><W3/><G3/><T75/><D75/><U135/><E135/><V60/><F60/><W44/><G100/><T107/><REACH who="0" step="1"/><D31/><REACH who="0" ten="163,250,327,250" step="2"/><U0/><E0/><V131/><F131/><W121/><G121/><T38/><AGARI ba="0,1" hai="23,25,27,29,30,35,38,40,45,46,47,99,101,107" machi="38" ten="20,5200,0" yaku="1,1,2,1,0,1,7,1,53,0" doraHai="11" doraHaiUra="109" who="0" fromWho="0" sc="163,62,250,-26,327,-13,250,-13" /><INIT seed="2,0,0,3,3,3" ten="225,224,314,237" oya="2" hai0="122,91,123,16,104,118,79,102,41,48,132,117,38" hai1="13,125,113,107,4,54,53,17,128,110,106,67,80" hai2="44,86,55,65,12,72,19,60,0,109,70,42,31" hai3="47,89,30,108,58,78,62,5,6,25,21,69,64"/><V45/><F72/><W93/><G108/><T1/><D38/><U75/><E113/><V46/><F0/><W84/><G78/><T131/><D79/><U22/><E110/><V115/><F31/><W14/><G69/><T50/><D1/><U29/><E67/><V92/><F109/><W61/><G61/><T101/><D132/><U87/><E75/><V10/><F115/><W105/><G105/><T15/><D91/><U99/><E125/><V83/><F55/><W119/><G119/><N who="0" m="45579" /><D131/><U34/><E128/><V59/><F92/><W114/><G114/><T57/><D41/><U56/><E99/><V85/><F70/><W24/><G24/><T35/><D35/><U121/><E121/><N who="0" m="46089" /><D104/><U133/><E133/><V39/><F85/><W94/><G47/><T112/><D112/><U82/><E106/><V71/><F71/><W9/><G94/><T111/><D111/><U103/><E103/><N who="0" m="39433" /><D57/><U126/><E107/><V26/><REACH who="2" step="1"/><F26/><REACH who="2" ten="225,224,304,237" step="2"/><W134/><REACH who="3" step="1"/><G134/><REACH who="3" ten="225,224,304,227" step="2"/><T51/><D51/><U33/><E56/><V124/><F124/><W23/><G23/><AGARI ba="0,2" hai="15,16,23,48,50" m="39433,46089,45579" machi="23" ten="30,2000,0" yaku="12,1,54,1" doraHai="3" who="0" fromWho="3" sc="225,40,224,0,304,0,227,-20" /><INIT seed="3,0,0,1,0,36" ten="265,224,304,207" oya="3" hai0="126,12,80,10,96,51,89,25,74,122,115,30,14" hai1="19,1,60,41,63,76,107,47,124,91,127,117,34" hai2="129,90,50,15,18,130,105,57,24,118,72,26,128" hai3="56,0,5,70,119,29,31,81,104,38,101,61,131"/><W39/><G119/><T84/><D122/><U59/><E107/><V48/><F118/><W11/><G70/><T23/><D126/><N who="1" m="48171" /><E34/><V113/><F113/><W110/><G131/><T46/><D115/><U114/><E1/><V75/><F90/><W135/><G135/><T21/><D74/><N who="2" m="28202" /><F105/><W55/><G110/><T73/><D73/><U69/><E76/><V27/><F57/><W97/><G81/><T16/><D96/><U71/><E114/><V65/><F65/><W78/><REACH who="3" step="1"/><G78/><REACH who="3" ten="265,224,304,197" step="2"/><T92/><D80/><U3/><E117/><V20/><AGARI ba="0,1" hai="15,18,20,24,26,27,48,50,128,129,130" m="28202" machi="20" ten="40,1500,0" yaku="19,1" doraHai="36" who="2" fromWho="2" sc="265,-4,224,-4,304,25,197,-7" owari="261,6.0,220,-18.0,329,43.0,190,-31.0" /></mjloggm>