<mjloggm ver="2.3"><GO type="169" lobby="0"/><UN n0="%E3%82%BB%E3%82%A4%E3%83%90%E3%83%BC" n1="%E3%82%A6%E3%83%AB%E3%83%88%E3%83%A9%E7%AB%8B%E7%9B%B4" n2="%E6%B0%B7%E6%B2%B3%E9%A2%A8" n3="%73%68%6F%6F%74%33%39" dan="16,17,17,18" rate="2048.38,2126.87,2193.45,2234.81" sx="F,M,M,M"/><TAIKYOKU oya="0"/><INIT seed="0,0,0,3,5,83" ten="250,250,250,250" oya="0" hai0="52,116,96,17,26,21,42,33,0,106,59,36,101" hai1="24,102,120,91,15,110,67,113,80,2,123,115,90" hai2="68,28,40,86,72,85,14,3,135,45,38,23,77" hai3="103,13,126,98,130,87,20,56,51,12,125,112,9"/><T104/><D116/><U25/><E67/><V78/><F3/><W11/><G112/><N who="1" m="43082" /><E2/><V95/><F68/><W74/><G74/><T132/><D0/><U4/><E102/><V84/><F135/><W22/><G130/><T73/><D73/><U35/><E91/><V64/><F64/><W54/><G87/><T16/><D132/><U32/><E90/><V75/><F95/><W1/><G1/><T114/><D114/><U29/><E80/><V118/><F118/><W70/><G70/><T43/><D106/><U71/><E71/><V19/><REACH who="2" step="1"/><F28/><REACH who="2" ten="250,250,240,250" step="2"/><W89/><G126/><T133/><D133/><U58/><E29/><V31/><F31/><W82/><G125/><T117/><D33/><U119/><E119/><V44/><F44/><W121/><G121/><T97/><D117/><U94/><E94/><V53/><F53/><W6/><G103/><T92/><D36/><U30/><E30/><V122/><F122/><W93/><REACH who="3" step="1"/><G82/><REACH who="3" ten="250,250,240,240" step="2"/><T88/><REACH who="0" step="1"/><D17/><AGARI ba="0,2" hai="6,9,11,12,13,17,20,22,51,54,56,89,93,98" machi="17" ten="30,12000,2" yaku="1,1,2,1,7,1,8,1,53,2" doraHai="83" doraHaiUra="10" who="3" fromWho="0" sc="250,-120,250,0,240,0,240,140" /><INIT seed="1,0,0,5,4,35" ten="130,250,240,380" oya="1" hai0="125,100,98,10,4,48,8,59,131,69,97,130,103" hai1="40,17,28,58,32,77,116,14,71,68,33,61,115" hai2="70,66,133,56,53,39,78,5,43,111,129,99,127" hai3="63,95,1,120,87,11,20,13,110,25,90,64,50"/><U18/><E116/><V89/><F111/><W29/><G120/><T22/><D69/><U42/><E115/><V72/><F133/><W108/><G50/><T74/><D74/><U55/><E77/><V81/><F129/><W105/><G105/><T7/><D48/><U83/><E33/><V15/><F127/><W23/><G23/><T122/><D22/><U128/><E128/><V44/><F66/><W45/><G45/><T79/><D79/><U102/><E68/><V132/><F70/><W52/><G64/><T86/><D86/><U30/><E71/><V51/><F132/><W47/><G1/><T0/><D59/><U96/><E83/><V109/><F109/><W6/><REACH who="3" step="1"/><G47/><REACH who="3" ten="130,250,240,370" step="2"/><T106/><D122/><U113/><E113/><V3/><F3/><W92/><G92/><T112/><D112/><U82/><E82/><V84/><F44/><W124/><G124/><T117/><D125/><U54/><E54/><V31/><F51/><W80/><G80/><T41/><D0/><U67/><E55/><V26/><F53/><W73/><G73/><T62/><D106/><U75/><E75/><V21/><F72/><W60/><G60/><T49/><D49/><U91/><E61/><V88/><F81/><W34/><G34/><T16/><D62/><U38/><E67/><V36/><F78/><W121/><G121/><T118/><D41/><U2/><E42/><V76/><F43/><W101/><G101/><T135/><D135/><U19/><E40/><V27/><F76/><W104/><G104/><T107/><D107/><U37/><E32/><V114/><F114/><RYUUKYOKU ba="0,1" sc="130,15,250,-15,240,-15,370,15" hai0="4,7,8,10,16,97,98,100,103,117,118,130,131" hai3="6,11,13,20,25,29,52,63,87,90,95,108,110" /><INIT seed="2,1,1,2,0,115" ten="145,235,225,385" oya="2" hai0="102,61,104,122,67,46,69,31,107,9,11,57,60" hai1="42,97,52,5,14,66,10,92,134,2,55,76,112" hai2="79,132,62,119,103,20,111,38,13,12,98,70,7" hai3="30,117,0,58,18,71,41,120,118,108,129,27,44"/><V82/><F38/><W95/><G120/><T116/><D122/><U37/><E112/><V127/><F119/><W3/><G71/><T40/><D31/><U43/><E134/><V100/><F132/><W109/><G58/><T89/><D89/><U48/><E66/><V87/><F127/><W81/><G95/><T101/><D107/><U75/><E55/><V99/><F111/><N who="3" m="42571" /><G81/><T88/><D116/><N who="3" m="44649" /><G18/><T45/><D45/><U6/><E92/><V29/><F70/><W114/><G114/><T56/><D69/><U78/><E97/><N who="2" m="36875" /><F62/><W17/><G17/><T72/><D101/><U8/><E78/><V91/><F79/><W126/><G126/><T106/><D102/><U85/><E76/><V130/><F100/><W4/><G4/><T125/><D125/><U51/><E6/><V32/><F103/><W123/><G123/><T73/><D46/><U131/><E5/><V59/><F7/><W63/><G63/><T64/><D88/><U77/><E77/><V39/><F59/><W25/><G129/><T34/><D104/><U93/><E131/><V36/><F130/><W110/><N who="3" m="42579" /><W19/><DORA hai="28" /><G19/><T22/><D106/><U16/><E16/><V35/><F82/><W86/><G86/><T80/><D80/><U54/><E85/><V26/><F87/><W47/><G47/><T23/><D40/><U33/><E43/><V105/><F105/><W121/><G121/><T135/><D135/><U68/><E42/><V124/><F124/><W53/><G41/><T15/><D15/><U128/><E14/><N who="2" m="5739" /><F91/><W90/><G90/><T49/><D49/><RYUUKYOKU ba="1,1" sc="145,15,235,-15,225,15,385,-15" hai0="9,11,22,23,34,56,57,60,61,64,67,72,73" hai2="20,26,29,32,35,36,39" /><INIT seed="2,2,1,2,0,128" ten="160,220,240,370" oya="2" hai0="68,78,126,28,104,124,9,117,74,83,7,111,53" hai1="13,6,26,106,58,37,79,121,55,93,95,25,50" hai2="80,134,33,109,48,77,1,27,131,49,10,76,46" hai3="132,110,125,47,66,114,61,84,99,11,108,45,89"/><V103/><F131/><W56/><G125/><N who="0" m="48235" /><D111/><N who="3" m="42537" /><G114/><T62/><D104/><U43/><E106/><V2/><F109/><W41/><G99/><T5/><D117/><U65/><E121/><V75/><F103/><W85/><G47/><T23/><D68/><U70/><E79/><V130/><F130/><W17/><G89/><T87/><D74/><U96/><E13/><V100/><F100/><W107/><G107/><T29/><D23/><U30/><E6/><N who="0" m="2057" /><D9/><U91/><E95/><V54/><F10/><W57/><G11/><T120/><D120/><U36/><E36/><V14/><F76/><W20/><G56/><AGARI ba="2,1" hai="28,29,53,56,62,78,83,87" m="2057,48235" machi="56" ten="30,1000,0" yaku="18,1" doraHai="128" who="0" fromWho="3" sc="160,26,220,0,240,0,370,-16" /><INIT seed="3,0,0,4,0,29" ten="186,220,240,354" oya="3" hai0="101,66,98,78,16,118,89,28,68,40,38,125,70" hai1="62,8,111,84,15,108,80,81,21,117,9,85,69" hai2="91,135,124,119,110,24,10,41,13,123,86,113,71" hai3="54,39,23,59,116,47,50,131,96,97,65,126,129"/><W99/><G116/><T45/><D118/><U130/><E117/><V20/><F119/><RYUUKYOKU type="kaze4" ba="0,0" sc="186,0,220,0,240,0,354,0" /><INIT seed="3,1,0,4,0,90" ten="186,220,240,354" oya="3" hai0="95,94,129,66,126,85,20,26,52,75,7,24,93" hai1="98,17,86,89,49,12,71,5,78,14,36,1,39" hai2="108,65,51,76,96,134,27,99,3,13,121,46,132" hai3="9,117,64,34,109,77,42,29,122,58,92,107,128"/><W30/><G122/><T106/><D75/><U101/><E71/><V31/><F3/><W105/><G117/><T68/><D106/><U124/><E124/><V133/><F121/><W32/><G77/><T104/><D104/><U35/><E35/><V114/><F114/><W84/><G42/><T131/><D126/><U87/><E1/><V48/><F108/><W10/><G58/><T57/><D7/><U11/><E78/><V25/><F65/><W40/><G84/><T69/><D85/><U73/><E87/><V79/><F13/><W125/><G40/><T6/><D6/><U23/><E73/><V83/><F83/><W59/><G59/><T123/><D123/><U37/><E49/><N who="2" m="19019" /><F46/><W116/><G64/><T130/><D66/><U43/><E43/><V18/><F18/><W4/><G4/><T16/><D26/><N who="2" m="9738" /><F31/><W112/><G125/><T103/><D103/><U61/><E61/><AGARI ba="1,0" hai="16,20,24,52,57,61,68,69,93,94,95,129,130,131" machi="61" ten="50,12000,2" yaku="19,1,52,3,54,2" doraHai="90" who="0" fromWho="1" sc="186,123,220,-123,240,0,354,0" /><INIT seed="4,0,0,4,2,96" ten="309,97,240,354" oya="0" hai0="90,59,66,56,34,37,76,35,17,82,129,73,123" hai1="105,89,126,114,26,71,85,38,12,67,103,51,6" hai2="54,2,125,47,18,8,64,39,13,134,128,52,19" hai3="1,58,72,27,120,0,107,40,93,115,45,16,124"/><T61/><D123/><U42/><E126/><V84/><F125/><W127/><G107/><T87/><D37/><U65/><E114/><V132/><F2/><W79/><G115/><T69/><D129/><U131/><E131/><V94/><F128/><W46/><G120/><T80/><REACH who="0" step="1"/><D17/><REACH who="0" ten="299,97,240,354" step="2"/><U14/><E38/><V88/><F19/><W112/><G16/><T30/><D30/><U28/><E28/><V70/><F132/><W63/><G124/><T32/><AGARI ba="0,1" hai="32,34,35,56,59,61,66,69,73,76,80,82,87,90" machi="32" ten="30,3000,0" yaku="1,1,0,1,53,0" doraHai="96" doraHaiUra="36" who="0" fromWho="0" sc="299,40,97,-10,240,-10,354,-10" /><INIT seed="4,1,0,1,2,96" ten="339,87,230,344" oya="0" hai0="19,99,87,34,10,102,65,109,97,126,84,111,32" hai1="81,121,46,6,29,105,114,68,88,134,3,36,112" hai2="52,12,106,59,15,41,14,122,43,62,1,35,60" hai3="78,22,53,71,30,16,69,76,92,75,117,49,56"/><T95/><D126/><U48/><E68/><V131/><F1/><W57/><G117/><T25/><D65/><U50/><E105/><V33/><F122/><W86/><G30/><T119/><D119/><U132/><E121/><V73/><F73/><W124/><G124/><T44/><D44/><U7/><E29/><V40/><F131/><W94/><G75/><T110/><D99/><U93/><E81/><V91/><F106/><W133/><G133/><N who="1" m="51306" /><E36/><V98/><F98/><W70/><G57/><T113/><D113/><N who="1" m="43627" /><E3/><V72/><F72/><W55/><G55/><T37/><D37/><U104/><E104/><V51/><F91/><W82/><REACH who="3" step="1"/><G78/><REACH who="3" ten="339,87,230,334" step="2"/><T67/><D67/><U24/><E24/><AGARI ba="1,1" hai="16,22,24,49,53,56,69,70,71,76,82,86,92,94" machi="24" ten="40,5200,0" yaku="1,1,2,1,54,1,53,0" doraHai="96" doraHaiUra="27" who="3" fromWho="1" sc="339,0,87,-55,230,0,334,65" /><INIT seed="5,0,0,2,4,93" ten="339,32,230,399" oya="1" hai0="135,46,104,57,102,67,121,92,125,34,44,11,41" hai1="66,94,84,127,43,71,13,30,53,73,1,112,42" hai2="4,61,105,36,26,65,49,107,17,91,115,25,19" hai3="113,58,114,55,39,6,100,33,74,9,52,89,77"/><U123/><E1/><V76/><F36/><W85/><G33/><T31/><D104/><U22/><E73/><V86/><F76/><W81/><G39/><T21/><D34/><U54/><E123/><V82/><F4/><W2/><G100/><T38/><D46/><U70/><E30/><V90/><F115/><N who="3" m="44043" /><G58/><T134/><D121/><U72/><E72/><V117/><F117/><W132/><G132/><T32/><D32/><U99/><E112/><V16/><F49/><W14/><G14/><T35/><D11/><U95/><E127/><V87/><F105/><W79/><G79/><T78/><D78/><U18/><E66/><V24/><F107/><W12/><G12/><T68/><D68/><U20/><E84/><V109/><F109/><W80/><AGARI ba="0,0" hai="2,6,9,52,55,74,77,80,81,85,89" m="44043" machi="80" ten="30,2000,0" yaku="15,1,54,1" doraHai="93" who="3" fromWho="3" sc="339,-5,32,-10,230,-5,399,20" /><INIT seed="6,0,0,4,5,83" ten="334,22,225,419" oya="2" hai0="60,93,15,0,128,118,71,99,101,52,13,43,62" hai1="120,23,34,57,133,16,54,102,88,7,132,66,98" hai2="45,77,127,29,89,22,106,33,53,38,6,119,126" hai3="117,85,42,27,105,135,19,37,28,76,63,35,124"/><V78/><F119/><W116/><G105/><T51/><D0/><U125/><E34/><V56/><F33/><W73/><G73/><T39/><D118/><U59/><E125/><N who="2" m="47627" /><F6/><W81/><G124/><T134/><D134/><U84/><E120/><V32/><F32/><W90/><G135/><N who="1" m="51786" /><E7/><V47/><F106/><W24/><G37/><T79/><D128/><U55/><E98/><V104/><F104/><W44/><G63/><N who="0" m="24107" /><D39/><U30/><E102/><V5/><F5/><W8/><G76/><N who="2" m="29289" /><F38/><W97/><G97/><T87/><D43/><U9/><E66/><V17/><F29/><W123/><G123/><T121/><D71/><U111/><E111/><V41/><F41/><W18/><G42/><T69/><D69/><U67/><E67/><V114/><F89/><W86/><G35/><T58/><D121/><U65/><E65/><V46/><F114/><W64/><G64/><T75/><D75/><U36/><E36/><V50/><F56/><N who="1" m="21577" /><E30/><V122/><F122/><W74/><G28/><T107/><D107/><U2/><E2/><V61/><F61/><W130/><G74/><T4/><D4/><U113/><E113/><V70/><F70/><W129/><G129/><T115/><D115/><U95/><E9/><V92/><F92/><W96/><G130/><T11/><D11/><U21/><E21/><V1/><F1/><W103/><G8/><T112/><D112/><U82/><E95/><V91/><F91/><W131/><G131/><T68/><D68/><U12/><AGARI ba="0,0" hai="12,16,23,54,55,82,84,88" m="21577,51786" machi="12" ten="30,7900,0" yaku="20,1,52,1,54,2" doraHai="83" who="1" fromWho="1" sc="334,-20,22,79,225,-39,419,-20" /><INIT seed="7,0,0,1,2,103" ten="314,101,186,399" oya="3" hai0="37,97,66,51,39,123,46,111,129,64,130,32,18" hai1="42,83,16,60,91,133,53,13,71,106,65,101,24" hai2="108,127,112,47,107,5,134,113,102,81,89,69,94" hai3="126,75,116,34,86,43,14,78,21,68,76,119,72"/><W100/><G34/><T45/><D32/><U104/><E133/><V17/><F108/><W128/><G68/><T131/><D97/><U9/><E42/><V57/><F69/><W52/><G43/><T29/><D29/><U62/><E101/><V1/><F134/><W40/><G40/><T15/><D111/><U110/><E110/><V105/><F127/><W77/><G100/><T30/><D30/><U132/><E132/><V7/><F47/><W117/><G126/><T92/><D92/><U135/><E135/><V28/><F28/><W33/><G33/><T59/><D123/><U4/><E60/><V63/><F81/><W35/><G35/><T49/><D15/><U38/><E38/><N who="0" m="14345" /><D18/><U58/><E65/><N who="0" m="25193" /><D59/><U56/><E56/><V19/><F19/><W55/><G86/><T61/><D61/><U8/><E71/><V25/><F17/><W114/><G14/><T2/><D2/><U6/><E83/><V118/><F1/><W26/><G77/><T88/><D88/><U93/><E6/><V10/><F118/><W82/><G76/><T109/><D109/><U20/><E9/><V87/><F102/><W22/><G78/><T36/><N who="0" m="14353" /><T31/><DORA hai="90" /><D31/><U85/><AGARI ba="0,0" hai="4,8,13,16,20,24,53,58,62,85,91,93,104,106" machi="85" ten="20,12000,2" yaku="0,1,7,1,52,3,54,1" doraHai="103,90" who="1" fromWho="1" sc="314,-30,101,120,186,-30,399,-60" owari="284,8.0,221,-18.0,156,-34.0,339,44.0" /></mjloggm>