<mjloggm ver="2.3"><GO type="97" lobby="0"/><UN n0="%E3%81%AA%E3%81%AA%E7%9C%9F%E7%B4%85" n1="%E3%82%A6%E3%83%AB%E3%83%88%E3%83%A9%E7%AB%8B%E7%9B%B4" n2="%44%72%E2%98%85%E3%82%A4%E3%83%81%E3%82%AC%E3%82%AD" n3="%E9%80%86%E8%B5%B0" dan="14,13,15,13" rate="1959.09,1837.25,2025.56,1847.45" sx="M,M,M,M"/><TAIKYOKU oya="0"/><INIT seed="0,0,0,3,0,128" ten="250,250,250,250" oya="0" hai0="84,21,107,89,59,73,109,97,41,95,43,10,42" hai1="111,26,122,70,36,65,54,91,47,82,27,61,101" hai2="58,22,134,3,93,31,9,25,40,45,129,68,52" hai3="5,6,17,75,24,104,121,99,18,38,81,55,11"/><T115/><D115/><U98/><E122/><V96/><F68/><W92/><G38/><T14/><D73/><U120/><E120/><V131/><F134/><W39/><G39/><T1/><D1/><U19/><E111/><V106/><F106/><W126/><G104/><T124/><D124/><U103/><E103/><V2/><F9/><W132/><G75/><T83/><D109/><U23/><E27/><V102/><F131/><W130/><G24/><T56/><D21/><U60/><E36/><V94/><F129/><W30/><G11/><T108/><D107/><U4/><E4/><V117/><F117/><W77/><G30/><T69/><D69/><U113/><E113/><V57/><F57/><W28/><G28/><T49/><D49/><U0/><E0/><V44/><F93/><W118/><G77/><T72/><D72/><U29/><E29/><V15/><F15/><W63/><G81/><T105/><D105/><U78/><E101/><V46/><REACH who="2" step="1"/><F40/><REACH who="2" ten="250,250,240,250" step="2"/><W53/><G132/><T35/><D108/><U100/><E70/><V85/><F85/><W66/><G118/><T119/><D119/><U64/><E82/><V123/><F123/><W80/><G130/><T8/><D8/><U114/><E114/><V71/><F71/><W13/><G121/><T37/><D37/><U34/><E100/><V76/><F76/><W67/><G13/><T50/><D50/><AGARI ba="0,1" hai="2,3,22,25,31,44,45,46,50,52,58,94,96,102" machi="50" ten="40,2600,0" yaku="1,1,54,1,53,0" doraHai="128" doraHaiUra="127" who="2" fromWho="0" sc="250,-26,250,0,240,36,250,0" /><INIT seed="1,0,0,3,2,20" ten="224,250,276,250" oya="1" hai0="0,134,61,84,118,4,119,19,69,60,62,7,58" hai1="81,1,78,51,96,98,26,104,87,86,130,102,23" hai2="105,13,68,97,120,55,36,6,115,25,83,45,35" hai3="106,49,122,111,126,17,57,48,113,53,21,88,27"/><U92/><E1/><V77/><F120/><W73/><G106/><T128/><D69/><U103/><E51/><V43/><F68/><W99/><G73/><T66/><D128/><U79/><E130/><V59/><F115/><W9/><G122/><T5/><D134/><U124/><E124/><V114/><F114/><W28/><G113/><T75/><D75/><U90/><E23/><V42/><F42/><W47/><G126/><T24/><D0/><U132/><E132/><V94/><F105/><W41/><G111/><T32/><D84/><U50/><E50/><V15/><F6/><W82/><G99/><T65/><D19/><U116/><E116/><V46/><F46/><W89/><G82/><T109/><D109/><U39/><E39/><V38/><F38/><W54/><G41/><T123/><D123/><U18/><E18/><V10/><F10/><W34/><G9/><T70/><REACH who="0" step="1"/><D62/><REACH who="0" ten="214,250,276,250" step="2"/><U74/><E26/><AGARI ba="0,1" hai="17,21,26,27,28,34,47,48,49,53,54,57,88,89" machi="26" ten="30,7700,0" yaku="7,1,52,2,54,1" doraHai="20" who="3" fromWho="1" sc="214,0,250,-77,276,0,250,87" /><INIT seed="2,0,0,4,5,86" ten="214,173,276,337" oya="2" hai0="80,75,57,95,94,129,78,130,31,71,102,64,133" hai1="109,54,83,107,15,132,112,46,82,127,81,125,61" hai2="8,49,1,38,105,29,19,53,131,96,39,72,5" hai3="111,79,56,0,93,14,89,76,43,87,11,120,99"/><V35/><F72/><W17/><G0/><T21/><D71/><U30/><E107/><V65/><F131/><N who="0" m="50186" /><D133/><U16/><E112/><V28/><F65/><W47/><G120/><T114/><D102/><U10/><E132/><V51/><F51/><W117/><G117/><T59/><D114/><U124/><E30/><V60/><F60/><W128/><G128/><T115/><D115/><U24/><E24/><V68/><F68/><W122/><G122/><T18/><D31/><U97/><E97/><V103/><F19/><W74/><G74/><T23/><D23/><U91/><E109/><V7/><F7/><W84/><G111/><T113/><D113/><U6/><E6/><V119/><F119/><W26/><G26/><N who="0" m="14647" /><D64/><U40/><E61/><V106/><F106/><W34/><G34/><T2/><D2/><U13/><E13/><V12/><F1/><W77/><REACH who="3" step="1"/><G56/><AGARI ba="0,0" hai="56,57,59,75,78,80,94,95" m="14647,50186" machi="56" ten="30,1000,0" yaku="19,1" doraHai="86" who="0" fromWho="3" sc="214,10,173,0,276,0,337,-10" /><INIT seed="3,0,0,2,3,105" ten="224,173,276,327" oya="3" hai0="9,56,121,107,130,131,4,106,104,119,96,35,95" hai1="37,32,28,85,53,92,1,70,108,109,67,60,58" hai2="79,22,13,44,112,91,77,34,99,74,40,129,7" hai3="57,29,66,17,124,36,120,49,71,20,89,33,5"/><W24/><G36/><T45/><D45/><U126/><E1/><V117/><F34/><W135/><G120/><T133/><D121/><U110/><E28/><V87/><F112/><W41/><G71/><T3/><D119/><U65/><E32/><V101/><F129/><N who="0" m="49162" /><D35/><U51/><E85/><V62/><F62/><W39/><G39/><T82/><D56/><U25/><E92/><V118/><F118/><W100/><G100/><N who="0" m="62471" /><D133/><U83/><E83/><V103/><F44/><W116/><G116/><T27/><D27/><U68/><E25/><V128/><F117/><W97/><G5/><T8/><D8/><U123/><E123/><V48/><F7/><W90/><G135/><T52/><D52/><N who="1" m="33863" /><E37/><V111/><F128/><W81/><G41/><T38/><D38/><U11/><E11/><V12/><F40/><W18/><G33/><T134/><D134/><U76/><E76/><V93/><F79/><W115/><G115/><T64/><D64/><N who="1" m="24651" /><E126/><V88/><F77/><W43/><G124/><T102/><D82/><U63/><E63/><V75/><F22/><W113/><G81/><T16/><D16/><U132/><E132/><V21/><F21/><W114/><G113/><T31/><D31/><U84/><E84/><V69/><F87/><W14/><G114/><T42/><D107/><U0/><E0/><V80/><F80/><W98/><G98/><N who="0" m="59743" /><D106/><U59/><AGARI ba="0,0" hai="51,53,59,68,70,108,109,110" m="24651,33863" machi="59" ten="40,8000,1" yaku="14,1,34,2,54,1" doraHai="105" who="1" fromWho="1" sc="224,-20,173,80,276,-20,327,-40" /><INIT seed="4,0,0,0,2,121" ten="204,253,256,287" oya="0" hai0="13,31,12,112,57,27,82,39,84,132,123,63,58" hai1="11,50,135,30,120,44,109,36,43,70,61,10,48" hai2="68,60,38,1,126,125,77,28,25,83,97,2,64" hai3="66,129,91,56,23,98,88,103,55,111,7,18,74"/><T134/><D123/><U113/><E120/><V133/><F133/><N who="0" m="51306" /><D39/><U89/><E135/><V78/><F97/><W5/><G74/><T22/><D112/><U40/><E113/><V107/><F107/><W15/><G66/><N who="0" m="39279" /><D58/><U100/><E100/><V115/><F38/><W108/><G129/><T101/><D101/><U6/><E11/><V69/><F69/><W59/><G59/><T49/><D49/><U46/><E30/><V20/><F115/><W114/><G114/><T90/><AGARI ba="0,0" hai="12,13,22,27,31,82,84,90" m="39279,51306" machi="90" ten="30,1500,0" yaku="20,1" doraHai="121" who="0" fromWho="0" sc="204,15,253,-5,256,-5,287,-5" /><INIT seed="4,1,0,3,0,7" ten="219,248,251,282" oya="0" hai0="5,45,85,115,22,112,78,53,120,108,4,55,13" hai1="72,16,51,62,113,25,36,70,32,95,48,24,93" hai2="74,3,30,128,134,59,63,44,100,96,83,67,1" hai3="103,42,9,118,111,88,52,43,124,110,79,2,104"/><T126/><D120/><U71/><E72/><V10/><F128/><W50/><G104/><T105/><D105/><U58/><E36/><V133/><F30/><W130/><G79/><T75/><D75/><U6/><E6/><N who="0" m="2665" /><D126/><U15/><E113/><N who="0" m="43593" /><D45/><U39/><E39/><V26/><F44/><W87/><G2/><T35/><D35/><U92/><E70/><V129/><F74/><W0/><G0/><T73/><D73/><U102/><E71/><V49/><F1/><W23/><G103/><T77/><D108/><U89/><E89/><V81/><F3/><W8/><G111/><T127/><D127/><U33/><E102/><V56/><F100/><W135/><G110/><T29/><D29/><U132/><E33/><V80/><F129/><W114/><G114/><T107/><D107/><U109/><E32/><V65/><F134/><W101/><G135/><T116/><D116/><U61/><E132/><V11/><F133/><W125/><G101/><T27/><D27/><N who="1" m="10315" /><E109/><V91/><F26/><W46/><G118/><T86/><D77/><U54/><E51/><V76/><F76/><W37/><G37/><T84/><D78/><U28/><E28/><V12/><F12/><W17/><G130/><T122/><D122/><U34/><E34/><V131/><F131/><W57/><G125/><T123/><D123/><U21/><AGARI ba="1,0" hai="15,16,21,48,54,58,61,62,92,93,95" m="10315" machi="21" ten="30,2000,0" yaku="8,1,54,1" doraHai="7" who="1" fromWho="1" sc="219,-11,248,23,251,-6,282,-6" /><INIT seed="5,0,0,4,4,133" ten="208,271,245,276" oya="1" hai0="30,9,60,48,64,46,92,88,95,49,62,130,44" hai1="56,125,4,0,75,47,51,13,117,123,28,65,116" hai2="90,134,7,85,99,59,69,2,42,35,108,118,3" hai3="82,120,25,14,111,29,132,128,100,119,18,76,50"/><U33/><E75/><V37/><F69/><W104/><G100/><T86/><D130/><U15/><E56/><V79/><F118/><N who="1" m="45673" /><E65/><V81/><F108/><W71/><G71/><T112/><D112/><U129/><E51/><N who="0" m="19529" /><D9/><N who="1" m="2183" /><E47/><N who="0" m="17961" /><D30/><U96/><E96/><V23/><F134/><W115/><G104/><T84/><D64/><U102/><E102/><V43/><F35/><W80/><G50/><T22/><D22/><U63/><E63/><N who="0" m="24105" /><D88/><U114/><E114/><V94/><F23/><W5/><G76/><T113/><D113/><U53/><E129/><V67/><F79/><W107/><G107/><T73/><D73/><U8/><E33/><V39/><F67/><W32/><G119/><T77/><D77/><U97/><E28/><V19/><F90/><W26/><G82/><T72/><D72/><U78/><E78/><V105/><F81/><W1/><G80/><T40/><D40/><U110/><E97/><V41/><F99/><W61/><G61/><T57/><D57/><U131/><E131/><V36/><F59/><W98/><G98/><T106/><D106/><U70/><E15/><V91/><F105/><W27/><G115/><T17/><D17/><U55/><E13/><V31/><F19/><W10/><G128/><T52/><D52/><U45/><E8/><N who="2" m="2175" /><F31/><W83/><G83/><T121/><D121/><U38/><E123/><V66/><F66/><W34/><G120/><T103/><D103/><U126/><E70/><V20/><F2/><W24/><G132/><T93/><AGARI ba="0,0" hai="84,86,92,93,95" m="24105,17961,19529" machi="93" ten="40,5200,0" yaku="28,2,8,1" doraHai="133" who="0" fromWho="0" sc="208,52,271,-26,245,-13,276,-13" /><INIT seed="6,0,0,4,1,32" ten="260,245,232,263" oya="2" hai0="16,52,48,97,1,59,64,35,76,63,87,21,112" hai1="67,72,94,29,71,9,13,15,5,42,38,107,58" hai2="95,0,8,23,120,39,114,31,62,122,20,134,121" hai3="101,92,99,14,115,123,68,26,57,90,91,41,36"/><V124/><F39/><W132/><G68/><T98/><D35/><U104/><E71/><V28/><F62/><W106/><G36/><T69/><D1/><U111/><E111/><V119/><F95/><W40/><G106/><T88/><D76/><U49/><E72/><V54/><F54/><W130/><G123/><T33/><D33/><U73/><E73/><V65/><F65/><W19/><G26/><N who="0" m="14631" /><D69/><U80/><E38/><V37/><F37/><W128/><G132/><T61/><D112/><U12/><E104/><V24/><F114/><W125/><G115/><T43/><D43/><U6/><E42/><V2/><F134/><W100/><G125/><T103/><D103/><U93/><E107/><V56/><F56/><W70/><G70/><T117/><D117/><U77/><E58/><V81/><F81/><W51/><G41/><T17/><D17/><U109/><E80/><V79/><F79/><W11/><G130/><T45/><D63/><U25/><E77/><V55/><F124/><W84/><G128/><T75/><D75/><U53/><E94/><AGARI ba="0,0" hai="45,48,52,59,61,64,87,88,94,97,98" m="14631" machi="94" ten="30,7700,0" yaku="8,1,54,3" doraHai="32" who="0" fromWho="1" sc="260,77,245,-77,232,0,263,0" owari="337,44.0,168,-33.0,232,-17.0,263,6.0" /></mjloggm>