<mjloggm ver="2.3"><GO type="41" lobby="0"/><UN n0="%E8%A5%BF%E5%B8%AB" n1="%E3%82%A6%E3%83%AB%E3%83%88%E3%83%A9%E7%AB%8B%E7%9B%B4" n2="%E3%81%A8%E3%82%8C%E3%82%82%E3%82%8D" n3="%74%6F%79%61%6D%61%73%6B" dan="14,15,14,14" rate="1950.66,1973.62,2055.22,1949.57" sx="M,M,M,M"/><TAIKYOKU oya="0"/><INIT seed="0,0,0,2,3,127" ten="250,250,250,250" oya="0" hai0="20,45,54,81,117,77,10,78,82,97,1,67,28" hai1="32,74,131,132,51,101,59,72,33,98,36,53,39" hai2="42,75,31,83,12,113,94,91,7,27,108,57,46" hai3="3,14,21,25,133,63,43,112,37,100,26,60,44"/><T134/><D117/><U107/><E132/><V76/><F113/><W115/><G133/><T30/><D67/><U70/><E51/><V80/><F80/><W49/><G3/><T58/><D134/><U99/><E53/><V55/><F108/><W92/><G14/><T103/><D45/><U87/><E59/><V110/><F110/><W128/><G128/><T38/><D38/><N who="1" m="14379" /><E87/><V18/><F7/><W15/><G15/><T23/><D1/><U106/><E131/><V125/><F125/><W129/><G129/><T119/><D10/><U13/><E13/><V90/><F42/><W9/><G9/><T84/><D119/><U68/><E99/><V17/><F46/><W126/><G126/><T95/><D30/><U123/><E98/><V116/><F116/><W2/><G2/><T19/><D19/><U4/><E101/><V64/><F64/><W62/><G37/><T66/><D28/><U69/><E4/><V65/><F65/><W6/><G6/><T41/><D66/><U135/><E135/><V73/><F73/><N who="1" m="28265" /><E123/><V111/><F111/><W122/><G122/><T48/><REACH who="0" step="1"/><D41/><REACH who="0" ten="240,250,250,250" step="2"/><U85/><E85/><AGARI ba="0,1" hai="20,23,48,54,58,77,78,81,82,84,85,95,97,103" machi="85" ten="30,12000,1" yaku="1,1,2,1,7,1,9,1,8,1,53,0" doraHai="127" doraHaiUra="8" who="0" fromWho="1" sc="240,130,250,-120,250,0,250,0" /><INIT seed="0,1,0,1,1,117" ten="370,130,250,250" oya="0" hai0="102,124,51,119,121,71,77,6,113,116,106,101,90" hai1="115,49,64,28,98,59,13,123,47,67,128,83,29" hai2="105,20,23,26,125,81,134,84,18,30,126,72,92" hai3="120,34,89,48,53,12,3,107,87,38,55,78,110"/><T17/><D121/><U31/><E115/><V37/><F105/><W118/><G118/><T104/><D113/><U132/><E128/><V21/><F37/><W68/><G3/><T46/><D71/><U127/><E127/><N who="2" m="48651" /><F134/><W32/><G68/><T93/><D6/><U36/><E132/><V24/><F72/><W85/><G38/><T58/><D124/><U122/><E36/><V40/><F40/><W109/><G107/><T15/><D116/><U61/><E67/><V108/><F108/><N who="3" m="41579" /><G120/><T33/><D33/><U70/><E70/><V9/><F92/><W45/><G55/><N who="0" m="30199" /><D104/><U75/><E98/><V74/><F74/><W56/><G45/><T69/><D69/><U4/><E4/><V60/><F60/><W62/><G62/><T25/><D106/><U91/><E13/><N who="2" m="7471" /><F26/><W7/><G7/><T1/><D1/><U8/><E8/><V44/><F44/><W2/><G12/><T76/><D25/><U63/><E63/><V54/><F54/><W65/><G65/><T16/><D119/><U111/><E111/><V135/><F135/><W131/><G131/><T43/><D43/><U97/><E75/><V39/><F39/><W19/><G2/><T5/><D58/><U14/><E14/><V52/><F52/><W99/><G53/><T50/><D50/><U10/><E10/><V11/><F11/><W66/><G48/><T0/><D0/><U80/><E123/><V103/><F103/><N who="0" m="39434" /><D5/><U96/><E122/><V86/><F81/><N who="1" m="31305" /><E49/><V88/><F24/><W35/><G56/><T95/><D15/><U42/><E42/><V82/><F23/><RYUUKYOKU ba="1,0" sc="370,0,130,0,250,0,250,0" /><INIT seed="1,2,0,0,2,7" ten="370,130,250,250" oya="1" hai0="46,48,57,56,115,131,51,43,31,81,35,1,132" hai1="89,8,108,94,45,97,85,84,6,47,133,23,11" hai2="22,76,77,111,65,3,67,58,36,100,90,86,38" hai3="5,21,106,107,33,135,30,75,116,19,120,4,103"/><U62/><E108/><V110/><F3/><W27/><G120/><T92/><D1/><U126/><E126/><V42/><F100/><W66/><G135/><T28/><D132/><U40/><E133/><V14/><F22/><W71/><G116/><T105/><D105/><U52/><E6/><V68/><F68/><W25/><G75/><T12/><D115/><U91/><E23/><V20/><F20/><W114/><G114/><T125/><D125/><U24/><E24/><V16/><F65/><W109/><G109/><N who="2" m="41481" /><F58/><W96/><REACH who="3" step="1"/><G107/><REACH who="3" ten="370,130,250,240" step="2"/><T79/><D131/><U17/><E17/><V118/><F16/><W26/><G26/><T74/><D74/><U39/><E97/><V78/><F118/><W121/><G121/><T134/><D134/><U54/><E62/><AGARI ba="2,1" hai="4,5,19,21,25,27,30,33,62,66,71,96,103,106" machi="62" ten="40,8000,1" yaku="1,1,25,2,53,1" doraHai="7" doraHaiUra="64" who="3" fromWho="1" sc="370,0,130,-86,250,0,240,96" /><INIT seed="2,0,0,2,5,91" ten="370,44,250,336" oya="2" hai0="54,130,127,9,42,46,15,10,49,19,34,48,47" hai1="114,82,14,112,3,119,8,135,31,131,12,81,24" hai2="113,98,6,21,20,38,126,101,70,129,133,18,134" hai3="29,104,62,51,79,73,96,109,57,115,37,116,102"/><V85/><F113/><W74/><G109/><T1/><D130/><U22/><E82/><V33/><F33/><W69/><G115/><T125/><D34/><U83/><E81/><V64/><F38/><W40/><G116/><T4/><AGARI ba="0,0" hai="1,4,9,10,15,19,42,46,47,48,49,54,125,127" machi="4" ten="30,1100,0" yaku="0,1" doraHai="91" who="0" fromWho="0" sc="370,11,44,-3,250,-5,336,-3" /><INIT seed="3,0,0,2,2,19" ten="381,41,245,333" oya="3" hai0="128,41,64,105,107,129,76,17,91,60,32,35,20" hai1="96,90,56,77,93,123,23,94,8,120,92,121,1" hai2="73,67,135,59,100,24,103,122,2,61,27,22,52" hai3="70,133,115,132,134,102,71,68,48,127,109,101,36"/><W25/><G25/><T66/><D76/><U83/><E56/><N who="2" m="37287" /><F73/><W65/><G115/><T81/><D41/><U116/><E8/><V58/><F2/><W54/><G127/><T110/><D110/><U72/><E1/><V10/><F135/><W106/><G109/><T34/><D81/><U45/><E45/><V46/><F10/><W30/><G30/><T69/><D91/><U113/><E23/><V89/><F89/><W130/><G130/><N who="0" m="50283" /><D66/><U86/><E113/><V88/><F122/><W7/><G7/><T11/><D11/><U49/><E49/><N who="2" m="28727" /><F27/><AGARI ba="0,0" hai="17,20,27,32,34,35,60,64,69,105,107" m="50283" machi="27" ten="40,2600,0" yaku="19,1,52,1" doraHai="19" who="0" fromWho="2" sc="381,26,41,0,245,-26,333,0" /><INIT seed="4,0,0,4,5,81" ten="407,41,219,333" oya="0" hai0="92,131,24,40,39,8,41,6,91,110,115,46,61" hai1="93,33,38,25,30,135,83,31,10,13,29,101,114" hai2="57,9,77,103,5,36,130,16,107,60,66,76,100" hai3="69,124,0,27,113,67,82,48,88,55,62,95,42"/><T129/><D40/><U28/><E38/><V34/><F36/><W102/><G124/><T128/><D115/><U74/><E101/><N who="2" m="38987" /><F107/><W43/><G113/><T106/><D106/><U59/><E114/><V96/><F34/><W89/><G0/><N who="0" m="71" /><D24/><U65/><E74/><V45/><F5/><W32/><G102/><T17/><D17/><U21/><E59/><V63/><F63/><W2/><G2/><T47/><D61/><U58/><E58/><V71/><F71/><W70/><G70/><T98/><D46/><U104/><E65/><V7/><F7/><W133/><G133/><T99/><D110/><U50/><E50/><V35/><F35/><W117/><G117/><T64/><D64/><U119/><E104/><V49/><F96/><AGARI ba="0,0" hai="39,41,47,91,92,96,98,99,128,129,131" m="71" machi="96" ten="30,1500,0" yaku="19,1" doraHai="81" who="0" fromWho="2" sc="407,15,41,0,219,-15,333,0" /><INIT seed="4,1,0,5,5,29" ten="422,41,204,333" oya="0" hai0="24,107,4,58,111,71,91,40,110,9,100,39,105" hai1="66,34,25,48,76,21,11,26,98,33,6,32,69" hai2="113,67,0,7,10,53,15,82,128,45,135,75,73" hai3="92,93,89,133,70,116,20,63,131,94,61,83,62"/><T17/><D71/><U96/><E76/><V42/><F113/><W132/><G116/><T3/><D58/><U88/><E48/><V104/><F104/><W124/><G70/><T55/><D55/><U37/><E37/><V44/><F67/><W125/><G20/><T101/><D91/><U52/><E52/><V54/><F135/><W97/><G97/><N who="0" m="61583" /><D17/><U27/><E21/><V90/><F128/><W30/><G30/><T38/><D24/><U84/><E66/><V22/><F44/><W85/><REACH who="3" step="1"/><G131/><REACH who="3" ten="422,41,204,323" step="2"/><T56/><D110/><U8/><E69/><V122/><F22/><W95/><N who="3" m="23552" /><DORA hai="36" /><W46/><G46/><T86/><D111/><U74/><E74/><V47/><F45/><W127/><AGARI ba="1,1" hai="61,62,63,83,85,89,124,125,127,132,133" m="23552" machi="127" ten="60,8000,1" yaku="1,1,0,1,29,2,18,1,53,0" doraHai="29,36" doraHaiUra="1,65" who="3" fromWho="3" sc="422,-41,41,-21,204,-21,323,93" /><INIT seed="5,0,0,1,2,79" ten="381,20,183,416" oya="1" hai0="48,135,39,129,43,104,14,114,59,87,90,18,23" hai1="133,53,111,100,64,96,62,21,84,116,4,118,123" hai2="13,65,44,80,29,27,40,85,63,25,10,72,47" hai3="30,60,71,34,31,95,109,36,77,70,6,46,119"/><U33/><E33/><V66/><F72/><W134/><G109/><T45/><D104/><U126/><E123/><V101/><F101/><W97/><G77/><T73/><D73/><U49/><E126/><V15/><F15/><W1/><G134/><T86/><D135/><U91/><E133/><V83/><F85/><W102/><G1/><T125/><D125/><U58/><E111/><V32/><F27/><W110/><G110/><T17/><D129/><U69/><E4/><V54/><F54/><W9/><G119/><T41/><D114/><U67/><E67/><V121/><F121/><W37/><G31/><T52/><D43/><U81/><REACH who="1" step="1"/><E21/><REACH who="1" ten="381,10,183,416" step="2"/><V108/><F108/><W93/><G34/><T115/><D115/><U11/><E11/><V92/><F66/><W117/><G9/><T98/><D23/><U106/><AGARI ba="0,1" hai="49,53,58,62,64,69,81,84,91,96,100,106,116,118" machi="106" ten="20,12000,1" yaku="1,1,0,1,7,1,52,1,53,1" doraHai="79" doraHaiUra="56" who="1" fromWho="1" sc="381,-40,10,130,183,-40,416,-40" /><INIT seed="5,1,0,1,0,110" ten="341,140,143,376" oya="1" hai0="125,88,18,42,31,35,25,76,1,7,126,3,38" hai1="131,69,8,48,13,0,27,97,86,105,32,52,101" hai2="113,9,115,45,129,26,23,118,11,49,122,111,109" hai3="89,53,56,37,12,67,135,93,10,2,41,22,84"/><U74/><E74/><V34/><F34/><W124/><G124/><N who="0" m="47723" /><D76/><U61/><E131/><V120/><F129/><W47/><G135/><T21/><D88/><U114/><E0/><N who="0" m="73" /><D38/><U83/><E114/><N who="2" m="43531" /><F49/><W87/><G22/><T127/><N who="0" m="47731" /><T17/><DORA hai="70" /><D42/><U99/><E99/><V15/><F45/><W57/><G2/><T28/><D7/><U104/><E104/><V80/><F80/><W92/><G67/><T119/><D119/><U63/><E69/><V6/><F11/><W66/><G66/><T33/><D31/><U121/><E121/><N who="2" m="46699" /><F118/><W81/><G87/><T4/><D4/><U50/><E50/><V55/><F55/><W108/><G108/><T78/><D78/><U94/><E105/><V130/><F130/><W5/><G57/><T54/><D54/><U14/><E32/><AGARI ba="1,0" hai="17,18,21,25,28,32,33,35" m="73,47731" machi="32" ten="50,6400,0" yaku="18,1,34,2" doraHai="110,70" who="0" fromWho="1" sc="341,67,140,-67,143,0,376,0" /><INIT seed="6,0,0,1,1,21" ten="408,73,143,376" oya="2" hai0="77,118,71,129,88,101,83,108,128,25,95,39,40" hai1="81,50,49,87,10,52,1,56,37,5,61,84,74" hai2="62,20,98,55,60,27,76,51,104,116,59,93,3" hai3="66,26,123,126,47,91,114,2,130,9,41,44,86"/><V85/><F104/><W28/><G123/><T113/><D108/><U105/><E105/><V131/><F116/><W109/><G109/><T4/><D71/><U64/><E37/><V70/><F3/><W117/><G117/><T96/><D118/><U45/><E74/><V99/><F131/><N who="0" m="50250" /><D4/><U97/><E97/><V53/><F70/><W32/><G114/><T33/><D39/><U90/><E84/><V54/><F51/><W36/><G126/><T48/><D113/><U0/><E50/><V24/><F20/><W12/><G47/><N who="0" m="25703" /><D101/><U67/><REACH who="1" step="1"/><E0/><REACH who="1" ten="408,63,143,376" step="2"/><V120/><F120/><W119/><G130/><T38/><D38/><U19/><E19/><V30/><F99/><W15/><G2/><T58/><D77/><U107/><E107/><V110/><F110/><W79/><G86/><T69/><D96/><U134/><E134/><V133/><F133/><W68/><G36/><T43/><D83/><U102/><E102/><N who="2" m="60751" /><F85/><W22/><G119/><T65/><D65/><BYE who="0" /><AGARI ba="0,1" hai="1,5,10,45,49,52,56,61,64,65,67,81,87,90" machi="65" ten="30,3900,0" yaku="1,1,7,1,54,1,53,0" doraHai="21" doraHaiUra="16" who="1" fromWho="0" sc="408,-39,63,49,143,0,376,0" /><INIT seed="7,0,0,0,4,0" ten="369,112,143,376" oya="3" hai0="82,129,3,43,94,31,99,69,51,77,26,10,24" hai1="38,4,6,90,42,28,62,131,108,85,67,19,29" hai2="98,86,61,18,56,65,78,121,37,91,89,30,20" hai3="44,63,120,50,111,114,11,58,109,102,71,17,57"/><W68/><G120/><UN n0="%E8%A5%BF%E5%B8%AB" /><T47/><D69/><U48/><E38/><V127/><F37/><W135/><G135/><T104/><D104/><U21/><BYE who="0" /><E108/><N who="3" m="41546" /><G114/><T64/><D64/><U59/><E131/><V87/><F30/><N who="1" m="11881" /><E48/><V105/><F105/><W126/><G126/><T100/><D100/><U106/><E42/><UN n0="%E8%A5%BF%E5%B8%AB" /><V45/><F45/><W25/><G102/><N who="0" m="60791" /><D129/><U115/><E115/><V46/><F46/><W125/><G125/><T39/><D31/><U112/><E106/><V2/><F2/><W27/><G11/><T36/><D36/><U7/><E112/><V103/><F127/><W118/><G118/><T34/><D34/><U53/><E67/><V133/><F133/><W74/><G74/><N who="0" m="43319" /><D51/><U5/><N who="1" m="1536" /><DORA hai="60" /><U49/><E49/><V130/><F130/><W124/><G124/><T96/><D96/><U73/><E73/><V107/><F121/><W97/><G97/><T81/><D81/><N who="1" m="49455" /><E21/><V132/><F132/><W1/><G1/><T110/><D110/><U52/><E53/><V83/><F86/><W88/><G71/><T116/><D116/><U40/><E40/><V117/><F117/><W35/><G68/><T14/><D3/><U75/><E75/><V95/><F107/><W123/><G123/><T41/><D41/><U23/><E23/><V122/><F122/><W12/><G35/><T119/><D119/><U93/><E93/><V54/><F54/><N who="3" m="30023" /><G63/><T128/><D128/><U79/><E79/><V22/><F22/><N who="3" m="11559" /><G27/><AGARI ba="0,0" hai="18,20,27,56,61,65,78,83,87,89,91,95,98,103" machi="27" ten="30,3900,0" yaku="7,1,8,1,52,1" doraHai="0,60" who="2" fromWho="3" sc="369,0,112,0,143,39,376,-39" owari="369,47.0,112,-39.0,182,-22.0,337,14.0" /></mjloggm>