<mjloggm ver="2.3"><GO type="193" lobby="0"/><UN n0="%E5%B0%B1%E6%B4%BB%E7%94%9F%40%E5%B7%9D%E6%9D%91%E8%BB%8D%E5%9B%A3" n1="%74%65%72%72%79%39%31%36" n2="%70%6F%70%75%72%61" n3="%4A%2E%61%63%6B%61%6C" dan="12,12,13,10" rate="1859.64,1715.76,1766.56,1403.19" sx="M,M,M,M"/><TAIKYOKU oya="0"/><BYE who="3" /><INIT seed="0,0,0,2,3,101" ten="250,250,250,250" oya="0" hai0="1,97,82,35,40,13,36,28,133,125,37,128,3" hai1="98,10,134,33,77,45,29,78,19,2,132,63,110" hai2="6,20,80,5,11,111,121,94,61,120,91,88,79" hai3="41,93,118,84,42,62,95,17,23,27,122,70,86"/><T53/><D125/><U15/><E63/><V12/><F111/><W75/><G75/><T7/><D128/><U0/><E45/><V113/><F113/><W89/><G89/><T114/><D133/><U39/><E39/><V73/><F91/><W126/><G126/><T32/><D114/><U99/><E77/><V14/><F61/><W71/><G71/><T108/><D82/><U102/><E78/><V18/><REACH who="2" step="1"/><F5/><REACH who="2" ten="250,250,240,250" step="2"/><W34/><G34/><T65/><D108/><U92/><E110/><V131/><F131/><W74/><G74/><T117/><D7/><U54/><E134/><V8/><F8/><W48/><G48/><T30/><D32/><U60/><E132/><V124/><F124/><W24/><G24/><T4/><D35/><U59/><REACH who="1" step="1"/><E99/><AGARI ba="0,1" hai="6,11,12,14,18,20,73,79,80,88,94,99,120,121" machi="99" ten="30,3900,0" yaku="1,1,7,1,54,1,53,0" doraHai="101" doraHaiUra="64" who="2" fromWho="1" sc="250,0,250,-39,240,49,250,0" /><INIT seed="1,0,0,2,2,72" ten="250,211,289,250" oya="1" hai0="78,115,46,85,17,118,59,76,16,9,50,94,126" hai1="56,42,73,52,108,79,40,3,8,109,92,15,131" hai2="98,45,49,11,91,88,35,89,82,107,0,10,65" hai3="70,93,100,20,90,33,113,47,99,83,105,32,86"/><U117/><E3/><V68/><F35/><W28/><G28/><T81/><D118/><U61/><E117/><V122/><F122/><W34/><G34/><T51/><D115/><U112/><E112/><V130/><F130/><W129/><G129/><T13/><D126/><U55/><E131/><V64/><F68/><W80/><G80/><T29/><D29/><U58/><E92/><V31/><F31/><W60/><G60/><T1/><D1/><U38/><E38/><V125/><F125/><W84/><G84/><T114/><D114/><U37/><E37/><V23/><F0/><W69/><G69/><T63/><D94/><U24/><E24/><V43/><F107/><W101/><G101/><T19/><D78/><U22/><E22/><V106/><F106/><W87/><G87/><T74/><D74/><U57/><E73/><V44/><F44/><W27/><G27/><T4/><REACH who="0" step="1"/><D46/><REACH who="0" ten="240,211,289,250" step="2"/><U120/><E79/><V102/><F82/><W77/><G77/><T6/><D6/><N who="1" m="3479" /><E120/><V7/><F7/><W95/><G95/><T14/><D14/><U48/><E109/><V12/><F12/><W54/><G54/><AGARI ba="0,1" hai="4,9,13,16,17,19,50,51,54,59,63,76,81,85" machi="54" ten="40,8000,1" yaku="1,1,8,1,52,1,54,1,53,0" doraHai="72" doraHaiUra="21" who="0" fromWho="3" sc="240,90,211,0,289,0,250,-80" /><INIT seed="2,0,0,1,1,115" ten="330,211,289,170" oya="2" hai0="70,121,43,94,47,105,63,65,132,62,8,42,33" hai1="2,30,7,15,60,22,77,109,108,20,57,14,23" hai2="83,38,127,84,103,67,102,128,39,87,114,56,69" hai3="21,134,100,46,82,78,5,101,74,41,0,64,44"/><V48/><F114/><W119/><G119/><T55/><D105/><U73/><E73/><V126/><F69/><W106/><G106/><T118/><D33/><U81/><E77/><V29/><F29/><W86/><G86/><T37/><D121/><U19/><E81/><V111/><F128/><W117/><G117/><T66/><D118/><U112/><E60/><V25/><F25/><W16/><G16/><T125/><D94/><U50/><E50/><V51/><F111/><N who="1" m="42569" /><E57/><V36/><F67/><W93/><G93/><T107/><D107/><U130/><E130/><V34/><F34/><W113/><G113/><T133/><D8/><N who="1" m="2167" /><E112/><V24/><F24/><W28/><G28/><T72/><D72/><U95/><E95/><V91/><F56/><W96/><G96/><T80/><D80/><U124/><E124/><N who="2" m="47659" /><F87/><W104/><G104/><T123/><D123/><U68/><E68/><V45/><F51/><W4/><G4/><T97/><D97/><U110/><N who="1" m="42577" /><U75/><DORA hai="53" /><E75/><V76/><F76/><W11/><G11/><T1/><D1/><U116/><E116/><V6/><F6/><W27/><G27/><T59/><D125/><U85/><E85/><V9/><F9/><W61/><G61/><N who="0" m="36095" /><D43/><AGARI ba="0,0" hai="36,38,39,43,45,48,83,84,91,102,103" m="47659" machi="43" ten="40,2000,0" yaku="18,1" doraHai="115,53" who="2" fromWho="0" sc="330,-20,211,0,289,20,170,0" /><INIT seed="2,1,0,5,3,82" ten="310,211,309,170" oya="2" hai0="123,4,98,91,52,14,55,16,41,50,73,113,93" hai1="132,87,75,120,88,125,15,83,30,115,100,19,42" hai2="13,111,127,74,130,70,45,110,89,65,46,133,64" hai3="107,97,114,48,109,18,99,12,33,135,134,80,112"/><V106/><F74/><W56/><G56/><T92/><D123/><U84/><E120/><V49/><F106/><W117/><G117/><T57/><D113/><U3/><E115/><V9/><F127/><W116/><G116/><T62/><D73/><U79/><E125/><V51/><F130/><W2/><G2/><T10/><D41/><U22/><E3/><V27/><F27/><W63/><G63/><T34/><D34/><U67/><E132/><V66/><F89/><W23/><G23/><T71/><D93/><U1/><E1/><V37/><F9/><W69/><G69/><T68/><REACH who="0" step="1"/><D4/><REACH who="0" ten="300,211,309,170" step="2"/><U53/><E42/><N who="2" m="22735" /><F13/><W8/><G8/><T28/><D28/><U7/><E75/><V95/><F95/><W0/><G0/><T124/><D124/><U31/><E100/><V24/><F24/><W76/><G76/><T108/><D108/><N who="2" m="41514" /><F133/><W20/><G20/><T96/><D96/><U58/><E67/><V77/><F77/><W61/><G61/><T118/><D118/><U39/><E7/><V5/><F5/><W29/><G29/><T121/><D121/><U81/><E39/><V78/><F78/><W44/><G44/><AGARI ba="1,1" hai="10,14,16,44,50,52,55,57,62,68,71,91,92,98" machi="44" ten="30,8000,1" yaku="1,1,7,1,54,2,53,1" doraHai="82" doraHaiUra="94" who="0" fromWho="3" sc="300,93,211,0,309,0,170,-83" /><INIT seed="3,0,0,4,2,89" ten="393,211,309,87" oya="3" hai0="114,0,37,4,99,104,93,98,64,102,109,84,23" hai1="13,90,57,117,107,28,12,35,1,17,119,79,73" hai2="82,59,20,44,47,46,87,58,77,22,135,3,78" hai3="42,2,38,68,54,121,127,45,43,106,71,31,116"/><W100/><G100/><T60/><D37/><U29/><E107/><V134/><F3/><W34/><G34/><T26/><D109/><U27/><E73/><V21/><F87/><W86/><G86/><T125/><D114/><U113/><E79/><N who="2" m="30219" /><F82/><W63/><G63/><T7/><D125/><U16/><E90/><V70/><F70/><W124/><G124/><T36/><D0/><U115/><E57/><V130/><F130/><W128/><G128/><T74/><D84/><U97/><E97/><V67/><F67/><W19/><G19/><T129/><D36/><U108/><E1/><V69/><F69/><W111/><G111/><T5/><D74/><U120/><E108/><V75/><F75/><W96/><G96/><T53/><D53/><U72/><E72/><V110/><F110/><W112/><G112/><T103/><D129/><U8/><E120/><V18/><F18/><W131/><G131/><T48/><D48/><U41/><E41/><V83/><F83/><W50/><G50/><T39/><D39/><U14/><E14/><V133/><AGARI ba="0,0" hai="20,21,22,44,46,47,58,59,133,134,135" m="30219" machi="133" ten="40,8000,1" yaku="29,2,28,2,20,1" doraHai="89" who="2" fromWho="2" sc="393,-20,211,-20,309,80,87,-40" owari="373,17.0,191,-21.0,389,49.0,47,-45.0" /></mjloggm>