<mjloggm ver="2.3"><GO type="97" lobby="0"/><UN n0="%E3%82%8F%E3%82%93%E3%81%98%E3%82%87%E3%83%BC" n1="%6D%69%72%75%6B%69%61" n2="%6C%6F%76%65%64%6F%67" n3="%E3%82%A6%E3%83%AB%E3%83%88%E3%83%A9%E7%AB%8B%E7%9B%B4" dan="15,13,14,14" rate="2034.83,1815.71,1921.00,1939.94" sx="M,M,M,M"/><TAIKYOKU oya="0"/><INIT seed="0,0,0,5,0,80" ten="250,250,250,250" oya="0" hai0="105,60,124,65,112,94,84,34,18,123,19,4,13" hai1="28,128,69,113,29,134,36,101,108,41,76,11,48" hai2="117,45,120,30,56,71,64,39,97,70,0,55,59" hai3="24,106,32,50,130,38,40,78,1,31,121,21,17"/><T98/><D123/><U132/><E69/><V104/><F120/><W119/><G106/><T23/><D112/><U126/><E101/><V20/><F0/><W85/><G121/><T129/><D129/><U27/><E76/><V96/><F117/><W127/><G38/><T116/><D116/><U87/><E48/><N who="2" m="30823" /><F70/><W131/><G119/><T14/><D124/><U102/><E102/><V122/><F59/><W15/><G127/><T93/><D105/><U7/><E126/><V115/><F115/><W88/><G78/><T42/><D34/><U16/><E41/><N who="2" m="22719" /><F104/><W110/><G1/><T52/><D42/><U99/><E113/><V47/><F47/><W114/><G114/><T111/><D111/><U95/><E108/><V125/><F125/><W43/><G110/><T9/><D52/><U61/><E36/><V83/><F83/><N who="3" m="49215" /><G50/><T89/><D4/><U6/><E128/><AGARI ba="0,0" hai="15,17,21,24,31,32,40,43,128,130,131" m="49215" machi="128" ten="30,3900,0" yaku="19,1,52,1,54,1" doraHai="80" who="3" fromWho="1" sc="250,0,250,-39,250,0,250,39" /><INIT seed="1,0,0,1,1,21" ten="250,211,250,289" oya="1" hai0="38,14,118,18,88,1,59,78,81,93,48,125,53" hai1="31,7,94,107,12,35,90,11,89,4,65,29,61" hai2="2,129,76,116,71,19,124,123,46,101,63,85,55" hai3="6,113,42,82,27,49,87,109,99,120,112,32,105"/><U114/><E107/><V25/><F123/><W134/><G120/><T108/><D118/><U79/><E114/><V130/><F116/><W56/><G6/><T51/><D38/><U58/><E79/><V3/><F101/><W34/><G105/><T17/><D1/><U91/><E35/><V43/><F124/><W5/><G99/><T95/><D125/><U117/><E117/><V66/><F55/><W10/><G34/><T50/><D108/><U126/><E126/><V0/><F85/><W15/><G109/><T98/><D95/><U86/><E4/><V13/><F76/><N who="3" m="46535" /><G56/><T20/><REACH who="0" step="1"/><D18/><REACH who="0" ten="240,211,250,289" step="2"/><U133/><E133/><V62/><F3/><W54/><G134/><T74/><AGARI ba="0,1" hai="14,17,20,48,50,51,53,59,74,78,81,88,93,98" machi="74" ten="20,8000,1" yaku="1,1,2,1,0,1,7,1,54,1,53,0" doraHai="21" doraHaiUra="39" who="0" fromWho="0" sc="240,90,211,-40,250,-20,289,-20" /><INIT seed="2,0,0,2,1,61" ten="330,171,230,269" oya="2" hai0="123,12,106,7,76,4,36,71,13,43,114,105,25" hai1="94,135,3,34,118,46,133,27,132,62,73,97,37" hai2="59,116,79,60,95,121,99,19,63,102,24,91,23" hai3="33,28,127,119,44,40,111,112,38,1,70,22,51"/><V117/><F121/><W20/><G119/><T87/><D114/><U83/><E118/><V131/><F131/><W68/><G22/><T134/><D123/><U2/><E46/><V55/><F79/><W64/><G20/><T10/><D71/><N who="3" m="27177" /><G28/><T8/><D134/><U122/><E122/><V88/><F116/><W120/><G33/><T108/><D108/><U5/><E37/><V42/><F117/><W48/><G1/><T89/><D76/><U45/><E45/><V26/><F42/><W29/><G29/><T107/><D25/><U93/><E34/><V18/><F63/><W0/><G0/><T65/><D43/><U101/><E27/><V15/><F26/><W82/><G82/><T57/><D36/><U16/><E16/><V50/><F50/><N who="3" m="18987" /><G120/><T126/><D126/><U6/><E83/><V129/><F129/><W92/><G92/><T21/><D21/><AGARI ba="0,0" hai="15,18,19,21,23,24,55,59,60,88,91,95,99,102" machi="21" ten="30,5800,0" yaku="7,1,8,1,54,1" doraHai="61" who="2" fromWho="0" sc="330,-58,171,0,230,58,269,0" /><INIT seed="2,1,0,2,2,52" ten="272,171,288,269" oya="2" hai0="98,40,89,90,132,97,128,59,2,95,47,87,94" hai1="88,108,13,79,3,49,111,48,66,102,84,51,57" hai2="28,76,56,20,23,1,46,18,26,39,122,29,41" hai3="116,106,124,7,123,30,32,37,113,104,80,31,115"/><V0/><F122/><W82/><G116/><T25/><D132/><U100/><E3/><V83/><F29/><W107/><G37/><T42/><D2/><U38/><E38/><V4/><F4/><W75/><G7/><T118/><D118/><U50/><E79/><V33/><F33/><W117/><G117/><T14/><D128/><U78/><E78/><V62/><F83/><N who="3" m="31787" /><G32/><T129/><D129/><U105/><E13/><V130/><F76/><W35/><G35/><T60/><D14/><U127/><E127/><V96/><F96/><W71/><G71/><T10/><D10/><U15/><E15/><V67/><F130/><W135/><G123/><T91/><D25/><AGARI ba="1,0" hai="0,1,18,20,23,25,26,28,39,41,46,56,62,67" machi="25" ten="30,2900,0" yaku="7,1,52,1" doraHai="52" who="2" fromWho="0" sc="272,-32,171,0,288,32,269,0" /><INIT seed="2,2,0,3,2,61" ten="240,171,320,269" oya="2" hai0="68,25,91,54,7,27,15,40,116,114,64,111,117" hai1="19,86,67,100,89,6,57,46,21,130,134,93,65" hai2="87,120,124,18,71,26,36,79,31,76,56,42,107" hai3="41,55,14,58,50,92,135,37,22,0,74,23,11"/><V2/><F120/><W13/><G135/><T84/><D114/><U30/><E134/><V45/><F107/><W125/><G74/><T113/><D113/><U110/><E110/><V104/><F104/><W69/><G69/><T49/><D40/><U108/><E108/><V9/><F71/><W112/><G0/><T70/><D111/><U10/><E130/><V106/><F124/><W1/><G1/><T102/><D102/><U122/><E122/><V88/><F106/><W97/><G125/><T118/><D70/><U20/><E100/><V73/><F73/><W85/><G37/><T121/><D121/><U123/><E57/><V5/><F18/><N who="3" m="8511" /><G41/><T94/><D15/><N who="1" m="5591" /><E46/><V103/><F56/><W4/><G85/><T28/><D7/><U131/><E131/><V126/><F103/><N who="3" m="60839" /><G112/><T34/><D27/><N who="1" m="16743" /><E123/><V3/><F3/><W33/><G33/><T35/><D35/><U83/><E83/><V52/><F126/><W47/><G47/><N who="0" m="27967" /><D68/><U99/><E99/><V77/><F52/><W109/><G109/><T127/><D127/><U129/><E129/><V17/><F17/><W133/><G133/><T32/><D32/><U98/><E98/><V24/><REACH who="2" step="1"/><F31/><REACH who="2" ten="240,171,310,269" step="2"/><W132/><G132/><T48/><D118/><U43/><E43/><V96/><F96/><W115/><G115/><T8/><D117/><U72/><E72/><V101/><F101/><W81/><G4/><T62/><D116/><U66/><E19/><V90/><F90/><W105/><G105/><T16/><D91/><U80/><E80/><AGARI ba="2,1" hai="2,5,9,24,26,36,42,45,76,77,79,80,87,88" machi="80" ten="40,7700,0" yaku="1,1,54,1,53,1" doraHai="61" doraHaiUra="82" who="2" fromWho="1" sc="240,0,171,-83,310,93,269,0" /><INIT seed="2,3,0,1,0,29" ten="240,88,403,269" oya="2" hai0="19,130,20,70,75,91,66,24,65,135,46,13,52" hai1="56,16,113,28,121,63,3,102,86,124,7,36,101" hai2="58,96,95,106,25,18,53,17,37,35,108,48,32" hai3="103,6,69,51,116,98,100,119,9,127,132,131,59"/><V105/><F108/><W44/><G69/><T64/><D75/><U80/><E36/><V84/><F37/><W126/><G59/><T87/><D135/><U89/><E124/><N who="3" m="47658" /><G132/><T71/><D130/><U72/><E121/><V30/><F84/><W39/><G39/><T74/><D74/><U14/><E113/><V61/><F35/><W55/><G131/><T114/><D114/><U47/><E47/><V54/><F106/><N who="3" m="63767" /><G103/><T129/><D129/><U115/><E115/><V92/><F105/><W12/><AGARI ba="3,0" hai="6,9,12,44,51,55,116,119" m="63767,47658" machi="12" ten="30,1100,0" yaku="18,1" doraHai="29" who="3" fromWho="3" sc="240,-6,88,-6,403,-8,269,20" /><INIT seed="3,0,0,1,2,82" ten="234,82,395,289" oya="3" hai0="118,69,65,15,61,32,78,7,3,41,38,37,122" hai1="62,28,74,34,26,91,112,108,116,18,5,59,57" hai2="134,76,119,47,73,125,51,35,102,71,16,85,123" hai3="21,42,99,79,83,124,29,100,77,101,131,109,120"/><W135/><G42/><T33/><D122/><U106/><E108/><V53/><F119/><W66/><G66/><T68/><D118/><U30/><E116/><V2/><F123/><W1/><G21/><T11/><D15/><U95/><E112/><V103/><F35/><W97/><G29/><T127/><D127/><U40/><E106/><V70/><F125/><W6/><G6/><T117/><D117/><U9/><E74/><V8/><F73/><W19/><G19/><T36/><D69/><U90/><E30/><V55/><F71/><W49/><G49/><T84/><D84/><U60/><E18/><V72/><F72/><W22/><G22/><T23/><D23/><U20/><E40/><V64/><F64/><W111/><G1/><T104/><D78/><U113/><E113/><V80/><F70/><W86/><G120/><T75/><D75/><U58/><E34/><V89/><F2/><W14/><G14/><T67/><D67/><U115/><E115/><V50/><F134/><W126/><G135/><T24/><D41/><U10/><E91/><V88/><F103/><W107/><G131/><T43/><D43/><U48/><E48/><V121/><F102/><W93/><G79/><T110/><D110/><AGARI ba="0,0" hai="77,83,86,93,97,99,100,101,107,109,110,111,124,126" machi="110" ten="40,18000,2" yaku="14,1,10,1,34,3,52,1" doraHai="82" who="3" fromWho="0" sc="234,-180,82,0,395,0,289,180" owari="54,-45.0,82,-32.0,395,20.0,469,57.0" /></mjloggm>