<mjloggm ver="2.3"><GO type="169" lobby="0"/><UN n0="%E3%83%87%E3%82%A3%E3%82%AA%E3%83%90%E3%83%B3" n1="%E3%83%A8%E3%82%B3%E3%83%A8%E3%82%B3" n2="%E3%82%A6%E3%83%AB%E3%83%88%E3%83%A9%E7%AB%8B%E7%9B%B4" n3="%41%70%70%6C%65%2A" dan="17,16,17,16" rate="2155.63,2131.14,2108.53,2056.38" sx="M,M,M,M"/><TAIKYOKU oya="0"/><INIT seed="0,0,0,2,4,2" ten="250,250,250,250" oya="0" hai0="124,57,13,7,97,5,62,43,46,59,61,63,118" hai1="107,121,103,47,17,33,102,129,96,64,98,123,85" hai2="94,100,81,87,135,131,55,24,50,84,132,51,76" hai3="86,26,72,21,83,54,19,104,68,10,56,110,30"/><T52/><D118/><U88/><E33/><V15/><F51/><W14/><G68/><T28/><D124/><U27/><E129/><V90/><F131/><W65/><G104/><T3/><D3/><U108/><E108/><V95/><F24/><W25/><G72/><T89/><D28/><U1/><E1/><V114/><F114/><W22/><G65/><N who="0" m="39087" /><D13/><U117/><E117/><V9/><F100/><W91/><G110/><T34/><D34/><U122/><E64/><V40/><F95/><W119/><G119/><T32/><D32/><U116/><E116/><V79/><F79/><W125/><G125/><T111/><D111/><U12/><E27/><V6/><REACH who="2" step="1"/><F40/><REACH who="2" ten="250,250,240,250" step="2"/><W109/><G109/><T80/><D63/><U127/><E127/><V130/><F130/><W11/><G26/><T74/><D74/><U101/><E107/><V106/><F106/><W112/><G112/><T31/><D31/><U92/><REACH who="1" step="1"/><E47/><AGARI ba="0,1" hai="6,9,15,47,50,55,76,81,84,87,90,94,132,135" machi="47" ten="40,2600,0" yaku="1,1,52,1,53,0" doraHai="2" doraHaiUra="133" who="2" fromWho="1" sc="250,0,250,-26,240,36,250,0" /><INIT seed="1,0,0,5,4,104" ten="250,224,276,250" oya="1" hai0="30,13,27,117,59,65,82,94,44,49,90,45,23" hai1="57,42,63,127,101,77,70,67,38,52,122,25,96" hai2="99,43,28,81,102,55,40,53,97,72,73,21,74" hai3="83,89,22,2,4,8,80,129,119,76,68,123,0"/><U71/><E122/><V88/><F81/><W78/><G68/><T79/><D117/><U7/><E127/><V41/><F28/><W126/><G123/><T85/><D13/><U120/><E120/><V116/><F116/><W84/><G129/><T87/><REACH who="0" step="1"/><D49/><REACH who="0" ten="240,224,276,250" step="2"/><U20/><E38/><V12/><F12/><W66/><G119/><T131/><D131/><U18/><E7/><V1/><F1/><W118/><G2/><T132/><D132/><U15/><E15/><V24/><F24/><W62/><G118/><T91/><D91/><U135/><E135/><V114/><F114/><W106/><G89/><T110/><D110/><U46/><E77/><V60/><F88/><W105/><G126/><T107/><D107/><U32/><E25/><V36/><F36/><W39/><G39/><T134/><D134/><U48/><E48/><V108/><F108/><W33/><G105/><T61/><AGARI ba="0,1" hai="23,27,30,44,45,59,61,65,79,82,85,87,90,94" machi="61" ten="30,4000,0" yaku="1,1,0,1,8,1,53,0" doraHai="104" doraHaiUra="103" who="0" fromWho="0" sc="240,50,224,-20,276,-10,250,-10" /><INIT seed="2,0,0,0,5,19" ten="290,204,266,240" oya="2" hai0="41,78,10,129,75,133,27,130,25,20,126,63,42" hai1="44,67,105,92,18,79,4,57,102,22,71,56,100" hai2="115,103,85,62,82,30,29,0,72,66,8,73,28" hai3="40,110,60,43,39,11,127,98,9,84,38,135,26"/><V7/><F103/><W49/><G98/><T1/><D126/><U52/><E105/><V53/><F53/><W83/><G39/><T107/><D107/><U114/><E114/><V89/><REACH who="2" step="1"/><F115/><REACH who="2" ten="290,204,256,240" step="2"/><W81/><G127/><T14/><D130/><U99/><E102/><V55/><F55/><W35/><G40/><T77/><D129/><U121/><E121/><V13/><F13/><W93/><G43/><T69/><D41/><U64/><E52/><V101/><F101/><W58/><G38/><T54/><D42/><U88/><E100/><V95/><F95/><W6/><G93/><T87/><D14/><U61/><E67/><V74/><F74/><W120/><G120/><T31/><D75/><U24/><E79/><V45/><F45/><W68/><G49/><T34/><D54/><U33/><E44/><V80/><F80/><W122/><G81/><T15/><D78/><U47/><E47/><V32/><F32/><W5/><G35/><T113/><D15/><U51/><E51/><V104/><F104/><W48/><G83/><T96/><D113/><U112/><E112/><V128/><F128/><W132/><G48/><T46/><D34/><U131/><E131/><V94/><F94/><W134/><G122/><T21/><D46/><U117/><E33/><V119/><F119/><W118/><G118/><T109/><D77/><U59/><E117/><V16/><F16/><W116/><G116/><T65/><D65/><U124/><E124/><V108/><F108/><W90/><G110/><T12/><D109/><U111/><E111/><V3/><F3/><W123/><G123/><RYUUKYOKU ba="0,1" sc="290,-15,204,15,256,15,240,-15" hai1="4,18,22,24,56,57,59,61,64,71,88,92,99" hai2="0,7,8,28,29,30,62,66,72,73,82,85,89" /><INIT seed="2,1,1,0,2,121" ten="275,219,271,225" oya="2" hai0="62,39,15,123,70,128,53,20,13,48,131,57,106" hai1="2,52,69,54,75,50,110,99,26,129,127,112,55" hai2="60,21,33,84,37,73,87,46,11,98,96,77,122" hai3="78,109,14,56,86,27,25,125,1,35,66,8,111"/><V49/><F33/><W124/><G1/><T44/><D123/><U101/><E112/><V42/><F122/><W135/><G135/><T114/><D114/><U95/><E2/><V76/><F37/><W126/><G78/><N who="2" m="30313" /><F73/><W134/><G134/><T88/><D106/><U65/><E75/><V64/><F11/><W28/><G86/><N who="2" m="32809" /><F21/><W4/><G27/><T71/><D20/><U30/><E127/><V94/><F94/><W132/><G132/><T85/><D39/><U58/><E129/><N who="0" m="49737" /><D70/><U43/><E43/><V72/><F72/><W6/><G6/><T61/><D71/><U133/><E133/><V92/><F92/><W51/><G51/><T36/><D36/><U34/><REACH who="1" step="1"/><E110/><REACH who="1" ten="275,209,271,225" step="2"/><N who="3" m="41994" /><G124/><T116/><D116/><U3/><E3/><V7/><F7/><W32/><G32/><T41/><D62/><AGARI ba="1,2" hai="26,30,34,50,52,54,55,58,62,65,69,95,99,101" machi="62" ten="40,5200,0" yaku="1,1,54,1,53,1" doraHai="121" doraHaiUra="91" who="1" fromWho="0" sc="275,-55,209,75,271,0,225,0" /><AGARI ba="1,0" hai="4,8,14,25,28,35,56,62,66,125,126" m="41994" machi="62" ten="30,7700,0" yaku="14,1,52,3" doraHai="121" who="3" fromWho="0" sc="220,-77,284,0,271,0,225,77" /><INIT seed="3,0,0,0,3,68" ten="143,284,271,302" oya="3" hai0="22,51,38,81,115,60,110,118,25,101,52,85,95" hai1="124,116,99,2,28,65,54,50,104,120,49,123,82" hai2="34,119,69,35,61,134,56,3,80,47,26,59,83" hai3="18,126,4,106,72,127,67,39,129,21,64,27,88"/><W14/><G106/><T8/><D118/><U5/><E116/><V37/><F3/><W113/><G72/><T20/><D110/><U105/><E124/><N who="3" m="47658" /><G113/><T66/><D115/><U9/><E28/><V30/><F119/><W135/><G135/><T11/><D38/><U41/><E65/><V87/><F134/><W73/><G73/><T12/><D60/><U23/><E23/><N who="0" m="8745" /><D66/><U100/><E105/><V109/><F109/><W84/><G129/><T24/><D95/><U79/><E41/><V130/><F130/><W92/><G39/><T0/><D101/><U108/><E108/><V43/><F80/><W6/><G6/><N who="0" m="3191" /><D8/><AGARI ba="0,0" hai="4,8,14,18,21,27,64,67,84,88,92" m="47658" machi="8" ten="30,2900,0" yaku="18,1,54,1" doraHai="68" who="3" fromWho="0" sc="143,-29,284,0,271,0,302,29" /><INIT seed="3,1,0,0,2,23" ten="114,284,271,331" oya="3" hai0="82,18,62,66,81,21,34,25,96,72,124,120,76" hai1="105,78,32,91,69,31,26,97,129,77,13,111,127" hai2="43,94,48,88,19,67,98,30,6,110,86,118,33" hai3="126,1,106,65,92,89,38,117,0,37,7,20,40"/><W55/><G106/><T15/><D120/><U41/><E127/><V95/><F110/><W36/><G117/><T52/><D124/><U4/><E111/><V17/><F118/><W132/><G65/><T79/><D96/><U11/><E129/><V10/><F67/><W109/><G126/><T28/><D66/><U112/><E112/><V8/><F33/><W116/><G116/><T103/><D103/><U56/><E69/><V93/><F30/><W113/><G113/><T49/><D62/><U47/><E56/><V104/><F104/><W5/><G109/><T64/><D64/><U128/><E128/><V99/><F99/><W80/><G80/><T119/><D119/><U74/><E74/><V123/><F123/><W73/><G40/><T9/><D9/><N who="2" m="3690" /><F6/><W115/><G73/><T29/><D29/><U58/><E58/><V50/><F98/><W22/><G38/><T135/><D135/><U107/><E107/><V35/><F35/><W60/><G115/><T70/><D70/><U133/><E133/><V114/><F114/><W45/><G132/><T68/><D68/><U3/><E3/><V27/><F27/><W130/><G130/><T101/><D101/><U121/><E121/><V61/><F61/><W46/><G60/><T108/><D108/><U75/><E75/><V102/><F102/><W59/><G59/><N who="0" m="33167" /><D72/><U63/><E63/><V53/><F43/><W83/><G1/><T54/><D54/><U42/><E105/><V90/><F86/><W122/><G0/><T87/><D87/><U100/><E41/><V16/><F53/><W57/><G55/><RYUUKYOKU ba="1,0" sc="114,15,284,-15,271,15,331,-15" hai0="15,18,21,25,28,34,76,79,81,82" hai2="16,17,19,48,50,88,90,93,94,95" /><INIT seed="4,2,0,5,5,44" ten="129,269,286,316" oya="0" hai0="49,79,74,1,23,76,87,134,101,97,42,54,29" hai1="83,65,52,53,106,115,0,11,112,93,15,47,92" hai2="90,31,6,38,14,108,99,27,24,51,22,69,104" hai3="25,55,88,121,116,20,26,118,56,95,35,71,80"/><T5/><D134/><U125/><E106/><V13/><F69/><W120/><G71/><T50/><D74/><U21/><E125/><V82/><F38/><W58/><G80/><T66/><D66/><U4/><E65/><V61/><F61/><W135/><G35/><T75/><D75/><U132/><E132/><V117/><F108/><W119/><G135/><T63/><D5/><U131/><E131/><V40/><F117/><W102/><G102/><T84/><D1/><U107/><E107/><V8/><F14/><W68/><G68/><T34/><D34/><U48/><E83/><V64/><F64/><W7/><G7/><T98/><D63/><U33/><E33/><V16/><F104/><W123/><G20/><T36/><D36/><U96/><E53/><V86/><F99/><N who="0" m="37898" /><D101/><U18/><REACH who="1" step="1"/><E93/><REACH who="1" ten="129,259,286,316" step="2"/><V133/><F133/><W114/><G118/><T59/><D79/><U41/><E41/><V45/><REACH who="2" step="1"/><F27/><REACH who="2" ten="129,259,276,316" step="2"/><W39/><G116/><T2/><D76/><U122/><E122/><V127/><F127/><W12/><G119/><T126/><D126/><U94/><E94/><V77/><F77/><W91/><G120/><T57/><D2/><U105/><E105/><V113/><F113/><W60/><G121/><T109/><D109/><U103/><AGARI ba="2,2" hai="0,4,11,15,18,21,47,48,52,92,96,103,112,115" machi="103" ten="30,7900,0" yaku="1,1,0,1,52,1,54,1,53,0" doraHai="44" doraHaiUra="67" who="1" fromWho="1" sc="129,-41,259,105,276,-22,316,-22" /><INIT seed="5,0,0,5,5,56" ten="88,364,254,294" oya="1" hai0="4,88,73,105,92,8,128,38,21,114,53,67,96" hai1="70,28,43,129,100,77,117,124,57,89,22,87,30" hai2="82,131,63,120,16,126,99,3,115,118,132,54,44" hai3="41,25,15,32,119,42,123,110,39,7,9,85,113"/><U55/><E117/><V46/><F3/><W27/><G110/><T45/><D114/><U102/><E129/><V18/><F118/><W13/><G123/><T93/><D128/><U1/><E124/><V61/><F131/><W101/><G32/><T48/><D73/><U79/><E70/><V52/><F120/><W111/><G111/><T6/><D105/><U33/><E1/><V36/><F36/><W68/><G68/><T65/><D38/><U106/><E33/><V37/><F37/><W109/><G109/><T2/><D6/><U59/><E43/><N who="3" m="16394" /><G39/><T71/><D71/><U130/><E130/><V98/><F82/><W76/><G113/><T20/><REACH who="0" step="1"/><D93/><REACH who="0" ten="78,364,254,294" step="2"/><N who="1" m="54463" /><E106/><V47/><F115/><W10/><G119/><T0/><D0/><U14/><E77/><V134/><F44/><W80/><G101/><T31/><D31/><U133/><E79/><V94/><F94/><W75/><G75/><T104/><D104/><U127/><E102/><V23/><F126/><W64/><G7/><T12/><D12/><U86/><E100/><V78/><F78/><W83/><G15/><T62/><D62/><U69/><E127/><V125/><F125/><W58/><G13/><T135/><D135/><U90/><E133/><V72/><F72/><W29/><G76/><T103/><D103/><U97/><E69/><V81/><F81/><W24/><G83/><T66/><AGARI ba="0,1" hai="2,4,8,20,21,45,48,53,65,66,67,88,92,96" machi="66" ten="30,8000,1" yaku="1,1,0,1,54,1,53,2" doraHai="56" doraHaiUra="17" who="0" fromWho="0" sc="78,90,364,-40,254,-20,294,-20" /><INIT seed="6,0,0,1,3,51" ten="168,324,234,274" oya="2" hai0="32,11,37,119,47,49,124,126,36,133,105,6,19" hai1="14,17,59,16,52,70,35,60,123,10,71,129,27" hai2="12,13,26,101,3,86,41,112,74,121,107,127,76" hai3="31,56,5,117,61,128,91,93,55,81,40,94,64"/><V68/><F3/><W23/><G128/><T25/><D105/><U15/><E129/><V8/><F121/><W131/><G131/><T87/><D32/><U48/><E123/><V77/><F68/><W96/><G40/><T75/><D75/><U116/><E116/><V100/><F107/><W42/><G42/><T73/><D73/><U135/><E135/><V80/><F74/><W24/><G117/><T2/><D119/><U72/><E72/><V20/><F112/><W82/><G5/><T38/><D133/><U108/><E108/><V1/><F1/><W79/><G79/><T97/><D97/><U53/><E35/><V50/><F77/><W58/><REACH who="3" step="1"/><G94/><REACH who="3" ten="168,324,234,264" step="2"/><T63/><D124/><U132/><E132/><V83/><F127/><W57/><G57/><T45/><D126/><U90/><E59/><V92/><F92/><W99/><G99/><T89/><D63/><AGARI ba="0,1" hai="23,24,31,55,56,58,61,63,64,81,82,91,93,96" machi="63" ten="30,7700,0" yaku="1,1,7,1,8,1,52,1,53,0" doraHai="51" doraHaiUra="134" who="3" fromWho="0" sc="168,-77,324,0,234,0,264,87" /><INIT seed="7,0,0,2,4,3" ten="91,324,234,351" oya="3" hai0="65,131,58,38,54,44,98,109,49,37,39,10,63" hai1="111,73,36,12,94,121,101,22,80,53,117,108,11" hai2="29,107,89,132,35,6,24,25,104,59,102,71,135" hai3="99,50,118,128,33,123,126,114,75,105,103,45,1"/><W66/><RYUUKYOKU type="yao9" ba="0,0" sc="91,0,324,0,234,0,351,0" hai3="1,33,45,50,66,75,99,103,105,114,118,123,126,128" /><INIT seed="7,1,0,1,4,79" ten="91,324,234,351" oya="3" hai0="82,114,47,31,81,120,76,113,23,84,59,22,33" hai1="54,11,92,99,107,112,78,119,3,103,118,77,83" hai2="124,45,15,86,35,69,12,34,71,63,32,43,6" hai3="134,115,88,50,20,42,116,90,111,87,36,51,25"/><W127/><G116/><N who="1" m="44586" /><E112/><N who="0" m="43113" /><D120/><U8/><E3/><V5/><F86/><W61/><G115/><T125/><D125/><U68/><E68/><V89/><F89/><W73/><G73/><N who="0" m="43151" /><D47/><U14/><E77/><V7/><F63/><W94/><G127/><T97/><D97/><N who="1" m="61935" /><E14/><V29/><F29/><N who="3" m="17575" /><G36/><T26/><D59/><U101/><E54/><V66/><F66/><W105/><G105/><T56/><D56/><U132/><E132/><V27/><F124/><W10/><G111/><T95/><D95/><U17/><E17/><V18/><F18/><W40/><G61/><T65/><D65/><U48/><E48/><N who="3" m="18474" /><G134/><T117/><D117/><U55/><E55/><V133/><F133/><W74/><G74/><AGARI ba="1,0" hai="8,11,74,78,83,92,99,101" m="61935,44586" machi="74" ten="30,2000,0" yaku="12,1,52,1" doraHai="79" who="1" fromWho="3" sc="91,0,324,23,234,0,351,-23" owari="91,-41.0,347,45.0,234,-17.0,328,13.0" /></mjloggm>