<mjloggm ver="2.3"><GO type="169" lobby="0"/><UN n0="%E3%82%A6%E3%83%AB%E3%83%88%E3%83%A9%E7%AB%8B%E7%9B%B4" n1="%E3%83%8C%E3%83%83%E3%82%AD%E3%83%BC%E3%83%8A" n2="%E3%81%BE%E3%83%BC%E3%81%A1%E3%82%83%E3%82%80" n3="%E3%83%A1%E3%83%A9%E3%82%BE%E4%B8%80%E3%83%9E" dan="17,17,16,16" rate="2147.48,2179.91,2063.76,2110.97" sx="M,F,F,M"/><TAIKYOKU oya="0"/><INIT seed="0,0,0,4,1,15" ten="250,250,250,250" oya="0" hai0="12,122,106,58,35,60,95,40,30,76,94,89,87" hai1="45,11,114,112,38,101,104,79,48,124,61,23,14" hai2="84,98,125,10,0,97,113,132,92,107,16,90,52" hai3="31,118,119,54,129,25,74,1,39,13,134,96,123"/><T64/><D106/><U6/><E124/><V93/><F113/><N who="1" m="43625" /><E38/><V73/><F73/><W47/><G1/><T88/><D122/><U86/><E104/><V27/><F0/><W85/><G74/><T19/><D76/><U32/><E32/><V53/><F107/><W18/><G134/><T33/><D40/><U36/><E36/><V26/><F125/><W102/><G129/><T7/><D7/><U75/><E101/><V5/><F5/><W83/><G123/><T29/><D35/><U43/><E75/><V99/><F93/><W66/><G66/><T133/><D33/><U3/><E61/><V77/><F77/><W126/><G126/><T4/><D4/><U21/><E3/><V56/><F132/><W91/><G96/><N who="0" m="57415" /><D133/><U57/><E57/><V8/><F53/><W116/><G102/><T111/><D111/><U109/><E109/><V17/><F52/><W103/><G103/><T80/><D95/><U9/><E9/><AGARI ba="0,0" hai="9,12,19,29,30,58,60,64,80,87,89" m="57415" machi="9" ten="30,5800,0" yaku="8,1,52,1,54,1" doraHai="15" who="0" fromWho="1" sc="250,58,250,-58,250,0,250,0" /><INIT seed="0,1,0,5,0,24" ten="308,192,250,250" oya="0" hai0="88,19,91,37,32,41,96,28,121,4,7,3,129" hai1="71,44,30,118,93,1,119,23,63,97,53,22,69" hai2="61,76,27,21,14,65,101,117,33,87,0,122,45" hai3="132,43,81,40,124,133,10,80,107,54,100,5,25"/><T42/><D121/><U114/><E1/><V79/><F0/><W38/><G124/><T85/><D37/><U29/><E114/><V12/><F33/><W83/><G25/><T60/><D3/><U120/><E120/><V49/><F101/><W26/><G26/><T36/><D28/><N who="1" m="10859" /><E69/><V134/><F122/><W110/><G100/><T20/><D32/><U78/><E71/><V48/><F48/><W59/><G107/><T112/><D36/><U13/><E118/><V92/><F79/><W57/><G57/><T109/><D129/><U131/><E119/><V52/><F117/><W74/><G74/><T135/><D135/><N who="3" m="51785" /><G110/><T17/><D109/><U89/><E131/><V105/><F105/><W73/><G73/><T75/><D75/><U68/><E68/><V104/><F104/><W115/><G38/><T6/><D112/><U64/><E78/><V86/><F76/><W58/><G58/><T56/><D91/><U15/><E64/><V11/><F65/><W98/><G115/><T128/><D128/><U103/><E103/><V62/><F134/><W18/><G98/><T50/><D96/><U113/><E113/><V90/><F87/><W116/><G116/><T99/><D99/><U46/><E63/><V9/><F62/><N who="3" m="36215" /><G5/><T8/><D60/><U67/><E67/><V126/><F61/><W34/><G34/><T77/><D77/><U127/><E127/><V47/><F126/><W39/><G39/><T125/><D125/><U35/><E35/><V16/><F47/><N who="1" m="17961" /><E53/><V31/><F31/><W51/><G51/><T130/><D130/><U70/><E70/><RYUUKYOKU ba="1,0" sc="308,-30,192,10,250,10,250,10" hai1="13,15,22,23,89,93,97" hai2="9,11,12,14,16,21,27,45,49,52,86,90,92" hai3="10,18,40,43,80,81,83" /><INIT seed="1,2,0,5,3,66" ten="278,202,260,260" oya="1" hai0="131,17,24,98,6,56,19,70,118,130,82,115,60" hai1="134,3,2,110,101,96,105,103,34,95,23,112,62" hai2="108,74,36,31,25,49,37,21,73,102,80,30,125" hai3="124,114,29,122,26,14,87,58,35,117,0,40,72"/><U55/><E34/><V121/><F121/><W57/><G72/><T120/><D118/><U93/><E112/><V44/><F102/><W126/><G0/><T123/><D115/><U47/><E105/><V81/><F125/><N who="3" m="48235" /><G122/><N who="0" m="46635" /><D6/><U52/><E134/><V64/><F31/><W27/><G114/><T10/><D10/><U41/><E110/><V50/><F50/><W22/><G40/><T111/><D111/><U18/><E2/><V51/><F51/><W85/><G14/><T84/><D98/><N who="1" m="59599" /><E3/><V107/><F107/><W99/><G99/><T75/><D75/><U43/><E47/><V129/><F108/><W116/><G117/><T20/><D19/><U100/><E100/><V54/><F74/><W15/><G15/><T106/><D106/><U48/><E62/><V109/><F109/><W65/><G116/><T127/><D127/><U77/><E77/><V39/><F73/><W61/><G57/><T68/><D56/><N who="1" m="32775" /><E55/><V45/><F45/><W1/><G1/><T92/><D92/><U69/><E69/><N who="0" m="26729" /><D60/><U46/><E46/><V94/><F44/><W33/><G33/><T16/><D17/><AGARI ba="2,0" hai="17,22,26,27,29,35,58,61,65,85,87" m="48235" machi="17" ten="30,1000,0" yaku="18,1" doraHai="66" who="3" fromWho="0" sc="278,-16,202,0,260,0,260,16" /><INIT seed="2,0,0,2,3,72" ten="262,202,260,276" oya="2" hai0="59,96,82,97,11,99,125,92,37,50,66,90,19" hai1="14,80,132,131,26,78,109,75,119,114,83,4,135" hai2="85,108,76,86,43,44,46,129,35,95,23,58,55" hai3="27,106,31,130,54,105,52,13,133,94,112,5,118"/><V6/><F35/><W62/><G118/><T98/><D37/><U36/><E119/><V30/><F6/><W17/><G5/><T102/><D125/><U45/><E114/><V65/><F65/><W93/><G133/><N who="1" m="51274" /><E109/><V89/><F108/><W64/><G130/><T73/><D66/><U51/><E131/><V10/><F10/><W111/><G111/><T29/><D29/><U8/><E36/><V21/><F43/><W69/><G112/><T121/><D121/><U91/><E26/><N who="2" m="16719" /><F23/><W88/><G94/><T81/><D50/><U57/><E57/><V22/><F22/><W77/><G106/><T0/><D59/><U84/><E51/><N who="2" m="31103" /><F129/><W15/><G105/><N who="0" m="63687" /><D11/><U103/><E103/><V122/><F122/><W34/><G34/><T70/><D19/><U123/><E123/><V107/><F107/><W68/><G68/><T12/><D12/><U100/><E100/><V7/><F7/><W18/><G15/><T67/><D0/><U110/><E110/><V60/><F60/><W116/><G62/><T120/><D67/><U113/><E113/><V38/><F38/><W134/><G64/><T126/><D70/><U48/><E48/><V28/><F28/><W71/><G69/><T16/><D120/><U79/><E45/><V33/><F33/><W25/><G31/><T49/><D49/><U40/><E40/><V24/><F24/><W9/><G27/><T42/><D42/><U47/><E47/><V104/><F104/><W101/><G25/><T41/><D41/><U39/><E39/><V87/><F87/><N who="3" m="52383" /><G71/><T53/><D73/><U1/><E1/><RYUUKYOKU ba="0,0" sc="262,-15,202,15,260,15,276,-15" hai1="4,8,14,75,78,79,80,83,84,91" hai2="44,46,76,85,86,89,95" /><INIT seed="2,1,0,2,4,41" ten="247,217,275,261" oya="2" hai0="48,114,25,73,29,122,120,58,128,22,36,28,105" hai1="5,43,52,112,135,61,126,3,34,4,55,54,134" hai2="12,44,38,90,51,125,113,81,27,16,18,68,97" hai3="118,75,92,124,9,31,94,96,53,65,102,70,46"/><V19/><F68/><W63/><G75/><T99/><D36/><U72/><E112/><V104/><F38/><W23/><G118/><T132/><D73/><U116/><E116/><V80/><F113/><W129/><G129/><T59/><D114/><U60/><E72/><V85/><F81/><W106/><G124/><T76/><D76/><U88/><E126/><V21/><F125/><W93/><G9/><T74/><D74/><U110/><E34/><V131/><F131/><W57/><G46/><T17/><D128/><U39/><E110/><V109/><F109/><W7/><G7/><N who="1" m="2634" /><E3/><V49/><F49/><W84/><G84/><T13/><D29/><U50/><E39/><V123/><F123/><W33/><G23/><T2/><D2/><U78/><E78/><V11/><F97/><W45/><G45/><T82/><D59/><U119/><E119/><V71/><F104/><W77/><G77/><T86/><D99/><U8/><E8/><V26/><F71/><W87/><G87/><T69/><D105/><U98/><E43/><N who="2" m="24991" /><F27/><N who="3" m="18687" /><G93/><T14/><D69/><U10/><E10/><V37/><F37/><W40/><G40/><T62/><D48/><AGARI ba="1,0" hai="48,53,57,63,65,70,92,94,96,102,106" m="18687" machi="48" ten="30,1000,0" yaku="25,1" doraHai="41" who="3" fromWho="0" sc="247,-13,217,0,275,0,261,13" /><INIT seed="3,0,0,3,2,87" ten="234,217,275,274" oya="3" hai0="114,102,109,61,135,92,5,25,93,119,13,26,124" hai1="84,30,38,34,47,35,129,39,108,107,29,49,131" hai2="1,88,78,120,98,36,63,122,12,2,24,127,123" hai3="18,128,105,31,15,91,10,111,4,23,76,112,121"/><W3/><G105/><T67/><D119/><U8/><E107/><V22/><F36/><N who="1" m="13865" /><E8/><V50/><F78/><W132/><G121/><T37/><D37/><U32/><E84/><V17/><F50/><W100/><G100/><T97/><D114/><U16/><E16/><N who="2" m="12359" /><F63/><W125/><G76/><T96/><D124/><U110/><E49/><V99/><F99/><W70/><G125/><T42/><D42/><U118/><E47/><V80/><F127/><W59/><G70/><T60/><D60/><U115/><E115/><V46/><F46/><W73/><G73/><T66/><D67/><U95/><E95/><N who="2" m="56679" /><F80/><W130/><G112/><T86/><D86/><U134/><E118/><V133/><F133/><W113/><G132/><T65/><D135/><U77/><E134/><V54/><F54/><W43/><G43/><T89/><D66/><U81/><E81/><V51/><F51/><W104/><G113/><T126/><D126/><U83/><E83/><V27/><F27/><W101/><G104/><T0/><D0/><U72/><E77/><V74/><F74/><W7/><G59/><T106/><D106/><U28/><E72/><V19/><F19/><W94/><G18/><T40/><D40/><U57/><E57/><V117/><F117/><W44/><G44/><T56/><D109/><AGARI ba="0,0" hai="28,29,30,32,34,35,108,109,110,129,131" m="13865" machi="109" ten="50,6400,0" yaku="28,2,14,1" doraHai="87" who="1" fromWho="0" sc="234,-64,217,64,275,0,274,0" /><INIT seed="4,0,0,2,2,107" ten="170,281,275,274" oya="0" hai0="91,70,73,1,40,27,2,50,115,87,95,129,11" hai1="112,109,38,37,56,74,6,20,78,28,39,102,22" hai2="52,49,127,31,98,97,35,116,62,104,99,113,24" hai3="21,67,134,72,93,8,80,15,10,118,111,19,30"/><T7/><D129/><U43/><E109/><V79/><F116/><W117/><G111/><T69/><D2/><U18/><E6/><V55/><F127/><W61/><G134/><T32/><D115/><U34/><E34/><V51/><F79/><W133/><G133/><T25/><D73/><U120/><E120/><V26/><F26/><W96/><G8/><T60/><D60/><U16/><E28/><V36/><F36/><W12/><G30/><T9/><D9/><U101/><E43/><V66/><F104/><W58/><G80/><T135/><D135/><U103/><E56/><V89/><F89/><W128/><G128/><T124/><D124/><U123/><E123/><V68/><F113/><W94/><G72/><T76/><D76/><U92/><E112/><V42/><F42/><W41/><G41/><T0/><D0/><U53/><E53/><V5/><F5/><W59/><G59/><T77/><D77/><U81/><E92/><V48/><AGARI ba="0,0" hai="24,31,35,48,49,51,52,55,62,66,68,97,98,99" machi="48" ten="30,2000,0" yaku="0,1,54,1" doraHai="107" who="2" fromWho="2" sc="170,-10,281,-5,275,20,274,-5" /><INIT seed="5,0,0,4,5,23" ten="160,276,295,269" oya="1" hai0="66,29,118,49,116,109,40,95,80,50,36,96,51" hai1="13,101,88,60,25,100,30,99,17,70,22,61,21" hai2="84,54,106,74,6,107,9,68,90,37,69,15,26" hai3="89,73,98,133,65,117,47,48,111,35,28,32,18"/><U34/><E34/><V59/><F74/><W105/><G73/><T27/><D109/><U0/><E0/><V62/><F37/><W108/><G133/><T4/><D66/><U122/><E122/><V64/><F69/><W119/><G18/><T126/><D126/><U132/><E132/><V3/><F3/><W24/><G35/><T86/><D4/><U38/><E38/><V114/><F114/><W131/><G65/><T97/><D40/><U91/><E70/><V43/><F43/><N who="3" m="24703" /><G131/><T130/><D36/><U31/><E31/><V42/><F42/><W10/><G10/><T134/><D134/><U20/><E20/><V11/><F11/><W129/><G129/><T87/><D130/><U112/><E112/><V115/><F115/><W123/><G123/><T128/><D128/><U124/><E124/><V16/><F68/><W127/><G127/><T103/><D96/><U7/><E7/><V135/><F64/><W76/><G76/><T121/><D121/><U120/><E120/><V102/><F135/><W8/><G8/><T2/><D2/><U78/><E78/><V92/><F102/><N who="1" m="39529" /><E99/><V12/><F107/><W53/><G105/><T45/><D45/><U39/><E39/><V44/><F44/><W75/><G75/><T85/><REACH who="0" step="1"/><D80/><REACH who="0" ten="150,276,295,269" step="2"/><U46/><E46/><V52/><F54/><W110/><G53/><T93/><D93/><U94/><E94/><V1/><F106/><W83/><G83/><T77/><D77/><U72/><E72/><V19/><F1/><W113/><G113/><T58/><D58/><U55/><E55/><V41/><F41/><RYUUKYOKU ba="0,1" sc="150,10,276,10,295,-30,269,10" hai0="27,29,49,50,51,85,86,87,95,97,103,116,118" hai1="13,17,21,22,25,30,60,61,88,91" hai3="24,28,32,89,98,108,110,111,117,119" /><INIT seed="5,1,1,5,5,87" ten="160,286,265,279" oya="1" hai0="37,45,130,10,20,5,86,102,52,126,36,92,73" hai1="44,121,11,27,103,129,83,64,76,105,61,77,15" hai2="30,115,123,127,97,16,119,116,54,84,80,94,17" hai3="3,100,68,107,132,134,34,104,48,125,117,62,99"/><U55/><E129/><V19/><F123/><W78/><G3/><T6/><D73/><U50/><E121/><V25/><F54/><W13/><G125/><T0/><D126/><U109/><E109/><V67/><F67/><N who="3" m="41079" /><G117/><T65/><D65/><U122/><E122/><V124/><F124/><W41/><G78/><T113/><D113/><U8/><E105/><V32/><F127/><W133/><G34/><T63/><D130/><U14/><E103/><V9/><F9/><N who="1" m="3657" /><E27/><V12/><F12/><N who="1" m="4649" /><E83/><V56/><F56/><AGARI ba="1,1" hai="44,50,55,56,61,64,76,77" m="4649,3657" machi="56" ten="30,1500,0" yaku="8,1" doraHai="87" who="1" fromWho="2" sc="160,0,286,28,265,-18,279,0" /><INIT seed="5,2,0,2,5,61" ten="160,314,247,279" oya="1" hai0="68,5,86,112,13,14,128,56,30,51,111,80,87" hai1="2,114,11,77,67,44,132,31,37,64,57,106,92" hai2="98,99,122,103,105,59,8,35,6,119,85,22,81" hai3="73,121,40,55,72,18,0,102,27,118,47,17,100"/><U46/><E106/><V43/><F35/><W130/><G0/><T117/><D68/><U93/><E37/><V125/><F122/><W82/><G130/><T83/><D117/><U120/><E120/><V20/><F99/><W41/><G121/><T69/><D69/><U60/><E2/><V12/><F119/><W4/><G4/><T113/><D5/><U26/><E11/><V76/><F125/><W54/><G82/><T91/><D128/><U48/><E132/><V78/><F78/><W36/><G27/><T16/><D30/><U21/><E114/><V42/><F59/><W34/><G47/><N who="1" m="17962" /><E48/><V71/><REACH who="2" step="1"/><F71/><REACH who="2" ten="160,314,237,279" step="2"/><W124/><G118/><T79/><D111/><U90/><E77/><V33/><F33/><W24/><G124/><T19/><D56/><U131/><E131/><V25/><F25/><W127/><G24/><T10/><REACH who="0" step="1"/><D51/><REACH who="0" ten="150,314,237,279" step="2"/><U9/><E57/><V62/><F62/><W50/><G127/><T32/><D32/><U96/><E60/><V53/><F53/><W38/><G50/><T101/><D101/><N who="1" m="60551" /><E9/><AGARI ba="2,2" hai="9,10,13,14,16,19,79,80,83,86,87,91,112,113" machi="9" ten="40,8000,1" yaku="1,1,9,1,54,1,53,2" doraHai="61" doraHaiUra="7" who="0" fromWho="1" sc="150,106,314,-86,237,0,279,0" /><INIT seed="6,0,0,2,4,5" ten="256,228,237,279" oya="2" hai0="83,8,73,94,64,65,134,72,117,79,46,32,53" hai1="128,119,34,19,26,23,120,63,81,43,6,38,25" hai2="15,132,105,80,7,14,96,42,121,131,101,40,44" hai3="67,110,20,17,21,60,1,9,122,135,2,106,93"/><V112/><F121/><W92/><G106/><T62/><D32/><U78/><E120/><V84/><F131/><W27/><G110/><T113/><D113/><U111/><E111/><V59/><F132/><W102/><G135/><T109/><D109/><U88/><E119/><V127/><F127/><W22/><G122/><T52/><D134/><U57/><E128/><V29/><F29/><W33/><G33/><T10/><D73/><U116/><E116/><V11/><F112/><W90/><G102/><T91/><D64/><U68/><E68/><V37/><F42/><W66/><G93/><T69/><D117/><U31/><E6/><V75/><F59/><W54/><G54/><T16/><D16/><U89/><E43/><V39/><F75/><W4/><G1/><T108/><D108/><U76/><E38/><V123/><F123/><W99/><REACH who="3" step="1"/><G66/><REACH who="3" ten="256,228,237,269" step="2"/><T28/><D53/><U103/><E103/><V98/><F98/><W49/><G49/><T71/><D52/><N who="1" m="34215" /><E34/><V36/><REACH who="2" step="1"/><F15/><REACH who="2" ten="256,228,227,269" step="2"/><W3/><G3/><T133/><D133/><U61/><E61/><V56/><F56/><AGARI ba="0,2" hai="2,4,9,17,20,21,22,27,56,60,67,90,92,99" machi="56" ten="30,7700,0" yaku="1,1,7,1,52,1,53,1" doraHai="5" doraHaiUra="55" who="3" fromWho="2" sc="256,0,228,0,227,-77,269,97" /><INIT seed="7,0,0,2,1,26" ten="256,228,150,366" oya="3" hai0="1,14,19,9,112,52,111,116,29,27,63,35,89" hai1="7,107,62,117,5,97,38,99,84,74,15,13,118" hai2="4,134,76,31,47,37,18,48,17,126,71,127,44" hai3="75,43,86,128,100,103,94,131,21,129,78,114,93"/><W59/><G43/><T67/><D111/><U70/><E74/><V39/><F71/><W56/><G21/><T49/><D116/><N who="1" m="44651" /><E38/><V12/><F76/><W40/><G40/><T45/><D112/><U65/><E84/><V23/><F134/><W113/><G75/><T0/><REACH who="0" step="1"/><D89/><REACH who="0" ten="246,228,150,366" step="2"/><U72/><E107/><V125/><F4/><N who="1" m="1609" /><E72/><V101/><F101/><W96/><G100/><T69/><AGARI ba="0,1" hai="0,1,9,14,19,27,29,35,45,49,52,63,67,69" machi="69" ten="20,12000,2" yaku="1,1,0,1,7,1,52,1,54,1,53,1" doraHai="26" doraHaiUra="24" who="0" fromWho="0" sc="246,130,228,-30,150,-30,366,-60" owari="376,47.0,198,-20.0,120,-38.0,306,11.0" /></mjloggm>