<mjloggm ver="2.3"><GO type="97" lobby="0"/><UN n0="%E3%83%87%E3%83%9C%E3%83%BC%E3%83%81%E3%82%AB" n1="%E3%82%A6%E3%83%AB%E3%83%88%E3%83%A9%E7%AB%8B%E7%9B%B4" n2="%E3%81%86%E3%82%81%E3%81%99%E3%81%95%E3%82%93" n3="%66%75%6A%69%6D%75%72%61" dan="14,13,13,14" rate="1854.38,1914.96,1857.70,1976.60" sx="M,M,M,M"/><TAIKYOKU oya="0"/><INIT seed="0,0,0,5,4,60" ten="250,250,250,250" oya="0" hai0="56,103,1,67,23,124,14,65,102,25,94,66,55" hai1="120,73,96,68,80,13,91,45,29,18,104,26,57" hai2="52,0,31,54,49,129,83,64,17,115,113,95,34" hai3="125,37,82,36,75,81,121,74,9,109,77,126,53"/><T62/><D1/><U101/><E68/><V15/><F0/><W46/><G9/><T92/><D124/><N who="3" m="47721" /><G53/><T8/><D94/><U7/><E7/><V32/><F129/><W51/><G51/><T69/><D69/><U50/><E57/><V108/><F108/><W131/><G109/><T88/><D8/><U44/><E120/><V98/><F83/><W11/><G11/><T127/><D127/><U28/><E45/><V111/><F111/><W116/><G116/><T48/><D14/><U3/><E3/><V59/><F54/><W106/><G106/><T43/><D43/><U130/><E130/><V117/><F117/><W134/><G131/><T85/><D48/><U38/><E38/><N who="3" m="14954" /><G46/><T93/><D93/><U47/><E47/><V86/><F115/><W63/><G63/><T42/><D42/><U71/><E50/><V2/><F2/><W40/><G40/><T87/><D87/><U135/><E44/><V128/><F86/><W118/><G118/><T24/><D24/><U5/><E26/><V20/><F113/><W97/><G97/><T72/><D72/><U70/><E73/><V89/><F128/><W119/><G119/><T110/><D110/><U105/><E105/><V22/><F49/><W12/><G12/><T78/><D78/><U41/><E104/><V19/><F15/><W58/><G121/><T21/><D21/><U30/><E13/><V122/><F20/><W33/><G33/><T133/><D133/><U123/><E123/><V27/><F34/><W16/><G134/><T107/><D107/><N who="1" m="63911" /><E135/><V4/><F32/><W76/><G16/><AGARI ba="0,0" hai="16,23,25,55,56,62,65,66,67,85,88,92,102,103" machi="16" ten="40,18000,2" yaku="6,1,8,1,52,3,54,2" doraHai="60" who="0" fromWho="3" sc="250,180,250,0,250,0,250,-180" /><INIT seed="0,1,0,0,3,37" ten="430,250,250,70" oya="0" hai0="133,69,95,55,48,50,90,78,121,28,76,102,25" hai1="1,9,96,8,4,114,49,98,111,94,97,41,7" hai2="43,34,70,18,130,35,124,47,87,33,59,20,65" hai3="105,127,89,57,128,120,125,75,16,77,88,99,74"/><T24/><D121/><U112/><E111/><V135/><F70/><W45/><G16/><T113/><D69/><U123/><E123/><V104/><F104/><W68/><G45/><T131/><D133/><U72/><E72/><N who="3" m="27690" /><G57/><T46/><D131/><U21/><E21/><V56/><F130/><W92/><G68/><T51/><D102/><U79/><E79/><N who="0" m="30249" /><D113/><U3/><E94/><V101/><F135/><W117/><G128/><T81/><D81/><U66/><E66/><V44/><F101/><N who="3" m="62655" /><G120/><T53/><D53/><U122/><E122/><V132/><F132/><W19/><G19/><T129/><D129/><U40/><E49/><N who="0" m="19049" /><D28/><U23/><E23/><V11/><F20/><W22/><G22/><T134/><D134/><U126/><E126/><N who="3" m="48138" /><G77/><T0/><D0/><U82/><E82/><V84/><F124/><W115/><G115/><AGARI ba="1,0" hai="1,3,4,7,8,9,40,41,96,97,98,112,114,115" machi="115" ten="40,8000,1" yaku="9,1,11,1,52,2" doraHai="37" who="1" fromWho="3" sc="430,0,250,83,250,0,70,-83" owari="430,53.0,333,13.0,250,-15.0,-13,-51.0" /></mjloggm>