<mjloggm ver="2.3"><GO type="169" lobby="0"/><UN n0="%E3%82%A6%E3%83%AB%E3%83%88%E3%83%A9%E7%AB%8B%E7%9B%B4" n1="%74%61%6E%61%4B%61" n2="%E3%82%AA%E3%82%AB%E3%83%AB%E3%83%88%E4%B8%80%E8%89%B2" n3="%E8%8A%B1%E9%B3%A5%E7%8E%B2%E6%84%9B%E3%81%A1%E3%82%83%E3%82%93" dan="17,16,16,17" rate="2174.33,2168.44,2053.73,2168.93" sx="M,M,M,F"/><TAIKYOKU oya="0"/><INIT seed="0,0,0,2,3,65" ten="250,250,250,250" oya="0" hai0="71,45,2,74,67,82,0,86,27,134,39,73,94" hai1="52,105,96,59,1,10,107,13,120,37,23,130,106" hai2="22,44,34,17,42,131,8,20,28,123,62,43,57" hai3="4,84,111,108,9,129,126,56,30,36,118,33,32"/><T101/><D134/><U14/><E37/><V113/><F113/><W85/><G36/><T47/><D27/><U87/><E120/><V25/><F123/><W72/><G72/><T63/><D74/><U83/><E130/><V51/><F131/><W70/><G129/><T121/><D121/><U99/><E23/><V88/><F42/><W114/><G114/><T97/><D73/><U75/><E75/><V109/><F109/><N who="3" m="42059" /><G56/><T41/><REACH who="0" step="1"/><D47/><REACH who="0" ten="240,250,250,250" step="2"/><U122/><E122/><V133/><F133/><W125/><G118/><T135/><D135/><U112/><E112/><V16/><F44/><W35/><G30/><T11/><D11/><U3/><E10/><V48/><F8/><W81/><G9/><T7/><D7/><U64/><E1/><V54/><F28/><W38/><G4/><T78/><AGARI ba="0,1" hai="0,2,39,41,45,63,67,71,78,82,86,94,97,101" machi="78" ten="20,7800,0" yaku="1,1,0,1,7,1,52,1,53,0" doraHai="65" doraHaiUra="50" who="0" fromWho="0" sc="240,88,250,-26,250,-26,250,-26" /><INIT seed="0,1,0,1,1,58" ten="328,224,224,224" oya="0" hai0="17,6,34,123,21,77,36,91,33,90,95,18,10" hai1="134,3,53,50,83,4,113,74,76,73,88,47,109" hai2="62,85,19,122,9,112,86,41,129,43,30,16,81" hai3="64,98,56,79,1,27,135,35,121,23,71,119,59"/><T46/><D123/><U89/><E109/><V25/><F112/><W14/><G121/><T130/><D130/><U22/><E134/><V106/><F106/><W5/><G135/><T92/><D77/><U65/><E113/><V7/><F122/><W31/><G119/><T67/><D67/><U54/><E73/><V12/><F129/><W125/><G79/><T55/><D6/><U49/><E65/><V110/><F110/><W118/><G125/><T108/><D108/><U15/><E3/><V132/><F132/><W133/><G133/><T13/><D36/><U60/><E60/><V82/><F85/><W111/><G111/><T96/><D46/><U93/><E93/><V103/><F103/><W61/><G98/><T45/><D45/><U66/><E66/><V48/><F81/><W87/><G87/><T80/><D80/><U105/><E105/><V26/><F62/><W44/><G44/><T100/><D55/><U101/><E101/><V2/><F48/><W97/><G97/><T107/><D107/><U84/><E74/><V115/><F115/><W120/><G120/><T114/><D114/><U24/><E54/><V68/><F68/><W11/><G118/><T128/><D128/><U117/><E49/><V75/><F75/><W126/><G126/><T57/><D57/><U124/><E124/><V78/><F25/><W63/><G63/><T72/><D72/><U99/><E117/><V20/><REACH who="2" step="1"/><F19/><AGARI ba="1,0" hai="1,5,11,14,19,23,27,31,35,56,59,61,64,71" machi="19" ten="40,5200,0" yaku="24,2,52,1" doraHai="58" who="3" fromWho="2" sc="328,0,224,0,224,-55,224,55" /><INIT seed="1,0,0,1,0,39" ten="328,224,169,279" oya="1" hai0="24,27,21,47,74,85,46,58,83,104,66,127,67" hai1="64,81,96,8,132,118,26,13,113,40,126,33,133" hai2="116,55,73,123,31,45,111,65,51,19,94,112,99" hai3="25,89,105,34,129,15,29,77,36,101,50,28,82"/><U124/><E118/><V87/><F73/><W17/><G36/><T30/><D74/><U131/><E113/><V78/><F116/><W62/><G129/><T109/><D104/><U79/><E64/><V119/><F119/><W107/><G62/><T80/><D127/><N who="1" m="48683" /><E96/><V42/><F123/><W4/><G29/><T106/><D106/><U100/><E100/><V117/><F117/><W57/><G4/><T6/><D67/><U76/><E40/><V108/><F112/><W135/><G101/><T86/><D58/><U115/><E115/><V9/><F31/><W35/><G35/><T23/><D66/><U43/><E43/><V44/><F65/><W97/><G97/><T63/><D63/><U60/><E60/><V54/><F78/><N who="1" m="29737" /><E81/><V38/><F87/><W88/><G77/><T121/><D86/><U103/><E103/><V12/><REACH who="2" step="1"/><F55/><REACH who="2" ten="328,224,159,279" step="2"/><W68/><G68/><T7/><D85/><U49/><E131/><V18/><F18/><W2/><G17/><T71/><D121/><U95/><E132/><V56/><F56/><W98/><G57/><T90/><D71/><U48/><E133/><V120/><F120/><W0/><G135/><T41/><D30/><N who="1" m="19671" /><E95/><V128/><F128/><W52/><G28/><T84/><D84/><U16/><AGARI ba="0,1" hai="8,13,16,48,49" m="19671,29737,48683" machi="16" ten="30,3000,0" yaku="18,1,54,1" doraHai="39" who="1" fromWho="1" sc="328,-10,224,40,159,-10,279,-10" /><INIT seed="1,1,0,3,4,28" ten="318,264,149,269" oya="1" hai0="59,82,116,108,46,119,72,101,40,102,80,75,5" hai1="107,73,60,64,7,11,121,130,129,85,23,35,100" hai2="70,61,41,69,29,6,114,62,3,86,68,134,81" hai3="47,52,0,110,51,132,32,90,12,37,45,99,18"/><U13/><E73/><V78/><F134/><W44/><G0/><T8/><D59/><U91/><E121/><V92/><F114/><W53/><G132/><T117/><D108/><U63/><E23/><V87/><F29/><W109/><G32/><T36/><D80/><U34/><E100/><V65/><F41/><W54/><G90/><T115/><D72/><U48/><E107/><V124/><F124/><W120/><G120/><T58/><D58/><N who="1" m="36887" /><E48/><V95/><F3/><W131/><G99/><T133/><D133/><U89/><E63/><V127/><F127/><W2/><G2/><N who="0" m="55" /><D115/><U30/><E30/><V25/><F6/><W49/><G131/><N who="1" m="50186" /><E91/><V122/><F122/><W96/><G37/><T126/><D126/><U128/><N who="1" m="50194" /><U43/><DORA hai="125" /><E43/><V27/><F62/><W103/><G49/><T19/><D102/><U79/><E79/><V67/><F61/><W1/><G51/><T16/><D101/><U17/><E7/><V94/><F78/><AGARI ba="1,0" hai="16,19,36,40,46,75,78,82,116,117,119" m="55" machi="78" ten="30,2000,0" yaku="25,1,54,1" doraHai="28,125" who="0" fromWho="2" sc="318,23,264,0,149,-23,269,0" /><INIT seed="2,0,0,0,3,122" ten="341,264,126,269" oya="2" hai0="83,24,32,29,117,129,61,57,104,14,75,78,10" hai1="73,87,90,59,108,8,0,135,94,106,116,30,25" hai2="82,50,123,36,113,125,105,12,101,126,95,124,69" hai3="23,5,35,86,6,16,17,9,51,1,55,31,27"/><V45/><F113/><W99/><G99/><T85/><D104/><U40/><E116/><V4/><F123/><W84/><G6/><T128/><D117/><U67/><E106/><V89/><F69/><W18/><REACH who="3" step="1"/><G35/><REACH who="3" ten="341,264,126,259" step="2"/><T66/><D75/><U133/><E73/><V130/><F130/><W53/><G53/><T58/><D129/><U22/><E40/><V114/><F114/><W13/><G13/><T71/><D128/><U26/><E133/><V109/><F4/><AGARI ba="0,1" hai="4,10,14,24,29,32,57,58,61,66,71,78,83,85" machi="4" ten="30,1000,0" yaku="7,1" doraHai="122" who="0" fromWho="2" sc="341,20,264,0,126,-10,259,0" /><INIT seed="3,0,0,4,2,7" ten="361,264,116,259" oya="3" hai0="86,104,22,82,53,50,105,6,106,121,117,96,122" hai1="97,35,110,118,78,55,47,49,61,93,84,100,51" hai2="41,133,113,94,73,83,75,18,67,65,135,59,31" hai3="42,71,13,34,111,25,74,26,128,37,131,24,90"/><W4/><G74/><T119/><D6/><U46/><E35/><V54/><F113/><W72/><G71/><T114/><D114/><U20/><E110/><V29/><F41/><W15/><G72/><T77/><D22/><U87/><E118/><N who="0" m="45065" /><D50/><U88/><E20/><V95/><F59/><W70/><G70/><T21/><D53/><U91/><E78/><V101/><F101/><W11/><G111/><T27/><D21/><U80/><E61/><V28/><F83/><W56/><G56/><T124/><D27/><N who="3" m="10313" /><G42/><T81/><D124/><U112/><E112/><V102/><F102/><W63/><G63/><T115/><D115/><U76/><REACH who="1" step="1"/><E87/><REACH who="1" ten="361,254,116,259" step="2"/><V43/><F73/><W39/><G34/><T10/><D86/><U69/><E69/><V17/><F75/><W79/><G79/><T103/><D77/><U125/><E125/><V116/><F116/><W8/><G90/><T129/><D122/><U3/><E3/><V98/><F133/><W45/><G26/><T60/><D121/><U57/><E57/><V40/><F135/><W134/><G134/><T32/><D60/><U12/><E12/><V123/><F123/><W64/><G15/><T99/><D32/><U48/><E48/><V92/><F31/><W9/><G13/><T109/><D109/><U52/><AGARI ba="0,1" hai="46,47,49,51,52,55,76,80,84,88,91,93,97,100" machi="52" ten="20,12000,2" yaku="1,1,0,1,7,1,9,1,8,1,54,2,53,0" doraHai="7" doraHaiUra="58" who="1" fromWho="1" sc="361,-30,254,130,116,-30,259,-60" /><INIT seed="4,0,0,0,0,62" ten="331,384,86,199" oya="0" hai0="111,76,53,11,59,89,112,75,14,110,67,107,51" hai1="125,44,6,64,86,15,117,17,105,124,20,97,109" hai2="37,32,7,42,100,10,80,5,132,38,93,99,85" hai3="104,61,23,114,113,52,79,83,98,68,82,70,24"/><T130/><D107/><U115/><E109/><N who="0" m="41481" /><D76/><U103/><E117/><V73/><F32/><W58/><G98/><T30/><D75/><U108/><E108/><V8/><F132/><W135/><G135/><T28/><D130/><U63/><E44/><V13/><F73/><W40/><G40/><T43/><D43/><U18/><E86/><V48/><F48/><W72/><G83/><T91/><D112/><U31/><E115/><N who="3" m="44042" /><G104/><T88/><D67/><U39/><E39/><V90/><REACH who="2" step="1"/><F42/><REACH who="2" ten="331,384,76,199" step="2"/><W26/><G26/><T66/><D66/><U33/><E33/><V4/><F4/><AGARI ba="0,1" hai="4,11,14,28,30,51,53,59,88,89,91" m="41481" machi="4" ten="30,2900,0" yaku="10,1,54,1" doraHai="62" who="0" fromWho="2" sc="331,39,384,0,76,-29,199,0" /><INIT seed="4,1,0,3,4,121" ten="370,384,47,199" oya="0" hai0="101,11,123,127,68,25,51,50,35,116,55,87,24" hai1="52,0,92,66,41,14,39,115,129,22,84,124,71" hai2="17,90,117,120,81,89,29,107,33,4,78,102,103" hai3="113,79,2,128,45,61,110,82,15,85,106,63,7"/><T56/><D68/><U119/><E119/><V72/><F120/><W42/><G2/><T46/><D123/><U60/><E0/><V65/><F117/><W12/><G113/><T54/><D116/><U26/><E115/><V75/><F4/><W58/><G106/><T99/><D127/><U64/><E124/><V134/><F134/><W105/><G105/><T59/><D46/><U48/><E129/><V74/><F17/><W34/><G34/><T9/><D87/><U130/><E130/><V98/><F65/><W10/><G15/><T31/><REACH who="0" step="1"/><D25/><REACH who="0" ten="360,384,47,199" step="2"/><U18/><E26/><V131/><F131/><W125/><G128/><T1/><D1/><U80/><E71/><V83/><F33/><W37/><G125/><T104/><AGARI ba="1,1" hai="9,11,24,31,35,50,51,54,55,56,59,99,101,104" machi="104" ten="20,7800,0" yaku="1,1,0,1,7,1,9,1,53,0" doraHai="121" doraHaiUra="3" who="0" fromWho="0" sc="360,91,384,-27,47,-27,199,-27" /><INIT seed="4,2,0,3,0,114" ten="451,357,20,172" oya="0" hai0="122,67,13,105,35,73,88,17,34,9,29,1,100" hai1="7,128,37,77,76,75,95,36,113,2,92,126,28" hai2="87,82,3,66,117,45,112,133,123,120,86,60,111" hai3="57,26,53,25,16,64,54,97,121,24,80,127,55"/><T107/><D73/><U62/><E28/><V42/><F3/><W68/><G68/><T69/><D122/><U51/><E113/><V58/><F111/><W5/><G121/><T106/><D67/><U63/><E51/><V110/><F110/><W47/><G5/><T31/><D69/><U116/><E7/><V71/><F112/><W15/><G127/><T56/><D56/><U14/><E14/><V0/><F0/><W81/><G47/><T27/><D1/><U50/><E50/><V85/><F133/><W48/><G97/><T11/><D11/><U119/><E2/><V101/><F101/><W32/><G32/><T4/><D4/><U22/><E22/><V78/><F71/><W79/><G64/><T134/><D134/><U89/><E89/><V40/><F40/><W23/><REACH who="3" step="1"/><G81/><REACH who="3" ten="451,357,20,162" step="2"/><T93/><D105/><U98/><E98/><V72/><REACH who="2" step="1"/><F117/><REACH who="2" ten="451,357,10,162" step="2"/><W41/><G41/><T109/><D109/><U61/><E126/><V38/><AGARI ba="2,2" hai="38,42,45,58,60,66,72,78,82,85,86,87,120,123" machi="38" ten="30,4000,0" yaku="1,1,2,1,0,1,53,0" doraHai="114" doraHaiUra="115" who="2" fromWho="2" sc="451,-22,357,-12,10,66,162,-12" /><INIT seed="5,0,0,2,5,38" ten="429,345,76,150" oya="1" hai0="76,99,88,15,104,22,17,64,54,42,95,115,10" hai1="48,41,98,26,114,100,112,46,40,5,43,51,24" hai2="1,132,23,90,21,107,117,118,60,72,33,116,66" hai3="131,61,103,74,135,79,92,93,37,34,69,7,4"/><U106/><E5/><V19/><F132/><W6/><G34/><T45/><D115/><N who="1" m="44075" /><E51/><V110/><F110/><W39/><G135/><T27/><D64/><U0/><E0/><V49/><F33/><W84/><G74/><T96/><D76/><U82/><E82/><V12/><F1/><W70/><G79/><T67/><D67/><U31/><E24/><V50/><F72/><W128/><G84/><T75/><D75/><U87/><E87/><V56/><F107/><W68/><G61/><T121/><D54/><U29/><E26/><V80/><F80/><W81/><G81/><T9/><D121/><U2/><E2/><V14/><REACH who="2" step="1"/><F90/><REACH who="2" ten="429,345,66,150" step="2"/><W77/><G77/><T122/><D122/><U53/><AGARI ba="0,1" hai="29,31,40,41,43,46,48,53,98,100,106" m="44075" machi="53" ten="30,11700,0" yaku="15,1,52,3" doraHai="38" who="1" fromWho="1" sc="429,-39,345,127,66,-39,150,-39" /><INIT seed="5,1,0,0,2,11" ten="390,472,27,111" oya="1" hai0="125,119,108,94,117,124,16,92,105,5,79,80,21" hai1="32,116,14,46,122,131,86,3,59,107,81,40,56" hai2="77,75,106,33,127,91,109,41,54,19,111,93,115" hai3="34,12,24,2,51,98,29,7,43,84,4,48,113"/><U85/><E122/><V103/><F33/><W73/><G73/><T15/><D105/><U57/><E3/><V39/><F39/><W28/><G2/><T63/><D108/><U110/><E116/><V45/><F127/><N who="0" m="48714" /><D63/><U90/><E107/><V66/><F66/><W38/><G7/><T62/><D62/><U76/><E131/><V47/><F115/><W120/><G29/><T100/><D5/><U8/><E32/><V130/><F130/><W132/><G98/><N who="0" m="59463" /><D94/><U72/><E110/><V26/><F109/><W58/><G113/><T42/><D42/><U104/><E104/><V74/><F111/><W83/><G43/><T129/><D129/><U89/><E72/><AGARI ba="1,0" hai="15,16,21,72,79,80,117,119" m="59463,48714" machi="72" ten="30,3900,0" yaku="18,1,52,1,54,1" doraHai="11" who="0" fromWho="1" sc="390,42,472,-42,27,0,111,0" /><INIT seed="6,0,0,0,2,63" ten="432,430,27,111" oya="2" hai0="87,88,66,10,90,109,117,49,111,99,78,14,28" hai1="129,20,31,44,47,39,51,18,36,1,9,15,105" hai2="96,80,91,112,130,33,60,11,0,32,68,53,34" hai3="59,75,110,58,108,122,93,118,5,74,77,55,48"/><V24/><F112/><W106/><G122/><T43/><D117/><U97/><E129/><V35/><F130/><W8/><G106/><T115/><D115/><U94/><E105/><V26/><N who="2" m="8192" /><DORA hai="50" /><V83/><F83/><W114/><G118/><T89/><D66/><U127/><E127/><V67/><F53/><W124/><G124/><T61/><D61/><U52/><E44/><V84/><REACH who="2" step="1"/><F96/><REACH who="2" ten="432,430,17,111" step="2"/><W22/><G114/><T41/><D99/><U116/><E116/><V69/><F69/><W131/><G131/><T7/><D43/><U103/><REACH who="1" step="1"/><E31/><REACH who="1" ten="432,420,17,111" step="2"/><V4/><AGARI ba="0,2" hai="0,4,11,24,26,60,67,68,80,84,91" m="8192" machi="4" ten="60,12000,1" yaku="1,1,0,1,52,1,53,1" doraHai="63,50" doraHaiUra="13,76" who="2" fromWho="2" sc="432,-40,420,-40,17,140,111,-40" /><INIT seed="6,1,0,4,5,39" ten="392,380,157,71" oya="2" hai0="66,51,49,95,44,9,127,53,130,46,87,47,128" hai1="7,92,58,74,42,77,112,79,102,15,80,50,65" hai2="4,55,118,17,98,62,30,3,34,64,120,117,2" hai3="89,14,81,38,67,111,69,48,27,40,123,5,31"/><V113/><F120/><W121/><G38/><T115/><D66/><U32/><E32/><V119/><F113/><W107/><G107/><T29/><D29/><U70/><E79/><V56/><F4/><W72/><G121/><T132/><D115/><U11/><E112/><V0/><F17/><W16/><G111/><T25/><D25/><U108/><E108/><V101/><F30/><W60/><G123/><T90/><D127/><U78/><E78/><V26/><F26/><W18/><G72/><T93/><D132/><U1/><E1/><V122/><F34/><W126/><G126/><T54/><D9/><U91/><E102/><V114/><F114/><W59/><G69/><T63/><D63/><U13/><E13/><V10/><F122/><W96/><G14/><T104/><D104/><U20/><E20/><V57/><F10/><W85/><G96/><T22/><D22/><U37/><E37/><V6/><F6/><W129/><G129/><N who="0" m="49771" /><D95/><U45/><E70/><V36/><F36/><W105/><G105/><T35/><D35/><U124/><E124/><V88/><F88/><N who="3" m="51247" /><G5/><T75/><D75/><U94/><REACH who="1" step="1"/><E91/><REACH who="1" ten="392,370,157,71" step="2"/><V109/><F109/><W12/><G89/><T76/><D76/><U134/><E134/><V19/><F2/><W21/><G12/><T106/><D106/><U110/><E110/><V84/><F0/><W43/><G48/><AGARI ba="1,1" hai="44,46,47,48,49,51,53,54,87,90,93" m="49771" machi="48" ten="30,1000,0" yaku="19,1" doraHai="39" who="0" fromWho="3" sc="392,23,370,0,157,0,71,-13" /><INIT seed="7,0,0,4,1,69" ten="415,370,157,58" oya="3" hai0="32,3,93,116,38,11,76,86,60,41,107,99,127" hai1="73,79,97,83,21,31,0,1,30,44,95,135,46" hai2="90,64,102,128,109,18,81,56,19,71,37,132,40" hai3="110,89,112,35,67,85,12,121,34,119,123,7,43"/><W15/><G119/><T91/><D32/><N who="3" m="12329" /><G67/><T113/><D116/><U25/><E31/><V17/><F102/><W129/><G43/><T29/><D29/><U22/><E135/><V115/><F132/><W105/><G105/><T87/><D87/><U124/><E21/><V47/><F71/><W88/><G85/><T74/><D60/><U104/><E104/><V65/><F65/><W4/><G112/><T126/><D113/><U2/><REACH who="1" step="1"/><E124/><REACH who="1" ten="415,360,157,58" step="2"/><V42/><F115/><W68/><G68/><T106/><D106/><U62/><E62/><V10/><F64/><W78/><G78/><T94/><D107/><U66/><E66/><V28/><F42/><W20/><G20/><T80/><D126/><U72/><E72/><V103/><F40/><W75/><G75/><T58/><D127/><U6/><E6/><N who="3" m="2090" /><G110/><T100/><D41/><U133/><E133/><V117/><F109/><W23/><G23/><T111/><D111/><U130/><E130/><V57/><F128/><W114/><G129/><T55/><D74/><U59/><E59/><V5/><F57/><W92/><G114/><T77/><D58/><U52/><E52/><V50/><F56/><W9/><G9/><T108/><D55/><U122/><E122/><N who="3" m="46602" /><G92/><T118/><D108/><U27/><E27/><V82/><F10/><W49/><G49/><T26/><D93/><U131/><E131/><V70/><F50/><W14/><AGARI ba="0,1" hai="12,14,15,88,89" m="46602,2090,12329" machi="14" ten="40,7800,0" yaku="28,2,54,1" doraHai="69" who="3" fromWho="3" sc="415,-26,360,-26,157,-26,58,88" /><INIT seed="7,1,0,5,0,30" ten="389,334,131,146" oya="3" hai0="95,35,86,115,90,37,15,49,131,48,87,71,121" hai1="38,25,96,65,40,104,10,92,116,18,130,119,4" hai2="3,105,52,62,13,16,47,61,5,26,109,6,83" hai3="81,78,55,77,28,45,114,129,73,68,94,8,27"/><W66/><G114/><T91/><D35/><U128/><E65/><V108/><F105/><W11/><G78/><T54/><D37/><U118/><E104/><V29/><F108/><W34/><G129/><N who="1" m="49770" /><E40/><V1/><F109/><W99/><G66/><T67/><D49/><U70/><E70/><V2/><F83/><W122/><G122/><T98/><D98/><U134/><E38/><V135/><F135/><W24/><G24/><T85/><D87/><U59/><E59/><V20/><F61/><W12/><G68/><T123/><D86/><U17/><E134/><V112/><F112/><W126/><G126/><T31/><D90/><N who="1" m="55319" /><E25/><V19/><F19/><W42/><G55/><T110/><D54/><U50/><E50/><V93/><F93/><W120/><G12/><AGARI ba="1,0" hai="4,10,12,17,18,116,118,119" m="55319,49770" machi="12" ten="40,2600,0" yaku="12,1,19,1" doraHai="30" who="1" fromWho="3" sc="389,0,334,29,131,0,146,-29" owari="389,49.0,363,16.0,131,-27.0,117,-38.0" /></mjloggm>