<mjloggm ver="2.3"><GO type="41" lobby="0"/><UN n0="%E9%87%9D%E5%B7%AB%E5%A5%B3" n1="%E3%82%A6%E3%83%AB%E3%83%88%E3%83%A9%E7%AB%8B%E7%9B%B4" n2="%E8%A3%8F%E6%8A%95%E3%81%92%E4%B8%80%E6%9C%AC" n3="%E3%81%AF%E3%81%90%E3%82%8A%E3%82%93%EF%BC%A0" dan="15,15,13,19" rate="1990.41,1992.09,1901.38,2106.60" sx="F,M,M,M"/><TAIKYOKU oya="0"/><INIT seed="0,0,0,0,2,123" ten="250,250,250,250" oya="0" hai0="115,59,133,83,134,29,87,67,23,92,74,28,104" hai1="1,99,6,43,35,12,89,50,34,78,127,117,109" hai2="94,84,103,81,116,108,57,125,131,5,19,61,53" hai3="7,107,85,88,37,100,0,124,41,14,120,38,76"/><T16/><D104/><U130/><E50/><V26/><F116/><W97/><G120/><T25/><D115/><U118/><E89/><V93/><F131/><W96/><G124/><T65/><D92/><U132/><E78/><V95/><F5/><W13/><G0/><T66/><D74/><U39/><E43/><V110/><F125/><W49/><G96/><T62/><D133/><U44/><E44/><V46/><F46/><W48/><G76/><N who="0" m="46567" /><D134/><U45/><E45/><V119/><F119/><N who="1" m="45577" /><E39/><V51/><F51/><W42/><G38/><T3/><D3/><U36/><E99/><V129/><F129/><W47/><G42/><T106/><D106/><U11/><E36/><V60/><F60/><W77/><G77/><T56/><D56/><U30/><E127/><V73/><F73/><W72/><G72/><T126/><D126/><U17/><E130/><V58/><F58/><W112/><G112/><T21/><D21/><N who="1" m="11431" /><E132/><V121/><F121/><W70/><G70/><T128/><D128/><U114/><E114/><V31/><F19/><W82/><G7/><T71/><D71/><U24/><E35/><V90/><REACH who="2" step="1"/><F103/><REACH who="2" ten="250,250,240,250" step="2"/><W18/><G37/><T75/><D75/><U69/><E69/><V122/><F122/><W79/><G41/><T135/><D135/><U20/><E34/><AGARI ba="0,1" hai="26,31,34,53,57,61,81,84,90,93,94,95,108,110" machi="34" ten="40,8000,1" yaku="1,1,52,2,53,1" doraHai="123" doraHaiUra="54" who="2" fromWho="1" sc="250,0,250,-80,240,90,250,0" /><INIT seed="1,0,0,0,5,86" ten="250,170,330,250" oya="1" hai0="87,90,79,78,23,11,71,47,8,125,99,95,36" hai1="92,62,2,0,64,76,68,108,28,19,57,67,22" hai2="132,93,111,3,49,30,25,126,120,113,89,27,43" hai3="44,60,29,5,40,130,31,118,94,39,129,131,106"/><U54/><E28/><V100/><F111/><W72/><G106/><T91/><D71/><U21/><E108/><V83/><F120/><W12/><G118/><T6/><D125/><U14/><E67/><V55/><F126/><W122/><G122/><T61/><D61/><U73/><E76/><N who="0" m="29225" /><D36/><U35/><E73/><V53/><F3/><W117/><G117/><T7/><D47/><U116/><E35/><V97/><F132/><W128/><G72/><T42/><D42/><U127/><E116/><V77/><F113/><W17/><G5/><N who="0" m="1547" /><D23/><U104/><E127/><V1/><F1/><W70/><G131/><T46/><D46/><U105/><E104/><V121/><F121/><W4/><G4/><T51/><D51/><U13/><E105/><V81/><F43/><W134/><G134/><T133/><D133/><U112/><E112/><V88/><F55/><W18/><G70/><T107/><D107/><U75/><E75/><V80/><F77/><W96/><G60/><T98/><D98/><U48/><REACH who="1" step="1"/><E92/><AGARI ba="0,0" hai="8,11,87,90,91,92,95,99" m="1547,29225" machi="92" ten="30,3900,0" yaku="8,1,52,2" doraHai="86" who="0" fromWho="1" sc="250,39,170,-39,330,0,250,0" /><INIT seed="2,0,0,0,5,23" ten="289,131,330,250" oya="2" hai0="61,0,21,46,117,17,125,38,108,85,58,24,91" hai1="29,98,95,36,113,70,3,86,51,54,74,72,84" hai2="110,59,100,41,22,39,7,99,127,90,130,81,16" hai3="119,55,67,50,79,28,56,1,115,19,18,105,120"/><V48/><F39/><W13/><G120/><T4/><D117/><U45/><E3/><V116/><F116/><W88/><G119/><T25/><D125/><U10/><E70/><V131/><F7/><W97/><G1/><T6/><D0/><U31/><E36/><V89/><F127/><W121/><G121/><T103/><D103/><U114/><E114/><V75/><F75/><W14/><G79/><T32/><D46/><U37/><E37/><V132/><F81/><W123/><G123/><T20/><D32/><U33/><E113/><V5/><F5/><W111/><G115/><T11/><D11/><U118/><E118/><V94/><F132/><W63/><G111/><T68/><D68/><U135/><E135/><V26/><F110/><W73/><G73/><T96/><D96/><U53/><E74/><V30/><F30/><W134/><G28/><N who="0" m="17415" /><D38/><U92/><E72/><V49/><F48/><W78/><G78/><T129/><D108/><U34/><E10/><V87/><F59/><W2/><G2/><T101/><D101/><U40/><E40/><V82/><REACH who="2" step="1"/><F90/><REACH who="2" ten="289,131,320,250" step="2"/><W71/><G88/><T80/><D129/><U60/><E51/><V52/><F52/><AGARI ba="0,1" hai="4,6,17,21,25,52,58,61,80,85,91" m="17415" machi="52" ten="30,7700,0" yaku="8,1,52,2,54,1" doraHai="23" who="0" fromWho="2" sc="289,87,131,0,320,-77,250,0" /><INIT seed="3,0,0,1,3,111" ten="376,131,243,250" oya="3" hai0="74,56,72,81,98,22,132,125,7,55,103,23,123" hai1="100,66,45,35,52,110,117,19,89,2,6,133,120" hai2="86,96,48,50,44,54,124,65,94,118,49,93,87" hai3="102,97,0,43,114,80,18,105,131,58,3,15,119"/><W79/><G119/><T46/><D123/><U8/><E110/><V31/><F118/><W127/><G131/><T92/><D7/><U62/><E120/><V11/><F124/><W130/><G130/><T107/><D46/><U108/><E108/><V85/><F65/><W37/><G127/><T77/><D125/><U99/><E117/><V134/><F134/><W40/><G0/><T32/><D32/><U29/><E133/><V30/><F11/><W135/><G3/><T47/><D47/><U68/><E89/><N who="2" m="55343" /><F94/><W27/><G135/><T61/><D74/><U115/><E19/><V21/><F21/><W69/><G69/><T9/><D9/><U26/><E45/><N who="2" m="27919" /><F49/><W63/><G37/><T5/><D5/><U33/><E52/><AGARI ba="0,0" hai="30,31,44,50,52,85,86,87" m="27919,55343" machi="52" ten="30,2000,0" yaku="8,1,54,1" doraHai="111" who="2" fromWho="1" sc="376,0,131,-20,243,20,250,0" /><INIT seed="4,0,0,5,0,87" ten="376,111,263,250" oya="0" hai0="118,49,51,102,57,82,101,46,23,47,83,96,61" hai1="67,84,105,120,54,35,75,16,13,100,79,15,99" hai2="24,52,9,59,114,34,4,41,33,48,98,44,43" hai3="62,73,64,60,70,8,117,29,122,31,92,94,125"/><T104/><D118/><U85/><E35/><V58/><F114/><W18/><G117/><T14/><D102/><U131/><E120/><V1/><F98/><W12/><G125/><T26/><D14/><U5/><E131/><V11/><F11/><W132/><G132/><T109/><D109/><U123/><E123/><V89/><F24/><W77/><G122/><T28/><D83/><U95/><E67/><V127/><F127/><W65/><G73/><T108/><D108/><U97/><E5/><V0/><F0/><W116/><G77/><T76/><D47/><U53/><E13/><V21/><F21/><W124/><G116/><T107/><D46/><U39/><E39/><V25/><F25/><W106/><G106/><T126/><D107/><U134/><E134/><V56/><REACH who="2" step="1"/><F89/><REACH who="2" ten="376,111,253,250" step="2"/><W55/><G124/><T22/><D22/><U129/><E129/><V37/><F37/><W27/><G27/><T113/><D113/><U91/><E75/><V45/><F45/><W63/><G31/><T3/><D3/><U111/><E111/><V86/><F86/><W20/><G29/><T40/><D126/><U78/><E85/><V103/><F103/><W30/><G20/><T93/><D104/><U80/><REACH who="1" step="1"/><E79/><REACH who="1" ten="376,101,253,250" step="2"/><V112/><F112/><W71/><G30/><N who="0" m="17759" /><D76/><U69/><E69/><V36/><F36/><W133/><G133/><T121/><D28/><U88/><E88/><V50/><F50/><W17/><G17/><T42/><D121/><U2/><E2/><V130/><F130/><W128/><G128/><T110/><D110/><U81/><E81/><V74/><F74/><RYUUKYOKU ba="0,2" sc="376,-30,101,10,253,10,250,10" hai1="15,16,53,54,78,80,84,91,95,97,99,100,105" hai2="1,4,9,33,34,41,43,44,48,52,56,58,59" hai3="8,12,18,55,60,62,63,64,65,70,71,92,94" /><INIT seed="5,1,2,2,0,74" ten="346,111,263,260" oya="1" hai0="25,49,55,19,99,57,70,7,3,65,84,43,47" hai1="109,71,78,14,120,9,89,132,45,110,121,75,61" hai2="134,40,123,128,67,23,127,32,16,20,29,112,38" hai3="86,98,60,90,11,97,103,93,131,64,31,46,39"/><U15/><E45/><V34/><F123/><W125/><G131/><T107/><D3/><U52/><E89/><V68/><F67/><W73/><G125/><T94/><D7/><U17/><E71/><V54/><F68/><W87/><G73/><T77/><D107/><U48/><E61/><V118/><F38/><W83/><G31/><T85/><D77/><U13/><E52/><V82/><F54/><W35/><G35/><N who="2" m="13353" /><F82/><W8/><G39/><T2/><D2/><U101/><E48/><V117/><F40/><W12/><G46/><T21/><D65/><U76/><E101/><V88/><F88/><W22/><G22/><T56/><D70/><U95/><E95/><V111/><F111/><N who="1" m="42505" /><E75/><V27/><F127/><W53/><G53/><T51/><D57/><U122/><E132/><V72/><F72/><W50/><G50/><T33/><D33/><U124/><E124/><V62/><F62/><W119/><G60/><T126/><D126/><U1/><E1/><V24/><F128/><W106/><G64/><T113/><D113/><U69/><E69/><V102/><F102/><AGARI ba="1,2" hai="19,21,25,43,47,49,51,55,56,84,85,94,99,102" machi="102" ten="30,2000,0" yaku="7,1,8,1" doraHai="74" who="0" fromWho="2" sc="346,43,111,0,263,-23,260,0" /><INIT seed="6,0,0,1,2,132" ten="389,111,240,260" oya="2" hai0="116,55,128,88,97,115,49,11,89,6,73,109,38" hai1="125,68,94,65,42,60,47,20,118,114,23,105,43" hai2="126,5,25,8,28,100,130,39,1,18,112,66,56" hai3="9,119,19,133,79,85,0,78,98,111,134,82,57"/><V70/><F39/><W64/><G111/><T127/><D109/><U44/><E105/><V14/><F112/><W36/><G119/><T53/><D73/><U110/><E110/><V131/><F100/><W87/><G36/><T52/><D38/><U92/><E118/><V80/><F80/><W4/><G19/><T62/><D115/><U90/><E114/><V91/><F91/><W123/><G123/><T69/><D116/><U102/><E102/><V16/><F70/><W12/><G0/><T21/><D21/><U45/><E90/><V121/><F121/><W41/><G98/><T50/><D62/><U29/><E29/><V81/><F81/><W101/><G101/><T77/><D77/><U95/><REACH who="1" step="1"/><E125/><REACH who="1" ten="389,101,240,260" step="2"/><V103/><F103/><W7/><G79/><T35/><D127/><U51/><E51/><V129/><F126/><W99/><G78/><T61/><D50/><U86/><E86/><V76/><F76/><W22/><G85/><T96/><D49/><U46/><N who="1" m="11776" /><DORA hai="58" /><U113/><E113/><V33/><REACH who="2" step="1"/><F1/><REACH who="2" ten="389,101,230,260" step="2"/><W37/><G37/><T15/><D89/><U93/><N who="1" m="24064" /><DORA hai="71" /><U40/><AGARI ba="0,2" hai="20,23,40,42,43,60,65,68" m="24064,11776" machi="40" ten="60,16000,3" yaku="1,1,4,1,0,1,29,2,52,1,53,2" doraHai="132,58,71" doraHaiUra="17,54,3" who="1" fromWho="1" sc="389,-40,101,180,230,-80,260,-40" /><INIT seed="7,0,0,3,3,19" ten="349,281,150,220" oya="3" hai0="113,31,88,89,110,92,15,6,82,72,134,16,58" hai1="37,56,21,20,3,121,36,64,135,7,79,103,43" hai2="120,22,5,116,99,117,119,107,41,45,42,2,128" hai3="126,62,68,94,33,8,10,97,70,0,55,74,53"/><W106/><G74/><T29/><D110/><U38/><E121/><V4/><F107/><W112/><G33/><T40/><D40/><U133/><E43/><V86/><F99/><W34/><G34/><T96/><D6/><U24/><E24/><V87/><F45/><W129/><G0/><T80/><D134/><N who="1" m="51211" /><E79/><V18/><F18/><W104/><G94/><N who="0" m="56391" /><D72/><U23/><E103/><V124/><F119/><W47/><G47/><T105/><D105/><U84/><E84/><V50/><F50/><W131/><G97/><N who="0" m="57487" /><D58/><U26/><E26/><V118/><F118/><W83/><G106/><T132/><D132/><U73/><E73/><V46/><F46/><W59/><G59/><T66/><D66/><U115/><E115/><V85/><F85/><W28/><G112/><T93/><D93/><U14/><E3/><V125/><F2/><W108/><G108/><T48/><D48/><U12/><E7/><V65/><F65/><W76/><G70/><T81/><D113/><U9/><E9/><AGARI ba="0,0" hai="9,15,16,29,31,80,81,82" m="57487,56391" machi="9" ten="30,3900,0" yaku="8,1,54,2" doraHai="19" who="0" fromWho="1" sc="349,39,281,-39,150,0,220,0" owari="388,49.0,242,4.0,150,-35.0,220,-18.0" /></mjloggm>