<mjloggm ver="2.3"><GO type="169" lobby="0"/><UN n0="%43%52%41%5A%59%42%45%45" n1="%6C%62%69%72%64%31" n2="%E3%82%A6%E3%83%AB%E3%83%88%E3%83%A9%E7%AB%8B%E7%9B%B4" n3="%E6%B9%8A%E3%81%AE%E9%87%A3%E5%B8%AB" dan="17,16,17,17" rate="2143.57,2105.95,2118.06,2087.99" sx="M,M,M,M"/><TAIKYOKU oya="0"/><INIT seed="0,0,0,1,3,125" ten="250,250,250,250" oya="0" hai0="0,8,29,110,115,27,80,66,16,45,88,14,58" hai1="86,82,55,54,37,71,81,57,32,4,15,20,92" hai2="42,134,100,12,114,76,50,43,124,39,133,30,33" hai3="52,101,3,28,79,6,127,77,18,19,126,90,24"/><T120/><D120/><U113/><E32/><V56/><F114/><W2/><G101/><T10/><D115/><U40/><E71/><V22/><F33/><W25/><G6/><T36/><D110/><U117/><E113/><V95/><F76/><W70/><G70/><T31/><D0/><U69/><E69/><V85/><F39/><W97/><G97/><T47/><D8/><U49/><E117/><V73/><F73/><W35/><G35/><T128/><D128/><U103/><E40/><V61/><F43/><W89/><REACH who="3" step="1"/><G28/><REACH who="3" ten="250,250,250,240" step="2"/><N who="0" m="10827" /><D36/><U132/><E103/><V87/><F100/><W106/><G106/><T62/><D27/><U41/><E37/><V63/><F30/><W109/><G109/><T111/><D111/><U96/><E96/><V105/><F105/><W99/><G99/><T38/><D38/><U107/><E107/><V118/><F118/><W21/><G21/><T72/><D72/><U67/><E4/><V44/><F22/><W46/><G46/><T135/><D135/><U104/><E104/><V68/><F44/><W53/><AGARI ba="0,1" hai="2,3,18,19,24,25,52,53,77,79,89,90,126,127" machi="53" ten="25,8000,1" yaku="1,1,0,1,22,2,54,1,53,0" doraHai="125" doraHaiUra="1" who="3" fromWho="3" sc="250,-40,250,-20,250,-20,240,90" /><INIT seed="1,0,0,0,3,1" ten="210,230,230,330" oya="1" hai0="12,38,29,108,4,58,123,96,91,126,10,102,75" hai1="95,36,76,82,111,131,8,81,56,120,113,106,74" hai2="116,115,14,109,122,104,105,43,88,97,103,55,130" hai3="46,64,85,22,89,19,23,119,18,35,124,40,79"/><U37/><E120/><V99/><F43/><W110/><G35/><T47/><D75/><U44/><E113/><V70/><F70/><W107/><G107/><T31/><D123/><U21/><E106/><V45/><F122/><W39/><G79/><T73/><D73/><U16/><E131/><V26/><F109/><W78/><G78/><T41/><D108/><U9/><E82/><V92/><F116/><W118/><G64/><T135/><D91/><U0/><E111/><V128/><F26/><W33/><G33/><T98/><D126/><U51/><E56/><V132/><F105/><W112/><G112/><T5/><D135/><U32/><E32/><V60/><F132/><W15/><G124/><T121/><D121/><U86/><E95/><V27/><F115/><W77/><G77/><T65/><D102/><U59/><E59/><N who="2" m="34943" /><F45/><W50/><G39/><T25/><D25/><U66/><E66/><V53/><F27/><N who="3" m="14807" /><G110/><T52/><D65/><U17/><E74/><V69/><F69/><W72/><G72/><T134/><D134/><U80/><E80/><V61/><F130/><W101/><G101/><T20/><D20/><U28/><E37/><V42/><F128/><W117/><G117/><T129/><D129/><U87/><E36/><V48/><F104/><W114/><G114/><T84/><D84/><U127/><E87/><V94/><F103/><W62/><G119/><T57/><D57/><U63/><E0/><V133/><F133/><W11/><G118/><T90/><D38/><U3/><E3/><V49/><F99/><W30/><G85/><T68/><D96/><RYUUKYOKU ba="0,0" sc="210,0,230,0,230,0,330,0" /><INIT seed="2,1,0,2,2,2" ten="210,230,230,330" oya="2" hai0="13,84,86,60,88,80,37,50,126,56,44,46,101" hai1="10,95,15,12,92,4,122,14,18,89,55,57,59" hai2="109,33,134,82,35,68,116,41,11,131,26,110,51" hai3="72,119,129,47,23,28,52,87,132,76,130,103,118"/><V78/><F68/><W70/><G70/><T61/><D101/><U114/><E114/><V22/><F116/><W120/><G120/><T7/><D126/><U100/><E122/><V5/><F131/><N who="3" m="50187" /><G72/><T93/><D37/><U85/><E59/><V32/><F51/><N who="3" m="28799" /><G103/><T42/><D46/><U66/><E66/><V8/><F41/><W3/><G3/><T20/><D56/><U125/><E125/><V54/><F54/><W65/><G65/><T135/><D135/><U113/><E113/><V45/><F45/><W99/><G99/><T29/><D29/><U25/><E95/><V67/><F67/><W19/><G28/><T81/><D93/><U17/><E100/><V73/><F134/><W40/><G40/><T112/><D112/><U43/><E43/><V21/><F11/><W34/><G34/><T117/><D117/><U121/><E121/><V69/><F69/><W36/><G36/><T24/><D24/><U133/><E133/><V128/><F128/><W30/><G30/><T49/><D49/><U1/><REACH who="1" step="1"/><E25/><REACH who="1" ten="210,220,230,330" step="2"/><V39/><F26/><N who="3" m="14719" /><G132/><T9/><REACH who="0" step="1"/><D20/><REACH who="0" ten="200,220,230,330" step="2"/><U27/><E27/><V63/><F39/><W97/><G97/><T102/><D102/><U123/><E123/><V77/><F22/><W16/><G119/><T104/><D104/><U115/><E115/><V91/><F21/><W71/><G118/><T98/><D98/><U58/><E58/><V6/><F35/><W111/><G71/><T106/><D106/><U0/><E0/><V64/><F33/><W124/><G124/><T127/><D127/><U75/><E75/><N who="2" m="43327" /><F32/><W74/><G74/><RYUUKYOKU ba="1,2" sc="200,15,220,15,230,-15,330,-15" hai0="7,9,13,42,44,50,60,61,80,81,84,86,88" hai1="1,4,10,12,14,15,17,18,55,57,85,89,92" /><INIT seed="3,2,2,4,4,49" ten="215,235,215,315" oya="3" hai0="118,89,38,125,36,2,59,30,117,84,51,42,66" hai1="124,60,53,34,115,32,96,113,82,90,131,23,68" hai2="55,75,31,110,14,86,7,103,45,37,128,5,62" hai3="132,134,93,50,29,0,72,88,116,70,74,65,85"/><W39/><G39/><T73/><D73/><U129/><E124/><V97/><F75/><W133/><G116/><N who="0" m="44651" /><D30/><U99/><E68/><V101/><F37/><N who="0" m="14442" /><D84/><U46/><E23/><V4/><F110/><W35/><G0/><T54/><D89/><U61/><E82/><V18/><F128/><W48/><G72/><T130/><D2/><U80/><E80/><V127/><F127/><W47/><G74/><T77/><D77/><U52/><E46/><V114/><F114/><W21/><G35/><T3/><D3/><U63/><E63/><V121/><F121/><W22/><G29/><T105/><D105/><U81/><E81/><V43/><F97/><W9/><G9/><T94/><D94/><U26/><E26/><V100/><F86/><W20/><G47/><N who="0" m="26103" /><D125/><U107/><E90/><V78/><F78/><W98/><G85/><T122/><D66/><U76/><E76/><V24/><F24/><W106/><G106/><AGARI ba="2,2" hai="32,34,52,53,60,61,96,99,106,107,113,115,129,131" machi="106" ten="25,8000,1" yaku="22,2,52,2,54,1" doraHai="49" who="1" fromWho="3" sc="215,0,235,106,215,0,315,-86" /><INIT seed="4,0,0,5,5,50" ten="215,341,215,229" oya="0" hai0="66,53,72,122,120,1,57,104,79,102,111,76,30" hai1="105,112,32,62,80,93,47,43,48,27,4,90,11" hai2="58,52,73,107,45,15,14,77,117,10,7,37,18" hai3="123,109,29,108,87,129,113,85,13,127,23,44,31"/><T125/><D1/><U56/><E105/><V0/><F107/><W83/><G113/><T35/><D66/><U97/><E112/><V110/><F110/><W82/><G123/><T88/><D111/><U20/><E32/><V69/><F69/><W89/><G127/><T118/><D118/><U51/><E80/><N who="2" m="45103" /><F18/><W116/><G116/><T94/><D125/><U78/><E78/><V19/><F19/><W68/><G68/><T5/><D5/><U133/><E133/><V21/><F21/><W60/><G129/><T25/><D102/><U101/><E51/><N who="2" m="31007" /><F117/><W8/><G60/><T61/><D104/><U74/><E74/><V67/><F67/><W3/><G23/><T34/><D34/><U49/><E49/><V95/><F95/><W38/><G3/><T132/><D132/><U39/><E39/><V115/><F115/><W135/><G135/><T103/><D103/><U64/><E90/><V59/><F59/><W65/><G65/><T84/><REACH who="0" step="1"/><D79/><REACH who="0" ten="205,341,215,229" step="2"/><U41/><E41/><AGARI ba="0,1" hai="0,7,10,14,15,37,41,45" m="31007,45103" machi="41" ten="30,3900,0" yaku="25,1,52,1,54,1" doraHai="50" who="2" fromWho="1" sc="205,0,341,-39,215,49,229,0" /><INIT seed="5,0,0,0,3,57" ten="205,302,264,229" oya="1" hai0="86,128,124,72,61,40,116,70,26,8,52,91,113" hai1="129,88,34,31,131,101,67,132,85,25,10,22,58" hai2="82,123,60,65,87,28,111,100,120,18,14,112,133" hai3="83,21,23,20,106,4,1,2,37,103,102,78,41"/><U11/><E101/><V73/><F111/><W13/><G106/><T127/><D116/><U114/><E114/><V19/><F73/><W44/><G13/><T0/><D72/><U71/><E71/><V109/><F109/><W104/><G104/><T121/><D40/><U39/><E39/><V81/><F28/><W118/><G118/><T62/><D113/><U16/><E132/><V69/><F112/><W105/><G105/><T12/><D0/><U125/><E125/><N who="0" m="48201" /><D128/><N who="1" m="49227" /><E58/><V55/><F100/><W94/><G94/><N who="0" m="54647" /><D26/><N who="1" m="18807" /><E67/><V98/><F65/><W95/><G95/><AGARI ba="0,0" hai="10,11,16,22,25,85,88,95" m="18807,49227" machi="95" ten="30,5800,0" yaku="19,1,54,2" doraHai="57" who="1" fromWho="3" sc="205,0,302,58,264,0,229,-58" /><INIT seed="5,1,0,4,4,93" ten="205,360,264,171" oya="1" hai0="40,67,84,81,121,47,80,63,60,50,12,22,127" hai1="14,19,88,119,25,101,6,11,56,65,37,46,125" hai2="36,100,73,72,24,61,45,109,15,32,96,115,54" hai3="29,104,48,7,52,132,16,130,86,126,124,44,38"/><U79/><E119/><V10/><F109/><W97/><G38/><T82/><D127/><U58/><E101/><V107/><F115/><W42/><G29/><T85/><D121/><U21/><E125/><N who="3" m="48234" /><G7/><T43/><D43/><U8/><E79/><V9/><F9/><W74/><G74/><T129/><D129/><U87/><E65/><V89/><F89/><W3/><G3/><T17/><REACH who="0" step="1"/><D60/><REACH who="0" ten="195,360,264,171" step="2"/><U133/><E133/><V62/><F62/><W31/><G132/><T95/><D95/><U106/><E106/><V99/><F61/><W57/><G130/><T5/><D5/><U116/><E116/><V91/><F36/><N who="3" m="21575" /><G31/><T117/><D117/><U20/><E37/><V1/><F107/><W28/><G28/><T55/><D55/><U41/><E41/><V135/><F54/><W27/><G86/><T114/><D114/><U34/><E6/><V134/><F134/><W53/><G53/><T118/><D118/><U70/><E46/><V123/><F45/><W66/><G66/><T103/><D103/><U131/><E131/><V35/><F135/><W83/><G83/><T39/><D39/><U128/><E128/><V23/><F73/><W33/><G33/><T77/><D77/><U0/><E34/><V122/><F72/><W113/><G113/><T69/><AGARI ba="1,1" hai="12,17,22,40,47,50,63,67,69,80,81,82,84,85" machi="69" ten="30,4000,0" yaku="1,1,0,1,53,1" doraHai="93" doraHaiUra="59" who="0" fromWho="0" sc="195,53,360,-21,264,-11,171,-11" /><INIT seed="6,0,0,4,3,44" ten="248,339,253,160" oya="2" hai0="116,68,89,109,38,49,11,129,78,2,17,67,27" hai1="87,84,111,25,134,101,34,53,94,23,41,16,33" hai2="74,96,92,133,66,5,30,93,37,62,77,65,45" hai3="14,132,64,40,83,85,42,39,121,21,90,117,58"/><V126/><F126/><W54/><G117/><T106/><D38/><U82/><E111/><V71/><F133/><W98/><G121/><T48/><D109/><U20/><E134/><V80/><F66/><W61/><G132/><T60/><D106/><U46/><E53/><V7/><F30/><W114/><G114/><T113/><D113/><U8/><E8/><V122/><F122/><W15/><G39/><T128/><D78/><U69/><E69/><V73/><F73/><W36/><G36/><T125/><D125/><U102/><E34/><V124/><F124/><W76/><G64/><T57/><D116/><U63/><E63/><V35/><F35/><W75/><G98/><T112/><D112/><U110/><E33/><V88/><REACH who="2" step="1"/><F92/><REACH who="2" ten="248,339,243,160" step="2"/><W26/><G40/><AGARI ba="0,1" hai="5,7,37,40,45,62,65,71,74,77,80,88,93,96" machi="40" ten="40,7700,0" yaku="1,1,2,1,54,1,53,0" doraHai="44" doraHaiUra="22" who="2" fromWho="3" sc="248,0,339,0,243,87,160,-77" /><INIT seed="6,1,0,5,0,9" ten="248,339,330,83" oya="2" hai0="35,16,115,131,66,92,90,36,1,26,13,67,88" hai1="101,77,45,18,52,83,129,114,116,27,19,124,80" hai2="85,121,91,46,22,62,25,99,119,76,100,64,42" hai3="126,57,55,69,120,60,82,6,8,50,104,7,21"/><V39/><F76/><W111/><G120/><T10/><D36/><U54/><E116/><V29/><F121/><W127/><G111/><T49/><D115/><U118/><E118/><V47/><F119/><W89/><G104/><T97/><D131/><U20/><E114/><V98/><F47/><W106/><G106/><T133/><D133/><U33/><E33/><V94/><REACH who="2" step="1"/><F100/><REACH who="2" ten="248,339,320,83" step="2"/><W87/><G127/><T135/><D135/><U11/><E129/><V4/><F4/><W2/><G126/><T59/><D1/><U113/><E113/><V40/><F40/><W102/><G102/><T84/><D35/><U43/><E124/><V65/><F65/><W56/><G7/><T122/><D122/><U23/><E101/><V0/><F0/><W41/><G41/><T24/><D66/><U51/><E77/><V61/><F61/><W44/><G44/><T63/><D49/><U128/><E128/><V68/><AGARI ba="1,1" hai="22,25,29,39,42,46,62,64,68,85,91,94,98,99" machi="68" ten="20,3900,0" yaku="1,1,0,1,7,1,53,0" doraHai="9" doraHaiUra="12" who="2" fromWho="2" sc="248,-14,339,-14,320,52,83,-14" /><INIT seed="6,2,0,5,3,124" ten="234,325,372,69" oya="2" hai0="14,106,77,50,28,15,133,115,6,75,25,134,49" hai1="68,72,78,16,111,119,47,13,57,130,43,83,69" hai2="90,0,118,23,120,45,128,85,89,22,94,26,38" hai3="29,41,34,30,19,98,10,114,92,56,70,87,7"/><V35/><F0/><W95/><G70/><T2/><D106/><U48/><E111/><V80/><F120/><W65/><G41/><T103/><D103/><U37/><E119/><V113/><F118/><W100/><G34/><T32/><D77/><U33/><E33/><V54/><F113/><W51/><G114/><T44/><D75/><U96/><E96/><V18/><F128/><W11/><G19/><T86/><D86/><U82/><E130/><V99/><F35/><W126/><G126/><T42/><D115/><U21/><E83/><V12/><F38/><W132/><G132/><N who="0" m="50795" /><D49/><U127/><E127/><V58/><F45/><W109/><G109/><T31/><D31/><U20/><E20/><V84/><F84/><W108/><G108/><T74/><D74/><U97/><E97/><V5/><F5/><W117/><G117/><T62/><D62/><U104/><E104/><V40/><F40/><W3/><G10/><AGARI ba="2,0" hai="2,6,10,14,15,25,28,32,42,44,50" m="50795" machi="10" ten="30,1000,0" yaku="20,1" doraHai="124" who="0" fromWho="3" sc="234,16,325,0,372,0,69,-16" /><INIT seed="7,0,0,4,0,124" ten="250,325,372,53" oya="3" hai0="135,29,5,107,21,4,48,18,23,116,125,38,17" hai1="28,98,75,88,77,8,74,0,101,79,128,85,110" hai2="65,50,108,92,2,109,111,119,100,127,14,129,73" hai3="94,10,113,76,80,62,46,32,27,24,93,106,11"/><W99/><G113/><T19/><D38/><U91/><E28/><V13/><F73/><N who="1" m="27657" /><E8/><N who="3" m="3114" /><G106/><T51/><D107/><N who="1" m="63927" /><E0/><V84/><F129/><W57/><G32/><T34/><D116/><U86/><E110/><V115/><F127/><W64/><G46/><T72/><D72/><U40/><E40/><V102/><F119/><W39/><G39/><T69/><D125/><U35/><E128/><V67/><F115/><W126/><G126/><T7/><D69/><U71/><E35/><V104/><F2/><W59/><G57/><T123/><D123/><U133/><E133/><V96/><F104/><W61/><G61/><T130/><D130/><U33/><E33/><V54/><F109/><W53/><G53/><T20/><D135/><U81/><E71/><V43/><F43/><W47/><G47/><T78/><D78/><U105/><E105/><V6/><F54/><W3/><G3/><T36/><D36/><U37/><E37/><V49/><F6/><W30/><G30/><T31/><D34/><U120/><E120/><V97/><F92/><AGARI ba="0,0" hai="77,79,81,85,86,88,91,92" m="63927,27657" machi="92" ten="30,12000,2" yaku="35,5,54,1" doraHai="124" who="1" fromWho="2" sc="250,0,325,120,372,-120,53,0" owari="250,-15.0,445,55.0,252,5.0,53,-45.0" /></mjloggm>