<mjloggm ver="2.3"><GO type="193" lobby="0"/><UN n0="%6D%61%6E%6F%6D%61%6E%6F" n1="%68%6F%74%68%6F%74" n2="%E4%B8%83%E5%A4%89%E5%8C%96" n3="%E5%B0%B1%E6%B4%BB%E7%94%9F%40%E5%B7%9D%E6%9D%91%E8%BB%8D%E5%9B%A3" dan="10,11,11,12" rate="1299.04,1593.70,1604.69,1815.23" sx="F,M,F,M"/><TAIKYOKU oya="0"/><INIT seed="0,0,0,5,0,106" ten="250,250,250,250" oya="0" hai0="40,82,75,37,29,7,49,72,39,6,126,58,21" hai1="111,121,31,88,81,65,20,68,129,35,134,125,76" hai2="62,112,66,74,14,67,78,100,96,124,33,79,55" hai3="28,86,44,19,89,54,128,97,132,123,80,90,103"/><T71/><D126/><U122/><E111/><V63/><F112/><W27/><G123/><T9/><D29/><U94/><E125/><V2/><F124/><W87/><G128/><T61/><D21/><U46/><E122/><V26/><F14/><W32/><G132/><T10/><D71/><U53/><E121/><V109/><F109/><W5/><G5/><N who="0" m="1547" /><D61/><U16/><E35/><V0/><F55/><W51/><G19/><T30/><D30/><U64/><E134/><V108/><F108/><W24/><G24/><T38/><D58/><U73/><E129/><V85/><F26/><W104/><G87/><T116/><D82/><U101/><E101/><V93/><F85/><W130/><G130/><T120/><D116/><U13/><E31/><V48/><F48/><W133/><G133/><T1/><D120/><U4/><E68/><V70/><F33/><W114/><G114/><T99/><D99/><U25/><E46/><V41/><F41/><W56/><G44/><T12/><D12/><U52/><E64/><V84/><F84/><W50/><G50/><T42/><D49/><U60/><E65/><V59/><F79/><AGARI ba="0,0" hai="27,28,32,51,54,56,79,80,86,89,90,97,103,104" machi="79" ten="30,1000,0" yaku="7,1" doraHai="106" who="3" fromWho="2" sc="250,0,250,0,250,-10,250,10" /><INIT seed="1,0,0,3,2,107" ten="250,250,240,260" oya="1" hai0="133,81,11,127,95,94,111,102,23,99,38,112,32" hai1="86,6,87,71,55,58,116,106,53,135,93,74,28" hai2="61,132,124,44,8,88,89,114,25,121,59,57,76" hai3="43,45,75,67,52,109,1,21,129,130,42,119,65"/><U16/><E106/><V3/><F121/><W103/><G1/><T24/><D38/><U2/><E71/><V90/><F124/><W9/><G9/><T7/><D133/><U97/><E74/><V27/><F132/><W51/><G103/><T13/><D112/><U117/><E116/><V54/><F114/><W49/><G21/><T69/><D127/><U15/><E117/><V98/><F3/><W118/><G75/><T72/><D69/><U62/><E135/><V79/><F8/><W73/><G73/><T37/><D111/><U22/><E2/><V105/><F105/><W123/><G109/><T36/><D94/><U100/><E6/><V115/><F115/><W113/><G113/><T68/><D68/><U56/><E28/><V48/><F98/><W83/><G83/><T40/><D32/><U84/><REACH who="1" step="1"/><E84/><REACH who="1" ten="250,240,240,260" step="2"/><V80/><F80/><W78/><G123/><T66/><D72/><U108/><E108/><V77/><REACH who="2" step="1"/><F59/><REACH who="2" ten="250,240,230,260" step="2"/><N who="3" m="33167" /><G118/><T41/><D81/><U64/><E64/><AGARI ba="0,2" hai="25,27,44,48,54,57,61,64,76,77,79,88,89,90" machi="64" ten="40,5200,0" yaku="1,1,8,1,54,1,53,0" doraHai="107" doraHaiUra="131" who="2" fromWho="1" sc="250,0,240,-52,230,72,260,0" /><INIT seed="2,0,0,4,3,53" ten="250,188,302,260" oya="2" hai0="60,6,8,10,51,82,80,5,74,106,27,85,62" hai1="121,40,102,91,41,97,86,26,89,45,1,15,20" hai2="94,36,65,39,13,54,31,18,117,58,131,38,11" hai3="119,16,123,42,48,21,130,105,75,4,116,127,84"/><V107/><F117/><W47/><G75/><T30/><D106/><U72/><E1/><V126/><F107/><W122/><G105/><T44/><D74/><U77/><E72/><V9/><F126/><W71/><G71/><T32/><D32/><U118/><E118/><V78/><F131/><W109/><G109/><T88/><D82/><U128/><E128/><V87/><F31/><W69/><G69/><T113/><D113/><U76/><E121/><V93/><F65/><W46/><G4/><N who="0" m="1643" /><D30/><U111/><E111/><V50/><REACH who="2" step="1"/><F11/><REACH who="2" ten="250,188,292,260" step="2"/><N who="0" m="4138" /><D27/><U19/><E45/><V124/><F124/><W67/><G127/><T133/><D133/><U24/><E102/><V37/><N who="2" m="9728" /><DORA hai="57" /><V63/><F63/><N who="0" m="24106" /><D44/><U12/><E41/><V95/><F95/><W104/><G47/><T70/><D70/><U2/><E40/><V49/><F49/><AGARI ba="0,1" hai="49,51,80,85,88" m="24106,4138,1643" machi="49" ten="30,8000,1" yaku="8,1,52,3,54,1" doraHai="53,57" who="0" fromWho="2" sc="250,90,188,0,292,-80,260,0" /><INIT seed="3,0,0,1,4,64" ten="340,188,212,260" oya="3" hai0="90,118,35,124,47,58,123,8,84,48,92,44,38" hai1="77,129,80,31,109,42,56,15,62,16,5,60,25" hai2="27,113,105,0,73,116,52,108,12,107,6,14,68" hai3="46,85,63,115,119,26,11,34,4,135,97,114,120"/><W110/><G119/><T28/><D123/><U81/><E129/><V117/><F113/><W93/><G120/><T74/><D118/><U57/><E109/><V43/><F108/><W9/><G135/><T100/><D74/><U10/><E42/><V20/><F73/><W54/><G110/><T29/><D8/><U22/><E31/><N who="0" m="11849" /><D38/><U134/><E134/><V111/><F111/><W69/><G69/><T24/><D35/><U1/><E1/><V2/><F43/><W76/><G9/><T94/><D124/><U32/><E32/><V79/><F79/><W78/><G34/><T40/><D24/><U17/><E17/><V130/><F130/><W51/><G63/><T66/><D47/><U121/><E121/><V13/><F27/><W36/><G36/><T82/><D66/><U104/><E104/><V106/><F20/><W75/><G75/><T18/><D100/><U50/><E50/><V59/><F6/><W67/><G67/><T83/><D18/><U23/><E77/><V37/><F37/><W101/><G26/><T39/><D39/><U125/><E125/><V87/><F87/><W49/><G78/><N who="0" m="46167" /><D58/><U99/><E99/><V70/><F117/><W122/><G122/><T30/><D30/><U131/><E131/><V65/><F116/><W7/><G7/><T86/><AGARI ba="0,0" hai="40,44,48,83,86,90,92,94" m="46167,11849" machi="86" ten="30,1100,0" yaku="8,1" doraHai="64" who="0" fromWho="0" sc="340,11,188,-3,212,-3,260,-5" owari="351,44.0,185,-31.0,209,-19.0,255,6.0" /></mjloggm>