<mjloggm ver="2.3"><GO type="97" lobby="0"/><UN n0="%E3%82%A6%E3%83%AB%E3%83%88%E3%83%A9%E7%AB%8B%E7%9B%B4" n1="%4E%45%57%59%45%41%52" n2="%E3%81%BE%E3%81%84%E3%81%A3%E3%81%9F%E3%81%AD" n3="%63%6F%6C%6F%72%73" dan="13,14,14,13" rate="1874.09,1887.06,1917.12,1926.15" sx="M,M,F,M"/><TAIKYOKU oya="0"/><INIT seed="0,0,0,4,2,132" ten="250,250,250,250" oya="0" hai0="129,79,29,118,70,65,57,67,8,74,112,10,23" hai1="95,88,1,93,82,90,135,63,133,13,49,94,42" hai2="61,2,109,35,131,122,55,110,18,124,22,40,30" hai3="39,11,123,66,6,4,9,32,78,86,62,119,76"/><T60/><D118/><U100/><E1/><V127/><F122/><W47/><G123/><T116/><D116/><U121/><E121/><V84/><F2/><W130/><G119/><T7/><D112/><U106/><E63/><V108/><F131/><W96/><G130/><T50/><D129/><U43/><E13/><N who="2" m="9551" /><F40/><W73/><G73/><T117/><D117/><U91/><E49/><V77/><F35/><W48/><G39/><T56/><D70/><U33/><E33/><V102/><F30/><W89/><G96/><T98/><D74/><U101/><E43/><V53/><F102/><N who="1" m="39529" /><E106/><V87/><F77/><W45/><G47/><T24/><D79/><U25/><E25/><V5/><F5/><W58/><G11/><T26/><D7/><U59/><E59/><N who="2" m="35055" /><F55/><W75/><G6/><T14/><D26/><U114/><E42/><V38/><F38/><W83/><G75/><T105/><D14/><U80/><E114/><V97/><F97/><W20/><G32/><T134/><D98/><U85/><E85/><AGARI ba="0,0" hai="84,85,87,108,109,110,124,127" m="35055,9551" machi="85" ten="40,5200,0" yaku="14,1,52,2" doraHai="132" who="2" fromWho="1" sc="250,0,250,-52,250,52,250,0" /><INIT seed="1,0,0,0,3,46" ten="250,198,302,250" oya="1" hai0="44,6,82,64,119,99,22,117,23,56,113,12,54" hai1="86,107,109,0,121,11,84,81,124,9,104,45,123" hai2="60,94,118,26,29,83,134,41,61,96,19,30,79" hai3="35,133,116,63,49,39,106,111,115,89,127,28,80"/><U135/><E124/><V47/><F118/><W57/><G28/><T88/><D113/><U125/><E125/><V67/><F19/><W52/><G35/><T68/><D68/><U122/><E0/><V129/><F129/><W90/><G127/><T48/><D117/><U73/><E135/><V126/><F126/><W108/><G116/><T8/><D119/><U17/><E45/><V128/><F128/><W4/><G39/><T13/><D13/><U7/><E7/><V76/><F134/><W10/><G115/><T3/><D3/><U92/><E109/><N who="3" m="42058" /><G106/><N who="1" m="40490" /><E17/><V65/><F94/><W101/><G101/><T14/><D14/><U66/><E66/><V40/><F96/><W36/><G36/><T100/><D100/><U130/><E130/><V58/><F26/><W114/><G114/><T78/><D78/><N who="1" m="44239" /><E11/><V69/><F47/><N who="3" m="27711" /><G80/><T37/><D37/><U32/><E9/><V59/><F69/><W72/><G72/><T75/><D75/><U25/><E25/><V87/><F87/><BYE who="2" /><N who="1" m="33321" /><E32/><V38/><F38/><W97/><G133/><T71/><D71/><U2/><E2/><V18/><F18/><W21/><G21/><T131/><D131/><U85/><N who="1" m="33329" /><U110/><DORA hai="53" /><E110/><V62/><F62/><W95/><G10/><T74/><D23/><U50/><E50/><V16/><F16/><W15/><G15/><T98/><D22/><U132/><E132/><V55/><F55/><N who="3" m="34239" /><G4/><T27/><D12/><U91/><E123/><V5/><F5/><W42/><G42/><T112/><D6/><U31/><E31/><V102/><F102/><W20/><G20/><RYUUKYOKU ba="0,0" sc="250,-30,198,10,302,10,250,10" hai1="91,92,121,122" hai2="29,30,40,41,58,59,60,61,65,67,76,79,83" hai3="89,90,95,97" /><INIT seed="1,1,0,5,1,8" ten="220,208,312,260" oya="1" hai0="7,59,33,52,74,54,111,5,115,14,42,105,21" hai1="85,100,16,73,9,130,24,127,28,29,121,12,25" hai2="101,58,114,110,94,32,135,53,82,119,116,18,48" hai3="22,118,43,55,1,69,51,46,41,90,93,77,108"/><U13/><E121/><V3/><F3/><W10/><G118/><T38/><D33/><U87/><E73/><V45/><F45/><W104/><G104/><T30/><D74/><U133/><E127/><V61/><F61/><W31/><G108/><T23/><D105/><U2/><E133/><V122/><F122/><W68/><G77/><T40/><D38/><U99/><E2/><UN n2="%E3%81%BE%E3%81%84%E3%81%A3%E3%81%9F%E3%81%AD" /><V95/><F101/><W37/><G43/><N who="0" m="16427" /><D111/><U83/><E130/><V128/><F18/><W88/><G90/><T124/><D124/><U4/><E100/><V66/><F32/><W39/><G39/><T78/><D78/><N who="1" m="46327" /><E87/><V131/><F110/><W47/><G22/><T19/><D115/><U126/><E99/><V75/><F114/><W81/><G81/><T113/><D113/><U84/><E84/><V106/><F128/><W62/><G31/><N who="1" m="11850" /><E126/><V71/><F131/><W60/><G69/><T44/><D44/><U36/><E36/><V72/><F135/><W117/><G68/><T20/><D54/><U120/><E120/><V91/><F116/><W123/><G117/><T11/><D30/><U102/><E102/><V67/><F119/><W89/><G123/><T57/><D57/><U97/><E97/><V50/><F106/><W92/><G1/><T0/><D0/><U86/><E86/><V112/><F72/><W49/><G37/><T26/><D26/><U79/><E79/><V132/><F75/><W34/><G34/><T35/><D35/><U109/><E109/><V6/><F112/><W27/><G27/><T80/><D80/><U98/><E98/><V63/><F82/><RYUUKYOKU ba="1,0" sc="220,15,208,15,312,-15,260,-15" hai0="5,7,11,14,19,20,21,23,52,59" hai1="4,9,12,13,16,24,25" /><INIT seed="1,2,0,5,1,52" ten="235,223,297,245" oya="1" hai0="130,30,131,45,71,132,35,42,107,43,92,67,129" hai1="36,27,34,24,101,1,127,22,124,63,50,89,59" hai2="117,40,119,19,85,29,38,48,90,121,12,94,86" hai3="65,61,14,118,103,122,115,74,128,53,7,58,11"/><U49/><E36/><V75/><F38/><W135/><G122/><T99/><D132/><U126/><E1/><V5/><F75/><W57/><G115/><T54/><D107/><U41/><E101/><V37/><F37/><W77/><G135/><T98/><D30/><N who="1" m="19783" /><E41/><N who="0" m="15369" /><D35/><U18/><E89/><V39/><F39/><W28/><G28/><T0/><D0/><U112/><E112/><V32/><F5/><W17/><G128/><T109/><D109/><U93/><E93/><V46/><F121/><W88/><G103/><T55/><D45/><U6/><E6/><V3/><F3/><W96/><G118/><T72/><D72/><U23/><E23/><V62/><F29/><W44/><G44/><T64/><D71/><U69/><E69/><V21/><F32/><W114/><G77/><T31/><D31/><U79/><E79/><V111/><F111/><W78/><G78/><T133/><D133/><U95/><E95/><V134/><F134/><W60/><G74/><T116/><D116/><U76/><E76/><V113/><F113/><W70/><G70/><T10/><D10/><U105/><E105/><V9/><F9/><W81/><G114/><T8/><D8/><U20/><E20/><V87/><F119/><W13/><G13/><T2/><D2/><U83/><E83/><V56/><F117/><W110/><G110/><T66/><D92/><U33/><E33/><V104/><F104/><W51/><G81/><T84/><D84/><U80/><E80/><V102/><F102/><W25/><G11/><T68/><D68/><U120/><E120/><V108/><F108/><RYUUKYOKU ba="2,0" sc="235,10,223,10,297,10,245,-30" hai0="54,55,64,66,67,98,99,129,130,131" hai1="18,22,27,49,50,59,63,124,126,127" hai2="12,19,21,40,46,48,56,62,85,86,87,90,94" /><INIT seed="1,3,0,0,2,62" ten="245,233,307,215" oya="1" hai0="25,100,97,63,48,110,118,13,56,76,58,69,82" hai1="39,74,132,36,117,92,86,31,8,57,12,80,96" hai2="22,111,23,61,55,127,81,49,44,47,24,91,79" hai3="10,103,46,95,32,130,107,102,68,27,87,51,21"/><U108/><E117/><V135/><F111/><W99/><G130/><T93/><D118/><U105/><E108/><V65/><F127/><W129/><G129/><T109/><D13/><U89/><E31/><V64/><F135/><W123/><G32/><T11/><D11/><U75/><E132/><V106/><F106/><W70/><G123/><T124/><D124/><U38/><E57/><N who="2" m="35007" /><F79/><W41/><G10/><T114/><D114/><U104/><E104/><V9/><F9/><W52/><G102/><T59/><D48/><U121/><E121/><V18/><F23/><W78/><G41/><T6/><D6/><U120/><E120/><V88/><F47/><W115/><G115/><T17/><D69/><U54/><E54/><N who="2" m="29991" /><F81/><W125/><G125/><T7/><D7/><U113/><E113/><V83/><F91/><W33/><G33/><T94/><D94/><U71/><E71/><V16/><F18/><W4/><G4/><T73/><D109/><U43/><E43/><V128/><F128/><W101/><G101/><T50/><D50/><U35/><E35/><V40/><F40/><W131/><G131/><T30/><D17/><U34/><E34/><V72/><F72/><W26/><G107/><T60/><D110/><U67/><E105/><V77/><F77/><W14/><G70/><T84/><D73/><U116/><E116/><V1/><F1/><W66/><G78/><T0/><D0/><U85/><E85/><AGARI ba="3,0" hai="16,22,24,64,65,83,85,88" m="29991,35007" machi="85" ten="30,8000,1" yaku="8,1,52,2,54,2" doraHai="62" who="2" fromWho="1" sc="245,0,233,-89,307,89,215,0" /><INIT seed="2,0,0,4,1,86" ten="245,144,396,215" oya="2" hai0="6,61,39,90,109,18,134,73,69,33,55,128,5" hai1="92,124,110,96,47,79,106,1,84,28,83,81,35" hai2="42,94,108,10,20,64,60,41,105,93,129,15,57" hai3="118,98,125,112,121,76,115,80,130,29,22,13,85"/><V30/><F105/><W11/><G121/><T74/><D39/><U95/><E1/><V2/><F2/><W88/><G118/><T100/><D33/><U0/><E0/><V26/><F129/><W113/><G130/><T66/><D100/><N who="1" m="62727" /><E47/><V49/><F108/><W14/><G125/><T45/><D18/><U34/><E28/><V114/><F114/><W104/><G104/><T8/><D128/><U12/><E12/><V131/><F131/><W70/><G70/><T65/><D65/><U19/><E19/><V52/><F42/><W32/><G32/><T59/><D109/><U16/><E16/><N who="2" m="8311" /><F41/><W7/><G14/><T135/><D45/><AGARI ba="0,0" hai="20,26,30,45,49,52,57,60,64,93,94" m="8311" machi="45" ten="30,5800,0" yaku="8,1,54,2" doraHai="86" who="2" fromWho="0" sc="245,-58,144,0,396,58,215,0" /><INIT seed="2,1,0,3,1,135" ten="187,144,454,215" oya="2" hai0="22,62,2,66,103,119,45,74,67,42,13,99,47" hai1="114,46,63,28,115,15,96,98,16,92,121,1,75" hai2="93,11,78,57,9,35,122,26,8,65,104,108,117" hai3="17,83,71,31,60,53,7,107,23,76,126,130,12"/><V105/><F104/><W64/><G130/><T32/><D2/><U68/><E75/><V39/><F105/><W72/><G107/><T34/><D74/><U36/><E1/><V125/><F39/><W91/><G126/><T29/><D119/><U129/><E121/><V10/><F93/><W61/><G31/><T97/><D34/><U6/><E129/><V51/><F57/><W85/><G7/><T40/><D32/><U84/><E28/><N who="2" m="19863" /><F51/><W124/><G124/><T52/><D52/><U0/><E84/><V37/><F65/><N who="0" m="24586" /><D62/><U94/><E68/><V59/><F59/><W41/><G41/><N who="0" m="15979" /><D103/><U70/><E70/><V25/><F37/><W127/><G127/><T131/><D131/><U90/><E63/><V100/><F100/><W38/><G38/><T120/><D120/><U133/><E133/><V5/><F122/><W109/><G60/><T110/><D110/><U116/><E116/><V80/><F117/><W112/><G109/><T106/><D106/><U21/><E46/><N who="0" m="17417" /><D29/><U77/><E36/><V87/><F125/><W30/><G53/><T113/><D113/><U18/><E77/><V43/><F43/><W123/><G30/><T27/><D27/><U33/><E33/><V95/><F25/><W73/><G123/><T101/><D101/><U14/><E0/><N who="2" m="39" /><F108/><W82/><G112/><T88/><D88/><N who="1" m="55303" /><E115/><V118/><F118/><W55/><G55/><T24/><D24/><N who="1" m="14375" /><E114/><V132/><F132/><W20/><G72/><T44/><D44/><U79/><E79/><V81/><F78/><W49/><G71/><T19/><AGARI ba="1,0" hai="13,19,22,97,99" m="17417,15979,24586" machi="19" ten="30,1100,0" yaku="8,1" doraHai="135" who="0" fromWho="0" sc="187,14,144,-4,454,-6,215,-4" /><INIT seed="3,0,0,4,1,52" ten="201,140,448,211" oya="3" hai0="130,106,117,99,17,126,66,133,134,6,40,8,72" hai1="50,2,131,103,21,79,39,9,32,107,3,14,56" hai2="77,78,24,0,28,90,83,67,101,80,63,29,112" hai3="26,118,54,84,124,132,100,55,37,114,113,62,18"/><W128/><G118/><T111/><D72/><U109/><E109/><V86/><F0/><W19/><G37/><T88/><D117/><U36/><E131/><V89/><F101/><W71/><G128/><T16/><D130/><U104/><E79/><V105/><F105/><W23/><G113/><T92/><D126/><U68/><E68/><V110/><F110/><W34/><G114/><T31/><D111/><U48/><E32/><V5/><F5/><W82/><G124/><T27/><D106/><U58/><E21/><V46/><F46/><W64/><G132/><N who="0" m="50795" /><D66/><U35/><E35/><V11/><F11/><W13/><G100/><T15/><D40/><U53/><E103/><V4/><F4/><W127/><G127/><T22/><AGARI ba="0,0" hai="6,8,15,16,17,22,27,31,88,92,99" m="50795" machi="22" ten="30,4000,0" yaku="20,1,54,2" doraHai="52" who="0" fromWho="0" sc="201,40,140,-10,448,-10,211,-20" owari="241,4.0,130,-37.0,438,54.0,191,-21.0" /></mjloggm>