<mjloggm ver="2.3"><GO type="97" lobby="0"/><UN n0="%E5%B0%B1%E6%B4%BB%E7%94%9F%40%E5%B7%9D%E6%9D%91%E8%BB%8D%E5%9B%A3" n1="%41%43%49%44%4D%41%4E%2D" n2="%43%56%3A%E6%82%A0%E6%9C%A8%E7%A2%A7" n3="%72%61%6E%61%2A" dan="14,15,14,15" rate="1980.75,1945.46,1932.51,1978.79" sx="M,M,F,F"/><TAIKYOKU oya="0"/><INIT seed="0,0,0,4,5,78" ten="250,250,250,250" oya="0" hai0="45,135,34,83,9,134,129,60,95,79,6,40,64" hai1="46,107,131,51,87,55,11,75,122,121,94,133,105" hai2="106,100,5,96,118,66,114,70,81,102,54,27,88" hai3="73,26,71,65,28,85,86,21,104,7,43,53,13"/><T8/><D34/><U67/><E133/><N who="0" m="50697" /><D129/><U113/><E131/><V1/><F114/><W63/><G73/><N who="0" m="43503" /><D95/><U119/><E75/><V3/><F27/><W38/><G104/><T15/><D9/><U41/><E119/><V123/><F123/><W24/><G53/><T44/><D40/><U80/><E113/><V98/><F5/><W29/><G13/><T132/><N who="0" m="50705" /><T109/><DORA hai="72" /><D109/><U74/><E74/><V76/><F54/><W18/><G7/><T10/><D10/><U36/><E94/><V91/><F118/><W93/><G18/><T69/><AGARI ba="0,0" hai="6,8,15,44,45,60,64,69" m="43503,50705" machi="69" ten="40,7800,0" yaku="20,1,52,2" doraHai="78,72" who="0" fromWho="0" sc="250,78,250,-26,250,-26,250,-26" /><INIT seed="0,1,0,2,3,29" ten="328,224,224,224" oya="0" hai0="104,47,33,99,7,61,10,85,43,84,26,53,0" hai1="12,112,48,113,87,36,5,122,72,46,9,90,55" hai2="103,21,75,54,50,65,39,111,70,44,68,115,2" hai3="40,128,105,89,18,63,67,13,77,17,125,131,93"/><T64/><D53/><U58/><E72/><V129/><F75/><W31/><G105/><T134/><D134/><U79/><E79/><V110/><F2/><W133/><G77/><T49/><D104/><U30/><E30/><V76/><F76/><W126/><G31/><T22/><D99/><U123/><E36/><V102/><F115/><N who="1" m="44105" /><E58/><V51/><F129/><N who="3" m="49739" /><G40/><T37/><D37/><U108/><E108/><N who="2" m="41515" /><F21/><N who="3" m="11439" /><G18/><T66/><D33/><U42/><E42/><N who="2" m="22623" /><F65/><W56/><G133/><T60/><D60/><U41/><E41/><V28/><F28/><W95/><G89/><T71/><D66/><U25/><E25/><V114/><F114/><W118/><G118/><T3/><D3/><U124/><E124/><AGARI ba="1,0" hai="56,63,67,93,95,124,125,126" m="11439,49739" machi="124" ten="30,2000,0" yaku="18,1,19,1" doraHai="29" who="3" fromWho="1" sc="328,0,224,-23,224,0,224,23" /><INIT seed="1,0,0,2,3,85" ten="328,201,224,247" oya="1" hai0="2,9,106,36,61,25,110,13,88,71,11,84,111" hai1="107,56,109,98,99,119,12,95,134,19,10,113,116" hai2="0,132,54,70,22,97,74,49,83,46,26,108,38" hai3="5,62,40,75,42,77,86,4,34,105,20,73,128"/><U57/><E134/><V91/><F132/><W101/><G34/><T45/><D106/><U68/><E113/><V50/><F108/><N who="0" m="41514" /><D2/><U23/><E68/><V76/><F70/><W100/><G86/><T80/><D25/><U63/><E109/><V51/><F0/><W39/><G105/><T60/><D71/><U30/><E116/><V37/><F38/><W29/><G77/><T94/><D11/><U78/><E78/><V96/><F37/><W16/><G128/><T133/><D133/><U52/><E119/><V92/><REACH who="2" step="1"/><F97/><REACH who="2" ten="328,201,214,247" step="2"/><N who="1" m="36873" /><E107/><V59/><F59/><W103/><G39/><T1/><D1/><U31/><E95/><V15/><F15/><W121/><G121/><T117/><D94/><U32/><E32/><V131/><F131/><W135/><G135/><T65/><D117/><U6/><E57/><V118/><F118/><W125/><G125/><T79/><D36/><U87/><E87/><V21/><F21/><W89/><G20/><T43/><D84/><U27/><AGARI ba="0,1" hai="6,10,12,19,23,27,30,31,52,56,63" m="36873" machi="27" ten="30,3000,0" yaku="8,1,54,1" doraHai="85" who="1" fromWho="1" sc="328,-10,201,40,214,-10,247,-10" /><INIT seed="1,1,0,5,1,89" ten="318,241,204,237" oya="1" hai0="2,77,32,4,15,131,74,92,61,20,99,39,111" hai1="81,34,126,5,128,98,47,56,26,43,54,37,71" hai2="10,12,85,13,121,97,52,101,86,62,95,25,44" hai3="120,114,79,80,106,7,45,6,31,130,82,59,94"/><U41/><E128/><V50/><F121/><W9/><G106/><T124/><D32/><U100/><E126/><V96/><F25/><W72/><G114/><T91/><D131/><U93/><E71/><V16/><F62/><W76/><G120/><T22/><D124/><U67/><E5/><N who="2" m="3151" /><F96/><W107/><G31/><T38/><D2/><U104/><E67/><V29/><F29/><W108/><G107/><T27/><D111/><U33/><E41/><V65/><F65/><W73/><G108/><T127/><D127/><U60/><E81/><V135/><F135/><W129/><G59/><T90/><D61/><U19/><E19/><V30/><F30/><W132/><G132/><T1/><D1/><U83/><E83/><V17/><F17/><W0/><G45/><T3/><D3/><U49/><E26/><V46/><F46/><W8/><G0/><T117/><D117/><U64/><REACH who="1" step="1"/><E104/><REACH who="1" ten="318,231,204,237" step="2"/><V75/><F75/><W112/><G112/><T118/><D4/><U78/><E78/><V40/><F40/><W133/><G133/><T42/><D77/><U119/><E119/><V23/><AGARI ba="1,1" hai="13,16,23,44,50,52,85,86,95,97,101" m="3151" machi="23" ten="30,7900,0" yaku="8,1,52,1,54,2" doraHai="89" who="2" fromWho="2" sc="318,-21,231,-40,204,92,237,-21" /><INIT seed="2,0,0,5,1,23" ten="297,191,296,216" oya="2" hai0="8,123,10,55,66,71,7,133,75,41,121,6,125" hai1="14,42,78,134,128,127,52,100,107,92,48,61,62" hai2="93,112,90,129,39,69,115,45,132,18,68,47,117" hai3="135,124,110,4,74,87,49,36,2,35,108,9,114"/><V79/><F117/><W15/><G74/><T34/><D34/><U28/><E134/><V21/><F79/><W57/><G36/><T95/><D75/><U64/><E128/><V83/><F83/><W40/><G135/><T33/><D33/><U131/><E127/><V109/><F129/><W103/><G35/><T5/><D133/><U126/><E131/><V76/><F76/><W99/><G124/><T89/><D125/><U24/><E126/><V119/><F119/><W60/><G87/><T130/><D130/><U86/><E107/><V122/><F122/><W29/><G29/><T31/><D31/><U105/><E105/><V88/><F132/><W1/><G49/><T118/><D118/><U37/><E14/><V73/><F73/><W94/><G40/><T113/><D113/><U19/><E19/><V84/><F109/><N who="3" m="42091" /><G114/><T65/><D41/><U98/><E37/><V22/><F18/><W120/><G120/><T91/><D55/><AGARI ba="0,0" hai="1,2,4,9,15,55,57,60,94,99,103" m="42091" machi="55" ten="30,1000,0" yaku="14,1" doraHai="23" who="3" fromWho="0" sc="297,-10,191,0,296,0,216,10" /><INIT seed="3,0,0,1,5,116" ten="287,191,296,226" oya="3" hai0="37,55,11,90,87,57,91,75,97,70,93,80,71" hai1="74,33,28,1,81,78,128,134,85,5,17,59,113" hai2="41,111,15,53,88,10,121,82,23,54,26,77,19" hai3="84,31,100,127,52,69,96,6,101,29,36,103,124"/><W99/><G69/><T56/><D37/><U39/><E113/><V79/><F111/><W63/><G36/><T18/><D75/><U131/><E134/><V72/><F121/><W7/><G84/><T119/><D119/><U4/><E39/><V135/><F135/><W20/><G20/><T35/><D35/><U110/><E110/><V67/><F41/><W32/><G32/><T126/><D126/><N who="3" m="48169" /><G52/><N who="2" m="20073" /><F67/><W61/><G99/><T73/><D57/><U133/><E133/><V104/><F72/><W48/><G48/><T47/><D47/><U38/><E38/><V83/><F104/><W8/><G96/><T16/><D73/><U60/><E33/><V109/><F109/><W45/><G45/><T108/><D108/><U120/><E120/><V49/><F49/><W51/><G51/><T66/><D66/><N who="1" m="39199" /><E74/><V34/><F34/><W2/><G7/><N who="1" m="2634" /><E1/><V21/><F21/><W118/><G118/><T76/><D71/><U58/><E58/><V112/><F112/><W9/><G9/><T25/><D70/><U14/><E28/><AGARI ba="0,0" hai="2,6,8,28,29,31,61,63,100,101,103" m="48169" machi="28" ten="30,1500,0" yaku="18,1" doraHai="116" who="3" fromWho="1" sc="287,0,191,-15,296,0,226,15" /><INIT seed="3,1,0,2,2,64" ten="287,176,296,241" oya="3" hai0="37,43,73,12,101,108,111,67,10,24,68,98,88" hai1="94,124,97,36,90,83,128,125,18,63,45,120,119" hai2="104,130,50,8,82,112,70,32,122,105,59,27,133" hai3="30,89,102,114,123,15,28,71,93,57,17,35,62"/><W42/><G114/><T22/><D73/><U4/><E120/><V132/><F70/><W41/><G123/><T106/><D37/><U26/><E36/><V86/><F130/><W87/><G102/><T72/><D72/><U46/><E128/><V110/><F110/><N who="0" m="42026" /><D43/><N who="3" m="16393" /><G71/><T75/><D75/><U80/><E4/><V49/><F8/><N who="3" m="6375" /><G35/><T1/><D1/><U56/><E119/><V79/><F112/><W29/><G29/><N who="0" m="17559" /><D67/><AGARI ba="1,0" hai="28,30,57,62,67,87,89,93" m="6375,16393" machi="67" ten="30,1500,0" yaku="8,1" doraHai="64" who="3" fromWho="0" sc="287,-18,176,0,296,0,241,18" /><INIT seed="3,2,0,3,2,88" ten="269,176,296,259" oya="3" hai0="108,60,14,42,27,32,26,113,119,66,89,121,122" hai1="114,57,130,64,31,22,4,90,10,47,55,53,44" hai2="23,111,106,7,37,40,73,78,63,50,5,59,45" hai3="30,49,46,104,13,129,102,80,112,97,101,41,74"/><W87/><G112/><T134/><D119/><U115/><E130/><V51/><F106/><W11/><G129/><T25/><D113/><U107/><E107/><V62/><F111/><W86/><G30/><T82/><D108/><U96/><E114/><V81/><F51/><W72/><G101/><T43/><D32/><U68/><E68/><V3/><F3/><W116/><G116/><T48/><D134/><U98/><E115/><V123/><F123/><W29/><G29/><T99/><D14/><N who="1" m="5447" /><E31/><V1/><F1/><W38/><G38/><T83/><D121/><U125/><E125/><V126/><F126/><W61/><G61/><T35/><D35/><U20/><E64/><V69/><F23/><N who="1" m="8745" /><E90/><V36/><F37/><W127/><G127/><T71/><D122/><U117/><E117/><V56/><F69/><W133/><G133/><T75/><D75/><U34/><E34/><V6/><F36/><W21/><G21/><T93/><REACH who="0" step="1"/><D48/><REACH who="0" ten="259,176,296,259" step="2"/><N who="1" m="28807" /><E47/><V120/><F120/><W91/><G86/><T52/><D52/><U76/><E76/><V103/><F103/><W95/><G104/><T17/><D17/><AGARI ba="2,1" hai="11,13,17,41,46,49,72,74,80,87,91,95,97,102" machi="17" ten="30,2900,0" yaku="7,1,52,1" doraHai="88" who="3" fromWho="0" sc="259,-35,176,0,296,0,259,45" owari="224,-18.0,176,-32.0,296,10.0,304,40.0" /></mjloggm>