<mjloggm ver="2.3"><GO type="41" lobby="0"/><UN n0="%E5%B0%8F%E9%8D%9B%E6%B2%BB%28%33%30%29" n1="%E3%83%A0%E3%82%A6%E3%83%9E" n2="%E3%82%A6%E3%83%AB%E3%83%88%E3%83%A9%E7%AB%8B%E7%9B%B4" n3="%EF%BD%94%EF%BD%8C%EF%BD%93%40%E5%B7%A5%E4%BD%9C%E5%93%A1" dan="13,16,15,13" rate="1944.61,2020.32,2004.60,1907.73" sx="M,F,M,M"/><TAIKYOKU oya="0"/><INIT seed="0,0,0,2,0,38" ten="250,250,250,250" oya="0" hai0="40,43,46,89,131,111,67,121,84,7,29,134,115" hai1="10,105,100,88,58,30,17,33,119,55,135,60,77" hai2="92,45,104,76,103,126,65,80,68,133,90,109,63" hai3="94,1,56,69,9,97,96,31,48,11,123,83,85"/><T132/><D115/><U74/><E119/><V19/><F109/><W98/><G69/><T53/><D121/><U73/><E135/><N who="0" m="51753" /><D111/><U117/><E117/><V61/><F133/><W66/><G123/><T113/><D113/><U128/><E128/><V122/><F122/><W130/><G130/><T22/><D131/><U102/><E33/><V75/><F126/><W59/><G31/><T32/><D32/><U50/><E30/><V26/><F26/><W42/><G94/><N who="0" m="54567" /><D67/><U2/><E105/><V52/><F19/><W23/><G23/><T3/><D29/><U41/><E74/><V93/><F93/><W13/><G1/><T112/><D112/><U95/><E77/><V107/><F103/><W101/><G101/><T118/><D118/><U86/><E73/><V79/><F79/><N who="3" m="46335" /><G66/><T37/><D37/><U124/><E124/><V120/><F120/><W82/><G82/><T5/><D22/><U20/><E20/><V15/><F104/><W0/><G0/><T78/><D78/><U51/><E2/><V54/><F107/><W8/><G13/><T24/><D24/><U21/><E21/><V99/><F15/><W72/><G72/><T71/><D71/><U4/><E100/><V108/><F108/><W62/><G62/><T129/><D129/><U16/><E102/><V6/><F61/><W25/><G25/><T64/><D3/><U28/><E28/><V27/><F27/><W49/><G49/><N who="1" m="18442" /><E95/><V14/><REACH who="2" step="1"/><F45/><AGARI ba="0,0" hai="8,9,11,42,45,48,56,59,96,97,98" m="46335" machi="45" ten="30,2000,0" yaku="8,1,52,1" doraHai="38" who="3" fromWho="2" sc="250,0,250,0,250,-20,250,20" /><INIT seed="1,0,0,2,4,35" ten="250,250,230,270" oya="1" hai0="36,42,100,65,2,38,135,34,111,23,95,125,134" hai1="54,126,64,91,79,32,58,117,77,6,89,48,71" hai2="113,20,133,39,110,116,47,97,92,78,119,29,51" hai3="10,14,0,16,4,70,99,90,33,86,93,53,45"/><U28/><E117/><V124/><F39/><W122/><G122/><T46/><D34/><U55/><E126/><V128/><F124/><W5/><G70/><T131/><D38/><U66/><E6/><V108/><F20/><W130/><G130/><T82/><D125/><U30/><E32/><V18/><F18/><W83/><G33/><T56/><D131/><U67/><E71/><V88/><F29/><W12/><G12/><T107/><D23/><U106/><E106/><V127/><F127/><W19/><G19/><T1/><D107/><U44/><E67/><V81/><F128/><W59/><G45/><T101/><D82/><U104/><E104/><V109/><F133/><N who="0" m="50698" /><D111/><U41/><E41/><V60/><F60/><N who="3" m="35951" /><G0/><N who="0" m="107" /><D95/><U43/><E43/><N who="2" m="25087" /><F113/><W72/><G72/><AGARI ba="0,0" hai="72,78,81,88,92,97,108,109,110,116,119" m="25087" machi="72" ten="30,2000,0" yaku="14,1,54,1" doraHai="35" who="2" fromWho="3" sc="250,0,250,0,230,20,270,-20" /><INIT seed="2,0,0,3,0,108" ten="250,250,250,250" oya="2" hai0="114,128,95,70,6,29,36,110,92,116,43,73,123" hai1="75,30,89,72,35,76,105,79,88,86,47,134,69" hai2="131,77,132,57,24,11,122,93,84,17,2,41,58" hai3="121,64,14,32,98,63,12,49,4,100,94,7,44"/><V0/><F131/><W106/><G121/><T74/><D70/><U67/><E67/><V56/><F122/><W40/><G32/><T9/><D123/><U91/><E69/><V113/><F132/><W97/><G14/><T38/><D128/><U117/><E47/><V31/><F113/><W28/><G12/><T54/><D54/><U135/><E30/><V23/><F41/><W53/><G40/><T112/><D29/><U87/><E35/><V39/><F39/><W119/><G28/><T111/><D43/><U20/><E20/><V55/><F55/><W62/><G119/><T10/><D6/><U109/><E109/><V102/><F102/><W96/><G96/><T115/><D114/><U37/><E37/><V45/><F45/><W46/><G46/><T103/><D103/><U83/><E91/><V48/><F48/><W124/><G124/><T50/><D50/><U129/><E129/><V16/><F93/><W8/><G8/><T26/><D26/><U65/><E65/><V127/><F127/><W99/><G99/><T71/><D71/><U81/><E105/><V59/><N who="2" m="14848" /><DORA hai="104" /><V101/><F101/><N who="3" m="60599" /><G64/><T42/><D42/><U80/><E117/><AGARI ba="0,0" hai="9,10,36,38,73,74,92,95,110,111,112,115,116,117" machi="117" ten="25,12000,2" yaku="22,2,52,4" doraHai="108,104" who="0" fromWho="1" sc="250,120,250,-120,250,0,250,0" /><INIT seed="3,0,0,0,2,50" ten="370,130,250,250" oya="3" hai0="99,43,45,6,102,7,66,132,97,34,1,107,69" hai1="92,119,39,42,73,36,35,26,16,133,98,28,64" hai2="81,129,3,25,24,48,124,85,61,134,90,31,80" hai3="101,46,18,22,79,59,126,109,8,116,121,47,111"/><W44/><G116/><T78/><D132/><U13/><E133/><V77/><F3/><W11/><G121/><T115/><D115/><U123/><E119/><V96/><F124/><W113/><G113/><T41/><D78/><U87/><E73/><V52/><F129/><W74/><G126/><T76/><D76/><U110/><E110/><N who="3" m="41994" /><G101/><T57/><D57/><U125/><E125/><V23/><F134/><W122/><G122/><T12/><D12/><U54/><E123/><V27/><F61/><W68/><G68/><T62/><D97/><U117/><E117/><V51/><F51/><W130/><G130/><T75/><D75/><U93/><E64/><V32/><F32/><W94/><G94/><T5/><D43/><U4/><E4/><V21/><F21/><W9/><G59/><T127/><D127/><U131/><E42/><V100/><F100/><W60/><G60/><T71/><D69/><U114/><E114/><V30/><F30/><W53/><G53/><T86/><D86/><U128/><E128/><V118/><F118/><W15/><G47/><T91/><D91/><U104/><E131/><V33/><F33/><W65/><G65/><T58/><D34/><U84/><E104/><V2/><F2/><W10/><N who="3" m="2048" /><DORA hai="82" /><W14/><G14/><T20/><D107/><U112/><E112/><V83/><F96/><W29/><G29/><T89/><D99/><U72/><E98/><V63/><F63/><W88/><G88/><T56/><D89/><U103/><E103/><V135/><F135/><W106/><G106/><T67/><D102/><U38/><E38/><RYUUKYOKU ba="0,0" sc="370,-10,130,-10,250,-10,250,30" hai3="15,18,22,44,46,74,79" /><INIT seed="3,1,0,0,2,29" ten="360,120,240,280" oya="3" hai0="120,75,23,10,47,73,26,34,8,103,110,33,58" hai1="46,57,88,87,54,36,55,72,135,132,25,35,39" hai2="111,49,116,20,62,43,64,106,86,53,32,112,1" hai3="52,89,9,84,98,6,21,61,129,133,63,102,114"/><W123/><G123/><T70/><D70/><U83/><E72/><V51/><F1/><W109/><G114/><T17/><D120/><U117/><E117/><V42/><F106/><W4/><G129/><T82/><D103/><U93/><E46/><V100/><F100/><W24/><G133/><N who="1" m="51274" /><E93/><V99/><F99/><W90/><G109/><T128/><D110/><U67/><E67/><V105/><F105/><W7/><G9/><T5/><D10/><U2/><E2/><V65/><F32/><W50/><G98/><T37/><D75/><U38/><E57/><N who="2" m="35119" /><F20/><W16/><G102/><T118/><D58/><U27/><E27/><V13/><F13/><W130/><G130/><T134/><D118/><U60/><E60/><N who="3" m="23114" /><G84/><T96/><D96/><U115/><E115/><V94/><F116/><W97/><G97/><T11/><D11/><U108/><E108/><V69/><F111/><W122/><G122/><T71/><D128/><U19/><E19/><V77/><F112/><W91/><G4/><T127/><D5/><U28/><AGARI ba="1,0" hai="25,28,35,36,38,39,54,55,83,87,88" m="51274" machi="28" ten="40,5200,0" yaku="20,1,52,1,54,1" doraHai="29" who="1" fromWho="1" sc="360,-14,120,55,240,-14,280,-27" /><INIT seed="4,0,0,5,0,66" ten="346,175,226,253" oya="0" hai0="63,65,70,78,14,5,97,68,50,25,114,23,48" hai1="55,115,87,83,73,102,60,129,21,34,75,4,99" hai2="40,98,31,130,92,82,123,132,41,32,47,79,53" hai3="117,1,11,46,8,9,27,51,105,77,120,89,107"/><T84/><D114/><U44/><E34/><V103/><F123/><W134/><G117/><T124/><D124/><U20/><E4/><V74/><F130/><W3/><G120/><T17/><D70/><U111/><E111/><V0/><F132/><W62/><G134/><T7/><D97/><U64/><E129/><V80/><F31/><W10/><G77/><T128/><D128/><U38/><E115/><V45/><F32/><W57/><G89/><T28/><D50/><U22/><E38/><V110/><F110/><W37/><G27/><T35/><REACH who="0" step="1"/><D48/><REACH who="0" ten="336,175,226,253" step="2"/><U72/><E72/><V121/><F121/><W106/><G37/><T125/><D125/><U43/><E75/><V6/><F74/><W16/><G1/><T67/><D67/><U12/><E73/><V13/><F0/><W104/><G3/><T126/><D126/><U15/><E64/><V119/><F119/><W133/><G133/><T59/><D59/><U18/><E18/><V76/><F47/><W91/><G57/><T85/><D85/><U93/><E60/><V101/><F45/><W19/><G62/><T49/><D49/><N who="1" m="29095" /><E43/><V109/><F109/><W94/><G19/><T61/><D61/><U26/><E26/><V116/><F116/><W127/><G127/><T69/><D69/><U36/><E36/><V58/><F41/><W112/><G112/><T108/><D108/><U42/><E42/><V52/><F40/><W2/><G2/><T33/><D33/><U113/><E113/><V90/><F58/><W71/><N who="3" m="26624" /><DORA hai="39" /><W24/><G71/><T88/><D88/><AGARI ba="0,1" hai="12,15,20,21,22,83,87,88,93,99,102" m="29095" machi="88" ten="30,2000,0" yaku="8,1,54,1" doraHai="66,39" who="1" fromWho="0" sc="336,-20,175,30,226,0,253,0" /><INIT seed="5,0,0,5,3,114" ten="316,205,226,253" oya="1" hai0="83,23,0,60,3,45,34,92,122,54,67,35,134" hai1="58,62,117,98,94,19,86,105,113,115,91,84,124" hai2="123,107,112,11,103,78,127,130,88,68,27,82,85" hai3="106,133,95,97,41,90,116,71,47,6,51,33,48"/><U110/><E124/><V72/><F68/><W70/><G133/><T21/><D92/><U79/><E110/><V4/><F123/><W26/><G106/><T76/><D83/><U99/><E19/><V59/><F127/><W25/><G6/><T128/><D76/><U5/><E5/><V10/><F130/><W2/><G2/><T125/><D67/><U12/><E12/><V15/><F112/><N who="1" m="43081" /><E62/><V18/><F59/><W20/><G33/><T118/><D60/><U57/><E58/><V43/><F43/><W121/><G121/><T53/><D35/><U8/><E8/><V126/><F126/><W28/><G26/><T29/><D34/><U75/><E57/><V73/><F27/><W38/><G38/><T40/><D134/><U77/><E75/><V81/><F73/><W120/><G120/><T87/><D0/><U14/><E14/><V109/><F109/><W30/><G30/><T49/><D29/><U42/><E42/><V119/><F11/><W132/><G132/><T50/><D3/><U65/><E65/><V31/><F31/><W36/><G36/><T102/><D40/><U9/><E9/><V131/><F18/><W135/><G135/><T69/><D125/><U7/><E7/><V13/><F13/><W93/><G48/><T44/><D122/><U104/><E104/><V63/><F63/><W22/><G71/><T96/><D69/><U37/><E37/><V100/><F15/><W55/><G70/><T74/><D49/><U64/><E64/><V56/><F10/><W101/><G51/><T52/><D50/><U66/><E66/><RYUUKYOKU ba="0,0" sc="316,0,205,0,226,0,253,0" /><INIT seed="6,1,0,5,1,80" ten="316,205,226,253" oya="2" hai0="118,95,117,123,105,58,87,133,120,44,39,22,119" hai1="99,76,127,70,101,46,51,27,50,1,100,106,110" hai2="126,54,57,129,122,41,19,86,12,56,98,88,91" hai3="104,64,134,55,6,20,72,35,61,23,112,113,131"/><V24/><F126/><W0/><G35/><T5/><D105/><U83/><E127/><V79/><F129/><W102/><G131/><T93/><D133/><U10/><E70/><V78/><F122/><N who="0" m="46634" /><D5/><U52/><E110/><V60/><F41/><W25/><G134/><T135/><D135/><U121/><E121/><V33/><F33/><W62/><G72/><T53/><D87/><U73/><E100/><V92/><F57/><N who="3" m="35007" /><G25/><T115/><D115/><N who="3" m="44105" /><G6/><T16/><D44/><U109/><E109/><V4/><F4/><W97/><G0/><T89/><D89/><U65/><E27/><V124/><F124/><W96/><G96/><T26/><D39/><U47/><E65/><V40/><F40/><W74/><G74/><T18/><D18/><U66/><E66/><V38/><F38/><W75/><G75/><T71/><D71/><AGARI ba="1,0" hai="20,23,62,64,71,97,102,104" m="44105,35007" machi="71" ten="30,2000,0" yaku="15,1,11,1" doraHai="80" who="3" fromWho="0" sc="316,-23,205,0,226,0,253,23" /><INIT seed="7,0,0,5,0,99" ten="293,205,226,276" oya="3" hai0="89,10,26,19,90,3,11,119,120,107,38,35,85" hai1="82,125,71,133,135,28,0,97,108,39,7,47,124" hai2="74,88,32,46,21,94,70,84,1,113,34,129,65" hai3="101,31,115,79,104,14,73,112,72,131,132,33,57"/><W96/><G131/><T109/><D120/><U123/><E123/><V134/><F1/><W20/><G33/><T100/><D38/><U23/><E71/><V17/><F74/><W51/><G132/><N who="1" m="50762" /><E82/><V121/><F113/><N who="3" m="43595" /><G79/><T81/><D19/><U36/><E108/><V12/><F129/><W41/><G14/><T5/><D11/><N who="1" m="2535" /><E97/><V59/><F70/><W15/><G15/><T54/><D54/><U80/><E80/><V9/><F134/><W114/><G114/><T50/><D50/><U24/><E47/><V56/><F34/><W110/><G110/><T30/><D90/><U49/><E49/><V16/><F32/><W83/><G83/><T86/><D86/><U78/><E78/><V53/><F65/><W103/><G73/><T68/><D68/><U106/><E106/><V126/><F126/><AGARI ba="0,0" hai="23,24,28,36,39,124,125,126" m="2535,50762" machi="126" ten="30,2000,0" yaku="18,1,20,1" doraHai="99" who="1" fromWho="2" sc="293,0,205,20,226,-20,276,0" /><INIT seed="8,0,0,3,4,115" ten="293,225,206,276" oya="0" hai0="48,30,70,87,42,89,18,17,100,16,47,78,82" hai1="109,134,94,22,6,126,21,8,65,80,69,111,13" hai2="14,20,132,123,64,127,51,26,135,112,86,75,102" hai3="33,52,2,5,4,95,76,29,125,46,31,68,59"/><T39/><D70/><U66/><E126/><V92/><F112/><W71/><G125/><T117/><D117/><U67/><E69/><V96/><F75/><W85/><G46/><T23/><D100/><U12/><E134/><V121/><F127/><W105/><G105/><T129/><D129/><U61/><E61/><V35/><F35/><W124/><G124/><T36/><D30/><N who="3" m="11273" /><G33/><T44/><D39/><U91/><E80/><V114/><F114/><W1/><G2/><T108/><D108/><U128/><E128/><V131/><F131/><W90/><G1/><T38/><D38/><U81/><E81/><V103/><F103/><W10/><G10/><T119/><D119/><U54/><E54/><V83/><F64/><W113/><G113/><T15/><D78/><U43/><E43/><AGARI ba="0,0" hai="15,16,17,18,23,36,42,43,44,47,48,82,87,89" machi="43" ten="30,2900,0" yaku="7,1,54,1" doraHai="115" who="0" fromWho="1" sc="293,29,225,-29,206,0,276,0" owari="322,41.0,196,-30.0,206,-19.0,276,8.0" /></mjloggm>