<mjloggm ver="2.3"><GO type="169" lobby="0"/><UN n0="%E3%82%A6%E3%83%AB%E3%83%88%E3%83%A9%E7%AB%8B%E7%9B%B4" n1="%E3%81%99%E3%81%9A%E3%82%81%E3%82%AF%E3%83%AC%E3%82%A4%E3%82%B8%E3%83%BC" n2="%E9%9B%80%CE%B2%CE%BF%D1%83" n3="%E5%89%8D%E6%88%AF%33%30%E5%88%86" dan="16,18,16,17" rate="2128.80,2164.78,2119.64,2147.85" sx="M,M,M,F"/><TAIKYOKU oya="0"/><INIT seed="0,0,0,2,1,77" ten="250,250,250,250" oya="0" hai0="92,9,52,94,131,18,85,119,22,41,54,110,89" hai1="69,14,73,60,76,58,70,12,101,99,19,90,4" hai2="115,81,87,114,107,97,36,30,93,84,64,100,37" hai3="74,67,2,123,65,42,62,129,10,68,124,116,55"/><T108/><D131/><U105/><E14/><V46/><F64/><W33/><G116/><T59/><D119/><U117/><E4/><V120/><F30/><W127/><G129/><T82/><D41/><U53/><E117/><V125/><F46/><W102/><G123/><T79/><D9/><U113/><E113/><N who="2" m="43019" /><F37/><W8/><G74/><T23/><D92/><U49/><E60/><V95/><F36/><W109/><G102/><T34/><D34/><U112/><E112/><V21/><F21/><W16/><G33/><T83/><D23/><U26/><E26/><V51/><F51/><W11/><G42/><T7/><D7/><U35/><E35/><V118/><F125/><W106/><G106/><T104/><D104/><U88/><E70/><V50/><F50/><W96/><G96/><T47/><D47/><U25/><E69/><V56/><F56/><N who="3" m="35103" /><G2/><T126/><D126/><N who="3" m="48169" /><G109/><N who="0" m="42091" /><D79/><U135/><E25/><V133/><F133/><W48/><G68/><T38/><D38/><U15/><E15/><V132/><F132/><W103/><G103/><T63/><D54/><U0/><E0/><V40/><F40/><W39/><G39/><T29/><D29/><U122/><E135/><V111/><F111/><W57/><G16/><T128/><D128/><U28/><E28/><V43/><F43/><W130/><G130/><T134/><D134/><U86/><E19/><V98/><F120/><W1/><G1/><T71/><D71/><U13/><E122/><V44/><F44/><W45/><G45/><T24/><AGARI ba="0,0" hai="18,22,24,52,59,63,82,83,85,89,94" m="42091" machi="24" ten="30,12000,1" yaku="14,1,10,1,52,2,54,1" doraHai="77" who="0" fromWho="0" sc="250,120,250,-40,250,-40,250,-40" /><INIT seed="0,1,0,0,4,51" ten="370,210,210,210" oya="0" hai0="92,106,41,3,1,45,90,109,99,125,103,127,60" hai1="23,82,128,86,68,17,104,30,83,93,13,6,132" hai2="122,58,64,59,31,101,71,25,20,105,9,27,40" hai3="84,124,78,34,134,65,120,0,131,22,113,16,135"/><T98/><D60/><U32/><E104/><V8/><F122/><W133/><G34/><T112/><D112/><U102/><E68/><V12/><F40/><W26/><G120/><T39/><D109/><U130/><E132/><V57/><F71/><W76/><G113/><T115/><D115/><U100/><E6/><V69/><F69/><W94/><G0/><T18/><D18/><U89/><E32/><V96/><F27/><W19/><G65/><T21/><D21/><U49/><E30/><V114/><F114/><W53/><G19/><T24/><D24/><U54/><E128/><V116/><F116/><W44/><G131/><T118/><D118/><U108/><E108/><V70/><F70/><W38/><G124/><AGARI ba="1,0" hai="1,3,39,41,45,90,92,98,99,103,106,124,125,127" machi="124" ten="40,2000,0" yaku="18,1" doraHai="51" who="0" fromWho="3" sc="370,23,210,0,210,0,210,-23" /><INIT seed="0,2,0,1,1,95" ten="393,210,210,187" oya="0" hai0="12,22,39,90,129,80,126,132,81,4,66,78,37" hai1="70,14,30,103,135,124,67,53,86,3,34,128,8" hai2="104,118,19,10,109,77,46,38,6,106,88,116,51" hai3="18,59,71,28,42,21,43,117,98,79,9,93,26"/><T123/><D123/><U7/><E128/><V64/><F77/><W97/><G71/><T110/><D129/><U52/><E135/><V85/><F38/><W40/><G117/><N who="2" m="45161" /><F64/><W54/><G79/><T61/><D132/><U24/><E124/><V41/><F19/><W49/><G93/><T35/><D35/><U114/><E114/><V44/><F46/><W133/><G133/><T125/><D90/><U57/><E86/><V1/><F109/><W68/><G68/><T50/><D50/><U82/><E82/><AGARI ba="2,0" hai="1,6,10,41,44,51,82,85,88,104,106" m="45161" machi="82" ten="30,2000,0" yaku="12,1,54,1" doraHai="95" who="2" fromWho="1" sc="393,0,210,-26,210,26,187,0" /><INIT seed="1,0,0,1,5,4" ten="393,184,236,187" oya="1" hai0="31,68,38,1,133,8,55,65,96,7,108,110,71" hai1="52,119,109,100,28,120,12,18,47,69,61,90,86" hai2="30,21,112,97,85,2,106,95,115,79,9,34,123" hai3="83,70,74,77,17,94,101,103,98,80,124,49,99"/><U19/><E120/><V117/><F123/><W48/><G70/><T16/><D38/><U93/><E119/><V13/><F117/><W135/><G135/><T73/><D73/><U62/><E109/><N who="0" m="42089" /><D31/><U116/><E116/><V84/><F106/><W72/><G124/><T26/><D65/><U5/><E28/><V24/><F2/><W88/><G17/><N who="1" m="6154" /><E69/><V118/><F34/><W78/><REACH who="3" step="1"/><G88/><REACH who="3" ten="393,184,236,177" step="2"/><T67/><D133/><U6/><E100/><N who="2" m="60479" /><F118/><W45/><G45/><T127/><D127/><U91/><E90/><V128/><F128/><W32/><G32/><T125/><D125/><U40/><E6/><N who="2" m="3255" /><F115/><W114/><G114/><T87/><D68/><U107/><E5/><V51/><F112/><W122/><G122/><T104/><D71/><U113/><E113/><V11/><F51/><W66/><G66/><T41/><D67/><U27/><E91/><V0/><F0/><W82/><G82/><T3/><D3/><U22/><E47/><V35/><F35/><W39/><G39/><T64/><D64/><U54/><E22/><V23/><F21/><W37/><G37/><T43/><D16/><U29/><E29/><V75/><F23/><W58/><G58/><T53/><D26/><U126/><E27/><V46/><F24/><W131/><G131/><T36/><D36/><U33/><E33/><V60/><F30/><W134/><G134/><T20/><D20/><U56/><E56/><V63/><F46/><W76/><G76/><T10/><D1/><U42/><E126/><V81/><F11/><W105/><AGARI ba="0,1" hai="48,49,72,74,77,78,80,83,94,98,99,101,103,105" machi="105" ten="20,5200,0" yaku="1,1,0,1,7,1,9,1,53,0" doraHai="4" doraHaiUra="121" who="3" fromWho="3" sc="393,-13,184,-26,236,-13,177,62" /><INIT seed="2,0,0,3,1,80" ten="380,158,223,239" oya="2" hai0="98,91,76,38,95,68,14,17,69,30,15,26,20" hai1="111,103,65,31,122,33,93,130,84,128,110,132,19" hai2="55,36,94,6,27,53,25,62,47,78,52,28,77" hai3="106,43,97,18,37,116,73,75,10,88,48,119,45"/><V101/><F6/><W59/><G75/><T86/><D38/><U133/><E65/><V83/><F101/><W11/><G73/><T22/><D15/><U79/><E31/><V32/><F83/><W4/><G11/><T99/><D69/><U90/><E33/><V74/><F94/><W70/><G70/><T42/><D42/><U135/><E19/><V115/><F115/><W117/><G18/><T40/><D40/><U21/><E21/><V118/><F118/><W23/><G23/><T87/><D68/><U63/><E63/><V3/><F3/><W64/><G106/><T121/><D121/><U58/><E58/><V35/><F74/><W61/><G37/><T96/><D76/><U50/><E50/><V109/><F109/><N who="1" m="41481" /><E122/><V0/><F0/><W1/><G97/><AGARI ba="0,0" hai="14,17,20,22,26,30,86,87,91,95,96,97,98,99" machi="97" ten="40,5200,0" yaku="8,1,52,2" doraHai="80" who="0" fromWho="3" sc="380,52,158,0,223,0,239,-52" /><INIT seed="3,0,0,1,1,129" ten="432,158,223,187" oya="3" hai0="25,41,96,91,120,29,24,52,22,7,78,118,0" hai1="3,68,125,67,90,98,19,30,99,47,134,106,59" hai2="58,61,72,133,55,69,93,114,109,110,135,89,73" hai3="132,74,56,63,54,16,39,82,62,86,57,60,64"/><W6/><G39/><T65/><D65/><U9/><E125/><V131/><F69/><W26/><G132/><N who="2" m="50761" /><F114/><W4/><G74/><N who="2" m="28777" /><F131/><W112/><G62/><T88/><D41/><U92/><E30/><V80/><F80/><W83/><G83/><T102/><D78/><U1/><E68/><V97/><AGARI ba="0,0" hai="55,58,61,89,93,97,109,110" m="28777,50761" machi="97" ten="40,8000,1" yaku="20,1,52,3" doraHai="129" who="2" fromWho="2" sc="432,-20,158,-20,223,80,187,-40" /><INIT seed="4,0,0,2,5,74" ten="412,138,303,147" oya="0" hai0="13,122,26,41,92,15,81,17,66,62,5,119,102" hai1="126,121,50,27,23,64,9,33,120,124,106,77,94" hai2="29,93,53,58,30,108,37,104,52,18,60,118,10" hai3="25,115,85,76,114,11,38,47,112,71,12,91,133"/><T73/><D122/><U1/><E106/><V39/><F104/><W90/><G71/><T134/><D119/><U100/><E64/><V130/><F108/><W105/><G105/><T16/><D41/><U97/><E33/><V4/><F130/><W132/><G25/><T67/><D5/><U51/><E1/><V56/><F118/><W87/><G47/><T14/><D134/><N who="3" m="51817" /><G38/><T109/><D109/><U117/><E9/><V135/><F135/><W88/><G76/><T79/><D26/><U128/><E128/><V42/><F93/><W72/><G72/><T65/><REACH who="0" step="1"/><D62/><REACH who="0" ten="402,138,303,147" step="2"/><U46/><E117/><V36/><F42/><W69/><G69/><T75/><D75/><U89/><E121/><V123/><F4/><AGARI ba="0,1" hai="4,11,12,85,87,88,90,91,112,114,115" m="51817" machi="4" ten="40,5200,0" yaku="15,1,20,1,54,1" doraHai="74" who="3" fromWho="2" sc="402,0,138,0,303,-52,147,62" /><INIT seed="5,0,0,0,1,9" ten="402,138,251,209" oya="1" hai0="115,74,15,124,123,114,12,86,72,131,22,55,39" hai1="79,111,109,62,77,132,70,5,8,11,97,87,44" hai2="6,78,91,26,107,37,96,4,94,121,19,58,32" hai3="47,7,112,117,75,127,63,27,34,35,28,33,133"/><U30/><E30/><V3/><F3/><W80/><G112/><N who="0" m="43051" /><D39/><U25/><E132/><V90/><F37/><W99/><G127/><T24/><D131/><U46/><E25/><V64/><F107/><W36/><G133/><T1/><D1/><U38/><E97/><V50/><F78/><W128/><G128/><T51/><D86/><U102/><E102/><N who="2" m="60695" /><F32/><W82/><G82/><T45/><D124/><U103/><E103/><V65/><F19/><W2/><G63/><T41/><D55/><U49/><E87/><V0/><F0/><W89/><G89/><N who="2" m="33801" /><F26/><W104/><G117/><T134/><D134/><U92/><E92/><V71/><F71/><W98/><G98/><T120/><D120/><U52/><E79/><V122/><F122/><W20/><G20/><T40/><D40/><N who="1" m="22551" /><E77/><V129/><F129/><W108/><G80/><T116/><D123/><U81/><E81/><V76/><F76/><W60/><G75/><N who="0" m="28715" /><D116/><U125/><E125/><V85/><F85/><W110/><G99/><T56/><D56/><U113/><E113/><V21/><F121/><W61/><G104/><T118/><D118/><U95/><E95/><V84/><F84/><W31/><G34/><T59/><D59/><U54/><E54/><N who="2" m="32087" /><F21/><W67/><G33/><T69/><D69/><U126/><E126/><V57/><F57/><W130/><G130/><T68/><D68/><U13/><E8/><V93/><F93/><W105/><G105/><T43/><D43/><U48/><E48/><V135/><F135/><W18/><G36/><T106/><D106/><U16/><E5/><AGARI ba="0,0" hai="4,5,6,64,65" m="32087,33801,60695" machi="5" ten="30,1000,0" yaku="8,1" doraHai="9" who="2" fromWho="1" sc="402,0,138,-10,251,10,209,0" /><INIT seed="6,0,0,2,3,62" ten="402,128,261,209" oya="2" hai0="127,121,3,42,61,76,81,119,125,30,29,28,68" hai1="14,86,26,103,92,43,59,34,82,48,135,117,12" hai2="78,133,5,63,25,118,77,123,94,16,132,53,58" hai3="65,50,32,27,6,46,18,13,38,80,49,93,114"/><V113/><F123/><W87/><G38/><T37/><D3/><U9/><E117/><V134/><F118/><W91/><G114/><T130/><D121/><U66/><E135/><V35/><F113/><W52/><G32/><T4/><D4/><U21/><E34/><V104/><F104/><W33/><G33/><T124/><D119/><U8/><E8/><V95/><F5/><W45/><G6/><T2/><D2/><U111/><E111/><V51/><F35/><W120/><G27/><T40/><D130/><U85/><E9/><V90/><F51/><W31/><G31/><T7/><D7/><U115/><E115/><V19/><F95/><W36/><G36/><T109/><D109/><U23/><E23/><N who="2" m="13543" /><F19/><W0/><G0/><T83/><D37/><U100/><E43/><N who="0" m="16425" /><D76/><U107/><E107/><V73/><F73/><W101/><G120/><T60/><D68/><U1/><E1/><V20/><F20/><W129/><G129/><T105/><D105/><U128/><E128/><V56/><F58/><W97/><G49/><T108/><D108/><U17/><E48/><V116/><F116/><W55/><G45/><T79/><D79/><N who="1" m="46303" /><E14/><V47/><F47/><W89/><G55/><T41/><D41/><U10/><E12/><V72/><F72/><W71/><G71/><T112/><D112/><U99/><E10/><V64/><F53/><W110/><G110/><T98/><D83/><U74/><E74/><V57/><F57/><W84/><G13/><T96/><D81/><U75/><E75/><V11/><F11/><W70/><G70/><T15/><D15/><RYUUKYOKU ba="0,0" sc="402,15,128,-15,261,15,209,-15" hai0="28,29,30,60,61,96,98,124,125,127" hai2="56,63,64,77,78,90,94,132,133,134" /><INIT seed="6,1,0,5,5,123" ten="417,113,276,194" oya="2" hai0="0,128,112,21,62,79,30,52,44,93,84,66,50" hai1="120,111,96,54,124,119,132,4,118,105,56,59,32" hai2="5,41,36,117,71,6,85,68,20,90,72,121,31" hai3="97,101,2,135,35,14,95,102,115,107,87,15,109"/><V1/><F121/><W130/><G2/><T76/><D0/><U58/><E120/><V49/><F72/><W122/><G122/><T134/><D134/><U67/><E32/><V106/><F106/><W73/><G35/><T45/><D112/><U89/><E4/><N who="2" m="1643" /><F36/><W113/><G15/><T69/><D128/><U10/><E10/><V33/><F33/><W131/><G14/><T37/><D37/><U81/><E132/><V24/><F1/><W99/><G135/><T12/><D45/><U55/><E81/><N who="2" m="49455" /><F117/><W126/><G73/><T8/><D8/><U78/><E78/><V129/><F129/><N who="3" m="49163" /><G126/><T23/><D23/><U70/><E89/><V80/><F80/><W61/><G61/><T48/><D79/><U17/><E105/><V133/><F133/><W116/><G116/><T13/><D76/><U25/><E25/><V75/><F75/><W98/><G98/><T65/><D84/><U3/><E96/><V26/><F26/><W38/><G38/><T34/><D34/><U77/><E3/><V100/><F100/><W42/><G42/><T110/><D93/><U47/><E124/><V29/><F29/><W43/><G43/><T39/><D30/><U53/><E119/><V108/><F108/><W86/><G109/><T27/><D110/><U63/><E111/><V22/><F22/><W19/><G19/><N who="0" m="12735" /><D39/><U28/><E28/><V60/><F60/><W16/><G16/><T40/><D66/><U11/><E118/><V104/><F104/><W127/><G127/><T88/><D88/><U64/><E64/><V9/><F9/><W51/><G51/><RYUUKYOKU ba="1,0" sc="417,10,113,-30,276,10,194,10" hai0="12,13,40,44,48,50,52,62,65,69" hai2="20,24,31,41,49,68,71" hai3="86,87,95,97,99,101,102,107,113,115" /><INIT seed="6,2,0,1,2,4" ten="427,83,286,204" oya="2" hai0="79,76,18,62,93,27,6,36,110,25,48,2,15" hai1="24,133,124,80,64,68,51,75,96,120,114,66,101" hai2="47,16,63,58,46,74,86,14,129,119,8,121,131" hai3="54,38,20,83,45,40,50,95,85,107,100,73,128"/><V99/><F74/><W23/><G128/><N who="2" m="49225" /><F121/><W108/><G108/><T0/><D36/><U39/><E39/><V10/><F119/><W12/><G73/><T21/><D79/><U123/><E114/><V82/><F99/><W43/><G107/><T89/><D76/><U92/><E133/><V1/><F86/><W97/><G38/><T127/><D127/><U34/><E124/><V22/><F82/><W81/><G81/><T7/><D110/><U3/><E3/><V116/><F116/><W111/><G111/><T102/><D102/><U71/><E51/><V37/><F37/><W94/><G94/><T72/><D72/><U126/><E126/><V88/><F88/><N who="3" m="51263" /><G20/><T33/><D33/><U113/><E113/><V132/><F132/><W61/><G61/><T5/><D62/><U17/><E80/><V118/><F118/><W104/><G104/><T19/><D48/><U69/><E75/><V59/><F59/><W9/><G23/><N who="0" m="13567" /><D89/><U98/><E98/><V77/><F77/><W26/><G26/><T52/><D93/><U49/><E49/><V106/><F106/><W130/><G130/><T115/><D115/><U122/><REACH who="1" step="1"/><E17/><AGARI ba="2,0" hai="9,12,17,40,43,45,50,54,95,97,100" m="51263" machi="17" ten="30,7700,0" yaku="25,1,8,1,52,1,54,1" doraHai="4" who="3" fromWho="1" sc="427,0,83,-83,286,0,204,83" /><INIT seed="7,0,0,1,5,88" ten="427,0,286,287" oya="3" hai0="66,15,57,108,13,98,87,125,0,34,133,17,97" hai1="36,56,6,32,63,70,47,114,31,52,20,45,42" hai2="116,105,135,30,28,83,29,81,71,53,21,84,25" hai3="74,110,49,132,118,128,123,64,103,100,48,22,18"/><W55/><G118/><T90/><D34/><U9/><E20/><N who="2" m="15399" /><F71/><W69/><G74/><T72/><D13/><U85/><E31/><N who="2" m="11787" /><F105/><W89/><G123/><T40/><D90/><U119/><E85/><V109/><F109/><W121/><G110/><T95/><D87/><U26/><E26/><V129/><F129/><W122/><G128/><T1/><D15/><U93/><E93/><V76/><F116/><W8/><G132/><T101/><D101/><N who="3" m="38985" /><G69/><T51/><D1/><U99/><E99/><V124/><F124/><W67/><G121/><T96/><D98/><U43/><E9/><V5/><F135/><W82/><G8/><T78/><D97/><U37/><E6/><V120/><F120/><W77/><G77/><T3/><D78/><U91/><E91/><V80/><F21/><W19/><G19/><T38/><D17/><U7/><E7/><V35/><F35/><W92/><G82/><N who="2" m="31849" /><F53/><W24/><G122/><T39/><D133/><U112/><E32/><V44/><F44/><N who="3" m="28039" /><G49/><T14/><D51/><U117/><E70/><V54/><F54/><W2/><G2/><T27/><D72/><U94/><E94/><V113/><F113/><W60/><G60/><T58/><D39/><U46/><E46/><V127/><F127/><W86/><AGARI ba="0,0" hai="18,22,24,64,67,86,89,92" m="28039,38985" machi="86" ten="30,3000,0" yaku="8,1,52,1" doraHai="88" who="3" fromWho="3" sc="427,-10,0,-10,286,-10,287,30" owari="417,51.0,-10,-51.0,276,-12.0,317,12.0" /></mjloggm>