<mjloggm ver="2.3"><GO type="169" lobby="0"/><UN n0="%E7%99%BD%E9%BB%92%E7%A5%9E" n1="%E3%82%A6%E3%83%AB%E3%83%88%E3%83%A9%E7%AB%8B%E7%9B%B4" n2="%E3%81%97%E3%81%8A%E3%81%BE%E3%81%AD%E3%81%8D" n3="%E3%82%AB%E3%83%96%E3%83%88" dan="16,17,17,16" rate="2098.82,2187.23,2135.77,2095.79" sx="F,M,M,M"/><TAIKYOKU oya="0"/><INIT seed="0,0,0,5,4,68" ten="250,250,250,250" oya="0" hai0="24,128,18,36,5,74,0,33,10,6,78,82,73" hai1="39,89,111,88,119,4,97,1,124,102,118,20,15" hai2="109,84,9,69,63,131,135,8,51,120,12,66,30" hai3="59,85,92,40,64,22,23,127,100,76,81,37,101"/><T48/><D128/><U3/><E124/><V61/><F120/><W62/><G127/><T35/><D74/><U56/><E111/><V123/><F123/><W80/><G80/><T86/><D6/><U42/><E56/><V43/><F109/><W65/><G65/><T72/><D73/><U125/><E125/><V95/><F30/><W14/><G40/><T21/><D36/><U32/><E32/><V60/><F9/><W28/><G37/><T41/><REACH who="0" step="1"/><D72/><REACH who="0" ten="240,250,250,250" step="2"/><U98/><E4/><V71/><F131/><W19/><G92/><T70/><D70/><U112/><E39/><V121/><F71/><W26/><AGARI ba="0,1" hai="14,19,22,23,26,28,59,62,64,76,81,85,100,101" machi="26" ten="30,2000,0" yaku="0,1,8,1" doraHai="68" who="3" fromWho="3" sc="240,-10,250,-5,250,-5,250,30" /><INIT seed="1,0,0,2,5,43" ten="230,245,245,280" oya="1" hai0="51,82,67,21,114,123,49,129,4,44,3,18,110" hai1="102,118,89,107,88,96,81,122,99,100,22,101,119" hai2="85,58,108,19,90,91,71,93,126,117,103,76,15" hai3="66,33,41,12,31,84,61,25,109,35,74,27,120"/><U111/><E22/><V46/><F71/><W105/><G74/><T87/><D114/><U98/><E122/><V11/><F108/><W135/><G120/><T34/><D110/><U39/><E39/><V68/><F68/><W115/><G115/><T69/><D123/><U14/><E14/><V1/><F117/><N who="1" m="44553" /><E111/><V63/><F126/><W95/><G105/><T106/><D34/><U30/><E30/><V2/><F76/><W48/><G109/><T0/><D106/><U40/><E40/><V23/><F103/><W73/><G73/><T128/><D51/><U134/><E134/><V9/><F2/><W116/><G12/><T32/><D67/><U29/><E29/><V16/><F1/><W112/><G135/><T57/><D69/><U37/><E37/><V50/><F91/><N who="1" m="34889" /><E81/><V97/><F97/><AGARI ba="0,0" hai="96,97,98,99,100,101,102,107" m="34889,44553" machi="97" ten="40,7700,0" yaku="34,2,54,1" doraHai="43" who="1" fromWho="2" sc="230,0,245,77,245,-77,280,0" /><INIT seed="1,1,0,1,5,65" ten="230,322,168,280" oya="1" hai0="26,21,30,40,13,19,102,57,47,128,79,112,6" hai1="41,73,59,50,130,105,101,10,125,64,86,32,35" hai2="80,43,87,95,56,100,93,106,46,37,60,114,94" hai3="115,110,62,83,42,17,52,67,51,124,11,18,129"/><U24/><E73/><V34/><F34/><W134/><G115/><T109/><D112/><U104/><E125/><V127/><F127/><W123/><G124/><T89/><D109/><U44/><E130/><V14/><F114/><W22/><G123/><T116/><D128/><U4/><E101/><V103/><F14/><N who="3" m="7391" /><G129/><T71/><D116/><U38/><E35/><V121/><F121/><W66/><G134/><T8/><D102/><U2/><E32/><V61/><F61/><W39/><G39/><T7/><D79/><U85/><E24/><V58/><F56/><N who="3" m="35079" /><G83/><T45/><D71/><U72/><E72/><V23/><F23/><W69/><G69/><T1/><D57/><U120/><E120/><V118/><F118/><W31/><G31/><T36/><D45/><U28/><E28/><V90/><REACH who="2" step="1"/><F106/><REACH who="2" ten="230,322,158,280" step="2"/><W91/><G110/><T15/><D13/><U117/><E117/><V75/><F75/><W122/><G122/><T119/><D119/><U81/><E105/><V88/><F88/><W74/><G91/><T113/><D113/><U111/><E104/><V99/><F99/><W33/><G74/><T76/><D89/><U68/><E111/><V77/><F77/><W98/><G98/><T131/><D131/><U107/><E107/><V84/><F84/><W132/><G33/><N who="0" m="20695" /><D76/><N who="1" m="46247" /><E86/><V9/><F9/><W20/><G20/><T133/><D133/><U16/><E10/><V96/><F96/><W29/><G132/><T48/><D21/><U55/><E59/><V25/><F25/><N who="3" m="14551" /><G29/><T126/><D126/><U82/><E68/><V5/><F5/><N who="0" m="1546" /><D1/><U49/><E2/><RYUUKYOKU ba="1,1" sc="230,10,322,-30,158,10,280,10" hai0="8,15,19,36,40,47,48" hai2="37,43,46,58,60,80,87,90,93,94,95,100,103" hai3="42,51,66,67" /><INIT seed="2,2,1,1,1,133" ten="240,292,168,290" oya="2" hai0="40,60,56,28,16,39,82,15,87,117,23,95,62" hai1="22,30,42,20,67,38,94,74,71,124,68,35,135" hai2="99,73,70,14,126,33,9,116,103,118,88,66,52" hai3="12,11,91,51,79,21,26,69,17,4,114,111,0"/><V102/><F73/><W61/><G111/><T3/><D3/><U81/><E94/><V121/><F33/><W97/><G79/><T57/><D117/><U120/><E22/><V37/><F37/><W106/><G114/><T6/><D6/><U122/><E20/><V109/><F66/><W132/><G132/><T36/><D95/><U128/><E135/><V34/><F70/><W107/><G91/><T115/><D115/><U129/><E68/><V13/><F34/><W80/><G80/><T24/><D57/><U58/><E58/><V104/><F109/><W75/><G97/><T76/><D40/><U2/><E2/><V27/><F27/><W59/><G75/><T31/><D62/><U83/><E30/><V55/><F121/><W64/><G0/><T65/><REACH who="0" step="1"/><D31/><REACH who="0" ten="230,292,168,290" step="2"/><U44/><E120/><V29/><F29/><W101/><G107/><T41/><D41/><U119/><E42/><V77/><F116/><W100/><G106/><T125/><D125/><U72/><E124/><V110/><F118/><W54/><AGARI ba="2,2" hai="4,11,12,17,21,26,51,54,59,61,64,69,100,101" machi="54" ten="30,1100,0" yaku="0,1" doraHai="133" who="3" fromWho="3" sc="230,-5,292,-5,168,-7,290,37" /><INIT seed="3,0,0,0,1,62" ten="225,287,161,327" oya="3" hai0="86,20,58,40,18,77,124,53,49,52,68,54,88" hai1="98,29,109,133,127,90,119,75,116,96,80,59,125" hai2="23,103,9,42,104,79,106,72,4,126,105,39,57" hai3="120,33,31,69,34,99,64,22,47,28,129,32,25"/><W11/><G120/><T135/><D68/><U82/><E29/><V85/><F23/><W30/><G47/><N who="0" m="25831" /><D124/><N who="1" m="47691" /><E59/><V117/><F85/><W50/><G50/><N who="0" m="30999" /><D77/><N who="1" m="44095" /><E109/><V1/><F57/><W78/><G78/><T45/><D135/><U21/><E21/><V70/><F117/><N who="1" m="45129" /><E133/><V37/><F70/><W113/><G69/><T87/><D45/><U84/><AGARI ba="0,0" hai="82,84,90,96,98" m="45129,44095,47691" machi="84" ten="40,8000,1" yaku="18,1,12,1,34,2" doraHai="62" who="1" fromWho="1" sc="225,-20,287,80,161,-20,327,-40" /><INIT seed="4,0,0,0,0,91" ten="205,367,141,287" oya="0" hai0="111,47,81,21,80,1,69,27,113,63,93,6,4" hai1="68,100,109,37,46,5,76,54,28,44,85,73,95" hai2="60,118,61,87,99,101,19,70,9,105,72,114,89" hai3="74,11,34,39,25,130,117,92,20,18,29,0,112"/><T58/><D113/><U83/><E68/><V3/><F118/><W129/><G117/><T94/><D69/><U123/><E109/><V90/><F114/><W77/><G39/><T49/><D1/><U59/><E123/><V124/><F72/><W56/><G112/><T48/><D111/><U45/><E28/><V42/><F124/><W16/><G56/><T134/><D134/><U17/><E5/><N who="0" m="2153" /><D80/><U119/><E119/><V23/><F42/><W53/><G53/><N who="0" m="34255" /><D81/><U24/><E37/><V107/><F9/><W43/><G77/><T14/><D14/><U71/><E71/><V78/><F3/><W30/><G74/><T50/><D47/><U110/><E110/><V135/><F78/><W67/><G0/><T84/><D84/><U96/><E73/><V38/><F38/><W126/><G126/><T115/><D115/><U13/><E24/><V10/><F10/><W97/><G11/><T41/><D41/><U125/><E125/><V7/><F7/><W122/><G43/><T121/><D121/><U127/><E127/><V106/><F135/><W35/><G122/><T128/><D128/><U22/><REACH who="1" step="1"/><E46/><REACH who="1" ten="205,357,141,287" step="2"/><V86/><F70/><W12/><G130/><T36/><D36/><U65/><E65/><V57/><F57/><W62/><G129/><T120/><D120/><U33/><E33/><V75/><F75/><W64/><G35/><T133/><D133/><U55/><E55/><V98/><F61/><AGARI ba="0,1" hai="13,17,22,44,45,54,59,61,76,83,85,95,96,100" machi="61" ten="30,8000,1" yaku="1,1,7,1,8,1,52,1,53,1" doraHai="91" doraHaiUra="88" who="1" fromWho="2" sc="205,0,357,90,141,-80,287,0" /><INIT seed="5,0,0,0,2,64" ten="205,447,61,287" oya="1" hai0="98,92,117,67,35,37,128,58,1,77,109,0,8" hai1="41,103,72,102,43,123,62,10,81,133,48,28,5" hai2="118,84,54,134,16,42,86,104,97,34,69,14,55" hai3="49,113,15,131,125,52,91,44,88,4,53,79,101"/><U21/><E123/><V46/><F34/><W126/><G131/><T121/><D121/><U116/><E116/><V29/><F29/><W50/><G101/><T94/><D37/><U38/><E133/><V20/><F134/><W135/><G135/><T31/><D128/><U33/><E33/><V7/><F118/><W76/><G113/><T39/><D39/><U112/><E112/><V107/><F7/><W100/><G100/><T17/><D77/><N who="3" m="29769" /><G4/><T80/><D80/><U108/><E108/><V60/><F97/><W110/><G15/><T27/><D94/><U70/><E48/><V119/><F119/><W66/><G66/><T129/><D129/><U127/><E43/><V12/><F60/><W6/><G6/><T87/><D87/><U114/><E114/><V78/><F78/><W120/><G110/><T11/><D109/><U74/><E74/><V9/><F69/><W83/><G83/><T95/><D95/><U111/><E81/><V40/><F20/><W56/><G120/><T13/><D11/><U68/><E72/><V63/><F63/><W25/><G25/><T61/><REACH who="0" step="1"/><D117/><REACH who="0" ten="195,447,61,287" step="2"/><U2/><E10/><V115/><F9/><W75/><G75/><T18/><D18/><U19/><E19/><V51/><F115/><W130/><G130/><T73/><D73/><U23/><E38/><V106/><F16/><W99/><G99/><T85/><D85/><U90/><E111/><V82/><F86/><W89/><G89/><AGARI ba="0,1" hai="0,1,8,13,17,27,31,35,58,61,67,89,92,98" machi="89" ten="30,3900,0" yaku="1,1,7,1,53,1" doraHai="64" doraHaiUra="93" who="0" fromWho="3" sc="195,49,447,0,61,0,287,-39" /><INIT seed="6,0,0,5,5,87" ten="244,447,61,248" oya="2" hai0="37,128,14,32,129,75,34,57,38,116,131,52,39" hai1="49,122,124,63,84,117,41,127,22,5,50,19,111" hai2="133,15,30,106,95,23,13,12,96,94,29,79,8" hai3="90,68,18,88,86,101,3,89,9,105,114,74,54"/><V60/><F133/><W104/><G74/><T115/><D115/><U91/><E5/><V17/><F106/><W7/><G68/><T99/><D75/><U42/><E111/><V85/><F60/><W55/><G114/><T26/><D116/><U51/><E63/><V0/><F0/><W82/><G18/><T25/><D99/><U58/><E58/><V20/><F79/><W16/><G16/><T120/><D14/><N who="2" m="5738" /><F85/><W1/><G1/><T103/><D103/><U130/><E117/><V36/><F95/><W112/><G112/><T48/><REACH who="0" step="1"/><D120/><REACH who="0" ten="234,447,61,248" step="2"/><U109/><E122/><V10/><F36/><W76/><REACH who="3" step="1"/><G101/><REACH who="3" ten="234,447,61,238" step="2"/><T118/><D118/><U53/><E109/><V80/><F10/><W66/><G66/><T73/><D73/><U61/><E124/><V27/><F8/><W46/><G46/><T123/><D123/><U92/><E127/><V72/><F72/><W56/><G56/><T100/><D100/><U81/><E19/><N who="2" m="12703" /><F80/><W65/><G65/><T135/><D135/><U64/><E64/><V44/><F44/><W67/><G67/><T78/><D78/><U71/><E81/><V28/><F28/><W2/><G2/><T98/><D98/><U62/><E71/><V35/><F35/><AGARI ba="0,2" hai="25,26,32,34,35,37,38,39,48,52,57,128,129,131" machi="35" ten="50,12000,2" yaku="1,1,19,1,54,1,53,3" doraHai="87" doraHaiUra="125" who="0" fromWho="2" sc="234,140,447,0,61,-120,238,0" owari="374,17.0,447,55.0,-59,-56.0,238,-16.0" /></mjloggm>