<mjloggm ver="2.3"><GO type="97" lobby="0"/><UN n0="%E3%82%BB%E3%82%A4%E3%83%A8%E3%82%A6%E3%83%AA%E3%83%B3%E3%82%B4" n1="%63%68%75%72%61%69%6D%75" n2="%E3%82%A6%E3%83%AB%E3%83%88%E3%83%A9%E7%AB%8B%E7%9B%B4" n3="%67%65%6D" dan="14,14,14,13" rate="1953.63,1979.72,1940.62,1847.62" sx="M,M,M,F"/><TAIKYOKU oya="0"/><INIT seed="0,0,0,2,2,27" ten="250,250,250,250" oya="0" hai0="108,109,72,128,29,127,118,18,86,10,32,78,85" hai1="112,31,48,61,121,102,100,126,91,6,92,88,19" hai2="17,106,8,69,68,40,120,13,38,115,90,15,53" hai3="22,33,96,14,87,46,49,117,107,45,50,125,5"/><T89/><D118/><U62/><E121/><V36/><F120/><W60/><G117/><T11/><D127/><U39/><E39/><V9/><F106/><W7/><G33/><T37/><D37/><U123/><E123/><V133/><F133/><W66/><G125/><T84/><D72/><U76/><E126/><V135/><F135/><W70/><G87/><T114/><D114/><U58/><E76/><V44/><F115/><W129/><G129/><T98/><D18/><U80/><E112/><V67/><F38/><W130/><G130/><T134/><D134/><U63/><E6/><V12/><F12/><W82/><G82/><T26/><D78/><U99/><E19/><V30/><F67/><W83/><G83/><T56/><D56/><U24/><E80/><V116/><F116/><W122/><G122/><T81/><D128/><U105/><E105/><V55/><F90/><W42/><G107/><T131/><D131/><U79/><E79/><V59/><F55/><W65/><G96/><T3/><D3/><U77/><E77/><V54/><F54/><W110/><G110/><N who="0" m="42603" /><D81/><U57/><E48/><V73/><F73/><W21/><G14/><T97/><D89/><N who="1" m="34379" /><E102/><V104/><F104/><W103/><G70/><T23/><D32/><U75/><E75/><V93/><F68/><W35/><G35/><T71/><D71/><U43/><E43/><V0/><F69/><W2/><G2/><T25/><D25/><U20/><AGARI ba="0,0" hai="20,24,31,57,58,61,62,63,92,99,100" m="34379" machi="20" ten="30,4000,0" yaku="8,1,52,1,54,1" doraHai="27" who="1" fromWho="1" sc="250,-20,250,40,250,-10,250,-10" /><INIT seed="1,0,0,4,1,58" ten="230,290,240,240" oya="1" hai0="99,93,121,86,30,26,51,101,44,63,114,96,115" hai1="5,120,67,79,14,47,37,61,19,87,95,13,116" hai2="106,70,98,103,36,108,32,31,1,83,29,28,60" hai3="84,0,85,97,118,111,18,64,112,78,132,20,3"/><U124/><E120/><V127/><F36/><W43/><G132/><T34/><D121/><U72/><E72/><V38/><F38/><W71/><G112/><T65/><D99/><U66/><E116/><V126/><F1/><W76/><G118/><T56/><D86/><U89/><E124/><N who="2" m="47659" /><F83/><W80/><G111/><T7/><REACH who="0" step="1"/><D7/><REACH who="0" ten="220,290,240,240" step="2"/><U68/><E5/><V55/><F108/><W57/><G84/><T23/><D23/><U104/><E87/><V27/><F55/><AGARI ba="0,1" hai="26,30,34,44,51,55,56,63,65,93,96,101,114,115" machi="55" ten="30,3900,0" yaku="1,1,7,1,52,1,53,0" doraHai="58" doraHaiUra="125" who="0" fromWho="2" sc="220,49,290,0,240,-39,240,0" /><INIT seed="2,0,0,0,3,14" ten="269,290,201,240" oya="2" hai0="105,23,53,11,21,60,79,69,74,129,56,62,135" hai1="67,119,121,48,104,84,127,92,34,73,132,22,55" hai2="13,107,35,77,58,8,43,37,82,106,72,57,80" hai3="131,86,15,3,83,95,38,47,39,16,65,111,114"/><V31/><F31/><W20/><G3/><T99/><D129/><U50/><E104/><V113/><F35/><W32/><G32/><T7/><D135/><U123/><E132/><V110/><F113/><W18/><G131/><T70/><D74/><U134/><E134/><V52/><F110/><W63/><G111/><T75/><D75/><U4/><E34/><V98/><F57/><W108/><G108/><T96/><D79/><U61/><E127/><V0/><F82/><W10/><G114/><T88/><D99/><U109/><E119/><V45/><F98/><W101/><G47/><T68/><D60/><U25/><E73/><V42/><F42/><W78/><G101/><T12/><REACH who="0" step="1"/><D105/><REACH who="0" ten="259,290,201,240" step="2"/><U76/><E109/><V91/><F91/><W33/><G33/><T26/><D26/><U89/><E76/><V44/><F44/><W59/><REACH who="3" step="1"/><G95/><AGARI ba="0,1" hai="7,11,12,21,23,53,56,62,68,69,70,88,95,96" machi="95" ten="40,2600,0" yaku="1,1,54,1,53,0" doraHai="14" doraHaiUra="116" who="0" fromWho="3" sc="259,36,290,0,201,0,240,-26" /><INIT seed="3,0,0,2,2,68" ten="295,290,201,214" oya="3" hai0="99,79,8,75,62,21,31,69,45,43,15,125,52" hai1="32,110,34,119,67,23,123,22,49,6,133,105,131" hai2="9,14,55,47,51,104,87,64,59,96,90,83,0" hai3="95,118,28,60,85,66,106,98,61,58,134,89,97"/><W46/><G134/><T56/><D125/><U33/><E133/><V122/><F0/><W101/><G118/><T116/><D116/><U18/><E119/><V92/><F104/><W126/><G126/><T80/><D99/><U132/><E105/><V74/><F74/><W102/><G46/><T78/><D69/><U54/><E132/><V94/><F122/><W73/><G28/><T82/><D31/><U107/><E107/><V25/><F25/><W113/><G73/><T20/><D79/><U100/><E123/><V24/><F24/><W42/><G113/><T63/><D82/><U111/><E100/><V115/><F115/><W39/><G42/><T135/><D63/><U130/><E67/><V1/><F1/><W53/><G39/><T76/><D76/><U72/><E6/><V88/><F64/><W93/><REACH who="3" step="1"/><G53/><REACH who="3" ten="295,290,201,204" step="2"/><T40/><D40/><U71/><E72/><V108/><F108/><N who="1" m="41513" /><E71/><V19/><F59/><W81/><G81/><AGARI ba="0,1" hai="9,14,19,47,51,55,81,83,87,88,90,92,94,96" machi="81" ten="40,2600,0" yaku="8,1,54,1" doraHai="68" who="2" fromWho="3" sc="295,0,290,0,201,36,204,-26" /><INIT seed="4,0,0,3,5,110" ten="295,290,237,178" oya="0" hai0="75,107,97,4,95,24,113,37,33,28,129,88,126" hai1="70,72,47,30,0,53,73,48,132,55,127,1,82" hai2="17,6,32,2,36,50,91,20,89,66,39,57,67" hai3="25,78,116,106,49,133,7,44,40,81,42,38,108"/><T56/><D113/><U61/><E127/><V124/><F32/><W35/><G106/><T86/><D126/><U11/><E132/><V123/><F123/><W26/><G116/><T27/><D129/><U54/><E30/><V92/><F39/><W112/><G35/><T22/><D37/><U59/><E70/><V23/><F36/><W105/><G105/><T120/><D120/><U9/><E82/><V76/><F76/><W103/><G103/><T18/><D4/><U41/><E0/><V90/><F6/><W52/><G133/><T5/><D5/><U99/><E99/><V14/><F2/><W130/><G130/><T63/><D107/><U8/><REACH who="1" step="1"/><E1/><REACH who="1" ten="295,280,237,178" step="2"/><V121/><F124/><W131/><G131/><T74/><REACH who="0" step="1"/><D97/><REACH who="0" ten="285,280,237,178" step="2"/><U79/><E79/><V51/><F121/><W3/><G112/><T104/><D104/><U98/><E98/><V125/><F125/><W34/><G7/><T62/><D62/><U135/><E135/><V15/><F51/><W43/><G38/><T119/><D119/><U122/><E122/><V109/><F50/><W45/><G108/><T69/><D69/><U111/><E111/><V58/><F109/><W100/><G3/><T101/><D101/><U19/><E19/><N who="2" m="10359" /><F90/><W117/><G100/><T134/><D134/><U77/><E77/><V60/><F91/><W16/><G117/><T10/><D10/><U13/><E13/><V80/><F89/><W115/><G115/><T21/><D21/><U64/><AGARI ba="0,2" hai="8,9,11,41,47,48,53,54,55,59,61,64,72,73" machi="64" ten="30,2000,0" yaku="1,1,0,1,53,0" doraHai="110" doraHaiUra="12" who="1" fromWho="1" sc="285,-10,280,40,237,-5,178,-5" owari="275,8.0,320,42.0,232,-17.0,173,-33.0" /></mjloggm>