<mjloggm ver="2.3"><GO type="97" lobby="0"/><UN n0="%64%65%63%5F%73%6F%72%64" n1="%31%32%31%34%34" n2="%E3%82%AB%E3%83%BC%E3%83%97%E3%81%A3%E5%A8%98" n3="%E3%82%A6%E3%83%AB%E3%83%88%E3%83%A9%E7%AB%8B%E7%9B%B4" dan="15,15,14,15" rate="1984.00,1980.30,1988.55,1988.94" sx="M,M,F,M"/><TAIKYOKU oya="0"/><INIT seed="0,0,0,4,5,1" ten="250,250,250,250" oya="0" hai0="25,103,132,83,107,63,38,111,10,32,86,39,119" hai1="51,60,23,98,49,101,135,87,66,65,84,16,8" hai2="52,122,72,104,40,56,126,81,121,133,68,46,85" hai3="20,55,48,69,123,78,27,93,95,9,47,26,22"/><T115/><D119/><U14/><E135/><V31/><F72/><W131/><G69/><T130/><D115/><U19/><E66/><V30/><F104/><W58/><G123/><T79/><D132/><U112/><E112/><V2/><F126/><W50/><G78/><T118/><D118/><U12/><E87/><V45/><F45/><W120/><G131/><T61/><D130/><U71/><REACH who="1" step="1"/><E84/><REACH who="1" ten="250,240,250,250" step="2"/><V4/><F85/><W117/><G117/><T62/><D111/><U88/><E88/><V90/><F90/><W92/><G120/><T29/><REACH who="0" step="1"/><D10/><REACH who="0" ten="240,240,250,250" step="2"/><U43/><E43/><V74/><F40/><W96/><G9/><T11/><D11/><U5/><E5/><V76/><F4/><W134/><G134/><T64/><D64/><U35/><E35/><V54/><F133/><W116/><G116/><T91/><D91/><U17/><E17/><V106/><F122/><W15/><G22/><T108/><D108/><U67/><E67/><V114/><F121/><W127/><G20/><T75/><D75/><U34/><E34/><V41/><F74/><W59/><G127/><T94/><D94/><AGARI ba="0,2" hai="8,12,14,16,19,23,49,51,60,65,71,94,98,101" machi="94" ten="30,7700,0" yaku="1,1,7,1,54,1,53,1" doraHai="1" doraHaiUra="97" who="1" fromWho="0" sc="240,-77,240,97,250,0,250,0" /><INIT seed="1,0,0,2,4,94" ten="163,337,250,250" oya="1" hai0="77,8,96,95,82,2,89,78,88,118,132,65,75" hai1="22,84,64,85,61,37,0,28,104,56,39,51,50" hai2="63,121,66,70,79,111,133,44,5,116,123,73,101" hai3="16,110,59,48,17,36,113,15,10,43,115,102,57"/><U19/><E104/><V12/><F116/><W67/><G110/><T71/><D118/><U93/><E0/><V122/><F111/><W124/><G124/><T126/><D65/><U134/><E134/><V6/><F133/><W128/><G128/><T98/><D71/><U9/><E39/><V103/><F44/><W109/><G109/><T58/><D132/><U130/><E37/><V131/><F131/><W97/><G36/><T53/><D126/><U87/><E130/><V29/><F29/><W119/><G119/><T38/><D38/><U54/><E93/><V13/><F13/><W24/><G59/><T62/><D78/><U21/><E51/><V46/><F46/><W27/><G43/><T80/><D80/><U106/><E106/><V68/><F68/><W90/><G90/><T52/><D53/><U99/><E99/><V32/><F32/><W35/><G35/><T86/><REACH who="0" step="1"/><D89/><REACH who="0" ten="153,337,250,250" step="2"/><U105/><E64/><V135/><F135/><W117/><G117/><T34/><D34/><U41/><E54/><V14/><F121/><W100/><G67/><T112/><D112/><U4/><E41/><V1/><F66/><W129/><G129/><T3/><D3/><U81/><E81/><V18/><F70/><W40/><G115/><T114/><D114/><U127/><E127/><V7/><F1/><W33/><G33/><T45/><D45/><U42/><E42/><V47/><F123/><W92/><G113/><T30/><D30/><U120/><E28/><V23/><F47/><W26/><G40/><T76/><D76/><U69/><E120/><V11/><F122/><RYUUKYOKU ba="0,1" sc="153,30,337,-10,250,-10,250,-10" hai0="2,8,52,58,62,75,77,82,86,88,95,96,98" /><INIT seed="2,1,1,2,1,22" ten="183,327,240,240" oya="2" hai0="88,98,41,26,47,58,83,126,97,133,123,119,111" hai1="108,130,93,45,106,48,78,24,68,6,121,109,73" hai2="84,12,56,129,2,35,0,27,99,128,10,104,21" hai3="55,3,69,87,81,39,92,8,23,1,125,72,96"/><V61/><F104/><W54/><G69/><T112/><D123/><U50/><E106/><V105/><F105/><W53/><G39/><T113/><D111/><N who="1" m="42571" /><E68/><V20/><F99/><W15/><G72/><T102/><D126/><U122/><E6/><N who="2" m="3159" /><F84/><W31/><G125/><T66/><D133/><U80/><E130/><N who="2" m="50283" /><F35/><W14/><G3/><T86/><D119/><U59/><E93/><V52/><F20/><W107/><G107/><T100/><D58/><U132/><E132/><V51/><F61/><W40/><G1/><T85/><D66/><U115/><E115/><N who="0" m="44105" /><D26/><U75/><E75/><V28/><AGARI ba="1,1" hai="0,2,21,27,28,51,52,56" m="50283,3159" machi="28" ten="30,6000,0" yaku="19,1,52,1,54,1" doraHai="22" who="2" fromWho="2" sc="183,-21,327,-21,240,73,240,-21" /><INIT seed="2,2,0,5,2,116" ten="162,306,313,219" oya="2" hai0="72,44,87,112,98,5,102,79,83,6,123,105,92" hai1="14,101,10,32,115,78,62,69,111,8,59,81,91" hai2="120,22,43,128,75,21,125,40,121,95,20,9,49" hai3="41,109,132,127,29,119,28,64,16,110,74,96,36"/><V46/><F75/><W68/><G74/><T114/><D44/><U67/><E32/><V45/><F125/><W52/><G119/><T34/><D34/><U26/><E115/><N who="0" m="44073" /><D6/><U19/><E101/><V37/><F128/><W89/><G64/><T60/><D60/><U71/><E111/><N who="3" m="42506" /><G68/><T90/><D5/><U100/><E100/><V55/><F9/><W76/><G76/><T93/><D93/><U3/><E91/><V135/><F135/><W131/><G132/><T70/><D70/><U99/><E99/><V130/><F130/><W104/><G131/><T17/><D17/><U122/><E122/><AGARI ba="2,0" hai="72,79,83,87,90,92,98,102,105,122,123" m="44073" machi="122" ten="30,8000,1" yaku="24,1,34,2,52,2" doraHai="116" who="0" fromWho="1" sc="162,86,306,-86,313,0,219,0" /><INIT seed="3,0,0,4,1,93" ten="248,220,313,219" oya="3" hai0="7,118,133,98,95,5,10,117,113,125,122,25,123" hai1="76,42,58,82,57,30,80,121,39,44,71,85,74" hai2="116,14,23,49,16,69,13,61,40,33,79,94,2" hai3="12,48,97,24,45,46,128,27,64,87,132,107,29"/><W51/><G128/><T55/><D55/><U89/><E71/><V83/><F2/><W131/><G131/><T119/><D95/><U43/><E121/><N who="0" m="46089" /><D98/><U134/><E134/><V106/><F106/><W63/><G132/><T75/><D75/><U112/><E112/><V103/><F33/><W120/><G120/><T1/><D113/><U96/><E30/><V4/><F69/><W0/><G0/><N who="0" m="295" /><D133/><U104/><E43/><V111/><F61/><W101/><G87/><T37/><D37/><U8/><E8/><V77/><F116/><N who="0" m="29698" /><T78/><DORA hai="110" /><D78/><U26/><E26/><V52/><F40/><W72/><G27/><T32/><D125/><U28/><E28/><V130/><F130/><W35/><G72/><T68/><D68/><U22/><E22/><V114/><F114/><W65/><G12/><T11/><D25/><U9/><E9/><V3/><F77/><W59/><REACH who="3" step="1"/><G65/><REACH who="3" ten="248,220,313,209" step="2"/><T81/><D81/><U38/><E38/><V53/><F83/><W21/><G21/><T127/><D127/><U100/><AGARI ba="0,1" hai="39,42,44,57,58,74,76,80,82,85,89,96,100,104" machi="100" ten="30,2000,0" yaku="0,1,52,1" doraHai="93,110" who="1" fromWho="1" sc="248,-5,220,30,313,-5,209,-10" owari="243,-16.0,250,5.0,308,41.0,199,-30.0" /></mjloggm>