<mjloggm ver="2.3"><GO type="41" lobby="0"/><UN n0="%E5%85%83%E3%81%84%E3%81%A1%E3%81%94%E7%A4%BE%E5%93%A1" n1="%43%61%6D%65%6C%69%61" n2="%E3%82%8B%E3%81%97%E3%83%BC%E3%82%8B" n3="%E5%B0%B1%E6%B4%BB%E7%94%9F%40%E5%B7%9D%E6%9D%91%E8%BB%8D%E5%9B%A3" dan="15,15,15,15" rate="1976.74,1990.28,1987.06,1977.60" sx="M,M,M,M"/><TAIKYOKU oya="0"/><INIT seed="0,0,0,1,5,12" ten="250,250,250,250" oya="0" hai0="18,110,70,17,108,23,90,105,123,8,61,33,22" hai1="71,82,46,116,95,47,44,62,88,31,74,111,113" hai2="58,6,0,89,91,35,122,79,69,24,53,27,80" hai3="16,120,56,83,93,104,43,128,135,75,114,130,28"/><T57/><D70/><U102/><E116/><V103/><F69/><W1/><G104/><T77/><D33/><U127/><E74/><V68/><F68/><W37/><G1/><T7/><D105/><U133/><E102/><V48/><F103/><W60/><G114/><T81/><D90/><U94/><E113/><V72/><F122/><W134/><G120/><T38/><D38/><U109/><E31/><V106/><F106/><W41/><G28/><T66/><D123/><U20/><E71/><V26/><F35/><W29/><G29/><T5/><D5/><U11/><E62/><V13/><F0/><W96/><G75/><N who="0" m="43199" /><D23/><U73/><E73/><V115/><F115/><W10/><G83/><T98/><D22/><U14/><E20/><V4/><F4/><W101/><G37/><T78/><D98/><U87/><E127/><V51/><F51/><W84/><G84/><T129/><D78/><U59/><E59/><V32/><F32/><W100/><G100/><T21/><D21/><U55/><E133/><N who="3" m="50698" /><G43/><T67/><D67/><U119/><E119/><V65/><F65/><N who="3" m="39047" /><G41/><T124/><D124/><U9/><E55/><V25/><F25/><W40/><G40/><T2/><D129/><U76/><E76/><V64/><F64/><W50/><G50/><T132/><D132/><U3/><E3/><V121/><F121/><W125/><G125/><T36/><D36/><U99/><E99/><V34/><F34/><W107/><G107/><T92/><D92/><N who="1" m="35371" /><E14/><AGARI ba="0,0" hai="10,14,16,93,96,101,128,130" m="39047,50698" machi="14" ten="30,3900,0" yaku="20,1,52,1,54,1" doraHai="12" who="3" fromWho="1" sc="250,0,250,-39,250,0,250,39" /><INIT seed="1,0,0,0,5,61" ten="250,211,250,289" oya="1" hai0="81,102,130,80,125,65,54,45,32,89,101,34,56" hai1="83,109,19,129,6,55,96,77,97,106,44,31,119" hai2="133,92,39,88,114,41,64,124,122,66,99,47,50" hai3="121,105,116,90,22,42,86,94,7,3,68,0,27"/><U60/><E19/><V107/><F122/><W37/><G121/><T135/><D130/><U16/><E129/><V1/><F1/><W110/><G116/><T117/><D117/><U113/><E119/><V120/><F120/><W48/><G110/><T74/><D81/><U95/><E109/><V43/><F133/><W52/><G105/><T126/><D45/><U24/><E106/><V93/><F107/><W35/><G35/><N who="0" m="13355" /><D65/><N who="2" m="25194" /><F124/><N who="0" m="47722" /><D135/><U115/><E31/><V33/><F33/><W51/><G68/><T40/><D40/><U123/><E123/><V46/><F114/><W118/><G118/><T38/><D38/><U104/><E104/><V73/><F73/><W79/><G79/><N who="0" m="44151" /><D89/><U111/><E111/><V25/><F39/><W10/><G3/><T5/><D5/><U134/><E6/><V127/><F127/><W57/><G37/><T85/><D85/><U78/><E134/><V12/><F12/><N who="3" m="5215" /><G42/><N who="2" m="15881" /><F25/><W49/><G0/><T13/><D13/><U75/><E115/><V30/><F30/><AGARI ba="0,0" hai="22,27,30,48,49,51,52,57,86,90,94" m="5215" machi="30" ten="30,2000,0" yaku="8,1,54,1" doraHai="61" who="3" fromWho="2" sc="250,0,211,0,250,-20,289,20" /><INIT seed="2,0,0,5,2,96" ten="250,211,230,309" oya="2" hai0="112,11,25,39,97,77,51,34,132,36,68,49,66" hai1="38,72,17,88,73,89,40,75,119,52,4,54,57" hai2="27,23,115,28,43,62,19,109,20,33,120,117,2" hai3="48,42,74,134,86,125,71,14,44,64,24,87,9"/><V63/><F115/><W118/><G74/><T18/><D66/><U15/><E4/><V107/><F117/><W111/><G118/><T50/><D68/><U6/><E119/><V61/><F2/><W80/><G125/><T85/><D34/><U32/><E32/><V121/><F43/><W129/><G111/><T69/><D69/><U65/><E65/><V46/><F46/><W116/><G129/><T35/><D35/><U22/><E54/><V12/><F109/><W31/><G116/><T104/><D112/><U100/><E100/><V30/><F107/><W78/><G134/><T98/><D98/><U108/><E108/><V58/><F121/><W37/><G71/><T124/><D124/><U56/><E56/><V67/><F120/><W5/><G64/><T92/><D104/><U79/><E79/><V13/><F30/><W93/><G37/><T59/><D59/><U60/><REACH who="1" step="1"/><E6/><REACH who="1" ten="250,201,230,309" step="2"/><V29/><F29/><W99/><G78/><T83/><D132/><U82/><E82/><V76/><F76/><W110/><G80/><T122/><D122/><U3/><E3/><V95/><F28/><W131/><G110/><T135/><D135/><U0/><E0/><V103/><F33/><W21/><G131/><T113/><D113/><U55/><E55/><V91/><F103/><AGARI ba="0,1" hai="5,9,14,21,24,31,42,44,48,86,87,93,99,103" machi="103" ten="30,3900,0" yaku="7,1,8,1,52,1" doraHai="96" who="3" fromWho="2" sc="250,0,201,0,230,-39,309,49" /><INIT seed="3,0,0,1,3,58" ten="250,201,191,358" oya="3" hai0="76,133,87,127,2,63,83,9,94,64,110,62,116" hai1="108,101,131,52,21,66,96,74,129,84,35,113,61" hai2="135,93,105,132,6,102,24,51,37,36,7,130,99" hai3="8,88,86,115,39,119,124,0,11,54,4,68,17"/><W128/><G119/><T59/><D116/><U112/><E74/><V45/><F130/><N who="1" m="49673" /><E84/><V22/><F105/><W31/><G128/><T107/><D107/><N who="1" m="63911" /><E21/><V60/><F60/><W15/><G68/><T13/><D2/><U98/><E98/><V28/><F7/><W117/><G39/><T56/><D133/><N who="2" m="51274" /><F6/><W114/><G117/><T109/><D94/><U125/><E35/><V91/><F102/><W5/><G124/><T82/><D82/><U38/><E38/><V18/><F28/><W44/><G31/><T123/><D127/><U72/><E72/><V26/><F26/><W97/><G97/><T65/><D123/><U12/><E125/><V55/><AGARI ba="0,0" hai="18,22,24,36,37,45,51,55,91,93,99" m="51274" machi="55" ten="30,1100,0" yaku="20,1" doraHai="58" who="2" fromWho="2" sc="250,-3,201,-3,191,11,358,-5" /><INIT seed="4,0,0,5,1,107" ten="247,198,202,353" oya="0" hai0="58,48,129,81,121,98,82,45,93,100,103,7,18" hai1="55,6,110,85,114,128,89,30,74,71,63,60,65" hai2="123,67,57,34,90,106,52,68,118,25,43,44,19" hai3="23,135,21,78,75,40,12,76,0,11,66,101,54"/><T109/><D121/><U4/><E110/><V127/><F106/><W33/><G0/><T80/><D109/><U87/><E30/><V77/><F123/><W91/><G33/><T102/><D129/><U64/><E55/><V134/><F134/><W14/><G135/><T9/><D18/><U20/><E20/><V47/><F77/><W61/><G101/><T27/><D27/><U99/><E99/><V24/><F24/><W133/><G40/><T29/><D29/><U132/><E132/><V70/><F44/><W35/><G35/><T96/><D58/><U112/><E128/><V51/><F127/><W83/><G76/><T97/><D93/><U111/><E111/><V59/><F118/><W126/><G12/><T62/><D62/><U131/><E131/><V73/><F90/><W32/><G32/><T115/><D115/><U130/><E130/><V15/><F25/><W2/><G2/><T124/><D124/><U36/><E89/><V10/><F34/><W119/><G119/><T69/><D69/><U17/><E17/><V26/><F26/><W5/><G126/><T28/><D28/><U37/><REACH who="1" step="1"/><E71/><REACH who="1" ten="247,188,202,353" step="2"/><V113/><F70/><W116/><G54/><T120/><D120/><U56/><E56/><V53/><F53/><W79/><G133/><T94/><D9/><U3/><E3/><V84/><F59/><W46/><G11/><T31/><D31/><U108/><E108/><V105/><F68/><W41/><G116/><T8/><D8/><U1/><E1/><V86/><F10/><W38/><G21/><T42/><D7/><U39/><E39/><RYUUKYOKU ba="0,1" sc="247,15,188,15,202,-15,353,-15" hai0="42,45,48,80,81,82,94,96,97,98,100,102,103" hai1="4,6,36,37,60,63,64,65,74,85,87,112,114" /><INIT seed="4,1,1,1,1,23" ten="262,203,187,338" oya="0" hai0="129,81,31,36,124,98,53,119,86,4,96,48,99" hai1="91,32,65,57,66,3,37,56,121,87,35,125,126" hai2="94,133,13,25,95,12,77,83,110,55,19,132,127" hai3="92,30,54,70,75,15,21,72,63,79,80,29,14"/><T42/><D119/><U85/><E37/><V46/><F110/><W82/><G92/><T103/><D129/><U50/><E50/><N who="2" m="29143" /><F127/><N who="1" m="48649" /><E3/><V112/><F112/><W26/><G30/><T5/><D124/><U10/><E121/><V60/><F60/><W116/><G116/><T64/><D64/><N who="1" m="24683" /><E10/><V111/><F111/><W107/><G107/><T73/><D73/><U101/><E101/><V61/><F61/><W8/><G70/><T51/><D36/><U9/><E9/><V59/><F59/><N who="1" m="22601" /><E91/><V78/><F78/><W115/><G63/><T22/><D42/><U109/><E109/><V114/><F114/><W1/><G54/><T34/><D103/><U89/><E87/><N who="2" m="48623" /><F94/><AGARI ba="1,1" hai="32,35,85,89,94" m="22601,24683,48649" machi="94" ten="30,1000,0" yaku="18,1" doraHai="23" who="1" fromWho="2" sc="262,0,203,23,187,-13,338,0" /><INIT seed="5,0,0,0,1,86" ten="262,226,174,338" oya="1" hai0="98,77,66,96,18,79,44,113,53,130,20,32,135" hai1="95,9,105,129,50,115,37,6,22,26,104,118,117" hai2="97,57,31,7,72,16,83,59,58,3,24,80,27" hai3="84,8,64,88,34,1,55,103,119,17,81,36,60"/><U61/><E37/><V65/><F7/><W15/><G34/><T94/><D32/><U93/><E50/><V92/><F3/><W54/><G119/><T108/><D98/><U28/><E129/><V74/><F65/><W70/><G36/><T101/><D130/><U33/><E33/><V128/><F128/><W90/><G103/><T47/><D108/><U100/><E115/><V87/><F74/><W123/><G123/><T132/><D66/><U63/><E6/><V38/><F31/><W21/><G1/><T25/><D113/><U126/><E100/><V110/><F72/><W46/><G21/><T102/><D102/><U14/><E22/><N who="2" m="13383" /><F27/><W19/><G19/><T111/><D111/><U106/><E26/><V73/><F73/><W52/><REACH who="3" step="1"/><G90/><REACH who="3" ten="262,226,174,328" step="2"/><T62/><D79/><U76/><E76/><V45/><F38/><W4/><G4/><T133/><D77/><U112/><E112/><V43/><F110/><W49/><AGARI ba="0,1" hai="8,15,17,46,49,52,54,55,60,64,70,81,84,88" machi="49" ten="30,12000,2" yaku="1,1,0,1,25,2,52,1,54,2,53,0" doraHai="86" doraHaiUra="2" who="3" fromWho="3" sc="262,-30,226,-60,174,-30,328,130" /><INIT seed="6,0,0,2,5,108" ten="232,166,144,458" oya="2" hai0="111,115,134,50,26,9,93,125,114,85,59,75,35" hai1="40,70,1,5,58,72,64,13,18,83,121,43,94" hai2="123,127,67,74,112,128,10,49,122,33,14,36,48" hai3="11,69,106,54,100,104,119,31,130,89,42,84,60"/><V38/><F74/><W52/><G119/><T102/><D75/><U91/><E1/><V65/><F33/><W30/><G130/><T63/><D111/><U23/><E70/><V8/><F128/><W132/><G42/><T110/><D110/><U2/><E121/><V97/><F97/><W61/><G132/><T28/><D50/><U107/><E107/><V51/><F14/><W12/><G100/><T76/><D134/><U78/><E64/><V17/><F51/><W86/><G69/><T56/><D56/><U68/><E68/><V6/><F17/><N who="3" m="8351" /><G84/><T88/><D125/><U82/><E82/><V126/><REACH who="2" step="1"/><F6/><REACH who="2" ten="232,166,134,458" step="2"/><W45/><G106/><T101/><D35/><U92/><E5/><V29/><F29/><N who="3" m="10763" /><G104/><T90/><D28/><U19/><E72/><V71/><F71/><W129/><G129/><T105/><D105/><U47/><E13/><V95/><F95/><N who="3" m="54711" /><G45/><T87/><D93/><U37/><E94/><V113/><AGARI ba="0,1" hai="8,10,36,38,48,49,65,67,112,113,122,123,126,127" machi="113" ten="25,18000,2" yaku="1,1,0,1,22,2,52,2,53,0" doraHai="108" doraHaiUra="32" who="2" fromWho="2" sc="232,-60,166,-60,134,190,458,-60" /><INIT seed="6,1,0,0,2,96" ten="172,106,324,398" oya="2" hai0="12,35,94,56,89,52,103,25,106,26,110,16,129" hai1="61,71,32,72,63,85,111,68,82,98,87,74,59" hai2="122,101,64,9,24,125,109,88,46,115,10,42,70" hai3="133,123,114,31,78,13,62,81,67,76,75,128,14"/><V49/><F122/><W54/><G123/><T3/><D3/><U44/><E98/><V50/><F115/><W66/><G114/><T53/><D110/><U33/><E44/><V39/><F24/><N who="0" m="9322" /><D106/><U43/><E82/><V86/><F109/><W131/><G31/><T23/><D35/><U8/><E111/><V90/><F90/><W100/><G133/><T57/><D129/><N who="3" m="49737" /><G78/><T132/><D132/><U97/><E97/><V0/><F125/><W58/><G100/><T130/><D130/><U48/><E59/><N who="0" m="22601" /><D103/><U51/><E8/><V116/><F101/><W83/><G83/><T17/><D17/><U84/><REACH who="1" step="1"/><E84/><AGARI ba="1,0" hai="12,16,23,52,53,84,89,94" m="22601,9322" machi="84" ten="30,3900,0" yaku="8,1,54,2" doraHai="96" who="0" fromWho="1" sc="172,42,106,-42,324,0,398,0" /><INIT seed="7,0,0,1,0,8" ten="214,64,324,398" oya="3" hai0="14,50,34,3,67,27,65,16,79,71,109,106,129" hai1="33,91,130,117,10,58,20,110,118,99,90,49,52" hai2="94,44,86,24,5,82,115,23,61,101,45,21,85" hai3="121,9,87,77,60,75,131,40,42,66,113,64,47"/><W92/><G75/><T116/><D3/><U31/><E33/><V11/><F115/><W127/><G121/><T57/><D106/><U69/><E110/><V62/><F94/><W83/><G131/><T2/><D2/><U17/><E69/><V30/><F101/><W6/><G127/><T81/><D109/><U88/><E130/><V132/><F23/><W63/><G113/><T135/><D129/><U59/><E10/><V133/><F133/><W78/><G92/><T38/><D38/><U105/><E31/><V126/><F126/><W22/><G22/><T54/><D71/><U103/><REACH who="1" step="1"/><E59/><REACH who="1" ten="214,54,324,398" step="2"/><V74/><F132/><W97/><G9/><T15/><D135/><U124/><E124/><V0/><F74/><W13/><G6/><T51/><D34/><U98/><E98/><V76/><F86/><W95/><G97/><T12/><D116/><U100/><E100/><V114/><F114/><W111/><G87/><N who="0" m="48575" /><D51/><U102/><E102/><V41/><F45/><W93/><G47/><T39/><D39/><AGARI ba="0,1" hai="0,5,11,21,24,30,39,41,44,61,62,76,82,85" machi="39" ten="30,1000,0" yaku="7,1" doraHai="8" who="2" fromWho="0" sc="214,-10,54,0,324,20,398,0" owari="204,-20.0,54,-45.0,344,14.0,398,51.0" /></mjloggm>