<mjloggm ver="2.3"><GO type="41" lobby="0"/><UN n0="%E5%B0%B1%E6%B4%BB%E7%94%9F%40%E5%B7%9D%E6%9D%91%E8%BB%8D%E5%9B%A3" n1="%E6%BF%80%E6%98%82%E3%83%9E%E3%82%B9%E3%82%AF" n2="%E3%82%8A%E3%81%A3%E3%81%A4%E3%81%8B%E3%83%BC%E3%82%8B%E3%83%88%E3%83%B3" n3="%70%69%6E%66%75%74%75%6D" dan="15,14,13,13" rate="2049.46,2010.78,1881.05,1843.85" sx="M,M,M,M"/><TAIKYOKU oya="0"/><INIT seed="0,0,0,3,1,83" ten="250,250,250,250" oya="0" hai0="24,113,80,49,45,94,95,69,107,101,52,61,1" hai1="86,48,98,43,17,126,82,60,65,87,67,106,123" hai2="39,53,19,79,47,121,11,118,0,22,133,41,112" hai3="5,56,76,18,62,120,97,29,122,115,15,132,77"/><T103/><D113/><U109/><E123/><V110/><F121/><W34/><G115/><T116/><D1/><U35/><E35/><V99/><F118/><W73/><G77/><T4/><D116/><U3/><E3/><V63/><F112/><W84/><G73/><T32/><D4/><U58/><E109/><V89/><F110/><W30/><G5/><T26/><D80/><U134/><E134/><V6/><F79/><W91/><G132/><T96/><D24/><U71/><E126/><V16/><F133/><W31/><G34/><T104/><D104/><U21/><E82/><V102/><F89/><W125/><G76/><T117/><D103/><U93/><E106/><V2/><F2/><W72/><G97/><T36/><D36/><U92/><E67/><V50/><F63/><W100/><G72/><T14/><D14/><N who="1" m="9399" /><E71/><V68/><F22/><W46/><G46/><T13/><D13/><U9/><E9/><V135/><F68/><W64/><G100/><T124/><D124/><U38/><E38/><V40/><F135/><W108/><G108/><T20/><D117/><U85/><E98/><V8/><F8/><W75/><G75/><T74/><D74/><U111/><E111/><V66/><F66/><W44/><G44/><AGARI ba="0,0" hai="43,44,48,58,60,65,85,86,87,92,93" m="9399" machi="44" ten="30,7700,0" yaku="8,1,52,3" doraHai="83" who="1" fromWho="3" sc="250,0,250,77,250,0,250,-77" /><INIT seed="1,0,0,0,3,2" ten="250,327,250,173" oya="1" hai0="87,97,31,19,102,35,7,109,24,73,15,60,113" hai1="39,37,101,85,38,29,127,21,68,98,4,49,0" hai2="88,34,91,8,131,28,82,130,77,43,100,10,111" hai3="47,57,22,25,79,62,13,41,50,95,110,106,18"/><U44/><E68/><V59/><F111/><W54/><G110/><T132/><D73/><U125/><E85/><V6/><F100/><W86/><G106/><T67/><D109/><U3/><E29/><V94/><F43/><W69/><G69/><T75/><D113/><U99/><E21/><V51/><F34/><W55/><G55/><T93/><D132/><U123/><E123/><V80/><F28/><W45/><G45/><T135/><D135/><U115/><E115/><V96/><F91/><W66/><G66/><T56/><D75/><U16/><E16/><V40/><F10/><W103/><G103/><T23/><D87/><U112/><E112/><V48/><F80/><W108/><G108/><T72/><D72/><U107/><E98/><V30/><F30/><W92/><G25/><T81/><D81/><AGARI ba="0,0" hai="13,18,22,41,47,50,54,57,62,79,81,86,92,95" machi="81" ten="40,1300,0" yaku="8,1" doraHai="2" who="3" fromWho="0" sc="250,-13,327,0,250,0,173,13" /><INIT seed="2,0,0,1,0,33" ten="237,327,250,186" oya="2" hai0="4,99,15,114,14,64,85,2,62,9,27,127,24" hai1="123,80,86,120,124,102,79,19,115,26,95,46,97" hai2="89,5,128,134,75,77,47,82,54,45,76,72,39" hai3="121,42,40,58,61,32,73,104,25,68,130,7,34"/><V52/><F128/><W105/><G73/><T83/><D114/><U94/><E46/><V13/><F134/><W55/><G130/><T8/><D127/><U110/><E26/><V30/><F30/><W69/><G121/><N who="1" m="46666" /><E19/><V129/><F129/><W3/><G25/><T17/><D99/><N who="1" m="59767" /><E115/><V12/><F39/><W103/><G103/><T90/><REACH who="0" step="1"/><D14/><REACH who="0" ten="227,327,250,186" step="2"/><U28/><E124/><V107/><F12/><W125/><G125/><T81/><D81/><U92/><E110/><V98/><F13/><W93/><G3/><T11/><D11/><U118/><E118/><V96/><F82/><W22/><G105/><T48/><D48/><U100/><E28/><V71/><F107/><AGARI ba="0,1" hai="79,80,86,92,95,97,100,107" m="59767,46666" machi="107" ten="30,3900,0" yaku="13,1,34,2" doraHai="33" who="1" fromWho="2" sc="227,0,327,49,250,-39,186,0" /><INIT seed="3,0,0,5,1,18" ten="227,376,211,186" oya="3" hai0="61,63,56,40,85,54,123,1,16,49,117,86,130" hai1="4,24,68,33,42,89,113,92,116,119,78,94,96" hai2="27,3,101,44,128,98,107,127,23,106,38,111,10" hai3="32,0,36,131,84,122,66,60,47,108,126,69,134"/><W114/><RYUUKYOKU type="yao9" ba="0,0" sc="227,0,376,0,211,0,186,0" hai3="0,32,36,47,60,66,69,84,108,114,122,126,131,134" /><INIT seed="3,1,0,4,1,35" ten="227,376,211,186" oya="3" hai0="27,56,97,28,118,94,79,71,69,57,132,83,131" hai1="13,92,5,50,111,2,39,16,44,45,115,80,135" hai2="93,61,125,123,95,133,34,126,99,109,62,74,64" hai3="81,59,58,122,29,85,106,72,78,15,25,38,1"/><W75/><G38/><T26/><D118/><U103/><E115/><V116/><F116/><W129/><G122/><T128/><D132/><U0/><E5/><V82/><F133/><W11/><G106/><T90/><D57/><U130/><E135/><V7/><F123/><W22/><G129/><N who="0" m="49739" /><D56/><U51/><E130/><V104/><F34/><W6/><REACH who="3" step="1"/><G15/><REACH who="3" ten="227,376,211,176" step="2"/><T32/><D27/><U107/><E39/><V76/><F104/><W120/><G120/><T110/><D110/><U20/><E111/><V18/><F109/><W87/><G87/><AGARI ba="1,1" hai="26,28,32,69,71,79,83,87,90,94,97" m="49739" machi="87" ten="30,1000,0" yaku="19,1" doraHai="35" who="0" fromWho="3" sc="227,23,376,0,211,0,176,-13" /><INIT seed="4,0,0,5,2,88" ten="250,376,211,163" oya="0" hai0="55,38,93,43,103,8,20,68,10,127,84,128,12" hai1="85,65,25,47,110,31,73,78,97,102,16,14,82" hai2="83,67,109,95,114,98,27,50,26,79,59,2,76" hai3="11,58,15,71,70,69,118,54,111,48,64,126,34"/><T61/><D127/><U53/><E110/><V42/><F109/><W129/><G34/><T131/><D38/><U18/><E65/><V77/><F2/><W19/><G126/><T6/><D43/><U100/><E73/><V125/><F125/><W33/><G33/><T134/><D134/><U56/><E47/><N who="2" m="25975" /><F83/><W3/><G118/><T45/><D45/><U121/><E121/><V29/><F29/><W4/><G111/><T41/><D41/><U36/><E36/><V132/><F132/><W122/><G122/><T13/><D20/><N who="1" m="15783" /><E97/><V119/><F114/><W7/><G7/><T37/><D37/><U133/><E133/><V23/><F23/><W40/><G40/><T60/><D68/><U87/><E87/><V113/><F113/><W46/><G129/><N who="0" m="49739" /><D55/><U94/><E94/><V105/><F105/><W30/><G30/><T116/><D116/><U96/><E96/><V1/><F1/><W51/><G51/><T130/><D130/><U22/><E18/><V75/><F75/><W107/><G107/><T72/><D72/><U86/><E86/><V39/><F39/><W28/><G28/><T124/><D124/><U63/><AGARI ba="0,0" hai="14,16,22,53,56,63,78,82,85,100,102" m="15783" machi="63" ten="30,2000,0" yaku="8,1,54,1" doraHai="88" who="1" fromWho="1" sc="250,-10,376,20,211,-5,163,-5" /><INIT seed="5,0,0,3,4,25" ten="240,396,206,158" oya="1" hai0="74,46,76,89,2,29,67,113,110,34,5,122,59" hai1="48,102,79,72,116,75,64,42,65,119,6,77,83" hai2="60,40,22,31,93,36,0,108,21,41,68,96,18" hai3="35,44,124,66,63,98,84,85,97,45,28,1,51"/><U103/><E6/><V82/><F108/><W92/><G1/><T24/><D89/><U17/><E48/><V56/><F0/><W26/><G124/><T4/><D59/><U86/><E42/><V15/><F68/><W100/><G98/><T111/><D67/><U16/><E86/><V99/><F82/><AGARI ba="0,0" hai="16,17,64,65,72,75,77,79,82,83,102,103,116,119" machi="82" ten="25,4800,0" yaku="22,2,54,1" doraHai="25" who="1" fromWho="2" sc="240,0,396,48,206,-48,158,0" /><INIT seed="5,1,0,5,0,31" ten="240,444,158,158" oya="1" hai0="44,107,46,34,50,101,72,41,14,55,114,78,88" hai1="62,17,132,1,129,2,23,6,33,131,10,84,64" hai2="103,51,16,124,68,67,56,122,91,53,117,99,76" hai3="108,42,35,121,54,13,26,125,123,80,74,87,104"/><U110/><E132/><V92/><F122/><W69/><G104/><T60/><D114/><U70/><E110/><V102/><F124/><W43/><G108/><T90/><D34/><U116/><E116/><V73/><F117/><W130/><G125/><T71/><D71/><U98/><E1/><V105/><F105/><W58/><G69/><T38/><D60/><U118/><E118/><V20/><F68/><W83/><G13/><T22/><D72/><U25/><E98/><V96/><F96/><W28/><G130/><N who="1" m="49674" /><E84/><V37/><F37/><W57/><G57/><T3/><D3/><U93/><E93/><V135/><F67/><W95/><G123/><T15/><D78/><U128/><E128/><V63/><F63/><W115/><G115/><T61/><D61/><U120/><E120/><V89/><F89/><W109/><G109/><T119/><D119/><U27/><E27/><V133/><F76/><W113/><G113/><T106/><D106/><U36/><E36/><V9/><F9/><W65/><G65/><T49/><D38/><U30/><E30/><V32/><F32/><AGARI ba="1,0" hai="2,6,10,17,23,25,32,33,62,64,70" m="49674" machi="32" ten="30,5800,0" yaku="19,1,52,2" doraHai="31" who="1" fromWho="2" sc="240,0,444,61,158,-61,158,0" /><INIT seed="5,2,0,3,3,67" ten="240,505,97,158" oya="1" hai0="29,40,22,105,108,47,109,65,53,116,83,104,130" hai1="56,26,43,55,59,60,44,95,33,134,122,84,11" hai2="115,80,37,69,9,51,16,42,2,4,77,73,103" hai3="6,25,102,61,87,79,58,35,118,75,90,128,97"/><U32/><E122/><V49/><F37/><W124/><G6/><T15/><D116/><U57/><E134/><V96/><F69/><W38/><G38/><T113/><D130/><U117/><E117/><V126/><F126/><W123/><G118/><T112/><D53/><U91/><E32/><V121/><F121/><W70/><G123/><T82/><D65/><U131/><E131/><V13/><F115/><N who="0" m="44106" /><D15/><U120/><E120/><V114/><F42/><W64/><G128/><T99/><D22/><U127/><E127/><V1/><F114/><W93/><G124/><T48/><D29/><U31/><REACH who="1" step="1"/><E11/><REACH who="1" ten="240,495,97,158" step="2"/><V68/><F68/><W50/><G35/><T119/><D119/><U78/><E78/><V66/><F66/><W54/><G25/><T129/><D129/><U132/><E132/><V85/><F9/><W46/><G79/><T76/><D76/><U106/><E106/><V62/><F77/><W110/><G110/><T24/><D105/><U18/><E18/><V23/><F16/><W36/><G36/><AGARI ba="2,1" hai="26,31,33,36,43,44,55,56,57,59,60,84,91,95" machi="36" ten="30,2900,0" yaku="1,1,7,1,53,0" doraHai="67" doraHaiUra="10" who="1" fromWho="3" sc="240,0,495,45,97,0,158,-35" /><INIT seed="5,3,0,2,3,28" ten="240,540,97,123" oya="1" hai0="19,52,11,102,119,115,45,18,40,39,132,21,68" hai1="65,105,72,24,62,30,47,96,22,0,87,117,91" hai2="122,46,57,42,4,59,95,83,66,113,61,37,99" hai3="16,121,80,82,9,134,127,106,128,29,78,89,111"/><U110/><E72/><V135/><F122/><W23/><G121/><T70/><D119/><U56/><E117/><V93/><F135/><W97/><G111/><T101/><D132/><U54/><E0/><V76/><F4/><W130/><G134/><T109/><D109/><U38/><E38/><V114/><F59/><W14/><G127/><T58/><D115/><N who="2" m="44042" /><F99/><W123/><G123/><T94/><D11/><U26/><E110/><V20/><F20/><W107/><G82/><T53/><D19/><U17/><E105/><V48/><F37/><W5/><G97/><T44/><D53/><U6/><E6/><V55/><F55/><W88/><G29/><T51/><D45/><U2/><E2/><V43/><F43/><W63/><G63/><T50/><D39/><U131/><E131/><N who="3" m="50218" /><G107/><T25/><D70/><U116/><E116/><V126/><F126/><W33/><G33/><T35/><D68/><U27/><E30/><V98/><F98/><W36/><G36/><T108/><D108/><U81/><E96/><V84/><AGARI ba="3,0" hai="42,46,48,57,61,66,76,83,84,93,95" m="44042" machi="84" ten="30,2000,0" yaku="15,1,11,1" doraHai="28" who="2" fromWho="2" sc="240,-8,540,-13,97,29,123,-8" /><INIT seed="6,0,0,4,5,62" ten="232,527,126,115" oya="2" hai0="77,60,93,46,8,5,37,58,112,21,110,96,57" hai1="113,108,92,119,17,33,23,104,54,130,87,67,80" hai2="0,132,11,13,124,45,131,38,95,75,111,26,65" hai3="98,53,7,4,78,48,123,22,40,1,59,81,16"/><V39/><F75/><W129/><G123/><T64/><D110/><U120/><E108/><V105/><F111/><W94/><G129/><T86/><D112/><U117/><E104/><V42/><F105/><W6/><G40/><T27/><D37/><U15/><E33/><V84/><F131/><W127/><G127/><T50/><D77/><U3/><E130/><V103/><F124/><W76/><G1/><T32/><D32/><U10/><E120/><V20/><F0/><W24/><REACH who="3" step="1"/><G81/><REACH who="3" ten="232,527,126,105" step="2"/><T90/><D58/><U56/><E113/><V85/><F42/><W47/><G47/><T25/><D21/><U69/><E3/><V73/><F45/><W79/><G79/><T102/><D8/><U41/><E10/><V14/><F11/><W63/><G63/><T31/><D5/><U55/><E41/><V97/><F20/><W36/><G36/><T74/><D60/><U83/><E83/><V18/><F39/><W89/><AGARI ba="0,1" hai="4,6,7,16,22,24,48,53,59,76,78,89,94,98" machi="89" ten="30,7900,0" yaku="1,1,0,1,8,1,54,1,53,0" doraHai="62" doraHaiUra="99" who="3" fromWho="3" sc="232,-20,527,-20,126,-39,105,89" /><INIT seed="7,0,0,3,4,66" ten="212,507,87,194" oya="3" hai0="4,96,70,107,27,68,49,132,32,125,130,122,121" hai1="120,86,76,54,98,61,64,57,16,14,35,80,117" hai2="88,91,25,102,3,134,95,1,12,41,33,105,71" hai3="93,97,20,100,101,5,30,13,118,19,8,78,103"/><W18/><G118/><T48/><D4/><U62/><E117/><V63/><F134/><W65/><G65/><T67/><D132/><U36/><E36/><V109/><F109/><W127/><G127/><T21/><D125/><U72/><E35/><V40/><F40/><W129/><G129/><T131/><D32/><U108/><E108/><V83/><F41/><W38/><G38/><T7/><D7/><U77/><E120/><V81/><F12/><W124/><G124/><T73/><D73/><U52/><E72/><V60/><F25/><N who="3" m="16679" /><G78/><T9/><D9/><N who="1" m="6223" /><E76/><V26/><F26/><W85/><G85/><T0/><D67/><N who="1" m="39343" /><E98/><V59/><F33/><W53/><G53/><T114/><D0/><U69/><E69/><V22/><F22/><W47/><G47/><T50/><D96/><U56/><AGARI ba="0,0" hai="52,54,56,62,64,77,80,86" m="39343,6223" machi="56" ten="30,4000,0" yaku="8,1,54,2" doraHai="66" who="1" fromWho="1" sc="212,-10,507,40,87,-10,194,-20" owari="202,0.0,547,65.0,77,-42.0,174,-23.0" /></mjloggm>