<mjloggm ver="2.3"><GO type="41" lobby="0"/><UN n0="%E7%AB%9C%E6%B2%B3%E6%86%A9" n1="%4E%67%65%6C%26%4D%69%6E" n2="%E3%82%A6%E3%83%AB%E3%83%88%E3%83%A9%E7%AB%8B%E7%9B%B4" n3="%E3%81%AB%E3%82%85%E3%83%BC%53" dan="14,15,15,14" rate="1985.84,2037.06,2021.53,1915.87" sx="M,M,M,F"/><TAIKYOKU oya="0"/><INIT seed="0,0,0,1,4,30" ten="250,250,250,250" oya="0" hai0="117,22,10,87,25,129,19,124,106,128,37,34,97" hai1="133,14,43,11,6,115,73,23,95,49,122,44,132" hai2="109,9,17,38,4,36,93,123,42,99,41,46,61" hai3="5,86,33,64,118,110,52,1,40,0,12,119,31"/><T39/><D117/><U3/><E73/><V103/><F109/><W48/><G40/><T104/><D87/><U71/><E122/><V35/><F17/><W130/><G110/><T57/><D57/><U131/><E71/><V116/><F123/><W120/><G120/><T13/><D124/><U21/><E115/><V8/><F116/><W62/><G86/><T80/><D80/><U29/><E131/><N who="0" m="50249" /><D34/><U7/><E95/><V92/><F35/><W67/><G33/><T105/><D97/><U134/><E29/><AGARI ba="0,0" hai="10,13,19,22,25,29,37,39,104,105,106" m="50249" machi="29" ten="40,2000,0" yaku="19,1" doraHai="30" who="0" fromWho="1" sc="250,20,250,-20,250,0,250,0" /><INIT seed="0,1,0,2,3,47" ten="270,230,250,250" oya="0" hai0="71,89,23,127,50,102,10,41,37,70,77,128,24" hai1="0,135,115,26,68,106,123,109,30,33,13,34,100" hai2="54,114,62,69,21,60,61,86,116,38,121,57,66" hai3="2,131,83,32,17,22,133,94,92,85,19,49,111"/><T46/><D128/><U99/><E123/><V72/><F72/><W97/><G131/><T126/><D77/><U3/><E13/><V78/><F121/><W81/><G2/><T43/><D102/><U11/><E109/><V8/><F114/><W74/><G32/><T45/><D10/><U90/><E135/><V124/><F124/><N who="0" m="47658" /><D89/><U95/><E115/><V104/><F38/><W101/><G74/><T91/><D91/><U129/><E129/><V40/><F40/><W98/><G133/><T18/><AGARI ba="1,0" hai="18,23,24,37,41,43,45,46,50,70,71" m="47658" machi="18" ten="30,3000,0" yaku="18,1,52,1" doraHai="47" who="0" fromWho="0" sc="270,33,230,-11,250,-11,250,-11" /><INIT seed="0,2,0,1,1,45" ten="303,219,239,239" oya="0" hai0="7,48,113,92,11,107,112,37,96,71,38,58,124" hai1="20,53,90,63,81,65,127,14,26,28,105,23,87" hai2="69,12,129,60,117,3,39,134,93,27,89,115,31" hai3="47,128,44,135,4,61,111,17,99,2,84,108,56"/><T85/><D71/><U121/><E121/><V126/><F3/><W16/><G135/><T51/><D107/><U123/><E123/><V5/><F39/><W114/><G114/><T6/><D85/><U22/><E127/><V36/><F36/><W130/><G84/><T103/><D124/><U75/><E105/><V9/><F115/><W106/><G99/><T18/><D38/><U59/><E75/><V133/><F126/><W97/><G97/><T88/><D37/><U125/><E125/><V76/><F76/><W0/><G106/><T67/><D112/><U55/><E14/><V8/><F8/><W80/><G80/><T122/><D122/><U120/><E120/><V19/><F5/><N who="0" m="1546" /><D103/><U73/><E73/><V64/><F129/><N who="3" m="49771" /><G4/><T83/><D83/><U15/><E15/><V77/><F77/><W42/><G2/><T91/><D91/><U132/><E132/><V35/><REACH who="2" step="1"/><F117/><REACH who="2" ten="303,219,229,239" step="2"/><W131/><G0/><T21/><D113/><U74/><E74/><V46/><F46/><W57/><G131/><T70/><D11/><U68/><E55/><V49/><F49/><AGARI ba="2,1" hai="20,22,23,26,28,49,53,59,63,65,68,81,87,90" machi="49" ten="30,2000,0" yaku="7,1,52,1" doraHai="45" who="1" fromWho="2" sc="303,0,219,36,229,-26,239,0" /><INIT seed="1,0,0,3,3,81" ten="303,255,203,239" oya="1" hai0="119,134,45,10,41,11,1,111,131,120,78,79,20" hai1="29,17,61,69,39,42,43,65,84,26,55,129,98" hai2="14,46,107,7,126,132,73,67,72,106,35,115,28" hai3="95,122,112,50,9,53,121,23,124,32,49,59,3"/><U6/><E129/><V37/><F14/><W110/><G32/><T125/><D78/><U83/><E6/><V116/><F7/><W52/><G112/><T91/><D20/><U19/><E55/><V57/><F57/><W130/><G130/><T18/><D18/><U127/><E127/><V38/><F67/><W108/><G124/><T109/><D91/><U47/><E43/><V89/><F89/><W22/><G3/><T15/><D79/><U40/><E98/><V76/><F76/><W36/><G9/><T63/><D63/><U94/><E94/><V75/><F126/><W87/><G36/><N who="2" m="13929" /><F46/><W74/><G74/><T80/><D45/><U12/><E42/><V135/><F116/><W133/><G133/><N who="2" m="51273" /><F115/><W0/><G0/><T104/><D41/><U44/><E44/><V5/><F5/><W82/><G95/><T77/><D134/><U101/><E101/><V97/><F97/><W117/><G117/><T118/><D125/><U113/><E113/><V85/><F85/><W25/><G25/><AGARI ba="0,0" hai="25,28,35,72,73,75,106,107" m="51273,13929" machi="25" ten="40,2600,0" yaku="20,1,23,1" doraHai="81" who="2" fromWho="3" sc="303,0,255,0,203,26,239,-26" /><INIT seed="2,0,0,1,5,20" ten="303,255,229,213" oya="2" hai0="56,54,32,110,96,93,135,7,33,36,45,62,35" hai1="111,74,38,16,113,90,116,84,91,128,95,92,67" hai2="122,87,52,130,8,28,51,6,44,0,42,66,78" hai3="133,83,59,4,89,77,124,108,88,26,73,47,94"/><V19/><F122/><W11/><G124/><T29/><D110/><U14/><E38/><V37/><F130/><W5/><G133/><T61/><D135/><U2/><E116/><V22/><F28/><W129/><G129/><T10/><D62/><U76/><E128/><V104/><F104/><W132/><G132/><T63/><D63/><U31/><E113/><V99/><F66/><W125/><G125/><T79/><D79/><U15/><E111/><V40/><F99/><W70/><G70/><T58/><D58/><U120/><E120/><V106/><F106/><W81/><G108/><T57/><D57/><U105/><E2/><V65/><F65/><W115/><G115/><T127/><D127/><U48/><E67/><V131/><F131/><W46/><G59/><T1/><D45/><U86/><E31/><V114/><F114/><W9/><G94/><T112/><D112/><U13/><E105/><V64/><F64/><W119/><G77/><T23/><D36/><U39/><E39/><V49/><F49/><W60/><G60/><T98/><D93/><U101/><E101/><V25/><REACH who="2" step="1"/><F37/><REACH who="2" ten="303,255,219,213" step="2"/><W18/><G119/><T34/><D96/><U102/><E102/><V109/><F109/><W121/><G121/><T85/><D98/><U69/><E69/><V71/><F71/><W97/><G97/><T68/><D68/><U3/><E48/><V17/><F17/><W100/><G100/><T72/><D29/><U43/><E16/><V55/><F55/><W126/><G126/><T50/><D54/><U134/><E134/><V123/><F123/><W53/><G53/><RYUUKYOKU ba="0,1" sc="303,-10,255,-10,219,30,213,-10" hai2="0,6,8,19,22,25,40,42,44,51,52,78,87" /><INIT seed="2,1,1,5,1,62" ten="293,245,249,203" oya="2" hai0="36,127,108,96,67,51,54,6,50,5,21,15,14" hai1="88,11,40,133,115,129,37,130,89,80,16,128,86" hai2="106,58,4,55,59,124,0,79,75,22,97,126,85" hai3="32,60,70,52,10,30,99,71,12,48,43,77,95"/><V114/><F75/><W101/><G77/><T83/><D36/><U119/><E119/><V24/><F114/><W68/><G43/><T35/><D35/><U64/><E115/><V94/><F106/><W2/><G2/><T131/><D131/><U134/><E37/><V56/><F4/><N who="0" m="1642" /><D108/><U23/><E40/><V45/><F0/><W104/><G95/><T19/><D127/><N who="2" m="48682" /><F85/><W20/><G10/><T65/><D51/><U8/><E64/><N who="0" m="24649" /><D96/><U111/><E89/><N who="2" m="55503" /><F79/><W47/><G32/><T102/><D83/><U9/><E111/><V26/><F22/><W98/><G98/><T57/><D102/><U132/><REACH who="1" step="1"/><E23/><REACH who="1" ten="293,235,249,203" step="2"/><V33/><F33/><W69/><G20/><T7/><D7/><U87/><E87/><V31/><F31/><W41/><G30/><T1/><D1/><U73/><E73/><V100/><F100/><W28/><G28/><T18/><D18/><AGARI ba="1,2" hai="8,9,11,16,18,80,86,88,128,129,130,132,133,134" machi="18" ten="60,12000,2" yaku="1,1,29,2,19,1,20,1,54,2,53,0" doraHai="62" doraHaiUra="118" who="1" fromWho="0" sc="293,-123,235,143,249,0,203,0" /><INIT seed="3,0,0,1,0,31" ten="170,378,249,203" oya="3" hai0="110,12,72,14,83,26,35,43,120,66,126,36,102" hai1="13,1,6,88,54,117,90,119,45,5,115,86,124" hai2="97,40,19,100,17,52,112,68,125,101,130,3,89" hai3="34,44,87,128,57,33,22,113,51,116,123,65,131"/><W118/><G123/><T15/><D120/><U85/><E115/><V135/><F68/><W29/><G113/><T11/><D110/><U70/><E70/><V121/><F3/><W61/><G87/><T37/><D126/><U129/><E129/><N who="3" m="49738" /><G22/><T133/><D133/><U81/><E124/><V62/><F135/><W0/><G0/><T79/><D102/><U2/><E13/><V59/><F130/><W71/><G71/><T99/><D99/><U104/><E104/><V64/><F112/><W84/><G84/><T28/><D66/><U93/><E2/><V109/><F109/><W94/><G94/><T55/><D55/><U7/><E1/><V76/><F76/><W105/><G105/><T96/><D96/><U108/><E108/><V39/><F125/><W47/><G29/><T92/><D92/><U48/><AGARI ba="0,0" hai="5,6,7,45,48,54,81,85,86,88,90,93,117,119" machi="48" ten="30,2000,0" yaku="0,1,54,1" doraHai="31" who="1" fromWho="1" sc="170,-5,378,20,249,-5,203,-10" /><INIT seed="4,0,0,0,2,22" ten="165,398,244,193" oya="0" hai0="51,105,132,124,37,19,35,95,42,5,14,54,23" hai1="73,71,77,135,28,83,116,84,117,32,64,128,98" hai2="81,111,90,99,63,58,78,47,79,113,34,67,134" hai3="2,72,131,85,80,1,70,12,59,16,3,4,50"/><T26/><D105/><U31/><E128/><V41/><F34/><W91/><G72/><T103/><D132/><U17/><E135/><V118/><F111/><W39/><G131/><T7/><D124/><U112/><E112/><V123/><F123/><W27/><G39/><T46/><D35/><U69/><E84/><V102/><F134/><W55/><G70/><T24/><D103/><U119/><E17/><V100/><F113/><W61/><G4/><T9/><D95/><U0/><E31/><V114/><F114/><W108/><G108/><T115/><D115/><U126/><E126/><V110/><F110/><W11/><REACH who="3" step="1"/><G61/><REACH who="3" ten="165,398,244,183" step="2"/><T129/><D129/><U106/><E0/><V29/><F118/><W104/><G104/><T36/><D7/><U15/><E15/><V94/><F79/><W44/><G44/><T25/><D36/><U60/><E71/><V68/><F68/><W65/><G65/><T76/><D76/><U109/><E109/><V13/><F78/><W122/><G122/><T52/><D54/><U82/><E77/><V48/><F63/><W6/><G6/><T18/><D5/><U125/><E125/><V62/><F67/><W75/><G75/><T133/><D133/><U20/><E73/><V121/><F62/><W10/><G10/><T92/><D92/><U21/><E83/><V89/><F121/><W97/><G97/><T87/><D87/><U38/><E82/><V53/><F81/><W93/><G93/><T8/><D9/><U30/><E38/><N who="2" m="21943" /><F102/><W127/><G127/><T107/><D107/><U43/><E117/><V120/><F120/><RYUUKYOKU ba="0,1" sc="165,15,398,-15,244,-15,183,15" hai0="8,14,18,19,23,24,25,26,37,42,46,51,52" hai3="1,2,3,11,12,16,27,50,55,59,80,85,91" /><INIT seed="4,1,1,1,4,78" ten="180,383,229,198" oya="0" hai0="121,96,47,115,71,106,84,83,91,49,105,20,123" hai1="1,56,126,59,25,112,87,94,89,130,113,30,0" hai2="76,93,66,100,85,37,22,19,101,92,41,99,44" hai3="55,64,42,14,35,46,10,15,5,43,72,82,27"/><T127/><D71/><U12/><E130/><V36/><F66/><W134/><G134/><T90/><D20/><U109/><E109/><V74/><F74/><W52/><G64/><T28/><D28/><U128/><E128/><V17/><F37/><W38/><G43/><T13/><D13/><U62/><E126/><V102/><F19/><W70/><G70/><T65/><D65/><U133/><E133/><V45/><F45/><W122/><G15/><T2/><D2/><U114/><E12/><V39/><F39/><W120/><G27/><T21/><D21/><U61/><E62/><V119/><F119/><W34/><G55/><T50/><D127/><U111/><E111/><V67/><F67/><W9/><G9/><T51/><D47/><U125/><E125/><V98/><F85/><W6/><G52/><T11/><D11/><U68/><E68/><V97/><REACH who="2" step="1"/><F76/><REACH who="2" ten="180,383,219,198" step="2"/><N who="3" m="44295" /><G5/><T8/><D84/><U58/><E61/><V73/><F73/><W95/><G122/><T77/><D121/><U103/><E103/><V24/><AGARI ba="1,2" hai="17,22,24,36,41,44,92,93,97,98,99,100,101,102" machi="24" ten="30,2000,0" yaku="1,1,0,1,53,0" doraHai="78" doraHaiUra="118" who="2" fromWho="2" sc="180,-11,383,-6,219,43,198,-6" /><INIT seed="5,0,0,5,4,135" ten="169,377,262,192" oya="1" hai0="131,22,115,36,23,109,70,32,118,104,78,46,19" hai1="20,130,60,9,16,75,132,18,134,93,59,33,110" hai2="111,47,49,15,121,90,41,52,100,56,50,28,122" hai3="81,55,65,106,3,94,77,119,96,107,29,85,101"/><U126/><E75/><V57/><F100/><W102/><G3/><T74/><RYUUKYOKU type="yao9" ba="0,0" sc="169,0,377,0,262,0,192,0" hai0="19,22,23,32,36,46,70,74,78,104,109,115,118,131" /><INIT seed="5,1,0,3,0,64" ten="169,377,262,192" oya="1" hai0="61,77,106,129,38,14,45,55,70,80,119,2,59" hai1="95,134,93,46,9,118,18,74,54,88,44,98,0" hai2="28,21,29,10,52,8,97,4,115,57,12,32,89" hai3="22,41,86,84,40,127,76,110,33,107,53,42,122"/><U47/><E118/><V49/><F32/><W68/><G33/><T67/><D119/><U105/><E134/><V16/><F115/><W103/><G110/><T82/><D2/><U94/><E74/><V87/><F97/><W69/><G122/><T100/><D129/><U125/><E125/><V96/><F96/><W111/><G111/><T133/><D133/><U126/><E126/><V1/><REACH who="2" step="1"/><F10/><REACH who="2" ten="169,377,252,192" step="2"/><W7/><G127/><T85/><D106/><U123/><E123/><V48/><F48/><W5/><G107/><T112/><D112/><U62/><E105/><V83/><AGARI ba="1,1" hai="1,4,8,12,16,21,28,29,49,52,57,83,87,89" machi="83" ten="20,8000,1" yaku="1,1,0,1,7,1,54,2,53,0" doraHai="64" doraHaiUra="73" who="2" fromWho="2" sc="169,-21,377,-41,252,93,192,-21" /><INIT seed="6,0,0,4,3,32" ten="148,336,345,171" oya="2" hai0="75,125,101,100,81,135,65,132,6,59,127,92,68" hai1="70,30,58,63,111,87,14,122,10,22,56,88,11" hai2="82,13,78,40,8,107,9,39,115,4,128,47,129" hai3="0,130,83,90,116,7,85,126,109,71,16,114,93"/><V18/><F107/><W26/><G116/><T73/><D68/><U98/><E111/><V45/><F45/><W50/><G109/><T79/><D6/><U62/><E122/><V19/><F115/><W54/><G71/><T86/><D65/><U61/><E70/><V69/><F69/><W110/><G110/><T96/><D101/><U36/><E36/><V33/><F33/><W37/><G37/><T49/><D49/><U38/><E38/><V51/><F19/><W64/><G64/><T42/><D42/><U17/><E98/><V102/><F102/><W28/><G114/><T21/><D59/><U3/><E3/><V89/><F89/><W119/><G119/><T55/><D55/><U76/><E76/><V123/><F123/><W5/><G130/><T44/><D44/><U57/><E30/><V120/><F120/><W77/><G126/><N who="0" m="48139" /><D21/><U60/><N who="1" m="15872" /><DORA hai="29" /><U113/><REACH who="1" step="1"/><E113/><REACH who="1" ten="148,326,345,171" step="2"/><V117/><F117/><W25/><G77/><T121/><D121/><U46/><E46/><V52/><F39/><W95/><G0/><T53/><D53/><U24/><E24/><V94/><F40/><W1/><G1/><T134/><AGARI ba="0,1" hai="73,75,79,81,86,92,96,100,132,134,135" m="48139" machi="134" ten="40,8000,1" yaku="20,1,18,1,34,2" doraHai="32,29" who="0" fromWho="0" sc="148,90,326,-20,345,-40,171,-20" /><INIT seed="7,0,0,0,1,82" ten="238,306,305,151" oya="3" hai0="110,19,60,20,84,106,105,104,7,62,128,116,8" hai1="103,90,24,132,40,79,65,77,92,81,15,41,50" hai2="108,38,98,45,47,101,88,32,89,85,43,39,80" hai3="49,11,36,25,22,111,124,58,107,86,76,135,130"/><W54/><G107/><T21/><D116/><U51/><E132/><V1/><F1/><W131/><G135/><T28/><D110/><U31/><E65/><V123/><F32/><W44/><G111/><T6/><D128/><N who="3" m="49193" /><G124/><T63/><D28/><U23/><E103/><V59/><F108/><W26/><G11/><T127/><D127/><U14/><E51/><V74/><F74/><W71/><G71/><T112/><D112/><U33/><E33/><V68/><F68/><W29/><G26/><T122/><D122/><U72/><E79/><V94/><F123/><W73/><G73/><T119/><D119/><U55/><E41/><V69/><F69/><W70/><G70/><T96/><D96/><U78/><E77/><V52/><F45/><W27/><G27/><T18/><D84/><U37/><E40/><V61/><F101/><W121/><G121/><T83/><D83/><U5/><E5/><N who="0" m="1545" /><D8/><U66/><E66/><V13/><F13/><W126/><G126/><T100/><D100/><U114/><E37/><AGARI ba="0,0" hai="37,38,39,43,47,52,59,61,80,85,88,89,94,98" machi="37" ten="30,7700,0" yaku="7,1,52,1,54,2" doraHai="82" who="2" fromWho="1" sc="238,0,306,-77,305,77,151,0" owari="238,4.0,229,-17.0,382,48.0,151,-35.0" /></mjloggm>