<mjloggm ver="2.3"><GO type="97" lobby="0"/><UN n0="%52%61%69%68%65%69" n1="%E5%B0%B1%E6%B4%BB%E7%94%9F%40%E5%B7%9D%E6%9D%91%E8%BB%8D%E5%9B%A3" n2="%E3%82%B9%E3%83%88%E3%83%BC%E3%82%AF%E3%82%B7%E3%83%86%E3%82%A3" n3="%E9%AD%94%E4%BA%BA%E3%81%B6%E3%83%BC" dan="14,14,13,14" rate="1936.89,1972.33,2011.51,1868.60" sx="M,M,M,M"/><TAIKYOKU oya="0"/><INIT seed="0,0,0,0,2,61" ten="250,250,250,250" oya="0" hai0="127,103,27,101,8,128,2,104,69,130,53,74,56" hai1="122,96,65,126,91,99,80,43,46,14,3,86,133" hai2="17,58,26,1,115,105,113,129,4,123,90,45,95" hai3="37,34,93,59,131,10,125,68,66,62,116,109,40"/><T15/><D69/><U107/><E3/><V89/><F105/><W31/><G116/><T76/><D127/><U33/><E122/><V38/><F1/><W121/><G121/><T50/><D2/><U0/><E0/><V55/><F4/><W29/><G10/><T135/><D135/><U100/><E33/><V79/><F79/><W78/><G78/><T18/><D27/><U20/><E126/><V119/><F119/><W67/><G29/><T21/><D21/><U110/><E133/><V64/><F90/><W114/><G93/><T39/><D39/><U51/><E110/><V92/><F92/><W111/><G31/><T48/><D48/><U41/><E99/><V108/><F108/><N who="3" m="41547" /><G34/><T52/><D53/><U63/><E43/><V71/><F95/><W60/><G114/><T73/><D73/><U84/><E84/><V24/><F89/><W88/><G88/><T77/><D77/><U32/><E32/><V85/><F85/><W124/><G131/><N who="0" m="50219" /><D104/><U5/><E20/><V36/><F129/><W70/><G59/><T82/><AGARI ba="0,0" hai="8,15,18,50,52,56,74,76,82,101,103" m="50219" machi="82" ten="30,3000,0" yaku="19,1,54,1" doraHai="61" who="0" fromWho="0" sc="250,30,250,-10,250,-10,250,-10" /><INIT seed="0,1,0,3,3,30" ten="280,240,240,240" oya="0" hai0="26,13,54,18,65,135,111,10,84,70,24,67,64" hai1="49,87,1,96,20,73,9,95,44,105,75,120,59" hai2="113,119,131,88,89,42,128,8,92,124,11,25,6" hai3="43,81,29,115,106,7,22,121,23,83,38,126,74"/><T61/><D135/><U56/><E120/><V71/><F113/><W17/><G115/><T125/><D125/><U129/><E105/><V118/><F71/><W134/><G106/><T47/><D111/><U127/><E129/><N who="2" m="49739" /><F124/><W16/><G126/><T97/><D70/><U104/><E104/><V27/><F42/><W31/><G74/><T132/><D132/><U50/><E73/><V53/><F53/><W68/><G68/><T80/><D97/><U48/><E75/><V108/><F108/><W116/><G116/><N who="2" m="44585" /><F89/><W114/><G114/><T66/><D66/><U32/><E56/><V98/><F11/><W12/><G43/><T122/><D122/><U40/><E59/><V69/><F69/><W52/><G38/><T93/><D61/><U100/><E44/><V133/><F133/><W19/><G7/><T62/><D62/><U14/><E40/><V76/><F76/><W117/><G117/><T0/><D0/><AGARI ba="1,0" hai="0,6,8,25,27,88,92,98" m="44585,49739" machi="0" ten="30,3900,0" yaku="19,1,12,1,54,1" doraHai="30" who="2" fromWho="0" sc="280,-42,240,0,240,42,240,0" /><INIT seed="1,0,0,3,5,18" ten="238,240,282,240" oya="1" hai0="97,5,31,23,37,50,1,0,8,93,43,99,34" hai1="68,51,101,109,84,83,80,108,69,96,24,26,35" hai2="78,76,77,30,121,36,11,65,102,95,13,110,56" hai3="70,55,100,64,4,125,21,122,71,98,135,74,72"/><U73/><E73/><V52/><F36/><W61/><G71/><N who="1" m="27210" /><E35/><V128/><F30/><W15/><G122/><T134/><D134/><U82/><E84/><V54/><F65/><W86/><G86/><T62/><D37/><U75/><E51/><V42/><F42/><W29/><G135/><T91/><D62/><U47/><E47/><V41/><F41/><W119/><G125/><T14/><D99/><U114/><E75/><V39/><F54/><W87/><G87/><T113/><D34/><U16/><E114/><V132/><F39/><W127/><G127/><T129/><D113/><U67/><E67/><V44/><F44/><W27/><G119/><T46/><REACH who="0" step="1"/><D129/><REACH who="0" ten="228,240,282,240" step="2"/><U90/><E96/><V117/><F128/><W133/><G133/><T53/><D53/><U81/><E101/><V20/><F102/><W89/><G55/><T17/><D17/><U40/><E90/><V85/><F132/><W92/><G89/><T104/><D104/><U12/><E40/><V10/><F117/><W126/><G126/><T79/><D79/><U103/><E103/><V123/><F78/><W58/><G70/><T49/><D49/><U118/><E118/><V107/><F77/><W33/><G33/><T111/><D111/><N who="1" m="42571" /><E82/><V48/><F110/><W112/><G112/><T105/><D105/><U120/><E120/><V45/><F107/><W130/><G130/><T6/><D6/><U19/><E19/><V38/><F123/><W131/><G131/><T124/><D124/><U106/><E106/><V32/><F121/><W2/><G2/><T66/><D66/><U3/><E3/><RYUUKYOKU ba="0,1" sc="228,10,240,10,282,-30,240,10" hai0="0,1,5,8,14,23,31,43,46,50,91,93,97" hai1="12,16,24,26,80,81,83" hai3="4,15,21,27,29,58,61,64,72,74,92,98,100" /><INIT seed="1,1,1,4,0,47" ten="238,250,252,250" oya="1" hai0="124,62,107,102,105,70,14,25,53,87,41,106,22" hai1="1,97,61,75,68,101,9,44,132,6,7,2,31" hai2="110,24,17,86,112,133,122,11,80,130,34,131,76" hai3="5,27,73,121,81,52,23,117,42,4,59,30,85"/><U21/><E75/><V134/><F110/><W91/><G121/><T39/><D124/><U114/><E114/><V18/><F112/><W109/><G109/><T29/><D14/><U98/><E132/><N who="2" m="50795" /><F122/><W72/><G117/><T46/><D87/><U36/><E97/><V111/><F111/><W58/><G58/><T40/><D40/><U123/><E123/><V93/><F34/><W64/><G64/><T56/><REACH who="0" step="1"/><D70/><REACH who="0" ten="228,250,252,250" step="2"/><U120/><E68/><V26/><F24/><W100/><G42/><T96/><AGARI ba="1,2" hai="22,25,29,39,41,46,53,56,62,96,102,105,106,107" machi="96" ten="30,4000,0" yaku="1,1,2,1,0,1,53,0" doraHai="47" doraHaiUra="15" who="0" fromWho="0" sc="228,63,250,-21,252,-11,250,-11" /><INIT seed="2,0,0,2,4,121" ten="291,229,241,239" oya="2" hai0="33,70,105,71,56,50,120,6,126,110,127,23,89" hai1="74,42,84,37,99,48,7,45,68,9,72,114,41" hai2="95,40,79,69,117,73,85,125,26,67,75,61,27" hai3="102,97,80,78,17,29,60,103,88,11,28,55,52"/><V8/><F117/><W81/><G78/><T83/><D33/><U93/><E114/><V46/><F125/><N who="0" m="47626" /><D110/><U134/><E68/><V87/><F73/><W104/><G104/><T107/><D120/><U112/><E112/><V128/><F75/><W91/><G97/><T66/><D6/><U10/><E134/><V123/><F128/><W135/><G135/><T92/><D83/><N who="3" m="31817" /><G60/><N who="0" m="38151" /><D50/><U100/><E84/><V32/><F79/><W43/><G43/><T59/><D59/><U119/><E10/><V86/><F123/><W20/><G11/><T16/><D70/><U108/><E108/><V18/><F32/><W133/><G133/><T118/><D71/><U113/><E113/><V106/><F106/><W21/><G17/><T44/><D44/><U62/><E119/><V34/><F34/><W90/><G29/><T35/><D35/><U111/><E111/><V0/><F95/><W12/><G12/><N who="0" m="9607" /><D118/><U36/><E62/><V101/><F101/><N who="3" m="38411" /><G28/><T47/><D47/><U38/><REACH who="1" step="1"/><E41/><REACH who="1" ten="291,219,241,239" step="2"/><V53/><F40/><W54/><AGARI ba="0,1" hai="20,21,52,54,55,88,90,91" m="38411,31817" machi="54" ten="40,8000,1" yaku="28,2,8,1,54,2" doraHai="121" who="3" fromWho="3" sc="291,-20,219,-20,241,-40,239,90" /><INIT seed="3,0,0,2,2,6" ten="271,199,201,329" oya="3" hai0="33,130,98,14,34,125,28,48,11,17,0,116,100" hai1="79,124,131,106,82,83,119,88,61,90,18,77,9" hai2="29,57,56,128,134,129,60,115,12,89,126,76,40" hai3="120,72,37,84,99,59,2,26,55,121,71,7,107"/><W43/><G71/><T58/><D116/><U50/><E119/><V49/><F29/><W104/><G26/><T74/><D130/><N who="2" m="50282" /><F76/><N who="1" m="29257" /><E106/><V4/><F89/><N who="1" m="34409" /><E124/><V10/><F115/><W27/><G27/><T78/><D125/><U109/><E109/><V64/><F126/><W19/><G19/><T46/><D28/><U36/><E36/><V3/><F134/><W123/><G72/><T108/><D58/><N who="2" m="22634" /><F40/><W70/><G70/><T66/><D66/><U15/><E131/><V68/><F49/><W92/><G84/><T1/><D108/><U97/><E97/><V38/><F38/><W53/><G43/><T101/><D34/><U96/><E96/><V75/><F75/><W22/><G37/><T103/><D98/><U111/><E111/><V54/><F54/><W31/><G53/><T20/><D33/><U16/><E61/><V52/><F52/><W113/><G55/><T132/><D0/><AGARI ba="0,0" hai="0,3,4,10,12,60,64,68" m="22634,50282" machi="0" ten="30,2000,0" yaku="19,1,52,1" doraHai="6" who="2" fromWho="0" sc="271,-20,199,0,201,20,329,0" owari="251,5.0,199,-30.0,221,-18.0,329,43.0" /></mjloggm>