<mjloggm ver="2.3"><GO type="97" lobby="0"/><UN n0="%E3%82%A6%E3%83%AB%E3%83%88%E3%83%A9%E7%AB%8B%E7%9B%B4" n1="%E2%98%86%E7%AA%81%E6%92%83%E2%98%86" n2="%E6%AF%94%E5%8F%A1" n3="%38%34%33%37%38" dan="13,13,13,14" rate="1886.63,1852.96,1833.65,1899.77" sx="M,M,M,M"/><TAIKYOKU oya="0"/><INIT seed="0,0,0,3,0,130" ten="250,250,250,250" oya="0" hai0="31,99,131,0,63,78,84,128,41,3,54,19,67" hai1="122,93,83,125,76,60,96,116,48,35,71,100,18" hai2="113,121,127,129,85,105,10,16,58,79,25,32,20" hai3="52,89,50,72,92,45,134,8,57,11,66,120,110"/><T109/><D31/><U62/><E122/><V49/><F121/><W59/><G72/><T47/><D99/><U46/><E116/><V103/><F113/><W33/><G120/><T102/><D102/><U40/><E35/><V44/><F127/><W2/><G33/><T119/><D119/><U106/><E125/><V37/><F129/><N who="0" m="49738" /><D19/><U74/><E71/><V97/><F32/><W69/><G110/><T6/><D6/><U65/><E65/><V111/><F111/><W132/><G69/><N who="0" m="42239" /><D54/><U38/><E18/><V95/><F10/><N who="3" m="3627" /><G2/><T34/><D34/><U55/><REACH who="1" step="1"/><E106/><REACH who="1" ten="250,240,250,250" step="2"/><V117/><F117/><W104/><G104/><T75/><D109/><U17/><E17/><V26/><F105/><W43/><G66/><T70/><D70/><U53/><E53/><V133/><F16/><W118/><G118/><T27/><D27/><U123/><E123/><V21/><F26/><W126/><G126/><T7/><D7/><U15/><E15/><V90/><F25/><W9/><G9/><T4/><D4/><U64/><E64/><V56/><F20/><W14/><G14/><T39/><D3/><U24/><E24/><V5/><F21/><W94/><G52/><T30/><D0/><U135/><E135/><N who="3" m="51754" /><G94/><T88/><D30/><U73/><E73/><V80/><F133/><W22/><G22/><T91/><D75/><U81/><E81/><AGARI ba="0,1" hai="39,41,47,78,81,84,88,91" m="42239,49738" machi="81" ten="30,2900,0" yaku="19,1,54,1" doraHai="130" who="0" fromWho="1" sc="250,39,240,-29,250,0,250,0" /><INIT seed="0,1,0,3,2,37" ten="289,211,250,250" oya="0" hai0="96,110,53,120,67,118,130,60,123,90,122,44,34" hai1="93,121,70,57,84,6,134,50,15,69,101,127,86" hai2="38,32,55,87,51,13,89,43,131,78,7,40,126" hai3="109,54,24,103,112,12,0,56,88,58,9,27,41"/><T21/><D34/><U47/><E121/><V80/><F38/><W94/><G112/><T36/><D21/><U100/><E69/><V25/><F126/><W29/><G0/><T104/><D104/><U99/><E70/><V102/><F102/><W85/><G109/><T35/><D35/><U105/><E127/><V11/><F131/><W116/><G116/><T64/><D90/><U18/><E6/><V46/><F32/><W19/><G103/><T8/><D96/><U83/><E57/><V135/><F135/><W22/><G27/><T74/><D8/><U107/><E86/><N who="2" m="48407" /><F25/><W98/><G98/><T14/><D14/><U92/><E134/><V23/><F23/><W4/><G41/><N who="0" m="22567" /><D74/><U16/><E107/><V65/><F65/><N who="0" m="25162" /><D118/><U113/><E113/><V108/><F108/><W42/><G42/><T26/><D26/><U49/><E18/><V95/><AGARI ba="1,0" hai="7,11,13,40,43,46,51,55,87,89,95" m="48407" machi="95" ten="30,4000,0" yaku="8,1,52,2" doraHai="37" who="2" fromWho="2" sc="289,-21,211,-11,250,43,250,-11" /><INIT seed="1,0,0,5,2,58" ten="268,200,293,239" oya="1" hai0="15,40,135,18,99,87,22,7,64,47,28,73,95" hai1="57,100,8,4,115,5,19,85,52,129,71,9,79" hai2="91,113,86,65,63,132,48,122,107,119,126,0,80" hai3="103,90,55,61,112,110,109,134,37,114,108,27,67"/><U121/><E121/><V68/><F119/><W38/><G103/><T33/><D73/><U46/><E71/><V89/><F122/><W104/><G104/><T75/><D75/><U35/><E115/><N who="3" m="44074" /><G27/><N who="0" m="16503" /><D33/><U17/><E35/><V6/><F126/><W30/><G30/><T32/><D32/><U133/><E100/><V21/><F132/><W92/><G134/><T88/><D64/><U36/><E133/><V76/><F113/><W20/><G20/><N who="0" m="11359" /><D7/><N who="1" m="2635" /><E46/><V62/><F107/><W96/><G55/><T105/><D105/><U101/><E101/><V59/><F48/><W94/><G94/><N who="0" m="54559" /><D135/><U120/><E129/><V83/><F6/><W127/><G127/><T29/><D29/><U14/><E36/><V128/><F128/><W98/><G98/><T131/><D131/><U10/><E120/><V26/><F0/><W69/><AGARI ba="0,0" hai="37,38,61,67,69,90,92,96,108,109,110" m="44074" machi="69" ten="40,2700,0" yaku="14,1,52,1" doraHai="58" who="3" fromWho="3" sc="268,-7,200,-13,293,-7,239,27" /><INIT seed="2,0,0,5,3,118" ten="261,187,286,266" oya="2" hai0="52,49,125,57,113,93,25,88,10,33,122,21,8" hai1="23,108,45,86,19,129,60,130,121,90,91,34,123" hai2="3,2,15,98,29,96,56,104,64,135,106,95,82" hai3="87,76,126,18,89,50,114,39,74,97,35,28,72"/><V67/><F135/><W117/><G39/><T105/><D122/><N who="1" m="46603" /><E34/><V0/><F82/><W133/><G117/><T81/><D105/><U59/><E45/><V44/><F44/><W84/><G35/><T22/><D33/><U92/><E91/><V40/><F40/><W131/><G28/><N who="0" m="17455" /><D125/><U124/><E124/><V83/><F83/><N who="3" m="47207" /><G18/><T24/><D81/><U30/><E30/><V7/><F29/><W116/><G50/><T134/><D134/><U42/><E42/><V38/><F38/><W5/><G5/><T26/><D113/><U94/><E94/><V13/><F7/><W102/><G126/><T68/><D68/><U100/><E100/><V47/><F47/><W53/><G53/><T62/><D62/><U12/><E108/><V79/><F79/><W14/><G14/><T11/><D22/><U46/><E46/><V58/><F2/><W32/><G32/><T31/><D31/><U85/><E85/><AGARI ba="0,0" hai="8,10,11,24,26,49,52,57,85,88,93" m="17455" machi="85" ten="30,3900,0" yaku="8,1,54,2" doraHai="118" who="0" fromWho="1" sc="261,39,187,-39,286,0,266,0" /><INIT seed="3,0,0,0,4,130" ten="300,148,286,266" oya="3" hai0="34,110,20,23,25,27,40,131,66,81,11,70,119" hai1="116,111,64,128,91,124,117,60,33,80,0,78,38" hai2="7,69,126,31,49,114,48,55,57,43,8,101,133" hai3="21,98,104,87,103,54,28,122,36,127,95,105,102"/><W112/><G122/><T3/><D70/><U75/><E91/><V46/><F114/><W24/><G112/><T50/><D34/><U18/><E18/><V96/><F69/><W92/><G36/><T9/><D3/><U93/><E93/><V59/><F126/><W83/><G127/><T79/><D66/><U109/><E38/><V84/><F31/><W42/><G42/><T125/><D125/><U129/><E33/><V82/><F133/><W10/><G10/><T113/><D110/><N who="1" m="41995" /><E0/><V77/><F59/><W58/><G103/><T45/><D131/><N who="1" m="50251" /><E60/><V61/><F8/><W53/><G105/><T5/><D5/><U68/><E64/><V74/><F7/><W2/><G2/><T123/><D123/><U22/><E22/><V12/><F12/><W120/><G120/><T39/><D39/><U29/><E29/><V17/><F17/><W106/><G106/><T115/><D115/><U35/><E35/><V121/><F121/><W41/><G41/><T15/><D15/><U100/><E100/><V134/><F134/><W26/><G26/><T37/><D37/><U135/><E68/><V16/><F16/><W4/><G4/><T71/><D71/><U72/><E124/><V73/><F61/><N who="3" m="36047" /><G54/><T90/><D113/><U118/><E135/><V62/><F62/><W14/><G14/><T56/><D9/><U85/><AGARI ba="0,0" hai="72,75,78,80,85,116,117,118" m="50251,41995" machi="85" ten="40,8000,1" yaku="12,1,14,1,19,1,34,2" doraHai="130" who="1" fromWho="1" sc="300,-20,148,80,286,-20,266,-40" /><INIT seed="4,0,0,3,2,0" ten="280,228,266,226" oya="0" hai0="131,20,55,96,129,112,128,83,106,93,119,60,97" hai1="17,26,75,15,66,19,78,54,22,13,65,86,8" hai2="123,29,3,2,31,64,4,43,1,36,76,111,12" hai3="114,82,116,103,47,7,72,80,84,33,109,24,39"/><T98/><D119/><U89/><E75/><V23/><F123/><W94/><G109/><T38/><D38/><U81/><E78/><V42/><F111/><W118/><G114/><T62/><D112/><U6/><REACH who="1" step="1"/><E54/><REACH who="1" ten="280,218,266,226" step="2"/><V70/><F76/><W21/><G118/><T28/><D55/><U92/><E92/><V130/><F130/><W40/><G116/><T53/><D106/><U134/><E134/><V57/><F70/><W44/><G72/><T41/><D41/><U87/><E87/><V9/><F36/><W117/><G117/><T100/><D83/><U46/><E46/><V51/><F64/><W25/><G47/><T16/><D53/><U67/><E67/><V61/><F43/><W10/><G82/><T59/><D97/><U132/><E132/><V58/><F42/><W90/><G103/><T68/><D98/><U52/><E52/><V124/><F57/><W71/><G71/><T32/><D68/><U5/><E5/><V120/><F58/><W77/><G33/><T110/><D59/><U102/><E102/><V105/><F105/><W99/><REACH who="3" step="1"/><G21/><AGARI ba="0,1" hai="6,8,13,15,17,19,21,22,26,65,66,81,86,89" machi="21" ten="30,7700,0" yaku="1,1,7,1,8,1,52,1,53,0" doraHai="0" doraHaiUra="126" who="1" fromWho="3" sc="280,0,218,87,266,0,226,-77" owari="280,8.0,305,40.0,266,-13.0,149,-35.0" /></mjloggm>