<mjloggm ver="2.3"><GO type="97" lobby="0"/><UN n0="%E6%B3%A3%E3%81%8F%E6%B3%A3%E3%81%8F%E9%B3%B4%E3%81%8F" n1="%E7%A5%9E%E3%81%8A%E3%82%80" n2="%E3%82%A6%E3%83%AB%E3%83%88%E3%83%A9%E7%AB%8B%E7%9B%B4" n3="%E3%83%87%E3%82%B8%E4%BB%99%E3%81%AE%E5%A8%98" dan="15,13,15,14" rate="2025.55,1829.46,2073.49,2024.12" sx="M,M,M,M"/><TAIKYOKU oya="0"/><INIT seed="0,0,0,5,2,135" ten="250,250,250,250" oya="0" hai0="111,92,23,58,133,37,122,55,68,69,60,39,83" hai1="127,44,51,20,4,8,59,47,97,45,118,73,13" hai2="110,30,64,38,29,119,94,131,74,109,114,96,105" hai3="43,129,57,27,84,28,108,17,95,19,70,100,32"/><T61/><D83/><U42/><E127/><V90/><F114/><W31/><G70/><N who="0" m="27243" /><D92/><U88/><E118/><V35/><F38/><N who="0" m="14346" /><D23/><U9/><E73/><V49/><F64/><W128/><G108/><N who="2" m="41577" /><F119/><W77/><G43/><T2/><D2/><U89/><E59/><V85/><F131/><N who="3" m="50251" /><G31/><N who="2" m="11785" /><F35/><W16/><G57/><N who="0" m="34879" /><D111/><U104/><E104/><V115/><F74/><W86/><G77/><T121/><D133/><U15/><E20/><V67/><F105/><W76/><G76/><T36/><N who="0" m="14354" /><T98/><DORA hai="7" /><D98/><AGARI ba="0,0" hai="16,17,19,27,28,32,84,86,95,98,100" m="50251" machi="98" ten="30,2000,0" yaku="19,1,54,1" doraHai="135,7" who="3" fromWho="0" sc="250,-20,250,0,250,0,250,20" /><INIT seed="1,0,0,0,0,133" ten="230,250,250,270" oya="1" hai0="18,27,112,41,16,104,77,64,129,52,72,49,29" hai1="3,81,51,128,7,92,40,63,85,2,115,91,58" hai2="102,123,4,15,59,121,83,116,0,31,71,99,61" hai3="67,65,107,79,103,36,13,5,113,78,131,22,134"/><U87/><E128/><V120/><F0/><W12/><G36/><T48/><D104/><U42/><E115/><V70/><F116/><W94/><G113/><T34/><D112/><U10/><E3/><V126/><F31/><W1/><G1/><T88/><D64/><N who="3" m="24649" /><G107/><T114/><D114/><U25/><E25/><V74/><F74/><W69/><G69/><T97/><D129/><U55/><REACH who="1" step="1"/><E63/><REACH who="1" ten="230,240,250,270" step="2"/><V43/><F61/><W20/><G131/><T21/><D27/><U30/><E30/><V17/><F120/><W76/><G134/><T24/><D24/><U111/><E111/><V11/><F121/><W108/><G108/><T90/><D29/><U8/><E8/><V73/><F123/><W101/><G5/><T14/><D18/><U68/><E68/><V96/><F71/><W53/><G53/><T130/><D16/><U93/><E93/><V57/><F70/><W62/><G62/><T23/><D52/><U117/><E117/><V98/><F17/><W122/><G122/><T39/><D130/><U105/><E105/><V9/><F9/><W35/><G94/><T66/><D66/><U56/><E56/><V60/><F57/><W84/><G35/><T127/><D34/><U135/><E135/><V75/><F59/><W132/><G132/><T38/><D41/><U44/><E44/><V125/><F60/><W26/><G26/><T109/><D109/><U124/><E124/><N who="2" m="47723" /><F43/><W82/><G12/><T118/><D14/><U110/><E110/><V54/><F54/><W37/><G13/><T47/><D127/><U89/><AGARI ba="0,1" hai="2,7,10,40,42,51,55,58,81,85,87,89,91,92" machi="89" ten="20,3900,0" yaku="1,1,0,1,7,1,53,0" doraHai="133" doraHaiUra="106" who="1" fromWho="1" sc="230,-13,240,49,250,-13,270,-13" /><INIT seed="1,1,0,0,3,117" ten="217,289,237,257" oya="1" hai0="51,134,13,72,132,94,114,55,122,129,85,43,108" hai1="76,46,109,19,111,97,32,95,104,53,63,36,74" hai2="126,0,128,42,135,49,50,65,69,70,77,4,24" hai3="25,71,118,113,48,56,106,125,67,62,28,112,52"/><U105/><E32/><V61/><F4/><W16/><G118/><T110/><D72/><U7/><E7/><V40/><F0/><W86/><G125/><T6/><D43/><N who="2" m="16426" /><F77/><W35/><G106/><T5/><D114/><U11/><E36/><V90/><F90/><W93/><G93/><T37/><D37/><U87/><E74/><V54/><F24/><W9/><REACH who="3" step="1"/><G86/><REACH who="3" ten="217,289,237,247" step="2"/><T45/><D94/><U89/><E76/><V84/><F84/><W18/><G18/><T68/><D85/><U17/><E97/><V91/><F126/><W99/><G99/><T23/><D5/><U3/><E105/><V79/><F79/><W103/><G103/><T39/><D6/><U22/><E104/><V30/><F91/><W58/><G58/><T127/><D127/><U75/><E75/><V100/><F100/><W107/><G107/><T27/><D68/><N who="2" m="26218" /><F30/><W14/><AGARI ba="1,1" hai="9,14,16,25,28,35,48,52,56,62,67,71,112,113" machi="14" ten="30,7900,0" yaku="1,1,0,1,54,2,53,0" doraHai="117" doraHaiUra="101" who="3" fromWho="3" sc="217,-21,289,-40,237,-21,247,92" /><INIT seed="2,0,0,2,0,63" ten="196,249,216,339" oya="2" hai0="7,84,49,116,122,18,64,29,20,90,51,48,8" hai1="81,82,0,105,39,98,135,80,118,46,108,126,95" hai2="53,14,102,124,132,9,1,70,133,106,19,123,69" hai3="23,109,100,27,117,59,75,15,125,127,13,74,47"/><V76/><BYE who="3" /><F123/><UN n3="%E3%83%87%E3%82%B8%E4%BB%99%E3%81%AE%E5%A8%98" /><W66/><G117/><T10/><D122/><U83/><E105/><V97/><F124/><N who="3" m="47691" /><G109/><T31/><D116/><U68/><E108/><V107/><F107/><W45/><G100/><T52/><D31/><U50/><E39/><V25/><F1/><W55/><G66/><T65/><D29/><U78/><E126/><V41/><F41/><W6/><G74/><T111/><D111/><U34/><E135/><N who="2" m="51787" /><F76/><W21/><G75/><T2/><D10/><U86/><E118/><V33/><F53/><W17/><G6/><T72/><D72/><U120/><E120/><V99/><F99/><W60/><G13/><T73/><D73/><U67/><E34/><V22/><F33/><W104/><G104/><T57/><D51/><U114/><E0/><V129/><F129/><W42/><G42/><T96/><D49/><U77/><N who="1" m="20992" /><DORA hai="44" /><U92/><E114/><V3/><F3/><W131/><G131/><T4/><D96/><U91/><E68/><V54/><F54/><W35/><G35/><T85/><D7/><AGARI ba="0,0" hai="7,9,14,19,22,25,69,70,97,102,106" m="51787" machi="7" ten="30,1500,0" yaku="20,1" doraHai="63,44" who="2" fromWho="0" sc="196,-15,249,0,216,15,339,0" /><INIT seed="2,1,0,1,5,21" ten="181,249,231,339" oya="2" hai0="42,109,23,133,41,55,86,131,91,28,128,19,117" hai1="14,83,95,2,88,101,93,44,53,98,115,126,12" hai2="120,68,111,69,105,15,77,107,76,18,47,33,29" hai3="30,62,129,134,59,17,123,10,13,70,40,112,124"/><V61/><F120/><W27/><G123/><T6/><D6/><U43/><E126/><V125/><F125/><W31/><G129/><T119/><D109/><U52/><E2/><V94/><F111/><W45/><G124/><T127/><D28/><U132/><E115/><V110/><F110/><W90/><G112/><T75/><D75/><U20/><E132/><V102/><F94/><W51/><G134/><T38/><D55/><U67/><E83/><V64/><F69/><W108/><G70/><T58/><D58/><U25/><E67/><V4/><F47/><W85/><G108/><T39/><D133/><U36/><E14/><V122/><F4/><W16/><G27/><N who="0" m="14847" /><D127/><U60/><E12/><V79/><F122/><W9/><G9/><T135/><D135/><U56/><E53/><V65/><F65/><N who="3" m="39135" /><G17/><T84/><D39/><U78/><E78/><V48/><F48/><W1/><G1/><T72/><D72/><U87/><E101/><V89/><F89/><W26/><G26/><T7/><D7/><U121/><E121/><V103/><F103/><W37/><G37/><T96/><D38/><U22/><E25/><V82/><F102/><W54/><G40/><N who="0" m="15467" /><D131/><U116/><E116/><N who="0" m="44617" /><D128/><U8/><E8/><V99/><F29/><W57/><G57/><T11/><D11/><U71/><E71/><V66/><F66/><W114/><G114/><T49/><D49/><U0/><E0/><V100/><F33/><W46/><G46/><T80/><D80/><AGARI ba="1,0" hai="10,13,16,30,31,45,51,54,80,85,90" m="39135" machi="80" ten="30,3900,0" yaku="25,1,8,1,54,1" doraHai="21" who="3" fromWho="0" sc="181,-42,249,0,231,0,339,42" /><INIT seed="3,0,0,1,0,38" ten="139,249,231,381" oya="3" hai0="120,75,17,113,2,45,19,29,26,31,1,83,134" hai1="90,112,109,48,43,131,54,101,33,35,73,114,78" hai2="88,60,72,11,46,65,76,9,4,86,63,117,15" hai3="3,66,34,106,41,135,5,57,85,6,74,44,70"/><W42/><G34/><T95/><D120/><U92/><E101/><V122/><F117/><W79/><G74/><T96/><D113/><U24/><E43/><N who="3" m="16394" /><G3/><T133/><D1/><U82/><E131/><V62/><F122/><W105/><G70/><T27/><D2/><U16/><E109/><V21/><F46/><W0/><G0/><T91/><D45/><U8/><E35/><V125/><F125/><W39/><G39/><T14/><D134/><U111/><E33/><V68/><F11/><W118/><G118/><T22/><D75/><U99/><E111/><V132/><F132/><W7/><G135/><T81/><D133/><U10/><E10/><V102/><F102/><W59/><G105/><T116/><D116/><U30/><E30/><V126/><F126/><W97/><G106/><T127/><D127/><U56/><E8/><V53/><F53/><W115/><G115/><T103/><D14/><U104/><E104/><V77/><F72/><W40/><G66/><T20/><REACH who="0" step="1"/><D103/><REACH who="0" ten="129,249,231,381" step="2"/><U32/><E114/><V23/><F68/><W128/><G128/><T71/><D71/><U50/><E73/><V124/><F124/><W13/><G13/><T28/><AGARI ba="0,1" hai="17,19,20,22,26,27,28,29,31,81,83,91,95,96" machi="28" ten="30,12000,2" yaku="1,1,0,1,9,1,8,1,53,3" doraHai="38" doraHaiUra="25" who="0" fromWho="0" sc="129,130,249,-30,231,-30,381,-60" owari="259,6.0,219,-18.0,201,-30.0,321,42.0" /></mjloggm>