<mjloggm ver="2.3"><GO type="97" lobby="0"/><UN n0="%74%65%61%72%2D%6C" n1="%E3%81%A1%E3%82%83%E3%81%9D%E2%98%86" n2="%E3%82%A6%E3%83%AB%E3%83%88%E3%83%A9%E7%AB%8B%E7%9B%B4" n3="%6D%6F%6D%6F%2D" dan="13,14,14,14" rate="1851.60,1871.11,1935.67,1903.86" sx="F,F,M,M"/><TAIKYOKU oya="0"/><INIT seed="0,0,0,5,0,57" ten="250,250,250,250" oya="0" hai0="38,79,13,84,132,26,65,8,113,107,114,50,104" hai1="90,25,2,11,74,17,95,61,105,135,33,37,30" hai2="41,89,96,83,27,68,62,87,111,92,106,20,78" hai3="120,64,18,23,49,9,103,44,130,66,63,85,35"/><T75/><D38/><U88/><E105/><V54/><F111/><W82/><G35/><T94/><D75/><U69/><E135/><V7/><F106/><W56/><G130/><T129/><D129/><U73/><E37/><V97/><F41/><W122/><G103/><T51/><D132/><U1/><E90/><V22/><F7/><W15/><G66/><T3/><D3/><U32/><E32/><V128/><F128/><W39/><G39/><T86/><D107/><U134/><E134/><V70/><F22/><W81/><G23/><T124/><D104/><U48/><E48/><V12/><F12/><W125/><G125/><T6/><D124/><U72/><E17/><V67/><F54/><W123/><REACH who="3" step="1"/><G85/><REACH who="3" ten="250,250,250,240" step="2"/><T112/><D65/><U115/><E11/><V42/><F70/><W47/><G47/><T110/><D110/><U52/><E115/><V14/><F42/><AGARI ba="0,1" hai="9,15,18,42,44,49,56,63,64,81,82,120,122,123" machi="42" ten="40,12000,2" yaku="1,1,13,1,52,1,53,3" doraHai="57" doraHaiUra="119" who="3" fromWho="2" sc="250,0,250,0,250,-120,240,130" /><INIT seed="1,0,0,5,5,40" ten="250,250,130,370" oya="1" hai0="0,90,54,10,63,91,13,88,126,132,116,61,77" hai1="20,128,87,112,60,75,7,86,122,76,115,103,2" hai2="67,42,66,127,1,84,59,82,97,37,99,12,71" hai3="6,125,3,73,30,45,102,35,34,47,81,80,5"/><U78/><E122/><V44/><F1/><W31/><G125/><T107/><D0/><U57/><E128/><V29/><F127/><W114/><G114/><T100/><D116/><U50/><E50/><V18/><F29/><W113/><G113/><T96/><D126/><U26/><E103/><V46/><F71/><W98/><G73/><T85/><D132/><U51/><E51/><V94/><F42/><W28/><G3/><T55/><D77/><U108/><E108/><V121/><F37/><W72/><G72/><T83/><D83/><U22/><E2/><V129/><F129/><W41/><G41/><T101/><D85/><U58/><E7/><N who="3" m="2570" /><G98/><N who="2" m="37385" /><F94/><W95/><G95/><N who="0" m="58399" /><D101/><U14/><E14/><V93/><F93/><W124/><G102/><T104/><D104/><U23/><E75/><V36/><F36/><W9/><G9/><T43/><D43/><U70/><E26/><V105/><F105/><W27/><G27/><T135/><D135/><U131/><E131/><V68/><F68/><W32/><G124/><T134/><D134/><U109/><E70/><V133/><F133/><W56/><G56/><T53/><D107/><U49/><E112/><V17/><F59/><W119/><G119/><T106/><D106/><U33/><E33/><V74/><F74/><W39/><G39/><T118/><D118/><U69/><E115/><V4/><F121/><W21/><G81/><T25/><D25/><U19/><E69/><V89/><F12/><W38/><G80/><T64/><D64/><N who="2" m="24618" /><F4/><AGARI ba="0,0" hai="4,10,13,53,54,55,61,63,88,90,91" m="58399" machi="4" ten="30,2000,0" yaku="8,1,54,1" doraHai="40" who="0" fromWho="2" sc="250,20,250,0,130,-20,370,0" /><INIT seed="2,0,0,3,0,57" ten="270,250,110,370" oya="2" hai0="70,71,123,103,84,30,53,65,67,40,133,6,134" hai1="12,46,109,50,25,15,4,102,11,93,55,17,73" hai2="26,126,19,129,2,51,75,122,74,118,58,69,91" hai3="32,112,132,89,120,85,63,38,54,49,14,16,22"/><V42/><F122/><W86/><G120/><T76/><D6/><U131/><E109/><V104/><F118/><W78/><G32/><T90/><D123/><U77/><E131/><V117/><F117/><W81/><G132/><N who="0" m="50795" /><D76/><U111/><E111/><V94/><F104/><W60/><G112/><T72/><D72/><U115/><E115/><V114/><F114/><W44/><G38/><T82/><D103/><U62/><E25/><V99/><F69/><N who="0" m="26122" /><D40/><U41/><E73/><V7/><F126/><W106/><G106/><T125/><D125/><U100/><E77/><V10/><F129/><W48/><G48/><T37/><D37/><U9/><E93/><AGARI ba="0,0" hai="14,16,22,44,49,54,60,63,78,81,85,86,89,93" machi="93" ten="30,8000,1" yaku="7,1,8,1,52,2,54,1" doraHai="57" who="3" fromWho="1" sc="270,0,250,-80,110,0,370,80" /><INIT seed="3,0,0,0,0,13" ten="270,170,110,450" oya="3" hai0="54,96,72,90,60,49,24,34,23,98,27,52,119" hai1="84,87,86,65,89,30,123,32,42,45,53,77,124" hai2="82,43,121,63,113,107,118,6,122,51,74,12,128" hai3="4,35,22,85,18,57,116,68,131,1,0,64,75"/><W93/><G75/><T117/><D72/><U14/><E123/><V101/><F101/><W78/><G68/><T95/><D117/><U36/><E124/><V5/><F107/><W100/><G35/><T70/><D119/><U106/><E106/><V92/><F118/><W81/><G1/><T120/><D120/><N who="2" m="46186" /><F82/><W110/><G0/><T126/><D126/><U17/><E77/><V94/><F74/><W41/><G4/><N who="2" m="1641" /><F63/><W125/><G41/><T2/><D60/><U48/><E65/><V80/><F80/><W33/><G33/><T9/><D2/><U73/><E73/><V31/><F31/><W20/><G125/><T56/><D70/><U134/><E30/><V16/><F113/><W111/><G131/><T132/><D34/><U105/><E32/><V129/><F51/><W50/><G50/><T79/><D54/><U25/><E105/><V37/><F43/><W108/><G116/><T91/><D79/><U62/><E62/><V46/><F46/><W59/><G64/><T58/><D49/><U102/><E102/><V38/><F38/><W109/><G109/><T133/><D58/><U76/><E42/><V19/><F37/><W15/><G59/><T39/><D56/><U7/><E36/><V67/><F67/><W47/><G47/><T3/><D39/><U40/><E45/><V83/><F83/><W61/><G57/><T114/><D114/><U26/><E40/><V21/><F19/><W44/><G44/><T29/><D29/><U10/><E17/><V8/><F8/><N who="3" m="6503" /><G61/><T103/><D9/><U130/><E10/><V66/><F66/><RYUUKYOKU ba="0,0" sc="270,-15,170,-15,110,15,450,15" hai2="12,16,21,92,94,128,129" hai3="20,22,78,81,85,93,100,108,110,111" owari="255,6.0,155,-24.0,125,-37.0,465,55.0" /></mjloggm>