<mjloggm ver="2.3"><GO type="97" lobby="0"/><UN n0="%E3%82%A6%E3%83%AB%E3%83%88%E3%83%A9%E7%AB%8B%E7%9B%B4" n1="%E8%90%BD%E6%B0%B4" n2="%E6%B0%B4%E6%9C%88" n3="%72%65%6E%61%66%61" dan="14,14,14,13" rate="1958.93,1920.07,1873.70,1829.68" sx="M,M,M,M"/><TAIKYOKU oya="0"/><INIT seed="0,0,0,3,1,4" ten="250,250,250,250" oya="0" hai0="9,16,100,30,124,21,127,119,104,2,129,72,38" hai1="75,70,69,59,62,83,47,133,128,122,55,6,134" hai2="34,8,130,51,11,99,135,94,50,102,80,15,123" hai3="109,54,101,92,79,95,84,106,48,97,108,58,85"/><T74/><D38/><U41/><E122/><V82/><F123/><W37/><G37/><T44/><D104/><U42/><E83/><N who="2" m="31787" /><F135/><N who="1" m="51721" /><E75/><N who="0" m="28713" /><D44/><U31/><E31/><V89/><F34/><W114/><G114/><T61/><D61/><U29/><E29/><V121/><F121/><W103/><G79/><T115/><D100/><U68/><E6/><N who="2" m="3479" /><F130/><W132/><G132/><T35/><D115/><U66/><E128/><V33/><F33/><W131/><G131/><T49/><D49/><AGARI ba="0,0" hai="41,42,47,49,55,59,62,66,68,69,70" m="51721" machi="49" ten="40,5200,0" yaku="20,1,34,2" doraHai="4" who="1" fromWho="0" sc="250,-52,250,52,250,0,250,0" /><INIT seed="1,0,0,3,1,88" ten="198,302,250,250" oya="1" hai0="32,77,68,10,16,27,71,70,43,80,111,76,105" hai1="31,41,100,78,17,35,2,117,50,61,132,15,81" hai2="55,30,104,102,60,119,39,66,83,126,19,0,116" hai3="93,125,14,131,118,11,52,113,114,99,72,87,4"/><U3/><E117/><V54/><F0/><W124/><G118/><T130/><D105/><U6/><E132/><V44/><F126/><N who="3" m="48747" /><G72/><T26/><D111/><U115/><E115/><N who="3" m="44042" /><G131/><T5/><D130/><U58/><E100/><V96/><F30/><W97/><G52/><T59/><D43/><U108/><E6/><V53/><F19/><W82/><G93/><T64/><D32/><U13/><E50/><V129/><F129/><W85/><G85/><T46/><D46/><U75/><E41/><V47/><F83/><W34/><G34/><T45/><D45/><U106/><E106/><V73/><F73/><W109/><G109/><T23/><D27/><U127/><E127/><V7/><F47/><W40/><G40/><T9/><D80/><U120/><E35/><V37/><F37/><W92/><G92/><T67/><D10/><U29/><E108/><V133/><F44/><W18/><G4/><T90/><D90/><AGARI ba="0,0" hai="11,14,18,82,87,90,97,99" m="44042,48747" machi="90" ten="30,1000,0" yaku="18,1" doraHai="88" who="3" fromWho="0" sc="198,-10,302,0,250,0,250,10" /><INIT seed="2,0,0,1,1,55" ten="188,302,250,260" oya="2" hai0="118,97,33,16,9,15,6,4,51,110,104,85,65" hai1="82,119,105,81,133,66,90,128,41,131,126,34,67" hai2="28,117,125,103,36,40,54,7,43,49,62,129,21" hai3="59,95,127,26,101,135,73,17,39,99,123,108,45"/><V14/><F117/><W58/><G123/><T18/><D118/><U52/><E119/><V0/><F125/><W29/><G73/><T93/><D110/><U42/><E34/><V111/><F111/><W130/><G108/><T69/><D33/><U32/><E32/><V122/><F122/><W31/><G130/><N who="1" m="49706" /><E105/><V10/><F129/><W77/><G127/><T107/><D107/><U5/><E5/><V48/><F103/><W102/><G135/><T68/><D104/><U11/><E11/><V74/><F74/><W106/><G106/><T44/><D85/><N who="1" m="50479" /><E82/><V47/><F43/><N who="1" m="16393" /><E133/><V87/><F87/><W98/><G77/><T83/><D83/><U50/><E126/><V22/><F0/><W63/><G39/><T89/><D4/><U79/><E79/><V84/><F84/><W53/><G45/><AGARI ba="0,0" hai="45,50,52,66,67" m="16393,50479,49706" machi="45" ten="30,2000,0" yaku="19,1,54,1" doraHai="55" who="1" fromWho="3" sc="188,0,302,20,250,0,260,-20" /><INIT seed="3,0,0,2,4,100" ten="188,322,250,240" oya="3" hai0="47,62,70,66,44,11,10,130,50,64,29,122,119" hai1="56,17,14,35,113,27,81,117,48,87,123,22,2" hai2="38,63,90,84,31,33,76,18,19,80,32,75,78" hai3="106,8,72,67,6,98,125,83,68,135,0,92,91"/><W52/><G135/><T99/><D122/><U71/><E71/><V115/><F115/><W121/><G121/><T103/><D119/><U124/><E113/><V20/><F78/><W39/><G125/><T5/><D130/><U7/><E117/><V61/><F38/><W129/><G129/><T36/><D36/><U95/><E95/><V41/><F41/><W131/><G131/><T93/><D66/><U1/><E1/><V69/><F19/><W4/><G4/><T101/><D101/><U134/><E134/><V110/><F110/><W89/><G39/><T97/><D97/><U15/><E15/><V60/><F31/><W46/><G106/><T126/><D126/><U45/><E56/><V112/><F112/><W3/><G3/><T111/><D111/><U25/><E2/><V42/><F42/><W79/><G67/><T120/><D120/><U116/><E35/><V16/><F69/><W104/><G104/><T54/><D5/><U58/><E124/><V23/><F33/><W28/><G28/><T107/><D93/><U43/><E58/><V96/><F32/><W105/><G105/><T132/><D132/><U102/><E102/><V118/><F118/><W53/><G68/><T55/><D29/><U34/><E34/><V108/><F108/><W37/><REACH who="3" step="1"/><G91/><REACH who="3" ten="188,322,250,230" step="2"/><T24/><REACH who="0" step="1"/><D24/><REACH who="0" ten="178,322,250,230" step="2"/><N who="1" m="9291" /><E123/><V85/><F75/><W30/><G30/><T88/><D88/><U94/><E116/><V86/><F90/><W49/><G49/><AGARI ba="0,2" hai="10,11,44,47,49,50,54,55,62,64,70,99,103,107" machi="49" ten="40,5200,0" yaku="1,1,9,1,52,1,53,0" doraHai="100" doraHaiUra="77" who="0" fromWho="3" sc="178,72,322,0,250,0,230,-52" owari="250,5.0,322,42.0,250,-15.0,178,-32.0" /></mjloggm>