<mjloggm ver="2.3"><GO type="41" lobby="0"/><UN n0="%28%E2%94%81%29" n1="%E5%B0%B1%E6%B4%BB%E7%94%9F%40%E5%B7%9D%E6%9D%91%E8%BB%8D%E5%9B%A3" n2="%E3%82%A2%E3%82%AB%E3%83%8D%E3%83%9E%E3%83%8B%E3%82%A2%E3%82%AF%E3%82%B9" n3="%53%54%31%32%30%31%30%39" dan="13,15,15,13" rate="1838.82,2052.49,2023.76,1843.28" sx="M,M,M,M"/><TAIKYOKU oya="0"/><INIT seed="0,0,0,4,2,28" ten="250,250,250,250" oya="0" hai0="124,3,1,129,5,12,71,47,99,120,127,123,125" hai1="112,49,118,58,64,69,56,91,19,135,115,70,79" hai2="43,105,126,35,81,88,94,22,30,102,61,83,100" hai3="75,106,134,97,0,57,46,53,54,44,117,39,51"/><T7/><D71/><N who="1" m="27147" /><E79/><V89/><F126/><W24/><G75/><T37/><D99/><U23/><E118/><V38/><F105/><W29/><G0/><N who="0" m="75" /><D47/><U17/><E135/><V34/><F61/><W55/><G134/><T128/><D37/><U8/><E8/><V78/><F43/><W109/><G109/><T96/><D96/><U67/><E91/><V77/><F38/><W27/><G117/><T130/><D12/><U86/><E86/><V114/><F22/><W98/><G39/><T21/><D21/><U9/><E9/><V13/><F13/><W103/><G97/><T90/><D90/><U15/><E15/><V45/><F45/><W80/><G80/><T42/><D42/><U119/><E23/><V84/><F30/><W85/><G85/><T63/><D63/><U93/><E93/><V131/><F94/><W60/><G24/><T133/><D133/><U10/><E10/><V59/><F84/><W6/><G6/><AGARI ba="0,0" hai="5,6,7,120,123,124,125,127,128,129,130" m="75" machi="6" ten="50,18000,2" yaku="28,2,18,1,19,1,34,2" doraHai="28" who="0" fromWho="3" sc="250,180,250,0,250,0,250,-180" /><INIT seed="0,1,0,5,2,57" ten="430,250,250,70" oya="0" hai0="23,114,13,76,66,30,81,113,56,28,104,73,42" hai1="36,116,46,3,22,49,109,121,68,88,58,103,102" hai2="34,0,50,134,54,67,9,64,111,107,120,86,99" hai3="17,43,59,18,26,75,106,51,33,123,45,21,71"/><T100/><D42/><U131/><E68/><V93/><F120/><W24/><G75/><T108/><D108/><U29/><E116/><V14/><F34/><W32/><G106/><T94/><D104/><U38/><E3/><V72/><F0/><W135/><G71/><T101/><D13/><U10/><E121/><V92/><F72/><W128/><G135/><T52/><D66/><U7/><E131/><V65/><F134/><W55/><G123/><T16/><D30/><U80/><E109/><V126/><F126/><W74/><G74/><T12/><D28/><U97/><E58/><V89/><F107/><W95/><G128/><T53/><D53/><U15/><E38/><V1/><F1/><W19/><G95/><T130/><D130/><U20/><E36/><V117/><F117/><W37/><G32/><T47/><D47/><U129/><E129/><V70/><F70/><W87/><G33/><T78/><D78/><U110/><E110/><V41/><F41/><W112/><G112/><T6/><D6/><U69/><E69/><V11/><F111/><W40/><G26/><T105/><D105/><U83/><E29/><V96/><F93/><W4/><G4/><T124/><D124/><U98/><E83/><V91/><F91/><W48/><G87/><T84/><D84/><N who="1" m="50183" /><E98/><N who="2" m="37419" /><F14/><W85/><G37/><T132/><D132/><U118/><E118/><V115/><F115/><N who="0" m="44042" /><D94/><N who="1" m="58679" /><E103/><V119/><F119/><W31/><G40/><AGARI ba="1,0" hai="7,10,15,20,22,40,46,49" m="58679,50183" machi="40" ten="30,2000,0" yaku="8,1,54,1" doraHai="57" who="1" fromWho="3" sc="430,0,250,23,250,0,70,-23" /><INIT seed="1,0,0,5,3,31" ten="430,273,250,47" oya="1" hai0="12,107,103,32,0,17,114,85,38,30,117,53,72" hai1="130,119,108,121,45,106,115,1,42,132,94,82,7" hai2="36,81,73,84,43,70,100,63,33,55,89,120,77" hai3="15,28,11,111,112,22,46,23,75,16,61,88,129"/><U62/><E106/><V58/><F120/><W71/><G112/><T116/><D72/><U133/><E121/><V21/><F70/><W35/><G75/><T44/><D114/><U109/><E119/><V13/><F100/><W64/><G111/><N who="1" m="42570" /><E115/><V49/><F33/><W9/><G129/><T101/><D0/><U67/><E130/><V99/><F99/><W78/><G78/><T20/><D85/><U29/><E29/><V131/><F131/><W18/><G46/><T110/><D110/><U4/><E94/><V14/><F36/><W8/><G88/><T98/><D103/><U91/><E91/><V41/><F63/><W123/><G123/><T118/><D30/><U47/><E82/><V24/><F13/><W97/><G97/><T48/><REACH who="0" step="1"/><D38/><REACH who="0" ten="420,273,250,47" step="2"/><N who="1" m="21719" /><E1/><V86/><F73/><W60/><G28/><T125/><D125/><U5/><E47/><V26/><F41/><W127/><G127/><T34/><AGARI ba="0,1" hai="12,17,20,32,34,44,48,53,98,101,107,116,117,118" machi="34" ten="40,8000,1" yaku="1,1,0,1,52,2,53,0" doraHai="31" doraHaiUra="135" who="0" fromWho="0" sc="420,90,273,-40,250,-20,47,-20" /><INIT seed="2,0,0,3,2,7" ten="510,233,230,27" oya="2" hai0="35,51,61,79,40,126,4,127,25,76,97,70,100" hai1="48,8,3,34,125,87,27,133,28,47,5,37,81" hai2="112,6,68,41,101,13,59,63,90,12,49,23,45" hai3="106,57,118,130,30,75,84,50,39,111,9,128,10"/><V29/><F68/><W32/><G106/><T36/><D36/><U93/><E133/><V124/><F112/><W102/><G118/><T135/><D135/><U53/><E125/><V99/><F124/><W91/><G75/><T74/><D4/><U54/><E37/><V96/><F90/><W95/><G39/><T67/><D51/><U115/><E115/><V132/><F132/><W66/><G111/><T123/><D40/><U69/><E69/><V82/><F82/><W83/><G66/><T19/><D19/><U113/><E113/><V108/><F108/><W129/><G57/><T15/><D15/><N who="2" m="5706" /><F6/><W60/><G60/><T89/><D89/><U121/><E121/><V11/><F11/><N who="3" m="4107" /><G50/><T78/><D74/><U94/><E54/><N who="2" m="34295" /><F101/><W46/><G46/><T134/><D134/><U116/><E116/><V73/><F73/><W20/><G32/><T65/><D65/><U120/><E120/><V104/><F104/><W105/><G105/><N who="0" m="63631" /><D123/><U44/><E44/><V14/><N who="2" m="5714" /><V1/><DORA hai="98" /><F1/><W0/><G0/><T21/><D35/><U119/><REACH who="1" step="1"/><E119/><REACH who="1" ten="510,223,230,27" step="2"/><V85/><F85/><W131/><G131/><T109/><D109/><U110/><E110/><V64/><F64/><W114/><G114/><T107/><D70/><U55/><E55/><V24/><AGARI ba="0,1" hai="23,24,29,41,45,49,96,99" m="34295,5714" machi="24" ten="40,2100,0" yaku="8,1" doraHai="7,98" who="2" fromWho="2" sc="510,-7,223,-7,230,31,27,-7" /><INIT seed="2,1,0,5,0,75" ten="503,216,261,20" oya="2" hai0="111,49,10,119,37,60,44,35,64,106,129,122,88" hai1="51,81,69,98,24,70,28,67,65,3,27,131,52" hai2="71,45,132,38,89,112,13,14,118,4,83,86,82" hai3="120,31,124,68,12,29,0,20,108,42,30,126,125"/><V103/><F118/><W113/><G68/><T19/><D122/><U130/><E3/><V43/><F71/><N who="1" m="27145" /><E98/><V23/><F112/><W54/><G42/><T73/><D111/><U116/><E81/><V34/><F34/><W56/><G120/><T26/><D129/><N who="1" m="49163" /><E116/><V92/><F132/><W123/><G123/><T74/><D49/><U53/><E28/><V32/><F32/><W105/><G105/><T99/><D60/><U25/><E51/><V117/><F117/><W6/><G113/><T55/><D99/><U87/><E87/><V40/><F40/><W47/><G47/><T2/><D74/><U102/><E102/><V58/><F58/><W100/><G100/><T79/><D73/><U78/><E78/><V109/><F109/><W94/><G108/><T5/><D79/><U39/><E39/><V115/><F115/><W90/><G0/><T121/><D37/><U8/><E8/><V114/><F114/><W107/><G107/><T63/><D106/><U57/><E57/><V33/><F33/><W128/><G128/><T46/><D88/><U11/><E11/><N who="2" m="4327" /><F103/><W77/><G6/><T66/><D119/><U84/><E84/><V72/><F72/><W97/><G12/><T22/><D35/><U61/><E61/><V104/><F104/><W96/><G20/><T101/><D101/><U18/><E18/><N who="2" m="10711" /><F38/><W110/><G110/><T21/><D121/><U17/><E17/><V134/><F134/><W133/><G133/><T76/><D2/><U50/><E50/><V16/><F16/><W85/><G97/><T135/><D135/><U15/><E15/><RYUUKYOKU ba="1,0" sc="503,-15,216,15,261,15,20,-15" hai1="24,25,27,52,53,65,67" hai2="43,45,82,83,86,89,92" /><INIT seed="2,2,0,0,4,40" ten="488,231,276,5" oya="2" hai0="133,115,83,107,76,50,67,120,121,66,111,88,91" hai1="70,53,27,39,124,75,101,71,38,84,63,64,129" hai2="98,131,42,8,130,15,112,123,119,4,61,93,1" hai3="90,87,134,48,102,6,56,108,135,74,59,132,86"/><V5/><F119/><W55/><G6/><T21/><D115/><U94/><E75/><V60/><F112/><W72/><G102/><T114/><D114/><U46/><E129/><N who="2" m="49163" /><F123/><W34/><G34/><T65/><D111/><U68/><E124/><V57/><F42/><W49/><G108/><T24/><D133/><U100/><E27/><V44/><F44/><N who="3" m="28039" /><G87/><T127/><D50/><U125/><E125/><V37/><F37/><W17/><G17/><T31/><D107/><U104/><E104/><V95/><F4/><W11/><G11/><T7/><D7/><U2/><E2/><V122/><F1/><W69/><G69/><T36/><D36/><U22/><E39/><V41/><F41/><W32/><G32/><T47/><D47/><U10/><E38/><V54/><F122/><W9/><G9/><T25/><D127/><U103/><E22/><V18/><F5/><W81/><G49/><T26/><D120/><U0/><E10/><V89/><F93/><W97/><G97/><T77/><D121/><U58/><E0/><V45/><F45/><W106/><G106/><T3/><D3/><U35/><E35/><V20/><F8/><W116/><G116/><T30/><D21/><U16/><E46/><V13/><F61/><W118/><G118/><T51/><D51/><U110/><E110/><V82/><F82/><W96/><G96/><T128/><D83/><U99/><E84/><V78/><F78/><N who="0" m="30314" /><D128/><U14/><E64/><V126/><F126/><W105/><G105/><T29/><AGARI ba="2,0" hai="24,25,26,29,30,31,65,66,67,88,91" m="30314" machi="29" ten="40,12000,2" yaku="29,2,28,2,8,1,54,1" doraHai="40" who="0" fromWho="0" sc="488,126,231,-32,276,-62,5,-32" owari="614,72.0,199,-20.0,214,1.0,-27,-53.0" /></mjloggm>