<mjloggm ver="2.3"><GO type="169" lobby="0"/><UN n0="%E3%82%A6%E3%83%AB%E3%83%88%E3%83%A9%E7%AB%8B%E7%9B%B4" n1="%61%68%68%68%68%68%68%61" n2="%E3%81%AA%E3%81%A3%E3%81%8D%E3%82%8A" n3="%73%68%6F%6F%74%33%39" dan="17,17,16,19" rate="2179.74,2189.64,2077.81,2290.59" sx="M,M,M,M"/><TAIKYOKU oya="0"/><INIT seed="0,0,0,3,3,54" ten="250,250,250,250" oya="0" hai0="73,119,7,117,42,15,122,95,19,55,27,16,52" hai1="106,43,84,10,93,110,82,74,64,57,79,70,65" hai2="129,90,63,126,125,133,112,0,66,3,83,12,24" hai3="23,124,92,59,32,25,9,111,135,98,113,108,14"/><T107/><D107/><U50/><E110/><V4/><F112/><W134/><G113/><T91/><D73/><U71/><E71/><V48/><F129/><W123/><G32/><T22/><D7/><U53/><E43/><V78/><F90/><W130/><G130/><T5/><D5/><U109/><E109/><N who="3" m="42058" /><G123/><T68/><D68/><U94/><E106/><V104/><F104/><W49/><G124/><N who="2" m="47721" /><F48/><W41/><G14/><T69/><D69/><U38/><E38/><V72/><F24/><W76/><G9/><T128/><D128/><U88/><E70/><N who="2" m="42335" /><F133/><W26/><G76/><T77/><D77/><U20/><E10/><AGARI ba="0,0" hai="0,3,4,10,12,72,78,83" m="42335,47721" machi="10" ten="30,1000,0" yaku="18,1" doraHai="54" who="2" fromWho="1" sc="250,0,250,-10,250,10,250,0" /><INIT seed="1,0,0,2,0,57" ten="250,240,260,250" oya="1" hai0="50,111,18,127,51,72,65,26,16,11,126,102,79" hai1="23,4,97,80,100,108,17,118,14,125,29,94,55" hai2="114,101,104,8,113,27,83,34,75,1,59,76,13" hai3="70,56,124,35,52,19,85,21,129,98,71,3,47"/><U119/><E125/><N who="0" m="47625" /><D79/><U93/><E108/><V64/><F1/><W53/><G35/><T122/><D72/><U30/><E4/><V48/><F104/><W33/><G33/><T22/><D111/><U67/><E67/><V86/><F101/><W133/><G3/><T92/><D122/><U68/><E68/><V58/><F75/><W6/><G6/><T54/><D65/><U38/><E38/><V91/><F76/><W9/><G9/><T24/><D54/><U77/><E94/><V39/><F39/><W41/><G53/><T78/><D78/><U60/><E119/><V73/><F73/><W110/><G110/><T130/><D130/><U63/><E118/><V99/><F99/><W116/><G129/><T88/><D102/><U7/><E7/><N who="2" m="3231" /><F48/><W132/><G98/><N who="0" m="57607" /><D26/><U46/><E46/><V42/><F42/><W40/><G116/><T96/><D96/><U36/><E36/><V10/><F10/><W90/><G41/><T20/><D20/><U84/><REACH who="1" step="1"/><E55/><REACH who="1" ten="250,230,260,250" step="2"/><V107/><F64/><W5/><G124/><T135/><D135/><U2/><E2/><V25/><F107/><W123/><G133/><T106/><D106/><U37/><E37/><V134/><F134/><W28/><G132/><T128/><D128/><U12/><E12/><AGARI ba="0,1" hai="11,12,16,18,22,24,50,51" m="57607,47625" machi="12" ten="30,3900,0" yaku="18,1,54,2" doraHai="57" who="0" fromWho="1" sc="250,49,230,-39,260,0,250,0" /><INIT seed="2,0,0,5,3,123" ten="299,191,260,250" oya="2" hai0="86,83,32,55,122,80,31,3,2,58,9,113,61" hai1="134,90,25,48,74,19,129,89,111,67,6,20,99" hai2="56,0,39,69,94,52,92,110,78,38,14,75,40" hai3="101,107,23,62,115,10,71,96,84,15,77,49,54"/><V97/><F69/><W127/><G127/><T114/><D122/><U41/><E74/><V4/><F0/><W118/><G118/><T37/><D37/><U91/><E134/><V60/><F110/><W36/><G36/><T22/><D32/><U64/><E129/><V29/><F29/><W43/><G43/><T63/><D80/><U130/><E130/><V30/><F30/><W72/><G72/><T68/><D3/><U45/><E111/><V26/><F26/><W112/><G23/><T65/><D2/><U73/><E73/><V116/><F116/><W102/><G101/><T106/><D106/><U88/><E6/><V57/><F40/><W59/><G84/><T124/><D9/><U108/><E108/><V98/><F78/><W109/><G77/><T13/><D124/><U17/><E19/><V104/><F104/><W103/><G102/><T8/><D22/><U85/><REACH who="1" step="1"/><E99/><REACH who="1" ten="299,181,260,250" step="2"/><N who="2" m="37899" /><F75/><W47/><G109/><T133/><D133/><U50/><E50/><N who="2" m="30743" /><F38/><W121/><G121/><T135/><D135/><U100/><E100/><V81/><F39/><W21/><G103/><T42/><D31/><U35/><E35/><V51/><F51/><W7/><G107/><T120/><D120/><U131/><E131/><V87/><F4/><W70/><G7/><T27/><D114/><U34/><E34/><V128/><F128/><W28/><G112/><T24/><D113/><U79/><E79/><N who="2" m="46527" /><F14/><W95/><G115/><T66/><D13/><U53/><E53/><AGARI ba="0,1" hai="53,57,60,92,94" m="46527,30743,37899" machi="53" ten="30,2900,0" yaku="8,1,54,1" doraHai="123" who="2" fromWho="1" sc="299,0,181,-29,260,39,250,0" /><INIT seed="2,1,0,0,4,83" ten="299,152,299,250" oya="2" hai0="57,47,74,15,128,92,60,12,127,56,125,3,77" hai1="38,70,84,54,135,91,64,116,2,1,16,76,89" hai2="51,35,67,72,66,21,45,6,26,132,88,22,59" hai3="85,118,81,23,36,124,7,123,8,99,111,108,82"/><V34/><F72/><W17/><G118/><T18/><D3/><U10/><E38/><V101/><F132/><W120/><G36/><T44/><D77/><U49/><E116/><V5/><F101/><W110/><G99/><T30/><D74/><U31/><E31/><N who="2" m="17879" /><F34/><W115/><G115/><T58/><D30/><U104/><E104/><V53/><F35/><W55/><G124/><N who="0" m="47691" /><D128/><U86/><E135/><V61/><F21/><W78/><G55/><T25/><D25/><U131/><E131/><V94/><F66/><W41/><G41/><T95/><D60/><U73/><E73/><V102/><F102/><W42/><G42/><T93/><D18/><U27/><E76/><V106/><F106/><W50/><G50/><T39/><D39/><U98/><E98/><AGARI ba="1,0" hai="5,6,45,51,53,59,61,67,88,94,98" m="17879" machi="98" ten="30,2900,0" yaku="8,1,54,1" doraHai="83" who="2" fromWho="1" sc="299,0,152,-32,299,32,250,0" /><INIT seed="2,2,0,2,5,112" ten="299,120,331,250" oya="2" hai0="5,55,92,50,97,100,74,106,119,38,64,58,3" hai1="1,130,46,44,39,135,2,98,16,118,103,90,19" hai2="134,116,129,86,41,34,12,6,89,48,104,17,40" hai3="96,125,59,49,73,65,133,101,113,114,63,132,93"/><V120/><F120/><W15/><G73/><T23/><D38/><U81/><E135/><N who="3" m="51786" /><G125/><T87/><D5/><U94/><E130/><V24/><F134/><W83/><G83/><T122/><D3/><U61/><E61/><V62/><F104/><W85/><G85/><T37/><D37/><U95/><E81/><V79/><F48/><W22/><G49/><T68/><D74/><U53/><E118/><V32/><F41/><W107/><G107/><T29/><D122/><U91/><E103/><V20/><F40/><W115/><G22/><T21/><D119/><U28/><E28/><N who="2" m="17415" /><F86/><W124/><G124/><T57/><D68/><U127/><E127/><V42/><F62/><W131/><G15/><T26/><D87/><U70/><E70/><V7/><F42/><W71/><G131/><T108/><D106/><U128/><E128/><V84/><F89/><W123/><G123/><T27/><D108/><U43/><E53/><V31/><F79/><W117/><G71/><T56/><REACH who="0" step="1"/><D64/><REACH who="0" ten="289,120,331,250" step="2"/><U36/><E98/><V69/><F69/><W66/><G65/><T8/><D8/><U126/><E126/><V0/><F84/><W18/><G117/><T67/><D67/><U45/><E2/><V47/><F116/><W88/><G115/><T54/><D54/><U60/><E1/><V105/><F129/><W109/><G109/><T78/><D78/><U13/><E39/><V102/><F105/><W30/><G114/><T35/><D35/><U82/><E36/><V4/><F32/><W52/><G113/><T80/><D80/><U110/><E110/><V10/><F34/><RYUUKYOKU ba="2,1" sc="289,30,120,-10,331,-10,250,-10" hai0="21,23,26,27,29,50,55,56,57,58,92,97,100" /><INIT seed="3,3,1,3,3,128" ten="319,110,321,240" oya="3" hai0="90,21,5,42,110,126,122,47,100,6,95,84,24" hai1="127,50,40,10,114,41,49,12,7,56,121,33,129" hai2="123,125,96,99,9,52,87,133,36,106,104,101,108" hai3="130,14,17,102,94,109,22,43,81,72,60,59,91"/><W39/><G130/><T37/><D122/><U29/><E121/><V30/><F36/><W11/><G109/><T131/><D110/><U51/><E129/><V65/><F108/><W79/><G102/><T116/><D116/><U103/><E103/><N who="2" m="62567" /><F9/><W111/><G111/><T119/><D119/><U67/><E127/><V53/><F30/><W46/><G11/><T4/><D126/><U69/><E69/><V78/><F65/><W16/><G17/><T98/><D131/><U71/><E71/><V115/><F123/><W124/><G124/><T48/><D37/><U118/><E118/><V45/><F45/><W120/><G120/><T31/><REACH who="0" step="1"/><D4/><REACH who="0" ten="309,110,321,240" step="2"/><U73/><E7/><V27/><F125/><W85/><G39/><T15/><D15/><U58/><E12/><V92/><F27/><W0/><G0/><T57/><D57/><U117/><E117/><V23/><F115/><W19/><G14/><T34/><D34/><U83/><E33/><V8/><F8/><W26/><G26/><T35/><D35/><U68/><E10/><V113/><F23/><W134/><G22/><T66/><D66/><U93/><E67/><V132/><F113/><W25/><G25/><T135/><D135/><N who="2" m="51786" /><F106/><AGARI ba="3,2" hai="5,6,21,24,31,42,47,48,84,90,95,98,100,106" machi="106" ten="30,2000,0" yaku="1,1,7,1,53,0" doraHai="128" doraHaiUra="64" who="0" fromWho="2" sc="309,49,110,0,321,-29,240,0" /><INIT seed="4,0,0,5,3,52" ten="358,110,292,240" oya="0" hai0="19,97,54,45,111,38,6,65,85,53,43,67,11" hai1="75,93,107,112,60,5,14,100,10,62,7,27,101" hai2="87,35,119,55,115,66,126,117,82,88,46,50,31" hai3="70,41,44,23,13,72,42,56,78,16,106,109,96"/><T104/><D19/><U102/><E107/><V134/><F134/><W33/><G70/><T32/><D32/><U91/><E75/><V80/><F115/><W76/><G33/><T25/><D25/><U29/><E112/><V128/><F128/><W63/><G109/><T15/><D111/><U114/><E114/><V118/><F126/><W24/><G72/><T3/><D3/><U123/><E123/><V64/><REACH who="2" step="1"/><F80/><REACH who="2" ten="358,110,282,240" step="2"/><W95/><G106/><T79/><D104/><U84/><REACH who="1" step="1"/><E5/><REACH who="1" ten="358,100,282,240" step="2"/><V135/><F135/><W9/><G78/><T49/><D79/><U22/><AGARI ba="0,2" hai="7,10,14,22,27,29,60,62,84,91,93,100,101,102" machi="22" ten="30,7900,0" yaku="1,1,2,1,0,1,8,1,53,0" doraHai="52" doraHaiUra="94" who="1" fromWho="1" sc="358,-39,100,99,282,-20,240,-20" /><INIT seed="5,0,0,4,1,69" ten="319,199,262,220" oya="1" hai0="8,39,115,44,105,43,76,45,60,33,80,112,56" hai1="77,36,53,16,61,46,64,4,29,108,30,107,59" hai2="78,10,130,7,48,129,106,1,110,37,50,73,121" hai3="42,81,13,23,100,65,5,98,57,119,109,34,79"/><U19/><E107/><V126/><F121/><W86/><G34/><T75/><D33/><U25/><E108/><V68/><F110/><W83/><G109/><T124/><D105/><U49/><E4/><V132/><F68/><W67/><G119/><T111/><D111/><U133/><E133/><V51/><F132/><W101/><G42/><T38/><D8/><U41/><E77/><V103/><F126/><W24/><G83/><T125/><D44/><U113/><E113/><N who="0" m="43593" /><D39/><U94/><E94/><V12/><F1/><W127/><G127/><T47/><D47/><U54/><E30/><V131/><F78/><W6/><G13/><T90/><D90/><U134/><E134/><V66/><F66/><AGARI ba="0,0" hai="38,43,45,56,60,66,75,76,80,124,125" m="43593" machi="66" ten="30,2000,0" yaku="15,1,52,1" doraHai="69" who="0" fromWho="2" sc="319,20,199,0,262,-20,220,0" /><INIT seed="6,0,0,0,4,30" ten="339,199,242,220" oya="2" hai0="115,45,73,47,84,101,35,97,18,66,113,25,118" hai1="123,116,133,135,93,43,32,99,125,81,75,72,85" hai2="122,127,33,126,71,52,58,55,67,131,88,8,80" hai3="62,76,31,0,98,134,129,68,24,89,94,78,6"/><V53/><F33/><W61/><G129/><T54/><D73/><U19/><E116/><V69/><F122/><W46/><G134/><N who="1" m="51210" /><E43/><V20/><F131/><W65/><G46/><T60/><D84/><U83/><E19/><V109/><F20/><W103/><G62/><T49/><D45/><U44/><E44/><V102/><F102/><W114/><G114/><T130/><D118/><U51/><E51/><V22/><F22/><W34/><G6/><T17/><D130/><U57/><E57/><V21/><F21/><W92/><REACH who="3" step="1"/><G0/><REACH who="3" ten="339,199,242,210" step="2"/><T42/><D115/><U77/><E123/><V28/><F127/><W112/><G112/><T36/><D113/><U16/><E125/><V64/><F126/><W40/><G40/><T132/><D132/><U27/><E16/><V3/><F3/><W9/><G9/><T2/><D2/><U87/><E27/><V4/><F8/><W12/><G12/><T119/><D119/><U105/><E32/><V11/><F11/><W96/><AGARI ba="0,1" hai="24,31,34,61,65,68,76,78,89,92,94,96,98,103" machi="96" ten="20,5200,0" yaku="1,1,0,1,7,1,52,1,53,0" doraHai="30" doraHaiUra="50" who="3" fromWho="3" sc="339,-13,199,-13,242,-26,210,62" /><INIT seed="7,0,0,5,2,86" ten="326,186,216,272" oya="3" hai0="30,69,94,0,95,18,75,26,102,11,66,134,84" hai1="110,40,63,9,65,87,24,79,48,116,125,25,124" hai2="51,52,17,16,128,100,83,96,14,23,36,72,7" hai3="93,29,15,38,105,42,1,126,22,41,8,80,46"/><W27/><G105/><T37/><D75/><U77/><E110/><V130/><F36/><W57/><G126/><T133/><D37/><U13/><E116/><V135/><F135/><N who="0" m="51722" /><D102/><U107/><E107/><N who="2" m="63879" /><F72/><W58/><G42/><T39/><D39/><U50/><E125/><V10/><F83/><W20/><G80/><T88/><D95/><U122/><E122/><V73/><F73/><W123/><G123/><T120/><D120/><U103/><E103/><V31/><F31/><W111/><G111/><T53/><D53/><U129/><E129/><N who="2" m="49771" /><F23/><W99/><G20/><T12/><D0/><U62/><E124/><V104/><F104/><W49/><G1/><T28/><D26/><U32/><E32/><V67/><F67/><W3/><G3/><T115/><D115/><U132/><E132/><V21/><F21/><W112/><G38/><T70/><D66/><U98/><E98/><V60/><F60/><W108/><G112/><T90/><D90/><U91/><E91/><V47/><AGARI ba="0,0" hai="7,10,14,16,17,47,51,52" m="49771,63879" machi="47" ten="30,4000,0" yaku="19,1,54,2" doraHai="86" who="2" fromWho="2" sc="326,-10,186,-10,216,40,272,-20" owari="316,41.0,176,-32.0,256,6.0,252,-15.0" /></mjloggm>