<mjloggm ver="2.3"><GO type="97" lobby="0"/><UN n0="%E3%81%AE%E3%81%81" n1="%74%61%6B%6F%74%75%62%6F" n2="%E3%83%AA%E3%83%A2%E3%82%B3%E3%83%B3" n3="%E3%82%A6%E3%83%AB%E3%83%88%E3%83%A9%E7%AB%8B%E7%9B%B4" dan="14,15,14,14" rate="1944.62,2041.96,1808.53,1924.73" sx="M,M,M,M"/><TAIKYOKU oya="0"/><INIT seed="0,0,0,4,3,123" ten="250,250,250,250" oya="0" hai0="81,125,95,84,63,83,0,55,56,60,110,42,75" hai1="114,53,19,102,121,7,48,39,2,44,52,61,117" hai2="25,127,122,104,24,68,38,47,120,130,73,12,80" hai3="91,59,17,88,92,118,26,97,5,31,93,27,50"/><T54/><BYE who="3" /><D0/><U45/><E121/><UN n3="%E3%82%A6%E3%83%AB%E3%83%88%E3%83%A9%E7%AB%8B%E7%9B%B4" /><V11/><F104/><W128/><G118/><T46/><D125/><U116/><E114/><V66/><F127/><W69/><G69/><T82/><D75/><U67/><E102/><V100/><F100/><W34/><G128/><T10/><D110/><U8/><E19/><V86/><F73/><W70/><G70/><T78/><D95/><U77/><E77/><V49/><F130/><W99/><G5/><T115/><D115/><U107/><E107/><V65/><F38/><W9/><G9/><T79/><D10/><U109/><E109/><V51/><F51/><W1/><G1/><T21/><D21/><U87/><E87/><V90/><F68/><W101/><G101/><T103/><D103/><U62/><E62/><V74/><F74/><W108/><G108/><T20/><D20/><U57/><REACH who="1" step="1"/><E53/><REACH who="1" ten="250,240,250,250" step="2"/><N who="2" m="29887" /><F120/><W37/><G17/><T35/><D79/><U58/><E58/><V15/><F122/><W111/><G111/><T124/><D124/><U4/><E4/><N who="2" m="3175" /><F15/><W71/><G71/><T3/><D3/><U23/><BYE who="0" /><E23/><V6/><F6/><W94/><G34/><UN n0="%E3%81%AE%E3%81%81" /><T132/><D35/><U129/><E129/><V126/><F126/><W33/><G27/><AGARI ba="0,1" hai="24,25,27,65,66,80,86,90" m="3175,29887" machi="27" ten="30,1000,0" yaku="8,1" doraHai="123" who="2" fromWho="3" sc="250,0,240,0,250,20,250,-10" /><INIT seed="1,0,0,5,2,54" ten="250,240,270,240" oya="1" hai0="50,64,59,82,27,103,106,14,70,18,4,83,76" hai1="92,117,112,26,121,2,72,42,32,20,125,51,129" hai2="40,133,29,127,16,91,85,67,116,63,109,107,66" hai3="77,65,97,134,84,108,45,30,11,21,15,89,53"/><U86/><E72/><V113/><F109/><W12/><G134/><T34/><D4/><U102/><E117/><V74/><F116/><W98/><G108/><T130/><D130/><U57/><E112/><V43/><F74/><W79/><G65/><T128/><D128/><U49/><E129/><V36/><F107/><W131/><G131/><T41/><D41/><U101/><E121/><V87/><F133/><W115/><G115/><T123/><D123/><U37/><E2/><V3/><F127/><W81/><G30/><T47/><D47/><N who="1" m="25847" /><E32/><V19/><F29/><W75/><G21/><T110/><D110/><U68/><E68/><V0/><F91/><W126/><G15/><T35/><D27/><U132/><E37/><V39/><REACH who="2" step="1"/><F113/><REACH who="2" ten="250,240,260,240" step="2"/><W99/><G126/><T8/><D106/><U33/><E125/><V28/><F28/><W100/><G75/><T94/><D103/><U55/><E132/><V13/><F13/><W60/><G100/><T61/><D76/><U96/><E102/><V120/><F120/><W46/><G79/><T7/><D7/><U22/><E101/><V48/><F48/><W114/><G77/><T31/><D31/><U122/><E122/><V23/><F23/><W38/><G114/><T104/><D104/><U6/><E33/><V71/><F71/><W25/><G25/><T93/><D35/><U78/><E26/><V52/><F52/><W90/><G90/><T9/><D34/><U56/><E6/><V73/><F73/><W88/><G89/><T17/><D70/><U1/><E51/><V105/><F105/><W5/><G38/><RYUUKYOKU ba="0,1" sc="250,-15,240,-15,260,15,240,15" hai2="0,3,16,19,36,39,40,43,63,66,67,85,87" hai3="5,11,12,45,46,53,60,81,84,88,97,98,99" /><INIT seed="2,1,1,4,5,104" ten="235,225,275,255" oya="2" hai0="38,22,74,13,110,24,3,5,63,2,9,93,112" hai1="16,40,7,95,6,116,46,124,106,19,77,36,47" hai2="91,125,39,70,131,62,87,76,69,117,133,14,30" hai3="64,35,72,15,90,78,119,31,120,73,27,108,85"/><V21/><F117/><W86/><G120/><T79/><D112/><U60/><E106/><V105/><F105/><W134/><G119/><T118/><D118/><U103/><E116/><V115/><F115/><W42/><G134/><T11/><D110/><U122/><E122/><V132/><F131/><W49/><G108/><T135/><D38/><U55/><E124/><V65/><F125/><W0/><G0/><N who="0" m="167" /><D63/><U128/><E128/><V114/><F114/><W127/><G127/><T96/><D96/><N who="1" m="59807" /><E36/><V67/><F76/><W107/><G107/><T68/><D93/><U80/><E40/><V28/><F39/><W66/><G78/><T75/><D79/><U18/><E77/><V102/><F102/><W100/><G100/><T123/><D68/><U8/><E80/><N who="2" m="49639" /><F14/><W101/><G101/><T59/><D59/><N who="1" m="34943" /><E8/><V48/><F21/><W12/><G90/><T52/><D52/><U111/><E111/><V4/><F70/><W82/><G82/><T44/><D44/><AGARI ba="1,1" hai="6,7,16,18,19,44,46,47" m="34943,59807" machi="44" ten="30,2000,0" yaku="8,1,54,1" doraHai="104" who="1" fromWho="0" sc="235,-23,225,33,275,0,255,0" /><INIT seed="3,0,0,1,3,55" ten="212,258,275,255" oya="3" hai0="21,90,121,77,125,23,9,53,119,68,101,92,63" hai1="16,48,112,3,46,19,67,98,114,128,93,37,89" hai2="109,14,108,87,111,129,61,100,51,29,118,27,107" hai3="96,43,0,26,85,38,127,41,39,130,45,94,106"/><W20/><G0/><T12/><D121/><U122/><E37/><V110/><F118/><W117/><G117/><T60/><D119/><U66/><E122/><V42/><F129/><W40/><G130/><T50/><D68/><U84/><E128/><V120/><F120/><W11/><G127/><T28/><D77/><U105/><E3/><V31/><F108/><W32/><G32/><T103/><D125/><U102/><E114/><V115/><F115/><W83/><G11/><T6/><D28/><U80/><E112/><V36/><F36/><W15/><G15/><T52/><D53/><N who="1" m="29847" /><E105/><V10/><F61/><N who="0" m="23626" /><D103/><U18/><AGARI ba="0,0" hai="16,18,19,66,67,80,84,89,93,98,102" m="29847" machi="18" ten="30,2000,0" yaku="8,1,54,1" doraHai="55" who="1" fromWho="1" sc="212,-5,258,20,275,-5,255,-10" /><INIT seed="4,0,0,1,0,20" ten="207,278,270,245" oya="0" hai0="34,66,4,105,133,47,53,82,73,68,64,21,30" hai1="92,100,23,26,107,85,88,119,72,56,134,115,9" hai2="42,106,111,38,18,62,98,33,104,48,10,95,6" hai3="5,93,126,61,79,13,17,59,55,43,8,127,14"/><T125/><D105/><U67/><E119/><V49/><F111/><W71/><G71/><T22/><D133/><U110/><E110/><V80/><F38/><W37/><G79/><T108/><D125/><N who="3" m="47625" /><G93/><T135/><D135/><U70/><E70/><V112/><F33/><W86/><G86/><T129/><D129/><U19/><E134/><V45/><F80/><W131/><G131/><T91/><D73/><U28/><E72/><V29/><F95/><W16/><G14/><T94/><D82/><U116/><E116/><V128/><F98/><W75/><G75/><T60/><D108/><U44/><E44/><AGARI ba="0,0" hai="5,8,13,16,17,37,43,44,55,59,61" m="47625" machi="44" ten="30,2000,0" yaku="18,1,54,1" doraHai="20" who="3" fromWho="1" sc="207,0,278,-20,270,0,245,20" /><INIT seed="5,0,0,2,1,135" ten="207,258,270,265" oya="1" hai0="7,25,51,126,109,73,83,56,94,66,132,42,111" hai1="67,102,121,14,81,98,15,99,61,78,41,30,54" hai2="80,50,133,118,34,63,84,18,90,91,20,53,12" hai3="11,2,116,107,48,134,103,58,35,8,19,122,21"/><U36/><E121/><V114/><F118/><W88/><G122/><T92/><D7/><U123/><E123/><V17/><F114/><W120/><G120/><T100/><D25/><U0/><E0/><V104/><F133/><W115/><G115/><T127/><D132/><U72/><E30/><V31/><F104/><W130/><G134/><T57/><D73/><U3/><E3/><V1/><F34/><W32/><G103/><T74/><D74/><U9/><E54/><V71/><F31/><W27/><G107/><T64/><D83/><U23/><E23/><V33/><F71/><W65/><G116/><T124/><D100/><U110/><E110/><N who="0" m="41993" /><D42/><U97/><E102/><V24/><F1/><W43/><G35/><T105/><D105/><U44/><REACH who="1" step="1"/><E9/><REACH who="1" ten="207,248,270,265" step="2"/><N who="2" m="6287" /><F33/><W46/><G32/><T40/><D40/><U89/><E89/><V128/><F91/><W49/><G2/><T85/><D85/><U87/><E87/><V6/><F90/><W59/><G88/><T76/><D76/><U70/><AGARI ba="0,1" hai="14,15,36,41,44,61,67,70,72,78,81,97,98,99" machi="70" ten="30,6000,0" yaku="1,1,0,1,53,1" doraHai="135" doraHaiUra="68" who="1" fromWho="1" sc="207,-20,248,70,270,-20,265,-20" owari="187,-31.0,318,41.0,250,5.0,245,-15.0" /></mjloggm>