<mjloggm ver="2.3"><GO type="97" lobby="0"/><UN n0="%E5%95%BC%E3%81%8D%E9%9B%80" n1="%6D%6F%72%69%73%61%77%61" n2="%E3%82%A6%E3%83%AB%E3%83%88%E3%83%A9%E7%AB%8B%E7%9B%B4" n3="%E9%BC%BB%E3%81%AE%E5%88%91%E4%BA%8B" dan="14,14,15,14" rate="1939.46,2092.49,2057.35,1951.32" sx="M,F,M,M"/><TAIKYOKU oya="0"/><INIT seed="0,0,0,1,5,34" ten="250,250,250,250" oya="0" hai0="33,61,43,36,52,112,15,74,38,29,117,79,81" hai1="42,25,92,1,12,127,67,75,124,13,132,100,9" hai2="125,123,31,3,105,27,95,134,44,104,60,80,130" hai3="51,49,46,110,94,68,24,8,40,55,56,118,63"/><T77/><D112/><U129/><E75/><V84/><F123/><W91/><G118/><T135/><D117/><U114/><E114/><V89/><F125/><N who="1" m="48201" /><E42/><V73/><F130/><W11/><G110/><T88/><D135/><U72/><E72/><V106/><F134/><W62/><G24/><T116/><D116/><U96/><E132/><V82/><F73/><W45/><G68/><T93/><D79/><U10/><E67/><V54/><F3/><W113/><G113/><T76/><D76/><U66/><E66/><V102/><F102/><W83/><G83/><T78/><D78/><U18/><E129/><V87/><F60/><N who="3" m="23083" /><G46/><T57/><D43/><U131/><E131/><V17/><F17/><W26/><G26/><T111/><D111/><U86/><E25/><V128/><F128/><W53/><G40/><T21/><D33/><U39/><E86/><AGARI ba="0,0" hai="8,11,45,49,51,53,55,56,86,91,94" m="23083" machi="86" ten="30,1000,0" yaku="8,1" doraHai="34" who="3" fromWho="1" sc="250,0,250,-10,250,0,250,10" /><INIT seed="1,0,0,4,0,31" ten="250,240,250,260" oya="1" hai0="19,84,133,92,78,37,55,11,70,42,118,90,25" hai1="49,93,4,29,64,74,53,40,22,121,38,131,122" hai2="13,20,94,50,83,23,82,45,80,127,16,60,59" hai3="117,100,96,46,109,67,108,116,95,75,8,68,115"/><U134/><E74/><V119/><F119/><N who="3" m="45643" /><G67/><T56/><D70/><U124/><E124/><V72/><F127/><W101/><G68/><T69/><D69/><U35/><E131/><V114/><F114/><W132/><G46/><T34/><D118/><U26/><E134/><V104/><F104/><W71/><G71/><T14/><D78/><U63/><E4/><V77/><F94/><W128/><G8/><T98/><D133/><U2/><E2/><V21/><F72/><W36/><G36/><T65/><D65/><U24/><E63/><V41/><REACH who="2" step="1"/><F77/><REACH who="2" ten="250,240,240,260" step="2"/><W123/><G132/><T1/><D1/><U43/><E93/><V7/><F7/><W73/><G115/><T44/><D98/><U97/><E97/><V103/><F103/><W39/><G101/><T76/><D76/><U81/><E122/><V99/><F99/><W57/><G75/><T102/><D102/><U18/><E121/><V135/><F135/><W12/><G73/><T130/><D130/><U66/><E38/><V10/><F10/><W61/><G39/><T120/><D120/><U129/><E129/><V105/><F105/><W33/><G128/><T110/><D110/><U113/><E113/><V0/><F0/><W62/><G123/><T9/><D9/><U91/><E81/><V27/><F27/><W51/><G109/><T87/><D25/><U6/><E91/><V89/><F89/><W15/><G108/><T58/><D90/><U107/><E6/><V52/><AGARI ba="0,1" hai="13,16,20,21,23,41,45,50,52,59,60,80,82,83" machi="52" ten="30,12000,2" yaku="1,1,0,1,8,1,54,2,53,1" doraHai="31" doraHaiUra="47" who="2" fromWho="2" sc="250,-30,240,-60,240,130,260,-30" /><INIT seed="2,0,0,1,4,22" ten="220,180,370,230" oya="2" hai0="17,35,25,126,121,5,21,67,106,105,72,50,94" hai1="54,33,63,46,102,2,115,60,49,40,15,113,74" hai2="32,29,30,103,13,68,84,116,27,91,124,111,86" hai3="100,135,53,130,57,77,90,108,61,62,34,104,18"/><V69/><F116/><W128/><G34/><T7/><D72/><U37/><E74/><V76/><F103/><W66/><G135/><T120/><D35/><U20/><E2/><V19/><F124/><W31/><G31/><T11/><D126/><U93/><E33/><V81/><F30/><W125/><G125/><T119/><D119/><U36/><E102/><V16/><F19/><W107/><G77/><T101/><D50/><U8/><E93/><V78/><F111/><W4/><G4/><T99/><D67/><U109/><E20/><V89/><F69/><W70/><G108/><T41/><D41/><U0/><E0/><V87/><F68/><W38/><G38/><T96/><D7/><U43/><E109/><V88/><F81/><W133/><G133/><T45/><D45/><N who="1" m="23687" /><E15/><V51/><F51/><W122/><G122/><T47/><D47/><N who="1" m="27967" /><E8/><V14/><F14/><W39/><G39/><T42/><D42/><U24/><E24/><V134/><F134/><W83/><G18/><T85/><D85/><U28/><E28/><V52/><F29/><W1/><G1/><T131/><D131/><N who="3" m="50217" /><G100/><T48/><D48/><U82/><E82/><V80/><F80/><W26/><G26/><T44/><D44/><U127/><E127/><V95/><F32/><W64/><G64/><T132/><D132/><U79/><E79/><N who="2" m="30251" /><F13/><W59/><G70/><T92/><D121/><U112/><AGARI ba="0,0" hai="37,43,46,60,63,112,113,115" m="27967,23687" machi="112" ten="30,2000,0" yaku="34,2" doraHai="22" who="1" fromWho="1" sc="220,-5,180,20,370,-10,230,-5" /><INIT seed="3,0,0,4,2,103" ten="215,200,360,225" oya="3" hai0="44,87,72,131,135,18,5,101,100,123,91,71,37" hai1="8,93,25,129,23,88,134,110,65,78,106,70,104" hai2="102,109,38,31,29,127,20,53,15,79,112,118,11" hai3="59,66,69,76,54,62,82,124,19,17,63,133,92"/><W121/><G121/><T27/><D71/><U45/><E134/><V117/><F38/><W81/><G133/><T86/><D135/><U99/><E110/><V68/><F68/><W83/><G124/><T85/><D72/><U119/><E129/><V89/><F79/><W39/><G39/><T46/><D123/><U10/><E119/><V12/><F102/><N who="0" m="39530" /><D37/><U94/><E78/><V42/><F42/><W74/><G92/><N who="0" m="54383" /><D131/><U97/><E70/><V61/><F89/><W24/><G24/><T16/><D5/><U32/><E65/><V30/><F53/><W114/><G114/><T120/><D120/><U80/><E80/><V73/><F61/><W56/><G69/><T35/><D35/><U1/><E45/><N who="0" m="17513" /><D18/><U132/><E132/><V0/><F12/><W7/><G7/><T28/><D28/><U43/><E43/><V122/><F20/><AGARI ba="0,0" hai="16,20,27,86,87" m="17513,54383,39530" machi="20" ten="30,2000,0" yaku="8,1,54,1" doraHai="103" who="0" fromWho="2" sc="215,20,200,0,360,-20,225,0" owari="235,4.0,200,-30.0,340,43.0,225,-17.0" /></mjloggm>