<mjloggm ver="2.3"><GO type="97" lobby="0"/><UN n0="%E3%82%A6%E3%83%AB%E3%83%88%E3%83%A9%E7%AB%8B%E7%9B%B4" n1="%E3%83%8F%E3%83%AB%E3%83%9C%E3%83%BC" n2="%E6%9C%B1%E9%B7%BA%E6%88%B8%E3%81%97%E3%82%93%E3%82%84" n3="%E3%81%8F%E3%81%95%E3%81%A3%E3%81%9F%E3%81%97%E3%81%9F%E3%81%84" dan="14,14,13,13" rate="1947.38,1916.68,1810.35,1891.31" sx="M,M,M,M"/><TAIKYOKU oya="0"/><INIT seed="0,0,0,2,2,86" ten="250,250,250,250" oya="0" hai0="29,111,24,36,17,3,74,28,64,129,123,43,4" hai1="68,58,0,34,42,113,62,57,26,41,38,51,12" hai2="20,134,63,18,15,117,40,81,65,39,107,77,125" hai3="109,135,32,56,114,116,25,37,131,120,6,110,22"/><T87/><D64/><U88/><E0/><V95/><F117/><W33/><G56/><T35/><D74/><U96/><E113/><V98/><F107/><W93/><G93/><T11/><D43/><N who="1" m="16395" /><E38/><V55/><F125/><W132/><G37/><T76/><D36/><U53/><E68/><V46/><F134/><N who="3" m="51243" /><G114/><T100/><D123/><U14/><E26/><V8/><F55/><W69/><G69/><T59/><D129/><U27/><E27/><V124/><F124/><W80/><G80/><T31/><D111/><N who="3" m="42505" /><G116/><T71/><D71/><U92/><E34/><N who="3" m="13418" /><G131/><T5/><D100/><U23/><E23/><V108/><F108/><W66/><G66/><AGARI ba="0,0" hai="12,14,51,53,57,58,62,66,88,92,96" m="16395" machi="66" ten="30,3900,0" yaku="8,1,52,1,54,1" doraHai="86" who="1" fromWho="3" sc="250,0,250,39,250,0,250,-39" /><INIT seed="1,0,0,1,4,116" ten="250,289,250,211" oya="1" hai0="65,126,101,8,12,102,2,40,69,74,53,88,79" hai1="58,96,75,120,117,3,56,54,27,128,107,48,34" hai2="49,115,110,93,99,81,123,109,86,63,108,14,92" hai3="80,33,118,41,72,7,100,78,82,47,25,73,31"/><U64/><E75/><V45/><F115/><W127/><G100/><T104/><D2/><U83/><E3/><V89/><F63/><W4/><G118/><T9/><D79/><U133/><E117/><V119/><F119/><W85/><G85/><T97/><D74/><U132/><E128/><V39/><F39/><W46/><G46/><T61/><D126/><U68/><E68/><V5/><F5/><W90/><G90/><T18/><D40/><U95/><E107/><V15/><F93/><W134/><G127/><T16/><D53/><U84/><E34/><V135/><F135/><W11/><G11/><T28/><D28/><U44/><E27/><V103/><REACH who="2" step="1"/><F123/><REACH who="2" ten="250,289,240,211" step="2"/><W113/><G113/><T122/><D122/><U50/><E120/><V105/><F105/><W125/><G125/><T106/><D106/><U111/><E133/><V30/><F30/><W70/><G134/><T114/><D114/><U94/><E132/><V23/><F23/><W32/><G32/><T51/><D51/><U52/><E95/><V20/><F20/><W29/><G29/><T42/><D104/><U87/><E83/><V6/><F6/><W13/><G4/><T129/><D61/><N who="1" m="37927" /><E111/><V36/><F36/><N who="3" m="21927" /><G7/><T24/><D18/><U71/><E71/><V60/><F60/><W21/><G21/><N who="0" m="13351" /><D8/><U91/><AGARI ba="0,1" hai="44,48,50,52,54,58,84,87,91,94,96" m="37927" machi="91" ten="30,3000,0" yaku="8,1,54,1" doraHai="116" who="1" fromWho="1" sc="250,-10,289,40,240,-10,211,-10" /><INIT seed="1,1,0,3,5,37" ten="240,329,230,201" oya="1" hai0="93,135,54,120,61,12,1,60,13,121,31,126,34" hai1="14,125,95,110,30,75,11,73,56,132,81,96,45" hai2="46,42,91,115,104,44,43,5,28,58,80,72,20" hai3="29,108,41,40,74,39,98,118,114,99,84,66,131"/><U3/><E132/><V97/><F104/><W89/><G114/><T18/><D1/><U85/><E125/><V8/><F72/><W122/><G122/><N who="0" m="47211" /><D135/><U52/><E3/><V119/><F119/><W19/><G74/><T7/><D126/><U21/><E110/><V113/><F58/><W57/><G39/><T0/><D0/><U76/><E21/><V77/><F77/><W16/><G29/><T100/><D31/><U69/><E30/><V106/><F106/><W109/><G131/><T47/><D34/><U134/><E69/><V105/><F105/><W22/><G118/><T53/><D7/><U63/><E45/><V51/><F28/><W128/><G128/><T78/><D78/><U94/><E134/><V6/><F20/><W116/><G116/><T62/><D47/><U130/><E95/><N who="2" m="56575" /><F80/><N who="3" m="49287" /><G19/><T26/><D26/><U9/><E130/><V107/><F107/><W71/><G71/><T70/><D70/><U127/><E127/><V15/><F5/><W65/><G109/><T88/><D100/><U79/><E75/><V90/><F90/><W123/><G108/><T50/><D50/><U59/><E73/><V55/><F46/><W112/><G112/><AGARI ba="1,0" hai="6,8,15,42,43,44,51,55,112,113,115" m="56575" machi="112" ten="30,3900,0" yaku="11,1,52,2" doraHai="37" who="2" fromWho="3" sc="240,0,329,0,230,42,201,-42" /><INIT seed="2,0,0,0,0,115" ten="240,329,272,159" oya="2" hai0="98,84,23,46,89,114,94,8,44,14,29,73,9" hai1="10,127,71,54,69,61,17,56,101,120,116,43,110" hai2="113,88,75,111,31,118,4,79,18,91,13,128,134" hai3="121,126,62,36,60,104,70,100,16,85,112,133,26"/><V6/><F113/><W66/><G121/><T22/><D73/><U80/><E120/><V74/><F128/><W93/><G112/><T77/><D114/><U63/><E101/><V68/><F68/><W130/><G36/><T64/><D64/><U83/><E127/><V5/><F118/><W96/><G126/><T103/><D77/><U119/><E110/><V107/><F107/><W39/><G39/><T51/><D29/><U105/><E105/><V48/><F134/><W87/><G130/><T21/><D51/><U106/><E106/><V42/><F111/><W38/><G38/><T67/><D67/><U122/><E43/><V124/><F124/><W30/><G133/><T45/><REACH who="0" step="1"/><D14/><REACH who="0" ten="230,329,272,159" step="2"/><U92/><E122/><V11/><F75/><W78/><G62/><T57/><D57/><U50/><E71/><V58/><F74/><W72/><G78/><T95/><AGARI ba="0,1" hai="8,9,21,22,23,44,45,46,84,89,94,95,98,103" machi="95" ten="30,12000,2" yaku="1,1,0,1,8,1,53,3" doraHai="115" doraHaiUra="41" who="0" fromWho="0" sc="230,130,329,-30,272,-60,159,-30" /><INIT seed="3,0,0,5,5,21" ten="360,299,212,129" oya="3" hai0="14,99,58,13,69,60,76,44,36,86,129,28,37" hai1="90,17,2,72,45,126,11,22,117,67,113,34,52" hai2="128,96,112,122,84,121,25,62,26,124,39,134,130" hai3="123,6,16,18,71,93,15,132,78,41,135,131,1"/><W101/><G123/><N who="2" m="47113" /><F39/><W115/><G71/><T35/><D86/><U91/><E34/><V46/><F46/><W20/><G115/><T92/><D13/><U106/><E67/><V119/><F62/><W57/><G41/><T75/><D129/><N who="2" m="49770" /><F96/><N who="3" m="59535" /><G131/><T125/><D14/><U116/><E113/><V109/><F84/><W48/><G18/><T66/><D58/><U51/><E106/><V85/><F85/><W49/><G78/><T133/><D60/><U104/><E104/><V120/><F112/><W83/><G83/><T24/><D92/><U40/><E72/><V74/><F74/><W80/><G80/><T114/><D99/><U68/><E68/><V9/><N who="2" m="47121" /><V54/><DORA hai="4" /><F54/><W47/><G57/><T0/><D66/><U102/><E40/><V23/><F119/><W79/><G79/><T82/><D76/><U103/><E117/><V33/><F109/><W50/><G1/><T43/><D0/><U65/><E116/><V7/><F124/><W32/><G32/><T53/><D125/><U63/><E126/><V87/><F87/><W42/><G6/><T98/><D69/><U81/><E81/><V88/><F88/><W12/><G12/><T29/><D82/><U100/><E2/><N who="2" m="247" /><F134/><AGARI ba="0,0" hai="15,16,20,42,47,48,49,50,132,134,135" m="59535" machi="134" ten="30,2900,0" yaku="20,1,54,1" doraHai="21,4" who="3" fromWho="2" sc="360,0,299,0,212,-29,129,29" /><INIT seed="3,1,0,3,1,46" ten="360,299,183,158" oya="3" hai0="71,124,113,8,68,130,59,116,81,10,18,12,108" hai1="47,96,64,89,6,7,51,117,67,90,129,53,128" hai2="1,13,2,62,57,100,91,134,131,3,5,42,97" hai3="104,43,78,58,87,25,115,33,132,39,94,37,122"/><W17/><G122/><T11/><D116/><U36/><E36/><V95/><F131/><W85/><G104/><T52/><D130/><U22/><E117/><V112/><F112/><W16/><G115/><T50/><D124/><U121/><E121/><V101/><F134/><W54/><G37/><T63/><D113/><U15/><E128/><V88/><F42/><W92/><G132/><T82/><D108/><U29/><E129/><V24/><F24/><W60/><G39/><T79/><D68/><U125/><E125/><V119/><F119/><W114/><G114/><T0/><D0/><U109/><E109/><V69/><F69/><W66/><G43/><T77/><D71/><U40/><E40/><V72/><F72/><W35/><G35/><T48/><D81/><U98/><E29/><V83/><F13/><W14/><G33/><T106/><D106/><U99/><E7/><V110/><F5/><W38/><G38/><T4/><D4/><U26/><E26/><V73/><F110/><W80/><G66/><T120/><D120/><U41/><E41/><V65/><F73/><W103/><G103/><T74/><D74/><U107/><E107/><V123/><F123/><W32/><G32/><T45/><D82/><U44/><E44/><V133/><F133/><W105/><G105/><T27/><D27/><U30/><E30/><V31/><F31/><W84/><G25/><T61/><D79/><U70/><E70/><V28/><F28/><W118/><G118/><T21/><D77/><U23/><E6/><V111/><F111/><W76/><G14/><T86/><D86/><AGARI ba="1,0" hai="1,2,3,57,62,65,83,86,88,91,95,97,100,101" machi="86" ten="40,2600,0" yaku="6,1,54,1" doraHai="46" who="2" fromWho="0" sc="360,-29,299,0,183,29,158,0" owari="331,43.0,299,10.0,212,-19.0,158,-34.0" /></mjloggm>