<mjloggm ver="2.3"><GO type="97" lobby="0"/><UN n0="%41%6D%6F%6B%39%38" n1="%78%78%78%79%7A%2E" n2="%E3%82%A6%E3%83%AB%E3%83%88%E3%83%A9%E7%AB%8B%E7%9B%B4" n3="%74%65%72%72%79%31%33%36" dan="14,13,15,15" rate="1900.97,1873.50,2014.11,1986.40" sx="M,M,M,M"/><TAIKYOKU oya="0"/><INIT seed="0,0,0,5,4,104" ten="250,250,250,250" oya="0" hai0="15,70,55,1,97,92,37,123,42,49,71,20,129" hai1="69,41,64,11,96,39,54,10,50,116,118,121,94" hai2="73,81,134,35,7,100,34,62,8,114,133,27,72" hai3="85,77,125,115,93,52,30,25,120,105,108,131,67"/><T126/><D123/><U18/><E121/><V51/><F51/><W28/><G120/><T56/><D1/><U76/><E76/><V60/><F100/><W57/><G105/><T59/><D129/><U45/><E116/><V21/><F81/><W113/><G131/><T63/><D126/><U26/><E118/><V33/><F114/><W130/><G130/><T36/><D59/><U46/><E18/><V91/><F91/><W99/><G125/><T119/><D119/><U9/><E26/><V127/><F127/><W17/><G67/><T110/><D110/><U65/><REACH who="1" step="1"/><E69/><REACH who="1" ten="250,240,250,250" step="2"/><V31/><F134/><W95/><G115/><T48/><D71/><U23/><E23/><V107/><F133/><W5/><G113/><T122/><D122/><U102/><AGARI ba="0,1" hai="9,10,11,39,41,45,46,50,54,64,65,94,96,102" machi="102" ten="30,4000,0" yaku="1,1,0,1,53,1" doraHai="104" doraHaiUra="98" who="1" fromWho="1" sc="250,-20,240,50,250,-10,250,-10" /><INIT seed="1,0,0,2,4,16" ten="230,290,240,240" oya="1" hai0="37,1,53,19,91,116,27,85,115,14,84,25,126" hai1="93,21,113,121,80,38,106,60,52,59,22,35,92" hai2="36,50,3,34,7,18,9,75,70,112,6,0,13" hai3="94,44,111,2,46,43,99,102,66,131,71,134,96"/><U122/><E35/><V11/><F36/><W51/><G2/><N who="2" m="553" /><F50/><W77/><G111/><T107/><D116/><U63/><E106/><V33/><F70/><W117/><G117/><T54/><D115/><U98/><E38/><V101/><F101/><W10/><G10/><N who="2" m="3593" /><F75/><W20/><G134/><T108/><D1/><U79/><E113/><V61/><F61/><W39/><G131/><T56/><D108/><U83/><E98/><V62/><F62/><W109/><G109/><T65/><D107/><U41/><E41/><V69/><F69/><W28/><G71/><T40/><D126/><U100/><E100/><V30/><F112/><W74/><G66/><T129/><D129/><U81/><E79/><V5/><F30/><W32/><G74/><T86/><D65/><U118/><E118/><V120/><F120/><W128/><G128/><T67/><D37/><U12/><E12/><V119/><F119/><W90/><G77/><T55/><D40/><U49/><E121/><V97/><F97/><W103/><G46/><T124/><D124/><U88/><E122/><V104/><F104/><W57/><G57/><T26/><D91/><U31/><E31/><V105/><F105/><W68/><G68/><T8/><D67/><U24/><E24/><V17/><F17/><W4/><G39/><T130/><D130/><U114/><E114/><V73/><F73/><W47/><G44/><T48/><AGARI ba="0,0" hai="8,14,19,25,26,27,48,53,54,55,56,84,85,86" machi="48" ten="30,2000,0" yaku="0,1,8,1" doraHai="16" who="0" fromWho="0" sc="230,20,290,-10,240,-5,240,-5" /><INIT seed="2,0,0,3,1,133" ten="250,280,235,235" oya="2" hai0="30,127,82,12,114,45,66,126,107,51,132,36,17" hai1="81,13,59,63,42,98,55,92,65,8,1,22,130" hai2="31,101,75,2,56,90,123,64,119,93,118,131,125" hai3="10,3,25,110,109,28,91,116,50,86,72,89,26"/><V121/><F2/><W11/><G72/><T113/><D107/><U62/><E1/><V106/><F56/><W112/><G116/><N who="2" m="44585" /><F64/><W44/><G112/><N who="0" m="43115" /><D36/><U104/><E104/><V111/><F31/><W67/><G67/><T9/><D132/><U74/><E130/><V43/><F43/><W84/><G50/><T97/><D97/><U85/><E74/><V129/><F75/><W120/><G3/><T117/><D117/><U87/><E42/><V108/><F101/><W95/><G44/><T60/><D82/><U128/><E128/><N who="2" m="49227" /><F106/><W135/><G135/><T29/><D60/><U15/><E22/><V23/><F23/><W102/><G102/><T124/><D66/><U18/><E15/><V48/><F48/><W14/><G14/><T53/><AGARI ba="0,0" hai="9,12,17,29,30,45,51,53,124,126,127" m="43115" machi="53" ten="40,8000,1" yaku="18,1,52,3" doraHai="133" who="0" fromWho="0" sc="250,80,280,-20,235,-40,235,-20" /><INIT seed="3,0,0,2,1,49" ten="330,260,195,215" oya="3" hai0="20,105,85,16,114,4,131,63,26,32,101,9,6" hai1="3,5,47,125,48,108,62,77,27,18,117,88,86" hai2="102,0,126,59,127,36,91,67,10,71,23,97,119" hai3="38,24,73,95,74,72,66,123,25,110,107,34,75"/><W11/><G107/><T53/><D131/><U55/><E125/><V76/><F36/><W89/><G123/><T115/><D32/><U57/><E117/><V2/><F71/><W116/><G116/><T64/><D53/><U78/><E5/><V96/><F119/><W54/><G110/><T112/><D85/><U42/><E3/><V103/><F76/><W65/><G38/><T45/><D45/><U84/><E108/><V100/><F23/><W58/><G11/><T13/><D101/><U8/><E86/><V92/><F97/><W50/><N who="3" m="18944" /><DORA hai="17" /><W52/><G54/><T28/><D105/><U51/><E62/><V118/><F118/><W7/><G7/><T44/><D44/><U69/><E69/><AGARI ba="0,0" hai="4,6,9,13,16,20,26,28,63,64,69,112,114,115" machi="69" ten="40,5200,0" yaku="11,1,52,1,54,1" doraHai="49,17" who="0" fromWho="1" sc="330,52,260,-52,195,0,215,0" owari="382,47.0,208,-19.0,195,-30.0,215,2.0" /></mjloggm>