<mjloggm ver="2.3"><GO type="193" lobby="0"/><UN n0="%E5%A4%A9%E5%9F%8E%E4%BC%9A%E2%80%A0%E3%81%A1%E3%82%87%E3%81%B5" n1="%E3%81%A8%E3%81%86%E3%81%B5%E3%80%82%E3%80%82" n2="%E5%B0%B1%E6%B4%BB%E7%94%9F%40%E5%B7%9D%E6%9D%91%E8%BB%8D%E5%9B%A3" n3="%73%6E%6F%6F%6F%70%79" dan="12,7,12,10" rate="1939.36,1500.10,1842.05,1737.05" sx="M,M,M,M"/><TAIKYOKU oya="0"/><INIT seed="0,0,0,4,3,82" ten="250,250,250,250" oya="0" hai0="80,38,92,61,47,62,28,131,124,5,63,134,56" hai1="60,12,68,113,126,8,116,98,39,77,81,66,52" hai2="2,127,75,123,83,129,9,11,88,1,110,69,57" hai3="33,109,118,87,99,4,86,97,17,36,26,41,43"/><T24/><D134/><U49/><E113/><V132/><F69/><W91/><G118/><T133/><D133/><U121/><E116/><V95/><F123/><W122/><G122/><T103/><D131/><U7/><E121/><V74/><F132/><W115/><G115/><T55/><D124/><U23/><E39/><V14/><F129/><W10/><G36/><T15/><D80/><U79/><E126/><V96/><F127/><W27/><G33/><T51/><D5/><U85/><E98/><N who="3" m="37386" /><G91/><T108/><D15/><U94/><E94/><V20/><F110/><W111/><G4/><T67/><D108/><N who="3" m="41545" /><G10/><T46/><D103/><U54/><E23/><V120/><F120/><W78/><G78/><T102/><D102/><U90/><REACH who="1" step="1"/><E54/><REACH who="1" ten="250,240,250,250" step="2"/><V117/><F117/><W37/><G37/><T100/><D100/><U6/><E6/><V72/><F20/><N who="3" m="13583" /><G27/><T34/><D92/><U104/><E104/><V135/><F135/><W128/><G128/><T64/><REACH who="0" step="1"/><D38/><REACH who="0" ten="240,240,250,250" step="2"/><U107/><E107/><V44/><F95/><W130/><G130/><T32/><D32/><U53/><E53/><V16/><F83/><W58/><G41/><T59/><D59/><AGARI ba="0,2" hai="7,8,12,49,52,59,60,66,68,77,79,81,85,90" machi="59" ten="30,7700,0" yaku="1,1,7,1,52,1,54,1,53,0" doraHai="82" doraHaiUra="42" who="1" fromWho="0" sc="240,-77,240,97,250,0,250,0" /><INIT seed="1,0,0,4,4,83" ten="163,337,250,250" oya="1" hai0="132,69,81,35,36,7,133,42,106,105,61,91,62" hai1="11,66,73,103,34,26,72,104,14,124,70,45,37" hai2="115,48,12,131,95,6,23,82,22,119,67,41,114" hai3="28,5,118,97,4,38,108,49,122,92,99,128,102"/><U100/><E124/><V107/><F107/><W16/><G38/><T8/><D35/><U85/><E14/><V78/><F119/><W15/><G118/><T33/><D33/><U18/><E85/><N who="2" m="48343" /><F131/><W0/><G122/><T44/><D105/><U109/><E18/><V52/><F67/><W65/><G128/><T116/><D106/><U25/><E45/><BYE who="1" /><N who="2" m="27663" /><F95/><W59/><G28/><T47/><D116/><U20/><E20/><N who="2" m="7723" /><F41/><W94/><G0/><T60/><D69/><U54/><E54/><V3/><F3/><W125/><G108/><T71/><D71/><U19/><E19/><V130/><F130/><W46/><G125/><T24/><D24/><U50/><E50/><V68/><F68/><W135/><G135/><T40/><D81/><U117/><E117/><V2/><F2/><W98/><G94/><T21/><D21/><U96/><E96/><V51/><F51/><W110/><G110/><T126/><D126/><U76/><E76/><V57/><F57/><W101/><G59/><T120/><D120/><U80/><E80/><V53/><F53/><N who="3" m="29879" /><G65/><T111/><D111/><U32/><E32/><V64/><F64/><W55/><G55/><T58/><D58/><U79/><E79/><V121/><F121/><W30/><G92/><T89/><D133/><U9/><E9/><N who="2" m="4151" /><F115/><W129/><G129/><T77/><D132/><U84/><E84/><V31/><F114/><W112/><G112/><T13/><REACH who="0" step="1"/><D77/><REACH who="0" ten="153,337,250,250" step="2"/><U86/><E86/><V27/><F27/><W90/><G30/><AGARI ba="0,1" hai="30,31" m="4151,7723,27663,48343" machi="30" ten="30,3900,0" yaku="8,1,52,1,54,1" doraHai="83" who="2" fromWho="3" sc="153,0,337,0,250,49,250,-39" /><INIT seed="2,0,0,1,2,115" ten="153,337,299,211" oya="2" hai0="66,92,65,52,100,36,120,126,134,26,50,117,60" hai1="91,10,61,89,64,33,2,94,88,32,83,129,22" hai2="45,25,24,16,53,63,34,78,51,128,118,54,90" hai3="87,133,74,55,106,69,23,13,6,9,43,42,127"/><V105/><F105/><W17/><G74/><T7/><D120/><U62/><E62/><V11/><F128/><W37/><G106/><T5/><D134/><U19/><E19/><V68/><F118/><W104/><G104/><T109/><D109/><U28/><E28/><V39/><F39/><W112/><G127/><T18/><D36/><U77/><E77/><V4/><F78/><W29/><G133/><T35/><D126/><U123/><E123/><V75/><F75/><W132/><G132/><T38/><D38/><U108/><E108/><V21/><F90/><W97/><G69/><T113/><D113/><U124/><E124/><V47/><F68/><W99/><G112/><T107/><D107/><U93/><E93/><V103/><F103/><W119/><G119/><T86/><D117/><U80/><E80/><V31/><F63/><W116/><G116/><T14/><D26/><U48/><E48/><V131/><F131/><W27/><G87/><T70/><D35/><U8/><E8/><V130/><F130/><W1/><G55/><T102/><D66/><U98/><E98/><N who="3" m="37386" /><G37/><T125/><D125/><U121/><E121/><V79/><F79/><W0/><G0/><T67/><D67/><U3/><E3/><V101/><F101/><N who="0" m="39018" /><D92/><U30/><E30/><V40/><REACH who="2" step="1"/><F47/><REACH who="2" ten="153,337,289,211" step="2"/><W73/><G73/><T57/><D86/><U84/><E84/><V71/><F71/><W110/><G110/><T76/><D76/><U122/><E122/><V95/><F95/><W81/><G81/><T58/><D70/><U96/><E96/><V46/><F46/><W72/><G72/><RYUUKYOKU ba="0,1" sc="153,10,337,-30,289,10,211,10" hai0="5,7,14,18,50,52,57,58,60,65" hai2="4,11,16,21,24,25,31,34,40,45,51,53,54" hai3="1,6,9,13,17,23,27,29,42,43" /><INIT seed="2,1,1,2,2,60" ten="163,307,299,221" oya="2" hai0="9,48,102,134,33,91,125,44,87,7,28,53,47" hai1="15,49,75,39,106,2,23,99,114,10,124,130,50" hai2="116,58,111,103,112,101,105,93,126,78,89,29,65" hai3="84,24,31,79,72,92,117,20,115,73,95,16,25"/><V3/><F3/><W63/><G117/><T69/><D134/><U74/><E74/><V67/><F116/><W90/><G115/><T21/><D125/><U100/><E100/><N who="2" m="38475" /><F112/><W129/><G129/><T83/><D69/><U8/><E8/><V34/><F105/><W0/><G0/><T43/><D33/><U127/><E127/><V27/><F126/><W113/><G113/><T12/><D102/><U120/><E120/><V26/><F111/><W118/><G118/><T45/><REACH who="0" step="1"/><D43/><REACH who="0" ten="153,307,299,221" step="2"/><U55/><E55/><V11/><F34/><W62/><G73/><T46/><D46/><U123/><E123/><V13/><F78/><W77/><G72/><T81/><D81/><U76/><E76/><V38/><F38/><W22/><G79/><T37/><D37/><U61/><E61/><N who="3" m="23050" /><G77/><T128/><D128/><U1/><E1/><V36/><F36/><W88/><G90/><T41/><D41/><U35/><E35/><V97/><F58/><W32/><G32/><T71/><D71/><U19/><E19/><N who="2" m="8639" /><F29/><W86/><G95/><T68/><D68/><U131/><E131/><V98/><F98/><AGARI ba="1,2" hai="16,20,22,24,25,31,84,86,88,92,98" m="23050" machi="98" ten="30,3900,0" yaku="8,1,54,2" doraHai="60" who="3" fromWho="2" sc="153,0,307,0,299,-42,221,62" /><INIT seed="3,0,0,0,2,41" ten="153,307,257,283" oya="3" hai0="63,3,48,135,30,65,133,11,4,12,98,99,124" hai1="93,19,55,113,17,10,105,21,110,130,92,49,5" hai2="109,94,68,47,73,56,106,54,57,101,71,85,78" hai3="116,24,61,51,69,80,74,128,70,60,121,102,131"/><W103/><G24/><T23/><D124/><U97/><E97/><V76/><F106/><W96/><G80/><T123/><D123/><U50/><E50/><V64/><F73/><W16/><G51/><T8/><D48/><U117/><E117/><V15/><F109/><W83/><G83/><T59/><D30/><U52/><E52/><V44/><F15/><W7/><G7/><T75/><D23/><U120/><E120/><V87/><F94/><W22/><G74/><T43/><D75/><U13/><E13/><V95/><F95/><W6/><G6/><T77/><D77/><U107/><E107/><V134/><F54/><W132/><G132/><T79/><D79/><U20/><E20/><V26/><F26/><N who="3" m="14663" /><G116/><T114/><D114/><U40/><E40/><V100/><REACH who="2" step="1"/><F64/><REACH who="2" ten="153,307,247,283" step="2"/><W129/><G121/><T62/><D43/><U112/><E112/><V38/><F38/><W127/><G127/><T89/><D62/><N who="3" m="24169" /><G103/><T35/><D35/><U31/><E31/><V67/><F67/><W58/><G58/><T88/><D99/><U82/><E82/><V25/><F25/><W119/><G119/><T33/><D33/><U28/><E28/><V27/><F27/><W9/><G9/><T86/><D98/><U108/><E108/><V66/><F66/><W125/><G125/><T53/><D65/><U36/><E36/><V111/><F111/><W0/><G0/><T46/><D46/><U91/><E91/><V104/><F104/><AGARI ba="0,1" hai="69,70,96,102,104,128,129,131" m="24169,14663" machi="104" ten="30,2900,0" yaku="19,1,54,1" doraHai="41" who="3" fromWho="2" sc="153,0,307,0,247,-29,283,39" owari="153,-35.0,307,11.0,218,-18.0,322,42.0" /></mjloggm>