<mjloggm ver="2.3"><GO type="97" lobby="0"/><UN n0="%E3%82%A6%E3%83%AB%E3%83%88%E3%83%A9%E7%AB%8B%E7%9B%B4" n1="%E6%B4%BE%E9%81%A3%E3%81%AE%E3%82%B8%E3%83%A3%E3%83%83%E3%82%AF" n2="%CF%83%E9%8F%A1" n3="%E7%B4%AB%E8%8B%91%37%32%25" dan="14,15,14,13" rate="1950.41,1982.86,1909.96,1887.46" sx="M,M,M,F"/><TAIKYOKU oya="0"/><INIT seed="0,0,0,3,3,26" ten="250,250,250,250" oya="0" hai0="35,118,92,61,44,133,18,95,80,7,57,16,55" hai1="91,8,43,78,79,93,6,131,33,104,15,29,37" hai2="134,74,127,86,98,112,5,34,14,27,120,53,130" hai3="4,117,73,106,105,100,12,62,85,40,122,30,63"/><T115/><D115/><U87/><E131/><V47/><F74/><W38/><G73/><T128/><D118/><U88/><E104/><V65/><F112/><W111/><G117/><T66/><D35/><U58/><E58/><V49/><F120/><W24/><G111/><T110/><D128/><U90/><E37/><V135/><F130/><W50/><G38/><T10/><D110/><U123/><E43/><V67/><F127/><W101/><G122/><T31/><D133/><N who="2" m="50698" /><F34/><W89/><G106/><T41/><D31/><U52/><E123/><V32/><F32/><W21/><G105/><T69/><D80/><U72/><E52/><V22/><F98/><W113/><G113/><T99/><D41/><U125/><E125/><V36/><F36/><W28/><G50/><N who="0" m="29127" /><D69/><U76/><REACH who="1" step="1"/><E72/><REACH who="1" ten="250,240,250,250" step="2"/><V126/><F126/><W64/><G40/><T83/><D57/><U116/><E116/><V17/><F86/><W107/><G85/><T9/><D61/><U1/><E1/><V102/><F67/><W81/><G64/><T19/><D66/><U23/><E23/><V84/><F65/><W121/><G21/><T77/><D99/><U82/><E82/><V42/><F84/><W109/><G109/><T3/><D9/><U56/><E56/><V11/><F53/><W97/><G97/><T68/><D68/><U60/><E60/><V70/><F70/><W124/><G63/><T0/><D0/><U129/><E129/><V51/><F51/><W94/><G62/><T45/><D45/><U54/><E54/><V39/><F39/><W114/><G114/><T71/><D71/><RYUUKYOKU ba="0,1" sc="250,10,240,10,250,10,250,-30" hai0="3,7,10,16,18,19,77,83,92,95" hai1="6,8,15,29,33,76,78,79,87,88,90,91,93" hai2="5,11,14,17,22,27,42,47,49,102" /><INIT seed="0,1,1,4,5,59" ten="260,250,260,220" oya="0" hai0="105,98,14,1,38,67,60,65,27,3,104,90,101" hai1="18,124,66,54,72,89,71,78,36,25,4,80,82" hai2="2,10,92,110,0,61,118,20,49,23,107,28,7" hai3="100,6,30,75,121,29,11,114,46,58,21,119,37"/><T84/><D38/><U133/><E124/><V109/><F107/><W55/><G114/><T22/><D105/><U93/><E36/><V131/><F131/><W47/><G119/><T39/><D39/><U62/><E133/><V79/><F118/><W112/><G112/><T126/><D14/><U69/><E4/><V5/><F79/><W135/><G75/><T33/><D126/><U9/><E80/><V122/><F122/><W108/><G108/><N who="2" m="41577" /><F92/><W70/><G70/><T32/><D65/><U45/><E9/><N who="2" m="2215" /><F49/><W68/><G68/><T43/><D43/><U128/><E128/><V130/><F130/><W103/><G37/><T64/><D64/><U15/><E15/><V17/><F17/><W53/><G121/><T35/><D90/><U134/><E134/><V40/><F40/><W81/><G135/><T34/><D84/><U63/><E71/><V73/><F73/><W116/><G81/><T87/><D87/><U96/><E66/><V129/><F129/><W8/><G58/><T77/><N who="0" m="8704" /><DORA hai="56" /><T26/><D77/><U44/><E69/><V31/><F61/><N who="1" m="23049" /><E54/><V102/><F102/><W83/><G55/><T52/><D52/><U57/><E57/><V76/><F76/><W42/><G100/><T94/><D67/><U132/><E132/><V123/><F123/><W120/><G103/><T91/><D60/><U13/><E25/><V51/><F51/><W85/><G53/><T48/><D48/><U24/><E24/><V99/><F99/><W16/><G120/><T12/><D27/><U106/><E106/><V86/><F86/><W88/><G116/><RYUUKYOKU ba="1,1" sc="260,-15,250,15,260,15,220,-15" hai1="13,18,44,45,72,78,82,89,93,96" hai2="2,7,10,20,23,28,31" /><INIT seed="1,2,1,0,4,60" ten="245,265,275,205" oya="1" hai0="46,19,15,64,102,17,26,109,76,1,108,134,49" hai1="88,2,78,47,111,83,105,91,92,80,6,119,116" hai2="115,79,42,65,62,123,66,87,30,89,52,95,20" hai3="23,110,81,13,38,33,0,135,75,34,113,73,22"/><U57/><E105/><V28/><F115/><W39/><G113/><T118/><D1/><U99/><E111/><N who="0" m="42569" /><D118/><U48/><E57/><N who="2" m="35111" /><F42/><W27/><G110/><T3/><D3/><U96/><E6/><V74/><F74/><W4/><G0/><T9/><D134/><U37/><E2/><V128/><F128/><W54/><G4/><N who="0" m="3495" /><D76/><U132/><E132/><V112/><F112/><W77/><G135/><T114/><D114/><U129/><E37/><V86/><F123/><W41/><G41/><N who="0" m="24783" /><D102/><U14/><E129/><V24/><F30/><W103/><G103/><T94/><D94/><U107/><E78/><V70/><F70/><W12/><G77/><T55/><D55/><U56/><E107/><V131/><F131/><W72/><G72/><T84/><D84/><N who="2" m="32298" /><F79/><W16/><G54/><T25/><D64/><U106/><E106/><V45/><F45/><W36/><G36/><T120/><D120/><U63/><E47/><V117/><F117/><W50/><G50/><T124/><D124/><U7/><E48/><V90/><F90/><W44/><G44/><T68/><D68/><U58/><E116/><V93/><F93/><W85/><G85/><AGARI ba="2,1" hai="20,24,28,65,66,85,89,95" m="32298,35111" machi="85" ten="30,7700,0" yaku="8,1,52,2,54,1" doraHai="60" who="2" fromWho="3" sc="245,0,265,0,275,93,205,-83" /><INIT seed="2,0,0,0,4,110" ten="245,265,368,122" oya="2" hai0="1,29,97,99,19,57,63,68,76,11,13,62,31" hai1="92,88,46,96,111,32,79,23,6,73,106,75,119" hai2="118,40,45,12,102,94,35,30,130,49,89,81,17" hai3="86,87,44,7,80,52,126,133,0,124,50,135,3"/><V101/><F130/><W83/><G7/><T20/><D76/><U54/><E32/><V53/><F118/><W114/><G44/><T56/><D68/><U134/><E119/><V5/><F5/><W93/><G93/><T61/><D1/><U10/><E111/><V34/><F81/><N who="3" m="31307" /><G50/><T21/><D11/><U109/><E134/><N who="3" m="51210" /><G52/><T72/><D72/><U66/><E66/><V103/><F30/><W59/><G59/><T64/><D64/><U41/><E109/><V132/><F132/><W100/><G100/><T15/><D61/><U51/><E106/><V27/><F27/><W71/><G71/><T65/><D65/><U38/><E79/><V70/><F70/><W107/><G107/><T24/><D24/><U14/><REACH who="1" step="1"/><E23/><REACH who="1" ten="245,255,368,122" step="2"/><N who="2" m="11687" /><F34/><W105/><G105/><T131/><D131/><U127/><E127/><N who="3" m="48682" /><G114/><T98/><D21/><U104/><E104/><V36/><F35/><W69/><G69/><T47/><D20/><U108/><E108/><V4/><F36/><W25/><G25/><T82/><D62/><U125/><E125/><V77/><F77/><W90/><G90/><T43/><D63/><U74/><E74/><V9/><F40/><W2/><AGARI ba="0,1" hai="0,2,3,86,87" m="48682,51210,31307" machi="2" ten="40,8000,1" yaku="28,2,20,1,18,1" doraHai="110" who="3" fromWho="3" sc="245,-20,255,-20,368,-40,122,90" /><INIT seed="3,0,0,0,4,67" ten="225,235,328,212" oya="3" hai0="84,77,131,59,52,42,7,104,98,108,43,13,81" hai1="82,24,8,6,49,23,106,38,54,130,9,11,30" hai2="78,119,45,105,111,53,62,74,20,97,14,50,96" hai3="72,126,10,12,60,129,4,31,51,89,125,76,133"/><W135/><G31/><T75/><D131/><U121/><E106/><V90/><F119/><W103/><G129/><T63/><D108/><U25/><E38/><V83/><F111/><W64/><G103/><T110/><D110/><U112/><E112/><V79/><F79/><W55/><G89/><T44/><D75/><U1/><E130/><V47/><F105/><W18/><G4/><T33/><D33/><U132/><E132/><N who="3" m="50762" /><G76/><T113/><D113/><U128/><E128/><V123/><F123/><W92/><G92/><T57/><D104/><U134/><E134/><V66/><F90/><W127/><G72/><T32/><D32/><U80/><E121/><V122/><F122/><W71/><G127/><T36/><D98/><U27/><E1/><V17/><F47/><AGARI ba="0,0" hai="10,12,18,47,51,55,60,64,71,125,126" m="50762" machi="47" ten="30,2900,0" yaku="20,1,52,1" doraHai="67" who="3" fromWho="2" sc="225,0,235,0,328,-29,212,29" /><INIT seed="3,1,0,0,2,116" ten="225,235,299,241" oya="3" hai0="108,11,39,76,44,60,122,92,134,16,3,73,8" hai1="46,128,118,109,41,15,84,54,37,10,96,77,98" hai2="129,110,0,18,89,52,38,22,88,27,126,63,26" hai3="97,31,124,64,65,132,7,68,20,56,107,104,36"/><W99/><G68/><T127/><D92/><U82/><E109/><V78/><F0/><W13/><G36/><T94/><D94/><U86/><E118/><V80/><F38/><W130/><G130/><T125/><D60/><U71/><E128/><V19/><F110/><W105/><G31/><T25/><D108/><U1/><E71/><V59/><F126/><N who="0" m="48138" /><D134/><U4/><E54/><V119/><F119/><W70/><G70/><T100/><D100/><U135/><E135/><V79/><F129/><W48/><G132/><T83/><D122/><U45/><E45/><V47/><F47/><W133/><G133/><T101/><D101/><U103/><E15/><V6/><F6/><W2/><G124/><T32/><D3/><U93/><REACH who="1" step="1"/><E98/><REACH who="1" ten="225,225,299,241" step="2"/><V114/><F114/><W131/><G99/><T67/><D67/><U123/><E123/><V43/><F43/><W117/><G97/><T102/><D102/><U9/><E9/><V21/><F79/><W90/><G65/><T111/><D111/><U5/><E5/><V120/><F120/><W34/><G7/><T23/><D32/><U57/><E57/><V81/><F81/><W95/><G34/><T106/><D106/><U55/><E55/><V40/><F40/><AGARI ba="1,1" hai="8,11,16,23,25,39,40,44,73,76,83" m="48138" machi="40" ten="30,2000,0" yaku="18,1,54,1" doraHai="116" who="0" fromWho="2" sc="225,33,225,0,299,-23,241,0" /><INIT seed="4,0,0,4,0,124" ten="258,225,276,241" oya="0" hai0="113,82,19,73,3,98,2,10,7,24,47,18,100" hai1="66,5,11,26,48,128,50,105,56,12,21,68,23" hai2="36,83,132,118,43,6,49,103,104,64,72,28,135" hai3="25,65,57,93,92,95,53,91,130,101,80,84,86"/><T31/><D113/><U131/><E105/><V133/><F36/><W0/><G0/><T34/><D3/><U115/><E115/><V42/><F118/><W76/><G65/><T99/><D99/><U8/><E68/><V97/><F64/><W114/><G114/><T110/><D110/><U37/><E37/><V44/><F6/><W106/><G130/><N who="1" m="49706" /><E11/><V54/><F28/><W4/><G4/><T74/><D47/><U85/><E85/><V117/><F117/><W22/><G101/><T88/><D74/><U120/><E120/><V27/><F27/><W126/><G126/><T75/><D75/><U39/><E39/><V108/><F108/><W51/><REACH who="3" step="1"/><G106/><REACH who="3" ten="258,225,276,231" step="2"/><T32/><D73/><U94/><E94/><V46/><F44/><W61/><G61/><T30/><D82/><U41/><E26/><V109/><F109/><W107/><G107/><T81/><D81/><U60/><E50/><V67/><F67/><W38/><G38/><T90/><D24/><U71/><E41/><V102/><F103/><W121/><G121/><T119/><D100/><U127/><E127/><V78/><AGARI ba="0,1" hai="42,43,46,49,54,72,78,83,97,102,104,132,133,135" machi="78" ten="40,2700,0" yaku="0,1,20,1" doraHai="124" who="2" fromWho="2" sc="258,-13,225,-7,276,37,231,-7" owari="245,5.0,218,-28.0,313,41.0,224,-18.0" /></mjloggm>