<mjloggm ver="2.3"><GO type="169" lobby="0"/><UN n0="%EF%BF%A1%E3%81%BA%E3%82%93%E3%81%BA%E3%82%93%EF%BF%A1" n1="%E3%83%87%E3%82%B8%E3%82%BF%E3%83%AB%E4%BB%99%E4%BA%BA" n2="%E3%82%A6%E3%83%AB%E3%83%88%E3%83%A9%E7%AB%8B%E7%9B%B4" n3="%E3%81%8B%E3%81%97%E3%81%8B%E3%81%8A" dan="18,17,16,17" rate="2208.93,2133.98,2133.81,2212.58" sx="M,F,M,M"/><TAIKYOKU oya="0"/><INIT seed="0,0,0,4,2,22" ten="250,250,250,250" oya="0" hai0="130,19,5,123,69,102,71,8,40,132,20,126,121" hai1="56,9,105,24,127,86,7,61,29,60,43,95,135" hai2="109,54,118,80,57,62,122,100,48,131,114,45,97" hai3="101,17,42,30,96,53,32,15,75,117,76,84,88"/><T2/><D130/><U103/><E135/><V104/><F122/><W106/><G117/><T27/><D132/><U21/><E127/><V65/><F131/><W1/><G1/><T113/><D126/><U12/><E105/><V87/><F114/><W46/><G53/><T34/><D113/><U58/><E43/><V36/><F109/><W89/><G30/><T134/><D134/><U92/><E103/><V14/><F36/><W93/><G32/><T26/><D40/><U0/><E0/><V129/><F129/><W38/><G89/><T66/><D102/><U111/><E111/><V63/><F118/><W50/><G38/><T37/><D37/><U124/><E124/><V116/><F116/><W47/><G47/><T25/><D34/><U99/><E86/><V128/><F128/><W18/><REACH who="3" step="1"/><G15/><REACH who="3" ten="250,250,250,240" step="2"/><T11/><D123/><U119/><E119/><V51/><F14/><W13/><G13/><N who="0" m="7615" /><D121/><U82/><E82/><AGARI ba="0,1" hai="17,18,42,46,50,75,76,82,84,88,93,96,101,106" machi="82" ten="40,8000,1" yaku="1,1,24,2,54,1,53,0" doraHai="22" doraHaiUra="16" who="3" fromWho="1" sc="250,0,250,-80,250,0,240,90" /><INIT seed="1,0,0,2,1,24" ten="250,170,250,330" oya="1" hai0="2,99,107,121,74,135,64,126,21,84,37,109,31" hai1="9,7,95,15,117,60,98,68,106,77,97,23,128" hai2="63,66,130,46,114,29,78,80,94,70,110,36,76" hai3="85,41,40,56,5,30,32,44,87,118,59,86,92"/><U8/><E117/><V55/><F110/><W3/><G118/><T124/><D74/><U33/><E128/><V19/><F130/><W18/><G3/><T75/><D75/><U12/><E33/><V39/><F114/><W81/><G5/><T100/><D109/><U88/><E77/><V34/><F78/><W22/><G32/><T112/><D112/><U53/><E23/><V0/><F0/><W13/><G81/><T113/><D113/><U134/><E134/><V25/><F19/><W105/><G105/><T101/><D2/><U133/><E133/><V6/><F6/><W27/><G92/><T115/><D37/><U61/><E68/><V108/><F108/><W17/><G17/><T132/><D64/><U65/><E65/><V35/><F35/><W79/><G79/><T123/><D115/><U38/><E38/><V43/><F94/><W131/><G131/><T42/><D42/><N who="3" m="16489" /><G44/><T58/><D101/><U125/><E125/><N who="0" m="48233" /><D84/><U102/><REACH who="1" step="1"/><E53/><REACH who="1" ten="250,160,250,330" step="2"/><V28/><F55/><W89/><G89/><T11/><D135/><U127/><E127/><V104/><F39/><W93/><G93/><T116/><D132/><U91/><E91/><V51/><F104/><W52/><G52/><T4/><D116/><U71/><E71/><V50/><REACH who="2" step="1"/><F29/><REACH who="2" ten="250,160,240,330" step="2"/><W26/><G30/><T45/><D31/><U82/><E82/><V111/><F111/><W67/><G67/><T20/><D107/><U49/><E49/><V90/><F90/><W119/><G119/><T72/><D100/><U54/><E54/><V73/><AGARI ba="0,2" hai="25,28,34,36,43,46,50,51,63,66,70,73,76,80" machi="73" ten="20,5200,0" yaku="1,1,0,1,7,1,52,1,53,0" doraHai="24" doraHaiUra="83" who="2" fromWho="2" sc="250,-13,160,-26,240,72,330,-13" /><INIT seed="2,0,0,4,3,114" ten="237,134,312,317" oya="2" hai0="80,129,1,64,43,60,70,48,63,98,65,82,44" hai1="8,72,113,96,89,110,126,118,19,22,76,103,102" hai2="42,97,66,67,51,125,16,37,52,105,58,55,131" hai3="29,32,24,23,100,111,69,71,74,28,39,109,93"/><V13/><F125/><W3/><G39/><T30/><D1/><U0/><E110/><N who="3" m="41994" /><G74/><T121/><D121/><U81/><E126/><V122/><F122/><W38/><G38/><T31/><D129/><U34/><E113/><V21/><F131/><W106/><G106/><T86/><D98/><U7/><E34/><V45/><F105/><W20/><G3/><T92/><D92/><U84/><E96/><V35/><F35/><W107/><G107/><T90/><REACH who="0" step="1"/><D82/><REACH who="0" ten="227,134,312,317" step="2"/><U99/><E99/><V40/><F97/><W78/><G93/><T73/><D73/><U88/><E103/><V17/><F42/><W25/><G100/><T117/><D117/><U49/><E102/><V53/><F40/><W79/><G32/><T101/><D101/><U116/><E49/><V9/><F37/><W27/><G27/><T61/><D61/><U50/><E50/><N who="2" m="30999" /><F55/><W56/><G24/><AGARI ba="0,1" hai="9,13,16,17,21,24,45,51,53,66,67" m="30999" machi="24" ten="30,5800,0" yaku="8,1,54,2" doraHai="114" who="2" fromWho="3" sc="227,0,134,0,312,68,317,-58" /><INIT seed="2,1,0,2,1,47" ten="227,134,380,259" oya="2" hai0="3,41,75,101,70,66,32,76,59,44,131,111,74" hai1="119,123,25,107,71,78,7,5,56,30,14,85,48" hai2="89,65,105,40,42,100,95,128,8,116,45,124,88" hai3="77,94,83,129,0,64,121,115,21,50,12,37,15"/><V4/><F116/><W127/><G37/><T2/><D59/><U103/><E71/><V58/><F105/><W61/><G0/><T102/><D111/><U24/><E119/><V93/><F124/><W120/><G127/><T98/><D101/><U17/><E123/><V55/><F65/><W112/><G129/><T122/><D122/><N who="3" m="47209" /><G94/><T73/><D32/><U35/><E24/><V91/><F128/><W20/><G12/><T23/><D23/><U108/><E108/><V16/><F4/><W110/><G15/><T87/><D131/><U69/><E69/><V38/><F100/><W60/><G110/><T10/><D87/><U11/><E103/><V31/><F31/><W84/><G50/><T29/><D76/><U133/><E107/><V54/><F38/><W19/><G19/><T92/><D29/><U125/><E125/><V97/><F97/><W51/><G51/><T79/><D79/><U67/><E5/><V52/><F58/><N who="3" m="36887" /><G61/><N who="0" m="40271" /><D10/><U36/><E36/><V63/><F63/><W57/><G57/><T49/><D2/><U6/><E6/><V46/><F16/><W43/><G43/><N who="2" m="16425" /><F8/><W126/><G126/><T132/><D3/><U53/><E17/><V68/><F68/><W90/><G77/><T81/><D81/><N who="1" m="47287" /><E67/><V135/><F135/><W28/><G28/><T34/><D132/><U1/><E133/><V106/><F106/><W39/><G39/><T9/><D34/><U18/><E1/><V22/><F22/><W13/><G13/><T72/><N who="0" m="18432" /><DORA hai="33" /><T113/><D9/><U80/><E18/><V117/><F117/><W62/><G62/><RYUUKYOKU ba="1,0" sc="227,0,134,0,380,0,259,0" hai0="41,44,49,92,98,102,113" hai1="7,11,14,25,30,35,48,53,56,80" hai2="45,46,52,54,55,88,89,91,93,95" hai3="20,21,83,84,90,112,115" /><INIT seed="2,2,0,0,3,101" ten="227,134,380,259" oya="2" hai0="100,103,108,30,21,38,45,81,0,19,42,4,93" hai1="113,132,3,22,8,120,89,2,130,75,92,37,33" hai2="59,123,16,112,79,61,124,63,77,104,1,105,73" hai3="32,54,98,91,88,58,35,64,74,29,15,40,109"/><V26/><F1/><W70/><G74/><T12/><D108/><U80/><E33/><V67/><F123/><W46/><G109/><T119/><D119/><U87/><E120/><V68/><F112/><W49/><G29/><T25/><D93/><U110/><E113/><V95/><F124/><W34/><G15/><T125/><D125/><U82/><E110/><V43/><F43/><W118/><G118/><T55/><D55/><U116/><E116/><V27/><F95/><W47/><G47/><T44/><D44/><U96/><E132/><V36/><F36/><N who="3" m="21767" /><G98/><T56/><D56/><U24/><E37/><V23/><F27/><W31/><G31/><T72/><D81/><U6/><E2/><V71/><F71/><W134/><G134/><T127/><D72/><U97/><E82/><V121/><F121/><W94/><G94/><T117/><D117/><U48/><E75/><V7/><F7/><W90/><G32/><N who="0" m="20559" /><D127/><U69/><E69/><V62/><F62/><AGARI ba="2,0" hai="34,35,49,54,58,62,64,70,88,90,91" m="21767" machi="62" ten="30,2000,0" yaku="24,1,54,1" doraHai="101" who="3" fromWho="2" sc="227,0,134,0,380,-26,259,26" /><INIT seed="3,0,0,3,1,133" ten="227,134,354,285" oya="3" hai0="30,65,119,63,40,100,127,104,126,47,130,61,52" hai1="50,37,95,22,36,72,31,70,67,19,97,118,43" hai2="112,24,131,56,102,69,32,89,18,123,6,68,41" hai3="51,120,108,66,28,93,90,16,132,81,23,96,128"/><W45/><G120/><T3/><D3/><U87/><E72/><V49/><F89/><W54/><G132/><T105/><D119/><U17/><E118/><V42/><F102/><W84/><G128/><T4/><D130/><U76/><E70/><V64/><F24/><W39/><G39/><T9/><D30/><U53/><E67/><V92/><F18/><W83/><G108/><T29/><D29/><U12/><E31/><V13/><F92/><W135/><G135/><T115/><D115/><U107/><E107/><N who="0" m="41033" /><D100/><U21/><E43/><V10/><F13/><W7/><G66/><T91/><D91/><U25/><E76/><V101/><F101/><W124/><G7/><T48/><D40/><U34/><E34/><V14/><F42/><W75/><G28/><T46/><D46/><U35/><E35/><V99/><F32/><W5/><G5/><T27/><D27/><U122/><E122/><V20/><F6/><W38/><G38/><T134/><D134/><U62/><E62/><N who="0" m="23561" /><D65/><U109/><E109/><V88/><F64/><W79/><G81/><T8/><D4/><U86/><E37/><V0/><F0/><W80/><G80/><T111/><D111/><U82/><E82/><V117/><F117/><W121/><G121/><T98/><D98/><U78/><E36/><V58/><F41/><W74/><G74/><T73/><D73/><U59/><REACH who="1" step="1"/><E78/><REACH who="1" ten="227,124,354,285" step="2"/><V1/><F123/><W106/><G75/><T57/><D57/><U77/><E77/><V113/><F131/><W15/><G106/><T114/><D114/><U71/><E71/><V129/><F129/><RYUUKYOKU ba="0,1" sc="227,10,124,10,354,-30,285,10" hai0="8,9,47,48,52,126,127" hai1="12,17,19,21,22,25,50,53,59,86,87,95,97" hai3="15,16,23,45,51,54,79,83,84,90,93,96,124" /><INIT seed="3,1,1,1,2,71" ten="237,134,324,295" oya="3" hai0="63,3,46,42,8,84,38,113,93,50,122,72,43" hai1="4,25,124,7,131,0,5,68,81,75,129,74,39" hai2="105,101,57,104,65,99,22,34,92,9,56,112,132" hai3="118,20,111,13,134,70,23,98,89,48,52,24,94"/><W128/><G70/><T28/><D122/><U16/><E68/><V10/><F34/><W106/><G118/><T18/><D113/><U44/><E0/><V79/><F112/><W108/><G106/><T115/><D28/><U35/><E124/><V40/><F132/><W45/><G134/><T82/><D115/><U12/><E25/><V91/><F79/><W103/><G128/><N who="1" m="49226" /><E35/><V1/><F105/><W21/><G13/><N who="0" m="7463" /><D38/><U36/><E44/><V87/><F40/><W114/><G114/><T133/><D72/><N who="1" m="27691" /><E81/><V55/><F1/><W41/><G103/><T15/><D3/><U109/><E109/><N who="3" m="42058" /><G41/><T100/><D133/><U61/><E61/><V83/><F104/><W64/><G64/><T27/><D63/><U85/><E85/><V19/><F65/><W110/><N who="3" m="42066" /><W58/><DORA hai="67" /><G45/><T78/><D15/><U59/><E59/><N who="2" m="22603" /><F55/><W69/><G69/><T49/><D27/><AGARI ba="1,1" hai="9,10,19,22,27,83,87,91,92,99,101" m="22603" machi="27" ten="30,1000,0" yaku="8,1" doraHai="71,67" who="2" fromWho="0" sc="237,-13,134,0,324,23,295,0" /><AGARI ba="1,0" hai="20,21,23,24,27,48,52,58,89,94,98" m="42066" machi="27" ten="50,9600,0" yaku="14,1,10,1,54,1" doraHai="71,67" who="3" fromWho="0" sc="224,-96,134,0,347,0,295,96" /><INIT seed="3,2,0,5,3,41" ten="128,134,347,391" oya="3" hai0="24,124,119,82,118,51,112,12,65,116,106,129,64" hai1="102,101,37,91,6,133,79,27,26,100,17,131,61" hai2="48,120,35,83,72,58,22,19,68,132,117,34,89" hai3="107,97,56,123,125,11,14,128,2,36,59,78,71"/><W62/><G36/><T93/><D106/><U105/><E133/><V95/><F68/><W73/><G2/><T92/><D124/><U60/><E105/><V0/><F0/><W77/><G123/><T86/><D129/><U109/><E131/><V23/><F117/><W29/><G128/><T55/><D24/><U134/><E134/><V104/><F104/><W10/><G29/><T113/><D12/><U122/><E122/><V76/><F132/><W121/><G121/><T90/><D93/><U52/><E6/><V47/><F58/><W110/><G71/><T33/><D33/><U20/><E79/><V57/><F57/><W25/><G25/><T1/><D1/><U42/><E109/><V43/><F120/><W99/><G107/><T50/><D50/><U135/><E135/><V40/><F40/><W18/><G73/><T63/><D82/><U32/><E91/><V84/><F23/><W13/><G18/><T16/><D16/><U45/><REACH who="1" step="1"/><E52/><REACH who="1" ten="128,124,347,391" step="2"/><V74/><F74/><W75/><G75/><T69/><REACH who="0" step="1"/><D64/><REACH who="0" ten="118,124,347,391" step="2"/><U66/><E66/><V67/><F67/><W49/><G125/><T94/><D94/><U111/><E111/><V127/><F127/><W30/><G110/><T108/><D108/><U87/><E87/><V3/><F3/><W80/><G62/><T114/><D114/><U44/><E44/><AGARI ba="2,2" hai="44,51,55,63,65,69,86,90,92,112,113,116,118,119" machi="44" ten="40,5200,0" yaku="1,1,52,1,53,1" doraHai="41" doraHaiUra="46" who="0" fromWho="1" sc="118,78,124,-58,347,0,391,0" /><INIT seed="4,0,0,4,1,71" ten="196,66,347,391" oya="0" hai0="98,21,45,36,81,93,84,90,17,73,107,85,133" hai1="3,132,19,103,41,75,67,101,117,20,26,126,130" hai2="39,69,55,31,91,135,50,76,33,40,87,37,109" hai3="111,118,110,128,44,64,99,27,86,131,125,102,57"/><T89/><D133/><U11/><E117/><V127/><F76/><W6/><G118/><T95/><D73/><U124/><E75/><V100/><F100/><W113/><G113/><T70/><D70/><U42/><E132/><V53/><F31/><W119/><G119/><T116/><D116/><U65/><E130/><N who="3" m="49706" /><G125/><T129/><D107/><U12/><E3/><V24/><F24/><W30/><G6/><T88/><D129/><U80/><E80/><V94/><F33/><N who="3" m="20703" /><G86/><T114/><D114/><U68/><E68/><V2/><F2/><W108/><G44/><T8/><D8/><U1/><E1/><V106/><F106/><N who="3" m="63839" /><G57/><T120/><D120/><U32/><E32/><V54/><F69/><W0/><G0/><T14/><D45/><U115/><E115/><V72/><F72/><W47/><G47/><T9/><D9/><U78/><E78/><V38/><F135/><W77/><G77/><T49/><D49/><U34/><E34/><V15/><F127/><W25/><G25/><T66/><REACH who="0" step="1"/><D36/><REACH who="0" ten="186,66,347,391" step="2"/><U23/><E11/><V56/><F50/><W29/><G108/><T122/><D122/><U79/><E124/><V16/><F109/><W22/><G110/><T97/><D97/><U18/><E126/><V62/><F40/><W60/><G111/><T121/><D121/><U58/><E42/><V35/><F38/><W63/><G63/><T43/><D43/><U83/><E41/><V59/><F37/><W105/><G105/><T74/><D74/><N who="1" m="43511" /><E58/><V7/><F56/><N who="3" m="36871" /><G29/><T4/><D4/><U82/><E82/><V104/><F59/><W5/><G5/><RYUUKYOKU ba="0,1" sc="186,10,66,10,347,-30,391,10" hai0="14,17,21,66,81,84,85,88,89,90,93,95,98" hai1="12,18,19,20,23,26,65,67,101,103" hai3="22" /><INIT seed="4,1,1,0,4,7" ten="196,76,317,401" oya="0" hai0="12,63,125,69,66,19,85,24,4,118,94,45,98" hai1="14,117,0,111,135,128,100,34,8,32,1,67,65" hai2="103,51,49,50,57,71,40,133,59,75,91,113,16" hai3="124,26,92,73,106,47,25,9,18,62,93,52,27"/><T11/><D118/><U41/><E117/><V10/><F71/><W60/><G73/><T97/><D125/><U64/><E111/><V13/><F75/><W79/><G106/><T80/><D45/><U126/><E126/><V74/><F74/><W44/><G124/><T104/><D104/><U23/><E135/><V123/><F123/><W21/><G79/><T33/><D94/><N who="3" m="36457" /><G9/><T112/><D112/><U88/><E128/><V54/><F133/><W28/><G28/><T2/><D24/><N who="3" m="9321" /><G47/><T101/><D101/><U120/><E23/><V87/><F103/><W35/><G35/><T96/><D33/><U36/><E100/><V29/><F29/><W30/><G18/><T58/><D69/><U77/><E77/><V99/><F99/><W48/><AGARI ba="1,1" hai="21,27,30,44,48,52,60,62" m="9321,36457" machi="48" ten="30,2000,0" yaku="8,1,54,1" doraHai="7" who="3" fromWho="3" sc="196,-11,76,-6,317,-6,401,33" /><INIT seed="5,0,0,0,0,120" ten="185,70,311,434" oya="1" hai0="81,8,75,12,71,99,16,66,108,31,91,96,1" hai1="72,32,69,90,47,105,126,87,73,135,77,56,27" hai2="15,70,59,101,11,86,37,123,6,2,28,127,55" hai3="63,82,94,46,79,117,74,24,33,115,130,57,21"/><U26/><E69/><V3/><F37/><W132/><G33/><T107/><D108/><U22/><E105/><V124/><F70/><W61/><G115/><T85/><D75/><U88/><E77/><V49/><F123/><W23/><G132/><T0/><D107/><U80/><E135/><V25/><F86/><N who="3" m="48479" /><G130/><T18/><D31/><U10/><E47/><V29/><F101/><W5/><G74/><T103/><D0/><U42/><E42/><V83/><F83/><W36/><G36/><T54/><D1/><U119/><E119/><V44/><F29/><W52/><G5/><N who="0" m="3087" /><D66/><U113/><E113/><V118/><F118/><W35/><G35/><T131/><D131/><U78/><E10/><V7/><F44/><W114/><G114/><T4/><D4/><U104/><E104/><V58/><F58/><N who="3" m="35015" /><G46/><T122/><D122/><U95/><E32/><N who="2" m="20495" /><F7/><W128/><G24/><T134/><D71/><U9/><E73/><V76/><F76/><W68/><G68/><T84/><D84/><U14/><E56/><V110/><F3/><W45/><G45/><T125/><D125/><N who="2" m="48202" /><F2/><W50/><G128/><T109/><D103/><U129/><E129/><V102/><F102/><W39/><G39/><T13/><D85/><U17/><E126/><V100/><F100/><W60/><G117/><T89/><D81/><U112/><E112/><V41/><F41/><W97/><G50/><T62/><D134/><U111/><E90/><V106/><F106/><W19/><G63/><T98/><D91/><U30/><E27/><V48/><F48/><W40/><G40/><T38/><D89/><RYUUKYOKU ba="0,0" sc="185,-15,70,15,311,15,434,-15" hai1="9,14,17,22,26,30,72,78,80,87,88,95,111" hai2="6,11,15,49,55,59,110" /><INIT seed="5,1,0,1,1,44" ten="170,85,326,419" oya="1" hai0="114,15,121,3,57,123,50,70,96,46,84,91,16" hai1="35,131,94,48,52,40,28,95,36,103,89,31,75" hai2="110,81,73,45,97,43,61,54,79,24,26,65,11" hai3="111,98,2,32,109,59,113,0,60,90,108,71,1"/><U25/><E75/><V62/><F110/><W64/><G32/><T135/><D70/><U100/><E131/><V88/><F54/><W67/><G113/><T133/><D3/><U74/><E74/><V5/><F62/><W104/><G90/><T27/><D96/><U4/><E36/><V68/><F88/><W125/><G59/><T115/><D27/><U72/><E72/><V13/><F97/><W12/><G12/><T6/><D6/><U63/><E4/><V116/><F116/><W23/><G23/><N who="0" m="11679" /><D57/><N who="1" m="35239" /><E35/><V38/><AGARI ba="1,0" hai="5,11,13,24,26,38,43,45,61,65,68,73,79,81" machi="38" ten="20,1500,0" yaku="0,1,7,1" doraHai="44" who="2" fromWho="2" sc="170,-5,85,-8,326,18,419,-5" /><INIT seed="6,0,0,1,0,85" ten="165,77,344,414" oya="2" hai0="79,68,2,66,80,56,67,1,71,13,6,92,104" hai1="59,108,116,40,21,16,127,95,126,123,9,89,7" hai2="25,28,11,62,87,106,17,46,115,129,61,44,55" hai3="98,14,32,122,69,20,81,38,101,3,119,63,27"/><V29/><F106/><N who="3" m="63799" /><G3/><T26/><D104/><U93/><E116/><V19/><F129/><W77/><G38/><T82/><D92/><U23/><E108/><V114/><F87/><W132/><G20/><T97/><D97/><U45/><E123/><V74/><F74/><N who="3" m="43191" /><G14/><T113/><D113/><N who="2" m="43018" /><F11/><W18/><G18/><N who="2" m="6665" /><F55/><W110/><G110/><T0/><D0/><U43/><E59/><V134/><F25/><W10/><G10/><T128/><D26/><U41/><E45/><N who="2" m="17515" /><F134/><W30/><G132/><T65/><D2/><U120/><E93/><V133/><F133/><W91/><G91/><T131/><D1/><U100/><E100/><V58/><F58/><W102/><G102/><T37/><D56/><U88/><E120/><V31/><AGARI ba="0,0" hai="28,29,31,61,62" m="17515,6665,43018" machi="31" ten="40,7800,0" yaku="28,2,15,1" doraHai="85" who="2" fromWho="2" sc="165,-26,77,-26,344,78,414,-26" /><INIT seed="6,1,0,5,4,95" ten="139,51,422,388" oya="2" hai0="9,59,66,133,112,100,97,83,29,62,88,118,47" hai1="80,132,35,36,37,44,111,1,40,46,64,104,116" hai2="11,99,0,117,78,70,82,128,5,90,122,89,54" hai3="4,61,52,77,10,101,86,50,75,123,38,68,94"/><V25/><F70/><W32/><G32/><T33/><D112/><U103/><E116/><V129/><F122/><W110/><G123/><T98/><D118/><U69/><E132/><V120/><F120/><W6/><G110/><T108/><D108/><U106/><E111/><V49/><F25/><W2/><G4/><T72/><D133/><U57/><E57/><V96/><F117/><W7/><G7/><T73/><D9/><U20/><E20/><V19/><F19/><W60/><G38/><T55/><D72/><U18/><E18/><V65/><F65/><W131/><G75/><T24/><D100/><U56/><E56/><N who="2" m="32847" /><F90/><W22/><G131/><N who="2" m="50249" /><F89/><W39/><G39/><T84/><D73/><AGARI ba="1,0" hai="0,5,11,73,78,82,96,99" m="50249,32847" machi="73" ten="30,5800,0" yaku="19,1,52,2" doraHai="95" who="2" fromWho="0" sc="139,-61,51,0,422,61,388,0" /><INIT seed="6,2,0,1,1,77" ten="78,51,483,388" oya="2" hai0="21,46,30,109,56,104,111,93,45,99,72,113,7" hai1="4,3,125,20,87,94,27,18,0,55,68,64,19" hai2="80,74,66,28,59,100,135,116,134,86,16,41,98" hai3="105,129,101,14,10,96,123,29,102,75,26,5,117"/><V91/><F28/><W131/><G75/><T133/><D104/><U95/><E125/><V97/><F116/><W127/><G117/><T121/><D121/><U8/><E0/><V61/><F41/><W90/><G123/><T47/><D72/><U130/><E130/><N who="3" m="49674" /><G127/><T35/><D35/><U92/><E64/><V85/><F74/><W38/><G38/><T34/><D34/><U1/><E68/><V6/><F6/><W128/><G128/><T40/><D113/><U110/><E1/><V51/><F51/><W54/><G54/><T12/><D133/><N who="2" m="50698" /><F100/><N who="3" m="62599" /><G90/><T120/><D120/><U84/><E110/><V115/><F115/><W124/><G124/><T13/><D109/><U24/><REACH who="1" step="1"/><E55/><REACH who="1" ten="78,41,483,388" step="2"/><V108/><F108/><W33/><AGARI ba="2,1" hai="5,10,14,26,29,33,101,102" m="62599,49674" machi="33" ten="30,1100,0" yaku="19,1" doraHai="77" who="3" fromWho="3" sc="78,-5,41,-5,483,-7,388,27" /><INIT seed="7,0,0,4,3,43" ten="73,36,476,415" oya="3" hai0="32,79,126,26,77,65,73,102,28,33,36,105,100" hai1="81,113,37,19,49,103,85,21,121,2,80,68,31" hai2="108,112,40,135,6,119,129,17,111,13,54,107,11" hai3="110,58,7,47,34,10,35,22,114,61,9,78,134"/><W62/><G78/><T75/><D36/><U25/><E37/><V41/><F107/><W66/><G114/><T5/><D5/><U39/><E39/><V60/><F119/><W3/><G134/><T133/><D133/><U69/><E121/><V92/><F135/><W115/><G115/><T118/><D118/><U42/><E113/><V55/><F112/><W83/><G110/><T106/><D65/><U0/><E103/><V94/><F111/><W95/><G83/><T63/><D63/><U128/><E128/><V87/><F129/><W27/><G10/><T4/><D4/><U53/><E42/><N who="2" m="16491" /><F108/><W20/><G47/><T30/><D26/><U130/><E130/><V38/><F38/><W8/><G8/><T120/><D126/><U104/><E104/><N who="0" m="40041" /><D120/><U52/><E81/><V127/><F127/><W70/><G95/><N who="2" m="36393" /><F60/><W117/><G117/><T101/><D77/><U57/><E53/><N who="2" m="19979" /><F87/><W89/><G89/><T96/><D79/><U1/><REACH who="1" step="1"/><E31/><REACH who="1" ten="73,26,476,415" step="2"/><N who="0" m="11817" /><D96/><U90/><AGARI ba="0,1" hai="0,1,2,19,21,25,49,52,57,68,69,80,85,90" machi="90" ten="30,4000,0" yaku="1,1,0,1,54,1,53,0" doraHai="43" doraHaiUra="125" who="1" fromWho="1" sc="73,-10,26,50,476,-10,415,-20" owari="63,-44.0,76,-32.0,466,56.0,395,20.0" /></mjloggm>