<mjloggm ver="2.3"><GO type="97" lobby="0"/><UN n0="%E3%82%A6%E3%83%AB%E3%83%88%E3%83%A9%E7%AB%8B%E7%9B%B4" n1="%E3%80%90%E8%92%BC%E7%90%89%E3%80%91" n2="%E3%81%82%E3%81%A4%E3%81%82%E3%81%A4%E6%B9%AF%E5%A9%86%E5%A9%86" n3="%E7%9C%9F%E7%8F%A0%E3%82%8B%E5%BF%83" dan="15,15,15,14" rate="2040.67,2014.12,1952.54,1942.31" sx="M,F,M,M"/><TAIKYOKU oya="0"/><INIT seed="0,0,0,2,3,76" ten="250,250,250,250" oya="0" hai0="92,127,34,95,17,128,54,7,43,23,2,18,57" hai1="107,6,41,94,96,82,120,28,98,11,80,9,40" hai2="51,133,44,53,115,12,113,32,78,123,55,36,97" hai3="19,37,91,61,22,87,27,125,33,47,99,93,132"/><T118/><D34/><U106/><E28/><V69/><F32/><W116/><G116/><T0/><D118/><U88/><E120/><V25/><F123/><W10/><G132/><T110/><D43/><N who="1" m="16459" /><E107/><V49/><F69/><W101/><G125/><T122/><D122/><U124/><E106/><V109/><F36/><W111/><G111/><T42/><D42/><U129/><E124/><V20/><F109/><W104/><G61/><T24/><D127/><U1/><E1/><V134/><F12/><W130/><G130/><T64/><D110/><U108/><E108/><V84/><F97/><N who="1" m="37481" /><E129/><V63/><F63/><W117/><G117/><T73/><D73/><U79/><E79/><V66/><F66/><W50/><G37/><T81/><D64/><U90/><E90/><V4/><F4/><W114/><G114/><T112/><D7/><U39/><E39/><V75/><F75/><W121/><G121/><T29/><D2/><U60/><E60/><V58/><F134/><W126/><G126/><T119/><D0/><U62/><E62/><V70/><F70/><W103/><G103/><T38/><D38/><U65/><E65/><V59/><F133/><W71/><G71/><T102/><D102/><U135/><E135/><V86/><F78/><W5/><G33/><T13/><D128/><U77/><E77/><V72/><F72/><W35/><G35/><T131/><D131/><U16/><E6/><V89/><F115/><W74/><G74/><T105/><D105/><U8/><E16/><N who="2" m="12423" /><F113/><W21/><G5/><T26/><D112/><U15/><E15/><V14/><F14/><RYUUKYOKU ba="0,0" sc="250,-10,250,30,250,-10,250,-10" hai1="8,9,11,80,82,88,94" /><INIT seed="1,1,0,5,5,52" ten="240,280,240,240" oya="1" hai0="3,97,131,69,45,62,105,103,71,63,128,30,67" hai1="39,133,55,13,59,17,51,28,40,2,10,75,116" hai2="20,35,130,108,65,44,100,1,14,16,61,124,82" hai3="47,26,11,83,89,72,88,54,22,74,18,66,87"/><U77/><E116/><V25/><F100/><W106/><G106/><T73/><D45/><N who="1" m="26023" /><E75/><V93/><F108/><W111/><G111/><T6/><D73/><U115/><E2/><V9/><F130/><W90/><G66/><T129/><D30/><U80/><E39/><V56/><F124/><W23/><G11/><N who="0" m="2527" /><D62/><N who="1" m="36223" /><E115/><V101/><F44/><W114/><G114/><T125/><D125/><U64/><E133/><V122/><F122/><W5/><G5/><T117/><D117/><U135/><E135/><V21/><F82/><W7/><G7/><T104/><D104/><U121/><E121/><V24/><F1/><W127/><G127/><T110/><D110/><U99/><E28/><V53/><F35/><W118/><G118/><T86/><D86/><N who="1" m="48399" /><E64/><V12/><F65/><W38/><G38/><T120/><D120/><U126/><E126/><V37/><F37/><W50/><REACH who="3" step="1"/><G23/><REACH who="3" ten="240,280,240,230" step="2"/><T4/><D4/><U57/><E99/><N who="2" m="59631" /><F21/><W49/><G49/><T94/><D105/><U58/><AGARI ba="1,1" hai="10,13,17,57,58" m="48399,36223,26023" machi="58" ten="30,11700,0" yaku="8,1,52,3" doraHai="52" who="1" fromWho="1" sc="240,-40,280,130,240,-40,230,-40" /><INIT seed="1,2,0,3,5,32" ten="200,410,200,190" oya="1" hai0="123,119,130,70,19,100,65,91,54,16,8,80,131" hai1="121,35,112,96,52,118,25,113,104,34,122,43,127" hai2="134,38,14,23,67,102,21,18,51,1,114,37,75" hai3="55,69,79,72,83,103,48,31,57,41,111,126,61"/><U24/><E43/><V81/><F102/><W29/><G111/><T64/><D119/><U73/><E73/><V86/><F75/><W50/><G126/><T93/><D123/><N who="1" m="47115" /><E52/><V108/><F108/><W47/><G103/><T95/><D54/><U60/><E60/><V92/><F134/><W97/><G97/><T78/><D100/><U124/><E96/><V63/><F114/><N who="1" m="44137" /><E104/><V5/><F51/><W45/><REACH who="3" step="1"/><G69/><REACH who="3" ten="200,410,200,180" step="2"/><T68/><D68/><U46/><E118/><V58/><F92/><W2/><G2/><T94/><D70/><U42/><E127/><V15/><F1/><W110/><G110/><T3/><D94/><U12/><E124/><V33/><F33/><W71/><G71/><T99/><D95/><U135/><E34/><V109/><F109/><W0/><G0/><T84/><D3/><U82/><E35/><V88/><F5/><W22/><G22/><T62/><D8/><U125/><E125/><V66/><F66/><AGARI ba="2,1" hai="29,31,41,45,47,48,50,55,57,61,66,72,79,83" machi="66" ten="30,2000,0" yaku="1,1,7,1,53,0" doraHai="32" doraHaiUra="85" who="3" fromWho="2" sc="200,0,410,0,200,-26,180,36" /><INIT seed="2,0,0,5,3,90" ten="200,410,174,216" oya="2" hai0="121,84,31,50,116,65,10,78,48,123,39,81,41" hai1="18,53,92,126,63,107,113,132,9,38,125,11,130" hai2="131,45,89,37,64,44,25,91,27,128,129,103,2" hai3="95,122,93,17,51,43,80,82,36,83,32,108,14"/><V28/><F2/><W40/><G122/><T33/><D39/><U124/><E107/><V135/><F135/><W119/><G119/><T102/><D33/><U117/><E38/><V0/><F0/><W115/><G32/><T12/><D116/><U114/><E117/><V73/><F73/><W30/><G36/><T42/><D31/><U72/><E72/><V3/><F3/><W24/><G108/><T58/><D121/><U35/><E35/><V7/><F7/><W112/><G24/><N who="2" m="9289" /><F28/><W118/><G30/><T59/><D123/><U47/><E132/><V100/><F64/><W75/><G75/><T52/><D102/><N who="2" m="38954" /><F37/><W94/><G118/><T79/><D79/><U22/><E130/><V56/><F56/><W6/><G6/><T13/><D13/><U62/><E113/><N who="3" m="43594" /><G51/><T26/><D26/><U20/><E114/><V55/><F55/><W1/><G1/><T54/><D65/><U61/><E53/><V85/><F85/><W34/><G34/><T106/><D106/><U67/><E67/><V99/><F99/><W68/><G68/><T104/><D104/><U5/><E5/><AGARI ba="0,0" hai="5,10,12,41,42,48,50,52,54,58,59,78,81,84" machi="5" ten="30,7700,0" yaku="7,1,9,1,8,1,54,1" doraHai="90" who="0" fromWho="1" sc="200,77,410,-77,174,0,216,0" /><INIT seed="3,0,0,3,1,18" ten="277,333,174,216" oya="3" hai0="27,126,24,39,19,118,62,115,114,20,125,116,34" hai1="67,82,90,135,15,73,41,112,47,80,4,69,76" hai2="130,83,119,60,81,72,117,131,29,30,93,129,17" hai3="132,36,13,33,97,68,3,10,8,88,32,85,107"/><W95/><G68/><T45/><D62/><U128/><E112/><N who="0" m="43049" /><D45/><U96/><E135/><V7/><F7/><W74/><G74/><T91/><D91/><U105/><E4/><V50/><F60/><W52/><G36/><T65/><D65/><U59/><E15/><V31/><F72/><W92/><G132/><T75/><D75/><U121/><E59/><V110/><F110/><W53/><G107/><T0/><D0/><U71/><E121/><V11/><F50/><W2/><G2/><T16/><D39/><U100/><E67/><V134/><F93/><W78/><G78/><T79/><D79/><U14/><E82/><N who="2" m="31243" /><F134/><W102/><G3/><T43/><D43/><U120/><E41/><V28/><N who="2" m="7680" /><DORA hai="9" /><V35/><F35/><W86/><G85/><T127/><D34/><U61/><E73/><V103/><F103/><W124/><G124/><T56/><D56/><U6/><E100/><V23/><F11/><W54/><REACH who="3" step="1"/><G8/><REACH who="3" ten="277,333,174,206" step="2"/><T22/><AGARI ba="0,1" hai="16,19,20,22,24,27,116,118,125,126,127" m="43049" machi="22" ten="40,12000,2" yaku="18,1,11,1,34,2,52,2,54,1" doraHai="18,9" who="0" fromWho="0" sc="277,130,333,-30,174,-30,206,-60" owari="407,51.0,303,10.0,144,-36.0,146,-25.0" /></mjloggm>