<mjloggm ver="2.3"><GO type="41" lobby="0"/><UN n0="%6B%61%6B%65%67%6F" n1="%6B%61%74%74%6F%38%31%33" n2="%E5%B0%B1%E6%B4%BB%E7%94%9F%40%E5%B7%9D%E6%9D%91%E8%BB%8D%E5%9B%A3" n3="%E3%82%A8%E3%83%93%E5%8F%8D%E3%82%8A%E5%B8%AB%E5%8C%A0" dan="15,13,15,14" rate="2004.74,1865.77,2043.38,1916.14" sx="M,M,M,M"/><TAIKYOKU oya="0"/><INIT seed="0,0,0,2,0,103" ten="250,250,250,250" oya="0" hai0="75,114,134,3,53,106,26,8,22,37,13,118,92" hai1="104,91,94,107,33,124,12,86,74,113,97,2,100" hai2="6,56,59,67,132,15,133,122,45,16,68,21,123" hai3="20,60,87,76,78,9,102,82,28,42,46,89,10"/><T77/><D37/><U1/><E33/><V71/><F6/><W18/><G28/><T58/><D114/><U40/><E124/><V19/><F45/><W125/><G125/><T112/><D134/><N who="2" m="51818" /><F67/><W83/><G60/><T84/><D106/><N who="1" m="63759" /><E40/><V85/><F85/><W135/><G102/><T117/><D3/><U48/><E48/><V44/><F44/><W110/><G135/><T72/><D112/><U105/><E12/><V119/><F119/><W70/><G70/><N who="2" m="26665" /><F21/><W69/><G69/><T29/><D118/><U36/><E36/><V0/><F15/><W116/><G116/><T43/><D43/><U93/><E1/><V111/><F111/><W41/><G110/><T126/><D126/><U61/><E61/><V115/><F0/><W79/><G41/><T129/><D117/><U31/><E31/><V23/><F23/><W73/><G46/><T128/><D75/><U5/><E5/><V57/><F115/><W4/><G42/><T96/><D72/><U49/><E49/><V34/><F34/><W98/><G4/><T25/><D25/><U64/><E64/><V90/><F90/><W80/><G89/><T99/><D99/><N who="1" m="57791" /><E2/><V101/><F101/><W130/><G73/><T30/><D30/><U62/><E113/><V95/><F95/><W66/><G20/><T108/><D92/><U88/><E62/><V38/><F38/><W131/><G66/><T47/><D47/><U63/><E63/><V120/><AGARI ba="0,0" hai="16,19,56,57,59,120,122,123" m="26665,51818" machi="120" ten="50,8000,1" yaku="28,2,20,1,54,1" doraHai="103" who="2" fromWho="2" sc="250,-40,250,-20,250,80,250,-20" /><INIT seed="1,0,0,4,3,84" ten="210,230,330,230" oya="1" hai0="131,46,117,112,81,113,14,109,114,59,63,110,6" hai1="23,73,104,60,87,80,47,127,24,37,17,79,107" hai2="26,89,20,31,92,125,69,34,128,1,121,103,64" hai3="68,41,22,33,49,11,74,29,94,72,25,67,51"/><U48/><E127/><V27/><F121/><W133/><G133/><T96/><D6/><U32/><E37/><V70/><F128/><W100/><G11/><T62/><D81/><U123/><E123/><V77/><F1/><W95/><G41/><T132/><D14/><U18/><E32/><V9/><F125/><W102/><G33/><T108/><D96/><U134/><E134/><V40/><F103/><W13/><G13/><T101/><D101/><U61/><E73/><V85/><F40/><W0/><G0/><T78/><D78/><U50/><E48/><V57/><F77/><W8/><G8/><T52/><D131/><U116/><E116/><V106/><F106/><W42/><G42/><T19/><D19/><N who="1" m="12415" /><E107/><V99/><F9/><W83/><G74/><T66/><D117/><U119/><E119/><V30/><F85/><W53/><G72/><T58/><D132/><U135/><E104/><V65/><F57/><W7/><G68/><T90/><D90/><U124/><E124/><V10/><F10/><W56/><G102/><T118/><D118/><U105/><E105/><V21/><F34/><W91/><G100/><T88/><D88/><N who="1" m="51303" /><E135/><V97/><F97/><W120/><G120/><T82/><D82/><U36/><E79/><V71/><AGARI ba="0,0" hai="20,21,26,27,30,31,64,65,69,70,71,89,92,99" machi="71" ten="30,4000,0" yaku="0,1,9,1,52,1" doraHai="84" who="2" fromWho="2" sc="210,-10,230,-20,330,40,230,-10" /><INIT seed="2,0,0,1,5,128" ten="200,210,370,220" oya="2" hai0="47,24,119,5,91,16,79,125,1,43,2,80,112" hai1="55,71,12,4,103,65,31,22,30,74,85,88,17" hai2="42,27,41,108,105,117,59,109,131,134,99,127,104" hai3="73,6,123,135,28,129,35,19,77,53,107,11,7"/><V116/><F27/><W44/><G123/><T23/><D112/><U121/><E74/><V95/><F131/><W58/><G129/><T20/><D125/><U96/><E121/><V49/><F127/><W18/><G107/><N who="2" m="41033" /><F59/><W106/><G106/><T118/><D23/><U62/><E4/><V68/><F68/><W0/><G7/><T86/><D5/><U120/><E120/><V111/><F134/><W100/><G135/><T26/><D26/><U39/><E39/><V75/><F75/><W76/><G100/><T97/><D97/><U114/><E114/><V36/><F36/><W87/><G44/><T46/><D91/><U133/><E133/><V21/><F21/><W13/><G35/><T32/><D32/><U48/><E103/><N who="2" m="60927" /><F49/><W51/><G73/><T9/><D9/><U45/><E96/><V89/><F41/><W61/><G51/><N who="0" m="27103" /><D47/><U70/><REACH who="1" step="1"/><E71/><REACH who="1" ten="200,200,370,220" step="2"/><V84/><F42/><W57/><G6/><T38/><D38/><U132/><E132/><V92/><AGARI ba="0,1" hai="84,89,92,108,109,111,116,117" m="60927,41033" machi="92" ten="40,12000,1" yaku="14,1,10,1,34,2" doraHai="128" who="2" fromWho="2" sc="200,-40,200,-40,370,130,220,-40" /><INIT seed="2,1,0,4,1,97" ten="160,160,500,180" oya="2" hai0="27,8,133,26,126,31,120,118,70,24,88,41,4" hai1="48,11,59,122,73,47,127,106,67,28,104,98,14" hai2="18,38,95,110,115,16,36,64,55,119,80,94,81" hai3="131,53,32,93,123,100,21,56,2,78,22,75,135"/><V132/><F119/><W54/><G123/><T72/><D72/><U82/><E127/><V68/><F115/><W7/><G32/><T83/><D70/><U20/><E122/><V92/><F132/><W6/><G135/><T79/><D126/><U84/><E73/><V40/><F110/><W124/><G124/><T9/><D79/><U25/><E67/><V3/><F3/><W61/><G131/><T60/><D118/><U87/><E59/><V125/><F125/><W39/><G39/><T65/><D31/><U57/><E57/><V86/><F80/><W63/><G75/><T77/><D77/><U44/><E44/><V105/><F105/><W15/><G78/><T46/><D60/><U71/><E87/><V134/><F134/><W30/><G2/><T17/><D17/><U85/><E71/><V112/><F112/><W128/><G128/><T90/><D65/><U51/><E51/><V114/><F55/><W10/><G6/><T102/><D83/><U89/><E85/><V99/><F99/><N who="3" m="59503" /><G30/><T74/><D74/><U107/><E98/><V50/><F38/><W91/><G91/><N who="0" m="34859" /><D4/><U52/><E107/><V108/><F36/><W33/><G33/><T1/><D1/><U76/><E76/><V5/><F5/><AGARI ba="1,0" hai="5,11,14,20,25,28,47,48,52,82,84,89,104,106" machi="5" ten="30,2000,0" yaku="7,1,54,1" doraHai="97" who="1" fromWho="2" sc="160,0,160,23,500,-23,180,0" /><INIT seed="3,0,0,0,1,54" ten="160,183,477,180" oya="3" hai0="27,110,1,95,61,73,14,5,26,130,45,78,103" hai1="39,125,16,117,71,135,113,9,119,109,35,58,2" hai2="56,93,101,107,132,118,127,60,13,41,10,128,114" hai3="4,77,104,67,99,108,85,91,98,122,38,105,100"/><W40/><G122/><T36/><D130/><U126/><E113/><V3/><F107/><W65/><G4/><T111/><D1/><U12/><E71/><V69/><F3/><W74/><G40/><T44/><D78/><U82/><E39/><V25/><F69/><W28/><G28/><T92/><D73/><U120/><E120/><V49/><F118/><N who="1" m="45065" /><E35/><V50/><F41/><W68/><G38/><T18/><D36/><U34/><E34/><V57/><F114/><W55/><G55/><T30/><D5/><N who="1" m="1207" /><E109/><N who="0" m="41481" /><D103/><U83/><E135/><V70/><F25/><N who="0" m="9226" /><D61/><U8/><E58/><N who="2" m="22635" /><F60/><W0/><G0/><T84/><D30/><U72/><E72/><V20/><F70/><W129/><G68/><T24/><D24/><U59/><E59/><V66/><F66/><W89/><G108/><T22/><D84/><U131/><E131/><V124/><F20/><W52/><G129/><T112/><D112/><U88/><E82/><V123/><F123/><W97/><G74/><T51/><D51/><U42/><E42/><V116/><F132/><W46/><G65/><T76/><D76/><U81/><E83/><V23/><F23/><W15/><G67/><T133/><D133/><U80/><E81/><V21/><F21/><W115/><G77/><T63/><D63/><U106/><E106/><V62/><F62/><W32/><G105/><T86/><D86/><AGARI ba="0,0" hai="8,12,16,80,86,88,125,126" m="1207,45065" machi="86" ten="30,3900,0" yaku="12,1,54,2" doraHai="54" who="1" fromWho="0" sc="160,-39,183,39,477,0,180,0" /><INIT seed="4,0,0,5,4,54" ten="121,222,477,180" oya="0" hai0="74,26,35,48,56,47,98,59,53,96,22,5,126" hai1="30,4,106,36,21,123,89,124,67,72,33,12,31" hai2="45,94,51,92,132,62,6,111,17,61,57,90,131" hai3="0,70,37,20,9,13,116,1,86,93,49,25,16"/><T91/><D74/><U119/><E123/><V14/><F111/><W63/><G37/><T15/><D35/><U75/><E119/><V66/><F132/><W121/><G116/><T58/><D126/><U112/><E36/><V7/><F131/><W127/><G127/><T99/><D91/><U10/><E124/><V115/><F62/><W65/><G121/><T69/><D69/><U40/><E40/><N who="2" m="24999" /><F115/><W78/><G49/><T135/><D135/><U43/><E43/><V73/><F73/><W68/><G68/><T41/><D41/><U18/><E106/><V2/><F2/><W55/><G55/><T83/><D83/><U38/><E38/><V122/><F122/><W27/><G27/><T133/><D133/><U32/><E112/><V107/><F107/><W34/><G34/><T110/><D110/><U109/><E109/><V71/><F71/><W23/><G23/><T50/><D50/><U105/><E105/><V8/><F92/><W52/><G52/><T125/><D125/><U42/><E67/><V76/><F76/><W82/><REACH who="3" step="1"/><G93/><REACH who="3" ten="121,222,477,170" step="2"/><T80/><D80/><U24/><E42/><V97/><AGARI ba="0,1" hai="6,7,8,14,17,57,61,66,90,94,97" m="24999" machi="97" ten="30,2000,0" yaku="8,1,52,1" doraHai="54" who="2" fromWho="2" sc="121,-10,222,-5,477,30,170,-5" /><INIT seed="5,0,0,4,2,63" ten="111,217,507,165" oya="1" hai0="56,104,81,25,106,88,9,67,19,68,134,97,75" hai1="73,59,66,135,70,108,47,62,38,132,77,22,61" hai2="123,79,82,3,80,92,52,87,117,10,11,53,131" hai3="39,91,40,114,84,102,90,21,119,129,17,85,54"/><U55/><E22/><V94/><F131/><W23/><G114/><T28/><D68/><U13/><E13/><V42/><F123/><W95/><G129/><T78/><D134/><N who="1" m="51243" /><E77/><V127/><F127/><W113/><G113/><T24/><D9/><N who="2" m="3082" /><F3/><W16/><G102/><T125/><D125/><U27/><E27/><V126/><F42/><W116/><G54/><N who="2" m="21097" /><F126/><W5/><G5/><T76/><D19/><U29/><E29/><V4/><F117/><W128/><G128/><T89/><D78/><U8/><E8/><V46/><F46/><W14/><G40/><T35/><D25/><U120/><E73/><V111/><F111/><W118/><G39/><T115/><D115/><U121/><E108/><V26/><F4/><W49/><G49/><T60/><REACH who="0" step="1"/><D97/><REACH who="0" ten="101,217,507,165" step="2"/><U96/><E96/><V6/><F6/><W31/><G31/><T44/><D44/><U34/><E34/><V124/><F124/><W100/><G100/><T18/><D18/><U74/><E74/><V105/><F79/><W64/><G119/><T37/><D37/><U30/><E30/><V69/><F26/><W112/><G112/><T7/><D7/><U36/><E36/><V41/><F87/><W98/><G85/><T2/><D2/><U20/><E20/><V58/><F69/><W109/><G21/><T72/><D72/><U99/><E99/><V51/><F105/><AGARI ba="0,1" hai="24,28,35,56,60,67,75,76,81,88,89,104,105,106" machi="105" ten="40,5200,0" yaku="1,1,52,1,54,1,53,0" doraHai="63" doraHaiUra="65" who="0" fromWho="2" sc="101,62,217,0,507,-52,165,0" /><INIT seed="6,0,0,3,1,43" ten="163,217,455,165" oya="2" hai0="9,47,122,11,91,60,99,52,51,32,54,103,13" hai1="45,6,125,15,24,77,71,33,81,94,69,76,7" hai2="1,131,19,101,111,93,117,79,8,82,113,55,118" hai3="59,42,97,100,61,36,105,88,110,40,70,12,57"/><V130/><F111/><W27/><G110/><T119/><D32/><U73/><E77/><V64/><F64/><W87/><G27/><T121/><D119/><U44/><E94/><V75/><F55/><W56/><G12/><T83/><D122/><U124/><E24/><V92/><F19/><W58/><N who="3" m="14336" /><DORA hai="128" /><W17/><G17/><N who="0" m="8367" /><D60/><U14/><E33/><V4/><F113/><W116/><G116/><T22/><D22/><U102/><E102/><V38/><F118/><W46/><G42/><N who="0" m="25079" /><D11/><U135/><E135/><V107/><F117/><W90/><REACH who="3" step="1"/><G87/><REACH who="3" ten="163,217,455,155" step="2"/><N who="0" m="50687" /><D121/><U66/><E66/><AGARI ba="0,1" hai="36,40,46,61,66,70,88,90,97,100,105" m="14336" machi="66" ten="50,6400,0" yaku="1,1,52,1,54,1,53,0" doraHai="43,128" doraHaiUra="30,106" who="3" fromWho="1" sc="163,0,217,-64,455,0,155,74" /><INIT seed="7,0,0,4,3,120" ten="163,153,455,229" oya="3" hai0="125,30,40,25,123,41,75,78,10,56,50,111,33" hai1="0,82,13,126,26,79,105,119,131,71,5,14,31" hai2="133,48,72,101,107,90,118,128,129,92,23,96,70" hai3="89,73,54,113,134,22,112,127,114,124,27,59,109"/><W102/><G73/><T52/><D123/><U76/><E71/><V24/><F72/><W74/><G74/><T64/><D125/><N who="3" m="48201" /><G134/><T21/><D111/><U81/><E105/><V116/><F133/><W61/><G102/><T36/><D36/><U60/><E119/><V115/><F70/><W46/><G46/><T63/><D78/><N who="1" m="29739" /><E0/><V20/><F20/><W37/><G89/><T15/><D75/><U35/><E126/><V88/><F48/><W28/><G37/><T49/><D33/><U108/><E108/><AGARI ba="0,0" hai="22,27,28,54,59,61,108,109,112,113,114" m="48201" machi="108" ten="40,12000,1" yaku="15,1,18,1,52,2" doraHai="120" who="3" fromWho="1" sc="163,0,153,-120,455,0,229,120" /><INIT seed="7,1,0,5,2,127" ten="163,33,455,349" oya="3" hai0="50,30,92,35,22,65,6,18,88,32,34,13,134" hai1="129,41,132,123,85,14,87,119,95,98,48,16,73" hai2="70,7,117,105,131,38,99,40,110,96,122,69,20" hai3="3,47,9,44,59,100,114,76,66,111,81,78,63"/><W97/><G114/><T90/><D65/><U12/><E123/><V29/><F117/><W72/><G111/><T17/><D134/><U23/><E73/><V86/><F131/><W25/><G25/><T64/><D64/><U45/><E132/><V2/><F110/><W19/><G78/><T57/><D30/><U4/><E119/><V36/><F122/><W120/><G120/><T80/><D80/><U93/><E129/><V84/><F7/><W135/><G135/><T67/><D90/><U39/><E39/><V46/><F2/><W5/><REACH who="3" step="1"/><G19/><REACH who="3" ten="163,33,455,339" step="2"/><T71/><D17/><U112/><E112/><V51/><F29/><W56/><G56/><T125/><D57/><U43/><E4/><V28/><F70/><W77/><G77/><T107/><D18/><U53/><E12/><V49/><F69/><W75/><G75/><T83/><D13/><U113/><E113/><V26/><F26/><W0/><G0/><T102/><D71/><U68/><E68/><V133/><F28/><W24/><G24/><T128/><D6/><U74/><E74/><V130/><F133/><W1/><G1/><T104/><D128/><U89/><REACH who="1" step="1"/><E85/><REACH who="1" ten="163,23,455,339" step="2"/><V79/><F86/><W82/><G82/><T106/><D83/><U31/><E31/><V121/><F84/><W60/><G60/><T91/><D32/><U21/><E21/><V108/><F20/><W116/><G116/><T94/><D22/><U109/><E109/><V52/><F130/><W55/><G55/><T61/><D35/><U126/><E126/><V103/><F108/><W11/><G11/><T37/><D34/><RYUUKYOKU ba="1,2" sc="163,-15,23,15,455,-15,339,15" hai1="14,16,23,41,43,45,48,53,87,89,93,95,98" hai3="3,5,9,44,47,59,63,66,72,76,81,97,100" /><INIT seed="7,2,2,3,2,90" ten="148,38,440,354" oya="3" hai0="43,50,97,4,129,65,91,59,82,106,69,49,79" hai1="111,118,134,103,96,122,18,102,46,126,64,128,110" hai2="44,26,130,74,29,95,13,15,72,123,93,135,14" hai3="105,133,33,17,58,30,92,3,20,36,85,104,76"/><W124/><G36/><T9/><D69/><U127/><E46/><V70/><F70/><W71/><G71/><T21/><D106/><U121/><E64/><V108/><F108/><N who="1" m="41513" /><E18/><V68/><F68/><W23/><G3/><T40/><D21/><U119/><E134/><V84/><F135/><W22/><G133/><T87/><D129/><U25/><E25/><V80/><F130/><W101/><G124/><N who="1" m="47658" /><E128/><V67/><F123/><N who="1" m="47113" /><E96/><V16/><F67/><W115/><G58/><T66/><D97/><U75/><E75/><V60/><F72/><W45/><G45/><T114/><D59/><U51/><E51/><V100/><F74/><W41/><G17/><T56/><D56/><U63/><E63/><V116/><F16/><W7/><G105/><T39/><D50/><U6/><E6/><V38/><F26/><W31/><G7/><T132/><D4/><U81/><E81/><V112/><F44/><W10/><G104/><T86/><D82/><U11/><E11/><V0/><F60/><W117/><G10/><T5/><D9/><U62/><E62/><V61/><F61/><W54/><G31/><T19/><D5/><U47/><E47/><V32/><F29/><W125/><G30/><T94/><D19/><U12/><E12/><V24/><F24/><W35/><G125/><T42/><D49/><U2/><E2/><V131/><F15/><W120/><G120/><T52/><D66/><U28/><E28/><V34/><F14/><W48/><G48/><T27/><D65/><U99/><E99/><V77/><F131/><W8/><G8/><T89/><D132/><RYUUKYOKU ba="2,2" sc="148,-10,38,30,440,-10,354,-10" hai1="102,103,118,119" owari="138,-26.0,68,-43.0,450,55.0,344,14.0" /></mjloggm>