<mjloggm ver="2.3"><GO type="41" lobby="0"/><UN n0="%E4%BD%90%E8%97%A4%E3%83%95%E3%83%AA%E3%83%BC%E3%82%B6" n1="%E5%B0%B1%E6%B4%BB%E7%94%9F%40%E5%B7%9D%E6%9D%91%E8%BB%8D%E5%9B%A3" n2="%79%6D%69%6C%6B%79" n3="%41%43%52%45" dan="15,15,14,14" rate="2073.26,1975.33,1985.71,1905.11" sx="F,M,M,M"/><TAIKYOKU oya="0"/><INIT seed="0,0,0,2,0,9" ten="250,250,250,250" oya="0" hai0="29,84,51,26,40,105,35,71,1,53,91,112,118" hai1="15,20,86,102,25,66,19,114,24,109,62,6,46" hai2="38,22,4,94,100,90,98,28,11,115,131,67,97" hai3="83,18,21,103,110,133,44,108,61,42,8,77,55"/><T113/><D118/><U50/><E109/><N who="3" m="42090" /><G133/><T129/><D129/><U59/><E114/><V85/><F131/><W3/><G103/><T45/><D105/><U126/><E126/><V68/><F115/><W57/><G3/><T117/><D117/><U127/><E127/><V5/><F38/><N who="3" m="21591" /><G8/><T27/><D1/><U124/><E6/><V107/><F67/><W10/><G10/><T70/><D27/><U135/><E135/><V88/><F68/><W79/><G83/><T76/><D76/><U47/><E47/><V65/><F65/><W101/><G101/><T7/><D7/><U96/><E86/><V80/><F4/><W93/><G93/><T95/><D113/><U49/><E49/><V87/><F22/><W31/><G31/><T104/><D104/><U12/><E12/><AGARI ba="0,0" hai="12,18,21,55,57,61,77,79" m="21591,42090" machi="12" ten="30,2000,0" yaku="14,1,52,1" doraHai="9" who="3" fromWho="1" sc="250,0,250,-20,250,0,250,20" /><INIT seed="1,0,0,4,2,61" ten="250,230,250,270" oya="1" hai0="2,88,54,119,75,20,76,105,43,18,132,100,71" hai1="72,51,122,114,81,102,1,39,78,129,55,38,63" hai2="74,16,33,35,87,110,30,92,91,131,79,127,37" hai3="97,48,118,42,83,69,135,85,0,28,134,117,52"/><U60/><E1/><V66/><F37/><W104/><G0/><T10/><D119/><N who="3" m="45577" /><G28/><T22/><D132/><N who="3" m="50729" /><G104/><T5/><D71/><U64/><E122/><V94/><F110/><W70/><G97/><T108/><D108/><U112/><E129/><V67/><F127/><W101/><G101/><T8/><D43/><U3/><E3/><V7/><F131/><W82/><G82/><T29/><D76/><U86/><E102/><V103/><F7/><W15/><G15/><T47/><D75/><U21/><E63/><V128/><F128/><W126/><G126/><T19/><D29/><U120/><E120/><V133/><F133/><W98/><G98/><T109/><D109/><U116/><E116/><V68/><F68/><W9/><G9/><T106/><D100/><U65/><E72/><V115/><F115/><W107/><G107/><T113/><D113/><U124/><E124/><V57/><F30/><W111/><G111/><T89/><D89/><U4/><E4/><V50/><F79/><N who="3" m="46335" /><G42/><T125/><D2/><U6/><E6/><V44/><F74/><W90/><G90/><T34/><D5/><U121/><E121/><V14/><F94/><W130/><G130/><T59/><D106/><U80/><E21/><N who="2" m="11415" /><F44/><AGARI ba="0,0" hai="44,48,52,69,70" m="46335,50729,45577" machi="44" ten="30,3900,0" yaku="12,1,20,1,54,1" doraHai="61" who="3" fromWho="2" sc="250,0,230,0,250,-39,270,39" /><INIT seed="2,0,0,3,4,92" ten="250,230,211,309" oya="2" hai0="98,70,115,61,93,117,130,33,65,120,28,103,108" hai1="109,123,104,80,107,57,66,112,60,77,53,129,31" hai2="46,51,43,38,89,99,118,4,10,50,15,48,114" hai3="32,17,127,2,37,25,3,44,79,27,128,29,81"/><V71/><F71/><W20/><G128/><T133/><D120/><U23/><E112/><V63/><F114/><W39/><G127/><T8/><D115/><U47/><E109/><V34/><F34/><W14/><G39/><T41/><D108/><U113/><E113/><V72/><F72/><W12/><G37/><T9/><D130/><U119/><E123/><V35/><F35/><W125/><G44/><T30/><D133/><U13/><E129/><V56/><F118/><W131/><G79/><T126/><D126/><U21/><E119/><V84/><F99/><W82/><G131/><T73/><D73/><U18/><E31/><V87/><REACH who="2" step="1"/><F89/><REACH who="2" ten="250,230,201,309" step="2"/><W83/><G125/><T97/><D117/><U69/><E107/><V110/><F110/><W134/><G134/><T68/><D68/><U91/><E104/><V95/><F95/><W42/><G81/><T22/><D97/><U100/><E91/><V6/><F6/><W96/><G82/><T90/><D33/><U62/><E100/><V132/><F132/><W55/><G83/><T75/><D75/><U49/><E80/><V36/><F36/><W5/><G96/><T88/><D90/><U121/><E77/><V105/><F105/><W54/><G5/><T67/><D88/><U26/><E121/><V85/><F85/><W45/><G32/><T0/><D98/><U24/><REACH who="1" step="1"/><E21/><REACH who="1" ten="250,220,201,309" step="2"/><V1/><F1/><W58/><G2/><T94/><D22/><U19/><E19/><V40/><F40/><AGARI ba="0,2" hai="13,18,23,24,26,40,47,49,53,57,60,62,66,69" machi="40" ten="30,2000,0" yaku="1,1,7,1,53,0" doraHai="92" doraHaiUra="7" who="1" fromWho="2" sc="250,0,220,40,201,-20,309,0" /><INIT seed="3,0,0,3,0,11" ten="250,260,181,309" oya="3" hai0="119,61,24,81,115,121,93,135,55,127,83,14,33" hai1="106,114,37,72,23,52,22,113,53,5,40,77,95" hai2="84,7,25,8,35,15,30,45,41,4,102,125,58" hai3="28,76,110,36,39,74,57,92,122,129,38,116,91"/><W67/><G122/><T109/><D121/><U9/><E106/><V29/><F125/><W3/><G116/><T71/><D119/><U118/><E118/><V97/><F58/><W99/><G3/><T12/><D127/><U32/><E32/><V80/><F30/><W88/><G129/><T90/><D109/><U82/><E95/><V50/><F97/><W68/><G68/><T104/><D104/><U79/><E37/><V42/><F102/><W132/><G110/><T128/><D128/><U2/><E40/><V65/><F65/><W16/><G28/><T51/><D135/><U34/><E34/><V89/><REACH who="2" step="1"/><F42/><REACH who="2" ten="250,260,171,309" step="2"/><W124/><G132/><T123/><D123/><U13/><E114/><V64/><F64/><W26/><G124/><T56/><D115/><U31/><E113/><V66/><F66/><W49/><G67/><T94/><D71/><U48/><E31/><V20/><F20/><N who="3" m="13575" /><G57/><T19/><D61/><U60/><E2/><V70/><F70/><W105/><G99/><N who="0" m="57783" /><D33/><U131/><E131/><V134/><F134/><W126/><G126/><T75/><D56/><U103/><E103/><V0/><F0/><W108/><G108/><T47/><D55/><U78/><E60/><V130/><F130/><W100/><G100/><T96/><D47/><U62/><E62/><V86/><F86/><W112/><G112/><T133/><D75/><U111/><E111/><V98/><F98/><W54/><G74/><T43/><D133/><U85/><E72/><V120/><F120/><W46/><G105/><T21/><D43/><U73/><E73/><V10/><F10/><RYUUKYOKU ba="0,1" sc="250,-10,260,-10,171,30,309,-10" hai2="4,7,8,15,25,29,35,41,45,50,80,84,89" /><INIT seed="4,1,1,0,5,125" ten="240,250,201,299" oya="0" hai0="120,56,41,51,67,91,89,68,13,16,123,81,37" hai1="40,78,126,109,83,73,102,28,65,101,130,94,88" hai2="100,33,35,27,50,24,31,135,105,12,3,132,90" hai3="93,122,63,34,104,9,15,61,106,18,86,119,66"/><T69/><D69/><U114/><E109/><V22/><F100/><N who="1" m="38505" /><E40/><V77/><F105/><W53/><G119/><T117/><D117/><U111/><E28/><N who="2" m="19591" /><F90/><W42/><G34/><T6/><D6/><U7/><E7/><V107/><F77/><W25/><G25/><T45/><D123/><U112/><E65/><V47/><F107/><W60/><G42/><T1/><D1/><U70/><E70/><V10/><F50/><W11/><G122/><T30/><D30/><U76/><E111/><V59/><F47/><W87/><G53/><N who="0" m="31807" /><D81/><N who="1" m="45199" /><E126/><V74/><F59/><W116/><G116/><T36/><D36/><U55/><E55/><V2/><F74/><W72/><G72/><T127/><D127/><U97/><E130/><V84/><F84/><AGARI ba="1,1" hai="78,83,84,88,94,97,112,114" m="45199,38505" machi="84" ten="30,3900,0" yaku="34,2,54,1" doraHai="125" who="1" fromWho="2" sc="240,0,250,52,201,-42,299,0" /><INIT seed="5,0,0,1,5,119" ten="240,302,159,299" oya="1" hai0="90,38,79,59,81,7,77,16,8,132,34,51,28" hai1="0,11,45,41,64,53,114,23,104,98,96,100,3" hai2="112,95,76,29,33,101,27,93,1,31,68,118,75" hai3="54,73,94,88,49,63,84,109,14,6,131,39,42"/><U9/><E114/><V124/><F68/><W113/><G73/><T105/><D105/><U125/><E125/><V37/><F118/><W21/><G113/><T19/><D38/><U62/><E53/><V116/><F112/><W135/><G109/><T130/><D130/><U22/><E98/><V71/><F116/><W44/><G131/><T78/><D132/><U99/><E99/><V80/><F71/><W89/><G135/><T97/><D34/><U85/><E85/><V108/><F37/><W50/><G89/><T18/><D28/><U117/><E117/><V66/><F1/><W35/><G35/><T12/><D59/><U10/><E23/><V107/><F124/><W46/><G39/><T65/><D65/><U4/><E22/><V67/><F108/><W20/><G63/><T106/><D51/><U128/><E128/><V122/><F107/><W70/><G70/><T60/><D60/><U47/><E41/><V13/><F31/><W126/><G126/><T92/><REACH who="0" step="1"/><D106/><REACH who="0" ten="230,302,159,299" step="2"/><U36/><E36/><V87/><F66/><W57/><G57/><T82/><AGARI ba="0,1" hai="7,8,12,16,18,19,77,78,79,81,82,90,92,97" machi="82" ten="40,12000,2" yaku="1,1,2,1,0,1,8,1,54,1,53,1" doraHai="119" doraHaiUra="86" who="0" fromWho="0" sc="230,130,302,-60,159,-30,299,-30" /><INIT seed="6,0,0,2,0,96" ten="360,242,129,269" oya="2" hai0="27,89,99,2,31,59,131,66,12,105,48,33,73" hai1="38,26,63,104,123,64,14,97,4,88,5,13,10" hai2="8,54,127,47,85,53,65,11,46,98,39,80,62" hai3="67,95,70,25,75,37,130,20,23,18,77,45,111"/><V120/><F127/><W116/><G116/><T22/><D131/><U36/><E123/><V135/><F135/><W124/><G130/><T113/><D113/><U107/><E107/><V115/><F115/><W34/><G124/><T30/><D73/><U17/><E26/><V0/><F120/><W32/><G111/><T6/><D31/><U44/><E44/><V35/><F35/><W19/><G95/><T129/><D129/><U100/><E88/><V106/><F46/><W15/><G70/><T1/><D6/><U29/><E29/><V9/><F0/><W72/><G67/><T41/><D12/><U118/><E118/><V103/><F47/><W16/><G19/><T55/><D41/><U93/><E104/><V24/><F24/><W21/><G21/><T132/><D132/><U40/><E40/><V51/><F51/><W90/><G90/><T43/><D43/><U57/><REACH who="1" step="1"/><E5/><REACH who="1" ten="360,232,129,269" step="2"/><V112/><F112/><W71/><G77/><T82/><D89/><U79/><E79/><V58/><REACH who="2" step="1"/><F39/><REACH who="2" ten="360,232,119,269" step="2"/><W60/><G45/><T110/><D27/><U86/><E86/><V42/><F42/><W125/><G37/><T76/><D110/><U94/><E94/><V61/><F61/><W101/><G125/><T92/><D92/><U134/><E134/><V81/><F81/><W133/><G60/><T56/><D82/><U117/><E117/><V84/><F84/><W83/><G25/><T108/><D108/><U50/><E50/><V7/><F7/><W69/><G83/><T121/><D48/><U102/><E102/><V119/><F119/><W52/><G101/><RYUUKYOKU ba="0,2" sc="360,-15,232,15,119,15,269,-15" hai1="4,10,13,14,17,36,38,57,63,64,93,97,100" hai2="8,9,11,53,54,58,62,65,80,85,98,103,106" /><INIT seed="6,1,2,5,2,95" ten="345,247,134,254" oya="2" hai0="114,70,68,113,13,51,87,23,75,45,69,118,10" hai1="117,91,43,108,104,0,86,134,76,85,7,31,103" hai2="129,112,17,1,78,111,16,12,106,2,11,100,132" hai3="62,64,88,63,55,3,131,127,101,121,59,115,99"/><V5/><F78/><W109/><G121/><T126/><D118/><U71/><E117/><V28/><F100/><W46/><G109/><T34/><D75/><U26/><E71/><V79/><F106/><W123/><G3/><N who="2" m="1033" /><F79/><W29/><G123/><T96/><D34/><U93/><E108/><V39/><F39/><W83/><G29/><T89/><D126/><U105/><E43/><V82/><F82/><W41/><G127/><T19/><D96/><U67/><E67/><V40/><F40/><W22/><G22/><T120/><D23/><U72/><E134/><V122/><F111/><W73/><G131/><T124/><D124/><U8/><E72/><V32/><F122/><W116/><G116/><T102/><D102/><U58/><E58/><V30/><F132/><W60/><G115/><N who="0" m="44043" /><D120/><U33/><E103/><V37/><F37/><W74/><G74/><T15/><D15/><U92/><E76/><V24/><F112/><W56/><G73/><T130/><D130/><U54/><E54/><V110/><F110/><W9/><G64/><T61/><D61/><U35/><E35/><N who="2" m="20871" /><F129/><W52/><G60/><T94/><D70/><U81/><E81/><V14/><F14/><W36/><G83/><T77/><D77/><U128/><E128/><V119/><F119/><W98/><G101/><T135/><D135/><U6/><E6/><V133/><F133/><W48/><G36/><T125/><D125/><U21/><E33/><V97/><F97/><N who="3" m="36875" /><G88/><AGARI ba="1,2" hai="0,7,8,21,26,31,85,86,88,91,92,93,104,105" machi="88" ten="40,2600,0" yaku="9,1,54,1" doraHai="95" who="1" fromWho="3" sc="345,0,247,49,134,0,254,-29" /><INIT seed="7,0,0,1,4,133" ten="345,296,134,225" oya="3" hai0="49,55,41,37,93,134,9,28,79,8,23,87,126" hai1="15,68,61,78,5,129,132,109,118,12,50,31,24" hai2="135,127,47,75,58,101,115,107,29,131,35,56,80" hai3="74,121,116,106,98,40,128,53,91,34,38,7,54"/><W66/><G121/><T0/><D126/><U46/><E109/><V33/><F80/><W77/><G116/><T11/><D134/><U39/><E132/><V42/><F101/><W4/><G34/><T20/><D0/><U67/><E118/><V14/><F29/><W6/><G66/><T82/><D28/><U130/><E39/><V119/><F14/><W104/><G106/><T95/><D37/><U117/><E117/><V48/><F119/><W2/><G2/><T76/><D41/><U100/><E100/><V85/><F135/><W65/><G65/><T16/><D79/><U63/><E78/><V69/><F85/><W90/><G90/><T32/><D32/><U92/><E63/><V86/><F86/><W83/><G128/><N who="1" m="49258" /><E92/><N who="0" m="35401" /><D16/><U96/><E5/><V111/><F131/><W44/><REACH who="3" step="1"/><G91/><REACH who="3" ten="345,296,134,215" step="2"/><T113/><D113/><U70/><E96/><V22/><F107/><W57/><G57/><AGARI ba="0,1" hai="8,9,11,20,23,49,55,57,76,82,87" m="35401" machi="57" ten="30,1000,0" yaku="8,1" doraHai="133" who="0" fromWho="3" sc="345,20,296,0,134,0,215,-10" owari="365,46.0,296,10.0,134,-37.0,205,-19.0" /></mjloggm>