<mjloggm ver="2.3"><GO type="41" lobby="0"/><UN n0="%6D%61%6E%69%6C%61" n1="%E5%B0%B1%E6%B4%BB%E7%94%9F%40%E5%B7%9D%E6%9D%91%E8%BB%8D%E5%9B%A3" n2="%47%4C%49%4E%45" n3="%68%74%63%66" dan="13,15,14,16" rate="1859.24,2014.01,1910.70,2076.01" sx="M,M,M,M"/><TAIKYOKU oya="0"/><INIT seed="0,0,0,3,3,54" ten="250,250,250,250" oya="0" hai0="102,75,92,49,62,98,1,19,131,73,134,66,61" hai1="129,95,114,23,97,122,130,120,72,77,0,21,30" hai2="119,94,26,10,15,4,81,7,25,56,83,121,115" hai3="93,47,86,6,8,88,82,39,40,46,38,68,2"/><T63/><D1/><U89/><E0/><V113/><F121/><N who="1" m="46697" /><E30/><V76/><F119/><W128/><G128/><N who="1" m="49258" /><E21/><V31/><F4/><W132/><G132/><T109/><D134/><U55/><E23/><V124/><F124/><W117/><G117/><T22/><D109/><U53/><E114/><V99/><F56/><W9/><G9/><T69/><D131/><U100/><E53/><V133/><F133/><W34/><G34/><T29/><D29/><U24/><E24/><V11/><F11/><W37/><G68/><T48/><D69/><U79/><E55/><V85/><F83/><W71/><G71/><T103/><D102/><U33/><E33/><V125/><F125/><W45/><REACH who="3" step="1"/><G82/><REACH who="3" ten="250,250,250,240" step="2"/><T32/><D32/><U123/><E123/><V87/><F115/><W20/><G20/><T3/><D3/><U65/><E65/><V96/><F113/><W80/><G80/><T90/><D66/><U105/><E72/><V13/><F13/><W110/><G110/><T104/><D75/><U111/><E111/><V118/><F118/><W78/><G78/><T67/><D73/><U17/><E17/><V116/><F116/><W41/><AGARI ba="0,1" hai="2,6,8,37,38,39,40,41,45,46,47,86,88,93" machi="41" ten="40,5200,0" yaku="1,1,0,1,54,1,53,0" doraHai="54" doraHaiUra="50" who="3" fromWho="3" sc="250,-26,250,-13,250,-13,240,62" /><INIT seed="1,0,0,0,3,91" ten="224,237,237,302" oya="1" hai0="24,54,110,49,79,23,76,65,67,9,58,35,71" hai1="88,122,95,20,16,1,19,45,104,124,31,107,72" hai2="97,25,52,74,112,13,7,43,21,42,53,44,77" hai3="129,51,116,117,80,132,60,37,33,93,89,55,5"/><U14/><E72/><V30/><F112/><W0/><G37/><T109/><D35/><U18/><E1/><V4/><F74/><W114/><G33/><T50/><D9/><U96/><E122/><V119/><F119/><W133/><G60/><T36/><D36/><U111/><E124/><V81/><F97/><W102/><G129/><T131/><D131/><U121/><E121/><V130/><F130/><W12/><G0/><T66/><D71/><U108/><E45/><V115/><F115/><W32/><G32/><T94/><D94/><U8/><E31/><V17/><F42/><W135/><G80/><T6/><D6/><U28/><E28/><V69/><F69/><W118/><G102/><T11/><D11/><U82/><E82/><V84/><F7/><W41/><G12/><T48/><D76/><U113/><E113/><V83/><F81/><W63/><G63/><T39/><D79/><U98/><E19/><V73/><F73/><W125/><G41/><T105/><D105/><U34/><E34/><V3/><F3/><W92/><G89/><T128/><D128/><U40/><E40/><V75/><F75/><W29/><G29/><N who="0" m="17567" /><D39/><U100/><REACH who="1" step="1"/><E107/><REACH who="1" ten="224,227,237,302" step="2"/><V101/><F4/><W26/><G114/><T70/><D70/><U46/><E46/><V10/><F101/><W15/><G125/><T56/><D56/><U61/><E61/><V2/><REACH who="2" step="1"/><F2/><REACH who="2" ten="224,227,227,302" step="2"/><W62/><G117/><T90/><D58/><U120/><E120/><V68/><F68/><W99/><G118/><T59/><D59/><U38/><E38/><AGARI ba="0,2" hai="10,13,17,21,25,30,38,43,44,52,53,77,83,84" machi="38" ten="30,3900,0" yaku="1,1,7,1,54,1,53,0" doraHai="91" doraHaiUra="127" who="2" fromWho="1" sc="224,0,227,-39,227,59,302,0" /><INIT seed="2,0,0,4,0,54" ten="224,188,286,302" oya="2" hai0="56,78,62,128,28,115,133,42,63,18,7,74,30" hai1="108,86,17,121,60,81,102,82,16,58,12,66,107" hai2="87,31,57,118,40,39,117,43,59,36,11,5,106" hai3="13,48,92,129,127,1,33,14,41,116,0,126,69"/><V77/><F106/><W134/><G69/><T97/><D115/><U94/><E108/><V23/><F31/><W49/><G33/><T98/><D42/><N who="2" m="15914" /><F23/><W6/><G116/><N who="2" m="44649" /><F87/><W51/><G41/><T79/><D7/><U45/><E121/><V71/><F77/><W46/><G46/><T47/><D47/><U122/><E122/><V100/><F100/><W44/><G44/><T19/><D74/><U110/><E110/><V75/><F11/><W70/><G70/><T22/><D22/><U89/><E45/><V105/><F105/><W99/><G134/><T4/><D4/><U101/><E107/><V135/><F5/><W67/><G129/><T2/><D2/><N who="3" m="1129" /><G67/><T55/><D133/><U80/><E17/><V24/><F135/><W96/><G6/><T76/><D128/><U61/><REACH who="1" step="1"/><E60/><REACH who="1" ten="224,178,286,302" step="2"/><V38/><F71/><W83/><G49/><N who="0" m="30831" /><D98/><U114/><E114/><V20/><F20/><AGARI ba="0,1" hai="12,16,20,58,61,66,80,81,82,86,89,94,101,102" machi="20" ten="40,8000,1" yaku="1,1,8,1,52,1,54,1,53,1" doraHai="54" doraHaiUra="91" who="1" fromWho="2" sc="224,0,178,90,286,-80,302,0" /><INIT seed="3,0,0,3,2,84" ten="224,268,206,302" oya="3" hai0="58,114,60,18,94,62,40,71,74,14,107,116,51" hai1="97,56,34,132,12,17,70,24,73,36,47,123,109" hai2="101,28,65,86,121,59,110,88,120,63,104,3,76" hai3="126,31,30,100,102,106,103,117,85,22,111,11,135"/><W15/><G117/><T83/><D116/><U57/><E70/><V81/><F3/><W38/><G38/><T129/><D107/><U32/><E73/><V119/><F119/><W113/><G113/><T25/><D129/><U130/><E123/><V82/><F110/><W7/><G111/><T44/><D114/><U13/><E109/><V127/><F127/><W16/><G126/><T0/><D0/><U78/><E78/><V99/><REACH who="2" step="1"/><F28/><REACH who="2" ten="224,268,196,302" step="2"/><W54/><G106/><T19/><D25/><U98/><E24/><V42/><F42/><W93/><G135/><T95/><D40/><U90/><E130/><V124/><F124/><W8/><G54/><T80/><D14/><U105/><E13/><V134/><F134/><W66/><G66/><T49/><D18/><U89/><E12/><V50/><F50/><W52/><G7/><T20/><D19/><U35/><E17/><V53/><F53/><W39/><G39/><T46/><D51/><U55/><E105/><V26/><F26/><W91/><G52/><T5/><D49/><U112/><E112/><V133/><F133/><W1/><G1/><T67/><D67/><U37/><E132/><V125/><F125/><W29/><AGARI ba="0,1" hai="8,11,15,16,22,29,30,31,85,91,93,100,102,103" machi="29" ten="30,11700,0" yaku="0,1,8,1,52,1,54,1" doraHai="84" who="3" fromWho="3" sc="224,-39,268,-39,196,-39,302,127" /><INIT seed="3,1,0,3,1,89" ten="185,229,157,429" oya="3" hai0="102,41,131,108,112,125,110,40,79,86,61,48,1" hai1="132,99,126,7,83,72,66,81,103,53,120,47,104" hai2="15,20,124,45,111,74,130,17,9,63,10,6,122" hai3="18,34,46,127,27,95,8,12,84,67,82,119,42"/><W92/><G127/><T69/><D1/><U129/><E120/><V65/><F74/><W59/><G119/><T116/><D102/><U96/><E7/><V75/><F75/><W21/><G34/><T26/><D26/><U101/><E66/><V51/><F124/><W80/><G80/><N who="0" m="47391" /><D125/><U133/><E53/><V64/><F122/><W2/><G2/><T106/><D106/><N who="1" m="63783" /><E47/><V19/><F111/><N who="0" m="42538" /><D116/><U32/><E32/><V44/><F130/><W134/><G134/><N who="1" m="51818" /><E126/><V29/><F29/><W98/><G98/><T25/><D131/><U24/><E24/><V0/><F51/><N who="3" m="27095" /><G59/><T71/><D112/><U28/><E28/><V57/><REACH who="2" step="1"/><F65/><REACH who="2" ten="185,229,147,429" step="2"/><W54/><G67/><N who="0" m="41199" /><D71/><U109/><E109/><V73/><F73/><W60/><G60/><T135/><D135/><U36/><E129/><V52/><F52/><W35/><G54/><T43/><D25/><AGARI ba="1,1" hai="0,6,9,10,15,17,19,20,25,44,45,57,63,64" machi="25" ten="30,7700,0" yaku="1,1,7,1,53,2" doraHai="89" doraHaiUra="4" who="2" fromWho="0" sc="185,-80,229,0,147,90,429,0" /><INIT seed="4,0,0,5,1,22" ten="105,229,237,429" oya="0" hai0="57,95,113,118,51,56,27,124,109,53,67,110,111" hai1="83,24,21,115,50,81,47,134,38,12,105,80,96" hai2="52,14,46,42,122,84,104,29,99,68,64,43,13" hai3="28,58,16,88,73,94,125,4,130,74,78,131,41"/><T129/><D95/><U97/><E134/><V91/><F122/><W48/><G4/><T55/><D118/><U123/><E38/><V108/><F108/><W36/><G28/><T60/><D124/><U93/><E123/><V98/><F29/><W54/><G125/><T79/><D79/><U39/><E115/><V49/><F68/><W9/><G41/><T87/><D113/><U44/><E39/><V31/><F31/><W112/><G36/><T8/><D8/><U76/><E105/><V33/><F33/><W6/><G112/><T11/><D11/><U66/><E12/><V100/><F98/><W117/><G117/><T25/><D129/><N who="3" m="49161" /><G16/><T89/><REACH who="0" step="1"/><D55/><REACH who="0" ten="95,229,237,429" step="2"/><U7/><E7/><V40/><REACH who="2" step="1"/><F64/><REACH who="2" ten="95,229,227,429" step="2"/><W34/><G78/><T61/><D61/><U103/><E66/><V77/><F77/><W116/><G116/><T17/><D17/><U30/><E76/><V69/><F69/><W85/><G73/><T114/><D114/><U133/><E133/><V18/><F18/><W126/><G74/><T102/><D102/><U45/><REACH who="1" step="1"/><E97/><REACH who="1" ten="95,219,227,429" step="2"/><V59/><F59/><W106/><G126/><T37/><D37/><U82/><N who="1" m="20992" /><DORA hai="121" /><U23/><E23/><V75/><F75/><W1/><G34/><T63/><D63/><U65/><E65/><V3/><F3/><W107/><AGARI ba="0,3" hai="1,6,9,48,54,58,85,88,94,106,107" m="49161" machi="107" ten="30,2000,0" yaku="19,1,54,1" doraHai="22,121" who="3" fromWho="3" sc="95,-10,219,-5,227,-5,429,50" /><INIT seed="5,0,0,3,1,52" ten="85,214,222,479" oya="1" hai0="72,115,6,40,79,43,44,55,75,132,124,36,35" hai1="70,65,48,11,127,129,87,67,109,9,92,68,113" hai2="130,99,66,128,110,122,78,5,98,125,107,91,74" hai3="83,54,46,117,50,0,89,119,17,39,93,69,120"/><U22/><BYE who="0" /><E109/><V121/><F5/><W26/><G0/><T134/><D134/><U85/><E92/><N who="2" m="56607" /><F66/><N who="1" m="25097" /><E22/><V7/><F7/><W28/><G69/><N who="1" m="26730" /><E48/><V86/><F125/><UN n0="%6D%61%6E%69%6C%61" /><W112/><G120/><N who="2" m="46185" /><F110/><W96/><G17/><T104/><D132/><U71/><E127/><V62/><F62/><W33/><G112/><T80/><D124/><U135/><E135/><V94/><F107/><W3/><G3/><T108/><D108/><U116/><E71/><V114/><F114/><W61/><G39/><T29/><D115/><U126/><E126/><V30/><F30/><W77/><G61/><T37/><D55/><U2/><E2/><V95/><F74/><W118/><G83/><T41/><D6/><U64/><E64/><V57/><F57/><W81/><G81/><T73/><D104/><U49/><E49/><V23/><F23/><W16/><G77/><T47/><D43/><U59/><E113/><V51/><F51/><W21/><G33/><T42/><D41/><U19/><E19/><V32/><F32/><W103/><G28/><T123/><D123/><U4/><E4/><V8/><F8/><N who="1" m="3145" /><E116/><V38/><F38/><W12/><G89/><T133/><REACH who="0" step="1"/><D133/><REACH who="0" ten="75,214,222,479" step="2"/><U100/><E129/><N who="2" m="49771" /><F99/><W18/><G18/><T90/><D90/><U105/><E105/><V20/><F20/><W76/><G76/><T31/><D31/><U82/><E100/><V84/><F78/><W131/><G131/><T1/><D1/><U25/><E59/><V63/><F63/><W53/><G54/><T58/><D58/><U102/><E102/><V34/><F34/><W97/><G96/><RYUUKYOKU ba="0,1" sc="75,10,214,-30,222,10,479,10" hai0="29,35,36,37,40,42,44,47,72,73,75,79,80" hai2="84,86,94,95" hai3="12,16,21,26,46,50,53,93,97,103,117,118,119" /><INIT seed="6,1,1,2,2,35" ten="85,184,232,489" oya="2" hai0="101,93,22,17,50,30,99,27,78,11,117,13,31" hai1="57,43,76,111,109,74,26,126,45,53,0,91,5" hai2="104,90,85,46,48,106,65,42,123,3,54,89,29" hai3="131,51,6,66,122,80,56,103,36,87,62,94,39"/><V121/><F29/><W135/><G131/><T61/><D117/><U115/><E126/><V16/><F65/><W96/><G135/><T84/><D61/><U114/><E115/><V113/><F113/><W52/><G6/><T112/><D112/><U128/><E91/><V100/><F100/><W97/><G97/><T73/><D73/><U34/><E128/><V60/><F90/><W72/><G72/><T55/><D78/><U134/><E134/><V59/><F3/><W2/><G2/><T63/><D63/><N who="1" m="36271" /><E26/><V83/><REACH who="2" step="1"/><F16/><REACH who="2" ten="85,184,222,489" step="2"/><W77/><G122/><AGARI ba="1,2" hai="42,46,48,54,59,60,83,85,89,104,106,121,122,123" machi="122" ten="40,3900,0" yaku="1,1,2,1,53,0" doraHai="35" doraHaiUra="124" who="2" fromWho="3" sc="85,0,184,0,222,62,489,-42" /><INIT seed="6,2,0,4,5,44" ten="85,184,284,447" oya="2" hai0="112,15,80,124,2,135,77,111,79,129,132,116,94" hai1="59,1,49,25,42,32,69,22,126,88,100,61,58" hai2="6,14,128,115,127,97,73,72,38,54,105,0,120" hai3="74,110,83,62,33,102,131,66,63,107,78,117,101"/><V18/><F120/><W34/><G117/><T113/><D15/><U19/><E126/><V27/><F127/><W16/><G110/><T12/><D12/><U106/><E1/><V8/><F115/><N who="0" m="44106" /><D2/><U81/><E32/><V64/><F128/><W28/><G63/><T57/><D124/><U85/><E69/><V55/><F38/><W40/><G40/><T11/><D11/><U36/><E36/><V3/><F64/><W7/><G16/><T23/><D23/><U48/><E42/><V9/><F27/><W86/><G102/><T50/><D50/><N who="1" m="19563" /><E106/><V122/><F122/><W82/><G107/><T75/><D57/><N who="1" m="21515" /><E100/><V103/><REACH who="2" step="1"/><F0/><REACH who="2" ten="85,184,274,447" step="2"/><W20/><G101/><T29/><D29/><U87/><E87/><V65/><F65/><W123/><G131/><T13/><D13/><U90/><E61/><V92/><F92/><W24/><G123/><T52/><D52/><AGARI ba="2,1" hai="3,6,8,9,14,18,52,54,55,72,73,97,103,105" machi="52" ten="40,3900,0" yaku="1,1,54,1,53,0" doraHai="44" doraHaiUra="17" who="2" fromWho="0" sc="85,-45,184,0,274,55,447,0" /><INIT seed="6,3,0,5,0,128" ten="40,184,329,447" oya="2" hai0="56,119,116,107,44,41,80,75,110,123,54,43,42" hai1="57,20,59,12,132,27,78,131,1,93,126,92,29" hai2="61,48,102,115,52,118,21,9,88,111,49,112,14" hai3="16,95,103,84,8,108,83,23,38,4,100,130,91"/><V58/><F118/><W45/><G108/><T53/><D80/><U65/><E1/><V121/><F121/><W89/><G130/><T76/><D107/><U25/><E131/><V47/><F111/><W105/><G105/><T129/><D76/><U30/><E126/><V125/><F125/><W96/><G38/><T71/><D75/><U40/><E78/><V90/><F102/><W24/><G45/><T50/><D129/><U77/><E77/><V113/><F21/><W17/><G17/><T62/><D110/><U19/><E132/><V87/><F87/><W81/><G83/><T51/><D123/><U2/><E2/><AGARI ba="3,0" hai="2,4,8,16,23,24,81,84,89,91,95,96,100,103" machi="2" ten="30,2000,0" yaku="7,1,54,1" doraHai="128" who="3" fromWho="1" sc="40,0,184,-29,329,0,447,29" /><INIT seed="7,0,0,0,3,37" ten="40,155,329,476" oya="3" hai0="135,12,118,126,81,99,116,25,13,96,14,109,41" hai1="120,54,87,75,101,95,94,45,55,64,42,0,27" hai2="107,22,134,79,21,98,56,119,70,100,123,88,60" hai3="86,77,18,24,65,93,92,102,121,129,73,5,115"/><W10/><G92/><T66/><D109/><U97/><E0/><V62/><F119/><W72/><G18/><T15/><D66/><U61/><E75/><V50/><F134/><W44/><G93/><T40/><N who="0" m="3584" /><DORA hai="68" /><T63/><D81/><U111/><E120/><V132/><F132/><W112/><G86/><T8/><D135/><U23/><E111/><V20/><F123/><W43/><G10/><T3/><D3/><U105/><E87/><V33/><F33/><W89/><G44/><T103/><D8/><U124/><E95/><V82/><F70/><W51/><G65/><T80/><D80/><U11/><E105/><V39/><F39/><W2/><G89/><T29/><D63/><U59/><E124/><V47/><F56/><W52/><G102/><T9/><D9/><U36/><REACH who="1" step="1"/><E11/><REACH who="1" ten="40,145,329,476" step="2"/><V76/><F76/><W117/><G2/><T28/><D126/><U110/><E110/><V85/><F79/><W130/><G129/><T78/><D78/><U7/><E7/><V17/><REACH who="2" step="1"/><F17/><AGARI ba="0,1" hai="17,23,27,36,42,45,54,55,59,61,64,94,97,101" machi="17" ten="30,7700,0" yaku="1,1,7,1,52,2,53,0" doraHai="37,68" doraHaiUra="1,32" who="1" fromWho="2" sc="40,0,145,87,329,-77,476,0" owari="40,-46.0,232,-17.0,252,5.0,476,58.0" /></mjloggm>