<mjloggm ver="2.3"><GO type="97" lobby="0"/><UN n0="%E9%B9%BF%E5%AD%90" n1="%E3%82%A6%E3%83%AB%E3%83%88%E3%83%A9%E7%AB%8B%E7%9B%B4" n2="%E9%AB%98%E6%9D%91%EF%BC%A0%E7%A2%BA%E5%A4%89" n3="%E8%A6%8B%E7%BF%92%E3%81%84%E3%83%91%E3%83%B3%E3%82%BF%E3%83%BC" dan="14,14,15,14" rate="1909.94,1948.88,2007.29,1872.51" sx="F,M,M,M"/><TAIKYOKU oya="0"/><INIT seed="0,0,0,2,0,45" ten="250,250,250,250" oya="0" hai0="59,116,36,130,75,106,5,103,40,120,95,100,63" hai1="34,86,18,54,128,7,77,122,80,16,115,119,69" hai2="90,32,58,123,131,52,65,4,39,111,11,42,6" hai3="133,74,105,67,9,101,17,114,98,109,107,61,78"/><T62/><D120/><U73/><E122/><V117/><F123/><W135/><G114/><T12/><D116/><U41/><E115/><V30/><F65/><W93/><G9/><T81/><D106/><N who="3" m="40457" /><G17/><T15/><D130/><U89/><E128/><V132/><F131/><W3/><G3/><T92/><D75/><U129/><E129/><V64/><F64/><W14/><G14/><N who="0" m="5163" /><D36/><U2/><E119/><V10/><F117/><W66/><G61/><N who="0" m="23051" /><D59/><U13/><E69/><V21/><F32/><W27/><G27/><T84/><D40/><U19/><E34/><V57/><F42/><W110/><G66/><T91/><D5/><U23/><E54/><V83/><F39/><W28/><G67/><T71/><D71/><U88/><E41/><V85/><F4/><W76/><G28/><T82/><D92/><U47/><E47/><V22/><F6/><W38/><G38/><T46/><D46/><U104/><E104/><V8/><F30/><W99/><G74/><T29/><D29/><U118/><E118/><V60/><F57/><W127/><G99/><N who="0" m="57855" /><D82/><U20/><E2/><V24/><F83/><W97/><G97/><T0/><D0/><U26/><E73/><V125/><F58/><W33/><G33/><T31/><D31/><N who="1" m="17863" /><E23/><V55/><F22/><W35/><G35/><T44/><D44/><U96/><E96/><V50/><F21/><W108/><G127/><T1/><D1/><U79/><E7/><V134/><F125/><W56/><G56/><T25/><D25/><U72/><E13/><V112/><F24/><W51/><G110/><T102/><D81/><AGARI ba="0,0" hai="16,18,19,72,77,79,80,81,86,88,89" m="17863" machi="81" ten="30,3900,0" yaku="6,1,54,2" doraHai="45" who="1" fromWho="0" sc="250,-39,250,39,250,0,250,0" /><INIT seed="1,0,0,2,5,12" ten="211,289,250,250" oya="1" hai0="90,84,25,1,92,131,125,74,109,132,88,106,120" hai1="67,24,18,111,113,86,4,112,15,70,13,93,124" hai2="123,45,121,26,66,104,35,100,128,126,2,39,134" hai3="107,11,116,9,56,64,27,54,34,122,75,8,43"/><U99/><E124/><V53/><F53/><W33/><G122/><T19/><D1/><U52/><E111/><V119/><F66/><W48/><G107/><T32/><D120/><U102/><E67/><V79/><F45/><W20/><G75/><T65/><D106/><U97/><E70/><V51/><F51/><W105/><G105/><T28/><D74/><U5/><E112/><V38/><F79/><W49/><G116/><T94/><D109/><U135/><E135/><V83/><F100/><W133/><G133/><T40/><D132/><U47/><E113/><V42/><F83/><W81/><G81/><T37/><D125/><U89/><E24/><V59/><F59/><W50/><G43/><T87/><D65/><U115/><E115/><V30/><F42/><W101/><G101/><T10/><D131/><U77/><E77/><V21/><F21/><W63/><REACH who="3" step="1"/><G64/><REACH who="3" ten="211,289,250,240" step="2"/><T68/><D68/><U80/><E80/><V114/><F104/><W96/><G96/><T85/><D85/><U17/><E99/><V129/><F119/><W130/><G130/><T60/><D60/><U55/><E97/><V62/><F128/><W98/><G98/><T118/><D118/><U72/><E72/><V36/><F129/><W78/><G78/><T16/><D10/><N who="1" m="6327" /><E102/><V127/><F123/><W29/><AGARI ba="0,1" hai="8,9,11,20,27,29,33,34,48,49,50,54,56,63" machi="29" ten="30,2000,0" yaku="1,1,0,1,53,0" doraHai="12" doraHaiUra="41" who="3" fromWho="3" sc="211,-5,289,-10,250,-5,240,30" /><INIT seed="2,0,0,3,5,78" ten="206,279,245,270" oya="2" hai0="3,16,46,103,37,110,127,63,2,115,134,1,71" hai1="124,67,96,0,13,135,113,101,29,91,66,62,122" hai2="56,48,70,5,109,121,64,61,10,132,26,57,24" hai3="75,114,69,15,51,36,92,17,100,60,18,55,72"/><V50/><F121/><W58/><G36/><T111/><D115/><U28/><E113/><V107/><F107/><W59/><G114/><T106/><D127/><U86/><E0/><V128/><F128/><W108/><G69/><T90/><D134/><U104/><E135/><V52/><F132/><W35/><G35/><T12/><D103/><U118/><E118/><V47/><F109/><N who="0" m="41482" /><D106/><U49/><E124/><V33/><F33/><W84/><G18/><T20/><D37/><U89/><E122/><V131/><F131/><W125/><G125/><T123/><D123/><U81/><E66/><V112/><F112/><W40/><G40/><T39/><D39/><U83/><E49/><V30/><F30/><W68/><G68/><T77/><D46/><U73/><E13/><N who="2" m="5327" /><F70/><W14/><G14/><T119/><D119/><U6/><E6/><V94/><F94/><W4/><G4/><T85/><D77/><U7/><E7/><V105/><F105/><W95/><G108/><T45/><D45/><U102/><E102/><V22/><F22/><W97/><G92/><T53/><D53/><AGARI ba="0,0" hai="24,26,47,48,50,52,53,56,57,61,64" m="5327" machi="53" ten="30,2900,0" yaku="8,1,54,1" doraHai="78" who="2" fromWho="0" sc="206,-29,279,0,245,29,270,0" /><INIT seed="2,1,0,5,1,16" ten="177,279,274,270" oya="2" hai0="96,37,62,129,10,124,15,73,131,117,35,82,133" hai1="135,58,38,81,5,47,115,90,67,103,79,52,48" hai2="30,42,100,2,60,106,132,88,7,108,107,28,22" hai3="75,9,64,27,61,92,101,29,86,70,93,32,44"/><V77/><F77/><W104/><G75/><T14/><D37/><U80/><E115/><V25/><F132/><W84/><G44/><T134/><D73/><U111/><E111/><V72/><F72/><W1/><G86/><T99/><D82/><U65/><E135/><N who="0" m="51721" /><D62/><N who="1" m="36167" /><E38/><V68/><F108/><W102/><G84/><T18/><D99/><U116/><E116/><V78/><F78/><W113/><G102/><T95/><D95/><U43/><E79/><V56/><F68/><W87/><G87/><T59/><D96/><U63/><E103/><V17/><F42/><W97/><REACH who="3" step="1"/><G113/><REACH who="3" ten="177,279,274,260" step="2"/><T13/><D59/><N who="1" m="37119" /><E90/><V40/><F88/><W23/><G23/><N who="0" m="11727" /><D124/><U112/><E112/><V109/><F100/><W120/><G120/><T3/><D117/><U114/><E114/><V123/><F123/><W49/><G49/><T110/><D110/><U57/><E80/><V76/><F109/><W11/><G11/><T51/><D51/><U118/><E81/><V24/><F56/><W55/><G55/><T71/><D71/><U98/><E118/><V4/><F76/><W122/><G122/><T54/><D54/><U12/><E98/><V126/><F126/><W89/><G89/><T127/><D127/><U31/><E57/><V83/><F83/><W130/><G130/><N who="0" m="49675" /><D35/><U0/><E67/><V94/><F60/><W34/><G34/><T21/><D21/><U105/><E48/><V125/><F125/><W53/><G53/><T66/><D66/><U91/><E47/><V6/><F22/><W50/><G50/><T39/><D39/><U8/><E91/><V33/><F33/><RYUUKYOKU ba="1,1" sc="177,15,279,-15,274,-15,260,15" hai0="3,10,14,15" hai3="1,9,27,29,32,61,64,70,92,93,97,101,104" /><INIT seed="3,2,1,0,3,119" ten="192,264,259,275" oya="3" hai0="85,97,41,95,124,63,126,4,80,79,18,53,44" hai1="82,132,130,88,111,15,87,60,131,52,48,29,2" hai2="66,51,25,134,10,109,133,21,135,94,33,103,42" hai3="30,72,5,11,122,45,49,0,40,43,100,116,70"/><W28/><G116/><T62/><D4/><U12/><E2/><V58/><F109/><W67/><G122/><T57/><D18/><U74/><E74/><V110/><F110/><W16/><G72/><T31/><D31/><U123/><E123/><V39/><F33/><W114/><G114/><T120/><D120/><U84/><E111/><V86/><F10/><W24/><G43/><T68/><D68/><U65/><E29/><N who="2" m="17583" /><F39/><W117/><G117/><T9/><D9/><U50/><E132/><V22/><F22/><W8/><G100/><T55/><D55/><U91/><E50/><V107/><F107/><W1/><G24/><T112/><D112/><U37/><E37/><V3/><F3/><W90/><G90/><T83/><D83/><N who="1" m="49183" /><E131/><V32/><F32/><W20/><G20/><T54/><D54/><U113/><E130/><V102/><F66/><W108/><G108/><T96/><D96/><U105/><E105/><V6/><F6/><W115/><G115/><T17/><D17/><U121/><E121/><V128/><F128/><W61/><REACH who="3" step="1"/><G16/><REACH who="3" ten="192,264,259,265" step="2"/><T23/><D23/><U46/><E113/><V56/><F42/><W118/><G118/><T104/><D104/><U101/><E101/><V98/><F103/><W38/><G38/><T125/><D63/><U93/><E82/><V69/><F135/><W73/><G73/><T47/><D41/><U129/><E129/><V77/><F134/><W81/><G81/><T89/><AGARI ba="2,2" hai="44,47,53,57,62,79,80,85,89,95,97,124,125,126" machi="89" ten="30,2000,0" yaku="0,1,18,1" doraHai="119" who="0" fromWho="0" sc="192,46,264,-7,259,-7,265,-12" /><INIT seed="4,0,0,1,3,120" ten="238,257,252,253" oya="0" hai0="88,25,18,27,109,115,86,116,76,4,54,48,111" hai1="103,105,113,71,15,28,93,112,56,24,81,67,135" hai2="22,62,106,5,58,95,31,44,84,64,125,102,132" hai3="51,82,119,39,19,59,32,63,0,121,17,66,12"/><T11/><D116/><U130/><E130/><V90/><F132/><W37/><G0/><T129/><D129/><U124/><E124/><V14/><F125/><W92/><G32/><T126/><D126/><U68/><E135/><V75/><F75/><W29/><G119/><T131/><D131/><U23/><E105/><V45/><F106/><W83/><G29/><T108/><D76/><U57/><E81/><V21/><F102/><W2/><G2/><N who="0" m="407" /><D18/><U85/><E15/><V114/><F114/><N who="1" m="44137" /><E57/><V77/><F77/><W128/><G128/><T10/><D10/><U94/><E94/><V33/><F33/><W110/><G121/><T79/><D79/><U36/><E36/><V55/><F64/><W80/><G92/><N who="0" m="54295" /><D115/><U6/><E6/><V98/><F84/><W47/><G19/><T42/><D42/><U50/><E50/><V72/><F72/><W99/><G99/><T41/><D41/><U49/><E49/><V53/><F53/><W117/><G117/><T43/><D43/><U30/><E30/><V118/><F118/><W123/><G123/><T87/><D87/><U8/><E8/><N who="2" m="4367" /><F31/><W69/><G39/><T104/><D104/><U127/><E127/><V13/><F13/><W9/><G37/><T7/><D7/><U26/><E26/><V1/><F1/><W46/><G69/><T16/><D16/><U20/><E20/><AGARI ba="0,0" hai="20,21,22,44,45,55,58,62,90,95,98" m="4367" machi="20" ten="30,1000,0" yaku="8,1" doraHai="120" who="2" fromWho="1" sc="238,0,257,-10,252,10,253,0" /><INIT seed="5,0,0,5,1,48" ten="238,247,262,253" oya="1" hai0="60,80,43,93,18,99,21,11,62,115,129,114,104" hai1="36,27,41,54,50,95,109,97,70,88,77,56,110" hai2="134,91,67,85,125,45,5,31,58,66,68,131,28" hai3="26,9,63,124,86,94,121,79,69,15,1,46,128"/><U76/><E70/><V52/><F131/><W40/><G1/><T71/><D104/><U0/><E0/><V120/><F134/><W130/><G121/><T78/><D129/><N who="3" m="49769" /><G26/><T7/><D43/><U49/><E36/><V119/><F125/><W90/><G124/><T38/><D38/><U83/><E27/><V59/><F68/><W64/><G79/><T113/><D71/><U122/><E122/><V24/><F5/><N who="3" m="3503" /><G46/><T132/><D132/><U35/><E35/><V2/><F2/><W75/><G40/><T103/><D11/><U101/><E76/><V37/><F37/><W65/><G64/><N who="2" m="24617" /><F119/><W89/><G90/><T127/><D7/><U47/><REACH who="1" step="1"/><E101/><REACH who="1" ten="238,237,262,253" step="2"/><V34/><F34/><W57/><G69/><T3/><D3/><U20/><E20/><N who="2" m="15367" /><F31/><W61/><G89/><T44/><D127/><U8/><E8/><V51/><F120/><W16/><G16/><T133/><D133/><U112/><E112/><V6/><F6/><W13/><G13/><N who="0" m="9423" /><D44/><U10/><E10/><V84/><F91/><W135/><G135/><T106/><D106/><U39/><E39/><V98/><F98/><W102/><G102/><T14/><D14/><U116/><E116/><V22/><F22/><W25/><G25/><T19/><D19/><U33/><E33/><V12/><F12/><W74/><G57/><AGARI ba="0,1" hai="45,51,52,57,58,59,84,85" m="15367,24617" machi="57" ten="30,3900,0" yaku="8,1,52,1,54,1" doraHai="48" who="2" fromWho="3" sc="238,0,237,0,262,49,253,-39" owari="238,4.0,237,-16.0,311,41.0,214,-29.0" /></mjloggm>