<mjloggm ver="2.3"><GO type="97" lobby="0"/><UN n0="%6A%64%75%68%67%72%79" n1="%E6%B0%B8%E9%81%A0%E3%81%AB%E3%81%92%E3%82%93%E3%81%9F%E3%82%8D" n2="%6B%69%6E%6E%74%79%6F%75" n3="%E3%82%A6%E3%83%AB%E3%83%88%E3%83%A9%E7%AB%8B%E7%9B%B4" dan="15,13,14,15" rate="1978.64,1891.67,1877.53,2063.12" sx="M,M,M,M"/><TAIKYOKU oya="0"/><INIT seed="0,0,0,0,2,39" ten="250,250,250,250" oya="0" hai0="44,112,42,126,92,106,27,5,102,47,105,32,14" hai1="31,3,40,48,94,37,78,79,125,21,120,122,8" hai2="98,117,77,65,41,43,107,13,111,97,59,1,26" hai3="49,90,129,7,19,88,135,109,58,75,100,123,86"/><T73/><D112/><U10/><E37/><V53/><F1/><W45/><G75/><T113/><D113/><U62/><E125/><V74/><F117/><W2/><G123/><T15/><D73/><U124/><E124/><V134/><F65/><W114/><G7/><T61/><D126/><U132/><E132/><V72/><F134/><W34/><G34/><T64/><D47/><N who="1" m="25703" /><E3/><V17/><F111/><W6/><G6/><T18/><D5/><U128/><E120/><V0/><F0/><W20/><G2/><T80/><D80/><U82/><E122/><V83/><F26/><W56/><G109/><T25/><D105/><U55/><E94/><V133/><F133/><W104/><G104/><T91/><D102/><U110/><E128/><V36/><F36/><W30/><G100/><T51/><D106/><U85/><E79/><V23/><F74/><W29/><G114/><T35/><D35/><U38/><E38/><V66/><F66/><W33/><G33/><T87/><D32/><U50/><E62/><V16/><F17/><W52/><G129/><T12/><REACH who="0" step="1"/><D18/><REACH who="0" ten="240,250,250,250" step="2"/><U9/><E110/><V89/><F107/><W115/><G115/><T99/><D99/><U108/><E108/><V70/><F98/><W69/><G135/><T22/><D22/><U103/><E103/><V116/><F116/><W68/><G19/><T127/><D127/><U76/><E82/><V95/><REACH who="2" step="1"/><F70/><AGARI ba="0,1" hai="12,14,15,25,27,42,44,51,61,64,70,87,91,92" machi="70" ten="40,3900,0" yaku="1,1,52,1,53,0" doraHai="39" doraHaiUra="24" who="0" fromWho="2" sc="240,49,250,0,250,-39,250,0" /><INIT seed="0,1,0,1,1,65" ten="289,250,211,250" oya="0" hai0="29,83,95,113,116,80,2,46,52,51,39,88,93" hai1="10,44,45,115,104,134,47,6,71,27,30,61,26" hai2="109,17,67,91,55,103,132,89,8,23,25,60,62" hai3="94,7,13,118,50,12,11,111,36,100,1,28,78"/><T117/><D2/><U121/><E121/><V90/><F132/><W18/><G36/><T15/><D113/><U3/><E134/><V122/><F122/><W106/><G106/><T68/><D39/><U126/><E126/><V21/><F109/><W72/><G72/><T86/><D68/><U98/><E115/><V16/><F103/><W96/><G78/><T120/><D120/><U33/><E27/><V92/><F8/><W82/><G82/><T31/><D116/><U79/><E79/><V119/><F119/><W70/><G111/><T22/><D117/><U129/><E129/><V58/><F92/><N who="0" m="35402" /><D83/><U110/><E110/><V63/><F67/><W14/><G70/><T101/><D101/><N who="1" m="62519" /><E47/><V19/><REACH who="2" step="1"/><F19/><AGARI ba="1,0" hai="15,19,22,29,31,46,51,52,80,86,88" m="35402" machi="19" ten="30,5800,0" yaku="8,1,54,2" doraHai="65" who="0" fromWho="2" sc="289,61,250,0,211,-61,250,0" /><INIT seed="0,2,0,0,0,76" ten="350,250,150,250" oya="0" hai0="9,112,70,26,7,71,118,12,67,102,53,2,126" hai1="114,129,130,95,83,79,119,39,6,107,58,0,123" hai2="115,133,48,117,121,1,17,3,33,124,113,120,59" hai3="128,8,77,13,127,32,111,89,131,22,135,69,15"/><T87/><D112/><U35/><E107/><V36/><F33/><W5/><G69/><T91/><D118/><U21/><E35/><V24/><F36/><W94/><G77/><T42/><D42/><U125/><E119/><V122/><F117/><W47/><G47/><T56/><D67/><U134/><E123/><V30/><F17/><N who="3" m="10543" /><G32/><T104/><D26/><U63/><E39/><V25/><F133/><W37/><G37/><T92/><D126/><U106/><E106/><V20/><F124/><W34/><G34/><T44/><D44/><U51/><E125/><V55/><REACH who="2" step="1"/><F25/><REACH who="2" ten="350,250,140,250" step="2"/><W64/><G127/><T16/><D16/><U60/><E134/><V110/><F110/><W45/><G111/><T80/><D7/><U81/><E6/><V85/><F85/><W62/><G135/><T52/><D87/><U84/><E84/><V28/><F28/><W99/><G128/><T132/><D132/><U41/><E129/><V18/><F18/><W40/><G131/><T75/><D75/><U88/><E130/><V101/><F101/><W108/><G108/><T78/><D102/><U66/><E114/><AGARI ba="2,1" hai="1,3,20,24,30,48,55,59,113,114,115,120,121,122" machi="114" ten="50,1600,0" yaku="1,1,53,0" doraHai="76" doraHaiUra="105" who="2" fromWho="1" sc="350,0,250,-22,140,32,250,0" /><INIT seed="1,0,0,5,2,43" ten="350,228,172,250" oya="1" hai0="128,37,26,101,131,132,102,1,39,60,62,15,45" hai1="126,68,27,99,119,113,4,111,48,73,61,78,106" hai2="0,98,52,71,79,124,30,7,86,108,118,55,130" hai3="36,35,9,64,23,5,46,33,57,22,123,17,40"/><U12/><E113/><V28/><F118/><W49/><G123/><T125/><D1/><U82/><E119/><V87/><F71/><W77/><G77/><T97/><D125/><U90/><E126/><V8/><F124/><W2/><G23/><T67/><D132/><U100/><E111/><V24/><F108/><W72/><G72/><T133/><D133/><U53/><E27/><V50/><F55/><W85/><G85/><T42/><D39/><U51/><E90/><V107/><F130/><N who="0" m="49706" /><D15/><U110/><E110/><V66/><F66/><W103/><G103/><N who="0" m="39435" /><D97/><U116/><E116/><V114/><F114/><W11/><G11/><T134/><D134/><U127/><E127/><V3/><F3/><W44/><G57/><T70/><D60/><U25/><E25/><AGARI ba="0,0" hai="25,26,37,42,45,62,67,70" m="39435,49706" machi="25" ten="30,2000,0" yaku="19,1,52,1" doraHai="43" who="0" fromWho="1" sc="350,20,228,-20,172,0,250,0" /><INIT seed="2,0,0,5,3,18" ten="370,208,172,250" oya="2" hai0="127,62,134,71,65,36,6,52,96,119,0,83,123" hai1="116,4,135,21,38,72,34,108,16,23,77,32,126" hai2="58,75,20,88,45,25,109,95,43,80,106,51,46" hai3="98,129,26,1,104,112,64,29,69,3,121,66,30"/><V44/><F106/><W122/><G129/><T99/><D123/><U97/><E38/><V78/><F109/><W49/><G49/><T14/><D36/><U22/><E116/><V5/><F5/><W53/><G53/><T48/><D0/><U2/><E97/><V59/><F59/><W13/><G13/><T89/><D127/><U39/><E39/><V90/><F58/><W35/><G112/><T103/><D134/><U120/><E77/><V105/><F90/><W76/><G76/><T115/><D115/><U47/><E47/><V63/><F63/><N who="3" m="40095" /><G30/><T60/><D60/><U57/><E57/><V131/><F131/><W100/><G66/><T8/><D119/><U113/><E72/><V114/><F105/><W24/><G24/><T117/><D117/><U82/><E82/><V19/><REACH who="2" step="1"/><F114/><REACH who="2" ten="370,208,162,250" step="2"/><W125/><G125/><T107/><D107/><U9/><E113/><V130/><F130/><W74/><G74/><T61/><D61/><U17/><E126/><V56/><F56/><W15/><G3/><T10/><D62/><U85/><E108/><V87/><AGARI ba="0,1" hai="19,20,25,43,44,45,46,51,75,78,80,87,88,95" machi="87" ten="20,18000,2" yaku="1,1,0,1,7,1,52,1,54,1,53,1" doraHai="18" doraHaiUra="37" who="2" fromWho="2" sc="370,-60,208,-60,162,190,250,-60" /><INIT seed="2,1,0,1,2,18" ten="310,148,352,190" oya="2" hai0="44,13,135,109,57,53,72,114,47,30,34,71,38" hai1="96,80,26,105,104,75,6,68,93,56,7,28,122" hai2="128,51,3,50,23,130,67,95,134,33,25,116,100" hai3="4,119,126,22,58,85,42,110,120,39,69,59,40"/><V0/><F116/><W24/><G69/><T133/><D71/><U91/><E68/><V45/><F33/><W78/><G119/><T66/><D66/><U82/><E122/><V27/><F27/><W94/><G120/><T17/><D72/><U49/><E104/><V121/><F67/><W31/><G110/><T103/><D103/><U81/><E75/><V76/><F76/><W101/><G39/><T62/><D114/><U87/><E105/><V15/><F15/><W52/><G4/><T65/><D109/><U54/><REACH who="1" step="1"/><E96/><REACH who="1" ten="310,138,352,190" step="2"/><N who="2" m="59423" /><F121/><W36/><G126/><T111/><D111/><U88/><E88/><V10/><F134/><W132/><G132/><T124/><D124/><U35/><AGARI ba="1,1" hai="6,7,26,28,35,49,54,56,80,81,82,87,91,93" machi="35" ten="30,4000,0" yaku="1,1,0,1,53,1" doraHai="18" doraHaiUra="84" who="1" fromWho="1" sc="310,-11,138,53,352,-21,190,-11" /><INIT seed="3,0,0,5,5,112" ten="299,191,331,179" oya="3" hai0="79,33,7,59,89,45,43,125,128,113,78,39,124" hai1="32,25,31,87,82,119,94,131,23,85,70,95,22" hai2="73,15,65,50,91,3,8,129,46,54,60,36,104" hai3="9,132,57,90,12,127,37,68,11,69,19,58,53"/><W81/><G37/><T102/><D33/><U1/><E70/><V44/><F3/><W88/><G127/><N who="0" m="48715" /><D102/><U66/><E66/><V135/><F104/><W71/><G132/><T34/><D34/><U75/><E1/><V116/><F135/><W63/><G81/><T38/><D38/><U47/><E131/><V115/><F129/><W28/><G28/><T133/><D128/><U21/><E119/><V64/><F116/><W96/><G96/><T5/><D133/><U40/><E75/><V83/><F115/><W111/><G111/><T93/><D59/><U56/><E56/><N who="2" m="36871" /><F73/><W48/><REACH who="3" step="1"/><G11/><REACH who="3" ten="299,191,331,169" step="2"/><T35/><D35/><U122/><E122/><V18/><F36/><W41/><G41/><T126/><D126/><U97/><E97/><V2/><F83/><W107/><G107/><T86/><D113/><U16/><E82/><V130/><F130/><W67/><AGARI ba="0,1" hai="9,12,19,48,53,57,58,63,67,68,69,71,88,90" machi="67" ten="30,6000,0" yaku="1,1,0,1,54,1,53,0" doraHai="112" doraHaiUra="29" who="3" fromWho="3" sc="299,-20,191,-20,331,-20,169,70" /><INIT seed="3,1,0,0,5,5" ten="279,171,311,239" oya="3" hai0="106,117,83,121,91,18,43,107,120,102,50,84,124" hai1="76,62,14,122,70,0,41,8,44,21,30,110,47" hai2="6,35,68,48,134,116,28,73,25,131,19,104,90" hai3="57,56,135,63,69,23,115,37,108,51,86,80,133"/><W52/><G37/><T118/><D18/><U111/><E122/><N who="0" m="47209" /><D50/><U119/><E119/><N who="0" m="45577" /><D43/><U45/><E0/><V114/><F114/><W32/><G115/><T93/><D124/><U78/><E41/><V36/><F36/><W11/><G32/><T34/><D34/><U130/><E130/><V26/><F73/><W20/><G69/><T97/><AGARI ba="1,0" hai="83,84,91,93,97,102,106,107" m="45577,47209" machi="97" ten="40,2700,0" yaku="34,2" doraHai="5" who="0" fromWho="0" sc="279,30,171,-8,311,-8,239,-14" owari="309,41.0,163,-34.0,303,10.0,225,-17.0" /></mjloggm>