<mjloggm ver="2.3"><GO type="97" lobby="0"/><UN n0="%E2%91%A6%E5%B1%8B%E6%95%B7" n1="%E3%82%A6%E3%83%AB%E3%83%88%E3%83%A9%E7%AB%8B%E7%9B%B4" n2="%E3%81%A6%E3%82%8B%E3%81%A6%E3%82%8B" n3="%E6%AD%A6%E8%94%B5%E5%AE%88" dan="14,15,14,13" rate="1951.22,1988.33,1900.82,1993.73" sx="M,M,M,M"/><TAIKYOKU oya="0"/><INIT seed="0,0,0,3,1,94" ten="250,250,250,250" oya="0" hai0="102,117,23,16,44,49,37,112,4,127,31,124,5" hai1="85,51,8,28,126,36,46,56,103,80,79,78,110" hai2="113,58,50,89,35,40,104,74,54,81,86,57,76" hai3="55,120,68,52,92,47,84,93,33,17,20,21,32"/><T131/><D37/><U59/><E36/><V107/><F35/><W98/><G68/><T66/><D112/><U111/><E126/><N who="0" m="48169" /><D117/><U109/><E28/><V27/><F113/><W97/><G84/><T29/><D66/><U90/><E8/><V82/><F27/><W121/><G17/><T10/><D102/><U15/><E15/><V11/><F57/><N who="1" m="22089" /><E103/><V108/><F108/><N who="1" m="27649" /><U130/><DORA hai="87" /><E130/><V115/><F115/><W39/><G39/><T3/><D49/><U67/><E67/><V64/><F40/><AGARI ba="0,0" hai="40,46,51,78,79,80,85,90" m="27649,22089" machi="40" ten="40,2600,0" yaku="14,1,52,1" doraHai="94,87" who="1" fromWho="2" sc="250,0,250,26,250,-26,250,0" /><INIT seed="1,0,0,3,4,83" ten="250,276,224,250" oya="1" hai0="132,91,75,95,46,57,36,25,125,63,103,15,76" hai1="64,2,26,124,85,99,115,135,80,40,118,89,12" hai2="5,67,92,41,106,110,18,55,32,108,45,68,86" hai3="54,60,28,6,48,39,109,9,44,62,4,51,20"/><U66/><E2/><V84/><F106/><W38/><G109/><N who="2" m="42089" /><F32/><W71/><G71/><T130/><D125/><U13/><E115/><V30/><F30/><W49/><G28/><T114/><D114/><U29/><E118/><V107/><F107/><W34/><G34/><T123/><D130/><U96/><E40/><V31/><F31/><W131/><G131/><T121/><D103/><U52/><E135/><V58/><F5/><W74/><G74/><T14/><D132/><U56/><E96/><V134/><F134/><W0/><G6/><T37/><D76/><U53/><E99/><V128/><F128/><W105/><G20/><T87/><D75/><U102/><E102/><V7/><F7/><W97/><G105/><T47/><D25/><U21/><E124/><V16/><F92/><W101/><G97/><T61/><D47/><U27/><E53/><V117/><F68/><W3/><G101/><T33/><D33/><U77/><E77/><V94/><F67/><N who="1" m="25641" /><E27/><V70/><F70/><W120/><G3/><T122/><D63/><AGARI ba="0,0" hai="12,13,21,26,29,52,56,63,80,85,89" m="25641" machi="63" ten="30,5800,0" yaku="8,1,52,1,54,1" doraHai="83" who="1" fromWho="0" sc="250,-58,276,58,224,0,250,0" /><INIT seed="1,1,0,4,5,31" ten="192,334,224,250" oya="1" hai0="92,6,19,33,126,1,20,24,90,106,62,86,110" hai1="68,8,3,98,40,99,94,91,21,97,44,121,72" hai2="32,122,112,49,64,17,43,118,41,60,75,119,66" hai3="10,101,109,58,113,96,116,88,80,13,93,128,11"/><U0/><E68/><V85/><F75/><W125/><G109/><T100/><D110/><U103/><E121/><V107/><F32/><W117/><G125/><T28/><D126/><U23/><E72/><V76/><F107/><W115/><G128/><T34/><D106/><U51/><E3/><V132/><F122/><W82/><G58/><T27/><D100/><U56/><E0/><V83/><F112/><W9/><G13/><T54/><D1/><U70/><E70/><V111/><F132/><W129/><G129/><T15/><D6/><U46/><E46/><V37/><F111/><W55/><G55/><T78/><D78/><U81/><E8/><V18/><F37/><W127/><G127/><T123/><D123/><U130/><E130/><V120/><F120/><W2/><G2/><T39/><D39/><U29/><E56/><N who="2" m="36871" /><F66/><W25/><G25/><T48/><D62/><U26/><E23/><V67/><F67/><W16/><G16/><N who="2" m="6249" /><F119/><N who="3" m="45643" /><G101/><T14/><REACH who="0" step="1"/><D34/><REACH who="0" ten="182,334,224,250" step="2"/><U61/><E61/><V38/><F118/><W108/><G108/><T22/><D22/><U47/><E103/><V12/><F38/><W114/><AGARI ba="1,1" hai="9,10,11,80,82,88,93,96,113,114,115" m="45643" machi="114" ten="40,2700,0" yaku="12,1,54,1" doraHai="31" who="3" fromWho="3" sc="182,-8,334,-14,224,-8,250,40" /><INIT seed="2,0,0,0,1,91" ten="174,320,216,290" oya="2" hai0="6,26,123,46,8,86,48,126,74,3,34,30,72" hai1="125,19,94,80,21,58,97,38,51,50,5,47,59" hai2="42,107,40,87,116,65,20,49,102,110,71,2,88" hai3="70,122,129,11,131,39,14,15,104,78,62,4,36"/><V25/><F116/><W132/><G132/><T22/><D123/><U83/><E5/><V63/><F2/><W1/><G122/><T96/><D96/><U61/><E38/><V85/><F110/><W29/><G104/><T101/><D101/><N who="1" m="60599" /><E125/><V53/><F107/><W0/><G29/><T16/><D86/><U13/><E51/><V81/><F102/><W98/><G78/><T7/><D126/><U37/><E37/><V121/><F87/><W90/><G36/><T45/><D7/><U35/><E35/><V43/><F121/><W95/><G39/><T130/><D130/><N who="3" m="49673" /><G14/><T67/><D67/><AGARI ba="0,0" hai="0,1,4,11,15,62,67,70,90,95,98" m="49673" machi="67" ten="30,2000,0" yaku="19,1,52,1" doraHai="91" who="3" fromWho="0" sc="174,-20,320,0,216,0,290,20" /><INIT seed="3,0,0,5,3,11" ten="154,320,216,310" oya="3" hai0="22,129,39,64,87,124,122,52,65,118,53,15,20" hai1="120,67,46,69,102,89,90,31,27,38,107,51,93" hai2="8,92,6,45,79,110,113,21,73,16,49,29,131" hai3="130,25,85,75,99,70,108,72,62,80,82,98,60"/><W86/><G108/><T115/><D39/><U47/><E120/><V128/><F110/><W117/><G130/><N who="2" m="49705" /><F73/><W100/><G117/><T50/><D129/><U121/><E121/><V126/><F79/><W91/><G25/><T43/><D122/><U74/><E74/><V14/><F92/><W97/><G70/><T0/><D0/><U111/><E38/><V101/><F101/><W133/><G133/><T96/><D118/><U35/><E111/><V57/><F57/><W63/><REACH who="3" step="1"/><G100/><REACH who="3" ten="154,320,216,300" step="2"/><T48/><D115/><U4/><E27/><N who="2" m="16623" /><F113/><W123/><G123/><T135/><D135/><U33/><E69/><V94/><F126/><W116/><G116/><T32/><D124/><U58/><E102/><V66/><F94/><W114/><G114/><T36/><D32/><U55/><E35/><V56/><F56/><W76/><AGARI ba="0,1" hai="60,62,63,72,75,76,80,82,85,86,91,97,98,99" machi="76" ten="30,11700,0" yaku="1,1,0,1,53,2" doraHai="11" doraHaiUra="106" who="3" fromWho="3" sc="154,-39,320,-39,216,-39,300,127" owari="115,-38.0,281,8.0,177,-22.0,427,52.0" /></mjloggm>