<mjloggm ver="2.3"><GO type="169" lobby="0"/><UN n0="%E9%A3%9B%E3%81%B9%E3%81%AA%E3%81%84%E9%AD%9A%EF%BC%93" n1="%E3%82%A6%E3%83%AB%E3%83%88%E3%83%A9%E7%AB%8B%E7%9B%B4" n2="%E3%81%97%E3%81%8A%E3%81%BE%E3%81%AD%E3%81%8D" n3="%33%33%62%6C%61%63%6B" dan="16,17,17,16" rate="2101.65,2189.56,2157.16,2065.26" sx="M,M,M,M"/><TAIKYOKU oya="0"/><INIT seed="0,0,0,3,2,113" ten="250,250,250,250" oya="0" hai0="71,39,64,105,92,86,91,29,25,131,46,26,96" hai1="94,106,72,21,102,1,95,127,79,111,52,27,107" hai2="11,36,70,67,81,17,7,93,78,10,34,134,60" hai3="77,62,54,73,103,74,98,128,49,104,120,41,47"/><T76/><D131/><U40/><E1/><V18/><F34/><W2/><G2/><T132/><D132/><U22/><E40/><V5/><F134/><W51/><G128/><T89/><D76/><U121/><E121/><V87/><F36/><W85/><G62/><T19/><D19/><U0/><E0/><V31/><F31/><W133/><G133/><T112/><D112/><U3/><E3/><V129/><F129/><W50/><G120/><T35/><D25/><U14/><E79/><V55/><F11/><W100/><G100/><T61/><D89/><U57/><E72/><V109/><F109/><W28/><G28/><T75/><D75/><U33/><E33/><V84/><F18/><W24/><G24/><T110/><D110/><U37/><E37/><V44/><F17/><W82/><REACH who="3" step="1"/><G50/><REACH who="3" ten="250,250,250,240" step="2"/><T45/><REACH who="0" step="1"/><D39/><REACH who="0" ten="240,250,250,240" step="2"/><U99/><E111/><V83/><F7/><W123/><G123/><T43/><D43/><U101/><E27/><V20/><F5/><W56/><AGARI ba="0,2" hai="41,47,49,51,54,56,73,74,77,82,85,98,103,104" machi="56" ten="20,5200,0" yaku="1,1,0,1,7,1,53,1" doraHai="113" doraHaiUra="53" who="3" fromWho="3" sc="240,-26,250,-13,250,-13,240,72" /><INIT seed="1,0,0,2,0,33" ten="214,237,237,312" oya="1" hai0="14,89,26,82,31,44,8,60,74,119,126,37,51" hai1="20,117,116,95,81,58,39,133,91,118,86,28,131" hai2="84,72,12,92,61,130,121,64,80,24,68,115,94" hai3="93,87,53,29,77,34,15,43,128,55,9,120,57"/><U76/><E39/><V101/><F130/><W59/><G120/><T7/><D119/><U25/><E131/><V122/><F115/><W75/><G75/><T22/><D126/><U112/><E112/><V13/><F24/><W50/><G128/><T41/><D60/><U46/><E133/><V71/><F72/><W103/><G34/><T88/><REACH who="0" step="1"/><D37/><REACH who="0" ten="204,237,237,312" step="2"/><U62/><E46/><V125/><F61/><W69/><G59/><T129/><D129/><U73/><REACH who="1" step="1"/><E118/><REACH who="1" ten="204,227,237,312" step="2"/><V123/><F123/><W48/><G57/><T127/><D127/><U47/><E47/><V65/><F122/><W27/><G69/><T124/><D124/><U98/><E98/><V18/><F121/><W96/><G96/><T52/><D52/><AGARI ba="0,2" hai="20,25,28,52,58,62,73,76,81,86,91,95,116,117" machi="52" ten="30,5800,0" yaku="1,1,7,1,54,1,53,0" doraHai="33" doraHaiUra="70" who="1" fromWho="0" sc="204,-58,227,78,237,0,312,0" /><INIT seed="1,1,0,1,2,82" ten="146,305,237,312" oya="1" hai0="75,107,76,123,59,89,64,84,83,22,81,11,0" hai1="25,103,97,125,96,91,47,18,7,71,88,68,39" hai2="127,38,109,93,69,67,24,112,53,117,13,105,100" hai3="130,10,45,19,108,28,113,58,116,98,78,17,37"/><U118/><E118/><V77/><F53/><W120/><G120/><T72/><D123/><U33/><E125/><V110/><F93/><W65/><G113/><T99/><D22/><U73/><E73/><N who="0" m="28233" /><D59/><U79/><E79/><V133/><F13/><W49/><G28/><T102/><D11/><U41/><E7/><V94/><F94/><W35/><G35/><T14/><D14/><U55/><E55/><V111/><F24/><W131/><G37/><T87/><D64/><U12/><E97/><V92/><F92/><W63/><G116/><T44/><D44/><U9/><E103/><V85/><F100/><W8/><G8/><T43/><D43/><U20/><E96/><V121/><F67/><W101/><G10/><T104/><D0/><U122/><E122/><V51/><F51/><W114/><G114/><T50/><D50/><U16/><REACH who="1" step="1"/><E33/><REACH who="1" ten="146,295,237,312" step="2"/><V90/><F127/><W32/><G32/><T128/><D128/><U115/><E115/><V42/><F112/><W124/><G124/><T36/><D36/><U54/><E54/><V2/><F121/><W61/><G130/><T23/><D23/><U15/><E15/><V126/><F38/><W31/><G131/><T106/><AGARI ba="1,1" hai="76,81,83,84,87,89,99,102,104,106,107" m="28233" machi="106" ten="30,12000,2" yaku="35,5,52,2" doraHai="82" who="0" fromWho="0" sc="146,133,295,-61,237,-31,312,-31" /><INIT seed="2,0,0,5,4,2" ten="279,234,206,281" oya="2" hai0="40,60,9,121,106,43,107,18,19,88,81,84,90" hai1="52,0,116,37,34,82,23,122,70,61,26,83,6" hai2="101,76,25,36,28,17,1,109,32,41,111,94,97" hai3="125,117,46,78,110,126,58,42,69,35,16,77,129"/><V87/><F41/><W55/><G69/><T33/><D121/><U11/><E34/><V45/><F45/><W56/><G117/><T91/><D33/><U135/><E116/><V50/><F50/><W128/><G110/><N who="2" m="41993" /><F36/><W63/><G35/><T59/><D107/><U21/><E122/><V39/><F39/><N who="3" m="21855" /><G16/><N who="0" m="6187" /><D9/><U134/><E37/><V66/><F66/><N who="3" m="39271" /><G77/><N who="0" m="46127" /><D106/><U24/><E70/><V73/><F17/><W100/><G100/><T102/><D102/><U12/><E0/><V22/><F73/><W4/><G4/><T62/><D62/><U104/><E104/><V5/><F32/><W86/><G86/><T85/><D85/><U67/><E67/><AGARI ba="0,0" hai="40,43,59,60,67,88,90,91" m="46127,6187" machi="67" ten="30,3900,0" yaku="8,1,54,2" doraHai="2" who="0" fromWho="1" sc="279,39,234,-39,206,0,281,0" /><INIT seed="3,0,0,3,0,117" ten="318,195,206,281" oya="3" hai0="86,18,125,66,47,41,22,89,56,50,90,51,1" hai1="11,27,24,15,133,42,109,43,99,55,129,67,45" hai2="91,106,2,63,105,79,73,44,107,123,128,135,33" hai3="94,52,5,112,38,97,16,110,134,87,21,78,130"/><W0/><G112/><T96/><D125/><U3/><E109/><V65/><F135/><W20/><G38/><T127/><D127/><U26/><E133/><V85/><F128/><W54/><G134/><T72/><D72/><U75/><E3/><V58/><F2/><W17/><G130/><T70/><D70/><U100/><E75/><V19/><F33/><W124/><G124/><T81/><D1/><U57/><E67/><V121/><F19/><N who="3" m="7243" /><G0/><T71/><D71/><U114/><E129/><V118/><F118/><W29/><G5/><T103/><D90/><U131/><E131/><V68/><F44/><W62/><G110/><T82/><D82/><U32/><E45/><V23/><F23/><N who="3" m="8779" /><G62/><T104/><D66/><U111/><E32/><V115/><F115/><W12/><G12/><T122/><D122/><N who="2" m="46602" /><F68/><W102/><G29/><T92/><D56/><U40/><E111/><V126/><F126/><W132/><G132/><T36/><D104/><N who="2" m="26626" /><V37/><DORA hai="119" /><F37/><W69/><G69/><T60/><D60/><U34/><E114/><V98/><F73/><W28/><G28/><T61/><D61/><U84/><E34/><V8/><F8/><W39/><G39/><T14/><AGARI ba="0,0" hai="14,18,22,36,41,47,50,51,81,86,89,92,96,103" machi="14" ten="20,1500,0" yaku="0,1,7,1" doraHai="117,119" who="0" fromWho="0" sc="318,15,195,-4,206,-4,281,-7" /><INIT seed="4,0,0,1,4,65" ten="333,191,202,274" oya="0" hai0="73,88,84,115,15,132,49,56,101,61,135,123,92" hai1="30,22,53,58,124,7,121,54,66,75,1,126,27" hai2="51,111,71,129,86,40,81,21,118,70,20,100,16" hai3="38,36,120,55,9,108,74,130,134,105,37,106,99"/><T104/><D123/><U78/><E121/><V77/><F111/><W125/><G108/><T11/><D115/><U80/><E7/><V4/><F4/><W44/><G120/><T25/><D73/><U60/><E1/><V18/><F129/><W42/><G74/><T48/><D25/><U34/><E34/><V47/><F118/><W91/><G130/><T69/><D101/><U50/><REACH who="1" step="1"/><E53/><REACH who="1" ten="333,181,202,274" step="2"/><V89/><F100/><W114/><G55/><T17/><D135/><U110/><E110/><V29/><F77/><W93/><G134/><T95/><D132/><U133/><E133/><V8/><F8/><W13/><G106/><T68/><D104/><U2/><E2/><V112/><F112/><W5/><G114/><T12/><D11/><U117/><E117/><V122/><F122/><W98/><G125/><T102/><D102/><U23/><E23/><V96/><F96/><W24/><G105/><T62/><D15/><U83/><E83/><V41/><F21/><W46/><G98/><T116/><D12/><U14/><E14/><V28/><F20/><W31/><G42/><T94/><D116/><U0/><E0/><V128/><F41/><W119/><G119/><T3/><D3/><U85/><E85/><V76/><F76/><W72/><G72/><T87/><D87/><U63/><E63/><V131/><F131/><W6/><G5/><T113/><D62/><U26/><E26/><V33/><F33/><N who="3" m="20711" /><G6/><T107/><D107/><U67/><E67/><V32/><F128/><W82/><G82/><T52/><D113/><U39/><E39/><V45/><F32/><RYUUKYOKU ba="0,1" sc="333,-15,181,15,202,-15,274,15" hai1="22,27,30,50,54,58,60,66,75,78,80,124,126" hai3="9,13,36,37,38,44,46,91,93,99" /><INIT seed="5,1,1,1,2,107" ten="318,196,187,289" oya="1" hai0="89,21,92,66,15,104,75,128,108,65,122,82,6" hai1="87,63,9,23,71,84,76,26,51,114,109,69,45" hai2="0,42,129,117,60,16,86,101,40,68,7,19,72" hai3="124,57,96,52,10,46,61,31,97,88,53,94,47"/><U93/><E114/><V24/><F117/><W41/><G124/><T17/><D108/><U135/><E135/><V98/><F129/><W91/><G31/><T12/><D128/><U133/><E133/><V78/><F86/><W85/><G10/><T79/><D104/><U48/><E109/><V34/><F7/><W74/><G74/><T22/><D122/><U115/><E115/><V43/><F0/><W119/><G119/><T90/><D90/><N who="1" m="53447" /><E69/><V125/><F125/><W103/><G41/><T59/><D59/><U50/><E71/><V113/><F113/><W39/><G39/><T55/><D55/><N who="1" m="30095" /><E9/><V73/><F78/><W100/><G53/><T1/><D1/><U28/><E63/><V44/><F60/><W8/><G8/><T99/><REACH who="0" step="1"/><D6/><REACH who="0" ten="308,196,187,289" step="2"/><U14/><E14/><V120/><F68/><W110/><G110/><T121/><D121/><U130/><E130/><V123/><F120/><W83/><G91/><T49/><D49/><U32/><E51/><V81/><F123/><W27/><G27/><T33/><D33/><U102/><E32/><V127/><F24/><W35/><G35/><T37/><D37/><U131/><E50/><V5/><F34/><W106/><AGARI ba="1,2" hai="46,47,52,57,61,83,85,88,94,96,97,100,103,106" machi="106" ten="20,5200,0" yaku="0,1,7,1,54,2" doraHai="107" who="3" fromWho="3" sc="308,-14,196,-27,187,-14,289,75" /><INIT seed="6,0,0,2,5,17" ten="294,169,173,364" oya="2" hai0="113,120,35,60,42,114,99,4,87,58,104,92,51" hai1="49,72,33,112,125,61,27,107,91,110,46,94,131" hai2="28,54,129,12,132,21,68,30,130,41,44,109,25" hai3="50,3,80,53,8,70,9,74,118,86,1,95,67"/><V83/><F68/><W115/><G118/><T55/><D120/><U98/><E110/><V56/><F109/><W89/><G3/><T126/><D126/><U11/><E72/><V85/><F132/><W10/><G1/><T123/><D123/><U66/><E131/><N who="2" m="50187" /><F12/><W73/><G115/><N who="0" m="44043" /><D35/><U57/><E125/><V79/><F30/><W119/><G119/><T37/><D37/><U26/><E33/><V134/><F134/><W105/><G105/><T75/><D75/><U22/><E112/><V102/><F102/><W65/><G70/><T5/><D104/><U16/><E107/><V127/><F127/><W2/><G2/><T32/><D32/><U43/><E11/><V108/><F108/><W39/><G39/><T124/><D87/><U62/><E62/><N who="2" m="36119" /><F44/><N who="3" m="27847" /><G73/><T76/><D124/><U13/><AGARI ba="0,0" hai="13,16,22,26,27,43,46,49,57,61,66,91,94,98" machi="13" ten="20,8000,1" yaku="0,1,7,1,8,1,52,1,54,1" doraHai="17" who="1" fromWho="1" sc="294,-20,169,80,173,-40,364,-20" /><INIT seed="7,0,0,5,3,134" ten="274,249,133,344" oya="3" hai0="118,38,37,65,23,114,135,50,42,95,102,15,11" hai1="80,56,74,59,113,48,31,92,63,25,79,99,81" hai2="40,44,32,83,1,8,45,28,90,73,30,116,36" hai3="34,110,129,126,20,93,27,4,104,13,115,76,70"/><W111/><G104/><T33/><D118/><U14/><E113/><V68/><F68/><W54/><G70/><T47/><D33/><U130/><E130/><V101/><F116/><W71/><G115/><T98/><D114/><U41/><E14/><V6/><F101/><W9/><G71/><T96/><D135/><U122/><E122/><V125/><F45/><W66/><G66/><T120/><D120/><U57/><E80/><V10/><F90/><W91/><G76/><T77/><D77/><U61/><E48/><V52/><F10/><W131/><G54/><T128/><D128/><N who="3" m="49225" /><G34/><T55/><D65/><U132/><E41/><V35/><F52/><W58/><G58/><T60/><D23/><U133/><E133/><V53/><F53/><W3/><G3/><T43/><D98/><U67/><E63/><V124/><F35/><W19/><G110/><T72/><D72/><U127/><E132/><V2/><F1/><W16/><G4/><T106/><D106/><U17/><E59/><V69/><F69/><W26/><G26/><T84/><D84/><U39/><E57/><V12/><F12/><W85/><G111/><T46/><D60/><U97/><E56/><V18/><F18/><W7/><G19/><N who="0" m="8703" /><D55/><U62/><E17/><V103/><F103/><W109/><G109/><T121/><D121/><U112/><E112/><V94/><F94/><W119/><G93/><T88/><D102/><U105/><E92/><V75/><F32/><W117/><G117/><T49/><D38/><U51/><E39/><V21/><F21/><W64/><G119/><T87/><D37/><RYUUKYOKU ba="0,0" sc="274,30,249,-10,133,-10,344,-10" hai0="42,43,46,47,49,50,87,88,95,96" owari="304,10.0,239,-16.0,123,-38.0,334,44.0" /></mjloggm>