<mjloggm ver="2.3"><GO type="97" lobby="0"/><UN n0="%4C%65%6E%4B%4E" n1="%E3%82%AB%E3%83%BC%E3%83%97%E3%81%A3%E5%A8%98" n2="%E3%82%82%E3%82%93%E3%81%A1%E3%81%A3%E3%81%A1" n3="%E3%82%A6%E3%83%AB%E3%83%88%E3%83%A9%E7%AB%8B%E7%9B%B4" dan="13,14,15,15" rate="1814.04,1969.64,1992.48,1971.62" sx="M,F,M,M"/><TAIKYOKU oya="0"/><INIT seed="0,0,0,4,4,110" ten="250,250,250,250" oya="0" hai0="66,69,39,51,107,64,88,57,44,27,54,117,46" hai1="81,102,93,37,128,31,131,122,45,96,47,108,124" hai2="23,113,6,63,114,134,75,28,67,52,95,101,73" hai3="35,82,65,7,104,97,78,4,18,59,58,118,17"/><T84/><D107/><U71/><E71/><V105/><F6/><W116/><G35/><T12/><D117/><U40/><E122/><V8/><F8/><W85/><G104/><T60/><D66/><U109/><E124/><V48/><F105/><W14/><G116/><T112/><D112/><U76/><E31/><V21/><F134/><W68/><G68/><T127/><D127/><U25/><E25/><N who="2" m="16431" /><F23/><W24/><G97/><T79/><D79/><U5/><E47/><N who="2" m="27679" /><F75/><W125/><G125/><T74/><D74/><N who="1" m="43159" /><E5/><V106/><F106/><W50/><G118/><T49/><D27/><U53/><E53/><V94/><F94/><W86/><G24/><T42/><D12/><U90/><E102/><V10/><F10/><W1/><G1/><T29/><D29/><U126/><E126/><V41/><F41/><W80/><G18/><T87/><D88/><U32/><E32/><V89/><F89/><W11/><G65/><T3/><D3/><U34/><E34/><V133/><F73/><W111/><G111/><AGARI ba="0,0" hai="37,40,45,90,93,96,108,109,111,128,131" m="43159" machi="111" ten="30,1000,0" yaku="14,1" doraHai="110" who="1" fromWho="3" sc="250,0,250,10,250,0,250,-10" /><INIT seed="1,0,0,4,0,65" ten="250,260,250,240" oya="1" hai0="113,79,131,41,1,47,53,105,72,15,107,36,75" hai1="130,98,93,45,42,129,22,135,110,69,33,24,59" hai2="19,132,86,57,119,97,29,50,55,11,118,106,115" hai3="124,48,30,101,60,123,77,0,82,38,20,128,71"/><U122/><E122/><V34/><F132/><W18/><G0/><T125/><D1/><U127/><E33/><V66/><F115/><W76/><G38/><T2/><D2/><U89/><E135/><V92/><F106/><W62/><G123/><T58/><D113/><U109/><E127/><V46/><F86/><W73/><G124/><T25/><D125/><U39/><E59/><V54/><F66/><W27/><G128/><T111/><D111/><N who="1" m="42507" /><E69/><V108/><F108/><W74/><G101/><T14/><D131/><U35/><E35/><V104/><F104/><W100/><G100/><T81/><D72/><U84/><E84/><V112/><F112/><W126/><G126/><T37/><D37/><U16/><AGARI ba="0,0" hai="16,22,24,39,42,45,89,93,98,129,130" m="42507" machi="16" ten="30,6000,0" yaku="14,1,10,1,54,1" doraHai="65" who="1" fromWho="1" sc="250,-20,260,60,250,-20,240,-20" /><INIT seed="1,1,0,3,0,40" ten="230,320,230,220" oya="1" hai0="73,31,129,120,49,117,39,62,128,43,86,59,23" hai1="17,1,67,15,54,72,97,10,112,11,114,134,124" hai2="45,47,76,57,78,119,3,25,28,50,13,92,75" hai3="74,98,41,77,104,8,34,82,133,116,5,51,93"/><U19/><E72/><V71/><F71/><W64/><G34/><T38/><D73/><U106/><E67/><V68/><F68/><W52/><G116/><T127/><D117/><U94/><E106/><V56/><F3/><W2/><G133/><T37/><D86/><U66/><E66/><V30/><F119/><W16/><G64/><N who="0" m="39007" /><D23/><U4/><E134/><V70/><F70/><W111/><G111/><T46/><D31/><N who="2" m="11818" /><F25/><W26/><G41/><N who="0" m="24783" /><D127/><U118/><E118/><V125/><F125/><W84/><G104/><T110/><D110/><U95/><E95/><V105/><F105/><W121/><G121/><T90/><D90/><U115/><E124/><V22/><F92/><W81/><G81/><T99/><D99/><U18/><REACH who="1" step="1"/><E54/><REACH who="1" ten="230,310,230,220" step="2"/><N who="2" m="31831" /><F75/><W89/><G74/><T21/><D21/><U108/><E108/><V48/><F22/><N who="3" m="13639" /><G2/><T29/><D29/><U63/><E63/><V44/><F13/><N who="3" m="5263" /><G98/><T122/><D43/><U42/><E42/><V69/><F69/><W101/><G101/><AGARI ba="1,1" hai="1,4,10,11,15,17,18,19,94,97,101,112,114,115" machi="101" ten="40,2000,0" yaku="1,1,53,0" doraHai="40" doraHaiUra="61" who="1" fromWho="3" sc="230,0,310,33,230,0,220,-23" /><INIT seed="1,2,0,0,3,42" ten="230,343,230,197" oya="1" hai0="129,124,97,95,69,122,111,90,131,87,80,121,84" hai1="18,107,81,112,5,29,8,119,61,74,85,89,118" hai2="43,24,28,91,67,0,52,98,134,10,20,19,105" hai3="1,108,46,14,109,99,103,3,93,133,62,49,27"/><U7/><E107/><V82/><F134/><W102/><G133/><T35/><D69/><U83/><E112/><V53/><F67/><W78/><G78/><N who="0" m="46103" /><D35/><U59/><E29/><V120/><F120/><N who="0" m="46186" /><D111/><N who="3" m="42569" /><G14/><T79/><D124/><U13/><E74/><V39/><F105/><W48/><G62/><T71/><D71/><U64/><REACH who="1" step="1"/><E81/><AGARI ba="2,0" hai="79,81,87,90,95,97,129,131" m="46186,46103" machi="81" ten="30,3900,0" yaku="13,1,34,2" doraHai="42" who="0" fromWho="1" sc="230,45,343,-45,230,0,197,0" /><INIT seed="2,0,0,3,0,97" ten="275,298,230,197" oya="2" hai0="37,61,129,101,8,70,45,109,62,17,127,10,64" hai1="13,26,119,135,125,2,1,21,5,42,9,94,24" hai2="72,0,34,112,22,53,84,110,36,50,39,59,85" hai3="47,75,27,86,111,55,118,77,74,49,80,6,40"/><V38/><F34/><W90/><G111/><T52/><D109/><U18/><E42/><V63/><F112/><W28/><G118/><T82/><D127/><U79/><E79/><V88/><F110/><W106/><G106/><T11/><D129/><U128/><E94/><V98/><F72/><W43/><G75/><T57/><D82/><U41/><E41/><V115/><F0/><N who="1" m="105" /><E119/><V35/><F35/><W12/><G74/><T92/><D37/><U30/><E125/><V132/><F132/><W130/><G130/><T126/><D126/><U133/><E128/><V76/><F115/><W124/><G124/><T73/><D73/><U20/><AGARI ba="0,0" hai="5,9,13,18,20,21,24,26,30,133,135" m="105" machi="20" ten="30,2000,0" yaku="34,2" doraHai="97" who="1" fromWho="1" sc="275,-5,298,20,230,-10,197,-5" /><INIT seed="3,0,0,1,4,109" ten="270,318,220,192" oya="3" hai0="114,125,55,68,102,49,73,76,107,95,10,24,127" hai1="41,123,38,91,89,18,133,37,85,90,71,83,52" hai2="44,69,79,82,77,111,110,30,87,50,97,118,59" hai3="128,40,129,113,22,117,8,15,115,14,27,29,86"/><W33/><G40/><T39/><D68/><U116/><E71/><V93/><F118/><W62/><G62/><T108/><D39/><U132/><E41/><V5/><F69/><W6/><G86/><T121/><D108/><U99/><E99/><V100/><F110/><W101/><G101/><T2/><D121/><U48/><E116/><V103/><F111/><W17/><G117/><T4/><D107/><U35/><E35/><V66/><F5/><W98/><G98/><T126/><D76/><N who="1" m="46311" /><E18/><V74/><F30/><W47/><G47/><T32/><D73/><U16/><E16/><V19/><F19/><W45/><G45/><T84/><D32/><U0/><E0/><V72/><F66/><W75/><G75/><T20/><D102/><U58/><E123/><V13/><F13/><W131/><AGARI ba="0,0" hai="6,8,14,15,17,22,27,29,33,113,115,128,129,131" machi="131" ten="30,18000,2" yaku="0,1,19,1,34,3,52,2" doraHai="109" who="3" fromWho="3" sc="270,-60,318,-60,220,-60,192,180" owari="210,-19.0,258,6.0,160,-34.0,372,47.0" /></mjloggm>