<mjloggm ver="2.3"><GO type="169" lobby="0"/><UN n0="%E9%9B%80%CE%B2%CE%BF%D1%83" n1="%E3%82%A6%E3%83%AB%E3%83%88%E3%83%A9%E7%AB%8B%E7%9B%B4" n2="%E3%82%81%E3%83%BC%E3%81%A8" n3="%E9%B7%B9%E6%AD%A3%E3%81%AE%E5%80%85%EF%BC%9D%E5%AF%8C%E7%8C%AB" dan="17,16,16,16" rate="2128.14,2120.26,2112.85,2081.83" sx="M,M,M,M"/><TAIKYOKU oya="0"/><INIT seed="0,0,0,4,2,92" ten="250,250,250,250" oya="0" hai0="41,12,116,37,63,73,104,51,76,81,68,53,46" hai1="67,6,94,131,62,56,101,113,72,33,59,9,38" hai2="82,112,49,128,52,120,129,121,135,28,117,58,69" hai3="97,74,124,21,3,17,123,95,102,60,106,44,133"/><T90/><D116/><U64/><E38/><V36/><F28/><W47/><G3/><T5/><D104/><U65/><E33/><V22/><F112/><W14/><G74/><T66/><D90/><U19/><E72/><V93/><F117/><W25/><G124/><T7/><REACH who="0" step="1"/><D12/><REACH who="0" ten="240,250,250,250" step="2"/><U103/><E113/><V130/><F120/><W40/><G123/><T10/><D10/><U71/><E103/><V75/><F121/><W4/><G106/><T39/><D39/><U32/><E101/><V126/><F36/><W111/><G133/><T29/><D29/><U23/><E9/><V54/><F135/><W80/><G102/><T42/><D42/><U18/><E131/><V99/><F126/><W61/><G40/><T11/><D11/><U45/><E71/><V13/><F69/><W109/><G111/><T100/><D100/><U114/><E114/><V57/><F129/><W2/><G109/><T91/><D91/><U77/><E77/><V108/><F108/><W0/><G2/><T16/><D16/><U55/><E19/><V127/><F13/><W98/><G0/><T26/><D26/><U24/><E18/><V31/><F127/><W87/><G25/><T125/><D125/><U78/><E78/><N who="2" m="44383" /><F130/><W35/><G17/><T15/><D15/><U83/><E24/><V79/><F79/><W122/><G14/><T86/><D86/><U50/><E6/><V30/><F128/><W88/><G4/><T70/><D70/><U34/><E34/><V115/><F115/><W85/><G35/><T8/><D8/><U118/><E32/><V96/><F30/><RYUUKYOKU ba="0,1" sc="240,30,250,-10,250,-10,250,-10" hai0="5,7,37,41,46,51,53,63,66,68,73,76,81" /><INIT seed="0,1,1,0,4,3" ten="270,240,240,240" oya="0" hai0="53,37,131,107,48,109,114,27,24,40,62,2,43" hai1="52,133,87,115,22,85,12,45,17,35,130,61,90" hai2="55,95,108,102,106,50,97,23,49,1,111,86,63" hai3="5,122,94,88,8,69,15,132,13,74,42,46,96"/><T70/><D107/><U99/><E35/><V6/><F63/><W93/><G74/><T21/><D114/><U73/><E73/><V4/><F1/><W100/><G132/><T0/><D131/><U126/><E130/><V16/><F50/><W119/><G69/><T57/><D109/><N who="2" m="42058" /><F86/><W103/><G119/><T39/><D27/><U25/><E133/><V72/><F72/><W56/><G56/><T116/><D116/><U113/><E126/><V134/><F106/><W135/><G135/><T60/><D60/><U129/><E129/><V75/><F75/><W105/><G105/><T76/><D76/><U11/><E99/><V125/><F125/><W20/><G122/><T82/><D82/><U92/><E87/><V128/><F128/><W58/><G58/><T98/><D98/><U9/><E61/><V30/><F30/><W14/><G94/><T81/><D81/><U91/><E91/><V120/><F120/><W123/><G123/><T78/><D78/><U7/><REACH who="1" step="1"/><E9/><REACH who="1" ten="270,230,240,240" step="2"/><V64/><F134/><W83/><G83/><T59/><D70/><U89/><E89/><V112/><F112/><W38/><REACH who="3" step="1"/><G20/><REACH who="3" ten="270,230,240,230" step="2"/><T29/><D21/><U68/><E68/><V54/><F23/><W127/><G127/><T34/><D62/><U44/><E44/><V121/><F121/><W110/><G110/><T79/><D59/><U71/><E71/><V77/><F95/><W51/><G51/><AGARI ba="1,3" hai="7,11,12,17,22,25,45,51,52,85,90,92,113,115" machi="51" ten="40,5200,0" yaku="1,1,52,1,54,1,53,0" doraHai="3" doraHaiUra="117" who="1" fromWho="3" sc="270,0,230,85,240,0,230,-55" /><INIT seed="1,0,0,3,4,8" ten="270,315,240,175" oya="1" hai0="89,52,119,130,32,37,18,74,99,133,117,93,34" hai1="65,10,13,127,68,122,80,21,78,24,35,76,33" hai2="103,132,62,96,31,26,28,48,73,30,11,91,47" hai3="3,109,22,87,92,54,81,71,23,2,9,29,44"/><U97/><E122/><V102/><F73/><W124/><G71/><T0/><D74/><U16/><E127/><V42/><F132/><W116/><G124/><T88/><D37/><U46/><E65/><V55/><F11/><W1/><G109/><T125/><D125/><U12/><E68/><V4/><F4/><W75/><G116/><T90/><D0/><U14/><E35/><V66/><F55/><W36/><G75/><T82/><D130/><U86/><E33/><V45/><F45/><W19/><G29/><T64/><D64/><U110/><E110/><V43/><F43/><W95/><G9/><T27/><D133/><U6/><E76/><V98/><F26/><W56/><G23/><T67/><D67/><U105/><REACH who="1" step="1"/><E46/><REACH who="1" ten="270,305,240,175" step="2"/><V57/><REACH who="2" step="1"/><F91/><REACH who="2" ten="270,305,230,175" step="2"/><W129/><G44/><T70/><D90/><U121/><E121/><V58/><F58/><W118/><G56/><T63/><D117/><U17/><E17/><V128/><F128/><W72/><G19/><T77/><D119/><U25/><E25/><V53/><F53/><W120/><G54/><T111/><D89/><U100/><AGARI ba="0,2" hai="6,10,12,13,14,16,21,24,78,80,86,97,100,105" machi="100" ten="30,18000,2" yaku="1,1,0,1,52,3,54,1,53,0" doraHai="8" doraHaiUra="106" who="1" fromWho="1" sc="270,-60,305,200,230,-60,175,-60" /><INIT seed="1,1,0,1,2,122" ten="210,505,170,115" oya="1" hai0="131,75,125,33,80,88,132,17,49,61,28,36,84" hai1="39,86,35,100,90,102,54,18,78,14,11,87,68" hai2="120,19,50,64,8,51,119,24,29,94,52,44,5" hai3="63,26,112,115,70,67,89,3,85,103,83,106,21"/><U7/><E35/><V43/><F120/><W45/><G3/><T60/><D36/><U91/><E68/><V113/><F64/><W10/><G10/><T9/><D75/><U4/><E39/><V58/><F113/><W92/><G106/><T98/><D131/><U69/><E69/><V1/><F94/><W48/><G103/><T20/><D132/><U30/><E30/><V34/><REACH who="2" step="1"/><F19/><REACH who="2" ten="210,505,160,115" step="2"/><W37/><G92/><N who="0" m="56583" /><D125/><U16/><E18/><V95/><F95/><W121/><G121/><T47/><D33/><U15/><E4/><V116/><AGARI ba="1,1" hai="1,5,8,24,29,34,43,44,50,51,52,58,116,119" machi="116" ten="30,4000,0" yaku="1,1,0,1,54,1,53,0" doraHai="122" doraHaiUra="101" who="2" fromWho="2" sc="210,-11,505,-21,160,53,115,-11" /><INIT seed="2,0,0,2,0,122" ten="199,484,213,104" oya="2" hai0="115,38,3,124,64,48,131,30,60,7,9,117,24" hai1="11,103,135,114,76,130,55,46,111,16,18,82,70" hai2="77,118,19,123,97,40,50,79,68,20,4,31,95" hai3="90,42,6,26,78,133,110,8,27,65,54,13,116"/><V56/><F68/><W85/><G116/><T43/><D117/><U134/><E76/><V75/><F75/><W101/><G133/><T92/><D115/><U107/><E70/><V2/><F31/><W39/><G65/><T41/><D38/><U45/><E82/><V74/><F74/><W33/><G33/><T100/><D131/><U120/><E114/><V102/><F123/><W121/><G121/><T23/><D48/><U59/><E130/><V84/><F4/><W72/><G101/><T98/><REACH who="0" step="1"/><D124/><REACH who="0" ten="189,484,213,104" step="2"/><U10/><E120/><V57/><F118/><W37/><G37/><T105/><D105/><U89/><E107/><V32/><F2/><W36/><G36/><T47/><D47/><U93/><E46/><N who="2" m="25927" /><F32/><W63/><G39/><T44/><D44/><U125/><E45/><V21/><F21/><W81/><G42/><T15/><D15/><U67/><E125/><V94/><F79/><W28/><G78/><T52/><D52/><U71/><E55/><V12/><F77/><W5/><G54/><T106/><D106/><U83/><E135/><V49/><F49/><W51/><G51/><T29/><D29/><U14/><E134/><V88/><AGARI ba="0,1" hai="12,19,20,56,57,84,88,94,95,97,102" m="25927" machi="88" ten="30,3000,0" yaku="8,1,54,1" doraHai="122" who="2" fromWho="2" sc="189,-10,484,-10,213,40,104,-10" /><INIT seed="2,1,0,3,2,56" ten="179,474,253,94" oya="2" hai0="64,5,50,93,57,122,53,126,70,117,91,22,123" hai1="36,59,51,99,118,73,105,104,25,16,115,97,120" hai2="81,17,100,29,35,6,55,28,121,106,128,92,114" hai3="39,63,68,24,102,132,98,18,32,1,45,14,62"/><V44/><F106/><W48/><G39/><T34/><D126/><U19/><E73/><V12/><F121/><W111/><G1/><T127/><D34/><U134/><E36/><V89/><F35/><W133/><G111/><T130/><D127/><U30/><E115/><V66/><F6/><W75/><G75/><T96/><D130/><U41/><E118/><V60/><F100/><W109/><G109/><T82/><D5/><U0/><E0/><V116/><F81/><W58/><G68/><T131/><D131/><U61/><E134/><N who="3" m="51818" /><G58/><T72/><D22/><N who="1" m="15671" /><E104/><V2/><F2/><W21/><G32/><T13/><D13/><U125/><E105/><V86/><F116/><W52/><G14/><T8/><D8/><U94/><E125/><V54/><F114/><W23/><G21/><T71/><D117/><U4/><E4/><V42/><F29/><W88/><G88/><T113/><D113/><U90/><E99/><V84/><F28/><W112/><G112/><T80/><D71/><U49/><E120/><V135/><F86/><W9/><G9/><T101/><D72/><U20/><E20/><N who="2" m="11303" /><F128/><W108/><G108/><T95/><D122/><U10/><E10/><V65/><F135/><W11/><G11/><T79/><D79/><U37/><E19/><V74/><F74/><W47/><G45/><N who="0" m="27855" /><D70/><U67/><E16/><V43/><F44/><W76/><G76/><T69/><D69/><U78/><E78/><V87/><F87/><W110/><G110/><T15/><D15/><U103/><E90/><V119/><F119/><W83/><G83/><T77/><D123/><RYUUKYOKU ba="1,0" sc="179,-15,474,15,253,-15,94,15" hai1="37,41,49,51,59,61,67,94,97,103" hai3="18,23,24,47,48,52,62,63,98,102" /><INIT seed="3,2,0,5,2,133" ten="164,489,238,109" oya="3" hai0="132,80,35,101,86,128,58,13,18,27,113,88,21" hai1="11,29,20,119,14,47,55,125,135,2,8,36,48" hai2="131,103,72,53,16,40,41,91,78,28,92,54,81" hai3="104,68,70,9,112,134,127,45,33,60,42,50,109"/><W122/><G112/><T114/><D132/><U130/><E36/><V98/><F28/><W96/><G122/><T76/><D128/><U32/><E135/><V74/><F131/><W5/><G134/><T129/><D129/><U67/><E67/><V62/><F74/><W75/><G75/><T37/><D37/><U118/><E32/><V31/><F31/><W17/><G33/><T25/><D101/><U23/><E2/><V97/><F16/><W116/><G116/><T107/><D107/><U7/><E130/><V64/><F41/><W26/><G109/><T90/><D58/><U111/><E11/><V43/><F43/><W89/><G60/><T12/><D12/><U71/><E71/><V63/><F40/><W124/><G26/><N who="0" m="9739" /><D35/><U44/><E44/><V52/><REACH who="2" step="1"/><F64/><REACH who="2" ten="164,489,228,109" step="2"/><W4/><G17/><T123/><D123/><U77/><E29/><V110/><F110/><W24/><G24/><T34/><D34/><U73/><E111/><V10/><F10/><W105/><G5/><T30/><D30/><U66/><E66/><V126/><F126/><N who="3" m="48171" /><G70/><T3/><D3/><U22/><E125/><V57/><F57/><W108/><G108/><T6/><D6/><U1/><E1/><V99/><F99/><W83/><G68/><T0/><D0/><U69/><E69/><V51/><F51/><W46/><G46/><T38/><D38/><U59/><E47/><V61/><F61/><W15/><G96/><T65/><D65/><U49/><E49/><V84/><F84/><AGARI ba="2,1" hai="4,9,15,42,45,50,83,84,89,104,105" m="48171" machi="84" ten="30,11600,0" yaku="18,1,52,3" doraHai="133" who="3" fromWho="2" sc="164,0,489,0,228,-122,109,132" /><INIT seed="3,3,0,5,0,94" ten="164,489,106,241" oya="3" hai0="100,129,104,135,74,67,128,114,2,44,116,87,95" hai1="34,38,98,21,15,105,81,78,72,55,10,64,123" hai2="102,22,58,130,111,110,40,50,53,118,9,18,83" hai3="85,132,49,47,106,71,115,75,51,57,96,109,76"/><W5/><G71/><T133/><D2/><U24/><E34/><V86/><F118/><W113/><G75/><T41/><D74/><U37/><E123/><V125/><F125/><W121/><G121/><T42/><D116/><U12/><E64/><V65/><F130/><N who="0" m="50282" /><D114/><U119/><E119/><V120/><F120/><W19/><G5/><T0/><D0/><U89/><E55/><V63/><F9/><W134/><G109/><N who="2" m="41481" /><F40/><W6/><G6/><T20/><D67/><U59/><E59/><V30/><F30/><W73/><G73/><T25/><D104/><U99/><E15/><N who="2" m="9567" /><F102/><N who="3" m="62791" /><G57/><T69/><D69/><U52/><E52/><V68/><F86/><W1/><G1/><T32/><D32/><U84/><E12/><V29/><F29/><W62/><G85/><T88/><D100/><U35/><E10/><V56/><F83/><W80/><G80/><T131/><D131/><U14/><E14/><V60/><F60/><W112/><G62/><T66/><D66/><U79/><E35/><V122/><F122/><W126/><G126/><T107/><D107/><U4/><E4/><V17/><F58/><W103/><G103/><T117/><D117/><U28/><E105/><V27/><F17/><W33/><G33/><T91/><D91/><U82/><REACH who="1" step="1"/><E89/><REACH who="1" ten="164,479,106,241" step="2"/><V26/><AGARI ba="3,1" hai="26,27,50,53,56,63,65,68" m="9567,41481" machi="26" ten="30,1100,0" yaku="14,1" doraHai="94" who="2" fromWho="2" sc="164,-6,479,-6,106,30,241,-8" /><INIT seed="4,0,0,2,0,108" ten="158,473,136,233" oya="0" hai0="12,129,61,58,113,33,59,40,55,43,23,10,3" hai1="57,27,79,111,72,102,37,21,110,130,18,91,44" hai2="70,124,74,105,125,92,100,78,131,134,133,65,76" hai3="67,30,28,94,49,99,128,80,13,39,68,32,45"/><T107/><D33/><U103/><E72/><V9/><F9/><W36/><G128/><T48/><D107/><U77/><E37/><V81/><F70/><W24/><G30/><T7/><D129/><U121/><E121/><V47/><F47/><W117/><G117/><T52/><D3/><U87/><E130/><V15/><F15/><W64/><G80/><T54/><D113/><U112/><E112/><V62/><F131/><W41/><G13/><T75/><D75/><U126/><E126/><N who="2" m="48747" /><F62/><W20/><G32/><T120/><D120/><U104/><E104/><V123/><F65/><W8/><G8/><T101/><D101/><U96/><E96/><N who="2" m="61575" /><F123/><W19/><G28/><T53/><REACH who="0" step="1"/><D23/><REACH who="0" ten="148,473,136,233" step="2"/><U93/><E103/><V34/><F34/><W66/><G68/><T127/><D127/><U1/><E102/><V2/><F2/><W73/><G73/><T11/><D11/><U56/><E1/><V51/><F74/><W0/><G0/><T84/><D84/><U82/><E111/><V114/><F114/><W83/><G20/><T25/><D25/><U88/><E110/><V119/><F119/><W46/><G24/><T95/><D95/><U29/><E93/><V132/><F92/><W6/><G94/><T4/><D4/><U63/><E87/><V17/><F81/><W22/><G83/><T89/><D89/><U116/><E91/><V109/><F109/><W14/><G6/><T97/><D97/><U16/><E88/><V98/><F98/><W106/><G99/><T118/><D118/><U115/><E116/><V135/><F133/><W26/><G26/><RYUUKYOKU ba="0,1" sc="148,30,473,-10,136,-10,233,-10" hai0="7,10,12,40,43,48,52,53,54,55,58,59,61" /><INIT seed="4,1,1,3,0,14" ten="178,463,126,223" oya="0" hai0="131,88,102,103,55,85,34,31,43,119,1,54,133" hai1="118,42,11,95,25,76,84,125,87,107,53,68,30" hai2="115,80,89,8,130,39,10,63,64,100,74,5,93" hai3="52,6,79,37,61,3,40,132,66,77,12,110,17"/><T67/><D119/><U2/><E68/><V57/><F39/><W36/><G110/><T83/><D1/><U127/><E107/><V105/><F130/><W60/><G132/><T135/><D131/><U48/><E42/><V45/><F115/><W23/><G3/><T62/><D43/><U28/><E76/><N who="2" m="44055" /><F45/><W90/><G6/><T26/><D102/><U114/><E118/><V129/><F5/><W97/><G40/><T106/><D103/><U120/><E120/><V112/><F112/><W49/><G37/><T19/><D106/><U44/><E95/><V122/><F122/><W59/><G36/><T38/><D38/><U7/><E30/><V0/><F0/><W21/><G21/><N who="0" m="13631" /><D31/><U41/><E41/><V82/><F82/><W73/><G73/><T108/><D34/><N who="1" m="20751" /><E114/><V117/><F117/><W24/><G24/><T96/><D96/><U18/><E87/><N who="2" m="52415" /><F129/><W69/><G61/><T111/><D54/><U35/><E84/><V47/><F47/><N who="3" m="27711" /><G69/><N who="0" m="42231" /><D55/><U9/><E35/><V29/><F29/><W116/><G116/><T58/><D58/><U121/><E121/><V98/><AGARI ba="1,1" hai="8,10,57,63,64,98,100,105" m="52415,44055" machi="98" ten="30,1100,0" yaku="24,1" doraHai="14" who="2" fromWho="2" sc="178,-6,463,-4,126,24,223,-4" /><INIT seed="5,0,0,0,3,26" ten="172,459,150,219" oya="1" hai0="90,34,131,59,79,88,72,11,53,100,104,40,110" hai1="36,133,121,7,25,37,87,45,94,117,33,2,43" hai2="126,78,48,27,51,9,119,15,49,19,29,18,39" hai3="47,115,4,28,113,108,134,57,118,92,105,132,31"/><U101/><E121/><V95/><F39/><W61/><G105/><T16/><D110/><U98/><E117/><V127/><F119/><W81/><G118/><T73/><D131/><U111/><E111/><V112/><F112/><N who="3" m="43083" /><G108/><T82/><D40/><U128/><E128/><V122/><F122/><W83/><G4/><T12/><D34/><U13/><E2/><V41/><F78/><W102/><G47/><T86/><D73/><U58/><E37/><V64/><F64/><N who="3" m="38959" /><G92/><T124/><D124/><N who="2" m="47658" /><F95/><W75/><G102/><T135/><D135/><N who="3" m="51753" /><G75/><T3/><D3/><U114/><E133/><V106/><F106/><W20/><G20/><T1/><D1/><U80/><E45/><N who="2" m="25647" /><F19/><W85/><G83/><T107/><D100/><U99/><E80/><V23/><AGARI ba="0,0" hai="9,15,18,23,27,29,49,51" m="25647,47658" machi="23" ten="30,2000,0" yaku="18,1,52,1" doraHai="26" who="2" fromWho="2" sc="172,-5,459,-10,150,20,219,-5" /><INIT seed="6,0,0,2,1,39" ten="167,449,170,214" oya="2" hai0="78,8,43,20,82,49,97,48,107,128,4,108,121" hai1="126,103,134,50,132,118,23,122,80,104,40,42,93" hai2="51,44,34,88,113,129,77,5,109,84,110,89,62" hai3="14,27,3,25,69,24,119,7,58,90,120,114,47"/><V2/><F34/><W124/><G69/><T87/><D121/><U115/><E104/><V106/><F106/><W9/><G119/><T79/><D108/><N who="2" m="41578" /><F129/><W0/><G120/><T63/><D128/><U74/><E118/><V72/><F113/><W57/><G114/><T92/><D107/><U10/><E115/><V60/><F72/><W83/><G124/><T11/><D4/><U28/><E126/><V111/><F77/><W61/><G58/><T17/><D78/><N who="1" m="44119" /><E50/><N who="0" m="19561" /><D43/><N who="1" m="16427" /><E10/><N who="2" m="2359" /><F111/><W46/><G3/><T102/><D63/><N who="2" m="24106" /><F84/><N who="3" m="50463" /><G0/><T75/><D75/><U117/><E117/><V55/><AGARI ba="0,0" hai="44,51,55,88,89" m="24106,2359,41578" machi="55" ten="30,3000,0" yaku="10,1,54,1" doraHai="39" who="2" fromWho="2" sc="167,-10,449,-10,170,30,214,-10" /><INIT seed="6,1,0,4,3,74" ten="157,439,200,204" oya="2" hai0="49,35,122,33,128,77,108,105,53,106,119,32,48" hai1="39,78,96,7,66,6,114,103,2,37,123,91,115" hai2="56,69,94,50,19,36,76,71,26,61,111,24,27" hai3="62,130,98,81,97,17,41,10,95,68,112,1,14"/><V18/><F36/><W58/><G68/><T125/><D122/><U43/><E123/><V20/><F111/><W21/><G130/><T87/><D108/><U116/><E116/><V92/><F50/><W82/><G112/><N who="1" m="43050" /><E43/><V101/><F76/><W67/><G41/><T64/><D64/><U60/><E91/><V99/><F92/><W83/><G1/><T57/><D119/><U0/><E78/><V90/><F101/><W85/><G10/><T31/><D128/><U84/><E84/><V131/><F131/><W129/><G129/><T65/><D125/><U110/><E110/><V107/><F107/><W54/><G67/><T88/><D65/><U59/><E0/><V25/><F19/><W13/><G13/><T30/><D49/><U100/><E2/><V80/><F80/><N who="3" m="30827" /><G95/><T28/><REACH who="0" step="1"/><D77/><AGARI ba="1,0" hai="14,17,21,54,58,62,77,83,85,97,98" m="30827" machi="77" ten="30,2000,0" yaku="8,1,52,1" doraHai="74" who="3" fromWho="0" sc="157,-23,439,0,200,0,204,23" /><INIT seed="7,0,0,5,4,118" ten="134,439,200,227" oya="3" hai0="53,111,6,9,43,17,34,123,20,46,71,110,93" hai1="119,41,27,109,37,14,58,67,55,132,87,59,122" hai2="44,45,88,52,29,3,78,16,130,129,121,2,128" hai3="133,84,13,61,51,1,120,101,72,96,115,30,106"/><W117/><G1/><N who="2" m="9" /><F78/><W56/><G72/><T81/><D71/><U75/><E122/><V33/><F121/><W7/><G120/><T39/><D34/><U74/><E132/><V97/><F16/><W0/><G133/><T135/><D135/><U83/><E37/><V114/><F114/><W92/><G0/><N who="0" m="199" /><D93/><U126/><E58/><V8/><F8/><W5/><G115/><T40/><D40/><U124/><E126/><V4/><F4/><W47/><G117/><T23/><D53/><U85/><E109/><N who="0" m="41481" /><D17/><U31/><E119/><V19/><F19/><W49/><G30/><T25/><D25/><U103/><E14/><V38/><F38/><W63/><G13/><T91/><D123/><U64/><E124/><V15/><F15/><W32/><G32/><T116/><D116/><U28/><E83/><V24/><F52/><N who="3" m="31775" /><G106/><T89/><D89/><U77/><E59/><V68/><F68/><W86/><G86/><T57/><D57/><U10/><E85/><V127/><F127/><W104/><G84/><T36/><D36/><U60/><E87/><V18/><F18/><W80/><G80/><T35/><D35/><U65/><E75/><V131/><N who="2" m="33280" /><DORA hai="108" /><V125/><F125/><W94/><G104/><T99/><D99/><U102/><E74/><V21/><F33/><W50/><G94/><AGARI ba="0,0" hai="21,24,29,44,45,88,94,97" m="33280,9" machi="94" ten="60,3900,0" yaku="19,1,54,1" doraHai="118,108" who="2" fromWho="3" sc="134,0,439,0,200,39,227,-39" owari="134,-37.0,439,54.0,239,4.0,188,-21.0" /></mjloggm>