<mjloggm ver="2.3"><GO type="169" lobby="0"/><UN n0="%E3%81%97%E3%82%93%E3%82%84%E3%81%A3%E3%81%A1" n1="%E8%91%B5%E6%9C%88" n2="%E3%83%94%E3%82%AB%E5%90%BE%E9%83%8E" n3="%E3%82%A6%E3%83%AB%E3%83%88%E3%83%A9%E7%AB%8B%E7%9B%B4" dan="16,16,17,17" rate="2061.44,2076.93,2221.32,2112.21" sx="M,M,M,M"/><TAIKYOKU oya="0"/><INIT seed="0,0,0,1,4,36" ten="250,250,250,250" oya="0" hai0="74,53,51,124,42,57,10,108,102,80,37,7,44" hai1="41,103,49,45,8,23,78,81,43,68,38,119,35" hai2="54,135,82,64,40,77,61,25,90,83,115,11,111" hai3="73,65,96,14,91,128,15,130,104,71,129,20,86"/><T39/><D124/><U114/><E119/><V26/><F115/><W13/><G73/><T30/><D102/><U95/><E114/><V3/><F54/><W60/><G104/><T59/><D30/><U105/><E35/><V122/><F122/><W97/><REACH who="3" step="1"/><G20/><REACH who="3" ten="250,250,250,240" step="2"/><T48/><D108/><U120/><E105/><V89/><F111/><W72/><G72/><T18/><D74/><U12/><E23/><V21/><F21/><W19/><G19/><T79/><D18/><U70/><E120/><V24/><F24/><W117/><G117/><T116/><D116/><U121/><E121/><V52/><F26/><W85/><G85/><T127/><D127/><U4/><E70/><V123/><F25/><W94/><AGARI ba="0,1" hai="13,14,15,60,65,71,86,91,94,96,97,128,129,130" machi="94" ten="40,5200,0" yaku="1,1,0,1,19,1,53,0" doraHai="36" doraHaiUra="132" who="3" fromWho="3" sc="250,-26,250,-13,250,-13,240,62" /><INIT seed="1,0,0,5,3,88" ten="224,237,237,302" oya="1" hai0="99,14,117,135,22,126,128,122,124,101,62,70,110" hai1="87,67,115,78,118,35,0,97,43,104,112,76,61" hai2="132,133,7,125,27,113,8,84,36,105,63,50,71" hai3="91,98,28,3,69,52,127,81,107,89,95,1,23"/><U123/><E35/><V116/><F36/><W109/><G69/><T119/><D110/><U66/><E0/><V38/><F38/><W30/><G107/><T92/><D135/><N who="2" m="51786" /><F105/><W4/><G109/><T29/><D128/><U75/><E75/><V11/><F116/><W121/><G121/><T13/><D122/><U46/><E118/><V48/><F11/><W120/><G120/><T17/><D29/><U80/><E123/><V20/><F71/><W12/><G127/><N who="0" m="48683" /><D13/><U2/><E2/><N who="2" m="119" /><F63/><W51/><G3/><T44/><D44/><U77/><E115/><V15/><F15/><W9/><G23/><T83/><D83/><U96/><E112/><V86/><F125/><W39/><G39/><T26/><D26/><U5/><E5/><V79/><F113/><W82/><G82/><T47/><D47/><U6/><E6/><V57/><F57/><W55/><G81/><T34/><D34/><U134/><E134/><V25/><F27/><W32/><G32/><T85/><D85/><N who="2" m="32874" /><F79/><W18/><G4/><T131/><D131/><U41/><E77/><V72/><F72/><W31/><G1/><T54/><D70/><U60/><E76/><V16/><AGARI ba="0,0" hai="16,20,25,48,50" m="32874,119,51786" machi="16" ten="30,2000,0" yaku="20,1,54,1" doraHai="88" who="2" fromWho="2" sc="224,-5,237,-10,237,20,302,-5" /><INIT seed="2,0,0,0,5,57" ten="219,227,257,297" oya="2" hai0="107,49,6,103,38,68,65,70,96,55,1,63,3" hai1="41,109,53,113,85,31,92,116,39,126,80,84,56" hai2="111,58,32,19,45,102,90,50,12,97,106,87,86" hai3="132,48,123,7,74,128,46,83,22,134,60,118,33"/><V77/><F32/><W25/><G33/><T21/><D70/><U9/><E116/><V67/><F77/><W40/><G123/><T24/><D6/><U37/><E113/><V5/><F5/><W11/><G118/><T127/><D127/><U120/><E120/><V64/><F111/><W130/><G83/><T108/><D108/><U15/><E109/><V114/><F114/><W100/><G100/><T28/><REACH who="0" step="1"/><D38/><REACH who="0" ten="209,227,257,297" step="2"/><U71/><E126/><V51/><F50/><W62/><G74/><T13/><D13/><U16/><E71/><V94/><F87/><W72/><G72/><T27/><D27/><U104/><E37/><V79/><F79/><W23/><G7/><T20/><D20/><U78/><E85/><V82/><F106/><W95/><G23/><T93/><D93/><U44/><E104/><V133/><F133/><N who="3" m="51307" /><G95/><T81/><D81/><U26/><E92/><V110/><F110/><W47/><G11/><T98/><D98/><U66/><E26/><V112/><F112/><W14/><G14/><T73/><D73/><U10/><E10/><V4/><F4/><W122/><G122/><T88/><D88/><U18/><E78/><V42/><F58/><AGARI ba="0,1" hai="1,3,21,24,28,49,55,58,63,65,68,96,103,107" machi="58" ten="30,7700,0" yaku="1,1,7,1,52,1,53,1" doraHai="57" doraHaiUra="52" who="0" fromWho="2" sc="209,87,227,0,257,-77,297,0" /><INIT seed="3,0,0,1,5,59" ten="296,227,180,297" oya="3" hai0="87,69,45,42,29,70,36,39,106,3,122,28,50" hai1="111,27,35,8,72,60,65,80,55,34,114,21,24" hai2="100,134,135,131,112,23,133,86,6,16,40,46,123" hai3="11,20,94,7,113,19,37,109,85,95,107,14,108"/><W1/><G37/><T116/><D116/><U83/><E114/><V41/><F112/><W18/><G107/><T129/><D106/><U52/><E111/><N who="3" m="42570" /><G113/><T15/><D122/><U90/><E8/><V76/><F100/><W79/><G19/><T56/><D3/><U104/><E104/><V43/><F6/><W77/><G95/><T44/><D129/><U115/><E115/><V68/><F68/><W22/><G22/><T48/><D56/><U74/><E90/><AGARI ba="0,0" hai="1,7,11,14,18,20,77,79,85,90,94" m="42570" machi="90" ten="30,2900,0" yaku="14,1,10,1" doraHai="59" who="3" fromWho="1" sc="296,0,227,-29,180,0,297,29" /><INIT seed="3,1,0,5,4,82" ten="296,198,180,326" oya="3" hai0="87,112,108,99,89,106,20,24,42,40,23,62,72" hai1="53,95,81,76,38,61,86,47,129,126,92,88,1" hai2="48,132,80,66,77,83,46,22,111,18,97,71,39" hai3="70,96,0,5,43,68,133,101,94,119,32,12,57"/><W52/><G32/><T7/><D112/><U27/><E126/><V121/><F39/><W73/><G73/><T51/><D72/><U60/><E129/><V117/><F117/><W120/><G119/><T134/><D7/><U14/><E1/><V9/><F9/><W75/><G75/><T65/><D108/><U41/><E95/><V19/><F66/><W25/><G0/><T11/><D11/><U115/><E115/><V67/><F67/><W116/><G116/><T49/><D134/><U8/><E27/><V17/><F71/><W6/><G133/><T74/><D74/><U10/><E53/><V123/><F111/><W35/><G43/><T3/><D3/><U110/><E8/><V90/><F22/><N who="0" m="8234" /><D99/><U98/><REACH who="1" step="1"/><E110/><REACH who="1" ten="296,188,180,326" step="2"/><V15/><F132/><W59/><G25/><T113/><D24/><U79/><E79/><V50/><F77/><W91/><G12/><T44/><D113/><U107/><E107/><V16/><F15/><W29/><G94/><N who="0" m="54591" /><D106/><U122/><E122/><V56/><F121/><W85/><G120/><T13/><D13/><U63/><E63/><V54/><F123/><W2/><G2/><T26/><D26/><U36/><E36/><V33/><N who="2" m="4096" /><DORA hai="58" /><V69/><F33/><W130/><G35/><T105/><D105/><U28/><E28/><V30/><F30/><W131/><G29/><T55/><D51/><U45/><E45/><V102/><F50/><W104/><G131/><T21/><N who="0" m="8242" /><T84/><DORA hai="114" /><D62/><U124/><E124/><V118/><F46/><W109/><G130/><T31/><D31/><U34/><E34/><RYUUKYOKU ba="1,1" sc="296,-10,188,30,180,-10,326,-10" hai1="10,14,38,41,47,60,61,76,81,86,88,92,98" /><INIT seed="4,2,1,3,2,2" ten="286,218,170,316" oya="0" hai0="111,105,14,6,115,80,46,44,1,19,23,20,110" hai1="81,117,78,28,76,58,132,53,108,3,130,84,72" hai2="0,77,10,82,92,95,56,114,83,17,86,5,63" hai3="4,34,62,32,31,27,8,133,112,126,79,60,30"/><T118/><D105/><U41/><E117/><V128/><F128/><W9/><G79/><T124/><D118/><U116/><E116/><V122/><F114/><W18/><G112/><T120/><D115/><U96/><E130/><V59/><F59/><W123/><G62/><T47/><D120/><U99/><E108/><N who="0" m="41513" /><D124/><U131/><E131/><V65/><F122/><W109/><G60/><T36/><D80/><U25/><E132/><V66/><F66/><W22/><G109/><T91/><D91/><U24/><E3/><V94/><F17/><N who="3" m="12751" /><G133/><T49/><D36/><U52/><E41/><V85/><REACH who="2" step="1"/><F95/><REACH who="2" ten="286,218,160,316" step="2"/><W89/><G126/><T107/><D107/><U64/><E64/><V135/><F135/><W97/><G123/><T73/><D47/><U61/><E58/><V129/><F129/><W55/><G18/><T11/><D46/><U57/><E57/><V29/><F29/><W103/><G31/><T15/><D44/><U93/><E28/><V68/><F68/><W71/><G30/><T101/><D49/><U127/><E127/><V35/><F35/><W106/><G34/><T104/><D104/><U67/><E93/><V39/><F39/><W54/><G32/><T38/><D38/><U21/><E67/><V121/><F121/><W102/><G106/><T98/><D19/><U43/><E61/><V50/><F50/><W88/><G71/><T134/><D134/><U33/><E33/><V75/><F75/><W37/><G37/><T100/><D73/><U45/><E72/><V7/><F7/><W26/><G4/><T69/><D69/><U16/><E16/><RYUUKYOKU ba="2,2" sc="286,-10,218,-10,160,30,316,-10" hai2="0,5,10,56,63,65,77,82,83,85,86,92,94" /><INIT seed="5,3,2,5,0,55" ten="276,208,190,306" oya="1" hai0="118,6,19,15,89,133,130,97,42,113,74,109,90" hai1="30,131,75,25,38,62,35,85,34,80,93,58,9" hai2="12,52,67,60,33,114,50,123,84,128,135,70,49" hai3="37,76,4,23,94,11,71,32,59,54,77,124,103"/><U102/><E38/><V31/><F123/><W16/><G32/><T101/><D109/><U112/><E112/><V17/><F114/><W104/><G71/><T5/><D113/><U7/><E75/><V127/><F127/><W61/><G104/><T57/><D118/><U96/><E131/><V40/><F128/><W132/><G37/><T63/><D74/><U82/><E35/><V69/><F70/><W26/><G132/><T98/><D130/><U81/><E9/><V28/><F33/><W1/><G124/><T27/><D42/><U120/><E7/><N who="0" m="2569" /><D27/><U10/><E10/><V3/><F3/><W83/><G83/><T122/><D122/><U99/><E96/><N who="0" m="36969" /><D101/><U8/><E8/><V64/><F135/><W46/><G103/><T45/><D45/><U44/><E44/><N who="2" m="25735" /><F69/><W29/><G94/><T13/><D133/><U78/><REACH who="1" step="1"/><E120/><REACH who="1" ten="276,198,190,306" step="2"/><V72/><F72/><W47/><G47/><T126/><D126/><U88/><E88/><N who="0" m="33897" /><D19/><U129/><E129/><V56/><F17/><W87/><G46/><T92/><D92/><U24/><E24/><V110/><F12/><W79/><G16/><T107/><D107/><U125/><E125/><V121/><F121/><W65/><G87/><T43/><D43/><U66/><AGARI ba="3,3" hai="25,30,34,58,62,66,78,80,81,82,85,93,99,102" machi="66" ten="20,7800,0" yaku="1,1,0,1,7,1,52,1,53,0" doraHai="55" doraHaiUra="39" who="1" fromWho="1" sc="276,-29,198,117,190,-29,306,-29" /><INIT seed="5,4,0,5,0,34" ten="247,315,161,277" oya="1" hai0="54,90,23,87,132,102,28,46,75,49,120,91,25" hai1="45,79,18,64,97,31,56,73,14,21,6,1,95" hai2="51,57,40,65,130,113,50,92,78,125,24,121,70" hai3="39,71,42,59,96,129,106,123,38,20,9,2,86"/><U88/><E45/><V0/><F0/><W82/><G123/><T115/><D75/><U58/><E64/><V127/><F78/><W119/><G71/><T66/><D120/><U55/><E31/><V107/><F107/><W16/><G129/><T27/><D115/><U99/><E99/><V116/><F121/><W62/><G119/><T44/><D132/><U93/><E95/><V76/><F76/><W33/><G33/><T109/><D102/><U134/><E134/><V63/><F24/><W126/><G126/><N who="2" m="48137" /><F92/><W67/><G42/><T133/><D133/><U103/><E103/><V81/><F81/><W114/><G114/><T112/><D112/><U118/><E118/><V17/><F113/><W60/><G60/><T101/><D101/><U108/><E108/><V131/><F116/><W80/><G96/><T69/><D27/><U122/><E122/><V128/><F17/><W22/><G106/><T104/><D104/><U10/><REACH who="1" step="1"/><E55/><REACH who="1" ten="247,305,161,277" step="2"/><N who="2" m="34239" /><F40/><W83/><G83/><AGARI ba="4,1" hai="1,6,10,14,18,21,56,58,73,79,83,88,93,97" machi="83" ten="40,12000,1" yaku="1,1,52,1,54,1,53,1" doraHai="34" doraHaiUra="72" who="1" fromWho="3" sc="247,0,305,142,161,0,277,-132" /><INIT seed="5,5,0,2,4,32" ten="247,447,161,145" oya="1" hai0="117,101,3,107,71,108,14,53,103,33,97,126,61" hai1="5,63,118,120,79,4,58,67,24,83,51,105,106" hai2="28,86,30,116,84,119,82,65,89,2,8,129,77" hai3="21,27,102,93,121,122,35,12,125,70,98,135,92"/><U7/><E120/><V111/><F111/><W45/><G70/><T52/><D117/><U18/><E118/><V85/><F30/><W127/><G35/><T20/><D108/><U104/><E51/><V131/><F65/><W29/><G135/><T50/><D126/><N who="3" m="48137" /><G12/><T78/><D78/><U11/><E24/><V15/><F28/><W110/><G110/><T55/><D33/><U9/><REACH who="1" step="1"/><E18/><REACH who="1" ten="247,437,161,145" step="2"/><V95/><F116/><W81/><G122/><T40/><D50/><U87/><AGARI ba="5,1" hai="4,5,7,9,11,58,63,67,79,83,87,104,105,106" machi="87" ten="40,7800,0" yaku="1,1,2,1,0,1,53,0" doraHai="32" doraHaiUra="13" who="1" fromWho="1" sc="247,-31,437,103,161,-31,145,-31" /><INIT seed="5,6,0,5,0,48" ten="216,540,130,114" oya="1" hai0="127,85,132,69,47,78,131,97,9,49,98,123,110" hai1="95,29,45,0,60,19,71,103,35,65,77,84,33" hai2="57,112,106,108,134,64,21,14,117,12,128,11,37" hai3="105,52,17,32,101,50,90,18,27,16,83,36,89"/><U81/><E0/><V135/><F106/><W59/><G36/><T124/><D69/><U79/><E79/><V39/><F108/><W96/><REACH who="3" step="1"/><G83/><REACH who="3" ten="216,540,130,104" step="2"/><N who="0" m="47351" /><D110/><U15/><E81/><V51/><F128/><W76/><G76/><T99/><D131/><U75/><E77/><V133/><F117/><W104/><G104/><T44/><D123/><U61/><E75/><V102/><F112/><W13/><G13/><T58/><D132/><U1/><E15/><V73/><F73/><W129/><G129/><T74/><D74/><U6/><E1/><V24/><F14/><W115/><G115/><T54/><D9/><U88/><E95/><V56/><F102/><W125/><G125/><AGARI ba="6,1" hai="44,47,49,54,58,97,98,99,124,125,127" m="47351" machi="125" ten="30,2000,0" yaku="18,1,52,1" doraHai="48" who="0" fromWho="3" sc="216,48,540,0,130,0,104,-38" /><INIT seed="6,0,0,5,0,117" ten="264,540,130,66" oya="2" hai0="130,62,16,43,116,93,85,26,82,119,8,125,98" hai1="24,33,17,106,133,14,57,45,65,109,61,74,94" hai2="77,91,72,39,29,132,22,6,105,124,73,92,4" hai3="128,0,25,31,10,76,19,7,122,56,37,11,107"/><V12/><F105/><W54/><G107/><T79/><D130/><U44/><E109/><V58/><F39/><W134/><G37/><T38/><D125/><U118/><E106/><V89/><F124/><W15/><G128/><T30/><D62/><U84/><E74/><V103/><F73/><W87/><G134/><T112/><D112/><U95/><E33/><V40/><F40/><W3/><G3/><T75/><D43/><U81/><E133/><V32/><F32/><W90/><G76/><T131/><D38/><U13/><E24/><N who="2" m="16535" /><F77/><W96/><G96/><T86/><D131/><U1/><E1/><V28/><F28/><W46/><G56/><T42/><D42/><U48/><E13/><V104/><F104/><W59/><G59/><T123/><D30/><U111/><E111/><V49/><F72/><W99/><G99/><T97/><D97/><U110/><E110/><V121/><F103/><W2/><G2/><T55/><D98/><U135/><E135/><V70/><F70/><W69/><G69/><T83/><D119/><U23/><E118/><V80/><F58/><W18/><G18/><T127/><D116/><U36/><E36/><V120/><F6/><W108/><G108/><T21/><D127/><U63/><E63/><V9/><F132/><W71/><G71/><T66/><D75/><U60/><E60/><V41/><F92/><N who="1" m="35369" /><E48/><V88/><F80/><N who="3" m="49511" /><G31/><T50/><D82/><U113/><E113/><V102/><F102/><W34/><G34/><T114/><D83/><U5/><E5/><V129/><F129/><W64/><G7/><T126/><D126/><RYUUKYOKU ba="0,0" sc="264,-15,540,15,130,15,66,-15" hai1="14,17,23,44,45,57,61,65,81,84" hai2="4,9,12,41,49,88,89,91,120,121" /><INIT seed="6,1,0,2,0,8" ten="249,555,145,51" oya="2" hai0="123,22,106,26,77,14,79,50,31,7,21,119,99" hai1="45,69,56,94,67,91,132,57,30,38,86,103,29" hai2="124,4,98,125,66,35,10,60,40,37,133,89,13" hai3="0,55,24,113,68,75,71,27,6,19,58,102,82"/><V78/><F35/><W70/><G113/><T42/><D123/><U117/><E117/><V107/><F78/><W114/><G114/><T87/><D119/><U130/><E69/><V48/><F37/><W54/><G102/><T90/><D7/><U93/><E132/><V105/><F133/><W49/><G6/><T112/><D99/><U20/><E130/><V73/><F73/><W76/><G0/><T121/><D106/><U59/><E38/><V44/><F89/><W53/><G58/><N who="1" m="22634" /><E45/><V43/><F98/><W52/><N who="3" m="13312" /><DORA hai="111" /><W104/><G104/><T118/><D118/><U80/><E20/><N who="0" m="7785" /><D121/><U72/><E72/><V25/><F25/><W81/><G49/><T64/><D112/><U33/><E33/><V116/><F43/><W5/><G5/><T62/><D42/><U3/><E3/><V100/><F100/><W88/><REACH who="3" step="1"/><G19/><REACH who="3" ten="249,555,145,41" step="2"/><T32/><D50/><U28/><E103/><V63/><F116/><W92/><G92/><T74/><D32/><U9/><E94/><V128/><F128/><W2/><G2/><T135/><D135/><U85/><E93/><V17/><F17/><W51/><G51/><T12/><D62/><N who="2" m="23594" /><F66/><W120/><G120/><T15/><D64/><U127/><E67/><V108/><F108/><W95/><G95/><T39/><D39/><U115/><E115/><V16/><F4/><W101/><G101/><T131/><D131/><U47/><E80/><V46/><F44/><W65/><G65/><T23/><D31/><U109/><E47/><V126/><AGARI ba="1,1" hai="10,13,16,40,46,48,105,107,124,125,126" m="23594" machi="126" ten="40,7800,0" yaku="18,1,52,1,54,1" doraHai="8,111" who="2" fromWho="2" sc="249,-27,555,-27,145,91,41,-27" /><INIT seed="6,2,0,3,2,45" ten="222,528,236,14" oya="2" hai0="35,129,78,99,86,6,75,17,31,54,73,26,98" hai1="7,91,4,130,120,33,69,11,50,39,16,56,5" hai2="128,24,68,97,62,82,3,47,67,122,42,63,79" hai3="74,88,118,44,117,25,38,48,95,116,1,126,83"/><V107/><F3/><W12/><G1/><T115/><D6/><U111/><E111/><V121/><F128/><W87/><G126/><T10/><D129/><U127/><E69/><V123/><F63/><W77/><G25/><T114/><D54/><U124/><E39/><V13/><F13/><W110/><G110/><T85/><D10/><U125/><E130/><V72/><F24/><W51/><REACH who="3" step="1"/><G12/><REACH who="3" ten="222,528,236,4" step="2"/><T22/><D114/><U19/><E120/><V29/><F29/><W80/><G80/><T76/><D115/><U84/><E33/><V18/><F123/><W40/><AGARI ba="2,1" hai="38,40,44,48,51,74,77,83,87,88,95,116,117,118" machi="40" ten="40,16000,3" yaku="1,1,0,1,52,2,54,1,53,3" doraHai="45" doraHaiUra="113" who="3" fromWho="3" sc="222,-42,528,-42,236,-82,4,176" /><INIT seed="7,0,0,1,3,52" ten="180,486,154,180" oya="3" hai0="44,125,80,63,8,73,48,116,103,134,114,76,11" hai1="39,121,117,23,62,51,85,7,132,56,45,106,122" hai2="61,108,18,3,69,35,91,120,1,14,25,6,37" hai3="40,112,38,113,16,118,96,87,86,92,110,4,65"/><W55/><G118/><T79/><D116/><U101/><E39/><V26/><F37/><W20/><G4/><T115/><D125/><U128/><E117/><V66/><F108/><W70/><G110/><T84/><D134/><U89/><E132/><V104/><F104/><W58/><G65/><T15/><D103/><U123/><E128/><V127/><F127/><W43/><G70/><T49/><D63/><U119/><E119/><V46/><F120/><W75/><G75/><T129/><D129/><U33/><E33/><V102/><F102/><N who="3" m="60679" /><G38/><T17/><D11/><U109/><E7/><V130/><F130/><W27/><G113/><N who="0" m="43019" /><D44/><U77/><E109/><V67/><F46/><W59/><G112/><T12/><D12/><U29/><E121/><V0/><F66/><W97/><G97/><T54/><D54/><U72/><E72/><V13/><F35/><W41/><G55/><T30/><D30/><U94/><E29/><V90/><F6/><W34/><G34/><T124/><D124/><U22/><E122/><V50/><F50/><W74/><G74/><T53/><D53/><U83/><E51/><V126/><F126/><W133/><G133/><T36/><D36/><U32/><E32/><V60/><F61/><W5/><G5/><T111/><D111/><U100/><E62/><V78/><F78/><W93/><G86/><N who="0" m="48391" /><D49/><U42/><E85/><V57/><F69/><W19/><G19/><T82/><D48/><U47/><E123/><V99/><F18/><W98/><G87/><AGARI ba="0,0" hai="8,15,17,73,79,82,84,87" m="48391,43019" machi="87" ten="30,2000,0" yaku="15,1,11,1" doraHai="52" who="0" fromWho="3" sc="180,20,486,0,154,0,180,-20" owari="200,0.0,486,59.0,154,-35.0,160,-24.0" /></mjloggm>