<mjloggm ver="2.3"><GO type="97" lobby="0"/><UN n0="%21%E7%8E%8B%E9%81%93%21" n1="%74%61%69%73%75%6B%65%6E" n2="%E5%B0%B1%E6%B4%BB%E7%94%9F%40%E5%B7%9D%E6%9D%91%E8%BB%8D%E5%9B%A3" n3="%E3%81%82%E3%81%B2%E3%82%8B%E3%81%95%E3%82%93" dan="13,13,14,15" rate="1868.78,1847.18,1950.90,1987.05" sx="M,F,M,M"/><TAIKYOKU oya="0"/><INIT seed="0,0,0,5,1,78" ten="250,250,250,250" oya="0" hai0="55,20,91,56,73,63,15,86,114,59,118,110,93" hai1="30,2,89,95,16,38,33,117,47,134,75,81,28" hai2="50,14,67,107,66,132,57,45,115,61,129,123,133" hai3="102,103,77,41,106,40,10,98,100,54,104,23,3"/><T4/><D118/><U8/><E33/><V58/><F107/><W128/><G128/><T1/><D114/><U48/><E134/><N who="2" m="51819" /><F14/><W25/><G3/><T11/><D73/><U120/><E117/><V60/><F115/><W36/><G36/><T6/><D6/><U72/><E120/><V84/><F84/><W21/><G10/><T87/><D110/><U0/><E38/><V101/><F101/><W116/><G116/><T12/><D20/><U121/><E121/><V27/><F27/><W76/><G102/><T111/><D111/><U22/><E8/><V105/><F105/><W26/><G98/><T85/><D59/><U82/><E72/><V112/><F112/><W32/><G32/><T69/><D69/><U131/><E131/><V52/><F123/><W130/><G130/><AGARI ba="0,0" hai="45,50,52,57,58,60,61,66,67,129,130" m="51819" machi="130" ten="30,7700,0" yaku="20,1,34,2,54,1" doraHai="78" who="2" fromWho="3" sc="250,0,250,0,250,77,250,-77" /><INIT seed="1,0,0,2,1,79" ten="250,250,327,173" oya="1" hai0="68,8,46,27,11,98,1,59,119,132,113,21,94" hai1="33,61,92,57,106,78,18,71,10,108,110,40,103" hai2="58,90,62,82,50,77,116,37,64,122,34,123,128" hai3="54,36,109,3,131,124,23,39,73,86,104,105,97"/><U17/><E33/><V20/><F34/><W135/><G73/><T35/><D119/><U56/><E106/><V13/><F37/><W107/><G3/><T75/><D75/><U72/><E40/><V91/><F116/><W16/><G109/><N who="1" m="42090" /><E10/><V53/><F128/><W25/><G135/><T55/><D132/><U15/><E71/><V130/><F130/><W26/><G131/><T44/><D113/><U67/><E78/><V112/><F112/><W101/><G124/><T12/><D68/><N who="1" m="42095" /><E72/><V87/><F122/><W76/><G107/><T118/><D118/><U5/><E5/><V69/><F123/><W63/><G105/><T38/><D38/><U24/><E103/><V93/><F93/><W83/><REACH who="3" step="1"/><G26/><REACH who="3" ten="250,250,327,163" step="2"/><T133/><D133/><U47/><E24/><V84/><F84/><W31/><G31/><T2/><D1/><U100/><E15/><V6/><F13/><W45/><G45/><T121/><D121/><U134/><E47/><V4/><F4/><W7/><G7/><T85/><D44/><U111/><N who="1" m="42098" /><U70/><DORA hai="115" /><E134/><V66/><F6/><W49/><G49/><T129/><D46/><U127/><E127/><V22/><F50/><W60/><G60/><T42/><D129/><U102/><E70/><V89/><F69/><W125/><G125/><T81/><D2/><U28/><E28/><V126/><F126/><W88/><G88/><T19/><D27/><U65/><E65/><AGARI ba="0,1" hai="20,22,53,58,62,64,65,66,77,82,87,89,90,91" machi="65" ten="40,2600,0" yaku="8,1,52,1" doraHai="79,115" who="2" fromWho="1" sc="250,0,250,-26,327,36,163,0" /><INIT seed="2,0,0,5,5,17" ten="250,224,363,163" oya="2" hai0="51,109,3,107,69,11,80,134,87,42,24,108,19" hai1="39,126,76,83,62,56,68,2,81,74,82,105,120" hai2="10,35,86,38,129,21,67,97,89,65,9,18,41" hai3="125,75,95,84,96,100,98,131,113,1,85,44,92"/><V4/><F129/><W135/><G1/><T123/><D69/><U63/><E2/><V133/><F35/><W94/><G44/><T48/><D123/><U8/><E105/><V118/><F133/><W114/><G75/><T111/><D107/><U30/><E39/><V16/><F118/><W23/><G125/><T66/><D66/><U22/><E120/><V99/><F38/><W93/><G131/><T20/><D134/><U45/><E126/><V127/><F41/><W91/><G135/><T110/><N who="0" m="28160" /><DORA hai="26" /><T46/><D3/><U79/><E45/><V57/><F127/><W43/><G43/><T124/><D11/><N who="2" m="4106" /><F4/><W5/><G5/><T121/><D121/><U122/><E8/><V50/><F18/><W31/><G31/><T116/><D124/><U132/><E122/><V54/><F67/><W14/><G14/><T119/><REACH who="0" step="1"/><D48/><REACH who="0" ten="240,224,363,163" step="2"/><U72/><E68/><V112/><F65/><W106/><REACH who="3" step="1"/><G23/><REACH who="3" ten="240,224,363,153" step="2"/><T115/><D115/><AGARI ba="0,2" hai="84,85,91,92,93,94,95,96,98,100,106,113,114,115" machi="115" ten="40,16000,3" yaku="1,1,2,1,11,1,34,3,53,4" doraHai="17,26" doraHaiUra="33,90" who="3" fromWho="0" sc="240,-160,224,0,363,0,153,180" /><INIT seed="3,0,0,1,1,99" ten="80,224,363,333" oya="3" hai0="6,109,119,3,111,106,64,33,101,48,89,108,1" hai1="127,30,107,70,131,87,43,79,19,130,11,112,102" hai2="129,67,116,23,126,105,128,37,56,90,32,44,8" hai3="92,39,47,27,12,86,135,49,122,16,55,123,28"/><W117/><G117/><T14/><D64/><U73/><E43/><N who="2" m="22639" /><F32/><W88/><G135/><T133/><D48/><U82/><E30/><V13/><F105/><W65/><G39/><T15/><D133/><U85/><E70/><V62/><F116/><W21/><G65/><T68/><D68/><U53/><E53/><V45/><F23/><AGARI ba="0,0" hai="12,16,21,23,27,28,47,49,55,86,88,92,122,123" machi="23" ten="30,5800,0" yaku="7,1,54,2" doraHai="99" who="3" fromWho="2" sc="80,0,224,0,363,-58,333,58" owari="80,-42.0,224,-18.0,305,11.0,391,49.0" /></mjloggm>