<mjloggm ver="2.3"><GO type="169" lobby="0"/><UN n0="%68%69%72%6F%2C" n1="%61%6D%65%64%69%6F" n2="%E3%82%A6%E3%83%AB%E3%83%88%E3%83%A9%E7%AB%8B%E7%9B%B4" n3="%E3%81%8B%E3%81%AB%E3%83%9E%E3%82%B8%E3%83%B3" dan="16,17,17,18" rate="2088.85,2144.13,2143.89,2237.43" sx="M,M,M,M"/><TAIKYOKU oya="0"/><INIT seed="0,0,0,5,4,89" ten="250,250,250,250" oya="0" hai0="8,49,71,4,79,67,26,43,101,37,124,62,125" hai1="63,73,44,65,25,0,129,102,2,24,112,106,42" hai2="93,33,41,40,98,29,38,14,118,99,59,121,55" hai3="133,36,90,64,50,123,54,32,127,115,100,39,103"/><T31/><D79/><U117/><E73/><V52/><F121/><W87/><G115/><T13/><D101/><U19/><E117/><V16/><F118/><W119/><G119/><T113/><D113/><U18/><E112/><V58/><F29/><W7/><G123/><T66/><D66/><U126/><E129/><V60/><F33/><W85/><G32/><T77/><D77/><U109/><E126/><N who="0" m="48745" /><D37/><U51/><E109/><V116/><F98/><W95/><G64/><T78/><D78/><U120/><E120/><V61/><F38/><W57/><G127/><T46/><D26/><U34/><E25/><V131/><F131/><W30/><G30/><AGARI ba="0,0" hai="4,8,13,30,31,43,46,49,62,67,71" m="48745" machi="30" ten="30,1500,0" yaku="18,1" doraHai="89" who="0" fromWho="3" sc="250,15,250,0,250,0,250,-15" /><INIT seed="0,1,0,2,5,106" ten="265,250,250,235" oya="0" hai0="0,93,105,1,66,33,56,34,134,52,128,95,84" hai1="90,124,57,70,45,46,80,15,129,82,47,96,119" hai2="43,59,23,120,8,14,11,10,75,20,60,118,117" hai3="21,64,76,110,103,99,55,86,122,16,38,32,18"/><T102/><D105/><U42/><E70/><V37/><F120/><W72/><G122/><T116/><D116/><N who="2" m="44650" /><F14/><W130/><G32/><T65/><D84/><U3/><E3/><V114/><F114/><W61/><G38/><T39/><D39/><U97/><E119/><V51/><F51/><W41/><G41/><T17/><D102/><U48/><E129/><V71/><F71/><W24/><G130/><T35/><D128/><U88/><E124/><V131/><F131/><W4/><G4/><T28/><D28/><U85/><E15/><V36/><F75/><W22/><G55/><T98/><D17/><U112/><E112/><V78/><F78/><W31/><G86/><T108/><D108/><U77/><E42/><V89/><F89/><N who="1" m="34409" /><E80/><V81/><F81/><W2/><G2/><T19/><D19/><U68/><E68/><V63/><F43/><W111/><G76/><T127/><D35/><U123/><E123/><V29/><F29/><W7/><G7/><T30/><D30/><U54/><AGARI ba="1,0" hai="45,46,47,48,54,57,77,82,85,96,97" m="34409" machi="54" ten="30,2000,0" yaku="8,1,54,1" doraHai="106" who="1" fromWho="1" sc="265,-11,250,23,250,-6,235,-6" /><INIT seed="1,0,0,5,0,74" ten="254,273,244,229" oya="1" hai0="9,10,18,27,23,71,111,121,61,75,101,13,42" hai1="35,88,82,69,30,125,19,16,70,79,108,59,120" hai2="46,124,119,58,64,4,28,89,66,85,80,25,56" hai3="95,92,102,60,6,84,7,115,57,100,133,0,5"/><U76/><E120/><V45/><F124/><W78/><G115/><T8/><D121/><U15/><E125/><V48/><F119/><W97/><G0/><T53/><D42/><U21/><E108/><V3/><F4/><W109/><G109/><T122/><D122/><U39/><E39/><V52/><F3/><W55/><G133/><T83/><D101/><U123/><E123/><V36/><F36/><W24/><G24/><T106/><D106/><U14/><E35/><V90/><F90/><W134/><G134/><T1/><D111/><U29/><E59/><V112/><F112/><W113/><G113/><T11/><D75/><U110/><E110/><V62/><REACH who="2" step="1"/><F66/><REACH who="2" ten="254,273,234,229" step="2"/><W73/><G73/><T47/><D1/><U37/><E37/><V33/><AGARI ba="0,1" hai="25,28,33,45,46,48,52,56,58,62,64,80,85,89" machi="33" ten="20,8000,1" yaku="1,1,2,1,0,1,7,1,54,1,53,0" doraHai="74" doraHaiUra="12" who="2" fromWho="2" sc="254,-20,273,-40,234,90,229,-20" /><INIT seed="2,0,0,4,0,13" ten="234,233,324,209" oya="2" hai0="49,30,51,122,81,56,59,20,9,92,78,133,18" hai1="116,60,39,67,68,79,85,27,15,70,80,97,127" hai2="106,132,128,21,86,46,11,58,14,117,123,111,131" hai3="42,16,23,33,120,8,130,52,38,35,121,6,74"/><V32/><F32/><W99/><G74/><T0/><D122/><N who="3" m="47209" /><G99/><T83/><D133/><U71/><E116/><V129/><F106/><W82/><G82/><T3/><D3/><U34/><E39/><V25/><F123/><W26/><G42/><T54/><D92/><U77/><E77/><V12/><F117/><W64/><G52/><N who="0" m="31759" /><D0/><U76/><E76/><V41/><F86/><W126/><G64/><T108/><D108/><U114/><E114/><V107/><F111/><W113/><G38/><T96/><D96/><U69/><E127/><V104/><F58/><W24/><G113/><T125/><D125/><U101/><E15/><V5/><F46/><W50/><G50/><T2/><D2/><U135/><E135/><V62/><F41/><W88/><G88/><T28/><D9/><U84/><E84/><V87/><F62/><W109/><G109/><T75/><D75/><U98/><REACH who="1" step="1"/><E101/><REACH who="1" ten="234,223,324,209" step="2"/><V55/><F132/><W110/><G110/><T45/><D78/><U124/><E124/><V47/><F87/><W4/><G126/><T31/><D45/><U93/><E93/><V112/><F112/><W102/><G102/><T73/><D73/><U19/><E19/><N who="2" m="12479" /><F107/><W10/><G130/><T43/><D43/><U118/><E118/><V1/><F104/><W40/><G40/><T7/><D7/><N who="3" m="2601" /><G26/><AGARI ba="0,1" hai="18,20,26,28,30,31,51,54,59,81,83" m="31759" machi="26" ten="30,3900,0" yaku="8,1,52,1,54,1" doraHai="13" who="0" fromWho="3" sc="234,49,223,0,324,0,209,-39" /><INIT seed="3,0,0,3,2,70" ten="283,223,324,170" oya="3" hai0="61,12,28,129,25,131,102,87,22,65,49,16,125" hai1="40,121,41,11,113,6,112,71,108,67,21,55,1" hai2="23,53,54,60,93,7,14,114,99,10,17,18,106" hai3="117,96,0,100,118,13,133,98,107,83,8,50,62"/><W46/><G0/><T64/><D102/><U2/><E108/><V119/><F106/><W72/><G133/><T45/><D125/><U76/><E121/><V116/><F114/><W51/><G98/><T27/><D27/><U26/><E76/><V109/><F109/><W84/><G72/><T48/><D48/><U56/><E2/><V130/><F130/><N who="0" m="49674" /><D87/><U73/><E73/><V80/><F80/><W97/><G97/><T79/><D79/><U36/><E41/><V94/><F94/><W126/><G62/><T127/><D61/><U81/><E81/><V19/><F119/><W33/><G33/><N who="0" m="20623" /><D127/><U91/><E67/><V69/><F116/><W35/><G35/><T75/><D75/><U3/><E71/><V31/><F69/><W110/><G51/><T120/><D120/><U42/><E91/><V111/><F111/><W32/><G32/><T5/><D5/><U122/><E122/><V85/><F85/><W89/><G110/><T77/><D77/><U115/><E1/><V134/><F134/><W128/><G126/><T78/><D78/><U95/><E95/><V90/><F60/><W29/><G128/><T59/><D59/><U58/><E58/><V15/><F15/><W101/><G101/><T44/><D44/><U38/><E42/><AGARI ba="0,0" hai="12,16,22,42,45,49,64,65" m="20623,49674" machi="42" ten="30,2000,0" yaku="19,1,54,1" doraHai="70" who="0" fromWho="1" sc="283,20,223,-20,324,0,170,0" /><INIT seed="4,0,0,0,2,93" ten="303,203,324,170" oya="0" hai0="79,97,0,101,118,63,77,48,107,61,60,130,62" hai1="39,92,83,26,90,132,76,58,100,11,109,89,73" hai2="87,78,55,68,135,122,5,129,131,88,117,15,27" hai3="81,33,66,41,116,6,44,30,8,24,84,121,59"/><T75/><D0/><U105/><E39/><V43/><F68/><W53/><G116/><T42/><D118/><U4/><E109/><V115/><F122/><W56/><G66/><T38/><D130/><N who="2" m="49674" /><F43/><W40/><G121/><T65/><D38/><U124/><E132/><V67/><F67/><W50/><G41/><T22/><D75/><U113/><E124/><V71/><F71/><W104/><G104/><T25/><D42/><U69/><E69/><V32/><F78/><W10/><G10/><T18/><REACH who="0" step="1"/><D48/><REACH who="0" ten="293,203,324,170" step="2"/><U21/><E113/><V34/><F115/><W13/><REACH who="3" step="1"/><G53/><REACH who="3" ten="293,203,324,160" step="2"/><T103/><D103/><U45/><E100/><V1/><F55/><W82/><G82/><T128/><D128/><U52/><E105/><V126/><F117/><W16/><G16/><T114/><D114/><U120/><E120/><V99/><F126/><W98/><G98/><T46/><D46/><U134/><E45/><V85/><F99/><W19/><G19/><T108/><D108/><U14/><E134/><V49/><F135/><W7/><G7/><T91/><D91/><AGARI ba="0,2" hai="6,8,13,24,30,33,40,44,50,56,59,81,84,91" machi="91" ten="30,2000,0" yaku="1,1,7,1,53,0" doraHai="93" doraHaiUra="123" who="3" fromWho="0" sc="293,-20,203,0,324,0,160,40" /><INIT seed="5,0,0,5,1,75" ten="273,203,324,200" oya="1" hai0="65,76,35,78,91,108,103,64,54,23,109,123,132" hai1="52,105,58,14,36,69,46,102,120,40,21,24,4" hai2="74,94,1,130,38,37,107,127,119,19,128,70,20" hai3="3,81,56,90,32,111,53,41,126,95,34,8,44"/><U50/><E120/><V57/><F107/><W116/><G111/><T117/><D35/><U86/><E86/><V115/><F70/><W9/><G126/><T43/><D117/><U99/><E69/><V122/><F1/><W22/><G116/><T47/><D123/><U18/><REACH who="1" step="1"/><E4/><REACH who="1" ten="273,193,324,200" step="2"/><V25/><F122/><W87/><G32/><T101/><D109/><U100/><E100/><V49/><F119/><W113/><G34/><T133/><D108/><U104/><E104/><V135/><F74/><W13/><G113/><T63/><D103/><U67/><E67/><V5/><F5/><W10/><G95/><T134/><D101/><U0/><E0/><V96/><F115/><W89/><G3/><T7/><D7/><U118/><E118/><V16/><F94/><W73/><G73/><T68/><D64/><U17/><E17/><V61/><F19/><W6/><G90/><T121/><D121/><U39/><E39/><V131/><F38/><W42/><G22/><T110/><D110/><U84/><E84/><V72/><F72/><W26/><G26/><AGARI ba="0,1" hai="14,18,21,24,26,36,40,46,50,52,58,99,102,105" machi="26" ten="40,7700,0" yaku="1,1,54,1,53,1" doraHai="75" doraHaiUra="11" who="1" fromWho="3" sc="273,0,193,87,324,0,200,-77" /><INIT seed="5,1,0,4,3,74" ten="273,280,324,123" oya="1" hai0="129,56,27,125,24,100,52,49,91,11,82,25,105" hai1="32,54,128,113,131,130,110,64,72,90,20,48,69" hai2="15,44,6,66,95,77,108,18,76,81,16,99,117" hai3="12,135,59,38,23,70,55,61,53,14,97,111,9"/><U29/><E110/><V45/><F108/><W118/><G111/><T21/><D129/><U134/><E134/><V10/><F66/><W28/><G135/><T75/><D125/><U121/><E121/><V40/><F117/><W39/><G118/><T102/><D105/><U57/><E113/><V119/><F119/><W80/><G70/><T122/><D122/><U112/><E112/><V1/><F1/><W116/><G116/><T60/><D11/><U22/><E72/><V50/><F45/><W65/><G97/><T114/><D114/><U51/><E51/><V98/><F98/><W103/><G103/><N who="0" m="39467" /><D75/><U30/><E90/><N who="2" m="55799" /><F81/><W96/><G96/><T120/><D120/><U67/><E67/><V68/><F68/><W41/><G41/><T78/><D91/><U34/><E64/><V46/><F46/><W84/><G38/><T17/><D82/><U106/><E69/><V13/><F6/><W63/><G39/><T71/><D71/><U87/><E87/><V107/><F107/><W93/><G93/><T42/><D78/><U4/><E4/><V73/><F73/><W132/><G132/><T5/><D5/><U92/><E92/><V101/><F101/><W7/><G61/><T2/><D2/><U62/><E62/><V86/><F86/><W126/><G126/><T47/><AGARI ba="1,0" hai="17,21,24,25,27,42,47,49,52,56,60" m="39467" machi="47" ten="30,2000,0" yaku="8,1,54,1" doraHai="74" who="0" fromWho="0" sc="273,23,280,-11,324,-6,123,-6" /><INIT seed="6,0,0,2,2,50" ten="296,269,318,117" oya="2" hai0="9,99,36,0,100,5,123,53,12,130,120,126,15" hai1="68,129,29,11,32,42,59,58,25,102,74,121,108" hai2="10,20,44,113,119,49,72,65,48,122,86,91,133" hai3="114,63,105,67,115,55,70,81,51,93,34,78,117"/><V46/><F72/><W24/><G105/><T13/><D36/><U96/><E74/><V97/><F97/><W71/><G93/><T2/><D130/><U69/><E108/><V107/><F107/><W90/><G90/><T66/><D66/><U54/><E121/><V33/><F33/><W104/><G104/><T17/><D126/><U57/><E129/><V101/><F101/><W27/><G117/><T79/><D79/><U82/><E42/><V39/><F39/><W3/><G3/><N who="0" m="191" /><D99/><U45/><E82/><V73/><F73/><N who="3" m="43215" /><G70/><T128/><D53/><U52/><E11/><V43/><F65/><W37/><G34/><T75/><D75/><U41/><E68/><V85/><F85/><W87/><G87/><T76/><D76/><U98/><E69/><V56/><F86/><W110/><G110/><T124/><D100/><U38/><REACH who="1" step="1"/><E98/><REACH who="1" ten="296,259,318,117" step="2"/><V61/><F10/><W125/><G125/><T4/><D124/><U62/><E62/><V131/><F61/><W103/><G37/><T88/><D128/><U28/><E28/><V64/><F131/><W16/><G103/><T132/><D123/><U60/><E60/><V19/><F122/><W89/><G89/><T106/><D120/><U26/><E26/><V7/><F91/><W112/><G16/><T118/><D88/><U1/><E1/><V84/><F19/><W21/><G21/><T18/><D17/><U31/><E31/><V8/><F20/><W40/><G40/><T109/><D18/><U92/><AGARI ba="0,1" hai="25,29,32,38,41,45,52,54,57,58,59,92,96,102" machi="92" ten="30,8000,1" yaku="1,1,0,1,52,2,54,1,53,0" doraHai="50" doraHaiUra="127" who="1" fromWho="1" sc="296,-20,259,90,318,-40,117,-20" /><INIT seed="7,0,0,0,4,11" ten="276,349,278,97" oya="3" hai0="59,96,28,23,70,106,10,120,76,100,64,79,26" hai1="2,42,22,134,131,113,41,89,129,104,65,40,49" hai2="82,125,19,47,45,118,95,56,43,73,92,34,8" hai3="115,84,111,0,72,71,27,123,68,107,35,62,51"/><W108/><G123/><T30/><D120/><U126/><E2/><V98/><F34/><W32/><G0/><T36/><D36/><U102/><E113/><V101/><F125/><W18/><G115/><T99/><D30/><U48/><E126/><V133/><F133/><W63/><G72/><T13/><D70/><N who="3" m="26665" /><G84/><T127/><D127/><U6/><E134/><V74/><F118/><W4/><G4/><T69/><D69/><U25/><E6/><V5/><F82/><W97/><G51/><T80/><D80/><U91/><E65/><V46/><F74/><W1/><G1/><T9/><D9/><U119/><E119/><V29/><F29/><W77/><G77/><T14/><D99/><U88/><E102/><V52/><F73/><W39/><G39/><T90/><D90/><U105/><E22/><V24/><F92/><W116/><G116/><T78/><REACH who="0" step="1"/><D10/><REACH who="0" ten="266,349,278,97" step="2"/><U83/><E83/><V44/><F5/><W38/><G38/><T17/><D17/><U7/><E7/><V75/><F75/><W130/><G130/><N who="1" m="49674" /><E25/><V117/><F117/><W15/><G27/><T60/><AGARI ba="0,1" hai="13,14,23,26,28,59,60,64,76,78,79,96,100,106" machi="60" ten="30,7900,0" yaku="1,1,0,1,52,2,53,0" doraHai="11" doraHaiUra="124" who="0" fromWho="0" sc="266,89,349,-20,278,-20,97,-39" owari="355,45.0,329,13.0,258,-14.0,58,-44.0" /></mjloggm>