<mjloggm ver="2.3"><GO type="41" lobby="0"/><UN n0="%E7%A7%8B%E7%94%B0%E7%9C%8C%E6%B0%91" n1="%E3%82%A6%E3%83%AB%E3%83%88%E3%83%A9%E7%AB%8B%E7%9B%B4" n2="%E3%81%8D%E3%81%8F%E3%81%A6%E3%81%83%E3%81%99%E2%98%86" n3="%48%2E%7A%69%6E" dan="13,15,15,15" rate="1866.74,2059.70,2013.82,1948.83" sx="M,M,M,F"/><TAIKYOKU oya="0"/><INIT seed="0,0,0,4,2,77" ten="250,250,250,250" oya="0" hai0="19,56,6,117,76,2,74,132,42,59,86,25,98" hai1="82,34,114,73,5,27,91,33,28,55,3,118,67" hai2="109,89,60,9,62,37,16,39,15,105,50,104,52" hai3="131,99,44,72,41,35,135,40,57,90,70,36,103"/><T127/><D74/><U126/><E118/><V81/><F109/><W110/><G70/><T134/><D117/><U38/><E34/><V116/><F116/><W23/><G35/><T63/><D127/><U80/><E67/><V26/><F105/><W7/><G131/><T61/><D42/><U124/><E38/><V18/><F104/><W130/><G135/><T22/><D2/><U115/><E5/><V14/><F26/><W125/><G7/><T46/><D6/><U0/><E0/><V17/><F39/><W111/><G72/><T1/><D46/><U45/><E3/><V11/><F18/><W10/><G10/><T71/><D1/><U95/><E73/><V122/><F37/><W93/><G125/><N who="1" m="48234" /><E55/><V24/><F24/><W101/><G41/><T32/><D32/><U106/><E106/><V8/><F8/><W4/><G4/><T96/><D71/><U94/><E94/><V123/><F122/><W79/><G130/><T54/><D134/><U128/><E45/><N who="2" m="27727" /><F123/><W65/><G111/><T68/><D68/><U64/><E64/><V20/><F11/><W48/><G65/><N who="0" m="39079" /><D132/><U92/><E92/><V107/><F107/><W84/><G110/><T51/><D51/><U83/><E128/><V119/><F119/><W47/><G48/><T43/><D43/><U88/><E95/><V75/><F75/><W113/><G93/><T100/><D100/><U112/><AGARI ba="0,0" hai="27,28,33,80,82,83,88,91,112,114,115" m="48234" machi="112" ten="40,12000,2" yaku="11,1,18,1,52,3,54,1" doraHai="77" who="1" fromWho="1" sc="250,-60,250,120,250,-30,250,-30" /><INIT seed="1,0,0,0,0,17" ten="190,370,220,220" oya="1" hai0="71,25,81,103,15,91,108,49,83,48,40,69,47" hai1="7,88,64,85,95,114,52,9,67,0,68,45,43" hai2="127,134,2,46,59,3,87,124,62,41,33,55,24" hai3="121,36,76,50,90,102,125,28,128,105,34,4,119"/><U75/><E68/><V86/><F134/><W30/><G36/><T78/><D103/><U13/><E114/><V51/><F87/><W1/><G121/><T6/><D108/><U100/><E75/><V54/><F86/><W8/><G76/><T130/><D130/><U77/><E77/><V16/><F41/><W107/><G125/><N who="2" m="48201" /><F33/><W118/><G90/><T120/><D91/><U96/><E0/><V29/><F29/><N who="3" m="11371" /><G34/><T109/><D81/><N who="1" m="49199" /><E43/><V89/><F89/><W65/><G102/><T113/><D113/><U5/><E5/><V57/><F46/><W37/><G37/><T122/><D48/><AGARI ba="0,0" hai="7,9,13,45,48,52,64,67,95,96,100" m="49199" machi="48" ten="30,5800,0" yaku="8,1,54,2" doraHai="17" who="1" fromWho="0" sc="190,-58,370,58,220,0,220,0" /><INIT seed="1,1,0,4,0,110" ten="132,428,220,220" oya="1" hai0="96,109,62,112,99,60,64,19,22,92,127,78,41" hai1="27,33,10,84,75,56,131,82,103,48,128,91,15" hai2="98,79,85,124,133,120,111,29,40,9,53,30,58" hai3="108,50,116,132,44,39,54,28,68,107,66,49,115"/><U83/><E103/><V100/><F111/><W32/><G108/><T36/><D112/><U42/><E27/><V70/><F120/><W123/><G123/><T134/><D109/><U80/><E33/><V125/><F70/><W126/><G107/><T73/><D127/><N who="2" m="48714" /><F40/><N who="3" m="22559" /><G28/><T74/><D134/><U0/><E0/><V119/><F119/><W1/><G32/><T4/><D4/><U12/><E75/><V3/><F133/><W24/><G24/><T63/><D64/><U106/><E106/><V20/><F20/><W2/><G126/><T113/><D113/><U72/><E72/><V90/><F79/><W88/><G115/><T105/><D105/><U11/><E42/><V51/><F3/><W81/><G1/><T35/><D35/><U59/><E48/><V25/><F9/><W89/><G49/><T61/><N who="0" m="15872" /><DORA hai="38" /><T130/><D130/><U101/><E11/><V114/><F25/><W121/><G2/><T93/><D78/><U52/><E15/><V13/><F13/><W18/><G121/><T43/><D36/><U122/><E12/><V102/><F114/><W57/><G132/><T95/><D22/><U118/><E10/><V8/><F8/><W6/><G116/><T45/><D19/><U17/><E17/><V47/><F58/><W117/><G117/><T67/><D67/><U97/><E59/><V104/><F102/><W86/><G18/><T26/><D26/><U55/><E56/><V31/><F31/><W16/><G16/><T76/><D76/><U7/><E118/><V37/><F37/><W14/><G66/><T69/><D69/><RYUUKYOKU ba="1,0" sc="132,-10,428,-10,220,30,220,-10" hai2="29,30,47,51,53,85,90,98,100,104" /><INIT seed="2,2,0,3,3,73" ten="122,418,250,210" oya="2" hai0="88,49,122,78,7,74,5,41,46,119,94,22,0" hai1="134,25,23,60,118,96,133,9,107,131,98,2,85" hai2="61,51,130,53,83,59,68,126,77,48,27,127,42" hai3="64,16,132,38,35,14,113,99,71,72,54,69,129"/><V86/><F130/><W106/><G38/><T28/><D122/><U58/><E107/><V52/><F68/><W8/><G129/><T63/><D119/><U110/><E118/><V79/><F27/><W37/><G37/><T3/><D63/><U17/><E131/><V66/><F42/><W123/><G123/><T56/><D56/><U121/><E121/><V19/><F19/><W114/><G35/><T109/><D109/><U43/><E43/><V108/><F108/><W45/><G132/><N who="1" m="50794" /><E85/><V57/><REACH who="2" step="1"/><F79/><REACH who="2" ten="122,418,240,210" step="2"/><W124/><G69/><T18/><D28/><U97/><E110/><V1/><F1/><W33/><G71/><T10/><D3/><U24/><E24/><V112/><F112/><W93/><G114/><T102/><D5/><U128/><E128/><V13/><F13/><W125/><G14/><T87/><D102/><U103/><E103/><V104/><F104/><W44/><G106/><T80/><D18/><U20/><E25/><V92/><F92/><W115/><G93/><T82/><D94/><U111/><E111/><V120/><F120/><W12/><G115/><T15/><D0/><U117/><E117/><V32/><F32/><W84/><G33/><T89/><D22/><U67/><E17/><V21/><F21/><W135/><G113/><T70/><REACH who="0" step="1"/><D70/><REACH who="0" ten="112,418,240,210" step="2"/><U34/><E34/><V26/><F26/><W31/><G135/><T101/><D101/><U65/><E2/><V91/><F91/><AGARI ba="2,2" hai="7,10,15,41,46,49,74,78,80,82,87,88,89,91" machi="91" ten="30,8000,1" yaku="1,1,7,1,52,1,54,1,53,1" doraHai="73" doraHaiUra="75" who="0" fromWho="2" sc="112,106,418,0,240,-86,210,0" /><INIT seed="3,0,0,3,2,54" ten="218,418,154,210" oya="3" hai0="31,43,98,69,110,128,50,25,34,16,8,39,17" hai1="99,130,100,52,118,76,134,13,44,124,125,60,81" hai2="83,33,2,66,22,15,119,36,89,73,95,127,67" hai3="38,105,91,106,48,113,90,24,78,11,93,29,46"/><W96/><G113/><T4/><D39/><U75/><E130/><V72/><F119/><W55/><G78/><T42/><D69/><U62/><E134/><V104/><F33/><W37/><G11/><T115/><D128/><U5/><E118/><V47/><F2/><W133/><G133/><T111/><D115/><U70/><E70/><V30/><F104/><W135/><G135/><T35/><D98/><U107/><E13/><V20/><F127/><N who="1" m="48713" /><E5/><V23/><F30/><W82/><G106/><T97/><D97/><U7/><E7/><V63/><F67/><W102/><G82/><T120/><D50/><AGARI ba="0,0" hai="44,50,52,60,62,75,76,81,99,100,107" m="48713" machi="50" ten="30,2000,0" yaku="18,1,54,1" doraHai="54" who="1" fromWho="0" sc="218,-20,418,20,154,0,210,0" /><INIT seed="4,0,0,3,3,11" ten="198,438,154,210" oya="0" hai0="94,6,44,132,42,120,123,84,72,65,64,31,126" hai1="20,9,133,51,52,127,78,107,26,82,121,0,100" hai2="128,14,39,111,24,48,40,7,101,93,62,69,22" hai3="66,112,19,129,5,53,70,106,56,67,30,63,109"/><T76/><D72/><U71/><E71/><V25/><F111/><W15/><G106/><T118/><D118/><U12/><E0/><V33/><F39/><W80/><G109/><T46/><D31/><U73/><E121/><V90/><F128/><W99/><G30/><T32/><D32/><U41/><E41/><V29/><F101/><W13/><G129/><T104/><D104/><U96/><E127/><V68/><F62/><W108/><G108/><T125/><D132/><U85/><E133/><V114/><F114/><W113/><G99/><T23/><D46/><U16/><E73/><V89/><F89/><W55/><G55/><T117/><D117/><U28/><E107/><V43/><F24/><W135/><G135/><T122/><D23/><U115/><E115/><N who="3" m="44106" /><G70/><T10/><D94/><N who="1" m="58391" /><E51/><V87/><F43/><W134/><G134/><T49/><D126/><U91/><E52/><V35/><F35/><W119/><G119/><T81/><REACH who="0" step="1"/><D125/><REACH who="0" ten="188,438,154,210" step="2"/><U2/><E28/><V102/><F33/><W54/><G80/><T86/><D86/><U21/><E21/><V83/><F83/><W45/><G45/><T38/><D38/><U57/><E20/><V92/><F87/><W98/><G98/><T3/><AGARI ba="0,1" hai="3,6,10,42,44,49,64,65,76,81,84,120,122,123" machi="3" ten="30,6000,0" yaku="1,1,0,1,53,1" doraHai="11" doraHaiUra="1" who="0" fromWho="0" sc="188,70,438,-20,154,-20,210,-20" /><INIT seed="4,1,0,5,0,42" ten="258,418,134,190" oya="0" hai0="36,90,105,47,97,65,111,14,4,39,103,104,8" hai1="51,54,24,67,52,72,60,125,99,85,58,100,86" hai2="11,45,0,110,46,98,102,120,107,21,33,96,79" hai3="89,49,43,68,91,3,16,132,129,55,77,84,101"/><T81/><D111/><U32/><E72/><V94/><F110/><W2/><G68/><T76/><D65/><U35/><E125/><V6/><F33/><W118/><G118/><T73/><D104/><U17/><E35/><V114/><F120/><W9/><G77/><T61/><D61/><U116/><E116/><V48/><F114/><W20/><G101/><T15/><D14/><U92/><E32/><V22/><F79/><W50/><G129/><T130/><D130/><U30/><E30/><V95/><F107/><W66/><G66/><T40/><D90/><U27/><E67/><V112/><F112/><W123/><G123/><T70/><D70/><U53/><E53/><V62/><F62/><W124/><G132/><T1/><D15/><U34/><E34/><V128/><F128/><W106/><G106/><T19/><D19/><U23/><E27/><V131/><F131/><W135/><G124/><T122/><D122/><U7/><E7/><V25/><F48/><W37/><G37/><T93/><D93/><U64/><E64/><V13/><F0/><W113/><G113/><T44/><D44/><AGARI ba="1,0" hai="17,23,24,44,51,52,54,58,60,85,86,92,99,100" machi="44" ten="30,7700,0" yaku="7,1,8,1,52,1,54,1" doraHai="42" who="1" fromWho="0" sc="258,-80,418,80,134,0,190,0" /><INIT seed="5,0,0,2,3,90" ten="178,498,134,190" oya="1" hai0="27,23,33,63,6,104,38,42,60,91,59,82,128" hai1="101,93,124,67,19,28,48,123,132,135,99,127,118" hai2="130,117,96,53,51,109,133,122,14,78,24,125,106" hai3="94,29,71,74,95,110,64,126,70,30,20,66,88"/><U113/><E123/><V7/><F122/><W0/><G74/><T43/><D104/><U2/><E2/><V37/><F117/><W115/><G110/><T3/><D33/><U102/><E28/><N who="3" m="10858" /><G0/><T87/><D128/><U10/><E118/><V69/><F109/><W80/><G71/><T25/><D23/><U54/><E67/><N who="3" m="25642" /><G70/><T68/><D63/><U111/><E111/><V39/><F69/><W72/><G72/><T15/><D68/><U116/><E116/><V58/><F133/><N who="1" m="51273" /><E113/><V108/><F108/><W79/><G79/><T50/><D3/><U61/><E61/><V57/><F130/><W62/><G126/><T56/><D38/><U31/><E31/><V46/><F125/><W81/><G62/><T85/><D60/><U103/><E124/><V47/><F78/><W49/><G115/><T13/><D6/><U89/><E127/><V105/><F24/><W100/><G49/><T35/><D50/><U41/><E41/><V92/><F106/><W98/><G20/><T65/><D91/><U129/><E129/><V44/><F105/><W77/><G77/><T32/><REACH who="0" step="1"/><D82/><REACH who="0" ten="168,498,134,190" step="2"/><U12/><E89/><N who="2" m="55311" /><F39/><W55/><G55/><T112/><D112/><U18/><E18/><V73/><F37/><W121/><G121/><T22/><D22/><U83/><E83/><V40/><F40/><W1/><G1/><T9/><D9/><U4/><E4/><V45/><F73/><W114/><G114/><T16/><D16/><U76/><E76/><V36/><F36/><W21/><G21/><T17/><D17/><U52/><E48/><V134/><F134/><RYUUKYOKU ba="0,1" sc="168,0,498,0,134,0,190,0" hai0="13,15,25,27,32,35,42,43,56,59,65,85,87" hai1="10,12,19,52,54,93,99,101,102,103" hai2="7,14,44,45,46,47,51,53,57,58" hai3="80,81,88,94,95,98,100" /><INIT seed="5,1,1,2,2,48" ten="168,498,134,190" oya="1" hai0="56,44,39,65,78,12,51,23,25,35,16,40,95" hai1="49,121,91,0,60,9,88,4,96,38,45,130,69" hai2="42,107,98,114,90,74,26,97,111,64,73,24,99" hai3="32,41,89,101,104,18,109,36,105,84,134,125,83"/><U67/><E130/><V118/><F111/><W8/><G32/><T100/><D78/><U127/><E121/><V7/><F118/><W120/><G109/><T11/><D35/><U5/><E127/><V77/><F114/><W34/><G34/><T50/><D100/><U106/><E38/><V93/><F7/><W115/><G134/><T3/><D3/><U27/><E5/><V58/><F107/><W61/><G115/><T85/><D39/><U22/><E96/><V108/><F108/><W92/><G125/><T126/><D126/><U72/><E72/><V80/><F74/><W135/><G135/><T122/><D122/><U33/><E33/><V113/><F113/><W79/><G61/><T28/><D65/><U76/><E76/><V10/><F10/><W116/><G116/><T47/><D56/><U17/><E106/><V119/><F119/><W20/><G8/><T103/><D85/><U117/><E117/><V63/><REACH who="2" step="1"/><F42/><AGARI ba="1,1" hai="0,4,9,17,22,27,42,45,49,60,67,69,88,91" machi="42" ten="30,2900,0" yaku="7,1,54,1" doraHai="48" who="1" fromWho="2" sc="168,0,498,42,134,-32,190,0" /><INIT seed="5,2,0,3,1,55" ten="168,540,102,190" oya="1" hai0="84,52,72,31,48,68,14,20,125,112,24,54,115" hai1="76,75,26,106,66,100,98,34,6,120,49,65,129" hai2="5,11,2,108,1,21,124,64,94,130,53,109,30" hai3="13,35,77,71,118,8,39,110,56,18,15,123,101"/><U0/><E129/><V127/><F64/><W78/><G71/><T114/><D72/><U45/><E120/><V95/><F95/><W131/><G110/><N who="2" m="42601" /><F94/><W122/><G35/><T27/><D68/><U73/><E73/><V61/><F61/><W63/><G39/><T96/><D125/><N who="2" m="48202" /><F53/><W50/><G131/><T38/><D38/><U86/><E75/><V87/><F87/><W102/><G50/><T3/><D3/><U79/><E86/><V57/><F130/><W32/><G118/><T117/><D14/><U12/><E0/><N who="2" m="423" /><F57/><W133/><G56/><N who="0" m="32775" /><D117/><U99/><E99/><V25/><AGARI ba="2,0" hai="1,2,21,25,30" m="423,48202,42601" machi="25" ten="40,5200,0" yaku="18,1,34,2" doraHai="55" who="2" fromWho="2" sc="168,-15,540,-28,102,58,190,-15" /><INIT seed="6,0,0,0,4,120" ten="153,512,160,175" oya="2" hai0="123,51,62,58,85,129,77,102,108,135,1,50,99" hai1="36,42,30,54,56,37,75,86,60,53,52,68,105" hai2="61,71,84,24,26,5,43,70,103,82,107,79,6" hai3="83,39,100,122,8,67,132,65,0,92,91,59,98"/><V119/><F119/><W38/><G122/><T117/><D108/><U45/><E75/><V93/><F107/><W49/><G132/><T47/><D47/><U25/><E105/><V118/><F118/><W20/><G39/><T111/><D111/><U73/><E73/><V19/><F43/><W95/><G38/><T110/><D110/><U125/><E125/><V80/><F71/><W3/><G3/><T7/><D7/><U16/><E37/><V69/><F69/><W94/><G20/><T33/><D33/><U64/><E86/><V41/><F41/><W32/><G32/><T12/><D12/><U34/><E16/><V31/><F70/><W112/><G112/><T115/><D115/><U21/><E34/><V106/><F61/><AGARI ba="0,0" hai="21,25,30,36,42,45,52,53,54,56,60,61,64,68" machi="61" ten="30,2000,0" yaku="7,1,54,1" doraHai="120" who="1" fromWho="2" sc="153,0,512,20,160,-20,175,0" /><INIT seed="7,0,0,3,1,107" ten="153,532,140,175" oya="3" hai0="46,27,62,86,114,33,108,35,87,1,16,28,57" hai1="47,81,17,34,128,6,101,116,129,49,68,58,15" hai2="19,132,99,24,88,25,11,44,0,2,125,96,71" hai3="13,118,22,30,32,109,135,122,5,117,56,106,37"/><W36/><G106/><T75/><D87/><U55/><E34/><N who="0" m="12809" /><D86/><U112/><E112/><V8/><F71/><W9/><G56/><T74/><D46/><U23/><E68/><V12/><F125/><W41/><G41/><T59/><D62/><U105/><E116/><N who="3" m="44650" /><G37/><T97/><D97/><U48/><E6/><V63/><F132/><W131/><G36/><T121/><D16/><U80/><E101/><V42/><F63/><W100/><G100/><T94/><D94/><U66/><E105/><V92/><F99/><W14/><G135/><T76/><D76/><U102/><E102/><V90/><F90/><W83/><G83/><T60/><D60/><U40/><REACH who="1" step="1"/><E66/><REACH who="1" ten="153,522,140,175" step="2"/><V43/><F43/><W134/><G5/><T65/><D75/><U53/><E53/><V127/><F127/><W73/><G73/><T133/><D74/><U3/><E3/><V45/><F2/><W91/><G134/><T98/><D1/><U70/><E70/><V77/><F77/><W69/><G69/><T126/><D65/><U120/><E120/><V38/><F45/><W7/><G32/><N who="0" m="20511" /><D133/><U67/><E67/><V111/><F111/><W18/><G109/><T39/><D39/><U103/><E103/><V115/><F115/><W119/><G122/><T89/><D114/><U124/><E124/><V93/><F93/><W4/><G4/><T78/><D126/><U123/><E123/><V52/><F52/><W84/><G119/><T61/><D121/><U50/><E50/><V130/><F130/><AGARI ba="0,1" hai="15,17,23,40,47,48,49,55,58,80,81,128,129,130" machi="130" ten="40,2600,0" yaku="1,1,19,1,53,0" doraHai="107" doraHaiUra="26" who="1" fromWho="2" sc="153,0,522,36,140,-26,175,0" owari="153,-25.0,558,66.0,114,-39.0,175,-2.0" /></mjloggm>