<mjloggm ver="2.3"><GO type="41" lobby="0"/><UN n0="%E3%82%A6%E3%83%AB%E3%83%88%E3%83%A9%E7%AB%8B%E7%9B%B4" n1="%61%6C%65%73%74%65%72%6F" n2="%EF%BC%96%E6%9C%88%EF%BC%92%EF%BC%97%E6%97%A5" n3="%E4%BA%86" dan="15,14,15,16" rate="2018.65,1970.06,1979.73,2054.95" sx="M,M,M,M"/><TAIKYOKU oya="0"/><INIT seed="0,0,0,0,5,122" ten="250,250,250,250" oya="0" hai0="17,3,101,57,109,47,62,70,27,39,60,20,113" hai1="110,133,13,31,15,128,22,6,61,106,94,88,92" hai2="76,103,26,72,67,96,36,132,131,83,56,102,114" hai3="105,135,38,119,50,5,84,16,41,107,29,86,55"/><T80/><D113/><U73/><E73/><V126/><F36/><W58/><G119/><T127/><D3/><U98/><E128/><V112/><F132/><W65/><G135/><T12/><D127/><U44/><E133/><V11/><F126/><W51/><G38/><T30/><D101/><U64/><E110/><V54/><F131/><W18/><G5/><T129/><D129/><U32/><E106/><V91/><F102/><W124/><G124/><T2/><D2/><U9/><E32/><V77/><F67/><W68/><G29/><T0/><D0/><U99/><E44/><V90/><F11/><W45/><G107/><T34/><D70/><U87/><E94/><V134/><F134/><W78/><G105/><T125/><D125/><U97/><E97/><V81/><F26/><W111/><G111/><T19/><D109/><U121/><E121/><V40/><F40/><W89/><G78/><T100/><D100/><U7/><E7/><V33/><F33/><W53/><G41/><T69/><D69/><U63/><E63/><V74/><F112/><W37/><G37/><T123/><D123/><U43/><E43/><V82/><F114/><W130/><G130/><T66/><D62/><U24/><REACH who="1" step="1"/><E15/><REACH who="1" ten="250,240,250,250" step="2"/><V120/><F120/><W35/><G35/><T49/><D80/><U118/><E118/><V42/><F42/><W71/><G86/><T85/><D85/><U48/><E48/><V4/><F4/><W93/><G71/><AGARI ba="0,1" hai="6,9,13,22,24,31,61,64,71,87,88,92,98,99" machi="71" ten="30,3900,0" yaku="1,1,7,1,54,1,53,0" doraHai="122" doraHaiUra="108" who="1" fromWho="3" sc="250,0,240,49,250,0,250,-39" /><INIT seed="1,0,0,0,1,25" ten="250,289,250,211" oya="1" hai0="32,117,73,121,62,96,91,108,42,97,102,116,57" hai1="124,7,45,23,115,122,107,11,92,52,53,128,27" hai2="70,82,46,41,88,80,127,38,4,103,89,69,63" hai3="35,39,74,78,17,79,33,98,114,51,10,95,134"/><U120/><E115/><V93/><F4/><W105/><G39/><T19/><D73/><U47/><E124/><V28/><F127/><W37/><G37/><T110/><D32/><U71/><E71/><V66/><F70/><W61/><G105/><T76/><D42/><U94/><E128/><V13/><F13/><W100/><G114/><T81/><D19/><U135/><E107/><V85/><F103/><W6/><G134/><T77/><D57/><U60/><E135/><V29/><F82/><W49/><G17/><T132/><D62/><U12/><E120/><V68/><F69/><W106/><G106/><T67/><D67/><U34/><E34/><V86/><AGARI ba="0,0" hai="28,29,38,41,46,63,66,68,80,85,86,88,89,93" machi="86" ten="20,8000,1" yaku="0,1,7,1,52,2,54,1" doraHai="25" who="2" fromWho="2" sc="250,-20,289,-40,250,80,211,-20" /><INIT seed="2,0,0,0,4,81" ten="230,249,330,191" oya="2" hai0="30,135,118,13,25,100,24,104,2,46,102,122,127" hai1="98,45,89,106,84,117,130,14,7,1,12,62,111" hai2="4,92,131,134,52,82,87,74,29,70,39,16,128" hai3="27,32,68,77,55,26,123,125,86,76,49,5,22"/><V75/><F70/><W66/><G123/><T10/><D122/><U97/><E117/><V65/><F39/><W58/><G125/><T3/><D104/><U33/><E33/><V51/><F65/><W71/><G32/><T73/><D73/><U53/><E111/><V21/><F29/><W9/><G27/><T23/><D102/><U57/><E130/><N who="2" m="49707" /><F4/><W11/><G11/><T94/><D94/><U72/><E72/><V109/><F92/><W88/><G68/><T96/><D46/><U31/><E31/><V17/><F134/><W43/><G43/><T56/><D96/><N who="1" m="36971" /><E106/><V44/><F109/><W60/><G22/><N who="0" m="15639" /><D56/><U112/><E112/><V124/><F124/><W105/><G105/><T59/><D59/><U113/><E113/><V42/><F42/><W47/><G26/><T19/><D100/><U107/><E107/><V121/><F121/><W63/><G71/><T50/><D127/><U69/><E69/><V0/><F0/><N who="0" m="42" /><D50/><N who="1" m="28879" /><E1/><V103/><F103/><W120/><G120/><T67/><D67/><N who="1" m="39375" /><E7/><V115/><F115/><W40/><G63/><T126/><D126/><U8/><E8/><V116/><F116/><W101/><G101/><T99/><D118/><U36/><E36/><V83/><F75/><W34/><G66/><T37/><D37/><U20/><E20/><V6/><F74/><W18/><G5/><N who="0" m="3279" /><D99/><U95/><AGARI ba="0,0" hai="12,14,84,89,95" m="39375,28879,36971" machi="95" ten="30,2000,0" yaku="8,1,52,1" doraHai="81" who="1" fromWho="1" sc="230,-5,249,20,330,-10,191,-5" /><INIT seed="3,0,0,4,5,6" ten="225,269,320,186" oya="3" hai0="89,117,115,13,83,7,62,47,59,121,118,114,84" hai1="107,35,120,60,27,81,10,79,50,20,96,33,105" hai2="75,24,52,127,38,132,86,110,66,69,134,25,56" hai3="45,85,101,131,65,87,28,130,88,124,43,51,125"/><W63/><G28/><T126/><D47/><U128/><E120/><V31/><F38/><W92/><G101/><T119/><D7/><U82/><E128/><V58/><F75/><W113/><G87/><T37/><D13/><U29/><E107/><V111/><F69/><W8/><G113/><N who="0" m="43019" /><D37/><U4/><E82/><V16/><F127/><W102/><G102/><T55/><D126/><N who="3" m="48745" /><G8/><T22/><D22/><U97/><E105/><V73/><F73/><W9/><G9/><T129/><D129/><U72/><E50/><V12/><F86/><W21/><G21/><T48/><D121/><U76/><E60/><AGARI ba="0,0" hai="48,55,59,60,62,83,84,89,117,118,119" m="43019" machi="60" ten="40,1300,0" yaku="11,1" doraHai="6" who="0" fromWho="1" sc="225,13,269,-13,320,0,186,0" /><INIT seed="4,0,0,1,3,75" ten="238,256,320,186" oya="0" hai0="86,95,44,5,123,42,17,10,24,106,108,130,32" hai1="71,76,92,66,85,7,101,93,115,18,112,110,126" hai2="100,46,113,1,129,72,132,22,128,117,60,2,105" hai3="50,84,88,78,31,27,114,3,36,64,61,135,19"/><T91/><D106/><U134/><E134/><V98/><F117/><W121/><G36/><T119/><D119/><U133/><E133/><V74/><F132/><W63/><G3/><N who="2" m="1033" /><F22/><W125/><G135/><T83/><D123/><U59/><E59/><V65/><F46/><W13/><G121/><T124/><D124/><U8/><E66/><V99/><F99/><W21/><G125/><T107/><D107/><U40/><E40/><V109/><F109/><W25/><G114/><N who="1" m="43562" /><E71/><N who="2" m="42407" /><F113/><W28/><G50/><N who="0" m="26903" /><D32/><U77/><E18/><V90/><F90/><W4/><G4/><T55/><D130/><AGARI ba="0,0" hai="72,74,98,100,105,128,129,130" m="42407,1033" machi="130" ten="30,2000,0" yaku="19,1,23,1" doraHai="75" who="2" fromWho="0" sc="238,-20,256,0,320,20,186,0" /><INIT seed="5,0,0,2,4,119" ten="218,256,340,186" oya="1" hai0="75,134,93,22,73,62,108,105,46,25,24,80,96" hai1="77,9,13,51,30,135,130,86,39,82,99,71,88" hai2="113,78,42,5,91,44,127,1,65,121,114,123,106" hai3="7,70,29,103,132,79,58,67,49,27,37,56,118"/><U17/><E130/><V131/><F106/><W60/><G37/><T32/><D105/><U53/><E135/><V76/><F65/><W122/><G132/><T40/><D108/><U98/><E71/><V66/><F66/><W47/><G118/><T128/><D128/><U97/><E39/><N who="2" m="21599" /><F131/><W59/><G122/><N who="2" m="46601" /><F127/><W16/><G103/><T6/><D32/><U43/><E30/><V41/><F41/><W48/><G79/><T83/><D62/><U89/><REACH who="1" step="1"/><E43/><REACH who="1" ten="218,246,340,186" step="2"/><V111/><F111/><W120/><G120/><T63/><D40/><U28/><E28/><V55/><F55/><W107/><G29/><T68/><D134/><U0/><E0/><V61/><F61/><W10/><G70/><T133/><D63/><U38/><E38/><V100/><F100/><W109/><G109/><T31/><D68/><U90/><E90/><V8/><F91/><W45/><G60/><T112/><D31/><U84/><E84/><V52/><F52/><W3/><G67/><T94/><D133/><U74/><E74/><V110/><F110/><W92/><G107/><T129/><D75/><U23/><E23/><V19/><F19/><W116/><G116/><T2/><D73/><U11/><E11/><V72/><F72/><W102/><G102/><T35/><D22/><U26/><E26/><V81/><F78/><W104/><G104/><T115/><D129/><U101/><E101/><V126/><F76/><W54/><G16/><T50/><D24/><U64/><E64/><V124/><F1/><W117/><G117/><T14/><D2/><U12/><E12/><V36/><F36/><RYUUKYOKU ba="0,1" sc="218,-10,246,30,340,-10,186,-10" hai1="9,13,17,51,53,77,82,86,88,89,97,98,99" /><INIT seed="5,1,1,3,4,90" ten="208,276,330,176" oya="1" hai0="29,51,30,39,4,121,33,82,92,88,38,0,20" hai1="85,23,100,73,131,122,78,108,76,3,40,117,109" hai2="47,8,9,127,118,27,24,22,12,31,16,75,43" hai3="49,54,1,15,99,57,46,114,135,133,36,113,93"/><U26/><E122/><V119/><F75/><W120/><G1/><T72/><D121/><U79/><E117/><V71/><F71/><W104/><G104/><T91/><D33/><U112/><E3/><V61/><F61/><W64/><G120/><T5/><D51/><U45/><E131/><V96/><F96/><W110/><G110/><N who="1" m="42602" /><E100/><V125/><F47/><W14/><G64/><T55/><D55/><U116/><E116/><N who="2" m="44587" /><F43/><N who="3" m="22887" /><G15/><T66/><D66/><U130/><E130/><V11/><F27/><W89/><G14/><T2/><D20/><AGARI ba="1,1" hai="8,9,11,12,16,20,22,24,31,125,127" m="44587" machi="20" ten="30,3900,0" yaku="34,2,54,1" doraHai="90" who="2" fromWho="0" sc="208,-42,276,0,330,52,176,0" /><INIT seed="6,0,0,1,0,48" ten="166,276,382,176" oya="2" hai0="85,65,20,62,42,108,21,22,96,31,55,32,69" hai1="113,0,100,12,133,82,17,131,134,52,5,13,11" hai2="27,92,135,76,116,77,10,44,35,43,130,103,8" hai3="63,120,45,122,111,121,37,97,72,81,90,24,112"/><V59/><F116/><W109/><G24/><T107/><D108/><N who="3" m="41545" /><G63/><T23/><N who="0" m="5632" /><DORA hai="75" /><T68/><D42/><U126/><E17/><V119/><F119/><W129/><G45/><T54/><D69/><U127/><E100/><V123/><F123/><N who="3" m="31491" /><W73/><DORA hai="71" /><G37/><T64/><D85/><U117/><E117/><V25/><F35/><W40/><G40/><T53/><D65/><U89/><E113/><V39/><F59/><W49/><G49/><T29/><REACH who="0" step="1"/><D32/><REACH who="0" ten="156,276,382,176" step="2"/><U132/><E52/><V47/><F43/><W98/><G112/><T46/><D46/><U79/><E89/><V4/><F47/><W80/><G129/><T56/><D56/><U1/><E131/><V2/><F130/><W91/><G91/><T19/><D19/><U7/><E7/><V128/><F44/><W94/><G98/><T58/><D58/><U110/><E110/><V15/><F128/><W115/><G115/><T60/><D60/><U57/><E57/><V78/><F4/><W118/><G118/><T33/><D33/><U30/><E30/><V84/><F84/><W125/><G125/><N who="1" m="47626" /><E0/><V114/><F2/><W34/><G34/><T86/><D86/><AGARI ba="0,1" hai="1,5,11,12,13,79,82,86,132,133,134" m="47626" machi="86" ten="40,5200,0" yaku="20,1,18,1,52,1" doraHai="48,75,71" who="1" fromWho="0" sc="156,-52,276,62,382,0,176,0" /><INIT seed="7,0,0,3,0,44" ten="104,338,382,176" oya="3" hai0="45,34,114,102,101,133,107,48,115,90,3,74,60" hai1="22,112,89,4,56,10,113,123,49,59,71,130,50" hai2="13,65,7,70,26,12,94,119,31,32,120,111,131" hai3="84,92,11,110,30,54,108,72,20,35,132,9,58"/><W125/><G72/><T82/><D3/><U1/><E123/><V64/><F111/><N who="3" m="42539" /><G35/><T75/><D34/><U47/><E47/><V106/><F119/><W99/><G84/><N who="0" m="50455" /><D60/><U83/><E130/><V17/><F106/><W46/><G46/><T109/><D45/><U40/><E40/><V52/><F120/><W6/><G125/><T19/><D19/><U88/><E71/><V66/><F131/><W62/><G132/><T87/><D48/><N who="1" m="18539" /><E22/><V105/><F105/><W33/><G33/><T97/><D109/><U25/><E25/><V55/><F70/><W28/><G6/><T135/><D87/><N who="1" m="50303" /><E89/><V118/><F118/><W43/><G43/><T15/><D15/><U124/><E124/><V103/><F12/><W86/><G86/><T98/><D98/><U91/><E91/><V69/><F69/><W63/><G63/><T14/><D14/><U127/><E127/><V38/><F7/><W16/><G11/><T96/><D96/><U36/><E36/><V5/><F38/><W51/><G62/><T0/><D0/><U8/><E10/><V126/><F5/><W73/><G9/><T129/><D102/><U134/><E134/><N who="0" m="51209" /><D129/><U2/><E2/><V24/><F126/><W117/><G117/><T76/><D76/><U79/><E79/><V95/><F26/><N who="3" m="14599" /><G73/><AGARI ba="0,0" hai="73,74,75,97,101,107,114,115" m="51209,50455" machi="73" ten="40,5200,0" yaku="20,1,34,2" doraHai="44" who="0" fromWho="3" sc="104,52,338,0,382,0,176,-52" owari="156,-24.0,338,14.0,382,48.0,124,-38.0" /></mjloggm>