<mjloggm ver="2.3"><GO type="41" lobby="0"/><UN n0="%43%6F%64%79" n1="%68%61%6D%75%7A%6F%75" n2="%E5%B0%B1%E6%B4%BB%E7%94%9F%40%E5%B7%9D%E6%9D%91%E8%BB%8D%E5%9B%A3" n3="%42%50%43%E5%89%AF%E4%BC%9A%E9%95%B7" dan="15,13,15,13" rate="1985.62,1963.63,1967.94,1837.26" sx="M,M,M,M"/><TAIKYOKU oya="0"/><INIT seed="0,0,0,2,3,1" ten="250,250,250,250" oya="0" hai0="60,35,10,62,46,82,111,5,98,119,36,42,37" hai1="135,92,7,38,44,121,73,86,11,30,75,16,108" hai2="40,8,107,29,134,94,125,25,104,96,54,97,39" hai3="102,19,95,118,128,91,122,47,131,130,90,78,53"/><T57/><D119/><U0/><E108/><V103/><F134/><W100/><G118/><T20/><D35/><U12/><E135/><V22/><F125/><W56/><G78/><T59/><D111/><U133/><E133/><V49/><F39/><W101/><G47/><T112/><D112/><U105/><E105/><V74/><F40/><W116/><G116/><T71/><D37/><U127/><E127/><V31/><F74/><W18/><G91/><T66/><D20/><U106/><E106/><V117/><F117/><W17/><G90/><T110/><D110/><U4/><E30/><V26/><F8/><W2/><G2/><T27/><D27/><U58/><E58/><V23/><REACH who="2" step="1"/><F97/><REACH who="2" ten="250,250,240,250" step="2"/><N who="3" m="59455" /><G122/><T132/><D132/><U99/><E121/><V76/><F76/><W68/><G68/><T9/><D98/><U87/><E73/><V124/><F124/><W113/><G113/><T48/><D10/><U15/><E75/><V93/><F93/><W115/><G115/><T28/><D36/><U41/><E99/><V55/><F55/><W34/><G34/><T85/><D9/><U14/><E92/><V129/><F129/><W65/><G65/><T64/><D64/><U24/><E87/><V79/><F79/><W126/><G126/><T69/><D66/><U81/><E86/><V61/><F61/><AGARI ba="0,1" hai="17,18,19,53,56,61,101,102,128,130,131" m="59455" machi="61" ten="40,1300,0" yaku="19,1" doraHai="1" who="3" fromWho="2" sc="250,0,250,0,240,-13,250,23" /><INIT seed="1,0,0,2,5,67" ten="250,250,227,273" oya="1" hai0="60,58,61,4,18,40,35,21,36,14,50,80,87" hai1="55,12,39,90,57,63,59,37,127,92,46,65,103" hai2="17,112,26,44,47,132,34,101,83,74,20,33,120" hai3="117,119,41,15,1,52,43,30,5,109,64,135,104"/><U121/><E121/><V8/><F120/><W51/><G1/><T114/><D114/><U113/><E113/><V76/><F112/><W82/><G104/><T28/><D36/><U106/><E127/><V16/><F132/><W31/><G135/><T27/><D4/><U97/><E12/><V9/><F101/><W108/><G64/><T2/><D2/><U123/><E123/><V126/><F126/><W77/><G15/><T105/><D105/><U6/><E6/><V49/><F44/><W22/><G5/><T118/><D118/><N who="3" m="45065" /><G22/><T100/><D100/><U78/><E78/><V56/><F56/><N who="3" m="32799" /><G43/><T3/><D3/><U84/><E46/><V32/><REACH who="2" step="1"/><F17/><REACH who="2" ten="250,250,217,273" step="2"/><W131/><G31/><T81/><D28/><U75/><REACH who="1" step="1"/><E75/><REACH who="1" ten="250,240,217,273" step="2"/><V130/><F130/><W29/><G131/><T96/><D18/><U25/><E25/><V89/><F89/><W79/><G30/><T48/><D27/><U24/><E24/><V133/><F133/><W38/><G29/><T54/><D35/><U128/><E128/><V129/><F129/><W69/><G79/><T115/><D115/><U45/><E45/><V125/><F125/><W19/><G19/><T98/><D58/><U122/><E122/><V66/><F66/><W94/><G77/><T72/><D72/><U53/><E53/><AGARI ba="0,2" hai="8,9,16,20,26,32,33,34,47,49,53,74,76,83" machi="53" ten="40,2600,0" yaku="1,1,54,1,53,0" doraHai="67" doraHaiUra="0" who="2" fromWho="1" sc="250,0,240,-26,217,46,273,0" /><INIT seed="2,0,0,1,2,122" ten="250,214,263,273" oya="2" hai0="42,13,135,65,3,115,124,107,49,95,123,44,43" hai1="57,108,45,84,75,121,64,22,70,53,37,72,39" hai2="15,83,63,71,114,14,6,106,59,52,109,24,99" hai3="92,29,56,89,66,80,7,111,79,20,85,55,119"/><V127/><F114/><W94/><G66/><T50/><D107/><U88/><E121/><V78/><F127/><W48/><G7/><T9/><D123/><U76/><E76/><V54/><F71/><W11/><G11/><T131/><D3/><U97/><E97/><V116/><F116/><W30/><G119/><T61/><D115/><U110/><E22/><V128/><F128/><W25/><G30/><T130/><D124/><U100/><E100/><V134/><F134/><W67/><G67/><T132/><D95/><N who="3" m="36393" /><G111/><N who="1" m="42538" /><E64/><V82/><F109/><W90/><AGARI ba="0,0" hai="20,25,29,48,55,56,79,80,85,89,90" m="36393" machi="90" ten="30,1100,0" yaku="8,1" doraHai="122" who="3" fromWho="3" sc="250,-3,214,-3,263,-5,273,11" /><INIT seed="3,0,0,2,2,7" ten="247,211,258,284" oya="3" hai0="111,123,103,89,40,15,59,133,115,99,75,71,70" hai1="49,27,57,22,74,131,47,118,53,124,8,24,64" hai2="78,109,55,113,14,43,60,5,48,132,121,82,92" hai3="96,79,76,37,83,95,39,100,33,3,135,87,107"/><W120/><G33/><T88/><D123/><U105/><E105/><V101/><F121/><W134/><G120/><T114/><D75/><U31/><E74/><V52/><F113/><N who="0" m="43018" /><D111/><U50/><E124/><V104/><F109/><W4/><G4/><T122/><D122/><U42/><E131/><V94/><F104/><W63/><G3/><T97/><D133/><N who="3" m="50697" /><G63/><T93/><D40/><U85/><E64/><V66/><F132/><W54/><G54/><T110/><D110/><U129/><E129/><V18/><F5/><W30/><G30/><T32/><D32/><U125/><E125/><V84/><F43/><W34/><G34/><T81/><D59/><U112/><E112/><V62/><F55/><W67/><G67/><T21/><D81/><U2/><E118/><V6/><F6/><W17/><G17/><N who="0" m="10431" /><D89/><U1/><E27/><V0/><F0/><W108/><G108/><T23/><D23/><U56/><E85/><V72/><F72/><W13/><G13/><T9/><D9/><U69/><E69/><V117/><F117/><W116/><G116/><T80/><D80/><U106/><E106/><AGARI ba="0,0" hai="70,71,88,93,97,99,103,106" m="10431,43018" machi="106" ten="30,2000,0" yaku="11,1,54,1" doraHai="7" who="0" fromWho="1" sc="247,20,211,-20,258,0,284,0" /><INIT seed="4,0,0,3,3,86" ten="267,191,258,284" oya="0" hai0="6,91,34,70,104,38,81,29,87,123,99,63,14" hai1="74,44,1,100,108,12,69,17,28,80,112,19,57" hai2="59,48,119,40,116,109,93,3,46,111,107,102,2" hai3="65,4,26,11,73,18,25,72,35,92,95,132,71"/><T33/><D123/><U32/><E108/><N who="2" m="41547" /><F107/><W54/><G54/><T41/><D29/><U58/><E100/><V27/><F102/><W131/><G18/><T37/><D104/><U67/><E1/><V62/><F93/><W78/><G78/><T52/><D99/><U20/><E74/><V83/><F27/><W0/><G95/><T76/><D76/><U5/><E80/><V121/><F83/><W55/><G55/><T134/><D134/><U133/><E133/><V113/><F113/><W96/><G132/><T61/><D70/><U9/><E32/><V50/><F121/><W39/><G39/><T118/><D118/><N who="2" m="45098" /><F50/><W126/><G26/><T66/><D34/><U53/><E112/><V36/><F48/><W84/><G25/><T22/><D33/><U120/><E120/><V30/><F30/><W47/><G35/><T45/><D37/><U130/><E28/><V106/><F106/><W8/><G73/><T15/><D6/><U90/><E90/><V23/><F23/><W129/><G4/><T68/><REACH who="0" step="1"/><D22/><REACH who="0" ten="257,191,258,284" step="2"/><U64/><E20/><V21/><F21/><W89/><G96/><T98/><D98/><U13/><E5/><V60/><F2/><W31/><G0/><T94/><D94/><U103/><E9/><V79/><F3/><W128/><G31/><T101/><D101/><U75/><E19/><V110/><F79/><W7/><G11/><T127/><D127/><U114/><E17/><V56/><F110/><W124/><G126/><T135/><D135/><U43/><E114/><V42/><F42/><W16/><G124/><T115/><D115/><RYUUKYOKU ba="0,1" sc="257,15,191,-15,258,15,284,-15" hai0="14,15,38,41,45,52,61,63,66,68,81,87,91" hai2="36,40,46,56,59,60,62" /><INIT seed="4,1,1,3,1,111" ten="272,176,273,269" oya="0" hai0="97,16,77,42,134,75,124,132,120,41,88,50,110" hai1="25,73,92,15,4,44,95,65,17,19,5,24,27" hai2="12,106,0,7,101,117,30,52,74,91,114,94,20" hai3="90,130,8,115,56,121,23,64,31,98,13,135,34"/><T133/><D120/><U49/><E73/><V72/><F114/><W67/><G115/><T76/><D110/><U87/><E65/><V10/><F117/><W126/><G121/><T81/><D77/><U71/><E71/><V37/><F37/><W99/><G34/><T83/><D50/><U84/><E15/><V11/><F106/><W85/><G31/><T35/><D35/><U61/><E61/><V21/><F101/><W119/><G119/><T70/><D70/><U40/><E49/><V96/><F52/><W53/><G23/><T22/><D124/><U48/><E48/><V127/><F127/><W105/><G126/><T6/><D6/><U57/><E57/><V107/><F107/><W129/><G105/><T109/><D109/><U80/><E80/><V79/><F30/><W93/><G64/><T102/><D102/><U123/><E27/><V14/><F0/><W108/><G108/><T1/><D1/><U28/><E123/><V9/><F79/><W59/><G67/><T3/><D3/><U122/><E122/><V47/><F47/><W2/><G2/><T29/><D29/><U68/><E68/><V18/><F74/><W66/><G66/><T131/><D131/><N who="3" m="50185" /><G59/><T46/><D46/><U104/><E104/><V118/><F72/><W113/><G113/><T62/><D62/><U63/><E63/><V43/><F118/><W39/><G39/><T32/><D32/><U55/><E44/><V103/><F43/><W112/><G112/><T51/><D51/><U89/><E28/><V38/><F38/><W128/><N who="3" m="50193" /><W125/><DORA hai="100" /><G125/><RYUUKYOKU ba="1,1" sc="272,0,176,0,273,0,269,0" /><INIT seed="5,2,1,1,2,53" ten="272,176,273,269" oya="1" hai0="32,87,55,95,112,108,82,73,60,115,101,57,113" hai1="124,70,88,107,132,17,100,23,75,62,66,33,77" hai2="22,20,31,3,133,50,49,123,131,16,126,7,68" hai3="4,84,67,85,10,47,9,105,69,71,72,102,39"/><U34/><E132/><V29/><F68/><W0/><G72/><T118/><D108/><U127/><E75/><V61/><F123/><W122/><G122/><T119/><D32/><U24/><E77/><V43/><F133/><W8/><G67/><T51/><D73/><U121/><E121/><V26/><F131/><W103/><G105/><T90/><D60/><U58/><E100/><N who="3" m="38442" /><G47/><T37/><D37/><U6/><E6/><V79/><F126/><N who="1" m="48169" /><E107/><V78/><F3/><W135/><G135/><T1/><D1/><U129/><E129/><V120/><F120/><W13/><G39/><T81/><REACH who="0" step="1"/><D101/><REACH who="0" ten="262,176,273,269" step="2"/><U83/><E70/><V5/><F61/><W91/><G69/><T45/><D45/><U59/><E59/><V99/><F43/><W116/><G71/><T86/><D86/><AGARI ba="2,2" hai="17,23,24,33,34,58,62,66,83,86,88" m="48169" machi="86" ten="30,5800,0" yaku="18,1,52,1,54,1" doraHai="53" who="1" fromWho="0" sc="262,-64,176,84,273,0,269,0" /><INIT seed="5,3,0,3,0,62" ten="198,260,273,269" oya="1" hai0="50,36,18,118,109,9,66,38,23,31,135,61,106" hai1="24,57,29,111,15,122,85,132,121,113,84,28,27" hai2="60,42,115,11,54,64,8,87,134,79,2,19,10" hai3="74,25,53,76,86,120,41,114,14,105,91,96,45"/><U70/><E132/><V104/><F104/><W82/><G53/><T80/><D109/><U97/><E70/><V95/><F2/><W103/><G25/><T129/><D118/><U0/><E0/><V1/><F115/><W4/><G114/><T40/><D106/><U58/><E113/><V63/><F134/><W90/><G74/><T89/><D135/><U26/><E15/><V112/><F112/><W98/><G98/><T83/><D31/><N who="1" m="11851" /><E97/><V131/><F42/><W127/><G120/><N who="1" m="46186" /><E111/><V5/><F131/><W71/><G71/><T39/><D129/><U35/><E35/><V77/><F54/><W116/><G116/><T93/><D9/><U78/><E78/><V123/><F63/><W125/><G127/><T100/><D100/><U128/><E128/><V55/><F55/><W88/><G125/><T75/><D75/><U21/><E21/><V34/><F34/><W32/><G32/><T51/><D40/><U119/><E119/><V67/><F123/><W72/><G14/><T92/><D83/><U44/><E44/><V16/><F1/><W108/><G108/><T6/><D6/><U99/><E99/><V20/><F5/><W69/><G69/><T30/><D80/><U56/><AGARI ba="3,0" hai="24,26,27,56,57,58,84,85" m="46186,11851" machi="56" ten="40,3900,0" yaku="28,2" doraHai="62" who="1" fromWho="1" sc="198,-16,260,48,273,-16,269,-16" /><INIT seed="5,4,0,3,2,112" ten="182,308,257,253" oya="1" hai0="12,63,87,24,73,102,85,45,118,114,93,71,105" hai1="21,113,131,80,60,57,67,89,127,103,15,130,104" hai2="134,47,81,77,7,2,95,109,62,43,25,64,117" hai3="19,72,49,42,35,78,29,88,27,68,125,1,53"/><U31/><E113/><V79/><F109/><W99/><G68/><T16/><D114/><U116/><E104/><V90/><F134/><W65/><G65/><T41/><D73/><U40/><E103/><V100/><F100/><W26/><G1/><T115/><D115/><U32/><E127/><V37/><F79/><W8/><G125/><T48/><D105/><U50/><E32/><V74/><F25/><W11/><G42/><T96/><D24/><U126/><E126/><V101/><F101/><W3/><G78/><T22/><D118/><U111/><E111/><V36/><F36/><W52/><G72/><T13/><D71/><U106/><E106/><V120/><F120/><W110/><G110/><T108/><D108/><U17/><E31/><V46/><F46/><W98/><G53/><T69/><D69/><U82/><E89/><V56/><F95/><W61/><G61/><T70/><D70/><U66/><E66/><V119/><F90/><W38/><G38/><T59/><REACH who="0" step="1"/><D13/><REACH who="0" ten="172,308,257,253" step="2"/><U55/><E116/><V92/><F92/><W128/><G27/><T94/><D94/><U4/><E82/><V23/><F23/><W18/><G26/><T0/><D0/><U30/><E80/><V54/><F64/><AGARI ba="4,1" hai="12,16,22,41,45,48,59,63,64,85,87,93,96,102" machi="64" ten="30,7700,0" yaku="1,1,7,1,8,1,54,1,53,0" doraHai="112" doraHaiUra="122" who="0" fromWho="2" sc="172,99,308,0,257,-89,253,0" /><INIT seed="6,0,0,4,5,110" ten="271,308,168,253" oya="2" hai0="53,78,52,127,56,96,84,38,2,49,50,90,66" hai1="70,122,129,31,57,93,94,117,37,4,113,51,132" hai2="99,102,79,9,107,46,62,80,32,24,128,115,114" hai3="131,22,71,14,95,6,60,74,21,12,3,28,73"/><V123/><F123/><W116/><G95/><T112/><D2/><U124/><E70/><V16/><F128/><W5/><G131/><T54/><D38/><U34/><E4/><V68/><F46/><W100/><G100/><T86/><D127/><U18/><E18/><V85/><F9/><W111/><G111/><T42/><D42/><U35/><E57/><V67/><REACH who="2" step="1"/><F16/><REACH who="2" ten="271,308,158,253" step="2"/><W119/><G3/><T76/><D49/><U91/><E129/><V29/><AGARI ba="0,1" hai="24,29,32,62,67,68,79,80,85,99,102,107,114,115" machi="29" ten="30,24000,3" yaku="1,1,2,1,0,1,25,2,52,2,53,1" doraHai="110" doraHaiUra="98" who="2" fromWho="2" sc="271,-80,308,-80,158,250,253,-80" /><INIT seed="6,1,0,3,3,22" ten="191,228,408,173" oya="2" hai0="44,72,31,16,121,9,37,65,41,53,13,21,59" hai1="20,109,80,63,108,8,28,67,60,92,132,71,115" hai2="131,10,0,88,46,105,14,120,112,129,91,19,15" hai3="86,128,57,64,70,107,116,133,39,69,95,45,18"/><V12/><F120/><W38/><G107/><T25/><D121/><U79/><E63/><V75/><F75/><W99/><G86/><T102/><D72/><U49/><E115/><V34/><F105/><W47/><G18/><T122/><D122/><U106/><E106/><V51/><F0/><W56/><G95/><T113/><D113/><U5/><E132/><V58/><F112/><W98/><G133/><T97/><D65/><U7/><E7/><V4/><F34/><W61/><G64/><T29/><D29/><U89/><E49/><V54/><F46/><W30/><G30/><T66/><D66/><U26/><E8/><V114/><F114/><W1/><G61/><T42/><D42/><U76/><E5/><V125/><F125/><W68/><G69/><T104/><D59/><U130/><E130/><N who="2" m="49675" /><F15/><W90/><G128/><T124/><D124/><U36/><E36/><V3/><F14/><W48/><G48/><T110/><D110/><U27/><E76/><V96/><F96/><W81/><G1/><T111/><D111/><U78/><E78/><V33/><F33/><W52/><G90/><T84/><D84/><U6/><E6/><V23/><AGARI ba="1,0" hai="3,4,10,12,19,23,51,54,58,88,91" m="49675" machi="23" ten="30,3000,0" yaku="19,1,54,1" doraHai="22" who="2" fromWho="2" sc="191,-11,228,-11,408,33,173,-11" /><INIT seed="6,2,0,1,2,26" ten="180,217,441,162" oya="2" hai0="77,70,33,96,45,19,86,55,99,78,58,131,12" hai1="57,133,2,115,9,52,3,36,76,75,123,7,84" hai2="14,10,31,93,88,1,28,16,64,30,124,118,27" hai3="35,17,120,87,97,11,74,122,56,113,109,72,90"/><V18/><F118/><W32/><G97/><T127/><D70/><U105/><E105/><V134/><F124/><W0/><G56/><T43/><D33/><U61/><E115/><V48/><F134/><W71/><G113/><T59/><D127/><U40/><E133/><V80/><F1/><W98/><G71/><T15/><D131/><U53/><E123/><V119/><F119/><W94/><G98/><T116/><D116/><U4/><E75/><V62/><F48/><W46/><G46/><T50/><D59/><U79/><E40/><V51/><F80/><W20/><G35/><T66/><D66/><U112/><E36/><V121/><F51/><W128/><G128/><T24/><D24/><U8/><E112/><V100/><F100/><W42/><G32/><T5/><D5/><U95/><E53/><V82/><F82/><W106/><G106/><T114/><D114/><U68/><E68/><V47/><F47/><W65/><G65/><T135/><D135/><U49/><E49/><V60/><F121/><W81/><G42/><T63/><D12/><U22/><E22/><N who="2" m="13767" /><F64/><W85/><G74/><T37/><D37/><U83/><E95/><V104/><F104/><W91/><G72/><T126/><D126/><U107/><E107/><V129/><F129/><W69/><G69/><T39/><D39/><U130/><E130/><V125/><F125/><W103/><G103/><T67/><D67/><U92/><E92/><V25/><F25/><N who="3" m="14479" /><G109/><T54/><D43/><U21/><E21/><V110/><F110/><W73/><G73/><T44/><D44/><U108/><E108/><RYUUKYOKU ba="2,0" sc="180,-30,217,10,441,10,162,10" hai1="2,3,4,7,8,9,52,57,61,76,79,83,84" hai2="10,14,18,28,30,31,60,62,88,93" hai3="0,11,81,85,87,90,91,94,120,122" /><INIT seed="6,3,0,0,0,74" ten="150,227,451,172" oya="2" hai0="16,51,65,52,123,87,100,83,109,86,14,135,38" hai1="6,0,32,66,89,115,75,46,13,73,55,125,61" hai2="94,34,101,106,98,17,19,41,30,108,79,40,126" hai3="9,54,76,119,5,60,117,56,37,131,7,22,59"/><V107/><F126/><W39/><G22/><T35/><D123/><U122/><E125/><V23/><F108/><W105/><G105/><T44/><D109/><U33/><E115/><V2/><F2/><W62/><G76/><T58/><D35/><U134/><E134/><V31/><F19/><W82/><G82/><T1/><D1/><U104/><E104/><V127/><F127/><W97/><G97/><T11/><D135/><U96/><E122/><V12/><F79/><W69/><G69/><T129/><D129/><U130/><E130/><V92/><F106/><W25/><G131/><T68/><D100/><U47/><E0/><V43/><F34/><W111/><G111/><T48/><D83/><U57/><E33/><V112/><F112/><W133/><G133/><T18/><D18/><U114/><E32/><V113/><F113/><W116/><G25/><T84/><D38/><U128/><E128/><V53/><F53/><W72/><G72/><T15/><D15/><U49/><E13/><V24/><F12/><W99/><G99/><T118/><D118/><U50/><E6/><V63/><F63/><W20/><G20/><T36/><D36/><U110/><E110/><V71/><F71/><W80/><G80/><T8/><D68/><U132/><E132/><V28/><AGARI ba="3,0" hai="17,23,24,28,30,31,40,41,43,92,94,98,101,107" machi="28" ten="30,1500,0" yaku="0,1" doraHai="74" who="2" fromWho="2" sc="150,-8,227,-8,451,24,172,-8" /><INIT seed="6,4,0,5,1,63" ten="142,219,475,164" oya="2" hai0="124,109,67,133,107,41,126,120,111,102,108,1,66" hai1="0,85,57,60,99,49,28,106,86,73,22,70,87" hai2="47,101,9,37,103,4,135,83,34,40,24,113,23" hai3="96,20,84,25,112,58,48,65,95,100,90,56,3"/><V74/><F113/><W13/><G112/><T130/><D1/><U129/><E0/><V43/><F135/><W92/><G3/><T118/><D107/><U116/><E73/><V35/><F43/><W27/><G48/><T33/><D33/><U42/><E129/><V79/><F34/><W89/><G100/><T59/><D102/><U105/><E70/><V61/><F35/><W14/><G65/><N who="0" m="24587" /><D130/><U69/><E69/><V15/><F61/><W93/><G93/><T62/><D133/><U55/><E99/><V53/><F53/><W11/><G27/><T121/><D41/><U88/><E116/><V117/><F117/><W72/><G72/><T114/><D114/><U75/><E75/><V29/><AGARI ba="4,0" hai="4,9,15,23,24,29,37,40,47,74,79,83,101,103" machi="29" ten="20,2100,0" yaku="0,1,7,1" doraHai="63" who="2" fromWho="2" sc="142,-11,219,-11,475,33,164,-11" /><INIT seed="6,5,0,2,0,130" ten="131,208,508,153" oya="2" hai0="68,99,121,116,43,47,82,88,53,98,44,42,34" hai1="123,7,78,59,5,125,26,92,45,4,19,54,16" hai2="133,17,36,109,114,118,56,129,64,135,28,110,81" hai3="14,1,108,10,66,83,67,126,85,38,3,96,102"/><V2/><F2/><W112/><G38/><T12/><D121/><U104/><E104/><V72/><F36/><W25/><G25/><T90/><D68/><U71/><E71/><V86/><F72/><W89/><G67/><T18/><D34/><U37/><E123/><V132/><F129/><W49/><G66/><T76/><D116/><U84/><E125/><V41/><F41/><W60/><G126/><T122/><D122/><U29/><E45/><V74/><F74/><W100/><G100/><T134/><D53/><U73/><E73/><V69/><F69/><W40/><G60/><T119/><D119/><U6/><E37/><V39/><F39/><W0/><G49/><T117/><D117/><U20/><N who="1" m="1536" /><DORA hai="9" /><U80/><REACH who="1" step="1"/><E92/><REACH who="1" ten="131,198,508,153" step="2"/><V131/><F118/><W57/><G3/><T94/><D94/><U48/><AGARI ba="5,1" hai="16,19,20,26,29,48,54,59,78,80,84" m="1536" machi="48" ten="40,8000,1" yaku="1,1,2,1,0,1,8,1,54,1,53,0" doraHai="130,9" doraHaiUra="105,127" who="1" fromWho="1" sc="131,-25,198,105,508,-45,153,-25" /><INIT seed="7,0,0,1,3,55" ten="106,303,463,128" oya="3" hai0="130,52,37,24,132,118,120,11,70,104,113,135,17" hai1="106,46,66,96,90,20,87,12,89,126,133,50,124" hai2="71,43,72,15,110,48,65,29,61,93,67,22,57" hai3="41,25,73,49,28,108,103,86,125,69,77,33,47"/><W21/><G73/><T115/><D118/><U19/><E66/><V79/><F110/><W78/><G108/><T99/><D120/><U94/><E133/><N who="0" m="51273" /><D70/><U6/><E106/><V60/><F72/><W121/><G121/><T92/><D37/><U111/><E111/><V31/><F79/><W16/><G69/><T3/><D104/><U56/><E56/><V8/><F93/><W26/><G103/><N who="0" m="60903" /><D130/><U9/><E124/><V54/><F22/><W101/><G125/><T35/><D35/><U134/><E126/><V44/><F43/><W84/><G101/><T53/><D24/><U102/><E87/><V107/><F107/><W75/><G75/><T30/><D30/><U10/><E10/><V68/><F44/><W63/><G63/><T80/><D80/><U74/><E74/><V27/><F27/><W114/><G114/><N who="0" m="43531" /><D17/><AGARI ba="0,0" hai="8,15,17,29,31,48,54,57,60,61,65,67,68,71" machi="17" ten="30,3900,0" yaku="7,1,9,1,52,1" doraHai="55" who="2" fromWho="0" sc="106,-39,303,0,463,39,128,0" owari="67,-43.0,303,10.0,502,60.0,128,-27.0" /></mjloggm>