<mjloggm ver="2.3"><GO type="97" lobby="0"/><UN n0="%E3%82%A6%E3%83%AB%E3%83%88%E3%83%A9%E7%AB%8B%E7%9B%B4" n1="%41%4B%42%2D%34%38" n2="%E3%82%AD%E3%83%A9%E3%82%AD%E3%83%A9%EF%BC%93" n3="%2A%E3%81%AE%E3%83%AE%E3%81%AE%2A" dan="14,14,13,14" rate="1969.04,1964.78,1867.81,2016.78" sx="M,M,M,M"/><TAIKYOKU oya="0"/><INIT seed="0,0,0,1,2,121" ten="250,250,250,250" oya="0" hai0="80,17,10,33,52,64,25,125,60,28,7,20,12" hai1="103,106,119,14,62,45,82,105,77,43,94,63,110" hai2="27,18,93,56,127,35,109,54,79,21,24,74,117" hai3="73,101,0,123,98,85,92,131,46,100,31,116,99"/><T114/><D125/><U6/><E119/><V42/><F127/><W53/><G0/><T132/><D132/><U2/><E2/><V57/><F109/><W16/><G123/><T15/><D114/><U39/><E110/><V37/><F117/><W97/><G73/><T65/><D80/><U40/><E40/><V118/><F118/><W120/><G120/><T48/><REACH who="0" step="1"/><D60/><REACH who="0" ten="240,250,250,250" step="2"/><U69/><E63/><N who="2" m="36247" /><F42/><W50/><G116/><T108/><D108/><U96/><E62/><V51/><F37/><W58/><G131/><T75/><D75/><U134/><E134/><V78/><F74/><W1/><G1/><T83/><D83/><U72/><REACH who="1" step="1"/><E69/><REACH who="1" ten="240,240,250,250" step="2"/><V67/><F51/><W11/><G50/><T84/><D84/><U90/><E90/><V104/><F78/><W36/><G85/><T76/><D76/><U126/><E126/><V32/><F79/><W5/><G36/><T81/><D81/><U19/><E19/><V107/><F18/><W55/><G16/><T44/><AGARI ba="0,2" hai="7,10,12,15,17,20,25,28,33,44,48,52,64,65" machi="44" ten="20,7800,0" yaku="1,1,0,1,7,1,54,1,53,0" doraHai="121" doraHaiUra="130" who="0" fromWho="0" sc="240,98,240,-26,250,-26,250,-26" /><INIT seed="0,1,0,0,5,3" ten="338,214,224,224" oya="0" hai0="22,129,104,12,91,45,4,24,44,51,27,97,126" hai1="69,118,133,100,127,135,131,110,58,2,0,66,16" hai2="125,94,130,38,98,61,50,33,83,57,52,56,112" hai3="121,13,68,65,87,134,119,53,64,71,88,34,55"/><T78/><D104/><U37/><E69/><V43/><F112/><W103/><G121/><T80/><D126/><U84/><E37/><V73/><F33/><W62/><G119/><T6/><D129/><U90/><E100/><V46/><F130/><W39/><G34/><T8/><D45/><U114/><E118/><V31/><F125/><W111/><G39/><T117/><D117/><U82/><E110/><V102/><F31/><W108/><G134/><N who="1" m="51210" /><E127/><V18/><F18/><W21/><G103/><T17/><D97/><U109/><E109/><N who="3" m="42058" /><G21/><T101/><D101/><U29/><E29/><V9/><F9/><W11/><G13/><T76/><D91/><U81/><E81/><V63/><REACH who="2" step="1"/><F57/><REACH who="2" ten="338,214,214,224" step="2"/><W115/><G11/><T70/><D70/><N who="3" m="26665" /><G115/><T20/><D20/><U15/><E114/><V32/><F32/><W95/><G62/><T35/><D35/><U36/><E131/><V93/><F93/><W124/><G124/><T72/><D22/><N who="1" m="11551" /><E36/><V99/><F99/><W42/><G42/><T30/><D30/><U86/><E86/><V67/><F67/><AGARI ba="1,1" hai="53,55,64,65,67,87,88,95" m="26665,42058" machi="67" ten="30,2000,0" yaku="14,1,54,1" doraHai="3" who="3" fromWho="2" sc="338,0,214,0,214,-23,224,33" /><INIT seed="1,0,0,4,2,135" ten="338,214,191,257" oya="1" hai0="24,70,64,4,81,1,13,76,43,2,109,83,89" hai1="114,121,119,51,30,107,19,33,133,15,46,20,103" hai2="55,42,101,39,94,124,111,44,56,100,72,74,49" hai3="78,97,11,92,35,95,73,71,110,82,126,90,16"/><U52/><E121/><V45/><F111/><W104/><G71/><T120/><D13/><U38/><E119/><V27/><F101/><N who="3" m="62511" /><G35/><T113/><D89/><U7/><E114/><V50/><F27/><W66/><G66/><T84/><D84/><U23/><E33/><V3/><F3/><W22/><G11/><T102/><D102/><U25/><E107/><V131/><F131/><W115/><G22/><T28/><D81/><U9/><E38/><V88/><F100/><W65/><G16/><T53/><D53/><U34/><E133/><V98/><REACH who="2" step="1"/><F124/><REACH who="2" ten="338,214,181,257" step="2"/><W69/><G115/><T61/><D1/><U85/><E103/><V77/><F77/><W47/><G110/><T14/><D109/><U5/><E85/><V123/><F123/><W32/><G126/><T29/><D24/><U116/><REACH who="1" step="1"/><E116/><REACH who="1" ten="338,204,181,257" step="2"/><V125/><F125/><W99/><G78/><T80/><D76/><U12/><E12/><V31/><F31/><W62/><G73/><T106/><D14/><U105/><E105/><V134/><F134/><W10/><G82/><T6/><D83/><U132/><E132/><V21/><F21/><AGARI ba="0,2" hai="5,7,9,15,19,20,21,23,25,30,34,46,51,52" machi="21" ten="40,3900,0" yaku="1,1,54,1,53,0" doraHai="135" doraHaiUra="79" who="1" fromWho="2" sc="338,0,204,59,181,-39,257,0" /><INIT seed="1,1,0,0,5,21" ten="338,263,142,257" oya="1" hai0="69,27,98,33,16,12,9,104,26,50,36,60,124" hai1="55,88,28,114,73,97,111,11,134,125,93,89,10" hai2="56,57,41,103,131,52,31,15,54,17,117,87,110" hai3="77,2,59,116,7,38,35,23,84,133,46,53,68"/><U62/><E114/><V99/><F117/><W42/><G68/><T96/><D36/><U44/><E73/><V47/><F110/><W86/><G116/><T83/><D124/><U61/><E125/><V0/><F0/><W105/><G35/><T81/><D69/><U19/><E111/><V20/><F131/><W3/><G105/><T129/><D33/><U76/><E76/><V8/><F87/><W39/><G133/><T6/><D104/><U80/><E28/><V45/><F45/><W108/><G38/><T75/><D75/><U95/><E80/><N who="0" m="30793" /><D129/><U109/><E134/><V1/><F1/><W63/><G108/><T82/><D60/><U121/><E121/><V127/><F127/><W49/><G7/><T90/><D50/><N who="1" m="29127" /><E109/><V14/><F47/><W79/><G39/><T126/><D126/><U5/><E5/><N who="2" m="3343" /><F31/><W113/><G113/><T130/><D130/><U132/><E132/><V51/><F41/><W4/><G4/><T70/><D70/><U100/><E100/><V34/><F34/><W102/><G102/><T48/><D6/><U92/><E92/><N who="2" m="58855" /><F54/><W118/><G118/><T128/><D128/><U78/><E78/><N who="3" m="29706" /><G23/><T67/><D82/><U58/><E19/><V24/><F57/><W106/><G106/><T32/><D32/><U91/><E91/><V115/><F115/><W122/><G122/><T22/><D90/><U71/><E71/><V94/><F94/><W13/><G13/><AGARI ba="1,0" hai="13,15,17,20,24,51,52,56" m="58855,3343" machi="13" ten="30,3900,0" yaku="8,1,52,1,54,1" doraHai="21" who="2" fromWho="3" sc="338,0,263,0,142,42,257,-42" /><INIT seed="2,0,0,3,4,95" ten="338,263,184,215" oya="2" hai0="87,57,71,133,21,135,74,126,78,56,128,106,63" hai1="127,31,92,115,88,17,108,29,52,83,104,23,132" hai2="20,65,99,55,8,117,1,53,49,100,6,125,45" hai3="0,34,75,91,39,134,35,97,79,116,9,85,90"/><V43/><F117/><W102/><G116/><T131/><D106/><U26/><E115/><V96/><F125/><W38/><G134/><N who="0" m="51211" /><D74/><U4/><E108/><V18/><F100/><W24/><G90/><T14/><D71/><U27/><E104/><V22/><F22/><W37/><G24/><T59/><D63/><U28/><E127/><V101/><F101/><W119/><G119/><T51/><D51/><U46/><E83/><V120/><F120/><W25/><G91/><T111/><D111/><U16/><E4/><V86/><F65/><W89/><G89/><T72/><D72/><U84/><E132/><V73/><F73/><W93/><G85/><T15/><D126/><U113/><E113/><V36/><F86/><W70/><G70/><T107/><D107/><U13/><E17/><V68/><F68/><W44/><G44/><T60/><D60/><U12/><E12/><N who="0" m="4649" /><D21/><U67/><E67/><V98/><REACH who="2" step="1"/><F36/><REACH who="2" ten="338,263,174,215" step="2"/><W123/><G123/><T47/><D87/><U2/><E2/><V109/><F109/><W42/><G38/><T80/><D78/><U10/><E10/><V7/><F7/><W5/><G39/><T121/><D121/><U62/><E46/><V122/><F122/><W3/><G3/><T64/><D47/><U32/><E32/><V33/><F33/><W58/><G58/><AGARI ba="0,1" hai="13,16,23,26,27,28,29,31,52,58,62,84,88,92" machi="58" ten="40,8000,1" yaku="8,1,54,3" doraHai="95" who="1" fromWho="3" sc="338,0,263,90,174,0,215,-80" /><INIT seed="3,0,0,1,2,28" ten="338,353,174,135" oya="3" hai0="105,99,76,62,64,35,49,54,80,52,118,59,93" hai1="46,23,135,29,42,14,113,121,30,0,37,91,39" hai2="95,73,5,41,97,134,65,127,57,77,38,132,110" hai3="63,43,68,86,47,79,131,129,26,31,124,21,27"/><W72/><G72/><T82/><D35/><U1/><E113/><V81/><F110/><W128/><G124/><T12/><D105/><U17/><E121/><V18/><F127/><W33/><G68/><T22/><D118/><U53/><E39/><V67/><F5/><W60/><G86/><N who="0" m="48391" /><D82/><U70/><E70/><V92/><F92/><W55/><G55/><T101/><D49/><U2/><E135/><N who="2" m="51755" /><F57/><W9/><G9/><T120/><D120/><U45/><E91/><N who="2" m="55551" /><F18/><AGARI ba="0,0" hai="12,18,22,52,54,59,62,64,93,99,101" m="48391" machi="18" ten="30,2000,0" yaku="8,1,54,1" doraHai="28" who="0" fromWho="2" sc="338,20,353,0,174,-20,135,0" owari="358,46.0,353,15.0,154,-25.0,135,-36.0" /></mjloggm>