<mjloggm ver="2.3"><GO type="169" lobby="0"/><UN n0="%E8%90%BD%E5%90%88" n1="%E6%A5%BD%E5%8B%9D%EF%BC%81" n2="%E6%B0%B4%E5%86%85%E9%AD%9A%E6%9D%A5%E9%A6%99" n3="%E3%82%A6%E3%83%AB%E3%83%88%E3%83%A9%E7%AB%8B%E7%9B%B4" dan="16,16,17,17" rate="2152.91,2131.28,2129.79,2163.82" sx="M,M,F,M"/><TAIKYOKU oya="0"/><INIT seed="0,0,0,0,2,68" ten="250,250,250,250" oya="0" hai0="37,30,78,72,107,61,44,119,114,32,46,85,134" hai1="117,131,15,55,36,109,120,133,62,25,75,47,81" hai2="115,58,59,111,90,128,31,99,50,22,23,2,89" hai3="67,102,64,26,101,94,40,52,121,0,17,87,73"/><T56/><D119/><U110/><E15/><V6/><F115/><W118/><G73/><T69/><D114/><U8/><E8/><V63/><F111/><N who="1" m="42505" /><E25/><V5/><F128/><W24/><G0/><T93/><D134/><U125/><E81/><V84/><F2/><W130/><G121/><T83/><D107/><U91/><E91/><V126/><F126/><W9/><G118/><T96/><D30/><U21/><E21/><V82/><F50/><W29/><G94/><T104/><D32/><U135/><E75/><V123/><F123/><W42/><G87/><T49/><D104/><U65/><E117/><V18/><F59/><W57/><G57/><T14/><D14/><U54/><E120/><V124/><F124/><W132/><G29/><T129/><D129/><U28/><E28/><V122/><F122/><W19/><G130/><T92/><D92/><U86/><E86/><V35/><F35/><W79/><G79/><T10/><D10/><U3/><E3/><V76/><F31/><W4/><G4/><N who="2" m="1641" /><F99/><W20/><G9/><T74/><D96/><U77/><E125/><V70/><F70/><W95/><G95/><T106/><D93/><U108/><E131/><V88/><F18/><W43/><G20/><T97/><D97/><U112/><E112/><V66/><AGARI ba="0,0" hai="22,23,58,63,66,76,82,84,88,89,90" m="1641" machi="66" ten="30,2000,0" yaku="8,1,54,1" doraHai="68" who="2" fromWho="2" sc="250,-10,250,-5,250,20,250,-5" /><INIT seed="1,0,0,5,3,12" ten="240,245,270,245" oya="1" hai0="95,33,13,81,38,72,91,63,79,2,108,88,132" hai1="40,25,52,66,34,27,76,65,117,8,120,67,15" hai2="106,116,78,11,17,41,73,129,135,104,21,32,85" hai3="128,42,101,4,48,71,28,92,3,44,64,58,112"/><U118/><E120/><V35/><F116/><W50/><G112/><T5/><D108/><U49/><E40/><V131/><F73/><W80/><G128/><N who="2" m="49225" /><F135/><W98/><G71/><T24/><D132/><U127/><E127/><V51/><F11/><W115/><G115/><T100/><D2/><U68/><E68/><V83/><F41/><W114/><G114/><T37/><D63/><U22/><E34/><N who="2" m="12843" /><F51/><W45/><G28/><T130/><D38/><U1/><E1/><V23/><F23/><W113/><G113/><T97/><D37/><U90/><E76/><V7/><F7/><W53/><G4/><T121/><D121/><U39/><E39/><V18/><F18/><W14/><G3/><T126/><D126/><U26/><E22/><V30/><F30/><W133/><G133/><T59/><D130/><U54/><E90/><V94/><F94/><W96/><G92/><T70/><D70/><U119/><E49/><V43/><F43/><W82/><G42/><T109/><D91/><U86/><E86/><V60/><F60/><W16/><G50/><T31/><D109/><U29/><E29/><V9/><F9/><N who="3" m="6223" /><G45/><T124/><D59/><U10/><REACH who="1" step="1"/><E15/><AGARI ba="0,0" hai="15,17,21,78,83,85,104,106" m="12843,49225" machi="15" ten="30,2000,0" yaku="19,1,52,1" doraHai="12" who="2" fromWho="1" sc="240,0,245,-20,270,20,245,0" /><INIT seed="2,0,0,1,1,121" ten="240,225,290,245" oya="2" hai0="120,100,101,52,82,60,94,74,41,126,62,95,78" hai1="66,122,96,38,135,43,119,63,91,112,22,106,47" hai2="37,111,53,50,83,107,55,103,2,68,92,87,44" hai3="49,3,85,65,123,59,32,75,81,133,69,72,30"/><V89/><F2/><W19/><G3/><T80/><D120/><U118/><E122/><V124/><F37/><W86/><G123/><T73/><D41/><U5/><E112/><V4/><F4/><W128/><G30/><T26/><D26/><U110/><E135/><V42/><F68/><W134/><G32/><T6/><D6/><U11/><E22/><V70/><F70/><W27/><G69/><T8/><D8/><U18/><E18/><V7/><F7/><W125/><G125/><T116/><D126/><U21/><E21/><V130/><F124/><W114/><G114/><T64/><D64/><U12/><E110/><V40/><F130/><W31/><G31/><T61/><D116/><U34/><E34/><V45/><F111/><W99/><G99/><T88/><D52/><U90/><E90/><V98/><REACH who="2" step="1"/><F107/><REACH who="2" ten="240,225,280,245" step="2"/><W132/><G128/><T35/><D94/><N who="1" m="56415" /><E106/><V10/><F10/><W109/><G109/><T48/><D95/><U56/><E118/><V9/><F9/><W105/><G105/><T113/><D113/><U0/><E119/><V28/><F28/><W115/><G115/><T127/><D127/><U84/><E0/><V129/><F129/><W20/><G133/><T29/><D29/><U25/><E38/><V97/><F97/><W102/><G134/><T54/><D35/><U67/><E5/><V108/><F108/><W16/><G132/><T33/><D33/><U39/><E11/><V17/><F17/><W79/><G16/><T23/><D23/><U46/><E39/><V15/><F15/><W93/><G19/><T58/><D82/><RYUUKYOKU ba="0,1" sc="240,-10,225,-10,280,30,245,-10" hai2="40,42,44,45,50,53,55,83,87,89,92,98,103" /><INIT seed="2,1,1,3,0,85" ten="230,215,310,235" oya="2" hai0="121,43,6,55,20,46,35,93,29,117,129,19,128" hai1="124,33,79,32,113,12,89,72,87,48,102,109,40" hai2="112,51,30,92,80,2,114,65,132,110,90,96,14" hai3="53,104,82,97,134,84,130,38,8,91,64,7,69"/><V56/><F2/><W115/><G38/><T127/><D121/><U126/><E113/><V74/><F132/><W88/><G115/><T83/><D127/><N who="1" m="48683" /><E109/><V98/><F110/><W1/><G134/><T50/><D117/><U0/><E0/><V42/><F30/><W34/><G34/><T16/><D6/><U11/><E102/><V123/><F123/><W52/><G130/><N who="0" m="50283" /><D83/><N who="1" m="45543" /><E40/><V73/><F42/><W133/><G133/><T95/><D35/><U25/><E48/><V116/><F51/><W54/><G104/><T60/><D60/><U39/><E25/><V62/><F116/><W122/><G122/><T108/><D108/><U57/><E57/><V49/><F49/><W99/><G69/><T75/><D75/><U76/><E76/><V21/><F74/><W3/><G3/><T81/><D81/><N who="1" m="49391" /><E39/><V18/><F73/><W111/><G111/><T86/><D86/><U47/><E47/><V118/><F118/><W22/><G64/><T77/><D77/><U119/><E119/><V41/><F41/><W70/><G70/><T106/><D106/><U66/><E66/><V27/><F27/><W23/><REACH who="3" step="1"/><G91/><REACH who="3" ten="230,215,310,225" step="2"/><T101/><D43/><U59/><E59/><V131/><F131/><W94/><G94/><N who="0" m="35851" /><D101/><U4/><AGARI ba="1,2" hai="4,11,12,32,33" m="49391,45543,48683" machi="4" ten="30,2000,0" yaku="18,1,52,1" doraHai="85" who="1" fromWho="1" sc="230,-6,215,43,310,-11,225,-6" /><INIT seed="3,0,0,5,3,48" ten="224,258,299,219" oya="3" hai0="23,60,127,114,83,92,52,30,46,132,39,54,70" hai1="130,20,106,31,116,79,26,16,45,5,58,24,19" hai2="61,77,21,101,74,41,129,10,42,117,12,100,2" hai3="36,72,18,14,82,38,55,108,78,35,81,89,1"/><W109/><G1/><T73/><D132/><U95/><E106/><V50/><F117/><W13/><G35/><T85/><D127/><U37/><E130/><V34/><F34/><W69/><G69/><T128/><D128/><U99/><E116/><V28/><F2/><W4/><G4/><T115/><D73/><U66/><E79/><V98/><F129/><W87/><G14/><T40/><D92/><U0/><E37/><V76/><F61/><W63/><G38/><T121/><D121/><U86/><E45/><V29/><F74/><W125/><G36/><T126/><D126/><U15/><E0/><V27/><F29/><W7/><G7/><T131/><D131/><U133/><E133/><V124/><F124/><W118/><G118/><T134/><D134/><U64/><E86/><V17/><F100/><W105/><G105/><T135/><D135/><U102/><E5/><V113/><F113/><N who="0" m="43018" /><D60/><U25/><E58/><V49/><F49/><W97/><G97/><T80/><D70/><U32/><REACH who="1" step="1"/><E26/><REACH who="1" ten="224,248,299,219" step="2"/><V9/><F27/><W107/><G125/><T111/><D85/><U51/><E51/><V122/><F50/><W56/><REACH who="3" step="1"/><G107/><REACH who="3" ten="224,248,299,209" step="2"/><T112/><D112/><U104/><E104/><V119/><F119/><W53/><G53/><T59/><D52/><U123/><E123/><V22/><F122/><W3/><G3/><T11/><D54/><U57/><E57/><V6/><F6/><W33/><G33/><T88/><D59/><U90/><E90/><V47/><F47/><W84/><G84/><T67/><D88/><U65/><E65/><V62/><F98/><RYUUKYOKU ba="0,2" sc="224,-15,248,15,299,-15,209,15" hai1="15,16,19,20,24,25,31,32,64,66,95,99,102" hai3="13,18,55,56,63,72,78,81,82,87,89,108,109" /><INIT seed="3,1,2,0,0,80" ten="209,263,284,224" oya="3" hai0="20,19,47,55,92,90,40,69,135,120,81,68,48" hai1="60,96,4,41,93,71,107,25,110,42,39,18,133" hai2="52,106,24,38,125,1,105,112,67,28,57,86,3" hai3="104,122,36,12,84,109,72,87,44,70,127,37,21"/><W95/><G104/><T88/><D120/><U83/><E107/><V16/><F38/><W26/><G122/><T10/><D135/><U58/><E71/><V85/><F112/><W22/><G72/><T82/><D10/><U27/><E39/><V6/><F67/><W97/><G70/><T102/><D69/><U50/><E133/><V77/><F106/><W78/><G127/><T7/><D68/><U100/><E110/><V134/><F105/><W53/><G109/><T113/><D7/><U32/><E4/><V5/><F134/><W31/><G78/><T46/><D102/><U75/><E75/><V123/><F1/><W49/><G37/><T94/><D113/><U108/><E108/><V43/><F3/><W34/><G36/><T54/><D40/><N who="1" m="15467" /><E32/><V121/><F125/><W23/><REACH who="3" step="1"/><G12/><REACH who="3" ten="209,263,284,214" step="2"/><T30/><D47/><U15/><E83/><V64/><F123/><W131/><G131/><T13/><D82/><U33/><E15/><V76/><F121/><W8/><G8/><T51/><D81/><U73/><E73/><V61/><F76/><W128/><G128/><T14/><D14/><U118/><E118/><V79/><F79/><W103/><AGARI ba="1,3" hai="21,22,23,26,31,34,44,49,53,84,87,95,97,103" machi="103" ten="30,11700,0" yaku="1,1,0,1,52,2,53,0" doraHai="80" doraHaiUra="65" who="3" fromWho="3" sc="209,-40,263,-40,284,-40,214,150" /><INIT seed="3,2,0,1,1,132" ten="169,223,244,364" oya="3" hai0="77,12,6,71,85,3,70,57,78,84,93,72,126" hai1="9,21,87,106,2,52,134,62,24,39,47,120,63" hai2="17,0,108,96,42,58,98,94,46,123,55,53,34" hai3="45,114,127,124,118,83,18,38,95,81,122,104,130"/><W23/><G104/><T60/><D3/><U103/><E120/><V37/><F0/><W99/><G122/><T82/><D126/><N who="3" m="48169" /><G118/><T33/><D33/><U75/><E75/><V43/><F34/><W121/><G130/><T86/><D77/><U64/><E134/><V101/><F108/><W92/><G121/><T36/><D36/><U51/><E39/><V74/><F74/><W135/><G114/><T26/><D26/><U105/><E87/><V107/><F43/><N who="3" m="22775" /><G135/><T89/><D12/><U50/><E50/><V31/><F31/><W40/><G40/><T91/><D6/><U68/><E63/><V113/><F113/><W102/><G95/><T116/><D116/><U112/><E103/><V131/><F101/><W110/><G110/><T69/><REACH who="0" step="1"/><D93/><REACH who="0" ten="159,223,244,364" step="2"/><U27/><E27/><AGARI ba="2,1" hai="18,23,27,81,83,92,99,102" m="22775,48169" machi="27" ten="30,11600,0" yaku="18,1,52,3" doraHai="132" who="3" fromWho="1" sc="159,0,223,-122,244,0,364,132" /><INIT seed="3,3,0,5,5,105" ten="159,101,244,496" oya="3" hai0="65,0,110,19,10,125,121,23,91,18,77,8,118" hai1="49,81,73,17,3,57,99,87,27,98,55,11,71" hai2="106,74,22,84,36,108,85,72,39,122,2,112,40" hai3="29,79,128,24,119,96,53,107,83,75,26,56,116"/><W113/><G113/><T58/><D118/><U103/><E71/><V88/><F22/><W14/><G128/><T37/><D37/><U48/><E73/><N who="2" m="28267" /><F2/><W7/><G26/><T126/><D121/><U32/><E103/><V133/><F40/><W94/><G107/><T59/><D77/><U76/><E49/><V62/><F62/><W64/><G64/><T20/><D110/><U78/><E78/><V100/><F36/><W90/><G14/><T97/><D97/><U60/><E60/><V92/><F39/><W127/><G7/><T30/><D30/><U41/><E41/><V4/><F4/><W131/><G131/><T61/><D61/><U35/><E3/><V6/><F6/><W50/><G127/><T95/><D0/><U70/><E70/><V68/><F68/><W16/><REACH who="3" step="1"/><G16/><REACH who="3" ten="159,101,244,486" step="2"/><T31/><D19/><U101/><E11/><V115/><F115/><W54/><G54/><T13/><D65/><U15/><E15/><V129/><F129/><W123/><G123/><T34/><D125/><U120/><E120/><V44/><F112/><W47/><G47/><T63/><D126/><U5/><E5/><V28/><F44/><W67/><G67/><N who="0" m="39415" /><D10/><U114/><E114/><V135/><F122/><W102/><G102/><T1/><D1/><U124/><E101/><V42/><F106/><W12/><G12/><T66/><D66/><U111/><E124/><V38/><F100/><W89/><G89/><T43/><D59/><U9/><E9/><V52/><F52/><W33/><AGARI ba="3,1" hai="24,29,33,50,53,56,75,79,83,90,94,96,116,119" machi="33" ten="20,12000,1" yaku="1,1,0,1,7,1,52,1,53,1" doraHai="105" doraHaiUra="104" who="3" fromWho="3" sc="159,-43,101,-43,244,-43,486,139" /><INIT seed="3,4,0,3,3,14" ten="116,58,201,625" oya="3" hai0="71,118,53,32,110,47,94,103,3,50,0,38,66" hai1="15,87,42,40,134,52,56,127,1,120,55,126,72" hai2="88,62,6,46,45,13,12,26,29,59,34,58,5" hai3="30,99,77,115,92,116,128,51,21,83,25,89,131"/><W121/><G121/><T2/><D118/><U109/><E120/><V107/><F107/><W49/><G116/><T105/><D110/><U11/><E109/><V20/><F34/><W60/><G115/><T81/><D105/><U33/><E72/><V41/><F13/><W130/><REACH who="3" step="1"/><G60/><REACH who="3" ten="116,58,201,615" step="2"/><T125/><D125/><U43/><E127/><V112/><F62/><W19/><G19/><T64/><D64/><U10/><E126/><V54/><F112/><W4/><G4/><T7/><D66/><U96/><E134/><V104/><F5/><W68/><G68/><T90/><D7/><U102/><E1/><V124/><F6/><W79/><G79/><T113/><D71/><U122/><E122/><V74/><F124/><W123/><G123/><T129/><D113/><U70/><E70/><V76/><F76/><W111/><G111/><T108/><D108/><U44/><E33/><V57/><F29/><W80/><G80/><T84/><D32/><U27/><E11/><V119/><F119/><W82/><G82/><T18/><D18/><U28/><E10/><V97/><F20/><W133/><G133/><T86/><D3/><U69/><E69/><V75/><F75/><AGARI ba="4,1" hai="21,25,30,49,51,75,77,83,89,92,99,128,130,131" machi="75" ten="40,7700,0" yaku="1,1,19,1,53,1" doraHai="14" doraHaiUra="23" who="3" fromWho="2" sc="116,0,58,0,201,-89,615,99" /><INIT seed="3,5,0,3,1,7" ten="116,58,112,714" oya="3" hai0="35,82,104,126,99,18,25,65,2,19,71,63,97" hai1="20,85,33,135,132,12,66,91,110,57,37,127,69" hai2="62,15,10,48,49,121,112,103,16,14,42,96,31" hai3="123,74,47,51,11,29,40,119,122,87,98,81,1"/><W107/><G74/><T24/><D2/><U70/><E33/><V93/><F112/><W114/><G114/><T28/><D126/><U133/><E37/><V80/><F121/><W50/><G119/><T17/><D82/><N who="1" m="49591" /><E127/><V92/><F31/><W83/><G83/><T53/><D53/><U23/><E110/><V67/><F80/><W131/><G131/><T130/><D130/><U59/><E66/><V75/><F75/><W54/><G29/><T100/><D97/><U88/><E88/><V115/><F115/><W116/><G116/><T129/><D129/><U44/><E44/><V111/><F111/><W84/><G84/><T79/><D79/><U101/><E101/><V118/><F118/><W61/><G61/><T34/><D34/><U105/><E105/><V8/><F92/><W26/><G26/><AGARI ba="5,0" hai="17,18,19,24,25,26,28,35,63,65,71,99,100,104" machi="26" ten="40,2600,0" yaku="25,2" doraHai="7" who="0" fromWho="3" sc="116,41,58,0,112,0,714,-41" /><INIT seed="4,0,0,0,1,88" ten="157,58,112,673" oya="0" hai0="7,103,11,35,91,75,37,21,58,74,126,31,39" hai1="81,82,43,92,108,70,67,60,112,117,0,63,8" hai2="114,18,22,20,79,133,9,10,2,19,6,51,100" hai3="40,120,111,99,46,122,33,110,128,16,80,45,48"/><T93/><D35/><U90/><E117/><V24/><F79/><W12/><G33/><T47/><D126/><U26/><E108/><V5/><F51/><W113/><G113/><T17/><D103/><U130/><E112/><V41/><F41/><W95/><G80/><T38/><D31/><U15/><E130/><V72/><F100/><N who="3" m="60543" /><G46/><T65/><D47/><U89/><E0/><N who="2" m="167" /><F72/><W23/><G128/><T56/><D65/><U105/><E105/><V1/><F114/><W42/><G42/><T55/><D55/><U59/><E43/><V3/><F133/><W68/><G68/><T107/><D107/><U118/><E26/><AGARI ba="0,0" hai="1,2,3,6,10,18,19,20,22,24,26" m="167" machi="26" ten="30,8000,1" yaku="35,5" doraHai="88" who="2" fromWho="1" sc="157,0,58,-80,112,80,673,0" owari="157,-24.0,-22,-52.0,192,-1.0,673,77.0" /></mjloggm>