<mjloggm ver="2.3"><GO type="97" lobby="0"/><UN n0="%E7%99%BE%E5%BC%8F%E8%A6%B3%E9%9F%B3" n1="%E6%B0%B7%E8%8A%B1" n2="%E3%82%A6%E3%83%AB%E3%83%88%E3%83%A9%E7%AB%8B%E7%9B%B4" n3="%E3%82%B1%E3%83%B3%E5%9D%8A" dan="14,14,14,14" rate="1948.17,1902.01,1947.24,1932.56" sx="M,M,M,M"/><TAIKYOKU oya="0"/><INIT seed="0,0,0,0,5,79" ten="250,250,250,250" oya="0" hai0="9,71,26,88,135,97,132,47,45,55,82,96,50" hai1="106,112,30,56,86,51,98,109,1,115,130,85,128" hai2="113,49,57,91,43,11,67,33,63,101,2,25,111" hai3="34,52,75,44,76,73,36,7,103,62,20,125,12"/><T64/><D71/><U54/><E1/><V134/><F113/><N who="1" m="43593" /><E109/><V29/><F111/><W61/><G34/><T35/><D64/><U108/><E108/><V58/><F134/><N who="0" m="51242" /><D9/><U24/><E98/><N who="0" m="37993" /><D26/><U78/><E106/><V121/><F121/><W120/><G120/><T133/><N who="0" m="51250" /><T114/><DORA hai="41" /><D35/><N who="1" m="20935" /><E78/><V8/><F101/><W122/><G122/><T124/><D114/><U15/><E15/><V19/><F2/><W18/><G7/><T116/><D116/><U118/><E118/><V42/><F91/><W87/><G103/><T107/><D107/><U90/><E90/><V131/><F11/><W6/><G6/><T39/><D39/><U89/><E89/><V13/><F131/><AGARI ba="0,0" hai="51,54,56,85,86,128,130,131" m="20935,43593" machi="131" ten="30,2000,0" yaku="19,1,11,1" doraHai="79,41" who="1" fromWho="2" sc="250,0,250,20,250,-20,250,0" /><INIT seed="1,0,0,5,0,49" ten="250,270,230,250" oya="1" hai0="44,18,79,48,69,47,12,97,121,27,102,122,126" hai1="55,42,26,24,71,73,56,86,132,124,103,21,52" hai2="8,98,39,40,96,68,4,6,83,60,127,107,33" hai3="131,65,77,74,19,75,9,100,23,0,16,7,11"/><U36/><E73/><V85/><F127/><W135/><G131/><T59/><D126/><U34/><E124/><V113/><F113/><W35/><G135/><T1/><D1/><U84/><E71/><V13/><F33/><W112/><G112/><T106/><D69/><U45/><E103/><V64/><F107/><W66/><G100/><T130/><D79/><U17/><E132/><V58/><F68/><W91/><G35/><T82/><D82/><U94/><E94/><V76/><F39/><W57/><G75/><T53/><D27/><U93/><E93/><V110/><F110/><W117/><G117/><T78/><D78/><U62/><REACH who="1" step="1"/><E55/><REACH who="1" ten="250,260,230,250" step="2"/><V123/><F123/><N who="0" m="47114" /><D130/><U31/><AGARI ba="0,1" hai="17,21,24,26,31,34,36,42,45,52,56,62,84,86" machi="31" ten="30,11700,0" yaku="1,1,0,1,52,1,54,1,53,0" doraHai="49" doraHaiUra="89" who="1" fromWho="1" sc="250,-39,260,127,230,-39,250,-39" /><INIT seed="1,1,0,3,4,97" ten="211,387,191,211" oya="1" hai0="53,38,23,47,25,34,52,10,130,65,118,134,32" hai1="86,66,79,103,58,121,99,128,84,28,68,95,113" hai2="127,91,110,26,59,41,9,49,5,114,87,117,13" hai3="56,4,57,21,132,11,35,102,75,61,89,22,2"/><U111/><E113/><V18/><F117/><W60/><G75/><T129/><D118/><U115/><E121/><V104/><F110/><W46/><G35/><T27/><D65/><U1/><E1/><V93/><F104/><W30/><G132/><T63/><D134/><U51/><E115/><V122/><F127/><W14/><G2/><T67/><D10/><U72/><E72/><V64/><F122/><W17/><G30/><N who="0" m="19551" /><D34/><U107/><E111/><V44/><F114/><W123/><G123/><T135/><D47/><U92/><E128/><N who="0" m="49257" /><D38/><U76/><E28/><V112/><F112/><W29/><G29/><N who="0" m="17599" /><D135/><U108/><E108/><V8/><F26/><N who="3" m="14639" /><G22/><T20/><D20/><U124/><E68/><AGARI ba="1,0" hai="52,53,63,67,68" m="17599,49257,19551" machi="68" ten="30,2000,0" yaku="19,1,54,1" doraHai="97" who="0" fromWho="1" sc="211,23,387,-23,191,0,211,0" /><INIT seed="2,0,0,2,0,97" ten="234,364,191,211" oya="2" hai0="11,126,87,104,39,116,79,122,55,99,23,70,61" hai1="13,26,106,19,63,4,43,71,74,0,84,50,102" hai2="1,112,29,88,34,135,51,3,22,114,98,62,119" hai3="68,10,125,124,128,32,37,95,30,80,111,129,83"/><V46/><F34/><W31/><G37/><T130/><D39/><U73/><E0/><V107/><F119/><W91/><G68/><T17/><D122/><U8/><E84/><V57/><F135/><W14/><G32/><T82/><D116/><U110/><E110/><V16/><F3/><W47/><G47/><T96/><D130/><N who="3" m="50281" /><G111/><T64/><D126/><N who="3" m="48745" /><G31/><T48/><D11/><U127/><E127/><V42/><F1/><W20/><G30/><T36/><D36/><U9/><E26/><N who="2" m="14663" /><F107/><W94/><G20/><T54/><D104/><U75/><E63/><V113/><F113/><W38/><G38/><T105/><D105/><U24/><E24/><V117/><F117/><W72/><G72/><T56/><D55/><U12/><E71/><V132/><F132/><W89/><G14/><AGARI ba="0,0" hai="14,17,23,48,54,56,61,64,70,79,82,87,96,99" machi="14" ten="30,1000,0" yaku="7,1" doraHai="97" who="0" fromWho="3" sc="234,10,364,0,191,0,211,-10" /><INIT seed="3,0,0,1,3,109" ten="244,364,191,201" oya="3" hai0="27,133,111,17,94,54,14,128,85,83,50,41,8" hai1="90,130,88,61,59,47,25,107,40,93,110,114,49" hai2="73,58,43,5,3,53,1,56,84,80,7,119,87" hai3="39,126,38,100,81,96,101,48,67,60,134,118,99"/><W31/><G118/><T13/><D111/><U21/><E110/><V23/><F119/><W62/><G134/><T75/><D75/><U36/><E107/><V45/><F73/><W52/><G126/><T70/><D70/><U30/><E130/><V24/><F1/><W44/><G31/><T123/><D123/><U28/><E114/><V120/><F120/><W124/><G124/><T69/><D69/><U92/><E36/><V78/><F87/><W9/><G9/><T91/><D128/><U15/><E15/><V117/><F117/><W105/><G81/><T129/><D129/><U121/><E121/><V10/><F53/><W104/><G62/><T82/><D41/><U103/><E103/><V12/><F7/><W98/><REACH who="3" step="1"/><G98/><REACH who="3" ten="244,364,191,191" step="2"/><T112/><D133/><U116/><E30/><V19/><REACH who="2" step="1"/><F3/><REACH who="2" ten="244,364,181,191" step="2"/><W127/><G127/><T76/><D83/><U4/><E116/><V2/><F2/><W11/><G11/><T51/><D8/><U46/><E4/><V29/><F29/><W63/><G63/><T34/><D82/><U113/><E61/><V108/><F108/><W79/><G79/><T65/><D76/><U132/><E132/><V35/><F35/><W16/><G16/><T131/><D17/><U32/><E32/><V72/><F72/><W125/><G125/><T6/><D34/><U20/><E28/><V74/><F74/><W122/><G122/><T106/><D6/><U115/><E21/><V33/><F33/><W42/><G42/><T97/><D97/><U66/><E40/><V64/><F64/><W0/><G0/><T68/><D65/><RYUUKYOKU ba="0,2" sc="244,-15,364,-15,181,15,191,15" hai2="5,10,12,19,23,24,43,45,56,58,78,80,84" hai3="38,39,44,48,52,60,67,96,99,100,101,104,105" /><INIT seed="3,1,2,5,5,20" ten="229,349,196,206" oya="3" hai0="68,82,96,120,63,24,48,133,45,73,36,32,64" hai1="59,129,1,38,51,28,91,18,26,67,27,55,95" hai2="89,30,109,29,75,108,103,57,21,110,10,50,94" hai3="131,124,5,12,37,87,81,25,121,126,78,122,56"/><W70/><G37/><T112/><D36/><U119/><E38/><V62/><F75/><W65/><G70/><T84/><D73/><U39/><E39/><V19/><F103/><W69/><G69/><T7/><D120/><U135/><E1/><V72/><F50/><W9/><G131/><T3/><D3/><U98/><E129/><V43/><F43/><W17/><G65/><T47/><D7/><U46/><E135/><V130/><F10/><W116/><G116/><T76/><D133/><U125/><E125/><N who="3" m="48234" /><G56/><T14/><D112/><U61/><E119/><V127/><F72/><W90/><G78/><T34/><D14/><U23/><E27/><N who="2" m="14783" /><F130/><W80/><G80/><T83/><D82/><U93/><E93/><V60/><F127/><W49/><G49/><T41/><D45/><U106/><E106/><V16/><F16/><AGARI ba="1,2" hai="16,18,23,26,28,46,51,55,59,61,67,91,95,98" machi="16" ten="40,5200,0" yaku="8,1,52,1,54,1" doraHai="20" who="1" fromWho="2" sc="229,0,349,75,196,-55,206,0" owari="229,3.0,424,52.0,141,-36.0,206,-19.0" /></mjloggm>