<mjloggm ver="2.3"><GO type="169" lobby="0"/><UN n0="%E3%82%A6%E3%83%AB%E3%83%88%E3%83%A9%E7%AB%8B%E7%9B%B4" n1="%4D%69%74%75%69" n2="%E5%A4%A9%E5%B2%A9%E6%88%B8" n3="%E3%81%A9%E3%81%B0%E3%81%A8%E3%81%A1%E3%82%83%E3%82%93" dan="17,16,16,17" rate="2190.83,2088.29,2082.72,2131.59" sx="M,M,F,F"/><TAIKYOKU oya="0"/><INIT seed="0,0,0,5,4,68" ten="250,250,250,250" oya="0" hai0="59,5,4,53,6,36,31,22,21,127,28,40,54" hai1="124,64,76,123,100,39,26,98,121,119,60,89,82" hai2="20,91,110,92,81,70,125,83,56,109,49,34,107" hai3="75,51,19,122,62,30,18,14,93,126,42,48,131"/><T99/><D127/><U13/><E119/><V35/><F70/><W66/><G75/><T43/><D99/><U33/><E124/><V129/><F107/><W134/><G126/><T55/><D59/><U47/><E13/><V12/><F125/><W74/><G74/><T71/><D71/><N who="1" m="42375" /><E89/><V25/><F129/><W133/><G122/><T17/><D17/><U0/><E82/><V65/><F83/><W135/><G131/><T72/><D72/><U118/><E76/><V103/><F103/><W105/><G105/><T130/><D130/><U32/><E0/><V85/><F81/><W77/><G77/><T78/><D78/><U95/><E95/><V113/><F12/><W37/><G30/><N who="0" m="11307" /><D36/><U115/><E26/><V9/><F9/><N who="3" m="6479" /><G19/><T61/><D61/><U15/><E15/><V120/><F35/><N who="1" m="13385" /><E118/><V104/><F34/><W10/><G10/><T79/><D79/><U106/><E115/><V84/><F120/><N who="1" m="46153" /><E47/><V63/><F113/><W44/><G93/><T27/><D27/><U8/><E8/><V111/><F25/><W23/><G23/><AGARI ba="0,0" hai="4,5,6,21,22,23,40,43,53,54,55" m="11307" machi="23" ten="40,7700,0" yaku="28,2,8,1" doraHai="68" who="0" fromWho="3" sc="250,77,250,0,250,0,250,-77" /><INIT seed="0,1,0,2,4,9" ten="327,250,250,173" oya="0" hai0="76,64,81,13,11,116,119,92,112,134,47,63,15" hai1="23,125,74,4,89,36,67,21,58,132,10,32,118" hai2="84,79,101,115,41,2,37,22,33,88,91,72,73" hai3="100,57,94,130,114,117,16,127,5,65,6,38,18"/><T35/><D35/><U108/><E32/><V52/><F33/><W3/><G114/><T30/><D112/><U17/><E118/><V66/><F115/><W51/><G117/><T29/><D134/><U31/><E36/><V20/><F66/><W24/><G38/><T113/><D113/><U95/><E74/><V68/><F68/><W46/><G127/><T48/><D92/><U7/><E108/><V70/><F70/><W83/><G83/><T99/><D99/><U1/><E125/><V59/><F2/><W19/><G24/><T123/><D123/><U111/><E132/><V61/><F101/><W103/><G3/><T43/><D116/><U135/><E111/><V71/><F71/><W62/><G130/><T56/><D119/><U75/><E75/><V109/><F109/><W39/><G39/><T42/><D42/><U106/><E106/><V28/><F91/><W25/><G25/><T27/><D27/><N who="1" m="16895" /><E1/><V54/><F28/><N who="0" m="10858" /><D11/><U121/><E10/><V40/><F72/><W45/><G45/><T87/><AGARI ba="1,0" hai="13,15,43,47,48,56,63,64,76,81,87" m="10858" machi="87" ten="30,6000,0" yaku="8,1,52,2" doraHai="9" who="0" fromWho="0" sc="327,63,250,-21,250,-21,173,-21" /><INIT seed="0,2,0,4,4,34" ten="390,229,229,152" oya="0" hai0="91,40,84,63,9,127,15,73,52,113,109,75,16" hai1="27,6,45,102,62,77,24,117,80,118,67,23,107" hai2="103,61,81,11,57,58,79,110,124,46,86,19,17" hai3="83,96,101,133,21,26,69,43,131,36,5,125,114"/><T47/><D127/><U7/><E107/><V38/><F124/><W12/><G125/><T14/><D113/><U53/><E102/><V115/><F115/><W76/><G69/><T66/><D15/><U70/><E27/><V93/><F110/><W100/><G114/><T1/><D1/><U29/><E53/><V35/><F35/><W51/><G36/><T89/><D91/><U106/><E106/><V135/><F135/><W2/><G131/><T134/><D134/><U111/><E45/><V87/><F57/><W25/><G2/><T60/><D60/><U99/><E99/><N who="2" m="59887" /><F38/><W28/><G25/><T119/><D119/><U3/><E111/><V68/><F68/><W54/><G43/><T128/><D128/><U122/><E122/><V4/><F46/><W56/><G133/><T50/><D40/><U0/><E7/><V74/><F74/><W108/><G108/><T121/><D121/><U48/><E48/><V105/><F105/><W129/><G96/><T30/><D30/><U92/><E92/><V18/><F87/><N who="3" m="48615" /><G129/><T104/><D104/><U132/><E132/><V120/><F120/><W85/><G85/><T32/><D32/><N who="1" m="20519" /><E6/><V126/><F126/><W72/><G72/><T71/><D109/><U65/><E23/><V49/><F4/><W123/><G123/><T37/><D37/><U97/><E67/><N who="2" m="39351" /><F49/><W82/><G82/><AGARI ba="2,0" hai="9,14,16,47,50,52,63,66,71,73,75,82,84,89" machi="82" ten="30,12000,1" yaku="7,1,25,2,54,2" doraHai="34" who="0" fromWho="3" sc="390,126,229,0,229,0,152,-126" /><INIT seed="0,3,0,2,3,107" ten="516,229,229,26" oya="0" hai0="5,70,77,6,109,113,134,38,112,79,4,0,94" hai1="64,127,57,37,35,26,56,39,76,87,129,15,34" hai2="98,90,67,14,59,114,99,45,54,125,66,121,123" hai3="58,47,46,126,9,25,40,115,104,8,102,128,118"/><T31/><D38/><U23/><E15/><V36/><F114/><W32/><G115/><T53/><D70/><U16/><E129/><V132/><F14/><W116/><G128/><T96/><D0/><U11/><E11/><V63/><F99/><W65/><G46/><T93/><D134/><U27/><E127/><V110/><F125/><W28/><G126/><T82/><D109/><U133/><E133/><V41/><F132/><W20/><G32/><T52/><D31/><U43/><E27/><V130/><F130/><W78/><G78/><T61/><D79/><U24/><E26/><V88/><F110/><W74/><G74/><T71/><D71/><U100/><E100/><V91/><REACH who="2" step="1"/><F98/><REACH who="2" ten="516,229,219,26" step="2"/><N who="3" m="61527" /><G118/><T42/><D96/><U75/><E35/><V101/><F101/><W86/><G116/><T124/><D124/><U3/><E34/><V111/><F111/><W80/><G8/><T44/><D113/><U17/><E3/><V68/><F68/><W62/><G9/><T50/><D112/><U30/><E64/><AGARI ba="3,1" hai="36,41,45,54,59,63,64,66,67,88,90,91,121,123" machi="64" ten="40,2600,0" yaku="1,1,54,1,53,0" doraHai="107" doraHaiUra="95" who="2" fromWho="1" sc="516,0,229,-35,219,45,26,0" /><INIT seed="1,0,0,4,5,120" ten="516,194,264,26" oya="1" hai0="23,71,18,94,5,3,106,61,51,98,109,41,115" hai1="44,63,130,75,40,6,21,104,32,110,114,66,101" hai2="127,11,88,122,47,68,100,74,9,48,73,42,2" hai3="7,116,24,93,77,133,12,78,117,58,95,45,31"/><U25/><E114/><V72/><F122/><W65/><G133/><T128/><D109/><U8/><E21/><V118/><F118/><N who="3" m="45675" /><G45/><T57/><D106/><U99/><E130/><V13/><F68/><W17/><G7/><T102/><D71/><N who="1" m="42463" /><E110/><V26/><F100/><W56/><G12/><T121/><D121/><U82/><E8/><V97/><F26/><W53/><G65/><T83/><D3/><U103/><E101/><V50/><F2/><W27/><G17/><T105/><D105/><U69/><E6/><V79/><F11/><W108/><G108/><T28/><D128/><U70/><E82/><V0/><F0/><W10/><G10/><T49/><D5/><U67/><E67/><V112/><F112/><W29/><G24/><N who="0" m="16415" /><D115/><U92/><E92/><N who="3" m="35402" /><G27/><T85/><D18/><U19/><E75/><V36/><F9/><W119/><N who="3" m="45683" /><W125/><DORA hai="135" /><G125/><T20/><D20/><U86/><E86/><V87/><F127/><W89/><G89/><N who="0" m="51391" /><D41/><U131/><E19/><V52/><F42/><W55/><G29/><T37/><D37/><N who="1" m="21519" /><E131/><V64/><F13/><W113/><G113/><T15/><D15/><U30/><AGARI ba="0,0" hai="25,30,32,69,70,99,103,104" m="21519,42463" machi="30" ten="30,6000,0" yaku="25,1,33,2" doraHai="120,135" who="1" fromWho="1" sc="516,-20,194,60,264,-20,26,-20" /><INIT seed="1,1,0,5,0,116" ten="496,254,244,6" oya="1" hai0="83,31,41,24,82,78,60,16,39,7,101,121,92" hai1="23,44,26,93,120,90,22,118,123,59,28,126,53" hai2="135,50,67,34,112,99,131,122,33,128,19,14,86" hai3="4,35,47,13,74,66,49,20,58,12,10,64,133"/><U8/><E118/><V94/><F135/><W30/><G74/><T9/><D121/><U89/><E126/><V96/><F112/><W5/><G35/><T125/><D41/><U48/><E8/><V108/><F108/><W114/><G114/><T38/><D82/><U69/><E69/><V6/><F6/><N who="3" m="2667" /><G133/><T79/><D78/><U43/><E23/><N who="2" m="11767" /><F122/><W52/><G58/><T32/><D125/><U76/><E76/><V85/><F67/><N who="3" m="25643" /><G10/><T40/><D60/><U105/><E105/><V1/><F1/><W27/><AGARI ba="1,0" hai="12,13,20,27,30,47,49,52" m="25643,2667" machi="27" ten="30,2000,0" yaku="8,1,54,1" doraHai="116" who="3" fromWho="3" sc="496,-6,254,-11,244,-6,6,23" /><INIT seed="2,0,0,0,5,58" ten="490,243,238,29" oya="2" hai0="108,62,18,69,35,15,57,92,8,87,105,55,133" hai1="13,16,17,129,116,45,53,10,127,67,5,9,106" hai2="122,82,1,88,72,0,102,46,22,21,47,49,100" hai3="76,44,132,98,119,118,40,109,120,95,23,39,101"/><V104/><F122/><W81/><G120/><T54/><D105/><U26/><E106/><V84/><F72/><W60/><G109/><T56/><D35/><U30/><E67/><V135/><F135/><W61/><G132/><T134/><D69/><U107/><E107/><V28/><F104/><W130/><G130/><T126/><D108/><U124/><E116/><V51/><F0/><W4/><G4/><T110/><D110/><U6/><E45/><N who="2" m="16907" /><F1/><W19/><G119/><T93/><D126/><N who="1" m="48171" /><E53/><V66/><F66/><W68/><G68/><T79/><D133/><U111/><E129/><V86/><F86/><W12/><REACH who="3" step="1"/><G118/><REACH who="3" ten="490,243,238,19" step="2"/><T91/><D134/><U131/><E131/><V85/><F28/><W121/><G121/><T3/><D3/><N who="1" m="191" /><E111/><V112/><F112/><W24/><G24/><T50/><D79/><U97/><E97/><V78/><F78/><W71/><G71/><T99/><D99/><U41/><E41/><V80/><F85/><AGARI ba="0,1" hai="12,19,23,39,40,44,60,61,76,81,85,95,98,101" machi="85" ten="30,8000,1" yaku="1,1,7,1,52,2,53,1" doraHai="58" doraHaiUra="89" who="3" fromWho="2" sc="490,0,243,0,238,-80,19,90" /><INIT seed="3,0,0,0,0,21" ten="490,243,158,109" oya="3" hai0="15,7,40,122,52,119,17,36,103,60,71,24,27" hai1="4,85,73,110,86,31,8,63,98,41,34,67,45" hai2="38,128,127,53,42,26,44,35,30,107,37,14,3" hai3="64,75,87,9,76,48,57,113,109,88,125,82,105"/><W19/><G113/><T43/><D36/><U135/><E73/><V129/><F3/><W58/><G125/><T66/><D122/><U115/><E115/><V70/><F107/><W13/><G105/><T89/><D103/><U55/><E55/><V96/><F127/><W11/><G109/><T97/><D7/><U84/><E110/><V72/><F72/><W116/><G116/><T65/><D71/><U69/><E135/><V25/><F70/><W133/><G133/><T94/><D119/><U28/><E98/><V18/><F96/><W1/><G64/><N who="0" m="24683" /><D43/><U101/><E101/><V83/><F83/><W51/><G1/><T131/><D40/><U0/><REACH who="1" step="1"/><E34/><REACH who="1" ten="490,233,158,109" step="2"/><V108/><F53/><W132/><G132/><T54/><D54/><U134/><E134/><V100/><F100/><W12/><G57/><N who="0" m="34855" /><D131/><N who="2" m="50250" /><F108/><W120/><G58/><T33/><D33/><U50/><AGARI ba="0,1" hai="0,4,8,28,31,41,45,50,63,67,69,84,85,86" machi="50" ten="30,4000,0" yaku="1,1,0,1,53,1" doraHai="21" doraHaiUra="32" who="1" fromWho="1" sc="490,-10,233,50,158,-10,109,-20" /><INIT seed="4,0,0,0,4,63" ten="480,283,148,89" oya="0" hai0="30,65,19,121,45,0,69,76,12,103,52,126,37" hai1="81,123,86,15,96,73,117,62,38,120,54,131,68" hai2="41,100,31,35,14,130,50,113,58,94,134,132,3" hai3="118,43,83,34,119,80,5,22,79,110,7,61,20"/><T95/><D0/><U114/><E38/><V87/><F3/><W101/><G34/><T47/><D121/><U93/><E117/><V25/><F113/><W13/><G110/><T82/><D30/><U2/><E2/><V42/><F130/><W109/><G109/><T17/><D17/><U78/><E131/><V36/><F36/><W59/><G43/><T129/><D129/><U92/><E114/><V4/><F4/><W105/><G105/><T40/><D95/><U9/><E73/><V135/><F14/><W125/><G101/><T46/><D103/><U116/><E92/><V33/><F33/><W24/><G125/><T56/><D126/><U23/><E23/><N who="3" m="8746" /><G24/><T11/><D82/><N who="3" m="31273" /><G79/><T64/><D76/><U8/><E8/><V53/><REACH who="2" step="1"/><F87/><REACH who="2" ten="480,283,138,89" step="2"/><W28/><G5/><T16/><D37/><U55/><E116/><V32/><F32/><W26/><G118/><T88/><D12/><U74/><E86/><V6/><F6/><W1/><G1/><T29/><D11/><U127/><E127/><V75/><F75/><W112/><G119/><T18/><D40/><U67/><E120/><V39/><F39/><W98/><G112/><T115/><D115/><U84/><E74/><V90/><F90/><W124/><G124/><T122/><D88/><U77/><E77/><V133/><N who="2" m="34304" /><DORA hai="10" /><V71/><F71/><W49/><G7/><T106/><D69/><U128/><E128/><V97/><AGARI ba="0,1" hai="25,31,35,41,42,50,53,58,94,97,100" m="34304" machi="97" ten="60,7900,0" yaku="1,1,0,1,20,1,53,0" doraHai="63,10" doraHaiUra="107,70" who="2" fromWho="2" sc="480,-39,283,-20,138,89,89,-20" /><INIT seed="5,0,0,2,2,5" ten="441,263,227,69" oya="1" hai0="41,20,89,75,73,8,101,72,96,18,111,6,118" hai1="80,133,48,24,74,67,68,40,29,104,12,79,7" hai2="121,82,135,52,50,98,37,26,23,132,65,93,112" hai3="100,70,1,61,123,87,86,81,57,113,55,95,4"/><U14/><E133/><N who="2" m="51275" /><F37/><W91/><G123/><T44/><D89/><U94/><E104/><V9/><F121/><W66/><G113/><T131/><D118/><U38/><E38/><V47/><F82/><W134/><G134/><T99/><D111/><U33/><E94/><V22/><F112/><W88/><G100/><T69/><D69/><U59/><E68/><V114/><F114/><W119/><G119/><T19/><D99/><U51/><E40/><V0/><F65/><W15/><G1/><T97/><D97/><U122/><E122/><V13/><F26/><W76/><G76/><T49/><D131/><U56/><E12/><V90/><F0/><W21/><G21/><T127/><D127/><U77/><E79/><V11/><F11/><N who="3" m="4583" /><G70/><T27/><D19/><AGARI ba="0,0" hai="9,13,19,22,23,47,50,52,90,93,98" m="51275" machi="19" ten="30,3900,0" yaku="20,1,52,1,54,1" doraHai="5" who="2" fromWho="0" sc="441,-39,263,0,227,39,69,0" /><INIT seed="6,0,0,4,3,121" ten="402,263,266,69" oya="2" hai0="73,107,83,69,55,11,122,91,112,106,71,29,49" hai1="104,32,132,26,90,101,19,35,78,10,39,108,116" hai2="15,128,110,79,93,98,37,81,85,51,1,2,14" hai3="74,3,131,52,31,20,33,53,62,46,57,64,100"/><V34/><F37/><W13/><G3/><T89/><D106/><U87/><E116/><V125/><F34/><W16/><G131/><T94/><D107/><U67/><E39/><V77/><F77/><W42/><G74/><T21/><D122/><U105/><E132/><V17/><F128/><W38/><REACH who="3" step="1"/><G100/><REACH who="3" ten="402,263,266,59" step="2"/><T97/><D73/><U70/><E101/><V92/><F2/><W134/><G134/><T123/><D123/><U95/><E105/><V133/><F1/><W59/><G59/><T5/><D71/><U43/><E104/><V84/><F133/><W129/><G129/><T86/><D69/><U65/><E70/><V61/><F125/><W135/><G135/><T6/><D112/><U40/><E35/><V103/><F103/><W25/><AGARI ba="0,1" hai="13,16,20,25,31,33,38,42,46,52,53,57,62,64" machi="25" ten="30,7900,0" yaku="1,1,0,1,54,2,53,0" doraHai="121" doraHaiUra="115" who="3" fromWho="3" sc="402,-20,263,-20,266,-39,59,89" /><INIT seed="7,0,0,1,1,0" ten="382,243,227,148" oya="3" hai0="125,85,37,16,54,127,22,28,113,61,40,95,78" hai1="103,5,73,98,75,18,70,108,45,29,121,9,111" hai2="12,83,56,20,42,86,59,100,135,89,63,94,30" hai3="24,27,46,38,55,132,58,91,118,17,116,129,32"/><W110/><G129/><T41/><D28/><U36/><E18/><N who="2" m="10311" /><F135/><W4/><G132/><T134/><D113/><U105/><E121/><V53/><F30/><W69/><G69/><T92/><D92/><U79/><E70/><V50/><F100/><W47/><G110/><T21/><D21/><U7/><E29/><V14/><F14/><W25/><G32/><T64/><D54/><U68/><E68/><V99/><F42/><W82/><G17/><T102/><D37/><U2/><E7/><V114/><F114/><W117/><G38/><T112/><D112/><U90/><E90/><N who="2" m="55767" /><F59/><W107/><G107/><T39/><D39/><U33/><E33/><V109/><F109/><N who="1" m="42057" /><E79/><V60/><AGARI ba="0,0" hai="50,53,56,60,63,83,86,89" m="55767,10311" machi="60" ten="30,1100,0" yaku="8,1" doraHai="0" who="2" fromWho="2" sc="382,-3,243,-3,227,11,148,-5" owari="379,48.0,240,4.0,238,-16.0,143,-36.0" /></mjloggm>