<mjloggm ver="2.3"><GO type="97" lobby="0"/><UN n0="%E3%81%BF%E3%81%AE%E3%81%9B" n1="%4C%61%77%6C%69%65%74" n2="%43%68%72%6F%6D%69%75%6D" n3="%E3%82%A6%E3%83%AB%E3%83%88%E3%83%A9%E7%AB%8B%E7%9B%B4" dan="15,15,14,13" rate="2040.99,2073.26,1894.50,1889.39" sx="M,M,M,M"/><TAIKYOKU oya="0"/><INIT seed="0,0,0,4,4,122" ten="250,250,250,250" oya="0" hai0="29,13,79,110,97,1,113,26,62,21,38,4,16" hai1="115,39,11,107,17,0,63,135,51,124,114,126,129" hai2="49,123,12,53,77,68,41,57,82,93,96,91,52" hai3="44,32,36,130,35,15,31,47,43,78,14,22,2"/><T33/><D113/><N who="1" m="43019" /><E39/><V50/><F123/><W45/><G2/><T40/><D62/><U66/><E107/><V94/><F68/><W5/><G130/><T61/><D79/><U65/><E129/><V119/><F119/><W111/><G43/><T54/><D97/><U104/><E104/><V25/><F41/><W3/><G36/><T133/><D133/><U75/><E75/><V67/><F67/><N who="1" m="25609" /><E63/><V120/><F120/><W8/><G78/><T95/><D95/><U46/><E135/><V103/><F25/><N who="3" m="18543" /><G35/><T19/><D19/><U98/><E98/><N who="2" m="57663" /><F12/><W70/><G70/><T20/><D20/><U92/><E92/><V109/><F109/><W132/><G132/><T73/><D73/><U112/><N who="1" m="43027" /><U74/><DORA hai="71" /><E74/><V42/><F42/><W89/><G89/><T69/><D40/><N who="1" m="25031" /><E17/><V105/><F105/><W30/><G30/><T55/><D38/><U101/><E101/><V85/><F53/><W60/><G60/><AGARI ba="0,0" hai="49,50,52,57,60,77,82,85,94,96,103" m="57663" machi="60" ten="30,2000,0" yaku="8,1,54,1" doraHai="122,71" who="2" fromWho="3" sc="250,0,250,0,250,20,250,-20" /><INIT seed="1,0,0,5,2,64" ten="250,250,270,230" oya="1" hai0="93,86,32,110,106,39,19,45,125,34,44,119,60" hai1="88,95,28,115,134,87,47,111,118,98,24,73,42" hai2="48,54,90,75,116,43,78,17,40,2,55,6,129" hai3="59,105,8,74,0,126,79,20,23,18,53,1,121"/><U124/><E115/><V46/><F116/><W94/><G105/><T122/><D119/><U107/><E118/><V31/><F129/><W49/><G121/><T21/><D106/><U38/><E124/><V89/><F31/><W61/><G126/><T82/><D125/><U57/><E134/><V109/><F109/><W13/><G79/><T27/><D110/><U33/><E111/><V91/><F2/><W69/><G74/><T56/><D122/><U130/><E73/><V131/><F131/><W103/><G103/><T104/><D104/><U15/><E130/><V26/><F6/><W114/><G114/><T68/><D93/><U99/><E107/><V84/><F75/><W29/><G94/><T112/><D112/><U16/><REACH who="1" step="1"/><E57/><REACH who="1" ten="250,240,270,230" step="2"/><V77/><F43/><W66/><G29/><T83/><D56/><U5/><E5/><V117/><F117/><W101/><G1/><T80/><D34/><U3/><E3/><V132/><F132/><W62/><G0/><T25/><D32/><U113/><E113/><V11/><F40/><W14/><G59/><T22/><D80/><U67/><E67/><V7/><F7/><W76/><G66/><T102/><D83/><U135/><E135/><V41/><F41/><W58/><G58/><T128/><D82/><U51/><E51/><V96/><F48/><W81/><G49/><T9/><D128/><U50/><E50/><V100/><F46/><W72/><G81/><T108/><D44/><U10/><AGARI ba="0,1" hai="10,15,16,24,28,33,38,42,47,87,88,95,98,99" machi="10" ten="20,12000,1" yaku="1,1,0,1,7,1,54,2,53,0" doraHai="64" doraHaiUra="63" who="1" fromWho="1" sc="250,-40,240,130,270,-40,230,-40" /><INIT seed="1,1,0,2,5,26" ten="210,370,230,190" oya="1" hai0="133,70,109,69,90,1,77,48,21,114,39,15,30" hai1="13,92,46,83,51,16,67,0,28,88,123,94,115" hai2="31,9,125,63,22,110,41,10,12,44,56,65,87" hai3="132,85,42,2,37,18,84,86,101,47,61,32,82"/><U98/><E115/><V50/><F110/><W113/><G113/><T29/><D114/><U60/><E123/><V99/><F125/><W74/><G132/><T89/><D39/><U106/><E0/><V111/><F111/><W105/><G105/><T80/><D1/><U36/><E36/><V91/><F99/><W131/><G101/><T19/><D109/><U119/><E119/><V64/><F64/><W33/><G131/><T76/><D133/><U79/><E106/><V126/><F126/><W8/><G61/><T127/><D127/><U7/><E7/><V97/><F97/><W66/><G66/><T118/><D118/><U23/><E94/><V5/><F5/><N who="3" m="1079" /><G18/><T14/><D70/><U107/><E107/><V71/><F71/><W58/><G58/><T95/><D69/><U129/><E129/><V38/><F38/><W75/><G75/><T59/><D15/><U120/><E120/><V54/><F65/><W93/><G93/><T40/><D89/><U45/><E60/><V124/><F124/><W62/><G62/><T128/><D128/><U68/><E67/><V96/><F96/><W134/><G134/><T73/><D76/><AGARI ba="1,0" hai="32,33,37,42,47,74,76,82,84,85,86" m="1079" machi="76" ten="30,1000,0" yaku="25,1" doraHai="26" who="3" fromWho="0" sc="210,-13,370,0,230,0,190,13" /><INIT seed="2,0,0,1,3,83" ten="197,370,230,203" oya="2" hai0="29,128,10,121,52,126,92,40,45,120,78,123,49" hai1="28,54,96,75,38,134,115,69,86,16,124,61,30" hai2="119,77,12,107,20,64,26,8,66,110,131,113,112" hai3="103,6,72,98,44,76,31,117,93,109,3,91,50"/><V89/><F119/><W53/><G117/><T71/><D71/><U111/><E75/><V94/><F107/><W21/><G109/><T56/><D126/><U25/><E124/><V95/><F110/><W2/><G6/><T34/><D128/><U63/><E111/><V133/><F131/><W135/><G135/><T17/><D78/><U4/><E38/><V81/><F133/><W84/><G21/><T23/><D10/><U97/><E134/><V14/><F113/><W82/><REACH who="3" step="1"/><G31/><REACH who="3" ten="197,370,230,193" step="2"/><T122/><D29/><U132/><E4/><V27/><F112/><W19/><G19/><T79/><D23/><U41/><E132/><V11/><F20/><W106/><AGARI ba="0,1" hai="2,3,44,50,53,72,76,82,84,91,93,98,103,106" machi="106" ten="20,12000,2" yaku="1,1,0,1,7,1,24,2,52,1,53,1" doraHai="83" doraHaiUra="87" who="3" fromWho="3" sc="197,-30,370,-30,230,-60,193,130" /><INIT seed="3,0,0,0,5,83" ten="167,340,170,323" oya="3" hai0="88,119,43,103,58,8,5,14,110,82,3,98,73" hai1="112,129,90,134,101,99,63,118,93,127,133,81,120" hai2="28,77,6,113,123,34,95,22,69,65,78,24,52" hai3="105,76,135,60,17,114,56,100,9,40,66,125,41"/><W86/><G114/><T48/><D119/><U7/><E112/><V67/><F113/><W29/><G125/><T130/><D110/><U25/><E120/><V79/><F123/><W75/><G75/><T46/><D130/><U122/><E122/><V13/><F69/><W108/><G108/><T94/><D58/><U26/><E127/><V89/><F52/><W126/><G126/><T121/><D121/><U36/><E129/><V31/><F31/><W42/><G135/><N who="1" m="51722" /><E36/><V16/><REACH who="2" step="1"/><F6/><REACH who="2" ten="167,340,160,323" step="2"/><W128/><G29/><T18/><D73/><U0/><E7/><V70/><F70/><W91/><G128/><T84/><D3/><U71/><E0/><V32/><F32/><W54/><G54/><T80/><D5/><U50/><E71/><V51/><F51/><W38/><G38/><T97/><D97/><AGARI ba="0,1" hai="13,16,22,24,28,34,65,67,77,78,79,89,95,97" machi="97" ten="40,2600,0" yaku="1,1,54,1,53,0" doraHai="83" doraHaiUra="49" who="2" fromWho="0" sc="167,-26,340,0,160,36,323,0" owari="141,-36.0,340,44.0,196,-20.0,323,12.0" /></mjloggm>