<mjloggm ver="2.3"><GO type="97" lobby="0"/><UN n0="%6B%61%6E%74%75%75" n1="%E5%B2%A1%CF%80" n2="%E3%82%A6%E3%83%AB%E3%83%88%E3%83%A9%E7%AB%8B%E7%9B%B4" n3="%E8%B6%85%E7%B4%99" dan="15,14,14,14" rate="2054.79,1916.58,1929.25,1924.07" sx="M,F,M,M"/><TAIKYOKU oya="0"/><INIT seed="0,0,0,0,3,43" ten="250,250,250,250" oya="0" hai0="100,76,18,11,130,108,113,121,7,133,68,42,47" hai1="36,110,53,50,119,3,111,5,63,54,9,45,112" hai2="105,94,51,10,40,1,124,16,72,92,2,6,75" hai3="91,37,31,78,60,35,126,128,82,62,73,93,135"/><T67/><D121/><U123/><E123/><V69/><F105/><W87/><G128/><T95/><D113/><U44/><E119/><V96/><F69/><W118/><G37/><N who="0" m="21967" /><D18/><U32/><E32/><V34/><F34/><W83/><G118/><T101/><D95/><U57/><REACH who="1" step="1"/><E112/><REACH who="1" ten="250,240,250,250" step="2"/><V52/><F124/><W117/><G126/><T23/><D130/><U58/><E58/><V14/><F72/><W19/><G117/><T115/><D115/><U12/><E12/><V103/><F75/><W49/><G35/><T116/><D116/><U80/><E80/><V38/><F2/><W104/><G83/><T79/><D68/><U125/><E125/><V88/><F1/><W30/><G82/><T29/><D133/><U46/><E46/><N who="2" m="27767" /><F38/><W127/><G127/><T25/><D25/><U132/><E132/><V15/><F15/><W24/><G135/><T114/><D114/><U13/><E13/><V99/><F40/><AGARI ba="0,1" hai="3,5,9,36,40,44,45,50,53,54,57,63,110,111" machi="40" ten="40,5200,0" yaku="1,1,52,2,53,0" doraHai="43" doraHaiUra="28" who="1" fromWho="2" sc="250,0,240,62,250,-52,250,0" /><INIT seed="1,0,0,3,0,54" ten="250,302,198,250" oya="1" hai0="101,107,77,131,84,76,10,52,3,70,21,5,115" hai1="59,66,89,112,1,100,92,15,12,28,124,47,123" hai2="38,114,60,65,9,0,8,29,67,104,102,42,99" hai3="6,88,63,36,94,87,126,26,80,93,25,97,120"/><U110/><E123/><V68/><F114/><W30/><G36/><T116/><D115/><U51/><E112/><V127/><F127/><W78/><G126/><T129/><D116/><U96/><E124/><V17/><F65/><W86/><G120/><T35/><D35/><U2/><E110/><V95/><F95/><W113/><G113/><T91/><D70/><U75/><E75/><V83/><F83/><W130/><G130/><N who="0" m="49675" /><D21/><U43/><E28/><V62/><F62/><W13/><G30/><T41/><D41/><U103/><E1/><V109/><F109/><W20/><G63/><T49/><D101/><N who="1" m="38987" /><E2/><V122/><F122/><W117/><G117/><T34/><D107/><U81/><E81/><V50/><F50/><W72/><G72/><T55/><D34/><U27/><E27/><V64/><F64/><W58/><G58/><N who="0" m="33039" /><D55/><U19/><E19/><V24/><F17/><N who="3" m="10287" /><G6/><T132/><D132/><U71/><E71/><V134/><F134/><W32/><G32/><T23/><D23/><U82/><E82/><AGARI ba="0,0" hai="3,5,10,76,77,82,84,91" m="33039,49675" machi="82" ten="30,3900,0" yaku="19,1,52,1,54,1" doraHai="54" who="0" fromWho="1" sc="250,39,302,-39,198,0,250,0" /><INIT seed="2,0,0,2,2,129" ten="289,263,198,250" oya="2" hai0="99,94,83,77,97,41,124,105,122,59,6,36,2" hai1="109,53,81,29,15,110,61,10,107,121,42,50,13" hai2="120,101,95,17,52,65,67,82,57,12,75,18,118" hai3="127,31,117,32,88,134,84,26,58,19,20,74,115"/><V27/><F120/><W79/><G117/><T55/><D122/><U76/><E121/><V130/><F118/><W8/><G115/><T54/><D105/><U38/><E107/><V37/><F37/><W103/><G103/><T1/><D55/><U23/><E61/><V40/><F40/><W62/><G134/><T133/><D133/><U123/><E123/><V46/><F46/><W87/><G74/><T64/><D64/><N who="2" m="24650" /><F75/><W102/><G102/><T48/><D124/><U9/><E38/><V39/><F39/><W86/><G79/><T113/><D113/><U25/><E42/><V11/><F130/><W71/><G71/><T51/><D36/><U85/><E9/><V80/><F27/><W7/><G127/><T4/><D2/><U116/><E116/><V126/><F18/><W112/><G112/><T89/><D1/><U66/><E66/><V111/><F111/><N who="1" m="42505" /><E10/><V70/><F70/><W114/><G114/><T56/><D41/><U5/><E5/><V45/><F45/><AGARI ba="0,0" hai="13,15,23,25,29,45,50,53,76,81,85" m="42505" machi="45" ten="30,1000,0" yaku="14,1" doraHai="129" who="1" fromWho="2" sc="289,0,263,10,198,-10,250,0" /><INIT seed="3,0,0,2,2,111" ten="289,273,188,250" oya="3" hai0="124,102,59,76,113,122,56,23,88,120,110,129,121" hai1="78,104,112,46,53,97,8,106,33,24,20,42,14" hai2="69,105,94,26,50,31,27,43,2,90,21,127,25" hai3="126,4,109,82,100,117,51,130,133,19,66,116,72"/><W107/><G4/><T48/><D110/><U63/><E33/><V0/><F105/><W7/><G109/><T30/><D124/><U93/><E78/><V38/><F69/><W62/><G126/><T73/><D102/><U11/><E11/><V36/><F127/><W37/><G7/><T68/><D68/><U132/><E132/><V98/><F38/><W16/><G133/><T115/><D129/><U92/><E92/><V89/><F36/><W58/><G130/><T67/><D67/><U103/><E63/><V45/><F2/><W96/><G37/><T3/><D3/><U118/><E118/><V22/><F0/><W55/><G117/><T54/><D88/><U99/><E53/><V29/><F26/><W1/><G116/><T87/><D73/><U5/><E97/><V57/><F57/><W77/><REACH who="3" step="1"/><G1/><REACH who="3" ten="289,273,188,240" step="2"/><T40/><D121/><U39/><E5/><V71/><REACH who="2" step="1"/><F71/><AGARI ba="0,1" hai="16,19,51,55,58,62,66,71,72,77,82,96,100,107" machi="71" ten="30,18000,2" yaku="1,1,2,1,7,1,54,1,53,2" doraHai="111" doraHaiUra="12" who="3" fromWho="2" sc="289,0,273,0,188,-180,240,190" owari="289,9.0,273,-13.0,8,-49.0,430,53.0" /></mjloggm>