<mjloggm ver="2.3"><GO type="97" lobby="0"/><UN n0="%E6%A1%94%E6%A2%97%E5%B1%8B" n1="%49%57%31%31%32%32" n2="%E3%82%A6%E3%83%AB%E3%83%88%E3%83%A9%E7%AB%8B%E7%9B%B4" n3="%31%33%36%30" dan="15,13,13,14" rate="1985.62,1924.86,1866.82,1967.86" sx="F,M,M,M"/><TAIKYOKU oya="0"/><INIT seed="0,0,0,4,5,18" ten="250,250,250,250" oya="0" hai0="78,119,50,35,20,41,1,89,27,63,85,48,88" hai1="57,99,109,59,52,9,68,3,93,17,40,66,13" hai2="37,135,47,60,31,61,123,83,76,122,65,91,19" hai3="11,80,79,72,5,110,96,126,39,43,42,101,98"/><T26/><D119/><U2/><E68/><V73/><F135/><W117/><G117/><T7/><D35/><U95/><E109/><V92/><F31/><W130/><G110/><T105/><D105/><U10/><E40/><V14/><F47/><N who="3" m="24031" /><G43/><T74/><D74/><U128/><E128/><V30/><F30/><W12/><G12/><T75/><D75/><U32/><E32/><V67/><F37/><W116/><G130/><T113/><D113/><U121/><E121/><V55/><F55/><W86/><G86/><T97/><D1/><U127/><E127/><V111/><F111/><W133/><G116/><T124/><D7/><U29/><E29/><V38/><F38/><W58/><G58/><T69/><D124/><U54/><E66/><V106/><F106/><N who="3" m="63783" /><G98/><T112/><D112/><U125/><E125/><V132/><F132/><W4/><G4/><T71/><D71/><U15/><E17/><V64/><F61/><W6/><G6/><T129/><D63/><U77/><E99/><V100/><F60/><W0/><G126/><T44/><D69/><U107/><E77/><V81/><F81/><W45/><G45/><N who="0" m="25647" /><D97/><U114/><E107/><V104/><F104/><W56/><G56/><T28/><D27/><U22/><E114/><V115/><F115/><W21/><G133/><T36/><D36/><U62/><E62/><V24/><F24/><W82/><G82/><N who="0" m="47319" /><D129/><U120/><E120/><V84/><F100/><W33/><G33/><T94/><D94/><U134/><E134/><V46/><F46/><W51/><G51/><T131/><D131/><U16/><E16/><RYUUKYOKU ba="0,0" sc="250,0,250,0,250,0,250,0" hai0="20,26,28,44,50,88,89" hai1="2,3,9,10,13,15,22,52,54,57,59,93,95" hai2="14,19,64,65,67,73,76,83,84,91,92,122,123" hai3="0,5,11,21,72,79,80" /><INIT seed="0,1,0,5,5,47" ten="250,250,250,250" oya="0" hai0="9,100,97,88,36,20,134,11,18,66,104,87,0" hai1="2,51,78,111,26,80,122,13,50,102,76,37,35" hai2="61,101,7,84,119,67,3,32,98,106,71,73,83" hai3="96,5,82,113,21,40,38,109,46,132,41,94,14"/><T28/><D134/><U99/><E122/><V95/><F119/><W57/><G113/><T34/><D36/><U53/><E37/><V25/><F7/><W92/><G132/><T74/><D74/><U69/><E2/><V22/><F3/><W135/><G135/><T86/><D86/><U124/><E124/><V112/><F112/><W65/><G94/><T85/><D85/><U44/><E111/><V60/><F60/><W43/><G82/><T56/><D0/><U10/><E69/><V118/><F118/><W125/><G109/><T39/><D39/><U77/><E35/><V120/><F120/><W55/><G125/><T45/><D45/><N who="1" m="27855" /><E26/><V6/><F6/><W75/><G75/><T24/><D56/><U110/><E110/><V117/><F117/><W23/><G65/><T89/><D66/><U4/><E80/><V48/><F73/><W115/><G115/><T123/><D123/><U130/><E130/><V103/><F103/><W59/><G59/><T64/><D89/><U42/><E102/><V131/><F131/><W129/><G129/><T30/><D64/><U108/><E108/><V8/><F84/><W29/><G29/><T79/><D79/><N who="1" m="20227" /><U114/><DORA hai="58" /><E114/><V107/><F83/><W54/><G54/><T121/><D121/><U105/><E105/><V33/><F106/><W31/><G31/><N who="0" m="11819" /><D34/><U70/><E70/><V62/><F33/><W52/><G38/><T1/><D1/><U27/><E27/><V133/><F32/><W49/><G57/><T17/><D17/><U68/><E68/><N who="2" m="42095" /><F133/><W16/><G16/><N who="0" m="12295" /><D104/><U93/><E93/><RYUUKYOKU ba="1,0" sc="250,-10,250,30,250,-10,250,-10" hai1="4,10,13,42,44,51,99" /><INIT seed="1,2,0,3,1,27" ten="240,280,240,240" oya="1" hai0="108,67,91,102,15,73,39,103,37,56,81,6,71" hai1="47,8,49,83,16,87,129,65,35,41,44,7,114" hai2="10,42,109,18,26,97,51,31,130,77,126,59,32" hai3="57,128,132,0,29,64,104,111,72,5,28,120,131"/><U24/><E114/><V125/><F109/><W13/><G120/><T61/><D108/><U105/><E105/><V134/><F134/><W33/><G72/><T89/><D73/><U113/><E113/><V62/><F130/><N who="3" m="49707" /><G104/><T21/><D71/><U69/><E129/><V135/><F135/><W38/><G38/><T58/><D39/><U60/><E47/><V53/><F77/><W116/><G132/><T36/><D36/><U45/><E45/><V107/><F42/><W4/><G33/><T70/><D37/><U117/><E117/><V12/><F107/><W93/><G116/><T94/><D70/><U115/><E115/><V124/><REACH who="2" step="1"/><F97/><REACH who="2" ten="240,280,230,240" step="2"/><W30/><G111/><T22/><D56/><U34/><E24/><V110/><F110/><W133/><G133/><T76/><D76/><U79/><REACH who="1" step="1"/><E16/><REACH who="1" ten="240,270,230,240" step="2"/><V52/><F52/><W82/><G4/><T63/><D6/><U121/><E121/><V43/><F43/><W78/><G5/><T85/><D67/><U25/><E25/><V68/><F68/><W90/><G64/><T98/><D58/><U9/><E9/><V95/><F95/><W84/><G57/><T123/><D123/><U122/><E122/><V20/><F20/><N who="0" m="7786" /><D15/><AGARI ba="2,2" hai="7,8,15,34,35,41,44,49,60,65,69,79,83,87" machi="15" ten="30,12000,1" yaku="1,1,7,1,25,2,53,1" doraHai="27" doraHaiUra="3" who="1" fromWho="0" sc="240,-126,270,146,230,0,240,0" /><INIT seed="1,3,0,0,0,91" ten="114,416,230,240" oya="1" hai0="56,21,12,96,40,62,30,120,92,3,68,6,90" hai1="71,67,93,15,66,33,113,5,54,107,134,38,61" hai2="34,16,84,97,99,106,125,115,110,1,101,65,126" hai3="14,114,83,128,17,4,49,104,74,109,76,108,41"/><U26/><E113/><V69/><F1/><W89/><G104/><T117/><D117/><U100/><E107/><V60/><F110/><W103/><G103/><T57/><D120/><U87/><E38/><V63/><F115/><W9/><G114/><T39/><D68/><U29/><E134/><V53/><F99/><W85/><G128/><T105/><D105/><U22/><E54/><V50/><F63/><W23/><G74/><T77/><D77/><U37/><E37/><V11/><F84/><W52/><G89/><T25/><D3/><U32/><E67/><V24/><F11/><W78/><G76/><T27/><D39/><U72/><E72/><V112/><F112/><W8/><G8/><T13/><D6/><U116/><E116/><V132/><F132/><W42/><G109/><T118/><D40/><U19/><E5/><V119/><F119/><W51/><G49/><T70/><D70/><U73/><E73/><V127/><F16/><W10/><G10/><T43/><D43/><U20/><E87/><V35/><REACH who="2" step="1"/><F24/><REACH who="2" ten="114,416,220,240" step="2"/><N who="3" m="14447" /><G108/><T94/><D118/><U102/><REACH who="1" step="1"/><E102/><REACH who="1" ten="114,406,220,240" step="2"/><V7/><F7/><W36/><G36/><T80/><D80/><U28/><E28/><V0/><F0/><W2/><G2/><T58/><D62/><U123/><E123/><V88/><F88/><W48/><G48/><T98/><REACH who="0" step="1"/><D27/><REACH who="0" ten="104,406,220,240" step="2"/><U130/><E130/><V18/><F18/><W75/><G75/><T64/><D64/><U47/><E47/><AGARI ba="3,3" hai="34,35,47,50,53,60,65,69,97,101,106,125,126,127" machi="47" ten="40,2600,0" yaku="1,1,18,1,53,0" doraHai="91" doraHaiUra="122" who="2" fromWho="1" sc="104,0,406,-35,220,65,240,0" /><AGARI ba="3,0" hai="4,9,14,41,42,47,51,52,78,83,85" m="14447" machi="47" ten="30,2000,0" yaku="8,1,54,1" doraHai="91" who="3" fromWho="1" sc="104,0,371,-20,285,0,240,20" /><INIT seed="2,0,0,1,2,84" ten="104,351,285,260" oya="2" hai0="39,54,55,113,77,34,15,29,130,1,71,48,7" hai1="3,95,51,57,103,75,12,31,115,6,131,52,98" hai2="37,79,50,26,64,21,66,38,121,18,86,23,100" hai3="46,90,129,5,109,125,68,76,44,135,40,17,70"/><V108/><F121/><W85/><G76/><T45/><D113/><U105/><E115/><V81/><F108/><W35/><G35/><T43/><D1/><U30/><E3/><V63/><F100/><W91/><G85/><T13/><D34/><U117/><E117/><V19/><F50/><W111/><G17/><T78/><D130/><U14/><E131/><V124/><F124/><W134/><G5/><T42/><D39/><U92/><E75/><V123/><F123/><W87/><G87/><T106/><D106/><U24/><E31/><V104/><F104/><W36/><G129/><T110/><D71/><N who="3" m="27177" /><G125/><T80/><D110/><N who="3" m="41993" /><G40/><T118/><D118/><U112/><E112/><V133/><F133/><N who="3" m="50699" /><G36/><T11/><D29/><U65/><E65/><V97/><F97/><W61/><G61/><T20/><D43/><U102/><E105/><V132/><F132/><W22/><G22/><T56/><D56/><U9/><E14/><V126/><F126/><W32/><G32/><T69/><D69/><U83/><E83/><V114/><F114/><W72/><G72/><T119/><D119/><U74/><E74/><V107/><F107/><W25/><G25/><T127/><D127/><U60/><E60/><V8/><F8/><W28/><G28/><T101/><D78/><U47/><E30/><V53/><F38/><W16/><G16/><T59/><D59/><U49/><E24/><N who="2" m="14391" /><F37/><W33/><G33/><T122/><D122/><U0/><E0/><V93/><F93/><N who="1" m="35913" /><E98/><V99/><F99/><W89/><AGARI ba="0,0" hai="44,46,89,90,91" m="50699,41993,27177" machi="89" ten="40,12000,2" yaku="28,2,14,1,20,1,52,3" doraHai="84" who="3" fromWho="3" sc="104,-30,351,-30,285,-60,260,120" /><INIT seed="3,0,0,3,4,98" ten="74,321,225,380" oya="3" hai0="82,1,132,0,44,16,80,100,107,131,74,4,72" hai1="95,83,12,77,126,128,14,108,24,55,20,93,120" hai2="124,96,6,109,113,43,133,34,51,125,76,28,102" hai3="26,42,71,35,88,63,86,5,9,59,52,129,3"/><W62/><G129/><T91/><D0/><U75/><E120/><V61/><F6/><W105/><G105/><T87/><D4/><U40/><E128/><V32/><F51/><W37/><G42/><T65/><D1/><U69/><E69/><V13/><F43/><W10/><G37/><T135/><D131/><U11/><E108/><V90/><F13/><W33/><G26/><T78/><D65/><U45/><E126/><V54/><F54/><W64/><G10/><T89/><D44/><U7/><E55/><V101/><F61/><W119/><G119/><T25/><D16/><U47/><E45/><V48/><F48/><W22/><G22/><T58/><D25/><U103/><E14/><V84/><F28/><W60/><G63/><T130/><D58/><U121/><E121/><V104/><F113/><W15/><G3/><T127/><D127/><U79/><E103/><N who="2" m="62567" /><F34/><W66/><G66/><T8/><D8/><U50/><REACH who="1" step="1"/><E79/><REACH who="1" ten="74,311,225,380" step="2"/><V21/><F21/><W17/><G5/><T53/><D53/><U70/><E70/><V97/><F32/><W56/><G71/><T27/><D27/><U23/><E23/><V30/><F30/><AGARI ba="0,1" hai="7,11,12,20,24,30,40,47,50,75,77,83,93,95" machi="30" ten="30,2000,0" yaku="1,1,7,1,53,0" doraHai="98" doraHaiUra="57" who="1" fromWho="2" sc="74,0,311,30,225,-20,380,0" owari="74,-43.0,341,14.0,205,-19.0,380,48.0" /></mjloggm>