<mjloggm ver="2.3"><GO type="97" lobby="0"/><UN n0="%E3%82%A6%E3%83%AB%E3%83%88%E3%83%A9%E7%AB%8B%E7%9B%B4" n1="%E5%85%B5%E8%97%A4" n2="%E3%81%93%E3%81%A8" n3="%E5%B0%8F%E5%B6%BA%E5%B9%B8%40" dan="13,13,15,13" rate="1887.74,1841.56,1991.19,1841.37" sx="M,M,M,F"/><TAIKYOKU oya="0"/><INIT seed="0,0,0,1,3,12" ten="250,250,250,250" oya="0" hai0="63,90,16,99,111,43,15,86,20,52,105,75,30" hai1="7,78,100,97,102,95,108,6,51,68,92,59,65" hai2="28,133,46,38,117,1,84,74,10,57,36,134,33" hai3="118,91,126,5,83,87,23,66,93,0,89,32,34"/><T109/><D75/><U110/><E78/><V41/><F74/><W82/><G118/><T37/><D30/><U104/><E68/><V39/><F117/><W44/><G126/><T96/><D43/><U22/><E22/><V14/><F1/><W81/><G66/><T31/><D31/><U24/><E24/><N who="2" m="18567" /><F57/><W85/><G44/><T27/><D37/><U8/><E102/><V48/><F84/><W55/><G55/><T76/><D76/><U128/><E128/><V132/><F39/><W69/><G69/><T113/><D27/><U88/><E95/><V40/><F40/><W116/><G116/><T58/><D113/><U124/><E124/><V122/><F122/><W79/><G79/><T127/><D127/><U4/><E8/><V80/><F80/><W60/><G60/><T123/><D123/><U119/><E119/><V9/><F9/><W25/><G5/><AGARI ba="0,0" hai="5,10,14,36,38,41,46,48,132,133,134" m="18567" machi="5" ten="30,1000,0" yaku="20,1" doraHai="12" who="2" fromWho="3" sc="250,0,250,0,250,10,250,-10" /><INIT seed="1,0,0,1,2,94" ten="250,250,260,240" oya="1" hai0="40,81,132,107,84,12,99,18,14,56,114,16,70" hai1="11,102,88,119,59,34,104,115,71,101,58,120,54" hai2="109,15,80,126,83,1,45,52,117,61,46,63,39" hai3="0,32,42,85,97,82,10,108,103,50,106,121,36"/><U130/><E119/><V131/><F1/><W8/><G121/><T86/><D70/><U133/><E120/><V100/><F117/><W67/><G32/><T79/><D114/><U113/><E71/><V23/><F131/><W35/><G35/><T3/><D3/><U116/><E116/><V89/><F126/><W60/><G108/><T2/><D2/><U37/><E34/><V74/><F109/><W33/><G33/><T41/><D132/><U57/><E133/><V65/><F100/><W62/><G36/><T30/><D30/><U31/><E31/><V4/><F39/><W55/><G42/><T20/><D56/><U43/><E130/><V25/><F74/><W5/><G67/><T19/><D19/><U17/><E88/><V26/><F65/><W24/><G24/><T78/><D107/><U128/><E128/><V129/><F129/><W38/><G8/><T75/><D75/><U27/><E54/><V76/><F76/><W105/><G38/><T134/><D134/><U68/><E68/><V77/><F77/><N who="3" m="46287" /><G106/><T127/><D127/><U112/><E104/><V29/><F29/><W95/><G105/><T123/><D123/><U48/><E37/><V53/><F89/><W98/><G103/><T21/><D81/><U72/><E72/><V111/><F111/><W69/><G69/><T96/><AGARI ba="0,0" hai="12,14,16,18,20,21,40,41,78,79,84,86,96,99" machi="96" ten="25,12000,2" yaku="0,1,22,2,8,1,52,2,54,1" doraHai="94" who="0" fromWho="0" sc="250,120,250,-60,260,-30,240,-30" /><INIT seed="2,0,0,5,5,5" ten="370,190,230,210" oya="2" hai0="124,103,64,83,122,121,60,6,52,96,75,42,79" hai1="80,118,59,90,72,44,104,117,40,57,116,46,109" hai2="66,49,7,28,106,132,89,70,101,91,71,115,107" hai3="120,4,119,74,31,95,92,17,11,34,47,48,135"/><V30/><F7/><W126/><G120/><T133/><D42/><U29/><E104/><V32/><F49/><W77/><G119/><T21/><D21/><U65/><E109/><V35/><F66/><W43/><G135/><T69/><D133/><U68/><E29/><V129/><F132/><W123/><G123/><T22/><D124/><U128/><E128/><V134/><F134/><W50/><G126/><T112/><D112/><U55/><E65/><V41/><F101/><W19/><G50/><T78/><D78/><U1/><E68/><V25/><F41/><W15/><G34/><T61/><D22/><U86/><E72/><V26/><REACH who="2" step="1"/><F129/><REACH who="2" ten="370,190,220,210" step="2"/><W24/><G48/><T87/><D6/><U82/><E1/><V45/><F45/><W108/><G47/><T12/><D121/><U38/><REACH who="1" step="1"/><E80/><REACH who="1" ten="370,180,220,210" step="2"/><V63/><F63/><W94/><G108/><T23/><D83/><U93/><E93/><V100/><F100/><W85/><G94/><T27/><D61/><U84/><E84/><V76/><F76/><W3/><G85/><T18/><D87/><U105/><E105/><V81/><F81/><N who="3" m="45239" /><G95/><T97/><D60/><U36/><E36/><V0/><F0/><W54/><G92/><T10/><D122/><U53/><E53/><V33/><F33/><N who="3" m="20711" /><G54/><T58/><D52/><U102/><E102/><V113/><AGARI ba="0,2" hai="25,26,28,30,32,35,70,71,89,91,106,107,113,115" machi="113" ten="25,9600,0" yaku="1,1,0,1,22,2,53,0" doraHai="5" doraHaiUra="127" who="2" fromWho="2" sc="370,-32,180,-32,220,116,210,-32" /><INIT seed="2,1,0,0,3,130" ten="338,148,336,178" oya="2" hai0="71,68,73,12,61,4,36,95,103,109,124,79,127" hai1="20,115,116,31,89,1,18,29,81,26,25,32,87" hai2="66,101,30,56,11,83,82,54,133,59,17,63,107" hai3="94,9,58,57,28,35,86,123,76,23,110,99,132"/><V134/><F30/><W64/><G123/><T70/><D36/><U24/><E115/><V21/><F11/><W62/><G35/><T65/><D109/><U67/><E116/><V85/><F101/><W105/><G110/><T72/><D12/><U113/><E113/><V46/><F107/><W117/><G117/><T6/><D95/><U60/><E1/><V39/><F39/><W88/><G9/><T51/><D51/><U27/><REACH who="1" step="1"/><E32/><REACH who="1" ten="338,138,336,178" step="2"/><V97/><F97/><W22/><G99/><T14/><D103/><U96/><E96/><V125/><F125/><W100/><G100/><T69/><D124/><U77/><E77/><V19/><F85/><W111/><G86/><T47/><D127/><U13/><E13/><V5/><F5/><W37/><G76/><T114/><D14/><U33/><E33/><V45/><F21/><W2/><G23/><T129/><D6/><U92/><E92/><V118/><F118/><W75/><G111/><T44/><D4/><U78/><E78/><V38/><F82/><W98/><G2/><T112/><D114/><U122/><E122/><V104/><F83/><W90/><G105/><T102/><D112/><U7/><E7/><V50/><F104/><W135/><G98/><T15/><D79/><U0/><E0/><V80/><F80/><W53/><G94/><T106/><D15/><U3/><E3/><V43/><F19/><W49/><G75/><T93/><D93/><U128/><E128/><V40/><F17/><W91/><REACH who="3" step="1"/><G37/><REACH who="3" ten="338,138,336,168" step="2"/><T42/><N who="0" m="17408" /><DORA hai="126" /><T10/><D73/><U108/><E108/><V121/><F121/><RYUUKYOKU ba="1,2" sc="338,-30,138,10,336,10,168,10" hai1="18,20,24,25,26,27,29,31,60,67,81,87,89" hai2="38,40,43,45,46,50,54,56,59,63,66,133,134" hai3="22,28,49,53,57,58,62,64,88,90,91,132,135" /><INIT seed="2,2,2,4,2,6" ten="308,148,346,178" oya="2" hai0="9,25,97,64,105,80,46,108,79,41,63,82,34" hai1="36,40,52,13,48,47,109,110,114,102,116,28,130" hai2="38,15,85,83,66,76,111,112,125,54,8,123,23" hai3="96,12,78,50,17,88,128,30,94,129,59,68,73"/><V98/><F123/><W2/><G68/><T20/><D34/><U90/><E114/><V72/><F112/><W29/><G2/><T69/><D108/><N who="1" m="41579" /><E116/><V1/><F1/><W18/><G78/><T126/><D126/><U58/><E130/><N who="3" m="50282" /><G73/><T101/><D9/><U99/><E90/><V117/><F38/><W33/><G33/><T0/><D0/><U56/><E28/><N who="3" m="10858" /><G12/><T31/><REACH who="0" step="1"/><D79/><REACH who="0" ten="298,148,346,178" step="2"/><U122/><E122/><V14/><F76/><W65/><G50/><AGARI ba="2,3" hai="20,25,31,41,46,50,63,64,69,80,82,97,101,105" machi="50" ten="30,7700,0" yaku="1,1,2,1,7,1,53,1" doraHai="6" doraHaiUra="60" who="0" fromWho="3" sc="298,113,148,0,346,0,178,-83" /><INIT seed="3,0,0,3,1,32" ten="411,148,346,95" oya="3" hai0="26,107,85,0,94,101,61,124,21,106,59,78,113" hai1="111,68,121,75,70,62,132,30,43,88,80,125,12" hai2="135,63,49,8,36,14,66,1,48,4,64,20,55" hai3="50,37,95,17,118,31,102,110,116,130,15,97,109"/><W82/><G37/><T44/><D106/><U73/><E121/><V65/><F36/><W35/><G130/><T57/><D107/><U45/><E111/><N who="3" m="42506" /><G82/><T71/><D71/><U5/><E125/><V105/><F105/><W13/><G50/><T27/><D59/><U127/><E127/><V18/><F135/><W77/><G77/><T56/><D56/><U9/><E132/><V54/><F54/><W89/><G102/><T3/><D26/><U51/><E30/><V25/><F48/><W123/><G123/><T38/><D85/><U47/><E47/><V53/><F53/><W46/><G46/><T52/><D78/><U83/><E83/><V86/><F86/><W42/><G42/><T98/><D124/><U22/><E22/><V117/><F117/><N who="3" m="45163" /><G17/><T92/><D113/><U104/><E104/><V58/><REACH who="2" step="1"/><F25/><AGARI ba="0,0" hai="13,15,25,31,35,89,95,97" m="45163,42506" machi="25" ten="30,2900,0" yaku="14,1,10,1" doraHai="32" who="3" fromWho="2" sc="411,0,148,0,346,-29,95,29" /><INIT seed="3,1,0,2,0,64" ten="411,148,317,124" oya="3" hai0="127,41,78,75,68,72,91,112,14,37,97,56,2" hai1="115,84,17,31,83,15,74,98,11,32,22,104,4" hai2="77,36,110,76,100,9,55,60,59,108,16,1,133" hai3="118,96,73,61,67,0,66,124,51,82,92,99,34"/><W114/><G118/><T44/><D68/><U93/><E115/><V130/><F36/><W29/><G114/><T46/><D112/><U69/><E104/><V23/><F133/><W86/><G0/><T120/><D120/><U65/><E74/><V103/><F130/><W128/><G128/><T19/><D2/><U45/><E45/><V18/><F9/><W71/><G66/><T107/><D78/><N who="2" m="30314" /><F1/><W33/><G73/><T94/><D107/><U101/><E31/><V126/><F126/><W63/><G124/><T49/><D56/><U122/><E32/><V3/><F3/><W48/><G63/><T111/><D111/><N who="2" m="42538" /><F18/><W81/><G99/><T13/><D13/><AGARI ba="1,0" hai="13,16,23,55,59,60,100,103" m="42538,30314" machi="13" ten="30,2000,0" yaku="14,1,54,1" doraHai="64" who="2" fromWho="0" sc="411,-23,148,0,317,23,124,0" owari="388,49.0,148,-25.0,340,14.0,124,-38.0" /></mjloggm>