<mjloggm ver="2.3"><GO type="97" lobby="0"/><UN n0="%E3%82%A6%E3%83%AB%E3%83%88%E3%83%A9%E7%AB%8B%E7%9B%B4" n1="%E9%A3%9B%E6%9C%AB%E6%AD%A6%E5%BF%97" n2="%E3%81%82%E3%81%BE%E3%81%88%E3%81%B3%E3%81%93%E3%82%8D%E3%82%82%E3%80%82" n3="%E7%B5%82%E6%97%A5%E5%96%AB%E7%85%99" dan="15,14,13,15" rate="1973.71,1942.15,1917.97,2069.41" sx="M,M,F,M"/><TAIKYOKU oya="0"/><INIT seed="0,0,0,4,4,104" ten="250,250,250,250" oya="0" hai0="44,27,111,37,135,79,15,89,131,51,106,11,74" hai1="78,10,113,102,71,64,99,108,86,4,34,112,45" hai2="90,114,55,134,128,39,53,26,56,13,87,115,42" hai3="123,91,60,92,70,20,19,32,43,75,132,8,23"/><T36/><D106/><U100/><E45/><V72/><F134/><W2/><G32/><T14/><D135/><U0/><E108/><V96/><F128/><W77/><G132/><T122/><D122/><U107/><E102/><V121/><F121/><W35/><G43/><T83/><D131/><U17/><E17/><V58/><F96/><W49/><G35/><T33/><D111/><U81/><E34/><V21/><F13/><W24/><G49/><T40/><D89/><U109/><E109/><V68/><F68/><W120/><G70/><T117/><D117/><U5/><E5/><V130/><F130/><W80/><G60/><T48/><D48/><U9/><E9/><V126/><F126/><W88/><G91/><T116/><D116/><U12/><E12/><V84/><F39/><W95/><G95/><T30/><REACH who="0" step="1"/><D15/><REACH who="0" ten="240,250,250,250" step="2"/><U46/><E113/><V18/><F115/><W62/><G62/><T127/><D127/><U97/><E112/><V118/><F114/><W69/><G123/><T129/><D129/><U50/><E107/><V119/><F118/><W66/><G120/><T25/><D25/><U67/><E100/><V94/><F119/><W22/><G24/><T85/><D85/><U110/><E110/><V52/><F87/><W82/><G88/><T31/><D31/><U124/><E124/><V101/><F101/><W1/><G1/><T63/><D63/><U7/><E71/><V73/><REACH who="2" step="1"/><F42/><REACH who="2" ten="240,250,240,250" step="2"/><W57/><G69/><T61/><D61/><U98/><E7/><AGARI ba="0,2" hai="7,11,14,27,30,33,36,37,40,44,51,74,79,83" machi="7" ten="30,5800,0" yaku="1,1,7,1,52,1,53,0" doraHai="104" doraHaiUra="65" who="0" fromWho="1" sc="240,78,250,-58,240,0,250,0" /><INIT seed="0,1,0,5,1,68" ten="318,192,240,250" oya="0" hai0="6,32,57,113,63,46,7,28,22,66,24,78,81" hai1="91,29,131,8,75,11,133,122,99,42,23,49,73" hai2="50,51,117,98,56,97,86,18,61,55,72,60,132" hai3="36,54,130,85,121,67,25,41,71,109,82,43,40"/><T13/><D113/><U92/><E133/><V123/><F117/><W116/><G116/><T95/><D95/><U48/><E131/><V87/><F123/><W10/><G130/><T33/><D33/><U112/><E112/><V31/><F132/><W15/><G121/><T45/><D32/><U79/><E75/><V125/><F125/><W5/><G109/><T47/><REACH who="0" step="1"/><D13/><REACH who="0" ten="308,192,240,250" step="2"/><U35/><E35/><V126/><F126/><W120/><G120/><T124/><D124/><U118/><E122/><V110/><F110/><W0/><G15/><T59/><D59/><U88/><E118/><V12/><F72/><AGARI ba="1,1" hai="6,7,22,24,28,45,46,47,57,63,66,72,78,81" machi="72" ten="40,2000,0" yaku="1,1,53,0" doraHai="68" doraHaiUra="114" who="0" fromWho="2" sc="308,33,192,0,240,-23,250,0" /><INIT seed="0,2,0,3,5,135" ten="341,192,217,250" oya="0" hai0="95,52,77,38,68,35,76,106,46,59,115,130,123" hai1="126,58,3,117,109,116,131,103,63,42,61,6,10" hai2="24,89,20,75,22,65,17,56,118,122,64,110,72" hai3="88,82,96,18,67,26,132,23,30,71,39,108,60"/><T37/><D106/><U124/><E109/><V40/><F110/><W92/><G108/><T70/><D35/><U36/><E103/><V121/><F118/><W73/><G132/><T14/><D123/><U29/><E29/><V28/><F40/><W33/><G39/><T129/><D14/><U97/><E97/><V79/><F89/><W48/><G48/><N who="0" m="31111" /><D95/><U25/><E63/><V15/><F79/><W41/><G41/><N who="0" m="22831" /><D77/><U1/><E1/><V69/><F56/><W105/><G105/><T104/><D76/><U13/><E13/><V43/><F43/><W93/><G73/><T74/><D74/><U128/><E25/><V120/><F69/><N who="0" m="26730" /><D104/><U66/><E117/><V83/><F75/><W111/><G111/><T5/><D5/><U34/><E34/><V9/><F72/><W12/><G93/><T44/><D115/><U45/><REACH who="1" step="1"/><E116/><REACH who="1" ten="341,182,217,250" step="2"/><V8/><REACH who="2" step="1"/><F83/><REACH who="2" ten="341,182,207,250" step="2"/><W112/><REACH who="3" step="1"/><G82/><REACH who="3" ten="341,182,207,240" step="2"/><T87/><D87/><U57/><E57/><V127/><F127/><AGARI ba="2,3" hai="3,6,10,36,42,45,58,61,66,124,126,127,128,131" machi="127" ten="40,8000,1" yaku="1,1,18,1,52,3,53,0" doraHai="135" doraHaiUra="107" who="1" fromWho="2" sc="341,0,182,116,207,-86,240,0" /><INIT seed="1,0,0,2,4,21" ten="341,298,121,240" oya="1" hai0="41,47,1,23,70,96,51,111,119,0,14,15,108" hai1="5,56,124,78,58,9,80,59,123,2,114,34,88" hai2="90,94,36,82,68,46,13,64,115,22,57,131,39" hai3="76,85,91,81,45,86,129,92,63,105,73,8,116"/><U11/><E123/><V24/><F115/><W79/><G63/><T121/><D70/><U42/><E114/><V19/><F131/><W77/><G45/><T102/><D119/><U113/><E113/><V128/><F128/><W20/><G129/><T67/><D67/><U101/><E101/><V44/><F68/><W65/><G65/><T25/><D121/><U99/><E124/><V87/><F39/><W3/><G20/><T75/><D75/><U74/><E11/><V50/><F36/><W134/><G8/><T18/><D15/><U29/><E42/><V97/><F57/><W31/><G31/><T37/><D37/><U53/><E29/><V84/><F64/><W133/><G3/><T95/><REACH who="0" step="1"/><D14/><REACH who="0" ten="331,298,121,240" step="2"/><U7/><E7/><V117/><F13/><W32/><G116/><T12/><D12/><U104/><E34/><V26/><F117/><W38/><G38/><T40/><D40/><U107/><REACH who="1" step="1"/><E53/><REACH who="1" ten="331,288,121,240" step="2"/><V52/><F46/><W16/><G32/><T106/><D106/><U48/><E48/><V93/><F26/><W30/><G105/><T33/><D33/><U72/><E72/><V60/><F60/><W4/><G4/><T66/><D66/><U61/><E61/><V118/><F118/><W110/><G73/><T100/><D100/><U135/><E135/><V109/><F109/><AGARI ba="0,2" hai="0,1,18,23,25,41,47,51,95,96,102,108,109,111" machi="109" ten="40,8000,1" yaku="1,1,14,1,52,1,53,1" doraHai="21" doraHaiUra="43" who="0" fromWho="2" sc="331,100,288,0,121,-80,240,0" /><INIT seed="2,0,0,3,0,71" ten="431,288,41,240" oya="2" hai0="109,36,44,49,31,3,134,56,122,47,105,108,5" hai1="116,26,30,128,59,64,65,28,97,125,94,43,11" hai2="40,46,78,33,66,12,131,22,117,88,67,58,110" hai3="92,15,123,7,80,84,106,121,91,53,133,72,48"/><V41/><F117/><W10/><G133/><T100/><D100/><U81/><E116/><V4/><F33/><W0/><G106/><T111/><D105/><U135/><E128/><V55/><F131/><W57/><G72/><T77/><D31/><U107/><E107/><V83/><F110/><W19/><REACH who="3" step="1"/><G80/><REACH who="3" ten="431,288,41,230" step="2"/><T18/><D134/><U119/><E135/><V98/><F78/><W132/><G132/><T124/><D77/><U1/><E81/><V27/><F83/><W127/><G127/><T51/><D124/><U103/><E125/><V113/><F113/><W61/><G61/><T34/><D122/><U74/><E74/><V104/><F104/><W73/><G73/><T79/><D79/><U112/><E119/><V93/><F66/><W16/><G16/><T21/><D18/><U90/><E112/><V35/><F67/><W114/><G114/><T102/><D109/><U37/><E65/><V17/><F35/><W76/><G76/><T52/><D34/><U2/><E64/><V38/><F38/><W85/><G85/><T25/><D36/><U60/><E37/><V126/><F126/><W96/><G96/><T75/><D75/><U29/><E97/><V62/><F46/><W115/><G115/><T68/><D47/><U70/><E70/><V118/><REACH who="2" step="1"/><F118/><REACH who="2" ten="431,288,31,230" step="2"/><W69/><G69/><T8/><D44/><U23/><E43/><V63/><F63/><W39/><G39/><T82/><D108/><U87/><E60/><V6/><F6/><W24/><G24/><T32/><D25/><U54/><E26/><V101/><F101/><W120/><G120/><RYUUKYOKU ba="0,2" sc="431,-15,288,-15,31,15,230,15" hai2="4,12,17,22,27,40,41,55,58,62,88,93,98" hai3="0,7,10,15,19,48,53,57,84,91,92,121,123" /><INIT seed="2,1,2,3,3,71" ten="416,273,46,245" oya="2" hai0="88,123,94,40,12,35,130,67,44,114,9,34,129" hai1="131,18,116,97,65,101,16,36,24,54,6,2,109" hai2="82,26,122,110,7,5,125,103,68,86,37,56,85" hai3="8,21,45,33,96,52,93,92,113,89,29,76,50"/><V108/><F122/><W3/><G113/><T81/><D81/><U120/><E116/><V57/><F68/><W126/><G126/><T112/><D67/><U111/><E65/><V83/><F125/><W98/><G33/><T42/><D123/><U58/><E131/><N who="0" m="50185" /><D35/><U49/><E120/><V128/><F103/><W100/><G76/><T20/><D20/><U69/><E69/><V66/><F128/><W41/><G3/><T132/><D34/><U106/><E24/><V135/><F26/><N who="3" m="16591" /><G8/><T70/><D70/><U104/><E104/><V121/><F66/><W4/><G4/><N who="2" m="1609" /><F121/><W80/><G80/><N who="2" m="30761" /><F135/><W73/><G73/><T133/><D12/><U62/><E6/><V61/><F61/><W30/><G30/><T87/><D9/><U74/><E2/><V1/><F1/><W63/><G63/><T51/><D40/><AGARI ba="1,2" hai="40,41,45,50,52,89,92,93,96,98,100" m="16591" machi="40" ten="30,2000,0" yaku="8,1,54,1" doraHai="71" who="3" fromWho="0" sc="416,-23,273,0,46,0,245,43" /><INIT seed="3,0,0,1,0,46" ten="393,273,46,288" oya="3" hai0="47,38,121,31,56,122,48,106,42,4,100,97,59" hai1="55,116,1,82,21,72,8,28,131,58,61,25,112" hai2="66,95,34,62,115,130,92,16,133,74,40,75,123" hai3="35,73,87,90,41,33,65,80,10,134,111,3,88"/><W119/><G119/><T124/><D124/><U60/><E131/><V52/><F123/><W23/><G65/><T83/><D31/><U76/><E112/><V12/><F130/><W18/><G73/><T57/><D4/><U99/><E116/><V91/><F133/><W114/><G114/><T84/><REACH who="0" step="1"/><D38/><REACH who="0" ten="383,273,46,288" step="2"/><U54/><E1/><V71/><F115/><W49/><G134/><T69/><D69/><U77/><E8/><V104/><F104/><W135/><G135/><T22/><D22/><U93/><E76/><AGARI ba="0,1" hai="42,47,48,56,57,59,76,83,84,97,100,106,121,122" machi="76" ten="40,2600,0" yaku="1,1,52,1,53,0" doraHai="46" doraHaiUra="132" who="0" fromWho="1" sc="383,36,273,-26,46,0,288,0" owari="419,51.0,247,-15.0,46,-45.0,288,9.0" /></mjloggm>