<mjloggm ver="2.3"><GO type="97" lobby="0"/><UN n0="%E3%82%A6%E3%83%AB%E3%83%88%E3%83%A9%E7%AB%8B%E7%9B%B4" n1="%E4%BA%8C%E7%95%AA%E5%BA%95" n2="%E3%82%B5%E3%83%B3%E3%83%9E%E9%81%93%E6%A5%BD%E4%BC%9A%E9%95%B7" n3="%62%6F%6F%32%30%31%31" dan="13,15,13,13" rate="1911.52,2021.19,1875.05,1865.00" sx="M,M,M,M"/><TAIKYOKU oya="0"/><INIT seed="0,0,0,5,2,73" ten="250,250,250,250" oya="0" hai0="1,116,110,69,77,33,100,36,118,101,53,7,44" hai1="56,54,48,20,3,82,117,43,28,113,51,15,35" hai2="97,129,131,12,17,90,112,55,27,2,16,89,42" hai3="21,19,133,34,13,11,25,119,64,0,61,95,84"/><T60/><D33/><U92/><E117/><V123/><F112/><W68/><G119/><T32/><D32/><U85/><E3/><V6/><F123/><W134/><G0/><T57/><D101/><U81/><E113/><V39/><F39/><W46/><G34/><T75/><D100/><U41/><E35/><V106/><F42/><W104/><G46/><T24/><D24/><U63/><E28/><V74/><F2/><W135/><G84/><T122/><D69/><U47/><E43/><V99/><F6/><W23/><G104/><T114/><D114/><U127/><E127/><V87/><F74/><W62/><G95/><T91/><D91/><U72/><E72/><V45/><F27/><W14/><G61/><T9/><D122/><U29/><E29/><V102/><F17/><W71/><G68/><T79/><D110/><U18/><E63/><V8/><F99/><W108/><G108/><T4/><D4/><U80/><REACH who="1" step="1"/><E92/><REACH who="1" ten="250,240,250,250" step="2"/><V66/><F131/><W78/><G21/><T111/><D118/><U86/><AGARI ba="0,1" hai="15,18,20,41,47,48,51,54,56,80,81,82,85,86" machi="86" ten="30,8000,1" yaku="1,1,2,1,0,1,8,1,53,1" doraHai="73" doraHaiUra="40" who="1" fromWho="1" sc="250,-40,240,90,250,-20,250,-20" /><INIT seed="1,0,0,4,0,22" ten="210,330,230,230" oya="1" hai0="6,129,54,40,58,0,97,11,47,114,27,48,46" hai1="32,28,72,5,99,73,123,36,13,91,134,15,29" hai2="115,135,39,104,66,65,33,86,78,132,57,68,70" hai3="89,71,44,56,120,133,101,112,10,92,94,74,124"/><U59/><E123/><V41/><F33/><W19/><G71/><N who="2" m="27177" /><F104/><W24/><G112/><T49/><D114/><U77/><E36/><V9/><F78/><W34/><G120/><T88/><D129/><U14/><E134/><N who="2" m="51243" /><F9/><W26/><G124/><T100/><D58/><U18/><E73/><V125/><F86/><W1/><G74/><T60/><D60/><U42/><E42/><V69/><F115/><W62/><G34/><T127/><D127/><U67/><E72/><V45/><N who="2" m="27185" /><V35/><DORA hai="81" /><F35/><W82/><G133/><T95/><REACH who="0" step="1"/><D27/><REACH who="0" ten="200,330,230,230" step="2"/><N who="3" m="10281" /><G56/><T119/><D119/><U25/><E59/><V30/><F125/><W64/><G62/><T53/><D53/><U107/><E67/><N who="2" m="25611" /><F57/><W51/><G64/><T128/><D128/><U83/><E25/><V31/><AGARI ba="0,1" hai="30,31,39,41,45" m="25611,51243,27185" machi="31" ten="50,1600,0" yaku="20,1" doraHai="22,81" who="2" fromWho="2" sc="200,-4,330,-8,230,26,230,-4" /><INIT seed="2,0,0,1,4,76" ten="196,322,256,226" oya="2" hai0="7,10,35,51,122,41,74,46,54,4,80,94,93" hai1="99,109,112,15,91,129,17,73,85,24,22,65,16" hai2="28,70,31,130,119,128,40,115,116,37,0,8,107" hai3="113,90,96,48,34,26,82,102,68,95,106,88,123"/><V67/><F31/><W118/><G68/><T47/><D35/><U101/><E73/><V19/><F115/><W3/><G3/><T18/><D18/><U89/><E112/><V132/><F28/><W42/><G113/><T87/><D122/><U64/><E109/><V86/><F86/><W103/><G123/><T69/><D69/><U125/><E125/><V63/><F19/><W98/><G118/><T44/><D74/><U58/><E129/><N who="2" m="49771" /><F107/><W127/><G26/><T79/><D7/><U84/><E84/><V9/><F9/><W49/><G34/><T27/><D27/><U108/><E108/><V32/><F32/><W110/><G110/><T52/><D54/><U61/><E65/><V33/><F33/><W6/><G6/><T114/><D114/><U126/><E126/><V43/><F8/><W71/><G71/><T83/><D83/><U77/><E77/><V81/><F81/><W14/><G14/><N who="0" m="5447" /><D41/><N who="2" m="15946" /><F0/><W39/><G127/><T21/><D21/><U124/><E124/><V59/><F37/><W38/><G38/><T92/><AGARI ba="0,0" hai="44,46,47,51,52,79,80,87,92,93,94" m="5447" machi="92" ten="30,4000,0" yaku="8,1,52,1,54,1" doraHai="76" who="0" fromWho="0" sc="196,40,322,-10,256,-20,226,-10" /><INIT seed="3,0,0,4,1,74" ten="236,312,236,216" oya="3" hai0="70,90,129,79,116,13,31,104,69,110,115,44,113" hai1="25,42,109,12,112,62,30,2,18,15,117,95,127" hai2="63,67,37,88,68,10,98,50,24,71,120,121,19" hai3="82,97,73,99,6,123,102,16,20,34,84,3,53"/><W119/><G119/><T122/><D104/><U51/><E112/><N who="0" m="43081" /><D110/><U135/><E2/><V33/><F37/><W52/><G123/><N who="2" m="47177" /><F50/><W93/><G34/><T21/><D129/><U134/><E62/><V54/><F54/><W89/><G3/><T35/><D116/><U111/><E117/><V66/><F10/><W81/><G6/><T128/><D128/><U118/><E118/><V41/><F41/><W108/><G108/><N who="1" m="41546" /><E127/><V5/><F5/><W83/><G99/><T57/><D57/><U60/><E60/><N who="2" m="40007" /><F19/><W107/><REACH who="3" step="1"/><G73/><REACH who="3" ten="236,312,236,206" step="2"/><T130/><D35/><U22/><E134/><V77/><F33/><W38/><G38/><T105/><D122/><U106/><E135/><V56/><F71/><W126/><G126/><T28/><D70/><U94/><E106/><V40/><F98/><W75/><G75/><T9/><D69/><U96/><E96/><V36/><F36/><W80/><N who="3" m="20992" /><DORA hai="27" /><W87/><G87/><T85/><D105/><U92/><E92/><V131/><F131/><W39/><G39/><T72/><D72/><U101/><E95/><V47/><F77/><W26/><AGARI ba="0,1" hai="16,20,26,52,53,84,89,93,97,102,107" m="20992" machi="26" ten="40,18000,2" yaku="1,1,0,1,54,2,53,2" doraHai="74,27" doraHaiUra="64,48" who="3" fromWho="3" sc="236,-60,312,-60,236,-60,206,190" owari="176,-22.0,252,5.0,176,-32.0,396,49.0" /></mjloggm>