<mjloggm ver="2.3"><GO type="97" lobby="0"/><UN n0="%E3%83%80%E3%82%A4%E3%82%AD%E3%83%B3%E3%82%B0" n1="%E3%82%AA%E3%82%AF%E3%83%A9%E3%82%B2%E3%83%AD%E6%98%9F%E4%BA%BA" n2="%E7%99%BE%E7%9B%AE" n3="%E3%82%A6%E3%83%AB%E3%83%88%E3%83%A9%E7%AB%8B%E7%9B%B4" dan="14,13,14,15" rate="1879.77,1911.14,1890.16,2036.91" sx="M,M,M,M"/><TAIKYOKU oya="0"/><INIT seed="0,0,0,3,3,14" ten="250,250,250,250" oya="0" hai0="58,44,94,37,77,19,30,107,50,51,126,29,52" hai1="20,43,32,63,103,82,84,38,47,69,111,106,0" hai2="68,57,10,83,133,93,99,127,11,40,9,15,131" hai3="61,135,70,16,96,125,129,97,91,123,28,23,75"/><T46/><D107/><U76/><E32/><V1/><F68/><W6/><G75/><T119/><D119/><U101/><E0/><V3/><F133/><W128/><G135/><T100/><D126/><U54/><E111/><V122/><F122/><W118/><G118/><T36/><D77/><U116/><E116/><V72/><F127/><W110/><G110/><T115/><D115/><U66/><E106/><V65/><F131/><N who="3" m="50251" /><G125/><T89/><D100/><U34/><E34/><V17/><F40/><W49/><G123/><T59/><D37/><U114/><E114/><V26/><F83/><W31/><G6/><T87/><D36/><U7/><E7/><V55/><F72/><W98/><G49/><T109/><D109/><U56/><REACH who="1" step="1"/><E20/><REACH who="1" ten="250,240,250,250" step="2"/><N who="2" m="13583" /><F3/><W41/><G41/><T39/><D39/><U90/><E90/><N who="2" m="55735" /><F1/><W92/><G91/><T74/><D74/><U53/><E53/><V48/><F65/><N who="3" m="41263" /><G92/><T108/><D108/><U132/><E132/><V42/><F42/><W33/><G33/><T102/><D102/><U8/><E8/><V130/><F130/><W73/><G73/><T120/><D120/><U60/><AGARI ba="0,1" hai="38,43,47,54,56,60,63,66,69,76,82,84,101,103" machi="60" ten="20,2700,0" yaku="1,1,0,1,7,1,53,0" doraHai="14" doraHaiUra="21" who="1" fromWho="1" sc="250,-13,240,37,250,-7,250,-7" /><INIT seed="1,0,0,1,5,104" ten="237,277,243,243" oya="1" hai0="127,46,10,19,23,123,105,115,66,45,16,8,113" hai1="106,61,31,83,17,34,24,42,128,81,21,47,77" hai2="93,25,35,109,54,62,38,90,32,118,76,75,41" hai3="112,108,84,6,70,20,69,28,88,101,22,27,63"/><U92/><E106/><V56/><F118/><W51/><G112/><T33/><D123/><U39/><E128/><V80/><F109/><W87/><G108/><T48/><D105/><U55/><E92/><V26/><F41/><W15/><G101/><T130/><D130/><U43/><E43/><V65/><F38/><W71/><G51/><T97/><D127/><U82/><E55/><V89/><F89/><W64/><G87/><T95/><D33/><U44/><E44/><N who="0" m="17001" /><D115/><U111/><E61/><V110/><F110/><W1/><G1/><T126/><D113/><U98/><E98/><V135/><F135/><W134/><G134/><T79/><D48/><U2/><E2/><V11/><F65/><W13/><G6/><T0/><D0/><U52/><E52/><V78/><F78/><W30/><G30/><T120/><D126/><U102/><E102/><V40/><F40/><W96/><G96/><T29/><D120/><U85/><E111/><V125/><F125/><W122/><G122/><T73/><D73/><U107/><E107/><V119/><F119/><W103/><G103/><N who="0" m="60863" /><D66/><U114/><E114/><V12/><F35/><W36/><G36/><T67/><D79/><U129/><E129/><V121/><F32/><W100/><G100/><T68/><D68/><U9/><E9/><N who="0" m="3689" /><D67/><U131/><E131/><V72/><F72/><W49/><G70/><T132/><D132/><U14/><AGARI ba="0,0" hai="14,17,21,24,31,34,39,42,47,77,81,82,83,85" machi="14" ten="20,2100,0" yaku="0,1,7,1" doraHai="104" who="1" fromWho="1" sc="237,-7,277,21,243,-7,243,-7" /><INIT seed="1,1,0,4,3,60" ten="230,298,236,236" oya="1" hai0="112,49,95,65,124,129,68,4,92,1,73,78,66" hai1="80,121,54,116,2,3,34,27,71,39,123,104,115" hai2="10,127,117,94,62,12,33,40,122,128,83,6,50" hai3="135,47,16,132,51,58,77,97,44,67,81,101,130"/><U11/><E104/><V63/><F122/><W56/><G130/><T46/><D112/><U82/><E116/><V5/><F128/><W100/><G47/><T93/><D129/><U17/><E115/><V42/><F33/><W8/><G58/><T134/><D124/><U91/><E71/><V114/><F114/><W45/><G45/><T18/><D134/><U103/><E39/><V69/><F127/><W70/><G70/><T59/><D68/><U79/><E103/><V43/><F117/><W107/><G100/><T108/><D108/><U131/><E131/><V13/><F69/><W38/><G38/><T26/><D78/><U64/><E64/><N who="0" m="24681" /><D73/><U15/><E91/><V74/><F74/><W22/><G132/><T111/><D111/><U110/><E110/><V90/><F83/><W106/><G81/><T86/><D4/><U89/><E89/><V87/><F50/><W84/><G77/><T9/><D1/><U35/><E54/><V105/><F105/><W20/><G106/><T7/><D7/><U32/><E82/><V120/><F120/><W113/><G107/><T75/><D75/><U119/><E119/><V28/><F28/><W29/><G29/><T96/><D59/><U99/><E99/><V19/><F6/><W41/><G56/><T98/><D86/><U25/><E123/><V53/><REACH who="2" step="1"/><F53/><REACH who="2" ten="230,298,226,236" step="2"/><W37/><G135/><T133/><D133/><U57/><E121/><V118/><F118/><W55/><G55/><N who="0" m="30135" /><D26/><U21/><E27/><V0/><F0/><W109/><G113/><T125/><D125/><U36/><E3/><V48/><F48/><RYUUKYOKU ba="1,1" sc="230,15,298,-15,226,15,236,-15" hai0="9,18,92,93,95,96,98" hai2="5,10,12,13,19,40,42,43,62,63,87,90,94" /><INIT seed="2,2,1,5,3,64" ten="245,283,241,221" oya="2" hai0="102,28,104,117,124,80,36,119,91,52,135,110,128" hai1="2,57,27,49,17,14,82,72,45,63,111,39,76" hai2="75,29,98,41,126,66,61,19,3,42,79,78,4" hai3="97,130,120,47,112,31,77,95,59,9,106,37,94"/><V71/><F126/><W60/><G120/><T107/><D36/><U55/><E2/><V35/><F19/><W73/><G106/><T85/><D124/><U122/><E111/><V44/><F42/><W108/><G73/><T43/><D110/><U99/><E122/><V88/><F29/><W70/><G77/><T125/><D125/><U8/><E39/><V83/><F35/><W109/><G31/><T6/><D43/><U96/><REACH who="1" step="1"/><E27/><REACH who="1" ten="245,273,241,221" step="2"/><V121/><F121/><W103/><G108/><T20/><D128/><U1/><E1/><V23/><F3/><W123/><G109/><T87/><D135/><U69/><E69/><V81/><F4/><W48/><G123/><T10/><D6/><U30/><E30/><V115/><F115/><W84/><G112/><T74/><D119/><U89/><E89/><V86/><F23/><W129/><G70/><T46/><D117/><U114/><E114/><V5/><F5/><W90/><G37/><T50/><D20/><U105/><E105/><V25/><F25/><W68/><G68/><T65/><D28/><U34/><E34/><V7/><F7/><W11/><G130/><T132/><D132/><U38/><E38/><V92/><F41/><AGARI ba="2,2" hai="8,14,17,41,45,49,55,57,63,72,76,82,96,99" machi="41" ten="30,2000,0" yaku="1,1,7,1,53,0" doraHai="64" doraHaiUra="22" who="1" fromWho="2" sc="245,0,273,46,241,-26,221,0" /><INIT seed="3,0,0,3,3,24" ten="245,319,215,221" oya="3" hai0="30,0,72,129,45,47,121,120,34,63,49,29,69" hai1="102,104,94,81,22,32,18,99,92,58,110,90,67" hai2="68,109,135,107,108,15,6,39,98,51,103,1,41" hai3="124,46,111,60,2,118,59,117,25,55,89,53,77"/><W33/><G2/><T35/><D72/><U12/><E32/><N who="0" m="12329" /><D49/><U112/><E112/><V100/><F135/><W20/><G33/><T80/><D80/><U115/><E115/><V71/><F103/><W11/><G124/><T14/><D14/><U66/><E110/><N who="2" m="42603" /><F1/><W16/><G111/><T123/><D63/><N who="1" m="38263" /><E67/><V76/><F76/><W134/><G134/><T52/><D0/><U28/><E104/><V38/><F51/><N who="3" m="28919" /><G117/><T96/><D96/><N who="1" m="57367" /><E81/><V131/><F131/><W127/><G127/><T3/><D3/><U126/><E126/><V113/><F113/><W132/><G132/><T101/><D101/><U125/><E125/><V13/><F13/><N who="3" m="7231" /><G118/><T64/><D64/><U88/><E28/><N who="0" m="10857" /><D129/><U27/><E102/><V73/><F73/><W50/><G77/><T5/><D5/><U44/><E44/><N who="0" m="16969" /><D52/><U65/><E65/><V37/><F41/><W10/><G10/><AGARI ba="0,0" hai="6,10,15,37,38,39,68,71,98,100,107" m="42603" machi="10" ten="40,1300,0" yaku="14,1" doraHai="24" who="2" fromWho="3" sc="245,0,319,0,215,13,221,-13" owari="245,5.0,319,41.0,228,-17.0,208,-29.0" /></mjloggm>