<mjloggm ver="2.3"><GO type="97" lobby="0"/><UN n0="%E5%B0%B1%E6%B4%BB%E7%94%9F%40%E5%B7%9D%E6%9D%91%E8%BB%8D%E5%9B%A3" n1="%E7%81%BC%E3%81%A1%E3%82%83%E3%82%93%E3%81%8D%E3%82%83%E3%82%8F%E3%82%8F" n2="%69%6B%65%70%61%6B%69%32" n3="%E5%8D%97%E5%A4%A9%E7%BF%94" dan="14,14,16,14" rate="1967.79,1948.15,2050.19,1831.92" sx="M,M,M,M"/><TAIKYOKU oya="0"/><INIT seed="0,0,0,5,2,127" ten="250,250,250,250" oya="0" hai0="120,96,4,101,108,86,43,102,12,84,76,38,20" hai1="30,79,92,49,39,110,61,13,66,104,69,47,90" hai2="100,40,22,94,83,51,19,27,62,56,103,70,21" hai3="6,35,97,18,113,55,80,132,65,54,109,91,48"/><T75/><D120/><U59/><E104/><V23/><F70/><W16/><G113/><T14/><D75/><U130/><E79/><V64/><F83/><W134/><G35/><T71/><D71/><U60/><E30/><V125/><F125/><W31/><G31/><T95/><D108/><U81/><E81/><V57/><F103/><W93/><G109/><T82/><D38/><U123/><E110/><V128/><F128/><W118/><G118/><T121/><D121/><U41/><E123/><V98/><REACH who="2" step="1"/><F57/><REACH who="2" ten="250,250,240,250" step="2"/><W114/><G114/><T0/><D102/><U72/><E72/><V45/><AGARI ba="0,1" hai="19,21,22,23,27,40,45,51,56,62,64,94,98,100" machi="45" ten="30,7900,0" yaku="1,1,2,1,0,1,8,1,53,0" doraHai="127" doraHaiUra="135" who="2" fromWho="2" sc="250,-39,250,-20,240,89,250,-20" /><INIT seed="1,0,0,5,4,93" ten="211,230,329,230" oya="1" hai0="34,124,109,105,75,43,16,134,4,123,111,126,128" hai1="100,47,104,98,80,121,48,76,15,129,68,102,131" hai2="23,49,69,63,9,41,84,59,20,106,10,7,30" hai3="71,21,120,56,119,90,57,96,19,94,97,85,88"/><U61/><E121/><V60/><F106/><W118/><G120/><T37/><D4/><U65/><E15/><V89/><F69/><W33/><G71/><T36/><D43/><U32/><E102/><V132/><F132/><W45/><G33/><T87/><D87/><U77/><E32/><V53/><F60/><W83/><G45/><T99/><D123/><U66/><E66/><V127/><F127/><N who="0" m="48682" /><D34/><U3/><E3/><V130/><F130/><N who="1" m="49673" /><E80/><V28/><F23/><W62/><G97/><T5/><D5/><U101/><E101/><V2/><F10/><W0/><G0/><T22/><D75/><U117/><E117/><N who="3" m="44554" /><G62/><T125/><D134/><U122/><E122/><V91/><F91/><W11/><G11/><T116/><D116/><U50/><E50/><V12/><F2/><W6/><G6/><T73/><D73/><U38/><E38/><N who="0" m="14953" /><D128/><U115/><E115/><V40/><F41/><AGARI ba="0,0" hai="41,47,48,61,65,68,76,77,98,100,104" m="49673" machi="41" ten="30,2900,0" yaku="19,1,52,1" doraHai="93" who="1" fromWho="2" sc="211,0,230,29,329,-29,230,0" /><INIT seed="1,1,0,1,4,83" ten="211,259,300,230" oya="1" hai0="12,77,11,54,24,16,52,18,30,9,119,117,116" hai1="90,50,56,87,95,94,80,46,65,41,57,32,49" hai2="135,104,121,19,2,97,55,26,107,68,75,99,101" hai3="29,102,5,1,106,64,15,23,20,8,98,110,81"/><U122/><E32/><V132/><F121/><W27/><G110/><T40/><D40/><U78/><E122/><V96/><F75/><W34/><G64/><T63/><D77/><U35/><E35/><V93/><F2/><W111/><G111/><T44/><D63/><U88/><E90/><V84/><F68/><W39/><G39/><T82/><D82/><U61/><E78/><V79/><F55/><AGARI ba="1,0" hai="41,46,49,50,55,56,57,61,65,80,87,88,94,95" machi="55" ten="40,7700,0" yaku="8,1,52,1,54,1" doraHai="83" who="1" fromWho="2" sc="211,0,259,80,300,-80,230,0" /><INIT seed="1,2,0,5,2,31" ten="211,339,220,230" oya="1" hai0="68,51,113,108,66,56,129,42,117,81,93,26,40" hai1="61,131,111,126,84,11,134,97,9,122,24,29,85" hai2="102,0,35,77,25,135,12,92,45,127,114,78,60" hai3="15,36,34,115,7,91,109,54,100,123,49,120,37"/><U41/><E122/><V79/><F0/><W20/><G115/><T4/><D68/><U80/><E131/><V87/><F114/><W98/><G109/><T52/><D113/><U47/><E134/><V2/><F2/><W39/><G91/><T30/><D108/><U105/><E111/><V74/><F74/><W10/><G20/><T13/><D129/><U71/><E126/><V103/><F135/><W125/><G125/><T75/><D117/><U69/><E85/><V67/><F127/><W48/><G34/><T65/><D93/><U33/><E97/><V90/><F45/><W72/><G72/><T128/><D128/><U6/><E105/><V101/><F12/><W28/><G28/><T53/><D53/><U110/><E61/><V62/><REACH who="2" step="1"/><F67/><REACH who="2" ten="211,339,210,230" step="2"/><W107/><REACH who="3" step="1"/><G49/><REACH who="3" ten="211,339,210,220" step="2"/><T88/><D51/><U21/><E110/><V1/><F1/><W46/><AGARI ba="2,2" hai="7,10,15,36,37,39,46,48,54,98,100,107,120,123" machi="46" ten="30,4000,0" yaku="1,1,2,1,0,1,53,0" doraHai="31" doraHaiUra="55" who="3" fromWho="3" sc="211,-12,339,-22,210,-12,220,66" /><INIT seed="2,0,0,0,4,15" ten="199,317,198,286" oya="2" hai0="7,83,70,64,36,86,5,4,106,94,44,114,92" hai1="30,73,107,68,122,24,133,115,124,127,100,69,90" hai2="110,1,27,76,81,116,59,103,6,8,43,91,102" hai3="22,105,41,71,88,23,14,17,123,93,33,55,20"/><V125/><F116/><W75/><G105/><T77/><D106/><U80/><E115/><V57/><F125/><N who="1" m="48201" /><E122/><V31/><F110/><W49/><G75/><T79/><D114/><U54/><E133/><V37/><F91/><W78/><G71/><T11/><D11/><U128/><E128/><V29/><F29/><W72/><G33/><T131/><D131/><U67/><E54/><V58/><F43/><W112/><G123/><T13/><D77/><N who="1" m="44079" /><E67/><V74/><REACH who="2" step="1"/><F37/><REACH who="2" ten="199,317,188,286" step="2"/><W53/><G112/><T134/><D134/><U48/><E90/><V35/><AGARI ba="0,1" hai="1,6,8,27,31,35,57,58,59,74,76,81,102,103" machi="35" ten="30,6000,0" yaku="1,1,2,1,0,1,53,0" doraHai="15" doraHaiUra="56" who="2" fromWho="2" sc="199,-20,317,-20,188,70,286,-20" /><INIT seed="2,1,0,3,3,21" ten="179,297,258,266" oya="2" hai0="108,98,107,50,14,83,104,120,115,132,2,90,77" hai1="105,100,110,56,15,93,126,49,18,96,9,6,46" hai2="67,39,23,80,89,53,26,118,121,30,25,99,69" hai3="8,82,55,128,42,10,19,63,59,27,34,35,58"/><V97/><F118/><W11/><G128/><T7/><D2/><U1/><E110/><V52/><F121/><W86/><G42/><T92/><D120/><U127/><E56/><V91/><F39/><W103/><G103/><T16/><D115/><U32/><E32/><V54/><F69/><W84/><G59/><T114/><D114/><U129/><E129/><V109/><F109/><W134/><G134/><T61/><D108/><U36/><E36/><V45/><F67/><W29/><G19/><T113/><D113/><U122/><E122/><V65/><F65/><W13/><G35/><T81/><D132/><U57/><E57/><V24/><F45/><W38/><G38/><T119/><D119/><U87/><E87/><N who="2" m="50407" /><F97/><W102/><G102/><T72/><D7/><U44/><E44/><V20/><F30/><W22/><G34/><T48/><D61/><U101/><E101/><V64/><F64/><W17/><REACH who="3" step="1"/><G86/><REACH who="3" ten="179,297,258,256" step="2"/><T76/><D104/><U78/><E105/><V43/><F43/><W112/><G112/><T41/><D107/><U62/><E62/><V135/><F135/><W111/><G111/><T133/><D41/><U47/><E47/><V106/><F106/><W79/><AGARI ba="1,1" hai="8,10,11,13,17,22,27,29,55,58,63,79,82,84" machi="79" ten="20,8000,1" yaku="1,1,0,1,7,1,8,1,52,1,53,0" doraHai="21" doraHaiUra="94" who="3" fromWho="3" sc="179,-21,297,-21,258,-41,256,93" /><INIT seed="3,0,0,4,4,110" ten="158,276,217,349" oya="3" hai0="2,13,23,21,28,62,89,133,35,115,47,96,45" hai1="10,59,107,135,124,129,40,99,100,84,43,41,26" hai2="56,64,22,77,120,67,1,9,42,39,54,36,88" hai3="6,5,58,25,71,4,86,108,15,80,94,117,49"/><W81/><G71/><T63/><D2/><U29/><E129/><V14/><F1/><W134/><G117/><T38/><D35/><U83/><E135/><V33/><F33/><W128/><G134/><T132/><D13/><U75/><E124/><V72/><F120/><W116/><G128/><T66/><D89/><U105/><E75/><V95/><F22/><W125/><G116/><T101/><D38/><U16/><E59/><V97/><F39/><W126/><G108/><T78/><D78/><U114/><E114/><V104/><F104/><W118/><G118/><T113/><D96/><U106/><E10/><V30/><F30/><W8/><G25/><T131/><D131/><U34/><REACH who="1" step="1"/><E16/><REACH who="1" ten="158,266,217,349" step="2"/><N who="2" m="8271" /><F72/><W122/><G122/><T44/><D28/><U69/><E69/><V82/><F36/><W93/><G126/><T32/><D32/><U98/><E98/><V90/><F77/><AGARI ba="0,1" hai="26,29,34,40,41,43,77,83,84,99,100,105,106,107" machi="77" ten="40,1300,0" yaku="1,1,53,0" doraHai="110" doraHaiUra="109" who="1" fromWho="2" sc="158,0,266,23,217,-13,349,0" owari="158,-34.0,289,9.0,204,-20.0,349,45.0" /></mjloggm>