<mjloggm ver="2.3"><GO type="97" lobby="0"/><UN n0="%E5%B0%B1%E6%B4%BB%E7%94%9F%40%E5%B7%9D%E6%9D%91%E8%BB%8D%E5%9B%A3" n1="%E5%A4%B1%E6%95%97%E2%98%86" n2="%73%69%6D%6F%6E%38%30%30" n3="%E5%8B%87%E5%88%A9%E3%81%8C%E6%9C%89%E5%88%A9" dan="13,14,15,13" rate="1904.34,1920.45,2018.31,1864.33" sx="M,M,M,M"/><TAIKYOKU oya="0"/><INIT seed="0,0,0,1,3,128" ten="250,250,250,250" oya="0" hai0="65,124,9,57,130,118,100,2,20,131,133,61,64" hai1="93,18,97,68,113,76,82,25,38,122,39,55,98" hai2="70,22,42,81,87,116,37,32,48,72,8,44,123" hai3="94,31,91,63,12,95,11,52,66,127,109,92,99"/><T84/><D118/><U1/><E122/><V34/><F123/><W135/><G109/><T90/><D100/><U125/><E1/><V40/><F116/><W60/><G127/><T41/><D41/><U112/><E68/><V107/><F107/><W51/><G31/><T59/><D124/><U71/><E71/><V27/><F70/><W53/><G135/><T111/><D20/><U16/><E125/><V33/><F72/><W58/><G63/><T96/><D96/><U62/><E112/><V14/><F37/><W114/><G114/><T129/><D111/><U46/><E113/><V30/><F40/><W75/><G75/><T134/><D59/><U49/><E62/><V29/><F29/><W13/><G13/><T103/><D103/><U47/><E47/><V7/><REACH who="2" step="1"/><F33/><REACH who="2" ten="250,250,240,250" step="2"/><W56/><REACH who="3" step="1"/><G66/><REACH who="3" ten="250,250,240,240" step="2"/><T86/><D65/><U85/><E39/><V83/><F83/><W104/><G104/><T126/><D126/><U132/><E38/><V19/><F19/><AGARI ba="0,2" hai="11,12,19,51,52,53,56,58,60,91,92,94,95,99" machi="19" ten="30,7700,0" yaku="1,1,7,1,8,1,54,1,53,0" doraHai="128" doraHaiUra="36" who="3" fromWho="2" sc="250,0,250,0,240,-77,240,97" /><INIT seed="1,0,0,0,0,17" ten="250,250,163,337" oya="1" hai0="11,94,129,20,60,4,12,83,126,23,71,25,44" hai1="22,8,87,39,42,130,78,68,127,43,49,91,59" hai2="135,19,108,125,120,40,103,100,33,38,81,7,84" hai3="124,104,48,89,115,62,109,93,85,28,90,63,79"/><U114/><E68/><V72/><F120/><W97/><G115/><T13/><D126/><U88/><E114/><V116/><F116/><W34/><G124/><T31/><D129/><U24/><E127/><V86/><F33/><W9/><G79/><T55/><D71/><U131/><E8/><V57/><F57/><W27/><G109/><T65/><D83/><N who="1" m="47607" /><E39/><V76/><F7/><W77/><G77/><T5/><D94/><U110/><E110/><V113/><F19/><W69/><G69/><T32/><D65/><U121/><E121/><V101/><F125/><W74/><G74/><T16/><D60/><U36/><E36/><V45/><F113/><W1/><G48/><T35/><D55/><N who="1" m="32239" /><E131/><V95/><F108/><W30/><G30/><T26/><D44/><U102/><E102/><V128/><F128/><W53/><G53/><T82/><D82/><U105/><E105/><V54/><F54/><W73/><G73/><T50/><D50/><U107/><E107/><V3/><F3/><W15/><G1/><T98/><D98/><U96/><E96/><V51/><F38/><W6/><G104/><T47/><D47/><U122/><E122/><V119/><F119/><W92/><AGARI ba="0,0" hai="6,9,15,27,28,34,62,63,85,89,90,92,93,97" machi="92" ten="20,1500,0" yaku="0,1,7,1" doraHai="17" who="3" fromWho="3" sc="250,-4,250,-7,163,-4,337,15" /><INIT seed="2,0,0,3,2,84" ten="246,243,159,352" oya="2" hai0="93,106,118,2,31,120,115,111,16,4,82,29,51" hai1="134,24,109,81,113,27,14,19,71,48,8,116,37" hai2="130,121,61,107,25,64,77,54,65,58,132,74,62" hai3="45,85,95,92,34,49,69,26,124,86,13,21,33"/><V125/><F107/><W98/><G69/><T96/><D106/><U44/><E116/><V135/><F121/><W94/><G124/><T30/><D120/><U127/><E113/><V122/><F122/><W90/><G86/><T83/><D118/><U104/><E127/><V67/><F125/><W5/><G5/><T7/><D115/><U99/><E71/><V100/><F100/><W70/><G70/><T123/><D123/><U52/><E134/><N who="2" m="51243" /><F25/><W68/><G13/><T103/><D111/><U101/><E109/><V9/><F9/><W32/><G98/><T63/><D63/><U22/><E37/><V129/><F74/><W102/><G102/><T56/><D16/><U10/><E81/><N who="0" m="30729" /><D2/><U20/><REACH who="1" step="1"/><E14/><REACH who="1" ten="246,233,159,352" step="2"/><V38/><F38/><W88/><G68/><T47/><D56/><U53/><E53/><AGARI ba="0,1" hai="4,7,29,30,31,47,51,53,93,96,103" m="30729" machi="53" ten="30,1000,0" yaku="8,1" doraHai="84" who="0" fromWho="1" sc="246,20,233,-10,159,0,352,0" /><INIT seed="3,0,0,5,4,100" ten="266,223,159,352" oya="3" hai0="114,110,45,1,18,49,123,118,108,67,133,126,112" hai1="51,130,96,68,15,86,116,89,11,60,20,27,66" hai2="26,4,43,105,19,63,48,33,53,22,44,117,98" hai3="99,102,73,71,103,2,101,124,39,78,115,46,122"/><W132/><G71/><T6/><D6/><U29/><E130/><V120/><F117/><W75/><G2/><T64/><D1/><U109/><E96/><V8/><F120/><W69/><G69/><T62/><D18/><U47/><E109/><N who="0" m="42089" /><D123/><U9/><E116/><V36/><F33/><W135/><G39/><T82/><D82/><U54/><E15/><V56/><F98/><W106/><G46/><T111/><N who="0" m="42097" /><T77/><DORA hai="12" /><D77/><U5/><REACH who="1" step="1"/><E5/><REACH who="1" ten="266,213,159,352" step="2"/><V37/><REACH who="2" step="1"/><F105/><REACH who="2" ten="266,213,149,352" step="2"/><N who="3" m="63679" /><G122/><T28/><D118/><U129/><E129/><V57/><F57/><W31/><G106/><T94/><D114/><U131/><E131/><V25/><F25/><W17/><G115/><T61/><D112/><U92/><AGARI ba="0,2" hai="9,11,20,27,29,47,51,54,60,66,68,86,89,92" machi="92" ten="20,5200,0" yaku="1,1,0,1,7,1,53,1" doraHai="100,12" doraHaiUra="24,76" who="1" fromWho="1" sc="266,-13,213,72,149,-13,352,-26" owari="253,-15.0,285,9.0,136,-36.0,326,42.0" /></mjloggm>