<mjloggm ver="2.3"><GO type="193" lobby="0"/><UN n0="%E5%B0%B1%E6%B4%BB%E7%94%9F%40%E5%B7%9D%E6%9D%91%E8%BB%8D%E5%9B%A3" n1="%67%75%6E%73%61%6D" n2="%4C%65%6E%6F%6E" n3="%E3%81%A6%E3%82%90%E3%81%A0%E3%82%93" dan="10,12,12,12" rate="1804.94,1808.03,1691.91,1738.22" sx="M,M,M,M"/><TAIKYOKU oya="0"/><INIT seed="0,0,0,4,2,30" ten="250,250,250,250" oya="0" hai0="32,16,48,80,122,77,92,69,31,9,134,76,29" hai1="89,51,46,34,37,13,42,110,102,1,106,72,120" hai2="55,39,63,25,93,132,36,5,94,131,21,75,108" hai3="127,45,74,98,101,82,109,19,96,78,62,73,91"/><T17/><D122/><U100/><E120/><V33/><F75/><W79/><G127/><T66/><D134/><U70/><E70/><V40/><F5/><W50/><G62/><T112/><D112/><U118/><E118/><V97/><F94/><W117/><G117/><T27/><D31/><U6/><E89/><V7/><F7/><W14/><G109/><T44/><D92/><U22/><E100/><V99/><F108/><W41/><G91/><T60/><D9/><N who="1" m="2255" /><E51/><V12/><F132/><W61/><G61/><T90/><D90/><U3/><E110/><V52/><F131/><W2/><G2/><T26/><D26/><U124/><E124/><V128/><F128/><W64/><G64/><T67/><D67/><U116/><E116/><V105/><F105/><W84/><G79/><T49/><D49/><U113/><E113/><V129/><F129/><W115/><G115/><T38/><D38/><U24/><E22/><V28/><F99/><W43/><G43/><T35/><D35/><U111/><E13/><V121/><F12/><W53/><G41/><T8/><D8/><U59/><E59/><V65/><F121/><W58/><G58/><T47/><D47/><U126/><E126/><V107/><F107/><W85/><G73/><T114/><D114/><U87/><E111/><V86/><F86/><N who="3" m="33387" /><G101/><T95/><D95/><U10/><E87/><V123/><F123/><W81/><G82/><T18/><REACH who="0" step="1"/><D80/><REACH who="0" ten="240,250,250,250" step="2"/><U71/><E10/><V0/><F39/><W57/><G45/><T125/><D125/><U11/><E11/><V130/><F130/><W54/><G54/><AGARI ba="0,1" hai="16,17,18,27,29,32,44,48,54,60,66,69,76,77" machi="54" ten="40,12000,1" yaku="1,1,6,1,52,1,54,1,53,1" doraHai="30" doraHaiUra="23" who="0" fromWho="3" sc="240,130,250,0,250,0,250,-120" /><INIT seed="0,1,0,2,2,59" ten="370,250,250,130" oya="0" hai0="18,44,97,95,87,103,63,14,12,30,55,7,100" hai1="115,8,27,31,28,34,73,25,127,69,83,82,20" hai2="130,126,106,88,80,29,53,81,111,86,129,125,65" hai3="22,39,48,67,128,102,114,78,32,60,66,51,47"/><T113/><D113/><U17/><E73/><V62/><F106/><W84/><G114/><T37/><D30/><U50/><E115/><V96/><F96/><W90/><G128/><N who="2" m="49257" /><F29/><W108/><G108/><T75/><D75/><U49/><E69/><N who="2" m="42167" /><F111/><W42/><G32/><T26/><D37/><U132/><E132/><V94/><F53/><W71/><G67/><T61/><D103/><U112/><E112/><V11/><F11/><W54/><G102/><T38/><D87/><U119/><E127/><AGARI ba="1,0" hai="80,81,86,88,94,125,126,127" m="42167,49257" machi="127" ten="30,7700,0" yaku="18,1,19,1,52,1,54,1" doraHai="59" who="2" fromWho="1" sc="370,0,250,-80,250,80,130,0" /><INIT seed="1,0,0,1,4,86" ten="370,170,330,130" oya="1" hai0="37,7,121,50,0,98,84,133,5,88,106,117,52" hai1="10,62,6,33,41,79,32,125,38,35,113,109,122" hai2="127,71,45,27,22,73,104,24,111,16,3,54,26" hai3="11,19,70,61,30,42,21,81,53,43,101,23,76"/><U66/><E122/><V25/><F73/><W78/><G70/><T12/><D37/><U9/><E113/><V31/><F104/><W92/><G30/><T74/><D117/><U2/><E125/><V85/><F71/><W90/><G101/><T47/><D74/><U103/><E109/><V55/><F3/><W48/><G61/><T131/><D0/><U1/><E103/><V49/><F127/><W120/><G120/><T94/><D121/><U17/><E79/><V67/><F111/><W29/><G29/><T83/><D131/><U58/><E41/><V63/><F85/><W91/><G92/><T102/><D133/><U4/><E17/><V100/><F100/><W75/><G76/><T46/><D46/><U60/><E60/><V93/><F93/><W57/><G11/><T87/><D12/><U95/><E95/><V112/><F112/><W114/><G114/><T110/><D110/><U82/><E82/><V132/><F132/><W123/><G123/><T59/><D47/><U72/><E72/><V115/><F115/><W97/><G97/><T128/><D128/><U130/><E130/><V40/><F67/><W80/><G80/><T77/><AGARI ba="0,0" hai="5,7,50,52,59,77,83,84,87,88,94,98,102,106" machi="77" ten="20,8000,1" yaku="0,1,7,1,52,1,54,2" doraHai="86" who="0" fromWho="0" sc="370,80,170,-40,330,-20,130,-20" /><INIT seed="2,0,0,4,3,46" ten="450,130,310,110" oya="2" hai0="15,133,109,54,28,27,65,70,131,76,75,121,26" hai1="116,84,44,66,50,68,64,35,39,83,47,112,106" hai2="40,32,90,132,104,60,135,129,0,80,127,57,86" hai3="43,19,107,92,42,48,85,91,62,113,115,69,18"/><V122/><F0/><W93/><G107/><T58/><D121/><U20/><E106/><V89/><F32/><W5/><G5/><T11/><D131/><U55/><E116/><V17/><F104/><W108/><G108/><T10/><D109/><U125/><E125/><V9/><F122/><W117/><G117/><T34/><D133/><N who="2" m="51274" /><F40/><W6/><G6/><T110/><D110/><U21/><E35/><V88/><F129/><W37/><G37/><T105/><D105/><U126/><E112/><N who="3" m="43082" /><G43/><T67/><D70/><U128/><E128/><V61/><F127/><W77/><G77/><T13/><D27/><U74/><E74/><V45/><F45/><N who="3" m="25655" /><G93/><T102/><D76/><U63/><E126/><V96/><F96/><W8/><G8/><T71/><D11/><U16/><E66/><AGARI ba="0,0" hai="18,19,62,66,69,85,91,92" m="25655,43082" machi="66" ten="30,2000,0" yaku="11,1,52,1" doraHai="46" who="3" fromWho="1" sc="450,0,130,-20,310,0,110,20" /><INIT seed="3,0,0,5,0,57" ten="450,110,310,130" oya="3" hai0="31,6,50,7,108,10,86,1,115,23,73,16,121" hai1="3,104,35,21,55,8,37,81,26,63,123,68,19" hai2="124,22,13,56,98,51,20,95,32,61,17,33,126" hai3="94,125,93,67,58,4,75,18,110,76,69,101,71"/><W105/><G125/><N who="2" m="48233" /><F51/><W113/><G113/><T132/><D73/><U135/><E123/><V118/><F118/><W129/><G129/><T78/><D121/><U85/><E104/><V15/><F15/><W11/><G18/><T83/><D115/><U96/><E37/><V62/><F56/><W28/><G28/><T43/><D132/><U53/><E135/><V74/><F22/><W80/><G110/><T131/><D108/><U42/><E42/><V100/><F74/><W117/><G117/><T2/><D131/><U106/><E96/><V109/><F109/><W122/><G122/><T128/><D128/><U36/><E106/><V65/><F65/><W40/><G40/><T47/><D31/><U116/><E36/><V70/><F70/><W24/><G24/><T91/><D7/><U29/><E116/><V87/><F87/><W41/><G41/><T119/><D119/><U79/><E3/><V120/><F120/><W88/><G94/><T38/><D1/><U12/><REACH who="1" step="1"/><E35/><AGARI ba="0,0" hai="13,17,20,32,33,35,61,62,95,98,100" m="48233" machi="35" ten="30,3900,0" yaku="18,1,52,2" doraHai="57" who="2" fromWho="1" sc="450,0,110,-39,310,39,130,0" owari="450,55.0,71,-43.0,349,15.0,130,-27.0" /></mjloggm>