<mjloggm ver="2.3"><GO type="97" lobby="0"/><UN n0="%4D%2E%54" n1="%7E%2D%79%75%75%2D%7E" n2="%E3%82%A6%E3%83%AB%E3%83%88%E3%83%A9%E7%AB%8B%E7%9B%B4" n3="%EF%BC%A7%EF%BC%B4%EF%BC%B3" dan="14,13,13,14" rate="2011.23,1909.54,1911.85,2011.05" sx="M,M,M,M"/><TAIKYOKU oya="0"/><INIT seed="0,0,0,3,2,61" ten="250,250,250,250" oya="0" hai0="9,105,6,5,58,62,32,76,10,42,78,84,52" hai1="100,8,103,3,75,53,66,12,50,85,25,49,88" hai2="71,34,15,20,121,68,90,124,134,87,73,60,59" hai3="51,46,22,97,98,108,80,81,120,16,26,110,129"/><T27/><D105/><U111/><E75/><V31/><F73/><W67/><G129/><T2/><D42/><U112/><E3/><V104/><F104/><W133/><G133/><T113/><D113/><U101/><E111/><N who="3" m="42538" /><G120/><T64/><D84/><U135/><E135/><V1/><F1/><W47/><G47/><T93/><D93/><U65/><E112/><V11/><F121/><W95/><G67/><N who="1" m="25610" /><E53/><V54/><F71/><W106/><G106/><T43/><D43/><U36/><E36/><V33/><F68/><W18/><G18/><T79/><D32/><U94/><E25/><N who="2" m="16807" /><F124/><W128/><G128/><T35/><D35/><U127/><E127/><V102/><F134/><W4/><G4/><AGARI ba="0,0" hai="4,8,12,49,50,85,88,94,100,101,103" m="25610" machi="4" ten="30,8000,1" yaku="8,1,52,3,54,1" doraHai="61" who="1" fromWho="3" sc="250,0,250,80,250,0,250,-80" /><INIT seed="1,0,0,5,0,3" ten="250,330,250,170" oya="1" hai0="38,32,10,120,102,63,13,0,23,87,20,49,98" hai1="96,108,112,8,116,18,1,119,22,79,46,9,35" hai2="78,61,12,91,122,117,105,48,111,115,44,80,60" hai3="99,30,37,88,5,43,17,106,47,66,52,100,74"/><U110/><E112/><V131/><F105/><W75/><G66/><T36/><D32/><U68/><E68/><V42/><F122/><W67/><G67/><T126/><D0/><U2/><E35/><V40/><F117/><W6/><G30/><T31/><D120/><U55/><E79/><V21/><F111/><N who="1" m="42537" /><E96/><V51/><F131/><W15/><G74/><T97/><D126/><U123/><E123/><V64/><F91/><W77/><G77/><T27/><D20/><U109/><E109/><V62/><F115/><W127/><G127/><T81/><D63/><N who="2" m="24138" /><F21/><W7/><G75/><T84/><D49/><N who="2" m="19018" /><F12/><W82/><G52/><T83/><D98/><U24/><E55/><V14/><F14/><W50/><G37/><T92/><D84/><U65/><E65/><V34/><F34/><W86/><REACH who="3" step="1"/><G5/><REACH who="3" ten="250,330,250,160" step="2"/><N who="0" m="3279" /><D36/><U39/><E39/><V58/><F44/><W28/><G28/><T25/><D38/><U104/><E119/><V118/><F118/><W125/><G125/><T45/><D45/><U95/><E116/><V70/><F78/><W41/><G41/><N who="2" m="15977" /><F80/><W130/><G130/><T53/><D81/><U73/><E46/><V89/><F89/><W134/><G134/><T56/><D83/><U114/><E114/><V54/><F54/><W121/><G121/><T93/><D53/><U133/><E133/><V124/><F124/><W71/><G71/><AGARI ba="0,1" hai="58,62,64,70,71" m="15977,19018,24138" machi="71" ten="30,8000,1" yaku="35,5" doraHai="3" who="2" fromWho="3" sc="250,0,330,0,250,90,160,-80" /><INIT seed="2,0,0,3,5,126" ten="250,330,340,80" oya="2" hai0="101,122,86,129,13,31,28,42,97,73,0,133,6" hai1="98,34,128,135,72,82,2,130,109,47,65,46,81" hai2="107,32,123,110,113,120,90,127,26,85,68,99,20" hai3="7,71,1,39,43,78,70,116,61,53,60,17,104"/><V57/><F68/><W119/><G104/><T54/><D122/><U131/><E2/><V56/><F32/><W96/><G96/><T3/><D73/><U100/><E34/><V75/><F113/><W83/><G83/><N who="1" m="31754" /><E72/><V77/><F75/><W52/><G78/><T10/><D86/><U69/><E135/><V18/><F77/><W27/><G17/><T64/><D42/><U16/><E109/><V9/><F127/><W36/><G27/><T134/><D64/><U45/><E16/><N who="2" m="12551" /><F110/><W48/><G7/><T88/><D54/><U112/><E112/><V102/><F18/><W44/><G1/><N who="0" m="587" /><D101/><U87/><E87/><V30/><F30/><N who="0" m="11306" /><D97/><U5/><E5/><V19/><F90/><W66/><G119/><T35/><D88/><U95/><E65/><V67/><F67/><N who="3" m="41319" /><G116/><T41/><D41/><U89/><E69/><V74/><F85/><W132/><G132/><N who="0" m="50795" /><D35/><U93/><E89/><V106/><F74/><W22/><G22/><T38/><D38/><AGARI ba="0,0" hai="36,38,39,43,44,48,52,53,61,66,71" m="41319" machi="38" ten="30,12000,2" yaku="35,5,54,1" doraHai="126" who="3" fromWho="0" sc="250,-120,330,0,340,0,80,120" /><INIT seed="3,0,0,3,0,2" ten="130,330,340,200" oya="3" hai0="40,37,30,4,94,58,78,89,111,84,49,109,115" hai1="103,27,82,21,120,71,14,0,26,53,129,101,41" hai2="31,131,116,80,67,92,122,88,95,83,93,66,130" hai3="87,16,102,42,3,18,63,134,127,43,38,121,117"/><W76/><G121/><T81/><D37/><U90/><E120/><V46/><F122/><W128/><G117/><T100/><D30/><U126/><E71/><V61/><F116/><W104/><G134/><T69/><D69/><U85/><E129/><N who="2" m="49163" /><F31/><W108/><G128/><T24/><D24/><N who="1" m="9259" /><E0/><V125/><F125/><W5/><G127/><T29/><D29/><U23/><E126/><V135/><F135/><W59/><G102/><N who="1" m="38922" /><E41/><V96/><F46/><W73/><G73/><T9/><D100/><U62/><E14/><V118/><F118/><W35/><G104/><T10/><D115/><U106/><E106/><V86/><F67/><W123/><G35/><T74/><D10/><U39/><E39/><V7/><F7/><W34/><G34/><T112/><D112/><U22/><E22/><V36/><F36/><W124/><G124/><T113/><D113/><U48/><E62/><V47/><F47/><AGARI ba="0,0" hai="21,23,47,48,53,82,85,90" m="38922,9259" machi="47" ten="30,1000,0" yaku="8,1" doraHai="2" who="1" fromWho="2" sc="130,0,330,10,340,-10,200,0" owari="130,-37.0,340,44.0,330,13.0,200,-20.0" /></mjloggm>