<mjloggm ver="2.3"><GO type="97" lobby="0"/><UN n0="%E6%9D%BE%E5%B7%9D%E5%93%B2%E4%B9%9F" n1="%6D%69%74%61" n2="%E3%82%A6%E3%83%AB%E3%83%88%E3%83%A9%E7%AB%8B%E7%9B%B4" n3="%54%45%73%74%41%66%72%6F" dan="13,14,14,13" rate="1890.83,1986.76,1960.15,1898.35" sx="M,M,M,M"/><TAIKYOKU oya="0"/><INIT seed="0,0,0,0,0,35" ten="250,250,250,250" oya="0" hai0="89,116,130,101,20,24,48,62,96,39,90,33,111" hai1="75,93,15,131,71,126,102,132,118,19,61,81,106" hai2="32,115,54,41,57,124,104,76,49,85,26,18,95" hai3="27,6,122,10,84,66,40,67,45,99,92,58,109"/><T12/><D116/><U9/><E118/><V4/><F104/><W17/><G109/><T0/><D39/><U117/><E106/><V11/><F115/><W44/><G122/><T134/><D33/><U14/><E117/><V28/><F124/><W60/><G84/><T97/><D130/><U120/><E126/><V63/><F18/><W36/><G45/><T30/><D134/><U129/><E120/><V133/><F133/><W2/><G27/><T108/><D97/><N who="1" m="59695" /><E132/><V98/><F85/><W23/><G23/><T16/><D62/><U50/><E50/><V21/><F76/><W135/><G135/><T119/><D119/><U37/><E37/><V42/><F32/><W5/><G5/><T86/><D48/><U94/><E61/><V53/><F53/><W112/><G112/><T79/><D0/><U8/><E71/><V113/><F49/><W100/><REACH who="3" step="1"/><G17/><REACH who="3" ten="250,250,250,240" step="2"/><T69/><D79/><U103/><E131/><V70/><F113/><W83/><G83/><T25/><D86/><U82/><E75/><V73/><F73/><W110/><G110/><N who="0" m="42027" /><D25/><U51/><E129/><V22/><F22/><W74/><G74/><T13/><D13/><U80/><E14/><V91/><REACH who="2" step="1"/><F70/><REACH who="2" ten="250,250,240,240" step="2"/><W77/><G77/><T72/><D69/><U59/><E8/><V3/><AGARI ba="0,2" hai="3,4,11,21,26,28,41,42,54,57,63,91,95,98" machi="3" ten="20,12000,2" yaku="1,1,2,1,0,1,7,1,52,1,53,1" doraHai="35" doraHaiUra="55" who="2" fromWho="2" sc="250,-60,250,-30,240,140,240,-30" /><INIT seed="1,0,0,0,5,57" ten="190,220,380,210" oya="1" hai0="73,16,28,122,59,101,116,52,35,112,70,87,85" hai1="82,19,135,25,66,118,92,61,67,58,75,76,107" hai2="119,68,132,120,121,99,55,47,41,64,109,53,123" hai3="43,89,108,5,78,31,10,74,117,30,63,24,40"/><U62/><E107/><V131/><F99/><W125/><G108/><T14/><D116/><U26/><E118/><V50/><F119/><W46/><G117/><T65/><D112/><U13/><E135/><V4/><F4/><W130/><G31/><T71/><D73/><U36/><E92/><V60/><F109/><W134/><G134/><T56/><D71/><U103/><E103/><V129/><F132/><W110/><G110/><T51/><D70/><U48/><E48/><V127/><F127/><W27/><G125/><T2/><D2/><U45/><E45/><V1/><F1/><W7/><G130/><AGARI ba="0,0" hai="41,47,50,53,55,60,64,68,120,121,123,129,130,131" machi="130" ten="50,8000,1" yaku="19,1,34,3,52,1" doraHai="57" who="2" fromWho="3" sc="190,0,220,0,380,80,210,-80" /><INIT seed="2,0,0,5,0,30" ten="190,220,460,130" oya="2" hai0="18,71,22,40,43,21,58,119,53,88,70,23,8" hai1="60,9,118,100,46,95,87,20,92,2,81,123,96" hai2="12,33,1,110,133,85,103,116,55,35,84,132,98" hai3="109,105,74,104,6,15,28,49,52,0,75,29,54"/><V112/><F1/><W125/><G0/><T89/><D119/><U76/><E118/><V19/><F55/><W80/><G6/><T68/><D8/><U129/><E129/><V34/><F116/><W38/><G15/><T124/><D124/><U17/><E123/><V64/><F64/><W83/><G125/><T61/><REACH who="0" step="1"/><D18/><REACH who="0" ten="180,220,460,130" step="2"/><U86/><E9/><V44/><F112/><W126/><G126/><T69/><N who="0" m="17920" /><DORA hai="128" /><T117/><D117/><U4/><E4/><V37/><F110/><W78/><G109/><T62/><D62/><U41/><E2/><V63/><F63/><W127/><G127/><T90/><AGARI ba="0,1" hai="21,22,23,40,43,53,58,61,88,89,90" m="17920" machi="90" ten="70,12000,2" yaku="1,1,0,1,29,2,54,1,53,1" doraHai="30,128" doraHaiUra="50,3" who="0" fromWho="0" sc="180,130,220,-30,460,-60,130,-30" /><INIT seed="3,0,0,0,3,74" ten="310,190,400,100" oya="3" hai0="123,67,5,90,52,28,100,19,112,11,111,87,2" hai1="130,108,126,21,29,99,118,125,105,51,13,78,71" hai2="27,92,54,31,113,66,0,56,50,1,23,135,106" hai3="6,72,39,61,75,37,73,98,119,101,42,53,107"/><W3/><G119/><T83/><D123/><U43/><E71/><V16/><F106/><W97/><G53/><T124/><D28/><U110/><E99/><V55/><F113/><W63/><G98/><T114/><D67/><U70/><E105/><V77/><F135/><W9/><REACH who="3" step="1"/><G42/><REACH who="3" ten="310,190,400,90" step="2"/><T47/><D100/><U18/><E43/><V65/><F55/><W22/><G22/><T49/><D124/><U117/><E118/><V44/><F65/><W4/><G4/><T35/><D35/><U102/><E117/><V30/><F66/><W94/><G94/><T132/><D132/><U32/><E32/><V8/><F92/><W115/><G115/><N who="0" m="44075" /><D111/><U45/><E110/><V20/><F20/><W33/><G33/><T127/><D127/><U86/><E126/><V103/><F23/><W104/><G104/><T14/><D2/><U60/><E125/><V12/><F1/><W24/><G24/><T10/><D10/><U62/><E108/><V36/><F0/><W121/><G121/><T134/><D134/><U76/><E70/><V84/><F27/><W80/><G80/><T122/><D122/><U109/><E109/><V81/><F103/><W120/><G120/><T131/><D131/><U88/><E130/><V133/><F133/><W95/><G95/><T38/><D38/><AGARI ba="0,1" hai="3,6,9,37,38,39,61,63,72,73,75,97,101,107" machi="38" ten="50,2400,0" yaku="1,1,53,0" doraHai="74" doraHaiUra="25" who="3" fromWho="0" sc="310,-24,190,0,400,0,90,34" /><INIT seed="3,1,0,5,4,28" ten="286,190,400,124" oya="3" hai0="41,119,36,49,97,103,65,101,135,38,134,132,44" hai1="33,69,80,7,39,21,3,93,121,89,10,27,47" hai2="120,70,43,112,57,109,84,77,13,104,12,86,48" hai3="32,118,123,100,31,63,1,54,88,14,62,106,67"/><W23/><G118/><T51/><D119/><U24/><E121/><V55/><F70/><W22/><G123/><T25/><D103/><U42/><E69/><V37/><F104/><W102/><G1/><T128/><D65/><U126/><E126/><V5/><F112/><W61/><G67/><T81/><D128/><U107/><E107/><V108/><F120/><W130/><G130/><T117/><D117/><U53/><E53/><V50/><F37/><W111/><G106/><T9/><D9/><U45/><E45/><N who="2" m="25663" /><F86/><W35/><G54/><T20/><D81/><U131/><E131/><V17/><F17/><W122/><G122/><T99/><D51/><U30/><E80/><N who="2" m="47119" /><F13/><W18/><G111/><T4/><D97/><U66/><E66/><V87/><F87/><W73/><G73/><T110/><D4/><U133/><E133/><V79/><F79/><W76/><G76/><T125/><D125/><U98/><REACH who="1" step="1"/><E24/><REACH who="1" ten="286,180,400,124" step="2"/><V85/><F85/><W91/><G32/><AGARI ba="1,1" hai="3,7,10,21,27,30,32,33,39,42,47,89,93,98" machi="32" ten="40,8000,1" yaku="1,1,2,1,52,2,53,1" doraHai="28" doraHaiUra="92" who="1" fromWho="3" sc="286,0,180,93,400,0,124,-83" owari="286,9.0,273,-13.0,400,50.0,41,-46.0" /></mjloggm>