<mjloggm ver="2.3"><GO type="193" lobby="0"/><UN n0="%67%75%63%68%61" n1="%E5%B0%B1%E6%B4%BB%E7%94%9F%40%E5%B7%9D%E6%9D%91%E8%BB%8D%E5%9B%A3" n2="%6B%74%68%6E%61" n3="%E3%81%8B%E3%82%93%E3%81%B1%E3%82%93%E3%81%86%E3%82%81%E3%81%87" dan="11,11,9,12" rate="1674.23,1791.19,1500.45,1729.74" sx="M,M,M,F"/><TAIKYOKU oya="0"/><INIT seed="0,0,0,0,1,135" ten="250,250,250,250" oya="0" hai0="66,118,36,67,28,106,29,46,11,68,8,39,72" hai1="95,10,56,1,97,59,121,12,34,104,4,88,6" hai2="63,115,91,111,26,107,2,75,13,105,90,3,55" hai3="15,129,38,24,76,132,81,14,83,32,108,80,49"/><T40/><D106/><U31/><E121/><V20/><F75/><W22/><G38/><T42/><D72/><U0/><E104/><V92/><F115/><W116/><G116/><T113/><D113/><U17/><E4/><V93/><F111/><W21/><G132/><T37/><D118/><U130/><E1/><V69/><F69/><W85/><G108/><T23/><D23/><U73/><E73/><V35/><F107/><W33/><G129/><T98/><D98/><U52/><E130/><V77/><F105/><W109/><G109/><T120/><D120/><U57/><E31/><V114/><F114/><W71/><G71/><T19/><D19/><U125/><E34/><N who="3" m="13418" /><G24/><T84/><D84/><U103/><E125/><V54/><F77/><W61/><G61/><T133/><D133/><U62/><REACH who="1" step="1"/><E103/><REACH who="1" ten="250,240,250,250" step="2"/><V47/><F2/><W45/><G76/><T123/><D123/><U74/><E74/><V99/><F99/><W5/><G5/><T94/><D29/><U41/><E41/><V43/><F3/><W64/><G85/><T60/><D28/><U124/><E124/><V122/><F63/><W119/><G119/><T7/><D42/><U51/><E51/><V53/><F122/><W25/><G49/><T131/><D40/><U134/><E134/><V89/><F35/><W117/><G117/><T100/><D131/><U44/><E44/><V127/><F127/><W96/><G45/><T27/><D46/><U48/><E48/><N who="2" m="26751" /><F13/><N who="3" m="4619" /><G25/><T50/><D7/><U102/><E102/><V30/><AGARI ba="0,1" hai="20,26,30,53,54,55,89,90,91,92,93" m="26751" machi="30" ten="30,1100,0" yaku="8,1" doraHai="135" who="2" fromWho="2" sc="250,-5,240,-3,250,21,250,-3" /><INIT seed="1,0,0,3,1,55" ten="245,237,271,247" oya="1" hai0="113,0,105,50,73,38,16,119,1,93,7,17,31" hai1="49,25,134,98,99,57,48,63,10,65,56,40,108" hai2="45,42,124,11,41,103,107,101,2,59,131,114,75" hai3="122,61,37,3,83,135,112,64,20,30,92,67,69"/><U125/><E125/><V62/><F75/><W60/><G112/><T44/><D38/><U24/><E134/><V29/><F124/><W71/><G122/><T87/><D105/><U12/><E108/><V4/><F29/><W26/><G3/><T96/><D73/><U6/><E48/><V27/><F114/><W88/><G135/><T104/><D119/><U32/><E32/><V33/><F131/><W66/><G37/><T110/><D113/><U130/><E130/><V21/><F33/><W36/><G36/><T85/><D110/><U51/><E51/><V118/><F118/><W22/><G83/><T82/><D104/><U80/><E80/><V109/><F107/><W129/><G129/><T111/><D111/><U133/><E133/><V72/><F72/><W14/><G14/><T34/><D34/><U52/><E40/><V120/><F120/><W106/><G106/><T95/><D31/><U94/><E98/><V74/><F74/><W8/><G8/><T43/><D0/><U128/><E128/><V123/><F123/><W19/><G66/><T70/><D70/><U117/><E117/><V91/><F109/><W77/><G77/><T58/><D1/><U89/><AGARI ba="0,0" hai="6,10,12,24,25,49,52,56,57,63,65,89,94,99" machi="89" ten="20,18000,2" yaku="0,1,7,1,8,1,52,2,54,1" doraHai="55" who="1" fromWho="1" sc="245,-60,237,180,271,-60,247,-60" /><INIT seed="1,1,0,0,2,79" ten="185,417,211,187" oya="1" hai0="131,77,98,114,100,59,55,46,44,25,31,75,120" hai1="66,81,99,84,97,129,14,54,30,115,78,56,118" hai2="12,91,16,72,65,29,85,113,71,68,119,80,35" hai3="18,104,106,43,73,9,10,109,130,102,93,126,5"/><U27/><E118/><V108/><F119/><W112/><G73/><T92/><D120/><U32/><E115/><V134/><F35/><W22/><G112/><T64/><D114/><U128/><E66/><V8/><F113/><W52/><G109/><T88/><D131/><N who="1" m="50251" /><E14/><V101/><F134/><W41/><G126/><T15/><D75/><U24/><E24/><V89/><F101/><W132/><G132/><T40/><D77/><U36/><E36/><V47/><F47/><W33/><G33/><T13/><D64/><U17/><E17/><V63/><F71/><W107/><G130/><T57/><D100/><U62/><AGARI ba="1,0" hai="27,30,32,54,56,62,78,81,84,97,99" m="50251" machi="62" ten="30,3000,0" yaku="19,1,52,1" doraHai="79" who="1" fromWho="1" sc="185,-11,417,33,211,-11,187,-11" /><INIT seed="1,2,0,1,2,92" ten="174,450,200,176" oya="1" hai0="42,124,57,63,132,128,30,90,8,58,101,117,35" hai1="102,105,14,22,104,9,71,61,115,28,86,25,29" hai2="49,0,46,97,40,62,67,93,24,135,20,120,45" hai3="108,38,11,80,112,69,100,65,56,2,21,36,54"/><U107/><E115/><V133/><F0/><W123/><G112/><T76/><D117/><U59/><E71/><V95/><F120/><W134/><G123/><T127/><D76/><U119/><E119/><V52/><F133/><W81/><G134/><T23/><D132/><U89/><E29/><V32/><F135/><W48/><G108/><T126/><D35/><U68/><E68/><V5/><F32/><W41/><G100/><T87/><D101/><U19/><E102/><V66/><F62/><W73/><G21/><T64/><D128/><U129/><E129/><V10/><F95/><W55/><G55/><T12/><D42/><U116/><E116/><V39/><F20/><W131/><G131/><T83/><D30/><U50/><E50/><V110/><F110/><W17/><G73/><T60/><D23/><U43/><E43/><V113/><F113/><W88/><G36/><T72/><D72/><U15/><E15/><V3/><REACH who="2" step="1"/><F24/><REACH who="2" ten="174,450,190,176" step="2"/><W6/><G2/><T130/><D130/><U85/><E107/><V103/><AGARI ba="2,1" hai="3,5,10,39,40,45,46,49,52,66,67,93,97,103" machi="103" ten="20,12000,2" yaku="1,1,2,1,0,1,7,1,52,1,54,1,53,0" doraHai="92" doraHaiUra="111" who="2" fromWho="2" sc="174,-32,450,-62,190,136,176,-32" /><INIT seed="2,0,0,0,1,5" ten="142,388,326,144" oya="2" hai0="69,26,43,73,84,36,57,60,50,34,111,134,30" hai1="117,12,16,67,126,38,93,97,85,133,132,82,32" hai2="91,128,40,35,0,77,53,46,61,3,115,42,101" hai3="78,45,17,131,47,108,122,68,66,59,99,56,118"/><V113/><F35/><W104/><G122/><T72/><D134/><N who="1" m="51819" /><E32/><V37/><F42/><W48/><G118/><T19/><D69/><U112/><E117/><V114/><F77/><W100/><G78/><T80/><D111/><U130/><E38/><V33/><F33/><W86/><G108/><T94/><D36/><U39/><E39/><V15/><F101/><W11/><G131/><T4/><D94/><U31/><E112/><V107/><F107/><W116/><G116/><T106/><D106/><U21/><E31/><V76/><F76/><W58/><G68/><T92/><D92/><U54/><E54/><V63/><F128/><W89/><G47/><T41/><D41/><U119/><E67/><V44/><F15/><W70/><G70/><T125/><D125/><U23/><E119/><V55/><F91/><W105/><G105/><T95/><D95/><U2/><E2/><V28/><F28/><W79/><G79/><T74/><D4/><U121/><E121/><V110/><F110/><W129/><G129/><T13/><D50/><U29/><E29/><V109/><F109/><W87/><G87/><T96/><D43/><U51/><E51/><V124/><F124/><W52/><G59/><T14/><D96/><U27/><E126/><V62/><F46/><W102/><G66/><T71/><D71/><U65/><E65/><V135/><F135/><W90/><G90/><T22/><D13/><U120/><E120/><V24/><REACH who="2" step="1"/><F24/><REACH who="2" ten="142,388,316,144" step="2"/><W98/><G102/><T20/><D72/><U64/><E27/><V10/><F10/><W75/><G100/><T123/><D34/><RYUUKYOKU ba="0,1" sc="142,-10,388,-10,316,30,144,-10" hai2="0,3,37,40,44,53,55,61,62,63,113,114,115" /><INIT seed="2,1,1,5,3,90" ten="132,378,346,134" oya="2" hai0="21,69,81,1,131,74,86,32,41,124,30,42,28" hai1="64,75,96,18,68,49,93,61,119,5,111,106,102" hai2="55,26,120,7,122,10,89,112,56,46,4,9,72" hai3="44,99,78,117,133,63,116,51,38,128,83,77,40"/><V95/><F72/><W34/><G34/><T125/><D69/><U79/><E111/><V8/><F112/><W14/><G128/><T97/><D74/><U118/><E5/><V0/><F46/><W57/><G133/><T29/><D1/><U67/><E67/><V65/><F65/><W13/><G117/><T135/><D131/><U66/><E66/><V22/><F122/><W23/><G116/><T11/><D135/><U70/><E70/><V52/><F120/><W92/><G38/><T134/><D134/><U104/><E49/><V19/><F0/><W98/><G98/><T94/><D32/><U103/><E18/><V105/><F105/><W109/><G109/><T2/><D2/><U48/><E48/><V20/><F20/><W82/><G78/><T88/><D11/><U71/><E71/><V108/><F108/><W31/><G13/><T25/><D41/><U3/><E3/><V45/><F45/><W85/><G82/><T60/><D60/><U73/><E93/><V110/><F110/><W37/><G37/><T35/><D42/><U76/><E76/><V113/><F113/><W84/><G84/><T115/><D115/><U91/><E91/><V47/><F47/><W132/><G132/><T24/><REACH who="0" step="1"/><D29/><REACH who="0" ten="122,378,346,134" step="2"/><U59/><E75/><V87/><F55/><W114/><G31/><T80/><D80/><U43/><E68/><V39/><F39/><W53/><G114/><T33/><D33/><U6/><E118/><V130/><F130/><W15/><G23/><T123/><D123/><U127/><E119/><V36/><F36/><W17/><G17/><RYUUKYOKU ba="1,2" sc="122,10,378,-30,346,10,134,10" hai0="21,24,25,28,30,35,81,86,88,94,97,124,125" hai2="4,7,8,9,10,19,22,26,52,56,87,89,95" hai3="14,15,40,44,51,53,57,63,77,83,85,92,99" /><INIT seed="2,2,2,0,4,56" ten="132,348,356,144" oya="2" hai0="3,58,57,5,104,46,71,16,68,12,128,86,127" hai1="87,114,130,25,50,28,42,49,88,45,47,126,7" hai2="116,105,21,31,0,6,33,92,15,52,35,133,54" hai3="85,108,37,30,2,9,34,73,51,79,109,94,66"/><V48/><F105/><W111/><G37/><T102/><D104/><U38/><E126/><V65/><F116/><W72/><G66/><T13/><D3/><U77/><E130/><V103/><F0/><W22/><G22/><T89/><D128/><U101/><E114/><V106/><F106/><W24/><G51/><T8/><D127/><U83/><E101/><V67/><F33/><W117/><G94/><T93/><D71/><U43/><E7/><V131/><F35/><W62/><G85/><T129/><D68/><U70/><E70/><V78/><F78/><W18/><G18/><T123/><D129/><U120/><E120/><V112/><F112/><W29/><G29/><T4/><D123/><U80/><E38/><V119/><F119/><W75/><G79/><T107/><D46/><U17/><E17/><V91/><F103/><W32/><G32/><T20/><REACH who="0" step="1"/><D4/><REACH who="0" ten="122,348,356,144" step="2"/><U27/><E28/><V132/><F131/><W100/><G100/><T60/><D60/><U1/><E1/><V53/><F6/><N who="3" m="1239" /><G117/><T44/><D44/><U19/><E19/><V64/><F48/><W122/><G122/><T61/><D61/><AGARI ba="2,3" hai="24,30,34,61,62,72,73,75,108,109,111" m="1239" machi="61" ten="40,5200,0" yaku="14,1,52,2" doraHai="56" who="3" fromWho="0" sc="122,-58,348,0,356,0,144,88" /><INIT seed="3,0,0,2,2,42" ten="64,348,356,232" oya="3" hai0="52,78,14,107,50,62,106,8,84,18,131,60,90" hai1="54,51,134,112,25,32,21,76,36,63,95,20,115" hai2="1,100,39,10,83,59,34,121,17,29,48,127,89" hai3="38,69,31,13,27,6,123,70,86,40,92,129,26"/><W28/><G123/><T126/><D126/><U93/><E36/><V68/><F68/><W91/><G129/><T65/><D131/><U61/><E134/><V23/><F34/><W44/><G70/><T97/><D78/><U41/><E32/><V119/><F29/><W43/><G69/><T11/><D97/><U49/><E76/><V117/><F39/><W47/><G6/><T99/><D99/><U15/><E112/><V111/><F100/><W88/><G13/><T12/><D107/><U130/><E130/><V113/><F1/><W24/><G38/><T37/><D106/><U4/><E115/><V87/><F10/><W35/><G35/><T124/><D37/><U98/><E41/><N who="3" m="15946" /><G91/><T53/><D124/><U103/><E93/><V102/><F102/><W122/><G122/><T132/><D132/><U19/><E49/><V22/><F113/><W81/><G81/><T45/><D65/><U5/><E5/><V125/><F111/><W109/><G109/><T46/><D46/><AGARI ba="0,0" hai="24,26,27,28,31,44,46,47,86,88,92" m="15946" machi="46" ten="30,12000,1" yaku="8,1,52,3,54,1" doraHai="42" who="3" fromWho="0" sc="64,-120,348,0,356,0,232,120" owari="-56,-56.0,348,-5.0,356,46.0,352,15.0" /></mjloggm>