<mjloggm ver="2.3"><GO type="169" lobby="0"/><UN n0="%E3%82%89%E3%81%8F%E3%81%A0%EF%BC%90%EF%BC%91%EF%BC%90%EF%BC%99" n1="%E3%81%82%E3%82%8B%E3%81%A1%E3%82%83%E3%82%93" n2="%E3%82%A6%E3%83%AB%E3%83%88%E3%83%A9%E7%AB%8B%E7%9B%B4" n3="%6B%65%6E%79%61%30%31" dan="16,16,17,16" rate="2146.37,2050.88,2116.56,2109.63" sx="M,M,M,M"/><TAIKYOKU oya="0"/><INIT seed="0,0,0,4,2,119" ten="250,250,250,250" oya="0" hai0="87,7,82,120,11,28,131,32,68,55,97,48,129" hai1="19,20,8,70,6,101,71,31,115,98,40,123,47" hai2="67,109,90,36,56,127,12,121,85,135,77,89,62" hai3="54,25,65,45,104,2,113,93,111,78,16,108,125"/><T33/><D68/><U43/><E31/><V83/><F36/><W117/><G117/><T1/><D97/><U80/><E115/><V30/><F109/><N who="3" m="42059" /><G104/><T94/><D94/><U118/><E118/><V44/><F127/><W27/><G2/><T35/><D28/><U122/><E80/><V5/><F135/><W18/><G113/><T134/><D134/><U23/><E71/><V100/><F121/><W59/><G78/><T64/><D64/><U69/><E69/><V66/><F66/><W110/><G110/><T13/><D1/><U52/><E70/><V15/><F100/><W112/><G112/><T51/><D120/><U22/><E19/><N who="3" m="7210" /><G125/><T72/><D72/><U3/><E43/><V74/><F74/><W103/><G45/><T60/><D60/><U75/><E75/><V91/><F5/><W9/><G9/><T4/><D4/><U107/><REACH who="1" step="1"/><E52/><REACH who="1" ten="250,240,250,250" step="2"/><V106/><F30/><W73/><G65/><T96/><D55/><U42/><E42/><V81/><F81/><W58/><G73/><T21/><D82/><U99/><E99/><V46/><F106/><W76/><G76/><T53/><D96/><U114/><E114/><V133/><F133/><W102/><G59/><T61/><D53/><U57/><E57/><V86/><F86/><W37/><G37/><AGARI ba="0,1" hai="3,6,8,20,22,23,37,40,47,98,101,107,122,123" machi="37" ten="40,8000,1" yaku="1,1,52,2,53,1" doraHai="119" doraHaiUra="41" who="1" fromWho="3" sc="250,0,240,90,250,0,250,-80" /><INIT seed="1,0,0,4,4,14" ten="250,330,250,170" oya="1" hai0="121,22,128,77,126,18,117,20,132,73,102,85,86" hai1="40,7,13,3,130,71,123,11,28,68,87,54,23" hai2="37,134,51,120,84,43,135,32,27,64,0,55,49" hai3="103,62,101,72,4,8,74,91,108,26,90,41,56"/><U124/><E123/><V24/><F84/><W92/><G108/><T33/><D33/><U125/><E40/><V105/><F105/><W104/><G104/><T35/><D35/><U70/><E130/><V89/><F89/><W118/><G118/><T31/><D117/><U47/><E87/><V76/><F76/><W94/><G41/><T82/><D128/><U95/><E95/><N who="3" m="36394" /><G8/><T114/><D114/><U99/><E99/><V119/><F0/><W16/><G4/><T65/><D121/><U122/><E122/><V2/><F2/><W10/><G72/><T93/><D65/><U80/><E80/><V46/><F32/><W34/><G34/><T5/><D5/><U106/><E106/><V110/><F120/><W15/><G26/><T45/><D93/><U67/><E67/><V58/><F24/><W131/><G74/><T96/><D102/><N who="3" m="38921" /><G131/><T39/><D96/><U69/><E69/><V60/><F27/><W107/><G107/><T78/><D73/><U61/><E3/><V48/><F119/><W81/><G81/><T113/><D113/><U100/><E100/><V6/><F6/><W97/><G97/><T9/><D9/><U59/><E71/><N who="2" m="42375" /><F110/><W109/><G109/><T88/><D39/><U115/><E70/><V79/><F79/><W42/><G42/><T19/><D82/><U21/><E68/><V1/><F1/><W12/><G12/><T116/><D78/><U36/><E115/><V53/><F37/><W38/><G38/><T127/><D77/><U129/><E129/><V133/><F43/><W83/><G83/><T98/><D98/><RYUUKYOKU ba="0,0" sc="250,-15,330,-15,250,15,170,15" hai2="46,48,49,51,53,55,58,133,134,135" hai3="10,15,16,56,62,90,91" /><INIT seed="2,1,0,3,3,45" ten="235,315,265,185" oya="2" hai0="26,65,129,37,99,31,75,16,128,48,51,30,18" hai1="76,64,28,89,77,109,11,59,62,25,100,133,12" hai2="120,3,6,90,125,40,47,107,8,105,21,66,44" hai3="69,43,67,102,39,41,73,2,97,10,93,85,106"/><V118/><F118/><W123/><G123/><T86/><D75/><U92/><E109/><V36/><F120/><W131/><G131/><N who="0" m="50251" /><D37/><U57/><E100/><V68/><F125/><W24/><G73/><T61/><D99/><U98/><E133/><V83/><F21/><W19/><G39/><T22/><D86/><U20/><REACH who="1" step="1"/><E59/><REACH who="1" ten="235,305,265,185" step="2"/><V78/><F90/><W15/><G102/><T9/><D31/><U124/><E124/><V33/><F33/><W52/><G69/><N who="0" m="42159" /><D9/><U70/><E70/><V121/><F121/><W53/><G10/><T1/><D1/><U114/><E114/><V46/><F107/><W56/><G2/><T96/><D96/><U117/><E117/><V111/><F105/><W116/><G97/><T126/><D126/><U127/><E127/><V4/><F111/><W7/><G106/><T113/><D113/><U134/><E134/><V0/><F0/><W79/><G116/><T71/><D71/><U135/><E135/><V122/><F122/><W94/><G56/><T35/><D18/><AGARI ba="1,1" hai="11,12,18,20,25,28,57,62,64,76,77,89,92,98" machi="18" ten="30,3900,0" yaku="1,1,7,1,8,1,53,0" doraHai="45" doraHaiUra="103" who="1" fromWho="0" sc="235,-42,305,52,265,0,185,0" /><INIT seed="3,0,0,2,3,82" ten="193,357,265,185" oya="3" hai0="124,17,14,30,45,58,107,50,8,65,16,102,91" hai1="9,112,59,56,68,94,1,49,74,131,31,0,98" hai2="120,93,42,48,81,117,80,78,21,63,69,105,116" hai3="88,86,2,134,20,38,126,123,44,60,6,75,27"/><W46/><G123/><T128/><D128/><U40/><E112/><V37/><F105/><W39/><G75/><T133/><D133/><U34/><E68/><V55/><F81/><N who="3" m="49231" /><G2/><T70/><D70/><U89/><E74/><V24/><F93/><W132/><G6/><T18/><D124/><U61/><E131/><V5/><F5/><W51/><G126/><T10/><D30/><U109/><E109/><V13/><F80/><W92/><G92/><T43/><D102/><U125/><E125/><V36/><F78/><W76/><G76/><T28/><D28/><U73/><E73/><V19/><F37/><W32/><G32/><T33/><D107/><U100/><E100/><V83/><F83/><W66/><G39/><T87/><D33/><U122/><E122/><V29/><F120/><W84/><G84/><T47/><D47/><U127/><E127/><V99/><F36/><W15/><G15/><T104/><D104/><U119/><E119/><V111/><F69/><N who="3" m="42183" /><G38/><T95/><D14/><U97/><E97/><V90/><F99/><W71/><G71/><T114/><D114/><U96/><E96/><V79/><F79/><W57/><G57/><T77/><D77/><U110/><E1/><V3/><F3/><W11/><G11/><T103/><D103/><U115/><E9/><N who="0" m="3689" /><D65/><U26/><E0/><V23/><F117/><W101/><G101/><T4/><D58/><U130/><E115/><V67/><F116/><W35/><G35/><T121/><D121/><U62/><E130/><V25/><F13/><W52/><G46/><T7/><AGARI ba="0,0" hai="4,7,16,17,18,43,45,50,87,91,95" m="3689" machi="7" ten="30,4000,0" yaku="8,1,52,1,54,1" doraHai="82" who="0" fromWho="0" sc="193,40,357,-10,265,-10,185,-20" /><INIT seed="4,0,0,3,0,62" ten="233,347,255,165" oya="0" hai0="3,23,93,90,91,52,28,32,75,135,81,44,71" hai1="83,59,49,43,95,19,116,12,106,117,15,18,99" hai2="31,127,25,105,70,6,35,51,66,58,63,68,108" hai3="129,89,60,128,101,65,57,113,94,41,61,96,24"/><T11/><D71/><U67/><E106/><V20/><F108/><W114/><G41/><T53/><D32/><U27/><E83/><V42/><F127/><W111/><G111/><T134/><D28/><U80/><E80/><V88/><F105/><W40/><G40/><T120/><D23/><U13/><E117/><V72/><F72/><W69/><G101/><T8/><D120/><U16/><E116/><V125/><F125/><W1/><G1/><T36/><D36/><U4/><E43/><V103/><F103/><W84/><G84/><T77/><D44/><U115/><E115/><V29/><F6/><W64/><REACH who="3" step="1"/><G24/><REACH who="3" ten="233,347,255,155" step="2"/><T55/><D3/><U7/><E27/><V132/><F25/><W107/><G107/><T38/><D38/><U87/><E87/><V14/><F42/><W126/><G126/><T34/><D91/><U47/><E13/><V86/><F14/><W131/><AGARI ba="0,1" hai="57,60,61,64,65,69,89,94,96,113,114,128,129,131" machi="131" ten="40,8000,1" yaku="1,1,0,1,19,1,52,2,53,0" doraHai="62" doraHaiUra="9" who="3" fromWho="3" sc="233,-40,347,-20,255,-20,155,90" /><INIT seed="5,0,0,2,1,117" ten="193,327,235,245" oya="1" hai0="76,54,113,24,127,95,110,102,48,1,73,60,126" hai1="41,8,70,5,37,83,80,82,108,58,129,125,114" hai2="130,51,89,120,6,47,87,27,26,93,2,122,88" hai3="17,69,62,67,12,11,96,135,123,39,133,28,16"/><U43/><E70/><V124/><F124/><N who="0" m="47658" /><D1/><U134/><E125/><V19/><F130/><W74/><G74/><T20/><D110/><U121/><E121/><V81/><F6/><W128/><G128/><T0/><D0/><U115/><E129/><V119/><F2/><W72/><G72/><T23/><D113/><N who="1" m="43019" /><E134/><N who="3" m="51210" /><G39/><T109/><D109/><U77/><E108/><V85/><F119/><W59/><G28/><T132/><D132/><U4/><E58/><V29/><F19/><W75/><G75/><T112/><D112/><U66/><E66/><V36/><F36/><W10/><G96/><N who="0" m="59679" /><D60/><U79/><E37/><V92/><F81/><W90/><G90/><T9/><D9/><N who="3" m="3081" /><G123/><T13/><D76/><N who="1" m="29259" /><E8/><V49/><REACH who="2" step="1"/><F47/><REACH who="2" ten="193,327,225,245" step="2"/><W53/><G12/><T100/><D13/><U71/><E71/><V104/><F104/><W86/><G17/><T68/><D68/><U99/><E5/><V3/><F3/><W14/><G16/><T56/><D73/><U107/><E4/><V97/><F97/><W18/><G18/><T98/><D24/><U131/><E131/><V55/><F55/><W64/><G14/><T106/><AGARI ba="0,1" hai="20,23,48,54,56,98,100,106" m="59679,47658" machi="106" ten="30,1100,0" yaku="18,1" doraHai="117" who="0" fromWho="0" sc="193,21,327,-5,225,-3,245,-3" /><INIT seed="6,0,0,0,4,33" ten="214,322,222,242" oya="2" hai0="61,98,129,42,21,53,81,75,127,13,135,133,60" hai1="131,114,29,48,72,130,22,20,63,122,106,134,52" hai2="82,41,116,51,30,28,128,67,66,16,35,107,73" hai3="62,2,89,8,0,119,64,123,71,31,50,83,103"/><V11/><F107/><W59/><G119/><T91/><D129/><N who="1" m="49163" /><E106/><V39/><F128/><W32/><G123/><T86/><D127/><U68/><E122/><V117/><F39/><W54/><G103/><T19/><D42/><U88/><E72/><V4/><F73/><W93/><G83/><T76/><D98/><U78/><E78/><V44/><F35/><W49/><G49/><T90/><D90/><U69/><E114/><V5/><F116/><W92/><G8/><T124/><D124/><U120/><E120/><V108/><F117/><W9/><G9/><T14/><D14/><U47/><E134/><N who="0" m="51209" /><D53/><N who="1" m="29855" /><E88/><V40/><F82/><AGARI ba="0,0" hai="13,19,21,60,61,75,76,81,82,86,91" m="51209" machi="82" ten="30,1000,0" yaku="20,1" doraHai="33" who="0" fromWho="2" sc="214,10,322,0,222,-10,242,0" /><INIT seed="7,0,0,1,5,7" ten="224,322,212,242" oya="3" hai0="133,120,0,109,135,37,79,31,26,11,96,1,2" hai1="75,20,131,17,115,91,78,127,54,99,117,116,40" hai2="38,4,129,43,53,103,36,101,89,32,25,82,42" hai3="94,27,61,106,132,102,23,70,63,92,14,12,105"/><W15/><G132/><N who="0" m="50763" /><D37/><U5/><E5/><V41/><F129/><W100/><G70/><T64/><D120/><U6/><E6/><V45/><F4/><W47/><G47/><T124/><D109/><U86/><E40/><V60/><F82/><W72/><G72/><T114/><D114/><U121/><E121/><V84/><F32/><W46/><G46/><T59/><D124/><U3/><E3/><V119/><F119/><W126/><G126/><T74/><D11/><U110/><E110/><V125/><F125/><W77/><G77/><T123/><D123/><U107/><E127/><V33/><F38/><W68/><G68/><T73/><D96/><U76/><E75/><N who="0" m="28681" /><D79/><U9/><E9/><V95/><F36/><W58/><G106/><T29/><D26/><U71/><E71/><V24/><F24/><W80/><G105/><T118/><D118/><U48/><E107/><V34/><F25/><W111/><G111/><T10/><D10/><U22/><E115/><V44/><F33/><W51/><G80/><T90/><D90/><U18/><E91/><V52/><F34/><W16/><G94/><T35/><D35/><U19/><E78/><V122/><F122/><W28/><G28/><N who="0" m="10827" /><D64/><U134/><E76/><V66/><F44/><W104/><G104/><T98/><D98/><U13/><E99/><V65/><F65/><W81/><G81/><T67/><D67/><U108/><E134/><V112/><F112/><W56/><G92/><T128/><D59/><N who="3" m="22569" /><G51/><T30/><N who="0" m="10835" /><T8/><DORA hai="113" /><D8/><U97/><E117/><V21/><F45/><W50/><G50/><RYUUKYOKU ba="0,0" sc="224,15,322,-15,212,-15,242,15" hai0="0,1,2,128" hai3="12,14,15,16,23,27,61,63,100,102" /><INIT seed="7,1,0,4,5,110" ten="239,307,197,257" oya="3" hai0="124,18,24,15,79,43,80,132,94,26,59,99,71" hai1="10,6,100,5,104,54,58,55,33,126,51,32,20" hai2="74,106,76,47,72,12,131,13,22,87,60,38,118" hai3="45,42,30,46,102,2,97,82,27,62,101,57,95"/><W21/><G2/><T7/><D71/><U103/><E126/><V56/><F106/><W114/><G114/><T134/><D124/><U111/><E111/><V135/><F118/><W9/><G9/><N who="0" m="4543" /><D43/><U77/><E77/><V65/><F131/><W73/><G102/><N who="0" m="60791" /><D59/><U49/><E20/><V120/><F135/><N who="0" m="51754" /><D18/><U63/><E104/><V107/><F107/><W92/><G92/><T133/><N who="0" m="51762" /><T28/><DORA hai="93" /><D28/><U16/><E103/><V50/><F120/><W105/><G105/><T115/><D115/><U125/><E16/><V23/><F38/><W119/><G119/><T66/><D66/><U35/><E100/><V86/><F72/><AGARI ba="1,0" hai="24,26,72,79,80" m="51762,60791,4543" machi="72" ten="40,2600,0" yaku="20,1,52,1" doraHai="110,93" who="0" fromWho="2" sc="239,29,307,0,197,-29,257,0" owari="268,7.0,307,40.0,168,-33.0,257,-14.0" /></mjloggm>