<mjloggm ver="2.3"><GO type="193" lobby="0"/><UN n0="%E5%B0%B1%E6%B4%BB%E7%94%9F%40%E5%B7%9D%E6%9D%91%E8%BB%8D%E5%9B%A3" n1="%E3%81%9F%E3%81%91" n2="%68%6B%73%61" n3="%58%58%53%43%4F%4B" dan="12,12,11,11" rate="1862.85,1673.50,1581.80,1539.03" sx="M,M,M,F"/><TAIKYOKU oya="0"/><INIT seed="0,0,0,1,0,90" ten="250,250,250,250" oya="0" hai0="30,108,87,133,7,112,19,14,118,115,79,38,76" hai1="99,122,120,106,39,105,116,1,114,8,57,81,135" hai2="4,78,65,100,53,45,47,73,13,27,127,34,128" hai3="107,124,104,11,80,94,16,109,10,43,83,3,35"/><T44/><D118/><U68/><E68/><V113/><F113/><W88/><G35/><T29/><D133/><U129/><E116/><V33/><F128/><W111/><G124/><T75/><D75/><U46/><E129/><V24/><F127/><W40/><G3/><T60/><D108/><N who="3" m="41545" /><G94/><T12/><D60/><U58/><E135/><V77/><F65/><W72/><G72/><T96/><D96/><U74/><E114/><V54/><F73/><W85/><G43/><T93/><D44/><U21/><E21/><V62/><F62/><W55/><G55/><T134/><D134/><U69/><E58/><V64/><F64/><W59/><G40/><T20/><D93/><U56/><E69/><V82/><F82/><N who="3" m="31275" /><G59/><T63/><D63/><U125/><E57/><V23/><F100/><W51/><G51/><T6/><D87/><U66/><E56/><V110/><F110/><W131/><G131/><T97/><D97/><U61/><E61/><V49/><F4/><W103/><G103/><T71/><D71/><U18/><E66/><V86/><F86/><W70/><G70/><T123/><D123/><N who="1" m="47147" /><E18/><V41/><F41/><W48/><G48/><T37/><D19/><U89/><E89/><V98/><F49/><W84/><G88/><T0/><D0/><U121/><N who="1" m="47155" /><U52/><DORA hai="26" /><E52/><N who="2" m="20075" /><F23/><AGARI ba="0,0" hai="6,7,12,14,20,23,29,30,37,38,76,79,112,115" machi="23" ten="25,9600,0" yaku="22,2,52,2" doraHai="90,26" who="0" fromWho="2" sc="250,96,250,0,250,-96,250,0" /><INIT seed="0,1,0,4,2,87" ten="346,250,154,250" oya="0" hai0="47,29,0,14,51,120,33,107,27,99,114,131,85" hai1="71,121,103,25,22,81,57,52,67,21,54,102,43" hai2="74,59,10,73,79,82,23,91,69,65,12,93,1" hai3="95,113,89,130,123,105,16,19,34,24,110,109,106"/><T70/><D120/><U108/><E121/><V104/><F69/><W126/><G123/><T92/><D114/><U3/><E3/><V68/><F68/><W26/><G113/><T77/><D0/><U50/><E108/><N who="3" m="41578" /><G34/><T31/><D70/><U30/><E81/><V56/><F1/><W8/><G130/><T20/><D131/><U44/><E71/><V17/><F65/><W13/><G126/><T80/><D107/><N who="3" m="40969" /><G19/><T38/><D38/><U39/><E54/><V18/><F73/><W75/><G75/><T46/><D46/><U62/><REACH who="1" step="1"/><E21/><REACH who="1" ten="346,240,154,250" step="2"/><V2/><F2/><W101/><G101/><T96/><D33/><U90/><E90/><V76/><F104/><W98/><AGARI ba="1,1" hai="8,13,16,24,26,89,95,98" m="40969,41578" machi="98" ten="30,4000,0" yaku="14,1,52,1,54,1" doraHai="87" who="3" fromWho="3" sc="346,-21,240,-11,154,-11,250,53" /><INIT seed="1,0,0,5,1,19" ten="325,229,143,303" oya="1" hai0="91,20,103,5,113,7,127,17,123,48,30,104,85" hai1="0,66,118,97,43,57,39,122,58,128,71,94,33" hai2="107,8,25,14,41,60,117,47,18,16,96,114,40" hai3="6,130,84,124,15,63,129,21,44,4,81,75,32"/><U102/><E122/><V119/><F107/><W135/><G32/><T69/><D113/><U3/><E118/><V34/><F114/><W42/><G124/><T45/><D123/><U31/><E128/><N who="3" m="49258" /><G135/><T10/><D69/><U112/><E112/><V95/><F117/><W23/><G75/><T89/><D127/><U76/><E58/><V98/><F47/><W54/><G63/><T106/><D30/><U36/><E76/><V99/><F119/><W35/><G35/><T49/><D103/><U109/><E57/><V120/><F34/><W78/><G54/><T27/><D48/><U13/><E13/><V77/><F77/><W74/><G74/><T79/><D79/><U132/><E132/><V134/><F134/><W126/><G126/><T100/><D100/><U83/><E83/><V110/><F110/><W52/><G42/><T80/><D91/><U51/><E51/><V37/><F37/><N who="1" m="14409" /><E43/><N who="2" m="16459" /><F120/><W73/><G73/><T92/><D80/><U133/><E133/><V68/><F68/><W61/><G15/><T55/><REACH who="0" step="1"/><D5/><REACH who="0" ten="315,229,143,303" step="2"/><N who="3" m="2153" /><G44/><T22/><D22/><U24/><E109/><V12/><F60/><W2/><G2/><AGARI ba="0,1" hai="2,7,10,17,20,27,45,49,55,85,89,92,104,106" machi="2" ten="30,3900,0" yaku="1,1,7,1,52,1,53,0" doraHai="19" doraHaiUra="131" who="0" fromWho="3" sc="315,49,229,0,143,0,303,-39" /><INIT seed="2,0,0,0,5,34" ten="364,229,143,264" oya="2" hai0="132,13,31,18,16,71,59,22,117,103,102,68,100" hai1="15,45,126,84,4,73,7,6,119,78,55,27,125" hai2="20,130,29,114,23,17,40,93,44,118,135,70,10" hai3="38,58,86,109,47,76,123,51,94,74,127,5,48"/><V50/><F118/><W81/><G123/><T95/><D132/><U3/><E119/><V64/><F114/><W56/><G127/><N who="1" m="48650" /><E73/><V121/><F121/><W110/><G5/><N who="1" m="2154" /><E45/><V32/><F135/><W120/><G120/><T57/><D117/><U98/><E98/><V12/><F130/><W115/><G115/><T67/><D31/><U124/><N who="1" m="48658" /><U96/><DORA hai="90" /><E96/><V88/><F32/><W41/><G74/><T9/><D95/><U69/><E69/><V33/><F33/><W72/><G72/><T112/><D112/><U14/><E84/><V26/><F70/><W62/><G94/><T99/><D99/><U65/><E65/><V36/><F64/><W108/><REACH who="3" step="1"/><G56/><REACH who="3" ten="364,229,143,254" step="2"/><T24/><D59/><U91/><E91/><V85/><REACH who="2" step="1"/><F10/><REACH who="2" ten="364,229,133,254" step="2"/><W46/><G46/><T111/><D71/><U134/><E55/><AGARI ba="0,2" hai="38,41,47,48,51,55,58,62,76,81,86,108,109,110" machi="55" ten="40,8000,1" yaku="1,1,14,1,53,2" doraHai="34,90" doraHaiUra="52,49" who="3" fromWho="1" sc="364,0,229,-80,133,0,254,100" /><INIT seed="3,0,0,1,1,9" ten="364,149,133,354" oya="3" hai0="88,107,11,132,52,69,118,115,66,85,126,75,34" hai1="102,2,13,99,47,22,6,82,73,89,27,121,24" hai2="63,65,108,119,53,55,134,51,98,14,7,123,76" hai3="113,45,71,106,133,81,60,43,84,114,31,130,92"/><W72/><G72/><T28/><D75/><U122/><E27/><V112/><F119/><W49/><G106/><T93/><D118/><U0/><E2/><V58/><F112/><W80/><G133/><T39/><D39/><U5/><E6/><V21/><F134/><W74/><G130/><T100/><D132/><U37/><E89/><V57/><F123/><W104/><G104/><T4/><D115/><U29/><E102/><V42/><F108/><W25/><G74/><T48/><D126/><U67/><E67/><V135/><F135/><W124/><G124/><T30/><D30/><U46/><E99/><V94/><F76/><W8/><G8/><T16/><D100/><U90/><E47/><V86/><F42/><W17/><G31/><T79/><D107/><U120/><E90/><V35/><F35/><W1/><G1/><T59/><D79/><N who="1" m="44399" /><E13/><V105/><F105/><W83/><G114/><T131/><D131/><U129/><E129/><V87/><F55/><W128/><G128/><T95/><D66/><U12/><E12/><V62/><F62/><W127/><G127/><T56/><D69/><U26/><E26/><V38/><F38/><W36/><G36/><T50/><D28/><U54/><E54/><V125/><F7/><W40/><G71/><T77/><D34/><U23/><E23/><V19/><REACH who="2" step="1"/><F125/><REACH who="2" ten="364,149,123,354" step="2"/><W20/><G113/><T78/><D4/><U61/><E61/><V70/><F70/><W116/><G60/><T111/><D111/><U68/><E68/><V117/><F117/><W103/><G116/><T64/><D52/><U44/><E37/><RYUUKYOKU ba="0,1" sc="364,-15,149,15,123,15,354,-15" hai1="0,5,22,24,29,44,46,120,121,122" hai2="14,19,21,51,53,57,58,63,65,86,87,94,98" owari="359,46.0,164,-24.0,138,-36.0,339,14.0" /></mjloggm>