<mjloggm ver="2.3"><GO type="169" lobby="0"/><UN n0="%E7%81%B0%E5%8E%9F%E5%93%80" n1="%E3%82%A6%E3%83%AB%E3%83%88%E3%83%A9%E7%AB%8B%E7%9B%B4" n2="%61%6B%69%21%21%21" n3="%EF%BC%BF%E3%82%86%E3%82%86%E3%82%86" dan="16,16,16,16" rate="2046.79,2075.22,2055.76,2012.81" sx="F,M,M,F"/><TAIKYOKU oya="0"/><INIT seed="0,0,0,1,5,31" ten="250,250,250,250" oya="0" hai0="53,135,61,33,28,49,85,29,96,124,84,3,22" hai1="70,14,128,47,55,57,64,35,125,42,59,98,112" hai2="9,62,21,126,23,117,25,48,40,110,115,18,95" hai3="65,86,2,100,119,7,76,109,83,89,133,88,24"/><T90/><D3/><U77/><E77/><V80/><F115/><W106/><G119/><T6/><D6/><U71/><E35/><V114/><F114/><W30/><G65/><T78/><D135/><U4/><E98/><V116/><F110/><W8/><G133/><T19/><D33/><U130/><E14/><V103/><F126/><W66/><G109/><T5/><D5/><U45/><E4/><V102/><F9/><W63/><G100/><T36/><D36/><U44/><E112/><V37/><F37/><W73/><G106/><T10/><D10/><U122/><E42/><V127/><F127/><W17/><G17/><T131/><D61/><N who="1" m="37935" /><E122/><V11/><F11/><W0/><G73/><T132/><D96/><U123/><E123/><V93/><F80/><W51/><G51/><T97/><D97/><U26/><E26/><N who="2" m="14647" /><F62/><W32/><REACH who="3" step="1"/><G2/><REACH who="3" ten="250,250,250,240" step="2"/><T87/><D132/><U101/><E125/><V39/><F39/><W54/><G54/><T67/><D67/><U108/><E101/><N who="2" m="38411" /><F117/><W113/><G113/><T105/><D105/><U94/><E108/><V43/><F116/><W121/><G121/><T91/><D124/><U69/><E94/><N who="2" m="35851" /><F48/><AGARI ba="0,1" hai="44,45,47,48,55,59,69,70,71,128,130" m="37935" machi="48" ten="40,2600,0" yaku="34,2" doraHai="31" who="1" fromWho="2" sc="250,0,250,36,250,-26,240,0" /><INIT seed="1,0,0,4,3,49" ten="250,286,224,240" oya="1" hai0="98,105,43,22,12,86,112,93,54,0,128,1,14" hai1="15,130,76,109,107,82,23,122,33,47,99,102,18" hai2="55,78,7,51,74,97,8,75,94,117,46,57,87" hai3="13,34,68,67,88,31,17,118,71,70,110,134,69"/><U63/><E33/><V4/><F117/><W77/><G110/><T127/><D43/><U61/><E122/><V84/><F75/><W2/><G2/><T52/><D112/><U119/><E119/><V59/><F74/><W95/><G118/><T48/><D105/><U92/><E130/><V66/><F59/><W10/><G134/><T29/><D1/><U113/><E113/><V114/><F114/><W26/><G77/><T9/><D0/><U44/><E107/><V129/><F129/><W108/><G108/><T133/><D133/><U135/><E135/><V106/><F106/><W6/><G70/><T38/><D38/><U101/><E101/><V79/><F79/><W125/><G125/><T81/><D48/><U111/><E111/><V32/><F32/><W19/><REACH who="3" step="1"/><G67/><REACH who="3" ten="250,286,224,230" step="2"/><T80/><D127/><U25/><E109/><V100/><F78/><W64/><G64/><T73/><D128/><U42/><E15/><N who="2" m="5511" /><F7/><W72/><G72/><T131/><D131/><U45/><REACH who="1" step="1"/><E42/><REACH who="1" ten="250,276,224,230" step="2"/><V121/><F121/><W40/><G40/><T83/><D12/><U120/><E120/><V65/><F65/><W96/><AGARI ba="0,2" hai="6,10,13,17,19,26,31,34,68,69,71,88,95,96" machi="96" ten="30,7900,0" yaku="1,1,0,1,54,1,53,1" doraHai="49" doraHaiUra="20" who="3" fromWho="3" sc="250,-20,276,-39,224,-20,230,99" /><INIT seed="2,0,0,2,1,126" ten="230,237,204,329" oya="2" hai0="60,53,74,67,42,7,114,59,94,71,125,52,135" hai1="28,83,46,15,39,38,102,6,101,16,121,29,65" hai2="40,96,64,87,57,19,75,77,47,62,23,106,35" hai3="115,55,82,26,116,133,79,5,81,127,86,95,20"/><V69/><F35/><W66/><G116/><T78/><D114/><U100/><E121/><V104/><F75/><W109/><G127/><T131/><D125/><U80/><E6/><V72/><F72/><W51/><G109/><T85/><D74/><U111/><E111/><V36/><F96/><W50/><G133/><T24/><D135/><U8/><E39/><V130/><F130/><W56/><G115/><T32/><D7/><U13/><E13/><V9/><F9/><W11/><G66/><T44/><D131/><U4/><E4/><V58/><F58/><W18/><G81/><T99/><D85/><U117/><E117/><V1/><F1/><W73/><G73/><T34/><D78/><U41/><REACH who="1" step="1"/><E65/><REACH who="1" ten="230,227,204,329" step="2"/><V129/><F129/><W90/><G5/><T119/><D119/><U132/><E132/><V76/><F36/><W68/><G26/><T33/><D24/><U25/><E25/><V84/><F64/><W54/><G11/><T43/><D71/><U93/><E93/><V113/><F69/><W122/><G95/><T22/><D67/><U45/><E45/><V97/><F47/><W118/><G122/><T21/><D44/><U91/><E91/><V27/><F113/><W48/><G90/><T124/><D124/><U105/><E105/><V17/><F106/><W31/><G68/><T92/><D92/><U110/><E110/><V108/><F108/><W0/><G118/><T3/><D3/><U37/><E37/><V70/><F70/><W89/><G89/><T120/><D120/><U12/><E12/><V14/><F27/><N who="3" m="16871" /><G0/><T88/><D94/><RYUUKYOKU ba="0,1" sc="230,-10,227,30,204,-10,329,-10" hai1="8,15,16,28,29,38,41,46,80,83,100,101,102" /><INIT seed="3,1,1,0,3,30" ten="220,257,194,319" oya="3" hai0="9,2,79,107,8,29,80,90,38,0,6,77,11" hai1="33,91,57,5,53,36,16,106,130,108,75,49,114" hai2="125,133,126,82,131,97,15,21,102,122,41,116,35" hai3="23,94,93,105,129,89,65,74,87,112,27,32,64"/><W22/><G105/><T18/><D107/><U61/><E75/><V73/><F116/><W66/><G112/><T76/><D38/><U62/><E106/><N who="2" m="63823" /><F41/><W34/><G74/><T98/><D29/><U110/><E36/><V39/><F39/><W134/><G134/><T46/><D46/><U45/><E5/><V12/><F21/><W50/><G129/><T67/><D67/><U103/><E103/><V83/><F15/><W96/><G50/><T26/><D98/><U71/><E130/><V113/><F12/><W84/><G87/><T7/><D90/><U92/><E114/><V25/><F131/><W118/><G118/><T119/><D119/><U4/><E4/><V43/><F43/><W127/><G127/><N who="2" m="48649" /><F113/><W42/><G42/><T52/><D52/><U44/><E44/><V99/><F133/><W117/><G117/><T17/><D11/><U101/><E16/><V115/><F115/><W48/><G48/><T109/><D18/><U128/><E128/><V104/><F73/><W88/><REACH who="3" step="1"/><G22/><REACH who="3" ten="220,257,194,309" step="2"/><T10/><D6/><U54/><E49/><V124/><F124/><W85/><G85/><T68/><D7/><U28/><E45/><V55/><F104/><W60/><G60/><T20/><D2/><U47/><E62/><V78/><F99/><W1/><G1/><T123/><D0/><U40/><E61/><V111/><F122/><W72/><G72/><T132/><D132/><U135/><E135/><V69/><F111/><W51/><G51/><T13/><D123/><U19/><E110/><V31/><F35/><W100/><G100/><T24/><D109/><RYUUKYOKU ba="1,2" sc="220,-10,257,-10,194,-10,309,30" hai3="23,27,32,34,64,65,66,84,88,89,93,94,96" /><INIT seed="3,2,2,0,5,62" ten="210,247,184,339" oya="3" hai0="11,47,28,54,2,23,119,74,50,45,9,89,24" hai1="14,10,26,76,49,40,118,36,70,30,16,37,126" hai2="12,7,18,4,34,64,48,105,38,115,102,5,67" hai3="108,75,44,27,98,83,13,59,43,88,41,53,135"/><W33/><G135/><T120/><D119/><U51/><E126/><V125/><F38/><W133/><G133/><T124/><D120/><U22/><E118/><V20/><F115/><W19/><G108/><T73/><D124/><U42/><E70/><V100/><F125/><W46/><G75/><T87/><D45/><N who="3" m="17513" /><G27/><T1/><D1/><U25/><E76/><V82/><F34/><W81/><G33/><T69/><D69/><U79/><E79/><V57/><F82/><N who="3" m="31243" /><G98/><T131/><D131/><U35/><E37/><V65/><F105/><W114/><G114/><T110/><D110/><U134/><E134/><V113/><F113/><W104/><G88/><T6/><REACH who="0" step="1"/><D11/><REACH who="0" ten="200,247,184,339" step="2"/><U56/><E36/><V99/><F99/><W92/><G104/><T66/><D66/><U106/><E106/><V101/><REACH who="2" step="1"/><F48/><REACH who="2" ten="200,247,174,339" step="2"/><N who="3" m="31143" /><G92/><AGARI ba="2,4" hai="2,6,9,23,24,28,47,50,54,73,74,87,89,92" machi="92" ten="30,2000,0" yaku="1,1,7,1,53,0" doraHai="62" doraHaiUra="94" who="0" fromWho="3" sc="200,66,247,0,174,0,339,-26" /><INIT seed="4,0,0,5,1,21" ten="266,247,174,313" oya="0" hai0="32,83,57,44,86,1,66,18,113,101,40,4,103" hai1="133,55,2,69,41,53,47,3,13,7,95,27,6" hai2="58,132,11,65,102,106,134,39,80,62,48,77,82" hai3="35,79,38,104,130,96,120,51,20,49,115,46,131"/><T121/><D121/><U109/><E69/><V10/><F39/><W56/><G35/><T114/><D32/><U125/><E109/><V30/><F82/><W89/><G120/><T24/><D4/><U88/><E125/><V45/><F102/><N who="3" m="62535" /><G79/><T110/><D1/><U123/><E133/><V108/><F106/><W116/><G116/><T90/><D110/><U12/><E123/><V119/><F119/><W52/><G115/><N who="0" m="44043" /><D66/><U87/><E2/><V59/><F59/><W76/><G76/><T9/><D57/><U92/><E3/><V28/><F10/><W42/><G20/><N who="0" m="13335" /><D9/><U60/><E7/><V117/><F11/><W25/><G25/><T33/><D33/><U118/><E118/><V84/><F108/><W31/><G31/><T85/><D85/><U29/><E6/><V97/><F97/><W127/><G127/><T34/><D34/><U78/><E12/><V8/><F8/><W37/><G89/><T105/><D105/><U112/><E13/><V98/><F98/><W36/><G56/><T135/><D135/><N who="2" m="51754" /><F117/><W73/><G73/><T64/><D64/><U111/><E78/><V81/><F81/><W70/><G70/><T54/><D54/><AGARI ba="0,0" hai="28,30,45,48,54,58,62,65,77,80,84" m="51754" machi="54" ten="30,1000,0" yaku="20,1" doraHai="21" who="2" fromWho="0" sc="266,-10,247,0,174,10,313,0" /><INIT seed="5,0,0,4,4,35" ten="256,247,184,313" oya="1" hai0="40,31,22,75,4,96,47,117,103,19,17,94,97" hai1="93,89,124,0,71,48,14,66,44,1,81,78,2" hai2="68,26,50,57,37,82,102,11,12,116,21,86,84" hai3="112,8,32,109,20,36,23,62,58,131,72,79,65"/><U98/><E124/><V13/><F68/><W76/><G109/><T33/><D75/><U51/><E66/><V133/><F37/><W118/><G32/><T3/><D117/><U123/><E71/><V113/><F116/><W29/><G36/><T59/><D59/><U49/><E14/><V114/><F102/><W74/><G118/><T60/><D60/><U63/><E63/><V134/><F50/><W64/><G112/><N who="2" m="43113" /><F57/><W67/><G131/><T53/><D53/><U135/><E135/><N who="2" m="51723" /><F82/><W95/><G58/><T108/><D108/><U73/><REACH who="1" step="1"/><E123/><REACH who="1" ten="256,237,184,313" step="2"/><V122/><F122/><W30/><G62/><T129/><D129/><U34/><E34/><V28/><F13/><W104/><G65/><T115/><D33/><U56/><E56/><V43/><F43/><AGARI ba="0,1" hai="0,1,2,43,44,48,49,51,73,78,81,89,93,98" machi="43" ten="40,12000,1" yaku="1,1,52,3,53,0" doraHai="35" doraHaiUra="27" who="1" fromWho="2" sc="256,0,237,130,184,-120,313,0" /><INIT seed="5,1,0,1,3,14" ten="256,367,64,313" oya="1" hai0="75,15,46,69,11,119,47,71,50,70,133,26,131" hai1="114,94,85,79,127,67,83,132,59,110,13,57,106" hai2="72,100,8,23,25,90,37,117,56,73,96,98,0" hai3="107,84,53,18,40,29,34,51,80,92,4,30,124"/><U36/><E36/><V111/><F37/><W65/><G107/><T62/><D75/><U42/><E106/><V77/><F111/><W105/><G105/><T3/><D3/><U32/><E32/><V49/><F117/><W52/><G124/><T9/><D119/><U125/><E110/><V1/><F90/><W130/><G130/><T93/><D26/><U135/><E42/><V78/><F78/><W97/><G65/><T61/><D131/><U43/><E43/><V115/><F115/><W39/><G39/><T54/><D133/><N who="1" m="51275" /><E114/><V121/><F121/><W128/><G128/><T102/><D46/><U2/><E2/><V35/><F35/><W74/><G74/><T103/><D9/><U95/><E59/><V16/><F96/><W66/><G34/><T76/><D76/><U44/><E44/><V109/><F109/><W122/><G122/><T41/><D41/><U31/><E31/><V89/><F89/><N who="3" m="51335" /><G4/><T68/><N who="0" m="17408" /><DORA hai="55" /><T27/><D27/><U120/><E120/><V64/><F77/><W113/><G113/><T20/><D20/><U81/><E13/><V21/><F21/><W33/><G33/><T123/><D123/><U88/><E127/><V17/><F0/><W116/><G116/><T6/><REACH who="0" step="1"/><D93/><REACH who="0" ten="246,367,64,313" step="2"/><U63/><E125/><V87/><F1/><W134/><G40/><T28/><D28/><U99/><E79/><V82/><F73/><W22/><G29/><T129/><D129/><U91/><AGARI ba="1,1" hai="57,63,67,81,83,85,88,91,94,95,99" m="51275" machi="91" ten="30,6000,0" yaku="20,1,52,1,54,1" doraHai="14,55" who="1" fromWho="1" sc="246,-21,367,73,64,-21,313,-21" /><INIT seed="5,2,0,1,2,79" ten="225,440,43,292" oya="1" hai0="14,94,55,5,97,78,63,2,116,124,108,75,110" hai1="88,127,65,91,35,34,132,0,104,80,18,71,15" hai2="29,103,85,60,13,36,50,30,128,33,56,129,66" hai3="118,101,48,57,47,122,96,120,126,45,21,114,115"/><U12/><E104/><V61/><F36/><W44/><G21/><T90/><D2/><U38/><E38/><V130/><F33/><W7/><G7/><T86/><D75/><U131/><E0/><V109/><F109/><W16/><G126/><T105/><D116/><U39/><E39/><V99/><F50/><W68/><G68/><T24/><D24/><U52/><E65/><V119/><F119/><W135/><G118/><T32/><D32/><U117/><E71/><V40/><F40/><W54/><G16/><T22/><D124/><U74/><E127/><V111/><F111/><W51/><G135/><T73/><D63/><U92/><E131/><V25/><F25/><W83/><G83/><T19/><D5/><U123/><E123/><N who="3" m="47146" /><G96/><T112/><D112/><N who="3" m="43049" /><G101/><N who="0" m="62639" /><D55/><AGARI ba="2,0" hai="44,45,47,48,51,54,55,57" m="43049,47146" machi="55" ten="30,3900,0" yaku="15,1,34,2" doraHai="79" who="3" fromWho="0" sc="225,-45,440,0,43,0,292,45" /><INIT seed="6,0,0,3,5,92" ten="180,440,43,337" oya="2" hai0="24,5,48,53,133,96,88,120,22,80,76,130,79" hai1="17,109,101,131,7,108,106,121,0,124,110,89,116" hai2="60,11,37,56,65,107,31,87,59,122,66,39,123" hai3="28,68,71,9,129,77,132,102,126,14,81,64,74"/><V113/><F107/><W12/><G129/><T70/><D70/><U3/><E7/><V117/><F31/><W111/><G111/><T26/><D120/><N who="2" m="46122" /><F87/><W57/><G126/><T20/><D5/><U100/><E3/><V98/><F11/><W94/><G132/><T135/><D130/><U90/><E0/><V75/><F75/><W62/><G28/><N who="0" m="17415" /><D80/><U44/><E17/><V93/><F93/><W128/><G128/><T83/><D83/><U105/><E131/><V115/><F98/><W33/><G33/><T8/><D8/><U50/><E121/><V4/><F4/><W10/><G10/><T47/><D22/><U54/><E116/><V85/><F85/><W16/><G14/><T30/><D26/><U34/><E34/><V69/><F117/><W2/><G2/><T36/><D30/><U104/><E124/><V72/><F72/><W49/><G49/><T29/><D29/><U103/><AGARI ba="0,0" hai="44,50,54,89,90,100,101,103,104,105,106,108,109,110" machi="103" ten="50,6400,0" yaku="0,1,29,2" doraHai="92" who="1" fromWho="1" sc="180,-16,440,64,43,-32,337,-16" /><INIT seed="7,0,0,5,2,111" ten="164,504,11,321" oya="3" hai0="26,123,34,129,7,54,86,33,110,70,84,22,90" hai1="56,83,113,93,74,112,67,104,96,32,99,11,25" hai2="39,4,68,128,48,109,94,47,122,31,3,15,12" hai3="66,6,63,125,27,126,46,37,87,59,36,79,119"/><W82/><G119/><T105/><D22/><U72/><E11/><V61/><F39/><W14/><G27/><T18/><D26/><U124/><E124/><N who="3" m="47722" /><G46/><T50/><D18/><U130/><E130/><V116/><F109/><W135/><G135/><T41/><D41/><U80/><E56/><V106/><F106/><W134/><G134/><T17/><D105/><U49/><E49/><V0/><F116/><W117/><G117/><T8/><D34/><U30/><E67/><V100/><F31/><W78/><G78/><T81/><D33/><U114/><E104/><V89/><F100/><W97/><G97/><N who="1" m="37450" /><E93/><V20/><F128/><W24/><G24/><T118/><D118/><U9/><E9/><AGARI ba="0,0" hai="6,9,14,36,37,59,63,66,79,82,87" m="47722" machi="9" ten="30,1500,0" yaku="18,1" doraHai="111" who="3" fromWho="1" sc="164,0,504,-15,11,0,321,15" /><INIT seed="7,1,0,3,1,101" ten="164,489,11,336" oya="3" hai0="58,115,110,19,48,124,6,34,131,87,50,95,16" hai1="71,109,14,88,46,91,99,41,133,51,105,112,68" hai2="24,21,106,17,30,59,122,134,27,60,54,69,79" hai3="94,73,10,96,114,36,119,61,26,64,52,11,84"/><W92/><G73/><T18/><D16/><U126/><E109/><V57/><F69/><W111/><G119/><T70/><D48/><U49/><E91/><V80/><F134/><W123/><G123/><T3/><D87/><U44/><E112/><V76/><F122/><W102/><G114/><T77/><D95/><U28/><E133/><V81/><F30/><W135/><G135/><T42/><D58/><U127/><E14/><V83/><F27/><W35/><G111/><T62/><D62/><U15/><E15/><V13/><F24/><W20/><G36/><T78/><D78/><U0/><E28/><V90/><F106/><W7/><G35/><T108/><D34/><U129/><E0/><V89/><F89/><W67/><G11/><T47/><D77/><U33/><E33/><V125/><F125/><N who="1" m="47625" /><E129/><V25/><F90/><W128/><G128/><T98/><D70/><U130/><E130/><V32/><F32/><W5/><G84/><T40/><D6/><N who="3" m="2057" /><G92/><T65/><D131/><U100/><E88/><V12/><F79/><W121/><G121/><T2/><D115/><U4/><E4/><V31/><F76/><W74/><G74/><T75/><D75/><U55/><AGARI ba="1,0" hai="41,44,46,49,51,55,68,71,99,100,105" m="47625" machi="55" ten="30,2000,0" yaku="18,1,52,1" doraHai="101" who="1" fromWho="1" sc="164,-6,489,23,11,-6,336,-11" owari="158,-24.0,512,60.0,5,-49.0,325,13.0" /></mjloggm>