<mjloggm ver="2.3"><GO type="169" lobby="0"/><UN n0="%E3%81%82%E3%82%8B%E3%81%A1%E3%82%83%E3%82%93" n1="%E7%90%86%E4%B8%8D%E5%B0%BD%E5%A4%A7%E7%8E%8B%32" n2="%E3%83%8E%E3%83%B3%E3%83%A9%E3%82%B9%E6%89%93%E6%B3%95" n3="%E3%82%A6%E3%83%AB%E3%83%88%E3%83%A9%E7%AB%8B%E7%9B%B4" dan="16,16,17,17" rate="2091.41,2112.75,2089.18,2169.64" sx="M,M,M,M"/><TAIKYOKU oya="0"/><INIT seed="0,0,0,0,4,128" ten="250,250,250,250" oya="0" hai0="35,58,118,96,63,88,34,115,99,126,29,94,47" hai1="49,100,61,111,83,25,22,23,17,75,7,28,39" hai2="101,53,4,107,119,2,30,130,56,74,46,41,3" hai3="24,48,33,110,106,62,68,90,117,15,6,116,67"/><T42/><D118/><U85/><E39/><V60/><F74/><W98/><G110/><T16/><D115/><U1/><E75/><V40/><F30/><W65/><G65/><T36/><D126/><U45/><E100/><V97/><F130/><W78/><G78/><T64/><D29/><U105/><E105/><V123/><F123/><W31/><G90/><T8/><REACH who="0" step="1"/><D99/><REACH who="0" ten="240,250,250,250" step="2"/><U87/><E28/><V120/><F97/><W125/><G125/><T109/><D109/><U80/><E111/><V0/><F119/><W122/><G122/><T37/><D37/><U57/><E83/><V18/><F120/><W81/><G81/><T129/><D129/><U20/><E80/><V38/><F38/><W59/><G117/><T82/><D82/><U27/><E87/><V89/><F0/><W21/><G116/><T10/><D10/><U11/><E85/><V86/><F2/><W76/><G31/><T104/><D104/><U92/><E92/><V131/><F3/><W9/><G98/><T93/><D93/><U72/><E72/><V103/><F107/><W113/><G106/><T14/><AGARI ba="0,1" hai="8,14,16,34,35,36,42,47,58,63,64,88,94,96" machi="14" ten="30,12000,1" yaku="1,1,0,1,54,2,53,1" doraHai="128" doraHaiUra="71" who="0" fromWho="0" sc="240,130,250,-40,250,-40,250,-40" /><INIT seed="0,1,0,2,1,55" ten="370,210,210,210" oya="0" hai0="134,90,112,58,28,37,68,33,12,59,101,81,13" hai1="30,66,131,61,27,25,133,123,11,108,67,14,120" hai2="42,105,60,45,38,3,2,122,62,4,129,99,77" hai3="26,22,10,128,75,73,8,32,40,64,79,65,34"/><T127/><D68/><U114/><E67/><V31/><F77/><W9/><G128/><T52/><D112/><U0/><E108/><V69/><F31/><W102/><G102/><T85/><D37/><U23/><E133/><V104/><F129/><W106/><G106/><T97/><D134/><U125/><E131/><V95/><F122/><W56/><G40/><T17/><D127/><U70/><E125/><V111/><F111/><W78/><G22/><T20/><D33/><U46/><E114/><V124/><F124/><W48/><G48/><N who="0" m="30983" /><D28/><U1/><E46/><V29/><F29/><W51/><G51/><T89/><D101/><U18/><REACH who="1" step="1"/><E25/><REACH who="1" ten="370,200,210,210" step="2"/><V76/><F45/><W109/><G26/><N who="0" m="14607" /><D59/><U132/><E132/><V36/><F69/><W100/><G56/><T126/><D126/><U16/><E16/><V44/><F44/><W24/><G24/><T116/><D116/><U86/><E86/><V93/><F36/><W7/><G109/><T87/><D97/><U57/><E57/><V118/><F99/><W98/><G98/><T117/><D117/><U135/><E135/><V63/><F38/><W47/><G47/><T84/><D87/><U54/><E54/><V96/><F96/><W83/><G100/><T21/><D21/><U130/><E130/><V94/><F118/><W43/><G65/><T35/><D35/><U49/><E49/><V113/><F105/><W39/><G64/><T71/><D71/><U41/><E41/><V115/><F104/><W53/><G43/><T15/><D85/><U119/><E119/><V72/><F113/><W80/><G34/><RYUUKYOKU ba="1,1" sc="370,15,200,15,210,-15,210,-15" hai0="12,13,15,81,84,89,90" hai1="0,1,11,14,18,23,27,30,61,66,70,120,123" /><INIT seed="0,2,1,0,3,124" ten="385,215,195,195" oya="0" hai0="15,134,48,4,12,27,44,23,7,59,11,120,18" hai1="25,58,53,84,39,72,31,70,32,118,90,73,57" hai2="135,66,0,30,13,45,93,56,24,62,86,1,74" hai3="67,2,91,35,9,76,116,14,94,114,41,37,126"/><T47/><D120/><U99/><E70/><V89/><F74/><W113/><G35/><T33/><D134/><U60/><E118/><V119/><F135/><W65/><G2/><T20/><D33/><U63/><E99/><V125/><F125/><W68/><G126/><T108/><D108/><U26/><E26/><V64/><F119/><W21/><G116/><T5/><D23/><U130/><E39/><V50/><F66/><W133/><G133/><T75/><D75/><U122/><E122/><V131/><F13/><N who="0" m="5194" /><D11/><U87/><E87/><V61/><F61/><W129/><G21/><T51/><D59/><U115/><E115/><V127/><F127/><W43/><G14/><T96/><D96/><U100/><E72/><V6/><F6/><N who="0" m="1538" /><T10/><DORA hai="42" /><D10/><U69/><E73/><V123/><F123/><W128/><G9/><T81/><D81/><U77/><E69/><V8/><F8/><W80/><G68/><T92/><D92/><U110/><E32/><V95/><F95/><W105/><G94/><T29/><D29/><U82/><E31/><V117/><F117/><W19/><G80/><T101/><D101/><U79/><E100/><V52/><REACH who="2" step="1"/><F131/><REACH who="2" ten="385,215,185,195" step="2"/><W106/><G129/><T40/><D40/><U103/><E130/><V34/><AGARI ba="2,2" hai="0,1,24,30,34,45,50,52,56,62,64,86,89,93" machi="34" ten="20,12000,2" yaku="1,1,2,1,0,1,7,1,52,1,54,1,53,1" doraHai="124,42" doraHaiUra="97,49" who="2" fromWho="2" sc="385,-62,215,-32,185,146,195,-32" /><INIT seed="1,0,0,0,4,54" ten="323,183,331,163" oya="1" hai0="93,6,105,20,71,64,73,47,100,62,111,129,96" hai1="10,65,87,80,29,116,49,42,1,52,106,7,82" hai2="98,66,17,46,119,4,122,60,72,3,113,120,39" hai3="21,132,110,37,133,55,43,9,103,19,85,51,126"/><U0/><E116/><V91/><F72/><W86/><G110/><T12/><D111/><U70/><E106/><V14/><F119/><W30/><G103/><T16/><D129/><U18/><E42/><V83/><F3/><W26/><G126/><T81/><D47/><U89/><E29/><V90/><F4/><W58/><G43/><T118/><D118/><U99/><E99/><V88/><F98/><W134/><G37/><T28/><D6/><U27/><E0/><V115/><F83/><W68/><G68/><T31/><REACH who="0" step="1"/><D105/><REACH who="0" ten="313,183,331,163" step="2"/><U92/><E7/><V59/><F46/><W36/><G36/><T25/><D25/><U127/><E27/><V67/><F39/><W35/><G35/><T74/><D74/><U102/><E127/><V69/><F122/><W107/><G107/><T48/><D48/><U8/><E49/><V44/><F120/><W56/><G132/><T13/><D13/><U78/><E1/><V121/><F44/><W77/><G134/><T61/><D61/><U33/><E33/><V38/><F38/><W130/><G133/><T5/><D5/><U95/><E70/><V104/><F104/><W34/><G34/><T117/><D117/><U23/><E78/><AGARI ba="0,1" hai="12,16,20,28,31,62,64,71,73,78,81,93,96,100" machi="78" ten="40,5200,0" yaku="1,1,54,1,53,1" doraHai="54" doraHaiUra="75" who="0" fromWho="1" sc="313,62,183,-52,331,0,163,0" /><INIT seed="2,0,0,0,4,86" ten="375,131,331,163" oya="2" hai0="6,26,118,127,72,34,124,19,106,28,1,55,24" hai1="61,64,3,63,40,15,68,79,27,98,134,20,84" hai2="58,119,30,102,35,95,87,99,37,57,135,81,126" hai3="100,43,91,88,52,29,130,70,44,132,76,109,46"/><V39/><F119/><W128/><G70/><T18/><D55/><U51/><E3/><V113/><F35/><W66/><G66/><T80/><D106/><U89/><E134/><V82/><F30/><W111/><G100/><T31/><D80/><U90/><E15/><V56/><F135/><W47/><G76/><T22/><D72/><U125/><E125/><N who="0" m="48201" /><D118/><U105/><E105/><V83/><F126/><W96/><G132/><T67/><D67/><U73/><E73/><V112/><REACH who="2" step="1"/><F87/><REACH who="2" ten="375,131,321,163" step="2"/><W71/><G29/><T38/><D38/><AGARI ba="0,1" hai="37,38,39,56,57,58,81,82,83,95,99,102,112,113" machi="38" ten="50,4800,0" yaku="1,1,2,1,53,0" doraHai="86" doraHaiUra="107" who="2" fromWho="0" sc="375,-48,131,0,321,58,163,0" /><INIT seed="2,1,0,1,5,39" ten="327,131,379,163" oya="2" hai0="112,123,92,62,99,102,119,125,72,94,80,60,93" hai1="5,67,10,38,21,16,95,61,22,6,14,83,90" hai2="74,122,82,103,65,132,15,46,89,55,24,118,121" hai3="117,40,9,79,12,30,107,77,42,110,131,31,101"/><V70/><F118/><W36/><G117/><T91/><D123/><U106/><E106/><V73/><F103/><W20/><G36/><T59/><D119/><U57/><E38/><V108/><F70/><W87/><G107/><T17/><D112/><U8/><E83/><V49/><F65/><W23/><G101/><T56/><D125/><U76/><E76/><V0/><F0/><W98/><G98/><N who="0" m="59735" /><D72/><U78/><E78/><N who="3" m="29706" /><G87/><N who="0" m="50663" /><D17/><U58/><E58/><N who="0" m="22057" /><D93/><U44/><E44/><V25/><F46/><W33/><G33/><T54/><D54/><U127/><E127/><V47/><F47/><W34/><G34/><T133/><D133/><U4/><REACH who="1" step="1"/><E8/><REACH who="1" ten="327,121,379,163" step="2"/><V114/><F82/><W97/><G131/><T129/><D129/><U13/><E13/><V69/><F15/><W116/><G116/><T48/><D48/><U135/><E135/><V11/><F49/><W2/><G2/><T86/><D86/><AGARI ba="1,1" hai="4,5,6,10,14,16,21,22,57,61,67,86,90,95" machi="86" ten="40,5200,0" yaku="1,1,8,1,54,1,53,0" doraHai="39" doraHaiUra="26" who="1" fromWho="0" sc="327,-55,121,65,379,0,163,0" /><INIT seed="3,0,0,5,1,34" ten="272,186,379,163" oya="3" hai0="103,91,10,58,125,80,99,112,37,18,21,23,0" hai1="45,39,83,132,24,113,25,35,95,118,111,82,119" hai2="15,51,6,81,46,53,92,59,65,54,76,12,67" hai3="131,11,128,32,43,26,117,122,9,48,77,49,116"/><W30/><G77/><T120/><D120/><U14/><E113/><V79/><F92/><W60/><G60/><T100/><D37/><U110/><E132/><V101/><F101/><W89/><G89/><T19/><D112/><U31/><E95/><V63/><F79/><W44/><G49/><T93/><D125/><U1/><E14/><V78/><F78/><W38/><G48/><T50/><D0/><U33/><E1/><V52/><F54/><W13/><G122/><T106/><D10/><U17/><E17/><V68/><F6/><W61/><G61/><T66/><D80/><N who="1" m="30763" /><E25/><V98/><F98/><W28/><G28/><T105/><D105/><U5/><E35/><V84/><REACH who="2" step="1"/><F67/><REACH who="2" ten="272,186,369,163" step="2"/><W64/><G64/><T130/><D103/><U41/><E5/><V133/><F133/><W36/><G116/><AGARI ba="0,1" hai="24,31,33,39,41,45,110,111,116,118,119" m="30763" machi="116" ten="30,1000,0" yaku="12,1" doraHai="34" who="1" fromWho="3" sc="272,0,186,20,369,0,163,-10" /><INIT seed="4,0,0,5,3,103" ten="272,206,369,153" oya="0" hai0="125,35,90,57,123,127,122,98,47,59,7,131,84" hai1="13,99,126,37,82,102,128,129,85,30,111,107,66" hai2="101,106,110,109,15,134,42,77,12,14,65,46,60" hai3="135,1,119,69,88,5,9,44,94,36,25,26,81"/><T87/><D35/><U8/><E37/><V92/><F77/><W68/><G119/><T48/><D7/><U120/><E111/><V3/><F3/><W115/><G115/><T76/><D131/><U33/><E120/><N who="0" m="46121" /><D76/><U67/><E126/><N who="0" m="48137" /><D98/><U80/><E30/><V41/><F92/><W113/><G135/><T6/><D6/><U32/><E33/><V95/><F95/><W29/><G113/><T22/><D22/><U73/><E32/><V31/><F31/><W40/><G81/><N who="0" m="49423" /><D87/><U0/><E0/><V54/><F134/><W70/><REACH who="3" step="1"/><G29/><REACH who="3" ten="272,206,369,143" step="2"/><T24/><D24/><U27/><E27/><V62/><F109/><W132/><G132/><T112/><D112/><U93/><E80/><V100/><F110/><W118/><G118/><T79/><D79/><N who="1" m="44399" /><E129/><V124/><F124/><W72/><G72/><T121/><D121/><U63/><E128/><V78/><F78/><W61/><G61/><T97/><D97/><AGARI ba="0,1" hai="1,5,9,25,26,36,40,44,68,69,70,88,94,97" machi="97" ten="40,2600,0" yaku="1,1,54,1,53,0" doraHai="103" doraHaiUra="56" who="3" fromWho="0" sc="272,-26,206,0,369,0,143,36" /><INIT seed="5,0,0,5,1,50" ten="246,206,369,179" oya="1" hai0="27,26,131,53,30,126,82,70,71,15,63,22,29" hai1="59,103,8,39,76,49,83,80,134,41,88,9,92" hai2="89,14,111,99,19,42,24,25,110,132,40,96,85" hai3="135,118,21,60,117,94,67,75,97,57,55,11,31"/><U52/><E134/><V0/><F0/><W112/><G75/><T56/><D131/><U77/><E103/><V34/><F132/><W127/><G135/><T114/><D114/><U121/><E121/><V10/><F34/><W12/><G112/><T5/><D126/><U84/><E39/><V115/><F115/><W45/><G127/><T54/><D82/><N who="1" m="31275" /><E41/><N who="2" m="15979" /><F111/><W87/><G87/><T130/><D130/><U36/><E36/><V61/><F110/><W100/><G45/><T90/><D90/><U93/><E93/><N who="2" m="54447" /><F61/><W18/><G118/><T69/><D5/><U79/><AGARI ba="0,0" hai="8,9,49,52,59,76,77,79,84,88,92" m="31275" machi="79" ten="30,11700,0" yaku="8,1,52,1,54,2" doraHai="50" who="1" fromWho="1" sc="246,-39,206,117,369,-39,179,-39" /><INIT seed="5,1,0,4,4,49" ten="207,323,330,140" oya="1" hai0="96,121,84,60,42,89,18,38,23,44,54,27,109" hai1="74,47,51,106,19,130,90,32,12,26,124,93,132" hai2="52,83,71,94,1,120,46,67,92,86,39,28,105" hai3="43,112,66,9,131,97,123,69,33,34,40,126,100"/><U56/><E106/><V70/><F120/><W59/><G123/><T15/><D109/><U114/><E74/><V31/><F105/><W35/><G69/><T64/><D121/><U53/><E114/><V104/><F104/><W82/><G126/><T5/><D96/><U37/><E124/><V24/><F1/><W103/><G112/><T135/><D135/><U72/><E72/><V81/><F39/><W110/><G110/><T125/><D125/><U36/><E130/><V14/><F67/><W48/><G131/><T78/><D78/><U21/><E132/><V75/><F75/><W29/><G29/><T50/><D5/><U20/><E47/><V17/><F71/><W10/><G82/><N who="2" m="31241" /><F70/><W7/><G66/><T85/><D89/><U62/><E62/><V117/><F24/><W99/><G7/><T118/><D118/><U73/><E32/><V127/><F117/><W41/><G48/><T129/><D129/><U65/><E73/><V76/><F76/><W13/><G59/><N who="0" m="33239" /><D27/><U58/><E58/><V11/><F127/><W133/><G13/><T88/><D88/><U16/><E65/><V57/><F46/><W22/><G22/><T113/><D113/><U25/><E25/><V108/><F108/><W111/><G111/><T122/><D122/><U91/><E91/><N who="2" m="53367" /><F94/><W77/><G77/><T55/><D64/><U63/><E63/><AGARI ba="1,0" hai="11,14,17,28,31,52,57,63" m="53367,31241" machi="63" ten="30,3900,0" yaku="8,1,52,1,54,1" doraHai="49" who="2" fromWho="1" sc="207,0,323,-42,330,42,140,0" /><INIT seed="6,0,0,2,1,64" ten="207,281,372,140" oya="2" hai0="128,23,6,84,91,125,80,47,1,99,106,66,88" hai1="41,48,56,78,94,44,115,59,20,81,76,68,101" hai2="126,36,37,134,82,65,13,34,107,2,103,104,46" hai3="112,30,8,132,71,100,72,120,89,73,129,9,70"/><V19/><F2/><W69/><G120/><T55/><D128/><U15/><E115/><V0/><F0/><W93/><G129/><T31/><D125/><U54/><E68/><V87/><F34/><W117/><G117/><T124/><D124/><U79/><E81/><V10/><F103/><W116/><G116/><T5/><D66/><U67/><E67/><V95/><F95/><W25/><G100/><T133/><D133/><U83/><E83/><V28/><F28/><W16/><G112/><T62/><D1/><U121/><E41/><V113/><F113/><W29/><G132/><T7/><D106/><U18/><E121/><V131/><F126/><W35/><G29/><T14/><D99/><AGARI ba="0,0" hai="15,18,20,44,48,54,56,59,76,78,79,94,99,101" machi="99" ten="40,1300,0" yaku="8,1" doraHai="64" who="1" fromWho="0" sc="207,-13,281,13,372,0,140,0" /><INIT seed="7,0,0,3,3,18" ten="194,294,372,140" oya="3" hai0="2,10,65,35,103,83,96,29,80,67,90,4,116" hai1="114,130,107,14,51,102,95,60,46,94,105,78,108" hai2="110,126,97,41,0,131,56,15,127,129,69,101,8" hai3="87,42,75,17,63,62,12,106,34,6,123,72,49"/><W133/><G123/><T48/><D116/><U76/><E108/><V43/><F69/><W39/><G39/><T7/><D7/><U104/><E60/><V5/><F56/><W20/><G106/><T28/><D48/><U11/><E114/><V71/><F71/><W32/><G133/><T88/><D35/><U45/><E130/><N who="2" m="49675" /><F0/><W66/><G6/><T19/><D83/><U73/><E73/><V109/><F126/><W74/><G87/><T13/><D29/><U50/><E102/><V61/><F61/><W24/><G24/><T84/><D28/><U120/><E120/><V82/><F82/><W86/><G86/><T124/><D90/><U100/><E100/><V113/><F113/><W27/><G27/><T134/><D134/><U128/><E128/><V36/><F127/><W119/><G119/><T122/><D122/><U111/><E111/><N who="2" m="42507" /><F36/><W23/><G23/><T115/><D115/><U54/><E95/><AGARI ba="0,0" hai="5,8,15,41,43,95,97,101" m="42507,49675" machi="95" ten="30,1000,0" yaku="19,1" doraHai="18" who="2" fromWho="1" sc="194,0,294,-10,372,10,140,0" owari="194,-21.0,284,8.0,382,49.0,140,-36.0" /></mjloggm>