<mjloggm ver="2.3"><GO type="97" lobby="0"/><UN n0="%E3%82%A6%E3%83%AB%E3%83%88%E3%83%A9%E7%AB%8B%E7%9B%B4" n1="%E3%83%95%E3%83%A9%E3%82%A4%E3%83%80" n2="%E7%A7%8B%E5%B1%B1%E5%B0%8F%E5%85%B5%E8%A1%9B" n3="%E3%82%AB%E3%82%AB%E3%83%AD%E3%83%83%E3%83%86" dan="15,14,13,14" rate="1985.47,1857.85,1868.42,1919.53" sx="M,M,M,M"/><TAIKYOKU oya="0"/><INIT seed="0,0,0,0,3,127" ten="250,250,250,250" oya="0" hai0="126,61,8,55,50,112,19,62,43,132,11,88,60" hai1="123,90,102,28,35,20,54,63,2,107,114,5,116" hai2="37,75,10,47,125,3,53,109,97,0,120,7,73" hai3="111,46,134,130,129,48,85,65,98,80,128,93,83"/><T25/><D126/><U26/><E123/><V67/><F125/><W96/><G111/><T12/><D132/><U15/><E116/><V6/><F120/><W118/><G134/><T79/><D79/><U9/><E114/><V121/><F121/><W86/><G118/><T113/><D43/><U14/><E90/><V59/><F67/><W106/><G65/><T4/><D88/><U18/><E102/><V16/><F109/><W131/><G129/><T33/><D33/><U70/><E107/><V42/><F97/><N who="3" m="37483" /><G106/><T21/><REACH who="0" step="1"/><D11/><REACH who="0" ten="240,250,250,250" step="2"/><U49/><E35/><V99/><F10/><W92/><G46/><AGARI ba="0,1" hai="4,8,12,19,21,25,46,50,55,60,61,62,112,113" machi="46" ten="40,3900,0" yaku="1,1,2,1,53,0" doraHai="127" doraHaiUra="89" who="0" fromWho="3" sc="240,49,250,0,250,0,250,-39" /><INIT seed="0,1,0,4,1,21" ten="289,250,250,211" oya="0" hai0="32,131,12,91,125,39,36,95,82,99,49,73,52" hai1="68,130,5,56,126,22,115,58,110,88,107,33,54" hai2="135,75,81,109,76,43,40,19,63,20,26,29,50" hai3="79,93,41,15,44,122,118,7,129,103,121,128,28"/><T13/><D32/><U90/><E68/><V100/><F135/><W24/><G79/><T85/><D125/><U6/><E126/><V134/><F134/><W104/><G104/><T111/><D131/><N who="3" m="50249" /><G118/><T84/><D111/><U1/><E33/><V2/><F2/><W42/><G103/><T120/><D73/><U69/><E69/><V67/><F100/><W71/><G71/><T116/><D116/><U0/><E107/><V106/><F106/><W117/><G93/><T87/><D120/><N who="3" m="46185" /><G44/><N who="0" m="27687" /><D39/><U72/><E72/><V45/><F109/><W64/><G64/><T31/><D36/><U16/><E110/><V127/><F127/><W17/><G117/><T3/><D3/><U97/><E0/><V70/><REACH who="2" step="1"/><F29/><REACH who="2" ten="289,250,240,211" step="2"/><W78/><G78/><N who="0" m="46167" /><D31/><U133/><E1/><V113/><F113/><W102/><G102/><T25/><D99/><U80/><E115/><V62/><F62/><W94/><G7/><T61/><D61/><U59/><E133/><V74/><F74/><W34/><G94/><T96/><D96/><U83/><E97/><V4/><F4/><W119/><G119/><T57/><D87/><U14/><E5/><V18/><F18/><W66/><G66/><T77/><D85/><U37/><E6/><V132/><F132/><W46/><G46/><T53/><D77/><U60/><E60/><V35/><F35/><W48/><G48/><N who="0" m="30887" /><D95/><U108/><E108/><V47/><F47/><W65/><G65/><T98/><D91/><N who="1" m="34859" /><E37/><V51/><F51/><W114/><G114/><T86/><D98/><U8/><E80/><V124/><F124/><W27/><G15/><RYUUKYOKU ba="1,1" sc="289,-15,250,-15,240,15,211,15" hai2="19,20,26,40,43,45,50,63,67,70,75,76,81" hai3="17,24,27,28,34,41,42" /><INIT seed="1,2,1,1,0,53" ten="274,235,255,226" oya="1" hai0="44,55,20,30,133,90,103,117,75,97,22,7,80" hai1="12,2,82,101,60,81,34,50,59,35,114,62,11" hai2="104,88,57,24,63,85,58,92,106,74,73,1,71" hai3="37,112,68,21,46,27,0,87,79,115,23,130,67"/><U45/><E114/><V107/><F1/><W36/><G0/><T16/><D117/><U99/><E2/><V121/><F121/><W51/><G130/><T25/><D133/><U91/><E34/><V39/><F39/><W84/><G67/><T124/><D124/><U6/><E35/><V33/><F33/><W43/><G68/><T5/><D75/><U56/><E62/><V93/><F24/><W123/><G123/><T102/><D80/><N who="1" m="30827" /><E60/><V126/><F126/><W8/><G8/><T113/><D113/><U31/><E31/><V129/><F129/><W96/><G79/><T134/><D134/><U120/><E101/><V32/><F32/><W40/><G96/><T119/><D119/><U4/><E4/><V48/><F71/><W118/><G118/><T95/><D102/><U65/><E65/><V26/><F26/><W13/><G27/><N who="0" m="14727" /><D103/><U49/><E120/><V111/><F111/><W42/><G51/><AGARI ba="2,1" hai="5,7,22,25,30,44,51,55,90,95,97" m="14727" machi="51" ten="30,2000,0" yaku="8,1,54,1" doraHai="53" who="0" fromWho="3" sc="274,36,235,0,255,0,226,-26" /><INIT seed="2,0,0,0,1,1" ten="310,235,255,200" oya="2" hai0="91,112,72,96,48,21,57,60,41,66,0,29,99" hai1="42,92,24,28,9,36,77,129,124,121,6,103,130" hai2="59,40,85,64,115,127,23,117,107,50,44,18,61" hai3="20,49,15,97,110,94,35,89,26,90,79,27,125"/><V67/><F115/><W46/><G79/><T71/><D0/><U104/><E104/><V106/><F117/><W4/><G110/><T120/><D72/><U52/><E124/><V30/><F127/><W86/><G125/><T76/><D76/><U63/><E77/><V93/><F30/><W78/><G35/><T87/><D120/><U74/><E74/><V123/><F123/><W16/><G78/><T128/><D128/><N who="1" m="49259" /><E121/><V108/><F108/><W56/><G56/><T95/><D71/><U88/><E103/><V118/><F118/><W55/><REACH who="3" step="1"/><G4/><REACH who="3" ten="310,235,255,190" step="2"/><T83/><D57/><U131/><E131/><V102/><F107/><W69/><G69/><T84/><D112/><U14/><E63/><V70/><F106/><W62/><G62/><T45/><D60/><U11/><E6/><V100/><F70/><W82/><AGARI ba="0,1" hai="15,16,20,26,27,46,49,55,82,86,89,90,94,97" machi="82" ten="20,8000,1" yaku="1,1,0,1,7,1,8,1,54,1,53,0" doraHai="1" doraHaiUra="135" who="3" fromWho="3" sc="310,-20,235,-20,255,-40,190,90" /><INIT seed="3,0,0,1,5,44" ten="290,215,215,280" oya="3" hai0="10,125,96,34,47,131,82,31,93,130,66,129,69" hai1="67,87,27,6,39,123,110,99,108,76,19,51,79" hai2="37,91,22,104,26,57,42,65,59,1,35,73,29" hai3="114,106,124,86,102,94,72,74,52,84,48,9,78"/><W112/><G9/><T126/><D66/><U132/><E123/><V2/><F104/><W5/><G5/><T70/><D31/><U16/><E39/><V101/><F73/><N who="3" m="28267" /><G52/><T53/><D82/><N who="1" m="47559" /><E67/><V118/><F118/><W18/><G48/><N who="0" m="28831" /><D10/><U135/><E6/><V89/><F101/><W58/><G18/><N who="1" m="6698" /><E27/><V13/><F42/><W77/><G58/><T75/><D75/><U55/><E79/><N who="3" m="30218" /><G106/><T64/><D34/><U117/><E117/><V134/><F37/><W56/><G56/><T113/><D113/><N who="3" m="43625" /><G124/><N who="0" m="47723" /><D64/><U8/><E8/><V14/><F35/><W116/><G116/><T90/><AGARI ba="0,0" hai="69,70,90,93,96,129,130,131" m="47723,28831" machi="90" ten="40,5200,0" yaku="19,1,18,1,52,1" doraHai="44" who="0" fromWho="0" sc="290,52,215,-13,215,-13,280,-26" owari="342,45.0,202,-20.0,202,-30.0,254,5.0" /></mjloggm>