<mjloggm ver="2.3"><GO type="41" lobby="0"/><UN n0="%66%65%69%66%65%69%31%39" n1="%E8%97%A4%E5%A0%82%E8%A6%81" n2="%E3%82%A6%E3%83%AB%E3%83%88%E3%83%A9%E7%AB%8B%E7%9B%B4" n3="%61%6B%69%72%61%32%37" dan="13,15,15,15" rate="1913.25,1928.49,2002.23,1917.29" sx="M,F,M,M"/><TAIKYOKU oya="0"/><INIT seed="0,0,0,5,1,3" ten="250,250,250,250" oya="0" hai0="118,119,31,82,60,108,72,130,117,121,53,76,30" hai1="19,114,12,84,98,97,79,134,18,105,43,115,127" hai2="81,9,11,91,106,95,73,75,109,99,1,123,77" hai3="122,54,33,6,93,36,100,113,44,124,112,49,47"/><T69/><D121/><U25/><E43/><V92/><F123/><W88/><G122/><T74/><D74/><U66/><E66/><V85/><F11/><W15/><G33/><T120/><D120/><U132/><E25/><V37/><F37/><W70/><G70/><T78/><D78/><U83/><E127/><V103/><F9/><W63/><G100/><T125/><D125/><U41/><E41/><V23/><F23/><W40/><G63/><T55/><D130/><U8/><E19/><V26/><F26/><W56/><G124/><T61/><D108/><U67/><E67/><V51/><F51/><W71/><G71/><T52/><D69/><U16/><E18/><V0/><F0/><W14/><G47/><T13/><REACH who="0" step="1"/><D13/><REACH who="0" ten="240,250,250,250" step="2"/><U21/><E114/><V7/><F109/><W135/><G15/><T101/><D101/><U107/><E115/><V38/><F1/><W48/><G36/><T4/><D4/><U126/><E126/><V22/><F7/><W34/><G113/><T131/><D131/><U87/><E12/><V104/><F38/><W5/><G112/><T24/><D24/><U65/><E79/><V58/><F58/><W86/><G14/><T80/><D80/><U96/><E83/><V133/><F133/><W129/><G135/><T90/><D90/><U89/><E132/><V17/><F75/><W110/><G110/><T102/><D102/><U46/><E134/><V2/><F2/><W128/><G128/><T28/><AGARI ba="0,1" hai="28,30,31,52,53,55,60,61,72,76,82,117,118,119" machi="28" ten="40,24000,3" yaku="1,1,0,1,29,2,54,1,53,3" doraHai="3" doraHaiUra="27" who="0" fromWho="0" sc="240,250,250,-80,250,-80,250,-80" /><INIT seed="0,1,0,5,5,31" ten="490,170,170,170" oya="0" hai0="32,11,3,45,114,5,37,82,6,17,87,59,122" hai1="2,35,22,102,125,65,20,23,90,126,19,109,123" hai2="15,76,110,105,69,89,111,4,33,28,29,118,49" hai3="63,14,30,119,62,94,84,44,93,34,0,18,98"/><T101/><D122/><U78/><E123/><V97/><F69/><W27/><G0/><T86/><D114/><U24/><E102/><V117/><F76/><W70/><G119/><N who="2" m="45577" /><F49/><W10/><G70/><T68/><D68/><U26/><E78/><V121/><F121/><W79/><G44/><T21/><D32/><U72/><E90/><V7/><F29/><W92/><REACH who="3" step="1"/><G98/><REACH who="3" ten="490,170,170,160" step="2"/><T61/><D45/><U12/><E2/><V134/><F97/><W130/><G130/><T48/><D3/><U135/><E125/><V66/><F111/><W41/><G41/><T25/><D37/><U77/><E126/><V67/><F110/><W96/><G96/><T1/><D1/><U57/><E109/><V99/><F99/><W75/><G75/><T104/><D104/><U51/><E72/><V16/><F105/><W9/><G9/><T81/><D101/><U36/><E36/><V100/><F100/><W113/><G113/><T13/><D5/><U124/><E124/><V133/><F4/><W38/><G38/><T52/><D48/><U128/><E51/><V50/><F50/><W131/><G131/><T39/><D39/><U91/><E128/><V127/><F7/><W58/><G58/><T40/><D40/><U46/><E57/><V83/><F127/><W116/><G116/><T107/><D107/><U56/><E46/><V74/><F74/><W95/><N who="3" m="24064" /><DORA hai="80" /><W85/><G85/><AGARI ba="1,1" hai="6,11,13,17,21,25,52,59,61,81,82,85,86,87" machi="85" ten="40,12000,1" yaku="8,1,52,3,54,1" doraHai="31,80" who="0" fromWho="3" sc="490,133,170,0,170,0,160,-123" /><INIT seed="0,2,0,5,4,99" ten="623,170,170,37" oya="0" hai0="5,78,24,27,97,64,57,86,55,94,8,105,87" hai1="110,26,2,29,124,81,4,33,103,51,23,128,76" hai2="93,77,47,22,59,71,18,43,25,53,30,121,68" hai3="130,67,13,37,106,66,56,7,61,44,117,20,72"/><T32/><D105/><U133/><E110/><V126/><F126/><W116/><G72/><T120/><D120/><U88/><E124/><V36/><F121/><W19/><G106/><T70/><D70/><U54/><E128/><V95/><F77/><W11/><G130/><T62/><D64/><U40/><E133/><V115/><F115/><W50/><G37/><T63/><D63/><U14/><E40/><V134/><F134/><W80/><G80/><T96/><D32/><U131/><E131/><V21/><F71/><W17/><G67/><T39/><D39/><U73/><E2/><V45/><F45/><W127/><G127/><T41/><D41/><U125/><E125/><V107/><F107/><W15/><REACH who="3" step="1"/><G7/><REACH who="3" ten="623,170,170,27" step="2"/><T34/><D5/><U98/><E4/><V12/><F68/><W48/><G48/><AGARI ba="2,1" hai="12,18,21,22,25,30,36,43,47,48,53,59,93,95" machi="48" ten="30,1000,0" yaku="7,1" doraHai="99" who="2" fromWho="3" sc="623,0,170,0,170,26,27,-16" /><INIT seed="1,0,0,3,3,121" ten="623,170,196,11" oya="1" hai0="135,47,79,39,127,32,36,123,28,51,22,0,4" hai1="69,77,20,117,87,10,101,100,98,7,104,76,38" hai2="2,23,55,13,35,72,83,107,92,45,50,125,46" hai3="30,84,91,9,110,33,29,129,109,73,105,11,126"/><U93/><E38/><V52/><F35/><W134/><G105/><T59/><D123/><U86/><E69/><V132/><F2/><W21/><G73/><T128/><D32/><U57/><E117/><V122/><F107/><W14/><G134/><T111/><D135/><U133/><E133/><V124/><F122/><W61/><G129/><T63/><D128/><U120/><E120/><V56/><F132/><W82/><G126/><N who="2" m="48745" /><F55/><W62/><G33/><T66/><D127/><U3/><E104/><V103/><F103/><W5/><G9/><T43/><D111/><N who="3" m="42505" /><G30/><T88/><D79/><U24/><E101/><V25/><F92/><W12/><G12/><T130/><D130/><U89/><E77/><N who="2" m="44455" /><F13/><W6/><G6/><T99/><D4/><U68/><E7/><V102/><F102/><W71/><G71/><T48/><D0/><U90/><E68/><V78/><F78/><W40/><G40/><T113/><D113/><U114/><E76/><V31/><AGARI ba="0,0" hai="23,25,31,45,46,50,52,56" m="44455,48745" machi="31" ten="30,2000,0" yaku="18,1,54,1" doraHai="121" who="2" fromWho="2" sc="623,-5,170,-10,196,20,11,-5" /><INIT seed="2,0,0,1,5,51" ten="618,160,216,6" oya="2" hai0="84,127,24,91,112,115,12,13,92,71,128,45,117" hai1="25,88,22,81,59,39,7,105,53,77,111,76,10" hai2="44,34,26,121,99,14,129,100,21,98,46,38,86" hai3="89,6,63,87,116,56,52,61,62,114,90,1,57"/><V120/><F34/><W27/><G116/><T79/><D117/><U33/><E39/><V2/><F2/><W42/><G114/><T65/><D128/><U66/><E33/><V102/><F38/><W43/><G27/><T54/><D127/><U35/><E66/><V67/><F129/><W126/><G126/><T0/><D0/><U123/><E35/><V134/><F134/><W80/><G6/><T74/><D24/><U23/><E111/><V68/><F67/><W104/><G1/><T3/><D3/><U40/><E40/><N who="3" m="15402" /><G104/><T118/><D118/><U58/><E123/><V97/><F68/><W132/><G132/><T29/><D29/><U37/><E105/><V103/><F14/><W125/><G125/><T30/><D30/><U94/><E37/><V48/><F86/><N who="3" m="50375" /><G57/><T130/><D130/><U95/><E59/><V36/><F36/><W75/><G75/><T108/><D108/><U64/><E58/><V9/><F9/><W41/><N who="3" m="15410" /><W82/><AGARI ba="0,0" hai="52,56,61,62,63,82,87,90" m="50375,15410" machi="82" ten="30,7900,0" yaku="4,1,8,1,52,1,54,1" doraHai="51" who="3" fromWho="3" sc="618,-20,160,-20,216,-39,6,79" /><INIT seed="3,0,0,3,3,96" ten="598,140,177,85" oya="3" hai0="17,124,31,55,104,103,86,50,61,98,11,14,83" hai1="12,105,34,29,57,80,27,16,111,44,41,134,8" hai2="4,135,129,37,71,74,38,120,65,56,113,110,51" hai3="114,52,23,128,1,132,28,127,95,70,121,69,89"/><W90/><G1/><T118/><D124/><U126/><E111/><V73/><F4/><W94/><G121/><T20/><D61/><U58/><E126/><V97/><F97/><W30/><G114/><T79/><D118/><U100/><E134/><V63/><F56/><W77/><G127/><T101/><D31/><U68/><E68/><V85/><F85/><W116/><G116/><T43/><D43/><U25/><E25/><V81/><F81/><W75/><G132/><T92/><D104/><U0/><E0/><V15/><F15/><W39/><G39/><T84/><D84/><U108/><E108/><V21/><F21/><W48/><G128/><T3/><D3/><U66/><E66/><V47/><F74/><W64/><G77/><T91/><D11/><U26/><E26/><V87/><F87/><W19/><G75/><T119/><D119/><U9/><E9/><V18/><F73/><W53/><G64/><T35/><D35/><U24/><E24/><V99/><F110/><W22/><REACH who="3" step="1"/><G48/><REACH who="3" ten="598,140,177,75" step="2"/><T13/><D13/><U131/><E131/><V54/><F129/><W2/><G2/><T46/><AGARI ba="0,1" hai="14,17,20,46,50,55,79,83,86,91,92,98,101,103" machi="46" ten="20,8000,1" yaku="0,1,7,1,8,1,52,2" doraHai="96" who="0" fromWho="0" sc="598,90,140,-20,177,-20,75,-40" /><INIT seed="4,0,0,3,2,72" ten="688,120,157,35" oya="0" hai0="105,110,2,54,37,45,28,114,81,98,75,53,12" hai1="1,74,11,79,21,0,78,94,133,38,64,63,129" hai2="14,31,9,115,6,73,86,100,48,104,131,57,42" hai3="109,92,87,23,8,44,39,40,126,61,27,7,95"/><T19/><D110/><U106/><E38/><V59/><F104/><W46/><G109/><T119/><D2/><U43/><E106/><V4/><F73/><W51/><G126/><T5/><D119/><U97/><E74/><V69/><F69/><W91/><G61/><T121/><D121/><U85/><E129/><V33/><F33/><W103/><G103/><T60/><D114/><U15/><E133/><V66/><F31/><W123/><G123/><T3/><D28/><U84/><E43/><V20/><F100/><W118/><G118/><T83/><D60/><U120/><E21/><V41/><F115/><W127/><G127/><T124/><D124/><U29/><E29/><V26/><F6/><W16/><G46/><T80/><D75/><U56/><E120/><V13/><F26/><W67/><G67/><T102/><D5/><U68/><E68/><V35/><F35/><W125/><G125/><T77/><D3/><U76/><E0/><V52/><F131/><W93/><REACH who="3" step="1"/><G39/><REACH who="3" ten="688,120,157,25" step="2"/><T58/><D37/><U101/><E1/><AGARI ba="0,1" hai="1,7,8,16,23,27,40,44,51,87,91,92,93,95" machi="1" ten="30,7700,0" yaku="1,1,2,1,7,1,54,1,53,0" doraHai="72" doraHaiUra="62" who="3" fromWho="1" sc="688,0,120,-77,157,0,25,87" /><INIT seed="5,0,0,4,3,114" ten="688,43,157,112" oya="1" hai0="95,135,90,5,30,63,77,132,84,94,70,78,8" hai1="85,58,126,105,45,43,134,26,52,68,2,80,129" hai2="111,0,130,72,39,104,19,14,36,98,79,66,109" hai3="118,44,119,71,6,7,83,102,27,22,65,121,123"/><U113/><E68/><V17/><F0/><W67/><G102/><T34/><D70/><U106/><E113/><V3/><F3/><W59/><G71/><T96/><D63/><U47/><E2/><V128/><F66/><N who="3" m="25099" /><G83/><T69/><D69/><U51/><E129/><N who="2" m="49771" /><F79/><W81/><G59/><T92/><D30/><U93/><E134/><N who="0" m="51241" /><D34/><U16/><E126/><V127/><F72/><W13/><G44/><T37/><D37/><N who="2" m="14410" /><F127/><W108/><G81/><N who="0" m="49423" /><D96/><U100/><E100/><N who="2" m="62487" /><F19/><N who="3" m="12767" /><G108/><T91/><D91/><U53/><E93/><N who="0" m="23809" /><T56/><DORA hai="116" /><D56/><U124/><E124/><V49/><F49/><W55/><G55/><T87/><D87/><U50/><E43/><V75/><F75/><W120/><G13/><AGARI ba="0,0" hai="5,8,13,77,78" m="23809,49423,51241" machi="13" ten="40,1300,0" yaku="20,1" doraHai="114,116" who="0" fromWho="3" sc="688,13,43,0,157,0,112,-13" /><INIT seed="6,0,0,5,3,114" ten="701,43,157,99" oya="2" hai0="67,98,41,43,1,74,88,35,119,46,50,116,56" hai1="95,106,101,38,135,73,66,18,83,3,118,27,123" hai2="39,125,107,94,29,54,87,20,131,23,32,105,13" hai3="36,9,97,109,100,84,55,26,102,42,128,82,103"/><V34/><F39/><W132/><G109/><T75/><D1/><U25/><E38/><V21/><F87/><W77/><G132/><T10/><D35/><U111/><E3/><V6/><F94/><W7/><G128/><T53/><D10/><U15/><E111/><V31/><F54/><W124/><G124/><T19/><D19/><U52/><E123/><V2/><F107/><W57/><G26/><T110/><D110/><U113/><E113/><V127/><F105/><W24/><G24/><T115/><D115/><U0/><E135/><V133/><F133/><W99/><G42/><N who="0" m="15883" /><D67/><U80/><E0/><V91/><F91/><W17/><G36/><T59/><D74/><U90/><E73/><V130/><F2/><W4/><G17/><T62/><D75/><U89/><E118/><N who="0" m="45097" /><D62/><U117/><E117/><V37/><F37/><W61/><G9/><T58/><D58/><U68/><E66/><V85/><F23/><W78/><G4/><T22/><D22/><U93/><E68/><V92/><F6/><W121/><G7/><T14/><D14/><U48/><E106/><V40/><F13/><W122/><G122/><T81/><D81/><N who="1" m="31307" /><E101/><V45/><F21/><W44/><G121/><T60/><D60/><U11/><E93/><AGARI ba="0,0" hai="46,50,53,56,59,88,93,98" m="45097,15883" machi="93" ten="30,8000,1" yaku="12,1,52,3,54,1" doraHai="114" who="0" fromWho="1" sc="701,80,43,-80,157,0,99,0" owari="781,88.0,-37,-54.0,157,-4.0,99,-30.0" /></mjloggm>