<mjloggm ver="2.3"><GO type="169" lobby="0"/><UN n0="%E3%82%8C%E3%82%93%EF%BC%8D%4E%65%77" n1="%E3%82%A6%E3%83%AB%E3%83%88%E3%83%A9%E7%AB%8B%E7%9B%B4" n2="%74%61%63%6F%73" n3="%E5%B0%8F%E8%B5%B0%E3%82%84%E3%81%88%E5%A4%A7%E5%85%88%E8%BC%A9" dan="16,16,17,16" rate="2022.19,2123.98,2138.86,2051.58" sx="M,M,M,F"/><TAIKYOKU oya="0"/><INIT seed="0,0,0,2,4,45" ten="250,250,250,250" oya="0" hai0="7,21,9,116,11,81,55,93,38,84,118,64,72" hai1="124,42,49,128,54,4,18,10,129,32,56,3,109" hai2="90,28,113,95,33,1,107,34,25,13,110,94,83" hai3="22,102,80,111,132,99,133,74,76,126,37,123,15"/><T73/><D64/><U75/><E75/><V19/><F107/><N who="3" m="63967" /><G37/><T60/><D38/><U57/><E32/><V135/><F113/><W12/><G111/><T78/><D21/><U14/><E109/><V103/><F1/><W117/><G117/><T87/><D9/><U67/><E124/><V65/><F65/><W121/><G126/><T5/><D5/><U43/><E57/><V119/><F135/><N who="3" m="51787" /><G22/><T16/><D16/><U106/><E106/><V114/><F110/><W97/><G97/><T71/><D116/><U52/><E54/><V86/><F119/><W85/><G74/><T36/><D36/><U48/><E67/><V46/><F114/><W40/><G40/><T98/><D71/><U62/><E43/><V79/><F33/><W115/><G115/><T27/><D72/><U125/><E125/><V130/><F103/><W70/><G70/><T77/><D73/><U59/><E59/><V134/><F134/><W50/><G50/><T44/><D44/><U66/><E66/><V51/><F79/><W112/><G112/><T61/><D78/><U100/><E100/><V92/><F130/><N who="1" m="50281" /><E42/><V6/><F6/><W30/><G30/><T120/><D7/><U89/><E89/><V63/><F63/><W23/><G23/><AGARI ba="0,0" hai="3,4,10,14,18,23,48,49,52,56,62" m="50281" machi="23" ten="30,7700,0" yaku="19,1,52,2,54,1" doraHai="45" who="1" fromWho="3" sc="250,0,250,77,250,0,250,-77" /><INIT seed="1,0,0,4,3,93" ten="250,327,250,173" oya="1" hai0="81,14,100,80,92,115,6,78,58,84,116,67,98" hai1="43,108,105,128,99,86,57,23,35,95,36,134,19" hai2="124,55,10,127,82,118,48,96,54,109,68,91,76" hai3="16,45,123,69,73,3,132,74,50,70,129,38,111"/><U119/><E35/><V130/><F118/><W83/><G123/><T75/><D116/><U104/><E119/><V15/><F68/><W133/><G38/><T117/><D117/><U66/><E128/><V71/><F71/><N who="3" m="27147" /><G3/><T56/><D115/><U49/><E134/><N who="3" m="51818" /><G129/><T64/><D6/><U2/><E2/><V72/><F109/><W79/><G74/><T65/><REACH who="0" step="1"/><D14/><REACH who="0" ten="240,327,250,173" step="2"/><U37/><E108/><V34/><F15/><W107/><G111/><T125/><D125/><U52/><E37/><V90/><F124/><W46/><G107/><T60/><D60/><U39/><E39/><V42/><F127/><W51/><G16/><T135/><D135/><U0/><E0/><V121/><F121/><W8/><G8/><T32/><D32/><U40/><E36/><V9/><F34/><W47/><AGARI ba="0,1" hai="45,46,47,50,51,73,79,83" m="51818,27147" machi="47" ten="40,1500,0" yaku="20,1" doraHai="93" who="3" fromWho="3" sc="240,-4,327,-7,250,-4,173,25" /><INIT seed="2,0,0,2,1,119" ten="236,320,246,198" oya="2" hai0="97,121,80,66,9,64,23,69,95,54,28,87,125" hai1="60,122,105,134,14,15,56,78,41,61,129,2,86" hai2="17,79,126,70,55,102,4,62,36,68,99,89,38" hai3="101,65,13,39,90,18,85,37,24,111,49,73,0"/><V103/><F79/><W63/><G0/><T128/><D125/><U83/><E105/><V67/><F4/><W100/><G73/><T47/><D69/><U91/><E2/><V75/><F75/><W130/><G111/><T112/><D112/><U50/><E129/><V98/><F126/><W135/><G130/><T58/><D121/><U115/><E115/><V116/><F116/><W20/><G135/><T120/><D120/><U33/><E33/><V88/><F55/><W44/><G24/><T30/><D47/><N who="1" m="25967" /><E134/><V96/><F17/><W131/><G131/><T26/><D30/><U21/><E122/><V81/><F81/><N who="3" m="49455" /><G39/><T29/><D29/><U22/><E61/><V118/><F118/><W11/><G37/><T77/><D9/><U76/><E21/><V27/><F27/><N who="3" m="14743" /><G63/><N who="0" m="36311" /><D128/><U74/><E74/><V110/><F110/><W133/><G65/><T113/><D113/><U1/><E1/><V109/><F109/><W59/><G59/><T25/><D25/><U5/><E15/><V84/><F68/><W8/><G133/><T7/><D7/><U106/><E106/><V12/><F36/><W132/><G132/><T34/><D34/><U35/><E35/><V31/><F38/><W51/><G8/><T45/><D45/><U53/><E22/><V32/><F12/><W82/><G44/><T16/><D28/><U57/><E57/><V52/><F31/><W93/><G11/><AGARI ba="0,0" hai="5,11,14,53,56,60,76,78,83,86,91" m="25967" machi="11" ten="30,1000,0" yaku="8,1" doraHai="119" who="1" fromWho="3" sc="236,0,320,10,246,0,198,-10" /><INIT seed="3,0,0,3,0,48" ten="236,330,246,188" oya="3" hai0="91,87,81,49,88,6,13,80,17,29,31,75,38" hai1="71,43,64,52,37,123,25,20,133,106,15,4,24" hai2="93,129,1,86,96,16,85,127,57,118,14,117,22" hai3="28,103,126,94,30,128,101,54,109,108,113,125,119"/><W83/><G119/><T26/><D38/><U116/><E106/><V21/><F1/><W104/><G113/><T18/><D6/><U5/><E123/><V62/><F127/><N who="3" m="48651" /><G128/><T120/><D120/><U3/><E3/><V122/><F122/><W73/><G104/><T135/><D135/><U89/><E64/><V92/><F129/><W39/><G39/><T59/><D26/><U2/><E71/><V78/><F117/><W60/><G28/><N who="0" m="10827" /><D75/><U42/><E37/><V67/><F118/><W44/><G30/><T110/><D110/><N who="3" m="42601" /><G94/><N who="0" m="54559" /><D91/><U56/><E89/><V47/><F92/><W63/><G44/><T19/><D13/><U27/><E2/><V115/><F115/><W90/><G90/><T112/><D112/><U10/><E133/><V53/><F47/><W41/><G41/><T131/><D131/><U12/><E116/><V51/><F78/><N who="3" m="44495" /><G63/><T77/><D77/><U98/><E98/><V66/><F62/><W74/><G74/><T23/><D23/><U0/><E43/><V50/><F22/><W34/><G34/><T35/><D35/><U33/><E42/><V121/><F121/><W132/><G132/><T114/><D114/><U46/><E20/><V68/><F93/><W102/><G102/><T65/><D65/><U130/><E33/><V61/><F66/><W100/><G100/><T58/><D80/><U36/><E130/><V7/><F67/><W69/><G69/><T95/><D81/><U99/><E46/><V8/><F68/><W84/><G84/><N who="2" m="32361" /><F96/><W111/><N who="3" m="42609" /><W107/><DORA hai="9" /><G107/><T11/><D95/><U97/><E36/><RYUUKYOKU ba="0,0" sc="236,-15,330,-15,246,15,188,15" hai2="7,8,14,16,21,50,51,53,57,61" hai3="54,60,101,103" /><INIT seed="3,1,0,4,5,85" ten="221,315,261,203" oya="3" hai0="114,51,133,88,134,71,117,129,104,15,50,106,42" hai1="44,40,63,19,62,14,109,118,74,0,126,75,26" hai2="31,7,13,102,100,107,55,58,115,8,105,84,80" hai3="127,119,20,3,128,94,116,86,46,125,113,33,97"/><W76/><G33/><T18/><D71/><U10/><E109/><V4/><F115/><W70/><G3/><T21/><D114/><U69/><E126/><N who="3" m="48138" /><G113/><T53/><D129/><U48/><E118/><V30/><F4/><W131/><G70/><T99/><D117/><N who="3" m="45129" /><G20/><T78/><D78/><U41/><E0/><V6/><F6/><W59/><G59/><N who="0" m="33207" /><D51/><U35/><E41/><V36/><F36/><W64/><G64/><T9/><D21/><U43/><E43/><V81/><F105/><W89/><G46/><T12/><D42/><U72/><REACH who="1" step="1"/><E69/><REACH who="1" ten="221,305,261,203" step="2"/><V68/><F68/><W103/><G76/><T52/><D133/><U95/><E95/><AGARI ba="1,1" hai="86,89,94,95,97,103,128,131" m="45129,48138" machi="95" ten="30,11600,0" yaku="18,1,34,2,52,1" doraHai="85" who="3" fromWho="1" sc="221,0,305,-119,261,0,203,129" /><INIT seed="3,2,0,3,0,87" ten="221,186,261,332" oya="3" hai0="20,14,135,86,60,110,79,98,78,42,82,32,108" hai1="96,19,28,67,2,37,127,50,54,69,132,56,123" hai2="93,26,80,31,34,65,18,99,45,126,121,72,103" hai3="134,117,133,53,24,100,61,12,0,8,112,107,41"/><W128/><G117/><T7/><D32/><U83/><E2/><V62/><F126/><W49/><G112/><T120/><D120/><U115/><E115/><V3/><F3/><W13/><G128/><T97/><D42/><U9/><E123/><V81/><F121/><W10/><G0/><T113/><D113/><U29/><E37/><V52/><F72/><W46/><G24/><T38/><D38/><U64/><E132/><N who="3" m="50794" /><G100/><T44/><D44/><U43/><E43/><V66/><F18/><N who="3" m="8455" /><G107/><T114/><D135/><U68/><E68/><V101/><F101/><W91/><G91/><T122/><D114/><U36/><E69/><V47/><F65/><W109/><G109/><T6/><D122/><U88/><E127/><V105/><F105/><W73/><G73/><T25/><D25/><U90/><E67/><V102/><F102/><W23/><G23/><T106/><D20/><U22/><E64/><V75/><F66/><W129/><G129/><T55/><D108/><U131/><E131/><V11/><F75/><W92/><G92/><T40/><D78/><U76/><E9/><V4/><F81/><W16/><G61/><T1/><D60/><U70/><E70/><V124/><F124/><W27/><G27/><T89/><D1/><U85/><E36/><V17/><F80/><W59/><G41/><T130/><D40/><U5/><E5/><V35/><F35/><W33/><G33/><T84/><D130/><U94/><E76/><V21/><F34/><W104/><G104/><T15/><D106/><U119/><E119/><V125/><F125/><W74/><G74/><RYUUKYOKU ba="2,0" sc="221,-15,186,15,261,-15,332,15" hai1="19,22,28,29,50,54,56,83,85,88,90,94,96" hai3="10,13,16,46,49,53,59" /><INIT seed="3,3,0,4,5,47" ten="206,201,246,347" oya="3" hai0="21,118,10,49,72,103,122,61,135,113,74,132,67" hai1="75,16,41,63,40,26,62,99,100,22,77,14,3" hai2="6,69,76,60,78,85,25,39,121,110,57,20,24" hai3="102,59,38,32,95,18,92,7,53,79,81,111,12"/><W9/><G32/><T27/><D122/><U37/><E3/><V54/><F39/><W133/><G38/><T90/><D103/><U64/><E77/><V58/><F69/><W42/><G42/><T126/><D10/><U96/><E75/><V125/><F121/><W33/><G33/><T17/><D118/><U36/><E36/><V134/><F110/><W89/><G133/><N who="0" m="51275" /><D126/><U46/><E41/><V0/><F134/><W19/><G102/><T50/><D90/><U123/><E123/><V65/><F0/><W106/><G106/><T52/><D113/><U105/><E64/><V23/><F6/><W70/><G111/><T82/><D50/><U117/><E117/><V55/><F125/><W43/><G89/><T112/><D82/><U107/><E107/><V130/><F130/><W45/><G43/><T51/><D51/><U120/><E120/><V91/><F76/><W11/><G11/><T28/><D28/><U88/><REACH who="1" step="1"/><E14/><REACH who="1" ten="206,191,246,347" step="2"/><V98/><F78/><W83/><G79/><T48/><D112/><U2/><E2/><V87/><F65/><W8/><G12/><T80/><D67/><U116/><E116/><V66/><F66/><W86/><G7/><T71/><D71/><U31/><E31/><V131/><F131/><W129/><G70/><T101/><D72/><U108/><E108/><V35/><F24/><W56/><G129/><T30/><D27/><U44/><E44/><V5/><F25/><W34/><G45/><T104/><D30/><U97/><E97/><V94/><F98/><W68/><G68/><T73/><D74/><U13/><E13/><RYUUKYOKU ba="3,1" sc="206,-10,191,30,246,-10,347,-10" hai1="16,22,26,37,40,46,62,63,88,96,99,100,105" /><INIT seed="4,4,1,0,1,84" ten="196,221,236,337" oya="0" hai0="129,75,9,87,19,59,131,6,135,61,120,110,104" hai1="81,41,71,82,11,36,16,29,106,33,98,119,55" hai2="122,83,44,78,0,60,62,127,42,30,21,47,54" hai3="5,26,3,17,7,51,20,8,22,37,45,32,123"/><T49/><D75/><U128/><E119/><V46/><F0/><W35/><G37/><T2/><D104/><U92/><E71/><V112/><F122/><W97/><G5/><T85/><D120/><U38/><E106/><V107/><F107/><W80/><G97/><T67/><D135/><U134/><E134/><V63/><F112/><W1/><G1/><T96/><D110/><U88/><E33/><V77/><F127/><W53/><G123/><T86/><D96/><U90/><E36/><V108/><F42/><W100/><G100/><T126/><D126/><U15/><E128/><N who="0" m="49225" /><D49/><U14/><E41/><V121/><F121/><W103/><G103/><T74/><D74/><U91/><E38/><V12/><F108/><W24/><REACH who="3" step="1"/><G80/><REACH who="3" ten="196,221,236,327" step="2"/><N who="1" m="30826" /><E29/><AGARI ba="4,2" hai="3,7,8,17,20,22,24,26,29,32,35,45,51,53" machi="29" ten="30,2000,0" yaku="1,1,7,1,53,0" doraHai="84" doraHaiUra="130" who="3" fromWho="1" sc="196,0,221,-32,236,0,327,52" /><INIT seed="5,0,0,0,4,120" ten="196,189,236,379" oya="1" hai0="10,9,87,29,4,22,64,108,117,21,121,30,59" hai1="37,61,70,71,57,72,16,95,66,34,50,126,79" hai2="63,56,128,77,122,73,116,90,129,101,23,112,100" hai3="91,17,19,15,55,33,18,35,93,104,75,48,106"/><U81/><E34/><V118/><F122/><W82/><G15/><T3/><D121/><U51/><E37/><V45/><F45/><W107/><G82/><T127/><D117/><U80/><E126/><V38/><F38/><W78/><G78/><T84/><D127/><U32/><E32/><V131/><F112/><W47/><REACH who="3" step="1"/><G75/><REACH who="3" ten="196,189,236,369" step="2"/><T86/><D3/><U88/><E81/><V52/><F77/><W123/><G123/><T60/><D4/><U46/><E50/><V40/><F73/><W53/><G53/><T44/><D9/><U1/><E1/><V85/><F40/><W92/><G92/><T58/><D10/><U13/><E51/><V74/><F74/><W20/><G20/><T105/><D21/><U14/><E14/><V124/><F124/><W67/><G67/><T114/><D22/><U83/><E83/><N who="2" m="49471" /><F23/><W98/><AGARI ba="0,1" hai="17,18,19,33,35,47,48,55,91,93,98,104,106,107" machi="98" ten="40,2700,0" yaku="1,1,0,1,53,0" doraHai="120" doraHaiUra="6" who="3" fromWho="3" sc="196,-7,189,-13,236,-7,369,37" /><INIT seed="6,0,0,2,3,106" ten="189,176,229,406" oya="2" hai0="85,82,55,7,83,39,64,114,120,59,22,42,4" hai1="73,41,16,86,117,67,101,18,3,43,14,127,135" hai2="52,30,23,27,0,37,72,15,94,84,109,25,33" hai3="45,46,110,1,70,89,111,5,9,53,28,123,36"/><V35/><F37/><W95/><G123/><T29/><D120/><U76/><E3/><V97/><F0/><W26/><G70/><T60/><D114/><U49/><E117/><V96/><F72/><W79/><G79/><T51/><D39/><U48/><E73/><V81/><F109/><W44/><G53/><T24/><D42/><N who="1" m="15883" /><E127/><V87/><F15/><W47/><G36/><T78/><REACH who="0" step="1"/><D83/><REACH who="0" ten="179,176,229,406" step="2"/><N who="1" m="47463" /><E135/><V62/><F81/><W93/><G110/><T103/><D103/><U40/><E40/><V99/><F33/><W107/><G111/><T128/><D128/><U98/><E67/><V21/><F35/><W56/><G107/><T132/><D132/><U88/><E101/><V65/><F94/><W63/><G93/><T115/><D115/><U69/><E69/><AGARI ba="0,1" hai="4,7,22,24,29,51,55,59,60,64,69,78,82,85" machi="69" ten="30,3900,0" yaku="1,1,7,1,53,1" doraHai="106" doraHaiUra="80" who="0" fromWho="1" sc="179,49,176,-39,229,0,406,0" /><INIT seed="7,0,0,3,5,60" ten="228,137,229,406" oya="3" hai0="98,63,70,13,120,40,10,69,64,77,35,56,54" hai1="43,112,118,104,59,116,107,105,100,89,135,6,127" hai2="34,39,83,109,12,33,38,72,78,71,129,114,92" hai3="21,17,84,85,68,111,67,28,126,93,15,27,91"/><W76/><G126/><T49/><D35/><U57/><E100/><V25/><F109/><W108/><G67/><T121/><D70/><U106/><N who="1" m="26624" /><DORA hai="90" /><U65/><E43/><V122/><F12/><W3/><G68/><T94/><D77/><U14/><E14/><V1/><F1/><W117/><G3/><T45/><D40/><U133/><E6/><V103/><F25/><W8/><G117/><N who="1" m="45162" /><E127/><V124/><F124/><W44/><G44/><T132/><D69/><U19/><E19/><V61/><F71/><W16/><G17/><T82/><D132/><N who="1" m="50763" /><E89/><V55/><F103/><W123/><G108/><T22/><D22/><U52/><E112/><V119/><F114/><W96/><G111/><T0/><D0/><U95/><E95/><V79/><F92/><W73/><G93/><T2/><D2/><U23/><E23/><V47/><F119/><W131/><G91/><T53/><D82/><U18/><E18/><V32/><F83/><W26/><G27/><T48/><D13/><U41/><E41/><V42/><F42/><W125/><G125/><T11/><D11/><U81/><E81/><V31/><F33/><W5/><G5/><T36/><D10/><U66/><E52/><V99/><F55/><W101/><G101/><T30/><D54/><U130/><E130/><V20/><F129/><W75/><G131/><T24/><D53/><U4/><E4/><V110/><F32/><W9/><G8/><T115/><D94/><U134/><N who="1" m="50771" /><U86/><DORA hai="113" /><E86/><V128/><F128/><W46/><G85/><T51/><D115/><U29/><E29/><RYUUKYOKU ba="0,0" sc="228,-10,137,30,229,-10,406,-10" hai1="57,59,65,66" owari="218,-18.0,167,-33.0,219,2.0,396,49.0" /></mjloggm>