<mjloggm ver="2.3"><GO type="97" lobby="0"/><UN n0="%E3%82%A6%E3%83%AB%E3%83%88%E3%83%A9%E7%AB%8B%E7%9B%B4" n1="%70%6F%6D%65%6B%6F" n2="%E6%97%A9%E7%94%B0%E9%80%B2" n3="%50%61%6E%74%73%65%6C" dan="14,13,15,14" rate="1912.91,1850.66,1969.63,1864.41" sx="M,F,M,M"/><TAIKYOKU oya="0"/><INIT seed="0,0,0,2,2,97" ten="250,250,250,250" oya="0" hai0="27,15,103,45,48,41,87,123,115,88,117,91,104" hai1="63,80,110,62,133,116,131,124,64,12,32,17,92" hai2="74,29,56,132,111,25,100,50,93,112,51,66,58" hai3="81,33,37,129,59,47,24,0,109,5,36,105,128"/><T46/><D123/><U65/><E116/><V73/><F112/><W21/><G105/><T35/><D117/><U95/><E110/><V119/><F119/><W61/><G33/><T2/><D2/><U34/><E124/><V102/><F111/><W125/><G125/><T84/><D115/><U96/><E131/><V118/><F118/><W14/><G0/><T69/><D69/><U43/><E133/><V60/><F132/><W135/><G135/><T72/><D72/><U77/><E43/><V127/><F127/><W94/><G109/><T121/><D121/><U86/><E92/><V101/><F93/><W9/><G81/><T3/><D3/><U39/><E39/><V130/><F130/><N who="3" m="50283" /><G47/><T30/><D15/><U85/><E85/><V99/><F99/><W49/><G49/><T122/><D122/><U16/><E17/><V68/><F68/><W82/><G82/><T54/><D87/><U57/><E63/><N who="2" m="38247" /><F74/><W98/><G21/><T8/><D8/><U44/><E64/><N who="2" m="38935" /><F73/><W67/><G24/><T28/><D28/><U107/><E44/><V42/><F42/><W13/><G13/><T108/><D108/><U75/><E75/><V31/><F25/><W90/><AGARI ba="0,0" hai="5,9,14,36,37,59,61,67,90,94,98" m="50283" machi="90" ten="30,1100,0" yaku="19,1" doraHai="97" who="3" fromWho="3" sc="250,-5,250,-3,250,-3,250,11" /><INIT seed="1,0,0,4,4,66" ten="245,247,247,261" oya="1" hai0="0,53,23,111,86,42,90,116,108,32,46,97,121" hai1="113,128,100,40,4,114,43,133,118,31,93,37,60" hai2="105,12,35,36,34,103,101,106,68,44,63,25,130" hai3="3,123,29,26,7,83,84,125,112,27,65,51,22"/><U69/><E118/><V98/><F12/><W120/><G123/><T33/><D0/><U115/><E128/><V87/><F87/><W48/><G120/><T38/><D116/><U39/><E133/><V8/><F8/><W61/><G112/><T77/><D121/><U19/><E4/><V52/><F130/><W78/><G125/><T1/><D1/><U47/><E31/><N who="2" m="19823" /><F35/><W18/><G7/><T119/><D119/><U126/><E19/><V56/><F103/><W72/><G72/><T55/><D33/><U24/><E24/><V54/><F54/><W57/><G3/><T92/><D32/><AGARI ba="0,0" hai="18,22,26,27,29,32,48,51,57,61,65,78,83,84" machi="32" ten="30,1000,0" yaku="7,1" doraHai="66" who="3" fromWho="0" sc="245,-10,247,0,247,0,261,10" /><INIT seed="2,0,0,2,4,31" ten="235,247,247,271" oya="2" hai0="120,58,119,132,79,117,104,129,97,106,1,98,77" hai1="92,28,11,107,53,4,80,121,122,114,110,73,55" hai2="22,82,30,128,70,84,47,100,125,42,24,78,35" hai3="108,65,81,27,57,41,72,60,14,124,86,71,54"/><V18/><F125/><W99/><G72/><T32/><D58/><U115/><E110/><V74/><F128/><W69/><G124/><T61/><D61/><U85/><E107/><N who="0" m="41001" /><D1/><U113/><E73/><V48/><F100/><W38/><G108/><T130/><D32/><U34/><E92/><V2/><F70/><W118/><G118/><N who="0" m="45067" /><D120/><N who="1" m="46187" /><E28/><V91/><F2/><W105/><G27/><T66/><D66/><U94/><E94/><V131/><F131/><N who="0" m="50186" /><D132/><U23/><E23/><V26/><REACH who="2" step="1"/><F74/><REACH who="2" ten="235,247,237,271" step="2"/><W134/><G134/><T88/><D88/><AGARI ba="0,1" hai="18,22,24,26,30,35,42,47,48,78,82,84,88,91" machi="88" ten="40,12000,1" yaku="1,1,2,1,52,1,54,1,53,0" doraHai="31" doraHaiUra="56" who="2" fromWho="0" sc="235,-120,247,0,237,130,271,0" /><INIT seed="2,1,0,0,1,44" ten="115,247,367,271" oya="2" hai0="60,21,86,87,77,89,114,55,57,71,115,52,26" hai1="43,49,19,50,16,116,34,90,100,11,122,24,91" hai2="14,69,59,8,9,79,41,22,67,123,117,133,0" hai3="94,88,78,72,119,33,31,54,101,127,124,25,13"/><V64/><F123/><W37/><G119/><T6/><D71/><U58/><E116/><V97/><F117/><W10/><G37/><T113/><D6/><U5/><E122/><V108/><F133/><W47/><G101/><T3/><D3/><U63/><E100/><V92/><F108/><W76/><G72/><T129/><D129/><U48/><E43/><V51/><F69/><W107/><G107/><T18/><D77/><U131/><E131/><V65/><F79/><W12/><G78/><T130/><D130/><U106/><E106/><V120/><F120/><W29/><G76/><T27/><D27/><U56/><E56/><V1/><F1/><W81/><G81/><T99/><REACH who="0" step="1"/><D55/><REACH who="0" ten="105,247,367,271" step="2"/><U2/><E24/><V95/><F0/><W4/><G25/><T20/><D20/><U103/><E34/><V74/><F22/><W112/><G33/><T46/><D46/><U61/><E58/><V40/><F9/><W118/><G118/><T68/><D68/><U42/><E42/><V135/><F41/><W84/><G112/><T23/><D23/><U66/><E66/><V80/><F8/><W73/><G10/><T38/><D38/><U30/><E30/><V105/><F67/><W62/><G4/><T111/><D111/><U121/><E19/><V75/><F65/><W96/><G31/><T128/><D128/><U39/><E16/><V132/><F64/><W70/><G29/><T32/><D32/><U36/><E39/><V102/><F40/><W82/><G70/><T28/><D28/><U109/><E36/><V7/><F7/><W104/><G47/><RYUUKYOKU ba="1,1" sc="105,30,247,-10,367,-10,271,-10" hai0="18,21,26,52,57,60,86,87,89,99,113,114,115" /><INIT seed="3,2,1,2,1,118" ten="135,237,357,261" oya="3" hai0="105,20,77,79,62,92,108,106,17,34,73,133,16" hai1="125,100,83,109,1,9,102,50,57,21,52,18,120" hai2="114,71,130,14,7,61,19,124,123,131,87,132,81" hai3="4,91,135,58,48,59,117,93,10,126,24,88,41"/><W51/><G117/><T70/><D34/><U22/><E120/><V129/><F114/><W82/><G135/><T33/><D33/><U65/><E109/><V96/><F123/><W122/><G126/><T49/><D133/><U78/><E125/><V134/><F124/><W25/><G122/><T2/><D2/><U69/><E22/><N who="2" m="11639" /><F7/><W43/><G4/><T12/><D108/><U0/><E0/><V5/><F5/><W54/><G10/><T53/><D106/><U35/><E35/><V104/><F104/><W127/><G127/><T111/><D105/><U128/><E128/><V28/><F28/><W38/><G38/><T99/><D111/><U42/><E9/><V13/><F13/><W23/><G23/><T27/><D73/><U116/><E116/><V121/><F96/><W45/><G82/><T84/><D70/><U97/><E1/><V101/><F101/><W29/><G29/><T47/><D84/><U113/><E113/><V3/><F3/><W115/><G115/><T98/><D99/><U95/><E42/><N who="3" m="15882" /><G51/><T40/><D40/><U55/><E65/><N who="2" m="41391" /><F121/><W8/><G8/><T80/><D80/><U112/><E69/><V31/><F31/><W6/><G6/><T30/><D62/><U64/><E64/><V32/><F32/><W85/><G91/><AGARI ba="2,1" hai="81,87,91,129,130,131,132,134" m="41391,11639" machi="91" ten="30,1000,0" yaku="19,1" doraHai="118" who="2" fromWho="3" sc="135,0,237,0,357,26,261,-16" owari="135,-36.0,237,-16.0,383,47.0,245,5.0" /></mjloggm>