<mjloggm ver="2.3"><GO type="169" lobby="0"/><UN n0="%48%75%72%6C%65%79" n1="%43%52%41%5A%59%42%45%45" n2="%28%EF%BF%A3%28%E5%B7%A5%29%EF%BF%A3%29" n3="%E3%82%A6%E3%83%AB%E3%83%88%E3%83%A9%E7%AB%8B%E7%9B%B4" dan="17,17,17,17" rate="2167.47,2100.59,2189.70,2177.67" sx="M,M,M,M"/><TAIKYOKU oya="0"/><INIT seed="0,0,0,5,5,73" ten="250,250,250,250" oya="0" hai0="34,109,89,74,97,68,88,79,82,101,7,28,123" hai1="58,72,92,128,0,67,27,32,133,16,99,77,125" hai2="114,17,3,87,9,107,51,100,121,14,135,18,83" hai3="4,55,91,52,65,43,95,42,61,96,127,111,84"/><T120/><D68/><U80/><E0/><V132/><F3/><W57/><G111/><T124/><D7/><U5/><E5/><V110/><F121/><N who="0" m="46666" /><D28/><U25/><E125/><V98/><F110/><W8/><G127/><T108/><D34/><U106/><E106/><V105/><F105/><W129/><G129/><T56/><D56/><U90/><E128/><V41/><F114/><W30/><G30/><T47/><D47/><U130/><E130/><V71/><F71/><W22/><G22/><T78/><D124/><U40/><E133/><V117/><F117/><W93/><G8/><T94/><D79/><U103/><E40/><N who="3" m="15402" /><G4/><T37/><D37/><U26/><E32/><V36/><F36/><W12/><G12/><T115/><D115/><U6/><E6/><V21/><F41/><W66/><G66/><T11/><D11/><U76/><E67/><V62/><F62/><W54/><G65/><T86/><D89/><AGARI ba="0,0" hai="52,54,55,57,61,84,89,91,93,95,96" m="15402" machi="89" ten="30,2000,0" yaku="8,1,54,1" doraHai="73" who="3" fromWho="0" sc="250,-20,250,0,250,0,250,20" /><INIT seed="1,0,0,1,2,103" ten="230,250,250,270" oya="1" hai0="9,113,6,42,4,40,107,0,76,8,53,131,61" hai1="47,50,106,100,78,21,14,132,120,20,12,94,26" hai2="44,116,130,64,81,114,119,101,88,105,2,55,1" hai3="86,82,97,125,93,16,111,102,79,70,39,99,45"/><U13/><E120/><V33/><F33/><W48/><G39/><T80/><D113/><U129/><E129/><V34/><F34/><W68/><G111/><T128/><D107/><U54/><E132/><V83/><F130/><N who="0" m="49706" /><D53/><U11/><E106/><V37/><F64/><W24/><G125/><T71/><D61/><U10/><E78/><V122/><F114/><W118/><G118/><T5/><D71/><U49/><E50/><V18/><F122/><W52/><REACH who="3" step="1"/><G99/><REACH who="3" ten="230,250,250,260" step="2"/><T134/><D134/><U74/><E74/><V104/><F116/><W124/><G124/><T126/><D126/><U67/><E67/><V110/><F119/><W77/><G77/><T57/><D57/><U135/><E135/><V7/><F110/><W35/><G35/><T43/><D0/><U115/><E115/><V56/><F2/><W65/><G65/><T17/><D17/><U117/><E117/><V41/><F18/><W95/><G95/><T127/><D127/><U23/><E94/><V84/><F83/><W91/><G91/><T25/><D25/><U58/><E26/><V98/><F98/><W121/><G121/><T112/><D112/><U19/><E19/><V22/><F101/><W15/><G15/><T92/><D92/><U3/><E100/><V75/><F1/><W123/><G123/><T31/><D31/><U38/><E3/><V59/><F37/><W27/><G27/><T133/><D133/><U28/><E28/><V96/><F96/><W72/><G72/><AGARI ba="0,1" hai="4,5,6,8,9,40,42,43,72,76,80" m="49706" machi="72" ten="40,1300,0" yaku="19,1" doraHai="103" who="0" fromWho="3" sc="230,23,250,0,250,0,260,-13" /><INIT seed="2,0,0,5,3,18" ten="253,250,250,247" oya="2" hai0="113,101,126,3,46,102,10,28,127,54,96,130,38" hai1="48,79,29,119,82,55,2,109,60,74,66,23,135" hai2="65,92,93,110,11,7,43,105,70,42,112,8,12" hai3="14,58,72,73,78,26,33,100,25,122,6,15,104"/><V120/><F120/><W89/><G122/><T75/><D113/><U118/><E2/><V36/><F112/><W83/><G73/><T61/><D75/><U80/><E109/><V121/><F105/><W44/><G44/><T108/><D108/><U81/><E135/><V107/><F110/><W57/><G100/><T39/><D130/><U129/><E129/><V86/><F107/><W31/><G104/><T71/><D28/><U117/><E29/><V124/><F124/><N who="0" m="47658" /><D54/><U85/><E74/><V27/><F36/><N who="0" m="13866" /><D46/><U45/><REACH who="1" step="1"/><E23/><REACH who="1" ten="253,240,250,247" step="2"/><V132/><F132/><W5/><G31/><T0/><D0/><U125/><E125/><V34/><F121/><W106/><G72/><T20/><D20/><U76/><E76/><V69/><F34/><W94/><G78/><T37/><D3/><U64/><E64/><V128/><F65/><W24/><G33/><T111/><D111/><U131/><E131/><V32/><F32/><W35/><G35/><T67/><D67/><U62/><E62/><V4/><F128/><W9/><G9/><T19/><D10/><U84/><E84/><V59/><F8/><W63/><G63/><T103/><D61/><U56/><AGARI ba="0,1" hai="45,48,55,56,60,66,79,80,81,82,85,117,118,119" machi="56" ten="30,2000,0" yaku="1,1,0,1,53,0" doraHai="18" doraHaiUra="98" who="1" fromWho="1" sc="253,-5,240,30,250,-10,247,-5" /><INIT seed="3,0,0,4,5,59" ten="248,270,240,242" oya="3" hai0="17,109,56,123,19,106,133,43,18,81,46,89,10" hai1="36,115,35,87,23,50,57,7,14,73,70,134,131" hai2="51,30,53,108,84,47,4,62,24,122,45,83,38" hai3="34,49,120,91,25,94,124,13,103,54,33,92,102"/><W132/><G120/><T22/><D123/><U63/><E35/><V29/><F122/><W67/><G124/><T8/><D106/><U130/><E73/><V114/><F114/><W111/><G132/><T97/><D133/><U48/><E36/><V3/><F108/><W20/><G111/><T66/><D109/><U32/><E32/><V128/><F128/><N who="1" m="49193" /><E70/><V110/><F110/><W98/><G67/><T118/><D118/><U119/><E134/><V26/><F3/><W69/><G69/><T77/><D22/><U6/><E115/><V116/><F4/><N who="1" m="1577" /><E87/><V1/><F1/><W78/><G78/><T79/><D10/><U95/><E95/><V125/><F125/><W72/><G72/><T16/><D97/><U90/><E90/><V21/><F116/><W39/><G39/><T100/><D100/><U2/><E2/><V15/><F15/><W76/><G76/><N who="0" m="29259" /><D89/><U61/><E119/><V85/><F38/><W5/><G34/><T129/><D81/><U60/><E57/><V96/><F96/><W88/><G33/><T55/><D129/><U37/><E37/><V117/><F117/><W11/><G94/><T107/><D107/><U82/><E82/><V86/><F83/><W121/><G121/><T52/><D8/><U75/><E75/><V113/><F113/><W80/><G80/><T64/><N who="0" m="4608" /><DORA hai="12" /><T28/><D28/><U112/><E112/><V101/><F101/><W27/><G103/><T31/><D31/><U65/><E23/><V104/><F29/><N who="3" m="17575" /><G27/><T68/><D68/><N who="1" m="42023" /><E14/><V126/><F26/><W58/><AGARI ba="0,0" hai="5,11,13,49,54,58,88,91,92,98,102" m="17575" machi="58" ten="30,3000,0" yaku="8,1,54,1" doraHai="59,12" who="3" fromWho="3" sc="248,-10,270,-10,240,-10,242,30" /><INIT seed="3,1,0,5,5,119" ten="238,260,230,272" oya="3" hai0="35,106,63,124,71,44,120,41,114,5,72,117,65" hai1="14,127,61,38,90,19,8,25,51,103,0,31,91" hai2="36,102,109,7,122,39,89,12,133,130,50,54,34" hai3="77,131,3,27,121,67,46,68,17,66,79,116,101"/><W105/><G116/><T84/><D117/><U85/><E38/><V13/><F102/><W108/><G3/><T47/><D72/><U28/><E127/><V43/><F109/><W95/><G105/><T81/><D106/><U69/><E103/><V111/><F34/><W107/><G107/><T2/><D35/><U82/><E0/><V24/><F111/><W88/><G101/><T58/><D114/><U16/><E69/><V97/><F24/><W93/><G108/><T96/><D96/><U74/><E74/><V76/><F76/><N who="3" m="29259" /><G68/><T87/><D124/><U60/><E90/><V70/><F70/><W22/><G121/><T100/><D100/><U104/><E104/><V57/><F130/><W98/><G131/><T29/><D29/><N who="1" m="11339" /><E51/><V75/><F75/><W73/><G73/><T48/><D71/><U64/><E64/><N who="3" m="24618" /><G95/><T134/><D2/><U80/><E80/><V18/><F39/><W40/><G40/><T53/><D81/><U115/><E115/><V83/><F43/><W128/><G128/><T118/><D41/><U110/><E110/><V45/><F36/><W4/><G4/><T10/><D118/><U37/><E37/><V123/><F7/><W125/><G125/><T78/><D5/><U9/><E82/><V15/><F83/><W30/><G30/><T49/><D78/><U11/><E19/><V33/><F18/><W56/><G56/><T21/><D58/><U20/><E16/><V32/><F57/><W129/><G129/><T132/><D65/><U6/><E6/><V92/><F133/><W94/><G94/><T59/><D134/><RYUUKYOKU ba="1,0" sc="238,-15,260,-15,230,15,272,15" hai2="12,13,15,32,33,45,50,54,89,92,97,122,123" hai3="17,22,27,46,88,93,98" /><INIT seed="3,2,0,3,5,124" ten="223,245,245,287" oya="3" hai0="42,117,48,54,38,69,77,17,132,102,41,13,21" hai1="14,59,19,24,56,34,39,83,52,67,35,33,66" hai2="121,0,87,119,65,5,22,103,95,50,92,128,32" hai3="99,123,120,111,94,135,104,118,73,43,125,20,68"/><W89/><G68/><T12/><D117/><U91/><E39/><V96/><F32/><W15/><G118/><T93/><D69/><U61/><E24/><V25/><F119/><W75/><G43/><T62/><D132/><U114/><E114/><V88/><F128/><W85/><G20/><T113/><D113/><U36/><E36/><V78/><F121/><N who="3" m="46667" /><G15/><T98/><D38/><U58/><E83/><V126/><F126/><W110/><G125/><T6/><D62/><U57/><REACH who="1" step="1"/><E91/><REACH who="1" ten="223,235,245,287" step="2"/><V86/><F78/><W60/><G135/><T23/><D77/><U64/><E64/><V10/><F65/><W80/><G60/><T37/><D37/><U28/><E28/><V116/><F116/><W105/><G75/><T31/><D31/><U11/><AGARI ba="2,1" hai="11,14,19,33,34,35,52,56,57,58,59,61,66,67" machi="11" ten="40,8000,1" yaku="1,1,0,1,54,1,53,1" doraHai="124" doraHaiUra="51" who="1" fromWho="1" sc="223,-22,235,96,245,-22,287,-42" /><INIT seed="4,0,0,0,5,13" ten="201,331,223,245" oya="0" hai0="4,65,38,0,12,34,103,19,6,37,66,126,25" hai1="46,135,125,39,63,101,108,90,100,124,134,57,26" hai2="131,2,50,49,8,79,22,88,119,87,129,58,84" hai3="77,130,24,18,118,67,7,120,113,35,104,83,89"/><T17/><D103/><N who="1" m="39499" /><E108/><V3/><F79/><W9/><G104/><T56/><D56/><U102/><N who="1" m="39507" /><U71/><DORA hai="107" /><E71/><V91/><F22/><W31/><G113/><T51/><D51/><U30/><E90/><V10/><REACH who="2" step="1"/><F58/><REACH who="2" ten="201,331,213,245" step="2"/><W123/><G77/><T115/><D115/><U94/><E57/><V11/><F11/><W20/><G123/><T28/><D126/><U73/><E125/><V55/><F55/><W74/><G120/><T32/><D28/><U62/><E30/><V86/><F86/><W97/><G31/><T114/><D114/><U105/><E124/><V93/><F93/><W92/><G20/><T82/><D82/><U33/><E94/><V78/><F78/><W69/><G83/><T127/><D127/><U117/><E105/><V43/><F43/><W47/><G9/><T81/><D81/><U23/><E23/><V16/><F16/><W80/><G18/><T36/><D25/><U98/><E26/><V21/><F21/><W133/><G24/><T45/><D19/><U85/><E85/><V110/><F110/><W44/><G92/><T54/><D54/><U109/><E109/><V106/><F106/><W64/><G80/><T76/><D76/><U1/><E135/><V29/><F29/><W60/><G133/><T96/><D17/><U42/><E134/><V68/><F68/><W70/><G69/><T112/><D112/><U48/><E42/><V40/><F40/><W95/><G70/><T59/><D59/><U116/><E63/><V72/><F72/><W111/><G74/><T99/><D99/><U53/><E98/><RYUUKYOKU ba="0,1" sc="201,-10,331,-10,213,30,245,-10" hai2="2,3,8,10,49,50,84,87,88,91,119,129,131" /><INIT seed="5,1,1,3,0,104" ten="191,321,243,235" oya="1" hai0="131,118,120,76,16,91,129,134,3,83,24,20,111" hai1="22,9,50,103,66,64,98,89,35,113,130,57,73" hai2="52,127,105,90,75,53,84,121,100,60,40,12,96" hai3="88,11,92,2,123,63,65,47,48,116,72,29,7"/><U85/><E35/><V1/><F121/><W124/><G123/><T54/><D120/><U94/><E73/><V81/><F1/><W69/><G124/><T125/><D118/><U128/><E113/><V6/><F127/><W97/><G116/><T79/><D111/><U15/><E22/><V122/><F40/><W19/><G29/><T38/><D38/><U132/><E132/><V56/><F122/><W117/><G117/><T13/><D3/><U46/><E57/><V67/><REACH who="2" step="1"/><F75/><REACH who="2" ten="191,321,233,235" step="2"/><W42/><G72/><N who="0" m="43399" /><D125/><U112/><E112/><V114/><F114/><W41/><G19/><T78/><D134/><U68/><E130/><N who="0" m="49673" /><D54/><AGARI ba="1,2" hai="2,7,11,41,42,47,48,54,63,65,69,88,92,97" machi="54" ten="30,2000,0" yaku="7,1,54,1" doraHai="104" who="3" fromWho="0" sc="191,-23,321,0,233,0,235,43" /><INIT seed="6,0,0,5,3,98" ten="168,321,233,278" oya="2" hai0="99,53,39,85,52,87,72,120,71,33,49,47,60" hai1="131,94,114,117,15,69,84,108,100,104,21,96,27" hai2="55,64,35,8,78,4,44,70,122,135,30,17,83" hai3="66,101,0,134,25,29,110,61,107,128,14,121,129"/><V82/><F122/><W48/><G0/><T9/><D120/><U65/><E108/><V115/><F115/><W32/><G110/><T51/><D72/><U113/><E117/><V62/><F135/><W95/><G121/><T50/><D39/><U127/><E127/><V10/><F82/><W40/><G95/><T46/><D33/><U18/><E131/><N who="3" m="50250" /><G14/><T105/><D51/><U19/><E65/><V6/><F17/><W34/><G34/><T97/><D9/><U76/><E69/><V133/><F133/><W67/><G134/><T130/><D130/><U112/><E76/><V132/><F132/><W89/><G89/><T86/><REACH who="0" step="1"/><D105/><REACH who="0" ten="158,321,233,278" step="2"/><U80/><E104/><V93/><F10/><W74/><G74/><T1/><D1/><U7/><E112/><V68/><F8/><W20/><G32/><T79/><D79/><U123/><E114/><V36/><F78/><W24/><G48/><T3/><D3/><U22/><E113/><V45/><F35/><W90/><G61/><T125/><D125/><U26/><E123/><V124/><F62/><W12/><G20/><T63/><D63/><U106/><E106/><V103/><F124/><W37/><G107/><T57/><D57/><U11/><E11/><V31/><F68/><W75/><G75/><T56/><D56/><U13/><E22/><V116/><F70/><W28/><G37/><T2/><D2/><U58/><E58/><V54/><F36/><W92/><G40/><T77/><D77/><U23/><E21/><V109/><F109/><W41/><G41/><T38/><D38/><U118/><E23/><RYUUKYOKU ba="0,1" sc="158,30,321,-10,233,-10,278,-10" hai0="46,47,49,50,52,53,60,71,85,86,87,97,99" /><INIT seed="7,1,1,0,0,15" ten="188,311,223,268" oya="3" hai0="27,132,25,41,81,119,16,95,93,84,76,34,94" hai1="129,72,89,42,18,117,12,121,104,80,57,82,114" hai2="134,74,125,118,91,24,87,40,111,135,98,13,107" hai3="20,70,96,105,10,65,122,47,78,63,64,45,88"/><W8/><G122/><T23/><D119/><U69/><E121/><V101/><F118/><W0/><G78/><T61/><D132/><N who="2" m="50730" /><F111/><W38/><G65/><T133/><D133/><U37/><E69/><V55/><F125/><W11/><G0/><T28/><D41/><U59/><E104/><V115/><F74/><W83/><G38/><T50/><D50/><U7/><E7/><V36/><F24/><W75/><G75/><T54/><D54/><U97/><E114/><V106/><F55/><W109/><G109/><T5/><D5/><U26/><E26/><V49/><F36/><W17/><G105/><T30/><D61/><U60/><E60/><V19/><F106/><W66/><G66/><T58/><D58/><U130/><E59/><V39/><F39/><W123/><G123/><T67/><D67/><U116/><E57/><V56/><F56/><W71/><G71/><T124/><D124/><U31/><E116/><V100/><F100/><W92/><REACH who="3" step="1"/><G83/><REACH who="3" ten="188,311,223,258" step="2"/><T53/><D53/><U46/><E82/><N who="2" m="49655" /><F115/><W85/><G85/><T99/><REACH who="0" step="1"/><D30/><REACH who="0" ten="178,311,223,258" step="2"/><U108/><E31/><V68/><F68/><W6/><G6/><T1/><D1/><U127/><E117/><V44/><F13/><AGARI ba="1,3" hai="8,10,11,13,17,20,45,47,63,64,70,88,92,96" machi="13" ten="40,12000,1" yaku="1,1,52,1,54,1,53,1" doraHai="15" doraHaiUra="86" who="3" fromWho="2" sc="178,0,311,0,223,-123,258,153" owari="178,-22.0,311,11.0,100,-40.0,411,51.0" /></mjloggm>