<mjloggm ver="2.3"><GO type="97" lobby="0"/><UN n0="%77%6F%6E%63%68%61%6E" n1="%41%65%67%69%73%4B%47" n2="%E9%80%A3%E5%8B%9D%E3%81%8A%E3%81%AA%E3%81%8B" n3="%E3%82%A6%E3%83%AB%E3%83%88%E3%83%A9%E7%AB%8B%E7%9B%B4" dan="14,14,13,14" rate="1926.96,1884.76,1892.89,1960.86" sx="M,M,F,M"/><TAIKYOKU oya="0"/><INIT seed="0,0,0,4,1,90" ten="250,250,250,250" oya="0" hai0="130,27,34,48,113,129,128,1,3,50,16,40,6" hai1="20,44,92,32,24,51,76,115,58,77,9,100,47" hai2="69,97,41,118,10,111,108,59,106,42,125,31,127" hai3="121,83,131,86,7,14,23,8,35,96,53,95,88"/><T65/><D65/><U117/><E32/><V119/><F31/><W78/><G35/><T49/><D113/><U84/><E117/><N who="2" m="44555" /><F106/><W61/><G121/><T15/><D40/><N who="2" m="15466" /><F10/><W89/><G131/><T64/><D64/><U29/><E115/><V103/><F97/><W25/><G61/><T52/><D6/><U57/><E9/><V74/><F74/><W45/><G45/><N who="1" m="17482" /><E51/><N who="0" m="19529" /><D27/><U5/><E5/><V126/><F103/><N who="3" m="60831" /><G53/><T93/><D34/><U0/><E0/><V132/><F59/><N who="1" m="22537" /><E84/><V70/><F132/><W30/><AGARI ba="0,0" hai="7,8,14,23,25,30,78,83,86,88,89" m="60831" machi="30" ten="30,4000,0" yaku="8,1,52,1,54,1" doraHai="90" who="3" fromWho="3" sc="250,-20,250,-10,250,-10,250,40" /><INIT seed="1,0,0,2,4,9" ten="230,240,240,290" oya="1" hai0="36,12,85,135,55,119,8,40,123,103,84,20,99" hai1="39,134,7,70,25,1,126,101,124,90,59,77,13" hai2="81,93,2,54,11,34,0,35,76,31,44,24,86" hai3="37,87,48,78,115,74,16,18,88,4,104,41,67"/><U61/><E70/><V45/><F35/><W121/><G104/><T64/><D119/><U29/><E1/><V113/><F113/><W10/><G115/><T43/><D135/><U28/><E39/><V118/><F118/><W58/><G121/><T133/><D123/><U17/><E134/><V91/><F54/><W75/><G75/><T107/><D133/><U92/><E7/><V106/><F106/><W52/><G67/><T68/><D20/><U42/><E77/><V14/><F2/><W97/><G74/><T46/><D43/><U3/><E42/><V98/><F0/><W26/><G26/><T73/><D73/><U63/><E3/><V49/><REACH who="2" step="1"/><F49/><REACH who="2" ten="230,240,230,290" step="2"/><W96/><G41/><T110/><D55/><U95/><E63/><V50/><F50/><W38/><G38/><T122/><D122/><U57/><E61/><V66/><F66/><W65/><G65/><T82/><D110/><U5/><E126/><V30/><F30/><W47/><G37/><T116/><D116/><U131/><E124/><V83/><F83/><W132/><G48/><T112/><D82/><U94/><E28/><V21/><F21/><W71/><G52/><T114/><D112/><U23/><E131/><V129/><F129/><W51/><G51/><T27/><D114/><U127/><E127/><V60/><F60/><W6/><G132/><T33/><D64/><U19/><E29/><V72/><F72/><W102/><G71/><T105/><D105/><U117/><E117/><V80/><F80/><W32/><G32/><T128/><D128/><U15/><E23/><V108/><F108/><RYUUKYOKU ba="0,1" sc="230,-10,240,-10,230,30,290,-10" hai2="11,14,24,31,34,44,45,76,81,86,91,93,98" /><INIT seed="2,1,1,1,0,86" ten="220,230,260,280" oya="2" hai0="57,124,68,61,134,89,47,123,76,13,111,108,29" hai1="62,98,119,9,74,19,28,102,75,66,2,37,87" hai2="81,46,5,113,6,133,40,101,115,122,25,39,54" hai3="24,90,96,16,73,99,33,30,135,10,91,95,82"/><V104/><F122/><W83/><G135/><T69/><D123/><U79/><E119/><V35/><F133/><W58/><G73/><T20/><D134/><U78/><E37/><V70/><F54/><W64/><G64/><T56/><D124/><U85/><E28/><V126/><F126/><W116/><G116/><T31/><D76/><U127/><E127/><V125/><F125/><W71/><G71/><T21/><D47/><U114/><E114/><V49/><F81/><W27/><G58/><T106/><D106/><U43/><E43/><V77/><F77/><W67/><G67/><T80/><D80/><U63/><E19/><V84/><F84/><W109/><G109/><T118/><D13/><U128/><E66/><V41/><F41/><W129/><G129/><T48/><D118/><U107/><E128/><V110/><F110/><W50/><G50/><T34/><D48/><U53/><E53/><V92/><F92/><W130/><G130/><T38/><D61/><U11/><E98/><N who="2" m="61495" /><F49/><W131/><G131/><T117/><D117/><U4/><E107/><V52/><F52/><W65/><G65/><T93/><D38/><U44/><E44/><V3/><F70/><W88/><G96/><T55/><D55/><U14/><E102/><V45/><F45/><W17/><G83/><T1/><D93/><U23/><E23/><V12/><F12/><N who="3" m="7191" /><G82/><T42/><D42/><U59/><E14/><V7/><F3/><W15/><G15/><T8/><D1/><U51/><E2/><V22/><F35/><W18/><G27/><T26/><D26/><U105/><E105/><RYUUKYOKU ba="1,1" sc="220,-15,230,-15,260,15,280,15" hai2="5,6,7,22,25,39,40,46,113,115" hai3="17,18,24,30,33,88,90,91,95,99" /><INIT seed="2,2,1,2,2,84" ten="205,215,275,295" oya="2" hai0="23,70,43,93,47,79,120,55,59,77,42,48,99" hai1="7,118,68,46,60,33,26,121,101,28,30,14,80" hai2="35,2,18,104,96,19,78,40,56,94,112,105,86" hai3="69,0,76,20,100,132,32,122,34,11,126,85,65"/><V24/><F112/><W22/><G85/><T73/><D120/><U45/><E118/><V25/><F2/><W58/><G58/><T110/><D70/><U131/><E131/><V15/><F40/><N who="0" m="15402" /><D73/><U29/><E121/><V129/><F129/><W17/><G100/><N who="0" m="60527" /><D110/><U54/><E101/><V108/><F108/><W128/><G69/><T41/><D23/><U130/><E130/><V117/><F117/><W16/><G22/><T115/><D115/><U92/><E92/><V88/><F56/><W36/><G20/><T74/><D74/><U1/><E1/><V61/><F61/><AGARI ba="2,1" hai="41,47,48,55,59,61,77,79" m="60527,15402" machi="61" ten="30,1000,0" yaku="8,1" doraHai="84" who="0" fromWho="2" sc="205,26,215,0,275,-16,295,0" /><INIT seed="3,0,0,3,5,65" ten="231,215,259,295" oya="3" hai0="52,90,132,81,113,110,58,46,54,53,89,71,112" hai1="41,119,12,67,6,129,88,127,28,84,77,79,72" hai2="68,135,109,37,64,134,23,11,101,78,100,44,31" hai3="8,106,1,3,83,66,2,123,51,35,22,27,93"/><W86/><G106/><T73/><D110/><U63/><E129/><V40/><F109/><W10/><G35/><T38/><D132/><N who="2" m="50730" /><F78/><W24/><G123/><T69/><D81/><U32/><E127/><V15/><F31/><W114/><G114/><N who="0" m="44139" /><D73/><U5/><E41/><V80/><F80/><W94/><G66/><T17/><D58/><U121/><E121/><V98/><F23/><W131/><G131/><T126/><D126/><U7/><E12/><V117/><F117/><W103/><G3/><T104/><D104/><U74/><E119/><V45/><F45/><W107/><G107/><T120/><D120/><U56/><E74/><V30/><F30/><W20/><G83/><T124/><D124/><U96/><E96/><V99/><F99/><W128/><G86/><T60/><D60/><U122/><E72/><V102/><F98/><W0/><G0/><T25/><D46/><U42/><E42/><V92/><F92/><W57/><G128/><T91/><D38/><U105/><E105/><V14/><F11/><W76/><G76/><T43/><D43/><U75/><E75/><V49/><F37/><W36/><G36/><T16/><D25/><N who="1" m="18447" /><E122/><V29/><F29/><W19/><G94/><T33/><D33/><U125/><E125/><V70/><F64/><W13/><G93/><T62/><D62/><U130/><E130/><V39/><F39/><W26/><G103/><N who="2" m="26369" /><V116/><DORA hai="118" /><F116/><W82/><G2/><T108/><D108/><U59/><E59/><V50/><F50/><W133/><G51/><T21/><D21/><U87/><E87/><V4/><F4/><RYUUKYOKU ba="0,0" sc="231,10,215,10,259,10,295,-30" hai0="16,17,52,53,54,69,71,89,90,91" hai1="5,6,7,56,63,67,77,79,84,88" hai2="14,15,40,44,49,68,70" /><INIT seed="4,1,0,5,3,2" ten="241,225,269,265" oya="0" hai0="17,64,87,60,51,66,45,59,126,113,9,133,53" hai1="58,90,112,4,10,41,1,62,79,91,131,125,119" hai2="43,98,115,16,37,82,15,84,100,28,73,21,109" hai3="18,117,102,70,61,0,11,55,40,6,5,46,104"/><T76/><D126/><U34/><E119/><V36/><F109/><W78/><G117/><T13/><D113/><U71/><E112/><V118/><F115/><W121/><G121/><T49/><D133/><U134/><E34/><V72/><F118/><W85/><G104/><T86/><D76/><U89/><E134/><V30/><F37/><W83/><G102/><T111/><D111/><U63/><E125/><V44/><F73/><W20/><G0/><T103/><D66/><U29/><E29/><V26/><F72/><W31/><G31/><T39/><D103/><U74/><E71/><V35/><F30/><W68/><G11/><T99/><D99/><U128/><E41/><V97/><REACH who="2" step="1"/><F100/><REACH who="2" ten="241,225,259,265" step="2"/><W47/><G70/><T107/><D39/><U67/><REACH who="1" step="1"/><E63/><REACH who="1" ten="241,215,259,265" step="2"/><V108/><F108/><W81/><G68/><T22/><D60/><U65/><E65/><V92/><F92/><W101/><G61/><T80/><D64/><U129/><E129/><V120/><F120/><W23/><G40/><T122/><D107/><U19/><E19/><V96/><F96/><W77/><G18/><T95/><D95/><U38/><E38/><V42/><F42/><W56/><G85/><T48/><D122/><U106/><E106/><V94/><F94/><W3/><G81/><AGARI ba="1,2" hai="1,4,10,58,62,67,74,79,81,89,90,91,128,131" machi="81" ten="40,2600,0" yaku="1,1,52,1,53,0" doraHai="2" doraHaiUra="24" who="1" fromWho="3" sc="241,0,215,49,259,0,265,-29" /><INIT seed="5,0,0,5,5,22" ten="241,264,259,236" oya="1" hai0="116,78,49,96,50,30,127,113,56,4,48,52,88" hai1="95,28,104,40,62,6,86,120,72,89,91,130,2" hai2="69,41,12,84,118,58,7,17,93,14,83,63,18" hai3="79,27,43,75,45,38,34,9,15,37,77,5,36"/><U3/><E120/><V92/><F69/><W73/><G34/><T94/><D116/><U125/><E104/><V129/><F41/><W64/><G64/><T51/><D113/><U0/><E72/><V19/><F129/><W65/><G65/><T102/><D127/><U53/><E125/><V44/><F44/><W46/><G27/><T111/><D111/><U110/><E130/><V87/><F118/><W90/><G90/><T21/><D78/><U71/><E40/><V11/><F14/><W119/><G119/><T108/><D108/><U1/><E110/><V128/><F128/><W106/><G106/><T135/><D135/><U80/><E28/><V66/><REACH who="2" step="1"/><F87/><REACH who="2" ten="241,264,249,236" step="2"/><W32/><G45/><T76/><D76/><AGARI ba="0,1" hai="7,11,12,17,18,19,58,63,66,76,83,84,92,93" machi="76" ten="40,5200,0" yaku="1,1,2,1,8,1,53,0" doraHai="22" doraHaiUra="42" who="2" fromWho="0" sc="241,-52,264,0,249,62,236,0" owari="189,-31.0,264,6.0,311,41.0,236,-16.0" /></mjloggm>