<mjloggm ver="2.3"><GO type="41" lobby="0"/><UN n0="%E3%82%A6%E3%83%AB%E3%83%88%E3%83%A9%E7%AB%8B%E7%9B%B4" n1="%E8%B6%85%E3%81%8A%E9%9B%BB%E7%A3%81%E3%82%B9%E3%83%94%E3%83%B3" n2="%E6%9F%93%E4%BA%94%E9%83%8E" n3="%67%61%72%75%63%69%61" dan="15,16,15,15" rate="2018.02,2056.23,2020.11,2052.25" sx="M,M,M,M"/><TAIKYOKU oya="0"/><INIT seed="0,0,0,1,1,54" ten="250,250,250,250" oya="0" hai0="108,99,91,5,126,56,27,70,16,115,42,59,3" hai1="106,58,107,28,34,121,104,88,64,40,53,110,36" hai2="37,24,0,2,13,75,50,119,105,46,76,120,48" hai3="1,7,111,112,84,102,21,61,89,85,127,33,83"/><T101/><D115/><U25/><E121/><V96/><F120/><W67/><G33/><T45/><D70/><U117/><E117/><V135/><F119/><W128/><G112/><T124/><D108/><U97/><E110/><V9/><F135/><W32/><G32/><T26/><D91/><U22/><E64/><V10/><F24/><W6/><G1/><T92/><D5/><U78/><E78/><V20/><F20/><W55/><G102/><T31/><D3/><U113/><E113/><V118/><F118/><W14/><G111/><T130/><D130/><U80/><E36/><V23/><F105/><W100/><G100/><T116/><D116/><U74/><E40/><V41/><F96/><W129/><G55/><T17/><D31/><U86/><E74/><V123/><F123/><W82/><G127/><N who="0" m="48683" /><D27/><U90/><E34/><V43/><F43/><W95/><G128/><T81/><D81/><U35/><E35/><V52/><F0/><W39/><G39/><N who="0" m="21727" /><D17/><U63/><REACH who="1" step="1"/><E90/><REACH who="1" ten="250,240,250,250" step="2"/><V49/><F37/><W94/><G129/><T93/><D93/><U68/><E68/><V103/><F76/><N who="3" m="46151" /><G95/><T19/><D19/><U8/><E8/><V71/><F10/><W109/><G109/><T18/><D18/><U51/><E51/><V47/><F9/><W72/><G94/><T15/><D26/><U11/><E11/><AGARI ba="0,1" hai="11,15,16,56,59,92,99,101" m="21727,48683" machi="11" ten="30,11600,0" yaku="18,1,52,2,54,1" doraHai="54" who="0" fromWho="1" sc="250,126,240,-116,250,0,250,0" /><INIT seed="0,1,0,2,1,17" ten="376,124,250,250" oya="0" hai0="72,57,67,5,83,70,81,65,111,69,95,22,3" hai1="4,124,126,8,7,46,110,1,36,71,0,43,40" hai2="64,54,92,10,32,6,2,85,121,11,41,90,26" hai3="38,51,13,106,116,82,35,66,135,28,100,125,129"/><T89/><D89/><U128/><E110/><V49/><F121/><W74/><G51/><T39/><D39/><U24/><E128/><V91/><F64/><W87/><G13/><T58/><D95/><U94/><E94/><V60/><F60/><W33/><G66/><T45/><D5/><U42/><E71/><V9/><F41/><W56/><G56/><T130/><D72/><U134/><E134/><V101/><F101/><W20/><G38/><T115/><D3/><U59/><E59/><V107/><F107/><W21/><G74/><T109/><D115/><U79/><E40/><V50/><F50/><W108/><G28/><T23/><D130/><U114/><E114/><V123/><F123/><W27/><G27/><T118/><D118/><U105/><E105/><V14/><F2/><W52/><G129/><T62/><D62/><U93/><E93/><V98/><F26/><W76/><G100/><T117/><D117/><U132/><E132/><V119/><F32/><W25/><G106/><T103/><D103/><U78/><E24/><V48/><F48/><W63/><G116/><T73/><D73/><U131/><E131/><V53/><F119/><W86/><G35/><T102/><D102/><U122/><E122/><V77/><F77/><N who="1" m="29193" /><E43/><V97/><F97/><W99/><G99/><T133/><D133/><U84/><E84/><V68/><F68/><W19/><G135/><T55/><D55/><N who="2" m="21002" /><F49/><W112/><G33/><T96/><D96/><U34/><E34/><V12/><F6/><W47/><G87/><T29/><D29/><U75/><E75/><V104/><F104/><RYUUKYOKU ba="1,0" sc="376,10,124,10,250,10,250,-30" hai0="22,23,45,57,58,65,67,69,70,81,83,109,111" hai1="0,1,4,7,8,36,42,46,124,126" hai2="9,10,11,12,14,85,90,91,92,98" /><INIT seed="0,2,0,2,3,18" ten="386,134,260,220" oya="0" hai0="47,67,87,60,90,110,53,83,4,129,25,0,11" hai1="29,48,35,50,39,100,40,73,26,20,30,72,133" hai2="10,99,81,89,68,86,93,13,17,34,7,44,1" hai3="22,5,69,19,97,75,56,106,65,61,64,3,23"/><T91/><D129/><U130/><E130/><V32/><F68/><W108/><G75/><T105/><D105/><U135/><E39/><V59/><F59/><W79/><G79/><T51/><D110/><U84/><E100/><V38/><F38/><W95/><G106/><T117/><D117/><U70/><E70/><V33/><F44/><W45/><G108/><T94/><D25/><N who="1" m="16551" /><E84/><V71/><F71/><W122/><G122/><T41/><D41/><U54/><E40/><V24/><F24/><W127/><G3/><T101/><D101/><U77/><E77/><V57/><F57/><W2/><G2/><T102/><D102/><U118/><E48/><V115/><F115/><W98/><G5/><T27/><D27/><U119/><E73/><V31/><F31/><W131/><G45/><T128/><D128/><U132/><E72/><V16/><REACH who="2" step="1"/><F1/><REACH who="2" ten="386,134,250,220" step="2"/><W134/><G131/><T52/><D67/><U112/><E112/><V74/><F74/><W28/><G69/><T121/><D121/><U37/><E37/><V8/><F8/><W15/><G65/><T12/><D0/><U114/><E114/><V85/><F85/><W76/><G28/><T116/><D116/><U62/><E62/><V46/><F46/><AGARI ba="2,1" hai="26,30,35,46,50,54,118,119,132,133,135" m="16551" machi="46" ten="30,2000,0" yaku="20,1,52,1" doraHai="18" who="1" fromWho="2" sc="386,0,134,36,250,-26,220,0" /><INIT seed="1,0,0,1,1,93" ten="386,170,224,220" oya="1" hai0="3,115,132,29,51,28,40,105,49,69,55,62,119" hai1="63,133,78,82,123,36,11,17,80,109,121,4,96" hai2="98,53,99,15,85,1,116,102,66,47,0,97,112" hai3="74,37,57,68,31,2,26,120,127,76,86,30,113"/><U79/><E36/><V129/><F116/><W130/><G68/><T64/><D105/><U54/><E17/><V27/><F66/><W124/><G74/><T126/><D3/><U87/><E133/><V58/><F47/><W7/><G37/><T14/><D119/><U19/><E19/><V42/><F42/><W81/><G120/><T83/><D115/><U46/><E109/><V56/><F102/><W72/><G113/><T70/><D70/><U84/><E96/><V22/><F112/><W117/><G117/><T41/><D132/><U8/><E11/><V44/><F129/><W35/><G130/><T48/><D126/><U45/><E45/><V23/><F85/><W114/><G114/><T73/><D14/><U128/><E128/><V125/><F125/><N who="3" m="48203" /><G31/><T33/><D33/><U104/><E104/><V92/><F92/><W122/><G122/><T38/><D83/><U21/><E21/><V101/><F101/><W43/><G43/><N who="0" m="16459" /><D73/><U71/><E71/><V91/><F91/><W134/><G134/><T67/><D28/><U100/><E100/><V77/><F77/><W75/><G57/><N who="2" m="22121" /><F0/><W18/><G18/><T94/><D94/><U5/><E63/><V52/><F44/><W12/><G2/><T6/><D38/><U103/><E103/><V32/><F32/><W61/><G61/><N who="0" m="40079" /><D29/><U60/><E60/><V9/><F1/><W25/><G25/><T131/><D131/><U50/><E4/><N who="2" m="3495" /><F23/><W34/><G34/><T110/><D6/><U10/><E8/><AGARI ba="0,0" hai="7,8,12,26,30,35,72,75,76,81,86" m="48203" machi="8" ten="30,1000,0" yaku="18,1" doraHai="93" who="3" fromWho="1" sc="386,0,170,-10,224,0,220,10" /><INIT seed="2,0,0,4,5,120" ten="386,160,224,230" oya="2" hai0="74,67,122,20,101,5,27,115,77,49,34,11,17" hai1="114,132,62,123,87,64,69,100,96,13,65,1,31" hai2="15,66,30,117,76,73,18,88,130,124,109,104,25" hai3="83,134,93,12,19,48,36,133,92,135,125,58,54"/><V44/><F104/><W129/><G36/><T42/><D122/><U23/><E1/><V39/><F117/><W103/><G125/><T97/><D115/><U10/><E123/><V121/><F121/><W128/><G83/><T28/><D77/><U56/><E114/><V86/><F124/><W2/><G2/><T8/><D74/><U41/><E132/><V82/><F66/><W90/><G103/><T53/><D42/><U51/><E87/><V81/><F130/><N who="3" m="50283" /><G90/><T45/><D67/><U111/><E65/><V61/><F61/><W59/><G59/><T127/><D127/><U32/><E41/><V24/><F39/><W35/><G35/><T102/><D102/><U98/><E98/><V91/><F44/><W46/><G46/><T78/><D78/><U60/><E51/><V7/><F7/><W116/><G116/><T6/><D6/><U43/><E43/><V33/><F91/><W94/><G94/><T99/><D99/><U71/><E32/><V4/><F4/><W21/><AGARI ba="0,0" hai="12,19,21,48,54,58,92,93,133,134,135" m="50283" machi="21" ten="40,2700,0" yaku="20,1,19,1" doraHai="120" who="3" fromWho="3" sc="386,-7,160,-7,224,-13,230,27" /><INIT seed="3,0,0,2,2,35" ten="379,153,211,257" oya="3" hai0="53,4,36,130,62,38,88,98,43,2,49,121,68" hai1="15,78,57,56,37,87,118,12,101,126,34,105,51" hai2="114,5,48,27,133,44,115,61,59,63,67,23,31" hai3="110,66,45,89,25,52,96,70,14,107,72,100,90"/><W129/><G72/><T134/><D121/><U17/><E37/><V77/><F77/><W86/><G129/><T47/><D130/><U76/><E34/><V50/><F133/><W119/><G119/><T109/><D134/><U46/><E126/><V103/><F103/><W85/><G110/><T74/><D74/><U28/><E28/><V32/><F32/><W13/><G25/><T117/><D117/><U58/><E118/><V9/><F50/><W19/><G70/><T116/><D116/><U108/><E108/><V26/><F26/><W82/><G66/><T1/><D109/><U99/><E87/><V124/><F124/><W54/><G45/><T113/><D4/><U123/><E12/><V135/><F135/><W97/><G97/><T127/><D36/><U39/><E39/><V73/><F73/><W91/><G13/><T94/><D127/><U132/><E123/><V120/><F120/><W10/><REACH who="3" step="1"/><G91/><REACH who="3" ten="379,153,211,247" step="2"/><T22/><D68/><U69/><E69/><V3/><REACH who="2" step="1"/><F61/><REACH who="2" ten="379,153,201,247" step="2"/><W18/><G18/><T64/><D62/><U0/><E132/><V128/><F128/><W30/><G30/><T24/><D24/><U122/><E122/><V104/><F104/><W29/><G29/><T81/><D88/><U93/><E105/><V75/><F75/><W80/><AGARI ba="0,2" hai="10,14,19,52,54,80,82,85,86,89,90,96,100,107" machi="80" ten="20,18000,2" yaku="1,1,0,1,7,1,9,1,54,1,53,2" doraHai="35" doraHaiUra="84" who="3" fromWho="3" sc="379,-60,153,-60,201,-60,247,200" /><INIT seed="3,1,0,4,0,56" ten="319,93,141,447" oya="3" hai0="43,26,51,47,110,120,15,25,34,65,49,38,3" hai1="104,5,94,28,124,87,24,132,105,72,69,83,89" hai2="116,22,62,107,74,68,27,79,91,117,41,19,114" hai3="29,135,10,55,133,76,53,102,32,130,13,126,8"/><W18/><G102/><T37/><D3/><U119/><E132/><N who="3" m="50762" /><G76/><T44/><D120/><U21/><E124/><V123/><F114/><W54/><G126/><T45/><D15/><U61/><E119/><V99/><F123/><W106/><G106/><T75/><D34/><U118/><E118/><V112/><F112/><W101/><G101/><T30/><D30/><U73/><E5/><V70/><F41/><W88/><G130/><T16/><D16/><U77/><REACH who="1" step="1"/><E72/><REACH who="1" ten="319,83,141,447" step="2"/><V109/><F117/><W6/><G6/><T63/><D75/><U57/><E57/><V23/><F116/><W50/><G8/><T12/><D12/><U129/><E129/><V121/><F121/><W85/><G32/><T40/><D26/><U48/><E48/><N who="0" m="18505" /><D25/><U7/><E7/><V36/><F70/><W90/><G29/><T9/><D9/><U64/><AGARI ba="1,1" hai="21,24,28,61,64,69,73,77,83,87,89,94,104,105" machi="64" ten="30,4000,0" yaku="1,1,0,1,52,1,53,0" doraHai="56" doraHaiUra="46" who="1" fromWho="1" sc="319,-11,83,53,141,-11,447,-21" /><INIT seed="4,0,0,0,4,94" ten="308,136,130,426" oya="0" hai0="73,72,107,3,35,110,125,5,10,67,61,132,89" hai1="123,90,117,63,58,48,98,37,15,26,47,92,77" hai2="81,69,27,52,135,29,128,129,54,62,40,19,116" hai3="130,102,124,22,34,60,51,113,13,38,11,65,71"/><T78/><D125/><U12/><E123/><V4/><F4/><W16/><G38/><T84/><D132/><U109/><E109/><V91/><F135/><W8/><G34/><T75/><D110/><U9/><E117/><V53/><F116/><W104/><G124/><T45/><D35/><U121/><E121/><V24/><F19/><W50/><G113/><T41/><D107/><U101/><E37/><V96/><F29/><W112/><G112/><T99/><D78/><U134/><E134/><V80/><F40/><W42/><G130/><N who="2" m="50281" /><F69/><W83/><G83/><N who="2" m="31817" /><F62/><W103/><G42/><T87/><D89/><U119/><E119/><V57/><F57/><W14/><G22/><T44/><D99/><U28/><E77/><V126/><F126/><W18/><G104/><T0/><D0/><U23/><E9/><V82/><N who="2" m="31825" /><V6/><DORA hai="100" /><F6/><W1/><G1/><T17/><D17/><U55/><REACH who="1" step="1"/><E90/><REACH who="1" ten="308,126,130,426" step="2"/><V79/><F79/><W56/><G71/><T108/><D108/><U49/><E49/><AGARI ba="0,1" hai="8,11,13,14,16,18,49,50,51,56,60,65,102,103" machi="49" ten="40,5200,0" yaku="9,1,8,1,54,1" doraHai="94,100" who="3" fromWho="1" sc="308,0,126,-52,130,0,426,62" /><INIT seed="5,0,0,4,3,43" ten="308,74,130,488" oya="1" hai0="99,12,95,91,93,5,121,97,119,50,89,122,38" hai1="22,76,30,102,109,52,116,100,127,3,29,41,60" hai2="125,4,80,135,114,123,58,90,33,37,83,2,103" hai3="75,8,71,101,13,107,96,108,35,16,46,98,11"/><U18/><E116/><V86/><F37/><W113/><G108/><T84/><D38/><U1/><E109/><V111/><F111/><W77/><G71/><T10/><D119/><U73/><E127/><V21/><F33/><W67/><G35/><T62/><D62/><U9/><E41/><V120/><F2/><W0/><G67/><T131/><D131/><U17/><E73/><V130/><F4/><W92/><G113/><T64/><D64/><U49/><E76/><V81/><F21/><W48/><G75/><T126/><D126/><U63/><E1/><V117/><F58/><W105/><G77/><T40/><D84/><U51/><E51/><V94/><F125/><W87/><G87/><T68/><D68/><U57/><E3/><V104/><F117/><W112/><G112/><T23/><D23/><U36/><E36/><V70/><F70/><W56/><G56/><T134/><D134/><U88/><E9/><V34/><F114/><W118/><G118/><T66/><D66/><U65/><E88/><V27/><F34/><W15/><G98/><T55/><D40/><U128/><E128/><V6/><F6/><W26/><G26/><T61/><D61/><N who="1" m="23627" /><E65/><V44/><F27/><W72/><G72/><T47/><AGARI ba="0,0" hai="5,10,12,47,50,55,89,91,93,95,97,99,121,122" machi="47" ten="30,4000,0" yaku="0,1,9,1,52,1" doraHai="43" who="0" fromWho="0" sc="308,40,74,-20,130,-10,488,-10" /><INIT seed="6,0,0,4,0,50" ten="348,54,120,478" oya="2" hai0="110,76,21,1,81,109,99,40,90,118,54,100,29" hai1="134,108,35,126,36,18,14,98,23,73,65,59,64" hai2="131,58,32,129,121,62,77,107,5,42,119,89,31" hai3="88,17,68,8,114,69,122,82,16,96,117,55,47"/><V10/><F107/><W12/><G122/><T124/><D1/><U79/><E108/><V112/><F77/><W78/><G117/><T28/><D40/><U4/><E126/><V38/><F121/><W71/><G114/><T95/><D124/><U43/><E134/><V49/><F119/><W13/><G96/><T19/><D118/><U74/><E35/><V63/><F38/><W87/><G78/><T75/><D110/><U39/><E4/><V20/><F32/><W22/><G69/><T11/><D11/><U30/><E30/><V111/><F111/><W57/><G47/><T127/><D127/><U27/><E39/><V3/><F112/><W125/><G125/><T102/><D109/><U80/><E74/><V128/><F89/><W83/><G83/><T135/><D135/><U116/><E116/><V2/><F2/><W70/><G70/><T104/><D102/><U46/><E27/><N who="2" m="16871" /><F42/><W115/><G115/><T94/><D94/><U113/><E113/><V51/><F63/><AGARI ba="0,0" hai="8,12,13,16,17,22,55,57,63,68,71,82,87,88" machi="63" ten="30,7700,0" yaku="7,1,52,1,54,2" doraHai="50" who="3" fromWho="2" sc="348,0,54,0,120,-77,478,77" /><INIT seed="7,0,0,1,5,50" ten="348,54,43,555" oya="3" hai0="89,13,124,98,116,12,17,3,83,115,41,6,126" hai1="21,35,88,108,54,63,129,48,56,107,51,53,128" hai2="75,25,117,9,29,32,37,127,72,65,20,68,130" hai3="24,90,101,95,38,105,33,2,113,46,118,44,40"/><W36/><G2/><T93/><D41/><U87/><E35/><V119/><F20/><W10/><G118/><N who="2" m="45065" /><F130/><N who="1" m="50281" /><E107/><V77/><F127/><W81/><G10/><T45/><D116/><U7/><E108/><V22/><F22/><W70/><G70/><T30/><D45/><N who="1" m="27791" /><E21/><V97/><F97/><W135/><G135/><T100/><D30/><U27/><E27/><V134/><F134/><W60/><G60/><T42/><D3/><U131/><N who="1" m="50289" /><U0/><DORA hai="92" /><E63/><N who="2" m="39999" /><F9/><W4/><G4/><T76/><D42/><U8/><E88/><V39/><F77/><W123/><G105/><N who="0" m="63639" /><D6/><U112/><E87/><V103/><F103/><W82/><G101/><T64/><D12/><U28/><E28/><V52/><F52/><W66/><G66/><T67/><D64/><U14/><E0/><V84/><F84/><W59/><G59/><T11/><D67/><U26/><E26/><V49/><F49/><W122/><G24/><T19/><D19/><U96/><E96/><V114/><F114/><AGARI ba="0,0" hai="7,8,14,51,54,56,112,114" m="27791,50289" machi="114" ten="40,5200,0" yaku="19,1,52,2" doraHai="50,92" who="1" fromWho="2" sc="348,0,54,52,43,-52,555,0" owari="348,15.0,106,-29.0,-9,-51.0,555,65.0" /></mjloggm>