<mjloggm ver="2.3"><GO type="41" lobby="0"/><UN n0="%64%66%61%6C%6E%66%6B%6A" n1="%E5%B1%8B%E6%A0%B9%E8%A3%8F%E3%81%AE%E5%8A%A0%E8%97%A4%E9%B7%B9" n2="%61%6E%73%6F%6E%65%79" n3="%E5%B0%B1%E6%B4%BB%E7%94%9F%40%E5%B7%9D%E6%9D%91%E8%BB%8D%E5%9B%A3" dan="15,15,14,13" rate="1952.42,2003.54,1920.95,1862.19" sx="M,M,M,M"/><TAIKYOKU oya="0"/><INIT seed="0,0,0,4,1,26" ten="250,250,250,250" oya="0" hai0="37,112,7,120,118,113,58,34,103,1,82,129,20" hai1="87,75,111,10,67,107,119,30,74,91,101,114,128" hai2="83,69,80,123,93,126,72,38,52,11,110,21,50" hai3="40,109,3,77,125,131,104,89,60,108,46,17,0"/><T122/><D37/><U55/><E119/><V25/><F123/><W14/><G104/><T71/><D71/><U19/><E111/><V134/><F110/><W97/><G125/><T135/><D34/><U6/><E128/><V42/><F126/><W132/><G131/><T45/><D129/><U53/><E114/><V92/><F69/><W33/><G132/><T39/><D118/><U96/><E19/><V23/><F134/><W51/><G33/><T65/><D135/><U61/><E75/><V16/><F38/><W49/><G109/><T62/><D103/><U43/><E43/><V115/><F42/><W133/><G77/><T73/><D20/><U18/><E18/><N who="2" m="12471" /><F115/><W59/><G133/><T85/><D73/><U35/><E74/><V28/><F72/><W41/><G108/><T5/><D113/><U121/><E121/><V15/><F28/><W13/><G3/><T66/><D112/><U78/><E78/><V86/><F11/><W70/><G0/><T88/><D66/><U31/><E35/><V56/><F92/><W2/><G2/><T12/><D1/><U47/><E47/><V22/><F22/><W32/><G70/><T106/><D106/><U44/><E44/><V81/><F81/><W99/><G32/><T57/><D57/><N who="1" m="37295" /><E10/><V63/><F63/><W84/><G41/><N who="0" m="22719" /><D122/><U124/><E6/><V105/><F105/><W8/><G51/><T24/><D120/><U117/><E117/><V116/><F116/><W48/><G48/><T94/><D5/><U102/><E124/><V54/><F54/><N who="1" m="20489" /><E102/><V64/><F64/><N who="3" m="38943" /><G14/><T4/><D12/><RYUUKYOKU ba="0,0" sc="250,-30,250,10,250,10,250,10" hai1="30,31,87,91,96,101,107" hai2="15,16,23,50,52,56,80,83,86,93" hai3="8,13,17,40,46,49,84,89,97,99" /><INIT seed="1,1,0,4,2,33" ten="220,260,260,260" oya="1" hai0="58,15,113,121,50,16,112,30,107,103,87,128,0" hai1="93,95,21,51,57,22,75,126,129,122,48,132,55" hai2="78,59,89,90,44,111,32,46,72,64,100,81,114" hai3="24,28,97,56,43,27,25,85,98,12,125,10,131"/><U66/><E122/><V60/><F32/><W35/><G125/><T7/><D121/><U79/><E126/><V130/><F111/><W94/><G131/><T63/><D128/><U68/><E129/><V1/><F130/><W17/><G43/><T88/><D30/><U38/><E38/><V105/><F114/><W69/><G69/><T91/><D103/><U19/><E132/><V120/><F120/><W127/><G127/><T20/><D107/><U108/><E51/><V52/><F1/><W117/><G117/><T133/><D133/><U124/><E124/><V29/><F29/><W134/><G134/><T8/><D91/><U101/><E108/><V47/><REACH who="2" step="1"/><F64/><REACH who="2" ten="220,260,250,260" step="2"/><W36/><G35/><T2/><D2/><U18/><E66/><V102/><F102/><W96/><G28/><T62/><D113/><U83/><E101/><V92/><F92/><W39/><G94/><N who="0" m="54559" /><D112/><U4/><E4/><V42/><F42/><W14/><G39/><T67/><D67/><U3/><E3/><V5/><F5/><W13/><G36/><T84/><D84/><U82/><E82/><V6/><F6/><W123/><G123/><T74/><D74/><U70/><E95/><V99/><AGARI ba="1,1" hai="44,46,47,52,59,60,72,78,81,89,90,99,100,105" machi="99" ten="30,4000,0" yaku="1,1,0,1,54,1,53,0" doraHai="33" doraHaiUra="135" who="2" fromWho="2" sc="220,-11,260,-21,250,53,260,-11" /><INIT seed="2,0,0,3,1,18" ten="209,239,303,249" oya="2" hai0="5,80,42,121,78,35,126,1,31,86,70,59,16" hai1="134,60,30,39,127,113,103,117,96,69,17,37,115" hai2="73,64,81,104,21,32,135,89,105,46,95,9,94" hai3="67,110,84,24,57,53,45,10,108,43,7,4,92"/><V51/><F32/><W122/><G122/><T63/><D121/><U23/><E117/><V133/><F64/><W97/><G67/><T12/><D126/><U79/><E127/><V6/><F95/><W75/><G75/><T129/><D129/><U3/><E3/><V107/><F81/><W49/><G110/><T29/><D70/><U102/><E30/><V76/><F76/><W2/><G108/><T14/><D42/><U65/><E134/><V41/><F73/><W109/><G109/><T77/><D77/><U111/><E111/><V83/><F83/><W128/><G128/><T90/><D1/><U50/><E79/><V116/><F116/><W101/><G7/><T34/><D34/><U19/><E50/><V87/><REACH who="2" step="1"/><F21/><REACH who="2" ten="209,239,293,249" step="2"/><W132/><G132/><T33/><D33/><U72/><E72/><V62/><F62/><W52/><G57/><T98/><D35/><U131/><E131/><V82/><F82/><W114/><G114/><T26/><D78/><U0/><E0/><AGARI ba="0,1" hai="0,6,9,41,46,51,87,89,94,104,105,107,133,135" machi="0" ten="40,3900,0" yaku="1,1,53,1" doraHai="18" doraHaiUra="38" who="2" fromWho="1" sc="209,0,239,-39,293,49,249,0" /><INIT seed="2,1,0,5,1,90" ten="209,200,342,249" oya="2" hai0="7,65,24,48,46,52,5,4,60,81,54,64,42" hai1="112,71,133,95,38,70,100,86,74,99,20,29,105" hai2="94,39,69,47,61,126,23,12,122,75,41,120,67" hai3="85,6,96,55,36,107,83,63,9,101,106,66,50"/><V26/><F75/><W104/><G36/><T16/><D81/><U84/><E112/><V35/><F126/><W62/><G62/><T2/><D2/><U15/><E133/><V87/><F35/><W31/><G31/><T108/><D108/><U27/><E38/><V102/><F12/><W8/><G8/><T59/><D42/><U43/><E43/><V44/><F44/><W127/><G127/><T76/><D76/><U124/><E124/><V10/><F10/><W57/><G85/><T30/><D30/><U11/><E74/><V1/><F1/><W51/><G83/><T22/><AGARI ba="1,0" hai="4,5,7,16,22,24,46,48,52,54,59,60,64,65" machi="22" ten="30,7900,0" yaku="0,1,8,1,54,2" doraHai="90" who="0" fromWho="0" sc="209,82,200,-21,342,-40,249,-21" /><INIT seed="3,0,0,2,4,7" ten="291,179,302,228" oya="3" hai0="38,96,74,60,105,77,90,81,87,50,78,57,71" hai1="130,56,32,112,114,123,54,64,66,132,67,113,46" hai2="106,26,44,110,98,133,40,36,6,107,82,61,43" hai3="8,124,116,129,86,73,27,118,62,13,125,79,128"/><W103/><G73/><T134/><D38/><U1/><E32/><V92/><F110/><W93/><G62/><T85/><D71/><U65/><E1/><V89/><F133/><W31/><G103/><N who="0" m="62695" /><D50/><U12/><E132/><V121/><F121/><W17/><G79/><N who="0" m="44279" /><D134/><U29/><E29/><V20/><F43/><W135/><G93/><N who="0" m="54479" /><D57/><U117/><E123/><V88/><F61/><W19/><G86/><T83/><D60/><U34/><E34/><V126/><F6/><W99/><G99/><T53/><D53/><U22/><E117/><N who="3" m="45162" /><G19/><T0/><D0/><U21/><E130/><N who="3" m="50282" /><G135/><T30/><D30/><U48/><N who="1" m="16384" /><DORA hai="18" /><U101/><E101/><V72/><F107/><W80/><G80/><T15/><D15/><U11/><REACH who="1" step="1"/><E46/><REACH who="1" ten="291,169,302,228" step="2"/><V25/><F44/><W108/><G108/><T35/><D35/><AGARI ba="0,1" hai="8,13,17,27,31,35,124,125" m="50282,45162" machi="35" ten="30,11600,0" yaku="19,1,34,2,52,1" doraHai="7,18" who="3" fromWho="0" sc="291,-116,169,0,302,0,228,126" /><INIT seed="3,1,0,4,5,2" ten="175,169,302,354" oya="3" hai0="84,13,64,99,43,34,51,133,1,18,9,95,121" hai1="82,68,80,113,27,128,56,124,39,94,97,16,111" hai2="63,32,0,108,130,57,115,36,14,109,6,22,119" hai3="89,100,25,5,127,78,4,48,69,66,17,85,49"/><W129/><G127/><T90/><D121/><U12/><E124/><V47/><F115/><W103/><G129/><T91/><D133/><U93/><E113/><V83/><F130/><W3/><G78/><T118/><D118/><U44/><E128/><V76/><F32/><W23/><G69/><T72/><D72/><U10/><E68/><V120/><F119/><W122/><G66/><T107/><D34/><U96/><E111/><V26/><F120/><W112/><G112/><T24/><D24/><U59/><E27/><V126/><F126/><W55/><G48/><T11/><D64/><U46/><E39/><V8/><F14/><W110/><G110/><T75/><D75/><U38/><E38/><V40/><F63/><W117/><G117/><T135/><D135/><U102/><E82/><V116/><F57/><N who="1" m="22089" /><E80/><V7/><F7/><N who="3" m="2635" /><G3/><T53/><D43/><U50/><E50/><V98/><F98/><W74/><G74/><T52/><D1/><U20/><E20/><V31/><REACH who="2" step="1"/><F116/><REACH who="2" ten="175,169,292,354" step="2"/><W87/><G122/><T33/><D33/><U77/><E77/><V42/><F42/><W58/><G87/><AGARI ba="1,1" hai="0,6,8,22,26,31,36,40,47,76,83,87,108,109" machi="87" ten="40,2600,0" yaku="1,1,52,1,53,0" doraHai="2" doraHaiUra="101" who="2" fromWho="3" sc="175,0,169,0,292,39,354,-29" /><INIT seed="4,0,0,1,4,135" ten="175,169,331,325" oya="0" hai0="39,53,23,26,47,122,84,38,105,27,17,8,71" hai1="110,91,121,106,14,10,133,32,104,111,88,36,48" hai2="73,109,129,115,114,15,99,16,12,50,41,59,112" hai3="77,31,49,35,44,87,98,128,62,68,108,102,42"/><T2/><D122/><U4/><E121/><V90/><F109/><W100/><G108/><T89/><D105/><U132/><E36/><V118/><F73/><W95/><G128/><T67/><D27/><U19/><E32/><V94/><F129/><W55/><G35/><T69/><D39/><U60/><E60/><V107/><F107/><W24/><G100/><T20/><D20/><U0/><E48/><V85/><F99/><W51/><G68/><T40/><D67/><U33/><E33/><V54/><F41/><W63/><G24/><T124/><D53/><U116/><E116/><V18/><F118/><W9/><G31/><T3/><D124/><U45/><E45/><V81/><F81/><N who="3" m="47535" /><G9/><T131/><D131/><U134/><E106/><V64/><F64/><W34/><G34/><T83/><REACH who="0" step="1"/><D8/><REACH who="0" ten="165,169,331,325" step="2"/><N who="1" m="6599" /><E104/><V46/><F46/><AGARI ba="0,1" hai="42,44,46,49,51,55,62,63,95,98,102" m="47535" machi="46" ten="30,1000,0" yaku="8,1" doraHai="135" who="3" fromWho="2" sc="165,0,169,0,331,-10,325,20" /><INIT seed="5,0,0,2,0,77" ten="165,169,321,345" oya="1" hai0="124,2,72,94,52,122,14,110,76,5,33,120,111" hai1="58,19,69,85,67,11,41,49,65,99,48,135,123" hai2="39,13,126,118,17,87,109,66,63,35,83,44,27" hai3="29,57,73,68,50,3,86,20,90,70,71,10,75"/><U56/><E123/><N who="0" m="47145" /><D33/><U104/><E135/><V16/><F109/><N who="0" m="41482" /><D2/><U36/><E104/><V46/><F118/><W23/><G3/><T125/><D5/><U1/><E99/><V7/><F126/><N who="0" m="48746" /><D14/><U97/><E97/><V89/><F39/><W60/><G10/><T130/><D130/><U129/><E129/><V54/><F35/><W107/><G23/><T64/><D64/><U88/><E1/><V112/><F66/><W115/><G20/><T55/><D94/><U40/><E36/><V134/><F7/><W51/><G29/><T78/><D72/><U21/><E11/><V25/><F17/><W127/><G127/><T30/><D30/><U133/><E133/><V82/><F134/><W80/><G107/><T32/><D32/><U116/><E116/><V105/><F105/><W6/><G6/><T18/><D18/><U24/><E69/><V128/><F128/><W106/><G106/><T81/><D81/><N who="1" m="49199" /><E67/><V42/><F27/><W37/><G75/><T45/><D45/><N who="1" m="25639" /><E65/><V121/><F121/><W131/><G73/><T117/><D117/><U79/><E79/><AGARI ba="0,0" hai="52,55,76,78,79" m="48746,41482,47145" machi="79" ten="40,8000,1" yaku="28,2,13,1,18,1,54,1" doraHai="77" who="0" fromWho="1" sc="165,80,169,-80,321,0,345,0" /><INIT seed="6,0,0,4,3,85" ten="245,89,321,345" oya="2" hai0="11,68,3,114,108,67,83,49,46,14,81,64,127" hai1="43,36,121,19,21,0,2,133,104,13,96,71,54" hai2="41,48,102,78,101,129,88,16,84,35,95,118,99" hai3="111,89,135,20,52,61,53,27,23,110,5,42,100"/><V76/><F35/><W57/><G135/><T79/><D108/><U93/><E104/><V18/><F118/><W69/><G100/><N who="2" m="38505" /><F129/><W65/><G5/><T70/><D3/><U31/><E71/><V39/><F39/><W6/><G6/><T73/><D114/><U45/><E133/><V32/><F32/><W116/><G116/><T25/><D127/><U59/><E31/><V38/><F38/><W63/><G42/><T120/><D120/><U98/><E121/><V33/><F33/><W26/><G53/><T103/><D103/><U124/><E124/><V75/><F75/><W15/><G15/><T60/><D25/><U9/><E9/><V22/><F99/><W122/><G122/><T30/><D30/><U50/><REACH who="1" step="1"/><E98/><REACH who="1" ten="245,79,321,345" step="2"/><V66/><F22/><W34/><G34/><T8/><D8/><U10/><E10/><V134/><F134/><W29/><G110/><T117/><D70/><U130/><E130/><V51/><F66/><W77/><G111/><T132/><D67/><U92/><E92/><V82/><F95/><W112/><G112/><T24/><D132/><U128/><E128/><V28/><F28/><W90/><G77/><T106/><D106/><U123/><E123/><V62/><F78/><W74/><G74/><T87/><D73/><U1/><E1/><V113/><F76/><W97/><G97/><T105/><D105/><U72/><E72/><V44/><F113/><W94/><G94/><T91/><D79/><U58/><E58/><V4/><F82/><W125/><G125/><T115/><D115/><U47/><E47/><V131/><F44/><RYUUKYOKU ba="0,1" sc="245,-15,79,15,321,-15,345,15" hai1="0,2,13,19,21,36,43,45,50,54,59,93,96" hai3="20,23,26,27,29,52,57,61,63,65,69,89,90" /><INIT seed="7,1,1,0,1,121" ten="230,94,306,360" oya="3" hai0="30,9,68,96,5,73,79,116,75,36,98,132,11" hai1="2,25,22,14,27,90,39,31,130,70,127,18,45" hai2="83,43,97,89,81,66,63,42,20,26,49,1,17" hai3="64,8,58,120,67,124,46,16,133,107,123,131,126"/><W0/><G107/><T3/><D68/><U19/><E70/><V115/><F115/><W21/><G131/><T114/><D36/><U122/><E90/><V101/><F1/><W62/><G133/><T32/><D114/><U4/><E45/><V82/><F89/><W135/><G135/><T61/><D132/><U7/><E39/><V119/><F119/><W6/><G64/><T111/><D61/><U57/><E57/><V29/><F17/><W71/><G46/><T134/><D134/><U48/><E48/><V33/><F33/><W110/><G71/><T92/><D30/><N who="1" m="17719" /><E122/><V86/><F49/><W24/><G110/><T103/><D75/><U65/><E65/><V34/><F86/><W102/><G102/><T13/><D73/><U106/><E106/><V99/><F34/><W69/><G69/><T87/><D32/><N who="1" m="20607" /><E127/><AGARI ba="1,1" hai="0,6,8,16,21,24,58,62,67,120,123,124,126,127" machi="127" ten="40,3900,0" yaku="18,1,54,1" doraHai="121" who="3" fromWho="1" sc="230,0,94,-42,306,0,360,52" owari="230,-17.0,52,-45.0,306,11.0,412,51.0" /></mjloggm>