<mjloggm ver="2.3"><GO type="169" lobby="0"/><UN n0="%E3%82%A6%E3%83%AB%E3%83%88%E3%83%A9%E7%AB%8B%E7%9B%B4" n1="%E8%B6%85%E4%BA%BA%EF%BC%AD" n2="%6E%61%6B%61%6A%75%75%6E" n3="%E4%B8%89%E8%89%B2%E5%90%8C%E5%88%BB%E2%98%86" dan="16,17,18,16" rate="2123.56,2175.51,2308.96,2032.70" sx="M,M,M,M"/><TAIKYOKU oya="0"/><INIT seed="0,0,0,1,5,120" ten="250,250,250,250" oya="0" hai0="17,62,91,70,45,54,36,34,89,114,67,49,113" hai1="37,78,68,31,18,41,115,56,8,72,69,131,9" hai2="6,103,117,127,65,132,5,59,85,79,86,101,27" hai3="119,16,98,10,60,93,50,74,57,28,109,118,42"/><T63/><D34/><U94/><E115/><V26/><F127/><W121/><G121/><T2/><D2/><U77/><E31/><V73/><F73/><W15/><G74/><T130/><D17/><U110/><E131/><V133/><F59/><W75/><G75/><T122/><D122/><U81/><E78/><V24/><F65/><W102/><G28/><T95/><D91/><U38/><E56/><V125/><F79/><W52/><REACH who="3" step="1"/><G109/><REACH who="3" ten="250,250,250,240" step="2"/><T99/><D130/><U46/><E110/><V76/><F117/><W66/><G66/><T33/><D33/><U12/><E38/><V20/><F125/><W58/><G58/><N who="0" m="33103" /><D63/><U124/><E124/><V47/><F47/><AGARI ba="0,1" hai="10,15,16,42,47,50,52,57,60,93,98,102,118,119" machi="47" ten="40,5200,0" yaku="1,1,54,2,53,0" doraHai="120" doraHaiUra="1" who="3" fromWho="2" sc="250,0,250,0,250,-52,240,62" /><INIT seed="1,0,0,0,0,123" ten="250,250,198,302" oya="1" hai0="25,91,63,39,118,101,97,99,80,47,75,59,13" hai1="6,53,104,127,41,78,70,30,94,23,56,4,64" hai2="110,115,36,74,34,55,38,77,82,81,105,11,1" hai3="61,5,8,15,0,44,126,134,12,83,116,121,18"/><U102/><E104/><V107/><F115/><W125/><G121/><T7/><D118/><U122/><E122/><V85/><F34/><W72/><G61/><T117/><D117/><U95/><E70/><V67/><F67/><W51/><G116/><T98/><D47/><U76/><E41/><V32/><F32/><W43/><G134/><T16/><D39/><U10/><E64/><V79/><F55/><W113/><G113/><T73/><D101/><U27/><E127/><N who="3" m="48650" /><G18/><T130/><D130/><U133/><E133/><V19/><F19/><W31/><G31/><T87/><D7/><N who="1" m="2603" /><E10/><V52/><F52/><W89/><G89/><T112/><D25/><U50/><E102/><V129/><F11/><W20/><G20/><T128/><D128/><U28/><E28/><V93/><F129/><W131/><G131/><T92/><D112/><U69/><E69/><V86/><F93/><AGARI ba="0,0" hai="23,27,30,50,53,56,76,78,93,94,95" m="2603" machi="93" ten="30,1500,0" yaku="8,1" doraHai="123" who="1" fromWho="2" sc="250,0,250,15,198,-15,302,0" /><INIT seed="1,1,0,4,1,90" ten="250,265,183,302" oya="1" hai0="129,104,105,25,17,50,32,134,99,33,100,82,81" hai1="108,43,45,111,44,103,51,76,24,121,20,47,128" hai2="3,132,54,58,87,86,48,88,71,94,75,117,84" hai3="46,120,49,22,38,19,119,77,9,97,67,6,123"/><U35/><E35/><V91/><F117/><W66/><G38/><T69/><D105/><U96/><E76/><V127/><F71/><W79/><G97/><T1/><D1/><U72/><E72/><V4/><F75/><W0/><G119/><T102/><D102/><U14/><E14/><V10/><F127/><W106/><G106/><T37/><D37/><U34/><E34/><V42/><F132/><W56/><G79/><T110/><D99/><U70/><E70/><V7/><F7/><W52/><G77/><T13/><D100/><U73/><E73/><V126/><F126/><W114/><G114/><T98/><D98/><U31/><E121/><V68/><F68/><W80/><G80/><T125/><D13/><U62/><E62/><V39/><REACH who="2" step="1"/><F91/><REACH who="2" ten="250,265,173,302" step="2"/><W101/><G123/><T5/><D134/><U85/><E128/><V74/><F74/><W15/><G120/><T131/><D5/><U16/><E85/><V57/><F57/><W36/><G101/><T116/><D69/><U83/><E83/><V23/><F23/><W55/><REACH who="3" step="1"/><G36/><REACH who="3" ten="250,265,173,292" step="2"/><T122/><D122/><U30/><E103/><V21/><F21/><W64/><G64/><T11/><D116/><U2/><E20/><V60/><F60/><AGARI ba="1,2" hai="0,6,9,15,19,22,46,49,52,55,56,60,66,67" machi="60" ten="30,7700,0" yaku="1,1,7,1,54,1,53,1" doraHai="90" doraHaiUra="18" who="3" fromWho="2" sc="250,0,265,0,173,-80,292,100" /><INIT seed="2,0,0,5,0,81" ten="250,265,93,392" oya="2" hai0="130,35,1,54,104,89,56,66,28,52,64,105,67" hai1="119,85,7,78,82,77,113,86,121,75,57,3,71" hai2="2,133,53,109,128,95,20,126,11,58,135,30,33" hai3="83,24,36,112,16,94,59,84,39,124,32,87,31"/><V114/><F114/><W69/><G69/><T41/><D1/><U29/><E71/><V76/><F126/><W118/><G118/><T102/><D41/><U14/><E3/><V131/><F33/><W47/><G124/><T38/><D38/><U72/><E119/><V25/><F76/><W100/><G112/><T134/><D102/><U44/><E29/><V103/><F109/><W107/><G107/><T4/><D4/><U98/><E113/><V26/><F26/><W0/><G0/><T123/><D123/><U127/><E127/><V93/><F11/><W45/><G39/><T110/><D110/><U116/><E116/><V92/><F2/><W101/><G36/><T120/><D120/><U111/><E111/><V68/><F68/><W55/><G101/><T40/><D40/><U37/><E98/><V63/><REACH who="2" step="1"/><F103/><REACH who="2" ten="250,265,83,392" step="2"/><W73/><G32/><T9/><D35/><U34/><E34/><V79/><F79/><N who="3" m="46207" /><G100/><T13/><D9/><N who="1" m="4415" /><E75/><V90/><F90/><N who="3" m="53599" /><G73/><T15/><D105/><U117/><E72/><V17/><F17/><W21/><G31/><T23/><D104/><U6/><E121/><V99/><F99/><W122/><G122/><T96/><D28/><U125/><E117/><V65/><F65/><W60/><AGARI ba="0,1" hai="16,21,24,45,47,55,59,60" m="53599,46207" machi="60" ten="30,7900,0" yaku="8,1,52,2,54,1" doraHai="81" who="3" fromWho="3" sc="250,-20,265,-20,83,-39,392,89" /><INIT seed="3,0,0,4,3,94" ten="230,245,44,481" oya="3" hai0="128,67,127,58,90,82,44,113,101,59,71,12,86" hai1="68,39,31,14,95,77,45,40,37,13,47,15,123" hai2="97,116,6,3,129,88,80,98,27,109,84,121,63" hai3="85,48,62,55,4,102,2,20,125,21,51,81,87"/><W29/><G125/><T54/><D127/><U93/><E68/><V19/><F116/><W131/><G131/><T60/><D128/><U0/><E0/><V117/><F117/><W89/><G102/><T18/><D113/><U66/><E66/><V8/><F129/><W9/><G62/><T104/><D104/><U103/><E123/><V22/><F121/><W112/><G112/><T69/><D101/><U43/><E77/><V5/><F109/><W42/><G42/><T78/><D78/><U64/><E64/><V74/><F74/><W61/><G61/><T49/><REACH who="0" step="1"/><D71/><REACH who="0" ten="220,245,44,481" step="2"/><U79/><E79/><V56/><REACH who="2" step="1"/><F6/><REACH who="2" ten="220,245,34,481" step="2"/><W96/><G4/><T1/><D1/><U124/><E124/><V76/><F76/><W99/><G2/><T28/><D28/><U119/><E119/><V75/><F75/><W30/><G29/><T11/><AGARI ba="0,2" hai="11,12,18,44,49,54,58,59,60,67,69,82,86,90" machi="11" ten="20,8000,1" yaku="1,1,0,1,7,1,25,2,53,0" doraHai="94" doraHaiUra="107" who="0" fromWho="0" sc="220,100,245,-20,34,-20,481,-40" /><INIT seed="4,0,0,1,0,95" ten="320,225,14,441" oya="0" hai0="2,26,61,71,125,84,0,128,35,104,58,132,77" hai1="88,29,8,69,97,108,14,10,89,64,93,42,122" hai2="9,50,22,27,41,16,20,56,55,40,31,110,46" hai3="49,102,51,19,48,74,65,53,105,101,70,115,91"/><T127/><D71/><U60/><E108/><V5/><F110/><W18/><G115/><T17/><D104/><U76/><E122/><V123/><F123/><W121/><G121/><T80/><D128/><U67/><E67/><V83/><F83/><W33/><G74/><T116/><D116/><U99/><E76/><V72/><F72/><W15/><G33/><T120/><D120/><U37/><E29/><V38/><F41/><W3/><G3/><T86/><D86/><U78/><E78/><V106/><F106/><W113/><G113/><T62/><D132/><U117/><E117/><V25/><F5/><W107/><G53/><T124/><D61/><U36/><E42/><V63/><REACH who="2" step="1"/><F63/><REACH who="2" ten="320,225,4,441" step="2"/><W44/><G107/><T24/><D124/><U28/><E37/><V96/><F96/><W45/><G105/><T109/><D109/><U12/><E36/><V126/><F126/><W100/><G51/><T112/><D127/><U111/><E111/><V43/><F43/><W1/><G49/><T135/><D125/><U75/><E75/><V39/><F39/><W11/><G48/><T73/><D135/><U4/><E28/><V90/><F90/><W103/><G91/><T21/><D112/><U87/><E89/><V94/><F94/><W66/><G103/><T47/><D73/><U54/><E54/><V133/><F133/><W6/><G102/><T82/><D82/><U114/><E114/><V79/><F79/><W68/><G101/><T92/><D92/><U34/><E34/><V130/><F130/><W32/><G100/><T85/><D77/><U119/><E119/><RYUUKYOKU ba="0,1" sc="320,-15,225,15,4,15,441,-15" hai1="4,8,10,12,14,60,64,69,87,88,93,97,99" hai2="9,16,20,22,25,27,31,38,40,46,50,55,56" /><INIT seed="5,1,1,2,3,133" ten="305,240,19,426" oya="1" hai0="29,113,77,54,31,37,103,104,97,78,67,3,128" hai1="123,61,12,13,48,69,16,96,122,95,58,8,23" hai2="120,19,129,25,65,124,11,105,20,71,102,87,24" hai3="72,51,108,98,82,32,94,134,107,45,4,2,62"/><U46/><E69/><V27/><F120/><W110/><G134/><T34/><D37/><U35/><E35/><V81/><F129/><W43/><G107/><T28/><D3/><U66/><E12/><V131/><F131/><W114/><G32/><T44/><D128/><U68/><E68/><V7/><F105/><W55/><G114/><T9/><D67/><U99/><E99/><V17/><F102/><W56/><G4/><T100/><D34/><U38/><E38/><V59/><F71/><W109/><G2/><T33/><D33/><U75/><E75/><V85/><F87/><W86/><G72/><T88/><D113/><U0/><E0/><V119/><F119/><W76/><G110/><T79/><D9/><U39/><E39/><V135/><F135/><W121/><G121/><T92/><D104/><U93/><E93/><V53/><F65/><W130/><G130/><T52/><D44/><U15/><E15/><V112/><F112/><W115/><G115/><T5/><D5/><U84/><E84/><V89/><F124/><W132/><G132/><T125/><D125/><U41/><REACH who="1" step="1"/><E8/><REACH who="1" ten="305,230,19,426" step="2"/><V57/><F11/><W127/><G127/><T6/><D6/><U1/><E1/><V117/><F7/><W64/><G109/><T21/><D21/><U116/><E116/><V22/><F117/><W101/><G108/><T30/><N who="0" m="7168" /><DORA hai="50" /><T118/><D118/><U83/><E83/><V40/><F25/><W47/><G82/><T49/><D49/><U90/><AGARI ba="1,2" hai="13,16,23,41,46,48,58,61,66,90,95,96,122,123" machi="90" ten="20,7800,0" yaku="1,1,0,1,7,1,54,1,53,0" doraHai="133,50" doraHaiUra="26,126" who="1" fromWho="1" sc="305,-27,230,101,19,-27,426,-27" owari="278,-12.0,331,13.0,-8,-51.0,399,50.0" /></mjloggm>