<mjloggm ver="2.3"><GO type="41" lobby="0"/><UN n0="%E8%B5%A4%E3%82%A6%E3%83%BC%E3%81%B5%E3%82%8A%E3%81%93%E3%81%BF%E3%82%93" n1="%E3%83%81%E3%83%A3%E3%83%BC%E3%83%8F%E3%83%B3%42" n2="%E2%98%85%E9%BB%92%E9%9B%AA%E5%A7%AB%E2%98%85" n3="%E3%82%A6%E3%83%AB%E3%83%88%E3%83%A9%E7%AB%8B%E7%9B%B4" dan="14,14,13,15" rate="1843.72,1937.75,1860.55,2024.83" sx="F,M,F,M"/><TAIKYOKU oya="0"/><INIT seed="0,0,0,2,0,41" ten="250,250,250,250" oya="0" hai0="126,13,85,97,22,119,96,127,122,118,53,62,113" hai1="8,135,112,103,130,42,123,88,81,65,28,48,9" hai2="5,60,63,17,12,4,125,82,101,106,117,121,90" hai3="27,35,70,66,34,31,94,16,98,78,3,40,95"/><T110/><D122/><U104/><E123/><V18/><F121/><W21/><G3/><T109/><D85/><N who="1" m="50223" /><E104/><V133/><F133/><W32/><G78/><T99/><D113/><U30/><E135/><V33/><F125/><N who="0" m="47626" /><D13/><U25/><E112/><V102/><F33/><W46/><G66/><T86/><D22/><N who="1" m="15415" /><E30/><V45/><F106/><W115/><G70/><T92/><D62/><N who="2" m="23594" /><F117/><N who="0" m="44554" /><D53/><U100/><E65/><V55/><F82/><W58/><G115/><T39/><D39/><U134/><E130/><V44/><F90/><AGARI ba="0,0" hai="86,90,92,96,97,99,109,110" m="44554,47626" machi="90" ten="40,7700,0" yaku="18,1,34,2" doraHai="41" who="0" fromWho="2" sc="250,77,250,0,250,-77,250,0" /><INIT seed="0,1,0,0,5,48" ten="327,250,173,250" oya="0" hai0="116,64,130,135,10,20,0,91,60,29,112,49,126" hai1="28,67,18,83,70,77,35,95,132,86,99,79,104" hai2="51,128,123,5,125,113,111,4,89,68,45,100,53" hai3="63,54,108,40,98,15,56,25,21,2,13,73,88"/><T26/><D116/><U82/><E132/><V47/><F100/><W12/><G73/><T69/><D135/><U22/><E104/><V27/><F27/><W134/><G2/><T38/><D38/><U96/><E35/><V36/><F89/><W131/><G134/><T109/><D112/><U11/><E28/><V85/><F85/><W9/><G131/><T80/><D130/><U93/><E11/><V55/><F4/><W115/><G40/><T24/><D24/><U32/><E32/><V6/><F6/><N who="3" m="3127" /><G108/><T46/><D126/><U103/><E70/><V19/><F19/><N who="3" m="12479" /><G115/><T7/><D109/><U110/><E67/><V16/><F16/><W75/><G75/><T107/><D107/><U119/><E110/><V114/><F5/><W14/><G14/><T127/><D127/><U121/><E121/><V97/><F97/><W23/><G23/><T39/><D39/><U34/><E34/><V33/><F33/><W42/><G42/><T105/><D105/><U3/><E3/><V124/><F111/><W17/><G17/><T106/><D106/><U102/><E119/><V78/><F78/><W50/><G50/><T37/><D37/><U71/><E18/><V87/><F87/><W41/><G41/><T31/><D31/><U129/><E22/><V92/><F92/><AGARI ba="1,0" hai="13,15,54,56,63,88,92,98" m="12479,3127" machi="92" ten="30,7700,0" yaku="25,1,8,1,52,1,54,1" doraHai="48" who="3" fromWho="2" sc="327,0,250,0,173,-80,250,80" /><INIT seed="1,0,0,0,0,77" ten="327,250,93,330" oya="1" hai0="84,65,75,52,40,79,37,6,92,121,127,91,131" hai1="124,17,85,12,20,110,60,42,45,96,83,2,125" hai2="100,55,29,23,38,68,34,14,89,134,133,24,82" hai3="130,101,44,36,1,74,123,72,64,3,73,56,43"/><U108/><E2/><V112/><F38/><W54/><G123/><T57/><D65/><U93/><E60/><V135/><F68/><W115/><G115/><T66/><D66/><U76/><E96/><V122/><F122/><W71/><G101/><T90/><D121/><U33/><E93/><V8/><F55/><W30/><G30/><T58/><D58/><U5/><E33/><V4/><F100/><W105/><G105/><T81/><D131/><U26/><E26/><N who="2" m="18743" /><F89/><W11/><G11/><T31/><D31/><U106/><E106/><V78/><F82/><W116/><G116/><T41/><D127/><N who="1" m="48715" /><E5/><V70/><F78/><W69/><G130/><T129/><D129/><U104/><E104/><V32/><F70/><W15/><G15/><T53/><D37/><AGARI ba="0,0" hai="12,17,20,37,42,45,76,83,85,108,110" m="48715" machi="37" ten="30,2900,0" yaku="18,1,52,1" doraHai="77" who="1" fromWho="0" sc="327,-29,250,29,93,0,330,0" /><INIT seed="1,1,0,4,5,43" ten="298,279,93,330" oya="1" hai0="28,128,110,105,127,79,51,93,5,3,107,75,73" hai1="119,58,0,15,12,53,32,125,57,7,123,27,134" hai2="60,124,63,31,118,116,48,114,113,121,86,100,55" hai3="126,26,108,65,81,52,1,68,101,103,21,130,50"/><U56/><E123/><V14/><F31/><W112/><G1/><T11/><D110/><U33/><E119/><N who="2" m="45611" /><F100/><W133/><G112/><N who="2" m="43113" /><F86/><W129/><G108/><T64/><D75/><U70/><E0/><V20/><F14/><W47/><G126/><T2/><D2/><U9/><E125/><V35/><F20/><W29/><G133/><T46/><D64/><U6/><E134/><V61/><F35/><W76/><G65/><T22/><D128/><N who="3" m="49257" /><G68/><T34/><D34/><U38/><E70/><V95/><F95/><W96/><G96/><T72/><D72/><AGARI ba="1,0" hai="21,26,29,47,50,52,72,76,81,101,103" m="49257" machi="72" ten="30,3900,0" yaku="19,1,52,1,54,1" doraHai="43" who="3" fromWho="0" sc="298,-42,279,0,93,0,330,42" /><INIT seed="2,0,0,3,3,135" ten="256,279,93,372" oya="2" hai0="101,10,117,119,67,64,102,100,31,69,95,116,86" hai1="66,85,94,81,56,75,106,59,99,65,24,7,34" hai2="39,111,41,2,126,53,97,60,5,57,27,20,90" hai3="96,6,129,105,93,32,70,122,103,125,127,4,58"/><V107/><F126/><N who="3" m="48139" /><G70/><T51/><D31/><U121/><E7/><N who="3" m="2602" /><G32/><T132/><D10/><U91/><E34/><V131/><F131/><W52/><G129/><T61/><D132/><U82/><E121/><V120/><F120/><W87/><G122/><T71/><D51/><U110/><E110/><V37/><F111/><W48/><G87/><T44/><D44/><U22/><E75/><V40/><F5/><W15/><G15/><T84/><REACH who="0" step="1"/><D95/><AGARI ba="0,0" hai="48,52,58,93,95,96,103,105" m="2602,48139" machi="95" ten="30,8000,1" yaku="18,1,52,3,54,1" doraHai="135" who="3" fromWho="0" sc="256,-80,279,0,93,0,372,80" /><INIT seed="3,0,0,4,5,75" ten="176,279,93,452" oya="3" hai0="57,100,11,102,42,63,130,32,59,135,125,77,110" hai1="106,10,0,117,49,69,64,123,92,46,108,43,45" hai2="19,37,88,12,13,3,103,90,94,48,132,27,22" hai3="53,84,58,20,9,67,115,72,4,82,96,99,35"/><W87/><G35/><T60/><D32/><U113/><E123/><V2/><F132/><W114/><G72/><T39/><D135/><U28/><E113/><V23/><F37/><W14/><G67/><T93/><D110/><U116/><E108/><V71/><F71/><W40/><G40/><T121/><D121/><U76/><E106/><V15/><F48/><W101/><G114/><T68/><D68/><U55/><E28/><N who="2" m="17527" /><F88/><W54/><G87/><T80/><D130/><U62/><E92/><V95/><F90/><W134/><G134/><T126/><D11/><U81/><E10/><N who="2" m="6551" /><F103/><W119/><G119/><T29/><D29/><U79/><E0/><N who="2" m="43" /><F94/><W128/><G128/><T16/><D42/><U124/><E81/><V85/><F85/><W66/><G115/><T73/><D39/><N who="1" m="21759" /><E124/><N who="0" m="47721" /><D93/><U34/><E117/><V7/><F95/><W51/><G101/><T74/><D74/><U122/><E116/><V120/><F120/><W6/><G96/><T97/><D97/><U41/><E122/><V111/><F111/><W129/><G99/><T25/><D100/><U44/><E41/><V1/><F23/><W33/><G20/><N who="0" m="13447" /><D102/><U105/><E69/><V107/><F107/><W118/><G118/><T52/><D59/><N who="1" m="36959" /><E105/><V78/><F78/><N who="1" m="29737" /><E44/><V89/><F89/><W133/><G129/><T31/><D63/><U21/><E21/><V26/><F26/><W86/><G133/><T98/><D98/><U65/><E65/><V8/><AGARI ba="0,0" hai="1,7,8,13,15" m="43,6551,17527" machi="8" ten="30,8000,1" yaku="35,5" doraHai="75" who="2" fromWho="2" sc="176,-20,279,-20,93,80,452,-40" /><INIT seed="4,0,0,0,4,107" ten="156,259,173,412" oya="0" hai0="75,118,17,49,13,85,119,109,93,62,28,96,104" hai1="7,43,65,10,116,131,3,0,66,18,79,2,110" hai2="21,4,16,56,45,59,124,12,90,1,9,58,24" hai3="39,30,122,41,53,20,73,50,34,133,68,134,44"/><T29/><D75/><U19/><E110/><V99/><F124/><W94/><G68/><T72/><D72/><U113/><E116/><V129/><F129/><W98/><G73/><T23/><D109/><U92/><E131/><V40/><F90/><W100/><G34/><T102/><D62/><U121/><E121/><V126/><F126/><W5/><G5/><T123/><D123/><U83/><E43/><V80/><F80/><W77/><G77/><T42/><D119/><U115/><E92/><V111/><F99/><W97/><G97/><T33/><D33/><U112/><E79/><V76/><F76/><W52/><G122/><T70/><D70/><U130/><E83/><V8/><F111/><W125/><G125/><T37/><D37/><U26/><E130/><V15/><REACH who="2" step="1"/><F8/><REACH who="2" ten="156,259,163,412" step="2"/><W106/><G106/><T48/><D118/><U69/><E10/><V57/><N who="2" m="14848" /><DORA hai="87" /><V55/><F55/><W60/><G94/><T128/><D128/><U64/><E69/><V67/><F67/><W78/><G98/><T84/><D104/><U63/><E66/><V86/><F86/><N who="0" m="33386" /><D42/><U38/><E65/><V61/><F61/><W82/><G41/><T101/><D101/><U74/><E63/><V35/><F35/><W36/><G100/><T120/><D120/><U22/><E64/><V105/><F105/><W27/><G60/><T114/><D114/><U135/><E112/><V6/><F6/><W108/><G108/><T89/><D102/><U54/><E113/><V47/><F47/><W11/><G82/><T31/><AGARI ba="0,1" hai="13,17,23,28,29,31,48,49,89,93,96" m="33386" machi="31" ten="30,3000,0" yaku="8,1,52,1" doraHai="107,87" who="0" fromWho="0" sc="156,40,259,-10,163,-10,412,-10" /><INIT seed="4,1,0,5,5,102" ten="196,249,153,402" oya="0" hai0="118,3,10,48,121,39,30,70,5,127,130,8,14" hai1="36,41,97,92,91,43,83,99,47,68,78,26,66" hai2="65,0,123,34,40,111,120,98,58,87,85,116,49" hai3="109,2,110,35,71,106,38,74,126,63,132,16,104"/><T31/><D39/><U77/><E41/><V135/><F34/><W7/><G16/><N who="0" m="8263" /><D70/><U37/><E37/><V90/><F0/><W93/><G93/><T51/><D51/><U33/><E99/><V52/><F111/><W94/><G94/><T72/><D72/><U19/><E68/><V4/><F4/><W64/><G126/><T88/><D48/><U56/><E66/><V101/><F135/><W32/><G132/><T112/><D88/><U124/><E124/><V96/><F116/><W76/><G38/><T45/><D45/><U60/><E33/><N who="3" m="12874" /><G109/><T119/><D127/><U42/><E42/><V69/><F40/><W133/><G133/><T134/><D134/><U125/><E125/><V6/><F6/><W61/><G61/><T20/><D121/><U28/><E83/><V82/><F65/><W50/><G50/><T67/><D67/><U114/><E36/><V25/><F25/><W29/><G110/><T1/><D130/><U59/><E60/><V23/><F69/><W73/><G29/><N who="0" m="10763" /><D1/><U79/><E43/><V62/><F23/><W27/><G74/><T105/><D20/><N who="1" m="15431" /><E47/><V9/><F62/><W12/><G63/><T122/><D105/><U44/><E44/><V80/><F9/><W89/><G76/><T18/><D18/><U95/><E19/><V131/><F131/><W117/><G64/><T21/><D21/><U55/><E95/><V128/><F128/><W81/><G106/><T108/><D108/><U17/><E17/><V15/><F98/><W46/><G71/><T113/><D122/><U103/><E56/><V22/><F120/><RYUUKYOKU ba="1,0" sc="196,30,249,-10,153,-10,402,-10" hai0="3,5,10,112,113,118,119" /><INIT seed="4,2,0,3,2,20" ten="226,239,143,392" oya="0" hai0="118,81,32,1,126,35,99,106,69,67,56,11,40" hai1="113,66,87,59,63,37,74,45,19,49,44,73,42" hai2="58,124,54,14,57,109,21,102,105,98,7,27,72" hai3="127,85,114,103,110,134,95,89,23,48,9,101,111"/><T30/><D118/><U50/><E113/><V129/><F109/><W52/><G114/><T33/><D56/><N who="1" m="37223" /><E87/><V121/><F121/><W41/><G127/><T43/><D43/><N who="1" m="22639" /><E19/><V107/><F124/><W88/><G134/><T46/><D126/><U28/><E28/><V84/><F129/><W93/><G41/><T65/><D65/><U135/><E74/><V47/><F72/><W77/><G77/><T97/><D97/><U36/><E73/><V60/><F47/><N who="3" m="27679" /><G9/><T10/><D10/><U22/><E22/><V8/><F84/><N who="3" m="52359" /><G110/><T70/><D81/><U79/><E79/><V5/><F57/><W16/><G111/><T12/><D1/><U100/><E135/><V132/><F132/><W24/><AGARI ba="2,0" hai="16,23,24,85,89,95,101,103" m="52359,27679" machi="24" ten="30,8000,1" yaku="8,1,52,1,54,3" doraHai="20" who="3" fromWho="3" sc="226,-42,239,-22,143,-22,392,86" /><INIT seed="5,0,0,0,4,76" ten="184,217,121,478" oya="1" hai0="70,24,61,15,52,125,55,111,65,49,121,100,113" hai1="77,120,96,9,19,18,40,51,131,104,34,39,11" hai2="112,74,115,13,126,86,123,25,12,63,66,43,35" hai3="50,110,106,45,91,5,88,30,16,3,127,133,10"/><U103/><E120/><V89/><F123/><W130/><G106/><T129/><D121/><U44/><E34/><V98/><F74/><W93/><G110/><T46/><D111/><U84/><E131/><V72/><F72/><W114/><G30/><T22/><D129/><U41/><E39/><V4/><F126/><W119/><G130/><T26/><D125/><U132/><E132/><V1/><F43/><W124/><G124/><T90/><D113/><N who="2" m="43594" /><F98/><W37/><G37/><T42/><D100/><U83/><E40/><V29/><F1/><W108/><G108/><T20/><D15/><U36/><E36/><V7/><F7/><W56/><G127/><T134/><D90/><U116/><E116/><V27/><F27/><W75/><G75/><T97/><D97/><U0/><E0/><V32/><F4/><W33/><G33/><T102/><D102/><U57/><E57/><N who="2" m="37231" /><F35/><W122/><G122/><T62/><D62/><U64/><E9/><V99/><F99/><W54/><G133/><T8/><D8/><U109/><E11/><V6/><F6/><W17/><G119/><T47/><D134/><U58/><E109/><V69/><F69/><W38/><G114/><T21/><REACH who="0" step="1"/><D55/><REACH who="0" ten="174,217,121,478" step="2"/><N who="1" m="32127" /><E96/><V135/><F135/><W95/><G91/><T78/><D78/><U105/><E104/><V117/><F117/><W94/><G88/><T73/><D73/><U67/><E105/><V81/><AGARI ba="0,1" hai="12,13,25,29,32,81,86,89" m="37231,43594" machi="81" ten="30,4000,0" yaku="15,1,11,1,52,1" doraHai="76" who="2" fromWho="2" sc="174,-10,217,-20,121,50,478,-10" /><INIT seed="6,0,0,0,2,56" ten="164,197,171,468" oya="2" hai0="14,29,67,94,76,104,105,18,53,72,77,28,93" hai1="41,32,131,24,95,1,35,121,88,66,2,22,58" hai2="68,74,73,4,51,16,39,134,96,36,21,12,90" hai3="107,37,45,59,110,70,64,61,75,130,43,60,65"/><V0/><F51/><W117/><G107/><T87/><D72/><U127/><E41/><V40/><F134/><W125/><G75/><T55/><D67/><U86/><E131/><V23/><F96/><W103/><G103/><T31/><D14/><U133/><E133/><V109/><F90/><W71/><G130/><T5/><D5/><U100/><E121/><V25/><F68/><N who="3" m="41991" /><G110/><T120/><D18/><U126/><E100/><V69/><F69/><N who="3" m="26123" /><G125/><N who="1" m="47626" /><E2/><V85/><F85/><W79/><G79/><T135/><D135/><U118/><E1/><V82/><F109/><W15/><G15/><T46/><D120/><U47/><E47/><V81/><F39/><W9/><G9/><T30/><D46/><U115/><E35/><V128/><F128/><W26/><G26/><T38/><D38/><U97/><E32/><V11/><F73/><W124/><G124/><T116/><D31/><N who="1" m="17815" /><E97/><V57/><F57/><W10/><G10/><T119/><D30/><U27/><E27/><V13/><F23/><W80/><G80/><T83/><D83/><U49/><E86/><AGARI ba="0,0" hai="28,29,53,55,76,77,86,87,93,94,104,105,116,119" machi="86" ten="25,1600,0" yaku="22,2" doraHai="56" who="0" fromWho="1" sc="164,16,197,-16,171,0,468,0" /><INIT seed="7,0,0,0,1,86" ten="180,181,171,468" oya="3" hai0="7,56,99,98,121,30,17,103,88,37,52,112,53" hai1="84,107,34,125,129,83,47,23,21,68,13,81,133" hai2="5,3,39,100,51,43,79,110,28,78,115,38,19" hai3="71,26,58,9,18,49,111,22,117,29,55,25,45"/><W61/><G71/><T75/><D121/><U50/><E107/><V59/><F110/><W66/><G117/><T95/><D75/><U135/><E68/><V40/><F100/><W46/><G111/><T113/><D37/><N who="2" m="13834" /><F28/><W2/><G46/><T32/><D7/><U124/><E34/><V64/><F19/><W85/><G85/><T1/><D1/><U114/><E114/><N who="0" m="44137" /><D30/><U93/><E93/><V104/><F5/><W101/><G101/><T31/><D31/><U4/><E4/><V122/><F115/><W90/><G90/><T24/><D32/><U82/><E84/><V116/><F3/><W72/><G72/><T92/><D56/><U73/><E73/><V134/><F104/><W27/><G2/><T67/><D67/><U127/><E129/><V106/><F106/><W76/><G76/><T11/><D11/><U77/><E77/><V126/><F79/><W10/><G29/><T41/><D41/><N who="2" m="15946" /><F78/><W102/><G102/><T131/><D131/><U108/><E108/><V96/><F96/><W48/><G48/><T70/><D70/><U42/><E13/><AGARI ba="0,0" hai="9,10,13,18,22,25,26,27,45,49,55,58,61,66" machi="13" ten="40,2000,0" yaku="8,1" doraHai="86" who="3" fromWho="1" sc="180,0,181,-20,171,0,468,20" owari="180,-2.0,161,-34.0,171,-23.0,488,59.0" /></mjloggm>