<mjloggm ver="2.3"><GO type="41" lobby="0"/><UN n0="%E9%88%B4%E4%BE%8D" n1="%E3%81%A8%E3%81%BE%E3%82%8A%E3%82%93" n2="%E3%82%A6%E3%83%AB%E3%83%88%E3%83%A9%E7%AB%8B%E7%9B%B4" n3="%6D%75%73%6F%2D" dan="15,13,15,14" rate="2030.86,1823.42,2020.38,2026.36" sx="F,M,M,M"/><TAIKYOKU oya="0"/><INIT seed="0,0,0,4,2,43" ten="250,250,250,250" oya="0" hai0="91,9,87,12,11,45,28,6,36,115,81,124,113" hai1="57,86,121,118,5,1,17,39,16,128,7,105,134" hai2="75,32,46,61,53,66,93,111,109,35,78,20,41" hai3="23,103,30,48,94,55,80,71,122,10,99,62,72"/><T4/><D124/><U110/><E121/><V107/><F107/><W52/><G122/><T67/><D67/><U24/><E110/><N who="2" m="41995" /><F78/><W90/><G71/><T15/><REACH who="0" step="1"/><D28/><REACH who="0" ten="240,250,250,250" step="2"/><U132/><E118/><V119/><F66/><W33/><G33/><T22/><D22/><U125/><E125/><V13/><F119/><W83/><G30/><T58/><D58/><U38/><E57/><V131/><F35/><W126/><G23/><T79/><D79/><U63/><E132/><V95/><F32/><W114/><G126/><T2/><D2/><U34/><E1/><V104/><F20/><W117/><G117/><T112/><D112/><U130/><E134/><V100/><F131/><W0/><G114/><T96/><D96/><U44/><E130/><V74/><F74/><W68/><G68/><T97/><D97/><U85/><E128/><V73/><F73/><W31/><G31/><T129/><D129/><U135/><E34/><V120/><F75/><W21/><G21/><T70/><D70/><U29/><E135/><V56/><F120/><W82/><G72/><T106/><D106/><U50/><E29/><V3/><F3/><W26/><G0/><T40/><AGARI ba="0,1" hai="4,6,9,11,12,15,36,40,45,81,87,91,113,115" machi="40" ten="30,18000,2" yaku="1,1,0,1,9,1,52,1,53,2" doraHai="43" doraHaiUra="108" who="0" fromWho="0" sc="240,190,250,-60,250,-60,250,-60" /><INIT seed="0,1,0,5,0,18" ten="430,190,190,190" oya="0" hai0="113,15,121,39,50,80,14,71,29,55,0,73,131" hai1="114,4,93,45,74,79,23,104,60,96,12,134,129" hai2="31,58,13,105,32,42,16,7,111,63,20,61,132" hai3="22,128,117,19,21,82,88,126,124,99,94,38,44"/><T51/><D0/><U72/><E129/><V112/><F105/><W17/><G128/><T3/><D3/><U77/><E134/><V120/><F120/><W127/><G117/><T5/><D121/><U95/><E104/><V52/><F112/><W35/><G35/><T103/><D39/><U125/><E114/><V76/><F132/><W85/><G19/><T130/><D71/><U102/><E125/><V84/><F111/><W116/><G17/><T92/><D113/><U26/><E74/><V10/><F42/><N who="3" m="22615" /><G116/><T53/><D73/><U57/><E45/><V122/><F122/><W90/><AGARI ba="1,0" hai="21,22,82,85,88,90,94,99,124,126,127" m="22615" machi="90" ten="30,7900,0" yaku="18,1,52,2,54,1" doraHai="18" who="3" fromWho="3" sc="430,-40,190,-21,190,-21,190,82" /><INIT seed="1,0,0,2,0,55" ten="390,169,169,272" oya="1" hai0="25,118,76,124,107,62,91,26,41,72,22,30,134" hai1="101,44,94,53,135,130,133,2,120,79,126,114,85" hai2="104,80,68,98,125,39,60,14,123,33,6,49,66" hai3="40,31,95,28,13,83,88,117,23,56,121,71,12"/><U35/><E114/><V93/><F39/><W112/><G71/><T65/><D118/><U43/><E120/><V15/><F123/><W67/><G121/><T109/><D109/><U36/><E2/><V51/><F125/><W105/><G105/><T54/><D124/><U0/><E126/><V131/><F131/><W119/><G40/><T61/><D107/><U58/><E0/><V70/><F70/><W48/><G83/><T122/><D122/><U27/><E130/><V132/><F132/><W75/><G75/><T11/><D41/><U73/><E73/><V19/><F33/><W127/><G112/><T96/><D76/><U7/><E7/><V116/><F116/><N who="3" m="44619" /><G127/><T46/><D11/><U102/><E35/><V78/><F6/><W100/><G100/><T90/><D65/><U34/><E27/><V47/><F104/><W74/><G74/><T106/><D26/><U45/><E44/><V84/><F47/><W63/><G48/><N who="0" m="28951" /><D134/><N who="1" m="51211" /><E34/><V17/><F15/><N who="3" m="5707" /><G23/><T42/><D72/><U18/><E18/><V69/><F69/><W59/><G59/><T20/><D20/><U57/><E57/><V110/><F19/><W87/><AGARI ba="0,0" hai="28,31,56,63,67,87,88,95" m="5707,44619" machi="87" ten="30,4000,0" yaku="12,1,52,1,54,1" doraHai="55" who="3" fromWho="3" sc="390,-10,169,-20,169,-10,272,40" /><INIT seed="2,0,0,1,1,87" ten="380,149,159,312" oya="2" hai0="67,58,20,35,90,30,39,47,121,45,128,83,88" hai1="26,18,107,15,13,36,70,9,10,22,100,6,62" hai2="97,131,38,28,129,102,64,59,21,57,37,27,125" hai3="42,116,82,108,7,50,81,73,40,60,79,86,123"/><V130/><F125/><W51/><G123/><T117/><D121/><U65/><E36/><V72/><F72/><W17/><G7/><T109/><D35/><U96/><REACH who="1" step="1"/><E10/><REACH who="1" ten="380,139,159,312" step="2"/><V63/><REACH who="2" step="1"/><F59/><REACH who="2" ten="380,139,149,312" step="2"/><W111/><G116/><T134/><D117/><U49/><E49/><V3/><F3/><AGARI ba="0,2" hai="3,6,9,13,15,18,22,26,62,65,70,96,100,107" machi="3" ten="30,2000,0" yaku="1,1,7,1,53,0" doraHai="87" doraHaiUra="119" who="1" fromWho="2" sc="380,0,139,40,149,-20,312,0" /><INIT seed="3,0,0,1,2,78" ten="380,179,129,312" oya="3" hai0="70,96,10,73,39,112,45,17,104,26,11,9,119" hai1="37,132,8,131,18,36,85,93,58,1,16,105,14" hai2="126,47,117,134,2,49,56,54,103,0,5,111,116" hai3="21,110,30,55,133,52,68,122,48,109,87,106,82"/><W69/><G106/><T128/><D119/><U40/><E105/><V57/><F0/><W115/><G115/><T35/><D70/><U59/><E1/><V4/><F2/><W6/><G6/><T64/><D64/><U42/><E131/><V94/><F117/><W95/><G122/><T75/><D128/><U86/><E93/><V124/><F116/><W46/><G95/><T88/><D39/><U121/><E14/><V24/><F111/><N who="3" m="42507" /><G133/><T83/><D45/><U74/><E74/><V99/><F134/><W7/><G7/><T19/><D112/><U108/><E132/><V43/><F57/><W127/><G127/><T51/><D73/><U67/><E108/><V118/><F118/><W77/><G55/><T22/><D104/><U23/><E23/><V13/><F24/><AGARI ba="0,0" hai="21,24,30,46,48,52,68,69,77,82,87" m="42507" machi="24" ten="30,11600,0" yaku="14,1,10,1,52,1,54,1" doraHai="78" who="3" fromWho="2" sc="380,0,179,0,129,-116,312,116" /><INIT seed="3,1,0,0,5,128" ten="380,179,13,428" oya="3" hai0="44,43,66,58,64,37,118,82,59,2,20,23,125" hai1="56,4,55,115,19,14,68,104,107,106,28,40,121" hai2="105,112,97,72,80,127,111,10,61,7,91,123,24" hai3="26,65,108,110,25,31,53,122,76,71,34,63,36"/><W21/><G122/><T12/><D118/><U98/><E115/><V74/><F61/><W77/><G36/><T88/><D2/><U85/><E121/><V11/><F24/><W16/><REACH who="3" step="1"/><G53/><REACH who="3" ten="380,179,13,418" step="2"/><T54/><D125/><U49/><E55/><V126/><F123/><W41/><G41/><T70/><D43/><U87/><E40/><V109/><F112/><W8/><G8/><T17/><D37/><U114/><E114/><V35/><F11/><W5/><G5/><T57/><D70/><U83/><E4/><V75/><F10/><W129/><G129/><T86/><REACH who="0" step="1"/><D23/><REACH who="0" ten="370,179,13,418" step="2"/><U67/><E68/><V15/><F126/><W6/><G6/><T93/><D93/><U32/><E107/><V30/><F127/><W116/><G116/><T100/><D100/><U69/><E104/><V113/><F113/><W99/><G99/><T0/><D0/><U78/><E98/><V13/><F7/><W27/><G27/><T3/><D3/><U62/><E106/><V42/><F42/><W89/><G89/><T120/><D120/><U124/><E124/><V9/><F105/><W48/><G48/><AGARI ba="1,2" hai="12,17,20,44,48,54,57,58,59,64,66,82,86,88" machi="48" ten="40,5200,0" yaku="1,1,8,1,54,1,53,0" doraHai="128" doraHaiUra="134" who="0" fromWho="3" sc="370,75,179,0,13,0,418,-55" /><INIT seed="4,0,0,5,5,64" ten="445,179,13,363" oya="0" hai0="50,41,87,122,54,19,128,115,28,119,43,102,12" hai1="107,69,131,57,94,56,49,38,85,25,27,109,60" hai2="22,127,6,53,65,113,13,9,130,92,39,117,47" hai3="134,34,44,76,72,30,62,55,26,79,15,91,93"/><T88/><D122/><U2/><E109/><V32/><F32/><W89/><G72/><T82/><D119/><U110/><E110/><V135/><F117/><W123/><G123/><T0/><D0/><U8/><E107/><V97/><F113/><W106/><G106/><T103/><D128/><U121/><E131/><V23/><F130/><W118/><G118/><T86/><D28/><U126/><E38/><V75/><F75/><W99/><G134/><T95/><D115/><U58/><E121/><V66/><F135/><W84/><G15/><T90/><D41/><U40/><E126/><V116/><F127/><W68/><G44/><N who="0" m="27975" /><D43/><U11/><E2/><V100/><F116/><W17/><G17/><T104/><D104/><U77/><E77/><V125/><F125/><W10/><G10/><AGARI ba="0,0" hai="10,12,19,82,86,87,88,90,95,102,103" m="27975" machi="10" ten="30,5800,0" yaku="25,1,8,1,54,1" doraHai="64" who="0" fromWho="3" sc="445,58,179,0,13,0,363,-58" /><INIT seed="4,1,0,5,0,57" ten="503,179,13,305" oya="0" hai0="120,25,114,109,94,4,82,21,45,113,65,81,64" hai1="91,97,58,60,51,101,100,116,78,110,34,121,16" hai2="86,49,7,31,11,37,41,3,55,77,15,103,6" hai3="99,131,118,39,68,63,133,29,43,38,56,115,14"/><T8/><D109/><U48/><E116/><V20/><F103/><W127/><G118/><T134/><D120/><U62/><E121/><V40/><F37/><W119/><G127/><T50/><D134/><U107/><E110/><V108/><F108/><W135/><G115/><N who="0" m="44043" /><D94/><U33/><E101/><V84/><F6/><W80/><G119/><T85/><D50/><U79/><E91/><V98/><F98/><W95/><G68/><T70/><D45/><U72/><E79/><V124/><F124/><W32/><G43/><N who="2" m="16457" /><F3/><W17/><G80/><T22/><D22/><U132/><E132/><N who="3" m="50762" /><G131/><T24/><D24/><U128/><E128/><V93/><F93/><W19/><G29/><N who="0" m="17583" /><D70/><U105/><E107/><V71/><F71/><W28/><G28/><T35/><D35/><U74/><E72/><V18/><F77/><W112/><G32/><T117/><D117/><U13/><E78/><V36/><F36/><N who="3" m="13867" /><G14/><N who="0" m="5383" /><D82/><U9/><E74/><V88/><F31/><W126/><G112/><T54/><D54/><U104/><E104/><V27/><F88/><AGARI ba="1,0" hai="64,65,81,85,88" m="5383,17583,44043" machi="88" ten="30,2900,0" yaku="15,1,54,1" doraHai="57" who="0" fromWho="2" sc="503,32,179,0,13,-32,305,0" owari="535,63.0,179,-22.0,-19,-52.0,305,11.0" /></mjloggm>