<mjloggm ver="2.3"><GO type="41" lobby="0"/><UN n0="%52%61%76%65%4E" n1="%67%75%6E%72%75%67%6F" n2="%E6%A1%9C%E5%B0%8F%E6%A1%83" n3="%E5%B0%B1%E6%B4%BB%E7%94%9F%40%E5%B7%9D%E6%9D%91%E8%BB%8D%E5%9B%A3" dan="15,13,15,15" rate="2001.86,1909.96,2007.26,1982.30" sx="M,F,F,M"/><TAIKYOKU oya="0"/><INIT seed="0,0,0,0,0,7" ten="250,250,250,250" oya="0" hai0="47,100,132,53,8,3,35,9,114,42,130,101,31" hai1="33,17,73,104,14,44,90,79,77,58,110,109,27" hai2="11,72,74,60,21,128,52,64,50,93,135,80,89" hai3="36,106,59,26,43,105,115,88,87,116,92,32,119"/><T23/><D35/><U5/><E104/><V98/><F128/><W133/><G115/><T16/><D130/><U70/><E70/><V61/><F135/><W82/><G133/><T55/><D132/><U126/><E5/><V84/><F21/><W75/><G105/><T85/><D31/><N who="1" m="19711" /><E44/><V81/><F81/><W67/><G106/><T111/><D111/><N who="1" m="42507" /><E126/><V124/><F124/><W6/><G6/><T69/><D3/><U54/><E90/><V108/><F108/><W122/><G122/><T4/><D69/><U13/><E73/><V30/><F30/><W34/><G36/><T10/><D4/><U25/><E25/><V19/><F64/><W66/><G43/><T118/><D118/><U127/><E127/><V123/><F123/><W20/><G116/><T41/><D85/><U62/><E14/><N who="2" m="7647" /><F72/><W38/><G38/><T56/><D114/><U45/><E45/><N who="2" m="27727" /><F74/><W28/><G119/><T96/><D96/><U83/><E83/><V1/><F1/><W15/><G34/><T113/><D113/><U78/><E78/><AGARI ba="0,0" hai="60,61,78,80,84,89,93,98" m="27727,7647" machi="78" ten="30,3900,0" yaku="8,1,52,1,54,1" doraHai="7" who="2" fromWho="1" sc="250,0,250,-39,250,39,250,0" /><INIT seed="1,0,0,0,1,44" ten="250,211,289,250" oya="1" hai0="47,72,70,67,87,45,68,1,134,78,49,5,0" hai1="29,40,42,85,61,66,65,19,37,111,12,13,135" hai2="91,39,108,63,125,16,105,81,8,122,48,120,88" hai3="31,95,53,74,15,98,113,103,100,35,55,99,34"/><U46/><E42/><V133/><F39/><W24/><G74/><T83/><D72/><U32/><E135/><V80/><F105/><W132/><G132/><T30/><D134/><U117/><E117/><V6/><F125/><W7/><G113/><T52/><D30/><U28/><E111/><V3/><F108/><W82/><G35/><T119/><D119/><U93/><E13/><V51/><F133/><W21/><G82/><T102/><D102/><U26/><E29/><V129/><F129/><W64/><G64/><T9/><D0/><U60/><E60/><V27/><F63/><W22/><G34/><T104/><D104/><U128/><E61/><V92/><F120/><W17/><REACH who="3" step="1"/><G7/><REACH who="3" ten="250,211,289,240" step="2"/><T75/><D75/><U114/><E114/><V123/><F123/><W89/><G89/><T41/><REACH who="0" step="1"/><D67/><REACH who="0" ten="240,211,289,240" step="2"/><U73/><E73/><V124/><F122/><W126/><G126/><T56/><D56/><U50/><E128/><V20/><F124/><W36/><G36/><AGARI ba="0,2" hai="1,5,9,36,41,45,47,49,52,68,70,78,83,87" machi="36" ten="30,7700,0" yaku="1,1,7,1,52,1,54,1,53,0" doraHai="44" doraHaiUra="116" who="0" fromWho="3" sc="240,97,211,0,289,0,240,-77" /><INIT seed="2,0,0,2,5,36" ten="337,211,289,163" oya="2" hai0="10,70,33,116,62,122,81,54,78,63,94,30,24" hai1="93,18,86,43,82,49,56,133,126,6,112,96,91" hai2="98,9,45,121,85,58,47,72,19,15,109,108,8" hai3="128,95,120,106,125,114,32,23,12,59,39,73,7"/><V52/><F72/><W42/><G106/><T44/><D70/><U28/><E112/><V1/><F121/><W76/><G32/><T27/><D122/><U29/><E6/><N who="2" m="1103" /><F98/><W14/><G120/><T38/><D27/><U13/><E133/><V41/><F85/><W99/><G114/><T21/><D33/><U34/><E34/><V87/><F87/><W132/><G132/><T57/><D116/><U2/><E2/><V74/><F74/><W131/><G125/><T110/><D10/><U11/><E126/><V80/><F80/><N who="3" m="45071" /><G59/><T22/><D94/><U104/><E104/><V71/><F71/><W5/><G23/><T123/><D22/><U46/><REACH who="1" step="1"/><E56/><REACH who="1" ten="337,201,289,163" step="2"/><V97/><F58/><W25/><G7/><T77/><D57/><U37/><E37/><V83/><F108/><W102/><G5/><T127/><D110/><U135/><E135/><V40/><F109/><W3/><G3/><T89/><D38/><U79/><AGARI ba="0,1" hai="11,13,18,28,29,43,46,49,79,82,86,91,93,96" machi="79" ten="20,8000,1" yaku="1,1,0,1,7,1,8,1,52,1,53,0" doraHai="36" doraHaiUra="68" who="1" fromWho="1" sc="337,-20,201,90,289,-40,163,-20" /><INIT seed="3,0,0,3,2,118" ten="317,291,249,143" oya="3" hai0="34,96,36,86,7,5,91,40,46,103,69,48,109" hai1="35,132,80,51,116,22,0,30,64,54,127,66,67" hai2="82,28,117,81,78,65,97,3,10,113,11,71,92" hai3="43,31,83,120,112,23,99,130,73,104,49,126,27"/><W2/><G120/><T102/><D69/><U8/><E116/><V6/><F117/><W101/><G112/><T75/><D34/><U88/><E132/><V15/><F113/><W108/><G2/><T115/><D75/><U100/><E35/><V32/><F71/><W125/><G130/><T37/><D115/><U121/><E121/><V94/><F65/><W98/><G98/><T74/><D74/><U24/><E127/><V1/><F94/><W70/><G70/><T61/><D37/><U128/><E128/><V17/><F3/><W20/><G20/><T16/><D36/><U14/><E0/><V33/><F28/><W90/><G108/><T105/><D102/><U110/><E110/><V53/><F53/><W58/><G73/><T52/><D40/><U62/><E100/><V57/><F57/><W76/><G76/><T93/><D61/><U133/><E62/><V122/><F122/><W114/><G114/><T18/><REACH who="0" step="1"/><D109/><REACH who="0" ten="307,291,249,143" step="2"/><U124/><E124/><N who="3" m="47722" /><G43/><T95/><D95/><U119/><E119/><V47/><F92/><W129/><G129/><T89/><D89/><U63/><E63/><V107/><F33/><W111/><G111/><T42/><D42/><U84/><E133/><V29/><F32/><W68/><G68/><T77/><D77/><U59/><REACH who="1" step="1"/><E67/><REACH who="1" ten="307,281,249,143" step="2"/><V39/><F39/><W9/><G101/><T50/><D50/><U123/><E123/><V44/><F78/><W60/><G49/><T26/><D26/><U56/><E56/><V72/><F44/><W85/><G58/><T19/><AGARI ba="0,2" hai="5,7,16,18,19,46,48,52,86,91,93,96,103,105" machi="19" ten="30,7900,0" yaku="1,1,0,1,54,2,53,0" doraHai="118" doraHaiUra="25" who="0" fromWho="0" sc="307,99,281,-20,249,-20,143,-39" /><INIT seed="4,0,0,2,5,39" ten="406,261,229,104" oya="0" hai0="3,108,14,104,107,9,64,116,69,89,110,4,77" hai1="132,109,26,46,11,81,28,16,79,56,80,131,48" hai2="33,123,32,117,13,36,49,66,15,2,99,85,87" hai3="124,41,105,101,38,30,0,43,121,45,84,22,34"/><T126/><D116/><U23/><E109/><N who="0" m="42089" /><D77/><U74/><E132/><V76/><F36/><W92/><G121/><T21/><D126/><U112/><E131/><V50/><F76/><W59/><G124/><T83/><D69/><U10/><E80/><V88/><F2/><W20/><G0/><T54/><D64/><U93/><E112/><V133/><F66/><W35/><G105/><T52/><D83/><U31/><E93/><V96/><F117/><W98/><G41/><T115/><D89/><U51/><E56/><V57/><F57/><W111/><G111/><T60/><D115/><U128/><E128/><V63/><F63/><W86/><G59/><N who="0" m="34919" /><D54/><U6/><E48/><V47/><F88/><W53/><G53/><T8/><D21/><U5/><E5/><AGARI ba="0,0" hai="3,4,5,8,9,14,104,107" m="34919,42089" machi="5" ten="30,2900,0" yaku="10,1,54,1" doraHai="39" who="0" fromWho="1" sc="406,29,261,-29,229,0,104,0" /><INIT seed="4,1,0,5,2,122" ten="435,232,229,104" oya="0" hai0="133,54,115,128,118,35,106,83,116,121,25,126,10" hai1="97,66,81,43,119,27,88,86,20,104,117,0,26" hai2="42,71,23,76,4,65,75,7,74,78,103,21,53" hai3="33,124,108,114,107,39,62,84,46,8,120,87,28"/><T68/><RYUUKYOKU type="yao9" ba="1,0" sc="435,0,232,0,229,0,104,0" hai0="10,25,35,54,68,83,106,115,116,118,121,126,128,133" /><INIT seed="4,2,0,1,4,90" ten="435,232,229,104" oya="0" hai0="99,27,8,98,26,131,95,129,65,73,39,6,59" hai1="43,114,86,2,111,122,105,57,54,106,4,0,12" hai2="135,47,85,18,19,75,40,82,36,38,52,116,69" hai3="62,96,104,35,63,14,118,88,10,123,55,67,109"/><T71/><D39/><U37/><E111/><V20/><F75/><W25/><G109/><T113/><D71/><U15/><E122/><V102/><F69/><W125/><G123/><T23/><D73/><U50/><E114/><V30/><F102/><W93/><G118/><T76/><D76/><U81/><E43/><V66/><F66/><W89/><G125/><T78/><D78/><U127/><E37/><V119/><F38/><W22/><G35/><T110/><D110/><U46/><E127/><V79/><F135/><W126/><G126/><T128/><D23/><U94/><E46/><V49/><F30/><N who="3" m="17719" /><G104/><T13/><D99/><U41/><E41/><V101/><F101/><N who="3" m="60559" /><G55/><T21/><D21/><U24/><E106/><V11/><F11/><W9/><G9/><T117/><D117/><N who="2" m="45130" /><F20/><W121/><G121/><T51/><D113/><U53/><E105/><V107/><F107/><W112/><G112/><T32/><D32/><U70/><E70/><V61/><F61/><N who="3" m="23051" /><G67/><T133/><D65/><U132/><E132/><V58/><AGARI ba="2,0" hai="18,19,36,40,47,49,52,58,79,82,85" m="45130" machi="58" ten="30,2000,0" yaku="12,1,54,1" doraHai="90" who="2" fromWho="2" sc="435,-12,232,-7,229,26,104,-7" /><INIT seed="5,0,0,5,2,73" ten="423,225,255,97" oya="1" hai0="24,11,67,98,107,14,83,106,39,84,2,78,129" hai1="48,50,33,74,86,60,130,22,66,99,72,81,65" hai2="0,34,68,37,44,105,26,13,7,122,55,20,36" hai3="104,54,45,119,69,116,38,110,35,5,103,42,62"/><U47/><E33/><V96/><F68/><W31/><G110/><T56/><D39/><U112/><E112/><V80/><F122/><W25/><G54/><T17/><D129/><U109/><E109/><V87/><F105/><W64/><REACH who="3" step="1"/><G5/><REACH who="3" ten="423,225,255,87" step="2"/><N who="0" m="3439" /><D107/><U70/><E130/><V63/><F55/><W40/><G40/><T15/><D106/><U124/><E66/><V111/><F7/><W108/><G108/><T91/><D67/><U92/><E124/><V120/><F111/><W32/><G32/><T115/><D115/><U128/><E128/><V6/><F34/><W131/><G131/><T82/><D56/><U53/><E22/><V27/><F20/><W97/><AGARI ba="0,1" hai="25,31,35,38,42,45,62,64,69,97,103,104,116,119" machi="97" ten="30,12000,2" yaku="1,1,0,1,25,2,23,2,53,1" doraHai="73" doraHaiUra="58" who="3" fromWho="3" sc="423,-30,225,-60,255,-30,87,130" /><INIT seed="6,0,0,4,5,97" ten="393,165,225,217" oya="2" hai0="17,36,89,128,117,57,42,26,126,77,16,66,50" hai1="88,35,85,79,31,29,100,71,44,10,6,41,65" hai2="51,47,119,24,54,94,123,64,5,83,62,104,90" hai3="38,110,74,78,63,98,67,109,75,93,115,46,133"/><V106/><F119/><W127/><G127/><T14/><D36/><U37/><E79/><V49/><F123/><W23/><G133/><T27/><D126/><U101/><E65/><V124/><F124/><W9/><G115/><T132/><D77/><U114/><E71/><V134/><F134/><W131/><G131/><T112/><D128/><U53/><E114/><V39/><F39/><W21/><G38/><T103/><D103/><U130/><E130/><V1/><F83/><W120/><G120/><T76/><D76/><U116/><E116/><V113/><F113/><W118/><G118/><T22/><D132/><U95/><E53/><V84/><F24/><W121/><G121/><T18/><D112/><U68/><E68/><V80/><F51/><W72/><G78/><T111/><D89/><U69/><E35/><V8/><REACH who="2" step="1"/><F80/><REACH who="2" ten="393,165,215,217" step="2"/><W55/><G109/><T86/><D111/><U7/><E69/><AGARI ba="0,1" hai="1,5,8,47,49,54,62,64,69,84,90,94,104,106" machi="69" ten="30,5800,0" yaku="1,1,2,1,7,1,53,0" doraHai="97" doraHaiUra="73" who="2" fromWho="1" sc="393,0,165,-58,215,68,217,0" /><INIT seed="6,1,0,1,4,62" ten="393,107,283,217" oya="2" hai0="110,2,48,109,31,49,133,96,103,45,47,127,59" hai1="108,90,117,30,85,118,126,18,60,114,115,41,55" hai2="1,20,10,75,129,71,104,56,77,25,130,120,4" hai3="113,21,107,7,29,94,131,16,88,105,23,132,32"/><V52/><F120/><W5/><G131/><N who="2" m="50185" /><F104/><W0/><G132/><T37/><D2/><U3/><E3/><V54/><F71/><W122/><G122/><T95/><D37/><U33/><E108/><V92/><F92/><W73/><G73/><T80/><D133/><U34/><E126/><V70/><F70/><W111/><G111/><T6/><D127/><U39/><E18/><N who="2" m="12439" /><F56/><W28/><G113/><N who="1" m="43018" /><E55/><V101/><F101/><W135/><G32/><N who="1" m="12394" /><E30/><N who="3" m="11882" /><G0/><T26/><D31/><U134/><E60/><V65/><F65/><W22/><G135/><T84/><D59/><U68/><E134/><V44/><F44/><W42/><G107/><T13/><D47/><N who="1" m="23999" /><E68/><V11/><F11/><W40/><G105/><T87/><D103/><U121/><E90/><V112/><F112/><W63/><G63/><T67/><D95/><U74/><E85/><V43/><F43/><N who="3" m="16427" /><G5/><T123/><D67/><U69/><E121/><V72/><F72/><W8/><G7/><T58/><D6/><U19/><E19/><V76/><F75/><W14/><G8/><T27/><D123/><U15/><E15/><V99/><F99/><AGARI ba="1,0" hai="14,16,21,22,23,88,94,99" m="16427,11882" machi="99" ten="30,3900,0" yaku="8,1,54,2" doraHai="62" who="3" fromWho="2" sc="393,0,107,0,283,-42,217,42" /><INIT seed="7,0,0,0,3,21" ten="393,107,241,259" oya="3" hai0="18,10,111,109,2,56,60,37,55,61,124,125,66" hai1="27,69,78,107,54,25,62,106,134,38,19,81,110" hai2="59,91,92,72,116,120,88,44,6,82,77,118,17" hai3="45,113,131,40,128,13,95,119,105,12,76,7,33"/><W79/><G105/><T51/><D37/><U34/><E38/><V30/><F120/><W126/><G119/><T5/><D61/><U98/><E134/><V28/><F6/><W58/><G33/><T52/><D55/><U83/><E110/><V36/><F59/><W23/><G113/><T129/><D129/><N who="3" m="49737" /><G126/><N who="0" m="48747" /><D18/><U43/><E19/><V68/><F68/><AGARI ba="0,0" hai="2,5,10,51,52,56,60,66,68,109,111" m="48747" machi="68" ten="30,2000,0" yaku="18,1,54,1" doraHai="21" who="0" fromWho="2" sc="393,20,107,0,241,-20,259,0" owari="413,51.0,107,-39.0,221,-18.0,259,6.0" /></mjloggm>