<mjloggm ver="2.3"><GO type="97" lobby="0"/><UN n0="%73%61%72%61%7A%6F" n1="%E3%82%A6%E3%83%AB%E3%83%88%E3%83%A9%E7%AB%8B%E7%9B%B4" n2="%E3%82%BC%E3%83%B3%E3%83%84%E5%90%9B%EF%BC%93%E5%8F%B7" n3="%71%71%30%32%35%38" dan="15,15,13,13" rate="1989.27,2025.64,1878.74,1812.84" sx="M,M,M,M"/><TAIKYOKU oya="0"/><INIT seed="0,0,0,4,5,113" ten="250,250,250,250" oya="0" hai0="106,54,127,46,5,111,24,121,48,22,105,60,133" hai1="25,6,126,98,90,58,37,74,0,62,49,85,23" hai2="112,72,68,31,33,28,10,50,69,116,94,109,21" hai3="71,8,83,70,9,80,64,115,45,41,99,3,4"/><T88/><D121/><U101/><E37/><V11/><F112/><W75/><G115/><T42/><D127/><U91/><E74/><V129/><F72/><W2/><G99/><T20/><D133/><U97/><E6/><V114/><F114/><W65/><G80/><T102/><D5/><U1/><E0/><V30/><F33/><W76/><G65/><T78/><D78/><U43/><E1/><V14/><F129/><W47/><G47/><T96/><D106/><U38/><E38/><V92/><F21/><W39/><G64/><T103/><D103/><U16/><E126/><V130/><F130/><W87/><G87/><T123/><D123/><U120/><E120/><V13/><F50/><W29/><G29/><T44/><D111/><U119/><E119/><V100/><F100/><W26/><G26/><T36/><D60/><U57/><E101/><V61/><F61/><W128/><G128/><T15/><D15/><U19/><E19/><V59/><F59/><W134/><G134/><T81/><REACH who="0" step="1"/><D24/><REACH who="0" ten="240,250,250,250" step="2"/><U77/><E77/><V34/><F109/><W67/><G67/><T66/><D66/><N who="1" m="39247" /><E91/><V95/><F34/><W108/><G108/><T82/><D82/><U132/><E132/><V79/><F79/><W55/><G55/><T122/><D122/><U89/><E89/><V52/><F14/><W131/><G131/><T117/><D117/><U93/><E43/><V86/><F116/><W73/><G73/><T118/><D118/><U84/><E98/><V53/><F13/><W40/><G40/><T12/><D12/><U27/><E27/><V17/><F86/><AGARI ba="0,1" hai="20,22,36,42,44,46,48,54,81,86,88,96,102,105" machi="86" ten="40,7700,0" yaku="1,1,6,1,54,1,53,0" doraHai="113" doraHaiUra="107" who="0" fromWho="2" sc="240,87,250,0,250,-77,250,0" /><INIT seed="0,1,0,1,4,29" ten="327,250,173,250" oya="0" hai0="8,22,38,104,64,91,17,127,10,131,132,13,86" hai1="110,96,49,24,99,74,133,11,101,32,69,4,47" hai2="3,108,57,21,16,80,130,0,54,115,106,51,63" hai3="42,34,79,84,44,119,126,125,135,26,60,19,5"/><T37/><D104/><U76/><E69/><V93/><F106/><W45/><G119/><T28/><D132/><U100/><E76/><V23/><F115/><W67/><G79/><T65/><D131/><U30/><E74/><V14/><F130/><W36/><G5/><T121/><D121/><U95/><E133/><V53/><F108/><W90/><G19/><T82/><D127/><N who="3" m="48649" /><G135/><T102/><D102/><U77/><E77/><V1/><F80/><W117/><G117/><T124/><D124/><U103/><E110/><V25/><F93/><N who="3" m="54471" /><G44/><T75/><D75/><U70/><E70/><V41/><F41/><W105/><G105/><T87/><D87/><U35/><E99/><V120/><F120/><W50/><G26/><T12/><D28/><U72/><E72/><V18/><REACH who="2" step="1"/><F0/><REACH who="2" ten="327,250,163,250" step="2"/><W114/><G114/><T122/><D122/><U20/><E101/><V98/><F98/><W59/><G36/><T39/><D39/><U15/><E100/><V128/><F128/><W134/><G134/><T73/><D73/><U129/><E129/><V52/><F52/><AGARI ba="1,1" hai="4,11,15,20,24,30,32,35,47,49,52,95,96,103" machi="52" ten="30,7700,0" yaku="7,1,52,2,54,1" doraHai="29" who="1" fromWho="2" sc="327,0,250,90,163,-80,250,0" /><INIT seed="1,0,0,3,0,112" ten="327,340,83,250" oya="1" hai0="125,82,31,0,16,53,11,10,15,45,59,64,86" hai1="84,109,43,50,71,48,96,106,51,9,52,25,81" hai2="58,67,28,3,110,65,69,33,62,21,100,44,38" hai3="36,127,79,129,12,24,118,1,83,39,72,49,76"/><U94/><E106/><V46/><F3/><W87/><G129/><T2/><D125/><U80/><E71/><V6/><F6/><W93/><G1/><T56/><D64/><U27/><E109/><V135/><F110/><W122/><G122/><T8/><D59/><U121/><E121/><V101/><F33/><W117/><G127/><T104/><D104/><U13/><E43/><V114/><F114/><W123/><G123/><T103/><D103/><U111/><E111/><V7/><F7/><W92/><G12/><T98/><D98/><U18/><E52/><V17/><F28/><W61/><G61/><N who="0" m="35983" /><D2/><U40/><E40/><V97/><F135/><W74/><G24/><N who="1" m="9290" /><E84/><V91/><F67/><W54/><G49/><N who="1" m="12546" /><U85/><DORA hai="134" /><E85/><V90/><F69/><W124/><G54/><T70/><D70/><U128/><E128/><V102/><F38/><W78/><G124/><T20/><D0/><U132/><E132/><V57/><F57/><W115/><G115/><T60/><D60/><U47/><E47/><V26/><REACH who="2" step="1"/><F97/><REACH who="2" ten="327,340,73,250" step="2"/><W131/><G131/><T113/><D113/><U133/><E133/><V14/><F14/><W116/><G39/><T23/><D45/><AGARI ba="0,1" hai="17,21,26,44,45,46,58,62,65,90,91,100,101,102" machi="45" ten="40,2600,0" yaku="1,1,8,1,53,0" doraHai="112,134" doraHaiUra="108,5" who="2" fromWho="0" sc="327,-26,340,0,73,36,250,0" /><INIT seed="2,0,0,0,1,118" ten="301,340,109,250" oya="2" hai0="57,36,40,59,130,14,22,52,89,111,109,68,56" hai1="132,84,86,117,80,41,28,92,7,81,51,110,114" hai2="35,116,66,55,96,62,48,99,11,16,61,124,58" hai3="46,50,67,104,83,122,29,74,115,73,113,75,128"/><V129/><F116/><W70/><G29/><T4/><D68/><U121/><E28/><V33/><F129/><W78/><G104/><T69/><D69/><U43/><E92/><V119/><F119/><W82/><G128/><T19/><D130/><U87/><E117/><V90/><F124/><W71/><G67/><T76/><D76/><U45/><E114/><N who="3" m="43530" /><G122/><T21/><D4/><U25/><E25/><V34/><F90/><W44/><G50/><T37/><D22/><U105/><E105/><V85/><F85/><W0/><G0/><T112/><D112/><U8/><E121/><V17/><F62/><W27/><G27/><T60/><D89/><U26/><E26/><V126/><F126/><W133/><G133/><T134/><D134/><U38/><E132/><V47/><REACH who="2" step="1"/><F11/><REACH who="2" ten="301,340,99,250" step="2"/><W31/><G78/><T93/><D60/><U125/><E125/><V94/><F94/><W1/><G1/><T13/><D93/><U72/><E84/><V64/><F64/><W120/><G120/><T53/><D21/><U103/><E86/><V108/><F108/><W24/><G71/><T49/><D111/><U42/><E110/><V100/><F100/><W32/><G46/><T106/><D109/><U10/><E103/><V101/><F101/><W12/><G70/><T6/><D106/><U63/><E63/><V77/><F77/><W9/><G44/><T88/><D59/><U127/><E127/><V5/><F5/><AGARI ba="0,1" hai="5,9,12,24,31,32,73,74,75,82,83" m="43530" machi="5" ten="40,1300,0" yaku="11,1" doraHai="118" who="3" fromWho="2" sc="301,0,340,0,99,-13,250,23" /><INIT seed="3,0,0,3,4,97" ten="301,340,86,273" oya="3" hai0="76,86,78,59,94,45,116,84,74,16,49,6,41" hai1="80,112,53,5,54,125,42,104,61,17,0,129,119" hai2="27,130,52,65,100,40,123,64,93,63,37,96,19" hai3="128,26,34,92,22,75,107,21,73,120,133,101,24"/><W134/><G120/><T103/><D74/><N who="3" m="28169" /><G34/><T108/><D6/><U10/><E104/><V57/><F130/><W12/><G92/><T72/><D72/><U106/><E106/><V66/><F123/><W124/><G12/><T67/><D116/><U1/><E112/><V31/><F37/><W79/><G79/><N who="0" m="30251" /><D108/><U30/><E30/><V114/><F40/><W46/><G46/><T99/><D67/><U15/><E42/><V69/><F114/><W88/><G128/><T28/><D28/><U60/><E119/><V90/><F69/><W50/><G50/><T70/><D70/><U118/><E118/><V38/><F38/><W102/><G107/><T115/><D115/><U105/><E105/><V23/><REACH who="2" step="1"/><F31/><REACH who="2" ten="301,340,76,273" step="2"/><W98/><G124/><T51/><D51/><U55/><E125/><V56/><F56/><W121/><G121/><T9/><D59/><U13/><E129/><V68/><F68/><W20/><G98/><T81/><D81/><U95/><E80/><V7/><F7/><W2/><G2/><T32/><D32/><U33/><E33/><V4/><F4/><W127/><G127/><T89/><D89/><AGARI ba="0,1" hai="19,23,27,52,57,63,64,65,66,89,90,93,96,100" machi="89" ten="40,8000,1" yaku="1,1,8,1,52,1,54,1,53,1" doraHai="97" doraHaiUra="14" who="2" fromWho="0" sc="301,-80,340,0,76,90,273,0" owari="221,-18.0,340,44.0,166,-33.0,273,7.0" /></mjloggm>