<mjloggm ver="2.3"><GO type="97" lobby="0"/><UN n0="%E3%82%88%E3%81%90%E3%81%99%E3%81%91" n1="%4B%49%54%4F" n2="%E3%81%A4%E3%81%AE%E3%81%A0%E7%88%86%E3%81%9C%E3%82%8D" n3="%E3%82%A6%E3%83%AB%E3%83%88%E3%83%A9%E7%AB%8B%E7%9B%B4" dan="15,13,13,13" rate="2015.00,1902.64,1802.96,1893.76" sx="M,M,M,M"/><TAIKYOKU oya="0"/><INIT seed="0,0,0,2,2,16" ten="250,250,250,250" oya="0" hai0="30,102,14,113,90,29,128,97,112,109,21,51,110" hai1="101,39,61,121,52,62,8,108,104,60,130,36,75" hai2="32,10,5,119,56,118,76,82,124,115,87,15,95" hai3="48,20,94,53,81,37,84,65,98,86,44,74,79"/><T72/><D72/><U6/><E121/><V93/><F115/><W38/><G65/><T28/><D90/><U22/><E75/><V103/><F32/><W116/><G116/><N who="2" m="44585" /><F124/><W59/><G38/><T83/><D83/><U127/><E127/><V120/><F120/><W50/><G37/><T92/><D51/><U96/><E130/><V41/><F56/><W133/><G133/><T58/><D58/><U71/><E71/><V7/><F41/><W67/><G20/><T129/><D14/><U27/><E108/><N who="0" m="41577" /><D21/><U18/><REACH who="1" step="1"/><E52/><REACH who="1" ten="250,240,250,250" step="2"/><V12/><F103/><W24/><G67/><T19/><D19/><U88/><E88/><V17/><F5/><W47/><G47/><T66/><D66/><U122/><E122/><V40/><F40/><W68/><G68/><T80/><D80/><U55/><E55/><V33/><F33/><W114/><G44/><T35/><D35/><U11/><E11/><AGARI ba="0,1" hai="7,10,11,12,15,17,76,82,87,93,95" m="44585" machi="11" ten="30,1000,0" yaku="12,1" doraHai="16" who="2" fromWho="1" sc="250,0,240,-10,250,20,250,0" /><INIT seed="1,0,0,5,0,44" ten="250,230,270,250" oya="1" hai0="46,57,7,59,23,51,98,18,95,77,75,121,34" hai1="135,103,131,20,27,30,19,64,35,8,61,9,41" hai2="32,127,109,111,112,102,21,14,122,116,53,10,130" hai3="5,94,96,74,113,73,49,91,40,43,129,69,125"/><U114/><E114/><V66/><F32/><W50/><G69/><T86/><D75/><U65/><E135/><V28/><F130/><W56/><G113/><T12/><D34/><U133/><E131/><V120/><F127/><W15/><G129/><T55/><D121/><U110/><E41/><N who="3" m="15946" /><G74/><T76/><D7/><U58/><E103/><V11/><F66/><W82/><G73/><T132/><D132/><U89/><E133/><V101/><F53/><W118/><G118/><T87/><D87/><U37/><E37/><V70/><F70/><W99/><G125/><T42/><D86/><U13/><E110/><V17/><F102/><W47/><G47/><T90/><REACH who="0" step="1"/><D59/><REACH who="0" ten="240,230,270,250" step="2"/><U60/><REACH who="1" step="1"/><E89/><REACH who="1" ten="240,220,270,250" step="2"/><V128/><F111/><W16/><G82/><T71/><D71/><AGARI ba="0,2" hai="8,9,13,19,20,27,30,35,58,60,61,64,65,71" machi="71" ten="30,11600,0" yaku="1,1,2,1,7,1,53,1" doraHai="44" doraHaiUra="54" who="1" fromWho="0" sc="240,-116,220,136,270,0,250,0" /><INIT seed="1,1,0,2,5,88" ten="124,356,270,250" oya="1" hai0="41,14,122,56,51,114,45,101,19,36,65,70,79" hai1="115,110,17,104,87,119,7,63,12,106,43,132,15" hai2="6,29,81,74,22,135,95,99,96,24,100,108,21" hai3="89,123,60,31,86,23,59,121,102,25,68,39,8"/><U82/><E119/><V34/><F108/><W0/><G68/><T80/><D114/><U11/><E115/><V133/><F6/><W9/><G102/><T49/><D122/><U111/><E132/><N who="2" m="50763" /><F99/><W27/><G39/><T42/><D101/><U78/><E43/><V1/><F1/><W126/><G126/><T18/><D70/><U112/><E63/><V66/><F66/><W131/><G131/><T54/><D65/><U58/><E58/><V77/><AGARI ba="1,0" hai="21,22,24,29,34,74,77,81,95,96,100" m="50763" machi="77" ten="30,2000,0" yaku="20,1,52,1" doraHai="88" who="2" fromWho="2" sc="124,-6,356,-11,270,23,250,-6" /><INIT seed="2,0,0,5,3,107" ten="118,345,293,244" oya="2" hai0="62,50,114,117,5,92,61,66,42,27,94,29,90" hai1="82,43,24,100,36,81,83,110,59,71,64,77,49" hai2="34,46,75,112,131,14,52,91,41,7,28,30,32" hai3="17,128,8,19,135,116,48,108,9,130,21,87,121"/><V44/><F112/><W51/><G121/><T2/><D114/><U124/><E110/><V26/><F131/><N who="3" m="50219" /><G116/><T57/><D117/><U47/><E124/><V45/><F91/><W101/><G108/><T132/><D132/><U39/><E100/><V55/><F41/><W76/><G101/><T58/><D5/><U35/><E71/><V127/><F127/><W37/><G37/><T31/><D2/><U99/><E99/><V85/><F85/><W93/><G19/><T89/><D42/><U74/><E39/><V119/><F119/><W78/><G76/><T12/><D12/><U4/><E4/><V63/><F63/><W109/><G109/><T0/><D0/><U103/><E103/><V1/><F1/><W120/><G135/><T122/><D122/><U118/><E118/><V11/><F75/><W96/><G87/><T113/><D113/><U18/><E36/><V3/><F3/><W129/><G78/><T15/><D15/><U126/><E35/><V69/><F69/><W125/><G125/><T38/><D38/><U97/><E126/><V23/><F23/><W6/><G120/><T54/><D50/><N who="3" m="18985" /><G6/><T68/><D27/><AGARI ba="0,0" hai="7,11,14,26,27,28,30,32,34,44,45,46,52,55" machi="27" ten="40,3900,0" yaku="9,1,54,1" doraHai="107" who="2" fromWho="0" sc="118,-39,345,0,293,39,244,0" /><INIT seed="2,1,0,0,0,38" ten="79,345,332,244" oya="2" hai0="46,7,92,76,68,95,50,109,6,55,16,103,39" hai1="91,61,90,59,11,5,45,49,29,31,10,44,99" hai2="23,3,72,77,111,104,34,33,89,93,84,118,12" hai3="54,100,82,24,102,41,132,105,94,70,86,28,87"/><V131/><F118/><W65/><G132/><T20/><D109/><U114/><E114/><V106/><F3/><W26/><G105/><T62/><D76/><U116/><E116/><V120/><F120/><W78/><G70/><T4/><D103/><U35/><E35/><V17/><F131/><W130/><G130/><T18/><D39/><U8/><E5/><V133/><F133/><W60/><G65/><T129/><D129/><U107/><E107/><V47/><F106/><W75/><G75/><T74/><D74/><U2/><E2/><V88/><F89/><N who="1" m="33801" /><E99/><V108/><F104/><W128/><G128/><T51/><D68/><U52/><E45/><V66/><F66/><AGARI ba="1,0" hai="8,10,11,29,31,44,49,52,59,61,66" m="33801" machi="66" ten="30,2000,0" yaku="8,1,54,1" doraHai="38" who="1" fromWho="2" sc="79,0,345,23,332,-23,244,0" /><INIT seed="3,0,0,2,0,15" ten="79,368,309,244" oya="3" hai0="109,51,29,64,99,123,54,61,113,30,112,66,68" hai1="122,4,93,126,52,102,23,7,116,133,34,127,111" hai2="57,44,69,125,95,22,9,77,2,50,90,118,38" hai3="103,36,82,91,20,87,70,19,1,0,35,53,48"/><W67/><G36/><T83/><D83/><U5/><E34/><V42/><F118/><W18/><G35/><T21/><D21/><U6/><E122/><V75/><F69/><W25/><G103/><T85/><D85/><U3/><E3/><V12/><F125/><N who="1" m="47625" /><E116/><V114/><F114/><W132/><G132/><T88/><D88/><U55/><E133/><V80/><F2/><W97/><G97/><T16/><D16/><N who="3" m="6185" /><G70/><T79/><D79/><U135/><E135/><V11/><F38/><W59/><G1/><T49/><D99/><N who="1" m="59759" /><E111/><V45/><F45/><N who="3" m="27791" /><G0/><T73/><D73/><U110/><E110/><V31/><F57/><W24/><G20/><T130/><D30/><U76/><E76/><V89/><F31/><W134/><G134/><T43/><D29/><U120/><E120/><V128/><F128/><W71/><G71/><T63/><D123/><U129/><E129/><V96/><F22/><W8/><G8/><T105/><D105/><U17/><N who="1" m="1536" /><DORA hai="101" /><U108/><E108/><V28/><F11/><W104/><G104/><T131/><D109/><U65/><E65/><V60/><F28/><W106/><G106/><T81/><D81/><U121/><E121/><V27/><F27/><AGARI ba="0,0" hai="17,23,27,52,55" m="1536,59759,47625" machi="27" ten="40,5200,0" yaku="18,1,52,1,54,1" doraHai="15,101" who="1" fromWho="2" sc="79,0,368,52,309,-52,244,0" owari="79,-42.0,420,52.0,257,6.0,244,-16.0" /></mjloggm>