<mjloggm ver="2.3"><GO type="97" lobby="0"/><UN n0="%E3%82%A6%E3%83%AB%E3%83%88%E3%83%A9%E7%AB%8B%E7%9B%B4" n1="%E9%A3%9B%E6%9C%AB%E6%AD%A6%E5%BF%97" n2="%E7%96%BE%E9%A2%A8%E7%9F%A5%E5%8B%81%E8%8D%89" n3="%4B%42%43" dan="13,14,15,14" rate="1866.61,2002.58,1979.96,1916.85" sx="M,M,F,M"/><TAIKYOKU oya="0"/><INIT seed="0,0,0,5,3,87" ten="250,250,250,250" oya="0" hai0="26,111,128,66,71,42,80,73,0,39,126,86,94" hai1="2,109,95,72,129,33,100,64,85,48,53,54,96" hai2="10,9,5,75,127,17,118,74,119,90,82,46,25" hai3="93,29,92,65,28,8,121,60,88,117,108,18,84"/><T116/><D116/><N who="2" m="44586" /><F127/><W97/><G117/><T98/><D0/><U57/><E109/><V63/><F63/><W58/><G108/><T130/><D111/><U6/><E129/><N who="0" m="49769" /><D73/><N who="2" m="27658" /><F46/><W30/><G121/><T134/><D126/><U68/><E72/><V13/><F25/><W101/><REACH who="3" step="1"/><G30/><REACH who="3" ten="250,250,250,240" step="2"/><T7/><D134/><U3/><E33/><V51/><F51/><W19/><G19/><T125/><D125/><U132/><E132/><V52/><F17/><W105/><G105/><T99/><D7/><U102/><E6/><V27/><F5/><W32/><G32/><T133/><D133/><U23/><E2/><V78/><F10/><W4/><G4/><T67/><D26/><U81/><E3/><V123/><F9/><W83/><G83/><T35/><D35/><U70/><E23/><V115/><F123/><W131/><G131/><T12/><D12/><AGARI ba="0,1" hai="8,12,18,28,29,58,60,65,84,88,92,93,97,101" machi="12" ten="40,8000,1" yaku="1,1,8,1,52,1,54,1,53,0" doraHai="87" doraHaiUra="76" who="3" fromWho="0" sc="250,-80,250,0,250,0,240,90" /><INIT seed="1,0,0,0,1,108" ten="170,250,250,330" oya="1" hai0="124,123,76,118,128,6,74,48,13,24,5,41,9" hai1="109,119,113,12,32,103,72,21,68,99,127,40,77" hai2="50,28,133,121,79,78,22,87,106,80,30,97,14" hai3="63,134,60,39,52,4,90,129,47,132,86,71,43"/><U105/><E32/><V101/><F121/><W26/><G129/><T31/><D118/><U46/><E127/><V62/><F133/><N who="3" m="51307" /><G4/><T125/><D76/><U111/><E119/><V130/><F130/><W126/><G126/><N who="0" m="48747" /><D74/><U61/><E21/><V112/><F112/><W93/><G71/><T11/><D128/><U16/><E113/><V82/><F62/><N who="3" m="23595" /><G26/><T96/><D96/><U19/><E72/><V7/><F50/><W89/><G89/><T34/><D48/><N who="1" m="26695" /><E77/><V64/><F64/><W38/><G38/><T66/><D66/><N who="1" m="41039" /><E12/><V23/><F7/><W53/><AGARI ba="0,0" hai="39,43,47,52,53,86,90,93" m="23595,51307" machi="53" ten="30,2000,0" yaku="20,1,54,1" doraHai="108" who="3" fromWho="3" sc="170,-5,250,-10,250,-5,330,20" /><INIT seed="2,0,0,3,1,114" ten="165,240,245,350" oya="2" hai0="17,15,122,10,91,19,0,7,14,117,52,36,49" hai1="135,72,73,81,64,1,30,45,102,11,54,9,97" hai2="132,118,84,8,38,131,3,113,123,111,76,95,4" hai3="99,107,44,65,106,85,79,35,78,90,93,22,58"/><V18/><F123/><W75/><G35/><T23/><D36/><U110/><E110/><V134/><F113/><W100/><G44/><T24/><D122/><U119/><E119/><V25/><F111/><W56/><G107/><T133/><D133/><N who="2" m="51306" /><F118/><W50/><G75/><T31/><D91/><U98/><E135/><V5/><F131/><W33/><G33/><N who="0" m="20711" /><D52/><U16/><E30/><V60/><F38/><W96/><G96/><N who="1" m="36970" /><E72/><V27/><F5/><W130/><G130/><T124/><D49/><N who="1" m="28975" /><E73/><V46/><F46/><W108/><G108/><T70/><D70/><U105/><E105/><V20/><F60/><W77/><G65/><T115/><D115/><U39/><E39/><V101/><F101/><W51/><G22/><N who="0" m="11575" /><D124/><U80/><E1/><V28/><F76/><W12/><G12/><T63/><D63/><U37/><E37/><V127/><F127/><W43/><G43/><T40/><D40/><U6/><E102/><V53/><F53/><W129/><G129/><T112/><D112/><U86/><E64/><V26/><F26/><W47/><G51/><T88/><D88/><N who="1" m="51271" /><E81/><V74/><F74/><W109/><G109/><T62/><D62/><U34/><E34/><N who="2" m="20751" /><F95/><N who="3" m="54735" /><G106/><T87/><D87/><AGARI ba="0,0" hai="3,4,8,18,20,27,84,87" m="20751,51306" machi="87" ten="30,1500,0" yaku="20,1" doraHai="114" who="2" fromWho="0" sc="165,-15,240,0,245,15,350,0" /><INIT seed="2,1,0,5,2,50" ten="150,240,260,350" oya="2" hai0="98,85,34,117,115,44,128,93,40,81,16,94,29" hai1="1,80,121,4,26,18,97,108,52,114,120,99,106" hai2="89,127,21,64,56,101,37,133,46,122,96,7,3" hai3="59,32,20,111,110,45,67,76,38,30,24,131,23"/><V135/><F122/><N who="1" m="47209" /><E114/><V73/><F73/><W11/><G131/><T123/><D123/><U55/><E108/><N who="3" m="41514" /><G76/><T53/><D115/><U75/><E4/><V66/><F127/><W0/><G0/><T57/><D117/><U103/><E99/><V27/><F89/><W2/><G2/><T78/><D128/><U22/><E1/><V124/><F124/><W109/><G11/><T25/><D98/><U134/><E134/><N who="2" m="51211" /><F7/><W118/><G118/><T19/><D93/><U49/><E49/><V100/><F3/><W74/><G74/><T77/><D94/><U119/><E119/><V84/><F84/><W28/><G28/><T79/><D79/><AGARI ba="1,0" hai="18,22,26,52,55,75,79,80,97,103,106" m="47209" machi="79" ten="30,7700,0" yaku="13,1,52,2,54,1" doraHai="50" who="1" fromWho="0" sc="150,-80,240,80,260,0,350,0" /><INIT seed="3,0,0,2,4,102" ten="70,320,260,350" oya="3" hai0="112,59,57,62,13,11,23,133,82,99,116,90,97" hai1="42,105,130,49,118,54,122,86,31,115,46,124,24" hai2="129,114,132,64,33,127,126,83,52,76,84,79,134" hai3="128,18,125,135,70,53,56,16,44,67,89,94,12"/><W20/><G128/><T68/><D23/><U37/><E122/><V22/><F33/><W103/><G135/><N who="2" m="51753" /><F64/><W28/><G125/><N who="2" m="47625" /><F22/><N who="3" m="11527" /><G70/><T71/><D133/><U74/><E130/><V78/><F52/><W119/><G119/><T39/><D116/><U63/><E124/><V66/><F66/><W45/><G103/><T1/><D112/><U25/><E115/><V85/><F129/><W91/><G28/><T10/><D13/><U48/><E118/><V51/><F51/><N who="3" m="30783" /><G67/><T47/><D82/><U26/><E63/><V120/><F120/><W32/><G32/><T0/><D62/><U34/><E37/><V2/><F2/><W95/><G95/><T38/><REACH who="0" step="1"/><D90/><REACH who="0" ten="60,320,260,350" step="2"/><N who="3" m="34313" /><G94/><T43/><D43/><U50/><E34/><V109/><F114/><W131/><G131/><T100/><D100/><U65/><E31/><V93/><F109/><W9/><G9/><T36/><D36/><U108/><E108/><V106/><F106/><W88/><G88/><AGARI ba="0,1" hai="76,78,79,83,84,85,88,93" m="47625,51753" machi="88" ten="30,8000,1" yaku="20,1,18,1,34,2,54,1" doraHai="102" who="2" fromWho="3" sc="60,0,320,0,260,90,350,-80" owari="60,-44.0,320,12.0,350,45.0,270,-13.0" /></mjloggm>