<mjloggm ver="2.3"><GO type="97" lobby="0"/><UN n0="%6F%72%75%6E%72%75%6E" n1="%41%55%52%4F%52%41" n2="%E5%B0%B1%E6%B4%BB%E7%94%9F%40%E5%B7%9D%E6%9D%91%E8%BB%8D%E5%9B%A3" n3="%E7%99%BE%E7%9B%AE" dan="14,15,13,14" rate="1854.73,2011.50,1879.70,1952.28" sx="M,M,M,M"/><TAIKYOKU oya="0"/><INIT seed="0,0,0,2,5,38" ten="250,250,250,250" oya="0" hai0="76,134,55,88,106,21,102,98,31,109,73,77,74" hai1="44,23,118,40,128,71,104,12,110,123,112,90,7" hai2="41,48,108,67,26,126,63,58,121,14,83,89,34" hai3="43,29,32,115,56,47,11,92,127,69,30,81,39"/><T27/><D134/><U135/><E123/><V24/><F121/><W68/><G127/><T42/><D109/><U103/><E118/><V16/><F126/><W57/><G115/><T124/><D124/><U50/><E71/><V122/><F122/><W120/><G120/><T45/><D55/><U79/><E128/><V70/><F108/><W18/><G81/><T54/><D54/><U33/><E33/><V133/><F34/><W114/><G114/><T20/><D74/><U6/><E135/><V97/><F133/><W66/><G57/><T96/><D73/><U119/><E119/><V25/><F70/><W84/><G32/><T130/><D130/><U113/><E110/><V10/><F97/><W87/><G69/><T80/><D21/><U95/><E79/><V85/><F48/><W86/><G68/><T15/><D15/><U53/><E53/><V28/><F28/><W117/><G92/><T78/><D96/><N who="1" m="61543" /><E112/><V132/><F132/><W99/><G99/><T8/><D8/><U131/><E131/><V17/><REACH who="2" step="1"/><F41/><REACH who="2" ten="250,250,240,250" step="2"/><W82/><G117/><T2/><D98/><N who="1" m="57719" /><E113/><V60/><F60/><W51/><G82/><T13/><D80/><U37/><E37/><V94/><F94/><W0/><G39/><T125/><D125/><U61/><E61/><V19/><AGARI ba="0,1" hai="10,14,16,17,19,24,25,26,58,63,67,83,85,89" machi="19" ten="30,8000,1" yaku="1,1,0,1,8,1,54,1,53,1" doraHai="38" doraHaiUra="4" who="2" fromWho="2" sc="250,-40,250,-20,240,90,250,-20" /><INIT seed="1,0,0,5,0,9" ten="210,230,330,230" oya="1" hai0="89,45,122,118,110,120,97,105,60,59,111,117,124" hai1="133,44,113,88,31,77,79,99,82,63,39,41,0" hai2="49,115,62,22,42,5,8,26,114,47,64,15,123" hai3="104,101,55,23,103,20,112,69,67,134,129,65,34"/><U21/><E113/><V24/><F123/><N who="0" m="47146" /><D45/><U106/><E133/><V61/><F61/><W11/><G112/><N who="2" m="43049" /><F22/><W71/><G34/><T108/><D105/><U46/><E0/><V121/><F121/><W29/><G104/><T78/><D78/><U107/><E63/><V57/><AGARI ba="0,0" hai="5,8,15,24,26,42,47,49,57,62,64" m="43049" machi="57" ten="30,2000,0" yaku="11,1,52,1" doraHai="9" who="2" fromWho="2" sc="210,-5,230,-10,330,20,230,-5" /><INIT seed="2,0,0,0,5,86" ten="205,220,350,225" oya="2" hai0="46,18,23,135,106,47,87,126,56,105,2,79,38" hai1="76,82,49,10,66,48,115,16,85,21,93,109,83" hai2="15,78,42,3,118,116,55,60,13,5,96,104,4" hai3="43,120,17,121,100,70,45,29,20,117,54,58,72"/><V39/><F3/><W113/><G117/><T91/><D2/><U114/><E109/><V6/><F78/><W44/><G113/><T112/><D112/><U80/><E114/><V101/><F39/><W50/><G29/><T98/><D135/><U84/><E115/><V90/><F42/><W41/><G72/><T75/><D126/><U59/><E10/><V22/><F22/><W32/><G32/><T128/><D128/><U68/><E93/><V33/><F33/><W94/><G70/><T73/><D73/><U11/><E11/><V110/><F110/><W30/><G30/><T36/><D36/><U119/><E68/><V89/><F116/><W130/><G130/><T77/><D75/><U95/><E95/><V31/><F31/><W99/><G121/><T62/><D38/><U53/><E66/><V111/><F111/><W40/><G120/><T8/><D106/><U122/><E119/><V35/><F35/><W92/><G92/><T9/><D105/><U0/><E0/><V24/><F24/><AGARI ba="0,0" hai="17,20,24,40,41,43,44,45,50,54,58,94,99,100" machi="24" ten="40,1300,0" yaku="8,1" doraHai="86" who="3" fromWho="2" sc="205,0,220,0,350,-13,225,13" /><INIT seed="3,0,0,5,2,101" ten="205,220,337,238" oya="3" hai0="3,107,96,117,125,72,19,129,14,63,56,25,100" hai1="28,0,49,9,32,84,61,88,123,31,4,50,20" hai2="134,85,36,131,119,43,8,79,5,126,89,76,109" hai3="52,71,55,110,40,92,127,116,69,26,124,21,60"/><W48/><G116/><T7/><D117/><U99/><E123/><V106/><F106/><W78/><G78/><T62/><D72/><U33/><E99/><V59/><F131/><W95/><G110/><T10/><D129/><U30/><E61/><V114/><F134/><W130/><G40/><T80/><D80/><U83/><E20/><V17/><F126/><N who="3" m="48171" /><G130/><T91/><D125/><U98/><REACH who="1" step="1"/><E98/><REACH who="1" ten="205,210,337,238" step="2"/><V70/><F114/><W1/><G60/><T67/><D63/><U64/><E64/><V68/><F119/><W104/><G104/><T6/><D107/><U58/><E58/><V86/><F59/><W66/><G66/><T18/><D96/><U74/><E74/><V53/><F70/><W42/><G71/><T120/><D100/><U39/><E39/><V54/><F68/><W81/><G69/><T103/><D103/><U77/><E77/><V34/><F36/><W133/><G133/><T37/><D37/><U128/><E128/><V2/><F79/><W93/><G48/><AGARI ba="0,1" hai="0,4,9,28,30,31,32,33,48,49,50,83,84,88" machi="48" ten="40,2600,0" yaku="1,1,54,1,53,0" doraHai="101" doraHaiUra="113" who="1" fromWho="3" sc="205,0,210,36,337,0,238,-26" owari="205,-29.0,246,5.0,337,43.0,212,-19.0" /></mjloggm>