<mjloggm ver="2.3"><GO type="97" lobby="0"/><UN n0="%E3%82%A6%E3%83%AB%E3%83%88%E3%83%A9%E7%AB%8B%E7%9B%B4" n1="%E9%BA%BB%E9%9B%80%E3%81%AF%E9%96%80%E5%89%8D" n2="%41%4B%42%2D%34%38" n3="%E8%8C%82%E5%8E%9F%E6%9C%80%E5%BC%B7" dan="13,14,15,14" rate="1903.53,1972.80,2027.42,1898.47" sx="M,M,M,M"/><TAIKYOKU oya="0"/><INIT seed="0,0,0,2,4,16" ten="250,250,250,250" oya="0" hai0="34,104,63,119,117,85,20,36,77,47,74,90,110" hai1="103,27,132,50,98,129,5,42,55,121,14,123,78" hai2="95,6,35,100,65,130,11,21,30,87,68,73,19" hai3="10,23,40,9,86,33,8,89,45,115,28,134,118"/><T67/><D104/><U26/><E132/><V127/><F73/><W24/><G118/><T59/><D34/><U71/><E71/><V4/><F127/><W81/><G134/><T64/><D77/><U53/><E78/><V128/><F65/><W79/><G115/><T29/><D74/><U106/><E129/><N who="2" m="49771" /><F68/><W116/><G116/><T113/><D113/><U101/><E101/><V109/><F100/><W0/><G0/><T122/><D122/><U72/><E72/><V61/><F61/><W52/><G52/><N who="0" m="34279" /><D36/><U17/><E42/><V93/><F109/><W120/><G120/><T43/><D110/><U3/><E55/><V31/><F35/><W62/><G62/><T56/><D117/><U125/><E125/><V75/><F75/><W84/><G33/><T111/><D56/><N who="1" m="32823" /><E123/><V41/><F41/><W133/><G133/><T80/><D111/><U107/><E107/><V7/><F87/><W25/><G25/><N who="0" m="16551" /><D119/><U46/><E121/><V108/><F108/><W135/><G135/><T44/><D43/><U91/><E46/><AGARI ba="0,0" hai="44,46,47,64,67,80,85,90" m="16551,34279" machi="46" ten="30,5800,0" yaku="8,1,52,1,54,1" doraHai="16" who="0" fromWho="1" sc="250,58,250,-58,250,0,250,0" /><INIT seed="0,1,0,5,4,67" ten="308,192,250,250" oya="0" hai0="38,123,133,120,39,89,25,105,63,80,78,56,86" hai1="33,28,34,97,126,29,68,128,121,61,14,119,15" hai2="5,17,118,13,112,43,20,75,73,40,135,11,1" hai3="58,37,65,8,81,127,85,36,2,107,54,111,44"/><T16/><D105/><U47/><E121/><V57/><F112/><W12/><G107/><T114/><D114/><U100/><E119/><V103/><F135/><W50/><G2/><T35/><D133/><U90/><E126/><V76/><F103/><W9/><G111/><T131/><D131/><U7/><E128/><V52/><F118/><W91/><G127/><T124/><D124/><U64/><E90/><V71/><F71/><W4/><G65/><T96/><D39/><U117/><E117/><V41/><REACH who="2" step="1"/><F76/><REACH who="2" ten="308,192,240,250" step="2"/><W106/><G106/><T82/><D123/><U130/><E100/><V62/><AGARI ba="1,1" hai="1,5,11,13,17,20,40,41,43,52,57,62,73,75" machi="62" ten="30,7900,0" yaku="1,1,2,1,0,1,54,1,53,0" doraHai="67" doraHaiUra="113" who="2" fromWho="2" sc="308,-40,192,-21,240,92,250,-21" /><INIT seed="1,0,0,4,2,64" ten="268,171,332,229" oya="1" hai0="93,19,22,106,38,107,68,4,44,25,92,10,2" hai1="82,111,29,101,24,74,133,123,119,11,47,130,122" hai2="89,14,58,99,21,110,42,121,31,7,57,135,128" hai3="117,34,94,28,79,115,54,48,50,26,5,46,77"/><U103/><E119/><V41/><F121/><W129/><G115/><T36/><D68/><U91/><E11/><N who="2" m="4479" /><F110/><W118/><G5/><T16/><D106/><U104/><E111/><V51/><F128/><W132/><G132/><T35/><D107/><U84/><E130/><V39/><F39/><W23/><G129/><T83/><D83/><U112/><E112/><V134/><F134/><W126/><G126/><T108/><D108/><U73/><E47/><N who="2" m="26095" /><F42/><W55/><G34/><T98/><D92/><U90/><E133/><V18/><F31/><W75/><G75/><N who="1" m="28682" /><E24/><N who="2" m="14391" /><F135/><W114/><G114/><T1/><D1/><U100/><E29/><V96/><F89/><N who="1" m="33801" /><E104/><V53/><F58/><W87/><G118/><T116/><D116/><U127/><E127/><V59/><F59/><W120/><G120/><T105/><D105/><U17/><E17/><V27/><F27/><W113/><G113/><T40/><D36/><U15/><E15/><V125/><F125/><W0/><G0/><T61/><D35/><U69/><E69/><V6/><F6/><W80/><G117/><T52/><D19/><U30/><E30/><V12/><F12/><W70/><G70/><T81/><D61/><AGARI ba="0,0" hai="53,57,61,96,99" m="14391,26095,4479" machi="61" ten="30,1000,0" yaku="8,1" doraHai="64" who="2" fromWho="0" sc="268,-10,171,0,332,10,229,0" /><INIT seed="2,0,0,4,4,73" ten="258,171,342,229" oya="2" hai0="134,125,66,132,88,80,14,4,26,109,105,17,47" hai1="51,68,89,56,31,44,131,112,40,9,102,18,30" hai2="118,81,42,135,36,33,5,57,0,29,114,22,111" hai3="48,99,83,127,46,50,62,65,78,28,2,75,93"/><V71/><F118/><W92/><G2/><T96/><D66/><U82/><E68/><V55/><F22/><W124/><G28/><T64/><D64/><U107/><E112/><V59/><F55/><W54/><G50/><T35/><D4/><U76/><E131/><V37/><F57/><W11/><G11/><T117/><D125/><N who="3" m="48201" /><G99/><T34/><D109/><U122/><E122/><V21/><F59/><AGARI ba="0,0" hai="46,48,54,59,62,65,75,78,83,92,93" m="48201" machi="59" ten="30,2000,0" yaku="18,1,52,1" doraHai="73" who="3" fromWho="2" sc="258,0,171,0,342,-20,229,20" /><INIT seed="3,0,0,3,3,107" ten="258,171,322,249" oya="3" hai0="91,130,80,111,18,14,94,99,70,135,30,53,47" hai1="87,36,133,132,64,26,121,96,24,50,85,78,20" hai2="74,114,84,119,115,103,12,31,65,112,45,28,105" hai3="109,93,129,124,63,7,97,0,55,49,75,54,34"/><W101/><G75/><T51/><D70/><U3/><E3/><V22/><F74/><W4/><G34/><T19/><D111/><U83/><E36/><V69/><F119/><W48/><G109/><T122/><D130/><U134/><E121/><V131/><F131/><W27/><G129/><T117/><D135/><U37/><E37/><V15/><F103/><W82/><G124/><T123/><D117/><U13/><E64/><V95/><F105/><W60/><G0/><T110/><D110/><U86/><E96/><V58/><F69/><W9/><G82/><T72/><D30/><U39/><E39/><V1/><F45/><N who="3" m="27919" /><G27/><T5/><D5/><N who="3" m="2121" /><G9/><T106/><D106/><U79/><E50/><V6/><F1/><W62/><G62/><T35/><D35/><U40/><E40/><V92/><F6/><W71/><G71/><T90/><D19/><U41/><E41/><V88/><F95/><W108/><G108/><T68/><D68/><U61/><E61/><V120/><F120/><W125/><G125/><T52/><D53/><U100/><E83/><V113/><F113/><W23/><G23/><T16/><D18/><U56/><E56/><AGARI ba="0,0" hai="49,55,56,60,63,93,97,101" m="2121,27919" machi="56" ten="30,1500,0" yaku="8,1" doraHai="107" who="3" fromWho="1" sc="258,0,171,-15,322,0,249,15" /><INIT seed="3,1,0,1,4,83" ten="258,156,322,264" oya="3" hai0="100,85,4,67,99,34,122,32,95,93,126,18,50" hai1="42,8,38,40,120,87,90,23,24,16,102,105,27" hai2="63,43,7,2,52,91,21,117,12,118,116,94,110" hai3="112,48,17,73,61,22,68,103,79,14,13,92,35"/><W115/><G35/><T81/><D122/><U60/><E120/><V62/><F110/><W101/><G14/><T33/><D126/><U9/><E105/><V127/><F127/><W106/><G106/><T78/><D4/><U1/><E102/><V57/><F2/><W84/><G73/><T65/><D50/><U46/><E42/><V130/><F43/><W108/><G108/><T66/><D18/><U82/><E1/><V129/><F63/><W47/><G115/><T123/><D123/><U74/><E74/><V132/><F132/><W59/><G68/><T109/><D109/><U70/><REACH who="1" step="1"/><E24/><REACH who="1" ten="258,146,322,264" step="2"/><V25/><F25/><W64/><G112/><T97/><D34/><U3/><E3/><V96/><F118/><W53/><G79/><T121/><D121/><U26/><E26/><V75/><F75/><W15/><G15/><T39/><D39/><U5/><E5/><V36/><F12/><W29/><G29/><T107/><D107/><U128/><E128/><V30/><F7/><W125/><G125/><T54/><D33/><U113/><E113/><V89/><F130/><W37/><G37/><T69/><D32/><U19/><E19/><V44/><F36/><W56/><G103/><T135/><D135/><U131/><E131/><V88/><F129/><W134/><G134/><T41/><D41/><U55/><E55/><V80/><F117/><W76/><G101/><N who="0" m="60591" /><D69/><U77/><E77/><V0/><F0/><W49/><G76/><T72/><D72/><U124/><E124/><V119/><F119/><W10/><G53/><AGARI ba="1,1" hai="53,54,65,66,67,78,81,85,95,99,100" m="60591" machi="53" ten="30,2000,0" yaku="8,1,52,1" doraHai="83" who="0" fromWho="3" sc="258,33,146,0,322,0,264,-23" owari="291,9.0,146,-35.0,322,42.0,241,-16.0" /></mjloggm>