<mjloggm ver="2.3"><GO type="97" lobby="0"/><UN n0="%E3%81%9C%E3%82%93%E3%81%A4%E3%81%81%E5%AB%8C%E3%81%84" n1="%64%61%69%69%74%69%73%61" n2="%73%68%65%69%6B" n3="%E5%B0%B1%E6%B4%BB%E7%94%9F%40%E5%B7%9D%E6%9D%91%E8%BB%8D%E5%9B%A3" dan="14,13,15,14" rate="1911.68,1868.45,1947.95,1967.62" sx="M,M,F,M"/><TAIKYOKU oya="0"/><INIT seed="0,0,0,0,4,22" ten="250,250,250,250" oya="0" hai0="44,82,68,85,125,1,128,114,92,113,111,108,31" hai1="70,50,25,124,6,9,2,78,67,33,87,131,27" hai2="89,34,132,106,7,84,109,63,18,35,116,94,93" hai3="53,43,58,38,11,20,59,26,117,72,73,45,24"/><T119/><D68/><U97/><E33/><V23/><F116/><W4/><G117/><T91/><D1/><U76/><E124/><V105/><F106/><W60/><G59/><T134/><D119/><U56/><E131/><V5/><F105/><W61/><G61/><T37/><D128/><U65/><E70/><V8/><F109/><N who="0" m="42058" /><D125/><U79/><E87/><V21/><F132/><W13/><REACH who="3" step="1"/><G26/><REACH who="3" ten="250,250,250,240" step="2"/><T55/><D114/><U120/><E120/><V75/><F63/><W42/><G42/><T126/><D113/><U123/><E123/><V39/><F39/><W57/><G57/><T133/><D37/><U118/><E118/><V40/><F40/><W110/><G110/><T122/><D122/><U49/><E56/><V98/><F35/><W71/><G71/><T90/><D126/><U104/><E65/><V103/><F34/><W101/><G101/><T107/><D134/><U36/><E36/><V69/><F69/><W127/><G127/><T19/><D133/><U86/><E67/><V80/><F75/><W10/><G10/><T12/><D44/><U54/><E54/><V52/><F52/><W96/><G96/><N who="0" m="57367" /><D55/><U17/><E49/><V14/><F103/><W29/><AGARI ba="0,1" hai="4,11,13,20,24,29,38,43,45,53,58,60,72,73" machi="29" ten="20,5200,0" yaku="1,1,0,1,7,1,52,1,53,0" doraHai="22" doraHaiUra="77" who="3" fromWho="3" sc="250,-26,250,-13,250,-13,240,62" /><INIT seed="1,0,0,2,0,15" ten="224,237,237,302" oya="1" hai0="36,6,12,67,118,61,121,18,132,116,103,99,9" hai1="104,134,52,81,102,35,92,97,19,3,76,106,48" hai2="45,27,129,63,69,28,50,98,20,64,31,115,114" hai3="128,75,112,7,58,108,46,38,127,124,91,33,23"/><U101/><E3/><V30/><F98/><W71/><G33/><T86/><D36/><U37/><E37/><V2/><F2/><W16/><G71/><T47/><D132/><U90/><E35/><V105/><F105/><W39/><G75/><T113/><D113/><U94/><E134/><V40/><REACH who="2" step="1"/><F129/><REACH who="2" ten="224,237,227,302" step="2"/><W126/><G112/><AGARI ba="0,1" hai="20,27,28,30,31,40,45,50,63,64,69,112,114,115" machi="112" ten="40,5200,0" yaku="1,1,2,1,11,1,53,0" doraHai="15" doraHaiUra="13" who="2" fromWho="3" sc="224,0,237,0,227,62,302,-52" /><INIT seed="2,0,0,5,3,105" ten="224,237,289,250" oya="2" hai0="34,123,50,44,80,75,98,96,69,95,92,4,17" hai1="56,84,77,22,112,45,36,89,106,33,64,3,0" hai2="12,120,31,61,129,15,29,124,59,51,20,125,104" hai3="101,58,35,81,121,54,32,97,57,116,76,48,11"/><V119/><F120/><W62/><G116/><T53/><D69/><U16/><E112/><V7/><F104/><W108/><G121/><T41/><D34/><U6/><E106/><V38/><F38/><W52/><G108/><T14/><D123/><U107/><E107/><V9/><F119/><W72/><REACH who="3" step="1"/><G11/><REACH who="3" ten="224,237,289,240" step="2"/><N who="0" m="6367" /><D4/><U37/><E6/><V109/><F109/><W122/><G122/><T71/><D71/><U93/><E33/><V18/><F129/><W67/><G67/><T28/><D28/><U23/><E0/><V73/><F29/><W70/><G70/><T127/><D127/><U39/><E3/><V19/><F31/><W133/><G133/><T2/><D2/><U99/><E23/><V5/><F125/><W88/><G88/><T47/><D98/><U87/><E99/><V115/><F124/><W30/><G30/><T85/><D96/><U132/><E132/><V25/><F115/><W126/><G126/><T83/><D85/><U27/><E84/><V55/><F20/><W134/><G134/><T74/><D74/><U110/><E77/><V82/><F9/><W130/><G130/><T135/><D135/><U90/><E90/><V118/><F118/><W63/><G63/><T1/><D1/><U113/><E110/><V60/><F61/><W102/><G102/><T78/><D75/><U43/><E113/><V65/><F60/><W68/><G68/><T10/><D10/><U40/><E40/><V131/><F65/><W117/><G117/><T13/><D78/><U79/><E79/><V21/><F131/><W24/><G24/><T8/><D41/><RYUUKYOKU ba="0,1" sc="224,-15,237,15,289,-15,240,15" hai1="16,22,27,36,37,39,43,45,56,64,87,89,93" hai3="32,35,48,52,54,57,58,62,72,76,81,97,101" /><INIT seed="3,1,1,0,4,38" ten="209,252,274,255" oya="3" hai0="79,56,57,35,18,130,69,113,100,20,8,134,90" hai1="41,109,25,52,124,118,77,16,2,24,68,66,12" hai2="64,91,73,75,127,4,92,108,95,46,85,121,59" hai3="125,22,80,88,120,105,135,61,21,96,17,76,86"/><W74/><G120/><T87/><D35/><U93/><E109/><V48/><F4/><W7/><G135/><T112/><D69/><U98/><E2/><V42/><F121/><W131/><G131/><T31/><D130/><U32/><E124/><V33/><F33/><W54/><G125/><T103/><D79/><U119/><E77/><V28/><F127/><W110/><G7/><T39/><D39/><U81/><E81/><V6/><F28/><W67/><G110/><T65/><D134/><U116/><E68/><V30/><F30/><W123/><G123/><T133/><D133/><U78/><E78/><V36/><F6/><W107/><G54/><T27/><D8/><N who="1" m="6151" /><E66/><V55/><F108/><W51/><G22/><T71/><D71/><U58/><E41/><V29/><F29/><W128/><G51/><T126/><D126/><U72/><E72/><V129/><F129/><W47/><G47/><T34/><D34/><U97/><E32/><V10/><F10/><W63/><G128/><T106/><D31/><U40/><E40/><V62/><F92/><N who="3" m="54295" /><G67/><T122/><D122/><U37/><E37/><V83/><F95/><W15/><G107/><T26/><D26/><N who="1" m="10347" /><E93/><V89/><F89/><W117/><G117/><N who="1" m="29954" /><U43/><DORA hai="49" /><E43/><V9/><F9/><W45/><G45/><AGARI ba="1,1" hai="36,42,45,46,48,55,59,62,64,73,75,83,85,91" machi="45" ten="30,3900,0" yaku="7,1,52,2" doraHai="38,49" who="2" fromWho="3" sc="209,0,252,0,274,52,255,-42" owari="209,-29.0,252,5.0,326,43.0,213,-19.0" /></mjloggm>