<mjloggm ver="2.3"><GO type="97" lobby="0"/><UN n0="%D0%B7%D1%80%D0%B9%D1%82%D0%B5%D0%BB%D1%8C" n1="%E3%82%A6%E3%83%AB%E3%83%88%E3%83%A9%E7%AB%8B%E7%9B%B4" n2="%E3%81%86%E2%98%85%E3%82%93%E2%98%85%E3%81%A1" n3="%E8%8C%A8%E3%81%AE%E9%81%93" dan="15,14,13,15" rate="1954.15,1926.41,1836.66,2054.14" sx="M,M,M,M"/><TAIKYOKU oya="0"/><INIT seed="0,0,0,5,1,107" ten="250,250,250,250" oya="0" hai0="132,40,104,112,34,63,133,68,65,31,106,94,53" hai1="127,18,47,93,54,97,118,56,105,82,2,48,21" hai2="126,90,55,110,50,41,125,109,60,26,4,131,8" hai3="80,87,57,120,11,81,116,100,89,108,10,103,73"/><T88/><D112/><U38/><E2/><V9/><F26/><W13/><G116/><T123/><D40/><U12/><E118/><V22/><F22/><W30/><G120/><T23/><D34/><U28/><E127/><N who="2" m="48651" /><F41/><W42/><G30/><T102/><D53/><U74/><E105/><V64/><F90/><W33/><G33/><T62/><D62/><U36/><E28/><V114/><F114/><W129/><G42/><T5/><D102/><U71/><E71/><N who="2" m="42375" /><F131/><W37/><G89/><T117/><D123/><U124/><E124/><V130/><F130/><W52/><G129/><T25/><D117/><U6/><E38/><V79/><F79/><W134/><G37/><T66/><D5/><U69/><E6/><V92/><F92/><W61/><G10/><N who="2" m="4201" /><F4/><W113/><G11/><T27/><D66/><U1/><E1/><V98/><F98/><W85/><G113/><T111/><D27/><U83/><E36/><V101/><F101/><W24/><G103/><T29/><D29/><U70/><E93/><V17/><F17/><W45/><G100/><T99/><REACH who="0" step="1"/><D111/><REACH who="0" ten="240,250,250,250" step="2"/><U32/><E32/><V59/><AGARI ba="0,1" hai="50,55,59,109,110" m="4201,42375,48651" machi="59" ten="30,1100,0" yaku="18,1" doraHai="107" who="2" fromWho="2" sc="240,-5,250,-3,250,21,250,-3" /><INIT seed="1,0,0,4,3,129" ten="235,247,271,247" oya="1" hai0="27,123,84,81,95,0,49,86,32,55,116,47,92" hai1="69,72,16,43,112,23,75,4,73,30,110,85,11" hai2="29,7,36,102,118,126,61,91,31,76,33,113,103" hai3="14,83,134,131,10,97,8,44,50,40,62,105,37"/><U22/><E69/><V45/><F118/><W2/><G131/><T18/><D0/><U41/><E112/><V15/><F76/><W12/><G2/><T132/><D116/><U5/><E110/><V20/><F126/><W96/><G37/><T100/><D123/><U107/><E107/><V42/><F113/><W67/><G105/><T68/><D68/><U25/><E85/><V128/><F128/><W121/><G121/><T122/><D122/><U3/><REACH who="1" step="1"/><E4/><REACH who="1" ten="235,237,271,247" step="2"/><V13/><F7/><W93/><G97/><T78/><D86/><U54/><E54/><V65/><F65/><W77/><G67/><T117/><D117/><U114/><E114/><V98/><F42/><W52/><G40/><T64/><D84/><U39/><E39/><V89/><F36/><W59/><G96/><T119/><D64/><U87/><E87/><V1/><F98/><W135/><G77/><T46/><D78/><U17/><E17/><V71/><F71/><W57/><G83/><T38/><D18/><U99/><E99/><V34/><F31/><W48/><G93/><T66/><D95/><U63/><E63/><V9/><F61/><W115/><G115/><T124/><D92/><U79/><E79/><V104/><F29/><W51/><G62/><T21/><D38/><U60/><E60/><V26/><F104/><W130/><G130/><T125/><D119/><U108/><E108/><V88/><F33/><W80/><G80/><T53/><D32/><U82/><E82/><V74/><F34/><W90/><G52/><T35/><D55/><U133/><E133/><V101/><F74/><RYUUKYOKU ba="0,1" sc="235,-10,237,30,271,-10,247,-10" hai1="3,5,11,16,22,23,25,30,41,43,72,73,75" /><INIT seed="1,1,1,0,4,43" ten="225,267,261,237" oya="1" hai0="127,86,58,26,92,133,52,1,19,117,60,66,12" hai1="114,124,100,24,91,84,46,55,107,69,87,74,51" hai2="104,7,97,118,121,31,123,95,3,0,98,10,128" hai3="73,129,103,111,65,37,20,112,9,64,113,38,35"/><U39/><E74/><V78/><F118/><W42/><G35/><T57/><D117/><U116/><E116/><V135/><F78/><W21/><G103/><T120/><D1/><U126/><E69/><V11/><F31/><W71/><G42/><T23/><D120/><U15/><E39/><V4/><F128/><W32/><G32/><T47/><D127/><N who="1" m="48683" /><E114/><V22/><F22/><W2/><G71/><T77/><D133/><U68/><E68/><V89/><F135/><W36/><G36/><T34/><D34/><U72/><E72/><V49/><F49/><W106/><G73/><T59/><D26/><U63/><E24/><V80/><F80/><W30/><G129/><T132/><D132/><U62/><E15/><V16/><F16/><W5/><G2/><T88/><D77/><U17/><E17/><V125/><F125/><W134/><G134/><T85/><D85/><N who="1" m="32843" /><E91/><V79/><F79/><W131/><G131/><T33/><D33/><U119/><E119/><V82/><F82/><W53/><G113/><T8/><D8/><U61/><E100/><AGARI ba="1,1" hai="0,3,4,7,10,11,89,95,97,98,100,104,121,123" machi="100" ten="40,1300,0" yaku="9,1" doraHai="43" who="2" fromWho="1" sc="225,0,267,-16,261,26,237,0" /><INIT seed="2,0,0,0,1,23" ten="225,251,287,237" oya="2" hai0="88,39,66,105,38,116,46,75,79,94,3,52,126" hai1="110,59,85,72,4,78,98,57,95,130,106,71,29" hai2="30,13,56,82,114,70,135,28,103,132,2,104,20" hai3="120,8,37,0,93,65,22,108,118,125,73,21,9"/><V11/><F70/><W7/><G37/><T74/><D3/><U113/><E71/><V84/><F2/><W124/><G73/><T83/><D105/><U45/><E113/><V102/><F114/><W54/><G65/><T87/><D75/><U109/><E130/><V90/><F56/><W34/><G34/><T68/><D116/><U40/><E4/><N who="2" m="3303" /><F104/><W24/><G118/><T15/><D126/><U19/><E29/><N who="2" m="11371" /><F20/><W16/><G120/><T112/><D112/><U25/><E59/><V61/><F61/><W55/><G0/><T91/><D91/><N who="1" m="53743" /><E57/><V47/><F47/><W129/><G129/><T77/><D77/><U12/><E45/><V33/><F33/><W122/><G122/><T27/><D15/><U26/><E72/><V31/><F31/><W44/><G44/><T76/><D76/><U36/><E78/><V62/><F62/><W100/><G125/><T115/><D66/><U92/><E106/><V111/><F111/><N who="1" m="42505" /><E40/><V64/><F64/><W51/><G124/><T96/><D68/><U81/><E36/><V131/><F131/><W42/><G42/><T32/><D74/><U14/><E14/><V97/><F97/><W67/><G67/><T117/><D115/><U18/><E12/><V49/><F49/><W60/><G108/><T35/><D117/><U63/><E63/><V50/><F50/><W134/><G60/><T89/><D35/><U133/><E18/><V58/><F58/><W69/><G69/><T80/><D79/><U48/><E19/><V86/><F86/><W5/><G16/><T53/><D38/><U10/><E98/><RYUUKYOKU ba="0,0" sc="225,-10,251,-10,287,30,237,-10" hai2="82,84,90,102,103,132,135" /><INIT seed="2,1,0,3,4,75" ten="215,241,317,227" oya="2" hai0="19,95,133,42,113,2,71,27,16,135,51,35,12" hai1="110,100,60,134,121,87,88,14,29,73,107,7,80" hai2="55,69,6,123,129,99,74,85,132,20,59,18,58" hai3="131,56,78,115,102,0,26,127,96,64,22,21,91"/><V77/><F123/><W15/><G0/><T31/><D71/><U46/><E121/><V11/><F69/><W44/><G115/><T66/><D113/><U124/><E124/><V83/><F129/><W94/><G131/><T23/><D2/><U41/><E134/><N who="0" m="51209" /><D66/><U114/><E110/><V98/><F132/><W9/><G127/><T118/><D19/><U57/><E73/><V45/><F45/><W25/><G78/><T130/><D130/><U70/><E29/><V126/><F126/><W104/><G104/><T112/><D118/><U54/><E70/><V76/><F58/><W128/><G44/><N who="0" m="26007" /><D112/><U117/><E117/><V79/><F74/><W90/><G128/><T106/><D95/><U32/><E114/><V111/><F111/><W103/><G64/><T40/><D40/><U39/><E107/><AGARI ba="1,0" hai="12,16,23,27,31,35,106,107" m="26007,51209" machi="107" ten="30,2000,0" yaku="20,1,54,1" doraHai="75" who="0" fromWho="1" sc="215,23,241,-23,317,0,227,0" /><INIT seed="3,0,0,1,4,19" ten="238,218,317,227" oya="3" hai0="41,46,3,125,107,7,36,37,128,12,134,50,61" hai1="129,18,52,68,22,96,69,126,70,4,8,40,97" hai2="56,63,127,39,135,24,84,113,28,13,111,29,102" hai3="54,67,5,117,95,65,44,57,59,93,32,77,78"/><W0/><G32/><T17/><D107/><U123/><E123/><V30/><F113/><W132/><G117/><T23/><D61/><U120/><E120/><V103/><F39/><W76/><G132/><T85/><D134/><U58/><E40/><V100/><F135/><W83/><G83/><T74/><D74/><U66/><E66/><N who="3" m="25098" /><G5/><T121/><D121/><U115/><E115/><V15/><F127/><W131/><G0/><T116/><D125/><U105/><E126/><V38/><F111/><W27/><G27/><T47/><D116/><U106/><E129/><V21/><F38/><W109/><G131/><T42/><D128/><U104/><E8/><V88/><F15/><W81/><G81/><T124/><D124/><U92/><E4/><V130/><F13/><W11/><G11/><T75/><D75/><U33/><E33/><V112/><F112/><W14/><G14/><T89/><D50/><U55/><E92/><N who="3" m="35402" /><G109/><T86/><D89/><U34/><E34/><V79/><F79/><W71/><G71/><T48/><D48/><AGARI ba="0,0" hai="44,48,54,57,59,76,77,78" m="35402,25098" machi="48" ten="30,1500,0" yaku="8,1" doraHai="19" who="3" fromWho="0" sc="238,-15,218,0,317,0,227,15" /><INIT seed="3,1,0,3,2,126" ten="223,218,317,242" oya="3" hai0="4,40,105,72,133,128,77,132,110,123,2,32,108" hai1="113,60,127,129,83,33,86,34,93,109,130,75,80" hai2="112,55,103,59,116,97,28,27,89,30,78,53,125" hai3="120,36,67,51,66,21,15,26,68,50,100,37,106"/><W84/><G120/><T90/><D123/><U63/><E113/><V81/><F112/><W54/><G51/><T31/><D40/><U135/><E93/><V13/><F116/><W48/><G48/><T62/><D62/><N who="1" m="23595" /><E127/><V79/><F125/><W102/><G15/><T18/><D128/><N who="1" m="49259" /><E109/><N who="0" m="42089" /><D90/><N who="1" m="51527" /><E135/><N who="0" m="51785" /><D105/><U70/><E70/><V8/><F89/><W52/><G68/><T25/><D18/><U6/><E6/><N who="2" m="3223" /><F27/><W121/><G106/><T11/><D77/><AGARI ba="1,0" hai="33,34,75,77,83" m="51527,49259,23595" machi="77" ten="30,7700,0" yaku="19,1,52,3" doraHai="126" who="1" fromWho="0" sc="223,-80,218,80,317,0,242,0" owari="143,-36.0,298,10.0,317,42.0,242,-16.0" /></mjloggm>