<mjloggm ver="2.3"><GO type="97" lobby="0"/><UN n0="%E3%82%89%E3%82%93%E3%81%A9%E3%81%8F%E3%82%93" n1="%E2%86%91%E3%81%84%E3%81%A3%E3%81%9F%E3%82%93%E2%86%93" n2="%E5%B0%B1%E6%B4%BB%E7%94%9F%40%E5%B7%9D%E6%9D%91%E8%BB%8D%E5%9B%A3" n3="%6D%6F%72%73%68" dan="15,15,14,14" rate="2037.44,2000.82,1997.94,1926.85" sx="F,M,M,M"/><TAIKYOKU oya="0"/><INIT seed="0,0,0,1,4,47" ten="250,250,250,250" oya="0" hai0="68,51,113,23,35,109,127,24,69,65,107,88,112" hai1="8,72,7,108,135,41,61,98,32,6,63,52,95" hai2="120,55,110,81,15,5,117,78,54,28,58,62,4" hai3="57,48,105,49,122,19,46,111,40,3,76,130,125"/><T82/><D107/><U22/><E32/><V13/><F120/><W64/><G105/><T94/><D35/><U101/><E108/><V75/><F110/><W115/><G3/><T38/><D38/><U132/><E72/><V124/><F124/><W42/><G76/><T31/><D127/><U103/><E41/><V86/><F117/><W60/><G115/><T73/><D109/><U134/><E22/><V29/><F75/><W119/><G119/><T66/><D66/><U83/><E83/><V100/><F100/><W80/><G80/><T104/><D104/><U96/><E7/><N who="2" m="2635" /><F54/><W87/><G122/><T56/><D69/><U74/><E74/><V102/><F102/><W2/><G87/><T17/><D31/><AGARI ba="0,0" hai="13,15,28,29,31,55,58,62,78,81,86" m="2635" machi="31" ten="30,1000,0" yaku="8,1" doraHai="47" who="2" fromWho="0" sc="250,-10,250,0,250,10,250,0" /><INIT seed="1,0,0,3,2,90" ten="240,250,260,250" oya="1" hai0="27,31,34,112,77,52,21,123,118,53,104,86,84" hai1="12,8,82,105,29,81,127,74,128,135,98,18,56" hai2="103,47,23,133,67,24,44,92,66,121,130,22,32" hai3="28,106,132,14,41,42,6,78,91,122,30,120,126"/><U97/><E127/><V109/><F121/><W68/><G106/><T19/><D118/><U40/><E128/><V13/><F32/><W134/><G68/><T114/><D104/><U79/><E135/><N who="3" m="51754" /><G78/><T2/><D2/><U76/><E105/><V5/><F109/><W63/><G91/><T124/><D124/><U113/><E113/><V80/><F133/><W55/><G126/><T25/><D123/><U61/><E40/><N who="3" m="15466" /><G6/><T71/><D71/><U16/><E29/><N who="3" m="11370" /><G14/><T45/><D77/><U33/><E33/><V117/><F117/><W83/><G83/><T111/><D111/><U36/><E36/><V0/><F0/><W51/><G63/><T69/><D69/><U9/><E9/><N who="2" m="4271" /><F80/><W88/><G88/><T43/><D114/><U73/><REACH who="1" step="1"/><E18/><REACH who="1" ten="240,240,260,250" step="2"/><N who="2" m="12375" /><F130/><W54/><G55/><AGARI ba="0,1" hai="8,12,16,55,56,61,73,74,76,79,81,82,97,98" machi="55" ten="30,18000,2" yaku="1,1,7,1,9,1,54,1,53,2" doraHai="90" doraHaiUra="72" who="1" fromWho="3" sc="240,0,240,190,260,0,250,-180" /><INIT seed="1,1,0,2,2,131" ten="240,430,260,70" oya="1" hai0="25,69,73,16,70,78,88,112,76,9,26,61,33" hai1="62,80,82,65,100,90,29,130,94,121,97,44,111" hai2="81,83,128,134,71,110,36,95,53,91,135,117,37" hai3="124,102,11,72,126,17,66,93,48,109,12,103,5"/><U23/><E121/><V116/><F71/><W60/><G72/><T132/><D73/><U122/><E122/><V10/><F10/><W22/><G109/><T79/><D132/><N who="2" m="50730" /><F128/><W89/><G48/><T21/><D9/><U57/><E111/><V133/><F53/><W108/><G108/><T1/><D1/><U68/><E68/><V20/><F20/><W45/><G45/><T4/><D4/><U14/><E44/><V85/><N who="2" m="50738" /><V107/><DORA hai="46" /><F107/><W64/><G64/><T0/><D0/><U24/><E130/><V113/><F113/><W6/><G6/><T101/><D70/><U18/><E90/><N who="2" m="51503" /><F110/><W41/><G41/><T87/><D69/><U49/><E49/><V38/><F83/><W34/><G34/><AGARI ba="1,0" hai="14,18,23,24,29,34,57,62,65,80,82,94,97,100" machi="34" ten="30,1500,0" yaku="7,1" doraHai="131,46" who="1" fromWho="3" sc="240,0,430,18,260,0,70,-18" /><INIT seed="1,2,0,5,5,86" ten="240,448,260,52" oya="1" hai0="99,82,68,93,74,111,60,103,28,26,17,62,4" hai1="102,133,104,57,87,5,33,3,88,80,37,115,100" hai2="132,77,97,50,107,72,48,127,32,23,84,24,98" hai3="73,96,128,65,130,18,49,124,36,42,15,109,39"/><U1/><E115/><V83/><F32/><W69/><G73/><T41/><D41/><U135/><E37/><N who="3" m="14410" /><G96/><T0/><D17/><U56/><E33/><V27/><F127/><W58/><G15/><T19/><D19/><U91/><E57/><V113/><F113/><W53/><G18/><T71/><D71/><U106/><E56/><V119/><F119/><W78/><G78/><T125/><D125/><U117/><E117/><V59/><F132/><N who="1" m="50761" /><E5/><V118/><F118/><W55/><G124/><T112/><D112/><U21/><E21/><V35/><F35/><W89/><G89/><N who="1" m="34378" /><E3/><V105/><F23/><W63/><G109/><T22/><D0/><U47/><E47/><V85/><F59/><W29/><G29/><T120/><D4/><U6/><E6/><V95/><F24/><W54/><G130/><T11/><D11/><U67/><E67/><V45/><F45/><N who="3" m="25783" /><G128/><T70/><D111/><U114/><E114/><V122/><F27/><W123/><G123/><T90/><D22/><U38/><E1/><V94/><F122/><W8/><G8/><T13/><D26/><U16/><E16/><V25/><F25/><W12/><G12/><T129/><D13/><U81/><E87/><N who="2" m="33355" /><F48/><AGARI ba="2,0" hai="48,53,54,55,58,63,65,69" m="25783,14410" machi="48" ten="30,8000,1" yaku="35,5" doraHai="86" who="3" fromWho="2" sc="240,0,448,0,260,-86,52,86" /><INIT seed="2,0,0,2,0,108" ten="240,448,174,138" oya="2" hai0="67,24,9,50,118,74,116,48,6,55,97,65,127" hai1="8,106,33,16,42,7,75,29,28,112,25,38,21" hai2="17,110,10,135,57,102,30,0,130,52,87,35,51" hai3="58,91,121,62,117,76,92,32,18,41,81,15,115"/><V86/><F110/><W36/><G117/><T111/><D74/><U40/><E75/><V27/><F130/><W124/><G124/><T59/><D111/><U44/><E112/><V34/><F135/><W133/><G121/><T54/><D24/><U98/><E40/><V122/><F122/><W119/><G32/><T128/><D97/><U14/><E33/><V120/><F120/><W88/><G119/><N who="0" m="45611" /><D128/><U113/><E113/><V53/><F35/><W39/><G133/><T105/><D105/><U19/><E7/><V56/><F102/><W132/><G115/><T43/><D43/><U100/><AGARI ba="0,0" hai="8,14,16,19,21,25,28,29,38,42,44,98,100,106" machi="100" ten="30,2000,0" yaku="0,1,54,1" doraHai="108" who="1" fromWho="1" sc="240,-5,448,20,174,-10,138,-5" /><INIT seed="3,0,0,3,5,81" ten="235,468,164,133" oya="3" hai0="64,46,20,8,18,32,19,98,93,61,26,14,53" hai1="129,59,134,35,60,71,69,25,30,104,22,9,12" hai2="54,96,48,37,41,52,78,33,10,23,116,58,106" hai3="135,3,39,123,5,105,70,4,113,85,72,97,7"/><W107/><G72/><T45/><D32/><U49/><E104/><V75/><F33/><W82/><G70/><T100/><D53/><U16/><E129/><V40/><F116/><W83/><G39/><T11/><D11/><U24/><E134/><V86/><F75/><W102/><G3/><T44/><D44/><U108/><E49/><N who="2" m="30991" /><F37/><W95/><G123/><T2/><D2/><U125/><E108/><V111/><F106/><W66/><G66/><T6/><D6/><U119/><E125/><V110/><F23/><W34/><G34/><T94/><D94/><U89/><E89/><V55/><F96/><W90/><G113/><T124/><D124/><U133/><E133/><V73/><F73/><W109/><G109/><N who="2" m="41481" /><F10/><W36/><G36/><T80/><D80/><U92/><E92/><V112/><F112/><W79/><G135/><T121/><D121/><U91/><E91/><V74/><F74/><W47/><G47/><T1/><D1/><U27/><E27/><V67/><F67/><W88/><REACH who="3" step="1"/><G82/><REACH who="3" ten="235,468,164,123" step="2"/><T31/><D31/><U132/><E132/><V42/><F48/><W117/><G117/><T103/><D64/><U127/><E127/><V50/><F50/><W57/><G57/><T126/><D126/><U114/><E114/><V120/><F120/><W101/><G101/><N who="0" m="60623" /><D61/><U0/><E0/><V65/><F65/><W68/><G68/><T56/><D56/><U77/><E69/><V62/><F62/><W118/><G118/><T29/><D29/><U63/><E119/><V131/><F131/><W17/><G17/><T115/><D115/><U43/><E71/><RYUUKYOKU ba="0,1" sc="235,10,468,-30,164,10,123,10" hai0="8,14,18,19,20,26,45,46,100,103" hai2="40,41,42,54,55,78,86" hai3="4,5,7,79,83,85,88,90,95,97,102,105,107" /><INIT seed="3,1,1,4,3,84" ten="245,438,174,133" oya="3" hai0="126,15,90,88,56,60,65,101,104,8,108,39,112" hai1="30,96,57,28,50,5,24,94,43,16,120,76,97" hai2="86,79,32,59,115,89,38,2,70,62,123,9,19" hai3="7,48,82,103,33,34,113,116,25,110,91,26,22"/><W40/><G113/><T95/><D39/><U21/><E5/><V98/><F115/><W4/><G116/><T67/><D112/><U118/><E120/><V36/><F70/><W10/><G110/><T66/><D108/><U68/><E68/><V61/><F32/><W111/><G111/><T42/><D42/><U93/><E76/><V0/><F62/><W85/><G103/><T128/><D128/><U18/><E30/><V53/><F123/><W81/><G4/><T130/><D130/><U47/><E57/><V55/><F55/><W78/><G25/><T77/><D77/><U119/><E119/><V72/><F2/><W129/><G129/><T114/><D114/><U13/><E13/><V27/><F72/><W31/><G48/><T63/><D126/><U122/><E122/><V71/><F71/><W92/><G40/><T52/><D104/><U23/><E23/><N who="2" m="13823" /><F86/><W132/><G132/><T17/><D63/><U107/><E94/><N who="2" m="56655" /><F79/><W54/><G54/><T29/><D29/><U99/><E21/><V109/><F109/><W83/><REACH who="3" step="1"/><G78/><REACH who="3" ten="245,438,174,123" step="2"/><T105/><D105/><U37/><E107/><V69/><F38/><W106/><G106/><T131/><D131/><U35/><E50/><V133/><F36/><W100/><G100/><T45/><D45/><U1/><E118/><V73/><F133/><W75/><G75/><T14/><D101/><U74/><E74/><V124/><F73/><W49/><G49/><T134/><D134/><U11/><E43/><V125/><F69/><W3/><AGARI ba="1,2" hai="3,7,10,22,26,31,33,34,81,82,83,85,91,92" machi="3" ten="30,6000,0" yaku="1,1,0,1,52,1,53,0" doraHai="84" doraHaiUra="121" who="3" fromWho="3" sc="245,-21,438,-21,174,-21,123,83" /><INIT seed="3,2,0,2,5,86" ten="224,417,153,206" oya="3" hai0="92,79,81,130,116,45,1,68,41,63,91,119,124" hai1="106,47,125,61,134,84,40,27,36,89,26,34,64" hai2="31,101,23,5,18,110,11,58,73,30,6,29,67" hai3="75,107,90,3,57,128,127,56,135,60,95,32,16"/><W99/><G32/><T112/><D1/><U113/><E113/><V44/><F73/><W38/><G3/><T100/><D100/><U7/><E106/><V83/><F110/><W88/><G75/><T33/><D33/><U59/><E125/><V104/><F104/><W93/><G38/><T52/><D124/><U74/><E74/><V122/><F122/><W42/><G127/><T46/><D112/><U82/><E134/><V103/><F44/><W76/><G42/><T120/><D120/><U35/><E35/><V97/><F83/><W117/><G117/><T21/><D21/><U65/><E34/><V78/><F78/><W111/><G107/><T50/><D68/><U17/><E7/><V121/><F121/><W2/><G2/><T132/><D132/><U37/><E37/><V66/><F58/><W72/><G128/><T80/><D130/><U115/><E115/><V62/><F62/><W96/><G111/><T12/><D12/><U94/><E64/><N who="2" m="24619" /><F97/><W4/><G4/><N who="2" m="1641" /><F11/><W53/><G135/><T25/><D63/><U14/><E82/><V108/><F108/><W22/><G76/><T129/><D79/><U85/><E85/><V9/><F9/><AGARI ba="2,0" hai="9,14,17,26,27,36,40,47,59,61,65,84,89,94" machi="9" ten="30,2000,0" yaku="7,1,52,1" doraHai="86" who="1" fromWho="2" sc="224,0,417,26,153,-26,206,0" owari="224,2.0,443,54.0,127,-37.0,206,-19.0" /></mjloggm>