<mjloggm ver="2.3"><GO type="97" lobby="0"/><UN n0="%E3%82%A6%E3%83%AB%E3%83%88%E3%83%A9%E7%AB%8B%E7%9B%B4" n1="%67%6A%6F" n2="%43%46%76%E5%91%86%E5%91%86" n3="%E3%82%B3%E3%83%BC%E3%83%BC%E3%83%A0%E3%82%A4%E3%83%B3%EF%BC%81%EF%BC%81" dan="13,14,14,14" rate="1845.72,1959.66,1965.89,1934.01" sx="M,M,F,M"/><TAIKYOKU oya="0"/><INIT seed="0,0,0,0,4,81" ten="250,250,250,250" oya="0" hai0="2,14,39,120,27,0,36,83,46,5,8,118,105" hai1="9,44,107,31,21,47,134,73,11,45,130,127,84" hai2="34,129,58,74,43,22,30,97,124,18,96,23,52" hai3="80,88,7,82,28,4,65,122,71,100,94,77,10"/><T113/><D105/><U32/><E73/><V125/><F74/><W24/><G122/><T49/><D120/><U38/><E32/><V78/><F78/><W75/><G100/><T111/><D118/><U102/><E38/><V90/><F129/><W59/><G71/><T109/><D113/><U35/><E35/><V15/><F34/><W119/><G119/><T19/><D27/><U6/><E130/><V1/><F1/><W50/><G82/><T101/><D101/><U17/><E31/><V56/><F43/><W91/><G91/><T103/><D103/><U132/><E102/><V60/><F56/><W92/><G92/><T53/><D83/><U131/><E107/><V98/><REACH who="2" step="1"/><F90/><REACH who="2" ten="250,250,240,250" step="2"/><W20/><G59/><T40/><D2/><U128/><E131/><V72/><F72/><W112/><G112/><T126/><D40/><U87/><E128/><V106/><F106/><W62/><G77/><T95/><D0/><U26/><E127/><V69/><F69/><W121/><G75/><T99/><D126/><U13/><REACH who="1" step="1"/><E11/><REACH who="1" ten="250,240,240,250" step="2"/><V12/><F12/><W61/><G10/><T33/><D14/><U51/><E51/><V89/><F89/><W117/><G50/><T70/><D49/><U108/><E108/><V85/><F85/><AGARI ba="0,2" hai="6,9,13,17,21,26,44,45,47,84,85,87,132,134" machi="85" ten="40,12000,2" yaku="1,1,52,3,53,3" doraHai="81" doraHaiUra="42" who="1" fromWho="2" sc="250,0,240,140,240,-120,250,0" /><INIT seed="1,0,0,4,4,83" ten="250,380,120,250" oya="1" hai0="128,114,94,85,66,43,72,81,16,99,12,17,100" hai1="93,117,51,57,130,98,124,49,70,23,8,97,37" hai2="115,38,0,5,106,22,121,35,14,19,118,13,131" hai3="28,107,86,7,25,105,67,48,46,41,53,42,135"/><U34/><E70/><V29/><F38/><W20/><G135/><T54/><D114/><U18/><E34/><V64/><F106/><W122/><G122/><T123/><D128/><U111/><E37/><V76/><F64/><W127/><G127/><T2/><D2/><U58/><E117/><V74/><F74/><W73/><G73/><T134/><D134/><U91/><E130/><V95/><F76/><W55/><G67/><T9/><D123/><U6/><E124/><V84/><F131/><W10/><G86/><T15/><D66/><U89/><E111/><V26/><F121/><W3/><REACH who="3" step="1"/><G55/><REACH who="3" ten="250,380,120,240" step="2"/><T52/><D72/><U27/><E98/><V79/><F115/><W71/><G71/><T110/><D110/><U78/><E97/><V75/><F75/><W87/><G87/><T125/><D125/><U68/><E68/><V129/><F129/><W39/><G39/><T112/><D112/><U32/><E78/><V47/><F118/><W33/><G33/><T40/><D52/><N who="1" m="31887" /><E32/><V80/><F13/><W56/><G56/><T109/><D54/><N who="1" m="32095" /><E93/><V61/><F47/><W36/><G36/><T50/><D109/><U116/><E116/><V133/><F133/><W21/><G21/><N who="0" m="11399" /><D50/><U4/><E8/><N who="2" m="2087" /><F61/><W31/><G31/><T103/><D43/><AGARI ba="0,1" hai="3,7,10,20,25,28,41,42,43,46,48,53,105,107" machi="43" ten="40,1300,0" yaku="1,1,53,0" doraHai="83" doraHaiUra="69" who="3" fromWho="0" sc="250,-13,380,0,120,0,240,23" /><INIT seed="2,0,0,3,3,80" ten="237,380,120,263" oya="2" hai0="39,129,63,35,56,74,58,73,32,92,114,70,43" hai1="2,27,123,18,101,83,106,67,37,69,116,100,53" hai2="76,96,23,75,62,78,128,29,105,108,3,51,93" hai3="42,21,97,7,57,5,49,115,133,110,66,47,31"/><V126/><F3/><W132/><G115/><T11/><D70/><U36/><E2/><V10/><F105/><W113/><G113/><T16/><D114/><U98/><E101/><V24/><F126/><W61/><G110/><T60/><D129/><U91/><E116/><V84/><F75/><W64/><G97/><T13/><D43/><U4/><E4/><V130/><F108/><W99/><G99/><T121/><D39/><U12/><E53/><V45/><F62/><W0/><G0/><T127/><D127/><U119/><E27/><V28/><F29/><W44/><G21/><T77/><D121/><U109/><E119/><V134/><F134/><W86/><G31/><T8/><D92/><U131/><E131/><N who="2" m="50219" /><F10/><W124/><G124/><T1/><D1/><U54/><E123/><V104/><F104/><W25/><G25/><T112/><D112/><U125/><E109/><V26/><F26/><W19/><G61/><T111/><D111/><U95/><E125/><V122/><F122/><W22/><G49/><T34/><D11/><U50/><E37/><V87/><F76/><W52/><G22/><T79/><D74/><U85/><E36/><V71/><F78/><W15/><G15/><T117/><D117/><U94/><E69/><V30/><F71/><W81/><G133/><T6/><D73/><U82/><E106/><V33/><F33/><W89/><G132/><T103/><D79/><U102/><E67/><V14/><F30/><W68/><G66/><N who="0" m="39175" /><D77/><U72/><E72/><V88/><F14/><W20/><G68/><T46/><D13/><U40/><E12/><RYUUKYOKU ba="0,0" sc="237,-10,380,-10,120,30,263,-10" hai2="23,24,28,45,51,84,87,88,93,96" /><INIT seed="2,1,0,4,0,41" ten="227,370,150,253" oya="2" hai0="118,14,71,65,125,20,132,13,121,124,67,111,85" hai1="62,34,129,106,17,131,1,75,2,80,9,74,66" hai2="37,83,81,69,6,91,116,108,26,97,4,105,103" hai3="133,100,77,5,99,42,61,19,21,98,86,53,32"/><V27/><F116/><W11/><G32/><T57/><D121/><U87/><E106/><V76/><F69/><W79/><G133/><T15/><D132/><U64/><E34/><V63/><F63/><W28/><G28/><T50/><D118/><U126/><E126/><N who="0" m="48745" /><D111/><U22/><E9/><V56/><F56/><W78/><G42/><T39/><D39/><U135/><E135/><V94/><F108/><W16/><G86/><T130/><D130/><N who="1" m="49675" /><E62/><V117/><F117/><W115/><G115/><T24/><D85/><U36/><E36/><V110/><F110/><W102/><G11/><T51/><D71/><U123/><E123/><V60/><F60/><W120/><G5/><N who="2" m="2153" /><F105/><W89/><G89/><T90/><D90/><N who="1" m="51559" /><E75/><V84/><F37/><W68/><G120/><T58/><D65/><N who="1" m="25195" /><E74/><V12/><F12/><AGARI ba="1,0" hai="1,2,12,17,22" m="25195,51559,49675" machi="12" ten="30,1000,0" yaku="19,1" doraHai="41" who="1" fromWho="2" sc="227,0,370,13,150,-13,253,0" /><INIT seed="3,0,0,0,2,2" ten="227,383,137,253" oya="3" hai0="131,28,96,7,114,115,14,51,3,102,37,71,35" hai1="57,72,87,119,130,10,108,33,85,127,30,18,61" hai2="25,126,73,68,39,41,56,129,83,98,49,112,90" hai3="48,27,80,20,95,84,15,91,92,125,79,22,100"/><W5/><G125/><T70/><D51/><U106/><E72/><V8/><F112/><N who="0" m="43050" /><D14/><U81/><E106/><V132/><F126/><W55/><G100/><T6/><D37/><U17/><E127/><V133/><F129/><W93/><G22/><T59/><D59/><U0/><E130/><V26/><F73/><W118/><G118/><T69/><D3/><U82/><E119/><V65/><F133/><W104/><G104/><N who="0" m="63559" /><D131/><U116/><E116/><V12/><F132/><W109/><G109/><T62/><D62/><U44/><E108/><V99/><F99/><W47/><G15/><T29/><D29/><U63/><E33/><V40/><F40/><W135/><G135/><T101/><D101/><U13/><E30/><V66/><F66/><W111/><G111/><T103/><D103/><U120/><E0/><V34/><F34/><W38/><G38/><T11/><D11/><U107/><E44/><V110/><F110/><W113/><G113/><T42/><D42/><U64/><E63/><V23/><F23/><W78/><REACH who="3" step="1"/><G5/><REACH who="3" ten="227,383,137,243" step="2"/><T45/><D45/><U97/><E13/><V24/><F39/><W77/><G77/><T50/><D50/><U9/><E61/><N who="2" m="38055" /><F68/><W58/><G58/><T53/><D53/><U36/><E57/><V76/><F76/><W75/><G75/><T32/><D32/><U88/><E36/><V52/><F41/><W124/><G124/><T122/><D122/><U67/><E120/><V74/><F26/><AGARI ba="0,1" hai="6,7,26,28,35,69,70,71" m="63559,43050" machi="26" ten="40,5200,0" yaku="11,1,52,2" doraHai="2" who="0" fromWho="2" sc="227,62,383,0,137,-52,243,0" owari="289,9.0,383,48.0,85,-41.0,243,-16.0" /></mjloggm>