<mjloggm ver="2.3"><GO type="41" lobby="0"/><UN n0="%79%6E%66%6F%72" n1="%E5%AE%AE%E6%B0%B8%E2%80%90%E7%85%A7" n2="%E3%82%B7%E3%83%A3%E3%83%A0%E3%83%AD%E3%83%83%E3%82%AB%E3%83%BC" n3="%E3%82%A6%E3%83%AB%E3%83%88%E3%83%A9%E7%AB%8B%E7%9B%B4" dan="15,15,13,15" rate="2019.89,1940.62,1866.89,2003.48" sx="M,M,M,M"/><TAIKYOKU oya="0"/><INIT seed="0,0,0,1,2,131" ten="250,250,250,250" oya="0" hai0="13,111,76,43,54,21,62,8,48,38,28,99,112" hai1="95,98,69,39,65,85,29,15,127,125,60,88,66" hai2="124,105,9,41,101,117,27,106,56,68,110,16,74" hai3="2,108,128,19,50,64,71,79,36,40,94,20,5"/><T82/><D112/><U26/><E39/><V23/><F74/><W49/><G128/><T133/><D62/><U100/><E15/><V59/><F68/><W96/><G108/><T129/><D129/><U12/><E12/><V52/><F110/><W67/><G36/><T33/><D33/><U55/><E55/><V103/><F117/><W83/><G5/><T53/><D99/><U107/><REACH who="1" step="1"/><E66/><REACH who="1" ten="250,240,250,250" step="2"/><V121/><F121/><W91/><G2/><T115/><D38/><U72/><E72/><V93/><F124/><W37/><G37/><T14/><D14/><U126/><E126/><V4/><F41/><W35/><G40/><T32/><D54/><U122/><E122/><V6/><F4/><W34/><G64/><T114/><D43/><U0/><E0/><V42/><F42/><W30/><G67/><T18/><D111/><U116/><E116/><V22/><F6/><W80/><G50/><T25/><D114/><U134/><E134/><V97/><F9/><W118/><G49/><T84/><D115/><U31/><E31/><V73/><F73/><W61/><G30/><T63/><D133/><U58/><E58/><V10/><F10/><W57/><G71/><T92/><D48/><U132/><E132/><V45/><F59/><W120/><G120/><T123/><D123/><U11/><E11/><V3/><F3/><W7/><G57/><N who="0" m="35247" /><D8/><U87/><E87/><V44/><F56/><W77/><G118/><T130/><D130/><U113/><E113/><V89/><F44/><W75/><G75/><T78/><D78/><U51/><E51/><V70/><F70/><RYUUKYOKU ba="0,1" sc="250,15,240,15,250,-15,250,-15" hai0="13,18,21,25,28,32,76,82,84,92" hai1="26,29,60,65,69,85,88,95,98,100,107,125,127" /><INIT seed="0,1,1,0,4,67" ten="265,255,235,235" oya="0" hai0="4,13,66,45,80,133,128,19,44,69,114,11,65" hai1="127,37,96,52,9,81,91,27,116,17,98,88,86" hai2="76,63,75,61,1,124,55,92,62,15,5,10,54" hai3="49,85,108,121,57,77,99,18,113,105,30,115,31"/><T40/><D114/><U64/><E116/><V23/><F124/><W8/><G31/><T71/><D133/><U35/><E127/><V95/><F92/><W83/><G108/><T125/><D125/><U79/><E37/><V42/><F42/><W101/><G121/><T68/><D128/><U48/><E64/><V112/><F112/><W16/><G30/><T122/><D122/><U129/><E129/><V2/><F2/><W117/><G117/><T58/><D58/><U118/><E118/><V25/><F1/><W94/><G57/><T132/><D132/><U123/><E123/><V87/><F75/><W43/><G43/><T100/><D100/><U59/><E35/><V51/><F51/><W97/><G49/><T72/><D45/><U7/><E27/><V29/><REACH who="2" step="1"/><F95/><REACH who="2" ten="265,255,225,235" step="2"/><W38/><G38/><T26/><D40/><U107/><E107/><V102/><F102/><W39/><G39/><T12/><D44/><U33/><E33/><V34/><F34/><W82/><G115/><T93/><D93/><U53/><E98/><V78/><F78/><W22/><G113/><T46/><D46/><N who="1" m="27671" /><E96/><V3/><F3/><W14/><G99/><T24/><D24/><U89/><E79/><V84/><F84/><W126/><G126/><T109/><D26/><U134/><E134/><V131/><F131/><W110/><G110/><T41/><D41/><U50/><E7/><V111/><F111/><W56/><G105/><T74/><D74/><U28/><E28/><V119/><F119/><W32/><G97/><T6/><D109/><U104/><E104/><V90/><F90/><RYUUKYOKU ba="1,2" sc="265,-15,255,15,225,15,235,-15" hai1="9,17,50,53,59,81,86,88,89,91" hai2="5,10,15,23,25,29,54,55,61,62,63,76,87" /><INIT seed="1,2,2,2,3,42" ten="250,270,240,220" oya="1" hai0="71,93,99,89,31,37,13,104,27,36,40,116,69" hai1="21,95,41,107,121,87,23,7,131,48,115,17,98" hai2="65,78,117,123,59,134,39,53,12,2,50,106,20" hai3="129,18,111,102,45,119,91,63,124,79,57,103,100"/><U97/><E121/><V120/><F106/><W44/><G111/><T46/><D116/><U74/><E74/><V33/><F33/><W0/><G0/><T126/><D126/><U34/><E34/><V14/><F2/><W10/><G124/><T112/><D112/><U77/><E115/><V85/><F117/><W132/><G132/><T6/><D37/><U96/><E107/><V16/><F39/><W101/><G129/><T1/><D1/><U88/><E7/><V110/><F134/><W4/><G4/><T38/><D38/><U19/><E131/><V113/><F110/><W108/><G108/><T8/><REACH who="0" step="1"/><D104/><REACH who="0" ten="240,270,240,220" step="2"/><U22/><E77/><V29/><F113/><W25/><G79/><T76/><D76/><U64/><E64/><V75/><F65/><N who="3" m="39151" /><G119/><T61/><D61/><U72/><E72/><V118/><F118/><W114/><G114/><T24/><D24/><U66/><E66/><V128/><F128/><W3/><G3/><T84/><D84/><U68/><E68/><V122/><F75/><W32/><G32/><AGARI ba="2,3" hai="6,8,13,27,31,32,36,40,46,69,71,89,93,99" machi="32" ten="30,3900,0" yaku="1,1,7,1,52,1,53,0" doraHai="42" doraHaiUra="80" who="0" fromWho="3" sc="240,75,270,0,240,0,220,-45" /><INIT seed="2,0,0,3,3,64" ten="315,270,240,175" oya="2" hai0="15,132,130,127,128,45,120,129,98,106,131,35,62" hai1="49,75,9,25,91,37,60,92,21,6,79,114,32" hai2="97,124,39,38,14,135,43,99,47,117,107,27,66" hai3="13,67,3,18,96,101,84,105,68,28,4,88,40"/><V0/><F117/><W111/><G111/><T33/><D120/><U74/><E114/><V100/><F0/><W52/><G40/><T112/><D112/><U2/><E37/><V51/><F124/><W83/><G4/><T90/><D127/><U134/><E134/><V31/><F135/><W72/><G3/><T76/><D132/><U65/><E32/><V7/><F99/><W87/><G28/><T23/><D76/><U71/><E49/><V29/><F29/><W20/><G72/><T85/><D45/><U70/><E79/><V57/><F14/><W61/><G87/><T12/><D62/><U119/><E119/><V123/><F7/><W1/><G1/><T73/><D73/><U24/><E24/><V16/><F16/><W5/><G5/><T17/><D15/><U81/><E81/><V125/><F125/><W103/><G103/><N who="0" m="62839" /><D131/><U48/><E48/><V95/><F107/><W30/><REACH who="3" step="1"/><G30/><REACH who="3" ten="315,270,240,165" step="2"/><T122/><D122/><U115/><E115/><V11/><F123/><W56/><G56/><T102/><D102/><U34/><E75/><V121/><F121/><W104/><G104/><T58/><D58/><U93/><E74/><V82/><F11/><W78/><G78/><T55/><D85/><N who="1" m="52335" /><E9/><V77/><F57/><W46/><G46/><T54/><D90/><U42/><E6/><V69/><F77/><W53/><AGARI ba="0,1" hai="13,18,20,52,53,61,67,68,83,84,88,96,101,105" machi="53" ten="30,12000,2" yaku="1,1,0,1,52,1,54,2,53,1" doraHai="64" doraHaiUra="80" who="3" fromWho="3" sc="315,-30,270,-30,240,-60,165,130" /><INIT seed="3,0,0,4,5,45" ten="285,240,180,295" oya="3" hai0="69,5,103,44,113,47,33,80,101,107,96,83,68" hai1="87,30,129,112,55,38,54,99,108,133,20,67,81" hai2="2,43,135,59,72,17,42,119,121,14,9,78,77" hai3="91,29,36,56,66,32,92,24,76,25,39,40,130"/><W95/><G130/><T18/><D33/><U97/><E129/><V46/><F119/><W120/><G120/><T31/><D31/><U70/><E108/><V98/><F121/><W71/><G76/><T26/><D5/><U8/><E112/><V3/><F135/><W111/><G111/><T124/><D124/><U52/><E133/><V126/><F126/><W86/><G71/><T1/><D1/><U12/><E38/><V57/><F42/><W51/><G24/><T27/><D18/><U104/><E104/><V22/><F3/><W0/><G0/><T75/><D75/><U88/><E67/><V134/><F134/><W62/><G95/><T105/><D96/><N who="1" m="36939" /><E70/><V110/><F110/><W4/><REACH who="3" step="1"/><G4/><REACH who="3" ten="285,240,180,285" step="2"/><T115/><AGARI ba="0,1" hai="26,27,44,47,68,69,80,83,101,103,105,107,113,115" machi="115" ten="25,3200,0" yaku="0,1,22,2" doraHai="45" who="0" fromWho="0" sc="285,42,240,-8,180,-8,285,-16" /><INIT seed="4,0,0,1,5,129" ten="327,232,172,269" oya="0" hai0="84,113,54,117,38,25,52,59,135,95,86,4,16" hai1="35,100,48,15,118,78,6,47,75,67,58,36,10" hai2="63,7,96,46,20,19,89,133,77,61,32,70,105" hai3="62,11,26,43,22,82,73,119,64,39,125,45,0"/><T29/><D38/><U109/><E109/><V1/><F32/><W13/><G125/><T102/><D4/><U14/><E118/><V49/><F70/><W41/><G41/><T55/><D117/><U91/><E35/><V98/><F77/><W42/><G42/><T80/><D113/><U116/><E116/><V108/><F108/><W8/><G119/><T33/><D135/><U93/><E100/><V37/><F37/><W71/><G13/><T121/><D121/><U83/><E36/><V69/><F69/><W123/><G123/><T56/><D16/><U31/><E31/><V3/><F3/><W126/><G126/><T24/><D24/><U131/><E131/><V127/><F127/><W120/><G120/><T132/><D132/><U30/><E30/><V88/><F133/><W92/><G92/><T106/><D106/><U28/><E28/><V101/><F98/><W9/><G22/><T90/><REACH who="0" step="1"/><D102/><REACH who="0" ten="317,232,172,269" step="2"/><U111/><E111/><V130/><F130/><W79/><REACH who="3" step="1"/><G26/><REACH who="3" ten="317,232,172,259" step="2"/><T51/><D51/><U2/><E48/><V66/><F49/><W60/><G60/><T34/><D34/><U107/><E107/><V27/><F63/><W40/><G40/><T97/><D97/><U85/><E14/><V122/><F122/><W68/><G68/><T134/><D134/><U104/><E15/><V87/><F61/><W81/><G81/><T23/><D23/><U112/><E104/><V115/><F105/><W76/><G76/><AGARI ba="0,2" hai="25,29,33,52,54,55,56,59,76,80,84,86,90,95" machi="76" ten="40,3900,0" yaku="1,1,54,1,53,0" doraHai="129" doraHaiUra="94" who="0" fromWho="3" sc="317,59,232,0,172,0,259,-39" /><INIT seed="4,1,0,5,2,39" ten="376,232,172,220" oya="0" hai0="88,0,16,54,50,120,60,47,57,59,94,65,130" hai1="14,93,63,78,122,102,67,92,27,113,110,36,53" hai2="9,106,123,103,4,40,51,46,19,135,12,5,101" hai3="133,75,26,128,99,79,11,129,1,76,18,66,95"/><T89/><D0/><U80/><E110/><V127/><F123/><W131/><G133/><T107/><D107/><U42/><E122/><V72/><F72/><W126/><G126/><T71/><D120/><U28/><E53/><V121/><F121/><W70/><G75/><T98/><D130/><U58/><E14/><V44/><F127/><W33/><G66/><T6/><D6/><N who="2" m="2666" /><F106/><W38/><G70/><T32/><D32/><U115/><E102/><N who="2" m="38923" /><F135/><W86/><G1/><T23/><REACH who="0" step="1"/><D89/><REACH who="0" ten="366,232,172,220" step="2"/><U112/><E112/><V25/><F25/><AGARI ba="1,1" hai="16,23,25,47,50,54,57,59,60,65,71,88,94,98" machi="25" ten="30,18000,2" yaku="1,1,2,1,7,1,54,2,53,1" doraHai="39" doraHaiUra="13" who="0" fromWho="2" sc="366,193,232,0,172,-183,220,0" owari="559,66.0,232,3.0,-11,-51.0,220,-18.0" /></mjloggm>