<mjloggm ver="2.3"><GO type="41" lobby="0"/><UN n0="%6D%61%74%74%69%65" n1="%E5%A7%AB%E3%81%AE%E8%B6%85%E5%9C%B0%E5%91%B3%E3%81%AA%E4%B8%96%E7%95%8C" n2="%EF%BC%A0%E3%81%AA%E3%81%8A" n3="%E3%82%A6%E3%83%AB%E3%83%88%E3%83%A9%E7%AB%8B%E7%9B%B4" dan="13,14,15,15" rate="1894.57,1954.85,2053.64,2024.17" sx="M,F,M,M"/><TAIKYOKU oya="0"/><INIT seed="0,0,0,1,5,29" ten="250,250,250,250" oya="0" hai0="96,129,55,76,75,0,16,7,22,19,112,6,4" hai1="37,71,119,47,62,12,70,101,117,111,26,131,124" hai2="44,28,92,27,49,54,20,78,25,24,130,100,51" hai3="52,116,106,95,81,38,80,66,34,18,59,105,50"/><T5/><D75/><U46/><E101/><V30/><F130/><W3/><G38/><T74/><D74/><U128/><E12/><V122/><F122/><W98/><G3/><T40/><D76/><U9/><E26/><V13/><F78/><W65/><G116/><N who="1" m="44618" /><E9/><V35/><F13/><W82/><G34/><T135/><D40/><U99/><E99/><V89/><F100/><W8/><G106/><T31/><D96/><U84/><E84/><V115/><F115/><W88/><G105/><T121/><D55/><U15/><E15/><AGARI ba="0,0" hai="8,15,18,50,52,59,65,66,80,81,82,88,95,98" machi="15" ten="40,5200,0" yaku="8,1,54,2" doraHai="29" who="3" fromWho="1" sc="250,0,250,-52,250,0,250,52" /><INIT seed="1,0,0,5,0,123" ten="250,198,250,302" oya="1" hai0="41,36,1,58,69,20,65,127,30,4,108,46,44" hai1="93,32,67,129,24,120,70,83,62,106,112,76,81" hai2="68,95,47,50,84,98,13,0,116,72,101,11,21" hai3="86,52,135,61,59,122,74,22,5,104,9,96,10"/><U53/><E120/><V94/><F72/><W26/><G74/><T109/><D127/><U134/><E112/><V39/><F39/><W124/><G122/><T80/><D69/><U91/><E106/><V60/><F116/><W48/><G124/><T102/><D102/><U27/><E134/><V89/><F0/><W42/><G135/><T103/><D103/><U92/><E129/><V79/><F79/><W130/><G130/><T12/><D1/><U118/><E118/><V90/><F21/><W34/><G34/><T8/><D80/><U55/><E83/><V33/><F33/><W132/><G132/><T97/><D97/><U85/><E93/><V63/><F101/><W77/><G96/><T107/><D107/><U82/><E82/><V114/><F68/><W31/><G104/><T29/><D46/><U105/><E105/><V45/><F114/><W51/><G77/><T71/><D71/><U23/><E32/><V75/><F75/><W64/><G86/><T6/><D6/><U115/><E115/><V54/><REACH who="2" step="1"/><F45/><REACH who="2" ten="250,198,240,302" step="2"/><W113/><G113/><T110/><D20/><U111/><E27/><V16/><AGARI ba="0,1" hai="11,13,16,47,50,54,60,63,84,89,90,94,95,98" machi="16" ten="20,12000,2" yaku="1,1,2,1,0,1,7,1,8,1,54,1,53,0" doraHai="123" doraHaiUra="121" who="2" fromWho="2" sc="250,-30,198,-60,240,130,302,-30" /><INIT seed="2,0,0,5,4,125" ten="220,138,370,272" oya="2" hai0="25,59,114,119,89,40,100,103,62,94,93,104,11" hai1="126,47,9,2,72,76,53,75,113,90,18,78,86" hai2="3,17,23,38,135,111,109,80,87,33,27,50,79" hai3="67,15,122,52,29,57,112,10,110,35,32,37,19"/><V1/><F38/><W129/><G37/><T45/><D114/><U70/><E113/><V82/><F33/><W128/><G112/><T31/><D104/><U63/><E126/><V96/><F135/><W118/><G118/><T49/><D11/><U99/><E99/><V51/><F96/><W46/><G122/><T48/><D48/><U34/><E34/><V0/><F82/><W28/><G110/><AGARI ba="0,0" hai="0,1,3,17,23,27,50,51,79,80,87,109,110,111" machi="110" ten="50,4800,0" yaku="14,1,10,1" doraHai="125" who="2" fromWho="3" sc="220,0,138,0,370,48,272,-48" /><INIT seed="2,1,0,2,3,31" ten="220,138,418,224" oya="2" hai0="113,78,30,127,37,24,94,133,8,108,104,50,130" hai1="15,59,117,16,75,79,101,89,28,107,81,126,55" hai2="88,91,86,46,123,6,121,71,129,125,36,20,42" hai3="19,33,134,39,12,110,18,120,93,70,92,44,64"/><V73/><F73/><W103/><G120/><T34/><D94/><U4/><E117/><V98/><F71/><W29/><G110/><T43/><D50/><U119/><E119/><V60/><F60/><W66/><G134/><T114/><D78/><U3/><E126/><V106/><F125/><W53/><G70/><T47/><D127/><U122/><E122/><V57/><F57/><W23/><G29/><T118/><D118/><U56/><E28/><V58/><F58/><W65/><G33/><T13/><D108/><U25/><E25/><V76/><F20/><W14/><G103/><T116/><D116/><U74/><E74/><V26/><F26/><W82/><G82/><T83/><D83/><U48/><E59/><V105/><F76/><W22/><G39/><T17/><D104/><U135/><E135/><V112/><F6/><W85/><G85/><T52/><D133/><U49/><E49/><AGARI ba="1,0" hai="12,14,18,19,22,23,44,49,53,64,65,66,92,93" machi="49" ten="40,2600,0" yaku="9,1,8,1" doraHai="31" who="3" fromWho="1" sc="220,0,138,-29,418,0,224,29" /><INIT seed="3,0,0,0,1,29" ten="220,109,418,253" oya="3" hai0="51,125,61,66,64,91,50,101,115,34,117,12,21" hai1="43,3,38,47,37,0,92,78,83,81,127,36,129" hai2="130,90,16,35,4,75,30,122,111,18,48,134,63" hai3="67,56,8,20,114,99,97,52,6,123,109,49,55"/><W44/><G123/><T73/><D117/><U118/><E118/><V19/><F75/><W58/><G114/><T128/><D125/><U124/><E129/><V85/><F122/><W27/><G109/><T88/><D115/><U70/><E92/><V59/><F4/><W15/><G67/><T45/><D73/><U94/><E94/><V98/><F48/><W26/><G26/><T28/><D51/><U100/><E100/><V57/><F98/><N who="3" m="37387" /><G55/><T54/><D101/><U13/><E13/><V120/><F120/><W62/><G62/><T95/><D66/><U131/><E131/><V23/><F111/><W53/><G53/><T1/><D1/><U71/><E83/><V46/><F46/><W103/><G103/><T77/><D77/><U41/><E81/><V104/><F130/><W7/><G7/><T14/><D91/><U33/><E78/><V79/><F79/><W60/><G60/><T105/><D105/><U89/><E89/><V119/><F119/><W17/><AGARI ba="0,0" hai="6,8,15,17,20,27,44,49,52,56,58" m="37387" machi="17" ten="30,3000,0" yaku="8,1,54,1" doraHai="29" who="3" fromWho="3" sc="220,-10,109,-10,418,-10,253,30" /><INIT seed="3,1,0,0,5,7" ten="210,99,408,283" oya="3" hai0="48,44,126,133,106,82,30,92,57,115,59,33,76" hai1="104,83,37,89,20,27,112,128,43,131,21,81,130" hai2="42,70,26,1,4,101,13,28,65,100,114,63,96" hai3="109,99,49,132,110,91,97,67,18,23,125,55,93"/><W39/><G39/><T54/><D106/><U111/><E112/><V34/><F100/><W105/><G67/><T5/><D126/><U88/><E104/><V102/><F102/><W58/><G125/><T87/><D133/><U64/><E64/><V85/><F85/><W118/><G118/><T0/><D115/><U51/><E37/><V129/><F114/><W24/><G132/><T103/><D30/><N who="1" m="17767" /><E21/><V123/><F13/><W117/><G117/><T60/><D33/><U66/><E66/><V46/><F123/><W71/><G71/><T86/><D0/><U36/><E36/><V62/><F62/><W53/><G105/><T95/><D95/><U127/><E127/><V78/><F65/><W2/><G2/><T14/><D60/><U94/><E111/><V113/><F63/><W68/><G68/><T52/><D54/><U3/><E3/><V41/><F1/><W69/><G69/><T6/><D6/><U134/><E134/><V38/><F70/><W45/><G99/><T8/><D87/><N who="1" m="52511" /><E89/><V22/><F113/><W73/><G73/><T121/><REACH who="0" step="1"/><D121/><REACH who="0" ten="200,99,408,283" step="2"/><U75/><E75/><V32/><F32/><W50/><AGARI ba="1,1" hai="18,23,24,45,49,50,53,55,58,91,93,97,109,110" machi="50" ten="30,1500,0" yaku="0,1" doraHai="7" who="3" fromWho="3" sc="200,-6,99,-6,408,-6,283,28" /><INIT seed="3,2,0,1,1,32" ten="194,93,402,311" oya="3" hai0="133,93,33,61,53,69,56,73,54,50,72,83,57" hai1="76,0,129,59,104,38,49,109,130,82,15,35,7" hai2="127,18,71,97,66,128,22,5,10,20,45,107,27" hai3="9,31,126,118,42,111,96,14,84,125,110,24,25"/><W91/><G96/><T13/><D33/><U92/><E15/><V67/><F71/><W64/><G64/><T48/><D133/><U85/><E92/><V41/><F127/><N who="3" m="48651" /><G42/><T132/><D132/><U39/><E49/><V29/><F128/><N who="1" m="49257" /><E59/><V34/><F20/><N who="3" m="15751" /><G25/><T124/><D124/><U55/><E55/><V43/><F43/><W89/><G118/><T116/><D116/><U106/><E35/><V62/><F62/><W65/><G65/><T101/><D69/><U11/><E109/><N who="3" m="41482" /><G84/><T17/><D61/><U99/><E99/><V100/><F29/><W26/><G26/><T120/><D120/><U81/><E81/><V28/><F28/><W68/><G68/><T47/><D47/><U2/><E38/><V108/><F34/><W3/><G14/><T80/><D73/><N who="1" m="43279" /><E39/><V1/><F108/><W98/><G98/><N who="0" m="59599" /><D72/><U12/><E85/><V30/><F30/><W117/><G117/><T46/><D46/><U6/><E12/><V8/><F66/><W94/><G94/><T74/><D74/><U19/><E19/><V78/><F67/><W119/><G119/><T21/><AGARI ba="2,0" hai="13,17,21,48,50,53,54,56,57,80,83" m="59599" machi="21" ten="30,1100,0" yaku="8,1" doraHai="32" who="0" fromWho="0" sc="194,17,93,-5,402,-5,311,-7" /><INIT seed="4,0,0,3,3,97" ten="211,88,397,304" oya="0" hai0="90,105,57,92,129,21,106,123,12,34,17,78,85" hai1="32,33,108,56,82,7,77,120,86,19,125,6,61" hai2="36,102,64,130,51,69,28,89,116,117,41,25,74" hai3="3,40,101,134,84,122,135,26,31,4,113,30,52"/><T60/><D129/><U119/><E120/><V42/><F130/><W66/><G40/><T93/><D34/><U133/><E119/><V76/><F51/><W127/><G66/><T48/><D123/><U95/><E108/><V58/><F58/><W62/><G122/><T1/><D1/><U115/><E133/><N who="3" m="50698" /><G4/><T18/><D78/><U29/><E125/><V47/><F42/><W99/><G3/><T72/><D72/><U27/><E115/><V81/><F89/><W14/><G14/><T109/><D109/><U0/><E33/><N who="2" m="20623" /><F102/><W20/><G84/><T39/><D39/><U79/><E95/><V104/><F104/><N who="3" m="63551" /><G127/><T121/><D121/><U8/><E7/><V65/><F65/><W49/><G62/><AGARI ba="0,0" hai="36,41,47,62,64,69,74,76,81,116,117" m="20623" machi="62" ten="30,1000,0" yaku="23,1" doraHai="97" who="2" fromWho="3" sc="211,0,88,0,397,10,304,-10" /><INIT seed="5,0,0,5,2,66" ten="211,88,407,294" oya="1" hai0="44,38,129,75,69,19,93,57,97,119,83,86,40" hai1="101,82,114,68,27,45,61,29,18,73,128,102,20" hai2="112,3,16,64,132,90,12,56,30,100,89,88,123" hai3="22,125,1,105,110,39,14,124,9,133,80,91,71"/><U81/><E114/><V106/><F3/><W121/><G105/><T10/><D119/><U109/><E128/><V52/><F30/><W65/><G39/><T67/><D75/><U48/><E109/><V26/><F26/><W0/><G91/><T107/><D107/><U131/><E131/><V34/><F34/><W135/><G80/><T85/><D129/><U59/><E68/><V53/><F112/><W25/><G65/><T28/><D57/><U72/><E73/><V15/><F15/><W94/><G94/><T120/><D28/><U103/><E29/><V60/><F123/><W49/><G49/><T42/><D42/><N who="1" m="24631" /><E72/><V5/><F5/><N who="3" m="3375" /><G71/><T24/><D120/><U122/><E122/><V11/><F132/><N who="3" m="50763" /><G110/><T104/><D104/><U99/><E99/><V54/><F106/><W58/><G58/><T113/><D83/><U108/><E108/><V116/><F116/><W96/><G96/><T79/><D79/><U6/><E6/><V127/><F127/><N who="3" m="48715" /><G121/><T130/><D113/><U62/><E62/><V36/><F36/><W63/><G63/><T134/><D134/><U51/><E51/><V117/><F117/><W98/><G98/><T35/><D130/><U111/><E111/><V95/><F95/><W46/><G46/><T31/><D93/><U17/><E17/><AGARI ba="0,0" hai="0,1,17,22,25" m="48715,50763,3375" machi="17" ten="30,7700,0" yaku="20,1,18,1,34,2" doraHai="66" who="3" fromWho="1" sc="211,0,88,-77,407,0,294,77" /><INIT seed="6,0,0,1,4,128" ten="211,11,407,371" oya="2" hai0="135,132,133,37,93,106,30,36,97,98,18,101,25" hai1="80,71,94,108,52,44,118,68,22,34,27,107,70" hai2="33,63,113,81,91,90,86,49,134,60,121,45,35" hai3="38,85,16,95,19,123,111,110,28,4,29,89,88"/><V126/><F121/><W96/><G38/><T116/><D18/><N who="3" m="6697" /><G123/><T83/><D83/><U2/><E118/><V43/><F126/><W105/><G105/><T131/><D131/><U87/><E108/><V13/><F113/><W26/><G111/><T11/><D11/><U76/><E2/><V78/><F33/><W54/><G110/><T122/><D116/><U67/><E34/><V77/><F35/><W24/><G4/><T66/><D66/><U21/><E107/><V117/><F117/><W58/><G26/><T46/><D46/><U125/><E125/><V20/><F77/><W5/><G5/><T100/><D122/><U15/><E94/><V112/><F112/><W23/><G29/><T73/><D73/><U32/><E32/><V47/><F20/><W75/><G75/><T14/><D14/><U65/><E15/><V104/><F104/><W92/><G58/><T8/><D8/><U82/><E82/><V120/><F13/><W50/><G50/><T1/><D1/><U129/><E129/><V62/><F120/><W31/><G31/><T72/><D72/><U51/><REACH who="1" step="1"/><E27/><REACH who="1" ten="211,1,407,371" step="2"/><V55/><F81/><W127/><G127/><T7/><D7/><U109/><E109/><V103/><F103/><W59/><G95/><T102/><D101/><U84/><E84/><V79/><F86/><W0/><G0/><T114/><D114/><U12/><E12/><V99/><F99/><W130/><G130/><T9/><D9/><U57/><E57/><V6/><F6/><W40/><G59/><T17/><D30/><U74/><E74/><V61/><F47/><RYUUKYOKU ba="0,1" sc="211,15,1,15,407,-15,371,-15" hai0="17,25,36,37,93,97,98,100,102,106,132,133,135" hai1="21,22,44,51,52,65,67,68,70,71,76,80,87" /><INIT seed="7,1,1,1,4,86" ten="226,16,392,356" oya="3" hai0="85,8,43,22,62,11,37,24,45,95,30,32,49" hai1="61,44,77,68,104,59,100,105,13,135,102,101,17" hai2="10,129,33,111,64,6,128,0,103,46,113,134,3" hai3="48,14,94,12,35,26,2,87,57,29,119,39,66"/><W19/><G39/><T125/><D125/><U53/><E77/><V4/><F111/><W98/><G2/><T16/><D37/><U74/><E68/><V110/><F110/><W41/><G119/><T79/><D79/><U81/><E44/><V130/><F33/><W34/><G34/><T133/><D133/><U90/><E135/><V50/><F134/><W76/><G41/><T118/><D118/><U122/><E122/><V27/><F27/><W67/><G14/><T126/><D126/><U120/><E120/><V20/><F20/><W116/><G116/><T71/><D71/><U123/><E123/><V89/><F64/><W80/><G48/><T60/><D11/><U96/><E13/><V9/><F103/><N who="1" m="26369" /><U82/><DORA hai="127" /><E17/><V52/><F113/><W7/><G7/><T25/><REACH who="0" step="1"/><D8/><REACH who="0" ten="216,16,392,356" step="2"/><U38/><E53/><V63/><F9/><N who="3" m="6543" /><G57/><T31/><D31/><U97/><E59/><V47/><F4/><W5/><G5/><T117/><D117/><U131/><E61/><V21/><F0/><W99/><G67/><T132/><D132/><U112/><E38/><V42/><F63/><W56/><G56/><T84/><D84/><N who="1" m="50447" /><E112/><V1/><F1/><W106/><G66/><T54/><D54/><U51/><E51/><V36/><F3/><W75/><G106/><N who="1" m="41066" /><E131/><V91/><F6/><W114/><G114/><T108/><D108/><U70/><E70/><V88/><F10/><W15/><G15/><T73/><D73/><U83/><E74/><V92/><F129/><W109/><G109/><T124/><D124/><U28/><E28/><V78/><F130/><RYUUKYOKU ba="1,2" sc="216,10,16,10,392,-30,356,10" hai0="16,22,24,25,30,32,43,45,49,60,62,85,95" hai1="82,83,96,97" hai3="26,29,35,75,76,80,87,94,98,99" owari="226,-17.0,26,-47.0,362,16.0,386,48.0" /></mjloggm>