<mjloggm ver="2.3"><GO type="97" lobby="0"/><UN n0="%E3%82%A6%E3%83%AB%E3%83%88%E3%83%A9%E7%AB%8B%E7%9B%B4" n1="%E9%88%B4%E6%9C%A8%E5%8D%83%E7%A7%8B" n2="%E3%82%B8%E3%82%A7%E3%83%B3%E3%83%88" n3="%49%48%65%6E%74%72%79%4E" dan="14,16,14,13" rate="1965.29,2087.02,1889.97,2001.35" sx="M,M,M,M"/><TAIKYOKU oya="0"/><INIT seed="0,0,0,4,2,50" ten="250,250,250,250" oya="0" hai0="108,39,63,89,23,132,125,68,120,2,100,9,28" hai1="80,26,5,45,114,40,116,131,112,41,75,72,44" hai2="117,107,102,42,127,27,56,118,58,133,6,119,87" hai3="135,71,111,99,13,96,85,46,70,74,97,134,126"/><T53/><D39/><U79/><E116/><N who="2" m="29699" /><V104/><DORA hai="17" /><F42/><W67/><G74/><T110/><D120/><U29/><E5/><V121/><F121/><W8/><G111/><N who="0" m="42539" /><D100/><U31/><E131/><V128/><F128/><W76/><G126/><T78/><D78/><U11/><E11/><V69/><F69/><W82/><G67/><T98/><D125/><U93/><E93/><V88/><F127/><W52/><G70/><T62/><D132/><U19/><E19/><V38/><F38/><W65/><G65/><N who="0" m="41015" /><D9/><U123/><E123/><V1/><F102/><W3/><G71/><T37/><D2/><U49/><E75/><V95/><F133/><N who="3" m="50699" /><G3/><T25/><D37/><U15/><E79/><V54/><F6/><N who="3" m="3223" /><G99/><T48/><D63/><U90/><E72/><V34/><F1/><W105/><G105/><N who="2" m="40521" /><F54/><W36/><G36/><T35/><D98/><U18/><E41/><V20/><F34/><W103/><G103/><T33/><D89/><U55/><E90/><V32/><F32/><W73/><G73/><T81/><D81/><U106/><E80/><V84/><F87/><W7/><G7/><T83/><D83/><U129/><E129/><V122/><F122/><W101/><G101/><T113/><D113/><U91/><E106/><V21/><F27/><W24/><G24/><T64/><D64/><U14/><E91/><V92/><F92/><W109/><G109/><T124/><D124/><U59/><E114/><V57/><AGARI ba="0,0" hai="20,21,56,57,58,84,88,95" m="40521,29699" machi="57" ten="50,8000,1" yaku="12,1,52,2,54,1" doraHai="50,17" who="2" fromWho="2" sc="250,-40,250,-20,250,80,250,-20" /><INIT seed="1,0,0,4,4,22" ten="210,230,330,230" oya="1" hai0="111,10,44,7,16,77,118,48,122,65,42,94,95" hai1="62,6,49,57,84,56,112,117,21,51,89,40,87" hai2="25,14,61,74,5,107,13,63,36,1,125,85,26" hai3="114,11,119,9,38,115,58,92,124,106,135,33,110"/><U121/><E117/><V133/><F36/><W100/><G38/><T127/><D118/><U24/><E121/><V131/><F74/><W102/><G119/><T59/><D122/><U43/><E112/><V134/><F1/><W128/><G33/><T31/><D31/><N who="1" m="17807" /><E6/><V4/><F107/><W28/><G28/><T120/><D120/><U103/><E103/><V30/><F30/><W67/><G110/><T15/><D111/><U79/><E79/><V97/><F97/><W35/><G35/><T47/><D127/><U70/><E70/><V12/><F85/><N who="1" m="32841" /><E89/><V52/><F125/><W3/><G124/><T27/><D77/><U75/><E75/><V17/><F17/><W71/><G71/><T39/><D39/><U0/><E0/><V105/><F105/><W66/><G135/><N who="2" m="51721" /><F131/><W129/><G92/><T86/><D86/><U45/><E62/><N who="2" m="23563" /><F52/><W46/><G58/><N who="1" m="22634" /><E51/><V2/><F2/><W53/><G53/><AGARI ba="0,0" hai="40,43,45,49,53" m="22634,32841,17807" machi="53" ten="30,2900,0" yaku="8,1,52,1" doraHai="22" who="1" fromWho="3" sc="210,0,230,29,330,0,230,-29" /><INIT seed="1,1,0,4,3,60" ten="210,259,330,201" oya="1" hai0="56,77,38,47,16,30,32,53,69,120,113,80,34" hai1="11,4,87,6,102,35,51,91,85,92,63,46,67" hai2="99,0,3,126,108,14,49,96,15,21,33,61,82" hai3="31,112,66,90,40,42,75,89,2,98,134,104,114"/><U27/><E102/><V19/><F33/><W48/><G2/><T70/><D113/><U18/><E87/><V133/><F108/><W25/><G75/><T111/><D111/><U132/><E132/><V8/><F126/><W28/><G134/><T57/><D120/><U119/><E119/><V100/><F99/><W55/><G104/><T78/><D30/><U83/><E83/><V124/><F49/><W44/><G98/><T121/><D121/><U129/><E129/><V105/><F82/><W41/><G66/><T43/><D80/><U110/><E110/><V117/><F117/><W68/><G68/><T71/><D16/><U115/><E115/><V127/><F133/><W116/><G116/><T76/><REACH who="0" step="1"/><D53/><REACH who="0" ten="200,259,330,201" step="2"/><U94/><E18/><V37/><F124/><W45/><G114/><T109/><D109/><U24/><E24/><V59/><F127/><W93/><G112/><T125/><D125/><U101/><E27/><V22/><F19/><W135/><G135/><T88/><D88/><N who="3" m="33897" /><G93/><T9/><D9/><U97/><E11/><V107/><F8/><W131/><G131/><T23/><D23/><U5/><E35/><AGARI ba="1,1" hai="32,34,35,38,43,47,56,57,69,70,71,76,77,78" machi="35" ten="50,1600,0" yaku="1,1,53,0" doraHai="60" doraHaiUra="7" who="0" fromWho="1" sc="200,29,259,-19,330,0,201,0" /><INIT seed="2,0,0,5,4,62" ten="229,240,330,201" oya="2" hai0="13,101,76,111,19,87,51,44,122,49,29,59,61" hai1="35,4,27,129,8,128,98,45,37,133,104,115,73" hai2="114,108,91,34,131,78,95,50,21,56,83,120,123" hai3="60,66,40,99,81,132,93,116,117,31,75,39,6"/><V82/><F34/><W113/><G132/><T97/><D111/><U94/><E115/><V24/><F114/><W110/><G110/><T1/><D1/><U65/><E133/><V134/><F108/><W47/><G113/><T67/><D29/><U107/><E73/><V96/><F134/><W41/><G31/><T18/><D122/><U105/><E65/><V12/><F12/><W0/><G41/><T89/><D76/><U84/><E84/><V10/><F10/><N who="3" m="2375" /><G93/><N who="0" m="58543" /><D13/><U14/><E27/><V23/><F131/><N who="1" m="50249" /><E35/><V26/><F50/><N who="0" m="18954" /><D44/><U102/><E45/><V70/><F70/><N who="3" m="42311" /><G99/><T64/><D64/><U42/><E42/><V28/><F56/><W54/><G54/><T36/><D36/><AGARI ba="0,0" hai="4,8,14,36,37,94,98,102,104,105,107" m="50249" machi="36" ten="40,1300,0" yaku="19,1" doraHai="62" who="1" fromWho="0" sc="229,-13,240,13,330,0,201,0" /><INIT seed="3,0,0,4,1,62" ten="216,253,330,201" oya="3" hai0="46,73,105,80,45,18,79,77,42,106,17,120,24" hai1="85,16,133,29,88,2,66,41,130,100,122,96,19" hai2="112,50,55,134,21,86,37,125,25,58,43,61,30" hai3="63,91,10,95,84,27,7,67,0,4,60,127,92"/><W53/><G127/><T78/><D120/><U6/><E122/><V76/><F112/><W72/><G72/><T124/><D124/><U38/><E133/><V22/><F125/><W83/><G7/><T132/><D132/><U116/><E116/><V93/><F134/><W65/><G27/><T115/><D115/><U64/><E130/><V8/><F22/><W87/><G53/><T119/><D119/><U31/><E41/><V118/><F8/><W110/><G110/><T121/><D121/><U14/><E38/><V48/><F118/><W75/><G75/><T71/><D71/><U104/><E2/><V52/><F43/><W68/><REACH who="3" step="1"/><G87/><REACH who="3" ten="216,253,330,191" step="2"/><T90/><D73/><U135/><E135/><V35/><F55/><W33/><G33/><T74/><D74/><U32/><E6/><V114/><F35/><W89/><G89/><T126/><D126/><U47/><E19/><V40/><F114/><W102/><G102/><T1/><D1/><U11/><E29/><V26/><F25/><W5/><G5/><T107/><D24/><U82/><E31/><V123/><F123/><W56/><AGARI ba="0,1" hai="0,4,10,56,60,63,65,67,68,83,84,91,92,95" machi="56" ten="20,18000,2" yaku="1,1,0,1,7,1,52,2,53,1" doraHai="62" doraHaiUra="54" who="3" fromWho="3" sc="216,-60,253,-60,330,-60,191,190" owari="156,-34.0,193,-21.0,270,7.0,381,48.0" /></mjloggm>