<mjloggm ver="2.3"><GO type="97" lobby="0"/><UN n0="%E3%82%B5%E3%83%9C" n1="%E3%82%A6%E3%83%AB%E3%83%88%E3%83%A9%E7%AB%8B%E7%9B%B4" n2="%E6%AD%A3%E7%BE%A9%E3%81%AE%E3%83%91%E3%83%B3%E5%8D%93%E6%B0%91" n3="%E3%83%90%E3%83%88%E3%83%AB%E3%83%92%E3%83%BC%E3%83%AD%E3%83%BC" dan="14,15,13,14" rate="1871.63,2052.91,1897.86,2009.74" sx="M,M,M,M"/><TAIKYOKU oya="0"/><INIT seed="0,0,0,5,1,27" ten="250,250,250,250" oya="0" hai0="105,110,5,106,45,73,71,28,89,51,118,65,36" hai1="38,23,102,79,54,10,70,123,76,114,86,96,100" hai2="43,74,56,113,84,14,81,107,128,13,98,94,122" hai3="49,17,77,112,3,99,64,21,32,42,20,95,50"/><T22/><D118/><U11/><E38/><V2/><F113/><W108/><G112/><T66/><D36/><U117/><E70/><V6/><F2/><W59/><G108/><T9/><D73/><U135/><E123/><V130/><F122/><W134/><G32/><T97/><D9/><U58/><E117/><V35/><F35/><W68/><G68/><T78/><D110/><U57/><E135/><V52/><F74/><W72/><G72/><T111/><D111/><U41/><E41/><V40/><F107/><W29/><G3/><T82/><D5/><U47/><E47/><V39/><F39/><W53/><G134/><T109/><D109/><U87/><E114/><V131/><F6/><W91/><G77/><T15/><D71/><U46/><E46/><V34/><F34/><W30/><G21/><T120/><D120/><U93/><E23/><V133/><F133/><W92/><G92/><N who="0" m="56463" /><D106/><U126/><E126/><V132/><F132/><W18/><G64/><T44/><D105/><U33/><E33/><V103/><F43/><W31/><G20/><T37/><D37/><U25/><E93/><V127/><F40/><W75/><G75/><T4/><D4/><U119/><E119/><V61/><REACH who="2" step="1"/><F127/><REACH who="2" ten="250,250,240,250" step="2"/><W7/><G7/><T125/><D125/><U80/><E25/><V12/><F12/><W129/><G129/><T90/><D15/><U48/><E11/><V19/><F19/><N who="3" m="7179" /><G42/><T8/><D8/><U115/><E10/><V60/><F60/><AGARI ba="0,1" hai="29,30,31,49,50,53,59,60,91,95,99" m="7179" machi="60" ten="30,7700,0" yaku="8,1,52,3" doraHai="27" who="3" fromWho="2" sc="250,0,250,0,240,-77,250,87" /><INIT seed="1,0,0,4,2,35" ten="250,250,163,337" oya="1" hai0="33,29,2,34,12,57,107,85,126,63,122,68,119" hai1="101,20,52,24,53,42,84,17,74,71,43,25,78" hai2="109,3,60,93,62,80,13,48,51,108,83,104,50" hai3="66,5,118,115,79,82,72,135,133,91,120,113,49"/><U58/><E71/><V117/><F104/><W92/><G66/><T97/><D119/><U100/><E74/><V98/><F117/><W1/><G1/><T132/><D132/><N who="3" m="50761" /><G5/><T89/><D68/><U37/><E37/><V81/><F13/><W99/><G49/><N who="2" m="12545" /><V16/><DORA hai="19" /><F16/><W111/><G111/><N who="2" m="42569" /><F3/><W94/><G118/><T96/><D126/><U31/><E84/><V54/><F54/><N who="1" m="21097" /><E58/><V127/><F127/><W106/><G106/><T22/><D122/><U87/><E87/><V131/><F131/><W123/><G94/><T130/><D107/><U70/><E70/><V14/><F14/><W125/><G125/><T46/><D130/><U4/><E4/><V47/><F47/><W59/><G59/><T32/><D2/><U21/><E78/><V11/><F11/><W114/><AGARI ba="0,0" hai="72,79,82,91,92,99,113,114,115,120,123" m="50761" machi="114" ten="40,5200,0" yaku="20,1,34,2" doraHai="35,19" who="3" fromWho="3" sc="250,-13,250,-26,163,-13,337,52" /><INIT seed="2,0,0,5,4,38" ten="237,224,150,389" oya="2" hai0="73,10,50,52,58,4,42,98,82,49,43,71,113" hai1="84,83,130,75,27,81,116,18,12,33,65,21,35" hai2="93,54,92,2,76,53,106,44,107,59,91,122,103" hai3="79,37,77,48,97,6,109,25,102,46,20,100,3"/><V56/><F122/><W104/><G109/><T14/><D71/><U117/><E65/><V16/><F2/><W115/><G115/><T0/><D0/><U123/><E75/><V7/><F7/><W36/><G100/><T41/><D113/><U9/><E83/><V51/><F76/><W72/><G37/><T64/><D64/><U45/><E123/><V88/><F103/><W80/><G79/><T90/><D73/><U28/><E130/><V128/><F128/><W124/><G36/><T134/><D134/><U95/><E95/><V131/><F131/><W108/><G108/><T47/><D98/><U70/><E70/><V17/><REACH who="2" step="1"/><F51/><REACH who="2" ten="237,224,140,389" step="2"/><W34/><G124/><T87/><AGARI ba="0,1" hai="4,10,14,41,42,43,47,49,50,52,58,82,87,90" machi="87" ten="30,12000,2" yaku="0,1,8,1,52,3,54,1" doraHai="38" who="0" fromWho="0" sc="237,130,224,-30,140,-60,389,-30" /><INIT seed="3,0,0,2,4,57" ten="367,194,80,359" oya="3" hai0="93,26,29,30,61,79,119,52,70,27,88,69,130" hai1="66,89,21,71,55,40,7,99,98,102,91,20,73" hai2="133,68,81,63,2,17,22,90,74,108,60,111,18" hai3="53,39,124,100,118,58,50,113,123,47,12,43,126"/><W49/><G113/><T38/><D38/><U36/><E73/><V44/><F2/><W8/><G100/><T115/><D130/><U24/><E71/><V104/><F104/><W129/><G129/><T131/><D131/><U10/><E36/><V25/><F133/><W107/><G107/><T11/><D119/><U48/><E66/><V134/><F134/><W65/><G65/><T96/><D115/><U83/><E40/><V56/><F44/><W77/><G77/><T46/><D79/><U87/><E91/><V94/><F81/><W15/><G123/><T54/><D11/><U122/><E122/><V28/><F74/><W128/><G128/><T13/><D13/><N who="3" m="5193" /><G8/><T42/><D69/><U62/><E48/><V4/><F4/><W97/><G97/><T101/><D101/><U3/><E21/><V125/><F125/><N who="3" m="48235" /><G118/><T14/><D14/><U78/><E78/><V117/><F117/><W103/><G103/><T120/><D120/><U127/><E127/><V132/><F132/><W5/><G5/><T16/><D70/><U109/><E99/><V114/><F114/><W19/><G19/><T67/><D16/><N who="2" m="6250" /><F56/><W116/><G116/><T51/><D29/><U1/><E83/><V110/><F68/><W34/><G39/><T106/><D106/><U95/><E1/><V37/><F37/><W92/><G92/><T72/><D72/><U23/><E95/><V59/><F59/><W41/><G34/><N who="0" m="20823" /><D27/><U9/><E24/><V105/><F105/><W64/><G64/><T0/><D0/><U33/><E3/><V75/><F75/><W45/><G41/><RYUUKYOKU ba="0,0" sc="367,10,194,-30,80,10,359,10" hai0="42,46,51,52,54,61,67,88,93,96" hai2="22,25,28,60,63,90,94,108,110,111" hai3="43,45,47,49,50,53,58" /><INIT seed="3,1,0,5,5,135" ten="377,164,90,369" oya="3" hai0="8,108,65,49,59,34,84,62,42,116,19,23,29" hai1="54,85,31,33,98,75,3,96,6,111,28,104,58" hai2="97,102,7,87,121,94,53,122,79,63,17,66,27" hai3="123,20,16,32,113,56,57,47,64,77,30,124,41"/><W117/><G123/><N who="2" m="47113" /><F53/><W12/><G117/><T109/><D116/><U37/><E37/><V110/><F7/><W44/><G113/><T39/><D8/><U5/><E58/><N who="3" m="22634" /><G32/><T105/><D105/><U52/><E33/><V86/><F110/><N who="0" m="42602" /><D39/><U61/><E61/><V131/><F79/><W100/><G30/><T88/><D34/><U126/><E3/><V107/><F131/><W125/><G100/><T73/><D73/><U129/><E129/><V133/><F133/><W103/><G103/><T51/><D42/><U134/><E134/><V9/><F9/><W4/><G77/><T92/><D29/><U89/><E111/><V130/><F130/><W72/><G72/><T76/><D76/><U25/><E28/><V106/><F17/><W115/><G115/><T81/><D81/><U24/><E31/><V1/><F27/><AGARI ba="1,0" hai="19,23,27,49,51,59,62,65,84,88,92" m="42602" machi="27" ten="30,2000,0" yaku="14,1,54,1" doraHai="135" who="0" fromWho="2" sc="377,23,164,0,90,-23,369,0" owari="400,50.0,164,-24.0,67,-43.0,369,17.0" /></mjloggm>