<mjloggm ver="2.3"><GO type="97" lobby="0"/><UN n0="%E5%B0%B1%E6%B4%BB%E7%94%9F%40%E5%B7%9D%E6%9D%91%E8%BB%8D%E5%9B%A3" n1="%E2%97%86%4D%74%4D%4D%4D%4D%4D" n2="%E3%82%88%E3%81%AA%E3%83%9A%E3%83%B3" n3="%E3%81%BE%E3%81%99%E3%81%AE%E3%81%99%E3%81%97" dan="13,13,13,14" rate="1905.71,1875.52,1859.11,1922.24" sx="M,M,M,M"/><TAIKYOKU oya="0"/><INIT seed="0,0,0,3,3,27" ten="250,250,250,250" oya="0" hai0="31,3,21,111,101,82,66,35,59,40,133,107,131" hai1="114,132,72,43,113,91,106,77,52,88,14,93,81" hai2="128,67,87,55,4,84,118,26,122,96,0,102,127" hai3="34,68,20,58,120,16,41,65,70,53,64,38,75"/><T126/><D35/><U12/><E43/><V24/><F122/><W86/><G75/><T23/><D3/><U5/><E132/><V129/><F67/><W125/><G34/><T2/><D2/><U9/><E14/><V124/><F55/><W11/><G120/><T51/><D107/><U46/><E106/><N who="2" m="63815" /><F4/><W85/><G125/><N who="2" m="48201" /><F0/><W135/><G135/><T1/><D1/><U104/><E104/><V54/><F54/><W32/><G32/><T25/><D126/><U18/><E5/><V92/><F118/><W123/><G123/><T119/><D101/><U100/><E100/><V98/><F24/><W10/><G70/><T83/><D119/><U112/><E93/><V76/><F26/><W7/><G68/><T15/><D133/><U134/><E134/><V63/><F63/><W90/><G41/><T49/><D40/><U69/><E69/><V109/><F109/><W62/><G38/><T30/><D25/><U44/><E44/><V56/><F56/><W29/><G10/><T19/><D59/><U121/><E121/><V73/><F73/><W95/><G11/><T105/><D105/><U71/><E71/><V36/><F36/><W13/><G7/><T17/><D15/><U115/><N who="1" m="29184" /><DORA hai="108" /><U117/><E117/><V97/><F97/><N who="3" m="57591" /><G65/><T50/><D111/><U37/><E37/><V28/><F28/><N who="0" m="10794" /><D66/><U47/><E47/><V103/><F76/><W74/><G74/><T33/><D33/><U78/><E78/><V6/><F6/><W8/><G64/><T42/><D42/><U130/><E130/><AGARI ba="0,0" hai="84,87,92,98,103,128,129,130" m="48201,63815" machi="130" ten="30,7700,0" yaku="19,1,18,1,34,2" doraHai="27,108" who="2" fromWho="1" sc="250,0,250,-77,250,77,250,0" /><INIT seed="1,0,0,5,5,108" ten="250,173,327,250" oya="1" hai0="123,62,91,107,129,37,57,42,73,28,50,92,20" hai1="118,11,58,38,135,23,14,45,59,85,84,46,31" hai2="2,89,35,24,29,56,48,78,71,104,7,99,67" hai3="18,128,5,77,47,19,106,60,3,16,117,0,10"/><U25/><E118/><V102/><F78/><W32/><G106/><T51/><D107/><U9/><E135/><V83/><F83/><W68/><G117/><T115/><D73/><U74/><E74/><V26/><F26/><W96/><G0/><T111/><D111/><U126/><E126/><V110/><F110/><W6/><G6/><T41/><D123/><U17/><E9/><N who="2" m="2295" /><F48/><N who="0" m="18474" /><D129/><U54/><E38/><V100/><F100/><W109/><G109/><T95/><D37/><U72/><E72/><V66/><F66/><W116/><G116/><T90/><D115/><U130/><E130/><V97/><F97/><W112/><G77/><T87/><D20/><U127/><E127/><V61/><F56/><N who="1" m="21545" /><E54/><V12/><F12/><W27/><G96/><N who="0" m="57367" /><D28/><U40/><E40/><V69/><F69/><W86/><G86/><AGARI ba="0,0" hai="11,14,17,23,25,31,45,46,84,85,86" m="21545" machi="86" ten="30,1500,0" yaku="8,1" doraHai="108" who="1" fromWho="3" sc="250,0,173,15,327,0,250,-15" /><INIT seed="1,1,0,5,2,114" ten="250,188,327,235" oya="1" hai0="52,133,64,86,54,41,38,23,112,9,47,36,57" hai1="68,107,22,71,2,92,125,55,126,83,113,37,134" hai2="73,105,75,19,69,27,13,77,56,62,44,87,18" hai3="58,131,43,0,96,117,104,85,20,3,103,121,120"/><U17/><E113/><V21/><F105/><W123/><G131/><T128/><D112/><U91/><E107/><V101/><F101/><W130/><G130/><T116/><D128/><U100/><E100/><V50/><F69/><W110/><G110/><T72/><D72/><U88/><E37/><V28/><F87/><W98/><G98/><T67/><D23/><U49/><E2/><V12/><F12/><W14/><G43/><T45/><D9/><U63/><E63/><V30/><F75/><W51/><G117/><T74/><D74/><U132/><E83/><V65/><F77/><W35/><G35/><T122/><D86/><N who="1" m="52247" /><E91/><V95/><F95/><W15/><G85/><T127/><D122/><U66/><E66/><N who="0" m="25129" /><D127/><N who="1" m="48651" /><E71/><V24/><F73/><W39/><G39/><N who="0" m="14891" /><D133/><U16/><E68/><V78/><F78/><W8/><G0/><T111/><D111/><U99/><E99/><V25/><F19/><N who="1" m="7241" /><E22/><V124/><F124/><W81/><G20/><T53/><D116/><U34/><E34/><V82/><F82/><W84/><G81/><T29/><D29/><U48/><E48/><V76/><F76/><W90/><G3/><T115/><D115/><U118/><E118/><V46/><F50/><W10/><G51/><N who="0" m="27055" /><D47/><AGARI ba="1,0" hai="47,49,55,132,134" m="7241,48651,52247" machi="47" ten="30,5800,0" yaku="18,1,54,2" doraHai="114" who="1" fromWho="0" sc="250,-61,188,61,327,0,235,0" /><AGARI ba="1,0" hai="13,18,21,24,25,27,28,30,44,46,47,56,62,65" machi="47" ten="40,1300,0" yaku="8,1" doraHai="114" who="2" fromWho="0" sc="189,-13,249,0,327,13,235,0" /><INIT seed="1,2,0,5,0,26" ten="176,249,340,235" oya="1" hai0="19,108,17,106,48,41,67,47,9,110,54,22,2" hai1="31,45,53,88,95,68,82,73,97,83,3,49,72" hai2="127,128,78,77,134,135,115,125,93,21,64,94,23" hai3="32,123,102,84,6,46,15,119,44,87,98,105,111"/><U71/><E3/><V76/><F64/><W81/><G123/><T66/><D106/><U56/><E71/><V40/><F40/><W85/><G32/><T25/><D54/><N who="1" m="29999" /><E68/><V33/><F33/><W62/><G111/><T117/><D117/><U118/><E72/><V52/><F52/><W89/><G119/><T36/><D36/><U63/><E73/><V74/><F74/><W27/><G62/><T60/><D60/><U16/><E118/><V112/><F23/><W8/><G27/><T100/><D100/><U5/><E5/><V96/><F21/><W55/><G55/><T11/><D2/><U35/><E35/><V28/><F28/><W70/><G70/><T132/><D132/><N who="2" m="50730" /><F96/><W120/><G120/><T86/><D110/><U20/><E31/><V38/><F38/><W30/><G30/><T57/><D108/><U91/><E91/><V90/><F90/><W39/><G39/><T133/><D133/><U131/><E131/><V37/><F37/><W61/><G61/><T129/><D129/><U122/><E122/><V130/><F128/><W116/><G116/><T51/><D57/><U75/><E75/><V121/><F121/><W104/><G104/><T7/><D7/><U69/><E69/><V13/><F130/><W101/><G101/><T65/><D51/><U80/><E80/><V0/><F0/><W113/><G113/><N who="2" m="43593" /><F13/><AGARI ba="2,0" hai="13,16,20,53,56,63,82,83,88,95,97" m="29999" machi="13" ten="30,5800,0" yaku="8,1,54,2" doraHai="26" who="1" fromWho="2" sc="176,0,249,64,340,-64,235,0" /><INIT seed="1,3,0,2,2,52" ten="176,313,276,235" oya="1" hai0="41,32,2,78,68,87,70,40,118,76,74,114,133" hai1="86,29,80,97,71,7,6,119,24,31,49,15,115" hai2="72,42,4,34,13,101,95,10,83,132,21,89,94" hai3="117,81,58,98,121,105,135,116,67,20,127,60,27"/><U43/><E115/><V12/><F34/><W73/><G121/><T50/><D32/><U47/><E119/><N who="3" m="45642" /><G135/><T48/><D118/><U23/><E71/><V122/><F122/><W92/><G127/><T125/><D114/><U131/><E131/><V55/><F42/><W54/><G105/><T28/><D28/><U51/><E29/><V14/><F132/><W102/><G81/><T33/><D33/><U62/><E51/><V16/><F13/><W84/><G84/><T100/><D100/><U88/><E97/><V1/><F1/><W108/><G73/><T66/><D2/><U46/><E46/><V53/><F101/><W124/><G124/><T123/><D123/><U65/><E15/><V38/><F38/><W75/><G75/><T134/><D87/><U11/><E11/><V0/><F0/><W129/><G129/><T96/><D74/><U111/><E111/><V19/><F4/><W64/><G108/><T44/><D125/><U25/><E25/><V112/><F112/><W36/><G36/><T103/><D103/><U107/><E107/><V85/><F72/><W9/><G9/><T79/><D96/><U128/><E128/><V57/><F55/><W26/><G26/><T17/><D17/><AGARI ba="3,0" hai="17,20,27,54,58,60,64,67,92,98,102" m="45642" machi="17" ten="30,2000,0" yaku="12,1,52,1" doraHai="52" who="3" fromWho="0" sc="176,-29,313,0,276,0,235,29" /><INIT seed="2,0,0,4,1,35" ten="147,313,276,264" oya="2" hai0="87,117,6,54,126,18,91,67,94,103,60,55,49" hai1="118,62,104,66,85,81,131,111,28,15,3,128,68" hai2="93,56,77,14,9,27,115,47,123,114,19,36,72" hai3="37,31,34,133,48,79,5,107,44,80,42,83,2"/><V78/><F123/><W58/><G107/><T0/><D117/><U61/><E111/><V102/><F78/><W75/><G133/><T89/><D126/><U21/><E118/><V134/><F134/><W109/><G109/><T20/><D103/><U25/><E15/><V51/><F36/><W1/><G83/><T106/><D106/><U63/><E104/><V38/><F38/><W30/><G34/><T122/><D122/><U59/><E59/><V96/><F56/><W29/><REACH who="3" step="1"/><G5/><REACH who="3" ten="147,313,276,254" step="2"/><T116/><D116/><U22/><E81/><V82/><REACH who="2" step="1"/><F27/><REACH who="2" ten="147,313,266,254" step="2"/><W120/><G120/><T41/><D6/><U10/><E25/><V92/><F92/><W112/><G112/><T24/><D94/><U13/><E68/><V119/><F119/><W7/><G7/><T110/><D24/><U69/><E69/><V124/><F124/><W40/><G40/><AGARI ba="0,2" hai="9,14,19,40,47,51,72,77,82,93,96,102,114,115" machi="40" ten="30,2900,0" yaku="1,1,7,1,53,0" doraHai="35" doraHaiUra="53" who="2" fromWho="3" sc="147,0,313,0,266,49,254,-29" /><INIT seed="2,1,0,3,4,26" ten="147,313,315,225" oya="2" hai0="116,9,115,89,1,78,44,132,113,81,111,135,58" hai1="41,107,21,7,120,51,66,55,53,52,30,88,98" hai2="70,127,95,57,42,63,46,13,102,129,17,39,54" hai3="60,8,0,77,122,91,10,110,125,109,83,29,112"/><V65/><F127/><W35/><G122/><T79/><D1/><U61/><E107/><V85/><F129/><W5/><G125/><T73/><D44/><N who="1" m="25999" /><E120/><V27/><F27/><W32/><G112/><N who="0" m="43083" /><D58/><N who="1" m="35015" /><E7/><V96/><F85/><W130/><G130/><T84/><D9/><U50/><E66/><V117/><F117/><W119/><G119/><T101/><D116/><U97/><E97/><V33/><F33/><W16/><G91/><T43/><D43/><U114/><E114/><V45/><F45/><W121/><G121/><T12/><D12/><U40/><E40/><V74/><F74/><W131/><G131/><T126/><D126/><U124/><E124/><V69/><F65/><W48/><G48/><T28/><D28/><U118/><E118/><V80/><REACH who="2" step="1"/><F80/><REACH who="2" ten="147,313,305,225" step="2"/><W100/><G35/><T62/><D111/><U19/><E50/><V2/><F2/><W67/><G32/><T24/><D24/><N who="1" m="16655" /><E19/><V14/><F14/><W47/><G16/><T38/><D62/><U20/><E20/><AGARI ba="1,1" hai="13,17,20,39,42,46,54,57,63,69,70,95,96,102" machi="20" ten="30,5800,0" yaku="1,1,7,1,53,1" doraHai="26" doraHaiUra="49" who="2" fromWho="1" sc="147,0,313,-61,305,71,225,0" /><INIT seed="2,2,0,3,5,122" ten="147,252,376,225" oya="2" hai0="33,70,82,128,125,41,46,73,24,112,105,83,60" hai1="117,99,50,79,108,3,92,8,10,54,97,7,102" hai2="36,16,76,58,75,5,61,106,86,132,129,52,126" hai3="110,19,93,131,6,28,0,22,127,135,98,17,62"/><V64/><F106/><W118/><G118/><T85/><D105/><U48/><E117/><V94/><F36/><W56/><G135/><T45/><D112/><U68/><E68/><V40/><F40/><W26/><G131/><T121/><D128/><U23/><E99/><V90/><F126/><W103/><G127/><T67/><D121/><U53/><E79/><V1/><F132/><W42/><G42/><T134/><D125/><U14/><E23/><V4/><F1/><W11/><REACH who="3" step="1"/><G110/><REACH who="3" ten="147,252,376,215" step="2"/><T115/><D115/><U101/><E108/><V81/><F129/><W95/><G95/><T120/><D120/><U84/><E54/><AGARI ba="2,1" hai="0,6,11,17,19,22,26,28,54,56,62,93,98,103" machi="54" ten="30,2000,0" yaku="1,1,7,1,53,0" doraHai="122" doraHaiUra="87" who="3" fromWho="1" sc="147,0,252,-26,376,0,215,36" /><INIT seed="3,0,0,2,4,37" ten="147,226,376,251" oya="3" hai0="26,17,100,81,40,103,129,61,116,55,58,83,105" hai1="125,47,43,135,3,101,53,84,34,24,131,120,32" hai2="52,13,7,76,119,54,23,91,16,33,20,22,56" hai3="11,134,41,45,68,107,59,108,69,12,87,5,50"/><W42/><G107/><T51/><D116/><U1/><E120/><V92/><F33/><W6/><G134/><T44/><D129/><U65/><E135/><V21/><F76/><W2/><G108/><T75/><D75/><U15/><E131/><V102/><F102/><W35/><G35/><T109/><D109/><U110/><E125/><V86/><F119/><W46/><G59/><T77/><D77/><U49/><E110/><V98/><F7/><W74/><G74/><T62/><D62/><U57/><E65/><V36/><F36/><W95/><G2/><T96/><D103/><U128/><E128/><V25/><F25/><W19/><G69/><T27/><D27/><U89/><E101/><N who="2" m="60615" /><F56/><W4/><G68/><T82/><D26/><U111/><E111/><V0/><F0/><W97/><G87/><T132/><D132/><U133/><E133/><V104/><F104/><W117/><G117/><T28/><D28/><U73/><E73/><V106/><F106/><W71/><G71/><T64/><REACH who="0" step="1"/><D17/><REACH who="0" ten="137,226,376,251" step="2"/><U115/><E115/><V114/><F114/><W78/><G78/><T72/><D72/><U48/><E24/><V94/><AGARI ba="0,1" hai="13,16,20,21,22,23,52,54,86,91,94" m="60615" machi="94" ten="30,4000,0" yaku="8,1,54,2" doraHai="37" who="2" fromWho="2" sc="137,-10,226,-10,376,50,251,-20" owari="127,-37.0,216,-18.0,426,52.0,231,3.0" /></mjloggm>