<mjloggm ver="2.3"><GO type="97" lobby="0"/><UN n0="%6D%61%72%79%6F" n1="%E3%82%A6%E3%83%AB%E3%83%88%E3%83%A9%E7%AB%8B%E7%9B%B4" n2="%64%65%66%61%63%74" n3="%E3%81%A1%E3%82%8D%E3%81%B9%E3%81%88" dan="13,14,13,14" rate="1812.77,1947.96,1863.53,1929.67" sx="M,M,M,M"/><TAIKYOKU oya="0"/><INIT seed="0,0,0,4,2,35" ten="250,250,250,250" oya="0" hai0="22,11,10,101,49,70,57,120,76,88,5,69,128" hai1="96,126,18,134,19,25,84,16,98,131,59,58,130" hai2="56,91,17,104,45,7,67,28,132,110,32,82,111" hai3="1,4,129,33,78,90,97,15,115,66,108,122,27"/><T79/><D120/><U133/><E84/><V74/><F104/><W63/><G115/><T85/><D101/><U37/><E37/><V81/><F45/><W30/><G122/><T55/><D128/><N who="1" m="49195" /><E25/><N who="2" m="18447" /><F67/><W0/><G129/><T107/><D107/><U109/><E109/><N who="2" m="41483" /><F56/><N who="1" m="21545" /><E126/><V93/><F132/><AGARI ba="0,0" hai="16,18,19,96,98,132,133,134" m="21545,49195" machi="132" ten="40,8000,1" yaku="28,2,20,1,19,1,54,1" doraHai="35" who="1" fromWho="2" sc="250,0,250,80,250,-80,250,0" /><INIT seed="1,0,0,2,5,67" ten="250,330,170,250" oya="1" hai0="56,121,81,79,1,49,77,87,100,33,51,101,92" hai1="78,22,2,57,80,13,63,42,60,122,88,134,98" hai2="119,68,127,59,123,91,132,70,29,103,6,76,0" hai3="17,62,40,4,75,72,25,126,47,34,10,89,66"/><U9/><E2/><V82/><F123/><W131/><G131/><T14/><D1/><U15/><E122/><V37/><F119/><W128/><G128/><T21/><D33/><U18/><E42/><V65/><F37/><W58/><G126/><T46/><D121/><U24/><E134/><V48/><F127/><W35/><G35/><T41/><D79/><U83/><E15/><V106/><F132/><W30/><G89/><T73/><D73/><U135/><E135/><V90/><F29/><W28/><G28/><T104/><D104/><U71/><E71/><V39/><F39/><W93/><G93/><T118/><D92/><N who="1" m="56583" /><E78/><V53/><F65/><W133/><G133/><T113/><D113/><U108/><E108/><V32/><F32/><W54/><G17/><T26/><D14/><U7/><E60/><V3/><F106/><W129/><G129/><T96/><D96/><U94/><E94/><V117/><F117/><W20/><G34/><T114/><D114/><U107/><E107/><V124/><F103/><W102/><G102/><T110/><D110/><U44/><E44/><V105/><F105/><W43/><G72/><T8/><D8/><U61/><E61/><V12/><F124/><W31/><G31/><N who="0" m="17871" /><D118/><U23/><E23/><V36/><F36/><W85/><G75/><T5/><D5/><U111/><E111/><V116/><F116/><W97/><G97/><T125/><D125/><U19/><E7/><V115/><F115/><W120/><G120/><T99/><D99/><U55/><AGARI ba="0,0" hai="9,13,18,19,22,24,55,57,63,80,83" m="56583" machi="55" ten="30,6000,0" yaku="25,1,8,1,54,1" doraHai="67" who="1" fromWho="1" sc="250,-20,330,60,170,-20,250,-20" /><INIT seed="1,1,0,5,5,12" ten="230,390,150,230" oya="1" hai0="86,115,121,85,90,22,9,128,7,46,43,0,77" hai1="114,20,80,39,32,117,83,13,75,54,110,122,112" hai2="3,135,101,57,30,98,35,62,8,120,84,53,2" hai3="1,37,55,107,73,52,38,76,14,134,132,119,78"/><U116/><E39/><N who="3" m="14858" /><G1/><T109/><D115/><U61/><E75/><V111/><F120/><W65/><G65/><T51/><D121/><U94/><E32/><V64/><F111/><W10/><G107/><T4/><D109/><U11/><E122/><V58/><F135/><N who="3" m="51755" /><G119/><T131/><D7/><U106/><E106/><V102/><F84/><W130/><G130/><T95/><D22/><U89/><E110/><V79/><F79/><N who="3" m="30251" /><G73/><T59/><D59/><N who="1" m="35063" /><E112/><V92/><F102/><W70/><G70/><T48/><D48/><U60/><E114/><V97/><F97/><W16/><AGARI ba="1,0" hai="10,14,16,52,55" m="30251,51755,14858" machi="16" ten="40,8000,1" yaku="20,1,52,1,54,2" doraHai="12" who="3" fromWho="3" sc="230,-21,390,-41,150,-21,230,83" /><INIT seed="2,0,0,5,4,108" ten="209,349,129,313" oya="2" hai0="67,128,86,83,14,112,34,74,7,27,51,88,87" hai1="63,135,55,105,23,130,101,95,122,19,36,65,116" hai2="78,71,121,123,26,92,117,120,115,61,68,24,98" hai3="131,39,111,53,134,37,82,133,2,125,66,30,91"/><V5/><F117/><W6/><G111/><T73/><D128/><U72/><E105/><V57/><F78/><W25/><G131/><T132/><D132/><N who="3" m="50793" /><G66/><T118/><D118/><U21/><E72/><V81/><F81/><W3/><G125/><T107/><D107/><U129/><E36/><N who="3" m="13898" /><G53/><T49/><D67/><U31/><E116/><V33/><F5/><W94/><G82/><T40/><D51/><U13/><E55/><V70/><F115/><W62/><G62/><T64/><D64/><U43/><E43/><V28/><F24/><W99/><G6/><T8/><D112/><U9/><E122/><V59/><REACH who="2" step="1"/><F61/><REACH who="2" ten="209,349,119,313" step="2"/><W109/><G109/><T20/><D34/><AGARI ba="0,1" hai="2,3,25,30,34,91,94,99" m="13898,50793" machi="34" ten="30,1000,0" yaku="20,1" doraHai="108" who="3" fromWho="0" sc="209,-10,349,0,119,0,313,20" /><INIT seed="3,0,0,1,4,9" ten="199,349,119,333" oya="3" hai0="65,42,4,81,32,77,13,102,134,40,58,35,56" hai1="112,84,16,74,39,37,99,82,91,49,123,86,18" hai2="97,60,30,7,103,0,51,124,106,127,2,107,36" hai3="85,89,90,92,128,22,116,115,67,133,75,71,70"/><W109/><G116/><T69/><D81/><N who="1" m="49551" /><E39/><V119/><F36/><W31/><G115/><T72/><D4/><U38/><E37/><V104/><F30/><W117/><G117/><T34/><D102/><U44/><E38/><V113/><F119/><W120/><G120/><T66/><D77/><N who="1" m="46415" /><E74/><V11/><F113/><W10/><G128/><T130/><D72/><U1/><E1/><V19/><F60/><W29/><G133/><T43/><D69/><U47/><E112/><V78/><F78/><W53/><G109/><T125/><D125/><N who="2" m="48202" /><F51/><W12/><G75/><T88/><D88/><U6/><E6/><V132/><F19/><N who="1" m="7209" /><E123/><V76/><F76/><W21/><G53/><T33/><D33/><U87/><E87/><V83/><F83/><W48/><G48/><T17/><D130/><U98/><E47/><V23/><F23/><W14/><G67/><T63/><D134/><U59/><E59/><V129/><F129/><W110/><G110/><T79/><D79/><U126/><E126/><V73/><F132/><W94/><G85/><T95/><D95/><U108/><E108/><V61/><F73/><W100/><G100/><T131/><D131/><U122/><E122/><V111/><F111/><W45/><G45/><T93/><D93/><U114/><E114/><V46/><F46/><W41/><G41/><AGARI ba="0,0" hai="41,44,49,98,99" m="7209,46415,49551" machi="41" ten="30,2000,0" yaku="8,1,54,1" doraHai="9" who="1" fromWho="3" sc="199,0,349,20,119,0,333,-20" owari="199,-20.0,369,47.0,119,-38.0,313,11.0" /></mjloggm>