<mjloggm ver="2.3"><GO type="169" lobby="0"/><UN n0="%E6%9B%BF%E7%8E%89%E5%9B%BA%E9%BA%BA" n1="%E6%B0%B7%E6%B2%B3%E9%A2%A8" n2="%E3%82%A6%E3%83%AB%E3%83%88%E3%83%A9%E7%AB%8B%E7%9B%B4" n3="%E3%82%BC%E3%83%B3%E3%83%84%E3%83%83%E3%83%91" dan="16,17,16,18" rate="2114.82,2151.80,2130.79,2180.18" sx="M,M,M,M"/><TAIKYOKU oya="0"/><INIT seed="0,0,0,1,3,58" ten="250,250,250,250" oya="0" hai0="88,119,15,35,135,93,134,66,43,56,37,22,126" hai1="118,41,110,61,24,39,51,113,34,27,74,16,131" hai2="25,17,10,87,127,108,4,55,60,73,103,23,70" hai3="63,71,62,33,98,102,36,112,82,1,46,49,19"/><T59/><D119/><U133/><E118/><V57/><F73/><W130/><G112/><T12/><D35/><U83/><E113/><V90/><F108/><W2/><G33/><T48/><D126/><U95/><E110/><V47/><F103/><W53/><G36/><T11/><D37/><U40/><E39/><V132/><F132/><N who="0" m="50730" /><D22/><U31/><E133/><V104/><F104/><W117/><G117/><T89/><D89/><U86/><E131/><V20/><F70/><W92/><G130/><T116/><D116/><U96/><E51/><V52/><F127/><W107/><G71/><T77/><D77/><U5/><E74/><V26/><F47/><W8/><G107/><T38/><D38/><U105/><E5/><V123/><F123/><W75/><G1/><T72/><D72/><U32/><E105/><V125/><F125/><W78/><REACH who="3" step="1"/><G19/><REACH who="3" ten="250,250,250,240" step="2"/><T14/><D11/><U42/><E34/><V85/><F10/><W45/><G45/><N who="0" m="25663" /><D66/><U120/><E32/><V28/><F4/><AGARI ba="0,1" hai="2,4,8,46,49,53,62,63,75,78,82,92,98,102" machi="4" ten="40,8000,1" yaku="1,1,52,2,53,1" doraHai="58" doraHaiUra="106" who="3" fromWho="2" sc="250,0,250,0,250,-80,240,90" /><INIT seed="1,0,0,5,0,4" ten="250,250,170,330" oya="1" hai0="87,54,115,39,52,71,103,66,58,110,48,61,49" hai1="18,96,128,130,69,129,100,16,122,105,94,45,46" hai2="99,53,3,78,102,67,126,118,70,28,77,13,132" hai3="124,14,120,74,117,30,123,125,44,75,27,81,40"/><U86/><E122/><V25/><F3/><W79/><G75/><T72/><D72/><U8/><E69/><V17/><F118/><W127/><G117/><T12/><D103/><U92/><E18/><V93/><F126/><W60/><G60/><T109/><D87/><U113/><E113/><V19/><F132/><W108/><G108/><N who="0" m="41579" /><D12/><N who="1" m="7175" /><E86/><V50/><F67/><W84/><G14/><T32/><D32/><U65/><E65/><V95/><F95/><AGARI ba="0,0" hai="45,46,92,94,95,96,100,105,128,129,130" m="7175" machi="95" ten="30,5800,0" yaku="19,1,52,1,54,1" doraHai="4" who="1" fromWho="2" sc="250,0,250,58,170,-58,330,0" /><INIT seed="1,1,0,4,5,6" ten="250,308,112,330" oya="1" hai0="81,102,5,7,85,96,77,44,0,66,133,130,28" hai1="79,23,128,15,125,84,124,37,4,36,14,52,107" hai2="131,12,76,62,78,27,70,46,53,50,112,55,56" hai3="43,97,99,100,21,2,98,45,68,17,31,41,134"/><U30/><E107/><V118/><F118/><W126/><G68/><T75/><D130/><U60/><E128/><V119/><F119/><W67/><G67/><T135/><D75/><U86/><E30/><V58/><F131/><W105/><G134/><N who="0" m="51211" /><D66/><U109/><E109/><V24/><F112/><W26/><G126/><N who="1" m="48746" /><E15/><V33/><F70/><W129/><G129/><T72/><D0/><U73/><E73/><V120/><F120/><W121/><G121/><T61/><D72/><U1/><E1/><V94/><F94/><W40/><G2/><T3/><D3/><U10/><E23/><V87/><F33/><W91/><G91/><T11/><D28/><U57/><E79/><V8/><F46/><W39/><G99/><T63/><D44/><U111/><E111/><V117/><F117/><W123/><G123/><T122/><D122/><U115/><E115/><V108/><F108/><W83/><G83/><T51/><D51/><U16/><E4/><N who="0" m="1609" /><D11/><U42/><E42/><V64/><F76/><W132/><G132/><T116/><D116/><U69/><E69/><V110/><F110/><W103/><REACH who="3" step="1"/><G31/><REACH who="3" ten="250,308,112,320" step="2"/><T22/><D96/><U20/><E20/><V59/><F78/><W18/><G18/><T127/><D22/><U80/><E80/><V90/><F90/><W32/><G32/><T35/><D127/><U54/><E54/><V25/><F87/><AGARI ba="1,1" hai="10,14,16,36,37,52,57,60,84,86,87" m="48746" machi="87" ten="30,11600,0" yaku="18,1,52,1,54,2" doraHai="6" who="1" fromWho="2" sc="250,0,308,129,112,-119,320,0" owari="250,-15.0,437,54.0,-7,-51.0,320,12.0" /></mjloggm>