<mjloggm ver="2.3"><GO type="41" lobby="0"/><UN n0="%EF%BC%95%EF%BC%91%EF%BC%85" n1="%E5%B0%B1%E6%B4%BB%E7%94%9F%40%E5%B7%9D%E6%9D%91%E8%BB%8D%E5%9B%A3" n2="%E5%B8%B8%E5%AE%88%E6%9C%B1" n3="%E3%81%93%E3%81%A9%E3%82%82%E3%81%AE%E9%96%A2%E7%AF%80" dan="13,15,14,15" rate="1836.88,1993.41,1965.06,1936.91" sx="M,M,F,M"/><TAIKYOKU oya="0"/><INIT seed="0,0,0,3,5,59" ten="250,250,250,250" oya="0" hai0="64,43,52,111,133,94,83,55,50,72,125,79,127" hai1="129,112,38,117,12,124,37,116,123,46,63,135,121" hai2="14,58,87,18,20,122,115,119,2,1,73,35,39" hai3="44,86,10,132,114,95,13,100,108,71,128,82,68"/><T98/><D64/><U42/><E12/><V34/><F73/><W102/><G114/><T28/><D28/><U48/><E112/><V109/><F115/><W113/><G113/><T3/><D3/><U75/><E75/><V22/><F39/><N who="1" m="14857" /><E129/><V74/><F74/><W65/><G128/><T81/><D83/><U23/><E23/><V110/><F87/><W130/><G130/><T32/><D32/><N who="2" m="12330" /><F58/><W80/><G108/><N who="2" m="41577" /><F122/><N who="1" m="46601" /><E135/><V0/><F119/><N who="1" m="45641" /><E124/><N who="0" m="47689" /><D111/><U57/><E57/><V33/><N who="2" m="12338" /><V91/><DORA hai="17" /><F91/><W89/><G89/><N who="0" m="55631" /><D133/><U120/><N who="1" m="46609" /><U92/><DORA hai="88" /><E92/><V62/><F22/><W49/><G95/><T84/><D72/><U131/><E131/><V78/><F78/><W26/><G132/><T103/><D103/><U126/><E126/><V45/><F45/><AGARI ba="0,0" hai="43,45,50,52,55,79,81,84" m="55631,47689" machi="45" ten="30,5800,0" yaku="18,1,52,1,54,1" doraHai="59,17,88" who="0" fromWho="2" sc="250,58,250,0,250,-58,250,0" /><INIT seed="0,1,0,4,3,92" ten="308,250,192,250" oya="0" hai0="129,71,44,31,1,98,103,99,27,66,70,101,94" hai1="53,76,4,9,78,120,36,85,134,38,26,88,30" hai2="112,54,100,82,22,65,114,49,34,52,105,40,45" hai3="106,102,124,11,15,29,80,86,47,75,115,110,107"/><T17/><D1/><U84/><E120/><V73/><F34/><W122/><G29/><T62/><D44/><U16/><E134/><V130/><F65/><W5/><G115/><T135/><D135/><U8/><E36/><V68/><F68/><W111/><G75/><T12/><D129/><U10/><E38/><V6/><F6/><W133/><G133/><T89/><D89/><U113/><E4/><V90/><F130/><W131/><G131/><T121/><D121/><U41/><E41/><V32/><F32/><W24/><G24/><T18/><D12/><U77/><E113/><V19/><F100/><W87/><G122/><T67/><D66/><U63/><E30/><V59/><F105/><W79/><G124/><T35/><REACH who="0" step="1"/><D70/><REACH who="0" ten="298,250,192,250" step="2"/><U104/><E88/><V23/><F90/><W56/><G56/><T48/><D48/><U116/><E116/><V58/><F58/><W60/><G47/><T20/><D20/><N who="1" m="13575" /><E104/><AGARI ba="1,1" hai="17,18,27,31,35,62,67,71,94,98,99,101,103,104" machi="104" ten="30,18000,2" yaku="1,1,7,1,25,2,52,2,53,0" doraHai="92" doraHaiUra="39" who="0" fromWho="1" sc="298,193,250,-183,192,0,250,0" /><INIT seed="0,2,0,2,1,132" ten="491,67,192,250" oya="0" hai0="2,54,123,59,40,114,14,76,52,29,70,82,118" hai1="95,131,127,12,28,22,48,128,81,5,103,88,117" hai2="80,109,25,74,19,36,51,42,115,58,18,79,133" hai3="108,86,20,65,1,21,41,53,30,61,7,71,66"/><T83/><D2/><U55/><E117/><V45/><F133/><W89/><G41/><T110/><D114/><U46/><E103/><V121/><F121/><W49/><G108/><T3/><D3/><U99/><E81/><V126/><F109/><W112/><G112/><T107/><D107/><U34/><E34/><V91/><F115/><W77/><G77/><T13/><D123/><U124/><E5/><V134/><F134/><W69/><G1/><T8/><D118/><U135/><E135/><V98/><F25/><W32/><G7/><T87/><D110/><U105/><E105/><V97/><F97/><W11/><G11/><T17/><D29/><U27/><E12/><V57/><F57/><W92/><G32/><T43/><D70/><U0/><REACH who="1" step="1"/><E0/><REACH who="1" ten="491,57,192,250" step="2"/><V106/><F106/><W75/><G71/><T102/><D102/><U129/><AGARI ba="2,1" hai="22,27,28,46,48,55,88,95,99,124,127,128,129,131" machi="129" ten="40,12000,2" yaku="1,1,2,1,0,1,19,1,52,2,54,1,53,0" doraHai="132" doraHaiUra="72" who="1" fromWho="1" sc="491,-62,57,136,192,-32,250,-32" /><INIT seed="1,0,0,2,5,34" ten="429,193,160,218" oya="1" hai0="61,93,95,39,120,2,129,119,20,28,103,82,36" hai1="105,68,97,111,108,99,63,90,9,40,48,70,100" hai2="78,115,49,74,66,38,25,19,88,81,30,29,134" hai3="72,50,67,43,60,0,114,83,76,23,5,128,62"/><U65/><E70/><V89/><F38/><W87/><G114/><T80/><D2/><U17/><E40/><V135/><F115/><W13/><G128/><T31/><D119/><U96/><E48/><V3/><F66/><W42/><G13/><T117/><D117/><U45/><E90/><N who="2" m="34923" /><F49/><W24/><G72/><T54/><D129/><U122/><E122/><V127/><F127/><W75/><G75/><T104/><D104/><U21/><E9/><V131/><F131/><W102/><G102/><T86/><D36/><U92/><E45/><V132/><F3/><W32/><G32/><T85/><D39/><U26/><REACH who="1" step="1"/><E105/><REACH who="1" ten="429,183,160,218" step="2"/><V64/><F64/><W69/><G50/><T53/><D120/><U71/><E71/><V27/><F27/><W124/><G124/><T118/><D118/><U57/><E57/><V109/><F109/><AGARI ba="0,1" hai="17,21,26,63,65,68,92,96,97,99,100,108,109,111" machi="109" ten="40,7700,0" yaku="1,1,14,1,10,1,53,0" doraHai="34" doraHaiUra="113" who="1" fromWho="2" sc="429,0,183,87,160,-77,218,0" /><INIT seed="1,1,0,4,1,75" ten="429,270,83,218" oya="1" hai0="117,94,39,72,22,124,81,111,102,4,61,50,108" hai1="125,70,29,122,3,103,8,26,19,64,40,0,134" hai2="49,9,2,1,37,53,57,25,5,63,7,28,120" hai3="79,42,96,114,47,131,59,32,118,6,133,30,116"/><U97/><E122/><V78/><F37/><W68/><G68/><T34/><D39/><U51/><E125/><V135/><F120/><W69/><G69/><T132/><D34/><U16/><E134/><V33/><F135/><W27/><G133/><T24/><D132/><U85/><E85/><V98/><F98/><W38/><G114/><T77/><D117/><N who="3" m="45161" /><G131/><T55/><D4/><U36/><E51/><V12/><F5/><W46/><G46/><T18/><D124/><U106/><E40/><V43/><F43/><W23/><G6/><T44/><D61/><N who="1" m="40207" /><E36/><V119/><F119/><W65/><G96/><T48/><REACH who="0" step="1"/><D48/><REACH who="0" ten="419,270,83,218" step="2"/><U80/><E3/><V17/><F49/><W95/><G32/><T121/><D121/><U67/><E0/><V11/><REACH who="2" step="1"/><F2/><REACH who="2" ten="419,270,73,218" step="2"/><W71/><G38/><T84/><D84/><U104/><E97/><AGARI ba="1,2" hai="18,22,24,44,50,55,72,77,81,94,97,102,108,111" machi="97" ten="40,5200,0" yaku="1,1,52,1,53,1" doraHai="75" doraHaiUra="91" who="0" fromWho="1" sc="419,75,270,-55,73,0,218,0" /><INIT seed="2,0,0,3,5,103" ten="494,215,73,218" oya="2" hai0="127,48,119,121,40,64,41,78,129,9,135,32,132" hai1="88,22,13,134,79,15,104,94,2,52,105,117,42" hai2="70,106,47,45,58,37,19,24,27,111,25,49,6" hai3="131,74,30,85,46,44,114,91,59,72,93,89,92"/><V123/><F123/><W84/><G131/><T51/><D32/><U60/><E117/><V107/><F70/><W21/><G114/><T81/><D121/><U116/><E2/><V23/><F37/><W125/><G125/><T29/><D29/><U90/><E116/><V97/><F6/><W95/><G95/><T39/><D119/><U16/><E42/><V43/><F47/><W5/><G5/><T65/><D9/><U50/><E79/><V86/><F86/><W4/><G4/><T124/><D81/><U80/><E134/><N who="0" m="51241" /><D39/><U7/><E80/><V98/><F58/><W14/><G59/><T62/><D78/><U110/><E60/><V10/><F10/><W33/><G33/><T115/><D62/><U0/><E90/><V1/><F1/><W112/><G112/><T31/><D31/><U38/><E38/><V55/><F43/><N who="0" m="16458" /><D115/><U63/><E63/><V133/><F133/><W96/><G96/><T101/><D101/><U69/><E69/><V20/><F20/><W54/><G30/><T118/><D118/><U67/><E67/><N who="0" m="25673" /><D129/><U120/><E120/><V73/><F73/><W35/><G35/><T71/><D71/><U126/><E0/><V11/><F11/><W108/><G21/><T109/><D109/><U130/><E110/><V76/><F76/><W122/><G108/><T87/><D87/><N who="1" m="52511" /><E130/><V28/><F28/><W99/><G122/><T66/><N who="0" m="25681" /><T26/><DORA hai="8" /><D26/><U75/><E75/><V102/><REACH who="2" step="1"/><F111/><REACH who="2" ten="494,215,63,218" step="2"/><W18/><G74/><T17/><D17/><N who="1" m="10543" /><E7/><V57/><F57/><W53/><G72/><T68/><D68/><RYUUKYOKU ba="0,1" sc="494,15,215,-15,63,15,218,-15" hai0="48,51,124,127" hai2="19,23,24,25,27,45,49,55,97,98,102,106,107" /><INIT seed="2,1,1,3,3,127" ten="509,200,78,203" oya="2" hai0="69,16,122,71,70,120,89,113,20,98,67,119,28" hai1="112,101,51,40,77,47,17,107,48,57,38,83,99" hai2="93,36,79,114,123,61,21,64,60,45,25,124,102" hai3="35,49,96,41,90,62,92,106,8,87,7,105,34"/><V5/><F114/><W37/><G37/><T18/><D113/><U12/><E112/><V95/><F123/><W135/><G135/><T43/><D43/><U0/><E0/><V116/><F116/><W72/><G72/><T27/><D119/><U4/><E57/><V58/><F124/><W133/><G133/><T73/><D73/><U86/><E4/><V52/><F79/><W78/><G106/><T44/><D44/><U74/><E74/><V97/><F5/><W81/><G105/><T100/><D89/><U104/><E104/><V56/><F36/><W33/><G62/><T94/><REACH who="0" step="1"/><D67/><REACH who="0" ten="499,200,78,203" step="2"/><U109/><E109/><V110/><F110/><W117/><G117/><T66/><D66/><U126/><E126/><V88/><F45/><W75/><G41/><T63/><D63/><U15/><E15/><V19/><REACH who="2" step="1"/><F93/><REACH who="2" ten="499,200,68,203" step="2"/><W42/><G92/><T131/><D131/><U65/><E65/><V121/><F121/><AGARI ba="1,3" hai="16,18,20,27,28,69,70,71,94,98,100,120,121,122" machi="121" ten="50,8000,1" yaku="1,1,54,1,53,2" doraHai="127" doraHaiUra="14" who="0" fromWho="2" sc="499,113,200,0,68,-83,203,0" owari="612,72.0,200,-20.0,-15,-52.0,203,0.0" /></mjloggm>