<mjloggm ver="2.3"><GO type="41" lobby="0"/><UN n0="%41%52%55%56%59" n1="%4C%69%6C%69%61%6E%65" n2="%E5%B0%B1%E6%B4%BB%E7%94%9F%40%E5%B7%9D%E6%9D%91%E8%BB%8D%E5%9B%A3" n3="%78%E3%81%AA%E3%82%82%78" dan="14,14,15,13" rate="1874.47,1909.64,2013.66,1955.47" sx="M,M,M,M"/><TAIKYOKU oya="0"/><INIT seed="0,0,0,3,1,51" ten="250,250,250,250" oya="0" hai0="102,90,135,48,73,61,130,7,26,94,29,81,9" hai1="15,126,83,28,117,43,41,131,86,37,3,50,84" hai2="96,1,118,66,16,116,67,33,91,107,112,85,45" hai3="77,105,128,82,129,71,54,24,44,127,104,75,109"/><T46/><D135/><U124/><E117/><N who="2" m="45163" /><F1/><W6/><G71/><T56/><D130/><N who="3" m="50281" /><G127/><N who="1" m="48682" /><E131/><V119/><F33/><W87/><G109/><T89/><D81/><U42/><E3/><V21/><F112/><W68/><G6/><T36/><D73/><U30/><E15/><N who="2" m="9375" /><F119/><W106/><G68/><T98/><D36/><U93/><E37/><V110/><F110/><W99/><G24/><T2/><D26/><U11/><E11/><V4/><F4/><W34/><G34/><T70/><D29/><N who="1" m="11371" /><E93/><N who="2" m="54511" /><F45/><W69/><G69/><T132/><D70/><U52/><E83/><V53/><F53/><W108/><G108/><T92/><D92/><U125/><N who="1" m="48690" /><U14/><DORA hai="114" /><E14/><V20/><F20/><W8/><G8/><T27/><D27/><U134/><E134/><V58/><F58/><AGARI ba="0,0" hai="41,42,43,50,52,58,84,86" m="11371,48690" machi="58" ten="50,6400,0" yaku="18,1,52,1,54,1" doraHai="51,114" who="1" fromWho="2" sc="250,0,250,64,250,-64,250,0" /><INIT seed="1,0,0,1,4,73" ten="250,314,186,250" oya="1" hai0="100,83,132,8,129,20,95,38,101,121,0,127,77" hai1="3,40,65,47,94,115,108,67,24,131,29,14,134" hai2="87,112,85,43,128,31,26,130,63,61,23,5,27" hai3="107,46,91,21,34,4,37,88,48,97,92,113,11"/><U106/><E115/><V72/><F72/><W96/><G34/><T69/><D69/><U59/><E106/><V78/><F5/><W51/><G113/><T7/><D121/><U105/><E105/><V18/><F112/><W10/><G21/><T32/><D32/><U102/><E131/><V90/><F43/><W35/><G35/><T2/><D129/><U6/><E3/><V116/><F116/><W124/><G124/><T104/><D127/><U125/><E125/><V17/><F90/><W15/><G37/><T12/><D132/><U50/><E134/><V42/><F42/><W75/><G75/><T81/><D38/><U111/><E102/><V55/><F23/><W16/><G107/><T49/><D104/><U119/><E119/><V103/><F103/><W70/><G70/><T98/><D101/><U58/><E94/><V45/><F31/><W66/><G66/><T30/><D49/><U9/><E67/><V33/><F33/><W64/><G64/><T93/><D93/><U79/><E79/><V99/><F99/><W60/><G60/><T126/><D126/><U41/><E41/><V68/><F68/><W53/><G91/><T114/><D114/><U36/><E36/><V117/><F117/><W86/><G51/><T110/><D110/><N who="1" m="42027" /><E65/><V57/><F78/><W1/><AGARI ba="0,0" hai="1,4,10,11,15,16,46,48,53,86,88,92,96,97" machi="1" ten="20,5200,0" yaku="0,1,7,1,54,2" doraHai="73" who="3" fromWho="3" sc="250,-13,314,-26,186,-13,250,52" /><INIT seed="2,0,0,5,1,35" ten="237,288,173,302" oya="2" hai0="105,39,69,77,36,5,16,32,71,81,93,123,115" hai1="13,76,100,94,89,59,126,38,17,60,61,46,23" hai2="12,74,124,21,26,1,9,110,30,112,56,24,114" hai3="102,43,25,135,98,48,75,70,50,101,99,120,18"/><V19/><F74/><W57/><G70/><T6/><D123/><U91/><E126/><V80/><F80/><W109/><G75/><T133/><D105/><U79/><E100/><V67/><F67/><W11/><G109/><T84/><D115/><N who="2" m="44074" /><F56/><W49/><G135/><T37/><D32/><U125/><E125/><V14/><F124/><W66/><G43/><T65/><D133/><U40/><E60/><V130/><F130/><W20/><G11/><T58/><D93/><U41/><E41/><V72/><F72/><W27/><G27/><T64/><D16/><U53/><REACH who="1" step="1"/><E91/><REACH who="1" ten="237,278,173,302" step="2"/><V55/><F110/><W106/><G120/><T33/><D69/><U52/><E52/><V44/><F55/><W83/><G66/><T63/><D71/><U4/><E4/><N who="2" m="1167" /><F44/><W108/><G108/><T8/><D5/><U87/><AGARI ba="0,1" hai="13,17,23,38,40,46,53,59,61,76,79,87,89,94" machi="87" ten="20,2700,0" yaku="1,1,0,1,7,1,53,0" doraHai="35" doraHaiUra="28" who="1" fromWho="1" sc="237,-7,278,37,173,-13,302,-7" /><INIT seed="3,0,0,1,0,51" ten="230,315,160,295" oya="3" hai0="49,47,103,66,122,106,117,82,99,21,48,3,7" hai1="101,15,88,84,67,109,77,118,79,17,35,2,30" hai2="0,60,80,116,129,92,26,23,12,32,39,123,1" hai3="108,50,135,18,96,13,43,86,36,105,107,112,133"/><W81/><G112/><T46/><D122/><U28/><E118/><V85/><F116/><W24/><G24/><T121/><D121/><U68/><E2/><V125/><F123/><W120/><G36/><T74/><D117/><U76/><E109/><V57/><F39/><W114/><G114/><T56/><D3/><U54/><E101/><V5/><F129/><W69/><G69/><T10/><D21/><U9/><E68/><V16/><F125/><W4/><G4/><T89/><D66/><U22/><E67/><V11/><F92/><W14/><G14/><T83/><D74/><U128/><E128/><V94/><F94/><W70/><G70/><T8/><D8/><U126/><E126/><V104/><F104/><W38/><G38/><T95/><D56/><U64/><E64/><V113/><F113/><W58/><G108/><T45/><D49/><U25/><E35/><V55/><REACH who="2" step="1"/><F32/><REACH who="2" ten="230,315,150,295" step="2"/><W131/><G131/><T110/><D106/><U31/><E54/><V42/><F42/><W44/><G120/><T132/><D95/><AGARI ba="0,1" hai="9,15,17,22,25,28,30,31,76,77,79,84,88,95" machi="95" ten="40,2600,0" yaku="8,1,54,1" doraHai="51" who="1" fromWho="0" sc="230,-26,315,36,150,0,295,0" /><INIT seed="4,0,0,2,0,116" ten="204,351,150,295" oya="0" hai0="69,43,81,13,46,31,38,88,15,126,30,98,55" hai1="127,102,60,54,74,128,75,40,49,94,109,72,135" hai2="5,89,61,33,91,19,57,4,125,20,115,97,36" hai3="52,105,131,78,11,28,118,7,70,32,104,76,68"/><T129/><D129/><U108/><E128/><V58/><F33/><W73/><G118/><T12/><D126/><U80/><E127/><V93/><F36/><W63/><G131/><T51/><D69/><U119/><E119/><V8/><F115/><W110/><G110/><T18/><D18/><U132/><E40/><V87/><F125/><W34/><G73/><T42/><D42/><U121/><E121/><V133/><F133/><N who="1" m="51273" /><E60/><V111/><F111/><N who="1" m="42569" /><E54/><V21/><F21/><W86/><G28/><T95/><REACH who="0" step="1"/><D81/><REACH who="0" ten="194,351,150,295" step="2"/><U71/><E71/><V99/><F8/><W29/><G70/><T0/><D0/><U45/><E80/><V101/><F5/><W26/><G7/><T92/><D92/><U134/><E134/><V2/><F4/><W1/><G68/><T22/><D22/><U37/><E37/><V96/><F2/><W114/><G34/><T17/><D17/><U77/><E94/><V66/><F101/><W67/><G1/><T122/><D122/><U24/><E102/><V117/><F117/><W113/><G32/><T59/><AGARI ba="0,1" hai="12,13,15,30,31,38,43,46,51,55,59,88,95,98" machi="59" ten="30,6000,0" yaku="1,1,0,1,54,1,53,0" doraHai="116" doraHaiUra="65" who="0" fromWho="0" sc="194,70,351,-20,150,-20,295,-20" /><INIT seed="4,1,0,4,5,114" ten="264,331,130,275" oya="0" hai0="30,77,48,10,75,107,61,25,130,85,38,17,20" hai1="32,131,117,92,123,100,34,13,16,118,78,129,14" hai2="73,45,8,2,94,28,81,89,46,62,83,31,99" hai3="133,80,56,44,97,111,41,86,67,35,15,76,126"/><T0/><D38/><U113/><E78/><V47/><F2/><W134/><G111/><T36/><D36/><U70/><E70/><V104/><F104/><W71/><G35/><T49/><D75/><U50/><E50/><V3/><F3/><W112/><G71/><T55/><D107/><U84/><E113/><V43/><F43/><W42/><G112/><T72/><D72/><U68/><E68/><V54/><F73/><W22/><G126/><T39/><D39/><U87/><E123/><V5/><F5/><W120/><G97/><T128/><D61/><U6/><E6/><V116/><F8/><W132/><G44/><T4/><D30/><U69/><E69/><V29/><REACH who="2" step="1"/><F116/><REACH who="2" ten="264,331,120,275" step="2"/><W18/><G120/><T65/><D10/><U115/><E115/><V57/><AGARI ba="1,1" hai="28,29,31,45,46,47,54,57,62,81,83,89,94,99" machi="57" ten="40,12000,2" yaku="1,1,2,1,0,1,8,1,53,3" doraHai="114" doraHaiUra="24" who="2" fromWho="2" sc="264,-61,331,-31,120,133,275,-31" /><INIT seed="5,0,0,5,4,75" ten="203,300,253,244" oya="1" hai0="19,74,50,91,16,114,103,26,97,11,46,108,23" hai1="0,56,93,36,99,80,27,134,41,59,68,58,78" hai2="83,107,4,52,40,66,117,115,98,47,94,129,54" hai3="95,39,10,70,100,110,5,33,17,48,2,63,44"/><U57/><E134/><V85/><F107/><W31/><G110/><T12/><D108/><U8/><E68/><V122/><F117/><W109/><G109/><T81/><D114/><U127/><E127/><V72/><F122/><W28/><G39/><T125/><D125/><U79/><E27/><V15/><F72/><W7/><G17/><T118/><D118/><U51/><E36/><V61/><F115/><W1/><G33/><T25/><D25/><U113/><E113/><V30/><F129/><W67/><G95/><N who="0" m="58815" /><D74/><U62/><E62/><V43/><F30/><W102/><G102/><T38/><D38/><U119/><E119/><V106/><F106/><W53/><REACH who="3" step="1"/><G100/><REACH who="3" ten="203,300,253,234" step="2"/><T101/><D101/><U82/><E0/><V124/><F124/><W14/><G14/><T29/><D19/><U90/><E8/><AGARI ba="0,1" hai="1,2,5,7,8,10,28,31,44,48,53,63,67,70" machi="8" ten="40,2600,0" yaku="1,1,9,1,53,0" doraHai="75" doraHaiUra="86" who="3" fromWho="1" sc="203,0,300,-26,253,0,234,36" /><INIT seed="6,0,0,1,0,43" ten="203,274,253,270" oya="2" hai0="55,114,67,6,104,132,113,95,81,131,41,101,102" hai1="93,64,47,88,134,70,44,73,37,8,108,52,11" hai2="135,4,39,19,103,122,76,116,110,57,27,106,54" hai3="42,61,78,31,18,98,92,124,72,34,30,117,129"/><V87/><F116/><W125/><G117/><T127/><D104/><U0/><E73/><V123/><F39/><W36/><G129/><T17/><D131/><U14/><E108/><V56/><F4/><W58/><G34/><T16/><D127/><N who="3" m="48713" /><G18/><N who="0" m="7275" /><D132/><U32/><E134/><V46/><F135/><W91/><G78/><T68/><D6/><U133/><E133/><V69/><F110/><W62/><G62/><N who="0" m="40055" /><D55/><U45/><E32/><V100/><F69/><W107/><G107/><T10/><D10/><N who="1" m="3627" /><E0/><V66/><F106/><W90/><G90/><T20/><D20/><U48/><E70/><V130/><F130/><W24/><G24/><T105/><D105/><U65/><E37/><V1/><F1/><W80/><G80/><T75/><D41/><U50/><E14/><V7/><F122/><W119/><G72/><T5/><D5/><U13/><E13/><V12/><F123/><W79/><G79/><N who="0" m="44287" /><D95/><U49/><E52/><V23/><F7/><W71/><G42/><T25/><D25/><U59/><E59/><N who="2" m="22603" /><F66/><W82/><G82/><T89/><D89/><U2/><E2/><V9/><F9/><W40/><G71/><T35/><D35/><U115/><E115/><AGARI ba="0,0" hai="101,102,113,114,115" m="44287,40055,7275" machi="115" ten="30,2000,0" yaku="15,1,54,1" doraHai="43" who="0" fromWho="1" sc="203,20,274,-20,253,0,270,0" /><INIT seed="7,0,0,4,0,41" ten="223,254,253,270" oya="3" hai0="37,115,19,121,31,9,126,25,22,42,98,111,13" hai1="82,87,75,77,70,49,128,69,83,101,62,20,108" hai2="5,26,110,127,122,61,0,14,120,1,118,73,93" hai3="21,32,124,47,50,107,33,2,30,38,46,3,99"/><W66/><G124/><T43/><D126/><U91/><E128/><V56/><F73/><W39/><G66/><T102/><D111/><U104/><E108/><V64/><F127/><W88/><G33/><T7/><D121/><N who="2" m="46698" /><F118/><W23/><G32/><T135/><D135/><U96/><E62/><V58/><F110/><W63/><G63/><T34/><D115/><U67/><E67/><V123/><N who="2" m="46706" /><V68/><DORA hai="97" /><F93/><W60/><G60/><T8/><D37/><U109/><E109/><V100/><F100/><W29/><G50/><T12/><REACH who="0" step="1"/><D34/><REACH who="0" ten="213,254,253,270" step="2"/><U52/><REACH who="1" step="1"/><E20/><REACH who="1" ten="213,244,253,270" step="2"/><V18/><F68/><W79/><G23/><T44/><D44/><AGARI ba="0,2" hai="44,49,52,69,70,75,77,82,83,87,91,96,101,104" machi="44" ten="30,12000,2" yaku="1,1,2,1,7,1,52,2,54,1,53,1" doraHai="41,97" doraHaiUra="15,103" who="1" fromWho="0" sc="213,-120,244,140,253,0,270,0" owari="93,-41.0,384,49.0,253,-15.0,270,7.0" /></mjloggm>