<mjloggm ver="2.3"><GO type="97" lobby="0"/><UN n0="%E3%81%A8%E3%81%97%E3%82%8D%E3%81%86%E3%81%98%E3%81%98%E3%81%84" n1="%6D%74%73%74" n2="%67%65%72%69%31%2F%32" n3="%E5%B0%B1%E6%B4%BB%E7%94%9F%40%E5%B7%9D%E6%9D%91%E8%BB%8D%E5%9B%A3" dan="14,13,14,13" rate="1937.89,1862.65,1846.68,1848.65" sx="M,M,M,M"/><TAIKYOKU oya="0"/><INIT seed="0,0,0,4,2,114" ten="250,250,250,250" oya="0" hai0="61,135,59,93,117,57,24,121,66,112,69,7,83" hai1="89,21,70,39,65,115,1,22,47,126,92,84,90" hai2="5,56,46,95,33,12,19,34,111,82,64,41,49" hai3="104,127,29,58,36,100,38,107,71,79,72,109,94"/><T30/><D121/><U101/><E126/><V124/><F111/><W106/><G109/><T6/><D112/><U4/><E115/><V63/><F124/><W35/><G127/><T32/><D135/><U67/><E70/><V20/><F5/><W116/><G58/><T42/><D42/><U3/><E39/><N who="3" m="14890" /><G94/><T13/><D13/><U8/><E3/><V16/><F82/><N who="3" m="45415" /><G71/><T122/><D122/><U60/><E101/><V15/><REACH who="2" step="1"/><F95/><REACH who="2" ten="250,250,240,250" step="2"/><W31/><G31/><T110/><D110/><U52/><E4/><V40/><F40/><W102/><G102/><T87/><D93/><U86/><E92/><V54/><F54/><W134/><G134/><T25/><D6/><U113/><E113/><V48/><F48/><W131/><G131/><T105/><D7/><U18/><E1/><V55/><F55/><W97/><G116/><T125/><D125/><U53/><E53/><V43/><F43/><W80/><G80/><T27/><D117/><U91/><E52/><V78/><F78/><W123/><G123/><T119/><D119/><U75/><E47/><V11/><AGARI ba="0,1" hai="11,12,15,16,19,20,33,34,41,46,49,56,63,64" machi="11" ten="20,5200,0" yaku="1,1,0,1,7,1,54,1,53,0" doraHai="114" doraHaiUra="77" who="2" fromWho="2" sc="250,-26,250,-13,240,62,250,-13" /><INIT seed="1,0,0,3,0,71" ten="224,237,302,237" oya="1" hai0="81,78,9,12,105,76,95,94,86,87,116,14,27" hai1="107,1,122,77,13,80,67,11,8,26,120,106,91" hai2="42,40,72,37,52,23,126,114,56,127,109,57,96" hai3="84,29,46,74,6,131,4,93,98,19,112,5,89"/><U68/><E1/><V47/><F72/><W43/><G74/><T133/><D116/><U128/><E128/><V65/><F23/><W132/><G112/><T63/><D105/><U134/><E134/><V102/><F114/><W59/><G132/><T61/><D27/><U55/><E68/><V15/><F15/><W25/><G131/><T113/><D133/><U33/><E33/><V62/><F109/><W69/><G69/><T82/><D113/><U45/><E67/><V32/><F32/><W111/><G111/><T85/><D85/><U104/><E26/><V54/><F96/><W115/><G115/><T101/><D9/><U28/><E28/><V34/><F102/><AGARI ba="0,0" hai="12,14,61,63,76,78,81,82,86,87,94,95,101,102" machi="102" ten="25,3200,0" yaku="22,2,8,1" doraHai="71" who="0" fromWho="2" sc="224,32,237,0,302,-32,237,0" /><INIT seed="2,0,0,3,1,71" ten="256,237,270,237" oya="2" hai0="52,77,123,38,41,73,114,75,60,106,58,62,127" hai1="46,18,59,25,130,34,92,67,85,51,29,33,105" hai2="91,109,47,65,79,5,31,10,128,42,72,121,3" hai3="119,87,22,20,40,110,97,43,116,81,2,132,39"/><V118/><F121/><W1/><G97/><T9/><D106/><U7/><E105/><V54/><F118/><W103/><G103/><T66/><D114/><U84/><E130/><V80/><F109/><W117/><G132/><T45/><D123/><U11/><E34/><V112/><F112/><W35/><G110/><T14/><D77/><U113/><E113/><V19/><F128/><W129/><G35/><T122/><D127/><U32/><E32/><V64/><F31/><W6/><G129/><T134/><D134/><U96/><E67/><V28/><F28/><W48/><G48/><T12/><D14/><U63/><E18/><V68/><F54/><W98/><G98/><T23/><D23/><U53/><E7/><V13/><F91/><W36/><G6/><T100/><D100/><U89/><E11/><V24/><F24/><W115/><G87/><T125/><D125/><U26/><E25/><V101/><F101/><W94/><G94/><T74/><D122/><U50/><E51/><V93/><F93/><W61/><G115/><T107/><D107/><U108/><E108/><V0/><F68/><W49/><G49/><T99/><D99/><U15/><E15/><V30/><F30/><W126/><G126/><T55/><REACH who="0" step="1"/><D62/><REACH who="0" ten="246,237,270,237" step="2"/><U78/><E78/><V21/><REACH who="2" step="1"/><F3/><REACH who="2" ten="246,237,260,237" step="2"/><N who="3" m="1035" /><G81/><T88/><D88/><U16/><E89/><V120/><F120/><W17/><G61/><T133/><D133/><U131/><E131/><V37/><AGARI ba="0,2" hai="0,5,10,13,19,21,37,42,47,64,65,72,79,80" machi="37" ten="20,18000,2" yaku="1,1,0,1,7,1,25,2,52,1,53,0" doraHai="71" doraHaiUra="56" who="2" fromWho="2" sc="246,-60,237,-60,260,200,237,-60" /><INIT seed="2,1,0,0,4,40" ten="186,177,460,177" oya="2" hai0="102,75,24,31,93,127,105,95,20,107,30,63,87" hai1="7,33,59,70,122,131,82,88,129,71,47,68,90" hai2="96,5,103,112,83,1,53,46,126,0,77,100,74" hai3="51,2,36,61,72,121,27,11,56,69,76,65,78"/><V12/><F112/><W17/><G121/><T119/><D75/><U97/><E33/><V54/><F126/><W44/><G72/><T26/><D119/><U109/><E109/><V8/><F103/><W114/><G114/><T39/><D39/><U18/><E18/><V9/><F46/><W29/><G36/><T135/><D127/><U98/><E7/><V79/><F79/><W37/><G37/><T10/><D135/><U134/><E59/><V60/><F60/><W91/><G69/><T80/><D10/><U116/><E116/><V34/><F34/><W132/><G132/><T19/><D19/><U113/><E134/><V41/><F41/><W110/><G110/><T89/><D102/><U16/><E113/><V92/><F0/><W25/><G91/><N who="1" m="34858" /><E82/><V85/><F74/><W117/><G117/><T35/><REACH who="0" step="1"/><D63/><REACH who="0" ten="176,177,460,177" step="2"/><U4/><E122/><V94/><F100/><W38/><G38/><T13/><D13/><U58/><E16/><V21/><F12/><N who="3" m="7327" /><G2/><T64/><D64/><U23/><E4/><V111/><F5/><W99/><G29/><T73/><D73/><U62/><E62/><V108/><F1/><W42/><G27/><T133/><D133/><U123/><E123/><V106/><F111/><W45/><G25/><T57/><D57/><U3/><E58/><V52/><F108/><W14/><G14/><T81/><D81/><U48/><E3/><V120/><F83/><W32/><G32/><T130/><D130/><U43/><E131/><V128/><F128/><W67/><G67/><T66/><D66/><U6/><E129/><V118/><F118/><RYUUKYOKU ba="1,1" sc="176,30,177,-10,460,-10,177,-10" hai0="20,24,26,30,31,35,80,87,89,93,95,105,107" /><INIT seed="3,2,1,2,3,40" ten="206,167,450,167" oya="3" hai0="57,17,43,60,96,51,67,39,123,55,119,46,62" hai1="90,78,76,91,56,48,109,116,121,120,16,95,129" hai2="118,89,20,124,135,71,59,68,99,134,75,21,82" hai3="45,3,88,12,29,47,61,94,24,36,64,74,14"/><W50/><G3/><T5/><D5/><U106/><E129/><V34/><F59/><N who="3" m="36927" /><G74/><T15/><D119/><U54/><E116/><V93/><F82/><W83/><G36/><T102/><D123/><U98/><E109/><V41/><F41/><N who="3" m="24879" /><G83/><T126/><D126/><U77/><E106/><V38/><F38/><W26/><G47/><T65/><D96/><U110/><E110/><V35/><F99/><N who="3" m="57799" /><G29/><T27/><D102/><U81/><E81/><V23/><F75/><W10/><G14/><T13/><D27/><U107/><E107/><V9/><F118/><W132/><G132/><N who="2" m="50729" /><F124/><W111/><G111/><T101/><D101/><U11/><REACH who="1" step="1"/><E91/><REACH who="1" ten="206,157,450,167" step="2"/><V114/><F89/><W6/><AGARI ba="2,2" hai="6,10,12,24,26" m="57799,24879,36927" machi="6" ten="30,6000,0" yaku="8,1,52,1,54,1" doraHai="40" who="3" fromWho="3" sc="206,-22,157,-22,450,-22,167,86" /><INIT seed="3,3,0,2,5,80" ten="184,135,428,253" oya="3" hai0="91,130,41,83,46,22,31,2,103,102,37,3,24" hai1="105,108,16,95,1,10,106,29,85,19,132,15,111" hai2="98,4,86,49,133,104,82,18,42,30,52,23,88" hai3="27,55,60,40,126,71,0,76,124,13,113,34,122"/><W125/><G0/><T59/><D130/><U53/><E132/><V68/><F68/><W43/><G122/><T20/><D20/><U26/><E53/><V112/><F112/><W7/><G113/><T21/><D59/><U12/><E85/><V89/><F133/><W39/><G39/><T64/><D64/><U25/><E95/><N who="2" m="56679" /><F104/><W118/><G118/><T107/><D107/><U121/><E106/><V90/><F30/><N who="3" m="19807" /><G76/><T109/><D109/><N who="1" m="42059" /><E105/><V92/><F42/><W5/><G13/><T97/><D3/><U87/><E87/><N who="2" m="52287" /><F4/><N who="3" m="1611" /><G71/><T14/><D2/><U84/><E84/><V8/><F8/><W127/><N who="3" m="32256" /><DORA hai="119" /><W56/><AGARI ba="3,0" hai="40,43,55,56,60" m="32256,1611,19807" machi="56" ten="60,6000,0" yaku="4,1,18,1" doraHai="80,119" who="3" fromWho="3" sc="184,-23,135,-23,428,-23,253,69" /><INIT seed="3,4,0,3,0,130" ten="161,112,405,322" oya="3" hai0="57,94,72,33,132,29,118,14,7,85,135,91,21" hai1="23,43,125,74,105,36,90,41,123,96,50,16,30" hai2="27,37,10,79,108,113,134,75,34,64,127,95,63" hai3="101,12,120,24,26,19,42,6,106,88,55,97,59"/><W73/><G120/><T61/><D72/><U124/><E123/><V122/><F122/><W76/><G42/><T38/><D38/><U46/><E74/><V48/><F95/><W13/><G6/><T103/><D103/><U93/><E105/><V5/><F48/><W77/><G13/><T1/><D1/><U35/><E35/><V89/><F89/><W102/><G102/><T107/><D107/><U111/><E111/><V65/><F108/><W56/><G56/><T92/><D33/><U17/><E30/><V3/><F65/><W49/><G88/><T121/><D118/><U45/><REACH who="1" step="1"/><E23/><REACH who="1" ten="161,102,405,322" step="2"/><V87/><F75/><W8/><G73/><T83/><D121/><U80/><E80/><V47/><F34/><W67/><G77/><T62/><D29/><U115/><E115/><V133/><F79/><W131/><G76/><T9/><D21/><U110/><E110/><V53/><F113/><W82/><G82/><T84/><D84/><U60/><E60/><V119/><F63/><W114/><G131/><T15/><D62/><U86/><E86/><V116/><F87/><W54/><G114/><T52/><REACH who="0" step="1"/><D15/><REACH who="0" ten="151,102,405,322" step="2"/><U25/><E25/><V100/><F27/><W117/><G117/><T31/><D31/><U109/><E109/><V70/><F119/><W68/><G26/><T32/><D32/><U128/><E128/><V112/><F116/><W40/><G24/><T81/><D81/><U51/><E51/><V18/><F112/><W44/><G68/><T4/><D4/><U11/><E11/><V78/><F10/><W99/><G99/><T0/><D0/><RYUUKYOKU ba="4,2" sc="151,10,102,10,405,-30,322,10" hai0="7,9,14,52,57,61,83,85,91,92,94,132,135" hai1="16,17,36,41,43,45,46,50,90,93,96,124,125" hai3="8,12,19,40,44,49,54,55,59,67,97,101,106" /><INIT seed="3,5,2,2,4,96" ten="161,112,375,332" oya="3" hai0="26,90,101,81,25,86,61,3,72,135,112,13,22" hai1="54,16,31,127,92,21,9,60,125,70,45,103,59" hai2="93,51,43,102,5,105,36,124,41,99,64,46,33" hai3="32,12,66,29,76,44,11,122,100,95,82,6,1"/><W8/><G122/><T27/><D3/><U110/><E110/><V106/><F33/><W49/><G66/><T89/><D72/><U79/><E79/><V18/><F124/><N who="1" m="47689" /><E70/><V57/><F5/><W131/><G131/><T38/><D38/><U20/><E45/><V69/><F69/><W73/><G29/><T109/><D109/><U63/><E31/><V107/><F18/><W37/><G32/><T58/><D112/><U48/><E9/><V104/><F64/><W67/><G67/><T128/><D128/><U85/><E21/><V134/><F134/><W78/><G78/><T120/><D135/><U4/><E4/><V84/><N who="2" m="27136" /><DORA hai="119" /><V133/><F41/><W80/><G80/><T83/><D120/><U52/><E54/><V17/><F51/><W121/><G121/><T130/><D130/><U111/><E111/><V116/><F17/><W56/><G56/><T35/><D35/><U123/><E123/><V108/><F108/><W62/><G62/><T39/><D39/><U30/><E30/><V117/><F57/><W50/><G11/><T2/><D2/><U68/><E68/><V118/><F133/><W97/><G12/><T87/><D13/><N who="1" m="9231" /><E85/><V15/><F84/><W53/><REACH who="3" step="1"/><G53/><REACH who="3" ten="161,112,375,322" step="2"/><N who="0" m="33999" /><D22/><U23/><E23/><V126/><F126/><W115/><G115/><T10/><D10/><U74/><E74/><V55/><F15/><W34/><G34/><T47/><D47/><U7/><E7/><V42/><F55/><W77/><G77/><T129/><D129/><U19/><E19/><V98/><F43/><AGARI ba="5,3" hai="1,6,8,37,43,44,49,50,73,76,82,95,97,100" machi="43" ten="40,12000,1" yaku="1,1,25,2,52,1,53,1" doraHai="96,119" doraHaiUra="65,75" who="3" fromWho="2" sc="161,0,112,0,375,-135,322,165" owari="161,-24.0,112,-39.0,240,4.0,487,59.0" /></mjloggm>