<mjloggm ver="2.3"><GO type="97" lobby="0"/><UN n0="%E3%83%AB%E3%83%B3%E3%83%A1%E3%83%8B%E3%82%B2" n1="%6A%64%75%68%67%72%79" n2="%4B%41%5A%4F%4F%4E" n3="%E3%82%A6%E3%83%AB%E3%83%88%E3%83%A9%E7%AB%8B%E7%9B%B4" dan="15,15,15,15" rate="1964.71,2028.01,1984.54,2029.00" sx="M,M,M,M"/><TAIKYOKU oya="0"/><INIT seed="0,0,0,1,5,67" ten="250,250,250,250" oya="0" hai0="75,40,78,16,98,51,126,20,101,129,135,130,108" hai1="120,113,37,102,66,93,107,59,55,119,39,10,118" hai2="71,21,132,9,23,28,17,121,72,12,60,19,111" hai3="82,76,5,45,114,53,58,96,46,6,109,41,106"/><T99/><D126/><U32/><E107/><V80/><F111/><W25/><G106/><T84/><D75/><U83/><E32/><V44/><F132/><W15/><G114/><T134/><D108/><U95/><E66/><V70/><F28/><W24/><G96/><N who="0" m="36907" /><D84/><U43/><E102/><V42/><F60/><W47/><G41/><T33/><D78/><U100/><E100/><V35/><F35/><W86/><G109/><T36/><D36/><U3/><E120/><V117/><F117/><W50/><REACH who="3" step="1"/><G15/><REACH who="3" ten="250,250,250,240" step="2"/><N who="0" m="9247" /><D101/><U112/><E113/><V4/><F121/><W133/><G133/><N who="0" m="50699" /><D33/><U2/><E112/><V14/><F42/><W11/><G11/><T61/><D40/><U104/><E43/><V22/><F9/><W115/><G115/><T56/><D51/><U57/><E10/><V64/><F14/><W97/><G97/><T13/><D13/><U0/><E104/><V68/><F12/><W85/><G85/><T26/><D26/><AGARI ba="0,1" hai="5,6,24,25,26,45,46,47,50,53,58,76,82,86" machi="26" ten="40,2600,0" yaku="1,1,8,1,53,0" doraHai="67" doraHaiUra="94" who="3" fromWho="0" sc="250,-26,250,0,250,0,240,36" /><INIT seed="1,0,0,2,5,128" ten="224,250,250,276" oya="1" hai0="51,90,84,107,4,39,16,91,78,76,32,26,49" hai1="70,15,81,105,115,110,64,40,55,67,83,57,9" hai2="42,101,109,99,50,103,65,93,60,132,7,75,97" hai3="46,80,127,14,45,73,35,122,71,104,44,123,6"/><U74/><E115/><V37/><F109/><W48/><G104/><T12/><D39/><U3/><E105/><V54/><F132/><W30/><G35/><T135/><D107/><U8/><E70/><V59/><F75/><W25/><G73/><T88/><D4/><U58/><E40/><V24/><F7/><W94/><G71/><T111/><D111/><U29/><E110/><V43/><F24/><W96/><G80/><N who="1" m="30794" /><E3/><V126/><F126/><W21/><G127/><T125/><D84/><U131/><E29/><V0/><F0/><W63/><G63/><T87/><D87/><U27/><E27/><V22/><F22/><W133/><G133/><T117/><D135/><U124/><E74/><V100/><F97/><W23/><G123/><T20/><D117/><U134/><E131/><V102/><REACH who="2" step="1"/><F37/><REACH who="2" ten="224,250,240,276" step="2"/><W38/><G38/><T53/><D125/><U85/><E124/><V47/><AGARI ba="0,1" hai="42,43,47,50,54,59,60,65,93,99,100,101,102,103" machi="47" ten="30,7900,0" yaku="1,1,2,1,0,1,8,1,53,0" doraHai="128" doraHaiUra="129" who="2" fromWho="2" sc="224,-20,250,-39,240,89,276,-20" /><INIT seed="2,0,0,5,3,75" ten="204,211,329,256" oya="2" hai0="48,39,79,117,125,114,133,122,61,19,16,66,111" hai1="57,1,13,108,69,92,20,116,41,73,98,101,5" hai2="56,51,64,110,102,81,71,113,130,15,72,134,44" hai3="53,34,131,112,27,11,104,46,60,82,36,93,119"/><V99/><F110/><W94/><G104/><T87/><D39/><U35/><E116/><V106/><F134/><W25/><G119/><T47/><D117/><U22/><E69/><V9/><F130/><W12/><G131/><T58/><D122/><U80/><E35/><V31/><F71/><W49/><G36/><T74/><D74/><U50/><E1/><V132/><F132/><W89/><G34/><T28/><D133/><U40/><E108/><V83/><F31/><W59/><G94/><T45/><D114/><U91/><E73/><V120/><F113/><W103/><G103/><T123/><D123/><U54/><E5/><V3/><F3/><W109/><G109/><T115/><D115/><U55/><E55/><V121/><F56/><W84/><G93/><T95/><D111/><U17/><REACH who="1" step="1"/><E22/><REACH who="1" ten="204,201,329,256" step="2"/><V65/><F72/><W26/><G112/><T42/><D66/><U76/><E76/><V8/><F65/><W78/><G78/><T10/><D79/><U90/><E90/><V2/><F64/><W135/><G135/><T43/><D10/><U100/><E100/><V18/><F8/><W29/><G60/><T0/><D61/><U67/><E67/><V52/><F2/><W128/><G128/><T37/><D0/><U88/><E88/><V7/><F7/><W68/><G68/><T124/><D42/><U62/><E62/><V96/><F120/><W105/><G11/><T118/><D43/><U4/><E4/><V33/><F121/><W70/><G70/><T127/><D118/><U107/><E107/><V24/><F106/><W86/><G105/><RYUUKYOKU ba="0,1" sc="204,-10,201,30,329,-10,256,-10" hai1="13,17,20,40,41,50,54,57,80,91,92,98,101" /><INIT seed="3,1,1,1,5,111" ten="194,231,319,246" oya="3" hai0="76,104,68,79,53,131,93,62,122,6,81,54,84" hai1="99,19,8,13,3,29,51,109,65,27,46,106,21" hai2="28,52,32,85,35,24,133,74,95,7,114,64,69" hai3="75,70,50,17,121,22,101,120,126,86,49,80,48"/><W132/><G75/><T2/><D104/><U33/><E109/><V124/><F114/><W77/><G70/><T11/><D131/><U92/><E106/><V9/><F74/><W115/><G121/><T15/><D122/><U14/><E65/><V55/><F124/><W47/><G120/><T87/><D2/><U100/><E3/><V39/><F39/><W26/><G126/><T4/><D4/><U59/><E59/><V37/><F37/><W12/><G132/><T63/><D68/><U96/><E96/><V94/><F35/><W98/><G115/><T45/><D54/><U91/><E91/><V57/><F85/><W42/><REACH who="3" step="1"/><G26/><REACH who="3" ten="194,231,319,236" step="2"/><T112/><D112/><U16/><E27/><N who="2" m="18463" /><F69/><W10/><G10/><T25/><D25/><U30/><E33/><V105/><F9/><W73/><G73/><T103/><D45/><U127/><E127/><V36/><F24/><W125/><G125/><T41/><D41/><AGARI ba="1,2" hai="8,13,14,16,19,21,29,30,41,46,51,92,99,100" machi="41" ten="30,3900,0" yaku="7,1,8,1,54,1" doraHai="111" who="1" fromWho="0" sc="194,-42,231,62,319,0,236,0" owari="152,-35.0,293,9.0,319,42.0,236,-16.0" /></mjloggm>