<mjloggm ver="2.3"><GO type="169" lobby="0"/><UN n0="%73%68%69%6E%6F%21%21" n1="%E3%82%AA%E3%83%8A%E3%83%8B%E3%82%B9%E3%83%88%E4%BC%9D%E7%94%B0" n2="%E3%82%A6%E3%83%AB%E3%83%88%E3%83%A9%E7%AB%8B%E7%9B%B4" n3="%E7%86%8A%E7%8C%AB%E5%8C%96%E9%9B%AA" dan="17,17,17,16" rate="2192.10,2109.69,2111.99,2062.23" sx="M,M,M,M"/><TAIKYOKU oya="0"/><INIT seed="0,0,0,0,1,25" ten="250,250,250,250" oya="0" hai0="91,32,123,17,47,16,65,9,62,115,43,64,77" hai1="29,55,48,118,105,109,117,59,114,23,8,69,108" hai2="121,41,31,107,94,46,56,57,127,30,134,67,112" hai3="0,76,36,72,113,86,119,83,80,54,40,130,92"/><T116/><D116/><U18/><E114/><V14/><F107/><W129/><G113/><T15/><D115/><U75/><E69/><V89/><F112/><W96/><G0/><T70/><D123/><U82/><E105/><V99/><F121/><W97/><G54/><T71/><D77/><N who="1" m="44351" /><E8/><V101/><F127/><W39/><G119/><T22/><D91/><U74/><E74/><V53/><F134/><W88/><G40/><T106/><D106/><U126/><E126/><V19/><F67/><W131/><G39/><T3/><D32/><U26/><E18/><V24/><F24/><W6/><G6/><T84/><D84/><U2/><E2/><V49/><F101/><W110/><G36/><T50/><D3/><U104/><E104/><V13/><F13/><W58/><G58/><N who="2" m="22633" /><F41/><W93/><G110/><AGARI ba="0,0" hai="23,26,29,48,55,59,108,109,110,117,118" m="44351" machi="110" ten="30,2000,0" yaku="14,1,52,1" doraHai="25" who="1" fromWho="3" sc="250,0,250,20,250,0,250,-20" /><INIT seed="1,0,0,4,4,108" ten="250,270,250,230" oya="1" hai0="72,68,78,88,48,74,9,66,52,59,0,105,127" hai1="14,129,51,128,3,81,18,65,132,111,60,27,56" hai2="23,104,106,8,117,7,123,133,98,40,42,32,99" hai3="33,95,64,120,69,34,83,36,85,71,6,103,67"/><U63/><E3/><V21/><F32/><W19/><G120/><T121/><D105/><U115/><E132/><V45/><F133/><W94/><G36/><T31/><D31/><U28/><E111/><V49/><F123/><W50/><G6/><T102/><D121/><U11/><E115/><V84/><F84/><W15/><G50/><T122/><D102/><U100/><E81/><V29/><F29/><W17/><G103/><T91/><D122/><U57/><E51/><V112/><F117/><W54/><G85/><T41/><D127/><U26/><E100/><V35/><F35/><W13/><REACH who="3" step="1"/><G83/><REACH who="3" ten="250,270,250,220" step="2"/><T1/><D48/><U76/><E76/><V107/><F42/><W22/><G22/><T87/><D41/><U79/><E79/><V12/><F23/><W97/><G97/><T43/><D43/><U5/><E5/><V62/><F21/><W118/><G118/><T38/><D38/><U44/><E128/><V113/><REACH who="2" step="1"/><F62/><REACH who="2" ten="250,270,240,220" step="2"/><W77/><G77/><T119/><D78/><U80/><E60/><V110/><F110/><W89/><G89/><T47/><D88/><U109/><E109/><V75/><F75/><W114/><G114/><AGARI ba="0,2" hai="7,8,12,40,45,49,98,99,104,106,107,112,113,114" machi="114" ten="50,12000,2" yaku="1,1,11,1,52,3,53,2" doraHai="108" doraHaiUra="93" who="2" fromWho="3" sc="250,0,270,0,240,140,220,-120" /><INIT seed="2,0,0,1,1,19" ten="250,270,380,100" oya="2" hai0="0,127,91,13,57,73,58,21,112,120,129,14,39" hai1="40,4,92,34,128,133,103,8,33,114,32,65,78" hai2="101,72,94,45,69,116,126,71,82,110,24,15,123" hai3="100,118,3,52,55,26,48,121,125,10,109,43,7"/><V51/><F123/><W20/><G121/><T134/><D120/><U132/><E114/><V98/><F116/><W81/><G118/><T87/><D73/><U42/><E128/><V35/><F126/><W113/><G125/><T9/><D39/><U124/><E124/><V90/><F110/><W106/><G109/><T68/><D68/><U1/><E65/><V46/><F46/><W63/><G113/><T44/><D112/><U41/><E78/><V95/><F15/><W67/><G81/><T23/><D127/><U96/><AGARI ba="0,0" hai="1,4,8,32,33,34,40,41,42,92,96,103,132,133" machi="96" ten="40,1500,0" yaku="0,1" doraHai="19" who="1" fromWho="1" sc="250,-4,270,15,380,-7,100,-4" /><INIT seed="3,0,0,0,0,135" ten="246,285,373,96" oya="3" hai0="59,88,75,111,46,44,62,26,50,79,69,67,3" hai1="22,101,121,10,11,97,52,128,74,4,39,42,70" hai2="72,2,68,98,81,8,66,45,48,23,131,1,35" hai3="53,84,82,63,38,92,56,27,49,130,58,34,85"/><W55/><G38/><T110/><D3/><U132/><E121/><V16/><F35/><W100/><G130/><T13/><D75/><U91/><E70/><V94/><F131/><W15/><G15/><T43/><D79/><U80/><E128/><V112/><F8/><W30/><REACH who="3" step="1"/><G82/><REACH who="3" ten="246,285,373,86" step="2"/><T41/><D13/><U104/><E80/><V125/><F81/><W71/><G71/><T116/><D69/><U115/><E115/><V122/><F112/><W129/><G129/><T117/><D26/><U126/><E132/><V40/><F2/><W18/><G18/><T47/><D117/><U103/><E4/><V106/><F16/><W134/><G134/><T54/><D116/><U12/><E12/><V93/><F1/><W114/><G114/><T28/><D28/><U37/><E37/><V14/><F14/><W73/><G73/><T120/><D120/><U60/><E74/><V25/><F72/><W96/><AGARI ba="0,1" hai="27,30,34,49,53,55,56,58,63,84,85,92,96,100" machi="96" ten="30,3000,0" yaku="1,1,0,1,53,0" doraHai="135" doraHaiUra="133" who="3" fromWho="3" sc="246,-10,285,-10,373,-10,86,40" /><INIT seed="3,1,0,2,2,68" ten="236,275,363,126" oya="3" hai0="34,72,67,113,47,128,64,70,131,78,49,52,10" hai1="130,110,8,45,95,61,35,103,79,37,82,7,117" hai2="123,98,55,57,16,41,59,89,48,100,101,46,97" hai3="94,62,111,25,18,29,15,31,129,20,80,127,106"/><W125/><G106/><T17/><D34/><U88/><E110/><V114/><F114/><W116/><G116/><T63/><D113/><U58/><E35/><V122/><F59/><W119/><G119/><T60/><D78/><U3/><E117/><V81/><F16/><N who="3" m="12423" /><G80/><T26/><D72/><U12/><E130/><N who="0" m="49705" /><D26/><U66/><E103/><V121/><F97/><W39/><G129/><T23/><D10/><U4/><E4/><V1/><F1/><W87/><G111/><T71/><D23/><U30/><E30/><V50/><F81/><W91/><G62/><N who="0" m="23595" /><D17/><U9/><E9/><V102/><F89/><W38/><G31/><T0/><D0/><U22/><E22/><V6/><F6/><W65/><G29/><T93/><D93/><U124/><E3/><V53/><F98/><W132/><G132/><T75/><D75/><U120/><E82/><V43/><AGARI ba="1,0" hai="41,43,46,48,50,53,55,57,100,101,102,121,122,123" machi="43" ten="40,2700,0" yaku="0,1,13,1" doraHai="68" who="2" fromWho="2" sc="236,-8,275,-8,363,30,126,-14" /><INIT seed="4,0,0,0,1,87" ten="228,267,393,112" oya="0" hai0="88,30,25,134,89,107,65,43,60,50,110,46,48" hai1="33,20,90,70,74,34,132,116,109,14,93,85,35" hai2="73,82,52,19,23,8,106,56,122,38,118,42,53" hai3="40,72,97,36,91,124,63,18,78,68,39,76,26"/><T1/><D1/><U57/><E109/><V114/><F106/><W47/><G124/><T9/><D107/><U29/><E116/><V105/><F105/><W62/><G39/><T130/><D110/><U81/><E70/><V10/><F122/><W126/><G126/><T94/><D130/><U123/><E123/><V15/><F114/><W37/><G37/><T128/><D128/><U75/><E132/><V119/><F42/><W41/><G41/><T59/><D134/><U92/><E57/><V113/><F53/><W7/><G7/><T84/><D9/><U86/><E93/><V21/><F38/><W27/><G72/><T55/><D89/><U28/><E28/><V11/><F113/><W125/><G125/><T13/><D13/><U12/><E12/><V67/><F67/><W71/><G68/><T54/><REACH who="0" step="1"/><D50/><REACH who="0" ten="218,267,393,112" step="2"/><U111/><E111/><V24/><F118/><W3/><G3/><T100/><D100/><U102/><E102/><V58/><F119/><W45/><G36/><T51/><D51/><U4/><E14/><V131/><F131/><W120/><G120/><T31/><D31/><U133/><E133/><V16/><F8/><W32/><G78/><T6/><D6/><U61/><E4/><V2/><F2/><W129/><G76/><T80/><D80/><U99/><E81/><V103/><F82/><W5/><G5/><T66/><D66/><U64/><E64/><V121/><F10/><W127/><G129/><T112/><D112/><U104/><E104/><V0/><F11/><W83/><G127/><T44/><D44/><U69/><E29/><RYUUKYOKU ba="0,1" sc="218,30,267,-10,393,-10,112,-10" hai0="25,30,43,46,48,54,55,59,60,65,84,88,94" /><INIT seed="4,1,1,1,2,85" ten="248,257,383,102" oya="0" hai0="0,109,59,125,33,119,107,104,68,65,52,116,12" hai1="62,24,51,47,128,60,11,66,36,129,6,103,76" hai2="84,29,108,16,7,80,17,44,110,111,96,20,56" hai3="132,55,23,95,5,118,94,99,25,8,38,123,2"/><T31/><D0/><U97/><E36/><V133/><F7/><W81/><G118/><T13/><D68/><U72/><E24/><V101/><F133/><W28/><G132/><T19/><D65/><U121/><E121/><V10/><F10/><W87/><G123/><T64/><D64/><U67/><E76/><V43/><F56/><W4/><G38/><T30/><D33/><U45/><E72/><V71/><F71/><W1/><G55/><T82/><D82/><U73/><E73/><V106/><F29/><W35/><G35/><T83/><D83/><U126/><E126/><V115/><F115/><W18/><G28/><T90/><D59/><U61/><E67/><V98/><F98/><W100/><G4/><T88/><D52/><U74/><E74/><V58/><F58/><W21/><G23/><T105/><D105/><N who="1" m="63727" /><E66/><V114/><F114/><W41/><G41/><T127/><D19/><U53/><E47/><V34/><F34/><W50/><G1/><T37/><D37/><U117/><E117/><V92/><F106/><W78/><REACH who="3" step="1"/><G50/><REACH who="3" ten="248,257,383,92" step="2"/><T15/><D15/><N who="1" m="5623" /><E53/><V135/><F135/><W112/><G112/><T40/><D109/><U91/><E51/><N who="2" m="27039" /><F17/><W46/><G46/><T42/><AGARI ba="1,2" hai="12,13,30,31,40,42,88,90,104,107,116,119,125,127" machi="42" ten="25,18000,2" yaku="0,1,22,2,52,2,54,1" doraHai="85" who="0" fromWho="0" sc="248,203,257,-61,383,-61,92,-61" /><INIT seed="4,2,0,0,5,35" ten="451,196,322,31" oya="0" hai0="89,67,65,73,75,62,1,77,80,54,34,63,27" hai1="57,81,52,6,41,99,43,21,22,74,107,113,32" hai2="118,110,44,60,39,85,132,86,114,98,88,76,18" hai3="66,96,71,100,123,119,122,95,109,2,111,28,26"/><T17/><D54/><U15/><E32/><V91/><F60/><W11/><G119/><T16/><D89/><U120/><E120/><N who="3" m="46122" /><G66/><T115/><D115/><U97/><E113/><V25/><F25/><W8/><G71/><T9/><D34/><U83/><E107/><V94/><F18/><W93/><G95/><T90/><D90/><U106/><E106/><V133/><F44/><W101/><G100/><T116/><D116/><U49/><E74/><V24/><F24/><W84/><G84/><N who="2" m="32361" /><F39/><W134/><G134/><N who="2" m="51817" /><F114/><W14/><G14/><T126/><D75/><U68/><E68/><V51/><F51/><W36/><G36/><T128/><D27/><U87/><E15/><V55/><F55/><W108/><G2/><T69/><D67/><U135/><E135/><V79/><F118/><W130/><G130/><T127/><D128/><U125/><E52/><V56/><F56/><W42/><G42/><T29/><D29/><U64/><E57/><V7/><F7/><W59/><G59/><T20/><D63/><U104/><E6/><V45/><F45/><W50/><G50/><T46/><D46/><U131/><E131/><V33/><F33/><AGARI ba="2,0" hai="8,11,26,28,33,93,96,101,108,109,111" m="46122" machi="33" ten="40,1300,0" yaku="13,1" doraHai="35" who="3" fromWho="2" sc="451,0,196,0,322,-19,31,19" /><INIT seed="5,0,0,4,5,77" ten="451,196,303,50" oya="1" hai0="74,25,64,124,63,104,71,52,31,35,8,51,79" hai1="26,2,21,44,94,76,90,30,82,69,36,97,34" hai2="41,16,122,15,73,92,106,125,0,107,50,5,89" hai3="80,130,58,98,85,121,68,99,61,116,123,3,101"/><U86/><E69/><V29/><F73/><W20/><G68/><T39/><D39/><U88/><E2/><V54/><F122/><W112/><G3/><T49/><D124/><U38/><E44/><V115/><F41/><W13/><G112/><T23/><D104/><U118/><E118/><V55/><F125/><W10/><G116/><T32/><D49/><U75/><REACH who="1" step="1"/><E34/><REACH who="1" ten="451,186,303,50" step="2"/><V111/><F115/><W7/><G123/><T108/><D35/><U33/><E33/><V120/><F120/><W133/><G121/><T43/><D71/><U27/><E27/><V67/><F111/><W100/><G133/><T126/><D25/><U129/><E129/><V62/><F0/><W9/><G130/><T93/><D32/><U42/><E42/><V59/><F5/><W105/><G7/><T28/><D43/><U84/><E84/><V117/><F117/><W45/><G45/><T109/><D109/><U56/><E56/><V119/><F119/><W6/><G6/><T81/><D108/><U40/><E40/><V47/><F47/><W110/><G110/><T113/><D113/><U95/><AGARI ba="0,1" hai="21,26,30,36,38,75,76,82,86,88,90,94,95,97" machi="95" ten="20,12000,1" yaku="1,1,0,1,7,1,52,1,54,1,53,0" doraHai="77" doraHaiUra="103" who="1" fromWho="1" sc="451,-40,186,130,303,-40,50,-40" /><INIT seed="5,1,0,5,2,128" ten="411,316,263,10" oya="1" hai0="103,81,93,108,129,80,55,69,65,112,70,2,71" hai1="16,23,32,123,0,46,125,119,12,124,107,97,61" hai2="132,36,102,34,131,75,122,72,101,53,94,121,84" hai3="117,115,9,89,7,33,98,88,105,48,68,116,63"/><U13/><E119/><V4/><F53/><W90/><G33/><T118/><D108/><U76/><E123/><N who="2" m="47115" /><F36/><W39/><G39/><T66/><D2/><U29/><E0/><V21/><F21/><W73/><G73/><N who="2" m="28233" /><F4/><W113/><G48/><T19/><D19/><U82/><E46/><V30/><F30/><W59/><G68/><T8/><D8/><U85/><E61/><V45/><F45/><W83/><G83/><T44/><D81/><U110/><E110/><V104/><F34/><W27/><G27/><T91/><D55/><U86/><E12/><V18/><F18/><W51/><G51/><T87/><D44/><U15/><E13/><V38/><F38/><W54/><G9/><T96/><D118/><N who="3" m="45673" /><G7/><T5/><D5/><U133/><E29/><V1/><F1/><W92/><G105/><T49/><D49/><U3/><E32/><V58/><F58/><W14/><G14/><T79/><D71/><U127/><E3/><V52/><F52/><W134/><G134/><T130/><D70/><U95/><E133/><V28/><F28/><W111/><G111/><T22/><D69/><U35/><E35/><V109/><F109/><W24/><G24/><T100/><D22/><U114/><E23/><V77/><F132/><W62/><G62/><T126/><D65/><U50/><E50/><V11/><F11/><W74/><G74/><T56/><D66/><U42/><E15/><V26/><F26/><W41/><G41/><T60/><D60/><U10/><E42/><V43/><F43/><W17/><G17/><T135/><D135/><U20/><E16/><RYUUKYOKU ba="1,0" sc="411,-10,316,-10,263,-10,10,30" hai3="54,59,63,88,89,90,92,98,113,115" /><INIT seed="6,2,0,2,4,60" ten="401,306,253,40" oya="2" hai0="97,4,43,32,102,86,38,1,5,99,55,13,12" hai1="62,125,133,73,115,40,85,2,51,59,25,56,7" hai2="132,44,20,88,53,21,34,98,121,37,41,108,89" hai3="111,30,63,126,75,94,15,90,84,35,17,0,18"/><V16/><F34/><W77/><G111/><T81/><D32/><U120/><E73/><V47/><F121/><W58/><G0/><T57/><D43/><U31/><E120/><V36/><F132/><W48/><G126/><T39/><D39/><U118/><E118/><V83/><F108/><W106/><G106/><T23/><D38/><U22/><E133/><V64/><F64/><W26/><G48/><T9/><D1/><U14/><E2/><V123/><F123/><W68/><G68/><T11/><D23/><U50/><E125/><V92/><F53/><W6/><G75/><T74/><D74/><U45/><E115/><V66/><F66/><W80/><G6/><T79/><D102/><U46/><E85/><V105/><F105/><W114/><G114/><T134/><D134/><U117/><E117/><V69/><F69/><W10/><G17/><T71/><D71/><U28/><E28/><V135/><F135/><W87/><G63/><AGARI ba="2,0" hai="4,5,9,11,12,13,55,57,63,79,81,86,97,99" machi="63" ten="30,3900,0" yaku="7,1,9,1,8,1" doraHai="60" who="0" fromWho="3" sc="401,45,306,0,253,0,40,-45" owari="446,55.0,306,11.0,253,-15.0,-5,-51.0" /></mjloggm>