<mjloggm ver="2.3"><GO type="97" lobby="0"/><UN n0="%28%C2%B4%CF%89%EF%BD%80%2A%29%E4%B9%99" n1="%E3%83%84%E3%83%AC%E3%82%AA" n2="%E3%82%A6%E3%83%AB%E3%83%88%E3%83%A9%E7%AB%8B%E7%9B%B4" n3="%E8%8C%82%E5%8E%9F%E6%9C%80%E5%BC%B7" dan="14,14,14,13" rate="1991.41,1925.20,1941.99,1824.05" sx="M,M,M,M"/><TAIKYOKU oya="0"/><INIT seed="0,0,0,5,0,30" ten="250,250,250,250" oya="0" hai0="133,34,36,57,38,120,18,127,119,121,25,23,96" hai1="39,47,49,117,61,94,87,15,37,65,63,68,5" hai2="2,135,76,98,54,32,22,1,103,43,82,75,77" hai3="125,84,128,126,134,58,110,114,59,24,55,89,92"/><T12/><D119/><U29/><E117/><V109/><F135/><W129/><G114/><T41/><D133/><U42/><E63/><V130/><F130/><N who="3" m="50283" /><G134/><T16/><D96/><U64/><E64/><V66/><F54/><W111/><G24/><T26/><D127/><N who="3" m="48649" /><G55/><T53/><D120/><U115/><E115/><V31/><F22/><W93/><G93/><T45/><D121/><U9/><E29/><V118/><F118/><W113/><G113/><T56/><D38/><U91/><AGARI ba="0,0" hai="5,9,15,37,39,42,47,49,61,65,68,87,91,94" machi="91" ten="30,1100,0" yaku="0,1" doraHai="30" who="1" fromWho="1" sc="250,-5,250,11,250,-3,250,-3" /><INIT seed="1,0,0,0,5,101" ten="245,261,247,247" oya="1" hai0="107,24,9,50,0,68,69,88,31,37,26,39,85" hai1="55,106,116,65,110,90,1,83,76,48,32,12,133" hai2="95,104,99,53,13,122,113,70,117,103,100,40,96" hai3="34,91,38,29,51,93,4,8,67,41,18,61,54"/><U118/><E1/><V108/><F117/><W15/><G29/><T57/><D107/><U46/><E32/><V3/><F3/><W27/><G34/><T81/><D50/><U89/><E133/><V102/><F122/><W60/><G38/><T10/><D57/><U78/><E78/><V125/><F70/><W79/><G79/><T71/><D26/><U120/><E120/><V35/><F35/><W64/><G41/><T124/><D124/><U135/><E135/><V62/><F125/><W66/><G27/><T77/><D77/><U86/><E110/><V128/><F108/><W132/><G4/><T21/><REACH who="0" step="1"/><D10/><REACH who="0" ten="235,261,247,247" step="2"/><U74/><E106/><V59/><F113/><W84/><G132/><T75/><D75/><U7/><E118/><V114/><F114/><W16/><G18/><T28/><D28/><U63/><E116/><V42/><F128/><W36/><G36/><T25/><D25/><U52/><E74/><V92/><F104/><W30/><G30/><T17/><D17/><U115/><E115/><V126/><F126/><W19/><G19/><T94/><D94/><U111/><E111/><V73/><F73/><W105/><G105/><T23/><D23/><U98/><E48/><V47/><F47/><AGARI ba="0,1" hai="8,15,16,47,51,54,60,61,64,66,67,84,91,93" machi="47" ten="40,2600,0" yaku="8,1,54,1" doraHai="101" who="3" fromWho="2" sc="235,0,261,0,247,-26,247,36" /><INIT seed="2,0,0,4,5,97" ten="235,261,221,283" oya="2" hai0="94,19,54,2,0,63,57,30,119,6,16,82,25" hai1="89,42,91,23,17,77,60,123,107,47,14,121,33" hai2="131,65,48,44,39,8,45,101,41,103,66,95,135" hai3="29,73,49,122,118,64,75,132,88,13,134,37,7"/><V96/><F131/><W105/><G105/><T100/><D119/><U40/><E33/><V22/><F135/><W35/><G35/><T61/><D82/><U58/><E107/><V71/><F71/><W56/><G122/><N who="1" m="46602" /><E77/><V127/><F127/><W76/><G29/><T126/><D126/><U102/><E102/><N who="2" m="60703" /><F39/><W46/><G37/><T1/><D6/><U67/><E42/><V74/><F74/><W36/><G36/><AGARI ba="0,0" hai="14,17,23,36,40,47,58,60,67,89,91" m="46602" machi="36" ten="30,1000,0" yaku="13,1" doraHai="97" who="1" fromWho="3" sc="235,0,261,10,221,0,283,-10" /><INIT seed="3,0,0,1,1,42" ten="235,271,221,273" oya="3" hai0="5,35,127,78,36,124,26,60,77,74,125,92,64" hai1="28,122,110,105,32,41,40,85,47,49,109,2,1" hai2="79,134,71,29,107,18,11,83,112,53,9,8,82" hai3="116,31,95,118,73,58,70,30,63,94,133,38,46"/><W87/><G73/><T96/><D36/><U117/><E105/><V21/><F107/><W44/><G70/><T90/><D5/><U45/><E122/><V93/><F71/><W86/><G38/><T3/><D3/><U120/><E120/><V20/><F112/><W135/><G58/><T111/><D111/><N who="1" m="42507" /><E117/><V72/><F134/><W7/><G7/><T0/><D0/><U123/><E123/><V103/><F29/><W37/><G37/><T102/><D74/><U129/><E129/><V14/><F21/><W69/><G69/><N who="0" m="42119" /><D90/><U100/><E100/><V16/><F83/><W15/><G63/><T89/><D89/><U54/><E54/><V97/><REACH who="2" step="1"/><F53/><REACH who="2" ten="235,271,211,273" step="2"/><W4/><G118/><T130/><D130/><U48/><E28/><AGARI ba="0,1" hai="26,28,35,77,78,92,96,102,124,125,127" m="42119" machi="28" ten="30,1000,0" yaku="18,1" doraHai="42" who="0" fromWho="1" sc="235,20,271,-10,211,0,273,0" /><INIT seed="4,0,0,2,1,114" ten="255,261,211,273" oya="0" hai0="122,57,18,6,81,102,98,84,45,120,34,95,82" hai1="109,79,24,104,39,103,118,69,41,117,54,20,49" hai2="110,43,96,55,25,31,126,64,59,125,130,124,89" hai3="21,106,0,50,70,97,88,108,17,37,135,111,101"/><T13/><D34/><U91/><E69/><V67/><F110/><W100/><G70/><T105/><D45/><U23/><E109/><V10/><F130/><W46/><G37/><T33/><D33/><U115/><E79/><V129/><F129/><W60/><G0/><T22/><D6/><U28/><E41/><V36/><F10/><W72/><G72/><T121/><D57/><U116/><E39/><V73/><F73/><W5/><G5/><T131/><D131/><U83/><E115/><V19/><F43/><W132/><G101/><T87/><REACH who="0" step="1"/><D95/><REACH who="0" ten="245,261,211,273" step="2"/><U92/><E92/><N who="2" m="56335" /><F36/><W75/><G111/><T94/><D94/><U9/><E104/><V52/><F19/><W2/><G108/><T15/><D15/><U44/><E44/><V76/><F76/><W14/><G2/><T16/><D16/><U8/><E28/><V35/><F55/><W47/><G47/><T85/><AGARI ba="0,1" hai="13,18,22,81,82,84,85,87,98,102,105,120,121,122" machi="85" ten="40,3900,0" yaku="1,1,0,1,53,0" doraHai="114" doraHaiUra="123" who="0" fromWho="0" sc="245,49,261,-13,211,-13,273,-13" /><INIT seed="4,1,0,0,0,126" ten="294,248,198,260" oya="0" hai0="98,61,33,84,113,20,127,67,13,46,90,47,122" hai1="105,42,44,65,52,66,8,120,63,45,26,7,96" hai2="97,115,135,56,19,80,34,74,70,79,11,133,131" hai3="0,92,99,91,78,103,132,82,77,41,10,32,51"/><T60/><D122/><U22/><E120/><V112/><F70/><W114/><G32/><T88/><D127/><U36/><E105/><V125/><F34/><W129/><G0/><T111/><D113/><N who="2" m="43594" /><F125/><W110/><G10/><T38/><D38/><U9/><E96/><V30/><F30/><W69/><G69/><T62/><D67/><U25/><E9/><V24/><F56/><W49/><G114/><T104/><D33/><U35/><E35/><V109/><F109/><W53/><G110/><T106/><D106/><U83/><E83/><V15/><F24/><W124/><G124/><T55/><D55/><U14/><E26/><V40/><F40/><W100/><G41/><T58/><D58/><U119/><E119/><V50/><F50/><W57/><G51/><T71/><D71/><U121/><E121/><V39/><F39/><W123/><G123/><T101/><D111/><U108/><E108/><V116/><F116/><W18/><G132/><N who="2" m="50761" /><F97/><W17/><G78/><T86/><D20/><U1/><E1/><V23/><F11/><W73/><G17/><T59/><D59/><U64/><E63/><V4/><F4/><W85/><G18/><T87/><D47/><U21/><REACH who="1" step="1"/><E25/><REACH who="1" ten="294,238,198,260" step="2"/><V94/><F94/><W75/><G75/><T37/><D13/><U3/><E3/><V95/><F95/><W5/><G5/><T107/><D107/><U31/><E31/><V16/><F19/><W102/><G99/><T72/><D72/><U54/><E54/><V134/><N who="2" m="50769" /><V12/><DORA hai="117" /><F12/><W93/><G93/><T43/><AGARI ba="1,1" hai="37,43,46,60,61,62,84,86,87,88,90,98,101,104" machi="43" ten="40,3900,0" yaku="0,1,54,1" doraHai="126,117" who="0" fromWho="0" sc="294,52,238,-14,198,-14,260,-14" owari="346,45.0,224,-18.0,184,-32.0,246,5.0" /></mjloggm>