<mjloggm ver="2.3"><GO type="41" lobby="0"/><UN n0="%E9%BB%92%E6%9C%A8%E8%B1%B9%E4%BB%8B" n1="%74%61%61%6B%75%75" n2="%E5%B0%B1%E6%B4%BB%E7%94%9F%40%E5%B7%9D%E6%9D%91%E8%BB%8D%E5%9B%A3" n3="%6C%61%77%6C%69%67%68%74" dan="13,14,15,13" rate="1900.37,1954.12,1994.06,1929.40" sx="M,M,M,M"/><TAIKYOKU oya="0"/><INIT seed="0,0,0,2,5,36" ten="250,250,250,250" oya="0" hai0="62,78,109,120,55,41,63,87,5,35,99,81,12" hai1="77,125,25,10,132,123,105,130,33,68,122,93,97" hai2="50,34,92,31,103,1,129,106,126,65,43,134,32" hai3="23,57,102,127,96,6,8,66,76,113,45,16,74"/><T38/><D35/><U112/><E105/><V82/><F106/><W85/><G127/><T104/><D120/><U17/><E68/><V18/><F1/><W15/><G113/><T110/><D55/><U4/><E77/><V60/><F82/><W56/><G74/><T54/><D54/><U86/><E86/><V59/><F126/><W94/><G66/><T46/><D99/><U51/><E125/><V49/><F129/><W9/><G9/><N who="0" m="4143" /><D104/><U11/><E51/><V121/><F121/><W79/><G45/><T119/><D119/><U75/><E75/><V69/><F134/><W118/><G118/><T26/><D26/><U114/><E132/><V21/><F31/><W95/><G76/><T58/><D58/><U64/><E64/><V40/><F69/><W98/><G85/><T111/><AGARI ba="0,0" hai="38,41,46,62,63,78,81,87,109,110,111" m="4143" machi="111" ten="30,6000,0" yaku="14,1,10,1,52,1" doraHai="36" who="0" fromWho="0" sc="250,60,250,-20,250,-20,250,-20" /><INIT seed="0,1,0,1,0,123" ten="310,230,230,230" oya="0" hai0="129,54,89,68,67,56,1,76,80,44,21,42,112" hai1="7,34,108,121,126,30,119,47,107,88,16,101,37" hai2="91,116,13,5,93,9,102,90,100,79,73,72,82" hai3="94,41,120,3,69,117,78,74,35,71,36,87,55"/><T66/><D1/><U132/><E121/><V97/><F116/><W29/><G120/><T60/><D112/><U24/><E119/><V62/><F73/><W19/><G117/><T65/><D89/><U128/><E128/><V131/><F131/><W86/><G74/><T51/><D129/><U75/><E7/><V53/><F102/><W92/><G3/><T4/><D4/><U127/><E132/><V64/><REACH who="2" step="1"/><F53/><REACH who="2" ten="310,230,220,230" step="2"/><W77/><G55/><T96/><D21/><U83/><E75/><V95/><F95/><W133/><G92/><T125/><D125/><U6/><E101/><V31/><F31/><W11/><G94/><T59/><D96/><U2/><E30/><V22/><F22/><W40/><G29/><T103/><D103/><U122/><E122/><V50/><F50/><W28/><G28/><T48/><D68/><AGARI ba="1,1" hai="5,9,13,62,64,68,72,79,82,90,91,93,97,100" machi="68" ten="30,2000,0" yaku="1,1,7,1,53,0" doraHai="123" doraHaiUra="33" who="2" fromWho="0" sc="310,-23,230,0,220,33,230,0" /><INIT seed="1,0,0,3,5,48" ten="287,230,253,230" oya="1" hai0="124,107,135,114,99,72,30,35,94,105,43,102,77" hai1="9,71,82,80,109,63,33,84,59,24,131,58,125" hai2="27,12,22,122,13,7,117,87,78,5,51,91,116" hai3="88,70,134,103,108,101,1,4,95,73,115,79,39"/><U54/><E131/><V60/><F122/><W26/><G70/><T20/><D35/><U15/><E125/><V123/><F123/><W34/><G39/><T0/><D0/><U38/><E38/><V90/><F60/><W29/><G115/><T37/><D114/><U97/><E109/><V28/><F78/><W21/><G134/><T18/><D30/><U3/><E3/><V2/><F2/><W31/><G108/><T89/><D135/><U106/><E71/><V81/><F91/><W119/><G119/><T85/><D124/><U98/><E106/><V66/><F66/><W86/><G31/><T40/><D37/><U100/><E100/><V130/><F130/><W55/><G34/><T75/><D107/><U118/><E118/><V47/><F117/><W44/><G4/><N who="2" m="1609" /><F116/><W10/><G10/><T120/><D120/><U36/><E36/><V46/><F46/><W45/><G1/><T16/><D18/><N who="1" m="8559" /><E24/><V14/><F14/><W64/><G64/><T23/><D23/><U113/><E33/><V110/><F110/><W104/><G104/><T126/><D126/><U62/><E113/><V93/><F93/><W41/><G73/><T112/><D112/><U74/><E74/><V52/><AGARI ba="0,0" hai="12,13,22,27,28,47,51,52,81,87,90" m="1609" machi="52" ten="30,4000,0" yaku="8,1,52,1,54,1" doraHai="48" who="2" fromWho="2" sc="287,-10,230,-20,253,40,230,-10" /><INIT seed="2,0,0,0,1,113" ten="277,210,293,220" oya="2" hai0="130,122,110,118,43,111,12,9,62,97,121,125,46" hai1="38,57,85,13,117,23,82,29,48,21,7,104,16" hai2="77,66,14,51,71,25,6,108,19,103,5,39,67" hai3="33,75,120,116,27,28,24,72,135,87,44,112,119"/><V11/><F39/><W35/><G120/><N who="0" m="46187" /><D97/><U41/><E38/><V102/><F108/><N who="0" m="41514" /><D12/><U106/><E117/><V101/><F77/><W61/><G112/><T49/><D9/><U92/><E92/><V22/><F71/><W93/><G61/><T128/><D125/><U3/><E3/><V60/><F60/><W26/><G26/><T91/><D91/><U123/><E123/><V18/><F51/><W86/><G44/><T109/><N who="0" m="41522" /><T115/><DORA hai="65" /><D115/><U53/><E41/><V10/><REACH who="2" step="1"/><F19/><REACH who="2" ten="277,210,283,220" step="2"/><W100/><G119/><T37/><D118/><U4/><E106/><V32/><F32/><W8/><G35/><T88/><D49/><U127/><E104/><V34/><F34/><W69/><G33/><T98/><D62/><U78/><REACH who="1" step="1"/><E127/><REACH who="1" ten="277,200,283,220" step="2"/><V58/><F58/><W114/><G116/><T126/><D126/><U30/><E30/><V36/><F36/><W84/><G28/><T73/><D73/><U64/><E64/><V76/><F76/><W45/><G75/><T89/><D89/><U132/><E132/><V15/><AGARI ba="0,2" hai="5,6,10,11,14,15,18,22,25,66,67,101,102,103" machi="15" ten="30,18000,2" yaku="1,1,0,1,9,1,8,1,53,2" doraHai="113,65" doraHaiUra="63,83" who="2" fromWho="2" sc="277,-60,200,-60,283,200,220,-60" /><INIT seed="2,1,0,4,5,129" ten="217,140,483,160" oya="2" hai0="68,80,61,106,38,4,40,107,98,72,29,62,117" hai1="25,135,76,100,121,89,103,86,83,124,99,81,50" hai2="92,5,96,7,60,114,101,112,105,123,14,104,65" hai3="111,77,52,87,49,109,8,31,35,134,110,113,30"/><V24/><F123/><W73/><G73/><T128/><D117/><U64/><E121/><V133/><F133/><W17/><G113/><T126/><D128/><U33/><E33/><V48/><F24/><W18/><G134/><T39/><D126/><U95/><E124/><V55/><F104/><W45/><G35/><T32/><D4/><U63/><E50/><V19/><F105/><W74/><G74/><T58/><D29/><N who="3" m="10761" /><G8/><T79/><D32/><U67/><E135/><V42/><F42/><W9/><G9/><T27/><D27/><U3/><E3/><V36/><F36/><W53/><G53/><T13/><D13/><U44/><E44/><V16/><F112/><W97/><G97/><T51/><D38/><U84/><E103/><V116/><F114/><W1/><G1/><T21/><D21/><U20/><REACH who="1" step="1"/><E63/><REACH who="1" ten="217,130,483,160" step="2"/><V120/><F116/><W37/><G37/><T70/><D39/><U85/><E85/><V11/><F120/><W41/><G87/><T54/><D62/><U71/><E71/><V46/><F5/><W43/><G111/><T75/><D75/><U119/><E119/><V0/><F0/><W118/><G110/><T56/><D40/><U47/><E47/><V93/><REACH who="2" step="1"/><F92/><REACH who="2" ten="217,130,473,160" step="2"/><W132/><G109/><T28/><D107/><U57/><E57/><AGARI ba="1,2" hai="7,11,14,16,19,46,48,55,57,60,65,93,96,101" machi="57" ten="30,12000,1" yaku="1,1,2,1,7,1,8,1,54,1,53,0" doraHai="129" doraHaiUra="26" who="2" fromWho="1" sc="217,0,130,-123,473,143,160,0" /><INIT seed="2,2,0,4,3,97" ten="217,7,616,160" oya="2" hai0="8,117,109,81,18,105,13,1,51,55,3,60,4" hai1="54,61,37,80,130,79,14,5,113,36,93,104,40" hai2="125,115,63,21,103,10,90,96,15,16,110,84,132" hai3="9,22,56,76,26,106,112,77,64,25,98,74,119"/><V94/><F115/><W46/><G119/><T123/><D117/><U71/><E113/><V35/><F110/><W30/><G112/><T69/><D105/><U53/><E104/><V114/><F35/><W7/><G74/><T127/><D123/><U39/><E130/><V47/><F114/><W131/><G131/><T111/><D127/><U121/><E121/><V72/><F72/><W11/><G11/><T122/><D122/><U128/><E128/><V108/><F108/><N who="0" m="41546" /><D81/><U118/><E118/><V107/><F125/><W32/><G46/><N who="0" m="28151" /><D4/><U135/><E135/><V38/><F132/><W102/><G56/><T89/><D89/><U17/><E40/><V20/><F38/><W120/><G64/><AGARI ba="2,0" hai="1,3,8,13,18,60,64,69" m="28151,41546" machi="64" ten="30,1000,0" yaku="14,1" doraHai="97" who="0" fromWho="3" sc="217,16,7,0,616,0,160,-16" /><INIT seed="3,0,0,1,2,96" ten="233,7,616,144" oya="3" hai0="44,73,108,3,80,12,127,84,9,48,106,91,100" hai1="7,119,21,125,25,107,99,20,133,113,135,57,34" hai2="87,50,32,55,19,17,24,30,49,95,79,126,74" hai3="111,40,103,22,93,105,43,27,77,42,39,6,10"/><W110/><G77/><T78/><D3/><U94/><E113/><V64/><F74/><W101/><G39/><T116/><D116/><U38/><E38/><V58/><F126/><W121/><G121/><T117/><D117/><U130/><E119/><V33/><F33/><W86/><G105/><T123/><D123/><U67/><E107/><V36/><F36/><W29/><G86/><T118/><D118/><U56/><E125/><V28/><F28/><W31/><G31/><T26/><D26/><U5/><E130/><V59/><F79/><W76/><G76/><T11/><D127/><U89/><E34/><V114/><F114/><W68/><G68/><T41/><D108/><N who="3" m="41513" /><G93/><N who="0" m="54503" /><D12/><AGARI ba="0,0" hai="6,10,12,22,27,29,40,42,43,101,103" m="41513" machi="12" ten="30,11600,0" yaku="14,1,10,1,52,2" doraHai="96" who="3" fromWho="0" sc="233,-116,7,0,616,0,144,116" /><INIT seed="3,1,0,2,1,80" ten="117,7,616,260" oya="3" hai0="72,98,64,47,34,81,54,110,77,66,86,130,28" hai1="97,122,90,45,120,11,19,128,31,13,36,14,0" hai2="69,115,68,49,44,37,20,58,51,23,124,33,63" hai3="21,117,121,46,94,75,15,35,84,16,78,88,125"/><W25/><G125/><T106/><D130/><U135/><E128/><V111/><F33/><W5/><G121/><T9/><D110/><U61/><E135/><V82/><F111/><W52/><G117/><T32/><D9/><U126/><E126/><V104/><F115/><W6/><G75/><T100/><D28/><U18/><E31/><V101/><F124/><W48/><G35/><T123/><D123/><U79/><E0/><V67/><F37/><W127/><G127/><T119/><D119/><U10/><E79/><V62/><F49/><W60/><G78/><T134/><D134/><U83/><E61/><V59/><F82/><W27/><G60/><T118/><D118/><U76/><E97/><V26/><F101/><W99/><G99/><T65/><REACH who="0" step="1"/><D72/><REACH who="0" ten="107,7,616,260" step="2"/><U2/><E2/><V22/><F26/><AGARI ba="1,1" hai="5,6,15,16,21,25,26,27,46,48,52,84,88,94" machi="26" ten="40,12000,1" yaku="8,1,52,1,54,3" doraHai="80" who="3" fromWho="2" sc="107,0,7,0,616,-123,260,133" /><INIT seed="3,2,0,1,2,101" ten="107,7,493,393" oya="3" hai0="57,6,41,91,113,104,38,10,54,46,35,1,125" hai1="109,103,13,82,20,11,84,119,28,130,115,24,17" hai2="56,71,32,70,21,105,50,75,9,126,40,99,74" hai3="66,132,19,73,76,68,131,2,47,89,117,108,135"/><W69/><G117/><T90/><D113/><U102/><E119/><V114/><F32/><W49/><G2/><T100/><D125/><U129/><E115/><V7/><F114/><W45/><G131/><N who="1" m="50186" /><E109/><V53/><F126/><W112/><G112/><T65/><D35/><U43/><E43/><V124/><F124/><W3/><G3/><T39/><D38/><U87/><E87/><V62/><F21/><W27/><G108/><T134/><D134/><N who="3" m="51241" /><G89/><AGARI ba="2,0" hai="11,13,17,20,24,28,82,84,89,102,103" m="50186" machi="89" ten="30,1000,0" yaku="19,1" doraHai="101" who="1" fromWho="3" sc="107,0,7,16,493,0,393,-16" /><INIT seed="4,0,0,0,4,91" ten="107,23,493,377" oya="0" hai0="90,53,82,12,96,21,23,49,117,99,0,107,50" hai1="51,3,5,112,128,80,70,30,124,110,13,14,134" hai2="85,40,43,59,2,44,119,28,118,122,33,55,114" hai3="10,73,19,100,131,29,129,135,41,106,89,36,108"/><T120/><D0/><U116/><E110/><V75/><F75/><W35/><G108/><T125/><D120/><U84/><E116/><N who="2" m="44587" /><F2/><W18/><G135/><T52/><D117/><U60/><E134/><V4/><F122/><W6/><G73/><T72/><D72/><U34/><E128/><N who="3" m="49226" /><G89/><T92/><D125/><U133/><E124/><V25/><F4/><W77/><G77/><T111/><D111/><U132/><E133/><V105/><F105/><W62/><G62/><T69/><D69/><U9/><E132/><V130/><F130/><W47/><G100/><T103/><D82/><U45/><E112/><V57/><F114/><W22/><G106/><T109/><D109/><U65/><E34/><V54/><F85/><W48/><G35/><T39/><D39/><U81/><E30/><V74/><F74/><W15/><G36/><T95/><D107/><U58/><E70/><V63/><F44/><W127/><G127/><T86/><D86/><U98/><E98/><V78/><F78/><W32/><G32/><T38/><D38/><U121/><E121/><V66/><F66/><W93/><G93/><T8/><D8/><U115/><E115/><V42/><F42/><W79/><G79/><T7/><D7/><U123/><E123/><V26/><F26/><AGARI ba="0,0" hai="6,10,15,18,19,22,26,29,41,47,48" m="49226" machi="26" ten="30,1000,0" yaku="19,1" doraHai="91" who="3" fromWho="2" sc="107,0,23,0,493,-10,377,10" /><INIT seed="5,0,0,1,4,38" ten="107,23,483,387" oya="1" hai0="113,91,30,21,36,42,102,92,88,101,11,52,57" hai1="126,20,114,44,14,94,119,23,3,130,131,110,68" hai2="133,69,32,71,89,72,67,125,109,120,27,18,79" hai3="63,41,56,103,54,135,46,83,2,31,65,12,99"/><U122/><E119/><V9/><F109/><W132/><G2/><T66/><D113/><U86/><E122/><V104/><F104/><W45/><G45/><T111/><D111/><U134/><E3/><V26/><F120/><W105/><G31/><T98/><D11/><U108/><E68/><V62/><F125/><W115/><G115/><T49/><D66/><U127/><E114/><V107/><F133/><W19/><G83/><T10/><D10/><U85/><E44/><V112/><F112/><W80/><G80/><T22/><D36/><U50/><E50/><V24/><F71/><W95/><G105/><T53/><D30/><U51/><E51/><V84/><F107/><W48/><REACH who="3" step="1"/><G65/><REACH who="3" ten="107,23,483,377" step="2"/><T76/><D76/><U40/><E94/><V81/><F32/><W123/><G123/><T87/><D53/><U124/><E124/><V5/><F72/><W25/><G25/><T74/><D74/><U15/><REACH who="1" step="1"/><E134/><REACH who="1" ten="107,13,483,377" step="2"/><V96/><F69/><W43/><G43/><AGARI ba="0,2" hai="14,15,20,23,40,43,85,86,108,110,126,127,130,131" machi="43" ten="25,24000,3" yaku="1,1,2,1,22,2,52,2,53,2" doraHai="38" doraHaiUra="39" who="1" fromWho="3" sc="107,0,13,260,483,0,377,-240" /><INIT seed="5,1,0,2,4,124" ten="107,273,483,137" oya="1" hai0="88,80,107,115,77,103,8,69,122,9,91,94,35" hai1="82,50,106,118,52,61,76,120,133,79,19,89,101" hai2="33,85,64,2,117,125,111,67,78,49,93,7,45" hai3="57,41,23,116,131,126,6,42,66,83,43,87,3"/><U99/><E120/><V51/><F33/><W132/><G116/><T30/><D69/><U92/><E118/><V56/><F111/><W27/><G126/><T135/><D35/><U14/><E61/><V58/><F117/><W130/><G132/><T11/><D30/><U17/><E133/><V70/><F125/><W24/><G6/><T38/><D38/><U54/><E54/><V21/><F70/><W28/><G3/><T102/><D135/><U81/><E81/><V62/><F2/><W129/><G27/><T71/><D71/><U20/><E19/><V72/><F7/><W55/><G66/><T40/><D40/><U10/><E82/><V113/><F113/><W128/><N who="3" m="33280" /><DORA hai="74" /><W105/><G105/><T25/><D25/><U39/><E39/><V121/><F72/><W29/><G29/><T104/><D122/><U68/><E68/><V34/><F34/><W13/><G13/><T98/><D115/><U123/><E123/><V32/><F32/><W63/><G42/><T134/><D134/><U53/><E53/><V1/><F21/><W96/><G96/><N who="0" m="61511" /><D11/><U15/><E10/><V95/><F1/><W110/><REACH who="3" step="1"/><G110/><REACH who="3" ten="107,273,483,127" step="2"/><T75/><D9/><U90/><E14/><V114/><F67/><W109/><G109/><T46/><D8/><U48/><E106/><V44/><F64/><W36/><G36/><T73/><D46/><N who="1" m="27671" /><E50/><V108/><F51/><W84/><G84/><N who="0" m="52487" /><D91/><AGARI ba="1,1" hai="15,17,20,76,79,89,90,91,92,99,101" m="27671" machi="91" ten="30,11600,0" yaku="8,1,52,2,54,1" doraHai="124,74" who="1" fromWho="0" sc="107,-119,273,129,483,0,127,0" /><AGARI ba="1,0" hai="23,24,28,41,43,55,57,63,83,87,91" m="33280" machi="91" ten="70,16000,3" yaku="1,1,19,1,52,4,53,2" doraHai="124,74" doraHaiUra="37,65" who="3" fromWho="0" sc="-12,-160,402,0,483,0,127,160" owari="-172,-67.0,402,20.0,483,58.0,287,-11.0" /></mjloggm>