<mjloggm ver="2.3"><GO type="41" lobby="0"/><UN n0="%E5%B0%B1%E6%B4%BB%E7%94%9F%40%E5%B7%9D%E6%9D%91%E8%BB%8D%E5%9B%A3" n1="%E5%BC%90" n2="%62%6F%74%79%61%6E" n3="%73%66%68%6E%36%30" dan="15,13,15,13" rate="1989.90,1840.46,1942.97,1830.88" sx="M,M,M,M"/><TAIKYOKU oya="0"/><INIT seed="0,0,0,4,4,39" ten="250,250,250,250" oya="0" hai0="17,29,75,47,110,52,36,86,25,23,95,65,100" hai1="124,131,98,68,59,61,44,49,55,93,127,112,20" hai2="125,85,96,1,94,129,88,63,120,119,16,116,97" hai3="41,107,6,64,134,34,126,32,74,35,11,13,109"/><T70/><D75/><U111/><E131/><V0/><F120/><W79/><G107/><T37/><D110/><U19/><E111/><V92/><F129/><W102/><G102/><T101/><D37/><U42/><E112/><V115/><F115/><W48/><G109/><T9/><D70/><U108/><E108/><V15/><F125/><W50/><G64/><T26/><D65/><U45/><E45/><V7/><F63/><W28/><G126/><T62/><D36/><U76/><E76/><V54/><F54/><W73/><G134/><T106/><D106/><U89/><REACH who="1" step="1"/><E68/><REACH who="1" ten="250,240,250,250" step="2"/><V91/><F119/><W38/><G79/><T122/><D122/><U121/><E121/><V81/><F116/><W30/><G74/><T99/><D47/><U3/><E3/><V104/><F104/><W18/><G73/><T105/><D105/><U12/><AGARI ba="0,1" hai="12,19,20,42,44,49,55,59,61,89,93,98,124,127" machi="12" ten="30,4000,0" yaku="1,1,0,1,52,1,53,0" doraHai="39" doraHaiUra="83" who="1" fromWho="1" sc="250,-20,240,50,250,-10,250,-10" /><INIT seed="1,0,0,1,2,48" ten="230,290,240,240" oya="1" hai0="76,29,111,8,59,1,67,28,3,126,10,40,36" hai1="110,30,100,73,109,13,62,21,32,64,117,11,82" hai2="96,92,65,133,9,85,97,43,86,116,66,124,54" hai3="12,74,89,104,118,91,79,128,5,84,72,115,132"/><U61/><E117/><V102/><F116/><W75/><G5/><T49/><D126/><U20/><E32/><V33/><F124/><W35/><G35/><T25/><D111/><U94/><E73/><V90/><F133/><W50/><G118/><T93/><D76/><U34/><E34/><V120/><F120/><W41/><G115/><T98/><D36/><U45/><E82/><V51/><F33/><W42/><G132/><T15/><D28/><U83/><E83/><V95/><F43/><W53/><G104/><T24/><D10/><U69/><E62/><V37/><F37/><W122/><G122/><T27/><D29/><U108/><E30/><V63/><F9/><W6/><G79/><T78/><D78/><U68/><E68/><V47/><F66/><W129/><G91/><T80/><D80/><U106/><E106/><V2/><F2/><W19/><G6/><T0/><D67/><U4/><E100/><V131/><F131/><N who="3" m="50251" /><G42/><T60/><D60/><U70/><E70/><AGARI ba="0,0" hai="47,51,54,63,65,70,85,86,90,92,95,96,97,102" machi="70" ten="30,2000,0" yaku="7,1,52,1" doraHai="48" who="2" fromWho="1" sc="230,0,290,-20,240,20,240,0" /><INIT seed="2,0,0,5,1,120" ten="230,270,260,240" oya="2" hai0="102,106,52,65,25,64,90,12,1,20,88,16,116" hai1="73,85,108,84,54,93,61,40,91,26,14,30,2" hai2="58,42,135,89,59,37,21,125,87,86,70,83,129" hai3="99,39,80,98,28,63,119,31,57,13,49,128,133"/><V115/><F115/><W55/><G119/><T15/><D1/><U27/><E73/><V124/><F70/><W126/><G39/><T69/><D116/><U53/><E2/><V105/><F105/><W110/><G110/><T92/><D106/><U74/><E74/><V38/><F129/><W82/><G128/><T131/><D131/><U109/><E40/><V43/><F21/><W75/><G126/><T122/><D122/><U7/><E61/><V60/><F60/><W112/><G112/><T94/><D102/><U50/><E85/><V10/><F10/><W72/><G133/><T111/><D111/><N who="1" m="42571" /><E50/><V44/><F135/><W134/><G134/><T77/><D77/><U17/><E7/><V121/><F121/><W130/><G130/><T101/><D101/><U5/><E5/><V33/><F33/><W62/><G13/><N who="0" m="5195" /><D69/><U107/><E107/><V103/><F103/><W8/><G8/><T118/><D118/><U29/><E27/><V0/><F0/><W123/><G123/><T67/><D52/><N who="1" m="20075" /><E26/><V95/><F43/><W32/><G32/><T79/><D79/><U24/><E24/><V68/><F37/><W117/><G117/><T51/><D51/><U45/><E45/><V46/><F46/><W78/><G78/><T34/><D34/><U127/><E127/><N who="2" m="48715" /><F68/><W22/><G22/><AGARI ba="0,0" hai="14,17,22,29,30,84,91,93" m="20075,42571" machi="22" ten="30,8000,1" yaku="14,1,52,3,54,1" doraHai="120" who="1" fromWho="3" sc="230,0,270,80,260,0,240,-80" /><INIT seed="3,0,0,5,2,20" ten="230,350,260,160" oya="3" hai0="39,128,7,107,122,3,76,104,28,116,109,105,2" hai1="112,71,57,6,61,110,34,47,97,50,98,89,92" hai2="36,75,64,53,37,102,13,41,111,91,60,44,55" hai3="86,101,38,52,42,125,85,77,69,103,15,25,106"/><W31/><G69/><T82/><D116/><U0/><E110/><V8/><F75/><W65/><G125/><T45/><D109/><U90/><E71/><V54/><F111/><W58/><G106/><T14/><D122/><U81/><E112/><V134/><F102/><N who="3" m="38923" /><G38/><T40/><D128/><U35/><E0/><V26/><F134/><W46/><G77/><T121/><D121/><U100/><E6/><V84/><F37/><W30/><G15/><T1/><D14/><U108/><E108/><V62/><F26/><W23/><G31/><T9/><REACH who="0" step="1"/><D28/><REACH who="0" ten="220,350,260,160" step="2"/><U17/><E100/><V70/><F13/><W132/><G132/><T51/><D51/><U80/><E17/><V129/><F129/><W68/><G68/><T79/><D79/><U19/><E19/><V22/><F8/><W66/><G42/><T12/><D12/><U33/><E90/><V63/><F22/><W29/><G29/><T18/><D18/><U123/><E123/><V11/><REACH who="2" step="1"/><F11/><REACH who="2" ten="220,350,250,160" step="2"/><W78/><G78/><T115/><D115/><U72/><E33/><V99/><F99/><W10/><G10/><T96/><D96/><U119/><E98/><V4/><F4/><W130/><G130/><T127/><D127/><U32/><E32/><V117/><F117/><W114/><G114/><T16/><D16/><U118/><E119/><V48/><F48/><N who="3" m="30983" /><G46/><T49/><D49/><U133/><E118/><V94/><AGARI ba="0,2" hai="36,41,44,53,54,55,60,62,63,64,70,84,91,94" machi="94" ten="30,2000,0" yaku="1,1,0,1,53,0" doraHai="20" doraHaiUra="126" who="2" fromWho="2" sc="220,-5,350,-5,250,40,160,-10" /><INIT seed="4,0,0,1,1,120" ten="215,345,290,150" oya="0" hai0="57,77,97,102,124,131,26,23,42,118,64,31,126" hai1="68,96,9,51,113,12,101,106,78,13,0,80,34" hai2="103,44,86,62,74,119,59,112,30,46,8,88,11" hai3="87,110,69,76,20,60,56,81,32,91,99,4,84"/><T130/><D118/><U127/><E34/><V108/><F108/><W22/><G32/><T21/><D77/><U50/><E68/><V7/><F112/><W109/><G69/><T94/><D42/><U33/><E33/><V18/><F119/><W24/><G4/><T122/><D122/><U125/><E0/><V123/><F123/><W82/><G99/><T93/><D93/><U116/><E116/><V128/><F128/><W6/><G6/><T107/><D107/><U38/><E38/><V114/><F114/><W28/><REACH who="3" step="1"/><G22/><REACH who="3" ten="215,345,290,140" step="2"/><T83/><D23/><U40/><E113/><V95/><F7/><W19/><G19/><T58/><D83/><U134/><E134/><V37/><F18/><W98/><G98/><T5/><D5/><U70/><E70/><V48/><F30/><W2/><G2/><T92/><D92/><U47/><E51/><V25/><F95/><W133/><G133/><T111/><D111/><U36/><E36/><V1/><F37/><W16/><G16/><T100/><D100/><U27/><E27/><V72/><F103/><W43/><G43/><T14/><D14/><U41/><E41/><V65/><F25/><W71/><G71/><T89/><D102/><U115/><E115/><V85/><F1/><W104/><G104/><T55/><D130/><U15/><E9/><V39/><F39/><W61/><G61/><N who="0" m="37935" /><D131/><U129/><E129/><V3/><F3/><W121/><G121/><T117/><D117/><U53/><E40/><V29/><F11/><W52/><AGARI ba="0,1" hai="20,24,28,52,56,60,76,81,82,84,87,91,109,110" machi="52" ten="20,12000,2" yaku="1,1,0,1,7,1,52,2,54,1,53,0" doraHai="120" doraHaiUra="35" who="3" fromWho="3" sc="215,-60,345,-30,290,-30,140,130" /><INIT seed="5,0,0,0,1,80" ten="155,315,260,270" oya="1" hai0="119,34,60,82,6,123,134,0,127,96,133,72,71" hai1="47,27,109,94,103,11,74,52,107,61,53,59,51" hai2="63,117,97,20,25,125,30,77,12,44,18,121,131" hai3="15,9,106,5,36,3,57,122,48,129,84,37,54"/><U28/><E109/><V13/><F117/><W19/><G106/><T4/><D123/><U105/><E74/><V81/><F121/><W32/><G32/><T23/><D119/><U111/><E111/><V64/><F125/><W50/><G122/><T102/><D127/><U56/><E11/><V135/><F131/><W26/><G129/><T83/><D34/><U21/><E103/><V1/><F1/><W85/><G26/><T70/><D23/><U22/><E47/><V108/><F108/><W65/><G65/><T45/><D45/><U101/><E101/><V41/><F135/><N who="0" m="51722" /><D0/><U115/><E115/><V120/><F97/><W39/><REACH who="3" step="1"/><G48/><REACH who="3" ten="155,315,260,260" step="2"/><T79/><D82/><U46/><E105/><V114/><F120/><W67/><G67/><N who="0" m="41319" /><D71/><U112/><E107/><AGARI ba="0,1" hai="4,6,72,79,83,96,102,107" m="41319,51722" machi="107" ten="30,1000,0" yaku="20,1" doraHai="80" who="0" fromWho="1" sc="155,20,315,-10,260,0,260,0" /><INIT seed="6,0,0,1,0,12" ten="175,305,260,260" oya="2" hai0="36,65,79,100,118,14,130,131,47,87,70,113,26" hai1="53,23,67,108,82,44,93,46,78,76,77,75,101" hai2="1,38,48,132,32,9,37,15,80,117,74,71,54" hai3="123,72,102,69,18,39,95,8,62,6,83,61,81"/><V97/><F117/><W114/><G39/><T16/><D118/><U4/><E108/><V91/><F32/><W107/><G107/><T7/><D7/><U135/><E67/><V58/><F132/><W60/><G123/><T52/><D26/><U110/><E135/><V24/><F1/><W29/><G69/><T84/><D100/><U66/><E110/><V2/><F2/><W85/><G72/><T128/><D113/><U99/><E66/><V129/><F129/><W96/><G114/><T94/><D79/><U43/><E4/><V104/><F71/><W27/><G85/><T40/><D94/><U64/><E64/><V119/><F119/><W56/><G56/><T134/><D134/><U103/><E53/><V124/><F124/><W115/><G115/><T33/><D33/><U25/><E103/><V3/><F3/><W116/><G116/><T109/><D109/><U120/><E120/><V45/><F24/><W35/><REACH who="3" step="1"/><G6/><REACH who="3" ten="175,305,260,250" step="2"/><T121/><D121/><U126/><E126/><V122/><F122/><W92/><G92/><T17/><D14/><AGARI ba="0,1" hai="8,14,18,27,29,35,60,61,62,81,83,95,96,102" machi="14" ten="40,2600,0" yaku="1,1,52,1,53,0" doraHai="12" doraHaiUra="133" who="3" fromWho="0" sc="175,-26,305,0,260,0,250,36" /><INIT seed="7,0,0,5,0,79" ten="149,305,260,286" oya="3" hai0="77,110,66,81,34,87,103,58,27,128,134,23,65" hai1="1,53,21,28,100,31,50,91,116,108,121,117,90" hai2="4,125,120,54,62,74,49,57,16,72,37,42,19" hai3="9,22,99,92,107,84,93,48,102,24,47,56,5"/><W70/><G70/><T114/><D34/><U52/><E121/><V71/><F125/><W89/><G56/><T40/><D110/><U69/><E108/><V36/><F4/><W13/><G107/><T129/><D114/><U11/><E69/><V131/><F120/><W15/><G15/><T86/><D134/><U80/><E100/><V8/><F131/><W18/><REACH who="3" step="1"/><G48/><REACH who="3" ten="149,305,260,276" step="2"/><T95/><D40/><U46/><E1/><V17/><F8/><W45/><AGARI ba="0,1" hai="5,9,13,18,22,24,45,47,84,89,92,93,99,102" machi="45" ten="30,11700,0" yaku="1,1,2,1,0,1,8,1,53,0" doraHai="79" doraHaiUra="44" who="3" fromWho="3" sc="149,-39,305,-39,260,-39,276,127" owari="110,-39.0,266,7.0,221,-18.0,403,50.0" /></mjloggm>