<mjloggm ver="2.3"><GO type="41" lobby="0"/><UN n0="%69%73%63%6F%70%65" n1="%6B%75%72%6F%31%36" n2="%41%50%53%68%6F%74%21%21" n3="%E5%B0%B1%E6%B4%BB%E7%94%9F%40%E5%B7%9D%E6%9D%91%E8%BB%8D%E5%9B%A3" dan="15,15,13,15" rate="2098.30,1934.44,1857.82,2004.94" sx="M,M,F,M"/><TAIKYOKU oya="0"/><INIT seed="0,0,0,0,0,96" ten="250,250,250,250" oya="0" hai0="108,24,117,100,129,0,72,76,87,89,115,125,26" hai1="120,81,52,114,77,116,28,2,68,102,17,69,7" hai2="86,49,13,130,16,19,23,66,84,55,18,35,112" hai3="123,99,98,113,22,53,64,42,46,93,118,78,25"/><T44/><D117/><U37/><E120/><V14/><F35/><W101/><G113/><T15/><D115/><U32/><E116/><V134/><F112/><W62/><G118/><T29/><D0/><U51/><E114/><V4/><F130/><W110/><G123/><T79/><D129/><U131/><E131/><V106/><F134/><W21/><G110/><T31/><D108/><U50/><E50/><V40/><F40/><W34/><G78/><N who="0" m="29739" /><D72/><U104/><E17/><N who="2" m="6763" /><F66/><W75/><G75/><T3/><D3/><U67/><E67/><V97/><F106/><W39/><G53/><T58/><D15/><U70/><E37/><V127/><F97/><W103/><G25/><N who="0" m="9835" /><D125/><U9/><E28/><N who="0" m="10825" /><D58/><U43/><E32/><V5/><F127/><W95/><REACH who="3" step="1"/><G34/><REACH who="3" ten="250,250,250,240" step="2"/><T133/><D133/><U109/><E109/><V45/><F4/><W10/><G10/><AGARI ba="0,1" hai="5,10,13,14,19,23,45,49,55,84,86" m="6763" machi="10" ten="30,2000,0" yaku="8,1,54,1" doraHai="96" who="2" fromWho="3" sc="250,0,250,0,250,30,240,-20" /><INIT seed="1,0,0,4,4,86" ten="250,250,280,220" oya="1" hai0="37,24,77,43,83,46,127,44,105,42,122,75,126" hai1="79,123,19,117,90,85,92,72,48,119,56,62,1" hai2="134,8,82,35,57,89,120,25,22,10,111,65,51" hai3="108,38,52,53,32,121,23,16,78,91,20,71,49"/><U14/><E1/><V104/><F120/><W98/><G32/><T33/><D122/><U31/><E31/><V30/><F104/><W40/><G71/><T55/><D55/><U27/><E123/><V99/><F111/><W95/><G108/><T88/><D105/><U58/><E27/><V11/><F134/><W131/><G131/><T69/><D69/><U2/><E2/><V102/><F102/><W133/><G133/><T81/><D24/><U129/><E129/><V109/><F109/><W125/><G125/><N who="0" m="47627" /><D33/><U113/><E113/><V17/><F51/><W73/><G121/><T67/><D67/><U0/><E0/><V124/><F124/><W112/><G112/><T76/><D76/><U68/><E68/><V60/><F35/><W15/><G38/><T101/><D101/><U135/><E135/><V26/><F26/><W110/><G110/><T34/><D34/><U12/><E12/><N who="2" m="7303" /><F82/><W115/><G115/><T3/><D3/><U21/><E79/><V41/><F41/><N who="0" m="15370" /><D37/><U54/><REACH who="1" step="1"/><E72/><REACH who="1" ten="250,240,280,220" step="2"/><V63/><F30/><W87/><G73/><T13/><D13/><U70/><E70/><V66/><F25/><W28/><G28/><T36/><D36/><U50/><E50/><V5/><F5/><W96/><G23/><T18/><D18/><U39/><E39/><V97/><F22/><W74/><G74/><T7/><D7/><U107/><E107/><V4/><F4/><W84/><G78/><T29/><D29/><U6/><E6/><V94/><F10/><W103/><G15/><T118/><D118/><U100/><E100/><V132/><F11/><RYUUKYOKU ba="0,1" sc="250,15,240,15,280,-15,220,-15" hai0="44,46,75,77,81,83,88" hai1="14,19,21,48,54,56,58,62,85,90,92,117,119" /><INIT seed="1,1,1,5,5,28" ten="265,255,265,205" oya="1" hai0="90,7,25,118,100,127,81,111,54,12,59,36,91" hai1="80,35,94,13,97,99,45,135,74,102,86,30,125" hai2="38,21,58,55,56,43,83,84,85,32,24,31,52" hai3="51,5,130,1,10,126,113,26,4,92,66,34,6"/><U115/><E115/><V122/><F122/><W132/><G113/><T2/><D118/><U131/><E74/><V48/><F38/><W104/><G104/><T27/><D2/><U18/><E135/><V67/><F67/><W9/><G132/><T103/><D36/><U22/><E131/><V101/><F43/><W49/><G130/><T117/><D117/><U14/><E125/><V93/><F32/><W33/><G126/><T17/><D7/><U123/><E123/><V53/><F53/><W120/><G120/><T69/><D69/><U98/><E13/><V96/><REACH who="2" step="1"/><F83/><REACH who="2" ten="265,255,255,205" step="2"/><W77/><G66/><T112/><D127/><U76/><REACH who="1" step="1"/><E45/><REACH who="1" ten="265,245,255,205" step="2"/><V20/><F20/><W121/><G121/><T11/><D112/><U46/><E46/><V61/><AGARI ba="1,3" hai="21,24,31,48,52,55,56,58,61,84,85,93,96,101" machi="61" ten="20,12000,2" yaku="1,1,0,1,7,1,8,1,54,1,53,1" doraHai="28" doraHaiUra="44" who="2" fromWho="2" sc="265,-31,245,-61,255,153,205,-31" /><INIT seed="2,0,0,4,4,8" ten="234,184,408,174" oya="2" hai0="85,13,101,23,25,37,0,128,64,68,10,90,87" hai1="44,27,84,47,15,51,100,125,54,70,124,86,135" hai2="78,109,69,43,74,93,76,132,18,1,17,123,39" hai3="30,3,28,35,62,65,14,59,41,107,46,112,92"/><V36/><F123/><W75/><G3/><T72/><D72/><U118/><E70/><V97/><F69/><W91/><G107/><T20/><D37/><U106/><E118/><V42/><F1/><W98/><G75/><T79/><D0/><U120/><E27/><V130/><F74/><W121/><G121/><T6/><D128/><U21/><E135/><V96/><F93/><W5/><G112/><T57/><D68/><U56/><E120/><V58/><F58/><W19/><G5/><T4/><D101/><U71/><E71/><V53/><F53/><W117/><G35/><T34/><D34/><U38/><E100/><V50/><F50/><W104/><G104/><T119/><D119/><U102/><E102/><V55/><F55/><W26/><G26/><T129/><D79/><U73/><E73/><V61/><F61/><W81/><G81/><T133/><D133/><U108/><E108/><V66/><F132/><W88/><G91/><T89/><D129/><U131/><E131/><V2/><F2/><W33/><G33/><T48/><D48/><U127/><E106/><V7/><F130/><W49/><G117/><T63/><D4/><U95/><E95/><V83/><F7/><W32/><G32/><T31/><D23/><AGARI ba="0,0" hai="14,19,23,28,30,41,46,49,59,62,65,88,92,98" machi="23" ten="30,7700,0" yaku="7,1,8,1,52,1,54,1" doraHai="8" who="3" fromWho="0" sc="234,-77,184,0,408,0,174,77" /><INIT seed="3,0,0,0,2,117" ten="157,184,408,251" oya="3" hai0="9,35,39,14,42,41,127,56,52,19,121,118,124" hai1="6,120,96,91,12,63,135,107,122,15,79,67,111" hai2="36,55,28,24,66,8,44,25,40,90,115,11,108" hai3="16,133,23,51,116,125,27,32,87,53,130,0,132"/><W88/><G116/><T37/><D118/><U60/><E111/><V18/><F108/><W29/><G0/><T129/><D35/><U17/><E135/><N who="3" m="51786" /><G130/><T80/><D129/><U45/><E79/><V47/><F115/><W31/><G125/><N who="0" m="48203" /><D80/><U1/><E1/><V109/><F109/><W70/><G70/><T71/><D71/><U43/><E63/><V92/><F66/><W113/><G32/><T13/><D14/><U50/><E6/><V34/><F24/><W110/><G110/><T81/><D81/><U21/><E12/><V119/><F119/><W4/><G4/><T10/><D10/><U76/><E76/><V57/><F44/><N who="3" m="27879" /><G113/><T75/><D75/><U62/><E62/><V95/><F18/><W114/><G114/><T104/><D104/><U101/><REACH who="1" step="1"/><E91/><REACH who="1" ten="157,174,408,251" step="2"/><V54/><F90/><W106/><G106/><T49/><D37/><U3/><E3/><V7/><F36/><W99/><G99/><T48/><D39/><U73/><E73/><V46/><F7/><W89/><G89/><T68/><D68/><AGARI ba="0,1" hai="15,17,21,43,45,50,60,67,68,96,101,107,120,122" machi="68" ten="30,8000,1" yaku="1,1,7,1,52,2,53,1" doraHai="117" doraHaiUra="94" who="1" fromWho="0" sc="157,-80,174,90,408,0,251,0" /><INIT seed="4,0,0,5,2,97" ten="77,264,408,251" oya="0" hai0="21,27,6,62,109,129,41,19,132,47,122,30,133" hai1="105,82,65,126,76,40,91,28,12,5,74,66,60" hai2="114,75,23,134,70,108,123,87,57,50,8,2,56" hai3="24,113,131,17,86,61,44,52,42,106,111,127,16"/><T98/><D122/><U89/><E126/><V119/><F123/><W10/><G111/><T130/><D109/><U36/><E28/><V88/><F108/><W67/><G113/><T64/><D6/><U55/><E105/><V48/><F75/><W53/><G106/><T94/><D47/><U43/><E36/><V116/><F70/><W115/><G115/><T32/><D41/><U78/><E74/><V81/><F114/><W35/><G127/><T102/><D19/><U13/><E5/><N who="2" m="1079" /><F23/><W46/><G131/><N who="0" m="50187" /><D32/><U59/><E82/><V124/><F124/><W22/><G35/><T29/><D30/><U14/><E14/><V26/><F26/><W128/><G128/><T49/><D49/><N who="2" m="19050" /><F134/><W7/><G17/><T20/><D21/><U104/><E104/><V9/><F9/><W18/><G18/><T110/><D110/><U90/><E60/><V73/><F73/><W68/><G86/><T118/><D118/><AGARI ba="0,0" hai="56,57,81,87,88,116,118,119" m="19050,1079" machi="118" ten="30,2000,0" yaku="12,1,54,1" doraHai="97" who="2" fromWho="0" sc="77,-20,264,0,408,20,251,0" /><INIT seed="5,0,0,4,3,47" ten="57,264,428,251" oya="1" hai0="135,37,81,95,43,76,128,119,115,97,112,114,84" hai1="90,126,87,11,104,34,74,93,67,26,66,36,73" hai2="24,120,127,111,21,41,16,4,57,77,101,78,85" hai3="49,116,13,98,50,96,5,46,125,33,30,106,27"/><U52/><E36/><V129/><F120/><W62/><G116/><T40/><D119/><U20/><E104/><V122/><F122/><W100/><G125/><T133/><D37/><U118/><E34/><V44/><F111/><W94/><G46/><T51/><D51/><U75/><E126/><V70/><F70/><W0/><G0/><T117/><D117/><U86/><E118/><V113/><F127/><W68/><G5/><T3/><D3/><U8/><E86/><V109/><F109/><W130/><G130/><T71/><D71/><U39/><E39/><V69/><F69/><W32/><G13/><T105/><D43/><U6/><E11/><V55/><F129/><W61/><G33/><T10/><D10/><U123/><E123/><V45/><F4/><W59/><G62/><T54/><D54/><U110/><E110/><V1/><F1/><W92/><G92/><T19/><D19/><U89/><E89/><V14/><F14/><W134/><G134/><N who="0" m="51211" /><D40/><U103/><E103/><V58/><F101/><N who="3" m="60567" /><G59/><T17/><D17/><U38/><E38/><V72/><F57/><W22/><G22/><T121/><D121/><U80/><E93/><V60/><F45/><W132/><G132/><T63/><D63/><U35/><E35/><V83/><F44/><W9/><G9/><T65/><D65/><AGARI ba="0,0" hai="27,30,32,49,50,61,65,68,98,100,106" m="60567" machi="65" ten="30,3900,0" yaku="25,1,52,2" doraHai="47" who="3" fromWho="0" sc="57,-39,264,0,428,0,251,39" /><INIT seed="6,0,0,4,4,27" ten="18,264,428,290" oya="2" hai0="123,24,17,91,46,107,126,102,128,0,50,96,122" hai1="10,93,109,55,18,83,19,88,49,112,133,72,22" hai2="85,54,131,86,104,101,45,61,82,70,103,81,40" hai3="97,124,114,63,67,87,52,65,76,77,6,25,48"/><V53/><F131/><W90/><G124/><T41/><D0/><U95/><E112/><V15/><F15/><W68/><G114/><T117/><D117/><U31/><E133/><V1/><F1/><W42/><G42/><T13/><D128/><U92/><E109/><V51/><F104/><W71/><G6/><T57/><D126/><U59/><E72/><V106/><F106/><W129/><G129/><T26/><D122/><U116/><E116/><V43/><F70/><W29/><G97/><T132/><D132/><U4/><E4/><V115/><F115/><W9/><G9/><T58/><D123/><U38/><E38/><V3/><F3/><W23/><G67/><T20/><D26/><N who="1" m="16855" /><E10/><V79/><F61/><W84/><G71/><T32/><D32/><U37/><E37/><V16/><F16/><N who="1" m="6185" /><E83/><V39/><F54/><W2/><G2/><T73/><D73/><U108/><E108/><V66/><F66/><W113/><G113/><T121/><D121/><U75/><E75/><V5/><F5/><W7/><G7/><T100/><D107/><U12/><E12/><V30/><F39/><W105/><G105/><T118/><D118/><U74/><E74/><V98/><F40/><W130/><G130/><T14/><D14/><U94/><E94/><V47/><F43/><W78/><REACH who="3" step="1"/><G90/><AGARI ba="0,0" hai="49,55,59,88,90,92,93,95" m="6185,16855" machi="90" ten="30,7700,0" yaku="8,1,52,1,54,2" doraHai="27" who="1" fromWho="3" sc="18,0,264,77,428,0,290,-77" /><INIT seed="7,0,0,4,0,72" ten="18,341,428,213" oya="3" hai0="125,131,35,44,14,108,126,78,129,96,94,86,8" hai1="55,29,5,17,18,26,58,127,91,87,0,47,20" hai2="45,134,41,111,52,30,113,100,79,57,73,19,83" hai3="77,49,64,71,114,92,10,119,36,120,132,38,135"/><W34/><G34/><T130/><D35/><U16/><E127/><V80/><F80/><W22/><G119/><T70/><D70/><U53/><E0/><V123/><F30/><W37/><G120/><T24/><D24/><U50/><E5/><V12/><F123/><W60/><G114/><T103/><D44/><U128/><E128/><V51/><F113/><W48/><G10/><T107/><D14/><U4/><E4/><V11/><F134/><N who="3" m="51243" /><G22/><T112/><D8/><U99/><E99/><V1/><F1/><W21/><G21/><T117/><D112/><U95/><REACH who="1" step="1"/><E29/><REACH who="1" ten="18,331,428,213" step="2"/><V88/><F111/><W2/><G2/><T104/><D108/><U6/><E6/><V102/><F88/><W109/><G109/><T43/><D43/><U82/><E82/><V116/><F116/><W124/><G124/><N who="0" m="47723" /><D117/><U46/><E46/><V9/><F9/><W106/><G106/><N who="0" m="40491" /><D86/><U61/><AGARI ba="0,1" hai="16,17,18,20,26,47,50,53,55,58,61,87,91,95" machi="61" ten="20,12000,2" yaku="1,1,0,1,7,1,8,1,54,1,53,1" doraHai="72" doraHaiUra="40" who="1" fromWho="1" sc="18,-30,331,130,428,-30,213,-60" owari="-12,-51.0,461,56.0,398,20.0,153,-25.0" /></mjloggm>