<mjloggm ver="2.3"><GO type="41" lobby="0"/><UN n0="%E5%B0%B1%E6%B4%BB%E7%94%9F%40%E5%B7%9D%E6%9D%91%E8%BB%8D%E5%9B%A3" n1="%59%55%42%41%5A%55" n2="%E3%81%B5%E3%81%BF%E3%81%9A%E3%81%8D%32%31" n3="%E3%81%91%E3%83%BC%E3%81%BE" dan="15,13,13,14" rate="2009.27,1922.37,2027.11,1989.39" sx="M,M,M,M"/><TAIKYOKU oya="0"/><INIT seed="0,0,0,2,1,53" ten="250,250,250,250" oya="0" hai0="78,75,29,125,26,0,115,31,35,65,86,71,79" hai1="68,90,18,73,101,131,80,74,46,8,14,39,100" hai2="54,107,28,5,57,50,81,47,33,37,121,104,122" hai3="49,27,1,135,132,98,105,43,2,69,87,134,116"/><T70/><D75/><U40/><E68/><V92/><F81/><W9/><G69/><T133/><D0/><U22/><E131/><V45/><F5/><W111/><G116/><T83/><D115/><U102/><REACH who="1" step="1"/><E8/><REACH who="1" ten="250,240,250,250" step="2"/><V64/><F122/><W94/><G9/><T124/><D133/><U10/><E10/><V36/><F121/><W12/><G132/><T20/><D125/><U95/><E95/><V130/><F92/><W38/><G94/><T11/><D124/><U13/><E13/><V89/><F107/><W15/><G105/><T41/><D11/><U21/><E21/><V66/><F104/><W118/><G15/><T108/><D71/><U4/><E4/><V96/><F33/><W16/><G12/><T113/><D35/><U114/><E114/><V97/><F130/><W63/><G135/><T127/><D113/><U6/><E6/><V77/><F97/><W62/><G98/><T119/><D20/><U91/><E91/><V106/><F96/><W117/><G134/><T126/><D70/><U7/><E7/><V52/><F106/><W44/><G118/><T19/><D126/><U25/><E25/><V3/><F89/><W109/><G117/><T110/><D127/><U34/><E34/><V128/><F128/><W51/><G27/><T112/><D26/><U55/><E55/><N who="2" m="31991" /><F3/><W93/><G2/><T58/><D119/><U30/><E30/><V82/><F28/><W67/><G1/><T72/><D29/><U17/><E17/><V85/><F54/><W61/><G16/><T123/><D31/><U88/><E88/><V76/><F52/><RYUUKYOKU ba="0,1" sc="250,-10,240,30,250,-10,250,-10" hai1="14,18,22,39,40,46,73,74,80,90,100,101,102" /><INIT seed="1,1,1,2,1,120" ten="240,270,240,240" oya="1" hai0="36,23,47,114,100,25,112,99,87,2,54,132,34" hai1="130,7,76,35,21,50,44,102,115,9,65,10,98" hai2="90,77,73,67,1,33,96,28,27,121,43,128,104" hai3="83,123,93,107,80,95,52,92,78,62,105,124,58"/><U117/><E117/><V42/><F121/><W32/><G123/><T135/><D34/><U26/><E115/><V127/><F1/><W57/><G32/><T61/><D2/><U45/><E130/><V119/><F128/><W3/><G3/><T30/><D36/><U37/><E35/><V8/><F119/><W82/><G124/><T113/><D87/><U91/><E76/><V68/><F127/><W60/><REACH who="3" step="1"/><G78/><REACH who="3" ten="240,270,240,230" step="2"/><T74/><D74/><U31/><E37/><V4/><F77/><W38/><G38/><T63/><D132/><U129/><E129/><V85/><F73/><W29/><G29/><T11/><D135/><U17/><E65/><AGARI ba="1,2" hai="52,57,58,60,62,65,80,82,83,92,93,95,105,107" machi="65" ten="40,2600,0" yaku="1,1,54,1,53,0" doraHai="120" doraHaiUra="66" who="3" fromWho="1" sc="240,0,270,-29,240,0,230,49" /><INIT seed="2,0,0,1,2,68" ten="240,241,240,279" oya="2" hai0="114,73,57,7,72,9,112,21,90,25,63,16,87" hai1="64,80,105,47,119,62,93,13,33,1,125,46,101" hai2="110,18,132,124,56,127,67,11,66,17,69,128,2" hai3="81,71,108,51,126,61,12,99,23,8,131,133,24"/><V117/><F117/><W85/><G108/><T40/><D73/><U3/><E33/><V129/><F110/><W58/><G133/><T74/><D74/><U60/><E119/><V50/><F69/><W65/><G131/><N who="2" m="50249" /><F132/><W130/><G126/><N who="2" m="48169" /><F2/><W92/><G130/><T78/><D40/><U88/><E105/><V28/><F28/><N who="3" m="17439" /><G51/><T39/><D39/><U10/><E1/><V134/><F134/><W94/><G71/><T36/><D36/><U75/><E3/><V37/><F37/><W53/><G99/><T107/><D78/><U31/><E31/><V43/><F11/><W109/><G109/><T15/><D107/><U30/><E30/><V35/><F35/><W95/><G65/><N who="2" m="24585" /><F56/><W77/><G92/><T14/><D72/><U48/><E93/><V55/><F55/><W5/><AGARI ba="0,0" hai="5,8,12,53,58,61,77,81,85,94,95" m="17439" machi="5" ten="30,1100,0" yaku="8,1" doraHai="68" who="3" fromWho="3" sc="240,-3,241,-3,240,-5,279,11" /><INIT seed="3,0,0,3,4,90" ten="237,238,235,290" oya="3" hai0="86,40,25,100,75,54,4,129,39,101,84,98,51" hai1="113,64,99,5,94,103,36,108,12,20,57,132,2" hai2="42,15,44,67,114,120,73,33,14,105,32,28,61" hai3="9,35,81,3,88,131,91,71,109,7,135,8,38"/><W46/><G71/><T49/><D75/><U124/><E108/><V92/><F73/><W112/><G112/><T24/><D129/><U89/><E113/><V116/><F114/><W83/><G35/><T127/><D127/><U23/><E36/><V96/><F116/><W102/><G131/><T69/><D69/><U10/><E124/><V70/><F120/><W26/><G135/><T17/><D4/><U126/><E126/><V30/><F105/><W82/><G102/><T134/><D134/><U27/><E132/><V111/><F111/><W115/><G115/><T18/><D39/><U58/><E2/><V87/><F87/><W76/><G26/><T123/><D123/><U85/><E64/><V106/><F106/><W37/><G9/><T128/><D128/><U34/><E34/><V22/><F33/><W29/><G29/><T56/><D98/><U72/><E72/><V68/><F68/><W97/><G38/><T119/><D119/><U65/><E65/><V95/><F32/><W63/><G63/><T21/><D40/><U107/><REACH who="1" step="1"/><E23/><REACH who="1" ten="237,228,235,290" step="2"/><V16/><F22/><W93/><G109/><T41/><D21/><U0/><E0/><V104/><F67/><W78/><G37/><T1/><D1/><U11/><E11/><V6/><F70/><W79/><G91/><T47/><D25/><U66/><E66/><V130/><F130/><W59/><G79/><T117/><D117/><U48/><E48/><V62/><F62/><W80/><G78/><T77/><D24/><U50/><E50/><V110/><F61/><W52/><G76/><T118/><D118/><RYUUKYOKU ba="0,1" sc="237,-10,228,30,235,-10,290,-10" hai1="5,10,12,20,27,57,58,85,89,94,99,103,107" /><INIT seed="4,1,1,3,2,57" ten="227,258,225,280" oya="0" hai0="52,129,128,31,80,38,134,43,71,39,94,36,30" hai1="48,76,18,40,14,84,1,6,27,135,53,130,26" hai2="49,3,13,131,35,50,54,33,108,17,19,46,96" hai3="125,41,89,15,45,11,121,28,4,85,72,77,44"/><T29/><D134/><U116/><E116/><V106/><F3/><W78/><G72/><T88/><D80/><U118/><E118/><V7/><F108/><W37/><G125/><T24/><D71/><U90/><E135/><V97/><F131/><N who="0" m="50250" /><D43/><U79/><E130/><V99/><F7/><W91/><G28/><T55/><D24/><U83/><E40/><V113/><F113/><W124/><G124/><T42/><D42/><U21/><E1/><V122/><F106/><W86/><G45/><T73/><D73/><U25/><REACH who="1" step="1"/><E6/><REACH who="1" ten="227,248,225,280" step="2"/><V103/><F122/><W127/><G121/><T61/><D61/><U60/><E60/><V65/><F50/><W9/><G127/><T51/><D51/><U59/><AGARI ba="1,2" hai="14,18,21,25,26,27,48,53,59,76,79,83,84,90" machi="59" ten="30,4000,0" yaku="1,1,0,1,8,1,53,0" doraHai="57" doraHaiUra="107" who="1" fromWho="1" sc="227,-21,248,63,225,-11,280,-11" /><INIT seed="5,0,0,4,1,104" ten="206,311,214,269" oya="1" hai0="83,74,96,1,55,105,75,59,22,128,115,13,0" hai1="106,19,3,26,107,94,5,122,103,89,95,80,36" hai2="15,10,39,9,48,66,11,73,32,125,58,97,61" hai3="42,78,109,69,111,33,120,127,79,68,18,30,98"/><U67/><E36/><V21/><F39/><W92/><G120/><T29/><D115/><U84/><E67/><V131/><F32/><W134/><G127/><T35/><D128/><U46/><E122/><V64/><F125/><W135/><G42/><T65/><D65/><U76/><E46/><V38/><F38/><W88/><G18/><T102/><D35/><U63/><E63/><V112/><F112/><W110/><G30/><T132/><D132/><N who="3" m="50729" /><G33/><T60/><D83/><U27/><E5/><V40/><F131/><W24/><G24/><T116/><D116/><U53/><E3/><V121/><F121/><W56/><G56/><T25/><REACH who="0" step="1"/><D13/><REACH who="0" ten="196,311,214,269" step="2"/><U37/><E80/><V101/><F66/><W119/><G119/><T41/><D41/><U130/><E130/><V54/><F40/><W126/><G126/><T8/><D8/><U87/><E27/><V72/><F15/><W4/><G4/><T113/><D113/><U17/><E26/><V2/><F21/><W129/><G129/><T91/><D91/><U90/><E53/><V51/><F2/><AGARI ba="0,1" hai="0,1,2,22,25,29,55,59,60,74,75,96,102,105" machi="2" ten="40,8000,1" yaku="1,1,52,2,53,1" doraHai="104" doraHaiUra="99" who="0" fromWho="2" sc="196,90,311,0,214,-80,269,0" /><INIT seed="6,0,0,3,4,124" ten="286,311,134,269" oya="2" hai0="87,31,48,88,81,8,110,121,114,96,5,6,38" hai1="70,18,11,111,58,60,99,24,32,1,36,129,97" hai2="27,22,78,131,76,122,101,135,30,16,50,47,39" hai3="3,55,89,12,95,115,34,15,104,84,53,74,71"/><V37/><F122/><W43/><G3/><T105/><D38/><U126/><E111/><V83/><F135/><W80/><G71/><T117/><D110/><U35/><E129/><V86/><F131/><W2/><G2/><T64/><D121/><U45/><E126/><V130/><F130/><W19/><G34/><T112/><D117/><U9/><E70/><V23/><F101/><W63/><G104/><T10/><D31/><U85/><E1/><V7/><F7/><N who="0" m="2570" /><D64/><U100/><E85/><V127/><F78/><W21/><G43/><T42/><D105/><U51/><E36/><V46/><F127/><W128/><G128/><T118/><D96/><U68/><E68/><V26/><REACH who="2" step="1"/><F46/><REACH who="2" ten="286,311,124,269" step="2"/><W66/><G115/><N who="0" m="44075" /><D118/><U132/><E132/><V29/><F29/><W56/><G74/><T17/><D17/><U40/><E18/><V116/><F116/><W54/><G80/><T91/><D91/><U98/><E100/><V44/><F44/><AGARI ba="0,1" hai="8,10,42,44,48,81,87,88" m="44075,2570" machi="44" ten="30,2000,0" yaku="15,1,54,1" doraHai="124" who="0" fromWho="2" sc="286,30,311,0,124,-20,269,0" /><INIT seed="7,0,0,1,0,72" ten="316,311,104,269" oya="3" hai0="2,121,76,44,96,26,55,105,119,7,40,89,58" hai1="127,1,54,84,77,56,19,120,60,22,94,95,33" hai2="38,100,78,133,36,6,126,99,65,115,17,31,42" hai3="21,109,52,125,74,90,92,85,104,35,41,88,93"/><W23/><G35/><T11/><D121/><U64/><E33/><V12/><F65/><W70/><G70/><T63/><D119/><U25/><E1/><V75/><F31/><W16/><G125/><T80/><D26/><U20/><E120/><V15/><F126/><W71/><G71/><T106/><D89/><U59/><E127/><V14/><F6/><W98/><G41/><T57/><D96/><U30/><E84/><V73/><F42/><W13/><G109/><T135/><D57/><U27/><E77/><V124/><F124/><W10/><G104/><T53/><D53/><U43/><E43/><V103/><F14/><W68/><G68/><T132/><D132/><U113/><E113/><V129/><F115/><W130/><G130/><T4/><D4/><U66/><E66/><V108/><F99/><W34/><G34/><T18/><D18/><U97/><E97/><V122/><F122/><W128/><G128/><T118/><D118/><U45/><E45/><V49/><F49/><AGARI ba="0,0" hai="19,20,22,25,27,30,49,54,56,59,60,64,94,95" machi="49" ten="30,2000,0" yaku="7,1,8,1" doraHai="72" who="1" fromWho="2" sc="316,0,311,20,104,-20,269,0" owari="316,12.0,331,43.0,84,-42.0,269,-13.0" /></mjloggm>