<mjloggm ver="2.3"><GO type="97" lobby="0"/><UN n0="%E3%82%A6%E3%83%AB%E3%83%88%E3%83%A9%E7%AB%8B%E7%9B%B4" n1="%6F%67%6E%75%73%39%39" n2="%4E%65%78%61%62%61%72" n3="%75%6E%61%67%69%38%38%38" dan="14,15,14,15" rate="1927.28,2023.88,1937.89,2032.22" sx="M,M,M,M"/><TAIKYOKU oya="0"/><INIT seed="0,0,0,4,2,11" ten="250,250,250,250" oya="0" hai0="0,38,107,85,90,88,8,102,68,120,12,71,81" hai1="49,77,125,59,36,62,22,106,97,46,92,56,39" hai2="55,26,83,82,5,112,100,21,14,58,63,9,87" hai3="135,117,37,108,119,47,33,122,86,130,32,45,35"/><T64/><D38/><U98/><E125/><V40/><F112/><W29/><G29/><T15/><D120/><U104/><E77/><V27/><F100/><W4/><G4/><T42/><D42/><U75/><E75/><V134/><F134/><W57/><G37/><T52/><D0/><U66/><E22/><V3/><F40/><W2/><G2/><T76/><D64/><U70/><E70/><V7/><F26/><W94/><G135/><T73/><D68/><U111/><E56/><V28/><F3/><W128/><G57/><T116/><D71/><U105/><E111/><V78/><F83/><W101/><G108/><T34/><D34/><U74/><E74/><V96/><F96/><N who="3" m="59543" /><G86/><N who="0" m="50255" /><D73/><U31/><E31/><V51/><REACH who="2" step="1"/><F5/><REACH who="2" ten="250,250,240,250" step="2"/><W23/><G122/><T13/><D116/><U132/><E132/><V95/><F95/><W126/><G117/><T19/><D102/><U103/><REACH who="1" step="1"/><E98/><REACH who="1" ten="250,240,240,250" step="2"/><V30/><F30/><W6/><G119/><T1/><D76/><U10/><E10/><V93/><F93/><W25/><G126/><T118/><D118/><U131/><E131/><V79/><F79/><W129/><G129/><T41/><D107/><U84/><E84/><V44/><F44/><W61/><G47/><T80/><D1/><U133/><E133/><V121/><F121/><W67/><G45/><T110/><D110/><U43/><AGARI ba="0,2" hai="36,39,43,46,49,59,62,66,92,97,103,104,105,106" machi="43" ten="30,2000,0" yaku="1,1,0,1,53,0" doraHai="11" doraHaiUra="123" who="1" fromWho="1" sc="250,-10,240,40,240,-5,250,-5" /><INIT seed="1,0,0,2,0,59" ten="240,280,235,245" oya="1" hai0="129,84,117,12,134,104,44,77,56,60,26,89,116" hai1="62,0,15,43,42,9,2,79,111,10,48,76,78" hai2="30,38,88,115,4,25,57,73,71,107,85,75,34" hai3="21,70,22,13,92,50,66,3,68,128,106,133,7"/><U33/><E33/><V23/><F38/><W108/><G106/><T91/><D104/><U113/><E113/><V101/><F115/><W52/><G3/><T28/><D129/><U93/><E93/><V69/><F4/><W132/><G128/><T19/><D134/><N who="3" m="51817" /><G108/><T6/><D6/><U86/><E111/><V64/><F71/><N who="3" m="27179" /><G66/><T109/><D109/><U47/><E42/><V40/><F40/><W65/><G65/><T36/><D77/><U135/><E135/><V87/><F69/><W97/><G13/><T121/><D121/><U17/><E9/><V114/><F34/><W123/><G7/><T55/><D44/><U54/><REACH who="1" step="1"/><E86/><REACH who="1" ten="240,270,235,245" step="2"/><V100/><F87/><W122/><G122/><T35/><D36/><U5/><E5/><V37/><F37/><W82/><G123/><T24/><D84/><U67/><E67/><V119/><F114/><W74/><G74/><T102/><D102/><N who="2" m="39530" /><F75/><W72/><G72/><T96/><D117/><U99/><E99/><V124/><F73/><W16/><G92/><T83/><D116/><U61/><E61/><N who="2" m="37935" /><F107/><W120/><G120/><T46/><D96/><U112/><E112/><V20/><F119/><W11/><G97/><T127/><D35/><U105/><E105/><V90/><F85/><W125/><G82/><T81/><D83/><U58/><AGARI ba="0,1" hai="0,2,10,15,17,43,47,48,54,58,62,76,78,79" machi="58" ten="30,6000,0" yaku="1,1,0,1,52,1,53,0" doraHai="59" doraHaiUra="1" who="1" fromWho="1" sc="240,-20,270,70,235,-20,245,-20" /><INIT seed="1,1,0,5,0,29" ten="220,340,215,225" oya="1" hai0="110,53,17,100,23,16,77,83,27,85,109,86,84" hai1="3,55,47,93,14,127,124,32,108,70,67,103,63" hai2="96,66,133,62,78,119,57,2,1,51,106,80,98" hai3="91,118,46,112,69,9,117,12,115,129,92,21,134"/><U60/><E3/><V99/><F106/><W36/><G69/><T131/><D131/><U39/><E32/><V33/><F33/><W48/><G21/><T105/><D100/><U56/><E14/><V6/><F133/><W25/><G36/><T101/><D101/><U5/><E5/><V132/><F132/><W7/><G25/><T41/><D105/><U19/><E19/><V61/><F119/><N who="3" m="45579" /><G129/><T24/><D41/><N who="1" m="22975" /><E93/><V28/><F28/><W10/><G10/><T75/><D53/><U121/><E103/><V44/><F62/><W71/><G71/><T50/><D50/><U40/><E121/><V102/><F102/><W114/><G134/><T88/><D88/><U73/><E73/><V59/><F59/><W113/><G113/><T0/><D0/><U107/><E107/><V54/><REACH who="2" step="1"/><F6/><REACH who="2" ten="220,340,205,225" step="2"/><W42/><G115/><T94/><D94/><U13/><E63/><V11/><F11/><W135/><G135/><T65/><D65/><U15/><E67/><V79/><F79/><W38/><G114/><T37/><D37/><U43/><E70/><V76/><F76/><W52/><G112/><T125/><D125/><U90/><E124/><V87/><AGARI ba="1,1" hai="1,2,44,51,54,57,61,66,78,80,87,96,98,99" machi="87" ten="30,2000,0" yaku="1,1,0,1,53,0" doraHai="29" doraHaiUra="8" who="2" fromWho="2" sc="220,-6,340,-11,205,33,225,-6" /><INIT seed="2,0,0,0,4,125" ten="214,329,238,219" oya="2" hai0="61,124,68,135,102,6,82,28,75,26,62,84,105" hai1="119,96,9,58,133,120,108,85,134,50,76,128,31" hai2="55,90,48,4,63,47,38,109,74,65,129,40,64" hai3="52,71,69,44,115,117,8,106,92,110,16,118,81"/><V91/><F74/><W88/><G106/><T43/><D75/><U53/><E128/><V99/><F4/><W87/><G110/><T29/><D124/><U94/><E108/><V103/><F109/><W18/><G115/><T79/><D135/><N who="1" m="51723" /><E119/><V111/><F65/><W126/><G126/><T131/><D131/><U32/><E120/><V83/><F83/><W10/><G118/><T86/><D43/><U36/><E36/><V80/><F80/><W33/><G33/><T59/><D6/><U57/><E9/><N who="3" m="3690" /><G71/><T70/><D86/><U73/><E73/><V97/><F111/><W104/><G104/><T12/><D12/><U49/><E85/><V5/><F5/><W132/><G69/><T95/><D105/><U17/><E17/><V114/><F114/><W113/><G113/><T51/><D68/><U24/><E76/><V46/><F129/><W112/><G112/><T21/><D70/><U1/><E1/><V23/><F99/><N who="3" m="57735" /><G117/><T45/><D29/><U54/><E54/><V27/><F64/><W66/><G66/><T98/><REACH who="0" step="1"/><D59/><REACH who="0" ten="204,329,238,219" step="2"/><U67/><E58/><V123/><F123/><W39/><G132/><T78/><D78/><U11/><E57/><V100/><F63/><W34/><G39/><T60/><D60/><U2/><E50/><N who="2" m="29143" /><F38/><W14/><G14/><T130/><D130/><U107/><E49/><V30/><F97/><W7/><G7/><T19/><D19/><U42/><E96/><V116/><F116/><W20/><G18/><T41/><AGARI ba="0,1" hai="21,26,28,41,45,51,61,62,79,82,84,95,98,102" machi="41" ten="20,5200,0" yaku="1,1,0,1,7,1,8,1,53,0" doraHai="125" doraHaiUra="127" who="0" fromWho="0" sc="204,62,329,-13,238,-26,219,-13" /><INIT seed="3,0,0,0,1,21" ten="266,316,212,206" oya="3" hai0="54,47,69,122,43,105,113,20,10,97,79,19,90" hai1="72,6,77,48,56,5,92,119,93,131,25,23,133" hai2="17,94,35,74,112,71,124,27,102,57,42,2,67" hai3="14,39,103,80,106,70,101,78,134,52,100,73,12"/><W1/><G1/><T60/><D122/><U8/><E131/><V81/><F71/><W87/><G70/><T135/><D135/><U130/><E133/><V59/><F2/><W13/><G134/><T49/><D79/><U127/><E127/><V31/><F112/><W0/><G0/><T24/><D113/><U22/><E130/><V46/><F124/><W28/><G39/><T109/><D109/><U132/><E132/><V4/><F4/><W98/><G28/><T76/><D76/><U117/><E77/><V51/><F74/><W26/><G26/><T68/><D10/><U15/><E72/><V120/><F120/><W83/><REACH who="3" step="1"/><G52/><REACH who="3" ten="266,316,212,196" step="2"/><T50/><D68/><U9/><E25/><V30/><F30/><W89/><AGARI ba="0,1" hai="12,13,14,73,78,80,83,87,89,98,100,101,103,106" machi="89" ten="30,11700,0" yaku="1,1,2,1,0,1,53,1" doraHai="21" doraHaiUra="107" who="3" fromWho="3" sc="266,-39,316,-39,212,-39,196,127" owari="227,-17.0,277,8.0,173,-33.0,323,42.0" /></mjloggm>