<mjloggm ver="2.3"><GO type="169" lobby="0"/><UN n0="%E3%83%A1%E3%82%A4%E3%82%A2%E3%82%AF%E3%83%88" n1="%E3%82%A6%E3%83%AB%E3%83%88%E3%83%A9%E7%AB%8B%E7%9B%B4" n2="%E7%AB%B9%E7%94%B0%E8%AA%A0%E5%BF%97" n3="%E3%81%97%E3%81%8A%E3%81%BE%E3%81%AD%E3%81%8D" dan="16,16,16,16" rate="2144.32,2140.57,2088.35,2161.49" sx="M,M,M,M"/><TAIKYOKU oya="0"/><INIT seed="0,0,0,5,4,47" ten="250,250,250,250" oya="0" hai0="80,122,22,75,23,135,15,119,21,45,1,102,133" hai1="43,93,82,51,53,124,104,100,103,10,70,123,59" hai2="62,65,2,118,32,5,13,58,44,78,72,108,4" hai3="110,117,39,112,36,127,55,67,96,77,88,60,31"/><T35/><D122/><U76/><E70/><V66/><F32/><W131/><G112/><T8/><BYE who="3" /><D102/><U125/><E104/><V129/><F108/><W116/><G116/><T41/><D119/><U29/><E29/><V132/><F118/><W120/><G120/><T34/><D75/><U30/><E30/><V0/><F129/><W90/><G90/><T50/><D1/><UN n3="%E3%81%97%E3%81%8A%E3%81%BE%E3%81%AD%E3%81%8D" /><U19/><E43/><V26/><F132/><N who="0" m="50762" /><D80/><U86/><E123/><V99/><F99/><W113/><G77/><T94/><D94/><U121/><E121/><V25/><F72/><W91/><G110/><T17/><AGARI ba="0,0" hai="8,15,17,21,22,23,34,35,41,45,50" m="50762" machi="17" ten="30,3000,0" yaku="20,1,52,1" doraHai="47" who="0" fromWho="0" sc="250,30,250,-10,250,-10,250,-10" /><INIT seed="0,1,0,5,2,85" ten="280,240,240,240" oya="0" hai0="65,35,13,75,9,69,114,79,123,93,20,125,115" hai1="21,60,124,42,121,27,61,18,71,19,130,32,84" hai2="110,70,10,36,99,95,4,117,120,51,96,103,111" hai3="68,87,33,66,73,0,22,128,92,127,1,90,14"/><T91/><D35/><U82/><E32/><V126/><F120/><W122/><G73/><T50/><D123/><U64/><E121/><V6/><F36/><W5/><G33/><T108/><D125/><U101/><E130/><V48/><F70/><W57/><G128/><T105/><D105/><U133/><E133/><V49/><F126/><W86/><G122/><T45/><D20/><U31/><E101/><V116/><F99/><W106/><G68/><T81/><D108/><N who="2" m="41514" /><F4/><W37/><G37/><T55/><D65/><U89/><E124/><V74/><F74/><W112/><G106/><T25/><D25/><U129/><E129/><V2/><AGARI ba="1,0" hai="2,6,10,48,49,51,95,96,103,116,117" m="41514" machi="2" ten="40,1500,0" yaku="14,1" doraHai="85" who="2" fromWho="2" sc="280,-8,240,-5,240,18,240,-5" /><INIT seed="1,0,0,4,1,86" ten="272,235,258,235" oya="1" hai0="94,51,85,102,76,1,82,14,75,78,109,16,127" hai1="31,24,4,57,55,83,59,128,114,47,60,62,91" hai2="107,81,49,68,38,54,12,69,52,33,113,61,19" hai3="96,126,53,50,66,101,111,106,27,129,36,116,2"/><U17/><E4/><V64/><F107/><W30/><G36/><T48/><D1/><U5/><E5/><V84/><F38/><W10/><G129/><T28/><D28/><U99/><E114/><V121/><F121/><W56/><G126/><T45/><D109/><U119/><E119/><V73/><F113/><W70/><G111/><T25/><D25/><U6/><E6/><V20/><F33/><W100/><G10/><T88/><D127/><U95/><E47/><V135/><F135/><W41/><G2/><T8/><D51/><U97/><E83/><V77/><F69/><W21/><G41/><N who="0" m="24623" /><D75/><U58/><E17/><V9/><F73/><W132/><G101/><T11/><D11/><U123/><E123/><V26/><REACH who="2" step="1"/><F49/><REACH who="2" ten="272,235,248,235" step="2"/><W117/><REACH who="3" step="1"/><G132/><REACH who="3" ten="272,235,248,225" step="2"/><T32/><D32/><U130/><E130/><V125/><F125/><W42/><G42/><T39/><D39/><U43/><E43/><V112/><F112/><W37/><G37/><T115/><D115/><U29/><E128/><V89/><F89/><W120/><G120/><T23/><D8/><U92/><E91/><V40/><F40/><W98/><G98/><AGARI ba="0,2" hai="14,16,23,76,78,82,85,88,94,98,102" m="24623" machi="98" ten="30,7700,0" yaku="8,1,52,1,54,2" doraHai="86" who="0" fromWho="3" sc="272,97,235,0,248,0,225,-77" /><INIT seed="2,0,0,4,2,30" ten="369,235,248,148" oya="2" hai0="48,89,3,129,45,10,125,68,96,114,108,69,25" hai1="55,105,94,12,54,77,37,75,56,81,1,100,20" hai2="0,124,121,58,111,98,70,99,63,59,76,113,65" hai3="2,95,67,112,117,51,107,49,40,92,90,66,88"/><V34/><F121/><W35/><G107/><T101/><D114/><U9/><E37/><V50/><F113/><W33/><G2/><T53/><D108/><U36/><E36/><V44/><F0/><W115/><REACH who="3" step="1"/><G40/><REACH who="3" ten="369,235,248,138" step="2"/><T87/><D3/><U7/><E105/><V106/><F106/><W104/><G104/><T109/><D109/><U119/><E1/><V97/><F111/><W78/><G78/><T29/><D125/><U23/><E119/><AGARI ba="0,1" hai="33,35,49,51,66,67,88,90,92,95,112,115,117,119" machi="119" ten="25,12000,2" yaku="1,1,22,2,52,2,54,1,53,0" doraHai="30" doraHaiUra="22" who="3" fromWho="1" sc="369,0,235,-120,248,0,138,130" /><INIT seed="3,0,0,5,0,114" ten="369,115,248,268" oya="3" hai0="14,129,41,48,78,127,99,17,29,42,51,25,26" hai1="70,134,30,80,57,9,93,125,27,85,22,92,75" hai2="95,112,135,98,45,120,50,100,63,40,64,18,24" hai3="35,102,5,59,126,32,46,39,19,107,81,8,28"/><W96/><G126/><T118/><D129/><U52/><E70/><V133/><F112/><W90/><G19/><T115/><D115/><U86/><E125/><V47/><F120/><W65/><G28/><T131/><D127/><U89/><E134/><N who="2" m="51211" /><F47/><W83/><G83/><T15/><D131/><U4/><E75/><V54/><F18/><W87/><G59/><T69/><D99/><U7/><E9/><V130/><F24/><W73/><G65/><T33/><D17/><U53/><E53/><V74/><F74/><W97/><G97/><T56/><D78/><U101/><E101/><V55/><F130/><W111/><G111/><T58/><D69/><AGARI ba="0,0" hai="40,45,50,54,55,63,64,69,95,98,100" m="51211" machi="69" ten="30,1000,0" yaku="20,1" doraHai="114" who="2" fromWho="0" sc="369,-10,115,0,248,10,268,0" /><INIT seed="4,0,0,4,5,96" ten="359,115,258,268" oya="0" hai0="0,19,71,124,53,20,50,118,120,80,88,7,94" hai1="24,99,111,56,76,113,75,69,78,33,63,97,27" hai2="34,70,42,48,100,47,58,59,44,41,86,49,81" hai3="26,83,32,129,85,12,126,102,52,135,131,11,72"/><T106/><D106/><U90/><E111/><V74/><F70/><W109/><G72/><T110/><D71/><U10/><E69/><V31/><F74/><W38/><G38/><T66/><D66/><U43/><E75/><V103/><F31/><W130/><G109/><T37/><D37/><U39/><E43/><V30/><F30/><N who="3" m="19543" /><G126/><T51/><D120/><U28/><E39/><V116/><F34/><W114/><G135/><T107/><D107/><U92/><E113/><V36/><F36/><W87/><G114/><T82/><D118/><U21/><E10/><V132/><F132/><W128/><G83/><T122/><D122/><U79/><E97/><V46/><F46/><W127/><G127/><T16/><D110/><U125/><E125/><V93/><F93/><W115/><G115/><T89/><D7/><U108/><E108/><V54/><F116/><W2/><G2/><T91/><D0/><U104/><E104/><V15/><F15/><W4/><N who="3" m="33280" /><DORA hai="23" /><W134/><G134/><T119/><D119/><U18/><REACH who="1" step="1"/><E78/><REACH who="1" ten="359,105,258,268" step="2"/><N who="2" m="46391" /><F41/><W133/><G133/><T73/><D73/><U77/><E77/><V84/><F84/><W62/><G87/><T60/><D124/><U45/><E45/><V17/><F42/><W14/><G85/><T121/><D121/><U98/><E98/><V65/><F44/><W6/><G11/><T29/><D94/><U68/><E68/><V1/><F47/><W35/><G4/><T9/><D9/><U40/><E40/><V67/><F59/><W95/><G6/><T13/><D91/><U64/><AGARI ba="0,1" hai="18,21,24,27,28,33,56,63,64,76,79,90,92,99" machi="64" ten="20,8000,1" yaku="1,1,0,1,7,1,52,2,53,0" doraHai="96,23" doraHaiUra="123,101" who="1" fromWho="1" sc="359,-40,105,90,258,-20,268,-20" /><INIT seed="5,0,0,2,4,128" ten="319,195,238,248" oya="1" hai0="116,4,54,9,85,111,31,35,89,80,56,55,100" hai1="98,131,26,19,129,1,11,73,65,37,90,127,52" hai2="103,32,16,22,14,126,57,45,53,58,8,15,60" hai3="93,106,62,68,5,92,66,23,25,115,33,69,18"/><U20/><E37/><V61/><F126/><W77/><G115/><T42/><D111/><U91/><E73/><V40/><F32/><W87/><G106/><T108/><D108/><U124/><E65/><V94/><F103/><W38/><G38/><T7/><D100/><U21/><E52/><N who="2" m="33831" /><F94/><W30/><G5/><T64/><D116/><U134/><E98/><V110/><F110/><W36/><G36/><T81/><D42/><U119/><E91/><V71/><F71/><W46/><G46/><T0/><D81/><U105/><E90/><V50/><F8/><W74/><G74/><T12/><D64/><U72/><E72/><V10/><F10/><W123/><G123/><T51/><D55/><U83/><E83/><V122/><F122/><W28/><G69/><T130/><D130/><N who="1" m="49675" /><E105/><V47/><F47/><W67/><G67/><T6/><D0/><U49/><E119/><V3/><F3/><W2/><G2/><T101/><D101/><U39/><E39/><V114/><F114/><W99/><G33/><T117/><D117/><U121/><E121/><V125/><F125/><N who="1" m="48201" /><E21/><V109/><F109/><W48/><G66/><T113/><D113/><U112/><E112/><V17/><F22/><W86/><G99/><T27/><AGARI ba="0,0" hai="4,6,7,9,12,27,31,35,51,54,56,80,85,89" machi="27" ten="30,1100,0" yaku="0,1" doraHai="128" who="0" fromWho="0" sc="319,11,195,-5,238,-3,248,-3" /><INIT seed="6,0,0,3,4,25" ten="330,190,235,245" oya="2" hai0="61,130,98,78,80,33,94,44,77,8,97,32,108" hai1="118,43,12,31,126,51,123,63,54,67,128,70,93" hai2="59,82,1,110,116,103,133,37,30,135,35,76,26" hai3="79,9,85,64,90,83,34,101,46,112,114,117,113"/><V40/><F116/><W17/><G117/><T24/><D108/><U107/><E107/><V87/><F110/><W99/><G34/><T19/><D98/><U89/><E118/><V21/><F1/><W11/><G64/><T55/><D78/><U3/><E3/><V49/><F103/><W13/><G46/><T71/><D130/><U104/><E104/><V115/><F115/><N who="3" m="29443" /><W102/><DORA hai="28" /><G11/><T4/><D71/><U84/><E128/><V29/><F37/><W96/><G96/><T0/><D19/><U27/><E126/><V65/><F65/><W36/><G36/><T52/><D24/><U122/><E43/><V109/><F109/><W69/><G69/><T47/><D47/><U6/><E6/><V74/><F74/><N who="3" m="43511" /><G99/><T73/><D55/><U56/><REACH who="1" step="1"/><E12/><REACH who="1" ten="330,180,235,245" step="2"/><V41/><F41/><W57/><G57/><T134/><D44/><U131/><E131/><V7/><F40/><W95/><AGARI ba="0,1" hai="9,13,17,85,90,95,101,102" m="43511,29443" machi="95" ten="40,2700,0" yaku="15,1,11,1" doraHai="25,28" who="3" fromWho="3" sc="330,-7,180,-7,235,-13,245,37" /><INIT seed="7,0,0,1,1,110" ten="323,173,222,282" oya="3" hai0="31,7,5,11,54,119,2,21,109,115,116,1,45" hai1="68,38,14,50,130,67,64,55,76,89,93,105,19" hai2="100,43,70,133,99,53,62,48,94,27,6,9,91" hai3="102,58,20,125,101,87,39,108,86,37,30,59,79"/><W106/><G125/><T57/><D45/><U60/><E105/><V96/><F133/><W12/><G108/><T120/><D109/><U75/><E130/><V44/><F27/><W98/><G30/><T69/><D69/><U80/><E38/><V113/><F113/><W36/><G101/><T66/><D66/><U95/><E67/><V134/><F134/><W42/><G42/><T112/><D120/><U131/><E131/><V24/><F24/><W128/><G128/><T18/><D31/><U72/><E72/><V56/><F70/><W122/><G122/><T117/><D54/><U83/><E83/><V47/><F47/><W74/><G74/><T118/><D57/><U16/><E14/><N who="2" m="5431" /><F96/><W13/><G79/><T25/><D119/><U73/><E73/><V28/><F28/><W84/><REACH who="3" step="1"/><G13/><REACH who="3" ten="323,173,222,272" step="2"/><T78/><D78/><U129/><E129/><V40/><F100/><W49/><G49/><T135/><D135/><U104/><E104/><V51/><F51/><W41/><G41/><AGARI ba="0,1" hai="40,41,43,44,48,53,56,62,91,94,99" m="5431" machi="41" ten="30,1000,0" yaku="8,1" doraHai="110" who="2" fromWho="3" sc="323,0,173,0,222,20,272,-10" owari="323,43.0,173,-33.0,242,-16.0,262,6.0" /></mjloggm>