<mjloggm ver="2.3"><GO type="41" lobby="0"/><UN n0="%E6%97%8B%E9%A2%A8%E2%80%A0" n1="%E5%B0%B1%E6%B4%BB%E7%94%9F%40%E5%B7%9D%E6%9D%91%E8%BB%8D%E5%9B%A3" n2="%E2%8A%82%28%5E%CF%89%5E%29%E2%8A%83" n3="%E3%83%A2%E3%82%B1%E3%83%A2%E3%82%B1" dan="13,14,13,13" rate="1848.20,1971.26,1872.11,2090.46" sx="M,M,M,M"/><TAIKYOKU oya="0"/><INIT seed="0,0,0,0,0,43" ten="250,250,250,250" oya="0" hai0="100,65,127,67,3,46,64,41,87,102,50,17,99" hai1="20,39,48,44,104,13,25,90,77,58,122,31,11" hai2="116,129,16,56,19,85,84,10,9,49,82,112,36" hai3="107,68,119,97,88,51,78,2,75,23,62,89,113"/><T40/><D3/><U114/><E114/><V42/><F112/><W120/><G113/><T86/><D127/><U21/><E122/><V30/><F129/><W14/><G2/><T18/><D99/><U95/><E104/><V106/><F106/><W91/><G119/><T32/><D32/><U54/><E77/><V73/><F73/><W12/><G120/><T128/><D128/><U55/><E39/><V133/><F116/><W0/><G0/><T66/><N who="0" m="16896" /><DORA hai="74" /><T121/><D121/><U131/><E131/><V29/><F36/><W111/><G111/><T33/><D33/><U70/><E70/><V124/><F124/><W15/><G62/><T92/><D41/><U53/><E21/><V109/><F109/><W45/><G68/><T1/><D1/><U132/><E58/><V59/><F42/><W135/><G135/><T110/><D110/><U7/><REACH who="1" step="1"/><E132/><REACH who="1" ten="250,240,250,250" step="2"/><V22/><F133/><W24/><G107/><T28/><D28/><N who="2" m="10858" /><F22/><W123/><G123/><T61/><D61/><U27/><E27/><V57/><F49/><W94/><G24/><T117/><D117/><U80/><E80/><V63/><F63/><W96/><G23/><T98/><REACH who="0" step="1"/><D102/><REACH who="0" ten="240,240,250,250" step="2"/><U81/><E81/><V105/><F82/><W71/><G71/><T5/><D5/><U69/><E69/><V103/><F103/><W72/><G97/><AGARI ba="0,2" hai="7,11,13,20,25,31,44,48,53,54,55,90,95,97" machi="97" ten="30,8000,1" yaku="1,1,7,1,8,1,52,1,53,1" doraHai="43,74" doraHaiUra="108,47" who="1" fromWho="3" sc="240,0,240,100,250,0,250,-80" /><INIT seed="1,0,0,1,0,58" ten="240,340,250,170" oya="1" hai0="8,33,51,25,86,132,118,117,108,82,121,119,31" hai1="59,56,69,39,91,112,75,110,3,29,13,60,78" hai2="67,24,80,93,127,16,133,66,113,52,90,103,130" hai3="41,97,10,115,109,84,87,120,92,96,125,6,0"/><U27/><E39/><V50/><F133/><W99/><G109/><T126/><D132/><U15/><E3/><V124/><F130/><W68/><G115/><T57/><D108/><U88/><E110/><V135/><F135/><W102/><G120/><T77/><D121/><U48/><E112/><V42/><F42/><W1/><G125/><N who="2" m="48201" /><F103/><W55/><G0/><T107/><D107/><U20/><E69/><V9/><F80/><W45/><G68/><T22/><D126/><U81/><E48/><V43/><F43/><W131/><G131/><T28/><D8/><U7/><E59/><N who="2" m="33175" /><F113/><W34/><G34/><T98/><D98/><U32/><E15/><N who="2" m="7279" /><F24/><W64/><G102/><T111/><D111/><U26/><E26/><V85/><AGARI ba="0,0" hai="66,67,85,90,93" m="7279,33175,48201" machi="85" ten="30,4000,0" yaku="18,1,54,2" doraHai="58" who="2" fromWho="2" sc="240,-10,340,-20,250,40,170,-10" /><INIT seed="2,0,0,0,5,121" ten="230,320,290,160" oya="2" hai0="48,113,62,123,66,67,24,56,98,31,83,100,106" hai1="126,76,70,130,14,115,114,127,18,73,54,86,78" hai2="129,12,34,132,0,23,71,81,6,82,4,37,21" hai3="109,74,46,53,118,75,135,27,11,122,10,35,72"/><V124/><F71/><W9/><G118/><T52/><D123/><U63/><E73/><V84/><F37/><W39/><G122/><T85/><D113/><U104/><E104/><V128/><F34/><W25/><G35/><T107/><D106/><U30/><E30/><V33/><F33/><W105/><G105/><T17/><D17/><U116/><E116/><V99/><F0/><W43/><G135/><T26/><D26/><U41/><E41/><V111/><F132/><W133/><G133/><T32/><REACH who="0" step="1"/><D62/><REACH who="0" ten="220,320,290,160" step="2"/><U69/><E63/><V102/><F124/><W40/><G25/><T108/><D108/><U93/><E18/><V19/><F111/><W20/><G109/><T79/><AGARI ba="0,1" hai="24,31,32,48,52,56,66,67,79,83,85,98,100,107" machi="79" ten="20,5200,0" yaku="1,1,0,1,7,1,54,1,53,0" doraHai="121" doraHaiUra="120" who="0" fromWho="0" sc="220,62,320,-13,290,-26,160,-13" /><INIT seed="3,0,0,5,3,20" ten="282,307,264,147" oya="3" hai0="46,106,86,131,27,13,112,38,83,22,89,51,103" hai1="105,70,87,5,119,93,80,123,65,107,49,54,14" hai2="74,127,16,120,30,88,68,121,17,95,23,1,6" hai3="101,132,113,129,32,77,124,64,25,69,2,56,91"/><W37/><G113/><T111/><D112/><U3/><E123/><N who="2" m="47179" /><F74/><W94/><G2/><T18/><D111/><U66/><E119/><V7/><F68/><W115/><G115/><T90/><D38/><U55/><E3/><V60/><F127/><W133/><G69/><T135/><D135/><N who="3" m="51785" /><G37/><T59/><D59/><U48/><E93/><V19/><F1/><W34/><G124/><T96/><D131/><U67/><E70/><V47/><F47/><W58/><G129/><T128/><D128/><U71/><E71/><V122/><F60/><N who="3" m="37895" /><G101/><T41/><REACH who="0" step="1"/><D13/><REACH who="0" ten="272,307,264,147" step="2"/><U11/><E107/><V40/><F122/><W134/><G134/><T75/><D75/><U104/><E105/><V117/><F117/><W35/><G77/><AGARI ba="0,1" hai="18,22,27,41,46,51,77,83,86,89,90,96,103,106" machi="77" ten="30,7700,0" yaku="1,1,7,1,52,1,53,1" doraHai="20" doraHaiUra="99" who="0" fromWho="3" sc="272,87,307,0,264,0,147,-77" /><INIT seed="4,0,0,0,0,86" ten="359,307,264,70" oya="0" hai0="19,27,64,10,134,116,8,105,121,68,115,57,72" hai1="24,98,99,66,34,88,40,102,61,129,106,131,20" hai2="114,22,95,46,74,23,110,70,45,91,12,31,85" hai3="103,36,112,119,94,117,58,49,93,120,50,79,107"/><T87/><D121/><U60/><E34/><V84/><F110/><W126/><G36/><T78/><D134/><U67/><E40/><V62/><F74/><W38/><G38/><T104/><D68/><U1/><E1/><V26/><F114/><W47/><G112/><T35/><D72/><U39/><E39/><V113/><F113/><W55/><G107/><T2/><D116/><U43/><E43/><V128/><F128/><N who="1" m="49225" /><E61/><V9/><F23/><W125/><G79/><T52/><D64/><U122/><E60/><V33/><F33/><W41/><G103/><T92/><D8/><U44/><E44/><V21/><F21/><W32/><G32/><T82/><D92/><N who="1" m="56583" /><E122/><V18/><F62/><W6/><G120/><T37/><D37/><U48/><E48/><V80/><REACH who="2" step="1"/><F70/><REACH who="2" ten="359,307,254,70" step="2"/><W11/><G119/><T118/><D115/><U7/><E7/><V65/><F65/><W135/><G117/><T108/><D118/><U13/><E13/><V76/><AGARI ba="0,1" hai="9,12,18,22,26,31,45,46,76,80,84,85,91,95" machi="76" ten="20,8000,1" yaku="1,1,0,1,7,1,8,1,52,1,53,0" doraHai="86" doraHaiUra="71" who="2" fromWho="2" sc="359,-40,307,-20,254,90,70,-20" /><INIT seed="5,0,0,4,1,14" ten="319,287,344,50" oya="1" hai0="53,34,18,95,24,123,134,99,78,80,127,111,6" hai1="5,103,60,68,66,61,90,71,65,0,28,85,94" hai2="32,129,75,39,13,19,77,93,37,15,48,91,47" hai3="76,10,89,36,23,116,135,120,112,125,41,59,56"/><U20/><E103/><V130/><F32/><W86/><G112/><T100/><D123/><U25/><REACH who="1" step="1"/><E5/><REACH who="1" ten="319,277,344,50" step="2"/><V27/><F75/><W108/><G120/><T110/><D6/><U16/><E16/><V11/><F77/><W82/><G76/><T101/><D101/><U98/><E98/><N who="2" m="57663" /><F39/><W117/><G36/><T55/><D111/><U8/><E8/><V131/><F37/><W69/><G10/><T7/><D110/><U133/><E133/><V109/><F109/><W83/><G135/><T2/><D7/><U43/><E43/><N who="2" m="24703" /><F11/><W105/><G41/><T62/><D134/><U33/><E33/><V38/><F38/><W9/><G9/><T64/><D34/><U96/><E96/><V106/><F106/><W84/><G108/><T17/><D17/><U115/><E115/><V128/><F128/><W52/><G105/><T119/><D119/><U72/><E72/><V124/><F124/><W42/><G42/><T92/><D2/><AGARI ba="0,1" hai="0,2,20,25,28,60,61,65,66,68,71,85,90,94" machi="2" ten="40,3900,0" yaku="1,1,9,1,53,0" doraHai="14" doraHaiUra="97" who="1" fromWho="0" sc="319,-39,277,49,344,0,50,0" /><INIT seed="5,1,0,5,0,11" ten="280,326,344,50" oya="1" hai0="133,110,124,48,31,91,132,17,27,9,5,63,114" hai1="41,13,78,82,113,99,109,49,33,92,125,86,25" hai2="66,94,112,56,77,24,96,30,105,3,50,45,69" hai3="108,54,76,14,81,53,117,119,29,58,68,46,87"/><U43/><E113/><V34/><F3/><W42/><G68/><T131/><D48/><U0/><E0/><V20/><F112/><W39/><G108/><T95/><D114/><U59/><E125/><V19/><F105/><W80/><G29/><T102/><D110/><U8/><E109/><V57/><F77/><W90/><G119/><T128/><D102/><U85/><E33/><V72/><F72/><W22/><G117/><T127/><D63/><U122/><E122/><V15/><F69/><W52/><G76/><T18/><D91/><U74/><E25/><V1/><F66/><W4/><G80/><T101/><D101/><U98/><E74/><V83/><F83/><W84/><G84/><T37/><D95/><U51/><E86/><V26/><F1/><W71/><G71/><T111/><D111/><U123/><E123/><V120/><F26/><W104/><G104/><T10/><D37/><U106/><E106/><V70/><F70/><W61/><REACH who="3" step="1"/><G22/><REACH who="3" ten="280,326,344,40" step="2"/><T89/><D31/><U88/><E98/><V62/><F120/><W100/><G100/><T23/><D89/><U6/><E59/><V64/><F34/><W126/><G126/><N who="0" m="48171" /><D9/><AGARI ba="1,1" hai="4,9,14,39,42,46,52,53,54,58,61,81,87,90" machi="9" ten="40,8000,1" yaku="1,1,52,1,54,1,53,1" doraHai="11" doraHaiUra="79" who="3" fromWho="0" sc="280,-83,326,0,344,0,40,93" /><INIT seed="6,0,0,1,4,32" ten="197,326,344,133" oya="2" hai0="16,1,18,130,58,93,50,28,95,43,124,15,135" hai1="107,30,55,86,14,26,9,118,61,22,10,35,34" hai2="6,44,108,8,39,111,57,27,13,69,134,104,94" hai3="33,60,120,105,62,37,76,0,129,64,36,75,20"/><V121/><F121/><W3/><G120/><T23/><D58/><U5/><E107/><V41/><F134/><W67/><G20/><T79/><D79/><U59/><E118/><V73/><F73/><W101/><G62/><T25/><D43/><U68/><E68/><V80/><F104/><W54/><G64/><T21/><D50/><U117/><E117/><V42/><F69/><N who="3" m="42215" /><G54/><T19/><D95/><U63/><E63/><V4/><F57/><W84/><G84/><T115/><D93/><U88/><REACH who="1" step="1"/><E10/><REACH who="1" ten="197,316,344,133" step="2"/><V122/><F122/><W48/><G129/><T97/><D130/><U53/><E53/><V56/><F111/><W77/><G48/><T2/><D135/><U51/><E51/><V74/><F108/><W89/><G37/><T38/><D38/><U133/><E133/><V112/><F39/><W29/><G36/><T96/><D124/><U7/><E7/><V72/><F4/><W85/><G105/><T116/><D116/><U40/><E40/><V126/><F126/><W66/><G66/><T12/><D115/><U90/><E90/><V100/><F42/><W82/><G89/><T114/><D114/><U128/><E128/><V131/><F131/><W119/><G119/><T49/><D49/><U106/><E106/><V109/><F112/><W91/><G91/><T17/><D97/><U46/><E46/><V99/><F109/><W132/><G132/><T65/><D96/><U87/><E87/><V71/><F71/><W31/><G85/><T81/><D65/><U103/><E103/><V11/><F44/><W52/><G101/><T47/><D47/><RYUUKYOKU ba="0,1" sc="197,-10,316,30,344,-10,133,-10" hai1="5,9,14,22,26,30,34,35,55,59,61,86,88" /><INIT seed="7,1,1,1,4,62" ten="187,346,334,123" oya="3" hai0="131,73,123,11,53,50,82,30,127,5,121,69,98" hai1="78,115,135,105,84,40,76,28,65,27,114,54,94" hai2="108,42,13,97,87,24,16,101,1,43,89,119,90" hai3="128,113,109,95,26,120,22,96,107,48,106,9,71"/><W47/><G71/><T64/><D30/><U57/><E105/><V112/><F108/><W33/><G120/><T0/><D131/><U45/><E135/><V18/><F119/><W77/><G33/><T103/><D127/><U46/><E65/><V126/><F1/><W86/><G128/><T17/><D17/><U99/><E46/><V102/><F126/><W7/><G109/><T88/><D88/><N who="2" m="33898" /><F87/><W4/><G113/><N who="1" m="43018" /><E84/><V58/><F58/><W125/><G125/><T124/><D124/><U2/><E2/><V25/><F112/><W79/><G107/><T110/><D110/><U31/><E94/><N who="2" m="58551" /><F102/><N who="3" m="60703" /><G106/><N who="0" m="63863" /><D53/><U130/><E99/><V66/><F66/><W132/><G132/><T91/><D50/><N who="1" m="30935" /><E130/><V56/><F56/><W12/><G4/><T59/><D59/><U34/><E31/><V93/><F93/><W134/><G134/><T14/><D14/><U67/><E67/><V41/><F18/><N who="3" m="12631" /><G86/><T55/><D55/><AGARI ba="1,1" hai="7,9,12,47,48,55,77,79" m="12631,60703" machi="55" ten="30,1500,0" yaku="8,1" doraHai="62" who="3" fromWho="0" sc="187,-18,346,0,334,0,123,28" /><INIT seed="7,2,0,2,3,54" ten="169,346,334,151" oya="3" hai0="34,82,20,116,17,124,122,99,27,44,98,40,113" hai1="91,2,106,95,110,30,77,10,43,46,128,11,29" hai2="129,23,37,63,18,134,41,65,102,64,79,94,0" hai3="96,61,72,78,51,114,38,42,109,81,26,107,76"/><W12/><G78/><T118/><D122/><U83/><E110/><V127/><F0/><W67/><G114/><T88/><D113/><U32/><E106/><V132/><F79/><W21/><G109/><T101/><D124/><U80/><E128/><V121/><F127/><W90/><G38/><T74/><D34/><U16/><E32/><V49/><F37/><W70/><G12/><T126/><D126/><U130/><E130/><V47/><F129/><W85/><G42/><T4/><D4/><U52/><E2/><V115/><F115/><W93/><G51/><T89/><D99/><N who="1" m="57855" /><E43/><V131/><F131/><W112/><G112/><T75/><D118/><U133/><E133/><N who="2" m="51307" /><F121/><W55/><G55/><T97/><D97/><U73/><E73/><V33/><F33/><W100/><G21/><T111/><D111/><U53/><E77/><V48/><F48/><W57/><REACH who="3" step="1"/><G26/><REACH who="3" ten="169,346,334,141" step="2"/><T92/><D116/><U66/><E53/><V62/><F65/><W14/><G14/><T71/><D71/><AGARI ba="2,1" hai="57,61,67,70,71,72,76,81,85,90,93,96,100,107" machi="71" ten="40,12000,1" yaku="1,1,24,2,52,1,53,0" doraHai="54" doraHaiUra="3" who="3" fromWho="0" sc="169,-126,346,0,334,0,141,136" /><INIT seed="7,3,0,5,0,52" ten="43,346,334,277" oya="3" hai0="129,5,88,78,57,26,19,127,21,42,43,65,133" hai1="75,70,50,55,128,105,0,112,76,103,45,117,114" hai2="87,51,38,102,84,41,132,101,96,29,92,39,2" hai3="18,62,35,124,15,79,36,91,14,32,8,24,115"/><W109/><G36/><T60/><D133/><U44/><E0/><V107/><F132/><W27/><G109/><T13/><D129/><U4/><E128/><V72/><F2/><W82/><G115/><N who="1" m="44074" /><E117/><V7/><F7/><W99/><G124/><T118/><D127/><U25/><E4/><V69/><F69/><W49/><G32/><T73/><D73/><U86/><E70/><V104/><F29/><W59/><G35/><T110/><D110/><U28/><E75/><V123/><F72/><W48/><G79/><T56/><D78/><U122/><E122/><V89/><F123/><W131/><G131/><T47/><D118/><U63/><E63/><V33/><F33/><W30/><G30/><T58/><D43/><U100/><E45/><V108/><F108/><W111/><G111/><T106/><D106/><U23/><E105/><V3/><F3/><W95/><G82/><AGARI ba="3,0" hai="23,25,28,44,50,55,76,82,86,100,103" m="44074" machi="82" ten="30,1000,0" yaku="15,1" doraHai="52" who="1" fromWho="3" sc="43,0,346,19,334,0,277,-19" owari="43,-46.0,365,47.0,334,13.0,258,-14.0" /></mjloggm>