<mjloggm ver="2.3"><GO type="169" lobby="0"/><UN n0="%6F%72%61%6E%67%65%33%33" n1="%E6%9C%A8%E6%9D%91%E2%98%86%E9%A0%98" n2="%E3%82%A6%E3%83%AB%E3%83%88%E3%83%A9%E7%AB%8B%E7%9B%B4" n3="%E7%81%BC%E3%81%A1%E3%82%83%E3%82%93%E3%81%8D%E3%82%83%E3%82%8F%E3%82%8F" dan="16,16,17,16" rate="2099.88,2084.40,2173.09,2071.21" sx="M,M,M,M"/><TAIKYOKU oya="0"/><INIT seed="0,0,0,3,0,5" ten="250,250,250,250" oya="0" hai0="92,88,121,45,120,104,48,24,69,78,68,49,64" hai1="133,86,75,132,123,1,37,77,76,96,3,23,9" hai2="39,28,58,11,102,2,81,117,108,103,55,53,20" hai3="31,47,131,91,32,26,27,83,73,94,59,16,135"/><T122/><D104/><U29/><E37/><V7/><F39/><W118/><G118/><T63/><D78/><U116/><E123/><V87/><F117/><W126/><G126/><T57/><D24/><N who="1" m="16543" /><E116/><V22/><F108/><W112/><G135/><N who="1" m="51786" /><E75/><V98/><F28/><W52/><G131/><T82/><D82/><N who="1" m="47431" /><E77/><V74/><F74/><W46/><G112/><T95/><D95/><U34/><E34/><V72/><F72/><W85/><G73/><T129/><D129/><U43/><E43/><V38/><F38/><W56/><G56/><T13/><D13/><U134/><E134/><V41/><F41/><W40/><G40/><T25/><D25/><U93/><E9/><V62/><F102/><AGARI ba="0,0" hai="1,3,93,96,102" m="47431,51786,16543" machi="102" ten="30,1000,0" yaku="20,1" doraHai="5" who="1" fromWho="2" sc="250,0,250,10,250,-10,250,0" /><INIT seed="1,0,0,1,1,50" ten="250,260,240,250" oya="1" hai0="108,135,3,7,120,77,35,15,55,123,23,51,102" hai1="110,87,128,44,86,116,71,41,91,68,78,129,62" hai2="111,118,27,21,76,32,121,37,47,125,130,45,16" hai3="2,6,26,98,49,132,13,101,115,96,95,39,59"/><U82/><E116/><V30/><F121/><N who="0" m="46666" /><D35/><U109/><E62/><V18/><F118/><W74/><G132/><T17/><D135/><U12/><E12/><V38/><F125/><W14/><G115/><T79/><D108/><N who="1" m="41579" /><E87/><V31/><F111/><W19/><G74/><T56/><D102/><U20/><E20/><V112/><F112/><W52/><G39/><T72/><D72/><U70/><E91/><V92/><F76/><W34/><G34/><T119/><D119/><U93/><E93/><V57/><F92/><N who="3" m="58503" /><G2/><T75/><D75/><U106/><E106/><V60/><F32/><W100/><G6/><T107/><D107/><U40/><E44/><V5/><F5/><W69/><G69/><T97/><D97/><U85/><E85/><V43/><F31/><W122/><G122/><T84/><D84/><U81/><E81/><V126/><F126/><W11/><G14/><T64/><D64/><U1/><E1/><V46/><F46/><W10/><G10/><AGARI ba="0,0" hai="3,7,10,15,17,23,51,55,56,77,79" m="46666" machi="10" ten="30,2000,0" yaku="13,1,52,1" doraHai="50" who="0" fromWho="3" sc="250,20,260,0,240,0,250,-20" /><INIT seed="2,0,0,4,0,95" ten="270,260,240,230" oya="2" hai0="133,75,96,51,119,98,7,74,39,114,27,32,14" hai1="108,80,107,124,21,8,87,56,66,126,103,50,53" hai2="52,43,85,111,41,102,25,78,65,10,99,105,79" hai3="100,28,70,118,31,106,123,71,115,13,46,131,90"/><V49/><F111/><W120/><G131/><T60/><D39/><U110/><E66/><V29/><F65/><W22/><G118/><T16/><D114/><U58/><E56/><V42/><F10/><W6/><G115/><T112/><D112/><U55/><E53/><V89/><F89/><W93/><G100/><T4/><D119/><U11/><E21/><V92/><F105/><W37/><G106/><T20/><D133/><U132/><E132/><V125/><F125/><N who="1" m="48233" /><E103/><V104/><F104/><W5/><G70/><T44/><D60/><U82/><E107/><V54/><F54/><W35/><G71/><T86/><D86/><U62/><E50/><V84/><F84/><W9/><G6/><N who="0" m="2091" /><D75/><U19/><E19/><V24/><F85/><W2/><G2/><T127/><D127/><U69/><E69/><V117/><F117/><W63/><G63/><T36/><D32/><U57/><E57/><N who="2" m="32911" /><F29/><W38/><G35/><T134/><D36/><U77/><E82/><V88/><F102/><W1/><G38/><T64/><D64/><U26/><E26/><AGARI ba="0,0" hai="24,25,26,41,42,43,78,79,88,92,99" m="32911" machi="26" ten="30,11600,0" yaku="8,1,52,1,54,2" doraHai="95" who="2" fromWho="1" sc="270,0,260,-116,240,116,230,0" /><INIT seed="2,1,0,0,4,1" ten="270,144,356,230" oya="2" hai0="34,99,49,111,77,70,86,125,16,24,118,11,88" hai1="107,124,57,18,127,67,7,41,50,36,74,40,122" hai2="31,133,14,116,29,80,103,108,89,51,82,97,59" hai3="13,120,20,68,8,21,109,58,104,79,69,37,9"/><V75/><F116/><W6/><G120/><T115/><D70/><U64/><E107/><V53/><F133/><W2/><G104/><T30/><D115/><U0/><E74/><V55/><F108/><W85/><G109/><T130/><D111/><U92/><E92/><V84/><F75/><W91/><G79/><T56/><D130/><U113/><E18/><V119/><F119/><W54/><G37/><T26/><D125/><N who="1" m="48203" /><E113/><V48/><F82/><W117/><G68/><T35/><D99/><U47/><E0/><V76/><F76/><W123/><G123/><T4/><D77/><U96/><E96/><V65/><F65/><N who="1" m="25161" /><E122/><V43/><F43/><W101/><G101/><T112/><D112/><U83/><E83/><V71/><F71/><W62/><G69/><T131/><D131/><U17/><E17/><V102/><F102/><W72/><G72/><T39/><D118/><U135/><E135/><V61/><F103/><W28/><G28/><T87/><D30/><U27/><E27/><V66/><F97/><W126/><G126/><T128/><D26/><U42/><E57/><N who="2" m="37167" /><F14/><W52/><G54/><T90/><D128/><U95/><E95/><V132/><F132/><W60/><G117/><T46/><D24/><U33/><E33/><V19/><F19/><W114/><G62/><T73/><D16/><U32/><E32/><V38/><F31/><W63/><G63/><T134/><D35/><U3/><E36/><V81/><F29/><W45/><G114/><T10/><D39/><U23/><E23/><V98/><F38/><W105/><G21/><T100/><D134/><RYUUKYOKU ba="1,0" sc="270,-10,144,30,356,-10,230,-10" hai1="3,7,40,41,42,47,50" /><INIT seed="3,2,0,0,1,8" ten="260,174,346,220" oya="3" hai0="72,9,118,123,17,47,104,6,19,10,60,14,48" hai1="38,83,2,69,133,33,95,52,88,68,22,49,58" hai2="13,117,62,99,82,5,4,55,106,61,27,128,71" hai3="46,78,79,115,26,37,65,93,130,23,21,122,76"/><W119/><G122/><T25/><D104/><U73/><E33/><V15/><F71/><W124/><G115/><T134/><D72/><U67/><E2/><V85/><F106/><W66/><G119/><T53/><D118/><U114/><E38/><V16/><F99/><W120/><G120/><T39/><D134/><U59/><E114/><V56/><F128/><W98/><G130/><T135/><D135/><U121/><E133/><V112/><F112/><W92/><G124/><T102/><D39/><U87/><E121/><V44/><F44/><W97/><G46/><T96/><D123/><U80/><E22/><N who="3" m="8202" /><G26/><T35/><D60/><U30/><E30/><V101/><F62/><W89/><G37/><T18/><D35/><U28/><E28/><V110/><F117/><W108/><G108/><T86/><D86/><U113/><E113/><V36/><F36/><W12/><G12/><N who="2" m="4681" /><F110/><W74/><G74/><T91/><D47/><U103/><E103/><AGARI ba="2,0" hai="65,66,76,78,79,89,92,93,97,98,103" m="8202" machi="103" ten="30,1500,0" yaku="8,1" doraHai="8" who="3" fromWho="1" sc="260,0,174,-21,346,0,220,21" /><INIT seed="3,3,0,0,1,64" ten="260,153,346,241" oya="3" hai0="7,74,116,54,70,51,105,17,28,106,115,99,91" hai1="82,112,30,2,15,1,37,12,50,18,62,113,103" hai2="89,63,21,65,114,98,100,111,83,23,45,110,13" hai3="96,73,95,94,26,8,107,0,123,16,102,43,80"/><W4/><G123/><T24/><D74/><U129/><E37/><V47/><F114/><W134/><G134/><T52/><D116/><U87/><E103/><V71/><F89/><W109/><G109/><N who="2" m="41481" /><F83/><W44/><G73/><T6/><D54/><U42/><E30/><V58/><F58/><W122/><G122/><T60/><D17/><U135/><E15/><V81/><F81/><W3/><G3/><T10/><D115/><U93/><E62/><V31/><F13/><W72/><G72/><T69/><D60/><U125/><E93/><N who="2" m="58447" /><F23/><W84/><G26/><AGARI ba="3,0" hai="21,26,31,45,47,63,65,71" m="58447,41481" machi="26" ten="30,2000,0" yaku="14,1,52,1" doraHai="64" who="2" fromWho="3" sc="260,0,153,0,346,29,241,-29" /><INIT seed="4,0,0,2,2,126" ten="260,153,375,212" oya="0" hai0="11,75,76,42,51,62,9,86,46,117,108,56,30" hai1="18,79,83,40,8,38,44,49,47,88,69,25,21" hai2="112,2,95,80,10,132,74,101,45,24,22,35,0" hai3="109,50,120,96,54,111,17,100,61,89,115,123,116"/><T113/><D117/><U131/><E69/><V98/><F35/><W19/><G61/><T110/><D75/><U20/><E131/><V124/><F124/><W6/><G6/><T58/><D30/><U77/><E8/><N who="0" m="3145" /><D113/><U107/><E107/><V90/><F112/><W118/><G89/><T134/><D134/><U32/><E32/><V125/><F125/><W68/><G68/><T67/><D86/><U16/><E88/><V12/><F132/><W128/><G128/><T34/><D76/><U28/><E83/><V81/><F2/><W133/><G133/><T1/><D1/><U122/><E122/><N who="3" m="46634" /><G17/><T135/><D135/><U97/><E97/><V13/><F0/><W72/><G19/><T84/><D84/><U14/><REACH who="1" step="1"/><E28/><REACH who="1" ten="260,143,375,212" step="2"/><V59/><F81/><W71/><G71/><N who="0" m="42487" /><D34/><U57/><E57/><V82/><F59/><N who="3" m="33239" /><G72/><T91/><D91/><U102/><E102/><V85/><F74/><W55/><G115/><T92/><D92/><U3/><E3/><V64/><F82/><W93/><G116/><T66/><D58/><U99/><E99/><V15/><F10/><W29/><G29/><T87/><D87/><U106/><E106/><V114/><F114/><W60/><G118/><T27/><D56/><AGARI ba="0,1" hai="55,56,60,93,96,100,109,111" m="33239,46634" machi="56" ten="30,1000,0" yaku="13,1" doraHai="126" who="3" fromWho="0" sc="260,-10,143,0,375,0,212,20" /><INIT seed="5,0,0,2,3,36" ten="250,143,375,232" oya="1" hai0="41,28,112,120,61,17,94,123,27,34,58,127,99" hai1="49,43,60,6,31,91,105,62,0,87,116,88,68" hai2="21,118,9,45,32,52,13,128,79,115,71,74,103" hai3="56,117,23,107,102,80,44,108,86,70,97,51,15"/><U63/><E116/><V106/><F32/><W81/><G70/><T25/><D112/><U131/><E105/><V122/><F71/><W104/><G104/><T19/><D127/><U12/><E0/><V55/><F79/><W98/><G117/><T64/><D41/><U66/><E131/><V135/><F74/><W119/><G119/><T67/><D67/><U5/><E31/><V132/><F103/><W46/><G98/><T89/><REACH who="0" step="1"/><D27/><REACH who="0" ten="240,143,375,232" step="2"/><U30/><E30/><V4/><F115/><W100/><G108/><T54/><D54/><U29/><E29/><V16/><F55/><W18/><G102/><T38/><D38/><U133/><E133/><V72/><F52/><W85/><G56/><T93/><D93/><N who="1" m="54431" /><E68/><V59/><F59/><W48/><G48/><T95/><D95/><U26/><E66/><V11/><F135/><W82/><G51/><T8/><D8/><N who="1" m="4111" /><E26/><V42/><F11/><W24/><G24/><T20/><D20/><U53/><E6/><V14/><F106/><W96/><G100/><T1/><D1/><U114/><E114/><V2/><F2/><W78/><G107/><T126/><D126/><U134/><E134/><V84/><F4/><W57/><G82/><T77/><D77/><U35/><E35/><V109/><F132/><W113/><G113/><T76/><D76/><U130/><E130/><V10/><F128/><W125/><G125/><T121/><AGARI ba="0,1" hai="17,19,25,28,34,58,61,64,89,94,99,120,121,123" machi="121" ten="30,4000,0" yaku="1,1,0,1,13,1,53,0" doraHai="36" doraHaiUra="7" who="0" fromWho="0" sc="240,50,143,-20,375,-10,232,-10" /><INIT seed="6,0,0,0,3,72" ten="290,123,365,222" oya="2" hai0="76,102,56,80,50,63,112,60,91,129,4,135,87" hai1="73,96,0,98,64,32,85,16,18,19,84,13,35" hai2="88,79,62,105,15,108,114,67,1,89,128,38,134" hai3="99,41,65,117,14,43,2,82,118,10,58,5,45"/><V11/><F38/><W104/><G43/><T100/><D112/><U125/><E73/><V53/><F1/><W113/><G113/><T68/><D135/><U52/><E0/><V101/><F114/><W30/><G30/><T124/><D124/><U55/><E64/><V31/><F31/><W25/><G25/><T109/><D109/><U107/><E13/><V86/><F101/><N who="0" m="39018" /><D68/><U61/><E61/><N who="0" m="23625" /><D129/><U47/><E47/><V6/><F105/><W74/><G99/><N who="1" m="37930" /><E107/><V116/><F116/><W23/><G58/><T37/><D37/><U131/><E131/><V69/><F128/><W27/><G65/><T8/><D8/><U75/><E75/><V95/><F134/><W24/><G104/><T119/><D119/><U81/><E81/><V120/><F120/><W48/><G118/><T121/><D121/><U83/><E83/><N who="2" m="47487" /><F67/><W22/><G117/><T78/><D4/><U123/><E123/><V40/><F69/><W92/><G2/><T115/><D115/><U70/><E70/><V97/><F108/><W36/><G36/><T122/><D122/><U3/><E3/><V130/><F130/><W133/><G133/><T90/><D90/><U12/><E12/><V42/><F89/><W103/><G103/><T17/><D17/><N who="1" m="4355" /><U132/><DORA hai="71" /><E132/><V127/><F127/><W49/><G14/><T54/><AGARI ba="0,0" hai="50,54,56,76,78,80,87,91" m="23625,39018" machi="54" ten="30,4000,0" yaku="8,1,52,2" doraHai="72,71" who="0" fromWho="0" sc="290,40,123,-10,365,-20,222,-10" /><INIT seed="7,0,0,4,4,31" ten="330,113,345,212" oya="3" hai0="71,110,1,92,6,54,36,27,130,73,5,93,47" hai1="114,100,29,85,15,115,77,84,64,65,94,124,8" hai2="86,108,30,67,98,117,3,57,128,50,123,44,118" hai3="10,63,52,21,99,56,59,49,131,40,68,62,107"/><W24/><G131/><T119/><D110/><U20/><E29/><V79/><F3/><W53/><G68/><T91/><D119/><U58/><E20/><V132/><F132/><W129/><G129/><T102/><D130/><U34/><E58/><V126/><F126/><W83/><G83/><T89/><D73/><U104/><E77/><V46/><F46/><W95/><G107/><T105/><D71/><U32/><E104/><V11/><F30/><W13/><G49/><N who="0" m="28991" /><D105/><U4/><E124/><V96/><F108/><W81/><G81/><T45/><D36/><U111/><E111/><V12/><F123/><W127/><G127/><T18/><D1/><U60/><E60/><N who="2" m="38287" /><F118/><W55/><G40/><T38/><D38/><U75/><E75/><V48/><F117/><W121/><G121/><T39/><D39/><U33/><E100/><V14/><F14/><W28/><G59/><T82/><D45/><U72/><E72/><V9/><F128/><W41/><G41/><T23/><D82/><U43/><E43/><N who="2" m="24607" /><F50/><W90/><REACH who="3" step="1"/><G63/><REACH who="3" ten="330,113,345,202" step="2"/><T112/><D112/><N who="1" m="43051" /><E94/><N who="0" m="36457" /><D102/><U66/><AGARI ba="0,1" hai="4,8,15,32,33,34,64,65,66,84,85" m="43051" machi="66" ten="40,8000,1" yaku="15,1,52,3" doraHai="31" who="1" fromWho="1" sc="330,-20,113,90,345,-20,202,-40" owari="310,11.0,203,-20.0,325,43.0,162,-34.0" /></mjloggm>