<mjloggm ver="2.3"><GO type="193" lobby="0"/><UN n0="%E5%B0%B1%E6%B4%BB%E7%94%9F%40%E5%B7%9D%E6%9D%91%E8%BB%8D%E5%9B%A3" n1="%73%6F%6B%68%6F%75%74%69" n2="%6B%65%6D%69%73%73" n3="%E9%85%B7%E4%BD%BF%E5%A4%A2%E6%83%B3" dan="12,10,10,13" rate="1826.51,1261.28,1497.93,1704.02" sx="M,M,M,M"/><TAIKYOKU oya="0"/><INIT seed="0,0,0,1,3,10" ten="250,250,250,250" oya="0" hai0="25,30,127,38,72,32,133,83,64,60,9,47,76" hai1="31,70,84,101,53,3,89,130,114,82,88,91,20" hai2="23,125,37,52,100,49,109,96,86,95,110,5,98" hai3="113,116,4,13,28,81,34,112,71,51,80,94,99"/><T63/><D127/><U8/><E3/><V19/><F125/><W22/><G71/><T42/><D133/><U108/><E70/><V90/><F37/><W128/><G116/><T124/><D124/><U117/><E8/><V121/><F121/><W0/><G128/><T120/><D120/><U35/><E117/><V102/><F109/><W65/><G65/><T43/><D43/><U119/><E35/><V26/><F110/><W57/><G34/><T79/><D79/><U12/><E119/><V93/><F5/><W45/><G0/><T132/><D132/><U48/><E31/><V85/><REACH who="2" step="1"/><F90/><REACH who="2" ten="250,250,240,250" step="2"/><N who="1" m="34921" /><E108/><V11/><F11/><W105/><G113/><T29/><D29/><U40/><E40/><V24/><F24/><W46/><G105/><T92/><D9/><U75/><E75/><V17/><F17/><W33/><G33/><T66/><D66/><U111/><E114/><V97/><F97/><W2/><G112/><T118/><D118/><U104/><E104/><V115/><F115/><W78/><G2/><T103/><D64/><U1/><E130/><V77/><F77/><W16/><G4/><T131/><D131/><U123/><E91/><V74/><F74/><W73/><G28/><T107/><D107/><U126/><E123/><V41/><F41/><W21/><G73/><T106/><D106/><U67/><E126/><V62/><F62/><W61/><G78/><T44/><D42/><U68/><E111/><V69/><F69/><W55/><G45/><AGARI ba="0,1" hai="19,23,26,45,49,52,85,86,93,95,96,98,100,102" machi="45" ten="30,8000,1" yaku="1,1,7,1,9,1,8,1,54,1,53,0" doraHai="10" doraHaiUra="56" who="2" fromWho="3" sc="250,0,250,0,240,90,250,-80" /><INIT seed="1,0,0,4,4,19" ten="250,250,330,170" oya="1" hai0="26,59,5,2,120,20,134,81,12,101,34,52,82" hai1="9,17,133,64,37,49,78,65,3,45,70,4,25" hai2="88,92,60,74,57,102,75,129,122,93,95,30,112" hai3="114,0,15,126,48,24,46,32,113,40,6,110,1"/><U28/><E37/><V10/><F122/><W127/><G40/><T79/><D120/><U96/><E133/><V108/><F112/><W121/><G48/><T38/><D38/><U87/><E96/><V135/><F108/><W53/><G53/><T14/><D134/><U116/><E17/><V29/><F135/><W71/><G71/><T99/><D34/><U16/><E16/><V84/><F129/><W68/><G68/><T100/><D2/><N who="3" m="1129" /><G46/><T130/><D5/><U58/><E58/><V33/><F33/><W107/><G107/><T69/><D69/><U119/><E87/><V124/><F124/><N who="3" m="47659" /><G121/><T56/><D130/><U118/><E78/><V66/><F10/><N who="3" m="4567" /><G110/><T47/><D47/><U98/><E98/><V115/><F115/><W7/><G7/><T27/><D99/><U91/><E91/><V42/><F42/><W123/><G123/><T106/><D106/><U90/><E90/><V63/><F102/><W77/><G77/><T51/><D79/><U125/><E125/><V103/><F103/><W128/><G128/><T111/><D111/><U131/><E70/><V117/><F117/><W44/><G44/><T62/><D100/><U72/><E72/><V86/><F66/><W13/><G13/><T54/><D101/><U23/><REACH who="1" step="1"/><E131/><REACH who="1" ten="250,240,330,170" step="2"/><V67/><F74/><W43/><G43/><AGARI ba="0,1" hai="3,4,9,23,25,28,43,45,49,64,65,116,118,119" machi="43" ten="40,12000,1" yaku="1,1,2,1,52,1,53,1" doraHai="19" doraHaiUra="22" who="1" fromWho="3" sc="250,0,240,130,330,0,170,-120" /><INIT seed="1,1,0,0,1,39" ten="250,370,330,50" oya="1" hai0="97,34,114,91,75,38,78,13,120,49,1,104,32" hai1="42,31,15,111,64,119,132,33,90,116,85,77,81" hai2="54,108,30,55,48,123,0,96,14,131,98,26,21" hai3="121,20,56,125,82,18,118,130,112,67,76,60,27"/><U37/><E64/><V87/><F123/><W35/><G121/><T100/><D114/><U2/><E2/><V129/><F0/><W103/><G112/><T65/><D120/><U80/><E33/><V105/><F108/><W9/><G118/><T41/><D91/><U52/><E31/><V43/><F105/><W95/><G35/><T10/><D49/><U122/><E122/><V126/><F126/><W53/><G130/><N who="2" m="49673" /><F87/><W46/><G125/><T29/><D65/><U72/><E132/><V62/><F14/><W17/><G9/><T73/><D13/><U84/><E15/><V8/><F8/><W106/><G106/><T40/><D40/><U36/><E36/><V11/><F11/><W70/><G70/><T5/><D29/><U68/><E72/><V124/><F124/><W50/><G103/><T16/><D16/><U107/><E68/><V19/><F30/><W25/><G95/><T89/><D89/><U28/><E28/><V45/><F62/><W24/><REACH who="3" step="1"/><G17/><REACH who="3" ten="250,370,330,40" step="2"/><T113/><D113/><U93/><E107/><V110/><F110/><W6/><G6/><T71/><D71/><U51/><E93/><V101/><F101/><W12/><G12/><T3/><D3/><U58/><REACH who="1" step="1"/><E111/><REACH who="1" ten="250,360,330,40" step="2"/><V69/><F69/><W61/><G61/><T22/><D34/><U94/><E94/><V115/><F115/><W99/><G99/><AGARI ba="1,2" hai="19,21,26,43,45,48,54,55,96,98,99" m="49673" machi="99" ten="30,2000,0" yaku="19,1,52,1" doraHai="39" who="2" fromWho="3" sc="250,0,360,0,330,43,40,-23" /><INIT seed="2,0,0,0,4,101" ten="250,360,373,17" oya="2" hai0="114,7,42,134,126,118,87,70,89,41,17,92,132" hai1="84,135,120,133,67,86,108,83,71,82,96,122,4" hai2="30,12,40,76,113,64,85,10,78,65,35,36,106" hai3="95,24,25,63,129,107,125,27,88,16,60,102,5"/><V99/><F113/><W39/><G39/><T2/><D70/><U61/><E4/><V103/><F76/><W45/><G129/><T62/><D118/><U6/><E96/><V69/><F64/><W73/><G73/><T56/><D114/><U58/><E6/><V29/><F29/><W52/><G125/><T109/><D109/><U77/><E71/><V97/><F97/><W100/><G5/><T46/><D126/><U123/><E108/><V14/><F14/><W74/><G74/><T28/><D28/><U51/><E51/><V91/><F78/><AGARI ba="0,0" hai="58,61,67,77,78,82,83,84,86,120,122,123,133,135" machi="78" ten="40,2600,0" yaku="9,1,13,1" doraHai="101" who="1" fromWho="2" sc="250,0,360,26,373,-26,17,0" /><INIT seed="3,0,0,1,4,1" ten="250,386,347,17" oya="3" hai0="99,88,53,41,60,38,93,36,3,122,51,102,94" hai1="133,82,83,11,117,25,114,80,128,129,89,20,23" hai2="33,106,46,18,4,119,86,69,97,30,79,0,56" hai3="84,73,62,44,110,19,111,100,104,72,130,59,121"/><W91/><G121/><T77/><D122/><U135/><E114/><V67/><F119/><W78/><G130/><N who="1" m="50282" /><E117/><V124/><F124/><W66/><G44/><T70/><D77/><U40/><E40/><V120/><F120/><W5/><G5/><T8/><D41/><U127/><E11/><V42/><F18/><W64/><G78/><T22/><D70/><U95/><E25/><V115/><F115/><W9/><G104/><T14/><D60/><U81/><E20/><V134/><F134/><N who="1" m="51209" /><E23/><V57/><F57/><W24/><G100/><T31/><D3/><U107/><E107/><V10/><F56/><W116/><G116/><T126/><D126/><U45/><E45/><V15/><F15/><N who="3" m="7663" /><G24/><T2/><D2/><U112/><E127/><V47/><F79/><W63/><G63/><T61/><D61/><U118/><E112/><V105/><F86/><W58/><G58/><T48/><D22/><U125/><E118/><V17/><F17/><W76/><G76/><T39/><D31/><U13/><E125/><V85/><F85/><W131/><G131/><T35/><D35/><U34/><E13/><V26/><F106/><W54/><G73/><T21/><D21/><U37/><E34/><V43/><F42/><W108/><G72/><T16/><REACH who="0" step="1"/><D53/><REACH who="0" ten="240,386,347,17" step="2"/><U12/><E12/><V101/><F43/><W50/><G50/><T96/><AGARI ba="0,1" hai="8,14,16,36,38,39,48,51,88,93,94,96,99,102" machi="96" ten="40,8000,1" yaku="1,1,2,1,0,1,54,2,53,0" doraHai="1" doraHaiUra="49" who="0" fromWho="0" sc="240,90,386,-20,347,-20,17,-40" owari="330,13.0,366,46.0,327,-7.0,-23,-52.0" /></mjloggm>