<mjloggm ver="2.3"><GO type="97" lobby="0"/><UN n0="%E5%B0%B1%E6%B4%BB%E7%94%9F%40%E5%B7%9D%E6%9D%91%E8%BB%8D%E5%9B%A3" n1="%79%75%64%61%69%2E" n2="%E4%B8%80%E6%97%A5%E4%B8%80%E5%8D%B3%E3%83%85%E3%83%A2" n3="%68%61%6D%61%35%34%30%30" dan="13,14,13,14" rate="1862.66,1920.43,1855.38,2012.96" sx="M,M,M,M"/><TAIKYOKU oya="0"/><INIT seed="0,0,0,4,4,73" ten="250,250,250,250" oya="0" hai0="15,21,50,92,26,82,52,95,5,97,114,135,10" hai1="126,118,28,60,0,122,115,58,45,57,107,80,109" hai2="44,99,128,106,59,4,77,104,98,33,25,46,29" hai3="134,61,108,86,84,27,14,38,49,40,55,43,75"/><T113/><D135/><U71/><E28/><V22/><F128/><W121/><G134/><T131/><D131/><U130/><E80/><V110/><F110/><W68/><G75/><T100/><D92/><U70/><E45/><V6/><F33/><W124/><G121/><T76/><D21/><U127/><E107/><V102/><F59/><W8/><G108/><T18/><D26/><U31/><E31/><V103/><F77/><W88/><G27/><T37/><D37/><U125/><E0/><V39/><F39/><W69/><G124/><T54/><D5/><AGARI ba="0,0" hai="4,5,6,22,25,29,44,46,98,99,102,103,104,106" machi="5" ten="40,1300,0" yaku="9,1" doraHai="73" who="2" fromWho="0" sc="250,-13,250,0,250,13,250,0" /><INIT seed="1,0,0,0,2,124" ten="237,250,263,250" oya="1" hai0="92,28,27,94,6,121,129,117,36,29,33,133,126" hai1="114,54,76,96,109,23,68,30,108,22,24,85,5" hai2="71,63,127,100,131,82,43,64,102,90,37,0,56" hai3="31,107,42,118,11,123,39,61,112,79,25,75,135"/><U116/><E68/><V80/><F127/><W110/><G79/><T20/><D36/><U95/><E116/><V10/><F102/><W49/><G11/><T48/><D117/><U93/><E114/><V78/><F100/><W113/><G25/><T1/><D121/><U34/><E5/><V81/><F90/><W101/><G31/><T46/><D126/><U4/><E4/><N who="2" m="1287" /><F56/><W83/><G42/><T98/><D133/><U21/><E54/><V47/><F131/><W103/><G49/><T26/><D129/><U35/><E35/><V87/><F82/><W50/><G61/><T19/><D1/><U14/><E14/><V70/><F87/><W84/><G50/><T12/><D6/><U106/><E106/><V86/><F86/><W69/><G84/><T74/><D74/><U128/><E128/><V45/><F80/><W59/><G83/><T119/><D119/><U77/><E85/><V73/><F47/><W52/><G75/><T122/><D122/><U130/><E130/><V9/><F9/><W2/><G123/><T134/><D134/><U41/><E41/><V7/><F71/><W62/><G118/><T111/><D111/><N who="1" m="42571" /><E95/><V67/><F7/><W72/><G110/><T88/><D94/><U13/><E13/><V99/><F67/><W17/><G2/><T97/><D97/><AGARI ba="0,0" hai="37,43,45,63,64,70,73,78,81,97,99" m="1287" machi="97" ten="30,1000,0" yaku="25,1" doraHai="124" who="2" fromWho="0" sc="237,-10,250,0,263,10,250,0" /><INIT seed="2,0,0,1,0,72" ten="227,250,273,250" oya="2" hai0="103,76,58,31,4,3,118,95,90,34,16,19,83" hai1="28,45,59,77,71,10,8,101,51,60,115,26,61" hai2="11,73,110,52,38,36,108,48,117,41,94,44,53" hai3="99,124,25,120,30,80,5,21,92,91,20,87,14"/><V127/><F117/><W106/><G120/><T0/><D118/><U47/><E115/><V79/><F11/><W66/><G124/><T22/><D103/><U55/><E71/><V23/><F127/><W114/><G114/><T24/><D58/><U84/><E101/><V75/><F94/><W132/><G132/><T54/><D54/><N who="2" m="21098" /><F23/><W133/><G133/><T37/><D37/><U42/><E47/><V104/><F104/><W49/><G106/><T113/><D113/><U85/><E85/><V96/><F96/><W50/><G66/><T122/><D122/><U18/><E18/><V40/><F40/><W130/><G130/><T116/><D116/><U17/><E17/><V135/><F135/><W64/><G64/><T1/><D4/><U107/><E107/><V12/><F12/><W125/><G125/><T29/><D29/><U70/><E70/><V33/><F33/><W88/><G20/><T15/><D19/><U105/><E105/><V67/><F67/><W126/><G126/><T119/><D119/><U63/><E63/><V82/><F75/><W89/><G91/><T57/><D57/><U134/><E61/><V46/><F44/><W121/><G121/><T128/><D128/><U32/><E134/><V13/><F13/><W93/><REACH who="3" step="1"/><G92/><REACH who="3" ten="227,250,273,240" step="2"/><T69/><D69/><U123/><E123/><V78/><F78/><W56/><G56/><T131/><D131/><U35/><E35/><V62/><F62/><W2/><G2/><T100/><D100/><U65/><E65/><V6/><F79/><W102/><G102/><T129/><D129/><U97/><E77/><RYUUKYOKU ba="0,1" sc="227,-10,250,-10,273,-10,240,30" hai3="5,14,21,25,30,49,50,80,87,88,89,93,99" /><INIT seed="3,1,1,0,0,19" ten="217,240,263,270" oya="3" hai0="108,91,48,25,59,71,17,50,117,28,29,0,80" hai1="34,101,120,107,82,12,52,78,22,133,9,18,16" hai2="112,3,6,72,121,84,42,94,39,116,100,37,87" hai3="102,2,109,135,113,103,27,79,96,56,85,33,124"/><W61/><G113/><T69/><D0/><U86/><E133/><V75/><F112/><W45/><G2/><T128/><D117/><U88/><E34/><V122/><F116/><W73/><G135/><T35/><D128/><U13/><E120/><N who="2" m="46187" /><F6/><W92/><G124/><T111/><D29/><U43/><E43/><V131/><F3/><W115/><G115/><T26/><D26/><U93/><E107/><V68/><F68/><N who="0" m="26186" /><D59/><U44/><E101/><V30/><F30/><W98/><G73/><N who="2" m="28233" /><F42/><W105/><G45/><T7/><D17/><U5/><E5/><V53/><F131/><W58/><G33/><T123/><D123/><U67/><E67/><V74/><F74/><W24/><G109/><N who="0" m="42059" /><D7/><U97/><E44/><V55/><F39/><W77/><G58/><T4/><D4/><U99/><E52/><N who="2" m="20043" /><F37/><W104/><G92/><T70/><D70/><U46/><E46/><V119/><F119/><W129/><G129/><T11/><D11/><U66/><E66/><V36/><F36/><W31/><G31/><T51/><D51/><U64/><E64/><V134/><F134/><W63/><G56/><T54/><D54/><U49/><E49/><V65/><F65/><W127/><G127/><T89/><D89/><U125/><E125/><V1/><F1/><W114/><G114/><T8/><D8/><U57/><E57/><V21/><F21/><W95/><G95/><T14/><D14/><U130/><E130/><V126/><F126/><W15/><G15/><T20/><D20/><U132/><E132/><V110/><F110/><W23/><G23/><T10/><D10/><RYUUKYOKU ba="1,1" sc="217,0,240,0,263,0,270,0" hai0="25,28,35,48,50,80,91" hai1="9,12,13,16,18,22,78,82,86,88,93,97,99" hai2="84,87,94,100" hai3="24,27,61,63,77,79,85,96,98,102,103,104,105" /><INIT seed="3,2,1,5,5,91" ten="217,240,263,270" oya="3" hai0="77,55,62,70,89,134,135,41,10,114,109,92,124" hai1="8,94,112,20,103,27,111,22,115,95,18,127,5" hai2="17,121,131,107,3,71,119,39,97,117,68,9,52" hai3="85,6,25,26,56,87,53,102,57,45,128,118,106"/><W73/><G118/><T130/><D114/><U50/><E111/><V76/><F39/><W42/><G73/><T21/><D41/><U133/><E127/><V69/><F121/><W38/><G128/><T2/><D77/><U90/><E115/><V24/><F131/><W66/><G6/><N who="0" m="1367" /><D124/><U105/><E112/><V96/><F76/><W113/><G113/><T60/><D130/><U64/><E133/><N who="0" m="50697" /><D109/><U36/><E36/><V132/><F132/><W59/><G66/><T44/><D70/><U23/><E64/><V0/><F119/><W63/><G63/><T84/><D21/><N who="1" m="8299" /><E103/><V101/><F117/><W79/><G53/><T54/><D54/><U1/><E90/><V51/><F97/><W15/><G79/><T13/><D13/><N who="1" m="5263" /><E105/><V19/><F24/><W33/><G15/><T40/><D55/><U80/><E1/><V30/><F3/><W100/><G100/><T46/><D46/><U129/><E129/><V123/><F123/><W48/><G38/><AGARI ba="2,1" hai="38,40,44,60,62,84,89,92" m="50697,1367" machi="38" ten="30,2000,0" yaku="20,1,52,1" doraHai="91" who="0" fromWho="3" sc="217,36,240,0,263,0,270,-26" /><INIT seed="4,0,0,3,0,89" ten="253,240,263,244" oya="0" hai0="26,110,68,107,124,7,32,63,96,93,23,116,91" hai1="125,64,73,8,103,77,33,76,14,123,83,112,88" hai2="22,38,78,131,13,129,21,111,27,17,57,36,5" hai3="4,114,34,35,30,20,101,59,39,1,108,66,106"/><T51/><D116/><U49/><E123/><V79/><F111/><W16/><G39/><N who="2" m="14889" /><F5/><W67/><G108/><T31/><D124/><U130/><E125/><V40/><F40/><W99/><G114/><T115/><D115/><U133/><E33/><V53/><F57/><W45/><G45/><T55/><D110/><U86/><E112/><V19/><F53/><W97/><G97/><T46/><D7/><U24/><E133/><V92/><F92/><W48/><G48/><T74/><D74/><U72/><E130/><AGARI ba="0,0" hai="13,17,19,21,22,27,78,79,129,130,131" m="14889" machi="130" ten="30,1000,0" yaku="19,1" doraHai="89" who="2" fromWho="1" sc="253,0,240,-10,263,10,244,0" /><INIT seed="5,0,0,0,0,74" ten="253,230,273,244" oya="1" hai0="107,47,123,114,81,72,121,63,64,48,53,127,1" hai1="30,55,126,130,44,57,112,78,41,49,7,76,134" hai2="75,43,98,69,33,60,32,2,6,131,46,18,83" hai3="88,87,120,79,0,5,106,110,14,96,21,27,94"/><U4/><E112/><V3/><F131/><W89/><G120/><N who="0" m="46155" /><D107/><U90/><E130/><V16/><F98/><W26/><G110/><T115/><D1/><U11/><E126/><V35/><F69/><W119/><G0/><T12/><D12/><N who="1" m="5223" /><E134/><V104/><F60/><W61/><G106/><T103/><D103/><U29/><E7/><V28/><F28/><N who="1" m="10857" /><E90/><V70/><F70/><W8/><G119/><T34/><D34/><U15/><E15/><V118/><F3/><W111/><G111/><T128/><D128/><U25/><E25/><V42/><F118/><W13/><G79/><N who="1" m="30250" /><E57/><V62/><F104/><W117/><G117/><T133/><D72/><U20/><E20/><V45/><F75/><W19/><REACH who="3" step="1"/><G61/><REACH who="3" ten="253,230,273,234" step="2"/><T9/><D127/><U93/><E93/><AGARI ba="0,1" hai="5,8,13,14,19,21,26,27,87,88,89,93,94,96" machi="93" ten="30,8000,1" yaku="1,1,2,1,7,1,8,1,54,1,53,0" doraHai="74" doraHaiUra="73" who="3" fromWho="1" sc="253,0,230,-80,273,0,234,90" owari="253,-15.0,150,-35.0,273,7.0,324,43.0" /></mjloggm>