<mjloggm ver="2.3"><GO type="41" lobby="0"/><UN n0="%E3%82%A6%E3%83%AB%E3%83%88%E3%83%A9%E7%AB%8B%E7%9B%B4" n1="%73%74%78%73%65%69%79%61" n2="%74%6F%6B%69%6E%6F%6D%61" n3="%E6%8A%BC%E5%BF%8D%EF%BC%81%E6%93%8D" dan="15,14,13,13" rate="1951.63,1915.40,1866.98,1916.95" sx="M,M,M,M"/><TAIKYOKU oya="0"/><INIT seed="0,0,0,5,5,75" ten="250,250,250,250" oya="0" hai0="15,3,119,68,77,76,89,67,135,133,32,34,87" hai1="88,18,47,12,94,57,20,10,116,6,58,97,16" hai2="86,98,33,121,43,36,134,46,130,48,74,28,128" hai3="53,8,11,93,0,4,63,132,101,103,73,114,106"/><T24/><D3/><U113/><E116/><V17/><F74/><W1/><G73/><T104/><D104/><U69/><E113/><V100/><F121/><W110/><G63/><T127/><D119/><U56/><E69/><V51/><F134/><N who="0" m="51210" /><D127/><U120/><E120/><V60/><F28/><W55/><G132/><T61/><D15/><N who="1" m="9247" /><E47/><V92/><F33/><N who="0" m="12906" /><D24/><U82/><E82/><AGARI ba="0,0" hai="61,67,68,76,77,82,87,89" m="12906,51210" machi="82" ten="30,5800,0" yaku="20,1,52,2" doraHai="75" who="0" fromWho="1" sc="250,58,250,-58,250,0,250,0" /><INIT seed="0,1,0,4,4,12" ten="308,192,250,250" oya="0" hai0="111,44,120,5,54,13,110,61,20,60,22,55,46" hai1="126,51,40,70,57,124,118,114,39,10,79,84,132" hai2="74,29,100,122,90,89,17,25,134,52,1,24,0" hai3="56,75,50,128,133,99,6,58,45,80,115,125,127"/><T3/><D3/><U93/><E10/><V68/><F122/><W35/><G35/><T129/><D5/><U78/><E93/><V117/><F68/><W104/><G6/><T83/><D83/><U107/><E107/><V116/><F74/><W47/><G99/><T77/><D77/><U91/><E118/><N who="2" m="45675" /><F100/><W119/><G80/><T109/><D129/><U19/><E132/><V66/><F134/><W101/><G119/><T30/><D30/><U33/><E33/><N who="2" m="20647" /><F66/><W32/><G101/><T96/><D96/><U14/><E114/><V95/><F90/><W102/><G32/><T2/><D2/><U98/><E98/><N who="2" m="57711" /><F52/><N who="0" m="20010" /><D120/><U53/><E70/><V82/><F82/><W31/><G75/><T7/><D7/><U105/><E105/><V42/><F42/><W72/><G72/><T16/><D22/><AGARI ba="1,0" hai="0,1,17,22,25" m="57711,20647,45675" machi="22" ten="30,2000,0" yaku="12,1,52,1" doraHai="12" who="2" fromWho="0" sc="308,-23,192,0,250,23,250,0" /><INIT seed="1,0,0,1,4,99" ten="285,192,273,250" oya="1" hai0="56,46,60,12,48,73,10,120,87,85,77,71,55" hai1="112,54,92,132,86,15,26,28,31,83,22,103,94" hai2="91,104,81,39,88,79,51,110,121,63,27,72,76" hai3="35,67,68,11,82,34,75,61,62,130,97,49,106"/><U58/><E112/><V127/><F39/><W45/><G130/><T93/><D120/><U78/><E132/><V124/><F79/><W95/><G62/><T70/><D73/><U42/><E42/><V119/><F121/><W126/><G126/><N who="2" m="48169" /><F119/><W52/><G106/><T7/><D87/><U98/><E15/><V3/><F3/><W116/><G116/><T129/><D129/><U4/><E4/><V128/><F128/><W117/><G117/><T24/><D24/><U111/><E111/><V125/><F125/><W5/><G82/><T14/><D14/><U25/><E25/><V29/><F110/><W17/><G17/><T38/><D38/><U33/><E33/><N who="2" m="20671" /><F104/><W0/><REACH who="3" step="1"/><G75/><REACH who="3" ten="285,192,273,240" step="2"/><T135/><D135/><U1/><E1/><V19/><F63/><W84/><G84/><T122/><D122/><U30/><REACH who="1" step="1"/><E92/><REACH who="1" ten="285,182,273,240" step="2"/><V96/><F72/><W53/><G53/><T64/><D93/><U18/><E18/><V89/><F19/><W101/><AGARI ba="0,2" hai="0,5,11,34,35,45,49,52,61,67,68,95,97,101" machi="101" ten="20,8000,1" yaku="1,1,0,1,7,1,52,1,54,1,53,0" doraHai="99" doraHaiUra="123" who="3" fromWho="3" sc="285,-20,182,-40,273,-20,240,100" /><INIT seed="2,0,0,2,4,48" ten="265,142,253,340" oya="2" hai0="60,83,128,113,126,132,135,47,81,108,109,64,67" hai1="6,40,57,119,52,124,56,3,46,84,71,116,1" hai2="12,131,85,72,21,42,91,43,39,117,76,125,89" hai3="22,100,20,11,65,105,30,68,4,94,33,70,120"/><V13/><F117/><W31/><G120/><T90/><D113/><U66/><E124/><V73/><F39/><W0/><G105/><T101/><D101/><U24/><E71/><V32/><F125/><W93/><G65/><N who="0" m="25163" /><D126/><U8/><E66/><V19/><F32/><W49/><G49/><T35/><D35/><U34/><E3/><V7/><F7/><W111/><G111/><N who="0" m="42571" /><D90/><U134/><E134/><N who="0" m="51241" /><D60/><U9/><E84/><V10/><F76/><W45/><G100/><T2/><D2/><U86/><E86/><V29/><F29/><W77/><G33/><T26/><D26/><U104/><E104/><V103/><F103/><W112/><G0/><T54/><D128/><U127/><E127/><V129/><F91/><W15/><G77/><T102/><D102/><U79/><E79/><V53/><F53/><W88/><G112/><T18/><D18/><U55/><E9/><V133/><F133/><W106/><G106/><T78/><D78/><U115/><E115/><V41/><F131/><W107/><G107/><T63/><D63/><U95/><E95/><V61/><F61/><W58/><G68/><T99/><D99/><U80/><E80/><N who="0" m="30793" /><D47/><U62/><E34/><V96/><F129/><W27/><G45/><T25/><D25/><U87/><E87/><V92/><F96/><W118/><G70/><T98/><D98/><U114/><E114/><V5/><AGARI ba="0,0" hai="5,10,12,13,19,21,41,42,43,72,73,85,89,92" machi="5" ten="30,1500,0" yaku="0,1" doraHai="48" who="2" fromWho="2" sc="265,-5,142,-5,253,15,340,-5" /><INIT seed="2,1,0,5,4,51" ten="260,137,268,335" oya="2" hai0="105,9,59,90,134,34,13,81,102,29,46,39,117" hai1="11,55,77,73,0,19,101,40,28,61,123,14,70" hai2="72,74,47,112,80,86,99,87,15,21,79,91,63" hai3="38,128,35,31,75,67,48,49,24,42,52,45,57"/><V33/><F112/><W37/><G75/><T17/><D117/><U53/><E123/><V27/><F33/><W107/><G128/><T115/><D115/><U25/><E0/><V5/><F99/><W36/><G67/><T126/><D102/><U30/><E40/><V103/><F103/><W83/><G83/><T121/><D121/><U118/><E118/><V1/><F1/><W113/><G113/><T50/><D105/><U10/><E10/><V129/><F129/><W92/><REACH who="3" step="1"/><G92/><REACH who="3" ten="260,137,268,325" step="2"/><T119/><D81/><U133/><E133/><V89/><F80/><W127/><G127/><T62/><D126/><U88/><E73/><V109/><F74/><W43/><G43/><T44/><D134/><U82/><E101/><V104/><F72/><W32/><G32/><T26/><D119/><U71/><E77/><V96/><F104/><AGARI ba="1,1" hai="24,31,35,36,37,38,42,45,48,49,52,57,104,107" machi="104" ten="40,5200,0" yaku="1,1,52,1,54,1,53,0" doraHai="51" doraHaiUra="60" who="3" fromWho="2" sc="260,0,137,0,268,-55,325,65" /><INIT seed="3,0,0,0,1,37" ten="260,137,213,390" oya="3" hai0="61,66,29,83,64,102,41,124,13,79,99,53,116" hai1="55,45,43,57,1,111,85,65,91,72,14,112,84" hai2="114,3,89,7,30,19,118,31,46,104,56,16,71" hai3="106,27,126,100,40,74,96,76,48,105,25,129,21"/><W90/><G129/><T88/><D124/><U28/><E1/><V51/><F104/><W94/><G126/><T35/><D116/><U117/><E112/><V97/><F71/><W121/><G121/><T87/><D29/><U108/><E117/><V62/><F118/><W58/><G58/><T130/><D35/><U63/><E72/><V115/><F19/><W95/><G95/><T9/><D130/><U54/><E28/><V77/><F77/><W107/><G25/><T36/><D36/><N who="1" m="21735" /><E14/><V103/><F7/><W93/><G93/><T60/><D41/><U81/><E85/><V75/><F3/><W10/><G10/><T38/><D38/><U123/><E123/><V70/><F75/><W0/><G0/><T49/><D79/><U125/><E125/><V78/><F70/><W82/><G48/><T22/><D22/><U133/><E133/><V52/><F78/><W17/><REACH who="3" step="1"/><G40/><REACH who="3" ten="260,137,213,380" step="2"/><T42/><D42/><U18/><E18/><V6/><F115/><W98/><AGARI ba="0,1" hai="17,21,27,74,76,82,90,94,96,98,100,105,106,107" machi="98" ten="20,7800,0" yaku="1,1,2,1,0,1,7,1,53,0" doraHai="37" doraHaiUra="119" who="3" fromWho="3" sc="260,-26,137,-26,213,-26,380,88" /><INIT seed="3,1,0,2,3,14" ten="234,111,187,468" oya="3" hai0="93,13,38,106,100,10,11,29,20,101,111,2,71" hai1="94,3,37,25,66,35,49,102,119,74,78,108,22" hai2="58,105,109,77,59,17,34,69,76,103,63,53,95" hai3="81,16,83,125,15,27,56,91,68,54,73,132,21"/><W12/><G68/><T88/><D38/><U112/><E112/><V127/><F69/><W61/><G132/><T92/><D71/><U128/><E108/><V131/><F109/><W82/><G73/><T67/><D67/><U87/><E37/><V118/><F105/><W72/><G72/><T86/><D111/><U75/><E35/><V64/><F118/><W84/><G125/><T113/><D113/><U90/><E119/><V46/><F127/><W30/><REACH who="3" step="1"/><G15/><REACH who="3" ten="234,111,187,458" step="2"/><T97/><D2/><U107/><E3/><V8/><F131/><W6/><G6/><T9/><D106/><U33/><E128/><V126/><F126/><W28/><G28/><T40/><D29/><U39/><E74/><V89/><F103/><W47/><G47/><T85/><D101/><U96/><E75/><V55/><F34/><AGARI ba="1,1" hai="12,16,21,27,30,34,54,56,61,81,82,83,84,91" machi="34" ten="30,12000,1" yaku="1,1,7,1,52,1,54,1,53,1" doraHai="14" doraHaiUra="48" who="3" fromWho="2" sc="234,0,111,0,187,-123,458,133" /><INIT seed="3,2,0,1,4,82" ten="234,111,64,591" oya="3" hai0="116,107,31,113,119,121,33,71,88,93,49,84,39" hai1="26,76,44,130,91,92,4,134,25,98,55,89,95" hai2="77,99,133,41,86,123,66,114,18,75,111,47,94" hai3="83,36,69,74,35,24,125,20,115,28,103,11,51"/><W109/><G36/><T30/><D71/><U9/><E130/><V2/><F75/><W58/><G69/><T50/><D39/><U70/><E134/><V106/><F2/><W100/><G115/><T120/><D107/><U23/><E70/><V78/><F106/><W124/><G109/><T16/><D33/><U126/><E126/><V117/><F66/><W27/><G11/><T46/><D113/><U59/><E76/><V40/><F117/><W80/><G74/><T0/><D0/><U52/><E44/><V64/><F114/><W65/><G65/><T48/><D121/><U10/><E4/><V79/><F64/><W73/><G73/><T87/><D120/><U42/><E42/><V102/><F123/><W34/><G20/><T90/><D46/><U19/><E26/><V43/><F111/><W32/><G58/><T54/><D54/><U57/><E57/><V22/><F133/><W6/><G51/><T15/><D116/><U17/><E17/><V108/><F108/><W127/><G6/><T68/><D68/><U63/><E55/><V85/><REACH who="2" step="1"/><F47/><REACH who="2" ten="234,111,54,591" step="2"/><W56/><G56/><T7/><D119/><U12/><E12/><AGARI ba="2,1" hai="12,18,22,40,41,43,77,78,79,85,86,94,99,102" machi="12" ten="40,8000,1" yaku="1,1,2,1,8,1,52,2,53,0" doraHai="82" doraHaiUra="131" who="2" fromWho="1" sc="234,0,111,-86,54,96,591,0" /><INIT seed="4,0,0,2,5,61" ten="234,25,150,591" oya="0" hai0="114,84,2,130,101,81,77,100,13,46,87,111,26" hai1="20,90,102,56,4,78,53,99,89,55,133,86,34" hai2="122,83,57,50,113,88,5,91,43,128,67,115,129" hai3="69,18,33,54,135,73,80,28,112,117,36,125,23"/><T65/><D2/><U42/><E34/><V106/><F5/><W75/><G54/><T72/><D65/><U109/><E109/><V58/><F106/><W93/><G18/><T19/><D46/><U21/><E133/><V10/><F10/><W132/><G93/><T41/><D13/><U131/><E131/><N who="2" m="50251" /><F122/><W116/><G23/><N who="1" m="8778" /><E42/><V103/><F103/><W9/><G9/><T51/><D19/><U96/><E4/><V45/><F83/><W1/><G28/><T95/><D51/><N who="1" m="30783" /><E55/><V31/><F31/><W15/><G80/><N who="0" m="47119" /><D41/><U71/><E71/><V92/><F92/><W30/><G15/><T76/><D26/><U62/><E62/><N who="2" m="38351" /><F58/><W16/><G30/><T25/><D130/><U0/><E0/><V105/><F105/><W110/><G16/><T134/><D134/><U98/><E102/><N who="0" m="39529" /><D25/><U49/><E49/><V120/><F120/><W68/><G1/><T44/><D111/><U74/><E74/><V12/><F12/><W24/><G110/><T35/><D35/><U38/><E38/><V97/><F97/><N who="1" m="24833" /><U11/><DORA hai="82" /><E11/><V94/><F94/><W7/><G24/><T6/><D6/><U60/><E60/><V52/><F43/><W27/><G7/><T118/><D44/><U17/><E17/><V108/><F108/><W14/><G27/><T37/><D37/><U29/><E29/><V70/><F70/><W8/><G14/><T63/><D63/><U79/><E90/><AGARI ba="0,0" hai="45,50,52,88,90,91,113,115" m="38351,50251" machi="90" ten="30,7700,0" yaku="19,1,52,1,54,2" doraHai="61,82" who="2" fromWho="1" sc="234,0,25,-77,150,77,591,0" owari="234,3.0,-52,-55.0,227,-17.0,591,69.0" /></mjloggm>