<mjloggm ver="2.3"><GO type="41" lobby="0"/><UN n0="%73%66%68%6E%36%30" n1="%63%72%65" n2="%E5%B0%B1%E6%B4%BB%E7%94%9F%40%E5%B7%9D%E6%9D%91%E8%BB%8D%E5%9B%A3" n3="%E5%90%8D%E7%84%A1%E3%81%97%EF%BC%A0%E5%B7%9D%E6%9D%91%E8%BB%8D%E5%9B%A3" dan="13,15,15,13" rate="1819.18,1947.58,2002.06,1842.77" sx="M,M,M,M"/><TAIKYOKU oya="0"/><INIT seed="0,0,0,4,5,113" ten="250,250,250,250" oya="0" hai0="100,43,38,130,36,62,7,34,108,65,32,115,54" hai1="10,123,117,57,75,116,70,121,120,69,128,52,60" hai2="12,59,26,51,122,23,25,58,35,55,97,112,66" hai3="129,109,39,125,29,13,119,107,63,19,76,30,31"/><T99/><D115/><U67/><E75/><V72/><F112/><W95/><G39/><T90/><D130/><U80/><E80/><V22/><F72/><W103/><G129/><T2/><D90/><U20/><E128/><V24/><F35/><N who="0" m="13354" /><D54/><U4/><E20/><V68/><F68/><W96/><G109/><T1/><D108/><U40/><E40/><V135/><F122/><W86/><G125/><T87/><D87/><U46/><E46/><V53/><F66/><W92/><G63/><T79/><D79/><U9/><E10/><V114/><F114/><W21/><REACH who="3" step="1"/><G119/><REACH who="3" ten="250,250,250,240" step="2"/><T93/><D43/><U6/><E70/><V134/><F97/><W127/><G127/><T0/><D93/><U28/><E69/><V41/><F41/><W16/><G16/><T64/><D64/><U33/><E67/><V104/><F104/><W81/><AGARI ba="0,1" hai="13,19,21,29,30,31,76,81,86,92,95,96,103,107" machi="81" ten="30,4000,0" yaku="1,1,0,1,53,1" doraHai="113" doraHaiUra="94" who="3" fromWho="3" sc="250,-20,250,-10,250,-10,240,50" /><INIT seed="1,0,0,1,2,8" ten="230,240,240,290" oya="1" hai0="87,91,25,61,56,71,48,57,98,101,131,106,112" hai1="20,83,38,122,47,78,18,42,120,49,35,89,5" hai2="70,92,135,115,133,80,119,68,96,37,99,45,36" hai3="110,75,104,76,74,107,113,108,28,32,1,23,44"/><U59/><E35/><V79/><F119/><W54/><G113/><T100/><D112/><U125/><E125/><V33/><F115/><W85/><G1/><T58/><D131/><U77/><E5/><V86/><F33/><W65/><G65/><T30/><D101/><U73/><E78/><V129/><F129/><W2/><G2/><T17/><D17/><U124/><E124/><V123/><F123/><W114/><G114/><T63/><D48/><U6/><E6/><V128/><F99/><W43/><G32/><N who="0" m="20559" /><D91/><U134/><E134/><N who="2" m="51211" /><F128/><W94/><G54/><N who="0" m="33943" /><D87/><U27/><E89/><N who="2" m="55311" /><F45/><W14/><G104/><T90/><D90/><U51/><REACH who="1" step="1"/><E59/><REACH who="1" ten="230,230,240,290" step="2"/><V10/><F70/><W29/><G76/><T13/><D13/><U34/><E34/><V26/><F68/><W3/><G3/><T118/><D118/><U72/><E72/><V103/><F26/><W117/><G74/><T81/><D81/><U39/><E39/><V84/><F37/><W19/><G75/><T66/><AGARI ba="0,1" hai="57,58,63,66,71,98,100,106" m="33943,20559" machi="66" ten="30,1100,0" yaku="25,1" doraHai="8" who="0" fromWho="0" sc="230,21,230,-5,240,-3,290,-3" /><INIT seed="2,0,0,1,4,34" ten="251,225,237,287" oya="2" hai0="52,22,108,55,50,88,17,53,16,36,126,10,41" hai1="80,18,93,9,46,13,110,47,26,72,63,32,67" hai2="21,112,104,35,57,77,122,62,38,134,70,92,79" hai3="48,43,97,120,27,58,37,114,107,129,19,5,29"/><V11/><F122/><W98/><G120/><T89/><D126/><U23/><E110/><V113/><F104/><W83/><G37/><T106/><D106/><U94/><E32/><V39/><F35/><W20/><G129/><T132/><D108/><U127/><E127/><V135/><F70/><W68/><G68/><T131/><D131/><U124/><E124/><V7/><F21/><W40/><G114/><N who="2" m="44137" /><F92/><W65/><G83/><T49/><D132/><N who="2" m="50730" /><F39/><W117/><G117/><T14/><D41/><U64/><E67/><N who="2" m="39375" /><F38/><W69/><G69/><T90/><D36/><U73/><E72/><V2/><AGARI ba="0,0" hai="2,7,11,77,79" m="39375,50730,44137" machi="2" ten="30,3000,0" yaku="20,1,52,1" doraHai="34" who="2" fromWho="2" sc="251,-10,225,-10,237,30,287,-10" /><INIT seed="2,1,0,3,1,23" ten="241,215,267,277" oya="2" hai0="74,69,56,92,66,31,55,20,1,37,27,34,73" hai1="42,13,80,95,50,81,32,41,79,86,57,90,85" hai2="134,63,43,47,108,3,48,101,38,36,119,60,45" hai3="93,76,133,54,44,98,68,107,75,82,77,64,70"/><V7/><F119/><W121/><G121/><T100/><D37/><U18/><E32/><V104/><F104/><W89/><G133/><T120/><D1/><U124/><E124/><V26/><F101/><W62/><G77/><T87/><D120/><U6/><E6/><V15/><F3/><W35/><G35/><T113/><D113/><U125/><E125/><V49/><F134/><W129/><G129/><T88/><D34/><U72/><E72/><V102/><F102/><W123/><G123/><T127/><D127/><U84/><E57/><V131/><F131/><W97/><G97/><T132/><D132/><U67/><E67/><V0/><F0/><W122/><G122/><T116/><D116/><U61/><E61/><V5/><F15/><W59/><G107/><T58/><D69/><U12/><E13/><V103/><F103/><W2/><G2/><T39/><D39/><U128/><E128/><V46/><F46/><W99/><G99/><T53/><D100/><U16/><E18/><V51/><F51/><W8/><G8/><T33/><D33/><U115/><E115/><V71/><F71/><W14/><G14/><T21/><D21/><U112/><E112/><V83/><F83/><W130/><G130/><T28/><D28/><U30/><E30/><V65/><F108/><W106/><G106/><T110/><D110/><U25/><E50/><V91/><F91/><W11/><G11/><T29/><D29/><U24/><E79/><V9/><F9/><W78/><G78/><T109/><D109/><U10/><E81/><V118/><F118/><W22/><G22/><RYUUKYOKU ba="1,0" sc="241,-10,215,-10,267,-10,277,30" hai3="44,54,59,62,64,68,70,75,76,82,89,93,98" /><INIT seed="3,2,0,4,4,132" ten="231,205,257,307" oya="3" hai0="131,72,39,130,37,49,125,33,89,135,115,44,73" hai1="50,34,120,62,133,124,14,128,38,123,5,85,10" hai2="103,3,57,63,12,127,28,18,92,24,32,74,47" hai3="96,87,121,107,48,8,93,1,31,71,75,19,43"/><W27/><G71/><T129/><D33/><U106/><E38/><N who="0" m="14345" /><D115/><U30/><E106/><V100/><F74/><W76/><G121/><T64/><D64/><U116/><E133/><V77/><F3/><W88/><G1/><T4/><D135/><U101/><E124/><V98/><F77/><W55/><G43/><N who="0" m="24735" /><D4/><U45/><E128/><V81/><F127/><W36/><G36/><T134/><D134/><U105/><E116/><V53/><F81/><W70/><G70/><T113/><D113/><U122/><E62/><V110/><F47/><W111/><G111/><T114/><D114/><U66/><E66/><V60/><F110/><W65/><G65/><T26/><D26/><U9/><E85/><V112/><F112/><W0/><G0/><T35/><D35/><U118/><E118/><V69/><F69/><W78/><G75/><N who="0" m="28747" /><D89/><U21/><E34/><V41/><F41/><W119/><G119/><T104/><D104/><U108/><E108/><V80/><F80/><W56/><G107/><T102/><D102/><U51/><E50/><V86/><F86/><W22/><REACH who="3" step="1"/><G87/><REACH who="3" ten="231,205,257,297" step="2"/><T84/><D84/><U58/><E105/><V52/><F98/><W90/><G90/><T2/><D2/><U95/><E101/><V117/><F103/><W82/><G82/><T15/><D15/><AGARI ba="2,1" hai="8,15,19,22,27,31,48,55,56,76,78,88,93,96" machi="15" ten="40,12000,1" yaku="1,1,8,1,54,1,53,1" doraHai="132" doraHaiUra="94" who="3" fromWho="0" sc="231,-126,205,0,257,0,297,136" /><INIT seed="3,3,0,3,2,61" ten="105,205,257,433" oya="3" hai0="131,92,32,80,39,128,3,69,97,86,4,26,1" hai1="31,108,79,87,72,110,102,57,35,67,120,73,91" hai2="124,49,30,21,112,62,111,7,24,83,98,50,78" hai3="28,65,68,64,27,88,43,15,51,127,14,13,10"/><W118/><G68/><T121/><D39/><U46/><E120/><V41/><F112/><W75/><G75/><T133/><D69/><U40/><E102/><V130/><F130/><N who="0" m="49706" /><D121/><U66/><E35/><V33/><F111/><N who="1" m="42537" /><E31/><V70/><F124/><W89/><G127/><T23/><D32/><U48/><E57/><V109/><F7/><W12/><G118/><T103/><D4/><U93/><E79/><V107/><F21/><N who="3" m="15471" /><G10/><T16/><D133/><U58/><E58/><V20/><F20/><W55/><N who="3" m="3584" /><DORA hai="6" /><W117/><G43/><T132/><D132/><U96/><E96/><V114/><F41/><W54/><G117/><T36/><D36/><U99/><E99/><V45/><F45/><N who="3" m="28015" /><G55/><T94/><D94/><U126/><E126/><V9/><F114/><W95/><G95/><T122/><D122/><U63/><E63/><V119/><F62/><W19/><G19/><T116/><D116/><U76/><E76/><AGARI ba="3,0" hai="1,3,16,23,26,76,80,86,92,97,103" m="49706" machi="76" ten="30,2000,0" yaku="19,1,54,1" doraHai="61,6" who="0" fromWho="1" sc="105,29,205,-29,257,0,433,0" /><INIT seed="4,0,0,4,0,93" ten="134,176,257,433" oya="0" hai0="5,133,89,128,41,4,75,84,25,63,0,91,30" hai1="109,51,32,120,42,44,16,79,8,94,106,69,12" hai2="115,33,61,48,116,53,68,110,50,76,131,92,36" hai3="81,77,96,87,19,52,22,99,11,123,107,45,18"/><T29/><D75/><U13/><E120/><V111/><F33/><W23/><G107/><T24/><D0/><U122/><E109/><V55/><F76/><W27/><G11/><T67/><D133/><U7/><E122/><V28/><F28/><N who="0" m="10858" /><D41/><U3/><E106/><V114/><F92/><W57/><G45/><T126/><D128/><U26/><E69/><V85/><F36/><W125/><G125/><T6/><D126/><U2/><E32/><V70/><F85/><W124/><G123/><T31/><N who="0" m="10866" /><T60/><DORA hai="64" /><D67/><U121/><E121/><V38/><F38/><W88/><G77/><T47/><D47/><U35/><E35/><V102/><F102/><W80/><G80/><T1/><D1/><U118/><E118/><V15/><F15/><N who="3" m="9567" /><G124/><T86/><D86/><U10/><E26/><N who="0" m="10345" /><D84/><U66/><E66/><V103/><F103/><W83/><G83/><T59/><D59/><U135/><E135/><V105/><F105/><W112/><G112/><T9/><D9/><U34/><E34/><V74/><F74/><W100/><G100/><T132/><D132/><U39/><E39/><V95/><F116/><W40/><G40/><T134/><D134/><U108/><E108/><V71/><F131/><W54/><G54/><T117/><D117/><U58/><E58/><V49/><F61/><AGARI ba="0,0" hai="19,23,27,52,57,61,81,87,88,96,99" m="9567" machi="61" ten="30,8000,1" yaku="8,1,52,2,54,2" doraHai="93,64" who="3" fromWho="2" sc="134,0,176,0,257,-80,433,80" /><AGARI ba="0,0" hai="4,5,6,60,61,63,89,91" m="10345,10866" machi="61" ten="40,7700,0" yaku="28,2,8,1" doraHai="93,64" who="0" fromWho="2" sc="134,77,176,0,177,-77,513,0" /><INIT seed="4,1,0,3,5,22" ten="211,176,100,513" oya="0" hai0="70,30,48,114,28,42,32,4,55,52,62,76,131" hai1="74,118,94,126,43,128,44,34,109,110,97,100,20" hai2="8,37,88,7,81,107,56,133,12,61,96,105,103" hai3="58,129,29,79,51,111,99,13,98,130,85,127,69"/><T10/><D131/><N who="3" m="50185" /><G69/><T66/><D114/><U31/><E128/><V106/><F37/><W104/><G111/><T14/><D76/><U36/><E118/><V1/><F133/><W26/><G127/><T68/><D68/><U27/><E126/><V17/><F81/><N who="3" m="47295" /><G104/><T112/><D112/><U47/><E74/><V19/><F88/><W41/><G13/><T72/><D72/><U57/><E47/><V89/><F89/><W16/><G29/><T65/><D65/><U15/><E15/><V91/><F91/><W23/><G41/><T21/><D32/><U108/><E57/><V120/><F120/><W24/><G24/><T116/><D116/><U132/><REACH who="1" step="1"/><E34/><REACH who="1" ten="211,166,100,513" step="2"/><V119/><F119/><W60/><G51/><T11/><D11/><U123/><E123/><V135/><F135/><AGARI ba="1,1" hai="20,27,31,36,43,44,94,97,100,108,109,110,132,135" machi="135" ten="50,3200,0" yaku="1,1,52,1,53,0" doraHai="22" doraHaiUra="86" who="1" fromWho="2" sc="211,0,166,45,100,-35,513,0" /><INIT seed="5,0,0,4,1,88" ten="211,211,65,513" oya="1" hai0="120,79,20,69,73,129,0,78,133,85,1,2,43" hai1="112,99,131,63,28,90,110,41,27,118,64,115,46" hai2="38,29,54,47,98,58,30,117,107,35,80,56,83" hai3="60,82,123,121,17,105,77,33,91,72,19,70,31"/><U67/><E118/><V97/><F117/><W45/><G105/><T92/><D69/><U44/><E131/><V119/><F119/><W22/><G17/><T104/><D104/><U5/><E110/><V40/><F56/><W109/><G109/><T52/><D43/><U9/><E99/><V37/><F37/><W100/><G100/><T96/><D129/><U36/><E90/><V10/><F10/><W6/><G6/><T116/><D116/><U84/><E46/><V48/><F35/><W34/><G45/><T71/><D71/><U50/><E84/><V134/><F134/><W21/><G21/><T25/><D133/><U51/><E64/><V8/><F8/><W93/><G31/><T95/><D73/><U24/><E27/><V14/><F14/><W65/><G121/><T57/><D120/><U127/><E127/><V113/><F113/><W75/><G75/><T114/><D114/><N who="1" m="43563" /><E63/><V87/><F80/><W126/><G123/><T4/><D4/><U130/><E67/><V94/><F107/><W15/><REACH who="3" step="1"/><G126/><REACH who="3" ten="211,211,65,503" step="2"/><T3/><N who="0" m="512" /><DORA hai="108" /><T89/><D20/><N who="1" m="15367" /><E130/><V39/><F39/><W124/><G124/><T76/><D25/><U74/><E74/><V11/><F11/><W135/><G135/><T102/><REACH who="0" step="1"/><D78/><REACH who="0" ten="201,211,65,503" step="2"/><U23/><E5/><V111/><F111/><W26/><G26/><T66/><D66/><U13/><E9/><V61/><F38/><W122/><G122/><T55/><D55/><U103/><E103/><N who="2" m="60855" /><F30/><W86/><AGARI ba="0,2" hai="15,19,22,33,34,60,65,70,72,77,82,86,91,93" machi="86" ten="20,5200,0" yaku="1,1,0,1,7,1,52,1,53,0" doraHai="88,108" doraHaiUra="32,49" who="3" fromWho="3" sc="201,-13,211,-26,65,-13,503,72" /><INIT seed="6,0,0,5,2,51" ten="188,185,52,575" oya="2" hai0="61,132,66,121,30,14,56,2,109,73,15,45,77" hai1="70,72,58,119,89,63,134,62,117,0,84,31,46" hai2="113,41,101,44,49,110,52,88,79,23,64,111,55" hai3="1,120,28,96,97,67,21,95,78,48,115,32,123"/><V37/><F113/><W125/><G1/><T69/><D121/><U85/><E72/><V59/><F101/><W5/><G5/><T27/><D2/><U29/><E0/><V86/><F79/><W94/><G125/><T68/><D109/><N who="2" m="41482" /><F23/><W90/><G32/><T20/><D132/><U19/><E134/><V130/><F130/><W3/><G3/><T81/><D45/><U47/><E119/><V43/><F64/><W18/><G28/><T128/><D128/><U105/><E117/><V127/><F127/><W33/><G33/><T122/><D122/><U102/><E105/><V40/><F55/><W50/><G67/><T116/><REACH who="0" step="1"/><D116/><REACH who="0" ten="178,185,52,575" step="2"/><U129/><E129/><V36/><F36/><W17/><G120/><T65/><D65/><U7/><E47/><V13/><F13/><AGARI ba="0,1" hai="13,14,15,20,27,30,56,61,66,68,69,73,77,81" machi="13" ten="40,1300,0" yaku="1,1,53,0" doraHai="51" doraHaiUra="87" who="0" fromWho="2" sc="178,23,185,0,52,-13,575,0" /><INIT seed="7,0,0,0,4,44" ten="201,185,39,575" oya="3" hai0="9,5,85,124,65,81,75,121,18,10,82,99,0" hai1="114,49,61,62,93,7,48,95,74,67,126,94,80" hai2="76,31,125,32,87,117,50,68,130,26,56,100,98" hai3="40,91,131,107,60,54,46,35,29,116,1,133,128"/><W25/><G116/><T19/><D121/><U113/><E126/><V73/><F117/><W135/><G107/><T22/><D124/><U112/><E7/><V37/><F125/><W101/><G101/><T90/><D65/><U109/><E109/><V57/><F130/><N who="3" m="49707" /><G1/><T12/><D99/><U84/><E74/><V103/><F103/><W15/><G15/><T66/><D66/><U21/><E21/><V55/><F37/><N who="3" m="21775" /><G91/><T39/><D39/><U30/><E30/><V79/><F73/><W51/><G60/><N who="1" m="23146" /><E67/><V28/><F28/><W96/><G96/><T16/><REACH who="0" step="1"/><D22/><REACH who="0" ten="191,185,39,575" step="2"/><U33/><E33/><V88/><F68/><W127/><G127/><T27/><D27/><U118/><E118/><V63/><F98/><W115/><G115/><T102/><D102/><U106/><E106/><V14/><F100/><W4/><G4/><T2/><D2/><U83/><E83/><V42/><F14/><W13/><G13/><T52/><D52/><U59/><E59/><AGARI ba="0,1" hai="25,29,35,51,54,59,133,135" m="21775,49707" machi="59" ten="30,2900,0" yaku="19,1,52,1" doraHai="44" who="3" fromWho="1" sc="191,0,185,-29,39,0,575,39" owari="191,-1.0,156,-24.0,39,-46.0,614,71.0" /></mjloggm>