<mjloggm ver="2.3"><GO type="41" lobby="0"/><UN n0="%7A%67%6F%6B" n1="%E3%81%86%E3%82%8F%E3%81%A3%E3%80%81%E3%82%A8%E3%83%AD%E3%83%83" n2="%6D%79" n3="%E3%82%A6%E3%83%AB%E3%83%88%E3%83%A9%E7%AB%8B%E7%9B%B4" dan="13,13,13,15" rate="1866.83,1888.02,1831.64,2016.10" sx="M,M,M,M"/><TAIKYOKU oya="0"/><INIT seed="0,0,0,4,5,0" ten="250,250,250,250" oya="0" hai0="70,1,67,135,115,56,117,93,71,130,20,2,62" hai1="74,3,95,111,81,36,6,86,69,42,107,24,46" hai2="133,45,9,101,8,23,97,41,29,15,60,33,123" hai3="114,16,53,19,18,58,25,109,66,44,50,32,91"/><T102/><D115/><U68/><E111/><V82/><F123/><W4/><G109/><T104/><D117/><U83/><E81/><V79/><F33/><W12/><G114/><T30/><D104/><U54/><E107/><V22/><F133/><W134/><G134/><T113/><D135/><U34/><E95/><V125/><F60/><N who="3" m="38167" /><G32/><T84/><D130/><U105/><E105/><V88/><F9/><N who="3" m="4135" /><G91/><T119/><D113/><U52/><E69/><V73/><F29/><W76/><G76/><T27/><D119/><U28/><E68/><V5/><F125/><W47/><G47/><T126/><D84/><U98/><E86/><V40/><F40/><W21/><AGARI ba="0,0" hai="16,18,19,21,25,44,50,53" m="4135,38167" machi="21" ten="30,4000,0" yaku="8,1,52,1,54,1" doraHai="0" who="3" fromWho="3" sc="250,-20,250,-10,250,-10,250,40" /><INIT seed="1,0,0,4,3,35" ten="230,240,240,290" oya="1" hai0="31,60,6,130,92,41,131,53,12,17,123,97,59" hai1="70,49,95,22,111,33,75,50,62,135,102,43,88" hai2="20,5,129,4,44,85,15,77,105,65,24,127,110" hai3="7,101,68,1,27,19,34,100,80,0,45,9,79"/><U51/><E75/><V32/><F32/><W36/><G100/><T107/><D123/><U3/><E33/><V112/><F105/><W16/><G101/><N who="0" m="60583" /><D107/><U42/><E102/><V54/><F65/><W104/><G104/><T47/><D31/><U52/><E70/><V29/><F110/><W63/><G63/><T55/><D53/><U119/><E119/><V2/><F129/><N who="0" m="49162" /><D6/><U81/><E111/><V71/><F5/><W23/><G68/><T13/><D17/><U25/><E42/><V118/><F4/><W99/><G99/><T48/><AGARI ba="0,0" hai="12,13,41,47,48,55,59,60" m="49162,60583" machi="48" ten="30,1100,0" yaku="19,1" doraHai="35" who="0" fromWho="0" sc="230,11,240,-5,240,-3,290,-3" /><INIT seed="2,0,0,4,3,47" ten="241,235,237,287" oya="2" hai0="94,27,22,93,44,60,132,112,6,53,120,0,82" hai1="85,71,54,77,86,28,62,121,2,21,114,131,111" hai2="51,57,68,37,108,13,65,100,76,48,19,35,12" hai3="84,101,45,127,29,15,4,16,103,38,79,49,7"/><V70/><F37/><W52/><G38/><T59/><D120/><U75/><E2/><V20/><F35/><W69/><G29/><T24/><D112/><U5/><E114/><V10/><F76/><W122/><G69/><T1/><D132/><U106/><E106/><V80/><F108/><W125/><G122/><T115/><D115/><U64/><E5/><N who="3" m="2122" /><G125/><T83/><D0/><U92/><E121/><V95/><F80/><N who="0" m="30762" /><D1/><U72/><E77/><V31/><F31/><W126/><G79/><T42/><D6/><U104/><E104/><V134/><F134/><W118/><G118/><T119/><D119/><U129/><E111/><V14/><F70/><W23/><G126/><T113/><D113/><U9/><E9/><V87/><F68/><W81/><G127/><T109/><D109/><U128/><E54/><V116/><F116/><W26/><G26/><N who="0" m="9771" /><D22/><U34/><E34/><V63/><F10/><W123/><G123/><T25/><D25/><N who="1" m="16431" /><E92/><V33/><F33/><W32/><G32/><T73/><D73/><AGARI ba="0,0" hai="62,64,71,72,73,75,85,86,128,129,131" m="16431" machi="73" ten="40,1300,0" yaku="19,1" doraHai="47" who="1" fromWho="0" sc="241,-13,235,13,237,0,287,0" /><INIT seed="3,0,0,4,2,134" ten="228,248,237,287" oya="3" hai0="57,54,45,49,28,0,109,50,74,17,25,119,113" hai1="85,130,127,124,64,131,19,116,20,111,10,122,83" hai2="102,99,103,46,43,118,35,112,73,47,125,135,66" hai3="48,59,88,101,81,18,128,117,34,80,114,97,55"/><W53/><G34/><T78/><D119/><U100/><E122/><V76/><F118/><W36/><G36/><T95/><D109/><U26/><E116/><V62/><F112/><W37/><G37/><T107/><D113/><U38/><E111/><V68/><F135/><W13/><G128/><N who="1" m="49194" /><E38/><V63/><F63/><W23/><G114/><T123/><D123/><U94/><E64/><V120/><F120/><W72/><G72/><T58/><D107/><U93/><E10/><V12/><F35/><W91/><G117/><T71/><D71/><U56/><E56/><V5/><F99/><W87/><G55/><T24/><D0/><U9/><E9/><V11/><F47/><W115/><G115/><T69/><D69/><U98/><E93/><V108/><F108/><W96/><G101/><T92/><D74/><U1/><E1/><V3/><F12/><W70/><G70/><T84/><D17/><U7/><E7/><V89/><F73/><W90/><G81/><N who="0" m="47159" /><D28/><U44/><E44/><V29/><F46/><W60/><G60/><T4/><D4/><U67/><E67/><V65/><F65/><W77/><AGARI ba="0,0" hai="13,18,23,48,53,59,77,80,87,88,90,91,96,97" machi="77" ten="30,6000,0" yaku="0,1,8,1,54,1" doraHai="134" who="3" fromWho="3" sc="228,-20,248,-20,237,-20,287,60" /><INIT seed="3,1,0,4,4,48" ten="208,228,217,347" oya="3" hai0="67,80,89,92,123,34,29,0,14,62,55,90,10" hai1="69,3,86,42,22,36,52,33,115,25,41,6,24" hai2="133,9,35,63,85,71,124,121,56,21,72,128,82" hai3="88,96,122,101,11,18,66,131,91,49,7,59,16"/><W40/><G122/><T79/><D123/><U28/><E69/><V2/><F35/><W37/><G37/><T4/><D0/><U119/><E115/><V84/><F72/><W30/><G30/><T26/><D92/><U105/><E105/><V99/><F71/><W57/><G131/><T78/><D55/><U117/><E36/><V45/><F124/><W13/><G40/><T95/><D90/><U17/><E86/><V54/><F121/><W102/><G66/><T135/><D135/><U81/><E81/><V38/><F133/><W118/><G118/><N who="1" m="45066" /><E6/><V113/><F113/><W47/><G47/><T46/><D46/><U110/><E110/><V104/><F128/><W125/><G125/><T60/><D79/><U51/><E3/><V94/><F104/><W23/><G7/><T93/><D95/><U70/><E70/><V107/><F107/><W108/><G108/><T65/><D67/><U43/><E43/><V103/><F21/><W127/><G127/><T61/><D65/><U130/><E130/><V50/><F38/><W114/><G114/><T8/><D10/><U111/><E111/><V98/><F82/><W83/><G83/><T1/><D80/><U19/><E17/><V120/><F120/><W116/><G116/><T5/><D4/><U129/><E129/><V109/><F109/><W74/><G74/><T20/><D78/><U126/><E126/><V75/><F75/><W112/><G112/><T76/><D76/><U68/><E68/><V106/><F2/><W134/><G134/><T64/><D64/><U39/><E39/><V77/><F77/><RYUUKYOKU ba="1,0" sc="208,-10,228,30,217,-10,347,-10" hai1="19,22,24,25,28,33,41,42,51,52" /><INIT seed="4,2,0,0,2,82" ten="198,258,207,337" oya="0" hai0="10,80,94,54,134,66,19,133,4,32,95,37,57" hai1="135,17,92,129,65,132,29,73,71,16,124,84,120" hai2="96,41,72,90,56,28,112,34,9,5,33,39,38" hai3="117,49,18,114,105,59,110,91,113,108,64,85,6"/><T131/><D131/><U21/><E73/><V107/><F72/><W79/><G105/><T27/><D37/><U51/><E120/><V1/><F112/><N who="3" m="43115" /><G79/><T50/><D66/><U48/><E129/><V55/><F28/><W88/><G91/><T99/><D80/><U76/><E65/><V75/><F75/><W14/><G6/><T83/><D83/><N who="1" m="47207" /><E92/><V81/><F107/><W93/><G117/><T60/><D60/><U119/><E71/><V3/><F3/><W126/><G126/><T106/><D106/><U111/><E111/><V45/><F39/><W115/><G115/><T43/><D43/><U36/><E36/><V74/><F96/><W44/><G59/><T40/><D40/><U77/><E77/><V20/><F20/><N who="3" m="11351" /><G64/><T67/><D67/><U12/><E124/><V58/><F58/><W123/><G123/><T118/><D118/><U35/><E119/><V31/><F74/><W46/><G46/><T2/><D99/><U98/><E98/><V15/><F1/><W0/><G0/><T89/><D89/><U63/><E12/><V25/><F34/><W127/><G127/><T109/><D109/><U11/><E35/><V13/><F13/><W47/><G47/><T7/><D4/><U87/><E11/><V53/><F56/><W100/><G100/><T24/><D32/><U22/><E22/><V122/><F122/><W78/><G78/><T30/><D30/><U69/><E21/><V116/><F116/><W61/><G61/><T125/><D125/><U70/><E29/><V62/><F62/><W130/><G130/><T8/><D7/><RYUUKYOKU ba="2,0" sc="198,-15,258,-15,207,15,337,15" hai2="5,9,15,25,31,33,38,41,45,53,55,81,90" hai3="44,49,85,88,93,108,110" /><INIT seed="5,3,0,5,3,73" ten="183,243,222,352" oya="1" hai0="72,79,104,93,75,23,112,52,110,65,67,53,128" hai1="80,15,27,130,17,85,102,62,120,34,96,135,54" hai2="29,39,114,9,19,59,1,42,36,81,69,56,119" hai3="51,16,99,37,45,113,87,107,77,63,2,60,26"/><U32/><E120/><V64/><F119/><W74/><G2/><T5/><D110/><U94/><E135/><V100/><F69/><W47/><G74/><T133/><D104/><U134/><E134/><V127/><F100/><W95/><G107/><T7/><D133/><U18/><E130/><V21/><F29/><W82/><G37/><T57/><D128/><U50/><E62/><V97/><F97/><W111/><G113/><T105/><D105/><U84/><E84/><V6/><F114/><W43/><G47/><T48/><D112/><U8/><E27/><V122/><F122/><W83/><G83/><T61/><D23/><U108/><E18/><V121/><F121/><W30/><G111/><T66/><D93/><U55/><E108/><V118/><F118/><W91/><G16/><T125/><D125/><U20/><E20/><AGARI ba="3,0" hai="20,26,30,43,45,51,60,63,77,82,87,91,95,99" machi="20" ten="30,3900,0" yaku="7,1,8,1,52,1" doraHai="73" who="3" fromWho="1" sc="183,0,243,-48,222,0,352,48" /><INIT seed="6,0,0,4,0,37" ten="183,195,222,400" oya="2" hai0="104,101,49,14,65,111,38,28,17,109,53,61,55" hai1="110,102,20,29,96,67,123,80,78,30,16,26,13" hai2="3,62,52,115,84,79,124,15,100,85,46,44,90" hai3="114,94,6,66,117,121,36,134,0,32,119,87,107"/><V22/><F3/><W86/><G6/><T51/><D38/><U9/><E110/><V125/><F115/><W108/><G66/><T23/><D28/><U133/><E133/><V106/><F79/><W47/><G47/><T74/><D74/><U27/><E123/><V31/><F100/><W72/><G94/><T75/><D75/><U35/><E67/><V83/><F106/><W105/><G87/><T76/><D76/><U99/><REACH who="1" step="1"/><E102/><REACH who="1" ten="183,185,222,400" step="2"/><V54/><F125/><W120/><G120/><T82/><D109/><U41/><E41/><V34/><F124/><W98/><G117/><T64/><D111/><U45/><E45/><V5/><F46/><W50/><G119/><T69/><D65/><U43/><E43/><V126/><F44/><W71/><G108/><T19/><D101/><U21/><E21/><V97/><F22/><W70/><G121/><T40/><D40/><U135/><E135/><V113/><F126/><W12/><G134/><T48/><D23/><U24/><E24/><V7/><F113/><W118/><G114/><T88/><D64/><U103/><E103/><V130/><F34/><W129/><G32/><T89/><D104/><U116/><E116/><V1/><F130/><W122/><G129/><T25/><D69/><U58/><E58/><V91/><F90/><N who="0" m="34922" /><D25/><U59/><E59/><V33/><F33/><W42/><G118/><T4/><D82/><U11/><E11/><V8/><F83/><W39/><G122/><T10/><D61/><U56/><E56/><V68/><F62/><W60/><G107/><T63/><D63/><U132/><E132/><RYUUKYOKU ba="0,1" sc="183,15,185,15,222,-15,400,-15" hai0="4,10,14,17,19,48,49,51,53,55" hai1="9,13,16,20,26,27,29,30,35,78,80,96,99" /><INIT seed="7,1,1,1,1,117" ten="198,200,207,385" oya="3" hai0="73,100,135,20,75,89,79,115,40,65,30,76,70" hai1="93,124,11,126,22,132,130,87,86,55,92,54,128" hai2="38,90,104,32,0,127,47,51,10,105,17,44,15" hai3="24,110,28,45,67,91,5,33,113,42,114,3,71"/><W57/><G71/><T99/><D135/><U7/><E132/><V95/><F32/><W60/><G110/><T74/><D40/><U1/><E22/><V103/><F38/><W31/><G31/><T25/><D89/><N who="1" m="53303" /><E93/><V37/><F37/><W29/><G29/><T23/><D115/><N who="3" m="44041" /><G91/><T48/><D48/><U120/><E87/><V131/><F0/><W9/><G45/><T64/><D64/><U122/><E55/><V119/><F47/><W102/><G102/><T21/><D76/><U84/><E84/><V18/><F119/><W116/><G116/><T43/><D43/><AGARI ba="1,1" hai="3,5,9,24,28,33,42,43,57,60,67" m="44041" machi="43" ten="30,1500,0" yaku="15,1" doraHai="117" who="3" fromWho="0" sc="198,-18,200,0,207,0,385,28" owari="180,-32.0,200,-20.0,207,1.0,413,51.0" /></mjloggm>