<mjloggm ver="2.3"><GO type="97" lobby="0"/><UN n0="%E9%98%BF%E4%BF%AE%E7%BE%85%E4%BD%B3%E5%A5%88" n1="%E3%82%86%E3%81%86%E3%81%BE%E2%99%AA" n2="%E5%B0%B1%E6%B4%BB%E7%94%9F%40%E5%B7%9D%E6%9D%91%E8%BB%8D%E5%9B%A3" n3="%E3%83%AB%E3%83%9E%E2%98%86%E3%83%B3%E3%83%89" dan="13,14,13,14" rate="1856.65,1878.58,1871.05,1918.34" sx="F,M,M,M"/><TAIKYOKU oya="0"/><INIT seed="0,0,0,0,4,42" ten="250,250,250,250" oya="0" hai0="48,23,120,119,56,109,82,46,70,26,64,59,40" hai1="37,93,118,85,67,106,124,112,60,126,100,25,53" hai2="50,57,84,6,43,13,8,3,97,39,68,69,99" hai3="45,108,51,129,65,21,63,135,79,101,80,125,103"/><T113/><D113/><U111/><E118/><V87/><F39/><W22/><G108/><T18/><D119/><U0/><E106/><V122/><F122/><W33/><G129/><T16/><D120/><U7/><E111/><V107/><F3/><W5/><G125/><T27/><D109/><U61/><E37/><V62/><F107/><W17/><G33/><T73/><D70/><U31/><E112/><V117/><F117/><W30/><G30/><T95/><D64/><U78/><E7/><V89/><F84/><W41/><G135/><T115/><D115/><U131/><E0/><V74/><F74/><W92/><G5/><T121/><D121/><U4/><E4/><V38/><F38/><W32/><G32/><T86/><D73/><U29/><E131/><V71/><F50/><W34/><G34/><T52/><D95/><U123/><E123/><V76/><F43/><W20/><G17/><T81/><D86/><U94/><E78/><V2/><F76/><W96/><G103/><T15/><D27/><U110/><E110/><V54/><REACH who="2" step="1"/><F2/><REACH who="2" ten="250,250,240,250" step="2"/><W35/><G79/><T72/><D72/><U66/><E85/><V36/><F36/><W55/><G41/><T128/><D128/><U130/><E130/><V49/><F49/><W19/><G80/><AGARI ba="0,1" hai="6,8,13,54,57,62,68,69,71,80,87,89,97,99" machi="80" ten="40,1300,0" yaku="1,1,53,0" doraHai="42" doraHaiUra="98" who="2" fromWho="3" sc="250,0,250,0,240,23,250,-13" /><INIT seed="1,0,0,4,5,100" ten="250,250,263,237" oya="1" hai0="2,74,111,76,132,120,103,20,14,116,0,118,47" hai1="38,86,96,65,39,130,56,18,88,133,53,91,12" hai2="28,60,44,82,75,9,34,1,69,59,23,112,62" hai3="70,115,42,64,66,121,97,119,71,90,31,46,131"/><U22/><E65/><N who="3" m="25194" /><G31/><T85/><D74/><U4/><E130/><V99/><F34/><W89/><G97/><T84/><D111/><U104/><E133/><V128/><F69/><N who="3" m="26123" /><G131/><T55/><D103/><U15/><E4/><V36/><F112/><W117/><G90/><T5/><D76/><U63/><E12/><V8/><F128/><W129/><G129/><T10/><D132/><U94/><REACH who="1" step="1"/><E91/><REACH who="1" ten="250,240,263,237" step="2"/><V101/><F1/><W122/><G89/><T79/><D2/><U7/><E7/><V26/><F75/><W134/><G134/><T21/><D0/><U83/><E83/><V110/><F82/><W95/><G115/><T72/><D5/><U17/><E17/><V52/><F110/><W102/><G102/><AGARI ba="0,1" hai="15,18,22,38,39,53,56,63,86,88,94,96,102,104" machi="102" ten="40,12000,1" yaku="1,1,52,1,54,1,53,2" doraHai="100" doraHaiUra="68" who="1" fromWho="3" sc="250,0,240,130,263,0,237,-120" /><INIT seed="1,1,0,3,5,107" ten="250,370,263,117" oya="1" hai0="40,78,98,119,71,16,47,14,79,6,45,69,10" hai1="61,24,122,89,95,133,19,100,22,109,125,110,124" hai2="106,85,67,60,123,91,121,42,120,62,36,44,77" hai3="50,65,17,46,38,87,12,90,114,76,130,88,8"/><U27/><E122/><V82/><F106/><W13/><G114/><T5/><D119/><U29/><E100/><V83/><REACH who="2" step="1"/><F67/><REACH who="2" ten="250,370,253,117" step="2"/><W9/><G130/><T115/><D115/><U63/><E133/><V104/><F104/><W97/><G65/><T23/><D71/><U52/><E124/><V129/><F129/><W49/><G38/><T103/><D69/><U105/><E105/><V2/><F2/><W116/><G116/><T96/><D5/><U86/><E125/><V57/><F57/><W131/><G131/><T53/><D53/><U15/><E27/><V111/><F111/><N who="1" m="42505" /><E52/><V135/><F135/><W102/><G46/><T64/><D64/><U132/><E132/><V35/><F35/><AGARI ba="1,1" hai="15,19,22,24,29,35,61,63,86,89,95" m="42505" machi="35" ten="30,2900,0" yaku="14,1,10,1" doraHai="107" who="1" fromWho="2" sc="250,0,370,42,253,-32,117,0" /><INIT seed="1,2,0,4,4,105" ten="250,412,221,117" oya="1" hai0="84,77,0,112,73,69,61,131,80,95,99,119,108" hai1="59,40,29,21,96,24,122,110,118,18,4,86,130" hai2="39,52,125,58,22,113,107,55,12,116,11,67,89" hai3="53,129,17,98,123,1,28,88,63,101,43,91,81"/><U135/><E122/><V2/><F116/><W9/><G123/><T124/><D0/><U104/><E118/><V8/><F113/><W47/><G129/><T65/><D119/><U16/><E130/><V74/><F125/><W111/><G111/><T6/><D112/><U109/><E135/><V56/><F39/><W7/><G28/><T93/><D6/><U79/><E40/><V42/><F107/><W78/><G17/><T94/><D131/><U44/><E44/><V30/><F42/><W35/><G35/><T49/><D108/><N who="1" m="41579" /><E4/><V27/><F67/><W127/><G127/><T100/><D124/><U14/><E14/><V32/><F74/><N who="3" m="43223" /><G53/><T26/><D26/><U64/><E64/><V68/><F68/><W33/><G63/><T71/><D49/><U3/><E3/><V82/><F2/><W62/><G62/><T115/><D69/><U132/><E132/><V25/><F56/><W102/><G33/><T23/><D23/><U126/><E126/><V133/><F133/><W57/><G57/><T45/><D45/><U15/><E59/><V70/><F70/><W76/><G76/><T41/><D41/><U31/><E31/><V87/><F87/><W92/><G102/><T66/><D66/><U19/><E86/><V38/><F38/><AGARI ba="2,0" hai="1,7,9,38,43,47,88,91,92,98,101" m="43223" machi="38" ten="30,3900,0" yaku="25,1,52,1,54,1" doraHai="105" who="3" fromWho="2" sc="250,0,412,0,221,-45,117,45" /><INIT seed="2,0,0,4,5,121" ten="250,412,176,162" oya="2" hai0="54,49,125,41,77,6,22,67,16,57,30,129,26" hai1="28,131,34,13,7,19,111,93,23,127,27,134,94" hai2="52,132,36,114,32,81,110,91,47,2,92,70,98" hai3="133,43,119,68,85,58,60,39,56,45,1,14,120"/><V123/><F32/><W66/><G120/><T48/><D129/><U62/><E111/><V50/><F2/><W130/><G1/><T102/><D125/><U46/><E131/><V106/><F114/><W80/><G130/><T88/><D6/><U104/><E127/><V108/><F123/><W61/><G14/><T44/><D67/><U33/><E104/><V51/><F132/><W8/><G133/><T135/><D135/><U72/><E72/><V5/><F36/><W76/><G8/><T87/><D77/><U90/><E134/><V116/><F116/><W12/><G12/><T10/><D102/><U69/><E46/><V126/><F70/><W0/><G0/><T86/><D86/><U3/><E34/><V83/><F126/><W96/><G96/><T42/><D10/><N who="1" m="2431" /><E90/><V18/><F5/><W73/><G119/><T24/><D30/><U38/><E38/><V124/><F106/><W95/><G61/><T11/><D11/><U71/><E71/><V97/><F97/><W29/><G29/><T40/><REACH who="0" step="1"/><D24/><REACH who="0" ten="240,412,176,162" step="2"/><U109/><E69/><V17/><F124/><W4/><G4/><T65/><D65/><U84/><E84/><V37/><F37/><W101/><G101/><T64/><D64/><U128/><E128/><V112/><F112/><W99/><G73/><T75/><D75/><U63/><E27/><V122/><F122/><W103/><AGARI ba="0,1" hai="39,43,45,56,58,60,66,68,76,80,85,95,99,103" machi="103" ten="20,1500,0" yaku="0,1,7,1" doraHai="121" who="3" fromWho="3" sc="240,-4,412,-4,176,-7,162,25" /><INIT seed="3,0,0,5,0,120" ten="236,408,169,187" oya="3" hai0="4,37,18,78,30,10,27,49,116,31,34,5,83" hai1="97,87,66,15,8,123,74,75,7,121,46,13,52" hai2="33,39,88,124,67,82,98,85,68,41,17,77,9" hai3="111,64,81,131,44,86,57,80,89,25,102,59,56"/><W103/><G131/><T60/><D37/><U99/><E99/><V16/><F124/><W115/><G115/><T127/><D116/><U12/><E75/><V79/><F33/><W94/><G64/><T73/><D127/><U84/><E74/><V135/><F135/><W118/><G118/><T72/><D72/><U29/><E84/><V2/><F68/><W21/><G44/><T91/><D31/><U22/><E66/><V3/><F67/><W106/><G106/><T32/><D60/><U58/><E46/><V129/><F129/><W42/><G42/><T110/><D110/><U38/><E38/><V126/><F126/><W104/><G104/><T128/><D128/><U55/><E97/><V53/><F41/><W62/><G62/><T107/><D107/><U92/><E55/><V6/><F39/><W114/><G114/><T133/><D133/><U93/><E93/><V35/><F35/><W50/><G50/><T134/><D134/><U19/><E29/><V36/><F36/><W125/><G111/><T132/><D132/><U113/><E113/><V117/><F117/><W76/><G125/><T40/><D32/><U23/><E23/><V54/><F3/><W71/><G71/><T65/><D65/><U61/><E13/><V122/><F122/><W96/><REACH who="3" step="1"/><G81/><REACH who="3" ten="236,408,169,177" step="2"/><N who="0" m="45263" /><D49/><U90/><AGARI ba="0,1" hai="7,8,12,15,19,22,52,58,61,87,90,92,121,123" machi="90" ten="30,2000,0" yaku="0,1,54,1" doraHai="120" who="1" fromWho="1" sc="236,-5,408,30,169,-5,177,-10" owari="231,3.0,438,54.0,164,-34.0,167,-23.0" /></mjloggm>