<mjloggm ver="2.3"><GO type="97" lobby="0"/><UN n0="%E4%B8%8D%E6%A9%9F%E5%AB%8C%E4%B8%AD%E9%A3%9B%E8%BB%8A" n1="%E3%82%A6%E3%83%AB%E3%83%88%E3%83%A9%E7%AB%8B%E7%9B%B4" n2="%E8%BF%BD%E3%81%84%E3%81%A4%E3%82%81%E3%82%89%E3%82%8C%E3%81%9F%E4%BF%BA" n3="%61%62%2D%61%62%2D%61%62" dan="14,15,14,13" rate="1888.51,2031.42,1954.70,1837.46" sx="M,M,M,M"/><TAIKYOKU oya="0"/><INIT seed="0,0,0,3,0,34" ten="250,250,250,250" oya="0" hai0="78,120,103,32,67,72,106,131,3,40,99,128,39" hai1="124,111,63,112,118,51,110,28,11,60,18,12,49" hai2="13,87,48,53,8,9,117,41,113,109,123,65,0" hai3="33,59,130,119,79,52,73,81,57,68,97,31,10"/><T75/><D120/><U25/><E118/><V93/><F113/><W90/><G68/><T4/><D32/><N who="1" m="20495" /><E112/><V45/><F123/><W17/><G119/><T56/><D39/><U23/><E51/><V96/><F117/><W47/><G130/><N who="0" m="49707" /><D40/><U21/><E49/><V6/><F109/><N who="1" m="41481" /><E124/><V92/><F65/><W98/><G47/><T38/><D38/><U116/><E116/><V71/><F71/><W104/><G59/><T121/><D121/><U122/><E122/><V19/><F87/><W16/><G98/><T1/><D4/><U132/><E132/><V135/><F135/><W15/><G33/><T89/><D89/><U26/><E23/><V27/><F27/><W58/><G31/><AGARI ba="0,0" hai="11,12,18,21,26,31,60,63" m="41481,20495" machi="31" ten="30,1000,0" yaku="14,1" doraHai="34" who="1" fromWho="3" sc="250,0,250,10,250,0,250,-10" /><INIT seed="1,0,0,1,4,56" ten="250,260,250,240" oya="1" hai0="18,102,66,14,134,98,64,36,28,4,72,103,107" hai1="115,17,68,79,100,50,92,32,57,69,85,124,113" hai2="106,122,97,41,84,132,42,24,35,59,76,93,16" hai3="2,110,61,26,81,38,67,46,90,54,62,43,123"/><U29/><E29/><V130/><F122/><W80/><G123/><T52/><D36/><U127/><E32/><V75/><F130/><W77/><G110/><T15/><D72/><U88/><E100/><V40/><F132/><W9/><G26/><T19/><D134/><U112/><E79/><V6/><F6/><W129/><G129/><T73/><D73/><U31/><E31/><V70/><F70/><W133/><G133/><T63/><D28/><U7/><E7/><V20/><F35/><W78/><G90/><T10/><D4/><U3/><E3/><V128/><F106/><W83/><G2/><T11/><D103/><U51/><E17/><V58/><F75/><W114/><G114/><T119/><D119/><U120/><E120/><V44/><F44/><W23/><G23/><T47/><D47/><U74/><E74/><V121/><F121/><W13/><G54/><T101/><D101/><U91/><E91/><V104/><F104/><W8/><G67/><T60/><D52/><N who="1" m="31895" /><E51/><V49/><F49/><W0/><G0/><T131/><D131/><U89/><E89/><N who="2" m="55471" /><F128/><W126/><G126/><AGARI ba="0,0" hai="68,69,85,88,92,112,113,115,124,126,127" m="31895" machi="126" ten="40,7700,0" yaku="18,1,54,2" doraHai="56" who="1" fromWho="3" sc="250,0,260,77,250,0,240,-77" /><INIT seed="1,1,0,3,5,10" ten="250,337,250,163" oya="1" hai0="60,107,68,82,40,127,22,11,94,102,92,96,116" hai1="78,120,3,65,106,70,73,7,52,115,88,131,85" hai2="105,54,84,23,48,66,122,74,37,15,101,33,18" hai3="99,77,53,132,76,98,91,97,31,118,80,30,26"/><U55/><E65/><V135/><F122/><W44/><G132/><T0/><D116/><U24/><E70/><V4/><F74/><W21/><G118/><T56/><D127/><U39/><E39/><V17/><F33/><W126/><G126/><T27/><D68/><U112/><E120/><V47/><F37/><W108/><G108/><T20/><D40/><U67/><E67/><V29/><F135/><W9/><G31/><T64/><D82/><U12/><E3/><V51/><F4/><W93/><G80/><T36/><D36/><U129/><E106/><V86/><F66/><W79/><G9/><T130/><D130/><N who="1" m="49675" /><E78/><V113/><F29/><W42/><G53/><N who="1" m="20554" /><E24/><V41/><F113/><W128/><G128/><T133/><D133/><U87/><E87/><V124/><F124/><W119/><G119/><T104/><D104/><U90/><E90/><V13/><F105/><W2/><G2/><T63/><D107/><U123/><E123/><V57/><F101/><W125/><G125/><T72/><D102/><U81/><E73/><V83/><F83/><W121/><G121/><T43/><D72/><U8/><AGARI ba="1,0" hai="7,8,12,81,85,88,112,115" m="20554,49675" machi="8" ten="30,11700,0" yaku="19,1,52,1,54,2" doraHai="10" who="1" fromWho="1" sc="250,-40,337,120,250,-40,163,-40" /><INIT seed="1,2,0,4,1,116" ten="210,457,210,123" oya="1" hai0="27,52,106,0,44,9,7,109,39,125,121,40,64" hai1="8,54,26,100,17,102,127,61,37,36,46,98,1" hai2="69,78,97,21,6,80,96,93,105,63,92,119,72" hai3="4,113,59,62,2,58,20,110,47,114,107,84,79"/><U103/><E127/><V16/><F119/><W101/><G110/><T31/><D125/><U112/><E112/><V34/><F34/><W90/><G47/><T86/><D109/><U77/><E98/><V95/><F6/><W71/><G114/><T19/><D106/><U123/><E123/><V87/><F105/><W67/><G113/><T131/><D131/><U129/><E129/><V3/><F3/><W134/><G134/><T24/><D64/><U5/><E17/><V104/><F69/><W22/><G79/><T94/><D19/><U14/><E26/><V111/><F111/><W42/><G42/><T50/><D121/><U13/><E61/><V12/><F63/><W55/><G107/><T120/><D120/><U43/><E54/><V124/><F124/><W23/><G101/><T108/><D108/><U132/><E36/><V88/><F97/><W30/><G30/><T82/><D94/><U28/><E28/><V15/><F15/><W73/><G73/><T56/><REACH who="0" step="1"/><D31/><REACH who="0" ten="200,457,210,123" step="2"/><U41/><E132/><V128/><F128/><W91/><G4/><T89/><AGARI ba="2,1" hai="0,7,9,24,27,39,40,44,50,52,56,82,86,89" machi="89" ten="20,8000,1" yaku="1,1,2,1,0,1,7,1,54,1,53,0" doraHai="116" doraHaiUra="115" who="0" fromWho="0" sc="200,96,457,-42,210,-22,123,-22" /><INIT seed="2,0,0,4,2,72" ten="296,415,188,101" oya="2" hai0="22,89,23,44,2,67,50,99,118,21,102,106,59" hai1="74,38,31,112,40,117,54,104,5,18,1,43,103" hai2="105,108,66,32,76,24,96,51,6,90,134,126,116" hai3="16,9,58,49,35,73,122,77,65,84,10,57,7"/><V92/><F116/><W28/><G122/><T123/><D123/><U63/><E31/><V68/><F105/><W121/><G121/><T93/><D2/><U29/><E18/><V120/><F120/><W0/><G73/><T132/><D132/><U41/><E29/><V52/><F134/><W80/><G65/><T62/><D118/><U61/><E54/><V119/><F119/><W42/><G28/><T87/><REACH who="0" step="1"/><D23/><REACH who="0" ten="286,415,188,101" step="2"/><U13/><E1/><V36/><F32/><W130/><G35/><T46/><D46/><U82/><E117/><V95/><F126/><W15/><REACH who="3" step="1"/><G130/><REACH who="3" ten="286,415,188,91" step="2"/><T19/><D19/><U110/><E112/><V135/><F135/><W115/><G115/><T70/><D70/><U3/><E3/><V34/><F68/><W39/><G39/><T131/><D131/><U55/><E38/><V128/><F36/><W97/><G97/><T109/><D109/><U45/><E110/><V33/><F108/><W107/><G107/><T27/><D27/><U4/><E104/><V129/><F128/><W37/><G37/><T75/><D75/><U91/><E74/><V85/><F129/><W100/><G100/><T94/><D94/><U53/><E103/><V26/><F33/><W127/><G127/><T124/><D124/><U64/><E13/><V60/><F34/><W48/><G48/><T81/><D81/><U88/><E82/><V25/><F26/><W79/><G79/><T83/><D83/><U12/><E12/><V14/><F76/><W71/><G71/><T20/><D20/><U17/><E91/><V114/><F25/><W113/><G113/><RYUUKYOKU ba="0,2" sc="286,15,415,-15,188,-15,91,15" hai0="21,22,44,50,59,62,67,87,89,93,99,102,106" hai3="0,7,9,10,15,16,42,49,57,58,77,80,84" /><INIT seed="3,1,2,3,0,104" ten="301,400,173,106" oya="3" hai0="20,113,41,46,112,63,91,83,131,126,21,3,118" hai1="108,123,24,100,90,11,53,38,122,98,31,71,127" hai2="121,50,14,60,84,117,40,97,4,88,86,128,12" hai3="106,67,5,103,43,101,0,94,28,35,55,69,72"/><W116/><G116/><T49/><D118/><U78/><E38/><V80/><F117/><W44/><G28/><T70/><D3/><U64/><E78/><V124/><F121/><W73/><G35/><T76/><D131/><U120/><E90/><V74/><F128/><W37/><G55/><T15/><D126/><U34/><E53/><V125/><F60/><N who="3" m="40167" /><G94/><T33/><D33/><U32/><E11/><V48/><F74/><N who="3" m="28779" /><G101/><T129/><D129/><U57/><E57/><V58/><F97/><N who="3" m="61807" /><G5/><T61/><D91/><U77/><E34/><V102/><F102/><W22/><G22/><T85/><D21/><U66/><E31/><V42/><F58/><W51/><G51/><T107/><D20/><U75/><E32/><V130/><F88/><W93/><G93/><T68/><D15/><U59/><E100/><V82/><F130/><W10/><G10/><T39/><D49/><U25/><E25/><V9/><F9/><W17/><G17/><T115/><D63/><U54/><E24/><V7/><AGARI ba="1,2" hai="4,7,12,14,40,42,48,50,80,82,84,86,124,125" machi="7" ten="25,3200,0" yaku="0,1,22,2" doraHai="104" who="2" fromWho="2" sc="301,-9,400,-9,173,55,106,-17" owari="292,9.0,391,49.0,228,-17.0,89,-41.0" /></mjloggm>