<mjloggm ver="2.3"><GO type="41" lobby="0"/><UN n0="%E6%9D%A5%E9%80%B1%E3%81%AE%E7%B3%B8%E4%BA%95" n1="%E5%AE%AE%E4%BB%A3%E8%8A%B1%E6%A2%A8" n2="%E3%82%A6%E3%83%AB%E3%83%88%E3%83%A9%E7%AB%8B%E7%9B%B4" n3="%44%2E%54%2E%6B%69%6E%67" dan="15,14,15,13" rate="1935.67,1960.18,2010.28,1831.71" sx="M,F,M,F"/><TAIKYOKU oya="0"/><INIT seed="0,0,0,1,4,0" ten="250,250,250,250" oya="0" hai0="121,31,5,112,14,48,17,115,114,8,3,110,35" hai1="30,82,4,83,53,51,64,33,94,52,81,92,12" hai2="38,105,37,7,55,104,79,108,133,120,109,85,90" hai3="2,50,124,125,63,21,111,46,67,29,123,99,6"/><T131/><D48/><U20/><E33/><V32/><F32/><W54/><G99/><T39/><D39/><U13/><E64/><V76/><F55/><N who="1" m="21065" /><E51/><V60/><F60/><W107/><G107/><N who="2" m="41033" /><F120/><W100/><G100/><T71/><D71/><U66/><E66/><V103/><F103/><W62/><G62/><T135/><D121/><U132/><E132/><V122/><F122/><W130/><G123/><T95/><D95/><N who="1" m="36395" /><E4/><V88/><F85/><W127/><G21/><N who="0" m="11447" /><D131/><U106/><E106/><V56/><F7/><W26/><G26/><AGARI ba="0,0" hai="12,13,20,26,30,81,82,83" m="36395,21065" machi="26" ten="30,2000,0" yaku="8,1,54,1" doraHai="0" who="1" fromWho="3" sc="250,0,250,20,250,0,250,-20" /><INIT seed="1,0,0,4,4,73" ten="250,270,250,230" oya="1" hai0="121,24,59,124,92,43,60,87,94,85,104,93,96" hai1="122,62,44,126,77,127,52,23,56,110,33,31,10" hai2="132,13,97,39,25,105,3,90,112,32,51,2,131" hai3="20,118,57,109,102,8,66,64,108,12,5,54,35"/><U103/><E122/><V99/><F39/><W21/><G35/><T49/><D121/><U119/><E119/><V74/><F74/><W1/><G118/><T114/><D114/><U107/><E33/><V16/><F99/><W86/><G102/><T72/><D72/><U71/><E71/><V88/><F112/><W79/><G1/><T58/><D124/><N who="1" m="47659" /><E110/><V135/><F51/><W84/><G84/><T128/><D128/><U100/><E77/><V22/><F131/><W117/><G117/><T38/><D38/><U78/><E78/><V111/><F111/><N who="3" m="42571" /><G20/><T42/><D24/><N who="1" m="16799" /><E107/><V9/><F32/><W65/><G21/><T50/><D94/><U55/><E10/><V123/><F123/><W133/><G133/><N who="2" m="51273" /><F105/><W116/><G116/><T47/><D104/><U89/><E89/><N who="2" m="34411" /><F97/><W83/><G66/><T30/><D96/><U67/><E67/><V27/><F27/><W11/><G11/><T6/><D6/><AGARI ba="0,0" hai="2,3,6,9,13,16,22,25" m="34411,51273" machi="6" ten="30,3900,0" yaku="20,1,54,2" doraHai="73" who="2" fromWho="0" sc="250,-39,270,0,250,39,230,0" /><INIT seed="2,0,0,1,5,50" ten="211,270,289,230" oya="2" hai0="58,92,83,135,72,130,98,94,66,48,109,67,78" hai1="11,90,107,59,96,35,19,95,47,0,89,29,120" hai2="61,86,27,46,79,57,25,105,63,121,113,32,124" hai3="8,71,85,100,24,102,33,81,126,17,22,116,39"/><V125/><F105/><W40/><G116/><T16/><D130/><U5/><E120/><V54/><F121/><W23/><G71/><T14/><D109/><U41/><E107/><V31/><F113/><W15/><G40/><T119/><D135/><U56/><E89/><V1/><F1/><W4/><G39/><T88/><D119/><U44/><E44/><V20/><F46/><W73/><G73/><T52/><REACH who="0" step="1"/><D94/><REACH who="0" ten="201,270,289,230" step="2"/><U117/><E117/><V42/><F42/><W80/><G81/><T128/><D128/><U106/><E106/><V111/><F111/><W3/><G126/><T131/><D131/><U118/><E118/><V37/><F124/><W18/><REACH who="3" step="1"/><G33/><REACH who="3" ten="201,270,289,220" step="2"/><T115/><D115/><U93/><E35/><V84/><F125/><W76/><AGARI ba="0,2" hai="3,4,8,15,17,18,22,23,24,76,80,85,100,102" machi="76" ten="20,12000,2" yaku="1,1,2,1,0,1,7,1,53,2" doraHai="50" doraHaiUra="12" who="3" fromWho="3" sc="201,-30,270,-30,289,-60,220,140" /><INIT seed="3,0,0,2,5,111" ten="171,240,229,360" oya="3" hai0="124,114,72,95,19,80,122,129,131,66,88,106,8" hai1="120,82,14,135,45,112,67,63,103,18,27,50,49" hai2="71,5,75,37,20,15,55,38,36,39,133,33,62" hai3="90,116,29,123,54,52,40,34,53,10,130,47,76"/><W73/><G116/><T41/><D122/><U35/><E120/><V99/><F33/><W132/><G123/><T42/><D106/><U23/><E135/><V126/><F75/><W6/><G132/><T7/><D124/><U21/><E35/><V113/><F113/><W3/><G29/><T127/><D127/><U56/><E112/><V87/><F126/><W1/><G34/><T118/><D118/><U26/><E103/><V101/><F133/><W0/><G90/><T125/><D125/><U25/><E82/><V57/><N who="2" m="9728" /><DORA hai="81" /><V89/><F71/><W102/><G102/><T22/><D114/><U70/><E70/><V93/><F5/><W96/><G96/><T115/><D115/><U85/><E85/><V59/><F59/><W77/><G73/><T32/><D32/><U97/><E97/><V121/><F121/><W86/><G86/><N who="0" m="52631" /><D80/><U98/><E98/><V58/><F58/><W16/><G76/><T11/><D66/><U9/><REACH who="1" step="1"/><E50/><REACH who="1" ten="171,230,229,360" step="2"/><V91/><F91/><W69/><G69/><T74/><D74/><U44/><E44/><V28/><F101/><W24/><G77/><T108/><D72/><U2/><E2/><V65/><F99/><W84/><G84/><T107/><D129/><U46/><E46/><V43/><F87/><W61/><G130/><T4/><D131/><U60/><E60/><V104/><F62/><W109/><G61/><T68/><D68/><U134/><E134/><V31/><F89/><W83/><G0/><N who="0" m="7" /><D108/><U17/><E17/><V51/><F51/><W12/><G109/><T100/><D100/><U92/><E92/><RYUUKYOKU ba="0,1" sc="171,-10,230,30,229,-10,360,-10" hai1="9,14,18,21,23,25,26,27,45,49,56,63,67" /><INIT seed="4,1,1,5,0,104" ten="161,260,219,350" oya="0" hai0="73,30,8,64,74,111,76,45,132,131,36,59,88" hai1="102,128,107,135,70,2,103,114,18,101,25,87,27" hai2="35,120,86,33,67,133,109,80,119,81,42,20,43" hai3="37,69,82,117,52,15,105,1,28,41,53,56,55"/><T99/><D131/><U78/><E135/><V46/><F109/><W68/><G117/><T125/><D132/><U10/><E128/><V112/><F120/><W118/><G118/><T71/><D111/><U116/><E116/><V94/><F133/><W39/><G1/><T6/><D125/><U93/><E107/><V95/><F119/><W17/><G28/><T29/><D71/><U127/><E70/><V23/><F67/><W47/><G105/><T106/><D106/><U121/><E121/><V51/><F112/><W61/><G39/><T129/><D129/><U34/><E34/><V75/><F86/><W24/><G24/><T0/><D64/><U54/><E127/><V83/><F51/><W38/><G38/><T122/><D122/><U84/><E2/><V113/><F46/><W32/><G32/><T72/><D76/><U14/><E114/><V4/><F83/><W77/><G68/><T57/><D29/><U110/><E110/><V21/><F21/><W124/><G69/><T63/><D30/><U134/><E134/><V9/><F113/><W19/><G19/><T79/><D63/><U58/><E78/><V89/><F89/><W5/><G124/><T60/><D60/><N who="1" m="35927" /><E84/><V100/><F100/><W44/><G5/><T85/><D99/><U11/><E11/><V108/><F108/><W12/><G61/><T130/><D130/><U40/><E40/><V31/><F9/><W48/><G41/><N who="0" m="22695" /><D79/><U92/><E87/><V13/><F31/><W96/><G77/><T22/><D22/><U123/><E123/><V16/><F35/><W65/><G37/><RYUUKYOKU ba="1,1" sc="161,15,260,15,219,-15,350,-15" hai0="0,6,8,57,59,72,73,74,85,88" hai1="10,14,18,25,27,92,93,101,102,103" /><INIT seed="4,2,1,0,1,131" ten="176,275,204,335" oya="0" hai0="72,63,16,99,88,44,53,20,123,92,35,17,110" hai1="122,54,23,84,94,82,4,46,126,8,70,130,14" hai2="61,103,36,62,55,25,108,2,41,48,51,67,134" hai3="64,24,69,95,27,1,76,57,66,56,40,11,33"/><T120/><D72/><U112/><E122/><V38/><F2/><W34/><G69/><T12/><D35/><U86/><E130/><V124/><F25/><W116/><G76/><T106/><D106/><U135/><E126/><V10/><F10/><W71/><G71/><T68/><D110/><U50/><E70/><N who="2" m="42351" /><F103/><W5/><G95/><T100/><D100/><U115/><E23/><V18/><F18/><W59/><G40/><T104/><D104/><U73/><E73/><V125/><F108/><W6/><G116/><T77/><D77/><U45/><E45/><N who="2" m="25647" /><F62/><W128/><G128/><T9/><D68/><U47/><E94/><V133/><F125/><W114/><G114/><N who="1" m="43562" /><E86/><V0/><F0/><W42/><G42/><T78/><D78/><U83/><E84/><V96/><F96/><W26/><REACH who="3" step="1"/><G6/><REACH who="3" ten="176,275,204,325" step="2"/><T79/><D79/><U81/><E81/><V87/><F124/><W90/><G90/><T31/><D31/><U74/><E83/><V3/><F87/><W60/><G60/><T93/><D93/><U29/><E82/><V91/><F91/><W19/><G19/><T21/><D21/><U98/><E74/><V113/><F113/><W39/><G39/><N who="2" m="14889" /><F3/><W129/><G129/><T111/><D111/><U107/><E107/><V109/><F109/><W118/><G118/><T121/><D121/><U119/><E119/><V32/><F32/><AGARI ba="2,2" hai="1,5,11,24,26,27,32,33,34,56,57,59,64,66" machi="32" ten="50,1600,0" yaku="1,1,53,0" doraHai="131" doraHaiUra="132" who="3" fromWho="2" sc="176,0,275,0,204,-22,325,42" /><INIT seed="5,0,0,3,0,78" ten="176,275,182,367" oya="1" hai0="71,120,55,77,62,56,8,133,84,89,101,127,40" hai1="114,73,108,128,42,67,13,119,28,30,104,91,105" hai2="6,46,35,117,125,109,7,48,17,111,74,129,39" hai3="92,53,36,118,131,86,68,103,37,134,66,112,19"/><U27/><E119/><V58/><F39/><W126/><G118/><T5/><D71/><U64/><E73/><V110/><F35/><W70/><G19/><T90/><D120/><U83/><E114/><V32/><F32/><W22/><G22/><T45/><D127/><U15/><E128/><V72/><F117/><W31/><G31/><T100/><D133/><U20/><E108/><V122/><F122/><W1/><G86/><T79/><D79/><U87/><E42/><V113/><F125/><W33/><G92/><T23/><D23/><N who="1" m="15487" /><E105/><V123/><F113/><W50/><G103/><T135/><D135/><U106/><E106/><V12/><F129/><W93/><G93/><T96/><D77/><U10/><E104/><V95/><F74/><W75/><G75/><T130/><D130/><U18/><E30/><V69/><F69/><W54/><G1/><T14/><D96/><U97/><E97/><V59/><F72/><W24/><G33/><T65/><D65/><U41/><E41/><V2/><F2/><W132/><G131/><T99/><D99/><U4/><AGARI ba="0,0" hai="4,10,13,15,18,20,64,67,83,87,91" m="15487" machi="4" ten="30,3000,0" yaku="8,1,52,1" doraHai="78" who="1" fromWho="1" sc="176,-10,275,30,182,-10,367,-10" /><INIT seed="5,1,0,2,3,118" ten="166,305,172,357" oya="1" hai0="120,97,20,81,102,61,85,113,51,101,12,93,76" hai1="124,43,69,128,57,0,32,31,84,41,108,130,38" hai2="82,13,75,16,58,7,54,56,45,34,36,27,89" hai3="67,119,123,77,1,46,131,44,78,122,99,79,28"/><U53/><E0/><V64/><F64/><W116/><G1/><T30/><D113/><U83/><E124/><V88/><F7/><W133/><G28/><T104/><D120/><N who="3" m="46121" /><G67/><T14/><D61/><U92/><E108/><V80/><F36/><W3/><G3/><T71/><D71/><U74/><E69/><V103/><F34/><W135/><G99/><T39/><D39/><U60/><E74/><V42/><F42/><W65/><G65/><T19/><D30/><U26/><E92/><V33/><F33/><W127/><G127/><T25/><REACH who="0" step="1"/><D51/><REACH who="0" ten="156,305,172,357" step="2"/><U98/><E38/><V114/><F114/><W106/><G44/><T22/><D22/><U73/><E32/><V86/><F45/><W109/><G46/><T100/><D100/><U29/><E29/><V5/><F103/><W66/><G66/><T15/><D15/><U9/><E31/><V8/><F75/><W6/><G109/><T35/><D35/><U37/><E73/><V52/><F58/><W47/><G47/><T94/><D94/><U23/><E37/><V129/><F129/><W107/><G131/><T95/><D95/><U50/><E128/><V112/><F112/><W11/><G11/><T49/><D49/><U17/><E130/><V111/><F111/><W72/><G72/><T21/><D21/><U24/><E9/><V115/><F115/><W55/><G116/><T132/><D132/><U40/><E23/><N who="2" m="13799" /><F56/><W87/><G119/><T63/><D63/><U134/><E60/><V105/><F105/><W117/><G106/><T110/><D110/><U62/><E62/><V2/><F2/><RYUUKYOKU ba="1,1" sc="156,15,305,-15,172,15,357,-15" hai0="12,14,19,20,25,76,81,85,93,97,101,102,104" hai2="5,8,13,52,54,80,82,86,88,89" /><INIT seed="6,2,1,2,2,23" ten="171,290,187,342" oya="2" hai0="3,9,105,56,111,77,20,42,133,103,67,134,101" hai1="135,68,120,132,69,65,94,14,82,116,46,6,121" hai2="75,44,41,5,91,113,110,19,17,37,109,53,84" hai3="29,97,102,74,48,92,89,104,51,40,123,96,22"/><V126/><F75/><W70/><G123/><N who="1" m="47178" /><E82/><V114/><F5/><W99/><G70/><N who="1" m="27242" /><E94/><N who="2" m="54631" /><F53/><W12/><G74/><T107/><D111/><N who="2" m="42506" /><F126/><W13/><G97/><T25/><D77/><U1/><E65/><V117/><F117/><W47/><G51/><T11/><D42/><U32/><E1/><V124/><F124/><W24/><AGARI ba="2,1" hai="12,13,22,24,29,40,47,48,89,92,96,99,102,104" machi="24" ten="30,2000,0" yaku="0,1,52,1" doraHai="23" who="3" fromWho="3" sc="171,-7,290,-7,187,-12,342,36" /><INIT seed="7,0,0,1,2,91" ten="164,283,175,378" oya="3" hai0="92,97,25,26,128,64,105,117,87,121,95,35,65" hai1="86,89,33,8,53,90,112,20,40,47,17,73,72" hai2="27,11,109,45,76,52,132,43,50,88,6,68,113" hai3="103,94,120,100,63,58,36,135,127,75,34,110,42"/><W126/><G120/><T10/><D121/><U84/><E112/><V3/><F109/><W15/><G110/><T54/><D117/><U55/><E33/><V80/><F132/><W21/><G135/><T125/><D105/><U118/><E118/><V108/><F68/><W123/><G34/><T67/><D35/><U129/><E8/><V114/><F108/><W134/><G75/><T124/><D128/><U48/><E129/><V99/><F27/><W59/><G42/><T16/><D54/><U22/><E40/><V69/><F69/><W57/><G36/><T104/><D104/><U119/><E119/><V98/><F43/><W23/><G134/><T101/><D16/><U9/><E17/><V74/><REACH who="2" step="1"/><F88/><REACH who="2" ten="164,283,165,378" step="2"/><W7/><G123/><T39/><D10/><U28/><E9/><V85/><F85/><W102/><G102/><N who="0" m="60711" /><D39/><U77/><E86/><V107/><F107/><W82/><G100/><T12/><D12/><U19/><E84/><V0/><F0/><W44/><G15/><T93/><D93/><U106/><E106/><V18/><F18/><W31/><G94/><T56/><D56/><U62/><E19/><V81/><F81/><W131/><G58/><T38/><D38/><U79/><E89/><V83/><F83/><W116/><G82/><T130/><D130/><U5/><E90/><V41/><F41/><W1/><G59/><T24/><D24/><U49/><E73/><V115/><AGARI ba="0,1" hai="3,6,11,45,50,52,74,76,80,98,99,113,114,115" machi="115" ten="30,7900,0" yaku="1,1,0,1,15,1,54,1,53,0" doraHai="91" doraHaiUra="122" who="2" fromWho="2" sc="164,-20,283,-20,165,89,378,-39" owari="144,-36.0,263,6.0,254,-15.0,339,45.0" /></mjloggm>