<mjloggm ver="2.3"><GO type="97" lobby="0"/><UN n0="%4C%4A" n1="%E3%82%A6%E3%83%AB%E3%83%88%E3%83%A9%E7%AB%8B%E7%9B%B4" n2="%74%61%6E%74%61%6B%61%32" n3="%E7%BE%BD%E3%81%A3%E3%81%A1%E3%82%83%E3%82%93" dan="13,13,13,14" rate="1904.88,1846.59,1843.48,1941.55" sx="M,M,M,M"/><TAIKYOKU oya="0"/><INIT seed="0,0,0,5,3,124" ten="250,250,250,250" oya="0" hai0="92,87,88,131,91,77,104,29,90,4,73,125,15" hai1="60,38,118,25,44,7,40,126,101,52,12,9,96" hai2="3,99,122,83,33,93,70,98,134,82,11,28,0" hai3="67,109,61,103,78,95,23,51,133,26,37,35,80"/><T114/><D29/><U113/><E126/><V8/><F122/><W127/><G35/><T116/><D4/><U6/><E118/><V2/><F70/><W102/><G127/><T54/><D54/><U135/><E135/><V32/><F134/><W34/><G34/><T132/><D15/><U41/><E25/><V56/><F56/><W17/><G37/><T19/><D19/><U13/><E113/><V46/><F46/><W81/><G109/><T5/><D5/><U58/><E41/><V50/><F50/><W39/><G39/><T30/><D30/><U94/><REACH who="1" step="1"/><E7/><REACH who="1" ten="250,240,250,250" step="2"/><V36/><F28/><W16/><G133/><T53/><D125/><U20/><E20/><V14/><F33/><W86/><G17/><T1/><D132/><U31/><E31/><V71/><F32/><W123/><G123/><T66/><D116/><U128/><E128/><V69/><F36/><W130/><G130/><T107/><D131/><U47/><E47/><V110/><F110/><W45/><G81/><N who="0" m="45231" /><D114/><U97/><E97/><V49/><F99/><W21/><G21/><T121/><D1/><AGARI ba="0,1" hai="1,6,9,12,13,38,40,44,52,58,60,94,96,101" machi="1" ten="30,3900,0" yaku="1,1,7,1,54,1,53,0" doraHai="124" doraHaiUra="105" who="1" fromWho="0" sc="250,-39,240,49,250,0,250,0" /><INIT seed="1,0,0,1,3,79" ten="211,289,250,250" oya="1" hai0="67,113,126,30,87,90,122,16,101,128,11,133,51" hai1="13,119,130,59,9,106,42,38,1,68,85,123,7" hai2="57,131,134,80,105,120,58,15,115,50,91,118,10" hai3="0,55,36,54,104,73,81,31,64,71,117,94,89"/><U92/><E68/><V61/><F120/><W34/><G104/><T100/><D113/><U109/><E106/><V112/><F118/><W17/><G36/><T62/><D122/><U44/><E123/><V82/><F105/><W78/><G0/><T98/><D128/><U27/><E119/><V65/><F131/><W41/><G41/><T84/><D126/><U69/><E69/><V129/><F129/><W49/><G117/><T88/><D133/><U135/><E130/><V102/><F102/><N who="0" m="39530" /><D30/><U124/><E124/><V63/><F50/><W93/><G93/><N who="0" m="56615" /><D51/><U25/><E135/><V75/><F75/><W110/><G110/><T56/><D90/><U125/><E125/><V111/><F111/><W40/><G71/><T116/><D116/><U72/><E109/><V114/><F134/><W99/><G64/><T70/><D70/><U86/><E72/><V14/><F91/><W103/><G103/><T29/><D29/><U132/><E132/><V53/><F14/><AGARI ba="0,0" hai="11,14,16,56,62,67,84,87" m="56615,39530" machi="14" ten="30,3900,0" yaku="8,1,54,2" doraHai="79" who="0" fromWho="2" sc="211,39,289,0,250,-39,250,0" /><INIT seed="2,0,0,2,1,120" ten="250,289,211,250" oya="2" hai0="42,112,65,49,52,17,18,73,135,113,34,72,57" hai1="111,25,16,46,62,116,88,105,98,51,43,91,53" hai2="26,30,31,86,44,133,104,19,84,85,129,83,4" hai3="11,56,0,115,128,76,87,7,13,15,117,8,67"/><V28/><F104/><W127/><G117/><T70/><D34/><U58/><E116/><V61/><F133/><W118/><G118/><T124/><D18/><U107/><E111/><V123/><F123/><W77/><G127/><T95/><D17/><U36/><E36/><V92/><F129/><W68/><G128/><T130/><D95/><N who="1" m="56679" /><E91/><V55/><F4/><W45/><G68/><T66/><D73/><U71/><E71/><V54/><F92/><W110/><G110/><T74/><D72/><U96/><E96/><V24/><F83/><W40/><G115/><N who="0" m="44107" /><D74/><U41/><E41/><V37/><F37/><W12/><G87/><T99/><D99/><U10/><E10/><V3/><F3/><W69/><G69/><T97/><D97/><U33/><E33/><V90/><F90/><W103/><G103/><T50/><D70/><U122/><E122/><V80/><F80/><W125/><G125/><T81/><D81/><U35/><E35/><V27/><F19/><W119/><G119/><T47/><D124/><U9/><E9/><V22/><F22/><AGARI ba="0,0" hai="16,22,25,43,46,51,53,58,62,105,107" m="56679" machi="22" ten="30,3900,0" yaku="25,1,54,2" doraHai="120" who="1" fromWho="2" sc="250,0,289,39,211,-39,250,0" /><INIT seed="3,0,0,4,4,30" ten="250,328,172,250" oya="3" hai0="61,104,3,32,9,15,5,51,97,129,73,76,74" hai1="116,108,88,94,2,28,75,100,38,12,121,79,58" hai2="124,19,47,23,118,34,86,132,71,24,98,78,54" hai3="105,29,11,16,10,96,84,39,72,43,135,70,25"/><W44/><G70/><T89/><D15/><U35/><E2/><V99/><F118/><W18/><G135/><T82/><D51/><U4/><E38/><V114/><F114/><W109/><G72/><N who="0" m="43271" /><D61/><U80/><E121/><V57/><F132/><W62/><G109/><T55/><D55/><U120/><E120/><V113/><F113/><W52/><G84/><T59/><D59/><U65/><E100/><V31/><F71/><W66/><G10/><T67/><D67/><U17/><E4/><V133/><F133/><W45/><G11/><T130/><D89/><U22/><E108/><V42/><F124/><W68/><G52/><T115/><D115/><U36/><E36/><V93/><F78/><W91/><G45/><T127/><D127/><U107/><E116/><V77/><F77/><W128/><G128/><N who="0" m="49259" /><D32/><U40/><E58/><V60/><F86/><W122/><G122/><T37/><D37/><U111/><E65/><V90/><F98/><W6/><G6/><T119/><D119/><U131/><E35/><V8/><F8/><W117/><G117/><T125/><D125/><U33/><E33/><V95/><F95/><W134/><G134/><T81/><D81/><U110/><E80/><V106/><F106/><W46/><G46/><T123/><D123/><U14/><E111/><V13/><F34/><N who="3" m="20783" /><G91/><T85/><D85/><U53/><E110/><V69/><F69/><W102/><AGARI ba="0,0" hai="16,18,39,43,44,62,66,68,96,102,105" m="20783" machi="102" ten="30,6000,0" yaku="25,1,52,1,54,1" doraHai="30" who="3" fromWho="3" sc="250,-20,328,-20,172,-20,250,60" owari="230,-17.0,308,11.0,152,-35.0,310,41.0" /></mjloggm>