<mjloggm ver="2.3"><GO type="169" lobby="0"/><UN n0="%E3%82%A6%E3%83%AB%E3%83%88%E3%83%A9%E7%AB%8B%E7%9B%B4" n1="%41%2E%4B%39%6D%65%63" n2="%E3%82%B4%E3%83%B3%E3%82%BE%E3%83%A1%E3%82%B9%E5%A4%A7%E5%86%85" n3="%E3%81%B4%E3%82%88%E3%81%88%E3%82%82%E3%82%93" dan="17,16,16,16" rate="2132.06,2094.45,2059.73,2112.44" sx="M,M,M,M"/><TAIKYOKU oya="0"/><INIT seed="0,0,0,5,3,94" ten="250,250,250,250" oya="0" hai0="64,131,21,112,49,27,129,37,59,81,107,26,65" hai1="97,57,28,133,54,16,122,31,6,126,103,23,73" hai2="96,30,105,121,22,11,44,12,95,104,66,113,20" hai3="84,110,91,17,46,123,99,74,116,70,2,100,32"/><T48/><D37/><U51/><E122/><V24/><F121/><W8/><G123/><T61/><D112/><U3/><E73/><V120/><F120/><W58/><G116/><T7/><D7/><U85/><E133/><V4/><F113/><W106/><G70/><T92/><D107/><U25/><E126/><V132/><F132/><W47/><G32/><T117/><D117/><U98/><E85/><V1/><F20/><W115/><G115/><T33/><D33/><U75/><E75/><V45/><F105/><W80/><G110/><T86/><D92/><U50/><E50/><N who="0" m="19561" /><D27/><U109/><E109/><V108/><F104/><W101/><G101/><T0/><D0/><U135/><E135/><V55/><F108/><W14/><G2/><T42/><D42/><U114/><E114/><V89/><F66/><W19/><G74/><T88/><D131/><U63/><E63/><V38/><F38/><W78/><G78/><T15/><D15/><U87/><E87/><V130/><F130/><W41/><G41/><T76/><D129/><U36/><E36/><V71/><F71/><W62/><REACH who="3" step="1"/><G17/><REACH who="3" ten="250,250,250,240" step="2"/><N who="0" m="12591" /><D76/><U67/><E103/><V68/><F68/><W111/><G111/><T35/><D35/><U52/><E67/><AGARI ba="0,1" hai="8,14,19,46,47,58,62,67,80,84,91,99,100,106" machi="67" ten="30,7700,0" yaku="1,1,7,1,52,1,53,1" doraHai="94" doraHaiUra="82" who="3" fromWho="1" sc="250,0,250,-77,250,0,240,87" /><AGARI ba="0,0" hai="59,61,64,65,67,81,86,88" m="12591,19561" machi="67" ten="30,2900,0" yaku="8,1,54,1" doraHai="94" who="0" fromWho="1" sc="250,29,173,-29,250,0,327,0" /><INIT seed="0,1,0,2,5,51" ten="279,144,250,327" oya="0" hai0="27,108,7,28,89,126,6,42,71,21,60,43,45" hai1="66,110,62,125,40,2,109,85,119,41,78,52,106" hai2="79,104,20,24,13,14,4,46,91,131,75,0,56" hai3="118,97,114,50,80,122,3,120,65,115,72,111,5"/><T59/><D71/><U55/><E119/><V68/><F68/><W94/><G118/><T9/><D126/><U87/><E125/><V113/><F113/><W26/><G65/><T88/><D108/><N who="1" m="41579" /><E106/><V76/><F0/><W133/><G111/><T47/><D47/><U1/><E66/><V101/><F91/><N who="0" m="34890" /><D45/><U93/><E93/><V35/><F46/><W12/><G94/><T73/><D73/><U112/><E112/><V37/><F35/><W81/><G72/><T128/><D128/><U11/><E62/><V19/><F37/><W44/><G44/><T58/><D58/><U18/><E18/><V64/><F75/><W121/><G114/><T36/><D36/><U135/><E135/><V98/><F4/><N who="0" m="1578" /><D9/><U25/><E25/><V70/><F70/><W129/><G133/><T34/><D34/><U31/><E31/><V86/><F56/><W132/><G132/><T127/><D127/><U48/><E11/><V74/><F74/><W69/><G115/><T90/><N who="0" m="34898" /><T84/><DORA hai="10" /><D84/><N who="1" m="32331" /><E48/><V23/><F104/><W117/><G117/><T63/><D63/><U57/><E57/><V116/><F116/><W99/><G69/><T16/><D28/><U30/><E30/><V33/><F33/><W102/><G121/><T134/><D134/><U92/><E78/><V83/><F79/><W22/><G122/><T123/><D123/><U8/><E8/><V39/><F39/><W100/><G120/><T82/><D82/><U53/><E92/><N who="2" m="58567" /><F64/><AGARI ba="1,0" hai="16,21,27,42,43,59,60,64" m="1578,34898" machi="64" ten="30,5800,0" yaku="8,1,54,2" doraHai="51,10" who="0" fromWho="2" sc="279,61,144,0,250,-61,327,0" /><INIT seed="0,2,0,0,3,85" ten="340,144,189,327" oya="0" hai0="34,94,0,44,103,110,64,17,62,124,70,90,133" hai1="33,72,52,115,63,31,131,91,109,100,117,55,114" hai2="93,30,92,135,116,97,118,59,28,76,75,87,26" hai3="50,5,32,120,35,42,14,66,24,3,89,125,40"/><T43/><D0/><U123/><E117/><N who="2" m="45163" /><F135/><W11/><G66/><T121/><D121/><U105/><E123/><V60/><F75/><W51/><G120/><T78/><D78/><U69/><E72/><V106/><F106/><W19/><G125/><T4/><D4/><U130/><E109/><V46/><F46/><W58/><G35/><T77/><D77/><U96/><E91/><N who="2" m="53375" /><F76/><W38/><G38/><T9/><D103/><U61/><E31/><V67/><F26/><W45/><G32/><T7/><D34/><U129/><E33/><V13/><F13/><W83/><G24/><T56/><D133/><U84/><E84/><V101/><AGARI ba="2,0" hai="28,30,59,60,67,93,97,101" m="53375,45163" machi="101" ten="30,2000,0" yaku="12,1,52,1" doraHai="85" who="2" fromWho="2" sc="340,-12,144,-7,189,26,327,-7" /><INIT seed="1,0,0,2,4,105" ten="328,137,215,320" oya="1" hai0="47,68,2,116,109,115,96,52,74,54,75,127,71" hai1="48,113,120,51,92,90,11,69,60,70,24,91,118" hai2="17,83,80,89,45,12,81,59,102,130,79,133,110" hai3="129,125,20,4,23,37,62,95,97,131,39,67,108"/><U82/><E120/><V57/><F110/><W72/><G108/><T121/><D109/><U76/><E118/><V73/><F130/><N who="3" m="49675" /><G4/><T43/><D2/><U134/><E134/><V22/><F133/><W41/><G72/><T9/><D115/><U128/><E128/><V94/><F102/><N who="3" m="60735" /><G125/><T26/><D96/><U100/><E113/><V38/><F73/><W84/><G84/><T106/><D106/><U46/><E100/><V40/><REACH who="2" step="1"/><F79/><REACH who="2" ten="328,137,205,320" step="2"/><W117/><G117/><T3/><D75/><U58/><E91/><V104/><F104/><W34/><G34/><T66/><D74/><U99/><E24/><V107/><F107/><W30/><G30/><T135/><D26/><U5/><E76/><V114/><F114/><W0/><G0/><T18/><D3/><U63/><E82/><V103/><F103/><W93/><G93/><T31/><D135/><U65/><E63/><V77/><F77/><W61/><G61/><T64/><D31/><U112/><E112/><V7/><F7/><W14/><G62/><T28/><D28/><U85/><E99/><AGARI ba="0,1" hai="12,17,22,38,40,45,57,59,80,81,83,89,94,99" machi="99" ten="40,1300,0" yaku="1,1,53,0" doraHai="105" doraHaiUra="123" who="2" fromWho="1" sc="328,0,137,-13,205,23,320,0" /><INIT seed="2,0,0,2,5,79" ten="328,124,228,320" oya="2" hai0="12,112,59,5,73,31,113,37,52,110,28,81,9" hai1="125,135,30,84,121,77,42,92,4,20,24,36,21" hai2="115,23,120,103,128,99,56,96,50,134,85,13,14" hai3="7,61,116,129,58,29,27,44,102,38,72,66,26"/><V132/><F115/><W0/><G116/><T17/><D37/><U62/><E135/><N who="2" m="51755" /><F120/><W16/><G129/><T41/><D41/><U114/><E114/><V119/><F119/><W126/><G126/><T63/><D110/><U97/><E125/><V100/><F23/><W90/><G102/><T55/><D112/><U82/><E121/><V101/><F128/><W94/><G72/><T10/><D113/><U19/><E4/><V6/><F6/><W34/><G7/><T98/><D98/><N who="2" m="37418" /><F85/><W86/><G0/><T25/><D73/><U68/><E68/><V133/><N who="2" m="51763" /><V11/><DORA hai="64" /><F11/><W87/><G87/><T8/><D8/><U111/><E111/><V123/><F123/><W18/><REACH who="3" step="1"/><G27/><REACH who="3" ten="328,124,228,310" step="2"/><T127/><D25/><U88/><E62/><V117/><F117/><W91/><G91/><T67/><D127/><U122/><E122/><V74/><F74/><W33/><G33/><T69/><D5/><U83/><E83/><V76/><F76/><W89/><G89/><T93/><D81/><U80/><E80/><V54/><AGARI ba="0,1" hai="13,14,50,54,56,100,101,103" m="37418,51763" machi="54" ten="50,2400,0" yaku="20,1" doraHai="79,64" who="2" fromWho="2" sc="328,-8,124,-8,228,34,310,-8" /><INIT seed="2,1,0,5,0,31" ten="320,116,262,302" oya="2" hai0="65,92,19,127,91,0,5,18,96,112,48,79,97" hai1="131,93,55,73,94,106,86,83,13,34,11,104,42" hai2="128,117,77,21,72,56,45,119,12,61,24,39,14" hai3="80,58,30,116,44,26,23,54,121,4,75,60,88"/><V87/><F72/><W113/><G121/><T118/><D112/><U41/><E131/><V29/><F128/><W132/><G116/><T98/><D5/><U135/><E135/><V15/><F39/><W63/><G132/><T46/><D0/><U129/><E129/><V108/><F45/><W38/><G113/><T120/><D120/><U89/><E55/><V107/><F107/><W25/><G4/><T109/><D109/><U36/><E94/><V9/><F108/><W50/><G75/><T76/><D65/><U81/><E81/><N who="2" m="47535" /><F119/><W133/><G133/><T100/><D127/><U66/><E66/><N who="2" m="39207" /><F117/><W134/><G134/><T69/><D69/><U67/><E67/><V115/><F115/><W47/><G38/><T70/><D70/><U99/><E73/><V74/><F74/><W82/><G82/><T111/><D111/><U90/><E34/><V27/><F27/><W17/><G44/><T32/><D32/><U57/><E57/><V123/><F123/><W59/><G59/><T1/><D1/><U49/><E36/><V84/><F84/><N who="3" m="50183" /><G47/><T124/><D124/><U105/><REACH who="1" step="1"/><E49/><REACH who="1" ten="320,106,262,302" step="2"/><V52/><F52/><W7/><G50/><T62/><D48/><U53/><E53/><V33/><F33/><N who="3" m="20695" /><G54/><T16/><D46/><U35/><E35/><V51/><F51/><W71/><G58/><T10/><D118/><U85/><E85/><V78/><F78/><N who="0" m="29738" /><D62/><U64/><E64/><V20/><F20/><W125/><G125/><T43/><D92/><U22/><E22/><V110/><F110/><W103/><G63/><T6/><D43/><U126/><E126/><RYUUKYOKU ba="1,1" sc="320,-15,106,15,262,15,302,-15" hai1="11,13,41,42,83,86,89,90,93,99,104,105,106" hai2="9,12,14,15,21,24,29" /><INIT seed="2,2,1,2,3,88" ten="305,121,277,287" oya="2" hai0="33,99,6,61,59,101,23,46,107,86,120,20,65" hai1="98,83,15,11,122,79,68,18,40,87,5,112,109" hai2="102,67,89,0,24,116,115,114,42,32,10,62,51" hai3="127,123,56,126,74,129,37,130,35,124,4,108,77"/><V41/><F102/><W58/><G35/><T106/><D33/><U53/><E112/><V63/><F32/><W128/><G123/><T50/><D120/><U47/><E109/><V34/><F34/><W91/><G108/><T12/><D107/><U111/><E111/><V82/><F24/><W72/><G37/><T73/><D73/><N who="3" m="28265" /><G77/><T22/><D86/><U119/><E119/><V113/><F51/><W54/><G4/><T1/><D1/><U70/><E122/><V76/><F89/><W9/><G9/><T85/><D85/><U90/><E53/><V110/><F110/><W38/><G38/><T60/><D60/><U117/><E117/><V132/><F116/><W131/><G131/><T103/><D103/><U94/><REACH who="1" step="1"/><E18/><REACH who="1" ten="305,111,277,287" step="2"/><V13/><F115/><W96/><G54/><T26/><D6/><U14/><E14/><V43/><F13/><W2/><G2/><T3/><D12/><U29/><E29/><V44/><F114/><W97/><G130/><T7/><D7/><U28/><E28/><V118/><F118/><W36/><G129/><T81/><D3/><U78/><E78/><V69/><F113/><W75/><G128/><T134/><D134/><U95/><E95/><V52/><F132/><W135/><G135/><T84/><D26/><U125/><E125/><V49/><F0/><W39/><G126/><T25/><D25/><U57/><E57/><N who="3" m="22122" /><G127/><T8/><D106/><U93/><E93/><V31/><F31/><W80/><G124/><T30/><D59/><U105/><E105/><V121/><F121/><W104/><G104/><T133/><D30/><RYUUKYOKU ba="2,2" sc="305,-10,111,30,277,-10,287,-10" hai1="5,11,15,40,47,68,70,79,83,87,90,94,98" /><INIT seed="3,3,2,5,2,37" ten="295,141,267,277" oya="3" hai0="99,86,78,93,17,22,61,3,90,31,134,7,95" hai1="107,123,5,77,6,51,63,12,0,48,19,42,23" hai2="72,26,27,80,85,74,20,10,69,119,33,18,84" hai3="67,97,29,109,41,71,88,75,81,117,111,32,39"/><W128/><G117/><T1/><D134/><U8/><E123/><V62/><F119/><W76/><G128/><T13/><D31/><U122/><E122/><V47/><F10/><W92/><G71/><T73/><D7/><U25/><E107/><V104/><F104/><W118/><G118/><T21/><D21/><U125/><E125/><V79/><F33/><W65/><G29/><T15/><D15/><U52/><E77/><V54/><F27/><W102/><G102/><T60/><D73/><U49/><E0/><V83/><F69/><W94/><G94/><T130/><D130/><U45/><E6/><V11/><F11/><W28/><G28/><T38/><D38/><U101/><E101/><V59/><F47/><N who="3" m="23999" /><G32/><T131/><D131/><U98/><E98/><V35/><F35/><W129/><G129/><T68/><D68/><U121/><E121/><V4/><F4/><W57/><G57/><AGARI ba="3,2" hai="5,8,12,19,23,25,42,45,48,49,51,52,57,63" machi="57" ten="40,5200,0" yaku="8,1,52,1,54,1" doraHai="37" who="1" fromWho="3" sc="295,0,141,81,267,0,277,-61" /><INIT seed="4,0,0,3,5,9" ten="295,222,267,216" oya="0" hai0="10,100,126,89,56,69,99,28,77,82,13,88,133" hai1="53,116,49,71,124,54,127,8,52,103,38,107,84" hai2="68,92,80,90,6,83,105,64,117,1,25,85,36" hai3="104,43,16,30,125,128,31,74,51,112,32,72,91"/><T129/><D69/><U19/><E116/><V106/><F117/><W75/><G104/><T37/><D37/><U87/><E38/><V131/><F36/><W60/><G128/><T118/><D118/><U109/><E109/><V29/><F106/><W48/><G112/><T102/><D129/><U95/><E71/><V97/><F6/><W73/><G125/><N who="1" m="48202" /><E107/><V35/><F1/><W12/><N who="3" m="18432" /><DORA hai="115" /><W27/><G31/><T24/><D56/><U45/><E103/><N who="0" m="39465" /><D99/><U76/><E76/><V59/><F59/><W86/><G60/><T114/><D114/><U123/><E123/><V135/><F131/><W3/><G3/><T55/><D55/><N who="1" m="21067" /><E95/><V14/><F92/><W11/><REACH who="3" step="1"/><G43/><REACH who="3" ten="295,222,267,206" step="2"/><T2/><D2/><U134/><E134/><V15/><F135/><W22/><G22/><T70/><D133/><U120/><E120/><V47/><F105/><W57/><G57/><T0/><D0/><U121/><E121/><V65/><F68/><W5/><G5/><N who="0" m="3279" /><D70/><U78/><E78/><V111/><F29/><W34/><G34/><T130/><D130/><U20/><E8/><V113/><F113/><W132/><G132/><T62/><D126/><U39/><E39/><V108/><F35/><W33/><G33/><T41/><D41/><U21/><E21/><V81/><F108/><W93/><AGARI ba="0,1" hai="11,12,16,27,30,32,48,51,86,91,93" m="18432" machi="93" ten="60,8000,1" yaku="1,1,0,1,52,1,54,1,53,0" doraHai="9,115" doraHaiUra="17,101" who="3" fromWho="3" sc="295,-40,222,-20,267,-20,206,90" /><INIT seed="5,0,0,0,0,74" ten="255,202,247,296" oya="1" hai0="120,100,131,107,125,111,115,91,129,58,69,85,21" hai1="47,133,61,40,75,106,126,132,73,56,72,117,17" hai2="18,60,121,1,76,130,23,31,86,36,53,92,65" hai3="55,67,97,34,29,108,25,98,81,135,134,123,42"/><U11/><E106/><V12/><F121/><W87/><G123/><T19/><D69/><U127/><E117/><V110/><F110/><W30/><G108/><T90/><D120/><U83/><E17/><V79/><F1/><W105/><G67/><T35/><D35/><U101/><E101/><V46/><F130/><N who="0" m="49674" /><D111/><U7/><E56/><N who="2" m="36999" /><F36/><W54/><G30/><T20/><D115/><U9/><E61/><V80/><F92/><W99/><G42/><T89/><D125/><N who="1" m="47627" /><E83/><V43/><F43/><W39/><G39/><T84/><D100/><U124/><N who="1" m="47635" /><U93/><DORA hai="28" /><E93/><V27/><F53/><W22/><G105/><T51/><D107/><U95/><E95/><V112/><F112/><W71/><G71/><T48/><D58/><U5/><E11/><N who="2" m="6431" /><F46/><W88/><G34/><T70/><D70/><U66/><E66/><V3/><F3/><W96/><N who="3" m="24576" /><DORA hai="122" /><W50/><REACH who="3" step="1"/><G54/><REACH who="3" ten="255,202,247,286" step="2"/><T2/><D2/><N who="1" m="183" /><E7/><V68/><F68/><W41/><G41/><T37/><D19/><U94/><E94/><V45/><F45/><AGARI ba="0,1" hai="22,25,29,45,50,55,81,87,88,134,135" m="24576" machi="45" ten="50,6400,0" yaku="1,1,54,1,53,1" doraHai="74,28,122" doraHaiUra="104,16,59" who="3" fromWho="2" sc="255,0,202,0,247,-64,286,74" /><INIT seed="6,0,0,4,5,134" ten="255,202,183,360" oya="2" hai0="11,90,114,93,40,26,37,9,102,103,83,10,7" hai1="105,131,86,124,38,31,19,128,56,60,117,43,119" hai2="52,0,98,47,32,13,118,67,44,16,46,61,50" hai3="66,94,20,68,5,1,77,27,88,18,79,53,75"/><V111/><F0/><W81/><G68/><T45/><D114/><U127/><E105/><V76/><F32/><W71/><G71/><T106/><D83/><U129/><E31/><V104/><F118/><N who="1" m="45065" /><E86/><V2/><F2/><W23/><G77/><T84/><D106/><U82/><E82/><V107/><F76/><W48/><G66/><T132/><D132/><U14/><E43/><V133/><F133/><W21/><G5/><T55/><D7/><U59/><E38/><V57/><F111/><W135/><G1/><T96/><D84/><U33/><E33/><V4/><F4/><W87/><G135/><T70/><D70/><U64/><E56/><AGARI ba="0,0" hai="18,20,21,23,27,48,53,56,75,79,81,87,88,94" machi="56" ten="30,2000,0" yaku="7,1,54,1" doraHai="134" who="3" fromWho="1" sc="255,0,202,-20,183,0,360,20" /><INIT seed="7,0,0,3,1,21" ten="255,182,183,380" oya="3" hai0="70,102,62,50,49,130,25,2,116,67,101,104,92" hai1="85,18,72,126,35,98,129,131,7,30,80,15,19" hai2="48,94,110,36,122,96,39,114,54,17,123,91,13" hai3="87,37,133,22,69,43,128,119,47,28,97,59,44"/><W27/><G119/><T58/><D2/><U26/><E126/><V31/><F114/><W77/><G69/><T46/><D116/><U55/><E72/><V11/><F31/><W108/><G47/><T53/><D104/><U24/><E98/><V74/><F110/><W42/><G42/><T38/><D130/><N who="1" m="49675" /><E55/><V40/><F74/><W0/><G133/><T71/><D92/><U111/><E111/><V95/><F94/><W23/><G0/><T5/><D5/><U84/><E7/><V81/><F81/><W75/><G75/><T127/><D71/><U51/><E51/><V120/><F40/><W79/><G43/><N who="0" m="22903" /><D50/><U132/><E132/><V66/><F66/><W32/><G128/><T89/><D89/><N who="1" m="51335" /><E85/><V117/><F117/><W6/><G87/><T88/><D88/><U29/><E15/><V4/><F4/><W68/><G6/><T99/><D99/><U90/><E90/><V78/><F78/><W124/><G97/><T8/><D127/><U1/><E1/><V83/><F83/><W65/><G124/><T105/><D102/><U118/><E118/><V106/><F106/><W61/><G108/><T86/><D101/><U10/><E10/><V3/><F3/><W20/><G68/><T107/><D8/><U76/><E76/><V115/><F115/><W9/><G9/><T103/><D86/><U112/><E112/><V52/><F54/><W134/><G134/><T63/><D107/><U16/><E18/><V109/><F109/><W113/><G113/><T60/><D105/><U14/><E14/><V125/><F125/><W57/><G79/><RYUUKYOKU ba="0,0" sc="255,-15,182,15,183,15,380,-15" hai1="16,19,24,26,29,30,35" hai2="11,13,17,36,39,48,52,91,95,96,120,122,123" owari="240,4.0,197,-30.0,198,-20.0,365,46.0" /></mjloggm>