<mjloggm ver="2.3"><GO type="169" lobby="0"/><UN n0="%E3%82%A6%E3%83%AB%E3%83%88%E3%83%A9%E7%AB%8B%E7%9B%B4" n1="%6C%62%69%72%64%31" n2="%E6%93%AC%E4%BC%BC%E9%80%A3%E5%AE%9D%E7%87%88%E7%BE%8E" n3="%E3%83%8D%E3%83%BC%E3%83%A0%E3%83%AC%E3%82%B9%EF%BC%97" dan="17,16,17,17" rate="2121.37,2102.67,2190.07,2154.36" sx="M,M,M,M"/><TAIKYOKU oya="0"/><INIT seed="0,0,0,4,1,1" ten="250,250,250,250" oya="0" hai0="86,108,52,34,24,9,31,0,87,30,35,18,126" hai1="106,4,26,48,74,66,104,78,92,103,36,123,13" hai2="22,127,8,135,41,113,121,33,124,51,49,71,60" hai3="28,82,79,101,116,109,68,5,55,84,107,11,120"/><T15/><D126/><N who="2" m="48170" /><F33/><W53/><G116/><T7/><D108/><U54/><E123/><V111/><F22/><W81/><G68/><T128/><D128/><U115/><E115/><V56/><F8/><W98/><G109/><T122/><D122/><U2/><E2/><V32/><F32/><W119/><G119/><T27/><REACH who="0" step="1"/><D52/><REACH who="0" ten="240,250,250,250" step="2"/><U44/><E36/><V62/><F111/><W100/><G120/><T61/><D61/><U97/><E66/><V69/><F121/><W96/><G53/><T14/><D14/><U112/><E112/><V91/><F60/><W47/><G55/><T23/><AGARI ba="0,1" hai="0,7,9,15,18,23,24,27,30,31,34,35,86,87" machi="23" ten="20,18000,2" yaku="1,1,0,1,7,1,9,1,24,2,52,1,53,0" doraHai="1" doraHaiUra="114" who="0" fromWho="0" sc="240,190,250,-60,250,-60,250,-60" /><INIT seed="0,1,0,0,0,107" ten="430,190,190,190" oya="0" hai0="25,99,114,131,12,82,37,49,98,44,6,7,51" hai1="133,30,1,130,90,132,8,10,135,35,123,36,76" hai2="125,24,46,94,20,28,96,108,126,89,19,45,115" hai3="112,3,91,102,58,54,87,121,0,129,80,15,27"/><T32/><D37/><U113/><E36/><V2/><F115/><W39/><G112/><T5/><D114/><U92/><E113/><V78/><F108/><W43/><G102/><T105/><D105/><U71/><E71/><V64/><F2/><W31/><G15/><T9/><D131/><U62/><E123/><V100/><F64/><W84/><G129/><T95/><D25/><N who="1" m="18895" /><E130/><V69/><F69/><W101/><G101/><N who="0" m="60639" /><D32/><U18/><E76/><V72/><F28/><W109/><G43/><N who="0" m="24735" /><D99/><N who="1" m="57751" /><E1/><V70/><F70/><W50/><G39/><T122/><D122/><U97/><E97/><V120/><F120/><W103/><G103/><T77/><D51/><U124/><E62/><V83/><REACH who="2" step="1"/><F100/><REACH who="2" ten="430,190,180,190" step="2"/><W63/><G109/><T128/><D128/><U73/><E124/><AGARI ba="1,1" hai="19,20,24,45,46,72,78,83,89,94,96,124,125,126" machi="124" ten="40,8000,1" yaku="1,1,2,1,18,1,52,1,53,0" doraHai="107" doraHaiUra="110" who="2" fromWho="1" sc="430,0,190,-83,180,93,190,0" /><INIT seed="1,0,0,1,5,62" ten="430,107,273,190" oya="1" hai0="25,29,90,87,103,117,68,130,85,64,66,37,83" hai1="120,16,57,100,133,45,72,0,105,14,7,44,125" hai2="5,26,18,34,36,63,119,55,129,23,78,123,107" hai3="24,39,27,74,65,51,11,118,124,33,35,92,108"/><U54/><E120/><V10/><F123/><W38/><G39/><T93/><D37/><U89/><E72/><V86/><F107/><W115/><G74/><T94/><D68/><U109/><E125/><V48/><F36/><W31/><G38/><T12/><D130/><U52/><E133/><V53/><F119/><W76/><G76/><T32/><D117/><U6/><E100/><V80/><F129/><W17/><G51/><T134/><D134/><U49/><E105/><V43/><F34/><N who="3" m="12811" /><G92/><T113/><D113/><U1/><E1/><V42/><F63/><W112/><G65/><T19/><D87/><U41/><E109/><V101/><F101/><W106/><G106/><T127/><D127/><U97/><E0/><V77/><F77/><W30/><G124/><T91/><D103/><U102/><E102/><V79/><F79/><W50/><G50/><T75/><D75/><U4/><E54/><V21/><F21/><W71/><G71/><T128/><D83/><U20/><E41/><V15/><REACH who="2" step="1"/><F53/><REACH who="2" ten="430,107,263,190" step="2"/><W67/><G118/><T114/><D128/><U47/><E89/><V58/><AGARI ba="0,1" hai="5,10,15,18,23,26,42,43,48,55,58,78,80,86" machi="58" ten="20,12000,2" yaku="1,1,2,1,0,1,7,1,8,1,53,1" doraHai="62" doraHaiUra="82" who="2" fromWho="2" sc="430,-30,107,-60,263,130,190,-30" /><INIT seed="2,0,0,0,2,15" ten="400,47,393,160" oya="2" hai0="73,22,5,103,115,101,72,102,51,44,64,83,54" hai1="112,42,28,57,50,82,92,133,13,19,86,27,46" hai2="58,14,60,98,48,31,85,95,80,38,122,118,125" hai3="110,120,77,63,36,109,29,111,43,93,69,3,134"/><V84/><F118/><W130/><G120/><T108/><D115/><U37/><E112/><V100/><F38/><W81/><G134/><T135/><D135/><U25/><E133/><V131/><F122/><W113/><G3/><T99/><D108/><U127/><E127/><V75/><F75/><N who="3" m="43199" /><G113/><T119/><D119/><U17/><E92/><V56/><F131/><W70/><G130/><T94/><D5/><U71/><E71/><N who="3" m="27146" /><G63/><T126/><D64/><U33/><E13/><V124/><F31/><W30/><G93/><T59/><D59/><U53/><REACH who="1" step="1"/><E27/><REACH who="1" ten="400,37,393,160" step="2"/><V47/><F14/><W16/><G111/><T12/><D126/><U97/><E97/><V49/><F125/><W0/><G110/><T66/><D94/><U67/><E67/><N who="2" m="39303" /><F124/><W79/><G109/><T21/><D99/><U39/><E39/><V35/><F98/><W61/><G36/><T91/><D66/><U4/><E4/><V32/><F95/><W45/><G0/><T74/><D12/><U62/><E62/><V1/><F1/><W88/><G61/><T11/><D11/><U6/><E6/><V121/><F121/><W8/><G8/><T90/><D83/><U129/><E129/><V106/><F80/><W96/><G96/><T76/><D102/><U41/><E41/><N who="2" m="24687" /><F100/><W107/><G43/><T40/><D40/><U10/><E10/><V65/><F65/><W68/><G68/><T20/><D103/><U34/><E34/><N who="2" m="12843" /><F106/><W114/><G107/><T104/><D101/><U87/><E87/><V55/><F85/><W23/><G114/><T9/><D104/><U78/><AGARI ba="0,1" hai="17,19,25,28,33,37,42,46,50,53,57,78,82,86" machi="78" ten="20,12000,2" yaku="1,1,5,1,0,1,7,1,52,2,53,0" doraHai="15" doraHaiUra="132" who="1" fromWho="1" sc="400,-30,37,130,393,-60,160,-30" /><INIT seed="3,0,0,5,4,22" ten="370,167,333,130" oya="3" hai0="11,21,134,102,20,14,109,128,36,67,84,74,12" hai1="17,50,34,3,47,101,42,91,97,93,0,112,81" hai2="54,80,131,45,53,4,104,68,79,132,61,31,129" hai3="118,56,123,27,77,63,8,71,114,99,1,75,30"/><W52/><G114/><T62/><D74/><U15/><E34/><V5/><F104/><W48/><G118/><T6/><D36/><U122/><E122/><V106/><F106/><W130/><G123/><T115/><D109/><U10/><E112/><V111/><F111/><W124/><G75/><T86/><D115/><U65/><E65/><N who="2" m="41007" /><F31/><W73/><G130/><N who="2" m="49673" /><F132/><W89/><G124/><T96/><D134/><U100/><REACH who="1" step="1"/><E81/><REACH who="1" ten="370,157,333,130" step="2"/><V64/><F64/><W58/><G71/><T87/><D128/><U60/><E60/><V33/><F33/><W24/><G73/><T83/><D62/><U7/><E7/><V66/><F66/><N who="3" m="39271" /><G1/><AGARI ba="0,1" hai="0,1,3,10,15,17,42,47,50,91,93,97,100,101" machi="1" ten="40,2600,0" yaku="1,1,53,1" doraHai="22" doraHaiUra="44" who="1" fromWho="3" sc="370,0,157,36,333,0,130,-26" /><INIT seed="4,0,0,3,3,120" ten="370,193,333,104" oya="0" hai0="62,33,126,30,24,15,93,50,5,43,25,98,135" hai1="10,60,46,73,53,76,21,59,1,121,132,113,65" hai2="71,52,45,97,90,117,127,123,78,86,116,131,122" hai3="13,107,40,18,61,83,3,2,130,95,8,11,125"/><T101/><D126/><U88/><E121/><V110/><F71/><W20/><G107/><T111/><D135/><U115/><E76/><V14/><F127/><W112/><G125/><T89/><D25/><U37/><E73/><V119/><F131/><W6/><G112/><N who="1" m="43082" /><E132/><V26/><F110/><W54/><G130/><T32/><D32/><U103/><E103/><V58/><F45/><W35/><G40/><T57/><D111/><U44/><E21/><V96/><F78/><W34/><G83/><T108/><D108/><U64/><E37/><V129/><F129/><W87/><G87/><T31/><D89/><U51/><E46/><V39/><F39/><W28/><G95/><T38/><D38/><U91/><E10/><V36/><F36/><W63/><G54/><T79/><D79/><U85/><E1/><V41/><F41/><W68/><G68/><T23/><D33/><N who="3" m="12297" /><G63/><T128/><D128/><U27/><E27/><V7/><F26/><N who="3" m="16455" /><G61/><T48/><D48/><U66/><E91/><V99/><F90/><W17/><G2/><T4/><D50/><U105/><E105/><V49/><F86/><W114/><G114/><T74/><D74/><U69/><E69/><V84/><F84/><W133/><G133/><T70/><D70/><U56/><E44/><V124/><F124/><W9/><G9/><AGARI ba="0,0" hai="7,9,14,49,52,58,96,97,99,116,117,119,122,123" machi="9" ten="50,3200,0" yaku="12,1,54,1" doraHai="120" who="2" fromWho="3" sc="370,0,193,0,333,32,104,-32" /><INIT seed="5,0,0,0,1,51" ten="370,193,365,72" oya="1" hai0="49,22,122,118,95,91,119,128,98,54,97,24,77" hai1="67,31,100,50,82,62,61,1,42,55,4,63,76" hai2="79,5,60,135,6,34,29,10,120,59,13,133,85" hai3="52,70,129,40,80,71,113,75,20,105,68,30,45"/><U93/><E31/><V111/><F111/><W104/><G113/><T53/><D77/><U94/><E4/><V35/><F120/><W103/><G129/><T69/><D69/><U121/><E1/><V117/><F117/><W108/><G108/><T12/><D12/><U18/><E42/><V66/><F5/><W23/><G103/><T9/><D9/><U74/><E121/><V131/><F131/><W47/><G23/><T96/><D128/><U134/><E134/><N who="2" m="51211" /><F29/><W102/><G20/><T38/><D38/><U112/><E112/><V115/><F115/><W92/><G30/><N who="0" m="17687" /><D122/><U37/><E37/><V109/><F109/><W3/><G3/><T19/><D119/><U26/><E67/><V110/><F110/><W130/><G130/><T88/><D118/><U126/><E126/><V106/><F106/><W125/><G125/><T39/><D39/><U132/><E132/><V41/><F41/><W73/><G40/><T123/><D19/><U7/><E7/><V78/><F85/><W36/><G36/><T8/><D8/><U27/><E18/><V33/><AGARI ba="0,0" hai="6,10,13,33,34,35,59,60,66,78,79" m="51211" machi="33" ten="40,1500,0" yaku="20,1" doraHai="51" who="2" fromWho="2" sc="370,-4,193,-7,365,15,72,-4" /><INIT seed="6,0,0,5,2,116" ten="366,186,380,68" oya="2" hai0="63,76,84,22,10,102,39,111,83,120,43,124,97" hai1="33,32,119,34,54,100,70,21,123,67,128,87,95" hai2="60,74,73,125,64,28,35,16,26,41,46,134,94" hai3="55,53,37,52,5,110,115,0,6,15,57,104,96"/><V13/><F134/><W47/><G110/><T93/><D124/><U20/><E119/><V121/><F125/><W19/><G0/><T82/><D111/><U112/><E112/><V88/><F121/><W27/><G115/><T109/><D109/><U85/><E128/><V1/><F1/><W24/><G57/><T126/><D126/><U81/><E67/><V117/><F117/><W71/><G71/><T103/><D120/><U66/><E66/><V107/><F107/><W8/><G37/><T44/><D63/><U7/><E70/><V62/><F62/><W98/><G47/><T40/><D40/><U118/><E118/><V9/><F60/><W129/><G129/><T90/><D22/><U133/><E133/><V114/><F64/><W36/><G36/><T58/><D58/><U42/><E42/><V18/><F18/><W59/><G59/><T14/><D83/><U56/><E7/><V48/><REACH who="2" step="1"/><F114/><REACH who="2" ten="366,186,370,68" step="2"/><W106/><G106/><T105/><D105/><U38/><E123/><V122/><F122/><W77/><G104/><T75/><D75/><U17/><E17/><AGARI ba="0,1" hai="10,14,17,39,43,44,76,82,84,90,93,97,102,103" machi="17" ten="30,1000,0" yaku="7,1" doraHai="116" who="0" fromWho="1" sc="366,20,186,-10,370,0,68,0" /><INIT seed="7,0,0,3,2,76" ten="386,176,370,68" oya="3" hai0="69,5,82,129,50,86,25,10,132,110,28,27,8" hai1="51,94,14,7,34,111,126,42,24,16,102,119,29" hai2="64,55,31,116,98,91,39,74,9,75,115,79,4" hai3="88,101,17,107,131,133,48,13,47,84,105,68,63"/><W97/><G131/><T72/><D72/><U35/><E111/><V49/><F39/><W103/><G133/><T81/><D69/><U56/><E119/><V92/><F116/><W37/><G37/><T109/><D82/><U15/><E126/><V2/><F115/><W23/><G68/><T32/><D10/><U3/><E35/><V60/><F79/><W67/><G67/><T71/><D71/><U22/><E15/><V87/><F31/><W36/><G36/><T130/><D27/><U128/><E128/><N who="0" m="49257" /><D50/><U18/><E18/><V54/><F98/><W106/><G63/><T46/><D46/><U123/><E123/><V99/><F99/><W113/><G113/><T38/><D38/><U121/><E121/><V112/><F112/><W73/><G73/><T59/><D59/><U6/><E6/><V65/><F65/><W120/><G120/><T90/><D132/><U117/><E117/><V33/><F33/><W45/><G103/><T93/><D93/><U124/><E124/><V134/><F134/><W70/><G70/><T19/><D19/><U85/><E42/><V118/><F118/><W41/><REACH who="3" step="1"/><G47/><REACH who="3" ten="386,176,370,58" step="2"/><T44/><D44/><U61/><E51/><V1/><F74/><W127/><G127/><T104/><D104/><U21/><E102/><V96/><F75/><W20/><G20/><T95/><D110/><U57/><E22/><V125/><F125/><W89/><G89/><T66/><D109/><U30/><E61/><V12/><F64/><W122/><G122/><T78/><D66/><U80/><E21/><V100/><F60/><W62/><G62/><RYUUKYOKU ba="0,1" sc="386,-10,176,-10,370,-10,58,30" hai3="13,17,23,41,45,48,84,88,97,101,105,106,107" /><INIT seed="7,1,1,5,0,134" ten="376,166,360,88" oya="3" hai0="97,129,92,67,94,60,31,53,61,87,6,54,29" hai1="100,34,77,91,20,63,120,22,13,99,0,115,49" hai2="25,126,90,74,119,71,35,69,78,96,9,38,121" hai3="82,84,28,103,122,93,27,14,43,102,8,48,111"/><W124/><G122/><T32/><D129/><U85/><E120/><V116/><F121/><W72/><G72/><T56/><D6/><U101/><E34/><V65/><F90/><W89/><G111/><T75/><D75/><U21/><E0/><V7/><F126/><W36/><G36/><T95/><D32/><U113/><E77/><V30/><F96/><W123/><G123/><T39/><D39/><U5/><E63/><N who="2" m="40127" /><F71/><W80/><G124/><T55/><D61/><U114/><E49/><V2/><F38/><W15/><G15/><T41/><D41/><U51/><E51/><V105/><F105/><W86/><G93/><N who="0" m="35947" /><D87/><U58/><E58/><V40/><F40/><W66/><G66/><T52/><D67/><U64/><E64/><V107/><F107/><W130/><G130/><T12/><D12/><U117/><E117/><V42/><F42/><W33/><G48/><T3/><D3/><U57/><E57/><V68/><F68/><W24/><G43/><T45/><D45/><U26/><E26/><V62/><F62/><W76/><REACH who="3" step="1"/><G24/><REACH who="3" ten="376,166,360,78" step="2"/><T106/><D106/><U50/><E50/><V47/><F47/><W70/><G70/><T112/><D112/><U127/><E127/><V11/><F11/><W44/><G44/><T104/><D104/><U37/><E37/><V4/><F4/><AGARI ba="1,2" hai="4,8,14,27,28,33,76,80,82,84,86,89,102,103" machi="4" ten="30,11600,0" yaku="1,1,7,1,53,2" doraHai="134" doraHaiUra="83" who="3" fromWho="2" sc="376,0,166,0,360,-119,78,139" /><INIT seed="7,2,0,4,0,31" ten="376,166,241,217" oya="3" hai0="57,107,128,32,104,119,106,86,83,18,115,93,98" hai1="44,39,5,2,29,111,103,21,88,99,134,112,114" hai2="54,15,68,26,124,58,97,49,66,37,48,133,13" hai3="1,91,19,101,23,25,41,120,118,79,131,89,6"/><W69/><G118/><T80/><D32/><U42/><E111/><V46/><F37/><W20/><G120/><T27/><D27/><U47/><E134/><V62/><F133/><W17/><G69/><T127/><D18/><U52/><E5/><V109/><F109/><W12/><G131/><T100/><D57/><U50/><E2/><V110/><F110/><W129/><G129/><T105/><D128/><U135/><E135/><V59/><F68/><W33/><G101/><N who="0" m="62519" /><D119/><U82/><E29/><V53/><F124/><W38/><G79/><N who="0" m="46463" /><D127/><U90/><E21/><V71/><F71/><W75/><G75/><T35/><D35/><U87/><REACH who="1" step="1"/><E90/><REACH who="1" ten="376,156,241,217" step="2"/><V123/><F123/><W78/><G6/><T36/><D115/><U16/><E16/><V61/><F13/><W116/><G1/><T45/><D36/><U96/><E96/><V30/><F97/><W55/><G116/><T81/><D45/><U22/><E22/><V95/><F15/><W117/><G117/><T122/><D122/><U121/><E121/><V28/><F28/><W43/><G33/><T56/><D56/><U126/><E126/><V9/><F59/><W14/><G38/><T60/><D60/><U108/><E108/><V65/><F62/><W34/><G34/><T85/><D100/><U40/><E40/><V102/><F61/><W11/><G11/><T10/><D10/><U132/><E132/><V74/><F9/><W67/><G23/><T130/><D130/><U51/><E51/><V84/><F49/><W125/><G20/><T76/><D76/><U24/><E24/><V72/><F26/><RYUUKYOKU ba="2,1" sc="376,15,156,15,241,-15,217,-15" hai0="80,81,85,93,105,106,107" hai1="39,42,44,47,50,52,82,87,88,99,103,112,114" owari="401,50.0,171,-33.0,226,3.0,202,-20.0" /></mjloggm>