<mjloggm ver="2.3"><GO type="41" lobby="0"/><UN n0="%E5%B0%B1%E6%B4%BB%E7%94%9F%40%E5%B7%9D%E6%9D%91%E8%BB%8D%E5%9B%A3" n1="%E9%9B%B7%E7%9B%B4%E6%92%83%E2%98%86%EF%BC%92%E5%9B%9E%E7%9B%AE" n2="%E3%83%90%E3%83%AB%E3%82%B6%E3%83%83%E3%82%AF" n3="%E4%B8%96%E5%A4%A2" dan="15,14,15,15" rate="2003.28,1921.05,1946.28,2104.60" sx="M,M,M,F"/><TAIKYOKU oya="0"/><INIT seed="0,0,0,4,0,60" ten="250,250,250,250" oya="0" hai0="29,35,87,18,69,85,71,103,36,102,76,101,40" hai1="7,123,12,47,9,51,39,92,70,57,37,83,6" hai2="58,109,54,97,13,86,21,127,93,135,112,20,56" hai3="78,96,14,95,134,74,114,10,30,128,34,113,84"/><T129/><D129/><U120/><E70/><V72/><F72/><W59/><G74/><T99/><D35/><U126/><E83/><V115/><F127/><W27/><G128/><T4/><D29/><U90/><E126/><V119/><F135/><W63/><G134/><T64/><D99/><U133/><E133/><V80/><F109/><W38/><G38/><T121/><D121/><U66/><E7/><V125/><F125/><W23/><G34/><T16/><D4/><U49/><E49/><V88/><F119/><W75/><G75/><T67/><D71/><U82/><E82/><V44/><F112/><W118/><G118/><T8/><D69/><U32/><E32/><V105/><F105/><W28/><G28/><T48/><D36/><U110/><E110/><V131/><F131/><W1/><G1/><T106/><D106/><U100/><E100/><V11/><F115/><W31/><G31/><T53/><D40/><U107/><E107/><V41/><F41/><W42/><G42/><T116/><D116/><U68/><E68/><V61/><F56/><W24/><G24/><T124/><D124/><U132/><E132/><V117/><F44/><W2/><G2/><T98/><D98/><N who="1" m="57623" /><E39/><V94/><F117/><W79/><G84/><N who="0" m="32331" /><D76/><U89/><E37/><V122/><F122/><W130/><G130/><T43/><D43/><N who="1" m="25087" /><E89/><V52/><F94/><W50/><G114/><T17/><D8/><U0/><E0/><V62/><F97/><W65/><G113/><T81/><D81/><U104/><E104/><V5/><F93/><W15/><G78/><T33/><D33/><RYUUKYOKU ba="0,0" sc="250,10,250,10,250,10,250,-30" hai0="16,17,18,48,53,64,67,101,102,103" hai1="6,9,12,57,66,120,123" hai2="5,11,13,20,21,52,54,58,61,62,80,86,88" /><INIT seed="0,1,0,5,0,35" ten="260,260,260,220" oya="0" hai0="52,87,23,112,109,36,96,29,67,118,78,66,133" hai1="28,0,39,20,107,121,45,74,14,5,22,75,51" hai2="1,92,104,131,79,42,19,11,77,40,128,59,124" hai3="122,113,27,114,83,9,111,84,132,46,7,127,120"/><T89/><D36/><U129/><E121/><N who="3" m="46698" /><G132/><T68/><D118/><U10/><E39/><V116/><F104/><W125/><G46/><T69/><D112/><N who="3" m="43113" /><G111/><T30/><D133/><U115/><E129/><V134/><F134/><W18/><G84/><T37/><D109/><U101/><E115/><V119/><F92/><W54/><G54/><T56/><D37/><U106/><E106/><V60/><F19/><W126/><G83/><N who="0" m="47607" /><D69/><U33/><E107/><V41/><F79/><W72/><G72/><T44/><D68/><U58/><E74/><V86/><F86/><W130/><G130/><N who="2" m="49705" /><F77/><W21/><G126/><T47/><D44/><U80/><E45/><V123/><F124/><W93/><G93/><N who="0" m="56367" /><D47/><U26/><E75/><V97/><F123/><W38/><G38/><T90/><D90/><U24/><E80/><V108/><F97/><W32/><G32/><T12/><D12/><AGARI ba="1,0" hai="7,9,12,18,21,27,125,127" m="43113,46698" machi="12" ten="30,3900,0" yaku="13,1,34,2" doraHai="35" who="3" fromWho="0" sc="260,-42,260,0,260,0,220,42" /><INIT seed="1,0,0,0,5,15" ten="218,260,260,262" oya="1" hai0="29,28,75,48,105,22,35,6,34,125,92,78,36" hai1="102,54,85,115,1,30,12,11,82,9,57,47,73" hai2="56,19,103,24,71,63,17,120,131,110,108,27,3" hai3="13,128,39,114,62,77,18,51,130,14,25,5,83"/><U84/><E115/><V118/><F71/><W58/><G39/><T117/><D105/><U116/><E116/><V87/><F118/><W46/><G114/><T64/><D36/><U135/><E135/><V113/><F3/><W50/><G5/><T132/><D117/><U52/><E73/><V91/><F113/><W26/><G26/><N who="2" m="9769" /><F103/><W80/><G25/><T53/><D78/><U33/><E33/><V43/><F43/><N who="3" m="24927" /><G13/><T112/><D6/><U23/><E1/><V133/><F131/><N who="3" m="50219" /><G51/><T95/><D64/><U31/><E102/><V10/><F10/><N who="3" m="6487" /><G77/><T90/><D75/><U89/><E23/><V2/><F2/><W109/><G109/><N who="2" m="42089" /><F120/><W97/><G97/><T111/><D22/><U106/><E11/><V124/><F133/><W98/><G98/><T59/><D132/><U79/><E79/><V104/><F104/><W49/><G49/><T69/><D111/><U60/><E106/><V86/><F124/><W61/><G61/><T21/><D125/><U119/><E119/><V68/><F68/><W72/><G72/><T127/><D69/><U70/><E70/><V129/><F129/><W88/><G88/><T134/><D127/><U101/><E101/><V107/><F107/><W94/><G94/><T0/><D134/><U16/><E85/><N who="2" m="32267" /><F91/><W66/><AGARI ba="0,0" hai="58,62,66,80,83" m="6487,50219,24927" machi="66" ten="30,2000,0" yaku="19,1,52,1" doraHai="15" who="3" fromWho="3" sc="218,-5,260,-10,260,-5,262,20" /><INIT seed="2,0,0,3,3,129" ten="213,250,255,282" oya="2" hai0="69,102,29,62,52,60,88,93,91,35,134,37,85" hai1="47,75,42,33,41,27,30,68,12,49,11,66,44" hai2="54,86,103,127,1,24,39,8,133,73,13,55,81" hai3="26,58,2,51,57,116,96,123,9,17,105,84,25"/><V83/><F39/><W124/><G116/><T4/><D37/><U65/><E75/><V126/><F1/><W92/><G124/><N who="2" m="47657" /><F103/><N who="3" m="60807" /><G123/><T45/><D134/><U125/><E125/><V63/><F73/><W3/><G105/><T38/><D35/><U16/><E68/><V97/><F97/><W122/><G2/><T104/><D104/><U117/><E117/><V20/><F63/><N who="0" m="24106" /><D38/><AGARI ba="0,0" hai="11,12,16,27,30,33,38,41,42,44,47,49,65,66" machi="38" ten="30,2000,0" yaku="7,1,54,1" doraHai="129" who="1" fromWho="0" sc="213,-20,250,20,255,0,282,0" /><INIT seed="3,0,0,5,0,54" ten="193,270,255,282" oya="3" hai0="50,92,97,52,128,121,3,84,30,61,48,79,37" hai1="17,4,130,96,94,78,133,49,11,9,8,95,47" hai2="89,12,35,18,15,68,53,7,74,59,101,38,64" hai3="66,42,46,70,135,75,6,124,83,41,99,67,22"/><W104/><G124/><T123/><D37/><U132/><E130/><V69/><F38/><W116/><G116/><T28/><D3/><U65/><E78/><V108/><F35/><W131/><G131/><T40/><D128/><U71/><E4/><V73/><F7/><W43/><G135/><N who="1" m="51786" /><E17/><V106/><F15/><W81/><G6/><T88/><D123/><U122/><E122/><V34/><F34/><W16/><G46/><N who="0" m="25671" /><D121/><U0/><E0/><V51/><F108/><W60/><G67/><T72/><D61/><N who="1" m="40367" /><E96/><V5/><F5/><W127/><G127/><T24/><D72/><U109/><E109/><V103/><F74/><W125/><G75/><T85/><D79/><U31/><E31/><N who="0" m="11817" /><D24/><U44/><E44/><AGARI ba="0,0" hai="44,50,52,84,85,88,92,97" m="11817,25671" machi="44" ten="30,3900,0" yaku="8,1,54,2" doraHai="54" who="0" fromWho="1" sc="193,39,270,-39,255,0,282,0" /><INIT seed="4,0,0,2,0,120" ten="232,231,255,282" oya="0" hai0="42,74,8,24,76,3,52,60,97,21,128,83,23" hai1="69,0,64,17,14,43,35,105,100,58,98,72,111" hai2="134,94,82,119,25,68,51,32,70,6,85,12,117" hai3="133,127,103,96,114,123,66,1,53,84,113,93,29"/><T89/><D128/><U106/><E0/><V91/><F134/><W18/><G133/><T31/><D42/><U30/><E72/><V7/><F32/><W63/><G127/><T2/><D8/><U73/><E73/><V13/><F25/><W80/><G1/><T37/><D37/><U92/><E43/><V95/><F51/><W46/><G29/><T40/><D40/><U109/><E69/><V124/><F124/><W101/><G123/><T104/><D23/><U54/><E64/><V57/><F57/><W99/><G18/><T47/><D83/><U75/><E75/><V87/><F82/><W41/><G53/><T65/><D76/><U45/><E45/><V130/><F91/><N who="3" m="51591" /><G46/><T115/><D74/><U44/><E44/><V9/><F9/><W22/><G22/><T11/><D115/><N who="3" m="44041" /><G41/><T108/><D11/><U107/><E30/><V26/><F26/><W27/><G27/><T112/><D112/><U62/><REACH who="1" step="1"/><E35/><REACH who="1" ten="232,221,255,282" step="2"/><V121/><F121/><W38/><G38/><T79/><D65/><U90/><E90/><V61/><F130/><W71/><G103/><T78/><D47/><U88/><E88/><V5/><F70/><W59/><G71/><T48/><D89/><U33/><E33/><V39/><F68/><W135/><G135/><T116/><D79/><U10/><AGARI ba="0,1" hai="10,14,17,54,58,62,92,98,100,105,106,107,109,111" machi="10" ten="30,7900,0" yaku="1,1,0,1,52,2,53,0" doraHai="120" doraHaiUra="129" who="1" fromWho="1" sc="232,-39,221,89,255,-20,282,-20" /><INIT seed="5,0,0,3,4,50" ten="193,310,235,262" oya="1" hai0="39,73,127,79,3,31,48,86,68,57,60,103,51" hai1="84,98,25,112,81,132,44,116,113,21,59,93,126" hai2="100,82,80,124,49,120,128,135,105,74,6,19,101" hai3="11,134,83,96,8,123,62,36,13,76,43,106,35"/><U118/><E126/><V65/><F124/><W110/><G110/><T16/><D127/><U42/><E132/><V46/><F135/><W5/><G134/><T14/><D73/><U133/><E133/><V32/><F32/><W9/><G35/><T18/><D68/><U115/><E59/><V99/><F120/><W94/><G106/><T69/><D3/><U91/><E25/><V129/><F101/><W34/><G34/><T7/><D69/><U0/><E0/><V111/><F111/><W87/><G123/><T90/><D39/><U2/><E2/><V27/><F65/><W10/><G43/><T40/><D103/><U54/><E21/><V71/><F6/><W17/><G36/><T61/><D31/><U29/><E29/><V114/><F71/><W67/><G5/><T26/><D79/><U15/><E15/><V45/><F74/><W130/><G130/><T23/><D7/><U52/><E42/><V75/><F75/><W131/><G131/><T64/><D60/><U97/><E97/><V89/><F99/><W88/><REACH who="3" step="1"/><G10/><REACH who="3" ten="193,310,235,252" step="2"/><T107/><D40/><U70/><E118/><V108/><F128/><W33/><G33/><T24/><D107/><U66/><E116/><V20/><F105/><W47/><G47/><T102/><D102/><N who="1" m="60751" /><E44/><V117/><F46/><W4/><G4/><T55/><D18/><U95/><E81/><V1/><F82/><W53/><G53/><T56/><D48/><U85/><E85/><V37/><F117/><W104/><G104/><T78/><D78/><U92/><E92/><AGARI ba="0,1" hai="14,16,23,24,26,51,55,56,57,61,64,86,90,92" machi="92" ten="30,12000,2" yaku="7,1,25,2,8,1,52,1,54,1" doraHai="50" who="0" fromWho="1" sc="193,130,310,-120,235,0,252,0" /><INIT seed="6,0,0,1,3,77" ten="323,190,235,252" oya="2" hai0="95,65,68,93,100,85,67,72,86,0,9,33,8" hai1="12,16,122,131,39,14,34,127,41,60,115,55,125" hai2="61,11,43,10,71,47,30,70,58,25,133,19,105" hai3="54,50,63,3,13,108,91,42,124,75,83,56,84"/><V15/><F105/><W112/><G3/><T36/><D72/><U35/><E115/><V1/><F133/><W116/><G108/><T37/><D33/><U109/><E109/><V111/><F111/><W17/><G124/><N who="1" m="47690" /><E131/><V40/><F43/><W26/><G116/><T51/><D51/><U23/><E41/><V45/><F47/><W5/><G75/><T7/><D100/><U73/><E73/><V98/><F98/><W52/><G42/><T135/><D135/><U44/><E44/><V28/><F30/><W38/><G38/><T90/><D9/><U74/><E74/><V87/><F10/><N who="3" m="4303" /><G112/><T81/><D95/><U59/><E39/><V104/><F1/><W99/><G99/><T106/><D106/><U121/><E14/><V66/><F104/><W134/><G134/><T132/><D132/><U113/><E113/><V76/><F45/><N who="3" m="27727" /><G26/><T120/><D120/><AGARI ba="0,0" hai="12,16,23,34,35,55,59,60,120,121,122" m="47690" machi="120" ten="30,3900,0" yaku="13,1,18,1,54,1" doraHai="77" who="1" fromWho="0" sc="323,-39,190,39,235,0,252,0" /><INIT seed="7,0,0,2,1,20" ten="284,229,235,252" oya="3" hai0="13,19,24,109,4,61,135,43,68,129,126,9,16" hai1="96,104,49,36,5,83,12,75,106,72,69,105,79" hai2="78,39,99,73,131,2,6,0,128,76,123,103,122" hai3="63,87,93,27,90,60,98,80,18,71,7,55,54"/><W8/><G71/><T51/><D109/><U92/><E36/><V77/><F39/><W44/><G7/><T23/><D129/><N who="2" m="49738" /><F6/><W67/><G67/><T119/><D126/><U100/><E69/><V116/><F116/><W94/><G94/><T41/><D119/><U14/><E72/><V59/><F59/><W25/><G44/><N who="0" m="25999" /><D135/><U85/><E49/><V40/><F40/><W125/><G125/><T107/><D68/><U134/><E134/><V130/><N who="2" m="49746" /><V64/><DORA hai="121" /><F64/><W52/><G8/><N who="0" m="4231" /><D107/><N who="1" m="41035" /><E5/><V102/><F99/><W108/><G108/><T132/><D132/><U47/><E47/><V66/><F73/><W84/><G84/><T86/><D43/><U101/><E101/><N who="2" m="38411" /><F66/><W31/><G31/><N who="0" m="17823" /><D9/><U1/><E1/><AGARI ba="0,0" hai="0,1,2,76,77,78,122,123" m="38411,49746" machi="1" ten="50,6400,0" yaku="28,2,19,1" doraHai="20,121" who="2" fromWho="1" sc="284,0,229,-64,235,64,252,0" /><INIT seed="8,0,0,5,1,32" ten="284,165,299,252" oya="0" hai0="106,98,79,59,3,134,39,76,107,2,9,67,6" hai1="121,20,80,0,78,8,42,109,95,4,129,100,50" hai2="87,81,73,104,45,92,16,118,97,33,105,114,44" hai3="13,90,133,14,43,40,102,24,36,66,31,51,37"/><T64/><D134/><U126/><E121/><V132/><F33/><W53/><G133/><T123/><D123/><U75/><E109/><V46/><F132/><W68/><G102/><T91/><D39/><U34/><E34/><V65/><F65/><W19/><G90/><T113/><D113/><U35/><E35/><V70/><F70/><W38/><G66/><T122/><D122/><U11/><E129/><V124/><F73/><W52/><G68/><T10/><D59/><U111/><E111/><V74/><F74/><W57/><G13/><T125/><D91/><U60/><E126/><V48/><F124/><W56/><G24/><T135/><D135/><U119/><E119/><V128/><F128/><W115/><G31/><T101/><D125/><U15/><E60/><V96/><F118/><W5/><G5/><T85/><D85/><U77/><E77/><V23/><F96/><W62/><REACH who="3" step="1"/><G115/><REACH who="3" ten="284,165,299,242" step="2"/><T83/><D107/><U84/><E20/><AGARI ba="0,1" hai="14,19,20,36,37,38,40,43,51,52,53,56,57,62" machi="20" ten="40,5200,0" yaku="1,1,2,1,54,1,53,0" doraHai="32" doraHaiUra="103" who="3" fromWho="1" sc="284,0,165,-52,299,0,242,62" owari="284,-12.0,113,-39.0,299,10.0,304,41.0" /></mjloggm>