<mjloggm ver="2.3"><GO type="97" lobby="0"/><UN n0="%6D%61%63%6B%69%6E%74%6F" n1="%E3%82%A6%E3%83%AB%E3%83%88%E3%83%A9%E7%AB%8B%E7%9B%B4" n2="%E9%A6%AC%E5%88%B8%E5%B8%AB%E2%98%86%E6%9D%B1%E9%99%BD" n3="%64%65%6F%6E%65" dan="13,14,15,15" rate="1910.79,1963.69,1972.57,1954.02" sx="M,M,M,M"/><TAIKYOKU oya="0"/><INIT seed="0,0,0,2,4,114" ten="250,250,250,250" oya="0" hai0="58,42,135,88,32,54,52,99,62,113,85,86,3" hai1="93,12,103,6,15,61,14,23,22,60,21,24,125" hai2="70,83,72,13,133,10,94,71,130,90,96,8,97" hai3="74,38,55,35,34,18,132,128,2,28,17,134,20"/><T124/><D32/><N who="3" m="12329" /><G38/><T63/><D113/><U95/><E125/><V110/><F110/><W81/><G74/><T16/><D124/><U31/><E6/><V115/><F115/><W119/><G81/><N who="0" m="49199" /><D3/><U98/><E24/><V45/><F133/><N who="3" m="51307" /><G2/><T9/><D135/><U76/><E31/><V127/><F127/><W82/><G82/><T4/><D42/><U105/><REACH who="1" step="1"/><E76/><REACH who="1" ten="250,240,250,250" step="2"/><V48/><F130/><W104/><G28/><T84/><D4/><U5/><E5/><V30/><F30/><W36/><G18/><T75/><D75/><U121/><E121/><V77/><F10/><W46/><G17/><T131/><D131/><U79/><E79/><V67/><F67/><W111/><G128/><T68/><D68/><U112/><E112/><V92/><F71/><W41/><G111/><T129/><D129/><U19/><E19/><V118/><F70/><W53/><G20/><T25/><D25/><U78/><E78/><V27/><F27/><W11/><G11/><T106/><D106/><U101/><E101/><V56/><F8/><W7/><G104/><T123/><D123/><U91/><E91/><V29/><F13/><W39/><G7/><T50/><D99/><U108/><E108/><V57/><F29/><W89/><G89/><T59/><D50/><U66/><E66/><V80/><F80/><W65/><G36/><T100/><D100/><U116/><E116/><V64/><F64/><W51/><G65/><T37/><D37/><U126/><E126/><V49/><F77/><W69/><G69/><T0/><D0/><U1/><E1/><V109/><F109/><RYUUKYOKU ba="0,1" sc="250,15,240,15,250,-15,250,-15" hai0="9,16,52,54,58,59,62,63,84,86" hai1="12,14,15,21,22,23,60,61,93,95,98,103,105" /><INIT seed="0,1,1,4,1,104" ten="265,255,235,235" oya="0" hai0="57,127,117,16,12,48,44,47,99,88,76,133,49" hai1="92,86,39,77,53,32,29,120,91,134,90,42,114" hai2="75,52,50,128,63,11,105,38,121,85,80,102,122" hai3="10,23,97,84,31,26,115,14,56,68,20,118,116"/><T27/><D117/><N who="3" m="45161" /><G56/><T43/><D76/><U94/><E120/><V45/><F38/><W3/><G84/><T65/><D133/><U93/><E114/><V71/><F128/><W106/><G68/><T66/><D27/><U107/><E107/><V96/><F11/><W36/><G97/><T1/><D1/><U51/><E134/><V67/><REACH who="2" step="1"/><F85/><REACH who="2" ten="265,255,225,235" step="2"/><W74/><G74/><T125/><D125/><U132/><E39/><V34/><F34/><N who="3" m="20855" /><G36/><T19/><D127/><U22/><E32/><V61/><F61/><W35/><G115/><T24/><D99/><U30/><E86/><V2/><F2/><W95/><G35/><T33/><D33/><U18/><E132/><V13/><F13/><W69/><G3/><T87/><D24/><U100/><E100/><V15/><F15/><W0/><G0/><T124/><D124/><U108/><E22/><V62/><F62/><W64/><G20/><T54/><D12/><U113/><E113/><V46/><F46/><W40/><G23/><T7/><D47/><U60/><E60/><V103/><F103/><W78/><G14/><T72/><D7/><U37/><E37/><V8/><F8/><W41/><G10/><T131/><D131/><U98/><E98/><V25/><F25/><W21/><G21/><T81/><D72/><U111/><E30/><V70/><F70/><W130/><G69/><T58/><D58/><U112/><E29/><V101/><F101/><W59/><G59/><T82/><D82/><U79/><E112/><V5/><F5/><W9/><G130/><T28/><D28/><U123/><E123/><RYUUKYOKU ba="1,2" sc="265,15,255,-15,225,15,235,-15" hai0="16,19,43,44,48,49,54,57,65,66,81,87,88" hai2="45,50,52,63,67,71,75,80,96,102,105,121,122" /><INIT seed="0,2,2,3,1,119" ten="280,240,240,220" oya="0" hai0="101,61,74,29,55,23,66,42,21,33,53,102,45" hai1="118,84,122,27,0,18,44,97,69,111,60,11,34" hai2="105,80,8,75,124,7,115,46,62,95,85,87,38" hai3="120,30,82,22,132,114,88,83,25,99,9,52,71"/><T68/><D74/><U117/><E84/><V10/><F115/><W19/><G71/><T81/><D33/><U70/><E44/><V12/><F105/><W103/><G114/><T116/><D116/><N who="1" m="44651" /><E60/><V6/><F124/><W131/><G132/><T24/><D81/><N who="3" m="30729" /><G131/><T3/><D3/><U56/><E56/><V106/><F106/><W39/><G39/><T26/><D55/><U13/><E97/><V40/><F95/><N who="3" m="56807" /><G120/><T35/><D53/><U110/><E69/><V51/><F62/><W126/><G126/><T50/><REACH who="0" step="1"/><D35/><REACH who="0" ten="270,240,240,220" step="2"/><U125/><E125/><V59/><F59/><W43/><G52/><T67/><D67/><U31/><E70/><V100/><F100/><W20/><G103/><T112/><D112/><U36/><E0/><N who="2" m="71" /><F51/><W15/><G43/><T16/><AGARI ba="2,3" hai="16,21,23,24,26,29,42,45,50,61,66,68,101,102" machi="16" ten="20,7800,0" yaku="1,1,0,1,7,1,54,1,53,0" doraHai="119" doraHaiUra="77" who="0" fromWho="0" sc="270,114,240,-28,240,-28,220,-28" /><INIT seed="0,3,0,1,4,60" ten="384,212,212,192" oya="0" hai0="77,97,125,87,30,64,7,84,75,17,121,134,78" hai1="19,47,18,129,59,120,52,33,3,103,11,55,4" hai2="91,98,44,36,26,79,135,12,116,128,123,34,132" hai3="43,122,20,107,9,25,66,100,10,69,119,23,94"/><T27/><D121/><U41/><E33/><V110/><F123/><W99/><G122/><T82/><D7/><U24/><E120/><V51/><F36/><W45/><G119/><T29/><D75/><U117/><E117/><V73/><F116/><W35/><G94/><T72/><D72/><U56/><E129/><V89/><F128/><W86/><G86/><T95/><D134/><U50/><E103/><V57/><F110/><W68/><G68/><T115/><D115/><U131/><E131/><V28/><F57/><W114/><G114/><T70/><D70/><U106/><E106/><V38/><F38/><N who="3" m="21751" /><G23/><T22/><D64/><U8/><E8/><V42/><F98/><W13/><G20/><T124/><D78/><U39/><REACH who="1" step="1"/><E24/><REACH who="1" ten="384,202,212,192" step="2"/><V112/><F112/><W104/><G104/><T118/><D118/><U58/><E58/><V130/><F130/><W105/><G105/><T111/><D111/><U83/><E83/><N who="2" m="45551" /><F12/><W74/><G13/><T71/><D71/><U92/><E92/><V21/><F34/><W90/><G9/><T133/><D95/><U61/><AGARI ba="3,1" hai="3,4,11,18,19,39,41,47,50,52,55,56,59,61" machi="61" ten="20,5200,0" yaku="1,1,0,1,7,1,54,1,53,0" doraHai="60" doraHaiUra="31" who="1" fromWho="1" sc="384,-29,202,71,212,-16,192,-16" /><INIT seed="1,0,0,0,5,125" ten="355,273,196,176" oya="1" hai0="3,48,36,95,12,85,54,71,14,59,73,129,26" hai1="20,88,72,114,81,107,55,66,78,117,40,110,62" hai2="75,13,84,1,128,51,60,86,43,99,113,133,39" hai3="106,93,67,6,100,94,30,53,21,92,0,58,130"/><U46/><E117/><V50/><F1/><W34/><G34/><T28/><D73/><U17/><E107/><V80/><F75/><W18/><G67/><T74/><D74/><U64/><E114/><V16/><F113/><W122/><G30/><T123/><D3/><U69/><E110/><V116/><F116/><W65/><G65/><T11/><D71/><U10/><E66/><V126/><F126/><W82/><G82/><T96/><D36/><U135/><E135/><V121/><F121/><W90/><G90/><T118/><D118/><U127/><E127/><V109/><F109/><W76/><G76/><T108/><D108/><U132/><E132/><V56/><F133/><W15/><G122/><T70/><D70/><U31/><E31/><V2/><F2/><W19/><G19/><T45/><D123/><U32/><E32/><V97/><F128/><W91/><G91/><T89/><D129/><U47/><E88/><N who="2" m="51207" /><F39/><W111/><G111/><T9/><D96/><N who="2" m="36938" /><F86/><W8/><G130/><T37/><D37/><U22/><E55/><N who="2" m="33823" /><F43/><W7/><G106/><T49/><D28/><U57/><E69/><V120/><F120/><W79/><G79/><T29/><D29/><U105/><E105/><V33/><F33/><W124/><G124/><T103/><D103/><U52/><E64/><V44/><F44/><N who="1" m="16937" /><E40/><V77/><F77/><W134/><G134/><T23/><D45/><U35/><E35/><V38/><F38/><W42/><G42/><T24/><D48/><U27/><E20/><AGARI ba="0,0" hai="13,16,20,50,51" m="33823,36938,51207" machi="20" ten="30,3900,0" yaku="8,1,54,2" doraHai="125" who="2" fromWho="1" sc="355,0,273,-39,196,39,176,0" /><INIT seed="2,0,0,0,5,108" ten="355,234,235,176" oya="2" hai0="40,87,43,44,6,118,88,100,104,57,14,74,48" hai1="99,15,101,46,123,71,33,5,82,122,64,13,73" hai2="133,110,111,109,36,7,17,3,75,67,69,21,1" hai3="25,58,60,29,30,59,124,72,78,79,119,90,32"/><V91/><F75/><W115/><G119/><T18/><D74/><U37/><E33/><V47/><F133/><W84/><G72/><T38/><D6/><U2/><E15/><N who="2" m="9407" /><F91/><W27/><G124/><T31/><D31/><U56/><E13/><V106/><F106/><W10/><G10/><T52/><D118/><U130/><E56/><V95/><F95/><W51/><G51/><T105/><D43/><U80/><E80/><V65/><F7/><W70/><G70/><T129/><D100/><U45/><E45/><V23/><F23/><W126/><G126/><T35/><D35/><U77/><E130/><V12/><F12/><W11/><G11/><T26/><D26/><U116/><E116/><V85/><F85/><W20/><G59/><T0/><D129/><U102/><E102/><V61/><F65/><W28/><G30/><T76/><D76/><U19/><E19/><V9/><F9/><W42/><G78/><T39/><D39/><U41/><E64/><V113/><F113/><W131/><G131/><T89/><D89/><U68/><E122/><V112/><F112/><W96/><G79/><T103/><D103/><U53/><E53/><V132/><F132/><W66/><G115/><T125/><D0/><N who="2" m="74" /><F47/><W83/><G96/><T107/><D107/><N who="1" m="63935" /><E123/><V121/><F121/><W16/><REACH who="3" step="1"/><G42/><REACH who="3" ten="355,234,235,166" step="2"/><T128/><D128/><U86/><E86/><V63/><F63/><W4/><G4/><T49/><D49/><U114/><E114/><V24/><F36/><W94/><G94/><N who="0" m="54559" /><D125/><U92/><E92/><V135/><F135/><W62/><G62/><T8/><AGARI ba="0,1" hai="8,14,18,38,40,44,48,52,57,104,105" m="54559" machi="8" ten="30,4000,0" yaku="5,1,54,2" doraHai="108" who="0" fromWho="0" sc="355,50,234,-10,235,-20,166,-10" /><INIT seed="3,0,0,0,4,113" ten="405,224,215,156" oya="3" hai0="127,53,46,10,84,7,80,47,58,98,32,38,64" hai1="114,116,72,92,18,131,102,25,86,57,133,48,1" hai2="50,122,73,104,44,126,99,36,65,20,56,9,43" hai3="121,21,111,69,96,49,130,94,51,13,81,123,11"/><W45/><G69/><T35/><D64/><U95/><E72/><V135/><F122/><W129/><G21/><T2/><D127/><U28/><E1/><V105/><F126/><W75/><G111/><T78/><D98/><U97/><E114/><V55/><F135/><W26/><G26/><T5/><D5/><U3/><E3/><V119/><F73/><W4/><G51/><T134/><D134/><U14/><E133/><V40/><F9/><W132/><G132/><T110/><D110/><U93/><E116/><V52/><F20/><W33/><G33/><T27/><D27/><U76/><E131/><N who="3" m="50186" /><G81/><T107/><D107/><U109/><E109/><V124/><F104/><W61/><G61/><T79/><D79/><U118/><E118/><V68/><F124/><W63/><G63/><T101/><D101/><U70/><E70/><V22/><F22/><W17/><G4/><T120/><D120/><U29/><E29/><V90/><F105/><W85/><G85/><T15/><D2/><U100/><E100/><V82/><F99/><W71/><G71/><T23/><D38/><U87/><E28/><V34/><F34/><W66/><G66/><T128/><D128/><U42/><E25/><V0/><F0/><W6/><G6/><T115/><D115/><U54/><E42/><N who="2" m="22599" /><F82/><W89/><G75/><T62/><REACH who="0" step="1"/><D23/><REACH who="0" ten="395,224,215,156" step="2"/><N who="1" m="11735" /><E86/><V112/><F90/><W37/><G37/><T117/><D117/><U91/><E76/><V24/><F112/><W74/><G74/><T106/><D106/><AGARI ba="0,1" hai="48,54,57,87,91,92,93,95,97,102,106" m="11735" machi="106" ten="30,1000,0" yaku="25,1" doraHai="113" who="1" fromWho="0" sc="395,-10,224,20,215,0,156,0" owari="385,48.0,244,4.0,215,-18.0,156,-34.0" /></mjloggm>