<mjloggm ver="2.3"><GO type="193" lobby="0"/><UN n0="%6D%75%72%69%6F" n1="%E3%81%B8%E3%81%84%E5%AD%90" n2="%E5%B0%B1%E6%B4%BB%E7%94%9F%40%E5%B7%9D%E6%9D%91%E8%BB%8D%E5%9B%A3" n3="%74%6F%6B%69%63%61%6D%65" dan="13,11,12,12" rate="1826.90,1725.73,1795.62,1641.56" sx="M,F,M,F"/><TAIKYOKU oya="0"/><INIT seed="0,0,0,4,2,42" ten="250,250,250,250" oya="0" hai0="72,115,37,90,50,44,26,13,41,61,103,10,86" hai1="17,49,112,92,65,59,106,99,130,132,15,14,24" hai2="2,135,82,121,74,104,40,1,117,12,89,9,36" hai3="35,95,51,69,3,16,96,123,78,39,88,133,23"/><T73/><D115/><U64/><E106/><V66/><F121/><W4/><G35/><T127/><D127/><U20/><E112/><V116/><F135/><W52/><G69/><T91/><D103/><U25/><E130/><V31/><F104/><W84/><G123/><T18/><D91/><U22/><E132/><V70/><F31/><W56/><G133/><T77/><D61/><U114/><E114/><V110/><F110/><W7/><G39/><T6/><D77/><U5/><E49/><V83/><F70/><W11/><G4/><T55/><D26/><U60/><E5/><V128/><F66/><W34/><G34/><T57/><D6/><U119/><E65/><V33/><F33/><W45/><G78/><T118/><D118/><U113/><E119/><N who="2" m="45643" /><F128/><W93/><G93/><AGARI ba="0,0" hai="10,13,18,37,41,44,50,55,57,72,73,86,90,93" machi="93" ten="30,2900,0" yaku="7,1,52,1" doraHai="42" who="0" fromWho="3" sc="250,29,250,0,250,0,250,-29" /><INIT seed="0,1,0,0,1,15" ten="279,250,250,221" oya="0" hai0="117,76,53,61,41,78,100,66,6,52,48,71,73" hai1="56,49,42,40,11,77,125,12,1,102,22,55,3" hai2="30,94,123,90,119,63,20,39,18,14,112,51,92" hai3="116,23,25,29,31,99,24,101,135,87,103,50,126"/><T110/><D117/><U64/><E125/><V10/><F39/><W115/><G115/><T44/><D100/><U36/><E102/><V108/><F119/><W133/><G116/><T128/><D6/><U43/><E36/><V47/><F123/><W80/><G126/><T131/><D73/><U81/><E22/><V70/><F112/><W121/><G121/><T19/><D78/><U0/><E64/><V72/><F72/><W54/><G99/><T57/><D76/><U75/><REACH who="1" step="1"/><E0/><REACH who="1" ten="279,240,250,221" step="2"/><V13/><F108/><W83/><G101/><T28/><D110/><U118/><E118/><V113/><F113/><W62/><G103/><T107/><D107/><U4/><AGARI ba="1,1" hai="1,3,4,11,12,40,42,43,49,55,56,75,77,81" machi="4" ten="30,2000,0" yaku="1,1,0,1,53,0" doraHai="15" doraHaiUra="60" who="1" fromWho="1" sc="279,-11,240,33,250,-6,221,-6" /><INIT seed="1,0,0,5,3,52" ten="268,273,244,215" oya="1" hai0="79,35,25,60,90,10,92,101,124,21,130,31,9" hai1="15,87,27,115,70,121,13,113,77,107,109,112,36" hai2="23,28,111,97,22,100,110,91,39,14,19,32,96" hai3="4,64,11,105,114,103,59,108,63,129,34,66,30"/><U133/><E121/><V135/><F39/><W51/><G114/><T5/><D130/><U45/><E70/><V12/><F135/><W122/><G122/><T82/><D124/><U72/><E72/><V24/><F91/><W71/><G129/><T73/><D101/><U104/><E133/><V47/><F47/><W57/><G108/><N who="2" m="41513" /><F100/><W123/><G123/><T128/><D128/><U18/><E109/><V40/><F40/><W1/><G51/><T54/><D35/><U99/><E27/><N who="2" m="18463" /><F14/><W120/><G120/><T17/><D31/><AGARI ba="0,0" hai="12,19,22,23,24,31,96,97" m="18463,41513" machi="31" ten="30,1000,0" yaku="14,1" doraHai="52" who="2" fromWho="0" sc="268,-10,273,0,244,10,215,0" /><INIT seed="2,0,0,2,5,100" ten="258,273,254,215" oya="2" hai0="51,24,113,65,59,125,28,92,30,38,96,62,104" hai1="79,75,76,4,45,12,114,135,48,78,27,70,2" hai2="132,14,21,111,94,93,85,33,126,58,80,67,52" hai3="108,61,31,15,47,25,97,83,131,122,95,42,133"/><V110/><F33/><W90/><G122/><T120/><D113/><U34/><E2/><V121/><F121/><W112/><G112/><T102/><D120/><U116/><E116/><V18/><F126/><W26/><G108/><N who="2" m="41513" /><F132/><W123/><G123/><T41/><D125/><U0/><E114/><V60/><F67/><W16/><G133/><T119/><D119/><U29/><E0/><V84/><F84/><W64/><G131/><T8/><D8/><U63/><E135/><V89/><AGARI ba="0,0" hai="14,18,21,52,58,60,80,85,89,93,94" m="41513" machi="89" ten="30,6000,0" yaku="14,1,10,1,54,1" doraHai="100" who="2" fromWho="2" sc="258,-20,273,-20,254,60,215,-20" /><INIT seed="2,1,0,4,4,83" ten="238,253,314,195" oya="2" hai0="85,114,89,108,2,65,25,14,53,131,35,27,0" hai1="107,98,60,94,41,20,13,61,112,70,72,9,19" hai2="6,117,97,23,129,5,62,86,113,80,84,3,49" hai3="58,101,8,87,99,4,130,55,51,124,92,125,52"/><V109/><F117/><W132/><G130/><T104/><D114/><U120/><E112/><V116/><F116/><W22/><G132/><T122/><D131/><U74/><E107/><V32/><F113/><W33/><G33/><T73/><D122/><U78/><E120/><V110/><F32/><W11/><G55/><T69/><D73/><U68/><E41/><V56/><F129/><W71/><G71/><T66/><D108/><N who="2" m="41578" /><F80/><W1/><G22/><T103/><D14/><U40/><E40/><V127/><F127/><N who="3" m="48715" /><G8/><T79/><D79/><U21/><E78/><V123/><F123/><W90/><G101/><T10/><D53/><U93/><E9/><N who="2" m="2239" /><F6/><W59/><G59/><T16/><D65/><U63/><E60/><V31/><F49/><W18/><G18/><T76/><D76/><U39/><E19/><V26/><F97/><AGARI ba="1,0" hai="1,4,11,51,52,58,87,90,92,97,99" m="48715" machi="97" ten="30,3900,0" yaku="18,1,52,1,54,1" doraHai="83" who="3" fromWho="2" sc="238,0,253,0,314,-42,195,42" /><INIT seed="3,0,0,1,4,88" ten="238,253,272,237" oya="3" hai0="18,90,101,103,87,126,84,100,110,74,29,38,113" hai1="11,42,58,34,67,86,117,72,6,12,128,115,78" hai2="24,3,65,73,130,79,129,76,14,119,98,124,75" hai3="59,56,37,61,96,80,54,122,134,43,123,47,33"/><W4/><G134/><T104/><D38/><U131/><E115/><V127/><F3/><W71/><G33/><T111/><D29/><U55/><E72/><N who="2" m="27723" /><F65/><N who="3" m="41391" /><G4/><T133/><D18/><U62/><E117/><V17/><F24/><W50/><G80/><N who="0" m="49415" /><D133/><U85/><E34/><V114/><F114/><W94/><G96/><N who="0" m="61447" /><D126/><N who="2" m="48170" /><F119/><W21/><G94/><T30/><D30/><U93/><E42/><V8/><F98/><W26/><G26/><T45/><D45/><U63/><E78/><AGARI ba="0,0" hai="8,14,17,76,78,79,129,130" m="48170,27723" machi="78" ten="40,1300,0" yaku="18,1" doraHai="88" who="2" fromWho="1" sc="238,0,253,-13,272,13,237,0" /><INIT seed="4,0,0,3,5,64" ten="238,240,285,237" oya="0" hai0="79,92,2,83,50,27,103,82,108,58,59,63,86" hai1="129,97,131,39,65,29,12,121,33,81,10,71,100" hai2="44,1,36,134,14,74,113,54,120,3,45,104,22" hai3="70,8,42,127,15,38,76,101,122,135,43,95,88"/><T23/><D2/><U132/><E121/><V55/><F104/><W16/><G122/><T123/><D123/><U90/><E132/><V53/><F74/><W98/><G135/><T66/><D108/><U9/><E39/><V47/><F134/><W41/><G127/><T51/><D83/><U46/><E46/><V30/><F120/><W130/><G130/><N who="1" m="49674" /><E29/><V6/><F113/><W73/><G38/><T0/><D59/><U68/><E65/><V72/><F72/><W62/><G73/><T84/><D0/><U107/><E33/><V96/><F36/><W112/><G112/><T5/><D5/><N who="1" m="3119" /><E10/><N who="2" m="4439" /><F3/><W80/><G62/><T61/><D61/><U69/><E81/><V31/><F1/><W109/><G109/><T124/><D124/><U35/><E35/><V93/><F22/><W91/><G70/><T13/><D13/><U75/><E75/><V99/><F93/><W115/><G115/><T56/><D56/><U117/><E117/><V25/><F25/><W4/><G4/><T77/><D77/><U60/><E60/><V57/><F57/><W28/><G28/><AGARI ba="0,0" hai="28,30,31,44,45,47,53,54,55,96,99" m="4439" machi="28" ten="30,1000,0" yaku="8,1" doraHai="64" who="2" fromWho="3" sc="238,0,240,0,285,10,237,-10" /><INIT seed="5,0,0,0,3,63" ten="238,240,295,227" oya="1" hai0="132,133,118,92,68,17,26,111,22,106,54,113,99" hai1="122,75,101,135,19,67,3,81,102,74,123,31,94" hai2="62,49,115,85,1,93,65,57,33,5,46,73,41" hai3="0,95,58,37,88,29,8,134,127,84,124,6,52"/><U69/><E3/><V16/><F33/><W80/><G37/><T128/><D111/><U60/><E135/><N who="0" m="51785" /><D118/><U21/><E31/><V43/><F73/><W40/><G134/><T116/><D116/><U42/><E42/><N who="2" m="24791" /><F115/><W4/><G4/><T107/><D128/><U59/><E74/><V50/><F5/><W114/><G114/><T100/><D113/><U105/><E105/><N who="0" m="39945" /><D54/><U27/><E69/><AGARI ba="0,0" hai="17,22,26,68,69,92,99,100" m="39945,51785" machi="69" ten="30,1000,0" yaku="20,1" doraHai="63" who="0" fromWho="1" sc="238,10,240,-10,295,0,227,0" /><INIT seed="6,0,0,1,2,12" ten="248,230,295,227" oya="2" hai0="22,107,78,35,45,53,98,48,36,66,27,69,88" hai1="67,43,76,71,57,99,96,38,16,4,133,40,104" hai2="1,62,108,75,112,128,20,17,46,100,9,7,92" hai3="121,94,127,8,51,89,106,30,44,72,14,82,23"/><V135/><F75/><W130/><G121/><T63/><D35/><U90/><E71/><V60/><F108/><W101/><G130/><T34/><D34/><U109/><E109/><V33/><F33/><W42/><G127/><T0/><D0/><U52/><E133/><V31/><F135/><W93/><G72/><T32/><D32/><U65/><E38/><V80/><F31/><W102/><G106/><T95/><D78/><U61/><E104/><V6/><F6/><W129/><G129/><T132/><D107/><U29/><E76/><V11/><F11/><W81/><G30/><T15/><D15/><U114/><E114/><V2/><F2/><W50/><G50/><T115/><D115/><U37/><E4/><V123/><F123/><W111/><G111/><T105/><D105/><U131/><E131/><V103/><F128/><W41/><G41/><N who="1" m="15946" /><E37/><V116/><F116/><W118/><G118/><T49/><D132/><U110/><E110/><V79/><F46/><W97/><G23/><T117/><D117/><U18/><E29/><V70/><F112/><W19/><G102/><T58/><D36/><U84/><E99/><AGARI ba="0,0" hai="8,14,19,42,44,51,81,82,89,93,94,97,99,101" machi="99" ten="30,3900,0" yaku="7,1,8,1,52,1" doraHai="12" who="3" fromWho="1" sc="248,0,230,-39,295,0,227,39" /><INIT seed="7,0,0,0,5,56" ten="248,191,295,266" oya="3" hai0="99,110,52,101,46,111,90,54,14,102,59,63,72" hai1="66,60,39,25,30,28,37,114,11,49,24,126,57" hai2="7,33,127,17,16,98,83,12,116,62,70,23,20" hai3="125,122,105,93,77,106,15,86,29,130,48,34,129"/><W96/><G122/><T71/><D71/><U134/><E114/><V113/><F116/><W100/><G125/><T42/><D72/><U78/><E126/><V75/><F127/><W109/><G109/><T1/><D1/><U112/><E112/><V121/><F121/><W53/><G15/><T132/><D132/><U94/><E134/><V36/><F36/><W51/><G51/><T22/><D54/><U8/><E78/><V104/><F113/><W81/><G34/><T38/><D90/><U32/><E49/><V0/><F33/><W119/><G119/><T13/><D102/><U84/><E39/><V64/><F0/><W103/><G29/><T87/><D87/><U45/><E45/><V118/><F7/><W2/><G2/><T89/><D89/><U133/><E37/><V124/><F124/><W65/><G65/><T88/><D88/><U21/><REACH who="1" step="1"/><E133/><REACH who="1" ten="248,181,295,266" step="2"/><V40/><F40/><W19/><G77/><T5/><D111/><U108/><E108/><V3/><F118/><W61/><G48/><T58/><D110/><U31/><E31/><V80/><F75/><W50/><G50/><T128/><D128/><U117/><E117/><V4/><F3/><W41/><G129/><T82/><D59/><U55/><E55/><V67/><F67/><W43/><G130/><T79/><D79/><U107/><E107/><V92/><F104/><W27/><G105/><T131/><D131/><U44/><E44/><V85/><F70/><W115/><G106/><T26/><D38/><U35/><E35/><V120/><F64/><W91/><G115/><T76/><D76/><RYUUKYOKU ba="0,1" sc="248,-10,181,30,295,-10,266,-10" hai1="8,11,21,24,25,28,30,32,57,60,66,84,94" owari="238,-16.0,211,-29.0,295,39.0,256,6.0" /></mjloggm>