<mjloggm ver="2.3"><GO type="169" lobby="0"/><UN n0="%E3%83%8D%E3%83%BC%E3%83%A0%E3%83%AC%E3%82%B9%EF%BC%97" n1="%E3%82%A6%E3%83%AB%E3%83%88%E3%83%A9%E7%AB%8B%E7%9B%B4" n2="%41%73%61%32%34" n3="%70%67%61%69%6E" dan="17,17,16,16" rate="2196.39,2163.55,2113.15,2079.06" sx="M,M,M,M"/><TAIKYOKU oya="0"/><INIT seed="0,0,0,3,3,88" ten="250,250,250,250" oya="0" hai0="124,127,18,135,51,112,3,57,75,21,9,25,102" hai1="118,34,65,28,133,105,130,84,73,95,81,45,87" hai2="42,62,35,43,108,37,63,104,59,97,94,74,44" hai3="5,46,96,111,2,71,92,76,69,106,78,85,6"/><T66/><D112/><U52/><E105/><V70/><F35/><W8/><G111/><T122/><D122/><U56/><E118/><V32/><F32/><W54/><G106/><T41/><D75/><U120/><E120/><V89/><F74/><W99/><G6/><T110/><D110/><U80/><E73/><V131/><F108/><W60/><G99/><T50/><D135/><U55/><E130/><V134/><F134/><W121/><G121/><T113/><D113/><U12/><E28/><V53/><F131/><W19/><G19/><T20/><D102/><U129/><E34/><V31/><F31/><W103/><G85/><T13/><D3/><U90/><E129/><V93/><F104/><W38/><G54/><T98/><D98/><U91/><E133/><V101/><F42/><W7/><G7/><N who="0" m="3263" /><D41/><U64/><E12/><V33/><F33/><W61/><G46/><T114/><D21/><U83/><E45/><V39/><F70/><W119/><G38/><T79/><D79/><U14/><E14/><V16/><F39/><W125/><G119/><T82/><D82/><N who="1" m="31851" /><E55/><V22/><F62/><AGARI ba="0,0" hai="52,56,62,64,65,83,84,87,90,91,95" m="31851" machi="62" ten="30,3900,0" yaku="8,1,52,1,54,1" doraHai="88" who="1" fromWho="2" sc="250,0,250,39,250,-39,250,0" /><INIT seed="1,0,0,5,2,111" ten="250,289,211,250" oya="1" hai0="67,37,66,41,118,40,9,2,90,109,30,26,125" hai1="82,100,3,20,59,18,23,99,104,54,5,94,96" hai2="91,22,45,132,84,47,70,78,48,86,34,103,32" hai3="72,55,135,105,21,113,13,10,81,6,134,52,77"/><U114/><E82/><V83/><F70/><W38/><G105/><T102/><D118/><U33/><E33/><V92/><F132/><N who="3" m="50731" /><G38/><T8/><D102/><U28/><E5/><V7/><F103/><W58/><G21/><T44/><D41/><U80/><E3/><V29/><F45/><W129/><G129/><T130/><D109/><U120/><E80/><V12/><F29/><W95/><G95/><T63/><D125/><U110/><E110/><V65/><F65/><W131/><G131/><T51/><D67/><U117/><E117/><V89/><F89/><W15/><G15/><T17/><D37/><U60/><E120/><V112/><F112/><W108/><G108/><T11/><D130/><U101/><E28/><V106/><F106/><W19/><G6/><T56/><D90/><U121/><E121/><V126/><F126/><W133/><N who="3" m="50739" /><W39/><DORA hai="97" /><G39/><T123/><D123/><U31/><E31/><V1/><F1/><W85/><G113/><T79/><D79/><U16/><E114/><V36/><F36/><W0/><G0/><T116/><D116/><U50/><E20/><V25/><F25/><W119/><G119/><T27/><D2/><U71/><E23/><V64/><F22/><W53/><G72/><T46/><D30/><U43/><REACH who="1" step="1"/><E71/><REACH who="1" ten="250,279,211,250" step="2"/><V14/><F32/><W93/><G93/><T127/><D127/><U35/><E35/><V4/><F34/><W115/><G115/><T68/><D68/><U124/><E124/><V42/><F92/><W49/><AGARI ba="0,1" hai="10,13,19,49,52,53,55,58,77,81,85" m="50739" machi="49" ten="40,2700,0" yaku="20,1,54,1" doraHai="111,97" who="3" fromWho="3" sc="250,-7,279,-13,211,-7,250,37" /><INIT seed="2,0,0,2,2,10" ten="243,266,204,287" oya="2" hai0="45,96,107,88,21,51,14,127,108,17,5,27,9" hai1="54,55,81,133,56,83,15,130,31,80,50,68,118" hai2="42,78,20,12,84,67,115,109,125,128,65,103,100" hai3="129,104,64,102,44,35,28,71,116,113,98,75,36"/><V43/><F115/><W32/><G116/><T30/><D108/><U1/><E68/><V132/><F128/><W19/><G129/><T99/><D127/><U40/><E1/><V91/><F125/><W41/><G113/><T134/><D134/><U76/><E118/><V110/><F78/><W24/><G19/><T7/><D107/><U123/><E133/><V97/><F132/><W82/><G35/><T79/><D79/><U0/><E0/><V4/><F43/><W117/><G117/><T47/><D47/><U94/><E40/><V111/><F42/><W59/><G59/><T124/><D124/><U48/><E31/><V60/><F97/><W87/><G87/><T120/><D120/><U114/><E123/><V38/><F38/><W39/><G39/><T95/><D99/><U74/><E94/><N who="2" m="54631" /><F67/><W53/><G53/><AGARI ba="0,0" hai="5,7,9,14,17,21,27,30,45,51,53,88,95,96" machi="53" ten="30,7700,0" yaku="7,1,8,1,52,1,54,1" doraHai="10" who="0" fromWho="3" sc="243,77,266,0,204,0,287,-77" /><INIT seed="3,0,0,4,5,75" ten="320,266,204,210" oya="3" hai0="18,101,29,109,106,15,124,23,93,128,33,42,26" hai1="49,66,6,114,118,10,16,107,84,34,7,41,39" hai2="108,96,119,37,77,9,74,90,53,27,104,43,17" hai3="22,73,56,47,113,103,62,3,57,32,4,115,12"/><W35/><G103/><T20/><D106/><U89/><E34/><V14/><F119/><W38/><G35/><T0/><D42/><U92/><E107/><V105/><F108/><W19/><G32/><T81/><D109/><U25/><E39/><V21/><F37/><W8/><G73/><T50/><D0/><U36/><E36/><V60/><F43/><W28/><G28/><T65/><D128/><U69/><E114/><V95/><F60/><W85/><G85/><T133/><D65/><U31/><E118/><V46/><F46/><W63/><G38/><T88/><D101/><U126/><E126/><V2/><F53/><W59/><REACH who="3" step="1"/><G47/><REACH who="3" ten="320,266,204,200" step="2"/><T127/><D33/><U54/><E31/><V130/><F130/><W134/><G134/><T48/><D133/><U91/><E84/><V98/><F98/><W78/><G78/><T122/><D127/><U112/><E91/><V99/><F96/><W5/><G5/><T129/><D124/><U58/><E7/><V102/><F102/><W116/><G116/><T86/><D129/><U83/><E6/><V82/><REACH who="2" step="1"/><F2/><REACH who="2" ten="320,266,194,200" step="2"/><W1/><G1/><T44/><D44/><U94/><E112/><AGARI ba="0,2" hai="3,4,8,12,19,22,56,57,59,62,63,112,113,115" machi="112" ten="40,2000,0" yaku="1,1,53,0" doraHai="75" doraHaiUra="87" who="3" fromWho="1" sc="320,0,266,-20,194,0,200,40" /><INIT seed="3,1,0,3,5,56" ten="320,246,194,240" oya="3" hai0="102,116,135,99,45,73,111,55,49,81,83,67,90" hai1="1,88,31,28,14,125,17,34,75,134,51,133,91" hai2="2,101,95,114,92,46,94,50,100,63,6,0,77" hai3="96,12,129,105,80,120,8,66,127,110,52,23,74"/><W106/><G120/><T15/><D116/><U109/><E75/><V128/><F114/><W61/><G129/><T93/><D111/><U132/><E1/><V89/><F128/><W87/><G74/><T16/><D135/><U40/><E109/><V118/><F77/><W130/><G130/><T7/><D7/><U57/><E125/><V13/><F89/><N who="1" m="34377" /><E34/><V41/><F118/><W47/><G110/><T54/><D73/><U33/><E33/><V36/><F36/><W115/><G115/><T30/><D30/><U18/><E18/><V68/><F13/><W85/><G23/><T48/><D67/><U131/><E131/><V119/><F119/><W29/><G29/><T76/><D76/><U64/><E40/><V72/><F72/><W104/><G96/><T38/><D38/><U122/><E122/><V26/><F26/><W39/><G127/><T4/><D4/><U10/><E51/><V69/><F69/><W20/><G20/><N who="0" m="11295" /><D90/><U98/><E98/><V86/><F86/><W22/><G22/><T59/><AGARI ba="1,0" hai="45,48,49,54,55,59,81,83,93,99,102" m="11295" machi="59" ten="30,2000,0" yaku="8,1,54,1" doraHai="56" who="0" fromWho="0" sc="320,23,246,-6,194,-6,240,-11" /><INIT seed="4,0,0,2,4,47" ten="343,240,188,229" oya="0" hai0="95,36,118,86,107,19,102,0,67,38,30,59,40" hai1="129,97,68,124,17,122,85,27,91,123,7,64,10" hai2="105,89,119,55,14,131,88,82,28,13,29,134,15" hai3="83,74,115,23,16,52,77,3,8,112,125,76,60"/><T61/><D0/><U50/><E124/><V24/><F119/><W2/><G77/><T98/><D118/><U9/><E129/><V75/><F131/><W66/><G125/><T133/><D133/><U73/><E97/><V35/><F105/><W48/><G60/><T20/><D30/><U34/><E73/><V1/><F1/><W92/><G92/><T51/><D107/><U31/><E64/><V80/><F134/><W26/><G66/><T84/><D38/><U39/><E68/><V103/><F103/><W94/><G94/><T49/><D36/><U56/><E39/><V46/><F29/><W78/><G78/><T130/><D130/><U42/><E17/><V126/><F126/><W25/><G25/><N who="0" m="14495" /><D40/><U109/><E9/><V11/><F11/><W12/><G3/><T93/><D86/><U58/><E109/><V114/><F114/><W70/><G70/><T116/><D116/><U90/><E90/><AGARI ba="0,0" hai="49,51,59,61,67,84,90,93,95,98,102" m="14495" machi="90" ten="30,5800,0" yaku="8,1,52,2" doraHai="47" who="0" fromWho="1" sc="343,58,240,-58,188,0,229,0" /><INIT seed="4,1,0,0,0,43" ten="401,182,188,229" oya="0" hai0="81,4,78,40,125,75,30,59,107,19,86,48,68" hai1="33,108,73,45,102,21,101,134,17,127,7,20,88" hai2="31,54,25,76,24,95,120,3,93,118,26,37,126" hai3="47,66,132,84,117,44,82,77,12,121,0,14,105"/><T5/><D68/><U2/><E73/><V72/><F120/><W111/><G117/><T119/><D107/><U15/><E33/><V51/><F3/><W18/><G111/><T38/><D30/><U56/><E108/><V1/><F37/><W122/><G0/><T34/><D34/><U23/><E127/><V41/><F1/><W29/><G132/><T13/><D38/><U112/><E134/><V99/><F126/><W58/><G105/><T94/><D119/><U9/><E112/><V50/><F118/><W128/><G29/><T90/><D125/><U46/><E56/><V110/><F110/><W91/><G128/><T135/><D135/><U71/><E71/><V103/><F93/><N who="3" m="54503" /><G66/><T57/><D57/><U70/><E70/><V42/><F31/><W92/><G92/><T28/><D28/><U74/><E74/><V130/><F130/><W87/><G58/><T64/><D64/><U27/><E27/><V65/><F65/><W79/><G79/><T16/><D19/><U114/><E114/><V35/><F35/><W69/><G69/><T49/><D49/><U133/><E133/><V98/><F51/><W36/><G36/><T52/><D40/><U6/><E88/><N who="2" m="55655" /><F76/><W63/><G63/><T104/><D104/><U124/><E124/><V89/><F72/><W96/><G96/><T131/><D131/><U113/><E113/><V60/><F60/><W39/><G39/><T10/><AGARI ba="1,0" hai="4,5,10,13,16,48,52,59,75,78,81,86,90,94" machi="10" ten="20,7800,0" yaku="0,1,7,1,54,2" doraHai="43" who="0" fromWho="0" sc="401,81,182,-27,188,-27,229,-27" /><INIT seed="4,2,0,3,4,109" ten="482,155,161,202" oya="0" hai0="72,28,127,69,30,94,99,114,80,107,9,12,51" hai1="41,85,95,110,90,128,21,67,124,70,118,125,23" hai2="86,79,101,132,58,11,19,104,10,27,74,134,106" hai3="88,57,130,113,50,98,96,120,65,56,123,66,133"/><T100/><D69/><U45/><E110/><V3/><F86/><W36/><G36/><T81/><D107/><U76/><E118/><V40/><F40/><W34/><G34/><T44/><D127/><N who="1" m="48715" /><E128/><V135/><F58/><W78/><G78/><T102/><D102/><U0/><E0/><V48/><F48/><W71/><G50/><T33/><D33/><U84/><E76/><V46/><F46/><W29/><G29/><N who="0" m="11371" /><D114/><U43/><E84/><V1/><F101/><W39/><G39/><T62/><D62/><N who="1" m="40311" /><E43/><V64/><F1/><W73/><G73/><T77/><D77/><U6/><E6/><V16/><F3/><W126/><G126/><T61/><D61/><U112/><E112/><V60/><F79/><W14/><G130/><T117/><D117/><U37/><AGARI ba="2,0" hai="21,23,37,41,45,85,90,95" m="40311,48715" machi="37" ten="30,1100,0" yaku="18,1" doraHai="109" who="1" fromWho="1" sc="482,-7,155,17,161,-5,202,-5" /><INIT seed="5,0,0,4,0,68" ten="475,172,156,197" oya="1" hai0="25,22,77,115,14,72,35,61,91,42,98,79,18" hai1="110,16,107,121,31,11,2,54,124,129,3,60,15" hai2="103,78,53,97,116,5,118,93,74,128,55,63,120" hai3="135,75,32,23,46,112,33,81,7,126,59,65,21"/><U73/><E121/><V94/><F120/><W20/><G112/><T117/><D72/><U9/><E107/><V40/><F128/><W34/><G135/><T122/><D117/><U92/><E73/><V119/><F5/><W66/><G126/><T86/><D42/><U132/><E129/><V4/><F4/><W114/><G114/><T71/><D98/><U89/><E124/><V27/><F27/><W38/><G7/><T0/><D0/><U29/><E132/><V95/><F40/><W28/><G28/><N who="1" m="10826" /><E3/><V109/><F109/><W44/><G38/><T70/><D35/><U50/><E2/><V104/><REACH who="2" step="1"/><F63/><REACH who="2" ten="475,172,146,197" step="2"/><N who="3" m="38143" /><G34/><T113/><D61/><U99/><E60/><V131/><F131/><W30/><G33/><T134/><D25/><U76/><E110/><V125/><F125/><W57/><G32/><T13/><D134/><U37/><E37/><V130/><F130/><W84/><G30/><T36/><D36/><U56/><E76/><V67/><F67/><W1/><G1/><T123/><D77/><U105/><E105/><V106/><F106/><W64/><G64/><T49/><D79/><U26/><E26/><V127/><F127/><W43/><G43/><T108/><D123/><U100/><E100/><V62/><F62/><N who="3" m="38223" /><G75/><T8/><D122/><U83/><E83/><AGARI ba="0,1" hai="53,55,74,78,83,93,94,95,97,103,104,116,118,119" machi="83" ten="50,1600,0" yaku="1,1,53,0" doraHai="68" doraHaiUra="39" who="2" fromWho="1" sc="475,0,172,-16,146,26,197,0" /><INIT seed="6,0,0,0,4,45" ten="475,156,172,197" oya="2" hai0="44,113,12,38,68,120,97,134,63,118,34,70,85" hai1="53,133,0,92,24,89,52,6,111,2,62,73,33" hai2="14,3,60,135,13,43,61,21,124,36,78,93,114" hai3="128,77,100,30,108,67,29,47,11,82,40,1,39"/><V116/><F3/><W119/><G108/><T117/><D34/><U25/><E73/><V127/><F116/><W22/><G119/><T48/><D38/><U107/><E107/><V80/><F93/><W18/><G67/><T99/><D85/><U123/><E111/><V71/><F114/><W58/><G100/><T91/><D12/><N who="2" m="4714" /><F21/><W129/><G58/><T4/><D44/><U132/><E123/><V84/><F71/><W49/><G39/><T9/><D70/><U115/><E115/><V105/><F105/><W72/><G11/><T101/><D68/><U23/><E33/><V90/><F90/><W74/><G1/><T125/><D9/><U130/><E130/><N who="3" m="50282" /><G74/><T87/><D91/><U7/><E0/><V5/><F5/><W86/><G72/><T32/><D118/><U20/><E2/><V98/><F98/><W103/><G103/><T42/><D97/><U94/><REACH who="1" step="1"/><E89/><REACH who="1" ten="475,146,172,197" step="2"/><V55/><F127/><W28/><G28/><T8/><D125/><U41/><E41/><V109/><F124/><W27/><AGARI ba="0,1" hai="18,22,27,29,30,40,47,49,77,82,86" m="50282" machi="27" ten="30,2000,0" yaku="19,1,52,1" doraHai="45" who="3" fromWho="3" sc="475,-5,146,-5,172,-10,197,30" /><INIT seed="7,0,0,4,0,85" ten="470,141,162,227" oya="3" hai0="29,2,25,134,5,108,93,126,32,124,12,105,26" hai1="11,1,67,41,46,43,24,131,120,59,123,128,45" hai2="36,91,14,135,56,17,50,121,39,75,10,48,90" hai3="31,7,107,66,122,34,22,49,79,35,19,23,55"/><W80/><G107/><T18/><D105/><U30/><E11/><V106/><F75/><W9/><G66/><T61/><D108/><U100/><E1/><V101/><F39/><W52/><G55/><T62/><D134/><U16/><E100/><V64/><F36/><W117/><G23/><N who="0" m="11719" /><D25/><U130/><E30/><V110/><F110/><W60/><G49/><N who="2" m="19049" /><F106/><W83/><G83/><T97/><D5/><U4/><E4/><V111/><F111/><W0/><G31/><T102/><D2/><U84/><E84/><V104/><F104/><W133/><G117/><T47/><D47/><N who="1" m="17931" /><E16/><N who="2" m="8279" /><F121/><N who="1" m="46665" /><E24/><V77/><F77/><W42/><G19/><T51/><D51/><U58/><E67/><V114/><F135/><W57/><G9/><T113/><D113/><U87/><E87/><V76/><F114/><W94/><G133/><T38/><D38/><U96/><E96/><V68/><F101/><W125/><G7/><T109/><D109/><U112/><E112/><V63/><F76/><W78/><G78/><T129/><D129/><U72/><E72/><V33/><F33/><W53/><G79/><T119/><D119/><U98/><E98/><V21/><F68/><W89/><G35/><T74/><D74/><U70/><E70/><V88/><F91/><W3/><G89/><T15/><D15/><AGARI ba="0,0" hai="15,17,21,56,63,64,88,90" m="8279,19049" machi="15" ten="30,8000,1" yaku="8,1,52,2,54,2" doraHai="85" who="2" fromWho="0" sc="470,-80,141,0,162,80,227,0" owari="390,49.0,141,-36.0,242,4.0,227,-17.0" /></mjloggm>