<mjloggm ver="2.3"><GO type="97" lobby="0"/><UN n0="%E3%82%A6%E3%83%AB%E3%83%88%E3%83%A9%E7%AB%8B%E7%9B%B4" n1="%E3%81%B3%E3%82%93%E3%81%93%E3%83%BC%E3%81%B2%E3%83%BC" n2="%E9%AD%81%21%E3%83%9F%E3%83%83%E3%83%89%E3%83%8A%E3%82%A4%E3%83%88" n3="%E3%81%8F%E3%82%89%E3%81%8F%E3%82%89" dan="15,13,14,14" rate="1983.18,1863.89,1975.03,1977.07" sx="M,M,M,M"/><TAIKYOKU oya="0"/><INIT seed="0,0,0,5,2,62" ten="250,250,250,250" oya="0" hai0="87,25,94,6,52,115,128,97,86,127,59,10,63" hai1="53,119,126,30,8,118,102,37,9,121,36,18,71" hai2="101,20,19,16,73,103,88,17,43,72,54,15,116" hai3="105,104,93,66,78,46,0,125,2,23,13,27,95"/><T120/><D127/><U106/><E71/><V74/><F20/><W112/><G112/><T29/><D120/><U55/><E126/><V34/><F34/><W67/><G78/><T26/><D128/><U80/><E80/><V98/><F15/><W38/><G125/><T110/><D110/><U48/><E106/><V83/><F43/><W65/><G13/><T5/><D115/><U99/><E121/><V123/><F123/><W107/><G46/><T92/><D92/><N who="3" m="35401" /><G27/><T24/><D29/><U90/><E90/><V14/><F14/><W68/><G68/><T42/><D42/><U91/><E91/><V56/><F116/><W85/><G23/><T109/><D109/><U44/><E99/><V75/><F98/><W22/><G22/><T124/><D124/><U49/><E102/><V131/><F131/><W33/><G85/><N who="0" m="32267" /><D10/><U32/><E119/><V81/><F88/><AGARI ba="0,0" hai="5,6,24,25,26,52,59,63,88,94,97" m="32267" machi="88" ten="30,5800,0" yaku="8,1,54,2" doraHai="62" who="0" fromWho="2" sc="250,58,250,0,250,-58,250,0" /><INIT seed="0,1,0,3,5,27" ten="308,250,192,250" oya="0" hai0="124,26,8,53,42,111,32,82,0,125,72,18,100" hai1="115,103,36,69,79,96,25,106,112,10,43,29,98" hai2="63,66,90,46,58,73,122,114,2,86,97,4,64" hai3="104,6,44,108,38,51,47,57,13,15,65,107,120"/><T67/><D67/><U102/><E69/><V40/><F73/><W113/><G113/><N who="1" m="43594" /><E10/><V75/><F75/><W20/><G120/><T109/><D100/><U130/><E79/><V88/><F114/><W135/><G108/><N who="0" m="41547" /><D42/><U30/><E25/><V21/><F4/><W22/><G135/><T59/><D82/><U12/><E12/><V62/><F2/><W56/><G65/><T55/><D72/><U45/><E130/><V54/><F122/><W23/><G38/><T11/><D55/><U116/><E116/><V84/><F21/><W37/><G37/><T61/><D0/><U119/><E119/><V52/><F97/><W14/><G6/><T129/><D129/><U24/><E24/><V85/><F40/><W80/><G80/><T41/><D41/><U77/><E77/><V74/><F74/><W49/><G107/><AGARI ba="1,0" hai="29,30,36,43,45,96,98,102,103,106,107" m="43594" machi="107" ten="30,3900,0" yaku="11,1,52,2" doraHai="27" who="1" fromWho="3" sc="308,0,250,42,192,0,250,-42" /><INIT seed="1,0,0,5,4,12" ten="308,292,192,208" oya="1" hai0="71,54,30,14,101,68,24,89,17,102,85,88,69" hai1="65,99,105,73,133,19,100,124,98,63,131,135,41" hai2="44,74,7,114,13,129,122,60,62,109,132,81,1" hai3="66,134,126,27,123,52,40,77,86,16,80,117,46"/><U67/><E73/><V64/><F122/><W50/><G123/><T47/><D47/><U119/><E41/><V49/><F1/><W36/><G117/><T128/><D54/><U84/><E84/><V113/><F109/><W53/><G126/><T11/><D128/><U92/><E119/><V75/><F129/><W18/><G27/><T0/><D0/><U58/><E19/><N who="3" m="7210" /><G36/><T72/><D72/><U103/><E131/><V4/><F132/><N who="1" m="50761" /><E124/><V51/><F13/><W104/><G104/><T37/><D37/><U97/><E99/><V10/><F10/><W34/><G34/><T5/><D5/><U2/><E2/><V42/><F81/><W94/><G134/><T115/><D115/><U21/><E21/><V91/><F91/><N who="3" m="53623" /><G66/><AGARI ba="0,0" hai="58,63,65,66,67,92,97,98,100,103,105" m="50761" machi="66" ten="30,1500,0" yaku="20,1" doraHai="12" who="1" fromWho="3" sc="308,0,292,15,192,0,208,-15" /><INIT seed="1,1,0,5,1,74" ten="308,307,192,193" oya="1" hai0="41,75,48,2,40,23,42,102,52,96,81,24,25" hai1="115,88,113,105,53,43,12,56,134,121,22,112,129" hai2="33,65,0,32,128,55,107,11,130,93,6,120,38" hai3="87,61,45,135,17,7,15,84,31,109,59,28,19"/><U51/><E105/><V9/><F107/><W125/><G125/><T21/><D2/><U58/><E121/><V80/><F38/><W69/><G69/><T26/><D75/><U1/><E1/><V47/><F65/><W79/><G135/><T114/><D81/><U18/><E129/><N who="2" m="49771" /><F120/><W76/><G109/><T110/><D110/><U60/><E43/><V117/><F117/><W92/><G45/><T106/><REACH who="0" step="1"/><D114/><REACH who="0" ten="298,307,192,193" step="2"/><U13/><E134/><V77/><F93/><W71/><G92/><T124/><D124/><U4/><E115/><V46/><F46/><AGARI ba="1,1" hai="21,23,24,25,26,40,41,42,46,48,52,96,102,106" machi="46" ten="40,2600,0" yaku="1,1,54,1,53,0" doraHai="74" doraHaiUra="67" who="0" fromWho="2" sc="298,39,307,0,192,-29,193,0" /><INIT seed="2,0,0,1,5,75" ten="337,307,163,193" oya="2" hai0="77,45,125,33,122,34,11,78,129,15,84,115,103" hai1="83,20,46,90,72,134,37,12,55,39,23,69,64" hai2="13,16,82,54,116,28,35,53,5,101,59,51,85" hai3="61,107,58,7,87,21,22,31,43,89,65,128,80"/><V114/><F116/><W57/><G128/><T131/><D115/><U47/><E64/><V135/><F114/><W130/><G130/><N who="0" m="49675" /><D122/><U24/><E69/><V109/><F5/><W108/><G108/><T126/><D103/><U48/><E134/><V70/><F70/><W104/><G43/><T96/><D96/><U68/><E68/><V30/><F35/><W66/><G7/><N who="0" m="3583" /><D45/><U18/><E47/><N who="2" m="27903" /><F101/><W36/><G36/><T95/><D95/><U26/><E12/><V81/><F81/><W32/><G107/><T40/><D40/><U63/><E72/><V106/><F106/><W111/><G104/><T8/><D8/><U67/><E67/><V62/><F135/><W2/><G111/><T92/><D92/><U71/><E63/><V42/><F42/><W113/><G113/><T0/><D0/><U6/><E6/><V27/><F27/><W17/><G2/><T56/><D34/><U91/><E71/><V124/><F124/><N who="0" m="47722" /><D33/><U118/><E83/><V88/><F109/><W100/><G32/><T105/><D105/><U127/><E127/><V19/><F19/><W38/><G100/><T110/><D110/><U1/><E1/><V86/><F86/><W121/><G121/><T73/><D84/><U52/><E37/><V14/><F14/><W60/><G38/><T49/><D73/><U3/><E3/><V41/><F41/><W120/><G120/><T9/><D9/><AGARI ba="0,0" hai="9,13,16,28,30,54,59,62,82,85,88" m="27903" machi="9" ten="30,11600,0" yaku="25,1,8,1,54,2" doraHai="75" who="2" fromWho="0" sc="337,-116,307,0,163,116,193,0" /><INIT seed="2,1,0,4,3,64" ten="221,307,279,193" oya="2" hai0="31,40,76,110,122,47,9,123,129,87,35,119,68" hai1="20,103,55,69,131,132,124,0,57,116,45,114,77" hai2="30,82,117,60,49,84,73,79,13,106,63,21,75" hai3="81,25,71,107,46,65,8,97,130,53,108,26,67"/><V50/><F117/><W95/><G130/><T111/><D87/><U102/><E0/><V18/><F106/><W85/><G107/><T43/><D76/><U37/><E77/><V115/><F115/><W33/><G33/><T93/><D93/><U28/><E114/><V10/><F73/><W89/><G108/><N who="0" m="41515" /><D119/><U72/><E69/><V2/><F75/><W125/><G125/><T36/><D31/><U135/><E131/><V109/><F109/><W88/><G71/><T15/><D35/><U66/><E72/><V128/><F128/><W51/><REACH who="3" step="1"/><G8/><REACH who="3" ten="221,307,279,183" step="2"/><T29/><D129/><U127/><E116/><V70/><F70/><W14/><G14/><T41/><D68/><U5/><E127/><V59/><F2/><W48/><G48/><T3/><D3/><U56/><E124/><V80/><F63/><W133/><G133/><T27/><D15/><U16/><E135/><V105/><F105/><W92/><G92/><T38/><D9/><U99/><E132/><V112/><F82/><W42/><G42/><N who="0" m="16491" /><D38/><U100/><E37/><V39/><F39/><W120/><G120/><T58/><D27/><AGARI ba="1,1" hai="25,26,27,46,51,53,65,67,81,85,88,89,95,97" machi="27" ten="40,8000,1" yaku="1,1,8,1,54,1,53,1" doraHai="64" doraHaiUra="83" who="3" fromWho="0" sc="221,-83,307,0,279,0,183,93" /><INIT seed="3,0,0,3,2,60" ten="138,307,279,276" oya="3" hai0="93,92,86,20,94,9,13,123,97,46,40,0,131" hai1="65,78,55,73,43,117,33,127,107,19,49,70,135" hai2="126,23,5,125,42,61,16,105,71,27,128,37,90" hai3="69,113,79,10,82,87,76,116,36,122,38,4,119"/><W15/><G122/><T6/><D123/><U47/><E107/><V41/><F105/><W114/><G76/><T134/><D131/><U62/><E33/><V17/><F5/><W103/><G69/><T29/><D134/><U67/><E65/><N who="2" m="41391" /><F37/><W104/><G114/><T44/><D0/><U106/><E117/><V100/><F100/><W28/><G28/><T133/><D133/><U21/><E135/><V7/><F7/><W81/><G81/><T63/><D29/><U50/><E106/><V35/><F35/><W109/><G113/><T26/><D63/><U130/><E127/><N who="2" m="48651" /><F128/><W53/><G53/><T18/><D86/><U120/><E120/><V83/><F17/><W132/><G132/><T108/><D108/><U88/><E130/><V30/><F30/><W91/><G109/><T84/><D84/><AGARI ba="0,0" hai="16,23,27,41,42,83,84,90" m="48651,41391" machi="84" ten="30,3900,0" yaku="18,1,52,1,54,1" doraHai="60" who="2" fromWho="0" sc="138,-39,307,0,279,39,276,0" owari="99,-40.0,307,11.0,318,41.0,276,-12.0" /></mjloggm>