<mjloggm ver="2.3"><GO type="41" lobby="0"/><UN n0="%E3%82%A6%E3%83%AB%E3%83%88%E3%83%A9%E7%AB%8B%E7%9B%B4" n1="%4B%2D%63" n2="%E8%A9%A9%E7%B9%94" n3="%E3%81%AC%E3%82%93%E3%81%A0%E3%81%AC%E3%82%93%E3%83%BB%CF%89%E3%83%BB" dan="15,13,15,14" rate="1984.86,1867.23,2037.53,1875.97" sx="M,M,M,F"/><TAIKYOKU oya="0"/><INIT seed="0,0,0,2,4,9" ten="250,250,250,250" oya="0" hai0="103,20,0,5,135,38,94,96,48,128,131,126,62" hai1="105,51,87,113,17,110,2,54,18,108,112,77,124" hai2="80,11,63,69,68,34,26,7,60,95,58,125,81" hai3="71,76,31,15,55,73,82,22,90,101,52,61,53"/><T98/><D38/><U50/><E105/><V29/><F125/><W46/><G101/><T14/><D0/><U107/><E107/><V117/><F117/><W100/><G100/><T99/><D126/><U66/><E2/><V8/><F95/><W3/><G3/><T122/><D122/><U27/><E124/><V35/><F58/><W111/><G111/><N who="1" m="42538" /><E66/><V23/><F23/><W78/><G78/><T97/><D135/><U36/><E36/><V56/><F56/><W64/><G90/><T41/><D62/><U102/><E102/><V33/><F33/><W123/><G123/><T47/><D5/><U45/><E27/><V21/><F21/><W70/><G70/><T39/><REACH who="0" step="1"/><D48/><REACH who="0" ten="240,250,250,250" step="2"/><U127/><E127/><V119/><F119/><W16/><REACH who="3" step="1"/><G31/><REACH who="3" ten="240,250,250,240" step="2"/><T116/><D116/><U59/><E113/><V44/><F29/><W130/><G130/><T4/><D4/><U13/><E112/><V132/><F7/><W25/><G25/><T134/><D134/><U24/><E24/><V49/><F26/><W88/><G88/><T89/><D89/><U75/><E77/><V30/><F30/><W37/><G37/><T65/><D65/><U40/><E18/><AGARI ba="0,2" hai="14,18,20,39,41,47,94,96,97,98,99,103,128,131" machi="18" ten="40,7700,0" yaku="1,1,52,1,53,1" doraHai="9" doraHaiUra="91" who="0" fromWho="1" sc="240,97,250,-77,250,0,240,0" /><INIT seed="0,1,0,4,2,47" ten="337,173,250,240" oya="0" hai0="107,42,86,50,102,25,15,78,112,119,74,68,89" hai1="34,122,4,17,55,70,0,32,26,10,117,61,87" hai2="88,129,101,72,116,135,33,132,21,118,44,124,90" hai3="60,92,58,5,99,75,38,23,83,66,40,84,120"/><T43/><D68/><U128/><E117/><N who="2" m="45163" /><F33/><W105/><G105/><T133/><D119/><U103/><E122/><V2/><F2/><W127/><G75/><T98/><D112/><U73/><E73/><V110/><F21/><W14/><G120/><T41/><D133/><N who="2" m="51274" /><F72/><W108/><G108/><T109/><D109/><U19/><E103/><V134/><F110/><W54/><G127/><T48/><D15/><U76/><E87/><V115/><F134/><W28/><G28/><T113/><D113/><U114/><E76/><V69/><F69/><W62/><G5/><T94/><D25/><U51/><E114/><V104/><F115/><W71/><G14/><T12/><D12/><U79/><E79/><V63/><F63/><W45/><G23/><T52/><D52/><U130/><E61/><V126/><F44/><W91/><G99/><T8/><D8/><U81/><E70/><V59/><F59/><W9/><G9/><T1/><D1/><U85/><E34/><V131/><F101/><W39/><G83/><AGARI ba="1,0" hai="41,42,43,48,50,74,78,83,86,89,94,98,102,107" machi="83" ten="40,12000,1" yaku="24,2,52,2" doraHai="47" who="0" fromWho="3" sc="337,123,173,0,250,0,240,-123" /><INIT seed="0,2,0,0,1,87" ten="460,173,250,117" oya="0" hai0="10,37,101,14,113,120,115,7,92,127,27,123,80" hai1="89,20,99,30,70,117,106,0,102,107,54,58,110" hai2="1,60,130,69,49,48,61,103,39,118,91,25,38" hai3="51,112,109,95,57,13,26,90,104,121,111,68,135"/><T34/><D37/><N who="2" m="13834" /><F103/><W47/><G68/><T11/><D80/><U122/><E0/><V126/><F25/><W132/><G104/><T116/><D92/><U55/><E122/><V53/><F1/><W93/><G121/><N who="0" m="46667" /><D101/><U86/><E107/><V52/><F118/><W108/><G112/><T85/><D85/><U66/><E117/><V96/><F126/><W31/><G57/><T36/><D36/><U129/><E70/><V8/><F8/><W32/><G13/><N who="0" m="5343" /><D116/><U15/><E66/><N who="2" m="41159" /><F91/><W63/><G63/><T78/><D78/><U21/><E106/><V79/><F96/><N who="3" m="57399" /><G95/><T33/><D127/><U74/><E74/><V29/><F79/><W12/><G12/><T133/><D34/><U40/><E99/><V83/><F83/><W22/><G32/><T88/><D88/><U128/><E102/><V17/><F17/><W84/><G84/><T35/><D35/><U100/><E100/><V75/><F75/><W134/><G134/><T105/><D133/><U19/><E86/><V65/><F29/><W97/><G97/><T131/><D105/><U46/><E89/><V44/><F130/><W6/><G135/><T72/><D72/><U125/><E125/><V16/><F16/><W2/><G132/><T71/><D131/><U18/><E30/><V28/><F28/><W77/><G77/><T56/><D33/><U24/><E129/><V64/><F61/><W5/><G2/><T82/><D115/><U43/><E128/><V114/><F114/><W119/><G119/><T94/><D113/><U23/><E15/><V67/><F44/><W42/><AGARI ba="2,0" hai="5,6,22,26,31,42,47,51,108,109,111" m="57399" machi="42" ten="30,4000,0" yaku="5,1,14,1,52,1" doraHai="87" who="3" fromWho="3" sc="460,-22,173,-12,250,-12,117,46" /><INIT seed="1,0,0,0,5,58" ten="438,161,238,163" oya="1" hai0="14,108,87,125,123,78,113,106,62,94,26,4,76" hai1="71,131,128,53,20,132,112,6,69,129,0,97,39" hai2="22,130,91,3,63,74,126,48,72,98,117,95,68" hai3="90,5,127,81,10,41,36,134,12,13,44,50,54"/><U75/><E112/><V47/><F3/><W92/><G127/><T57/><D106/><U133/><E75/><V121/><F126/><W19/><G134/><N who="1" m="51818" /><E97/><V88/><F130/><W114/><G114/><T15/><D108/><U83/><E83/><V35/><F35/><W122/><G122/><T107/><D107/><U18/><E39/><V1/><F1/><W105/><G105/><T116/><D116/><U85/><E85/><V55/><F121/><W42/><G81/><T61/><D87/><U67/><E53/><V84/><F22/><N who="3" m="11623" /><G36/><T45/><D94/><U102/><E102/><V17/><F17/><W96/><AGARI ba="0,0" hai="5,10,13,41,42,44,50,54,90,92,96" m="11623" machi="96" ten="30,1100,0" yaku="8,1" doraHai="58" who="3" fromWho="3" sc="438,-3,161,-5,238,-3,163,11" /><INIT seed="2,0,0,1,1,45" ten="435,156,235,174" oya="2" hai0="132,74,69,70,26,78,123,15,34,1,125,24,107" hai1="96,18,23,47,38,0,100,68,117,32,37,58,46" hai2="54,80,56,19,120,134,116,64,4,50,7,89,41" hai3="22,27,31,102,60,99,35,63,133,20,135,73,77"/><V44/><F134/><N who="3" m="51211" /><G73/><T62/><D62/><N who="3" m="23593" /><G77/><T92/><D78/><U57/><E32/><V8/><F116/><W36/><G36/><T61/><D92/><AGARI ba="0,0" hai="20,22,27,31,35,92,99,102" m="23593,51211" machi="92" ten="30,1000,0" yaku="20,1" doraHai="45" who="3" fromWho="0" sc="435,-10,156,0,235,0,174,10" /><INIT seed="3,0,0,1,5,131" ten="425,156,235,184" oya="3" hai0="66,80,83,3,43,51,93,48,24,125,8,17,55" hai1="127,62,113,14,123,44,38,71,86,70,88,9,103" hai2="134,65,30,76,107,13,132,98,114,23,37,110,84" hai3="130,90,68,22,122,41,42,78,58,92,12,99,124"/><W94/><G68/><T7/><D66/><U75/><E123/><V102/><F37/><W64/><G122/><T128/><D125/><U60/><E113/><V46/><F114/><W39/><G130/><T31/><D128/><U25/><E75/><V27/><F110/><W109/><G39/><T96/><D17/><U129/><E129/><V91/><F76/><W11/><G124/><T69/><D69/><U16/><E127/><V5/><F65/><W87/><G22/><T19/><D19/><U77/><E71/><V6/><F46/><W32/><G32/><T72/><D43/><U73/><E103/><V63/><F63/><N who="3" m="38007" /><G109/><T120/><D120/><U79/><E73/><V45/><F45/><W52/><G52/><T111/><D111/><U2/><E70/><V10/><REACH who="2" step="1"/><F6/><REACH who="2" ten="425,156,225,184" step="2"/><N who="3" m="3191" /><G78/><T74/><D74/><U35/><E79/><V47/><F47/><W18/><G18/><T36/><D72/><U97/><E77/><V15/><F15/><W56/><G56/><T81/><D36/><U67/><E67/><V21/><F21/><W101/><AGARI ba="0,1" hai="41,42,87,90,92,94,99,101" m="3191,38007" machi="101" ten="30,1500,0" yaku="8,1" doraHai="131" who="3" fromWho="3" sc="425,-5,156,-5,225,-5,184,25" /><INIT seed="3,1,0,0,1,23" ten="420,151,220,209" oya="3" hai0="97,117,31,3,123,2,16,119,48,30,111,58,17" hai1="109,81,112,62,72,15,103,113,134,29,40,79,121" hai2="114,68,64,54,0,94,80,93,104,51,21,102,105" hai3="129,128,11,69,106,55,35,131,52,20,12,92,132"/><W67/><G106/><T89/><D48/><U101/><E40/><V120/><F0/><W66/><G35/><T124/><D58/><U44/><E44/><V95/><F114/><N who="1" m="44137" /><E15/><V63/><F120/><W5/><G132/><T100/><D89/><U87/><E62/><V41/><F41/><W59/><G69/><T126/><D97/><U135/><E29/><V36/><F36/><W24/><G92/><T73/><D100/><N who="1" m="38475" /><E121/><V13/><F80/><W70/><G70/><T39/><D73/><U116/><E116/><V61/><F102/><W77/><G77/><T9/><D39/><U130/><E109/><V82/><F82/><W108/><G108/><T1/><D111/><U56/><E56/><V127/><F63/><N who="3" m="36327" /><G55/><T34/><D123/><U33/><E33/><V46/><F127/><N who="0" m="48682" /><D9/><U19/><E19/><AGARI ba="1,0" hai="5,11,12,19,20,24,66,67,128,129,131" m="36327" machi="19" ten="30,5800,0" yaku="19,1,52,1,54,1" doraHai="23" who="3" fromWho="1" sc="420,0,151,-61,220,0,209,61" /><INIT seed="3,2,0,3,0,79" ten="420,90,220,270" oya="3" hai0="58,83,90,100,99,119,24,0,124,125,60,6,81" hai1="132,129,22,69,106,31,61,15,33,7,38,30,18" hai2="95,17,89,51,32,44,111,97,73,62,20,104,41" hai3="4,25,43,114,29,37,46,110,96,105,133,68,87"/><W10/><G114/><T117/><D6/><U130/><E38/><V57/><F111/><W64/><G110/><T13/><D13/><U93/><E106/><V19/><F32/><W78/><G133/><T84/><D24/><N who="1" m="18631" /><E93/><V102/><F73/><W76/><G87/><N who="0" m="50543" /><D58/><U27/><E61/><V103/><F104/><W122/><G122/><T5/><D60/><U91/><E91/><V23/><F23/><W66/><G78/><N who="0" m="46199" /><D5/><U92/><E92/><V108/><F108/><W127/><G68/><T52/><D52/><U55/><E55/><N who="2" m="34111" /><F19/><W86/><G66/><T82/><D0/><U101/><E101/><V80/><F80/><W12/><G64/><T128/><D82/><U9/><E69/><V56/><F56/><W34/><G105/><N who="0" m="63647" /><D128/><N who="1" m="49259" /><E132/><V112/><F112/><W49/><G37/><T123/><D123/><U11/><E7/><V40/><F41/><W48/><G48/><T126/><AGARI ba="2,0" hai="117,119,124,125,126" m="63647,46199,50543" machi="126" ten="30,8000,1" yaku="18,1,34,2,52,2" doraHai="79" who="0" fromWho="0" sc="420,86,90,-22,220,-22,270,-42" /><INIT seed="4,0,0,4,1,129" ten="506,68,198,228" oya="0" hai0="20,104,90,66,50,125,77,82,114,103,13,94,32" hai1="74,26,112,99,52,124,80,130,123,1,7,30,34" hai2="33,79,46,93,15,78,68,48,106,69,8,63,92" hai3="31,111,118,56,127,9,18,76,119,73,28,95,109"/><T25/><D114/><U116/><E123/><V10/><F33/><W40/><G40/><T113/><D113/><U75/><E112/><V49/><F106/><W6/><G76/><T71/><D125/><U39/><E116/><N who="3" m="44586" /><G73/><T89/><D89/><U72/><E39/><V100/><F63/><W35/><G95/><T64/><D32/><U22/><E124/><V54/><F46/><W55/><G55/><T53/><D71/><U108/><E108/><N who="3" m="41546" /><G56/><T117/><D117/><U134/><E80/><V2/><F54/><W135/><G127/><T126/><D126/><U17/><E99/><V57/><F57/><W29/><G18/><T24/><D103/><U98/><E98/><V133/><F100/><W51/><G51/><T85/><D104/><U42/><E42/><V128/><F49/><W38/><G38/><T27/><D77/><U23/><E52/><V65/><F48/><W101/><G101/><T14/><D82/><U84/><E84/><V45/><F45/><W121/><G121/><T19/><D53/><U97/><E97/><V83/><F83/><W102/><G102/><T59/><D50/><U70/><E70/><V58/><F58/><W87/><G87/><T132/><D59/><U41/><E41/><V110/><F65/><W91/><G91/><T43/><D43/><U3/><E74/><V61/><F61/><W5/><G35/><T105/><D105/><U12/><E72/><V62/><F62/><W131/><G131/><T60/><D66/><U122/><E75/><V81/><F128/><W107/><G107/><T16/><D64/><U86/><E130/><RYUUKYOKU ba="0,0" sc="506,0,68,0,198,0,228,0" /><INIT seed="5,1,0,4,2,63" ten="506,68,198,228" oya="1" hai0="78,26,90,115,44,73,71,64,13,84,15,135,87" hai1="124,8,95,58,106,24,101,107,42,32,16,105,18" hai2="23,94,49,50,14,46,65,81,40,111,19,128,60" hai3="74,103,129,17,10,117,99,41,34,82,21,0,43"/><U108/><E124/><V57/><F128/><W80/><G34/><T6/><D73/><U85/><E108/><V30/><F111/><W39/><G129/><T109/><D71/><U104/><E42/><V123/><F123/><W91/><G117/><T133/><D115/><U68/><E68/><V55/><F81/><W27/><G82/><N who="0" m="47191" /><D64/><U59/><N who="1" m="27136" /><DORA hai="11" /><U126/><E126/><V131/><F131/><W77/><G91/><T51/><D26/><U100/><E85/><V36/><F30/><W5/><REACH who="3" step="1"/><G39/><REACH who="3" ten="506,68,198,218" step="2"/><T86/><D86/><U83/><E83/><V38/><REACH who="2" step="1"/><F94/><AGARI ba="1,1" hai="0,5,10,17,21,27,41,43,74,77,80,94,99,103" machi="94" ten="30,7700,0" yaku="1,1,2,1,7,1,53,1" doraHai="63,11" doraHaiUra="72,45" who="3" fromWho="2" sc="506,0,68,0,198,-80,218,90" /><INIT seed="6,0,0,2,5,28" ten="506,68,118,308" oya="2" hai0="81,68,124,73,53,51,89,111,99,77,17,87,14" hai1="63,7,48,61,134,80,123,93,86,74,103,4,22" hai2="57,131,70,76,10,128,43,117,55,106,90,56,122" hai3="66,52,92,12,2,1,58,36,132,26,133,135,24"/><V34/><F106/><W88/><G36/><T113/><D68/><U11/><E123/><V19/><F70/><W72/><G72/><T69/><D69/><U97/><E134/><V16/><F122/><W50/><G12/><T83/><D113/><U121/><E121/><V115/><F117/><W126/><G66/><T45/><D124/><U94/><E74/><V38/><F76/><W109/><G109/><T37/><D37/><U9/><E48/><V114/><F90/><W20/><G126/><T33/><D33/><U71/><E93/><V100/><F100/><W44/><G44/><T8/><D99/><U104/><E104/><V0/><F43/><W27/><G20/><T105/><D105/><U67/><E61/><N who="2" m="35999" /><F57/><W82/><REACH who="3" step="1"/><G82/><REACH who="3" ten="506,68,118,298" step="2"/><T75/><D75/><U25/><E9/><V65/><F65/><W60/><G60/><T23/><D23/><U102/><E11/><V64/><F64/><W125/><G125/><T42/><D42/><U49/><E49/><V15/><F38/><W40/><G40/><T118/><D118/><U32/><E22/><V119/><F119/><W112/><G112/><N who="2" m="43049" /><F0/><W78/><G78/><T29/><D111/><U98/><E67/><V120/><F120/><W108/><G108/><T46/><D46/><U21/><E71/><V3/><F3/><W18/><G18/><T6/><D6/><U84/><E63/><V5/><F34/><W127/><G127/><T54/><D54/><U39/><E32/><V30/><F30/><AGARI ba="0,1" hai="8,14,17,29,30,45,51,53,73,77,81,83,87,89" machi="30" ten="40,2600,0" yaku="25,2" doraHai="28" who="0" fromWho="2" sc="506,36,68,0,118,-26,298,0" /><INIT seed="7,0,0,4,0,114" ten="542,68,92,298" oya="3" hai0="71,31,34,89,126,10,102,46,2,25,118,86,57" hai1="11,134,63,22,23,76,60,37,17,92,132,58,64" hai2="80,122,131,97,55,98,69,0,74,27,115,84,4" hai3="20,6,130,73,93,45,24,56,30,68,100,91,26"/><W112/><G73/><T28/><D118/><U33/><E37/><V29/><F69/><W105/><G68/><T8/><D126/><U88/><E33/><V51/><F115/><W104/><G6/><T96/><D2/><U106/><E106/><V94/><F122/><W113/><G100/><T36/><D31/><U127/><E127/><V61/><F74/><W108/><G108/><T133/><D133/><U125/><E125/><V107/><F61/><W21/><G56/><T35/><D35/><U49/><E76/><V40/><F40/><W87/><G45/><T59/><D71/><U53/><E60/><V19/><F19/><W109/><G109/><T54/><D57/><U117/><E117/><V128/><F107/><W99/><G130/><N who="2" m="49705" /><F94/><W13/><G13/><T82/><D36/><U123/><E123/><V103/><F103/><W52/><G93/><T70/><D46/><U16/><E134/><V129/><F4/><W75/><G75/><T79/><D79/><U38/><E38/><V85/><F0/><W65/><G87/><N who="2" m="33353" /><F80/><W44/><G44/><T12/><D12/><N who="1" m="7199" /><E132/><V5/><F5/><W32/><G32/><T90/><D90/><U43/><E43/><V121/><F121/><W18/><G91/><T67/><D67/><U110/><E110/><V39/><F39/><W72/><G72/><T81/><D81/><U3/><E3/><V47/><N who="2" m="49713" /><V135/><DORA hai="7" /><F135/><W77/><G65/><T83/><D83/><U62/><E64/><V15/><F15/><W124/><G124/><T66/><D66/><U116/><E116/><V9/><F9/><RYUUKYOKU ba="0,0" sc="542,-10,68,-10,92,30,298,-10" hai2="27,29,47,51,55,97,98" owari="532,63.0,58,-44.0,122,-28.0,288,9.0" /></mjloggm>