<mjloggm ver="2.3"><GO type="41" lobby="0"/><UN n0="%43%68%61%2D%61" n1="%E3%82%A4%E3%83%87%E3%82%B3" n2="%E3%82%A6%E3%83%AB%E3%83%88%E3%83%A9%E7%AB%8B%E7%9B%B4" n3="%73%69%62%69%79%61" dan="14,13,15,13" rate="1968.19,1801.23,2003.34,1861.41" sx="F,M,M,M"/><TAIKYOKU oya="0"/><INIT seed="0,0,0,2,4,84" ten="250,250,250,250" oya="0" hai0="107,12,11,60,94,79,57,83,53,86,101,130,33" hai1="95,71,61,63,19,70,80,109,42,18,65,119,10" hai2="43,62,41,46,114,118,77,14,117,66,126,128,5" hai3="8,124,125,55,28,16,29,54,24,89,127,131,7"/><T44/><D33/><U81/><E109/><V52/><F77/><W112/><G112/><T102/><D130/><U34/><E34/><V22/><F22/><N who="3" m="13383" /><G131/><T31/><D107/><U13/><E42/><N who="2" m="15883" /><F14/><N who="3" m="5407" /><G89/><T45/><D31/><AGARI ba="0,0" hai="28,29,31,54,55,124,125,127" m="5407,13383" machi="31" ten="30,2000,0" yaku="18,1,54,1" doraHai="84" who="3" fromWho="0" sc="250,-20,250,0,250,0,250,20" /><INIT seed="1,0,0,3,0,109" ten="230,250,250,270" oya="1" hai0="29,76,116,106,130,66,102,101,0,18,8,46,127" hai1="59,72,122,64,37,9,95,103,89,120,86,115,134" hai2="83,32,133,24,92,84,44,14,128,91,41,4,27" hai3="126,20,19,47,39,96,17,26,60,11,124,12,6"/><U81/><E37/><V57/><F128/><W68/><G96/><T62/><D116/><U111/><E111/><V118/><F133/><W104/><G104/><T43/><D130/><U100/><E134/><V75/><F118/><W25/><G60/><T70/><D127/><U87/><E9/><V90/><F32/><W73/><G68/><T129/><D129/><U53/><E64/><V45/><F75/><W131/><G73/><T94/><D94/><U108/><E108/><V135/><F57/><W7/><G131/><T23/><D29/><U97/><E59/><V34/><F34/><W88/><G39/><T15/><D76/><N who="1" m="44167" /><E53/><V113/><F113/><W78/><G78/><T121/><D121/><N who="1" m="46699" /><E115/><V85/><F135/><W112/><G88/><T132/><D106/><U49/><E49/><V71/><F71/><W2/><G47/><N who="2" m="17993" /><F41/><W65/><G65/><T67/><D67/><U117/><E117/><V10/><AGARI ba="0,0" hai="4,10,14,24,27,83,84,85,90,91,92" m="17993" machi="10" ten="30,1100,0" yaku="8,1" doraHai="109" who="2" fromWho="2" sc="230,-3,250,-5,250,11,270,-3" /><INIT seed="2,0,0,2,1,28" ten="227,245,261,267" oya="2" hai0="62,59,98,24,54,82,111,118,38,129,124,36,53" hai1="109,10,78,7,81,116,32,43,87,5,35,119,67" hai2="101,61,99,25,84,60,27,90,65,115,23,94,64" hai3="103,73,47,108,125,13,58,72,68,29,17,85,104"/><V114/><F114/><W92/><G68/><T40/><D111/><U41/><E109/><V1/><F1/><W102/><G108/><T31/><D124/><U63/><E7/><V113/><F113/><W14/><G125/><T117/><D129/><U16/><E119/><N who="0" m="45577" /><D40/><U2/><E116/><V39/><F39/><N who="0" m="14890" /><D82/><U83/><E16/><V3/><F3/><W132/><G132/><T0/><D0/><U37/><E37/><V20/><F115/><W112/><G112/><T52/><D98/><U46/><E46/><V74/><F74/><W56/><G29/><T86/><D86/><U51/><E51/><V4/><F4/><W70/><G70/><T57/><D57/><U126/><E126/><V121/><F121/><W123/><G123/><T106/><D106/><U135/><E135/><V88/><F84/><W33/><G47/><T75/><D75/><U15/><E2/><V97/><F94/><W134/><G134/><T26/><D26/><U9/><E9/><V8/><F8/><W55/><G104/><T130/><D130/><U105/><E105/><V49/><F49/><W91/><G72/><T77/><D77/><U93/><E93/><V50/><F50/><W11/><G73/><T128/><D128/><U79/><E43/><V96/><F96/><W95/><G95/><T133/><D133/><U12/><E41/><V19/><F19/><W48/><G58/><T89/><D89/><U120/><E120/><V69/><F69/><W122/><G122/><T42/><D42/><U110/><E110/><V100/><AGARI ba="0,0" hai="20,23,25,27,60,61,64,65,88,90,97,99,100,101" machi="100" ten="25,12000,1" yaku="0,1,22,2,8,1,54,1" doraHai="28" who="2" fromWho="2" sc="227,-40,245,-40,261,120,267,-40" /><INIT seed="2,1,0,3,3,91" ten="187,205,381,227" oya="2" hai0="12,133,117,123,35,104,109,89,27,44,80,18,113" hai1="19,28,17,69,20,72,111,14,41,33,84,38,62" hai2="115,16,6,119,58,75,48,108,125,21,39,2,71" hai3="25,11,105,99,34,65,40,82,8,79,30,77,66"/><V107/><BYE who="1" /><RYUUKYOKU type="yao9" ba="1,0" sc="187,0,205,0,381,0,227,0" hai2="2,6,16,21,39,48,58,71,75,107,108,115,119,125" /><INIT seed="2,2,0,3,3,51" ten="187,205,381,227" oya="2" hai0="70,65,46,82,39,47,88,103,62,114,37,9,126" hai1="118,121,111,81,34,76,27,68,52,86,10,19,102" hai2="14,83,106,124,44,117,108,72,31,3,74,20,78" hai3="73,30,32,53,60,105,55,54,5,43,36,49,75"/><V26/><F3/><W99/><G5/><T79/><D114/><U89/><E89/><V64/><F106/><W90/><G36/><T21/><D126/><U133/><E133/><V6/><F117/><W84/><G30/><T116/><D116/><U135/><E135/><V109/><F124/><W8/><G32/><T128/><D128/><U91/><E91/><V93/><F64/><W92/><G8/><T56/><D103/><U29/><E29/><V28/><F28/><W115/><G115/><T98/><D9/><U131/><E131/><V123/><F123/><W0/><G0/><T66/><D70/><U120/><E120/><V104/><F104/><W69/><G105/><T113/><D113/><U18/><E18/><V48/><F83/><W112/><G112/><T134/><D134/><U125/><E125/><V7/><F93/><W15/><G15/><T130/><D130/><U127/><E127/><V24/><F24/><W13/><G13/><T119/><D119/><U35/><E35/><V12/><F12/><W132/><G132/><T22/><D66/><U101/><E101/><V40/><F78/><W87/><G69/><UN n1="%E3%82%A4%E3%83%87%E3%82%B3" /><T67/><D67/><U11/><E121/><V77/><F77/><W25/><G25/><T33/><D33/><U94/><E118/><V4/><REACH who="2" step="1"/><F14/><REACH who="2" ten="187,205,371,227" step="2"/><W61/><G73/><AGARI ba="2,1" hai="4,6,7,20,26,31,40,44,48,72,73,74,108,109" machi="73" ten="50,9600,0" yaku="1,1,2,1,53,1" doraHai="51" doraHaiUra="23" who="2" fromWho="3" sc="187,0,205,0,371,112,227,-102" /><INIT seed="2,3,0,5,2,4" ten="187,205,483,125" oya="2" hai0="41,132,98,113,124,38,91,109,80,112,18,97,134" hai1="99,122,1,88,51,77,13,96,101,83,89,71,55" hai2="32,82,0,20,46,54,12,7,44,57,21,48,64" hai3="5,81,56,50,130,131,10,125,35,22,40,30,135"/><V103/><F32/><W107/><G35/><T53/><D38/><U75/><E71/><V34/><F34/><W68/><G107/><T93/><D41/><U63/><E122/><V31/><F0/><W69/><G125/><T72/><D53/><U84/><E1/><V33/><F33/><W115/><G115/><N who="0" m="44107" /><D18/><U95/><E63/><V15/><F103/><W126/><G126/><T45/><D45/><U16/><E89/><V129/><F129/><W6/><G135/><N who="0" m="51755" /><D124/><U42/><E42/><V110/><F110/><W133/><G133/><T27/><D27/><U66/><E66/><V25/><F64/><W94/><G40/><T43/><D43/><U76/><E76/><V78/><F21/><W29/><G50/><T47/><D47/><U104/><E104/><V49/><F49/><W39/><G39/><T14/><D14/><U67/><E67/><V85/><F15/><W9/><G56/><T123/><D123/><U73/><E73/><V118/><F46/><W114/><G22/><T117/><D117/><U106/><E106/><V100/><F118/><W92/><G114/><T61/><D61/><U37/><E37/><V86/><F44/><W52/><G52/><T90/><D109/><U8/><E101/><V102/><F12/><W58/><G58/><AGARI ba="3,0" hai="8,13,16,51,55,58,75,77,83,84,88,95,96,99" machi="58" ten="30,7700,0" yaku="7,1,52,1,54,2" doraHai="4" who="1" fromWho="3" sc="187,0,205,86,483,0,125,-86" /><INIT seed="3,0,0,3,5,125" ten="187,291,483,39" oya="3" hai0="12,34,67,85,43,119,42,29,56,94,41,110,95" hai1="66,102,135,14,28,46,64,44,40,79,122,24,112" hai2="93,70,63,5,132,0,92,22,89,26,80,39,65" hai3="37,113,45,129,17,72,58,59,106,27,2,13,47"/><W23/><G113/><T103/><D119/><U84/><E122/><V32/><F32/><W121/><G121/><T25/><D110/><U53/><E112/><V86/><F39/><W97/><G72/><T100/><D12/><U7/><E135/><V51/><F132/><W114/><G2/><T107/><D107/><U31/><E102/><V3/><F51/><W98/><G114/><T30/><D30/><U78/><E53/><V117/><F117/><W8/><G129/><T49/><D85/><U77/><E84/><V109/><F109/><W76/><G76/><T19/><D19/><U50/><E46/><N who="3" m="17418" /><G37/><T4/><D4/><U62/><E66/><V10/><F0/><W111/><G106/><T16/><D16/><AGARI ba="0,0" hai="3,5,10,16,22,26,63,65,70,80,86,89,92,93" machi="16" ten="30,2000,0" yaku="7,1,54,1" doraHai="125" who="2" fromWho="0" sc="187,-20,291,0,483,20,39,0" /><INIT seed="4,0,0,3,5,108" ten="167,291,503,39" oya="0" hai0="59,92,58,80,43,64,1,134,17,9,41,122,86" hai1="121,13,112,104,123,128,131,18,107,66,79,105,3" hai2="57,87,50,47,10,42,82,49,72,119,113,52,56" hai3="78,46,102,51,68,12,6,14,96,117,35,65,69"/><T91/><D122/><N who="1" m="46603" /><E66/><V77/><F119/><W74/><G117/><T81/><D134/><U15/><E3/><V125/><F125/><W28/><G78/><T97/><D81/><U29/><E79/><V67/><F113/><W99/><G74/><T135/><D135/><U133/><E133/><V95/><F72/><W71/><G65/><T45/><D64/><U89/><E29/><V25/><F95/><W31/><G35/><T111/><D111/><U130/><E89/><V76/><F25/><W132/><G132/><T62/><D62/><U30/><E30/><V55/><F67/><W75/><G75/><T110/><D110/><U124/><E124/><V16/><F76/><W37/><G37/><T73/><D73/><U109/><E109/><V114/><F114/><W33/><G33/><T27/><D43/><U118/><E118/><V90/><F77/><W39/><G39/><T0/><D0/><U93/><E93/><V60/><F10/><W8/><G14/><N who="1" m="5130" /><E18/><AGARI ba="0,0" hai="16,18,42,47,49,50,52,55,56,57,60,82,87,90" machi="18" ten="40,5200,0" yaku="8,1,54,2" doraHai="108" who="2" fromWho="1" sc="167,0,291,-52,503,52,39,0" /><INIT seed="5,0,0,3,3,31" ten="167,239,555,39" oya="1" hai0="121,98,30,102,133,61,78,118,116,41,130,59,5" hai1="125,105,55,10,13,94,7,134,18,32,4,80,117" hai2="104,106,79,3,11,131,97,24,25,127,92,96,108" hai3="36,114,67,124,89,23,72,44,56,9,122,103,49"/><U20/><E117/><V33/><F11/><W120/><G114/><T16/><D133/><U35/><E105/><V75/><F24/><W83/><G36/><T87/><D130/><U135/><E80/><V70/><F25/><W64/><G124/><T47/><D121/><U37/><E37/><V66/><F66/><W63/><G122/><T12/><D5/><N who="1" m="2123" /><E55/><V128/><F33/><N who="1" m="12873" /><E94/><V91/><F70/><W17/><G120/><T60/><D30/><U43/><E43/><V76/><F3/><W50/><G9/><T19/><D19/><N who="1" m="8631" /><E125/><V111/><F127/><W74/><G103/><T8/><D78/><U58/><E58/><V110/><F75/><W26/><G67/><T93/><D87/><U119/><E119/><V107/><F97/><W54/><REACH who="3" step="1"/><G50/><REACH who="3" ten="167,239,555,29" step="2"/><T62/><REACH who="0" step="1"/><D59/><REACH who="0" ten="157,239,555,29" step="2"/><U69/><E69/><V85/><F96/><W0/><G0/><T15/><D15/><AGARI ba="0,2" hai="15,18,20,134,135" m="8631,12873,2123" machi="15" ten="30,12000,1" yaku="34,2,52,3" doraHai="31" who="1" fromWho="0" sc="157,-120,239,140,555,0,29,0" /><INIT seed="5,1,0,1,1,95" ten="37,379,555,29" oya="1" hai0="79,15,55,58,1,111,36,117,20,25,16,12,23" hai1="86,27,82,57,105,26,101,4,98,38,94,67,9" hai2="29,32,87,92,51,128,8,28,116,118,107,78,37" hai3="131,134,83,120,3,10,47,89,62,35,69,76,112"/><U30/><E38/><V93/><F51/><W56/><G120/><T115/><D117/><U14/><E105/><V130/><F8/><W50/><G112/><T64/><D111/><U63/><REACH who="1" step="1"/><E30/><REACH who="1" ten="37,369,555,29" step="2"/><V90/><F29/><W71/><G134/><T7/><D36/><U102/><E102/><V33/><F28/><W75/><G131/><T39/><D39/><U21/><E21/><V110/><F37/><W41/><G35/><T104/><D23/><U96/><E96/><V59/><F107/><W103/><G103/><T122/><D122/><U126/><E126/><V108/><F33/><W61/><G61/><T49/><D104/><U43/><E43/><V70/><F32/><W85/><G10/><T109/><D109/><U44/><E44/><V84/><F110/><W34/><G34/><T42/><D42/><U22/><E22/><V123/><F108/><W5/><G5/><T135/><D7/><U80/><E80/><V45/><F45/><W72/><G3/><T0/><D0/><U81/><E81/><V52/><F118/><W60/><G60/><T65/><D1/><U91/><AGARI ba="1,1" hai="4,9,14,26,27,57,63,67,82,86,91,94,98,101" machi="91" ten="20,12000,1" yaku="1,1,0,1,7,1,8,1,52,1,53,0" doraHai="95" doraHaiUra="46" who="1" fromWho="1" sc="37,-41,369,133,555,-41,29,-41" owari="-4,-40.0,502,30.0,514,61.0,-12,-51.0" /></mjloggm>