<mjloggm ver="2.3"><GO type="97" lobby="0"/><UN n0="%49%57%31%31%32%32" n1="%4B%6F%7A%6F%75%4A%50" n2="%48%4F%48" n3="%E3%82%A6%E3%83%AB%E3%83%88%E3%83%A9%E7%AB%8B%E7%9B%B4" dan="14,13,15,14" rate="1958.15,1884.50,1939.74,1950.38" sx="M,F,M,M"/><TAIKYOKU oya="0"/><INIT seed="0,0,0,1,2,107" ten="250,250,250,250" oya="0" hai0="85,52,97,16,124,102,78,81,101,121,48,64,62" hai1="42,41,77,0,43,93,90,95,109,65,122,110,19" hai2="87,133,27,120,1,96,18,80,92,9,82,58,5" hai3="98,113,128,6,4,46,29,7,44,68,21,125,13"/><T54/><D121/><U8/><E122/><V11/><F1/><W108/><G68/><T47/><D124/><U59/><E77/><V70/><F70/><W75/><G113/><T129/><D129/><U20/><E0/><V60/><F133/><W115/><G115/><T132/><D132/><U74/><E74/><V32/><F32/><W104/><G128/><T135/><D135/><U28/><E28/><V69/><F69/><W26/><G125/><T17/><D54/><U123/><E123/><V117/><F117/><W84/><G108/><N who="1" m="41578" /><E8/><N who="2" m="3147" /><F87/><W126/><G126/><T100/><REACH who="0" step="1"/><D97/><REACH who="0" ten="240,250,250,250" step="2"/><U130/><E130/><V34/><F96/><W131/><G131/><T45/><D45/><U36/><E36/><V55/><F55/><W57/><G46/><T111/><D111/><U71/><E42/><V14/><F120/><W88/><G44/><T23/><D23/><U119/><E43/><V89/><F34/><W61/><G98/><T118/><D118/><U106/><E119/><V33/><F33/><W31/><G21/><T50/><D50/><U30/><E41/><V99/><F60/><W116/><G61/><T114/><D114/><U25/><E20/><V63/><F63/><W53/><G116/><T83/><D83/><U37/><E37/><V3/><F82/><W51/><G51/><T103/><N who="0" m="25600" /><DORA hai="66" /><T76/><D76/><U134/><E134/><V38/><F80/><W39/><G53/><T94/><D94/><U73/><E95/><V112/><F38/><W40/><G39/><T10/><D10/><U22/><E93/><V35/><F35/><W56/><G40/><RYUUKYOKU ba="0,1" sc="240,30,250,-10,250,-10,250,-10" hai0="16,17,47,48,52,62,64,78,81,85" /><INIT seed="0,1,1,0,5,22" ten="270,240,240,240" oya="0" hai0="132,33,124,39,36,89,2,105,84,130,79,70,6" hai1="34,41,8,77,133,86,102,66,101,114,50,26,116" hai2="55,83,82,46,97,125,117,104,71,121,15,19,51" hai3="96,135,14,128,3,76,88,59,110,78,113,65,108"/><T112/><RYUUKYOKU type="yao9" ba="1,1" sc="270,0,240,0,240,0,240,0" hai0="2,6,33,36,39,70,79,84,89,105,112,124,130,132" /><INIT seed="0,2,1,1,5,71" ten="270,240,240,240" oya="0" hai0="9,56,3,72,7,109,89,112,50,17,5,11,2" hai1="25,73,26,14,18,19,15,60,58,133,39,23,38" hai2="114,116,24,125,59,88,93,40,135,97,49,28,95" hai3="85,35,8,16,119,132,122,41,34,129,4,30,80"/><T66/><D112/><U84/><E73/><V48/><F116/><W94/><G119/><T10/><D72/><U98/><E98/><V128/><F114/><W100/><G122/><T77/><D109/><U22/><E133/><V96/><F135/><W106/><G106/><T110/><D110/><U90/><E26/><V42/><F125/><W65/><G129/><T55/><D77/><U69/><E25/><V126/><F126/><W79/><G132/><T33/><D33/><U113/><E69/><V57/><F128/><W108/><G108/><T118/><D118/><U117/><E117/><V82/><F82/><W102/><G30/><T105/><D105/><U123/><E123/><V37/><F24/><W99/><G102/><T86/><D66/><U104/><E104/><V32/><F28/><W68/><G68/><T21/><D11/><U20/><E20/><V51/><F32/><W6/><G65/><T1/><D1/><U53/><REACH who="1" step="1"/><E113/><REACH who="1" ten="270,230,240,240" step="2"/><V0/><F0/><W64/><G34/><T120/><D120/><U130/><E130/><V54/><F57/><W134/><G35/><T12/><D86/><U63/><E63/><N who="2" m="36343" /><F37/><W13/><G134/><T76/><D76/><U78/><E78/><V103/><AGARI ba="2,2" hai="40,42,48,49,51,88,93,95,96,97,103" m="36343" machi="103" ten="30,2000,0" yaku="8,1,54,1" doraHai="71" who="2" fromWho="2" sc="270,-12,230,-7,240,46,240,-7" /><INIT seed="1,0,0,1,5,92" ten="258,223,286,233" oya="1" hai0="66,22,131,53,135,129,94,72,75,55,69,97,95" hai1="35,10,86,122,61,73,116,38,5,18,8,89,46" hai2="15,43,11,21,103,56,40,81,27,132,78,109,62" hai3="45,47,6,34,63,90,80,4,123,59,98,1,77"/><U12/><E122/><V85/><F11/><W74/><G34/><T108/><D108/><U33/><E73/><V20/><F109/><W91/><G123/><T82/><D135/><U130/><E116/><V117/><F117/><W93/><G1/><T54/><D22/><U126/><E126/><V13/><F21/><W76/><G76/><T60/><D95/><U31/><E130/><N who="0" m="49673" /><D82/><U7/><E31/><V24/><F103/><AGARI ba="0,0" hai="53,54,55,60,66,69,72,75,94,97,103" m="49673" machi="103" ten="30,2000,0" yaku="19,1,52,1" doraHai="92" who="0" fromWho="2" sc="258,20,223,0,286,-20,233,0" /><INIT seed="2,0,0,2,2,12" ten="278,223,266,233" oya="2" hai0="5,105,100,85,70,61,67,91,11,114,31,125,86" hai1="25,26,6,92,104,42,88,3,64,24,130,132,22" hai2="53,9,109,110,0,57,83,44,94,32,128,68,77" hai3="41,111,30,36,43,40,99,46,60,58,29,122,13"/><V131/><F94/><W124/><G122/><T63/><D114/><U66/><E104/><V1/><F68/><W120/><G120/><T118/><D118/><U49/><E132/><V4/><F32/><W108/><G99/><T10/><D125/><U78/><E130/><N who="2" m="49707" /><F44/><W98/><G98/><T102/><D86/><N who="1" m="52247" /><E78/><V15/><F1/><W51/><G13/><T72/><D72/><U74/><E74/><N who="2" m="43447" /><F0/><W37/><G30/><T101/><D31/><N who="1" m="17815" /><E6/><V2/><F2/><W23/><G23/><T33/><D33/><U97/><E97/><V34/><F34/><W123/><G29/><T20/><D105/><U52/><E42/><N who="3" m="16490" /><G123/><T95/><D63/><AGARI ba="0,0" hai="4,9,15,53,57,63,109,110" m="43447,49707" machi="63" ten="30,1500,0" yaku="19,1" doraHai="12" who="2" fromWho="0" sc="278,-15,223,0,266,15,233,0" /><INIT seed="2,1,0,5,2,43" ten="263,223,281,233" oya="2" hai0="57,114,37,133,74,72,125,18,121,61,73,118,41" hai1="87,119,68,88,12,15,40,21,6,36,17,9,107" hai2="83,26,49,24,69,104,106,120,29,59,33,94,48" hai3="117,3,127,99,8,77,135,130,66,5,62,80,100"/><V31/><F69/><W67/><G127/><T103/><D121/><U101/><E107/><V70/><F70/><W123/><G123/><T105/><D114/><U92/><E68/><V76/><F120/><W47/><G130/><T124/><D133/><U78/><E119/><V56/><F76/><W98/><G117/><T16/><D118/><U39/><E40/><V102/><F83/><W34/><G135/><T85/><D85/><U35/><E35/><V22/><F94/><W25/><G62/><T122/><D122/><U27/><E101/><V30/><F30/><N who="3" m="19791" /><G66/><T51/><D37/><U50/><E50/><V28/><F28/><W19/><G19/><T23/><D103/><U4/><E78/><V2/><F2/><W7/><G7/><T86/><D86/><U112/><E112/><V132/><F132/><W1/><G1/><T55/><D105/><U116/><E116/><V134/><F134/><W81/><G81/><T109/><D109/><U54/><E54/><V42/><F49/><W58/><G58/><T63/><D18/><U91/><E91/><V95/><F104/><N who="3" m="63511" /><G99/><T90/><D90/><U11/><AGARI ba="1,0" hai="4,6,9,11,12,15,17,21,27,36,39,87,88,92" machi="11" ten="30,4000,0" yaku="0,1,9,1,54,1" doraHai="43" who="1" fromWho="1" sc="263,-11,223,43,281,-21,233,-11" /><INIT seed="3,0,0,3,5,38" ten="252,266,260,222" oya="3" hai0="61,35,116,126,45,105,12,40,27,93,76,34,121" hai1="57,90,68,96,80,2,91,72,124,41,97,21,99" hai2="71,87,83,56,10,82,15,44,135,6,26,94,120" hai3="77,46,101,16,69,51,39,33,42,122,7,8,48"/><W5/><G33/><T123/><D105/><U36/><E68/><V127/><F71/><W30/><G69/><T118/><D76/><U104/><E2/><V100/><F26/><W117/><G117/><T4/><D126/><U134/><E124/><V110/><F127/><W13/><G122/><T0/><D93/><U109/><E109/><V14/><F100/><W131/><G131/><T52/><D0/><U58/><E134/><V89/><F110/><W70/><G70/><T86/><D86/><U95/><E104/><V113/><F113/><W102/><G30/><T29/><D35/><U62/><E72/><V84/><F84/><W64/><G64/><T66/><D123/><U74/><E74/><V50/><F135/><W49/><G77/><T31/><D121/><U65/><E80/><V108/><F108/><W92/><G92/><T11/><D31/><U125/><E58/><V43/><F43/><W119/><G119/><T98/><D98/><U73/><E73/><V128/><F56/><W59/><G59/><T106/><D106/><U20/><E125/><V81/><F15/><W53/><G53/><T114/><D52/><U3/><E3/><V55/><F128/><W115/><G115/><T67/><D67/><U22/><E97/><V19/><F120/><W132/><G132/><T47/><D47/><N who="1" m="23975" /><E99/><V112/><F112/><W88/><REACH who="3" step="1"/><G88/><REACH who="3" ten="252,266,260,212" step="2"/><T17/><D114/><U129/><E129/><V107/><F107/><W9/><G9/><T78/><D78/><U32/><E32/><V24/><F94/><W25/><G25/><T37/><D4/><AGARI ba="0,1" hai="4,5,7,8,13,16,39,42,46,48,49,51,101,102" machi="4" ten="40,7700,0" yaku="1,1,52,1,54,1,53,0" doraHai="38" doraHaiUra="18" who="3" fromWho="0" sc="252,-77,266,0,260,0,212,87" /><INIT seed="3,1,0,5,4,69" ten="175,266,260,299" oya="3" hai0="107,71,2,60,42,30,29,128,7,66,27,58,24" hai1="93,25,62,101,77,99,43,12,15,38,133,28,132" hai2="63,48,53,74,41,117,85,50,67,57,113,61,103" hai3="34,100,13,46,1,129,94,109,3,111,119,134,16"/><W10/><G34/><T82/><D107/><U33/><E77/><V123/><F74/><W78/><G119/><T37/><D128/><U112/><E62/><V40/><F85/><W80/><G129/><T125/><D125/><U32/><E112/><V23/><F23/><W35/><G35/><T52/><D82/><U130/><E130/><V54/><F103/><W97/><G46/><T84/><D84/><U88/><E101/><V118/><F113/><W122/><G122/><T56/><D56/><U9/><E32/><V8/><F8/><W124/><G124/><T11/><D29/><U91/><E91/><V0/><F0/><W135/><G3/><T47/><REACH who="0" step="1"/><D30/><REACH who="0" ten="165,266,260,299" step="2"/><U20/><E28/><V115/><F115/><W17/><G80/><T55/><D55/><U18/><E33/><V36/><F118/><W105/><G105/><T14/><D14/><U79/><E12/><V121/><F117/><W49/><G1/><T116/><D116/><U5/><E79/><V21/><F57/><W104/><G104/><T51/><AGARI ba="1,1" hai="2,7,11,24,27,37,42,47,51,52,58,60,66,71" machi="51" ten="20,12000,2" yaku="1,1,0,1,7,1,24,2,52,1,54,1,53,0" doraHai="69" doraHaiUra="19" who="0" fromWho="0" sc="165,133,266,-31,260,-31,299,-61" /><INIT seed="4,0,0,3,4,129" ten="298,235,229,238" oya="0" hai0="85,32,41,117,103,122,58,126,37,81,5,54,59" hai1="60,25,112,127,89,93,111,30,19,70,104,128,113" hai2="105,96,92,21,135,56,69,2,121,44,109,74,65" hai3="51,134,91,27,99,8,11,82,68,119,23,64,13"/><T62/><D122/><U124/><E111/><V78/><F2/><W66/><G119/><T72/><D117/><U34/><E104/><V101/><F121/><W31/><G68/><T0/><D72/><U75/><E128/><V132/><F109/><W42/><G134/><N who="2" m="51241" /><F69/><W26/><G26/><T80/><D126/><N who="1" m="48171" /><E75/><V118/><F118/><W6/><G11/><T10/><D32/><U67/><E19/><V123/><F123/><W50/><G50/><T131/><D131/><U114/><E89/><V71/><F44/><N who="3" m="26007" /><G99/><T102/><D81/><U73/><E73/><V24/><F56/><W94/><G94/><AGARI ba="0,0" hai="25,30,34,60,67,70,93,94,112,113,114" m="48171" machi="94" ten="40,5200,0" yaku="15,1,11,1,18,1" doraHai="129" who="1" fromWho="3" sc="298,0,235,52,229,0,238,-52" /><INIT seed="5,0,0,4,4,92" ten="298,287,229,186" oya="1" hai0="66,107,125,2,126,13,8,129,17,84,62,121,38" hai1="21,102,26,30,63,31,22,68,47,56,70,9,85" hai2="32,10,78,86,95,112,19,25,101,49,82,23,100" hai3="57,61,73,134,11,133,27,81,65,111,39,12,54"/><U51/><E102/><V106/><F106/><W99/><G39/><T75/><D75/><U130/><E130/><V48/><F32/><W15/><G111/><T88/><D129/><U72/><E72/><V90/><F112/><W34/><G34/><T71/><D2/><U119/><E119/><V37/><F37/><W122/><G122/><T41/><D107/><U132/><E132/><N who="3" m="50794" /><G27/><T64/><D121/><U7/><E31/><V43/><F49/><W20/><G20/><T80/><D66/><U52/><E22/><V45/><F10/><W6/><G15/><T77/><D77/><U83/><E9/><V79/><F79/><N who="3" m="44271" /><G65/><T35/><D35/><U108/><E108/><V109/><F109/><W114/><G114/><T40/><REACH who="0" step="1"/><D38/><REACH who="0" ten="288,287,229,186" step="2"/><U91/><E7/><V74/><AGARI ba="0,1" hai="19,23,25,43,45,48,74,78,82,86,90,95,100,101" machi="74" ten="20,1500,0" yaku="0,1,7,1" doraHai="92" who="2" fromWho="2" sc="288,-4,287,-7,229,25,186,-4" /><INIT seed="6,0,0,2,3,85" ten="284,280,254,182" oya="2" hai0="3,122,22,40,19,91,95,57,17,45,90,74,4" hai1="50,87,15,66,65,123,23,97,11,6,79,33,39" hai2="51,53,62,115,54,134,21,41,105,67,107,125,64" hai3="129,14,84,28,88,72,126,32,5,26,106,36,98"/><V121/><F21/><W61/><G36/><T12/><D74/><U18/><E39/><V131/><F105/><W0/><G72/><T47/><D122/><U109/><E33/><V102/><F102/><W104/><G126/><T70/><D70/><U37/><E109/><V35/><F107/><W96/><G129/><T111/><D111/><U7/><E37/><V25/><F25/><W100/><G0/><T83/><D3/><U76/><E123/><V29/><F29/><W13/><G5/><T117/><D4/><U116/><E116/><V38/><F35/><W49/><G49/><N who="0" m="26791" /><D117/><U34/><E34/><V94/><F94/><W130/><G130/><T44/><D57/><U92/><E6/><V56/><F131/><W82/><G61/><T48/><D83/><U2/><E50/><V128/><F121/><W10/><G10/><N who="0" m="6295" /><D95/><U20/><E2/><V43/><F38/><W46/><G46/><N who="0" m="17451" /><D48/><U80/><E7/><V132/><F128/><W81/><G81/><T93/><D93/><U58/><E58/><N who="2" m="35151" /><F125/><W55/><G55/><T69/><D69/><U52/><E52/><V133/><F115/><W120/><G120/><T89/><D89/><N who="1" m="51431" /><E65/><AGARI ba="0,0" hai="41,43,51,54,56,64,65,67,132,133,134" m="35151" machi="65" ten="30,5800,0" yaku="20,1,34,2" doraHai="85" who="2" fromWho="1" sc="284,0,280,-58,254,58,182,0" owari="284,8.0,222,-18.0,312,42.0,182,-32.0" /></mjloggm>