<mjloggm ver="2.3"><GO type="41" lobby="0"/><UN n0="%42%61%63%6B%44%72%6F%70" n1="%E3%82%A6%E3%83%AB%E3%83%88%E3%83%A9%E7%AB%8B%E7%9B%B4" n2="%E7%8E%8B%E6%A7%98%E3%82%AC%E3%82%A8%E3%83%AB" n3="%7A%65%6C%6F%73" dan="14,15,14,13" rate="1949.41,1997.93,1989.56,1823.06" sx="M,M,M,M"/><TAIKYOKU oya="0"/><INIT seed="0,0,0,0,3,5" ten="250,250,250,250" oya="0" hai0="76,10,50,48,127,14,0,40,96,129,3,94,57" hai1="34,89,55,107,125,104,51,42,64,97,88,103,123" hai2="49,126,124,16,13,85,65,58,53,122,19,132,6" hai3="37,59,22,20,9,81,100,25,52,133,78,56,99"/><T62/><D0/><U83/><E123/><V44/><F122/><W86/><G133/><T24/><D3/><U7/><E125/><N who="2" m="48235" /><F132/><W77/><G37/><T27/><D127/><U95/><E34/><V130/><F130/><W15/><G56/><T29/><D129/><U74/><E42/><N who="2" m="24727" /><F85/><W120/><G120/><T61/><D76/><U73/><E64/><V121/><F65/><W92/><G78/><T131/><D131/><U75/><E7/><V116/><F116/><W87/><G25/><N who="0" m="9803" /><D29/><U45/><E89/><V79/><F79/><W93/><G87/><T23/><D23/><U63/><E63/><N who="0" m="24073" /><D40/><U82/><REACH who="1" step="1"/><E107/><REACH who="1" ten="250,240,250,250" step="2"/><V135/><F135/><W4/><REACH who="3" step="1"/><G93/><REACH who="3" ten="250,240,250,240" step="2"/><T41/><D41/><U21/><E21/><V72/><F121/><W111/><G111/><T12/><D94/><U54/><E54/><V46/><F53/><W115/><G115/><T112/><D112/><U35/><E35/><V11/><F58/><W66/><G66/><T28/><D57/><U36/><E36/><V67/><F67/><W43/><G43/><T118/><D118/><U38/><E38/><V90/><F46/><W80/><G80/><T8/><D50/><AGARI ba="0,2" hai="4,9,15,20,22,50,52,59,77,81,86,92,99,100" machi="50" ten="30,12000,2" yaku="1,1,7,1,8,1,52,1,54,1,53,1" doraHai="5" doraHaiUra="47" who="3" fromWho="0" sc="250,-120,240,0,250,0,240,140" /><INIT seed="1,0,0,4,2,62" ten="130,240,250,380" oya="1" hai0="65,92,54,56,131,129,16,3,94,28,87,104,79" hai1="133,40,17,128,120,90,97,36,29,26,107,30,6" hai2="75,9,15,63,38,83,121,7,42,91,22,103,99" hai3="109,67,119,1,93,85,43,82,61,4,76,50,57"/><U60/><E120/><V135/><F121/><W2/><G109/><T115/><D104/><U59/><E128/><N who="0" m="49225" /><D115/><U37/><E133/><V96/><F135/><W106/><G119/><T18/><D3/><U47/><E6/><V132/><F132/><W21/><G106/><T68/><D28/><U32/><E29/><V80/><F38/><W73/><G21/><T11/><D79/><U27/><E37/><V101/><F42/><W45/><G4/><T125/><D125/><U127/><E127/><V112/><F112/><W111/><REACH who="3" step="1"/><G111/><REACH who="3" ten="130,240,250,370" step="2"/><T49/><D11/><U78/><E107/><V118/><F22/><W12/><G12/><T10/><D10/><U48/><E32/><V116/><F15/><W84/><G84/><T34/><D34/><U102/><E30/><V77/><F9/><W123/><G123/><T24/><D87/><U41/><E17/><N who="0" m="6761" /><D24/><U117/><E117/><V134/><F7/><W58/><G58/><T74/><D74/><U33/><E27/><V114/><F134/><W98/><G98/><T51/><D51/><U86/><E26/><V105/><F114/><W46/><G46/><T20/><D20/><U55/><E33/><V71/><F116/><W88/><AGARI ba="0,1" hai="1,2,43,45,50,57,61,67,73,76,82,85,88,93" machi="88" ten="30,7900,0" yaku="1,1,0,1,52,1,54,1,53,0" doraHai="62" doraHaiUra="126" who="3" fromWho="3" sc="130,-20,240,-39,250,-20,370,89" /><INIT seed="2,0,0,1,0,0" ten="110,201,230,459" oya="2" hai0="110,116,68,96,108,94,121,80,59,12,57,125,39" hai1="100,93,106,13,122,73,36,8,119,72,22,126,84" hai2="78,32,76,1,49,56,98,130,99,66,23,37,114" hai3="83,91,7,48,41,54,17,74,105,85,42,31,92"/><V51/><F37/><W14/><G105/><T134/><D39/><U9/><E36/><V26/><F32/><W34/><G7/><T127/><D68/><U30/><E119/><V43/><F114/><W19/><G31/><T21/><D121/><U115/><E115/><V124/><F1/><W113/><G34/><T35/><D35/><U64/><E106/><V75/><F130/><W3/><G3/><T63/><D116/><U65/><E73/><V79/><F75/><W81/><G19/><N who="0" m="10471" /><D80/><N who="3" m="30793" /><G74/><T103/><D134/><U120/><E72/><V70/><F70/><W11/><G113/><T90/><D103/><U40/><E40/><V45/><F124/><N who="0" m="47690" /><D63/><U60/><E126/><V62/><REACH who="2" step="1"/><F51/><REACH who="2" ten="110,201,220,459" step="2"/><W69/><G69/><T2/><D2/><U123/><E123/><V16/><AGARI ba="0,1" hai="16,23,26,43,45,49,56,62,66,76,78,79,98,99" machi="16" ten="30,12000,1" yaku="1,1,2,1,0,1,8,1,54,1,53,0" doraHai="0" doraHaiUra="129" who="2" fromWho="2" sc="110,-40,201,-40,220,130,459,-40" /><INIT seed="2,1,0,0,4,28" ten="70,161,350,419" oya="2" hai0="46,39,91,2,67,122,112,6,105,38,7,131,78" hai1="72,23,127,14,128,132,54,114,21,74,87,125,43" hai2="81,50,58,17,61,60,44,113,90,4,129,77,85" hai3="62,133,16,126,118,47,35,101,102,86,84,135,111"/><V82/><F113/><W124/><G118/><T36/><D112/><U99/><E43/><V68/><F68/><W34/><G47/><T8/><D105/><U80/><E114/><V51/><F129/><W66/><G16/><T100/><D100/><N who="3" m="38505" /><G62/><T65/><D131/><U56/><E99/><V1/><F1/><W95/><G66/><T69/><D122/><U12/><E132/><N who="3" m="50762" /><G95/><T130/><D130/><U49/><E128/><V48/><F4/><W109/><G86/><T104/><D7/><U41/><E41/><N who="2" m="24591" /><F17/><W120/><G84/><T103/><D67/><U24/><E87/><N who="2" m="48559" /><F61/><W25/><G120/><T0/><D0/><U93/><E93/><V11/><F11/><W64/><G64/><AGARI ba="1,0" hai="50,51,58,60,64,82,85,90" m="48559,24591" machi="64" ten="30,1500,0" yaku="8,1" doraHai="28" who="2" fromWho="3" sc="70,0,161,0,350,18,419,-18" /><INIT seed="2,2,0,3,4,57" ten="70,161,368,401" oya="2" hai0="113,64,86,83,5,115,44,41,75,36,35,51,120" hai1="99,48,67,45,0,123,19,74,102,110,61,20,39" hai2="92,66,23,121,43,34,26,108,62,7,131,12,135" hai3="97,27,38,1,128,103,82,22,79,50,132,68,80"/><V2/><F121/><W21/><G128/><T118/><D120/><U46/><E0/><V112/><F112/><W116/><G116/><T107/><D118/><U114/><E74/><V125/><F131/><W58/><G132/><T16/><D35/><U52/><E110/><V31/><F108/><W96/><G68/><T37/><D75/><U4/><E4/><V104/><F104/><W117/><G38/><T78/><D107/><U73/><E73/><V95/><F135/><W49/><G1/><T14/><D64/><U127/><E127/><V33/><F33/><W72/><G117/><T111/><D111/><U29/><E29/><V77/><F77/><W90/><G90/><T101/><D101/><U11/><E11/><V87/><F87/><W13/><G13/><T130/><D130/><U42/><E114/><N who="0" m="43529" /><D16/><U81/><E81/><V63/><F43/><W3/><G82/><T17/><D17/><U124/><E124/><V65/><F125/><W15/><G15/><T106/><D106/><U53/><E123/><V89/><F34/><W133/><G3/><T30/><D30/><U76/><E76/><V6/><F2/><W40/><G133/><T55/><D55/><U8/><E8/><AGARI ba="2,0" hai="5,8,14,36,37,41,44,51,78,83,86" m="43529" machi="8" ten="30,1000,0" yaku="25,1" doraHai="57" who="0" fromWho="1" sc="70,16,161,-16,368,0,401,0" /><INIT seed="3,0,0,1,4,3" ten="86,145,368,401" oya="3" hai0="58,50,113,21,16,96,123,114,118,17,53,130,115" hai1="37,74,108,0,35,70,49,100,112,81,75,95,19" hai2="27,126,90,10,56,105,23,46,80,29,124,66,127" hai3="6,103,14,22,86,64,92,5,122,116,71,120,40"/><W78/><G116/><T133/><D123/><U84/><E49/><V99/><F105/><W63/><G40/><T119/><D130/><U8/><E19/><V73/><F46/><W18/><G103/><T88/><D133/><U68/><E8/><V87/><F73/><W36/><G36/><T52/><D53/><U106/><E70/><V45/><F45/><W1/><G1/><T15/><D96/><U57/><E57/><V91/><F10/><W93/><G93/><T9/><REACH who="0" step="1"/><D88/><REACH who="0" ten="76,145,368,401" step="2"/><U25/><E100/><V65/><F99/><W62/><G62/><T20/><D20/><U7/><E95/><V94/><F94/><W131/><G131/><T32/><D32/><U44/><E81/><V28/><F91/><W98/><G98/><T72/><D72/><U24/><E75/><V128/><F128/><W2/><G2/><T33/><D33/><U51/><E74/><V26/><F66/><W61/><G61/><T97/><D97/><U4/><E35/><V125/><N who="2" m="32256" /><DORA hai="77" /><V43/><F23/><W54/><G54/><T11/><D11/><U109/><E0/><V12/><F65/><W110/><G120/><T101/><D101/><U31/><E84/><V55/><F90/><N who="3" m="53335" /><G122/><T59/><D59/><U38/><E44/><V67/><F56/><W79/><G79/><T135/><D135/><U13/><E108/><V121/><F121/><W117/><G110/><T102/><D102/><U47/><E109/><V39/><F87/><W69/><G78/><T41/><D41/><U132/><E47/><V42/><F55/><W82/><G82/><T60/><D60/><RYUUKYOKU ba="0,1" sc="76,30,145,-10,368,-10,401,-10" hai0="9,15,16,17,21,50,52,58,113,114,115,118,119" /><INIT seed="4,1,1,4,3,39" ten="106,135,358,391" oya="0" hai0="66,41,6,12,20,8,54,26,92,9,24,120,113" hai1="61,85,73,80,97,47,134,25,7,63,94,5,60" hai2="22,125,126,81,87,99,1,2,84,0,29,129,100" hai3="23,56,70,128,36,124,33,38,107,105,119,21,106"/><T91/><D113/><U27/><E73/><V67/><F129/><W4/><G119/><T55/><D120/><U111/><E111/><V135/><F135/><W10/><G70/><T37/><D66/><U59/><E59/><V35/><F35/><W18/><G128/><T32/><D32/><U118/><E118/><V93/><F67/><W130/><G130/><T102/><D102/><N who="1" m="60727" /><E47/><V68/><F68/><W131/><G33/><T95/><D37/><U78/><E134/><V17/><F29/><W15/><G23/><T88/><D41/><U133/><E133/><V45/><F45/><W117/><G124/><N who="2" m="47721" /><F81/><W51/><G117/><T42/><D42/><U104/><E104/><V71/><F71/><W65/><G131/><T64/><D64/><U96/><E96/><V112/><F112/><W44/><G56/><T69/><D69/><U50/><E50/><V127/><F127/><W75/><G65/><T34/><D34/><U86/><E86/><V46/><F46/><W3/><REACH who="3" step="1"/><G75/><REACH who="3" ten="106,135,358,381" step="2"/><T62/><D62/><U82/><E61/><V98/><F22/><W108/><G108/><T77/><D20/><U43/><E60/><V74/><F74/><W76/><G76/><T40/><D77/><U72/><E63/><V30/><F30/><W103/><G103/><T58/><D58/><U114/><E114/><V122/><F100/><W101/><G101/><T14/><D40/><AGARI ba="1,2" hai="3,4,10,15,18,21,36,38,40,44,51,105,106,107" machi="40" ten="40,5200,0" yaku="1,1,52,1,53,1" doraHai="39" doraHaiUra="16" who="3" fromWho="0" sc="106,-55,135,0,358,0,381,75" /><INIT seed="5,0,0,5,2,44" ten="51,135,358,456" oya="1" hai0="15,11,26,37,5,40,130,101,29,46,135,125,72" hai1="80,48,107,86,19,3,13,38,75,111,100,55,109" hai2="76,94,126,97,117,49,41,121,108,83,110,122,22" hai3="39,71,47,9,17,133,45,42,87,88,67,106,85"/><U134/><E3/><V59/><F117/><W123/><G123/><T124/><D72/><U53/><E38/><V68/><F68/><W73/><G133/><T132/><D101/><U65/><E65/><V82/><F22/><W70/><G106/><T31/><D31/><U6/><E6/><V119/><F119/><W14/><G73/><T30/><D30/><U69/><E69/><V128/><F59/><W4/><G85/><T56/><D56/><U118/><E118/><V114/><F41/><W103/><G103/><T95/><D95/><U63/><E75/><V25/><F25/><W2/><G67/><T131/><D26/><U78/><E134/><N who="0" m="51241" /><D29/><U98/><E63/><V64/><F64/><W84/><G84/><T36/><D36/><U61/><E61/><V96/><F94/><W74/><G47/><T116/><D116/><U58/><REACH who="1" step="1"/><E55/><REACH who="1" ten="51,125,358,456" step="2"/><V66/><F66/><W91/><G74/><T81/><D81/><U28/><E28/><V115/><F83/><W34/><G71/><T90/><D90/><U127/><E127/><AGARI ba="0,1" hai="5,11,15,37,40,46,124,125,127,130,131" m="51241" machi="127" ten="30,7700,0" yaku="30,2,18,1,20,1" doraHai="44" who="0" fromWho="1" sc="51,87,125,-77,358,0,456,0" /><INIT seed="6,0,0,5,3,129" ten="138,48,358,456" oya="2" hai0="51,44,16,36,28,74,127,52,42,62,90,128,107" hai1="114,64,6,8,97,50,47,125,98,43,83,7,9" hai2="109,31,78,33,49,60,122,118,20,70,58,135,5" hai3="117,76,86,134,94,85,39,21,82,17,110,99,29"/><V116/><F122/><W15/><G110/><T103/><D74/><U10/><E125/><V48/><F109/><W112/><G117/><T115/><D127/><U37/><E37/><V132/><F33/><W38/><G112/><T105/><D115/><U93/><E114/><V34/><F34/><W46/><G29/><T53/><D128/><U124/><E124/><V111/><F111/><W119/><G119/><N who="2" m="45609" /><F78/><W24/><G24/><T18/><D28/><U27/><E27/><N who="2" m="16871" /><F70/><W73/><G73/><T131/><D131/><U25/><E25/><V108/><F108/><W102/><G86/><T91/><D36/><U19/><E19/><N who="0" m="7209" /><D105/><U56/><E83/><V79/><F79/><W55/><G39/><T22/><D107/><U41/><E41/><V32/><F5/><W121/><G121/><T30/><D103/><U104/><E104/><V11/><F11/><W113/><G113/><T71/><D71/><U57/><E64/><N who="2" m="38935" /><F32/><W68/><G68/><T89/><D62/><U77/><E77/><V72/><F72/><W3/><G3/><T35/><D35/><U66/><E66/><V80/><F80/><W1/><G1/><T0/><D0/><U23/><E23/><V54/><F54/><N who="0" m="21098" /><D30/><U84/><E7/><V133/><AGARI ba="0,0" hai="48,49,132,133,135" m="38935,16871,45609" machi="133" ten="40,12000,1" yaku="20,1,52,3" doraHai="129" who="2" fromWho="2" sc="138,-40,48,-40,358,120,456,-40" /><INIT seed="6,1,0,0,2,5" ten="98,8,478,416" oya="2" hai0="133,99,61,124,15,10,16,95,107,0,131,24,33" hai1="120,60,112,108,8,87,51,89,23,97,65,85,123" hai2="125,76,109,48,41,135,129,92,11,52,105,31,117" hai3="35,84,114,104,132,39,72,78,66,111,58,64,122"/><V45/><F105/><W2/><RYUUKYOKU type="yao9" ba="1,0" sc="98,0,8,0,478,0,416,0" hai3="2,35,39,58,64,66,72,78,84,104,111,114,122,132" /><INIT seed="6,2,0,4,1,56" ten="98,8,478,416" oya="2" hai0="26,54,42,67,121,110,52,18,117,43,61,11,103" hai1="72,66,107,57,24,46,45,2,15,88,75,77,116" hai2="98,9,64,29,25,33,86,32,81,31,17,95,124" hai3="59,20,123,131,128,69,5,36,13,47,100,74,78"/><V14/><F124/><W104/><G123/><T120/><D103/><U58/><E2/><V125/><F125/><W1/><G20/><T115/><D26/><U93/><E107/><V94/><F64/><W126/><G13/><T87/><D11/><U22/><E116/><V85/><F85/><W35/><G126/><T109/><D18/><N who="1" m="12375" /><E75/><V96/><F96/><W90/><G90/><T84/><D117/><U105/><E105/><V89/><F98/><W71/><G59/><N who="1" m="22538" /><E72/><V92/><REACH who="2" step="1"/><F25/><REACH who="2" ten="98,8,468,416" step="2"/><W12/><G100/><T76/><D120/><U114/><E114/><V48/><F48/><W130/><G104/><T3/><D115/><U101/><E101/><V83/><F83/><N who="3" m="45527" /><G35/><AGARI ba="2,1" hai="9,14,17,29,31,32,33,35,81,86,89,92,94,95" machi="35" ten="40,2000,0" yaku="1,1,53,0" doraHai="56" doraHaiUra="23" who="2" fromWho="3" sc="98,0,8,0,468,36,416,-26" /><INIT seed="6,3,0,4,1,107" ten="98,8,504,390" oya="2" hai0="87,64,3,79,120,53,16,19,130,97,29,109,66" hai1="32,91,61,89,119,121,7,23,70,46,94,41,2" hai2="131,99,127,35,125,102,57,1,95,25,78,76,17" hai3="22,108,33,92,30,52,39,8,12,63,42,69,75"/><V105/><F1/><W77/><G108/><T123/><D3/><U122/><E32/><V20/><F131/><W6/><G33/><T106/><D109/><U59/><E70/><V110/><F110/><W88/><G39/><T27/><D53/><U124/><E119/><V112/><F112/><W115/><G115/><T133/><D130/><U113/><E113/><V132/><F132/><W21/><G42/><T47/><D133/><U90/><E7/><V118/><F118/><W114/><G30/><T43/><D29/><U117/><E2/><V85/><F35/><W65/><G114/><T111/><D27/><U26/><E117/><V86/><F105/><W38/><G52/><T73/><D19/><N who="1" m="12671" /><E124/><N who="2" m="47691" /><F57/><W96/><REACH who="3" step="1"/><G38/><REACH who="3" ten="98,8,504,380" step="2"/><T28/><D111/><U48/><E121/><V82/><F78/><W24/><G24/><T34/><D120/><U135/><E135/><V9/><F9/><W126/><G126/><T40/><D123/><U5/><E122/><V10/><F10/><W101/><G101/><T58/><D43/><U83/><E5/><V51/><F51/><W72/><G72/><AGARI ba="3,1" hai="17,20,25,72,76,82,85,86,95,99,102" m="47691" machi="72" ten="30,2900,0" yaku="18,1,52,1" doraHai="107" who="2" fromWho="3" sc="98,0,8,0,504,48,380,-38" /><INIT seed="6,4,0,2,0,83" ten="98,8,552,342" oya="2" hai0="127,108,4,110,37,106,84,112,49,93,18,5,97" hai1="50,113,14,85,23,11,71,91,33,65,128,72,39" hai2="117,80,105,26,125,32,95,126,17,15,89,87,124" hai3="58,123,73,27,103,81,77,78,36,102,115,13,131"/><V16/><F105/><W60/><G123/><T7/><D106/><U68/><E39/><V130/><F117/><W12/><G36/><T122/><D37/><U94/><E33/><V47/><F130/><W45/><G131/><T118/><D122/><U19/><E72/><V67/><F67/><W119/><G119/><T64/><D118/><U57/><E128/><V21/><F47/><W109/><G109/><T132/><D110/><U44/><E113/><V74/><F32/><W120/><G120/><T66/><D112/><U25/><E65/><V29/><F15/><W135/><G135/><T70/><D132/><U107/><E57/><V56/><F56/><W98/><G115/><T121/><D64/><U86/><E107/><V76/><AGARI ba="4,0" hai="16,17,21,26,29,74,76,80,87,89,95,124,125,126" machi="76" ten="40,12000,1" yaku="0,1,18,1,52,1,54,1" doraHai="83" who="2" fromWho="2" sc="98,-44,8,-44,552,132,342,-44" owari="54,-35.0,-36,-54.0,684,79.0,298,10.0" /></mjloggm>