<mjloggm ver="2.3"><GO type="169" lobby="0"/><UN n0="%E3%82%A6%E3%83%AB%E3%83%88%E3%83%A9%E7%AB%8B%E7%9B%B4" n1="%E3%81%B1%E3%82%93%E3%81%9E%E3%81%86" n2="%E8%84%B3%E5%A4%A9%E3%81%AE%E6%8B%B3" n3="%30%30%73%61%69" dan="17,16,16,17" rate="2129.35,2098.34,2202.42,2217.83" sx="M,M,M,M"/><TAIKYOKU oya="0"/><INIT seed="0,0,0,5,1,30" ten="250,250,250,250" oya="0" hai0="107,15,10,125,97,114,17,16,47,28,42,12,36" hai1="38,89,39,115,93,127,22,32,71,35,100,53,20" hai2="73,21,0,57,67,49,9,90,11,74,51,58,98" hai3="129,118,99,72,83,94,122,112,80,26,52,5,13"/><T27/><D125/><U44/><E127/><V78/><F21/><W45/><G112/><T87/><D114/><U85/><E71/><V117/><F117/><W29/><G118/><T6/><D87/><U123/><E115/><V121/><F121/><W113/><G129/><T111/><D111/><U34/><E123/><V61/><F78/><W63/><G72/><T120/><D120/><U70/><E70/><V82/><F0/><W79/><G79/><T88/><D15/><U64/><E64/><V8/><F74/><W109/><G109/><T59/><D59/><U108/><E108/><V50/><F73/><W19/><G5/><T128/><D128/><U101/><E38/><V102/><F82/><W46/><G46/><T86/><D97/><U4/><E4/><V95/><REACH who="2" step="1"/><F102/><REACH who="2" ten="250,250,240,250" step="2"/><N who="3" m="60791" /><G83/><T116/><D116/><U126/><E126/><V3/><F3/><W23/><G80/><T104/><D104/><U60/><E100/><V96/><F96/><W92/><G122/><T119/><D107/><U106/><E101/><V54/><AGARI ba="0,1" hai="8,9,11,49,50,51,54,57,58,61,67,90,95,98" machi="54" ten="30,4000,0" yaku="1,1,0,1,8,1,53,0" doraHai="30" doraHaiUra="25" who="2" fromWho="2" sc="250,-20,250,-10,240,50,250,-10" /><INIT seed="1,0,0,4,0,100" ten="230,240,290,240" oya="1" hai0="102,43,112,46,13,39,12,66,34,82,83,22,15" hai1="29,124,49,125,68,41,56,132,3,74,36,32,107" hai2="126,97,77,67,93,18,61,57,114,60,134,76,27" hai3="79,7,85,21,69,47,63,81,17,86,128,75,70"/><U53/><E3/><V28/><F126/><N who="1" m="48745" /><E74/><V23/><F134/><W30/><G128/><T108/><D34/><U25/><E132/><V119/><F119/><W73/><G30/><T129/><D112/><U115/><E68/><V127/><F127/><W45/><G7/><T120/><D129/><U42/><E115/><V99/><F114/><W58/><G75/><T130/><D130/><U51/><E36/><V104/><F61/><W33/><G33/><T118/><D118/><U96/><E49/><V111/><F111/><W24/><G70/><T38/><D38/><U101/><AGARI ba="0,0" hai="25,29,32,41,42,51,53,56,96,101,107" m="48745" machi="101" ten="30,3000,0" yaku="18,1,52,1" doraHai="100" who="1" fromWho="1" sc="230,-10,240,30,290,-10,240,-10" /><INIT seed="1,1,0,4,2,64" ten="220,270,280,230" oya="1" hai0="121,110,115,50,91,15,66,118,48,116,97,87,53" hai1="101,43,75,85,112,63,105,124,100,107,132,3,51" hai2="57,55,38,30,33,52,83,81,56,36,34,104,68" hai3="22,37,99,72,117,25,78,0,44,60,47,12,2"/><U92/><E3/><V61/><F104/><N who="1" m="40009" /><E63/><V59/><F30/><W70/><G117/><T24/><D66/><U41/><E51/><V23/><F23/><W27/><G2/><T7/><D50/><U113/><E43/><V93/><F93/><W29/><G12/><T16/><D115/><N who="1" m="44107" /><E41/><V17/><F17/><W18/><G0/><T86/><D24/><U95/><E75/><V9/><F9/><W74/><G72/><T127/><D7/><U19/><E19/><V14/><F14/><W98/><G74/><T26/><D26/><U65/><E65/><V122/><F122/><W54/><G27/><T6/><D16/><U108/><E132/><V130/><F59/><W1/><G25/><T10/><D10/><U69/><E69/><V89/><F61/><W131/><G60/><T79/><D48/><U58/><E58/><V111/><F68/><W5/><G70/><T20/><D15/><U90/><E124/><V21/><F21/><W73/><G73/><T8/><D20/><U119/><E119/><V135/><F135/><W106/><G22/><T120/><D127/><U28/><E28/><V40/><F40/><W39/><G18/><T133/><D133/><U62/><E108/><V129/><F111/><W76/><G29/><T49/><D110/><U128/><E128/><V123/><F57/><W67/><G131/><T88/><D118/><U4/><E4/><V71/><F56/><W84/><G1/><T103/><D116/><U31/><E31/><V94/><F71/><W114/><G114/><T77/><D6/><U102/><E62/><V80/><F130/><RYUUKYOKU ba="1,0" sc="220,-10,270,30,280,-10,230,-10" hai1="85,90,92,95,100,101,102" /><INIT seed="1,2,0,2,0,80" ten="210,300,270,220" oya="1" hai0="7,60,135,130,65,63,30,20,33,31,19,132,62" hai1="78,74,67,25,40,53,2,90,5,68,6,129,10" hai2="11,39,102,109,54,133,83,51,127,23,115,32,75" hai3="4,108,28,46,36,1,37,71,112,13,104,16,93"/><U98/><E129/><V95/><F39/><W120/><G104/><T24/><D130/><U52/><E40/><V97/><F32/><W79/><G71/><T0/><D31/><U101/><E5/><V89/><F109/><W70/><G70/><T58/><D58/><U35/><E78/><V73/><F127/><W45/><G120/><T64/><D64/><U131/><E74/><V14/><F133/><W66/><G66/><T44/><D44/><U111/><E131/><V123/><F23/><W88/><G28/><T81/><D65/><U57/><E111/><V50/><F50/><W29/><G29/><T125/><D125/><U12/><E35/><V77/><F123/><W15/><G1/><T113/><D113/><U92/><E25/><V100/><F73/><W117/><G112/><T27/><D81/><U118/><E68/><V76/><F77/><W22/><G79/><T121/><D121/><U43/><E43/><V94/><F95/><W18/><G117/><T8/><AGARI ba="2,0" hai="0,7,8,19,20,24,27,30,33,60,62,63,132,135" machi="8" ten="30,1100,0" yaku="0,1" doraHai="80" who="0" fromWho="0" sc="210,17,300,-7,270,-5,220,-5" /><INIT seed="2,0,0,5,4,84" ten="227,293,265,215" oya="2" hai0="113,127,1,10,89,22,19,76,104,116,51,6,90" hai1="37,63,126,117,40,9,105,103,8,95,119,122,114" hai2="36,107,39,23,12,31,57,98,69,59,80,72,96" hai3="29,120,82,75,73,79,94,53,21,35,7,52,87"/><V123/><F123/><W4/><G120/><T28/><D104/><U129/><E114/><V32/><F69/><W14/><G35/><T71/><D71/><U121/><E105/><V17/><F39/><W64/><G64/><T88/><D113/><U62/><E95/><V56/><F36/><W13/><G75/><T2/><D2/><U50/><E37/><V99/><F107/><W27/><G73/><T42/><D127/><U134/><E50/><V33/><REACH who="2" step="1"/><F31/><REACH who="2" ten="227,293,255,215" step="2"/><W41/><G29/><T66/><D28/><U101/><E126/><V11/><F11/><W100/><G4/><T131/><D116/><U92/><E122/><V20/><F20/><W55/><G7/><T49/><D131/><U60/><E121/><V38/><F38/><W115/><G115/><T25/><D42/><U34/><E129/><V85/><F85/><W93/><G41/><T77/><REACH who="0" step="1"/><D66/><REACH who="0" ten="217,293,255,215" step="2"/><U83/><E40/><V18/><F18/><W45/><G55/><T65/><D65/><U108/><E119/><V118/><F118/><W109/><G53/><T102/><D102/><U74/><E117/><V106/><F106/><W111/><G100/><T128/><D128/><U81/><E103/><V86/><F86/><W97/><G52/><T110/><D110/><U43/><E108/><V125/><F125/><W58/><G109/><T124/><D124/><U47/><E101/><V46/><F46/><W133/><G45/><T135/><D135/><U132/><E47/><V48/><F48/><AGARI ba="0,2" hai="1,6,10,19,22,25,48,49,51,76,77,88,89,90" machi="48" ten="40,8000,1" yaku="1,1,52,3,54,1,53,0" doraHai="84" doraHaiUra="130" who="0" fromWho="2" sc="217,100,293,0,255,-80,215,0" /><INIT seed="3,0,0,1,2,131" ten="317,293,175,215" oya="3" hai0="18,59,65,8,2,124,132,114,91,133,109,35,27" hai1="23,99,116,102,85,19,98,10,45,36,13,12,111" hai2="88,62,122,29,83,128,7,97,48,11,123,75,112" hai3="50,134,32,87,79,49,100,117,42,28,78,103,41"/><W106/><G117/><T1/><D109/><U70/><E70/><V94/><F112/><W120/><G32/><T44/><D124/><U53/><E111/><V125/><F128/><W118/><G28/><N who="0" m="19871" /><D44/><U40/><E116/><V56/><F125/><W82/><G118/><T80/><D59/><U115/><E115/><V61/><F29/><W20/><G134/><N who="0" m="51819" /><D65/><U47/><E47/><V108/><F108/><W33/><G42/><T76/><D91/><U9/><E45/><V129/><F129/><W58/><G41/><T5/><D18/><U84/><E19/><V93/><F48/><W86/><G50/><T130/><D130/><U107/><E40/><V89/><F56/><W57/><G58/><T6/><D114/><U38/><E38/><V110/><F110/><W72/><G57/><T90/><D90/><U37/><E53/><V105/><F62/><W3/><G49/><T63/><D63/><U0/><E37/><V127/><F61/><W22/><G79/><T64/><D64/><U77/><E77/><V55/><F55/><W121/><G78/><T67/><D67/><U95/><E36/><V96/><F127/><W101/><G103/><T15/><D6/><U81/><E102/><V26/><F7/><W24/><G101/><T46/><D46/><U4/><E4/><V25/><F89/><W43/><G100/><T51/><D51/><U30/><E107/><V119/><F88/><W135/><G106/><T16/><D5/><U113/><E113/><V73/><F105/><W71/><G135/><T14/><D14/><U31/><E13/><V21/><F119/><RYUUKYOKU ba="0,0" sc="317,30,293,-10,175,-10,215,-10" hai0="1,2,8,15,16,76,80" /><INIT seed="4,1,0,1,3,133" ten="347,283,165,205" oya="0" hai0="31,65,76,41,42,10,19,120,117,25,20,132,100" hai1="2,59,60,47,68,106,35,107,21,78,94,29,82" hai2="46,28,92,103,96,130,58,105,8,13,108,1,124" hai3="129,63,15,67,73,125,3,24,135,50,44,115,90"/><T39/><D132/><U74/><E2/><V119/><F108/><W110/><G15/><T84/><D120/><U109/><E109/><V38/><F130/><W85/><G24/><T54/><D65/><U57/><E35/><V18/><F119/><W113/><G73/><T16/><D39/><U83/><E68/><V111/><F111/><W22/><G22/><T37/><D37/><U33/><E33/><V53/><F1/><W26/><G26/><T80/><D117/><U118/><E47/><V128/><F128/><W77/><G77/><T86/><D100/><U61/><E94/><V121/><F28/><W5/><G5/><T102/><D102/><U93/><E93/><V88/><F121/><W91/><G3/><T97/><D97/><U69/><E69/><V114/><F114/><N who="3" m="43531" /><G110/><T127/><D31/><U30/><E21/><V12/><F13/><W11/><G11/><T79/><D20/><U112/><E112/><V4/><F4/><W99/><G99/><T43/><D25/><U89/><E78/><V0/><F0/><W134/><G129/><T51/><D10/><U14/><E14/><V7/><F7/><W62/><G62/><T52/><D19/><U48/><E74/><V75/><F75/><W131/><G131/><T101/><D16/><U45/><E118/><V122/><F122/><W27/><G27/><T6/><D79/><U70/><E29/><V56/><F105/><W104/><G104/><T81/><D76/><U49/><E30/><V32/><F32/><W36/><G134/><T34/><D34/><U71/><E89/><V87/><F88/><RYUUKYOKU ba="1,0" sc="347,-10,283,30,165,-10,205,-10" hai1="45,48,49,57,59,60,61,70,71,82,83,106,107" /><INIT seed="5,2,0,3,2,16" ten="337,313,155,195" oya="1" hai0="71,47,75,56,31,53,3,58,93,54,59,84,28" hai1="125,29,128,37,102,1,124,73,34,39,22,52,65" hai2="8,109,41,88,62,95,12,72,94,121,77,105,14" hai3="122,132,68,110,10,33,90,131,133,51,20,64,103"/><U63/><E34/><V24/><F109/><W135/><G110/><T83/><D71/><U108/><E1/><V85/><F121/><W99/><G122/><T18/><D3/><U57/><E108/><V43/><F105/><N who="3" m="63743" /><G10/><T107/><D107/><U96/><E73/><V17/><F24/><W76/><G76/><N who="0" m="46183" /><D75/><U40/><E40/><V2/><F2/><W32/><G90/><T86/><D18/><U61/><E29/><N who="0" m="11337" /><D47/><U67/><E22/><N who="2" m="11559" /><F72/><W127/><G20/><T82/><D93/><N who="2" m="35338" /><F77/><AGARI ba="2,0" hai="53,54,56,58,59,77,82,86" m="11337,46183" machi="77" ten="30,1000,0" yaku="8,1" doraHai="16" who="0" fromWho="2" sc="337,16,313,0,155,-16,195,0" /><INIT seed="6,0,0,3,3,123" ten="353,313,139,195" oya="2" hai0="17,129,104,30,50,114,20,31,19,41,134,95,109" hai1="15,58,34,90,48,82,47,89,49,98,3,132,127" hai2="61,25,0,22,38,18,91,7,100,32,70,29,87" hai3="21,71,73,44,88,39,65,51,42,78,94,97,106"/><V35/><F38/><W2/><G106/><T40/><D104/><U86/><E3/><V16/><F100/><W124/><G124/><T105/><D109/><U68/><E68/><V53/><F0/><W111/><G111/><T36/><D105/><U92/><E127/><V80/><F7/><W5/><G51/><T27/><D129/><U33/><E132/><V135/><F135/><W84/><G21/><T6/><D6/><U63/><E15/><V9/><F53/><W130/><G84/><T67/><D67/><U99/><E99/><V62/><F62/><W85/><G85/><T57/><D114/><U81/><E81/><V125/><F125/><W128/><G65/><T117/><D117/><U54/><REACH who="1" step="1"/><E48/><REACH who="1" ten="353,303,139,195" step="2"/><V76/><F70/><W11/><G71/><T60/><D50/><U107/><E107/><V93/><F61/><W66/><G66/><AGARI ba="0,1" hai="33,34,47,49,54,58,63,66,82,86,89,90,92,98" machi="66" ten="30,2000,0" yaku="1,1,7,1,53,0" doraHai="123" doraHaiUra="4" who="1" fromWho="3" sc="353,0,303,30,139,0,195,-20" /><INIT seed="7,0,0,2,0,36" ten="353,333,139,175" oya="3" hai0="119,135,7,59,25,14,109,56,43,9,131,88,0" hai1="39,104,11,117,125,26,114,101,77,35,32,63,47" hai2="127,118,72,67,57,82,46,54,108,51,85,37,112" hai3="130,55,78,17,50,96,16,105,124,134,90,41,115"/><W81/><G115/><T1/><D109/><U61/><E114/><V21/><F112/><W30/><G124/><T4/><D119/><U34/><E125/><V132/><F127/><W12/><G30/><T49/><D131/><U62/><E117/><V128/><F118/><W5/><G134/><T74/><D74/><U83/><E26/><V15/><F108/><W10/><G105/><T91/><D1/><U133/><E133/><V3/><F3/><W60/><G60/><T99/><D0/><U122/><E122/><V113/><F113/><W103/><G90/><T89/><D135/><U42/><E11/><V79/><F132/><W75/><G130/><T58/><D25/><U111/><E111/><V40/><F128/><W110/><G110/><T18/><D99/><U95/><E95/><V13/><F72/><W27/><G27/><T19/><D7/><U126/><E126/><V2/><F2/><W48/><G41/><T73/><D73/><U68/><E101/><V100/><F21/><W93/><G48/><T45/><AGARI ba="0,0" hai="4,9,14,18,19,43,45,49,56,58,59,88,89,91" machi="45" ten="40,8000,1" yaku="0,1,8,1,52,1,54,1" doraHai="36" who="0" fromWho="0" sc="353,80,333,-20,139,-20,175,-40" owari="433,53.0,313,11.0,119,-38.0,135,-26.0" /></mjloggm>