<mjloggm ver="2.3"><GO type="41" lobby="0"/><UN n0="%E5%B0%B1%E6%B4%BB%E7%94%9F%40%E5%B7%9D%E6%9D%91%E8%BB%8D%E5%9B%A3" n1="%E3%82%81%E3%82%93%E3%81%9D%E3%82%8C" n2="%E5%A6%96%E6%80%AA%E9%A6%96%E3%81%8A%E3%81%84%E3%81%A6%E3%81%91" n3="%E3%81%B4%E3%81%88%E3%81%AB%E3%82%93" dan="15,15,13,14" rate="2013.15,2075.41,1843.25,1922.36" sx="M,M,M,M"/><TAIKYOKU oya="0"/><INIT seed="0,0,0,1,3,19" ten="250,250,250,250" oya="0" hai0="85,105,42,122,128,13,0,114,78,65,99,26,125" hai1="37,29,57,75,16,59,7,98,17,48,64,30,86" hai2="107,39,129,24,1,119,100,12,22,132,8,2,33" hai3="90,80,18,97,51,54,63,47,61,117,71,6,32"/><T115/><D0/><U50/><E75/><V52/><F39/><W92/><G32/><T43/><D105/><U20/><E7/><V15/><F129/><W72/><G117/><T68/><D99/><U123/><E37/><V74/><F74/><W121/><G121/><T49/><D26/><N who="1" m="14599" /><E123/><V46/><F107/><W23/><G6/><T104/><D104/><U106/><E106/><V96/><F100/><W27/><G71/><T56/><D68/><U91/><E98/><V133/><F96/><W87/><REACH who="3" step="1"/><G72/><REACH who="3" ten="250,250,250,240" step="2"/><T36/><D122/><U70/><E70/><V120/><F33/><W34/><G34/><T135/><D128/><U45/><E17/><V94/><F120/><W83/><G83/><T4/><D115/><U116/><E116/><V110/><F119/><W93/><G93/><T35/><D4/><U89/><E64/><V124/><F94/><W88/><AGARI ba="0,1" hai="18,23,27,47,51,54,61,63,80,87,88,90,92,97" machi="88" ten="20,12000,2" yaku="1,1,0,1,7,1,8,1,52,1,54,1,53,1" doraHai="19" doraHaiUra="95" who="3" fromWho="3" sc="250,-60,250,-30,250,-30,240,130" /><INIT seed="1,0,0,1,3,122" ten="190,220,220,370" oya="1" hai0="18,81,119,77,124,108,15,59,63,127,43,4,49" hai1="89,72,95,10,118,40,120,117,98,60,84,83,109" hai2="69,39,66,101,111,19,68,11,123,56,8,12,75" hai3="21,1,129,36,133,91,64,58,32,114,86,106,130"/><U9/><E120/><V99/><F123/><W23/><G32/><T62/><D119/><U16/><E40/><V78/><F39/><W52/><G36/><T24/><D4/><U67/><E117/><V45/><F45/><W20/><G1/><T13/><D24/><U51/><E72/><V26/><F111/><W47/><G106/><T44/><D108/><U92/><E118/><V46/><F46/><W48/><G114/><T80/><D15/><U35/><E35/><V135/><F135/><W116/><G116/><T85/><D124/><U17/><E51/><V121/><F121/><W107/><G107/><T96/><D127/><U76/><E95/><V100/><F8/><W102/><G102/><T27/><D27/><U54/><E109/><V79/><F26/><W30/><G133/><T33/><D33/><U0/><E54/><V31/><F31/><W57/><G30/><T104/><D104/><U97/><E97/><V2/><F2/><W37/><G64/><T93/><D59/><N who="1" m="37279" /><E0/><V38/><F38/><W55/><G37/><T29/><D29/><U73/><E73/><V14/><F75/><W41/><G41/><T28/><D81/><U94/><E94/><N who="2" m="58487" /><F101/><W112/><G112/><T105/><D105/><U61/><E61/><N who="2" m="38183" /><F14/><W42/><G42/><T82/><D82/><U113/><E113/><V22/><F11/><AGARI ba="0,0" hai="9,10,11,16,17,76,83,84,89,92,98" m="37279" machi="11" ten="30,2900,0" yaku="8,1,54,1" doraHai="122" who="1" fromWho="2" sc="190,0,220,29,220,-29,370,0" /><INIT seed="1,1,0,1,0,62" ten="190,249,191,370" oya="1" hai0="10,117,97,53,43,14,50,103,44,109,17,6,78" hai1="71,25,18,45,133,16,132,119,99,123,74,135,121" hai2="56,36,81,54,30,2,24,38,102,52,115,128,1" hai3="9,41,11,105,51,112,85,40,89,129,64,87,59"/><U60/><E74/><V26/><F102/><W79/><G112/><T68/><D109/><U91/><E45/><V58/><F115/><W110/><G110/><T96/><D117/><U95/><E119/><V107/><F81/><N who="3" m="47295" /><G105/><T100/><D68/><U47/><E47/><V114/><F114/><W39/><G39/><T72/><D72/><U55/><E18/><V94/><F107/><W4/><G129/><T33/><D33/><U34/><E34/><V126/><F128/><W93/><G4/><T86/><D17/><U92/><E92/><V66/><F94/><W125/><G125/><T46/><D103/><U3/><E3/><V48/><F126/><W69/><G69/><T37/><D100/><U75/><E75/><V12/><F12/><W134/><G134/><T122/><D122/><U32/><E32/><V42/><F42/><N who="3" m="16491" /><G51/><N who="0" m="28903" /><D37/><U5/><E5/><V101/><F101/><W118/><G118/><T65/><D65/><N who="1" m="41383" /><E55/><V127/><F48/><W77/><G77/><T98/><D98/><U21/><AGARI ba="1,0" hai="16,21,25,91,95,99,121,123,132,133,135" m="41383" machi="21" ten="40,7800,0" yaku="20,1,52,1,54,1" doraHai="62" who="1" fromWho="1" sc="190,-27,249,81,191,-27,370,-27" /><INIT seed="1,2,0,4,5,94" ten="163,330,164,343" oya="1" hai0="4,40,100,25,24,132,28,109,130,118,102,56,26" hai1="128,39,82,17,74,43,1,80,12,67,97,0,18" hai2="32,60,134,55,69,103,51,116,108,34,84,106,99" hai3="115,7,104,127,111,79,3,58,101,135,59,37,16"/><U52/><E74/><V5/><F116/><W66/><G115/><T114/><D118/><U92/><E67/><V133/><F108/><W44/><G111/><T61/><D109/><U98/><E43/><V13/><F84/><W31/><G31/><T53/><D114/><U14/><E39/><V46/><F69/><W8/><G135/><N who="2" m="51721" /><F60/><W15/><G127/><T110/><D132/><U90/><E128/><V72/><F72/><W19/><G79/><T119/><D130/><U122/><E122/><V78/><F78/><W54/><G66/><T125/><D28/><U2/><E52/><V49/><F49/><W68/><G68/><T88/><D40/><U76/><E76/><V38/><F38/><W73/><G73/><T89/><D125/><U33/><E33/><V126/><F126/><W93/><G104/><T75/><D75/><U9/><REACH who="1" step="1"/><E98/><REACH who="1" ten="163,320,164,343" step="2"/><V123/><F123/><W62/><G59/><T42/><D42/><U87/><E87/><V71/><F71/><W20/><G37/><T107/><D110/><U63/><E63/><V10/><AGARI ba="2,1" hai="5,10,13,32,34,46,51,55,99,103,106" m="51721" machi="10" ten="30,2000,0" yaku="20,1,52,1" doraHai="94" who="2" fromWho="2" sc="163,-7,320,-12,164,36,343,-7" /><INIT seed="2,0,0,4,2,57" ten="156,308,200,336" oya="2" hai0="46,97,88,18,101,38,69,35,42,134,92,0,6" hai1="115,30,100,110,25,102,135,96,121,21,93,114,28" hai2="131,52,90,106,79,14,56,65,29,72,49,31,66" hai3="126,117,127,89,48,13,81,70,85,122,104,61,125"/><V108/><F106/><W71/><G122/><T5/><D134/><U118/><E135/><V34/><F79/><W54/><G104/><T7/><D35/><U116/><E121/><V64/><F72/><W77/><G117/><T124/><D124/><U1/><E1/><V120/><F120/><W99/><G13/><T20/><D69/><U119/><E110/><V123/><F123/><W129/><G129/><T68/><D68/><U95/><E30/><V44/><F131/><W132/><G132/><T74/><D74/><U128/><E128/><V86/><F108/><W84/><G99/><AGARI ba="0,0" hai="21,25,28,93,95,96,99,100,102,114,115,116,118,119" machi="99" ten="40,1300,0" yaku="9,1" doraHai="57" who="1" fromWho="3" sc="156,0,308,13,200,0,336,-13" /><INIT seed="3,0,0,2,3,97" ten="156,321,200,323" oya="3" hai0="81,64,121,125,18,96,83,62,63,40,127,116,119" hai1="99,101,12,14,28,117,0,91,113,22,66,41,38" hai2="26,25,109,86,76,75,54,58,61,19,89,4,44" hai3="35,135,59,20,88,29,13,80,87,105,36,79,3"/><W2/><G105/><T70/><D18/><U15/><E0/><V72/><F4/><W112/><G36/><T78/><D83/><U85/><E113/><V33/><F109/><W53/><G112/><T7/><D7/><U60/><E117/><N who="0" m="45129" /><D96/><U24/><E41/><V55/><F76/><W67/><G135/><T77/><D81/><U39/><E91/><V120/><F120/><W46/><G35/><T122/><D77/><U48/><E85/><V115/><F115/><W132/><G132/><T93/><D93/><U10/><E10/><V102/><F102/><W42/><G67/><N who="0" m="41335" /><D40/><U84/><E84/><V65/><F72/><W51/><G79/><T74/><D74/><U118/><E48/><N who="2" m="28935" /><F75/><W131/><G131/><T52/><D78/><U124/><E124/><N who="0" m="47689" /><D64/><U6/><E6/><V49/><F33/><W110/><G110/><T133/><D133/><U108/><E108/><V100/><F100/><W130/><G130/><T30/><D30/><U103/><E103/><V111/><F111/><W114/><G114/><T134/><D134/><U37/><E118/><V129/><F129/><W32/><G32/><T82/><D82/><U71/><E101/><V107/><F107/><W17/><REACH who="3" step="1"/><G29/><REACH who="3" ten="156,321,200,313" step="2"/><T43/><D43/><U31/><E28/><V5/><F5/><W126/><G126/><T50/><D63/><U95/><E60/><V27/><F19/><W98/><G98/><T23/><D122/><U92/><E99/><V90/><F86/><W56/><G56/><AGARI ba="0,1" hai="25,26,27,49,55,56,58,61,65,89,90" m="28935" machi="56" ten="30,1000,0" yaku="8,1" doraHai="97" who="2" fromWho="3" sc="156,0,321,0,200,20,313,-10" /><INIT seed="4,0,0,1,5,65" ten="156,321,220,303" oya="0" hai0="8,133,126,85,113,40,83,26,121,106,51,15,23" hai1="92,101,131,55,18,122,30,34,46,57,118,77,1" hai2="69,96,16,60,108,19,38,45,32,78,100,102,79" hai3="82,64,56,47,6,21,11,123,20,50,9,86,44"/><T110/><D121/><U116/><E122/><V58/><F108/><W87/><G123/><T114/><D110/><U124/><E1/><V33/><F69/><W127/><G127/><T0/><D106/><U115/><E124/><V119/><F119/><W81/><G64/><T103/><D0/><U73/><E77/><V22/><F38/><W134/><G134/><T54/><D126/><U109/><E73/><V31/><F45/><N who="3" m="17483" /><G56/><N who="0" m="32863" /><D133/><U61/><E109/><V125/><F125/><W59/><G59/><T112/><D40/><U5/><E5/><V53/><F33/><W74/><G50/><T76/><D103/><N who="2" m="39466" /><F96/><W12/><G74/><T91/><D26/><U43/><E115/><N who="0" m="29441" /><T97/><DORA hai="52" /><D23/><N who="3" m="8777" /><G12/><T42/><D42/><U135/><E135/><V107/><F107/><W4/><G11/><T72/><D97/><U62/><E116/><V68/><F68/><W66/><G9/><T49/><D49/><U28/><E118/><V95/><F32/><W71/><G71/><T36/><D36/><U35/><E34/><V128/><F31/><W39/><G39/><T84/><D91/><U70/><E35/><V17/><F79/><W24/><G24/><T104/><D104/><U67/><E30/><V75/><F78/><W105/><G105/><T90/><D90/><U80/><E28/><V93/><F75/><W14/><G14/><T7/><AGARI ba="0,0" hai="7,8,15,72,76,83,84,85" m="29441,32863" machi="7" ten="40,3900,0" yaku="15,1,52,1" doraHai="65,52" who="0" fromWho="0" sc="156,39,321,-13,220,-13,303,-13" /><INIT seed="4,1,0,3,1,106" ten="195,308,207,290" oya="0" hai0="119,33,121,131,84,82,23,77,22,29,47,1,39" hai1="75,51,133,122,15,12,128,83,9,116,55,3,79" hai2="46,105,34,85,21,98,27,70,115,126,43,19,20" hai3="99,104,76,31,134,32,97,14,2,95,13,18,49"/><T91/><D1/><U7/><E116/><V80/><F70/><W90/><G2/><T35/><D119/><U50/><E122/><V44/><F115/><W10/><G134/><T125/><D121/><U67/><E133/><V114/><F114/><W57/><G76/><T8/><D131/><U0/><E128/><V48/><F126/><W54/><G32/><T112/><D125/><U73/><E67/><V94/><F105/><W71/><G71/><T53/><D112/><U24/><E51/><V37/><F34/><W87/><G31/><T68/><D68/><U63/><E63/><V124/><F124/><W56/><G104/><T64/><D64/><U130/><E130/><V45/><F21/><W38/><G38/><T6/><D35/><U103/><E103/><V52/><F43/><W58/><REACH who="3" step="1"/><G14/><REACH who="3" ten="195,308,207,280" step="2"/><N who="0" m="5399" /><D39/><U28/><E3/><V60/><F37/><W4/><G4/><T111/><D33/><U101/><E101/><N who="2" m="60631" /><F60/><W107/><G107/><T59/><D111/><U120/><E120/><V86/><F86/><W117/><G117/><T36/><D36/><U30/><E30/><V65/><F65/><W11/><G11/><T109/><D109/><U5/><E5/><V108/><F108/><W61/><G61/><N who="0" m="36079" /><D29/><U113/><E113/><V26/><F26/><W89/><G89/><AGARI ba="1,1" hai="19,20,27,44,45,46,48,52,80,85,89" m="60631" machi="89" ten="30,2000,0" yaku="8,1,54,1" doraHai="106" who="2" fromWho="3" sc="195,0,308,0,207,33,280,-23" /><INIT seed="5,0,0,2,0,132" ten="195,308,240,257" oya="1" hai0="116,48,87,112,110,79,49,131,75,67,65,96,93" hai1="13,90,63,26,115,125,46,119,97,43,98,44,57" hai2="77,84,101,31,121,40,22,128,38,76,73,1,72" hai3="9,129,106,71,10,133,16,61,17,33,126,107,51"/><U11/><E119/><V105/><F1/><W56/><G133/><T41/><D110/><U36/><E115/><V39/><F121/><W85/><G33/><T29/><D75/><U59/><E59/><V3/><F3/><W82/><G71/><T20/><D112/><U88/><E44/><V52/><F128/><W108/><G129/><T86/><D131/><U25/><E90/><V34/><F34/><W37/><G37/><T30/><D116/><U21/><E125/><V104/><F22/><W103/><G108/><T113/><D113/><U92/><E98/><V70/><F70/><W35/><G35/><T80/><D87/><U60/><E60/><V55/><F84/><W95/><G126/><T118/><D118/><U2/><E2/><V8/><F40/><W28/><G28/><N who="0" m="10859" /><D20/><U14/><E21/><V66/><F31/><W27/><G51/><N who="0" m="19531" /><D41/><U89/><E89/><AGARI ba="0,0" hai="65,67,79,80,86,89,93,96" m="19531,10859" machi="89" ten="30,1000,0" yaku="8,1" doraHai="132" who="0" fromWho="1" sc="195,10,308,-10,240,0,257,0" /><INIT seed="6,0,0,1,2,107" ten="205,298,240,257" oya="2" hai0="111,55,86,73,79,71,23,25,70,97,43,66,88" hai1="20,124,128,109,40,81,121,103,69,26,53,84,1" hai2="87,123,19,80,130,99,4,77,68,12,39,113,132" hai3="45,115,28,50,33,37,5,89,122,16,95,29,131"/><V108/><F123/><W44/><G122/><T63/><D111/><U3/><E121/><V114/><F39/><W118/><G118/><T34/><D70/><U15/><E69/><V129/><F108/><W36/><G5/><T78/><D34/><U133/><E109/><V42/><F132/><W0/><G0/><T11/><D43/><U134/><E40/><V24/><F42/><W72/><G72/><T102/><D55/><U7/><E103/><V8/><F68/><W60/><G115/><N who="2" m="44041" /><F99/><W49/><G131/><N who="2" m="50185" /><F24/><W127/><G127/><T117/><D11/><N who="1" m="4607" /><E53/><V59/><F59/><W75/><G75/><T106/><D73/><U48/><E48/><V41/><F41/><W61/><G37/><T35/><D35/><U96/><E124/><V6/><AGARI ba="0,0" hai="4,6,8,12,19,77,80,87" m="50185,44041" machi="6" ten="40,3900,0" yaku="15,1,19,1" doraHai="107" who="2" fromWho="2" sc="205,-13,298,-13,240,39,257,-13" /><INIT seed="6,1,0,3,4,31" ten="192,285,279,244" oya="2" hai0="89,81,98,92,117,21,54,121,109,40,63,102,106" hai1="80,87,27,111,55,24,118,15,95,39,124,84,67" hai2="69,20,133,38,7,127,116,25,77,73,100,82,134" hai3="30,46,88,16,94,86,14,72,59,123,12,57,1"/><V130/><F116/><W13/><G123/><T2/><D2/><U93/><E118/><V0/><F69/><W122/><G122/><T37/><D121/><U42/><E39/><V83/><F100/><W76/><G1/><T32/><D32/><U120/><E42/><V96/><F96/><N who="3" m="57415" /><G72/><T110/><D117/><U104/><E120/><V62/><F62/><W22/><G46/><T11/><D11/><U41/><E104/><V71/><F71/><W66/><G30/><T119/><D119/><U115/><E111/><V36/><F127/><W29/><G29/><T90/><D40/><U17/><E124/><V43/><F130/><W3/><G3/><T50/><D37/><U45/><E67/><V97/><F97/><W33/><G33/><T112/><D112/><U126/><E41/><V34/><F83/><N who="3" m="47463" /><G66/><T4/><D4/><U125/><E115/><V19/><F34/><W105/><G105/><T79/><D63/><U52/><E125/><V74/><F73/><W128/><G128/><T51/><D51/><N who="1" m="28783" /><E55/><V44/><F36/><W68/><G68/><T18/><D109/><U5/><E5/><V99/><REACH who="2" step="1"/><F99/><REACH who="2" ten="192,285,269,244" step="2"/><W6/><G6/><T26/><D110/><U91/><E126/><V113/><F113/><W129/><G129/><T61/><D61/><U58/><E95/><V132/><F132/><W114/><G114/><T8/><D106/><U64/><E93/><V85/><F85/><W131/><G131/><T28/><D81/><U47/><E84/><V108/><F108/><W60/><G60/><T48/><D79/><U49/><E87/><V135/><F135/><RYUUKYOKU ba="1,1" sc="192,-15,285,-15,269,15,244,15" hai2="0,7,19,20,25,38,43,44,74,77,82,133,134" hai3="12,13,14,16,22,57,59" /><INIT seed="6,2,1,4,5,134" ten="177,270,284,259" oya="2" hai0="101,97,118,47,73,69,123,48,50,122,85,120,95" hai1="30,133,1,25,116,63,98,20,90,11,103,28,77" hai2="91,110,32,60,121,22,128,40,54,132,26,42,21" hai3="127,33,59,51,78,37,67,31,9,53,17,2,80"/><V57/><F121/><W27/><G37/><T87/><D73/><U94/><E116/><V49/><F132/><W71/><G71/><T107/><D118/><U6/><E133/><V81/><F32/><W56/><G127/><T106/><D69/><U131/><E131/><V61/><F128/><W41/><G41/><N who="2" m="15977" /><F110/><W115/><G115/><T14/><D14/><U117/><E117/><V93/><F81/><W119/><G119/><T52/><REACH who="0" step="1"/><D50/><REACH who="0" ten="167,270,284,259" step="2"/><U29/><E77/><V35/><F35/><W124/><G2/><T18/><D18/><U15/><E63/><V105/><F22/><W99/><G17/><T76/><D76/><U88/><E1/><V45/><F61/><W64/><G9/><T70/><D70/><U3/><E3/><V4/><F4/><W19/><G19/><AGARI ba="2,2" hai="6,11,15,19,20,25,28,29,30,88,90,94,98,103" machi="19" ten="40,2600,0" yaku="8,1,54,1" doraHai="134" who="1" fromWho="3" sc="167,0,270,52,284,0,259,-32" /><INIT seed="7,0,0,2,4,111" ten="167,322,284,227" oya="3" hai0="120,63,39,62,11,135,78,133,123,48,13,9,130" hai1="114,66,30,121,74,7,0,28,5,15,21,84,134" hai2="6,50,85,44,92,42,45,38,104,128,19,96,37" hai3="107,90,95,3,20,25,49,17,70,131,83,98,105"/><W75/><G70/><T89/><D78/><U52/><E74/><V129/><F6/><W108/><G3/><T29/><D39/><U10/><E66/><V126/><F126/><W106/><G108/><T53/><D29/><U26/><E121/><V27/><F104/><W58/><G131/><N who="2" m="50249" /><F85/><W119/><G119/><T60/><D130/><U57/><E134/><N who="0" m="51209" /><D89/><U68/><E68/><V115/><F115/><W43/><G75/><T102/><D102/><U18/><E114/><V4/><F4/><N who="1" m="1609" /><E0/><V8/><F45/><W24/><G83/><T40/><D13/><U67/><E67/><V76/><F76/><W94/><G43/><T82/><D82/><U125/><E125/><V35/><F8/><W71/><G71/><T97/><D97/><U73/><E73/><V103/><F19/><W79/><G79/><T91/><D91/><U93/><E93/><V122/><F122/><N who="0" m="46634" /><D9/><U65/><E30/><AGARI ba="0,0" hai="27,30,35,37,38,42,44,50,92,96,103" m="50249" machi="30" ten="30,1000,0" yaku="19,1" doraHai="111" who="2" fromWho="1" sc="167,0,322,-10,284,10,227,0" owari="167,-33.0,312,41.0,294,9.0,227,-17.0" /></mjloggm>