<mjloggm ver="2.3"><GO type="41" lobby="0"/><UN n0="%43%6F%64%79" n1="%E5%B0%B1%E6%B4%BB%E7%94%9F%40%E5%B7%9D%E6%9D%91%E8%BB%8D%E5%9B%A3" n2="%74%75%6F%6D%75%32" n3="%E3%82%AD%E3%83%A0%E3%83%A9%E3%83%86" dan="15,15,13,15" rate="2001.30,1983.11,1871.47,2036.47" sx="M,M,M,M"/><TAIKYOKU oya="0"/><INIT seed="0,0,0,5,2,52" ten="250,250,250,250" oya="0" hai0="42,99,23,63,84,7,28,73,132,44,118,68,65" hai1="27,43,130,8,58,35,133,127,93,17,87,81,71" hai2="105,46,60,45,1,15,126,38,49,2,86,36,103" hai3="64,101,41,95,116,10,83,78,107,135,11,96,123"/><T16/><D73/><U102/><E71/><V125/><F105/><W31/><G116/><T79/><D118/><U18/><E127/><N who="2" m="48651" /><F103/><W66/><G135/><T5/><D132/><U85/><E133/><V4/><F86/><N who="3" m="48503" /><G107/><T6/><D28/><U24/><E130/><V112/><F112/><W121/><G41/><T55/><D99/><N who="1" m="59759" /><E35/><V76/><F76/><W100/><G31/><T70/><D55/><U54/><E43/><N who="2" m="24767" /><F46/><W104/><G101/><T0/><D0/><N who="2" m="106" /><F60/><W124/><G104/><T128/><D128/><U14/><E18/><V114/><F114/><W40/><G40/><T109/><D109/><U3/><E3/><V33/><F33/><W111/><G111/><T98/><D98/><U39/><E39/><V82/><F82/><W37/><G37/><T21/><D70/><U115/><E115/><V51/><F51/><W13/><G124/><T89/><D79/><N who="1" m="46271" /><E87/><V25/><F25/><W75/><G75/><T97/><D97/><U77/><E77/><V80/><F80/><W110/><G110/><T26/><D23/><U74/><E74/><V34/><F34/><W131/><G131/><T94/><D42/><U32/><E32/><V134/><F134/><W69/><G69/><T92/><D92/><U91/><E91/><V129/><F129/><W19/><G11/><AGARI ba="0,0" hai="4,11,15,36,38" m="106,24767,48651" machi="11" ten="30,1000,0" yaku="18,1" doraHai="52" who="2" fromWho="3" sc="250,0,250,0,250,10,250,-10" /><INIT seed="1,0,0,1,3,83" ten="250,250,260,240" oya="1" hai0="76,42,63,92,111,21,89,24,104,41,7,69,45" hai1="127,58,81,40,10,43,67,46,128,27,132,124,16" hai2="102,30,71,106,57,37,33,56,88,72,122,14,53" hai3="51,123,90,48,94,91,9,129,77,95,35,134,22"/><U2/><E132/><V97/><F122/><W12/><G35/><T31/><D104/><U135/><E135/><V17/><F37/><W59/><G123/><T23/><D111/><U85/><E128/><V121/><F72/><W130/><G77/><T15/><D76/><U74/><E74/><V5/><F71/><W64/><G22/><T65/><D45/><U86/><E2/><V1/><F121/><W49/><G134/><T66/><D66/><U36/><E40/><V79/><F79/><W84/><G64/><T11/><REACH who="0" step="1"/><D23/><REACH who="0" ten="240,250,260,240" step="2"/><N who="1" m="13799" /><E10/><V87/><F106/><W44/><G44/><T8/><D8/><U99/><E81/><V103/><F1/><W32/><G32/><T108/><D108/><U26/><E26/><V115/><F33/><W110/><G110/><T118/><D118/><U3/><E3/><V112/><F112/><W18/><REACH who="3" step="1"/><G59/><REACH who="3" ten="240,250,260,230" step="2"/><T116/><D116/><U113/><E58/><V126/><F56/><W62/><G62/><T52/><D52/><U73/><E67/><V6/><F57/><W54/><G54/><T93/><D93/><U100/><E113/><V70/><F53/><W28/><G28/><T29/><D29/><U19/><E73/><V101/><F30/><W80/><G80/><T34/><D34/><U47/><E47/><V13/><F115/><W78/><G78/><T61/><D61/><U107/><E46/><V120/><F120/><W119/><G119/><T39/><D39/><U25/><E36/><V50/><F50/><W68/><G68/><T109/><D109/><U60/><E60/><V133/><F70/><W105/><G105/><RYUUKYOKU ba="0,2" sc="240,15,250,-15,260,-15,230,15" hai0="7,11,15,21,24,31,41,42,63,65,69,89,92" hai3="9,12,18,48,49,51,84,90,91,94,95,129,130" /><INIT seed="2,1,2,5,1,83" ten="255,235,245,245" oya="2" hai0="113,86,56,116,81,105,62,107,37,9,98,74,19" hai1="52,16,35,78,48,75,46,36,23,8,21,90,44" hai2="135,12,2,14,103,22,120,94,100,43,7,71,69" hai3="122,54,55,25,102,112,80,101,92,119,15,51,38"/><V45/><F120/><W109/><G38/><T27/><D113/><U91/><E35/><V20/><F135/><W72/><G119/><T49/><D37/><U134/><E134/><V60/><F2/><W108/><G122/><T1/><D74/><U79/><E36/><V24/><F20/><N who="1" m="7753" /><E46/><V95/><F71/><W104/><G104/><T66/><D116/><U70/><E70/><V53/><F69/><W40/><G25/><T58/><D27/><U59/><E59/><N who="2" m="34927" /><F43/><W118/><G118/><T68/><D49/><U30/><E30/><N who="2" m="17687" /><F45/><N who="3" m="26023" /><G15/><N who="2" m="5673" /><F7/><W84/><G72/><T87/><D1/><U124/><E75/><V128/><F128/><W3/><G3/><T32/><D68/><U61/><E124/><V99/><F94/><W110/><G112/><T115/><D115/><U126/><E126/><V123/><F123/><W77/><G92/><T26/><D107/><U125/><E125/><V39/><F39/><W4/><G4/><T29/><D105/><U31/><E31/><V88/><AGARI ba="1,2" hai="88,95,99,100,103" m="5673,17687,34927" machi="88" ten="30,3000,0" yaku="8,1,54,1" doraHai="83" who="2" fromWho="2" sc="255,-11,235,-11,245,53,245,-11" /><INIT seed="2,2,0,2,5,71" ten="244,224,298,234" oya="2" hai0="9,64,62,42,93,117,41,27,130,77,60,12,49" hai1="13,63,105,0,122,68,22,14,111,87,97,135,2" hai2="131,26,50,15,48,108,99,128,57,112,120,101,8" hai3="34,88,17,19,65,61,24,72,28,96,78,38,83"/><V59/><F120/><W116/><G116/><T86/><D117/><U76/><E122/><V107/><F112/><W55/><G55/><T94/><D130/><N who="2" m="49706" /><F26/><W119/><G119/><T16/><D27/><U118/><E111/><V81/><F81/><W89/><G38/><T92/><D60/><U70/><E118/><V100/><F100/><W40/><G40/><T45/><D42/><U6/><E135/><V73/><F73/><W3/><G3/><T46/><D46/><U127/><E127/><V29/><F29/><W123/><G123/><T5/><D77/><U56/><E68/><V80/><F80/><W44/><G44/><T103/><D103/><U1/><E70/><V113/><F113/><W35/><G35/><T30/><D30/><U51/><E76/><V53/><F108/><W20/><G96/><T58/><REACH who="0" step="1"/><D5/><REACH who="0" ten="234,224,298,234" step="2"/><U82/><E6/><N who="2" m="3479" /><F48/><W95/><G19/><T134/><D134/><U32/><E51/><V43/><F43/><W124/><G124/><T66/><D66/><U11/><E32/><V47/><AGARI ba="2,1" hai="47,50,53,57,59,99,101,107" m="3479,49706" machi="47" ten="30,1500,0" yaku="19,1" doraHai="71" who="2" fromWho="2" sc="234,-7,224,-7,298,31,234,-7" /><INIT seed="2,3,0,0,0,48" ten="227,217,329,227" oya="2" hai0="20,125,103,107,106,14,47,61,40,65,36,21,13" hai1="108,93,55,54,82,43,95,23,100,86,9,113,135" hai2="33,130,94,57,81,42,76,110,105,63,3,62,90" hai3="84,66,79,56,0,83,128,75,10,118,131,115,117"/><V98/><F33/><W129/><G115/><T24/><D125/><U49/><E113/><V16/><F3/><W12/><G0/><T27/><D107/><U58/><E108/><V35/><F35/><W88/><G66/><T112/><D112/><U73/><E73/><V126/><F126/><W15/><G56/><T4/><D4/><U69/><E69/><V134/><F134/><W119/><REACH who="3" step="1"/><G10/><REACH who="3" ten="227,217,329,217" step="2"/><T109/><D109/><U127/><E9/><V8/><F110/><W68/><G68/><T32/><D65/><U52/><E135/><V77/><F57/><W102/><G102/><T7/><D103/><U60/><E127/><V6/><F130/><W72/><G72/><T123/><D123/><U133/><E133/><V39/><F105/><W30/><G30/><T38/><D106/><U51/><E100/><V87/><F8/><W99/><G99/><T1/><D1/><U18/><E58/><V70/><F70/><W74/><G74/><T121/><D121/><U114/><E60/><V31/><F31/><W41/><G41/><T92/><D61/><U104/><E104/><V22/><F63/><W85/><G85/><T96/><D96/><U89/><E114/><V91/><F62/><W19/><G19/><T53/><D40/><U25/><E43/><V124/><F124/><W34/><G34/><T116/><D32/><U111/><E111/><V71/><F71/><W37/><G37/><T29/><D36/><U28/><E28/><V97/><F97/><W59/><G59/><T17/><D38/><U78/><E78/><V101/><F101/><W80/><AGARI ba="3,1" hai="12,15,75,79,80,83,84,88,117,118,119,128,129,131" machi="80" ten="40,8000,1" yaku="1,1,5,1,0,1,19,1,54,1,53,0" doraHai="48" doraHaiUra="45" who="3" fromWho="3" sc="227,-23,217,-23,329,-43,217,99" /><INIT seed="3,0,0,5,4,110" ten="204,194,286,316" oya="3" hai0="40,39,71,33,67,76,81,21,127,53,42,72,15" hai1="49,69,6,109,54,37,135,9,7,29,94,123,47" hai2="88,63,115,93,74,80,121,41,45,85,2,90,101" hai3="25,95,26,56,70,48,8,44,12,24,5,30,98"/><W89/><G70/><T99/><D33/><U103/><E109/><V126/><F2/><W114/><G114/><T51/><D39/><U116/><E123/><V55/><F121/><W61/><G30/><T83/><D127/><U111/><E116/><V3/><F3/><W112/><G112/><T104/><D83/><U66/><E111/><V113/><F63/><W31/><G31/><T0/><D0/><U28/><E37/><V129/><F55/><W19/><G5/><T16/><D67/><U97/><E135/><V38/><F126/><W120/><G120/><T36/><D36/><U59/><E69/><V108/><F108/><W91/><G91/><T75/><D75/><U22/><E9/><V43/><F43/><N who="3" m="24607" /><G26/><T50/><D71/><U87/><E87/><V130/><F101/><W14/><G12/><T58/><REACH who="0" step="1"/><D51/><REACH who="0" ten="194,194,286,316" step="2"/><U131/><E131/><N who="2" m="50187" /><F74/><W20/><G20/><T86/><D86/><AGARI ba="0,1" hai="38,41,45,80,85,86,88,90,93,113,115" m="50187" machi="86" ten="30,7700,0" yaku="19,1,52,2,54,1" doraHai="110" who="2" fromWho="0" sc="194,-77,194,0,286,87,316,0" /><INIT seed="4,0,0,1,1,68" ten="117,194,373,316" oya="0" hai0="132,79,60,133,69,95,77,84,12,17,16,31,33" hai1="111,73,100,78,55,98,9,61,82,56,90,42,72" hai2="86,104,43,47,70,10,114,91,134,51,130,11,103" hai3="93,58,32,38,66,54,39,40,2,50,52,129,89"/><T25/><D69/><U87/><E111/><V74/><F70/><W127/><G32/><T48/><D60/><U75/><E42/><V53/><F74/><W113/><G2/><T135/><D48/><U85/><E9/><V65/><F65/><W102/><G102/><T7/><D7/><U27/><E27/><V14/><F134/><W122/><G122/><T44/><D44/><U22/><E22/><V13/><F130/><W30/><G129/><T80/><D95/><U131/><E131/><V0/><F114/><W57/><G113/><T117/><D117/><U123/><E123/><V124/><F124/><W49/><G30/><T45/><D45/><U109/><E109/><V101/><F0/><W64/><G127/><T128/><D128/><U67/><E87/><V3/><F3/><W88/><G93/><T1/><D1/><U76/><REACH who="1" step="1"/><E67/><REACH who="1" ten="117,184,373,316" step="2"/><V5/><F11/><W97/><G97/><T4/><D79/><U62/><E62/><V35/><F35/><W19/><G19/><T125/><D125/><U99/><E99/><V37/><F10/><AGARI ba="0,1" hai="4,10,12,16,17,25,31,33,77,80,84,132,133,135" machi="10" ten="40,3900,0" yaku="20,1,54,1" doraHai="68" who="0" fromWho="2" sc="117,49,184,0,373,-39,316,0" /><INIT seed="4,1,0,0,2,26" ten="166,184,334,316" oya="0" hai0="100,27,62,10,57,48,29,63,92,133,71,76,43" hai1="114,4,50,104,116,47,45,78,68,128,31,25,107" hai2="109,105,94,33,13,106,73,46,34,125,17,118,97" hai3="15,115,14,58,86,69,8,130,96,18,112,2,7"/><T30/><D133/><U44/><E116/><V95/><F109/><W16/><G69/><T111/><D111/><U91/><E128/><V0/><F73/><W49/><G130/><T32/><D71/><U132/><E114/><N who="3" m="43562" /><G96/><T80/><D10/><U83/><E68/><V93/><F0/><W28/><G28/><T41/><D30/><U82/><E132/><V65/><F125/><W103/><G103/><T54/><D100/><U21/><E4/><V110/><F110/><W55/><G86/><T56/><D92/><U134/><E134/><V87/><F65/><W120/><G120/><T127/><D127/><U108/><E108/><V74/><F74/><W24/><G24/><T75/><REACH who="0" step="1"/><D48/><REACH who="0" ten="156,184,334,316" step="2"/><U6/><E6/><V124/><F124/><W98/><G7/><T19/><D19/><U119/><E119/><V39/><F118/><W20/><G2/><T90/><D90/><U121/><E121/><V70/><F70/><W40/><G18/><T101/><D101/><U3/><E3/><V81/><F94/><W5/><G5/><T85/><D85/><U22/><E50/><V59/><F95/><W129/><G129/><T126/><D126/><U64/><E91/><V35/><F93/><W60/><G98/><T79/><D79/><U37/><E37/><V123/><F97/><W102/><G102/><T131/><D131/><U38/><E38/><V51/><F123/><W52/><G8/><T99/><D99/><U77/><E77/><V122/><F122/><W72/><G49/><T1/><D1/><U9/><E78/><V42/><F39/><W88/><G88/><RYUUKYOKU ba="1,1" sc="156,30,184,-10,334,-10,316,-10" hai0="27,29,32,41,43,54,56,57,62,63,75,76,80" /><INIT seed="4,2,1,2,0,15" ten="186,174,324,306" oya="0" hai0="96,27,75,88,94,57,44,85,115,71,91,38,23" hai1="87,116,66,18,108,37,72,30,126,111,41,49,80" hai2="73,14,58,131,112,93,64,52,17,48,13,59,26" hai3="119,55,67,81,86,2,47,39,70,97,113,54,103"/><T53/><D71/><U132/><E37/><V16/><F73/><W43/><G119/><T135/><D75/><U129/><E72/><V31/><F131/><W99/><G2/><T109/><D115/><U68/><E129/><V4/><F112/><W130/><G130/><T35/><D35/><U77/><E116/><V28/><F4/><W122/><G113/><T133/><D109/><U124/><E30/><V65/><F59/><W42/><G42/><T121/><D121/><U0/><E0/><V74/><F74/><W134/><G134/><T104/><D44/><N who="1" m="25743" /><E132/><N who="0" m="50761" /><D38/><U19/><E66/><N who="2" m="25707" /><F26/><W62/><G122/><T128/><D128/><U56/><E56/><V92/><F31/><W110/><G110/><N who="1" m="42026" /><E68/><V36/><F36/><W9/><G9/><T3/><D3/><U20/><E20/><N who="2" m="11279" /><F28/><W123/><G123/><T50/><D104/><U105/><E105/><V5/><F5/><W33/><G33/><T79/><D79/><U34/><E34/><V22/><AGARI ba="2,1" hai="14,17,22,48,52,58,92,93" m="11279,25707" machi="22" ten="30,8000,1" yaku="8,1,52,2,54,2" doraHai="15" who="2" fromWho="2" sc="186,-42,174,-22,324,96,306,-22" /><INIT seed="5,0,0,0,3,54" ten="144,152,420,284" oya="1" hai0="56,18,82,21,38,72,16,28,26,133,1,104,107" hai1="121,98,75,100,53,131,114,106,31,116,109,63,62" hai2="34,5,36,119,52,51,77,108,103,101,46,58,99" hai3="102,2,123,23,80,20,68,64,91,129,25,35,71"/><U83/><E116/><V43/><F108/><W89/><G2/><T125/><D38/><U13/><E121/><V48/><F34/><W94/><G123/><T41/><D1/><U130/><E109/><V44/><F119/><W90/><G129/><N who="1" m="49162" /><E114/><V45/><F77/><W33/><G23/><T111/><D111/><U30/><E13/><V27/><F5/><W40/><G40/><T17/><D41/><U0/><E0/><V49/><F27/><W115/><G115/><T29/><D29/><N who="1" m="10763" /><E53/><V122/><F122/><W4/><G4/><T134/><D125/><U42/><E42/><V50/><REACH who="2" step="1"/><F103/><REACH who="2" ten="144,152,410,284" step="2"/><W6/><G6/><T65/><D72/><U95/><E106/><AGARI ba="0,1" hai="36,43,44,45,46,48,49,50,51,52,58,99,101,106" machi="106" ten="40,8000,1" yaku="1,1,2,1,52,1,54,1,53,0" doraHai="54" doraHaiUra="135" who="2" fromWho="1" sc="144,0,152,-80,410,90,284,0" /><INIT seed="6,0,0,0,2,1" ten="144,72,500,284" oya="2" hai0="64,114,49,20,44,129,40,66,23,95,133,122,113" hai1="5,21,55,32,85,110,34,90,30,63,37,68,107" hai2="70,57,8,10,69,72,28,121,126,53,59,130,77" hai3="116,41,36,84,89,109,45,39,124,26,6,0,91"/><V132/><F121/><W80/><G116/><T52/><D122/><U42/><E107/><V7/><F126/><W56/><G109/><T22/><D133/><U135/><E110/><V12/><F130/><W43/><G124/><T14/><D129/><U33/><E135/><V102/><F132/><W105/><G105/><T65/><D95/><U98/><E98/><V106/><F28/><W17/><G56/><T101/><D101/><U88/><E37/><V79/><F59/><W120/><G120/><T61/><D61/><U127/><E42/><V100/><F70/><W97/><G26/><T115/><REACH who="0" step="1"/><D40/><REACH who="0" ten="134,72,500,284" step="2"/><U76/><E127/><V46/><F102/><W117/><G43/><T62/><D62/><U123/><E123/><V15/><F100/><W86/><G41/><T4/><D4/><U29/><E5/><V67/><F106/><W38/><G6/><T2/><D2/><U19/><E76/><V73/><F79/><W128/><G0/><T35/><D35/><U94/><E90/><V103/><F77/><W9/><G128/><T27/><D27/><U3/><E3/><V93/><F103/><W31/><G89/><T134/><D134/><U13/><REACH who="1" step="1"/><E55/><REACH who="1" ten="134,62,500,284" step="2"/><V99/><F53/><W11/><G91/><T83/><D83/><U87/><E87/><V104/><F99/><W131/><G97/><T111/><D111/><U78/><E78/><V112/><F7/><W50/><G86/><T16/><AGARI ba="0,2" hai="14,16,20,22,23,44,49,52,64,65,66,113,114,115" machi="16" ten="40,8000,1" yaku="1,1,0,1,15,1,54,2,53,0" doraHai="1" doraHaiUra="24" who="0" fromWho="0" sc="134,100,62,-20,500,-40,284,-20" /><INIT seed="7,0,0,4,4,90" ten="234,42,460,264" oya="3" hai0="40,92,58,24,25,18,127,10,114,93,15,16,86" hai1="79,29,20,28,85,124,49,119,76,0,27,12,97" hai2="71,35,62,121,7,120,47,41,112,53,55,68,78" hai3="122,81,66,39,116,117,88,83,3,33,126,17,91"/><W38/><G122/><N who="2" m="47209" /><F35/><W84/><G3/><T21/><D127/><U44/><E0/><V50/><F7/><W100/><G33/><T96/><D114/><U134/><E119/><V69/><F78/><W54/><G126/><T22/><D40/><U65/><E124/><V60/><F112/><W36/><G100/><T61/><D86/><U72/><E134/><V131/><F131/><W73/><G66/><N who="0" m="39223" /><D96/><U109/><E72/><V23/><F23/><W106/><G106/><T52/><D52/><AGARI ba="0,0" hai="41,47,50,52,53,55,60,62,68,69,71" m="47209" machi="52" ten="40,8000,1" yaku="13,1,34,2,54,1" doraHai="90" who="2" fromWho="0" sc="234,-80,42,0,460,80,264,0" owari="154,-25.0,42,-46.0,540,65.0,264,6.0" /></mjloggm>