<mjloggm ver="2.3"><GO type="41" lobby="0"/><UN n0="%E5%B0%B1%E6%B4%BB%E7%94%9F%40%E5%B7%9D%E6%9D%91%E8%BB%8D%E5%9B%A3" n1="%41%50%53%68%6F%74%21%21" n2="%74%6F%6D%75%74%6F%6D%69" n3="%77%6F%6E%64%65%72%37%32" dan="15,13,15,14" rate="2014.76,1999.14,1996.11,1948.52" sx="M,F,M,M"/><TAIKYOKU oya="0"/><INIT seed="0,0,0,1,5,87" ten="250,250,250,250" oya="0" hai0="60,40,114,37,133,49,85,86,43,66,54,55,8" hai1="35,23,31,4,51,96,117,58,26,67,123,84,9" hai2="131,29,135,88,46,105,127,48,42,104,102,44,1" hai3="120,68,101,25,61,7,89,82,17,70,19,111,94"/><T81/><D114/><U80/><E123/><V41/><F1/><W24/><G120/><T30/><D133/><U11/><E117/><V63/><F135/><W14/><G7/><T36/><D30/><U45/><E35/><V52/><F131/><W34/><G111/><T125/><D125/><U12/><E9/><V124/><F29/><W93/><G34/><T59/><D8/><U20/><E96/><V65/><F102/><W95/><G101/><T71/><D85/><U97/><E97/><V74/><F74/><W83/><G61/><N who="0" m="40399" /><D86/><U28/><E28/><V64/><F63/><W76/><G14/><T22/><D22/><U53/><E23/><V75/><F75/><W100/><G100/><T13/><D81/><U33/><E33/><V78/><F78/><W106/><G106/><T2/><D13/><U110/><E110/><V6/><F48/><W77/><G95/><T38/><D2/><U121/><E121/><V115/><F6/><W126/><G126/><T109/><D109/><U128/><E128/><V98/><F98/><W79/><G79/><T116/><D116/><U5/><E67/><V107/><F107/><W113/><G113/><T129/><D129/><U57/><E5/><V132/><F132/><W112/><G112/><T62/><D62/><U39/><E39/><V0/><F115/><W21/><G21/><T27/><D27/><U122/><E122/><V3/><F52/><W69/><G69/><T119/><D119/><U90/><AGARI ba="0,0" hai="4,11,12,20,26,31,45,51,53,57,58,80,84,90" machi="90" ten="20,5200,0" yaku="0,1,7,1,8,1,52,1" doraHai="87" who="1" fromWho="1" sc="250,-26,250,52,250,-13,250,-13" /><INIT seed="1,0,0,3,3,86" ten="224,302,237,237" oya="1" hai0="45,8,42,23,90,75,40,130,106,110,104,94,39" hai1="122,51,109,29,20,56,116,48,92,71,125,74,33" hai2="98,59,25,0,3,127,63,37,123,55,132,7,14" hai3="15,38,103,10,5,129,108,120,43,53,50,111,35"/><U28/><E122/><V44/><F132/><W9/><G120/><T93/><D110/><U22/><E116/><V64/><F127/><W16/><G35/><T85/><D130/><U91/><E71/><V36/><F123/><W17/><G129/><T121/><D121/><U12/><E74/><V126/><F126/><W65/><G65/><T47/><D75/><U69/><E69/><V97/><F25/><W95/><G38/><T77/><D77/><U119/><E119/><V102/><F97/><W6/><G43/><T13/><D23/><N who="1" m="8747" /><E33/><V21/><F36/><W60/><G60/><T26/><D26/><U31/><E109/><N who="3" m="42058" /><G103/><T134/><D134/><U18/><E56/><V66/><F66/><W58/><G95/><T128/><D128/><U67/><E67/><V117/><F117/><W24/><G9/><T115/><D115/><U4/><E4/><N who="3" m="1642" /><G24/><T49/><REACH who="0" step="1"/><D94/><REACH who="0" ten="214,302,237,237" step="2"/><U135/><E135/><V88/><F21/><W124/><G124/><T101/><D101/><U62/><E125/><V54/><F102/><W72/><G72/><T1/><D1/><U89/><E92/><N who="2" m="56583" /><F0/><W61/><G17/><AGARI ba="0,1" hai="8,13,17,39,40,42,45,47,49,85,90,93,104,106" machi="17" ten="30,7700,0" yaku="1,1,7,1,52,1,53,1" doraHai="86" doraHaiUra="84" who="0" fromWho="3" sc="214,87,302,0,237,0,237,-77" /><INIT seed="2,0,0,1,3,10" ten="301,302,237,160" oya="2" hai0="87,102,43,52,129,40,59,4,18,48,11,109,21" hai1="51,130,73,76,75,99,50,54,121,134,71,5,66" hai2="24,119,83,29,78,92,135,94,84,6,64,12,113" hai3="126,90,19,86,36,91,95,123,55,15,108,25,58"/><V128/><F119/><W39/><G123/><T20/><D109/><U103/><E134/><V28/><F113/><W110/><G126/><T133/><D129/><U1/><E130/><V68/><F128/><W13/><G25/><T44/><D133/><U80/><E121/><V114/><F114/><W31/><G31/><T131/><D131/><U17/><E73/><V3/><F3/><W33/><G33/><T0/><D102/><U14/><E5/><V34/><F29/><W70/><G70/><T127/><D127/><U37/><E37/><V7/><F6/><W79/><G19/><T107/><D107/><U60/><E54/><V106/><F106/><W46/><G79/><T38/><D43/><U85/><E75/><V27/><F24/><W47/><G55/><T104/><D104/><U96/><E1/><V30/><F28/><W122/><G86/><T67/><D18/><U125/><E125/><V117/><F117/><W88/><G95/><T118/><D118/><U62/><E62/><V101/><F101/><W81/><G58/><T115/><D115/><U72/><E72/><V49/><F49/><W45/><G81/><T111/><D111/><N who="3" m="42537" /><G122/><T77/><D67/><U89/><E76/><V41/><F41/><W105/><G105/><T97/><D97/><U120/><E120/><V23/><F135/><W132/><G132/><T100/><D100/><U82/><E82/><V2/><F68/><W32/><G32/><T9/><D9/><N who="1" m="6351" /><E103/><V63/><F34/><W116/><G116/><T93/><D77/><N who="1" m="46223" /><E99/><V74/><F78/><W57/><G57/><T8/><D8/><RYUUKYOKU ba="0,0" sc="301,10,302,10,237,-30,160,10" hai0="0,4,11,20,21,38,40,44,48,52,59,87,93" hai1="50,51,60,66,71,89,96" hai3="13,15,36,39,45,46,47,88,90,91" /><INIT seed="3,1,0,5,5,49" ten="311,312,207,170" oya="3" hai0="44,28,82,27,133,94,11,113,116,15,61,71,60" hai1="52,4,32,89,74,13,95,67,83,122,34,64,117" hai2="14,98,130,43,118,9,70,103,75,69,88,79,80" hai3="105,131,100,37,134,132,119,84,93,58,63,54,5"/><W97/><G119/><T87/><D116/><U86/><E117/><V72/><F130/><W45/><G131/><T106/><D113/><U120/><E120/><V66/><F75/><W78/><G5/><T22/><D106/><U135/><E122/><V19/><F118/><W48/><G37/><T16/><D133/><N who="3" m="51305" /><G78/><T56/><D71/><U7/><E135/><V31/><F31/><W24/><G24/><T81/><D44/><U46/><E34/><V25/><F25/><W6/><G6/><N who="1" m="2090" /><E32/><V121/><F43/><W68/><G68/><T35/><D60/><U33/><E33/><V107/><F66/><N who="1" m="25129" /><E74/><V90/><F121/><W0/><G0/><T2/><D2/><U42/><E42/><V111/><F111/><W41/><G84/><T91/><D35/><U92/><E13/><V12/><F14/><W76/><G76/><T40/><D40/><U125/><E125/><V17/><F19/><W62/><G62/><T39/><D39/><U73/><E73/><V114/><F114/><W104/><AGARI ba="1,0" hai="41,45,48,54,58,63,93,97,100,104,105" m="51305" machi="104" ten="30,3000,0" yaku="20,1,52,1" doraHai="49" who="3" fromWho="3" sc="311,-11,312,-11,207,-11,170,33" /><INIT seed="3,2,0,1,5,123" ten="300,301,196,203" oya="3" hai0="55,17,84,125,62,31,25,57,121,94,4,30,110" hai1="107,70,42,45,109,119,102,87,63,33,120,91,11" hai2="127,77,69,47,34,86,15,75,10,59,1,97,115" hai3="37,46,65,27,83,101,16,58,73,126,76,12,89"/><W35/><G126/><T0/><D121/><U103/><E120/><V135/><F115/><W118/><G118/><T38/><D125/><U32/><E119/><V133/><F127/><W113/><G113/><T88/><D38/><U64/><E109/><V114/><F114/><W112/><G112/><T72/><D72/><U106/><E103/><V43/><F69/><W80/><G101/><T21/><D110/><U122/><E122/><V104/><F59/><W117/><G117/><T98/><D0/><U71/><E71/><V53/><F53/><W56/><G37/><T105/><D105/><U48/><E107/><V74/><F34/><W131/><G131/><T23/><D4/><U3/><E3/><V51/><F97/><W66/><G46/><T7/><D7/><U85/><E85/><V13/><F13/><W82/><G89/><T99/><D30/><U29/><E11/><V67/><F67/><W44/><G44/><T8/><D8/><U129/><E29/><V28/><F28/><W40/><G40/><T81/><D81/><N who="3" m="31337" /><G27/><AGARI ba="2,0" hai="17,21,23,25,27,31,55,57,62,84,88,94,98,99" machi="27" ten="30,3900,0" yaku="7,1,8,1,54,1" doraHai="123" who="0" fromWho="3" sc="300,45,301,0,196,0,203,-45" /><INIT seed="4,0,0,0,2,30" ten="345,301,196,158" oya="0" hai0="64,72,117,18,80,61,74,53,113,109,56,91,35" hai1="41,92,135,112,126,34,86,96,16,125,45,105,73" hai2="26,62,36,89,7,116,21,111,120,12,32,77,10" hai3="38,3,47,87,121,115,43,4,65,78,49,83,42"/><T93/><D113/><U68/><E68/><V14/><F111/><W19/><G115/><T63/><D117/><U81/><E112/><V24/><F120/><W76/><G121/><T132/><D109/><U130/><E130/><V107/><F36/><W70/><G19/><T84/><D132/><U40/><E135/><V54/><F107/><W57/><G76/><T127/><D127/><U59/><E59/><V29/><F77/><W104/><G104/><T37/><D37/><U15/><E73/><V28/><F89/><W5/><G42/><T58/><D35/><U95/><E105/><V102/><F102/><W6/><G6/><T129/><D129/><U88/><E34/><N who="2" m="20743" /><F54/><W128/><G128/><T124/><D124/><N who="1" m="47723" /><E45/><V133/><F62/><W52/><G3/><T69/><D69/><U55/><E55/><V75/><F75/><W122/><G122/><T82/><D72/><U100/><E95/><V0/><F133/><W114/><REACH who="3" step="1"/><G114/><REACH who="3" ten="345,301,196,148" step="2"/><T9/><D74/><U119/><E119/><V48/><F116/><W99/><G99/><T94/><D18/><U22/><AGARI ba="0,1" hai="15,16,22,40,41,81,86,88,92,96,100" m="47723" machi="22" ten="30,4000,0" yaku="18,1,54,2" doraHai="30" who="1" fromWho="1" sc="345,-20,301,50,196,-10,148,-10" /><INIT seed="5,0,0,0,4,43" ten="325,351,186,138" oya="1" hai0="48,28,105,124,15,85,45,130,67,86,101,91,64" hai1="120,7,128,24,103,127,19,126,99,65,117,11,18" hai2="17,13,54,121,55,21,46,122,8,115,6,37,25" hai3="132,29,50,106,97,39,49,69,36,68,133,2,78"/><U134/><E120/><V3/><F55/><W42/><G29/><T53/><D130/><U131/><E117/><V89/><F89/><W22/><G2/><T57/><D124/><N who="1" m="47659" /><E65/><V111/><F111/><W92/><G78/><T47/><D105/><N who="1" m="63743" /><E24/><V96/><F96/><W123/><G106/><T34/><D101/><U94/><E94/><V119/><F119/><W135/><G123/><T73/><D73/><U114/><E114/><V98/><F98/><W27/><G92/><N who="0" m="54383" /><D34/><U74/><E74/><V87/><F87/><W104/><G97/><T81/><D28/><U108/><E108/><V26/><F115/><W10/><G104/><T113/><D113/><U82/><E82/><V1/><F25/><W58/><G10/><T32/><D32/><U16/><E134/><V30/><F1/><AGARI ba="0,0" hai="1,7,11,16,18,19,128,131" m="63743,47659" machi="1" ten="30,2900,0" yaku="18,1,54,1" doraHai="43" who="1" fromWho="2" sc="325,0,351,29,186,-29,138,0" /><INIT seed="5,1,0,2,3,17" ten="325,380,157,138" oya="1" hai0="48,87,5,66,103,7,47,52,108,33,67,117,44" hai1="72,41,18,10,135,94,30,129,123,42,89,134,107" hai2="13,6,78,113,8,70,9,133,93,90,122,116,62" hai3="98,55,128,106,91,25,68,15,1,56,31,71,132"/><U58/><E123/><V19/><F116/><W35/><G1/><T16/><D33/><U125/><E107/><V27/><F122/><W32/><G128/><T95/><D117/><U75/><E30/><V43/><F133/><N who="1" m="50697" /><E129/><V23/><F78/><W83/><G132/><T21/><D108/><U96/><E125/><V109/><F109/><W73/><G35/><T3/><D3/><U22/><E10/><V24/><F43/><N who="1" m="16393" /><E58/><V37/><F37/><W40/><G40/><T38/><D38/><U51/><E51/><V11/><F62/><W65/><G65/><N who="0" m="24587" /><D47/><U100/><E100/><V12/><F70/><W111/><G106/><T112/><D112/><U119/><E119/><V39/><F39/><W57/><G111/><T49/><D49/><U79/><E79/><V92/><F113/><W101/><G57/><T76/><D103/><U69/><E69/><V99/><F93/><N who="3" m="58575" /><G68/><T64/><N who="0" m="24595" /><T131/><DORA hai="20" /><D131/><U114/><E114/><V130/><F130/><W50/><G71/><T77/><D77/><U85/><E96/><V118/><F118/><W86/><G73/><T45/><D45/><U14/><AGARI ba="1,0" hai="14,18,22,72,75,85,89,94" m="16393,50697" machi="14" ten="30,3000,0" yaku="20,1,52,1" doraHai="17,20" who="1" fromWho="1" sc="325,-11,380,33,157,-11,138,-11" /><INIT seed="5,2,0,0,2,46" ten="314,413,146,127" oya="1" hai0="63,102,72,85,55,109,129,58,23,80,32,17,20" hai1="52,36,93,117,42,5,75,34,91,133,96,98,84" hai2="49,73,8,54,30,95,103,19,16,67,29,97,47" hai3="15,78,53,59,131,18,128,62,10,130,71,70,101"/><U69/><E117/><V43/><F73/><W21/><G78/><T121/><D32/><U61/><E133/><V125/><F125/><W56/><G101/><T92/><D121/><U110/><E34/><V86/><F67/><W27/><REACH who="3" step="1"/><G59/><REACH who="3" ten="314,413,146,117" step="2"/><T25/><D109/><U118/><E110/><V90/><F8/><W115/><G115/><T11/><D129/><U120/><E120/><V88/><F90/><W82/><G82/><T87/><D72/><U2/><E75/><V6/><F6/><AGARI ba="2,1" hai="6,10,15,18,21,27,53,56,62,70,71,128,130,131" machi="6" ten="40,8000,1" yaku="1,1,19,1,53,3" doraHai="46" doraHaiUra="127" who="3" fromWho="2" sc="314,0,413,0,146,-86,117,96" /><INIT seed="6,0,0,4,1,55" ten="314,413,60,213" oya="2" hai0="62,115,56,114,74,41,116,93,48,29,1,106,78" hai1="47,64,119,98,61,84,50,90,91,83,66,16,69" hai2="35,112,95,45,10,75,67,36,22,39,104,105,21" hai3="88,31,132,107,122,24,14,81,60,49,127,129,12"/><V54/><F75/><W133/><G122/><T58/><D106/><U53/><E66/><V118/><F35/><W86/><G107/><T117/><D1/><U44/><E119/><N who="0" m="45641" /><D74/><U5/><E5/><V101/><F118/><W125/><G60/><T131/><D78/><U72/><E72/><V73/><F73/><W32/><G49/><T6/><D6/><U37/><E37/><V25/><F67/><W77/><G14/><T80/><D80/><U7/><E7/><V92/><F54/><W19/><G12/><T85/><D131/><U40/><E40/><V43/><F10/><W52/><G19/><T102/><D29/><U82/><E16/><V11/><F11/><W135/><G52/><N who="0" m="31751" /><D41/><U2/><E2/><V0/><F0/><W57/><G57/><T108/><D108/><U3/><E3/><V63/><F63/><W89/><REACH who="3" step="1"/><G129/><REACH who="3" ten="314,413,60,203" step="2"/><T8/><D8/><U34/><E69/><V130/><F130/><W79/><G79/><T68/><D68/><U124/><E61/><V103/><F25/><W110/><G110/><T96/><D85/><U28/><E84/><V70/><F70/><W27/><G27/><T42/><D42/><U126/><E98/><V38/><F43/><W120/><G120/><T113/><D58/><U13/><E13/><V15/><F15/><W97/><G97/><T121/><D62/><U18/><E50/><V109/><F39/><W9/><G9/><T23/><D121/><U100/><E44/><V51/><F109/><W4/><G4/><T17/><D115/><U111/><E111/><V128/><F112/><W87/><G87/><RYUUKYOKU ba="0,1" sc="314,15,413,-15,60,-15,203,15" hai0="17,23,93,96,102,113,114" hai3="24,31,32,77,81,86,88,89,125,127,132,133,135" /><INIT seed="7,1,1,0,5,132" ten="329,398,45,218" oya="3" hai0="135,66,59,56,80,84,95,10,77,2,68,15,83" hai1="65,0,51,9,93,37,88,128,67,43,32,90,55" hai2="106,18,89,85,81,133,21,76,64,78,54,98,40" hai3="110,12,111,119,63,14,38,116,82,113,3,126,11"/><W102/><G38/><T52/><D135/><U127/><E32/><V72/><F133/><W99/><G82/><T92/><D2/><U74/><E74/><V36/><F64/><W61/><G3/><T62/><D83/><U24/><E24/><V96/><F40/><W27/><G27/><T34/><D68/><U71/><E88/><V29/><F29/><W39/><G39/><T103/><D34/><U104/><E104/><V94/><F36/><W19/><G14/><T42/><D42/><U26/><E26/><V121/><F54/><W73/><G73/><T105/><D105/><U6/><E71/><V31/><F31/><W20/><G11/><T5/><REACH who="0" step="1"/><D103/><REACH who="0" ten="319,398,45,218" step="2"/><U17/><E43/><V30/><F30/><W57/><G113/><T1/><D1/><U49/><E0/><V70/><F70/><W123/><G123/><T60/><AGARI ba="1,2" hai="5,10,15,52,56,59,60,62,66,77,80,84,92,95" machi="60" ten="20,8000,1" yaku="1,1,0,1,7,1,8,1,54,1,53,0" doraHai="132" doraHaiUra="100" who="0" fromWho="0" sc="319,103,398,-21,45,-21,218,-41" owari="422,52.0,377,18.0,24,-48.0,177,-22.0" /></mjloggm>