<mjloggm ver="2.3"><GO type="41" lobby="0"/><UN n0="%E5%B0%B1%E6%B4%BB%E7%94%9F%40%E5%B7%9D%E6%9D%91%E8%BB%8D%E5%9B%A3" n1="%E3%81%82%E3%82%8A%E3%81%B6%E3%81%9F%5A" n2="%E3%81%8B%E3%81%AB%E3%83%91%E3%83%B3" n3="%59%55%42%41%5A%55" dan="15,13,13,13" rate="2029.19,1922.44,1914.00,1930.93" sx="M,M,M,M"/><TAIKYOKU oya="0"/><INIT seed="0,0,0,2,3,46" ten="250,250,250,250" oya="0" hai0="62,22,130,23,31,2,109,53,63,16,122,28,135" hai1="107,125,54,15,91,129,128,6,65,95,19,123,44" hai2="114,88,58,96,10,56,66,85,117,120,119,71,112" hai3="36,80,79,49,18,13,99,30,35,86,60,52,57"/><T32/><D122/><U73/><E107/><V111/><F10/><W41/><G36/><T48/><D2/><U133/><E123/><V34/><F34/><W42/><G35/><T78/><D32/><U3/><E73/><V113/><F71/><W134/><G30/><N who="0" m="11307" /><D135/><U70/><E133/><V61/><F96/><W9/><G134/><T77/><D130/><U108/><E108/><V59/><F120/><W89/><G60/><N who="0" m="23083" /><D109/><U50/><E6/><V43/><F111/><W68/><G68/><T14/><D23/><U5/><E5/><V37/><F88/><W39/><G39/><T4/><D4/><U87/><E3/><V33/><F85/><W69/><G69/><T1/><D1/><U17/><E70/><N who="2" m="42319" /><F33/><W127/><G127/><T45/><AGARI ba="0,0" hai="14,16,22,45,48,53,77,78" m="23083,11307" machi="45" ten="30,6000,0" yaku="8,1,52,1,54,1" doraHai="46" who="0" fromWho="0" sc="250,60,250,-20,250,-20,250,-20" /><INIT seed="0,1,0,5,1,89" ten="310,230,230,230" oya="0" hai0="84,82,102,114,106,51,3,135,8,64,116,122,77" hai1="28,103,58,35,133,11,59,93,78,107,12,54,68" hai2="29,1,85,47,109,94,40,43,125,56,92,60,32" hai3="119,71,55,48,67,65,10,6,49,52,38,101,124"/><T75/><D116/><U44/><E68/><V110/><F1/><W30/><G119/><T81/><D122/><U76/><E107/><V46/><F32/><W18/><G124/><T14/><D114/><U112/><E112/><V61/><F29/><W96/><G38/><T127/><D3/><U117/><E117/><V126/><F85/><W87/><G30/><T45/><D127/><U4/><E133/><V39/><F56/><W130/><G87/><T21/><D135/><U118/><E118/><V70/><REACH who="2" step="1"/><F39/><REACH who="2" ten="310,230,220,230" step="2"/><W115/><G115/><T104/><D64/><U113/><E28/><V57/><F57/><W74/><G74/><T7/><D21/><U19/><E35/><V95/><F95/><W33/><G33/><T132/><D132/><U80/><E113/><V86/><F86/><W131/><G71/><AGARI ba="1,1" hai="40,43,46,47,60,61,70,71,92,94,109,110,125,126" machi="71" ten="25,12000,2" yaku="1,1,22,2,52,2,53,2" doraHai="89" doraHaiUra="36" who="2" fromWho="3" sc="310,0,230,0,220,133,230,-123" /><INIT seed="1,0,0,2,1,109" ten="310,230,353,107" oya="1" hai0="117,70,105,87,8,52,19,121,27,74,91,115,135" hai1="44,10,75,64,98,120,20,93,6,116,131,3,126" hai2="104,54,106,100,67,22,96,60,55,125,90,0,88" hai3="101,119,56,112,50,83,111,89,118,32,72,77,7"/><U65/><E75/><V12/><F0/><W45/><G32/><T49/><D74/><U53/><E120/><V15/><F125/><W18/><G7/><T43/><D70/><U24/><E116/><N who="3" m="44586" /><G111/><T35/><D105/><U66/><E126/><V23/><F67/><W40/><G101/><T58/><D121/><U124/><E124/><V4/><F4/><W71/><G71/><T107/><D117/><U63/><E131/><V38/><F60/><W114/><G89/><T80/><D107/><U85/><E85/><V37/><F96/><W110/><G110/><T132/><D43/><U30/><E44/><V73/><F73/><W69/><G69/><T46/><D35/><U97/><E97/><V48/><F48/><W28/><G28/><T51/><D115/><N who="3" m="44073" /><G18/><T9/><D27/><U33/><E33/><V76/><F76/><W129/><G56/><T123/><D123/><U103/><E53/><V2/><F2/><W122/><G122/><T79/><D79/><U1/><E1/><V62/><F100/><W78/><G78/><T14/><D8/><U21/><E21/><V108/><F108/><W34/><G34/><T61/><D46/><U41/><E41/><V113/><F113/><W25/><G25/><T16/><D19/><U94/><E94/><V39/><F104/><W57/><G57/><AGARI ba="0,0" hai="3,6,10,20,24,30,57,63,64,65,66,93,98,103" machi="57" ten="30,5800,0" yaku="7,1,25,2" doraHai="109" who="1" fromWho="3" sc="310,0,230,58,353,0,107,-58" /><INIT seed="1,1,0,1,1,69" ten="310,288,353,49" oya="1" hai0="81,83,135,53,9,42,114,77,18,126,2,61,33" hai1="97,104,8,108,46,82,84,118,15,56,64,130,92" hai2="100,129,26,4,37,40,67,68,76,134,110,45,122" hai3="20,31,59,5,127,96,119,14,58,121,60,52,47"/><U70/><E118/><V73/><F122/><W51/><G119/><T41/><D33/><U79/><E70/><V36/><F110/><W27/><G121/><T88/><D114/><U11/><E108/><V85/><F85/><W7/><G127/><T17/><D126/><U132/><E104/><V107/><F26/><W49/><G14/><T86/><D135/><U25/><E132/><V29/><F134/><W66/><REACH who="3" step="1"/><G96/><REACH who="3" ten="310,288,353,39" step="2"/><T95/><D2/><U71/><E15/><V105/><F129/><W124/><G124/><T116/><D116/><U62/><E130/><V74/><F4/><W22/><G22/><T112/><D112/><U106/><E25/><V78/><F74/><W0/><G0/><T35/><D35/><U128/><E128/><V80/><F73/><W63/><G63/><T120/><D120/><U103/><E62/><V1/><F1/><W6/><G6/><T44/><D9/><U91/><E11/><V101/><F107/><W113/><G113/><T38/><D42/><AGARI ba="1,1" hai="5,7,20,27,31,42,47,49,51,52,58,59,60,66" machi="42" ten="30,7700,0" yaku="1,1,7,1,8,1,54,1,53,0" doraHai="69" doraHaiUra="115" who="3" fromWho="0" sc="310,-80,288,0,353,0,39,90" /><INIT seed="2,0,0,4,0,24" ten="230,288,353,129" oya="2" hai0="25,49,94,13,56,26,76,5,91,97,33,93,129" hai1="121,85,124,106,45,83,77,47,118,8,88,79,0" hai2="14,126,135,9,7,113,12,35,78,21,130,90,17" hai3="131,31,75,16,95,109,68,36,119,22,61,65,122"/><V132/><F78/><W52/><G75/><T127/><D127/><U100/><E118/><V74/><F74/><W96/><G119/><T70/><D129/><U111/><E124/><V98/><F126/><W4/><G109/><T133/><D70/><U53/><E111/><V59/><F113/><W134/><G36/><T99/><D133/><N who="2" m="51274" /><F59/><W110/><G110/><T46/><D76/><U19/><E121/><V43/><F43/><W23/><G134/><T71/><D71/><U40/><E0/><V66/><F66/><W63/><G122/><T107/><D107/><U6/><E106/><V67/><F67/><W117/><G4/><T3/><D3/><U103/><E6/><V34/><F130/><W41/><G41/><T116/><D56/><U20/><E40/><V29/><F98/><W108/><G108/><T32/><D32/><N who="2" m="12330" /><F90/><W27/><G131/><T44/><D33/><U2/><E100/><V105/><F105/><W101/><G117/><T30/><D116/><U38/><E103/><V57/><F57/><W54/><G63/><T42/><D46/><U82/><E38/><V81/><F81/><W50/><G50/><T87/><D94/><U48/><E82/><V128/><F128/><W64/><G64/><T55/><D42/><U120/><E120/><V125/><F125/><W84/><G84/><T10/><D97/><U102/><E102/><V92/><F92/><W86/><G86/><T104/><D104/><U37/><E37/><V39/><F39/><W62/><G62/><T51/><D99/><U69/><E69/><V18/><F7/><W58/><G68/><RYUUKYOKU ba="0,0" sc="230,-15,288,-15,353,15,129,15" hai2="9,12,14,17,18,21,29" hai3="16,22,23,27,31,52,54,58,61,65,95,96,101" /><INIT seed="2,1,0,4,3,101" ten="215,273,368,144" oya="2" hai0="108,9,73,135,53,57,1,126,123,59,128,42,112" hai1="3,130,58,78,21,132,43,61,18,82,81,10,64" hai2="109,124,38,46,93,115,80,127,97,23,98,32,55" hai3="39,40,37,71,94,96,4,77,30,85,16,103,84"/><V118/><F118/><W125/><G71/><T83/><D112/><U105/><E105/><V134/><F115/><W25/><G125/><N who="2" m="48201" /><F32/><W11/><G40/><T121/><D126/><U133/><E130/><V15/><F134/><W31/><G39/><T8/><D42/><U36/><E36/><V75/><F55/><W106/><G37/><T7/><D108/><U87/><E43/><V117/><F117/><W2/><G77/><T100/><D128/><U34/><E34/><V6/><F46/><W0/><G0/><T48/><D135/><U107/><E107/><V44/><F44/><W63/><G63/><T116/><D116/><U17/><E82/><V14/><F38/><W114/><G114/><T119/><D119/><U65/><E64/><V122/><F122/><W56/><G56/><T35/><D35/><U45/><E45/><V28/><F109/><W22/><G94/><T68/><D68/><U67/><E67/><V92/><F80/><W69/><REACH who="3" step="1"/><G69/><REACH who="3" ten="215,273,368,134" step="2"/><T131/><D131/><U90/><E78/><V41/><F41/><W5/><G5/><T70/><D70/><U89/><E3/><V50/><F6/><W76/><G76/><N who="0" m="44431" /><D59/><U95/><E132/><V54/><F93/><W88/><G88/><T19/><D123/><U26/><E133/><V74/><F92/><W12/><G12/><N who="0" m="7559" /><D121/><U60/><E61/><V52/><F15/><W20/><G20/><T47/><D57/><U111/><E111/><V66/><F14/><W102/><G102/><T62/><D100/><U13/><E90/><V129/><F129/><W113/><G113/><T104/><D62/><RYUUKYOKU ba="1,1" sc="215,10,273,10,368,-30,134,10" hai0="1,7,9,47,48,53,104" hai1="10,13,17,18,21,26,58,60,65,81,87,89,95" hai3="2,4,11,16,22,25,30,31,84,85,96,103,106" /><INIT seed="3,2,1,5,5,22" ten="225,283,338,144" oya="3" hai0="57,73,54,63,66,77,29,102,76,59,128,23,16" hai1="31,30,36,38,132,97,68,75,56,20,55,78,15" hai2="110,12,24,108,89,127,46,105,100,93,95,109,120" hai3="43,134,17,51,114,104,80,32,117,92,103,81,10"/><W86/><G32/><T125/><D128/><U118/><E68/><V45/><F120/><W72/><G114/><T34/><D125/><U47/><E132/><V61/><F127/><W27/><G117/><T126/><D126/><U39/><E118/><V44/><F105/><W7/><G134/><T70/><D70/><U14/><E47/><V11/><F100/><W135/><G135/><T26/><D102/><U67/><E67/><V133/><F133/><W101/><G72/><T94/><D94/><N who="2" m="35850" /><F61/><W82/><G104/><T49/><REACH who="0" step="1"/><D73/><REACH who="0" ten="215,283,338,144" step="2"/><U50/><E75/><V3/><F3/><W35/><G103/><T33/><D33/><U123/><E123/><V41/><F41/><W129/><G129/><T2/><D2/><U130/><E130/><V79/><F79/><W113/><G113/><T115/><D115/><U9/><E78/><V42/><F89/><N who="3" m="53303" /><G35/><T85/><D85/><U87/><E87/><V69/><F42/><W107/><G101/><T53/><D53/><U18/><REACH who="1" step="1"/><E97/><REACH who="1" ten="215,273,338,144" step="2"/><V37/><F69/><W52/><G107/><T119/><D119/><U112/><E112/><V96/><F96/><W0/><G43/><T25/><AGARI ba="2,3" hai="16,23,25,26,29,34,49,54,57,59,63,66,76,77" machi="25" ten="20,12000,2" yaku="1,1,0,1,7,1,52,2,54,1,53,1" doraHai="22" doraHaiUra="19" who="0" fromWho="0" sc="215,156,273,-32,338,-32,144,-62" /><INIT seed="4,0,0,4,4,12" ten="371,241,306,82" oya="0" hai0="108,49,60,93,71,128,20,99,67,132,112,135,46" hai1="34,103,59,70,58,33,37,27,65,31,110,14,13" hai2="61,66,68,95,10,129,3,105,29,84,44,9,98" hai3="122,8,115,0,63,134,82,39,24,69,121,81,40"/><T26/><D108/><U48/><E110/><V45/><F129/><W36/><G134/><T43/><D128/><U77/><E37/><V17/><F105/><W88/><G115/><T123/><D123/><U53/><E33/><V83/><F29/><W54/><G24/><T72/><D72/><U2/><E2/><V118/><F118/><W94/><G0/><T124/><D124/><U76/><E70/><V51/><F3/><W80/><G8/><T35/><D35/><U114/><E103/><V21/><F45/><W19/><G40/><T131/><D131/><U111/><E111/><V64/><F66/><W117/><G117/><T96/><D112/><U32/><E32/><V38/><F38/><W25/><G69/><T106/><D106/><U47/><E114/><V91/><F51/><W85/><G63/><T86/><D86/><U15/><E65/><V28/><F28/><W7/><G7/><T6/><D6/><U127/><E127/><V73/><F73/><W1/><G1/><T100/><D99/><U11/><E11/><V120/><F44/><W75/><G75/><T30/><AGARI ba="0,0" hai="20,26,30,43,46,49,60,67,71,93,96,100,132,135" machi="30" ten="30,1500,0" yaku="0,1" doraHai="12" who="0" fromWho="0" sc="371,15,241,-5,306,-5,82,-5" /><INIT seed="4,1,0,0,2,17" ten="386,236,301,77" oya="0" hai0="48,20,97,46,9,50,105,31,76,72,106,4,104" hai1="52,0,121,32,70,107,99,47,19,1,34,100,43" hai2="128,35,3,58,33,66,8,53,40,51,18,36,5" hai3="91,84,103,38,82,55,127,75,57,120,110,96,61"/><T24/><D72/><U114/><E121/><V13/><F128/><W2/><G2/><T126/><D126/><U71/><E114/><V112/><F112/><W111/><G127/><T74/><D74/><U29/><E19/><V54/><F53/><W65/><G120/><T81/><D97/><U16/><E52/><V131/><F131/><W67/><G38/><T26/><D26/><N who="1" m="18487" /><E34/><V88/><F66/><W44/><G75/><T92/><D92/><U11/><E16/><V108/><F108/><W69/><G44/><T109/><D109/><U123/><E123/><V62/><F62/><W113/><G113/><T30/><D30/><U63/><E11/><V45/><F88/><W49/><REACH who="3" step="1"/><G67/><REACH who="3" ten="386,236,301,67" step="2"/><T115/><D115/><U83/><E47/><V25/><F25/><W98/><G98/><T14/><D46/><U101/><E1/><V12/><REACH who="2" step="1"/><F3/><REACH who="2" ten="386,236,291,67" step="2"/><W56/><G56/><T28/><D28/><U64/><E0/><V85/><F85/><W68/><G68/><T129/><D129/><U122/><E122/><V130/><F130/><W87/><G87/><T39/><D39/><U77/><E71/><V21/><AGARI ba="1,2" hai="5,8,12,13,18,21,33,35,36,40,45,51,54,58" machi="21" ten="20,5200,0" yaku="1,1,0,1,7,1,52,1,53,0" doraHai="17" doraHaiUra="90" who="2" fromWho="2" sc="386,-27,236,-14,291,75,67,-14" /><INIT seed="5,0,0,3,4,92" ten="359,222,366,53" oya="1" hai0="93,113,69,32,4,62,102,10,47,15,81,20,134" hai1="40,43,86,135,2,28,35,84,112,56,127,1,64" hai2="24,18,94,74,68,39,128,98,25,108,99,53,118" hai3="115,13,73,78,48,5,59,3,111,9,116,44,23"/><U66/><E112/><V16/><F68/><W7/><G115/><T124/><D32/><U27/><E127/><V105/><F118/><W22/><G111/><T55/><D113/><U50/><E135/><V60/><F108/><W51/><G116/><T67/><D124/><U117/><E117/><V103/><F39/><W83/><G5/><T95/><D134/><U65/><E56/><N who="2" m="34831" /><F74/><W80/><G3/><T131/><D131/><U87/><REACH who="1" step="1"/><E50/><REACH who="1" ten="359,212,366,53" step="2"/><V121/><F128/><W119/><G119/><T90/><D69/><U72/><E72/><V8/><F121/><W21/><G51/><T133/><D133/><U96/><E96/><N who="2" m="59799" /><F105/><W130/><G130/><T12/><D62/><U123/><E123/><V37/><F37/><W11/><G11/><T104/><D10/><U49/><E49/><V41/><F8/><W114/><G114/><T97/><D47/><U17/><E17/><V106/><F106/><W30/><G30/><T89/><D97/><N who="2" m="36874" /><F41/><AGARI ba="0,1" hai="1,2,27,28,35,40,41,43,64,65,66,84,86,87" machi="41" ten="40,2000,0" yaku="1,1,53,0" doraHai="92" doraHaiUra="19" who="1" fromWho="2" sc="359,0,212,30,366,-20,53,0" /><INIT seed="5,1,0,3,2,30" ten="359,242,346,53" oya="1" hai0="59,79,124,117,66,60,88,89,105,23,81,37,1" hai1="55,47,77,27,29,91,49,118,31,58,42,21,131" hai2="36,5,25,100,8,15,3,99,95,19,53,132,65" hai3="115,103,10,13,54,85,33,41,116,133,35,57,111"/><U107/><E118/><V108/><F108/><W44/><G111/><T129/><D105/><U87/><E131/><V96/><F36/><W56/><G116/><T109/><D117/><U123/><E123/><V4/><F4/><W125/><G115/><T128/><D109/><U20/><E107/><V112/><F132/><W94/><G133/><T71/><D37/><U11/><E77/><V18/><F112/><W92/><G125/><T69/><D1/><U34/><E11/><V67/><F53/><W122/><G122/><T97/><D124/><U22/><E31/><V101/><F3/><W24/><G24/><T82/><D23/><U63/><REACH who="1" step="1"/><E22/><REACH who="1" ten="359,232,346,53" step="2"/><N who="2" m="13527" /><F5/><W28/><G28/><T134/><D134/><U51/><E51/><V93/><AGARI ba="1,1" hai="8,15,19,65,67,93,95,96,99,100,101" m="13527" machi="93" ten="30,1100,0" yaku="8,1" doraHai="30" who="2" fromWho="2" sc="359,-4,232,-6,346,24,53,-4" /><INIT seed="6,0,0,1,1,35" ten="355,226,370,49" oya="2" hai0="88,118,1,82,51,45,111,5,73,48,53,105,29" hai1="16,58,106,64,79,97,61,43,78,38,92,50,102" hai2="66,109,3,37,49,122,0,41,124,120,127,56,112" hai3="13,133,130,60,135,119,10,103,18,8,4,59,24"/><V62/><F112/><W65/><G119/><T2/><D111/><U125/><E125/><N who="2" m="48203" /><F3/><W44/><G103/><T17/><D118/><U96/><E38/><V99/><F109/><W69/><G130/><T121/><D105/><U95/><E106/><V90/><F90/><W63/><G44/><T128/><D121/><U27/><E43/><V57/><F99/><W47/><G47/><T134/><D134/><U115/><E115/><V21/><F0/><W25/><G135/><T11/><D128/><U42/><E42/><V31/><F21/><W74/><G133/><T89/><D29/><U98/><E50/><V14/><F31/><W87/><G87/><T7/><D17/><U91/><REACH who="1" step="1"/><E97/><REACH who="1" ten="355,216,370,49" step="2"/><V108/><F108/><W12/><REACH who="3" step="1"/><G74/><REACH who="3" ten="355,216,370,39" step="2"/><T72/><D73/><U123/><E123/><V84/><F120/><W94/><G94/><T114/><D72/><U6/><E6/><V46/><F122/><W9/><G9/><T23/><D7/><U36/><E36/><V85/><F37/><W30/><G30/><T116/><D11/><U80/><E80/><V71/><F41/><W93/><G93/><T54/><D5/><U39/><E39/><V126/><F126/><W101/><G101/><T32/><D82/><U107/><E107/><V28/><F28/><W15/><G15/><T110/><D116/><U26/><E26/><V67/><F14/><W104/><G104/><T100/><D114/><U76/><E76/><V129/><F129/><W19/><G19/><T22/><D110/><U86/><E86/><V113/><F85/><W81/><G81/><T68/><D100/><RYUUKYOKU ba="0,2" sc="355,-15,216,15,370,-15,39,15" hai1="16,27,58,61,64,78,79,91,92,95,96,98,102" hai3="4,8,10,12,13,18,24,25,59,60,63,65,69" /><INIT seed="7,1,2,2,2,43" ten="340,231,355,54" oya="3" hai0="41,14,32,120,114,101,109,129,0,30,113,37,10" hai1="36,85,78,13,118,46,107,127,11,103,20,58,70" hai2="47,24,84,33,89,133,56,130,1,131,22,126,15" hai3="96,110,31,59,12,21,88,3,23,7,38,97,67"/><W115/><G38/><T122/><D37/><U128/><E70/><V90/><F1/><W102/><G110/><T95/><D41/><U39/><E118/><V121/><F33/><W75/><G75/><T112/><D109/><U98/><E128/><N who="2" m="49195" /><F121/><N who="0" m="46698" /><D0/><U18/><E58/><V44/><F133/><W91/><G115/><T17/><D129/><U106/><E107/><V54/><F126/><W48/><G3/><T79/><D79/><U45/><E127/><V72/><F15/><W27/><G97/><N who="0" m="59583" /><D30/><U4/><E39/><V81/><F89/><W124/><G124/><T52/><D52/><U132/><E36/><V50/><F72/><W69/><G69/><T62/><D62/><U63/><E63/><V105/><F105/><W73/><G73/><T87/><D87/><U61/><E61/><V9/><F9/><N who="3" m="4159" /><G21/><T8/><D32/><U92/><E132/><V82/><F82/><W135/><G135/><T116/><D116/><U100/><E106/><V49/><F49/><W99/><G99/><T125/><D125/><U53/><E103/><V71/><F71/><W111/><G111/><T51/><D51/><U28/><E53/><V76/><F76/><W64/><G48/><T6/><D10/><U86/><E28/><AGARI ba="1,2" hai="22,24,28,44,47,50,54,56,81,84,90" m="49195" machi="28" ten="30,3900,0" yaku="19,1,52,2" doraHai="43" who="2" fromWho="1" sc="340,0,231,-42,355,62,54,0" owari="340,14.0,189,-21.0,417,52.0,54,-45.0" /></mjloggm>