<mjloggm ver="2.3"><GO type="97" lobby="0"/><UN n0="%E8%B1%86%E7%89%B9%E3%81%BD%E3%81%A3%E3%81%8F%E3%82%93" n1="%E3%82%B7%E3%83%BC%E3%83%9E%31%38%36%36" n2="%E3%82%A6%E3%83%AB%E3%83%88%E3%83%A9%E7%AB%8B%E7%9B%B4" n3="%E3%81%94%E3%82%8A%E3%82%93" dan="13,14,14,14" rate="1929.08,1973.80,1926.81,1972.32" sx="M,M,M,M"/><TAIKYOKU oya="0"/><INIT seed="0,0,0,1,4,27" ten="250,250,250,250" oya="0" hai0="24,9,11,127,35,122,114,83,84,32,13,16,19" hai1="97,8,108,126,70,102,18,57,105,77,74,4,23" hai2="37,115,21,104,31,72,98,128,62,111,132,125,1" hai3="38,80,94,25,2,63,48,14,15,55,20,26,135"/><T88/><D114/><U81/><E70/><V93/><F31/><W87/><G38/><T101/><D122/><U65/><E108/><V109/><F21/><W6/><G2/><T33/><D127/><U73/><E126/><V124/><F62/><W66/><G135/><T75/><D101/><U99/><E99/><V64/><F64/><W45/><G94/><T82/><D75/><U78/><E65/><V120/><F93/><W60/><G6/><T41/><D41/><U46/><E57/><V121/><F98/><W59/><G60/><T100/><D100/><U54/><E78/><V95/><F95/><W53/><G66/><T133/><D133/><U39/><E54/><V3/><F3/><W40/><G40/><T110/><D110/><U76/><E76/><V79/><F79/><N who="3" m="46495" /><G26/><T89/><D24/><U28/><E28/><AGARI ba="0,0" hai="14,15,20,25,28,45,48,53,55,59,63" m="46495" machi="28" ten="30,2000,0" yaku="8,1,52,1" doraHai="27" who="3" fromWho="1" sc="250,0,250,-20,250,0,250,20" /><INIT seed="1,0,0,2,5,65" ten="250,230,250,270" oya="1" hai0="62,128,22,14,123,30,108,89,122,36,60,109,92" hai1="83,110,70,7,119,37,81,44,8,17,104,107,27" hai2="67,1,95,113,34,0,134,39,98,132,105,43,96" hai3="4,103,53,59,73,66,28,10,125,129,88,91,75"/><U69/><E119/><V126/><F34/><W121/><G121/><N who="0" m="46091" /><D36/><U16/><E37/><V101/><F113/><W11/><G129/><T112/><D112/><U40/><E110/><N who="0" m="42601" /><D128/><U124/><E124/><V86/><F126/><W99/><G125/><T100/><D100/><U31/><E40/><V23/><F23/><W116/><G66/><T85/><D30/><U24/><E44/><V3/><F86/><W115/><G116/><T21/><D14/><U42/><E42/><V127/><F127/><W19/><G115/><T50/><D50/><U35/><E8/><V47/><REACH who="2" step="1"/><F67/><REACH who="2" ten="250,230,240,270" step="2"/><W6/><G73/><T25/><D25/><U94/><E31/><V135/><F135/><W106/><G28/><T77/><D77/><U118/><E118/><V74/><F74/><W32/><G75/><T102/><D21/><U20/><E20/><V82/><F82/><W117/><G32/><T12/><D22/><U80/><E35/><V111/><F111/><W33/><G117/><T45/><D85/><U63/><E83/><V46/><F46/><W133/><G33/><T68/><D45/><U79/><E79/><V72/><F72/><W97/><G133/><T29/><D29/><U56/><E81/><V130/><F130/><W71/><G11/><T90/><D12/><U41/><E80/><V131/><F131/><W114/><G10/><T55/><D55/><U93/><E24/><V76/><F76/><W5/><G53/><T54/><D54/><U57/><E27/><V38/><F38/><W9/><G114/><T58/><D58/><U49/><E57/><V64/><F64/><RYUUKYOKU ba="0,1" sc="250,-10,230,-10,240,30,270,-10" hai2="0,1,3,39,43,47,95,96,98,101,105,132,134" /><INIT seed="2,1,1,3,0,132" ten="240,220,270,260" oya="2" hai0="9,74,32,46,97,28,8,118,52,57,125,38,134" hai1="63,112,87,77,0,22,3,69,41,7,92,21,37" hai2="88,101,105,1,58,79,14,133,30,36,129,96,73" hai3="10,109,95,75,93,91,45,120,61,123,68,99,117"/><V113/><F1/><W42/><G75/><T31/><D74/><U107/><E112/><V86/><F36/><W84/><G117/><T39/><D134/><U6/><E107/><V116/><F116/><W29/><G109/><T67/><D118/><U102/><E102/><V85/><F133/><W80/><G29/><T110/><D110/><U18/><E3/><V56/><F113/><W114/><G114/><T15/><D67/><U24/><E0/><V130/><F30/><W5/><G95/><T64/><D64/><U111/><E111/><V2/><F14/><W70/><G120/><T98/><D15/><N who="1" m="9439" /><E37/><V4/><F4/><W25/><G25/><T131/><D57/><U78/><E41/><V104/><F2/><W76/><G61/><T66/><D66/><U26/><E63/><V60/><F56/><W71/><G123/><T23/><D23/><U119/><E69/><V65/><F105/><W19/><G19/><T72/><D72/><U124/><E119/><V44/><F44/><W27/><G27/><N who="1" m="10282" /><E22/><V43/><F43/><W16/><G5/><N who="1" m="1546" /><E124/><V33/><F33/><W54/><G42/><T81/><D125/><U94/><E87/><V13/><F86/><W135/><G135/><T128/><D32/><U108/><E108/><V47/><F47/><W55/><REACH who="3" step="1"/><G45/><REACH who="3" ten="240,220,270,250" step="2"/><T121/><D46/><U82/><E82/><N who="2" m="45423" /><F13/><AGARI ba="1,2" hai="10,13,16,54,55,68,70,71,76,80,84,91,93,99" machi="13" ten="40,2600,0" yaku="1,1,54,1,53,0" doraHai="132" doraHaiUra="103" who="3" fromWho="2" sc="240,0,220,0,270,-29,250,49" /><INIT seed="3,0,0,4,5,84" ten="240,220,241,299" oya="3" hai0="0,125,95,4,71,35,73,40,20,105,107,114,93" hai1="2,99,48,29,117,106,72,19,77,32,22,26,24" hai2="103,101,39,102,110,111,28,31,57,16,122,126,62" hai3="90,83,25,30,49,127,17,133,64,130,10,18,112"/><W91/><G112/><T104/><D35/><U11/><E117/><V100/><N who="2" m="26112" /><DORA hai="38" /><V82/><F122/><W46/><G133/><T58/><D71/><U118/><E106/><V7/><F7/><W54/><G64/><T53/><D73/><U81/><E99/><V80/><F39/><W6/><G130/><T123/><D123/><U61/><E118/><V120/><F120/><W12/><G127/><T92/><D125/><U121/><E121/><V45/><F45/><W47/><G47/><T134/><D134/><U128/><E128/><V5/><F5/><W36/><G36/><T14/><D0/><U115/><E115/><V135/><F16/><W113/><G113/><T67/><D114/><U51/><E2/><V21/><F126/><W55/><G54/><T88/><D105/><U69/><REACH who="1" step="1"/><E11/><REACH who="1" ten="240,210,241,299" step="2"/><V124/><F124/><W116/><G116/><T87/><D107/><U8/><E8/><V9/><F9/><W27/><G10/><T96/><D104/><U44/><E44/><V63/><F135/><W66/><G46/><T131/><D131/><U15/><E15/><V98/><F98/><W132/><G12/><T34/><D4/><U50/><E50/><V43/><F110/><W52/><G49/><T78/><D14/><U42/><E42/><V79/><F111/><W65/><G6/><T33/><D40/><U13/><E13/><V41/><F41/><W97/><G132/><T59/><D96/><U56/><E56/><V108/><F43/><W109/><G97/><T86/><D59/><U94/><E94/><V129/><F57/><W76/><G109/><RYUUKYOKU ba="0,1" sc="240,-10,210,30,241,-10,299,-10" hai1="19,22,24,26,29,32,48,51,61,69,72,77,81" /><INIT seed="4,1,1,1,4,115" ten="230,240,231,289" oya="0" hai0="132,112,3,66,44,120,11,77,82,135,57,7,104" hai1="87,49,130,86,15,14,92,18,62,111,48,4,80" hai2="119,73,101,122,46,83,94,125,10,65,89,126,107" hai3="71,6,0,28,93,134,2,133,63,19,113,42,13"/><T58/><D112/><U74/><E111/><V117/><F122/><W45/><G113/><T102/><D120/><U24/><E74/><V98/><F65/><N who="3" m="41407" /><G28/><T21/><D44/><U36/><E36/><V43/><F10/><N who="3" m="6583" /><G93/><T70/><D70/><U61/><E130/><V5/><F5/><W38/><G6/><T55/><D66/><U35/><E35/><V22/><F22/><W72/><G72/><T50/><D58/><U56/><E4/><V109/><F109/><W39/><G39/><T26/><D102/><U40/><E92/><V75/><F46/><W79/><G79/><T90/><D104/><U30/><E30/><V106/><F43/><W59/><G59/><T33/><D90/><N who="1" m="51527" /><E40/><V1/><F1/><W69/><G69/><T25/><D33/><U53/><E87/><N who="2" m="52543" /><F106/><W29/><G29/><T76/><D76/><U85/><E85/><V60/><F60/><N who="1" m="23145" /><E49/><V51/><F51/><W81/><G81/><T84/><REACH who="0" step="1"/><D21/><AGARI ba="1,1" hai="14,15,18,21,24,48,53,56" m="23145,51527" machi="21" ten="30,1000,0" yaku="8,1" doraHai="115" who="1" fromWho="0" sc="230,-13,240,23,231,0,289,0" /><INIT seed="5,0,0,4,2,73" ten="217,263,231,289" oya="1" hai0="112,132,47,121,50,7,129,119,77,48,102,130,24" hai1="5,4,23,101,21,32,2,120,3,58,122,116,14" hai2="12,72,100,16,118,117,94,56,93,52,41,34,103" hai3="10,135,91,1,97,99,57,13,29,82,53,85,90"/><U74/><E101/><N who="2" m="38987" /><F72/><W76/><G1/><N who="1" m="10" /><E58/><V63/><F34/><W8/><G29/><T81/><D119/><U71/><E71/><V43/><F118/><W17/><G135/><T127/><D132/><U88/><E116/><V60/><F60/><N who="3" m="35887" /><G8/><T51/><D121/><N who="1" m="46699" /><E88/><AGARI ba="0,0" hai="10,13,17,76,82,85,88,90,91,97,99" m="35887" machi="88" ten="30,3900,0" yaku="8,1,52,1,54,1" doraHai="73" who="3" fromWho="1" sc="217,0,263,-39,231,0,289,39" owari="217,-28.0,224,-18.0,231,3.0,328,43.0" /></mjloggm>