<mjloggm ver="2.3"><GO type="97" lobby="0"/><UN n0="%E6%96%B0%E5%AD%90%E2%98%86%E6%86%A7" n1="%2A%E3%81%AE%E3%83%AE%E3%81%AE%2A" n2="%E5%B0%B1%E6%B4%BB%E7%94%9F%40%E5%B7%9D%E6%9D%91%E8%BB%8D%E5%9B%A3" n3="%4D%4F%52%54%41" dan="15,13,14,14" rate="2023.76,1930.81,1968.84,1977.62" sx="M,M,M,M"/><TAIKYOKU oya="0"/><INIT seed="0,0,0,2,2,96" ten="250,250,250,250" oya="0" hai0="99,26,100,113,132,5,57,92,80,79,18,124,104" hai1="112,61,36,28,94,122,120,10,3,19,97,73,106" hai2="135,7,17,101,86,52,23,9,27,21,41,60,11" hai3="81,32,128,129,38,15,6,117,108,85,56,69,37"/><T119/><D113/><U91/><E36/><N who="3" m="13930" /><G69/><T134/><D119/><U82/><E112/><V107/><F135/><N who="0" m="51754" /><D124/><U77/><E28/><N who="2" m="17519" /><F101/><W110/><G32/><T65/><D5/><U50/><E61/><V130/><F107/><W103/><G103/><T68/><D68/><U76/><E50/><V43/><F130/><N who="3" m="50283" /><G117/><T62/><D18/><U127/><E19/><V33/><F33/><W126/><G126/><T105/><D26/><U87/><E10/><N who="2" m="3595" /><F86/><AGARI ba="0,0" hai="57,62,65,79,80,86,92,99,100,104,105" m="51754" machi="86" ten="30,2900,0" yaku="20,1,52,1" doraHai="96" who="0" fromWho="2" sc="250,29,250,0,250,-29,250,0" /><INIT seed="0,1,0,1,2,12" ten="279,250,221,250" oya="0" hai0="88,104,1,32,60,109,121,127,95,16,51,52,24" hai1="81,134,91,47,49,21,25,57,18,48,63,120,87" hai2="27,40,31,19,2,132,7,100,98,72,37,97,50" hai3="23,80,61,55,17,9,11,103,64,96,129,94,114"/><T113/><D121/><U133/><E120/><V118/><F72/><W99/><G114/><T112/><D127/><U78/><E133/><V125/><F37/><W110/><G110/><T86/><D104/><U39/><E134/><V130/><F118/><W74/><G129/><T62/><D1/><U26/><E39/><V34/><F132/><W119/><G119/><T108/><D112/><U4/><E4/><V66/><F125/><W59/><G64/><T29/><D113/><U14/><E49/><V93/><F66/><W71/><G71/><T53/><D53/><U0/><E0/><V135/><F135/><W44/><G44/><T35/><D35/><U30/><E30/><V116/><F116/><W83/><G96/><T131/><D131/><U106/><E106/><V67/><F67/><W69/><G69/><T45/><REACH who="0" step="1"/><D16/><REACH who="0" ten="269,250,221,250" step="2"/><N who="1" m="10391" /><E78/><V5/><F19/><W38/><G74/><T33/><D33/><U15/><E57/><V58/><F2/><W123/><G123/><T117/><D117/><U56/><E56/><V102/><F58/><W43/><G43/><T41/><D41/><N who="1" m="24687" /><E63/><AGARI ba="1,1" hai="24,29,32,45,51,52,60,62,63,86,88,95,108,109" machi="63" ten="40,7700,0" yaku="1,1,54,2,53,0" doraHai="12" doraHaiUra="68" who="0" fromWho="1" sc="269,90,250,-80,221,0,250,0" /><INIT seed="0,2,0,0,5,45" ten="359,170,221,250" oya="0" hai0="73,52,105,59,100,76,54,106,91,116,94,119,85" hai1="95,47,18,118,110,33,34,80,2,40,39,15,104" hai2="3,38,48,84,98,16,126,125,8,27,117,78,69" hai3="41,42,35,49,25,4,99,13,20,55,92,9,74"/><T31/><D31/><U75/><E104/><V120/><F38/><W103/><G74/><T23/><D23/><U88/><E118/><V96/><F117/><W50/><G35/><T90/><D54/><U122/><E122/><V72/><F120/><W134/><G134/><T65/><D65/><U130/><E130/><V26/><F72/><W29/><REACH who="3" step="1"/><G50/><REACH who="3" ten="359,170,221,240" step="2"/><T30/><D119/><U68/><E110/><V101/><F48/><W19/><G19/><T17/><D116/><U124/><E124/><V113/><F16/><W111/><G111/><T81/><D17/><U87/><E68/><V24/><F69/><W77/><G77/><T6/><D30/><U71/><E71/><V115/><F78/><W58/><AGARI ba="2,1" hai="4,9,13,20,25,29,41,42,49,55,58,92,99,103" machi="58" ten="20,12000,2" yaku="1,1,0,1,7,1,8,1,52,1,53,1" doraHai="45" doraHaiUra="51" who="3" fromWho="3" sc="359,-62,170,-32,221,-32,240,136" /><INIT seed="1,0,0,4,3,0" ten="297,138,189,376" oya="1" hai0="87,18,92,118,130,26,83,96,21,6,13,56,20" hai1="119,113,12,53,123,19,107,135,59,101,8,122,89" hai2="17,62,131,27,11,23,25,132,45,41,58,15,129" hai3="106,112,75,80,104,46,76,120,7,31,32,36,116"/><U57/><E119/><V99/><F132/><W42/><G112/><T85/><D118/><U40/><E113/><V77/><F77/><W60/><G116/><T63/><D130/><U102/><E135/><V69/><F69/><W47/><G120/><T28/><D83/><U35/><E35/><V82/><F82/><W39/><G60/><T34/><D34/><U3/><E3/><V103/><F129/><W1/><G31/><T109/><D109/><U4/><E40/><V81/><F131/><W95/><G95/><T90/><REACH who="0" step="1"/><D6/><REACH who="0" ten="287,138,189,376" step="2"/><U71/><E123/><V54/><F81/><W64/><G32/><T88/><D88/><U73/><E122/><V48/><REACH who="2" step="1"/><F11/><REACH who="2" ten="287,138,179,376" step="2"/><N who="3" m="2543" /><G64/><AGARI ba="0,2" hai="13,18,20,21,26,28,56,63,64,85,87,90,92,96" machi="64" ten="30,3900,0" yaku="1,1,7,1,8,1,53,0" doraHai="0" doraHaiUra="38" who="0" fromWho="3" sc="287,59,138,0,179,0,376,-39" /><INIT seed="2,0,0,5,0,109" ten="346,138,179,337" oya="2" hai0="117,32,25,57,7,123,130,97,119,134,80,115,33" hai1="15,26,87,51,16,67,37,111,110,79,69,99,82" hai2="58,104,63,100,17,22,8,42,122,11,21,68,133" hai3="124,27,56,94,101,93,45,73,9,59,10,39,108"/><V52/><F122/><W20/><G73/><T113/><D123/><U5/><E37/><V106/><F133/><W78/><G108/><T135/><D97/><U6/><E110/><V46/><F68/><W49/><G124/><T31/><D80/><U90/><E111/><V114/><F114/><N who="0" m="43530" /><D130/><U54/><E67/><V3/><F21/><W120/><G39/><T66/><D7/><U24/><E69/><V95/><F95/><W29/><G120/><T98/><D98/><U77/><E77/><V72/><F72/><W118/><G118/><N who="0" m="45067" /><D57/><N who="3" m="22089" /><G78/><T28/><D66/><U30/><E24/><AGARI ba="0,0" hai="24,25,28,31,32,33,134,135" m="45067,43530" machi="24" ten="40,12000,2" yaku="12,1,23,1,34,2,52,3" doraHai="109" who="0" fromWho="1" sc="346,120,138,-120,179,0,337,0" /><INIT seed="3,0,0,5,1,130" ten="466,18,179,337" oya="3" hai0="11,64,0,94,36,86,37,43,99,7,28,121,60" hai1="97,32,55,13,80,123,90,118,115,29,20,125,78" hai2="38,132,69,27,54,47,108,101,95,126,14,19,63" hai3="129,49,111,66,45,6,112,17,68,18,33,16,62"/><W42/><G129/><T76/><BYE who="1" /><D121/><U71/><E71/><V70/><F27/><W100/><G112/><T124/><D124/><U114/><E114/><V2/><F2/><W5/><G33/><T88/><D43/><U74/><E74/><V105/><F105/><W52/><G100/><T58/><D28/><U9/><E9/><V12/><F101/><W131/><G131/><T34/><D34/><U40/><E40/><V56/><F95/><W15/><G15/><T51/><D51/><U72/><E72/><V116/><F116/><W82/><G111/><T92/><D76/><U24/><E24/><V50/><F14/><W10/><G10/><T67/><D67/><U8/><E8/><V75/><F75/><W102/><G102/><AGARI ba="0,0" hai="0,7,11,36,37,58,60,64,86,88,92,94,99,102" machi="102" ten="30,2000,0" yaku="7,1,54,1" doraHai="130" who="0" fromWho="3" sc="466,20,18,0,179,0,337,-20" owari="486,58.0,18,-48.0,179,-22.0,317,12.0" /></mjloggm>