<mjloggm ver="2.3"><GO type="193" lobby="0"/><UN n0="%E5%B0%B1%E6%B4%BB%E7%94%9F%40%E5%B7%9D%E6%9D%91%E8%BB%8D%E5%9B%A3" n1="%E3%81%AB%E3%81%97%E3%81%8F%E3%82%93%EF%BC%A0%53%45" n2="%E3%82%B6%E3%83%BB%E3%82%B4%E3%83%9F" n3="%4B%61%74%61%6D%61%72%69" dan="12,12,12,13" rate="1817.65,1709.04,1697.30,1773.92" sx="M,M,M,F"/><TAIKYOKU oya="0"/><INIT seed="0,0,0,0,3,101" ten="250,250,250,250" oya="0" hai0="16,4,1,57,51,55,19,20,60,81,31,59,79" hai1="112,73,14,15,102,117,52,132,50,129,2,77,98" hai2="113,22,45,84,105,103,32,83,126,99,125,114,61" hai3="97,49,92,118,69,10,88,36,78,64,87,104,96"/><T0/><D31/><U135/><E117/><V131/><F32/><W34/><G36/><T12/><D19/><U42/><E42/><V94/><F45/><W13/><G34/><T107/><D4/><U76/><E2/><V110/><F61/><W95/><G118/><T91/><D91/><U106/><E129/><V134/><F22/><W9/><G9/><T26/><D26/><U111/><E111/><V48/><F48/><W53/><G104/><T85/><REACH who="0" step="1"/><D107/><REACH who="0" ten="240,250,250,250" step="2"/><U6/><E6/><V75/><F131/><W115/><G115/><N who="2" m="44041" /><F134/><N who="1" m="51241" /><E112/><V28/><F28/><W89/><G78/><N who="1" m="30314" /><E73/><V65/><F75/><W24/><G24/><T3/><D3/><U44/><AGARI ba="0,1" hai="14,15,44,50,52,98,102,106" m="30314,51241" machi="44" ten="30,4000,0" yaku="20,1,52,1,54,1" doraHai="101" who="1" fromWho="1" sc="240,-20,250,50,250,-10,250,-10" /><INIT seed="1,0,0,1,1,5" ten="220,300,240,240" oya="1" hai0="119,98,43,12,13,22,115,51,9,35,68,73,14" hai1="6,103,67,62,30,44,49,78,56,65,60,114,20" hai2="45,27,122,82,7,47,107,10,55,79,38,95,61" hai3="106,109,24,134,133,99,90,21,111,72,84,71,3"/><U2/><E114/><V8/><F107/><W112/><G71/><T39/><D39/><U48/><E78/><V101/><F122/><W118/><G3/><T75/><D35/><U70/><E103/><V37/><F38/><W88/><G72/><T89/><D115/><U64/><E30/><V126/><F37/><W15/><G15/><T29/><D68/><N who="1" m="41991" /><E20/><V74/><F126/><W32/><G32/><T0/><D119/><U86/><E86/><V80/><F80/><W63/><G63/><T128/><D128/><U34/><E6/><V121/><F27/><W130/><G130/><T120/><D120/><U132/><E2/><V102/><F7/><W40/><G40/><T110/><D110/><N who="3" m="41993" /><G118/><T131/><D131/><U26/><E26/><V81/><F121/><W87/><G112/><T83/><D73/><U77/><E77/><V100/><F74/><W69/><G69/><T129/><D129/><U125/><E34/><V117/><F79/><W135/><G24/><N who="0" m="16535" /><D75/><U50/><E132/><V94/><F117/><W18/><G18/><N who="0" m="8463" /><D0/><U11/><E11/><N who="2" m="4139" /><F55/><W116/><G21/><T97/><D83/><N who="2" m="31754" /><F61/><W19/><G19/><T85/><D13/><U46/><E125/><V93/><AGARI ba="0,0" hai="45,47,93,94,95,100,101,102" m="31754,4139" machi="93" ten="40,12000,2" yaku="28,2,8,1,52,3" doraHai="5" who="2" fromWho="2" sc="220,-30,300,-60,240,120,240,-30" /><INIT seed="2,0,0,5,1,45" ten="190,240,360,210" oya="2" hai0="97,82,124,13,51,64,46,131,18,2,93,49,109" hai1="30,77,31,94,80,117,7,59,9,35,44,73,26" hai2="50,25,107,4,0,36,65,52,114,113,42,78,122" hai3="90,98,62,100,115,41,133,79,102,103,75,99,125"/><V55/><F107/><W119/><G115/><T121/><D2/><U71/><E71/><V110/><F122/><W39/><G119/><T3/><D3/><U96/><E117/><V54/><F36/><W67/><G39/><T84/><D121/><U63/><E31/><V95/><F4/><W32/><G32/><T33/><D33/><U11/><E7/><V12/><F0/><W116/><G116/><T128/><D109/><U135/><E135/><V106/><F106/><W47/><G133/><T66/><D124/><U89/><REACH who="1" step="1"/><E44/><REACH who="1" ten="190,230,360,210" step="2"/><N who="2" m="25879" /><F114/><W104/><G47/><T37/><D37/><U21/><E21/><V53/><F113/><W72/><G125/><T69/><D69/><U15/><E15/><V23/><F110/><W60/><G104/><T111/><D111/><U34/><E34/><V70/><F12/><W29/><G29/><T43/><D128/><U20/><E20/><V81/><F70/><W58/><G41/><T127/><D131/><U126/><E126/><V83/><F23/><W134/><G134/><T16/><D127/><U91/><E91/><V88/><F25/><W120/><G90/><N who="0" m="55479" /><D13/><U24/><E24/><V129/><F129/><W48/><G120/><T61/><D46/><U87/><E87/><V76/><F76/><W27/><G99/><T57/><D43/><U8/><E8/><V14/><F78/><W112/><G98/><T108/><D108/><U1/><E1/><V22/><F14/><W10/><G112/><T101/><D101/><U86/><E86/><N who="2" m="52631" /><F22/><W85/><G85/><T74/><D84/><U130/><E130/><V6/><F81/><RYUUKYOKU ba="0,1" sc="190,-10,230,30,360,-10,210,-10" hai1="9,11,26,30,35,59,63,73,77,80,89,94,96" /><INIT seed="3,1,1,4,0,67" ten="180,260,350,200" oya="3" hai0="6,72,18,4,83,95,112,117,75,42,104,32,51" hai1="103,30,121,99,98,19,58,97,114,115,71,105,77" hai2="3,120,65,0,7,57,92,123,34,24,66,94,56" hai3="93,64,11,10,111,60,127,102,53,33,118,49,48"/><W2/><G118/><T5/><D104/><U119/><E121/><N who="2" m="46667" /><F7/><W15/><G33/><T79/><D117/><U46/><E119/><V74/><F34/><W35/><G35/><T39/><D32/><U129/><E30/><V100/><F24/><W17/><G127/><T26/><D39/><U38/><E129/><V87/><F74/><W110/><G93/><N who="2" m="35945" /><F100/><W70/><G102/><T82/><D112/><U29/><E29/><V90/><F3/><W125/><G125/><T43/><D95/><U122/><E77/><V25/><F25/><W13/><G2/><T62/><D62/><U116/><E116/><V69/><F0/><W89/><G89/><T109/><D109/><N who="3" m="41481" /><G53/><T44/><D42/><U135/><E58/><N who="2" m="22635" /><F69/><W132/><G132/><T47/><D47/><U41/><E71/><V73/><F73/><W28/><G28/><T131/><D131/><U130/><E135/><V101/><F101/><W14/><G14/><T22/><D75/><U134/><E134/><V37/><F37/><W113/><G113/><T23/><D72/><U107/><E130/><V12/><F12/><W106/><G106/><T61/><D61/><U52/><E122/><V20/><F20/><W91/><G91/><T86/><D23/><U124/><E124/><V1/><F1/><W50/><G15/><T133/><D133/><U54/><E107/><V31/><F31/><W81/><G81/><AGARI ba="1,1" hai="4,5,6,18,22,26,43,44,51,79,81,82,83,86" machi="81" ten="40,1300,0" yaku="8,1" doraHai="67" who="0" fromWho="3" sc="180,26,260,0,350,0,200,-16" /><AGARI ba="1,0" hai="65,66,81,87,90" m="22635,35945,46667" machi="81" ten="30,1000,0" yaku="13,1" doraHai="67" who="2" fromWho="3" sc="206,0,260,0,350,10,184,-10" owari="206,-19.0,260,6.0,360,46.0,174,-33.0" /></mjloggm>