<mjloggm ver="2.3"><GO type="41" lobby="0"/><UN n0="%53%41%4E%4E%53%41" n1="%E3%82%A6%E3%83%AB%E3%83%88%E3%83%A9%E7%AB%8B%E7%9B%B4" n2="%73%61%69%72%61%73%75" n3="%6B%77%6C%61%75" dan="13,15,15,14" rate="1817.71,2022.27,1993.72,1981.97" sx="M,M,M,F"/><TAIKYOKU oya="0"/><INIT seed="0,0,0,3,5,102" ten="250,250,250,250" oya="0" hai0="1,76,109,11,64,128,132,18,7,43,42,93,57" hai1="122,37,68,85,123,116,3,127,44,92,32,55,91" hai2="81,46,23,24,27,39,105,16,8,41,48,13,35" hai3="56,60,34,31,17,103,69,89,52,28,94,113,63"/><T9/><D132/><U59/><E3/><V77/><F105/><W124/><G113/><T58/><D128/><U134/><E32/><V135/><F135/><W33/><G124/><T129/><D129/><U90/><E134/><V99/><F99/><W83/><G103/><T61/><D109/><U47/><E68/><V20/><F35/><W36/><G36/><T112/><D112/><U49/><E116/><V50/><F23/><W4/><G4/><T14/><D76/><U131/><E131/><V115/><F115/><W121/><G121/><T62/><REACH who="0" step="1"/><D93/><REACH who="0" ten="240,250,250,250" step="2"/><U29/><E123/><V54/><F39/><W74/><G94/><T38/><D38/><U15/><E122/><V0/><F0/><W40/><G83/><T12/><D12/><U5/><E37/><V21/><F27/><W100/><G74/><T51/><D51/><U2/><E2/><V126/><F24/><W88/><G63/><T79/><D79/><U97/><E127/><V10/><F126/><W133/><G60/><T95/><D95/><U6/><E15/><V25/><F81/><W98/><G133/><T22/><D22/><U117/><E117/><V75/><F77/><W70/><G33/><T26/><D26/><U65/><E91/><V66/><F75/><W73/><G34/><T130/><D130/><U87/><E87/><V45/><REACH who="2" step="1"/><F66/><AGARI ba="0,1" hai="1,7,9,11,14,18,42,43,57,58,61,62,64,66" machi="66" ten="30,5800,0" yaku="1,1,7,1,9,1,53,0" doraHai="102" doraHaiUra="125" who="0" fromWho="2" sc="240,68,250,0,250,-58,250,0" /><INIT seed="0,1,0,0,5,21" ten="308,250,192,250" oya="0" hai0="8,108,135,127,52,79,46,39,98,120,66,113,73" hai1="70,92,121,64,114,27,16,49,100,132,13,88,60" hai2="85,74,86,99,40,112,54,22,82,71,38,47,130" hai3="101,134,83,56,133,84,93,35,3,29,36,69,6"/><T76/><D113/><U106/><E121/><V126/><F112/><W50/><G69/><T26/><D120/><U115/><E132/><N who="3" m="50794" /><G36/><T90/><D135/><U104/><E114/><V19/><F71/><W5/><G3/><T42/><D127/><U0/><E0/><V34/><F34/><W95/><G56/><T123/><D123/><U51/><E115/><V91/><F130/><W128/><G50/><T72/><D108/><U11/><E27/><V25/><F126/><W31/><G128/><T77/><D8/><U43/><E100/><V119/><F119/><W24/><G31/><T107/><D66/><U110/><E110/><V10/><F74/><W37/><G37/><T23/><D52/><U67/><E67/><V58/><F10/><W32/><G32/><T97/><D97/><U57/><E51/><V118/><F118/><W4/><G101/><T2/><D2/><U18/><E18/><V131/><F131/><W14/><G14/><T109/><D109/><U89/><E89/><AGARI ba="1,0" hai="4,5,6,24,29,35,83,84,89,93,95" m="50794" machi="89" ten="30,2000,0" yaku="20,1,52,1" doraHai="21" who="3" fromWho="1" sc="308,0,250,-23,192,0,250,23" /><INIT seed="1,0,0,4,3,53" ten="308,227,192,273" oya="1" hai0="71,54,51,49,10,3,69,101,4,1,112,125,123" hai1="18,113,110,36,60,20,5,38,70,76,7,39,37" hai2="122,105,47,34,128,25,21,12,129,132,81,6,26" hai3="99,40,48,35,68,117,111,127,85,135,2,13,106"/><U43/><E113/><V52/><F105/><W67/><G2/><T104/><D112/><U74/><E110/><V61/><F122/><W134/><G111/><T98/><D123/><U55/><N who="1" m="9728" /><DORA hai="65" /><U83/><E43/><V116/><F116/><W30/><G117/><T29/><D125/><U58/><REACH who="1" step="1"/><E70/><REACH who="1" ten="308,217,192,273" step="2"/><V62/><F129/><W91/><G40/><T46/><D1/><U41/><E41/><V82/><F128/><W66/><G127/><T57/><REACH who="0" step="1"/><D29/><REACH who="0" ten="298,217,192,273" step="2"/><U50/><E50/><V108/><F108/><W121/><G48/><T77/><D77/><U80/><E80/><V32/><F82/><W19/><G121/><T56/><D56/><U88/><E88/><V95/><F81/><W131/><G131/><T92/><D92/><U119/><E119/><V103/><F95/><W17/><G30/><T45/><D45/><U31/><E31/><V15/><F47/><W90/><G90/><T22/><D22/><U133/><E133/><V114/><F132/><W97/><G91/><T0/><D0/><U109/><E109/><V16/><F21/><W94/><G94/><T8/><D8/><U118/><E118/><V120/><F120/><W33/><G106/><T102/><D102/><U130/><E130/><V93/><F103/><W73/><G134/><T75/><D75/><U28/><E28/><V100/><F93/><W78/><G135/><T124/><D124/><U42/><E42/><AGARI ba="0,2" hai="3,4,10,42,46,49,51,54,57,69,71,98,101,104" machi="42" ten="30,8000,1" yaku="1,1,7,1,52,3,53,0" doraHai="53,65" doraHaiUra="59,27" who="0" fromWho="1" sc="298,100,217,-80,192,0,273,0" /><INIT seed="2,0,0,5,5,61" ten="398,137,192,273" oya="2" hai0="35,11,111,16,8,47,81,68,112,79,45,36,127" hai1="48,116,65,27,131,108,106,22,55,37,2,51,101" hai2="74,105,41,43,26,115,129,71,24,86,62,53,123" hai3="38,78,12,103,34,33,98,7,99,100,52,1,64"/><V9/><F74/><W73/><G38/><T94/><D35/><U56/><E2/><V42/><F115/><W82/><G12/><T132/><D112/><U49/><E37/><V119/><F105/><W66/><G1/><T5/><D111/><U77/><E116/><V96/><F123/><W58/><G7/><T57/><D127/><U97/><E108/><V3/><F96/><W50/><G34/><T124/><D132/><U107/><E107/><V18/><F129/><W133/><G33/><T10/><D124/><U29/><E77/><V128/><F128/><W113/><G133/><T0/><D68/><U91/><E131/><V93/><F119/><W114/><G113/><T30/><D30/><U95/><E106/><V63/><F3/><W120/><G120/><T44/><D57/><U67/><E91/><N who="2" m="53495" /><F71/><W85/><G73/><T121/><D121/><U60/><AGARI ba="0,0" hai="22,27,29,48,49,51,55,56,60,65,67,95,97,101" machi="60" ten="30,7900,0" yaku="0,1,8,1,52,2" doraHai="61" who="1" fromWho="1" sc="398,-20,137,79,192,-39,273,-20" /><INIT seed="3,0,0,3,3,35" ten="378,216,153,253" oya="3" hai0="116,79,63,100,73,86,22,128,70,92,88,42,74" hai1="108,32,51,62,121,57,75,29,20,28,56,13,50" hai2="25,90,40,0,10,52,101,53,16,78,71,72,105" hai3="87,55,41,103,38,30,46,49,65,15,34,60,61"/><W93/><G34/><T81/><D70/><U66/><E75/><V3/><F71/><W91/><G30/><T97/><D63/><U67/><E108/><V7/><F105/><W1/><G1/><T54/><D42/><U26/><E121/><V4/><F101/><W80/><G103/><T120/><D54/><U5/><E5/><V115/><F115/><W2/><G2/><T98/><D22/><U11/><E11/><V68/><F68/><W69/><G60/><T127/><D120/><U126/><E126/><V44/><F90/><W106/><G106/><N who="0" m="63759" /><D127/><U131/><E131/><V89/><F89/><W83/><REACH who="3" step="1"/><G15/><REACH who="3" ten="378,216,153,243" step="2"/><T18/><D128/><U122/><E122/><V110/><F110/><W33/><G33/><T114/><D114/><U117/><E13/><V84/><F0/><W39/><G39/><T134/><D116/><U104/><E117/><V135/><F3/><W48/><G48/><T45/><D18/><U129/><E129/><V124/><F124/><W119/><G119/><T43/><D134/><U94/><E32/><V21/><F135/><W102/><G102/><T14/><D14/><U77/><E29/><V118/><F118/><W47/><AGARI ba="0,1" hai="38,41,46,47,49,55,61,65,69,80,83,87,91,93" machi="47" ten="20,7800,0" yaku="1,1,0,1,7,1,53,1" doraHai="35" doraHaiUra="64" who="3" fromWho="3" sc="378,-26,216,-26,153,-26,243,88" /><INIT seed="3,1,0,0,5,23" ten="352,190,127,331" oya="3" hai0="7,33,71,94,42,110,17,12,92,3,106,32,61" hai1="19,24,107,104,124,30,108,129,96,69,0,123,56" hai2="47,9,6,55,77,119,31,85,68,133,100,46,67" hai3="2,132,43,52,54,88,102,93,111,11,73,103,120"/><W97/><G120/><T130/><D106/><U38/><E96/><V113/><F113/><W15/><G73/><T117/><D3/><U36/><E56/><V128/><F128/><W28/><G2/><T64/><D7/><U78/><E19/><V72/><F133/><W48/><G132/><T4/><D130/><U27/><E78/><V62/><F119/><W45/><G111/><T109/><D4/><U8/><E30/><V25/><F72/><W89/><G28/><T114/><D42/><U131/><E69/><V121/><F121/><W126/><G126/><T115/><D117/><U5/><E5/><V10/><F10/><W75/><G75/><T80/><D80/><U112/><E8/><V53/><F100/><N who="3" m="38443" /><G89/><T76/><D76/><U57/><E57/><V105/><F105/><W39/><G39/><T51/><D51/><U79/><E79/><V20/><F47/><W37/><G37/><T101/><D101/><U82/><E0/><V74/><F74/><W86/><G86/><T13/><D13/><U98/><E123/><V134/><F46/><W84/><G84/><T81/><D81/><U21/><E82/><N who="2" m="47311" /><F134/><W44/><G44/><T87/><D87/><U50/><E98/><V14/><F68/><W22/><G22/><T83/><D83/><U70/><E21/><V16/><F31/><W26/><G26/><T40/><D40/><U90/><E70/><N who="2" m="42359" /><F25/><W65/><G65/><T35/><D109/><U49/><E108/><V63/><F20/><W66/><G66/><T122/><D110/><U41/><E38/><V60/><F6/><AGARI ba="1,0" hai="6,11,15,43,45,48,52,54,88,93,97" m="38443" machi="6" ten="30,5800,0" yaku="8,1,54,2" doraHai="23" who="3" fromWho="2" sc="352,0,190,0,127,-61,331,61" /><INIT seed="3,2,0,4,4,125" ten="352,190,66,392" oya="3" hai0="103,30,40,118,11,51,131,58,117,15,135,18,98" hai1="86,129,90,84,127,113,53,31,70,134,93,111,109" hai2="72,44,110,108,43,60,100,122,36,50,74,78,32" hai3="1,67,132,89,97,21,59,25,96,91,22,34,121"/><W62/><G1/><T99/><D30/><U92/><E70/><V7/><F100/><W17/><G121/><T24/><D24/><U9/><E31/><V47/><F32/><W94/><G34/><T26/><D26/><U112/><E9/><V128/><F122/><W115/><G132/><T104/><D135/><U39/><E53/><V79/><F60/><W19/><G115/><T33/><D33/><U38/><E134/><V77/><F7/><W3/><G3/><T12/><D131/><U66/><E66/><V23/><F23/><W16/><G22/><T64/><D64/><U8/><E8/><V68/><F68/><W102/><REACH who="3" step="1"/><G89/><REACH who="3" ten="352,190,66,382" step="2"/><T133/><D133/><U5/><E90/><V41/><REACH who="2" step="1"/><F128/><REACH who="2" ten="352,190,56,382" step="2"/><W116/><G116/><T105/><D117/><U76/><E129/><V126/><F126/><W13/><G13/><T52/><D15/><U4/><E127/><V54/><F54/><W55/><G55/><T27/><D118/><U37/><E113/><V101/><F101/><W123/><G123/><T20/><D40/><U10/><E112/><V73/><AGARI ba="2,2" hai="36,41,43,44,47,50,72,73,74,77,78,79,108,110" machi="73" ten="40,2700,0" yaku="1,1,0,1,53,0" doraHai="125" doraHaiUra="82" who="2" fromWho="2" sc="352,-9,190,-9,56,53,382,-15" /><INIT seed="4,0,0,1,4,84" ten="343,181,109,367" oya="0" hai0="46,12,18,52,16,4,78,28,116,83,76,36,91" hai1="56,134,92,1,41,58,86,96,97,31,15,74,70" hai2="37,67,20,77,94,119,51,131,21,90,38,34,73" hai3="109,130,63,14,132,40,44,124,47,42,135,8,129"/><T123/><D123/><U112/><E74/><V0/><F0/><W93/><G93/><T2/><D116/><U80/><E70/><V39/><F34/><W66/><G14/><T103/><D2/><U50/><E1/><V19/><F119/><W89/><G89/><T98/><D103/><U48/><E134/><N who="3" m="51242" /><G8/><N who="0" m="4103" /><D28/><U45/><E112/><V75/><F67/><W101/><G101/><T111/><D36/><U102/><E31/><V49/><F131/><N who="3" m="50187" /><G109/><T99/><D111/><U9/><E96/><N who="0" m="36905" /><D76/><U27/><E50/><N who="2" m="18955" /><F77/><W53/><G53/><T32/><D32/><U10/><E10/><V105/><F105/><W104/><G104/><T62/><D78/><U59/><E27/><V110/><F110/><W117/><G117/><T127/><D127/><U5/><REACH who="1" step="1"/><E58/><REACH who="1" ten="343,171,109,367" step="2"/><V23/><F19/><W57/><G124/><T121/><D121/><U118/><E118/><V65/><F73/><W106/><G106/><T11/><D11/><U114/><E114/><V120/><F75/><W33/><G33/><T55/><D46/><AGARI ba="0,1" hai="40,42,44,46,47,57,63,66" m="50187,51242" machi="46" ten="30,7700,0" yaku="20,1,19,1,34,2" doraHai="84" who="3" fromWho="0" sc="343,-77,171,0,109,0,367,87" /><INIT seed="5,0,0,4,3,110" ten="266,171,109,454" oya="1" hai0="36,49,118,85,72,9,105,89,82,25,24,71,79" hai1="134,88,106,68,121,12,95,83,52,10,0,98,117" hai2="87,131,107,94,74,30,123,76,23,17,47,27,100" hai3="59,5,56,53,92,54,58,3,70,126,103,18,130"/><U80/><E68/><V102/><F123/><W69/><G5/><T113/><D71/><N who="3" m="27145" /><G3/><T65/><D36/><U33/><E33/><V26/><F131/><W111/><G18/><T86/><D65/><U91/><E121/><V127/><F127/><W128/><G92/><T112/><D118/><U40/><E134/><V125/><F125/><W46/><G103/><T62/><D105/><U32/><E32/><V29/><F74/><W48/><G126/><T21/><D62/><U116/><E106/><V44/><F107/><W11/><G11/><T1/><D1/><U57/><E40/><V75/><F75/><W34/><G34/><T2/><D2/><U7/><E0/><V73/><F73/><W109/><G54/><T99/><D99/><U66/><E66/><V120/><F120/><W93/><G93/><T42/><D9/><U129/><E129/><AGARI ba="0,0" hai="46,48,53,56,58,59,109,111,128,129,130" m="27145" machi="129" ten="40,5200,0" yaku="19,1,34,2" doraHai="110" who="3" fromWho="1" sc="266,0,171,-52,109,0,454,52" /><INIT seed="6,0,0,4,1,112" ten="266,119,109,506" oya="2" hai0="62,79,11,101,64,86,115,84,127,106,91,67,2" hai1="94,53,24,77,128,18,118,114,9,6,32,121,52" hai2="99,80,81,103,66,29,4,41,75,19,55,82,110" hai3="35,36,133,12,134,130,61,63,120,60,48,23,113"/><V43/><F110/><W108/><G35/><T10/><D115/><U85/><E114/><V15/><F75/><W90/><G113/><T16/><D127/><U57/><E128/><V76/><F76/><W26/><G108/><T116/><D2/><U87/><E121/><V59/><F29/><W93/><G120/><T126/><D106/><U124/><E124/><V13/><F66/><W68/><G36/><T111/><D126/><U131/><E131/><V20/><F4/><W100/><G100/><T44/><D111/><U83/><E118/><V74/><F74/><W58/><G12/><T97/><D101/><U96/><E87/><V3/><F3/><W25/><G130/><T51/><D97/><U40/><E40/><V105/><REACH who="2" step="1"/><F15/><REACH who="2" ten="266,119,99,506" step="2"/><W39/><G68/><T98/><D67/><U119/><E119/><V46/><F46/><W5/><G5/><T78/><D116/><U42/><E32/><V125/><F125/><W8/><G8/><T0/><D0/><U117/><E117/><V45/><F45/><W38/><G26/><T123/><D123/><U107/><E24/><V34/><F34/><W129/><G129/><T104/><D78/><U47/><E18/><V72/><F72/><W69/><G69/><T49/><D79/><U95/><E57/><V122/><F122/><W22/><G25/><T65/><D44/><U1/><E42/><V14/><F14/><W7/><G58/><T88/><D16/><U37/><E37/><V92/><F92/><N who="1" m="35369" /><E47/><V135/><F135/><N who="3" m="51723" /><G38/><T30/><D104/><U28/><E28/><V132/><F132/><W56/><G39/><RYUUKYOKU ba="0,1" sc="266,-15,119,15,99,15,506,-15" hai1="1,6,9,52,53,77,83,85,96,107" hai2="13,19,20,41,43,55,59,80,81,82,99,103,105" /><INIT seed="6,1,1,2,0,124" ten="251,134,114,491" oya="2" hai0="30,49,99,116,14,117,41,76,92,120,55,86,126" hai1="93,131,94,85,66,79,95,47,42,91,51,89,130" hai2="38,57,15,90,104,132,133,72,35,74,53,105,39" hai3="31,97,102,78,83,129,52,1,43,70,110,24,96"/><V65/><F35/><W122/><G110/><T123/><D126/><U125/><E125/><V48/><F65/><W101/><G122/><T6/><D41/><U108/><E108/><V73/><F15/><W61/><G1/><T128/><D30/><U36/><E66/><V22/><F22/><W84/><G43/><T111/><D6/><U4/><E4/><V64/><F64/><W115/><G70/><T88/><D14/><U40/><E40/><V98/><F90/><W80/><G80/><N who="0" m="47367" /><D49/><U119/><E119/><N who="0" m="45641" /><D55/><U121/><E121/><N who="0" m="46665" /><D111/><U67/><E67/><V33/><F33/><W135/><G135/><N who="2" m="51785" /><F98/><W5/><G5/><T69/><D69/><U8/><E8/><V11/><F11/><W60/><G52/><T19/><D19/><U118/><E118/><V114/><F114/><W2/><G115/><T9/><D9/><U44/><E36/><AGARI ba="1,1" hai="36,38,39,48,53,57,72,73,74,104,105" m="51785" machi="36" ten="40,2000,0" yaku="20,1" doraHai="124" who="2" fromWho="1" sc="251,0,134,-23,114,33,491,0" /><INIT seed="6,2,0,4,4,113" ten="251,111,147,491" oya="2" hai0="29,60,133,83,77,99,109,19,50,112,114,132,96" hai1="95,116,42,25,57,84,22,11,61,88,43,21,65" hai2="101,69,94,32,38,44,76,26,103,54,111,31,59" hai3="23,115,45,49,78,17,66,98,15,8,90,107,36"/><V87/><F69/><W129/><G115/><N who="0" m="44075" /><D19/><U40/><E116/><V108/><F38/><W18/><G129/><T91/><D29/><U80/><E11/><V12/><F44/><W56/><G78/><T64/><D91/><U100/><E22/><V53/><F12/><W86/><G36/><T48/><D50/><U134/><E134/><N who="0" m="51817" /><D48/><U1/><E1/><V20/><F32/><W62/><G107/><T74/><D60/><U135/><E135/><V110/><F59/><W3/><G98/><N who="0" m="37419" /><D64/><U68/><E68/><V89/><REACH who="2" step="1"/><F76/><REACH who="2" ten="251,111,137,491" step="2"/><W102/><G3/><T55/><D55/><AGARI ba="2,1" hai="20,26,31,53,54,55,87,89,94,101,103,108,110,111" machi="55" ten="40,7700,0" yaku="1,1,2,1,10,1,53,0" doraHai="113" doraHaiUra="13" who="2" fromWho="0" sc="251,-83,111,0,137,93,491,0" /><INIT seed="6,3,0,5,2,77" ten="168,111,230,491" oya="2" hai0="16,53,84,5,87,81,12,133,13,103,114,8,97" hai1="64,135,67,11,98,45,76,47,30,41,78,99,132" hai2="104,20,43,14,126,112,44,71,35,9,4,22,69" hai3="61,23,89,131,28,49,72,74,63,40,15,119,101"/><V37/><F104/><W127/><G119/><T85/><D114/><U95/><E11/><V70/><F112/><W128/><G101/><T1/><D133/><U60/><E60/><N who="3" m="23114" /><G89/><T122/><D1/><U31/><REACH who="1" step="1"/><E95/><REACH who="1" ten="168,101,230,491" step="2"/><V68/><N who="2" m="17920" /><DORA hai="100" /><V111/><F111/><W125/><G72/><T18/><D122/><U79/><E79/><V2/><F126/><N who="3" m="48139" /><G74/><T121/><D121/><U134/><E134/><V115/><F115/><W118/><G118/><T6/><D81/><U57/><E57/><V90/><F35/><W117/><G117/><T50/><D97/><U96/><E96/><V32/><F32/><W21/><G49/><T106/><D106/><U124/><E124/><V107/><F107/><W54/><G54/><T110/><D110/><U75/><E75/><V51/><F51/><W102/><G40/><AGARI ba="3,1" hai="30,31,40,41,45,47,64,67,76,78,98,99,132,135" machi="40" ten="25,3200,0" yaku="1,1,22,2,53,0" doraHai="77,100" doraHaiUra="46,10" who="1" fromWho="3" sc="168,0,101,51,230,0,491,-41" /><INIT seed="7,0,0,3,2,9" ten="168,152,230,450" oya="3" hai0="125,108,24,43,105,96,87,80,135,120,131,132,14" hai1="17,44,127,117,101,97,67,109,133,27,81,38,68" hai2="39,93,34,71,115,61,128,37,29,110,107,20,18" hai3="59,53,130,47,1,65,70,6,7,104,119,114,0"/><W113/><G119/><T129/><D43/><U11/><E109/><V45/><F110/><W16/><G104/><T55/><D24/><U124/><E117/><V35/><F107/><W134/><G47/><T63/><D55/><U64/><E133/><N who="0" m="51273" /><D63/><U51/><E38/><V8/><F8/><W72/><G72/><T92/><D108/><U82/><E82/><V106/><F29/><W73/><G73/><T2/><D2/><N who="3" m="1129" /><G134/><T10/><D105/><U4/><E81/><V116/><F20/><W15/><G65/><T84/><D120/><U74/><E74/><V3/><F18/><W49/><G70/><T25/><D25/><U103/><E4/><V78/><F106/><W126/><G130/><N who="0" m="49675" /><D14/><N who="1" m="7391" /><E27/><V54/><F128/><W98/><G98/><T83/><D10/><U79/><E79/><V41/><F41/><W69/><G69/><T123/><D123/><U90/><E68/><V46/><F71/><W66/><G66/><N who="1" m="25130" /><E127/><V121/><F121/><W33/><G126/><T13/><D13/><U85/><E124/><V62/><F116/><W22/><G33/><T32/><D32/><U50/><E85/><N who="0" m="32841" /><D125/><U91/><E51/><V76/><F35/><W89/><G89/><AGARI ba="0,0" hai="80,83,89,92,96" m="32841,49675,51273" machi="89" ten="30,7700,0" yaku="20,1,19,1,34,2" doraHai="9" who="0" fromWho="3" sc="168,77,152,0,230,0,450,-77" owari="245,5.0,152,-35.0,230,-17.0,373,47.0" /></mjloggm>