<mjloggm ver="2.3"><GO type="97" lobby="0"/><UN n0="%E7%BE%8E%E9%81%8A%E2%98%86%E9%8A%80%E5%BA%A7" n1="%E3%82%A6%E3%83%AB%E3%83%88%E3%83%A9%E7%AB%8B%E7%9B%B4" n2="%E5%A4%A9%E7%A5%9E%E4%B9%83%E9%9B%80" n3="%66%61%6D%69%63%6F" dan="14,14,15,13" rate="1890.60,1925.57,2004.95,1922.37" sx="M,M,M,F"/><TAIKYOKU oya="0"/><INIT seed="0,0,0,1,1,41" ten="250,250,250,250" oya="0" hai0="51,107,64,62,37,43,61,91,47,118,122,39,97" hai1="13,99,12,57,31,77,80,50,133,131,69,106,87" hai2="92,102,115,111,66,130,9,73,49,110,56,2,78" hai3="75,59,60,7,35,114,124,26,33,14,40,30,101"/><T134/><D122/><U132/><E69/><V54/><F115/><W83/><G35/><T1/><D118/><U23/><E131/><V100/><F130/><W86/><G124/><T27/><D134/><N who="1" m="51819" /><E31/><V95/><F66/><W120/><G75/><T3/><D61/><U125/><E125/><V81/><F9/><W21/><G101/><N who="2" m="39017" /><F2/><W68/><G68/><T79/><D107/><U113/><E113/><V36/><F36/><W103/><G103/><T90/><D79/><U32/><E32/><V8/><F8/><W42/><G120/><T0/><D27/><U82/><E106/><V112/><F112/><W108/><G33/><T52/><D97/><U117/><E117/><V20/><F20/><W72/><G21/><T76/><D76/><U84/><E23/><V46/><F46/><W71/><G71/><N who="0" m="42391" /><D37/><U4/><E99/><V29/><F29/><W18/><G30/><T38/><D39/><U93/><E13/><V34/><F34/><W85/><G14/><T128/><D128/><U17/><E12/><V104/><F104/><W65/><G65/><T126/><D126/><U74/><E17/><V11/><F11/><W58/><G18/><T25/><D25/><U121/><E121/><V10/><F10/><W19/><G26/><T55/><D55/><U94/><E50/><V24/><F24/><W15/><G19/><T135/><D135/><U6/><E6/><V63/><F63/><W28/><G60/><T67/><D67/><U116/><E4/><V5/><F5/><W98/><G7/><T22/><D22/><U45/><E116/><V109/><AGARI ba="0,0" hai="49,54,56,73,78,81,92,95,109,110,111" m="39017" machi="109" ten="40,2700,0" yaku="5,1,14,1" doraHai="41" who="2" fromWho="2" sc="250,-13,250,-7,250,27,250,-7" /><INIT seed="1,0,0,5,4,79" ten="237,243,277,243" oya="1" hai0="9,77,43,14,74,13,53,83,46,47,81,119,50" hai1="104,98,107,39,114,110,128,7,62,70,35,99,71" hai2="93,33,122,69,37,116,12,11,105,125,124,57,92" hai3="75,80,49,89,66,21,24,34,64,44,103,17,100"/><U45/><E7/><V58/><F69/><N who="1" m="26121" /><E62/><V126/><F37/><W8/><G100/><T0/><D119/><U63/><E63/><V102/><F33/><W6/><G103/><T109/><D109/><U127/><E114/><V27/><F116/><W115/><G34/><T48/><D0/><U95/><E35/><V61/><F122/><W123/><G123/><T25/><D25/><U108/><E95/><V42/><F27/><W28/><G28/><T59/><D59/><U120/><E120/><V32/><F42/><W5/><G5/><T78/><D9/><U72/><E72/><AGARI ba="0,0" hai="13,14,43,46,47,48,50,53,72,74,77,78,81,83" machi="72" ten="30,7700,0" yaku="7,1,9,1,52,2" doraHai="79" who="0" fromWho="1" sc="237,77,243,-77,277,0,243,0" /><INIT seed="2,0,0,3,1,133" ten="314,166,277,243" oya="2" hai0="61,117,76,21,100,111,35,116,30,34,5,102,36" hai1="66,2,98,16,68,47,87,119,80,72,71,106,48" hai2="3,24,38,124,83,109,55,32,110,42,85,126,23" hai3="73,81,70,63,41,113,120,54,93,132,27,10,53"/><V123/><F123/><W108/><G132/><T115/><D115/><U4/><E72/><V129/><F32/><W79/><G108/><N who="2" m="41577" /><F3/><W29/><G41/><T57/><D36/><U18/><E119/><N who="0" m="45641" /><D76/><U88/><E4/><V105/><F105/><W114/><G120/><T26/><D5/><U127/><E2/><V11/><F11/><W31/><G10/><T49/><D49/><U52/><E127/><V125/><F129/><W14/><G14/><T112/><D112/><N who="3" m="43113" /><G93/><T15/><D111/><U95/><E106/><V45/><F55/><N who="3" m="21003" /><G27/><T56/><D61/><U128/><E128/><V60/><F60/><W75/><G75/><T90/><D15/><U86/><E86/><V131/><F131/><W82/><G82/><T51/><D51/><U17/><REACH who="1" step="1"/><E66/><AGARI ba="0,0" hai="29,31,63,66,70,73,79,81" m="21003,43113" machi="66" ten="30,1000,0" yaku="11,1" doraHai="133" who="3" fromWho="1" sc="314,0,166,-10,277,0,243,10" /><INIT seed="3,0,0,3,4,22" ten="314,156,277,253" oya="3" hai0="102,12,89,135,97,103,78,55,42,16,66,61,28" hai1="120,1,70,41,53,113,39,5,107,23,116,76,7" hai2="67,36,72,124,45,127,10,27,31,125,57,106,3" hai3="38,74,84,43,131,8,93,87,98,81,40,101,83"/><W115/><G115/><T9/><D135/><U24/><E53/><V69/><F72/><W119/><G119/><T25/><D42/><U111/><E76/><V62/><F106/><W71/><G71/><T30/><D55/><U21/><E41/><N who="2" m="22695" /><F10/><W29/><G131/><T96/><D78/><U58/><E58/><V56/><F3/><W90/><G74/><T77/><D30/><U117/><E23/><AGARI ba="0,0" hai="23,27,31,56,57,62,67,69,124,125,127" m="22695" machi="23" ten="30,2000,0" yaku="18,1,52,1" doraHai="22" who="2" fromWho="1" sc="314,0,156,-20,277,20,253,0" owari="314,41.0,136,-36.0,297,10.0,253,-15.0" /></mjloggm>