<mjloggm ver="2.3"><GO type="97" lobby="0"/><UN n0="%C2%A7%4E%79%61%6E%6B%6F%C2%A7" n1="%E5%B0%B1%E6%B4%BB%E7%94%9F%40%E5%B7%9D%E6%9D%91%E8%BB%8D%E5%9B%A3" n2="%EF%BC%B7%EF%BD%81%EF%BD%8C%EF%BD%8C%EF%BD%99" n3="%E7%BE%8E%E9%88%B4%4C%4F%56%45" dan="14,13,15,14" rate="1901.18,1879.20,2019.27,1940.97" sx="M,M,M,M"/><TAIKYOKU oya="0"/><INIT seed="0,0,0,3,5,56" ten="250,250,250,250" oya="0" hai0="18,4,120,74,135,90,24,75,22,128,51,15,114" hai1="58,119,61,8,69,3,27,52,60,106,17,95,57" hai2="6,44,55,134,21,13,48,0,98,77,67,7,29" hai3="19,23,66,10,122,31,73,14,16,64,93,84,45"/><T43/><D114/><U82/><E119/><V32/><F134/><W115/><G73/><T92/><D120/><U39/><E106/><V11/><F77/><W110/><G115/><T108/><D108/><U127/><E127/><V26/><F67/><W42/><G110/><T112/><D112/><U118/><E118/><V99/><REACH who="2" step="1"/><F6/><REACH who="2" ten="250,250,240,250" step="2"/><W54/><G122/><T87/><D135/><U76/><E39/><V83/><F83/><W33/><G64/><T96/><D128/><U80/><E69/><V101/><F101/><W116/><G66/><T1/><D4/><U89/><E76/><V132/><F132/><W65/><G65/><T50/><D74/><U20/><E3/><V121/><F121/><W113/><G113/><T124/><D75/><U109/><E109/><V46/><F46/><W5/><G116/><T34/><D1/><U53/><REACH who="1" step="1"/><E8/><REACH who="1" ten="250,240,240,250" step="2"/><V62/><F62/><W94/><G10/><N who="0" m="6519" /><D124/><U68/><E68/><V12/><F12/><W103/><G14/><T131/><D131/><U41/><E41/><V37/><F37/><W63/><G42/><T85/><D43/><U36/><E36/><V79/><F79/><W107/><G63/><T47/><D51/><U40/><E40/><V91/><F91/><W9/><G9/><T100/><D100/><U28/><E28/><V126/><F126/><W49/><G103/><T71/><D71/><U130/><E130/><V102/><F102/><W81/><G31/><T88/><D50/><U97/><AGARI ba="0,2" hai="17,20,27,52,53,57,58,60,61,80,82,89,95,97" machi="97" ten="20,16000,3" yaku="1,1,0,1,7,1,9,1,25,2,8,1,52,2,54,1,53,0" doraHai="56" doraHaiUra="133" who="1" fromWho="1" sc="250,-80,240,180,240,-40,250,-40" /><INIT seed="1,0,0,3,4,84" ten="170,420,200,210" oya="1" hai0="103,55,94,41,79,121,74,86,98,122,91,96,30" hai1="27,17,116,105,101,37,82,4,65,112,80,110,107" hai2="0,119,104,54,97,19,113,46,117,3,60,88,95" hai3="33,44,49,15,11,35,2,66,13,124,28,51,118"/><U134/><E112/><V67/><F104/><W131/><G131/><T125/><D30/><U109/><E116/><V7/><F113/><W120/><G120/><N who="0" m="46187" /><D55/><U38/><E134/><V111/><F111/><N who="1" m="42505" /><E4/><V1/><F7/><W48/><G118/><T132/><D41/><U42/><E65/><V22/><F46/><W130/><G66/><T8/><D8/><U85/><E80/><V81/><F81/><W31/><G2/><T23/><D23/><N who="1" m="13807" /><E101/><V75/><F75/><W129/><G44/><T56/><D132/><U126/><E126/><V43/><F43/><W57/><G57/><T21/><D56/><U50/><E50/><V123/><F123/><W64/><G64/><T89/><D125/><U92/><E92/><V93/><F93/><W108/><G124/><T127/><D127/><U14/><E14/><N who="3" m="5130" /><G11/><T32/><D32/><N who="3" m="12361" /><G108/><T53/><D21/><U6/><E6/><V78/><F78/><W34/><G34/><T10/><D10/><U24/><E24/><N who="2" m="14431" /><F67/><W69/><G69/><T58/><D74/><U59/><E59/><AGARI ba="0,0" hai="0,1,3,54,59,60,88,95,97,117,119" m="14431" machi="59" ten="30,3900,0" yaku="25,1,52,1,54,1" doraHai="84" who="2" fromWho="1" sc="170,0,420,-39,200,39,210,0" /><INIT seed="2,0,0,4,4,72" ten="170,381,239,210" oya="2" hai0="68,86,78,71,50,65,80,113,95,49,91,59,126" hai1="74,55,2,106,84,85,125,35,38,53,3,45,13" hai2="102,5,0,32,34,119,36,19,100,88,90,21,63" hai3="89,44,133,120,73,116,43,46,11,27,16,135,123"/><V130/><F36/><W109/><G116/><T54/><D113/><U110/><E35/><V82/><F119/><W134/><G109/><T131/><D131/><U33/><E106/><V92/><F130/><W98/><G73/><T111/><D111/><U17/><E74/><V41/><F32/><W14/><G27/><T6/><D126/><U62/><E33/><V115/><F34/><W75/><G75/><T96/><D65/><U22/><E110/><V87/><F115/><W93/><REACH who="3" step="1"/><G46/><REACH who="3" ten="170,381,239,200" step="2"/><T23/><D71/><U122/><E45/><V124/><F124/><W60/><G60/><N who="0" m="35959" /><D68/><U28/><E125/><V77/><F63/><W39/><AGARI ba="0,1" hai="11,14,16,39,43,44,89,93,98,120,123,133,134,135" machi="39" ten="30,7900,0" yaku="1,1,0,1,20,1,54,1,53,0" doraHai="72" doraHaiUra="25" who="3" fromWho="3" sc="170,-20,381,-20,239,-39,200,89" /><INIT seed="3,0,0,4,4,84" ten="150,361,200,289" oya="3" hai0="30,24,133,75,63,77,96,118,29,120,80,121,27" hai1="125,129,5,99,9,107,91,21,23,110,123,122,72" hai2="115,33,92,130,112,73,94,22,47,19,54,49,45" hai3="51,42,26,111,57,40,18,50,113,98,59,117,32"/><W90/><G117/><T64/><D133/><U43/><E72/><V116/><F73/><W134/><G113/><T97/><D118/><U25/><E110/><V0/><F33/><W31/><G134/><T36/><D36/><U108/><E108/><V35/><F35/><W88/><G111/><T126/><D126/><U44/><E125/><V131/><F0/><W119/><G119/><T53/><D53/><U48/><E129/><N who="2" m="49163" /><F47/><W132/><G132/><T17/><D17/><U128/><E128/><V2/><F2/><W93/><G18/><T102/><D24/><U20/><E25/><N who="2" m="14559" /><F116/><W60/><G59/><T15/><D15/><U95/><REACH who="1" step="1"/><E107/><REACH who="1" ten="150,351,200,289" step="2"/><V69/><F112/><W105/><G105/><T8/><D8/><U61/><E61/><V83/><F115/><W55/><REACH who="3" step="1"/><G90/><REACH who="3" ten="150,351,200,279" step="2"/><T52/><D121/><U38/><E38/><V74/><F69/><W56/><G56/><T65/><D120/><U58/><E58/><V79/><AGARI ba="0,2" hai="45,49,54,74,79,83,92,94" m="14559,49163" machi="79" ten="30,1100,0" yaku="19,1" doraHai="84" who="2" fromWho="2" sc="150,-3,351,-3,200,31,279,-5" owari="147,-35.0,348,45.0,231,-17.0,274,7.0" /></mjloggm>