<mjloggm ver="2.3"><GO type="41" lobby="0"/><UN n0="%E5%B0%B1%E6%B4%BB%E7%94%9F%40%E5%B7%9D%E6%9D%91%E8%BB%8D%E5%9B%A3" n1="%61%61%61%66%78" n2="%E3%81%82%E3%81%AB%EF%BD%9E%E2%98%86" n3="%52%61%73%68" dan="15,15,14,13" rate="1979.69,2034.87,1852.14,1832.32" sx="M,M,M,M"/><TAIKYOKU oya="0"/><INIT seed="0,0,0,2,0,132" ten="250,250,250,250" oya="0" hai0="14,29,46,90,108,22,93,16,121,125,60,67,117" hai1="105,36,74,10,81,65,112,101,24,130,64,82,119" hai2="68,38,57,21,48,11,116,75,96,49,19,127,25" hai3="94,45,107,63,3,98,9,40,50,23,69,88,8"/><T33/><D121/><U113/><E36/><V110/><F68/><W131/><G107/><T37/><D117/><U52/><E119/><V66/><F116/><W12/><G131/><T77/><D77/><U56/><E130/><V53/><F38/><W129/><G129/><T78/><D78/><U106/><E74/><V35/><F75/><W120/><G120/><T27/><D108/><U114/><E24/><V84/><F110/><W97/><G3/><T39/><D46/><U128/><E128/><V32/><F84/><W7/><G23/><T44/><D44/><U134/><E10/><V124/><F96/><W30/><G30/><T122/><D122/><U61/><E134/><V133/><F133/><W28/><G28/><T89/><D89/><U54/><E54/><N who="2" m="31943" /><F66/><N who="1" m="25705" /><E101/><V17/><F19/><W70/><G98/><T115/><D115/><U102/><E102/><V47/><F11/><W5/><G63/><T73/><D73/><U76/><E76/><V15/><F15/><W43/><G69/><T20/><D33/><U41/><E41/><V123/><F123/><W51/><G70/><T118/><D118/><U18/><E18/><V0/><F0/><W58/><G58/><N who="0" m="37271" /><D37/><U1/><E1/><V109/><F109/><W111/><G111/><T6/><D39/><U55/><E55/><V103/><F103/><W86/><G97/><N who="0" m="57527" /><D6/><U99/><E99/><V83/><F83/><AGARI ba="0,0" hai="52,56,61,81,82,83,105,106,112,113,114" m="25705" machi="83" ten="40,2600,0" yaku="11,1,54,1" doraHai="132" who="1" fromWho="2" sc="250,0,250,26,250,-26,250,0" /><INIT seed="1,0,0,3,5,109" ten="250,276,224,250" oya="1" hai0="135,17,86,26,69,43,122,133,100,99,51,38,11" hai1="125,54,20,62,89,120,50,88,15,44,19,75,32" hai2="35,9,65,118,73,14,16,56,84,4,12,128,81" hai3="77,79,76,129,87,91,49,52,107,134,40,92,63"/><U36/><E32/><V0/><F118/><W53/><G134/><N who="0" m="51211" /><D38/><U117/><E75/><V80/><F128/><W46/><G129/><T33/><D69/><U6/><E117/><V42/><F42/><W23/><G107/><N who="0" m="63903" /><D122/><U66/><E120/><V64/><F35/><W132/><G132/><T102/><D102/><U7/><E36/><V3/><F73/><W130/><G130/><T60/><D60/><U55/><E55/><V78/><F80/><W70/><G70/><T106/><D106/><U121/><E121/><V131/><F131/><W126/><G126/><T57/><D33/><U123/><E125/><V127/><F127/><W39/><G23/><N who="0" m="13679" /><D11/><U24/><E123/><V82/><F82/><W18/><G18/><T97/><D97/><U37/><E37/><V58/><F65/><W67/><G39/><T22/><D22/><U114/><E114/><V25/><F25/><W34/><G34/><T108/><D108/><U98/><E98/><V104/><F104/><W13/><G13/><T93/><D93/><U83/><E83/><V68/><F68/><W74/><G74/><T101/><D101/><U48/><E48/><V72/><F72/><W111/><G111/><T90/><D57/><N who="2" m="22122" /><F64/><W119/><G119/><T5/><D43/><U30/><E30/><V21/><F21/><W41/><G67/><T61/><D51/><U105/><E105/><V28/><F28/><W85/><G63/><T10/><D61/><U29/><E29/><V8/><F8/><W1/><G1/><N who="0" m="303" /><D90/><N who="1" m="34923" /><E24/><V110/><F110/><W96/><G41/><T113/><D113/><U112/><E112/><RYUUKYOKU ba="0,0" sc="250,0,276,0,224,0,250,0" hai0="86" hai1="6,7,15,19,20,44,50,54,62,66" hai2="0,3,4,9,12,14,16,78,81,84" hai3="40,46,49,52,53,76,77,79,85,87,91,92,96" /><INIT seed="1,1,0,2,1,113" ten="250,276,224,250" oya="1" hai0="120,61,119,81,71,62,67,12,104,93,128,15,117" hai1="17,107,125,111,38,112,73,1,116,28,14,22,95" hai2="99,131,40,34,74,123,127,8,35,57,41,33,0" hai3="48,77,98,72,76,49,122,30,11,106,88,108,60"/><U115/><E38/><V96/><F123/><W129/><G122/><T85/><D104/><U126/><E107/><V109/><F109/><W44/><G129/><T52/><D120/><U36/><E36/><V89/><F131/><W87/><G108/><T133/><D128/><U24/><E73/><V63/><F127/><N who="1" m="48649" /><E95/><V94/><F74/><W32/><G72/><T65/><D133/><U110/><E1/><V130/><F130/><W45/><G60/><T4/><D93/><U59/><E59/><V42/><F0/><W134/><G134/><T55/><D4/><U70/><E70/><V29/><F8/><W37/><G37/><T132/><D132/><U79/><E79/><V27/><REACH who="2" step="1"/><F99/><REACH who="2" ten="250,276,214,250" step="2"/><W18/><G98/><T3/><D3/><U39/><E111/><V102/><F102/><W54/><G11/><T43/><D85/><U86/><E110/><V16/><F16/><W80/><G18/><T66/><D71/><U103/><E103/><V97/><F97/><W92/><G106/><T56/><D81/><U9/><E86/><V114/><F114/><N who="1" m="43561" /><E39/><V31/><F31/><W105/><G105/><T50/><D12/><U46/><E46/><V78/><F78/><W101/><G101/><T13/><D13/><U118/><AGARI ba="1,1" hai="9,14,17,22,24,28,116,118" m="43561,48649" machi="118" ten="40,12000,1" yaku="18,1,34,2,52,2" doraHai="113" who="1" fromWho="1" sc="250,-41,276,133,214,-41,250,-41" /><INIT seed="1,2,0,2,0,72" ten="209,409,173,209" oya="1" hai0="133,56,50,58,13,40,93,28,108,88,34,127,64" hai1="78,61,84,101,1,115,51,10,8,17,106,121,25" hai2="92,126,39,9,100,81,22,15,30,14,52,71,43" hai3="90,53,89,125,29,26,128,57,37,6,49,94,104"/><U76/><E115/><V105/><F105/><W62/><G125/><T119/><D127/><U96/><E121/><V32/><F126/><W68/><G104/><T5/><D119/><U65/><E51/><V97/><F32/><W44/><G128/><T134/><D108/><U35/><E84/><V114/><F114/><W33/><G6/><T3/><D3/><U123/><E123/><V7/><F71/><W60/><G94/><T111/><D111/><U95/><E95/><V18/><F30/><W4/><G4/><T130/><D130/><U70/><E17/><V66/><F66/><W36/><G36/><T23/><D34/><U91/><E91/><V21/><F81/><W124/><G124/><T59/><D64/><U74/><E74/><V20/><F43/><N who="3" m="22639" /><G62/><T47/><D28/><N who="1" m="19855" /><E1/><V85/><F39/><W135/><G135/><N who="0" m="51723" /><D23/><U24/><E24/><V120/><F85/><W19/><G19/><T69/><D69/><U2/><E2/><V77/><F77/><AGARI ba="2,0" hai="8,10,61,65,70,76,77,78,96,101,106" m="19855" machi="77" ten="30,11600,0" yaku="25,1,52,3" doraHai="72" who="1" fromWho="2" sc="209,0,409,122,173,-122,209,0" /><INIT seed="1,3,0,3,3,4" ten="209,531,51,209" oya="1" hai0="133,18,74,14,24,23,63,62,52,64,90,131,48" hai1="28,85,112,100,129,134,50,59,55,9,65,72,51" hai2="8,119,38,16,115,43,76,67,61,22,132,35,45" hai3="66,75,82,110,30,135,70,71,60,80,37,5,41"/><U118/><E72/><V69/><F119/><W91/><G110/><T95/><D74/><U25/><E118/><V40/><F35/><W106/><G91/><T12/><D133/><U109/><E112/><V125/><F125/><W81/><G135/><T0/><D131/><U123/><E134/><V7/><F132/><W58/><G106/><T20/><D0/><U73/><E73/><V130/><F115/><W11/><G30/><T83/><D83/><U56/><E123/><V113/><F130/><W49/><G75/><T92/><D92/><U46/><E129/><V86/><F113/><W57/><G70/><T111/><D111/><U104/><E109/><V120/><F120/><W101/><G101/><T31/><D64/><U107/><E85/><V78/><F43/><W10/><G37/><T97/><REACH who="0" step="1"/><D12/><REACH who="0" ten="199,531,51,209" step="2"/><U93/><E65/><V87/><F78/><W33/><G33/><T77/><D77/><U116/><E93/><V1/><REACH who="2" step="1"/><F76/><REACH who="2" ten="199,531,41,209" step="2"/><W89/><G41/><T13/><D13/><AGARI ba="3,2" hai="1,7,8,13,16,22,38,40,45,61,67,69,86,87" machi="13" ten="30,12000,2" yaku="1,1,2,1,7,1,52,1,54,1,53,1" doraHai="4" doraHaiUra="19" who="2" fromWho="0" sc="199,-129,531,0,41,149,209,0" /><INIT seed="2,0,0,2,5,56" ten="70,531,190,209" oya="2" hai0="7,71,46,15,111,35,82,30,11,3,131,122,92" hai1="109,12,104,53,102,77,128,133,58,62,26,27,49" hai2="66,101,28,98,10,8,112,135,16,29,54,79,97" hai3="105,34,22,68,114,20,4,81,121,38,41,88,86"/><V96/><F112/><W57/><G121/><T90/><D122/><U9/><E109/><V48/><F135/><W21/><G105/><T91/><D71/><U100/><E133/><V113/><F113/><W25/><G68/><T14/><D131/><U80/><E128/><V124/><F124/><W93/><G114/><T75/><D111/><U0/><E0/><V84/><F101/><N who="1" m="39017" /><E104/><V24/><F66/><W116/><G116/><T67/><D67/><U47/><E80/><N who="2" m="47135" /><F8/><W73/><G4/><T134/><D134/><U51/><E77/><V94/><F94/><W70/><G70/><T6/><D6/><N who="1" m="3127" /><E51/><V69/><F69/><W74/><G34/><T40/><D35/><U42/><AGARI ba="0,0" hai="26,27,42,47,49,53,58,62" m="3127,39017" machi="42" ten="30,2000,0" yaku="8,1,52,1" doraHai="56" who="1" fromWho="1" sc="70,-5,531,20,190,-10,209,-5" /><INIT seed="3,0,0,4,2,51" ten="65,551,180,204" oya="3" hai0="37,33,58,80,107,41,40,77,132,72,54,7,55" hai1="104,119,114,100,134,6,93,88,101,102,2,22,24" hai2="99,78,19,66,49,92,126,52,105,61,15,5,87" hai3="25,29,123,124,91,56,0,113,59,48,109,14,9"/><W125/><G123/><T86/><D107/><U23/><E114/><V106/><F5/><W17/><G113/><T64/><D132/><U65/><E104/><V42/><F42/><N who="0" m="16490" /><D33/><U13/><E2/><V98/><F126/><N who="3" m="48747" /><G109/><T28/><D72/><U103/><E134/><V94/><F105/><W31/><G91/><T26/><D37/><U46/><E119/><V90/><F106/><W83/><G83/><T35/><D35/><U84/><E65/><V44/><F78/><W70/><G70/><T8/><D28/><U45/><E103/><V53/><F53/><N who="0" m="19978" /><D26/><U47/><E24/><V43/><F43/><W122/><G122/><T38/><D38/><U117/><E117/><V57/><F94/><W68/><G0/><T67/><D58/><U32/><E32/><V39/><F39/><W108/><G59/><T116/><D116/><U85/><E85/><V76/><F76/><W74/><G56/><T133/><D133/><U27/><E27/><V4/><F4/><W73/><G74/><T63/><D63/><U96/><E96/><V131/><F57/><W120/><G73/><T62/><D62/><U115/><E115/><V111/><F61/><W75/><G75/><T1/><D1/><U20/><E6/><V97/><F66/><N who="0" m="25130" /><D7/><U60/><E60/><V16/><F99/><W36/><G36/><T121/><D121/><U129/><E20/><V3/><F98/><W11/><G25/><T50/><D50/><U10/><E23/><V135/><F49/><W21/><G48/><T69/><D69/><U30/><E22/><V110/><F3/><W34/><G21/><RYUUKYOKU ba="0,0" sc="65,30,551,-10,180,-10,204,-10" hai0="8,77,80,86" /><INIT seed="4,1,0,1,5,106" ten="95,541,170,194" oya="0" hai0="44,65,103,41,39,78,13,101,74,95,12,15,133" hai1="99,26,43,19,128,100,107,85,109,83,116,37,126" hai2="34,113,82,18,47,86,114,63,59,24,134,23,112" hai3="67,60,87,36,131,75,51,121,130,97,129,33,7"/><T84/><D133/><U49/><E37/><V27/><F134/><W105/><G36/><T45/><D65/><U111/><E116/><V71/><F34/><W77/><G33/><T72/><D44/><U50/><E128/><V20/><F47/><W57/><G121/><T8/><D8/><U30/><E126/><V16/><F71/><W53/><G7/><T110/><D110/><U0/><E0/><V98/><F98/><W5/><G5/><T42/><D42/><U40/><E19/><V31/><F31/><W25/><G25/><T127/><D127/><U76/><E43/><V123/><F123/><W104/><G97/><T135/><D135/><U96/><E96/><V89/><REACH who="2" step="1"/><F113/><REACH who="2" ten="95,541,160,194" step="2"/><W1/><G1/><T90/><REACH who="0" step="1"/><D78/><REACH who="0" ten="85,541,160,194" step="2"/><U108/><E76/><V79/><F79/><W64/><G64/><AGARI ba="1,2" hai="16,18,20,23,24,27,59,63,64,82,86,89,112,114" machi="64" ten="40,5200,0" yaku="1,1,9,1,54,1,53,0" doraHai="106" doraHaiUra="125" who="2" fromWho="3" sc="85,0,541,0,160,75,194,-55" /><INIT seed="5,0,0,4,3,61" ten="85,541,235,139" oya="1" hai0="65,98,45,5,132,38,3,58,13,66,120,118,18" hai1="46,39,19,69,42,70,22,21,35,28,104,115,52" hai2="47,92,31,106,6,76,109,105,96,94,41,75,20" hai3="88,32,102,4,99,71,100,34,87,125,107,60,117"/><U1/><E104/><V134/><F109/><W11/><G117/><T30/><D118/><U17/><E1/><V54/><F6/><W40/><G125/><T129/><D120/><U2/><E2/><V12/><F134/><W27/><G102/><T85/><D129/><U79/><E79/><V53/><F75/><W124/><G40/><T133/><D30/><U26/><E115/><V73/><F73/><W9/><G124/><T72/><D72/><U81/><E81/><V78/><F92/><W56/><G71/><T15/><D98/><U67/><E52/><V64/><F64/><N who="0" m="24682" /><D58/><U55/><E55/><V113/><F113/><W44/><G44/><T50/><D38/><U114/><E114/><V128/><F128/><W112/><G112/><T121/><D85/><U0/><E0/><V83/><F83/><W7/><G27/><T63/><D63/><U101/><E101/><V29/><F78/><W119/><G119/><T93/><D93/><U51/><E39/><V84/><F76/><W59/><G60/><T86/><D86/><U90/><E90/><N who="2" m="55383" /><F84/><W126/><G126/><T89/><D89/><U135/><E135/><N who="0" m="51785" /><D121/><U116/><E116/><V33/><F31/><W62/><G62/><T131/><D18/><U16/><REACH who="1" step="1"/><E67/><REACH who="1" ten="85,531,235,139" step="2"/><V95/><F106/><W97/><G107/><T25/><D131/><U123/><E123/><V57/><F105/><W14/><G100/><T74/><D74/><U68/><AGARI ba="0,1" hai="16,17,19,21,22,26,28,35,42,46,51,68,69,70" machi="68" ten="40,7800,0" yaku="1,1,0,1,54,1,53,0" doraHai="61" doraHaiUra="127" who="1" fromWho="1" sc="85,-26,531,88,235,-26,139,-26" /><INIT seed="5,1,0,4,4,102" ten="59,619,209,113" oya="1" hai0="72,27,116,128,95,20,39,119,122,25,77,110,42" hai1="38,53,56,130,7,97,91,21,32,22,113,33,98" hai2="18,76,14,46,132,55,93,133,4,30,69,90,78" hai3="41,1,86,84,66,115,129,36,68,118,51,131,8"/><U16/><E38/><V48/><F69/><W40/><G115/><T47/><D122/><U60/><E113/><V73/><F4/><W3/><G118/><T13/><D128/><U0/><E130/><V96/><F30/><W82/><G68/><T103/><D110/><U9/><E22/><N who="2" m="11607" /><F73/><W65/><G51/><T83/><D13/><U49/><E49/><V19/><F19/><W54/><G8/><T107/><D95/><N who="1" m="56575" /><E98/><V6/><F6/><W52/><G82/><T15/><D15/><U70/><E70/><V92/><F93/><W50/><REACH who="3" step="1"/><G50/><REACH who="3" ten="59,619,209,103" step="2"/><T61/><D61/><U10/><E9/><V126/><F126/><W112/><G112/><T31/><REACH who="0" step="1"/><D27/><AGARI ba="1,1" hai="0,7,10,16,21,27,32,33,53,56,60" m="56575" machi="27" ten="30,2900,0" yaku="25,1,54,1" doraHai="102" who="1" fromWho="0" sc="59,-32,619,42,209,0,103,0" /><INIT seed="5,2,0,2,4,43" ten="27,661,209,103" oya="1" hai0="21,42,123,82,36,118,127,91,73,69,125,113,112" hai1="133,79,35,48,98,77,109,9,17,61,70,93,65" hai2="45,104,135,105,58,68,14,20,108,92,13,100,128" hai3="99,5,101,131,117,88,129,53,10,55,134,89,75"/><U122/><E122/><V74/><F108/><W2/><G75/><T33/><D33/><U23/><E35/><V25/><F74/><W78/><G78/><N who="0" m="44367" /><D69/><U60/><E133/><V111/><F111/><W119/><G134/><T34/><D34/><U76/><E109/><V18/><F68/><W81/><G81/><T87/><D36/><U83/><E9/><V67/><F128/><N who="3" m="49227" /><G55/><T51/><D42/><U24/><E60/><V62/><F45/><W84/><G53/><T15/><D51/><U3/><E48/><V19/><F135/><W47/><G84/><T31/><D15/><U40/><E40/><V120/><F120/><W46/><G101/><T107/><D21/><U11/><E11/><V103/><F103/><W106/><G106/><T8/><D8/><U72/><REACH who="1" step="1"/><E3/><REACH who="1" ten="27,651,209,103" step="2"/><V86/><F62/><W44/><G99/><T4/><D123/><U97/><E97/><V94/><F20/><W59/><G59/><T116/><D4/><U132/><E132/><V27/><F58/><W49/><G49/><T96/><D96/><U71/><E71/><V29/><F105/><W57/><G57/><T63/><D107/><U50/><E50/><V114/><F104/><W39/><G39/><T22/><D63/><U6/><E6/><V41/><F41/><W52/><G52/><T121/><D121/><U124/><E124/><N who="0" m="47689" /><D22/><U80/><E80/><V54/><F54/><W130/><N who="3" m="49235" /><W115/><DORA hai="90" /><G115/><N who="0" m="44107" /><D31/><U64/><E64/><V38/><F67/><W0/><G0/><T37/><D37/><U85/><E85/><V32/><F86/><W30/><G30/><RYUUKYOKU ba="2,1" sc="27,10,651,10,209,-30,103,10" hai0="87,91,116,118" hai1="17,23,24,61,65,70,72,76,77,79,83,93,98" hai3="2,5,10,44,46,47,88,89,117,119" /><INIT seed="5,3,1,4,3,5" ten="37,661,179,113" oya="1" hai0="67,56,66,58,121,85,82,28,100,119,53,90,117" hai1="1,51,131,64,133,38,55,22,89,78,98,6,126" hai2="48,113,49,102,16,86,32,91,107,37,130,24,104" hai3="34,74,77,42,75,0,110,26,96,83,41,9,95"/><U94/><E38/><V29/><F37/><W46/><G110/><T79/><D121/><U84/><E131/><V54/><F130/><W7/><G75/><T118/><D100/><U31/><E133/><V52/><F113/><W12/><G12/><T4/><D4/><U73/><E73/><V111/><F111/><W44/><G46/><T92/><D28/><U25/><E64/><V88/><F102/><W87/><G87/><T122/><D122/><U33/><E126/><V112/><F112/><W106/><G106/><T57/><REACH who="0" step="1"/><D53/><REACH who="0" ten="27,661,179,113" step="2"/><U14/><E55/><V109/><F54/><W69/><G42/><T132/><D132/><U76/><E6/><V47/><F104/><W128/><G128/><T17/><D17/><U129/><E31/><V50/><F16/><W80/><G69/><T114/><D114/><U97/><E129/><V120/><F120/><W116/><G116/><T40/><D40/><U63/><E1/><V68/><F107/><W27/><G41/><T39/><D39/><U125/><E125/><V61/><F68/><W70/><G70/><T19/><D19/><U2/><E2/><V123/><F123/><W71/><G71/><T103/><D103/><U15/><E33/><V43/><F43/><W127/><G34/><T36/><D36/><U45/><E76/><V35/><F32/><W10/><G127/><T30/><D30/><N who="1" m="17719" /><E78/><V59/><F29/><W81/><G7/><T11/><D11/><U65/><E65/><V21/><F35/><W124/><G124/><T8/><D8/><U99/><E63/><V18/><F61/><W62/><G62/><RYUUKYOKU ba="3,2" sc="27,15,661,15,179,-15,113,-15" hai0="56,57,58,66,67,79,82,85,90,92,117,118,119" hai1="14,15,45,51,84,89,94,97,98,99" /><INIT seed="5,4,2,5,3,32" ten="42,676,164,98" oya="1" hai0="58,124,31,38,74,2,61,65,47,119,84,42,110" hai1="60,20,125,59,1,103,37,39,70,7,78,116,104" hai2="76,131,102,81,21,130,51,120,11,113,67,19,106" hai3="46,118,10,5,86,9,52,54,50,82,90,98,66"/><U94/><E116/><V8/><F120/><W29/><G118/><T0/><D74/><U27/><E104/><V135/><F135/><W69/><G29/><T45/><D119/><U128/><E70/><V4/><F113/><W25/><G25/><T109/><D124/><U97/><E125/><V13/><F67/><W107/><G54/><T35/><D35/><U95/><E128/><N who="2" m="49195" /><F4/><W92/><G107/><T48/><D31/><U33/><E33/><V53/><F102/><W79/><REACH who="3" step="1"/><G5/><REACH who="3" ten="42,676,164,88" step="2"/><T26/><D26/><U55/><E7/><V15/><F106/><W23/><G23/><T132/><D132/><U91/><E20/><V12/><F8/><W108/><G108/><T41/><REACH who="0" step="1"/><D84/><REACH who="0" ten="32,676,164,88" step="2"/><N who="1" m="52583" /><E27/><V87/><F11/><W134/><G134/><T129/><D129/><U34/><E34/><V75/><F75/><W71/><G71/><T14/><D14/><U93/><E39/><V6/><F6/><W85/><G85/><T68/><D68/><U3/><E37/><V49/><F15/><W16/><G16/><T111/><AGARI ba="4,4" hai="0,2,38,41,42,45,47,48,58,61,65,109,110,111" machi="111" ten="30,8000,1" yaku="1,1,0,1,52,2,53,1" doraHai="32" doraHaiUra="63" who="0" fromWho="0" sc="32,132,676,-44,164,-24,88,-24" /><INIT seed="6,0,0,3,4,114" ten="164,632,140,64" oya="2" hai0="75,87,109,125,54,98,27,38,121,80,112,111,73" hai1="85,63,8,134,26,47,46,133,90,1,23,17,55" hai2="122,62,39,124,21,135,58,86,25,41,65,107,129" hai3="132,53,34,97,69,100,117,16,43,45,5,0,104"/><V91/><F122/><W59/><G69/><T89/><D38/><U71/><E1/><V120/><F120/><W103/><G34/><T88/><D121/><U64/><E8/><V35/><F107/><W113/><G113/><T9/><D112/><U126/><E126/><V31/><F124/><W11/><G132/><N who="1" m="50794" /><E55/><V81/><F135/><W84/><G84/><T101/><D125/><U50/><E50/><V127/><F127/><W48/><G103/><T51/><D27/><U15/><E15/><V108/><F129/><W57/><G117/><T118/><D9/><U106/><E106/><V82/><F108/><N who="0" m="41546" /><D54/><U93/><AGARI ba="0,0" hai="17,23,26,46,47,63,64,71,85,90,93" m="50794" machi="93" ten="30,1100,0" yaku="20,1" doraHai="114" who="1" fromWho="1" sc="164,-3,632,11,140,-5,64,-3" /><INIT seed="7,0,0,5,0,8" ten="161,643,135,61" oya="3" hai0="28,59,71,62,120,22,128,93,21,42,73,41,2" hai1="63,99,101,17,135,87,68,123,69,94,107,114,131" hai2="95,25,40,110,104,96,77,12,10,13,76,102,115" hai3="4,0,86,80,133,61,37,89,97,82,109,11,88"/><W83/><G37/><T113/><D71/><U23/><E123/><V66/><F110/><W43/><G43/><N who="0" m="16395" /><D2/><U7/><E7/><N who="2" m="3167" /><F104/><W35/><G35/><T46/><D73/><U51/><E114/><V84/><F115/><W48/><G109/><T15/><D120/><U19/><E131/><V31/><F40/><W127/><G127/><T39/><D39/><U44/><E135/><V58/><F84/><W27/><G27/><N who="0" m="16495" /><D128/><U91/><E17/><V81/><F81/><W117/><G117/><T3/><D113/><U9/><E9/><V126/><F126/><W105/><G133/><T64/><D3/><U26/><E63/><N who="2" m="38263" /><F13/><N who="3" m="5351" /><G105/><T20/><D46/><U56/><E56/><V70/><F70/><W90/><G0/><T121/><D121/><U1/><E1/><V24/><F24/><W29/><G29/><T122/><D122/><U52/><AGARI ba="0,0" hai="19,23,26,44,51,52,68,69,87,91,94,99,101,107" machi="52" ten="20,2700,0" yaku="0,1,7,1,54,1" doraHai="8" who="1" fromWho="1" sc="161,-7,643,27,135,-7,61,-13" owari="154,-5.0,670,77.0,128,-27.0,48,-45.0" /></mjloggm>