<mjloggm ver="2.3"><GO type="169" lobby="0"/><UN n0="%E5%AE%89%E7%9C%A0%E3%83%9E%E3%82%AF%E3%83%A9" n1="%6E%65%70%6F%72%69%68" n2="%E8%B5%A4%E8%A3%8F%E3%83%9B%E3%82%B7%E3%83%BC%E3%83%8E" n3="%E3%82%A6%E3%83%AB%E3%83%88%E3%83%A9%E7%AB%8B%E7%9B%B4" dan="17,16,16,17" rate="2150.93,2021.60,2151.24,2152.92" sx="F,M,M,M"/><TAIKYOKU oya="0"/><INIT seed="0,0,0,4,2,93" ten="250,250,250,250" oya="0" hai0="13,87,74,63,15,81,118,124,18,38,50,12,45" hai1="96,95,108,27,102,35,88,100,17,120,31,123,101" hai2="41,98,121,36,92,7,105,129,68,19,110,64,39" hai3="73,34,37,20,119,60,2,106,135,5,6,78,49"/><T113/><D113/><U70/><E108/><V71/><F121/><W131/><G49/><T32/><D32/><U99/><E70/><V112/><F7/><W40/><G60/><T58/><D118/><U132/><E132/><V24/><F105/><W77/><G20/><T43/><D74/><U21/><REACH who="1" step="1"/><E99/><REACH who="1" ten="250,240,250,250" step="2"/><V67/><F98/><W53/><G135/><T75/><D124/><U72/><E72/><V134/><F71/><W57/><G73/><T107/><D75/><U116/><E116/><V42/><F68/><W62/><G119/><T103/><D103/><U130/><E130/><V52/><F110/><W46/><G131/><T23/><D107/><U29/><E29/><V109/><F109/><W91/><G106/><T14/><D38/><U128/><E128/><V3/><F129/><W66/><G2/><T85/><REACH who="0" step="1"/><D81/><REACH who="0" ten="240,240,250,250" step="2"/><U61/><E61/><V122/><F39/><W84/><G37/><T33/><D33/><U1/><E1/><V127/><F3/><W26/><G34/><T104/><D104/><U65/><E65/><AGARI ba="0,2" hai="12,13,14,15,18,23,43,45,50,58,63,65,85,87" machi="65" ten="40,3900,0" yaku="1,1,8,1,53,0" doraHai="93" doraHaiUra="90" who="0" fromWho="1" sc="240,59,240,-39,250,0,250,0" /><INIT seed="0,1,0,3,4,99" ten="299,201,250,250" oya="0" hai0="82,90,0,86,65,110,40,16,70,69,53,94,126" hai1="115,114,127,106,135,30,125,10,4,17,34,8,122" hai2="132,36,24,133,76,67,44,5,109,51,129,48,71" hai3="104,93,96,111,88,37,84,81,117,35,7,9,15"/><T98/><D0/><N who="1" m="7" /><E106/><V78/><F5/><W63/><G117/><T41/><D126/><N who="1" m="48139" /><E122/><V61/><F24/><W95/><G111/><T112/><D112/><N who="1" m="43051" /><E135/><V14/><F109/><W87/><G35/><T1/><D1/><U59/><E59/><V50/><F14/><W102/><G37/><T49/><D110/><U131/><E131/><V55/><F129/><W54/><G63/><T21/><D70/><U57/><E57/><V103/><F103/><W3/><G54/><T11/><D65/><U113/><N who="1" m="43059" /><U56/><DORA hai="101" /><E56/><V64/><F64/><W33/><G3/><T52/><D69/><U62/><E62/><V74/><F74/><W39/><G39/><T128/><D128/><U100/><E100/><V58/><F78/><W60/><G60/><T120/><D120/><U2/><E17/><V12/><F76/><W43/><G104/><T92/><D53/><U31/><E34/><V45/><F12/><W47/><G33/><T72/><D72/><U119/><E119/><V46/><F36/><W25/><G43/><T20/><D52/><U22/><E22/><N who="0" m="8809" /><D49/><AGARI ba="1,0" hai="44,45,46,48,49,50,51,55,58,61,67,71,132,133" machi="49" ten="40,5200,0" yaku="34,3" doraHai="99,101" who="2" fromWho="0" sc="299,-55,201,0,250,55,250,0" /><INIT seed="1,0,0,0,4,19" ten="244,201,305,250" oya="1" hai0="15,10,96,3,30,124,33,38,95,76,56,83,74" hai1="22,63,88,94,111,71,103,81,28,75,93,35,125" hai2="27,101,84,86,40,126,90,8,62,50,11,99,119" hai3="32,23,31,80,89,69,131,43,121,60,57,14,87"/><U39/><E39/><V13/><F119/><W134/><G121/><T127/><D38/><U78/><E125/><N who="0" m="48201" /><D3/><U120/><E120/><V105/><F126/><W58/><G131/><T12/><D56/><U0/><E0/><V17/><F86/><W64/><G134/><T109/><D109/><U123/><E123/><V37/><F37/><W42/><G32/><T122/><D122/><U4/><E4/><V114/><F114/><W117/><G117/><T41/><D41/><U29/><E35/><V9/><F62/><W92/><G69/><T113/><D113/><U67/><E111/><V110/><F110/><W65/><G80/><T70/><D70/><U97/><REACH who="1" step="1"/><E22/><REACH who="1" ten="244,191,305,250" step="2"/><V25/><F11/><W107/><G23/><T128/><D10/><U5/><E5/><V98/><F9/><W115/><G115/><T51/><D128/><U82/><E82/><V135/><F8/><W2/><G2/><T104/><D33/><U45/><E45/><V118/><F118/><W36/><G36/><T20/><D20/><U133/><E133/><V18/><F135/><W129/><G129/><T52/><D83/><U48/><E48/><V79/><F50/><W54/><G60/><T7/><D51/><U47/><E47/><V34/><F34/><W106/><G65/><T77/><D7/><U72/><E72/><V49/><F49/><W73/><G64/><T46/><D74/><U1/><E1/><V44/><F44/><W66/><G73/><T112/><D46/><U53/><E53/><V55/><F55/><W59/><G54/><T91/><D52/><U24/><E24/><RYUUKYOKU ba="0,1" sc="244,-10,191,30,305,-10,250,-10" hai1="28,29,63,67,71,75,78,81,88,93,94,97,103" /><INIT seed="1,1,1,0,4,27" ten="234,221,295,240" oya="1" hai0="48,118,70,120,67,104,68,62,128,134,88,99,40" hai1="8,46,122,78,44,3,33,17,9,97,14,34,39" hai2="20,130,113,37,61,110,41,82,29,81,127,4,55" hai3="106,92,121,94,13,43,90,83,96,103,45,5,36"/><U22/><E122/><V89/><F4/><W86/><REACH who="3" step="1"/><G121/><REACH who="3" ten="234,221,295,230" step="2"/><T125/><D120/><U23/><E34/><V58/><F113/><W52/><G52/><T98/><D118/><U73/><E33/><V6/><F55/><W72/><G72/><T24/><D67/><U7/><E73/><V76/><F41/><W59/><G59/><T132/><D40/><U57/><E57/><V135/><F58/><W54/><G54/><T108/><D70/><U77/><E46/><V84/><F110/><W38/><G38/><T126/><D68/><U133/><E44/><V124/><F37/><W69/><G69/><T25/><D108/><U87/><E39/><V50/><F127/><W114/><G114/><T101/><D126/><U102/><E133/><V112/><F124/><W129/><G129/><T100/><D125/><U30/><E87/><V79/><F84/><W0/><G0/><T115/><D115/><U116/><E116/><V16/><F130/><W47/><G47/><T74/><D74/><U65/><E65/><V91/><F135/><W19/><G19/><T28/><D128/><U51/><E17/><V26/><F16/><W131/><G131/><T105/><D134/><U12/><E3/><V93/><F112/><W49/><G49/><T107/><D48/><U85/><E51/><V109/><F50/><W35/><G35/><T119/><D132/><U42/><E85/><V56/><F56/><W32/><G32/><N who="0" m="20487" /><D119/><U60/><E42/><V75/><F75/><W31/><G31/><T117/><D117/><U66/><E30/><V64/><F29/><W15/><G15/><RYUUKYOKU ba="1,2" sc="234,-10,221,-10,295,-10,230,30" hai3="5,13,36,43,45,83,86,90,92,94,96,103,106" /><INIT seed="2,2,2,4,1,10" ten="224,211,285,260" oya="2" hai0="95,23,100,77,5,90,31,18,81,68,76,72,15" hai1="122,50,49,121,53,93,16,63,71,129,44,22,14" hai2="112,36,21,32,116,115,57,92,119,91,25,26,12" hai3="73,98,3,66,125,99,55,126,114,113,54,51,27"/><V97/><F36/><W124/><G73/><T88/><D68/><U109/><E109/><V102/><F32/><W74/><G74/><T37/><D37/><U43/><E129/><V39/><F39/><W132/><G3/><T133/><D133/><U103/><E103/><V19/><F57/><W101/><G132/><T7/><D31/><U28/><E28/><V8/><F26/><W83/><G83/><T56/><D77/><U80/><E80/><V106/><F119/><W13/><G66/><T17/><D56/><U85/><E63/><V6/><REACH who="2" step="1"/><F116/><REACH who="2" ten="224,211,275,260" step="2"/><W128/><G27/><T123/><D123/><U89/><REACH who="1" step="1"/><E71/><REACH who="1" ten="224,201,275,260" step="2"/><V48/><F48/><W35/><G51/><T58/><D72/><U64/><E64/><V52/><F52/><W104/><G55/><T45/><D76/><U131/><E131/><V46/><F46/><AGARI ba="2,4" hai="14,16,22,43,44,46,49,50,53,85,89,93,121,122" machi="46" ten="40,5200,0" yaku="1,1,52,1,54,1,53,0" doraHai="10" doraHaiUra="94" who="1" fromWho="2" sc="224,0,201,98,275,-58,260,0" /><INIT seed="3,0,0,3,0,79" ten="224,299,217,260" oya="3" hai0="61,93,76,81,39,102,101,27,16,112,26,41,98" hai1="117,57,131,51,105,28,56,104,18,128,43,96,29" hai2="73,132,106,111,123,19,59,135,72,49,125,50,22" hai3="65,36,48,74,0,113,114,46,84,107,33,124,60"/><W54/><G74/><T12/><D112/><U20/><E117/><V75/><F106/><N who="1" m="41065" /><E96/><V10/><F111/><W126/><G107/><T8/><D102/><U89/><E89/><V66/><F10/><W3/><G33/><T134/><D134/><N who="2" m="51242" /><F125/><N who="3" m="48235" /><G84/><T6/><D61/><U120/><E120/><V69/><F69/><N who="3" m="42151" /><G3/><T15/><D41/><U64/><E43/><V23/><F123/><W45/><G0/><T55/><D55/><N who="1" m="31871" /><E57/><V34/><F34/><W108/><G108/><T82/><D39/><U2/><E64/><V53/><F66/><W44/><G36/><T110/><D110/><U63/><E63/><N who="2" m="36335" /><F23/><W62/><G62/><T38/><D38/><U94/><E2/><V52/><F52/><W83/><G83/><N who="0" m="31755" /><D76/><U90/><E20/><AGARI ba="0,0" hai="6,8,12,15,16,20,26,27,93,98,101" m="31755" machi="20" ten="30,8000,1" yaku="8,1,52,3,54,1" doraHai="79" who="0" fromWho="1" sc="224,80,299,-80,217,0,260,0" /><INIT seed="4,0,0,5,1,55" ten="304,219,217,260" oya="0" hai0="53,37,29,96,2,108,111,97,42,114,103,8,39" hai1="80,133,61,91,90,117,87,92,51,125,23,69,65" hai2="46,20,64,21,31,62,28,43,86,79,98,100,132" hai3="106,5,78,27,72,105,127,77,35,88,74,41,6"/><T22/><D114/><U94/><E117/><V18/><F132/><W76/><G41/><T17/><D29/><U45/><E133/><V81/><F21/><W110/><G27/><T101/><D53/><U71/><E125/><V89/><F79/><W54/><G54/><T118/><D118/><U34/><E34/><V123/><F123/><W67/><G67/><T124/><D124/><U10/><E71/><V122/><F122/><W38/><G38/><N who="0" m="14347" /><D42/><U4/><E23/><V52/><F43/><W0/><G35/><T48/><D48/><U66/><E66/><V60/><F60/><W30/><G30/><T63/><D63/><U12/><REACH who="1" step="1"/><E91/><REACH who="1" ten="304,209,217,260" step="2"/><V57/><F64/><W25/><G88/><T119/><D22/><U70/><E70/><V49/><F46/><W40/><G127/><T24/><D119/><U135/><E135/><V68/><F68/><W26/><G74/><T128/><D111/><U1/><E1/><V115/><F115/><W84/><G0/><T109/><D2/><U59/><E59/><V47/><F47/><W33/><G72/><T130/><D109/><U116/><E116/><V73/><F73/><W121/><G33/><T56/><D108/><U14/><E14/><V9/><F62/><W99/><G110/><T3/><D3/><U19/><E19/><V11/><F31/><W50/><G121/><T75/><D75/><U44/><E44/><V7/><F28/><W113/><G113/><T13/><D56/><U15/><E15/><N who="2" m="9311" /><F7/><W131/><G5/><T85/><D13/><U58/><E58/><V104/><F57/><W120/><G6/><RYUUKYOKU ba="0,1" sc="304,-15,209,15,217,15,260,-15" hai1="4,10,12,45,51,61,65,69,80,87,90,92,94" hai2="9,11,49,52,81,86,89,98,100,104" /><INIT seed="5,1,1,0,2,5" ten="289,224,232,245" oya="1" hai0="2,115,92,30,7,109,123,122,69,125,124,127,59" hai1="74,106,108,3,66,58,78,94,117,102,24,56,43" hai2="75,99,84,17,18,4,88,114,111,62,46,91,40" hai3="70,9,22,118,76,65,113,53,96,119,105,103,104"/><U41/><E117/><N who="3" m="44554" /><G113/><T0/><D109/><U37/><E106/><V13/><F114/><W33/><G33/><T15/><D115/><U1/><E108/><V135/><F111/><W131/><G131/><T101/><D69/><U44/><E41/><V100/><F75/><W11/><G105/><T79/><D30/><U45/><E45/><V86/><F135/><W72/><G53/><T16/><D79/><U90/><E102/><V29/><F29/><W112/><G112/><T129/><D129/><U12/><E24/><V82/><F62/><N who="3" m="40247" /><G22/><N who="0" m="11551" /><D59/><U10/><E78/><V54/><F54/><W20/><G20/><T132/><D132/><U89/><E74/><V63/><F63/><W85/><G72/><T120/><D7/><U27/><E27/><V110/><F110/><W81/><AGARI ba="1,1" hai="9,11,76,81,85,96,103,104" m="40247,44554" machi="81" ten="30,4000,0" yaku="12,1,52,2" doraHai="5" who="3" fromWho="3" sc="289,-11,224,-21,232,-11,245,53" /><INIT seed="6,0,0,5,5,120" ten="278,203,221,298" oya="2" hai0="97,118,56,33,119,45,23,4,121,8,87,117,30" hai1="1,126,106,79,105,46,49,89,98,19,34,124,11" hai2="110,73,72,130,114,51,91,78,62,64,32,135,42" hai3="52,83,12,128,14,3,59,35,38,27,16,80,67"/><V25/><F114/><W93/><G38/><T129/><D121/><U102/><E34/><V109/><F78/><W95/><G3/><T84/><D129/><U6/><E106/><V61/><F130/><W86/><G67/><T82/><D33/><U132/><E132/><V60/><F135/><W41/><G41/><T5/><D97/><U2/><E2/><V107/><F107/><W127/><G127/><T10/><D45/><U99/><E79/><V92/><F64/><W36/><G36/><T48/><D56/><U53/><REACH who="1" step="1"/><E19/><REACH who="1" ten="278,193,221,298" step="2"/><V37/><F37/><W115/><G35/><T24/><D118/><U20/><E20/><V131/><F131/><W111/><G128/><T0/><D23/><U116/><E116/><V40/><F32/><W108/><G16/><T96/><D0/><U103/><E103/><V58/><F25/><W69/><G27/><T13/><D24/><U75/><E75/><V123/><F123/><W100/><G100/><T43/><D117/><U9/><E9/><V76/><F73/><W18/><G18/><T28/><D10/><U81/><E81/><V77/><F77/><W94/><G83/><T7/><D82/><U44/><E44/><V26/><F26/><W50/><G14/><T15/><D119/><U112/><E112/><V71/><F76/><N who="3" m="46343" /><G12/><N who="0" m="4683" /><D8/><U113/><E113/><V85/><F72/><W90/><G115/><T29/><D30/><U31/><E31/><V47/><F71/><W68/><G90/><T133/><D133/><U57/><E57/><V134/><F58/><W21/><G21/><T104/><D29/><U125/><E125/><RYUUKYOKU ba="0,1" sc="278,-15,193,15,221,-15,298,15" hai1="1,6,11,46,49,53,89,98,99,102,105,124,126" hai3="50,52,59,68,69,93,94,95,108,111" /><INIT seed="7,1,1,5,0,80" ten="263,208,206,313" oya="3" hai0="135,88,92,100,40,13,86,124,94,85,15,41,4" hai1="3,125,1,38,59,132,84,77,115,90,30,45,97" hai2="6,128,114,103,16,44,71,31,87,99,36,108,18" hai3="126,43,106,46,74,58,69,11,62,133,66,107,122"/><W27/><G74/><T111/><D111/><U82/><E115/><V10/><F108/><W20/><G122/><T61/><D135/><U64/><E132/><V91/><F114/><W130/><G133/><T75/><D75/><U54/><E125/><V93/><F71/><W134/><G134/><T25/><D124/><U48/><E30/><V101/><F128/><W23/><G23/><T33/><D33/><U129/><E129/><V39/><F31/><W51/><G130/><T79/><D25/><U29/><E29/><V123/><F123/><W109/><G109/><T55/><D79/><U22/><E22/><V68/><F68/><W53/><G11/><N who="0" m="4327" /><D15/><U52/><E64/><V7/><F103/><W9/><G9/><T127/><D127/><U118/><E118/><V49/><F39/><N who="3" m="21887" /><G126/><T113/><D113/><U67/><E67/><V116/><F36/><W120/><G120/><T21/><D21/><U5/><E5/><N who="2" m="1547" /><F10/><W83/><G20/><T28/><D28/><U104/><E38/><V60/><F60/><W81/><G27/><T76/><D76/><U57/><E57/><V105/><F116/><W98/><G107/><T110/><D110/><U19/><E19/><V72/><F72/><W37/><G37/><T65/><D65/><U50/><E104/><V89/><F89/><W96/><G106/><T32/><D32/><U70/><E70/><V47/><F47/><W24/><G24/><T63/><D100/><U117/><E117/><V73/><F73/><W131/><G131/><T14/><D14/><U121/><E121/><V0/><F0/><W8/><G8/><RYUUKYOKU ba="1,1" sc="263,-30,208,10,206,10,313,10" hai1="1,3,45,48,50,52,54,59,77,82,84,90,97" hai2="16,18,44,49,87,91,93,99,101,105" hai3="51,53,58,62,66,69,81,83,96,98" owari="233,3.0,218,-18.0,216,-28.0,333,43.0" /></mjloggm>