<mjloggm ver="2.3"><GO type="97" lobby="0"/><UN n0="%E6%A1%9C%E4%BA%95%E3%81%95%E3%82%93" n1="%E5%B0%B1%E6%B4%BB%E7%94%9F%40%E5%B7%9D%E6%9D%91%E8%BB%8D%E5%9B%A3" n2="%E5%A4%A9%E6%89%8D%E9%BA%BB%E5%B0%86%E2%91%A8" n3="%E5%86%B7%E5%87%8D%E3%83%8F%E3%83%A0%E3%82%B9%E3%82%BF%E3%83%BC" dan="13,15,13,13" rate="1987.04,2000.45,1912.29,1927.18" sx="M,M,F,M"/><TAIKYOKU oya="0"/><INIT seed="0,0,0,5,5,109" ten="250,250,250,250" oya="0" hai0="62,111,110,97,69,116,10,107,91,75,8,12,84" hai1="71,51,23,4,79,80,25,106,92,53,65,3,90" hai2="96,36,43,24,44,18,93,63,31,81,33,6,95" hai3="38,66,83,68,130,2,117,61,19,15,17,37,113"/><T29/><D116/><U123/><E106/><V22/><F6/><W70/><G2/><T101/><D75/><U82/><E123/><V58/><F81/><W40/><G130/><T119/><D119/><U115/><E3/><V74/><F74/><W64/><G83/><T60/><D29/><U9/><E71/><V86/><F86/><W87/><G87/><T49/><D49/><U14/><E65/><V132/><F132/><W89/><G89/><T0/><D0/><U104/><E104/><V27/><REACH who="2" step="1"/><F96/><REACH who="2" ten="250,250,240,250" step="2"/><W88/><G117/><T76/><D110/><U131/><E131/><V48/><F48/><W55/><G113/><T108/><D108/><U30/><E79/><V20/><F20/><W56/><G38/><T102/><D76/><U105/><E105/><V7/><F7/><W59/><G37/><T5/><D111/><U112/><E82/><V125/><F125/><W94/><G94/><T122/><D97/><U35/><E80/><V54/><AGARI ba="0,1" hai="18,22,24,27,31,33,36,43,44,54,58,63,93,95" machi="54" ten="20,2700,0" yaku="1,1,0,1,7,1,53,0" doraHai="109" doraHaiUra="100" who="2" fromWho="2" sc="250,-13,250,-7,240,37,250,-7" /><INIT seed="1,0,0,0,3,27" ten="237,243,277,243" oya="1" hai0="36,25,14,93,15,19,94,126,130,76,120,109,32" hai1="77,10,4,134,6,53,59,107,40,13,66,124,102" hai2="72,56,7,57,89,74,100,106,60,98,108,73,34" hai3="41,3,69,42,45,12,62,9,18,119,91,24,127"/><U33/><E134/><V2/><F34/><W29/><G127/><T80/><D36/><U28/><E124/><V97/><F7/><W118/><G42/><T71/><D126/><U135/><E135/><V64/><F2/><W31/><G3/><T21/><D71/><U58/><E40/><V43/><F43/><W83/><G69/><T96/><D109/><U20/><E33/><V11/><F108/><W38/><G62/><T67/><D67/><U39/><E39/><V113/><F113/><W75/><G75/><T115/><D115/><U22/><E77/><V104/><F11/><W51/><G51/><T86/><D130/><U116/><E116/><N who="3" m="44586" /><G24/><T101/><D120/><U44/><E107/><V70/><F89/><W61/><G61/><T35/><D35/><U78/><E102/><AGARI ba="0,0" hai="56,57,60,64,70,72,73,74,97,98,100,102,104,106" machi="102" ten="40,1300,0" yaku="9,1" doraHai="27" who="2" fromWho="1" sc="237,0,243,-13,277,13,243,0" /><INIT seed="2,0,0,2,5,10" ten="237,230,290,243" oya="2" hai0="128,97,96,58,24,100,50,34,85,21,129,121,44" hai1="52,4,14,82,22,117,60,48,25,36,106,56,133" hai2="35,20,46,83,54,111,12,98,43,38,17,63,39" hai3="107,64,130,66,105,9,135,112,125,67,70,91,134"/><V77/><F35/><W3/><G70/><T7/><D121/><U119/><E36/><V74/><F98/><W94/><G112/><T116/><D34/><U61/><E106/><N who="3" m="40458" /><G130/><N who="0" m="50283" /><D116/><U27/><E133/><N who="3" m="50698" /><G125/><T19/><D100/><U87/><E117/><V26/><F111/><W79/><G79/><T101/><D101/><U109/><E109/><V127/><F127/><W92/><G91/><T84/><D7/><AGARI ba="0,0" hai="3,7,9,64,66,67,92,94" m="50698,40458" machi="7" ten="40,1300,0" yaku="20,1" doraHai="10" who="3" fromWho="0" sc="237,-13,230,0,290,0,243,13" /><INIT seed="3,0,0,1,0,56" ten="224,230,290,256" oya="3" hai0="43,15,47,132,58,45,67,41,37,86,59,6,55" hai1="53,93,82,101,91,89,92,75,99,9,42,60,49" hai2="87,79,28,10,108,119,105,111,131,120,114,129,98" hai3="3,69,63,33,76,88,17,97,70,20,25,103,78"/><W5/><G88/><N who="1" m="33866" /><E75/><V46/><F114/><W102/><G33/><T0/><D0/><U77/><E42/><V40/><F119/><W48/><G48/><N who="0" m="31079" /><D86/><N who="1" m="48463" /><E92/><V94/><F105/><W61/><G103/><T90/><D90/><U39/><E39/><V134/><F120/><W128/><G128/><N who="2" m="49225" /><F134/><W24/><G24/><T125/><D15/><U66/><E9/><V30/><F10/><W96/><G5/><T2/><D6/><U16/><E66/><V35/><F35/><W44/><G3/><T116/><D2/><U110/><E110/><N who="2" m="42027" /><F46/><W12/><G44/><T112/><D116/><U7/><E7/><V81/><F40/><W38/><G38/><N who="0" m="21687" /><D132/><U123/><E123/><V13/><F13/><W71/><G12/><T115/><D125/><U65/><E65/><V117/><F117/><W36/><G36/><T84/><D84/><U19/><E49/><V21/><F21/><W68/><N who="3" m="17920" /><DORA hai="95" /><W126/><G126/><T73/><D73/><U109/><E109/><V22/><F22/><W26/><G20/><T113/><D67/><U80/><E80/><V107/><F107/><W62/><G102/><AGARI ba="0,0" hai="28,30,79,81,87,94,98,102" m="42027,49225" machi="102" ten="30,3900,0" yaku="19,1,14,1,52,1" doraHai="56,95" who="2" fromWho="3" sc="224,0,230,0,290,39,256,-39" owari="224,-18.0,230,3.0,329,43.0,217,-28.0" /></mjloggm>