<mjloggm ver="2.3"><GO type="97" lobby="0"/><UN n0="%6E%6F%6D%69%33" n1="%41%55%52%4F%52%41" n2="%E9%AD%94%E4%BA%BA%E3%81%B6%E3%83%BC" n3="%E3%82%A6%E3%83%AB%E3%83%88%E3%83%A9%E7%AB%8B%E7%9B%B4" dan="13,14,13,15" rate="1863.29,2015.35,1868.29,2063.75" sx="M,M,M,M"/><TAIKYOKU oya="0"/><INIT seed="0,0,0,5,4,42" ten="250,250,250,250" oya="0" hai0="7,101,67,120,127,130,81,31,38,3,113,17,87" hai1="6,48,99,62,96,92,39,15,24,80,8,41,36" hai2="108,34,94,43,44,134,35,125,119,20,105,50,109" hai3="56,107,110,53,27,37,106,18,122,91,21,66,68"/><T77/><D120/><U86/><E24/><V14/><F105/><W47/><G110/><T111/><D113/><U135/><E135/><V2/><F2/><W95/><G122/><T78/><D111/><N who="2" m="42570" /><F134/><W4/><G4/><T57/><D31/><U16/><E62/><V133/><F133/><W63/><G68/><T83/><D101/><U89/><E96/><V98/><F125/><W60/><G60/><T84/><D127/><U82/><E82/><V64/><F64/><W49/><REACH who="3" step="1"/><G37/><REACH who="3" ten="250,250,250,240" step="2"/><T29/><D38/><U54/><E6/><V126/><F126/><W132/><G132/><T5/><D29/><U30/><E30/><V40/><F119/><W71/><G71/><T28/><D3/><U76/><REACH who="1" step="1"/><E41/><REACH who="1" ten="250,240,250,240" step="2"/><N who="2" m="24847" /><F35/><W51/><G51/><T52/><D28/><U88/><E88/><N who="2" m="55623" /><F34/><W117/><G117/><T22/><D67/><U90/><E90/><V32/><F32/><W1/><G1/><T79/><D79/><U12/><E12/><V103/><F103/><W10/><G10/><T85/><D85/><AGARI ba="0,2" hai="18,21,27,47,49,53,56,63,66,85,91,95,106,107" machi="85" ten="30,3900,0" yaku="1,1,7,1,52,1,53,0" doraHai="42" doraHaiUra="25" who="3" fromWho="0" sc="250,-39,240,0,250,0,240,59" /><INIT seed="1,0,0,3,1,103" ten="211,240,250,299" oya="1" hai0="133,20,74,118,40,98,94,75,60,112,114,50,62" hai1="119,11,105,4,69,9,19,33,91,125,134,42,84" hai2="35,93,48,44,47,101,10,54,53,124,21,126,107" hai3="67,3,89,27,115,120,17,92,97,36,31,113,128"/><U14/><E119/><V117/><F117/><W88/><G36/><T71/><D118/><U24/><E69/><V23/><F35/><W109/><G3/><T99/><D133/><U8/><E134/><V38/><F10/><W46/><G120/><T49/><D71/><U28/><E42/><V76/><F76/><W81/><G113/><T122/><D40/><U0/><E125/><V131/><F131/><W108/><G115/><T95/><REACH who="0" step="1"/><D20/><REACH who="0" ten="201,240,250,299" step="2"/><U1/><E9/><V86/><F21/><W32/><G128/><T72/><D72/><U65/><E11/><V79/><F23/><W121/><G121/><AGARI ba="0,1" hai="49,50,60,62,74,75,94,95,98,99,112,114,121,122" machi="121" ten="25,3200,0" yaku="1,1,22,2,53,0" doraHai="103" doraHaiUra="43" who="0" fromWho="3" sc="201,42,240,0,250,0,299,-32" /><INIT seed="2,0,0,1,5,102" ten="243,240,250,267" oya="2" hai0="28,77,5,9,23,120,125,90,91,126,106,27,21" hai1="19,14,121,1,94,131,78,20,57,24,25,30,105" hai2="87,128,26,88,6,73,89,109,133,18,127,0,76" hai3="83,60,72,53,40,69,85,56,35,58,45,107,71"/><V97/><F133/><W75/><G35/><T124/><D77/><U116/><E116/><V117/><F117/><W42/><G71/><T81/><D120/><U111/><E1/><V8/><F128/><W13/><G69/><T48/><D23/><U37/><E37/><V65/><F127/><W46/><G107/><T110/><D110/><U67/><E131/><V54/><F73/><W44/><G13/><T55/><D106/><U132/><E105/><V135/><F135/><W118/><G118/><T17/><D81/><U122/><E111/><V31/><F65/><W113/><G113/><T96/><D96/><U74/><E132/><V50/><F97/><W95/><G75/><T68/><D68/><U84/><E74/><V3/><F3/><W16/><G95/><T15/><REACH who="0" step="1"/><D28/><REACH who="0" ten="233,240,250,267" step="2"/><U66/><E30/><V39/><F109/><W12/><G72/><T59/><AGARI ba="0,1" hai="5,9,15,17,21,27,48,55,59,90,91,124,125,126" machi="59" ten="30,7900,0" yaku="1,1,2,1,0,1,18,1,53,0" doraHai="102" doraHaiUra="82" who="0" fromWho="0" sc="233,89,240,-20,250,-39,267,-20" /><INIT seed="3,0,0,2,5,72" ten="322,220,211,247" oya="3" hai0="76,57,99,82,6,61,125,17,46,66,19,69,110" hai1="122,135,12,10,51,87,90,131,63,88,95,83,121" hai2="13,54,119,45,21,14,50,104,49,96,5,91,124" hai3="117,64,16,89,108,36,40,123,86,98,55,15,78"/><W52/><G36/><T112/><D110/><U81/><E131/><V68/><F68/><W130/><G40/><T101/><D125/><U75/><E135/><V74/><F74/><W53/><G123/><T37/><D112/><U0/><E0/><V77/><F124/><W105/><G117/><T58/><D57/><U22/><E63/><V85/><F119/><W34/><G34/><T3/><D69/><U126/><E126/><V18/><F50/><W120/><G120/><T42/><D3/><U129/><E129/><V25/><F5/><W24/><G105/><T65/><D65/><U109/><E22/><V30/><F104/><W106/><G106/><T84/><D6/><U128/><E109/><V27/><F96/><W114/><G114/><T23/><D23/><U113/><E128/><V41/><F54/><W38/><G38/><T111/><D111/><U4/><E51/><V33/><F77/><W8/><G108/><T100/><D100/><U79/><E113/><V134/><F134/><W115/><G115/><T47/><D47/><U29/><E29/><V39/><F39/><W44/><G130/><T48/><D37/><U94/><E83/><AGARI ba="0,0" hai="13,14,18,21,25,27,30,33,41,45,49,83,85,91" machi="83" ten="30,1000,0" yaku="7,1" doraHai="72" who="2" fromWho="1" sc="322,0,220,-10,211,10,247,0" owari="322,42.0,210,-29.0,221,-18.0,247,5.0" /></mjloggm>