<mjloggm ver="2.3"><GO type="97" lobby="0"/><UN n0="%E9%B7%B9%EF%BC%93" n1="%E3%81%82%E3%81%95%E3%81%B2%E3%81%8B%E3%82%8F" n2="%E5%B0%B1%E6%B4%BB%E7%94%9F%40%E5%B7%9D%E6%9D%91%E8%BB%8D%E5%9B%A3" n3="%6B%6F%2D%73%68%69%72%6F" dan="15,14,13,14" rate="1978.06,1920.74,1890.34,1956.97" sx="M,M,M,M"/><TAIKYOKU oya="0"/><INIT seed="0,0,0,0,4,35" ten="250,250,250,250" oya="0" hai0="19,10,116,55,110,83,114,100,36,117,11,29,14" hai1="50,84,57,74,8,62,43,131,40,63,99,61,82" hai2="22,33,70,1,4,67,129,89,86,5,72,24,130" hai3="88,65,52,92,80,79,25,68,23,90,128,48,18"/><T47/><D110/><U56/><E74/><V49/><F72/><W28/><G128/><N who="2" m="49257" /><F33/><W6/><G6/><T34/><D114/><U0/><E131/><V51/><F70/><W85/><G68/><T127/><D127/><U66/><E99/><V3/><F67/><W76/><G65/><T27/><D100/><U30/><E30/><N who="2" m="17687" /><F5/><W64/><G64/><T73/><D10/><U41/><E50/><N who="2" m="18955" /><F4/><W102/><G102/><T78/><REACH who="0" step="1"/><D55/><REACH who="0" ten="240,250,250,250" step="2"/><U12/><E66/><V54/><F54/><W124/><G124/><T123/><D123/><U16/><REACH who="1" step="1"/><E0/><REACH who="1" ten="240,240,250,250" step="2"/><V75/><F75/><W58/><REACH who="3" step="1"/><G28/><REACH who="3" ten="240,240,250,240" step="2"/><T134/><D134/><U119/><E119/><V9/><F9/><W107/><G107/><T31/><D31/><U121/><E121/><V59/><F3/><W42/><G42/><AGARI ba="0,3" hai="11,14,19,27,29,34,36,42,47,73,78,83,116,117" machi="42" ten="40,3900,0" yaku="1,1,53,1" doraHai="35" doraHaiUra="26" who="0" fromWho="3" sc="240,69,240,0,250,0,240,-39" /><INIT seed="0,1,0,4,2,85" ten="309,240,250,201" oya="0" hai0="46,123,12,30,49,95,121,65,72,115,98,104,111" hai1="45,21,40,7,101,108,114,31,68,86,4,11,81" hai2="122,74,32,10,1,61,62,105,0,90,38,113,27" hai3="135,88,23,13,96,69,132,36,134,18,44,41,83"/><T3/><D115/><U75/><E75/><V100/><F122/><W120/><G69/><T126/><D3/><U89/><E114/><V118/><F113/><W56/><G120/><T43/><D104/><U52/><E68/><V92/><F38/><W97/><G56/><T109/><D72/><U93/><E108/><N who="0" m="41545" /><D65/><U112/><E112/><V22/><F118/><W34/><G34/><T33/><D126/><U107/><E107/><V133/><F32/><W8/><G23/><T25/><D12/><U48/><E40/><V60/><F74/><W131/><G131/><T42/><D42/><U6/><E101/><AGARI ba="1,0" hai="25,30,33,43,46,49,95,98,101,121,123" m="41545" machi="101" ten="30,2900,0" yaku="14,1,10,1" doraHai="85" who="0" fromWho="1" sc="309,32,240,-32,250,0,201,0" /><INIT seed="0,2,0,0,4,76" ten="341,208,250,201" oya="0" hai0="35,85,90,56,50,26,29,41,2,44,52,15,39" hai1="118,99,127,73,98,24,0,117,113,61,36,71,119" hai2="108,22,123,23,110,46,57,120,12,42,124,19,18" hai3="66,100,17,69,111,58,121,94,11,102,83,81,74"/><T49/><D2/><U7/><E113/><V82/><F124/><W45/><G69/><T87/><D15/><U77/><E127/><V3/><F3/><W86/><G74/><T47/><REACH who="0" step="1"/><D90/><REACH who="0" ten="331,208,250,201" step="2"/><U133/><E119/><V16/><F12/><W105/><G105/><T131/><D131/><U32/><E118/><V70/><F123/><W107/><G121/><T6/><D6/><U126/><E117/><V64/><F120/><W68/><G68/><T101/><D101/><N who="3" m="39017" /><G107/><T21/><D21/><U13/><E126/><V43/><F70/><W80/><G111/><T10/><D10/><U63/><E0/><V128/><F128/><W31/><G31/><T65/><D65/><U38/><E7/><V135/><F135/><W125/><G125/><T104/><D104/><U75/><E13/><V134/><F134/><W115/><G115/><T109/><D109/><U106/><E133/><V5/><F108/><W4/><G4/><T48/><D48/><U79/><E106/><V62/><F110/><W97/><G11/><T40/><AGARI ba="2,1" hai="26,29,35,39,40,41,44,47,49,50,52,56,85,87" machi="40" ten="20,7800,0" yaku="1,1,0,1,7,1,54,1,53,0" doraHai="76" doraHaiUra="59" who="0" fromWho="0" sc="331,94,208,-28,250,-28,201,-28" /><INIT seed="0,3,0,5,1,53" ten="425,180,222,173" oya="0" hai0="89,119,106,22,97,67,70,25,8,42,60,118,71" hai1="116,32,39,30,99,127,88,3,129,63,135,0,108" hai2="50,56,14,58,111,13,64,134,55,59,130,128,65" hai3="115,123,110,98,72,96,23,21,28,26,16,35,69"/><T122/><D122/><U75/><E30/><V87/><F134/><W41/><G69/><T84/><D71/><U18/><E18/><V79/><F111/><W51/><G72/><T126/><D126/><U93/><E63/><V48/><F79/><W61/><G110/><T86/><D42/><U9/><E9/><V4/><F87/><W19/><G115/><T80/><D86/><U95/><E99/><V125/><F125/><W5/><G123/><T40/><D40/><U73/><E95/><V104/><F104/><W101/><G61/><T133/><D133/><U120/><E93/><V57/><F50/><W6/><G101/><T117/><D8/><U20/><E88/><V38/><F38/><W107/><G107/><T43/><D43/><U54/><E20/><V132/><F132/><W1/><G1/><T11/><D11/><U94/><E94/><V37/><F37/><W46/><G35/><T76/><D106/><U31/><E54/><V81/><F81/><W77/><G77/><T131/><D131/><N who="2" m="50218" /><F4/><N who="3" m="1643" /><G28/><T7/><D7/><U103/><E103/><V27/><F27/><AGARI ba="3,0" hai="16,19,21,23,26,27,41,46,51,96,98" m="1643" machi="27" ten="30,2000,0" yaku="8,1,54,1" doraHai="53" who="3" fromWho="2" sc="425,0,180,0,222,-29,173,29" /><INIT seed="1,0,0,3,4,59" ten="425,180,193,202" oya="1" hai0="95,27,12,43,99,9,30,45,38,3,32,25,86" hai1="63,97,104,68,37,115,109,71,118,74,82,91,123" hai2="11,51,107,49,18,64,46,42,121,53,75,84,111" hai3="92,100,5,65,4,70,57,114,85,60,81,122,14"/><U127/><RYUUKYOKU type="yao9" ba="0,0" sc="425,0,180,0,193,0,202,0" hai1="37,63,68,71,74,82,91,97,104,109,115,118,123,127" /><INIT seed="1,1,0,4,3,81" ten="425,180,193,202" oya="1" hai0="26,86,23,34,102,93,22,129,70,29,57,2,84" hai1="115,76,128,16,19,100,12,10,66,4,101,24,83" hai2="14,80,132,47,0,48,53,121,72,40,20,25,111" hai3="50,89,42,6,120,8,39,107,61,15,45,54,41"/><U65/><E115/><V35/><F0/><W31/><G120/><T74/><D74/><U109/><E128/><V134/><F121/><W17/><G107/><T9/><D70/><U32/><E32/><V27/><F111/><W131/><G131/><T87/><D129/><U127/><E127/><V49/><F35/><W113/><G113/><T71/><D71/><U106/><E109/><V56/><F14/><W112/><G112/><T108/><D108/><U133/><E133/><N who="2" m="51307" /><F20/><W7/><G31/><T114/><D114/><U97/><E101/><V103/><F103/><W78/><G78/><AGARI ba="1,0" hai="25,27,40,47,48,49,53,56,72,78,80" m="51307" machi="78" ten="30,1000,0" yaku="20,1" doraHai="81" who="2" fromWho="3" sc="425,0,180,0,193,13,202,-13" /><INIT seed="2,0,0,0,0,89" ten="425,180,206,189" oya="2" hai0="79,57,51,104,114,130,131,39,123,83,85,93,35" hai1="68,52,54,12,126,82,73,3,6,23,5,45,67" hai2="58,28,42,91,25,135,65,15,78,44,129,75,122" hai3="127,32,20,16,14,30,64,50,34,59,116,62,108"/><V60/><F122/><W103/><G116/><T98/><D39/><U125/><E3/><V37/><F129/><N who="0" m="49162" /><D35/><U38/><E73/><V121/><F135/><W134/><G134/><T7/><D123/><U2/><E2/><V110/><F110/><W101/><G108/><T63/><D114/><U56/><E82/><V102/><F121/><W115/><G115/><T100/><D7/><U40/><E23/><V49/><F102/><W1/><G1/><T95/><D51/><N who="1" m="30751" /><E12/><V90/><F15/><W13/><G127/><N who="1" m="48650" /><E6/><V74/><F37/><W81/><G34/><T36/><D36/><U61/><E5/><V70/><F70/><W0/><G0/><T11/><D11/><U84/><E84/><V26/><F26/><W86/><G32/><T94/><D104/><U88/><E88/><V132/><F132/><W19/><G30/><T99/><D100/><U10/><E10/><V29/><F29/><W41/><G41/><T53/><AGARI ba="0,0" hai="53,57,63,79,83,85,93,94,95,98,99" m="49162" machi="53" ten="30,7900,0" yaku="19,1,52,3" doraHai="89" who="0" fromWho="0" sc="425,79,180,-20,206,-39,189,-20" /><INIT seed="3,0,0,0,0,69" ten="504,160,167,169" oya="3" hai0="122,4,70,108,74,94,90,30,73,100,51,55,101" hai1="85,132,17,42,63,33,8,26,29,53,133,116,119" hai2="95,93,14,58,89,7,57,107,59,72,50,56,113" hai3="84,2,75,38,31,64,44,80,54,61,123,13,39"/><W111/><G123/><T48/><D70/><U134/><E85/><N who="2" m="52399" /><F107/><W103/><G75/><T97/><D108/><U25/><E42/><V135/><F72/><W0/><G111/><T81/><D122/><U60/><E53/><N who="2" m="31799" /><F135/><W115/><G115/><T99/><D4/><U15/><E25/><V20/><F113/><W83/><G103/><T82/><D30/><U41/><E41/><V43/><F43/><W105/><G105/><T23/><D23/><U92/><E92/><V22/><F95/><W78/><G31/><T47/><D51/><U3/><E3/><V112/><F112/><W37/><G83/><N who="0" m="31755" /><D74/><U121/><E121/><V77/><F77/><W18/><G44/><T79/><D73/><U96/><E96/><N who="0" m="36937" /><D79/><U128/><E128/><V11/><AGARI ba="0,0" hai="7,11,14,20,22,57,58,59" m="31799,52399" machi="11" ten="30,1100,0" yaku="8,1" doraHai="69" who="2" fromWho="2" sc="504,-3,160,-3,167,11,169,-5" owari="501,60.0,157,-34.0,178,-2.0,164,-24.0" /></mjloggm>