<mjloggm ver="2.3"><GO type="97" lobby="0"/><UN n0="%72%63%70%62" n1="%6B%74%72%67" n2="%E5%B0%B1%E6%B4%BB%E7%94%9F%40%E5%B7%9D%E6%9D%91%E8%BB%8D%E5%9B%A3" n3="%56%75%6C%70%65%73" dan="15,14,13,14" rate="2030.13,1964.52,1890.46,1856.21" sx="M,M,M,M"/><TAIKYOKU oya="0"/><INIT seed="0,0,0,2,0,96" ten="250,250,250,250" oya="0" hai0="12,78,39,68,4,121,118,102,22,111,100,14,34" hai1="27,20,117,120,18,24,62,122,127,107,105,57,123" hai2="81,46,41,112,7,113,16,64,134,115,40,114,6" hai3="25,8,45,85,133,31,129,93,71,124,13,67,69"/><T19/><D68/><U70/><E70/><V131/><F131/><W15/><G129/><T52/><D39/><U119/><E127/><V126/><F134/><W77/><G133/><T75/><D34/><U36/><E36/><V5/><F126/><W55/><G124/><T44/><D121/><U82/><E82/><V80/><N who="2" m="29184" /><DORA hai="92" /><V90/><F64/><W35/><G67/><T97/><D118/><U47/><E47/><V73/><F73/><W33/><G33/><T72/><D111/><U76/><E76/><V26/><F90/><W65/><G65/><T94/><D102/><U21/><E62/><V89/><F89/><W54/><G71/><T30/><D30/><U9/><E57/><V50/><REACH who="2" step="1"/><F41/><REACH who="2" ten="250,250,240,250" step="2"/><W60/><G77/><T74/><D78/><U48/><E117/><V1/><F1/><W98/><G55/><T63/><D74/><U88/><E119/><V125/><F125/><W86/><G54/><T0/><D0/><U51/><E88/><V116/><F116/><W91/><G91/><T3/><D3/><U79/><E79/><V104/><F104/><W17/><G69/><T23/><D75/><U110/><E123/><V84/><F84/><W109/><G85/><T28/><D72/><U106/><E106/><V43/><F43/><W83/><G86/><T53/><D53/><U87/><E87/><V61/><F61/><W130/><G83/><T56/><D63/><U59/><E122/><V38/><F38/><W29/><G60/><T11/><D52/><U99/><E120/><V66/><F66/><W128/><G130/><T58/><D56/><RYUUKYOKU ba="0,1" sc="250,-10,250,-10,240,30,250,-10" hai2="5,6,7,16,26,40,46,50,80,81" /><INIT seed="1,1,1,3,5,61" ten="240,240,270,240" oya="1" hai0="12,56,131,32,45,9,92,113,47,80,100,130,99" hai1="101,69,64,66,135,27,68,62,95,28,115,112,63" hai2="59,39,18,110,44,70,102,26,73,109,82,54,13" hai3="33,19,20,58,2,84,4,48,85,121,107,50,127"/><U90/><E101/><V74/><F70/><W17/><G121/><T57/><D113/><U40/><E40/><N who="2" m="22559" /><F26/><W72/><G72/><T132/><D132/><U8/><E8/><N who="2" m="6439" /><F102/><W29/><G107/><T35/><D80/><U0/><E135/><V67/><F82/><W116/><G116/><T25/><D47/><U49/><E0/><V71/><F74/><W55/><G2/><T83/><D45/><U76/><E76/><V46/><F46/><W98/><G4/><N who="0" m="3111" /><D83/><U36/><E36/><V87/><F87/><W1/><G1/><T124/><D25/><U5/><E5/><V111/><F71/><W123/><G84/><T7/><D7/><U60/><E60/><N who="2" m="38303" /><F73/><W24/><G85/><T133/><D133/><U21/><E49/><V125/><F54/><W103/><G123/><T114/><D32/><U16/><E28/><V30/><F30/><W65/><G50/><T88/><D35/><U37/><E37/><V42/><F42/><W75/><G75/><T120/><D120/><U126/><E126/><AGARI ba="1,1" hai="109,110,111,125,126" m="38303,6439,22559" machi="126" ten="40,2600,0" yaku="14,1,52,1" doraHai="61" who="2" fromWho="1" sc="240,0,240,-29,270,39,240,0" /><INIT seed="2,0,0,3,1,74" ten="240,211,309,240" oya="2" hai0="52,87,1,34,126,11,125,123,65,21,111,57,77" hai1="44,56,6,109,19,3,117,84,69,127,94,119,114" hai2="132,128,23,113,12,98,101,41,89,130,83,105,90" hai3="48,124,76,81,50,10,70,5,118,42,102,15,51"/><V59/><F41/><W107/><G118/><T112/><D34/><U95/><E69/><V8/><F113/><W13/><G70/><T116/><D123/><U93/><E114/><V73/><F23/><W26/><G124/><T68/><D112/><U103/><E127/><N who="0" m="48649" /><D111/><U85/><E109/><V30/><F30/><W133/><G133/><T108/><D116/><U134/><E134/><V9/><F132/><W100/><G26/><T92/><D65/><U61/><E103/><N who="3" m="39466" /><G107/><T58/><D68/><U47/><E117/><V2/><F2/><W17/><G42/><T88/><D108/><U20/><E3/><V7/><F7/><W14/><G14/><T54/><D21/><U0/><E6/><V36/><F36/><W38/><G38/><T39/><D39/><U97/><E97/><V99/><F99/><W29/><G29/><T4/><D77/><U33/><E33/><V35/><F35/><W96/><G96/><T64/><D64/><U75/><E75/><V79/><F59/><AGARI ba="0,0" hai="1,4,11,52,54,57,58,59,87,88,92" m="48649" machi="59" ten="30,3900,0" yaku="18,1,54,2" doraHai="74" who="0" fromWho="2" sc="240,39,211,0,309,-39,240,0" /><INIT seed="3,0,0,4,1,8" ten="279,211,270,240" oya="3" hai0="21,12,109,114,105,9,73,90,25,96,67,30,127" hai1="128,13,6,28,52,60,18,11,92,44,102,45,116" hai2="129,50,35,62,108,31,103,33,100,66,86,118,15" hai3="48,85,133,98,68,72,49,14,82,47,117,19,23"/><W29/><G117/><T119/><D119/><U74/><E74/><V10/><F118/><W61/><G72/><T7/><D73/><U71/><E116/><V125/><F129/><W87/><G133/><T32/><D109/><U54/><E128/><V121/><F108/><W88/><G98/><T81/><D127/><U106/><E106/><V115/><F125/><W51/><G29/><T64/><D114/><U110/><E110/><V1/><F115/><W58/><G68/><T24/><D81/><U59/><E71/><V101/><F121/><W130/><G130/><T113/><D113/><U104/><E104/><V84/><F1/><W93/><G47/><N who="1" m="17994" /><E28/><V41/><F50/><W112/><G112/><T20/><D32/><U77/><E77/><V75/><F75/><W124/><G124/><T94/><D105/><U37/><E37/><V126/><F41/><W91/><G51/><T76/><D76/><U123/><E123/><V97/><F97/><W46/><G46/><T38/><D38/><U36/><E36/><V4/><F126/><W2/><G2/><T80/><D80/><U55/><E6/><V16/><F4/><W95/><G82/><T134/><D134/><U22/><E11/><V135/><F135/><W56/><G56/><T26/><D26/><U120/><E120/><V132/><F132/><W70/><G70/><T65/><D25/><U34/><E34/><N who="2" m="12811" /><F31/><W78/><G78/><T53/><D24/><U3/><E3/><V69/><F69/><W111/><G111/><T40/><D30/><U107/><E107/><V89/><F89/><W42/><G42/><RYUUKYOKU ba="0,0" sc="279,-30,211,10,270,10,240,10" hai1="13,18,22,52,54,55,59,60,92,102" hai2="10,15,16,62,66,84,86,100,101,103" hai3="14,19,23,48,49,58,61,85,87,88,91,93,95" /><INIT seed="3,1,0,4,5,20" ten="249,221,280,250" oya="3" hai0="12,131,13,7,119,4,42,77,113,129,90,10,5" hai1="62,15,135,3,109,2,58,57,65,54,74,9,72" hai2="66,105,92,22,25,98,84,70,34,37,111,115,78" hai3="56,69,91,71,45,63,68,46,73,81,112,60,107"/><W85/><G112/><T23/><D77/><U118/><E118/><V110/><F111/><W52/><G107/><T50/><D119/><U44/><E109/><V55/><F115/><W40/><G73/><T102/><D102/><U132/><E44/><V51/><F34/><W124/><G124/><T106/><D106/><U88/><E72/><V59/><F37/><W48/><REACH who="3" step="1"/><G46/><REACH who="3" ten="249,221,280,240" step="2"/><T116/><D113/><U133/><E74/><V21/><F105/><W127/><G127/><T120/><D131/><U11/><E88/><V126/><F110/><W38/><AGARI ba="1,1" hai="38,40,45,48,52,56,60,63,68,69,71,81,85,91" machi="38" ten="30,6000,0" yaku="1,1,0,1,54,1,53,0" doraHai="20" doraHaiUra="94" who="3" fromWho="3" sc="249,-21,221,-21,280,-21,240,73" owari="228,-17.0,200,-30.0,259,6.0,313,41.0" /></mjloggm>