<mjloggm ver="2.3"><GO type="65" lobby="0"/><UN n0="%54%4F%42%59%55%4E" n1="%4D%4D%5F%6E%65%74" n2="%E5%B0%B1%E6%B4%BB%E7%94%9F%40%E5%B7%9D%E6%9D%91%E8%BB%8D%E5%9B%A3" n3="%73%79%6C%76%65%73" dan="4,11,4,7" rate="1406.80,1642.38,1603.78,1652.59" sx="M,M,M,M"/><TAIKYOKU oya="0"/><INIT seed="0,0,0,4,3,46" ten="250,250,250,250" oya="0" hai0="131,72,40,48,59,84,108,118,83,56,81,51,70" hai1="16,39,98,127,64,13,92,88,79,80,12,95,7" hai2="101,47,67,9,50,86,129,31,58,69,55,6,85" hai3="134,57,77,105,60,102,22,125,42,135,45,30,23"/><T123/><D118/><U116/><E39/><V61/><F129/><W117/><G117/><T2/><D2/><U5/><E116/><V11/><F11/><W78/><G105/><T37/><D72/><U62/><E127/><V18/><F31/><W133/><G102/><T109/><D84/><U33/><E33/><V41/><F18/><W0/><G0/><T120/><D83/><U130/><E130/><V126/><F126/><W76/><G125/><T44/><D81/><U8/><E12/><V35/><F35/><W38/><REACH who="3" step="1"/><G30/><REACH who="3" ten="250,250,250,240" step="2"/><T87/><D87/><U29/><E29/><V82/><F101/><W74/><G74/><T32/><D32/><U28/><E28/><V63/><F82/><W21/><G21/><T128/><D70/><U43/><E92/><V122/><F122/><N who="0" m="46634" /><D59/><U113/><E113/><V65/><F85/><W75/><G75/><T25/><D25/><U26/><E26/><V73/><F86/><W20/><G20/><T104/><D104/><U93/><E93/><V36/><F73/><W24/><G24/><T68/><D68/><U96/><E96/><V3/><REACH who="2" step="1"/><F63/><REACH who="2" ten="250,250,240,240" step="2"/><W99/><G99/><T1/><D1/><U71/><E80/><V110/><F110/><N who="0" m="42602" /><D56/><U52/><E79/><V89/><F89/><W54/><AGARI ba="0,2" hai="22,23,38,42,45,54,57,60,76,77,78,133,134,135" machi="54" ten="40,5200,0" yaku="1,1,0,1,20,1,53,0" doraHai="46" doraHaiUra="10" who="3" fromWho="3" sc="250,-26,250,-13,240,-13,240,72" /><INIT seed="1,0,0,4,2,99" ten="224,237,227,312" oya="1" hai0="16,86,54,5,93,41,97,75,114,15,123,117,49" hai1="10,134,105,52,100,60,65,101,89,94,40,39,71" hai2="130,87,31,34,74,69,2,128,76,37,111,116,4" hai3="135,7,35,42,46,26,63,131,6,92,64,104,77"/><U58/><E134/><V20/><F87/><W53/><G135/><T59/><D114/><U50/><E105/><V11/><F69/><W129/><G104/><T133/><D117/><U115/><E115/><V113/><F37/><W102/><G77/><T125/><D123/><U120/><E120/><V103/><F103/><W72/><G72/><T23/><D133/><U61/><E61/><V38/><F38/><W1/><G1/><T8/><D125/><U32/><E32/><V78/><F78/><W122/><G122/><T108/><D108/><U24/><E24/><N who="2" m="18791" /><F76/><W0/><G0/><T98/><D75/><U91/><E91/><V96/><F96/><N who="3" m="59655" /><G35/><T43/><D98/><U121/><E121/><V25/><F74/><W17/><G26/><T95/><D95/><U132/><E132/><V48/><F48/><N who="3" m="26711" /><G17/><T67/><D67/><U33/><E33/><V51/><F51/><W27/><G27/><T124/><D124/><U44/><REACH who="1" step="1"/><E10/><REACH who="1" ten="224,227,227,312" step="2"/><V55/><F113/><W14/><G64/><T30/><D30/><U110/><E110/><V85/><F111/><W13/><G63/><T82/><D8/><U127/><E127/><V22/><F11/><W70/><G70/><T3/><D3/><U18/><E18/><V21/><F25/><W109/><G109/><T112/><D112/><U79/><E79/><V88/><F2/><W84/><G7/><T81/><D5/><U57/><E57/><V28/><F4/><W19/><G6/><T126/><D126/><U36/><E36/><V83/><F28/><W73/><G19/><T80/><D86/><AGARI ba="0,1" hai="39,40,44,50,52,58,60,65,71,86,89,94,100,101" machi="86" ten="30,24000,3" yaku="1,1,7,1,24,2,52,2,54,1,53,1" doraHai="99" doraHaiUra="47" who="1" fromWho="0" sc="224,-240,227,250,227,0,312,0" owari="-16,-52.0,477,58.0,227,-17.0,312,11.0" /></mjloggm>