<mjloggm ver="2.3"><GO type="169" lobby="0"/><UN n0="%E3%83%A8%E3%82%B3%E3%83%A8%E3%82%B3" n1="%E3%82%A6%E3%83%AB%E3%83%88%E3%83%A9%E7%AB%8B%E7%9B%B4" n2="%E6%A3%AE%E3%82%AB%E3%83%95%E3%82%A7%EF%BC%88%E6%B0%B4%E8%89%B2%EF%BC%89" n3="%6D%6F%63%68%69%30" dan="16,17,17,17" rate="2154.07,2147.93,2116.99,2127.10" sx="M,M,F,F"/><TAIKYOKU oya="0"/><INIT seed="0,0,0,5,3,4" ten="250,250,250,250" oya="0" hai0="14,20,66,34,29,64,118,79,28,120,113,22,126" hai1="51,0,49,109,121,78,91,84,24,103,12,69,101" hai2="97,93,75,99,116,44,112,82,129,87,123,98,100" hai3="134,71,111,131,27,132,124,16,89,110,81,47,13"/><T45/><D118/><U35/><E69/><V102/><F44/><W73/><G71/><T52/><D120/><U8/><E0/><V2/><F2/><W9/><G131/><T86/><D113/><U11/><E121/><V61/><F61/><W30/><G124/><T114/><D114/><U96/><E78/><N who="2" m="44383" /><F112/><W36/><G73/><T76/><D126/><U115/><E115/><V135/><F123/><W56/><G56/><T26/><D34/><U5/><E24/><V1/><F1/><W125/><G125/><T43/><D43/><U72/><E72/><V53/><F53/><W62/><G62/><T90/><D76/><U39/><E39/><V17/><F17/><W74/><G74/><T33/><D79/><U54/><E109/><N who="3" m="41482" /><G89/><T38/><D38/><U94/><E35/><V128/><F135/><N who="3" m="51755" /><G81/><N who="0" m="49487" /><D33/><U108/><E108/><V41/><F116/><W58/><G58/><T32/><D32/><U77/><E49/><V42/><F129/><W19/><G47/><T104/><D104/><U18/><E51/><V106/><F106/><W10/><G36/><T68/><D68/><U50/><E77/><V59/><F59/><W95/><G95/><T80/><D45/><N who="1" m="27983" /><E96/><V107/><F128/><W127/><G127/><T119/><D119/><U92/><E92/><N who="2" m="58407" /><F99/><W117/><G117/><T37/><D37/><U130/><E130/><V122/><F122/><W23/><G30/><T67/><D29/><U85/><E85/><V70/><F70/><W40/><G40/><N who="2" m="15465" /><F87/><W83/><G83/><T31/><D28/><U46/><E46/><V21/><F107/><W55/><G55/><RYUUKYOKU ba="0,0" sc="250,-30,250,10,250,10,250,10" hai1="5,8,11,12,18,84,91,94,101,103" hai2="21,93,98,102" hai3="9,10,13,16,19,23,27" /><INIT seed="1,1,0,1,1,30" ten="220,260,260,260" oya="1" hai0="134,27,132,101,120,114,130,38,23,13,96,115,12" hai1="2,75,76,31,59,32,104,82,66,86,92,64,128" hai2="60,21,108,11,37,57,17,16,113,19,118,67,107" hai3="95,103,105,29,44,125,15,26,45,99,9,51,70"/><U53/><E2/><V41/><F107/><W100/><G125/><T116/><D38/><U14/><E104/><V135/><F118/><W28/><G70/><T83/><D116/><U10/><E128/><V68/><F108/><W129/><G129/><T33/><D120/><U20/><E32/><V79/><F135/><N who="0" m="51754" /><D130/><U5/><E75/><V36/><F113/><N who="0" m="43018" /><D83/><U62/><REACH who="1" step="1"/><E92/><REACH who="1" ten="220,250,260,260" step="2"/><V88/><F21/><W40/><G105/><N who="0" m="63655" /><D33/><U63/><E63/><V22/><F60/><W131/><G131/><T61/><D61/><U80/><E80/><V123/><F22/><W94/><G94/><T117/><D117/><U43/><E43/><V52/><F41/><W54/><G100/><T106/><D106/><U35/><E35/><V124/><F123/><W73/><G73/><T89/><D89/><U81/><E81/><V25/><F88/><W84/><G103/><T48/><D48/><U91/><E91/><V42/><F42/><W87/><G95/><T109/><D109/><U90/><E90/><V72/><F72/><W39/><G99/><T121/><D121/><U127/><E127/><V55/><F124/><W49/><G39/><T112/><D112/><U4/><E4/><V77/><F37/><W8/><G40/><T126/><D126/><U46/><E46/><V69/><F36/><W111/><G111/><T6/><D6/><U71/><E71/><V93/><F69/><W133/><G133/><T98/><D98/><U78/><E78/><V122/><F79/><W3/><G44/><T65/><D65/><U0/><E0/><V58/><F77/><W18/><G3/><RYUUKYOKU ba="1,1" sc="220,15,250,15,260,-15,260,-15" hai0="12,13,23,27" hai1="5,10,14,20,31,53,59,62,64,66,76,82,86" /><INIT seed="1,2,1,2,3,107" ten="235,265,245,245" oya="1" hai0="99,114,112,46,82,135,87,79,119,3,64,110,125" hai1="6,53,44,62,11,45,98,122,70,4,97,25,104" hai2="77,123,103,102,54,55,24,89,10,0,90,81,56" hai3="94,19,108,16,27,92,33,69,134,18,67,37,60"/><U58/><E70/><V101/><F123/><W7/><G37/><T20/><D119/><U32/><E122/><V59/><F24/><W127/><G108/><T26/><D110/><U132/><E132/><V96/><F0/><W50/><G134/><T100/><D135/><U76/><E6/><V14/><F59/><W78/><G78/><T80/><D125/><U9/><E9/><V52/><F56/><W22/><G127/><T129/><D3/><U93/><E76/><V91/><F77/><W68/><G68/><T43/><D129/><U5/><E5/><N who="2" m="3407" /><F81/><W115/><G115/><T40/><D64/><U35/><E35/><V120/><F120/><W73/><G73/><T118/><D82/><U111/><E111/><V133/><F133/><W75/><G75/><T29/><D118/><U15/><E32/><V8/><F8/><W41/><G7/><T57/><D57/><U74/><E74/><V63/><F63/><W61/><G61/><T17/><D29/><U109/><E109/><V85/><F85/><W28/><REACH who="3" step="1"/><G33/><REACH who="3" ten="235,265,245,235" step="2"/><T1/><D112/><U12/><E4/><V36/><F36/><W38/><G38/><T51/><D114/><U31/><E62/><V105/><F105/><W130/><G130/><T72/><D72/><U121/><E104/><V88/><N who="2" m="23040" /><DORA hai="42" /><V83/><F83/><W47/><AGARI ba="2,2" hai="16,18,19,22,27,28,41,47,50,60,67,69,92,94" machi="47" ten="30,7900,0" yaku="1,1,0,1,52,1,54,1,53,0" doraHai="107,42" doraHaiUra="124,128" who="3" fromWho="3" sc="235,-22,265,-41,245,-22,235,105" /><INIT seed="2,0,0,3,2,74" ten="213,224,223,340" oya="2" hai0="81,11,55,123,82,40,38,75,113,27,101,115,125" hai1="50,120,30,31,3,131,49,91,73,127,43,107,47" hai2="84,2,34,129,9,0,90,117,7,64,110,83,116" hai3="5,112,23,119,132,78,54,100,98,122,44,102,59"/><V21/><F34/><W133/><G119/><T19/><D123/><U76/><E107/><V97/><F0/><W92/><G122/><T22/><D125/><U1/><E120/><V24/><F129/><W10/><G112/><T70/><D70/><U35/><E127/><V72/><F72/><W93/><G78/><T14/><D101/><U87/><E131/><V45/><F110/><W36/><G23/><T134/><D134/><U60/><E30/><V65/><F45/><W29/><G29/><T105/><D105/><U68/><E49/><V79/><F117/><W56/><G56/><T67/><D67/><U135/><E135/><V63/><F63/><W96/><G36/><T71/><D71/><U41/><E41/><V37/><F37/><W104/><G44/><T118/><D118/><U77/><E31/><V61/><F61/><W42/><G42/><T18/><D55/><U114/><E35/><V58/><F58/><W12/><G104/><T17/><D40/><U126/><E126/><V103/><F90/><W8/><G8/><T124/><D38/><U86/><E73/><V69/><F69/><W46/><G46/><T88/><D124/><U6/><E114/><V128/><F116/><W48/><AGARI ba="0,0" hai="5,10,12,48,54,59,92,93,96,98,100,102,132,133" machi="48" ten="30,2000,0" yaku="0,1,9,1" doraHai="74" who="3" fromWho="3" sc="213,-5,224,-5,223,-10,340,20" /><INIT seed="3,0,0,4,0,129" ten="208,219,213,360" oya="3" hai0="0,93,105,107,88,80,22,83,16,19,134,122,119" hai1="101,132,85,41,8,128,24,115,25,112,120,102,53" hai2="94,117,82,72,29,108,96,79,40,71,52,58,28" hai3="125,104,116,73,109,57,110,2,30,68,48,3,33"/><W11/><G68/><T89/><D119/><U4/><E41/><V92/><F117/><W63/><G116/><T60/><D122/><U39/><E39/><V133/><F71/><W124/><G104/><T95/><D22/><U32/><E85/><V17/><F108/><N who="3" m="41579" /><G73/><T31/><D60/><U49/><E120/><V51/><F133/><W106/><G48/><T15/><D15/><U99/><E128/><V13/><F40/><W46/><G46/><T66/><D31/><U21/><E32/><V59/><F59/><W123/><G106/><T34/><D66/><U114/><E132/><V131/><F131/><W78/><G78/><T5/><D134/><U45/><E99/><V9/><REACH who="2" step="1"/><F94/><REACH who="2" ten="208,219,203,360" step="2"/><W113/><G123/><T77/><D93/><U74/><E114/><V38/><F38/><W135/><G135/><T50/><D95/><U20/><E115/><V84/><F84/><W100/><G113/><T47/><D107/><U103/><E112/><V12/><F12/><W27/><G100/><AGARI ba="0,1" hai="9,13,17,28,29,51,52,58,72,79,82,92,96,100" machi="100" ten="30,7700,0" yaku="1,1,7,1,54,1,53,1" doraHai="129" doraHaiUra="75" who="2" fromWho="3" sc="208,0,219,0,203,87,360,-77" /><INIT seed="4,0,0,3,4,90" ten="208,219,290,283" oya="0" hai0="12,24,101,33,131,43,5,113,67,96,120,1,83" hai1="19,22,17,55,25,34,79,89,49,53,38,68,69" hai2="123,91,51,26,122,59,121,4,39,135,23,50,94" hai3="98,133,107,115,80,95,14,88,100,47,71,44,11"/><T58/><D1/><U132/><E38/><V84/><F39/><W105/><G71/><T112/><D120/><U109/><E34/><V72/><F72/><W127/><G133/><T86/><D131/><U36/><E36/><V129/><F135/><W31/><G31/><T116/><D116/><U85/><E109/><V128/><F4/><W118/><G118/><T7/><D43/><U126/><E126/><V77/><F77/><W48/><G115/><N who="0" m="44107" /><D33/><U18/><E79/><V54/><REACH who="2" step="1"/><F50/><REACH who="2" ten="208,219,280,283" step="2"/><W73/><G127/><T75/><D75/><U20/><E132/><V64/><F64/><W106/><G48/><T65/><D5/><U104/><E49/><V56/><F56/><W60/><G73/><T125/><D58/><U108/><E69/><V130/><F130/><W27/><G47/><T119/><D125/><U16/><E68/><V82/><F82/><W0/><G44/><T111/><D119/><U57/><E57/><V10/><F10/><W124/><G80/><T41/><D65/><U93/><E108/><V21/><F21/><W66/><G124/><T87/><D67/><U28/><E104/><V99/><F99/><W63/><G66/><T114/><D96/><U2/><E2/><V13/><F13/><AGARI ba="0,1" hai="13,16,17,18,19,20,22,25,28,53,55,85,89,93" machi="13" ten="40,5200,0" yaku="8,1,52,1,54,1" doraHai="90" who="1" fromWho="2" sc="208,0,219,62,280,-52,283,0" /><INIT seed="5,0,0,1,2,6" ten="208,281,228,283" oya="1" hai0="9,39,15,123,46,127,108,49,96,34,120,70,80" hai1="109,62,98,13,57,12,78,106,118,48,18,73,90" hai2="133,105,128,29,129,0,21,134,41,59,65,3,2" hai3="119,63,131,116,117,45,130,4,7,72,135,26,58"/><U74/><E118/><V112/><F105/><W22/><G72/><T91/><D108/><U111/><E13/><V54/><F65/><N who="3" m="39159" /><G45/><T30/><D70/><U17/><E48/><N who="2" m="31175" /><F41/><W25/><G135/><N who="2" m="51721" /><F112/><W125/><G125/><T47/><D39/><U85/><E78/><V64/><F64/><W75/><G75/><T38/><D38/><U97/><E74/><V1/><F1/><W87/><G87/><N who="0" m="50663" /><D127/><U37/><E73/><V24/><AGARI ba="0,0" hai="0,2,3,21,24,29,128,129" m="51721,31175" machi="24" ten="40,1500,0" yaku="20,1" doraHai="6" who="2" fromWho="2" sc="208,-4,281,-7,228,15,283,-4" /><INIT seed="6,0,0,0,3,27" ten="204,274,243,279" oya="2" hai0="0,121,24,50,99,135,39,41,18,111,20,12,53" hai1="124,52,92,30,57,80,35,46,94,77,26,88,85" hai2="75,120,106,10,71,19,37,118,9,15,23,14,81" hai3="47,36,130,28,69,16,114,8,1,86,44,104,115"/><V68/><F118/><W123/><G123/><T101/><D121/><U125/><E46/><N who="3" m="17450" /><G104/><T102/><D41/><U70/><E70/><V32/><F32/><W55/><G69/><T107/><D39/><U45/><E45/><V84/><F75/><W4/><G36/><T74/><D74/><U83/><E94/><V56/><F106/><W25/><G55/><T134/><D111/><U40/><E40/><V116/><F116/><W59/><G59/><T73/><D73/><U82/><REACH who="1" step="1"/><E77/><REACH who="1" ten="204,264,243,279" step="2"/><V113/><F37/><W97/><G130/><T93/><D107/><U89/><E89/><V58/><F120/><W112/><G97/><T72/><D102/><U21/><E21/><V131/><F23/><N who="3" m="13543" /><G86/><T95/><D99/><U31/><E31/><AGARI ba="0,1" hai="1,4,8,28,31,112,114,115" m="13543,17450" machi="31" ten="40,8000,1" yaku="15,1,11,1,52,2,54,1" doraHai="27" who="3" fromWho="1" sc="204,0,264,-80,243,0,279,90" /><INIT seed="7,0,0,1,3,126" ten="204,184,243,369" oya="3" hai0="30,127,5,78,24,56,54,33,64,101,66,130,99" hai1="79,0,88,92,11,19,113,7,69,14,59,4,48" hai2="16,81,98,118,18,8,131,114,12,80,6,104,94" hai3="43,70,40,50,73,9,17,83,87,68,57,111,37"/><W103/><G73/><T116/><D127/><U34/><E69/><V109/><F104/><W55/><G103/><T62/><D116/><U29/><E113/><V71/><F71/><W100/><G100/><T52/><D130/><U134/><E134/><V124/><F131/><W38/><G17/><T63/><D5/><U128/><E128/><V47/><F18/><W65/><G9/><T129/><D78/><U90/><E79/><V102/><F114/><W105/><G105/><T67/><D129/><U72/><E72/><V75/><F109/><W133/><G87/><T91/><D91/><U85/><E0/><V107/><F107/><W3/><G83/><T117/><D117/><U22/><E34/><V77/><F81/><W110/><G3/><T51/><REACH who="0" step="1"/><D54/><REACH who="0" ten="194,184,243,369" step="2"/><N who="1" m="32199" /><E90/><V44/><F118/><W35/><G55/><T21/><D21/><U86/><E86/><V23/><F124/><W26/><G111/><T96/><D96/><U122/><E122/><V82/><F77/><W13/><G110/><T31/><D31/><U119/><E119/><V41/><F75/><W106/><G35/><T84/><D84/><U42/><E42/><V32/><F32/><W53/><G40/><T49/><D49/><U36/><E36/><V45/><F41/><W135/><G43/><T115/><D115/><U39/><E39/><V25/><AGARI ba="0,1" hai="6,8,12,16,23,25,44,45,47,80,82,94,98,102" machi="25" ten="30,4000,0" yaku="0,1,8,1,54,1" doraHai="126" who="2" fromWho="2" sc="194,-10,184,-10,243,50,369,-20" owari="184,-22.0,174,-33.0,293,9.0,349,46.0" /></mjloggm>