<mjloggm ver="2.3"><GO type="97" lobby="0"/><UN n0="%72%61%72%66%69%6C%65" n1="%4C%6C%6F%79%64" n2="%E3%82%A6%E3%83%AB%E3%83%88%E3%83%A9%E7%AB%8B%E7%9B%B4" n3="%6D%61%6E%5F%6B%6F" dan="14,14,15,15" rate="1941.53,1938.76,1993.51,2041.10" sx="M,M,M,M"/><TAIKYOKU oya="0"/><INIT seed="0,0,0,5,4,18" ten="250,250,250,250" oya="0" hai0="46,26,60,113,97,51,88,83,115,62,75,103,98" hai1="124,130,106,111,61,96,101,100,132,32,120,128,77" hai2="59,131,1,35,0,50,68,110,121,25,90,119,34" hai3="22,134,116,71,64,11,24,16,37,54,6,79,3"/><T123/><D97/><N who="1" m="61711" /><E32/><V53/><F68/><W44/><G116/><T133/><D133/><U118/><E61/><V72/><F72/><W7/><G134/><T129/><D62/><U69/><E69/><V102/><F35/><W2/><G79/><T8/><D60/><U81/><E132/><V29/><F121/><W126/><G126/><T114/><D123/><U117/><E120/><V65/><F110/><W76/><G76/><T23/><D75/><N who="1" m="43199" /><E111/><V78/><F50/><W31/><G64/><T15/><D51/><U67/><E67/><V127/><F53/><W42/><G71/><T70/><D46/><U47/><E47/><V10/><F59/><W40/><G31/><T122/><D70/><U52/><E52/><V73/><F29/><W17/><G54/><T104/><D122/><U41/><E41/><V27/><F34/><W66/><G66/><T82/><D88/><U12/><E12/><V99/><F90/><W85/><G42/><T57/><D57/><U92/><E124/><V107/><F127/><W20/><G6/><T74/><D74/><U9/><E9/><V45/><F10/><W4/><G4/><T43/><D43/><U109/><E109/><V112/><F0/><W84/><G3/><T87/><D15/><AGARI ba="0,0" hai="2,7,11,15,16,17,20,22,24,37,40,44,84,85" machi="15" ten="30,7700,0" yaku="7,1,52,2,54,1" doraHai="18" who="3" fromWho="0" sc="250,-77,250,0,250,0,250,77" /><INIT seed="1,0,0,3,2,16" ten="173,250,250,327" oya="1" hai0="37,85,12,108,2,90,58,32,110,22,125,25,8" hai1="124,55,112,84,26,6,95,114,21,19,132,116,66" hai2="99,122,51,52,94,29,41,76,91,109,89,68,131" hai3="56,71,63,44,0,24,135,133,20,126,47,17,18"/><U129/><E116/><V96/><F68/><W27/><G0/><T111/><D37/><U28/><E66/><V42/><F109/><W79/><G71/><T127/><D58/><U62/><E124/><V69/><F131/><W102/><G126/><T120/><D85/><U60/><E129/><V104/><F69/><W64/><G79/><T103/><D103/><U13/><E132/><N who="3" m="50762" /><G102/><T34/><D90/><N who="1" m="53703" /><E112/><V50/><F76/><W10/><G24/><T40/><D40/><U53/><E114/><V80/><F122/><W82/><G82/><T9/><D120/><U38/><E38/><V11/><F104/><W48/><G48/><T118/><D118/><U39/><E39/><V15/><F51/><W106/><G106/><T5/><D127/><U4/><E4/><V30/><F42/><W57/><G57/><T14/><D2/><U54/><E6/><V3/><F41/><W117/><G117/><T113/><D113/><U92/><E92/><N who="2" m="56335" /><F80/><W128/><G128/><T115/><D115/><U101/><E101/><V123/><F3/><W1/><G1/><T73/><D73/><U59/><E59/><N who="2" m="33175" /><F123/><W119/><G119/><T97/><D97/><U45/><E45/><V65/><F65/><W88/><G44/><T74/><D74/><U105/><E105/><V107/><F107/><W121/><G47/><T43/><D43/><U130/><E130/><V86/><F99/><W75/><G75/><T83/><D83/><U93/><E93/><V36/><F36/><W100/><G121/><T134/><D125/><U67/><E67/><V23/><F94/><W78/><G64/><RYUUKYOKU ba="0,0" sc="173,-10,250,30,250,-10,327,-10" hai1="13,19,21,26,28,53,54,55,60,62" /><INIT seed="1,1,0,1,5,25" ten="163,280,240,317" oya="1" hai0="103,66,12,3,89,75,134,14,17,74,22,83,94" hai1="24,80,1,4,21,23,117,90,93,135,102,97,104" hai2="45,92,42,98,111,125,56,48,115,41,120,28,19" hai3="108,33,82,72,38,101,132,49,2,131,30,46,27"/><U53/><E117/><V71/><F71/><W110/><G38/><T105/><D3/><U84/><E135/><V31/><F111/><N who="3" m="42539" /><G132/><T50/><D134/><U34/><E34/><V68/><F68/><W122/><G122/><T96/><D66/><U20/><E53/><V35/><F35/><W88/><G101/><T6/><D6/><U99/><E4/><V86/><F125/><W43/><G131/><T123/><D123/><U116/><E116/><V87/><F42/><W81/><G2/><T29/><D17/><U52/><E52/><V57/><F19/><W44/><G44/><T107/><D50/><U8/><E8/><V119/><F119/><W62/><G62/><T32/><D32/><U40/><E40/><V36/><F36/><W100/><G100/><T61/><D61/><U129/><E129/><V128/><F115/><W109/><G109/><T15/><D74/><U126/><E126/><V54/><F128/><W78/><G82/><T69/><D69/><U18/><REACH who="1" step="1"/><E1/><REACH who="1" ten="163,270,240,317" step="2"/><V51/><F120/><W113/><G33/><T79/><REACH who="0" step="1"/><D103/><AGARI ba="1,1" hai="18,20,21,23,24,80,84,90,93,97,99,102,103,104" machi="103" ten="30,5800,0" yaku="1,1,2,1,7,1,53,0" doraHai="25" doraHaiUra="73" who="1" fromWho="0" sc="163,-61,270,71,240,0,317,0" /><INIT seed="1,2,0,4,3,59" ten="102,341,240,317" oya="1" hai0="81,107,4,104,105,24,89,1,100,45,29,84,0" hai1="48,42,14,115,87,30,43,106,72,5,80,82,13" hai2="17,55,127,125,67,116,9,47,121,88,126,75,20" hai3="86,99,119,94,130,109,73,90,25,103,19,15,41"/><U6/><E106/><N who="0" m="27137" /><T76/><DORA hai="70" /><D100/><U85/><E115/><V124/><F75/><W23/><G73/><T101/><D101/><U36/><E48/><V54/><F121/><W129/><G109/><T39/><D24/><U133/><E72/><V98/><F116/><W62/><G119/><T113/><D29/><U78/><E30/><V111/><F111/><W64/><G41/><T91/><D0/><U37/><E78/><V27/><N who="2" m="32256" /><DORA hai="71" /><V22/><F67/><W131/><G25/><T77/><D77/><U102/><REACH who="1" step="1"/><E102/><REACH who="1" ten="102,331,240,317" step="2"/><V53/><F47/><W12/><G103/><T32/><D32/><U95/><E95/><V16/><F9/><W58/><G12/><T33/><D33/><U26/><E26/><V21/><F27/><W34/><G34/><T8/><D113/><U63/><E63/><V61/><F61/><W11/><G11/><T132/><D84/><AGARI ba="2,1" hai="15,19,23,58,62,64,84,86,90,94,99,129,130,131" machi="84" ten="40,2600,0" yaku="19,1,52,1" doraHai="59,70,71" who="3" fromWho="0" sc="102,-32,331,0,240,0,317,42" /><INIT seed="2,0,0,5,3,117" ten="70,331,240,359" oya="2" hai0="17,108,33,4,54,131,39,30,55,119,43,75,48" hai1="99,56,64,134,40,45,84,118,13,110,68,100,123" hai2="71,105,122,49,5,73,11,135,92,16,121,36,70" hai3="0,76,26,6,103,83,42,60,115,132,87,38,89"/><V124/><F105/><W2/><G103/><T85/><D75/><U51/><E118/><V65/><F73/><W1/><G132/><T3/><D54/><U129/><E123/><V74/><F36/><W53/><G115/><T107/><D107/><U125/><E134/><V44/><F74/><W32/><G6/><T104/><D104/><U81/><E68/><V22/><F71/><W19/><G42/><T21/><D43/><U67/><E110/><V79/><F79/><W90/><G38/><T62/><D62/><U15/><E125/><V127/><F65/><N who="1" m="25161" /><E56/><V41/><F70/><W116/><G116/><T52/><D55/><U102/><E129/><V24/><F92/><W130/><G130/><T28/><D39/><U95/><E102/><V78/><F78/><AGARI ba="0,0" hai="13,15,40,45,51,78,81,84,95,99,100" m="25161" machi="78" ten="30,1000,0" yaku="8,1" doraHai="117" who="1" fromWho="2" sc="70,0,331,10,240,-10,359,0" /><INIT seed="3,0,0,2,3,93" ten="70,341,230,359" oya="3" hai0="62,59,102,20,41,114,103,76,77,25,49,128,130" hai1="2,47,68,90,53,51,45,97,56,74,9,48,60" hai2="96,67,46,10,88,7,19,85,57,116,34,12,29" hai3="39,122,64,120,79,22,40,36,111,21,75,133,24"/><W8/><G64/><T17/><D130/><U31/><E74/><V80/><F34/><W3/><G79/><T127/><D128/><U18/><E68/><V52/><F29/><W106/><G106/><T44/><D114/><U54/><E2/><V33/><F33/><W92/><G92/><T58/><D58/><N who="1" m="33063" /><E31/><V81/><F116/><W107/><G107/><T105/><D103/><U87/><E97/><V6/><F80/><W123/><G75/><T38/><D38/><U134/><E134/><V0/><F0/><W43/><G133/><T83/><D83/><N who="1" m="49535" /><E60/><V84/><F84/><W115/><G115/><T66/><D102/><U13/><AGARI ba="0,0" hai="9,13,18,45,47,51,54,56" m="49535,33063" machi="13" ten="30,1100,0" yaku="8,1" doraHai="93" who="1" fromWho="1" sc="70,-3,341,11,230,-3,359,-5" owari="67,-43.0,352,15.0,227,-17.0,354,45.0" /></mjloggm>