<mjloggm ver="2.3"><GO type="97" lobby="0"/><UN n0="%E3%82%A6%E3%83%AB%E3%83%88%E3%83%A9%E7%AB%8B%E7%9B%B4" n1="%58%64%65%63%53%62%68%64" n2="%66%65%65%73" n3="%E9%81%8B%E3%82%B2%E3%83%BC" dan="15,13,15,15" rate="1980.66,1837.35,2006.28,2056.58" sx="M,M,M,M"/><TAIKYOKU oya="0"/><INIT seed="0,0,0,4,3,26" ten="250,250,250,250" oya="0" hai0="123,63,12,85,124,77,33,45,90,93,32,59,100" hai1="127,82,97,4,14,23,76,21,13,128,83,103,42" hai2="61,67,22,88,129,134,30,17,36,110,27,68,86" hai3="81,24,121,49,132,29,5,41,60,116,111,72,80"/><T56/><D124/><U118/><E118/><V95/><F36/><W94/><G116/><T126/><D123/><U133/><E127/><V66/><F66/><W79/><G5/><T46/><D126/><U62/><E128/><V16/><F129/><W43/><G111/><T125/><D125/><U130/><E130/><V114/><F110/><W1/><G1/><T135/><D135/><U109/><E133/><V18/><REACH who="2" step="1"/><F134/><REACH who="2" ten="250,250,240,250" step="2"/><W102/><G132/><T51/><D33/><U115/><E115/><AGARI ba="0,1" hai="16,17,18,22,27,30,61,67,68,86,88,95,114,115" machi="115" ten="40,8000,1" yaku="1,1,2,1,52,1,54,2,53,0" doraHai="26" doraHaiUra="107" who="2" fromWho="1" sc="250,0,250,-80,240,90,250,0" /><INIT seed="1,0,0,1,3,63" ten="250,170,330,250" oya="1" hai0="105,32,50,51,125,80,22,74,53,75,112,64,104" hai1="6,118,128,55,60,83,99,47,8,30,62,108,34" hai2="0,59,100,38,106,90,44,115,113,28,89,130,39" hai3="57,66,12,107,43,45,133,78,52,25,97,71,72"/><U31/><E118/><V37/><F0/><W123/><G123/><T15/><D32/><U36/><E128/><V85/><F130/><W124/><G124/><T13/><D22/><U1/><E108/><V84/><F28/><W129/><G12/><T98/><D80/><U54/><E83/><N who="2" m="49311" /><F100/><W10/><G10/><T122/><D98/><U19/><E99/><V41/><F106/><W103/><G25/><T94/><D94/><U29/><E34/><V91/><F59/><W69/><G133/><T73/><D53/><U76/><E76/><V132/><F132/><W26/><G26/><T131/><D131/><U77/><E77/><V5/><F5/><W61/><G129/><T48/><D125/><U109/><E109/><V127/><F127/><W119/><G119/><T117/><D117/><U2/><E36/><N who="2" m="21543" /><F85/><W4/><G4/><T56/><D122/><U110/><E110/><V81/><F81/><W101/><G101/><T96/><D96/><U33/><E33/><V67/><F67/><W58/><G72/><T65/><D56/><U23/><E47/><V21/><F21/><W87/><G87/><T14/><D112/><AGARI ba="0,0" hai="37,38,39,90,91,112,113,115" m="21543,49311" machi="112" ten="40,1300,0" yaku="11,1" doraHai="63" who="2" fromWho="0" sc="250,-13,170,0,330,13,250,0" /><INIT seed="2,0,0,3,1,70" ten="237,170,343,250" oya="2" hai0="7,115,61,9,62,20,1,27,16,12,65,4,105" hai1="34,39,72,41,47,124,2,33,107,64,19,54,122" hai2="135,35,89,88,59,23,106,126,14,81,46,75,78" hai3="110,53,68,119,130,86,28,114,24,84,108,97,134"/><V11/><F35/><W22/><G119/><T49/><D105/><U31/><E122/><V77/><F106/><W36/><G134/><T38/><D115/><U104/><E124/><V79/><F135/><W42/><G68/><T90/><D38/><U32/><E2/><V127/><F75/><W96/><G53/><T123/><D123/><U25/><E19/><V29/><F46/><N who="3" m="23879" /><G130/><T52/><D90/><U18/><E18/><V112/><F81/><W118/><G118/><T116/><D116/><U103/><E72/><V63/><F23/><W21/><G21/><T10/><REACH who="0" step="1"/><D65/><REACH who="0" ten="227,170,343,250" step="2"/><U50/><E104/><V44/><F112/><W5/><G114/><T30/><D30/><U45/><REACH who="1" step="1"/><E64/><REACH who="1" ten="227,160,343,250" step="2"/><N who="2" m="39039" /><F126/><W56/><G28/><T91/><D91/><U57/><E57/><AGARI ba="0,2" hai="1,4,7,9,10,12,16,20,27,49,52,57,61,62" machi="57" ten="30,8000,1" yaku="1,1,7,1,54,2,53,1" doraHai="70" doraHaiUra="13" who="0" fromWho="1" sc="227,100,160,-80,343,0,250,0" /><INIT seed="3,0,0,3,4,29" ten="327,80,343,250" oya="3" hai0="122,121,86,101,36,119,28,67,39,84,47,70,73" hai1="105,110,75,103,107,79,90,17,82,20,62,65,109" hai2="45,72,63,125,106,66,112,69,0,23,114,58,42" hai3="7,89,118,57,68,104,38,102,48,9,76,85,96"/><W64/><G118/><T116/><D73/><U11/><E11/><V3/><F106/><N who="1" m="40457" /><E20/><V91/><F23/><W77/><G38/><T130/><D101/><U127/><E17/><V97/><F97/><W129/><G129/><T12/><D12/><U123/><E62/><V132/><F91/><W52/><G68/><T51/><D28/><U59/><E59/><V126/><F58/><W124/><G124/><N who="2" m="47721" /><F132/><W117/><G117/><N who="0" m="45131" /><D86/><U80/><E65/><V93/><F93/><W113/><G113/><N who="2" m="43625" /><F72/><W27/><G64/><T131/><D84/><U14/><E127/><V49/><AGARI ba="0,0" hai="0,3,42,45,49,63,66,69" m="43625,47721" machi="49" ten="30,1100,0" yaku="18,1" doraHai="29" who="2" fromWho="2" sc="327,-3,80,-3,343,11,250,-5" owari="324,12.0,77,-42.0,354,45.0,245,-15.0" /></mjloggm>