<mjloggm ver="2.3"><GO type="41" lobby="0"/><UN n0="%E3%82%B1%E3%83%B3%E3%82%B1%E3%83%B3%EF%BC%92%EF%BC%90%EF%BC%90%EF%BC%99" n1="%E3%82%A6%E3%83%AB%E3%83%88%E3%83%A9%E7%AB%8B%E7%9B%B4" n2="%33%46%52%45%45%5A%45" n3="%7A%65%6C%64%65%6E" dan="15,15,14,15" rate="1914.52,2029.34,1909.66,2001.97" sx="M,M,M,M"/><TAIKYOKU oya="0"/><INIT seed="0,0,0,4,4,64" ten="250,250,250,250" oya="0" hai0="71,118,90,101,43,39,68,80,104,34,28,134,61" hai1="109,111,113,114,60,47,77,133,20,70,107,52,132" hai2="117,14,69,6,57,83,98,106,51,135,37,33,29" hai3="0,103,55,48,120,66,9,22,10,49,75,121,67"/><T1/><D118/><U125/><E107/><V86/><F37/><W30/><G75/><T23/><D134/><N who="1" m="51819" /><E77/><V119/><F135/><W93/><G103/><T54/><D1/><U24/><E20/><V21/><F33/><W131/><G93/><T40/><D39/><U94/><E94/><V129/><F57/><W50/><G55/><T42/><D23/><U16/><E16/><N who="2" m="10391" /><F51/><W108/><G108/><N who="1" m="41546" /><E24/><V12/><F29/><W85/><G85/><T89/><D104/><U36/><E125/><V73/><F12/><W4/><G10/><T102/><D28/><U2/><E2/><V87/><F98/><W45/><G45/><T58/><D34/><U126/><E126/><V116/><F6/><W27/><G131/><T31/><D31/><U19/><E19/><V65/><F129/><W99/><G99/><T97/><D89/><U18/><E18/><V41/><F41/><W112/><G112/><T124/><D124/><U32/><E32/><V127/><F106/><W72/><G72/><T46/><D46/><U63/><E63/><N who="2" m="40127" /><F127/><W25/><G27/><T3/><D3/><U17/><E17/><V128/><F128/><W79/><G79/><AGARI ba="0,0" hai="73,79,83,86,87,116,117,119" m="40127,10391" machi="79" ten="30,3900,0" yaku="12,1,52,1,54,1" doraHai="64" who="2" fromWho="3" sc="250,0,250,0,250,39,250,-39" /><INIT seed="1,0,0,2,2,47" ten="250,250,289,211" oya="1" hai0="24,1,34,49,0,111,53,4,86,57,38,131,54" hai1="94,62,124,7,29,14,59,56,73,55,130,105,48" hai2="36,77,76,79,39,5,33,17,88,30,41,52,42" hai3="69,16,43,117,96,9,37,65,13,68,106,63,91"/><U128/><E105/><V93/><F5/><W103/><G117/><T87/><D111/><U119/><E73/><V26/><F17/><W99/><G68/><T82/><D38/><U113/><E119/><V6/><F6/><W50/><G37/><T74/><D131/><N who="1" m="50219" /><E113/><V45/><F39/><W98/><REACH who="3" step="1"/><G91/><REACH who="3" ten="250,250,289,201" step="2"/><T19/><D0/><U123/><E123/><V126/><F36/><W83/><G83/><T135/><D135/><U72/><E124/><V112/><F126/><W32/><G32/><T40/><D34/><U97/><E72/><V114/><F112/><W127/><G127/><T20/><D74/><U44/><E29/><V58/><F114/><W51/><G51/><T35/><D35/><U67/><E7/><V101/><F101/><W22/><G22/><T28/><D4/><U64/><E14/><V10/><F10/><W15/><G15/><T31/><D1/><U104/><E104/><V46/><F76/><W100/><G100/><T122/><D122/><U18/><E18/><V71/><F79/><W75/><G75/><T60/><D82/><U92/><E92/><V95/><F71/><W89/><G89/><T90/><D90/><N who="1" m="55511" /><E67/><V70/><F70/><AGARI ba="0,1" hai="44,48,55,56,59,62,64,70" m="55511,50219" machi="70" ten="30,2900,0" yaku="19,1,52,1" doraHai="47" who="1" fromWho="2" sc="250,0,250,39,289,-29,201,0" /><INIT seed="1,1,0,4,5,27" ten="250,289,260,201" oya="1" hai0="45,62,46,9,100,135,65,72,81,41,52,119,34" hai1="112,66,8,1,49,25,64,98,84,24,53,104,90" hai2="20,5,92,6,94,115,130,22,106,125,31,77,76" hai3="47,91,86,109,99,114,126,51,33,89,57,116,117"/><U74/><E74/><V36/><F106/><W128/><G109/><T120/><D119/><N who="3" m="45641" /><G114/><T17/><D135/><U97/><E112/><V29/><F115/><W37/><G33/><T110/><D110/><U133/><E133/><V127/><REACH who="2" step="1"/><F36/><REACH who="2" ten="250,289,250,201" step="2"/><W11/><G37/><T30/><D120/><U42/><E104/><V85/><F85/><W118/><G86/><T38/><D72/><U80/><E98/><V82/><F82/><W50/><G99/><T123/><D81/><U13/><E97/><V4/><F4/><W61/><G118/><T121/><D100/><U87/><E87/><V132/><F132/><W12/><G126/><T129/><D121/><U107/><E107/><V26/><F26/><W39/><G39/><T40/><D123/><U79/><E24/><V96/><F96/><W71/><G128/><AGARI ba="1,1" hai="5,6,20,22,29,31,76,77,92,94,125,127,128,130" machi="128" ten="25,12000,2" yaku="1,1,22,2,52,2,53,2" doraHai="27" doraHaiUra="75" who="2" fromWho="3" sc="250,0,289,0,250,133,201,-123" /><INIT seed="2,0,0,5,2,85" ten="250,289,383,78" oya="2" hai0="111,28,14,101,107,130,0,92,70,129,132,124,103" hai1="82,38,61,91,60,77,45,43,125,52,56,90,29" hai2="116,121,69,120,42,98,72,18,122,55,64,27,33" hai3="102,88,131,134,65,50,86,123,66,87,109,51,68"/><V95/><F116/><W32/><G123/><T112/><D70/><U63/><E125/><V80/><F42/><W74/><G74/><T7/><D0/><U26/><E63/><V9/><F64/><W104/><G32/><T94/><D112/><U47/><E61/><V57/><F69/><W96/><G109/><T5/><D28/><U59/><E59/><V115/><F115/><W89/><G134/><T49/><D111/><U20/><REACH who="1" step="1"/><E45/><REACH who="1" ten="250,279,383,78" step="2"/><V110/><F57/><W17/><G131/><T30/><D124/><U126/><E126/><V36/><F110/><W44/><G68/><T84/><D130/><U25/><E25/><V97/><F27/><W71/><G71/><T99/><D129/><U24/><E24/><V22/><F120/><W16/><G65/><T78/><D132/><U79/><E79/><V113/><F121/><W105/><G66/><T93/><D30/><U46/><E46/><V35/><F122/><W41/><G51/><T48/><D78/><U10/><E10/><V21/><F9/><W133/><G133/><T83/><D5/><U81/><E81/><V53/><F80/><W73/><G73/><AGARI ba="0,1" hai="20,26,29,38,43,47,52,56,60,73,77,82,90,91" machi="73" ten="30,8000,1" yaku="1,1,7,1,52,2,54,1,53,0" doraHai="85" doraHaiUra="8" who="1" fromWho="3" sc="250,0,279,90,383,0,78,-80" owari="250,-15.0,369,17.0,383,48.0,-2,-50.0" /></mjloggm>