<mjloggm ver="2.3"><GO type="41" lobby="0"/><UN n0="%68%69%6B%6F%5F%62%65" n1="%74%61%6B%61%33%30%77" n2="%43%75%70%72%6F%6E%69%63" n3="%E3%82%A6%E3%83%AB%E3%83%88%E3%83%A9%E7%AB%8B%E7%9B%B4" dan="16,15,13,15" rate="2065.31,1940.33,1857.46,2001.35" sx="M,M,M,M"/><TAIKYOKU oya="0"/><INIT seed="0,0,0,5,4,23" ten="250,250,250,250" oya="0" hai0="37,132,64,19,72,130,54,125,17,8,67,81,133" hai1="96,16,84,105,77,38,68,117,56,49,123,59,61" hai2="129,86,87,58,70,69,55,126,79,11,90,88,6" hai3="41,18,27,25,106,1,109,40,10,91,46,85,120"/><T7/><D37/><U62/><E123/><V131/><F126/><W57/><G106/><T107/><D107/><U111/><E117/><V89/><F79/><W101/><G101/><T113/><D113/><U134/><E38/><V20/><F20/><W5/><G109/><T95/><D125/><U103/><E111/><V28/><F28/><W121/><G57/><T102/><D130/><N who="2" m="49674" /><F86/><W118/><G18/><N who="0" m="6667" /><D54/><U128/><E128/><V73/><F73/><W53/><G53/><T4/><D72/><U2/><E2/><N who="2" m="471" /><F87/><W48/><G41/><T39/><D39/><U119/><E119/><V51/><AGARI ba="0,0" hai="51,55,58,69,70,88,89,90" m="471,49674" machi="51" ten="30,2000,0" yaku="19,1,54,1" doraHai="23" who="2" fromWho="2" sc="250,-10,250,-5,250,20,250,-5" /><INIT seed="1,0,0,3,2,131" ten="240,245,270,245" oya="1" hai0="50,17,60,100,51,10,11,124,87,134,22,23,30" hai1="36,47,38,19,99,55,72,34,129,24,76,31,93" hai2="82,12,13,89,63,53,45,33,113,74,119,56,88" hai3="39,77,54,114,116,40,117,107,6,7,86,81,122"/><U106/><E129/><V18/><F119/><N who="3" m="45643" /><G107/><T37/><D37/><U130/><E130/><V126/><F33/><W115/><G40/><T121/><D124/><U110/><E110/><V127/><F113/><N who="3" m="43019" /><G39/><T2/><D121/><U128/><E128/><V97/><F45/><W96/><G122/><T28/><D100/><N who="1" m="62751" /><E93/><V105/><F105/><W123/><G123/><T27/><D87/><U41/><E19/><V104/><F104/><W4/><G96/><T67/><D60/><U3/><E55/><AGARI ba="0,0" hai="4,6,7,54,55,77,81,86" m="43019,45643" machi="55" ten="40,1300,0" yaku="12,1" doraHai="131" who="3" fromWho="1" sc="240,0,245,-13,270,0,245,13" /><INIT seed="2,0,0,5,0,31" ten="240,232,270,258" oya="2" hai0="102,127,75,30,135,92,67,42,19,79,72,84,14" hai1="11,115,120,60,129,88,32,48,41,38,114,58,25" hai2="63,103,86,117,78,46,23,106,100,128,8,104,57" hai3="87,134,28,27,93,4,2,64,91,69,74,71,6"/><V29/><F117/><W121/><G74/><T51/><D135/><U26/><E120/><V36/><F128/><W15/><G121/><T116/><D116/><U10/><E129/><V101/><F8/><W131/><G131/><T95/><D127/><U81/><E38/><V49/><F36/><W123/><G123/><T7/><D7/><U16/><E115/><V62/><F62/><W110/><G110/><T40/><D75/><U119/><E119/><V77/><F29/><W17/><G134/><T50/><D72/><U76/><E114/><V130/><F23/><W44/><G44/><T113/><D67/><U111/><E111/><V70/><F70/><W12/><G12/><T80/><D30/><U99/><E76/><V65/><F130/><W83/><G83/><T52/><D51/><U34/><E10/><V122/><F122/><W66/><G71/><T5/><D5/><U22/><E26/><V68/><F68/><W118/><G118/><T9/><D113/><U85/><E11/><V47/><F47/><W97/><G6/><T43/><REACH who="0" step="1"/><D102/><REACH who="0" ten="230,232,270,258" step="2"/><U33/><E48/><V105/><REACH who="2" step="1"/><F86/><REACH who="2" ten="230,232,260,258" step="2"/><W126/><G87/><T89/><D89/><U59/><E99/><V54/><AGARI ba="0,2" hai="46,49,54,57,63,65,77,78,100,101,103,104,105,106" machi="54" ten="40,7800,0" yaku="1,1,2,1,0,1,53,0" doraHai="31" doraHaiUra="1" who="2" fromWho="2" sc="230,-26,232,-26,260,98,258,-26" /><INIT seed="2,1,0,3,0,38" ten="204,206,358,232" oya="2" hai0="119,8,57,16,35,124,65,33,29,56,107,76,3" hai1="121,1,132,114,61,55,102,79,78,100,104,52,25" hai2="19,59,39,110,111,11,109,86,37,88,120,80,26" hai3="27,28,108,126,49,53,91,63,123,128,5,103,45"/><V18/><F120/><W31/><G123/><T95/><D107/><U67/><E121/><V74/><F74/><W90/><G108/><T32/><D76/><U17/><E114/><V105/><F105/><W12/><G126/><T131/><D95/><U82/><E1/><V134/><F134/><W77/><G128/><T22/><D65/><U46/><E132/><V47/><F59/><W118/><G118/><T93/><D93/><U51/><E104/><V101/><F101/><W20/><G103/><T85/><D85/><U89/><E55/><V6/><F37/><W7/><G77/><T127/><D57/><U106/><E89/><N who="3" m="33802" /><G31/><T130/><D56/><U129/><E129/><N who="0" m="49161" /><D119/><U94/><E106/><V115/><F115/><W42/><G12/><N who="0" m="7175" /><D3/><U71/><E94/><V21/><F39/><W98/><G98/><T41/><D41/><U50/><E50/><V62/><F62/><W23/><G63/><T68/><D68/><U92/><E92/><V112/><F112/><W34/><G53/><T72/><D72/><N who="1" m="43335" /><E79/><V9/><F47/><W15/><G34/><T135/><D135/><U83/><E83/><V14/><REACH who="2" step="1"/><F6/><REACH who="2" ten="204,206,348,232" step="2"/><W84/><G84/><T44/><D44/><U96/><E102/><V113/><F113/><W58/><G58/><T36/><D36/><U133/><E133/><V117/><F117/><W2/><G7/><T87/><D87/><U66/><E100/><V75/><F75/><W73/><G73/><T64/><D64/><N who="1" m="41359" /><E96/><V99/><F99/><W4/><G2/><T81/><D81/><U70/><E70/><V0/><F0/><W10/><G4/><RYUUKYOKU ba="1,1" sc="204,0,206,0,348,0,232,0" hai0="22,29,32,33,35,124,127" hai1="17,25,46,51,52,66,67" hai2="9,11,14,18,19,21,26,80,86,88,109,110,111" hai3="5,10,15,20,23,27,28,42,45,49" /><INIT seed="2,2,1,3,0,10" ten="204,206,348,232" oya="2" hai0="112,75,66,127,35,70,45,3,81,73,86,4,123" hai1="135,29,98,133,20,43,42,132,61,19,65,41,1" hai2="68,130,100,109,93,58,52,85,55,0,83,128,16" hai3="30,49,113,111,26,32,60,94,27,126,101,72,15"/><V80/><F68/><W40/><G72/><T56/><D112/><U12/><E1/><V99/><F0/><W124/><G111/><T22/><D123/><U46/><E98/><V78/><F109/><W116/><G116/><T67/><D35/><U25/><E46/><V59/><F80/><W14/><G113/><T95/><D127/><N who="3" m="48681" /><G60/><T74/><D95/><U37/><E37/><V121/><F121/><W91/><G101/><T5/><D70/><N who="1" m="42287" /><E43/><V89/><F100/><W31/><G49/><T33/><D33/><AGARI ba="2,1" hai="12,19,20,25,29,33,41,42,132,133,135" m="42287" machi="33" ten="30,2000,0" yaku="20,1,52,1" doraHai="10" who="1" fromWho="0" sc="204,-26,206,36,348,0,232,0" /><INIT seed="3,0,0,0,5,14" ten="178,242,348,232" oya="3" hai0="67,24,75,110,118,28,35,1,78,36,58,34,5" hai1="17,8,96,53,22,21,65,43,117,59,100,82,83" hai2="95,128,40,116,55,133,10,62,93,52,79,9,33" hai3="91,104,103,97,72,41,57,76,132,119,7,108,48"/><W92/><G119/><T98/><D36/><U0/><E117/><V74/><F33/><W87/><G7/><T25/><D118/><U38/><E65/><V26/><F116/><W45/><G132/><T130/><D98/><U99/><E0/><V16/><F133/><W63/><G108/><T101/><D101/><U47/><E99/><V31/><F128/><W77/><REACH who="3" step="1"/><G72/><REACH who="3" ten="178,242,348,222" step="2"/><T107/><D75/><U124/><E124/><V115/><F115/><W29/><G29/><T50/><D5/><U54/><E54/><AGARI ba="0,1" hai="41,45,48,54,57,63,76,77,87,91,92,97,103,104" machi="54" ten="30,2900,0" yaku="1,1,7,1,53,0" doraHai="14" doraHaiUra="114" who="3" fromWho="1" sc="178,0,242,-29,348,0,222,39" /><INIT seed="3,1,0,0,5,122" ten="178,213,348,261" oya="3" hai0="92,124,131,120,75,121,135,128,103,99,109,116,49" hai1="12,83,38,43,60,28,96,3,72,39,52,90,102" hai2="8,55,32,46,35,53,63,117,65,88,56,36,16" hai3="45,130,93,114,23,68,10,111,59,78,81,17,48"/><W34/><G34/><T73/><D49/><U107/><E3/><V29/><F117/><W25/><G68/><T0/><D0/><U98/><E28/><V20/><F8/><W108/><G114/><T26/><D26/><U132/><E132/><V5/><F5/><W67/><G130/><N who="0" m="49707" /><D116/><U91/><E43/><V62/><F29/><W87/><G93/><T14/><D14/><U54/><E54/><V74/><F74/><N who="0" m="28170" /><D135/><U80/><E12/><V76/><F76/><W40/><REACH who="3" step="1"/><G10/><REACH who="3" ten="178,213,348,251" step="2"/><T119/><D119/><U113/><E113/><V123/><F35/><W127/><G127/><T18/><D124/><U51/><E107/><V13/><F32/><W69/><G69/><T112/><D112/><U66/><E83/><V104/><F104/><W89/><G89/><T86/><D121/><U125/><E125/><V101/><F88/><W95/><G95/><T71/><D71/><U27/><E91/><V7/><F123/><W70/><G70/><T61/><D120/><U2/><E90/><V82/><F82/><W47/><G47/><T100/><D92/><U1/><E80/><V11/><F46/><W22/><G22/><T33/><D33/><U57/><E102/><V85/><F101/><W115/><G115/><T129/><D103/><U30/><E98/><V42/><F11/><W97/><G97/><T50/><D99/><U21/><E96/><V24/><F7/><W58/><G58/><T110/><D100/><U44/><E72/><V19/><F20/><W126/><G126/><T15/><D129/><U94/><E94/><V134/><F134/><W106/><G106/><RYUUKYOKU ba="1,1" sc="178,-15,213,15,348,-15,251,15" hai1="1,2,21,27,30,38,39,44,51,52,57,60,66" hai3="17,23,25,40,45,48,59,67,78,81,87,108,111" /><INIT seed="3,2,1,4,5,13" ten="163,228,333,266" oya="3" hai0="124,76,67,102,100,121,87,98,54,94,15,71,9" hai1="108,26,68,18,84,16,12,88,66,37,52,91,53" hai2="119,20,117,51,86,34,81,70,28,21,75,23,43" hai3="116,134,130,32,101,133,85,40,106,24,78,69,107"/><W65/><G116/><T25/><D121/><U126/><E37/><V111/><F70/><W97/><G40/><T6/><D124/><U49/><E126/><V47/><F75/><W79/><G107/><T61/><D54/><U103/><E108/><V89/><F111/><W5/><G5/><T10/><D25/><U7/><E68/><V46/><F34/><W38/><G38/><T123/><D123/><U1/><E1/><V58/><F28/><N who="3" m="19463" /><G130/><T74/><D74/><U59/><E66/><V77/><F58/><W19/><G19/><N who="1" m="7210" /><E26/><V0/><F0/><W39/><G39/><T132/><D132/><N who="3" m="50793" /><G85/><T4/><D87/><U72/><E72/><V48/><REACH who="2" step="1"/><F77/><REACH who="2" ten="163,228,323,266" step="2"/><W64/><G69/><T17/><D76/><AGARI ba="2,2" hai="64,65,76,78,79,97,101,106" m="50793,19463" machi="76" ten="30,1500,0" yaku="20,1" doraHai="13" who="3" fromWho="0" sc="163,-21,228,0,323,0,266,41" /><INIT seed="3,3,0,4,4,14" ten="142,228,323,307" oya="3" hai0="71,46,11,129,106,6,89,131,118,57,83,12,102" hai1="63,40,35,24,123,64,26,85,99,48,133,96,124" hai2="28,52,97,115,2,62,121,47,132,61,3,112,68" hai3="65,4,120,43,5,9,119,51,127,105,37,111,125"/><W107/><G120/><T116/><D71/><U36/><E123/><V94/><F121/><W38/><G119/><T67/><D46/><U41/><E36/><V66/><F132/><W110/><G51/><T50/><D106/><N who="3" m="40457" /><G65/><T0/><D102/><U32/><E133/><V60/><F28/><W130/><G130/><N who="0" m="49675" /><D0/><U98/><E124/><N who="3" m="47690" /><G43/><T33/><D118/><U81/><E35/><V86/><F66/><W42/><G42/><N who="1" m="16490" /><E32/><V122/><F68/><W87/><G87/><N who="0" m="50431" /><D33/><U59/><E48/><V1/><F122/><W80/><G80/><T73/><D116/><U92/><E92/><V135/><F47/><W78/><G78/><AGARI ba="3,0" hai="24,26,59,63,64,78,81,85,96,98,99" m="16490" machi="78" ten="30,1000,0" yaku="8,1" doraHai="14" who="1" fromWho="3" sc="142,0,228,19,323,0,307,-19" /><INIT seed="4,0,0,0,2,75" ten="142,247,323,288" oya="0" hai0="102,68,63,60,123,10,8,64,23,40,17,20,5" hai1="14,95,70,42,98,27,96,73,79,25,97,118,55" hai2="117,48,87,66,122,33,2,135,44,11,9,91,103" hai3="0,131,51,129,82,108,26,3,18,115,72,21,50"/><T100/><D123/><U31/><E118/><V86/><F122/><W24/><G108/><T19/><D40/><U16/><E70/><V7/><F117/><W78/><G26/><T92/><D5/><U111/><E111/><V104/><F33/><W34/><G34/><T39/><D39/><U133/><E133/><V112/><F135/><W1/><REACH who="3" step="1"/><G115/><REACH who="3" ten="142,247,323,278" step="2"/><T62/><D68/><U110/><E110/><V59/><F112/><W127/><G127/><T65/><D62/><U37/><E27/><V46/><F11/><W35/><G35/><T53/><D53/><U45/><E55/><V83/><F66/><W76/><G76/><T109/><D109/><U89/><E79/><V107/><F9/><W6/><G6/><T101/><REACH who="0" step="1"/><D102/><REACH who="0" ten="132,247,323,278" step="2"/><U15/><E31/><V41/><F103/><W106/><G106/><T84/><D84/><U43/><E73/><V57/><F87/><W81/><G81/><T130/><D130/><AGARI ba="0,2" hai="0,1,3,18,21,24,50,51,72,78,82,129,130,131" machi="130" ten="50,6400,0" yaku="1,1,19,1,52,1,53,0" doraHai="75" doraHaiUra="93" who="3" fromWho="0" sc="132,-64,247,0,323,0,278,84" /><INIT seed="5,0,0,5,5,27" ten="68,247,323,362" oya="1" hai0="88,65,12,85,101,35,37,123,30,67,13,108,38" hai1="29,105,116,41,61,124,119,118,42,121,120,32,81" hai2="20,10,131,98,94,0,55,75,57,46,74,59,15" hai3="63,109,2,25,99,22,135,78,129,128,133,93,132"/><U24/><E124/><V53/><F131/><N who="3" m="50251" /><G2/><T52/><D108/><U110/><E110/><V34/><F34/><W39/><G39/><T23/><D123/><U60/><E105/><V80/><F0/><W31/><G109/><T77/><D35/><U56/><E81/><V3/><F3/><W130/><G130/><T16/><D77/><U47/><E61/><V114/><F114/><W92/><G78/><T14/><D101/><U126/><E126/><V18/><F46/><W115/><G115/><T106/><D106/><U103/><E103/><V104/><F104/><W11/><G99/><T68/><D68/><U64/><REACH who="1" step="1"/><E42/><REACH who="1" ten="68,237,323,362" step="2"/><V90/><F80/><W28/><G63/><T43/><D43/><U17/><E17/><V122/><F122/><W127/><G127/><T58/><D30/><U112/><E112/><V125/><F125/><W40/><G40/><T82/><D38/><AGARI ba="0,1" hai="24,29,32,38,41,47,56,60,64,116,118,119,120,121" machi="38" ten="40,7700,0" yaku="1,1,52,1,53,1" doraHai="27" doraHaiUra="69" who="1" fromWho="0" sc="68,-77,237,87,323,0,362,0" owari="-9,-51.0,324,12.0,323,-8.0,362,47.0" /></mjloggm>