<mjloggm ver="2.3"><GO type="97" lobby="0"/><UN n0="%E3%82%A6%E3%83%AB%E3%83%88%E3%83%A9%E7%AB%8B%E7%9B%B4" n1="%D0%B7%D1%80%D0%B9%D1%82%D0%B5%D0%BB%D1%8C" n2="%E3%81%B1%E3%83%BC%E3%81%9D%E3%82%93" n3="%E5%8E%9F%E6%9D%91%E3%81%AE%E3%81%A9%E3%81%A3%E3%81%A1" dan="14,15,15,15" rate="1953.76,1952.58,1949.98,1902.24" sx="M,M,M,M"/><TAIKYOKU oya="0"/><INIT seed="0,0,0,3,4,76" ten="250,250,250,250" oya="0" hai0="71,29,48,42,53,88,30,111,91,9,122,47,102" hai1="121,8,0,64,18,119,24,5,114,21,2,135,123" hai2="17,13,82,63,43,68,134,115,39,101,109,117,45" hai3="57,92,14,27,61,36,4,130,108,79,6,32,129"/><T38/><D122/><N who="1" m="46603" /><E64/><V26/><F117/><W125/><G36/><T90/><D111/><U20/><E119/><V23/><F134/><W3/><G3/><T11/><D71/><U74/><E74/><V106/><F115/><W128/><G125/><T85/><D102/><U51/><E51/><V22/><F109/><W56/><G108/><T72/><D72/><U80/><E80/><V86/><F101/><W104/><G104/><T94/><D38/><U132/><E114/><V50/><F106/><W118/><G118/><T126/><D126/><U35/><E21/><V54/><F63/><W34/><G92/><T40/><D94/><U83/><E83/><V98/><F98/><W28/><G34/><T37/><D85/><U58/><E58/><N who="3" m="22634" /><G61/><T89/><N who="0" m="23040" /><DORA hai="75" /><T77/><D77/><U19/><E19/><V95/><F68/><W105/><G105/><T67/><D67/><U69/><E69/><V87/><F95/><W116/><G116/><T59/><REACH who="0" step="1"/><D42/><REACH who="0" ten="240,250,250,250" step="2"/><U113/><E113/><V46/><REACH who="2" step="1"/><F82/><REACH who="2" ten="240,250,240,250" step="2"/><W49/><G130/><T60/><D60/><U81/><E81/><V100/><F100/><W97/><G129/><T66/><D66/><U131/><E131/><V7/><F7/><W33/><G4/><T1/><D1/><N who="1" m="47" /><E132/><V120/><F120/><W52/><G128/><T62/><D62/><U70/><E135/><V127/><F127/><W96/><G6/><T10/><AGARI ba="0,2" hai="9,10,11,29,30,37,40,47,48,53,59" m="23040" machi="10" ten="50,18000,2" yaku="1,1,0,1,54,1,53,4" doraHai="76,75" doraHaiUra="84,133" who="0" fromWho="0" sc="240,200,250,-60,240,-60,250,-60" /><INIT seed="0,1,0,0,4,104" ten="440,190,180,190" oya="0" hai0="122,52,112,58,118,96,76,30,47,80,31,37,120" hai1="50,110,107,41,97,70,125,39,59,20,73,0,7" hai2="134,56,119,10,54,48,98,15,109,29,4,82,69" hai3="33,78,49,116,9,21,60,32,26,3,16,88,51"/><T14/><D118/><U72/><E70/><V25/><F69/><W8/><G116/><T53/><D112/><U132/><E39/><V95/><F119/><W114/><G114/><T85/><D120/><U83/><E83/><V24/><F109/><W23/><G78/><T19/><D122/><U103/><E20/><V99/><F134/><W100/><G100/><T113/><D113/><U121/><E121/><V12/><F82/><W81/><G60/><T2/><D2/><U1/><E7/><V106/><F106/><W133/><G133/><T87/><D87/><U126/><E132/><V115/><F115/><W131/><G131/><T34/><D34/><U45/><E59/><V61/><F98/><W67/><G67/><T63/><D96/><U127/><E110/><V43/><F15/><N who="3" m="9375" /><G3/><AGARI ba="1,0" hai="0,1,3,41,45,50,72,73,97,103,107,125,126,127" machi="3" ten="50,6400,0" yaku="18,1,52,2" doraHai="104" who="1" fromWho="3" sc="440,0,190,67,180,0,190,-67" /><INIT seed="1,0,0,2,2,34" ten="440,257,180,123" oya="1" hai0="123,67,25,4,31,40,113,8,76,107,22,127,13" hai1="23,60,101,83,121,48,55,102,39,112,124,118,96" hai2="27,16,33,114,1,57,69,44,97,93,88,65,42" hai3="17,134,106,110,132,74,68,50,29,89,117,126,87"/><U58/><E39/><V45/><F69/><W75/><G68/><T21/><D107/><U131/><E112/><V95/><F114/><W10/><G106/><T82/><D113/><U12/><E118/><V62/><F1/><W43/><G117/><T128/><D127/><U94/><E121/><V130/><F130/><W24/><G126/><T64/><D128/><U20/><E131/><V49/><F33/><W53/><G43/><T37/><D123/><U116/><E116/><V129/><F129/><W133/><G110/><T2/><D21/><U119/><E119/><V63/><F62/><W108/><G108/><T54/><D54/><U35/><E35/><V86/><F44/><W122/><G122/><T120/><D13/><U91/><E83/><V77/><F77/><W79/><G79/><T9/><D9/><U18/><E124/><V109/><F109/><W70/><G70/><T78/><D78/><U41/><E23/><N who="2" m="13799" /><F97/><W47/><G29/><T111/><D111/><U59/><REACH who="1" step="1"/><E41/><REACH who="1" ten="440,247,180,123" step="2"/><V51/><F49/><W81/><REACH who="3" step="1"/><G24/><REACH who="3" ten="440,247,180,113" step="2"/><T135/><D120/><U26/><E26/><V85/><F42/><W15/><AGARI ba="0,2" hai="10,15,17,47,50,53,74,75,81,87,89,132,133,134" machi="15" ten="40,12000,2" yaku="1,1,2,1,0,1,25,2,20,1,53,0" doraHai="34" doraHaiUra="90" who="3" fromWho="3" sc="440,-30,247,-60,180,-30,113,140" /><INIT seed="2,0,0,5,4,31" ten="410,187,150,253" oya="2" hai0="127,98,37,39,99,108,27,30,20,75,62,53,94" hai1="58,28,70,114,93,36,130,48,74,19,89,69,29" hai2="16,45,11,134,47,81,40,100,33,65,116,117,105" hai3="1,3,79,44,26,0,59,12,42,56,18,9,123"/><V55/><F33/><W80/><G123/><T21/><D75/><U25/><E74/><V38/><F134/><W22/><G80/><T13/><D108/><U43/><E36/><V61/><F81/><W23/><G79/><T63/><D127/><U120/><E114/><V76/><F76/><W35/><G23/><T122/><D122/><U103/><E120/><V96/><F55/><W85/><G85/><T77/><D77/><U64/><E103/><V101/><F100/><W118/><G118/><T84/><D39/><U51/><E29/><V10/><F47/><W34/><G56/><N who="0" m="35087" /><D63/><U90/><E28/><V5/><F11/><W106/><G59/><T128/><D128/><U95/><E58/><V113/><F113/><W67/><G67/><T41/><D41/><U2/><E64/><V6/><F6/><W24/><G106/><T52/><D52/><U115/><E43/><V57/><REACH who="2" step="1"/><F16/><REACH who="2" ten="410,187,140,253" step="2"/><N who="3" m="8207" /><G44/><T135/><D135/><U78/><E19/><V97/><F97/><W83/><G83/><T104/><D98/><U129/><E115/><V124/><F124/><W17/><G42/><T8/><D99/><U91/><E78/><V107/><F107/><W66/><G66/><T131/><D104/><U49/><E129/><V110/><F110/><W73/><G73/><T7/><D131/><U71/><E130/><V125/><F125/><W111/><G111/><T102/><D102/><U46/><E46/><V132/><F132/><W15/><G18/><T50/><D8/><U92/><E2/><AGARI ba="0,1" hai="2,5,10,38,40,45,57,61,65,96,101,105,116,117" machi="2" ten="30,2900,0" yaku="1,1,7,1,53,0" doraHai="31" doraHaiUra="109" who="2" fromWho="1" sc="410,0,187,-29,140,39,253,0" /><INIT seed="2,1,0,3,5,10" ten="410,158,179,253" oya="2" hai0="42,58,65,16,6,95,89,36,84,46,109,7,82" hai1="76,101,68,129,102,3,51,9,103,59,85,134,126" hai2="57,113,62,61,131,77,132,56,99,13,119,90,118" hai3="49,12,17,27,96,50,73,97,19,5,121,0,33"/><V38/><F113/><W41/><G121/><T35/><D35/><U60/><E68/><V24/><F131/><W94/><G73/><T20/><D109/><U23/><E129/><V122/><F38/><W47/><G50/><T88/><D65/><U71/><E71/><V39/><F39/><W92/><G0/><T79/><D58/><U111/><E111/><V48/><F122/><W117/><G117/><T22/><D22/><U18/><E126/><V123/><F123/><W32/><G32/><T125/><D89/><U52/><E134/><V115/><F115/><W55/><G41/><T72/><D125/><U1/><E9/><V37/><F77/><W44/><G44/><T86/><D72/><U127/><E127/><V130/><F37/><W105/><G105/><T70/><D70/><U104/><E104/><V80/><F130/><W93/><G33/><T110/><D110/><U135/><E135/><V107/><F132/><W64/><G64/><T43/><D43/><U75/><E75/><V40/><F118/><W66/><G66/><T14/><AGARI ba="1,0" hai="6,7,14,16,20,36,42,46,79,82,84,86,88,95" machi="14" ten="20,8000,1" yaku="0,1,7,1,52,1,54,2" doraHai="10" who="0" fromWho="0" sc="410,83,158,-21,179,-41,253,-21" /><INIT seed="3,0,0,4,1,82" ten="493,137,138,232" oya="3" hai0="95,42,55,85,20,114,23,47,48,103,104,111,102" hai1="45,54,92,80,105,131,30,99,117,66,72,101,69" hai2="10,16,32,134,63,19,89,6,96,78,126,36,71" hai3="64,118,24,94,34,51,88,128,115,41,73,13,27"/><W106/><G118/><T132/><D104/><U127/><E117/><V112/><F36/><W74/><G115/><T125/><D125/><U15/><E127/><V76/><F126/><W123/><G123/><T21/><D132/><U60/><E131/><V37/><F37/><W93/><G106/><T39/><D111/><U18/><E30/><V97/><F112/><W59/><G94/><T57/><D114/><U98/><E72/><V2/><F32/><W84/><G128/><T68/><D68/><U113/><E113/><V1/><F1/><W58/><G34/><T100/><D85/><U81/><E45/><V107/><F97/><W28/><G74/><T43/><D43/><U8/><E54/><V91/><F134/><W50/><G73/><T121/><D121/><U75/><E75/><V53/><F53/><W44/><G13/><T7/><D7/><U26/><E26/><V5/><F5/><W133/><G28/><T29/><D29/><U38/><E38/><V61/><F107/><W129/><G129/><T56/><D56/><U4/><E4/><V49/><F49/><W25/><G133/><T12/><D12/><U65/><E66/><N who="2" m="41423" /><F63/><N who="3" m="38007" /><G51/><N who="0" m="30975" /><D39/><U52/><E52/><V90/><F96/><AGARI ba="0,0" hai="20,21,23,42,47,48,95,96,100,102,103" m="30975" machi="96" ten="30,1000,0" yaku="8,1" doraHai="82" who="0" fromWho="2" sc="493,10,137,0,138,-10,232,0" owari="503,60.0,137,-26.0,128,-37.0,232,3.0" /></mjloggm>