<mjloggm ver="2.3"><GO type="169" lobby="0"/><UN n0="%E5%A4%A9%E9%BC%93" n1="%E6%B3%A5%E9%96%80%E5%B0%8F%E7%B4%85" n2="%E3%82%A6%E3%83%AB%E3%83%88%E3%83%A9%E7%AB%8B%E7%9B%B4" n3="%E5%A4%A7%E8%83%86%E3%81%AB%E3%83%80%E3%82%A4%E3%82%BF" dan="17,16,16,16" rate="2126.20,2085.11,2111.53,2088.25" sx="M,M,M,M"/><TAIKYOKU oya="0"/><INIT seed="0,0,0,2,4,73" ten="250,250,250,250" oya="0" hai0="117,31,30,6,74,38,107,54,65,121,79,93,101" hai1="87,33,135,90,126,110,109,59,84,72,103,118,71" hai2="105,40,120,114,27,108,63,9,122,53,10,123,100" hai3="83,95,17,88,124,16,32,129,89,12,3,112,106"/><T15/><D121/><U11/><E71/><V134/><F100/><W67/><G112/><T96/><D117/><U81/><E33/><V86/><F105/><W4/><G106/><T42/><D54/><U36/><E36/><V44/><F114/><W113/><G113/><T22/><D65/><U82/><E59/><V127/><F127/><W69/><G124/><T25/><D31/><U20/><E20/><V66/><F134/><W116/><G32/><T132/><D132/><U57/><E57/><V51/><F108/><N who="1" m="41577" /><E11/><V130/><F130/><W28/><G28/><T91/><D42/><U61/><E61/><V58/><F27/><W62/><G129/><T0/><D38/><U64/><E64/><V26/><F26/><W1/><G4/><T19/><D0/><U56/><E56/><V131/><F131/><W104/><G17/><T2/><D2/><U111/><E111/><V97/><F97/><W92/><G104/><T29/><D6/><U76/><E126/><V43/><F9/><W14/><G14/><T68/><D68/><U80/><E135/><V48/><F10/><W21/><G116/><T50/><D50/><U78/><E118/><V102/><F51/><W18/><G18/><T55/><D55/><U35/><E35/><V52/><F53/><W49/><G49/><T41/><D41/><U13/><E13/><V128/><F128/><W5/><G5/><T125/><D125/><U46/><E46/><V8/><F40/><W7/><G7/><T99/><D15/><U60/><E60/><V115/><F63/><W133/><G133/><T94/><D107/><RYUUKYOKU ba="0,0" sc="250,15,250,15,250,-15,250,-15" hai0="19,22,25,29,30,74,79,91,93,94,96,99,101" hai1="72,76,78,80,81,82,84,87,90,103" /><INIT seed="0,1,0,5,3,15" ten="265,265,235,235" oya="0" hai0="7,44,73,49,6,82,65,51,94,122,81,121,123" hai1="33,47,36,126,80,9,86,102,20,95,72,45,19" hai2="50,66,12,32,125,16,25,84,21,1,54,17,67" hai3="113,91,109,98,35,105,128,116,68,18,127,100,88"/><T130/><D130/><U30/><E126/><V4/><F125/><W69/><G113/><T110/><D110/><U79/><E36/><V70/><F70/><W101/><G116/><T78/><D51/><U58/><E9/><V13/><F1/><W89/><G127/><T39/><D39/><U11/><E11/><N who="2" m="4199" /><F84/><W107/><G109/><T87/><D94/><U24/><E58/><N who="2" m="33111" /><F32/><W34/><G128/><T97/><D97/><U120/><E120/><V134/><F134/><W115/><G115/><T60/><D82/><U119/><E119/><V135/><F135/><W124/><G124/><T83/><D83/><U90/><REACH who="1" step="1"/><E102/><REACH who="1" ten="265,255,235,235" step="2"/><V28/><F28/><W114/><G114/><T118/><D118/><U38/><E38/><V62/><F62/><W133/><G133/><T77/><D122/><U2/><E2/><V53/><F53/><W75/><G100/><T3/><D121/><U23/><E23/><AGARI ba="1,1" hai="13,16,17,21,23,25,66,67" m="33111,4199" machi="23" ten="30,7700,0" yaku="8,1,52,2,54,1" doraHai="15" who="2" fromWho="1" sc="265,0,255,-80,235,90,235,0" /><INIT seed="1,0,0,4,1,28" ten="265,175,325,235" oya="1" hai0="36,95,5,15,13,93,123,104,99,19,77,68,66" hai1="119,43,23,56,25,37,134,10,73,35,67,105,133" hai2="40,129,107,49,7,121,44,96,20,53,109,101,112" hai3="64,62,34,108,38,74,4,12,0,33,59,88,21"/><U30/><E119/><V84/><F121/><W82/><G38/><T89/><D36/><U80/><E105/><V48/><F112/><W100/><G108/><T94/><D104/><U60/><E10/><V51/><F129/><W32/><G0/><T29/><D123/><U45/><REACH who="1" step="1"/><E23/><REACH who="1" ten="265,165,325,235" step="2"/><V72/><F20/><W76/><G21/><T79/><D5/><U47/><E47/><V55/><F7/><W83/><G100/><T9/><D9/><U115/><E115/><V116/><F101/><W127/><G127/><T65/><D15/><U87/><E87/><V75/><F84/><W78/><G12/><T81/><D13/><U61/><E61/><V86/><F86/><W41/><G4/><T110/><D110/><U2/><E2/><V58/><F109/><W24/><G24/><T11/><D11/><U69/><E69/><V132/><F116/><W31/><G31/><T50/><D29/><U1/><E1/><V114/><F114/><W8/><G8/><T122/><D68/><U52/><E52/><V135/><F107/><W102/><G102/><T85/><D122/><U18/><E18/><V42/><F96/><W71/><G41/><T91/><D19/><U124/><E124/><V46/><F72/><W26/><G26/><T90/><D99/><U111/><E111/><V22/><F75/><N who="3" m="43295" /><G59/><T125/><D125/><U97/><E97/><V130/><F22/><W39/><G74/><T106/><D106/><U14/><E14/><V103/><F103/><W128/><G71/><T113/><D113/><U117/><E117/><V27/><F58/><W120/><G120/><RYUUKYOKU ba="0,1" sc="265,-10,165,30,325,-10,235,-10" hai1="25,30,35,37,43,45,56,60,67,73,80,133,134" /><INIT seed="1,1,1,0,1,134" ten="255,195,315,225" oya="1" hai0="102,122,132,56,9,89,71,62,30,24,128,1,6" hai1="20,84,44,25,39,127,67,108,68,104,57,43,3" hai2="99,21,94,51,60,90,42,75,98,40,117,121,49" hai3="58,72,125,66,126,77,59,118,48,54,55,11,61"/><U80/><E3/><V18/><F75/><W130/><G118/><T64/><D132/><U109/><E104/><V103/><F121/><W41/><G77/><T45/><D128/><U0/><E0/><V29/><F29/><W116/><G72/><T107/><D122/><U113/><E113/><V76/><F76/><W74/><G74/><T78/><D89/><N who="1" m="51335" /><E68/><V85/><F60/><N who="3" m="35935" /><G116/><T93/><D107/><U119/><E119/><V36/><F36/><W101/><G101/><T15/><D78/><U37/><E57/><V95/><F99/><W38/><G11/><T112/><D112/><U87/><E87/><V73/><F73/><W10/><G10/><T47/><D71/><U5/><E5/><V12/><F117/><W111/><G111/><N who="1" m="42570" /><E67/><V22/><F85/><W69/><G130/><T88/><D1/><U83/><E83/><V105/><F105/><W70/><G70/><T129/><D129/><U52/><E52/><V114/><F114/><W13/><G13/><T16/><D6/><U32/><E32/><V97/><F95/><W26/><G26/><T2/><D2/><U79/><E79/><V120/><F120/><W96/><G96/><T28/><D24/><U106/><E106/><V65/><F98/><W124/><G41/><N who="2" m="15977" /><F65/><W35/><G35/><T82/><D82/><U14/><E14/><N who="2" m="9431" /><F103/><W31/><G38/><T34/><D102/><U27/><E39/><V115/><F115/><W110/><G110/><T19/><D34/><U46/><E27/><V133/><F133/><W100/><G100/><T33/><D33/><U63/><E37/><V91/><F91/><RYUUKYOKU ba="1,1" sc="255,-15,195,-15,315,15,225,15" hai2="12,22,49,51,90,94,97" hai3="31,48,54,59,61,66,69,124,125,126" /><INIT seed="2,2,1,1,4,85" ten="240,180,330,240" oya="2" hai0="130,2,103,114,6,52,112,10,132,49,108,80,67" hai1="30,106,31,0,68,117,46,135,51,126,14,25,73" hai2="91,60,128,63,45,24,8,90,44,127,94,131,20" hai3="39,101,36,26,9,56,50,100,77,88,72,120,55"/><V123/><F8/><W33/><G120/><T12/><D130/><N who="2" m="49706" /><F123/><W69/><G69/><T134/><D108/><U66/><E0/><V7/><F7/><W129/><G129/><T96/><D67/><U47/><E73/><V4/><F4/><W48/><G48/><T115/><D80/><U53/><E106/><V1/><F1/><W107/><G9/><T34/><D34/><U3/><E3/><V70/><F127/><W43/><G77/><T109/><D109/><U5/><E117/><V64/><F63/><W102/><G72/><T89/><D89/><N who="2" m="33802" /><F94/><W40/><G107/><T78/><D78/><U15/><E126/><V23/><F23/><W27/><G33/><T18/><D6/><U57/><E5/><V110/><F110/><W99/><G101/><T119/><D119/><U71/><E71/><V98/><F98/><W62/><G62/><T133/><D2/><U82/><E68/><V16/><AGARI ba="2,1" hai="16,20,24,44,45,60,64,70" m="33802,49706" machi="16" ten="30,12000,1" yaku="19,1,52,3,54,1" doraHai="85" who="2" fromWho="2" sc="240,-42,180,-42,330,136,240,-42" /><INIT seed="2,3,0,1,2,112" ten="198,138,466,198" oya="2" hai0="100,52,110,5,40,18,104,71,78,68,94,60,80" hai1="16,93,106,30,72,46,97,50,26,79,23,32,121" hai2="91,86,62,63,96,57,126,133,4,118,31,51,0" hai3="39,95,59,12,119,24,48,98,34,113,3,127,101"/><V89/><F31/><W105/><G113/><T125/><D104/><U73/><E121/><V43/><F4/><W42/><G3/><T114/><D114/><U65/><E106/><V132/><F0/><W134/><G134/><T88/><D100/><U85/><E65/><V108/><F96/><W122/><G122/><T87/><D40/><U69/><E69/><V54/><F91/><W33/><G127/><T61/><D110/><U128/><E128/><V38/><F126/><W84/><G39/><T25/><D5/><U53/><E85/><V83/><F108/><W99/><G84/><T45/><D125/><U47/><E47/><V8/><F8/><W28/><G34/><T15/><D25/><U102/><REACH who="1" step="1"/><E79/><REACH who="1" ten="198,128,466,198" step="2"/><V20/><F86/><W17/><G105/><T64/><D78/><U29/><E29/><V10/><F132/><W135/><G99/><T22/><D94/><U2/><E2/><V21/><F133/><W77/><G77/><T49/><D71/><U37/><E37/><V55/><F38/><W123/><G123/><T92/><D68/><U111/><E111/><V117/><F57/><W58/><G58/><T70/><D92/><U35/><E35/><V82/><F82/><W75/><G135/><T44/><D44/><U76/><E76/><V36/><F83/><W11/><G75/><T6/><D70/><U7/><E7/><V129/><F36/><W90/><G59/><N who="0" m="36927" /><D6/><U1/><E1/><V130/><F130/><W14/><G33/><T74/><D74/><U56/><E56/><V115/><F129/><W124/><G124/><T109/><D109/><RYUUKYOKU ba="3,1" sc="198,15,128,15,466,-15,198,-15" hai0="15,18,22,45,49,52,60,80,87,88" hai1="16,23,26,30,32,46,50,53,72,73,93,97,102" /><INIT seed="3,4,1,3,0,74" ten="213,143,451,183" oya="3" hai0="97,114,111,133,72,112,96,22,0,1,69,115,81" hai1="24,121,45,119,120,38,108,47,131,19,13,11,80" hai2="42,60,29,56,79,15,68,129,59,95,105,51,101" hai3="88,107,12,86,62,17,50,76,26,46,99,8,9"/><W33/><G62/><T135/><D69/><U37/><E108/><V4/><F105/><W73/><G73/><T98/><D22/><U104/><E104/><V27/><F79/><W67/><G67/><T16/><D16/><U44/><E131/><V85/><F129/><W52/><G76/><N who="0" m="44167" /><D111/><U110/><E110/><V71/><F59/><W82/><G26/><T10/><D10/><U3/><E119/><V127/><F51/><W25/><G25/><T40/><D40/><U94/><E3/><AGARI ba="4,1" hai="0,1,3,96,97,98,112,114,115,133,135" m="44167" machi="3" ten="40,2600,0" yaku="11,1,52,1" doraHai="74" who="0" fromWho="1" sc="213,48,143,-38,451,0,183,0" /><INIT seed="4,0,0,1,1,106" ten="261,105,451,183" oya="0" hai0="64,126,62,11,24,133,81,43,17,94,34,117,71" hai1="125,36,51,107,9,25,90,86,35,7,97,5,135" hai2="65,93,14,101,85,129,128,115,47,12,69,55,68" hai3="28,120,50,30,6,10,18,104,57,73,110,16,23"/><T103/><D117/><U58/><E36/><V39/><F115/><W116/><G104/><T54/><D133/><U27/><E135/><V60/><F69/><W122/><G116/><T42/><D126/><U13/><E125/><V87/><F87/><W124/><G110/><T89/><D103/><U118/><E118/><V74/><F74/><W2/><G124/><T127/><D127/><U26/><E35/><V105/><F105/><W131/><G73/><T108/><D108/><U121/><E121/><N who="3" m="46698" /><G131/><N who="2" m="50249" /><F55/><N who="3" m="31991" /><G18/><T33/><D81/><U53/><E107/><V95/><F85/><W4/><G4/><T52/><D42/><U66/><E66/><V130/><F130/><W92/><G92/><N who="2" m="35401" /><F101/><W31/><G31/><T84/><D43/><AGARI ba="0,0" hai="12,14,39,43,47,60,65,68" m="35401,50249" machi="43" ten="30,1000,0" yaku="19,1" doraHai="106" who="2" fromWho="0" sc="261,-10,105,0,451,10,183,0" /><INIT seed="5,0,0,1,0,100" ten="251,105,461,183" oya="1" hai0="120,3,131,40,64,89,112,128,125,117,41,2,111" hai1="32,70,77,1,68,130,21,58,38,123,126,133,71" hai2="15,14,93,69,59,104,43,48,109,13,17,94,33" hai3="42,81,76,25,9,50,11,110,47,61,101,44,84"/><U7/><E32/><V121/><F104/><W82/><G110/><T8/><D111/><U10/><E123/><V20/><F69/><W4/><G101/><T107/><D107/><U92/><E126/><V22/><F33/><W34/><G61/><T106/><D106/><U53/><E133/><V115/><F121/><W28/><G4/><T75/><D75/><U36/><E130/><V108/><F115/><W18/><G18/><T124/><D112/><U37/><E77/><V62/><F109/><W86/><REACH who="3" step="1"/><G47/><REACH who="3" ten="251,105,461,173" step="2"/><T55/><D124/><U57/><E53/><V73/><F108/><W116/><G116/><T45/><D117/><U132/><E132/><V127/><F127/><W83/><G83/><T30/><D45/><U49/><E49/><V39/><F39/><W119/><G119/><T60/><D60/><U12/><REACH who="1" step="1"/><E92/><REACH who="1" ten="251,95,461,173" step="2"/><V65/><F94/><W87/><G87/><T31/><D131/><U74/><E74/><V105/><F73/><W103/><G103/><T135/><D125/><U5/><E5/><V24/><F105/><W72/><G72/><T54/><D135/><U118/><E118/><V99/><F48/><W122/><G122/><T79/><D120/><U78/><E78/><AGARI ba="0,2" hai="9,11,25,28,34,42,44,50,76,78,81,82,84,86" machi="78" ten="30,3900,0" yaku="1,1,7,1,9,1,53,0" doraHai="100" doraHaiUra="95" who="3" fromWho="1" sc="251,0,95,-39,461,0,173,59" /><INIT seed="6,0,0,0,4,27" ten="251,56,461,232" oya="2" hai0="83,128,23,126,86,122,68,62,117,55,63,52,12" hai1="50,39,75,71,10,19,98,44,32,112,47,0,129" hai2="29,135,37,30,107,59,36,74,109,35,18,17,48" hai3="133,114,99,64,96,89,77,108,58,76,106,121,46"/><V101/><F74/><W65/><G121/><T61/><D122/><U104/><E71/><V119/><F101/><W69/><G69/><T79/><D68/><U51/><E39/><V118/><F107/><W81/><G108/><T91/><D128/><U134/><E75/><V49/><F59/><W28/><G133/><T57/><D126/><U11/><E134/><V13/><F13/><W110/><G110/><T72/><D117/><U34/><E129/><V45/><F45/><W111/><G111/><T43/><D43/><U131/><E131/><V70/><F70/><W9/><G114/><T38/><D38/><U92/><E104/><V26/><F109/><W3/><G106/><T66/><D55/><U80/><E80/><V97/><F26/><W87/><G46/><T24/><D12/><U54/><E112/><V31/><F31/><W124/><G124/><T84/><D66/><N who="3" m="25705" /><G3/><T56/><D56/><U94/><E19/><V90/><F90/><W53/><G9/><T6/><D6/><U113/><E113/><V7/><F7/><W102/><G102/><T8/><D8/><U20/><E20/><V115/><F115/><W40/><G40/><T5/><D5/><U73/><E73/><V85/><F135/><W33/><G33/><T21/><D21/><U100/><E0/><V93/><F35/><N who="1" m="13353" /><E92/><V42/><F93/><W41/><G41/><T130/><D130/><U60/><E60/><N who="0" m="23145" /><D91/><U120/><E120/><V25/><F42/><W67/><G67/><T127/><D127/><U88/><E100/><V78/><F37/><W14/><G89/><T22/><D22/><RYUUKYOKU ba="0,0" sc="251,15,56,15,461,-15,232,-15" hai0="23,24,52,57,63,72,79,83,84,86" hai1="10,11,44,47,50,51,54,88,94,98" /><INIT seed="7,1,0,0,5,74" ten="266,71,446,217" oya="3" hai0="59,11,65,28,49,29,112,115,27,45,51,89,64" hai1="32,39,122,100,126,4,25,54,87,61,99,131,117" hai2="66,72,113,56,14,6,26,57,85,69,109,37,10" hai3="129,62,132,35,73,50,18,31,63,77,94,130,116"/><W76/><G116/><T82/><D11/><U111/><E126/><V80/><F72/><W23/><G132/><T114/><D59/><U79/><E131/><N who="3" m="50186" /><G73/><T91/><D29/><U121/><E39/><V96/><F113/><W119/><G119/><T101/><D101/><U43/><E43/><V124/><F37/><W75/><G75/><T44/><D51/><U106/><E117/><V17/><F124/><W42/><G94/><T123/><D123/><U92/><E4/><V86/><F66/><N who="0" m="25706" /><D82/><U104/><E111/><V19/><F109/><W1/><G1/><T36/><D36/><U98/><E54/><V46/><F80/><W60/><G31/><T7/><D7/><U90/><E61/><V70/><F96/><W81/><G81/><T71/><D71/><U134/><E134/><V107/><F86/><W97/><G97/><T12/><D12/><U135/><E135/><V68/><F85/><W108/><G35/><N who="0" m="20895" /><D44/><U2/><E2/><V20/><F107/><W125/><G125/><T83/><D83/><U118/><E118/><V110/><F110/><W53/><G42/><AGARI ba="1,0" hai="42,45,49,89,91,112,114,115" m="20895,25706" machi="42" ten="30,2000,0" yaku="15,1,11,1" doraHai="74" who="0" fromWho="3" sc="266,23,71,0,446,0,217,-23" owari="289,9.0,71,-43.0,446,55.0,194,-21.0" /></mjloggm>