<mjloggm ver="2.3"><GO type="41" lobby="0"/><UN n0="%57%6F%66%47" n1="%E5%B0%B1%E6%B4%BB%E7%94%9F%40%E5%B7%9D%E6%9D%91%E8%BB%8D%E5%9B%A3" n2="%73%69%67%65%31%31%31%39" n3="%E9%82%AA%E6%83%A1%E4%BA%8C%E9%80%B2%E5%88%B6" dan="14,15,13,15" rate="1892.00,2011.77,1853.12,2036.66" sx="M,M,M,F"/><TAIKYOKU oya="0"/><INIT seed="0,0,0,0,1,48" ten="250,250,250,250" oya="0" hai0="82,20,107,51,37,25,57,8,34,44,89,35,32" hai1="24,28,90,75,110,26,15,125,18,66,116,91,33" hai2="114,19,127,119,41,98,121,74,10,73,96,61,67" hai3="9,109,49,6,88,23,53,0,40,93,65,113,124"/><T42/><D107/><U131/><E75/><V30/><F114/><W100/><G113/><T4/><D37/><U102/><E116/><V94/><F121/><W76/><G109/><T134/><D134/><U105/><E110/><V60/><F119/><W63/><G124/><T118/><D118/><U7/><E125/><V85/><F127/><W126/><G126/><T97/><D57/><U21/><E131/><V80/><F74/><W135/><G135/><T108/><D108/><U87/><E66/><V120/><F73/><W115/><G115/><T56/><D56/><U111/><E111/><V122/><F120/><W78/><G23/><T68/><D68/><U47/><E91/><N who="2" m="51623" /><F122/><W81/><G40/><T31/><D35/><U92/><E102/><N who="2" m="60695" /><F41/><W99/><G100/><T104/><D104/><U133/><E105/><V71/><F71/><W106/><G106/><T43/><D43/><U95/><E133/><V36/><F36/><W101/><G101/><T22/><D34/><U46/><E95/><V128/><F128/><W70/><REACH who="3" step="1"/><G81/><REACH who="3" ten="250,250,250,240" step="2"/><T86/><REACH who="0" step="1"/><D97/><REACH who="0" ten="240,250,250,240" step="2"/><U54/><E33/><V77/><F98/><W39/><G39/><T64/><D64/><U83/><E83/><V84/><F67/><W112/><G112/><T50/><D50/><U27/><E28/><V132/><F132/><W129/><G129/><T62/><D62/><U17/><E87/><V5/><F30/><W1/><G1/><AGARI ba="0,2" hai="1,4,8,20,22,25,31,32,42,44,51,82,86,89" machi="1" ten="30,2900,0" yaku="1,1,7,1,53,0" doraHai="48" doraHaiUra="14" who="0" fromWho="3" sc="240,49,250,0,250,0,240,-29" /><INIT seed="0,1,0,2,2,59" ten="289,250,250,211" oya="0" hai0="55,133,122,21,99,20,31,29,126,117,63,114,36" hai1="108,4,51,24,121,94,49,89,8,82,60,27,50" hai2="18,74,30,91,97,57,127,107,1,28,101,9,13" hai3="134,7,48,98,40,66,132,23,71,11,85,73,26"/><T87/><D122/><U130/><E121/><V81/><F127/><W88/><G73/><T42/><D126/><U0/><E108/><V12/><F1/><W111/><G98/><T104/><D117/><U75/><E130/><V115/><F115/><W45/><G111/><T128/><D128/><U19/><E19/><V118/><F118/><W6/><G71/><T16/><D114/><U120/><E120/><V92/><F74/><W53/><G66/><T56/><D133/><N who="3" m="51305" /><G40/><T14/><D21/><U58/><E82/><V131/><F131/><W15/><G15/><T109/><D109/><U54/><REACH who="1" step="1"/><E75/><REACH who="1" ten="289,240,250,211" step="2"/><V41/><F81/><N who="3" m="49199" /><G11/><T83/><D36/><U119/><E119/><V103/><F41/><W10/><G10/><T100/><REACH who="0" step="1"/><D42/><REACH who="0" ten="279,240,250,211" step="2"/><U25/><E25/><V65/><F107/><W76/><G76/><AGARI ba="1,2" hai="14,16,20,29,31,55,56,63,76,83,87,99,100,104" machi="76" ten="30,12000,1" yaku="1,1,2,1,7,1,52,1,54,1,53,0" doraHai="59" doraHaiUra="84" who="0" fromWho="3" sc="279,143,240,0,250,0,211,-123" /><INIT seed="0,2,0,0,2,25" ten="422,240,250,88" oya="0" hai0="67,124,29,100,4,37,89,113,62,65,125,68,8" hai1="123,9,83,10,59,129,87,19,56,43,52,75,66" hai2="127,120,38,117,47,14,103,54,69,133,126,40,109" hai3="57,36,105,31,131,5,23,101,90,3,45,122,24"/><T99/><D113/><U6/><E75/><V97/><F120/><W13/><G122/><T1/><D37/><U111/><E123/><V91/><F69/><W88/><G3/><T85/><D67/><U81/><E129/><V50/><F117/><W18/><G131/><T118/><D118/><U41/><E111/><V121/><F121/><W95/><G5/><T35/><D89/><U107/><E107/><V132/><F109/><W73/><G73/><T58/><D58/><U0/><E83/><V32/><F32/><W119/><G119/><T46/><D85/><U77/><E59/><N who="2" m="33239" /><F14/><W98/><G57/><T92/><D46/><U96/><E66/><V7/><F7/><W53/><G36/><T71/><D71/><U60/><E10/><V63/><F91/><W2/><G2/><T80/><D80/><U39/><E39/><V26/><F26/><W27/><G27/><N who="0" m="18879" /><D92/><U102/><REACH who="1" step="1"/><E19/><REACH who="1" ten="422,230,250,88" step="2"/><V94/><F63/><W76/><G76/><T22/><D22/><U82/><E82/><V115/><F115/><W70/><G105/><N who="0" m="63647" /><D125/><AGARI ba="2,1" hai="38,40,47,94,97,103,125,126,127,132,133" m="33239" machi="125" ten="30,1000,0" yaku="18,1" doraHai="25" who="2" fromWho="0" sc="422,-16,230,0,250,26,88,0" /><INIT seed="1,0,0,2,4,134" ten="406,230,276,88" oya="1" hai0="18,41,80,0,50,128,71,131,114,72,8,40,120" hai1="59,17,28,85,69,74,24,29,88,79,132,89,119" hai2="49,39,58,33,107,36,32,5,122,54,46,57,77" hai3="101,116,62,63,105,99,104,1,14,22,15,23,68"/><U113/><E69/><V61/><F107/><W112/><G68/><T56/><D120/><U37/><E119/><V126/><F77/><W109/><G1/><T52/><D114/><U110/><E37/><N who="2" m="14411" /><F5/><W125/><G109/><T121/><D121/><U92/><E113/><V115/><F32/><W34/><G112/><T16/><D71/><U90/><E132/><V43/><F33/><W75/><G34/><T35/><D35/><U111/><E59/><N who="2" m="33231" /><F115/><W55/><G55/><T4/><D72/><U65/><E65/><N who="2" m="39087" /><F122/><W27/><G27/><T129/><D80/><U70/><E70/><V127/><F58/><W118/><G99/><T100/><D100/><U67/><E67/><V10/><F10/><W103/><REACH who="3" step="1"/><G75/><REACH who="3" ten="406,230,276,78" step="2"/><T73/><D73/><U95/><E74/><V2/><F2/><W84/><G84/><T135/><D135/><U7/><E110/><V98/><F98/><W82/><G82/><T94/><D131/><U48/><E111/><V86/><F86/><W87/><G87/><T6/><D129/><U93/><E85/><V51/><AGARI ba="0,1" hai="43,46,51,126,127" m="39087,33231,14411" machi="51" ten="30,7900,0" yaku="34,2,52,2" doraHai="134" who="2" fromWho="2" sc="406,-20,230,-39,276,89,78,-20" /><INIT seed="2,0,0,4,1,40" ten="386,191,365,58" oya="2" hai0="89,51,119,97,111,42,0,121,122,78,18,104,108" hai1="2,96,16,82,130,86,84,76,106,35,127,13,20" hai2="22,54,87,53,6,9,123,61,66,110,134,88,32" hai3="23,17,38,37,58,25,77,57,71,65,98,115,60"/><V90/><F32/><W41/><G115/><T33/><D33/><U68/><E35/><V113/><F123/><W45/><G77/><T28/><D28/><U44/><E2/><V75/><F75/><W126/><G126/><T135/><D0/><U132/><E127/><V15/><F113/><W100/><REACH who="3" step="1"/><G38/><REACH who="3" ten="386,191,365,48" step="2"/><T105/><D119/><U31/><E130/><V109/><F134/><W103/><G103/><T14/><D135/><U133/><E132/><V107/><F90/><W112/><G112/><T19/><D89/><U36/><E133/><V129/><F129/><W73/><G73/><T80/><D122/><U39/><E68/><V118/><F118/><W50/><G50/><T62/><D51/><U93/><E106/><AGARI ba="0,1" hai="17,23,25,37,41,45,57,58,60,65,71,98,100,106" machi="106" ten="30,3900,0" yaku="1,1,7,1,52,1,53,0" doraHai="40" doraHaiUra="26" who="3" fromWho="1" sc="386,0,191,-39,365,0,48,49" /><INIT seed="3,0,0,4,0,65" ten="386,152,365,97" oya="3" hai0="110,130,128,20,75,102,0,104,123,87,101,118,58" hai1="54,71,64,68,106,60,90,99,9,4,76,117,135" hai2="15,3,92,41,48,63,72,33,114,97,91,81,103" hai3="70,38,129,84,28,124,112,7,59,23,39,37,29"/><W24/><G112/><T74/><D0/><U109/><E117/><V83/><F33/><W94/><G124/><T69/><D69/><N who="1" m="42119" /><E54/><V98/><F114/><W27/><G129/><N who="0" m="49771" /><D118/><U17/><E17/><V86/><F3/><W121/><G121/><T100/><D58/><U46/><E90/><N who="2" m="55447" /><F63/><W32/><G7/><T113/><D20/><U44/><E44/><V11/><F48/><W2/><G2/><T52/><D113/><U80/><E135/><V82/><F41/><W132/><G132/><T10/><D52/><U18/><E18/><V67/><F67/><W105/><G105/><T73/><D123/><U133/><E133/><V88/><F15/><W19/><G19/><T34/><D34/><U5/><E5/><V55/><F11/><W25/><G25/><T30/><D10/><U89/><E89/><N who="2" m="51407" /><F55/><W62/><G70/><N who="1" m="26666" /><E46/><V50/><F50/><W45/><G45/><T16/><D16/><U47/><E47/><V108/><F108/><W61/><G59/><T31/><D110/><U85/><E9/><V127/><F127/><W107/><G107/><T111/><D111/><U115/><E4/><V8/><F8/><W51/><G51/><T120/><D87/><U14/><E14/><V26/><F26/><W40/><G40/><T134/><D134/><U66/><E66/><V42/><F42/><W1/><G1/><T116/><D116/><U35/><E109/><V57/><F57/><W96/><G84/><T131/><D131/><U79/><E115/><V125/><F125/><W77/><G62/><T12/><D12/><U93/><E35/><V21/><F21/><RYUUKYOKU ba="0,0" sc="386,0,152,0,365,0,97,0" /><INIT seed="4,1,0,0,1,62" ten="386,152,365,97" oya="0" hai0="45,125,28,75,64,21,110,32,3,58,126,80,76" hai1="119,128,7,48,94,54,15,65,70,118,71,86,25" hai2="93,91,104,89,57,103,34,114,37,135,117,29,124" hai3="129,127,41,16,10,101,17,61,97,30,14,27,1"/><T109/><D3/><U79/><E128/><V67/><F37/><W0/><G17/><T82/><D82/><U122/><E122/><V121/><F121/><W92/><G129/><T59/><D32/><U51/><E25/><V18/><F117/><W95/><G127/><N who="0" m="48651" /><D45/><U77/><E15/><V2/><F2/><W63/><G41/><T39/><D39/><U115/><E7/><V131/><F124/><W116/><G116/><T13/><D64/><U123/><E94/><V22/><F131/><W55/><G95/><T99/><D99/><U66/><E86/><V73/><F73/><W113/><G113/><T11/><D21/><U40/><E123/><V85/><F114/><W4/><G0/><T53/><D28/><U108/><E108/><N who="0" m="41577" /><D53/><U87/><E87/><V96/><F34/><W84/><G55/><T111/><N who="0" m="41585" /><T81/><DORA hai="42" /><D81/><U130/><E130/><V23/><F29/><W19/><G84/><T90/><D90/><N who="2" m="34314" /><F104/><W68/><G68/><T69/><D69/><U98/><E115/><V43/><F85/><W120/><G120/><T100/><D100/><U36/><E36/><V60/><F135/><W44/><G44/><T88/><D88/><U102/><E54/><V78/><F78/><W49/><G1/><T56/><D11/><U112/><E112/><V26/><F23/><W52/><G30/><T35/><D35/><U72/><E40/><AGARI ba="1,0" hai="18,22,26,40,43,57,60,67,93,96,103" m="34314" machi="40" ten="30,2000,0" yaku="8,1,52,1" doraHai="62,42" who="2" fromWho="1" sc="386,0,152,-23,365,23,97,0" /><INIT seed="5,0,0,0,4,12" ten="386,129,388,97" oya="1" hai0="17,20,95,81,19,4,115,77,26,105,49,14,44" hai1="89,118,16,120,55,57,68,109,29,7,36,96,8" hai2="128,65,132,71,98,121,56,127,59,67,135,60,23" hai3="99,92,122,75,101,43,40,79,107,33,51,5,125"/><U69/><E36/><V117/><F117/><W110/><G110/><T87/><D105/><U58/><E118/><V112/><F121/><W1/><G122/><T25/><D115/><U9/><E120/><V50/><F98/><W72/><G33/><T54/><D95/><U80/><E109/><V91/><F91/><W126/><G92/><T21/><D4/><U27/><E58/><N who="2" m="37015" /><F23/><W2/><G75/><T85/><D14/><U82/><E9/><V63/><F112/><W78/><G5/><T73/><AGARI ba="0,0" hai="17,19,20,21,25,26,44,49,54,73,77,81,85,87" machi="73" ten="20,8000,1" yaku="0,1,7,1,9,1,52,2" doraHai="12" who="0" fromWho="0" sc="386,80,129,-40,388,-20,97,-20" /><INIT seed="6,0,0,2,3,9" ten="466,89,368,77" oya="2" hai0="81,86,60,0,35,115,102,20,134,46,18,113,70" hai1="131,108,32,36,44,37,72,104,43,29,125,53,39" hai2="3,101,67,6,130,90,84,66,27,58,98,34,49" hai3="40,106,5,50,122,123,41,10,68,45,103,54,82"/><V74/><F74/><W25/><G68/><T117/><D117/><U83/><E108/><V92/><F130/><W42/><G25/><T99/><D0/><U19/><E131/><V14/><F3/><W124/><G124/><T109/><D109/><U126/><E53/><N who="2" m="32047" /><F34/><W112/><G112/><N who="0" m="43083" /><D46/><U93/><E93/><N who="2" m="58575" /><F27/><W12/><REACH who="3" step="1"/><G82/><REACH who="3" ten="466,89,368,67" step="2"/><T24/><D134/><U80/><E80/><V4/><F4/><W31/><G31/><T96/><D35/><U114/><E114/><V28/><F28/><W89/><G89/><T105/><D70/><U129/><E129/><V61/><F61/><W65/><G65/><N who="2" m="24585" /><F6/><W7/><G7/><T55/><D60/><U133/><E133/><V23/><F23/><W107/><G107/><T69/><D69/><U116/><E104/><V85/><F85/><W94/><G94/><T118/><D118/><U121/><E116/><V95/><F92/><W48/><G48/><T57/><D105/><U73/><E126/><V120/><F120/><W71/><G71/><T127/><D127/><U75/><E125/><V59/><F59/><W119/><G119/><T77/><D102/><U15/><E121/><V63/><F63/><W8/><G8/><T135/><D135/><U13/><E83/><V110/><F110/><W62/><G62/><T87/><D87/><U78/><E29/><V64/><N who="2" m="24593" /><V17/><DORA hai="38" /><F17/><W79/><G79/><T30/><D18/><U26/><E78/><V52/><F52/><W11/><G11/><T91/><D91/><U1/><E26/><V47/><F47/><W111/><G111/><T21/><D21/><RYUUKYOKU ba="0,1" sc="466,10,89,-30,368,10,67,10" hai0="20,24,30,55,57,77,81,86,96,99" hai2="14,84,90,95" hai3="5,10,12,40,41,42,45,50,54,103,106,122,123" /><INIT seed="6,1,1,3,0,89" ten="476,59,378,77" oya="2" hai0="77,22,96,99,48,116,50,95,69,18,104,25,108" hai1="111,54,38,131,39,114,97,56,82,40,76,70,132" hai2="100,16,1,49,94,37,123,74,101,5,43,53,106" hai3="63,27,65,26,44,36,112,28,21,80,134,119,93"/><V117/><F117/><W11/><G119/><T45/><D108/><U109/><E70/><V103/><F106/><W87/><G134/><T14/><D116/><U30/><E132/><V126/><F74/><W67/><G112/><T118/><D69/><U133/><E133/><V17/><F123/><W6/><G27/><T42/><D118/><U60/><E114/><V9/><F126/><W4/><G4/><T20/><D77/><U55/><E131/><V66/><F66/><W113/><G113/><T79/><D79/><U81/><E30/><V57/><F43/><W78/><G36/><T7/><D7/><U83/><E76/><V72/><F72/><W61/><G44/><T32/><D32/><U115/><E115/><V46/><F37/><W52/><G93/><T35/><D35/><U130/><E130/><V73/><F73/><W135/><G135/><T122/><D122/><U23/><E55/><V107/><F107/><W2/><G63/><T29/><D104/><U125/><E125/><V8/><F8/><W24/><REACH who="3" step="1"/><G26/><REACH who="3" ten="476,59,378,67" step="2"/><T12/><D25/><U128/><E128/><V98/><REACH who="2" step="1"/><F46/><REACH who="2" ten="476,59,368,67" step="2"/><W71/><G71/><T31/><D45/><U105/><E39/><V13/><F13/><W127/><G127/><T121/><D14/><U110/><E38/><V68/><F68/><W47/><G47/><T15/><D12/><U85/><E40/><V91/><AGARI ba="1,3" hai="1,5,9,16,17,49,53,57,91,94,98,100,101,103" machi="91" ten="30,11700,0" yaku="1,1,0,1,52,1,54,1,53,0" doraHai="89" doraHaiUra="59" who="2" fromWho="2" sc="476,-40,59,-40,368,150,67,-40" /><INIT seed="6,2,0,2,2,122" ten="436,19,518,27" oya="2" hai0="125,17,8,14,55,67,106,124,97,135,132,112,58" hai1="27,126,96,11,127,36,87,23,53,10,88,34,6" hai2="86,104,115,134,2,56,19,38,25,69,50,63,45" hai3="130,52,94,65,26,72,78,92,0,93,9,62,80"/><V18/><F104/><W73/><G130/><T129/><D67/><U109/><E36/><V95/><F2/><W114/><G73/><T66/><D66/><U111/><E34/><V113/><F69/><W123/><G123/><T117/><D106/><U98/><E53/><N who="2" m="34191" /><F38/><W41/><G41/><T91/><D117/><U133/><E133/><N who="0" m="51273" /><D112/><N who="2" m="43082" /><F134/><W79/><G79/><T83/><D129/><U5/><E23/><V39/><F39/><W51/><G114/><T49/><D97/><N who="1" m="37483" /><E27/><V89/><F25/><W77/><G26/><T16/><D17/><U103/><E103/><V3/><F3/><W60/><G78/><T40/><D40/><AGARI ba="2,0" hai="18,19,40,45,50,86,89,95" m="43082,34191" machi="40" ten="30,1500,0" yaku="15,1" doraHai="122" who="2" fromWho="0" sc="436,-21,19,0,518,21,27,0" /><INIT seed="6,3,0,0,3,84" ten="415,19,539,27" oya="2" hai0="50,67,74,26,105,14,109,31,73,113,68,100,10" hai1="110,93,15,115,47,59,99,8,114,122,28,133,87" hai2="72,63,64,123,2,38,116,96,5,81,132,16,55" hai3="95,130,135,44,53,119,24,111,17,82,106,65,126"/><V23/><F116/><W20/><G111/><T48/><D109/><U71/><E110/><V127/><F38/><W19/><G106/><T61/><D113/><N who="1" m="43019" /><E71/><V80/><F123/><W56/><G119/><T39/><D39/><U79/><E122/><V9/><F72/><W57/><G126/><T78/><D50/><U12/><E133/><V77/><F127/><W58/><G135/><T134/><D134/><U27/><E47/><V18/><F132/><W92/><G130/><T45/><D78/><U83/><E59/><N who="2" m="36991" /><F2/><W108/><G108/><T62/><D62/><U125/><E125/><V128/><F128/><W107/><G107/><T85/><D85/><U69/><E69/><V60/><F77/><W49/><G65/><T104/><D104/><U29/><E27/><N who="2" m="14823" /><F5/><W4/><G4/><T42/><D100/><N who="1" m="60527" /><E15/><N who="2" m="7535" /><F96/><W76/><G17/><AGARI ba="3,0" hai="8,12,17,28,29,79,83,87" m="60527,43019" machi="17" ten="30,1000,0" yaku="15,1" doraHai="84" who="1" fromWho="3" sc="415,0,19,19,539,0,27,-19" /><INIT seed="7,0,0,3,3,31" ten="415,38,539,8" oya="3" hai0="82,94,122,13,118,70,124,62,15,40,127,17,54" hai1="41,50,116,2,89,77,99,60,42,51,134,79,35" hai2="123,53,117,56,34,126,97,10,86,119,16,71,111" hai3="85,45,66,92,73,49,61,107,58,131,68,7,106"/><W88/><G73/><T5/><D122/><U102/><E35/><V84/><F71/><W48/><G131/><T90/><D118/><U19/><E2/><V64/><F34/><W78/><G78/><N who="1" m="29706" /><E134/><V65/><F111/><W18/><G7/><T115/><D115/><U28/><E116/><V47/><F123/><W104/><G45/><T33/><D33/><U37/><E37/><V67/><F119/><W21/><G68/><T114/><D114/><U14/><E28/><V75/><F75/><W6/><G6/><T69/><D82/><U63/><E102/><V83/><F117/><W133/><G133/><T55/><D40/><N who="1" m="15467" /><E89/><N who="2" m="51359" /><F126/><N who="0" m="48170" /><D5/><U112/><E99/><V11/><F97/><W8/><G8/><N who="2" m="3113" /><F47/><W39/><G39/><T46/><D46/><U25/><E25/><V32/><F32/><W23/><G23/><N who="0" m="11695" /><D15/><U125/><E125/><V108/><F108/><W80/><G80/><T3/><D55/><U4/><E4/><V91/><F53/><W110/><G110/><T20/><D20/><N who="1" m="11383" /><E112/><V1/><F1/><W81/><G81/><T98/><D3/><U26/><E26/><V103/><F103/><W0/><G0/><T12/><D12/><U132/><E132/><V128/><F128/><W129/><G129/><T29/><D94/><U36/><E36/><V38/><F38/><W52/><G66/><T120/><D90/><U59/><E63/><N who="2" m="37991" /><F16/><W74/><G74/><T96/><D54/><AGARI ba="0,0" hai="50,51,54,59,60" m="11383,15467,29706" machi="54" ten="30,1000,0" yaku="8,1" doraHai="31" who="1" fromWho="0" sc="415,-10,38,10,539,0,8,0" owari="405,21.0,48,-35.0,539,63.0,8,-49.0" /></mjloggm>