<mjloggm ver="2.3"><GO type="97" lobby="0"/><UN n0="%50%61%6E%63%65%74%74%61" n1="%E5%B8%86%E5%A4%9C" n2="%E9%83%A1%E5%B1%B1%E7%83%88%E7%81%AB" n3="%E3%82%A6%E3%83%AB%E3%83%88%E3%83%A9%E7%AB%8B%E7%9B%B4" dan="14,13,14,14" rate="1921.45,1915.17,1930.34,1939.54" sx="F,M,M,M"/><TAIKYOKU oya="0"/><INIT seed="0,0,0,5,4,120" ten="250,250,250,250" oya="0" hai0="93,0,33,67,30,122,112,104,43,68,44,3,121" hai1="78,9,135,54,20,15,38,116,75,111,132,24,47" hai2="85,84,13,63,10,35,51,125,134,14,36,115,60" hai3="72,76,65,131,101,92,105,1,46,109,52,41,103"/><T37/><D112/><U81/><E111/><V124/><F115/><W22/><G1/><T117/><D117/><U64/><E116/><V83/><F35/><W82/><G109/><T91/><D104/><U123/><E123/><V59/><F36/><W119/><G119/><T107/><D107/><U39/><E64/><V28/><F28/><W58/><G131/><T11/><D93/><U34/><E34/><V70/><F134/><N who="1" m="51241" /><E54/><V66/><F51/><W97/><G65/><T79/><D79/><U19/><E47/><V86/><F83/><W57/><G22/><T69/><D91/><U77/><E78/><V4/><REACH who="2" step="1"/><F13/><REACH who="2" ten="250,250,240,250" step="2"/><W2/><G2/><T27/><D122/><U26/><E24/><V95/><F95/><W113/><G113/><T127/><D121/><U42/><E42/><V55/><AGARI ba="0,1" hai="4,10,14,55,59,60,63,66,70,84,85,86,124,125" machi="55" ten="30,2000,0" yaku="1,1,0,1,53,0" doraHai="120" doraHaiUra="12" who="2" fromWho="2" sc="250,-10,250,-5,240,30,250,-5" /><INIT seed="1,0,0,5,4,55" ten="240,245,270,245" oya="1" hai0="93,60,125,123,51,131,62,11,74,122,17,1,10" hai1="98,76,29,111,36,46,135,103,69,8,9,5,43" hai2="99,2,32,59,19,66,107,115,45,113,112,121,39" hai3="134,120,114,25,0,7,27,70,81,28,48,12,47"/><U73/><E69/><V65/><F121/><N who="0" m="46090" /><D74/><U58/><E58/><V30/><F2/><W24/><G70/><T129/><D93/><U86/><E86/><V94/><F107/><W97/><G0/><T71/><D51/><U3/><E9/><N who="0" m="3081" /><D1/><U130/><E29/><V87/><F87/><W40/><G114/><T68/><D17/><U124/><E111/><V54/><F19/><W53/><G134/><T108/><D108/><U67/><E67/><V117/><F117/><W49/><G120/><T20/><D20/><U50/><E50/><N who="2" m="31191" /><F30/><W95/><G81/><T15/><D15/><U4/><E4/><V22/><F22/><N who="3" m="15383" /><G12/><T33/><D33/><U118/><E118/><V119/><F32/><W126/><G7/><T57/><D125/><U34/><E124/><V44/><F119/><W132/><G126/><T52/><D62/><U41/><E43/><N who="2" m="22655" /><F45/><N who="3" m="25639" /><G132/><T26/><D26/><U35/><E135/><V116/><F116/><W84/><G84/><T42/><D42/><U83/><E130/><AGARI ba="0,0" hai="52,57,60,68,71,129,130,131" m="3081,46090" machi="130" ten="30,7700,0" yaku="19,1,13,1,52,1,54,1" doraHai="55" who="0" fromWho="1" sc="240,77,245,-77,270,0,245,0" /><INIT seed="2,0,0,4,2,56" ten="317,168,270,245" oya="2" hai0="99,42,91,85,92,84,93,53,43,116,129,40,58" hai1="70,61,25,75,123,28,30,74,77,102,79,18,57" hai2="119,23,76,125,134,51,78,29,110,109,63,47,59" hai3="44,81,49,19,98,41,100,15,135,130,132,67,133"/><V26/><F119/><W4/><G130/><T12/><D116/><U120/><E70/><V39/><F39/><W95/><G81/><T17/><D129/><U65/><E102/><V66/><F134/><W55/><G4/><T97/><D17/><U60/><E57/><V24/><F24/><W94/><G67/><T38/><D12/><U112/><E18/><V82/><F125/><W68/><G68/><T69/><D69/><U54/><E25/><V73/><REACH who="2" step="1"/><F78/><REACH who="2" ten="317,168,260,245" step="2"/><N who="1" m="29705" /><E112/><V105/><F105/><N who="3" m="63639" /><G41/><AGARI ba="0,1" hai="23,26,29,41,47,51,59,63,66,73,76,82,109,110" machi="41" ten="40,7700,0" yaku="1,1,52,1,53,1" doraHai="56" doraHaiUra="22" who="2" fromWho="3" sc="317,0,168,0,260,87,245,-77" /><INIT seed="2,1,0,3,1,20" ten="317,168,347,168" oya="2" hai0="48,58,85,12,47,120,97,56,57,115,29,113,65" hai1="128,27,55,93,129,53,30,60,49,119,41,66,98" hai2="1,131,132,96,15,133,34,37,108,90,45,91,79" hai3="134,114,26,92,99,101,50,86,23,18,32,105,75"/><V109/><F1/><W118/><G118/><T121/><D85/><U110/><E119/><V0/><F0/><W62/><G134/><N who="2" m="51817" /><F79/><W54/><G114/><N who="0" m="43531" /><D97/><U38/><E110/><N who="2" m="42603" /><F34/><W78/><G62/><N who="0" m="38087" /><D29/><U64/><E38/><V39/><F15/><W40/><G40/><N who="0" m="24679" /><D12/><U124/><E41/><N who="2" m="22703" /><F39/><W81/><G32/><T77/><D77/><U10/><E10/><V111/><N who="2" m="42611" /><V87/><DORA hai="107" /><F131/><W71/><G71/><T11/><D11/><U106/><E106/><V2/><F2/><W13/><G13/><T14/><D14/><U24/><E128/><V31/><F31/><W84/><REACH who="3" step="1"/><G105/><REACH who="3" ten="317,168,347,158" step="2"/><T52/><D58/><AGARI ba="1,1" hai="18,23,26,50,54,58,75,78,81,84,86,92,99,101" machi="58" ten="30,12000,2" yaku="1,1,2,1,7,1,52,2,53,1" doraHai="20,107" doraHaiUra="89,63" who="3" fromWho="0" sc="317,-123,168,0,347,0,158,133" /><INIT seed="3,0,0,0,0,48" ten="194,168,347,291" oya="3" hai0="78,46,89,54,51,65,22,81,53,96,39,126,67" hai1="60,2,52,44,8,72,29,63,130,90,84,102,79" hai2="34,93,98,55,66,32,80,28,12,56,116,50,13" hai3="57,127,62,3,40,30,33,6,73,16,49,100,11"/><W105/><G73/><T85/><D126/><U0/><E130/><V104/><F116/><W115/><G115/><T95/><D39/><U4/><E102/><V1/><F1/><W36/><G36/><T21/><D65/><U35/><E72/><V43/><F104/><W97/><G127/><T23/><REACH who="0" step="1"/><D67/><REACH who="0" ten="184,168,347,291" step="2"/><U92/><E79/><V37/><F66/><W24/><G62/><T94/><D94/><U111/><E111/><V106/><F106/><W119/><G119/><T113/><D113/><U86/><E2/><V110/><F37/><W41/><G49/><T14/><D14/><U131/><E131/><V103/><F13/><W123/><G123/><T26/><D26/><U122/><E122/><V88/><F12/><W133/><G133/><T18/><D18/><U128/><E128/><V70/><F110/><W58/><REACH who="3" step="1"/><G16/><REACH who="3" ten="184,168,347,281" step="2"/><T76/><D76/><U27/><REACH who="1" step="1"/><E86/><REACH who="1" ten="184,158,347,281" step="2"/><V17/><F98/><W59/><AGARI ba="0,3" hai="3,6,11,24,30,33,40,41,57,58,59,97,100,105" machi="59" ten="30,6000,0" yaku="1,1,2,1,0,1,53,0" doraHai="48" doraHaiUra="87" who="3" fromWho="3" sc="184,-20,158,-20,347,-20,281,90" owari="164,-24.0,138,-36.0,327,13.0,371,47.0" /></mjloggm>