<mjloggm ver="2.3"><GO type="193" lobby="0"/><UN n0="%61%67%69%6C%73" n1="%E8%87%AD%E8%8D%98%EF%BC%A0%E5%B7%9D%E6%9D%91%E8%BB%8D%E5%9B%A3" n2="%E5%B0%B1%E6%B4%BB%E7%94%9F%40%E5%B7%9D%E6%9D%91%E8%BB%8D%E5%9B%A3" n3="%4C%2D%44%6F%67" dan="10,12,12,13" rate="1705.33,1683.72,1761.92,1798.41" sx="M,M,M,M"/><TAIKYOKU oya="0"/><INIT seed="0,0,0,1,2,98" ten="250,250,250,250" oya="0" hai0="107,81,131,101,30,130,132,35,8,94,97,28,51" hai1="111,27,65,78,64,100,128,72,93,38,47,45,104" hai2="84,44,13,122,118,69,23,110,115,120,114,83,11" hai3="55,40,53,49,50,15,7,75,76,25,80,87,31"/><T86/><D35/><U46/><E104/><V88/><F69/><W77/><G75/><T108/><D51/><U42/><E128/><N who="0" m="49193" /><D8/><U61/><E27/><V39/><F118/><W113/><G113/><T116/><D116/><U112/><E112/><V92/><F110/><W106/><G106/><T60/><D60/><U123/><E111/><V0/><F114/><W54/><G40/><T24/><D24/><U134/><E134/><V48/><F115/><W91/><G7/><T10/><D10/><U133/><E133/><V124/><F39/><W99/><G15/><T63/><D63/><U119/><E119/><V129/><F129/><W43/><G43/><T127/><D127/><U5/><E5/><V16/><F124/><W26/><G26/><T73/><D108/><U68/><E123/><V1/><F92/><N who="3" m="56735" /><G76/><N who="0" m="44175" /><D132/><U34/><E34/><V82/><F82/><W102/><G25/><T9/><D9/><U2/><E2/><V22/><F1/><W4/><G31/><T71/><D71/><U32/><E32/><V103/><F103/><W14/><G102/><T29/><D29/><U66/><E72/><V12/><F0/><W18/><G4/><T21/><D21/><AGARI ba="0,0" hai="14,18,21,49,50,53,54,55,77,80,87" m="56735" machi="21" ten="30,1000,0" yaku="8,1" doraHai="98" who="3" fromWho="0" sc="250,-10,250,0,250,0,250,10" /><INIT seed="1,0,0,2,2,30" ten="240,250,250,260" oya="1" hai0="41,109,51,96,131,64,70,123,83,62,93,98,19" hai1="37,35,105,71,116,82,48,33,17,106,15,104,100" hai2="58,14,60,54,20,120,103,56,88,77,6,24,107" hai3="111,89,65,47,40,16,127,39,90,31,4,130,84"/><U1/><E1/><V115/><F120/><W25/><G4/><T133/><D133/><U10/><E37/><V2/><F115/><W0/><G0/><T53/><D131/><U117/><E71/><V8/><F77/><W79/><G130/><T45/><D109/><U55/><E100/><V125/><F125/><W32/><G111/><T132/><D132/><U118/><REACH who="1" step="1"/><E82/><REACH who="1" ten="240,240,250,260" step="2"/><V110/><F110/><W69/><G127/><T12/><D123/><U28/><E28/><V22/><F103/><W92/><G69/><T87/><D93/><U29/><E29/><V99/><F107/><W68/><G92/><T126/><D126/><U61/><E61/><V101/><F101/><W7/><G68/><T59/><D83/><U129/><E129/><V43/><F2/><W135/><G31/><T3/><D3/><U57/><AGARI ba="0,1" hai="10,15,17,33,35,48,55,57,104,105,106,116,117,118" machi="57" ten="40,12000,1" yaku="1,1,0,1,52,2,53,0" doraHai="30" doraHaiUra="121" who="1" fromWho="1" sc="240,-40,240,130,250,-40,260,-40" /><INIT seed="1,1,0,3,4,12" ten="200,370,210,220" oya="1" hai0="125,88,117,126,45,80,127,28,135,16,107,89,84" hai1="96,131,104,50,74,3,24,1,22,102,25,73,7" hai2="53,87,13,29,106,10,92,5,120,17,48,43,78" hai3="112,98,14,23,81,76,32,123,134,109,122,9,33"/><U39/><E39/><V35/><F106/><W108/><G112/><T93/><D117/><U46/><E131/><V114/><F120/><W115/><G115/><T54/><D28/><U71/><E71/><V11/><F114/><W58/><G98/><N who="0" m="57639" /><D107/><U21/><E3/><V61/><F35/><W68/><G23/><T19/><D135/><U133/><E133/><V6/><F29/><W69/><G68/><T129/><D129/><U130/><E130/><V97/><F43/><W91/><G69/><T75/><D75/><U30/><E7/><V8/><F61/><W103/><G103/><T2/><D2/><U63/><E1/><V116/><F116/><W90/><G58/><T101/><D101/><U95/><E63/><V37/><F37/><W59/><G59/><T57/><D45/><U77/><E77/><V47/><F87/><W124/><G76/><T51/><AGARI ba="1,0" hai="16,19,51,54,57,80,84,89,125,126,127" m="57639" machi="51" ten="30,8000,1" yaku="18,1,52,2,54,2" doraHai="12" who="0" fromWho="0" sc="200,83,370,-41,210,-21,220,-21" /><INIT seed="2,0,0,4,5,4" ten="283,329,189,199" oya="2" hai0="86,66,40,67,43,83,85,98,47,53,37,71,13" hai1="131,135,5,121,90,8,69,25,95,109,11,130,91" hai2="78,134,31,93,127,50,46,22,101,21,132,76,51" hai3="9,57,30,88,125,48,59,79,89,2,104,102,38"/><V81/><F127/><W3/><G125/><T16/><D43/><U14/><E69/><V36/><F36/><W35/><G38/><T33/><D33/><U7/><E109/><V96/><F78/><W55/><G79/><T42/><D42/><U15/><E135/><N who="2" m="51755" /><F31/><W41/><G41/><T77/><D71/><U129/><E121/><V124/><F124/><W6/><G2/><T118/><D118/><U64/><E64/><V10/><F10/><W62/><G30/><T119/><D119/><U34/><E95/><V87/><F50/><W123/><G35/><T103/><D85/><U126/><E126/><V63/><F63/><W107/><G123/><T74/><D53/><AGARI ba="0,0" hai="21,22,46,51,53,76,81,87,93,96,101" m="51755" machi="53" ten="30,1500,0" yaku="20,1" doraHai="4" who="2" fromWho="0" sc="283,-15,329,0,189,15,199,0" /><INIT seed="2,1,0,3,3,1" ten="268,329,204,199" oya="2" hai0="50,13,115,79,117,87,101,43,17,29,95,27,14" hai1="99,51,21,48,75,33,89,82,54,57,126,44,116" hai2="124,110,132,41,37,94,10,90,53,69,109,98,93" hai3="12,130,74,42,72,18,36,38,55,78,28,62,100"/><V83/><F69/><W122/><G122/><T128/><D117/><U56/><E33/><V114/><F114/><W4/><G100/><T60/><D128/><U105/><E116/><V2/><F132/><W30/><G130/><T104/><D115/><U91/><E126/><V68/><F68/><W73/><G78/><T35/><D104/><U86/><E75/><V0/><F124/><W134/><G134/><T52/><D43/><U97/><E105/><V64/><F64/><W67/><G55/><T6/><D60/><U103/><E103/><V76/><F93/><W3/><G42/><T71/><D71/><U46/><E91/><V65/><F65/><W106/><G106/><T39/><D39/><U102/><E21/><V131/><F131/><W80/><G80/><T49/><D49/><U22/><E22/><V8/><F8/><W59/><G36/><T34/><D34/><U129/><E129/><V111/><F53/><W31/><G38/><T113/><D113/><U127/><E127/><V66/><F66/><W77/><G77/><T70/><D70/><U107/><E99/><V92/><F10/><W5/><REACH who="3" step="1"/><G3/><REACH who="3" ten="268,329,204,189" step="2"/><T85/><D101/><U26/><E102/><V120/><F120/><W84/><G84/><T9/><D85/><U121/><E86/><N who="2" m="48487" /><F94/><W133/><G133/><T119/><D119/><U108/><E121/><V40/><F40/><W63/><G63/><T15/><D79/><U61/><E54/><V118/><F118/><W81/><G81/><T24/><D87/><U16/><E82/><V123/><F123/><W96/><G96/><T88/><D95/><RYUUKYOKU ba="1,1" sc="268,-15,329,-15,204,15,189,15" hai2="0,2,37,41,90,92,98,109,110,111" hai3="4,5,12,18,28,30,31,59,62,67,72,73,74" /><INIT seed="2,2,1,4,1,102" ten="253,314,219,204" oya="2" hai0="56,120,81,11,61,93,92,112,53,62,78,69,37" hai1="57,110,115,19,109,82,7,5,39,67,116,33,85" hai2="122,12,44,55,21,94,31,105,34,127,65,97,6" hai3="51,133,119,80,73,22,46,8,70,126,87,90,132"/><V20/><F105/><W58/><G119/><T84/><D120/><U66/><E33/><V131/><F122/><W18/><G70/><T104/><D112/><U99/><E39/><V135/><F34/><W25/><G126/><T101/><D37/><U76/><E115/><V117/><F117/><W111/><G111/><N who="1" m="42506" /><E116/><V100/><F127/><W79/><G58/><T54/><D11/><U63/><E99/><V41/><F131/><W40/><G8/><T45/><D45/><U89/><E76/><V134/><F65/><N who="1" m="24585" /><E19/><V64/><F64/><AGARI ba="2,1" hai="5,7,57,63,64,82,85,89" m="24585,42506" machi="64" ten="30,1000,0" yaku="14,1" doraHai="102" who="1" fromWho="2" sc="253,0,314,26,219,-16,204,0" /><INIT seed="3,0,0,3,3,50" ten="253,340,203,204" oya="3" hai0="99,135,123,46,85,126,59,89,49,86,98,76,130" hai1="127,38,8,128,10,36,68,62,2,84,81,78,58" hai2="63,21,30,41,22,92,35,45,73,1,60,134,96" hai3="115,37,27,55,31,94,82,72,100,57,44,54,133"/><W119/><G115/><T15/><D123/><U65/><E128/><V28/><F73/><W71/><G71/><T120/><D126/><U108/><E127/><V43/><F1/><W34/><G119/><T77/><D120/><U116/><E116/><V67/><F134/><W103/><G133/><T13/><D130/><U33/><E8/><V101/><F60/><W5/><G5/><T87/><D135/><U18/><E33/><V110/><F110/><W24/><G57/><T7/><D7/><U125/><E125/><V70/><F43/><W88/><G24/><T29/><D29/><U69/><E69/><V3/><F3/><W39/><G44/><T129/><D129/><U102/><E102/><V32/><F32/><W75/><G82/><T12/><D59/><U61/><E2/><V47/><F47/><W114/><G114/><T4/><D4/><U80/><E80/><V79/><F79/><W25/><G94/><T118/><D118/><U104/><E104/><V74/><F74/><W16/><G34/><T105/><D105/><U48/><E10/><V52/><F35/><W132/><G31/><T14/><N who="0" m="3584" /><DORA hai="113" /><T97/><D89/><U117/><E117/><V42/><F30/><W122/><G122/><T19/><REACH who="0" step="1"/><D19/><REACH who="0" ten="243,340,203,204" step="2"/><U9/><E18/><V53/><F28/><W107/><G132/><T111/><D111/><U17/><E17/><V106/><F106/><W124/><G124/><T83/><D83/><U91/><E81/><V51/><F41/><AGARI ba="0,1" hai="41,46,49,76,77,85,86,87,97,98,99" m="3584" machi="41" ten="60,12000,2" yaku="1,1,29,2,8,1,53,3" doraHai="50,113" doraHaiUra="93,23" who="0" fromWho="2" sc="243,130,340,0,203,-120,204,0" owari="373,48.0,340,14.0,83,-42.0,204,-20.0" /></mjloggm>