<mjloggm ver="2.3"><GO type="97" lobby="0"/><UN n0="%6C%75%62%6F%6E" n1="%E3%82%A6%E3%83%AB%E3%83%88%E3%83%A9%E7%AB%8B%E7%9B%B4" n2="%6D%61%73%61%63" n3="%E3%83%91%E3%83%B3%E3%83%84%E3%81%8F%E3%82%93" dan="16,14,15,14" rate="2087.27,1933.33,1969.31,1944.22" sx="M,M,M,M"/><TAIKYOKU oya="0"/><INIT seed="0,0,0,0,0,63" ten="250,250,250,250" oya="0" hai0="48,60,94,24,72,118,68,29,9,88,70,110,14" hai1="86,80,51,126,41,49,6,75,3,76,67,10,104" hai2="93,47,105,57,90,130,21,61,79,50,32,8,135" hai3="23,66,13,117,114,122,28,98,78,40,7,101,134"/><T58/><D118/><U77/><E104/><V34/><F105/><W129/><G117/><T16/><D72/><U30/><E126/><V121/><F121/><W39/><G114/><T108/><D48/><U123/><E123/><V11/><F135/><W83/><G122/><T18/><D18/><U53/><E30/><V125/><F125/><W91/><G134/><T27/><D27/><U133/><E133/><V92/><F130/><W102/><G129/><T42/><D42/><U64/><E75/><V119/><F119/><W111/><G111/><N who="0" m="42539" /><D24/><U115/><E115/><V127/><F127/><W81/><G40/><T97/><D29/><U43/><E76/><V12/><F79/><W15/><G7/><T106/><D106/><U36/><E36/><V19/><F34/><W31/><G39/><T82/><D82/><U99/><E43/><N who="2" m="24959" /><F32/><W96/><G78/><T74/><D74/><U20/><E20/><V59/><F59/><W120/><G120/><T85/><D97/><U124/><E124/><V5/><F5/><W17/><G17/><T95/><D95/><N who="2" m="36426" /><F90/><W71/><G91/><T55/><AGARI ba="0,0" hai="9,14,16,55,58,60,68,70,85,88,94" m="42539" machi="55" ten="30,11700,0" yaku="14,1,10,1,54,2" doraHai="63" who="0" fromWho="0" sc="250,117,250,-39,250,-39,250,-39" /><INIT seed="0,1,0,0,5,127" ten="367,211,211,211" oya="0" hai0="24,133,34,51,53,101,58,128,125,49,56,39,70" hai1="82,16,88,13,30,74,120,90,75,21,111,9,12" hai2="60,129,57,113,15,77,37,52,93,103,67,69,10" hai3="17,28,130,80,65,118,121,45,114,72,105,117,27"/><T112/><D112/><U23/><E120/><V1/><F113/><W102/><G114/><T4/><D39/><U19/><E111/><V44/><F1/><W61/><G121/><T134/><D70/><U11/><E30/><V20/><F77/><W78/><G17/><T107/><D4/><U48/><E48/><N who="2" m="30855" /><F20/><W50/><G130/><T68/><D125/><U8/><E82/><V94/><F103/><W99/><G50/><T14/><D68/><U18/><E23/><V116/><F116/><W83/><G45/><T104/><D101/><U36/><E21/><V97/><F97/><W73/><G83/><T2/><D2/><U126/><E36/><V108/><F108/><W43/><G43/><T66/><D14/><N who="1" m="5739" /><E126/><V135/><F135/><W92/><G92/><T115/><D115/><U63/><E63/><V32/><F32/><N who="3" m="20511" /><G72/><AGARI ba="1,0" hai="8,9,11,16,18,19,72,74,75,88,90" m="5739" machi="72" ten="40,8000,1" yaku="28,2,54,2" doraHai="127" who="1" fromWho="3" sc="367,0,211,83,211,0,211,-83" /><INIT seed="1,0,0,1,3,0" ten="367,294,211,128" oya="1" hai0="116,81,57,114,30,8,120,76,44,29,69,85,125" hai1="77,112,53,22,123,132,46,80,40,20,21,32,117" hai2="108,107,24,64,119,94,62,88,127,37,10,33,18" hai3="96,93,89,70,2,43,1,128,56,3,5,14,23"/><U82/><E32/><V135/><F119/><W34/><G70/><T65/><D116/><U129/><E117/><V61/><F107/><W99/><G34/><T111/><D114/><U26/><E112/><V84/><F37/><W78/><G78/><T38/><D69/><U28/><E123/><V106/><F106/><W19/><G128/><T4/><D120/><U59/><E129/><V74/><F74/><W58/><G43/><T13/><D111/><U105/><E105/><V87/><F108/><W75/><G75/><T102/><D125/><U66/><E66/><V60/><F127/><W118/><G118/><T12/><D102/><U91/><E91/><V50/><F135/><W52/><G96/><T11/><D38/><U100/><E100/><V97/><F33/><W126/><G126/><T73/><D73/><U86/><E82/><V83/><F64/><W15/><REACH who="3" step="1"/><G52/><REACH who="3" ten="367,294,211,118" step="2"/><T49/><D65/><U79/><E79/><V115/><F115/><W71/><G71/><T51/><D76/><U72/><E132/><V55/><F83/><W36/><G36/><T27/><D81/><U124/><E72/><V39/><F39/><W90/><G90/><T48/><D85/><U130/><E124/><V121/><F121/><W68/><G68/><T122/><D122/><U7/><E130/><V35/><F35/><W17/><G17/><T92/><D29/><U6/><E40/><V54/><F54/><W63/><G63/><T31/><D31/><U109/><E109/><V16/><F18/><W104/><G104/><T42/><D30/><U45/><E28/><V67/><F67/><RYUUKYOKU ba="0,1" sc="367,-10,294,-10,211,-10,118,30" hai3="1,2,3,5,14,15,19,23,56,58,89,93,99" /><INIT seed="2,1,1,5,2,78" ten="357,284,201,148" oya="2" hai0="1,98,80,11,122,27,59,55,17,56,0,105,13" hai1="72,45,37,120,119,96,9,84,131,77,82,128,90" hai2="2,47,71,31,35,60,52,6,40,51,124,44,94" hai3="57,22,28,3,58,69,93,110,114,111,66,16,65"/><V86/><F124/><W62/><G3/><T64/><D122/><U81/><E45/><V24/><F2/><W73/><G73/><T70/><D70/><U97/><E37/><V102/><F6/><W133/><G28/><T101/><D64/><U32/><E32/><V50/><F102/><W42/><G133/><T83/><D59/><U7/><E119/><V88/><REACH who="2" step="1"/><F60/><REACH who="2" ten="357,284,191,148" step="2"/><W112/><G42/><T95/><D0/><N who="1" m="231" /><E120/><V19/><F19/><W10/><G10/><T21/><D1/><U63/><E63/><V53/><F53/><W89/><G65/><T43/><D43/><U104/><E104/><V91/><F91/><W103/><G103/><T129/><D105/><U113/><E113/><N who="3" m="43626" /><G110/><T118/><D118/><U36/><E36/><V92/><F92/><W61/><G61/><N who="0" m="35999" /><D129/><AGARI ba="1,2" hai="72,77,81,82,84,90,96,97,128,129,131" m="231" machi="129" ten="30,3900,0" yaku="19,1,52,2" doraHai="78" who="1" fromWho="0" sc="357,-42,284,62,191,0,148,0" /><INIT seed="3,0,0,3,5,46" ten="315,346,191,148" oya="3" hai0="57,14,70,59,41,75,102,105,94,73,99,45,69" hai1="111,19,12,51,28,86,18,103,58,54,31,76,20" hai2="25,121,79,95,108,92,116,113,98,124,67,6,77" hai3="11,7,68,36,83,115,135,107,50,43,97,0,30"/><W61/><G115/><T117/><D117/><U8/><E111/><V90/><F113/><W84/><G135/><T4/><D105/><U125/><E125/><V109/><F116/><W91/><G30/><T123/><D123/><U17/><E103/><V23/><F67/><W72/><G68/><T40/><D40/><U122/><E122/><V22/><F121/><W93/><G61/><T128/><D128/><U39/><E39/><V114/><F114/><W62/><G62/><T2/><D2/><U120/><E120/><V132/><F124/><W49/><G107/><T1/><D1/><U118/><E118/><V56/><F132/><W3/><G3/><T64/><D70/><U71/><E71/><V87/><F56/><W65/><G65/><T55/><D69/><U10/><E10/><V101/><F6/><W32/><G32/><T104/><D104/><U24/><E31/><V53/><F53/><W89/><REACH who="3" step="1"/><G72/><REACH who="3" ten="315,346,191,138" step="2"/><T38/><D64/><U44/><E58/><V42/><F109/><W52/><G52/><T47/><D57/><U133/><E133/><V48/><F108/><W127/><G127/><T60/><D73/><U5/><E28/><V106/><F106/><W129/><G129/><T134/><D75/><U82/><AGARI ba="0,1" hai="5,8,12,17,18,19,20,24,44,51,54,76,82,86" machi="82" ten="30,4000,0" yaku="0,1,8,1,52,1" doraHai="46" who="1" fromWho="1" sc="315,-10,346,50,191,-10,138,-20" owari="305,11.0,396,49.0,181,-22.0,118,-38.0" /></mjloggm>