<mjloggm ver="2.3"><GO type="97" lobby="0"/><UN n0="%55%5A%45%45%45%45%45%45" n1="%E3%82%A6%E3%83%AB%E3%83%88%E3%83%A9%E7%AB%8B%E7%9B%B4" n2="%E3%82%BF%E3%82%B3%E3%82%B9%EF%BC%A0%E6%9D%B1%E9%A2%A8" n3="%48%75%6D%61%6E%69%61" dan="14,15,15,14" rate="1837.84,1996.58,2012.86,1936.78" sx="M,M,M,M"/><TAIKYOKU oya="0"/><INIT seed="0,0,0,1,5,54" ten="250,250,250,250" oya="0" hai0="63,103,125,104,127,87,28,7,122,44,91,101,114" hai1="1,8,46,56,9,126,11,123,15,124,80,32,74" hai2="89,17,83,70,27,118,77,119,88,81,60,33,29" hai3="75,22,43,115,30,39,98,61,134,26,135,99,108"/><T97/><D122/><U110/><E32/><V131/><F131/><W72/><G115/><T132/><D114/><U45/><E123/><V117/><F17/><W129/><G108/><T38/><D7/><U105/><E105/><V73/><REACH who="2" step="1"/><F83/><REACH who="2" ten="250,250,240,250" step="2"/><W130/><G130/><T3/><D28/><U86/><E110/><V113/><F113/><W128/><G30/><T55/><D3/><U4/><E1/><V58/><F58/><W21/><G129/><T79/><D44/><U23/><E46/><V53/><F53/><W40/><G128/><T47/><D47/><U67/><E45/><V65/><AGARI ba="0,1" hai="27,29,33,60,65,70,73,77,81,88,89,117,118,119" machi="65" ten="40,8000,1" yaku="1,1,0,1,12,1,54,1,53,1" doraHai="54" doraHaiUra="106" who="2" fromWho="2" sc="250,-40,250,-20,240,90,250,-20" /><INIT seed="1,0,0,2,5,10" ten="210,230,330,230" oya="1" hai0="40,127,120,118,128,70,44,121,31,17,63,104,54" hai1="77,58,36,27,49,34,28,42,93,105,74,52,59" hai2="109,29,16,4,106,51,100,66,15,18,131,3,5" hai3="114,98,41,47,62,30,7,115,78,102,22,129,19"/><U83/><E105/><V8/><F131/><W123/><G123/><N who="0" m="47179" /><D104/><U108/><E108/><V125/><F109/><W0/><G129/><T61/><D31/><U46/><E93/><V20/><F125/><W39/><G30/><T60/><D17/><U64/><E64/><V72/><F72/><W13/><G78/><T67/><D128/><U2/><E2/><V134/><F134/><W92/><G0/><T119/><D127/><U130/><E130/><V43/><F66/><W88/><G7/><T11/><D11/><U50/><REACH who="1" step="1"/><E59/><REACH who="1" ten="210,220,330,230" step="2"/><V38/><F106/><W97/><G62/><AGARI ba="0,1" hai="27,28,34,36,42,46,49,50,52,58,62,74,77,83" machi="62" ten="30,11600,0" yaku="1,1,2,1,7,1,54,1,53,0" doraHai="10" doraHaiUra="32" who="1" fromWho="3" sc="210,0,220,126,330,0,230,-116" /><INIT seed="1,1,0,5,1,57" ten="210,346,330,114" oya="1" hai0="19,0,27,54,58,61,5,95,46,115,88,116,20" hai1="32,3,60,24,9,59,126,134,26,129,17,79,66" hai2="93,130,15,123,113,13,103,6,107,98,25,10,112" hai3="80,30,87,53,77,131,72,1,110,2,132,42,78"/><U118/><E118/><V109/><F123/><W68/><G53/><T119/><D116/><U51/><E126/><V39/><F39/><W44/><G44/><T92/><D115/><N who="2" m="44106" /><F130/><W56/><G56/><T91/><D119/><U94/><E134/><V31/><F109/><W22/><G42/><T49/><D0/><U111/><E111/><V101/><F15/><W38/><G22/><T83/><D5/><U75/><E129/><V122/><F122/><W89/><G30/><T40/><D83/><U106/><E106/><V124/><F124/><W52/><G52/><T102/><D102/><U37/><E37/><V128/><F128/><W99/><G80/><T34/><D34/><U14/><E3/><V69/><F69/><W28/><G28/><T84/><D91/><U70/><E32/><N who="2" m="20591" /><F103/><W8/><G2/><T135/><D135/><U85/><E70/><V117/><F117/><W63/><G68/><T104/><D104/><AGARI ba="1,0" hai="6,10,13,93,98,101,104,107" m="20591,44106" machi="104" ten="30,1000,0" yaku="11,1" doraHai="57" who="2" fromWho="0" sc="210,-13,346,0,330,13,114,0" /><INIT seed="2,0,0,4,3,131" ten="197,346,343,114" oya="2" hai0="13,43,54,1,47,29,26,119,35,63,106,127,82" hai1="5,66,98,62,23,31,28,0,134,135,104,73,114" hai2="111,113,57,12,41,116,46,125,78,81,71,18,101" hai3="50,6,85,4,30,19,110,128,121,36,122,76,118"/><V40/><F71/><W86/><G50/><T107/><D1/><U20/><E73/><V89/><F116/><W129/><G30/><T59/><D119/><U8/><E98/><V10/><F113/><W42/><G118/><T99/><D127/><U9/><E104/><V74/><F125/><W87/><G76/><T27/><D13/><U33/><E114/><V90/><F101/><W22/><G42/><T16/><D82/><U94/><E94/><V79/><F79/><W105/><G105/><T100/><D107/><U108/><E108/><V61/><F111/><W132/><G36/><T103/><D103/><U96/><E96/><V70/><F70/><W58/><G58/><T83/><D83/><U48/><E48/><V3/><F3/><W65/><G65/><T52/><D54/><U124/><E124/><V102/><F102/><W64/><G64/><T93/><D106/><U17/><E62/><V44/><F41/><W91/><G110/><T72/><D72/><U68/><E66/><V123/><F123/><W130/><G91/><T92/><D92/><U15/><E68/><V115/><F46/><W45/><G45/><T39/><D26/><N who="1" m="18583" /><E31/><V97/><F97/><W21/><G19/><T53/><D53/><U95/><E95/><V77/><F77/><W120/><REACH who="3" step="1"/><G132/><AGARI ba="0,0" hai="0,5,8,9,15,17,20,23,132,134,135" m="18583" machi="132" ten="30,12000,2" yaku="20,1,34,2,52,3" doraHai="131" who="1" fromWho="3" sc="197,0,346,120,343,0,114,-120" owari="197,-20.0,466,57.0,343,14.0,-6,-51.0" /></mjloggm>