<mjloggm ver="2.3"><GO type="169" lobby="0"/><UN n0="%63%61%6C%6C%33" n1="%E3%83%A8%E3%82%B3%E3%83%A8%E3%82%B3" n2="%6B%61%64%75%6B%69%69" n3="%E3%82%A6%E3%83%AB%E3%83%88%E3%83%A9%E7%AB%8B%E7%9B%B4" dan="16,16,16,16" rate="2103.60,2078.41,2132.85,2125.96" sx="M,M,M,M"/><TAIKYOKU oya="0"/><INIT seed="0,0,0,3,4,61" ten="250,250,250,250" oya="0" hai0="38,41,78,107,79,93,86,81,30,62,14,36,99" hai1="110,100,76,45,94,85,22,77,101,46,42,106,135" hai2="88,90,2,56,73,65,64,128,40,4,119,130,44" hai3="26,69,6,114,70,125,113,50,108,126,48,34,1"/><T8/><D79/><U74/><E110/><V117/><F73/><W66/><G6/><T124/><D124/><U67/><E135/><V68/><F68/><W18/><G1/><T116/><D116/><N who="2" m="44618" /><F4/><W23/><G34/><T5/><D107/><U80/><E106/><V102/><F102/><W25/><G18/><T84/><D30/><U43/><E67/><N who="2" m="25675" /><F56/><W7/><G66/><T54/><D41/><U92/><E74/><V112/><F2/><W121/><G7/><T115/><D115/><U127/><E127/><V60/><F60/><W51/><G70/><T123/><D123/><U96/><E22/><V27/><F27/><W87/><G69/><T118/><D118/><U13/><E13/><V83/><F112/><W47/><G26/><T59/><REACH who="0" step="1"/><D86/><REACH who="0" ten="240,250,250,250" step="2"/><U63/><E85/><N who="2" m="50239" /><F90/><AGARI ba="0,1" hai="5,8,14,36,38,54,59,62,78,81,84,90,93,99" machi="90" ten="30,2900,0" yaku="1,1,7,1,53,0" doraHai="61" doraHaiUra="103" who="0" fromWho="2" sc="240,39,250,0,250,-29,250,0" /><INIT seed="0,1,0,3,4,60" ten="279,250,221,250" oya="0" hai0="55,19,89,30,109,106,103,117,52,5,133,22,0" hai1="129,85,102,38,48,42,100,18,39,92,25,93,97" hai2="50,71,91,82,114,1,78,17,28,40,73,12,112" hai3="105,121,9,123,104,74,15,41,132,76,53,81,54"/><T131/><D117/><U20/><E129/><V46/><F1/><W84/><G41/><T134/><D131/><U94/><E85/><V27/><F71/><W98/><G74/><T16/><D109/><U57/><E100/><V7/><F7/><W87/><G132/><N who="0" m="50795" /><D30/><U29/><E18/><N who="0" m="6697" /><D22/><U11/><E11/><V86/><F73/><W23/><G23/><T21/><D21/><U80/><E80/><V35/><F78/><W61/><G15/><T66/><D66/><U126/><E126/><V6/><F6/><W56/><G9/><AGARI ba="1,0" hai="9,12,17,27,28,35,40,46,50,82,86,91,112,114" machi="9" ten="30,1000,0" yaku="7,1" doraHai="60" who="2" fromWho="3" sc="279,0,250,0,221,13,250,-13" /><INIT seed="1,0,0,3,0,52" ten="279,250,234,237" oya="1" hai0="104,122,87,128,74,46,103,110,26,67,71,72,129" hai1="23,116,8,135,95,113,7,48,105,64,125,4,66" hai2="54,94,63,109,132,43,108,9,112,124,114,36,88" hai3="69,100,17,24,53,0,55,58,120,79,92,20,107"/><U106/><E116/><V123/><F123/><W91/><G69/><T33/><D122/><U96/><E113/><N who="2" m="43627" /><F43/><W86/><G0/><T90/><D46/><U37/><E37/><V2/><F36/><W127/><G120/><T28/><D110/><N who="2" m="42602" /><F132/><W34/><G34/><T3/><D3/><U117/><E117/><V89/><F124/><W60/><G127/><T50/><D50/><U118/><E118/><V19/><F94/><W85/><G100/><T68/><D104/><U133/><E125/><V73/><F73/><W78/><G107/><T47/><D74/><U35/><E35/><V84/><F84/><W16/><G86/><T97/><D72/><U57/><E105/><V38/><F38/><W15/><G55/><T5/><D87/><U29/><E106/><V45/><F45/><W49/><G60/><T41/><D41/><U31/><E135/><V13/><F2/><W82/><G82/><T22/><D47/><U18/><E133/><V131/><F131/><W14/><G24/><T40/><D26/><U134/><E134/><V83/><F83/><W59/><G59/><AGARI ba="0,0" hai="9,13,19,54,59,63,88,89" m="42602,43627" machi="59" ten="30,7700,0" yaku="11,1,14,1,52,1,54,1" doraHai="52" who="2" fromWho="3" sc="279,0,250,0,234,77,237,-77" /><INIT seed="2,0,0,4,3,130" ten="279,250,311,160" oya="2" hai0="106,128,96,19,92,45,30,22,36,76,85,0,46" hai1="119,104,132,2,103,11,68,115,102,77,89,75,69" hai2="59,20,94,81,122,124,101,67,7,53,24,10,16" hai3="114,82,43,50,6,40,110,34,47,135,8,121,26"/><V57/><F122/><W79/><G121/><T109/><D128/><U93/><E119/><V55/><F124/><W62/><G114/><T116/><D36/><U86/><E115/><V113/><F113/><W120/><G120/><T133/><D0/><U9/><E103/><V70/><F70/><W90/><G90/><T35/><D106/><U84/><E84/><V100/><F81/><W3/><G43/><T21/><D35/><U78/><E78/><V72/><F72/><W60/><G110/><T44/><D109/><U64/><E132/><V87/><F67/><W14/><G3/><T49/><D133/><U66/><E69/><V37/><F37/><W58/><G135/><T1/><D1/><U63/><E66/><V39/><F39/><W108/><G108/><T38/><D38/><U97/><REACH who="1" step="1"/><E2/><REACH who="1" ten="279,240,311,160" step="2"/><V125/><F87/><W73/><G73/><T29/><D116/><U17/><E17/><V129/><F100/><W5/><G5/><T4/><D4/><U131/><E131/><V127/><F129/><W28/><G79/><T15/><D85/><U83/><AGARI ba="0,1" hai="9,11,63,64,68,75,77,83,86,89,93,97,102,104" machi="83" ten="30,7900,0" yaku="1,1,0,1,24,2,53,0" doraHai="130" doraHaiUra="111" who="1" fromWho="1" sc="279,-20,240,89,311,-39,160,-20" /><INIT seed="3,0,0,4,2,67" ten="259,329,272,140" oya="3" hai0="132,10,127,117,71,130,74,129,36,112,113,51,32" hai1="49,135,13,69,27,78,60,39,31,97,53,68,123" hai2="131,103,72,11,105,1,118,90,96,40,45,88,85" hai3="107,4,106,115,124,0,18,109,16,41,46,126,58"/><W17/><G4/><T48/><D117/><U84/><E123/><V92/><F118/><W57/><G0/><T2/><D32/><U70/><E135/><V75/><F131/><N who="0" m="50186" /><D132/><U76/><E39/><V30/><F30/><W52/><G115/><N who="0" m="44107" /><D127/><N who="3" m="48681" /><G109/><T54/><D36/><U122/><E122/><V80/><F11/><W12/><G12/><T9/><D74/><N who="2" m="28202" /><F1/><W100/><G100/><T93/><D71/><U15/><E60/><V120/><F45/><W104/><G52/><T38/><D38/><AGARI ba="0,0" hai="16,17,18,38,41,46,57,58,104,106,107" m="48681" machi="38" ten="40,3900,0" yaku="18,1,54,1" doraHai="67" who="3" fromWho="0" sc="259,-39,329,0,272,0,140,39" /><INIT seed="3,1,0,5,4,26" ten="220,329,272,179" oya="3" hai0="32,127,29,124,18,62,68,49,133,14,52,94,93" hai1="85,67,116,61,57,108,79,100,131,113,37,110,63" hai2="73,19,115,114,42,6,22,89,69,66,111,7,55" hai3="16,34,51,87,118,91,102,21,58,27,132,43,3"/><W83/><G3/><T82/><D133/><U56/><E113/><V122/><F73/><W84/><G118/><T12/><D82/><N who="1" m="47327" /><E116/><V78/><F78/><W44/><G132/><T30/><D32/><U135/><E135/><V121/><F42/><W38/><G102/><T54/><D68/><U9/><E37/><V36/><F36/><W88/><G34/><T15/><D18/><U13/><E131/><V125/><F125/><N who="0" m="48202" /><D62/><U75/><E75/><V25/><F89/><W65/><G38/><T59/><D54/><U24/><E100/><V4/><F55/><W112/><G112/><T80/><D80/><U96/><E24/><V130/><F130/><W50/><G50/><T2/><D2/><U5/><E96/><V10/><F111/><N who="1" m="42537" /><E63/><V101/><F101/><W20/><G20/><T105/><D105/><U81/><E81/><V71/><F66/><W0/><G0/><T76/><D76/><U98/><E98/><V95/><F95/><AGARI ba="1,0" hai="12,14,15,29,30,49,52,59,93,94,95" m="48202" machi="95" ten="30,7700,0" yaku="18,1,52,2,54,1" doraHai="26" who="0" fromWho="2" sc="220,80,329,0,272,-80,179,0" /><INIT seed="4,0,0,1,1,126" ten="300,329,192,179" oya="0" hai0="92,35,102,123,122,1,135,42,24,72,66,18,59" hai1="55,127,23,65,111,43,48,85,117,17,49,37,87" hai2="121,128,108,58,134,12,47,15,28,129,34,13,44" hai3="52,124,36,107,22,75,61,32,88,113,104,41,25"/><T131/><D72/><U114/><E117/><V9/><F108/><W130/><G75/><T132/><D1/><U46/><E111/><V21/><F121/><W70/><G32/><T73/><D42/><U79/><E127/><V116/><F134/><N who="0" m="51242" /><D73/><U20/><E114/><V120/><F120/><W97/><G70/><T74/><D74/><U30/><E65/><V62/><F34/><W77/><G77/><T84/><D59/><N who="1" m="33255" /><E37/><V5/><F116/><W68/><G68/><T119/><D66/><U50/><E49/><V71/><F71/><W94/><G124/><T19/><D119/><U7/><E7/><V26/><F47/><W53/><G53/><T60/><D60/><U64/><E64/><N who="2" m="38999" /><F44/><W105/><G113/><T93/><D122/><U4/><E4/><V27/><F27/><W95/><G41/><T82/><D24/><N who="1" m="16671" /><E79/><V31/><F31/><W83/><G36/><T3/><D35/><U10/><E10/><V109/><F109/><W29/><G83/><T76/><D82/><U101/><E101/><V112/><F112/><W100/><G130/><AGARI ba="0,0" hai="5,9,12,13,15,21,26,28,128,129,130" m="38999" machi="130" ten="30,7700,0" yaku="19,1,52,3" doraHai="126" who="2" fromWho="3" sc="300,0,329,0,192,77,179,-77" /><INIT seed="5,0,0,2,3,94" ten="300,329,269,102" oya="1" hai0="38,86,7,53,116,15,3,115,68,59,51,133,124" hai1="81,37,29,129,42,126,43,108,105,103,0,80,1" hai2="112,82,106,77,62,113,64,101,49,57,39,27,30" hai3="66,98,44,135,87,48,100,52,76,24,11,14,56"/><U33/><E126/><V125/><F39/><W58/><G135/><T12/><D116/><U99/><E129/><V131/><F125/><W114/><G114/><N who="2" m="44137" /><F131/><W26/><G87/><T72/><D72/><U60/><E108/><V91/><F91/><W79/><G79/><T2/><D15/><U9/><E80/><V107/><F49/><W78/><G78/><T36/><D133/><U40/><E81/><V8/><F101/><W84/><G84/><T111/><D111/><U122/><E122/><V16/><F30/><W28/><G76/><T70/><D36/><U132/><E132/><V123/><F123/><W90/><G90/><T5/><D38/><U10/><E37/><V21/><F8/><W117/><G117/><T71/><D124/><U88/><E88/><V35/><F35/><W65/><G65/><T102/><D102/><U6/><E60/><V85/><AGARI ba="0,0" hai="16,21,27,57,62,64,77,82,85,106,107" m="44137" machi="85" ten="30,4000,0" yaku="15,1,11,1,54,1" doraHai="94" who="2" fromWho="2" sc="300,-10,329,-20,269,40,102,-10" /><INIT seed="6,0,0,0,5,58" ten="290,309,309,92" oya="2" hai0="23,100,64,93,114,70,21,125,85,51,81,127,121" hai1="59,35,42,14,3,80,27,44,72,50,67,89,110" hai2="97,29,117,7,109,43,41,134,96,46,53,122,62" hai3="129,99,39,5,95,105,78,37,34,76,1,123,38"/><V73/><F73/><W17/><G123/><T22/><D121/><U32/><E3/><V113/><F122/><W126/><G34/><T56/><D70/><U2/><E2/><V84/><F117/><W28/><G28/><T87/><D114/><U102/><E110/><V61/><F7/><W31/><G31/><T0/><D0/><U119/><E119/><V30/><F134/><W79/><G105/><T4/><D4/><U106/><E27/><V82/><F113/><W66/><G5/><T47/><D125/><U26/><E26/><V18/><F18/><W8/><G1/><T128/><D128/><U15/><E106/><V88/><F30/><W25/><G126/><T11/><D11/><U40/><E40/><N who="2" m="15435" /><F29/><W120/><G120/><T45/><D127/><U10/><E102/><V91/><F109/><W90/><G129/><T24/><D24/><U104/><E104/><V77/><F77/><W19/><G25/><T103/><D93/><U16/><E14/><V54/><F54/><W83/><G8/><T33/><D33/><U115/><E115/><V48/><F97/><W63/><REACH who="3" step="1"/><G83/><REACH who="3" ten="290,309,309,82" step="2"/><T131/><D81/><U65/><E35/><V49/><F82/><W36/><N who="3" m="9216" /><DORA hai="133" /><W60/><G60/><N who="0" m="37895" /><D131/><U75/><E32/><V124/><F124/><W135/><G135/><T94/><D23/><U9/><E10/><V12/><F62/><W116/><G116/><T130/><D22/><U107/><E107/><V118/><F61/><W132/><G132/><T71/><D21/><U98/><E80/><V6/><F118/><W74/><G74/><N who="1" m="28202" /><E9/><V13/><F6/><RYUUKYOKU ba="0,1" sc="290,-10,309,-10,309,-10,82,30" hai3="17,19,63,66,76,78,79,90,95,99" /><INIT seed="7,1,1,2,4,110" ten="280,299,299,112" oya="3" hai0="19,66,76,131,51,54,58,87,42,117,103,47,46" hai1="8,25,112,85,16,75,65,14,84,95,31,127,109" hai2="99,52,59,37,105,53,27,77,114,120,73,100,4" hai3="72,107,134,104,79,135,108,57,5,60,91,35,78"/><W40/><G35/><T96/><D117/><U55/><E109/><V98/><F120/><W9/><G40/><T18/><D131/><U106/><E106/><V49/><F37/><W128/><G108/><T121/><D121/><U102/><E75/><V50/><F4/><W63/><G91/><T74/><D74/><U89/><E112/><V17/><F114/><W62/><G57/><T24/><D66/><U48/><E127/><V21/><F98/><W69/><G69/><T61/><D46/><U82/><E65/><V81/><F53/><W23/><G23/><T130/><D24/><U28/><E25/><V119/><F119/><W116/><G116/><T3/><D3/><U90/><E102/><V0/><F0/><W71/><G71/><T70/><D130/><U33/><E33/><V7/><F7/><W68/><G68/><T93/><D70/><U133/><E133/><N who="3" m="50698" /><G128/><T122/><D122/><U26/><E26/><V45/><F45/><AGARI ba="1,1" hai="8,14,16,28,31,45,48,55,82,84,85,89,90,95" machi="45" ten="30,8000,1" yaku="7,1,25,2,8,1,54,1" doraHai="110" who="1" fromWho="2" sc="280,0,299,93,299,-83,112,0" owari="280,8.0,392,49.0,216,-18.0,112,-39.0" /></mjloggm>