<mjloggm ver="2.3"><GO type="97" lobby="0"/><UN n0="%E5%B0%B1%E6%B4%BB%E7%94%9F%40%E5%B7%9D%E6%9D%91%E8%BB%8D%E5%9B%A3" n1="%E9%8D%8B%E5%B8%B8%E5%B8%9D%E5%9B%BD" n2="%E3%81%82%E3%82%93%E3%81%A9%E3%81%86%E3%82%8A%E3%82%93%E3%81%94" n3="%E3%83%8B%E3%83%BC%E3%83%88%E7%A4%BE%E9%95%B7" dan="13,15,14,15" rate="1894.35,1918.31,1907.41,2042.05" sx="M,M,F,M"/><TAIKYOKU oya="0"/><INIT seed="0,0,0,0,2,104" ten="250,250,250,250" oya="0" hai0="113,99,42,61,134,89,29,67,120,63,77,0,26" hai1="39,110,111,127,27,119,124,118,128,37,130,64,13" hai2="116,5,46,59,69,16,65,97,36,57,117,66,10" hai3="51,24,52,62,112,135,133,1,91,78,45,2,17"/><T22/><D0/><U109/><E13/><N who="2" m="7223" /><F69/><W40/><G78/><T126/><D120/><U54/><E27/><V94/><F5/><W20/><G112/><T58/><D113/><U53/><REACH who="1" step="1"/><E111/><REACH who="1" ten="250,240,250,250" step="2"/><V30/><F116/><W108/><G108/><T47/><D134/><U75/><E75/><V41/><F117/><W83/><G135/><T55/><D126/><U98/><E98/><V73/><F97/><W19/><G133/><T74/><D74/><U43/><E43/><V80/><F41/><W32/><G40/><T48/><D77/><U3/><E3/><V33/><F73/><W129/><G1/><T95/><REACH who="0" step="1"/><D67/><AGARI ba="0,1" hai="37,39,53,54,64,67,109,110,118,119,124,127,128,130" machi="67" ten="25,12000,2" yaku="1,1,22,2,34,3,53,0" doraHai="104" doraHaiUra="93" who="1" fromWho="0" sc="250,-120,240,130,250,0,250,0" /><INIT seed="1,0,0,1,5,36" ten="130,370,250,250" oya="1" hai0="92,77,112,1,6,126,81,64,94,76,66,105,121" hai1="104,15,71,96,41,31,55,45,50,118,70,34,51" hai2="48,11,83,4,12,13,79,120,69,30,111,2,27" hai3="129,58,102,60,32,110,35,22,39,130,19,28,108"/><U113/><E118/><V7/><F120/><W119/><G39/><T72/><D1/><U9/><E113/><V86/><F111/><N who="3" m="42539" /><G119/><T98/><D6/><U103/><E31/><V132/><F132/><W26/><G102/><T56/><D56/><U44/><REACH who="1" step="1"/><E34/><REACH who="1" ten="130,360,250,250" step="2"/><N who="3" m="12842" /><G28/><T8/><D8/><U20/><E20/><V84/><F30/><W124/><G124/><T85/><D66/><AGARI ba="0,1" hai="19,22,26,58,60,66,129,130" m="12842,42539" machi="66" ten="30,1000,0" yaku="14,1" doraHai="36" who="3" fromWho="0" sc="130,-10,360,0,250,0,250,20" /><INIT seed="2,0,0,4,0,79" ten="120,360,250,270" oya="2" hai0="49,55,89,110,127,65,100,59,82,31,81,77,69" hai1="134,80,121,122,107,72,1,7,40,44,23,38,129" hai2="97,0,115,62,30,28,126,128,114,50,99,61,124" hai3="96,66,135,43,46,47,36,67,45,52,16,120,101"/><V58/><F0/><W29/><G120/><T104/><D127/><N who="2" m="48682" /><F128/><W133/><G29/><N who="2" m="11369" /><F50/><N who="3" m="28767" /><G16/><T131/><D110/><U9/><E129/><V132/><F132/><N who="3" m="50763" /><G45/><T14/><D131/><U84/><E134/><V48/><F48/><W32/><G32/><T63/><D31/><U98/><E23/><V111/><F111/><W95/><AGARI ba="0,0" hai="36,43,46,66,67,95,96,101" m="50763,28767" machi="95" ten="30,2000,0" yaku="20,1,54,1" doraHai="79" who="3" fromWho="3" sc="120,-5,360,-5,250,-10,270,20" /><INIT seed="3,0,0,5,5,37" ten="115,355,240,290" oya="3" hai0="53,36,33,118,107,132,115,16,34,131,99,96,59" hai1="86,67,112,11,122,85,3,27,52,50,79,100,88" hai2="75,83,47,127,51,2,57,110,78,128,123,111,0" hai3="119,58,101,71,120,65,25,84,8,93,49,43,103"/><W113/><G113/><T62/><D36/><U68/><E112/><V87/><F127/><W133/><G71/><T48/><D118/><U38/><E38/><V10/><F128/><W77/><G120/><T24/><D115/><U66/><E122/><V105/><F123/><W69/><G69/><T74/><D131/><U117/><E68/><V109/><F105/><W102/><G119/><T64/><D132/><U98/><E117/><V81/><F57/><W41/><G133/><T97/><D74/><U126/><E126/><V35/><F35/><W17/><G77/><T106/><D106/><U23/><E79/><N who="2" m="46591" /><F10/><W60/><G49/><T29/><D34/><U116/><E116/><V7/><F7/><W28/><G84/><T135/><D135/><U129/><E129/><V63/><F63/><W13/><REACH who="3" step="1"/><G93/><REACH who="3" ten="115,355,240,280" step="2"/><T12/><D107/><U44/><E85/><V73/><F73/><W15/><G15/><T6/><D6/><U9/><E3/><V1/><F1/><W30/><G30/><T5/><D5/><U89/><E9/><V90/><F2/><W26/><G26/><T4/><D4/><U21/><E11/><V121/><F0/><W55/><G55/><T124/><D124/><U94/><E89/><V92/><F121/><W20/><AGARI ba="0,1" hai="8,13,17,20,25,28,41,43,58,60,65,101,102,103" machi="20" ten="30,12000,1" yaku="1,1,0,1,8,1,52,2,53,0" doraHai="37" doraHaiUra="72" who="3" fromWho="3" sc="115,-40,355,-40,240,-40,280,130" owari="75,-42.0,315,12.0,200,-20.0,410,50.0" /></mjloggm>