<mjloggm ver="2.3"><GO type="193" lobby="0"/><UN n0="%64%61%6B%73" n1="%28%27%41%60%29" n2="%E5%B0%B1%E6%B4%BB%E7%94%9F%40%E5%B7%9D%E6%9D%91%E8%BB%8D%E5%9B%A3" n3="%E3%82%B0%E3%83%9F%E3%81%AE%E6%9C%A8" dan="12,11,10,12" rate="1693.92,1671.66,1744.78,1719.69" sx="M,M,M,M"/><TAIKYOKU oya="0"/><INIT seed="0,0,0,0,5,111" ten="250,250,250,250" oya="0" hai0="107,118,95,20,132,65,79,81,135,12,126,37,45" hai1="62,14,108,102,129,100,78,32,93,84,105,83,25" hai2="94,97,23,125,122,67,21,71,15,54,116,16,124" hai3="90,127,58,33,1,117,5,34,110,11,44,80,98"/><T4/><D118/><U60/><E108/><V10/><F122/><W75/><G110/><T70/><D107/><U96/><E129/><V61/><F116/><W68/><G117/><T30/><D126/><U133/><E133/><N who="0" m="51273" /><D95/><U73/><E14/><V112/><F112/><W66/><G68/><T7/><D65/><U39/><E39/><V59/><F124/><W40/><G127/><T106/><D106/><U74/><E74/><V128/><F128/><W89/><G89/><T85/><D70/><U50/><E102/><V31/><F31/><W53/><G66/><T22/><D30/><N who="1" m="19535" /><E50/><V36/><F36/><W26/><G98/><T87/><D87/><U19/><E19/><V77/><F77/><N who="3" m="44095" /><G90/><AGARI ba="0,0" hai="60,62,73,78,83,84,90,93,96,100,105" m="19535" machi="90" ten="30,1000,0" yaku="24,1" doraHai="111" who="1" fromWho="3" sc="250,0,250,10,250,0,250,-10" /><INIT seed="1,0,0,3,1,70" ten="250,260,250,240" oya="1" hai0="12,41,42,117,15,109,133,79,134,43,112,4,72" hai1="57,37,63,24,16,45,58,6,82,8,22,105,135" hai2="121,27,65,88,74,3,13,2,20,69,92,59,10" hai3="44,62,104,131,33,66,122,127,97,129,94,36,5"/><U115/><E105/><V54/><F69/><W39/><G122/><T113/><D117/><U89/><E115/><V96/><F74/><W17/><G104/><T49/><D49/><U0/><E135/><N who="0" m="51721" /><D109/><U81/><E58/><V111/><F111/><W23/><G33/><T102/><D102/><U126/><E126/><V125/><F125/><W11/><G127/><T21/><D72/><U100/><E100/><V32/><F32/><W55/><G55/><T46/><D46/><U9/><E8/><V130/><F65/><W26/><G44/><T128/><D128/><N who="3" m="49225" /><G94/><T18/><D79/><U120/><E120/><V60/><F121/><W116/><G97/><T52/><D52/><U64/><REACH who="1" step="1"/><E89/><REACH who="1" ten="250,250,250,240" step="2"/><V132/><F132/><W1/><G116/><T108/><D108/><U14/><E14/><V40/><F130/><W19/><G19/><T107/><D107/><U90/><E90/><V87/><F3/><W28/><G28/><T110/><D110/><U101/><E101/><V83/><F2/><W56/><AGARI ba="0,1" hai="1,5,11,17,23,26,36,39,56,62,66" m="49225" machi="56" ten="30,4000,0" yaku="19,1,52,2" doraHai="70" who="3" fromWho="3" sc="250,-10,250,-20,250,-10,240,50" /><INIT seed="2,0,0,5,1,130" ten="240,230,240,290" oya="2" hai0="6,135,22,12,67,72,98,120,103,5,99,65,24" hai1="115,132,110,64,62,46,73,125,75,82,84,102,90" hai2="87,44,79,119,96,78,68,112,60,29,11,56,85" hai3="113,35,2,106,34,105,107,108,14,80,37,13,48"/><V66/><F112/><W53/><G37/><T117/><D120/><U58/><E115/><V0/><F119/><W3/><G113/><T28/><D72/><U27/><E125/><V21/><F68/><W88/><G108/><T86/><D86/><U91/><E132/><V41/><F0/><W50/><G105/><T94/><D117/><U116/><E116/><V47/><F96/><W15/><G15/><T83/><D83/><U17/><E46/><V7/><F7/><W128/><G80/><T19/><D135/><U111/><E102/><V18/><F11/><W26/><G26/><T16/><D19/><U114/><E114/><V76/><F29/><W118/><G118/><T9/><REACH who="0" step="1"/><D98/><REACH who="0" ten="230,230,240,290" step="2"/><U51/><E111/><V52/><F85/><W32/><G128/><T127/><D127/><U92/><E110/><V104/><F87/><W123/><G123/><T93/><D93/><U69/><E75/><V109/><F109/><W36/><G107/><T97/><D97/><N who="1" m="57495" /><E73/><V70/><F104/><W40/><G106/><T95/><D95/><U89/><E84/><V61/><REACH who="2" step="1"/><F41/><REACH who="2" ten="230,230,230,290" step="2"/><W129/><G40/><T77/><D77/><U101/><E101/><V10/><F10/><W4/><G129/><T45/><D45/><U124/><E124/><V63/><F63/><W39/><G39/><T134/><D134/><U20/><E62/><V38/><F38/><W30/><G36/><T55/><D55/><U43/><E43/><V23/><F23/><W74/><G53/><T33/><D33/><U31/><E20/><V8/><F8/><W121/><G35/><T126/><D126/><RYUUKYOKU ba="0,2" sc="230,15,230,-15,230,15,290,-15" hai0="5,6,9,12,16,22,24,28,65,67,94,99,103" hai2="18,21,44,47,52,56,60,61,66,70,76,78,79" /><INIT seed="2,1,2,3,2,127" ten="245,215,245,275" oya="2" hai0="11,27,71,47,10,4,117,102,20,96,99,107,38" hai1="70,108,87,111,85,83,9,78,118,61,26,114,64" hai2="31,35,15,68,126,113,3,115,52,82,5,80,67" hai3="125,29,25,120,18,74,123,103,95,16,24,34,1"/><V79/><F3/><W55/><G1/><T7/><D71/><U84/><E118/><V128/><F126/><W130/><G125/><T13/><D117/><U22/><E9/><V75/><F68/><W92/><G74/><T23/><D99/><U49/><E49/><V93/><F67/><W66/><G66/><T42/><REACH who="0" step="1"/><D27/><REACH who="0" ten="235,215,245,275" step="2"/><U60/><E114/><V132/><F115/><W51/><G25/><T134/><D134/><U76/><E76/><V77/><F132/><W12/><G24/><T63/><D63/><U98/><E98/><V112/><F113/><W54/><G120/><T133/><D133/><U135/><E135/><V69/><F79/><W121/><G121/><T131/><D131/><U39/><E61/><V65/><F128/><W56/><G130/><T41/><D41/><U101/><E101/><V81/><F77/><W91/><G103/><T6/><D6/><U72/><REACH who="1" step="1"/><E39/><REACH who="1" ten="235,205,245,275" step="2"/><V105/><F112/><W8/><G123/><T0/><AGARI ba="1,4" hai="0,4,7,10,11,13,20,23,38,42,47,96,102,107" machi="0" ten="20,5200,0" yaku="1,1,0,1,7,1,53,1" doraHai="127" doraHaiUra="94" who="0" fromWho="0" sc="235,95,205,-14,245,-27,275,-14" /><INIT seed="3,0,0,5,5,83" ten="330,191,218,261" oya="3" hai0="130,96,31,93,24,107,47,100,82,79,6,99,127" hai1="26,132,15,77,57,25,18,106,2,95,125,1,68" hai2="50,124,37,123,62,133,64,88,20,48,55,65,33" hai3="113,49,129,126,23,35,80,17,40,78,58,98,13"/><W111/><G113/><T134/><D130/><U112/><E68/><V29/><F33/><W87/><G129/><T46/><D134/><U90/><E106/><V73/><F73/><W109/><G35/><T120/><D120/><U122/><E122/><V51/><F37/><W105/><G126/><T116/><D116/><U32/><E125/><V110/><F123/><W91/><G105/><T103/><D127/><U28/><E77/><V114/><F114/><W117/><G117/><T71/><D71/><U115/><E57/><N who="2" m="35135" /><F133/><W8/><G98/><T30/><D6/><U53/><E53/><V94/><F110/><W128/><G128/><T4/><D4/><U21/><E132/><V86/><F124/><W74/><G8/><T81/><D81/><U10/><E26/><AGARI ba="0,0" hai="20,26,29,48,50,51,64,65,86,88,94" m="35135" machi="26" ten="30,3900,0" yaku="8,1,52,1,54,1" doraHai="83" who="2" fromWho="1" sc="330,0,191,-39,218,39,261,0" owari="330,43.0,152,-35.0,257,-14.0,261,6.0" /></mjloggm>