<mjloggm ver="2.3"><GO type="1" lobby="0"/><UN n0="%E3%82%B2%E3%83%96%E3%82%A5" n1="%E5%B0%B1%E6%B4%BB%E7%94%9F%40%E5%B7%9D%E6%9D%91%E8%BB%8D%E5%9B%A3" n2="%E3%81%AF%E3%81%93%E3%81%AB%E3%82%8F" n3="%4E%6F%4E%61%6D%65" dan="6,1,9,0" rate="1707.93,1519.38,1459.34,1500.00" sx="M,M,M,M"/><TAIKYOKU oya="0"/><INIT seed="0,0,0,4,4,44" ten="250,250,250,250" oya="0" hai0="112,108,29,53,120,79,76,89,72,60,51,57,47" hai1="114,30,80,73,5,1,27,69,68,67,66,99,59" hai2="91,16,43,87,121,130,119,11,106,110,17,123,21" hai3="84,96,23,77,71,28,81,18,35,97,15,61,52"/><T134/><D120/><U38/><E114/><V56/><F106/><W132/><G132/><T98/><D112/><U83/><E38/><V127/><F43/><W109/><G109/><T100/><D134/><U74/><E1/><V101/><F11/><W13/><G28/><T94/><D108/><U107/><E5/><V124/><F110/><W78/><G35/><T93/><D29/><U85/><E80/><V118/><F101/><W34/><G34/><T31/><D31/><U45/><E45/><V117/><F21/><W7/><G77/><T116/><D72/><U63/><E67/><V135/><F56/><W33/><G33/><T62/><D116/><N who="2" m="29698" /><V105/><DORA hai="25" /><F105/><W40/><G40/><T115/><D115/><U133/><E133/><V128/><F135/><W3/><G3/><T46/><D46/><U41/><E41/><V4/><F91/><W90/><G71/><T129/><D129/><N who="2" m="49770" /><F4/><W86/><G7/><T9/><D9/><U2/><E2/><V32/><F87/><W24/><G24/><T65/><REACH who="0" step="1"/><D60/><REACH who="0" ten="240,250,250,250" step="2"/><U6/><E63/><V82/><F32/><W10/><G10/><T19/><D19/><N who="2" m="7242" /><F82/><W22/><G22/><T64/><D64/><U111/><E83/><V36/><F36/><W54/><G61/><T14/><D14/><U48/><E74/><V8/><F8/><W122/><G122/><AGARI ba="0,1" hai="121,122,123,124,127" m="7242,49770,29698" machi="122" ten="50,12000,2" yaku="28,2,12,1,19,1,34,2,54,1" doraHai="44,25" who="2" fromWho="3" sc="240,0,250,0,250,130,250,-120" /><INIT seed="1,0,0,1,5,59" ten="240,250,380,130" oya="1" hai0="47,11,20,99,82,77,103,66,17,86,73,53,88" hai1="111,87,126,26,9,50,23,81,48,37,15,121,30" hai2="129,130,7,61,83,3,60,31,72,105,114,24,62" hai3="135,104,131,0,8,42,54,71,4,70,98,2,36"/><U116/><E121/><V52/><F114/><W18/><G135/><T43/><D11/><U5/><E37/><V78/><F105/><W80/><G131/><N who="2" m="50185" /><F3/><W35/><G35/><T120/><D120/><U29/><E116/><V49/><F7/><W68/><G0/><T109/><D109/><U115/><E115/><V46/><F62/><W57/><G42/><T76/><D53/><U25/><E111/><V90/><F90/><W55/><G55/><T13/><D73/><U41/><E126/><V100/><F100/><W122/><G122/><T67/><D77/><U38/><E38/><V125/><F125/><W12/><G36/><T118/><D76/><U128/><E41/><V64/><F64/><W85/><G70/><T113/><D113/><U63/><E63/><V133/><F133/><W112/><G112/><T56/><D56/><U44/><E44/><V10/><F10/><W132/><G132/><T124/><D118/><U89/><REACH who="1" step="1"/><E128/><REACH who="1" ten="240,240,380,130" step="2"/><V33/><AGARI ba="0,1" hai="24,31,33,46,49,52,60,61,72,78,83" m="50185" machi="33" ten="30,7900,0" yaku="19,1,52,2,54,1" doraHai="59" who="2" fromWho="2" sc="240,-20,240,-39,380,89,130,-20" /><INIT seed="2,0,0,5,4,98" ten="220,201,469,110" oya="2" hai0="90,73,66,118,1,5,17,64,122,58,19,9,2" hai1="119,18,12,50,13,38,109,40,36,70,92,83,31" hai2="135,126,104,16,132,81,107,48,96,21,42,103,47" hai3="94,102,74,80,8,128,127,77,106,11,125,75,116"/><V85/><F107/><W112/><G116/><T34/><D122/><U15/><E70/><V121/><F121/><W43/><G112/><T27/><D73/><U3/><E119/><V28/><F126/><W72/><G128/><T68/><D118/><U32/><E3/><V10/><F28/><W113/><G113/><T33/><D68/><U76/><E109/><V69/><F69/><W86/><G43/><T46/><D46/><U62/><E62/><V134/><F10/><W100/><G11/><T44/><D44/><U89/><E18/><N who="0" m="6665" /><D58/><U95/><E31/><V56/><F56/><W7/><G7/><N who="0" m="1263" /><D90/><U78/><E32/><N who="0" m="12393" /><D66/><U60/><E60/><V91/><F42/><W0/><G0/><T99/><D64/><U130/><E130/><V54/><F104/><W97/><G8/><N who="0" m="2103" /><D99/><AGARI ba="0,0" hai="72,74,75,77,80,86,94,97,99,100,102,106,125,127" machi="99" ten="50,8000,1" yaku="34,3,52,2" doraHai="98" who="3" fromWho="0" sc="220,-80,201,0,469,0,110,80" /><INIT seed="3,0,0,5,1,2" ten="140,201,469,190" oya="3" hai0="97,70,59,6,44,131,65,95,53,54,20,30,129" hai1="109,105,23,25,34,81,96,46,5,52,1,92,29" hai2="22,99,69,125,124,16,42,15,93,75,120,50,31" hai3="36,115,11,134,76,103,72,14,111,121,101,47,102"/><W90/><G121/><T57/><D70/><U78/><E105/><V45/><F120/><W88/><G115/><T66/><D44/><U98/><E109/><V118/><F118/><W58/><G134/><T12/><D30/><U35/><E1/><V77/><F69/><W64/><G111/><T107/><D107/><U130/><E130/><V49/><F75/><W63/><G76/><T19/><D131/><U112/><E112/><V100/><F77/><W39/><G72/><T21/><D129/><U51/><E5/><V73/><F73/><W84/><G90/><T85/><D21/><U28/><E28/><V27/><F49/><W67/><G67/><T33/><D33/><U71/><E71/><V79/><F79/><W110/><G110/><T123/><D123/><U10/><E10/><V9/><AGARI ba="0,0" hai="9,15,16,22,27,31,42,45,50,93,99,100,124,125" machi="9" ten="30,2000,0" yaku="0,1,54,1" doraHai="2" who="2" fromWho="2" sc="140,-5,201,-5,469,20,190,-10" owari="135,-36.0,196,0.0,489,58.0,180,-22.0" /></mjloggm>