<mjloggm ver="2.3"><GO type="169" lobby="0"/><UN n0="%E3%82%A6%E3%83%AB%E3%83%88%E3%83%A9%E7%AB%8B%E7%9B%B4" n1="%E3%82%8C%E3%82%93%EF%BC%8D%4E%65%77" n2="%E7%9F%A2%E7%94%B0%E3%81%8F%E3%82%93" n3="%E3%81%8B%E3%82%89%E3%83%BC%E3%81%9C" dan="17,16,16,17" rate="2209.91,2052.07,2129.14,2176.45" sx="M,M,M,M"/><TAIKYOKU oya="0"/><INIT seed="0,0,0,2,0,71" ten="250,250,250,250" oya="0" hai0="90,50,92,23,130,111,128,80,98,58,60,119,45" hai1="123,122,131,93,28,129,121,104,48,113,102,126,112" hai2="39,46,62,74,49,61,47,22,11,81,53,6,52" hai3="44,37,125,83,70,21,117,75,100,110,43,89,30"/><T135/><D135/><U42/><E28/><V96/><F22/><W66/><G117/><T72/><D119/><U134/><E42/><V12/><F96/><W88/><G110/><T77/><D111/><U38/><E38/><V59/><F61/><W115/><G115/><N who="1" m="44106" /><E134/><V10/><F10/><W14/><G125/><T56/><D23/><U79/><E79/><V20/><F20/><W95/><G70/><T109/><D109/><U116/><E116/><V107/><F107/><W132/><G66/><T13/><D13/><U26/><E26/><V29/><F29/><W9/><G100/><T33/><D33/><U64/><E64/><V67/><F67/><W76/><G132/><T15/><D15/><U106/><E126/><V27/><F27/><W68/><G68/><T41/><REACH who="0" step="1"/><D60/><REACH who="0" ten="240,250,250,250" step="2"/><U69/><E69/><V105/><F62/><W73/><G21/><T54/><D54/><U82/><E122/><V8/><F53/><W108/><G108/><T4/><D4/><U31/><E121/><V3/><F52/><W1/><G14/><T65/><D65/><U24/><E123/><V101/><F12/><W133/><G133/><T25/><D25/><U7/><E24/><V114/><F6/><W99/><G30/><T91/><D91/><U34/><E31/><V17/><F3/><W103/><G73/><T87/><D87/><U16/><E7/><AGARI ba="0,1" hai="1,7,9,37,43,44,75,76,83,88,89,95,99,103" machi="7" ten="40,8000,1" yaku="25,2,52,1,54,1" doraHai="71" who="3" fromWho="1" sc="240,0,250,-80,250,0,250,90" /><INIT seed="1,0,0,5,1,34" ten="240,170,250,340" oya="1" hai0="69,83,91,128,13,15,113,94,42,103,122,104,107" hai1="73,58,54,117,123,68,17,36,8,7,63,27,98" hai2="55,114,2,78,35,126,81,59,120,92,53,85,24" hai3="4,21,121,96,9,124,39,105,109,25,86,46,64"/><U87/><E73/><V66/><F120/><W127/><G109/><T30/><D69/><U79/><E123/><V3/><F126/><N who="3" m="48171" /><G121/><T135/><D30/><U10/><E117/><V56/><F114/><W77/><G64/><T65/><D65/><U125/><E125/><V75/><F66/><W88/><G77/><T70/><D70/><U129/><E68/><V20/><F35/><W82/><G96/><T100/><D15/><U95/><E36/><V14/><F14/><W44/><G105/><T47/><D113/><U119/><E119/><V97/><F75/><W61/><G61/><T29/><D104/><U23/><E129/><V31/><F56/><W51/><G51/><T134/><D128/><U72/><E72/><V71/><F55/><W49/><G49/><T93/><D107/><U11/><E79/><V116/><F71/><W67/><G67/><T1/><D47/><U80/><E80/><V132/><F132/><W76/><G76/><T28/><D42/><U111/><E111/><V38/><F38/><W102/><G102/><T33/><D83/><U57/><E57/><V101/><REACH who="2" step="1"/><F116/><REACH who="2" ten="240,170,240,340" step="2"/><W12/><G39/><T22/><D122/><U89/><REACH who="1" step="1"/><E7/><REACH who="1" ten="240,160,240,340" step="2"/><V50/><AGARI ba="0,2" hai="2,3,20,24,31,50,53,59,78,81,85,92,97,101" machi="50" ten="20,12000,2" yaku="1,1,2,1,0,1,7,1,52,2,53,1" doraHai="34" doraHaiUra="19" who="2" fromWho="2" sc="240,-30,160,-60,240,140,340,-30" /><INIT seed="2,0,0,5,1,110" ten="210,100,380,310" oya="2" hai0="94,69,118,9,87,56,128,103,112,113,44,123,33" hai1="126,115,131,127,52,54,36,73,90,27,46,1,85" hai2="23,2,17,92,21,30,70,63,96,18,100,40,34" hai3="15,97,71,0,66,99,48,12,79,28,89,95,10"/><V25/><F2/><W130/><G130/><T49/><D69/><U14/><E73/><V124/><F124/><N who="1" m="47657" /><E1/><V116/><F116/><W111/><G111/><T129/><D33/><U11/><E131/><N who="0" m="50249" /><D123/><U19/><E115/><N who="0" m="44105" /><D118/><U5/><E36/><V78/><F78/><W7/><G28/><T83/><D9/><N who="1" m="6607" /><E27/><V58/><F70/><W43/><G66/><T50/><D56/><U119/><E119/><V67/><F34/><W16/><G71/><T39/><D39/><U120/><E120/><V57/><F58/><W37/><G37/><T80/><D50/><U135/><E135/><V77/><F57/><W20/><G48/><T117/><D117/><U41/><E41/><V51/><F51/><W108/><G10/><T62/><D62/><U84/><E46/><V98/><F40/><W64/><G43/><N who="0" m="24735" /><D87/><U45/><E85/><V114/><F63/><W59/><G59/><T22/><D22/><U42/><E42/><V122/><F23/><W60/><G60/><T8/><D8/><U102/><E45/><V93/><F21/><W101/><G20/><T29/><D29/><U35/><E35/><V105/><F30/><W91/><G108/><T24/><D24/><U86/><E86/><V3/><F25/><W32/><G32/><T68/><D68/><U81/><E11/><V4/><F122/><W109/><G109/><T125/><D125/><U76/><E5/><V61/><F4/><W13/><G7/><T132/><D132/><U74/><E74/><V55/><F61/><W65/><G65/><T75/><D75/><U106/><E76/><V38/><F114/><RYUUKYOKU ba="0,0" sc="210,15,100,15,380,-15,310,-15" hai0="80,83,94,103" hai1="52,54,81,84,90,102,106" /><INIT seed="3,1,0,0,2,0" ten="225,115,365,295" oya="3" hai0="84,49,10,135,46,21,39,108,102,5,119,51,83" hai1="114,62,50,71,117,70,43,130,60,109,98,29,27" hai2="129,19,124,1,128,45,67,103,120,90,132,69,100" hai3="14,37,75,125,91,17,53,34,28,30,116,22,57"/><W44/><G116/><T18/><D119/><U54/><E117/><V85/><F120/><W2/><G125/><T11/><D108/><U94/><E114/><V6/><F124/><W101/><G101/><T110/><D110/><U77/><E109/><V93/><F132/><W78/><G34/><T106/><D135/><U56/><E130/><V118/><F118/><W122/><G122/><T86/><D39/><U66/><E77/><V76/><F76/><W7/><G91/><T134/><D134/><U25/><E25/><V31/><F31/><W111/><G111/><T15/><D102/><U40/><E62/><N who="2" m="40183" /><F45/><W105/><G105/><T107/><D11/><U58/><E70/><V87/><F87/><W36/><G36/><T3/><D84/><U9/><E9/><N who="2" m="2255" /><F19/><W127/><G127/><T123/><D123/><U79/><E79/><V13/><F13/><W95/><G95/><T131/><D131/><AGARI ba="1,0" hai="85,90,93,100,103,128,129,131" m="2255,40183" machi="131" ten="30,2000,0" yaku="19,1,52,1" doraHai="0" who="2" fromWho="0" sc="225,-23,115,0,365,23,295,0" /><INIT seed="4,0,0,1,4,111" ten="202,115,388,295" oya="0" hai0="125,67,76,29,94,64,96,23,13,75,90,60,118" hai1="34,84,55,89,15,38,46,0,92,17,106,85,44" hai2="117,25,19,100,135,21,1,87,20,116,26,63,114" hai3="123,3,59,69,35,72,119,54,40,124,11,88,102"/><T132/><D118/><N who="2" m="45674" /><F114/><W68/><G119/><T5/><D125/><U122/><E0/><V16/><F1/><W120/><G124/><T62/><D132/><U8/><E122/><N who="3" m="46634" /><G35/><T53/><D76/><U2/><E2/><V108/><F108/><W48/><G102/><T31/><D75/><U112/><E106/><V37/><F37/><W107/><G107/><T6/><D53/><U50/><E34/><V134/><F100/><W93/><G72/><T43/><D43/><U86/><E112/><V58/><F87/><N who="3" m="52383" /><G40/><T110/><D110/><U52/><E38/><V70/><F70/><W9/><G9/><T65/><D5/><AGARI ba="0,0" hai="3,5,11,48,54,59,68,69" m="52383,46634" machi="5" ten="30,2000,0" yaku="13,1,54,1" doraHai="111" who="3" fromWho="0" sc="202,-20,115,0,388,0,295,20" /><INIT seed="5,0,0,1,0,40" ten="182,115,388,315" oya="1" hai0="2,9,55,82,107,63,111,87,116,24,32,33,114" hai1="88,65,91,41,53,106,92,112,76,133,48,109,15" hai2="43,4,122,37,135,83,61,131,70,7,12,108,134" hai3="121,81,27,54,34,130,89,78,73,115,90,5,29"/><U46/><E106/><V117/><F108/><W44/><G121/><T96/><D111/><U38/><E109/><V45/><F122/><W58/><G115/><T98/><D116/><U113/><E133/><N who="2" m="50699" /><F117/><W94/><G130/><T10/><D114/><N who="1" m="44139" /><E65/><N who="2" m="41263" /><F131/><W14/><G44/><T101/><D98/><N who="1" m="57607" /><E76/><V16/><F83/><W74/><G74/><T42/><D42/><U102/><E102/><V36/><F36/><W23/><G94/><T104/><D104/><U60/><E91/><V17/><F17/><W11/><REACH who="3" step="1"/><G34/><REACH who="3" ten="182,115,388,305" step="2"/><T57/><D33/><U31/><E31/><V124/><F124/><W64/><G64/><T59/><D32/><U75/><E75/><V35/><F35/><W50/><AGARI ba="0,1" hai="5,11,14,23,27,29,50,54,58,73,78,81,89,90" machi="50" ten="20,5200,0" yaku="1,1,0,1,7,1,53,1" doraHai="40" doraHaiUra="47" who="3" fromWho="3" sc="182,-13,115,-26,388,-13,305,62" /><INIT seed="6,0,0,4,1,30" ten="169,89,375,367" oya="2" hai0="14,54,11,103,75,116,27,34,60,56,110,20,25" hai1="82,53,89,81,9,0,85,120,107,83,119,127,4" hai2="130,111,42,122,68,62,21,99,38,41,5,16,128" hai3="3,126,37,91,2,35,23,40,101,135,59,117,66"/><V104/><F122/><W58/><G23/><T29/><D75/><U97/><E119/><V123/><F123/><W8/><G91/><T39/><D39/><U87/><E120/><V105/><F5/><N who="3" m="1079" /><G58/><T86/><D116/><U114/><E114/><V18/><F111/><W69/><G59/><T65/><D110/><U132/><E132/><V96/><F62/><N who="3" m="40151" /><G135/><T57/><D103/><U63/><E127/><V19/><F68/><W98/><G3/><T113/><D113/><U51/><E63/><V49/><F38/><W15/><G15/><T31/><D86/><U28/><E28/><V17/><F49/><W93/><G93/><T72/><D72/><U7/><E7/><V12/><F96/><W94/><G126/><T102/><D102/><U95/><REACH who="1" step="1"/><E107/><REACH who="1" ten="169,79,375,367" step="2"/><V33/><F104/><W112/><G112/><T32/><D60/><U44/><AGARI ba="0,1" hai="0,4,9,44,51,53,81,82,83,85,87,89,95,97" machi="44" ten="30,4000,0" yaku="1,1,2,1,0,1,53,0" doraHai="30" doraHaiUra="129" who="1" fromWho="1" sc="169,-10,79,50,375,-20,367,-10" /><INIT seed="7,0,0,1,5,123" ten="159,129,355,357" oya="3" hai0="62,118,112,86,31,34,110,0,17,95,77,33,132" hai1="27,37,88,39,120,20,103,134,58,13,6,16,59" hai2="15,21,26,57,51,81,108,99,122,65,18,93,50" hai3="126,32,114,121,71,102,94,19,2,3,66,73,14"/><W1/><G121/><T106/><D110/><U10/><E120/><V43/><F108/><W125/><G73/><T40/><D106/><U49/><E103/><N who="2" m="60911" /><F122/><W8/><G32/><T9/><D118/><U36/><E134/><V60/><F43/><W100/><G114/><T25/><D112/><U54/><REACH who="1" step="1"/><E88/><REACH who="1" ten="159,119,355,357" step="2"/><V53/><F81/><W22/><G102/><T85/><D132/><U98/><E98/><V116/><F116/><W35/><G100/><T76/><D95/><U44/><AGARI ba="0,1" hai="6,10,13,16,20,27,36,37,39,44,49,54,58,59" machi="44" ten="30,4000,0" yaku="1,1,0,1,54,1,53,0" doraHai="123" doraHaiUra="80" who="1" fromWho="1" sc="159,-10,119,50,355,-10,357,-20" owari="149,-35.0,169,-23.0,345,44.0,337,14.0" /></mjloggm>