<mjloggm ver="2.3"><GO type="97" lobby="0"/><UN n0="%E3%82%A6%E3%83%AB%E3%83%88%E3%83%A9%E7%AB%8B%E7%9B%B4" n1="%49%53%4F" n2="%6D%69%6C%64%37%4C" n3="%E3%82%B2%E3%82%A4%E3%83%96%E3%83%AA%E3%82%A8%E3%83%AB" dan="13,13,13,14" rate="1833.02,1839.92,1860.55,2011.28" sx="M,M,M,M"/><TAIKYOKU oya="0"/><INIT seed="0,0,0,0,1,32" ten="250,250,250,250" oya="0" hai0="129,4,46,127,116,61,58,97,52,0,94,86,121" hai1="55,101,122,53,18,13,28,130,33,73,95,76,26" hai2="50,43,109,59,45,132,49,48,118,120,114,60,124" hai3="131,82,15,69,78,107,6,25,38,126,5,27,81"/><T91/><D121/><U105/><E122/><V67/><F114/><W40/><G69/><T42/><D116/><U112/><E130/><V117/><F120/><W54/><G107/><T108/><D129/><U92/><E112/><V51/><F109/><W9/><G131/><T77/><D108/><U57/><E55/><V66/><F132/><W34/><G126/><T85/><D127/><U23/><E105/><V3/><F3/><W99/><G34/><T31/><D31/><U128/><E128/><V36/><F124/><W71/><G71/><T1/><D4/><U74/><E76/><V83/><F83/><W88/><G5/><T113/><D113/><U10/><E95/><V115/><F115/><W123/><G123/><T80/><D86/><U87/><E87/><V134/><F134/><W37/><G37/><AGARI ba="0,0" hai="0,1,37,42,46,52,58,61,77,80,85,91,94,97" machi="37" ten="30,11600,0" yaku="7,1,52,2,54,1" doraHai="32" who="0" fromWho="3" sc="250,116,250,0,250,0,250,-116" /><INIT seed="0,1,0,0,2,4" ten="366,250,250,134" oya="0" hai0="94,8,129,110,35,92,109,28,101,11,15,66,71" hai1="122,26,121,73,75,57,132,116,61,64,17,16,119" hai2="12,76,43,99,130,59,98,88,89,123,58,2,103" hai3="41,38,14,33,68,0,44,34,126,120,54,3,115"/><T62/><D129/><U91/><E132/><V82/><F123/><N who="1" m="47113" /><E91/><V46/><F130/><W60/><G120/><T81/><D81/><U45/><E45/><V111/><F111/><N who="0" m="42506" /><D15/><U30/><E30/><V105/><F98/><W37/><G126/><T52/><D52/><U83/><E83/><V70/><F70/><W67/><G115/><T117/><D117/><N who="1" m="45131" /><E26/><V49/><F2/><W104/><G104/><T47/><D47/><U85/><E85/><V23/><F23/><W13/><G38/><T114/><D114/><U10/><E10/><N who="0" m="3625" /><D101/><U78/><E78/><V55/><F12/><W36/><G36/><T6/><D6/><U53/><E53/><V20/><F20/><W32/><G13/><T112/><D112/><U80/><E80/><V19/><F19/><N who="1" m="7241" /><E57/><V97/><F97/><W42/><G42/><T74/><D74/><N who="1" m="28171" /><E61/><V128/><F59/><W102/><G102/><T25/><AGARI ba="1,0" hai="25,28,35,62,66,71,92,94" m="3625,42506" machi="25" ten="30,12000,1" yaku="14,1,10,1,52,3" doraHai="4" who="0" fromWho="0" sc="366,123,250,-41,250,-41,134,-41" /><INIT seed="0,2,0,4,4,43" ten="489,209,209,93" oya="0" hai0="125,66,65,54,115,114,108,1,128,38,63,52,45" hai1="30,82,120,92,18,37,13,87,46,113,23,19,8" hai2="99,81,130,135,98,100,105,109,131,67,60,26,33" hai3="27,89,14,83,101,20,96,56,110,91,124,132,62"/><T5/><D5/><U36/><E120/><V112/><F112/><N who="0" m="43050" /><D1/><U134/><E134/><V93/><F135/><W12/><G132/><T6/><D6/><U57/><E30/><V97/><F109/><W49/><G110/><T11/><D11/><U74/><E74/><V122/><F122/><W10/><G124/><T95/><D95/><U86/><E113/><V39/><F81/><W117/><G117/><T69/><D108/><U29/><E29/><N who="2" m="19639" /><F39/><W64/><G83/><T103/><D103/><U2/><E2/><V76/><F76/><W34/><G34/><T79/><D79/><U73/><E73/><V7/><F7/><W133/><G133/><T24/><D24/><U51/><E57/><V126/><F126/><W68/><G68/><N who="0" m="42047" /><D125/><U88/><E87/><V4/><F4/><W15/><G10/><T0/><D0/><U111/><E92/><V106/><F93/><N who="3" m="58511" /><G49/><N who="0" m="28719" /><D128/><N who="2" m="49194" /><F106/><W61/><G61/><N who="0" m="40143" /><D38/><U3/><E3/><V35/><F35/><W22/><G22/><T78/><D78/><U21/><E21/><V72/><F72/><W104/><G104/><T119/><D119/><U40/><E111/><V47/><F98/><W28/><AGARI ba="2,0" hai="12,14,15,20,27,28,56,62,64,89,91" m="58511" machi="28" ten="30,2000,0" yaku="25,1,8,1" doraHai="43" who="3" fromWho="3" sc="489,-12,209,-7,209,-7,93,26" /><INIT seed="1,0,0,1,2,5" ten="477,202,202,119" oya="1" hai0="77,112,78,18,52,4,113,32,60,19,58,118,2" hai1="74,48,115,96,106,125,135,87,129,16,39,101,57" hai2="42,17,55,76,1,90,122,50,86,92,10,69,68" hai3="72,108,28,45,80,0,33,100,64,98,82,23,29"/><U93/><E115/><V24/><F122/><W105/><G108/><T116/><D32/><U12/><E135/><V22/><F42/><W36/><G72/><T47/><D47/><U128/><E125/><V81/><F1/><W46/><G46/><T34/><D34/><U104/><E39/><V7/><F55/><W6/><G23/><T119/><D4/><U132/><E74/><V67/><F50/><W95/><G29/><T103/><D2/><U31/><E87/><V99/><F67/><W91/><G64/><T56/><D103/><U15/><E15/><V97/><F99/><W38/><G38/><T120/><D120/><U83/><E83/><V61/><F61/><W123/><G123/><T114/><D52/><N who="1" m="31879" /><E31/><V27/><F24/><W63/><G63/><T65/><D60/><U133/><E106/><V49/><F49/><W37/><G37/><T35/><D35/><U20/><E104/><V41/><F41/><W13/><G0/><T51/><D51/><U124/><E124/><V111/><F111/><W14/><G14/><T110/><D110/><U89/><E133/><V75/><F75/><W44/><G45/><T121/><D121/><U26/><E26/><V94/><F94/><W54/><G36/><T71/><D71/><U102/><E132/><V73/><F73/><W30/><G33/><T11/><D65/><U9/><E20/><V109/><F109/><W131/><G131/><AGARI ba="0,0" hai="9,12,16,89,93,96,101,102,128,129,131" m="31879" machi="131" ten="30,11600,0" yaku="19,1,52,1,54,2" doraHai="5" who="1" fromWho="3" sc="477,0,202,116,202,0,119,-116" /><INIT seed="1,1,0,2,0,78" ten="477,318,202,3" oya="1" hai0="84,99,104,26,83,13,14,72,126,31,39,89,62" hai1="11,105,37,67,73,88,118,101,9,71,2,34,133" hai2="68,36,81,64,20,76,60,120,77,28,3,57,112" hai3="75,12,25,46,17,10,85,66,135,41,30,69,6"/><U63/><E118/><V52/><F120/><W56/><G56/><T45/><D45/><U21/><E37/><V110/><F110/><W44/><G75/><T123/><D39/><U82/><E34/><V98/><F112/><W40/><G135/><T95/><D62/><U58/><E133/><V91/><F3/><W74/><G74/><T8/><D126/><U54/><E21/><V87/><F36/><W93/><G69/><T102/><D123/><U109/><E2/><V24/><REACH who="2" step="1"/><F98/><REACH who="2" ten="477,318,192,3" step="2"/><W15/><G66/><T97/><D97/><U134/><E109/><V55/><F55/><W59/><G41/><T61/><D8/><U115/><E115/><V42/><F42/><W7/><G40/><T129/><D129/><U113/><E113/><V23/><F23/><N who="3" m="15679" /><G59/><T107/><D99/><U100/><E134/><V51/><AGARI ba="1,1" hai="20,24,28,51,52,57,60,64,68,76,77,81,87,91" machi="51" ten="20,8000,1" yaku="1,1,0,1,7,1,52,1,54,1,53,0" doraHai="78" doraHaiUra="96" who="2" fromWho="2" sc="477,-21,318,-41,192,93,3,-21" owari="456,55.0,277,-12.0,285,9.0,-18,-52.0" /></mjloggm>