<mjloggm ver="2.3"><GO type="97" lobby="0"/><UN n0="%E3%83%89%E3%82%AF%E3%82%BF%E3%83%BC%E3%82%B3%E3%82%A2" n1="%E9%AC%BC%E7%95%9C%E6%88%A6%E5%A3%AB" n2="%E3%82%A6%E3%83%AB%E3%83%88%E3%83%A9%E7%AB%8B%E7%9B%B4" n3="%6E%75%65%73%74%72%6F%37" dan="13,15,15,14" rate="1870.56,2073.38,1981.77,1941.43" sx="M,M,M,M"/><TAIKYOKU oya="0"/><INIT seed="0,0,0,1,0,48" ten="250,250,250,250" oya="0" hai0="74,29,88,4,84,75,85,115,76,100,83,93,8" hai1="46,61,104,6,43,9,82,27,117,127,24,56,107" hai2="20,67,105,68,128,10,59,37,69,78,51,132,135" hai3="72,33,106,124,7,86,60,55,58,64,110,40,98"/><T14/><D115/><U118/><E82/><V91/><F105/><W94/><G72/><T103/><D29/><U44/><E127/><V28/><F78/><W96/><G124/><T25/><D25/><U95/><E95/><V18/><F37/><W108/><G40/><T52/><D74/><U134/><E134/><N who="2" m="51243" /><F128/><W16/><G33/><T54/><D75/><U45/><E43/><V97/><F10/><W129/><G7/><T70/><D70/><U90/><E90/><V77/><F77/><W26/><G129/><T123/><D123/><U5/><E9/><V62/><F28/><W99/><G106/><N who="1" m="40490" /><E56/><V1/><F1/><W109/><G86/><T130/><REACH who="0" step="1"/><D130/><REACH who="0" ten="240,250,250,250" step="2"/><U89/><E24/><V11/><F69/><W15/><G26/><T36/><D36/><U73/><E27/><V12/><F68/><W50/><G110/><T116/><D116/><U21/><E73/><V126/><F126/><W121/><G121/><T39/><D39/><U125/><E117/><V41/><F97/><W17/><G109/><T19/><D19/><U66/><E118/><V119/><F119/><W13/><G108/><T133/><D133/><U35/><E125/><V122/><F122/><W0/><G99/><T65/><D65/><U57/><E35/><V113/><F67/><W114/><G114/><T49/><D49/><U131/><E131/><V32/><F113/><W92/><G64/><T71/><D71/><U81/><E5/><V38/><F51/><W34/><G50/><T42/><D42/><U101/><E6/><V80/><F41/><W30/><G30/><T3/><D3/><RYUUKYOKU ba="0,1" sc="240,30,250,-10,250,-10,250,-10" hai0="4,8,14,52,54,76,83,84,85,88,93,100,103" /><INIT seed="0,1,1,2,4,0" ten="270,240,240,240" oya="0" hai0="36,42,95,129,131,118,115,53,120,16,83,56,96" hai1="43,5,18,34,31,9,78,114,13,134,128,73,28" hai2="61,24,1,7,23,113,55,45,100,32,59,101,133" hai3="74,94,40,19,68,93,71,72,132,125,60,41,52"/><T66/><D115/><U104/><E104/><V76/><F32/><W97/><G132/><T112/><D112/><U135/><E114/><V25/><F133/><N who="1" m="50697" /><E128/><N who="0" m="49225" /><D118/><U88/><E43/><V69/><F69/><W10/><G125/><T46/><D120/><U67/><E67/><V33/><F33/><W65/><G19/><T119/><D119/><U15/><E34/><V116/><F113/><W98/><G10/><T106/><D106/><U105/><E105/><V2/><F25/><W8/><G8/><T49/><D83/><N who="1" m="45519" /><E88/><V123/><F123/><W107/><G107/><T29/><D29/><N who="1" m="11339" /><E15/><V35/><F35/><W91/><G91/><N who="0" m="55423" /><D66/><U108/><E108/><V12/><F116/><W109/><G65/><T47/><D47/><U130/><E130/><V39/><F45/><W6/><G109/><T85/><D85/><U77/><E77/><V30/><F76/><W14/><G14/><T124/><D124/><U51/><E51/><V58/><F2/><W92/><G92/><T27/><D27/><U122/><E122/><V79/><F1/><W87/><G87/><T26/><D26/><U44/><E44/><V82/><F79/><W70/><G70/><T121/><D121/><U86/><E86/><V3/><F3/><W57/><G71/><T127/><D127/><U20/><E20/><V81/><F59/><W17/><G68/><T63/><D49/><U99/><E99/><V90/><F24/><W89/><G98/><T64/><D64/><U21/><E21/><V62/><F23/><W75/><G97/><T111/><D111/><U110/><E110/><V22/><F22/><RYUUKYOKU ba="1,1" sc="270,15,240,15,240,-15,240,-15" hai0="16,36,42,46,53,56,63" hai1="5,9,13,18" /><INIT seed="0,2,1,2,1,99" ten="285,255,225,225" oya="0" hai0="40,95,36,92,82,84,31,15,13,81,5,119,32" hai1="110,77,17,75,125,44,7,49,105,22,41,106,104" hai2="4,52,8,20,29,103,56,24,74,89,122,1,2" hai3="9,73,124,45,108,121,71,37,39,27,79,34,93"/><T98/><D119/><U60/><E110/><V109/><F74/><W14/><G108/><T3/><D3/><U6/><E125/><V57/><F122/><W67/><G124/><T112/><D112/><U114/><E114/><V19/><F109/><W111/><G111/><T91/><D32/><U50/><E60/><V28/><F2/><W126/><G121/><T115/><D115/><U66/><E66/><V46/><F46/><W18/><G67/><T128/><D128/><U69/><E69/><V100/><F57/><W51/><G71/><T96/><D31/><U48/><E77/><V0/><F0/><W53/><G126/><T11/><D36/><U83/><E83/><V86/><F29/><W72/><G79/><T54/><D40/><U102/><E102/><V94/><F28/><W61/><G61/><AGARI ba="2,1" hai="1,4,8,19,20,24,52,56,61,86,89,94,100,103" machi="61" ten="30,7700,0" yaku="7,1,52,2,54,1" doraHai="99" who="2" fromWho="3" sc="285,0,255,0,225,93,225,-83" /><INIT seed="1,0,0,1,0,54" ten="285,255,318,142" oya="1" hai0="132,129,25,11,44,81,85,8,131,23,14,84,13" hai1="114,120,0,33,109,82,128,31,127,2,113,64,123" hai2="70,104,15,86,41,77,3,121,22,94,61,35,134" hai3="68,62,125,135,12,29,36,7,30,116,108,1,55"/><U27/><E82/><V74/><F3/><N who="1" m="1065" /><E64/><V59/><F70/><W57/><G36/><T106/><D106/><U56/><E56/><V119/><F35/><W93/><G68/><T78/><D44/><U24/><E127/><V115/><F134/><W117/><G1/><T50/><D50/><U65/><E65/><V9/><F121/><N who="1" m="46665" /><E128/><N who="0" m="49225" /><D132/><U67/><E67/><V118/><F104/><W6/><G125/><T87/><D25/><N who="1" m="9803" /><E109/><V34/><F74/><W126/><G135/><T16/><D14/><U97/><E97/><V32/><F94/><W95/><G108/><T5/><D5/><N who="3" m="1545" /><G12/><T10/><AGARI ba="0,0" hai="8,10,11,13,16,23,78,81,84,85,87" m="49225" machi="10" ten="30,2000,0" yaku="19,1,54,1" doraHai="54" who="0" fromWho="0" sc="285,20,255,-10,318,-5,142,-5" /><INIT seed="2,0,0,2,4,60" ten="305,245,313,137" oya="2" hai0="3,18,10,5,44,65,47,4,106,81,26,112,75" hai1="12,61,68,86,14,15,1,93,25,87,89,50,13" hai2="74,98,29,30,125,73,54,88,84,37,117,91,67" hai3="64,66,121,23,2,133,51,0,94,32,8,123,135"/><V116/><F37/><W115/><G32/><T22/><D106/><U80/><E1/><V9/><F125/><W16/><G115/><T19/><D112/><U21/><E50/><V27/><F54/><W53/><G0/><T7/><D65/><N who="3" m="25193" /><G8/><T70/><D70/><U118/><E118/><V34/><F67/><W103/><G2/><T107/><D107/><U41/><E41/><V63/><F63/><W90/><G103/><T11/><D81/><U38/><E38/><V82/><F9/><N who="0" m="3082" /><D75/><U128/><E128/><V131/><F131/><W99/><G123/><T134/><D134/><N who="3" m="51209" /><G121/><T83/><D83/><U62/><N who="1" m="3072" /><DORA hai="6" /><U111/><E68/><V40/><F82/><W96/><G99/><T119/><D119/><U77/><REACH who="1" step="1"/><E111/><REACH who="1" ten="305,235,313,137" step="2"/><V85/><F116/><W95/><G51/><T122/><D122/><U24/><E24/><V39/><F27/><N who="3" m="14823" /><G94/><T97/><D3/><U42/><E42/><V17/><F40/><W31/><G31/><AGARI ba="0,1" hai="21,25,31,61,62,77,80,86,87,89,93" m="3072" machi="31" ten="50,3200,0" yaku="1,1,8,1,53,0" doraHai="60,6" doraHaiUra="114,49" who="1" fromWho="3" sc="305,0,235,42,313,0,137,-32" /><INIT seed="3,0,0,2,1,27" ten="305,277,313,105" oya="3" hai0="44,94,12,15,100,69,72,95,120,25,60,59,47" hai1="28,34,74,76,108,103,99,102,67,63,73,115,52" hai2="105,90,7,130,54,117,71,4,77,53,75,78,61" hai3="91,43,22,41,50,56,132,68,96,21,118,46,119"/><W122/><G122/><T19/><D69/><N who="1" m="42239" /><E115/><V66/><F117/><W92/><G68/><T107/><D72/><U37/><E103/><V112/><F105/><W48/><G132/><T17/><D107/><N who="1" m="63967" /><E108/><V135/><F90/><W6/><G6/><T104/><D104/><U86/><E37/><V40/><F40/><W13/><G56/><T55/><D120/><U133/><E133/><V24/><F24/><W89/><G13/><N who="0" m="5195" /><D100/><U9/><E9/><V126/><F135/><W62/><G62/><T98/><D98/><U32/><E32/><V123/><F7/><W109/><G109/><T36/><D36/><U38/><E38/><V65/><F4/><W121/><G121/><T31/><D94/><U16/><E86/><V79/><F75/><W114/><G114/><T42/><D95/><U45/><E16/><N who="0" m="6217" /><D42/><U5/><E5/><V33/><F112/><W124/><G124/><T70/><D70/><U106/><E106/><V97/><F126/><W11/><G11/><T58/><D58/><U81/><E73/><V82/><F123/><W87/><G87/><T131/><D131/><U35/><E35/><V113/><F33/><W3/><G3/><T51/><D51/><N who="1" m="28783" /><E34/><V8/><F113/><W0/><G0/><T101/><D101/><U88/><E88/><V84/><F8/><W39/><G39/><T20/><AGARI ba="0,0" hai="20,25,31,44,47,55,59,60" m="6217,5195" machi="20" ten="30,4000,0" yaku="8,1,52,1,54,1" doraHai="27" who="0" fromWho="0" sc="305,40,277,-10,313,-10,105,-20" owari="345,44.0,267,-13.0,303,10.0,85,-41.0" /></mjloggm>