<mjloggm ver="2.3"><GO type="41" lobby="0"/><UN n0="%E7%B4%85%E7%99%BD%E3%83%91%E3%83%B3%E3%83%80" n1="%E5%B0%B1%E6%B4%BB%E7%94%9F%40%E5%B7%9D%E6%9D%91%E8%BB%8D%E5%9B%A3" n2="%E3%81%82%E3%81%B5%E3%82%8A%E3%81%8B%E3%81%9E%E3%81%86" n3="%E3%82%B5%E3%82%AF%E3%82%A8%E3%82%A4" dan="13,15,13,15" rate="1865.98,2039.49,1857.71,1935.97" sx="F,M,M,M"/><TAIKYOKU oya="0"/><INIT seed="0,0,0,1,3,122" ten="250,250,250,250" oya="0" hai0="20,50,99,97,54,111,127,120,47,35,29,103,110" hai1="49,119,129,117,80,98,125,48,32,25,101,65,14" hai2="107,118,52,70,36,53,37,87,131,40,62,9,130" hai3="104,128,0,51,71,124,67,75,4,82,94,3,24"/><T45/><D120/><U38/><E38/><V115/><F107/><W112/><G104/><T113/><D113/><U66/><E80/><V108/><F115/><W44/><G112/><T95/><D99/><U13/><E25/><V18/><F118/><W85/><G75/><T86/><D35/><U132/><E32/><V100/><F100/><W58/><G71/><T88/><D127/><U81/><E81/><V114/><F114/><W89/><G128/><N who="2" m="49193" /><F40/><W77/><G24/><N who="0" m="16519" /><D54/><U1/><E129/><V92/><F108/><N who="0" m="41514" /><D50/><U96/><E101/><V63/><F87/><W26/><G124/><T16/><D16/><U7/><E125/><V2/><F92/><AGARI ba="0,0" hai="45,47,86,88,92,95,97,103" m="41514,16519" machi="92" ten="30,18000,2" yaku="14,1,10,1,52,3,54,1" doraHai="122" who="0" fromWho="2" sc="250,180,250,0,250,-180,250,0" /><INIT seed="0,1,0,0,4,64" ten="430,250,70,250" oya="0" hai0="89,57,50,52,124,53,95,125,102,15,65,100,39" hai1="101,27,79,30,11,67,122,38,12,51,28,94,13" hai2="20,111,63,22,43,119,116,96,90,16,26,0,46" hai3="31,37,97,105,81,35,68,32,42,61,130,134,2"/><T78/><D39/><U86/><E38/><V54/><F0/><W69/><G134/><T62/><D78/><U17/><E122/><V66/><F111/><W55/><G55/><N who="0" m="21067" /><D50/><U110/><E51/><V18/><F43/><W114/><G81/><T127/><D15/><U128/><E67/><V70/><F46/><N who="3" m="23887" /><G61/><T126/><D126/><U24/><E110/><V36/><F36/><W84/><G84/><AGARI ba="1,0" hai="57,62,65,84,89,95,100,102,124,125,127" m="21067" machi="84" ten="30,2900,0" yaku="18,1,54,1" doraHai="64" who="0" fromWho="3" sc="430,32,250,0,70,0,250,-32" /><INIT seed="0,2,0,2,3,78" ten="462,250,70,218" oya="0" hai0="5,92,118,33,130,115,46,111,104,68,119,9,127" hai1="121,60,129,38,32,97,133,113,43,73,7,103,123" hai2="94,2,11,6,54,89,80,87,10,21,135,40,4" hai3="76,58,71,41,77,39,31,117,47,45,19,108,67"/><T116/><D92/><U122/><E32/><V42/><F135/><W30/><G117/><T83/><D83/><U70/><E133/><V91/><F21/><W8/><G71/><T90/><D90/><U124/><E124/><V64/><F64/><W12/><G47/><T105/><D46/><U101/><E129/><V61/><F61/><W69/><G69/><T93/><D93/><U72/><E113/><V74/><F74/><W62/><G108/><T52/><D52/><U25/><E101/><V29/><F29/><W102/><G102/><T114/><D68/><U34/><E7/><V0/><REACH who="2" step="1"/><F54/><REACH who="2" ten="462,250,60,218" step="2"/><W59/><G30/><T112/><D130/><U106/><E60/><V15/><F15/><W86/><G31/><T51/><D127/><U20/><E70/><V23/><F23/><W109/><G62/><T110/><D33/><U96/><E20/><V107/><F107/><W79/><G67/><T27/><D105/><U65/><E25/><V13/><F13/><W95/><G109/><N who="0" m="41483" /><D27/><U84/><E34/><V99/><AGARI ba="2,1" hai="0,2,4,6,10,11,40,42,80,87,89,91,94,99" machi="99" ten="20,8000,1" yaku="1,1,0,1,7,1,9,1,52,1,53,0" doraHai="78" doraHaiUra="120" who="2" fromWho="2" sc="462,-42,250,-22,60,96,218,-22" /><INIT seed="1,0,0,4,2,74" ten="420,228,156,196" oya="1" hai0="53,50,12,20,54,66,78,19,73,40,124,125,90" hai1="87,39,101,27,43,135,109,28,86,37,67,114,110" hai2="100,6,13,44,32,82,122,33,31,0,56,29,47" hai3="22,51,60,15,102,9,34,120,95,127,123,84,130"/><U97/><E114/><V52/><F122/><W85/><G34/><T2/><D2/><U72/><E72/><V23/><F100/><W128/><G60/><T77/><D73/><U106/><E135/><V62/><F0/><W41/><G22/><T65/><D90/><U21/><E67/><N who="0" m="25609" /><D40/><U126/><E126/><N who="0" m="48745" /><D53/><U64/><E64/><V121/><F121/><W108/><G108/><N who="1" m="41578" /><E43/><V8/><F33/><W116/><G116/><T11/><D11/><U30/><E30/><V131/><F131/><N who="3" m="50219" /><G127/><T129/><D129/><U103/><E103/><V25/><F82/><W42/><G123/><T70/><D70/><U117/><E117/><V119/><F119/><W113/><G113/><T88/><D88/><U10/><E10/><V133/><F133/><W98/><G120/><T93/><D93/><U132/><E132/><V3/><REACH who="2" step="1"/><F29/><REACH who="2" ten="420,228,146,196" step="2"/><W35/><G35/><T69/><D69/><U36/><AGARI ba="0,1" hai="21,27,28,36,37,39,86,87,97,101,106" m="41578" machi="36" ten="40,3900,0" yaku="14,1,10,1" doraHai="74" who="1" fromWho="1" sc="420,-13,228,49,146,-13,196,-13" /><INIT seed="1,1,0,1,0,74" ten="407,277,133,183" oya="1" hai0="56,42,108,128,115,5,132,97,88,126,38,24,30" hai1="25,1,83,103,0,77,105,129,21,86,125,4,80" hai2="34,26,9,3,134,87,6,81,131,19,55,53,12" hai3="90,109,101,78,94,106,16,20,76,11,135,104,84"/><U73/><E125/><V22/><F134/><W89/><G135/><T113/><D128/><U133/><E129/><V70/><F70/><W93/><G11/><T122/><D108/><U28/><E133/><V121/><F121/><W46/><G46/><T50/><D122/><U51/><E4/><V69/><F69/><W111/><G16/><T27/><D126/><U124/><E124/><V7/><F7/><W41/><G20/><T116/><D116/><U23/><E23/><V15/><F15/><W29/><G41/><T71/><D71/><U99/><REACH who="1" step="1"/><E51/><REACH who="1" ten="407,267,133,183" step="2"/><V18/><F131/><W62/><G62/><T112/><D5/><U60/><E60/><V123/><F123/><W107/><G29/><T66/><D30/><U39/><E39/><V130/><F130/><W31/><G31/><T95/><D38/><U118/><E118/><V58/><F34/><W117/><G117/><T68/><D132/><U65/><E65/><V2/><F3/><W52/><G52/><N who="2" m="20041" /><F2/><W40/><G40/><T96/><D42/><U79/><AGARI ba="1,1" hai="0,1,21,25,28,73,77,79,80,83,86,99,103,105" machi="79" ten="20,18000,2" yaku="1,1,0,1,7,1,52,2,53,2" doraHai="74" doraHaiUra="33" who="1" fromWho="1" sc="407,-61,267,193,133,-61,183,-61" /><INIT seed="1,2,0,2,5,14" ten="346,460,72,122" oya="1" hai0="123,7,28,6,80,46,34,9,41,24,135,64,85" hai1="76,119,37,99,121,30,130,70,132,90,101,87,75" hai2="35,48,13,0,129,107,77,40,125,66,133,127,108" hai3="61,10,36,57,53,23,4,16,5,45,126,60,72"/><U106/><E70/><V96/><F0/><W44/><G72/><T56/><D135/><U84/><E37/><V115/><F35/><W113/><G113/><T117/><D117/><U62/><E30/><V105/><F115/><W73/><G73/><T38/><D123/><U131/><E62/><V128/><F108/><W25/><G126/><N who="2" m="48137" /><F77/><W71/><G71/><T26/><D26/><U8/><E8/><V110/><F110/><W95/><G36/><T104/><D104/><N who="2" m="40010" /><F66/><W124/><G124/><T31/><D31/><U2/><E2/><V89/><F13/><W18/><G61/><T78/><D56/><U29/><E29/><V42/><F48/><W97/><G5/><T100/><D100/><U81/><E121/><V58/><F58/><W69/><G69/><T22/><D64/><U32/><E32/><V79/><F79/><W92/><G92/><T20/><REACH who="0" step="1"/><D9/><REACH who="0" ten="336,460,72,122" step="2"/><U91/><E132/><V27/><F133/><W68/><G68/><T11/><D11/><U122/><E122/><V86/><F27/><W59/><G59/><T54/><D54/><U15/><E119/><V52/><F52/><W112/><G112/><T114/><D114/><U67/><E67/><V65/><F65/><W93/><G53/><T82/><D82/><N who="1" m="49431" /><E15/><V43/><F96/><W55/><G97/><T12/><D12/><U116/><E116/><V74/><F74/><W98/><G98/><T51/><D51/><U134/><E134/><V1/><F1/><W49/><G49/><T102/><D102/><U47/><E47/><V109/><F109/><W3/><G45/><T111/><D111/><RYUUKYOKU ba="2,1" sc="336,10,460,10,72,10,122,-30" hai0="6,7,20,22,24,28,34,38,41,46,78,80,85" hai1="75,76,81,87,91,99,101,106,130,131" hai2="40,42,43,86,89,128,129" /><INIT seed="1,3,1,4,1,97" ten="346,470,82,92" oya="1" hai0="6,5,28,31,19,116,41,94,107,101,32,38,63" hai1="129,39,13,71,114,121,3,84,48,60,80,17,2" hai2="18,106,42,68,81,15,108,7,11,122,27,49,91" hai3="34,44,59,26,65,53,87,103,25,61,10,29,124"/><U21/><E39/><V126/><F122/><W69/><G124/><T8/><D116/><U73/><E121/><V95/><F68/><W120/><G120/><T4/><D19/><U130/><E114/><V36/><F108/><W12/><G26/><T77/><D94/><U125/><E73/><V20/><F106/><W86/><G44/><T23/><D23/><U104/><E125/><V135/><F126/><W54/><G103/><T99/><D77/><U74/><E74/><V35/><F135/><W51/><G54/><T57/><D31/><U98/><E98/><V66/><F36/><W62/><G62/><T47/><D57/><U0/><E104/><V58/><F81/><W105/><G105/><T70/><D8/><U67/><REACH who="1" step="1"/><E48/><REACH who="1" ten="346,460,82,92" step="2"/><V22/><F49/><W55/><G55/><T46/><D99/><U110/><E110/><V134/><F134/><W37/><G37/><T82/><D107/><U111/><E111/><V43/><F35/><W93/><G93/><T90/><D38/><U123/><E123/><V16/><F66/><W119/><G119/><T52/><D32/><U76/><AGARI ba="3,2" hai="0,2,3,13,17,21,60,67,71,76,80,84,129,130" machi="76" ten="40,3900,0" yaku="1,1,0,1,53,0" doraHai="97" doraHaiUra="132" who="1" fromWho="1" sc="346,-16,460,68,82,-16,92,-16" /><INIT seed="1,4,0,2,3,108" ten="330,528,66,76" oya="1" hai0="94,3,100,111,61,75,45,104,67,97,8,70,23" hai1="90,121,129,87,29,128,103,101,79,133,82,114,35" hai2="2,105,20,95,122,19,48,34,36,72,118,89,96" hai3="42,14,93,59,69,9,98,64,17,76,13,6,50"/><U109/><E35/><V7/><F118/><W15/><G69/><T119/><D111/><U33/><E33/><V135/><F36/><W54/><G76/><T1/><D75/><U39/><E39/><V132/><F72/><W47/><G64/><T44/><D119/><U58/><E29/><V110/><F110/><W16/><G6/><T0/><D23/><U115/><E58/><V84/><F34/><W77/><G77/><T57/><D94/><N who="1" m="54623" /><E121/><V38/><F38/><W52/><G17/><T66/><REACH who="0" step="1"/><D8/><REACH who="0" ten="320,528,66,76" step="2"/><U81/><E109/><V27/><F122/><W125/><G125/><T117/><D117/><U112/><E133/><V83/><F135/><W24/><G24/><T46/><D46/><U63/><E81/><V31/><F132/><W85/><G85/><T43/><D43/><U73/><E63/><AGARI ba="4,1" hai="0,1,3,44,45,57,61,63,66,67,70,97,100,104" machi="63" ten="40,1300,0" yaku="1,1,53,0" doraHai="108" doraHaiUra="71" who="0" fromWho="1" sc="320,35,528,-25,66,0,76,0" /><INIT seed="2,0,0,1,0,100" ten="355,503,66,76" oya="2" hai0="47,122,118,108,26,72,49,77,105,82,73,135,24" hai1="35,127,17,37,80,15,91,8,96,113,50,9,60" hai2="65,51,34,32,5,119,58,75,23,114,42,41,128" hai3="63,106,56,93,132,39,30,117,104,46,4,7,85"/><V133/><F119/><W78/><G30/><T61/><D105/><U19/><E37/><V54/><F114/><W86/><G117/><T126/><D72/><U1/><E35/><V38/><F75/><W120/><G120/><T71/><D126/><U99/><E127/><V94/><F133/><W16/><G39/><T131/><D135/><U121/><E121/><V43/><F128/><W87/><G46/><T14/><D131/><U67/><E113/><V84/><F38/><W28/><G28/><T57/><D108/><U0/><E50/><V52/><F5/><W3/><G132/><T12/><D71/><U27/><E1/><V48/><F23/><W83/><G16/><T59/><D59/><U45/><E45/><V31/><F65/><W68/><G68/><T107/><D107/><U40/><E40/><V53/><F31/><W44/><G44/><T116/><D14/><U55/><E55/><V10/><F10/><W11/><G7/><T62/><D62/><U20/><E80/><V25/><F25/><W134/><G134/><T22/><D12/><U103/><E91/><V70/><F70/><W97/><G83/><T76/><D76/><U79/><E79/><V109/><F109/><W13/><G78/><T29/><D26/><U74/><E74/><V125/><F125/><W101/><REACH who="3" step="1"/><G3/><REACH who="3" ten="355,503,66,66" step="2"/><T81/><D81/><U115/><E115/><V21/><F58/><W88/><G88/><T98/><D122/><U18/><E0/><V124/><F124/><W110/><G110/><T64/><D118/><U123/><E123/><V2/><F2/><W130/><G130/><RYUUKYOKU ba="0,1" sc="355,-10,503,-10,66,-10,66,30" hai3="4,11,13,56,63,85,86,87,93,97,101,104,106" /><INIT seed="3,1,1,1,1,65" ten="345,493,56,96" oya="3" hai0="51,105,98,75,2,94,24,129,47,37,110,48,104" hai1="99,23,73,90,3,79,52,100,124,80,61,16,41" hai2="103,8,85,4,46,119,36,19,125,121,111,58,1" hai3="55,40,82,69,135,92,118,9,11,13,70,128,86"/><W83/><G118/><T27/><D110/><U0/><E124/><V91/><F119/><W88/><G40/><T42/><D129/><U74/><E41/><V56/><F111/><W43/><G43/><T71/><D71/><U96/><E74/><V28/><F121/><W21/><G128/><T89/><D75/><U95/><E61/><V123/><F123/><W7/><G9/><T38/><D2/><U20/><E20/><V29/><F125/><W35/><G35/><T72/><D72/><U63/><E63/><V107/><F107/><W106/><G106/><T59/><D105/><U67/><E67/><V5/><F103/><W112/><G112/><T14/><D104/><U54/><E0/><V77/><F77/><W30/><G55/><N who="0" m="32231" /><D38/><U130/><E130/><V66/><F4/><W113/><G113/><T15/><D37/><U132/><E132/><V6/><F5/><W97/><G135/><T93/><D93/><U78/><E78/><V68/><F19/><W39/><G39/><T131/><D131/><U53/><E3/><V26/><F36/><W116/><G116/><T81/><D81/><U45/><E96/><V62/><F46/><W64/><G64/><T84/><D98/><U101/><REACH who="1" step="1"/><E45/><REACH who="1" ten="345,483,56,96" step="2"/><V60/><F62/><W44/><G44/><T127/><D127/><U117/><E117/><V108/><F108/><W17/><G30/><N who="2" m="11881" /><F26/><AGARI ba="1,2" hai="14,15,24,26,27,42,47,51,84,89,94" m="32231" machi="26" ten="30,1000,0" yaku="8,1" doraHai="65" who="0" fromWho="2" sc="345,33,483,0,56,-13,96,0" /><AGARI ba="1,0" hai="16,23,26,52,53,54,73,79,80,90,95,99,100,101" machi="26" ten="40,5200,0" yaku="1,1,54,2,53,0" doraHai="65" doraHaiUra="133" who="1" fromWho="2" sc="378,0,483,52,43,-52,96,0" owari="378,18.0,535,63.0,-9,-51.0,96,-30.0" /></mjloggm>