<mjloggm ver="2.3"><GO type="97" lobby="0"/><UN n0="%E3%82%A6%E3%83%AB%E3%83%88%E3%83%A9%E7%AB%8B%E7%9B%B4" n1="%E3%82%84%E3%81%8D%E3%81%AB%E3%81%8F" n2="%E3%83%A1%E3%83%A9%E3%83%8B%E3%83%BC%43" n3="%E3%83%AA%E3%82%B3%E3%83%AB%E3%82%B9" dan="13,13,14,13" rate="1836.91,1851.03,2014.57,1895.55" sx="M,M,M,M"/><TAIKYOKU oya="0"/><INIT seed="0,0,0,3,2,36" ten="250,250,250,250" oya="0" hai0="119,28,94,38,3,87,63,82,109,26,100,54,48" hai1="113,93,50,13,46,21,39,27,131,62,129,97,5" hai2="98,33,37,79,128,122,123,127,53,88,73,92,43" hai3="52,35,18,74,61,90,81,34,132,2,15,32,102"/><T135/><D3/><U44/><E113/><V80/><F33/><W4/><G132/><T84/><D38/><U24/><E39/><V110/><F127/><W67/><G102/><T121/><D121/><U95/><E5/><V111/><F128/><W117/><G117/><T99/><D119/><U86/><E86/><N who="2" m="52247" /><F53/><W45/><G2/><T112/><D109/><N who="2" m="41482" /><F98/><W68/><G4/><T130/><D135/><U25/><E97/><V101/><F101/><W96/><G74/><T118/><D118/><U115/><E62/><V72/><F72/><W14/><G14/><T8/><D130/><U77/><E77/><V6/><F6/><W125/><G125/><T106/><D112/><U66/><E66/><V20/><F20/><W105/><G105/><T64/><D106/><U78/><E78/><V91/><F91/><W49/><G96/><T11/><D87/><U56/><E21/><V19/><F19/><W0/><G0/><T71/><D84/><U134/><E134/><V59/><F59/><W107/><G107/><T7/><D82/><U75/><E75/><V47/><AGARI ba="0,0" hai="37,43,47,73,79,80,122,123" m="41482,52247" machi="47" ten="30,4000,0" yaku="14,1,52,1,54,1" doraHai="36" who="2" fromWho="2" sc="250,-20,250,-10,250,40,250,-10" /><INIT seed="1,0,0,5,3,91" ten="230,240,290,240" oya="1" hai0="11,44,106,39,111,38,40,17,35,127,80,121,76" hai1="43,85,86,99,90,133,115,16,107,102,75,28,8" hai2="83,73,119,97,135,114,15,49,96,27,61,131,51" hai3="23,25,94,122,6,130,19,125,66,4,69,22,1"/><U59/><E28/><V63/><F119/><W101/><G122/><T34/><D121/><U95/><E43/><V9/><F114/><W88/><G125/><T77/><D127/><U74/><E115/><V117/><F117/><W92/><G130/><T7/><D111/><U50/><E133/><V67/><F135/><W84/><G69/><T26/><D77/><U33/><E33/><V12/><F131/><W134/><G66/><T116/><D116/><U81/><E50/><V0/><F0/><W55/><G1/><T64/><D64/><U2/><E59/><V60/><F67/><W124/><G124/><T58/><D58/><U89/><E2/><V118/><F118/><W108/><G108/><T128/><D128/><U126/><E126/><V71/><F71/><W120/><G120/><T41/><D106/><U98/><E16/><N who="2" m="8207" /><F27/><N who="3" m="14815" /><G55/><T112/><D112/><U123/><E123/><V53/><F73/><N who="1" m="27657" /><E8/><V72/><F72/><W31/><G134/><T42/><D35/><U18/><E18/><V68/><F68/><W3/><G3/><T103/><D34/><U52/><E52/><V37/><F37/><W113/><G113/><T54/><D39/><U79/><E99/><AGARI ba="0,0" hai="4,6,23,25,31,84,88,92,94,99,101" m="14815" machi="99" ten="30,7700,0" yaku="8,1,52,2,54,1" doraHai="91" who="3" fromWho="1" sc="230,0,240,-77,290,0,240,77" /><INIT seed="2,0,0,4,1,18" ten="230,163,290,317" oya="2" hai0="83,85,73,117,28,108,17,3,118,39,123,36,8" hai1="134,69,11,46,107,30,105,5,44,90,94,91,29" hai2="22,31,32,53,93,47,120,100,51,110,59,129,112" hai3="14,78,26,89,66,61,21,6,72,50,33,64,63"/><V84/><F112/><W40/><G33/><T23/><D73/><U42/><E69/><V15/><F120/><W55/><G40/><T127/><D108/><U45/><E42/><V67/><F110/><W68/><G72/><T98/><D98/><U41/><E41/><V80/><F32/><W102/><G102/><T81/><D123/><U101/><E101/><V49/><F129/><W13/><G78/><T131/><D28/><U71/><E71/><V34/><F34/><W115/><G89/><T109/><D109/><U54/><E11/><V76/><F67/><N who="3" m="41071" /><G115/><T113/><D113/><U119/><E54/><N who="2" m="30015" /><F100/><W27/><G55/><T79/><D83/><U121/><E121/><V62/><F93/><W9/><G64/><T37/><D131/><U60/><E60/><V20/><F31/><W1/><G63/><T10/><D127/><U86/><E45/><V132/><F132/><W87/><G66/><T0/><D0/><U95/><E134/><V106/><F106/><W103/><G1/><T25/><REACH who="0" step="1"/><D3/><REACH who="0" ten="220,163,290,317" step="2"/><U24/><E5/><V52/><F15/><W38/><G13/><T130/><D130/><U57/><E57/><AGARI ba="0,1" hai="20,22,51,52,53,57,59,62,76,80,84" m="30015" machi="57" ten="30,11600,0" yaku="8,1,52,2,54,1" doraHai="18" who="2" fromWho="1" sc="220,0,163,-116,290,126,317,0" /><INIT seed="2,1,0,5,5,56" ten="220,47,416,317" oya="2" hai0="42,133,17,97,19,124,134,67,63,131,104,117,75" hai1="1,132,106,38,77,86,123,88,20,49,127,14,10" hai2="122,46,39,41,128,28,32,89,101,59,50,23,115" hai3="51,2,66,109,74,102,118,87,8,43,6,13,53"/><V85/><F115/><W100/><G74/><T64/><D75/><U16/><E38/><V107/><F122/><W70/><G118/><T15/><D117/><U130/><E106/><V24/><F128/><W40/><G109/><T61/><D42/><U48/><E130/><V116/><F116/><W71/><G2/><T76/><D76/><U21/><E127/><V83/><F101/><N who="3" m="39019" /><G70/><T30/><D30/><U114/><E114/><V58/><F107/><W0/><G0/><T82/><D82/><U52/><E49/><V54/><F32/><W25/><G71/><T120/><D131/><U98/><E132/><N who="0" m="50793" /><D120/><U103/><E77/><V96/><F96/><W112/><G66/><N who="0" m="25131" /><D124/><U29/><E123/><V93/><F83/><W31/><G87/><T62/><D15/><U57/><E1/><V81/><F81/><W80/><G80/><T119/><D119/><U34/><E34/><V4/><F4/><W84/><G84/><T94/><D104/><U108/><E108/><V99/><F85/><W26/><G112/><T79/><D79/><U44/><E44/><AGARI ba="1,0" hai="23,24,28,39,41,44,46,50,54,58,59,89,93,99" machi="44" ten="30,1500,0" yaku="7,1" doraHai="56" who="2" fromWho="1" sc="220,0,47,-18,416,18,317,0" /><INIT seed="2,2,0,5,5,31" ten="220,29,434,317" oya="2" hai0="47,105,32,115,7,40,53,74,67,78,81,126,106" hai1="43,10,21,112,122,109,104,90,23,125,68,127,76" hai2="135,44,83,130,58,107,49,82,16,98,56,66,75" hai3="103,85,20,60,51,101,116,108,94,38,17,13,46"/><V114/><F114/><W8/><G116/><T50/><D115/><U12/><E43/><V6/><F6/><W88/><G38/><T100/><D126/><N who="1" m="48139" /><E90/><V36/><F36/><W19/><G108/><T95/><D67/><U77/><E77/><V119/><F119/><W80/><G60/><T34/><D53/><U132/><E76/><V48/><F75/><W15/><REACH who="3" step="1"/><G94/><REACH who="3" ten="220,29,434,307" step="2"/><T52/><D95/><U134/><E104/><V84/><F107/><W70/><G70/><T69/><D69/><U87/><E87/><V14/><F98/><W117/><G117/><T71/><D71/><U102/><E102/><V118/><F118/><W79/><G79/><T26/><D105/><U96/><E96/><V29/><F84/><W92/><G92/><T18/><D100/><U133/><E68/><V59/><F66/><W72/><G72/><T93/><D106/><U4/><E112/><V30/><F83/><W86/><G86/><T110/><D93/><U24/><E109/><V35/><F82/><W121/><G121/><T61/><D110/><U45/><E45/><V33/><F44/><W22/><G22/><N who="1" m="8202" /><E24/><V64/><F64/><W5/><G5/><T65/><D7/><U2/><E122/><V124/><F124/><W1/><G1/><AGARI ba="2,1" hai="1,2,4,10,12,132,133,134" m="8202,48139" machi="1" ten="40,8000,1" yaku="20,1,18,1,34,2" doraHai="31" who="1" fromWho="3" sc="220,0,29,96,434,0,307,-86" /><INIT seed="3,0,0,2,4,82" ten="220,125,434,221" oya="3" hai0="5,54,61,39,2,42,45,10,15,16,99,101,37" hai1="53,1,110,116,126,135,52,26,133,23,122,132,32" hai2="22,120,72,125,59,71,63,86,51,38,96,19,92" hai3="76,40,65,134,14,123,56,30,48,103,121,6,46"/><W36/><G134/><T0/><D39/><U108/><E32/><V81/><F72/><W111/><G103/><T68/><D5/><U66/><E1/><V100/><F38/><W118/><G30/><T41/><D41/><U49/><E122/><V75/><F75/><W27/><G27/><T4/><D4/><U113/><E23/><V12/><F71/><W7/><G118/><T95/><D68/><U109/><E26/><V85/><F120/><W87/><G111/><T105/><D61/><U33/><E33/><V73/><F125/><W62/><G121/><T130/><D130/><U21/><E21/><V94/><F51/><W102/><G102/><T129/><D129/><U107/><E107/><V98/><F73/><W69/><G14/><T128/><D128/><U25/><E25/><V8/><F81/><N who="3" m="47527" /><G123/><T74/><D74/><U24/><E24/><V67/><F22/><W115/><G115/><T60/><D105/><U112/><E66/><V79/><F79/><W104/><G104/><T13/><D13/><U64/><E64/><V50/><F50/><W91/><G91/><AGARI ba="0,0" hai="8,12,19,59,63,67,85,86,91,92,94,96,98,100" machi="91" ten="30,7700,0" yaku="7,1,8,1,52,2" doraHai="82" who="2" fromWho="3" sc="220,0,125,0,434,77,221,-77" owari="220,2.0,125,-37.0,511,61.0,144,-26.0" /></mjloggm>