<mjloggm ver="2.3"><GO type="97" lobby="0"/><UN n0="%E3%83%8B%E3%83%A3%E3%83%AB%E3%83%A9%E3%83%88%E3%83%9B%E3%83%86%E3%83%97" n1="%E3%82%A6%E3%83%AB%E3%83%88%E3%83%A9%E7%AB%8B%E7%9B%B4" n2="%E6%A1%94%E6%A2%97%E5%B1%8B" n3="%E5%9B%BD%E5%B0%82" dan="13,13,14,14" rate="1900.89,1873.00,1962.48,1983.82" sx="M,M,F,M"/><TAIKYOKU oya="0"/><INIT seed="0,0,0,1,5,28" ten="250,250,250,250" oya="0" hai0="84,109,134,24,133,92,82,51,50,96,2,66,83" hai1="0,18,36,102,55,54,80,99,4,106,93,89,108" hai2="97,32,25,61,88,100,110,118,112,130,111,77,75" hai3="122,107,113,121,11,59,105,22,71,13,10,3,19"/><T76/><D2/><U27/><E36/><V64/><F112/><W124/><G113/><T39/><D39/><U40/><E108/><N who="2" m="41515" /><F130/><W8/><G71/><T123/><D109/><U65/><E40/><V85/><F118/><W129/><G129/><T67/><D123/><N who="3" m="47113" /><G124/><T38/><D38/><U26/><E65/><N who="0" m="24585" /><D24/><U74/><E4/><V21/><F75/><W72/><G72/><T63/><D63/><U60/><E0/><V49/><F49/><N who="0" m="18442" /><D76/><N who="1" m="44055" /><E60/><V12/><F77/><W127/><G59/><T17/><D84/><N who="1" m="52391" /><E18/><V33/><F12/><N who="3" m="9575" /><G127/><T101/><D17/><U34/><E26/><V57/><F21/><W45/><G3/><T53/><D53/><U43/><E43/><V23/><F23/><W135/><G13/><T104/><D104/><U128/><E128/><V81/><F25/><W95/><G105/><AGARI ba="0,0" hai="32,33,57,61,64,81,85,88,97,100,105" m="41515" machi="105" ten="30,7700,0" yaku="14,1,52,2,54,1" doraHai="28" who="2" fromWho="3" sc="250,0,250,0,250,77,250,-77" /><INIT seed="1,0,0,1,2,132" ten="250,250,327,173" oya="1" hai0="64,61,135,128,51,52,134,127,70,107,124,66,97" hai1="91,19,44,62,47,109,41,17,57,110,59,56,81" hai2="108,116,8,65,29,101,27,88,33,106,1,80,105" hai3="16,32,11,48,92,71,54,60,103,87,102,45,12"/><U129/><E129/><V36/><F116/><W58/><G32/><T28/><D28/><U83/><E62/><V30/><F30/><W120/><G120/><T25/><D25/><U39/><E91/><V115/><F36/><W76/><G71/><T34/><D34/><U125/><E41/><V122/><F122/><W79/><G79/><T15/><D15/><U78/><E78/><V74/><F108/><N who="1" m="41577" /><E39/><V22/><F74/><W68/><G68/><T4/><D4/><U6/><E6/><V130/><F130/><W89/><REACH who="3" step="1"/><G76/><REACH who="3" ten="250,250,327,163" step="2"/><T69/><D128/><U53/><E53/><AGARI ba="0,1" hai="11,12,16,45,48,53,54,58,60,87,89,92,102,103" machi="53" ten="30,12000,2" yaku="1,1,2,1,7,1,8,1,54,1,53,1" doraHai="132" doraHaiUra="82" who="3" fromWho="1" sc="250,0,250,-120,327,0,163,130" /><INIT seed="2,0,0,0,4,86" ten="250,130,327,293" oya="2" hai0="7,16,67,73,61,10,36,50,69,63,17,111,5" hai1="99,1,54,19,135,53,83,74,14,18,26,106,9" hai2="25,40,128,32,108,47,78,15,134,110,96,4,34" hai3="102,129,24,114,117,3,56,133,84,42,95,71,68"/><V35/><F78/><W115/><G3/><T59/><D73/><U38/><E38/><V101/><F134/><W8/><G117/><T119/><D36/><U76/><E1/><V94/><F25/><W77/><G42/><T90/><D119/><U103/><E135/><V27/><F27/><W13/><G133/><T22/><D50/><U132/><E132/><V21/><F128/><W39/><G39/><T92/><D111/><N who="2" m="42538" /><F4/><N who="3" m="3207" /><G24/><T57/><D69/><U37/><E37/><N who="2" m="21903" /><F21/><W89/><G129/><T44/><D44/><U58/><E58/><V70/><F15/><W131/><G131/><T45/><D45/><U116/><E116/><V97/><F97/><N who="3" m="59711" /><G77/><T12/><D5/><U130/><E130/><V55/><F55/><W124/><G56/><T98/><REACH who="0" step="1"/><D22/><REACH who="0" ten="240,130,327,293" step="2"/><U41/><E41/><V79/><F70/><W91/><G68/><T0/><D0/><U65/><E65/><AGARI ba="0,1" hai="7,10,12,16,17,57,59,61,63,65,67,90,92,98" machi="65" ten="30,12000,2" yaku="1,1,7,1,9,1,8,1,52,1,54,1,53,0" doraHai="86" doraHaiUra="104" who="0" fromWho="1" sc="240,130,130,-120,327,0,293,0" /><INIT seed="3,0,0,0,1,113" ten="370,10,327,293" oya="3" hai0="37,11,134,79,16,117,9,96,66,60,92,77,40" hai1="20,69,18,102,131,35,59,97,83,52,38,81,53" hai2="32,44,129,50,126,46,93,76,130,14,28,80,89" hai3="67,15,43,99,110,36,5,124,107,116,86,19,13"/><W75/><G124/><T34/><D34/><U47/><E35/><V100/><F100/><W61/><G75/><T25/><D134/><U62/><E69/><V54/><F126/><W127/><G127/><T115/><D115/><U70/><E70/><V135/><F135/><W29/><G29/><T118/><D37/><U98/><E131/><N who="2" m="50187" /><F14/><W0/><G0/><T78/><D40/><U21/><E38/><V31/><F44/><W71/><G43/><T41/><D41/><U90/><E47/><V45/><F45/><W109/><G36/><T57/><D11/><U3/><E3/><V120/><F120/><W63/><G61/><T17/><D17/><U64/><E64/><V104/><F104/><W121/><G121/><T10/><D10/><U94/><E62/><V22/><F22/><N who="3" m="11647" /><G86/><T128/><D128/><U87/><E87/><N who="2" m="52415" /><F32/><W85/><G85/><AGARI ba="0,0" hai="28,31,46,50,54,76,80,85" m="52415,50187" machi="85" ten="30,1000,0" yaku="19,1" doraHai="113" who="2" fromWho="3" sc="370,0,10,0,327,10,293,-10" owari="370,47.0,10,-49.0,337,14.0,283,-12.0" /></mjloggm>