<mjloggm ver="2.3"><GO type="97" lobby="0"/><UN n0="%E3%82%A6%E3%83%AB%E3%83%88%E3%83%A9%E7%AB%8B%E7%9B%B4" n1="%65%EF%BC%BE%63%5F%2C%EF%BC%BE%64" n2="%53%47%59%4D%48%52%4B%31" n3="%68%75%6D%69%68%75%6D%69" dan="13,14,15,13" rate="1904.85,1931.12,2011.19,1883.73" sx="M,M,M,M"/><TAIKYOKU oya="0"/><INIT seed="0,0,0,5,4,61" ten="250,250,250,250" oya="0" hai0="11,20,67,18,123,44,75,120,83,54,133,115,5" hai1="114,82,2,63,103,108,47,121,35,53,50,21,105" hai2="43,55,113,52,85,46,60,86,36,89,79,0,96" hai3="59,106,9,16,91,119,111,13,107,7,29,45,76"/><T27/><D115/><U98/><E35/><V1/><F113/><W87/><G111/><T25/><D25/><U72/><E114/><V97/><F79/><W66/><G119/><T116/><D116/><U51/><E121/><V81/><F86/><W73/><G76/><T124/><D124/><U38/><E2/><V94/><F97/><W39/><G73/><T69/><D133/><U8/><E108/><V64/><F0/><W26/><G7/><T100/><D100/><U40/><E8/><V117/><F1/><W77/><G77/><T71/><D83/><U112/><E112/><V24/><F24/><W6/><G6/><T68/><D75/><U49/><E72/><V118/><F118/><W95/><G39/><T126/><D126/><U99/><E82/><V17/><F17/><W80/><G95/><T56/><D44/><U22/><E99/><V23/><F23/><W127/><G127/><T33/><D33/><U41/><E41/><V128/><F128/><W65/><G45/><T134/><D134/><U101/><E101/><N who="2" m="60567" /><F117/><W132/><G132/><T31/><D18/><U34/><E34/><V3/><F3/><W15/><G15/><T14/><REACH who="0" step="1"/><D67/><REACH who="0" ten="240,250,250,250" step="2"/><U48/><E47/><V12/><F46/><W125/><G125/><T37/><D37/><U102/><E102/><V4/><F36/><W19/><G65/><T58/><D58/><N who="1" m="35279" /><E38/><V74/><F74/><W10/><G66/><T78/><D78/><U122/><E122/><V62/><F64/><W42/><G59/><T90/><D90/><U110/><E110/><V30/><F89/><W92/><G80/><RYUUKYOKU ba="0,1" sc="240,15,250,15,250,-15,250,-15" hai0="5,11,14,20,27,31,54,56,68,69,71,120,123" hai1="21,22,40,48,49,50,51,98,103,105" /><INIT seed="0,1,1,4,4,113" ten="255,265,235,235" oya="0" hai0="43,36,83,87,106,73,135,91,46,7,17,10,93" hai1="15,117,77,12,31,33,59,4,90,122,75,1,25" hai2="11,63,20,51,42,0,105,54,26,19,16,41,45" hai3="89,52,38,30,95,112,101,99,114,50,29,14,76"/><T109/><D135/><U56/><E122/><V67/><F105/><W3/><G3/><T85/><D109/><U55/><E117/><V61/><F0/><W82/><G38/><T94/><D106/><U2/><E90/><V127/><F127/><W129/><G129/><T79/><D17/><U123/><E123/><V92/><F92/><W111/><G111/><T115/><D115/><U21/><E15/><N who="2" m="7295" /><F67/><W34/><G14/><T118/><D118/><U13/><E13/><V24/><F24/><W48/><G48/><T131/><D131/><U119/><E119/><V125/><F125/><W18/><G18/><T65/><D65/><U84/><E75/><V132/><F132/><W128/><G128/><T58/><D58/><U49/><E59/><V70/><F70/><W32/><G32/><T103/><D103/><U96/><E33/><V47/><F47/><W71/><G71/><T5/><D10/><N who="1" m="4167" /><E2/><V37/><F37/><W57/><G101/><T72/><D72/><U108/><E1/><V35/><F35/><W100/><G100/><T133/><D133/><U120/><E108/><V104/><F104/><W60/><G50/><T44/><D44/><U130/><E120/><V88/><F88/><AGARI ba="1,1" hai="5,7,36,43,46,73,79,83,85,87,88,91,93,94" machi="88" ten="40,3900,0" yaku="9,1,54,1" doraHai="113" who="0" fromWho="2" sc="255,52,265,0,235,-42,235,0" /><INIT seed="0,2,0,1,1,83" ten="307,265,193,235" oya="0" hai0="48,17,7,129,78,55,65,128,45,32,112,44,98" hai1="18,46,29,96,77,2,63,30,89,119,86,12,106" hai2="95,20,81,80,114,59,43,57,72,87,105,9,107" hai3="100,133,94,132,120,56,1,113,51,124,99,109,58"/><T27/><D7/><U97/><E2/><V15/><F114/><W66/><G109/><T131/><D112/><U26/><E119/><V4/><F72/><W24/><G124/><T37/><D65/><U8/><E77/><V31/><F107/><W73/><G120/><T121/><D121/><U82/><E106/><V14/><F105/><W28/><G113/><T47/><D98/><U90/><E63/><V39/><F39/><W0/><G73/><T126/><D126/><U5/><E46/><V16/><F43/><W61/><G51/><T125/><D125/><U108/><E108/><V103/><F31/><N who="1" m="11785" /><E89/><N who="2" m="53695" /><F103/><W85/><G56/><AGARI ba="2,0" hai="4,9,14,15,16,20,56,57,59,80,81" m="53695" machi="56" ten="30,3900,0" yaku="8,1,52,1,54,1" doraHai="83" who="2" fromWho="3" sc="307,0,265,0,193,45,235,-45" /><INIT seed="1,0,0,5,3,40" ten="307,265,238,190" oya="1" hai0="92,88,113,64,73,94,65,114,85,41,45,54,53" hai1="25,50,31,39,127,71,9,13,29,1,121,34,120" hai2="47,27,52,30,68,115,124,61,11,66,108,2,109" hai3="23,97,51,70,74,107,43,28,133,55,62,5,104"/><U67/><E39/><V93/><F124/><W131/><G131/><T122/><D73/><U35/><E127/><V21/><F115/><W6/><G133/><T96/><D122/><U111/><E1/><V81/><F93/><W15/><G74/><T60/><D113/><U132/><E132/><V130/><F130/><W44/><G104/><T129/><D114/><U134/><E134/><V38/><F81/><W10/><G107/><T76/><D76/><U80/><E80/><V16/><F2/><W7/><G97/><T103/><D129/><U4/><E50/><V58/><F11/><W118/><G118/><T123/><D123/><U3/><E13/><V49/><F30/><W78/><G78/><T46/><D41/><AGARI ba="0,0" hai="16,21,27,38,41,47,49,52,58,61,66,68,108,109" machi="41" ten="40,8000,1" yaku="24,2,52,1,54,2" doraHai="40" who="2" fromWho="0" sc="307,-80,265,0,238,80,190,0" /><INIT seed="2,0,0,1,0,40" ten="227,265,318,190" oya="2" hai0="99,133,28,22,82,78,9,63,89,50,75,91,120" hai1="103,118,37,61,110,113,76,95,108,52,42,25,129" hai2="74,2,88,41,17,15,12,8,65,45,0,38,109" hai3="107,86,92,7,79,72,87,94,47,32,121,132,128"/><V33/><F74/><W4/><G32/><T123/><D9/><U116/><E76/><V112/><F33/><W6/><G121/><N who="0" m="46667" /><D50/><U73/><E73/><V5/><F112/><W69/><G132/><T84/><D22/><U106/><E106/><V114/><F114/><W48/><G128/><T18/><D18/><U39/><E113/><V51/><F109/><N who="1" m="42089" /><E25/><V49/><F65/><W77/><G107/><T58/><D58/><N who="1" m="35015" /><E129/><V16/><F88/><N who="0" m="33866" /><D63/><U35/><E35/><V131/><F131/><W23/><G69/><T119/><D28/><U124/><E124/><V134/><F134/><W68/><G68/><T66/><D66/><U81/><E81/><V102/><F102/><W67/><G67/><T30/><D30/><U24/><E24/><V59/><F59/><W80/><G23/><T100/><D133/><U97/><E39/><V54/><F54/><W27/><G27/><T126/><D126/><U31/><E31/><V26/><F26/><W44/><G72/><T46/><D75/><U62/><E62/><V85/><F0/><W83/><G48/><T122/><N who="0" m="46675" /><T36/><DORA hai="29" /><D36/><U20/><E20/><V104/><F2/><W34/><REACH who="3" step="1"/><G34/><REACH who="3" ten="227,265,318,180" step="2"/><T14/><D119/><U96/><E118/><V93/><F49/><W71/><G71/><T64/><D64/><U117/><E117/><V70/><F70/><W135/><G135/><T11/><D11/><U55/><E116/><V19/><F51/><W105/><G105/><N who="0" m="63647" /><D46/><AGARI ba="0,1" hai="4,6,7,44,46,47,77,79,80,83,86,87,92,94" machi="46" ten="40,12000,2" yaku="1,1,9,1,8,1,52,3,53,0" doraHai="40,29" doraHaiUra="53,125" who="3" fromWho="0" sc="227,-120,265,0,318,0,180,130" /><INIT seed="3,0,0,3,5,83" ten="107,265,318,310" oya="3" hai0="77,113,0,28,35,26,96,129,100,105,122,9,91" hai1="33,69,3,43,94,74,4,13,120,112,7,90,29" hai2="117,79,107,118,124,111,19,36,92,23,95,38,82" hai3="121,70,66,130,125,53,81,39,67,119,24,45,97"/><W89/><G119/><T75/><D122/><U21/><E120/><V47/><F107/><W128/><G121/><T40/><D91/><U109/><E112/><V72/><F124/><W55/><G125/><T84/><D84/><U102/><E109/><V103/><F111/><W131/><G24/><T71/><D129/><U27/><E74/><V68/><F68/><W58/><G70/><T108/><D108/><U104/><E3/><V132/><F132/><W6/><G6/><T106/><D113/><U32/><E69/><V64/><F64/><W1/><G1/><T59/><D59/><U20/><E43/><V15/><F95/><N who="3" m="56559" /><G81/><T110/><D110/><U85/><E33/><V41/><REACH who="2" step="1"/><F38/><REACH who="2" ten="107,265,308,310" step="2"/><W10/><G39/><T48/><D71/><U18/><REACH who="1" step="1"/><E32/><REACH who="1" ten="107,255,308,310" step="2"/><V44/><F44/><W46/><G45/><T61/><D106/><U51/><E51/><V17/><F17/><W126/><G46/><T52/><D48/><U123/><E123/><V62/><F62/><W73/><G128/><T50/><D61/><U49/><E49/><V88/><F88/><W25/><G130/><T114/><D114/><U127/><E127/><V54/><F54/><W42/><G131/><T11/><D40/><U57/><E57/><V86/><F86/><W34/><G126/><T5/><D50/><U116/><E116/><V2/><F2/><W134/><G42/><T14/><D52/><U12/><E12/><V37/><F37/><W80/><G53/><T101/><D14/><U22/><E22/><V87/><F87/><W99/><G55/><T65/><D65/><U16/><E16/><RYUUKYOKU ba="0,2" sc="107,-15,255,15,308,15,310,-15" hai1="4,7,13,18,20,21,27,29,85,90,94,102,104" hai2="15,19,23,36,41,47,72,79,82,92,103,117,118" owari="92,-41.0,270,-13.0,343,44.0,295,10.0" /></mjloggm>