<mjloggm ver="2.3"><GO type="41" lobby="0"/><UN n0="%E5%B0%B1%E6%B4%BB%E7%94%9F%40%E5%B7%9D%E6%9D%91%E8%BB%8D%E5%9B%A3" n1="%E2%98%86%E5%BC%A5%E4%B8%83%E2%98%86" n2="%48%79%6C%61" n3="%6D%63%6D%6C%33%78%76" dan="15,16,15,13" rate="2008.72,2033.44,2039.31,2003.19" sx="M,M,M,M"/><TAIKYOKU oya="0"/><INIT seed="0,0,0,1,3,24" ten="250,250,250,250" oya="0" hai0="64,44,80,94,70,86,98,29,99,23,82,15,34" hai1="87,28,4,96,61,133,109,134,89,101,42,110,38" hai2="22,17,135,50,120,37,112,123,84,1,16,2,121" hai3="124,33,97,25,62,78,113,77,52,69,27,21,51"/><T55/><D34/><U127/><E4/><V35/><F37/><W102/><G113/><T48/><D70/><U7/><E7/><V100/><F112/><W14/><G124/><T74/><D64/><U49/><E38/><V45/><F100/><W13/><G13/><T71/><D71/><U12/><E127/><V9/><F35/><W67/><G14/><T119/><D119/><U104/><E61/><V105/><F105/><W116/><G116/><T39/><D74/><U59/><E12/><V129/><F129/><W111/><G111/><N who="1" m="42506" /><E59/><V57/><F57/><W68/><G68/><T43/><D82/><N who="1" m="49399" /><E28/><V32/><F32/><W31/><G25/><N who="0" m="16575" /><D39/><U8/><E8/><V108/><F108/><W91/><G21/><T20/><D94/><U75/><E75/><V125/><F9/><W5/><G91/><N who="0" m="51655" /><D43/><U0/><E0/><V72/><F72/><W6/><G6/><T79/><D79/><U19/><E19/><AGARI ba="0,0" hai="15,19,20,44,48,55,98,99" m="51655,16575" machi="19" ten="30,2900,0" yaku="8,1,52,1" doraHai="24" who="0" fromWho="1" sc="250,29,250,-29,250,0,250,0" /><INIT seed="0,1,0,1,2,17" ten="279,221,250,250" oya="0" hai0="69,75,30,32,20,71,24,8,84,36,3,111,22" hai1="15,106,96,41,110,21,0,117,112,82,28,34,16" hai2="9,11,116,59,44,104,48,1,121,105,4,43,119" hai3="73,107,77,94,58,60,37,52,57,92,113,7,46"/><T23/><D75/><U74/><E117/><V135/><F121/><W79/><G113/><T25/><D36/><U53/><E110/><V49/><F11/><W131/><G107/><T33/><D111/><U81/><E112/><V61/><F49/><W133/><G131/><T129/><D129/><U102/><E74/><V93/><F93/><W65/><G133/><T45/><D45/><U6/><E41/><V120/><F120/><W38/><G38/><T80/><D3/><U83/><E53/><V67/><REACH who="2" step="1"/><F135/><REACH who="2" ten="279,221,240,250" step="2"/><W89/><G92/><T70/><D8/><N who="1" m="2119" /><E81/><V99/><F99/><W26/><G94/><T134/><D134/><U50/><E50/><V19/><F19/><W115/><G37/><T54/><D54/><U86/><E86/><V85/><F85/><W123/><G52/><T72/><D72/><U13/><E13/><V132/><F132/><W27/><G73/><T14/><D14/><U64/><E83/><V130/><F130/><W128/><G128/><T91/><REACH who="0" step="1"/><D33/><REACH who="0" ten="269,221,240,250" step="2"/><U87/><E34/><V88/><F88/><W66/><G89/><T97/><D97/><U108/><E15/><V124/><F124/><W125/><G125/><T101/><D101/><U122/><E96/><V126/><F126/><W114/><G114/><T47/><D47/><U56/><E102/><V5/><F5/><W2/><G46/><T12/><D12/><U127/><E127/><V31/><F31/><AGARI ba="1,2" hai="20,22,23,24,25,30,31,32,69,70,71,80,84,91" machi="31" ten="40,12000,1" yaku="1,1,52,3,53,0" doraHai="17" doraHaiUra="109" who="0" fromWho="2" sc="269,143,221,0,240,-123,250,0" /><INIT seed="0,2,0,5,0,129" ten="412,221,117,250" oya="0" hai0="16,74,66,51,105,113,17,100,36,112,22,1,118" hai1="81,60,50,29,72,12,77,71,103,35,96,80,48" hai2="115,68,2,47,86,128,108,73,26,84,27,135,104" hai3="31,30,106,125,58,67,7,0,70,83,21,120,10"/><T34/><D36/><U9/><E35/><V55/><F115/><W76/><G120/><T19/><D34/><U13/><E29/><V59/><F73/><W131/><G106/><T18/><D74/><U85/><E71/><V52/><F104/><W62/><G70/><T53/><D1/><U8/><E60/><V43/><F2/><W44/><G131/><T75/><D75/><U99/><E72/><V20/><F68/><W56/><G125/><T38/><D66/><U69/><E69/><V93/><F108/><W116/><G116/><T32/><D32/><U107/><E96/><V123/><F123/><W98/><G98/><T92/><D38/><U49/><E80/><V110/><F110/><W64/><G21/><T117/><D105/><U90/><E77/><V23/><F93/><W124/><G124/><T111/><D92/><U45/><E45/><V119/><F119/><W57/><G57/><T94/><D111/><U25/><E25/><V79/><F79/><W102/><G102/><T130/><D130/><U97/><E97/><V33/><F33/><W28/><G44/><T40/><D40/><U134/><E9/><V39/><F39/><W24/><G58/><T133/><D118/><U37/><E37/><V61/><F43/><W114/><G67/><T91/><D117/><U95/><E107/><V88/><F47/><W89/><G114/><T82/><D100/><U109/><E109/><V122/><F122/><W87/><G76/><T121/><D113/><U78/><E78/><V14/><F128/><W6/><G6/><T65/><N who="0" m="4608" /><DORA hai="4" /><T5/><D112/><RYUUKYOKU ba="2,0" sc="412,-10,221,-10,117,-10,250,30" hai3="0,7,10,24,28,30,31,56,62,64,83,87,89" /><INIT seed="1,3,0,3,2,34" ten="402,211,107,280" oya="1" hai0="41,45,132,103,19,99,84,92,48,126,93,18,121" hai1="94,49,123,109,50,115,83,35,75,65,117,63,76" hai2="61,74,22,25,13,134,52,46,87,101,60,81,0" hai3="5,11,40,55,78,100,2,69,58,89,90,29,30"/><U9/><E123/><V53/><F74/><W68/><G90/><N who="0" m="53319" /><D121/><U118/><E115/><V95/><F134/><W59/><G59/><T116/><D116/><U133/><E133/><V14/><F0/><W3/><G40/><T107/><D107/><U7/><E35/><V51/><F95/><W124/><G124/><T127/><D132/><U96/><E109/><V6/><F101/><W4/><G78/><T130/><D130/><U39/><E39/><V64/><F53/><W77/><G77/><T91/><D127/><U8/><E8/><V80/><F6/><W108/><G108/><T36/><D36/><U71/><E118/><V131/><F131/><W88/><G100/><T119/><D119/><U97/><E117/><V27/><F27/><W20/><G58/><T28/><D28/><U38/><E38/><V31/><F80/><W54/><G20/><T86/><D126/><U112/><E112/><V73/><F73/><W32/><G11/><T16/><D103/><U67/><E67/><V57/><REACH who="2" step="1"/><F61/><REACH who="2" ten="402,211,97,280" step="2"/><W56/><G32/><T12/><D99/><U104/><E104/><V10/><F10/><AGARI ba="3,1" hai="10,12,16,18,19,41,45,48,86,91,93" m="53319" machi="10" ten="30,2000,0" yaku="8,1,54,1" doraHai="34" who="0" fromWho="2" sc="402,39,211,0,97,-29,280,0" /><INIT seed="2,0,0,5,0,42" ten="441,211,68,280" oya="2" hai0="90,20,103,81,105,80,8,117,133,134,114,14,77" hai1="7,29,44,132,25,10,59,70,127,123,104,49,119" hai2="22,60,76,46,100,34,98,55,50,62,26,113,37" hai3="17,41,87,112,66,125,79,40,85,19,27,9,65"/><V71/><F113/><W118/><G112/><T32/><D114/><U11/><E70/><V135/><F135/><W116/><G125/><T128/><D32/><U74/><E74/><V1/><F1/><W33/><G9/><T18/><D117/><U36/><E104/><V124/><F124/><W72/><G27/><T69/><D69/><U102/><E119/><V13/><F76/><W54/><G79/><T120/><D120/><U110/><E123/><V121/><F121/><W75/><G54/><T101/><D128/><U5/><E110/><V57/><F13/><W109/><REACH who="3" step="1"/><G33/><REACH who="3" ten="441,211,68,270" step="2"/><T83/><D77/><U129/><E127/><V48/><F34/><W111/><AGARI ba="0,1" hai="17,19,40,41,65,66,72,75,85,87,109,111,116,118" machi="111" ten="25,8000,1" yaku="1,1,2,1,0,1,22,2,53,0" doraHai="42" doraHaiUra="131" who="3" fromWho="3" sc="441,-20,211,-20,68,-40,270,90" /><INIT seed="3,0,0,5,2,85" ten="421,191,28,360" oya="3" hai0="80,9,35,3,38,131,128,25,31,74,112,108,45" hai1="70,63,10,12,99,0,23,77,52,72,59,106,67" hai2="107,96,8,94,87,75,36,135,37,97,69,18,51" hai3="56,13,15,33,54,133,124,118,119,126,104,73,49"/><W29/><G104/><T65/><D65/><U2/><E72/><V5/><F69/><W101/><G73/><T111/><D112/><U109/><E77/><V46/><F75/><W43/><G101/><T91/><D38/><U102/><E23/><V100/><F135/><W90/><G133/><T28/><D45/><U123/><E123/><V92/><F87/><W134/><G134/><T19/><D31/><U41/><E41/><V116/><F116/><W47/><G33/><T58/><D58/><U40/><E40/><V34/><F34/><W129/><G29/><T93/><D80/><U98/><E98/><V81/><F81/><W50/><G129/><N who="0" m="49739" /><D74/><U127/><E127/><N who="3" m="48682" /><G13/><N who="0" m="7599" /><D3/><U95/><E109/><V76/><F76/><W1/><G1/><T14/><D14/><U82/><E82/><V21/><F107/><W6/><G15/><T27/><D27/><U115/><E106/><V61/><F8/><W120/><G6/><T24/><D24/><U53/><E115/><V42/><F5/><W55/><G120/><T121/><D121/><U16/><REACH who="1" step="1"/><E53/><REACH who="1" ten="421,181,28,360" step="2"/><V89/><REACH who="2" step="1"/><F61/><AGARI ba="0,1" hai="0,2,10,12,16,52,59,61,63,67,70,95,99,102" machi="61" ten="30,8000,1" yaku="1,1,2,1,7,1,54,2,53,0" doraHai="85" doraHaiUra="83" who="1" fromWho="2" sc="421,0,181,90,28,-80,360,0" owari="421,52.0,271,-13.0,-52,-55.0,360,16.0" /></mjloggm>