<mjloggm ver="2.3"><GO type="97" lobby="0"/><UN n0="%73%68%61%70%65%6C%65%72" n1="%E3%82%A6%E3%83%AB%E3%83%88%E3%83%A9%E7%AB%8B%E7%9B%B4" n2="%6E%69%67%68%74%2D%62%6F" n3="%69%6B%61%75%73%74%61%6B" dan="15,14,15,13" rate="2044.29,1936.86,2107.49,1866.50" sx="M,M,M,M"/><TAIKYOKU oya="0"/><INIT seed="0,0,0,4,5,94" ten="250,250,250,250" oya="0" hai0="80,34,123,41,135,106,129,76,70,57,111,120,49" hai1="53,0,88,27,55,56,66,134,61,32,30,58,107" hai2="33,14,37,9,22,4,82,92,87,98,79,64,130" hai3="45,77,81,133,93,47,6,104,116,102,119,91,101"/><T132/><D70/><U39/><E0/><V69/><F33/><W117/><G6/><T3/><D3/><U43/><E107/><V31/><F37/><W10/><G10/><T105/><D34/><U83/><E134/><N who="0" m="51241" /><D129/><U110/><E110/><V65/><F130/><W126/><G133/><T60/><D49/><U74/><E43/><V48/><F69/><W114/><G47/><T125/><D41/><U17/><E39/><V108/><F108/><W89/><G45/><T113/><D113/><U131/><E131/><V44/><F31/><W46/><G46/><T112/><D112/><U96/><E17/><V29/><F29/><W72/><G114/><T75/><D111/><U68/><E74/><V13/><F22/><W7/><G7/><T20/><D20/><U95/><REACH who="1" step="1"/><E83/><REACH who="1" ten="250,240,250,250" step="2"/><V73/><F73/><W50/><G126/><T86/><D75/><U51/><E51/><V16/><F16/><W54/><G104/><N who="0" m="40043" /><D125/><U15/><E15/><V59/><F14/><W18/><G18/><T23/><D23/><U21/><E21/><V122/><F48/><W26/><G26/><T84/><D84/><U109/><E109/><V90/><F13/><W36/><G36/><T24/><D24/><U118/><E118/><V71/><F4/><W121/><G121/><T67/><AGARI ba="0,1" hai="57,60,67,76,80,86,120,123" m="40043,51241" machi="67" ten="30,1500,0" yaku="20,1" doraHai="94" who="0" fromWho="0" sc="250,25,240,-5,250,-5,250,-5" /><INIT seed="0,1,0,2,0,86" ten="275,235,245,245" oya="0" hai0="15,52,99,78,110,111,44,108,3,20,81,1,19" hai1="83,11,89,56,34,16,117,123,50,13,47,0,133" hai2="98,129,75,79,32,5,18,101,55,94,30,91,135" hai3="132,124,46,62,8,12,39,115,41,4,121,112,118"/><T54/><D99/><U25/><E123/><V31/><F135/><W38/><G118/><T29/><D29/><U114/><E117/><V128/><F32/><W9/><G132/><T35/><D35/><U22/><E133/><V77/><F5/><W106/><G106/><T73/><D44/><U87/><E114/><V64/><F64/><W59/><G124/><T69/><D69/><U14/><E56/><V61/><F18/><W102/><G102/><T37/><D37/><U120/><E120/><V70/><F70/><W92/><G121/><T113/><D113/><U60/><E60/><V109/><F61/><W33/><G33/><T107/><D107/><U100/><E100/><V28/><F55/><AGARI ba="1,0" hai="1,3,15,19,20,52,54,55,73,78,81,108,110,111" machi="55" ten="40,7700,0" yaku="14,1,10,1,54,1" doraHai="86" who="0" fromWho="2" sc="275,80,235,0,245,-80,245,0" /><INIT seed="0,2,0,3,3,117" ten="355,235,165,245" oya="0" hai0="30,108,71,12,76,0,126,34,5,83,36,75,98" hai1="105,49,131,14,44,135,37,22,4,89,9,65,73" hai2="60,77,6,95,124,54,48,63,47,2,13,123,32" hai3="25,114,96,67,127,88,86,58,132,115,87,43,16"/><T19/><D36/><U85/><E73/><V106/><F32/><W39/><G39/><T103/><D71/><U15/><E105/><V23/><F106/><W29/><G114/><T122/><D122/><U35/><E35/><V45/><F123/><W69/><G115/><T92/><D126/><U51/><E131/><V68/><F124/><W56/><G69/><T26/><D108/><U119/><E135/><V52/><F2/><W125/><G132/><T24/><D24/><U20/><E119/><V57/><F77/><W101/><G127/><T66/><D66/><U31/><E65/><V21/><F68/><W107/><G125/><T10/><REACH who="0" step="1"/><D0/><REACH who="0" ten="345,235,165,245" step="2"/><U134/><E134/><V133/><F133/><W93/><G67/><T18/><AGARI ba="2,1" hai="5,10,12,18,19,26,30,34,75,76,83,92,98,103" machi="18" ten="30,11700,0" yaku="1,1,2,1,0,1,53,1" doraHai="117" doraHaiUra="72" who="0" fromWho="0" sc="345,133,235,-41,165,-41,245,-41" /><INIT seed="0,3,0,2,4,88" ten="478,194,124,204" oya="0" hai0="4,28,52,100,70,5,116,112,135,29,123,27,84" hai1="15,113,59,22,25,73,40,63,85,89,9,69,11" hai2="2,67,90,83,16,99,60,39,107,18,58,101,46" hai3="57,45,133,131,21,81,38,42,74,121,0,122,31"/><T43/><D123/><N who="3" m="47113" /><G0/><T106/><D116/><U115/><E73/><V103/><F2/><W126/><G126/><T44/><D112/><N who="1" m="43083" /><E69/><V77/><F101/><W24/><G133/><T49/><D70/><U37/><E40/><V62/><F62/><W48/><G131/><T47/><D29/><N who="1" m="17591" /><E37/><V54/><F90/><W64/><G74/><T19/><D19/><U132/><E132/><V109/><F109/><W13/><G81/><T82/><D100/><U127/><E127/><V130/><F130/><W1/><G1/><T87/><D106/><U10/><E59/><V105/><F107/><W78/><G78/><T71/><D71/><U33/><E63/><V6/><F6/><W117/><G117/><T118/><D118/><U50/><E50/><V3/><F39/><W51/><G13/><T41/><D135/><U134/><E33/><V125/><F125/><W95/><G64/><T53/><D5/><N who="1" m="3503" /><E134/><V119/><F119/><W72/><G72/><T68/><D49/><N who="3" m="19017" /><G57/><T108/><D43/><U65/><E65/><V76/><F67/><W93/><AGARI ba="3,0" hai="21,24,31,38,42,45,93,95" m="19017,47113" machi="93" ten="30,4000,0" yaku="13,1,52,2" doraHai="88" who="3" fromWho="3" sc="478,-23,194,-13,124,-13,204,49" /><INIT seed="1,0,0,0,1,109" ten="455,181,111,253" oya="1" hai0="18,85,55,83,115,46,106,40,93,0,2,5,65" hai1="14,90,121,73,11,120,126,20,72,39,124,38,133" hai2="111,75,12,102,88,31,123,25,117,62,61,119,103" hai3="129,64,60,58,112,130,56,7,84,49,36,24,99"/><U29/><E29/><V135/><BYE who="1" /><BYE who="0" /><F123/><UN n1="%E3%82%A6%E3%83%AB%E3%83%88%E3%83%A9%E7%AB%8B%E7%9B%B4" /><W78/><G7/><T118/><D118/><U26/><E90/><V19/><F111/><W3/><G3/><T86/><D86/><U67/><E67/><V54/><F75/><N who="1" m="28745" /><E20/><UN n0="%73%68%61%70%65%6C%65%72" /><V6/><F135/><W116/><G36/><N who="1" m="13866" /><E26/><V51/><F6/><W15/><G24/><T100/><D65/><U59/><E59/><V37/><F37/><W79/><G15/><T81/><D55/><U110/><E110/><V89/><F25/><W35/><G35/><T1/><D18/><U97/><E97/><V53/><F31/><W76/><G99/><T105/><D5/><U42/><E42/><V91/><F51/><W101/><G101/><N who="2" m="38409" /><F19/><W21/><G21/><T69/><D100/><U52/><E52/><N who="2" m="20075" /><F12/><W16/><G16/><T104/><D1/><U34/><E34/><V33/><F33/><W32/><G32/><T108/><D2/><U44/><E44/><V48/><F48/><W128/><G116/><AGARI ba="0,0" hai="61,62,88,89,91,116,117,119" m="20075,38409" machi="116" ten="40,8000,1" yaku="28,2,54,2" doraHai="109" who="2" fromWho="3" sc="455,0,181,0,111,80,253,-80" /><INIT seed="2,0,0,5,4,34" ten="455,181,191,173" oya="2" hai0="41,112,16,10,36,2,127,80,78,48,89,50,22" hai1="35,33,20,117,134,133,51,124,19,0,72,105,118" hai2="5,94,104,46,23,6,60,107,111,67,15,108,32" hai3="43,98,12,79,11,24,53,85,103,102,65,69,62"/><V42/><F32/><N who="1" m="12361" /><E105/><N who="2" m="40523" /><F23/><W29/><G103/><T88/><D50/><U81/><E51/><V17/><F94/><W66/><G43/><T101/><D101/><U71/><E71/><N who="2" m="42471" /><F17/><W82/><G69/><T83/><D112/><U14/><E81/><V110/><F15/><W47/><G62/><T31/><D127/><U123/><E72/><V7/><F46/><W70/><G70/><T87/><D31/><U91/><E91/><V3/><F42/><W131/><G131/><T13/><D48/><U119/><E124/><V77/><F77/><W99/><G99/><T26/><D41/><U30/><E123/><V125/><F125/><W86/><G86/><T135/><D89/><U49/><E49/><V39/><F39/><W74/><G74/><T122/><D36/><U132/><E30/><V59/><F59/><W64/><G47/><T58/><D122/><U84/><E84/><V73/><F73/><W95/><G53/><T97/><D58/><U120/><E120/><V55/><F55/><W40/><G40/><T45/><D45/><U4/><E119/><V52/><F52/><W114/><G114/><T1/><D83/><U63/><E63/><V38/><F38/><W9/><REACH who="3" step="1"/><G12/><REACH who="3" ten="455,181,191,163" step="2"/><T61/><D87/><U128/><E128/><V100/><F100/><W56/><G56/><T25/><D61/><U130/><E130/><V18/><F18/><W27/><G27/><T44/><D26/><U57/><E57/><V90/><F90/><W109/><G109/><T126/><D88/><U113/><E113/><V54/><F54/><W121/><G121/><T129/><D126/><RYUUKYOKU ba="0,1" sc="455,-30,181,10,191,10,163,10" hai1="0,4,14,19,20,117,118,132,133,134" hai2="3,5,6,7,108,110,111" hai3="9,11,24,29,64,65,66,79,82,85,95,98,102" /><INIT seed="2,1,1,2,5,6" ten="425,191,201,173" oya="2" hai0="85,110,107,134,100,82,117,69,54,25,29,83,58" hai1="63,131,68,38,13,8,119,128,135,26,77,30,104" hai2="109,81,51,93,75,70,3,65,80,90,5,121,33" hai3="2,57,106,42,19,132,94,40,97,47,59,89,27"/><V124/><F121/><W17/><G106/><T66/><D110/><U49/><E38/><V12/><F109/><W1/><G132/><T111/><D111/><U87/><E104/><V37/><F37/><W102/><G1/><T15/><D134/><U55/><E119/><V123/><F33/><W95/><G2/><T114/><D114/><U91/><E77/><V22/><F123/><W64/><G27/><T61/><D117/><U113/><E113/><V129/><F75/><W20/><G20/><T43/><D43/><N who="3" m="16425" /><G47/><T125/><D15/><U78/><E78/><V45/><F129/><N who="1" m="49737" /><E135/><V118/><F118/><W115/><G115/><T56/><D56/><N who="3" m="21577" /><G64/><T24/><D24/><U62/><E68/><V53/><F70/><W23/><G23/><T127/><D25/><U88/><E26/><V9/><F65/><W96/><AGARI ba="1,1" hai="17,19,89,94,95,96,97,102" m="21577,16425" machi="96" ten="30,1100,0" yaku="8,1" doraHai="6" who="3" fromWho="3" sc="425,-4,191,-4,201,-6,173,24" /><INIT seed="3,0,0,5,2,33" ten="421,187,195,197" oya="3" hai0="38,117,80,0,27,97,135,20,95,111,87,13,114" hai1="51,124,131,82,128,74,130,107,119,17,125,133,84" hai2="129,93,61,118,94,101,67,50,12,73,2,34,1" hai3="26,108,90,77,79,59,112,127,48,7,105,6,45"/><W71/><G105/><T29/><D0/><U44/><E107/><V99/><F73/><W109/><G112/><T121/><D121/><U25/><E74/><V21/><F118/><W57/><G71/><T11/><D117/><U102/><E102/><V81/><F34/><W14/><G127/><N who="1" m="48714" /><E119/><V55/><F129/><W10/><G6/><T23/><D38/><U53/><E17/><V40/><F40/><N who="3" m="24615" /><G26/><T86/><D23/><U15/><E15/><V115/><F81/><W132/><G132/><T69/><D69/><U120/><E25/><V5/><F115/><W41/><G41/><T31/><D87/><U35/><E35/><V106/><F106/><W66/><G90/><T18/><D135/><U47/><E133/><V113/><F113/><W103/><G103/><N who="0" m="60863" /><D114/><U60/><E60/><V104/><F1/><W19/><G19/><N who="0" m="8639" /><D111/><N who="3" m="42569" /><G66/><T37/><D37/><U88/><E120/><V68/><F5/><W122/><G122/><T46/><D46/><AGARI ba="0,0" hai="44,46,47,51,53,82,84,88,128,130,131" m="48714" machi="46" ten="40,5200,0" yaku="19,1,18,1,54,1" doraHai="33" who="1" fromWho="0" sc="421,-52,187,52,195,0,197,0" owari="369,46.0,239,4.0,195,-30.0,197,-20.0" /></mjloggm>