<mjloggm ver="2.3"><GO type="97" lobby="0"/><UN n0="%E5%B1%B1%E7%94%B0%E8%BC%AA%E5%AD%90" n1="%E3%82%A6%E3%83%AB%E3%83%88%E3%83%A9%E7%AB%8B%E7%9B%B4" n2="%E3%83%81%E3%83%A3%E3%83%BC%E5%90%9B" n3="%E3%81%B7%E3%82%8B%E9%B4%A8" dan="15,13,13,13" rate="2042.08,1850.09,1828.52,1894.05" sx="F,M,M,M"/><TAIKYOKU oya="0"/><INIT seed="0,0,0,4,4,112" ten="250,250,250,250" oya="0" hai0="108,72,129,23,96,111,5,19,91,87,130,11,36" hai1="2,106,62,22,85,12,30,124,94,34,121,109,68" hai2="16,103,50,33,113,57,135,120,59,118,41,21,88" hai3="66,93,115,82,6,81,80,89,27,28,133,123,97"/><T114/><D36/><U134/><E121/><V126/><F113/><W45/><G115/><T37/><D37/><U132/><E2/><V35/><F120/><W3/><G123/><T32/><D32/><U47/><E106/><V25/><F103/><W17/><G133/><N who="1" m="51306" /><E124/><V43/><F135/><W31/><G66/><T65/><D72/><U4/><E109/><N who="0" m="42057" /><D114/><U7/><E47/><V70/><F70/><W104/><G104/><T60/><D96/><U26/><E62/><V90/><F118/><W131/><G131/><T86/><D5/><N who="1" m="2123" /><E68/><V42/><F126/><W117/><G117/><T98/><D11/><U122/><E122/><V110/><F110/><W102/><G6/><T127/><D127/><U92/><E85/><V67/><F67/><W71/><G71/><N who="0" m="42407" /><D98/><U53/><E34/><V46/><F35/><W119/><G119/><T125/><D125/><U49/><E94/><V44/><F33/><W116/><G116/><T10/><D10/><U100/><E92/><V84/><F90/><W107/><G3/><T101/><D101/><U13/><E100/><V61/><F61/><W79/><G45/><N who="2" m="17513" /><F50/><W39/><G39/><T64/><D64/><U15/><E49/><V128/><F128/><N who="0" m="49258" /><D91/><U56/><E53/><V24/><F24/><AGARI ba="0,0" hai="19,23,24,86,87" m="49258,42407,42057" machi="24" ten="30,5800,0" yaku="14,1,10,1,19,1" doraHai="112" who="0" fromWho="2" sc="250,58,250,0,250,-58,250,0" /><INIT seed="0,1,0,5,0,34" ten="308,250,192,250" oya="0" hai0="10,41,8,125,102,44,88,93,18,77,28,27,24" hai1="5,47,128,73,79,82,80,92,126,6,43,64,22" hai2="31,97,58,121,122,39,0,60,105,46,118,84,45" hai3="85,26,36,21,20,89,57,83,62,33,50,9,115"/><T114/><D114/><U116/><E116/><V113/><F113/><W23/><G115/><T127/><D102/><U90/><E126/><N who="0" m="48137" /><D77/><U51/><E128/><V15/><F118/><W109/><G36/><N who="0" m="21543" /><D18/><U123/><E123/><V117/><F117/><W61/><G109/><T17/><D17/><U130/><E130/><V119/><F119/><W4/><G26/><N who="0" m="9771" /><D28/><U40/><E22/><V101/><F31/><W74/><G33/><T68/><D68/><U2/><E43/><V35/><F35/><W120/><G120/><T65/><D65/><U69/><E64/><V67/><F15/><W107/><G107/><T76/><D76/><U12/><E69/><V78/><F39/><W129/><G129/><T108/><D108/><U48/><E48/><V87/><F122/><W133/><G133/><T49/><D49/><U134/><E79/><V99/><F121/><W11/><G74/><T131/><D131/><U124/><E73/><V135/><F135/><W70/><G70/><T110/><D110/><U94/><E134/><V95/><F78/><W59/><G50/><T37/><D37/><U3/><E124/><V53/><F67/><N who="3" m="39343" /><G4/><T103/><D103/><U52/><E6/><V71/><F71/><W81/><G83/><T14/><D14/><U91/><E82/><V1/><F46/><W66/><AGARI ba="1,0" hai="9,11,20,21,23,59,62,66,81,85,89" m="39343" machi="66" ten="30,1100,0" yaku="8,1" doraHai="34" who="3" fromWho="3" sc="308,-6,250,-4,192,-4,250,14" /><INIT seed="1,0,0,2,5,36" ten="302,246,188,264" oya="1" hai0="95,108,135,89,68,56,112,62,6,39,65,41,59" hai1="43,81,97,120,74,107,18,102,31,2,16,49,48" hai2="72,114,30,78,42,47,34,117,69,84,96,106,55" hai3="103,133,0,3,32,124,90,20,71,12,1,28,101"/><U104/><E104/><V94/><F117/><W110/><G71/><T113/><D6/><U111/><E120/><V58/><F69/><W5/><G90/><T109/><D89/><U98/><E98/><V14/><F114/><N who="0" m="44138" /><D95/><U70/><E70/><V33/><F30/><W132/><G103/><T7/><D7/><U24/><E111/><N who="0" m="42569" /><D135/><N who="3" m="51785" /><G101/><T29/><D29/><U4/><E4/><V99/><F72/><W23/><G110/><T10/><D10/><U86/><E2/><V51/><F106/><W66/><G66/><T44/><AGARI ba="0,0" hai="39,41,44,56,59,62,65,68" m="42569,44138" machi="44" ten="40,8000,1" yaku="14,1,34,2,52,1" doraHai="36" who="0" fromWho="0" sc="302,80,246,-40,188,-20,264,-20" /><INIT seed="2,0,0,2,5,60" ten="382,206,168,244" oya="2" hai0="76,134,10,71,31,91,79,38,41,86,113,102,89" hai1="73,57,108,61,124,35,117,4,44,64,49,0,40" hai2="67,48,88,52,32,62,15,81,118,115,56,33,87" hai3="106,95,103,26,1,28,77,8,129,122,69,99,107"/><V51/><F118/><W110/><G122/><T53/><D71/><U55/><E35/><V75/><F115/><W27/><G110/><T84/><D38/><U7/><E73/><V128/><F128/><W92/><G129/><T5/><D41/><U126/><E117/><V43/><F75/><W78/><G27/><T9/><D31/><U54/><E0/><V21/><F48/><W6/><G92/><T22/><D22/><U105/><E105/><V104/><F43/><W25/><G25/><T123/><D123/><U82/><E82/><V70/><F104/><W36/><G95/><T34/><D34/><U16/><E16/><V114/><F114/><W46/><G107/><T58/><D102/><U45/><E7/><V121/><F121/><W72/><G78/><N who="0" m="29739" /><D5/><U94/><E94/><V19/><AGARI ba="0,0" hai="15,19,21,32,33,51,52,56,62,67,70,81,87,88" machi="19" ten="30,11700,0" yaku="0,1,52,1,54,2" doraHai="60" who="2" fromWho="2" sc="382,-39,206,-39,168,117,244,-39" /><INIT seed="2,1,0,1,3,88" ten="343,167,285,205" oya="2" hai0="95,31,69,47,41,104,64,105,3,92,102,15,57" hai1="108,124,12,65,100,27,14,21,111,24,112,60,22" hai2="75,135,85,83,130,38,36,44,87,19,74,32,103" hai3="67,11,107,66,2,62,134,109,82,70,72,80,86"/><V73/><F32/><W94/><G107/><T96/><D3/><U97/><E112/><V63/><F135/><W93/><G134/><T23/><D69/><U42/><E42/><V54/><F130/><W68/><G109/><T8/><D105/><U51/><E51/><V1/><F1/><W99/><G99/><T77/><D77/><U90/><E90/><V114/><F114/><W71/><G72/><T0/><D0/><U132/><E132/><V81/><F103/><W43/><G43/><T6/><D64/><U122/><E122/><V119/><F119/><W4/><G82/><T78/><D78/><U59/><E124/><V133/><F133/><W46/><G46/><T106/><D106/><U18/><E108/><V40/><F38/><W13/><G2/><T5/><D5/><U45/><E45/><V61/><F19/><W123/><G123/><T116/><D116/><U48/><E48/><V128/><F128/><W55/><G55/><T89/><D57/><U33/><E33/><V26/><F26/><W50/><G50/><N who="0" m="26991" /><D104/><U98/><E111/><V121/><F121/><W53/><G53/><T25/><D102/><U84/><E84/><V7/><F7/><W113/><G113/><T117/><D117/><U49/><E49/><V20/><F54/><W127/><G127/><T76/><D76/><U30/><E98/><V126/><F126/><W28/><G28/><T39/><D39/><U10/><E10/><V131/><F131/><W34/><G34/><T9/><D9/><U79/><E79/><N who="2" m="46271" /><F20/><W35/><G35/><T37/><D37/><U129/><E129/><RYUUKYOKU ba="1,0" sc="343,10,167,10,285,10,205,-30" hai0="6,8,15,23,25,31,89,92,95,96" hai1="12,14,18,21,22,24,27,30,59,60,65,97,100" hai2="36,40,44,61,63,73,74,75,83,87" /><INIT seed="2,2,0,4,0,90" ten="353,177,295,175" oya="2" hai0="32,68,3,44,40,27,41,72,98,6,122,78,20" hai1="67,87,128,19,31,62,121,45,118,22,117,129,93" hai2="24,84,48,2,17,76,80,104,113,54,100,119,69" hai3="49,18,23,57,51,111,86,63,55,127,0,43,21"/><V134/><F119/><W94/><G0/><T12/><D68/><U70/><E121/><V61/><F113/><W50/><G111/><T97/><D122/><U125/><E31/><V79/><F2/><W10/><G127/><T91/><D41/><U96/><E87/><V108/><F134/><W15/><G43/><T8/><D91/><AGARI ba="2,0" hai="10,15,18,21,23,49,50,51,55,57,63,86,91,94" machi="91" ten="40,2600,0" yaku="8,1,52,1" doraHai="90" who="3" fromWho="0" sc="353,-32,177,0,295,0,175,32" /><INIT seed="3,0,0,4,2,118" ten="321,177,295,207" oya="3" hai0="106,12,78,132,130,127,45,4,60,116,95,85,135" hai1="114,15,134,10,71,22,103,26,55,44,70,84,91" hai2="126,19,41,115,119,81,52,39,13,67,30,93,65" hai3="37,99,9,21,40,82,100,16,69,101,61,47,98"/><W111/><G9/><N who="0" m="4135" /><D106/><U90/><E134/><N who="0" m="51241" /><D116/><U120/><E114/><V1/><F115/><W92/><G82/><N who="0" m="47319" /><D127/><U3/><E3/><V122/><F119/><W121/><G121/><T102/><D130/><U68/><E103/><V56/><F126/><W43/><G111/><T76/><D76/><U77/><E120/><V51/><F1/><W128/><G128/><T2/><D2/><U49/><E77/><V27/><F122/><W5/><G5/><T107/><D107/><U20/><E26/><V104/><F93/><W0/><G0/><T7/><D7/><U75/><E75/><V72/><F104/><W14/><G43/><T25/><D25/><U96/><E96/><V29/><F81/><W54/><G99/><N who="0" m="59775" /><D60/><U38/><E38/><V74/><F74/><W64/><REACH who="3" step="1"/><G54/><REACH who="3" ten="321,177,295,197" step="2"/><T58/><D58/><U113/><E113/><V124/><F124/><W112/><G112/><T48/><D48/><U31/><E55/><V34/><F72/><W66/><G66/><T28/><D28/><U42/><E31/><V63/><F30/><W50/><G50/><T88/><D88/><AGARI ba="0,1" hai="14,16,21,37,40,47,61,64,69,88,92,98,100,101" machi="88" ten="30,11600,0" yaku="1,1,7,1,54,2,53,0" doraHai="118" doraHaiUra="6" who="3" fromWho="0" sc="321,-116,177,0,295,0,197,126" owari="205,-19.0,177,-32.0,295,10.0,323,41.0" /></mjloggm>