<mjloggm ver="2.3"><GO type="97" lobby="0"/><UN n0="%E3%82%A6%E3%83%AB%E3%83%88%E3%83%A9%E7%AB%8B%E7%9B%B4" n1="%E4%B8%89%E7%94%B0%E4%B8%B8" n2="%6B%6F%2D%73%68%69%72%6F" n3="%54%45%4E%48%4F%55" dan="14,13,13,13" rate="1957.85,1889.88,1920.79,1981.00" sx="M,M,M,F"/><TAIKYOKU oya="0"/><INIT seed="0,0,0,0,0,23" ten="250,250,250,250" oya="0" hai0="97,55,98,89,62,95,44,135,131,13,37,63,128" hai1="64,107,18,130,39,87,82,35,81,32,70,88,31" hai2="124,104,114,133,94,118,29,83,4,86,25,22,126" hai3="20,51,19,109,33,79,119,54,117,132,101,24,76"/><T11/><D135/><U36/><E107/><V75/><F133/><W40/><G132/><T42/><D98/><U129/><E64/><V68/><F114/><W43/><G109/><T69/><D55/><U78/><E18/><V60/><F118/><W46/><G119/><T113/><D113/><U48/><E48/><V45/><F104/><W85/><G117/><T52/><D69/><U2/><E2/><V122/><F122/><W57/><G101/><T80/><D80/><U127/><E127/><N who="2" m="48683" /><F45/><W93/><G33/><N who="1" m="12874" /><E31/><V96/><F75/><W123/><G123/><T105/><D105/><U61/><E61/><V100/><F4/><W0/><G0/><T5/><REACH who="0" step="1"/><D52/><REACH who="0" ten="240,250,250,250" step="2"/><U14/><E70/><V90/><F68/><W59/><G43/><T84/><D84/><N who="1" m="48183" /><E14/><V99/><F99/><W110/><G110/><T50/><D50/><U120/><E120/><V27/><F60/><AGARI ba="0,1" hai="5,11,13,37,42,44,60,62,63,89,95,97,128,131" machi="60" ten="40,2000,0" yaku="1,1,53,0" doraHai="23" doraHaiUra="15" who="0" fromWho="2" sc="240,30,250,0,250,-20,250,0" /><INIT seed="0,1,0,0,0,29" ten="270,250,230,250" oya="0" hai0="9,8,104,67,118,44,72,85,124,25,74,35,130" hai1="95,33,99,94,89,110,5,34,68,2,133,31,4" hai2="128,98,132,27,24,96,11,56,105,134,91,39,123" hai3="54,127,87,103,21,82,90,16,107,120,111,76,10"/><T1/><D85/><U122/><E122/><V77/><F123/><W58/><G120/><T102/><D9/><U61/><E31/><V78/><F39/><W69/><G69/><T47/><D47/><U88/><E61/><V62/><F128/><W43/><G111/><T126/><D118/><U75/><E99/><N who="2" m="37931" /><F105/><W81/><G127/><N who="0" m="48683" /><D130/><U40/><E40/><V48/><F48/><W119/><G119/><T17/><D67/><U116/><E68/><V129/><F129/><W49/><G107/><T41/><D102/><U28/><E28/><V51/><F51/><W100/><G10/><T108/><D104/><U45/><E45/><V86/><F11/><W38/><G38/><N who="0" m="21559" /><D108/><U84/><E84/><V114/><F114/><W79/><G43/><T55/><D55/><U32/><E110/><V18/><F18/><W19/><G19/><T26/><D17/><U131/><E131/><V23/><F23/><W65/><G65/><T101/><D101/><N who="3" m="38985" /><G82/><T106/><D106/><U6/><E116/><V15/><F15/><AGARI ba="1,0" hai="15,16,21,49,54,58,76,79,81,87,90" m="38985" machi="15" ten="30,2000,0" yaku="8,1,54,1" doraHai="29" who="3" fromWho="2" sc="270,0,250,0,230,-23,250,23" /><INIT seed="1,0,0,3,5,73" ten="270,250,207,273" oya="1" hai0="45,125,4,81,13,124,78,100,69,46,72,108,106" hai1="75,58,2,123,86,128,44,97,34,62,10,40,103" hai2="129,79,107,24,30,105,15,17,50,71,48,5,131" hai3="1,115,35,21,110,20,23,61,39,89,116,91,121"/><U18/><E34/><V114/><F71/><W111/><G115/><T59/><D69/><U80/><E75/><V12/><F114/><W54/><G35/><T98/><D59/><U90/><E123/><V134/><F134/><W83/><G121/><T60/><D60/><U29/><E29/><V41/><F5/><W76/><G116/><T0/><D0/><U6/><E128/><N who="2" m="49227" /><F79/><W93/><G39/><T130/><D130/><U8/><E18/><V31/><F41/><W104/><G1/><T51/><D108/><U119/><E10/><N who="2" m="6295" /><F15/><W16/><G104/><N who="2" m="40009" /><F31/><W27/><G110/><T28/><D28/><U37/><E119/><V84/><F84/><N who="3" m="48231" /><G111/><T74/><D13/><U126/><E126/><N who="0" m="48745" /><D4/><U64/><E103/><V118/><F118/><W127/><G127/><T113/><D113/><U32/><E32/><AGARI ba="0,0" hai="24,30,32,48,50" m="40009,6295,49227" machi="32" ten="30,1000,0" yaku="19,1" doraHai="73" who="2" fromWho="1" sc="270,0,250,-10,207,10,273,0" /><INIT seed="2,0,0,2,3,20" ten="270,240,217,273" oya="2" hai0="123,63,110,29,21,55,127,82,98,69,66,36,2" hai1="43,102,35,132,45,28,95,93,125,3,67,56,86" hai2="104,135,14,27,106,105,26,90,12,118,122,23,76" hai3="94,6,54,79,96,64,52,46,89,92,32,24,25"/><V15/><F122/><W59/><G32/><T100/><D2/><U78/><E3/><V99/><F118/><W70/><G70/><T113/><D113/><U75/><E75/><V4/><F135/><W38/><G79/><T58/><D123/><U41/><E132/><V37/><F37/><W120/><G120/><T121/><D121/><U74/><E74/><V42/><F42/><N who="1" m="15881" /><E125/><V80/><F4/><W34/><G34/><T10/><D36/><U115/><E115/><V101/><F90/><N who="3" m="55319" /><G38/><T85/><D110/><U91/><E35/><V88/><F88/><W119/><G6/><T126/><D10/><U50/><E28/><V116/><F116/><W17/><G119/><T30/><D30/><U103/><E78/><V81/><F23/><W11/><G64/><T130/><D130/><U40/><N who="1" m="15889" /><U51/><DORA hai="108" /><E93/><V7/><F7/><W1/><G1/><T111/><D111/><U131/><E131/><V16/><F16/><W44/><G11/><T49/><D21/><U19/><E19/><V133/><F133/><W134/><G134/><T57/><D29/><U62/><E51/><V129/><F129/><W73/><G73/><T68/><D126/><U87/><E86/><V0/><F0/><W60/><G17/><T117/><D127/><U128/><E128/><V33/><F33/><W72/><G72/><T48/><D117/><U107/><E107/><V124/><F124/><W8/><G8/><T22/><D48/><U97/><E97/><V109/><F109/><W39/><G39/><T9/><D22/><U71/><E71/><V65/><F106/><RYUUKYOKU ba="0,0" sc="270,-10,240,30,217,-10,273,-10" hai1="45,50,56,62,67,87,91,95,102,103" /><INIT seed="3,1,0,2,2,14" ten="260,270,207,263" oya="3" hai0="82,6,63,12,101,105,69,25,106,116,65,130,24" hai1="32,1,53,107,10,90,31,33,74,118,43,91,113" hai2="21,45,126,95,129,29,39,16,76,115,9,18,97" hai3="85,67,111,34,134,128,112,42,17,124,8,102,70"/><W75/><G112/><T83/><D116/><U71/><E107/><V54/><F115/><W94/><G75/><T47/><D130/><U2/><E74/><V133/><F129/><W23/><G34/><T20/><D106/><U11/><E113/><V13/><F133/><W88/><G128/><T38/><D105/><U46/><E71/><V28/><F126/><W48/><G134/><T36/><D83/><U96/><E118/><V100/><F76/><W7/><G124/><T68/><D101/><U30/><E96/><V119/><F119/><W79/><G111/><T40/><D68/><U81/><E81/><V62/><F39/><W117/><G117/><T98/><D98/><U127/><E127/><V49/><REACH who="2" step="1"/><F62/><REACH who="2" ten="260,270,197,263" step="2"/><W44/><G79/><T89/><D38/><U132/><E132/><V56/><F56/><W37/><G70/><T15/><D63/><U104/><E46/><V108/><F108/><W55/><G67/><T26/><D65/><U58/><E58/><V93/><F93/><W110/><G110/><T99/><D69/><U22/><E104/><V5/><F5/><W19/><G102/><T4/><D4/><U41/><E53/><V86/><F86/><W122/><G122/><T73/><D6/><U121/><REACH who="1" step="1"/><E22/><REACH who="1" ten="260,260,197,263" step="2"/><V78/><F78/><W35/><G35/><T109/><D20/><U57/><E57/><V125/><F125/><W59/><G23/><T66/><D109/><U51/><E51/><V84/><F84/><W120/><G120/><AGARI ba="1,2" hai="1,2,10,11,30,31,32,33,41,43,90,91,120,121" machi="120" ten="25,8000,1" yaku="1,1,22,2,53,2" doraHai="14" doraHaiUra="87" who="1" fromWho="3" sc="260,0,260,103,197,0,263,-83" owari="260,6.0,363,46.0,197,-20.0,180,-32.0" /></mjloggm>