<mjloggm ver="2.3"><GO type="169" lobby="0"/><UN n0="%E3%82%A6%E3%83%AB%E3%83%88%E3%83%A9%E7%AB%8B%E7%9B%B4" n1="%E3%83%87%E3%82%B8%E3%82%BF%E3%83%AB%E4%BB%99%E4%BA%BA" n2="%66%75%6B%75%30%32" n3="%E4%BD%90%E8%97%A4%E3%83%95%E3%83%AA%E3%83%BC%E3%82%B6" dan="16,17,16,16" rate="2121.73,2145.55,2026.24,2116.84" sx="M,F,M,F"/><TAIKYOKU oya="0"/><INIT seed="0,0,0,4,2,3" ten="250,250,250,250" oya="0" hai0="73,125,20,7,64,39,84,115,113,40,130,132,74" hai1="51,57,19,100,110,49,89,96,107,94,0,48,104" hai2="108,112,58,63,36,62,124,67,38,106,99,80,44" hai3="135,102,46,61,12,66,120,105,35,10,109,71,27"/><T88/><D40/><U131/><E131/><V33/><F112/><W41/><G120/><T43/><D43/><U78/><E110/><V28/><F108/><W15/><G135/><T11/><D39/><U97/><E0/><V59/><F124/><W123/><G123/><T87/><D132/><U55/><E78/><V29/><F80/><W52/><G109/><T21/><D64/><U50/><E19/><V76/><F76/><W128/><G128/><T70/><D70/><U82/><E82/><V69/><F59/><W85/><G85/><T77/><D77/><U119/><E119/><V101/><F44/><W14/><G52/><T25/><D130/><U121/><E121/><V65/><F29/><W54/><G54/><T16/><D87/><U13/><E13/><V116/><F116/><W93/><G93/><T98/><D98/><U2/><E2/><V47/><F47/><W26/><G35/><T133/><D21/><U9/><E9/><V34/><F34/><W81/><G81/><T86/><D86/><U31/><E31/><V91/><F91/><W127/><G127/><T8/><D125/><U126/><E126/><V83/><F83/><W122/><G122/><T72/><D133/><U60/><N who="1" m="12288" /><DORA hai="68" /><U129/><REACH who="1" step="1"/><E129/><REACH who="1" ten="250,240,250,250" step="2"/><V6/><F6/><W118/><G118/><T23/><D11/><U92/><AGARI ba="0,1" hai="55,57,60,89,92,94,96,97,100,104,107" m="12288" machi="92" ten="40,8000,1" yaku="1,1,2,1,0,1,53,2" doraHai="3,68" doraHaiUra="114,95" who="1" fromWho="1" sc="250,-40,240,90,250,-20,250,-20" /><INIT seed="1,0,0,2,0,49" ten="210,330,230,230" oya="1" hai0="50,20,51,30,106,108,86,103,78,29,13,75,128" hai1="129,127,56,90,5,107,19,74,9,55,83,64,116" hai2="115,1,40,92,89,95,0,12,65,111,48,87,135" hai3="101,119,131,14,38,60,35,57,67,82,102,85,53"/><U80/><E116/><V17/><F111/><W45/><G119/><T73/><D108/><U69/><E107/><V93/><F135/><W79/><G35/><T22/><D103/><U70/><E129/><V100/><F115/><W76/><G131/><T88/><D106/><U105/><E127/><V58/><F0/><W126/><G126/><T34/><D34/><U39/><E105/><V4/><F4/><W63/><G79/><T96/><D96/><U3/><E39/><V36/><F1/><W110/><G110/><T84/><D78/><U71/><E74/><V130/><F130/><W97/><G97/><T125/><D128/><U24/><E64/><V54/><F65/><W68/><REACH who="3" step="1"/><G14/><REACH who="3" ten="210,330,230,220" step="2"/><T46/><D13/><U37/><E90/><V113/><F100/><W11/><G11/><T114/><D125/><U81/><E37/><V41/><F113/><W122/><G122/><T109/><D109/><U132/><E132/><V28/><F36/><W134/><G134/><T2/><D2/><U10/><E10/><N who="2" m="6295" /><F28/><W94/><G94/><AGARI ba="0,1" hai="40,41,48,54,58,87,89,92,93,94,95" m="6295" machi="94" ten="30,2000,0" yaku="8,1,52,1" doraHai="49" who="2" fromWho="3" sc="210,0,330,0,230,30,220,-20" /><INIT seed="2,0,0,0,4,24" ten="210,330,260,200" oya="2" hai0="80,96,110,84,126,76,107,111,19,127,56,50,21" hai1="108,129,117,123,128,2,48,95,30,62,88,16,43" hai2="119,64,116,29,75,55,89,78,69,125,23,4,51" hai3="77,71,72,42,70,133,82,81,118,83,131,47,37"/><V109/><F4/><W15/><G118/><T8/><D8/><U94/><E117/><V68/><F125/><N who="0" m="47626" /><D50/><U54/><E2/><V7/><F7/><W121/><G121/><T73/><D56/><U106/><E106/><V87/><F78/><W93/><G133/><T124/><D19/><U113/><E113/><V44/><F75/><W22/><G131/><N who="1" m="50250" /><E123/><V20/><F109/><N who="0" m="41482" /><D21/><U45/><E108/><V103/><F103/><W79/><G93/><T122/><N who="0" m="47634" /><T100/><DORA hai="38" /><D122/><U85/><E95/><V130/><F130/><W14/><G82/><T98/><D98/><U104/><E16/><V60/><F69/><W101/><G101/><T105/><D105/><U36/><E104/><V17/><F23/><W0/><G0/><T10/><D10/><U114/><E114/><V9/><F9/><W57/><G57/><T86/><AGARI ba="0,0" hai="73,76,80,84,86,96,100,107" m="41482,47634" machi="86" ten="50,8000,1" yaku="18,1,14,1,34,2" doraHai="24,38" who="0" fromWho="0" sc="210,80,330,-20,260,-40,200,-20" /><INIT seed="3,0,0,0,4,99" ten="290,310,220,180" oya="3" hai0="13,100,34,105,12,27,119,78,91,102,87,85,21" hai1="83,80,31,39,10,98,65,135,6,3,49,56,69" hai2="70,79,60,92,94,103,4,95,120,11,45,64,15" hai3="52,108,125,109,0,111,107,18,9,38,84,7,117"/><W118/><G125/><T1/><D1/><U74/><E135/><V134/><F134/><W82/><G38/><T25/><D105/><U62/><E39/><V77/><F120/><W113/><G107/><T124/><D124/><U75/><E31/><V47/><F103/><N who="0" m="39466" /><D34/><U54/><REACH who="1" step="1"/><E98/><REACH who="1" ten="290,300,220,180" step="2"/><V97/><F97/><W66/><G113/><T50/><D119/><U110/><E110/><V43/><REACH who="2" step="1"/><F47/><REACH who="2" ten="290,300,210,180" step="2"/><W37/><G118/><T106/><D106/><U122/><E122/><V61/><F61/><W2/><G117/><T116/><D116/><U121/><E121/><V96/><F96/><W53/><G111/><T19/><D50/><AGARI ba="0,2" hai="4,11,15,43,45,50,60,64,70,77,79,92,94,95" machi="50" ten="40,1300,0" yaku="1,1,53,0" doraHai="99" doraHaiUra="126" who="2" fromWho="0" sc="290,-13,300,0,210,33,180,0" /><INIT seed="4,0,0,3,2,22" ten="277,300,243,180" oya="0" hai0="36,39,14,13,121,61,88,0,41,96,114,7,94" hai1="17,15,23,28,5,71,111,47,92,3,18,50,130" hai2="24,45,107,56,131,116,77,123,128,110,90,49,64" hai3="91,30,74,53,26,69,16,48,124,67,11,105,57"/><T82/><D121/><U9/><E71/><V100/><F123/><W51/><G124/><T25/><D0/><U73/><E73/><V19/><F110/><W79/><G105/><T21/><D114/><U98/><E111/><V89/><F77/><W99/><G69/><T87/><D7/><U115/><E130/><N who="2" m="49707" /><F116/><W126/><G126/><T129/><D129/><U52/><E115/><V134/><F134/><W66/><G74/><T59/><D41/><U46/><E46/><V106/><F56/><W81/><G79/><N who="0" m="46559" /><D39/><U37/><E37/><V72/><F64/><N who="3" m="24619" /><G30/><N who="0" m="17711" /><D36/><U85/><E85/><V65/><F65/><AGARI ba="0,0" hai="13,14,59,61,65,88,94,96" m="17711,46559" machi="65" ten="30,5800,0" yaku="8,1,52,1,54,1" doraHai="22" who="0" fromWho="2" sc="277,58,300,0,243,-58,180,0" /><INIT seed="4,1,0,1,0,28" ten="335,300,185,180" oya="0" hai0="135,106,82,52,88,94,60,125,110,101,78,22,2" hai1="23,117,102,21,100,103,68,63,56,3,80,26,83" hai2="87,29,71,79,9,32,11,109,72,113,5,104,42" hai3="46,64,13,120,30,45,66,92,7,96,61,133,98"/><T37/><D2/><U129/><E3/><V118/><F104/><W40/><G133/><T123/><D37/><U50/><E117/><V124/><F71/><W59/><G120/><T18/><D123/><U116/><E116/><V89/><F118/><W15/><G66/><T128/><D125/><U57/><E129/><V130/><F130/><W85/><G30/><T4/><D4/><U51/><E68/><V67/><F67/><W35/><G35/><T44/><D135/><U97/><E97/><V38/><F11/><W134/><G134/><T65/><D128/><U24/><E103/><V41/><F109/><W132/><G132/><T1/><D1/><U115/><E115/><V27/><F124/><W20/><G15/><T16/><D101/><U10/><E63/><V99/><F99/><N who="3" m="37931" /><G40/><T14/><D106/><U75/><E10/><V55/><F38/><W58/><G58/><N who="0" m="37015" /><D82/><U93/><E75/><V111/><F72/><W19/><G7/><T121/><D78/><U53/><E93/><V90/><F79/><W0/><G0/><T86/><D121/><U81/><E81/><N who="2" m="49391" /><F90/><AGARI ba="1,0" hai="13,19,20,45,46,59,61,64,85,90,92" m="37931" machi="90" ten="30,1000,0" yaku="8,1" doraHai="28" who="3" fromWho="2" sc="335,0,300,0,185,-13,180,13" /><INIT seed="5,0,0,2,3,22" ten="335,300,172,193" oya="1" hai0="74,126,45,56,104,85,122,72,99,124,128,58,133" hai1="36,13,4,119,102,103,8,9,71,18,76,78,82" hai2="59,101,105,70,94,43,83,64,97,131,0,135,132" hai3="81,114,63,121,29,16,60,20,51,116,112,125,19"/><U57/><E71/><V15/><F0/><W110/><G121/><T98/><D122/><U39/><E119/><V40/><F70/><W120/><G120/><T41/><D85/><U65/><E39/><V52/><F64/><W118/><G110/><T32/><D32/><U27/><E36/><V106/><F131/><W12/><G125/><T130/><D104/><N who="2" m="40042" /><F83/><W88/><G29/><T2/><D2/><U30/><E65/><V123/><F15/><W1/><G1/><T115/><D45/><U11/><E57/><V35/><F35/><W129/><G129/><T66/><D66/><U37/><E37/><V80/><F80/><W77/><G51/><T62/><D41/><U108/><E108/><V127/><F123/><W47/><G47/><T75/><D75/><U48/><E48/><N who="2" m="31111" /><F127/><W100/><G100/><N who="1" m="38442" /><E4/><V61/><F61/><N who="3" m="23627" /><G19/><T68/><D62/><U55/><E55/><V5/><F5/><W96/><G77/><N who="1" m="29802" /><E82/><V113/><F113/><N who="3" m="43627" /><G81/><T42/><D115/><U49/><E49/><V117/><F117/><W46/><G46/><T84/><D124/><U89/><E89/><V14/><F40/><W3/><G3/><T10/><D42/><U73/><E73/><V34/><F43/><W21/><G21/><AGARI ba="0,0" hai="8,9,11,13,18,21,27,30" m="29802,38442" machi="21" ten="30,2900,0" yaku="8,1,52,1" doraHai="22" who="1" fromWho="3" sc="335,0,300,29,172,0,193,-29" /><INIT seed="5,1,0,1,1,93" ten="335,329,172,164" oya="1" hai0="18,114,64,68,9,100,77,26,104,89,75,53,6" hai1="24,127,3,36,27,52,134,73,12,129,103,59,130" hai2="30,110,101,57,119,48,20,121,122,88,126,116,98" hai3="56,32,13,40,62,39,96,102,65,66,83,92,132"/><U42/><E3/><V125/><F110/><W15/><G32/><T31/><D77/><U55/><E73/><V67/><F48/><W46/><G132/><T35/><D75/><U14/><E134/><V85/><F20/><W70/><G66/><T105/><D100/><U10/><E127/><N who="2" m="48651" /><F30/><W109/><G109/><T86/><D64/><U5/><E14/><V51/><F51/><W128/><G128/><N who="1" m="49258" /><E103/><V108/><F108/><W74/><G74/><T69/><D114/><U123/><E123/><N who="2" m="47115" /><F57/><W49/><G83/><T90/><D69/><U4/><E4/><V28/><F67/><W71/><G71/><T97/><D68/><U79/><E79/><V33/><F28/><W38/><G38/><T2/><D18/><U133/><E133/><V99/><F33/><W11/><G11/><T41/><D35/><U76/><E76/><V16/><F16/><W61/><G61/><T80/><D31/><U1/><E1/><V63/><F63/><W17/><G17/><T135/><D135/><U50/><E55/><AGARI ba="1,0" hai="13,15,39,40,46,49,55,56,62,65,70,92,96,102" machi="55" ten="40,5200,0" yaku="24,2,52,1" doraHai="93" who="3" fromWho="1" sc="335,0,329,-55,172,0,164,55" /><INIT seed="6,0,0,2,4,101" ten="335,274,172,219" oya="2" hai0="103,24,71,31,58,43,84,116,86,99,113,118,112" hai1="17,123,85,125,48,49,100,135,37,98,75,61,25" hai2="68,117,22,10,45,50,106,96,130,62,69,89,74" hai3="1,111,120,19,16,57,126,92,127,36,39,67,114"/><V38/><F38/><N who="3" m="14379" /><G120/><T6/><D58/><U8/><E75/><V30/><F74/><W28/><G111/><T59/><D59/><U134/><E37/><V11/><F117/><N who="0" m="45162" /><D71/><U32/><E123/><V90/><F69/><W2/><G28/><T0/><D43/><U3/><E61/><V35/><F22/><W52/><G67/><T107/><D6/><U54/><E85/><N who="0" m="32873" /><D0/><N who="3" m="105" /><G92/><T102/><D102/><U34/><E125/><N who="3" m="47626" /><G114/><T4/><D4/><U29/><E34/><AGARI ba="0,0" hai="24,31,34,99,103,107,112,113" m="32873,45162" machi="34" ten="30,2000,0" yaku="12,1,52,1" doraHai="101" who="0" fromWho="1" sc="335,20,274,-20,172,0,219,0" /><INIT seed="7,0,0,4,0,47" ten="355,254,172,219" oya="3" hai0="20,56,32,64,129,13,92,45,8,124,50,111,106" hai1="116,131,101,73,125,89,104,121,127,2,110,52,1" hai2="103,41,77,34,66,5,113,72,3,114,31,62,40" hai3="109,70,17,53,75,65,67,54,105,88,24,79,99"/><W93/><G109/><T6/><D106/><U28/><E110/><V35/><F103/><W43/><G43/><T39/><D32/><U82/><E121/><V48/><F41/><W29/><G17/><T59/><D39/><U74/><E28/><V16/><F77/><W94/><G105/><T128/><D111/><U112/><E116/><V42/><F72/><N who="1" m="27753" /><E112/><N who="2" m="43115" /><F42/><W9/><G9/><T69/><D124/><N who="1" m="47691" /><E131/><V90/><F90/><W130/><G130/><T37/><D69/><U118/><E118/><V76/><F76/><W134/><G79/><T36/><D20/><U81/><E101/><V122/><F31/><W61/><G75/><T7/><D7/><U14/><E104/><V46/><F5/><W117/><G117/><T71/><D59/><U25/><E89/><V120/><F3/><W135/><G67/><T58/><D58/><U91/><E2/><V108/><F108/><W27/><G27/><T19/><D19/><U63/><E25/><V10/><F35/><N who="3" m="20903" /><G94/><T80/><D92/><U0/><E0/><V4/><F4/><W84/><G99/><T123/><D123/><N who="2" m="47146" /><F34/><W98/><G98/><T115/><D115/><U21/><E1/><V33/><F33/><W95/><G95/><T26/><D26/><U78/><E78/><V38/><F38/><W30/><G30/><T68/><D37/><U83/><E91/><V60/><F66/><W97/><G97/><T51/><D36/><U57/><E83/><V133/><F133/><AGARI ba="0,0" hai="53,54,61,65,70,84,88,93,133,134,135" m="20903" machi="133" ten="30,2900,0" yaku="20,1,54,1" doraHai="47" who="3" fromWho="2" sc="355,0,254,0,172,-29,219,29" /><INIT seed="7,1,0,3,5,72" ten="355,254,143,248" oya="3" hai0="94,8,74,119,134,35,39,120,111,19,26,10,13" hai1="70,118,107,91,18,122,80,3,81,20,121,99,30" hai2="54,23,102,114,125,34,71,40,92,128,132,43,83" hai3="46,0,85,29,50,56,79,14,65,133,110,105,113"/><W61/><G105/><T21/><D39/><U58/><E70/><V5/><F34/><W69/><G0/><T123/><D74/><U104/><E3/><V98/><F71/><W130/><G113/><T37/><D37/><U64/><E30/><V78/><F114/><W53/><G133/><T100/><D100/><U11/><E11/><N who="0" m="4137" /><D94/><U27/><E104/><V33/><F33/><W106/><G130/><T48/><D48/><U45/><E107/><V51/><F5/><W97/><G110/><T124/><D119/><U59/><E118/><V25/><F128/><W17/><G29/><N who="0" m="19895" /><D124/><U41/><E122/><N who="0" m="46633" /><D134/><U95/><E121/><V84/><F125/><W93/><G106/><T68/><D68/><U127/><E127/><V87/><F87/><W89/><G69/><T52/><D52/><U76/><E64/><V22/><F132/><W73/><G73/><T49/><D49/><N who="1" m="26799" /><E81/><V88/><F102/><W9/><G85/><AGARI ba="1,0" hai="18,20,27,58,59,76,80,85,91,95,99" m="26799" machi="85" ten="30,2000,0" yaku="8,1,52,1" doraHai="72" who="1" fromWho="3" sc="355,0,254,23,143,0,248,-23" owari="355,45.0,277,8.0,143,-36.0,225,-17.0" /></mjloggm>