<mjloggm ver="2.3"><GO type="97" lobby="0"/><UN n0="%E3%82%AE%E3%82%BF%E3%83%AB%E3%83%9E" n1="%4F%7A%61%6B%69%5F%4B%54" n2="%E3%82%A6%E3%83%AB%E3%83%88%E3%83%A9%E7%AB%8B%E7%9B%B4" n3="%69%6B%65%70%61%6B%69%32" dan="13,13,15,14" rate="1836.37,1860.92,1966.50,1943.44" sx="M,M,M,M"/><TAIKYOKU oya="0"/><INIT seed="0,0,0,4,4,121" ten="250,250,250,250" oya="0" hai0="59,13,103,85,60,115,74,87,5,44,40,62,70" hai1="108,10,57,126,109,128,63,133,102,29,134,69,117" hai2="14,100,116,49,38,84,54,72,118,79,104,83,52" hai3="130,20,111,105,125,25,22,32,46,56,36,2,110"/><T58/><D115/><U16/><E69/><V112/><F38/><W42/><G105/><T17/><D74/><U4/><E102/><V86/><F112/><W41/><G2/><T61/><D70/><U129/><E117/><V76/><F100/><W35/><G130/><N who="1" m="50282" /><E29/><V24/><F104/><W1/><G1/><T101/><D5/><U0/><E126/><V89/><F72/><W45/><G125/><T48/><D103/><U7/><E7/><V99/><F99/><W27/><G56/><N who="0" m="21547" /><D101/><U92/><E92/><V78/><F86/><W131/><G131/><T91/><D91/><U96/><E96/><V19/><F24/><W106/><G106/><T80/><D80/><U30/><E30/><V39/><F39/><AGARI ba="0,0" hai="20,22,25,27,32,35,36,39,41,42,45,46,110,111" machi="39" ten="25,6400,0" yaku="22,2,52,2" doraHai="121" who="3" fromWho="2" sc="250,0,250,0,250,-64,250,64" /><INIT seed="1,0,0,3,2,86" ten="250,250,186,314" oya="1" hai0="77,60,95,125,20,115,104,97,31,122,3,88,71" hai1="90,50,61,102,69,79,103,63,116,128,54,112,135" hai2="92,25,36,132,74,41,110,123,73,117,43,10,107" hai3="52,5,67,51,30,83,78,7,0,70,93,58,35"/><U28/><E116/><V91/><F107/><W105/><G105/><T109/><D115/><U80/><E112/><V32/><F117/><W27/><G0/><T2/><D109/><U53/><E79/><V101/><F101/><N who="1" m="38409" /><E69/><V64/><F110/><W26/><G67/><T106/><D106/><U113/><E113/><V129/><F129/><W37/><G70/><T47/><D104/><U48/><E128/><V33/><F132/><W118/><G37/><T59/><D71/><U66/><E28/><V38/><F123/><W55/><G118/><T72/><D122/><U49/><E135/><V45/><F64/><W57/><G93/><T133/><D133/><U18/><E18/><V1/><F1/><W22/><G27/><T19/><D31/><U94/><E80/><V96/><F10/><W8/><G35/><T42/><D125/><U114/><E114/><V24/><F24/><W134/><G8/><T82/><D47/><U127/><E127/><V39/><F25/><W40/><G40/><T44/><D44/><U6/><E6/><V13/><F13/><W65/><G65/><T34/><D42/><U111/><E111/><V121/><F121/><W85/><G134/><T100/><D100/><U11/><E11/><V108/><F108/><W99/><G99/><T68/><D34/><U98/><E66/><V124/><F124/><W14/><G14/><N who="0" m="9335" /><D68/><U23/><E23/><V120/><F120/><W119/><G119/><T9/><D9/><U4/><E4/><V89/><F39/><W76/><G76/><T130/><D130/><U15/><E15/><V131/><F131/><RYUUKYOKU ba="0,0" sc="250,10,250,10,186,-30,314,10" hai0="2,3,59,60,72,77,82,88,95,97" hai1="48,49,50,53,54,61,63,90,94,98" hai3="5,7,22,26,30,51,52,55,57,58,78,83,85" /><INIT seed="1,1,0,3,2,106" ten="260,260,156,324" oya="1" hai0="108,105,71,36,125,54,134,23,72,50,101,129,60" hai1="53,119,13,35,51,85,91,45,1,7,112,102,104" hai2="52,98,103,118,94,70,47,93,9,80,128,109,18" hai3="3,68,113,48,29,57,135,131,40,56,96,132,8"/><U82/><E112/><V32/><F32/><W81/><G68/><T78/><D108/><U43/><E119/><V37/><F70/><W86/><G113/><T76/><D36/><U46/><E35/><V115/><F118/><W126/><G131/><T4/><D129/><U88/><E104/><V73/><F109/><W42/><G29/><T55/><D125/><U122/><E122/><V75/><F128/><W130/><G96/><T41/><D134/><N who="3" m="51241" /><G130/><T116/><D116/><U99/><E102/><V59/><F115/><W10/><G126/><T20/><D4/><U39/><E1/><V77/><F93/><W19/><G19/><T6/><D6/><U14/><E7/><V92/><F92/><W31/><G31/><T74/><D41/><N who="3" m="15977" /><G48/><T97/><D71/><U123/><E123/><V67/><F67/><W21/><G21/><T120/><D120/><U64/><E64/><V107/><F107/><W26/><G26/><T90/><D23/><U12/><REACH who="1" step="1"/><E99/><REACH who="1" ten="260,250,156,324" step="2"/><V30/><F98/><W34/><G34/><T11/><D105/><U65/><E65/><V83/><F103/><W49/><G3/><T114/><D101/><U28/><E28/><V25/><F30/><W63/><G63/><T5/><D114/><U62/><E62/><V69/><F37/><W89/><G49/><T127/><D60/><U27/><E27/><V2/><F25/><W66/><G66/><T111/><D127/><U16/><E16/><V24/><F24/><W110/><G110/><T38/><D38/><U117/><E117/><V15/><F2/><W100/><G100/><T95/><D111/><RYUUKYOKU ba="1,1" sc="260,-15,250,15,156,-15,324,15" hai1="12,13,14,39,43,45,46,51,53,82,85,88,91" hai3="8,10,56,57,81,86,89" /><INIT seed="1,2,1,0,0,133" ten="245,265,141,339" oya="1" hai0="73,9,113,110,82,11,52,10,4,131,41,14,1" hai1="119,76,111,126,6,129,61,66,91,23,18,121,5" hai2="116,57,25,120,79,128,50,67,51,19,58,130,40" hai3="122,85,22,17,45,35,101,80,72,44,60,96,93"/><U78/><E78/><V123/><F19/><W83/><G122/><N who="2" m="46633" /><F25/><W114/><G114/><T2/><D110/><U95/><E95/><V55/><F79/><W109/><G35/><T71/><D113/><U56/><E56/><V8/><F8/><W118/><G109/><T42/><D131/><N who="2" m="50218" /><F116/><W15/><G118/><T63/><D1/><U77/><E77/><V89/><F89/><N who="3" m="51367" /><G72/><T125/><D125/><U48/><E48/><N who="2" m="30951" /><F40/><W81/><G60/><AGARI ba="2,1" hai="50,51,58,60,67" m="30951,50218,46633" machi="60" ten="30,3900,0" yaku="19,1,34,2" doraHai="133" who="2" fromWho="3" sc="245,0,265,0,141,55,339,-45" /><INIT seed="2,0,0,4,3,87" ten="245,265,196,294" oya="2" hai0="41,111,98,112,128,30,121,21,7,4,110,67,65" hai1="96,35,49,120,94,113,101,78,23,71,74,0,6" hai2="56,19,12,55,1,26,95,75,99,108,84,122,64" hai3="126,97,116,9,83,10,135,20,31,50,44,129,34"/><V62/><F1/><W100/><G116/><T18/><D121/><U72/><E72/><V68/><F75/><W29/><G135/><T48/><D112/><U124/><E124/><V119/><F122/><W125/><G129/><T115/><D115/><U132/><E132/><V134/><F134/><W57/><G34/><T133/><D133/><U2/><E2/><V53/><F119/><W107/><G83/><T66/><D128/><U85/><E85/><V82/><F108/><N who="0" m="41514" /><D30/><N who="3" m="11273" /><G57/><T89/><D41/><U77/><E120/><V16/><F26/><W32/><G20/><T118/><D118/><U40/><E113/><V69/><F69/><W109/><G32/><T81/><D48/><U11/><E71/><V17/><F12/><W59/><G59/><T106/><D106/><U73/><E35/><V79/><REACH who="2" step="1"/><F68/><REACH who="2" ten="245,265,186,294" step="2"/><W22/><G109/><T5/><D5/><U127/><E74/><V46/><F46/><W105/><G44/><T39/><D4/><U60/><E73/><V92/><F92/><W24/><G107/><T47/><D7/><U76/><E0/><V52/><F52/><W93/><G105/><T14/><D47/><N who="1" m="25831" /><E6/><V3/><F3/><W80/><G126/><T117/><D117/><U130/><E127/><V33/><F33/><W51/><G125/><T38/><D81/><U90/><E130/><V13/><F13/><W123/><G80/><T27/><D14/><U102/><E11/><N who="3" m="4106" /><G123/><T36/><D66/><U70/><E23/><V37/><F37/><W63/><G22/><T86/><D86/><U15/><E15/><V45/><F45/><W43/><G93/><AGARI ba="0,1" hai="18,21,27,36,38,39,65,67,89,93,98" m="41514" machi="93" ten="40,5200,0" yaku="6,1,14,1,52,1" doraHai="87" who="0" fromWho="3" sc="245,62,265,0,186,0,294,-52" /><INIT seed="3,0,0,4,1,47" ten="307,265,186,242" oya="3" hai0="12,97,80,5,55,74,28,61,23,18,58,133,122" hai1="90,127,27,78,105,36,119,89,57,41,66,135,112" hai2="29,130,56,67,33,62,95,91,13,124,4,15,32" hai3="21,109,120,52,113,121,106,88,9,76,24,14,11"/><W72/><G106/><T87/><D122/><U118/><E112/><V107/><F107/><W65/><G65/><T94/><D74/><U82/><E105/><V110/><F110/><W53/><G113/><T126/><D126/><U131/><E127/><V1/><F124/><W69/><G69/><T10/><D133/><U7/><E135/><V100/><F130/><W116/><G116/><N who="1" m="44586" /><E131/><V85/><F100/><W64/><G64/><T38/><D38/><U101/><E101/><V96/><F1/><W26/><G109/><T42/><D42/><U73/><E27/><N who="3" m="10282" /><G72/><T128/><D128/><U111/><E111/><V22/><F32/><W99/><G121/><T16/><D28/><U68/><E68/><V70/><F70/><W6/><G120/><T46/><D46/><N who="1" m="23847" /><E66/><V115/><F115/><W84/><G11/><T103/><D23/><U45/><E45/><V44/><F44/><W63/><G21/><T50/><D61/><U35/><E35/><V30/><F33/><W48/><G63/><T83/><D83/><U79/><E79/><AGARI ba="0,0" hai="5,10,12,16,18,50,55,58,79,80,87,94,97,103" machi="79" ten="30,7700,0" yaku="7,1,8,1,52,1,54,1" doraHai="47" who="0" fromWho="1" sc="307,77,265,-77,186,0,242,0" owari="384,48.0,188,-21.0,186,-31.0,242,4.0" /></mjloggm>