<mjloggm ver="2.3"><GO type="97" lobby="0"/><UN n0="%E3%82%A6%E3%83%AB%E3%83%88%E3%83%A9%E7%AB%8B%E7%9B%B4" n1="%74%73%6F%69%6E%62%68" n2="%E5%AD%90%E5%AE%88%E7%86%8A" n3="%43%48%49%53%45" dan="13,13,14,15" rate="1849.45,1817.50,1922.88,1943.85" sx="M,M,F,M"/><TAIKYOKU oya="0"/><INIT seed="0,0,0,0,2,63" ten="250,250,250,250" oya="0" hai0="61,26,108,49,6,119,114,37,28,124,79,134,123" hai1="85,19,15,71,133,54,67,131,84,87,127,4,51" hai2="44,117,80,118,69,88,31,98,90,18,89,50,3" hai3="12,0,33,93,92,38,76,96,41,11,122,99,128"/><T59/><D37/><U113/><E133/><V120/><F69/><W112/><G0/><T74/><D123/><U43/><E131/><V46/><F3/><W116/><G33/><T45/><D119/><N who="2" m="45578" /><F120/><W100/><G128/><T70/><D70/><U42/><E127/><V52/><F31/><W97/><G122/><T40/><D114/><U115/><E4/><V47/><F18/><W110/><G110/><T1/><D124/><U5/><E5/><V56/><F98/><W109/><G109/><T53/><D108/><U55/><E71/><V95/><F95/><W111/><G116/><T135/><D6/><U30/><E30/><V121/><F121/><W75/><G111/><T39/><D1/><U103/><E103/><V101/><F101/><W22/><G112/><T35/><D79/><U58/><E115/><V60/><F80/><W73/><G38/><T13/><D74/><U9/><E113/><V25/><F25/><W2/><G2/><T86/><D13/><U8/><E8/><V132/><F132/><W102/><G102/><T106/><D106/><U72/><E72/><V16/><F16/><W64/><G41/><AGARI ba="0,0" hai="41,44,46,47,50,52,56,60,88,89,90" m="45578" machi="41" ten="30,3900,0" yaku="12,1,54,2" doraHai="63" who="2" fromWho="3" sc="250,0,250,0,250,39,250,-39" /><INIT seed="1,0,0,4,4,82" ten="250,250,289,211" oya="1" hai0="29,105,116,83,42,51,48,135,84,17,18,123,43" hai1="112,85,71,45,33,24,5,47,129,113,41,124,63" hai2="40,88,64,78,114,131,49,73,67,68,25,2,125" hai3="99,76,26,134,55,19,65,96,6,120,62,127,1"/><U54/><E5/><V37/><F37/><W94/><G120/><T132/><D105/><U59/><E33/><V50/><F114/><W118/><G134/><N who="0" m="51243" /><D29/><U130/><E24/><V69/><F2/><W23/><G127/><T61/><D61/><U104/><E104/><V93/><F25/><W92/><G118/><T106/><D106/><U14/><E14/><V77/><F125/><W44/><G76/><N who="2" m="29289" /><F73/><W36/><G36/><T110/><D110/><U21/><E21/><V107/><F107/><W87/><G87/><T30/><D30/><U60/><E124/><V74/><F74/><W111/><G111/><T90/><D116/><U9/><E9/><V12/><F12/><W108/><G108/><T46/><D123/><U101/><E85/><N who="2" m="52367" /><F68/><W15/><G1/><T79/><D79/><U115/><E101/><V38/><F69/><W22/><G6/><T53/><D43/><U109/><E109/><V58/><F40/><W28/><G44/><AGARI ba="0,0" hai="17,18,42,44,46,48,51,53,83,84,90" m="51243" machi="44" ten="30,2000,0" yaku="20,1,52,1" doraHai="82" who="0" fromWho="3" sc="250,20,250,0,289,0,211,-20" /><INIT seed="2,0,0,1,5,103" ten="270,250,289,191" oya="2" hai0="8,135,119,91,55,106,118,95,104,53,51,69,45" hai1="12,27,133,82,34,47,96,11,19,114,54,43,126" hai2="20,107,56,121,116,63,46,15,123,89,66,113,93" hai3="130,42,81,65,16,3,4,48,13,125,1,124,14"/><V85/><F116/><N who="0" m="44586" /><D69/><U128/><E114/><V90/><F113/><W35/><G65/><T22/><D135/><U120/><E133/><V108/><F108/><W129/><G81/><T75/><D75/><U112/><E112/><V99/><F46/><W26/><G48/><N who="0" m="28815" /><D22/><U2/><E128/><N who="3" m="49258" /><G42/><T72/><D8/><U97/><E126/><N who="3" m="48746" /><G4/><T62/><D62/><U39/><E120/><V50/><F50/><W9/><G14/><T76/><D76/><U17/><E54/><V31/><F15/><W115/><G115/><T33/><D72/><U111/><E111/><V80/><F121/><W70/><G70/><T100/><D100/><U117/><E117/><V101/><F123/><W6/><G35/><T94/><D33/><U87/><E2/><N who="3" m="522" /><G6/><T105/><D91/><U5/><E19/><V57/><F90/><W18/><G18/><T61/><D61/><U25/><E27/><AGARI ba="0,0" hai="9,13,16,26,27" m="522,48746,49258" machi="27" ten="40,8000,1" yaku="19,1,18,1,34,2,54,1" doraHai="103" who="3" fromWho="1" sc="270,0,250,-80,289,0,191,80" /><INIT seed="3,0,0,2,4,0" ten="270,170,289,271" oya="3" hai0="112,113,45,44,63,2,23,76,119,109,59,8,68" hai1="47,94,84,114,135,69,104,65,32,5,10,54,124" hai2="6,1,111,89,67,18,31,61,37,131,92,110,15" hai3="105,58,19,22,41,81,3,24,29,80,14,90,130"/><W93/><G105/><T33/><D68/><U12/><E104/><V88/><F37/><W86/><G130/><T102/><D33/><U51/><E114/><N who="0" m="44137" /><D119/><U91/><E32/><V62/><F31/><W49/><G3/><T48/><D109/><N who="2" m="41482" /><F131/><W98/><G41/><T95/><D76/><U82/><E135/><V78/><F78/><W72/><G72/><T64/><D23/><U99/><E124/><V35/><F35/><W85/><G49/><T108/><D108/><U50/><E51/><V100/><F100/><W122/><G122/><T38/><D38/><U96/><E69/><N who="2" m="42223" /><F62/><W107/><G107/><T103/><D45/><U17/><E65/><V79/><F79/><W97/><G58/><T123/><D123/><U26/><E94/><V66/><F66/><W36/><G36/><T127/><D95/><U129/><E129/><V28/><F28/><W4/><G4/><N who="0" m="1047" /><D127/><U11/><E26/><V77/><F77/><W7/><G7/><T55/><AGARI ba="0,0" hai="44,48,55,59,63,64,102,103" m="1047,44137" machi="55" ten="30,2000,0" yaku="11,1,52,1" doraHai="0" who="0" fromWho="0" sc="270,20,170,-5,289,-5,271,-10" /><INIT seed="4,0,0,5,5,52" ten="290,165,284,261" oya="0" hai0="78,84,50,14,90,132,61,64,7,83,1,73,79" hai1="37,113,36,70,32,17,31,86,2,88,85,116,121" hai2="56,15,42,63,118,16,69,57,30,58,49,117,105" hai3="106,39,8,120,97,130,92,98,45,10,87,48,123"/><T44/><D132/><U53/><E121/><N who="3" m="46666" /><G39/><T13/><D1/><U24/><E116/><N who="2" m="44651" /><F105/><W125/><G106/><T26/><D26/><U126/><E70/><V75/><F30/><W93/><G130/><T76/><D73/><U62/><E2/><V55/><F75/><W135/><G135/><T74/><D74/><U128/><E128/><V112/><F112/><W101/><G125/><T94/><D94/><U131/><E131/><V11/><F69/><W100/><G87/><T81/><D81/><U65/><E86/><V122/><F122/><W29/><G29/><T95/><D95/><N who="3" m="36425" /><G48/><T129/><D129/><U115/><E126/><V66/><F42/><W114/><G45/><T59/><D7/><U18/><E53/><AGARI ba="0,0" hai="13,14,44,50,53,59,61,64,76,78,79,83,84,90" machi="53" ten="40,3900,0" yaku="8,1,52,1" doraHai="52" who="0" fromWho="1" sc="290,39,165,-39,284,0,261,0" owari="329,43.0,126,-37.0,284,8.0,261,-14.0" /></mjloggm>