<mjloggm ver="2.3"><GO type="97" lobby="0"/><UN n0="%E8%8C%82%E5%8E%9F%E6%9C%80%E5%BC%B7" n1="%E3%82%A6%E3%83%AB%E3%83%88%E3%83%A9%E7%AB%8B%E7%9B%B4" n2="%62%6F%72%61%37" n3="%E8%8D%89%E5%86%A0" dan="13,14,14,14" rate="1842.27,1943.47,1906.86,1905.90" sx="M,M,M,F"/><TAIKYOKU oya="0"/><INIT seed="0,0,0,5,0,33" ten="250,250,250,250" oya="0" hai0="118,48,44,58,135,99,125,62,35,108,105,19,11" hai1="70,106,26,126,45,91,116,134,29,68,64,5,97" hai2="69,54,17,124,114,128,7,104,76,79,43,53,110" hai3="59,10,129,30,132,63,115,77,41,60,50,81,133"/><T73/><D118/><U42/><E116/><V123/><F114/><W102/><G115/><T66/><D73/><U25/><E126/><V131/><F43/><W12/><G30/><T72/><D72/><U0/><E134/><N who="3" m="51818" /><G129/><N who="2" m="49737" /><F123/><W34/><G34/><T2/><D135/><U75/><E25/><V39/><F39/><W83/><G102/><T84/><D35/><N who="1" m="20919" /><E91/><V52/><F124/><W78/><G41/><T46/><D108/><U67/><E67/><V85/><F7/><N who="3" m="3167" /><G50/><T3/><D125/><U28/><E28/><V95/><F104/><W112/><G112/><T55/><D44/><U65/><E65/><V87/><F110/><W9/><G9/><T100/><REACH who="0" step="1"/><D84/><REACH who="0" ten="240,250,250,250" step="2"/><U57/><E75/><V113/><F113/><W21/><G77/><T1/><D1/><U8/><E57/><V49/><F76/><W74/><G59/><T88/><D88/><U16/><E45/><V51/><F79/><W82/><G78/><T22/><D22/><U23/><E42/><V56/><F85/><W111/><G74/><T93/><D93/><U80/><E80/><V4/><F95/><W40/><G21/><T122/><D122/><U20/><E20/><V32/><F87/><W119/><G40/><T130/><D130/><U6/><E23/><V89/><F89/><W71/><G119/><T120/><D120/><U37/><E37/><V107/><F32/><W31/><G111/><T103/><D103/><N who="1" m="62831" /><E6/><V127/><F4/><W61/><G71/><N who="1" m="27178" /><E16/><V36/><F69/><W18/><G18/><T38/><D38/><U14/><E0/><V96/><F36/><W13/><G31/><RYUUKYOKU ba="0,1" sc="240,10,250,10,250,-30,250,10" hai0="2,3,11,19,46,48,55,58,62,66,99,100,105" hai1="5,8,14,64" hai3="13,60,61,63,81,82,83" /><INIT seed="0,1,1,1,5,92" ten="250,260,220,260" oya="0" hai0="100,14,8,62,48,20,120,82,110,80,58,55,102" hai1="10,96,1,86,89,5,34,27,56,104,128,124,73" hai2="37,65,23,91,70,108,45,98,85,99,125,95,64" hai3="132,72,15,135,129,18,83,33,101,118,69,117,31"/><T32/><D120/><U88/><E73/><V115/><F115/><W17/><G69/><T59/><D32/><U113/><E113/><V26/><F70/><W11/><G101/><N who="0" m="39019" /><D20/><U77/><E124/><V79/><F108/><W127/><G83/><T49/><D110/><U106/><E128/><V7/><F37/><W134/><G72/><T74/><D74/><U126/><E126/><V103/><F7/><N who="3" m="3583" /><G129/><T42/><D42/><U44/><E77/><V22/><F125/><W4/><G4/><N who="0" m="3335" /><D48/><U60/><E44/><V66/><F45/><W131/><G131/><T9/><D9/><U52/><E34/><V133/><F133/><W3/><G3/><T94/><D94/><U109/><E27/><V121/><F121/><W116/><G127/><T39/><D39/><U47/><E47/><V87/><F103/><W107/><G107/><T29/><D29/><U61/><E109/><V75/><F75/><W84/><G84/><T12/><D12/><U43/><E43/><V71/><F71/><W36/><G36/><T68/><D68/><U123/><E123/><V111/><F111/><W63/><G63/><T6/><D6/><U13/><E1/><V25/><F22/><W51/><G51/><T112/><D112/><U19/><E5/><V30/><F26/><AGARI ba="1,1" hai="17,18,26,31,33,116,117,118,132,134,135" m="3583" machi="26" ten="40,5200,0" yaku="20,1,34,2" doraHai="92" who="3" fromWho="2" sc="250,0,260,0,220,-55,260,65" /><INIT seed="1,0,0,2,2,81" ten="250,260,165,325" oya="1" hai0="97,115,130,4,79,135,32,101,98,50,49,44,33" hai1="95,19,18,34,99,72,124,11,69,93,82,55,37" hai2="62,75,41,56,120,60,83,46,125,24,48,54,39" hai3="104,25,106,127,84,21,30,1,110,13,76,14,23"/><U36/><E69/><V92/><F120/><W17/><G1/><T107/><D115/><U29/><E124/><V88/><F125/><W73/><G127/><T65/><D135/><U70/><E70/><V103/><F103/><W91/><G110/><T68/><D130/><U85/><E72/><V126/><F126/><W26/><G73/><T35/><D4/><U133/><E133/><V123/><F123/><W134/><G76/><T86/><D97/><U7/><E34/><V2/><F2/><W113/><G113/><T119/><D119/><U71/><E71/><V6/><F6/><W58/><G58/><T57/><D57/><U51/><E29/><V47/><F75/><W31/><G134/><T20/><D20/><U28/><E28/><V38/><F83/><W64/><G64/><T61/><D44/><N who="1" m="28135" /><E37/><V52/><F24/><W12/><G17/><N who="1" m="6154" /><E36/><V111/><F54/><W105/><G105/><T87/><D79/><N who="1" m="46303" /><E99/><V0/><F0/><W117/><G117/><T45/><REACH who="0" step="1"/><D50/><REACH who="0" ten="240,260,165,325" step="2"/><U114/><E114/><V90/><F111/><W77/><G77/><T3/><D3/><U118/><E118/><V5/><F5/><W27/><G23/><T132/><D132/><U112/><E112/><V131/><F131/><W67/><G21/><T59/><D59/><U63/><E63/><V74/><F74/><W100/><G31/><T80/><D80/><U53/><E53/><AGARI ba="0,1" hai="32,33,35,45,49,53,61,65,68,86,87,98,101,107" machi="53" ten="40,5200,0" yaku="1,1,52,2,53,0" doraHai="81" doraHaiUra="15" who="0" fromWho="1" sc="240,62,260,-52,165,0,325,0" /><INIT seed="2,0,0,0,2,77" ten="302,208,165,325" oya="2" hai0="69,100,29,16,47,33,80,102,34,30,17,50,5" hai1="15,98,76,10,41,44,45,63,49,133,107,122,18" hai2="108,128,75,0,65,120,109,66,127,52,104,113,59" hai3="14,55,125,78,88,4,3,87,36,58,24,79,38"/><V68/><RYUUKYOKU type="yao9" ba="0,0" sc="302,0,208,0,165,0,325,0" hai2="0,52,59,65,66,68,75,104,108,109,113,120,127,128" /><INIT seed="2,1,0,0,3,13" ten="302,208,165,325" oya="2" hai0="66,19,32,67,43,90,96,116,126,54,56,133,26" hai1="61,78,123,5,65,74,92,42,114,132,117,57,102" hai2="59,35,104,25,73,62,81,53,130,122,18,103,49" hai3="107,24,121,31,40,4,87,60,129,83,111,38,89"/><V135/><F122/><W98/><G121/><T84/><D116/><U47/><E117/><V94/><F104/><W22/><G4/><T77/><D133/><U120/><E114/><V80/><F135/><W101/><G111/><T113/><D113/><U99/><E132/><V28/><F130/><W29/><G129/><T1/><D1/><U7/><E123/><V124/><F73/><W58/><G40/><T36/><D126/><U79/><E120/><V14/><F124/><W44/><G44/><T68/><D68/><U95/><E95/><V11/><F62/><W27/><G38/><T85/><D32/><U46/><E46/><V100/><REACH who="2" step="1"/><F94/><REACH who="2" ten="302,208,155,325" step="2"/><W70/><G60/><N who="0" m="35863" /><D36/><U105/><E105/><V15/><F15/><W91/><G107/><T64/><D43/><U52/><E74/><V112/><F112/><W37/><G37/><T48/><D48/><N who="1" m="28703" /><E42/><V118/><F118/><W55/><G55/><T16/><D26/><U97/><E97/><V0/><F0/><W10/><G27/><T45/><D45/><U41/><E41/><V39/><F39/><W17/><G98/><T134/><D134/><U72/><E72/><V82/><AGARI ba="1,1" hai="11,14,18,25,28,35,49,53,59,80,81,82,100,103" machi="82" ten="30,11700,0" yaku="1,1,0,1,52,1,53,1" doraHai="13" doraHaiUra="9" who="2" fromWho="2" sc="302,-40,208,-40,155,130,325,-40" /><INIT seed="2,2,0,3,4,107" ten="262,168,285,285" oya="2" hai0="111,55,5,37,40,124,32,47,17,129,12,122,110" hai1="125,109,64,3,1,83,121,104,105,74,56,62,34" hai2="115,42,63,33,29,118,73,123,71,131,2,101,134" hai3="116,35,16,36,18,45,59,99,82,68,8,135,65"/><V67/><RYUUKYOKU type="yao9" ba="2,0" sc="262,0,168,0,285,0,285,0" hai2="2,29,33,42,63,67,71,73,101,115,118,123,131,134" /><INIT seed="2,3,0,2,1,107" ten="262,168,285,285" oya="2" hai0="98,86,25,126,13,132,38,128,91,5,29,67,93" hai1="73,84,28,55,33,131,90,103,9,37,0,50,62" hai2="46,71,99,79,106,53,19,127,4,85,1,43,135" hai3="11,80,88,129,49,41,100,56,89,26,45,51,95"/><V114/><F114/><W117/><G117/><T118/><D38/><U124/><E37/><N who="2" m="21871" /><F127/><W65/><G129/><T8/><D126/><U125/><E62/><V36/><F85/><N who="3" m="50215" /><G11/><T115/><D115/><U111/><E111/><V30/><F135/><W21/><G100/><T27/><D132/><U83/><E103/><N who="2" m="62847" /><F19/><N who="3" m="12607" /><G51/><T54/><D128/><U44/><E73/><V18/><F18/><W14/><G14/><T96/><D118/><U40/><E0/><V70/><F53/><W31/><G31/><T112/><D112/><U12/><E33/><V16/><F16/><W133/><G133/><T52/><D67/><U82/><E131/><V120/><F120/><W35/><G35/><T42/><D42/><U109/><E109/><V110/><F30/><W97/><G56/><T23/><D27/><U34/><E40/><V102/><F102/><W22/><G65/><T7/><D7/><U10/><E10/><N who="2" m="2319" /><F110/><W68/><G68/><T108/><D108/><U48/><E48/><V58/><F58/><W123/><G123/><T94/><D86/><U119/><E119/><V32/><F32/><W92/><G22/><T3/><D3/><U6/><E34/><V76/><F36/><W74/><G95/><T105/><D105/><U75/><REACH who="1" step="1"/><E28/><REACH who="1" ten="262,158,285,285" step="2"/><V39/><F39/><W121/><G121/><T72/><D72/><U130/><E130/><V20/><F70/><W59/><G74/><T78/><D78/><AGARI ba="3,1" hai="6,9,12,44,50,55,75,78,82,83,84,90,124,125" machi="78" ten="40,5200,0" yaku="1,1,52,1,53,1" doraHai="107" doraHaiUra="47" who="1" fromWho="0" sc="262,-61,158,71,285,0,285,0" /><INIT seed="3,0,0,2,2,2" ten="201,229,285,285" oya="3" hai0="19,133,67,25,100,125,101,95,36,0,63,53,55" hai1="64,110,120,87,94,81,111,22,115,130,135,14,59" hai2="105,84,30,5,69,72,56,77,54,103,44,9,68" hai3="33,119,27,47,116,121,108,73,96,62,8,93,131"/><W57/><G121/><T58/><D36/><U114/><E120/><V40/><F72/><W89/><G73/><T104/><D104/><U86/><E59/><V123/><F30/><W26/><G33/><T48/><D133/><U65/><E14/><N who="2" m="5423" /><F103/><W92/><G47/><T75/><D75/><U112/><E22/><V113/><F105/><W12/><G131/><T134/><D134/><U78/><E135/><V46/><F46/><W41/><G41/><T129/><D129/><U74/><E130/><V70/><F113/><W88/><G108/><N who="1" m="41514" /><E65/><V127/><F127/><W97/><G116/><T82/><D125/><U124/><E64/><V79/><F79/><W17/><G119/><T71/><D55/><AGARI ba="0,0" hai="8,12,17,26,27,55,57,62,88,89,92,93,96,97" machi="55" ten="30,11600,0" yaku="7,1,9,1,8,1,54,1" doraHai="2" who="3" fromWho="0" sc="201,-116,229,0,285,0,285,116" owari="85,-41.0,229,-17.0,285,9.0,401,49.0" /></mjloggm>