<mjloggm ver="2.3"><GO type="193" lobby="0"/><UN n0="%73%74%61%72%67%6C%6F%77" n1="%E3%81%BD%E3%81%AE%E3%82%82" n2="%E5%B0%B1%E6%B4%BB%E7%94%9F%40%E5%B7%9D%E6%9D%91%E8%BB%8D%E5%9B%A3" n3="%6B%75%6D%69%31%30%33%30" dan="11,10,12,11" rate="1606.00,1464.33,1788.55,1571.18" sx="M,F,M,M"/><TAIKYOKU oya="0"/><INIT seed="0,0,0,1,0,69" ten="250,250,250,250" oya="0" hai0="46,67,95,101,0,29,14,56,28,75,106,27,48" hai1="17,72,90,2,21,91,1,16,3,38,37,54,40" hai2="100,118,32,124,81,110,15,24,103,96,116,132,22" hai3="97,50,9,112,111,59,104,58,12,117,8,20,115"/><T125/><D106/><U73/><E21/><V76/><F32/><W52/><G117/><N who="2" m="45161" /><F110/><W49/><G111/><T126/><D75/><N who="1" m="28747" /><E54/><V30/><F124/><N who="0" m="47722" /><D0/><U135/><E135/><V82/><F132/><W109/><G109/><T92/><D14/><U98/><E98/><V65/><F65/><W87/><G104/><T47/><D101/><N who="2" m="38986" /><F76/><W70/><G97/><T39/><D39/><N who="1" m="14859" /><E40/><V53/><F96/><W61/><G70/><T57/><D67/><U68/><E68/><V31/><F31/><N who="0" m="11850" /><D27/><U44/><E44/><N who="0" m="16937" /><D48/><U80/><E80/><N who="2" m="30827" /><F53/><W13/><G59/><AGARI ba="0,0" hai="56,57,59,92,95" m="16937,11850,47722" machi="59" ten="30,5800,0" yaku="28,2,18,1" doraHai="69" who="0" fromWho="3" sc="250,58,250,0,250,0,250,-58" /><INIT seed="0,1,0,1,0,61" ten="308,250,250,192" oya="0" hai0="95,90,0,54,20,86,32,18,78,113,129,16,135" hai1="114,51,74,75,31,101,100,12,23,93,126,1,87" hai2="33,24,116,133,29,67,40,41,121,124,119,14,96" hai3="71,131,39,77,91,66,130,79,99,127,35,13,55"/><T58/><D129/><N who="3" m="49161" /><G35/><T85/><D135/><U37/><E1/><V110/><F121/><W11/><G39/><T97/><D113/><U25/><E37/><V42/><F133/><W56/><G127/><T44/><D0/><U17/><E126/><V132/><F132/><W60/><G99/><T109/><D32/><U45/><E114/><V52/><F124/><W70/><G91/><T22/><D109/><U125/><E125/><V15/><F110/><W69/><G77/><T8/><D44/><U7/><E7/><V36/><F36/><W72/><G79/><T108/><D108/><U2/><E2/><V21/><F96/><W63/><G72/><T53/><D8/><U48/><E75/><V76/><F76/><W122/><G122/><T65/><D78/><U107/><E107/><V26/><F67/><W104/><G104/><T98/><D65/><U128/><E74/><V59/><F26/><W10/><G10/><T6/><D6/><AGARI ba="1,0" hai="6,11,13,55,56,60,63,66,69,70,71" m="49161" machi="6" ten="30,2000,0" yaku="19,1,52,1" doraHai="61" who="3" fromWho="0" sc="308,-23,250,0,250,0,192,23" /><INIT seed="1,0,0,1,2,60" ten="285,250,250,215" oya="1" hai0="130,107,68,70,93,25,47,121,41,40,2,4,32" hai1="116,110,6,100,71,7,72,61,108,128,44,82,19" hai2="53,115,104,120,119,131,31,97,109,81,14,105,113" hai3="96,22,132,124,16,122,35,23,55,129,37,88,57"/><U54/><E116/><V20/><F119/><W39/><G35/><T87/><D93/><U64/><E128/><V101/><F120/><W85/><G122/><T126/><D87/><U36/><E72/><V79/><F131/><W10/><G129/><T117/><D41/><N who="1" m="22567" /><E19/><N who="2" m="10359" /><F109/><N who="1" m="42089" /><E100/><V127/><F31/><W28/><G124/><T21/><D21/><U9/><E82/><V15/><F15/><W80/><G132/><T29/><D117/><U73/><E9/><V69/><F69/><W67/><G10/><N who="0" m="2327" /><D130/><U63/><E73/><N who="2" m="43247" /><F53/><W99/><G28/><T84/><D84/><U66/><E7/><V27/><F27/><W52/><G37/><N who="0" m="21903" /><D121/><U34/><E6/><V24/><F24/><N who="3" m="14407" /><G23/><T38/><D38/><U112/><E34/><V50/><F127/><W13/><G13/><T58/><D58/><N who="1" m="35031" /><E112/><N who="2" m="43083" /><F105/><W3/><G3/><T76/><D76/><U94/><E94/><V51/><AGARI ba="0,0" hai="50,51,97,101,104" m="43083,43247,10359" machi="51" ten="30,1100,0" yaku="11,1" doraHai="60" who="2" fromWho="2" sc="285,-3,250,-5,250,11,215,-3" /><INIT seed="2,0,0,3,4,121" ten="282,245,261,212" oya="2" hai0="71,13,85,101,109,39,125,57,77,49,130,23,134" hai1="64,127,2,117,93,4,124,10,42,62,31,60,1" hai2="17,80,96,135,35,63,122,65,75,44,18,58,26" hai3="27,106,129,34,38,108,50,15,22,19,21,43,112"/><V113/><F122/><W29/><G106/><T94/><D134/><U55/><E117/><V81/><F113/><W99/><G38/><T119/><D130/><U70/><E31/><V54/><F135/><W45/><G99/><T41/><D119/><U9/><E93/><V20/><F35/><W12/><G129/><T47/><D125/><N who="1" m="48203" /><E42/><V69/><F75/><W83/><G83/><T132/><D132/><U105/><E105/><V118/><F118/><W120/><G120/><T123/><D123/><U37/><E37/><V74/><F74/><W90/><G90/><T116/><D116/><U110/><E55/><V114/><F114/><W52/><G112/><T8/><D71/><U92/><E92/><V67/><F67/><W89/><G89/><T82/><D23/><U87/><E87/><V133/><F133/><W91/><G91/><T72/><D72/><U76/><E60/><V56/><F96/><W73/><G73/><T48/><D57/><U128/><E76/><V88/><F44/><W14/><G108/><T11/><D109/><U40/><E40/><V100/><F100/><W59/><G59/><T53/><D53/><U84/><E84/><N who="2" m="50183" /><F69/><W6/><G6/><T97/><REACH who="0" step="1"/><D11/><REACH who="0" ten="272,245,261,212" step="2"/><U30/><E128/><V36/><F58/><W68/><G68/><T86/><D86/><U95/><E95/><V16/><F81/><W51/><G52/><T104/><D104/><U78/><E78/><V25/><F20/><W98/><G22/><T103/><D103/><U7/><E30/><V126/><F126/><W79/><G21/><T66/><D66/><U115/><E115/><RYUUKYOKU ba="0,1" sc="272,15,245,15,261,-15,212,-15" hai0="8,13,39,41,47,48,49,77,82,85,94,97,101" hai1="1,2,4,7,9,10,62,64,70,110" /><INIT seed="3,1,1,5,1,128" ten="287,260,246,197" oya="3" hai0="67,48,12,81,23,117,127,93,38,94,119,82,54" hai1="131,113,20,2,34,122,129,11,1,45,80,44,32" hai2="62,78,6,26,37,36,29,13,110,89,46,58,22" hai3="69,97,102,95,17,74,100,90,106,21,71,130,28"/><W25/><G130/><N who="1" m="49674" /><E45/><V132/><F110/><W79/><G106/><T121/><D121/><U109/><E80/><V43/><F36/><W61/><G61/><T47/><D127/><U115/><E44/><V76/><F89/><W59/><G59/><T99/><D38/><U15/><E122/><V84/><F84/><W27/><G74/><T116/><D67/><U35/><E20/><V57/><F57/><W8/><G8/><T104/><D104/><U18/><E109/><V14/><F132/><W40/><G40/><T98/><D12/><U9/><E18/><V33/><F13/><W91/><G79/><T56/><D23/><U53/><E15/><V64/><REACH who="2" step="1"/><F22/><REACH who="2" ten="287,260,236,197" step="2"/><W55/><G90/><T31/><D119/><U123/><E53/><V133/><F133/><W111/><G55/><T120/><D120/><U30/><E123/><V0/><F0/><N who="1" m="105" /><E30/><V103/><F103/><W3/><G3/><T5/><D117/><U96/><E96/><V88/><F88/><W24/><G111/><T63/><D116/><U108/><E108/><V52/><F52/><W118/><G118/><T39/><D31/><U85/><E85/><V135/><F135/><W75/><G28/><T125/><D39/><U19/><E19/><V126/><F126/><W124/><G124/><T7/><D125/><U101/><E101/><N who="3" m="39018" /><G75/><T77/><D7/><U107/><E107/><V60/><F60/><W72/><G72/><N who="0" m="43175" /><D5/><U41/><E41/><V87/><F87/><W114/><G114/><AGARI ba="1,2" hai="9,11,32,34,35,113,114,115" m="105,49674" machi="114" ten="40,8000,1" yaku="28,2,19,1,34,2" doraHai="128" who="1" fromWho="3" sc="287,0,260,103,236,0,197,-83" owari="287,9.0,363,46.0,236,-16.0,114,-39.0" /></mjloggm>