<mjloggm ver="2.3"><GO type="97" lobby="0"/><UN n0="%E3%82%B9%E3%83%88%E3%83%BC%E3%82%AF%E3%82%B7%E3%83%86%E3%82%A3" n1="%4F%53%58" n2="%E3%81%B9%E3%81%A3%E3%81%93%E3%83%BC%E2%99%AA" n3="%E5%B0%B1%E6%B4%BB%E7%94%9F%40%E5%B7%9D%E6%9D%91%E8%BB%8D%E5%9B%A3" dan="13,15,15,13" rate="2021.73,1958.85,2038.63,1855.48" sx="M,M,F,M"/><TAIKYOKU oya="0"/><INIT seed="0,0,0,2,2,36" ten="250,250,250,250" oya="0" hai0="85,129,84,125,108,38,54,78,56,82,20,34,86" hai1="45,27,19,122,107,55,119,60,18,65,75,67,93" hai2="9,13,51,100,2,127,131,71,22,101,70,29,50" hai3="89,32,88,134,80,64,30,46,25,43,99,68,62"/><T110/><D38/><U63/><E107/><V5/><F71/><W117/><G134/><T15/><D34/><U95/><E75/><V109/><F70/><W28/><G117/><T105/><D105/><U112/><E122/><V114/><F114/><W48/><G30/><T24/><D15/><U23/><E119/><V39/><F39/><W74/><REACH who="3" step="1"/><G99/><REACH who="3" ten="250,250,250,240" step="2"/><T47/><D129/><U113/><E113/><V116/><F29/><W133/><G133/><T0/><D125/><U66/><E112/><V41/><F131/><W49/><G49/><N who="0" m="28991" /><D0/><U124/><E124/><V4/><F127/><W90/><G90/><T52/><D110/><U37/><E37/><V91/><F2/><W77/><AGARI ba="0,1" hai="25,28,32,43,46,48,62,64,68,74,77,80,88,89" machi="77" ten="30,7900,0" yaku="1,1,0,1,52,1,54,1,53,0" doraHai="36" doraHaiUra="135" who="3" fromWho="3" sc="250,-39,250,-20,250,-20,240,89" /><INIT seed="1,0,0,5,5,23" ten="211,230,230,329" oya="1" hai0="29,71,38,89,30,26,57,65,88,94,47,28,27" hai1="103,126,122,54,105,8,86,15,106,52,84,66,49" hai2="78,36,43,118,63,33,39,135,85,56,75,113,104" hai3="0,125,100,91,58,50,13,117,107,127,70,124,61"/><U112/><E112/><V12/><F118/><W79/><G0/><T19/><D71/><U134/><E122/><V128/><F104/><W115/><G117/><T123/><D123/><U110/><E66/><V14/><F113/><W51/><G115/><T25/><D89/><U82/><E134/><V1/><F1/><W16/><G70/><T121/><D121/><U92/><E126/><V18/><F75/><W60/><G79/><T62/><D38/><U109/><E92/><V31/><F128/><W68/><G68/><T95/><D95/><U35/><E35/><V96/><F96/><N who="3" m="61831" /><G91/><T77/><D47/><N who="1" m="27711" /><E54/><V59/><F135/><W46/><G46/><T83/><D83/><U34/><E34/><V2/><F2/><W55/><G61/><T116/><D77/><N who="1" m="46159" /><E86/><V67/><F85/><W132/><G132/><T17/><D116/><U4/><E103/><V76/><F67/><W3/><G3/><T64/><D65/><U74/><E74/><V24/><F63/><W9/><AGARI ba="0,0" hai="9,13,16,50,51,55,58,60,124,125,127" m="61831" machi="9" ten="30,2000,0" yaku="18,1,54,1" doraHai="23" who="3" fromWho="3" sc="211,-5,230,-10,230,-5,329,20" /><INIT seed="2,0,0,2,2,134" ten="206,220,225,349" oya="2" hai0="33,74,45,100,119,42,27,122,85,112,73,53,113" hai1="54,51,46,6,30,124,114,13,107,24,0,130,108" hai2="8,29,34,44,76,50,63,77,15,98,16,4,68" hai3="49,32,52,126,80,92,120,90,88,20,103,55,62"/><V89/><F34/><W7/><G32/><T117/><D53/><U11/><E114/><N who="0" m="44137" /><D100/><U58/><E107/><V59/><F29/><W37/><G120/><T18/><D85/><U14/><E108/><V71/><F71/><W69/><G37/><N who="0" m="21711" /><D122/><U23/><E130/><V9/><F68/><W106/><G7/><T22/><D18/><U101/><E101/><V109/><F109/><W121/><G121/><T97/><D22/><U65/><REACH who="1" step="1"/><E124/><REACH who="1" ten="206,210,225,349" step="2"/><V78/><F89/><W129/><G126/><T135/><D97/><U47/><E47/><V132/><F98/><W87/><G106/><T86/><D135/><U67/><E67/><N who="2" m="39423" /><F132/><W115/><G103/><T72/><D86/><U66/><E66/><V110/><F110/><W94/><G129/><T19/><D19/><U111/><E111/><V84/><F84/><W10/><G115/><T17/><D17/><U70/><E70/><V93/><F76/><W3/><G69/><T105/><D105/><U41/><E41/><N who="2" m="24847" /><F93/><W36/><G92/><T56/><D56/><U60/><AGARI ba="0,1" hai="0,6,11,13,14,23,24,30,46,51,54,58,60,65" machi="60" ten="30,2000,0" yaku="1,1,0,1,53,0" doraHai="134" doraHaiUra="12" who="1" fromWho="1" sc="206,-5,210,30,225,-10,349,-5" /><INIT seed="3,0,0,5,3,128" ten="201,240,215,344" oya="3" hai0="63,85,109,111,55,96,73,74,43,21,66,92,6" hai1="65,80,0,124,101,97,87,32,8,28,39,90,116" hai2="22,56,37,103,113,50,68,57,1,35,125,64,118" hai3="20,12,106,107,24,42,40,135,67,122,110,120,44"/><W126/><G135/><T60/><D43/><U33/><E39/><V93/><F35/><W52/><G126/><T76/><D6/><U46/><E124/><V31/><F37/><W83/><G67/><T70/><D76/><U45/><E65/><V51/><F1/><W38/><G42/><T119/><D85/><U17/><E116/><V19/><F125/><W47/><G110/><T98/><D119/><U77/><E90/><V11/><F68/><W36/><G83/><T25/><D98/><U16/><E17/><V34/><F34/><W29/><G12/><T88/><D111/><U3/><E3/><V86/><F118/><W95/><G95/><T133/><D133/><U117/><E117/><V82/><F113/><W100/><G38/><T41/><D41/><U127/><E127/><V89/><F31/><W69/><G69/><T53/><D109/><U4/><E16/><V61/><F11/><W2/><G2/><T27/><D27/><N who="1" m="18463" /><E33/><V26/><F57/><W14/><G14/><T112/><D112/><U10/><E10/><V72/><F72/><W104/><G100/><T102/><D102/><U23/><E23/><V78/><F103/><W81/><G81/><T131/><D131/><U134/><E134/><V30/><F30/><W9/><G9/><T49/><D60/><U129/><E129/><V123/><F123/><W132/><G132/><T59/><D55/><U121/><E121/><V48/><F78/><W105/><G120/><T58/><D70/><U114/><E114/><V108/><F108/><W99/><N who="3" m="27136" /><DORA hai="75" /><W91/><G122/><T54/><D66/><RYUUKYOKU ba="0,0" sc="201,10,240,10,215,10,344,-30" hai0="21,25,49,53,54,58,59,63,73,74,88,92,96" hai1="0,4,8,45,46,77,80,87,97,101" hai2="19,22,26,48,50,51,56,61,64,82,86,89,93" owari="211,-29.0,250,5.0,225,-17.0,314,41.0" /></mjloggm>