<mjloggm ver="2.3"><GO type="193" lobby="0"/><UN n0="%E5%8A%A0%E5%A4%9A%E7%80%AC%E6%89%8B" n1="%74%61%6B%61%74%6F%72%61" n2="%E5%B0%B1%E6%B4%BB%E7%94%9F%40%E5%B7%9D%E6%9D%91%E8%BB%8D%E5%9B%A3" n3="%68%61%72%75%6E" dan="12,12,12,10" rate="1712.94,1715.10,1836.57,1601.73" sx="M,M,M,M"/><TAIKYOKU oya="0"/><INIT seed="0,0,0,3,1,24" ten="250,250,250,250" oya="0" hai0="68,34,44,62,53,76,69,134,48,108,13,89,135" hai1="19,123,122,31,88,99,77,105,125,82,45,73,15" hai2="75,72,39,6,21,46,80,133,42,25,54,8,126" hai3="131,49,85,64,32,96,78,57,16,110,117,5,130"/><T35/><D76/><U61/><E125/><V50/><F126/><W12/><G117/><T86/><D108/><U52/><E123/><V112/><F133/><N who="0" m="50698" /><D13/><U118/><E118/><V83/><F112/><W103/><G110/><T87/><D87/><U22/><E122/><V1/><F75/><W102/><G5/><T104/><D104/><U63/><E105/><V40/><F72/><W38/><G38/><T106/><D106/><U0/><E0/><V114/><F114/><W100/><G32/><N who="0" m="12331" /><D62/><U55/><E45/><V113/><F113/><W56/><G85/><T119/><D119/><U7/><E7/><V47/><F42/><W41/><G78/><T129/><D129/><N who="3" m="49161" /><G96/><T37/><D37/><U28/><E99/><V3/><REACH who="2" step="1"/><F1/><REACH who="2" ten="250,250,240,250" step="2"/><W33/><G41/><T111/><D111/><U60/><REACH who="1" step="1"/><E88/><REACH who="1" ten="250,240,240,250" step="2"/><V90/><F90/><W9/><G103/><T84/><D84/><U59/><E59/><V20/><F20/><W30/><G102/><T43/><D43/><U92/><E92/><AGARI ba="0,2" hai="44,48,53,68,69,86,89,92" m="12331,50698" machi="92" ten="30,1500,0" yaku="20,1" doraHai="24" who="0" fromWho="1" sc="250,35,240,-15,240,0,250,0" /><INIT seed="0,1,0,0,4,41" ten="285,225,240,250" oya="0" hai0="101,59,3,91,14,108,60,17,27,26,88,98,69" hai1="52,46,54,32,51,39,96,23,82,81,94,115,49" hai2="71,19,113,76,34,87,132,105,86,106,13,67,85" hai3="111,131,130,80,127,83,57,128,5,121,43,75,58"/><T129/><D129/><U120/><E32/><V65/><F113/><W74/><G111/><T9/><D69/><U4/><E120/><V28/><F132/><W1/><G121/><T68/><D68/><U66/><E39/><V16/><F76/><W12/><G127/><T116/><D116/><U61/><E115/><V50/><F19/><W102/><G102/><T35/><D3/><U6/><E23/><V123/><F123/><W15/><G1/><T56/><D108/><U134/><E134/><V40/><F28/><W29/><G5/><N who="1" m="2154" /><E66/><V33/><F33/><W8/><G8/><T2/><D2/><U72/><E72/><N who="3" m="27690" /><G43/><T77/><D77/><U79/><E61/><V22/><F34/><W126/><G126/><T97/><D35/><U45/><E79/><V124/><F124/><W84/><G84/><T47/><D47/><U36/><E36/><V93/><F71/><W122/><G122/><T38/><D38/><U31/><E31/><V30/><F30/><W103/><G103/><AGARI ba="1,0" hai="45,46,49,51,52,54,81,82,94,96,103" m="2154" machi="103" ten="30,7700,0" yaku="8,1,52,2,54,1" doraHai="41" who="1" fromWho="3" sc="285,0,225,80,240,0,250,-80" /><INIT seed="1,0,0,3,0,33" ten="285,305,240,170" oya="1" hai0="23,18,44,32,61,91,93,7,59,84,130,5,108" hai1="39,52,45,128,90,46,134,104,85,88,73,58,65" hai2="49,121,11,99,9,29,42,86,67,103,77,15,118" hai3="119,106,107,89,113,50,125,68,14,111,71,38,6"/><U112/><E73/><V54/><F121/><W117/><G89/><T74/><D130/><U96/><E112/><V87/><F118/><N who="3" m="45067" /><G50/><T10/><D32/><U97/><E128/><V78/><F42/><W26/><G113/><T53/><D74/><U57/><E104/><N who="3" m="39978" /><G38/><T69/><D69/><N who="3" m="26697" /><G26/><T110/><D44/><U116/><E39/><V70/><F70/><W16/><G6/><T40/><D40/><U114/><E116/><V27/><F67/><W81/><G81/><T35/><D35/><U21/><E114/><V122/><F122/><W126/><G111/><N who="0" m="42539" /><D10/><AGARI ba="0,0" hai="10,14,16,125,126" m="26697,39978,45067" machi="10" ten="40,2600,0" yaku="12,1,54,1" doraHai="33" who="3" fromWho="0" sc="285,-26,305,0,240,0,170,26" /><INIT seed="2,0,0,2,4,101" ten="259,305,240,196" oya="2" hai0="32,98,135,120,69,72,2,41,111,39,81,134,29" hai1="123,38,5,128,34,26,87,129,22,35,67,61,7" hai2="18,40,66,71,8,43,44,127,33,55,9,12,45" hai3="23,110,68,133,112,0,17,20,125,6,130,58,76"/><V75/><F33/><N who="1" m="12297" /><E38/><V54/><F127/><W64/><G76/><T48/><D120/><U63/><E87/><V30/><F75/><W92/><G64/><T1/><D111/><U49/><E67/><V10/><F30/><W116/><G58/><T46/><D48/><U122/><E49/><V74/><F74/><W88/><G88/><T100/><D69/><U70/><E70/><V107/><F107/><W104/><G92/><T114/><D114/><U126/><E61/><V102/><F102/><W124/><G23/><T103/><D103/><U36/><E63/><V117/><F117/><W4/><G20/><T118/><D118/><U86/><E86/><V82/><F82/><W3/><G6/><N who="1" m="2058" /><E36/><V89/><F89/><W51/><G4/><T131/><D131/><N who="1" m="50251" /><E126/><V15/><F66/><W91/><G3/><T99/><D99/><U53/><E53/><N who="2" m="19979" /><F71/><W13/><G125/><T90/><D90/><U56/><E56/><V132/><F132/><N who="0" m="50730" /><D81/><U65/><E65/><V19/><F44/><W78/><G78/><T25/><D72/><U59/><E59/><V106/><F106/><AGARI ba="0,0" hai="1,2,25,29,32,39,41,46,98,100,106" m="50730" machi="106" ten="30,3900,0" yaku="20,1,23,1,52,1" doraHai="101" who="0" fromWho="2" sc="259,39,305,0,240,-39,196,0" /><INIT seed="3,0,0,4,1,43" ten="298,305,201,196" oya="3" hai0="69,98,12,134,91,84,74,103,7,3,131,99,104" hai1="100,75,47,35,0,79,96,85,77,90,129,9,128" hai2="56,78,38,10,68,116,88,133,95,40,45,48,8" hai3="17,27,118,20,13,80,106,39,22,123,101,59,107"/><W94/><G123/><T55/><D69/><U32/><E47/><V6/><F133/><W19/><G118/><T21/><D3/><U63/><E63/><V15/><F116/><W2/><G2/><T111/><D134/><U126/><E126/><V61/><F78/><W71/><G71/><T18/><D131/><N who="1" m="50251" /><E0/><V4/><F68/><W109/><G109/><T113/><D113/><U119/><E9/><V83/><BYE who="3" /><F83/><W73/><G73/><T44/><D111/><U108/><E119/><V102/><F102/><UN n3="%68%61%72%75%6E" /><W62/><G39/><T130/><D130/><U89/><E108/><V33/><F33/><N who="1" m="12873" /><E75/><V97/><F38/><W127/><G127/><T82/><D7/><N who="2" m="2602" /><F15/><W65/><REACH who="3" step="1"/><G80/><REACH who="3" ten="298,305,201,186" step="2"/><T67/><D74/><U72/><E72/><V112/><F112/><W41/><G41/><T58/><D67/><AGARI ba="0,1" hai="8,10,40,45,48,56,61,67,88,95,97" m="2602" machi="67" ten="30,3900,0" yaku="8,1,52,1,54,1" doraHai="43" who="2" fromWho="0" sc="298,-39,305,0,201,49,186,0" owari="259,6.0,305,40.0,250,-15.0,186,-31.0" /></mjloggm>