<mjloggm ver="2.3"><GO type="97" lobby="0"/><UN n0="%E2%98%85%50%69%7A%61%72%72%6F" n1="%E7%99%BE%E5%BC%8F%E8%A6%B3%E9%9F%B3" n2="%E3%82%A6%E3%83%AB%E3%83%88%E3%83%A9%E7%AB%8B%E7%9B%B4" n3="%E3%81%B5%E3%82%8A%E3%81%BE%E3%81%99" dan="13,14,13,16" rate="1837.94,1951.32,1917.86,1953.93" sx="M,M,M,M"/><TAIKYOKU oya="0"/><INIT seed="0,0,0,4,2,109" ten="250,250,250,250" oya="0" hai0="117,0,11,37,34,89,135,27,73,102,131,103,64" hai1="100,108,90,76,14,134,72,123,61,22,28,20,48" hai2="26,66,55,106,58,52,129,87,67,118,62,93,114" hai3="31,23,98,83,86,91,84,32,6,79,130,45,53"/><T38/><D117/><U57/><E123/><V71/><F106/><W19/><G130/><T60/><D131/><U127/><E108/><V42/><F118/><W47/><G32/><T4/><D135/><U63/><E134/><V112/><F129/><W24/><G6/><T111/><D89/><U29/><E127/><V41/><F87/><W97/><G31/><N who="1" m="11850" /><E72/><V78/><F93/><N who="3" m="54503" /><G45/><T15/><D111/><U5/><E100/><V92/><F92/><W121/><G121/><T115/><D73/><U51/><E76/><V126/><F26/><W110/><G110/><T50/><D27/><U74/><E74/><V101/><F101/><W36/><G36/><T43/><D34/><U96/><E63/><N who="2" m="40447" /><F78/><W9/><G9/><T88/><D0/><U1/><E1/><V70/><F126/><W132/><G132/><T46/><D38/><U12/><E96/><N who="3" m="36970" /><G47/><T21/><D37/><U85/><E12/><V49/><F55/><AGARI ba="0,0" hai="19,23,24,53,55,79,83,86" m="36970,54503" machi="55" ten="30,1000,0" yaku="8,1" doraHai="109" who="3" fromWho="2" sc="250,0,250,0,250,-10,250,10" /><INIT seed="1,0,0,4,0,90" ten="250,250,240,260" oya="1" hai0="0,9,55,49,109,40,129,103,25,31,91,64,123" hai1="52,42,20,4,19,135,98,132,71,39,78,87,56" hai2="11,101,92,95,46,97,44,83,116,99,105,33,54" hai3="118,3,121,51,26,128,50,133,107,125,110,74,29"/><U124/><E71/><V122/><F33/><W66/><RYUUKYOKU type="yao9" ba="0,0" sc="250,0,250,0,240,0,260,0" hai3="3,26,29,50,51,66,74,107,110,118,121,125,128,133" /><INIT seed="1,1,0,1,0,93" ten="250,250,240,260" oya="1" hai0="132,32,0,41,21,19,56,107,123,70,47,88,50" hai1="116,75,74,131,95,11,98,55,113,79,89,125,96" hai2="35,12,135,76,51,121,13,81,119,66,103,100,42" hai3="64,61,120,87,117,82,101,3,90,24,69,94,110"/><U30/><E30/><V36/><F36/><W4/><G120/><T52/><D70/><U17/><E116/><V27/><F121/><W31/><G110/><T15/><D32/><U118/><E118/><V134/><F119/><W2/><G117/><T44/><D0/><U67/><E67/><V72/><F66/><W106/><G4/><T73/><D73/><N who="1" m="27659" /><E55/><V127/><F127/><W129/><G82/><T85/><D132/><N who="2" m="50730" /><F27/><W68/><G129/><T126/><D126/><U6/><E125/><V108/><F108/><W53/><G53/><T102/><D123/><U58/><E58/><V92/><F35/><N who="3" m="20967" /><G69/><T43/><D102/><N who="2" m="38954" /><F92/><W124/><G124/><T65/><D107/><U109/><E17/><V34/><F34/><W16/><G16/><T54/><D65/><U49/><E49/><V115/><F115/><W83/><G94/><N who="0" m="54543" /><D54/><U86/><E6/><V33/><F33/><W91/><G90/><T130/><D130/><U80/><E11/><V14/><F42/><AGARI ba="1,0" hai="15,19,21,41,42,43,44,47,50,52,56" m="54543" machi="42" ten="30,7700,0" yaku="25,1,8,1,54,2" doraHai="93" who="0" fromWho="2" sc="250,80,250,0,240,-80,260,0" /><INIT seed="2,0,0,0,3,2" ten="330,250,160,260" oya="2" hai0="66,18,0,91,43,69,114,118,39,8,35,103,59" hai1="116,134,117,12,58,102,51,28,105,16,132,22,10" hai2="50,79,81,82,71,110,37,125,80,20,47,104,99" hai3="126,4,127,40,21,95,1,73,5,113,120,29,135"/><V36/><F71/><W84/><G1/><T78/><D69/><U89/><E102/><V15/><F125/><N who="3" m="47627" /><G120/><T6/><D78/><U14/><E105/><V31/><F110/><W41/><G73/><T55/><D103/><U97/><E97/><V46/><F104/><W63/><G135/><N who="1" m="51754" /><E89/><V131/><F131/><W45/><G63/><T64/><D35/><U61/><E51/><V42/><F99/><W65/><G65/><T129/><D129/><U112/><E28/><V48/><F79/><W26/><G113/><T86/><D118/><N who="1" m="45675" /><E58/><V54/><REACH who="2" step="1"/><F15/><REACH who="2" ten="330,250,150,260" step="2"/><W30/><G84/><T24/><D86/><U72/><E72/><V76/><F76/><W90/><G90/><T106/><D91/><U96/><E96/><V94/><F94/><W111/><G95/><T17/><D106/><U119/><E112/><V38/><F38/><N who="3" m="21655" /><G111/><T101/><D39/><U11/><E119/><V67/><F67/><W107/><G107/><T33/><D66/><U74/><E74/><V124/><F124/><W128/><G128/><T44/><D64/><U27/><E61/><V121/><F121/><W85/><G85/><T109/><D114/><U23/><E14/><V68/><F68/><W87/><G87/><T53/><D109/><U60/><E60/><V52/><F52/><W93/><G93/><T75/><D53/><U25/><E12/><V9/><F9/><W133/><G133/><T88/><D55/><U19/><AGARI ba="0,1" hai="10,11,16,19,22,23,25,27" m="45675,51754" machi="19" ten="30,7900,0" yaku="20,1,34,2,54,1" doraHai="2" who="1" fromWho="1" sc="330,-20,250,89,150,-39,260,-20" /><INIT seed="3,0,0,1,2,117" ten="310,339,111,240" oya="3" hai0="7,64,58,11,16,1,119,73,56,34,35,51,45" hai1="39,17,74,133,130,12,91,93,102,54,62,36,0" hai2="116,37,109,60,105,6,5,106,26,38,95,2,114" hai3="32,120,110,131,112,4,126,72,118,66,47,78,103"/><W61/><G120/><T57/><D73/><U19/><E0/><V92/><F60/><W31/><G118/><T42/><D119/><U10/><E74/><V65/><F116/><W9/><G112/><T75/><D75/><U89/><E130/><V3/><F26/><W68/><G131/><T104/><D104/><U63/><E133/><V30/><F65/><W50/><G126/><T29/><D64/><U107/><E107/><V14/><F14/><W23/><G110/><T33/><REACH who="0" step="1"/><D16/><REACH who="0" ten="300,339,111,240" step="2"/><N who="1" m="8215" /><E36/><V49/><F109/><W20/><G103/><T24/><AGARI ba="0,1" hai="1,7,11,24,29,33,34,35,42,45,51,56,57,58" machi="24" ten="30,2000,0" yaku="1,1,0,1,53,0" doraHai="117" doraHaiUra="79" who="0" fromWho="0" sc="300,30,339,-5,111,-5,240,-10" owari="330,13.0,334,43.0,106,-39.0,230,-17.0" /></mjloggm>