<mjloggm ver="2.3"><GO type="169" lobby="0"/><UN n0="%70%69%2D%70%6F" n1="%E7%83%8F%E8%B3%8A%E5%A4%A9" n2="%E3%81%91%E3%82%93%31%39%37%30" n3="%E3%82%A6%E3%83%AB%E3%83%88%E3%83%A9%E7%AB%8B%E7%9B%B4" dan="16,17,17,16" rate="2106.24,2180.82,2191.08,2145.82" sx="M,M,M,M"/><TAIKYOKU oya="0"/><INIT seed="0,0,0,5,0,107" ten="250,250,250,250" oya="0" hai0="102,25,51,23,11,48,91,78,128,57,38,71,74" hai1="72,59,104,117,96,97,67,114,45,73,88,112,26" hai2="75,69,49,99,108,32,2,77,110,105,34,90,82" hai3="111,4,113,134,22,52,101,62,39,64,21,54,126"/><T124/><D71/><U24/><E117/><V47/><F2/><W118/><G39/><T100/><D38/><U125/><E125/><V66/><F66/><W29/><G113/><N who="1" m="43626" /><E45/><V76/><F69/><W68/><G118/><T0/><D124/><U7/><E7/><V81/><F90/><W56/><G126/><T28/><D128/><U17/><E104/><V15/><F15/><W14/><G134/><T95/><D0/><U63/><E97/><V41/><F99/><W6/><G111/><N who="2" m="42537" /><F105/><W35/><G35/><T27/><D11/><U119/><E119/><V80/><F80/><W9/><G4/><T13/><D13/><U12/><E26/><V42/><F42/><W109/><G109/><T40/><D27/><U53/><E24/><V87/><AGARI ba="0,0" hai="32,34,41,47,49,75,76,77,81,82,87" m="42537" machi="87" ten="30,2000,0" yaku="14,1,52,1" doraHai="107" who="2" fromWho="2" sc="250,-10,250,-5,250,20,250,-5" /><INIT seed="1,0,0,0,5,66" ten="240,245,270,245" oya="1" hai0="46,27,119,28,7,103,83,94,38,126,26,86,1" hai1="42,40,124,49,62,85,35,125,43,29,131,133,122" hai2="45,80,37,132,81,17,78,30,22,113,14,63,24" hai3="33,36,116,15,128,77,3,87,64,54,23,21,68"/><U114/><E114/><V102/><F132/><W107/><G87/><T69/><D119/><U56/><E29/><V134/><F134/><W76/><G54/><T4/><D126/><N who="1" m="48747" /><E35/><V118/><F118/><W92/><G92/><T41/><D69/><U109/><E133/><V60/><F102/><W89/><G89/><T50/><D38/><U105/><E105/><V70/><F113/><W130/><G15/><T65/><D65/><N who="1" m="39111" /><E85/><V52/><F80/><W127/><G64/><T58/><D1/><U8/><E8/><V112/><F70/><W18/><G68/><T20/><D58/><U34/><E34/><V120/><F37/><W90/><G33/><T47/><D47/><N who="1" m="25831" /><E122/><V91/><F120/><W11/><G107/><T5/><D94/><U13/><E13/><V48/><F112/><W93/><G11/><T82/><D26/><U39/><E131/><V88/><F78/><W31/><G77/><N who="0" m="46415" /><D83/><U115/><E115/><V67/><F81/><W117/><G76/><T104/><D104/><U19/><E19/><V84/><F84/><W74/><G18/><T44/><D44/><N who="1" m="23647" /><E43/><V12/><F12/><W16/><G128/><T73/><D73/><U95/><E95/><V71/><REACH who="2" step="1"/><F63/><REACH who="2" ten="240,245,260,245" step="2"/><W121/><G130/><T9/><D103/><U97/><E97/><V6/><F6/><W100/><G127/><T72/><D72/><U55/><E109/><V79/><F79/><W61/><G116/><T59/><D7/><U101/><E101/><V25/><F25/><W10/><G100/><T110/><D110/><U111/><E111/><V0/><F0/><W106/><G117/><RYUUKYOKU ba="0,1" sc="240,-15,245,15,260,15,245,-15" hai1="55" hai2="14,17,22,24,30,45,48,52,60,67,71,88,91" /><INIT seed="1,1,1,3,5,67" ten="225,260,275,230" oya="1" hai0="61,39,0,30,48,71,19,119,53,46,79,83,130" hai1="69,121,98,60,65,4,38,23,55,9,3,87,34" hai2="131,103,91,63,88,7,29,70,112,125,42,92,115" hai3="80,66,36,31,68,17,90,126,97,124,93,58,16"/><U12/><E34/><V40/><F7/><W73/><G36/><T1/><D119/><U78/><E38/><V129/><F29/><W10/><G31/><T105/><D105/><U89/><E121/><V13/><F13/><W26/><G58/><T28/><D130/><N who="2" m="49674" /><F103/><W85/><G73/><T108/><D108/><U22/><E78/><V51/><F91/><W74/><G74/><T100/><D100/><U18/><E98/><N who="2" m="57607" /><F125/><N who="3" m="48235" /><G26/><T117/><D28/><U52/><REACH who="1" step="1"/><E23/><REACH who="1" ten="225,250,275,230" step="2"/><V57/><F112/><W24/><G10/><T59/><D79/><U37/><E37/><V77/><F77/><N who="3" m="46223" /><G24/><T116/><D117/><U127/><E127/><V76/><F76/><W132/><G132/><T94/><D116/><U35/><E35/><V62/><F115/><W14/><G14/><T114/><D39/><U75/><E75/><V5/><F5/><W95/><G95/><AGARI ba="1,2" hai="3,4,9,12,18,22,52,55,60,65,69,87,89,95" machi="95" ten="30,12000,1" yaku="1,1,7,1,52,1,54,1,53,1" doraHai="67" doraHaiUra="8" who="1" fromWho="3" sc="225,0,250,143,275,0,230,-123" /><INIT seed="1,2,0,3,0,72" ten="225,393,275,107" oya="1" hai0="76,41,107,118,43,18,38,27,74,65,135,34,77" hai1="28,126,14,26,85,5,105,66,10,20,123,21,120" hai2="31,114,112,2,91,25,24,104,100,7,125,49,90" hai3="12,80,116,62,67,8,122,4,59,22,87,98,94"/><U131/><E105/><V83/><F125/><W102/><G122/><T47/><D118/><U11/><E66/><V45/><F7/><W0/><G116/><T70/><D135/><U96/><E96/><V79/><F2/><W58/><G0/><T32/><D43/><U9/><E85/><N who="2" m="48383" /><F100/><W61/><G22/><N who="1" m="8810" /><E126/><V133/><F104/><W92/><G98/><T52/><D107/><U44/><E44/><V35/><F25/><W82/><G82/><T3/><D74/><U95/><E95/><V15/><F15/><W84/><G84/><T55/><D3/><U46/><E46/><V69/><F133/><W16/><G4/><T73/><D73/><U30/><E131/><V88/><F69/><W19/><G19/><T64/><D18/><U78/><E78/><V111/><F111/><W1/><G1/><T93/><D93/><U60/><E60/><V117/><F117/><W127/><G127/><T115/><D70/><U103/><E103/><V99/><F99/><W134/><G134/><T68/><D68/><U40/><E40/><V51/><F45/><W132/><G132/><T13/><D47/><U86/><E86/><V113/><AGARI ba="2,0" hai="24,31,35,49,51,88,90,91,112,113,114" m="48383" machi="113" ten="40,5200,0" yaku="11,1,52,1,54,1" doraHai="72" who="2" fromWho="2" sc="225,-15,393,-28,275,58,107,-15" /><INIT seed="2,0,0,3,5,120" ten="210,365,333,92" oya="2" hai0="115,58,73,71,100,5,50,65,118,43,95,133,112" hai1="40,126,19,99,20,34,12,30,38,23,11,67,131" hai2="2,70,110,25,26,135,128,109,78,121,0,15,104" hai3="62,102,86,107,129,16,21,51,29,35,31,4,79"/><V72/><F104/><W134/><G102/><T41/><D73/><U14/><E67/><V66/><F121/><W130/><G107/><T10/><D100/><U122/><E40/><N who="0" m="15433" /><D95/><U124/><E38/><V117/><F117/><W47/><G4/><T103/><D103/><U101/><E122/><V94/><F128/><N who="3" m="49259" /><G35/><T57/><D10/><N who="1" m="6615" /><E99/><V53/><F135/><W88/><G79/><T80/><D80/><U3/><E101/><V33/><F15/><N who="3" m="9375" /><G62/><N who="0" m="40375" /><D5/><N who="1" m="1471" /><E131/><V42/><F78/><W8/><G8/><T76/><D76/><U89/><E89/><V27/><F33/><W97/><G97/><T105/><D105/><U83/><E83/><V22/><F22/><N who="1" m="8233" /><E12/><V28/><F72/><W17/><G134/><T132/><D50/><U52/><E34/><V18/><F2/><W48/><G17/><T87/><D87/><U64/><E30/><N who="3" m="11274" /><G47/><T91/><D91/><U75/><E75/><V68/><F28/><W114/><G114/><N who="0" m="43563" /><D118/><U32/><E32/><V111/><F0/><W108/><G51/><T125/><D133/><U90/><E90/><V36/><F36/><W61/><G48/><T1/><D132/><U55/><E64/><V7/><F66/><W45/><G45/><T92/><D1/><U93/><E93/><V77/><F94/><N who="3" m="54551" /><G61/><T69/><D92/><U96/><E96/><V39/><F77/><W85/><G85/><T9/><D9/><U82/><E82/><V98/><F98/><W81/><G81/><T46/><D46/><U116/><E116/><V44/><F44/><W127/><G127/><AGARI ba="0,0" hai="52,55,124,126,127" m="8233,1471,6615" machi="127" ten="30,2000,0" yaku="18,1,54,1" doraHai="120" who="1" fromWho="3" sc="210,0,365,20,333,0,92,-20" /><INIT seed="3,0,0,2,1,88" ten="210,385,333,72" oya="3" hai0="123,73,129,32,78,69,133,39,24,8,0,75,124" hai1="89,27,36,111,106,79,101,86,104,94,45,126,96" hai2="7,92,22,51,103,25,13,61,72,131,38,80,20" hai3="46,120,53,10,110,19,68,14,134,11,3,21,100"/><W121/><G68/><T9/><RYUUKYOKU type="yao9" ba="0,0" sc="210,0,385,0,333,0,72,0" hai0="0,8,9,24,32,39,69,73,75,78,123,124,129,133" /><INIT seed="3,1,0,3,5,93" ten="210,385,333,72" oya="3" hai0="27,21,14,124,80,91,107,25,84,86,56,41,67" hai1="128,2,132,35,19,12,108,43,85,34,100,87,22" hai2="129,28,10,105,126,102,66,106,15,101,50,47,4" hai3="120,76,30,79,20,11,53,82,70,48,62,29,73"/><W46/><G120/><T125/><D107/><U98/><E2/><V94/><F66/><W134/><G134/><T119/><D119/><U135/><E108/><V38/><F38/><W81/><G20/><T71/><D71/><U77/><E43/><V57/><F28/><W72/><G11/><T63/><D41/><U61/><E61/><V39/><F39/><W131/><REACH who="3" step="1"/><G131/><REACH who="3" ten="210,385,333,62" step="2"/><T90/><D14/><U89/><E128/><V18/><F10/><W109/><G109/><T104/><D21/><U68/><E22/><V113/><F15/><W54/><G54/><T110/><D110/><U36/><E12/><V16/><F129/><W13/><G13/><T24/><D24/><U97/><E132/><V122/><F122/><W3/><G3/><T112/><D25/><U114/><E135/><V88/><F4/><W6/><G6/><T116/><D27/><U118/><E118/><V117/><F117/><W115/><G115/><T37/><D116/><U9/><E114/><V65/><F113/><W75/><G75/><T95/><D112/><U103/><E9/><V64/><F18/><W33/><G33/><T83/><D125/><U127/><E19/><V130/><F16/><W40/><G40/><T1/><D124/><U99/><E127/><V123/><F126/><W0/><G0/><T23/><D1/><U42/><E34/><V51/><F130/><W44/><G44/><T96/><D23/><U59/><E35/><V31/><F123/><W45/><G45/><T5/><D5/><U133/><E42/><V8/><F47/><W74/><G74/><T58/><D37/><RYUUKYOKU ba="1,1" sc="210,-10,385,-10,333,-10,62,30" hai3="29,30,46,48,53,62,70,72,73,76,79,81,82" /><INIT seed="3,2,1,4,4,113" ten="200,375,323,92" oya="3" hai0="78,108,20,6,4,89,7,77,115,27,127,43,48" hai1="112,72,32,21,107,59,106,96,103,47,46,85,16" hai2="64,130,69,40,35,129,9,76,34,87,19,57,37" hai3="36,41,104,131,53,128,133,101,5,92,75,52,94"/><W82/><G104/><T102/><D115/><U44/><E72/><V29/><F69/><W14/><G41/><T74/><D74/><U71/><E71/><V109/><F109/><W42/><G42/><T24/><D108/><U73/><E73/><V88/><F76/><N who="0" m="29290" /><D127/><U60/><E32/><V28/><F37/><W124/><G36/><T2/><D2/><U30/><E30/><V22/><F9/><N who="3" m="4399" /><G75/><T26/><D102/><U1/><E1/><V51/><F34/><W62/><G101/><T116/><D116/><U12/><E112/><V100/><F100/><W25/><G124/><T3/><D3/><U31/><E31/><V114/><F35/><W122/><G122/><T95/><D43/><U99/><E85/><V81/><F114/><W83/><G25/><T126/><D126/><U98/><REACH who="1" step="1"/><E103/><REACH who="1" ten="200,365,323,92" step="2"/><V119/><F28/><W121/><G121/><T49/><D20/><U135/><E135/><V120/><F29/><W15/><G133/><T58/><D58/><U125/><E125/><V111/><F120/><W45/><G131/><T90/><D95/><U67/><AGARI ba="2,2" hai="12,16,21,44,46,47,59,60,67,96,98,99,106,107" machi="67" ten="30,4000,0" yaku="1,1,0,1,54,1,53,0" doraHai="113" doraHaiUra="70" who="1" fromWho="1" sc="200,-12,365,66,323,-12,92,-22" /><INIT seed="4,0,0,1,1,75" ten="188,431,311,70" oya="0" hai0="124,130,105,107,56,67,58,3,122,88,73,128,85" hai1="19,113,13,12,36,29,119,59,52,98,40,15,83" hai2="26,78,42,112,89,108,50,24,46,62,131,77,55" hai3="80,97,65,103,132,16,18,41,94,17,23,120,45"/><T39/><D122/><U86/><E119/><V93/><F108/><W79/><G132/><T32/><D32/><U90/><E29/><V54/><F112/><W95/><G65/><T76/><D39/><U116/><E116/><V34/><F131/><N who="0" m="50218" /><D3/><U20/><E113/><V64/><F34/><W10/><G120/><T99/><D124/><U5/><E5/><V71/><F55/><W133/><G133/><T110/><D110/><U68/><E68/><V49/><F26/><W25/><G95/><N who="0" m="54671" /><D67/><U72/><E72/><V28/><F24/><W8/><G8/><T87/><D87/><U115/><E115/><V4/><F28/><W60/><G60/><T74/><D74/><U92/><E40/><V127/><F4/><W1/><G1/><T104/><D99/><U2/><E36/><V82/><F82/><AGARI ba="0,0" hai="56,58,73,76,82,104,105,107" m="54671,50218" machi="82" ten="40,7700,0" yaku="19,1,52,1,54,1" doraHai="75" who="0" fromWho="2" sc="188,77,431,0,311,-77,70,0" /><INIT seed="4,1,0,3,1,29" ten="265,431,234,70" oya="0" hai0="37,16,6,34,51,99,10,22,76,118,97,18,20" hai1="129,111,91,75,126,124,98,119,65,55,108,104,112" hai2="67,33,3,28,5,134,115,71,11,44,69,0,40" hai3="24,113,122,74,132,30,133,125,41,81,23,8,93"/><T128/><D37/><U103/><E65/><V70/><F115/><W52/><G41/><T46/><D118/><U4/><E4/><V35/><F134/><W66/><G66/><T36/><D36/><U78/><E55/><V54/><F54/><W127/><G81/><T106/><D128/><U121/><E119/><V12/><F28/><W131/><G74/><T120/><D120/><U50/><E50/><V68/><F12/><W27/><G93/><T79/><D106/><U32/><E32/><V1/><F44/><W59/><G113/><T43/><D34/><N who="2" m="12810" /><F40/><W89/><G89/><T105/><D105/><U101/><E112/><V57/><F57/><W25/><G131/><T47/><D6/><U116/><E116/><V95/><F95/><W42/><G42/><T26/><D10/><U107/><E129/><V31/><F31/><W84/><G84/><T109/><D43/><U73/><E121/><V39/><F39/><W2/><G122/><T58/><D58/><U72/><E78/><V85/><F85/><W82/><G82/><T63/><D51/><U114/><E114/><V88/><F88/><W87/><G87/><T53/><D53/><U56/><E56/><V100/><F100/><W80/><G80/><T92/><D92/><U15/><E91/><V96/><F96/><W61/><G23/><T123/><D123/><U135/><E103/><V13/><F13/><W14/><G30/><T7/><D7/><U48/><E104/><V130/><F130/><W110/><G2/><T86/><D20/><U49/><E107/><V38/><F38/><W17/><G110/><RYUUKYOKU ba="1,0" sc="265,-15,431,-15,234,15,70,15" hai2="0,1,3,5,11,67,68,69,70,71" hai3="8,14,17,24,25,27,52,59,61,125,127,132,133" /><INIT seed="5,2,0,1,2,68" ten="250,416,249,85" oya="1" hai0="125,35,38,124,24,66,86,100,131,91,97,55,95" hai1="98,13,78,119,40,84,116,71,39,129,70,50,108" hai2="74,3,128,25,76,20,10,83,90,107,92,48,4" hai3="69,101,27,82,75,16,117,34,8,36,29,28,42"/><U113/><E113/><V112/><F128/><W121/><G69/><T89/><D131/><U21/><E129/><V135/><F135/><W44/><G121/><T53/><D66/><U22/><E50/><V17/><F112/><W64/><G117/><T85/><D38/><U6/><E98/><V102/><F48/><W109/><G109/><T72/><D72/><U106/><E106/><V130/><F130/><W41/><G64/><T0/><D0/><U23/><E71/><V49/><F49/><W104/><G42/><T45/><D45/><U11/><E70/><V32/><F32/><W2/><G101/><T88/><D24/><U114/><E114/><V56/><F56/><W122/><G122/><T87/><REACH who="0" step="1"/><D35/><REACH who="0" ten="240,416,249,85" step="2"/><U52/><E39/><V19/><F25/><W110/><G110/><T94/><D94/><U105/><E116/><V79/><F92/><W43/><G104/><T51/><D51/><U111/><E105/><V67/><F107/><W103/><G41/><T77/><D77/><U127/><E119/><V9/><F79/><W30/><G75/><T99/><D99/><U132/><E111/><V81/><F74/><W46/><G46/><T57/><D57/><U59/><E108/><V126/><F3/><W7/><G82/><T80/><D80/><U65/><E78/><V26/><F76/><W73/><G73/><T58/><D58/><U12/><E65/><V15/><F67/><W33/><G103/><T133/><D133/><U118/><E132/><V62/><F102/><W123/><G123/><T60/><D60/><U5/><E118/><V1/><F62/><RYUUKYOKU ba="2,1" sc="240,15,416,-15,249,-15,85,15" hai0="53,55,85,86,87,88,89,91,95,97,100,124,125" hai3="2,7,8,16,27,28,29,30,33,34,36,43,44" /><INIT seed="6,3,1,1,2,102" ten="255,401,234,100" oya="2" hai0="108,8,10,56,115,101,59,22,106,134,7,26,67" hai1="130,71,42,39,25,83,79,23,95,117,63,1,11" hai2="18,45,86,98,12,46,113,109,70,64,82,13,32" hai3="122,116,135,17,128,78,14,85,123,73,77,91,92"/><V54/><F32/><W114/><G116/><T84/><D108/><U55/><E117/><V62/><F109/><W96/><G17/><T57/><D115/><U43/><E95/><V81/><F113/><W49/><G14/><T31/><D134/><U125/><E55/><V75/><F75/><W107/><G49/><T76/><D67/><U87/><E39/><V52/><F13/><W99/><G114/><T69/><D69/><U94/><E94/><V120/><F120/><W19/><G19/><T93/><D7/><U88/><E79/><N who="3" m="30218" /><G73/><T24/><D24/><U97/><E97/><N who="3" m="37450" /><G135/><T103/><D10/><U2/><E11/><V30/><F30/><W9/><G9/><T132/><D8/><U15/><E15/><V40/><F45/><W33/><G33/><T126/><D132/><U16/><E25/><V53/><F12/><W38/><G38/><T105/><D22/><U127/><E23/><V35/><F18/><W20/><G20/><T50/><D26/><U89/><E16/><V129/><F35/><W124/><G124/><T44/><D126/><U131/><E125/><V27/><F27/><W5/><G5/><T100/><D31/><U48/><E127/><V3/><F46/><W110/><G110/><T112/><D112/><U133/><E133/><V121/><F54/><W36/><G36/><T41/><D57/><U104/><E71/><V80/><F70/><W21/><G21/><T90/><D56/><U47/><E47/><V6/><F53/><W51/><G51/><T72/><D59/><U74/><E74/><V66/><F6/><W60/><G60/><RYUUKYOKU ba="3,1" sc="255,30,401,-10,234,-10,100,-10" hai0="41,44,50,72,76,84,90,93,100,101,103,105,106" /><INIT seed="7,4,1,3,5,31" ten="285,391,224,90" oya="3" hai0="19,128,18,47,2,37,42,49,102,70,10,57,117" hai1="23,52,61,40,24,132,126,0,94,6,65,34,90" hai2="27,46,32,5,80,127,103,16,26,89,30,11,71" hai3="12,56,69,81,50,76,55,86,101,67,122,28,111"/><W84/><G122/><T59/><D117/><U106/><E34/><V73/><F71/><W95/><G111/><T66/><D128/><U99/><E106/><V62/><F127/><W112/><G112/><T121/><D121/><U53/><E40/><V105/><F62/><W100/><G69/><T125/><D125/><U20/><E126/><V13/><F46/><W85/><G67/><T110/><D110/><U120/><E120/><V48/><F48/><W118/><G118/><T54/><D57/><N who="1" m="37039" /><E0/><V8/><F103/><W17/><G28/><T58/><D59/><U35/><E35/><V113/><F105/><W77/><G86/><T130/><D130/><U93/><E6/><V29/><F89/><W1/><G1/><T116/><D102/><U109/><E132/><V97/><F97/><W43/><G43/><T41/><D41/><U135/><E135/><V131/><F80/><W45/><G45/><T68/><D68/><U78/><E78/><V119/><F73/><W96/><G96/><T134/><D134/><U64/><E64/><V36/><F36/><W38/><G38/><T123/><D123/><U74/><E74/><V124/><F124/><W7/><G7/><N who="0" m="1399" /><D116/><U15/><E109/><V98/><F98/><W3/><G3/><T133/><D133/><U107/><E107/><V104/><F104/><W4/><G4/><T25/><D25/><U82/><E24/><V44/><F44/><W60/><G60/><AGARI ba="4,1" hai="18,19,37,42,47,49,54,58,60,66,70" m="1399" machi="60" ten="30,1000,0" yaku="24,1" doraHai="31" who="0" fromWho="3" sc="285,32,391,0,224,0,90,-22" owari="317,12.0,391,49.0,224,-18.0,68,-43.0" /></mjloggm>