<mjloggm ver="2.3"><GO type="169" lobby="0"/><UN n0="%E3%82%A6%E3%83%AB%E3%83%88%E3%83%A9%E7%AB%8B%E7%9B%B4" n1="%E3%82%88%E3%81%97%E3%81%9E%E3%83%BC" n2="%64%6F%6E%63%68%61%6E%33" n3="%E3%81%A8%E3%82%82%E3%81%8D%E3%82%85%E3%82%93%E2%99%AA" dan="16,16,17,16" rate="2103.00,2081.25,2120.38,2005.78" sx="M,M,M,F"/><TAIKYOKU oya="0"/><INIT seed="0,0,0,2,3,71" ten="250,250,250,250" oya="0" hai0="101,4,29,110,88,105,133,13,1,26,11,2,125" hai1="30,95,122,40,45,5,19,58,119,74,43,51,128" hai2="41,75,38,53,112,94,86,70,32,132,37,25,9" hai3="135,21,73,33,97,55,22,34,28,116,126,107,99"/><T106/><D125/><U82/><E122/><V50/><F112/><W47/><G126/><T10/><D133/><U46/><E119/><V131/><F75/><W0/><G135/><T52/><D110/><U92/><E128/><V81/><F132/><W66/><G73/><T103/><D103/><U91/><E30/><V64/><F131/><W65/><G0/><T27/><D101/><U16/><E5/><V76/><F94/><W35/><G116/><T123/><D123/><U83/><E58/><V118/><F118/><W127/><G127/><T124/><D124/><U36/><E92/><V120/><F120/><W77/><G77/><T129/><D129/><U84/><E74/><V14/><F41/><W48/><G28/><T89/><D52/><U24/><REACH who="1" step="1"/><E24/><REACH who="1" ten="250,240,250,250" step="2"/><V130/><F25/><W72/><G72/><T67/><D29/><U115/><E115/><V63/><F130/><W96/><REACH who="3" step="1"/><G107/><REACH who="3" ten="250,240,250,240" step="2"/><T17/><D106/><U114/><E114/><V100/><F32/><W44/><G44/><T42/><D105/><U23/><E23/><AGARI ba="0,2" hai="21,22,23,33,34,35,47,48,55,65,66,96,97,99" machi="23" ten="50,1600,0" yaku="1,1,53,0" doraHai="71" doraHaiUra="108" who="3" fromWho="1" sc="250,0,240,-16,250,0,240,36" /><INIT seed="1,0,0,5,3,65" ten="250,224,250,276" oya="1" hai0="133,109,96,103,70,100,55,27,68,123,104,14,9" hai1="87,60,0,86,124,35,59,8,122,95,16,92,94" hai2="117,129,58,36,79,134,132,127,71,6,126,13,48" hai3="61,135,88,128,56,23,81,66,22,101,62,93,83"/><U113/><E122/><V41/><F79/><W73/><G135/><N who="2" m="51753" /><F6/><W2/><G2/><T15/><D133/><U45/><E113/><V18/><F13/><W31/><G128/><T84/><D109/><U19/><E35/><V72/><F18/><N who="1" m="6697" /><E124/><N who="2" m="47659" /><F72/><W78/><G101/><T99/><D123/><U20/><E0/><V69/><F117/><W121/><G121/><T67/><D27/><U112/><E112/><V110/><F110/><W4/><G4/><T38/><D38/><U30/><E45/><N who="2" m="23719" /><F129/><W119/><G31/><T37/><D9/><U54/><E8/><V52/><AGARI ba="0,0" hai="48,52,58,69,71" m="23719,47659,51753" machi="52" ten="40,12000,2" yaku="20,1,18,1,34,2,52,2,54,1" doraHai="65" who="2" fromWho="2" sc="250,-30,224,-60,250,120,276,-30" /><INIT seed="2,0,0,5,4,32" ten="220,164,370,246" oya="2" hai0="16,128,56,96,22,124,87,112,51,127,59,62,114" hai1="15,18,121,117,122,103,31,1,21,77,68,7,40" hai2="97,131,46,133,3,81,91,54,63,17,107,125,85" hai3="73,132,0,106,119,98,134,57,135,24,45,89,34"/><V95/><F133/><W44/><G73/><T130/><D87/><U50/><E68/><V55/><F131/><N who="0" m="50218" /><D96/><U111/><E117/><V61/><F125/><N who="0" m="48202" /><D51/><U67/><E67/><V10/><F107/><W115/><G115/><N who="0" m="44075" /><D62/><U12/><E103/><V38/><F38/><W28/><G119/><T86/><D86/><U100/><E100/><V43/><F43/><W60/><G106/><T82/><D82/><U13/><E77/><V49/><F55/><W110/><G98/><T116/><D116/><U9/><E50/><V120/><F63/><W101/><G101/><T80/><D80/><U5/><E40/><V113/><F61/><W64/><G89/><T53/><D53/><U33/><E111/><V30/><F54/><W52/><G64/><T66/><D66/><U84/><E84/><V39/><F85/><W88/><G110/><T83/><D83/><U71/><E71/><V69/><F81/><W90/><G45/><T58/><D58/><U19/><E122/><V47/><F120/><W41/><G44/><T23/><D23/><U129/><E121/><V76/><F49/><W27/><G41/><T126/><N who="0" m="48210" /><T11/><DORA hai="79" /><D11/><N who="1" m="2479" /><E129/><V4/><F47/><W123/><G123/><T14/><AGARI ba="0,0" hai="14,16,22,56,59" m="44075,48210,50218" machi="14" ten="50,6400,0" yaku="19,1,18,1,54,1" doraHai="32,79" who="0" fromWho="0" sc="220,64,164,-16,370,-32,246,-16" /><INIT seed="3,0,0,1,4,104" ten="284,148,338,230" oya="3" hai0="134,47,60,20,82,12,3,121,100,19,53,89,50" hai1="125,129,34,43,31,49,96,65,7,131,9,72,135" hai2="68,64,108,28,93,8,84,81,22,127,109,15,95" hai3="44,25,71,126,32,42,103,86,40,128,0,98,124"/><W26/><G71/><T94/><D3/><U85/><E65/><V4/><F127/><N who="3" m="48683" /><G0/><T76/><D134/><U123/><E135/><V37/><F37/><N who="3" m="21519" /><G42/><T107/><D121/><U67/><E123/><V63/><F28/><W92/><G128/><T78/><D107/><U1/><E125/><V99/><F22/><W88/><G32/><T102/><D60/><U106/><E131/><V87/><F87/><W23/><G23/><T51/><D51/><U70/><E85/><V56/><F68/><W38/><G38/><T101/><D82/><AGARI ba="0,0" hai="25,26,82,86,88,92,98,103" m="21519,48683" machi="82" ten="30,2900,0" yaku="18,1,54,1" doraHai="104" who="3" fromWho="0" sc="284,-29,148,0,338,0,230,29" /><INIT seed="3,1,0,1,2,43" ten="255,148,338,259" oya="3" hai0="5,79,21,45,86,36,70,52,18,8,77,27,135" hai1="34,90,95,19,46,16,71,69,113,105,50,120,80" hai2="122,134,76,53,20,109,111,41,51,117,126,25,82" hai3="130,42,67,131,68,57,100,29,58,23,104,7,22"/><W125/><G125/><T75/><D70/><U127/><E120/><V72/><F117/><W61/><G7/><T39/><D75/><U44/><E105/><V6/><F126/><W28/><G23/><T115/><D135/><U54/><E127/><V40/><F134/><W37/><G29/><T56/><D115/><U65/><E113/><V118/><F6/><W124/><G124/><T32/><D32/><U114/><E34/><V2/><F2/><W107/><G100/><T62/><D86/><N who="1" m="50503" /><E114/><V121/><F118/><W97/><G97/><T14/><D39/><U31/><E71/><V123/><F40/><W110/><G110/><N who="2" m="41993" /><F41/><W85/><G42/><T132/><D132/><U9/><E69/><V60/><F60/><W73/><G68/><T88/><D36/><U91/><E65/><V48/><F53/><W49/><G37/><T78/><D88/><U12/><E31/><AGARI ba="1,0" hai="20,25,31,48,51,72,76,82,121,122,123" m="41993" machi="31" ten="40,2600,0" yaku="13,1,14,1" doraHai="43" who="2" fromWho="1" sc="255,0,148,-29,338,29,259,0" /><INIT seed="4,0,0,5,5,103" ten="255,119,367,259" oya="0" hai0="41,104,35,105,13,85,58,124,44,119,21,4,121" hai1="16,54,114,45,129,71,99,86,100,132,52,27,60" hai2="133,77,39,56,102,24,80,30,70,111,116,135,90" hai3="94,57,50,134,19,115,87,59,127,61,25,7,22"/><T126/><D35/><U3/><E3/><V23/><F70/><W92/><G115/><T67/><D121/><U26/><E114/><V106/><F111/><W49/><G134/><T88/><D119/><U123/><E123/><V46/><F90/><W38/><G38/><T33/><D33/><U107/><E132/><V10/><F10/><W101/><G127/><N who="0" m="48683" /><D58/><U81/><E129/><V2/><F2/><W83/><G7/><T51/><D67/><U96/><E96/><V93/><F93/><N who="3" m="35947" /><G101/><T82/><D21/><U47/><E47/><V112/><F56/><N who="3" m="21579" /><G61/><T18/><D18/><U20/><E27/><V125/><F112/><W9/><G9/><AGARI ba="0,0" hai="4,9,13,41,44,51,82,85,88,104,105" m="48683" machi="9" ten="30,11600,0" yaku="18,1,52,2,54,1" doraHai="103" who="0" fromWho="3" sc="255,116,119,0,367,0,259,-116" /><INIT seed="4,1,0,0,3,127" ten="371,119,367,143" oya="0" hai0="93,70,78,120,30,31,108,49,10,24,135,96,104" hai1="90,46,129,76,84,13,113,91,86,3,9,73,56" hai2="50,122,55,64,26,27,77,119,105,60,109,111,103" hai3="1,116,18,74,66,54,40,88,62,110,11,61,133"/><T99/><D70/><U131/><E3/><V114/><F122/><W25/><G116/><T94/><D120/><U32/><E32/><V0/><F0/><W81/><G110/><T36/><D36/><U121/><E121/><V130/><F77/><W79/><G133/><T67/><D104/><U89/><E113/><V42/><F42/><W28/><G40/><T19/><D67/><U29/><E29/><V16/><F119/><W71/><G54/><T112/><D112/><U107/><E107/><V15/><F114/><W33/><G61/><T128/><D78/><U106/><E106/><V85/><F85/><W65/><G65/><T118/><D49/><U2/><E2/><V35/><F103/><W58/><G18/><T22/><D135/><U39/><E56/><N who="2" m="32887" /><F105/><W45/><G45/><T21/><D10/><U43/><E73/><V82/><F35/><W51/><G51/><T4/><D4/><N who="1" m="3239" /><E76/><V23/><F111/><W98/><G58/><T117/><D108/><U125/><E125/><V115/><F115/><W5/><G88/><T7/><D7/><U124/><E124/><V97/><F109/><W20/><REACH who="3" step="1"/><G98/><REACH who="3" ten="371,119,367,133" step="2"/><T92/><D19/><U41/><E43/><V59/><F97/><W100/><G100/><T52/><D99/><U134/><E134/><V57/><F57/><W63/><G63/><T83/><D96/><U6/><E6/><V123/><F123/><W69/><G69/><T8/><D117/><U17/><E17/><V101/><F101/><W47/><G47/><T38/><D118/><U80/><E91/><V34/><F60/><W95/><G95/><AGARI ba="1,1" hai="39,41,46,80,84,86,89,90,95,129,131" m="3239" machi="95" ten="30,3900,0" yaku="6,1,52,2" doraHai="127" who="1" fromWho="3" sc="371,0,119,52,367,0,133,-42" /><INIT seed="5,0,0,1,2,93" ten="371,171,367,91" oya="1" hai0="45,114,2,118,16,119,38,84,122,13,24,75,104" hai1="132,129,0,134,34,92,109,115,10,113,131,78,27" hai2="65,49,97,8,55,80,128,61,43,105,18,12,77" hai3="54,96,76,26,64,95,66,4,69,22,47,15,6"/><U31/><E92/><V72/><F128/><N who="1" m="49225" /><E78/><V17/><F43/><W110/><G110/><T94/><D2/><U68/><E68/><V35/><F35/><W3/><G3/><T85/><D104/><U123/><E123/><V71/><F18/><W74/><G69/><T21/><D75/><U19/><E109/><V124/><F124/><W39/><G74/><T14/><D122/><U121/><E121/><V120/><F120/><W67/><G76/><T82/><D114/><N who="1" m="43531" /><E19/><V9/><F105/><W88/><G39/><T81/><D94/><U86/><E86/><V28/><F17/><W40/><G40/><T53/><D118/><U32/><E32/><V44/><F77/><W127/><G127/><T1/><D119/><U103/><E103/><V117/><F72/><W5/><G15/><T135/><D1/><U59/><E59/><V33/><F33/><W56/><G47/><T102/><D102/><U79/><E79/><V37/><F44/><W125/><G125/><T20/><D85/><U60/><E60/><V100/><F61/><N who="3" m="35991" /><G4/><AGARI ba="0,0" hai="0,4,10,27,31,34,132,134" m="43531,49225" machi="4" ten="40,12000,1" yaku="19,1,15,1,23,1,34,2" doraHai="93" who="1" fromWho="3" sc="371,0,171,120,367,0,91,-120" owari="371,47.0,291,-11.0,367,17.0,-29,-53.0" /></mjloggm>