<mjloggm ver="2.3"><GO type="169" lobby="0"/><UN n0="%E3%83%A4%E3%82%AD%E3%83%B3" n1="%E3%82%A6%E3%83%AB%E3%83%88%E3%83%A9%E7%AB%8B%E7%9B%B4" n2="%E3%81%AF%E3%81%A3%E3%81%A8%E3%82%8A%E3%81%B8%E3%81%84%E3%81%98" n3="%E3%81%9C%E3%82%8D%E3%82%81%E3%81%90" dan="18,16,16,16" rate="2215.61,2104.81,2155.38,2088.17" sx="M,M,M,F"/><TAIKYOKU oya="0"/><INIT seed="0,0,0,4,4,22" ten="250,250,250,250" oya="0" hai0="73,102,78,75,72,0,128,45,30,84,113,38,119" hai1="66,27,101,68,52,49,40,107,127,5,21,111,79" hai2="16,26,125,51,24,35,8,19,131,118,2,93,3" hai3="133,33,104,94,126,97,110,7,43,4,56,17,50"/><T31/><D113/><U103/><E127/><V18/><F125/><W64/><G126/><T88/><D119/><U20/><E40/><V116/><F51/><W15/><G104/><T34/><D0/><N who="2" m="42" /><F93/><W59/><G110/><T29/><D128/><U44/><E111/><V124/><F124/><W99/><G133/><T92/><D102/><U12/><E107/><V36/><F36/><W90/><G33/><T70/><D70/><U105/><E105/><V120/><F120/><W62/><G97/><T37/><D34/><U91/><E79/><V53/><F53/><N who="3" m="31799" /><G43/><T58/><D45/><U47/><E47/><V83/><F83/><W121/><G121/><T81/><REACH who="0" step="1"/><D58/><REACH who="0" ten="240,250,250,250" step="2"/><U85/><E68/><V28/><F131/><W6/><G6/><T76/><D76/><U23/><E101/><V123/><F123/><W39/><G39/><AGARI ba="0,1" hai="29,30,31,37,38,39,72,73,75,78,81,84,88,92" machi="39" ten="40,3900,0" yaku="1,1,54,1,53,0" doraHai="22" doraHaiUra="129" who="0" fromWho="3" sc="240,49,250,0,250,0,250,-39" /><INIT seed="0,1,0,3,4,7" ten="289,250,250,211" oya="0" hai0="89,52,63,114,23,4,88,55,58,5,102,78,37" hai1="11,33,84,128,42,115,119,91,90,122,101,61,116" hai2="38,73,20,97,124,39,81,53,94,108,46,82,121" hai3="130,16,120,56,74,41,134,92,70,43,87,110,26"/><T69/><D37/><U35/><E42/><V54/><F121/><W10/><G70/><T77/><D69/><U111/><E101/><V13/><F124/><W25/><G74/><T32/><D32/><U129/><E61/><V48/><F108/><W99/><G110/><T83/><D114/><U105/><E105/><V125/><F125/><W60/><G120/><T21/><D102/><U80/><E111/><V67/><F67/><W14/><G87/><N who="0" m="50303" /><D89/><U103/><E103/><V123/><F123/><W18/><G134/><T40/><D40/><N who="3" m="15433" /><G18/><T131/><D131/><N who="1" m="50251" /><E91/><V47/><F73/><W68/><G68/><T3/><D3/><U117/><E115/><V28/><F39/><W2/><G2/><T31/><D55/><U29/><E122/><V72/><F72/><W30/><G30/><T75/><D75/><U59/><E29/><V107/><F107/><W36/><G36/><T104/><D104/><U62/><E35/><V76/><F38/><W27/><G130/><T57/><D57/><U65/><E33/><V100/><F76/><N who="0" m="29290" /><D31/><U19/><E117/><V86/><F86/><W6/><G56/><T135/><D135/><U71/><E71/><V95/><F28/><W1/><G1/><T45/><D45/><U133/><E133/><V112/><F112/><W24/><G60/><T113/><D113/><U51/><E51/><V8/><F95/><W44/><G44/><T49/><D49/><U85/><E85/><V127/><F127/><W9/><G27/><T66/><D66/><U106/><E106/><V0/><F47/><W98/><G92/><T50/><D63/><RYUUKYOKU ba="1,0" sc="289,10,250,10,250,-30,211,10" hai0="4,5,21,23,50,52,58" hai1="11,19,59,62,65,80,84,90,116,119" hai3="6,9,10,14,16,24,25,26,98,99" /><INIT seed="0,2,0,3,4,107" ten="299,260,220,221" oya="0" hai0="110,109,95,70,23,41,53,117,66,15,40,1,37" hai1="33,129,45,98,119,83,18,67,80,49,0,35,65" hai2="39,128,79,3,28,64,106,14,132,9,69,52,10" hai3="100,20,74,25,76,111,116,92,121,51,114,29,120"/><T7/><D117/><U55/><E0/><V130/><F39/><W13/><G116/><T124/><D1/><U36/><E67/><V61/><F106/><W38/><G38/><T115/><D115/><U99/><E83/><V96/><F96/><N who="3" m="59399" /><G114/><T122/><D122/><N who="3" m="47209" /><G111/><N who="0" m="42507" /><D53/><U22/><E99/><V133/><F28/><W2/><G2/><T88/><D124/><U12/><E129/><N who="2" m="49771" /><F79/><W68/><G68/><T108/><D37/><U19/><E36/><V127/><F52/><W16/><G51/><T26/><D108/><U57/><E119/><V17/><F127/><W11/><G76/><T48/><D48/><U60/><E98/><V71/><F71/><W21/><G21/><T97/><D66/><U30/><E30/><V82/><F82/><W32/><G20/><T93/><D93/><U125/><E125/><V126/><F126/><W72/><AGARI ba="2,0" hai="11,13,16,25,29,32,72,74" m="47209,59399" machi="72" ten="30,7900,0" yaku="13,1,52,2,54,1" doraHai="107" who="3" fromWho="3" sc="299,-41,260,-22,220,-22,221,85" /><INIT seed="1,0,0,2,0,8" ten="258,238,198,306" oya="1" hai0="48,55,102,118,70,112,9,49,135,122,4,3,26" hai1="60,40,25,93,15,39,2,76,96,129,29,54,127" hai2="105,64,0,95,80,108,24,73,36,7,78,52,91" hai3="101,114,103,85,20,81,121,110,123,23,58,62,72"/><U37/><E2/><V126/><F36/><W87/><G72/><T32/><D112/><U21/><E76/><V19/><F105/><W77/><G114/><T75/><D118/><U11/><E127/><V120/><F120/><W16/><G110/><T51/><D75/><U61/><E129/><V14/><F108/><W44/><G44/><T35/><D70/><U28/><E28/><V17/><F64/><W50/><G50/><T92/><D135/><U65/><E54/><V90/><F126/><W131/><G131/><T125/><D125/><U47/><E39/><V133/><F133/><W106/><G23/><T53/><D122/><U79/><E79/><V99/><F24/><W113/><G113/><T66/><D66/><U124/><E124/><V63/><F0/><W88/><G123/><T82/><D82/><U116/><E65/><V59/><REACH who="2" step="1"/><F90/><REACH who="2" ten="258,238,188,306" step="2"/><W1/><G1/><T94/><D26/><U109/><E109/><V130/><F130/><W6/><G106/><T117/><D3/><U69/><E116/><V30/><F30/><W83/><G121/><T13/><D117/><U89/><E69/><V100/><F100/><W104/><G104/><T38/><D38/><U34/><E34/><V84/><F84/><W31/><G31/><T12/><D35/><U46/><E37/><V68/><F68/><W27/><G103/><T43/><D32/><U41/><E41/><V71/><F71/><W45/><G101/><T67/><D67/><U134/><E134/><V22/><F22/><W57/><G85/><T18/><D43/><U5/><E40/><V42/><F42/><RYUUKYOKU ba="0,1" sc="258,-15,238,15,188,15,306,-15" hai1="5,11,15,21,25,29,46,47,60,61,89,93,96" hai2="7,14,17,19,52,59,63,73,78,80,91,95,99" /><INIT seed="1,1,1,0,5,101" ten="243,253,203,291" oya="1" hai0="24,9,105,74,52,82,22,44,42,21,36,51,23" hai1="110,115,116,103,13,16,63,31,126,10,104,133,3" hai2="122,61,123,97,92,100,72,130,1,15,121,32,90" hai3="5,38,132,84,106,29,68,46,79,54,96,114,45"/><U112/><E116/><V95/><F1/><W49/><G68/><T8/><D24/><U88/><E3/><V40/><F32/><W119/><G114/><T59/><REACH who="0" step="1"/><D105/><REACH who="0" ten="233,253,203,291" step="2"/><U131/><E104/><V25/><F25/><W81/><G106/><T34/><D34/><U6/><E115/><V64/><F130/><W33/><G33/><T18/><D18/><U69/><E112/><V77/><F123/><W113/><G113/><T75/><D75/><U76/><E131/><V7/><F122/><W41/><G119/><T65/><D65/><U109/><E31/><V108/><F121/><W71/><G29/><T83/><D83/><U55/><E16/><V12/><F7/><W67/><G5/><T128/><D128/><U37/><E6/><V102/><F72/><W50/><G67/><T60/><D60/><U0/><E63/><V85/><F64/><W39/><G81/><T78/><AGARI ba="1,2" hai="8,9,21,22,23,36,42,44,51,52,59,74,78,82" machi="78" ten="30,7900,0" yaku="1,1,0,1,54,1,53,1" doraHai="101" doraHaiUra="107" who="0" fromWho="0" sc="233,102,253,-40,203,-21,291,-21" /><INIT seed="2,0,0,5,3,43" ten="335,213,182,270" oya="2" hai0="98,37,135,129,58,44,119,133,88,7,112,33,23" hai1="17,84,113,75,96,93,73,99,76,26,60,121,106" hai2="86,92,87,124,67,42,34,118,28,13,56,25,62" hai3="59,115,102,19,30,82,65,127,3,79,95,6,89"/><V85/><F118/><W54/><G127/><T78/><D33/><U125/><E17/><V55/><F124/><W9/><G115/><T20/><D112/><U40/><E26/><V91/><F42/><W105/><G30/><T110/><D78/><U70/><E60/><V64/><F13/><W14/><G65/><T57/><D110/><U4/><E70/><V80/><REACH who="2" step="1"/><F85/><REACH who="2" ten="335,213,172,270" step="2"/><W22/><G14/><T77/><D119/><U97/><E40/><V120/><F120/><W61/><G3/><T38/><D133/><U122/><E125/><V50/><F50/><W116/><G116/><T2/><D135/><U16/><E113/><V81/><F81/><W68/><G82/><T114/><D2/><U104/><E122/><V8/><F8/><W123/><G9/><T15/><D15/><U18/><E121/><V52/><F52/><W107/><G54/><T130/><D114/><U117/><E117/><V53/><F53/><W0/><G123/><T71/><D38/><U41/><E41/><V66/><F66/><W103/><G0/><T132/><D37/><U31/><E84/><V46/><F46/><W49/><G49/><T108/><D44/><U74/><E74/><V128/><F128/><W36/><G36/><T51/><D132/><U21/><E75/><V12/><F12/><W35/><G61/><T29/><D51/><U100/><E73/><V11/><F11/><W32/><G6/><T72/><D7/><U39/><E4/><V48/><F48/><W5/><G5/><T47/><D130/><U1/><E39/><V63/><F63/><W90/><G68/><RYUUKYOKU ba="0,1" sc="335,-10,213,-10,172,30,270,-10" hai2="25,28,34,55,56,62,64,67,80,86,87,91,92" /><INIT seed="2,1,1,1,5,114" ten="325,203,202,260" oya="2" hai0="106,21,1,28,32,2,48,55,111,115,3,64,113" hai1="97,17,83,52,134,102,41,92,86,135,78,68,4" hai2="34,10,45,87,9,81,49,103,105,6,61,90,100" hai3="38,117,77,13,20,73,116,46,57,19,118,123,24"/><V60/><F34/><W110/><G123/><T108/><D106/><U53/><E68/><V40/><F105/><W27/><G110/><N who="0" m="42027" /><D64/><U76/><E4/><V51/><F49/><W30/><G57/><N who="0" m="32999" /><D32/><U126/><E126/><V120/><F120/><W104/><G104/><T93/><D93/><U12/><E41/><V56/><F60/><W15/><G73/><T96/><D96/><U84/><E84/><V62/><F62/><W75/><G75/><T72/><D72/><U98/><E98/><V91/><F90/><W125/><G77/><T107/><D107/><U132/><REACH who="1" step="1"/><E76/><REACH who="1" ten="325,193,202,260" step="2"/><V33/><F33/><W95/><G125/><T5/><D5/><U130/><E130/><V127/><F127/><W80/><G80/><T112/><D112/><U18/><E18/><V85/><F87/><W63/><G95/><T129/><D129/><U14/><E14/><V29/><F29/><W23/><REACH who="3" step="1"/><G63/><REACH who="3" ten="325,193,202,250" step="2"/><T50/><D115/><U74/><E74/><V124/><F124/><W25/><G25/><T22/><D113/><U66/><E66/><N who="2" m="39207" /><F6/><W121/><G121/><T11/><D28/><U133/><E133/><V42/><F40/><AGARI ba="1,3" hai="13,15,19,20,23,24,27,30,38,40,46,116,117,118" machi="40" ten="40,12000,2" yaku="1,1,52,3,53,2" doraHai="114" doraHaiUra="8" who="3" fromWho="2" sc="325,0,193,0,202,-123,250,153" /><INIT seed="3,0,0,3,4,30" ten="325,193,79,403" oya="3" hai0="26,114,69,90,37,100,88,115,129,51,2,13,74" hai1="116,15,64,11,120,60,32,92,48,19,63,108,71" hai2="31,85,40,107,6,58,65,112,97,101,16,36,0" hai3="106,117,77,125,57,86,121,134,25,128,54,56,131"/><W46/><G106/><T20/><D2/><U91/><E120/><V132/><F112/><W103/><G121/><T76/><D37/><U89/><E108/><V109/><F109/><W111/><G117/><T4/><D69/><U102/><E116/><V35/><F132/><W34/><G111/><T93/><D129/><U135/><E135/><V83/><F36/><W10/><G134/><T130/><D130/><N who="3" m="49705" /><G103/><T5/><D100/><U7/><E102/><V17/><F40/><W95/><G10/><T98/><D90/><U73/><E89/><V1/><F1/><W12/><G12/><T127/><D13/><U66/><E73/><V94/><F107/><W61/><G125/><T81/><D51/><U70/><E48/><V42/><F42/><W72/><G72/><T67/><D127/><U104/><E104/><V122/><F122/><W96/><G46/><T110/><D110/><U45/><E45/><V124/><F124/><W38/><G38/><T49/><D114/><U24/><E7/><V123/><F6/><W3/><G3/><T21/><D115/><U126/><E126/><V78/><F0/><W99/><G57/><T118/><D118/><U133/><E133/><V84/><F123/><W52/><G54/><T47/><D5/><U82/><E82/><V105/><F105/><W55/><G55/><N who="0" m="30143" /><D4/><U53/><E53/><V33/><F84/><W44/><G44/><T39/><D39/><U50/><E50/><V80/><F83/><N who="3" m="47471" /><G95/><T8/><D8/><U59/><E59/><V28/><F58/><W43/><G43/><T87/><D74/><U9/><E70/><RYUUKYOKU ba="0,0" sc="325,-10,193,-10,79,-10,403,30" hai3="25,34,52,56,61,96,99" /><INIT seed="3,1,0,3,1,37" ten="315,183,69,433" oya="3" hai0="64,40,52,25,18,82,69,56,114,124,54,109,76" hai1="33,80,97,46,78,51,6,87,60,104,44,119,48" hai2="79,75,126,118,26,74,14,5,3,16,43,0,30" hai3="4,32,53,2,108,77,122,65,135,121,7,116,10"/><W24/><G116/><T67/><D69/><U68/><E33/><V98/><F118/><W132/><G65/><T58/><D109/><U90/><E6/><V134/><F134/><N who="3" m="51243" /><G53/><T1/><D1/><U12/><E12/><V100/><F126/><W81/><G108/><T20/><D114/><U57/><E68/><V61/><F61/><W31/><G7/><T11/><D124/><U86/><E104/><V117/><F117/><W115/><G115/><T17/><D40/><U63/><E97/><V93/><F79/><W45/><G45/><T39/><D39/><U130/><E57/><V88/><F100/><W59/><G59/><T72/><D11/><U102/><E102/><V129/><F129/><W123/><G123/><T71/><D71/><U94/><E130/><V42/><F3/><W55/><G55/><T105/><D105/><U28/><E28/><V99/><F99/><W62/><G62/><T70/><D70/><U38/><E38/><V127/><F127/><W13/><G13/><T23/><D54/><N who="1" m="29959" /><E119/><V106/><F106/><W50/><G50/><T101/><D101/><U47/><E47/><V41/><F0/><W34/><G34/><T95/><D58/><U111/><E111/><V21/><REACH who="2" step="1"/><F5/><REACH who="2" ten="315,183,59,433" step="2"/><W36/><G122/><T73/><D67/><U29/><E63/><V120/><F120/><W131/><G121/><T89/><D64/><U66/><E60/><V83/><F83/><W103/><G131/><T35/><D82/><U113/><E66/><V91/><F91/><W8/><G103/><T22/><D76/><U96/><E78/><V49/><F49/><RYUUKYOKU ba="1,1" sc="315,-10,183,-10,59,30,433,-10" hai2="14,16,21,26,30,41,42,43,74,75,88,93,98" /><INIT seed="4,2,1,2,2,20" ten="305,173,89,423" oya="0" hai0="65,116,134,64,120,2,17,24,82,117,79,74,14" hai1="78,90,37,30,128,11,89,67,55,95,83,22,46" hai2="102,3,112,125,73,68,100,127,84,61,104,108,18" hai3="34,115,106,1,132,86,28,85,13,32,6,51,5"/><T57/><D2/><U135/><E128/><V122/><F3/><W29/><G106/><T97/><D120/><U62/><E135/><V96/><F108/><W33/><G51/><T36/><D36/><U12/><E37/><V124/><F122/><W38/><G38/><T121/><D121/><U4/><E46/><V49/><F49/><W94/><G94/><T111/><D134/><U118/><E55/><V23/><F73/><W81/><G81/><T16/><D97/><U60/><E60/><V58/><F68/><W53/><G53/><T126/><D111/><U42/><E42/><V35/><F35/><W131/><G132/><T101/><D101/><U92/><E92/><V130/><F102/><W103/><G103/><T123/><D123/><U56/><E95/><V9/><F112/><W48/><G48/><T129/><D129/><U40/><E40/><V27/><F130/><W70/><G70/><T0/><D57/><U114/><E114/><V39/><F39/><W113/><G131/><T41/><D41/><U26/><REACH who="1" step="1"/><E118/><REACH who="1" ten="305,163,89,423" step="2"/><V19/><F84/><AGARI ba="2,2" hai="4,11,12,22,26,30,56,62,67,78,83,84,89,90" machi="84" ten="30,8000,1" yaku="1,1,2,1,7,1,8,1,52,1,53,0" doraHai="20" doraHaiUra="44" who="1" fromWho="2" sc="305,0,163,106,89,-86,423,0" /><INIT seed="5,0,0,0,2,49" ten="305,269,3,423" oya="1" hai0="135,31,123,111,76,41,104,55,37,90,85,79,66" hai1="25,30,107,101,131,45,63,39,130,17,99,92,6" hai2="32,75,120,113,62,128,89,70,91,68,87,26,105" hai3="109,71,58,108,38,97,8,84,133,35,77,27,28"/><U86/><E6/><V122/><F87/><W102/><G71/><T16/><D111/><U67/><E17/><V115/><F62/><W64/><G38/><T106/><D66/><U134/><E134/><V14/><F14/><W82/><G133/><T95/><D135/><U80/><E45/><V12/><F12/><W117/><G117/><T42/><D31/><U103/><E103/><V94/><F94/><W36/><G36/><T88/><D106/><U24/><E39/><V50/><F50/><W65/><G8/><T124/><D104/><U121/><E121/><N who="2" m="46699" /><F105/><W132/><G132/><T5/><D124/><U18/><E18/><V129/><F26/><W0/><G65/><T23/><D5/><U83/><E25/><V19/><F19/><W3/><G108/><T127/><D127/><U33/><E92/><V13/><F13/><W119/><G109/><T93/><D123/><U100/><E100/><V43/><F43/><N who="0" m="16394" /><D55/><U7/><E7/><V46/><F46/><W48/><G64/><T34/><D34/><U118/><E118/><V47/><F47/><W59/><G119/><T4/><D4/><U52/><E52/><V81/><F32/><W114/><G35/><T112/><D37/><U61/><E61/><V98/><F68/><W126/><G126/><T11/><D11/><U116/><E116/><V69/><F70/><W10/><G10/><T96/><D112/><N who="2" m="43082" /><F69/><W56/><G114/><T60/><D60/><U20/><E33/><V21/><F21/><W2/><G27/><AGARI ba="0,0" hai="16,23,27,76,79,85,88,90,93,95,96" m="16394" machi="27" ten="30,3900,0" yaku="8,1,54,2" doraHai="49" who="0" fromWho="3" sc="305,39,269,0,3,0,423,-39" /><INIT seed="6,0,0,0,1,55" ten="344,269,3,384" oya="2" hai0="95,97,64,102,40,42,2,125,70,4,41,115,63" hai1="34,18,13,99,83,15,72,119,81,48,120,31,52" hai2="54,68,74,127,38,47,103,20,105,101,109,21,67" hai3="132,93,86,33,75,69,16,22,0,49,5,84,37"/><V24/><F74/><W92/><G37/><T59/><D115/><U85/><E119/><V79/><F127/><W7/><G75/><T1/><D125/><U121/><E31/><V29/><F79/><W111/><G33/><T27/><D4/><N who="3" m="1609" /><G0/><T28/><REACH who="0" step="1"/><D70/><REACH who="0" ten="334,269,3,384" step="2"/><U12/><E120/><V46/><F109/><W131/><G69/><T133/><D133/><U56/><E121/><V122/><F122/><W90/><G132/><T61/><D61/><U104/><E34/><AGARI ba="0,1" hai="1,2,27,28,34,40,41,42,59,63,64,95,97,102" machi="34" ten="40,2600,0" yaku="1,1,52,1,53,0" doraHai="55" doraHaiUra="65" who="0" fromWho="1" sc="334,36,269,-26,3,0,384,0" /><INIT seed="7,0,0,3,5,64" ten="370,243,3,384" oya="3" hai0="125,108,72,66,71,99,41,81,39,130,59,112,100" hai1="111,7,58,110,47,122,25,97,48,93,68,53,65" hai2="3,36,74,82,118,77,133,20,11,103,106,73,119" hai3="8,135,46,32,115,62,24,129,15,102,95,96,98"/><W21/><G32/><T84/><D108/><U2/><E7/><V56/><F20/><W19/><G115/><T44/><D59/><U76/><E2/><V80/><F56/><W57/><G135/><T10/><D112/><U126/><E76/><V91/><F11/><W40/><G129/><T29/><D29/><U5/><E5/><V6/><F6/><N who="3" m="3479" /><G98/><T49/><D72/><U128/><E128/><V43/><F133/><W94/><G94/><T114/><D114/><U83/><E83/><V28/><F28/><W27/><G46/><T117/><D117/><U134/><E134/><V17/><F17/><W78/><G78/><T116/><D116/><U120/><E126/><V79/><F3/><W31/><G40/><T51/><D125/><U33/><E33/><V34/><F34/><W42/><G42/><T55/><D10/><U13/><E25/><V23/><F23/><N who="3" m="15871" /><G57/><N who="0" m="33007" /><D51/><U109/><E13/><V16/><F16/><W50/><G50/><T104/><D130/><U30/><E30/><V86/><F43/><W1/><G1/><T45/><D45/><U107/><E107/><V127/><F36/><W52/><G52/><T0/><D0/><U89/><REACH who="1" step="1"/><E47/><REACH who="1" ten="370,233,3,384" step="2"/><V26/><F26/><W63/><AGARI ba="0,1" hai="19,21,24,62,63,95,96,102" m="15871,3479" machi="63" ten="30,1500,0" yaku="8,1" doraHai="64" who="3" fromWho="3" sc="370,-5,233,-5,3,-5,384,25" owari="365,17.0,228,-17.0,-2,-50.0,409,50.0" /></mjloggm>