<mjloggm ver="2.3"><GO type="97" lobby="0"/><UN n0="%E5%8E%9F%E6%9D%91%E3%81%AE%E3%81%A9%E3%81%A3%E3%81%A1" n1="%E3%82%86%E3%81%86%E5%A0%95%E5%A4%A9%E4%BD%BF" n2="%E7%9C%9F%E7%8F%A0%E3%82%8B%E5%BF%83" n3="%E3%82%A6%E3%83%AB%E3%83%88%E3%83%A9%E7%AB%8B%E7%9B%B4" dan="16,14,14,14" rate="2065.01,1993.76,1940.19,1932.72" sx="M,F,M,M"/><TAIKYOKU oya="0"/><INIT seed="0,0,0,2,2,16" ten="250,250,250,250" oya="0" hai0="18,115,78,125,7,134,123,97,124,73,130,14,101" hai1="9,92,0,49,43,10,91,63,45,88,129,93,19" hai2="121,122,75,42,66,81,109,69,102,27,79,99,33" hai3="82,85,13,135,26,24,107,2,59,12,77,6,30"/><T53/><D123/><U50/><E129/><V119/><F109/><W29/><G107/><T106/><D115/><U46/><E0/><V36/><F119/><W94/><G135/><T51/><D7/><U54/><E63/><V90/><F90/><W96/><G2/><T64/><D130/><U70/><E70/><V4/><F4/><W1/><G1/><T41/><D41/><U132/><E132/><V87/><F87/><W40/><G40/><T39/><D64/><U35/><E35/><V120/><F42/><W22/><G22/><N who="0" m="11607" /><D39/><U58/><E58/><V108/><F36/><W68/><G68/><T47/><D134/><U11/><E19/><V28/><F108/><W74/><G74/><T25/><D25/><U56/><E56/><V118/><F118/><W126/><G126/><N who="0" m="48747" /><D78/><U98/><REACH who="1" step="1"/><E9/><REACH who="1" ten="250,240,250,250" step="2"/><V103/><REACH who="2" step="1"/><F99/><AGARI ba="0,1" hai="10,11,43,45,46,49,50,54,88,91,92,93,98,99" machi="99" ten="30,12000,2" yaku="1,1,2,1,7,1,9,1,8,1,54,1,53,0" doraHai="16" doraHaiUra="113" who="1" fromWho="2" sc="250,0,240,130,250,-120,250,0" /><INIT seed="1,0,0,4,0,89" ten="250,370,130,250" oya="1" hai0="24,93,60,70,52,71,31,4,95,11,75,83,88" hai1="126,125,41,27,114,26,111,9,72,3,104,8,103" hai2="96,132,92,82,123,127,25,85,94,36,33,105,32" hai3="122,35,98,43,74,101,86,119,120,99,0,13,37"/><U10/><E114/><V106/><F36/><W131/><G0/><T76/><D60/><U65/><E3/><V51/><F51/><W128/><G35/><T63/><D71/><U133/><E72/><V34/><F123/><W19/><G74/><T117/><D117/><U18/><E65/><V53/><F132/><W90/><G119/><T23/><D88/><U91/><E41/><V46/><F127/><N who="1" m="48649" /><E91/><V58/><F46/><W113/><G113/><T56/><D70/><U73/><E73/><V55/><F25/><N who="1" m="9225" /><E133/><V12/><F12/><AGARI ba="0,0" hai="4,11,12,23,24,31,52,56,63,75,76,83,93,95" machi="12" ten="30,7700,0" yaku="7,1,52,2,54,1" doraHai="89" who="0" fromWho="2" sc="250,77,370,0,130,-77,250,0" /><INIT seed="2,0,0,4,2,15" ten="327,370,53,250" oya="2" hai0="122,134,40,126,80,113,93,67,78,64,131,102,39" hai1="69,8,90,41,84,114,29,100,38,21,12,71,135" hai2="1,5,23,109,125,112,37,63,6,111,33,132,89" hai3="45,101,107,106,16,103,115,26,27,123,92,68,74"/><V120/><F120/><W20/><G68/><T65/><D113/><U79/><E79/><V49/><F112/><W0/><G123/><T129/><D122/><U73/><E73/><V9/><F132/><W104/><G0/><T124/><D40/><U51/><E38/><V53/><F37/><W105/><G74/><T96/><D39/><U43/><E100/><V76/><F33/><W47/><G115/><T98/><D98/><U58/><E135/><V128/><F128/><N who="0" m="49226" /><D134/><U108/><E108/><N who="2" m="41547" /><F125/><W119/><G119/><T82/><D78/><U34/><E34/><V35/><F35/><W30/><G107/><T48/><D48/><U66/><E71/><V52/><F76/><W133/><G133/><T17/><D82/><N who="1" m="49431" /><E69/><V4/><F89/><W11/><G11/><T75/><D75/><U85/><E85/><V70/><F23/><W60/><G60/><T54/><D80/><U81/><E81/><V10/><F70/><W61/><G61/><T116/><D116/><U25/><E66/><V88/><F1/><W24/><G24/><T72/><D72/><U91/><E91/><V46/><F88/><W94/><G103/><T44/><D126/><U87/><E87/><V86/><F86/><W121/><G101/><T14/><D124/><U7/><E114/><V55/><F63/><W18/><G121/><T83/><D83/><U19/><E43/><AGARI ba="0,0" hai="4,5,6,9,10,43,46,49,52,53,55" m="41547" machi="43" ten="40,7700,0" yaku="14,1,10,1,54,1" doraHai="15" who="2" fromWho="1" sc="327,0,370,-77,53,77,250,0" /><INIT seed="2,1,0,2,3,96" ten="327,293,130,250" oya="2" hai0="3,95,28,135,82,133,70,51,57,48,12,100,40" hai1="111,88,129,24,117,75,119,46,41,30,23,93,58" hai2="35,17,49,66,130,76,21,15,68,7,64,52,101" hai3="11,45,31,81,39,71,34,92,113,83,126,104,47"/><V6/><F35/><W128/><G71/><T32/><D3/><U79/><E75/><V102/><F130/><W114/><G104/><T122/><D70/><U98/><E79/><V22/><F76/><W10/><G128/><T44/><D82/><U97/><E129/><V14/><F68/><W109/><G109/><T5/><D28/><U2/><E2/><V53/><F17/><W85/><G126/><T56/><D122/><U33/><E33/><V25/><F49/><W63/><G34/><T42/><D32/><U9/><E9/><V127/><REACH who="2" step="1"/><F25/><REACH who="2" ten="327,293,120,250" step="2"/><W43/><G114/><T55/><D51/><U78/><E78/><V94/><F94/><W118/><G92/><T50/><D50/><U38/><E111/><V115/><F115/><W134/><G113/><T74/><D95/><U18/><E18/><V99/><F99/><W84/><G118/><T13/><D48/><U27/><E98/><V107/><F107/><W8/><G39/><T69/><D69/><U72/><E24/><V4/><F4/><W80/><G134/><T91/><D5/><U87/><E72/><V125/><AGARI ba="1,1" hai="6,7,14,15,21,22,52,53,64,66,101,102,125,127" machi="125" ten="25,18000,2" yaku="1,1,0,1,22,2,52,2,54,1,53,0" doraHai="96" doraHaiUra="106" who="2" fromWho="2" sc="327,-61,293,-61,120,193,250,-61" /><INIT seed="2,2,0,2,2,66" ten="266,232,313,189" oya="2" hai0="19,41,134,108,124,21,5,87,94,20,15,68,92" hai1="112,133,74,128,65,46,43,102,1,119,103,60,31" hai2="129,27,89,47,56,98,104,71,95,109,116,16,55" hai3="33,37,35,69,93,79,18,7,99,101,77,85,42"/><V62/><F116/><W117/><G117/><T90/><D108/><U34/><E119/><V105/><F129/><W45/><G7/><T107/><D107/><U81/><E128/><V80/><F109/><W3/><G3/><T113/><D113/><U72/><E1/><V6/><F6/><W2/><G2/><T118/><D134/><U0/><E0/><V57/><F80/><W126/><G126/><T25/><D124/><U123/><E123/><V44/><F71/><W91/><G33/><T110/><D110/><U38/><E112/><V63/><F104/><W10/><G35/><T135/><D135/><U52/><E133/><V127/><F105/><W111/><G111/><T17/><D5/><U59/><E31/><V78/><F78/><W64/><G10/><T24/><D15/><U97/><E34/><V28/><F127/><W106/><G18/><T67/><D41/><U115/><E115/><V40/><F40/><W82/><G64/><T61/><D118/><U100/><E97/><V12/><F28/><W96/><REACH who="3" step="1"/><G79/><REACH who="3" ten="266,232,313,179" step="2"/><T48/><REACH who="0" step="1"/><D48/><REACH who="0" ten="256,232,313,179" step="2"/><U83/><REACH who="1" step="1"/><E65/><REACH who="1" ten="256,222,313,179" step="2"/><V14/><F14/><W29/><G29/><T125/><D125/><U32/><E32/><V23/><F12/><W114/><G114/><T70/><D70/><AGARI ba="2,3" hai="37,42,45,69,70,77,82,85,91,93,96,99,101,106" machi="70" ten="40,5200,0" yaku="1,1,52,2,53,0" doraHai="66" doraHaiUra="121" who="3" fromWho="0" sc="256,-58,222,0,313,0,179,88" /><INIT seed="3,0,0,3,3,18" ten="198,222,313,267" oya="3" hai0="67,124,72,51,58,53,20,84,110,38,134,27,50" hai1="28,87,92,118,133,33,100,79,52,46,1,76,30" hai2="105,117,14,66,121,62,11,132,70,131,21,78,35" hai3="75,41,40,68,122,101,120,77,114,61,12,31,25"/><W65/><G114/><T107/><D72/><U97/><E1/><V119/><F117/><W81/><G41/><T39/><D110/><U15/><E133/><V3/><F119/><W93/><G40/><T10/><D134/><U47/><E118/><V56/><F35/><W115/><G115/><T127/><D107/><U89/><E15/><V32/><F32/><W116/><G116/><T109/><D109/><U126/><E126/><V113/><F113/><W49/><G49/><T104/><D104/><U54/><E33/><V0/><F132/><W82/><G82/><T8/><D67/><U26/><E26/><V96/><F131/><W112/><G112/><T94/><D51/><N who="1" m="28799" /><E54/><V48/><F121/><W103/><G12/><T99/><D84/><U60/><E46/><V44/><F78/><N who="1" m="29737" /><E60/><V59/><F3/><W57/><G68/><T29/><D39/><U63/><E63/><V80/><F70/><W106/><G106/><T4/><D38/><U42/><E42/><N who="2" m="24599" /><F0/><W135/><G135/><T128/><D128/><U108/><E108/><V17/><F105/><W88/><G122/><T86/><D86/><U16/><E16/><N who="2" m="8287" /><F96/><W130/><G130/><T64/><D64/><U69/><E69/><N who="2" m="42199" /><F80/><AGARI ba="0,0" hai="28,30,80,87,89,92,97,100" m="29737,28799" machi="80" ten="30,2000,0" yaku="8,1,54,1" doraHai="18" who="1" fromWho="2" sc="198,0,222,20,313,-20,267,0" /><INIT seed="4,0,0,5,2,19" ten="198,242,293,267" oya="0" hai0="129,103,112,20,42,125,124,94,17,24,80,105,4" hai1="12,55,3,41,46,118,65,2,133,96,93,23,126" hai2="79,100,56,49,83,53,109,117,48,13,76,98,6" hai3="18,77,31,132,108,57,15,85,30,32,39,113,97"/><T128/><D105/><U11/><E118/><V1/><F109/><W59/><G39/><T95/><D42/><U127/><E65/><V107/><F1/><W5/><G108/><T14/><D112/><U92/><E55/><V26/><F117/><W47/><G132/><T9/><D80/><U122/><E122/><V51/><F26/><W0/><G47/><T45/><D45/><U89/><E92/><N who="0" m="35369" /><D103/><U82/><E82/><V115/><F115/><W60/><G97/><T91/><D91/><U70/><E70/><V86/><F76/><W7/><G85/><T29/><D4/><U27/><E133/><V99/><REACH who="2" step="1"/><F98/><REACH who="2" ten="198,242,283,267" step="2"/><W135/><G77/><T25/><D24/><U81/><E2/><V69/><F69/><W120/><G113/><T21/><D9/><AGARI ba="0,1" hai="6,9,13,48,49,51,53,56,79,83,86,99,100,107" machi="9" ten="40,2600,0" yaku="1,1,53,1" doraHai="19" doraHaiUra="72" who="2" fromWho="0" sc="198,-26,242,0,283,36,267,0" owari="172,-33.0,242,-16.0,319,42.0,267,7.0" /></mjloggm>