<mjloggm ver="2.3"><GO type="97" lobby="0"/><UN n0="%E3%82%A6%E3%83%AB%E3%83%88%E3%83%A9%E7%AB%8B%E7%9B%B4" n1="%74%65%6E%67%6F%6B%75" n2="%E3%81%A1%E3%82%83%E3%81%BE%E3%82%8D" n3="%75%64%70%5F%64%75%63%6B" dan="14,15,15,15" rate="1930.69,1982.59,1975.44,2024.09" sx="M,M,M,M"/><TAIKYOKU oya="0"/><INIT seed="0,0,0,5,1,78" ten="250,250,250,250" oya="0" hai0="67,41,57,10,76,135,43,8,25,16,84,28,5" hai1="121,112,88,131,34,106,111,89,92,18,101,33,85" hai2="130,52,12,47,73,1,99,48,70,42,94,59,103" hai3="115,54,17,72,7,125,75,109,58,91,80,98,68"/><T64/><D135/><U15/><E121/><V20/><F1/><W132/><G115/><T27/><D5/><U126/><E126/><V55/><F70/><W38/><G68/><T63/><D67/><U77/><E111/><V93/><F73/><W6/><G38/><T24/><D28/><U127/><E127/><V128/><F12/><W100/><G125/><T107/><D107/><U118/><E118/><V122/><F20/><W65/><G65/><T26/><N who="0" m="6144" /><DORA hai="119" /><T19/><D76/><U45/><E131/><N who="2" m="50219" /><F122/><W102/><G109/><T86/><D86/><U60/><E112/><V105/><F55/><W66/><G66/><T97/><D84/><U31/><E85/><V23/><F23/><W117/><G117/><T53/><D97/><U50/><E34/><V90/><F90/><W81/><G91/><T123/><D123/><U37/><E33/><V39/><AGARI ba="0,0" hai="39,42,47,48,52,59,93,94,99,103,105" m="50219" machi="39" ten="30,2000,0" yaku="19,1,54,1" doraHai="78,119" who="2" fromWho="2" sc="250,-10,250,-5,250,20,250,-5" /><INIT seed="1,0,0,3,4,87" ten="240,245,270,245" oya="1" hai0="40,133,6,83,11,25,121,116,130,70,86,12,49" hai1="127,81,55,42,28,19,69,30,66,23,1,76,91" hai2="100,16,67,104,47,21,125,54,110,115,20,107,72" hai3="108,117,97,59,85,4,132,122,36,38,88,80,45"/><U39/><E1/><V94/><F72/><W57/><G122/><T22/><D70/><U50/><E127/><V44/><F125/><W10/><G108/><T105/><D105/><U58/><E39/><V118/><F118/><W128/><G117/><T135/><D116/><U131/><E42/><V109/><F115/><W134/><G128/><T119/><D130/><U37/><E37/><N who="3" m="14442" /><G45/><N who="0" m="25767" /><D119/><U15/><E131/><V64/><F94/><W71/><G97/><T68/><D68/><U92/><E66/><V111/><F54/><W113/><G71/><T82/><D121/><U89/><E69/><V126/><F126/><W78/><G78/><N who="0" m="46423" /><D83/><U73/><REACH who="1" step="1"/><E91/><REACH who="1" ten="240,235,270,245" step="2"/><V24/><F67/><W103/><G113/><T27/><D27/><U93/><E93/><V61/><F109/><W75/><G103/><T17/><AGARI ba="0,1" hai="6,11,12,17,22,25,133,135" m="46423,25767" machi="17" ten="30,1100,0" yaku="25,1" doraHai="87" who="0" fromWho="0" sc="240,21,235,-5,270,-3,245,-3" /><INIT seed="2,0,0,3,5,60" ten="261,230,267,242" oya="2" hai0="16,3,15,38,121,36,48,100,69,34,13,118,66" hai1="125,18,23,127,116,122,62,31,55,50,44,101,104" hai2="28,2,105,112,63,129,84,78,27,131,94,12,46" hai3="117,87,92,41,114,97,85,29,0,76,95,51,133"/><V54/><F2/><W73/><G117/><T10/><D34/><U61/><E116/><V24/><F105/><W4/><G133/><T22/><D3/><U110/><E110/><V39/><F112/><W102/><G114/><T71/><D118/><U91/><E31/><V128/><F39/><W33/><G33/><T135/><D71/><U89/><E104/><V56/><F12/><W1/><G29/><T120/><D38/><U108/><E101/><V21/><F46/><W57/><G4/><T17/><D36/><U132/><E108/><V80/><F94/><W75/><G0/><T74/><D74/><U68/><E132/><V86/><REACH who="2" step="1"/><F27/><REACH who="2" ten="261,230,257,242" step="2"/><W53/><G1/><T111/><D111/><U130/><E122/><V119/><F119/><W103/><G92/><T9/><D135/><U126/><E130/><V99/><F99/><W11/><G95/><T83/><D120/><U5/><E5/><V109/><F109/><W93/><G97/><T32/><D121/><U70/><E70/><V106/><F106/><W113/><G93/><T124/><D100/><U90/><E68/><V81/><F81/><W7/><G113/><T14/><D83/><U82/><E82/><V37/><F37/><W58/><G103/><T67/><D69/><U8/><E8/><V47/><F47/><W30/><G11/><T20/><D15/><AGARI ba="0,1" hai="15,18,23,44,50,55,61,62,89,90,91,125,126,127" machi="15" ten="50,1600,0" yaku="18,1" doraHai="60" who="1" fromWho="0" sc="261,-16,230,26,257,0,242,0" /><INIT seed="3,0,0,4,1,8" ten="245,256,257,242" oya="3" hai0="107,120,59,34,128,24,47,70,11,55,97,56,124" hai1="15,5,131,88,134,85,22,118,114,40,12,87,73" hai2="62,19,91,33,23,83,77,99,95,94,81,93,58" hai3="126,29,9,63,129,7,101,92,18,74,10,103,1"/><W61/><G74/><T109/><D70/><U0/><E114/><V6/><F33/><W17/><G29/><T43/><D120/><U78/><E73/><V16/><F6/><W121/><G121/><T26/><D34/><U133/><E0/><V13/><F19/><W14/><G129/><T102/><D124/><U90/><E131/><V115/><F115/><W52/><G126/><T89/><D109/><U21/><E40/><V100/><F77/><W50/><G17/><T42/><D128/><U31/><E31/><V119/><F119/><W46/><REACH who="3" step="1"/><G92/><REACH who="3" ten="245,256,257,232" step="2"/><N who="0" m="56463" /><D107/><U25/><E118/><V20/><F94/><W45/><G45/><T35/><D35/><U38/><E5/><V106/><F106/><W130/><G130/><T27/><D47/><U76/><E38/><V86/><F23/><W67/><G67/><AGARI ba="0,1" hai="13,16,20,58,62,67,81,83,86,91,93,95,99,100" machi="67" ten="30,7700,0" yaku="7,1,8,1,52,1,54,1" doraHai="8" who="2" fromWho="3" sc="245,0,256,0,257,87,232,-77" owari="245,-15.0,256,6.0,344,43.0,155,-34.0" /></mjloggm>