<mjloggm ver="2.3"><GO type="169" lobby="0"/><UN n0="%4D%69%74%75%69" n1="%72%69%73%6B%79" n2="%E3%82%A6%E3%83%AB%E3%83%88%E3%83%A9%E7%AB%8B%E7%9B%B4" n3="%E9%81%A5%E3%83%9E%E3%83%BC%E3%82%AC%E3%83%AC%E3%83%83%E3%83%88" dan="16,18,17,16" rate="2052.61,2193.86,2116.57,2062.84" sx="M,M,M,F"/><TAIKYOKU oya="0"/><INIT seed="0,0,0,2,5,46" ten="250,250,250,250" oya="0" hai0="67,120,79,38,36,28,17,1,51,18,60,2,98" hai1="134,50,43,76,24,118,63,85,42,66,96,22,102" hai2="4,90,91,40,45,115,119,111,101,13,69,94,125" hai3="110,10,6,33,109,132,9,89,7,92,86,70,53"/><T104/><D120/><U113/><E134/><V32/><F69/><W82/><G70/><T8/><D79/><U11/><E118/><V21/><F32/><W59/><G33/><T25/><D51/><U44/><E11/><N who="3" m="4106" /><G132/><T71/><D18/><U37/><E37/><V58/><F4/><W56/><G56/><T112/><D17/><U105/><E85/><V128/><F111/><N who="3" m="42507" /><G82/><T124/><D124/><U68/><E76/><V106/><F125/><W73/><G73/><T54/><D54/><U20/><E113/><V14/><F58/><W84/><G84/><T62/><D62/><AGARI ba="0,0" hai="6,7,53,59,62,86,89,92" m="42507,4106" machi="62" ten="30,1000,0" yaku="14,1" doraHai="46" who="3" fromWho="0" sc="250,-10,250,0,250,0,250,10" /><INIT seed="1,0,0,0,4,124" ten="240,250,250,260" oya="1" hai0="17,27,134,76,11,132,67,111,41,61,77,51,58" hai1="2,65,118,81,135,109,110,69,120,108,40,123,70" hai2="21,59,78,49,46,9,7,13,43,117,100,1,52" hai3="29,106,66,96,83,14,4,20,112,125,95,23,104"/><U85/><E2/><V55/><F117/><W37/><G112/><T71/><D111/><U72/><E118/><V34/><F34/><W3/><G3/><T0/><D0/><U102/><E72/><V93/><F78/><W39/><G66/><T133/><D11/><U73/><E73/><V57/><F1/><W99/><G83/><T6/><D6/><U35/><E35/><V131/><F131/><W32/><G32/><T115/><D115/><U25/><E25/><V90/><F100/><W8/><G96/><T130/><D130/><U38/><E102/><V31/><F21/><W128/><G23/><N who="0" m="13807" /><D41/><U50/><E135/><N who="0" m="34561" /><T122/><DORA hai="45" /><D122/><N who="1" m="46635" /><E38/><V82/><F82/><W74/><G37/><T107/><D107/><U92/><E65/><V15/><F15/><W47/><G74/><T84/><D84/><U119/><E119/><V75/><F31/><W87/><G87/><T33/><D33/><U105/><E105/><V22/><F22/><W80/><G128/><T44/><D44/><N who="1" m="25863" /><E92/><V36/><F75/><W24/><G106/><T16/><D16/><U53/><E53/><AGARI ba="0,0" hai="51,53,58,61,67,71,76,77" m="34561,13807" machi="53" ten="40,2600,0" yaku="20,1,52,1" doraHai="124,45" who="0" fromWho="1" sc="240,26,250,-26,250,0,260,0" /><INIT seed="2,0,0,3,1,41" ten="266,224,250,260" oya="2" hai0="104,36,40,72,76,64,39,105,78,70,131,118,69" hai1="86,38,91,23,119,18,134,24,112,114,75,127,132" hai2="84,108,120,95,43,126,47,13,17,109,62,99,11" hai3="53,57,56,89,87,61,96,52,48,122,32,115,83"/><V12/><F84/><W55/><G122/><T16/><D131/><U97/><E119/><V58/><F13/><W14/><G115/><T37/><D40/><U106/><E75/><V49/><F120/><W19/><G32/><T5/><D16/><U8/><E38/><V59/><F126/><W77/><G96/><T121/><D5/><U123/><E123/><V81/><F81/><W9/><REACH who="3" step="1"/><G77/><REACH who="3" ten="266,224,250,250" step="2"/><T29/><D121/><U85/><E114/><V6/><F6/><W21/><G21/><T20/><D20/><U33/><E112/><V125/><F125/><W116/><G116/><T100/><D118/><U0/><E127/><V101/><F62/><W46/><G46/><T28/><D100/><U117/><E117/><V113/><F113/><W90/><G90/><T103/><D103/><U129/><E33/><V94/><F109/><W92/><G92/><T67/><D39/><U4/><E91/><V124/><F108/><W42/><G42/><T65/><D64/><AGARI ba="0,1" hai="9,14,19,48,52,53,55,56,57,61,64,83,87,89" machi="64" ten="30,7700,0" yaku="1,1,7,1,8,1,54,1,53,0" doraHai="41" doraHaiUra="35" who="3" fromWho="0" sc="266,-77,224,0,250,0,250,87" /><INIT seed="3,0,0,3,1,57" ten="189,224,250,337" oya="3" hai0="79,134,70,135,29,0,130,50,4,98,114,62,83" hai1="48,76,47,1,131,99,36,54,43,8,104,38,56" hai2="27,110,94,45,33,37,119,125,105,17,34,109,84" hai3="102,80,14,24,87,9,95,60,108,127,106,65,115"/><W61/><G115/><T124/><D29/><U41/><E131/><V86/><F105/><W85/><G127/><T67/><D50/><U51/><E76/><V46/><F119/><W112/><G112/><T68/><D114/><U71/><E71/><V133/><F133/><N who="0" m="50698" /><D70/><U81/><E81/><V55/><F37/><W35/><G106/><T32/><D98/><U78/><E78/><V52/><F94/><W39/><G39/><T31/><D124/><U66/><E99/><V59/><F59/><W69/><G108/><T58/><D58/><N who="1" m="33095" /><E8/><V20/><F125/><W42/><G42/><N who="1" m="15882" /><E1/><V128/><F128/><W18/><G69/><T40/><D40/><N who="1" m="25063" /><E104/><V13/><F34/><W28/><G65/><T15/><D15/><U44/><E44/><V72/><F33/><W10/><G10/><N who="0" m="2311" /><D130/><U73/><E73/><V129/><F72/><W89/><REACH who="3" step="1"/><G102/><REACH who="3" ten="189,224,250,327" step="2"/><T107/><D107/><U126/><E126/><V12/><F129/><W74/><G74/><N who="0" m="43511" /><D31/><U11/><E11/><V113/><F113/><W49/><G49/><T91/><D32/><U16/><E38/><V3/><F109/><W75/><G75/><T103/><D103/><U117/><E36/><V100/><F100/><W23/><G23/><T6/><D6/><U64/><E64/><V2/><F110/><W77/><AGARI ba="0,1" hai="9,14,18,24,28,35,60,61,77,80,85,87,89,95" machi="77" ten="20,18000,2" yaku="1,1,0,1,7,1,52,2,53,1" doraHai="57" doraHaiUra="22" who="3" fromWho="3" sc="189,-60,224,-60,250,-60,327,190" /><INIT seed="3,1,0,2,1,92" ten="129,164,190,517" oya="3" hai0="106,134,29,0,121,97,40,21,46,23,10,119,77" hai1="1,120,78,4,42,25,110,62,18,41,111,13,90" hai2="34,135,38,48,133,91,68,60,2,26,12,93,76" hai3="27,108,74,95,79,57,16,67,83,20,11,104,124"/><W61/><G124/><T52/><D121/><U102/><E120/><V88/><F38/><W50/><G104/><T126/><D119/><U70/><E78/><V72/><F2/><W59/><G108/><N who="1" m="41514" /><E25/><V85/><F76/><W87/><G11/><T55/><D126/><U105/><E90/><V66/><F72/><W8/><G8/><T128/><D77/><U73/><E73/><V63/><F12/><W94/><G74/><T45/><D29/><U15/><E4/><V58/><F48/><W129/><G129/><T7/><D128/><U125/><E1/><V37/><F37/><W54/><AGARI ba="1,0" hai="16,20,27,50,54,57,59,61,67,79,83,87,94,95" machi="54" ten="30,6000,0" yaku="0,1,8,1,54,1" doraHai="92" who="3" fromWho="3" sc="129,-21,164,-21,190,-21,517,63" /><INIT seed="3,2,0,0,5,76" ten="108,143,169,580" oya="3" hai0="117,107,122,58,113,46,20,1,17,14,119,40,99" hai1="6,70,121,100,128,62,90,35,115,32,42,21,29" hai2="97,135,61,0,106,3,77,5,74,36,12,105,9" hai3="124,93,114,102,49,60,55,25,18,23,127,129,95"/><W87/><G114/><T37/><D1/><U91/><E121/><V54/><F135/><W134/><G129/><T104/><D122/><U116/><E115/><V72/><F36/><W120/><G120/><T15/><D113/><U45/><E6/><V39/><F39/><W123/><G123/><T83/><D14/><U64/><E128/><V51/><F72/><W66/><G87/><T52/><D83/><U44/><E44/><V103/><F106/><W78/><G78/><T28/><D28/><U68/><E68/><V82/><REACH who="2" step="1"/><F61/><REACH who="2" ten="108,143,159,580" step="2"/><W2/><G60/><T125/><D125/><U71/><E62/><V101/><F101/><W19/><G102/><T4/><D4/><U47/><E100/><V65/><F65/><W111/><G66/><T22/><D99/><U26/><E64/><V88/><F88/><W131/><G131/><T41/><D107/><U73/><E73/><V80/><F80/><W50/><G124/><T11/><D104/><U130/><E130/><V13/><F13/><W86/><G134/><T69/><D69/><U98/><E90/><V56/><AGARI ba="2,1" hai="0,3,5,9,12,51,54,56,74,77,82,97,103,105" machi="56" ten="20,5200,0" yaku="1,1,0,1,7,1,52,1,53,0" doraHai="76" doraHaiUra="109" who="2" fromWho="2" sc="108,-15,143,-15,159,68,580,-28" /><INIT seed="4,0,0,1,0,35" ten="93,128,227,552" oya="0" hai0="50,46,19,94,9,99,41,6,61,125,1,104,113" hai1="84,45,2,4,106,26,44,83,134,54,108,13,56" hai2="98,112,78,123,89,65,21,80,64,0,70,36,66" hai3="73,116,130,74,43,32,126,96,48,25,120,92,75"/><T81/><D104/><U63/><E108/><V107/><F36/><W47/><G116/><T58/><D113/><U119/><E134/><V127/><F70/><W22/><G32/><T37/><D125/><U39/><E119/><V135/><F123/><W110/><G110/><T97/><D19/><U71/><E106/><V87/><F0/><W27/><G130/><T17/><D17/><U23/><E71/><V131/><F131/><W95/><G126/><T28/><D28/><U85/><E2/><V86/><F135/><W128/><G120/><T31/><D31/><N who="1" m="17887" /><E39/><V11/><F11/><W53/><G128/><T102/><D99/><U79/><E84/><V40/><F40/><W15/><G15/><T49/><REACH who="0" step="1"/><D81/><REACH who="0" ten="83,128,227,552" step="2"/><U101/><E101/><V90/><F98/><W76/><G96/><T69/><D69/><U88/><E4/><V34/><F80/><W77/><G27/><T12/><D12/><U52/><E13/><V133/><F127/><W3/><G25/><T59/><D59/><N who="1" m="35303" /><E79/><V68/><F78/><W29/><G77/><T67/><AGARI ba="0,1" hai="1,6,9,37,41,46,49,50,58,61,67,94,97,102" machi="67" ten="20,12000,1" yaku="1,1,0,1,7,1,52,1,53,1" doraHai="35" doraHaiUra="42" who="0" fromWho="0" sc="83,130,128,-40,227,-40,552,-40" /><INIT seed="4,1,0,5,1,4" ten="213,88,187,512" oya="0" hai0="37,12,134,118,17,64,51,93,18,129,55,62,133" hai1="72,70,23,94,85,105,131,50,20,10,126,127,27" hai2="28,91,48,73,46,81,0,89,82,32,104,76,83" hai3="112,90,84,2,65,54,47,21,107,43,69,100,111"/><T95/><D118/><U49/><E70/><V60/><F0/><W15/><G2/><T123/><D123/><U124/><E72/><V8/><F28/><W79/><G111/><T25/><D37/><U108/><E105/><V113/><F32/><W122/><G112/><T24/><D129/><U128/><E108/><V41/><F104/><W38/><G79/><T59/><D134/><U121/><E121/><V45/><F113/><W68/><G65/><T114/><D133/><U101/><E10/><V110/><F110/><W98/><G54/><T61/><D114/><U7/><E7/><V56/><F46/><W66/><G66/><T86/><D18/><U5/><E5/><V87/><F8/><W99/><G99/><T36/><D36/><U11/><E11/><V67/><F73/><W88/><G90/><AGARI ba="1,0" hai="41,45,48,56,60,67,76,81,82,83,87,89,90,91" machi="90" ten="40,1300,0" yaku="8,1" doraHai="4" who="2" fromWho="3" sc="213,0,88,0,187,16,512,-16" /><INIT seed="5,0,0,4,3,69" ten="213,88,203,496" oya="1" hai0="13,24,54,29,131,23,3,11,46,94,121,104,87" hai1="45,30,70,4,64,68,6,42,2,115,117,48,83" hai2="108,40,120,74,63,72,91,129,27,95,75,86,51" hai3="41,56,128,122,125,77,18,36,20,133,44,59,81"/><U21/><E117/><V10/><F108/><W78/><G133/><T32/><D104/><U7/><E115/><V80/><F120/><W123/><G128/><T67/><D131/><U52/><E2/><V76/><F129/><W132/><G125/><T112/><D112/><U90/><E64/><V107/><F63/><W100/><G132/><T55/><D67/><U89/><E42/><V35/><F10/><W43/><G43/><T85/><D121/><U92/><E83/><V114/><F114/><W101/><G78/><T15/><D32/><U28/><E90/><V65/><F65/><W0/><G0/><T17/><D3/><U9/><E9/><V19/><F51/><W110/><G59/><T113/><D113/><U88/><E89/><V25/><F25/><W62/><G110/><T38/><D38/><U66/><E66/><V1/><F40/><W118/><G118/><T49/><D55/><U12/><E12/><V84/><F1/><W116/><G116/><T111/><D111/><U31/><REACH who="1" step="1"/><E21/><REACH who="1" ten="213,78,203,496" step="2"/><V60/><F91/><W58/><G20/><N who="0" m="15495" /><D94/><U71/><E71/><V97/><F95/><W124/><G81/><T5/><AGARI ba="0,1" hai="5,11,13,15,17,23,46,49,54,85,87" m="15495" machi="5" ten="30,1100,0" yaku="8,1" doraHai="69" who="0" fromWho="0" sc="213,21,78,-5,203,-3,496,-3" /><INIT seed="6,0,0,4,0,70" ten="234,73,200,493" oya="2" hai0="27,102,97,107,89,0,26,43,49,37,110,124,126" hai1="76,17,111,12,11,8,23,34,50,75,131,22,40" hai2="122,134,108,42,90,94,32,96,3,77,62,101,132" hai3="18,56,58,125,112,135,118,117,92,109,30,85,80"/><V21/><F32/><W24/><G109/><T86/><D110/><U25/><E75/><V113/><F3/><W61/><G135/><N who="2" m="51753" /><F122/><W81/><G125/><N who="0" m="48235" /><D0/><U35/><E111/><V69/><F108/><W74/><G92/><N who="0" m="54327" /><D49/><U55/><E76/><V73/><F42/><W67/><G112/><T63/><D63/><U88/><E88/><V29/><F113/><W46/><G18/><T98/><D98/><U45/><E131/><V119/><F119/><W5/><G118/><T51/><D51/><U52/><E34/><V41/><F41/><W115/><G115/><T104/><D107/><U53/><REACH who="1" step="1"/><E35/><REACH who="1" ten="234,63,200,493" step="2"/><V103/><F77/><W68/><G74/><T105/><D104/><U83/><E83/><V4/><F73/><W48/><G81/><T59/><D59/><U16/><AGARI ba="0,1" hai="8,11,12,16,17,22,23,25,40,45,50,52,53,55" machi="16" ten="30,8000,1" yaku="1,1,0,1,8,1,54,2,53,0" doraHai="70" doraHaiUra="95" who="1" fromWho="1" sc="234,-20,63,90,200,-40,493,-20" /><INIT seed="7,0,0,2,2,47" ten="214,153,160,473" oya="3" hai0="6,60,10,70,72,52,96,49,115,132,112,32,42" hai1="102,90,22,51,21,25,94,95,54,69,87,123,58" hai2="98,83,92,24,34,33,43,100,48,73,103,67,82" hai3="57,106,46,108,61,85,0,117,11,118,101,35,14"/><W93/><G14/><N who="0" m="5463" /><D32/><U134/><E134/><V84/><F34/><W81/><G57/><N who="0" m="34855" /><D72/><U109/><E109/><V116/><F33/><W29/><G85/><T4/><D132/><U23/><E123/><V126/><F116/><W50/><G108/><T7/><D70/><U56/><E69/><V20/><F126/><W28/><G29/><T114/><D96/><N who="1" m="59679" /><E56/><V91/><F73/><W113/><G113/><T121/><D121/><U55/><E55/><V2/><F67/><W79/><G106/><T129/><D129/><U110/><E110/><V86/><F2/><W9/><G0/><T119/><D119/><U97/><E97/><V130/><F130/><W65/><G65/><T107/><D107/><U127/><E127/><V75/><F75/><W5/><G117/><T125/><D125/><U31/><AGARI ba="0,0" hai="21,22,23,25,31,51,54,58,87,90,94" m="59679" machi="31" ten="30,2000,0" yaku="8,1,52,1" doraHai="47" who="1" fromWho="1" sc="214,-5,153,20,160,-5,473,-10" owari="209,1.0,173,-23.0,155,-34.0,463,56.0" /></mjloggm>