<mjloggm ver="2.3"><GO type="97" lobby="0"/><UN n0="%E3%82%A6%E3%83%AB%E3%83%88%E3%83%A9%E7%AB%8B%E7%9B%B4" n1="%49%53%4F" n2="%E4%B8%80%E9%96%83%E3%81%95%E3%82%93" n3="%73%61%6D%63%68%61%6E" dan="13,13,14,14" rate="1851.86,1829.89,1963.54,1937.84" sx="M,M,M,M"/><TAIKYOKU oya="0"/><INIT seed="0,0,0,5,5,124" ten="250,250,250,250" oya="0" hai0="66,131,116,2,52,34,45,48,13,41,99,88,106" hai1="63,6,121,87,14,122,33,80,73,8,102,81,7" hai2="132,64,1,71,90,130,93,3,16,84,68,29,23" hai3="92,105,103,42,25,110,58,28,12,56,134,40,85"/><T39/><D2/><U44/><E33/><V38/><F38/><W49/><G134/><T19/><D34/><U129/><E129/><V53/><F132/><W108/><G105/><T89/><D116/><U31/><E31/><V75/><F75/><W24/><G12/><T62/><D131/><U35/><E35/><V96/><F130/><W32/><G24/><T113/><D113/><U47/><E7/><V30/><F3/><W101/><G101/><T83/><D83/><U82/><E73/><V59/><F1/><W119/><G119/><T126/><D126/><U104/><E63/><V37/><F37/><W9/><G9/><T74/><D74/><U114/><E114/><V46/><F46/><N who="3" m="25799" /><G42/><T98/><D98/><U26/><E26/><V117/><F117/><W36/><G36/><T135/><D135/><U107/><E87/><V18/><F71/><W69/><G69/><N who="0" m="42199" /><D99/><U120/><REACH who="1" step="1"/><E102/><REACH who="1" ten="250,240,250,250" step="2"/><V133/><F133/><W109/><G103/><T91/><D19/><U128/><E128/><V4/><F18/><W17/><G17/><T95/><D13/><U0/><E0/><V78/><F4/><W57/><G85/><T65/><D65/><U61/><E61/><N who="2" m="36079" /><F84/><W60/><G60/><T112/><D112/><U70/><E70/><V77/><F68/><W27/><G27/><T50/><D50/><U115/><E115/><V15/><F64/><W54/><G108/><T127/><D127/><U21/><E21/><V94/><F23/><W11/><G110/><T72/><D72/><U67/><E67/><V20/><F94/><W55/><G109/><T79/><D95/><RYUUKYOKU ba="0,1" sc="250,-15,240,15,250,15,250,-15" hai1="6,8,14,44,47,80,81,82,104,107,120,121,122" hai2="15,16,20,29,30,77,78,90,93,96" /><INIT seed="1,1,1,0,0,122" ten="235,255,265,235" oya="1" hai0="50,37,9,22,107,110,10,86,62,120,125,59,0" hai1="68,25,103,109,42,96,1,23,114,93,54,63,127" hai2="91,57,100,128,82,99,53,67,45,35,29,47,11" hai3="65,31,27,89,97,18,84,115,71,73,19,133,108"/><U20/><E114/><V44/><F128/><W102/><G73/><T104/><D37/><U56/><E127/><V74/><F67/><W77/><G115/><T16/><D125/><U41/><E1/><V38/><F38/><W78/><G108/><T116/><D116/><U34/><E68/><V70/><F70/><W118/><G118/><T26/><D120/><U49/><E34/><V7/><F29/><W130/><G130/><T69/><D69/><U81/><E109/><V21/><F21/><W36/><G36/><T5/><D110/><U129/><E129/><V43/><F35/><W94/><G133/><T87/><D50/><U80/><E49/><V60/><F43/><N who="1" m="16393" /><E20/><V92/><F74/><W134/><G134/><T112/><D112/><U17/><AGARI ba="1,1" hai="17,23,25,54,56,63,80,81,93,96,103" m="16393" machi="17" ten="30,1500,0" yaku="8,1" doraHai="122" who="1" fromWho="1" sc="235,-6,255,28,265,-6,235,-6" /><INIT seed="1,2,0,0,2,107" ten="229,283,259,229" oya="1" hai0="117,56,115,78,20,105,63,91,35,52,23,0,28" hai1="37,92,96,8,39,47,19,100,36,112,86,25,33" hai2="109,34,126,62,94,6,102,132,98,79,21,45,116" hai3="22,135,121,66,57,73,46,134,75,83,108,55,88"/><U67/><E112/><V103/><F34/><W90/><G121/><T130/><D117/><U104/><E67/><V24/><F116/><W70/><G70/><T81/><D115/><U26/><E104/><V60/><F109/><W27/><G66/><T97/><D130/><U11/><E47/><V17/><F126/><W99/><G46/><T82/><D0/><U53/><E53/><V15/><F132/><N who="3" m="50731" /><G108/><T69/><D69/><U95/><E33/><V59/><F79/><W29/><G83/><T18/><D35/><U101/><E86/><V38/><F38/><W2/><G2/><T77/><D105/><U110/><E110/><V85/><F85/><W111/><G111/><T125/><D125/><U58/><E58/><V131/><F131/><W13/><G13/><N who="0" m="9295" /><D82/><U120/><E120/><V133/><F133/><W10/><G10/><N who="1" m="3626" /><E19/><N who="2" m="12351" /><F6/><W65/><G65/><T54/><D54/><U113/><E113/><V118/><F118/><W4/><G4/><T124/><D124/><U32/><E32/><V89/><F45/><W123/><G123/><T51/><D78/><U114/><E114/><V72/><F72/><N who="3" m="27723" /><G99/><T14/><D97/><U74/><E74/><V128/><F128/><W76/><G76/><T1/><D77/><U127/><E127/><V80/><F80/><W30/><G30/><T7/><D1/><U129/><E129/><V44/><F44/><W5/><G5/><T41/><D28/><U93/><E96/><V42/><F98/><W68/><G68/><T106/><D7/><U119/><E119/><V64/><F64/><W31/><G31/><T122/><D122/><RYUUKYOKU ba="2,0" sc="229,-15,283,15,259,-15,229,15" hai1="25,26,36,37,39,92,93,95,100,101" hai3="22,27,29,55,57,88,90" /><INIT seed="1,3,0,2,5,84" ten="214,298,244,244" oya="1" hai0="79,52,46,42,33,59,41,123,91,23,43,55,100" hai1="58,92,121,7,61,104,131,24,71,105,68,15,112" hai2="70,77,88,11,129,19,110,135,31,51,125,83,40" hai3="22,107,29,75,98,20,130,101,86,113,4,106,111"/><U74/><E121/><V47/><F70/><W62/><G75/><T82/><D33/><U81/><E112/><V44/><F110/><W96/><G113/><T60/><D123/><U37/><E131/><V12/><F129/><W128/><G111/><T27/><D100/><U18/><E37/><V132/><F125/><W109/><G109/><T102/><D102/><U117/><E117/><V94/><F31/><W13/><G13/><T78/><D46/><U119/><E119/><V73/><REACH who="2" step="1"/><F47/><REACH who="2" ten="214,298,234,244" step="2"/><W8/><G130/><T16/><D55/><U53/><E71/><V76/><F76/><W26/><G128/><T34/><D34/><U103/><E68/><V124/><F124/><W85/><G29/><T48/><D79/><U14/><E74/><V134/><F134/><W114/><G114/><T10/><D78/><U6/><E105/><V3/><F3/><W1/><G106/><T67/><D43/><U49/><E104/><V9/><F9/><W32/><G107/><T21/><D10/><U80/><E92/><V65/><F65/><W56/><G8/><T54/><D23/><U17/><E103/><V28/><F28/><W39/><G22/><T38/><D42/><U66/><E66/><V64/><F64/><W108/><G20/><T2/><D2/><U72/><E72/><V50/><F50/><W0/><G0/><T99/><D38/><U25/><E49/><V97/><AGARI ba="3,1" hai="11,12,19,40,44,51,73,77,83,88,94,97,132,135" machi="97" ten="30,7900,0" yaku="1,1,0,1,52,1,54,1,53,0" doraHai="84" doraHaiUra="127" who="2" fromWho="2" sc="214,-23,298,-42,234,98,244,-23" /><INIT seed="2,0,0,4,1,26" ten="191,256,332,221" oya="2" hai0="39,125,67,106,92,55,25,93,27,131,64,112,49" hai1="38,57,3,32,118,40,128,69,53,31,66,122,10" hai2="132,0,119,79,83,47,28,101,2,117,36,113,52" hai3="46,127,54,4,78,75,11,68,58,94,111,107,65"/><V100/><F113/><W43/><G111/><T60/><D106/><U134/><E118/><V21/><F132/><W29/><G107/><T74/><D74/><U61/><E134/><V91/><F91/><W70/><G127/><T76/><D39/><U99/><E128/><V98/><F117/><W120/><G120/><T126/><D112/><U23/><E122/><V87/><F119/><W15/><G65/><T41/><D76/><U9/><E99/><V5/><F5/><W116/><G116/><T73/><D73/><U8/><E3/><V63/><F36/><W16/><G78/><T22/><D41/><U81/><E81/><V89/><F2/><W13/><G75/><T18/><D27/><U45/><E32/><V6/><F6/><W97/><G29/><T34/><D34/><U102/><E102/><N who="2" m="39531" /><F0/><W130/><G130/><T37/><D37/><U103/><E103/><V14/><F98/><W121/><G121/><T1/><D1/><U82/><E82/><V80/><F79/><W17/><G4/><T42/><D131/><U110/><E110/><V56/><F47/><W123/><G123/><T129/><D129/><U85/><E85/><V44/><F44/><W95/><G97/><T96/><D125/><U135/><E135/><V35/><F35/><W7/><G7/><T12/><D126/><U71/><E66/><N who="0" m="25129" /><D96/><U86/><E86/><V48/><F63/><N who="3" m="36311" /><G68/><T104/><D104/><U84/><E84/><V59/><F83/><W50/><G70/><T108/><D108/><U19/><E31/><V72/><F28/><W90/><G90/><T109/><D109/><RYUUKYOKU ba="0,0" sc="191,-15,256,15,332,-15,221,15" hai1="8,9,10,19,23,38,40,45,53,57,61,69,71" hai3="11,13,15,16,17,43,46,50,94,95" /><INIT seed="3,1,0,0,5,73" ten="176,271,317,236" oya="3" hai0="15,47,40,56,81,116,10,110,43,28,98,5,103" hai1="100,80,94,20,60,24,123,39,99,2,31,36,25" hai2="90,104,49,48,125,126,53,8,69,26,92,18,120" hai3="17,22,58,114,71,16,133,57,85,86,67,128,44"/><W0/><G0/><T4/><D110/><U112/><E123/><V14/><F104/><W122/><G122/><T19/><D116/><U72/><E112/><V132/><F69/><W78/><G114/><T33/><D33/><U84/><E72/><V129/><F120/><W66/><G128/><T97/><D28/><U107/><E2/><V13/><F129/><W38/><G133/><T91/><D56/><N who="3" m="21609" /><G71/><T34/><D34/><U75/><E75/><V7/><F132/><W76/><G38/><T130/><D130/><U127/><E127/><N who="2" m="48651" /><F26/><N who="3" m="14663" /><G44/><T51/><D43/><U1/><E1/><V23/><F53/><W121/><G121/><T32/><D32/><U29/><E60/><V61/><F61/><W118/><G118/><T79/><D91/><U42/><E107/><V83/><F83/><N who="3" m="47335" /><G17/><T124/><D124/><U6/><E42/><V111/><F111/><W135/><G135/><T9/><D9/><U131/><E6/><N who="0" m="2665" /><D103/><U74/><E74/><V46/><F46/><W119/><G119/><T45/><D45/><U87/><E131/><V30/><F30/><W101/><G101/><T11/><D11/><U106/><E106/><V27/><F27/><W35/><G35/><T59/><D59/><U88/><E84/><AGARI ba="1,0" hai="7,8,13,14,18,23,48,49,84,90,92" m="48651" machi="84" ten="30,1000,0" yaku="18,1" doraHai="73" who="2" fromWho="1" sc="176,0,271,-13,317,13,236,0" owari="176,-32.0,258,6.0,330,42.0,236,-16.0" /></mjloggm>