<mjloggm ver="2.3"><GO type="97" lobby="0"/><UN n0="%E3%82%A6%E3%83%AB%E3%83%88%E3%83%A9%E7%AB%8B%E7%9B%B4" n1="%65%6C%6D%6F%E2%99%AA" n2="%E3%83%88%E3%82%A2" n3="%E3%81%BE%E3%81%A3%E3%81%8E%E3%82%87%E3%81%9F%E3%82%93" dan="14,15,13,14" rate="1948.73,1964.60,1840.09,1928.69" sx="M,M,M,M"/><TAIKYOKU oya="0"/><INIT seed="0,0,0,2,4,29" ten="250,250,250,250" oya="0" hai0="97,90,110,117,93,109,62,125,28,43,127,2,130" hai1="27,4,81,72,73,74,95,15,131,5,99,111,108" hai2="40,50,36,118,58,102,114,134,0,87,115,135,18" hai3="100,132,76,84,25,103,66,51,98,13,112,69,83"/><T61/><D2/><U46/><E131/><V104/><F0/><W42/><G112/><T39/><D117/><U52/><E27/><V68/><F104/><W82/><G132/><N who="2" m="50729" /><F102/><W45/><G82/><T17/><D130/><U53/><E81/><V92/><F18/><W59/><G69/><T6/><D6/><N who="1" m="2667" /><E15/><V65/><F87/><W57/><G13/><T85/><D28/><U120/><E46/><N who="2" m="23815" /><F92/><N who="3" m="58439" /><G103/><T34/><D34/><U63/><E63/><N who="0" m="24073" /><D17/><U55/><E120/><V86/><F86/><W23/><G66/><T49/><D39/><U16/><E16/><AGARI ba="0,0" hai="16,23,25,42,45,51,57,59,76,83,84" m="58439" machi="16" ten="30,2000,0" yaku="8,1,54,1" doraHai="29" who="3" fromWho="1" sc="250,0,250,-20,250,0,250,20" /><INIT seed="1,0,0,5,4,60" ten="250,230,250,270" oya="1" hai0="106,58,15,88,101,4,91,128,77,71,51,56,64" hai1="5,115,65,63,107,83,16,61,43,75,12,35,0" hai2="69,13,10,86,50,9,116,132,135,53,123,18,70" hai3="82,21,79,102,133,14,29,20,36,98,100,33,40"/><U39/><E107/><V67/><F123/><W127/><G127/><T24/><D128/><U68/><E115/><V19/><F116/><W37/><G133/><N who="2" m="51273" /><F86/><W81/><G14/><T7/><D71/><U52/><E35/><V17/><F9/><W48/><G48/><T1/><D1/><U94/><E94/><V113/><F113/><W25/><G40/><T57/><D106/><U109/><E109/><V78/><F78/><W23/><G82/><T46/><D101/><U34/><E34/><V22/><F22/><W47/><G47/><T85/><D24/><U126/><E126/><V114/><F114/><W111/><G111/><T119/><D119/><U97/><E97/><V129/><F129/><W55/><G55/><T76/><D91/><U90/><E0/><V125/><F125/><W27/><G27/><T45/><D45/><U66/><E5/><N who="0" m="2121" /><D15/><U49/><E75/><V99/><F99/><W124/><G124/><T6/><N who="0" m="2129" /><T72/><DORA hai="44" /><D72/><U73/><E73/><V41/><F41/><W11/><G11/><T118/><D118/><U42/><E39/><V54/><F54/><W84/><REACH who="3" step="1"/><G98/><REACH who="3" ten="250,230,250,260" step="2"/><T3/><D3/><U93/><E83/><V87/><F10/><W112/><G112/><T105/><D46/><U28/><E28/><V30/><F30/><W103/><AGARI ba="0,1" hai="20,21,23,25,29,33,36,37,79,81,84,100,102,103" machi="103" ten="30,2000,0" yaku="1,1,0,1,53,0" doraHai="60,44" doraHaiUra="110,62" who="3" fromWho="3" sc="250,-5,230,-10,250,-5,260,30" /><INIT seed="2,0,0,3,5,36" ten="245,220,245,290" oya="2" hai0="123,53,80,126,114,31,0,113,110,100,73,63,76" hai1="10,128,72,28,85,75,59,41,15,49,88,124,9" hai2="117,30,95,105,122,42,57,112,18,127,23,37,121" hai3="66,12,89,16,39,4,111,102,60,96,91,27,118"/><V22/><F117/><W40/><G118/><T115/><D0/><U125/><E128/><V83/><F112/><W71/><G111/><T81/><D123/><U70/><E70/><V11/><F105/><W131/><G131/><T84/><D31/><U44/><E28/><V86/><F127/><N who="1" m="48713" /><E59/><V97/><F22/><W45/><G4/><T50/><D126/><U6/><E10/><V56/><F30/><W67/><G67/><T119/><D119/><U14/><E14/><V69/><F69/><W129/><G27/><T61/><D110/><U13/><E13/><V130/><F11/><W32/><G32/><T116/><D116/><U99/><E99/><V74/><F74/><W21/><REACH who="3" step="1"/><G129/><REACH who="3" ten="245,220,245,280" step="2"/><T106/><D114/><U25/><E25/><V20/><F130/><W24/><G24/><T29/><D115/><U98/><E98/><V135/><F122/><W8/><G8/><T5/><D113/><U64/><E64/><V77/><F121/><W55/><G55/><T2/><D5/><U107/><E107/><AGARI ba="0,1" hai="12,16,21,39,40,45,60,66,71,89,91,96,102,107" machi="107" ten="30,7700,0" yaku="1,1,7,1,52,1,54,1,53,0" doraHai="36" doraHaiUra="26" who="3" fromWho="1" sc="245,0,220,-77,245,0,280,87" /><INIT seed="3,0,0,0,3,125" ten="245,143,245,367" oya="3" hai0="2,22,94,24,89,12,108,27,37,50,88,46,21" hai1="6,117,84,41,10,135,25,77,43,26,74,52,123" hai2="32,29,85,90,113,23,119,42,83,59,1,5,115" hai3="112,44,87,53,71,116,34,130,93,30,133,72,9"/><W28/><G87/><T49/><D2/><U110/><E74/><V38/><F119/><W126/><G9/><T132/><D37/><U114/><E123/><V107/><F107/><W67/><G93/><T63/><D132/><U33/><E117/><V39/><F39/><W106/><G30/><T4/><D63/><U57/><E135/><V58/><F32/><W82/><G82/><T118/><D118/><U51/><E110/><V18/><F29/><W48/><G28/><T101/><D101/><U105/><E105/><V15/><F5/><W16/><G16/><N who="0" m="10375" /><D108/><U36/><E114/><V19/><F1/><W66/><G66/><T40/><D4/><U92/><E33/><V127/><F127/><W69/><G67/><T129/><D129/><U68/><E68/><V109/><F109/><W54/><G69/><T95/><D50/><U56/><E36/><V122/><F122/><W64/><G64/><T61/><D61/><U0/><E26/><N who="0" m="9769" /><D22/><U99/><E25/><V70/><F70/><W79/><G71/><T35/><D35/><U14/><E0/><V103/><F103/><W20/><G34/><T128/><D128/><U78/><E57/><V121/><F121/><W100/><G130/><T91/><AGARI ba="0,0" hai="40,46,49,88,89,91,94,95" m="9769,10375" machi="91" ten="30,4000,0" yaku="8,1,54,2" doraHai="125" who="0" fromWho="0" sc="245,40,143,-10,245,-10,367,-20" owari="285,9.0,133,-37.0,235,-16.0,347,44.0" /></mjloggm>