<mjloggm ver="2.3"><GO type="97" lobby="0"/><UN n0="%E3%82%A6%E3%83%AB%E3%83%88%E3%83%A9%E7%AB%8B%E7%9B%B4" n1="%6A%75%6C%79%37" n2="%E9%96%8B%E3%81%8B%E3%82%8C" n3="%53%54%52%33%39%39" dan="15,14,14,14" rate="2077.28,1886.62,1906.73,1880.44" sx="M,M,F,M"/><TAIKYOKU oya="0"/><INIT seed="0,0,0,2,5,78" ten="250,250,250,250" oya="0" hai0="89,113,77,96,134,18,37,124,87,101,9,56,81" hai1="104,62,60,33,126,129,110,46,6,5,85,45,39" hai2="29,98,64,93,34,70,116,32,31,30,92,3,119" hai3="120,21,67,99,72,55,27,69,117,71,63,42,75"/><T36/><D124/><U0/><E104/><V28/><F3/><W4/><G117/><N who="2" m="45129" /><F93/><W10/><G120/><T65/><D134/><U86/><E33/><V23/><F23/><W2/><G42/><T19/><D113/><U130/><E0/><V82/><F82/><W14/><G71/><T51/><D37/><U123/><E39/><V83/><F83/><W108/><G108/><T100/><D36/><U132/><E132/><V66/><N who="2" m="7168" /><DORA hai="106" /><V97/><F97/><W49/><G99/><T125/><D125/><U24/><E126/><V121/><F121/><W112/><G112/><T7/><D89/><U38/><E38/><V47/><F47/><W91/><G91/><T114/><D114/><U59/><E123/><V8/><F8/><W22/><G2/><T128/><D128/><U48/><E24/><V122/><F122/><W11/><G10/><T41/><D100/><U50/><REACH who="1" step="1"/><E59/><REACH who="1" ten="250,240,250,250" step="2"/><V127/><F127/><W135/><G135/><T16/><D56/><U80/><E80/><V25/><F25/><W1/><G1/><T90/><D77/><U76/><E76/><V26/><F26/><W133/><G133/><T57/><D57/><U131/><E131/><V35/><F70/><W12/><G12/><T68/><D68/><U111/><AGARI ba="0,1" hai="5,6,45,46,48,50,60,62,85,86,110,111,129,130" machi="111" ten="25,12000,2" yaku="1,1,0,1,22,2,53,2" doraHai="78,106" doraHaiUra="43,61" who="1" fromWho="1" sc="250,-60,240,130,250,-30,250,-30" /><INIT seed="1,0,0,0,5,75" ten="190,370,220,220" oya="1" hai0="115,100,29,68,128,20,83,86,52,90,119,9,89" hai1="26,58,7,133,127,129,80,63,97,95,12,72,109" hai2="22,125,42,88,3,53,65,56,84,45,43,37,21" hai3="98,23,134,113,59,41,105,8,91,106,66,112,77"/><U11/><E127/><V78/><F3/><W16/><G41/><T60/><D119/><U87/><E72/><V50/><F125/><W47/><G134/><T101/><D115/><U1/><E133/><V69/><F43/><W33/><G33/><T6/><D128/><U44/><E129/><V40/><F40/><W54/><G8/><T92/><D20/><U124/><E124/><V4/><F4/><W104/><G66/><T131/><D29/><U34/><E109/><V107/><F107/><W0/><G0/><T32/><D32/><U116/><E116/><V76/><F21/><W118/><G47/><T48/><D60/><U19/><E44/><V85/><F22/><W120/><G118/><T35/><D35/><U39/><E39/><V25/><F25/><W31/><G31/><T81/><D68/><U117/><E117/><V114/><F114/><W51/><G120/><T130/><D130/><U96/><E34/><V99/><F99/><W126/><G126/><T67/><D67/><U111/><E111/><V108/><F108/><W5/><G5/><T10/><D131/><U71/><E71/><V64/><F64/><W17/><G17/><T70/><D70/><U55/><E26/><V13/><F13/><W94/><REACH who="3" step="1"/><G77/><REACH who="3" ten="190,370,220,210" step="2"/><N who="2" m="29801" /><F88/><W110/><G110/><T36/><D36/><U14/><E1/><V30/><F30/><W135/><G135/><T82/><D90/><U102/><E7/><V28/><F28/><W61/><G61/><AGARI ba="0,1" hai="37,42,45,50,53,56,61,65,69,84,85" m="29801" machi="61" ten="30,7700,0" yaku="24,1,52,3" doraHai="75" who="2" fromWho="3" sc="190,0,370,0,220,87,210,-77" /><INIT seed="2,0,0,3,4,6" ten="190,370,307,133" oya="2" hai0="36,94,56,18,73,133,44,31,52,129,60,13,35" hai1="1,112,96,80,64,17,32,70,119,78,24,76,123" hai2="59,79,98,20,5,117,102,55,93,28,14,40,8" hai3="9,26,19,115,120,126,122,91,124,30,67,54,83"/><V107/><F117/><W125/><G67/><T104/><D104/><U127/><E1/><V58/><F40/><W53/><G83/><T10/><D73/><U4/><E119/><V57/><F79/><W101/><G91/><T65/><D129/><U49/><E4/><V68/><F68/><W118/><G101/><T23/><D133/><U130/><E112/><V33/><F33/><N who="3" m="20695" /><G54/><T89/><D35/><U25/><E130/><V134/><F134/><W0/><G53/><T99/><D36/><U86/><E127/><N who="3" m="32514" /><W113/><DORA hai="62" /><G118/><T90/><D31/><U84/><E96/><V71/><F71/><W110/><G110/><T48/><D89/><U46/><E123/><N who="3" m="47146" /><G19/><T15/><D15/><U39/><E39/><V42/><F42/><W132/><G132/><T131/><REACH who="0" step="1"/><D131/><REACH who="0" ten="180,370,307,133" step="2"/><U43/><E78/><V100/><F107/><W75/><G75/><T11/><AGARI ba="0,1" hai="10,11,13,18,23,44,48,52,56,60,65,90,94,99" machi="11" ten="30,16000,3" yaku="1,1,2,1,0,1,8,1,52,3,54,1,53,0" doraHai="6,62" doraHaiUra="81,37" who="0" fromWho="0" sc="180,170,370,-40,307,-80,133,-40" /><INIT seed="3,0,0,1,3,62" ten="350,330,227,93" oya="3" hai0="88,84,66,93,34,89,69,29,12,13,74,126,60" hai1="103,133,132,76,85,134,54,92,121,9,42,65,120" hai2="32,44,21,98,116,135,8,67,68,70,36,41,27" hai3="7,56,80,19,37,82,99,113,122,61,129,91,5"/><W123/><G113/><T26/><D74/><U17/><E42/><V104/><F32/><W109/><G37/><T107/><D126/><U127/><E127/><V108/><F116/><W20/><G129/><T3/><D3/><U52/><E65/><V23/><F108/><W45/><G109/><T105/><D12/><N who="1" m="7311" /><E76/><V64/><F135/><N who="1" m="34561" /><U11/><DORA hai="102" /><E11/><V73/><F73/><W111/><G111/><T78/><D78/><U25/><E25/><V59/><F8/><W71/><G71/><T51/><D13/><U55/><E85/><V83/><F83/><W75/><G75/><T10/><D10/><U124/><E124/><V0/><F0/><W6/><G123/><T16/><D16/><U39/><E39/><V24/><F59/><W31/><G31/><T131/><D131/><U28/><E28/><V43/><F43/><W2/><G2/><T77/><D77/><U57/><E57/><V22/><F70/><W117/><G117/><T4/><D4/><U87/><E87/><V97/><F68/><W130/><G130/><T38/><D38/><U81/><E81/><V63/><F63/><W128/><G128/><T35/><D35/><U15/><E15/><V49/><F36/><W90/><G122/><T1/><D1/><U46/><E46/><V101/><REACH who="2" step="1"/><F98/><AGARI ba="0,0" hai="52,54,55,92,98,103,120,121" m="34561,7311" machi="98" ten="50,3200,0" yaku="20,1,54,1" doraHai="62,102" who="1" fromWho="2" sc="350,0,330,32,227,-32,93,0" owari="350,15.0,362,46.0,195,-20.0,93,-41.0" /></mjloggm>