<mjloggm ver="2.3"><GO type="169" lobby="0"/><UN n0="%E3%81%AF%E3%81%A3%E3%81%A8%E3%82%8A%E3%81%B8%E3%81%84%E3%81%98" n1="%E4%B8%8D%E8%A8%B1%E5%8F%AF" n2="%E3%81%91%E3%82%93%31%39%37%30" n3="%E3%82%A6%E3%83%AB%E3%83%88%E3%83%A9%E7%AB%8B%E7%9B%B4" dan="16,16,16,16" rate="2141.02,2093.19,2141.29,2091.72" sx="M,M,M,M"/><TAIKYOKU oya="0"/><INIT seed="0,0,0,3,2,17" ten="250,250,250,250" oya="0" hai0="126,74,78,22,4,116,104,48,130,106,124,76,94" hai1="96,122,115,79,101,109,23,30,37,80,19,55,64" hai2="26,111,107,123,88,24,120,125,66,8,16,14,25" hai3="81,18,21,39,47,114,2,132,53,97,36,38,105"/><T119/><D4/><U98/><E122/><V90/><F107/><W91/><G2/><T34/><D34/><U59/><E37/><V68/><F111/><W63/><G114/><T83/><D48/><U71/><E109/><V118/><F125/><N who="0" m="48234" /><D22/><U60/><E115/><V45/><F118/><N who="0" m="45098" /><D130/><U56/><E101/><V28/><F45/><W51/><G63/><T31/><D31/><U61/><E30/><V65/><F28/><W50/><G50/><T10/><D10/><U40/><E40/><V13/><F68/><W135/><G105/><N who="0" m="40555" /><D94/><U131/><E71/><V44/><F44/><W12/><REACH who="3" step="1"/><G97/><REACH who="3" ten="250,250,250,240" step="2"/><T75/><D83/><U5/><E80/><V93/><F93/><W113/><G113/><T87/><D87/><AGARI ba="0,1" hai="12,18,21,36,38,39,47,51,53,81,87,91,132,135" machi="87" ten="50,3200,0" yaku="1,1,52,1,53,0" doraHai="17" doraHaiUra="117" who="3" fromWho="0" sc="250,-32,250,0,250,0,240,42" /><INIT seed="1,0,0,4,4,3" ten="218,250,250,282" oya="1" hai0="34,67,131,13,62,39,109,54,28,89,11,65,82" hai1="111,24,76,110,119,15,93,53,116,14,5,135,60" hai2="22,122,66,97,69,48,21,126,130,58,83,63,95" hai3="112,36,20,27,73,6,35,129,26,57,2,17,92"/><U19/><E135/><V103/><F122/><W0/><G36/><T117/><D117/><U72/><E93/><V16/><F130/><W44/><G73/><T127/><D39/><U104/><E104/><V31/><F126/><W25/><G44/><T41/><D131/><U46/><E76/><V132/><F132/><W86/><G86/><N who="0" m="50391" /><D34/><U18/><E72/><V79/><F69/><W106/><G106/><T121/><D109/><N who="1" m="41483" /><E24/><N who="3" m="9322" /><G57/><N who="0" m="35127" /><D121/><U94/><E94/><V84/><F31/><N who="3" m="19967" /><G92/><T100/><D28/><U74/><E74/><V124/><F124/><W29/><G129/><T134/><D134/><U80/><E15/><N who="2" m="9375" /><F22/><W52/><G112/><T81/><D127/><U88/><E60/><V1/><F1/><W10/><G52/><T30/><D30/><U98/><E53/><V37/><F37/><W118/><G118/><N who="1" m="45098" /><E46/><V9/><F9/><W50/><G29/><T33/><D33/><U51/><E51/><AGARI ba="0,0" hai="48,51,58,63,66,79,83,84,95,97,103" m="9375" machi="51" ten="30,2000,0" yaku="8,1,54,1" doraHai="3" who="2" fromWho="1" sc="218,0,250,-20,250,20,282,0" /><INIT seed="2,0,0,2,0,132" ten="218,230,270,282" oya="2" hai0="15,19,53,12,69,77,39,85,74,65,42,90,79" hai1="92,23,104,120,1,5,123,57,0,82,67,83,63" hai2="125,46,32,111,10,108,119,2,30,38,73,131,62" hai3="16,109,14,18,78,88,47,17,56,66,68,55,122"/><V24/><F119/><W37/><G122/><N who="1" m="46634" /><E104/><V13/><F73/><W129/><G109/><N who="2" m="42057" /><F62/><W54/><G129/><T31/><D31/><U35/><E35/><V98/><F98/><W105/><G105/><T11/><D74/><U71/><E23/><V9/><F46/><W106/><G106/><T8/><D39/><U49/><E92/><V112/><F38/><W60/><G78/><T86/><D42/><U45/><E57/><V26/><F112/><W127/><G55/><T43/><D43/><N who="1" m="24767" /><E5/><N who="2" m="1207" /><F26/><W89/><G47/><T134/><D134/><U115/><E115/><V51/><F51/><W20/><G37/><T107/><D107/><U72/><E72/><V95/><F95/><W4/><G68/><T41/><D41/><U97/><E97/><V75/><F75/><W58/><G58/><T100/><D100/><U130/><E130/><V91/><F91/><W36/><G36/><T84/><D90/><U27/><E27/><V133/><F133/><W25/><G88/><T87/><D53/><U22/><E63/><V96/><F96/><W6/><G89/><T113/><D113/><U99/><E99/><V61/><F61/><W64/><G54/><T52/><D52/><U94/><E94/><V40/><F40/><W114/><G114/><T102/><D102/><U110/><E110/><V34/><F131/><W76/><G60/><N who="0" m="40103" /><D87/><U128/><E128/><V80/><F80/><W103/><G64/><T48/><D48/><U81/><E67/><V70/><F34/><W135/><G66/><T118/><D118/><U50/><E71/><V44/><F70/><W3/><G135/><RYUUKYOKU ba="0,0" sc="218,30,230,-10,270,-10,282,-10" hai0="8,11,12,15,19,77,79,84,85,86" /><INIT seed="3,1,0,4,4,72" ten="248,220,260,272" oya="3" hai0="41,118,75,19,122,77,84,100,32,61,10,54,107" hai1="89,111,134,20,33,38,18,69,117,96,123,86,129" hai2="29,88,95,106,39,110,56,58,79,9,55,59,50" hai3="130,131,47,135,44,2,128,5,36,67,103,65,105"/><W113/><G103/><T25/><D122/><U45/><E123/><V17/><F39/><W133/><G105/><T48/><D75/><U132/><E69/><V83/><F106/><W97/><G97/><T3/><D118/><U42/><E33/><V78/><F29/><W34/><G34/><T98/><D41/><U4/><E117/><V23/><F9/><W119/><G119/><T6/><D61/><U73/><E73/><V116/><F110/><W68/><G5/><T109/><D109/><U82/><E111/><V64/><F83/><W15/><G15/><T66/><D66/><N who="3" m="25097" /><G2/><T74/><D74/><U81/><E4/><V126/><F126/><W70/><G113/><T31/><D19/><U102/><E82/><V124/><F124/><W62/><G62/><T121/><D121/><U28/><E28/><V8/><F8/><W30/><G30/><T104/><D104/><U80/><E80/><V76/><F64/><W46/><G36/><T22/><D84/><U92/><REACH who="1" step="1"/><E129/><REACH who="1" ten="248,210,260,272" step="2"/><V14/><REACH who="2" step="1"/><F116/><REACH who="2" ten="248,210,250,272" step="2"/><W12/><G12/><AGARI ba="1,2" hai="12,18,20,38,42,45,81,86,89,92,96,102,132,134" machi="12" ten="40,2600,0" yaku="1,1,2,1,53,0" doraHai="72" doraHaiUra="115" who="1" fromWho="3" sc="248,0,210,49,250,0,272,-29" /><INIT seed="4,0,0,3,4,74" ten="248,259,250,243" oya="0" hai0="26,108,98,57,123,35,118,129,33,29,130,84,104" hai1="109,127,131,73,86,25,18,134,32,88,21,45,66" hai2="64,114,4,111,99,81,14,11,90,69,58,79,53" hai3="93,31,97,128,101,122,85,82,17,39,8,2,62"/><T40/><D123/><U126/><E73/><V117/><F111/><W10/><G39/><T49/><D118/><U5/><E109/><V78/><F69/><W106/><G122/><T105/><D108/><U20/><E134/><V77/><F114/><W110/><G110/><T120/><D120/><U67/><E131/><N who="0" m="50185" /><D35/><U12/><E5/><V92/><F117/><W52/><G128/><T46/><D98/><U76/><E45/><V116/><F116/><W42/><G42/><T59/><D84/><U37/><E76/><V61/><F64/><W72/><G2/><T94/><D94/><N who="1" m="54551" /><E32/><V3/><F3/><W91/><G31/><T132/><D132/><U54/><E54/><V28/><F28/><W112/><G112/><T75/><D75/><AGARI ba="0,0" hai="4,11,14,53,58,61,75,77,78,79,81,90,92,99" machi="75" ten="30,7700,0" yaku="7,1,52,3" doraHai="74" who="2" fromWho="0" sc="248,-77,259,0,250,77,243,0" /><INIT seed="5,0,0,1,2,76" ten="171,259,327,243" oya="1" hai0="2,47,23,118,122,130,1,126,36,61,90,30,129" hai1="88,105,85,60,62,7,34,64,96,109,0,113,125" hai2="131,67,121,89,45,5,100,83,37,74,56,48,103" hai3="33,19,44,32,10,46,18,27,86,11,38,107,21"/><U17/><E109/><V50/><F121/><W75/><G107/><T92/><D118/><U71/><E113/><V13/><F131/><N who="0" m="50186" /><D122/><U95/><E125/><V127/><F37/><W69/><G69/><T39/><D126/><U55/><E34/><V14/><F74/><W52/><G75/><T41/><D36/><U77/><E17/><V106/><F106/><W87/><G38/><T84/><D61/><U111/><E111/><V6/><F89/><W104/><G104/><T124/><D124/><U73/><E7/><V120/><F127/><W53/><G21/><T132/><D132/><U3/><E55/><V24/><F67/><W15/><G15/><T57/><D57/><U119/><E60/><V26/><F56/><W59/><REACH who="3" step="1"/><G59/><REACH who="3" ten="171,259,327,233" step="2"/><T128/><N who="0" m="50194" /><T20/><DORA hai="112" /><D23/><U116/><E3/><V93/><F120/><W82/><G82/><T81/><D92/><U102/><E0/><V80/><F93/><W114/><G114/><T110/><D110/><U16/><E16/><V97/><F45/><W108/><G108/><T72/><D72/><U68/><E71/><V22/><F22/><W49/><G49/><T12/><D12/><U31/><E31/><V133/><F133/><W101/><G101/><T35/><D20/><U91/><E91/><V65/><F65/><W4/><G4/><T78/><D90/><U42/><E42/><V98/><AGARI ba="0,1" hai="5,6,13,14,24,26,48,50,80,83,97,98,100,103" machi="98" ten="25,12000,2" yaku="0,1,22,2,8,1,52,2" doraHai="76,112" who="2" fromWho="2" sc="171,-30,259,-60,327,130,233,-30" /><INIT seed="6,0,0,5,4,114" ten="141,199,457,203" oya="2" hai0="12,122,89,87,84,88,7,58,21,94,118,0,121" hai1="50,19,96,125,33,134,100,48,15,49,119,75,71" hai2="25,106,30,43,90,77,10,93,129,105,22,8,13" hai3="34,60,109,70,4,112,53,76,52,37,11,104,35"/><V14/><F77/><W101/><G37/><T39/><D39/><U91/><E33/><V120/><F129/><W54/><G109/><T111/><D111/><U3/><E3/><V68/><F68/><W131/><G131/><T115/><D115/><U130/><E71/><V9/><F43/><W38/><G38/><T29/><D0/><U81/><E130/><V36/><F36/><W83/><G112/><T24/><D58/><U74/><E119/><V116/><F120/><W78/><G78/><T66/><D66/><U17/><E134/><V63/><F116/><W133/><G133/><T2/><D118/><U126/><E91/><V132/><F105/><W28/><G28/><T64/><D64/><U110/><E110/><V1/><F106/><W20/><G20/><T97/><D2/><U123/><E123/><V32/><F63/><W67/><G101/><T23/><D97/><U45/><E45/><V26/><F1/><W95/><G95/><T18/><REACH who="0" step="1"/><D7/><REACH who="0" ten="131,199,457,203" step="2"/><U69/><E69/><V55/><F132/><W102/><G70/><T47/><D47/><U59/><E59/><V80/><F14/><N who="3" m="5479" /><G60/><T127/><D127/><U85/><E126/><V82/><F13/><W99/><G67/><T56/><D56/><U107/><E125/><V42/><F26/><W40/><G35/><T117/><D117/><U128/><E128/><V51/><F32/><W61/><G34/><T92/><AGARI ba="0,1" hai="12,18,21,23,24,29,84,87,88,89,92,94,121,122" machi="92" ten="20,8000,1" yaku="1,1,0,1,7,1,9,1,54,1,53,0" doraHai="114" doraHaiUra="72" who="0" fromWho="0" sc="131,90,199,-20,457,-40,203,-20" /><INIT seed="7,0,0,0,3,78" ten="221,179,417,183" oya="3" hai0="22,102,107,76,61,58,103,54,41,3,70,33,132" hai1="128,134,127,59,35,14,68,79,50,63,98,117,4" hai2="31,30,120,105,122,2,80,36,56,124,91,53,106" hai3="52,38,95,94,19,64,25,39,116,97,60,29,101"/><W18/><G116/><T12/><D33/><U89/><E117/><V73/><F36/><W20/><G19/><T26/><D3/><U110/><E110/><V6/><F124/><W1/><G1/><T43/><D132/><U62/><E134/><V112/><F112/><W11/><G94/><T133/><D133/><U115/><E127/><V49/><F6/><W51/><G11/><T84/><D70/><U104/><E115/><V88/><F91/><W118/><G118/><T81/><D12/><U100/><E35/><V86/><F73/><W72/><G72/><T46/><D107/><N who="2" m="40970" /><F2/><W65/><G18/><N who="0" m="12631" /><D46/><U99/><E128/><V24/><F24/><W121/><G121/><AGARI ba="0,0" hai="30,31,49,53,56,80,86,88,120,121,122" m="40970" machi="121" ten="30,3900,0" yaku="13,1,52,1,54,1" doraHai="78" who="2" fromWho="3" sc="221,0,179,0,417,39,183,-39" owari="221,2.0,179,-22.0,456,56.0,144,-36.0" /></mjloggm>