<mjloggm ver="2.3"><GO type="169" lobby="0"/><UN n0="%E5%A4%AA%E3%81%8F%E3%81%AA%E3%81%84%E3%81%8A" n1="%E7%BD%AE%E5%82%98" n2="%E3%82%A6%E3%83%AB%E3%83%88%E3%83%A9%E7%AB%8B%E7%9B%B4" n3="%EF%BC%A4%EF%BC%B2%EF%BC%AF%EF%BC%B0" dan="17,16,17,16" rate="2212.05,2187.93,2153.26,2039.23" sx="M,M,M,M"/><TAIKYOKU oya="0"/><INIT seed="0,0,0,4,3,118" ten="250,250,250,250" oya="0" hai0="95,50,106,22,26,19,126,85,39,35,2,54,133" hai1="0,14,36,28,93,16,116,5,100,132,81,77,3" hai2="97,58,7,99,33,60,114,63,104,42,9,88,109" hai3="64,31,32,20,125,76,89,120,127,17,34,115,45"/><T80/><D106/><U98/><E116/><V67/><F33/><W37/><G115/><T10/><D39/><U135/><E36/><V4/><F109/><W105/><G105/><T101/><D126/><U107/><E28/><V102/><F114/><W25/><G76/><T55/><D133/><N who="1" m="51275" /><E5/><V103/><F42/><N who="3" m="22735" /><G64/><T70/><D70/><U86/><E107/><V82/><F63/><W24/><G89/><T61/><D35/><U92/><E92/><V53/><F67/><W1/><G1/><T128/><D128/><U13/><E13/><V38/><F38/><W130/><G130/><T129/><D129/><U57/><E57/><V68/><F68/><W108/><G108/><T59/><D2/><U87/><E87/><V117/><F117/><W96/><G96/><N who="0" m="59551" /><D10/><AGARI ba="0,0" hai="0,3,10,14,16,77,81,86,93,98,100" m="51275" machi="10" ten="30,2000,0" yaku="20,1,54,1" doraHai="118" who="1" fromWho="0" sc="250,-20,250,20,250,0,250,0" /><INIT seed="1,0,0,0,1,112" ten="230,270,250,250" oya="1" hai0="43,115,81,29,109,124,66,27,56,101,57,65,54" hai1="20,46,0,9,119,23,13,30,113,58,104,10,132" hai2="42,50,94,38,44,93,105,5,4,118,55,41,35" hai3="36,83,96,19,92,88,91,61,37,40,34,100,97"/><U87/><E104/><V135/><F35/><W16/><G34/><T102/><D115/><U111/><E113/><V33/><F33/><W68/><G83/><T21/><D109/><U80/><E111/><V62/><F105/><W84/><G91/><T70/><D70/><U98/><E98/><V99/><F135/><W45/><G37/><T134/><D134/><U24/><E132/><V131/><F131/><W60/><G96/><T77/><D43/><U15/><E0/><V17/><F94/><W22/><G68/><T73/><D124/><U82/><E119/><V127/><F127/><W49/><G36/><T25/><D25/><U117/><E117/><V3/><F3/><W110/><G110/><T69/><D69/><U26/><E46/><V108/><F108/><W74/><G74/><T72/><D72/><U71/><E71/><V116/><F42/><W28/><G28/><T129/><D129/><U90/><E58/><V121/><F121/><W103/><G19/><T52/><D102/><N who="3" m="38953" /><G97/><T128/><D101/><U1/><E1/><V85/><F99/><W12/><AGARI ba="0,0" hai="12,16,22,40,45,49,60,61,84,88,92" m="38953" machi="12" ten="30,4000,0" yaku="8,1,54,2" doraHai="112" who="3" fromWho="3" sc="230,-10,270,-20,250,-10,250,40" /><INIT seed="2,0,0,4,1,135" ten="220,250,240,290" oya="2" hai0="29,26,62,15,80,57,87,76,0,119,70,75,113" hai1="71,89,13,61,24,90,44,50,54,74,55,38,51" hai2="117,104,48,103,77,65,128,111,82,2,32,9,95" hai3="120,112,37,72,69,47,73,91,129,131,92,6,60"/><V132/><F32/><W30/><G120/><T96/><D0/><U88/><E74/><V133/><F104/><W11/><G30/><T19/><D113/><U86/><E38/><V134/><F117/><W45/><G112/><T17/><D70/><U115/><E115/><V79/><F128/><N who="3" m="49227" /><G60/><T14/><D119/><U49/><E24/><V39/><F39/><W22/><G22/><T43/><D75/><N who="3" m="28745" /><G69/><T41/><D96/><U56/><E71/><V3/><F65/><W118/><G37/><T21/><D15/><U93/><E13/><V106/><F2/><N who="3" m="471" /><G118/><T67/><REACH who="0" step="1"/><D19/><REACH who="0" ten="210,250,240,290" step="2"/><U12/><E12/><V33/><F3/><W23/><G23/><AGARI ba="0,1" hai="14,17,21,23,26,29,41,43,57,62,67,76,80,87" machi="23" ten="30,7700,0" yaku="1,1,2,1,7,1,8,1,53,0" doraHai="135" doraHaiUra="5" who="0" fromWho="3" sc="210,87,250,0,240,0,290,-77" /><INIT seed="3,0,0,0,2,68" ten="297,250,240,213" oya="3" hai0="120,55,129,125,104,83,123,108,23,56,8,1,77" hai1="21,87,70,94,47,121,112,131,75,35,132,62,58" hai2="126,134,122,76,11,97,5,69,117,100,85,63,115" hai3="22,105,2,128,51,39,124,79,72,74,44,29,46"/><W67/><G105/><T102/><D23/><U130/><E35/><V109/><F117/><W42/><G124/><T86/><D125/><U20/><E75/><V49/><F115/><W34/><G34/><T6/><D108/><U14/><E70/><V54/><F109/><W106/><G106/><T50/><REACH who="0" step="1"/><D129/><REACH who="0" ten="287,250,240,213" step="2"/><U78/><E20/><V31/><F126/><W16/><G128/><T9/><D9/><U133/><E21/><V92/><F122/><W0/><G29/><T37/><D37/><U40/><E131/><V107/><F31/><W91/><G22/><T19/><D19/><U81/><E121/><V65/><F11/><W110/><G16/><T113/><D113/><U73/><E112/><V71/><F5/><W15/><G110/><T61/><D61/><U57/><E130/><V80/><F134/><W24/><G39/><T98/><AGARI ba="0,1" hai="1,6,8,50,55,56,77,83,86,98,102,104,120,123" machi="98" ten="30,4000,0" yaku="1,1,0,1,53,1" doraHai="68" doraHaiUra="7" who="0" fromWho="0" sc="287,50,250,-10,240,-10,213,-20" /><INIT seed="4,0,0,5,4,65" ten="337,240,230,193" oya="0" hai0="107,14,35,127,71,44,60,24,133,108,109,15,118" hai1="104,80,68,116,97,117,69,59,135,52,12,76,55" hai2="126,10,90,39,19,16,63,49,37,26,64,18,31" hai3="87,29,41,93,82,84,73,110,9,11,62,125,47"/><T115/><D115/><U30/><E135/><V128/><F126/><W119/><G110/><N who="0" m="42603" /><D118/><U27/><E12/><V72/><F72/><W132/><G119/><T101/><D127/><U81/><E97/><V20/><F128/><W54/><G73/><T43/><D133/><U124/><E124/><V77/><F77/><W105/><G105/><T102/><D35/><U3/><E104/><V58/><F90/><N who="3" m="53471" /><G29/><T95/><D107/><U75/><E3/><V28/><F28/><W4/><G125/><T88/><D24/><U0/><E0/><V111/><F111/><W96/><G96/><N who="0" m="57447" /><D102/><U56/><E30/><V17/><N who="2" m="4096" /><DORA hai="92" /><V121/><F121/><W40/><G132/><T6/><D6/><U33/><E75/><V1/><REACH who="2" step="1"/><F49/><REACH who="2" ten="337,240,220,193" step="2"/><W70/><G11/><T34/><D101/><U38/><E76/><V46/><F46/><W98/><G47/><T86/><D34/><U5/><E33/><V78/><F78/><W94/><G9/><T103/><D103/><U32/><E32/><V45/><F45/><W113/><G4/><AGARI ba="0,1" hai="1,4,10,20,26,31,37,39,58,63,64" m="4096" machi="4" ten="50,3200,0" yaku="1,1,54,1,53,0" doraHai="65,92" doraHaiUra="36,8" who="2" fromWho="3" sc="337,0,240,0,220,42,193,-32" /><INIT seed="5,0,0,4,4,106" ten="337,240,262,161" oya="1" hai0="50,116,134,120,93,53,68,115,59,118,83,96,122" hai1="30,78,2,58,104,67,60,19,26,130,82,108,51" hai2="123,57,11,69,70,111,37,99,73,48,24,117,46" hai3="121,52,23,21,22,88,92,42,12,7,98,5,76"/><U85/><E2/><V28/><F111/><W97/><G121/><N who="0" m="46699" /><D115/><U64/><E108/><V44/><F123/><W102/><G42/><T79/><D68/><U49/><E104/><V86/><F57/><W16/><G76/><T4/><D4/><U56/><E130/><V125/><F44/><W17/><G23/><T90/><D134/><U72/><E19/><V55/><F37/><W54/><G5/><T14/><D14/><U109/><E109/><V110/><F70/><W74/><G74/><AGARI ba="0,0" hai="50,53,59,74,79,83,90,93,96,116,118" m="46699" machi="74" ten="30,2000,0" yaku="13,1,52,1" doraHai="106" who="0" fromWho="3" sc="337,20,240,0,262,0,161,-20" /><INIT seed="6,0,0,0,4,112" ten="357,240,262,141" oya="2" hai0="60,97,3,51,83,101,15,8,115,12,96,21,87" hai1="135,69,62,26,27,6,73,33,41,46,93,124,25" hai2="43,1,29,72,127,99,77,5,108,90,68,31,79" hai3="59,114,122,7,17,49,32,58,107,126,61,125,70"/><V48/><F68/><W64/><G107/><T45/><D115/><U98/><E73/><V129/><F108/><W37/><G32/><T103/><D3/><U71/><E124/><N who="3" m="47722" /><G17/><N who="0" m="10431" /><D60/><U118/><E118/><V78/><F1/><W36/><G7/><N who="0" m="3103" /><D97/><U88/><E6/><V53/><F129/><W30/><G30/><T0/><D96/><U133/><E33/><V84/><F72/><W66/><G114/><T55/><D0/><U110/><E110/><V74/><F74/><W113/><G113/><T105/><D105/><U67/><REACH who="1" step="1"/><E71/><REACH who="1" ten="357,230,262,141" step="2"/><V82/><F5/><W128/><G128/><T24/><D24/><U80/><E80/><V54/><F127/><W104/><G70/><T132/><D132/><U134/><E134/><V102/><F31/><W19/><G122/><T50/><D50/><AGARI ba="0,1" hai="25,26,27,41,46,50,62,67,69,88,93,98,133,135" machi="50" ten="40,2600,0" yaku="1,1,54,1,53,0" doraHai="112" doraHaiUra="2" who="1" fromWho="0" sc="357,-26,230,36,262,0,141,0" /><INIT seed="7,0,0,3,4,31" ten="331,266,262,141" oya="3" hai0="108,29,42,14,49,113,45,90,64,28,4,58,22" hai1="50,18,35,34,43,25,2,60,70,63,3,36,127" hai2="23,126,83,125,89,11,130,54,6,98,37,66,112" hai3="86,101,75,84,71,76,78,67,111,69,95,135,62"/><W114/><G71/><T61/><D108/><U52/><E127/><N who="2" m="48651" /><F112/><W128/><G114/><T5/><D113/><U16/><E60/><V102/><F130/><W106/><G106/><T26/><D28/><U99/><E99/><V103/><F66/><W12/><G128/><T81/><D14/><U96/><E96/><V46/><F23/><W129/><G129/><T77/><D90/><U93/><E93/><N who="2" m="56623" /><F83/><W57/><G111/><T80/><D80/><U107/><E107/><V100/><F54/><W74/><G69/><T120/><D120/><U68/><E68/><V41/><F102/><W8/><G75/><AGARI ba="0,0" hai="4,5,22,26,29,42,45,49,58,61,64,75,77,81" machi="75" ten="30,1000,0" yaku="7,1" doraHai="31" who="0" fromWho="3" sc="331,10,266,0,262,0,141,-10" owari="341,44.0,266,7.0,262,-14.0,131,-37.0" /></mjloggm>