<mjloggm ver="2.3"><GO type="97" lobby="0"/><UN n0="%73%61%72%61%7A%6F" n1="%E3%82%A6%E3%83%AB%E3%83%88%E3%83%A9%E7%AB%8B%E7%9B%B4" n2="%6D%6F%63%68%69%30" n3="%E6%A7%8D%E6%A7%93%E3%81%AE%E3%81%BF" dan="15,15,15,16" rate="2039.00,1993.19,1962.87,2032.27" sx="M,M,F,M"/><TAIKYOKU oya="0"/><INIT seed="0,0,0,4,4,54" ten="250,250,250,250" oya="0" hai0="51,13,48,3,130,61,67,23,90,73,12,109,122" hai1="26,11,39,22,76,97,31,119,127,1,20,8,30" hai2="87,47,72,33,14,113,5,32,91,10,68,101,129" hai3="82,69,84,77,126,106,80,118,110,135,18,99,49"/><T62/><D3/><U128/><E39/><V70/><F113/><W121/><G69/><T53/><D122/><U0/><E76/><V93/><F129/><W2/><G118/><T123/><D123/><U111/><E97/><V81/><F72/><W104/><G2/><N who="1" m="1130" /><E119/><V17/><F101/><W25/><G110/><T98/><D73/><U95/><E95/><V19/><F68/><W92/><G135/><T41/><D130/><U64/><E64/><V59/><F70/><W44/><G126/><T133/><D109/><U50/><E50/><N who="0" m="18985" /><D133/><U96/><E96/><V9/><F47/><W7/><G7/><T24/><D67/><U28/><E111/><V52/><F33/><W79/><G121/><T78/><D78/><U43/><E43/><V124/><F32/><W65/><G65/><T55/><D41/><U27/><E128/><V56/><F124/><W36/><G36/><T100/><D53/><U108/><E108/><V94/><F10/><N who="1" m="3625" /><E127/><V83/><F94/><W42/><G106/><T21/><D100/><U134/><E134/><V116/><F116/><W34/><G104/><T15/><D62/><U45/><E45/><V88/><F83/><W114/><G80/><T115/><D115/><U29/><AGARI ba="0,0" hai="20,22,26,27,28,29,30,31" m="3625,1130" machi="29" ten="30,8000,1" yaku="35,5" doraHai="54" who="1" fromWho="1" sc="250,-40,250,80,250,-20,250,-20" /><INIT seed="1,0,0,2,2,64" ten="210,330,230,230" oya="1" hai0="135,53,75,69,103,134,91,38,81,62,26,21,125" hai1="65,4,31,113,94,15,112,115,28,127,107,72,46" hai2="52,114,97,48,6,104,90,16,59,118,86,68,36" hai3="60,89,18,111,121,49,102,42,27,11,58,132,76"/><U25/><E107/><V40/><F118/><W117/><G121/><T119/><D38/><U54/><E72/><V50/><F114/><W95/><G111/><T77/><D119/><U19/><E65/><V0/><F36/><W20/><G132/><T133/><D125/><U57/><E127/><V30/><F30/><W39/><G39/><T82/><D103/><U99/><E46/><V56/><F68/><W13/><G117/><T126/><D126/><U84/><E84/><V71/><F71/><W109/><G109/><T12/><D12/><U98/><E4/><V34/><F34/><W5/><G102/><T45/><D45/><U33/><E31/><V105/><F0/><W66/><G76/><T41/><D41/><U61/><REACH who="1" step="1"/><E94/><REACH who="1" ten="210,320,230,230" step="2"/><V9/><F104/><W47/><G95/><T131/><D131/><U7/><E7/><V55/><F105/><W73/><G73/><T67/><D53/><U63/><E63/><V10/><F6/><W8/><G5/><T130/><D130/><U22/><AGARI ba="0,1" hai="15,19,22,25,28,33,54,57,61,98,99,112,113,115" machi="22" ten="30,3000,0" yaku="1,1,0,1,53,0" doraHai="64" doraHaiUra="120" who="1" fromWho="1" sc="210,-10,320,40,230,-10,230,-10" /><INIT seed="1,1,0,0,0,80" ten="200,360,220,220" oya="1" hai0="53,24,129,15,111,14,75,18,118,37,12,60,65" hai1="135,101,115,97,128,10,91,93,114,30,54,27,22" hai2="77,103,49,8,85,21,31,9,117,48,72,122,62" hai3="95,90,124,99,38,52,74,86,131,2,40,44,56"/><U28/><E128/><V107/><F122/><W0/><G131/><T4/><D37/><U66/><E135/><V6/><F117/><W59/><G74/><T16/><D75/><U87/><E66/><V32/><F72/><W11/><G124/><T29/><D118/><U132/><E132/><V20/><F32/><W33/><G33/><T133/><D133/><U126/><E126/><V125/><F125/><W47/><G47/><T45/><D129/><U1/><E30/><V130/><F130/><W89/><G59/><N who="0" m="37023" /><D4/><U100/><E100/><V64/><F107/><W82/><REACH who="3" step="1"/><G11/><REACH who="3" ten="200,360,220,210" step="2"/><T41/><D111/><U43/><E43/><V58/><F8/><W42/><G42/><T92/><D41/><U17/><E54/><V71/><F9/><W79/><G79/><T104/><D104/><U116/><E116/><V51/><F77/><W102/><G102/><T98/><D45/><U34/><E34/><V46/><F46/><W112/><G112/><T36/><D36/><U105/><E114/><V7/><F103/><W134/><G134/><T127/><D127/><U69/><E115/><V5/><F58/><W55/><G55/><T83/><D53/><U13/><E69/><V25/><F21/><W50/><AGARI ba="1,1" hai="0,2,38,40,44,50,52,56,82,86,89,90,95,99" machi="50" ten="20,12000,2" yaku="1,1,0,1,7,1,52,1,54,1,53,2" doraHai="80" doraHaiUra="84" who="3" fromWho="3" sc="200,-31,360,-61,220,-31,210,133" /><INIT seed="2,0,0,5,5,2" ten="169,299,189,343" oya="2" hai0="110,96,43,19,109,66,126,50,64,100,125,65,51" hai1="58,27,74,6,16,93,115,98,83,121,44,26,71" hai2="105,8,54,59,80,4,55,130,9,89,15,79,10" hai3="95,67,68,91,11,37,78,14,41,49,131,36,77"/><V87/><F130/><W119/><G131/><T72/><D72/><U101/><E71/><V17/><F105/><W92/><G119/><T31/><D31/><U81/><E115/><V84/><F17/><W47/><G37/><T60/><D96/><U117/><E117/><V20/><F20/><W39/><G36/><T13/><D100/><U112/><E112/><V111/><F111/><N who="0" m="42506" /><D19/><U102/><E74/><V42/><F42/><W21/><G39/><T116/><D13/><U56/><E44/><V46/><F46/><W134/><G134/><T90/><D90/><U23/><E102/><V53/><REACH who="2" step="1"/><F59/><REACH who="2" ten="169,299,179,343" step="2"/><W135/><G21/><T129/><D129/><U25/><E58/><V128/><F128/><W85/><G135/><T124/><D116/><U132/><E132/><V127/><F127/><W114/><G114/><T73/><D73/><U76/><E56/><V38/><F38/><W108/><G108/><T7/><D7/><U34/><E6/><V107/><F107/><W30/><G41/><T29/><D29/><U0/><E16/><V40/><F40/><W123/><G30/><T120/><D120/><U113/><E23/><V32/><F32/><W61/><G123/><T122/><D122/><U1/><E34/><V99/><F99/><W57/><G57/><T33/><D33/><U75/><E121/><V82/><AGARI ba="0,1" hai="4,8,9,10,15,53,54,55,79,80,82,84,87,89" machi="82" ten="30,12000,1" yaku="1,1,0,1,8,1,52,1,53,1" doraHai="2" doraHaiUra="86" who="2" fromWho="2" sc="169,-40,299,-40,179,130,343,-40" /><INIT seed="2,1,0,1,0,2" ten="129,259,309,303" oya="2" hai0="62,79,44,101,98,71,70,50,87,60,42,3,45" hai1="48,125,77,15,64,68,104,61,67,73,18,131,29" hai2="123,6,108,116,133,30,57,53,1,28,56,43,120" hai3="55,76,118,16,124,32,110,117,26,103,33,102,41"/><V106/><F106/><W46/><G110/><T132/><D79/><U122/><E104/><V128/><F116/><W107/><G124/><T69/><D101/><U13/><E122/><V115/><F115/><W31/><G55/><N who="0" m="30151" /><D87/><U25/><E125/><V83/><F108/><W90/><G90/><T47/><D98/><U38/><E38/><V4/><F43/><W100/><G107/><T51/><D3/><U21/><E131/><V37/><F1/><W99/><G99/><T52/><D132/><U72/><E67/><V19/><F19/><W65/><G65/><T92/><D92/><U127/><E127/><V109/><F109/><W0/><G0/><T105/><D105/><U36/><E36/><AGARI ba="1,0" hai="36,42,45,47,51,52,60,62,69,70,71" m="30151" machi="36" ten="30,12000,2" yaku="35,5,54,1" doraHai="2" who="0" fromWho="1" sc="129,123,259,-123,309,0,303,0" /><INIT seed="3,0,0,5,0,119" ten="252,136,309,303" oya="3" hai0="84,82,117,95,35,132,108,55,107,9,42,99,37" hai1="88,54,50,123,26,127,83,31,62,80,13,76,81" hai2="12,66,17,131,22,16,79,1,30,51,7,112,19" hai3="72,5,89,45,52,10,28,3,85,111,68,100,38"/><W70/><G100/><T73/><D107/><U33/><E127/><V4/><F66/><W6/><G6/><T74/><D35/><U61/><E61/><V91/><F91/><W49/><G111/><T48/><D117/><U56/><E13/><V67/><F67/><W36/><G72/><T90/><D37/><U63/><E63/><V101/><F101/><W129/><G129/><T58/><D42/><U34/><E34/><V40/><F40/><W125/><G125/><T105/><D105/><U104/><E104/><V25/><F79/><W44/><G28/><T60/><D108/><U109/><E109/><V57/><F51/><W0/><G3/><T18/><D132/><U94/><E62/><V65/><F57/><W75/><G75/><T103/><D60/><U114/><E114/><V118/><F65/><W97/><G97/><T87/><D87/><U130/><E130/><V11/><F131/><W102/><G102/><T96/><D96/><U124/><E124/><V106/><F118/><W92/><REACH who="3" step="1"/><G45/><REACH who="3" ten="252,136,309,293" step="2"/><T39/><REACH who="0" step="1"/><D39/><AGARI ba="0,1" hai="0,5,10,36,38,39,44,49,52,68,70,85,89,92" machi="39" ten="40,7700,0" yaku="1,1,2,1,54,1,53,0" doraHai="119" doraHaiUra="133" who="3" fromWho="0" sc="252,-77,136,0,309,0,293,87" owari="175,-22.0,136,-36.0,309,11.0,380,47.0" /></mjloggm>