<mjloggm ver="2.3"><GO type="169" lobby="0"/><UN n0="%6A%69%6E%6B%61%69" n1="%6D%6F%74%69%37%32%2E%2E" n2="%E3%82%A6%E3%83%AB%E3%83%88%E3%83%A9%E7%AB%8B%E7%9B%B4" n3="%E3%83%8D%E3%83%BC%E3%83%A0%E3%83%AC%E3%82%B9%EF%BC%97" dan="16,17,16,17" rate="2077.62,2119.68,2123.47,2184.72" sx="M,M,M,M"/><TAIKYOKU oya="0"/><INIT seed="0,0,0,5,2,94" ten="250,250,250,250" oya="0" hai0="41,88,69,107,8,130,122,67,68,28,81,13,62" hai1="23,101,111,100,98,15,6,46,58,121,40,5,26" hai2="33,65,106,83,78,19,35,3,59,54,127,64,18" hai3="135,37,80,0,86,9,123,119,129,29,10,96,134"/><T14/><D122/><U93/><E111/><V99/><F3/><W114/><G119/><T27/><D107/><U109/><E109/><V116/><F127/><W22/><G114/><T25/><D68/><U90/><E121/><V73/><F116/><W108/><G37/><T91/><D130/><U24/><E24/><V56/><F33/><W2/><G108/><T45/><D27/><U125/><E125/><V97/><F35/><W36/><G123/><T7/><D14/><U63/><E15/><V112/><F112/><W44/><G129/><T131/><D81/><U126/><E126/><V12/><F18/><W71/><G71/><T79/><D79/><U42/><E6/><V1/><F1/><W117/><G117/><T132/><D131/><U55/><E5/><V60/><F106/><W118/><G118/><T30/><D132/><N who="3" m="50729" /><G29/><T102/><D102/><U77/><E77/><V105/><F105/><W11/><G22/><T21/><REACH who="0" step="1"/><D30/><REACH who="0" ten="240,250,250,250" step="2"/><U16/><REACH who="1" step="1"/><E42/><REACH who="1" ten="240,240,250,250" step="2"/><V34/><F12/><W76/><G0/><T4/><D4/><U31/><E31/><V110/><F110/><W49/><G2/><T82/><D82/><U43/><E43/><V133/><F133/><W85/><G76/><T120/><D120/><U17/><E17/><V20/><F19/><W89/><G80/><T39/><AGARI ba="0,2" hai="7,8,13,21,25,28,39,41,45,62,67,69,88,91" machi="39" ten="20,7800,0" yaku="1,1,0,1,7,1,54,1,53,0" doraHai="94" doraHaiUra="74" who="0" fromWho="0" sc="240,98,240,-26,250,-26,250,-26" /><INIT seed="0,1,0,3,5,81" ten="338,214,224,224" oya="0" hai0="112,2,104,5,109,88,23,114,120,78,96,135,56" hai1="79,95,60,41,14,55,76,65,127,80,37,101,12" hai2="97,125,74,123,8,32,128,15,58,110,68,46,100" hai3="87,61,27,108,57,134,93,9,64,4,11,44,20"/><T24/><D120/><U117/><E117/><V26/><F74/><W51/><G108/><T52/><D78/><U16/><E127/><V102/><F68/><W82/><G134/><T49/><D135/><U39/><E14/><V105/><F102/><W36/><G36/><T119/><D119/><U6/><E6/><V132/><F123/><W118/><G118/><T34/><D34/><U92/><E55/><V29/><F132/><W122/><G122/><T59/><D109/><U45/><E39/><V62/><F46/><W3/><G93/><T50/><D5/><U30/><E30/><V113/><F125/><W42/><G4/><T69/><D69/><U67/><E79/><V1/><F1/><W70/><G70/><T28/><D2/><U72/><E101/><V94/><F128/><W90/><REACH who="3" step="1"/><G3/><REACH who="3" ten="338,214,224,214" step="2"/><T86/><D114/><U129/><E129/><V17/><F110/><W71/><G71/><T131/><D112/><U22/><E92/><V84/><F113/><W111/><G111/><T98/><D104/><U83/><E95/><V48/><F105/><W33/><G33/><T0/><D0/><U133/><E133/><V121/><F121/><W130/><G130/><T7/><D7/><U66/><REACH who="1" step="1"/><E83/><REACH who="1" ten="338,204,224,214" step="2"/><V115/><F115/><W25/><G25/><T91/><D131/><U73/><E73/><V126/><F94/><W116/><G116/><T53/><D91/><U35/><E35/><V75/><F32/><W106/><G106/><T18/><D28/><AGARI ba="1,2" hai="9,11,20,27,28,42,44,51,57,61,64,82,87,90" machi="28" ten="30,8000,1" yaku="1,1,7,1,8,1,52,1,53,1" doraHai="81" doraHaiUra="43" who="3" fromWho="0" sc="338,-83,204,0,224,0,214,103" /><INIT seed="1,0,0,1,3,7" ten="255,204,224,317" oya="1" hai0="97,55,92,120,132,60,121,66,103,63,29,98,6" hai1="61,135,37,108,68,52,19,83,26,50,15,41,44" hai2="75,22,30,77,94,74,125,82,34,70,88,14,4" hai3="116,110,80,111,114,134,107,46,115,1,32,39,27"/><U124/><E124/><V130/><F70/><W128/><RYUUKYOKU type="yao9" ba="0,0" sc="255,0,204,0,224,0,317,0" hai3="1,27,32,39,46,80,107,110,111,114,115,116,128,134" /><INIT seed="1,1,0,1,2,98" ten="255,204,224,317" oya="1" hai0="47,82,9,6,75,61,44,110,117,30,2,94,96" hai1="38,113,12,114,28,105,103,14,90,126,16,77,19" hai2="95,99,32,10,51,13,122,107,130,42,31,27,50" hai3="59,73,55,46,132,116,135,102,5,134,92,118,21"/><U4/><E38/><V128/><F107/><W64/><G73/><T127/><D117/><N who="3" m="45161" /><G5/><T70/><D110/><U37/><E37/><V133/><F133/><W69/><G21/><T60/><D30/><U48/><E4/><V131/><F42/><W101/><G46/><T20/><D20/><U121/><E121/><V88/><REACH who="2" step="1"/><F122/><REACH who="2" ten="255,204,214,317" step="2"/><W39/><G135/><T72/><D127/><U78/><E126/><V84/><F84/><W18/><G134/><T36/><D72/><U53/><E113/><V23/><F23/><W104/><G132/><T129/><D75/><U91/><E114/><V119/><F119/><W85/><G104/><T71/><D129/><U89/><E105/><V49/><F49/><W74/><G74/><T24/><D36/><U40/><E40/><V97/><F97/><W125/><G39/><T63/><D96/><U79/><E48/><V62/><F62/><W3/><G125/><T26/><D60/><U29/><E53/><V17/><AGARI ba="1,1" hai="10,13,17,27,31,32,50,51,88,95,99,128,130,131" machi="17" ten="30,7900,0" yaku="1,1,0,1,19,1,54,1,53,0" doraHai="98" doraHaiUra="123" who="2" fromWho="2" sc="255,-21,204,-40,214,92,317,-21" /><INIT seed="2,0,0,5,0,101" ten="234,164,306,296" oya="2" hai0="60,21,119,18,37,103,33,24,19,52,76,127,40" hai1="1,92,31,12,71,54,79,122,55,98,72,64,114" hai2="88,87,63,4,68,86,62,82,132,77,26,41,6" hai3="73,80,78,130,115,102,48,7,95,47,29,91,49"/><V133/><F41/><W93/><G130/><T44/><D33/><U66/><E1/><V15/><F26/><W108/><G108/><T46/><D119/><U81/><E114/><V28/><F28/><W112/><G29/><T118/><D118/><U30/><E122/><V117/><F117/><W105/><G7/><T23/><D127/><U106/><E12/><V126/><F126/><W35/><G35/><T25/><D76/><U50/><E54/><V83/><F68/><W99/><G93/><T51/><D103/><U85/><E72/><V38/><F38/><W42/><REACH who="3" step="1"/><G48/><REACH who="3" ten="234,164,306,286" step="2"/><T56/><REACH who="0" step="1"/><D46/><REACH who="0" ten="224,164,306,286" step="2"/><U131/><E131/><V75/><F133/><W17/><G17/><T129/><D129/><U43/><E31/><V32/><F32/><W97/><AGARI ba="0,2" hai="42,47,49,73,78,80,91,95,97,99,102,105,112,115" machi="97" ten="30,4000,0" yaku="1,1,0,1,52,1,53,0" doraHai="101" doraHaiUra="2" who="3" fromWho="3" sc="224,-10,164,-10,306,-20,286,60" /><INIT seed="3,0,0,5,5,115" ten="214,154,286,346" oya="3" hai0="103,67,55,1,52,25,87,117,86,60,135,72,66" hai1="40,20,59,96,19,109,134,69,79,16,44,64,62" hai2="77,50,114,22,92,46,80,45,82,12,13,3,8" hai3="29,15,116,100,113,2,54,88,65,78,102,101,98"/><W48/><G2/><T21/><D1/><U42/><E109/><V70/><F70/><W85/><G113/><T57/><D117/><U84/><E134/><V11/><F3/><W91/><G65/><T81/><D135/><U95/><E69/><V104/><F104/><W97/><G78/><T36/><D36/><U90/><E44/><V35/><F35/><W74/><G74/><T75/><D103/><U47/><E47/><V89/><F45/><W83/><G29/><T38/><D38/><U49/><E49/><V110/><F110/><W118/><G15/><T33/><D33/><U68/><E68/><V63/><F63/><W0/><G0/><T26/><D26/><U56/><E56/><V10/><F77/><W126/><G126/><T122/><D122/><U73/><E73/><V28/><F114/><W37/><G37/><T53/><D67/><U107/><E107/><V132/><F132/><W76/><G54/><T125/><D125/><U34/><E34/><V43/><F28/><W94/><G48/><T124/><D124/><U119/><E119/><V41/><F41/><N who="1" m="15977" /><E20/><V27/><F27/><W112/><G112/><T30/><REACH who="0" step="1"/><D86/><REACH who="0" ten="204,154,286,346" step="2"/><U24/><E24/><V120/><F120/><W6/><G6/><T5/><D5/><U93/><E79/><AGARI ba="0,1" hai="21,25,30,52,53,55,57,60,66,72,75,79,81,87" machi="79" ten="40,2600,0" yaku="1,1,54,1,53,0" doraHai="115" doraHaiUra="32" who="0" fromWho="1" sc="204,36,154,-26,286,0,346,0" /><INIT seed="4,0,0,5,4,110" ten="240,128,286,346" oya="0" hai0="123,115,50,55,57,78,97,32,46,72,100,7,84" hai1="121,90,124,75,112,74,31,19,54,5,47,93,37" hai2="52,18,114,38,119,66,39,44,86,30,133,83,117" hai3="135,35,65,91,1,73,109,113,21,49,118,17,24"/><T4/><D115/><U28/><E121/><V22/><F30/><W15/><G109/><T40/><D32/><U128/><E128/><V34/><F66/><W122/><G73/><T23/><D72/><U45/><E5/><V25/><F34/><W12/><G1/><T56/><D123/><U96/><E124/><V130/><F130/><W48/><G122/><T103/><D23/><U99/><E99/><V101/><F101/><N who="0" m="38986" /><D97/><U95/><E95/><V85/><F85/><W89/><G118/><N who="2" m="45065" /><F133/><W16/><G135/><T70/><D70/><U102/><E102/><V125/><F125/><W2/><G2/><T63/><D57/><U82/><E47/><V11/><F11/><W62/><G35/><T26/><D26/><U60/><E75/><V51/><F114/><W81/><G113/><T131/><D131/><U61/><E112/><V120/><F120/><W29/><G29/><N who="1" m="11338" /><E37/><V134/><F134/><W10/><G24/><T53/><D40/><U13/><E74/><V116/><N who="2" m="45073" /><V59/><DORA hai="105" /><F59/><W76/><G76/><AGARI ba="0,0" hai="18,22,25,38,39,44,51,52,76,83,86" m="45073" machi="76" ten="40,2600,0" yaku="12,1,54,1" doraHai="110,105" who="2" fromWho="3" sc="240,0,128,0,286,26,346,-26" /><INIT seed="5,0,0,4,5,109" ten="240,128,312,320" oya="1" hai0="24,39,74,119,104,13,60,91,111,88,14,16,6" hai1="48,102,50,125,85,20,4,131,130,82,126,132,5" hai2="124,76,11,2,63,97,70,95,34,77,56,127,36" hai3="86,0,12,26,106,83,55,17,118,25,1,46,107"/><U71/><E71/><V45/><F34/><W87/><G118/><T68/><D60/><U75/><E75/><V58/><F70/><W29/><G87/><T135/><D68/><U47/><E102/><V93/><F45/><W15/><G15/><T51/><D39/><U120/><E120/><V105/><F36/><W35/><G26/><T38/><D38/><U32/><E32/><V64/><F105/><W98/><G0/><T53/><D74/><U117/><E20/><V43/><F43/><W133/><G1/><T22/><D104/><U65/><E65/><V18/><F58/><W84/><G84/><T37/><D37/><U79/><E117/><V30/><F30/><W94/><G133/><T128/><D135/><U99/><E99/><V44/><F44/><W7/><G7/><N who="1" m="2634" /><E132/><V33/><F33/><W116/><G116/><T103/><D103/><U42/><E50/><V8/><F2/><W81/><G81/><T73/><D73/><U80/><E80/><V100/><F95/><W67/><G67/><T21/><D119/><U31/><E31/><V27/><F8/><W101/><G83/><T115/><D22/><U59/><E59/><V90/><F100/><W110/><G86/><T112/><D6/><U134/><E134/><V89/><F56/><W96/><G96/><T49/><D49/><U66/><E66/><V57/><F57/><W113/><G107/><T52/><D51/><U40/><E40/><V3/><F64/><W9/><G106/><T23/><D23/><U19/><E19/><V108/><F18/><W78/><G17/><T114/><D21/><RYUUKYOKU ba="0,0" sc="240,-10,128,30,312,-10,320,-10" hai1="42,47,48,79,82,85,125,126,130,131" /><INIT seed="5,1,0,5,3,36" ten="230,158,302,310" oya="1" hai0="131,55,84,105,92,85,33,80,20,0,67,17,108" hai1="30,54,116,98,4,73,77,113,23,135,88,123,52" hai2="79,9,50,89,46,93,56,14,45,106,60,61,75" hai3="28,124,76,109,51,112,16,65,103,42,90,3,66"/><U87/><E116/><V15/><F106/><W120/><G109/><T62/><D33/><U25/><E123/><V94/><F79/><W111/><G111/><T64/><D0/><U31/><E135/><V127/><F75/><W82/><G120/><T78/><D105/><U8/><E31/><V63/><F127/><W44/><G3/><T91/><D108/><U133/><E133/><V119/><F119/><W121/><G121/><T26/><D131/><U10/><E113/><V86/><F94/><W57/><G112/><T41/><D41/><U1/><E10/><V99/><F86/><W22/><G124/><T39/><D39/><U102/><E77/><V47/><F15/><W129/><G129/><T128/><D128/><U59/><E73/><V69/><F69/><W126/><G126/><T7/><D7/><U132/><E132/><V101/><F101/><W34/><G103/><T71/><D71/><U70/><E70/><V130/><F130/><W118/><G118/><T107/><D107/><U114/><E114/><V115/><F115/><W95/><G57/><AGARI ba="1,0" hai="17,20,26,55,57,62,64,67,78,80,84,85,91,92" machi="57" ten="40,1300,0" yaku="8,1" doraHai="36" who="0" fromWho="3" sc="230,16,158,0,302,0,310,-16" /><INIT seed="6,0,0,1,3,28" ten="246,158,302,294" oya="2" hai0="86,102,32,94,30,121,43,60,79,58,101,11,27" hai1="16,117,91,116,17,126,66,40,55,78,59,48,36" hai2="89,81,42,35,71,69,67,20,62,73,12,18,77" hai3="88,123,34,57,132,10,76,84,24,8,115,135,99"/><V29/><F42/><W61/><G123/><T114/><D114/><U6/><E78/><V100/><F100/><W9/><G76/><T131/><D121/><U19/><E126/><V23/><F35/><W120/><G120/><T103/><D131/><U72/><E72/><V97/><F29/><N who="3" m="19751" /><G99/><T5/><D43/><U68/><E6/><V75/><F75/><W64/><G115/><T111/><D111/><U38/><E91/><V53/><F53/><W15/><G15/><T105/><D105/><U51/><E51/><V122/><F122/><W134/><G9/><T22/><D79/><U127/><E127/><V124/><F124/><W31/><G31/><T133/><D133/><U46/><REACH who="1" step="1"/><E36/><REACH who="1" ten="246,148,302,294" step="2"/><V110/><F73/><W37/><G37/><T83/><D101/><U65/><E65/><V33/><F67/><W63/><G63/><AGARI ba="0,1" hai="16,17,19,38,40,46,48,55,59,63,66,68,116,117" machi="63" ten="40,8000,1" yaku="1,1,24,2,54,1,53,0" doraHai="28" doraHaiUra="125" who="1" fromWho="3" sc="246,0,148,90,302,0,294,-80" /><INIT seed="7,0,0,3,2,77" ten="246,238,302,214" oya="3" hai0="55,58,114,21,99,49,18,8,135,45,68,126,19" hai1="38,31,80,54,23,70,132,11,50,85,37,116,27" hai2="101,105,108,121,67,25,129,4,130,92,28,122,52" hai3="127,26,34,72,76,40,60,107,131,43,53,29,74"/><W64/><G131/><N who="2" m="50185" /><F108/><W24/><G127/><T91/><D68/><U118/><E70/><V48/><F67/><W20/><G107/><T103/><D114/><U57/><E11/><V15/><F105/><W9/><G53/><T44/><D91/><N who="1" m="51623" /><E132/><V89/><F101/><W42/><G9/><T78/><D78/><U104/><E104/><V33/><F15/><W75/><G76/><T90/><D90/><U79/><E79/><V109/><F4/><W98/><G98/><T59/><D126/><U71/><E71/><V13/><F13/><W81/><G81/><T124/><D124/><U3/><E3/><V17/><F17/><W12/><G12/><N who="0" m="7431" /><D44/><U16/><E31/><V62/><F62/><W82/><G82/><T61/><D135/><U96/><E96/><N who="2" m="57359" /><F109/><W63/><REACH who="3" step="1"/><G64/><REACH who="3" ten="246,238,302,204" step="2"/><T120/><D55/><U73/><E73/><V110/><F110/><W113/><G113/><T36/><D99/><U125/><E125/><V119/><F119/><AGARI ba="0,1" hai="16,23,27,37,38,50,54,57,116,118,119" m="51623" machi="119" ten="30,3900,0" yaku="12,1,52,1,54,1" doraHai="77" who="1" fromWho="2" sc="246,0,238,49,302,-39,204,0" /><INIT seed="8,0,0,4,5,37" ten="246,287,263,204" oya="0" hai0="53,120,135,95,70,14,77,117,33,9,78,3,30" hai1="114,101,15,18,87,35,80,113,65,51,27,91,67" hai2="110,26,100,19,93,118,82,106,81,5,39,56,90" hai3="69,12,88,17,131,86,41,48,60,55,32,38,52"/><T104/><D104/><U42/><E101/><V115/><F115/><N who="1" m="44041" /><E27/><V31/><F39/><W109/><G32/><T111/><D3/><U99/><E99/><V59/><F110/><W112/><G112/><T121/><D70/><U126/><E126/><V21/><F5/><W68/><G109/><T128/><D117/><U102/><E102/><V24/><F106/><W75/><G75/><T84/><D111/><U79/><E79/><V64/><F100/><W25/><G131/><T125/><D135/><U13/><E35/><V72/><F72/><W49/><G38/><T28/><D53/><N who="3" m="20553" /><G68/><T108/><D108/><U63/><E18/><V92/><F118/><W134/><G134/><T129/><D125/><U23/><E23/><N who="2" m="15839" /><F92/><N who="3" m="54295" /><G69/><T45/><D33/><U96/><E96/><N who="2" m="57399" /><F64/><N who="1" m="24649" /><E63/><V43/><F59/><W46/><G60/><T57/><D57/><U116/><E116/><V132/><F56/><W127/><G127/><T6/><D128/><U107/><E107/><V11/><F132/><W105/><G105/><T0/><D129/><U50/><E50/><V124/><F124/><W58/><G25/><T76/><D0/><U119/><E119/><V20/><F11/><N who="3" m="6303" /><G58/><T7/><D77/><U36/><E36/><V8/><F8/><W62/><G62/><T44/><D76/><U97/><E97/><V66/><F66/><W130/><G130/><T34/><D34/><U73/><E73/><V4/><F21/><W133/><G133/><T40/><D78/><U122/><E122/><V98/><F98/><W61/><G61/><T2/><D120/><U89/><E89/><V85/><F24/><RYUUKYOKU ba="0,0" sc="246,-15,287,15,263,-15,204,15" hai1="13,15,42,51,80,87,91" hai3="41,46,48,49" owari="231,-17.0,302,40.0,248,5.0,219,-28.0" /></mjloggm>