<mjloggm ver="2.3"><GO type="97" lobby="0"/><UN n0="%E9%A3%9B%E6%9C%AB%E6%AD%A6%E5%BF%97" n1="%72%65%64%73%72%65%64%73" n2="%E3%82%A6%E3%83%AB%E3%83%88%E3%83%A9%E7%AB%8B%E7%9B%B4" n3="%E3%82%B9%E3%83%81%E3%83%A3%E3%83%A9%E3%82%AB%E3%80%82" dan="14,15,14,14" rate="1963.64,1980.96,1946.81,1956.83" sx="M,M,M,M"/><TAIKYOKU oya="0"/><INIT seed="0,0,0,0,2,33" ten="250,250,250,250" oya="0" hai0="48,34,45,38,107,0,6,63,132,127,7,49,82" hai1="11,37,87,96,30,135,122,19,16,100,73,58,75" hai2="66,4,133,109,46,1,14,110,56,67,70,54,126" hai3="88,72,79,113,61,55,99,44,32,64,123,26,25"/><T86/><D34/><U112/><E37/><V80/><F70/><W17/><G113/><T35/><D35/><U60/><E122/><V111/><F126/><W104/><G123/><T24/><D107/><U84/><E30/><V90/><F46/><W8/><G79/><T41/><D127/><U131/><E112/><V2/><F133/><W134/><G72/><T97/><D132/><U102/><E135/><V85/><F14/><W50/><G134/><T3/><D97/><U121/><E121/><V103/><F103/><W98/><G104/><T119/><D63/><U68/><E68/><V93/><F93/><W105/><G105/><T74/><D74/><U18/><E11/><V77/><F90/><W23/><G8/><T118/><D24/><U28/><E28/><V117/><F4/><W115/><G115/><T76/><D38/><U10/><E10/><V120/><F120/><W53/><G53/><T71/><D71/><U15/><E15/><V128/><F117/><W116/><G116/><T83/><D76/><U52/><E131/><V20/><F20/><W43/><G43/><T59/><D59/><U92/><E102/><V91/><F77/><W51/><G51/><T9/><D9/><U129/><E129/><V21/><F21/><W12/><G32/><T31/><D31/><U57/><E57/><V27/><F27/><W62/><G62/><T22/><D22/><U108/><E108/><V130/><F130/><W5/><G5/><T101/><D101/><U13/><E13/><V39/><F128/><W40/><G40/><T29/><D29/><U42/><E42/><RYUUKYOKU ba="0,0" sc="250,-10,250,30,250,-10,250,-10" hai1="16,18,19,52,58,60,73,75,84,87,92,96,100" /><INIT seed="1,1,0,5,2,33" ten="240,280,240,240" oya="1" hai0="72,91,20,81,59,87,108,124,8,17,66,80,133" hai1="63,30,64,70,125,15,13,90,38,92,126,14,122" hai2="19,46,18,50,107,47,93,89,127,85,113,112,29" hai3="115,34,10,35,75,100,120,6,49,44,36,16,24"/><U42/><E30/><V27/><F107/><W23/><G115/><N who="2" m="44105" /><F127/><N who="1" m="48649" /><E122/><V1/><F1/><W32/><G75/><T123/><D124/><U105/><E105/><V43/><F47/><W84/><G120/><T58/><D123/><U68/><E42/><V61/><F61/><W60/><G36/><T129/><D133/><U130/><E38/><V99/><F85/><W45/><G100/><T88/><D129/><U114/><E114/><V102/><F89/><W53/><G60/><T41/><D41/><U65/><E130/><V52/><F43/><W67/><G67/><N who="1" m="25674" /><E63/><V0/><F0/><W9/><G84/><AGARI ba="1,0" hai="13,14,15,68,70,84,90,92" m="25674,48649" machi="84" ten="30,1500,0" yaku="18,1" doraHai="33" who="1" fromWho="3" sc="240,0,280,18,240,0,240,-18" /><INIT seed="1,2,0,0,1,135" ten="240,298,240,222" oya="1" hai0="87,58,33,108,110,97,130,134,38,68,48,20,46" hai1="22,74,9,23,15,54,72,114,65,16,81,89,42" hai2="17,69,24,56,61,129,96,115,99,8,52,100,45" hai3="57,84,93,117,44,43,50,86,36,131,113,128,34"/><U98/><E114/><V102/><F69/><W88/><G34/><T14/><D134/><U67/><E74/><V126/><F129/><N who="3" m="49739" /><G113/><T76/><D130/><U29/><E72/><V63/><F126/><W103/><G103/><N who="2" m="39465" /><F115/><W62/><G117/><T120/><D68/><U107/><E107/><V53/><F45/><W77/><G36/><T30/><D33/><U21/><E42/><V124/><F124/><W80/><G57/><T123/><D38/><U2/><E2/><V79/><F79/><W78/><G62/><N who="2" m="23561" /><F56/><W3/><G3/><T105/><D58/><U121/><E121/><N who="0" m="46665" /><D105/><U35/><E54/><N who="2" m="21099" /><F24/><W127/><G77/><T70/><D70/><U125/><E125/><AGARI ba="2,0" hai="43,44,50,78,80,84,86,88,93,125,127" m="49739" machi="125" ten="30,7700,0" yaku="19,1,52,2,54,1" doraHai="135" who="3" fromWho="1" sc="240,0,298,-83,240,0,222,83" /><INIT seed="2,0,0,3,4,59" ten="240,215,240,305" oya="2" hai0="133,129,22,119,47,54,46,93,86,37,113,0,34" hai1="30,75,101,130,82,114,68,10,28,107,16,72,97" hai2="66,45,132,7,53,40,62,31,87,26,103,70,85" hai3="83,20,18,121,56,38,77,33,12,15,134,96,17"/><V23/><F132/><W81/><G121/><T88/><D113/><U29/><E114/><V55/><F103/><W84/><G33/><T91/><D133/><U39/><E39/><V126/><F7/><W127/><G134/><T104/><D104/><U11/><E68/><V125/><F87/><W112/><G38/><T61/><D0/><U3/><E130/><V64/><F64/><W111/><G112/><T90/><D129/><U41/><E41/><V9/><F9/><W21/><G111/><T128/><D34/><U98/><E98/><V94/><F94/><W63/><G127/><N who="2" m="48649" /><F85/><W120/><G120/><T99/><D119/><U67/><E67/><V5/><F5/><W100/><G83/><N who="0" m="49247" /><D37/><AGARI ba="0,0" hai="23,26,31,37,40,45,53,55,62,66,70" m="48649" machi="37" ten="30,2900,0" yaku="18,1,52,1" doraHai="59" who="2" fromWho="0" sc="240,-29,215,0,240,29,305,0" /><INIT seed="2,1,0,5,0,56" ten="211,215,269,305" oya="2" hai0="97,7,52,22,84,16,43,39,103,79,61,10,48" hai1="42,65,94,47,118,15,64,114,80,36,53,91,45" hai2="124,121,62,112,46,37,50,110,81,31,49,117,88" hai3="44,73,78,105,87,1,92,116,41,60,3,129,98"/><V113/><F121/><W85/><G116/><T54/><D39/><U26/><E114/><V120/><F120/><W125/><G125/><T74/><D74/><U72/><E118/><V55/><F117/><W96/><G129/><T119/><D119/><U14/><E26/><V126/><F31/><W17/><G73/><T20/><D43/><U5/><E72/><V90/><F37/><W102/><G17/><T23/><D79/><U2/><E80/><V134/><F134/><W0/><G60/><T75/><D75/><U130/><E47/><N who="2" m="28095" /><F81/><W111/><G111/><T135/><D84/><U108/><E53/><N who="2" m="29911" /><F88/><W133/><G78/><T18/><D135/><U34/><E34/><V29/><F90/><W76/><G76/><T77/><D77/><U109/><E130/><V21/><F21/><W115/><G115/><N who="2" m="44105" /><F29/><W99/><G133/><T63/><D103/><U8/><E15/><V6/><F6/><W9/><G9/><T4/><D97/><N who="1" m="57567" /><E14/><V32/><F32/><W122/><G122/><T59/><D10/><U127/><E108/><V68/><F110/><W27/><G27/><T24/><D22/><U95/><E109/><V66/><AGARI ba="1,0" hai="62,66,68,124,126" m="44105,29911,28095" machi="66" ten="30,6000,0" yaku="34,2,52,1" doraHai="56" who="2" fromWho="2" sc="211,-21,215,-21,269,63,305,-21" /><INIT seed="2,2,0,4,1,84" ten="190,194,332,284" oya="2" hai0="78,81,35,110,130,39,126,100,59,70,14,10,116" hai1="72,5,45,21,34,86,15,57,90,89,79,134,33" hai2="64,104,118,51,40,16,88,73,114,12,29,31,87" hai3="66,119,95,77,122,50,131,93,17,101,132,60,47"/><V109/><F104/><W8/><G119/><T4/><D110/><U97/><E134/><V83/><F73/><W9/><G122/><T112/><D130/><U32/><E72/><V36/><F36/><W82/><G132/><T6/><D70/><U22/><E45/><N who="2" m="26023" /><F114/><W133/><G133/><T61/><D116/><U19/><E57/><V43/><F118/><W111/><G111/><T123/><D123/><U108/><E108/><V71/><F71/><W94/><G131/><T42/><D35/><U65/><E65/><V99/><F109/><W75/><G101/><T30/><D126/><U128/><E128/><V91/><F64/><W102/><G102/><T80/><D112/><U54/><E54/><V129/><F43/><W46/><G17/><T48/><D30/><U26/><E5/><V1/><F1/><W52/><REACH who="3" step="1"/><G46/><REACH who="3" ten="190,194,332,274" step="2"/><N who="0" m="25687" /><D100/><U92/><E19/><V67/><F129/><W41/><G41/><T2/><D39/><U103/><E103/><V24/><F31/><W74/><G74/><T23/><D6/><U7/><E7/><V3/><F16/><W0/><G0/><T44/><D44/><U49/><E34/><V20/><F3/><W124/><G124/><T107/><D2/><U85/><E33/><V11/><F11/><W62/><G62/><T53/><D23/><U127/><E32/><V120/><F120/><W68/><AGARI ba="2,1" hai="8,9,47,50,52,60,66,68,75,77,82,93,94,95" machi="68" ten="30,4000,0" yaku="1,1,0,1,54,1,53,0" doraHai="84" doraHaiUra="28" who="3" fromWho="3" sc="190,-12,194,-12,332,-22,274,56" /><INIT seed="3,0,0,4,0,27" ten="178,182,310,330" oya="3" hai0="121,92,116,69,100,47,90,72,97,111,113,9,14" hai1="115,43,2,110,99,71,78,11,15,12,135,77,120" hai2="39,108,56,53,68,106,67,44,107,74,3,0,1" hai3="8,19,101,127,4,49,52,26,93,59,21,86,105"/><W60/><G127/><T10/><D69/><U102/><E115/><V98/><F108/><W109/><G109/><T48/><D111/><U114/><E114/><V125/><F53/><W80/><G105/><N who="2" m="39945" /><F56/><W70/><G101/><T24/><D72/><U51/><E120/><V130/><F98/><W87/><G93/><T33/><D113/><U36/><E135/><V31/><F31/><W17/><G17/><T133/><D116/><U64/><E110/><V66/><F66/><W28/><G28/><T55/><D133/><U7/><E64/><V73/><F125/><W13/><G70/><T96/><D121/><U132/><E71/><V124/><F124/><W88/><G86/><T41/><D33/><U123/><E99/><V83/><F83/><W85/><G85/><T119/><D119/><U45/><E132/><V94/><F94/><W104/><G104/><T89/><D97/><U35/><E35/><V16/><F16/><W34/><G34/><T58/><D24/><U84/><E84/><V25/><F25/><W82/><G82/><T29/><D29/><U20/><E123/><V22/><F22/><W76/><G60/><N who="0" m="35935" /><D9/><U61/><E61/><N who="2" m="40047" /><F130/><W57/><G76/><N who="1" m="29290" /><E20/><V79/><F79/><W5/><G5/><AGARI ba="0,0" hai="5,10,14,41,47,48,89,90,92,96,100" m="35935" machi="5" ten="30,1000,0" yaku="8,1" doraHai="27" who="0" fromWho="3" sc="178,10,182,0,310,0,330,-10" owari="188,-21.0,182,-32.0,310,11.0,320,42.0" /></mjloggm>