<mjloggm ver="2.3"><GO type="169" lobby="0"/><UN n0="%30%30%73%61%69" n1="%6D%6F%6E%65%79%2E%2E%2E" n2="%E3%82%A6%E3%83%AB%E3%83%88%E3%83%A9%E7%AB%8B%E7%9B%B4" n3="%E3%81%A1%E3%82%83%E3%81%9D%E2%98%86" dan="17,17,17,16" rate="2215.56,2223.43,2135.52,2110.32" sx="M,M,M,M"/><TAIKYOKU oya="0"/><INIT seed="0,0,0,5,1,135" ten="250,250,250,250" oya="0" hai0="2,50,120,43,57,110,46,103,99,35,78,85,4" hai1="40,25,122,21,8,9,105,63,5,95,70,87,13" hai2="106,124,92,52,58,88,94,33,17,123,68,36,131" hai3="127,111,71,53,16,64,15,45,62,31,101,118,125"/><T51/><D35/><U82/><E105/><V30/><F106/><W34/><G118/><T22/><D120/><U18/><E122/><V69/><F36/><W47/><G101/><T10/><D110/><U20/><E40/><V112/><F112/><W116/><G116/><T76/><D22/><U84/><E95/><V74/><F94/><W67/><G67/><T97/><D85/><U23/><E70/><V29/><F74/><W12/><G111/><T114/><D114/><U44/><E44/><N who="3" m="16970" /><G53/><T49/><D99/><U75/><E63/><V14/><F131/><W119/><G119/><T39/><REACH who="0" step="1"/><D57/><REACH who="0" ten="240,250,250,250" step="2"/><U80/><E75/><V126/><F123/><W86/><G86/><N who="1" m="32810" /><E9/><V60/><F69/><W129/><G71/><T61/><D61/><U59/><E59/><V55/><F68/><W96/><G62/><T81/><D81/><AGARI ba="0,1" hai="5,8,13,18,20,21,23,25,80,81,82" m="32810" machi="81" ten="30,1000,0" yaku="8,1" doraHai="135" who="1" fromWho="0" sc="240,-10,250,20,250,0,250,0" /><INIT seed="1,0,0,3,0,65" ten="230,270,250,250" oya="1" hai0="114,21,89,106,26,104,95,94,86,54,67,13,68" hai1="36,24,22,121,62,135,15,43,12,124,27,51,32" hai2="127,109,55,122,85,48,134,99,5,80,84,31,120" hai3="107,91,56,23,115,57,52,38,123,87,11,33,83"/><U132/><E36/><V70/><F85/><W17/><G115/><T81/><D114/><U49/><E121/><V25/><F127/><W58/><G33/><T133/><D133/><U75/><E75/><V78/><F109/><W30/><G107/><T28/><D54/><U61/><E124/><V77/><F77/><W0/><G38/><T41/><D41/><U128/><E128/><V126/><F126/><W47/><G123/><T88/><D13/><U63/><E32/><V110/><F70/><W60/><G47/><T119/><D119/><U102/><E102/><V112/><F110/><W101/><G101/><T117/><D117/><U4/><E4/><V73/><F73/><W6/><REACH who="3" step="1"/><G30/><REACH who="3" ten="230,270,250,240" step="2"/><T39/><D39/><U131/><E132/><V46/><F134/><W92/><G92/><T130/><D130/><U8/><E131/><V116/><F112/><W53/><G53/><T82/><D104/><U2/><E135/><V66/><F46/><W42/><G42/><T20/><D106/><U76/><E43/><V45/><F55/><W79/><G79/><T72/><D94/><U35/><E76/><V113/><F78/><W50/><G50/><T98/><D72/><U14/><E35/><V71/><F48/><W64/><G64/><T3/><D82/><U105/><E105/><V125/><F80/><W1/><G1/><T44/><D3/><U74/><E74/><V40/><F113/><W96/><G96/><T97/><D97/><U37/><E37/><V103/><F122/><W111/><G111/><T93/><D44/><U16/><E2/><V100/><F120/><RYUUKYOKU ba="0,1" sc="230,-10,270,-10,250,-10,240,30" hai3="0,6,11,17,23,52,56,57,58,60,83,87,91" /><INIT seed="2,1,1,3,5,1" ten="220,260,240,270" oya="2" hai0="19,120,134,77,6,108,24,92,25,129,95,78,12" hai1="21,31,8,13,16,55,42,29,133,75,128,117,17" hai2="46,34,99,114,70,50,14,3,60,74,0,101,79" hai3="123,69,52,87,81,54,27,124,2,85,112,47,11"/><V118/><F118/><W43/><G123/><T111/><D120/><U62/><E117/><V35/><F114/><W83/><G69/><T26/><D129/><U65/><E128/><V36/><F14/><W61/><G112/><T84/><D134/><U9/><E133/><V45/><F50/><N who="3" m="27007" /><G2/><N who="2" m="553" /><F46/><W51/><G124/><T130/><D130/><U89/><E75/><V88/><F88/><N who="3" m="51247" /><G11/><N who="0" m="4215" /><D77/><U122/><E122/><V44/><F44/><N who="3" m="27751" /><G27/><T80/><D108/><U91/><E42/><V127/><F127/><W49/><G61/><T82/><D111/><U41/><E41/><N who="2" m="22695" /><F60/><W98/><G98/><T102/><D26/><U68/><E9/><V73/><F70/><W126/><G126/><T4/><D25/><U94/><E68/><V57/><F57/><N who="3" m="32975" /><G87/><T106/><D106/><U53/><E62/><V15/><F15/><W18/><G83/><T5/><D82/><U56/><E56/><V110/><F110/><W71/><G71/><T22/><D95/><U107/><E107/><N who="2" m="63935" /><F79/><W20/><G20/><T59/><D59/><U7/><E21/><V64/><F64/><W32/><G32/><AGARI ba="1,1" hai="32,34,35,73,74" m="63935,22695,553" machi="32" ten="30,2900,0" yaku="33,2" doraHai="1" who="2" fromWho="3" sc="220,0,260,0,240,42,270,-32" /><INIT seed="2,2,0,0,5,9" ten="220,260,282,238" oya="2" hai0="78,66,92,110,10,38,115,98,50,12,21,88,42" hai1="100,86,133,41,87,33,51,44,15,34,107,89,60" hai2="71,119,54,46,13,101,37,56,11,129,126,63,109" hai3="69,93,94,83,77,25,57,1,80,105,135,132,91"/><V27/><F119/><W104/><G69/><T43/><D115/><U52/><E133/><N who="3" m="51274" /><G1/><T123/><D123/><U30/><E86/><V127/><F129/><W31/><G57/><T29/><D38/><U53/><E30/><V67/><F109/><W97/><G94/><T7/><D110/><U125/><E125/><N who="2" m="47627" /><F101/><W48/><G48/><T0/><D0/><U40/><E34/><V17/><F27/><W95/><G95/><T75/><D75/><U70/><E33/><V128/><F128/><W4/><G4/><T121/><D121/><U26/><E26/><V2/><F2/><W111/><G111/><T59/><D78/><U73/><E100/><V134/><F134/><W131/><G131/><T23/><D50/><U19/><E107/><N who="3" m="41034" /><G77/><T74/><D74/><U85/><E73/><V32/><F32/><AGARI ba="2,0" hai="25,31,32,80,83,91,93,97" m="41034,51274" machi="32" ten="30,1000,0" yaku="20,1" doraHai="9" who="3" fromWho="2" sc="220,0,260,0,282,-16,238,16" /><INIT seed="3,0,0,0,3,101" ten="220,260,266,254" oya="3" hai0="123,69,37,125,3,17,2,130,71,57,115,18,59" hai1="24,7,76,135,90,103,120,109,51,95,97,111,106" hai2="12,121,16,63,93,132,83,81,64,21,58,23,75" hai3="20,74,92,88,55,80,113,87,6,70,49,0,54"/><W32/><G32/><T53/><D37/><U82/><E7/><V105/><F105/><W116/><G116/><T66/><D66/><U94/><E24/><V85/><F132/><W107/><G70/><T65/><D65/><U110/><E51/><V39/><F39/><W4/><G113/><T68/><D123/><U5/><E5/><N who="3" m="2154" /><G74/><T26/><D115/><U14/><E14/><V40/><F40/><W34/><G34/><T22/><D125/><U46/><E46/><V50/><F75/><W56/><G107/><T45/><D130/><U27/><E27/><V129/><F129/><W126/><G0/><T13/><D45/><U47/><E47/><V35/><F35/><W99/><G126/><T9/><REACH who="0" step="1"/><D57/><REACH who="0" ten="210,260,266,254" step="2"/><U102/><E120/><V133/><F121/><W89/><G54/><T38/><D38/><U98/><E135/><V60/><F64/><W1/><G1/><T134/><D134/><U42/><E42/><V118/><F58/><W11/><G20/><T128/><D128/><U67/><E67/><V61/><F23/><W119/><G119/><T62/><AGARI ba="0,1" hai="2,3,9,13,17,18,22,26,53,59,62,68,69,71" machi="62" ten="30,2000,0" yaku="1,1,0,1,53,0" doraHai="101" doraHaiUra="86" who="0" fromWho="0" sc="210,30,260,-5,266,-5,254,-10" /><INIT seed="4,0,0,3,1,23" ten="240,255,261,244" oya="0" hai0="48,37,58,96,124,31,104,28,78,25,27,42,121" hai1="109,20,26,53,32,97,45,18,13,41,113,129,112" hai2="47,36,120,102,4,39,6,105,134,12,46,49,14" hai3="11,131,100,73,111,123,94,80,128,74,30,17,87"/><T117/><D37/><U7/><E109/><V19/><F120/><W35/><G111/><T118/><D121/><U82/><E129/><N who="3" m="49738" /><G123/><T81/><D124/><U3/><E53/><V5/><F134/><W108/><G108/><T84/><D117/><U93/><E82/><V114/><F114/><N who="1" m="44137" /><E3/><V71/><F71/><W107/><G30/><N who="0" m="11307" /><D104/><U59/><E59/><V33/><F47/><W110/><G80/><T79/><D96/><U44/><E32/><V38/><F33/><W34/><G107/><T132/><D132/><U92/><E97/><V106/><F106/><W2/><G35/><T0/><D0/><U70/><E70/><V64/><F105/><W99/><G34/><T55/><D118/><U115/><N who="1" m="44145" /><U50/><DORA hai="51" /><E45/><V56/><F46/><W65/><G99/><T122/><D122/><U127/><E127/><V125/><F125/><W98/><G2/><T21/><D42/><U95/><E7/><V62/><F5/><W43/><G110/><T54/><D79/><U89/><E89/><V101/><F4/><W24/><G98/><T90/><D78/><U85/><E85/><V29/><F6/><W135/><G87/><T16/><D55/><U61/><E61/><V126/><F62/><W40/><G40/><T83/><D83/><U52/><E13/><AGARI ba="0,0" hai="13,16,21,25,27,48,54,58,81,84,90" m="11307" machi="13" ten="30,12000,1" yaku="8,1,52,3,54,1" doraHai="23,51" who="0" fromWho="1" sc="240,120,255,-120,261,0,244,0" /><INIT seed="4,1,0,5,2,131" ten="360,135,261,244" oya="0" hai0="19,84,97,39,96,126,37,108,118,49,85,14,31" hai1="64,60,99,115,98,16,2,59,66,122,87,76,70" hai2="129,69,0,133,24,88,124,3,82,75,51,63,44" hai3="128,29,74,120,41,114,135,4,35,123,89,32,20"/><T11/><D118/><U77/><E122/><N who="3" m="46634" /><G74/><T12/><D37/><U5/><E115/><V56/><F129/><W67/><G114/><T121/><D39/><U1/><E70/><V15/><F69/><W100/><G100/><T42/><D31/><U48/><E48/><V18/><F24/><N who="3" m="16519" /><G41/><T6/><D108/><U55/><E5/><V72/><F124/><W91/><G135/><T52/><D42/><U94/><E2/><V13/><F13/><W8/><G67/><N who="1" m="25642" /><E1/><V26/><F133/><W116/><G116/><T10/><D126/><U34/><E34/><N who="3" m="12842" /><G128/><T78/><D121/><U83/><E76/><V130/><F130/><W46/><G46/><N who="0" m="27703" /><D78/><U106/><E106/><V17/><F75/><W105/><G105/><T109/><D109/><U53/><E53/><V33/><F72/><W54/><G54/><T104/><D104/><U21/><E94/><V119/><F119/><W28/><G28/><T127/><D127/><U90/><E77/><V38/><F38/><W7/><G7/><T58/><D58/><U103/><E103/><V132/><F56/><W117/><G117/><T47/><D47/><U43/><E43/><V22/><F44/><W125/><G125/><T73/><D73/><U23/><E16/><V101/><F18/><W107/><G107/><T102/><D102/><U95/><E95/><V111/><F17/><W92/><G92/><T57/><D57/><U79/><E79/><V110/><F101/><W71/><G71/><T27/><D27/><U113/><E113/><V81/><F110/><W25/><G25/><T134/><D134/><U30/><E30/><RYUUKYOKU ba="1,0" sc="360,10,135,10,261,-30,244,10" hai0="6,10,11,12,14,19,84,85,96,97" hai1="21,23,55,59,60,83,87,90,98,99" hai3="4,8,89,91" /><INIT seed="4,2,0,5,0,102" ten="370,145,231,254" oya="0" hai0="126,17,97,7,71,82,104,116,121,106,65,67,75" hai1="118,90,128,25,111,95,58,80,85,117,86,30,35" hai2="96,43,53,12,32,55,66,77,46,61,88,131,123" hai3="3,69,11,125,103,70,108,63,101,2,14,99,60"/><T89/><D116/><U24/><E111/><V22/><F32/><W23/><G108/><T76/><D126/><U68/><E68/><V87/><F131/><W107/><G125/><T134/><D134/><U57/><E128/><V33/><F33/><W115/><G115/><T36/><D36/><U113/><E113/><V114/><F114/><W79/><G79/><T94/><D7/><U64/><E25/><V19/><F96/><W26/><G69/><T48/><D121/><U120/><E120/><V27/><F12/><W52/><G103/><T21/><D48/><U59/><REACH who="1" step="1"/><E64/><REACH who="1" ten="370,135,231,254" step="2"/><V124/><F124/><W37/><G70/><T112/><D112/><U133/><E133/><V16/><F123/><W109/><G26/><T84/><D67/><U91/><AGARI ba="2,1" hai="24,30,35,57,58,59,80,85,86,90,91,95,117,118" machi="91" ten="30,4000,0" yaku="1,1,0,1,53,1" doraHai="102" doraHaiUra="29" who="1" fromWho="1" sc="370,-22,135,56,231,-12,254,-12" /><INIT seed="5,0,0,4,2,38" ten="348,191,219,242" oya="1" hai0="21,80,8,83,132,33,78,53,25,54,12,108,128" hai1="65,26,94,22,14,102,1,47,44,91,99,24,81" hai2="86,125,127,101,93,97,5,57,70,36,106,37,73" hai3="130,113,18,98,31,118,68,23,75,6,71,111,52"/><U43/><E1/><V2/><F70/><W13/><G111/><T85/><D33/><U131/><E131/><V28/><F28/><W11/><G113/><T120/><D132/><U82/><E65/><V0/><F73/><W16/><G75/><T115/><D108/><U133/><E133/><V112/><F112/><W122/><G122/><T66/><D66/><U61/><E61/><V27/><F27/><N who="1" m="10281" /><E102/><V45/><F57/><W129/><G31/><T58/><D128/><N who="3" m="49257" /><G118/><T84/><D120/><U104/><E104/><V39/><F0/><N who="3" m="455" /><G18/><T117/><D58/><U100/><E100/><V51/><F5/><W77/><G77/><T49/><D117/><U41/><E47/><V116/><F2/><W87/><G87/><T10/><D84/><U40/><E44/><V15/><F86/><W88/><G71/><T19/><D83/><U90/><E90/><V126/><F116/><W56/><G68/><T107/><D107/><U92/><E92/><V76/><F106/><W59/><G59/><T60/><D80/><U69/><E69/><V114/><F114/><W103/><G103/><T109/><D109/><U105/><E105/><V34/><F76/><W46/><G46/><T50/><D78/><U20/><E20/><V7/><F34/><W124/><G88/><T95/><D115/><U135/><E135/><V62/><F62/><N who="3" m="36103" /><G98/><T67/><D60/><U17/><AGARI ba="0,0" hai="14,17,22,40,41,43,81,82,91,94,99" m="10281" machi="17" ten="30,11700,0" yaku="8,1,52,3" doraHai="38" who="1" fromWho="1" sc="348,-39,191,117,219,-39,242,-39" /><INIT seed="5,1,0,5,3,51" ten="309,308,180,203" oya="1" hai0="128,29,53,108,47,66,96,60,100,80,112,34,84" hai1="123,50,121,37,68,86,48,21,92,19,18,13,122" hai2="10,8,44,2,32,87,114,16,49,94,116,67,133" hai3="79,130,33,62,124,7,12,28,118,14,77,4,103"/><U35/><E35/><V57/><F32/><W0/><G130/><T95/><D108/><U56/><E37/><V99/><F116/><W61/><G103/><T125/><D125/><U134/><E68/><V20/><F2/><W126/><G33/><T90/><D112/><U105/><E105/><V119/><F87/><W101/><G101/><T23/><D128/><U85/><E134/><V75/><F75/><W17/><G17/><T131/><D131/><U30/><E30/><V120/><F133/><W64/><G64/><T83/><D83/><U107/><E107/><V113/><F120/><W45/><G45/><T24/><D34/><U6/><E6/><V109/><F109/><W74/><G74/><T117/><D117/><U26/><E92/><V71/><F71/><W46/><G46/><T106/><D106/><U55/><REACH who="1" step="1"/><E50/><REACH who="1" ten="309,298,180,203" step="2"/><V11/><F119/><W1/><G118/><T65/><D60/><U52/><E52/><N who="2" m="29735" /><F114/><W88/><G28/><T129/><D129/><U9/><AGARI ba="1,1" hai="9,13,18,19,21,26,48,55,56,85,86,121,122,123" machi="9" ten="30,6000,0" yaku="1,1,0,1,52,1,53,0" doraHai="51" doraHaiUra="70" who="1" fromWho="1" sc="309,-21,298,73,180,-21,203,-21" /><INIT seed="5,2,0,0,0,18" ten="288,371,159,182" oya="1" hai0="25,50,1,104,82,34,46,79,15,3,84,88,65" hai1="59,112,27,76,105,44,48,93,130,41,23,9,19" hai2="2,28,106,6,21,74,124,120,45,118,55,17,81" hai3="117,37,35,30,107,8,20,100,66,62,71,94,116"/><U49/><E105/><V42/><F106/><W108/><G108/><T128/><D104/><U36/><E112/><V0/><F120/><W101/><G107/><T54/><D65/><U99/><E130/><V43/><F118/><N who="3" m="45675" /><G37/><T70/><D70/><U69/><E69/><V12/><F124/><W134/><G134/><T11/><D128/><U80/><E59/><V133/><F133/><W135/><G135/><T77/><D3/><U67/><E67/><V58/><F28/><W32/><G8/><T24/><D1/><U47/><E9/><V131/><F131/><W132/><G132/><T57/><D57/><U126/><E126/><V110/><F110/><W73/><G73/><T125/><D125/><U109/><E109/><V91/><F6/><W56/><G71/><T60/><D60/><U64/><E64/><V103/><F0/><W85/><G85/><T52/><D54/><U113/><E113/><V115/><F2/><W97/><G101/><T114/><D114/><U72/><E47/><V83/><F103/><AGARI ba="2,0" hai="19,23,27,36,41,44,48,49,72,76,80,93,99,103" machi="103" ten="30,2900,0" yaku="7,1,52,1" doraHai="18" who="1" fromWho="2" sc="288,0,371,35,159,-35,182,0" /><INIT seed="5,3,0,0,1,51" ten="288,406,124,182" oya="1" hai0="120,79,93,54,40,22,83,19,88,55,56,126,32" hai1="34,108,48,35,96,111,33,47,104,15,77,122,128" hai2="59,69,24,9,41,75,105,125,80,116,64,81,131" hai3="14,84,68,62,87,89,13,82,100,129,133,10,29"/><U60/><E122/><V1/><F105/><W85/><G129/><T118/><D32/><U121/><E121/><V90/><F116/><W127/><G127/><T73/><D118/><U112/><E128/><V76/><F131/><W106/><G29/><T135/><D135/><U8/><E112/><V21/><F69/><W3/><G3/><T101/><D101/><U58/><E77/><V132/><F132/><W113/><G113/><T42/><D126/><U53/><E96/><V119/><F119/><W78/><G133/><T117/><D117/><U65/><E104/><V20/><F20/><W50/><G50/><T39/><D39/><U67/><E67/><V91/><F81/><W97/><G89/><T57/><D120/><U36/><E36/><V30/><F125/><W11/><G62/><N who="0" m="36119" /><D73/><U17/><AGARI ba="3,0" hai="8,15,17,33,34,35,47,48,53,58,60,65,108,111" machi="17" ten="40,3900,0" yaku="0,1,52,1" doraHai="51" who="1" fromWho="1" sc="288,-16,406,48,124,-16,182,-16" /><INIT seed="5,4,0,2,5,98" ten="272,454,108,166" oya="1" hai0="94,62,72,44,126,17,61,118,73,79,110,114,34" hai1="45,92,53,36,43,3,50,48,65,134,78,37,106" hai2="81,14,71,128,97,87,13,0,93,83,15,60,74" hai3="69,117,115,24,127,38,89,27,129,125,41,55,124"/><U132/><E106/><V22/><F0/><W131/><G115/><T96/><D34/><U70/><E92/><V130/><F74/><W33/><G69/><T19/><D44/><N who="1" m="27847" /><E78/><V102/><F71/><W20/><G117/><T121/><D96/><U7/><E7/><V99/><F60/><W100/><G55/><T116/><D94/><U39/><E3/><V11/><F97/><W5/><G100/><T35/><D79/><U104/><E104/><V88/><F11/><W9/><G41/><T6/><D6/><U119/><E119/><V120/><F120/><W109/><G38/><T1/><D1/><U18/><E18/><V84/><REACH who="2" step="1"/><F22/><REACH who="2" ten="272,454,98,166" step="2"/><W57/><G20/><T2/><D73/><U10/><E10/><V31/><F31/><W26/><G9/><T95/><D72/><U103/><E70/><V23/><F23/><W90/><G33/><T107/><D35/><U12/><E132/><V91/><AGARI ba="4,1" hai="13,14,15,81,83,84,87,88,91,93,99,102,128,130" machi="91" ten="30,8000,1" yaku="1,1,0,1,9,1,52,1,54,1,53,0" doraHai="98" doraHaiUra="25" who="2" fromWho="2" sc="272,-24,454,-44,98,102,166,-24" /><INIT seed="6,0,0,3,2,108" ten="248,410,200,142" oya="2" hai0="2,34,94,45,3,57,106,10,60,86,100,104,52" hai1="68,30,1,129,115,44,134,105,117,0,122,14,26" hai2="113,99,88,41,36,11,65,23,77,123,8,93,125" hai3="89,90,71,58,5,107,24,28,53,59,38,32,82"/><V80/><F123/><W43/><G71/><T67/><D34/><U119/><E44/><V35/><F35/><W56/><G107/><T12/><D106/><U120/><E68/><V9/><F125/><W46/><G5/><T17/><D104/><U114/><E105/><V73/><F65/><W91/><REACH who="3" step="1"/><G82/><REACH who="3" ten="248,410,200,132" step="2"/><T96/><D2/><U40/><E1/><V61/><F36/><W21/><G21/><T29/><D3/><U64/><E0/><V51/><F23/><W15/><G15/><T6/><D6/><U48/><E14/><V27/><F27/><W42/><G42/><T135/><D12/><U49/><E40/><V47/><F8/><W98/><G98/><T121/><D96/><U103/><E120/><V84/><F11/><W16/><G16/><T76/><D17/><U133/><E122/><V7/><F9/><W124/><G124/><T92/><D10/><U87/><E26/><V20/><F20/><W55/><AGARI ba="0,1" hai="24,28,32,38,43,46,53,55,56,58,59,89,90,91" machi="55" ten="40,2700,0" yaku="1,1,0,1,53,0" doraHai="108" doraHaiUra="4" who="3" fromWho="3" sc="248,-7,410,-7,200,-13,132,37" /><INIT seed="7,0,0,0,0,67" ten="241,403,187,169" oya="3" hai0="112,54,97,131,65,95,48,83,20,64,22,3,44" hai1="89,104,81,66,23,47,84,96,61,38,107,30,5" hai2="126,17,118,2,42,90,24,85,100,129,15,88,87" hai3="68,8,120,18,92,132,117,53,101,78,102,76,134"/><W121/><G117/><T110/><D3/><U0/><E0/><V39/><F100/><N who="3" m="38507" /><G53/><T111/><D110/><U10/><E96/><V33/><F42/><W130/><G130/><T69/><D69/><U91/><E91/><V50/><F50/><W12/><G68/><T16/><D112/><U113/><E113/><V41/><F41/><W34/><G34/><T6/><D131/><U21/><E47/><V14/><F39/><W106/><G106/><T94/><D6/><U127/><E38/><V82/><F129/><W116/><G116/><T49/><D111/><U25/><E23/><V52/><F2/><W79/><G92/><T123/><D22/><U80/><E104/><V125/><F52/><W45/><G45/><T74/><D95/><U29/><E107/><V1/><F1/><W13/><G13/><T77/><D49/><U46/><E46/><V98/><F118/><W56/><G56/><T93/><D93/><U36/><E36/><V114/><F114/><W11/><G11/><T19/><D123/><U59/><E80/><V40/><F40/><W4/><G4/><T27/><D19/><U51/><E51/><V128/><F128/><W62/><G62/><T108/><D108/><U26/><E59/><V73/><F33/><W70/><G70/><T119/><D119/><U122/><E122/><V72/><F82/><W109/><G109/><T99/><D99/><U35/><E81/><V55/><F55/><W105/><G105/><T115/><D115/><U103/><E10/><V31/><F98/><W7/><G7/><T57/><D57/><U9/><E5/><RYUUKYOKU ba="0,0" sc="241,15,403,-15,187,-15,169,15" hai0="16,20,27,44,48,54,64,65,74,77,83,94,97" hai3="8,12,18,76,78,79,120,121,132,134" /><INIT seed="7,1,0,2,3,123" ten="256,388,172,184" oya="3" hai0="33,46,53,134,2,5,67,42,47,58,49,105,114" hai1="6,70,110,61,22,91,118,85,9,0,35,45,131" hai2="130,86,66,14,27,133,11,95,29,119,96,125,75" hai3="116,102,18,54,69,92,36,64,106,122,128,99,1"/><W50/><G122/><T55/><D105/><U10/><E110/><V12/><F75/><W104/><G116/><T7/><D33/><U63/><E35/><V26/><F119/><W68/><G128/><T111/><D111/><U32/><E32/><V79/><F130/><W24/><G1/><T44/><D2/><U120/><E70/><V43/><F133/><W31/><G36/><T65/><D114/><U13/><E120/><V113/><F113/><W15/><G64/><T129/><D129/><U81/><E22/><N who="2" m="15575" /><F125/><W28/><G68/><T48/><D134/><U115/><E45/><N who="0" m="17513" /><D55/><U52/><E52/><V40/><F27/><W17/><G69/><T38/><D38/><U16/><E10/><V23/><F23/><N who="3" m="13431" /><G104/><T41/><D41/><N who="2" m="15946" /><F66/><AGARI ba="1,0" hai="5,7,42,47,48,49,53,58,65,66,67" m="17513" machi="66" ten="30,1000,0" yaku="8,1" doraHai="123" who="0" fromWho="2" sc="256,13,388,0,172,-13,184,0" owari="269,7.0,388,49.0,159,-34.0,184,-22.0" /></mjloggm>