<mjloggm ver="2.3"><GO type="97" lobby="0"/><UN n0="%E7%91%9E%E9%9F%B3" n1="%E3%82%A6%E3%83%AB%E3%83%88%E3%83%A9%E7%AB%8B%E7%9B%B4" n2="%E3%81%AB%E3%82%83%E3%82%93%E3%81%AB%E3%82%83%E3%82%93%E3%81%8A" n3="%E6%94%BE%E6%B5%AA%E3%81%AE%E3%83%97%E3%83%AA%E3%83%B3%E3%82%B9" dan="14,14,14,16" rate="1926.28,1919.76,2022.56,2026.91" sx="F,M,M,M"/><TAIKYOKU oya="0"/><INIT seed="0,0,0,5,1,42" ten="250,250,250,250" oya="0" hai0="23,119,20,130,34,17,75,66,93,108,51,126,115" hai1="47,16,102,96,1,60,53,65,30,125,71,74,123" hai2="7,3,72,89,88,39,100,28,14,35,101,91,94" hai3="76,11,31,38,6,33,98,135,73,70,37,55,129"/><T83/><D75/><U131/><E1/><V27/><F3/><N who="3" m="479" /><G55/><T44/><D66/><U13/><E74/><V87/><F72/><W58/><G58/><T86/><D34/><U90/><E123/><V4/><F39/><W79/><G79/><T52/><D119/><U117/><E117/><V36/><F36/><W40/><G40/><T92/><D115/><U120/><E120/><V19/><F101/><W59/><G59/><T81/><D126/><U110/><E125/><V24/><F24/><N who="3" m="18663" /><G135/><T103/><D130/><U105/><E110/><V113/><F113/><W127/><G127/><T25/><D108/><U67/><E131/><V133/><F133/><W85/><G85/><T43/><D43/><U109/><E109/><V114/><F114/><W32/><G129/><T99/><D23/><U64/><E30/><V97/><REACH who="2" step="1"/><F87/><REACH who="2" ten="250,250,240,250" step="2"/><W61/><G98/><N who="0" m="59847" /><D86/><U5/><E5/><V78/><F78/><W2/><G2/><T22/><D22/><AGARI ba="0,1" hai="4,7,14,19,22,27,28,35,88,89,91,94,97,100" machi="22" ten="40,5200,0" yaku="1,1,54,1,53,1" doraHai="42" doraHaiUra="95" who="2" fromWho="0" sc="250,-52,250,0,240,62,250,0" /><INIT seed="1,0,0,2,1,94" ten="198,250,302,250" oya="1" hai0="55,122,19,79,127,118,7,21,37,64,84,35,72" hai1="47,59,92,104,62,98,106,4,116,10,9,117,41" hai2="82,13,40,100,3,102,135,26,31,38,14,44,2" hai3="90,110,96,51,39,83,50,42,112,58,123,81,125"/><U52/><E106/><V63/><F135/><W128/><G123/><T25/><D37/><U107/><E104/><V121/><F121/><W17/><G112/><T66/><D122/><U6/><E107/><V16/><F13/><W115/><G115/><T130/><D118/><U70/><E70/><V67/><F82/><W49/><G110/><T69/><D72/><U77/><E77/><V18/><F18/><W113/><G113/><T28/><D130/><U120/><E120/><V56/><F102/><W57/><G128/><T126/><D7/><U108/><E108/><V103/><F103/><W45/><G125/><T114/><D114/><U75/><E75/><V80/><F80/><N who="3" m="30795" /><G39/><T71/><D55/><U133/><E133/><V132/><F100/><W61/><G17/><T95/><D126/><U101/><E6/><V29/><F29/><W24/><G24/><T65/><D127/><U89/><E101/><V5/><F5/><W86/><G96/><T34/><D79/><U88/><E89/><V23/><REACH who="2" step="1"/><F132/><REACH who="2" ten="198,250,292,250" step="2"/><W33/><G90/><T11/><D35/><AGARI ba="0,1" hai="2,3,14,16,23,26,31,35,38,40,44,56,63,67" machi="35" ten="30,7700,0" yaku="1,1,2,1,7,1,54,1,53,0" doraHai="94" doraHaiUra="76" who="2" fromWho="0" sc="198,-77,250,0,292,87,250,0" /><INIT seed="2,0,0,2,2,77" ten="121,250,379,250" oya="2" hai0="100,31,20,111,117,94,109,1,60,71,121,25,72" hai1="81,50,23,18,96,69,97,65,46,78,22,119,5" hai2="61,10,4,15,43,14,126,7,86,116,3,67,17" hai3="57,91,2,122,92,110,123,47,80,118,53,6,37"/><V55/><F116/><W98/><G118/><T106/><D94/><U11/><E119/><V101/><F126/><W113/><G110/><T85/><D117/><U35/><E35/><V103/><F43/><W114/><G2/><T127/><D121/><U38/><E38/><V89/><F55/><W107/><G6/><T115/><D72/><U88/><E65/><V124/><F14/><W75/><G107/><T73/><D73/><U21/><E69/><V36/><F36/><W34/><G34/><T83/><D83/><U41/><E78/><V28/><F28/><W112/><G47/><T128/><D128/><U64/><E64/><V130/><F4/><W59/><G37/><T132/><D132/><U99/><E5/><V44/><F44/><W105/><G105/><T26/><D26/><N who="1" m="14647" /><E11/><V133/><F124/><W0/><G0/><T84/><D84/><AGARI ba="0,0" hai="22,23,41,46,50,81,84,88,96,97,99" m="14647" machi="84" ten="30,3900,0" yaku="8,1,52,1,54,1" doraHai="77" who="1" fromWho="0" sc="121,-39,250,39,379,0,250,0" /><INIT seed="3,0,0,0,4,89" ten="82,289,379,250" oya="3" hai0="102,8,132,0,12,71,54,15,77,116,118,34,23" hai1="95,4,31,135,99,87,105,122,114,119,17,52,131" hai2="110,93,83,38,50,35,85,11,126,19,16,70,62" hai3="98,40,18,30,21,5,124,55,103,127,92,47,51"/><W108/><G108/><T61/><D61/><U48/><E105/><V115/><F38/><W133/><G133/><T104/><D104/><U86/><E122/><V125/><F35/><W117/><G117/><T46/><D46/><N who="1" m="27671" /><E114/><V91/><F110/><W121/><G121/><T7/><D7/><U72/><E72/><V128/><F115/><W69/><G69/><T57/><D57/><U39/><E39/><V45/><F11/><W13/><G5/><T33/><D33/><U97/><E135/><V96/><F62/><W90/><G30/><T63/><D63/><U112/><E131/><V28/><F28/><W29/><G29/><T109/><D109/><U22/><E112/><V49/><F49/><W9/><G9/><T129/><D129/><U82/><E4/><V2/><F2/><W78/><G78/><T74/><D74/><U134/><E31/><V88/><F70/><W60/><REACH who="3" step="1"/><G103/><REACH who="3" ten="82,289,379,240" step="2"/><T27/><D27/><N who="1" m="14799" /><E134/><V65/><F128/><W111/><G111/><T113/><D113/><U101/><E119/><V64/><F19/><W130/><G130/><T84/><D84/><N who="1" m="32299" /><E99/><V123/><F123/><W6/><G6/><T120/><D120/><U24/><E24/><V106/><F16/><W3/><G3/><T43/><D43/><U37/><E37/><V32/><F32/><W41/><G41/><T73/><D73/><U79/><E79/><V53/><F96/><W56/><AGARI ba="0,1" hai="13,18,21,40,47,51,55,56,60,90,92,98,124,127" machi="56" ten="30,6000,0" yaku="1,1,0,1,52,1,53,0" doraHai="89" doraHaiUra="81" who="3" fromWho="3" sc="82,-20,289,-20,379,-20,240,70" /><INIT seed="3,1,0,2,4,121" ten="62,269,359,310" oya="3" hai0="44,100,42,20,62,52,119,5,122,69,78,67,91" hai1="46,13,12,68,80,79,38,57,128,72,65,3,8" hai2="40,24,48,131,30,118,96,101,27,32,1,50,83" hai3="7,25,60,59,97,36,95,103,33,28,132,92,53"/><W73/><G73/><T4/><D4/><U45/><E128/><V84/><F1/><W111/><G36/><T110/><D110/><U88/><E68/><V120/><F118/><W86/><G111/><T87/><D87/><U94/><E65/><V55/><F131/><W117/><G117/><T54/><D54/><U85/><E57/><V19/><F120/><W123/><G123/><T133/><D133/><U34/><E34/><V130/><F130/><W9/><G132/><T66/><D66/><U109/><E109/><V64/><F64/><W129/><G129/><T76/><D76/><U11/><E11/><V2/><F2/><W61/><G86/><T39/><D39/><U23/><E23/><V106/><F40/><W98/><G61/><T51/><D51/><U115/><E115/><V0/><F0/><W63/><G63/><T114/><D114/><U16/><E12/><V127/><F127/><W135/><G135/><T70/><D70/><U105/><E3/><V125/><F125/><W18/><G7/><T49/><D49/><U126/><E126/><V26/><F19/><W56/><G56/><T75/><D75/><U99/><E38/><V116/><F48/><W82/><G82/><T112/><D112/><U29/><E29/><V43/><F43/><W90/><REACH who="3" step="1"/><G18/><REACH who="3" ten="62,269,359,300" step="2"/><T71/><D71/><U58/><E58/><N who="2" m="33143" /><F116/><W31/><G31/><T21/><D21/><U108/><E108/><V47/><F47/><W14/><G14/><T81/><D52/><U77/><E77/><N who="2" m="46191" /><F26/><W74/><G74/><T107/><D91/><U41/><E41/><V35/><F24/><RYUUKYOKU ba="1,1" sc="62,-30,269,10,359,10,300,10" hai1="8,13,16,45,46,72,79,80,85,88,94,99,105" hai2="27,30,32,35,96,101,106" hai3="9,25,28,33,53,59,60,90,92,95,97,98,103" /><INIT seed="3,2,1,4,0,19" ten="32,279,369,310" oya="3" hai0="87,41,18,91,30,15,24,3,52,59,54,56,121" hai1="51,64,68,34,101,38,47,31,127,98,9,66,106" hai2="125,45,71,94,107,29,74,120,112,27,100,75,36" hai3="130,124,1,28,117,126,123,134,65,128,67,46,4"/><W89/><G117/><T32/><D121/><U95/><E127/><N who="3" m="48682" /><G123/><T99/><D3/><U25/><E38/><V61/><F94/><W62/><G134/><T77/><D99/><U20/><E9/><V105/><F120/><W35/><G46/><T83/><D77/><U102/><E102/><V44/><F125/><W21/><G35/><T22/><REACH who="0" step="1"/><D41/><REACH who="0" ten="22,279,369,310" step="2"/><U11/><E106/><V131/><F107/><W85/><G1/><T90/><D90/><U37/><E37/><V119/><F36/><W122/><G122/><T109/><D109/><U58/><E68/><V63/><F71/><W50/><G89/><T40/><D40/><U53/><E11/><V79/><F79/><W7/><G130/><T104/><D104/><U5/><E5/><V92/><F105/><W103/><G128/><T14/><D14/><U116/><E116/><V26/><F119/><W114/><G103/><T80/><D80/><U0/><E0/><V16/><F100/><W17/><G7/><T111/><D111/><U84/><E34/><V118/><F118/><W2/><G4/><T8/><D8/><U69/><E69/><V48/><F131/><W76/><G2/><T12/><D12/><U110/><E110/><V78/><F78/><W23/><G76/><T115/><D115/><U39/><E39/><V133/><F112/><W72/><G114/><T70/><D70/><U6/><E6/><V33/><F75/><W49/><G72/><T73/><D73/><U57/><E84/><V43/><F74/><W96/><G85/><T88/><D88/><U82/><E82/><V108/><F108/><RYUUKYOKU ba="2,2" sc="22,15,279,15,369,-15,310,-15" hai0="15,18,22,24,30,32,52,54,56,59,83,87,91" hai1="20,25,31,47,51,53,57,58,64,66,95,98,101" owari="37,-46.0,294,-11.0,374,47.0,295,10.0" /></mjloggm>