<mjloggm ver="2.3"><GO type="41" lobby="0"/><UN n0="%72%75%2D%69" n1="%E5%B0%B1%E6%B4%BB%E7%94%9F%40%E5%B7%9D%E6%9D%91%E8%BB%8D%E5%9B%A3" n2="%E9%A8%B0" n3="%79%61%73%75%2D%74" dan="13,15,14,13" rate="1890.38,2009.42,1903.77,1830.71" sx="M,M,M,M"/><TAIKYOKU oya="0"/><INIT seed="0,0,0,5,1,131" ten="250,250,250,250" oya="0" hai0="38,96,63,94,11,45,83,12,106,47,15,23,9" hai1="68,109,85,81,103,99,79,40,22,26,100,65,30" hai2="70,122,89,113,8,130,31,132,18,41,127,108,110" hai3="69,129,13,5,46,114,117,25,135,118,34,54,16"/><T24/><D106/><U82/><E109/><N who="2" m="42091" /><F70/><W104/><G104/><T27/><D38/><U6/><E40/><V80/><F41/><W35/><G69/><T93/><D83/><U116/><E116/><V49/><F49/><W105/><G105/><T1/><D1/><U51/><E6/><V64/><F64/><W43/><G129/><T71/><D71/><U32/><E51/><V39/><F39/><W37/><G114/><T4/><D63/><U88/><E65/><V19/><F89/><W58/><G5/><T87/><D87/><U52/><E68/><V77/><F77/><W50/><G25/><T119/><D119/><U53/><E32/><V75/><F75/><W2/><G2/><T10/><D10/><U112/><E112/><V111/><F80/><W115/><G115/><T0/><D0/><U3/><E3/><V67/><F67/><W60/><G118/><T101/><D94/><U29/><E29/><V21/><F130/><W76/><G76/><T128/><D128/><U33/><E33/><V55/><F111/><W14/><G117/><T84/><D84/><N who="1" m="48191" /><E99/><V62/><F113/><W59/><G34/><T92/><D92/><U134/><E134/><V97/><F97/><W17/><G135/><T133/><D133/><U124/><E124/><V123/><F127/><W61/><G35/><T73/><D73/><U72/><E72/><V107/><F107/><W120/><G37/><T102/><D102/><AGARI ba="0,0" hai="22,26,30,52,53,82,85,88,100,102,103" m="48191" machi="102" ten="30,3900,0" yaku="8,1,54,2" doraHai="131" who="1" fromWho="0" sc="250,-39,250,39,250,0,250,0" /><INIT seed="1,0,0,0,1,17" ten="211,289,250,250" oya="1" hai0="128,28,29,92,30,118,3,130,103,88,6,20,39" hai1="4,111,121,64,56,73,65,7,16,132,25,35,5" hai2="108,79,31,90,48,36,114,106,102,0,23,80,122" hai3="95,110,60,131,53,63,117,19,89,134,52,51,15"/><U38/><E121/><V33/><F122/><W71/><G117/><T62/><D39/><U91/><E38/><V133/><F0/><W42/><G131/><N who="0" m="50219" /><D118/><U76/><E132/><V125/><F36/><W75/><G134/><T97/><D62/><N who="3" m="23593" /><G75/><T8/><D103/><U93/><E111/><V2/><F2/><W68/><G68/><T116/><D116/><U22/><E35/><V49/><F102/><W67/><G67/><T27/><AGARI ba="0,0" hai="3,6,8,20,27,28,29,30,88,92,97" m="50219" machi="27" ten="30,4000,0" yaku="19,1,52,1,54,1" doraHai="17" who="0" fromWho="0" sc="211,40,289,-20,250,-10,250,-10" /><INIT seed="2,0,0,1,1,23" ten="251,269,240,240" oya="2" hai0="27,43,36,103,92,82,74,124,59,109,105,26,1" hai1="51,61,107,4,73,49,127,94,117,70,112,55,84" hai2="129,46,21,25,90,60,69,133,37,85,17,95,42" hai3="120,57,39,98,100,35,41,135,101,89,30,68,110"/><V126/><F126/><W80/><G120/><T99/><D124/><U118/><E107/><V2/><F2/><W121/><G68/><T24/><D1/><U13/><E73/><V71/><F133/><W64/><G121/><T9/><D9/><U54/><E127/><V119/><F129/><W20/><G135/><T67/><D109/><U12/><E112/><V115/><F115/><W29/><G41/><T7/><D7/><U6/><E61/><V53/><REACH who="2" step="1"/><F119/><REACH who="2" ten="251,269,230,240" step="2"/><W93/><G110/><T16/><D105/><U125/><E125/><V123/><F123/><W48/><G39/><T28/><D36/><U114/><E114/><V88/><F88/><W75/><G89/><T14/><D28/><U52/><E117/><V19/><F19/><W134/><G30/><T106/><D106/><U122/><E118/><V33/><F33/><W40/><G29/><T102/><D102/><U38/><E122/><V3/><F3/><W108/><G35/><T87/><D103/><U96/><E38/><V31/><F31/><W131/><G101/><T97/><D16/><U34/><E34/><V22/><F22/><W81/><G20/><T113/><D113/><U44/><E4/><V58/><AGARI ba="0,1" hai="17,21,25,37,42,46,53,58,60,69,71,85,90,95" machi="58" ten="30,12000,1" yaku="1,1,0,1,52,1,53,2" doraHai="23" doraHaiUra="66" who="2" fromWho="2" sc="251,-40,269,-40,230,130,240,-40" /><INIT seed="2,1,0,1,2,117" ten="211,229,360,200" oya="2" hai0="43,54,103,99,105,70,66,92,123,122,22,34,96" hai1="134,9,38,106,17,20,58,113,82,67,127,81,31" hai2="27,112,48,76,8,65,80,0,13,116,30,71,94" hai3="51,18,109,16,120,21,3,12,132,28,119,72,95"/><V74/><F116/><W124/><G119/><T125/><D34/><U24/><E106/><V69/><F65/><W79/><G3/><T57/><D43/><U128/><E38/><V131/><F131/><W114/><G114/><T89/><D125/><U5/><E113/><V133/><F133/><W111/><G28/><T10/><D10/><U126/><E128/><V104/><F104/><W42/><G132/><T78/><D78/><U26/><E134/><V121/><F0/><W73/><G124/><N who="1" m="47658" /><E58/><V87/><F48/><W45/><G95/><T25/><D66/><U19/><E67/><V85/><F71/><W4/><G4/><T6/><D6/><U37/><E37/><V33/><F69/><W32/><G32/><T129/><D129/><U14/><E19/><V91/><F112/><W88/><G18/><T15/><D15/><U98/><E98/><V47/><F47/><W86/><G79/><T107/><D107/><U84/><E84/><V55/><F55/><W100/><G100/><T52/><D54/><U35/><AGARI ba="1,0" hai="5,9,14,17,20,24,26,31,35,81,82" m="47658" machi="35" ten="30,1100,0" yaku="18,1" doraHai="117" who="1" fromWho="1" sc="211,-4,229,14,360,-6,200,-4" /><INIT seed="3,0,0,2,0,7" ten="207,243,354,196" oya="3" hai0="24,65,31,27,126,80,35,4,87,78,43,61,110" hai1="2,16,33,133,45,86,17,44,25,130,95,26,100" hai2="15,118,68,34,94,53,109,57,54,82,131,121,91" hai3="90,79,71,13,89,6,58,9,84,37,12,8,114"/><W19/><G71/><T128/><D126/><U63/><E2/><V39/><F39/><W11/><G37/><T48/><D128/><U81/><E130/><V0/><F0/><W40/><G114/><T115/><D115/><U93/><E133/><V124/><F34/><W59/><G40/><T72/><D110/><U41/><E63/><V119/><F131/><W42/><G11/><T23/><D72/><U75/><E75/><V92/><F109/><W5/><G19/><N who="1" m="7242" /><E33/><V30/><F121/><W123/><G42/><T122/><D122/><U20/><E100/><V3/><F30/><W125/><G123/><T129/><D129/><U83/><E41/><V62/><F3/><W107/><G107/><T111/><D111/><U105/><E105/><V66/><F124/><W67/><G125/><T64/><D64/><U98/><E20/><V74/><F74/><W112/><G112/><T102/><D102/><N who="1" m="60751" /><E95/><V97/><F92/><W22/><G22/><T28/><D43/><U10/><E83/><V69/><F82/><N who="3" m="47199" /><G67/><T32/><D23/><U99/><E99/><V116/><F68/><W132/><G132/><T96/><D96/><U76/><E10/><V88/><F69/><W106/><G106/><T73/><D73/><U60/><E60/><V85/><F116/><W36/><G36/><T134/><D134/><U104/><E104/><V70/><F118/><W101/><G101/><T117/><D117/><U135/><E135/><V56/><F119/><W103/><G103/><T46/><D32/><U21/><E26/><V108/><F70/><W49/><G49/><T113/><D35/><RYUUKYOKU ba="0,0" sc="207,-15,243,15,354,-15,196,15" hai1="21,25,44,45,76,81,86" hai3="5,6,8,9,12,13,58,59,89,90" /><INIT seed="3,1,0,2,0,102" ten="192,258,339,211" oya="3" hai0="26,37,32,114,95,91,117,27,59,134,47,113,129" hai1="28,119,48,118,80,12,96,103,9,15,65,98,69" hai2="5,36,124,90,132,89,127,50,104,125,83,71,88" hai3="49,101,24,57,130,126,76,86,16,64,46,77,79"/><W0/><G0/><T29/><D117/><N who="1" m="44555" /><E28/><V131/><F36/><W84/><G126/><T116/><D116/><U92/><E69/><V70/><F132/><W8/><G130/><T20/><D129/><U38/><E38/><V34/><F34/><W7/><G101/><T111/><D134/><U109/><E109/><V31/><F131/><W106/><G106/><T68/><D68/><U3/><E65/><V1/><F31/><W41/><G7/><T39/><D111/><U66/><E66/><V22/><F22/><N who="3" m="13383" /><G8/><T121/><D121/><U13/><E3/><V19/><F104/><W53/><G64/><T6/><D6/><N who="1" m="3127" /><E80/><V18/><F5/><W105/><G105/><T87/><D59/><U72/><E72/><V42/><F1/><W33/><G33/><T100/><D100/><N who="1" m="60423" /><E48/><AGARI ba="1,0" hai="41,46,48,49,53,57,76,77,79,84,86" m="13383" machi="48" ten="30,2900,0" yaku="8,1,54,1" doraHai="102" who="3" fromWho="1" sc="192,0,258,-32,339,0,211,32" /><INIT seed="3,2,0,2,5,56" ten="192,226,339,243" oya="3" hai0="21,124,71,114,104,37,22,34,128,93,39,17,108" hai1="109,88,86,122,27,19,23,125,135,115,45,38,9" hai2="7,106,15,95,92,55,62,33,35,111,52,80,48" hai3="60,51,126,3,18,105,97,82,5,65,110,127,8"/><W30/><G30/><T77/><D108/><U112/><E122/><V26/><F106/><W36/><G36/><T10/><D77/><U130/><E109/><V79/><F111/><W70/><G110/><T24/><D104/><U44/><E38/><V73/><F33/><W90/><G82/><T129/><D71/><U28/><E130/><N who="0" m="50281" /><D93/><N who="1" m="54423" /><E125/><V132/><F132/><W69/><G51/><T107/><D107/><U14/><E135/><V67/><F26/><W75/><G75/><T54/><D124/><N who="3" m="47657" /><G18/><T6/><D54/><U0/><E0/><V134/><F134/><W66/><G66/><T43/><D43/><U16/><E115/><V41/><F55/><W32/><G32/><T89/><D39/><U83/><E112/><V102/><F35/><W117/><G117/><T46/><D114/><U59/><E83/><V50/><F50/><W47/><G47/><N who="1" m="17994" /><E59/><V120/><F41/><W100/><G90/><T11/><D89/><U68/><E68/><AGARI ba="2,0" hai="3,5,8,60,65,68,69,70,97,100,105" m="47657" machi="68" ten="30,5800,0" yaku="18,1,23,1,52,1" doraHai="56" who="3" fromWho="1" sc="192,0,226,-64,339,0,243,64" /><INIT seed="3,3,0,2,2,107" ten="192,162,339,307" oya="3" hai0="104,23,61,121,69,128,19,14,89,49,4,75,42" hai1="125,111,80,52,38,85,90,18,72,59,84,66,132" hai2="50,101,131,41,98,118,2,97,55,102,0,65,135" hai3="113,120,99,34,95,20,130,112,21,15,93,25,129"/><W57/><G57/><T47/><D121/><U96/><E111/><V124/><F124/><W70/><G70/><T43/><D104/><U73/><E132/><V28/><F118/><W60/><G60/><T103/><D103/><U27/><E125/><V87/><F135/><W94/><G15/><T110/><D110/><U78/><E38/><V16/><F28/><W1/><G1/><T36/><D128/><N who="3" m="49257" /><G120/><T109/><D109/><U86/><E66/><V24/><F65/><W8/><G8/><T83/><D4/><U100/><E27/><V122/><F122/><W29/><G99/><T44/><D69/><U37/><E37/><V91/><F2/><W126/><G126/><T77/><D61/><U22/><E73/><V116/><F116/><W26/><G20/><T123/><D123/><U32/><E32/><V5/><F0/><W6/><G6/><T12/><REACH who="0" step="1"/><D89/><REACH who="0" ten="182,162,339,307" step="2"/><U56/><E90/><V105/><F91/><W79/><G79/><T45/><D45/><U13/><REACH who="1" step="1"/><E52/><REACH who="1" ten="182,152,339,307" step="2"/><V10/><F55/><W46/><G112/><T108/><D108/><U71/><E71/><V88/><F88/><W7/><G113/><T115/><D115/><U51/><E51/><V92/><F50/><W53/><G53/><T119/><D119/><U64/><E64/><V39/><F39/><W3/><G46/><T82/><D82/><U17/><E17/><V106/><F16/><W35/><G29/><T114/><D114/><U74/><E74/><V133/><F131/><W30/><G30/><T33/><D33/><U58/><E58/><V62/><F133/><W40/><G34/><RYUUKYOKU ba="3,2" sc="182,15,152,15,339,-15,307,-15" hai0="12,14,19,23,36,42,43,44,47,49,75,77,83" hai1="13,18,22,56,59,72,78,80,84,85,86,96,100" /><INIT seed="4,4,2,3,1,119" ten="197,167,324,292" oya="0" hai0="38,135,112,89,29,114,3,124,82,41,92,60,77" hai1="11,78,21,16,121,87,116,108,31,30,98,46,117" hai2="95,93,80,72,24,28,79,76,84,51,130,85,100" hai3="96,42,18,48,105,7,97,58,61,91,40,126,1"/><T55/><D3/><U35/><E108/><V27/><F130/><W86/><G126/><T36/><D124/><U127/><E127/><V39/><F39/><W104/><G7/><T94/><D29/><U0/><E121/><V90/><F51/><W50/><G1/><T47/><D135/><U14/><E98/><N who="3" m="37994" /><G104/><T20/><D20/><U133/><E133/><V9/><F100/><W103/><G103/><T25/><D25/><N who="1" m="18895" /><E46/><V122/><F95/><N who="3" m="54775" /><G18/><T32/><D32/><U125/><E125/><V17/><F122/><W107/><G107/><T19/><D19/><N who="1" m="8671" /><E87/><N who="2" m="48543" /><F28/><W62/><G105/><T101/><D101/><U45/><E45/><V68/><F68/><W15/><G15/><T67/><D89/><U37/><E37/><V83/><F72/><W110/><G110/><T59/><D38/><U123/><E78/><V111/><F111/><W12/><G12/><AGARI ba="4,2" hai="9,12,17,24,27,76,83,84,85,90,93" m="48543" machi="12" ten="30,1000,0" yaku="8,1" doraHai="119" who="2" fromWho="3" sc="197,0,167,0,324,42,292,-22" /><INIT seed="5,0,0,5,0,86" ten="197,167,366,270" oya="1" hai0="26,122,30,112,1,68,53,7,91,2,121,90,33" hai1="88,117,66,124,67,19,6,94,133,49,12,15,103" hai2="55,114,51,108,56,43,59,87,98,105,76,135,13" hai3="92,74,40,72,111,10,46,127,17,115,65,130,129"/><U62/><E117/><V118/><F108/><W11/><G111/><T128/><D68/><U34/><E133/><V9/><F135/><W101/><G65/><T35/><D35/><U109/><E124/><V125/><F125/><W27/><G127/><T63/><D128/><U44/><E109/><V57/><F114/><W132/><G132/><T61/><D112/><U73/><E34/><V0/><F0/><W23/><G115/><T58/><D63/><U60/><E73/><V8/><F43/><W96/><G74/><T25/><D25/><U47/><E103/><V77/><F105/><W131/><REACH who="3" step="1"/><G72/><REACH who="3" ten="197,167,366,260" step="2"/><T29/><D121/><U104/><E104/><V82/><F118/><W36/><AGARI ba="0,1" hai="10,11,17,23,27,36,40,46,92,96,101,129,130,131" machi="36" ten="30,7900,0" yaku="1,1,2,1,0,1,19,1,53,0" doraHai="86" doraHaiUra="48" who="3" fromWho="3" sc="197,-20,167,-39,366,-20,260,89" /><INIT seed="6,0,0,1,0,130" ten="177,128,346,349" oya="2" hai0="72,116,127,73,48,93,90,98,36,42,20,31,46" hai1="108,43,67,21,50,74,111,6,89,53,80,91,119" hai2="125,106,101,124,95,32,28,17,81,117,70,47,79" hai3="97,38,57,30,99,66,44,59,109,134,1,10,23"/><V132/><F117/><W100/><G109/><T25/><D116/><U2/><E119/><V133/><F70/><W62/><G44/><T29/><D127/><N who="2" m="48714" /><F106/><W84/><G97/><T131/><D131/><U52/><E67/><V121/><F121/><W37/><G57/><T129/><D129/><U0/><E43/><V87/><F17/><W9/><G84/><T45/><REACH who="0" step="1"/><D31/><REACH who="0" ten="167,128,346,349" step="2"/><U4/><E80/><V24/><F47/><W7/><G30/><T58/><D58/><U55/><E50/><V65/><F65/><W27/><G59/><T71/><D71/><U75/><E55/><AGARI ba="0,1" hai="20,25,29,36,42,45,46,48,55,72,73,90,93,98" machi="55" ten="30,2000,0" yaku="1,1,7,1,53,0" doraHai="130" doraHaiUra="76" who="0" fromWho="1" sc="167,30,128,-20,346,0,349,0" /><INIT seed="7,0,0,1,4,81" ten="197,108,346,349" oya="3" hai0="25,17,121,47,49,111,124,116,112,32,94,22,31" hai1="57,9,113,74,83,95,46,43,35,6,126,86,53" hai2="68,27,18,134,69,85,104,70,98,109,21,131,0" hai3="93,33,12,91,72,71,84,88,89,56,130,34,135"/><W10/><G71/><T97/><D116/><U50/><E35/><V13/><F109/><W5/><G72/><T37/><D121/><U73/><E113/><V119/><F119/><W1/><G135/><T108/><D112/><U54/><E126/><V55/><F134/><W20/><G130/><T115/><D115/><U133/><E133/><V122/><F131/><W101/><G56/><T48/><D124/><U107/><E107/><V67/><F0/><W120/><G120/><T132/><D132/><U60/><E95/><V66/><F122/><W19/><REACH who="3" step="1"/><G101/><REACH who="3" ten="197,108,346,339" step="2"/><T61/><D111/><U4/><E4/><V15/><F98/><W39/><G39/><T87/><D108/><U7/><E7/><V40/><F104/><W51/><G51/><T29/><D37/><U123/><E123/><V99/><F99/><W65/><G65/><T128/><D49/><U100/><E100/><V30/><F40/><W36/><G36/><T106/><D128/><U77/><REACH who="1" step="1"/><E54/><REACH who="1" ten="197,98,346,339" step="2"/><V92/><F55/><W79/><G79/><T23/><D106/><U45/><E45/><V63/><F66/><W3/><G3/><T2/><D2/><U28/><E28/><V90/><F15/><W125/><G125/><T41/><D31/><U42/><E42/><V64/><F64/><W75/><G75/><T16/><D41/><U76/><E76/><V26/><F26/><W127/><G127/><T96/><D25/><U44/><E44/><V105/><F105/><W114/><G114/><T110/><D29/><U58/><E58/><V59/><F59/><W117/><G117/><T11/><D110/><RYUUKYOKU ba="0,2" sc="197,-30,98,10,346,10,339,10" hai1="6,9,43,46,50,53,57,60,73,74,77,83,86" hai2="13,18,21,27,30,63,67,68,69,70,85,90,92" hai3="1,5,10,12,19,20,33,34,84,88,89,91,93" /><INIT seed="7,1,2,5,1,57" ten="167,108,356,349" oya="3" hai0="101,64,100,135,67,114,2,12,17,122,102,52,26" hai1="46,58,104,131,47,91,99,25,93,76,127,53,29" hai2="125,89,31,87,30,117,36,126,84,16,20,88,65" hai3="98,107,94,108,59,74,54,83,106,68,73,123,133"/><W96/><G68/><T109/><D122/><U56/><E131/><V63/><F36/><W23/><G123/><T49/><D109/><U45/><E127/><N who="2" m="48651" /><F117/><W43/><G43/><T35/><D135/><U81/><E104/><V37/><F37/><W14/><G108/><T22/><D114/><U72/><REACH who="1" step="1"/><E53/><REACH who="1" ten="167,98,356,349" step="2"/><V78/><F78/><W9/><G106/><T27/><D35/><AGARI ba="1,3" hai="25,29,35,45,46,47,56,58,72,76,81,91,93,99" machi="35" ten="40,8000,1" yaku="1,1,2,1,53,3" doraHai="57" doraHaiUra="42" who="1" fromWho="0" sc="167,-83,98,113,356,0,349,0" owari="84,-42.0,211,-19.0,356,46.0,349,15.0" /></mjloggm>