<mjloggm ver="2.3"><GO type="97" lobby="0"/><UN n0="%E6%BF%80%E8%BE%9B" n1="%E9%A6%99%E8%B2%AB%E5%8F%B0" n2="%E5%B0%B1%E6%B4%BB%E7%94%9F%40%E5%B7%9D%E6%9D%91%E8%BB%8D%E5%9B%A3" n3="%E3%81%A4%E3%81%B0%E3%82%81" dan="15,13,15,15" rate="1964.31,1833.52,2003.27,2029.66" sx="M,M,M,M"/><TAIKYOKU oya="0"/><INIT seed="0,0,0,5,4,57" ten="250,250,250,250" oya="0" hai0="129,98,86,30,103,4,132,79,5,117,119,7,133" hai1="43,110,68,111,69,23,123,71,40,82,19,56,102" hai2="127,13,81,37,121,75,87,55,125,26,94,31,15" hai3="108,3,64,72,96,33,131,16,34,8,84,38,12"/><T59/><D129/><U89/><E123/><V93/><F121/><W54/><G72/><T97/><D30/><U73/><E102/><V90/><F75/><W80/><G131/><T14/><D14/><N who="2" m="5130" /><F37/><W74/><G74/><T88/><D59/><U113/><E113/><V49/><F49/><W45/><G3/><T134/><D79/><U28/><E28/><V10/><F55/><W11/><G64/><T24/><D24/><U39/><E39/><V20/><F10/><W126/><G108/><N who="1" m="41514" /><E73/><V116/><F116/><N who="0" m="44618" /><D103/><U42/><E56/><V9/><F9/><N who="3" m="6159" /><G33/><T41/><D41/><N who="1" m="10499" /><U104/><DORA hai="36" /><E104/><V109/><F109/><W58/><G34/><T115/><D115/><U76/><E76/><V112/><F112/><W67/><G38/><T25/><D25/><N who="1" m="14591" /><E82/><AGARI ba="0,0" hai="4,5,7,82,86,88,97,98,132,133,134" m="44618" machi="82" ten="40,3900,0" yaku="20,1,54,1" doraHai="57,36" who="0" fromWho="1" sc="250,39,250,-39,250,0,250,0" /><INIT seed="0,1,0,5,4,17" ten="289,211,250,250" oya="0" hai0="71,104,4,97,19,108,34,85,100,93,72,13,125" hai1="109,45,88,30,37,83,129,29,44,56,24,57,15" hai2="64,123,16,36,117,31,32,62,77,66,86,69,7" hai3="118,95,43,11,92,20,53,42,113,28,2,0,50"/><T134/><D34/><U114/><E109/><V74/><F74/><W98/><G113/><T41/><D71/><U8/><E129/><V10/><F123/><W81/><G118/><T60/><D72/><U18/><E114/><V128/><F117/><W75/><G75/><T51/><D134/><U91/><E37/><V54/><F36/><W5/><G2/><T65/><D125/><U1/><E1/><V106/><F106/><W115/><G81/><T82/><D108/><U12/><E83/><V126/><F128/><W55/><G115/><T120/><D120/><U26/><E8/><V22/><F126/><W87/><G87/><T6/><D104/><U105/><E105/><V116/><F116/><W27/><G55/><T127/><D127/><U47/><E47/><V124/><F124/><W49/><G49/><T25/><D25/><U21/><E18/><V111/><F111/><W23/><G23/><AGARI ba="1,0" hai="12,15,21,23,24,26,29,30,44,45,56,57,88,91" machi="23" ten="25,12000,2" yaku="22,2,8,1,52,2,54,1" doraHai="17" who="1" fromWho="3" sc="289,0,211,123,250,0,250,-123" /><INIT seed="1,0,0,2,0,90" ten="289,334,250,127" oya="1" hai0="104,73,117,16,9,132,123,126,101,115,71,109,7" hai1="39,69,108,72,85,77,120,131,118,122,17,1,41" hai2="100,86,124,65,88,66,133,70,107,95,129,3,64" hai3="49,128,57,121,96,59,4,82,37,91,130,119,18"/><U54/><E118/><V52/><F3/><W74/><G37/><T61/><RYUUKYOKU type="yao9" ba="0,0" sc="289,0,334,0,250,0,127,0" hai0="7,9,16,61,71,73,101,104,109,115,117,123,126,132" /><INIT seed="1,1,0,3,4,24" ten="289,334,250,127" oya="1" hai0="92,39,77,105,20,7,79,54,129,81,38,2,115" hai1="67,90,95,55,51,82,62,134,70,133,87,114,59" hai2="71,64,56,25,16,49,109,19,130,97,122,53,15" hai3="108,78,37,76,80,36,58,89,31,10,47,83,107"/><U113/><REACH who="1" step="1"/><E82/><REACH who="1" ten="289,324,250,127" step="2"/><V110/><F122/><W100/><G108/><N who="2" m="41577" /><F130/><W1/><G107/><T104/><D129/><U75/><E75/><V128/><F128/><W86/><G100/><T4/><D105/><U93/><E93/><V126/><F126/><W52/><G80/><T132/><D104/><U33/><E33/><V63/><F97/><W124/><G124/><T111/><D92/><U50/><E50/><V34/><F15/><W22/><G36/><T14/><D111/><U46/><E46/><V96/><F96/><W74/><G76/><T117/><D79/><U45/><E45/><V13/><F13/><W60/><G78/><T6/><D39/><U44/><E44/><V91/><F91/><W116/><G74/><T131/><D38/><U127/><E127/><V29/><AGARI ba="1,1" hai="16,19,25,29,34,49,53,56,63,64,71" m="41577" machi="29" ten="30,4000,0" yaku="14,1,52,1,54,1" doraHai="24" who="2" fromWho="2" sc="289,-11,324,-21,250,53,127,-11" /><INIT seed="2,0,0,4,1,8" ten="278,303,303,116" oya="2" hai0="19,74,44,110,6,135,75,130,103,125,77,7,24" hai1="18,90,3,115,52,72,10,119,70,61,126,129,127" hai2="34,29,54,66,128,105,56,92,50,2,122,131,65" hai3="79,22,43,13,11,78,36,41,55,51,9,100,93"/><V118/><F105/><W111/><G36/><T39/><D110/><U28/><E119/><V45/><F2/><W97/><G111/><T113/><D113/><U94/><E115/><V64/><F34/><W5/><G22/><T20/><D103/><U132/><E72/><V42/><F29/><W40/><REACH who="3" step="1"/><G11/><REACH who="3" ten="278,303,303,106" step="2"/><T35/><D35/><U73/><E132/><V71/><F118/><W4/><G4/><T102/><D7/><U63/><E129/><N who="2" m="49739" /><F92/><W16/><G16/><T27/><D6/><N who="1" m="1375" /><E73/><V0/><F0/><W59/><AGARI ba="0,1" hai="5,9,13,40,41,43,51,55,59,78,79,93,97,100" machi="59" ten="30,8000,1" yaku="1,1,0,1,8,1,52,1,53,1" doraHai="8" doraHaiUra="89" who="3" fromWho="3" sc="278,-20,303,-20,303,-40,106,90" /><INIT seed="3,0,0,5,1,10" ten="258,283,263,196" oya="3" hai0="129,52,44,115,85,131,109,23,94,9,116,90,24" hai1="119,50,7,63,34,65,121,0,82,41,114,4,76" hai2="55,15,105,27,2,112,107,123,25,59,53,3,54" hai3="77,91,122,51,1,58,106,87,64,117,89,57,70"/><W79/><G1/><T8/><D109/><U126/><E114/><V92/><F112/><W33/><G33/><T32/><D116/><U99/><E121/><V49/><F123/><W60/><G122/><T38/><D32/><U66/><E126/><V36/><F36/><W100/><G117/><T5/><D115/><U130/><E130/><N who="0" m="49673" /><D5/><U74/><E119/><V84/><F105/><W30/><G70/><T124/><D124/><U135/><E135/><V134/><F107/><W108/><G108/><T81/><D81/><U48/><E34/><V125/><F125/><W73/><G73/><T75/><D75/><U21/><E0/><V35/><F134/><W46/><G106/><T18/><D52/><N who="2" m="20074" /><F35/><W69/><G100/><T118/><D118/><U120/><E120/><V103/><F3/><W93/><G30/><T26/><D26/><U67/><E63/><V43/><F2/><W42/><REACH who="3" step="1"/><G91/><REACH who="3" ten="258,283,263,186" step="2"/><T6/><D6/><U88/><E7/><V11/><F43/><AGARI ba="0,1" hai="8,9,18,23,24,38,43,44,85,90,94" m="49673" machi="43" ten="30,1000,0" yaku="19,1" doraHai="10" who="0" fromWho="2" sc="258,20,283,0,263,-10,186,0" /><INIT seed="4,0,0,3,5,119" ten="278,283,253,186" oya="0" hai0="121,16,99,100,112,64,130,25,50,44,94,55,66" hai1="125,4,46,107,45,29,67,83,32,129,70,120,72" hai2="24,0,85,41,40,59,71,87,1,97,33,62,95" hai3="27,113,38,89,3,111,22,61,9,36,58,17,56"/><T84/><D121/><U123/><E129/><V134/><F71/><W28/><G111/><T86/><D112/><U48/><E125/><V63/><F134/><W34/><G113/><T124/><D130/><U133/><E133/><V47/><F33/><W104/><G104/><T101/><D101/><U114/><E114/><V76/><F0/><W81/><G58/><T82/><D124/><U10/><E107/><V8/><F1/><W15/><G81/><T13/><D25/><U96/><E96/><V110/><F110/><W18/><G89/><N who="0" m="51351" /><D86/><N who="2" m="32778" /><F76/><W128/><G128/><T93/><D93/><U65/><E29/><V108/><F47/><W127/><G127/><T11/><AGARI ba="0,0" hai="11,13,16,44,50,55,64,66,94,99,100" m="51351" machi="11" ten="30,6000,0" yaku="25,1,8,1,54,1" doraHai="119" who="0" fromWho="0" sc="278,60,283,-20,253,-20,186,-20" owari="338,44.0,263,6.0,233,-17.0,166,-33.0" /></mjloggm>