<mjloggm ver="2.3"><GO type="97" lobby="0"/><UN n0="%6F%72%75%6E%72%75%6E" n1="%E7%89%8C%E5%8F%8B%E4%BC%9A%47%75%6C%6C" n2="%E5%B0%B1%E6%B4%BB%E7%94%9F%40%E5%B7%9D%E6%9D%91%E8%BB%8D%E5%9B%A3" n3="%E3%80%93%E3%82%A2%E3%83%AB%E3%83%9F%E3%82%B0%E3%83%A9%E3%82%B9%E3%80%93" dan="14,14,13,14" rate="1882.89,1976.25,1886.68,1912.50" sx="M,M,M,M"/><TAIKYOKU oya="0"/><INIT seed="0,0,0,5,2,7" ten="250,250,250,250" oya="0" hai0="30,53,126,75,10,107,42,81,23,43,6,0,116" hai1="31,3,105,1,106,16,93,37,58,86,38,14,4" hai2="28,41,125,113,111,35,33,128,88,132,25,72,104" hai3="29,83,20,66,78,68,8,52,45,127,2,120,15"/><T100/><D116/><U61/><E31/><V124/><F104/><W9/><G120/><T55/><D126/><U18/><E4/><V64/><F72/><W98/><G127/><N who="2" m="48713" /><F41/><W26/><G2/><T84/><D75/><U24/><E24/><V129/><F64/><W74/><G68/><T119/><D119/><U76/><E76/><V135/><F113/><W90/><G66/><T94/><D107/><U133/><E133/><N who="2" m="51275" /><F111/><W118/><G118/><T112/><D112/><U87/><E93/><V47/><F47/><W101/><G90/><T131/><D94/><U34/><E58/><V79/><F79/><W114/><G114/><T63/><D100/><U71/><E61/><V5/><F5/><W48/><G15/><T103/><D63/><U134/><E134/><V39/><F39/><W13/><G13/><T22/><D103/><U21/><E71/><V12/><F88/><W65/><G65/><T80/><D6/><U40/><E40/><V95/><F95/><AGARI ba="0,0" hai="8,9,20,26,29,45,48,52,74,78,83,95,98,101" machi="95" ten="30,7700,0" yaku="7,1,52,2,54,1" doraHai="7" who="3" fromWho="2" sc="250,0,250,0,250,-77,250,77" /><INIT seed="1,0,0,3,1,75" ten="250,250,173,327" oya="1" hai0="30,103,60,77,72,111,129,118,134,117,82,98,10" hai1="9,1,14,123,87,35,108,102,97,113,4,95,91" hai2="37,92,84,80,131,107,132,86,38,36,105,88,17" hai3="126,67,50,115,42,93,46,56,49,100,6,31,0"/><U25/><E123/><V66/><F131/><W24/><G115/><T8/><D129/><U47/><E113/><V26/><F132/><W59/><G126/><T104/><D134/><U112/><E112/><V18/><F66/><W16/><G0/><T90/><D30/><U68/><E108/><V120/><F120/><W32/><G6/><T106/><D60/><U34/><E68/><V74/><F74/><W125/><G125/><T109/><D8/><U22/><E47/><V69/><F69/><W39/><G16/><T83/><D10/><U79/><E1/><V5/><F5/><W121/><G121/><T71/><D71/><U54/><E54/><V3/><F3/><W119/><G119/><N who="0" m="45579" /><D104/><U127/><E127/><V124/><F124/><W2/><G2/><T41/><D41/><U101/><E101/><V85/><F26/><W11/><G11/><T114/><D114/><U81/><REACH who="1" step="1"/><E102/><REACH who="1" ten="250,240,173,327" step="2"/><V78/><F105/><W21/><G59/><T89/><D111/><U61/><E61/><V12/><F107/><W73/><G56/><T58/><D58/><U128/><E128/><V122/><F122/><W43/><G100/><T135/><D109/><U48/><E48/><V23/><F18/><AGARI ba="0,1" hai="4,9,14,18,22,25,34,35,79,81,87,91,95,97" machi="18" ten="30,5800,0" yaku="1,1,7,1,52,1,53,0" doraHai="75" doraHaiUra="27" who="1" fromWho="2" sc="250,0,240,68,173,-58,327,0" /><INIT seed="1,1,0,1,0,28" ten="250,308,115,327" oya="1" hai0="116,33,67,76,12,81,115,133,55,23,3,29,91" hai1="119,121,83,92,27,126,56,132,134,39,106,46,37" hai2="50,70,14,69,124,7,4,25,75,41,54,97,16" hai3="90,129,68,30,9,86,72,8,130,22,1,93,53"/><U40/><E106/><V88/><F75/><W131/><G1/><T122/><D33/><U102/><E121/><V0/><F124/><W11/><G72/><T127/><D3/><U105/><E105/><V113/><F113/><W6/><G68/><T120/><D29/><U24/><E119/><V48/><F0/><N who="3" m="71" /><G53/><T43/><D23/><U117/><E117/><V98/><F25/><AGARI ba="1,0" hai="9,11,22,25,30,86,90,93,129,130,131" m="71" machi="25" ten="30,1000,0" yaku="19,1" doraHai="28" who="3" fromWho="2" sc="250,0,308,0,115,-13,327,13" /><INIT seed="2,0,0,0,5,77" ten="250,308,102,340" oya="2" hai0="19,55,132,75,129,84,58,125,82,65,90,51,127" hai1="92,115,9,31,98,18,3,74,22,111,97,27,36" hai2="118,21,49,117,59,134,69,17,33,122,38,47,62" hai3="0,100,5,73,16,133,89,114,26,67,88,128,29"/><V103/><F122/><W123/><G123/><T109/><D65/><U57/><E111/><V52/><F33/><W15/><G73/><T119/><D109/><U14/><E115/><V37/><F134/><W24/><G133/><T124/><D132/><U28/><E36/><V30/><F30/><W71/><G114/><T63/><D129/><U72/><E98/><V101/><F117/><W43/><G43/><T64/><D75/><U106/><E106/><V60/><F118/><W11/><G128/><T107/><D119/><U44/><E31/><V121/><F121/><W93/><G67/><T40/><D19/><U76/><E76/><V108/><F108/><W81/><G71/><T99/><D40/><U42/><E57/><V135/><F135/><W6/><G0/><T95/><D107/><U105/><E105/><V50/><F69/><W20/><G26/><T102/><REACH who="0" step="1"/><D64/><REACH who="0" ten="240,308,102,340" step="2"/><U116/><E116/><V25/><F38/><W68/><G68/><T113/><D113/><U91/><E42/><N who="2" m="24823" /><F37/><W66/><G66/><T112/><D112/><U48/><E44/><V83/><F83/><W35/><G81/><T120/><D120/><U85/><E72/><V23/><F23/><N who="3" m="11679" /><G35/><T7/><D7/><N who="3" m="2569" /><G11/><T70/><D70/><U41/><E74/><V4/><F4/><W87/><G29/><T53/><D53/><U80/><E3/><V54/><F54/><W56/><G20/><T2/><D2/><U32/><E32/><V131/><F131/><W8/><G8/><T94/><D94/><U61/><E41/><V110/><F110/><W78/><G93/><T10/><D10/><RYUUKYOKU ba="0,1" sc="240,15,308,-15,102,15,340,-15" hai0="51,55,58,63,82,84,90,95,99,102,124,125,127" hai2="17,21,25,50,52,59,60,62,101,103" /><INIT seed="2,1,1,3,0,60" ten="255,293,117,325" oya="2" hai0="123,113,129,46,78,34,85,107,106,90,128,2,4" hai1="82,43,98,120,131,102,6,9,11,121,12,23,53" hai2="35,42,38,110,31,114,57,77,45,47,99,18,71" hai3="50,93,118,69,76,100,116,67,96,52,49,127,41"/><V97/><F71/><W73/><G127/><T48/><D123/><U17/><E43/><V29/><F114/><W14/><G41/><T104/><D113/><U72/><E72/><V109/><F77/><W81/><G14/><T39/><D34/><U84/><E53/><V134/><F134/><W108/><G108/><N who="2" m="41577" /><F47/><W63/><G49/><T95/><D39/><U3/><E131/><N who="0" m="50249" /><D78/><U87/><E87/><V119/><F119/><W112/><G112/><T75/><D75/><U124/><E124/><V117/><F117/><W22/><G22/><T36/><D36/><U8/><E121/><V1/><F1/><W32/><G32/><T66/><D2/><U91/><REACH who="1" step="1"/><E120/><REACH who="1" ten="255,283,117,325" step="2"/><V125/><F125/><W62/><REACH who="3" step="1"/><G63/><REACH who="3" ten="255,283,117,315" step="2"/><T101/><D107/><AGARI ba="1,3" hai="3,6,8,9,11,12,17,23,82,84,91,98,102,107" machi="107" ten="30,7700,0" yaku="1,1,2,1,7,1,53,1" doraHai="60" doraHaiUra="79" who="1" fromWho="0" sc="255,-80,283,110,117,0,315,0" /><INIT seed="3,0,0,2,2,120" ten="175,393,117,315" oya="3" hai0="40,29,8,107,93,39,5,69,54,133,88,132,81" hai1="63,38,51,50,135,58,28,134,9,76,91,14,122" hai2="68,56,114,67,7,42,77,90,31,115,70,66,17" hai3="15,100,45,46,80,20,121,109,72,104,11,27,108"/><W34/><G121/><T127/><D107/><U110/><E38/><V111/><F77/><N who="3" m="44071" /><G34/><T78/><D69/><U129/><E122/><V94/><F31/><N who="3" m="17895" /><G100/><T1/><D29/><U10/><E76/><V33/><F7/><N who="3" m="3583" /><G104/><T103/><D103/><U125/><E28/><V60/><F17/><W83/><G83/><T13/><D54/><U71/><E71/><V26/><F26/><W84/><G84/><T61/><D61/><U19/><E10/><V36/><F33/><W59/><G59/><T3/><D40/><U25/><E25/><V32/><F32/><W105/><G105/><T0/><D39/><U131/><E91/><V118/><F94/><W128/><G128/><T102/><D102/><U86/><E86/><V30/><F30/><W96/><G96/><T75/><D93/><U116/><E51/><V49/><F90/><W124/><G124/><T12/><D127/><U53/><E125/><V89/><F89/><W112/><G112/><N who="2" m="43049" /><F118/><W92/><G92/><T21/><D13/><U4/><E4/><V22/><F22/><W37/><G37/><T57/><D21/><U113/><E19/><V95/><F95/><W43/><G43/><T6/><D88/><U130/><E14/><V2/><F2/><W119/><G119/><T82/><D82/><U55/><E9/><V23/><F23/><W79/><G79/><T16/><D6/><U99/><E116/><V48/><F36/><W97/><G97/><T123/><D123/><U52/><E113/><V117/><F117/><W74/><G74/><T24/><D1/><U35/><E99/><V47/><F49/><RYUUKYOKU ba="0,0" sc="175,-10,393,-10,117,-10,315,30" hai3="45,46,108,109" /><INIT seed="3,1,0,3,0,51" ten="165,383,107,345" oya="3" hai0="91,55,6,20,64,124,7,127,50,38,47,115,61" hai1="26,13,106,132,14,113,87,79,129,35,46,48,4" hai2="90,133,116,16,110,19,21,98,77,107,120,89,68" hai3="23,135,82,88,2,56,134,80,105,92,128,53,71"/><W65/><G128/><T125/><D20/><U101/><E113/><V3/><F68/><W10/><G105/><T100/><D100/><U59/><E129/><V18/><F116/><W119/><G119/><T5/><D115/><U74/><E74/><V76/><F120/><W111/><G111/><T104/><D104/><U67/><E132/><N who="3" m="50730" /><G65/><T60/><D91/><U17/><E4/><V108/><F3/><W126/><G71/><T34/><D34/><U86/><E106/><V62/><F62/><N who="3" m="36111" /><G126/><T66/><D38/><U25/><E101/><V123/><F123/><W0/><G23/><T70/><REACH who="0" step="1"/><D7/><REACH who="0" ten="155,383,107,345" step="2"/><U102/><E35/><V63/><F133/><W97/><G0/><T43/><D43/><U130/><E130/><V54/><F21/><W37/><G37/><T15/><D15/><U83/><E13/><V49/><F107/><W12/><G2/><T122/><D122/><U22/><E102/><V131/><F131/><W94/><G94/><T96/><D96/><U52/><E87/><V11/><F11/><W45/><G45/><T9/><D9/><U32/><E32/><V41/><F108/><W40/><G40/><T109/><D109/><U58/><E86/><V72/><F110/><W36/><G36/><T118/><D118/><U24/><E14/><V121/><F121/><W93/><G93/><T31/><D31/><U27/><E79/><N who="2" m="30283" /><F72/><W8/><G8/><T103/><D103/><U85/><N who="1" m="6656" /><DORA hai="44" /><U99/><E99/><V1/><F1/><W117/><G117/><T84/><D84/><U69/><E85/><V78/><N who="2" m="30291" /><V114/><DORA hai="28" /><F114/><RYUUKYOKU ba="1,1" sc="155,15,383,-15,107,-15,345,15" hai0="5,6,47,50,55,60,61,64,66,70,124,125,127" hai3="10,12,80,82,88,92,97" /><INIT seed="3,2,1,5,0,4" ten="170,368,92,360" oya="3" hai0="30,35,129,97,135,18,16,115,11,74,91,105,107" hai1="133,25,96,27,13,26,14,99,32,122,94,108,127" hai2="9,22,6,17,113,45,118,128,130,73,8,3,10" hai3="51,93,1,88,48,114,132,71,28,111,33,134,15"/><W5/><G114/><T61/><D74/><U68/><E122/><V123/><F73/><W116/><G116/><T100/><D115/><U87/><E68/><V44/><F113/><W49/><G111/><T19/><D135/><N who="3" m="51753" /><G71/><T86/><D107/><U103/><E133/><V121/><F118/><W63/><G1/><T69/><D129/><N who="2" m="49770" /><F45/><W92/><G63/><T101/><D101/><U98/><E108/><V41/><F44/><W24/><G88/><T80/><D35/><U117/><E117/><V39/><F39/><W109/><G109/><T20/><D30/><U57/><E127/><V85/><F41/><W89/><G89/><T72/><D20/><U37/><E37/><V70/><F70/><W23/><G5/><T12/><D72/><U36/><E36/><V54/><F54/><W38/><G38/><T58/><D69/><U34/><E32/><V65/><F65/><AGARI ba="2,1" hai="11,12,16,18,19,58,61,65,80,86,91,97,100,105" machi="65" ten="30,3900,0" yaku="7,1,52,1,54,1" doraHai="4" who="0" fromWho="2" sc="170,55,368,0,92,-45,360,0" owari="225,-17.0,368,46.0,47,-45.0,360,16.0" /></mjloggm>