<mjloggm ver="2.3"><GO type="97" lobby="0"/><UN n0="%E3%81%93%E3%82%8C%E3%81%99%E3%81%A6" n1="%42%52%45%45%56" n2="%E3%81%BE%E3%81%84%E3%81%A9%E3%81%82%E3%82%8A%EF%BD%9E" n3="%E3%82%A6%E3%83%AB%E3%83%88%E3%83%A9%E7%AB%8B%E7%9B%B4" dan="15,15,14,14" rate="1979.86,1961.06,1985.67,1922.03" sx="F,M,M,M"/><TAIKYOKU oya="0"/><INIT seed="0,0,0,0,0,112" ten="250,250,250,250" oya="0" hai0="26,8,65,50,21,43,19,117,34,75,83,81,44" hai1="97,94,133,47,59,108,92,88,25,85,99,68,87" hai2="0,118,1,55,78,32,20,58,38,12,122,11,27" hai3="116,16,130,5,24,103,115,121,100,134,104,18,96"/><T36/><D117/><U23/><E68/><V37/><F122/><W31/><G115/><T74/><D34/><U51/><E133/><V52/><F32/><W10/><G134/><T132/><D132/><U66/><E108/><V110/><F110/><W70/><G121/><T109/><D109/><U80/><E80/><V45/><F78/><W40/><G130/><T113/><D113/><U84/><E59/><V61/><F38/><W86/><G116/><T102/><D65/><U42/><E66/><V62/><F118/><W54/><G103/><T120/><D120/><U39/><E39/><V126/><F126/><W63/><G40/><T9/><D102/><N who="1" m="60711" /><E85/><V90/><F90/><W129/><G86/><T35/><D35/><U29/><AGARI ba="0,0" hai="23,25,29,42,47,51,84,87,88,94,99" m="60711" machi="29" ten="30,2000,0" yaku="8,1,54,1" doraHai="112" who="1" fromWho="1" sc="250,-10,250,20,250,-5,250,-5" /><INIT seed="1,0,0,3,1,104" ten="240,270,245,245" oya="1" hai0="7,30,127,67,118,55,5,106,45,80,122,8,0" hai1="134,95,22,29,9,62,32,59,84,111,97,49,58" hai2="38,90,3,16,71,65,19,100,85,83,87,25,89" hai3="86,6,28,116,66,72,131,125,57,48,15,64,61"/><U123/><E123/><V121/><F38/><W46/><G116/><T40/><D118/><U93/><E32/><V31/><F3/><W101/><G125/><T47/><D127/><U33/><E33/><V96/><F121/><W109/><G131/><T75/><D122/><U119/><E119/><V69/><F65/><W36/><G36/><T54/><D106/><U108/><E134/><V115/><F71/><W4/><G72/><T129/><D129/><U77/><E9/><V105/><F69/><W42/><G109/><N who="1" m="42058" /><E49/><V51/><F51/><W117/><G117/><T114/><D114/><U10/><E10/><V132/><F132/><W2/><G2/><T24/><D5/><U76/><E59/><V56/><F56/><W130/><G130/><T99/><D67/><N who="1" m="39383" /><E84/><V50/><F50/><W26/><G101/><T92/><D47/><U73/><E73/><V88/><F115/><W52/><G86/><T107/><D107/><U1/><E1/><V18/><REACH who="2" step="1"/><F87/><REACH who="2" ten="240,270,235,245" step="2"/><W94/><G64/><T11/><D0/><U120/><E120/><V78/><F78/><N who="1" m="30313" /><E97/><V124/><F124/><W20/><G66/><T17/><D99/><U103/><E103/><V37/><F37/><W63/><G63/><T39/><D39/><U21/><E21/><AGARI ba="0,1" hai="16,18,19,21,25,31,83,85,88,89,90,96,100,105" machi="21" ten="40,8000,1" yaku="1,1,54,2,53,1" doraHai="104" doraHaiUra="23" who="2" fromWho="1" sc="240,0,270,-80,235,90,245,0" /><INIT seed="2,0,0,4,3,55" ten="240,190,325,245" oya="2" hai0="89,97,59,19,121,26,5,15,130,109,10,46,27" hai1="64,132,52,135,122,12,48,125,118,112,124,38,99" hai2="23,93,98,21,25,43,85,81,3,28,29,18,57" hai3="24,120,34,74,6,53,83,45,101,67,65,117,126"/><V49/><F3/><W108/><G120/><T4/><D121/><U128/><E122/><V37/><F37/><W42/><G117/><T31/><D109/><U86/><E99/><V100/><F43/><W70/><G70/><T16/><D130/><U8/><E118/><V63/><F49/><W123/><G123/><T113/><D113/><U14/><E38/><V78/><F23/><W80/><G108/><T95/><D46/><N who="1" m="27671" /><E112/><V72/><REACH who="2" step="1"/><F72/><REACH who="2" ten="240,190,315,245" step="2"/><W22/><G74/><T87/><D5/><N who="1" m="3087" /><E128/><V60/><F60/><W114/><G114/><T77/><D31/><U2/><E2/><V103/><F103/><W110/><G110/><T82/><D4/><U47/><E125/><V104/><F104/><W11/><G126/><T102/><D19/><U56/><E124/><V75/><F75/><W20/><G34/><T131/><D131/><U33/><E33/><V39/><F39/><W69/><G42/><T50/><D102/><U62/><E132/><V58/><F58/><W35/><G101/><T119/><D119/><U91/><E135/><V79/><F79/><W115/><G115/><T51/><D51/><U133/><E133/><V105/><F105/><W7/><G35/><T88/><D77/><U0/><E0/><V44/><F44/><W94/><G22/><T127/><D127/><U54/><E47/><V106/><F106/><W17/><G45/><T1/><D1/><U32/><E32/><V111/><F111/><W9/><G20/><T84/><D50/><U40/><E40/><V71/><F71/><W90/><G69/><T96/><D59/><U73/><E73/><RYUUKYOKU ba="0,1" sc="240,15,190,-15,315,15,245,-15" hai0="10,15,16,26,27,82,84,87,88,89,95,96,97" hai2="18,21,25,28,29,57,63,78,81,85,93,98,100" /><INIT seed="2,1,1,1,3,27" ten="255,175,330,230" oya="2" hai0="135,3,112,63,129,66,133,1,65,60,117,126,61" hai1="70,29,9,48,100,31,82,68,104,128,79,22,15" hai2="46,32,10,83,41,18,109,7,5,90,26,23,74" hai3="8,77,76,108,25,71,105,121,20,54,97,86,95"/><V113/><F113/><W122/><G71/><T51/><D112/><U49/><E22/><V93/><F32/><W75/><G108/><T47/><D117/><U84/><E70/><V28/><F109/><W92/><G54/><N who="0" m="30079" /><D3/><U85/><E68/><V59/><F59/><W80/><G8/><T123/><D1/><U17/><E128/><V94/><F74/><W98/><G20/><T55/><D123/><U111/><E111/><V87/><F18/><W24/><G24/><T50/><D129/><U78/><E100/><V14/><REACH who="2" step="1"/><F5/><REACH who="2" ten="255,175,320,230" step="2"/><W120/><G25/><T36/><D126/><U134/><E134/><N who="0" m="51209" /><D36/><AGARI ba="1,2" hai="7,10,14,23,26,28,36,41,46,83,87,90,93,94" machi="36" ten="30,5800,0" yaku="1,1,7,1,52,1,53,0" doraHai="27" doraHaiUra="45" who="2" fromWho="0" sc="255,-61,175,0,320,81,230,0" /><INIT seed="2,2,0,2,3,78" ten="194,175,401,230" oya="2" hai0="38,92,39,69,59,83,68,90,109,28,37,98,75" hai1="65,10,118,5,62,1,108,18,44,82,11,125,127" hai2="26,61,66,111,131,27,47,40,132,45,64,103,70" hai3="17,71,19,86,8,85,46,60,58,105,21,0,130"/><V51/><F132/><W102/><G130/><T115/><D115/><U43/><E118/><V106/><F106/><W134/><G134/><T32/><D109/><U76/><E108/><V57/><F103/><W6/><G71/><T4/><D4/><U72/><E18/><V128/><F26/><W14/><G102/><T12/><D12/><U99/><E99/><V74/><F27/><W52/><G105/><T15/><D15/><U97/><E97/><V36/><F74/><W54/><G19/><T122/><D122/><U23/><E23/><V42/><F111/><W25/><G0/><T135/><D135/><U55/><E55/><V79/><F79/><W9/><G9/><T41/><D41/><U20/><E20/><V116/><F116/><W3/><G3/><T53/><D28/><U121/><E11/><V24/><F24/><W63/><G46/><T104/><D32/><U56/><REACH who="1" step="1"/><E121/><REACH who="1" ten="194,165,401,230" step="2"/><V133/><F133/><W49/><G54/><T16/><D16/><U2/><E2/><V94/><F94/><W93/><G93/><T13/><D104/><U50/><AGARI ba="2,1" hai="1,5,10,43,44,50,56,62,65,72,76,82,125,127" machi="50" ten="30,7900,0" yaku="1,1,0,1,52,1,53,1" doraHai="78" doraHaiUra="35" who="1" fromWho="1" sc="194,-22,165,95,401,-41,230,-22" /><INIT seed="3,0,0,2,0,104" ten="172,260,360,208" oya="3" hai0="20,111,12,67,127,86,10,91,128,8,13,122,95" hai1="73,87,18,99,50,98,135,80,114,124,21,130,45" hai2="48,19,113,35,40,60,33,16,27,85,90,78,41" hai3="57,131,94,61,53,43,108,58,89,72,38,103,97"/><W62/><G131/><T106/><D122/><U77/><E130/><V46/><F113/><W63/><G108/><T125/><D106/><U59/><E135/><V2/><F2/><W70/><G70/><T32/><D32/><U36/><E36/><V28/><F78/><W109/><G109/><T93/><D128/><U102/><E59/><V54/><F35/><W107/><G43/><T65/><D111/><U96/><E124/><V55/><F54/><W17/><G38/><T49/><D20/><U115/><E115/><V1/><F1/><W52/><G17/><T112/><D112/><U30/><E30/><V121/><F121/><W119/><G119/><T83/><D127/><U47/><E47/><V34/><F34/><W37/><G37/><T69/><D125/><U68/><E68/><V133/><F133/><W123/><G123/><T39/><D39/><U126/><E114/><V22/><F60/><W84/><G63/><T81/><D69/><U15/><E126/><V101/><F101/><W117/><G117/><T0/><D0/><U31/><E31/><V64/><F64/><W7/><G7/><T74/><D49/><U118/><E118/><V6/><F6/><W134/><G134/><T14/><D74/><AGARI ba="0,0" hai="52,53,57,58,61,62,72,74,84,89,94,97,103,107" machi="74" ten="40,12000,1" yaku="9,1,52,2,54,1" doraHai="104" who="3" fromWho="0" sc="172,-120,260,0,360,0,208,120" /><INIT seed="3,1,0,1,4,118" ten="52,260,360,328" oya="3" hai0="45,61,9,42,11,10,82,55,109,40,70,21,128" hai1="125,114,104,110,90,132,81,102,98,6,69,86,53" hai2="68,63,72,28,120,60,135,99,133,92,2,3,43" hai3="31,58,22,52,126,131,97,100,88,78,96,1,4"/><W67/><G78/><T38/><D109/><U85/><E69/><V87/><F72/><W130/><G126/><T107/><D107/><U124/><E6/><V105/><F120/><W113/><G113/><T57/><D21/><U16/><E53/><V26/><F87/><W25/><G67/><T84/><D128/><N who="3" m="49193" /><G100/><T46/><D70/><U50/><E50/><V15/><F15/><W77/><G77/><T49/><D38/><U36/><E36/><V44/><F60/><N who="3" m="35911" /><G88/><T48/><D84/><U121/><E110/><V47/><F47/><W80/><G80/><T103/><D82/><U65/><E65/><N who="2" m="41023" /><F92/><W129/><N who="3" m="49201" /><W23/><DORA hai="73" /><G23/><T62/><D103/><U7/><E7/><V32/><F99/><W123/><G123/><T108/><D108/><U101/><E114/><V106/><F105/><W79/><G79/><T95/><D10/><AGARI ba="1,0" hai="1,4,10,22,25,31,96,97" m="35911,49201" machi="10" ten="40,3900,0" yaku="19,1,54,1" doraHai="118,73" who="3" fromWho="0" sc="52,-42,260,0,360,0,328,42" owari="10,-49.0,260,-14.0,360,16.0,370,47.0" /></mjloggm>