<mjloggm ver="2.3"><GO type="97" lobby="0"/><UN n0="%73%61%6B%75%72%61%E2%98%86" n1="%E3%82%8B%E3%82%93%28%70%61%66%65%29" n2="%E3%82%A6%E3%83%AB%E3%83%88%E3%83%A9%E7%AB%8B%E7%9B%B4" n3="%61%6F%79%61%67%69%39%36" dan="13,14,14,13" rate="1924.32,1891.86,1935.16,1909.02" sx="M,M,M,M"/><TAIKYOKU oya="0"/><INIT seed="0,0,0,0,4,90" ten="250,250,250,250" oya="0" hai0="70,14,32,120,19,44,103,53,92,79,30,34,131" hai1="80,40,73,23,21,122,81,5,135,115,45,104,46" hai2="91,100,35,59,63,124,119,57,0,6,65,33,55" hai3="107,99,75,62,10,108,117,113,29,109,129,20,114"/><T72/><D120/><U60/><E122/><V123/><F123/><W36/><G36/><T66/><D70/><U54/><E115/><N who="3" m="44042" /><G62/><T69/><D79/><U86/><E104/><V17/><F119/><W3/><G75/><T128/><D72/><U39/><E135/><V76/><F124/><W96/><G117/><T82/><D30/><U37/><E5/><V84/><F76/><W51/><G51/><N who="0" m="28903" /><D82/><U89/><E54/><V25/><F100/><W61/><G61/><T116/><D66/><U8/><E60/><V64/><F6/><N who="3" m="1375" /><G107/><T43/><D43/><U15/><E39/><V126/><F0/><W83/><G83/><T97/><D69/><U38/><E80/><V68/><F68/><W26/><G129/><N who="0" m="49739" /><D116/><U67/><E67/><V88/><F126/><W105/><G105/><T101/><D101/><U41/><E73/><V127/><F127/><W42/><G42/><T111/><D111/><AGARI ba="0,0" hai="20,26,29,96,99,108,109,111" m="1375,44042" machi="111" ten="30,1000,0" yaku="14,1" doraHai="90" who="3" fromWho="0" sc="250,-10,250,0,250,0,250,10" /><INIT seed="1,0,0,3,3,83" ten="240,250,250,260" oya="1" hai0="58,94,101,57,73,76,15,53,9,62,85,67,124" hai1="92,109,54,41,64,37,47,63,22,33,66,126,7" hai2="39,42,87,1,133,16,102,20,121,78,132,95,86" hai3="97,44,21,130,114,127,111,82,61,51,5,108,72"/><U45/><E33/><V69/><F69/><W68/><G114/><T71/><D124/><U123/><E123/><V3/><F121/><W38/><G5/><T4/><D73/><U104/><E104/><V13/><F42/><W128/><G97/><T125/><D125/><U36/><E7/><V29/><F39/><W31/><G21/><T134/><D134/><N who="2" m="51818" /><F29/><W12/><G12/><T65/><D71/><U46/><E22/><V110/><F110/><N who="3" m="42027" /><G31/><T79/><D65/><U112/><E109/><V80/><F102/><W43/><G82/><T55/><D67/><U18/><E112/><V0/><F95/><W99/><G99/><T81/><D101/><U35/><E35/><V59/><F59/><W119/><G72/><AGARI ba="0,0" hai="0,1,3,13,16,20,72,78,80,86,87" m="51818" machi="72" ten="40,8000,1" yaku="20,1,52,2,54,1" doraHai="83" who="2" fromWho="3" sc="240,0,250,0,250,80,260,-80" /><INIT seed="2,0,0,3,1,14" ten="240,250,330,180" oya="2" hai0="75,49,77,83,34,8,35,128,91,5,19,133,44" hai1="123,106,99,103,41,97,121,48,72,22,116,58,135" hai2="30,21,36,104,20,56,50,132,60,1,84,126,110" hai3="89,38,32,11,40,25,42,94,59,10,80,120,119"/><V114/><F104/><W105/><G105/><T6/><D128/><U24/><E116/><V17/><F36/><W70/><G120/><T68/><D68/><U0/><E0/><V47/><F1/><W78/><G119/><T85/><D133/><U67/><E135/><V46/><F114/><W71/><G32/><T88/><D91/><U111/><E72/><V31/><F132/><W108/><G108/><T102/><D6/><U7/><E7/><V124/><F110/><W37/><G25/><T43/><D102/><U39/><E39/><V66/><F84/><W101/><G101/><T27/><D5/><U127/><E127/><N who="2" m="48683" /><F21/><W134/><G134/><T12/><REACH who="0" step="1"/><D27/><REACH who="0" ten="230,250,330,180" step="2"/><U112/><E111/><V61/><F61/><W125/><G125/><T65/><D65/><U109/><E67/><V55/><F47/><W93/><G78/><T92/><AGARI ba="0,1" hai="8,12,19,34,35,43,44,49,75,77,83,85,88,92" machi="92" ten="20,8000,1" yaku="1,1,0,1,7,1,52,1,54,1,53,0" doraHai="14" doraHaiUra="122" who="0" fromWho="0" sc="230,90,250,-20,330,-40,180,-20" /><INIT seed="3,0,0,0,2,135" ten="320,230,290,160" oya="3" hai0="98,16,109,27,2,132,108,80,105,26,121,33,102" hai1="29,18,15,104,7,37,25,129,3,5,14,70,72" hai2="125,22,31,53,28,94,123,38,113,117,82,30,116" hai3="97,42,69,8,41,63,40,128,43,126,51,124,23"/><W89/><G23/><N who="0" m="13671" /><D2/><U55/><E70/><V127/><F38/><W130/><G8/><T61/><D80/><U120/><E37/><V62/><F94/><N who="3" m="56527" /><G63/><T92/><D121/><U74/><E55/><V131/><F113/><W85/><G85/><T20/><D132/><U9/><E104/><V84/><F22/><W134/><G69/><T115/><D33/><U12/><E74/><V95/><F95/><W4/><G4/><T24/><D24/><U73/><E73/><V81/><F131/><N who="3" m="50219" /><G134/><T44/><D115/><U60/><E60/><V49/><F62/><W59/><N who="3" m="10752" /><DORA hai="11" /><W91/><G91/><T122/><D61/><U75/><E129/><V103/><F103/><W10/><G10/><T39/><D39/><U133/><E133/><V65/><F123/><W6/><G6/><T99/><D122/><U68/><E68/><V78/><F65/><W90/><G90/><T35/><D102/><U77/><E75/><V93/><F93/><W101/><G101/><T76/><D92/><U67/><E67/><V46/><REACH who="2" step="1"/><F82/><REACH who="2" ten="320,230,280,160" step="2"/><W34/><G34/><T87/><D99/><U66/><E66/><V107/><F107/><W71/><G71/><T1/><D98/><U118/><E120/><V111/><F111/><W79/><G79/><T50/><D105/><U57/><E77/><V0/><F0/><W100/><G100/><T56/><D1/><U86/><E3/><V58/><F58/><W83/><G83/><N who="0" m="47591" /><D56/><U52/><E57/><V32/><F32/><W19/><G19/><N who="0" m="12703" /><D35/><U21/><E18/><V36/><F36/><W112/><G112/><T48/><D44/><RYUUKYOKU ba="0,1" sc="320,10,230,-30,280,10,160,10" hai0="48,50,108,109" hai2="28,30,31,46,49,53,78,81,84,116,117,125,127" hai3="51,59,124,126" /><INIT seed="3,1,1,2,5,29" ten="330,200,290,170" oya="3" hai0="92,88,13,65,69,50,38,8,49,98,19,60,48" hai1="35,106,97,55,132,47,23,79,3,9,131,68,63" hai2="75,94,125,32,123,85,117,99,26,89,128,58,110" hai3="87,78,2,37,107,83,84,51,27,116,102,61,112"/><W81/><G116/><T122/><REACH who="0" step="1"/><D38/><REACH who="0" ten="320,200,290,170" step="2"/><U71/><E71/><V80/><F117/><W39/><G112/><T109/><D109/><U4/><E68/><V62/><F110/><W30/><G2/><T134/><D134/><U46/><E132/><V129/><F123/><AGARI ba="1,2" hai="8,13,19,48,49,50,60,65,69,88,92,98,122,123" machi="123" ten="40,8000,1" yaku="21,2,54,1,53,1" doraHai="29" doraHaiUra="10" who="0" fromWho="2" sc="320,103,200,0,290,-83,170,0" owari="423,52.0,200,-20.0,207,1.0,170,-33.0" /></mjloggm>