<mjloggm ver="2.3"><GO type="169" lobby="0"/><UN n0="%E3%82%A6%E3%83%AB%E3%83%88%E3%83%A9%E7%AB%8B%E7%9B%B4" n1="%E3%82%A4%E3%83%8B%E3%82%A8%E3%82%B9%E3%82%BF" n2="%68%61%79%61%74%6F%E2%98%86" n3="%79%6F%6B%6F%77%61%73%68" dan="17,18,18,16" rate="2124.30,2169.97,2299.02,2026.58" sx="M,M,M,M"/><TAIKYOKU oya="0"/><INIT seed="0,0,0,0,4,36" ten="250,250,250,250" oya="0" hai0="75,19,78,71,127,98,93,60,61,47,16,83,55" hai1="130,76,117,48,18,24,113,9,37,1,49,17,12" hai2="54,125,25,59,11,77,13,68,122,108,87,126,41" hai3="56,95,7,96,129,88,45,105,81,114,26,92,67"/><T64/><D127/><N who="2" m="48650" /><F68/><W40/><G114/><T135/><D135/><U102/><E37/><V66/><F66/><W74/><G129/><T121/><D121/><U118/><E1/><V72/><F25/><W5/><G105/><T111/><D111/><U3/><E3/><V28/><F28/><W99/><G26/><T97/><D97/><U30/><E130/><V115/><F72/><W51/><G81/><T2/><D2/><U39/><E39/><V89/><F77/><W62/><REACH who="3" step="1"/><G74/><REACH who="3" ten="250,250,250,240" step="2"/><T120/><D120/><U80/><E80/><V101/><F115/><W134/><G134/><T107/><D107/><U131/><E24/><V38/><F122/><W124/><G124/><T57/><REACH who="0" step="1"/><D47/><REACH who="0" ten="240,250,250,240" step="2"/><U33/><E113/><V109/><F108/><W31/><G31/><T91/><AGARI ba="0,2" hai="16,19,55,57,60,61,64,71,75,78,83,91,93,98" machi="91" ten="20,12000,1" yaku="1,1,2,1,0,1,7,1,54,1,53,0" doraHai="36" doraHaiUra="123" who="0" fromWho="0" sc="240,140,250,-40,250,-40,240,-40" /><INIT seed="0,1,0,2,0,104" ten="380,210,210,200" oya="0" hai0="100,132,36,17,124,62,66,42,20,88,99,34,7" hai1="122,51,21,113,29,64,130,24,59,127,11,25,33" hai2="4,102,96,83,22,41,116,75,94,123,95,63,91" hai3="129,60,47,98,49,13,97,14,48,50,55,81,86"/><T65/><D34/><U16/><E122/><V44/><F4/><W30/><G129/><T70/><D124/><U133/><E127/><V35/><F35/><W108/><G108/><T39/><D132/><U135/><E64/><V105/><F116/><W53/><G30/><T72/><D7/><U67/><E67/><V80/><F63/><W90/><G60/><T84/><D72/><U46/><E59/><V82/><F22/><W12/><REACH who="3" step="1"/><G50/><REACH who="3" ten="380,210,210,190" step="2"/><T61/><D61/><U71/><E130/><V110/><F110/><W78/><G78/><T114/><D66/><U58/><E51/><V2/><F123/><W9/><G9/><T57/><D70/><U109/><E71/><V1/><F1/><W115/><G115/><T87/><D114/><U52/><E109/><V26/><F2/><W85/><G85/><T68/><D68/><U43/><E113/><V117/><F117/><W107/><G107/><T40/><D87/><U10/><E10/><V45/><F105/><W56/><AGARI ba="1,1" hai="12,13,14,47,48,49,53,55,56,81,86,90,97,98" machi="56" ten="30,4000,0" yaku="1,1,0,1,8,1,53,0" doraHai="104" doraHaiUra="126" who="3" fromWho="3" sc="380,-21,210,-11,210,-11,190,53" /><INIT seed="1,0,0,2,3,33" ten="359,199,199,243" oya="1" hai0="35,2,11,29,43,32,22,37,44,50,55,41,65" hai1="26,15,80,68,54,18,118,73,77,131,82,126,95" hai2="74,27,134,91,83,128,117,84,4,51,119,87,108" hai3="6,1,106,24,129,70,49,85,116,42,86,30,66"/><U20/><E118/><V109/><F4/><W100/><G116/><T28/><D43/><U112/><E112/><V125/><F27/><W62/><G129/><T88/><D65/><U94/><E68/><V69/><F51/><W53/><G42/><T13/><D29/><U0/><E131/><V98/><F69/><W97/><G6/><T56/><D2/><U48/><E0/><V39/><F39/><W132/><G132/><T8/><D8/><U7/><E126/><V34/><F34/><N who="3" m="20807" /><G1/><T36/><D36/><U71/><E71/><V21/><F21/><W47/><AGARI ba="0,0" hai="47,49,53,62,66,70,85,86,97,100,106" m="20807" machi="47" ten="30,1100,0" yaku="25,1" doraHai="33" who="3" fromWho="3" sc="359,-3,199,-5,199,-3,243,11" /><INIT seed="2,0,0,0,5,95" ten="356,194,196,254" oya="2" hai0="125,116,63,13,19,50,56,118,42,44,73,128,62" hai1="132,45,6,77,4,60,33,129,34,64,86,14,38" hai2="52,69,12,105,49,79,67,115,47,102,25,8,127" hai3="81,68,2,104,9,66,20,35,126,36,28,22,99"/><V11/><F115/><W21/><G36/><T71/><D73/><U5/><E132/><V3/><F127/><W85/><G126/><T117/><D125/><U112/><E112/><V121/><F121/><W23/><G68/><T76/><D76/><U82/><E129/><V94/><F105/><W84/><G66/><N who="0" m="41439" /><D13/><U93/><E14/><V29/><F79/><W114/><G114/><T48/><D19/><U78/><E78/><V24/><F3/><W106/><G35/><T113/><D113/><U15/><E15/><V110/><F110/><W135/><G135/><T27/><D27/><U51/><E38/><V130/><F130/><W32/><G32/><T123/><D123/><U57/><REACH who="1" step="1"/><E93/><REACH who="1" ten="356,184,196,254" step="2"/><V41/><F12/><W61/><G2/><T109/><D128/><U88/><E88/><V16/><F11/><W30/><G9/><T131/><D131/><U43/><AGARI ba="0,1" hai="4,5,6,33,34,43,45,51,57,60,64,77,82,86" machi="43" ten="30,4000,0" yaku="1,1,0,1,53,1" doraHai="95" doraHaiUra="83" who="1" fromWho="1" sc="356,-10,184,50,196,-20,254,-10" /><INIT seed="3,0,0,5,1,69" ten="346,234,176,244" oya="3" hai0="115,5,125,76,104,109,44,130,56,49,3,22,12" hai1="89,18,45,102,111,106,84,116,113,29,26,73,14" hai2="62,90,80,35,66,60,128,71,72,86,61,53,108" hai3="50,99,120,2,133,101,42,7,36,83,135,47,52"/><W63/><G120/><T110/><D104/><U70/><E113/><V134/><F35/><W75/><G2/><T98/><D3/><U79/><E70/><V4/><F128/><W64/><G7/><T28/><D130/><U58/><E111/><V13/><F108/><N who="0" m="41578" /><D125/><U21/><E116/><V127/><F127/><W10/><G10/><T117/><D117/><U65/><E73/><V91/><F134/><N who="3" m="51211" /><G75/><T132/><D132/><U34/><E79/><V17/><F72/><W0/><G0/><T19/><D28/><U124/><E124/><V23/><F4/><W51/><G83/><T92/><D5/><U54/><E65/><V48/><F90/><W96/><G64/><T121/><D76/><U57/><E102/><V11/><REACH who="2" step="1"/><F23/><REACH who="2" ten="346,234,166,244" step="2"/><W78/><G78/><T6/><D6/><U20/><E34/><V93/><F93/><N who="3" m="58511" /><G99/><T81/><D81/><N who="1" m="49295" /><E106/><V68/><F68/><W37/><G63/><T41/><D115/><U114/><E114/><V122/><F122/><W118/><G118/><T30/><D121/><U107/><E107/><V95/><F95/><W126/><G126/><T31/><D92/><U129/><E129/><V131/><F131/><W112/><G112/><T8/><D98/><U1/><E1/><V59/><AGARI ba="0,1" hai="11,13,17,48,53,59,60,61,62,66,71,80,86,91" machi="59" ten="20,2700,0" yaku="1,1,0,1,7,1,53,0" doraHai="69" doraHaiUra="32" who="2" fromWho="2" sc="346,-7,234,-7,166,37,244,-13" /><INIT seed="4,0,0,3,4,90" ten="339,227,203,231" oya="0" hai0="119,61,69,35,107,24,118,117,54,91,38,106,47" hai1="53,108,111,41,112,64,93,60,86,15,114,77,49" hai2="4,127,100,6,68,103,96,45,22,128,125,76,81" hai3="74,72,98,32,52,39,3,135,130,28,115,84,124"/><T1/><D1/><U10/><E77/><V36/><F68/><W73/><G39/><T104/><D24/><U70/><E15/><V87/><F22/><W7/><G115/><N who="1" m="44074" /><E10/><V17/><F17/><W116/><G116/><T134/><D134/><U9/><E9/><V71/><F71/><W88/><G135/><T50/><D35/><U85/><E41/><V33/><F33/><W95/><G124/><N who="2" m="47689" /><F128/><W40/><G40/><T82/><D38/><U109/><E93/><N who="2" m="58383" /><F103/><W27/><G130/><T30/><D30/><U113/><N who="1" m="44082" /><U34/><DORA hai="66" /><E34/><V102/><F102/><W8/><REACH who="3" step="1"/><G52/><REACH who="3" ten="339,227,203,221" step="2"/><T42/><D54/><U14/><E111/><V25/><F36/><W99/><AGARI ba="0,1" hai="3,7,8,27,28,32,72,73,74,84,88,95,98,99" machi="99" ten="40,8000,1" yaku="1,1,2,1,0,1,52,1,54,1,53,0" doraHai="90,66" doraHaiUra="37,16" who="3" fromWho="3" sc="339,-40,227,-20,203,-20,221,90" /><INIT seed="5,0,0,1,5,23" ten="299,207,183,311" oya="1" hai0="51,44,29,130,49,86,105,132,83,39,124,45,63" hai1="0,32,113,70,72,103,100,6,120,13,74,8,58" hai2="62,55,108,73,67,134,19,90,37,101,127,36,41" hai3="31,118,33,110,38,99,80,92,125,60,64,78,98"/><U75/><E70/><V10/><F108/><W26/><G110/><T88/><D105/><U21/><E120/><V81/><F101/><W59/><G38/><T16/><D124/><U14/><E32/><V71/><F127/><W9/><G125/><T43/><D130/><U94/><E113/><V61/><F134/><W119/><G9/><T25/><D132/><U76/><E76/><V68/><F90/><W54/><G54/><T97/><D97/><U96/><E100/><V2/><F19/><W87/><G92/><T53/><D63/><U122/><E122/><V104/><F104/><W11/><G11/><T82/><D39/><U3/><REACH who="1" step="1"/><E58/><REACH who="1" ten="299,197,183,311" step="2"/><V84/><F71/><W93/><G33/><T17/><D82/><U123/><E123/><V129/><F81/><W65/><G80/><T77/><D77/><U18/><AGARI ba="0,1" hai="0,3,6,8,13,14,18,21,72,74,75,94,96,103" machi="18" ten="40,7800,0" yaku="1,1,0,1,53,1" doraHai="23" doraHaiUra="15" who="1" fromWho="1" sc="299,-26,197,88,183,-26,311,-26" /><INIT seed="5,1,0,2,1,70" ten="273,285,157,285" oya="1" hai0="124,90,48,75,51,119,21,23,131,135,81,17,4" hai1="120,110,11,117,122,77,53,6,39,95,94,101,33" hai2="14,72,7,41,26,16,43,27,89,79,54,100,2" hai3="59,98,13,85,116,97,93,82,56,25,8,62,134"/><U115/><E117/><V76/><F100/><N who="3" m="60463" /><G116/><T87/><D124/><U127/><E33/><V78/><F72/><W130/><G130/><T69/><D69/><U1/><E127/><V83/><F7/><N who="3" m="3231" /><G134/><T36/><D36/><U66/><E66/><V30/><F2/><W20/><G98/><T92/><D131/><U44/><E115/><V114/><F114/><W28/><G62/><T107/><D4/><U129/><E129/><V40/><F54/><W133/><G133/><T29/><D135/><U80/><E110/><V57/><F57/><W61/><G61/><T24/><D107/><U113/><E113/><V73/><F73/><W125/><G125/><T68/><D68/><U31/><E31/><V0/><F0/><W34/><G34/><T46/><D75/><N who="1" m="43071" /><E53/><V74/><F74/><W118/><G118/><T22/><D119/><U132/><E132/><V84/><REACH who="2" step="1"/><F30/><REACH who="2" ten="273,285,147,285" step="2"/><W64/><G64/><T112/><D112/><U9/><E101/><V123/><F123/><W12/><G59/><T104/><D29/><U63/><E122/><V52/><F52/><W86/><G56/><T19/><D104/><U121/><E121/><V128/><F128/><W50/><G50/><T99/><D48/><U15/><E120/><V10/><AGARI ba="1,1" hai="10,14,16,26,27,40,41,43,76,78,79,83,84,89" machi="10" ten="30,7900,0" yaku="1,1,0,1,8,1,54,1,53,0" doraHai="70" doraHaiUra="96" who="2" fromWho="2" sc="273,-21,285,-40,147,92,285,-21" /><INIT seed="6,0,0,0,3,62" ten="252,245,239,264" oya="2" hai0="98,4,17,120,19,23,81,124,16,14,110,18,75" hai1="129,108,68,105,76,9,113,104,88,39,69,27,61" hai2="99,109,58,83,127,49,22,86,106,66,117,118,56" hai3="25,20,87,131,115,65,78,128,125,74,28,114,52"/><V82/><F109/><W40/><G74/><T7/><D120/><U130/><E108/><V112/><F112/><N who="3" m="43051" /><G125/><T121/><D121/><U26/><E113/><V54/><F127/><W133/><G133/><T34/><D34/><U67/><E76/><V42/><F42/><W73/><G73/><T122/><D122/><U37/><E9/><V43/><F43/><W64/><G40/><T6/><D110/><U46/><E46/><V70/><F70/><W119/><G119/><T36/><D36/><N who="1" m="13899" /><E69/><V71/><F71/><W31/><G31/><T123/><D123/><U92/><E104/><V96/><F106/><W29/><G29/><T11/><D124/><U53/><E53/><V3/><F3/><W101/><G52/><T100/><D81/><U12/><E12/><V57/><F82/><N who="3" m="47575" /><G101/><T51/><D51/><U13/><E105/><V15/><F117/><W103/><G103/><T91/><D91/><U0/><E0/><V102/><F102/><W21/><G21/><T45/><D45/><U126/><E126/><V5/><F118/><W111/><G111/><T50/><D50/><U35/><E35/><V8/><F22/><W79/><G79/><T134/><D75/><U97/><E13/><V44/><REACH who="2" step="1"/><F66/><AGARI ba="0,0" hai="20,25,28,64,65,66,128,131" m="47575,43051" machi="66" ten="30,8000,1" yaku="15,1,11,1,52,3" doraHai="62" who="3" fromWho="2" sc="252,0,245,0,239,-80,264,80" /><INIT seed="7,0,0,3,1,100" ten="252,245,159,344" oya="3" hai0="93,16,6,88,130,77,135,15,13,112,51,45,96" hai1="121,19,20,81,132,4,40,83,79,47,29,58,103" hai2="87,17,117,90,24,46,26,68,118,131,14,43,32" hai3="120,113,108,9,37,55,22,33,128,101,5,72,73"/><W94/><G120/><T89/><D130/><U53/><E121/><V64/><F131/><W95/><G33/><T41/><D135/><U67/><E67/><V80/><F117/><W124/><G37/><T36/><D112/><U78/><E29/><V50/><F118/><W98/><G94/><T48/><D77/><U109/><E109/><V84/><F32/><W57/><G22/><T28/><D28/><U54/><E4/><V127/><F127/><W133/><G133/><T126/><D126/><U56/><E103/><V11/><F68/><W122/><G122/><T1/><D1/><U30/><E30/><V92/><REACH who="2" step="1"/><F64/><REACH who="2" ten="252,245,149,344" step="2"/><W75/><G124/><T27/><D6/><U12/><E132/><V134/><F134/><W44/><G128/><T62/><D36/><U10/><E78/><AGARI ba="0,1" hai="11,14,17,24,26,43,46,50,78,80,84,87,90,92" machi="78" ten="30,3900,0" yaku="1,1,7,1,8,1,53,0" doraHai="100" doraHaiUra="116" who="2" fromWho="1" sc="252,0,245,-39,149,49,344,0" owari="252,5.0,206,-19.0,198,-30.0,344,44.0" /></mjloggm>