<mjloggm ver="2.3"><GO type="41" lobby="0"/><UN n0="%E5%A4%A7%E6%A5%A0%E5%85%AC" n1="%E3%82%A6%E3%83%AB%E3%83%88%E3%83%A9%E7%AB%8B%E7%9B%B4" n2="%6A%75%67%67%33" n3="%E5%BC%81%E5%A4%A9" dan="13,15,14,15" rate="1866.16,2002.74,1991.34,1971.92" sx="M,M,M,M"/><TAIKYOKU oya="0"/><INIT seed="0,0,0,5,5,116" ten="250,250,250,250" oya="0" hai0="80,45,15,134,62,35,30,129,12,102,79,94,109" hai1="53,126,122,32,20,117,33,131,39,133,110,118,26" hai2="108,48,67,70,60,88,87,99,123,3,124,0,85" hai3="71,82,59,1,25,86,6,77,81,5,103,7,119"/><T114/><D114/><U78/><E39/><V4/><F108/><W66/><G71/><T46/><D109/><U21/><E78/><V13/><F123/><W24/><G119/><N who="1" m="45578" /><E53/><V47/><F99/><W65/><G1/><T31/><D62/><U76/><E76/><V54/><F87/><N who="3" m="48559" /><G103/><T52/><D35/><U91/><E91/><V9/><REACH who="2" step="1"/><F124/><REACH who="2" ten="250,250,240,250" step="2"/><W64/><G59/><T74/><D129/><U101/><E110/><V11/><F11/><W34/><G34/><T63/><D134/><U97/><E126/><V14/><F14/><W98/><G98/><T105/><D12/><U40/><E97/><V73/><F73/><W55/><G86/><N who="0" m="48415" /><D15/><U61/><E131/><V135/><F135/><W68/><G68/><T8/><D8/><U106/><E133/><V132/><F132/><W120/><G120/><T125/><D74/><U22/><E122/><V111/><F111/><W72/><G72/><T104/><D125/><U43/><E33/><V38/><F38/><W121/><G121/><T41/><D105/><U42/><E106/><V113/><F113/><W29/><G24/><T16/><D104/><U36/><E36/><V23/><F23/><W75/><G75/><T92/><D102/><U96/><E32/><V37/><F37/><W57/><G25/><T127/><D127/><U27/><E96/><V95/><AGARI ba="0,1" hai="0,3,4,9,13,47,48,54,60,67,70,85,88,95" machi="95" ten="20,8000,1" yaku="1,1,0,1,7,1,54,1,53,1" doraHai="116" doraHaiUra="56" who="2" fromWho="2" sc="250,-40,250,-20,240,90,250,-20" /><INIT seed="1,0,0,2,5,45" ten="210,230,330,230" oya="1" hai0="62,66,131,98,118,15,104,130,21,115,129,101,81" hai1="36,119,23,124,58,79,11,105,3,10,56,26,71" hai2="18,121,17,48,69,57,82,135,38,13,133,6,74" hai3="37,42,103,126,54,94,73,35,85,80,97,59,28"/><U4/><E105/><V106/><F38/><W7/><G126/><T67/><D118/><U102/><E71/><V75/><F69/><W107/><G7/><T5/><D115/><U93/><E36/><V32/><F32/><W19/><G37/><T8/><D62/><U43/><E119/><V114/><F121/><W77/><G42/><T83/><D21/><U33/><E33/><V16/><F106/><W86/><G86/><T112/><D112/><U2/><E124/><V64/><F82/><AGARI ba="0,0" hai="5,8,15,66,67,81,82,83,98,101,104,129,130,131" machi="82" ten="40,1300,0" yaku="19,1" doraHai="45" who="0" fromWho="2" sc="210,13,230,0,330,-13,230,0" /><INIT seed="2,0,0,4,2,77" ten="223,230,317,230" oya="2" hai0="128,56,25,109,100,49,134,36,80,6,118,103,125" hai1="104,27,5,21,79,121,0,17,124,26,22,70,71" hai2="113,95,59,11,37,32,106,108,96,97,66,86,38" hai3="112,52,1,10,131,3,4,74,57,23,48,87,31"/><V2/><F113/><W73/><G3/><T13/><D36/><U61/><E104/><V7/><F32/><W15/><G112/><T41/><D125/><U16/><E124/><V89/><F108/><W116/><G116/><T107/><D107/><U78/><E121/><V111/><F111/><W99/><G131/><T115/><D115/><U85/><E5/><V127/><F106/><W88/><G99/><T83/><D109/><U19/><E19/><V43/><F127/><W29/><G29/><T102/><D118/><U92/><E0/><V126/><F126/><W63/><G63/><T28/><D128/><U98/><E61/><V58/><F58/><W12/><G1/><T93/><D93/><U44/><E44/><V34/><F34/><W69/><G69/><T60/><D134/><U54/><E54/><V14/><F66/><W123/><G123/><T68/><D68/><U18/><E18/><V40/><F59/><W133/><G133/><T114/><D114/><U64/><E64/><V53/><F53/><W20/><G20/><N who="0" m="15399" /><D41/><N who="2" m="15946" /><F38/><W62/><G62/><T101/><N who="0" m="26112" /><DORA hai="45" /><T84/><D49/><U51/><E51/><V47/><F37/><W75/><G75/><T132/><D132/><U82/><E79/><V33/><F33/><W50/><G50/><T39/><D39/><U8/><REACH who="1" step="1"/><E8/><REACH who="1" ten="223,220,317,230" step="2"/><V81/><F47/><W91/><G31/><T129/><D129/><U105/><E105/><V117/><F117/><W30/><G30/><T72/><D60/><U55/><E55/><V46/><F46/><W65/><G52/><T119/><D119/><U110/><E110/><RYUUKYOKU ba="0,1" sc="223,-10,220,30,317,-10,230,-10" hai1="16,17,21,22,26,27,70,71,78,82,85,92,98" /><INIT seed="3,1,1,2,2,78" ten="213,250,307,220" oya="3" hai0="101,9,3,87,41,19,123,27,103,15,21,84,33" hai1="116,52,85,54,106,119,8,79,96,29,102,10,121" hai2="40,39,17,36,31,105,66,38,73,28,71,132,117" hai3="2,24,107,110,99,42,65,86,53,100,1,133,95"/><W11/><G133/><T46/><D123/><U35/><E121/><V125/><F132/><W134/><G134/><T127/><D127/><U108/><E108/><V48/><F125/><W94/><G110/><T126/><D126/><U30/><E30/><V80/><F105/><W51/><G42/><T81/><D84/><U82/><E29/><V32/><F32/><W57/><G65/><T114/><D114/><U104/><E104/><V56/><F71/><W34/><G11/><N who="1" m="4138" /><E35/><V26/><F40/><W128/><G128/><T6/><D3/><U64/><E64/><V60/><F48/><W120/><G120/><T91/><REACH who="0" step="1"/><D33/><REACH who="0" ten="203,250,307,220" step="2"/><U111/><E111/><V22/><REACH who="2" step="1"/><F117/><AGARI ba="1,2" hai="52,54,79,82,85,96,102,106,116,117,119" m="4138" machi="117" ten="30,3900,0" yaku="12,1,52,1,54,1" doraHai="78" who="1" fromWho="2" sc="203,0,250,62,307,-42,220,0" /><INIT seed="4,0,0,2,3,60" ten="203,312,265,220" oya="0" hai0="121,75,8,63,55,11,132,135,38,134,18,67,30" hai1="23,72,104,89,56,53,113,127,32,57,15,37,21" hai2="116,118,115,110,68,114,119,41,62,26,9,120,27" hai3="82,31,85,79,17,0,97,87,100,78,45,111,25"/><T90/><D121/><U35/><E104/><V36/><F9/><W10/><G111/><T42/><D75/><U50/><E37/><V69/><F27/><W130/><G130/><T54/><D30/><U22/><E72/><V74/><F26/><W84/><G78/><T129/><D129/><U44/><E127/><V102/><F102/><W71/><G71/><T106/><D106/><U52/><E113/><N who="2" m="43019" /><F74/><W51/><G0/><T14/><D8/><U47/><E89/><V13/><F13/><W4/><G4/><T98/><D42/><U103/><E103/><V101/><F101/><W3/><G3/><T73/><D38/><U86/><E86/><V124/><F124/><W58/><G58/><N who="0" m="37367" /><D73/><U49/><E15/><V70/><F120/><W88/><G79/><T107/><D107/><U24/><E24/><V20/><F20/><N who="3" m="15783" /><G97/><T83/><D98/><U95/><REACH who="1" step="1"/><E95/><REACH who="1" ten="203,302,265,220" step="2"/><V65/><F110/><W108/><G108/><T133/><D133/><U66/><E66/><V2/><F2/><W96/><G100/><T19/><D19/><U131/><E131/><V7/><F7/><W1/><G96/><T6/><D6/><U125/><E125/><V92/><F92/><W77/><G1/><T122/><D122/><U94/><E94/><V105/><F105/><W61/><G77/><T117/><D117/><U40/><E40/><V93/><F93/><W5/><G85/><AGARI ba="0,1" hai="11,14,18,54,55,83,85,90,132,134,135" m="37367" machi="85" ten="30,2900,0" yaku="20,1,52,1" doraHai="60" who="0" fromWho="3" sc="203,39,302,0,265,0,220,-29" /><INIT seed="4,1,0,4,4,52" ten="242,302,265,191" oya="0" hai0="133,32,106,44,2,55,105,97,21,42,64,8,7" hai1="113,80,126,10,41,95,12,88,124,131,58,89,0" hai2="11,117,70,79,16,83,114,100,69,102,39,59,28" hai3="67,63,104,92,50,73,132,77,5,43,130,94,76"/><T53/><D133/><U60/><E0/><V22/><F39/><W111/><G111/><T47/><D32/><U72/><E41/><V51/><F114/><W56/><G104/><T20/><D64/><U18/><E131/><V127/><F70/><W81/><G130/><T25/><D20/><U85/><E113/><V135/><F69/><W109/><G109/><T3/><D3/><U19/><E19/><V99/><F135/><W86/><G132/><T61/><D47/><U93/><E72/><V71/><F71/><W78/><G73/><T36/><D97/><U101/><E101/><V82/><F127/><N who="1" m="48681" /><E89/><V15/><F100/><W116/><G116/><T4/><D4/><U54/><AGARI ba="1,0" hai="10,12,18,54,58,60,80,85,88,93,95" m="48681" machi="54" ten="30,4000,0" yaku="18,1,52,1,54,1" doraHai="52" who="1" fromWho="1" sc="242,-21,302,43,265,-11,191,-11" /><INIT seed="5,0,0,4,3,16" ten="221,345,254,180" oya="1" hai0="54,26,76,90,81,45,80,127,1,115,28,100,87" hai1="47,42,92,36,17,46,59,31,75,82,48,11,123" hai2="19,66,110,62,133,91,9,6,69,97,2,119,33" hai3="78,72,79,125,52,94,60,21,129,117,41,96,51"/><U56/><E123/><V111/><F119/><W64/><G117/><T15/><D1/><U93/><E31/><V12/><F33/><W89/><G72/><T107/><D127/><U120/><E120/><V65/><F65/><W7/><G125/><T98/><D115/><U13/><E75/><V4/><F4/><W103/><G129/><T24/><D15/><U86/><E59/><V71/><F71/><W67/><G7/><T88/><D90/><U95/><E56/><V126/><F133/><W134/><G41/><T70/><D70/><U74/><E74/><V84/><F97/><W50/><G134/><T49/><D28/><U23/><E36/><V38/><F38/><W101/><G89/><T25/><REACH who="0" step="1"/><D76/><REACH who="0" ten="211,345,254,180" step="2"/><U130/><E130/><V114/><F126/><W112/><G112/><T131/><D131/><U122/><E122/><V10/><F114/><W124/><G124/><T116/><D116/><U39/><E11/><V32/><F32/><W132/><G132/><T83/><AGARI ba="0,1" hai="24,25,26,45,49,54,80,81,83,87,88,98,100,107" machi="83" ten="30,7900,0" yaku="1,1,0,1,54,1,53,1" doraHai="16" doraHaiUra="44" who="0" fromWho="0" sc="211,89,345,-39,254,-20,180,-20" /><INIT seed="6,0,0,2,4,135" ten="300,306,234,160" oya="2" hai0="10,105,31,14,107,59,68,56,73,132,76,95,13" hai1="101,33,94,86,37,41,23,43,111,46,70,100,44" hai2="121,74,110,15,99,40,82,38,103,112,88,83,9" hai3="123,32,3,51,58,2,34,39,109,104,16,114,106"/><V91/><F121/><W8/><G123/><T1/><D68/><U50/><E33/><V93/><F112/><W29/><G109/><T0/><D31/><U117/><E70/><V25/><F110/><W87/><G39/><T102/><D73/><U63/><E117/><V67/><F82/><W98/><G87/><T122/><D122/><U126/><E111/><V26/><F67/><W133/><G133/><T80/><D132/><U79/><E63/><V30/><F38/><W127/><G114/><T90/><D10/><U47/><E47/><V96/><F40/><W72/><G72/><T27/><D27/><U71/><E71/><V24/><F30/><W7/><G2/><T48/><D48/><U65/><E65/><V19/><REACH who="2" step="1"/><F96/><REACH who="2" ten="300,306,224,160" step="2"/><W42/><G98/><T69/><D80/><U64/><E64/><V84/><F84/><W12/><G42/><T17/><D69/><U57/><E86/><V35/><F35/><W22/><G34/><T97/><D97/><U124/><E43/><V115/><F115/><W92/><G32/><T118/><D118/><U131/><E41/><V81/><F81/><W49/><G29/><T21/><D76/><AGARI ba="0,1" hai="9,15,19,24,25,26,74,76,83,88,91,93,99,103" machi="76" ten="40,7700,0" yaku="1,1,54,1,53,1" doraHai="135" doraHaiUra="5" who="2" fromWho="0" sc="300,-77,306,0,224,87,160,0" /><INIT seed="6,1,0,3,4,2" ten="223,306,311,160" oya="2" hai0="13,33,44,3,102,15,74,114,60,129,99,69,135" hai1="36,12,134,66,64,38,23,10,123,51,31,127,28" hai2="4,6,88,70,82,103,11,32,87,18,124,27,58" hai3="131,84,63,133,83,101,56,52,67,40,79,85,97"/><V77/><F70/><W126/><G40/><T37/><D13/><U71/><E127/><V57/><F103/><W47/><G126/><T119/><D15/><U106/><E106/><V35/><F124/><W115/><G131/><T48/><D48/><U90/><E134/><V73/><F35/><W8/><G133/><T72/><D135/><U109/><E109/><V130/><F130/><W104/><G115/><T86/><D86/><U14/><E51/><V128/><F128/><W42/><G85/><T30/><D129/><U110/><E110/><V5/><F32/><W7/><G67/><N who="0" m="41191" /><D3/><U78/><E78/><V94/><REACH who="2" step="1"/><F11/><REACH who="2" ten="223,306,301,160" step="2"/><W21/><G21/><AGARI ba="1,1" hai="4,5,6,18,21,27,57,58,73,77,82,87,88,94" machi="21" ten="40,18000,2" yaku="1,1,2,1,52,3,54,1,53,0" doraHai="2" doraHaiUra="120" who="2" fromWho="3" sc="223,0,306,0,301,193,160,-183" owari="223,-18.0,306,11.0,494,59.0,-23,-52.0" /></mjloggm>