<mjloggm ver="2.3"><GO type="97" lobby="0"/><UN n0="%E3%81%AB%E3%82%83%E3%82%93%E7%BE%8E%E3%81%A1%E3%82%83%E3%82%93" n1="%6D%79%6F%67%61" n2="%6D%72%2E%64%69%67%69" n3="%E3%82%A6%E3%83%AB%E3%83%88%E3%83%A9%E7%AB%8B%E7%9B%B4" dan="15,14,13,15" rate="2114.65,1933.62,1831.01,1986.83" sx="M,M,M,M"/><TAIKYOKU oya="0"/><INIT seed="0,0,0,5,5,7" ten="250,250,250,250" oya="0" hai0="65,34,101,23,43,108,116,102,81,113,45,111,3" hai1="82,125,9,19,76,58,27,52,86,114,72,85,56" hai2="71,0,11,35,33,129,37,4,117,133,89,75,18" hai3="46,132,38,104,44,12,26,16,110,88,93,96,17"/><T77/><D34/><U47/><E125/><V13/><F71/><W2/><G2/><T107/><D116/><U50/><E114/><V97/><F75/><W100/><G110/><N who="0" m="42027" /><D113/><U59/><E27/><V87/><F37/><W78/><G132/><T28/><D65/><U105/><REACH who="1" step="1"/><E105/><REACH who="1" ten="250,240,250,250" step="2"/><V120/><F117/><W70/><G104/><T83/><D107/><U109/><E109/><V48/><F133/><W94/><G26/><N who="0" m="16479" /><D3/><U55/><E55/><V92/><F120/><W54/><G54/><T49/><D81/><U99/><E99/><V90/><F0/><W126/><G96/><T127/><D127/><U60/><E60/><V115/><F97/><W98/><G98/><T6/><D6/><U61/><E61/><V42/><F4/><W68/><G126/><T30/><D30/><U66/><E66/><V106/><F115/><W123/><G123/><T40/><D40/><U14/><AGARI ba="0,1" hai="9,14,19,47,50,52,56,58,59,72,76,82,85,86" machi="14" ten="30,8000,1" yaku="1,1,0,1,52,1,54,1,53,1" doraHai="7" doraHaiUra="51" who="1" fromWho="1" sc="250,-40,240,90,250,-20,250,-20" /><INIT seed="1,0,0,2,5,28" ten="210,330,230,230" oya="1" hai0="16,87,88,9,112,59,65,69,15,12,52,54,24" hai1="13,119,127,38,47,63,48,2,117,82,111,104,30" hai2="106,20,26,35,44,74,7,102,79,60,3,64,66" hai3="118,92,120,76,53,57,8,21,10,114,107,131,31"/><U49/><E2/><V70/><F20/><W94/><G107/><T25/><D112/><U72/><E104/><V108/><F66/><W90/><G114/><T83/><D69/><U123/><E30/><N who="2" m="19927" /><F44/><W132/><G120/><T100/><D100/><U50/><E13/><V97/><F108/><W89/><G76/><T37/><D37/><U6/><E6/><V124/><F124/><W68/><G68/><T91/><D91/><U33/><E33/><V135/><F135/><W0/><G0/><T23/><D65/><U75/><E82/><N who="2" m="45431" /><F7/><W84/><G118/><T73/><D73/><U115/><E115/><V121/><F3/><W43/><G131/><T125/><D125/><U133/><E127/><V55/><F55/><N who="0" m="21034" /><D59/><U18/><E133/><V77/><F77/><W134/><G43/><T95/><D95/><U32/><E75/><V113/><F113/><W126/><G126/><T128/><D128/><U4/><E72/><V34/><F34/><W81/><G132/><T56/><D56/><U80/><E32/><V105/><F105/><W42/><G42/><T116/><D116/><U11/><E80/><V85/><F85/><W40/><G40/><T1/><D1/><U22/><E119/><V61/><F61/><W58/><G134/><T27/><D15/><N who="1" m="5607" /><E117/><V109/><F109/><W36/><G81/><T101/><D101/><U129/><E111/><V93/><F93/><W19/><G92/><T78/><D78/><U62/><E129/><V46/><F46/><W51/><G94/><T122/><D122/><AGARI ba="0,0" hai="60,64,70,97,102,106,121,122" m="45431,19927" machi="122" ten="30,3900,0" yaku="25,1,23,1,52,1" doraHai="28" who="2" fromWho="0" sc="210,-39,330,0,230,39,230,0" /><INIT seed="2,0,0,0,5,13" ten="171,330,269,230" oya="2" hai0="66,101,27,11,131,63,97,88,48,28,74,17,130" hai1="86,51,67,25,20,47,103,73,15,30,56,126,110" hai2="33,100,125,35,116,2,4,57,123,5,81,24,60" hai3="119,41,6,135,102,46,49,12,118,77,134,129,36"/><V83/><F123/><W1/><G1/><T29/><D74/><U9/><E73/><V75/><F116/><W22/><G77/><T93/><D48/><U7/><E126/><V65/><F100/><W84/><G102/><T44/><D44/><U72/><E72/><V127/><F2/><W107/><G107/><T112/><D112/><U79/><E110/><V114/><F114/><W38/><G84/><T124/><D124/><N who="2" m="47690" /><F4/><W108/><G6/><T0/><D101/><U128/><E128/><N who="0" m="49193" /><D0/><U3/><E3/><V64/><F5/><W71/><G129/><T14/><D27/><U59/><E103/><V121/><F65/><W132/><G108/><T61/><D61/><U53/><E67/><V50/><F50/><W42/><G71/><AGARI ba="0,0" hai="11,14,17,28,29,63,66,71,88,93,97" m="49193" machi="71" ten="30,3900,0" yaku="19,1,52,1,54,1" doraHai="13" who="0" fromWho="3" sc="171,39,330,0,269,0,230,-39" /><INIT seed="3,0,0,3,0,25" ten="210,330,269,191" oya="3" hai0="56,49,89,39,40,128,73,29,20,7,101,69,65" hai1="79,42,51,14,17,123,117,122,12,126,0,90,100" hai2="96,106,43,114,2,87,48,74,10,71,93,83,50" hai3="99,3,45,9,64,112,67,91,127,59,78,23,119"/><W75/><G112/><T118/><D73/><U131/><E0/><V130/><F71/><W72/><G119/><T111/><D118/><U28/><E117/><V95/><F95/><N who="3" m="56831" /><G75/><T15/><D111/><U33/><E100/><N who="2" m="62727" /><F43/><W108/><G72/><T110/><D128/><U41/><E131/><V34/><F34/><W22/><G3/><T70/><D110/><U94/><E79/><N who="2" m="44535" /><F130/><W26/><G127/><T44/><D101/><U19/><E126/><V52/><F52/><W107/><G107/><T35/><D35/><U16/><E123/><V37/><F37/><W98/><G108/><T97/><D70/><U60/><E122/><V125/><F125/><W135/><G135/><T38/><D38/><U76/><E76/><V58/><F58/><W113/><G113/><T24/><D69/><U134/><E60/><V92/><F92/><W103/><G78/><T105/><D39/><U32/><E134/><V4/><F114/><W27/><G45/><T68/><D68/><U57/><E33/><V61/><F61/><N who="3" m="37951" /><G67/><T47/><D47/><U88/><E32/><V66/><F66/><W8/><G98/><T102/><D65/><U81/><E81/><V109/><F109/><W5/><G103/><T120/><D120/><U1/><E1/><V11/><F11/><N who="3" m="4171" /><G5/><T77/><D56/><U13/><E57/><V121/><F121/><W55/><G55/><T85/><D7/><U63/><E63/><V30/><F2/><W132/><G132/><T53/><D53/><U115/><E115/><V6/><F6/><W62/><G62/><T18/><D40/><U116/><E42/><RYUUKYOKU ba="0,0" sc="210,-10,330,-10,269,-10,191,30" hai3="22,23,26,27" /><INIT seed="3,1,0,5,5,115" ten="200,320,259,221" oya="3" hai0="83,104,69,20,55,61,58,35,8,65,97,111,0" hai1="85,131,80,2,19,5,59,30,71,24,12,90,93" hai2="7,37,40,9,36,16,99,82,92,53,121,25,49" hai3="41,6,135,95,74,67,44,81,10,132,96,63,127"/><W1/><G127/><T91/><D111/><U102/><E71/><V52/><F121/><W28/><G28/><T133/><D35/><U4/><E131/><V64/><F64/><W109/><G109/><T112/><D133/><U77/><E2/><V54/><F82/><W120/><G120/><T123/><D123/><U17/><E102/><V103/><F40/><W68/><G95/><T38/><D112/><U110/><E110/><V43/><F43/><W89/><G96/><T107/><D38/><U78/><E78/><V31/><F49/><W118/><G89/><T122/><D122/><U113/><E113/><V46/><F46/><W45/><G45/><T33/><D33/><U101/><E101/><V26/><F26/><W32/><G32/><T47/><D69/><U51/><E19/><V94/><F94/><W15/><G15/><T42/><D20/><N who="1" m="15623" /><E59/><V29/><F37/><W13/><G13/><T105/><D65/><U14/><E51/><V3/><REACH who="2" step="1"/><F36/><REACH who="2" ten="200,320,249,221" step="2"/><W129/><G44/><T48/><D83/><U79/><E80/><V116/><F116/><W124/><G118/><T70/><D70/><U60/><E79/><V34/><F34/><W23/><G41/><T62/><D62/><U27/><E77/><V86/><F86/><W11/><G81/><T73/><D73/><U125/><E60/><V100/><F100/><W128/><G74/><T18/><D97/><U114/><E114/><V117/><F117/><W119/><G119/><T72/><D72/><U39/><E39/><V134/><F134/><W76/><G76/><T75/><D75/><U50/><E50/><RYUUKYOKU ba="1,1" sc="200,-10,320,-10,249,30,221,-10" hai2="3,7,9,16,25,29,31,52,53,54,92,99,103" owari="190,-31.0,320,42.0,279,8.0,211,-19.0" /></mjloggm>