<mjloggm ver="2.3"><GO type="97" lobby="0"/><UN n0="%E9%BA%BB%E9%9B%80%E3%81%AF%E3%83%91%E3%83%AF%E3%83%BC%E3%81%A0%E3%81%9C" n1="%53%6F%6E%6F%74%69%74%65" n2="%E3%82%A6%E3%83%AB%E3%83%88%E3%83%A9%E7%AB%8B%E7%9B%B4" n3="%E5%8C%97%E6%B0%B7" dan="13,14,15,13" rate="1846.86,1950.45,1972.50,1947.09" sx="F,M,M,M"/><TAIKYOKU oya="0"/><INIT seed="0,0,0,4,0,72" ten="250,250,250,250" oya="0" hai0="95,92,6,112,47,0,36,9,76,111,127,103,54" hai1="60,81,65,121,14,40,118,132,10,49,110,38,100" hai2="16,87,85,104,107,96,130,101,88,89,37,27,117" hai3="108,58,134,2,43,84,30,114,51,63,131,128,119"/><T93/><D112/><U11/><E121/><V91/><F37/><W56/><G114/><T53/><D127/><U15/><E118/><V45/><F117/><W115/><G115/><T83/><D103/><U7/><E38/><V98/><F45/><N who="3" m="26047" /><G119/><T94/><D111/><U82/><E110/><V19/><F130/><N who="3" m="49707" /><G108/><T71/><D71/><U120/><E120/><V116/><F116/><W61/><G2/><T42/><N who="0" m="24064" /><DORA hai="77" /><T68/><REACH who="0" step="1"/><D68/><REACH who="0" ten="240,250,250,250" step="2"/><U17/><E132/><V32/><F101/><W62/><G134/><T41/><D41/><U105/><E100/><V24/><F98/><W69/><G69/><T29/><D29/><U33/><E105/><V97/><F96/><W8/><G30/><T34/><D34/><U59/><E33/><V4/><F97/><W78/><G8/><T50/><D50/><U79/><E40/><V23/><F32/><W74/><G74/><AGARI ba="0,1" hai="0,6,9,36,42,47,53,54,74,76,83" m="24064" machi="74" ten="50,12000,1" yaku="1,1,25,2,52,2,53,0" doraHai="72,77" doraHaiUra="25,109" who="0" fromWho="3" sc="240,130,250,0,250,0,250,-120" /><INIT seed="0,1,0,0,5,63" ten="370,250,250,130" oya="0" hai0="86,90,77,53,116,5,28,111,69,114,64,43,73" hai1="46,60,96,65,42,18,41,39,52,80,135,97,62" hai2="3,92,99,74,129,93,95,34,29,2,103,91,107" hai3="57,88,13,115,37,123,127,47,48,11,128,120,6"/><T16/><D116/><U31/><E31/><V67/><F129/><W17/><G115/><T7/><D43/><U8/><E135/><V22/><F74/><W102/><G128/><T58/><D114/><U66/><E80/><V19/><F91/><W104/><G127/><T131/><D131/><U59/><E41/><V30/><F30/><W121/><G37/><T106/><D106/><U82/><E82/><V61/><F29/><W55/><G104/><T10/><D28/><U27/><E62/><V109/><F109/><W12/><G102/><T124/><D124/><U100/><E97/><V108/><F108/><W119/><G119/><T40/><D40/><U84/><E84/><V75/><F75/><W21/><REACH who="3" step="1"/><G47/><REACH who="3" ten="370,250,250,120" step="2"/><T1/><D111/><U94/><E39/><V44/><F44/><W76/><G76/><T33/><D77/><U83/><E46/><V112/><F112/><W15/><G15/><T38/><D38/><U35/><E42/><V23/><F34/><W25/><G25/><T68/><D33/><U122/><E35/><V49/><F3/><W54/><G54/><T110/><D53/><U45/><E45/><V72/><F2/><W117/><G117/><T126/><D1/><U71/><E27/><V134/><F107/><W118/><G118/><T89/><D126/><U50/><E100/><V14/><F103/><W113/><G113/><T36/><D36/><U98/><E52/><V0/><F0/><W20/><G20/><T70/><D110/><U81/><E81/><V24/><F23/><W56/><G56/><T130/><D58/><U125/><E59/><RYUUKYOKU ba="1,1" sc="370,-10,250,-10,250,-10,120,30" hai3="6,11,12,13,17,21,48,55,57,88,120,121,123" /><INIT seed="1,2,1,0,5,37" ten="360,240,240,150" oya="1" hai0="79,20,62,72,135,106,60,133,33,84,40,65,5" hai1="80,57,90,88,110,89,66,93,75,56,16,74,104" hai2="0,3,134,12,63,119,27,101,85,86,91,47,18" hai3="129,111,100,52,112,95,25,105,7,97,9,78,14"/><U21/><E104/><V103/><F119/><W41/><G112/><T127/><D106/><U87/><E110/><V30/><F134/><N who="0" m="51210" /><D72/><U128/><E128/><V44/><F63/><W55/><G111/><T48/><D33/><U70/><E70/><V2/><F27/><W83/><G129/><T82/><D5/><U117/><E117/><V99/><F30/><W26/><G105/><T125/><D20/><U28/><E28/><V71/><F71/><W124/><G124/><N who="0" m="47691" /><D65/><U39/><E39/><V51/><F99/><W81/><G83/><T102/><D102/><U22/><E75/><V76/><F76/><W29/><G41/><T131/><D131/><U68/><E74/><V8/><F101/><W64/><G64/><T73/><D84/><N who="1" m="52359" /><E68/><V31/><F103/><W123/><G123/><T121/><D121/><U92/><E66/><V24/><F86/><W10/><G9/><T53/><D53/><N who="3" m="20553" /><G29/><T11/><D11/><U42/><E42/><V115/><F115/><W116/><G116/><T61/><D61/><U50/><E22/><V32/><REACH who="2" step="1"/><F51/><REACH who="2" ten="360,240,230,150" step="2"/><W54/><G78/><T17/><D48/><U126/><E50/><V109/><F109/><W122/><G122/><T120/><D120/><U19/><E126/><V69/><F69/><W49/><G81/><AGARI ba="2,2" hai="0,2,3,8,12,18,24,31,32,44,47,81,85,91" machi="81" ten="40,1300,0" yaku="1,1,53,0" doraHai="37" doraHaiUra="59" who="2" fromWho="3" sc="360,0,240,0,230,39,150,-19" /><INIT seed="2,0,0,3,1,32" ten="360,240,269,131" oya="2" hai0="84,5,56,26,97,134,18,6,23,121,87,41,125" hai1="16,43,42,15,30,61,13,7,82,72,119,60,28" hai2="78,1,83,62,64,93,107,132,50,24,12,90,128" hai3="49,109,57,22,71,68,106,100,8,110,127,40,53"/><V81/><F107/><W35/><G35/><T59/><D121/><U33/><E33/><V66/><F1/><W70/><G22/><T98/><D134/><U86/><E72/><V27/><F132/><W111/><G8/><T115/><D115/><U37/><E37/><V46/><F12/><W65/><G100/><T135/><D41/><N who="1" m="15371" /><E119/><V45/><F128/><W17/><G17/><T67/><D125/><U25/><E7/><N who="0" m="2569" /><D135/><U2/><E2/><V29/><F29/><N who="1" m="11369" /><E25/><N who="2" m="9803" /><F78/><W48/><G106/><T95/><D67/><N who="2" m="25642" /><F62/><N who="1" m="24169" /><E16/><V123/><F123/><W89/><G89/><AGARI ba="0,0" hai="13,15,82,86,89" m="24169,11369,15371" machi="89" ten="30,1000,0" yaku="8,1" doraHai="32" who="1" fromWho="3" sc="360,0,240,10,269,0,131,-10" /><INIT seed="3,0,0,2,0,103" ten="360,250,269,121" oya="3" hai0="75,21,66,56,36,128,40,93,86,20,17,10,132" hai1="37,113,62,39,123,25,118,55,105,34,95,78,126" hai2="35,9,47,45,91,48,32,112,97,24,82,43,61" hai3="8,70,117,60,41,133,121,33,76,31,135,116,106"/><W129/><G121/><T18/><D75/><U111/><E95/><V16/><F112/><W115/><G115/><T71/><D71/><U119/><E78/><V107/><F61/><W27/><G129/><T94/><D128/><U42/><E113/><V46/><F46/><W100/><G41/><T85/><D10/><U109/><E123/><V38/><F82/><W108/><G8/><T73/><D73/><U88/><E88/><V0/><F0/><W99/><G76/><T12/><D40/><U131/><E131/><V29/><F35/><W50/><G50/><T122/><D36/><N who="1" m="13899" /><E105/><V14/><F91/><W127/><G127/><T79/><D79/><U120/><E120/><V6/><F6/><W57/><G108/><N who="1" m="41546" /><E126/><V98/><REACH who="2" step="1"/><F107/><REACH who="2" ten="360,250,259,121" step="2"/><W3/><G3/><T67/><D122/><U15/><E42/><AGARI ba="0,1" hai="9,14,16,24,29,32,38,42,43,45,47,48,97,98" machi="42" ten="30,8000,1" yaku="1,1,2,1,7,1,54,1,53,1" doraHai="103" doraHaiUra="4" who="2" fromWho="1" sc="360,0,250,-80,259,90,121,0" owari="360,46.0,170,-23.0,349,15.0,121,-38.0" /></mjloggm>