<mjloggm ver="2.3"><GO type="97" lobby="0"/><UN n0="%E3%83%B4%E3%83%A0%EF%BC%99%E3%81%A6" n1="%E8%8D%92%E5%B7%9D%E3%81%AE%E8%99%8E" n2="%E3%81%82%E3%81%8A%E2%98%86%E3%81%B1%E3%82%93" n3="%E3%82%A6%E3%83%AB%E3%83%88%E3%83%A9%E7%AB%8B%E7%9B%B4" dan="15,14,13,15" rate="1956.20,1943.29,1923.50,2006.00" sx="M,M,M,M"/><TAIKYOKU oya="0"/><INIT seed="0,0,0,1,0,81" ten="250,250,250,250" oya="0" hai0="35,95,135,58,40,103,11,21,60,117,80,76,31" hai1="5,98,6,17,20,113,131,34,97,94,44,49,121" hai2="47,52,57,116,78,129,22,4,10,36,124,109,119" hai3="25,115,37,134,111,50,32,107,91,127,77,30,71"/><T100/><D117/><N who="2" m="45130" /><F109/><W90/><G37/><T102/><D35/><U0/><E34/><V74/><F129/><W48/><G115/><T120/><D120/><U108/><E131/><V42/><F124/><W45/><G127/><T28/><D135/><U112/><E108/><V126/><F126/><W92/><G107/><T89/><D40/><U26/><E121/><V8/><F22/><W19/><G71/><T105/><D11/><U99/><E0/><V27/><F27/><W79/><G134/><T96/><D105/><U82/><E94/><V38/><F38/><W70/><G70/><T51/><D51/><U64/><E64/><V9/><F74/><W23/><G50/><T13/><D13/><U59/><E59/><V88/><F78/><W106/><G91/><T125/><D21/><U53/><REACH who="1" step="1"/><E82/><REACH who="1" ten="250,240,250,250" step="2"/><V24/><F4/><AGARI ba="0,1" hai="4,5,6,17,20,26,44,49,53,97,98,99,112,113" machi="4" ten="40,8000,1" yaku="1,1,2,1,53,3" doraHai="81" doraHaiUra="1" who="1" fromWho="2" sc="250,0,240,90,250,-80,250,0" /><INIT seed="1,0,0,2,1,47" ten="250,330,170,250" oya="1" hai0="62,135,24,99,100,97,39,14,32,95,33,112,126" hai1="76,5,120,82,53,101,37,125,56,87,50,104,59" hai2="55,61,27,106,91,66,81,23,16,72,132,94,2" hai3="30,79,108,128,6,86,90,98,12,52,9,134,48"/><U29/><E37/><V71/><F132/><W0/><G134/><T63/><D135/><U19/><E120/><V113/><F113/><W11/><G128/><T123/><D39/><U75/><E75/><V45/><F106/><W93/><G108/><T21/><D112/><U115/><E115/><V121/><F121/><W117/><G117/><T133/><D133/><U130/><E130/><V114/><F114/><W46/><G30/><T4/><D126/><U122/><E125/><V102/><F2/><W25/><G25/><T64/><D62/><U34/><E122/><V1/><F1/><W74/><G74/><T83/><D83/><U13/><E5/><V89/><F72/><W67/><G67/><T107/><D14/><U124/><E124/><V105/><F81/><N who="3" m="47423" /><G0/><T38/><D4/><U58/><E34/><V26/><F105/><W42/><G11/><T65/><D38/><U51/><E29/><V36/><F36/><W70/><G70/><T103/><D65/><U129/><E129/><V22/><F102/><W84/><G98/><T77/><D77/><U127/><E127/><V8/><F8/><W40/><AGARI ba="0,0" hai="6,9,12,40,42,46,48,52,84,90,93" m="47423" machi="40" ten="30,4000,0" yaku="8,1,52,1,54,1" doraHai="47" who="3" fromWho="3" sc="250,-10,330,-20,170,-10,250,40" /><INIT seed="2,0,0,4,3,32" ten="240,310,160,290" oya="2" hai0="85,104,126,34,114,41,7,59,90,48,56,47,87" hai1="78,51,130,6,72,77,29,113,79,132,50,44,105" hai2="116,74,119,122,118,67,88,68,24,8,84,25,123" hai3="4,70,95,120,18,45,133,0,43,112,64,33,82"/><V108/><F74/><W17/><G95/><T71/><D71/><U97/><E72/><V11/><F68/><W55/><G55/><T37/><D34/><U15/><E113/><V31/><F67/><W39/><G18/><T57/><D104/><U10/><E29/><V26/><F84/><W54/><G17/><T60/><D126/><U23/><E132/><V27/><F88/><W135/><G54/><T22/><D114/><U36/><E130/><V19/><F108/><W76/><G33/><T101/><D101/><U83/><E23/><V91/><F91/><W62/><G120/><T13/><D37/><U30/><E36/><V102/><F102/><W66/><G66/><T46/><D46/><U129/><E129/><V93/><F93/><W1/><G112/><T124/><D124/><U109/><E109/><V69/><F69/><W3/><G4/><T106/><D106/><U20/><E105/><V99/><F99/><W96/><G96/><T40/><D40/><U12/><E97/><V65/><F65/><W81/><G81/><N who="0" m="49455" /><D87/><U125/><E50/><V134/><F134/><W121/><G121/><N who="2" m="46089" /><F19/><W80/><G80/><T117/><D60/><U42/><E125/><V35/><AGARI ba="0,0" hai="8,11,24,25,26,27,31,35,116,118,119" m="46089" machi="35" ten="40,3900,0" yaku="34,2" doraHai="32" who="2" fromWho="2" sc="240,-13,310,-13,160,39,290,-13" /><INIT seed="2,1,0,3,3,22" ten="227,297,199,277" oya="2" hai0="98,117,14,87,61,41,59,12,5,118,94,28,58" hai1="95,20,100,93,130,65,134,46,115,42,131,32,3" hai2="132,30,63,37,96,74,81,113,120,71,107,102,124" hai3="50,114,4,49,21,108,64,55,7,123,109,38,133"/><V23/><F113/><W43/><G123/><T76/><D41/><U1/><E115/><V2/><F120/><W122/><G122/><T57/><D61/><U48/><E65/><V70/><F132/><W125/><G64/><T62/><D62/><U92/><E32/><V106/><F124/><W16/><G38/><T105/><D105/><U86/><E134/><V19/><F30/><W121/><G121/><T24/><D87/><U27/><E86/><V26/><F37/><W35/><G35/><T8/><D76/><U40/><E40/><V34/><F2/><W9/><G9/><T17/><D14/><U11/><E100/><V60/><F34/><W119/><G119/><T18/><D117/><U75/><E75/><V47/><F107/><W129/><G133/><T52/><D52/><U80/><E80/><V97/><F97/><W56/><G114/><T116/><D116/><U104/><E104/><V77/><REACH who="2" step="1"/><F47/><REACH who="2" ten="227,297,189,277" step="2"/><N who="3" m="25855" /><G125/><T13/><D118/><U6/><REACH who="1" step="1"/><E1/><REACH who="1" ten="227,287,189,277" step="2"/><V84/><F84/><W51/><G129/><T88/><REACH who="0" step="1"/><D13/><REACH who="0" ten="217,287,189,277" step="2"/><U73/><E73/><V127/><F127/><W111/><G111/><T135/><D135/><U31/><AGARI ba="1,3" hai="3,6,11,20,27,31,42,46,48,92,93,95,130,131" machi="31" ten="30,8000,1" yaku="1,1,0,1,52,1,53,2" doraHai="22" doraHaiUra="126" who="1" fromWho="1" sc="217,-21,287,113,189,-41,277,-21" /><INIT seed="3,0,0,1,2,91" ten="196,400,148,256" oya="3" hai0="79,59,21,41,58,31,116,86,1,11,57,20,76" hai1="18,126,71,23,74,134,19,75,39,89,61,64,101" hai2="44,36,40,22,110,69,102,50,28,73,38,33,42" hai3="124,117,10,85,82,113,14,35,4,108,111,5,121"/><W12/><G85/><T55/><D116/><U16/><E39/><V93/><F110/><N who="3" m="42027" /><G82/><N who="0" m="47431" /><D1/><U48/><E23/><N who="0" m="8777" /><D11/><U109/><E109/><V125/><F125/><W81/><G81/><T53/><D41/><U96/><E126/><V43/><F33/><W52/><G52/><N who="0" m="20043" /><D31/><U51/><E89/><V46/><F69/><W98/><G98/><T77/><AGARI ba="0,0" hai="57,58,59,77,79" m="20043,8777,47431" machi="77" ten="40,2700,0" yaku="8,1,54,1" doraHai="91" who="0" fromWho="0" sc="196,27,400,-7,148,-7,256,-13" owari="223,-18.0,393,50.0,141,-36.0,243,4.0" /></mjloggm>