<mjloggm ver="2.3"><GO type="193" lobby="0"/><UN n0="%E5%B0%B1%E6%B4%BB%E7%94%9F%40%E5%B7%9D%E6%9D%91%E8%BB%8D%E5%9B%A3" n1="%6F%69%67%61" n2="%73%75%6D%32%32%35%35" n3="%44%6F%6E" dan="12,12,13,12" rate="1832.39,1678.89,1843.12,1702.27" sx="M,M,M,M"/><TAIKYOKU oya="0"/><INIT seed="0,0,0,4,3,85" ten="250,250,250,250" oya="0" hai0="21,72,7,69,92,19,97,129,27,94,117,122,86" hai1="131,39,22,70,46,108,32,98,14,41,60,16,109" hai2="106,112,55,73,49,11,26,54,12,103,64,83,67" hai3="56,135,42,120,107,40,6,102,104,5,81,57,62"/><T68/><D122/><U82/><E32/><V105/><F112/><W116/><G116/><T25/><D72/><U100/><E131/><V48/><F26/><W90/><G120/><T127/><D117/><U124/><E124/><V44/><F105/><N who="3" m="40523" /><G135/><T59/><D127/><U87/><E70/><V77/><F103/><W88/><G102/><T71/><D129/><U84/><E60/><V79/><F106/><W132/><G132/><T1/><D1/><U63/><E63/><V8/><F79/><W61/><G61/><T80/><D7/><N who="3" m="2569" /><G81/><T33/><D59/><N who="3" m="22601" /><G62/><T20/><D33/><U18/><E18/><V2/><F2/><W29/><G29/><T50/><D50/><U123/><E123/><V15/><F8/><W119/><G119/><T24/><D97/><U66/><E66/><V65/><REACH who="2" step="1"/><F11/><REACH who="2" ten="250,250,240,250" step="2"/><W78/><G78/><T53/><D25/><U38/><E38/><V75/><F75/><W43/><AGARI ba="0,1" hai="40,42,43,88,90" m="22601,2569,40523" machi="43" ten="40,8000,1" yaku="28,2,52,2,54,1" doraHai="85" who="3" fromWho="3" sc="250,-40,250,-20,240,-20,250,90" /><INIT seed="1,0,0,0,5,95" ten="210,230,220,340" oya="1" hai0="58,99,121,111,72,29,34,73,100,53,40,56,62" hai1="125,19,134,65,84,117,23,98,97,25,103,17,132" hai2="48,37,101,126,70,61,33,15,38,105,85,60,68" hai3="115,77,86,1,87,0,16,119,69,130,24,135,88"/><U27/><E117/><V22/><F33/><W31/><G115/><T79/><D121/><U9/><E65/><V102/><F85/><W128/><G69/><T66/><D111/><U26/><E84/><V122/><F15/><W89/><G77/><T96/><D40/><U36/><E36/><V35/><F22/><N who="3" m="13383" /><G119/><T80/><D73/><U129/><E129/><N who="3" m="49770" /><G31/><T54/><D66/><U20/><E125/><V41/><F35/><W74/><G74/><T11/><D11/><U81/><E81/><V133/><F105/><W83/><G135/><N who="1" m="51754" /><E103/><V82/><F133/><W47/><G47/><T112/><D112/><U39/><E39/><N who="2" m="14859" /><F82/><AGARI ba="0,0" hai="0,1,82,83,86,87,88,89" m="49770,13383" machi="82" ten="30,3900,0" yaku="19,1,54,2" doraHai="95" who="3" fromWho="2" sc="210,0,230,0,220,-39,340,39" /><INIT seed="2,0,0,0,5,82" ten="210,230,181,379" oya="2" hai0="39,95,116,60,97,125,103,2,73,88,6,12,131" hai1="26,63,104,65,31,16,80,44,113,64,8,7,118" hai2="37,13,54,17,119,71,102,79,51,96,101,34,133" hai3="121,42,112,27,19,132,90,76,29,66,128,67,20"/><V117/><F34/><W55/><G121/><T0/><D39/><U106/><E118/><V122/><F71/><W94/><G76/><T129/><D73/><U70/><E113/><V93/><F37/><W69/><G69/><T18/><D116/><U47/><E80/><V59/><F122/><W14/><G42/><T81/><D125/><U123/><E123/><V53/><F133/><W98/><G112/><T46/><D6/><U126/><E126/><V61/><F101/><W28/><G132/><T77/><D60/><U36/><E36/><V111/><F79/><W91/><G128/><N who="0" m="49227" /><D46/><U49/><E65/><V127/><F127/><W78/><G78/><T85/><D103/><U52/><E106/><V40/><F40/><W89/><G29/><T99/><D99/><U15/><E104/><V48/><F61/><W75/><G75/><T50/><D50/><U35/><REACH who="1" step="1"/><E47/><REACH who="1" ten="210,220,181,379" step="2"/><V124/><F124/><W62/><G67/><T100/><D77/><U57/><E57/><V74/><F74/><W107/><G66/><T30/><D30/><U110/><E110/><V33/><F111/><W135/><G107/><T43/><D43/><U56/><E56/><V45/><REACH who="2" step="1"/><F33/><REACH who="2" ten="210,220,171,379" step="2"/><W58/><G135/><T1/><D1/><U92/><E92/><V109/><F109/><W115/><G115/><T22/><AGARI ba="0,2" hai="0,2,12,18,22,81,85,88,95,97,100" m="49227" machi="22" ten="30,4000,0" yaku="19,1,52,1,54,1" doraHai="82" who="0" fromWho="0" sc="210,60,220,-10,171,-20,379,-10" /><INIT seed="3,0,0,4,0,49" ten="270,210,151,369" oya="3" hai0="52,5,50,77,132,8,24,93,18,95,105,13,111" hai1="113,96,82,64,119,80,7,123,69,84,43,97,60" hai2="83,130,46,3,44,92,9,98,109,108,0,104,122" hai3="102,131,16,34,74,106,70,112,68,37,40,121,33"/><W30/><G121/><T114/><D105/><U32/><E123/><V41/><F122/><W118/><G112/><T90/><D114/><U35/><E113/><V128/><F83/><W85/><G118/><T54/><D132/><U115/><E115/><V94/><F9/><W12/><G74/><T21/><D111/><N who="2" m="42570" /><F98/><W58/><G131/><N who="2" m="50217" /><F104/><W81/><G106/><T135/><D135/><U55/><E119/><V51/><F51/><W48/><G102/><T45/><D77/><U129/><E129/><V103/><F103/><W47/><G30/><T99/><D93/><N who="2" m="35946" /><F41/><AGARI ba="0,0" hai="5,8,13,18,21,24,41,45,50,52,54,90,95,99" machi="41" ten="30,8000,1" yaku="7,1,8,1,52,2,54,1" doraHai="49" who="0" fromWho="2" sc="270,80,210,0,151,-80,369,0" owari="350,15.0,210,-19.0,71,-43.0,369,47.0" /></mjloggm>