<mjloggm ver="2.3"><GO type="97" lobby="0"/><UN n0="%E3%82%A6%E3%83%AB%E3%83%88%E3%83%A9%E7%AB%8B%E7%9B%B4" n1="%E8%B6%85%E9%A9%9A%E6%84%95%E3%82%BC%E3%83%B3%E3%83%84%E3%82%A1%E3%83%BC" n2="%E3%81%95%E3%81%97%E3%81%93%E3%81%AE%E3%81%8F%E3%81%9B" n3="%E3%81%AE%E3%83%BC%E3%82%8A%E3%83%BC" dan="14,15,15,14" rate="1937.88,2012.45,1952.21,1929.96" sx="M,M,M,M"/><TAIKYOKU oya="0"/><INIT seed="0,0,0,0,2,12" ten="250,250,250,250" oya="0" hai0="134,39,2,84,89,122,61,28,115,56,60,32,80" hai1="72,73,41,125,37,109,17,44,128,87,9,46,71" hai2="18,21,63,82,107,104,86,0,94,26,78,74,1" hai3="66,92,20,29,25,7,33,10,40,67,49,19,93"/><T4/><D39/><U95/><E71/><V52/><F104/><W102/><G40/><T75/><D122/><U48/><E128/><V65/><F107/><W88/><G49/><T31/><D115/><U45/><E125/><V50/><F94/><W13/><G102/><T51/><D134/><U113/><E113/><V54/><F54/><W81/><G81/><T106/><D106/><U16/><E109/><V8/><F8/><W30/><G93/><T85/><D75/><U76/><E73/><V116/><F74/><W135/><G135/><T38/><D38/><U121/><E121/><V6/><F6/><W35/><G35/><T133/><D133/><U34/><E34/><V127/><F127/><W79/><G79/><N who="0" m="46111" /><D2/><U3/><E3/><V101/><F101/><W47/><G47/><N who="1" m="17994" /><E37/><V96/><F96/><W77/><G77/><T112/><D4/><U53/><E72/><V98/><F98/><W110/><G110/><T14/><D32/><U83/><E9/><V15/><F116/><W111/><G111/><T123/><D123/><U5/><E5/><V64/><F0/><N who="3" m="359" /><G30/><N who="0" m="11307" /><D112/><U70/><E70/><V130/><F1/><W124/><G124/><T42/><D14/><U103/><E41/><V36/><F15/><W129/><G129/><T27/><D27/><U22/><E22/><V23/><F21/><W57/><G57/><T43/><D43/><U132/><E132/><V99/><F36/><W91/><G91/><T117/><D117/><U69/><E69/><V120/><F120/><W97/><AGARI ba="0,0" hai="13,19,20,25,29,33,66,67,88,92,97" m="359" machi="97" ten="30,4000,0" yaku="24,1,52,1,54,1" doraHai="12" who="3" fromWho="3" sc="250,-20,250,-10,250,-10,250,40" /><INIT seed="1,0,0,4,1,1" ten="230,240,240,290" oya="1" hai0="38,10,124,121,118,114,46,50,25,12,29,108,15" hai1="117,125,78,112,103,26,22,106,101,54,122,21,77" hai2="58,31,28,30,134,17,129,35,20,132,43,68,47" hai3="95,115,126,89,71,85,123,105,62,111,84,55,19"/><U119/><E122/><V116/><F68/><W113/><G123/><T9/><D38/><U60/><E112/><V56/><F116/><W23/><G105/><T97/><D121/><U24/><E125/><V27/><F129/><W75/><G75/><T11/><D118/><U48/><E60/><V40/><F35/><W72/><G72/><T127/><D97/><U16/><E106/><V76/><F76/><N who="1" m="29289" /><E119/><V32/><F32/><W59/><G126/><N who="0" m="48171" /><D114/><U110/><E110/><V41/><REACH who="2" step="1"/><F47/><REACH who="2" ten="230,240,230,290" step="2"/><W100/><G111/><T6/><D108/><U131/><E117/><V69/><F69/><W13/><G71/><T73/><D73/><U104/><E104/><V36/><F36/><W70/><G70/><T93/><D46/><N who="1" m="27927" /><E131/><V130/><F130/><W67/><G115/><T53/><D50/><U86/><E86/><V91/><F91/><W96/><G113/><T61/><D61/><U8/><E8/><N who="0" m="3177" /><D93/><U7/><E7/><V120/><F120/><W66/><G84/><T64/><D53/><U4/><E4/><V92/><F92/><W94/><AGARI ba="0,1" hai="13,19,23,55,59,62,66,67,85,89,94,95,96,100" machi="94" ten="20,2700,0" yaku="0,1,7,1,8,1" doraHai="1" who="3" fromWho="3" sc="230,-7,240,-13,230,-7,290,37" /><INIT seed="2,0,0,5,4,10" ten="223,227,223,327" oya="2" hai0="38,94,118,6,117,96,69,12,110,80,90,132,102" hai1="104,45,99,91,87,107,81,75,39,109,70,93,23" hai2="101,83,67,98,7,72,37,32,25,29,51,1,97" hai3="0,48,106,71,22,61,54,113,84,120,122,128,76"/><V134/><F37/><W126/><G106/><T26/><D69/><U115/><E70/><V49/><F67/><W68/><G0/><T63/><D38/><U47/><E115/><V123/><F134/><W105/><G105/><N who="1" m="40522" /><E45/><V31/><F123/><W8/><G113/><T5/><D132/><U44/><E44/><V111/><F111/><W19/><G128/><T119/><D110/><U15/><E47/><V65/><F65/><W50/><G8/><N who="0" m="4111" /><D26/><U125/><E15/><V57/><F29/><W14/><G126/><T121/><D121/><U131/><E23/><V2/><F98/><W55/><G68/><T79/><D6/><U108/><E39/><V34/><F34/><W86/><G71/><T82/><D63/><U124/><E75/><V56/><F1/><W130/><G61/><T58/><D58/><U28/><E28/><V27/><F27/><W53/><G76/><T21/><D21/><U78/><E131/><V129/><F129/><W116/><G130/><T88/><D80/><U35/><E35/><V16/><F2/><W95/><G122/><T77/><D77/><U41/><E41/><V13/><F7/><W133/><G120/><T9/><D9/><U20/><E20/><V30/><F83/><W60/><G133/><T52/><D52/><U18/><E18/><V4/><F72/><AGARI ba="0,0" hai="72,79,82,88,90,94,96,102,117,118,119" m="4111" machi="72" ten="30,3900,0" yaku="12,1,52,1,54,1" doraHai="10" who="0" fromWho="2" sc="223,39,227,0,223,-39,327,0" /><INIT seed="3,0,0,3,3,39" ten="262,227,184,327" oya="3" hai0="22,50,40,4,45,74,42,60,123,61,19,65,48" hai1="70,72,27,23,107,104,92,43,81,11,71,83,9" hai2="103,100,46,26,75,76,64,135,129,102,51,20,49" hai3="25,128,118,55,73,47,10,58,34,116,18,41,35"/><W114/><G114/><T24/><D74/><U127/><E72/><V57/><F129/><W88/><G128/><T117/><D117/><U132/><E92/><V2/><F2/><W109/><G73/><T15/><D123/><U29/><E29/><V37/><F135/><W115/><G115/><T110/><D110/><U56/><E23/><V13/><F13/><W111/><G25/><T12/><D4/><U125/><E56/><V1/><F1/><W126/><G126/><T113/><D113/><U101/><E27/><V68/><F68/><W31/><G31/><T78/><D78/><U94/><E94/><V21/><F37/><N who="3" m="21935" /><G88/><T52/><D61/><U112/><E112/><V36/><F36/><W59/><G59/><N who="0" m="37023" /><D50/><U120/><E132/><V106/><F106/><W98/><G98/><T133/><D133/><U17/><E17/><V5/><F5/><W79/><G79/><T44/><D44/><U54/><E101/><N who="2" m="25859" /><V90/><DORA hai="69" /><F75/><W121/><G121/><T7/><D15/><U108/><E120/><V134/><F134/><W16/><G10/><AGARI ba="0,0" hai="7,10,12,19,22,24,40,42,45,48,52" m="37023" machi="10" ten="30,7700,0" yaku="8,1,52,2,54,1" doraHai="39,69" who="0" fromWho="3" sc="262,77,227,0,184,0,327,-77" owari="339,44.0,227,-17.0,184,-32.0,250,5.0" /></mjloggm>