<mjloggm ver="2.3"><GO type="97" lobby="0"/><UN n0="%E6%B1%90%E9%AF%89%E3%83%9E%E3%83%9E" n1="%E3%82%A6%E3%83%AB%E3%83%88%E3%83%A9%E7%AB%8B%E7%9B%B4" n2="%E8%97%A4%E6%9C%AC%E8%8B%B1%E5%93%B2" n3="%E5%AD%90%E5%AE%88%E7%86%8A" dan="13,13,15,14" rate="1868.61,1884.79,2018.44,1929.78" sx="F,M,M,F"/><TAIKYOKU oya="0"/><INIT seed="0,0,0,3,5,101" ten="250,250,250,250" oya="0" hai0="79,47,11,10,73,95,84,104,72,94,0,133,76" hai1="81,78,26,114,96,56,82,126,97,16,22,18,61" hai2="36,117,50,6,55,88,53,33,107,111,125,121,100" hai3="24,74,37,14,46,54,52,105,99,9,110,19,103"/><T62/><D133/><U27/><E126/><V98/><F36/><W8/><G110/><T2/><D62/><U4/><E4/><V67/><F33/><W1/><G74/><T127/><D127/><U102/><E114/><V28/><F28/><W44/><G24/><T80/><D47/><U48/><E48/><V116/><F125/><W58/><G37/><T75/><D75/><U51/><E51/><V60/><F6/><W106/><G106/><T134/><D134/><U83/><E78/><V124/><F124/><W29/><G29/><T71/><D71/><U86/><E86/><V118/><F121/><W129/><G129/><T92/><D92/><U115/><E115/><V59/><F88/><W68/><G68/><T31/><D31/><U5/><E5/><V25/><F25/><W23/><G1/><T39/><D39/><U108/><E108/><V57/><F111/><W122/><G122/><T30/><D30/><U85/><E85/><V120/><F120/><W65/><G44/><T43/><D84/><U17/><E22/><V70/><REACH who="2" step="1"/><F55/><REACH who="2" ten="250,250,240,250" step="2"/><W38/><G54/><T109/><D109/><U132/><E132/><V49/><F49/><W90/><G90/><T13/><D13/><U128/><E27/><V7/><F7/><W41/><REACH who="3" step="1"/><G65/><REACH who="3" ten="250,250,240,240" step="2"/><T135/><D135/><U35/><E26/><V45/><AGARI ba="0,2" hai="45,50,53,57,59,60,67,70,98,100,107,116,117,118" machi="45" ten="30,8000,1" yaku="1,1,0,1,12,1,52,1,53,1" doraHai="101" doraHaiUra="64" who="2" fromWho="2" sc="250,-40,250,-20,240,100,240,-20" /><INIT seed="1,0,0,4,5,17" ten="210,230,340,220" oya="1" hai0="118,75,102,95,91,36,82,121,107,0,106,22,113" hai1="124,111,92,26,98,66,49,44,48,43,61,39,129" hai2="120,89,86,88,14,105,47,100,53,58,11,45,8" hai3="56,59,40,15,57,1,30,32,65,28,79,108,85"/><U115/><E115/><V93/><F105/><W16/><G1/><T122/><D36/><U33/><E124/><V117/><F100/><W31/><G108/><T134/><D22/><U34/><E129/><V96/><F117/><W55/><G40/><T109/><D0/><U7/><E111/><V64/><F64/><W99/><G65/><T25/><D25/><U94/><E7/><V4/><F11/><W74/><G74/><T80/><D109/><U29/><E34/><V125/><F125/><W18/><G18/><T35/><D35/><U104/><E104/><V37/><F37/><W13/><G13/><T62/><D62/><U50/><REACH who="1" step="1"/><E98/><REACH who="1" ten="210,220,340,220" step="2"/><V68/><F120/><W42/><G99/><T130/><D130/><U97/><E97/><V52/><F68/><AGARI ba="0,1" hai="26,29,33,39,43,44,48,49,50,61,66,68,92,94" machi="68" ten="40,2000,0" yaku="1,1,53,0" doraHai="17" doraHaiUra="78" who="1" fromWho="2" sc="210,0,220,30,340,-20,220,0" /><INIT seed="1,1,0,2,1,93" ten="210,250,320,220" oya="1" hai0="108,74,27,15,22,52,39,94,9,38,24,47,0" hai1="115,2,4,53,11,5,97,17,25,67,76,19,125" hai2="44,20,69,109,104,80,14,103,79,1,3,63,106" hai3="132,84,51,35,70,119,18,82,112,50,98,6,114"/><U66/><E115/><V105/><F103/><W89/><G35/><T86/><D108/><U107/><E76/><V126/><F126/><W85/><G70/><T26/><D74/><U118/><E118/><V123/><F123/><W43/><G119/><T56/><D0/><U57/><E125/><V32/><F32/><W73/><G73/><T12/><D39/><U78/><E78/><V133/><F109/><W8/><G18/><T129/><D129/><U28/><E5/><V81/><F44/><W45/><G51/><T7/><D38/><U88/><E66/><V41/><F41/><W124/><G124/><T96/><D86/><U37/><E67/><V110/><F110/><W13/><G132/><T95/><D95/><N who="1" m="56551" /><E107/><V130/><F130/><W121/><G121/><T68/><D68/><U116/><E37/><V55/><F80/><W117/><G117/><T111/><D111/><U99/><E99/><V77/><F79/><N who="3" m="46175" /><G98/><T60/><D47/><U128/><E128/><V131/><F131/><W31/><G114/><T135/><D135/><U87/><E87/><V29/><F69/><W122/><G122/><T127/><D127/><U34/><E116/><V64/><F64/><W71/><G71/><T54/><D54/><U75/><E75/><V46/><F133/><W16/><G112/><T102/><D15/><U42/><E42/><V62/><F105/><W100/><G100/><T61/><D61/><U134/><E134/><V101/><F106/><W49/><G85/><T58/><D58/><U91/><E91/><V10/><F104/><W59/><G89/><T90/><D90/><RYUUKYOKU ba="1,0" sc="210,15,250,15,320,-15,220,-15" hai0="7,9,12,22,24,26,27,52,56,60,94,96,102" hai1="2,4,11,17,19,25,28,34,53,57" /><INIT seed="1,2,0,0,2,75" ten="225,265,305,205" oya="1" hai0="92,11,64,27,122,36,94,133,32,56,24,46,58" hai1="60,78,80,89,108,134,2,67,53,45,48,116,12" hai2="120,96,44,35,49,126,79,13,39,113,110,5,33" hai3="91,50,40,84,3,55,93,103,16,38,82,1,73"/><U62/><E2/><V15/><F120/><W127/><G127/><T22/><D133/><U74/><E116/><V29/><F39/><W97/><G38/><T107/><D107/><U99/><E134/><V20/><F126/><W18/><G40/><T0/><D122/><U105/><E108/><V119/><F119/><W88/><G3/><T123/><D123/><U19/><E67/><V37/><F37/><W128/><G128/><T23/><D32/><U43/><E43/><V131/><F131/><W124/><G1/><T30/><D0/><U87/><E105/><V9/><F110/><W100/><G73/><T42/><D11/><U125/><E125/><V17/><F113/><W26/><G124/><T71/><D71/><U63/><E99/><V132/><F132/><W14/><G26/><T51/><D36/><U115/><E115/><V66/><F66/><W47/><G18/><T129/><D129/><U69/><E69/><V8/><F96/><W61/><G61/><T109/><D109/><U104/><E104/><V21/><F79/><W130/><G130/><T106/><D106/><U54/><E54/><V90/><F90/><W7/><G7/><T31/><D64/><U121/><E121/><V86/><F86/><W34/><G34/><N who="2" m="12809" /><F49/><W85/><G97/><T102/><D102/><U135/><E135/><V4/><F44/><W52/><G55/><T68/><D68/><U101/><E101/><V10/><F29/><W111/><G111/><T59/><AGARI ba="2,0" hai="22,23,24,27,30,31,42,46,51,56,58,59,92,94" machi="59" ten="30,4000,0" yaku="0,1,9,1,8,1" doraHai="75" who="0" fromWho="0" sc="225,46,265,-22,305,-12,205,-12" /><INIT seed="2,0,0,2,1,113" ten="271,243,293,193" oya="2" hai0="123,130,100,133,26,135,7,38,22,103,35,94,33" hai1="61,1,105,114,127,11,70,111,124,118,66,20,18" hai2="117,37,9,92,25,23,53,71,59,98,42,16,52" hai3="64,65,0,129,46,36,102,4,2,34,78,58,49"/><V55/><F71/><W116/><G34/><T93/><D123/><U21/><E105/><V72/><F72/><W85/><G102/><T32/><D38/><U88/><E114/><V30/><F117/><W67/><G129/><T134/><D130/><U43/><E43/><V131/><F131/><W54/><G36/><T63/><D63/><U128/><E128/><V115/><F115/><W27/><G27/><T74/><D74/><U10/><E111/><V13/><F42/><W76/><G85/><T44/><D44/><U68/><E68/><V24/><F25/><W12/><G78/><T110/><D110/><U99/><E118/><V104/><F104/><W29/><G76/><T28/><D7/><U81/><E1/><V51/><REACH who="2" step="1"/><F37/><REACH who="2" ten="271,243,283,193" step="2"/><W132/><G116/><T87/><D87/><U120/><E70/><V47/><F47/><W3/><G46/><T106/><D106/><U19/><E120/><V86/><F86/><W31/><REACH who="3" step="1"/><G132/><REACH who="3" ten="271,243,283,183" step="2"/><T77/><D77/><U101/><E99/><V107/><F107/><W14/><G14/><T91/><D91/><AGARI ba="0,2" hai="9,13,16,23,24,30,51,52,53,55,59,91,92,98" machi="91" ten="30,12000,1" yaku="1,1,7,1,8,1,54,2,53,0" doraHai="113" doraHaiUra="122" who="2" fromWho="0" sc="271,-120,243,0,283,140,183,0" /><BYE who="0" /><INIT seed="2,1,0,5,1,27" ten="151,243,423,183" oya="2" hai0="65,87,21,1,2,53,94,20,91,82,105,4,123" hai1="6,43,51,61,98,128,129,17,7,0,107,79,48" hai2="63,18,13,22,100,25,11,37,28,114,39,24,30" hai3="59,10,93,117,66,40,32,134,5,90,57,16,14"/><V78/><F100/><W131/><G134/><T80/><D80/><U95/><E107/><V103/><F103/><W29/><G131/><N who="1" m="50250" /><E79/><V130/><F78/><W44/><G117/><T102/><D102/><N who="1" m="60767" /><E0/><V73/><F130/><W83/><G83/><T50/><D50/><N who="1" m="18987" /><E43/><V45/><F114/><W52/><G5/><T56/><D56/><U119/><E119/><V49/><F73/><W19/><G59/><T55/><D55/><U88/><E88/><V64/><F63/><W108/><G90/><T34/><D34/><U54/><E17/><V110/><F64/><W46/><G19/><T42/><D42/><U109/><E109/><V96/><F96/><W120/><G66/><T72/><D72/><U126/><E126/><V116/><F110/><W35/><G108/><T106/><D106/><U77/><E77/><V15/><F13/><W92/><G40/><T133/><D133/><U58/><AGARI ba="1,0" hai="6,7,54,58,61" m="18987,60767,50250" machi="58" ten="30,1100,0" yaku="19,1" doraHai="27" who="1" fromWho="1" sc="151,-4,243,14,423,-6,183,-4" /><INIT seed="3,0,0,1,5,118" ten="147,257,417,179" oya="3" hai0="33,21,111,42,48,32,2,46,87,13,133,126,70" hai1="22,110,64,116,19,3,125,62,112,47,121,50,35" hai2="107,66,113,14,55,86,25,114,109,23,60,57,37" hai3="104,117,100,123,93,99,83,7,34,78,10,130,101"/><W80/><G34/><T38/><D38/><U36/><E3/><V115/><F107/><W73/><G117/><T52/><D52/><U56/><E35/><V89/><F37/><W63/><G63/><T39/><D39/><U79/><E110/><V95/><F14/><W8/><G8/><T58/><D58/><U65/><E125/><V28/><F109/><W92/><G10/><T9/><D9/><U119/><E112/><V27/><F27/><W74/><G7/><T128/><D128/><U94/><E36/><V103/><F103/><N who="3" m="62591" /><G130/><T91/><D91/><U76/><E119/><V18/><REACH who="2" step="1"/><F28/><REACH who="2" ten="147,257,407,179" step="2"/><W16/><G16/><T54/><D54/><AGARI ba="0,1" hai="18,23,25,54,55,57,60,66,86,89,95,113,114,115" machi="54" ten="40,2600,0" yaku="1,1,2,1,53,0" doraHai="118" doraHaiUra="106" who="2" fromWho="0" sc="147,-26,257,0,407,36,179,0" owari="121,-38.0,257,6.0,443,54.0,179,-22.0" /></mjloggm>