<mjloggm ver="2.3"><GO type="169" lobby="0"/><UN n0="%E3%82%A6%E3%83%AB%E3%83%88%E3%83%A9%E7%AB%8B%E7%9B%B4" n1="%E6%AD%A6%E5%89%87%E8%BC%9D%E6%B5%B7" n2="%E3%83%A4%E3%82%AD%E3%83%B3" n3="%48%61%6B%61%6D%61%64%61" dan="17,16,18,16" rate="2214.49,2104.77,2201.87,2050.44" sx="M,M,M,M"/><TAIKYOKU oya="0"/><INIT seed="0,0,0,0,3,60" ten="250,250,250,250" oya="0" hai0="62,57,121,21,111,123,51,86,25,17,11,59,14" hai1="82,95,132,22,32,110,1,33,65,48,58,83,84" hai2="133,7,135,109,79,41,126,46,118,9,91,88,27" hai3="101,89,128,15,45,26,18,3,55,10,85,78,49"/><T12/><D111/><U74/><E1/><V63/><F109/><W125/><G128/><T112/><D112/><U8/><E110/><V127/><F79/><W94/><G125/><N who="2" m="47625" /><F27/><W68/><G68/><T77/><D14/><U61/><E8/><V38/><F118/><W29/><G3/><T105/><D105/><U70/><E132/><N who="2" m="50763" /><F63/><W115/><G115/><T56/><D51/><U6/><E6/><V31/><F31/><W107/><G78/><T42/><D42/><U37/><E74/><V100/><F100/><W39/><G39/><T19/><D123/><U131/><E37/><V93/><F93/><W67/><G101/><T69/><D69/><U124/><E70/><V73/><F73/><W92/><G107/><T99/><D99/><U106/><E95/><V97/><F97/><W54/><G92/><T4/><D121/><U122/><E122/><V52/><F52/><W75/><G75/><T40/><D40/><U44/><E106/><V90/><F9/><W87/><G55/><T117/><D117/><U20/><E83/><V34/><F7/><W72/><G72/><T103/><D103/><U53/><E124/><V134/><N who="2" m="50771" /><V120/><DORA hai="24" /><F120/><W71/><G29/><N who="0" m="17583" /><D62/><U80/><E61/><V108/><F108/><W119/><G119/><T43/><D43/><U16/><E53/><V50/><F38/><W2/><G2/><T113/><D113/><U102/><E102/><V116/><F116/><W76/><G76/><T30/><D30/><U35/><E48/><V130/><F34/><W23/><G10/><T129/><D77/><U64/><E35/><RYUUKYOKU ba="0,0" sc="250,-10,250,-10,250,30,250,-10" hai2="41,46,50,88,90,91,130" /><INIT seed="1,1,0,0,0,35" ten="240,240,280,240" oya="1" hai0="90,133,120,61,132,22,59,86,84,89,111,107,28" hai1="9,109,3,95,96,73,102,48,127,36,45,34,46" hai2="23,70,14,25,122,130,88,68,81,4,64,83,63" hai3="126,60,75,56,123,44,131,110,16,38,13,15,27"/><U94/><E34/><V124/><F122/><W41/><G123/><T21/><D107/><U93/><E73/><V118/><F118/><W104/><G110/><T92/><D111/><U108/><E108/><V1/><F124/><W2/><G126/><T29/><D120/><U47/><E127/><V39/><F39/><W79/><G131/><T49/><D49/><U31/><E109/><V76/><F130/><W74/><G104/><T99/><D99/><U113/><E113/><V30/><F14/><W58/><G58/><T87/><D87/><U67/><E31/><V52/><F52/><W129/><G129/><T62/><D92/><U57/><E36/><V82/><F70/><W117/><G2/><T24/><D24/><U26/><E26/><V6/><F6/><W37/><G37/><T50/><D50/><U71/><E71/><V17/><F17/><W7/><G27/><T66/><D66/><U72/><E72/><V55/><F55/><N who="3" m="33823" /><G79/><T54/><D54/><U19/><E3/><V12/><F12/><W115/><G115/><T77/><D59/><U114/><E114/><V8/><REACH who="2" step="1"/><F76/><AGARI ba="1,0" hai="21,22,28,29,61,62,76,77,84,86,89,90,132,133" machi="76" ten="25,1600,0" yaku="22,2" doraHai="35" who="0" fromWho="2" sc="240,19,240,0,280,-19,240,0" /><INIT seed="2,0,0,5,5,81" ten="259,240,261,240" oya="2" hai0="93,80,17,134,36,62,27,119,20,9,66,40,13" hai1="3,44,86,82,48,63,71,90,125,41,53,97,51" hai2="32,77,114,47,117,75,43,84,64,65,106,127,45" hai3="33,16,98,31,19,124,103,74,111,131,35,2,7"/><V57/><F75/><W59/><G111/><T70/><D134/><U49/><E3/><V14/><F114/><W89/><G74/><T115/><D115/><U18/><E125/><V67/><F117/><W42/><G124/><T121/><D121/><U120/><E120/><V56/><F32/><W133/><G133/><T101/><D40/><U52/><E71/><V37/><F106/><W102/><G131/><T34/><D36/><U69/><E69/><V25/><F25/><W122/><G42/><T94/><D101/><U109/><E109/><V22/><F127/><W130/><G130/><T110/><D110/><U126/><E126/><V132/><F132/><W39/><G89/><T83/><D34/><U85/><E97/><V72/><F72/><W100/><G98/><T116/><D93/><N who="1" m="54479" /><E18/><N who="2" m="10583" /><F37/><W26/><G35/><T88/><D119/><U28/><E28/><V30/><F30/><W91/><G39/><T113/><D113/><U105/><E105/><V123/><F123/><W112/><G122/><T11/><D11/><U54/><E63/><V58/><F43/><W135/><G112/><T73/><D73/><U46/><E41/><V78/><F78/><AGARI ba="0,0" hai="44,46,48,49,51,52,53,54,78,82,86" m="54479" machi="78" ten="30,7700,0" yaku="8,1,52,2,54,1" doraHai="81" who="1" fromWho="2" sc="259,0,240,77,261,-77,240,0" /><INIT seed="3,0,0,0,4,26" ten="259,317,184,240" oya="3" hai0="123,83,102,74,52,64,112,135,1,118,122,63,36" hai1="40,55,44,94,103,86,127,128,56,106,12,58,23" hai2="79,75,133,78,10,66,62,120,39,29,69,9,91" hai3="130,72,60,3,129,119,14,48,51,82,124,104,131"/><W37/><G3/><T25/><D1/><U57/><E106/><V8/><F39/><W109/><G119/><T77/><D118/><U114/><E114/><V28/><F133/><W87/><G72/><T54/><D112/><U53/><E127/><V41/><F41/><W5/><G124/><T0/><D0/><U97/><E128/><V65/><F120/><W73/><G73/><T31/><D36/><U35/><E35/><V4/><F4/><W47/><G104/><T13/><D13/><U34/><E34/><V107/><F107/><W101/><G101/><T32/><D135/><U15/><E86/><V93/><F66/><W67/><G109/><T92/><D122/><U80/><E80/><V17/><F17/><W18/><G5/><T11/><D11/><U113/><E113/><V16/><F16/><W90/><G47/><T50/><D50/><N who="1" m="26887" /><E23/><V105/><F105/><W84/><G84/><T70/><REACH who="0" step="1"/><D123/><REACH who="0" ten="249,317,184,240" step="2"/><U46/><E55/><V21/><F21/><N who="3" m="11479" /><G37/><T134/><D134/><U96/><E15/><V117/><F117/><W27/><G27/><T42/><D42/><U68/><E12/><V45/><F10/><W126/><G126/><T89/><D89/><U115/><E115/><V33/><F9/><W132/><G132/><T85/><D85/><U71/><E97/><AGARI ba="0,1" hai="25,31,32,52,54,63,64,70,74,77,83,92,97,102" machi="97" ten="40,5200,0" yaku="1,1,52,1,54,1,53,0" doraHai="26" doraHaiUra="111" who="0" fromWho="1" sc="249,62,317,-52,184,0,240,0" /><INIT seed="4,0,0,3,4,131" ten="311,265,184,240" oya="0" hai0="109,11,94,72,100,46,78,91,110,89,65,43,35" hai1="17,50,16,106,37,93,135,61,4,103,88,25,95" hai2="55,27,49,51,77,6,117,18,75,47,118,9,85" hai3="111,132,30,5,44,105,26,13,64,41,14,54,12"/><T39/><D35/><U71/><E37/><V21/><F75/><W66/><G105/><T122/><D122/><U115/><E106/><V126/><F126/><W36/><G111/><N who="0" m="42507" /><D65/><U40/><E4/><V120/><F120/><W48/><G5/><T2/><D100/><U92/><E71/><V57/><F118/><W60/><G60/><T84/><D91/><U127/><E127/><V82/><F117/><W134/><G36/><T32/><D32/><U52/><E103/><V83/><F83/><W107/><G107/><T67/><D67/><U31/><E115/><V53/><F6/><W114/><G41/><T74/><D78/><U19/><E40/><V8/><AGARI ba="0,0" hai="8,9,18,21,27,47,49,51,53,55,57,77,82,85" machi="8" ten="30,2000,0" yaku="0,1,8,1" doraHai="131" who="2" fromWho="2" sc="311,-10,265,-5,184,20,240,-5" /><INIT seed="5,0,0,3,3,12" ten="301,260,204,235" oya="1" hai0="11,115,73,22,117,53,69,71,132,100,44,116,74" hai1="90,59,25,130,78,131,51,64,26,33,81,32,2" hai2="39,8,42,48,80,17,107,82,50,98,95,127,110" hai3="99,58,108,10,89,36,21,23,62,46,13,66,27"/><U111/><E2/><V5/><F39/><W118/><G108/><T122/><D100/><U34/><E90/><V40/><F107/><W123/><G123/><T20/><D11/><U56/><E111/><V3/><F127/><W61/><G118/><T75/><D44/><U67/><E51/><V79/><F110/><W18/><G62/><T92/><D92/><U52/><E81/><V106/><F106/><W55/><G36/><T0/><D0/><U84/><E84/><V93/><F93/><N who="3" m="56751" /><G27/><N who="1" m="10250" /><E78/><V72/><F82/><W101/><G101/><T124/><D75/><U125/><E125/><V83/><F83/><W15/><G15/><T133/><D124/><U128/><E52/><V49/><F42/><W109/><G109/><T31/><D53/><U63/><E63/><V88/><REACH who="2" step="1"/><F40/><REACH who="2" ten="301,260,194,235" step="2"/><W112/><G112/><T86/><D115/><U6/><E6/><V16/><AGARI ba="0,1" hai="3,5,8,16,17,48,49,50,72,79,80,88,95,98" machi="16" ten="30,12000,2" yaku="1,1,2,1,0,1,52,2,54,2,53,0" doraHai="12" doraHaiUra="65" who="2" fromWho="2" sc="301,-30,260,-60,194,130,235,-30" /><INIT seed="6,0,0,5,3,133" ten="271,200,324,205" oya="2" hai0="132,90,1,106,55,40,84,20,88,67,112,65,119" hai1="22,129,75,33,122,86,94,16,34,78,45,42,60" hai2="81,49,31,44,14,97,100,38,79,11,51,12,125" hai3="21,68,30,18,43,98,135,104,113,120,25,3,130"/><V115/><F115/><W101/><G120/><T52/><D106/><U23/><E75/><V24/><F38/><W35/><G135/><T41/><D1/><U73/><E73/><V103/><F125/><W64/><G113/><T46/><D119/><U47/><E122/><V116/><F116/><W4/><G43/><N who="0" m="16459" /><D132/><U134/><E134/><V39/><F39/><W15/><G130/><T77/><D77/><U87/><E42/><V6/><F14/><W109/><G109/><T69/><D69/><U27/><E129/><V9/><F9/><N who="3" m="2207" /><G64/><N who="0" m="24651" /><D112/><U111/><E60/><V70/><F70/><AGARI ba="0,0" hai="15,18,21,25,30,35,68,70,98,101,104" m="2207" machi="70" ten="30,1000,0" yaku="24,1" doraHai="133" who="3" fromWho="2" sc="271,0,200,0,324,-10,205,10" /><INIT seed="7,0,0,3,3,94" ten="271,200,314,215" oya="3" hai0="101,77,6,23,74,46,0,75,5,118,102,15,79" hai1="62,116,89,43,40,57,41,52,21,1,39,72,37" hai2="100,61,121,34,80,28,53,56,70,114,3,99,76" hai3="124,108,132,111,10,50,60,127,55,134,126,129,32"/><W54/><G32/><T18/><D118/><U35/><E35/><V36/><F3/><W16/><G10/><T69/><D69/><U106/><E1/><V117/><F36/><W85/><G85/><T92/><D0/><U44/><E72/><V73/><F117/><W98/><G129/><T48/><D75/><U91/><E116/><V95/><F114/><W31/><G31/><T84/><D74/><U68/><E106/><V125/><F125/><W97/><G16/><T2/><D2/><U135/><E135/><N who="3" m="51754" /><G60/><T25/><D25/><U63/><E21/><V12/><F12/><W112/><G112/><T103/><D92/><U105/><E105/><V11/><F11/><W90/><G54/><N who="0" m="29975" /><D84/><U88/><REACH who="1" step="1"/><E39/><REACH who="1" ten="271,190,314,215" step="2"/><V113/><F113/><W82/><G82/><T87/><D23/><U71/><E71/><V66/><F34/><W29/><G29/><T14/><D14/><U130/><E130/><V27/><F28/><W81/><G81/><T13/><D13/><U122/><E122/><V26/><F121/><W115/><G115/><T128/><D128/><U96/><E96/><N who="3" m="36970" /><G90/><T133/><D133/><U22/><E22/><V59/><F70/><W131/><G131/><T19/><D15/><U67/><AGARI ba="0,1" hai="37,40,41,43,44,52,57,62,63,67,68,88,89,91" machi="67" ten="30,7900,0" yaku="1,1,0,1,54,2,53,0" doraHai="94" doraHaiUra="78" who="1" fromWho="1" sc="271,-20,190,89,314,-20,215,-39" /><INIT seed="8,0,0,2,2,96" ten="251,279,294,176" oya="0" hai0="21,22,134,20,6,32,126,69,109,99,135,86,127" hai1="106,72,116,64,39,115,79,95,85,49,111,47,75" hai2="4,103,34,108,37,128,58,42,92,102,52,94,113" hai3="24,125,28,36,59,0,93,23,107,33,130,123,121"/><T46/><D69/><U81/><E106/><V77/><F34/><W124/><G107/><T27/><D86/><U30/><E111/><V7/><F113/><W89/><G36/><T83/><D83/><U117/><E39/><V26/><F108/><W97/><G59/><T66/><D46/><U50/><E115/><V56/><F42/><W5/><G130/><T54/><D54/><U90/><E30/><V71/><F71/><W129/><G129/><T25/><D66/><U104/><E104/><V120/><F120/><N who="3" m="46155" /><G33/><T105/><D99/><U65/><E75/><V35/><F37/><W14/><G0/><T55/><D55/><N who="1" m="30143" /><E50/><N who="2" m="30743" /><F35/><W131/><G131/><T70/><D70/><U12/><E12/><V11/><F26/><N who="0" m="9738" /><D105/><U60/><E60/><V68/><F68/><W16/><G5/><T98/><D98/><U82/><E95/><N who="2" m="36395" /><F7/><W118/><G118/><AGARI ba="0,0" hai="64,65,72,79,81,82,85,90,116,117,118" m="30143" machi="118" ten="30,1000,0" yaku="16,1" doraHai="96" who="1" fromWho="3" sc="251,0,279,10,294,0,176,-10" /><INIT seed="9,0,0,3,2,13" ten="251,289,294,166" oya="1" hai0="31,11,130,112,45,104,131,126,36,12,129,7,47" hai1="66,116,108,90,67,92,135,105,80,122,29,4,113" hai2="19,127,32,60,124,72,52,23,42,133,71,24,26" hai3="14,110,6,69,81,41,54,95,73,30,2,96,1"/><U134/><E105/><V50/><F72/><W97/><G110/><T74/><D112/><U77/><E113/><V111/><F111/><W76/><G69/><T123/><D74/><N who="1" m="43063" /><E108/><V78/><F78/><W35/><G41/><T118/><D104/><U102/><E102/><V85/><F85/><W53/><G96/><T88/><D123/><U16/><E122/><V63/><F42/><W51/><G35/><T109/><D109/><U17/><E29/><N who="2" m="19495" /><F71/><W49/><G30/><T132/><D36/><U0/><E116/><V18/><F18/><N who="1" m="7273" /><E4/><V46/><F133/><N who="1" m="50697" /><E0/><V89/><F89/><W94/><G2/><T56/><D88/><U87/><AGARI ba="0,0" hai="66,67,87,90,92" m="50697,7273,43063" machi="87" ten="30,12000,1" yaku="20,1,52,3,54,1" doraHai="13" who="1" fromWho="1" sc="251,-40,289,120,294,-40,166,-40" owari="211,-19.0,409,51.0,254,5.0,126,-37.0" /></mjloggm>