<mjloggm ver="2.3"><GO type="169" lobby="0"/><UN n0="%E3%83%87%E3%82%B8%E3%82%BF%E3%83%AB%E4%BB%99%E4%BA%BA" n1="%54%61%4E%61%6B%61" n2="%E3%82%A6%E3%83%AB%E3%83%88%E3%83%A9%E7%AB%8B%E7%9B%B4" n3="%6F%6E%65%73%74%61%72" dan="17,17,16,17" rate="2118.60,2125.39,2112.92,2143.04" sx="F,M,M,M"/><TAIKYOKU oya="0"/><INIT seed="0,0,0,3,0,121" ten="250,250,250,250" oya="0" hai0="61,105,118,53,98,44,112,120,32,102,64,17,79" hai1="95,128,117,124,46,55,135,11,7,132,51,39,70" hai2="24,82,26,78,101,14,76,65,59,10,113,54,19" hai3="116,41,18,99,106,49,52,122,47,133,67,129,108"/><T45/><D120/><U69/><E95/><V73/><F113/><W34/><G116/><T4/><D112/><U91/><E91/><V12/><F65/><W89/><G122/><T27/><D4/><U31/><E31/><V74/><F101/><N who="3" m="62783" /><G34/><T103/><D103/><U36/><E11/><V86/><F86/><W83/><G18/><T94/><D118/><U35/><E7/><V80/><REACH who="2" step="1"/><F14/><REACH who="2" ten="250,250,240,250" step="2"/><W97/><G97/><T131/><D64/><U5/><E117/><V92/><F92/><W71/><G67/><T2/><D94/><U66/><E66/><V88/><F88/><W107/><G89/><T48/><D79/><U119/><E119/><V6/><F6/><W58/><G107/><T134/><D2/><U85/><E85/><V33/><F33/><W16/><G83/><T50/><D32/><U114/><E35/><V43/><F43/><W13/><G41/><T87/><D87/><U81/><E5/><V20/><F20/><W1/><G1/><T123/><D123/><U96/><E114/><V84/><F84/><W68/><G71/><T0/><D0/><U9/><E70/><V90/><F90/><W63/><G68/><T42/><D102/><U15/><E15/><V25/><F25/><W93/><G93/><T23/><D105/><U56/><E69/><V29/><F29/><W127/><G13/><T72/><D27/><U104/><E104/><V30/><F30/><W125/><G16/><T110/><D17/><U111/><E9/><V100/><F100/><W75/><G52/><N who="0" m="29703" /><D23/><U38/><E81/><V8/><F8/><W3/><G3/><RYUUKYOKU ba="0,1" sc="250,-10,250,-10,240,30,250,-10" hai2="10,12,19,24,26,54,59,73,74,76,78,80,82" /><INIT seed="1,1,1,1,4,99" ten="240,240,270,240" oya="1" hai0="84,77,135,96,9,73,69,103,38,108,124,134,7" hai1="127,47,122,37,132,116,52,17,115,113,20,14,86" hai2="81,33,57,98,65,25,133,1,78,95,94,6,125" hai3="12,53,106,54,42,30,74,107,111,24,112,119,104"/><U40/><E122/><V87/><F125/><W68/><G111/><T58/><D69/><U105/><E116/><V83/><F133/><N who="0" m="50698" /><D108/><U36/><E132/><V27/><F33/><W39/><G119/><T2/><D124/><U67/><E67/><V19/><F6/><W4/><G112/><T35/><D35/><U18/><E127/><V126/><F1/><W82/><G68/><T130/><D130/><U3/><E3/><V43/><F43/><W50/><G39/><T101/><D96/><U28/><E28/><V16/><F126/><W48/><G42/><T56/><D73/><U109/><E109/><V15/><F95/><W29/><G74/><T45/><D45/><U117/><E117/><V75/><F19/><W92/><G82/><N who="0" m="47183" /><D38/><U34/><E34/><V13/><F81/><W88/><G50/><T0/><D0/><U51/><E37/><V63/><F75/><W110/><G110/><T55/><D58/><N who="1" m="33055" /><E115/><V97/><F97/><W11/><G48/><AGARI ba="1,1" hai="2,7,9,48,55,56,101,103" m="47183,50698" machi="48" ten="30,3900,0" yaku="20,1,52,2" doraHai="99" who="0" fromWho="3" sc="240,52,240,0,270,0,240,-42" /><INIT seed="2,0,0,2,3,60" ten="292,240,270,198" oya="2" hai0="76,135,122,39,33,43,0,77,50,25,63,58,3" hai1="104,51,46,131,28,85,34,1,103,91,101,16,66" hai2="65,32,42,94,54,82,45,18,69,113,36,132,119" hai3="93,26,9,86,17,48,10,127,14,111,44,102,23"/><V6/><F32/><W57/><G111/><T59/><D122/><U84/><E1/><V73/><F119/><W90/><G127/><T89/><D135/><U41/><E131/><V87/><F132/><W67/><G102/><T74/><D39/><U95/><E104/><V37/><F37/><W8/><G57/><T31/><D89/><U49/><E28/><V88/><F6/><W121/><G121/><T100/><D100/><U40/><E34/><V83/><F113/><W64/><G26/><T97/><D97/><U124/><E84/><V112/><F112/><W123/><G123/><T20/><D33/><U118/><E124/><V62/><F73/><W79/><G79/><T15/><D15/><U27/><E66/><V117/><F117/><W19/><G19/><T13/><D13/><U98/><E85/><V29/><F29/><W116/><G116/><T21/><D21/><N who="1" m="13735" /><E118/><V126/><F126/><W38/><G38/><T70/><D70/><U106/><E106/><V75/><F75/><W55/><AGARI ba="0,0" hai="8,9,10,14,17,23,44,48,55,64,67,86,90,93" machi="55" ten="30,7900,0" yaku="0,1,8,1,52,2" doraHai="60" who="3" fromWho="3" sc="292,-20,240,-20,270,-39,198,79" /><INIT seed="3,0,0,0,0,70" ten="272,220,231,277" oya="3" hai0="123,128,64,30,45,4,3,122,114,46,108,50,44" hai1="7,17,132,109,99,105,54,102,80,37,129,20,134" hai2="119,40,85,135,47,48,43,133,22,53,21,112,77" hai3="91,92,89,75,78,66,96,29,113,24,32,125,88"/><W93/><G125/><T115/><D30/><U118/><E7/><V15/><F119/><W6/><G113/><N who="0" m="43019" /><D4/><U27/><E109/><V79/><F112/><W95/><G66/><T62/><D3/><U58/><E118/><V26/><F15/><W74/><G78/><T110/><D50/><U5/><E5/><V104/><F21/><W28/><G96/><T49/><D49/><U71/><E71/><V94/><F104/><W38/><G38/><T121/><D128/><U41/><E80/><V36/><F94/><W57/><G57/><AGARI ba="0,0" hai="44,45,46,57,62,64,108,110,121,122,123" m="43019" machi="57" ten="40,5200,0" yaku="11,1,34,2" doraHai="70" who="0" fromWho="3" sc="272,52,220,0,231,0,277,-52" /><INIT seed="4,0,0,3,1,127" ten="324,220,231,225" oya="0" hai0="71,125,109,85,37,113,131,119,3,101,54,28,42" hai1="21,91,45,57,7,12,95,51,134,123,25,2,128" hai2="76,66,83,53,133,27,70,77,24,47,48,49,75" hai3="130,20,94,23,79,6,38,107,11,115,78,108,90"/><T60/><D119/><U135/><E123/><V118/><F118/><W74/><G115/><T80/><D125/><U34/><E34/><V92/><F133/><W36/><G107/><T26/><D113/><U39/><E39/><V88/><F77/><W29/><G108/><T15/><D3/><U82/><E2/><V121/><F121/><W63/><G63/><T112/><D112/><U106/><E106/><V122/><F122/><W9/><G29/><T32/><D109/><U99/><E82/><V16/><F66/><W55/><G94/><T68/><D101/><U98/><E57/><V114/><F70/><W129/><G55/><T5/><D37/><U1/><E1/><V126/><F126/><W111/><G111/><T87/><D42/><U89/><E12/><V84/><F114/><W14/><G14/><T61/><D71/><U73/><E7/><V67/><F67/><W104/><G104/><T93/><D68/><U97/><E73/><V17/><F49/><W44/><G90/><N who="1" m="34314" /><E95/><V10/><F10/><W4/><G44/><T81/><D93/><U43/><E135/><V13/><F13/><W116/><REACH who="3" step="1"/><G74/><REACH who="3" ten="324,220,231,215" step="2"/><T18/><D28/><N who="1" m="17455" /><E134/><V69/><F69/><W105/><G105/><T50/><D15/><U33/><E97/><N who="2" m="57479" /><F76/><W103/><G103/><T0/><D0/><U8/><E99/><V96/><F96/><W31/><G31/><T41/><D32/><U35/><E98/><V65/><F75/><W22/><G22/><T64/><D81/><U62/><E35/><V52/><F53/><W102/><G102/><T100/><D100/><U19/><E33/><RYUUKYOKU ba="0,1" sc="324,-10,220,-10,231,-10,215,30" hai3="4,6,9,11,20,23,36,38,78,79,116,129,130" /><INIT seed="5,1,1,1,1,120" ten="314,210,221,245" oya="1" hai0="30,89,69,61,44,66,16,19,32,101,117,41,85" hai1="67,100,18,36,112,123,80,76,110,63,35,20,68" hai2="48,64,7,17,92,116,8,119,134,90,87,114,104" hai3="81,118,132,70,111,37,25,106,13,115,72,74,121"/><U91/><E36/><V4/><F104/><W102/><G13/><T45/><D117/><U77/><E35/><V105/><F105/><W88/><G25/><T6/><D101/><U34/><E34/><V5/><F134/><W56/><G56/><T97/><D97/><U54/><E123/><V23/><F114/><W1/><G88/><T128/><D128/><U126/><E100/><V40/><F8/><W109/><G81/><T55/><D6/><U11/><E112/><V135/><F135/><W42/><G102/><T78/><D78/><U96/><E126/><V59/><F40/><W51/><G51/><T75/><D75/><U31/><E31/><V93/><F93/><W52/><G52/><T125/><D125/><U50/><E110/><V124/><F124/><W24/><G42/><T53/><D32/><U103/><E11/><V2/><F2/><W108/><G24/><T14/><D30/><U46/><E91/><V83/><F83/><W122/><G109/><T29/><D29/><U79/><E80/><V113/><F113/><W58/><G121/><T98/><D19/><U57/><E68/><V107/><F107/><W71/><G70/><T0/><D69/><U127/><E127/><V94/><F94/><W130/><G111/><T99/><D89/><U22/><REACH who="1" step="1"/><E18/><REACH who="1" ten="314,200,221,245" step="2"/><V28/><F28/><W95/><G108/><T86/><D16/><U47/><E47/><V12/><F119/><W33/><G122/><T38/><D45/><U62/><E62/><N who="2" m="37983" /><F116/><W39/><G118/><T49/><D38/><U26/><E26/><V84/><F48/><W129/><G115/><RYUUKYOKU ba="1,2" sc="314,-15,200,15,221,15,245,-15" hai1="20,22,46,50,54,57,63,67,76,77,79,96,103" hai2="4,5,7,12,17,23,84,87,90,92" /><INIT seed="5,2,2,3,4,131" ten="299,215,236,230" oya="1" hai0="134,20,79,110,62,29,10,38,68,105,81,99,122" hai1="3,74,14,119,42,31,41,84,118,116,44,7,58" hai2="6,2,135,78,64,125,107,63,91,106,120,36,82" hai3="27,0,123,129,95,48,65,22,69,26,56,97,23"/><U112/><E74/><V33/><F91/><W71/><G129/><T72/><D122/><U46/><E3/><V96/><F33/><W77/><G123/><T126/><D110/><U30/><E84/><V75/><F120/><W94/><G0/><T117/><D117/><U45/><E58/><V98/><F98/><W49/><G56/><T86/><D38/><U39/><E112/><V108/><F108/><W18/><G65/><T85/><D126/><U54/><E54/><V89/><F89/><W61/><G61/><T130/><D10/><U80/><E80/><V47/><F96/><W67/><G67/><T28/><D130/><U17/><E7/><V113/><F113/><W73/><G97/><T5/><D5/><U115/><E115/><V83/><F83/><W40/><G18/><T21/><D99/><U53/><E53/><V93/><F93/><W60/><G60/><T52/><D105/><N who="2" m="39946" /><F125/><W4/><G4/><T51/><D86/><U100/><E100/><V11/><F63/><W59/><G59/><T9/><D85/><U12/><E45/><V55/><F64/><W109/><G109/><T76/><D62/><U13/><REACH who="1" step="1"/><E17/><REACH who="1" ten="299,205,236,230" step="2"/><V66/><F55/><W35/><G73/><T92/><D52/><U103/><E103/><V16/><F16/><W101/><G101/><T70/><D72/><U87/><E87/><V57/><F57/><W104/><G104/><T114/><D114/><U37/><AGARI ba="2,3" hai="12,13,14,30,31,37,39,41,42,44,46,116,118,119" machi="37" ten="40,7800,0" yaku="1,1,0,1,9,1,53,0" doraHai="131" doraHaiUra="15" who="1" fromWho="1" sc="299,-28,205,114,236,-28,230,-28" /><INIT seed="5,3,0,1,2,120" ten="271,319,208,202" oya="1" hai0="68,62,48,105,107,81,66,1,21,111,53,125,126" hai1="42,122,17,132,96,32,72,20,130,121,115,87,124" hai2="116,55,135,129,35,106,70,118,0,127,64,108,80" hai3="49,84,131,101,19,54,95,22,69,39,10,2,76"/><U36/><E72/><V50/><F80/><N who="3" m="47111" /><G39/><T86/><D1/><U37/><E32/><V14/><F14/><N who="3" m="7639" /><G2/><T99/><D21/><U8/><E8/><V83/><F83/><W90/><G69/><T123/><D111/><U112/><E132/><V92/><F92/><W88/><G131/><T85/><D99/><U15/><E130/><V71/><F50/><W63/><G63/><T114/><D114/><N who="1" m="43563" /><E124/><N who="0" m="47721" /><D123/><N who="1" m="47115" /><E42/><V24/><F35/><W6/><G6/><T25/><D25/><U45/><E45/><V30/><F24/><W11/><G11/><T94/><D94/><U100/><E87/><N who="0" m="33289" /><D81/><U79/><E79/><V93/><F0/><W56/><G22/><T60/><D60/><U5/><E5/><V58/><F127/><W117/><G117/><T9/><D9/><U104/><AGARI ba="3,0" hai="15,17,20,36,37,96,100,104" m="47115,43563" machi="104" ten="30,1500,0" yaku="15,1" doraHai="120" who="1" fromWho="1" sc="271,-8,319,24,208,-8,202,-8" /><INIT seed="5,4,0,4,2,53" ten="263,343,200,194" oya="1" hai0="21,36,66,34,130,23,98,70,45,120,55,2,31" hai1="11,107,118,28,134,91,77,113,26,110,30,112,16" hai2="0,17,10,51,79,80,8,81,18,122,29,59,115" hai3="132,104,19,39,42,35,56,133,64,119,3,73,126"/><U127/><E107/><V88/><F122/><W24/><G104/><T67/><D120/><U7/><E77/><V89/><F29/><N who="1" m="11369" /><E91/><N who="2" m="34891" /><F0/><W58/><G73/><T38/><D130/><U46/><E46/><V71/><F71/><W1/><G35/><T87/><D2/><N who="3" m="521" /><G126/><T128/><D128/><U114/><E118/><V83/><F79/><W123/><G64/><T32/><D70/><U4/><E127/><V129/><F129/><W37/><G123/><T106/><D106/><U92/><E92/><V65/><F115/><W13/><G24/><T12/><D87/><U43/><E43/><V41/><F41/><W86/><G86/><T33/><D98/><U9/><E134/><N who="3" m="51818" /><G119/><T96/><D96/><U27/><E110/><V14/><F14/><W68/><G68/><T75/><D12/><N who="1" m="7199" /><E7/><V72/><F72/><W135/><N who="3" m="51826" /><W60/><DORA hai="105" /><G60/><T100/><D75/><U102/><E102/><V108/><F108/><W116/><G116/><T61/><D100/><U63/><E63/><N who="2" m="38143" /><F51/><W121/><G121/><T50/><D61/><U40/><E40/><V47/><F47/><N who="3" m="24015" /><G39/><T78/><D36/><U48/><E48/><V22/><F22/><AGARI ba="4,0" hai="13,19,22,56,58" m="24015,51826,521" machi="22" ten="40,5200,0" yaku="20,1,52,2" doraHai="53,105" who="3" fromWho="2" sc="263,0,343,0,200,-64,194,64" /><INIT seed="6,0,0,3,1,79" ten="263,343,136,258" oya="2" hai0="52,91,24,34,82,10,133,62,118,48,123,60,73" hai1="65,135,127,22,7,132,1,100,68,129,69,56,8" hai2="80,86,72,12,116,33,76,41,3,71,16,58,88" hai3="44,87,119,53,113,26,101,81,54,89,0,75,84"/><V64/><F33/><W47/><G119/><T11/><D123/><U94/><E22/><V9/><F116/><W130/><G0/><T13/><D118/><U107/><E107/><V124/><F124/><W50/><G75/><T105/><D105/><U45/><E45/><V23/><F41/><W114/><G130/><T15/><D133/><U67/><E129/><V131/><F131/><W93/><G101/><T27/><D34/><U98/><E127/><V92/><F71/><N who="1" m="27209" /><E56/><V125/><F125/><W28/><G54/><T14/><D73/><U30/><E30/><V70/><F70/><W106/><G106/><T97/><D97/><U31/><E31/><V21/><REACH who="2" step="1"/><F3/><REACH who="2" ten="263,343,126,258" step="2"/><W96/><G113/><T59/><D10/><U134/><AGARI ba="0,1" hai="1,7,8,65,67,94,98,100,132,134,135" m="27209" machi="134" ten="40,1500,0" yaku="20,1" doraHai="79" who="1" fromWho="1" sc="263,-4,343,25,126,-7,258,-4" /><INIT seed="7,0,0,5,2,24" ten="259,368,119,254" oya="3" hai0="124,76,126,15,97,18,132,98,129,14,3,34,119" hai1="72,105,13,65,120,113,116,29,88,4,41,9,128" hai2="19,42,86,31,48,39,83,75,7,33,61,71,81" hai3="27,68,78,59,16,44,80,12,21,89,28,107,133"/><W35/><G133/><T8/><D119/><U94/><E105/><V90/><F39/><W111/><G111/><T36/><D3/><U100/><E72/><V122/><F122/><W10/><G107/><T70/><D36/><U85/><E41/><V60/><F71/><W131/><G131/><T22/><D34/><U25/><E120/><V63/><F7/><W123/><G123/><T106/><D70/><U38/><E38/><V52/><F42/><W74/><G68/><T37/><D37/><U46/><E113/><V117/><F117/><W115/><G115/><T32/><D32/><U64/><E46/><V56/><F75/><W49/><G59/><T99/><D106/><U96/><E128/><V77/><F77/><W53/><REACH who="3" step="1"/><G89/><REACH who="3" ten="259,368,119,244" step="2"/><T127/><D129/><U109/><E109/><V51/><F51/><W92/><G92/><T134/><D76/><U104/><E116/><V82/><REACH who="2" step="1"/><F19/><AGARI ba="0,1" hai="8,14,15,18,19,22,97,98,99,124,126,127,132,134" machi="19" ten="50,1600,0" yaku="18,1" doraHai="24" who="0" fromWho="2" sc="259,26,368,0,119,-16,244,0" owari="285,9.0,368,47.0,103,-40.0,244,-16.0" /></mjloggm>