<mjloggm ver="2.3"><GO type="41" lobby="0"/><UN n0="%E7%99%BD%E3%81%84%E7%B7%91%E3%81%AE%E8%B5%A4%E3%81%84%E9%BB%92" n1="%6F%67%61%5F%73%68" n2="%E3%82%A6%E3%83%AB%E3%83%88%E3%83%A9%E7%AB%8B%E7%9B%B4" n3="%42%2D%4D%41%58%EF%BC%97" dan="13,13,15,13" rate="1820.83,1879.63,1976.12,1825.54" sx="F,M,M,M"/><TAIKYOKU oya="0"/><INIT seed="0,0,0,0,1,63" ten="250,250,250,250" oya="0" hai0="40,39,1,2,134,116,7,22,46,85,31,37,115" hai1="98,72,25,128,47,92,56,79,93,102,91,71,67" hai2="94,66,9,135,113,12,106,17,118,133,114,68,119" hai3="44,4,103,53,52,23,57,124,82,55,78,13,29"/><T104/><D104/><U111/><E71/><V107/><F94/><W110/><G124/><T10/><D116/><N who="2" m="44586" /><F106/><W75/><G110/><T6/><D115/><N who="2" m="44042" /><F107/><W89/><G89/><T32/><D32/><U19/><E111/><V38/><F38/><W74/><G74/><T58/><D134/><N who="2" m="51210" /><F68/><W121/><G121/><T59/><D39/><U99/><E93/><V122/><F66/><W81/><G81/><T15/><D85/><U54/><E67/><V48/><F48/><W18/><G44/><T77/><D77/><U117/><E47/><V112/><F112/><W108/><G108/><T109/><D109/><U34/><E92/><V80/><F80/><W30/><G4/><T33/><D6/><U130/><E117/><V129/><F129/><W11/><G23/><T73/><D73/><U88/><E72/><V101/><F101/><W70/><G70/><T16/><REACH who="0" step="1"/><D1/><REACH who="0" ten="240,250,250,250" step="2"/><U83/><E130/><V132/><F132/><W43/><G78/><T126/><D126/><U14/><E79/><V60/><F60/><W24/><G75/><T45/><D45/><U42/><E128/><V62/><F62/><W97/><G82/><T127/><D127/><U21/><E99/><V50/><F50/><W120/><G97/><T125/><D125/><U65/><E83/><V8/><F122/><W35/><G120/><T86/><D86/><U61/><E98/><V51/><F51/><W95/><G95/><T3/><D3/><U105/><E105/><V49/><F49/><W64/><G43/><T100/><D100/><U84/><E102/><V76/><F76/><W0/><G103/><RYUUKYOKU ba="0,1" sc="240,15,250,-15,250,15,250,-15" hai0="2,7,10,15,16,22,31,33,37,40,46,58,59" hai2="8,9,12,17" /><INIT seed="0,1,1,3,1,102" ten="255,235,265,235" oya="0" hai0="35,119,64,46,56,131,118,97,8,36,108,91,40" hai1="14,65,30,122,70,37,95,111,0,55,100,45,66" hai2="115,7,54,93,105,15,51,104,113,2,68,57,128" hai3="120,72,21,99,24,96,50,26,134,12,87,32,107"/><T17/><D35/><U114/><E122/><V126/><F2/><W78/><G72/><T39/><D39/><U1/><E114/><V62/><F115/><W59/><G120/><T129/><D108/><U92/><E30/><V19/><F113/><W11/><G134/><T18/><D56/><U84/><E84/><V27/><F126/><W125/><G125/><T41/><D64/><U133/><E37/><V101/><F128/><N who="0" m="49226" /><D40/><U22/><E22/><V80/><F27/><N who="3" m="10283" /><G107/><T121/><D121/><U73/><E73/><V116/><F7/><N who="3" m="3199" /><G21/><T5/><D91/><U82/><E100/><V69/><F116/><N who="0" m="44586" /><D97/><U43/><E111/><V86/><F69/><W85/><G32/><T127/><D127/><U49/><E70/><V60/><F68/><W77/><G59/><T23/><D23/><U38/><E43/><V10/><F62/><W9/><G9/><T89/><D89/><U4/><E38/><V25/><F60/><W75/><G50/><T31/><D31/><U33/><E49/><V3/><F51/><W124/><G124/><T61/><D61/><U130/><E33/><V106/><F57/><W98/><G78/><T76/><D76/><U58/><E58/><V16/><F54/><W34/><G34/><T83/><D83/><U20/><E82/><V52/><F52/><W132/><G75/><T44/><D44/><U67/><E55/><V42/><F42/><W79/><G132/><T48/><D36/><U112/><E45/><V74/><F74/><W94/><G87/><T63/><D63/><U13/><E133/><V88/><F86/><W109/><G109/><RYUUKYOKU ba="1,1" sc="255,15,235,-15,265,-15,235,15" hai0="5,8,17,18,41,46,48" hai3="77,79,85,94,96,98,99" /><INIT seed="0,2,1,5,5,45" ten="270,220,250,250" oya="0" hai0="104,47,99,123,12,1,55,22,90,134,54,83,120" hai1="23,8,88,59,27,42,86,72,67,11,78,128,111" hai2="18,130,122,49,131,24,63,107,105,106,35,89,17" hai3="61,125,58,113,48,15,16,124,87,19,30,95,41"/><T109/><D1/><U77/><E128/><N who="2" m="49195" /><F122/><W93/><G113/><T117/><D117/><U115/><E115/><V13/><F63/><W2/><G2/><T9/><D134/><U0/><E0/><V96/><F89/><W85/><G30/><T126/><D126/><N who="3" m="48745" /><G19/><N who="2" m="7177" /><F13/><W129/><G129/><T118/><D118/><U114/><E114/><V56/><F96/><W97/><G41/><T14/><D22/><U10/><E72/><V91/><F91/><W25/><G25/><T39/><D99/><U69/><E69/><V66/><F66/><W34/><G34/><T57/><D120/><U50/><E67/><V6/><F6/><W92/><G97/><T108/><D14/><U82/><E111/><V43/><F43/><W21/><G61/><T98/><D123/><U60/><E60/><V119/><F119/><W62/><G62/><T127/><D127/><U4/><E4/><V32/><F24/><W31/><G31/><T26/><D26/><U81/><E42/><V94/><F94/><W65/><G65/><T116/><D116/><U135/><E135/><V121/><F121/><W132/><G132/><T103/><D12/><U33/><E33/><V5/><F5/><W100/><G100/><T7/><D7/><U40/><E40/><V102/><F102/><W75/><G75/><T68/><D103/><U71/><E27/><V37/><F37/><W38/><G38/><T28/><D39/><U84/><E23/><V52/><AGARI ba="2,1" hai="32,35,49,52,56,105,106,107" m="7177,49195" machi="52" ten="40,5200,0" yaku="19,1,52,1,54,1" doraHai="45" who="2" fromWho="2" sc="270,-28,220,-15,250,68,250,-15" /><INIT seed="1,0,0,1,2,68" ten="242,205,318,235" oya="1" hai0="128,8,57,134,18,119,100,97,126,33,95,27,16" hai1="108,22,92,43,24,67,73,48,46,90,28,81,58" hai2="99,112,10,6,3,75,117,107,32,40,86,4,13" hai3="88,14,93,23,71,91,96,80,135,94,65,82,118"/><U116/><E116/><V120/><F117/><W63/><G118/><T104/><D119/><RYUUKYOKU type="kaze4" ba="0,0" sc="242,0,205,0,318,0,235,0" /><INIT seed="1,1,0,2,3,42" ten="242,205,318,235" oya="1" hai0="107,33,24,14,123,109,71,65,91,89,108,127,13" hai1="93,120,43,37,38,59,25,34,45,96,23,77,29" hai2="26,15,19,8,116,60,47,5,28,46,67,100,79" hai3="90,4,126,97,6,9,44,12,70,62,92,134,64"/><U131/><E120/><V85/><F116/><W66/><G126/><T115/><D127/><U51/><E131/><V22/><F100/><W128/><G134/><T69/><D115/><U102/><E34/><V10/><F85/><W104/><G128/><T114/><D114/><U74/><E74/><V112/><F79/><W133/><G133/><T61/><D123/><U7/><E77/><V17/><F112/><W21/><G66/><T31/><D71/><U78/><E78/><V119/><F119/><W110/><G110/><N who="0" m="42603" /><D107/><U30/><E30/><V27/><F19/><W48/><G21/><T3/><D3/><U72/><E72/><V103/><F103/><W117/><G117/><T63/><D63/><U41/><E7/><V56/><F27/><W54/><REACH who="3" step="1"/><G6/><REACH who="3" ten="242,205,318,225" step="2"/><T121/><D121/><U95/><E95/><V16/><F17/><W111/><G111/><T49/><D65/><U52/><REACH who="1" step="1"/><E43/><REACH who="1" ten="242,195,318,225" step="2"/><V32/><F32/><W18/><G18/><T105/><D33/><U83/><E83/><V35/><F35/><W124/><G124/><T50/><D105/><AGARI ba="1,2" hai="4,9,12,44,48,54,62,64,70,90,92,97,104,105" machi="105" ten="40,5200,0" yaku="1,1,52,1,53,1" doraHai="42" doraHaiUra="40" who="3" fromWho="0" sc="242,-55,195,0,318,0,225,75" /><INIT seed="2,0,0,2,1,28" ten="187,195,318,300" oya="2" hai0="86,98,118,69,18,44,27,94,74,83,25,52,135" hai1="120,79,122,106,114,43,26,21,95,89,46,62,129" hai2="5,61,130,103,96,23,24,65,71,13,37,132,35" hai3="107,4,101,16,73,49,3,29,60,111,10,14,51"/><V47/><F130/><W70/><G73/><T12/><D69/><U32/><E106/><N who="2" m="63847" /><F23/><W100/><G111/><T1/><D1/><U124/><E129/><V128/><F13/><W8/><G107/><T119/><D74/><U0/><E0/><V85/><F85/><W117/><G117/><N who="0" m="44555" /><D135/><U91/><E79/><V90/><F90/><W36/><G36/><T11/><D94/><U109/><E91/><V53/><F53/><W55/><G29/><T92/><D92/><U40/><E109/><V76/><F76/><W121/><G121/><T45/><D98/><U2/><E2/><V63/><F63/><W131/><G131/><T22/><D52/><U97/><E62/><V17/><F17/><W125/><G51/><T112/><D112/><U64/><E43/><N who="2" m="23023" /><F5/><W87/><G87/><T9/><D27/><U78/><E40/><V68/><F128/><W108/><G108/><T57/><D57/><U75/><E89/><V123/><F123/><W30/><G101/><T127/><D127/><U105/><E95/><V126/><F126/><W7/><G100/><T58/><D58/><U93/><E124/><V15/><F15/><W99/><G125/><T82/><D82/><U102/><E122/><V104/><F132/><W38/><G99/><T88/><D11/><U77/><E93/><V67/><F104/><W116/><G38/><T39/><D39/><U34/><E105/><V81/><F81/><W134/><G116/><T115/><D115/><U19/><E114/><V72/><F72/><W6/><G134/><T66/><D66/><N who="2" m="25098" /><F61/><W59/><G60/><T50/><D50/><RYUUKYOKU ba="0,0" sc="187,15,195,-15,318,15,300,-15" hai0="9,12,18,22,25,44,45,83,86,88" hai2="24,35,68,71" /><INIT seed="2,1,0,3,3,66" ten="202,180,333,285" oya="2" hai0="30,121,10,27,5,70,34,57,45,90,84,113,119" hai1="81,86,79,132,26,72,124,56,118,88,135,117,133" hai2="54,53,8,48,92,47,63,134,20,105,39,122,9" hai3="1,123,93,49,129,98,64,37,36,116,102,52,21"/><V51/><F105/><W97/><G123/><T7/><D113/><U77/><E26/><V28/><F39/><W17/><G129/><T83/><D121/><U107/><E56/><V128/><F134/><W19/><G1/><T78/><D119/><N who="1" m="45579" /><E124/><V62/><F128/><W68/><G98/><T16/><D70/><U74/><E107/><V71/><F92/><W32/><G32/><T126/><D126/><U80/><E80/><V103/><F103/><W89/><G102/><T76/><D76/><AGARI ba="1,0" hai="72,74,76,77,79,81,86,88,132,133,135" m="45579" machi="76" ten="40,8000,1" yaku="20,1,34,2,54,1" doraHai="66" who="1" fromWho="0" sc="202,-83,180,83,333,0,285,0" /><INIT seed="3,0,0,0,1,43" ten="119,263,333,285" oya="3" hai0="131,58,68,78,92,55,118,64,37,50,89,1,107" hai1="22,76,19,42,98,33,80,128,49,31,132,46,66" hai2="115,54,41,111,56,70,88,32,63,104,135,20,86" hai3="81,84,122,18,119,123,113,10,96,40,6,91,85"/><W95/><G119/><T47/><D1/><U99/><E132/><V126/><F32/><W11/><G113/><T101/><D118/><U28/><E128/><V83/><F104/><W62/><G85/><T116/><D116/><U26/><E31/><V102/><F135/><W110/><G62/><T65/><D131/><U4/><E66/><V21/><F115/><W57/><G57/><T25/><D78/><U87/><REACH who="1" step="1"/><E4/><REACH who="1" ten="119,253,333,285" step="2"/><V67/><F126/><W114/><G114/><T3/><D65/><U34/><E34/><V71/><F111/><W79/><G110/><T72/><D64/><U120/><E120/><V93/><F70/><W117/><G117/><T16/><D68/><U13/><AGARI ba="0,1" hai="13,19,22,26,28,33,42,46,49,76,80,87,98,99" machi="13" ten="20,5200,0" yaku="1,1,0,1,7,1,52,1,53,0" doraHai="43" doraHaiUra="53" who="1" fromWho="1" sc="119,-13,253,62,333,-13,285,-26" /><INIT seed="4,0,0,1,0,80" ten="106,315,320,259" oya="0" hai0="132,86,75,28,32,25,95,0,129,18,133,36,126" hai1="111,134,96,104,100,128,9,114,15,16,115,118,1" hai2="69,85,122,125,77,87,21,2,23,46,7,61,42" hai3="39,99,72,98,6,35,117,103,24,88,66,12,105"/><T47/><D75/><U56/><E118/><V135/><F122/><W50/><G39/><T37/><D0/><U120/><E120/><V48/><F125/><W112/><G72/><T52/><D126/><U27/><E111/><V90/><F135/><N who="0" m="51786" /><D129/><U65/><E128/><V109/><F109/><W49/><G117/><T68/><D18/><U82/><E134/><V67/><F7/><W92/><G112/><N who="1" m="43050" /><E82/><V123/><F2/><W101/><G101/><T127/><D68/><U130/><E130/><V93/><F123/><W43/><G43/><T45/><D127/><U29/><E1/><V40/><F40/><W54/><G66/><T8/><D8/><U97/><E100/><V31/><F31/><W63/><G35/><T107/><D107/><U131/><E104/><V55/><F42/><W19/><G24/><T14/><D14/><U53/><E65/><V38/><F38/><N who="0" m="14954" /><D52/><U26/><E26/><V20/><REACH who="2" step="1"/><F77/><REACH who="2" ten="106,315,310,259" step="2"/><W78/><G78/><T10/><D10/><U34/><E131/><V70/><F70/><W73/><G6/><T22/><D32/><U33/><E33/><V30/><F30/><W11/><G73/><T102/><D102/><U124/><E124/><V89/><F89/><AGARI ba="0,1" hai="22,25,28,45,47,86,89,95" m="14954,51786" machi="89" ten="30,2900,0" yaku="20,1,52,1" doraHai="80" who="0" fromWho="2" sc="106,39,315,0,310,-29,259,0" /><INIT seed="4,1,0,4,3,58" ten="145,315,281,259" oya="0" hai0="60,134,13,120,99,40,37,67,42,59,122,36,7" hai1="51,68,25,31,86,46,110,84,44,64,106,74,6" hai2="39,49,19,77,88,55,83,2,38,34,3,0,73" hai3="30,109,35,79,135,94,27,132,47,113,119,133,123"/><T29/><D29/><U65/><E74/><V28/><F28/><W95/><G119/><T80/><D134/><U63/><E106/><V18/><F34/><W131/><G109/><T97/><D80/><U23/><E110/><V114/><F114/><W20/><G113/><T12/><D7/><U112/><E112/><V52/><F39/><W53/><G123/><T108/><D108/><U81/><E6/><V17/><F38/><W45/><G79/><T85/><D85/><U105/><E105/><V130/><F130/><W117/><G117/><T124/><D124/><U98/><E98/><V76/><F76/><W102/><G102/><T8/><D59/><U101/><E101/><V57/><F55/><W82/><G82/><T22/><D22/><U56/><E46/><N who="3" m="17418" /><G131/><T54/><D54/><U15/><E15/><V14/><REACH who="2" step="1"/><F88/><REACH who="2" ten="145,315,271,259" step="2"/><W72/><G53/><T4/><D37/><U5/><E31/><V69/><F69/><W93/><G35/><T90/><D36/><U103/><E68/><V96/><F96/><N who="0" m="36938" /><D90/><U92/><E81/><V107/><F107/><W89/><G89/><T111/><D111/><U24/><E103/><V62/><F62/><W116/><G116/><T11/><D122/><U118/><E63/><V121/><F121/><W127/><G127/><T43/><D120/><U41/><E118/><V16/><F16/><W129/><G129/><T115/><D115/><U100/><E100/><V87/><F87/><W50/><G72/><T91/><D91/><U21/><E86/><V128/><F128/><W9/><G50/><T10/><D4/><U61/><E84/><RYUUKYOKU ba="1,1" sc="145,10,315,-30,271,10,259,10" hai0="8,10,11,12,13,40,42,43,60,67" hai2="0,2,3,14,17,18,19,49,52,57,73,77,83" hai3="9,20,27,30,93,94,95,132,133,135" /><INIT seed="4,2,1,0,1,65" ten="155,285,281,269" oya="0" hai0="61,112,12,127,29,63,16,76,54,34,130,40,103" hai1="48,85,120,10,132,122,32,100,39,7,36,8,126" hai2="25,30,58,49,17,89,57,55,45,68,56,35,125" hai3="131,117,6,28,82,123,92,87,102,124,79,20,80"/><T134/><D112/><U60/><E32/><V9/><F125/><W13/><G117/><T70/><D127/><U0/><E126/><V74/><F74/><W69/><G124/><T95/><D40/><U110/><E110/><V5/><F17/><W99/><G131/><T111/><D130/><U105/><E85/><V75/><F75/><W1/><G1/><T116/><D116/><U4/><E48/><V94/><F68/><W18/><G69/><T72/><D72/><U135/><E60/><N who="0" m="23113" /><D70/><U47/><E100/><V133/><F133/><N who="1" m="51273" /><E105/><V59/><F59/><W129/><G129/><T91/><D111/><U114/><E114/><V31/><F31/><W90/><G123/><N who="1" m="47146" /><E47/><V15/><F45/><W41/><G41/><T44/><D34/><U23/><E23/><V53/><F53/><W42/><G42/><T93/><D76/><U81/><E81/><V3/><F3/><AGARI ba="2,1" hai="0,3,4,7,8,10,36,39" m="47146,51273" machi="3" ten="30,2000,0" yaku="20,1,23,1" doraHai="65" who="1" fromWho="2" sc="155,0,285,36,281,-26,269,0" /><INIT seed="5,0,0,3,1,10" ten="155,321,255,269" oya="1" hai0="2,72,27,109,80,86,62,78,20,128,49,29,45" hai1="125,0,9,85,14,18,13,66,21,130,73,57,55" hai2="76,59,11,113,35,67,56,50,84,23,110,94,99" hai3="71,19,98,105,87,75,15,101,100,123,79,53,69"/><U33/><E73/><V111/><F35/><W89/><G123/><T42/><D109/><U120/><E120/><V135/><F135/><W82/><G101/><T8/><D128/><U3/><E33/><V32/><F32/><W65/><G65/><T104/><D104/><U106/><E106/><V5/><F113/><W39/><G39/><T127/><D127/><U4/><E130/><V131/><F131/><W28/><G28/><T52/><D2/><U96/><E66/><V6/><F6/><W22/><REACH who="3" step="1"/><G53/><REACH who="3" ten="155,321,255,259" step="2"/><T88/><D8/><U58/><E125/><V16/><F67/><W1/><G1/><T112/><D112/><U114/><E114/><V121/><F121/><W70/><G70/><T51/><D62/><U92/><E58/><V97/><F50/><W102/><G102/><T118/><D118/><U40/><E40/><V36/><F59/><W48/><G48/><T30/><D29/><U63/><REACH who="1" step="1"/><E85/><REACH who="1" ten="155,311,255,259" step="2"/><V116/><F56/><W47/><G47/><N who="0" m="27775" /><D72/><U60/><E60/><V132/><F111/><W74/><G74/><T91/><AGARI ba="0,2" hai="20,27,30,42,45,49,78,80,86,88,91" m="27775" machi="91" ten="30,4000,0" yaku="8,1,54,2" doraHai="10" who="0" fromWho="0" sc="155,60,311,-20,255,-10,259,-10" /><INIT seed="6,0,0,4,5,88" ten="215,291,245,249" oya="2" hai0="68,19,40,27,108,39,64,7,41,116,78,129,54" hai1="133,109,11,77,17,53,134,81,104,91,25,42,28" hai2="35,63,132,32,103,6,74,55,121,61,66,57,126" hai3="47,44,85,73,60,71,36,1,72,110,112,131,127"/><V92/><F74/><W31/><G110/><T106/><D108/><U84/><E104/><V23/><F121/><W4/><G31/><T30/><D106/><U90/><E109/><V98/><F126/><W34/><G85/><T79/><D129/><U97/><E42/><V14/><F132/><N who="1" m="50793" /><E53/><V58/><F6/><W130/><G34/><T125/><D7/><U99/><E11/><V38/><F38/><W87/><G127/><T37/><D125/><U93/><E17/><V111/><F111/><W76/><G71/><T119/><D19/><U59/><E59/><V16/><AGARI ba="0,0" hai="14,16,23,32,35,55,57,58,61,63,66,92,98,103" machi="16" ten="30,6000,0" yaku="0,1,52,1,54,1" doraHai="88" who="2" fromWho="2" sc="215,-20,291,-20,245,60,249,-20" /><INIT seed="6,1,0,5,5,134" ten="195,271,305,229" oya="2" hai0="100,29,86,123,19,40,69,110,119,27,124,52,41" hai1="53,133,36,106,11,31,93,23,132,127,2,16,5" hai2="116,70,89,10,60,74,87,48,77,128,1,103,68" hai3="67,39,121,108,61,120,15,58,44,38,105,122,91"/><V49/><F116/><W81/><G105/><T43/><D110/><U135/><E106/><V102/><F77/><W54/><G15/><T8/><D69/><U46/><E93/><V71/><F74/><W66/><G81/><T115/><D115/><U79/><E53/><V97/><F128/><W94/><G108/><T18/><D123/><U6/><E79/><V96/><F60/><W112/><G112/><T99/><D119/><U20/><E46/><V25/><F25/><W37/><G94/><N who="0" m="58487" /><D124/><U4/><E127/><V85/><F10/><W34/><G34/><T35/><D35/><U109/><E36/><V24/><F24/><W51/><REACH who="3" step="1"/><G91/><REACH who="3" ten="195,271,305,219" step="2"/><T92/><D8/><U83/><E83/><V12/><F12/><W42/><AGARI ba="1,1" hai="37,38,39,42,44,51,54,58,61,66,67,120,121,122" machi="42" ten="40,12000,2" yaku="1,1,2,1,0,1,34,3,53,0" doraHai="134" doraHaiUra="111" who="3" fromWho="3" sc="195,-31,271,-31,305,-61,219,133" /><INIT seed="7,0,0,0,1,32" ten="164,240,244,352" oya="3" hai0="82,88,41,127,126,101,45,125,53,123,113,44,52" hai1="68,118,135,95,78,83,3,19,98,15,67,29,122" hai2="5,1,110,35,24,54,115,49,89,97,129,80,70" hai3="14,63,61,37,10,106,48,13,57,33,86,100,69"/><W50/><G37/><T107/><D123/><U84/><E122/><V131/><F70/><W72/><G72/><T77/><D113/><U108/><E108/><V91/><F110/><W90/><G33/><T4/><D4/><U105/><E118/><V124/><F124/><W121/><G121/><T9/><D101/><U116/><E116/><V30/><F115/><W65/><G100/><T43/><D107/><U2/><E105/><V134/><F134/><W79/><G79/><T21/><D21/><U27/><E135/><V96/><F1/><W46/><G106/><T74/><D9/><U11/><E67/><V85/><F5/><W75/><G75/><T62/><D62/><U112/><E68/><V114/><F114/><W20/><G20/><T34/><D34/><U71/><E71/><V120/><F120/><W56/><G46/><T26/><D26/><U60/><E60/><V58/><F91/><W109/><G69/><T16/><D16/><U12/><E12/><N who="3" m="4714" /><G10/><T102/><D102/><U111/><E111/><V103/><F103/><W0/><G0/><T40/><REACH who="0" step="1"/><D88/><REACH who="0" ten="154,240,244,352" step="2"/><U132/><E112/><V87/><F89/><W93/><G109/><T17/><D17/><U6/><E19/><V28/><F24/><W42/><G42/><T31/><D31/><U7/><E7/><V133/><F30/><W51/><G51/><T104/><D104/><U94/><E132/><V64/><F133/><W18/><G18/><T119/><D119/><U92/><E98/><V55/><F97/><W22/><G22/><T81/><D81/><U36/><E36/><V59/><F80/><RYUUKYOKU ba="0,1" sc="154,10,240,10,244,-30,352,10" hai0="40,41,43,44,45,52,53,74,77,82,125,126,127" hai1="2,3,6,11,15,27,29,78,83,84,92,94,95" hai3="48,50,56,57,61,63,65,86,90,93" owari="164,-34.0,250,5.0,214,-19.0,372,48.0" /></mjloggm>