<mjloggm ver="2.3"><GO type="97" lobby="0"/><UN n0="%E3%82%A6%E3%83%AB%E3%83%88%E3%83%A9%E7%AB%8B%E7%9B%B4" n1="%E3%82%A6%E3%82%B7%E3%82%AA%E3%81%8F%E3%82%93" n2="%E9%BB%92%E7%8C%AB%EF%BC%BE%EF%BC%8D%EF%BC%BE" n3="%35%31%32%31%39%35%31%35" dan="15,13,15,14" rate="2050.48,1917.64,2054.32,1854.74" sx="M,M,M,M"/><TAIKYOKU oya="0"/><INIT seed="0,0,0,2,4,74" ten="250,250,250,250" oya="0" hai0="135,106,68,41,115,34,123,85,84,22,27,47,86" hai1="55,24,37,12,50,11,53,75,2,17,54,97,40" hai2="62,43,35,129,121,98,72,56,21,82,131,9,63" hai3="28,113,60,45,7,87,78,42,57,89,39,104,134"/><T95/><D106/><U100/><E2/><V18/><F35/><W14/><G104/><T96/><D68/><U105/><E37/><V6/><F121/><W125/><G134/><T20/><D123/><U83/><E24/><V110/><F110/><W91/><G125/><T127/><D115/><U13/><E12/><V108/><F108/><W93/><G28/><T64/><D64/><U59/><E40/><V26/><F98/><W46/><G46/><T117/><D117/><U65/><E65/><V116/><F43/><W58/><G113/><T8/><D127/><U132/><E132/><V66/><F116/><W92/><G60/><T61/><D61/><U32/><E32/><V126/><F126/><W36/><G36/><T94/><D135/><U51/><E51/><V49/><F49/><N who="3" m="26807" /><G78/><T70/><D70/><U103/><E103/><V112/><F112/><W130/><G130/><N who="2" m="49673" /><F56/><N who="3" m="21611" /><G39/><T48/><D8/><U29/><REACH who="1" step="1"/><E29/><REACH who="1" ten="250,240,250,250" step="2"/><V109/><F109/><W19/><G19/><T30/><D34/><U76/><AGARI ba="0,1" hai="11,13,17,50,53,54,55,59,75,76,83,97,100,105" machi="76" ten="30,7900,0" yaku="1,1,2,1,0,1,52,1,53,0" doraHai="74" doraHaiUra="0" who="1" fromWho="1" sc="250,-39,240,89,250,-20,250,-20" /><INIT seed="1,0,0,1,0,46" ten="211,329,230,230" oya="1" hai0="104,111,83,105,15,92,41,70,94,24,11,75,79" hai1="36,130,119,6,14,48,121,107,55,22,38,64,0" hai2="62,108,50,39,77,12,76,126,85,114,80,59,32" hai3="128,125,16,2,123,101,99,81,116,112,90,9,91"/><U134/><E119/><V89/><F39/><W68/><G2/><T118/><D70/><U47/><E121/><V82/><F32/><W29/><G68/><T103/><D118/><U97/><E0/><V23/><F108/><W10/><G29/><T122/><D41/><U7/><E134/><V113/><F126/><W88/><G123/><T28/><D122/><U57/><E130/><V3/><F3/><W44/><G112/><N who="2" m="43113" /><F80/><W61/><G116/><T135/><D135/><U33/><E33/><V66/><F50/><W26/><G125/><T124/><D124/><U69/><E6/><V1/><F1/><W19/><G61/><T18/><D111/><U131/><E131/><V127/><F127/><W93/><G128/><T20/><D103/><U65/><E69/><V25/><F12/><W5/><G5/><T49/><D94/><U72/><E72/><V31/><AGARI ba="0,0" hai="23,25,31,59,62,66,76,77,82,85,89" m="43113" machi="31" ten="30,1100,0" yaku="11,1" doraHai="46" who="2" fromWho="2" sc="211,-3,329,-5,230,11,230,-3" /><INIT seed="2,0,0,4,3,99" ten="208,324,241,227" oya="2" hai0="85,40,96,5,60,120,45,19,73,55,11,118,72" hai1="64,53,100,127,4,131,35,42,116,81,115,84,90" hai2="132,58,16,79,56,113,12,61,47,101,119,69,25" hai3="106,51,49,7,93,10,3,102,134,43,77,135,88"/><V94/><F113/><W39/><G77/><T62/><D120/><U89/><E115/><V122/><F122/><W75/><G75/><T111/><D118/><U67/><E116/><V70/><F119/><W87/><G39/><T6/><D111/><U24/><E127/><V38/><F79/><W0/><G0/><T95/><D85/><U124/><E124/><V112/><F112/><W21/><G21/><T108/><D108/><U22/><E35/><V2/><F2/><W83/><G106/><T71/><D19/><U33/><E33/><V52/><F25/><W109/><G109/><T31/><D31/><U114/><E114/><V107/><F107/><W86/><G43/><T20/><D20/><U57/><E4/><V54/><F132/><N who="3" m="50731" /><G87/><T92/><D92/><U44/><E89/><V50/><F38/><W34/><G34/><T117/><D6/><U129/><E129/><V78/><F78/><W82/><G82/><T105/><D105/><U27/><E27/><V9/><REACH who="2" step="1"/><F47/><REACH who="2" ten="208,324,231,227" step="2"/><W74/><G74/><T97/><D117/><U126/><E44/><V59/><F59/><W65/><G65/><T14/><D73/><U8/><E64/><V29/><F29/><W80/><G80/><T28/><D72/><U121/><E67/><V91/><F91/><W32/><G32/><T18/><D28/><U103/><E81/><V98/><AGARI ba="0,1" hai="9,12,16,50,52,54,56,58,61,69,70,94,98,101" machi="98" ten="30,12000,1" yaku="1,1,0,1,52,1,54,2,53,0" doraHai="99" doraHaiUra="68" who="2" fromWho="2" sc="208,-40,324,-40,231,130,227,-40" /><INIT seed="2,1,0,3,0,107" ten="168,284,361,187" oya="2" hai0="103,79,52,135,26,134,113,11,5,109,118,120,130" hai1="41,126,81,90,75,10,45,65,46,94,83,40,63" hai2="114,21,119,62,54,15,38,116,0,97,4,67,85" hai3="121,102,91,96,128,8,70,56,87,37,98,22,132"/><V125/><F114/><W2/><G70/><T61/><D113/><U82/><E126/><V122/><F122/><W31/><G37/><T3/><D120/><U51/><E10/><V39/><F125/><W123/><G2/><T110/><D103/><U124/><E124/><V88/><F97/><W57/><G8/><T86/><D26/><U106/><E106/><V36/><F54/><W69/><G69/><T95/><D130/><U76/><E63/><V108/><F0/><W48/><G132/><N who="0" m="50731" /><D118/><U72/><E65/><V53/><F53/><W115/><G128/><T17/><D17/><U23/><E23/><V100/><F100/><W59/><G115/><T84/><D95/><U25/><E25/><V35/><F35/><W9/><G9/><T16/><D16/><U89/><E90/><V49/><F4/><W30/><G123/><T64/><D64/><U117/><E117/><V24/><F15/><W50/><G121/><T18/><D18/><U7/><E7/><V111/><F21/><W28/><G22/><T112/><D112/><U32/><E32/><V77/><F24/><W131/><G131/><T43/><D43/><U73/><E89/><V27/><F27/><W71/><G71/><T29/><D29/><U127/><E127/><V20/><F20/><W92/><REACH who="3" step="1"/><G102/><REACH who="3" ten="168,284,361,177" step="2"/><T104/><D11/><U6/><E6/><V33/><F119/><W19/><G19/><T47/><D5/><U133/><E133/><V13/><F116/><W101/><G101/><T12/><D3/><U60/><E60/><V93/><F62/><W1/><G1/><T55/><D61/><RYUUKYOKU ba="1,1" sc="168,-10,284,-10,361,-10,177,30" hai3="28,30,31,48,50,56,57,59,87,91,92,96,98" /><INIT seed="3,2,1,1,5,55" ten="158,274,351,207" oya="3" hai0="28,126,100,97,76,30,112,36,128,111,70,56,43" hai1="118,86,92,84,94,103,64,61,11,59,78,129,13" hai2="91,57,53,74,109,75,73,22,110,105,26,63,127" hai3="33,44,19,47,8,50,18,15,93,77,104,89,16"/><W99/><G33/><T108/><D70/><U25/><E129/><V41/><F127/><W3/><G104/><T116/><D43/><U29/><E118/><V60/><F41/><W95/><G3/><T62/><D36/><U6/><E78/><V67/><F105/><W10/><G77/><T35/><D116/><U31/><E31/><V14/><F14/><N who="3" m="7239" /><G19/><T40/><D40/><U12/><E12/><V87/><F73/><W9/><G50/><T120/><D120/><U42/><E42/><V58/><F109/><N who="0" m="42058" /><D76/><U115/><E115/><V79/><F110/><W65/><G65/><N who="0" m="39111" /><D35/><U23/><E92/><V69/><F79/><W39/><G39/><T71/><D71/><U2/><E2/><V85/><F69/><W83/><G83/><T37/><D37/><U119/><E119/><V48/><F48/><W125/><G125/><T98/><D126/><U133/><E133/><V68/><F68/><W54/><G54/><T1/><D1/><U34/><E34/><V123/><F123/><W81/><G81/><T24/><D24/><U131/><E131/><V66/><F53/><W5/><G5/><T117/><D128/><U130/><E130/><V114/><F114/><W49/><G49/><T20/><D117/><U46/><E46/><N who="3" m="17450" /><G95/><N who="0" m="58431" /><D112/><U72/><E72/><V90/><F75/><W134/><G134/><T17/><D98/><AGARI ba="2,1" hai="6,11,13,23,25,29,59,61,64,84,86,94,98,103" machi="98" ten="40,8000,1" yaku="25,2,8,1,52,1" doraHai="55" who="1" fromWho="0" sc="158,-86,274,96,351,0,207,0" owari="72,-43.0,370,47.0,351,15.0,207,-19.0" /></mjloggm>