<mjloggm ver="2.3"><GO type="97" lobby="0"/><UN n0="%E3%81%B1%E3%81%A1%E3%82%87%E3%82%8A%E3%83%BC" n1="%65%76%61%63%61%6E%69%61" n2="%E3%82%A6%E3%83%AB%E3%83%88%E3%83%A9%E7%AB%8B%E7%9B%B4" n3="%E3%81%82%E3%82%89%E3%81%84%E3%82%82%E3%81%AE" dan="14,15,13,15" rate="1889.90,2008.10,1855.26,1957.40" sx="F,M,M,M"/><TAIKYOKU oya="0"/><INIT seed="0,0,0,3,5,121" ten="250,250,250,250" oya="0" hai0="21,16,131,102,20,112,114,70,45,51,3,116,19" hai1="7,99,83,103,80,24,113,100,26,85,69,52,74" hai2="47,72,31,43,34,111,15,87,5,50,89,98,59" hai3="22,6,49,105,91,101,88,127,104,8,92,33,63"/><T125/><D116/><U28/><E69/><V39/><F72/><W37/><G33/><T9/><D125/><U60/><E113/><V75/><F75/><W56/><G37/><T17/><D131/><U126/><E7/><V29/><F34/><W81/><G127/><T130/><D70/><U122/><E126/><V46/><F111/><W77/><G49/><T106/><D130/><U53/><E74/><V0/><F0/><W61/><G91/><T10/><D102/><U32/><E122/><V90/><F59/><W13/><G22/><T71/><D106/><U133/><E133/><V36/><F98/><W110/><G110/><T108/><D71/><U94/><E60/><V57/><F57/><W124/><G124/><T79/><D108/><U123/><E123/><V66/><F66/><W120/><G120/><T97/><D97/><U44/><E44/><V134/><F134/><W115/><G115/><T40/><D79/><U78/><E83/><V12/><F5/><W1/><G1/><T132/><D132/><U86/><E86/><V11/><F11/><W65/><G101/><T30/><D3/><U84/><E84/><V55/><F39/><W128/><G63/><T119/><D119/><U42/><E42/><V2/><F2/><W109/><G109/><T27/><REACH who="0" step="1"/><D21/><REACH who="0" ten="240,250,250,250" step="2"/><N who="1" m="15375" /><E103/><V4/><F89/><W48/><G128/><T82/><D82/><U54/><E32/><V14/><F90/><W38/><G105/><T68/><D68/><U73/><E73/><V62/><F87/><W41/><G104/><T58/><D58/><U118/><E118/><V76/><F76/><RYUUKYOKU ba="0,1" sc="240,15,250,15,250,-15,250,-15" hai0="9,10,16,17,19,20,27,30,40,45,51,112,114" hai1="26,52,53,54,78,80,85,94,99,100" /><INIT seed="0,1,1,2,4,43" ten="255,265,235,235" oya="0" hai0="56,118,75,17,83,60,13,93,29,107,114,68,19" hai1="129,41,121,37,14,112,27,54,86,79,101,70,126" hai2="61,100,64,125,127,134,130,55,62,110,9,78,30" hai3="66,119,106,44,8,4,16,40,90,131,6,77,20"/><T15/><D114/><U26/><E70/><V97/><F110/><W128/><G119/><T28/><D107/><U76/><E121/><V1/><F130/><N who="3" m="49707" /><G106/><T109/><D68/><U115/><E126/><N who="2" m="48139" /><F134/><W34/><G34/><T80/><D109/><U48/><E41/><V2/><F30/><W10/><G66/><T57/><D93/><U21/><E37/><V87/><F55/><W105/><G105/><T72/><REACH who="0" step="1"/><D60/><REACH who="0" ten="245,265,235,235" step="2"/><U89/><E129/><V132/><F62/><W67/><G67/><T22/><D22/><U98/><E115/><V117/><F117/><AGARI ba="1,2" hai="13,15,17,19,28,29,56,57,72,75,80,83,117,118" machi="117" ten="25,12000,1" yaku="1,1,22,2,53,2" doraHai="43" doraHaiUra="11" who="0" fromWho="2" sc="245,143,265,0,235,-123,235,0" /><INIT seed="0,2,0,1,5,131" ten="388,265,112,235" oya="0" hai0="58,62,59,53,7,10,2,114,60,69,99,135,110" hai1="20,38,66,105,15,44,111,85,78,46,72,128,123" hai2="71,106,102,12,119,45,126,130,55,5,82,31,120" hai3="36,57,23,108,115,3,75,77,84,0,47,118,92"/><T1/><D114/><U124/><E72/><V122/><F71/><W76/><G115/><T49/><D135/><U35/><E35/><V42/><F130/><W54/><G118/><T104/><D110/><U4/><E105/><V17/><F119/><W9/><G108/><T51/><D69/><U28/><E111/><V37/><F126/><W33/><G33/><T74/><D74/><U19/><E123/><V125/><F125/><W86/><G23/><T29/><D29/><U89/><E78/><V107/><F31/><W64/><G64/><T96/><D2/><U73/><E73/><V98/><F107/><W83/><G77/><T80/><D104/><U50/><E66/><V121/><F5/><W8/><G8/><T79/><D99/><U90/><E128/><V87/><F55/><W97/><G0/><T94/><D80/><U109/><E109/><V134/><F134/><W133/><G133/><T113/><D79/><U34/><E38/><V127/><F127/><W101/><G57/><T91/><REACH who="0" step="1"/><D113/><REACH who="0" ten="378,265,112,235" step="2"/><U11/><E124/><V56/><F56/><W16/><G3/><T67/><AGARI ba="2,1" hai="1,7,10,49,51,53,58,59,60,62,67,91,94,96" machi="67" ten="20,12000,1" yaku="1,1,2,1,0,1,7,1,53,1" doraHai="131" doraHaiUra="63" who="0" fromWho="0" sc="378,136,265,-42,112,-42,235,-42" /><INIT seed="0,3,0,1,4,69" ten="514,223,70,193" oya="0" hai0="125,62,43,79,15,94,53,27,112,111,3,74,8" hai1="123,50,2,109,18,54,17,39,70,102,52,75,26" hai2="34,134,89,82,6,7,113,5,41,55,131,103,76" hai3="129,115,110,10,45,42,13,4,88,99,38,81,120"/><T40/><D125/><U106/><E109/><V126/><F34/><W77/><G115/><T56/><D3/><U33/><E75/><V35/><F35/><W101/><G110/><T122/><D112/><U47/><E2/><V49/><F113/><W0/><G129/><T67/><D122/><U135/><E123/><V36/><F126/><W72/><G120/><T127/><D127/><U59/><E70/><V71/><F131/><W104/><G13/><T19/><D111/><U73/><E73/><V12/><F71/><W118/><REACH who="3" step="1"/><G88/><REACH who="3" ten="514,223,70,183" step="2"/><T11/><D79/><U85/><E102/><V130/><F103/><W44/><G44/><T121/><D121/><U108/><E47/><V132/><F89/><W23/><G23/><T114/><D114/><U46/><E108/><V60/><F12/><W37/><G37/><T22/><D74/><U105/><E39/><V31/><F130/><W93/><G93/><T96/><D11/><U91/><E105/><V86/><F36/><W51/><G51/><T97/><D97/><U65/><E106/><V21/><F132/><W58/><G58/><T100/><REACH who="0" step="1"/><D67/><REACH who="0" ten="504,223,70,183" step="2"/><U80/><E65/><V78/><F134/><W63/><G63/><T66/><D66/><U68/><E135/><V95/><F60/><W117/><AGARI ba="3,2" hai="0,4,10,38,42,45,72,77,81,99,101,104,117,118" machi="117" ten="30,12000,2" yaku="1,1,0,1,25,2,23,2,52,1,53,0" doraHai="69" doraHaiUra="48" who="3" fromWho="3" sc="504,-63,223,-33,70,-33,183,149" /><INIT seed="1,0,0,0,5,95" ten="441,190,37,332" oya="1" hai0="123,64,7,45,41,42,20,99,79,60,3,49,53" hai1="84,85,108,40,92,70,13,32,91,46,93,33,23" hai2="63,61,58,1,118,9,106,124,120,82,101,56,71" hai3="14,27,88,96,100,113,30,127,62,107,104,2,78"/><U94/><E70/><V116/><F71/><W65/><G113/><T114/><D114/><U131/><E131/><V80/><F124/><W74/><G127/><T29/><D123/><U105/><E105/><V59/><F106/><W103/><G14/><T126/><D79/><U122/><E122/><V75/><F9/><W125/><G125/><T134/><D134/><U26/><E13/><V68/><F68/><W10/><G103/><T83/><D83/><U110/><E32/><V69/><F69/><W117/><G107/><T0/><D0/><U51/><E33/><V18/><F120/><W38/><G38/><T97/><D126/><U8/><E8/><V73/><F101/><W119/><G78/><T52/><D7/><U21/><E21/><V135/><F18/><W55/><G65/><T111/><D3/><U67/><E67/><V129/><F1/><W128/><G74/><T47/><D64/><U19/><REACH who="1" step="1"/><E85/><REACH who="1" ten="441,180,37,332" step="2"/><V66/><F66/><W98/><G128/><T22/><D29/><U86/><E86/><V72/><F129/><W39/><G10/><T34/><D34/><U132/><E132/><V89/><F135/><W28/><G2/><T24/><D24/><U54/><E54/><V17/><F17/><W16/><G55/><T57/><D22/><U37/><E37/><V12/><F12/><W6/><G16/><T76/><D20/><U112/><E112/><V87/><REACH who="2" step="1"/><F80/><AGARI ba="0,1" hai="19,23,26,40,46,51,80,84,91,92,93,94,108,110" machi="80" ten="40,2000,0" yaku="1,1,53,0" doraHai="95" doraHaiUra="31" who="1" fromWho="2" sc="441,0,180,30,37,-20,332,0" /><INIT seed="1,1,0,4,3,66" ten="441,210,17,332" oya="1" hai0="124,64,58,112,40,106,44,78,48,21,13,51,65" hai1="93,116,18,86,52,126,115,79,62,121,81,16,1" hai2="60,120,118,67,109,4,103,49,125,46,72,97,87" hai3="25,33,32,69,61,104,122,80,111,14,24,54,8"/><U11/><E115/><V99/><F72/><W127/><G122/><T6/><D106/><U22/><E116/><V74/><F120/><W108/><G127/><T92/><D112/><U133/><E121/><V27/><F74/><W9/><G104/><T5/><D78/><U38/><E38/><V114/><F118/><W83/><G54/><N who="0" m="32071" /><D124/><U29/><E133/><V105/><F114/><W129/><G61/><T47/><D47/><U98/><E126/><V91/><F125/><W123/><G123/><T102/><D5/><U42/><E42/><V30/><F4/><W82/><G129/><T57/><D57/><N who="1" m="35111" /><E1/><V12/><F12/><W10/><G14/><T76/><D76/><U31/><E11/><V71/><F109/><W59/><G59/><T117/><D117/><U45/><E45/><V131/><F131/><W20/><G20/><T34/><D34/><U7/><E7/><V50/><F97/><W63/><G63/><T75/><D75/><U0/><E0/><V3/><F46/><W39/><G69/><T135/><D135/><U100/><E18/><V36/><F36/><W41/><G41/><T134/><D134/><U26/><AGARI ba="1,0" hai="16,22,26,29,31,79,81,86,93,98,100" m="35111" machi="26" ten="30,6000,0" yaku="8,1,54,2" doraHai="66" who="1" fromWho="1" sc="441,-21,210,63,17,-21,332,-21" owari="420,52.0,273,-13.0,-4,-50.0,311,11.0" /></mjloggm>