<mjloggm ver="2.3"><GO type="97" lobby="0"/><UN n0="%4D%61%6D%65%2D%79%61" n1="%73%66%68%6E%36%30" n2="%6B%69%6E%6E%74%79%6F%75" n3="%E3%82%A6%E3%83%AB%E3%83%88%E3%83%A9%E7%AB%8B%E7%9B%B4" dan="15,13,14,14" rate="2059.74,1859.28,1891.55,1966.96" sx="M,M,M,M"/><TAIKYOKU oya="0"/><INIT seed="0,0,0,5,2,67" ten="250,250,250,250" oya="0" hai0="111,49,64,75,117,69,1,20,122,55,116,9,27" hai1="108,84,81,82,85,62,59,30,96,8,57,43,112" hai2="70,131,23,106,12,58,36,98,14,28,61,83,91" hai3="10,123,102,94,74,109,41,77,63,130,89,129,80"/><T71/><D122/><U50/><E112/><V68/><F36/><W21/><G123/><T128/><D75/><U99/><E108/><V78/><F131/><N who="3" m="50187" /><G109/><T134/><D111/><U53/><E30/><V7/><F106/><W32/><G32/><T86/><D128/><U73/><E73/><V88/><F98/><N who="3" m="59735" /><G41/><T72/><D72/><U87/><E8/><V40/><F40/><W38/><G38/><T13/><D1/><U45/><E59/><V121/><F121/><W6/><G21/><T52/><D86/><U76/><REACH who="1" step="1"/><E87/><REACH who="1" ten="250,240,250,250" step="2"/><N who="2" m="48631" /><F28/><W11/><G11/><T22/><D9/><U101/><E101/><V93/><F7/><W119/><G10/><T47/><D116/><U42/><E42/><V48/><F23/><W37/><G119/><T125/><D22/><U66/><E66/><V124/><F14/><W35/><G35/><T3/><D13/><U34/><E34/><V90/><F12/><W19/><G6/><T120/><D64/><U65/><E65/><V26/><F26/><W24/><G24/><T115/><D115/><U0/><E0/><V56/><F58/><W113/><G113/><T51/><D3/><U114/><E114/><V127/><F56/><W39/><G19/><T44/><D117/><U31/><E31/><V133/><F61/><W126/><G63/><T95/><D120/><U105/><E105/><V60/><F60/><W25/><G25/><T29/><D27/><U110/><E110/><V18/><F18/><W16/><G16/><T103/><D29/><U79/><AGARI ba="0,1" hai="43,45,50,53,57,62,76,79,81,82,84,85,96,99" machi="79" ten="20,8000,1" yaku="1,1,0,1,7,1,9,1,8,1,53,0" doraHai="67" doraHaiUra="100" who="1" fromWho="1" sc="250,-40,240,90,250,-20,250,-20" /><INIT seed="1,0,0,0,0,55" ten="210,330,230,230" oya="1" hai0="66,17,62,1,111,123,99,6,15,5,118,2,53" hai1="106,12,86,117,51,105,92,78,3,107,94,115,83" hai2="46,23,89,84,9,101,122,82,116,47,96,41,97" hai3="22,33,60,93,44,40,45,134,109,8,31,79,91"/><U68/><E68/><V64/><F122/><W10/><G33/><T135/><D118/><U98/><E3/><V63/><F116/><W87/><G109/><T95/><D111/><U128/><E12/><V39/><F47/><W74/><G134/><T76/><D123/><U26/><E26/><V67/><F67/><W80/><G44/><T29/><D29/><U75/><E51/><V48/><F39/><W113/><G113/><T81/><D53/><U4/><E4/><V126/><F126/><W124/><G124/><T77/><D1/><U104/><E117/><V65/><F65/><W21/><G60/><T112/><D112/><U114/><E128/><V88/><F101/><W50/><G31/><T121/><D135/><U59/><E59/><N who="2" m="36991" /><F9/><W38/><G38/><T24/><D24/><U30/><E30/><V36/><F36/><W69/><G69/><T42/><D42/><U132/><E132/><V25/><F89/><W70/><G70/><N who="0" m="42327" /><D2/><U57/><E57/><V43/><F43/><W133/><G133/><T13/><D13/><U125/><E125/><V27/><F27/><W37/><G37/><T32/><D32/><U130/><E130/><V49/><F49/><W0/><G0/><T54/><D54/><U90/><N who="1" m="27136" /><DORA hai="35" /><U56/><E56/><V108/><F108/><W58/><G58/><T73/><D77/><U19/><E19/><AGARI ba="0,0" hai="19,23,25,41,46,48,82,84,88,96,97" m="36991" machi="19" ten="30,3900,0" yaku="8,1,52,1,54,1" doraHai="55,35" who="2" fromWho="1" sc="210,0,330,-39,230,39,230,0" /><INIT seed="2,0,0,5,3,111" ten="210,291,269,230" oya="2" hai0="28,73,41,70,64,60,134,0,97,5,55,24,1" hai1="58,133,12,9,25,62,50,8,77,44,124,36,13" hai2="66,129,53,81,17,130,32,37,89,100,114,84,48" hai3="29,19,96,91,38,22,30,15,101,87,76,16,126"/><V123/><F123/><W51/><G38/><T121/><D121/><U59/><E36/><V33/><F37/><W31/><G126/><T54/><D73/><U6/><E124/><V11/><F66/><W39/><G39/><T69/><D41/><U71/><E133/><V75/><F100/><W90/><G51/><T45/><D134/><U127/><E127/><V109/><F114/><W110/><G110/><T46/><D97/><U35/><E77/><V95/><F109/><W3/><G3/><T98/><D98/><U82/><E82/><V113/><F113/><W61/><G61/><T49/><D5/><U10/><E10/><V56/><F75/><W104/><G76/><T57/><D70/><U34/><E25/><V63/><F81/><W27/><REACH who="3" step="1"/><G87/><REACH who="3" ten="210,291,269,220" step="2"/><T14/><D1/><U132/><E132/><V40/><F63/><W102/><G102/><T85/><D85/><U78/><E78/><V23/><F40/><W42/><G42/><T131/><D0/><U119/><E119/><V103/><F103/><W86/><G86/><T67/><D60/><U94/><E71/><V18/><F33/><W79/><G79/><T106/><D49/><U107/><E35/><V105/><F32/><W93/><G93/><T135/><D69/><U4/><E34/><V43/><F43/><W74/><G74/><T108/><D135/><U116/><E116/><V112/><F105/><W7/><G7/><T47/><D108/><U21/><E94/><V118/><F118/><W92/><G92/><T20/><D106/><U2/><E107/><V83/><F95/><W115/><G115/><RYUUKYOKU ba="0,1" sc="210,-10,291,-10,269,-10,220,30" hai3="15,16,19,22,27,29,30,31,90,91,96,101,104" /><INIT seed="3,1,1,3,3,38" ten="200,281,259,250" oya="3" hai0="8,24,42,15,37,27,78,23,105,32,13,26,0" hai1="134,87,68,114,44,122,43,9,94,79,120,90,4" hai2="132,59,2,92,30,124,21,39,84,58,57,115,18" hai3="89,33,110,35,104,74,22,5,34,48,133,29,117"/><W56/><G104/><T125/><D105/><U102/><E114/><V67/><F115/><W101/><G74/><T55/><D78/><U25/><E68/><V46/><F2/><W71/><G71/><T51/><D37/><U91/><E134/><V69/><F132/><W88/><G101/><T119/><D42/><U50/><E25/><N who="0" m="9833" /><D51/><U52/><E102/><V12/><F30/><W6/><G117/><T86/><D86/><U75/><E75/><V41/><F124/><W126/><G126/><T40/><D40/><U20/><E20/><V47/><F47/><W130/><G133/><T72/><D55/><U77/><E91/><N who="3" m="34890" /><G130/><T10/><D72/><U95/><E95/><V108/><F108/><W61/><G110/><T36/><D36/><U31/><E31/><V112/><F112/><W16/><G48/><T80/><D80/><U113/><E113/><V97/><F84/><W62/><G29/><N who="0" m="19519" /><D125/><U106/><E106/><V118/><F118/><W128/><G128/><T81/><D81/><U85/><E85/><V45/><F45/><W98/><G98/><T121/><D119/><U7/><E7/><N who="3" m="2570" /><G56/><T129/><D129/><U17/><E17/><V64/><REACH who="2" step="1"/><F69/><REACH who="2" ten="200,281,249,250" step="2"/><W96/><G96/><T49/><D0/><U19/><E19/><V82/><F82/><W111/><G111/><T93/><D121/><U14/><REACH who="1" step="1"/><E43/><REACH who="1" ten="200,271,249,250" step="2"/><V60/><F60/><N who="3" m="23147" /><G16/><T1/><D1/><U28/><E28/><V127/><F127/><W66/><G22/><T11/><D23/><U131/><E131/><V83/><F83/><W70/><G70/><T109/><D109/><U116/><E116/><RYUUKYOKU ba="1,3" sc="200,-30,271,10,249,10,250,10" hai1="4,9,14,44,50,52,77,79,87,90,94,120,122" hai2="12,18,21,39,41,46,57,58,59,64,67,92,97" hai3="33,34,35,66" /><INIT seed="3,2,3,2,4,60" ten="170,281,259,260" oya="3" hai0="104,4,80,103,48,74,126,36,111,62,81,11,61" hai1="130,56,26,92,110,57,35,55,42,64,99,32,101" hai2="97,38,14,22,49,133,77,121,37,134,5,40,29" hai3="47,83,44,52,90,70,13,18,0,117,51,65,98"/><W127/><G0/><T8/><D36/><U1/><E1/><V84/><F121/><W9/><G117/><T87/><D74/><U89/><E110/><V79/><F97/><W53/><G127/><T124/><D111/><U2/><E2/><V17/><F29/><W33/><G33/><T78/><D104/><U39/><E130/><V46/><F5/><W106/><G106/><T88/><D103/><U95/><E26/><V120/><F120/><W118/><G118/><T115/><D115/><U76/><E76/><V7/><F7/><W43/><G70/><T25/><D25/><U100/><E39/><V31/><F31/><W131/><G131/><T30/><D30/><U66/><E42/><V85/><F38/><W91/><G65/><N who="1" m="25194" /><E35/><V108/><F108/><W23/><G47/><T125/><D48/><N who="1" m="30823" /><E32/><V102/><F102/><N who="1" m="39529" /><E95/><V10/><F37/><W3/><G3/><N who="0" m="31" /><D11/><U122/><E122/><V112/><F10/><W86/><G9/><T28/><D28/><U119/><E119/><V113/><F113/><W15/><G15/><T50/><D50/><U109/><E109/><V93/><F112/><W27/><G27/><T129/><D129/><U54/><E54/><V6/><F6/><W105/><G105/><T132/><D132/><N who="2" m="50794" /><F93/><AGARI ba="2,3" hai="13,18,23,43,44,51,52,53,83,86,90,91,93,98" machi="93" ten="40,3900,0" yaku="8,1,54,1" doraHai="60" who="3" fromWho="2" sc="170,0,281,0,259,-45,260,75" owari="170,-33.0,281,8.0,214,-19.0,335,44.0" /></mjloggm>