<mjloggm ver="2.3"><GO type="169" lobby="0"/><UN n0="%E3%81%91%E3%82%93%31%39%37%30" n1="%73%5F%6F%6B" n2="%E3%83%A8%E3%82%B3%E3%83%A8%E3%82%B3" n3="%E3%82%A6%E3%83%AB%E3%83%88%E3%83%A9%E7%AB%8B%E7%9B%B4" dan="16,17,16,16" rate="2139.39,2140.90,2104.40,2085.56" sx="M,M,M,M"/><TAIKYOKU oya="0"/><INIT seed="0,0,0,0,3,102" ten="250,250,250,250" oya="0" hai0="36,43,91,118,89,53,62,135,26,37,122,79,110" hai1="11,14,127,95,65,104,97,115,56,0,120,96,101" hai2="16,33,46,2,128,63,126,73,20,54,45,116,9" hai3="134,35,4,94,15,1,124,130,70,76,99,61,10"/><T39/><D118/><U105/><E120/><V30/><F116/><W131/><G35/><T77/><D122/><U74/><E0/><V7/><F128/><N who="3" m="49195" /><G76/><T59/><D43/><U34/><E74/><V107/><F126/><W5/><G5/><T58/><D135/><U100/><E127/><V121/><F121/><W21/><G124/><T80/><D79/><U83/><E34/><V67/><F73/><W82/><G82/><T72/><D110/><U68/><E68/><V114/><F114/><W38/><G38/><T50/><REACH who="0" step="1"/><D26/><REACH who="0" ten="240,250,250,250" step="2"/><U42/><E42/><V25/><F54/><AGARI ba="0,1" hai="36,37,39,50,53,54,58,59,62,72,77,80,89,91" machi="54" ten="40,12000,1" yaku="1,1,2,1,53,2" doraHai="102" doraHaiUra="48" who="0" fromWho="2" sc="240,130,250,0,250,-120,250,0" /><INIT seed="0,1,0,3,2,24" ten="370,250,130,250" oya="0" hai0="25,112,133,102,95,128,18,124,5,7,119,92,56" hai1="15,134,81,129,49,58,40,45,20,75,2,131,111" hai2="0,30,6,22,117,71,42,68,28,125,31,62,98" hai3="85,93,48,46,82,118,19,100,63,60,65,123,109"/><T73/><D73/><U103/><E2/><V110/><F110/><W69/><G118/><T66/><D112/><U87/><E75/><V79/><F117/><W32/><G109/><T113/><D113/><U11/><E111/><V57/><F79/><W72/><G72/><T76/><D119/><U97/><E20/><V52/><F125/><W29/><G63/><N who="0" m="38247" /><D76/><N who="1" m="46503" /><E134/><V108/><F108/><W59/><G19/><T1/><D1/><U14/><E58/><V78/><F78/><W135/><G135/><T54/><D128/><N who="1" m="49227" /><E11/><V90/><F42/><W26/><G123/><T107/><D107/><AGARI ba="1,0" hai="14,15,40,45,49,97,103,107" m="49227,46503" machi="107" ten="30,1000,0" yaku="19,1" doraHai="24" who="1" fromWho="0" sc="370,-13,250,13,130,0,250,0" /><INIT seed="1,0,0,2,0,92" ten="357,263,130,250" oya="1" hai0="4,125,93,101,70,53,17,100,58,2,98,72,116" hai1="120,36,99,76,33,42,25,109,88,28,39,54,63" hai2="117,77,67,64,85,3,49,11,135,83,89,80,16" hai3="18,23,20,32,8,133,73,131,44,87,102,26,62"/><U78/><E120/><V96/><F117/><W61/><G73/><T40/><D70/><U75/><E109/><V50/><F135/><W9/><G32/><T124/><D116/><U55/><E55/><V114/><F114/><W24/><G131/><T65/><D72/><U5/><E5/><V66/><F3/><W132/><G44/><T57/><D40/><U81/><E42/><V10/><F11/><W60/><G87/><T105/><D4/><U30/><E30/><V123/><F123/><W43/><G43/><T52/><D2/><U0/><E0/><V115/><F115/><W129/><G129/><T103/><D65/><U86/><E76/><V37/><F37/><W94/><G102/><T121/><D17/><U106/><E54/><N who="0" m="21097" /><D105/><U19/><E19/><V7/><F7/><W35/><G35/><T119/><D119/><U113/><E63/><V51/><F80/><W13/><G94/><T27/><D27/><U21/><E113/><V6/><F6/><W22/><REACH who="3" step="1"/><G9/><REACH who="3" ten="357,263,130,240" step="2"/><T38/><D121/><U56/><E33/><V69/><F69/><W91/><G91/><N who="0" m="55615" /><D38/><U118/><E118/><V71/><F71/><W107/><G107/><T68/><D68/><U130/><E130/><V128/><F128/><W46/><G46/><T122/><D122/><U1/><E36/><V29/><F89/><W14/><G14/><T15/><D15/><U31/><E39/><V48/><N who="2" m="12288" /><DORA hai="127" /><V79/><F79/><W90/><G90/><T112/><D112/><U110/><E1/><V134/><F77/><W74/><G74/><T59/><D103/><U97/><E75/><RYUUKYOKU ba="0,1" sc="357,15,263,-15,130,-15,240,15" hai0="57,58,59,100,101,124,125" hai3="8,13,18,20,22,23,24,26,60,61,62,132,133" /><INIT seed="2,1,1,2,2,22" ten="372,248,115,255" oya="2" hai0="16,42,79,11,56,77,12,48,51,125,19,28,130" hai1="1,114,133,93,38,107,46,45,31,61,95,57,119" hai2="7,23,18,9,35,98,118,120,105,3,129,34,127" hai3="41,62,70,47,99,72,13,0,39,55,131,37,106"/><V66/><F120/><W83/><G13/><T25/><D125/><U49/><E119/><V87/><F118/><W109/><G0/><T123/><D123/><U52/><E107/><V20/><F127/><W91/><G91/><T58/><D130/><U53/><E114/><V76/><F129/><W36/><G131/><T73/><D73/><U24/><E1/><V100/><F23/><W132/><G132/><T68/><D68/><U111/><E111/><V85/><F66/><N who="3" m="41303" /><G55/><T15/><D28/><U96/><E133/><V103/><F100/><N who="3" m="62751" /><G109/><T78/><D42/><U113/><E113/><V94/><F105/><W44/><G44/><T116/><D116/><U21/><E96/><V29/><F29/><W5/><G5/><T97/><D97/><U82/><E82/><V126/><F126/><W54/><G54/><T64/><D64/><U101/><E101/><V121/><F121/><W32/><G32/><T27/><D79/><AGARI ba="1,1" hai="36,37,39,41,47,72,79,83" m="62751,41303" machi="79" ten="30,2000,0" yaku="33,2" doraHai="22" who="3" fromWho="0" sc="372,-23,248,0,115,0,255,33" /><INIT seed="3,0,0,4,1,62" ten="349,248,115,288" oya="3" hai0="6,72,133,116,70,114,109,80,21,36,131,107,1" hai1="73,65,4,28,128,43,9,85,127,5,121,108,119" hai2="90,18,56,0,134,86,11,57,123,27,13,35,111" hai3="54,95,92,20,125,66,97,103,99,51,100,15,96"/><W58/><G125/><T68/><D6/><U94/><E73/><V26/><F111/><W77/><G77/><T78/><D80/><U49/><E121/><V39/><F134/><W132/><G132/><T8/><D21/><U64/><E108/><V105/><F123/><W16/><G97/><T24/><D24/><U124/><E28/><V76/><F76/><W55/><G55/><T88/><D88/><N who="1" m="53519" /><E128/><V84/><F105/><W10/><G66/><N who="1" m="25706" /><E119/><V31/><F39/><W38/><G38/><T22/><D22/><AGARI ba="0,0" hai="10,15,16,20,22,51,54,58,92,95,96,99,100,103" machi="22" ten="40,7700,0" yaku="9,1,8,1,54,1" doraHai="62" who="3" fromWho="0" sc="349,-77,248,0,115,0,288,77" /><INIT seed="3,1,0,0,2,65" ten="272,248,115,365" oya="3" hai0="79,37,27,75,36,87,34,51,91,125,19,122,1" hai1="64,76,115,12,118,53,72,5,94,40,31,130,113" hai2="62,46,45,107,4,86,41,39,77,78,66,121,17" hai3="50,100,11,112,104,55,127,21,111,6,98,60,106"/><W105/><G127/><T48/><D1/><U126/><E31/><V22/><F107/><W44/><G112/><T124/><D122/><U123/><E40/><V73/><F121/><W81/><G111/><T35/><D79/><U32/><E64/><V119/><F119/><W2/><G81/><T20/><D75/><U67/><E53/><V7/><F73/><W71/><G21/><T38/><D51/><U56/><E12/><V49/><F77/><W18/><G18/><T24/><D48/><U25/><E5/><V110/><F110/><W8/><G8/><T0/><D0/><U61/><E126/><N who="0" m="48745" /><D27/><U10/><E10/><V85/><F78/><W28/><G28/><T131/><D131/><U42/><E42/><V96/><F96/><W30/><G30/><T129/><D129/><U99/><E130/><V14/><F4/><W109/><G109/><T43/><D43/><U95/><E123/><V74/><F74/><W97/><G97/><T134/><D134/><U13/><E13/><V89/><F7/><W132/><G132/><T16/><D19/><U88/><E118/><V47/><F39/><W83/><G83/><AGARI ba="1,0" hai="16,20,24,34,35,36,37,38,83,87,91" m="48745" machi="83" ten="40,2600,0" yaku="18,1,54,1" doraHai="65" who="0" fromWho="3" sc="272,29,248,0,115,0,365,-29" /><INIT seed="4,0,0,4,5,111" ten="301,248,115,336" oya="0" hai0="2,24,126,15,92,70,54,83,50,67,125,49,64" hai1="45,35,112,0,57,101,38,86,20,26,114,55,127" hai2="105,73,47,46,21,60,121,98,124,53,100,97,30" hai3="39,89,13,110,119,36,82,41,33,58,131,40,44"/><T80/><D2/><U133/><E0/><V5/><F73/><W115/><G33/><T11/><D24/><U62/><E133/><V59/><F121/><W134/><G13/><T113/><D50/><U106/><E35/><V16/><F30/><W23/><G23/><T117/><D117/><U66/><E127/><N who="0" m="48649" /><D92/><U69/><E86/><V37/><F124/><W34/><G34/><T27/><D27/><U104/><E101/><V25/><F5/><W102/><G102/><T85/><D70/><U118/><E118/><V122/><F122/><W31/><G31/><T128/><D128/><U51/><E106/><V81/><F81/><N who="0" m="31306" /><D85/><U79/><E104/><V61/><F37/><W108/><G131/><T9/><D113/><N who="1" m="43627" /><E79/><V103/><REACH who="2" step="1"/><F61/><REACH who="2" ten="301,248,105,336" step="2"/><W91/><G115/><T28/><D28/><N who="1" m="17479" /><E38/><V75/><F75/><W17/><G39/><T65/><D15/><U32/><E32/><V120/><F120/><W90/><G36/><T88/><D88/><U130/><E130/><V4/><F4/><W132/><G91/><T12/><D12/><U18/><E18/><V71/><F71/><AGARI ba="0,1" hai="45,51,55,57,62,66,69,71" m="17479,43627" machi="71" ten="30,8000,1" yaku="15,1,11,1,52,3" doraHai="111" who="1" fromWho="2" sc="301,0,248,90,105,-80,336,0" /><INIT seed="5,0,0,2,5,0" ten="301,338,25,336" oya="1" hai0="78,11,6,91,114,22,73,106,133,131,99,9,4" hai1="124,66,5,76,82,75,1,119,54,134,132,7,109" hai2="79,90,70,69,102,71,33,49,24,98,17,83,93" hai3="84,94,27,85,95,68,51,86,105,89,43,118,42"/><U122/><E1/><V92/><F49/><W35/><G68/><T115/><D131/><U48/><E122/><V16/><F33/><W21/><G105/><T39/><D39/><U18/><E119/><V57/><F57/><W44/><G35/><T128/><D128/><U12/><E66/><V81/><F24/><W34/><G34/><T46/><D133/><N who="1" m="51307" /><E124/><V101/><F81/><W120/><G120/><T123/><D123/><U59/><E109/><V30/><F30/><W100/><G118/><T62/><D22/><AGARI ba="0,0" hai="5,7,12,18,22,48,54,59,75,76,82" m="51307" machi="22" ten="30,5800,0" yaku="20,1,52,2" doraHai="0" who="1" fromWho="0" sc="301,-58,338,58,25,0,336,0" /><INIT seed="5,1,0,4,4,49" ten="243,396,25,336" oya="1" hai0="119,54,102,31,125,35,118,41,133,129,25,115,110" hai1="84,131,20,106,38,127,123,22,111,33,79,14,56" hai2="44,36,128,11,74,121,92,8,19,16,113,108,105" hai3="135,87,15,73,66,114,68,71,32,48,97,58,0"/><U18/><E33/><V78/><F121/><W12/><G0/><T29/><D110/><U88/><E123/><V89/><F105/><W103/><G73/><T82/><D41/><U75/><E127/><V63/><F113/><W62/><G32/><T80/><D133/><U28/><E38/><V51/><F36/><W42/><G135/><T24/><D129/><U27/><E131/><V93/><F128/><W50/><G114/><T30/><D115/><U13/><E106/><V83/><F108/><W132/><G132/><T109/><D109/><U77/><E75/><V17/><F63/><W116/><G116/><T64/><D64/><U52/><E13/><V37/><F37/><W59/><G87/><T40/><D40/><U5/><E5/><V81/><F83/><W61/><G15/><T57/><D31/><U2/><E2/><V117/><F117/><W112/><G12/><T21/><D125/><U46/><E46/><V26/><F26/><W122/><G112/><T1/><D1/><U99/><E99/><V100/><F100/><W94/><G122/><T3/><D3/><U34/><E34/><V67/><F67/><W134/><G134/><T7/><D7/><U9/><E9/><N who="2" m="3659" /><F89/><W69/><REACH who="3" step="1"/><G42/><REACH who="3" ten="243,396,25,326" step="2"/><T45/><D118/><U124/><E111/><V47/><F74/><W43/><G43/><T10/><D119/><U65/><E124/><V85/><F44/><W23/><G23/><T70/><D45/><U76/><E22/><V130/><F130/><W60/><G60/><T6/><D21/><U96/><E20/><V126/><F126/><W53/><AGARI ba="1,1" hai="48,50,53,58,59,61,62,66,68,69,71,94,97,103" machi="53" ten="30,7900,0" yaku="1,1,5,1,0,1,52,1,53,0" doraHai="49" doraHaiUra="86" who="3" fromWho="3" sc="243,-21,396,-40,25,-21,326,92" /><INIT seed="6,0,0,3,3,29" ten="222,356,4,418" oya="2" hai0="57,41,118,73,39,129,82,68,69,128,86,56,71" hai1="94,72,62,100,124,67,70,123,135,4,50,84,13" hai2="32,37,2,75,33,0,125,103,53,83,113,18,78" hai3="104,16,60,107,22,6,43,55,87,131,134,28,10"/><V12/><F37/><W127/><G43/><T85/><D73/><U17/><E72/><V112/><F103/><W47/><G127/><T121/><D121/><U99/><E124/><V64/><F125/><W34/><G87/><T15/><D118/><U51/><E135/><V66/><F53/><W108/><G108/><T91/><D15/><U27/><E123/><V23/><F0/><W116/><G116/><T119/><D119/><U26/><E4/><V44/><F2/><W81/><G81/><T132/><D132/><U20/><E84/><V133/><F133/><W74/><G74/><T115/><D86/><U35/><E27/><V102/><F44/><W58/><G47/><N who="0" m="23999" /><D115/><N who="2" m="44106" /><F102/><W98/><G98/><T76/><D76/><U79/><E79/><V61/><F61/><W117/><G117/><T109/><D109/><U31/><E94/><V101/><F101/><W48/><G60/><T40/><D40/><U21/><E21/><V88/><F88/><W114/><G114/><T92/><D92/><U77/><REACH who="1" step="1"/><E77/><REACH who="1" ten="222,346,4,418" step="2"/><V1/><F1/><N who="3" m="335" /><G134/><T11/><D11/><U80/><E80/><V89/><F89/><W97/><G97/><T38/><D82/><U30/><E30/><V36/><F36/><W8/><G8/><T63/><D38/><U130/><E130/><V9/><F9/><W122/><G131/><N who="0" m="50251" /><D85/><U24/><E24/><V111/><F111/><W93/><G93/><T106/><D91/><U3/><E3/><V110/><F110/><W120/><G120/><T49/><D106/><U45/><E45/><V96/><F96/><W59/><G122/><T90/><D90/><RYUUKYOKU ba="0,1" sc="222,-15,346,15,4,15,418,-15" hai1="13,17,20,26,31,35,50,51,62,67,70,99,100" hai2="12,18,23,32,33,64,66,75,78,83" /><INIT seed="6,1,1,1,1,81" ten="207,361,19,403" oya="2" hai0="89,113,7,32,75,73,85,37,100,21,98,68,46" hai1="13,121,5,44,58,127,34,86,69,135,105,119,77" hai2="134,45,6,97,43,83,19,106,3,99,0,9,102" hai3="11,79,40,87,101,123,49,42,96,2,90,54,47"/><V117/><F117/><W48/><G123/><T95/><D32/><U112/><E58/><V28/><F134/><W128/><G128/><T130/><D68/><U110/><E44/><V133/><F133/><W125/><G125/><T129/><D7/><U131/><E86/><V22/><F28/><W14/><G79/><T38/><D21/><U23/><E77/><V18/><F99/><W29/><G29/><T108/><D108/><U118/><E13/><V67/><F67/><W65/><G65/><T20/><D20/><U84/><E84/><V55/><F55/><W33/><G33/><T93/><D113/><U70/><E23/><V66/><F66/><W64/><G64/><T50/><D38/><U104/><E5/><V114/><F114/><W63/><G63/><T61/><D61/><U41/><E41/><V56/><F56/><W12/><G2/><T120/><D37/><U25/><E25/><N who="2" m="14551" /><F19/><W39/><G39/><T116/><D116/><U10/><E10/><V91/><F0/><W82/><G49/><T88/><D100/><U35/><E112/><V60/><F60/><W115/><G115/><T26/><D26/><U27/><E27/><V92/><F83/><W1/><G1/><T122/><D50/><U107/><E135/><V31/><F31/><W62/><G62/><T74/><D46/><U57/><E57/><V126/><F126/><W59/><G59/><T78/><D78/><U124/><E107/><V4/><F4/><N who="3" m="3175" /><G14/><T15/><D15/><U111/><E121/><AGARI ba="1,1" hai="73,74,75,85,88,89,93,95,98,120,121,122,129,130" machi="121" ten="50,8000,1" yaku="34,3,52,1,54,1" doraHai="81" who="0" fromWho="1" sc="207,93,361,-83,19,0,403,0" /><INIT seed="7,0,0,3,1,54" ten="300,278,19,403" oya="3" hai0="126,94,70,47,33,127,96,103,52,89,13,67,77" hai1="78,61,48,107,29,123,114,2,10,44,82,31,83" hai2="27,9,28,4,95,55,7,16,117,72,118,43,111" hai3="60,84,17,1,129,12,133,69,76,59,63,99,42"/><W57/><G17/><T5/><D33/><U113/><E107/><V80/><F43/><W104/><G60/><T88/><D77/><U132/><E123/><V116/><F95/><W115/><G63/><T38/><D70/><U91/><E132/><V19/><F55/><W35/><G12/><T130/><D67/><U119/><E119/><V6/><F80/><N who="1" m="30761" /><E91/><V62/><F62/><W26/><G84/><T34/><D34/><U112/><E78/><V64/><F64/><W128/><G99/><T46/><D46/><U39/><E39/><V90/><F90/><W124/><G1/><T20/><D38/><U49/><E49/><V71/><F71/><W92/><G69/><T8/><D20/><U86/><E86/><V102/><F102/><W105/><G105/><T74/><D74/><U11/><E61/><V15/><F72/><W66/><G104/><T45/><D45/><U97/><E97/><V120/><F19/><W98/><G76/><T51/><REACH who="0" step="1"/><D130/><REACH who="0" ten="290,278,19,403" step="2"/><U93/><E10/><V53/><F53/><W131/><G66/><T21/><D21/><U32/><E32/><V3/><F111/><W106/><G129/><T109/><D109/><U108/><E108/><V100/><F100/><W101/><G101/><T24/><D24/><U68/><E68/><V36/><F36/><W125/><G26/><T18/><D18/><U30/><E11/><V40/><F40/><W87/><G128/><T14/><D14/><U85/><E2/><V75/><F75/><W65/><G65/><T135/><D135/><U0/><E0/><V134/><F134/><W73/><G133/><RYUUKYOKU ba="0,1" sc="290,30,278,-10,19,-10,403,-10" hai0="5,8,13,47,51,52,88,89,94,96,103,126,127" owari="320,12.0,268,-13.0,9,-49.0,403,50.0" /></mjloggm>