<mjloggm ver="2.3"><GO type="97" lobby="0"/><UN n0="%E3%82%A6%E3%83%AB%E3%83%88%E3%83%A9%E7%AB%8B%E7%9B%B4" n1="%E3%83%8B%E3%83%BC%E3%83%88%E7%A4%BE%E9%95%B7" n2="%E3%83%9A%E3%83%AB%E3%82%B7%E3%83%A3%E7%B5%A8%E6%AF%AF" n3="%6D%6D%75%75%72%72%61%61" dan="15,14,13,13" rate="1980.77,1887.01,1844.84,2030.07" sx="M,M,M,M"/><TAIKYOKU oya="0"/><INIT seed="0,0,0,1,2,0" ten="250,250,250,250" oya="0" hai0="54,58,7,56,19,110,75,125,111,87,44,102,92" hai1="98,85,127,126,2,67,49,134,89,18,97,122,16" hai2="47,90,135,15,30,114,116,34,37,84,55,124,101" hai3="4,68,86,70,106,24,79,117,77,60,25,112,43"/><T82/><D75/><U57/><E122/><V81/><F114/><W94/><G106/><T62/><D125/><N who="1" m="47627" /><E134/><V95/><F124/><W32/><G112/><T130/><D130/><U29/><E29/><V132/><F116/><W74/><G74/><T27/><D44/><U65/><E2/><V119/><F119/><W41/><G117/><T23/><D102/><U118/><E118/><V8/><F135/><W104/><G104/><T121/><D121/><U100/><E100/><V13/><F132/><W28/><G25/><T66/><D92/><N who="1" m="54319" /><E49/><V91/><F101/><W83/><G77/><T1/><D87/><U22/><E18/><V46/><F37/><W69/><G60/><T36/><D82/><U38/><E38/><V3/><F3/><W42/><G94/><T10/><D36/><U73/><E73/><V96/><F34/><W123/><G123/><T63/><AGARI ba="0,0" hai="1,7,10,19,23,27,54,56,58,62,63,66,110,111" machi="63" ten="30,3000,0" yaku="0,1,52,1" doraHai="0" who="0" fromWho="0" sc="250,30,250,-10,250,-10,250,-10" /><INIT seed="0,1,0,2,5,35" ten="280,240,240,240" oya="0" hai0="47,25,103,113,18,120,86,109,64,128,110,101,69" hai1="49,0,53,36,8,79,130,7,2,37,16,13,14" hai2="30,58,70,43,132,59,97,44,57,80,61,78,88" hai3="6,125,19,123,31,55,111,93,105,71,15,117,92"/><T21/><D120/><U84/><E130/><V134/><F70/><W116/><G105/><T52/><D113/><U5/><E5/><V42/><F30/><W81/><G123/><T17/><D64/><U104/><E104/><V38/><F43/><W62/><G31/><T10/><D69/><U115/><E115/><V33/><F33/><W32/><G32/><T34/><D34/><U76/><E37/><V56/><F78/><W27/><G27/><T12/><D86/><U112/><E36/><V94/><F80/><W68/><G68/><T50/><D128/><U129/><E129/><V60/><N who="2" m="14848" /><DORA hai="107" /><V23/><REACH who="2" step="1"/><F23/><REACH who="2" ten="280,240,230,240" step="2"/><N who="3" m="11775" /><G116/><T20/><D20/><U135/><E79/><V114/><F114/><W1/><G117/><T28/><D28/><U63/><E112/><V121/><F121/><W87/><G71/><T124/><D124/><U46/><E63/><AGARI ba="1,1" hai="38,42,44,60,61,63,88,94,97,132,134" m="14848" machi="63" ten="50,3200,0" yaku="1,1,54,1,53,0" doraHai="35,107" doraHaiUra="51,98" who="2" fromWho="1" sc="280,0,240,-35,230,45,240,0" /><INIT seed="1,0,0,1,0,51" ten="280,205,275,240" oya="1" hai0="92,56,0,98,6,76,8,135,48,95,23,24,18" hai1="105,121,21,73,90,113,57,54,62,64,42,11,13" hai2="55,60,27,122,59,4,111,120,125,132,134,103,86" hai3="19,67,124,94,28,115,128,30,43,123,78,85,126"/><U131/><E113/><V68/><F68/><W88/><G123/><N who="2" m="47145" /><F103/><W46/><G67/><T70/><D70/><U129/><E121/><V112/><F112/><W20/><G115/><T31/><D135/><N who="2" m="51754" /><F111/><W82/><G128/><N who="1" m="49226" /><E73/><V97/><F97/><W29/><G19/><T96/><D76/><U10/><E105/><V45/><F4/><W5/><G20/><T16/><D96/><U9/><E42/><V44/><F125/><W100/><G5/><T89/><D92/><U35/><E35/><V2/><F2/><W80/><G100/><T33/><D33/><U108/><E108/><V106/><F106/><W83/><REACH who="3" step="1"/><G78/><REACH who="3" ten="280,205,275,230" step="2"/><T119/><D119/><U110/><E110/><V40/><F27/><W102/><G102/><T15/><D0/><U65/><E90/><V84/><F44/><W77/><G77/><T39/><D18/><AGARI ba="0,1" hai="9,10,11,13,18,21,54,57,62,64,65" m="49226" machi="18" ten="30,2900,0" yaku="19,1,52,1" doraHai="51" who="1" fromWho="0" sc="280,-29,205,39,275,0,230,0" /><INIT seed="1,1,0,3,1,35" ten="251,244,275,230" oya="1" hai0="56,86,79,101,126,67,10,88,102,124,131,44,46" hai1="87,106,127,91,109,83,61,70,94,113,39,6,15" hai2="52,29,36,122,107,98,22,132,9,121,120,47,110" hai3="81,84,28,23,25,100,105,31,2,55,53,115,72"/><U76/><E39/><V80/><F132/><W4/><G72/><T7/><D79/><U27/><E113/><V89/><F110/><W0/><G115/><T134/><D56/><U51/><E106/><V58/><F107/><W78/><G4/><T42/><D67/><U49/><E109/><V14/><F29/><W18/><G105/><T20/><D20/><U82/><E127/><N who="0" m="48681" /><D134/><U108/><E108/><V11/><F22/><W34/><G100/><N who="0" m="38507" /><D42/><U50/><E27/><V60/><F36/><W77/><G77/><T103/><N who="0" m="38515" /><T37/><DORA hai="12" /><D37/><U5/><E15/><V73/><F47/><W19/><G31/><T71/><D71/><U17/><E17/><V74/><F11/><W125/><G125/><T63/><D63/><U64/><REACH who="1" step="1"/><E83/><REACH who="1" ten="251,234,275,230" step="2"/><V112/><F112/><W3/><REACH who="3" step="1"/><G19/><REACH who="3" ten="251,234,275,220" step="2"/><T92/><D131/><U111/><E111/><V93/><F122/><W104/><G104/><T45/><D7/><U32/><E32/><V129/><F121/><W57/><G57/><T24/><D45/><U59/><E59/><V33/><F120/><W30/><G30/><T13/><D44/><U85/><AGARI ba="1,2" hai="5,6,49,50,51,61,64,70,76,82,85,87,91,94" machi="85" ten="30,3000,0" yaku="1,1,0,1,53,0" doraHai="35,12" doraHaiUra="114,95" who="1" fromWho="1" sc="251,-11,234,53,275,-11,220,-11" /><INIT seed="1,2,0,2,3,74" ten="240,287,264,209" oya="1" hai0="132,32,6,66,13,135,31,38,130,5,129,86,25" hai1="75,90,39,63,33,11,125,29,70,67,49,9,87" hai2="103,7,51,109,72,134,43,126,111,37,82,123,64" hai3="89,98,120,26,62,114,100,59,24,27,96,71,99"/><U102/><E39/><V91/><F123/><W53/><G120/><T105/><D66/><U104/><E75/><V48/><F37/><W15/><G114/><T73/><D86/><U60/><E49/><V113/><F113/><W77/><G71/><T30/><D105/><U92/><E63/><V122/><F122/><W40/><G40/><T117/><D73/><U0/><E0/><V23/><F134/><N who="0" m="51242" /><D38/><U61/><E61/><V116/><F116/><W16/><G100/><T20/><D117/><U79/><E79/><V118/><F118/><W14/><G14/><T1/><D1/><U56/><E56/><V47/><F126/><W106/><G106/><T22/><D32/><U97/><REACH who="1" step="1"/><E125/><REACH who="1" ten="240,277,264,209" step="2"/><V44/><F72/><W107/><G107/><T101/><D101/><U108/><E108/><V12/><F109/><W119/><G119/><T65/><D65/><U69/><E69/><V21/><F111/><W10/><REACH who="3" step="1"/><G77/><REACH who="3" ten="240,277,264,199" step="2"/><T42/><D42/><U84/><E84/><V76/><F43/><W4/><G4/><T81/><D6/><U121/><E121/><V78/><F7/><W68/><G68/><T52/><D5/><U54/><E54/><V2/><F64/><W34/><G34/><T127/><D52/><U58/><E58/><V88/><F78/><W28/><G28/><T93/><D31/><U112/><E112/><V41/><F76/><W83/><G83/><T110/><D81/><U94/><E94/><AGARI ba="2,2" hai="10,15,16,24,26,27,53,59,62,89,94,96,98,99" machi="94" ten="40,5200,0" yaku="1,1,8,1,54,1,53,0" doraHai="74" doraHaiUra="131" who="3" fromWho="1" sc="240,0,277,-58,264,0,199,78" /><INIT seed="2,0,0,1,4,33" ten="240,219,264,277" oya="2" hai0="43,66,21,121,88,13,52,89,81,90,9,126,50" hai1="111,51,99,78,23,107,15,91,14,100,55,82,2" hai2="106,45,76,32,65,25,129,101,109,97,7,87,114" hai3="110,70,72,1,63,40,38,35,84,73,30,0,102"/><V115/><F129/><W24/><G84/><N who="0" m="50191" /><D126/><U134/><E2/><N who="3" m="1130" /><G102/><T120/><D121/><U6/><E111/><V49/><F109/><W116/><G110/><T62/><D43/><U96/><E134/><V117/><F117/><W122/><G122/><T74/><D74/><N who="3" m="28777" /><G116/><T128/><D128/><U54/><E54/><V28/><F7/><W46/><G63/><T104/><D104/><U127/><E127/><V132/><F132/><W71/><AGARI ba="0,0" hai="24,30,35,38,40,46,70,71" m="28777,1130" machi="71" ten="40,8000,1" yaku="33,2,52,3" doraHai="33" who="3" fromWho="3" sc="240,-20,219,-20,264,-40,277,80" /><INIT seed="3,0,0,0,4,114" ten="220,199,224,357" oya="3" hai0="0,59,85,82,103,57,31,3,107,97,43,80,29" hai1="102,127,30,96,92,15,49,5,123,108,130,76,94" hai2="46,17,124,41,100,58,10,90,27,105,99,132,47" hai3="115,135,125,19,104,39,24,33,109,20,78,63,73"/><W18/><G39/><T26/><D43/><U113/><E123/><V2/><F132/><W126/><G104/><T86/><D26/><U6/><E113/><V112/><F112/><W22/><G115/><T79/><D107/><U11/><E108/><V38/><F124/><N who="3" m="47723" /><G63/><T122/><D97/><N who="1" m="59687" /><E127/><V111/><F111/><W81/><G109/><T133/><D103/><N who="1" m="60823" /><E130/><V21/><F47/><W42/><G42/><T36/><D36/><U106/><E106/><V64/><F90/><W14/><G135/><T70/><D133/><U89/><E76/><V72/><F72/><W51/><G51/><T120/><D79/><U52/><E30/><V25/><F64/><W62/><G62/><T87/><D87/><U32/><E32/><AGARI ba="0,0" hai="14,18,19,20,22,24,32,33,73,78,81" m="47723" machi="32" ten="30,1500,0" yaku="18,1" doraHai="114" who="3" fromWho="1" sc="220,0,199,-15,224,0,357,15" owari="220,-18.0,184,-32.0,224,2.0,372,48.0" /></mjloggm>