<mjloggm ver="2.3"><GO type="97" lobby="0"/><UN n0="%4D%75%6A%69%4D%75%6A%69" n1="%E6%A0%97%E6%9E%97%E9%87%8C%E8%8E%89" n2="%61%69%72%6D%61%67%6D%61" n3="%E3%82%A6%E3%83%AB%E3%83%88%E3%83%A9%E7%AB%8B%E7%9B%B4" dan="14,15,14,14" rate="1931.66,2016.67,1884.33,1934.37" sx="M,M,M,M"/><TAIKYOKU oya="0"/><INIT seed="0,0,0,3,3,41" ten="250,250,250,250" oya="0" hai0="79,111,58,49,120,134,97,7,73,98,26,106,125" hai1="15,13,25,107,83,55,116,27,10,40,29,80,119" hai2="67,76,88,38,117,23,90,2,12,9,56,52,86" hai3="5,46,61,22,87,105,114,68,42,14,108,132,36"/><T62/><D120/><U110/><E107/><V100/><F117/><W101/><G114/><T57/><D134/><U113/><E40/><V77/><F100/><W71/><G132/><T66/><D125/><U24/><E113/><V115/><F115/><W16/><G108/><T44/><D106/><U51/><E29/><V130/><F130/><W43/><G43/><T74/><D111/><U30/><E30/><V50/><F38/><W131/><G131/><T94/><D7/><U78/><E110/><V118/><F118/><W92/><G5/><T54/><D79/><N who="2" m="30282" /><F2/><W59/><G105/><T129/><D129/><U69/><E69/><V60/><F23/><W102/><G102/><T4/><D4/><U91/><E91/><V20/><F20/><W126/><G126/><T63/><D26/><U135/><E135/><V85/><F85/><W84/><G87/><T8/><D8/><U1/><E1/><V121/><F121/><W103/><G103/><T95/><D74/><U32/><E32/><V21/><F21/><W18/><G18/><T127/><D127/><U28/><E28/><V34/><F34/><W37/><G37/><T72/><D72/><U3/><E3/><V48/><F48/><W33/><G33/><T35/><D35/><U93/><E93/><N who="0" m="35337" /><D73/><U19/><E13/><V96/><F96/><N who="3" m="59527" /><G84/><T70/><D70/><U89/><E89/><V109/><F109/><W17/><G17/><T128/><D128/><U53/><E119/><V45/><F86/><W99/><G99/><T122/><D122/><U133/><E116/><V11/><F11/><W124/><G124/><RYUUKYOKU ba="0,0" sc="250,10,250,-30,250,10,250,10" hai0="44,49,54,57,58,62,63,66,97,98" hai2="9,12,45,50,52,56,60,67,88,90" hai3="14,16,22,36,42,46,59,61,68,71" /><INIT seed="0,1,0,1,1,26" ten="260,220,260,260" oya="0" hai0="114,112,92,81,3,129,5,106,131,23,45,33,25" hai1="99,7,100,98,87,126,18,117,111,8,128,107,79" hai2="56,46,22,10,93,58,85,119,77,91,69,78,70" hai3="47,122,108,29,16,51,94,30,63,31,96,95,60"/><T19/><D106/><U37/><E37/><V88/><F119/><W102/><G122/><T124/><D124/><U14/><E117/><V68/><F46/><W57/><G108/><T75/><D45/><U104/><E126/><V133/><F133/><W123/><G123/><T24/><D92/><U65/><E65/><V28/><F10/><W54/><G16/><N who="0" m="12391" /><D81/><U73/><E73/><V71/><N who="2" m="17920" /><DORA hai="52" /><V113/><F113/><N who="0" m="43626" /><D75/><U76/><E111/><V6/><F6/><W80/><G80/><T12/><D3/><U27/><E128/><N who="0" m="49225" /><D5/><U36/><E36/><V86/><F78/><W49/><G95/><T50/><D50/><U103/><E87/><V15/><F77/><W0/><G0/><T66/><D66/><U109/><E109/><V118/><F118/><W9/><G9/><N who="0" m="6543" /><D25/><U43/><E43/><AGARI ba="1,0" hai="29,30,31,43,47,49,51,54,57,60,63,94,96,102" machi="43" ten="40,8000,1" yaku="8,1,52,4" doraHai="26,52" who="3" fromWho="1" sc="260,0,220,-83,260,0,260,83" /><INIT seed="1,0,0,2,2,1" ten="260,137,260,343" oya="1" hai0="71,16,117,65,26,42,64,62,95,99,9,131,58" hai1="11,13,81,51,25,115,21,8,114,112,77,126,130" hai2="29,107,37,52,49,43,39,79,53,27,69,118,111" hai3="54,80,113,46,19,73,101,96,85,10,59,61,124"/><U123/><E51/><V76/><F107/><W75/><G113/><T132/><D117/><U67/><E67/><V60/><F118/><W92/><G124/><T68/><D132/><U34/><E126/><V7/><F111/><W38/><G38/><T86/><D131/><U32/><E130/><V127/><F127/><W82/><G82/><T106/><D42/><U50/><E50/><V97/><F97/><W18/><G46/><T66/><D106/><U128/><E128/><V33/><F39/><W0/><G18/><T102/><D86/><U98/><E98/><V6/><F37/><W94/><G94/><T14/><REACH who="0" step="1"/><D26/><REACH who="0" ten="250,137,260,343" step="2"/><U122/><E81/><V22/><F43/><W91/><G75/><T35/><D35/><N who="1" m="13355" /><E77/><N who="2" m="29771" /><F33/><W89/><G73/><T48/><D48/><U41/><E41/><V119/><F119/><W44/><G85/><T2/><D2/><U125/><E125/><V133/><F133/><W12/><G80/><T56/><D56/><U20/><E25/><V4/><F69/><AGARI ba="0,1" hai="9,14,16,58,62,64,65,66,68,69,71,95,99,102" machi="69" ten="40,2600,0" yaku="1,1,54,1,53,0" doraHai="1" doraHaiUra="17" who="0" fromWho="2" sc="250,36,137,0,260,-26,343,0" /><INIT seed="2,0,0,2,0,56" ten="286,137,234,343" oya="2" hai0="131,7,47,5,24,15,96,2,70,37,10,58,127" hai1="4,102,93,39,22,1,81,107,134,83,126,46,78" hai2="21,110,100,17,25,97,99,3,26,48,92,91,59" hai3="16,32,13,80,135,73,31,8,33,14,85,112,105"/><V68/><F68/><W62/><G105/><T114/><D70/><U106/><E134/><V44/><F3/><W0/><G73/><T11/><D114/><U129/><E126/><V49/><F110/><W38/><G38/><T18/><D127/><U88/><E129/><V76/><F76/><W124/><G124/><T69/><D69/><U63/><E22/><V95/><F59/><W57/><G57/><T61/><D131/><U77/><E4/><V86/><F86/><W9/><G0/><T30/><D96/><U19/><E19/><V75/><F75/><W118/><G118/><T20/><D37/><U74/><E1/><V55/><REACH who="2" step="1"/><F49/><REACH who="2" ten="286,137,224,343" step="2"/><W53/><G112/><T64/><REACH who="0" step="1"/><D47/><REACH who="0" ten="276,137,224,343" step="2"/><U94/><E46/><V123/><F123/><W23/><G135/><T119/><D119/><U34/><E39/><V51/><F51/><W60/><G33/><T28/><AGARI ba="0,2" hai="2,5,7,10,11,15,18,20,24,28,30,58,61,64" machi="28" ten="30,4000,0" yaku="1,1,0,1,52,1,53,0" doraHai="56" doraHaiUra="104" who="0" fromWho="0" sc="276,60,137,-10,224,-20,343,-10" /><INIT seed="3,0,0,4,2,19" ten="336,127,204,333" oya="3" hai0="31,126,120,124,18,61,90,53,7,109,34,65,108" hai1="45,41,82,14,5,56,132,21,94,103,48,97,52" hai2="101,62,42,119,63,98,29,74,27,50,86,17,93" hai3="39,133,22,0,47,128,116,6,85,49,2,37,9"/><W24/><G116/><T10/><D120/><U106/><E106/><V78/><F74/><W73/><G73/><T134/><D134/><U15/><E132/><V20/><F119/><W71/><G133/><T60/><D31/><U23/><E82/><V35/><F35/><W131/><G71/><N who="0" m="42407" /><D34/><U102/><E102/><V125/><F125/><N who="0" m="48234" /><D18/><U111/><E111/><V57/><F29/><N who="3" m="17559" /><G85/><T72/><D72/><U80/><E80/><V4/><F4/><W46/><G2/><N who="0" m="375" /><D90/><U25/><E25/><V44/><REACH who="2" step="1"/><F57/><AGARI ba="0,0" hai="53,57,61,108,109" m="375,48234,42407" machi="57" ten="30,1000,0" yaku="18,1" doraHai="19" who="0" fromWho="2" sc="336,10,127,0,204,-10,333,0" owari="346,45.0,127,-37.0,194,-21.0,333,13.0" /></mjloggm>