<mjloggm ver="2.3"><GO type="97" lobby="0"/><UN n0="%EF%BC%95%EF%BC%90%E6%9E%9A%EF%BC%91%EF%BC%90%EF%BC%90%EF%BC%90%E5%86%86" n1="%42%61%6B%61%74%75%6B%69" n2="%61%6B%69%6E%61%6F" n3="%E3%82%A6%E3%83%AB%E3%83%88%E3%83%A9%E7%AB%8B%E7%9B%B4" dan="13,13,14,15" rate="1863.54,1836.53,1936.47,1959.67" sx="M,M,M,M"/><TAIKYOKU oya="0"/><INIT seed="0,0,0,1,2,39" ten="250,250,250,250" oya="0" hai0="0,103,96,102,54,63,75,99,113,1,71,117,80" hai1="12,112,73,13,105,82,114,135,76,27,77,95,134" hai2="58,4,87,19,129,65,50,88,20,123,28,67,35" hai3="116,25,52,94,8,46,55,36,32,41,119,104,120"/><T122/><D117/><U5/><E77/><V60/><F123/><W66/><G104/><T121/><D113/><N who="1" m="43627" /><E105/><V44/><F129/><W128/><G32/><T118/><D118/><U124/><E27/><V9/><F35/><W69/><G128/><T108/><D54/><U83/><E5/><V86/><F28/><W57/><G120/><N who="0" m="46187" /><D96/><U7/><E7/><V132/><F86/><W22/><G8/><T62/><D102/><U33/><E33/><V109/><F65/><W126/><G55/><T74/><D63/><U61/><E61/><V100/><F100/><W92/><G92/><T79/><D108/><U24/><E24/><V101/><F101/><W127/><G94/><T97/><D97/><U93/><E124/><N who="3" m="47658" /><G66/><N who="0" m="41431" /><D75/><U38/><E38/><V56/><F109/><W133/><G69/><T17/><D17/><U106/><E106/><AGARI ba="0,0" hai="0,1,74,79,80,99,103,106" m="41431,46187" machi="106" ten="30,1500,0" yaku="23,1" doraHai="39" who="0" fromWho="1" sc="250,15,250,-15,250,0,250,0" /><INIT seed="0,1,0,4,4,115" ten="265,235,250,250" oya="0" hai0="78,52,32,1,12,35,19,23,92,14,74,22,95" hai1="134,129,3,96,62,73,72,46,119,84,111,18,64" hai2="29,88,104,126,91,122,124,13,47,0,53,49,9" hai3="68,71,39,61,34,2,121,76,56,135,83,15,116"/><T97/><D1/><U127/><E3/><V40/><F104/><W117/><G34/><T128/><D128/><U38/><E129/><V31/><F0/><W54/><G2/><T110/><D110/><U17/><E111/><V113/><F113/><W130/><G130/><T30/><D30/><U105/><E134/><V79/><F79/><W6/><G39/><T65/><D65/><U120/><E120/><V26/><F122/><W60/><G121/><T99/><D74/><U37/><E37/><V67/><F67/><W89/><G89/><T24/><D78/><U42/><E73/><V93/><F40/><W33/><G33/><T109/><D109/><U28/><E72/><V4/><F91/><W70/><G61/><T63/><D63/><U41/><E41/><V77/><F77/><W7/><G135/><T107/><D107/><U102/><E127/><N who="2" m="48683" /><F26/><W101/><G101/><T21/><D21/><U82/><E28/><V100/><F100/><W11/><REACH who="3" step="1"/><G7/><REACH who="3" ten="265,235,250,240" step="2"/><T108/><D108/><U114/><E114/><V5/><F4/><W36/><G36/><T20/><D24/><U58/><REACH who="1" step="1"/><E119/><REACH who="1" ten="265,225,250,240" step="2"/><V80/><F31/><W98/><G98/><T75/><D99/><U55/><E55/><V16/><F29/><W45/><G45/><T131/><D97/><U90/><AGARI ba="1,2" hai="17,18,38,42,46,58,62,64,82,84,90,96,102,105" machi="90" ten="20,2700,0" yaku="1,1,0,1,7,1,53,0" doraHai="115" doraHaiUra="106" who="1" fromWho="1" sc="265,-14,225,50,250,-8,240,-8" /><INIT seed="1,0,0,3,3,52" ten="251,275,242,232" oya="1" hai0="25,70,85,103,20,55,102,54,76,91,5,10,86" hai1="42,60,122,110,45,90,63,14,19,13,2,123,107" hai2="40,27,113,57,119,22,99,111,43,96,95,97,68" hai3="0,93,75,46,83,47,30,79,134,71,9,127,101"/><U4/><E107/><V65/><F68/><W62/><G127/><T48/><D70/><U126/><E126/><V106/><F106/><W6/><G134/><T56/><D76/><U124/><E124/><V114/><F119/><W66/><G101/><N who="0" m="38411" /><D91/><U82/><E110/><V31/><F111/><W67/><G93/><T41/><D41/><U7/><E2/><V88/><F113/><W12/><G67/><T59/><D10/><U51/><E123/><V129/><F129/><W3/><G30/><N who="0" m="17703" /><D5/><U118/><E118/><V49/><F114/><W131/><G131/><T104/><D104/><U26/><E122/><V16/><F31/><W72/><G72/><T77/><D77/><U58/><E7/><V44/><F40/><W84/><G75/><T50/><AGARI ba="0,0" hai="48,50,54,55,56,59,85,86" m="17703,38411" machi="50" ten="30,4000,0" yaku="8,1,52,2" doraHai="52" who="0" fromWho="0" sc="251,40,275,-20,242,-10,232,-10" /><INIT seed="2,0,0,4,4,55" ten="291,255,232,222" oya="2" hai0="17,46,26,4,30,6,33,23,100,79,108,132,72" hai1="14,120,37,88,81,48,16,78,32,106,116,20,115" hai2="11,64,112,66,15,50,114,3,49,34,94,8,123" hai3="135,71,73,117,86,28,95,97,7,103,124,109,45"/><V65/><F34/><W12/><G71/><T92/><D132/><U133/><E116/><V126/><F123/><W128/><G28/><T121/><D121/><U118/><E106/><V110/><F126/><W59/><G12/><T54/><D108/><U107/><E118/><V43/><F3/><W90/><G7/><T85/><D72/><U68/><E107/><V74/><F74/><W87/><G117/><T35/><D35/><U56/><E32/><V127/><F127/><W24/><G24/><T62/><D33/><U2/><E2/><V52/><F43/><W76/><G124/><T129/><D129/><U98/><E37/><V113/><F110/><W80/><G109/><T5/><D79/><U25/><E68/><V40/><F40/><W31/><G31/><T1/><D1/><U41/><E115/><V57/><F49/><W9/><G9/><T60/><D30/><U19/><E133/><V101/><REACH who="2" step="1"/><F15/><REACH who="2" ten="291,255,222,222" step="2"/><W38/><G135/><T63/><D23/><U0/><E0/><V99/><AGARI ba="0,1" hai="8,11,50,52,57,64,65,66,94,99,101,112,113,114" machi="99" ten="40,12000,1" yaku="1,1,2,1,0,1,52,1,54,1,53,0" doraHai="55" doraHaiUra="131" who="2" fromWho="2" sc="291,-40,255,-40,222,130,222,-40" /><INIT seed="2,1,0,4,5,1" ten="251,215,352,182" oya="2" hai0="8,134,120,110,39,31,10,16,82,57,128,103,127" hai1="33,114,73,48,46,86,77,40,75,70,108,71,87" hai2="62,94,15,2,0,105,88,21,132,68,13,59,123" hai3="118,106,99,58,55,34,54,122,27,6,42,67,69"/><V51/><F105/><W124/><G122/><T41/><D120/><U28/><E114/><V44/><F68/><W45/><G118/><T89/><D31/><U98/><E98/><V126/><F123/><W26/><G124/><T95/><D110/><U7/><E108/><V11/><F126/><W36/><G34/><T76/><D127/><U20/><E75/><V78/><F78/><W72/><G72/><T111/><D111/><U93/><E33/><V92/><F92/><W74/><G74/><T19/><D128/><U37/><E37/><V131/><F131/><W38/><G26/><T113/><D134/><U97/><E73/><V49/><F21/><W117/><G27/><T85/><D103/><U52/><E28/><V3/><F132/><W25/><G25/><T90/><D41/><U116/><E116/><V43/><F51/><N who="3" m="27063" /><G99/><N who="0" m="57839" /><D39/><N who="3" m="14889" /><G6/><T129/><D129/><U61/><E7/><V130/><F130/><W56/><G106/><T104/><D104/><U91/><E20/><V102/><F102/><W96/><G96/><T125/><D76/><U121/><E121/><V64/><REACH who="2" step="1"/><F11/><REACH who="2" ten="251,215,342,182" step="2"/><W9/><G9/><T107/><D8/><U119/><E77/><V66/><F66/><W65/><G117/><T63/><D10/><U115/><E119/><V23/><F23/><W30/><G30/><T22/><D22/><U53/><E115/><V83/><F83/><W79/><G79/><T4/><D82/><U47/><E93/><V100/><F100/><W32/><G32/><T84/><D107/><U5/><E86/><AGARI ba="1,1" hai="0,2,3,13,15,43,44,49,59,62,64,86,88,94" machi="86" ten="40,3900,0" yaku="1,1,54,1,53,0" doraHai="1" doraHaiUra="17" who="2" fromWho="1" sc="251,0,215,-42,342,52,182,0" /><INIT seed="2,2,0,1,3,64" ten="251,173,394,182" oya="2" hai0="105,102,76,31,65,40,48,98,11,117,49,74,112" hai1="25,96,67,12,59,45,58,69,78,18,70,95,0" hai2="54,16,36,99,75,81,60,114,37,22,106,101,89" hai3="23,85,1,38,116,103,132,82,19,97,88,72,10"/><V43/><F114/><W27/><G38/><T73/><D112/><U123/><E123/><V4/><F4/><W93/><G132/><T87/><D117/><U128/><E0/><V3/><F3/><W57/><G116/><T121/><D121/><U118/><E118/><V134/><F134/><W90/><G72/><T32/><D65/><U124/><E78/><V35/><F35/><W122/><G122/><T133/><D133/><U129/><E45/><V50/><F43/><W63/><G1/><T17/><D48/><U52/><E25/><V94/><F60/><W26/><G10/><T42/><D42/><U109/><E109/><V113/><F113/><W7/><G7/><T2/><D2/><U80/><E80/><V108/><F108/><W125/><G125/><T24/><D40/><U110/><E110/><V29/><F29/><W77/><REACH who="3" step="1"/><G27/><REACH who="3" ten="251,173,394,172" step="2"/><T135/><D24/><U100/><E124/><V5/><F5/><W51/><G51/><T20/><D11/><U56/><E67/><AGARI ba="2,1" hai="19,23,26,57,63,67,77,82,85,88,90,93,97,103" machi="67" ten="30,7700,0" yaku="1,1,7,1,8,1,54,1,53,0" doraHai="64" doraHaiUra="33" who="3" fromWho="1" sc="251,0,173,-83,394,0,172,93" /><INIT seed="3,0,0,4,0,135" ten="251,90,394,265" oya="3" hai0="70,84,2,74,69,105,112,12,117,11,18,133,66" hai1="125,9,35,123,131,107,25,45,34,110,3,87,76" hai2="98,95,54,43,33,63,68,16,81,8,42,1,61" hai3="111,58,36,96,59,40,91,82,22,41,134,50,28"/><W106/><BYE who="1" /><G134/><T38/><D133/><U101/><E101/><N who="2" m="60639" /><F33/><W30/><G111/><T64/><D117/><U4/><E4/><V17/><F1/><W56/><G36/><T121/><D121/><U124/><E124/><V75/><F75/><W92/><G106/><T119/><D74/><U97/><E97/><V21/><F68/><W103/><G22/><T10/><D105/><U127/><E127/><V26/><F81/><W46/><REACH who="3" step="1"/><G41/><REACH who="3" ten="251,90,394,255" step="2"/><N who="2" m="15369" /><F54/><W102/><G102/><T129/><D119/><U94/><E94/><V78/><F78/><W86/><AGARI ba="0,1" hai="28,30,40,46,50,56,58,59,82,86,91,92,96,103" machi="86" ten="30,11700,0" yaku="1,1,0,1,8,1,53,1" doraHai="135" doraHaiUra="99" who="3" fromWho="3" sc="251,-39,90,-39,394,-39,255,127" owari="212,-19.0,51,-45.0,355,16.0,382,48.0" /></mjloggm>