<mjloggm ver="2.3"><GO type="169" lobby="0"/><UN n0="%E8%A6%8B%E5%B4%8E%E9%B3%B4%E3%81%A1%E3%82%83%E3%82%93%EF%BC%81" n1="%E3%81%8A%E3%81%98%E3%81%95%E3%82%93" n2="%E3%82%A6%E3%83%AB%E3%83%88%E3%83%A9%E7%AB%8B%E7%9B%B4" n3="%E3%82%86%E3%81%86%E3%81%B4" dan="17,16,16,16" rate="2152.62,2123.20,2081.09,2175.97" sx="M,M,M,M"/><TAIKYOKU oya="0"/><INIT seed="0,0,0,2,4,95" ten="250,250,250,250" oya="0" hai0="63,109,17,126,97,6,58,133,107,11,30,130,75" hai1="90,114,131,119,92,69,15,78,83,93,67,24,72" hai2="35,70,37,132,118,47,1,108,96,20,91,117,100" hai3="66,122,49,36,44,74,16,38,7,39,110,64,85"/><T87/><D75/><U134/><E119/><V2/><F35/><W34/><G122/><T46/><D126/><U115/><E69/><V48/><F37/><W32/><G74/><T54/><D130/><U94/><E67/><V82/><F70/><W112/><G112/><N who="1" m="43050" /><E24/><V28/><F108/><W76/><G110/><T26/><D109/><U5/><E5/><V61/><F61/><W113/><G7/><T77/><D133/><U116/><E15/><V14/><F132/><W12/><G113/><T33/><D17/><U68/><E68/><V25/><F14/><W51/><G66/><T19/><D19/><U9/><E9/><V18/><F18/><W71/><G64/><T42/><D77/><N who="1" m="44455" /><E116/><V62/><F2/><W60/><G60/><T128/><D87/><N who="1" m="52319" /><E134/><V21/><F1/><W123/><G71/><T81/><D11/><U65/><E65/><V88/><F20/><W73/><G123/><T4/><D128/><U98/><E131/><V105/><F117/><W104/><G34/><T129/><D129/><U29/><E29/><V56/><F118/><W86/><G32/><T45/><D46/><U41/><E41/><V99/><F21/><W22/><G44/><T125/><D6/><U127/><E127/><V52/><F25/><W8/><G8/><T103/><D4/><U89/><E94/><N who="2" m="56391" /><F28/><W53/><G22/><T43/><D125/><U3/><E3/><V111/><F111/><W120/><G120/><T80/><REACH who="0" step="1"/><D43/><REACH who="0" ten="240,250,250,250" step="2"/><U79/><AGARI ba="0,1" hai="78,79,89,93,98" m="52319,44455,43050" machi="79" ten="30,7900,0" yaku="11,1,34,2,52,1" doraHai="95" who="1" fromWho="1" sc="240,-39,250,89,250,-20,250,-20" /><INIT seed="1,0,0,1,2,114" ten="201,339,230,230" oya="1" hai0="44,108,107,57,125,109,121,8,74,86,110,61,123" hai1="87,15,31,12,64,22,5,90,98,16,89,32,88" hai2="14,17,35,0,11,49,85,76,24,10,91,70,75" hai3="78,42,95,84,129,83,20,111,39,3,60,4,103"/><U30/><E32/><V67/><F76/><W25/><G129/><T59/><D74/><U102/><E64/><V63/><F75/><W113/><G113/><T66/><D107/><U117/><E117/><V135/><F135/><W52/><G111/><T37/><D8/><N who="1" m="4111" /><E87/><V9/><F0/><W55/><G3/><T18/><D18/><U40/><E40/><V115/><F115/><W50/><G4/><T112/><D112/><U119/><E119/><V19/><F49/><W120/><G120/><N who="0" m="46155" /><D86/><U82/><E82/><V34/><F24/><W23/><G39/><T68/><D125/><U96/><E102/><V36/><F36/><W105/><G105/><T132/><D132/><U118/><E118/><V93/><REACH who="2" step="1"/><F19/><REACH who="2" ten="201,339,220,230" step="2"/><W47/><G60/><T21/><D21/><AGARI ba="0,1" hai="9,10,11,14,17,21,34,35,63,67,70,85,91,93" machi="21" ten="40,8000,1" yaku="1,1,2,1,53,3" doraHai="114" doraHaiUra="7" who="2" fromWho="0" sc="201,-80,339,0,220,90,230,0" /><INIT seed="2,0,0,2,4,81" ten="121,339,310,230" oya="2" hai0="17,96,1,53,101,79,134,30,56,5,119,8,62" hai1="54,44,108,130,86,77,88,32,93,68,89,97,64" hai2="109,75,105,112,98,70,115,51,102,118,52,92,4" hai3="38,65,122,0,83,15,33,73,47,28,125,9,35"/><V90/><F70/><W40/><G122/><T12/><D134/><U24/><E68/><V20/><F118/><W21/><G125/><T39/><D119/><U59/><E32/><V6/><F75/><W111/><G111/><T99/><D39/><U106/><E106/><V110/><F20/><W55/><G55/><T11/><D30/><U128/><E108/><N who="2" m="41579" /><F6/><N who="3" m="1223" /><G65/><T91/><D79/><U85/><E24/><V49/><F4/><W69/><G69/><T116/><D116/><U121/><E121/><V13/><F13/><W27/><G15/><T74/><D74/><U66/><E44/><N who="2" m="27687" /><F51/><W26/><G26/><T50/><D50/><N who="1" m="31191" /><E130/><V127/><F127/><W107/><G35/><T25/><D25/><U95/><E128/><V37/><F37/><W67/><G21/><T133/><D133/><U120/><E120/><V29/><F29/><W34/><G34/><T87/><REACH who="0" step="1"/><D101/><REACH who="0" ten="111,339,310,230" step="2"/><N who="1" m="60591" /><E77/><V3/><F3/><W46/><G38/><T124/><D124/><U104/><E104/><V45/><F45/><W19/><G107/><T114/><D114/><U94/><AGARI ba="0,1" hai="64,66,85,86,88,89,94,95" m="60591,31191" machi="94" ten="30,7900,0" yaku="8,1,52,2,54,1" doraHai="81" who="1" fromWho="1" sc="111,-20,339,89,310,-39,230,-20" /><INIT seed="3,0,0,3,0,110" ten="91,428,271,210" oya="3" hai0="38,5,91,98,63,120,0,80,60,99,126,21,45" hai1="94,89,7,64,48,55,124,81,127,36,20,65,14" hai2="74,57,113,13,122,34,28,37,15,69,115,54,131" hai3="101,31,62,6,111,97,76,129,77,24,52,58,119"/><W121/><G121/><T59/><D120/><U79/><E36/><V88/><F74/><W102/><G119/><T100/><D126/><N who="1" m="48171" /><E20/><V116/><F116/><W90/><G111/><T68/><D68/><U82/><E14/><V1/><F69/><W4/><G129/><T30/><D0/><U106/><E7/><N who="3" m="2602" /><G24/><T135/><D5/><U93/><E106/><V3/><F37/><W2/><G31/><T25/><D135/><U108/><E108/><V72/><F72/><W16/><G2/><T83/><D91/><U78/><E82/><V85/><F122/><W114/><G114/><T123/><D123/><U67/><E81/><V27/><F3/><W39/><G39/><T46/><D63/><U132/><E132/><V8/><F1/><W107/><G107/><T75/><D99/><N who="1" m="57775" /><E94/><V18/><F15/><W51/><G62/><T103/><D100/><N who="3" m="38505" /><G16/><T49/><D38/><U53/><E48/><V40/><F131/><W32/><G32/><T71/><D75/><U29/><E29/><V134/><F134/><W133/><G133/><T12/><D12/><U117/><E117/><V17/><F17/><W66/><G66/><N who="0" m="39199" /><D49/><U42/><E67/><V10/><F10/><W23/><G23/><T118/><D118/><U44/><E65/><V86/><F115/><W70/><G70/><T33/><D71/><U9/><E64/><V128/><F113/><W87/><G97/><T84/><D33/><U56/><E9/><V96/><F128/><W92/><AGARI ba="0,0" hai="51,52,58,76,77,87,90,92" m="38505,2602" machi="92" ten="30,3000,0" yaku="8,1,54,1" doraHai="110" who="3" fromWho="3" sc="91,-10,428,-10,271,-10,210,30" /><INIT seed="3,1,0,1,3,59" ten="81,418,261,240" oya="3" hai0="14,112,100,58,71,115,76,119,79,12,34,86,96" hai1="104,45,127,33,24,1,46,8,7,40,67,48,113" hai2="128,61,13,80,54,120,122,3,10,23,75,0,82" hai3="4,90,50,130,6,126,99,98,66,70,28,124,101"/><W20/><G130/><T131/><D119/><U91/><E113/><N who="0" m="43593" /><D71/><U68/><E104/><V89/><F23/><W30/><G90/><T78/><D34/><U111/><E111/><V125/><F125/><N who="3" m="48235" /><G50/><T17/><D131/><U31/><E127/><V63/><F54/><W132/><G132/><T29/><D29/><N who="3" m="11369" /><G20/><T81/><D58/><U60/><E91/><V107/><F107/><N who="3" m="63927" /><G99/><T134/><D134/><U62/><E62/><AGARI ba="1,0" hai="4,6,62,66,70" m="63927,11369,48235" machi="62" ten="30,2900,0" yaku="18,1,52,1" doraHai="59" who="3" fromWho="1" sc="81,0,418,-32,261,0,240,32" /><INIT seed="3,2,0,1,2,112" ten="81,386,261,272" oya="3" hai0="71,24,41,100,128,130,113,133,6,64,42,35,66" hai1="48,32,124,2,23,96,19,101,87,25,81,132,4" hai2="26,110,18,102,118,28,89,17,29,86,31,39,119" hai3="56,63,117,76,68,37,115,75,105,120,88,44,15"/><W121/><G115/><T38/><D113/><U72/><E72/><V34/><F39/><W51/><G105/><T43/><D6/><U131/><E124/><V85/><F102/><W111/><G75/><T129/><D100/><U125/><E125/><V1/><F1/><W104/><G104/><T57/><D35/><U94/><E131/><V135/><F34/><W79/><G15/><T11/><D11/><U0/><E132/><V98/><F135/><W84/><G111/><T21/><D133/><U47/><E4/><V107/><F107/><W91/><G117/><T116/><D38/><U58/><E58/><V93/><F110/><W10/><G10/><T99/><D99/><U36/><E36/><V69/><F69/><W83/><G79/><T108/><D108/><U30/><E30/><V78/><F26/><W126/><G126/><T114/><D114/><U49/><E32/><V74/><F74/><W103/><G103/><T12/><D12/><U70/><E70/><V60/><F60/><W80/><G80/><T16/><D71/><U46/><E0/><V50/><F50/><N who="1" m="19561" /><E2/><V7/><F7/><W27/><G27/><T3/><D3/><U123/><E123/><V40/><F40/><N who="3" m="22543" /><G121/><T62/><D66/><U54/><E54/><V20/><F20/><W95/><G120/><T82/><D82/><U8/><E8/><V77/><F77/><AGARI ba="2,0" hai="19,23,25,46,47,77,81,87,94,96,101" m="19561" machi="77" ten="30,1000,0" yaku="8,1" doraHai="112" who="1" fromWho="2" sc="81,0,386,16,261,-16,272,0" /><INIT seed="4,0,0,2,2,69" ten="81,402,245,272" oya="0" hai0="50,39,14,33,28,15,51,10,75,92,125,27,122" hai1="106,109,35,70,3,133,98,53,8,89,111,61,1" hai2="116,23,80,120,102,42,67,121,46,66,112,26,74" hai3="58,95,45,48,41,130,134,107,54,118,113,124,100"/><T19/><D122/><U16/><E35/><V29/><F112/><W85/><G118/><T31/><D75/><U126/><E16/><V78/><F116/><W129/><G113/><T4/><D125/><U34/><E34/><V6/><F102/><W132/><G107/><T94/><D31/><U117/><E117/><V22/><F22/><W104/><G104/><T127/><D127/><U13/><E13/><V71/><F6/><W84/><G100/><T59/><D39/><U0/><E53/><V20/><F20/><W55/><G124/><T7/><D4/><U105/><E89/><V79/><F79/><W135/><G95/><T43/><D51/><U103/><E106/><V21/><F21/><W115/><G115/><T81/><D81/><U2/><E126/><V65/><REACH who="2" step="1"/><F71/><REACH who="2" ten="81,402,235,272" step="2"/><W72/><G72/><T37/><D7/><N who="1" m="1127" /><E109/><V38/><AGARI ba="0,1" hai="23,26,29,38,42,46,65,66,67,74,78,80,120,121" machi="38" ten="30,4000,0" yaku="1,1,0,1,52,1,53,0" doraHai="69" doraHaiUra="97" who="2" fromWho="2" sc="81,-20,402,-10,235,50,272,-10" /><INIT seed="5,0,0,0,2,114" ten="61,392,285,262" oya="1" hai0="74,104,32,117,14,96,52,76,85,29,112,30,86" hai1="98,59,116,40,13,60,71,24,126,45,41,47,53" hai2="35,91,125,39,132,108,16,34,25,68,105,89,72" hai3="26,9,19,75,28,49,63,102,1,95,5,123,43"/><U78/><E116/><V42/><F72/><W103/><G75/><T7/><D112/><U37/><E126/><V33/><F68/><W69/><G123/><T31/><D32/><U111/><E111/><V50/><F105/><W20/><G69/><T6/><D74/><U122/><E71/><V134/><F39/><W113/><G113/><T135/><D135/><N who="2" m="51754" /><F108/><W127/><G127/><T130/><D130/><U118/><E118/><V82/><F82/><W66/><G66/><T23/><D117/><U93/><E78/><V17/><F125/><W80/><G80/><T48/><D104/><U21/><E13/><V131/><F131/><W109/><G109/><T129/><D129/><U119/><E119/><V36/><F36/><W15/><G63/><T46/><D96/><U87/><E87/><V22/><F17/><W27/><G95/><T83/><REACH who="0" step="1"/><D86/><REACH who="0" ten="51,392,285,262" step="2"/><U11/><E122/><V88/><F35/><N who="3" m="20895" /><G26/><T107/><D107/><U106/><E106/><V97/><F97/><W133/><G133/><T51/><D51/><U79/><E98/><V57/><F34/><W18/><G49/><T90/><D90/><U100/><E24/><V120/><F33/><W0/><G103/><T61/><D61/><U73/><E100/><V56/><F120/><W62/><G102/><T55/><D55/><U65/><E60/><V64/><F64/><W44/><G62/><T101/><D101/><U77/><E65/><V110/><F110/><W84/><G84/><T94/><D94/><U2/><E73/><V115/><F115/><W121/><G121/><T10/><D10/><U58/><E93/><RYUUKYOKU ba="0,1" sc="51,15,392,-15,285,15,262,-15" hai0="6,7,14,23,29,30,31,46,48,52,76,83,85" hai2="16,22,25,42,50,56,57,88,89,91" /><INIT seed="6,1,1,5,4,132" ten="66,377,300,247" oya="2" hai0="126,32,44,36,64,79,92,41,47,21,76,40,74" hai1="55,56,6,94,27,7,99,98,81,12,59,93,97" hai2="107,75,131,124,28,34,17,85,111,29,115,53,42" hai3="48,66,2,90,38,61,129,31,91,119,22,30,83"/><V108/><F75/><W50/><G38/><T96/><D32/><U51/><E27/><N who="2" m="18719" /><F107/><W121/><G119/><T71/><D74/><U52/><E81/><V105/><F105/><W57/><G121/><T88/><D126/><U82/><E82/><V58/><F42/><W127/><G127/><T54/><D54/><U63/><E12/><V73/><F73/><W122/><G2/><T116/><D116/><U120/><E120/><V46/><F46/><W118/><G118/><T109/><D109/><N who="2" m="42058" /><F29/><N who="3" m="10763" /><G122/><T62/><REACH who="0" step="1"/><D21/><REACH who="0" ten="56,377,300,247" step="2"/><U60/><E51/><AGARI ba="1,2" hai="36,40,41,44,47,51,62,64,71,76,79,88,92,96" machi="51" ten="30,7700,0" yaku="1,1,2,1,7,1,54,1,53,0" doraHai="132" doraHaiUra="114" who="0" fromWho="1" sc="56,100,377,-80,300,0,247,0" /><INIT seed="7,0,0,3,5,112" ten="156,297,300,247" oya="3" hai0="35,63,105,129,40,135,80,119,56,49,72,120,51" hai1="113,94,85,31,25,53,62,52,8,93,118,114,43" hai2="17,117,45,9,122,73,58,81,0,36,103,21,16" hai3="33,107,69,104,83,47,6,89,123,27,30,100,20"/><W128/><G123/><T48/><D120/><U116/><E43/><V111/><F117/><N who="1" m="45161" /><E8/><V66/><F111/><W12/><G128/><T132/><D119/><U98/><E85/><V5/><F122/><W7/><G69/><T95/><D105/><U19/><E19/><V126/><F103/><W78/><G89/><T18/><D35/><N who="1" m="20975" /><E93/><V46/><F126/><W106/><G100/><T90/><D72/><U59/><E53/><V82/><F17/><W15/><G47/><T22/><D80/><U127/><E127/><V57/><F66/><W3/><G33/><T133/><D129/><U44/><E44/><V109/><F109/><W124/><G124/><T101/><D101/><AGARI ba="0,0" hai="52,59,62,94,98,101,113,114" m="20975,45161" machi="101" ten="30,8000,1" yaku="12,1,52,3,54,1" doraHai="112" who="1" fromWho="0" sc="156,-80,297,80,300,0,247,0" owari="76,-42.0,377,47.0,300,10.0,247,-15.0" /></mjloggm>