<mjloggm ver="2.3"><GO type="97" lobby="0"/><UN n0="%63%68%61%72%73%69" n1="%74%65%72%72%79%39%31%36" n2="%E3%82%A6%E3%83%AB%E3%83%88%E3%83%A9%E7%AB%8B%E7%9B%B4" n3="%E3%82%8C%E3%81%8A%E3%81%97%E3%82%87%E3%81%86" dan="13,14,13,14" rate="1890.74,1840.07,1893.61,1868.26" sx="M,M,M,M"/><TAIKYOKU oya="0"/><INIT seed="0,0,0,1,1,52" ten="250,250,250,250" oya="0" hai0="67,53,21,85,22,94,71,69,42,9,112,78,80" hai1="30,89,31,118,41,7,111,131,19,109,61,125,120" hai2="13,97,84,110,114,76,49,35,101,124,105,83,62" hai3="20,5,64,117,54,25,122,68,3,17,57,55,108"/><T115/><D42/><U48/><E120/><V133/><F114/><W119/><G108/><T75/><D71/><U38/><E118/><V92/><F35/><W15/><G122/><T104/><D9/><U116/><E38/><V39/><F39/><W121/><G121/><T127/><D127/><U86/><E116/><V107/><F110/><N who="1" m="41993" /><E125/><V23/><F124/><W95/><G95/><T8/><D8/><U56/><E7/><V135/><F49/><W18/><G68/><T1/><D1/><U28/><E131/><V34/><F34/><W73/><G73/><T66/><D66/><N who="1" m="39207" /><E19/><N who="2" m="10735" /><F62/><W59/><G119/><T72/><D67/><U50/><E41/><V27/><F27/><W47/><G117/><T102/><D69/><U46/><E46/><V93/><F107/><W33/><G64/><T51/><D115/><U36/><E36/><V12/><F12/><W40/><G3/><T11/><D11/><U60/><E60/><V98/><F98/><W90/><G5/><T29/><D112/><U100/><E100/><V113/><F113/><W58/><G90/><T82/><D29/><N who="1" m="7427" /><U87/><DORA hai="106" /><E87/><V91/><F105/><W16/><G33/><T132/><D85/><U77/><E77/><V81/><F76/><W79/><G79/><T103/><D78/><U99/><E99/><V63/><F63/><W134/><G134/><AGARI ba="0,0" hai="81,83,84,91,92,93,97,101,133,134,135" m="10735" machi="134" ten="30,1000,0" yaku="20,1" doraHai="52,106" who="2" fromWho="3" sc="250,0,250,0,250,10,250,-10" /><INIT seed="1,0,0,3,4,77" ten="250,250,260,240" oya="1" hai0="33,101,69,56,133,92,68,102,84,51,4,96,60" hai1="10,36,14,129,22,19,26,103,132,115,128,119,32" hai2="16,34,97,64,12,118,86,29,99,110,82,53,76" hai3="126,63,47,74,23,50,43,24,48,122,106,127,66"/><U114/><E36/><V108/><F118/><W46/><G122/><T40/><D33/><U124/><E103/><V71/><F29/><W85/><G106/><T27/><D133/><U21/><E119/><V81/><F34/><W58/><G74/><T7/><D84/><U131/><E32/><V121/><F121/><W3/><G3/><T9/><D27/><U20/><E132/><V98/><F53/><W38/><G85/><T94/><D40/><U13/><E124/><V25/><F25/><W39/><G23/><T2/><D51/><U89/><E89/><V111/><F82/><W61/><G24/><T55/><D7/><U5/><E14/><V45/><F45/><W90/><G90/><T65/><REACH who="0" step="1"/><D65/><REACH who="0" ten="240,250,260,240" step="2"/><U123/><REACH who="1" step="1"/><E123/><REACH who="1" ten="240,240,260,240" step="2"/><V62/><F99/><AGARI ba="0,2" hai="2,4,9,55,56,60,68,69,92,94,96,99,101,102" machi="99" ten="40,8000,1" yaku="1,1,2,1,9,1,53,1" doraHai="77" doraHaiUra="35" who="0" fromWho="2" sc="240,100,240,0,260,-80,240,0" /><INIT seed="2,0,0,4,1,127" ten="340,240,180,240" oya="2" hai0="54,98,40,33,71,119,126,34,28,15,22,130,19" hai1="10,11,41,63,14,115,89,85,108,111,6,49,84" hai2="52,29,47,18,103,78,32,56,46,77,121,66,109" hai3="72,81,80,106,7,23,105,48,123,113,132,128,95"/><V44/><F121/><W17/><G123/><T12/><D71/><U87/><E115/><V135/><F135/><W133/><G113/><T42/><D119/><U26/><E63/><V101/><F109/><N who="1" m="42057" /><E26/><V94/><F29/><W45/><G7/><T118/><D118/><U38/><E38/><V68/><F32/><W60/><G60/><T31/><D98/><U99/><E99/><N who="2" m="59639" /><F66/><W51/><G95/><T120/><D120/><U92/><E11/><V21/><F103/><W102/><G102/><T67/><D67/><U91/><E91/><V117/><F117/><W8/><G8/><T131/><D54/><U86/><E86/><V0/><F0/><W4/><G4/><T110/><D110/><U2/><E2/><V75/><F75/><W58/><G58/><T5/><D126/><U93/><E93/><V134/><F68/><W9/><G9/><N who="0" m="4143" /><D42/><U30/><E30/><N who="0" m="11305" /><D40/><U53/><E41/><V129/><F134/><N who="3" m="51819" /><G72/><T39/><D39/><U90/><E89/><V124/><F124/><W76/><G106/><T107/><D107/><U79/><E79/><V37/><F37/><W20/><G105/><T96/><D96/><U55/><E53/><V88/><F88/><W35/><G76/><T3/><D3/><U100/><E100/><V16/><F129/><AGARI ba="0,0" hai="15,19,22,33,34,129,130,131" m="11305,4143" machi="129" ten="30,12000,2" yaku="19,1,34,2,52,3" doraHai="127" who="0" fromWho="2" sc="340,120,240,0,180,-120,240,0" /><INIT seed="3,0,0,2,2,53" ten="460,240,60,240" oya="3" hai0="75,47,130,113,2,126,108,129,80,14,120,112,44" hai1="3,118,24,46,115,36,19,123,119,107,121,93,86" hai2="99,54,35,49,40,94,97,82,12,15,71,42,91" hai3="135,83,21,74,62,18,30,56,13,37,66,95,31"/><W77/><G37/><T78/><D2/><U111/><E3/><V114/><F71/><W90/><REACH who="3" step="1"/><G135/><REACH who="3" ten="460,240,60,230" step="2"/><T68/><D120/><N who="1" m="46155" /><E107/><V89/><F35/><W28/><G28/><T60/><D126/><U5/><E115/><N who="0" m="44105" /><D108/><U57/><E5/><V33/><F114/><W48/><G48/><T105/><D105/><U81/><E93/><V29/><F33/><W1/><G1/><T122/><D122/><U109/><E57/><V92/><F29/><W103/><G103/><T8/><D68/><U25/><E19/><V98/><F98/><AGARI ba="0,1" hai="13,18,21,30,31,56,62,66,74,77,83,90,95,98" machi="98" ten="30,11600,0" yaku="1,1,7,1,52,1,53,1" doraHai="53" doraHaiUra="16" who="3" fromWho="2" sc="460,0,240,0,60,-116,230,126" owari="460,56.0,240,-16.0,-56,-56.0,356,16.0" /></mjloggm>