<mjloggm ver="2.3"><GO type="97" lobby="0"/><UN n0="%E6%80%A8%E3%81%BF%E5%B1%8B%E6%9C%AC%E8%88%97" n1="%E3%81%B0%E3%81%98%E3%82%8B%EF%BC%A0%E6%9D%B1%E9%A2%A8" n2="%E3%82%A6%E3%83%AB%E3%83%88%E3%83%A9%E7%AB%8B%E7%9B%B4" n3="%E3%81%B2%E3%81%A7%E3%81%98%E3%81%84%EF%BC%A0%EF%BD%97%EF%BD%93" dan="14,15,14,15" rate="1926.61,2020.99,1952.64,1949.08" sx="M,M,M,M"/><TAIKYOKU oya="0"/><INIT seed="0,0,0,3,0,6" ten="250,250,250,250" oya="0" hai0="111,27,112,3,114,58,42,115,51,104,15,13,36" hai1="109,135,113,81,41,95,55,35,103,105,30,116,50" hai2="72,91,78,66,123,108,75,76,94,12,16,87,88" hai3="24,85,133,32,44,106,102,22,125,126,64,59,68"/><T10/><D104/><U37/><E116/><V38/><F38/><W121/><G32/><T18/><D27/><U34/><E109/><V101/><F66/><W61/><G133/><T56/><D3/><U122/><E122/><V107/><F123/><W134/><G121/><T132/><D111/><U40/><E135/><V4/><F4/><W71/><G134/><T83/><D132/><U69/><E69/><V0/><F0/><W129/><G102/><T25/><D25/><U73/><E105/><V31/><F31/><W29/><G106/><T43/><D36/><U79/><E113/><V63/><F63/><W77/><G129/><T89/><D15/><U14/><E30/><V131/><F131/><W11/><G44/><T97/><D58/><U128/><E128/><V110/><F110/><W9/><G77/><N who="2" m="29801" /><F108/><W98/><G98/><T120/><D120/><U117/><E117/><V84/><F16/><W39/><G85/><T82/><D97/><U7/><E37/><V49/><F49/><W124/><G39/><T92/><D82/><U86/><E35/><V28/><F12/><W130/><G130/><T33/><D83/><U93/><E34/><V54/><F54/><W47/><G47/><T45/><D33/><U127/><E73/><N who="2" m="28235" /><F28/><W5/><G5/><T52/><D56/><U60/><E14/><V99/><F107/><W2/><G2/><T57/><D45/><U119/><E7/><V118/><F118/><W70/><AGARI ba="0,0" hai="9,11,22,24,29,59,61,64,68,70,71,124,125,126" machi="70" ten="40,8000,1" yaku="0,1,18,1,52,2" doraHai="6" who="3" fromWho="3" sc="250,-40,250,-20,250,-20,250,80" /><INIT seed="1,0,0,3,2,18" ten="210,230,230,330" oya="1" hai0="37,51,56,104,130,126,93,29,45,27,47,6,42" hai1="106,83,50,21,94,43,71,109,80,72,9,107,46" hai2="117,63,112,77,116,70,58,118,99,4,84,102,110" hai3="68,53,24,91,0,40,14,134,75,41,19,125,97"/><U128/><E71/><V76/><F70/><W52/><G75/><T79/><D104/><U20/><E128/><V60/><F4/><W44/><G0/><T74/><D130/><U108/><E9/><V11/><F11/><W131/><G68/><T87/><D6/><U49/><E94/><V121/><F121/><W100/><G131/><T69/><D69/><U59/><E59/><V124/><F124/><W89/><G125/><T64/><D126/><U96/><E96/><V67/><F110/><N who="1" m="42601" /><E50/><V65/><F84/><W12/><G134/><T90/><D74/><U23/><E72/><V73/><F112/><W111/><G111/><T132/><D132/><U113/><E113/><V122/><F122/><W3/><G3/><T17/><D79/><U7/><E7/><V26/><F73/><W119/><G119/><T114/><D114/><U103/><E103/><V34/><F99/><W129/><G129/><T38/><D38/><U1/><E1/><V39/><F102/><W25/><G97/><T57/><D17/><U85/><E83/><V8/><F8/><W101/><G19/><T5/><D64/><U13/><E13/><V98/><F98/><W82/><G82/><T36/><D5/><U28/><E28/><N who="2" m="19735" /><F39/><W115/><G115/><T62/><D36/><U30/><E30/><V55/><F77/><AGARI ba="0,0" hai="20,21,23,43,46,49,77,80,85,106,107" m="42601" machi="77" ten="30,12000,1" yaku="14,1,10,1,52,3" doraHai="18" who="1" fromWho="2" sc="210,0,230,120,230,-120,330,0" /><INIT seed="1,1,0,2,2,99" ten="210,350,110,330" oya="1" hai0="49,39,106,133,30,31,104,18,36,48,47,117,6" hai1="14,125,129,54,37,5,50,4,111,66,89,77,116" hai2="71,95,64,20,62,51,52,107,53,98,23,58,102" hai3="108,75,65,110,34,73,29,112,96,130,60,45,79"/><U123/><E116/><V120/><F120/><W127/><G112/><T121/><D47/><U113/><E113/><V81/><F81/><W8/><G79/><T78/><D78/><U69/><E123/><V103/><F107/><W26/><G130/><T22/><D121/><U74/><E129/><V97/><F71/><W11/><G45/><T63/><D63/><U76/><E125/><V41/><F41/><W28/><G28/><T35/><D22/><N who="2" m="8234" /><F51/><W86/><G127/><T122/><D122/><U124/><E124/><V16/><F16/><W0/><G86/><T42/><D18/><U13/><E37/><V115/><F115/><W19/><G96/><N who="2" m="36969" /><F95/><W80/><G19/><T33/><D42/><U128/><E69/><V32/><F32/><W94/><G94/><T55/><D6/><U24/><E128/><V100/><AGARI ba="1,0" hai="52,53,58,62,64,100,102,103" m="36969,8234" machi="100" ten="30,8000,1" yaku="8,1,52,3,54,1" doraHai="99" who="2" fromWho="2" sc="210,-21,350,-41,110,83,330,-21" /><INIT seed="2,0,0,3,1,82" ten="189,309,193,309" oya="2" hai0="4,94,34,10,51,95,77,134,67,0,131,87,102" hai1="13,19,30,129,60,55,119,33,44,38,15,70,130" hai2="128,37,18,98,64,23,17,111,91,133,14,121,104" hai3="115,9,135,26,86,83,2,90,117,88,24,106,25"/><V69/><F37/><W5/><G117/><T16/><D34/><U27/><E119/><V118/><F118/><W126/><G106/><T12/><D134/><U103/><E103/><V84/><F121/><W40/><G40/><T39/><D39/><U1/><E1/><V58/><F133/><W97/><G135/><T113/><D113/><U41/><E15/><N who="2" m="9663" /><F69/><W65/><G65/><T63/><D131/><N who="1" m="50187" /><E70/><V54/><F104/><W73/><G115/><T53/><D102/><U93/><E93/><N who="2" m="54503" /><F128/><W7/><G73/><T21/><D87/><U76/><E76/><V47/><F111/><W85/><G126/><T62/><D77/><U61/><E55/><V107/><F107/><W11/><G97/><T71/><D62/><U100/><E100/><V114/><F114/><W99/><G99/><T49/><REACH who="0" step="1"/><D49/><REACH who="0" ten="179,309,193,309" step="2"/><U96/><E96/><V45/><F98/><W59/><G59/><AGARI ba="0,1" hai="0,4,10,12,16,21,51,53,59,63,67,71,94,95" machi="59" ten="30,8000,1" yaku="1,1,2,1,7,1,54,1,53,1" doraHai="82" doraHaiUra="46" who="0" fromWho="3" sc="179,90,309,0,193,0,309,-80" /><INIT seed="3,0,0,4,2,122" ten="269,309,193,229" oya="3" hai0="129,117,77,89,23,54,24,128,91,125,20,72,69" hai1="101,6,16,98,37,74,119,96,95,57,7,38,78" hai2="94,35,46,42,51,44,63,62,31,36,132,124,121" hai3="18,99,104,106,85,2,134,15,90,93,28,80,82"/><W40/><G134/><T123/><D123/><U71/><E71/><V64/><F31/><W3/><G28/><T8/><D117/><U58/><E119/><V135/><F35/><W76/><G40/><T22/><D69/><U14/><E78/><V70/><F94/><W110/><G110/><T34/><D125/><U127/><E127/><V55/><F121/><W19/><G19/><T26/><D8/><U47/><E74/><V87/><F87/><W73/><G106/><T43/><D43/><U83/><E83/><V50/><F124/><W97/><G97/><T52/><D77/><U81/><E81/><V4/><F4/><W68/><G68/><T33/><D20/><U30/><E30/><V53/><F63/><W39/><G39/><T25/><D25/><U12/><E95/><V11/><F11/><W66/><G66/><T102/><D102/><U67/><E101/><V120/><F120/><W27/><G27/><T116/><D116/><U1/><E16/><V13/><F13/><W0/><G104/><T112/><REACH who="0" step="1"/><D72/><REACH who="0" ten="259,309,193,229" step="2"/><U111/><E38/><V133/><F133/><W113/><G0/><T109/><D109/><U32/><E111/><V75/><F75/><W59/><G73/><T108/><D108/><U60/><E1/><V45/><AGARI ba="0,1" hai="36,42,44,45,46,50,51,53,55,62,64,70,132,135" machi="45" ten="30,8000,1" yaku="0,1,9,1,34,3" doraHai="122" who="2" fromWho="2" sc="259,-20,309,-20,193,90,229,-40" /><INIT seed="4,0,0,3,3,108" ten="239,289,283,189" oya="0" hai0="53,7,39,30,0,93,79,68,115,6,87,127,16" hai1="55,50,59,67,33,95,71,37,43,75,42,89,86" hai2="10,51,13,85,114,47,106,60,130,112,120,91,8" hai3="54,45,19,17,35,126,64,21,90,34,129,11,132"/><T128/><D39/><U110/><E110/><V100/><F120/><W66/><G90/><T131/><D127/><U118/><E118/><V96/><F60/><W123/><G45/><T104/><D104/><U32/><E75/><V9/><F130/><N who="0" m="49706" /><D68/><U36/><E43/><V92/><REACH who="2" step="1"/><F13/><REACH who="2" ten="239,289,273,189" step="2"/><N who="3" m="7359" /><G129/><T81/><D0/><U40/><E37/><V124/><F124/><W4/><G123/><T58/><D30/><U135/><E135/><V102/><F102/><W78/><G126/><T101/><D101/><U61/><E40/><AGARI ba="0,1" hai="8,9,10,40,47,51,85,91,92,96,100,106,112,114" machi="40" ten="40,5200,0" yaku="1,1,52,2,53,0" doraHai="108" doraHaiUra="107" who="2" fromWho="1" sc="239,0,289,-52,273,62,189,0" owari="239,4.0,237,-16.0,335,43.0,189,-31.0" /></mjloggm>