<mjloggm ver="2.3"><GO type="97" lobby="0"/><UN n0="%6E%79%75%73%75%6B%65" n1="%62%61%72%72%6F%6E" n2="%E5%AE%9F%E6%88%A6%E6%B4%BE%E3%83%8F%E3%82%B9%E3%83%A9%E3%83%BC" n3="%E5%B0%B1%E6%B4%BB%E7%94%9F%40%E5%B7%9D%E6%9D%91%E8%BB%8D%E5%9B%A3" dan="14,13,15,13" rate="1860.23,1949.87,2006.33,1829.19" sx="M,M,M,M"/><TAIKYOKU oya="0"/><INIT seed="0,0,0,2,0,128" ten="250,250,250,250" oya="0" hai0="24,116,2,103,127,37,79,39,65,47,97,55,78" hai1="72,43,96,120,7,87,61,46,117,70,8,18,101" hai2="5,23,112,51,62,64,56,38,21,31,36,105,82" hai3="102,34,16,111,124,93,104,0,15,84,35,131,125"/><T6/><D116/><U118/><E120/><V75/><F105/><W13/><G104/><T130/><D130/><U91/><E18/><V54/><F5/><W71/><G0/><T50/><D65/><U109/><E109/><V29/><F112/><W135/><G71/><T68/><D68/><U108/><E108/><V129/><F129/><W85/><G131/><T26/><D127/><N who="3" m="48713" /><G111/><T41/><D2/><U45/><E45/><V122/><F36/><W94/><G15/><T10/><D37/><U48/><E72/><V66/><F38/><W110/><G110/><T73/><D73/><U77/><E77/><V92/><F64/><W40/><G40/><T123/><D123/><U74/><E74/><V132/><F122/><W86/><G135/><T44/><D10/><U17/><E70/><V42/><F42/><W67/><G67/><T133/><D133/><U49/><E117/><V60/><F60/><W81/><G81/><T95/><REACH who="0" step="1"/><D6/><REACH who="0" ten="240,250,250,250" step="2"/><U1/><E7/><V59/><F132/><W25/><G102/><T20/><D20/><U63/><E101/><V27/><F75/><W19/><G35/><T119/><D119/><U52/><E118/><V113/><F113/><W3/><G3/><T28/><D28/><U121/><E1/><V58/><F23/><N who="3" m="13543" /><G34/><T115/><D115/><U53/><E121/><V98/><F31/><W89/><G89/><T106/><D106/><U32/><E91/><V114/><F114/><W76/><G76/><AGARI ba="0,1" hai="24,26,39,41,44,47,50,55,76,78,79,95,97,103" machi="76" ten="40,3900,0" yaku="1,1,53,1" doraHai="128" doraHaiUra="69" who="0" fromWho="3" sc="240,49,250,0,250,0,250,-39" /><INIT seed="0,1,0,4,3,106" ten="289,250,250,211" oya="0" hai0="132,46,128,85,59,4,1,90,135,117,84,56,82" hai1="131,50,11,134,116,29,58,71,64,55,28,35,125" hai2="99,66,43,18,32,79,113,37,126,61,10,112,52" hai3="94,53,34,22,6,109,78,21,2,27,105,76,86"/><T70/><D70/><U51/><E35/><V13/><F32/><W95/><G105/><T44/><D117/><U98/><E98/><V42/><F126/><W104/><G104/><T91/><D4/><U96/><E96/><V111/><F111/><W120/><G120/><T74/><D128/><U122/><E11/><V130/><F130/><W129/><G129/><T57/><D1/><U68/><E131/><V124/><F124/><W93/><G109/><T108/><D108/><U25/><E125/><V102/><F79/><W14/><G34/><T12/><D12/><U24/><E64/><V15/><F37/><W19/><G2/><T26/><D26/><U72/><E72/><V33/><F33/><W73/><G73/><T36/><D74/><U62/><E122/><V16/><F113/><W67/><G67/><T54/><D36/><U8/><E8/><V60/><F60/><W9/><G86/><T87/><D54/><N who="1" m="32087" /><E134/><N who="0" m="51241" /><D84/><U92/><E116/><V47/><F66/><W5/><G5/><T77/><D77/><U31/><E71/><V30/><F30/><W100/><G100/><T20/><D20/><U81/><E68/><V127/><F127/><W121/><G121/><T103/><D103/><U114/><E114/><V17/><F112/><W80/><G80/><AGARI ba="1,0" hai="44,46,56,57,59,80,82,85,87,90,91" m="51241" machi="80" ten="30,1500,0" yaku="20,1" doraHai="106" who="0" fromWho="3" sc="289,18,250,0,250,0,211,-18" /><INIT seed="0,2,0,5,3,120" ten="307,250,250,193" oya="0" hai0="114,110,72,88,86,135,67,70,15,0,10,111,24" hai1="134,46,44,91,79,26,80,22,30,83,19,75,127" hai2="57,64,113,84,129,29,97,100,36,17,5,123,106" hai3="12,105,81,126,16,101,103,56,94,102,65,2,95"/><T41/><D114/><U38/><E134/><V6/><F36/><W89/><G2/><T50/><D72/><U13/><E127/><V27/><F129/><W87/><G105/><T11/><D0/><U52/><E38/><V66/><F123/><W35/><G35/><T42/><D135/><U20/><E91/><V59/><F113/><W45/><G126/><T9/><D24/><U33/><E83/><V58/><F17/><W125/><G125/><T21/><D70/><U74/><E74/><V34/><F84/><W133/><G133/><T99/><D99/><U92/><E92/><V107/><F107/><W23/><REACH who="3" step="1"/><G45/><REACH who="3" ten="307,250,250,183" step="2"/><N who="0" m="25903" /><D21/><U124/><E124/><V39/><F39/><W54/><G54/><T116/><D116/><U73/><E22/><V121/><F121/><W68/><G68/><T131/><D131/><U128/><E128/><V61/><REACH who="2" step="1"/><F66/><REACH who="2" ten="307,250,240,183" step="2"/><W115/><G115/><T77/><D67/><U4/><E73/><V7/><AGARI ba="2,2" hai="5,6,7,27,29,34,57,58,59,61,64,97,100,106" machi="7" ten="30,4000,0" yaku="1,1,2,1,0,1,53,0" doraHai="120" doraHaiUra="43" who="2" fromWho="2" sc="307,-22,250,-12,240,66,183,-12" /><INIT seed="1,0,0,3,1,28" ten="285,238,306,171" oya="1" hai0="3,73,39,14,44,89,67,135,80,85,72,107,118" hai1="115,8,10,26,23,121,129,123,88,99,101,37,7" hai2="131,57,40,0,106,133,24,55,128,6,114,34,66" hai3="13,113,59,12,126,105,79,96,87,30,56,43,21"/><U61/><E115/><V104/><F40/><W102/><G113/><T4/><D118/><U16/><E129/><N who="2" m="49739" /><F66/><W90/><G126/><T11/><D107/><U52/><E37/><V18/><F133/><W127/><G127/><T68/><D135/><U19/><E19/><V32/><F6/><W51/><G79/><T46/><D14/><N who="1" m="5407" /><E101/><V76/><F0/><W94/><G56/><T83/><D46/><U91/><E10/><V69/><F69/><W116/><G116/><T100/><D100/><U1/><E1/><V5/><F5/><W31/><G43/><T124/><D124/><U98/><E123/><V65/><F65/><W93/><G105/><N who="2" m="40553" /><F76/><W70/><G70/><T45/><D45/><U25/><E25/><V50/><F114/><W122/><G122/><T17/><D17/><U103/><E121/><V22/><AGARI ba="0,0" hai="18,22,24,32,34,50,55,57" m="40553,49739" machi="22" ten="40,5200,0" yaku="19,1,52,2" doraHai="28" who="2" fromWho="2" sc="285,-13,238,-26,306,52,171,-13" /><INIT seed="2,0,0,5,4,112" ten="272,212,358,158" oya="2" hai0="37,110,28,60,9,79,128,72,129,11,83,94,41" hai1="68,64,98,24,67,97,8,80,115,66,7,12,69" hai2="61,32,109,3,86,118,18,105,26,42,111,50,29" hai3="87,13,96,103,23,55,35,92,27,104,120,39,15"/><V6/><F105/><W121/><G35/><T126/><D126/><U20/><E115/><V130/><F130/><N who="0" m="50282" /><D110/><N who="2" m="41994" /><F61/><W25/><G39/><T71/><D28/><U133/><E133/><V51/><F42/><W2/><G2/><T135/><D135/><U102/><E80/><V122/><F122/><W78/><G121/><T124/><D124/><U58/><E69/><V101/><F101/><W44/><G120/><T82/><D82/><U117/><E68/><V131/><F131/><W17/><G27/><T116/><D94/><U46/><E46/><V49/><F86/><W52/><G44/><N who="0" m="23599" /><D116/><U127/><E127/><V100/><F100/><W84/><G104/><T59/><D71/><U95/><E98/><V74/><F74/><W14/><REACH who="3" step="1"/><G78/><REACH who="3" ten="272,212,358,148" step="2"/><T125/><D125/><U93/><E117/><V0/><F0/><W106/><G106/><T53/><AGARI ba="0,1" hai="9,11,53,59,60,72,79,83" m="23599,50282" machi="53" ten="30,1100,0" yaku="19,1" doraHai="112" who="0" fromWho="0" sc="272,21,212,-3,358,-5,148,-3" /><INIT seed="3,0,0,3,3,23" ten="293,209,353,145" oya="3" hai0="93,62,98,79,77,20,0,108,116,1,11,6,114" hai1="9,25,90,126,109,30,104,118,13,10,33,36,40" hai2="83,35,70,59,71,100,50,7,29,110,131,34,86" hai3="84,61,26,135,17,53,44,124,45,64,58,92,133"/><W14/><G124/><T111/><D116/><U57/><E104/><V96/><F7/><W105/><G105/><T49/><D0/><U134/><E126/><V129/><F110/><W31/><G135/><T28/><D114/><U15/><E109/><N who="0" m="42057" /><D62/><U132/><E90/><V130/><F59/><W46/><G133/><N who="1" m="51306" /><E57/><V68/><F50/><W66/><G92/><T56/><D56/><U19/><E40/><V63/><F63/><W43/><G84/><T80/><D80/><U81/><E36/><V48/><F48/><W87/><G87/><T91/><D49/><U95/><E95/><N who="2" m="58399" /><F29/><W89/><G89/><AGARI ba="0,0" hai="34,35,68,70,71,83,86,89,129,130,131" m="58399" machi="89" ten="40,1300,0" yaku="19,1" doraHai="23" who="2" fromWho="3" sc="293,0,209,0,353,13,145,-13" owari="293,9.0,209,-19.0,366,47.0,132,-37.0" /></mjloggm>