<mjloggm ver="2.3"><GO type="97" lobby="0"/><UN n0="%E3%81%9C%E3%82%93%E3%81%A4%E3%81%81%E5%AB%8C%E3%81%84" n1="%73%69%6E%6F" n2="%E5%B0%B1%E6%B4%BB%E7%94%9F%40%E5%B7%9D%E6%9D%91%E8%BB%8D%E5%9B%A3" n3="%6F%6E%69%72%6F%6B%75" dan="14,13,13,14" rate="1927.34,1861.01,1875.71,1942.07" sx="M,F,M,M"/><TAIKYOKU oya="0"/><INIT seed="0,0,0,2,0,98" ten="250,250,250,250" oya="0" hai0="64,57,11,127,112,33,22,100,96,120,50,36,17" hai1="104,111,114,71,129,80,69,45,110,77,14,53,16" hai2="27,75,63,66,29,94,109,6,88,74,89,122,102" hai3="48,91,95,81,9,56,103,79,93,135,31,72,26"/><T39/><D33/><U97/><E114/><V60/><F122/><W126/><G126/><T23/><D120/><U44/><E129/><V132/><F6/><W10/><G135/><T90/><D112/><U92/><E104/><V119/><F119/><W117/><G117/><T76/><D76/><U83/><E14/><V124/><F124/><W55/><G95/><T47/><D127/><U118/><E118/><V73/><F109/><W107/><G107/><T13/><D90/><U61/><E61/><V35/><F63/><W62/><G48/><T123/><D123/><U125/><E125/><V25/><F25/><W4/><G4/><T106/><D57/><U32/><E32/><V128/><F128/><W68/><G68/><T51/><D64/><U30/><E30/><V43/><F43/><W101/><G10/><T54/><REACH who="0" step="1"/><D51/><REACH who="0" ten="240,250,250,250" step="2"/><U59/><E59/><V40/><F132/><W38/><G38/><AGARI ba="0,1" hai="11,13,17,22,23,36,38,39,47,50,54,96,100,106" machi="38" ten="40,7700,0" yaku="1,1,2,1,52,1,53,0" doraHai="98" doraHaiUra="21" who="0" fromWho="3" sc="240,87,250,0,250,0,250,-77" /><INIT seed="0,1,0,5,5,30" ten="327,250,250,173" oya="0" hai0="123,73,46,62,83,91,121,0,41,53,118,68,89" hai1="110,72,49,34,37,32,117,2,20,132,26,78,75" hai2="21,59,135,125,101,127,95,44,87,97,99,19,134" hai3="18,79,52,13,105,55,1,63,128,111,51,54,9"/><T4/><D118/><U115/><E117/><V100/><F59/><W28/><G105/><T119/><D119/><U48/><E2/><V24/><F44/><W17/><G128/><T74/><D68/><U65/><E37/><V81/><F19/><W10/><G111/><T112/><D112/><U70/><E132/><N who="2" m="50731" /><F24/><W8/><G79/><N who="0" m="44527" /><D74/><U96/><E115/><V126/><F21/><W7/><G63/><T61/><D91/><U76/><E110/><V25/><F25/><W94/><G94/><T15/><D89/><U130/><E130/><V27/><F27/><W69/><G69/><T36/><D15/><U39/><E39/><V104/><F87/><W109/><G109/><T103/><D103/><U129/><E96/><V47/><F47/><W6/><G28/><T66/><D53/><U12/><E12/><V124/><N who="2" m="32256" /><DORA hai="93" /><V90/><F81/><W77/><G77/><T131/><D62/><U92/><E92/><V82/><F82/><W11/><G18/><T64/><D61/><U98/><E129/><V122/><F100/><W84/><G84/><T42/><D131/><U14/><E14/><V116/><F116/><W22/><REACH who="3" step="1"/><G51/><REACH who="3" ten="327,250,250,163" step="2"/><T3/><D36/><U133/><E133/><V71/><F71/><W33/><G33/><T67/><D67/><U114/><E65/><V57/><F57/><W35/><G35/><T86/><D86/><U102/><E76/><V23/><F23/><W107/><G107/><T113/><D66/><U60/><E78/><V88/><F90/><W106/><G106/><T40/><D64/><U58/><E75/><V16/><F16/><RYUUKYOKU ba="1,1" sc="327,-15,250,-15,250,15,163,15" hai2="88,95,97,99,101,104,122" hai3="1,6,7,8,9,10,11,13,17,22,52,54,55" /><INIT seed="1,2,1,5,4,102" ten="312,235,265,178" oya="1" hai0="130,85,79,108,126,83,107,63,80,74,21,29,20" hai1="52,36,72,70,69,132,44,75,57,89,35,13,100" hai2="26,97,39,22,10,4,18,134,24,40,104,127,58" hai3="16,122,112,113,38,59,124,78,99,43,115,93,106"/><U128/><E35/><V133/><F127/><W116/><G122/><T73/><D107/><U45/><E132/><N who="2" m="50795" /><F58/><W7/><G7/><T2/><D2/><U62/><E128/><V125/><F125/><W53/><G124/><T101/><D101/><U42/><E44/><N who="2" m="23583" /><F97/><W51/><G78/><T117/><D126/><U60/><E13/><N who="2" m="9551" /><F104/><W41/><G38/><T37/><D37/><U76/><E100/><V90/><F90/><W66/><G116/><T30/><D79/><U86/><E76/><V91/><F91/><W109/><G109/><T46/><D108/><U118/><E118/><V120/><F120/><W87/><G66/><T96/><D96/><U67/><E70/><V131/><F131/><W50/><G50/><T23/><D117/><U114/><E114/><V14/><AGARI ba="2,1" hai="4,10,14,24,26" m="9551,23583,50795" machi="14" ten="30,1100,0" yaku="20,1" doraHai="102" who="2" fromWho="2" sc="312,-5,235,-7,265,27,178,-5" /><INIT seed="2,0,0,0,0,77" ten="307,228,292,173" oya="2" hai0="94,106,100,69,83,22,124,133,2,5,32,56,3" hai1="131,125,119,25,81,30,31,46,16,33,50,19,13" hai2="117,120,96,122,123,11,7,85,40,53,38,86,93" hai3="26,63,41,48,45,107,130,67,66,79,82,51,49"/><V73/><F73/><W99/><G130/><T114/><D69/><U112/><E112/><V87/><F117/><W97/><G26/><T118/><D32/><U105/><E119/><V1/><F53/><W52/><G107/><T95/><D114/><U59/><E131/><V134/><F134/><W71/><G67/><T17/><D118/><U126/><E105/><V35/><F35/><W74/><REACH who="3" step="1"/><G49/><REACH who="3" ten="307,228,292,163" step="2"/><T12/><D106/><U115/><E115/><V18/><F18/><W132/><G132/><T62/><D17/><U42/><E31/><V76/><F38/><W84/><G84/><T9/><D133/><U36/><E36/><V61/><F61/><W55/><G55/><T128/><D62/><U110/><E110/><V15/><F40/><W104/><G104/><T37/><D128/><U43/><E43/><V57/><F57/><AGARI ba="0,1" hai="41,45,48,51,52,57,63,66,71,74,79,82,97,99" machi="57" ten="30,8000,1" yaku="1,1,7,1,52,1,54,1,53,1" doraHai="77" doraHaiUra="60" who="3" fromWho="2" sc="307,0,228,0,292,-80,163,90" /><INIT seed="3,0,0,1,4,132" ten="307,228,212,253" oya="3" hai0="22,127,24,111,98,20,5,39,15,1,80,49,58" hai1="4,53,106,131,6,104,122,63,43,28,12,125,56" hai2="60,94,134,2,101,109,10,19,120,8,85,73,17" hai3="14,103,26,21,65,123,52,40,51,115,69,9,114"/><W13/><G123/><T92/><D39/><U100/><E122/><V76/><F73/><W126/><G126/><T86/><D127/><U91/><E125/><V110/><F120/><W59/><G103/><N who="0" m="60871" /><D1/><U57/><E131/><V133/><F76/><W45/><G14/><T50/><D111/><N who="2" m="42506" /><F60/><N who="3" m="40103" /><G13/><T33/><D33/><U62/><E43/><V128/><F128/><W31/><G9/><N who="2" m="3689" /><F2/><W54/><G54/><T82/><D5/><U118/><E118/><V105/><F105/><W72/><G72/><T93/><D15/><U119/><E119/><V3/><F3/><W79/><G79/><T27/><D93/><U102/><E28/><V34/><F34/><W44/><G44/><T67/><D67/><U117/><E12/><V112/><F112/><W64/><G64/><T95/><D95/><U16/><E117/><V46/><F46/><W107/><G107/><T61/><D22/><U88/><E53/><V37/><F37/><AGARI ba="0,0" hai="21,26,31,37,40,45,51,52,59,114,115" m="40103" machi="37" ten="30,2900,0" yaku="24,1,54,1" doraHai="132" who="3" fromWho="2" sc="307,0,228,0,212,-29,253,29" /><INIT seed="3,1,0,2,5,53" ten="307,228,183,282" oya="3" hai0="63,61,117,55,21,44,32,120,134,85,33,123,49" hai1="26,71,72,119,36,84,93,22,100,112,19,68,10" hai2="29,13,81,91,59,74,4,39,116,35,133,3,104" hai3="46,24,130,45,70,105,128,6,103,64,77,18,86"/><W48/><G105/><T9/><D117/><U135/><E112/><V106/><F116/><W58/><G103/><T15/><D134/><U114/><E114/><V0/><F133/><W131/><G6/><N who="0" m="3511" /><D33/><U125/><E36/><V98/><F39/><W47/><G70/><T113/><D32/><U7/><E119/><V28/><F74/><W111/><G111/><T69/><D69/><U73/><E125/><V75/><F75/><W96/><G96/><T43/><D123/><U90/><E135/><V94/><F81/><N who="3" m="47407" /><G18/><T54/><D120/><U127/><E127/><V8/><F35/><W38/><G24/><T99/><D113/><U23/><E23/><V80/><F104/><W97/><G97/><T65/><D99/><U52/><E100/><V50/><F106/><W25/><G25/><T78/><D21/><U88/><E90/><V2/><REACH who="2" step="1"/><F80/><REACH who="2" ten="307,228,173,282" step="2"/><W1/><G38/><T115/><D115/><U124/><E73/><V20/><F20/><W11/><G11/><T101/><D78/><U102/><E72/><V83/><F83/><W41/><G1/><T17/><D101/><U66/><E102/><V82/><F82/><W14/><G14/><T121/><D121/><U92/><E93/><V16/><F16/><W40/><G40/><T76/><D17/><U132/><E124/><V108/><F108/><W5/><G5/><T12/><D12/><N who="1" m="5215" /><E132/><V57/><F57/><W27/><G27/><T89/><D76/><U107/><E107/><V87/><F87/><W67/><G58/><T56/><D43/><U95/><E71/><V129/><F129/><W79/><G79/><RYUUKYOKU ba="1,1" sc="307,-15,228,-15,173,15,282,15" hai2="0,2,3,4,8,13,28,29,50,59,91,94,98" hai3="41,45,46,47,48,64,67,128,130,131" /><INIT seed="3,2,1,4,0,31" ten="292,213,188,297" oya="3" hai0="28,111,135,104,107,77,59,85,103,115,42,67,122" hai1="90,39,109,3,52,13,119,68,54,108,15,80,53" hai2="36,75,2,87,71,19,10,92,56,125,133,105,48" hai3="18,112,6,20,89,23,0,127,62,94,106,27,7"/><W96/><G106/><T33/><D122/><U131/><E68/><V120/><F105/><W69/><G112/><T76/><D42/><U128/><E3/><V12/><F120/><W118/><G127/><T61/><D115/><U129/><E39/><V132/><F75/><W37/><G0/><T72/><D111/><N who="1" m="42571" /><E80/><V70/><F36/><W34/><G37/><T25/><D72/><U57/><E90/><N who="2" m="53343" /><F125/><W16/><G34/><T79/><D135/><N who="2" m="51786" /><F2/><W22/><G22/><T98/><REACH who="0" step="1"/><D107/><REACH who="0" ten="282,213,188,297" step="2"/><U124/><E124/><V102/><F102/><W66/><G118/><T114/><D114/><U35/><E119/><V99/><F99/><W29/><G29/><T60/><D60/><U1/><E1/><V63/><F48/><W8/><G8/><T134/><D134/><U14/><E35/><V50/><F50/><AGARI ba="2,2" hai="13,14,15,50,52,53,54,57,128,129,131" m="42571" machi="50" ten="40,5200,0" yaku="19,1,14,1,54,1" doraHai="31" who="1" fromWho="2" sc="282,0,213,78,188,-58,297,0" /><INIT seed="4,0,0,0,3,119" ten="282,291,130,297" oya="0" hai0="86,112,72,121,67,26,27,117,4,129,7,46,68" hai1="38,13,127,37,75,122,41,82,85,118,53,130,131" hai2="88,62,104,95,61,40,35,110,69,34,80,102,113" hai3="21,78,24,23,57,42,63,2,31,106,1,3,45"/><T76/><D117/><U20/><E118/><V55/><F110/><W9/><G106/><T56/><D121/><U10/><E127/><V87/><F113/><W11/><G78/><T81/><D68/><U74/><E122/><V66/><F40/><W123/><G23/><T94/><D112/><U32/><E32/><V16/><F104/><W105/><G105/><T25/><D129/><N who="1" m="49163" /><E20/><V97/><F62/><W128/><G128/><T14/><D14/><U44/><E53/><V126/><F126/><W0/><G123/><T70/><D70/><U50/><E37/><V65/><F65/><W101/><G101/><T91/><D46/><U83/><E38/><V132/><F132/><W107/><G107/><T15/><D15/><U89/><E83/><V47/><REACH who="2" step="1"/><F16/><AGARI ba="0,0" hai="10,13,16,41,44,50,74,75,82,85,89" m="49163" machi="16" ten="30,2000,0" yaku="19,1,54,1" doraHai="119" who="1" fromWho="2" sc="282,0,291,20,130,-20,297,0" owari="282,-12.0,311,41.0,110,-39.0,297,10.0" /></mjloggm>