<mjloggm ver="2.3"><GO type="169" lobby="0"/><UN n0="%E7%8A%AC%E4%BE%8D" n1="%E6%96%B0%E4%B8%96%E7%95%8C%E3%81%AE%E7%B4%99" n2="%74%6E%66%73%68%32%30%34" n3="%E3%82%A6%E3%83%AB%E3%83%88%E3%83%A9%E7%AB%8B%E7%9B%B4" dan="16,16,16,16" rate="2120.90,2125.89,2107.34,2090.20" sx="M,M,M,M"/><TAIKYOKU oya="0"/><INIT seed="0,0,0,3,5,2" ten="250,250,250,250" oya="0" hai0="77,116,9,125,119,18,66,113,108,122,5,100,33" hai1="132,80,10,71,54,133,70,86,131,61,124,26,130" hai2="13,20,47,38,45,121,92,69,16,105,79,101,75" hai3="0,50,134,88,107,23,106,17,128,12,65,89,36"/><T11/><D113/><U99/><E99/><V104/><F121/><W15/><G36/><T120/><D125/><U117/><E117/><V110/><F69/><N who="1" m="26121" /><E26/><V51/><F110/><W62/><G0/><T96/><D66/><U43/><E43/><V115/><F115/><W126/><G126/><T73/><D33/><U32/><E32/><V48/><F38/><W85/><G134/><N who="1" m="51818" /><E124/><V94/><F75/><W76/><G128/><T27/><D108/><U129/><E10/><V30/><F30/><W4/><G50/><T37/><D37/><U35/><E35/><V57/><F105/><W87/><G107/><T114/><D114/><U78/><E54/><V42/><F104/><W98/><G106/><T19/><D96/><U3/><E61/><V58/><F79/><W28/><G28/><T46/><D100/><U41/><E41/><N who="2" m="24623" /><F101/><W55/><G65/><T127/><D77/><U44/><E44/><V91/><F94/><N who="3" m="56647" /><G76/><T84/><D127/><U83/><E83/><V14/><F92/><W95/><G95/><T52/><D46/><U39/><E39/><V8/><F91/><W67/><G67/><T64/><D64/><U82/><E82/><V112/><F112/><W40/><G40/><T72/><D52/><U49/><E3/><V74/><F74/><W109/><G109/><T97/><D97/><U7/><E49/><V29/><F29/><W135/><G89/><T111/><D111/><U1/><E1/><V60/><F60/><W21/><G135/><T103/><D103/><U53/><E53/><V6/><AGARI ba="0,0" hai="6,8,13,14,16,20,42,47,51,57,58" m="24623" machi="6" ten="30,4000,0" yaku="8,1,52,1,54,1" doraHai="2" who="2" fromWho="2" sc="250,-20,250,-10,250,40,250,-10" /><INIT seed="1,0,0,0,3,107" ten="230,240,290,240" oya="1" hai0="80,134,123,1,45,48,66,90,88,79,95,39,127" hai1="82,9,101,30,117,120,64,22,84,109,72,35,106" hai2="19,70,91,81,40,28,43,74,129,83,38,5,7" hai3="131,3,67,52,20,53,115,78,89,16,15,61,125"/><U111/><E117/><V55/><F70/><W32/><G115/><T116/><D116/><U17/><E120/><V105/><F105/><W97/><G125/><T65/><D127/><U86/><E9/><V12/><F129/><W98/><G131/><T0/><D123/><U68/><E30/><V63/><F28/><W103/><G32/><T100/><D100/><U34/><E64/><V27/><F27/><W31/><G3/><T94/><D134/><U23/><E68/><V8/><F38/><W135/><G135/><T121/><D39/><U77/><E101/><V126/><F126/><W85/><G78/><T29/><D29/><U13/><E106/><V33/><F33/><N who="1" m="12297" /><E23/><V128/><F128/><W114/><G114/><T49/><D121/><U60/><E60/><V18/><F63/><W11/><G11/><T56/><D79/><U122/><E122/><V58/><F8/><W47/><G31/><T112/><D112/><U4/><E4/><V54/><F91/><N who="0" m="34858" /><D80/><U24/><E24/><V71/><F71/><W99/><G103/><T102/><D1/><U42/><E42/><V41/><F41/><W75/><G89/><T25/><D0/><U21/><E21/><V36/><F36/><W44/><G85/><T92/><D25/><U37/><E37/><V119/><F119/><W46/><REACH who="3" step="1"/><G75/><REACH who="3" ten="230,240,290,230" step="2"/><T96/><D102/><U133/><E133/><V69/><F74/><W108/><G108/><AGARI ba="0,1" hai="13,17,22,72,77,82,84,86,108,109,111" m="12297" machi="108" ten="30,5800,0" yaku="14,1,10,1,52,1" doraHai="107" who="1" fromWho="3" sc="230,0,240,68,290,0,230,-58" /><INIT seed="1,1,0,2,2,100" ten="230,308,290,172" oya="1" hai0="80,49,21,86,77,106,19,116,62,14,87,122,31" hai1="72,75,102,57,127,3,71,99,89,103,93,15,90" hai2="78,27,41,8,42,84,2,6,128,123,109,5,13" hai3="18,85,107,66,125,20,74,55,34,95,37,51,32"/><U39/><E71/><V52/><F123/><W26/><G37/><T79/><D116/><U7/><E3/><V81/><F128/><W135/><G74/><N who="1" m="28202" /><E57/><V113/><F113/><W11/><G125/><T54/><D122/><U118/><E39/><V56/><F109/><W29/><G135/><T36/><D36/><U25/><E15/><V69/><F69/><W70/><G66/><T24/><D62/><U126/><E25/><V53/><F53/><W47/><G70/><T115/><D115/><U61/><E7/><V119/><F119/><W82/><G95/><T30/><D106/><N who="1" m="63839" /><E61/><V124/><F124/><N who="1" m="47657" /><E118/><V120/><F120/><W112/><G112/><T114/><D114/><U40/><E40/><V104/><F27/><W96/><G29/><T130/><D14/><U50/><E50/><V108/><F5/><W60/><G60/><T43/><D43/><U17/><E17/><V105/><F2/><W38/><G38/><T64/><D64/><U12/><E12/><V23/><F23/><W0/><G0/><T110/><D31/><U46/><E46/><V44/><F44/><W101/><REACH who="3" step="1"/><G11/><REACH who="3" ten="230,308,290,162" step="2"/><T98/><D30/><U97/><AGARI ba="1,1" hai="89,90,93,97,103" m="47657,63839,28202" machi="97" ten="40,12000,1" yaku="18,1,34,2,52,1" doraHai="100" who="1" fromWho="1" sc="230,-41,308,133,290,-41,162,-41" /><INIT seed="1,2,0,1,3,128" ten="189,441,249,121" oya="1" hai0="53,56,83,55,84,95,44,86,52,2,37,35,50" hai1="3,62,29,21,135,119,6,112,122,7,92,104,59" hai2="123,8,127,10,93,54,99,72,63,125,120,11,13" hai3="66,98,106,69,116,74,26,130,18,117,30,108,97"/><U23/><E104/><V78/><F13/><W0/><G18/><T67/><D35/><U34/><E112/><V79/><F63/><W88/><G0/><T121/><D2/><U61/><E119/><N who="3" m="45642" /><G74/><T82/><D121/><U27/><E122/><N who="2" m="46635" /><F54/><N who="0" m="21098" /><D37/><U5/><E135/><V42/><F42/><W22/><G108/><T90/><D84/><U47/><E47/><V49/><F49/><W103/><G130/><T77/><D77/><U91/><E3/><V110/><F72/><W16/><G66/><T118/><D118/><U46/><E46/><V100/><F110/><W40/><G40/><T76/><D76/><U87/><REACH who="1" step="1"/><E61/><AGARI ba="2,0" hai="44,50,55,56,61,67,82,83,86,90,95" m="21098" machi="61" ten="30,2000,0" yaku="8,1,54,1" doraHai="128" who="0" fromWho="1" sc="189,26,441,-26,249,0,121,0" /><INIT seed="2,0,0,5,1,6" ten="215,415,249,121" oya="2" hai0="105,34,31,65,121,78,15,33,69,130,108,37,9" hai1="120,36,107,125,49,111,119,118,16,29,131,19,76" hai2="79,75,22,25,129,110,93,82,0,5,66,72,23" hai3="8,87,44,50,51,86,133,57,123,4,134,41,1"/><V59/><F129/><W68/><G68/><T7/><D121/><U52/><E36/><V99/><F110/><W53/><REACH who="3" step="1"/><G123/><REACH who="3" ten="215,415,249,111" step="2"/><T28/><D69/><U24/><E120/><V62/><F75/><W135/><AGARI ba="0,1" hai="1,4,8,41,44,50,51,53,57,86,87,133,134,135" machi="135" ten="30,12000,2" yaku="1,1,2,1,0,1,20,1,52,1,53,1" doraHai="6" doraHaiUra="55" who="3" fromWho="3" sc="215,-30,415,-30,249,-60,111,130" /><INIT seed="3,0,0,4,4,76" ten="185,385,189,241" oya="3" hai0="111,132,10,15,57,81,11,50,121,70,120,6,23" hai1="84,20,117,96,127,13,125,34,40,44,107,75,38" hai2="106,53,103,130,115,131,32,97,80,66,71,27,21" hai3="74,12,78,86,88,87,73,9,46,119,33,64,83"/><W79/><G33/><T109/><D70/><U48/><E75/><V110/><F115/><W42/><G119/><T91/><D132/><U36/><E34/><V98/><F110/><N who="0" m="41994" /><D57/><U55/><E117/><V1/><F1/><W43/><G64/><T35/><D35/><U67/><E67/><V65/><F98/><W112/><G112/><T133/><D50/><U4/><E84/><V134/><F134/><W0/><G0/><N who="0" m="327" /><D133/><U58/><E36/><V116/><F116/><W19/><G79/><T37/><D37/><U124/><E4/><V135/><F135/><W129/><G129/><N who="2" m="49161" /><F32/><W94/><G43/><T77/><D91/><U26/><E13/><V104/><F53/><W105/><G105/><T39/><D23/><U82/><E107/><V31/><F106/><W51/><AGARI ba="0,0" hai="9,12,19,42,46,51,73,74,78,83,86,87,88,94" machi="51" ten="20,7800,0" yaku="0,1,7,1,52,1,54,1" doraHai="76" who="3" fromWho="3" sc="185,-26,385,-26,189,-26,241,78" /><INIT seed="3,1,0,3,1,106" ten="159,359,163,319" oya="3" hai0="29,68,81,43,38,35,103,104,49,75,134,0,79" hai1="14,130,115,40,95,102,19,16,60,22,55,24,126" hai2="25,9,63,105,61,69,20,21,50,7,42,121,3" hai3="27,34,48,96,59,26,18,46,107,114,5,47,36"/><W89/><G114/><T88/><D0/><U30/><E115/><V93/><F105/><W58/><G5/><T23/><D35/><U51/><E126/><V110/><F110/><W122/><G122/><T83/><D68/><U4/><E130/><V78/><F121/><W44/><G36/><T108/><D108/><U80/><E40/><V45/><F69/><W73/><G73/><T54/><D134/><U86/><E60/><V118/><F118/><W32/><G107/><T131/><D131/><U85/><E4/><V13/><F93/><W117/><G117/><T101/><D43/><U116/><E116/><V65/><F65/><W15/><G48/><T87/><D104/><U33/><E19/><V90/><F90/><W77/><G77/><T120/><D38/><U76/><E86/><V98/><F98/><W66/><G32/><T64/><D64/><U1/><E1/><V74/><F21/><N who="3" m="11487" /><G34/><T2/><D2/><U67/><E67/><V70/><F70/><W28/><G28/><T91/><D91/><U12/><E12/><V100/><F100/><W57/><G66/><T39/><D39/><U52/><REACH who="1" step="1"/><E51/><REACH who="1" ten="159,349,163,319" step="2"/><V37/><F50/><W72/><G72/><T135/><D120/><U84/><E84/><V56/><F13/><W133/><G133/><T71/><D135/><U109/><E109/><V99/><F61/><W123/><G123/><T41/><D41/><U125/><E125/><V10/><F63/><W17/><G17/><T97/><D71/><U62/><E62/><V82/><F7/><W92/><AGARI ba="1,1" hai="26,27,44,46,47,57,58,59,89,92,96" m="11487" machi="92" ten="40,2100,0" yaku="8,1" doraHai="106" who="3" fromWho="3" sc="159,-8,349,-8,163,-8,319,34" /><INIT seed="3,2,0,4,1,105" ten="151,341,155,353" oya="3" hai0="133,85,69,73,18,128,77,61,31,65,46,86,132" hai1="9,53,25,93,80,94,26,118,15,88,5,24,107" hai2="87,39,32,123,3,72,135,64,75,29,66,106,21" hai3="8,115,2,34,23,127,55,131,63,120,22,19,48"/><W30/><G120/><T99/><D128/><U112/><E112/><V1/><F21/><W116/><G116/><T74/><D31/><U27/><E107/><V33/><F87/><N who="0" m="33290" /><D77/><U41/><E118/><V42/><F123/><W71/><G115/><T67/><D67/><U103/><E103/><V47/><F66/><W70/><G127/><T38/><D99/><U40/><E80/><V4/><F64/><W57/><G131/><T7/><D7/><U81/><E81/><V36/><F135/><N who="0" m="51786" /><D18/><U45/><N who="1" m="6144" /><DORA hai="104" /><U35/><E35/><N who="2" m="13387" /><F29/><W97/><G34/><T82/><D82/><U6/><E5/><V98/><F39/><W114/><G114/><T124/><D124/><U52/><E94/><V60/><F60/><W129/><G129/><T125/><D125/><U76/><E76/><V111/><F111/><W51/><G71/><T130/><D130/><U108/><E108/><V10/><F1/><W12/><G2/><T113/><D113/><U49/><E53/><V117/><F117/><W68/><G68/><T28/><D28/><U54/><E54/><V96/><F96/><AGARI ba="2,0" hai="6,9,15,40,41,45,49,52,88,93,96" m="6144" machi="96" ten="50,6400,0" yaku="8,1,54,2" doraHai="105,104" who="1" fromWho="2" sc="151,0,341,70,155,-70,353,0" /><INIT seed="4,0,0,4,4,13" ten="151,411,85,353" oya="0" hai0="7,68,97,75,11,9,45,22,57,112,72,58,127" hai1="128,29,123,101,96,38,114,54,44,15,109,73,91" hai2="132,18,106,111,126,117,31,64,61,46,56,77,60" hai3="93,69,0,115,43,70,76,55,113,78,32,30,129"/><T116/><D68/><U135/><E109/><V6/><F111/><W63/><G0/><T12/><D116/><U80/><E123/><V85/><F106/><W79/><G43/><T35/><D35/><U34/><E34/><V94/><F117/><W1/><G1/><T33/><D33/><U81/><E29/><V67/><F31/><W100/><G129/><T25/><D112/><N who="3" m="43081" /><G30/><T98/><D127/><U86/><E114/><V103/><F126/><W108/><G32/><T16/><D45/><U71/><E71/><V41/><F6/><W104/><G104/><T49/><D11/><U40/><E135/><V84/><F132/><W42/><G42/><T53/><REACH who="0" step="1"/><D58/><REACH who="0" ten="141,411,85,353" step="2"/><U62/><E44/><V99/><F77/><W87/><G108/><T95/><D95/><U65/><E128/><V88/><F46/><W5/><G69/><T131/><D131/><U66/><E80/><V21/><F41/><W3/><G70/><T59/><D59/><U105/><E81/><V130/><F130/><W28/><G93/><T47/><D47/><U121/><E40/><V39/><F39/><W36/><G36/><T26/><D26/><U110/><E38/><V82/><F56/><W124/><G124/><T8/><D8/><U52/><E110/><V118/><F118/><W83/><G79/><T19/><D19/><U134/><E134/><V48/><F18/><W107/><G78/><T10/><D10/><U120/><E120/><V17/><F17/><W14/><G76/><T27/><D27/><U4/><E121/><V74/><F94/><W133/><G133/><T50/><D50/><RYUUKYOKU ba="0,1" sc="141,30,411,-10,85,-10,353,-10" hai0="7,9,12,16,22,25,49,53,57,72,75,97,98" /><INIT seed="4,1,1,4,5,89" ten="171,401,75,343" oya="0" hai0="63,38,34,114,48,103,123,45,82,74,111,28,56" hai1="68,51,98,93,110,131,71,24,1,43,85,61,72" hai2="134,83,128,84,33,42,10,66,7,0,78,125,37" hai3="118,75,39,6,9,12,23,67,13,49,58,64,96"/><T17/><D123/><U112/><E72/><V36/><F128/><W32/><G39/><T14/><D38/><U90/><E110/><V129/><F129/><W102/><G32/><T130/><D130/><U119/><E119/><V19/><F125/><W29/><G75/><T2/><D2/><U101/><E1/><V100/><F134/><W3/><G3/><T18/><D111/><U81/><E61/><V70/><F19/><W127/><G127/><T88/><D114/><U120/><E120/><V108/><F108/><W113/><G113/><T16/><D103/><U35/><E112/><V62/><F42/><W97/><G97/><T116/><D116/><U57/><E131/><V86/><F33/><W80/><G80/><T109/><D109/><U115/><E115/><V124/><F124/><W77/><G77/><T92/><D28/><U53/><REACH who="1" step="1"/><E43/><REACH who="1" ten="171,391,75,343" step="2"/><V26/><F0/><W22/><G118/><T47/><D34/><U4/><E4/><V31/><F7/><W106/><G6/><T27/><D27/><U30/><AGARI ba="1,2" hai="24,30,35,51,53,57,68,71,81,85,90,93,98,101" machi="30" ten="30,4000,0" yaku="1,1,0,1,52,1,53,0" doraHai="89" doraHaiUra="105" who="1" fromWho="1" sc="171,-21,391,63,75,-11,343,-11" /><INIT seed="5,0,0,1,1,134" ten="150,454,64,332" oya="1" hai0="67,69,1,126,119,53,90,60,103,5,118,100,95" hai1="71,10,127,65,63,59,87,107,106,108,117,26,34" hai2="30,76,44,82,50,105,89,54,101,25,13,123,28" hai3="51,22,135,133,15,16,35,18,48,32,111,122,68"/><U96/><E117/><V41/><F123/><W73/><G73/><T99/><D1/><U8/><E87/><V42/><F89/><W129/><G68/><T37/><D5/><U55/><E107/><V125/><F105/><W109/><G51/><T43/><D43/><U56/><E56/><V120/><F101/><W29/><G48/><T78/><D78/><U57/><E59/><V102/><F102/><W85/><G85/><T19/><D37/><U72/><E72/><V40/><F120/><W0/><G0/><T62/><D103/><N who="1" m="62823" /><E108/><N who="3" m="41546" /><G122/><T49/><D62/><U39/><E39/><V112/><F112/><W114/><G114/><T131/><D131/><U74/><E74/><V132/><F132/><N who="3" m="50763" /><G129/><T121/><D121/><U12/><E57/><V33/><F82/><W38/><G38/><T79/><D118/><U11/><E55/><V128/><F76/><W104/><G104/><T93/><D53/><U130/><E130/><V6/><F128/><W124/><G18/><T113/><D79/><U116/><E71/><V36/><F36/><W92/><G92/><T86/><D113/><U94/><E94/><V61/><F61/><W66/><G66/><T81/><D95/><U58/><E65/><V97/><F97/><W110/><N who="3" m="41554" /><W52/><DORA hai="45" /><G52/><T14/><D119/><U21/><E63/><V17/><F30/><W91/><G91/><T3/><D90/><U4/><E58/><V7/><F41/><W88/><G88/><T64/><D64/><U83/><E83/><V115/><F42/><W75/><G75/><T47/><D69/><U70/><E70/><RYUUKYOKU ba="0,0" sc="150,0,454,0,64,0,332,0" /><INIT seed="6,1,0,1,3,115" ten="150,454,64,332" oya="2" hai0="100,113,81,63,77,66,88,132,98,75,121,120,29" hai1="124,131,108,0,44,119,92,129,41,109,47,73,111" hai2="51,33,105,134,71,43,48,74,95,5,133,67,68" hai3="27,55,84,78,3,62,36,40,82,64,117,46,45"/><V22/><F105/><W86/><G3/><T96/><D113/><U60/><E119/><V39/><F33/><W42/><G27/><T59/><D132/><N who="2" m="50794" /><F74/><W56/><G117/><T112/><D112/><U123/><E124/><V37/><F5/><W52/><REACH who="3" step="1"/><G86/><REACH who="3" ten="150,454,64,322" step="2"/><T14/><D120/><U12/><E123/><V2/><F2/><W58/><G58/><T15/><D121/><U85/><E85/><V87/><F22/><W31/><G31/><T110/><D29/><U94/><E0/><V65/><F87/><W106/><G106/><T24/><D24/><U79/><E108/><V18/><F95/><W128/><G128/><T49/><D110/><U130/><E109/><V35/><F35/><W26/><G26/><T91/><D14/><U25/><E111/><V10/><F10/><W103/><G103/><T34/><D15/><U23/><E12/><V17/><F17/><W61/><G61/><T114/><D34/><U6/><E60/><N who="2" m="39975" /><F18/><W83/><G83/><T7/><D114/><U16/><E94/><V30/><F30/><W118/><G118/><T28/><D28/><U93/><E92/><V20/><F20/><W126/><G126/><T76/><D100/><U69/><E93/><V21/><F21/><W127/><G127/><T101/><D101/><U135/><E129/><V125/><F125/><W99/><G99/><T19/><D19/><U97/><E130/><V89/><F89/><W53/><G53/><T116/><D116/><U9/><E131/><V104/><F104/><W1/><G1/><T4/><D81/><N who="1" m="45295" /><E16/><V57/><F57/><W54/><G54/><RYUUKYOKU ba="1,1" sc="150,-10,454,-10,64,-10,322,30" hai3="36,40,42,45,46,52,55,56,62,64,78,82,84" /><INIT seed="7,2,1,5,0,82" ten="140,444,54,352" oya="3" hai0="28,63,86,24,75,51,79,105,93,118,0,4,89" hai1="38,119,2,71,13,81,98,56,132,22,103,72,129" hai2="25,92,31,78,61,114,104,77,69,52,96,60,99" hai3="76,64,37,1,73,48,57,109,35,30,94,59,16"/><W130/><G1/><T85/><D105/><N who="1" m="63735" /><E56/><V80/><F114/><W58/><G37/><T44/><D118/><U27/><E13/><V135/><F135/><W5/><G5/><T131/><D131/><U110/><E110/><V123/><F123/><W111/><G30/><T17/><D17/><U9/><E71/><V101/><F78/><W83/><G35/><T127/><D127/><U20/><E27/><V32/><F61/><W6/><G6/><T95/><D93/><U66/><E66/><V116/><F116/><W3/><G3/><T49/><D86/><U34/><E119/><V53/><F96/><W97/><G130/><T18/><D63/><U55/><E55/><V90/><F92/><W87/><G64/><T15/><D95/><U108/><E108/><N who="3" m="41546" /><G48/><T122/><D51/><U7/><E129/><V102/><F90/><N who="3" m="55511" /><G16/><T65/><D49/><U23/><E34/><V88/><F102/><W29/><G29/><T19/><D18/><U50/><E50/><V62/><F62/><W100/><G100/><T46/><D19/><U115/><E115/><V120/><F120/><W39/><G39/><T134/><D122/><U41/><E132/><V106/><F106/><W43/><G43/><T47/><D134/><U68/><E68/><V112/><F112/><W45/><G45/><T36/><D28/><U12/><E12/><V124/><F124/><W33/><G33/><T74/><D44/><N who="1" m="23607" /><E23/><V14/><F14/><W121/><G121/><T91/><D15/><U11/><E11/><V133/><F133/><W54/><G54/><T42/><D4/><U70/><E70/><RYUUKYOKU ba="2,1" sc="140,-15,444,15,54,-15,352,15" hai1="2,7,9,20,22,72,81" hai3="57,58,59,73,76,83,87" /><INIT seed="7,3,1,1,1,68" ten="125,459,39,367" oya="3" hai0="117,65,21,95,132,16,102,70,4,118,92,80,12" hai1="99,48,124,20,81,131,37,87,61,9,115,85,36" hai2="41,49,47,88,5,55,91,29,111,58,97,38,54" hai3="83,94,32,100,66,108,42,130,59,40,82,31,69"/><W51/><G130/><T30/><D132/><U45/><E131/><V105/><F111/><W84/><G108/><T109/><D109/><U7/><E115/><V96/><F29/><W76/><G69/><T67/><D30/><U26/><E61/><V10/><F55/><N who="3" m="32255" /><G32/><T112/><D112/><U90/><E99/><V98/><REACH who="2" step="1"/><F105/><REACH who="2" ten="125,459,29,367" step="2"/><W14/><G31/><T79/><D118/><U71/><E71/><V3/><AGARI ba="3,2" hai="3,5,10,38,41,47,49,54,58,88,91,96,97,98" machi="3" ten="30,8000,1" yaku="1,1,2,1,0,1,52,1,54,1,53,0" doraHai="68" doraHaiUra="60" who="2" fromWho="2" sc="125,-23,459,-23,29,109,367,-43" owari="102,-40.0,436,54.0,138,-26.0,324,12.0" /></mjloggm>