<mjloggm ver="2.3"><GO type="169" lobby="0"/><UN n0="%E3%82%A6%E3%83%AB%E3%83%88%E3%83%A9%E7%AB%8B%E7%9B%B4" n1="%E3%81%95%E3%81%95%E3%81%95%E3%81%95" n2="%E9%8A%80%E3%81%B0%E3%81%95%E3%81%BF" n3="%74%61%72%6F%33%39%30%30" dan="16,16,18,16" rate="2119.72,2127.98,2146.97,2088.08" sx="M,M,M,M"/><TAIKYOKU oya="0"/><INIT seed="0,0,0,4,3,62" ten="250,250,250,250" oya="0" hai0="126,1,135,128,91,61,72,18,6,11,53,92,44" hai1="48,63,131,43,32,47,22,83,59,105,10,55,27" hai2="7,121,100,120,3,90,64,24,39,84,45,21,122" hai3="73,4,98,60,46,66,109,94,87,35,69,20,110"/><T29/><D72/><U115/><E105/><V106/><F7/><W75/><G35/><T33/><D126/><U125/><E125/><V81/><F3/><W68/><G87/><T12/><D128/><U123/><E123/><V119/><F119/><W74/><G4/><T132/><D29/><U50/><E115/><V65/><F100/><W37/><G68/><T89/><D33/><U19/><E131/><V26/><F106/><W30/><G37/><T5/><D91/><U76/><E10/><V88/><F90/><W54/><G46/><T25/><D25/><U101/><E101/><V36/><F26/><W80/><G54/><T13/><D1/><U99/><E99/><V17/><REACH who="2" step="1"/><F39/><REACH who="2" ten="250,250,240,250" step="2"/><W34/><G110/><T93/><D6/><U82/><E32/><V97/><F97/><W103/><G109/><T111/><D111/><U107/><E107/><V0/><F0/><W51/><G34/><T85/><D5/><U114/><E114/><V42/><AGARI ba="0,1" hai="17,21,24,36,42,45,64,65,81,84,88,120,121,122" machi="42" ten="40,8000,1" yaku="1,1,0,1,52,2,54,1,53,0" doraHai="62" doraHaiUra="133" who="2" fromWho="2" sc="250,-40,250,-20,240,90,250,-20" /><INIT seed="1,0,0,5,4,6" ten="210,230,330,230" oya="1" hai0="37,26,10,69,73,35,25,88,108,46,132,134,101" hai1="76,2,105,31,77,50,64,109,103,22,110,135,32" hai2="52,54,95,99,90,117,96,33,131,24,51,98,4" hai3="128,84,71,121,1,133,58,127,5,79,68,56,45"/><U19/><E64/><V63/><F117/><W7/><G121/><T116/><D69/><U42/><E2/><V106/><F131/><W66/><G128/><T3/><D73/><U86/><E32/><V129/><F129/><W70/><G127/><T59/><D101/><U112/><E31/><V125/><F125/><W120/><G120/><T100/><D100/><U61/><E61/><V62/><F106/><W93/><G133/><N who="0" m="51307" /><D59/><U8/><E112/><V75/><F75/><W23/><G45/><T97/><D116/><U28/><E135/><V83/><F83/><W11/><G66/><T85/><D97/><U47/><E105/><V36/><F36/><W30/><G7/><N who="0" m="1407" /><D35/><U87/><E103/><V126/><F126/><W92/><G92/><N who="0" m="54287" /><D108/><N who="1" m="41579" /><E86/><V107/><F107/><W18/><G30/><T44/><D44/><U15/><E87/><V49/><F33/><W12/><REACH who="3" step="1"/><G93/><REACH who="3" ten="210,230,330,220" step="2"/><T13/><D46/><U82/><E82/><AGARI ba="0,1" hai="1,5,11,12,18,23,56,58,68,70,71,79,82,84" machi="82" ten="40,12000,2" yaku="1,1,2,1,52,1,53,3" doraHai="6" doraHaiUra="65" who="3" fromWho="1" sc="210,0,230,-120,330,0,220,130" /><INIT seed="2,0,0,5,3,8" ten="210,110,330,350" oya="2" hai0="132,32,69,79,3,119,82,111,51,61,11,98,120" hai1="104,18,83,127,30,75,106,47,63,131,101,58,25" hai2="62,105,107,1,46,23,28,66,126,48,29,78,64" hai3="17,71,121,19,99,96,13,134,124,108,40,36,57"/><V90/><F1/><W88/><G71/><T77/><D120/><U91/><E127/><V133/><F133/><W2/><G2/><T41/><D32/><U35/><E131/><V43/><F126/><W31/><G124/><T6/><D111/><U135/><E135/><V22/><F78/><W87/><G134/><T81/><D132/><U86/><E75/><V114/><F114/><W94/><G108/><T76/><D119/><U59/><E59/><V33/><F33/><W102/><G121/><T4/><D98/><U21/><E47/><V26/><F90/><W45/><G19/><T20/><D20/><U53/><REACH who="1" step="1"/><E101/><REACH who="1" ten="210,100,330,350" step="2"/><V65/><F62/><W115/><G115/><T84/><D61/><U27/><AGARI ba="0,1" hai="18,21,25,27,30,35,53,58,63,83,86,91,104,106" machi="27" ten="20,5200,0" yaku="1,1,2,1,0,1,7,1,53,0" doraHai="8" doraHaiUra="5" who="1" fromWho="1" sc="210,-13,100,62,330,-26,350,-13" /><INIT seed="3,0,0,4,1,1" ten="197,162,304,337" oya="3" hai0="119,118,23,47,125,78,61,108,14,91,29,97,96" hai1="26,117,64,38,115,34,0,73,16,128,19,92,27" hai2="51,36,45,63,37,15,134,76,105,111,102,46,60" hai3="41,58,129,7,81,5,67,33,87,17,99,39,103"/><W101/><G33/><T80/><D61/><U90/><E73/><V79/><F111/><W10/><G129/><T104/><D47/><U130/><E38/><V22/><F134/><W53/><G67/><T72/><D14/><U6/><E115/><V132/><F132/><W74/><G74/><T135/><D23/><U32/><E64/><V122/><F122/><W35/><G35/><N who="1" m="13354" /><E90/><V40/><F105/><W106/><G39/><T69/><D29/><U95/><E92/><V18/><F102/><N who="3" m="38923" /><G41/><T65/><D65/><U70/><E95/><V55/><F37/><W48/><G99/><T113/><D69/><U77/><E77/><V112/><F112/><W62/><G106/><T85/><D135/><U94/><E94/><V56/><REACH who="2" step="1"/><F63/><REACH who="2" ten="197,162,294,337" step="2"/><W54/><G62/><T109/><D113/><U68/><E117/><N who="0" m="44553" /><D104/><U50/><E50/><V131/><F131/><N who="1" m="50217" /><E70/><V8/><F8/><W28/><G48/><T13/><D109/><U21/><E68/><V25/><F25/><N who="1" m="9225" /><E21/><V59/><F59/><W71/><G71/><T126/><D108/><U123/><E123/><V100/><F100/><W11/><G58/><T124/><D124/><U83/><E83/><V30/><F30/><W107/><G28/><T9/><D126/><U84/><E84/><V42/><AGARI ba="0,1" hai="15,18,22,36,40,42,45,46,51,55,56,60,76,79" machi="42" ten="20,2700,0" yaku="1,1,0,1,7,1,53,0" doraHai="1" doraHaiUra="82" who="2" fromWho="2" sc="197,-7,162,-7,294,37,337,-13" /><INIT seed="4,0,0,4,5,72" ten="190,155,331,324" oya="0" hai0="96,21,31,134,127,47,124,55,74,63,39,29,5" hai1="80,3,7,43,50,82,120,12,87,73,66,84,2" hai2="16,19,104,52,100,32,0,114,61,83,89,121,23" hai3="33,48,10,90,113,34,35,44,123,41,135,22,133"/><T15/><D74/><U11/><E73/><V28/><F121/><W85/><G113/><T13/><D134/><N who="3" m="51209" /><G123/><T98/><D39/><U106/><E106/><V78/><F0/><W46/><G10/><T81/><D81/><U53/><E66/><V42/><F89/><W76/><G22/><T112/><D112/><U125/><E125/><N who="0" m="48201" /><D5/><U109/><E109/><V130/><F32/><W36/><G76/><T94/><D98/><U68/><E68/><V93/><F104/><W79/><G79/><T26/><D31/><U59/><E43/><V99/><F130/><W71/><G71/><T6/><D6/><U69/><E69/><V88/><F42/><N who="3" m="22599" /><G35/><T60/><D13/><U122/><E122/><V77/><F114/><W17/><G17/><N who="2" m="6729" /><F23/><W37/><G37/><T45/><D15/><U65/><E120/><V129/><F129/><W128/><G128/><T58/><D60/><N who="1" m="38047" /><E3/><V9/><F9/><W91/><G91/><AGARI ba="0,0" hai="21,26,29,45,47,55,58,63,91,94,96" m="48201" machi="91" ten="30,1500,0" yaku="18,1" doraHai="72" who="0" fromWho="3" sc="190,15,155,0,331,0,324,-15" /><INIT seed="4,1,0,0,5,37" ten="205,155,331,309" oya="0" hai0="24,14,125,44,90,103,104,72,63,41,112,18,49" hai1="122,89,83,53,135,86,66,100,59,74,127,69,109" hai2="116,9,52,26,20,22,84,46,39,92,76,110,5" hai3="134,65,45,51,11,73,61,19,98,32,121,80,71"/><T38/><D72/><U79/><E122/><V87/><F110/><W108/><G108/><T126/><D103/><U23/><E109/><V34/><F34/><W96/><G32/><T10/><D104/><U62/><E135/><V4/><F116/><W30/><G30/><T47/><D112/><U58/><E127/><V31/><F22/><W99/><G134/><T93/><D63/><U21/><E100/><V114/><F114/><W131/><G131/><T17/><D24/><U75/><E59/><V57/><F76/><W113/><G113/><T68/><D68/><U128/><E128/><V28/><F28/><W124/><G124/><T54/><REACH who="0" step="1"/><D17/><REACH who="0" ten="195,155,331,309" step="2"/><U102/><E102/><V56/><F26/><W85/><G73/><T42/><D42/><U132/><E74/><V60/><F60/><W101/><G101/><T50/><D50/><U2/><E132/><V82/><F39/><W95/><G19/><T91/><D91/><U1/><E75/><V118/><F118/><W0/><G61/><T123/><D123/><U67/><E89/><V78/><F78/><W7/><G121/><T8/><D8/><U6/><E69/><V77/><F77/><W33/><G71/><T36/><D36/><U43/><E43/><V12/><F9/><W105/><G105/><T129/><D129/><U119/><E119/><V70/><F70/><W35/><G51/><T81/><D81/><U88/><E79/><V120/><F82/><W15/><G80/><T48/><D48/><U133/><E133/><V3/><F120/><W117/><G117/><T94/><D94/><U16/><E83/><RYUUKYOKU ba="1,1" sc="195,30,155,-10,331,-10,309,-10" hai0="10,14,18,38,41,44,47,49,54,90,93,125,126" /><INIT seed="4,2,1,4,2,116" ten="225,145,321,299" oya="0" hai0="11,103,102,83,28,22,48,71,91,32,127,84,87" hai1="30,117,98,75,120,113,51,35,76,96,54,69,58" hai2="65,86,53,41,1,38,19,123,57,80,109,46,68" hai3="20,118,21,63,50,115,66,55,2,16,77,14,104"/><T17/><D71/><U36/><E117/><V129/><F109/><W13/><G118/><T31/><D32/><U73/><E36/><V94/><F1/><W39/><G115/><T62/><D127/><U88/><E69/><V125/><F129/><W27/><G2/><T95/><D62/><U106/><E113/><V101/><F125/><W72/><G104/><T4/><D48/><U0/><E0/><V111/><F111/><W60/><G39/><T121/><D121/><U130/><E130/><V99/><F68/><W45/><G72/><T78/><D4/><U114/><E114/><V8/><F65/><W70/><G77/><T47/><D47/><U126/><E126/><V26/><F8/><W18/><REACH who="3" step="1"/><G63/><REACH who="3" ten="225,145,321,289" step="2"/><T40/><D40/><U23/><E106/><V52/><F38/><W112/><G112/><T74/><D74/><U49/><E75/><V67/><F41/><W61/><G61/><T122/><D122/><U42/><E73/><V7/><F123/><W134/><G134/><T59/><D59/><U100/><E120/><V85/><F57/><W6/><G6/><T82/><D95/><U64/><E58/><V110/><F110/><W81/><G81/><T34/><D83/><U9/><E76/><V131/><F80/><W37/><G37/><T56/><D82/><U108/><E42/><V25/><F7/><W93/><G93/><T105/><D78/><U124/><E108/><V15/><F94/><W3/><G3/><T29/><D56/><U10/><E124/><V132/><F132/><W43/><G43/><T92/><D105/><U97/><E100/><RYUUKYOKU ba="2,2" sc="225,-10,145,-10,321,-10,289,30" hai3="13,14,16,18,20,21,27,45,50,55,60,66,70" /><INIT seed="5,3,2,3,0,10" ten="215,135,311,319" oya="1" hai0="23,31,107,16,122,130,73,20,24,132,55,113,96" hai1="97,118,35,53,117,105,13,121,88,44,51,15,129" hai2="38,85,104,5,21,102,8,45,27,72,124,108,98" hai3="64,75,1,103,58,42,80,91,109,68,67,65,86"/><U112/><E121/><V28/><F72/><W6/><G109/><T101/><D73/><U46/><E35/><V60/><F108/><W36/><G68/><T70/><D70/><U119/><E129/><V56/><F124/><W33/><G33/><T40/><D122/><U0/><E0/><V34/><F85/><W110/><G110/><T4/><D130/><U25/><E112/><V9/><F34/><W52/><G75/><T7/><D113/><U12/><E25/><V126/><F126/><W134/><G134/><T127/><D127/><U106/><REACH who="1" step="1"/><E46/><REACH who="1" ten="215,125,311,319" step="2"/><V90/><F45/><W115/><G115/><T78/><D132/><U39/><E39/><V116/><F38/><W63/><G36/><T135/><D135/><U11/><E11/><V17/><F9/><W92/><G1/><T19/><D23/><U111/><E111/><V87/><F5/><W59/><G6/><T50/><D7/><U41/><E41/><V133/><F133/><W48/><G42/><T114/><D40/><U54/><E54/><V79/><F8/><W81/><G64/><T77/><D4/><U22/><E22/><V83/><F21/><W3/><G3/><T74/><D114/><U93/><AGARI ba="3,3" hai="12,13,15,44,51,53,88,93,97,105,106,117,118,119" machi="93" ten="40,18000,2" yaku="1,1,0,1,52,3,54,1,53,0" doraHai="10" doraHaiUra="123" who="1" fromWho="1" sc="215,-63,125,219,311,-63,319,-63" /><INIT seed="5,4,0,3,1,14" ten="152,344,248,256" oya="1" hai0="35,127,17,98,12,89,83,133,86,38,59,54,124" hai1="19,15,42,28,66,114,108,107,117,116,25,129,49" hai2="4,91,53,93,72,130,68,74,1,50,51,113,60" hai3="8,82,34,118,16,7,84,18,92,135,22,131,119"/><U71/><E107/><V132/><F132/><W30/><G135/><T73/><D38/><U106/><E106/><V2/><F130/><W96/><G34/><T62/><D35/><U99/><E99/><V134/><F134/><W111/><G111/><T20/><D133/><U37/><E37/><V94/><F113/><W58/><G131/><T63/><D73/><U31/><E31/><V122/><F122/><W6/><G119/><T97/><REACH who="0" step="1"/><D63/><REACH who="0" ten="142,344,248,256" step="2"/><N who="1" m="40415" /><E129/><V45/><F60/><W102/><G118/><T44/><D44/><U76/><E116/><V78/><F72/><W115/><G115/><T128/><D128/><U40/><E114/><V5/><F74/><W39/><G39/><T43/><D43/><U36/><E42/><V85/><F45/><W3/><G58/><T0/><D0/><U67/><E40/><V21/><F2/><W80/><G3/><T87/><D87/><U11/><E117/><V105/><F85/><W121/><G84/><T61/><D61/><U79/><E36/><V75/><F1/><W56/><G56/><T109/><D109/><U52/><E108/><V46/><F75/><W41/><G41/><T33/><D33/><U29/><E49/><V48/><F50/><W64/><G121/><T81/><D81/><U24/><E79/><V110/><F78/><W57/><G82/><T88/><D88/><U10/><E76/><V47/><F51/><W112/><G80/><T101/><D101/><U123/><E123/><V13/><F48/><W126/><G112/><T103/><D103/><U55/><E67/><V65/><F110/><W104/><G64/><RYUUKYOKU ba="4,1" sc="142,30,344,-10,248,-10,256,-10" hai0="12,17,20,54,59,62,83,86,89,97,98,124,127" /><INIT seed="6,5,1,0,1,60" ten="172,334,238,246" oya="2" hai0="132,76,51,27,28,25,4,130,19,14,70,135,86" hai1="5,79,74,115,118,94,2,23,36,71,83,116,69" hai2="38,39,78,34,113,77,18,93,110,33,121,131,15" hai3="7,68,124,22,111,89,47,117,80,88,57,32,9"/><V26/><F121/><W0/><G68/><N who="1" m="26186" /><E23/><V13/><F110/><W30/><G111/><T24/><D70/><U114/><E94/><V12/><F113/><N who="1" m="43017" /><E36/><V101/><F131/><W42/><G117/><T11/><D86/><U108/><E108/><V91/><F101/><W63/><G124/><T73/><D76/><U92/><E92/><V95/><F18/><W66/><G32/><T61/><D61/><U90/><E90/><V41/><F91/><W119/><G119/><T46/><D73/><U99/><E99/><V67/><F15/><W55/><G80/><T3/><D130/><U49/><E49/><V21/><F21/><W133/><G133/><N who="0" m="51275" /><D51/><U96/><E96/><V107/><F26/><W81/><G81/><T85/><D85/><U53/><E53/><V82/><F82/><W8/><G55/><T50/><D50/><U97/><E97/><V20/><F20/><W59/><G22/><N who="0" m="11639" /><D46/><U126/><E126/><V87/><F87/><W56/><G47/><T122/><D122/><U35/><E35/><AGARI ba="5,1" hai="3,4,11,24,25,27,28,35" m="11639,51275" machi="35" ten="30,7700,0" yaku="24,1,20,1,34,2" doraHai="60" who="0" fromWho="1" sc="172,102,334,-92,238,0,246,0" /><INIT seed="7,0,0,4,5,105" ten="274,242,238,246" oya="3" hai0="132,120,116,54,101,107,77,50,44,18,42,65,26" hai1="37,97,67,131,135,110,22,122,58,63,115,100,41" hai2="86,23,39,32,78,108,51,45,56,17,123,11,80" hai3="128,1,60,126,71,0,114,9,125,62,111,117,104"/><W93/><G104/><T48/><D116/><U83/><E110/><V109/><F32/><W5/><G117/><T31/><D120/><U46/><E122/><V28/><F123/><W61/><G114/><T40/><D65/><U35/><E35/><V90/><F39/><W43/><G128/><T59/><D101/><U3/><E3/><N who="3" m="1098" /><G111/><T134/><D107/><U47/><E115/><V20/><F56/><W52/><G43/><T113/><D18/><U53/><E131/><V91/><F108/><W34/><G34/><T15/><D15/><U127/><E22/><N who="2" m="8235" /><F28/><W121/><G121/><T19/><D31/><U8/><E8/><V13/><F109/><W92/><G71/><T16/><D26/><U129/><E129/><V30/><F30/><W69/><G69/><T72/><D42/><AGARI ba="0,0" hai="11,13,17,42,45,51,78,80,86,90,91" m="8235" machi="42" ten="30,1000,0" yaku="8,1" doraHai="105" who="2" fromWho="0" sc="274,-10,242,0,238,10,246,0" /><INIT seed="8,0,0,3,4,12" ten="264,242,248,246" oya="0" hai0="6,135,66,94,3,4,104,8,17,38,31,122,52" hai1="128,56,81,13,130,59,80,134,118,92,98,14,63" hai2="88,55,54,108,126,68,111,47,49,25,1,40,100" hai3="11,26,95,10,28,78,85,7,42,123,57,87,105"/><T67/><D38/><U16/><E118/><V79/><F1/><W51/><G105/><T5/><D104/><U112/><E112/><V82/><F68/><W50/><G123/><T121/><D31/><U127/><E134/><V24/><F100/><W37/><G37/><T44/><D3/><U73/><E14/><V90/><F126/><W64/><G85/><T58/><D135/><U114/><E114/><V9/><F9/><W97/><G87/><T34/><D34/><U23/><E127/><V84/><F111/><W131/><G78/><T83/><D83/><N who="1" m="31819" /><E63/><V72/><F108/><W125/><G131/><N who="1" m="50218" /><E73/><V0/><F0/><W18/><G125/><T86/><D121/><U119/><E119/><V21/><F72/><W22/><G42/><T116/><D116/><U45/><E45/><V32/><F32/><W129/><G129/><T2/><D44/><U124/><E124/><V103/><F25/><W101/><G7/><T43/><D43/><U96/><E96/><V15/><F15/><N who="3" m="7543" /><G11/><T106/><D2/><U46/><E46/><V61/><F40/><W91/><G91/><AGARI ba="0,0" hai="13,16,23,56,59,91,92,98" m="50218,31819" machi="91" ten="30,3900,0" yaku="19,1,52,1,54,1" doraHai="12" who="1" fromWho="3" sc="264,0,242,39,248,0,246,-39" /><INIT seed="9,0,0,1,0,39" ten="264,281,248,207" oya="1" hai0="118,11,131,33,98,38,126,53,115,79,96,6,116" hai1="91,105,41,72,94,18,104,73,49,107,31,40,54" hai2="15,101,129,59,130,84,78,20,83,12,85,61,114" hai3="110,124,77,90,99,13,134,17,111,23,113,68,30"/><U35/><E35/><V125/><F125/><W88/><G113/><T47/><D33/><U82/><E31/><V70/><F70/><W108/><G68/><T26/><D115/><U4/><E4/><V93/><F114/><W21/><G124/><T128/><D26/><U10/><E10/><V100/><F129/><N who="0" m="49738" /><D79/><U64/><E64/><V69/><F69/><W127/><G127/><T0/><D126/><U43/><E18/><N who="2" m="10311" /><F15/><W103/><G77/><T112/><D112/><U133/><E82/><N who="2" m="47191" /><F93/><W7/><G7/><T67/><D67/><U117/><E117/><N who="0" m="45161" /><D53/><U46/><E133/><V22/><F130/><W109/><N who="3" m="27648" /><DORA hai="8" /><W89/><G134/><T121/><D121/><U44/><REACH who="1" step="1"/><E46/><REACH who="1" ten="264,271,248,207" step="2"/><V57/><F22/><W2/><G2/><T122/><D122/><U9/><E9/><V27/><F27/><W19/><G30/><T120/><D120/><U63/><E63/><V102/><F61/><W55/><G55/><T3/><D3/><U75/><E75/><V32/><F32/><W16/><REACH who="3" step="1"/><G23/><REACH who="3" ten="264,271,248,197" step="2"/><T74/><D74/><U56/><E56/><V34/><F34/><W87/><G87/><AGARI ba="0,2" hai="40,41,43,44,49,54,72,73,87,91,94,104,105,107" machi="87" ten="50,12000,1" yaku="1,1,52,3,53,1" doraHai="39,8" doraHaiUra="48,5" who="1" fromWho="3" sc="264,0,271,140,248,0,197,-120" owari="264,6.0,411,51.0,248,-15.0,77,-42.0" /></mjloggm>