<mjloggm ver="2.3"><GO type="193" lobby="0"/><UN n0="%43%54%51" n1="%E5%B0%B1%E6%B4%BB%E7%94%9F%40%E5%B7%9D%E6%9D%91%E8%BB%8D%E5%9B%A3" n2="%6D%6F%6D%75%73" n3="%73%74%68%6F" dan="12,12,10,13" rate="1709.68,1802.34,1756.12,1712.27" sx="M,M,M,M"/><TAIKYOKU oya="0"/><INIT seed="0,0,0,4,5,51" ten="250,250,250,250" oya="0" hai0="76,74,22,18,114,62,61,24,42,16,113,107,125" hai1="9,30,109,19,23,72,126,135,92,119,29,117,44" hai2="77,31,11,40,58,99,73,38,5,95,55,80,106" hai3="89,59,50,115,25,7,66,116,48,86,87,134,100"/><T129/><D107/><U32/><E72/><V82/><F82/><W79/><G116/><T90/><D129/><U15/><E44/><N who="2" m="23575" /><F31/><N who="1" m="11785" /><E92/><V103/><F95/><W124/><G115/><T10/><D125/><U2/><E32/><V49/><F99/><W17/><G124/><T1/><D42/><U41/><E41/><V43/><F43/><W83/><G134/><T35/><D35/><U127/><E135/><V33/><F33/><W45/><G100/><T71/><D71/><U104/><E104/><V69/><F69/><W6/><G66/><T88/><D74/><U122/><E122/><V102/><F106/><W128/><G128/><T12/><D76/><U52/><E52/><V68/><F68/><W28/><G17/><T133/><D1/><AGARI ba="0,0" hai="1,5,11,49,55,58,73,77,80,102,103" m="23575" machi="1" ten="30,2000,0" yaku="25,1,52,1" doraHai="51" who="2" fromWho="0" sc="250,-20,250,0,250,20,250,0" /><INIT seed="1,0,0,2,5,43" ten="230,250,270,250" oya="1" hai0="122,0,90,40,6,119,38,101,72,21,31,94,13" hai1="48,37,25,65,15,9,58,29,12,123,42,134,26" hai2="28,51,115,35,85,68,80,66,17,106,5,4,78" hai3="61,120,36,104,33,86,53,10,14,83,93,77,126"/><U82/><E123/><V132/><F106/><W67/><G120/><T75/><D122/><U117/><E117/><V73/><F73/><W27/><G104/><T76/><D119/><U125/><E134/><V130/><F132/><W11/><G36/><T81/><D101/><U32/><E125/><V84/><F130/><W107/><G126/><T87/><D0/><U129/><E129/><V91/><F115/><W88/><G107/><T112/><D112/><U135/><E135/><V34/><F17/><W55/><G27/><T49/><D38/><U128/><E128/><V116/><F116/><W74/><G33/><T127/><D127/><U121/><E121/><V57/><F68/><W47/><G47/><T95/><D95/><U22/><E37/><V30/><F34/><W8/><REACH who="3" step="1"/><G14/><REACH who="3" ten="230,250,270,240" step="2"/><T20/><D13/><U3/><E15/><V50/><F35/><W71/><AGARI ba="0,1" hai="8,10,11,53,55,61,67,71,74,77,83,86,88,93" machi="71" ten="30,7900,0" yaku="1,1,2,1,0,1,54,1,53,0" doraHai="43" doraHaiUra="108" who="3" fromWho="3" sc="230,-20,250,-39,270,-20,240,89" /><INIT seed="2,0,0,0,1,11" ten="210,211,250,329" oya="2" hai0="44,101,57,68,13,10,1,132,88,92,33,112,26" hai1="22,51,80,98,73,30,6,61,24,83,81,45,35" hai2="74,37,39,111,70,34,131,63,54,134,14,127,38" hai3="59,107,114,93,113,32,79,4,77,126,28,97,67"/><V8/><F34/><W90/><G107/><T20/><D112/><N who="3" m="43113" /><G4/><T109/><D68/><U48/><E73/><V85/><F74/><W94/><G126/><T56/><D132/><U19/><E6/><V103/><F103/><W100/><G28/><T123/><D123/><U65/><E98/><V99/><F99/><N who="3" m="57783" /><G32/><T121/><D121/><U108/><E108/><V130/><F134/><W43/><G43/><T78/><D78/><U82/><N who="1" m="20992" /><DORA hai="135" /><U120/><E120/><V133/><F133/><W66/><G59/><T89/><D1/><U86/><E86/><V95/><F111/><W91/><G91/><T3/><D3/><U2/><E2/><V118/><F118/><W31/><G31/><T105/><D105/><U128/><E128/><N who="2" m="49195" /><F127/><W9/><G9/><T106/><D106/><U119/><E119/><V42/><F85/><W29/><G29/><T58/><D33/><U62/><E45/><N who="2" m="23759" /><F95/><W41/><G41/><T75/><D44/><U15/><REACH who="1" step="1"/><E62/><REACH who="1" ten="210,201,250,329" step="2"/><V55/><F70/><AGARI ba="0,1" hai="15,19,22,24,30,35,48,51,61,65,70" m="20992" machi="70" ten="50,8000,1" yaku="1,1,2,1,52,1,53,1" doraHai="11,135" doraHaiUra="36,60" who="1" fromWho="2" sc="210,0,201,90,250,-80,329,0" /><INIT seed="3,0,0,1,1,63" ten="210,291,170,329" oya="3" hai0="119,73,86,74,32,93,58,59,77,62,69,6,43" hai1="47,111,49,37,110,12,66,89,114,71,121,125,107" hai2="5,103,79,18,23,85,118,81,8,44,53,46,55" hai3="36,102,72,54,127,40,76,87,57,19,94,56,16"/><W17/><G127/><T34/><D119/><U33/><E107/><V3/><F118/><W64/><G72/><T124/><D124/><U22/><E33/><V2/><F2/><W15/><G40/><T45/><D6/><U21/><E125/><V48/><F103/><W91/><G36/><T129/><D129/><U100/><E100/><V104/><F104/><W78/><G102/><T26/><D69/><U31/><E121/><V117/><F117/><W132/><G132/><T50/><D59/><U115/><E37/><V116/><F116/><W95/><G64/><T133/><D133/><U13/><E89/><V28/><F28/><W80/><G87/><T52/><D32/><U108/><E31/><V128/><F128/><W70/><G70/><T41/><D41/><U105/><E105/><V39/><F39/><W113/><G113/><N who="1" m="43018" /><E22/><V1/><F1/><W35/><G35/><T98/><D26/><U25/><E25/><V120/><F120/><W29/><G29/><T82/><REACH who="0" step="1"/><D34/><REACH who="0" ten="200,291,170,329" step="2"/><U67/><E71/><V20/><REACH who="2" step="1"/><F18/><REACH who="2" ten="200,291,160,329" step="2"/><W88/><G19/><T75/><D75/><U83/><E111/><V61/><F61/><W130/><G16/><T7/><D7/><U68/><E110/><V109/><F109/><W92/><G130/><T24/><D24/><U10/><E108/><V42/><F42/><W0/><G0/><T131/><D131/><U90/><E68/><V106/><F106/><W84/><G17/><T51/><D51/><AGARI ba="0,2" hai="3,5,8,20,23,44,46,48,51,53,55,79,81,85" machi="51" ten="40,2600,0" yaku="1,1,9,1,53,0" doraHai="63" doraHaiUra="123" who="2" fromWho="0" sc="200,-26,291,0,160,46,329,0" owari="174,-33.0,291,9.0,206,-19.0,329,43.0" /></mjloggm>