<mjloggm ver="2.3"><GO type="41" lobby="0"/><UN n0="%E3%81%A1%E3%81%8B%E3%81%B4%E3%81%83" n1="%E3%82%AF%E3%83%AA%E3%83%AA%E3%83%B3%E7%9A%84%E3%81%AB%E3%81%AF" n2="%E5%B0%B1%E6%B4%BB%E7%94%9F%40%E5%B7%9D%E6%9D%91%E8%BB%8D%E5%9B%A3" n3="%6D%69%6B%61%6E%31%30" dan="14,14,15,13" rate="2002.68,2074.79,2001.83,1882.97" sx="F,M,M,M"/><TAIKYOKU oya="0"/><INIT seed="0,0,0,0,5,88" ten="250,250,250,250" oya="0" hai0="63,73,127,72,46,80,101,77,123,21,97,29,118" hai1="43,103,99,109,68,84,86,133,105,60,7,40,5" hai2="85,49,111,50,128,35,125,66,126,89,37,81,52" hai3="102,100,24,42,16,8,3,62,23,15,55,113,44"/><T78/><D123/><U87/><E109/><V98/><F37/><W129/><G129/><T41/><D127/><N who="2" m="48650" /><F35/><W59/><G3/><T108/><D108/><U120/><E120/><V135/><F111/><W32/><G32/><T121/><D121/><U131/><E131/><V119/><F128/><W106/><G106/><T70/><D118/><U27/><E133/><V34/><F34/><W56/><G59/><T107/><D78/><U39/><E27/><V54/><F135/><W4/><REACH who="3" step="1"/><G113/><REACH who="3" ten="250,250,250,240" step="2"/><T82/><D70/><U115/><E115/><V13/><F119/><W6/><G6/><T94/><D72/><U110/><E110/><V31/><F66/><W48/><AGARI ba="0,1" hai="4,8,15,16,23,24,42,44,48,55,56,62,100,102" machi="48" ten="20,8000,1" yaku="1,1,0,1,7,1,8,1,54,1,53,0" doraHai="88" doraHaiUra="65" who="3" fromWho="3" sc="250,-40,250,-20,250,-20,240,90" /><INIT seed="1,0,0,3,1,88" ten="210,230,230,330" oya="1" hai0="108,90,116,99,43,64,18,73,46,60,95,2,21" hai1="12,85,107,79,47,84,89,92,51,65,126,128,58" hai2="100,102,48,14,113,135,40,117,132,131,41,78,8" hai3="31,97,56,20,110,13,19,49,123,59,50,83,24"/><U7/><E107/><V16/><F117/><W17/><G110/><T93/><D108/><U109/><E109/><V75/><F113/><W118/><G123/><T106/><D116/><U68/><E126/><V63/><F131/><W103/><G83/><T104/><D2/><U27/><E128/><V4/><F75/><W81/><G81/><T114/><D73/><U45/><E68/><V124/><F78/><W26/><G118/><T80/><D114/><U77/><E27/><V38/><F38/><W127/><G127/><T120/><D120/><U3/><E3/><V87/><F124/><W125/><G125/><T53/><D53/><N who="1" m="32063" /><E65/><V61/><F87/><W37/><G37/><T72/><D72/><U32/><E32/><V94/><F4/><W62/><G59/><N who="0" m="36895" /><D104/><U67/><E67/><V29/><F29/><W111/><G111/><T134/><D106/><U28/><E28/><V129/><F129/><W36/><G36/><T74/><D74/><U6/><E85/><V76/><F76/><N who="1" m="29257" /><E7/><V122/><F122/><W0/><G0/><T39/><D39/><U23/><E6/><V1/><F1/><W42/><G42/><T10/><D43/><U82/><E82/><V54/><F41/><W86/><G86/><N who="0" m="52439" /><D80/><U112/><E112/><V119/><F40/><W33/><G33/><T101/><D46/><U98/><E98/><N who="2" m="59479" /><F102/><W30/><G103/><T34/><D34/><U70/><E70/><V25/><F119/><W57/><G31/><T35/><D35/><U66/><E66/><V9/><F25/><W69/><G30/><T55/><D101/><U44/><E44/><RYUUKYOKU ba="0,0" sc="210,-10,230,30,230,-10,330,-10" hai1="12,23,45,47,84,89,92" /><INIT seed="1,1,0,3,5,48" ten="200,260,220,320" oya="1" hai0="59,43,65,41,12,16,64,90,115,83,68,99,30" hai1="10,36,34,117,82,57,123,113,98,9,71,70,91" hai2="53,88,5,78,35,67,126,81,45,114,19,3,49" hai3="14,125,46,77,87,25,31,11,127,37,62,69,50"/><U40/><E123/><V63/><F35/><W58/><G69/><T22/><D115/><U26/><E117/><V97/><F114/><W119/><G37/><T72/><D68/><U102/><E113/><V4/><F126/><N who="3" m="48139" /><G77/><T96/><D30/><U21/><E34/><V111/><F111/><W29/><G25/><T28/><D28/><U128/><E128/><V100/><F3/><W132/><G132/><T60/><D64/><U61/><E71/><V110/><F110/><W52/><G87/><N who="0" m="50559" /><D72/><U54/><E70/><V38/><F38/><W89/><G89/><T116/><D116/><U6/><E36/><V17/><F4/><N who="3" m="3431" /><G119/><T74/><D74/><U103/><E40/><AGARI ba="1,0" hai="29,31,40,46,50,52,58,62" m="3431,48139" machi="40" ten="30,3900,0" yaku="18,1,52,1,54,1" doraHai="48" who="3" fromWho="1" sc="200,0,260,-42,220,0,320,42" /><AGARI ba="1,0" hai="12,16,22,40,41,43,59,60,65,96,99" m="50559" machi="40" ten="30,2000,0" yaku="8,1,54,1" doraHai="48" who="0" fromWho="1" sc="200,20,218,-20,220,0,362,0" /><INIT seed="2,0,0,2,2,89" ten="220,198,220,362" oya="2" hai0="0,104,68,117,7,21,22,44,37,102,119,66,100" hai1="129,82,47,53,126,3,112,29,48,41,20,124,35" hai2="121,12,67,23,90,111,38,132,91,10,133,52,9" hai3="13,57,43,87,64,36,11,120,92,88,45,108,2"/><V18/><F38/><W110/><G2/><T1/><D21/><U40/><E35/><V34/><F121/><W79/><G120/><T85/><D85/><U105/><E3/><V65/><F34/><W135/><G79/><T42/><D22/><U80/><E105/><V134/><F111/><W55/><G64/><N who="2" m="24649" /><F52/><W58/><G135/><N who="2" m="34561" /><V93/><DORA hai="31" /><F91/><W107/><G107/><T14/><D0/><U56/><E112/><V26/><F26/><W81/><G81/><T106/><D1/><U72/><E129/><V83/><F83/><W123/><G123/><T30/><D14/><U39/><E41/><V84/><AGARI ba="0,0" hai="9,10,12,18,23,84,90,93" m="34561,24649" machi="84" ten="40,3900,0" yaku="20,1,52,1" doraHai="89,31" who="2" fromWho="2" sc="220,-13,198,-13,220,39,362,-13" /><INIT seed="2,1,0,5,3,134" ten="207,185,259,349" oya="2" hai0="33,15,37,113,83,10,105,31,3,18,27,121,85" hai1="66,74,106,67,101,2,117,29,17,77,64,126,19" hai2="57,40,25,124,116,8,81,91,47,92,54,97,58" hai3="45,72,38,96,43,108,135,63,55,62,59,99,4"/><V94/><F116/><W110/><G72/><T89/><D121/><U118/><E2/><V125/><F8/><W119/><G4/><T12/><D113/><U73/><E29/><V114/><F114/><W132/><G99/><T127/><D105/><U52/><E77/><V60/><F58/><N who="3" m="35167" /><G96/><T129/><D129/><U42/><E42/><V7/><F7/><W30/><G30/><T61/><D37/><U20/><E106/><V23/><F94/><W122/><G122/><T95/><D3/><U68/><E101/><V49/><REACH who="2" step="1"/><F81/><REACH who="2" ten="207,185,249,349" step="2"/><W5/><G5/><T79/><D95/><U69/><E118/><V115/><F115/><W32/><G119/><T109/><D83/><U13/><E117/><V26/><F26/><W41/><G135/><T53/><D27/><U107/><E107/><V21/><F21/><W93/><G32/><T130/><D33/><U1/><E20/><V120/><F120/><W71/><G132/><T56/><D56/><U87/><E69/><V100/><F100/><W103/><G93/><T80/><D80/><U78/><E68/><V75/><F75/><W24/><G24/><T16/><D130/><U36/><E74/><V51/><F51/><N who="3" m="27055" /><G103/><T98/><D12/><U76/><E13/><V34/><F34/><W22/><G22/><T39/><D15/><U111/><E73/><V11/><F11/><W104/><G104/><T88/><D10/><U0/><E0/><V28/><AGARI ba="1,1" hai="23,25,28,40,47,49,54,57,60,91,92,97,124,125" machi="28" ten="30,12000,1" yaku="1,1,0,1,52,2,53,1" doraHai="134" doraHaiUra="90" who="2" fromWho="2" sc="207,-41,185,-41,249,133,349,-41" /><INIT seed="2,2,0,5,3,6" ten="166,144,382,308" oya="2" hai0="114,35,33,54,134,41,51,13,43,98,14,112,23" hai1="89,104,97,52,44,116,132,65,80,133,128,8,125" hai2="5,111,113,20,88,115,121,91,131,117,120,26,3" hai3="93,84,11,100,96,67,102,60,63,119,2,123,50"/><V62/><F117/><W30/><G123/><T126/><D126/><U22/><E116/><V27/><F131/><W25/><G119/><T77/><D134/><N who="1" m="51819" /><E65/><V58/><F111/><W46/><G84/><T72/><D98/><U107/><E128/><V9/><F120/><W94/><G102/><T79/><D51/><N who="1" m="28775" /><E125/><V87/><F121/><W81/><G67/><T21/><REACH who="0" step="1"/><D54/><REACH who="0" ten="156,144,382,308" step="2"/><U17/><E97/><V90/><F113/><W127/><G96/><T118/><D118/><U78/><E89/><V28/><F115/><W106/><G127/><T99/><D99/><U39/><E39/><V75/><F75/><AGARI ba="2,1" hai="13,14,21,23,33,35,41,43,72,75,77,79,112,114" machi="75" ten="25,3200,0" yaku="1,1,22,2,53,0" doraHai="6" doraHaiUra="24" who="0" fromWho="2" sc="156,48,144,0,382,-38,308,0" /><INIT seed="3,0,0,2,2,31" ten="204,144,344,308" oya="3" hai0="125,12,112,40,58,38,8,80,21,59,65,6,79" hai1="135,5,81,47,105,113,43,20,37,122,96,61,2" hai2="7,103,51,129,42,118,116,49,26,84,0,46,56" hai3="110,16,87,131,72,114,10,57,41,109,44,107,18"/><W132/><G114/><T94/><D125/><U134/><E113/><V95/><F129/><W35/><G72/><T55/><D112/><U130/><E122/><V123/><F123/><W54/><G107/><T133/><D133/><U28/><E130/><V98/><F0/><W97/><G131/><T76/><D38/><U24/><E61/><V106/><F7/><W19/><G132/><N who="1" m="50730" /><E81/><V53/><F106/><W91/><G35/><T104/><D104/><U89/><E89/><V100/><F100/><W52/><G10/><T66/><D40/><U85/><E85/><V62/><F26/><W13/><G13/><T102/><D58/><U14/><E14/><V50/><F84/><W88/><G97/><N who="0" m="59703" /><D80/><U101/><E5/><V92/><REACH who="2" step="1"/><F95/><REACH who="2" ten="204,144,334,308" step="2"/><N who="3" m="54687" /><G91/><T27/><D76/><U63/><E63/><V4/><F4/><W68/><G68/><T83/><D79/><U15/><E15/><V23/><F23/><W73/><G73/><T3/><D83/><U108/><E2/><V74/><F74/><W25/><G25/><T119/><D3/><U120/><E120/><V48/><AGARI ba="0,1" hai="42,46,48,49,50,51,53,56,62,92,98,103,116,118" machi="48" ten="30,2000,0" yaku="1,1,0,1,53,0" doraHai="31" doraHaiUra="22" who="2" fromWho="2" sc="204,-5,144,-5,334,30,308,-10" /><INIT seed="4,0,0,5,5,54" ten="199,139,364,298" oya="0" hai0="52,62,107,123,124,51,83,85,61,21,88,133,5" hai1="102,106,14,20,37,58,11,22,42,23,67,73,6" hai2="86,113,89,75,81,110,99,115,135,80,121,111,19" hai3="17,3,101,95,70,60,132,30,44,127,100,104,59"/><T76/><D133/><U39/><E73/><V7/><F7/><W66/><G104/><T1/><D124/><U29/><E42/><V112/><F19/><W109/><G109/><N who="2" m="41481" /><F135/><W116/><G127/><T16/><D123/><U74/><E74/><V43/><F43/><W36/><G3/><T55/><D107/><U46/><E46/><V2/><F2/><W18/><G30/><T97/><D1/><U79/><E79/><N who="2" m="44159" /><F99/><W87/><G132/><T9/><D9/><U125/><E29/><V28/><F28/><W34/><G34/><T24/><D5/><U25/><E25/><V84/><F84/><W68/><G101/><T82/><D97/><U134/><E125/><V92/><F81/><N who="0" m="30730" /><D76/><U78/><E78/><V32/><F32/><W35/><G35/><T40/><D40/><U72/><E72/><V10/><F10/><W33/><G33/><T119/><D119/><U131/><E134/><V53/><F53/><N who="0" m="20554" /><D51/><U57/><E67/><V49/><F49/><W63/><G36/><T108/><D108/><U47/><E47/><V13/><F13/><W65/><G65/><T50/><D50/><U38/><REACH who="1" step="1"/><E131/><REACH who="1" ten="199,129,364,298" step="2"/><V48/><F48/><W45/><G66/><T114/><D114/><U103/><E103/><V93/><F121/><W130/><G130/><T69/><D69/><U26/><E26/><V4/><F113/><W120/><G70/><T126/><D126/><U31/><E31/><V94/><F115/><W122/><G68/><T71/><D71/><U41/><E41/><V128/><F112/><W8/><G122/><T129/><D129/><U91/><E91/><RYUUKYOKU ba="0,1" sc="199,15,129,15,364,-15,298,-15" hai0="16,21,24,61,62,85,88" hai1="6,11,14,20,22,23,37,38,39,57,58,102,106" /><INIT seed="4,1,1,0,3,9" ten="214,144,349,283" oya="0" hai0="45,123,50,128,52,67,46,69,133,13,110,54,94" hai1="44,37,109,28,3,31,113,10,101,104,64,125,41" hai2="134,18,121,23,36,27,20,102,80,112,103,84,79" hai3="2,99,114,90,30,4,17,59,129,76,85,89,97"/><T14/><D123/><U71/><E109/><V131/><F36/><W16/><G4/><T15/><D110/><U39/><E125/><V61/><F121/><W122/><G2/><T35/><D35/><U43/><E31/><V19/><F112/><W81/><G114/><T62/><D133/><U120/><E113/><V25/><F131/><W57/><G30/><T63/><D128/><U24/><E120/><V42/><F134/><W93/><G129/><T8/><D94/><U5/><E43/><V98/><F42/><W40/><G40/><T7/><D62/><U66/><E66/><V12/><F61/><W87/><G122/><T1/><REACH who="0" step="1"/><D54/><REACH who="0" ten="204,144,349,283" step="2"/><U124/><E124/><V26/><F103/><W53/><G53/><T74/><D74/><U6/><E101/><V73/><F73/><W127/><G127/><T49/><D49/><U92/><E92/><AGARI ba="1,2" hai="12,18,19,20,23,25,26,27,79,80,84,92,98,102" machi="92" ten="30,3900,0" yaku="7,1,8,1,52,1" doraHai="9" who="2" fromWho="1" sc="204,0,144,-42,349,62,283,0" /><INIT seed="5,0,0,2,4,96" ten="204,102,411,283" oya="1" hai0="34,24,51,16,111,41,59,47,101,102,50,63,2" hai1="85,45,32,27,92,118,49,52,132,68,0,62,88" hai2="8,56,64,38,107,117,115,90,129,66,97,112,128" hai3="127,124,33,15,25,70,23,91,89,72,40,94,11"/><U113/><E118/><V13/><F38/><W28/><G70/><T110/><D2/><U80/><E0/><V103/><F117/><W82/><G40/><T39/><D110/><U116/><E116/><V21/><F21/><W9/><G9/><T104/><D111/><U100/><E113/><N who="2" m="43595" /><F90/><W73/><G89/><T78/><D78/><U121/><E121/><V134/><F134/><W14/><G14/><T74/><D74/><U1/><E1/><V12/><F12/><W93/><G94/><T58/><D104/><U30/><E132/><V130/><F56/><W105/><G105/><T75/><D75/><U71/><REACH who="1" step="1"/><E62/><REACH who="1" ten="204,92,411,283" step="2"/><V126/><F126/><W42/><G127/><T108/><D108/><U98/><AGARI ba="0,1" hai="27,30,32,45,49,52,68,71,80,85,88,92,98,100" machi="98" ten="30,18000,2" yaku="1,1,2,1,0,1,52,1,54,2,53,0" doraHai="96" doraHaiUra="106" who="1" fromWho="1" sc="204,-60,92,190,411,-60,283,-60" /><INIT seed="5,1,0,5,5,93" ten="144,282,351,223" oya="1" hai0="11,111,82,14,95,49,45,96,48,91,123,35,29" hai1="80,10,47,135,134,70,85,72,76,13,128,5,55" hai2="94,6,69,104,40,65,51,33,2,12,89,56,58" hai3="84,60,107,43,3,115,4,17,15,74,41,73,27"/><U79/><E70/><V110/><F104/><W34/><G115/><T30/><D111/><U129/><E47/><V87/><F110/><W39/><G84/><T103/><D123/><U42/><E42/><V92/><F33/><W106/><G60/><T83/><D35/><U37/><E37/><V127/><F2/><W16/><G34/><T130/><D130/><N who="1" m="50283" /><E55/><V122/><F122/><W121/><G15/><T71/><D71/><U116/><E116/><V64/><F127/><W54/><G121/><T59/><D59/><N who="2" m="22570" /><F69/><W57/><G57/><T105/><D48/><U19/><E5/><V8/><F94/><W109/><G109/><T88/><D82/><AGARI ba="1,0" hai="10,13,19,72,76,79,80,82,85,134,135" m="50283" machi="82" ten="30,1500,0" yaku="19,1" doraHai="93" who="1" fromWho="0" sc="144,-18,282,18,351,0,223,0" /><INIT seed="5,2,0,0,0,57" ten="126,300,351,223" oya="1" hai0="14,61,93,1,68,124,71,80,24,129,53,28,3" hai1="33,55,49,85,97,89,112,10,95,29,48,94,13" hai2="105,114,34,22,64,36,51,9,84,79,5,42,111" hai3="122,73,100,96,115,2,108,52,86,113,135,63,101"/><U74/><E74/><V126/><F111/><W75/><G108/><T8/><D129/><U58/><E112/><N who="3" m="43082" /><G2/><T0/><D124/><U4/><E33/><V59/><F34/><W44/><G135/><T12/><D12/><U127/><E127/><V128/><F105/><N who="3" m="63623" /><G101/><T69/><D93/><U56/><E29/><V37/><F114/><W40/><G86/><T103/><D103/><U107/><E107/><V45/><F126/><W119/><G122/><T88/><D53/><U41/><E41/><V39/><F128/><W87/><G87/><T81/><D81/><U117/><E117/><V54/><F22/><W30/><G30/><T70/><D80/><U125/><E125/><V109/><F109/><W25/><G25/><T131/><D131/><U76/><E76/><V98/><F98/><W7/><G7/><T47/><D47/><U60/><E58/><V6/><F6/><W31/><G31/><T43/><D43/><U50/><REACH who="1" step="1"/><E49/><REACH who="1" ten="126,290,351,223" step="2"/><V26/><F51/><N who="3" m="27015" /><G119/><T82/><D71/><U118/><E118/><V15/><F42/><W77/><G77/><T92/><D70/><U20/><E20/><V17/><F59/><AGARI ba="2,1" hai="52,59,63,73,75" m="27015,63623,43082" machi="59" ten="30,3900,0" yaku="15,1,52,1,54,1" doraHai="57" who="3" fromWho="2" sc="126,0,290,0,351,-45,223,55" /><INIT seed="6,0,0,4,3,133" ten="126,290,306,278" oya="2" hai0="46,53,48,16,64,8,83,38,103,40,75,91,69" hai1="58,102,44,73,113,11,56,120,9,89,41,95,12" hai2="127,55,24,45,90,94,85,32,110,14,81,132,97" hai3="66,79,96,4,78,60,2,51,22,34,99,86,104"/><V76/><F132/><W87/><G34/><T70/><D103/><U7/><E73/><V61/><F110/><W68/><G4/><T92/><D75/><U43/><E113/><V117/><F117/><W29/><G2/><T28/><D28/><U36/><E120/><V130/><F130/><W30/><G51/><T23/><D83/><U119/><E119/><V116/><F116/><W37/><G37/><T3/><D8/><U100/><E43/><V49/><F61/><W27/><G30/><T10/><D10/><U71/><E71/><V19/><F32/><W134/><G134/><T59/><D64/><U67/><E67/><V65/><F65/><W106/><G87/><T80/><D80/><U74/><E74/><V63/><F63/><W17/><G29/><T121/><D3/><U114/><E114/><V6/><F6/><W54/><G54/><T105/><D105/><U1/><E102/><V13/><F127/><W50/><G50/><T5/><D5/><U135/><E100/><V93/><F93/><W39/><G39/><T47/><D47/><U52/><E135/><V124/><REACH who="2" step="1"/><F124/><REACH who="2" ten="126,290,296,278" step="2"/><W118/><G118/><T42/><D42/><U62/><E1/><V129/><F129/><W126/><G126/><T20/><D20/><AGARI ba="0,1" hai="13,14,19,20,24,45,49,55,76,81,85,90,94,97" machi="20" ten="40,3900,0" yaku="1,1,8,1,53,0" doraHai="133" doraHaiUra="112" who="2" fromWho="0" sc="126,-39,290,0,296,49,278,0" /><INIT seed="6,1,0,4,4,82" ten="87,290,345,278" oya="2" hai0="118,52,11,131,5,87,89,97,42,91,50,20,0" hai1="46,61,111,120,66,96,132,35,112,69,57,124,105" hai2="74,88,18,48,41,107,67,63,94,134,113,59,70" hai3="47,22,51,62,2,65,81,133,54,114,39,12,71"/><V90/><F107/><W127/><G2/><T30/><D131/><U125/><E111/><V86/><F74/><W119/><G119/><T116/><D42/><U98/><E35/><V93/><F113/><W85/><G133/><T73/><D73/><U43/><E112/><V26/><F134/><W49/><G114/><T10/><D10/><U121/><E132/><V55/><F41/><W31/><G39/><T7/><D7/><U45/><E105/><V92/><F90/><W24/><G12/><T84/><D30/><U28/><E28/><V130/><F130/><W9/><G51/><T3/><D3/><U16/><E16/><V53/><REACH who="2" step="1"/><F55/><REACH who="2" ten="87,290,335,278" step="2"/><W79/><G127/><N who="1" m="48714" /><E98/><V78/><F78/><W83/><G79/><T68/><D97/><U40/><E96/><V4/><F4/><W32/><G54/><T115/><D115/><U123/><E43/><V101/><F101/><W103/><G103/><T109/><D109/><U33/><E40/><V126/><F126/><W8/><G65/><T25/><D68/><U100/><E100/><V95/><F95/><W15/><G71/><T29/><D116/><U106/><E106/><V1/><F1/><W99/><G81/><T27/><D118/><U128/><E128/><V19/><F19/><W23/><G83/><T76/><D76/><U77/><E77/><V44/><F44/><N who="1" m="17001" /><E33/><V80/><F80/><W129/><G129/><T13/><D0/><U64/><E69/><V60/><F60/><W6/><G62/><T21/><D5/><U38/><E38/><V102/><F102/><W37/><G37/><T17/><D17/><RYUUKYOKU ba="1,1" sc="87,-15,290,15,335,15,278,-15" hai1="57,61,64,66,120,121,123" hai2="18,26,48,53,59,63,67,70,86,88,92,93,94" /><INIT seed="6,2,1,4,0,102" ten="72,305,350,263" oya="2" hai0="49,119,66,6,56,11,122,101,112,131,65,125,105" hai1="34,99,50,5,67,19,118,86,22,88,28,111,90" hai2="123,58,27,100,57,31,20,32,29,16,38,83,94" hai3="116,10,84,18,24,132,54,85,78,46,44,71,12"/><V76/><F38/><W0/><G116/><T74/><D131/><U3/><E111/><V21/><F123/><W79/><G71/><T115/><D125/><U69/><E118/><V2/><F2/><W121/><G121/><T63/><D122/><U39/><E39/><V134/><F32/><W110/><G110/><T43/><D119/><U82/><E69/><V55/><F134/><W45/><G0/><T14/><D74/><U72/><E67/><V40/><F40/><W77/><G132/><T35/><D35/><U117/><E117/><V87/><F21/><W133/><G133/><T47/><REACH who="0" step="1"/><D66/><REACH who="0" ten="62,305,350,263" step="2"/><U64/><E72/><V80/><F80/><W60/><G24/><T41/><D41/><U108/><E64/><V93/><F57/><AGARI ba="2,2" hai="10,12,18,44,45,46,54,57,60,77,78,79,84,85" machi="57" ten="40,1300,0" yaku="8,1" doraHai="102" who="3" fromWho="2" sc="62,0,305,0,350,-19,263,39" /><INIT seed="7,0,0,0,5,18" ten="62,305,331,302" oya="3" hai0="15,37,62,14,46,21,33,41,94,45,38,83,126" hai1="133,84,56,2,31,88,25,91,115,100,30,111,119" hai2="103,105,13,60,106,122,58,47,110,97,59,16,74" hai3="6,50,79,57,73,52,70,10,7,132,8,77,101"/><W29/><G70/><T43/><D126/><U81/><E111/><V130/><F110/><W134/><G101/><T90/><D33/><U0/><E115/><V36/><F74/><W20/><G8/><T26/><D62/><U19/><E133/><N who="3" m="51306" /><G73/><T49/><D49/><U32/><E31/><V34/><F34/><W54/><G54/><T12/><D83/><U85/><E119/><V113/><F113/><W107/><G107/><T9/><D9/><U72/><E72/><V11/><F130/><W129/><G129/><T40/><D40/><U109/><E109/><V120/><F106/><W96/><G96/><T28/><REACH who="0" step="1"/><D12/><REACH who="0" ten="52,305,331,302" step="2"/><U27/><E2/><V98/><F60/><W112/><G112/><T80/><D80/><U61/><E0/><V87/><F122/><W69/><G69/><T76/><D76/><N who="3" m="29257" /><G10/><T102/><D102/><U67/><E100/><V124/><F103/><W71/><G71/><T63/><D63/><U53/><E67/><V131/><F11/><W118/><G118/><T64/><D64/><U128/><E128/><V42/><F131/><W44/><G57/><T5/><D5/><U3/><E3/><V39/><F59/><W108/><G108/><T22/><D22/><U93/><E32/><V135/><F58/><W1/><G1/><T121/><D121/><U66/><E66/><V75/><F135/><W4/><G4/><T114/><D114/><U123/><E123/><V55/><F120/><W125/><G125/><T48/><D48/><U89/><E56/><V82/><F124/><W104/><G104/><T78/><D78/><U68/><E61/><RYUUKYOKU ba="0,1" sc="52,15,305,-15,331,-15,302,15" hai0="14,15,21,26,28,37,38,41,43,45,46,90,94" hai3="6,7,20,29,44,50,52" owari="67,-43.0,290,-11.0,316,12.0,327,42.0" /></mjloggm>