<mjloggm ver="2.3"><GO type="169" lobby="0"/><UN n0="%62%75%67%79%61%77%69" n1="%E3%82%A6%E3%83%AB%E3%83%88%E3%83%A9%E7%AB%8B%E7%9B%B4" n2="%E3%81%93%E3%82%8C%E3%81%AF%E6%95%99%E8%82%B2%E3%82%84%E3%82%8D%E3%81%AA" n3="%E4%B8%8A%E6%9F%BF%E3%82%81%E3%81%90%E3%81%BF" dan="17,17,17,16" rate="2181.26,2167.28,2156.78,2151.47" sx="M,M,F,F"/><TAIKYOKU oya="0"/><INIT seed="0,0,0,4,2,32" ten="250,250,250,250" oya="0" hai0="80,60,24,10,117,83,40,134,133,88,82,29,28" hai1="74,76,62,118,122,12,1,92,31,71,125,53,26" hai2="70,3,132,100,14,107,45,17,38,21,13,9,39" hai3="127,36,50,44,124,116,61,130,19,108,49,81,67"/><T93/><D117/><U102/><E118/><V33/><F70/><W121/><G116/><T0/><D40/><U23/><E122/><V135/><F33/><W96/><G81/><T59/><D10/><U27/><E125/><N who="3" m="48202" /><G19/><T79/><D79/><U123/><E123/><V4/><F14/><W47/><G96/><N who="0" m="57383" /><D24/><U73/><E76/><V65/><F65/><W54/><G121/><T52/><D0/><U57/><E71/><V113/><F113/><W90/><G90/><T105/><D105/><U18/><E1/><V126/><F126/><W22/><G22/><T75/><D75/><U64/><E27/><V48/><F100/><W115/><G108/><T114/><D114/><U46/><E74/><V41/><REACH who="2" step="1"/><F107/><REACH who="2" ten="250,250,240,250" step="2"/><W131/><G115/><T104/><D104/><U109/><E12/><V63/><F63/><W98/><G67/><T15/><D15/><U72/><E64/><V5/><F5/><W128/><G61/><T77/><D77/><U30/><E109/><V95/><F95/><W55/><G98/><T69/><D69/><U86/><E102/><V84/><F84/><W25/><G25/><T87/><D87/><U51/><E73/><V106/><F106/><W42/><G36/><AGARI ba="0,1" hai="3,4,9,13,17,21,36,38,39,41,45,48,132,135" machi="36" ten="40,2600,0" yaku="1,1,52,1,53,0" doraHai="32" doraHaiUra="111" who="2" fromWho="3" sc="250,0,250,0,240,36,250,-26" /><INIT seed="1,0,0,0,4,123" ten="250,250,276,224" oya="1" hai0="129,22,3,48,28,19,52,7,73,26,107,11,104" hai1="74,64,66,60,79,14,31,96,38,93,124,65,47" hai2="101,43,94,122,20,10,76,97,32,112,125,8,128" hai3="15,33,13,121,130,68,16,35,69,5,39,56,119"/><U6/><E124/><V12/><F32/><N who="3" m="12363" /><G56/><T30/><D129/><U89/><E31/><V40/><F112/><W108/><G39/><T126/><D73/><U23/><E74/><V53/><F122/><W109/><G121/><T34/><D126/><U36/><E79/><V2/><F2/><W90/><G130/><T67/><D67/><U78/><E78/><V95/><F128/><W111/><G119/><T55/><D55/><U127/><E127/><V4/><F20/><N who="3" m="11279" /><G90/><T133/><D133/><U115/><E115/><V71/><F71/><N who="3" m="27211" /><G15/><N who="0" m="9599" /><D30/><U91/><E91/><V44/><F76/><W100/><G5/><T77/><D77/><U103/><E89/><V21/><F125/><W110/><N who="3" m="27648" /><DORA hai="85" /><W102/><AGARI ba="0,0" hai="100,102" m="27648,27211,11279,12363" machi="102" ten="70,12000,2" yaku="4,1,14,1,52,4,54,1" doraHai="123,85" who="3" fromWho="3" sc="250,-30,250,-60,276,-30,224,120" /><INIT seed="2,0,0,4,4,100" ten="220,190,246,344" oya="2" hai0="75,43,55,49,72,42,9,120,106,30,2,64,78" hai1="129,95,92,125,65,48,98,7,88,1,109,39,58" hai2="6,124,103,123,94,20,60,4,10,104,108,47,79" hai3="54,38,45,101,84,122,70,132,77,50,74,116,114"/><V76/><F123/><W118/><G74/><T83/><D120/><U113/><E39/><V57/><F104/><W82/><G122/><T97/><D64/><U130/><E113/><V0/><F124/><W59/><G132/><T121/><D75/><U68/><E125/><V36/><F6/><W111/><G111/><T61/><D61/><U115/><E115/><V15/><F108/><W87/><G114/><T80/><D80/><U31/><E109/><V69/><F69/><W126/><G126/><T66/><D66/><U24/><E7/><V112/><F112/><W34/><G34/><T53/><D53/><U134/><E1/><V3/><F3/><W46/><G70/><T85/><D72/><U127/><E127/><V41/><F20/><W105/><G87/><T17/><D30/><U29/><E134/><V27/><F27/><W67/><G67/><T81/><D81/><U44/><E68/><V8/><F8/><W51/><G38/><T90/><D121/><U33/><E31/><V63/><F0/><W56/><G56/><N who="0" m="32879" /><D106/><U119/><E58/><V86/><F60/><W102/><G59/><T11/><D2/><U16/><E65/><N who="2" m="39151" /><F103/><W28/><G28/><T73/><D73/><U40/><E95/><V93/><F93/><W18/><G105/><T32/><D32/><U96/><E96/><V21/><F21/><W22/><G116/><T62/><D62/><U71/><E71/><V12/><F12/><N who="3" m="9543" /><G118/><T107/><D107/><U89/><E119/><V35/><F35/><W23/><G23/><T52/><D11/><U26/><E89/><N who="2" m="53559" /><F36/><W133/><G133/><RYUUKYOKU ba="0,0" sc="220,-30,190,10,246,10,344,10" hai1="16,24,26,29,33,40,44,48,88,92,98,129,130" hai2="4,10,15,41,47,76,79" hai3="45,46,50,51,54,77,82,84,101,102" /><INIT seed="2,1,0,2,3,106" ten="190,200,256,354" oya="2" hai0="101,76,98,128,8,17,20,86,104,7,11,81,84" hai1="68,12,27,42,79,130,135,125,59,74,72,111,62" hai2="0,10,92,105,87,5,35,70,19,56,60,13,25" hai3="28,69,46,33,57,50,85,29,94,109,112,67,53"/><V2/><F105/><W71/><G33/><T40/><D128/><U110/><E68/><V3/><F70/><N who="3" m="26635" /><G85/><T77/><D40/><U55/><E79/><V65/><F87/><W133/><G94/><T49/><D49/><U127/><E130/><V41/><F41/><N who="3" m="24911" /><G29/><T126/><D126/><N who="1" m="48139" /><E135/><V89/><F89/><W123/><G28/><T9/><D7/><U116/><E116/><V102/><F102/><W99/><G99/><T45/><D45/><U38/><E27/><V1/><F92/><W80/><G80/><T117/><D117/><U114/><E42/><V51/><F51/><N who="3" m="30911" /><G133/><T82/><REACH who="0" step="1"/><D8/><REACH who="0" ten="180,200,256,354" step="2"/><U97/><E38/><V52/><F10/><W83/><G123/><T4/><D4/><U108/><E114/><V100/><F5/><W129/><G112/><T26/><AGARI ba="1,1" hai="9,11,17,20,26,76,77,81,82,84,86,98,101,104" machi="26" ten="20,5200,0" yaku="1,1,0,1,7,1,9,1,53,0" doraHai="106" doraHaiUra="54" who="0" fromWho="0" sc="180,65,200,-14,256,-27,354,-14" /><INIT seed="3,0,0,5,0,33" ten="245,186,229,340" oya="3" hai0="56,78,44,86,69,130,97,11,124,25,126,23,120" hai1="122,60,17,99,109,110,94,30,26,54,96,128,95" hai2="50,103,57,75,82,40,117,41,27,10,87,45,79" hai3="42,134,131,115,38,8,59,118,58,129,65,114,52"/><W73/><G73/><T47/><D69/><U85/><E122/><V77/><F117/><W108/><G8/><T125/><D120/><U66/><E128/><N who="3" m="49226" /><G118/><T72/><D72/><U113/><E113/><N who="3" m="43018" /><G108/><T24/><D130/><U89/><E54/><V92/><F10/><W32/><G32/><T39/><D97/><U13/><E13/><V132/><F27/><N who="0" m="10314" /><D23/><U84/><E17/><V81/><F75/><W121/><G121/><T22/><D22/><U9/><E9/><V43/><F77/><W48/><G134/><T5/><D56/><U4/><E4/><V88/><F57/><W100/><G100/><T35/><D39/><U15/><E15/><V123/><F132/><W127/><G127/><T105/><D105/><U111/><E26/><V28/><F123/><W16/><G16/><T80/><D35/><U55/><E30/><V64/><F28/><W93/><G93/><T21/><D21/><U6/><E6/><V91/><F79/><W107/><G107/><T14/><AGARI ba="0,0" hai="5,11,14,44,47,78,80,86,124,125,126" m="10314" machi="14" ten="40,1500,0" yaku="18,1" doraHai="33" who="0" fromWho="0" sc="245,15,186,-4,229,-4,340,-7" /><INIT seed="4,0,0,0,2,65" ten="260,182,225,333" oya="0" hai0="90,68,2,130,48,6,127,108,54,122,74,59,79" hai1="14,72,57,42,87,114,40,10,75,70,73,50,58" hai2="67,30,29,19,97,22,47,25,45,133,121,7,111" hai3="5,17,107,115,11,0,80,32,38,129,1,35,125"/><T128/><D122/><U18/><E114/><V23/><F121/><W53/><G107/><T98/><D127/><U110/><E110/><V8/><F111/><W56/><G38/><T135/><D108/><U4/><E70/><V20/><F133/><W101/><G101/><T69/><D135/><U117/><E117/><V15/><F67/><W85/><G129/><N who="0" m="49771" /><D2/><U43/><E87/><V9/><F97/><W55/><G115/><T3/><D3/><U106/><E106/><V34/><F47/><W77/><G125/><T113/><D6/><U60/><E50/><V126/><F45/><W31/><G31/><T83/><D113/><U105/><E105/><V76/><F76/><W82/><G1/><T16/><D16/><U104/><E104/><V96/><F96/><W94/><G94/><AGARI ba="0,0" hai="48,54,59,68,69,74,79,83,90,94,98" m="49771" machi="94" ten="30,5800,0" yaku="19,1,52,2" doraHai="65" who="0" fromWho="3" sc="260,58,182,0,225,0,333,-58" /><INIT seed="4,1,0,5,0,94" ten="318,182,225,275" oya="0" hai0="126,52,105,60,84,16,33,64,18,108,81,119,129" hai1="36,49,127,90,65,27,24,80,98,40,89,63,117" hai2="130,79,39,109,15,110,135,113,106,5,104,56,1" hai3="97,22,69,132,42,95,112,121,29,96,19,41,7"/><T103/><D119/><U12/><E36/><V8/><F1/><W71/><G29/><T44/><D33/><U77/><E117/><V28/><F39/><W124/><G124/><T116/><D116/><U82/><E127/><V4/><F4/><W20/><G112/><T43/><D126/><U99/><E12/><V13/><F13/><W93/><G7/><T47/><D129/><U83/><E77/><V17/><F113/><W66/><G132/><T45/><D43/><U2/><E2/><V76/><F5/><W51/><G66/><T61/><D108/><U38/><E38/><V111/><F135/><W92/><G121/><T128/><D128/><U88/><E49/><V21/><F130/><W67/><G67/><T85/><D85/><U118/><E118/><V75/><F56/><W73/><G73/><T78/><D105/><U34/><E40/><N who="3" m="15466" /><G71/><T72/><D103/><U57/><E34/><V55/><F75/><W3/><G69/><T35/><D35/><U114/><REACH who="1" step="1"/><E114/><REACH who="1" ten="318,172,225,275" step="2"/><V11/><F111/><W0/><G3/><T91/><D78/><U26/><AGARI ba="1,1" hai="24,26,27,57,63,65,80,82,83,88,89,90,98,99" machi="26" ten="40,24000,4" yaku="1,1,2,1,0,1,29,2,8,1,52,2,54,1,53,3" doraHai="94" doraHaiUra="23" who="1" fromWho="1" sc="318,-121,172,253,225,-61,275,-61" /><INIT seed="5,0,0,4,3,75" ten="197,425,164,214" oya="1" hai0="100,17,118,130,9,62,63,133,114,103,107,121,113" hai1="8,69,46,97,134,68,105,109,19,81,64,74,122" hai2="27,11,37,52,98,31,96,28,14,1,49,7,32" hai3="86,53,34,59,40,106,33,60,55,61,127,15,65"/><U29/><E122/><V16/><F37/><W71/><G106/><T125/><D118/><U2/><E19/><V89/><F28/><W116/><G116/><T72/><D121/><U44/><E44/><V42/><F42/><W126/><G15/><N who="0" m="7407" /><D133/><U120/><E46/><V95/><F98/><W88/><G40/><T66/><D130/><U79/><E120/><V80/><F80/><N who="3" m="49223" /><G53/><T35/><D35/><U108/><E29/><V54/><REACH who="2" step="1"/><F49/><REACH who="2" ten="197,425,154,214" step="2"/><W115/><G115/><N who="0" m="44043" /><D125/><AGARI ba="0,1" hai="33,34,55,59,60,61,65,71,125,126,127" m="49223" machi="125" ten="30,2000,0" yaku="18,1,54,1" doraHai="75" who="3" fromWho="0" sc="197,-20,425,0,154,0,214,30" /><INIT seed="6,0,0,1,5,103" ten="177,425,154,244" oya="2" hai0="11,38,19,122,64,128,131,25,9,32,92,87,107" hai1="106,109,88,54,129,93,40,31,70,84,33,13,101" hai2="75,52,46,59,44,115,65,86,30,127,58,20,53" hai3="108,61,43,96,26,91,99,112,8,7,102,5,111"/><V89/><F75/><W85/><G43/><T121/><D38/><U42/><E109/><V104/><F104/><W81/><G112/><T22/><D32/><U14/><E129/><N who="0" m="49737" /><D64/><U3/><E3/><V23/><F127/><W116/><G116/><T135/><D135/><U83/><E70/><V0/><F0/><W4/><G8/><N who="0" m="3147" /><D107/><U123/><E33/><V71/><F71/><W29/><G61/><T28/><D28/><U2/><E31/><V39/><F65/><W27/><G99/><T1/><D1/><U120/><E106/><V118/><F118/><W35/><REACH who="3" step="1"/><G27/><REACH who="3" ten="177,425,154,234" step="2"/><T124/><D124/><U98/><E42/><V77/><F115/><W47/><G47/><T68/><D68/><U41/><E41/><V74/><F39/><W21/><G21/><T133/><D133/><U110/><E40/><V50/><F30/><W24/><G24/><T113/><D113/><U36/><E36/><V34/><F34/><W82/><G82/><T134/><D134/><U37/><E37/><V57/><F20/><W126/><G126/><T97/><D97/><U12/><E110/><V114/><F23/><W130/><G130/><T95/><D121/><U63/><E123/><V72/><F114/><W18/><G18/><T117/><D122/><U45/><E120/><V105/><F44/><W49/><G49/><T17/><D117/><U119/><E119/><V56/><F53/><W15/><G15/><T67/><D19/><U48/><E2/><V79/><F50/><W10/><G10/><T76/><D67/><U51/><E48/><V62/><N who="2" m="14336" /><DORA hai="69" /><V100/><F46/><RYUUKYOKU ba="0,1" sc="177,10,425,10,154,-30,234,10" hai0="17,22,25,76,87,92,95" hai1="12,13,14,45,51,54,63,83,84,88,93,98,101" hai3="4,5,7,26,29,35,81,85,91,96,102,108,111" /><INIT seed="7,1,1,0,0,37" ten="187,435,124,244" oya="3" hai0="104,113,99,77,54,29,65,73,81,35,115,124,61" hai1="110,59,130,26,9,105,112,21,106,75,31,49,55" hai2="63,118,44,82,64,16,48,121,20,131,88,23,67" hai3="72,56,57,102,38,71,119,132,8,86,109,7,15"/><W17/><G119/><T52/><D124/><U135/><E75/><V101/><F118/><W93/><G72/><T133/><D133/><U97/><E110/><V46/><F131/><W117/><G71/><N who="0" m="42415" /><D104/><U76/><E76/><V90/><F121/><W6/><G117/><T18/><D18/><U36/><E36/><V14/><F101/><W3/><G132/><T32/><D99/><U92/><E112/><N who="0" m="43081" /><D29/><U45/><E130/><V79/><F23/><W58/><G38/><T13/><D13/><U51/><E9/><V108/><F108/><W122/><G122/><T11/><D11/><U1/><E1/><V95/><F46/><W74/><G74/><T53/><AGARI ba="1,1" hai="32,35,52,53,54,73,77,81" m="43081,42415" machi="53" ten="30,4000,0" yaku="15,1,11,1,54,1" doraHai="37" who="0" fromWho="0" sc="187,53,435,-11,124,-11,244,-21" owari="240,4.0,424,53.0,113,-39.0,223,-18.0" /></mjloggm>