<mjloggm ver="2.3"><GO type="169" lobby="0"/><UN n0="%2A%E3%81%B6%E3%81%A3%E3%81%A1%2A" n1="%E3%81%A7%E3%81%97%EF%BC%96" n2="%E5%AE%89%E7%9C%A0%E3%83%9E%E3%82%AF%E3%83%A9" n3="%E3%82%A6%E3%83%AB%E3%83%88%E3%83%A9%E7%AB%8B%E7%9B%B4" dan="16,16,17,16" rate="2091.40,2117.37,2200.96,2109.09" sx="M,M,F,M"/><TAIKYOKU oya="0"/><INIT seed="0,0,0,1,2,63" ten="250,250,250,250" oya="0" hai0="89,116,21,28,71,64,58,8,65,23,134,127,40" hai1="11,32,85,51,22,3,62,17,66,33,37,68,103" hai2="92,53,18,26,35,1,41,47,74,56,72,118,135" hai3="57,129,31,126,10,95,14,39,60,80,101,25,24"/><T121/><D116/><U5/><E37/><V79/><F135/><W114/><G39/><T50/><D121/><U54/><E103/><V122/><F122/><W16/><G114/><T61/><D134/><U108/><E108/><V43/><F118/><W117/><G117/><T102/><D127/><U27/><REACH who="1" step="1"/><E85/><REACH who="1" ten="250,240,250,250" step="2"/><V83/><F74/><W133/><G126/><T82/><D102/><U4/><E4/><V113/><F72/><W2/><G133/><T36/><D36/><U100/><E100/><V19/><F113/><W12/><G129/><T77/><D71/><U128/><E128/><V0/><F0/><W86/><G2/><T34/><D34/><U48/><E48/><V84/><F1/><W30/><G101/><T20/><D28/><U93/><E93/><V109/><F35/><W105/><G95/><T110/><D110/><U90/><E90/><V46/><F92/><W29/><G105/><T91/><D89/><U45/><AGARI ba="0,1" hai="3,5,11,17,22,27,32,33,45,51,54,62,66,68" machi="45" ten="20,5200,0" yaku="1,1,0,1,7,1,52,1,53,0" doraHai="63" doraHaiUra="75" who="1" fromWho="1" sc="250,-26,240,62,250,-13,250,-13" /><INIT seed="1,0,0,1,0,75" ten="224,302,237,237" oya="1" hai0="131,74,7,32,11,86,0,94,93,60,107,80,24" hai1="53,6,26,120,124,109,55,41,20,39,1,92,59" hai2="117,111,110,104,30,134,63,61,45,19,14,35,17" hai3="114,9,2,42,83,31,28,62,98,90,58,88,106"/><U82/><E120/><V51/><F117/><W125/><G114/><T79/><D107/><U29/><E124/><V23/><F104/><W126/><G42/><T57/><D131/><U8/><E109/><N who="2" m="41483" /><F134/><W37/><G37/><T123/><D123/><U84/><E92/><V38/><F38/><W13/><G2/><T68/><D68/><U25/><E59/><V12/><F30/><W52/><G106/><T77/><D32/><U115/><E115/><V46/><F35/><W48/><G48/><T127/><D127/><N who="3" m="48649" /><G83/><T67/><REACH who="0" step="1"/><D24/><REACH who="0" ten="214,302,237,237" step="2"/><U36/><E26/><V85/><F85/><W121/><G121/><T95/><D95/><U119/><E119/><V116/><F116/><W129/><G129/><T50/><D50/><U81/><E39/><V70/><F70/><W113/><G113/><T65/><D65/><U5/><E36/><V27/><F27/><W89/><G98/><T135/><D135/><U49/><E25/><V15/><F51/><W132/><G132/><T66/><D66/><U10/><E49/><V130/><F130/><W78/><G78/><T112/><D112/><U18/><E41/><V99/><F99/><W97/><G97/><T73/><D73/><U56/><E84/><V64/><F64/><W100/><G100/><T118/><D118/><U128/><E128/><V3/><F46/><W76/><G76/><T43/><D43/><U103/><E55/><V133/><F45/><W87/><G87/><T105/><D105/><U33/><E53/><V21/><F133/><W122/><G122/><T108/><D108/><U71/><E71/><V69/><F69/><RYUUKYOKU ba="0,1" sc="214,15,302,-15,237,-15,237,15" hai0="0,7,11,57,60,67,74,77,79,80,86,93,94" hai3="9,13,28,31,52,58,62,88,89,90" /><INIT seed="2,1,1,0,4,55" ten="229,287,222,252" oya="2" hai0="35,41,112,135,110,60,59,57,109,36,19,131,42" hai1="102,21,66,87,63,130,28,94,98,90,47,68,104" hai2="50,126,2,103,73,46,97,48,80,1,0,39,18" hai3="113,9,40,49,33,56,100,6,92,37,123,30,99"/><V84/><F73/><W14/><G123/><T106/><D35/><U116/><E116/><V38/><F126/><W5/><G113/><T91/><D106/><U17/><E130/><V96/><F18/><W32/><G37/><T4/><D112/><U13/><E47/><V81/><F80/><W23/><G33/><T86/><D131/><U44/><E44/><V83/><F83/><W74/><G74/><T61/><D4/><U22/><REACH who="1" step="1"/><E28/><REACH who="1" ten="229,277,222,252" step="2"/><V25/><F46/><W52/><G40/><T125/><D42/><U132/><E132/><V121/><F121/><W79/><G30/><T76/><D41/><U122/><E122/><V119/><F119/><W11/><G79/><T54/><D76/><U89/><E89/><V27/><F38/><W82/><G82/><N who="0" m="49623" /><D36/><U93/><E93/><V78/><F39/><W105/><G105/><T29/><D135/><U3/><E3/><V7/><F103/><W118/><G118/><T111/><D29/><U124/><E124/><V67/><F81/><W12/><G92/><T133/><D133/><U88/><E88/><V31/><F78/><W108/><G100/><T45/><D125/><U75/><E75/><V43/><F31/><W64/><G32/><T62/><D45/><U134/><E134/><V58/><F1/><W20/><G108/><T72/><D72/><U10/><AGARI ba="1,2" hai="10,13,17,21,22,63,66,68,87,90,94,98,102,104" machi="10" ten="20,5200,0" yaku="1,1,0,1,7,1,53,1" doraHai="55" doraHaiUra="8" who="1" fromWho="1" sc="229,-14,277,75,222,-27,252,-14" /><INIT seed="3,0,0,0,0,4" ten="215,352,195,238" oya="3" hai0="16,13,15,52,19,92,7,98,50,80,66,23,55" hai1="9,79,107,49,56,43,90,131,59,21,103,113,108" hai2="121,94,86,134,88,70,54,105,115,68,63,83,27" hai3="99,5,28,65,129,89,84,41,11,91,73,46,77"/><W8/><G129/><T72/><D66/><U64/><E113/><V14/><F115/><W133/><G133/><T111/><D111/><U2/><E131/><V123/><F105/><W81/><G65/><T117/><D117/><U60/><E79/><V1/><F1/><W58/><G28/><T30/><D7/><U112/><E112/><V3/><F3/><W26/><G26/><T114/><D30/><U36/><E36/><V25/><F134/><W118/><G118/><T106/><D106/><U18/><E90/><N who="3" m="34314" /><G73/><T51/><D80/><U119/><E119/><V0/><F0/><W37/><G37/><T104/><D104/><U71/><E108/><V35/><F14/><W82/><G82/><T127/><D72/><U67/><E71/><V110/><F110/><W6/><G99/><T29/><D114/><U39/><E39/><V95/><F35/><W132/><G132/><T12/><D29/><U33/><E64/><V17/><F70/><W20/><G20/><T85/><D23/><U87/><E21/><N who="2" m="13487" /><F27/><W74/><G74/><T69/><D69/><U93/><E67/><V116/><F116/><W128/><G128/><T97/><D97/><U22/><E2/><V34/><F68/><W53/><G5/><T135/><D98/><U61/><E107/><V10/><F34/><W96/><G96/><T47/><D135/><U100/><E33/><V109/><F109/><W78/><G6/><T124/><D85/><U125/><E87/><V122/><F10/><N who="3" m="3627" /><G78/><T32/><D32/><U45/><E22/><V57/><AGARI ba="0,0" hai="54,57,63,83,86,88,94,95,121,122,123" m="13487" machi="57" ten="40,2700,0" yaku="13,1,54,1" doraHai="4" who="2" fromWho="2" sc="215,-7,352,-7,195,27,238,-13" /><INIT seed="4,0,0,0,3,96" ten="208,345,222,225" oya="0" hai0="75,71,38,120,113,88,66,116,86,36,56,49,52" hai1="32,112,131,42,14,68,133,23,10,47,50,78,6" hai2="44,94,41,107,73,7,118,46,92,15,117,91,124" hai3="3,121,130,45,1,101,76,87,48,65,114,79,89"/><T129/><D75/><U64/><E133/><V13/><F107/><W21/><G65/><T59/><D116/><N who="2" m="44650" /><F124/><W102/><G3/><T70/><D120/><U125/><E125/><V20/><F73/><W106/><G1/><T126/><D126/><U111/><E111/><V132/><F132/><W27/><G130/><T77/><D77/><N who="3" m="29769" /><G106/><T54/><D129/><U108/><E108/><V109/><F109/><W119/><G114/><T135/><D113/><U19/><E131/><V128/><F128/><W82/><G121/><T16/><D135/><U57/><E32/><V90/><F7/><W95/><G82/><T74/><D74/><U63/><E112/><V123/><F123/><W93/><G93/><N who="2" m="35945" /><F20/><W62/><G62/><T127/><D127/><U69/><REACH who="1" step="1"/><E78/><REACH who="1" ten="208,335,222,225" step="2"/><V103/><F103/><W5/><G119/><T72/><D88/><N who="2" m="33834" /><F46/><W28/><G5/><T31/><D72/><U110/><E110/><V18/><F18/><W80/><G80/><T35/><D16/><U100/><E100/><V9/><F9/><W25/><G25/><AGARI ba="0,1" hai="6,10,14,19,23,25,42,47,50,57,63,64,68,69" machi="25" ten="30,3900,0" yaku="1,1,7,1,53,1" doraHai="96" doraHaiUra="55" who="1" fromWho="3" sc="208,0,335,49,222,0,225,-39" /><INIT seed="5,0,0,2,0,53" ten="208,384,222,186" oya="1" hai0="97,19,14,18,115,59,36,40,75,83,116,98,81" hai1="90,47,124,50,51,107,69,60,32,52,121,118,84" hai2="96,70,104,39,135,130,67,85,82,38,11,55,1" hai3="101,3,91,43,117,37,27,112,128,79,110,41,33"/><U129/><E118/><V30/><F135/><W80/><G91/><T100/><D116/><U109/><E121/><V131/><F30/><W123/><G80/><T68/><D68/><U88/><E124/><V44/><F67/><W71/><G101/><T87/><D75/><U119/><E119/><V35/><F35/><W120/><G27/><T63/><D40/><U25/><E129/><N who="2" m="49163" /><F70/><W61/><G79/><N who="0" m="46527" /><D83/><U15/><E107/><V95/><F104/><W57/><G61/><T66/><D36/><U21/><E15/><V86/><F55/><W133/><G57/><T77/><D77/><U29/><E109/><V126/><F126/><W65/><G43/><T72/><D72/><U22/><E50/><V122/><F122/><W5/><G65/><T6/><D115/><U103/><E103/><N who="2" m="60831" /><F44/><W132/><G41/><T54/><D66/><U20/><REACH who="1" step="1"/><E84/><REACH who="1" ten="208,374,222,186" step="2"/><V8/><F86/><W16/><G123/><T78/><D100/><U64/><AGARI ba="0,1" hai="20,21,22,25,29,32,47,51,52,60,64,69,88,90" machi="64" ten="30,12000,1" yaku="1,1,2,1,0,1,54,2,53,0" doraHai="53" doraHaiUra="2" who="1" fromWho="1" sc="208,-40,374,130,222,-40,186,-40" /><INIT seed="5,1,0,4,0,130" ten="168,504,182,146" oya="1" hai0="111,115,45,30,73,80,90,33,7,95,71,81,23" hai1="84,9,27,122,129,46,4,2,26,89,78,8,21" hai2="114,52,20,12,54,24,55,14,56,18,124,103,113" hai3="10,77,128,11,74,44,75,85,32,64,50,39,49"/><U19/><E122/><V1/><F1/><W47/><G32/><T36/><D33/><U91/><E129/><V72/><F72/><W59/><G39/><T34/><D34/><U79/><E27/><V93/><F124/><W92/><G128/><T42/><D111/><U25/><E25/><V67/><F67/><W121/><G121/><T97/><D71/><U118/><E118/><V116/><F116/><W35/><G35/><T126/><D126/><U134/><E134/><V96/><REACH who="2" step="1"/><F56/><REACH who="2" ten="168,504,172,146" step="2"/><W53/><G75/><T65/><D73/><U106/><E2/><V105/><F105/><W31/><G74/><T51/><D65/><U109/><E109/><V62/><F62/><W17/><G59/><T28/><D45/><U70/><E70/><V119/><F119/><W22/><G64/><T61/><D61/><U98/><E106/><V68/><F68/><W88/><G31/><T48/><D30/><U132/><E46/><V60/><F60/><W69/><G69/><T94/><D28/><U123/><E123/><V0/><F0/><W13/><REACH who="3" step="1"/><G77/><REACH who="3" ten="168,504,172,136" step="2"/><T29/><D29/><U82/><E79/><V58/><F58/><W104/><G104/><T133/><D36/><U43/><E78/><V102/><F102/><W40/><AGARI ba="1,2" hai="10,11,13,17,22,40,44,47,49,50,53,85,88,92" machi="40" ten="20,8000,1" yaku="1,1,0,1,7,1,8,1,54,1,53,0" doraHai="130" doraHaiUra="120" who="3" fromWho="3" sc="168,-21,504,-41,172,-21,136,103" /><INIT seed="6,0,0,0,1,75" ten="147,463,151,239" oya="2" hai0="113,15,19,2,123,29,48,116,24,130,88,117,34" hai1="84,47,10,51,52,111,59,67,104,32,33,0,40" hai2="36,65,103,17,21,86,108,94,70,82,74,62,58" hai3="81,16,118,6,135,80,57,105,99,85,14,69,68"/><V132/><F36/><W134/><G6/><T100/><D123/><U66/><E111/><V93/><F132/><W131/><G81/><T77/><D2/><U114/><E114/><V120/><F120/><W60/><G118/><N who="0" m="45675" /><D113/><U64/><E104/><V38/><F38/><W42/><G42/><T112/><D112/><U78/><E0/><V96/><F108/><W102/><G131/><T71/><D71/><U4/><E32/><V49/><F74/><W122/><G122/><T115/><D115/><U3/><E33/><V45/><F70/><W101/><G101/><T23/><D100/><U13/><E3/><V1/><F1/><W97/><G97/><T87/><D130/><U89/><E78/><N who="2" m="46423" /><F96/><W72/><G72/><T44/><D77/><U7/><E7/><V92/><F103/><W73/><G73/><T27/><D29/><U63/><E64/><V90/><F90/><W18/><G69/><T129/><D34/><U46/><E46/><V133/><F133/><N who="3" m="50699" /><G68/><T98/><D98/><U50/><E50/><V25/><F93/><AGARI ba="0,0" hai="4,10,13,40,47,51,52,59,63,66,67,84,89,93" machi="93" ten="30,3900,0" yaku="7,1,8,1,54,1" doraHai="75" who="1" fromWho="2" sc="147,0,463,39,151,-39,239,0" /><INIT seed="7,0,0,0,3,108" ten="147,502,112,239" oya="3" hai0="8,42,101,105,69,125,100,83,9,85,126,102,57" hai1="47,23,52,65,132,106,121,71,111,103,17,63,94" hai2="55,24,10,60,39,46,34,104,76,27,1,117,81" hai3="87,33,13,20,64,127,29,37,48,99,30,54,91"/><W0/><G37/><T6/><D69/><U116/><E111/><V113/><F117/><W4/><G64/><T124/><D105/><U45/><E121/><V86/><F104/><W88/><G33/><T109/><D109/><U131/><E132/><V120/><F120/><W11/><G127/><T43/><D57/><U49/><E131/><V118/><F118/><W77/><G77/><N who="0" m="46319" /><D9/><U51/><E106/><V61/><F113/><W93/><G0/><AGARI ba="0,0" hai="0,6,8,42,43,100,101,102,124,125,126" m="46319" machi="0" ten="40,1300,0" yaku="18,1" doraHai="108" who="0" fromWho="3" sc="147,13,502,0,112,0,239,-13" owari="160,-24.0,502,60.0,112,-39.0,226,3.0" /></mjloggm>