<mjloggm ver="2.3"><GO type="41" lobby="0"/><UN n0="%E3%82%A6%E3%83%AB%E3%83%88%E3%83%A9%E7%AB%8B%E7%9B%B4" n1="%6D%61%73%61%6C%69%73%74" n2="%E3%82%BC%E3%83%A9%E3%82%B9" n3="%E5%B7%9D%E5%90%8D%E3%81%BF%E3%81%95%E3%81%8D" dan="15,13,14,14" rate="1994.05,1816.49,1957.46,1931.57" sx="M,M,M,F"/><TAIKYOKU oya="0"/><INIT seed="0,0,0,2,4,29" ten="250,250,250,250" oya="0" hai0="80,101,63,96,91,50,58,70,34,49,95,111,99" hai1="118,48,60,47,98,64,109,62,133,27,113,2,88" hai2="40,94,83,56,30,20,79,55,74,59,77,24,35" hai3="15,134,100,104,22,69,108,112,124,116,41,10,17"/><T126/><D126/><U19/><E118/><V76/><F40/><W71/><G100/><T32/><D111/><U31/><E113/><V90/><F20/><W43/><G104/><T16/><D70/><U37/><E2/><V114/><F114/><W61/><G112/><T53/><D50/><U39/><E109/><V87/><REACH who="2" step="1"/><F56/><REACH who="2" ten="250,250,240,250" step="2"/><W86/><G108/><T33/><D49/><AGARI ba="0,1" hai="24,30,35,49,55,59,74,76,77,79,83,87,90,94" machi="49" ten="30,7700,0" yaku="1,1,2,1,7,1,52,1,53,0" doraHai="29" doraHaiUra="13" who="2" fromWho="0" sc="250,-77,250,0,240,87,250,0" /><INIT seed="1,0,0,1,2,5" ten="173,250,327,250" oya="1" hai0="111,93,118,115,104,48,11,18,8,39,79,135,41" hai1="109,119,67,98,128,125,20,4,78,83,56,24,96" hai2="1,116,47,97,14,134,112,122,23,21,36,32,13" hai3="82,110,22,57,105,17,7,0,123,33,133,26,107"/><U65/><E119/><V51/><F116/><W15/><G110/><T89/><D104/><U101/><E109/><V88/><F122/><W35/><G123/><T2/><D39/><U71/><E128/><V52/><F112/><W86/><G133/><T64/><D2/><U73/><E125/><V72/><F134/><W95/><G0/><T37/><D37/><U9/><E98/><V12/><F72/><W16/><G7/><T114/><D118/><U46/><E56/><V90/><F32/><W61/><G95/><T54/><D135/><U103/><E71/><V29/><F1/><W30/><G35/><T75/><D111/><U100/><E96/><V38/><F38/><W50/><G17/><T40/><D79/><U66/><E46/><V126/><F126/><W63/><G50/><T124/><D75/><U113/><E113/><V42/><F97/><W19/><G19/><T53/><D64/><U60/><E60/><V68/><F68/><W129/><G129/><T106/><D106/><U91/><E91/><V92/><F92/><W132/><G63/><T76/><D76/><U6/><REACH who="1" step="1"/><E9/><REACH who="1" ten="173,240,327,250" step="2"/><N who="0" m="3657" /><D115/><U10/><E10/><V62/><F62/><W87/><G132/><T74/><D124/><U85/><E85/><V99/><F99/><W121/><G87/><N who="0" m="52415" /><D74/><U25/><E25/><V45/><F36/><W43/><G121/><T44/><D114/><U27/><E27/><V130/><F130/><W84/><G84/><T58/><D18/><AGARI ba="0,1" hai="4,6,18,20,24,65,66,67,73,78,83,100,101,103" machi="18" ten="40,2000,0" yaku="1,1,53,0" doraHai="5" doraHaiUra="81" who="1" fromWho="0" sc="173,-20,240,30,327,0,250,0" /><INIT seed="1,1,0,4,5,0" ten="153,270,327,250" oya="1" hai0="92,78,20,76,33,65,133,112,54,80,24,68,98" hai1="110,28,130,72,99,121,29,79,59,85,107,123,105" hai2="12,56,61,22,63,119,17,3,19,125,109,15,103" hai3="8,14,101,70,44,4,11,124,122,55,37,132,100"/><U31/><E130/><V40/><F119/><W74/><G122/><T50/><D33/><U53/><E110/><V86/><F109/><W114/><G74/><T62/><D133/><U95/><E107/><V34/><F34/><W30/><G132/><T23/><D112/><U9/><E105/><V49/><F3/><W94/><G114/><T67/><D67/><U42/><E42/><V52/><F125/><W1/><G124/><T127/><D127/><U128/><E72/><V64/><F103/><W120/><G70/><T113/><D113/><U45/><E45/><V35/><F35/><W82/><G30/><T21/><D80/><N who="1" m="47263" /><E128/><V36/><F36/><W117/><G82/><T104/><D104/><U108/><E108/><V97/><F97/><W88/><G117/><T66/><D66/><U71/><E71/><V16/><F86/><W126/><G120/><T96/><D24/><U7/><E123/><V60/><F40/><W58/><G44/><T129/><D129/><U48/><E121/><V83/><F83/><W131/><G37/><T75/><D75/><U39/><E39/><V43/><F43/><W69/><G69/><T41/><D41/><U2/><E2/><V91/><F91/><W135/><G131/><T18/><D18/><N who="2" m="7274" /><F12/><W134/><G126/><T6/><D78/><U102/><E9/><V25/><F25/><W46/><G135/><T51/><D76/><U106/><E106/><V73/><F73/><W116/><G134/><T26/><D68/><U93/><E93/><V10/><F10/><W38/><G116/><T57/><D92/><U90/><E102/><RYUUKYOKU ba="1,0" sc="153,-15,270,15,327,15,250,-15" hai1="7,28,29,31,48,53,59,90,95,99" hai2="15,19,22,49,52,56,60,61,63,64" /><INIT seed="1,2,0,5,2,43" ten="138,285,342,235" oya="1" hai0="133,130,100,10,134,123,47,45,120,98,107,51,102" hai1="54,18,52,70,126,39,90,83,25,7,108,79,93" hai2="19,2,67,113,96,28,5,114,1,22,81,86,92" hai3="33,72,36,106,49,76,8,128,15,11,68,115,82"/><U30/><E39/><V13/><F67/><W27/><G115/><N who="2" m="44041" /><F28/><W59/><G128/><T97/><D10/><U63/><E126/><V116/><F116/><W75/><G106/><T125/><D125/><U60/><E70/><V0/><F96/><W84/><G36/><T53/><D130/><U20/><E30/><V99/><F99/><W32/><G68/><T85/><D85/><N who="1" m="48383" /><E7/><V40/><F40/><W71/><G71/><T109/><D109/><U69/><E108/><V46/><F46/><N who="0" m="17418" /><D51/><U62/><E69/><V117/><F92/><W127/><G127/><T111/><D53/><U105/><E105/><V44/><F44/><W29/><G33/><T73/><D73/><U91/><E91/><N who="2" m="51663" /><F117/><W66/><G72/><T14/><D14/><U58/><E54/><V57/><F57/><W88/><G8/><AGARI ba="2,0" hai="0,1,2,5,8,13,19,22" m="51663,44041" machi="8" ten="30,1000,0" yaku="11,1" doraHai="43" who="2" fromWho="3" sc="138,0,285,0,342,16,235,-16" /><INIT seed="2,0,0,0,5,50" ten="138,285,358,219" oya="2" hai0="17,113,93,107,9,44,36,12,58,81,18,108,35" hai1="133,106,76,83,109,129,4,116,29,79,10,135,102" hai2="62,84,123,7,30,5,69,21,120,131,42,6,31" hai3="34,22,52,95,85,63,11,96,66,68,125,117,32"/><V26/><F131/><W114/><G125/><T92/><D107/><U73/><E116/><V27/><F84/><W82/><G117/><T115/><D35/><U13/><E129/><V14/><F42/><W75/><G75/><T103/><D108/><U94/><E79/><V47/><F47/><W60/><G11/><T1/><D1/><U3/><E13/><V23/><F62/><W74/><G74/><T119/><D119/><U87/><E29/><V8/><REACH who="2" step="1"/><F69/><REACH who="2" ten="138,285,348,219" step="2"/><W57/><G114/><T39/><D44/><U67/><E87/><V46/><F46/><W111/><G111/><T124/><D115/><U65/><E109/><V130/><F130/><W33/><G85/><T38/><D113/><U24/><E67/><V43/><F43/><W51/><G63/><T49/><D124/><U41/><E65/><V48/><F48/><W0/><G82/><T110/><D110/><U77/><E41/><V72/><F72/><W28/><G60/><T70/><D70/><U100/><E83/><V101/><F101/><W98/><G66/><T59/><D81/><U88/><E73/><V16/><AGARI ba="0,1" hai="5,6,7,8,14,16,21,23,26,27,30,31,120,123" machi="16" ten="30,18000,2" yaku="1,1,0,1,9,1,34,3,54,1,53,0" doraHai="50" doraHaiUra="40" who="2" fromWho="2" sc="138,-60,285,-60,348,190,219,-60" /><INIT seed="2,1,0,4,1,27" ten="78,225,538,159" oya="2" hai0="60,130,26,94,99,41,77,21,18,7,83,50,67" hai1="54,31,36,134,49,74,85,63,101,72,124,114,45" hai2="44,6,95,78,35,9,57,131,87,66,88,125,1" hai3="107,38,16,40,53,71,61,39,28,17,102,98,106"/><V126/><F131/><W120/><G120/><T119/><D130/><U22/><E114/><V128/><F128/><W29/><G107/><T84/><D119/><U51/><E101/><V68/><F35/><W118/><G118/><T34/><D34/><U12/><E36/><V64/><F68/><W76/><G76/><T97/><D7/><U116/><E116/><V47/><F78/><W91/><G91/><T4/><D4/><U127/><E85/><V111/><F111/><W65/><G53/><T82/><D82/><U23/><E63/><N who="2" m="37999" /><F66/><W42/><G39/><T32/><D32/><U8/><E134/><V30/><F30/><W70/><G70/><T59/><REACH who="0" step="1"/><D94/><REACH who="0" ten="68,225,538,159" step="2"/><U11/><E22/><V113/><F113/><W96/><G38/><T80/><D80/><U62/><E23/><V132/><F132/><W52/><G106/><T100/><D100/><U5/><E11/><V112/><F112/><W109/><G102/><T79/><D79/><U24/><E5/><V129/><F129/><W135/><G135/><T133/><D133/><U46/><E8/><V115/><F115/><W123/><G123/><T48/><D48/><U86/><E51/><V2/><F2/><W108/><G108/><T10/><D10/><U13/><E49/><V75/><F75/><W69/><G109/><T25/><D25/><U122/><E24/><V89/><F89/><W103/><G103/><T3/><D3/><U93/><E74/><V56/><F1/><W105/><G105/><T43/><D43/><U15/><E72/><V110/><F110/><W20/><G20/><T19/><D19/><RYUUKYOKU ba="1,1" sc="68,30,225,-10,538,-10,159,-10" hai0="18,21,26,41,50,59,60,67,77,83,84,97,99" /><INIT seed="3,2,1,3,4,62" ten="98,215,528,149" oya="3" hai0="94,122,48,1,16,132,133,129,93,14,7,106,41" hai1="9,44,103,73,19,104,34,50,59,71,8,24,90" hai2="25,85,110,91,58,31,11,20,95,42,49,10,67" hai3="63,27,38,101,56,37,60,89,18,36,23,68,6"/><W107/><G6/><T102/><D122/><U51/><E73/><V2/><F110/><W64/><G101/><T43/><D129/><U28/><E51/><V4/><F11/><W76/><G76/><T33/><D33/><U126/><E59/><V135/><F135/><N who="0" m="51786" /><D106/><U69/><E126/><V32/><F32/><W47/><G107/><T98/><D93/><U79/><E79/><V88/><F42/><W15/><G89/><T112/><D112/><U113/><E113/><V114/><F114/><W66/><REACH who="3" step="1"/><G47/><REACH who="3" ten="98,215,528,139" step="2"/><T87/><D7/><U84/><E103/><V22/><F91/><W75/><G75/><T124/><D1/><U77/><E104/><V53/><F88/><W3/><G3/><T74/><D74/><U52/><E77/><V21/><F2/><W40/><G40/><T105/><D124/><U55/><E8/><V96/><F96/><W131/><G131/><T82/><D105/><U26/><E55/><V78/><F78/><W109/><G109/><T17/><D43/><U123/><E123/><V108/><F85/><W13/><AGARI ba="2,2" hai="13,15,18,23,27,36,37,38,56,60,63,64,66,68" machi="13" ten="40,12000,1" yaku="1,1,0,1,52,2,53,0" doraHai="62" doraHaiUra="128" who="3" fromWho="3" sc="98,-42,215,-42,528,-42,139,146" /><INIT seed="3,3,0,0,3,69" ten="56,173,486,285" oya="3" hai0="16,7,121,33,105,85,53,48,1,46,88,96,45" hai1="126,4,70,11,20,98,43,3,12,30,78,118,35" hai2="97,40,104,38,74,124,17,75,91,55,93,0,22" hai3="14,76,117,127,119,63,102,37,2,24,59,29,56"/><W5/><G102/><T52/><D33/><U123/><E123/><V131/><F124/><W44/><G127/><T100/><D121/><U15/><E126/><V92/><F0/><W28/><G76/><T114/><D114/><U21/><E70/><V6/><F6/><W82/><G82/><T66/><D66/><U122/><E43/><V80/><F131/><W34/><G28/><T71/><D71/><U10/><E78/><V57/><F104/><W54/><G14/><T50/><D7/><N who="1" m="1407" /><E98/><V23/><F23/><N who="1" m="8777" /><E122/><V112/><F112/><W109/><G109/><T9/><D1/><N who="1" m="399" /><E118/><V128/><F128/><W81/><G5/><T130/><D130/><U116/><E116/><V120/><F120/><W41/><G2/><T60/><D60/><U36/><E36/><V87/><F40/><W68/><G68/><T90/><D85/><U26/><AGARI ba="3,0" hai="12,15,26,30,35" m="399,8777,1407" machi="26" ten="30,8000,1" yaku="35,5" doraHai="69" who="1" fromWho="1" sc="56,-23,173,89,486,-23,285,-43" /><INIT seed="4,0,0,5,5,14" ten="33,262,463,242" oya="0" hai0="54,1,62,85,42,21,124,81,63,116,102,66,114" hai1="97,127,25,96,15,34,122,131,126,135,10,24,70" hai2="90,113,115,45,98,74,3,72,16,13,32,106,132" hai3="43,89,4,17,71,101,30,88,107,0,31,44,133"/><T2/><D116/><U83/><E70/><V8/><F132/><W23/><G71/><T84/><D114/><N who="2" m="43530" /><F32/><W121/><G133/><T50/><D124/><N who="1" m="47659" /><E135/><V59/><F3/><W41/><G121/><T61/><D66/><U58/><E122/><V123/><F123/><W60/><G60/><T110/><D110/><U68/><E68/><V53/><F45/><W82/><G43/><T118/><D118/><U55/><E34/><V112/><F112/><W79/><G4/><T49/><D102/><U95/><E131/><V12/><F12/><W125/><G0/><T39/><D39/><U6/><E97/><V69/><F69/><W128/><G128/><T76/><D42/><U47/><E83/><V22/><F22/><W18/><G23/><T38/><D38/><U67/><E47/><V130/><F130/><W77/><G101/><T87/><D2/><U36/><E67/><V99/><F106/><W9/><G107/><T40/><D1/><U64/><E64/><V35/><F35/><W120/><G120/><T11/><D11/><U51/><E36/><V26/><F26/><W91/><G9/><T20/><D40/><U117/><E117/><V46/><F46/><W104/><G104/><T93/><D93/><U100/><AGARI ba="0,0" hai="6,10,15,24,25,51,55,58,95,96,100" m="47659" machi="100" ten="30,1100,0" yaku="18,1" doraHai="14" who="1" fromWho="1" sc="33,-5,262,11,463,-3,242,-3" /><INIT seed="5,0,0,0,2,120" ten="28,273,460,239" oya="1" hai0="42,124,7,32,103,14,21,118,89,44,73,116,122" hai1="126,27,46,74,97,125,53,39,6,58,49,132,80" hai2="10,55,110,25,112,45,95,69,98,17,96,40,5" hai3="83,135,76,19,72,8,61,85,50,130,131,121,22"/><U47/><E97/><V2/><F110/><W133/><G121/><T86/><D44/><U79/><E27/><V62/><F112/><W90/><G61/><T105/><D42/><U51/><E132/><N who="3" m="50762" /><G8/><T37/><D14/><U59/><E6/><V30/><F17/><W3/><G3/><T43/><D21/><U94/><E94/><V91/><F69/><W88/><G50/><T31/><D43/><N who="1" m="22911" /><E79/><V52/><F62/><W106/><G106/><T34/><D37/><U38/><E80/><V134/><F134/><W111/><G111/><T11/><D31/><U128/><E74/><V115/><F115/><W29/><G29/><T78/><D32/><U33/><E33/><V113/><F113/><W65/><G65/><T0/><D11/><U77/><E77/><V20/><F98/><W56/><G56/><N who="1" m="21546" /><E38/><AGARI ba="0,0" hai="2,5,10,20,25,30,38,40,45,52,55,91,95,96" machi="38" ten="30,2000,0" yaku="7,1,54,1" doraHai="120" who="2" fromWho="1" sc="28,0,273,-20,460,20,239,0" /><INIT seed="6,0,0,2,1,22" ten="28,253,480,239" oya="2" hai0="70,114,26,73,88,119,75,92,35,52,108,8,94" hai1="12,102,69,28,98,13,72,55,84,32,115,74,39" hai2="67,78,97,104,93,64,133,90,31,117,125,53,113" hai3="99,46,47,65,18,135,48,95,40,5,25,17,111"/><V41/><F117/><W96/><G111/><T68/><D108/><U86/><E39/><V126/><F133/><W34/><G135/><T112/><D8/><U60/><E55/><V23/><F113/><W124/><G65/><T42/><D42/><U121/><E13/><V9/><F104/><W122/><G122/><T127/><D127/><U6/><E86/><V59/><F41/><W101/><G5/><T128/><D128/><U63/><E84/><V51/><F78/><W91/><G124/><N who="2" m="47721" /><F9/><W129/><G129/><T49/><D49/><U100/><E63/><V110/><F110/><W4/><G4/><T79/><D35/><U87/><E87/><V27/><AGARI ba="0,0" hai="23,27,31,51,53,59,64,67,90,93,97" m="47721" machi="27" ten="30,3000,0" yaku="18,1,52,1" doraHai="22" who="2" fromWho="2" sc="28,-10,253,-10,480,30,239,-10" /><INIT seed="6,1,0,4,3,6" ten="18,243,510,229" oya="2" hai0="51,124,80,98,110,111,39,126,5,73,108,92,24" hai1="63,21,56,119,18,53,102,32,85,7,57,123,62" hai2="107,16,68,43,132,103,54,34,116,127,131,25,113" hai3="87,99,97,70,121,1,61,59,47,52,115,22,83"/><V67/><F116/><W75/><G121/><T17/><D39/><U114/><E119/><V8/><F113/><W79/><G115/><T71/><D71/><U45/><E114/><V117/><F117/><W33/><G33/><T55/><D17/><U44/><E32/><V23/><F127/><W14/><G1/><T58/><D24/><U134/><E102/><V4/><F132/><W31/><G70/><T95/><D51/><U10/><E123/><V11/><F131/><W78/><G75/><T82/><D58/><U13/><E134/><V29/><F107/><W106/><G79/><T12/><D55/><U120/><E120/><V101/><F43/><W30/><G47/><T104/><D12/><U94/><E94/><N who="0" m="35881" /><D5/><U84/><E45/><V81/><F54/><W89/><G106/><T60/><D60/><U36/><E44/><V28/><F67/><W41/><G41/><T37/><D37/><U90/><E36/><V3/><F68/><W26/><G31/><T66/><D66/><N who="1" m="39239" /><E90/><V35/><F81/><N who="0" m="31338" /><D104/><U46/><E46/><V77/><F34/><W122/><G122/><T64/><D64/><U118/><E118/><V2/><F35/><W86/><G14/><AGARI ba="1,0" hai="7,10,13,14,18,21,53,57,63,84,85" m="39239" machi="14" ten="30,2000,0" yaku="8,1,52,1" doraHai="6" who="1" fromWho="3" sc="18,0,243,23,510,0,229,-23" /><INIT seed="7,0,0,4,1,129" ten="18,266,510,206" oya="3" hai0="94,52,61,54,114,39,33,88,77,5,132,103,104" hai1="20,85,29,65,108,35,7,70,14,13,119,12,71" hai2="56,82,2,53,38,26,118,112,98,28,30,125,22" hai3="16,46,128,115,91,51,106,43,1,105,31,86,97"/><W68/><G68/><T109/><D39/><U49/><E119/><V57/><F118/><W135/><G115/><T32/><D109/><U45/><E108/><V73/><F38/><W92/><G128/><T10/><D103/><U87/><E65/><V83/><F125/><W63/><G1/><T69/><D104/><U81/><E35/><V50/><F112/><W42/><G31/><T74/><D114/><U107/><E107/><V120/><F120/><W101/><G106/><T19/><D19/><U37/><E37/><V41/><F73/><W93/><G105/><T133/><D77/><U47/><E7/><V64/><F2/><W21/><G63/><T102/><D102/><U76/><E29/><V58/><F98/><W34/><G34/><T84/><D74/><U66/><E66/><V96/><F64/><W59/><G59/><T48/><D69/><U24/><E71/><V23/><F41/><W60/><G60/><T131/><D131/><U3/><E70/><V40/><F40/><W18/><G43/><T4/><D61/><U79/><E3/><V27/><F96/><W126/><G126/><T15/><D4/><U67/><E67/><V123/><F123/><W117/><G117/><T113/><D113/><U17/><E49/><V75/><F75/><W62/><G62/><T89/><D89/><U122/><E122/><V72/><F72/><W111/><G111/><T134/><REACH who="0" step="1"/><D54/><REACH who="0" ten="8,266,510,206" step="2"/><U36/><E36/><V110/><F110/><W11/><G11/><T44/><AGARI ba="0,1" hai="5,10,15,32,33,44,48,52,84,88,94,132,133,134" machi="44" ten="30,16000,3" yaku="1,1,2,1,0,1,20,1,52,3,54,2,53,0" doraHai="129" doraHaiUra="127" who="0" fromWho="0" sc="8,170,266,-40,510,-40,206,-80" owari="178,-22.0,226,3.0,470,56.0,126,-37.0" /></mjloggm>