<mjloggm ver="2.3"><GO type="97" lobby="0"/><UN n0="%52%75%79" n1="%28%2A%27%41%60%2A%29" n2="%E3%82%A6%E3%83%AB%E3%83%88%E3%83%A9%E7%AB%8B%E7%9B%B4" n3="%E3%82%A2%E3%83%98%E9%A1%94%EF%BC%B7%EF%BC%B0" dan="14,13,15,14" rate="1905.19,1954.90,2077.35,1968.45" sx="M,M,M,M"/><TAIKYOKU oya="0"/><INIT seed="0,0,0,2,5,86" ten="250,250,250,250" oya="0" hai0="77,100,20,9,74,134,122,29,103,8,108,44,112" hai1="0,36,99,113,54,101,135,62,128,22,75,4,78" hai2="123,133,95,42,119,52,120,94,53,97,106,34,71" hai3="40,60,130,2,102,76,35,27,110,88,131,65,98"/><T126/><D122/><U89/><E36/><V32/><F71/><N who="3" m="42407" /><G2/><T125/><D112/><U6/><E113/><V96/><F42/><W118/><G118/><T107/><D134/><U45/><E135/><V84/><F84/><W56/><G110/><T68/><D68/><U81/><E0/><V87/><F87/><W15/><G76/><T18/><D107/><U91/><E6/><V5/><F133/><W92/><G40/><T127/><D108/><U26/><E4/><V73/><F5/><W50/><G50/><T48/><D29/><U124/><E124/><V69/><F69/><W111/><G111/><T109/><D109/><U41/><E41/><V12/><F12/><W3/><G3/><T46/><D77/><U28/><E128/><N who="3" m="49194" /><G56/><T49/><D74/><U79/><E79/><V10/><F10/><N who="0" m="4202" /><D100/><U14/><E14/><V90/><F106/><N who="3" m="63831" /><G15/><N who="0" m="9311" /><D103/><U64/><E54/><V24/><F73/><W121/><G27/><T132/><D132/><U51/><E51/><AGARI ba="0,0" hai="44,46,48,49,51,125,126,127" m="9311,4202" machi="51" ten="40,2000,0" yaku="18,1" doraHai="86" who="0" fromWho="1" sc="250,20,250,-20,250,0,250,0" /><INIT seed="0,1,0,2,5,26" ten="270,230,250,250" oya="0" hai0="75,92,45,52,117,122,105,118,7,124,28,32,4" hai1="133,81,99,98,70,19,64,14,72,46,86,54,63" hai2="128,47,10,8,77,114,103,96,24,55,126,51,34" hai3="2,59,29,33,36,109,113,38,83,100,61,67,30"/><T44/><D105/><U16/><E72/><V129/><F114/><W110/><G2/><T120/><D75/><U97/><E133/><V112/><F112/><W116/><G33/><T108/><D92/><U102/><E102/><V15/><F77/><W94/><G113/><T22/><D52/><U121/><E121/><N who="0" m="46697" /><D45/><U41/><E54/><V85/><F85/><W88/><G116/><N who="0" m="44651" /><D44/><U119/><E119/><V79/><F79/><W43/><G43/><T1/><D124/><U57/><E70/><V131/><F126/><W21/><G21/><T123/><D123/><U68/><E68/><V3/><F96/><N who="3" m="57415" /><G100/><T82/><D82/><U18/><E86/><V134/><F103/><W9/><G9/><N who="0" m="2191" /><D108/><N who="3" m="41577" /><G83/><T127/><D127/><U49/><E81/><V56/><F47/><W115/><G115/><T17/><D7/><U111/><E111/><V12/><F56/><W65/><G65/><T130/><D130/><U132/><E132/><V89/><F134/><W104/><G104/><T76/><D76/><U107/><E107/><V69/><F89/><W50/><G50/><T87/><D87/><U66/><E66/><V74/><F51/><W20/><G20/><AGARI ba="1,0" hai="14,16,18,19,20,41,46,49,57,63,64,97,98,99" machi="20" ten="40,2600,0" yaku="8,1,54,1" doraHai="26" who="1" fromWho="3" sc="270,0,230,29,250,0,250,-29" /><INIT seed="1,0,0,1,0,83" ten="270,259,250,221" oya="1" hai0="69,17,115,109,89,96,45,41,123,9,57,92,42" hai1="122,10,102,58,51,132,74,95,124,20,27,86,49" hai2="40,135,44,85,34,22,72,7,68,107,55,11,31" hai3="65,30,28,110,114,111,23,70,8,14,35,120,36"/><U25/><E74/><V128/><F107/><W127/><G36/><T121/><D69/><U66/><E122/><N who="0" m="46601" /><D115/><U113/><E113/><V129/><F68/><W98/><G120/><T93/><D109/><N who="3" m="41481" /><G114/><T5/><D17/><U133/><E10/><V38/><F34/><W100/><G127/><T112/><D112/><U61/><E124/><V106/><F106/><N who="3" m="63767" /><G35/><T62/><D45/><U97/><E86/><V50/><F72/><W71/><G65/><N who="0" m="39119" /><D92/><U39/><E39/><V118/><F118/><W0/><G0/><AGARI ba="0,0" hai="0,5,9,41,42,89,93,96" m="39119,46601" machi="0" ten="30,1000,0" yaku="13,1" doraHai="83" who="0" fromWho="3" sc="270,10,259,0,250,0,221,-10" /><INIT seed="2,0,0,4,2,27" ten="280,259,250,211" oya="2" hai0="32,51,25,71,61,65,98,38,58,10,44,83,24" hai1="118,39,26,36,66,90,9,5,72,7,94,14,19" hai2="59,57,88,42,89,12,122,121,84,0,99,103,45" hai3="33,76,100,129,47,126,109,127,112,2,102,74,68"/><V80/><F0/><W113/><G68/><T1/><D1/><U105/><E105/><V96/><F121/><W70/><G70/><T18/><D83/><U30/><E66/><V62/><F122/><W34/><G2/><T75/><D75/><U16/><E72/><V41/><F59/><W64/><G64/><T104/><D104/><U29/><E29/><V79/><F12/><W40/><G129/><T87/><D87/><U23/><E118/><V124/><F124/><N who="3" m="47659" /><G109/><T35/><D98/><U95/><E95/><V119/><F119/><W69/><G69/><T21/><D10/><U91/><E91/><V120/><F120/><W3/><G3/><T28/><D35/><N who="3" m="13321" /><G76/><T55/><REACH who="0" step="1"/><D38/><REACH who="0" ten="270,259,250,211" step="2"/><U106/><E106/><V85/><F99/><W93/><G74/><T17/><D17/><U37/><REACH who="1" step="1"/><E19/><REACH who="1" ten="270,249,250,211" step="2"/><V132/><F85/><AGARI ba="0,2" hai="5,7,9,14,16,23,26,30,36,37,39,85,90,94" machi="85" ten="40,8000,1" yaku="1,1,2,1,52,1,54,1,53,1" doraHai="27" doraHaiUra="11" who="1" fromWho="2" sc="270,0,249,100,250,-80,211,0" /><INIT seed="3,0,0,2,4,103" ten="270,349,170,211" oya="3" hai0="124,57,97,18,68,49,61,34,88,75,121,12,104" hai1="72,20,79,32,102,55,129,41,134,91,67,19,81" hai2="99,93,112,0,26,28,3,85,73,92,42,94,43" hai3="123,63,84,58,9,44,122,83,100,35,107,29,117"/><W21/><G117/><T66/><D121/><U127/><E32/><V50/><F73/><W131/><G131/><T8/><D34/><U118/><E129/><V109/><F112/><W80/><G80/><T120/><D120/><U113/><E118/><V133/><F109/><W6/><G35/><T51/><D75/><U39/><E113/><V128/><F133/><W64/><G44/><T74/><D74/><U111/><E134/><V5/><F128/><W65/><G65/><T46/><D124/><U27/><E111/><V53/><F3/><W38/><G38/><T17/><D51/><U115/><E127/><V90/><F0/><W70/><G70/><T31/><D31/><U40/><E115/><V96/><F5/><W105/><G100/><T24/><D24/><U135/><E39/><V77/><F77/><W87/><G87/><T1/><D1/><U71/><E135/><V30/><F85/><W110/><G110/><T108/><D108/><U106/><E106/><V60/><F60/><W54/><G64/><T56/><D18/><U23/><E71/><V69/><F69/><W25/><G123/><T125/><D125/><U126/><E126/><V45/><F94/><W2/><G122/><T15/><D15/><U10/><E72/><V59/><F26/><W101/><G101/><T114/><D114/><U76/><E102/><V95/><F95/><W36/><G36/><T132/><D132/><U116/><E116/><V130/><F130/><W78/><AGARI ba="0,0" hai="2,6,9,21,25,29,54,58,63,78,83,84,105,107" machi="78" ten="20,7800,0" yaku="0,1,7,1,52,2" doraHai="103" who="3" fromWho="3" sc="270,-26,349,-26,170,-26,211,78" /><INIT seed="3,1,0,3,3,81" ten="244,323,144,289" oya="3" hai0="35,47,48,43,13,79,65,60,31,74,122,29,117" hai1="6,44,99,41,57,52,45,27,108,82,26,83,10" hai2="40,34,61,63,69,36,85,132,2,25,12,70,84" hai3="49,62,80,127,87,33,105,22,75,111,103,30,51"/><W58/><G75/><T118/><D122/><U110/><E99/><V39/><F12/><W8/><G33/><T106/><D106/><U3/><E83/><V71/><F34/><W67/><G111/><N who="1" m="42538" /><E82/><V102/><F25/><N who="3" m="16695" /><G127/><T1/><D1/><U124/><E124/><V100/><F2/><W7/><G105/><T5/><D74/><U9/><E9/><V95/><F95/><W120/><G103/><N who="2" m="39465" /><F40/><W92/><G92/><T112/><D112/><U123/><E123/><V55/><F55/><W89/><G120/><T72/><D72/><U14/><E3/><V129/><F129/><W19/><G7/><T50/><D35/><U15/><E15/><AGARI ba="1,0" hai="8,15,19,49,51,58,62,67,80,87,89" m="16695" machi="15" ten="30,2900,0" yaku="8,1,52,1" doraHai="81" who="3" fromWho="1" sc="244,0,323,-32,144,0,289,32" owari="244,-16.0,291,9.0,144,-36.0,321,43.0" /></mjloggm>