<mjloggm ver="2.3"><GO type="97" lobby="0"/><UN n0="%55%4E%4B%4F%63%68%61%6E" n1="%6B%6F%73%68%69" n2="%E3%82%A6%E3%83%AB%E3%83%88%E3%83%A9%E7%AB%8B%E7%9B%B4" n3="%E9%9B%80%E9%AC%BC%E4%B8%B8" dan="15,14,14,13" rate="2037.82,1962.12,1938.73,1913.91" sx="M,M,M,F"/><TAIKYOKU oya="0"/><INIT seed="0,0,0,0,0,63" ten="250,250,250,250" oya="0" hai0="73,7,85,34,18,58,99,124,88,80,126,130,45" hai1="106,96,69,35,120,38,105,129,14,16,23,31,125" hai2="92,1,11,64,43,54,82,55,89,28,77,67,57" hai3="134,83,42,74,44,118,86,20,109,29,128,78,121"/><T68/><D68/><U61/><E120/><V113/><F113/><W2/><G118/><T95/><D34/><U70/><E38/><V15/><F28/><W56/><G2/><T48/><D7/><U10/><E125/><N who="0" m="48233" /><D58/><U36/><E36/><V107/><F107/><W123/><G121/><T27/><D73/><U115/><E129/><V39/><F43/><W101/><G128/><T37/><D37/><U112/><E35/><V8/><F1/><W62/><G56/><T52/><D130/><U87/><E87/><N who="2" m="48591" /><F39/><W9/><G74/><T110/><D110/><U103/><E106/><V94/><F11/><W40/><G109/><T79/><D27/><N who="1" m="16895" /><E61/><N who="2" m="36023" /><F55/><W33/><G62/><T66/><D18/><U12/><E14/><V32/><F32/><W13/><G33/><T127/><D127/><U22/><E10/><V116/><F116/><W100/><G9/><T98/><D98/><U72/><E72/><V6/><F94/><W71/><G71/><T90/><D66/><U41/><E41/><V131/><F131/><W46/><G40/><T102/><AGARI ba="0,0" hai="45,48,52,79,80,85,88,90,95,99,102" m="48233" machi="102" ten="30,6000,0" yaku="18,1,54,2" doraHai="63" who="0" fromWho="0" sc="250,60,250,-20,250,-20,250,-20" /><INIT seed="0,1,0,2,4,91" ten="310,230,230,230" oya="0" hai0="44,121,11,22,1,59,12,28,115,79,108,42,103" hai1="64,46,4,102,98,109,9,82,65,24,45,41,125" hai2="18,81,120,49,35,83,38,105,20,74,78,50,134" hai3="6,16,84,37,119,96,124,69,76,112,56,135,48"/><T111/><D121/><U85/><E109/><N who="0" m="42057" /><D115/><U14/><E125/><V58/><F35/><W117/><G69/><T29/><D79/><U128/><E128/><V118/><F38/><W110/><G37/><N who="0" m="21583" /><D103/><U33/><E24/><V63/><F105/><W23/><G110/><T93/><D1/><U71/><E33/><V131/><F118/><W99/><G112/><T95/><D59/><U17/><E17/><V30/><F131/><W57/><G57/><T27/><D28/><U55/><E55/><V19/><F134/><W52/><G135/><T39/><D39/><U36/><E46/><V62/><F120/><W8/><G124/><T89/><D89/><U7/><E7/><AGARI ba="1,0" hai="7,11,12,22,27,29,93,95" m="21583,42057" machi="7" ten="30,11600,0" yaku="14,1,10,1,52,2" doraHai="91" who="0" fromWho="1" sc="310,119,230,-119,230,0,230,0" /><INIT seed="0,2,0,1,5,44" ten="429,111,230,230" oya="0" hai0="95,89,54,9,69,123,27,29,66,71,8,61,21" hai1="122,64,25,40,134,91,101,57,118,4,82,109,110" hai2="88,135,12,113,37,39,14,51,33,65,103,111,31" hai3="63,84,43,35,99,18,132,86,42,79,125,70,119"/><T80/><D123/><U53/><E122/><V67/><F113/><W104/><G119/><T48/><D71/><U73/><E118/><V19/><F39/><W85/><G79/><T92/><D80/><U100/><E40/><V26/><F37/><W102/><G132/><T3/><D3/><U17/><E134/><V7/><F135/><W0/><G0/><T126/><D126/><U62/><E4/><V24/><F103/><W30/><G18/><T28/><D28/><U76/><E91/><V45/><F111/><N who="1" m="42505" /><E64/><V128/><F128/><W130/><G125/><T131/><D131/><U127/><E127/><V116/><F116/><W49/><G130/><T10/><REACH who="0" step="1"/><D89/><REACH who="0" ten="419,111,230,230" step="2"/><U41/><E82/><V78/><F88/><W59/><G70/><T6/><D6/><U74/><E76/><V77/><F77/><W36/><G30/><T2/><D2/><U117/><E117/><V16/><F78/><W68/><G68/><T56/><AGARI ba="2,1" hai="8,9,10,21,27,29,48,54,56,61,66,69,92,95" machi="56" ten="30,18000,2" yaku="1,1,0,1,52,1,53,3" doraHai="44" doraHaiUra="5" who="0" fromWho="0" sc="419,196,111,-62,230,-62,230,-62" /><INIT seed="0,3,0,5,4,15" ten="615,49,168,168" oya="0" hai0="109,38,128,134,133,65,14,92,27,63,86,118,97" hai1="18,101,7,29,46,19,72,1,52,30,70,89,26" hai2="121,96,74,108,25,69,50,0,55,41,43,32,105" hai3="67,40,107,131,23,119,113,93,104,28,123,116,20"/><T75/><D75/><U91/><E70/><V8/><F74/><W49/><G113/><T2/><D2/><U90/><E72/><V88/><F69/><W37/><G37/><T3/><D3/><U87/><E1/><V85/><F108/><W42/><G67/><T102/><D118/><U132/><E132/><N who="0" m="50793" /><D38/><U98/><E7/><V81/><F121/><W56/><G56/><N who="0" m="37095" /><D109/><U83/><E101/><V59/><F105/><W9/><G93/><T36/><D36/><U53/><E98/><V51/><F96/><W100/><G100/><T39/><D39/><U73/><E73/><V57/><F0/><W80/><G80/><T120/><D120/><U31/><E26/><V130/><F25/><W129/><G49/><T16/><D128/><U103/><E103/><V35/><F130/><W60/><G60/><T5/><D27/><U79/><E46/><V112/><F112/><W45/><G45/><T122/><D122/><U64/><E64/><V135/><F51/><W78/><G78/><T61/><D61/><U6/><E6/><V10/><F50/><W4/><G123/><T126/><D5/><U62/><E62/><V127/><F135/><W68/><G4/><T24/><D24/><U124/><E124/><V82/><F82/><W77/><G77/><T84/><D126/><U71/><E71/><V110/><F81/><W21/><G68/><T66/><D66/><U117/><E117/><V94/><F127/><W115/><G119/><T111/><D111/><U106/><E106/><V17/><F110/><W125/><G125/><T47/><D47/><U54/><AGARI ba="3,0" hai="18,19,29,30,31,52,53,54,79,83,87,89,90,91" machi="54" ten="40,16000,3" yaku="5,1,0,1,29,2,8,1,52,2,54,1" doraHai="15" who="1" fromWho="1" sc="615,-83,49,169,168,-43,168,-43" /><INIT seed="1,0,0,3,0,16" ten="532,218,125,125" oya="1" hai0="54,7,98,56,79,88,93,32,108,81,18,23,77" hai1="51,110,47,111,89,92,36,38,28,133,117,99,9" hai2="130,115,0,40,126,105,1,73,66,22,53,48,58" hai3="61,135,116,127,10,19,100,64,70,14,84,95,102"/><U67/><E117/><V30/><F73/><W31/><G116/><T45/><D32/><U26/><E67/><V20/><F105/><W6/><G135/><T4/><D108/><N who="1" m="41515" /><E133/><V80/><F115/><W3/><G127/><T83/><D45/><U35/><E9/><V59/><F126/><W68/><G68/><T91/><D91/><U8/><E8/><V29/><F130/><W44/><G31/><N who="2" m="11785" /><F1/><W15/><G3/><T39/><D39/><U113/><E113/><V123/><F0/><W42/><G84/><N who="0" m="48191" /><D77/><U60/><E60/><N who="2" m="38167" /><F123/><W21/><REACH who="3" step="1"/><G95/><REACH who="3" ten="532,218,125,115" step="2"/><T13/><D83/><U114/><E114/><V17/><F80/><W63/><G63/><AGARI ba="0,1" hai="4,7,13,18,23,54,56,63,88,93,98" m="48191" machi="63" ten="30,3900,0" yaku="8,1,52,1,54,1" doraHai="16" who="0" fromWho="3" sc="532,49,218,0,125,0,115,-39" /><INIT seed="2,0,0,3,4,65" ten="581,218,125,76" oya="2" hai0="45,4,131,15,111,130,128,95,53,14,16,125,107" hai1="11,2,73,105,97,55,44,28,78,29,0,72,76" hai2="115,81,120,20,60,134,77,47,116,82,62,1,74" hai3="70,40,80,102,34,10,59,38,3,117,64,93,18"/><V132/><F1/><W58/><G117/><T133/><D107/><U68/><E11/><V30/><F116/><W100/><G34/><T71/><D125/><U69/><E55/><V87/><F120/><W36/><G80/><T83/><D133/><N who="2" m="51306" /><F47/><W98/><G102/><T67/><D111/><U126/><E44/><V46/><F46/><W48/><G58/><T22/><D83/><U24/><E24/><N who="2" m="16647" /><F115/><W41/><G40/><T89/><D4/><U57/><E57/><V33/><F33/><W123/><G123/><T75/><D15/><U135/><E135/><V21/><F21/><W92/><G41/><T129/><D75/><N who="1" m="28747" /><E126/><V51/><F51/><W49/><G48/><N who="0" m="28815" /><D128/><U12/><E12/><V50/><F50/><W42/><G42/><T108/><D108/><U13/><E13/><V17/><F17/><W122/><G18/><T19/><D19/><U8/><E8/><V26/><F26/><W54/><G122/><T119/><D119/><U88/><E2/><V104/><F104/><W114/><G114/><T112/><D112/><U124/><E124/><V127/><F127/><W94/><G10/><T32/><D32/><U109/><E0/><V121/><F121/><W96/><G3/><T113/><D113/><U101/><E109/><V79/><AGARI ba="0,0" hai="60,62,74,77,79,81,82,87" m="16647,51306" machi="79" ten="30,1500,0" yaku="20,1" doraHai="65" who="2" fromWho="2" sc="581,-5,218,-5,125,15,76,-5" /><INIT seed="2,1,0,4,1,66" ten="576,213,140,71" oya="2" hai0="44,103,26,100,105,97,64,11,36,33,70,16,81" hai1="88,25,85,98,119,95,60,104,82,121,83,113,55" hai2="99,22,117,135,127,17,27,110,109,52,40,5,94" hai3="90,10,128,59,14,92,65,57,34,96,76,118,102"/><V7/><F117/><W43/><G34/><T79/><D100/><U86/><E119/><V46/><F127/><W42/><G118/><T62/><D11/><U9/><E9/><V73/><F73/><W48/><G76/><T74/><D16/><U72/><E121/><V39/><F135/><W68/><G128/><T120/><D120/><U114/><E25/><V38/><F38/><W4/><G59/><T50/><D36/><U41/><E41/><V6/><REACH who="2" step="1"/><F52/><REACH who="2" ten="576,213,130,71" step="2"/><W131/><G131/><T28/><D50/><U91/><E55/><V31/><F31/><W37/><G37/><T47/><AGARI ba="1,1" hai="26,28,33,44,47,62,64,70,74,79,81,97,103,105" machi="47" ten="30,7900,0" yaku="0,1,25,2,52,1" doraHai="66" who="0" fromWho="0" sc="576,92,213,-21,130,-40,71,-21" /><INIT seed="3,0,0,5,1,11" ten="668,192,90,50" oya="3" hai0="77,46,17,22,39,62,14,18,1,124,112,28,111" hai1="80,44,103,115,23,10,64,94,85,100,31,109,114" hai2="113,5,82,63,119,125,68,30,118,71,87,15,61" hai3="50,34,102,129,36,104,127,49,65,122,107,132,131"/><W76/><G36/><T54/><D111/><U93/><E109/><V79/><F30/><W135/><G34/><T42/><D112/><U58/><E10/><V75/><F75/><W91/><G65/><T53/><D124/><U41/><E103/><V117/><F113/><W69/><G69/><T38/><D1/><U105/><E105/><N who="3" m="40522" /><G102/><T116/><D116/><U101/><E101/><V59/><F125/><W37/><G37/><N who="0" m="13835" /><D77/><U0/><E0/><V33/><F33/><W32/><G32/><T66/><D42/><U96/><E94/><V51/><F51/><N who="3" m="19467" /><G76/><T134/><D46/><U26/><E44/><V110/><F110/><W47/><G47/><T29/><D66/><U128/><E41/><V57/><F5/><W86/><G127/><T98/><D62/><N who="1" m="37975" /><E128/><N who="3" m="49226" /><G122/><T6/><D54/><U48/><E48/><V25/><F71/><W123/><G123/><T9/><D53/><U89/><AGARI ba="0,0" hai="23,26,31,80,85,89,93,96,100,114,115" m="37975" machi="89" ten="30,1100,0" yaku="25,1" doraHai="11" who="1" fromWho="1" sc="668,-3,192,11,90,-3,50,-5" owari="665,76.0,203,0.0,87,-31.0,45,-45.0" /></mjloggm>