<mjloggm ver="2.3"><GO type="97" lobby="0"/><UN n0="%E8%8C%B6%E7%B2%A5" n1="%E3%81%99%E3%81%B0%E3%82%8B%38%E5%8F%B7" n2="%E3%82%A6%E3%83%AB%E3%83%88%E3%83%A9%E7%AB%8B%E7%9B%B4" n3="%E9%BB%92%E6%B2%A2%E2%80%9D" dan="14,14,15,13" rate="1878.38,1948.06,2027.46,1934.41" sx="M,M,M,M"/><TAIKYOKU oya="0"/><INIT seed="0,0,0,2,4,95" ten="250,250,250,250" oya="0" hai0="37,12,79,108,89,44,130,8,102,105,63,82,66" hai1="24,99,18,107,75,40,71,2,91,36,120,113,83" hai2="93,81,80,43,17,135,122,96,64,62,35,38,47" hai3="57,131,101,33,123,20,112,22,46,88,77,6,15"/><T106/><D130/><U110/><E120/><V32/><F122/><W84/><G33/><T13/><D89/><U94/><E71/><V0/><F0/><W73/><G123/><T124/><D124/><U68/><E68/><V25/><F135/><W90/><G101/><T29/><D29/><U129/><E129/><V114/><F114/><W98/><G73/><T132/><D132/><U4/><E113/><V51/><F38/><W1/><G1/><T14/><D108/><U56/><E107/><V116/><F116/><W115/><G77/><T39/><D8/><U10/><E56/><V60/><F35/><W53/><G46/><T50/><D105/><U61/><E61/><V54/><F43/><W74/><G74/><T76/><D102/><U41/><E110/><V34/><F34/><W72/><G72/><T9/><D9/><U134/><E134/><V78/><F78/><W48/><G131/><T58/><D106/><U27/><E41/><V126/><F126/><W42/><G42/><T128/><D128/><U109/><E109/><V87/><F87/><W26/><G115/><T125/><D79/><N who="1" m="44543" /><E18/><V103/><F60/><W55/><G112/><T23/><D125/><U52/><E52/><V97/><F97/><W127/><G127/><T30/><D44/><AGARI ba="0,0" hai="2,4,10,24,27,36,40,44,91,94,99" m="44543" machi="44" ten="30,2000,0" yaku="25,1,52,1" doraHai="95" who="1" fromWho="0" sc="250,-20,250,20,250,0,250,0" /><INIT seed="1,0,0,5,1,122" ten="230,270,250,250" oya="1" hai0="64,3,11,27,38,100,36,129,86,62,43,101,125" hai1="39,114,50,133,56,26,2,120,7,104,35,19,4" hai2="83,32,89,96,78,102,69,33,135,99,47,57,108" hai3="110,98,25,121,71,61,94,31,22,87,55,15,29"/><U58/><E120/><V77/><F69/><W16/><G121/><T115/><D115/><U85/><E114/><V93/><F57/><W12/><G87/><T53/><D129/><U79/><E39/><V81/><F47/><W128/><G71/><T103/><D125/><U21/><E104/><N who="2" m="63559" /><F32/><W49/><G61/><T42/><D53/><U73/><E73/><N who="2" m="43183" /><F33/><W24/><G128/><T66/><D27/><U127/><E127/><V28/><F28/><W92/><G31/><T44/><D86/><U130/><E130/><V23/><F23/><W8/><G15/><T10/><D3/><U112/><E112/><V113/><F113/><W117/><G24/><T63/><D101/><U14/><E7/><V72/><F135/><W51/><G51/><T107/><REACH who="0" step="1"/><D44/><REACH who="0" ten="220,270,250,250" step="2"/><U20/><E133/><V45/><F45/><W6/><G55/><T48/><D48/><U119/><E50/><V80/><F80/><W76/><G49/><T134/><D134/><U75/><E2/><V54/><F54/><W118/><G25/><T30/><D30/><U126/><E126/><V116/><F116/><W5/><G29/><T123/><D123/><U124/><E124/><V40/><F40/><W67/><G117/><T91/><D91/><U9/><E119/><V82/><F82/><W84/><G84/><T88/><D88/><U59/><E26/><V106/><F106/><AGARI ba="0,1" hai="10,11,36,38,42,43,62,63,64,66,100,103,106,107" machi="106" ten="25,8000,1" yaku="1,1,22,2,53,2" doraHai="122" doraHaiUra="70" who="0" fromWho="2" sc="220,90,270,0,250,-80,250,0" /><INIT seed="2,0,0,1,1,72" ten="310,270,170,250" oya="2" hai0="70,126,61,85,130,52,125,97,65,64,93,16,119" hai1="51,74,59,106,20,118,31,4,36,38,120,80,49" hai2="115,5,6,34,108,71,94,124,75,43,109,46,0" hai3="95,96,131,26,134,50,9,99,3,7,105,110,132"/><V121/><F71/><W92/><G105/><T54/><D130/><U63/><E106/><V14/><F121/><W127/><G131/><T10/><D65/><U98/><E118/><V91/><F115/><W48/><G127/><N who="0" m="48651" /><D85/><U66/><E4/><V73/><F34/><W122/><G122/><T13/><D119/><U103/><E38/><V37/><F124/><W21/><G110/><N who="2" m="42601" /><F0/><W25/><G25/><T128/><D128/><U1/><E1/><V8/><F6/><W129/><G129/><T78/><D78/><N who="1" m="44119" /><E36/><V47/><F47/><W69/><G69/><T57/><D70/><U30/><E30/><V116/><F116/><W2/><G2/><T102/><AGARI ba="0,0" hai="10,13,16,52,54,57,61,64,93,97,102" m="48651" machi="102" ten="30,4000,0" yaku="18,1,54,2" doraHai="72" who="0" fromWho="0" sc="310,40,270,-10,170,-20,250,-10" /><INIT seed="3,0,0,0,1,104" ten="350,260,150,240" oya="3" hai0="86,32,79,83,121,99,11,128,112,68,135,55,91" hai1="17,85,72,87,95,31,1,130,35,28,118,10,2" hai2="132,7,82,117,15,39,16,58,19,113,80,3,90" hai3="116,114,66,111,62,75,27,56,40,119,102,92,109"/><W103/><G114/><T65/><D121/><U18/><E95/><V100/><F39/><W63/><G40/><T110/><D32/><U61/><E61/><V4/><F117/><N who="3" m="45131" /><G92/><T93/><D110/><N who="3" m="41993" /><G27/><T115/><D128/><U20/><E118/><V129/><F132/><W84/><G84/><T57/><D135/><U8/><E130/><V23/><F129/><W37/><G37/><T33/><D33/><U34/><E20/><V26/><F3/><W122/><G122/><T64/><D11/><U124/><E124/><V126/><F126/><W131/><G131/><T74/><D68/><U29/><E29/><V45/><F113/><N who="0" m="43594" /><D74/><AGARI ba="0,0" hai="1,2,8,10,17,18,28,31,34,35,72,74,85,87" machi="74" ten="25,6400,0" yaku="22,2,52,2" doraHai="104" who="1" fromWho="0" sc="350,-64,260,64,150,0,240,0" owari="286,9.0,324,42.0,150,-35.0,240,-16.0" /></mjloggm>