<mjloggm ver="2.3"><GO type="97" lobby="0"/><UN n0="%E3%81%82%E3%81%97%E3%82%85%E3%81%8B" n1="%E6%9D%BF%E9%87%8E%E3%81%AE%35%E7%95%AA" n2="%E3%82%A6%E3%83%AB%E3%83%88%E3%83%A9%E7%AB%8B%E7%9B%B4" n3="%EF%BC%A0%E5%AF%92%E5%A4%A9" dan="14,14,13,13" rate="1922.11,1895.87,1853.55,1931.00" sx="M,M,M,M"/><TAIKYOKU oya="0"/><INIT seed="0,0,0,3,0,82" ten="250,250,250,250" oya="0" hai0="86,15,130,103,6,23,11,55,29,102,92,28,21" hai1="134,99,62,94,115,66,32,16,34,43,123,7,46" hai2="65,3,31,36,19,91,30,132,81,53,33,119,51" hai3="57,77,0,60,18,68,48,12,96,76,47,85,72"/><T74/><D74/><U10/><E123/><V101/><F36/><W63/><G0/><T109/><D130/><U37/><E134/><V106/><F3/><W125/><G125/><T27/><D109/><U38/><E38/><V133/><F132/><W108/><G108/><T118/><D118/><U79/><E115/><V110/><F133/><W88/><G72/><T2/><D2/><U95/><E79/><V59/><F110/><W50/><G68/><T117/><D117/><U14/><E94/><V64/><F101/><W42/><G96/><T24/><D55/><U25/><E25/><V26/><F106/><W120/><G48/><T70/><REACH who="0" step="1"/><D70/><REACH who="0" ten="240,250,250,250" step="2"/><U61/><E7/><V20/><F119/><W105/><G120/><T56/><D56/><U127/><E127/><V114/><F114/><W112/><G112/><T107/><D107/><U89/><E62/><N who="3" m="23594" /><G57/><AGARI ba="0,1" hai="10,14,16,32,34,37,43,46,57,61,66,89,95,99" machi="57" ten="30,2000,0" yaku="7,1,54,1" doraHai="82" who="1" fromWho="3" sc="240,0,250,30,250,0,250,-20" /><INIT seed="1,0,0,3,3,8" ten="240,280,250,230" oya="1" hai0="67,45,33,78,26,12,21,129,77,53,80,29,94" hai1="91,116,131,71,23,95,82,58,117,13,125,59,112" hai2="46,104,127,39,36,88,22,79,102,84,86,85,128" hai3="35,108,68,25,98,14,30,132,107,118,123,31,124"/><U41/><E71/><V106/><F46/><W48/><G123/><T10/><D67/><U113/><E41/><V75/><F22/><W40/><G118/><T115/><D129/><U1/><E1/><V16/><F16/><W66/><G108/><T69/><D69/><U105/><E105/><N who="2" m="40555" /><F39/><W99/><G124/><T18/><D115/><U73/><E125/><V62/><F62/><W63/><G132/><T103/><D80/><U9/><E23/><V134/><F36/><W121/><G121/><T111/><D111/><U93/><E73/><V24/><F24/><W34/><G107/><T55/><D33/><U42/><E42/><V76/><F127/><W32/><G32/><T5/><D5/><U119/><E82/><N who="2" m="45343" /><F128/><W50/><G50/><N who="0" m="28879" /><D55/><U43/><E131/><V56/><F56/><W49/><G49/><T2/><D2/><U11/><E43/><V114/><F114/><W97/><G48/><T4/><D4/><U60/><E59/><V44/><F44/><W28/><G40/><T72/><D72/><U130/><E130/><V47/><F47/><W122/><G122/><T61/><D61/><U37/><E37/><V100/><F134/><W51/><G51/><T6/><D6/><N who="1" m="3255" /><E11/><V133/><F133/><W17/><REACH who="3" step="1"/><G35/><REACH who="3" ten="240,280,250,220" step="2"/><T19/><D29/><U27/><E112/><V74/><F79/><W101/><G101/><N who="2" m="39017" /><F74/><W54/><G54/><T109/><D109/><U110/><E113/><V87/><F87/><W38/><G38/><T90/><D103/><U65/><E110/><V7/><F7/><W81/><G81/><AGARI ba="0,1" hai="81,84,85,86,88" m="39017,45343,40555" machi="81" ten="30,12000,2" yaku="35,5,54,1" doraHai="8" who="2" fromWho="3" sc="240,0,280,0,250,130,220,-120" /><INIT seed="2,0,0,2,1,29" ten="240,280,380,100" oya="2" hai0="114,126,0,129,35,17,5,18,40,85,120,56,45" hai1="43,13,107,27,109,14,60,32,31,102,133,105,11" hai2="112,64,132,90,21,51,47,4,53,72,28,135,116" hai3="77,125,127,88,30,75,80,91,9,62,79,8,10"/><V89/><F72/><W68/><G79/><T122/><D85/><U49/><E109/><V98/><F116/><W97/><G30/><T82/><D82/><U26/><E133/><N who="2" m="51275" /><F112/><W71/><G62/><T86/><D86/><U63/><E107/><V96/><F64/><W110/><G110/><T83/><D83/><U108/><E108/><V106/><F4/><W20/><G20/><T59/><D114/><U124/><E124/><N who="3" m="47690" /><G97/><N who="2" m="37481" /><F106/><W99/><G99/><T7/><D126/><U117/><E102/><V118/><F118/><W24/><G24/><AGARI ba="0,0" hai="21,24,28,47,51,53,89,90" m="37481,51275" machi="24" ten="30,1500,0" yaku="20,1" doraHai="29" who="2" fromWho="3" sc="240,0,280,0,380,15,100,-15" /><INIT seed="2,1,0,1,4,78" ten="240,280,395,85" oya="2" hai0="67,43,44,58,130,64,104,123,86,113,4,31,20" hai1="5,107,11,127,95,39,88,119,56,98,21,75,85" hai2="112,0,120,1,49,80,83,42,103,2,45,65,94" hai3="118,96,105,8,100,70,53,110,3,72,52,90,32"/><V36/><F120/><W114/><G118/><T92/><D104/><U6/><E119/><V10/><F112/><W51/><G70/><T135/><D123/><U73/><E39/><V15/><F65/><W19/><G114/><T26/><D113/><U81/><E127/><V121/><F121/><W55/><G72/><T14/><D130/><U84/><E21/><V63/><F63/><W25/><G110/><T16/><D135/><U38/><E38/><V57/><F57/><W122/><G122/><T124/><D124/><U101/><E56/><V134/><F49/><W71/><G71/><T132/><D132/><U27/><E27/><V87/><F134/><W50/><G90/><T60/><D4/><U54/><E54/><V74/><F74/><W37/><G37/><T102/><D102/><U34/><E34/><V115/><F115/><W30/><REACH who="3" step="1"/><G19/><REACH who="3" ten="240,280,395,75" step="2"/><T128/><D128/><U117/><E117/><V109/><F109/><W13/><G13/><T76/><D76/><U125/><E125/><V29/><F2/><W77/><G77/><T116/><D116/><U28/><E28/><V131/><F29/><W40/><G40/><T46/><D14/><U18/><E18/><N who="2" m="8567" /><F131/><W23/><G23/><T91/><D31/><U9/><E75/><V133/><F133/><W89/><G89/><T12/><D12/><U59/><E73/><V82/><F0/><W41/><G41/><T48/><D43/><U111/><E111/><V17/><F17/><W7/><AGARI ba="1,1" hai="3,7,8,25,30,32,50,51,52,53,55,96,100,105" machi="7" ten="30,4000,0" yaku="1,1,0,1,54,1,53,0" doraHai="78" doraHaiUra="79" who="3" fromWho="3" sc="240,-11,280,-11,395,-21,75,53" /><INIT seed="3,0,0,3,4,58" ten="229,269,374,128" oya="3" hai0="116,31,62,14,60,55,99,85,108,76,107,78,101" hai1="127,84,90,24,28,66,128,98,0,87,91,7,106" hai2="102,133,117,52,36,100,3,114,131,47,40,105,27" hai3="71,111,69,81,95,59,61,20,118,72,70,77,17"/><W73/><G118/><T33/><D116/><U19/><E127/><V130/><F3/><W37/><G37/><T8/><D31/><U16/><E128/><V10/><F105/><W96/><G111/><T1/><D33/><U29/><E106/><V113/><F52/><W64/><G72/><T11/><D1/><U132/><E132/><V32/><F10/><W56/><G56/><T49/><D108/><U92/><E98/><V26/><F133/><W121/><G71/><T93/><D11/><U80/><E29/><N who="2" m="19511" /><F27/><W135/><G135/><T50/><D50/><U18/><E7/><V83/><F83/><W25/><REACH who="3" step="1"/><G121/><REACH who="3" ten="229,269,374,118" step="2"/><T2/><D107/><U67/><E0/><V79/><F117/><W123/><G123/><T103/><D2/><U38/><E38/><V34/><F130/><W53/><G53/><T35/><D35/><U82/><E92/><V134/><F131/><W120/><G120/><T15/><D103/><AGARI ba="0,1" hai="17,20,25,59,61,64,69,70,73,77,81,95,96,103" machi="103" ten="30,11600,0" yaku="1,1,7,1,52,1,53,1" doraHai="58" doraHaiUra="75" who="3" fromWho="0" sc="229,-116,269,0,374,0,118,126" /><INIT seed="3,1,0,0,0,85" ten="113,269,374,244" oya="3" hai0="127,133,118,63,109,16,43,113,56,87,91,99,30" hai1="55,57,49,58,59,21,29,71,73,33,15,112,18" hai2="51,123,69,76,13,98,34,24,39,5,8,45,90" hai3="95,79,101,65,80,64,86,46,92,23,108,17,6"/><W66/><G108/><T102/><D30/><U35/><E112/><V48/><F69/><W129/><G129/><T116/><D16/><U20/><E71/><V14/><F39/><W111/><G6/><T28/><D28/><U37/><E37/><V9/><F76/><W40/><G111/><T105/><D43/><U19/><E73/><V121/><F24/><W53/><G53/><T74/><D56/><U41/><E41/><V122/><F34/><W78/><G78/><T94/><D63/><U50/><E29/><V47/><F90/><W124/><G124/><T72/><D109/><U75/><E75/><V82/><F98/><W89/><G101/><T83/><D127/><U104/><E104/><V26/><F82/><W110/><G110/><T132/><D113/><U0/><E0/><V25/><F121/><W32/><G32/><T61/><D61/><U134/><E134/><N who="0" m="51817" /><D72/><U70/><E70/><V107/><F107/><W27/><REACH who="3" step="1"/><G79/><AGARI ba="1,0" hai="74,79,83,87,91,94,99,102,105,116,118" m="51817" machi="79" ten="30,8000,1" yaku="24,1,20,1,34,2,52,1" doraHai="85" who="0" fromWho="3" sc="113,83,269,0,374,0,244,-83" owari="196,-20.0,269,7.0,374,47.0,161,-34.0" /></mjloggm>