<mjloggm ver="2.3"><GO type="97" lobby="0"/><UN n0="%E6%A1%94%E6%A2%97%E5%B1%8B" n1="%E3%81%93%E3%82%93%E3%81%BA%E3%81%84%E3%81%A8%E3%81%86%31%39" n2="%E3%81%B6%E3%81%9F%EF%BC%A0%E3%81%A1%E3%82%85%E3%81%86" n3="%E3%82%A6%E3%83%AB%E3%83%88%E3%83%A9%E7%AB%8B%E7%9B%B4" dan="14,15,15,13" rate="1971.71,1936.29,1977.92,1895.13" sx="F,M,M,M"/><TAIKYOKU oya="0"/><INIT seed="0,0,0,5,1,95" ten="250,250,250,250" oya="0" hai0="40,91,105,13,114,130,7,28,100,126,38,54,8" hai1="103,73,44,127,133,119,1,89,10,132,125,96,128" hai2="15,79,23,90,59,53,22,18,63,56,134,41,97" hai3="50,3,98,101,57,61,85,32,9,124,27,86,123"/><T109/><D114/><U52/><E119/><V75/><F134/><N who="1" m="51817" /><E73/><V2/><F2/><W34/><G123/><T120/><D120/><U116/><E116/><V68/><F68/><W80/><G124/><N who="1" m="47690" /><E89/><V46/><F75/><W60/><G50/><T106/><D91/><U129/><E52/><V113/><F79/><W29/><G34/><T33/><D54/><U64/><E44/><V30/><F113/><W65/><G60/><T121/><D126/><U110/><E64/><V58/><F90/><W35/><G35/><T74/><D33/><U88/><E88/><V20/><F97/><W43/><G80/><T83/><D83/><U26/><E26/><N who="2" m="16735" /><F41/><W6/><G43/><T69/><D40/><U117/><E110/><V55/><F46/><W70/><G57/><N who="2" m="22121" /><F55/><W92/><AGARI ba="0,0" hai="3,6,9,27,29,32,61,65,70,85,86,92,98,101" machi="92" ten="20,2700,0" yaku="0,1,7,1,52,1" doraHai="95" who="3" fromWho="3" sc="250,-13,250,-7,250,-7,250,27" /><INIT seed="1,0,0,4,2,16" ten="237,243,243,277" oya="1" hai0="20,58,69,118,87,97,102,103,93,15,33,55,9" hai1="125,19,48,6,128,95,91,74,131,61,22,1,14" hai2="108,75,5,123,132,3,46,124,70,0,92,49,32" hai3="36,115,26,129,106,62,120,90,64,96,56,101,99"/><U41/><E74/><V7/><F70/><W78/><G120/><T68/><D118/><U77/><E77/><V37/><F37/><W44/><G115/><T110/><D110/><U23/><E125/><V71/><F75/><W84/><G129/><N who="1" m="49738" /><E1/><V54/><F32/><W57/><G78/><T43/><D33/><U72/><E72/><V50/><F71/><W10/><G96/><T83/><D43/><U65/><E6/><V113/><F124/><W122/><G122/><T133/><D133/><U104/><E104/><V24/><F132/><W79/><G79/><T52/><D103/><U73/><E73/><V30/><F108/><W42/><G10/><T28/><D69/><N who="1" m="42159" /><E48/><V35/><F113/><W47/><G62/><T94/><D94/><U80/><E41/><V51/><F123/><W39/><G64/><T126/><D68/><U59/><E59/><V63/><F3/><W31/><G47/><T66/><D126/><U25/><E80/><V40/><F0/><W8/><G39/><T121/><D121/><U13/><E23/><N who="2" m="15647" /><F51/><W117/><G8/><T134/><D134/><U81/><E81/><V100/><F35/><W107/><G107/><T89/><D58/><U105/><E105/><V135/><F63/><W38/><G38/><T114/><D114/><U98/><AGARI ba="0,0" hai="13,14,19,22,25,91,95,98" m="42159,49738" machi="98" ten="30,3000,0" yaku="19,1,52,1" doraHai="16" who="1" fromWho="1" sc="237,-10,243,30,243,-10,277,-10" /><INIT seed="1,1,0,5,0,76" ten="227,273,233,267" oya="1" hai0="4,88,118,123,18,31,129,130,44,54,52,36,25" hai1="90,124,117,91,26,71,38,98,6,39,24,1,49" hai2="99,45,37,115,41,103,20,127,60,134,109,48,102" hai3="119,135,108,79,81,12,132,121,116,80,100,7,107"/><U51/><E124/><V33/><F127/><W8/><G121/><T104/><D123/><U89/><E117/><N who="3" m="45130" /><G108/><T97/><D118/><U56/><E71/><V125/><F33/><W42/><G42/><N who="0" m="22599" /><D4/><U86/><E86/><V93/><F125/><W87/><G100/><N who="0" m="62479" /><D18/><U34/><E98/><V113/><F134/><N who="3" m="51243" /><G81/><T21/><D88/><U5/><E56/><V27/><F109/><W75/><G107/><T3/><D3/><U28/><E1/><V47/><F103/><W63/><G63/><T17/><D31/><U2/><E2/><V120/><F60/><W55/><G55/><T23/><D23/><U61/><E61/><V66/><F120/><W128/><G128/><AGARI ba="1,0" hai="17,21,25,52,54,128,129,130" m="62479,22599" machi="128" ten="30,2000,0" yaku="19,1,54,1" doraHai="76" who="0" fromWho="3" sc="227,23,273,0,233,0,267,-23" /><INIT seed="2,0,0,3,2,124" ten="250,273,233,244" oya="2" hai0="54,101,19,39,46,106,105,111,74,110,131,94,38" hai1="45,58,81,115,4,65,64,50,12,133,114,59,113" hai2="28,89,32,30,79,56,130,55,34,24,66,95,21" hai3="41,127,119,82,13,135,128,22,47,116,14,75,2"/><V1/><F1/><W85/><G2/><T26/><D74/><U37/><E81/><V78/><F66/><N who="1" m="25705" /><E12/><N who="3" m="4714" /><G22/><N who="0" m="13663" /><D94/><U43/><E4/><V112/><F112/><W31/><G31/><T6/><D6/><U69/><E133/><V93/><F93/><W52/><G52/><T73/><D73/><U122/><E122/><V62/><F130/><W72/><G85/><T90/><D131/><U108/><E108/><N who="0" m="41513" /><D90/><U86/><E86/><V98/><REACH who="2" step="1"/><F30/><REACH who="2" ten="250,273,223,244" step="2"/><W99/><G128/><T117/><D117/><U48/><E69/><V104/><F104/><W18/><G119/><T33/><D106/><U83/><E83/><V9/><F9/><W17/><G116/><T80/><D80/><U51/><AGARI ba="0,1" hai="37,43,45,48,50,51,58,59,113,114,115" m="25705" machi="51" ten="40,2700,0" yaku="34,2" doraHai="124" who="1" fromWho="1" sc="250,-7,273,37,223,-13,244,-7" /><INIT seed="3,0,0,4,4,9" ten="243,310,210,237" oya="3" hai0="57,6,109,51,108,94,126,78,91,58,135,5,35" hai1="50,65,82,72,85,17,75,116,55,74,59,80,103" hai2="66,49,129,105,79,93,12,31,41,34,15,43,83" hai3="131,68,10,24,132,107,52,3,61,102,110,8,7"/><W27/><G102/><T104/><D135/><U60/><E116/><V97/><F105/><W134/><G107/><T62/><D104/><U38/><E38/><V2/><F2/><W53/><G68/><T88/><D126/><U76/><E103/><N who="2" m="60847" /><F34/><W47/><G131/><T127/><D35/><U123/><E123/><V46/><F129/><W100/><G100/><T37/><D78/><U117/><E17/><V33/><F33/><W14/><G110/><N who="0" m="42603" /><D37/><U54/><E117/><V73/><F73/><W130/><G130/><T106/><D127/><U70/><E55/><N who="3" m="21066" /><G47/><T42/><D106/><U23/><E23/><V0/><F0/><W63/><G63/><T20/><D62/><U22/><E22/><V40/><F31/><W119/><G61/><T48/><D20/><U92/><E92/><V67/><F49/><N who="0" m="19018" /><D42/><N who="2" m="10754" /><V36/><DORA hai="11" /><F36/><W101/><G101/><T89/><D94/><U71/><E71/><V18/><F46/><W4/><G119/><T133/><D133/><AGARI ba="0,0" hai="3,4,7,8,10,14,24,27,132,133,134" m="21066" machi="133" ten="30,11600,0" yaku="20,1,52,2,54,1" doraHai="9,11" who="3" fromWho="0" sc="243,-116,310,0,210,0,237,116" owari="127,-37.0,310,11.0,210,-19.0,353,45.0" /></mjloggm>