<mjloggm ver="2.3"><GO type="169" lobby="0"/><UN n0="%E3%81%B3%E3%82%8A%E3%81%B3%E3%82%8A%E2%98%86%E3%83%93%E3%83%AA%E3%83%BC" n1="%54%61%4E%61%6B%61" n2="%E3%81%B4%E3%82%88%E3%81%88%E3%82%82%E3%82%93" n3="%E3%82%A6%E3%83%AB%E3%83%88%E3%83%A9%E7%AB%8B%E7%9B%B4" dan="17,17,16,16" rate="2160.60,2135.44,2095.27,2127.64" sx="M,M,M,M"/><TAIKYOKU oya="0"/><INIT seed="0,0,0,5,0,99" ten="250,250,250,250" oya="0" hai0="6,123,15,106,36,102,98,128,124,35,51,107,37" hai1="38,88,129,52,109,30,28,24,57,89,55,26,67" hai2="34,40,10,119,11,120,2,58,122,14,112,101,16" hai3="91,0,53,87,19,93,47,48,103,73,17,29,65"/><T39/><D123/><U4/><E38/><V21/><F112/><W79/><G0/><T50/><D35/><U96/><E4/><V114/><F114/><W66/><G29/><N who="1" m="11370" /><E109/><V61/><F34/><W60/><G66/><T76/><D128/><U20/><E129/><V13/><F119/><W115/><G115/><T113/><D113/><U18/><E26/><V90/><F2/><W127/><G127/><T108/><D124/><U100/><E67/><V77/><F77/><W12/><G79/><T131/><D131/><U69/><E69/><V85/><F40/><W94/><G73/><T78/><D108/><U27/><E24/><V59/><F21/><W118/><G118/><T42/><D107/><U44/><E44/><V62/><F85/><W31/><G31/><T117/><D117/><U80/><E80/><V1/><F1/><W64/><G64/><T121/><D121/><U7/><E7/><V22/><F22/><W3/><G3/><T81/><D42/><U33/><E33/><V49/><F122/><W83/><G83/><T134/><D134/><U75/><E75/><V41/><F120/><W92/><G92/><T74/><REACH who="0" step="1"/><D78/><REACH who="0" ten="240,250,250,250" step="2"/><U86/><E86/><V135/><F41/><W133/><G133/><T71/><D71/><U82/><E82/><V9/><F135/><W105/><G105/><T125/><D125/><U32/><E32/><V110/><F110/><W54/><G87/><T116/><D116/><U5/><E96/><V63/><F63/><W95/><G60/><T72/><D72/><U130/><E130/><V111/><F111/><W8/><G94/><RYUUKYOKU ba="0,1" sc="240,30,250,-10,250,-10,250,-10" hai0="6,15,36,37,39,50,51,74,76,81,98,102,106" /><INIT seed="0,1,1,3,3,113" ten="270,240,240,240" oya="0" hai0="39,88,129,27,48,61,116,31,131,45,127,52,94" hai1="6,84,54,82,58,11,87,62,26,37,43,98,70" hai2="21,25,123,53,60,8,30,102,100,118,64,9,42" hai3="112,91,119,67,59,57,109,4,79,19,1,33,83"/><T47/><D116/><U78/><E70/><V16/><F123/><W105/><G33/><T12/><D127/><U111/><E111/><V23/><F118/><W90/><G4/><T15/><D61/><U34/><E98/><V74/><F74/><W38/><G1/><T56/><D47/><U106/><E106/><V55/><F42/><W46/><G105/><T135/><D135/><U35/><E26/><N who="2" m="14631" /><F64/><W128/><G38/><T51/><D39/><U5/><E5/><V130/><F130/><N who="0" m="49674" /><D51/><U103/><E103/><N who="2" m="39467" /><F53/><W0/><G67/><T13/><D45/><U89/><E43/><V3/><F3/><W49/><G46/><T68/><D68/><U2/><REACH who="1" step="1"/><E37/><REACH who="1" ten="270,230,240,240" step="2"/><V44/><F44/><W71/><G71/><T69/><D69/><U108/><E108/><V7/><F7/><W115/><G109/><T73/><D15/><U85/><E85/><V104/><F104/><W126/><G128/><T95/><D73/><U121/><E121/><V81/><F81/><AGARI ba="1,2" hai="2,6,11,34,35,54,58,62,78,81,82,84,87,89" machi="81" ten="30,2000,0" yaku="1,1,7,1,53,0" doraHai="113" doraHaiUra="97" who="1" fromWho="2" sc="270,0,230,43,240,-23,240,0" /><INIT seed="1,0,0,5,4,28" ten="270,273,217,240" oya="1" hai0="20,78,33,135,95,41,124,66,18,119,90,82,6" hai1="47,22,97,60,116,83,46,104,76,45,100,121,7" hai2="118,101,105,3,109,89,10,53,77,63,15,127,108" hai3="9,38,16,79,67,19,84,73,36,62,88,12,69"/><U2/><E121/><V93/><F118/><W64/><G79/><T81/><D119/><U72/><E116/><V99/><F3/><W133/><G73/><T86/><D135/><U8/><E22/><V44/><F127/><W40/><G133/><T68/><D124/><U27/><E27/><V21/><F77/><W35/><G35/><T65/><D6/><U55/><E60/><V98/><F21/><W57/><G40/><T58/><D82/><U92/><E104/><V114/><F114/><W34/><G34/><T24/><D68/><U94/><E94/><V128/><F128/><W0/><G0/><T130/><D130/><U91/><E100/><V134/><F134/><W4/><G67/><T1/><D1/><U23/><E23/><V61/><F44/><W87/><G87/><T132/><D132/><U30/><E30/><V43/><F43/><W17/><REACH who="3" step="1"/><G69/><REACH who="3" ten="270,273,217,230" step="2"/><T85/><D41/><U74/><REACH who="1" step="1"/><E55/><REACH who="1" ten="270,263,217,230" step="2"/><V49/><F53/><W126/><G126/><T39/><D33/><U122/><E122/><V115/><F115/><W37/><G37/><T31/><D39/><U42/><E42/><V71/><F71/><W52/><G52/><T13/><D58/><U129/><E129/><V113/><F113/><W123/><G123/><T26/><D31/><U120/><E120/><V106/><F49/><W103/><G103/><T112/><D112/><U14/><E14/><V131/><F131/><W117/><G117/><T54/><D54/><U80/><E80/><AGARI ba="0,2" hai="4,9,12,16,17,19,36,38,57,62,64,80,84,88" machi="80" ten="40,5200,0" yaku="1,1,54,2,53,0" doraHai="28" doraHaiUra="107" who="3" fromWho="1" sc="270,0,263,-52,217,0,230,72" /><INIT seed="2,0,0,2,2,41" ten="270,211,217,302" oya="2" hai0="106,14,118,112,73,59,66,89,38,4,108,17,62" hai1="60,48,8,134,53,10,101,87,50,88,94,96,129" hai2="126,111,92,122,0,124,104,56,7,61,98,86,120" hai3="16,42,95,117,64,63,85,123,11,109,116,19,54"/><V57/><F104/><W24/><G123/><N who="2" m="47145" /><F0/><W91/><G42/><T5/><D112/><U55/><E134/><V34/><F7/><W75/><G75/><T25/><D106/><U71/><E129/><V93/><F34/><W45/><G19/><T83/><D38/><U18/><E71/><V107/><F107/><W13/><G24/><T72/><D72/><U115/><E115/><V49/><F86/><W28/><G28/><T69/><D25/><U30/><E30/><V47/><F111/><W15/><G15/><T1/><D108/><U121/><E121/><V113/><F113/><W37/><G109/><T70/><D5/><U39/><E39/><V58/><F61/><W119/><G37/><T84/><D73/><U103/><E60/><V23/><F23/><W65/><REACH who="3" step="1"/><G63/><REACH who="3" ten="270,211,217,292" step="2"/><T29/><D29/><U130/><E18/><V67/><F67/><W100/><G100/><T6/><D17/><U131/><E103/><V52/><F98/><W128/><G128/><T40/><D66/><U33/><E130/><V105/><F105/><W76/><G76/><T2/><D62/><U99/><E131/><V20/><F20/><W12/><G12/><T31/><D14/><U90/><E99/><V102/><F102/><W80/><G80/><T43/><D83/><N who="1" m="49279" /><E101/><V44/><F93/><W125/><G125/><N who="2" m="48233" /><F92/><W110/><G110/><T68/><D1/><U36/><E33/><V27/><F27/><W35/><G35/><T82/><D2/><U21/><E21/><V114/><F114/><W77/><G77/><T81/><D81/><U133/><E94/><V46/><AGARI ba="0,1" hai="44,46,47,49,52,56,57,58" m="48233,47145" machi="46" ten="40,24000,3" yaku="5,1,18,1,34,2,52,3,54,1" doraHai="41" who="2" fromWho="2" sc="270,-80,211,-80,217,250,292,-80" /><INIT seed="2,1,0,1,3,3" ten="190,131,467,212" oya="2" hai0="71,122,31,100,53,47,10,104,117,99,49,44,33" hai1="95,124,72,24,62,73,4,108,59,34,91,68,55" hai2="129,118,116,15,50,6,123,112,111,54,17,41,107" hai3="131,103,22,38,29,58,80,128,52,25,119,83,5"/><V56/><F112/><W16/><G38/><T130/><D122/><U135/><E68/><V32/><F123/><W40/><G40/><T11/><D71/><U115/><E115/><V46/><F32/><W78/><G103/><T43/><D130/><N who="3" m="49705" /><G119/><T120/><D120/><U42/><E108/><V19/><F129/><W61/><G78/><T90/><D117/><U105/><E105/><V45/><F107/><W7/><G29/><T88/><D11/><U132/><E42/><V114/><F114/><W82/><AGARI ba="1,0" hai="5,7,16,22,25,52,58,61,80,82,83" m="49705" machi="82" ten="30,8000,1" yaku="19,1,52,2,54,2" doraHai="3" who="3" fromWho="3" sc="190,-21,131,-21,467,-41,212,83" /><INIT seed="3,0,0,4,1,87" ten="169,110,426,295" oya="3" hai0="23,49,21,74,18,43,9,124,53,121,5,14,100" hai1="40,16,120,97,114,55,52,2,116,106,94,8,59" hai2="45,117,57,44,39,92,91,15,113,60,73,125,7" hai3="61,109,99,80,72,66,4,62,93,129,81,127,69"/><W63/><G127/><T26/><D121/><U51/><E106/><V134/><F117/><W68/><G129/><T17/><D124/><U83/><E114/><V35/><F113/><W1/><G109/><T24/><D74/><U20/><E120/><V33/><F73/><W118/><G118/><T126/><D126/><U75/><E75/><V27/><F134/><W128/><G128/><T70/><D70/><U67/><E116/><V89/><F35/><W42/><G72/><T65/><D65/><U95/><E83/><V102/><F33/><W103/><G62/><T54/><REACH who="0" step="1"/><D100/><REACH who="0" ten="159,110,426,295" step="2"/><U64/><E64/><V29/><F102/><W6/><G66/><T10/><D10/><U130/><E130/><V105/><F125/><W88/><G103/><T28/><D28/><U123/><E123/><V41/><F29/><W107/><G69/><T79/><D79/><U119/><E119/><V135/><F135/><W96/><G68/><T71/><D71/><U112/><E112/><V56/><F105/><W133/><G107/><T86/><D86/><U25/><E8/><V50/><F91/><W90/><G133/><T12/><D12/><U34/><E2/><V19/><F89/><W32/><G1/><T0/><D0/><U111/><E67/><V58/><F15/><W11/><G11/><T38/><D38/><U13/><E13/><V110/><F39/><W47/><G93/><T31/><D31/><U115/><E94/><V22/><F92/><W37/><G37/><T101/><D101/><U98/><E95/><V104/><F104/><W82/><G90/><T84/><D84/><RYUUKYOKU ba="0,1" sc="159,30,110,-10,426,-10,295,-10" hai0="5,9,14,17,18,21,23,24,26,43,49,53,54" /><INIT seed="4,1,1,5,5,131" ten="189,100,416,285" oya="0" hai0="79,65,54,77,80,127,74,12,6,8,112,88,116" hai1="37,30,42,41,72,51,4,84,27,90,9,35,28" hai2="25,59,124,135,29,91,14,89,16,117,87,43,98" hai3="130,70,55,126,71,86,26,105,69,113,46,114,82"/><T20/><D116/><U1/><E72/><V66/><F117/><W18/><G105/><T31/><D112/><N who="3" m="43113" /><G126/><T45/><D127/><U108/><E108/><V94/><F124/><W73/><G73/><T68/><D68/><U11/><E37/><V23/><F43/><W132/><G130/><T96/><D65/><U118/><E118/><V133/><F66/><W62/><G18/><T15/><D15/><U76/><E76/><V109/><F59/><N who="3" m="35199" /><G26/><N who="0" m="16839" /><D74/><U120/><E120/><V63/><F63/><W21/><G21/><T32/><D32/><U99/><E30/><V40/><F40/><W36/><G36/><T122/><D122/><U115/><E115/><V106/><F109/><W111/><G111/><T10/><D10/><U134/><E51/><V97/><F106/><W110/><G110/><T104/><D104/><U78/><E11/><V5/><F5/><W33/><G33/><T100/><D100/><U24/><E35/><V2/><F2/><W125/><G125/><T3/><D3/><U60/><E27/><V95/><F87/><W92/><G71/><T67/><D67/><U19/><E24/><V53/><F53/><W102/><G70/><T101/><D101/><U39/><E39/><V52/><F52/><W0/><G69/><T129/><D129/><U49/><E1/><V34/><AGARI ba="1,1" hai="14,16,23,25,29,34,89,91,94,95,97,98,133,135" machi="34" ten="30,8000,1" yaku="0,1,9,1,52,2,54,1" doraHai="131" who="2" fromWho="2" sc="189,-41,100,-21,416,93,285,-21" /><INIT seed="5,0,0,4,4,38" ten="148,79,509,264" oya="1" hai0="27,71,73,28,22,120,37,90,49,31,114,44,17" hai1="131,74,129,98,1,56,5,50,130,135,25,9,82" hai2="93,18,110,7,59,123,69,97,102,33,30,134,119" hai3="121,78,101,92,106,16,57,122,23,94,95,115,124"/><U34/><E98/><V43/><F69/><W62/><G124/><T128/><D71/><U103/><E103/><V83/><F7/><W15/><G115/><T66/><D73/><U116/><E116/><V113/><F59/><W65/><G101/><T47/><D114/><U76/><E135/><V109/><F83/><W14/><G106/><T127/><D66/><U88/><E88/><V54/><F54/><W118/><G118/><T4/><D127/><U84/><E56/><V64/><F113/><W2/><G2/><T8/><D128/><U53/><E53/><V0/><F0/><W77/><G122/><T81/><D120/><U87/><REACH who="1" step="1"/><E50/><REACH who="1" ten="148,69,509,264" step="2"/><V46/><F119/><W39/><G121/><T126/><D126/><U40/><E40/><V42/><F43/><W104/><G39/><T55/><D37/><U51/><E51/><V36/><F36/><W10/><G104/><T105/><D105/><U91/><E91/><V20/><F102/><W75/><G78/><T67/><D44/><U132/><E132/><V79/><F46/><W99/><G99/><T26/><D47/><U11/><E11/><V29/><F97/><W58/><G58/><T6/><D8/><U41/><E41/><V13/><F42/><W70/><G70/><T3/><D49/><U96/><E96/><V24/><F134/><W111/><G77/><T86/><D55/><U68/><E68/><V125/><F79/><W100/><G100/><T48/><D48/><U19/><E19/><V117/><F117/><W52/><G52/><T112/><D90/><U133/><E133/><V63/><F123/><RYUUKYOKU ba="0,1" sc="148,-10,69,30,509,-10,264,-10" hai1="1,5,9,25,34,74,76,82,84,87,129,130,131" /><INIT seed="5,1,1,4,4,68" ten="138,99,499,254" oya="1" hai0="118,77,120,53,59,70,102,127,49,76,74,26,10" hai1="55,13,110,22,80,71,98,87,38,23,66,7,63" hai2="114,109,51,1,103,122,133,45,9,25,97,4,3" hai3="93,61,40,69,78,56,106,113,39,47,124,94,116"/><U2/><E2/><V135/><F122/><W60/><G106/><T15/><D118/><U31/><E110/><V6/><F109/><W79/><G116/><T101/><D70/><U83/><E38/><V104/><F114/><W44/><G113/><T111/><D111/><U85/><E98/><V72/><F72/><W134/><G134/><N who="2" m="51209" /><F25/><W117/><G117/><T16/><D120/><U89/><E31/><V57/><F57/><W14/><G69/><T12/><D26/><U100/><E100/><N who="0" m="38505" /><D74/><U130/><E130/><V24/><F24/><W50/><G124/><T34/><D34/><U128/><E128/><V88/><F88/><W21/><G79/><T54/><D127/><U84/><E55/><N who="2" m="30191" /><F4/><W36/><G78/><T46/><D15/><AGARI ba="1,1" hai="1,3,6,9,15,97,103,104" m="30191,51209" machi="15" ten="30,1000,0" yaku="20,1" doraHai="68" who="2" fromWho="0" sc="138,-13,99,0,499,23,254,0" /><INIT seed="6,0,0,1,0,110" ten="125,99,522,254" oya="2" hai0="50,91,131,53,98,132,109,104,11,121,65,60,42" hai1="27,55,85,116,63,36,9,31,71,12,61,133,45" hai2="56,90,101,83,129,14,74,73,48,118,39,103,22" hai3="102,2,117,95,58,88,124,51,128,20,113,78,17"/><V112/><F39/><W0/><G102/><T120/><D109/><U23/><E116/><V16/><F118/><W59/><G78/><T75/><D75/><U15/><E133/><V125/><F125/><W32/><G32/><T54/><D132/><U5/><E71/><V69/><F69/><W7/><G7/><T130/><D42/><U64/><E64/><V86/><F129/><N who="0" m="49162" /><D11/><U87/><E36/><V6/><F6/><W76/><G76/><T81/><D81/><U21/><E45/><V115/><F73/><W108/><G108/><T49/><D91/><U40/><E40/><V43/><F74/><W119/><G124/><T79/><D79/><U41/><E41/><V94/><F43/><W52/><G128/><T96/><D104/><U77/><E55/><N who="0" m="21001" /><D96/><U25/><E15/><V80/><F48/><N who="0" m="18538" /><D98/><U72/><E72/><V84/><F56/><AGARI ba="0,0" hai="56,60,65,120,121" m="18538,21001,49162" machi="56" ten="30,3900,0" yaku="19,1,34,2" doraHai="110" who="0" fromWho="2" sc="125,39,99,0,522,-39,254,0" /><INIT seed="7,0,0,3,0,45" ten="164,99,483,254" oya="3" hai0="33,13,119,102,89,61,96,14,42,121,22,105,74" hai1="103,77,85,8,53,16,112,71,29,100,47,56,107" hai2="92,15,126,82,76,12,110,24,19,94,104,49,36" hai3="30,108,75,6,62,134,35,87,65,58,3,7,80"/><W0/><G75/><T11/><D119/><U86/><E71/><V21/><F36/><W54/><G35/><T20/><D121/><U70/><E70/><V97/><F126/><W72/><G72/><T27/><D33/><U69/><E69/><V109/><F104/><W17/><G30/><T93/><D74/><U66/><E112/><V118/><F118/><W98/><G134/><T106/><D42/><U32/><E66/><V129/><F129/><W41/><G41/><T1/><D1/><U115/><E115/><V64/><F64/><W55/><G65/><T23/><D106/><U46/><E107/><V95/><F97/><W52/><G98/><T114/><D114/><U63/><E29/><V133/><F133/><W67/><G3/><T91/><D105/><U5/><E32/><V125/><F125/><W130/><G130/><T40/><D40/><U83/><E86/><N who="2" m="48455" /><F110/><W4/><G0/><T18/><D14/><U26/><E5/><V127/><F109/><W60/><G108/><T57/><D27/><U50/><E46/><V51/><F127/><W117/><G117/><T34/><D34/><U88/><E77/><V10/><F12/><W25/><G62/><T99/><D99/><U79/><E79/><V28/><AGARI ba="0,0" hai="10,15,19,21,24,28,49,51,92,94,95" m="48455" machi="28" ten="30,4000,0" yaku="8,1,52,2" doraHai="45" who="2" fromWho="2" sc="164,-10,99,-10,483,40,254,-20" owari="154,-25.0,89,-41.0,523,63.0,234,3.0" /></mjloggm>