<mjloggm ver="2.3"><GO type="97" lobby="0"/><UN n0="%E3%82%A6%E3%83%AB%E3%83%88%E3%83%A9%E7%AB%8B%E7%9B%B4" n1="%E3%83%8F%E3%83%B3%E3%82%B2%E7%8E%8B" n2="%74%61%62%69%6B%61%6B%65" n3="%E6%BF%80%E8%BE%9B" dan="15,14,16,13" rate="2055.36,1956.68,2033.71,1821.62" sx="M,M,M,M"/><TAIKYOKU oya="0"/><INIT seed="0,0,0,1,4,25" ten="250,250,250,250" oya="0" hai0="51,28,132,5,13,110,19,128,86,133,113,91,127" hai1="26,74,77,58,45,135,120,106,54,79,21,16,46" hai2="30,72,123,100,112,102,47,115,40,36,101,126,41" hai3="69,119,33,71,53,29,27,90,122,70,121,107,14"/><T130/><D5/><U63/><E120/><N who="3" m="46186" /><G119/><T48/><D113/><U87/><E106/><V56/><F123/><W81/><G107/><T57/><D51/><U117/><E117/><V3/><F3/><W103/><G103/><T124/><D48/><U18/><E74/><V105/><F105/><W32/><G53/><T134/><D57/><U37/><E135/><V64/><F72/><W17/><G33/><T59/><D59/><U98/><E37/><V84/><F126/><N who="0" m="48170" /><D28/><U0/><E0/><V116/><F30/><W82/><G90/><T49/><D49/><U94/><E18/><V93/><F41/><W43/><G43/><T6/><D6/><U10/><E10/><AGARI ba="0,0" hai="10,14,17,27,29,32,69,70,71,81,82" m="46186" machi="10" ten="40,2600,0" yaku="13,1,52,1" doraHai="25" who="3" fromWho="1" sc="250,0,250,-26,250,0,250,26" /><INIT seed="1,0,0,2,0,100" ten="250,224,250,276" oya="1" hai0="49,126,105,61,120,113,79,116,64,21,108,29,44" hai1="41,43,76,86,33,89,6,53,38,85,3,0,119" hai2="81,78,109,34,18,51,65,111,92,27,32,28,68" hai3="134,20,25,104,93,60,94,63,122,66,84,56,133"/><U48/><E119/><V57/><F68/><W103/><G122/><T114/><D116/><U58/><E38/><V35/><F18/><W74/><G74/><T115/><D108/><N who="2" m="41546" /><F92/><W4/><G4/><T67/><D126/><U10/><E33/><V16/><F16/><N who="3" m="12423" /><G84/><T71/><D67/><U30/><E0/><V98/><F98/><N who="3" m="61559" /><G63/><T129/><D129/><U39/><E39/><V8/><F8/><W12/><G12/><T62/><D62/><U17/><E30/><V73/><F65/><W26/><G26/><T40/><D120/><U131/><E131/><V118/><F118/><W96/><G96/><T15/><D79/><U7/><E7/><V101/><F101/><W59/><G56/><T91/><D91/><U110/><E110/><V5/><F5/><W69/><G59/><T36/><D29/><U88/><E76/><V75/><F75/><W83/><G83/><T121/><D121/><U95/><E17/><V125/><F125/><W54/><G54/><AGARI ba="0,0" hai="27,28,32,34,35,51,54,57,73,78,81" m="41546" machi="54" ten="30,1000,0" yaku="14,1" doraHai="100" who="2" fromWho="3" sc="250,0,224,0,250,10,276,-10" /><INIT seed="2,0,0,0,4,58" ten="250,224,260,266" oya="2" hai0="23,46,104,14,44,10,75,28,52,122,123,86,112" hai1="0,80,40,94,114,64,127,105,43,27,25,51,92" hai2="113,2,106,85,70,18,118,121,129,67,130,89,133" hai3="90,93,131,17,83,29,77,103,81,20,21,5,96"/><V119/><F121/><W66/><G131/><N who="2" m="50185" /><F2/><W68/><G5/><T13/><D104/><U91/><E0/><V56/><F106/><W69/><G66/><T8/><D75/><U110/><E105/><V49/><F70/><W57/><G29/><T132/><D112/><U125/><E110/><V88/><F113/><W108/><G108/><T120/><D132/><U107/><E107/><V78/><F133/><W98/><G57/><T9/><D86/><N who="1" m="50631" /><E114/><V126/><F126/><N who="1" m="48137" /><E51/><V101/><F101/><W115/><G115/><T11/><N who="0" m="2560" /><DORA hai="6" /><T134/><D134/><U62/><E94/><V16/><F78/><W79/><G93/><T128/><D128/><U109/><E92/><N who="2" m="54287" /><F89/><W99/><G90/><T39/><D39/><U97/><E97/><V100/><F100/><W30/><G30/><T41/><D41/><N who="1" m="15947" /><E109/><V59/><F49/><W36/><G36/><T116/><D116/><U47/><E47/><V1/><F1/><W124/><G124/><T82/><D82/><N who="3" m="31241" /><G103/><T71/><D71/><AGARI ba="0,0" hai="25,27,62,64,71" m="15947,48137,50631" machi="71" ten="30,2000,0" yaku="18,1,52,1" doraHai="58,6" who="1" fromWho="0" sc="250,-20,224,20,260,0,266,0" /><INIT seed="3,0,0,1,1,20" ten="230,244,260,266" oya="3" hai0="42,85,32,31,44,96,121,93,15,10,62,134,48" hai1="90,4,52,18,51,72,38,92,129,111,99,73,104" hai2="74,71,65,80,82,124,131,55,127,46,78,117,40" hai3="37,106,2,0,98,53,123,119,89,88,118,14,114"/><W108/><G123/><T25/><D134/><U60/><E38/><V11/><F117/><W115/><G37/><T76/><D121/><U36/><E36/><V135/><F135/><W116/><G53/><T125/><D125/><N who="2" m="48202" /><F131/><W6/><G14/><T61/><D85/><U79/><E129/><V70/><F65/><W16/><G16/><T64/><D76/><U24/><E111/><V13/><F55/><W112/><G6/><T120/><D120/><U56/><E104/><V29/><F29/><W7/><G7/><T28/><D28/><U75/><E4/><N who="2" m="3303" /><F82/><W21/><G21/><T22/><D32/><U81/><E51/><AGARI ba="0,0" hai="40,46,51,70,71,74,78,80" m="3303,48202" machi="51" ten="30,1000,0" yaku="18,1" doraHai="20" who="2" fromWho="1" sc="230,0,244,-10,260,10,266,0" /><INIT seed="4,0,0,3,4,72" ten="230,234,270,266" oya="0" hai0="125,118,95,107,134,126,65,7,6,0,1,131,28" hai1="77,46,127,48,115,51,14,110,32,42,56,109,23" hai2="104,47,63,94,121,21,53,26,87,135,83,16,41" hai3="117,11,129,82,2,10,78,71,4,50,130,9,27"/><T62/><D107/><U66/><E32/><V84/><F104/><W101/><G117/><T57/><D118/><U73/><E127/><N who="0" m="48649" /><D28/><U132/><E132/><V58/><F121/><W76/><G71/><T39/><D39/><U97/><E97/><V80/><F135/><W13/><G101/><T33/><D33/><U119/><E119/><V68/><F68/><W67/><G67/><T92/><D134/><U22/><E115/><V100/><F100/><W12/><G27/><T103/><D131/><N who="3" m="50185" /><G82/><T128/><D128/><U31/><E31/><V30/><F30/><W102/><G102/><T60/><D103/><U70/><E70/><V55/><F53/><W34/><G34/><T37/><D37/><U49/><E109/><V123/><F123/><W96/><G96/><T113/><D113/><U20/><E110/><V43/><F43/><W93/><G93/><N who="0" m="35915" /><D62/><U91/><E14/><N who="3" m="5738" /><G50/><T19/><D19/><U105/><E105/><V45/><F94/><W5/><G2/><AGARI ba="0,0" hai="0,1,2,6,7,57,60,65" m="35915,48649" machi="2" ten="30,1500,0" yaku="18,1" doraHai="72" who="0" fromWho="3" sc="230,15,234,0,270,0,266,-15" /><INIT seed="4,1,0,5,4,66" ten="245,234,270,251" oya="0" hai0="62,22,16,32,55,77,123,89,45,53,15,56,100" hai1="59,104,13,117,50,38,52,103,61,120,118,37,30" hai2="1,12,130,14,91,112,135,113,42,132,58,97,31" hai3="23,133,69,34,125,65,76,5,20,99,39,35,47"/><T4/><D32/><U122/><E104/><V107/><F1/><W70/><G65/><T87/><D123/><N who="1" m="47147" /><E103/><V49/><F31/><W121/><G5/><T124/><D124/><U85/><E85/><V73/><F73/><W43/><G125/><T29/><D100/><U79/><E79/><V60/><F130/><W7/><G121/><T24/><D77/><U106/><E106/><V10/><F49/><W72/><G99/><T9/><D45/><N who="1" m="27727" /><E13/><V64/><F42/><W108/><G133/><N who="2" m="51273" /><F14/><W92/><G108/><T27/><D55/><N who="1" m="34047" /><E30/><V81/><F107/><W114/><G92/><T67/><D53/><U8/><E8/><V28/><F28/><W110/><G110/><T25/><D29/><U126/><E126/><V3/><F3/><W105/><G105/><T2/><D2/><U33/><E33/><V19/><F81/><AGARI ba="1,0" hai="4,9,15,16,22,24,25,27,56,62,67,81,87,89" machi="81" ten="30,5800,0" yaku="7,1,8,1,54,1" doraHai="66" who="0" fromWho="2" sc="245,61,234,0,270,-61,251,0" owari="306,41.0,234,-17.0,209,-29.0,251,5.0" /></mjloggm>