<mjloggm ver="2.3"><GO type="41" lobby="0"/><UN n0="%E3%82%A6%E3%83%AB%E3%83%88%E3%83%A9%E7%AB%8B%E7%9B%B4" n1="%43%50%59" n2="%E7%9C%9F%E7%90%86%E5%AD%A6" n3="%73%75%65%64%65%35%31" dan="15,14,14,13" rate="2012.01,1988.09,1891.11,1841.07" sx="M,M,M,M"/><TAIKYOKU oya="0"/><INIT seed="0,0,0,3,1,64" ten="250,250,250,250" oya="0" hai0="124,21,2,6,115,17,38,114,70,122,132,75,101" hai1="4,108,13,37,44,19,100,82,33,109,51,72,16" hai2="99,14,74,78,81,96,10,61,48,73,133,118,28" hai3="26,34,18,129,49,29,22,9,23,66,117,98,95"/><T92/><D122/><U121/><E37/><V130/><F130/><W60/><G117/><T53/><D75/><U113/><E121/><V59/><F118/><W71/><G9/><T106/><D106/><U93/><E33/><V107/><F133/><W15/><G129/><T41/><D70/><U79/><E113/><V7/><F74/><W8/><G49/><T112/><D132/><U45/><E4/><V110/><F110/><N who="1" m="42601" /><E13/><V27/><F48/><W90/><AGARI ba="0,0" hai="8,15,18,22,23,26,29,34,60,66,71,90,95,98" machi="90" ten="20,2700,0" yaku="0,1,7,1,52,1" doraHai="64" who="3" fromWho="3" sc="250,-13,250,-7,250,-7,250,27" /><INIT seed="1,0,0,1,2,117" ten="237,243,243,277" oya="1" hai0="44,82,66,64,75,51,5,68,90,69,71,121,122" hai1="79,115,128,20,22,98,33,67,34,30,77,76,42" hai2="106,85,126,28,73,100,61,55,16,25,6,131,59" hai3="56,127,108,50,3,1,15,133,14,74,83,96,2"/><U107/><E115/><V124/><F73/><W13/><G133/><T86/><D5/><U38/><E128/><V97/><F131/><W26/><G96/><T125/><D75/><U21/><E67/><V109/><F109/><W62/><G108/><T32/><D32/><U70/><E70/><V7/><F85/><W104/><G104/><T78/><D78/><U65/><E65/><V123/><F123/><N who="0" m="47114" /><D125/><N who="2" m="48234" /><F16/><W113/><G113/><T54/><AGARI ba="0,0" hai="44,51,54,64,66,68,69,71,82,86,90" m="47114" machi="54" ten="40,8000,1" yaku="13,1,52,3" doraHai="117" who="0" fromWho="0" sc="237,80,243,-40,243,-20,277,-20" /><INIT seed="2,0,0,3,4,125" ten="317,203,223,257" oya="2" hai0="64,5,116,108,4,71,43,101,85,82,23,33,8" hai1="134,70,132,122,87,7,99,80,73,24,58,16,32" hai2="124,78,38,66,2,94,86,68,41,44,76,40,56" hai3="34,84,90,75,1,53,113,21,14,89,111,92,30"/><V121/><F2/><W77/><G1/><T15/><D33/><U12/><E70/><V37/><F121/><W36/><G36/><T18/><D108/><U27/><E73/><V10/><F124/><W93/><G34/><T52/><D64/><U63/><E7/><V95/><F68/><W91/><G111/><T126/><D71/><U57/><E99/><V0/><F41/><W120/><G120/><T48/><D126/><U114/><E114/><V103/><F38/><W3/><G3/><T22/><D43/><U28/><E27/><V127/><F127/><W25/><G113/><T104/><D116/><U67/><E58/><V119/><F119/><W72/><G90/><N who="0" m="51511" /><D101/><U98/><E98/><V26/><F103/><W105/><G105/><T9/><D104/><U133/><E122/><V47/><F47/><W115/><G77/><T65/><D65/><U112/><E112/><V13/><F0/><W29/><G29/><T97/><D97/><U46/><E46/><V31/><F78/><W59/><G14/><N who="0" m="7495" /><D4/><U128/><E87/><V83/><F66/><W100/><G100/><T11/><D11/><N who="1" m="6175" /><E80/><V49/><F37/><W109/><G109/><T35/><D35/><U20/><E32/><V135/><F31/><W79/><G79/><T107/><D107/><U60/><E60/><V62/><F62/><W69/><G69/><T6/><D6/><U118/><E118/><V110/><F110/><W130/><G115/><T102/><D102/><U81/><E81/><V74/><F83/><W51/><G75/><T88/><D88/><U96/><E96/><V61/><F74/><RYUUKYOKU ba="0,0" sc="317,15,203,15,223,-15,257,-15" hai0="5,9,15,22,23,48,52" hai1="20,24,28,57,63,67,128,132,133,134" /><INIT seed="3,1,0,5,1,64" ten="332,218,208,242" oya="3" hai0="48,124,39,134,100,56,110,9,112,106,68,93,125" hai1="101,3,31,38,113,69,118,12,10,19,7,84,60" hai2="121,22,76,78,41,6,97,129,15,14,40,13,104" hai3="35,99,128,17,16,74,27,59,87,55,34,11,96"/><W58/><G74/><T52/><D39/><U119/><E113/><V29/><F121/><W94/><G128/><T83/><D106/><U4/><E38/><V24/><F129/><W23/><G59/><T90/><D100/><U42/><E42/><V133/><F133/><W54/><G87/><T135/><D83/><U91/><E101/><V122/><F122/><W18/><G11/><T61/><D9/><U107/><E31/><V115/><F115/><W30/><G54/><T33/><D33/><U77/><E77/><N who="2" m="29803" /><F104/><W109/><G99/><N who="0" m="57783" /><D110/><U116/><E107/><V25/><F25/><W126/><G126/><N who="0" m="48747" /><D112/><U82/><REACH who="1" step="1"/><E3/><REACH who="1" ten="332,208,208,242" step="2"/><V92/><F6/><W47/><G109/><T51/><D135/><U62/><E62/><V32/><F32/><W49/><REACH who="3" step="1"/><G47/><REACH who="3" ten="332,208,208,232" step="2"/><T75/><D134/><U2/><E2/><V120/><F120/><W111/><G111/><T20/><D75/><U73/><E73/><V79/><N who="2" m="29811" /><V85/><DORA hai="53" /><F85/><W66/><G66/><AGARI ba="1,2" hai="4,7,10,12,19,60,66,69,82,84,91,116,118,119" machi="66" ten="40,5200,0" yaku="1,1,12,1,52,1,53,0" doraHai="64,53" doraHaiUra="130,44" who="1" fromWho="3" sc="332,0,208,75,208,0,232,-55" /><INIT seed="4,0,0,3,1,102" ten="332,283,208,177" oya="0" hai0="67,64,132,35,134,69,61,71,90,47,96,100,111" hai1="122,116,40,55,68,21,103,86,91,50,57,65,34" hai2="10,22,89,75,119,130,112,94,78,118,72,8,13" hai3="39,60,36,66,87,104,135,9,63,77,127,133,16"/><T24/><D90/><U107/><E34/><V80/><F112/><W42/><G63/><T2/><D47/><U41/><E122/><V1/><F72/><W84/><G127/><T31/><D2/><U6/><E6/><V4/><F130/><W79/><G42/><T129/><D129/><U98/><E116/><V81/><F81/><W33/><G33/><T76/><D76/><U126/><E126/><V56/><F56/><W38/><G79/><T27/><D27/><U114/><E114/><V18/><REACH who="2" step="1"/><F10/><REACH who="2" ten="332,283,198,177" step="2"/><W37/><G9/><T30/><D111/><U120/><E57/><V44/><F44/><W105/><G39/><T52/><D69/><U54/><E68/><V17/><F17/><W95/><G16/><T28/><D67/><U49/><E65/><V115/><F115/><W110/><G110/><T3/><D31/><U15/><E120/><V48/><F48/><W82/><G95/><T32/><D30/><U97/><E50/><V59/><F59/><W88/><G36/><T51/><D51/><U62/><E49/><V106/><F106/><W70/><G37/><T5/><D52/><U85/><E55/><V121/><F121/><W45/><G45/><T123/><D123/><U74/><E54/><V83/><F83/><W43/><G38/><T46/><D46/><U93/><E107/><V108/><F108/><W113/><G113/><T23/><D132/><U109/><E109/><V73/><F73/><W131/><G131/><T128/><D134/><U117/><E74/><V125/><F125/><W124/><G124/><T53/><D128/><U99/><E62/><RYUUKYOKU ba="0,1" sc="332,-10,283,-10,198,30,177,-10" hai2="1,4,8,13,18,22,75,78,80,89,94,118,119" /><INIT seed="5,1,1,3,5,93" ten="322,273,228,167" oya="1" hai0="25,61,26,112,86,102,33,52,77,101,45,7,27" hai1="83,99,34,124,98,80,28,54,53,85,11,108,24" hai2="96,14,31,37,100,29,114,88,106,5,103,49,58" hai3="51,74,91,2,94,130,55,70,22,84,12,48,19"/><U43/><E124/><V82/><F37/><W68/><G2/><T72/><D72/><U117/><E117/><V127/><F127/><W73/><G48/><N who="0" m="28687" /><D33/><U79/><E108/><V16/><F5/><W0/><G0/><T128/><D128/><U60/><E43/><V134/><F134/><W129/><G74/><T44/><D112/><U18/><E83/><V118/><F118/><W38/><G38/><T15/><D44/><U131/><E131/><N who="3" m="50186" /><G73/><T125/><D61/><U135/><E135/><V59/><F114/><W47/><AGARI ba="1,1" hai="12,19,22,47,51,55,68,70,84,91,94" m="50186" machi="47" ten="30,1100,0" yaku="19,1" doraHai="93" who="3" fromWho="3" sc="322,-4,273,-6,228,-4,167,24" /><INIT seed="6,0,0,5,1,110" ten="318,267,224,191" oya="2" hai0="59,60,26,63,102,94,68,27,79,125,101,17,72" hai1="31,124,99,71,67,53,132,11,45,35,40,122,103" hai2="87,7,4,39,55,106,62,28,46,61,86,74,12" hai3="115,8,117,121,108,116,112,34,75,135,20,73,43"/><V97/><F74/><N who="3" m="28171" /><G43/><T83/><D125/><U33/><E124/><V54/><F28/><W77/><G108/><T49/><D49/><U78/><E132/><V109/><F109/><W126/><G77/><T37/><D37/><U57/><E78/><V93/><F106/><W111/><G126/><T32/><D32/><U30/><E122/><V25/><F39/><W19/><G111/><T6/><D6/><N who="2" m="2090" /><F25/><N who="3" m="14495" /><G8/><T70/><D27/><U128/><E11/><V81/><F12/><W89/><G89/><T0/><D26/><U47/><E35/><V131/><F131/><W134/><G34/><T129/><D79/><U107/><E128/><V42/><F42/><W58/><G58/><T15/><D59/><U10/><E10/><V91/><F46/><W84/><G84/><N who="2" m="32297" /><F81/><W105/><G105/><T64/><D83/><U96/><E47/><V76/><F76/><W100/><G100/><T52/><D72/><U104/><E33/><V130/><F130/><W29/><G29/><T114/><D101/><U9/><E9/><V65/><F65/><W51/><G51/><T69/><D102/><U24/><E31/><V21/><F21/><W23/><G23/><T127/><D127/><U113/><E67/><V85/><N who="2" m="32305" /><V2/><DORA hai="13" /><F2/><W90/><G90/><T133/><D0/><U123/><E30/><V3/><F3/><W118/><G121/><T92/><D70/><U95/><E123/><V98/><F98/><W82/><G82/><T1/><D68/><U48/><E99/><V41/><F41/><W16/><G16/><T5/><D17/><U56/><E71/><RYUUKYOKU ba="0,0" sc="318,-15,267,-15,224,15,191,15" hai2="54,55,61,62,91,93,97" hai3="112,115,116,117,118,134,135" /><INIT seed="6,1,0,1,1,14" ten="303,252,239,206" oya="2" hai0="30,12,17,21,1,132,122,18,87,116,117,54,16" hai1="15,55,28,96,130,22,72,31,83,118,63,134,78" hai2="99,105,128,121,81,76,89,80,2,77,41,62,43" hai3="108,47,64,5,129,37,35,53,135,40,32,57,67"/><V79/><F2/><W109/><G5/><T6/><D87/><U48/><E130/><V36/><F121/><W49/><G32/><T29/><D54/><U20/><E134/><V56/><F128/><W115/><G129/><T133/><D122/><U93/><E118/><N who="0" m="45673" /><D1/><U74/><E72/><V120/><F120/><W58/><G35/><T34/><D34/><U97/><E63/><V106/><F106/><W90/><G58/><T98/><D98/><U85/><E74/><V84/><F81/><W94/><G135/><N who="0" m="51787" /><D21/><N who="1" m="8299" /><E97/><V125/><F125/><W10/><G10/><AGARI ba="1,0" hai="6,10,12,16,17,18,29,30" m="51787,45673" machi="10" ten="40,16000,3" yaku="12,1,20,1,34,2,52,3,54,1" doraHai="14" who="0" fromWho="3" sc="303,163,252,0,239,0,206,-163" /><INIT seed="7,0,0,5,4,74" ten="466,252,239,43" oya="3" hai0="129,66,18,42,41,62,123,106,109,100,91,81,94" hai1="110,45,89,68,127,67,131,54,29,65,49,101,135" hai2="43,16,53,27,9,114,116,128,69,72,46,92,11" hai3="87,88,7,103,6,17,112,77,30,24,40,134,10"/><W64/><G103/><T55/><D123/><U70/><E110/><V107/><F107/><W20/><G64/><T5/><D5/><U38/><E135/><V98/><F116/><W104/><G104/><T21/><D129/><U60/><E131/><V52/><F128/><W108/><G134/><T14/><D109/><U93/><E101/><N who="2" m="60615" /><F72/><W79/><G6/><T63/><D106/><U0/><E127/><V102/><F69/><W97/><G97/><N who="0" m="59447" /><D55/><N who="2" m="21066" /><F102/><W125/><G125/><T118/><D118/><U99/><E0/><V75/><F75/><W78/><G108/><T117/><D117/><U57/><E29/><V34/><F34/><W28/><G112/><T1/><D1/><U119/><E119/><V61/><F114/><W105/><G105/><T32/><D32/><U71/><E38/><V37/><F61/><N who="0" m="23050" /><D66/><U85/><E67/><V83/><F83/><W12/><REACH who="3" step="1"/><G40/><REACH who="3" ten="466,252,239,33" step="2"/><T96/><D96/><U59/><E99/><V56/><F43/><W13/><G13/><T15/><D15/><U121/><E121/><V90/><F27/><W111/><G111/><T132/><D132/><U36/><E65/><V115/><F115/><W133/><G133/><T33/><D33/><U124/><E70/><V113/><F113/><W73/><G73/><T35/><D35/><U3/><E71/><V50/><F37/><W120/><G120/><T126/><D126/><U48/><E124/><V22/><F11/><W51/><G51/><T80/><D42/><U82/><E36/><V47/><F9/><W39/><G39/><T130/><D41/><U31/><E49/><V76/><F50/><RYUUKYOKU ba="0,1" sc="466,-10,252,-10,239,-10,33,30" hai3="7,10,12,17,20,24,28,30,77,78,79,87,88" /><INIT seed="7,1,1,5,5,18" ten="456,242,229,63" oya="3" hai0="88,126,4,48,102,43,131,58,99,52,106,60,3" hai1="75,34,30,23,45,101,53,8,73,107,41,94,72" hai2="37,39,69,132,128,104,32,7,77,90,10,84,127" hai3="65,61,20,110,124,125,55,6,122,114,68,117,19"/><W105/><G105/><T2/><D126/><N who="3" m="48745" /><G122/><T83/><D131/><U56/><E34/><V133/><F127/><W28/><G117/><T103/><D103/><U50/><E107/><V29/><F104/><W70/><G6/><T27/><D4/><U120/><E8/><V35/><F128/><W96/><G96/><T116/><D116/><U129/><E120/><V123/><F69/><N who="3" m="42159" /><G110/><T112/><D112/><U71/><E129/><V63/><F123/><W13/><G28/><T64/><D43/><U11/><E71/><N who="3" m="27178" /><G55/><T109/><D109/><U59/><E75/><V87/><F29/><W21/><G114/><T5/><D5/><U49/><E73/><V38/><F77/><W121/><G121/><T31/><D83/><U47/><E72/><V74/><F74/><W93/><G93/><T76/><D76/><U115/><E115/><V14/><F87/><W100/><G100/><T135/><D88/><U16/><E94/><V33/><F90/><W17/><G17/><T118/><D118/><U80/><E101/><V9/><F84/><W62/><G62/><T134/><D2/><U78/><E30/><V98/><F98/><W91/><G91/><T24/><D3/><U66/><E78/><V85/><F85/><W79/><G79/><T81/><D81/><U46/><E80/><V25/><F63/><W86/><G86/><T12/><D31/><U42/><E66/><V15/><F25/><W92/><G92/><T22/><D27/><U36/><E11/><AGARI ba="1,1" hai="11,13,19,20,21" m="27178,42159,48745" machi="11" ten="30,5800,0" yaku="18,1,52,2" doraHai="18" who="3" fromWho="1" sc="456,0,242,-61,229,0,63,71" /><INIT seed="7,2,0,0,2,123" ten="456,181,229,134" oya="3" hai0="3,14,58,100,48,1,72,122,53,106,30,127,66" hai1="52,73,91,121,81,63,89,70,25,56,134,84,94" hai2="104,33,120,27,54,92,29,76,75,74,43,132,119" hai3="128,41,111,103,37,130,105,86,64,110,71,129,85"/><W60/><G37/><T82/><D122/><U7/><E121/><V99/><F104/><W17/><G41/><T9/><D127/><U126/><E126/><V4/><F120/><W67/><G64/><T6/><D106/><U18/><E134/><V97/><F119/><W11/><G105/><T5/><D100/><U133/><E133/><V112/><F132/><W38/><G38/><T57/><D6/><U95/><E70/><V40/><F75/><W47/><G47/><T101/><D101/><U26/><E7/><V61/><F4/><W79/><G103/><T2/><D30/><U0/><E0/><V59/><F112/><W87/><G79/><T115/><D115/><U62/><E62/><V68/><F97/><W113/><G113/><T13/><D13/><AGARI ba="2,0" hai="11,13,17,60,67,71,85,86,87,110,111,128,129,130" machi="13" ten="50,9600,0" yaku="19,1,52,2" doraHai="123" who="3" fromWho="0" sc="456,-102,181,0,229,0,134,102" /><INIT seed="7,3,0,2,2,36" ten="354,181,229,236" oya="3" hai0="7,121,64,76,25,54,87,66,70,98,78,84,22" hai1="29,5,105,118,55,125,27,128,99,14,129,49,38" hai2="112,9,62,106,23,53,90,20,92,115,109,134,8" hai3="104,33,43,81,48,93,74,4,46,127,59,124,97"/><W88/><G33/><T68/><D70/><U119/><E38/><V126/><F106/><W132/><G104/><T89/><D68/><U110/><E110/><V3/><F109/><W123/><G123/><T34/><D34/><U16/><E5/><V19/><F126/><N who="3" m="48171" /><G4/><T67/><D121/><U6/><E6/><V30/><F30/><W82/><G74/><T63/><D7/><U44/><E125/><V17/><F134/><W28/><G28/><N who="0" m="17463" /><D98/><U50/><E50/><V100/><F100/><W111/><G132/><T133/><D133/><U71/><E71/><V32/><F32/><W96/><G96/><T40/><D40/><U39/><E39/><V58/><F3/><W131/><G111/><T18/><D18/><N who="2" m="6666" /><F112/><W91/><G91/><T52/><D87/><U31/><E105/><V2/><F2/><W122/><G122/><T117/><D117/><N who="1" m="44555" /><E99/><N who="2" m="57751" /><F115/><W42/><G131/><N who="1" m="50250" /><E27/><V41/><F41/><N who="3" m="15371" /><G59/><N who="0" m="35303" /><D54/><AGARI ba="3,0" hai="46,48,54,81,82,88,93,97" m="15371,48171" machi="54" ten="30,12000,1" yaku="18,1,52,3,54,1" doraHai="36" who="3" fromWho="0" sc="354,-129,181,0,229,0,236,129" owari="225,-17.0,181,-32.0,229,3.0,365,46.0" /></mjloggm>