<mjloggm ver="2.3"><GO type="193" lobby="0"/><UN n0="%E5%B0%B1%E6%B4%BB%E7%94%9F%40%E5%B7%9D%E6%9D%91%E8%BB%8D%E5%9B%A3" n1="%E3%82%B3%E3%83%AF%E3%83%A2%E3%83%86%E7%94%B7" n2="%6D%69%79%61%68%6F%6E" n3="%6E%69%63%6F%74%76" dan="11,13,12,11" rate="1779.16,1804.56,1691.95,1605.58" sx="M,M,M,M"/><TAIKYOKU oya="0"/><INIT seed="0,0,0,1,0,74" ten="250,250,250,250" oya="0" hai0="39,14,121,17,37,130,49,127,79,104,100,20,62" hai1="76,123,60,101,42,107,92,21,86,115,53,108,32" hai2="72,58,38,0,4,29,95,23,66,132,116,82,1" hai3="30,135,91,109,125,2,69,112,34,122,119,31,68"/><T78/><D121/><U84/><E123/><V73/><F38/><W117/><G31/><T90/><D127/><U93/><E32/><V98/><F116/><W126/><G119/><T71/><D130/><U3/><E3/><V43/><F132/><W65/><G65/><T56/><D71/><U10/><E42/><V51/><F0/><W40/><G30/><T103/><D39/><U5/><E115/><V13/><F1/><W131/><G126/><T110/><D37/><U96/><E108/><V105/><F105/><W55/><G55/><N who="0" m="34079" /><D104/><U129/><E129/><V33/><F33/><W26/><G26/><T41/><D90/><U64/><E53/><N who="2" m="32063" /><F72/><W89/><G89/><T111/><D100/><U67/><E67/><V25/><F73/><W36/><G91/><T133/><D103/><U83/><E21/><V24/><F24/><W77/><G77/><T120/><D120/><U15/><REACH who="1" step="1"/><E86/><REACH who="1" ten="250,240,250,250" step="2"/><V114/><F66/><W102/><G40/><T88/><D133/><U87/><E87/><V61/><F43/><W8/><G8/><T85/><D111/><U18/><E18/><V46/><F114/><W124/><G102/><T70/><D110/><U27/><E27/><V80/><F25/><W16/><G16/><T97/><D97/><U50/><E50/><V7/><F4/><W99/><G99/><T11/><D20/><U81/><E81/><V134/><F7/><W52/><G52/><T12/><D12/><U59/><AGARI ba="0,1" hai="5,10,15,59,60,64,76,83,84,92,93,96,101,107" machi="59" ten="20,8000,1" yaku="1,1,0,1,7,1,52,1,53,1" doraHai="74" doraHaiUra="75" who="1" fromWho="1" sc="250,-40,240,90,250,-20,250,-20" /><INIT seed="1,0,0,4,0,0" ten="210,330,230,230" oya="1" hai0="129,10,89,117,49,83,110,96,57,99,29,97,60" hai1="38,88,40,113,120,3,11,34,111,2,108,87,24" hai2="65,80,72,94,123,95,135,131,121,7,32,112,132" hai3="119,25,115,28,118,90,64,114,93,76,37,44,128"/><U82/><E120/><N who="2" m="46155" /><F32/><W19/><G76/><T33/><D117/><U70/><E70/><V98/><F65/><W36/><G64/><T73/><D129/><U9/><E113/><V20/><F112/><W124/><G19/><T130/><D130/><U79/><E34/><V127/><F131/><W91/><G25/><T126/><D126/><U16/><E38/><V31/><F127/><W106/><G128/><T48/><D110/><N who="1" m="42027" /><E40/><V85/><F72/><W27/><G27/><T45/><D33/><U14/><E24/><N who="2" m="16775" /><F7/><W15/><G28/><T50/><D29/><U84/><E9/><V8/><F8/><W92/><G15/><T122/><D122/><U39/><E39/><V55/><F55/><W67/><G67/><T21/><D21/><U6/><E6/><V81/><F98/><W116/><G44/><T125/><D125/><U102/><E102/><V69/><F69/><W66/><G66/><T18/><D73/><U63/><E63/><V23/><F23/><W109/><G118/><T68/><D68/><U56/><E56/><V78/><F81/><AGARI ba="0,0" hai="2,3,11,14,16,79,81,82,84,87,88" m="42027" machi="81" ten="30,11600,0" yaku="14,1,10,1,54,2" doraHai="0" who="1" fromWho="2" sc="210,0,330,116,230,-116,230,0" /><INIT seed="1,1,0,0,4,2" ten="210,446,114,230" oya="1" hai0="82,113,111,20,94,125,81,67,124,32,7,110,6" hai1="128,102,86,14,99,98,0,100,36,130,123,58,84" hai2="23,4,33,116,133,54,66,107,53,17,70,108,45" hai3="106,63,25,5,127,9,96,15,88,49,65,62,114"/><U92/><E36/><V41/><F33/><W18/><G127/><N who="0" m="48715" /><D32/><U119/><E0/><V43/><F107/><W39/><G114/><T24/><D113/><U3/><E3/><V35/><F35/><W13/><G39/><T112/><D112/><U57/><E14/><V28/><F116/><W48/><G106/><T30/><D67/><U104/><E119/><V55/><F108/><N who="0" m="41514" /><D94/><U131/><E123/><V44/><F133/><W46/><G25/><T40/><D40/><U56/><AGARI ba="1,0" hai="56,57,58,84,86,92,98,99,100,102,104,128,130,131" machi="56" ten="40,3900,0" yaku="0,1,19,1" doraHai="2" who="1" fromWho="1" sc="210,-14,446,42,114,-14,230,-14" /><INIT seed="1,2,0,5,3,76" ten="196,488,100,216" oya="1" hai0="97,84,23,19,12,119,5,107,102,63,20,103,127" hai1="85,40,32,126,18,129,24,106,78,118,96,91,88" hai2="17,51,59,125,74,41,14,9,45,77,121,15,67" hai3="90,135,116,36,11,50,61,79,110,92,28,130,94"/><U4/><E118/><V108/><F121/><W6/><G116/><T120/><D119/><U55/><E40/><V75/><F77/><W26/><G110/><T30/><D120/><U114/><E114/><V64/><F108/><W22/><G135/><T58/><D127/><U86/><E126/><V122/><F122/><W71/><G36/><T8/><D103/><U69/><E69/><V73/><F125/><W117/><G117/><T65/><D30/><U82/><E4/><V72/><N who="2" m="18432" /><DORA hai="101" /><V31/><F31/><W56/><G71/><T16/><D84/><U13/><E129/><V44/><F44/><W3/><G79/><T132/><D132/><U80/><E32/><V70/><F70/><W111/><G111/><T62/><REACH who="0" step="1"/><D63/><REACH who="0" ten="186,488,100,216" step="2"/><U98/><E106/><V53/><REACH who="2" step="1"/><F15/><REACH who="2" ten="186,488,90,216" step="2"/><W81/><G130/><T25/><D25/><U60/><E24/><V42/><F42/><W48/><G94/><T37/><D37/><AGARI ba="2,2" hai="9,14,17,37,41,45,51,53,59,64,67" m="18432" machi="37" ten="70,2300,0" yaku="1,1,53,0" doraHai="76,101" doraHaiUra="27,134" who="2" fromWho="0" sc="186,-29,488,0,90,49,216,0" /><INIT seed="2,0,0,1,3,92" ten="157,488,139,216" oya="2" hai0="70,50,127,48,88,54,21,41,37,133,67,72,109" hai1="0,121,97,38,111,9,57,59,23,79,69,114,87" hai2="117,105,14,2,125,35,75,65,123,135,77,73,18" hai3="56,58,100,91,119,43,4,61,60,104,55,96,42"/><V15/><F2/><W16/><G119/><T39/><D72/><U103/><E69/><V66/><F117/><W110/><G110/><T98/><D127/><U44/><E114/><V32/><F123/><W107/><G4/><T68/><D133/><U128/><E111/><V94/><F105/><W1/><G1/><T27/><D109/><U13/><E121/><V11/><F135/><W86/><G107/><T33/><D33/><N who="2" m="12874" /><F125/><W29/><G29/><T20/><D68/><U82/><E0/><V8/><F77/><W81/><G16/><T64/><D70/><U118/><E118/><V122/><F94/><W10/><G10/><N who="2" m="3625" /><F122/><W115/><REACH who="3" step="1"/><G115/><REACH who="3" ten="157,488,139,206" step="2"/><T51/><D54/><AGARI ba="0,1" hai="42,43,54,55,56,58,60,61,81,86,91,96,100,104" machi="54" ten="30,12000,2" yaku="1,1,2,1,7,1,9,1,52,1,53,1" doraHai="92" doraHaiUra="80" who="3" fromWho="0" sc="157,-120,488,0,139,0,206,130" /><INIT seed="3,0,0,5,3,69" ten="37,488,139,336" oya="3" hai0="10,97,1,68,126,130,66,87,77,74,125,131,101" hai1="111,104,45,2,34,98,100,30,55,90,86,60,94" hai2="36,41,33,135,81,78,5,121,8,44,110,23,27" hai3="79,48,4,40,118,7,71,106,11,92,29,13,49"/><W17/><G118/><T95/><D10/><U82/><E2/><V75/><F33/><W15/><G106/><T12/><D66/><U70/><E111/><V65/><F110/><W24/><G71/><T56/><D56/><U133/><E133/><V107/><F121/><W76/><G40/><T115/><D12/><U3/><E3/><V93/><F135/><W20/><G92/><T73/><D68/><U18/><E18/><V96/><F107/><W62/><G62/><T43/><D1/><U120/><E120/><V80/><F65/><W58/><G49/><T124/><D43/><U83/><E45/><V31/><F81/><W39/><G39/><T64/><D64/><N who="1" m="41223" /><E55/><V127/><F127/><W72/><G72/><T35/><D35/><U52/><E52/><V42/><F42/><W89/><G89/><T0/><D0/><U123/><E123/><V128/><F128/><N who="0" m="49194" /><D115/><U38/><E38/><V28/><F93/><W54/><G11/><T109/><D109/><U117/><E117/><V19/><REACH who="2" step="1"/><F96/><REACH who="2" ten="37,488,129,336" step="2"/><W132/><G132/><T134/><D134/><U21/><E21/><V119/><F119/><W91/><G91/><N who="0" m="53759" /><D77/><U16/><E16/><V63/><F63/><W84/><G79/><T14/><D14/><AGARI ba="0,1" hai="5,8,14,19,23,27,28,31,36,41,44,75,78,80" machi="14" ten="30,3900,0" yaku="1,1,7,1,52,1,53,0" doraHai="69" doraHaiUra="99" who="2" fromWho="0" sc="37,-39,488,0,129,49,336,0" owari="-2,-50.0,488,58.0,178,-22.0,336,14.0" /></mjloggm>