<mjloggm ver="2.3"><GO type="97" lobby="0"/><UN n0="%E3%82%A6%E3%83%AB%E3%83%88%E3%83%A9%E7%AB%8B%E7%9B%B4" n1="%E7%AB%8B%E8%8A%B1%E5%88%A9%E8%8F%9C" n2="%48%61%72%72%69%73%73" n3="%E5%B1%8B%E6%A0%B9%E8%A3%8F%E3%81%AE%E5%8A%A0%E8%97%A4%E9%B7%B9" dan="13,13,13,14" rate="1841.29,1836.19,1934.68,1991.66" sx="M,M,M,M"/><TAIKYOKU oya="0"/><INIT seed="0,0,0,4,4,21" ten="250,250,250,250" oya="0" hai0="33,76,86,71,84,51,38,1,17,113,24,78,18" hai1="48,120,127,11,85,35,49,62,30,29,92,100,67" hai2="98,109,83,6,25,59,87,55,58,116,8,41,101" hai3="107,7,126,93,36,22,14,44,23,91,2,50,15"/><T89/><D51/><U134/><E120/><V52/><F109/><W9/><G107/><T31/><D113/><U105/><E105/><V103/><F41/><W34/><G34/><T128/><D71/><U66/><E134/><V75/><F75/><W110/><G110/><T114/><D114/><U73/><E73/><V53/><F116/><W45/><G126/><T64/><D64/><U108/><E108/><V43/><F43/><W132/><G132/><T46/><D1/><U63/><E127/><V13/><F25/><W115/><G115/><T79/><D128/><U65/><E11/><V10/><F10/><W32/><G32/><T74/><D74/><U20/><E35/><V80/><F80/><W28/><G36/><T69/><D69/><U82/><E30/><V94/><REACH who="2" step="1"/><F103/><REACH who="2" ten="250,250,240,250" step="2"/><W125/><G125/><T130/><D130/><U118/><E118/><V104/><F104/><W111/><G111/><T60/><D38/><U135/><E135/><V70/><F70/><W90/><G9/><T124/><D124/><U81/><E100/><V121/><F121/><W131/><G131/><T26/><D46/><U97/><E82/><V0/><F0/><W47/><G2/><T4/><D4/><U37/><E37/><V133/><F133/><W68/><G68/><T56/><D26/><N who="1" m="16583" /><E81/><V99/><F99/><W88/><G7/><T61/><D86/><U40/><E97/><V117/><F117/><W19/><G28/><T3/><D3/><U5/><E5/><V27/><F27/><W96/><G96/><T77/><N who="0" m="19456" /><DORA hai="16" /><T39/><D39/><U122/><E122/><RYUUKYOKU ba="0,1" sc="250,-10,250,-10,240,30,250,-10" hai2="6,8,13,52,53,55,58,59,83,87,94,98,101" /><INIT seed="1,1,1,1,1,122" ten="240,240,270,240" oya="1" hai0="70,32,118,11,23,119,69,94,133,78,96,120,64" hai1="48,3,39,10,124,25,128,22,92,19,37,66,97" hai2="89,98,56,102,46,44,106,110,114,85,45,95,24" hai3="115,125,55,27,29,75,8,33,112,59,40,4,76"/><U82/><E124/><V109/><F114/><W123/><G123/><T90/><D32/><U107/><E107/><V28/><REACH who="2" step="1"/><F56/><REACH who="2" ten="240,240,260,240" step="2"/><W81/><G125/><T42/><D119/><U121/><E121/><V60/><F60/><W62/><REACH who="3" step="1"/><G40/><REACH who="3" ten="240,240,260,230" step="2"/><T88/><D42/><U20/><E128/><V127/><F127/><W9/><G9/><T103/><D11/><U41/><E10/><V1/><F1/><AGARI ba="1,3" hai="1,4,8,27,29,33,55,59,62,75,76,81,112,115" machi="1" ten="30,3900,0" yaku="1,1,7,1,53,1" doraHai="122" doraHaiUra="57" who="3" fromWho="2" sc="240,0,240,0,260,-42,230,72" /><INIT seed="2,0,0,0,5,100" ten="240,240,218,302" oya="2" hai0="33,101,65,70,108,43,6,8,61,109,31,62,42" hai1="51,125,128,60,81,107,78,122,98,39,18,37,3" hai2="83,20,57,34,45,71,73,23,50,135,13,36,127" hai3="30,1,52,82,72,130,114,86,10,58,53,79,93"/><V97/><F34/><W133/><G130/><T26/><D62/><U68/><E122/><V35/><F35/><W102/><G133/><T17/><D17/><U90/><E3/><V85/><F71/><W118/><G118/><T47/><D101/><U92/><E128/><V134/><F73/><W49/><G114/><T129/><D129/><U2/><E2/><V0/><F0/><W25/><G53/><T9/><D43/><U69/><E125/><V106/><F127/><W48/><G48/><T29/><D29/><U116/><E116/><V131/><F131/><W110/><G110/><N who="0" m="42603" /><D6/><U104/><E39/><AGARI ba="0,0" hai="8,9,26,31,33,39,42,47,61,65,70" m="42603" machi="39" ten="30,1000,0" yaku="14,1" doraHai="100" who="0" fromWho="1" sc="240,10,240,-10,218,0,302,0" /><INIT seed="3,0,0,2,5,112" ten="250,230,218,302" oya="3" hai0="88,66,82,123,120,69,96,9,13,58,45,21,114" hai1="128,26,80,50,83,71,115,87,39,28,103,65,62" hai2="133,48,31,94,70,14,36,97,3,23,72,111,47" hai3="76,29,44,40,5,24,91,130,90,22,131,42,124"/><W63/><G76/><T30/><D69/><U27/><E115/><V119/><F3/><W110/><G124/><T134/><D134/><U118/><E39/><V15/><F72/><W61/><G5/><N who="0" m="3247" /><D114/><U20/><E118/><V122/><F36/><W6/><G6/><T32/><D32/><U54/><E128/><N who="3" m="49194" /><G110/><T117/><D117/><U55/><E103/><V68/><F119/><W89/><G42/><T64/><D120/><U100/><E100/><V99/><F133/><W67/><G67/><N who="0" m="25643" /><D123/><U78/><E83/><V18/><F122/><W25/><G24/><N who="0" m="16655" /><D58/><U34/><REACH who="1" step="1"/><E50/><AGARI ba="0,0" hai="22,25,29,40,44,50,61,63,89,90,91" m="49194" machi="50" ten="30,1500,0" yaku="19,1" doraHai="112" who="3" fromWho="1" sc="250,0,230,-15,218,0,302,15" owari="250,5.0,215,-28.0,218,-18.0,317,41.0" /></mjloggm>