<mjloggm ver="2.3"><GO type="169" lobby="0"/><UN n0="%E3%82%A6%E3%83%AB%E3%83%88%E3%83%A9%E7%AB%8B%E7%9B%B4" n1="%E3%81%BE%E3%83%BC%E3%81%A1%E3%82%83%E3%82%80" n2="%6D%65%24%6F" n3="%E5%BB%A3%E7%94%B0%E3%81%82%E3%81%84%E3%81%8B" dan="17,16,16,16" rate="2112.69,2082.72,2065.46,2100.46" sx="M,F,M,F"/><TAIKYOKU oya="0"/><INIT seed="0,0,0,3,2,13" ten="250,250,250,250" oya="0" hai0="18,126,7,35,22,45,113,128,79,65,30,85,1" hai1="28,59,73,33,109,89,87,26,9,50,34,21,61" hai2="37,14,41,44,108,77,96,60,120,29,100,115,110" hai3="127,122,88,64,48,17,58,130,83,12,72,101,69"/><T46/><D113/><U19/><E73/><V20/><F115/><W67/><G69/><T78/><D126/><U76/><E76/><V105/><F120/><W40/><G122/><T102/><D102/><U70/><E70/><V27/><F77/><W129/><G127/><T54/><D65/><U0/><E109/><N who="2" m="42091" /><F14/><W3/><G3/><T84/><D128/><N who="3" m="49257" /><G101/><T25/><D79/><U98/><E50/><V11/><F11/><N who="3" m="6303" /><G72/><T133/><D133/><U32/><E98/><V124/><F124/><W2/><G2/><T117/><D117/><U53/><E0/><V81/><F81/><W93/><G83/><T82/><D85/><U57/><E57/><V15/><F15/><W24/><G24/><T121/><D121/><U95/><REACH who="1" step="1"/><E9/><REACH who="1" ten="250,240,250,250" step="2"/><V68/><F68/><W94/><G58/><T118/><D1/><U86/><E86/><V5/><F60/><W132/><G132/><T131/><D84/><U116/><E116/><V39/><F39/><W43/><G48/><T97/><D118/><U90/><E90/><V107/><F107/><W111/><G111/><T80/><D78/><U16/><AGARI ba="0,1" hai="16,19,21,26,28,32,33,34,53,59,61,87,89,95" machi="16" ten="40,8000,1" yaku="1,1,0,1,52,2,54,1,53,0" doraHai="13" doraHaiUra="47" who="1" fromWho="1" sc="250,-40,240,90,250,-20,250,-20" /><INIT seed="1,0,0,2,5,86" ten="210,330,230,230" oya="1" hai0="35,113,94,17,99,100,122,59,12,83,71,134,74" hai1="52,125,109,95,49,119,106,34,69,87,2,110,127" hai2="89,54,121,43,130,63,31,16,135,114,129,73,40" hai3="104,97,48,41,14,58,20,46,61,80,66,79,112"/><U39/><E39/><V90/><F121/><W124/><G112/><T84/><D71/><U118/><E106/><V36/><F114/><W32/><G32/><T33/><D113/><U70/><E34/><V10/><F73/><W44/><G124/><N who="1" m="47690" /><E2/><V4/><F31/><W105/><G97/><T5/><D134/><U126/><E87/><V103/><F103/><W120/><G120/><T75/><D5/><U111/><E95/><V98/><F98/><W23/><G23/><T3/><D3/><U1/><E1/><V50/><F63/><W64/><G64/><T62/><D122/><U101/><E101/><V19/><F135/><W78/><G78/><T21/><D35/><U11/><E11/><V28/><F28/><W76/><G76/><T81/><D81/><U7/><E7/><V82/><F82/><W13/><G104/><T67/><REACH who="0" step="1"/><D33/><REACH who="0" ten="200,330,230,230" step="2"/><U117/><N who="1" m="47698" /><U56/><AGARI ba="0,1" hai="49,52,56,69,70,109,110,111,117,118,119" m="47698" machi="56" ten="60,18000,2" yaku="4,1,14,1,10,1,18,1,34,2,54,1" doraHai="86" who="1" fromWho="1" sc="200,-60,330,190,230,-60,230,-60" /><INIT seed="1,1,0,4,1,35" ten="140,520,170,170" oya="1" hai0="106,123,122,119,121,77,91,33,126,132,82,58,74" hai1="14,0,68,61,73,5,110,48,15,51,34,52,8" hai2="102,6,100,60,54,59,49,104,85,23,87,46,43" hai3="118,27,130,7,107,12,38,17,16,22,42,111,81"/><U112/><E34/><V2/><F23/><W53/><G107/><T64/><D33/><U108/><E112/><V21/><F21/><W37/><G130/><T131/><D64/><N who="1" m="40975" /><E51/><V86/><REACH who="2" step="1"/><F104/><REACH who="2" ten="140,520,160,170" step="2"/><W18/><G22/><T69/><D106/><U72/><E72/><V10/><AGARI ba="1,1" hai="2,6,10,43,46,49,54,59,60,85,86,87,100,102" machi="10" ten="30,7900,0" yaku="1,1,2,1,0,1,52,1,53,0" doraHai="35" doraHaiUra="13" who="2" fromWho="2" sc="140,-21,520,-40,160,92,170,-21" /><INIT seed="2,0,0,2,2,105" ten="119,480,252,149" oya="2" hai0="97,128,109,24,98,78,91,60,38,27,89,56,133" hai1="52,34,118,54,17,11,92,65,29,5,35,39,85" hai2="66,114,57,62,110,94,37,83,20,8,63,107,59" hai3="23,117,45,99,7,122,95,42,130,127,113,131,16"/><V32/><F107/><W49/><G122/><T88/><D38/><U80/><E39/><V70/><F32/><W41/><G117/><T43/><D109/><U28/><E65/><V67/><F114/><W104/><G104/><T74/><D128/><N who="3" m="49193" /><G113/><T76/><D133/><U1/><E118/><V26/><F110/><W30/><G30/><T123/><D43/><U73/><E73/><V100/><F37/><W111/><G111/><T51/><D51/><U40/><E40/><V48/><F8/><W124/><G7/><T61/><D123/><U19/><E92/><V2/><F2/><W77/><G77/><N who="0" m="29803" /><D74/><U93/><E93/><V50/><F83/><W15/><G42/><T81/><D81/><U72/><E72/><V31/><F70/><W119/><G119/><T47/><D47/><U134/><E134/><V9/><F9/><W71/><G71/><T106/><D106/><U103/><E103/><AGARI ba="0,0" hai="15,16,23,41,45,49,95,99,103,124,127" m="49193" machi="103" ten="30,2000,0" yaku="19,1,54,1" doraHai="105" who="3" fromWho="1" sc="119,0,480,-20,252,0,149,20" /><INIT seed="3,0,0,0,5,31" ten="119,460,252,169" oya="3" hai0="17,66,14,12,28,22,102,69,38,19,51,10,112" hai1="114,87,70,72,73,115,20,119,23,99,113,90,85" hai2="132,88,53,118,133,104,5,109,57,47,98,3,48" hai3="110,46,21,27,62,60,77,125,63,124,106,89,0"/><W76/><G106/><T96/><D38/><U50/><E70/><V32/><F118/><W122/><G0/><T75/><D75/><U45/><E119/><V49/><F109/><W54/><G122/><T35/><D112/><U107/><E23/><V29/><F5/><W30/><G110/><T56/><D69/><U121/><E20/><V68/><F68/><W26/><G89/><T117/><D117/><U74/><E121/><V83/><F3/><W2/><G2/><T41/><D41/><U67/><E67/><V8/><F8/><W130/><G130/><T127/><D127/><N who="3" m="48713" /><G26/><T101/><D96/><U80/><E50/><AGARI ba="0,0" hai="21,27,30,46,50,54,60,62,63,76,77" m="48713" machi="50" ten="30,1500,0" yaku="18,1" doraHai="31" who="3" fromWho="1" sc="119,0,460,-15,252,0,169,15" /><INIT seed="3,1,0,0,0,3" ten="119,445,252,184" oya="3" hai0="114,8,69,84,21,35,23,18,106,51,42,95,54" hai1="87,29,6,119,88,2,115,77,126,25,24,43,75" hai2="57,4,71,124,12,39,34,98,17,96,67,76,7" hai3="132,40,108,130,1,65,104,89,61,38,134,105,80"/><W45/><G130/><T49/><D106/><U131/><E115/><V41/><F71/><N who="3" m="42415" /><G1/><T125/><D69/><U16/><E131/><V31/><F39/><W99/><G108/><T47/><D35/><U66/><E119/><V85/><F34/><W94/><G80/><T60/><D114/><U79/><E75/><V113/><F31/><W128/><G128/><T90/><D60/><U5/><E66/><V32/><F32/><W81/><G81/><T133/><D133/><AGARI ba="1,0" hai="38,40,45,89,94,99,104,105,132,133,134" m="42415" machi="133" ten="30,1500,0" yaku="20,1" doraHai="3" who="3" fromWho="0" sc="119,-18,445,0,252,0,184,18" /><INIT seed="3,2,0,1,2,64" ten="101,445,252,202" oya="3" hai0="21,70,87,135,111,77,49,36,65,115,33,133,7" hai1="80,45,3,22,91,37,28,71,117,8,76,88,20" hai2="58,116,35,59,122,60,94,34,69,100,127,4,99" hai3="84,104,39,61,112,27,55,18,114,74,121,13,31"/><W90/><G104/><T107/><D33/><U0/><E117/><V53/><F116/><W89/><G74/><T124/><D36/><U128/><E128/><V19/><F127/><W38/><G121/><T103/><D124/><U119/><E119/><V83/><F122/><W10/><G39/><T16/><D7/><U110/><E110/><V25/><F4/><W92/><G38/><T120/><D120/><U30/><E71/><V32/><F83/><W85/><G55/><T51/><D111/><U118/><E118/><V98/><F69/><W86/><G61/><N who="0" m="40239" /><D103/><U54/><E54/><V97/><F19/><W68/><G68/><T113/><D107/><U6/><E0/><V5/><F5/><W46/><G46/><T78/><D51/><U23/><E30/><V44/><F44/><W134/><G134/><N who="0" m="51211" /><D49/><U129/><E28/><V123/><F123/><W43/><G43/><T29/><D29/><U14/><E129/><V48/><F34/><W62/><G62/><T102/><D102/><U105/><E105/><V109/><F109/><W41/><G41/><T130/><D130/><U95/><E14/><V66/><F35/><W108/><G108/><T67/><D67/><U73/><REACH who="1" step="1"/><E95/><REACH who="1" ten="101,435,252,202" step="2"/><N who="2" m="58431" /><F32/><N who="3" m="20607" /><G92/><T24/><D87/><U12/><E12/><V2/><F2/><W57/><G85/><T47/><D47/><U82/><E82/><V75/><F75/><W96/><G57/><T11/><D11/><U126/><E126/><V56/><F94/><N who="3" m="56407" /><G84/><T52/><D52/><U101/><E101/><V26/><F59/><W63/><G63/><T132/><D132/><U93/><E93/><RYUUKYOKU ba="2,1" sc="101,0,435,0,252,0,202,0" hai0="16,21,24,77,78,113,115" hai1="3,6,8,20,22,23,37,45,73,76,80,88,91" hai2="25,26,48,53,56,58,60,66,98,99" hai3="10,13,18,86,89,112,114" /><INIT seed="3,3,1,1,5,22" ten="101,435,252,202" oya="3" hai0="14,9,81,33,16,0,109,23,51,119,132,120,40" hai1="12,123,92,39,82,85,48,114,68,25,2,117,7" hai2="133,8,122,128,95,93,26,69,20,78,27,106,24" hai3="66,38,126,58,76,90,134,29,105,3,57,124,94"/><W87/><G38/><T1/><D120/><U86/><E68/><V101/><F106/><W13/><G105/><T4/><D119/><U34/><E39/><V112/><F112/><W60/><G3/><T64/><D132/><U135/><E114/><V80/><F69/><W31/><G134/><T52/><D109/><U127/><E135/><V71/><F71/><W45/><G45/><T74/><D33/><U83/><E2/><V62/><F133/><W61/><G76/><T113/><D64/><U116/><E123/><V89/><F122/><W47/><G47/><T70/><D70/><U100/><E48/><V35/><F35/><W118/><G13/><T28/><D28/><N who="1" m="19727" /><E127/><N who="3" m="48682" /><G118/><N who="1" m="45674" /><E100/><V5/><F128/><W15/><G15/><T30/><D113/><U129/><E129/><V17/><F62/><W32/><G32/><T103/><D103/><U49/><E49/><V104/><F104/><W91/><G91/><T42/><D0/><U72/><E72/><V50/><F50/><W121/><G121/><T115/><D30/><U97/><E97/><N who="2" m="59583" /><F5/><W79/><G79/><T43/><D115/><U55/><E12/><N who="2" m="7303" /><F78/><W125/><N who="3" m="48690" /><W98/><DORA hai="59" /><G98/><T46/><D74/><U10/><E7/><V107/><F107/><W111/><G111/><T131/><D131/><U108/><E108/><V63/><F20/><W19/><G19/><T102/><D102/><U75/><E75/><V84/><F93/><W88/><G90/><T110/><D110/><U21/><E21/><V36/><F36/><W77/><G77/><T67/><D81/><U54/><E83/><V130/><F130/><RYUUKYOKU ba="3,1" sc="101,10,435,-30,252,10,202,10" hai0="1,4,9,14,16,23,40,42,43,46,51,52,67" hai2="24,26,27,63,80,84,89" hai3="29,31,57,58,60,61,66,87,88,94" /><INIT seed="3,4,1,4,4,9" ten="111,405,262,212" oya="3" hai0="22,66,1,60,95,13,128,108,14,67,113,77,105" hai1="49,17,61,130,12,15,3,106,119,124,43,98,35" hai2="11,53,55,103,82,69,93,120,107,135,79,6,54" hai3="134,28,41,44,104,88,129,20,58,116,127,111,121"/><W32/><G121/><T114/><D105/><U131/><E3/><V27/><F120/><W83/><G116/><T5/><D128/><N who="1" m="49195" /><E35/><V90/><F69/><W99/><G129/><T117/><D117/><U75/><E75/><V109/><F109/><W85/><G127/><T25/><D108/><U40/><E119/><V10/><F135/><W19/><G134/><T24/><D77/><U16/><E124/><V65/><F65/><W63/><G111/><T132/><D132/><U64/><E106/><V23/><F107/><W118/><G118/><T56/><D67/><U110/><E98/><V97/><F103/><W29/><G32/><T62/><D62/><U59/><E110/><V74/><REACH who="2" step="1"/><F6/><REACH who="2" ten="111,405,252,212" step="2"/><W94/><G104/><T57/><D5/><U38/><E38/><V72/><F72/><W102/><G63/><T84/><D60/><U68/><E68/><V80/><F80/><W47/><G58/><T39/><D57/><U42/><E49/><V112/><F112/><W50/><REACH who="3" step="1"/><G47/><REACH who="3" ten="111,405,252,202" step="2"/><T46/><D46/><U133/><E133/><V100/><F100/><W18/><G18/><AGARI ba="4,3" hai="12,15,16,17,18,40,42,43,59,61,64" m="49195" machi="18" ten="30,7700,0" yaku="19,1,52,2,54,1" doraHai="9" who="1" fromWho="3" sc="111,0,405,119,252,0,202,-89" /><AGARI ba="4,0" hai="10,11,18,23,27,53,54,55,74,79,82,90,93,97" machi="18" ten="40,5200,0" yaku="1,1,53,2" doraHai="9" doraHaiUra="4" who="2" fromWho="3" sc="111,0,524,0,252,52,113,-52" /><INIT seed="4,0,0,0,5,5" ten="111,524,304,61" oya="0" hai0="109,1,87,52,91,105,37,111,107,118,46,41,78" hai1="116,127,108,128,115,34,130,51,134,68,124,86,65" hai2="26,12,62,10,57,83,19,43,113,44,110,80,38" hai3="53,50,85,0,135,114,36,94,77,133,15,14,56"/><T8/><D78/><U58/><E34/><V60/><F110/><N who="0" m="41994" /><D118/><U27/><E108/><V30/><F113/><W20/><G114/><T112/><D112/><U55/><E115/><V69/><F69/><W119/><G119/><T61/><D61/><N who="1" m="39983" /><E116/><V72/><F72/><W66/><G36/><T17/><D52/><U49/><E27/><V70/><F70/><W28/><G0/><T101/><D101/><U92/><E92/><V84/><F57/><W32/><G32/><T7/><D17/><U23/><E23/><V16/><F19/><W18/><G66/><T76/><D76/><U22/><E22/><V25/><F25/><W88/><G28/><T2/><D2/><U33/><E33/><V63/><REACH who="2" step="1"/><F84/><REACH who="2" ten="111,524,294,61" step="2"/><W123/><G123/><T74/><D74/><U9/><E86/><V67/><F67/><W126/><G126/><T45/><D45/><U120/><E120/><V96/><F96/><W103/><G103/><T59/><D59/><U99/><E99/><V122/><F122/><W106/><G106/><T79/><D79/><U31/><E58/><V40/><F40/><W117/><G117/><T89/><D89/><U98/><E98/><V125/><F125/><W42/><G42/><T131/><D131/><U93/><E127/><V13/><F13/><N who="3" m="9295" /><G77/><T4/><D4/><U3/><E130/><V73/><F73/><W132/><AGARI ba="0,1" hai="14,15,50,53,56,85,88,94,132,133,135" m="9295" machi="132" ten="30,4000,0" yaku="25,1,20,1,54,1" doraHai="5" who="3" fromWho="3" sc="111,-20,524,-10,294,-10,61,50" /><INIT seed="5,0,0,0,4,132" ten="91,514,284,111" oya="1" hai0="117,22,52,7,94,24,128,106,101,122,105,1,49" hai1="58,81,92,88,104,87,15,75,41,27,74,53,11" hai2="54,38,71,56,43,133,39,62,46,20,69,18,114" hai3="76,63,45,111,12,113,8,34,119,102,127,37,112"/><U107/><E41/><N who="2" m="22839" /><F20/><W60/><G34/><T129/><D117/><U3/><E3/><V124/><F18/><W67/><G127/><T29/><D122/><U125/><E125/><V118/><F124/><W126/><G126/><T10/><D94/><U4/><E27/><V84/><F84/><W61/><G111/><T26/><D26/><U16/><E4/><V0/><F0/><W23/><G119/><T32/><D32/><U14/><E14/><V103/><F103/><W33/><G33/><T85/><D85/><U31/><E31/><V97/><F97/><W116/><G116/><T108/><D108/><U110/><E110/><V77/><F77/><W131/><G131/><N who="0" m="50251" /><D101/><U134/><E134/><V83/><F83/><W64/><G102/><T91/><D91/><U68/><E68/><N who="2" m="26187" /><F133/><W55/><G23/><T13/><D1/><U95/><E95/><V130/><F130/><W90/><G90/><T42/><D42/><U98/><E75/><V115/><F118/><W80/><G80/><T19/><D29/><U30/><E30/><V100/><F100/><W17/><G76/><T79/><D79/><U73/><E73/><V72/><F72/><W135/><G135/><T99/><D99/><U93/><E74/><V25/><F25/><W6/><G6/><T44/><AGARI ba="0,0" hai="7,10,13,19,22,24,44,49,52,105,106" m="50251" machi="44" ten="30,2000,0" yaku="19,1,54,1" doraHai="132" who="0" fromWho="0" sc="91,20,514,-10,284,-5,111,-5" /><INIT seed="6,0,0,0,2,116" ten="111,504,279,106" oya="2" hai0="51,68,22,127,112,83,126,1,131,30,61,92,38" hai1="32,106,16,27,40,29,55,25,96,109,135,122,74" hai2="102,95,36,115,57,79,118,80,100,48,105,117,24" hai3="37,98,76,72,44,49,13,130,39,11,129,43,86"/><V19/><F36/><W120/><G72/><T7/><D38/><U21/><E74/><V93/><F115/><W65/><G65/><N who="0" m="41007" /><D83/><U113/><E135/><V12/><F24/><W121/><G98/><T94/><D51/><U42/><E113/><V90/><F48/><W128/><G37/><T119/><D112/><U59/><E122/><V3/><F3/><W133/><G39/><T88/><D119/><U62/><E109/><V78/><F57/><W73/><G73/><T23/><D92/><N who="2" m="35402" /><F19/><N who="3" m="8639" /><G133/><T87/><D30/><U63/><REACH who="1" step="1"/><E62/><REACH who="1" ten="111,494,279,106" step="2"/><V46/><F117/><W41/><G41/><T85/><D85/><U97/><E97/><V35/><F118/><W26/><G26/><T69/><D87/><U18/><E18/><V104/><F100/><AGARI ba="0,1" hai="16,21,25,27,29,32,40,42,55,59,63,96,100,106" machi="100" ten="40,2600,0" yaku="1,1,54,1,53,0" doraHai="116" doraHaiUra="91" who="1" fromWho="2" sc="111,0,494,36,279,-26,106,0" /><INIT seed="7,0,0,4,3,59" ten="111,530,253,106" oya="3" hai0="3,102,48,100,85,95,15,17,78,4,131,54,107" hai1="1,128,110,121,77,70,6,20,64,109,27,42,65" hai2="0,114,123,19,112,21,88,11,14,81,16,105,28" hai3="50,55,74,90,40,84,10,37,106,33,122,60,61"/><W129/><G106/><T18/><D107/><U5/><E121/><V76/><F105/><W7/><G122/><T45/><D131/><U82/><E128/><V58/><F123/><W94/><G129/><T43/><D3/><U91/><E42/><V72/><F28/><W30/><G74/><T127/><D127/><U133/><E133/><V36/><F36/><W62/><G37/><T103/><D4/><U63/><E65/><V53/><F88/><W89/><G40/><T73/><D73/><U25/><E91/><V126/><F126/><W31/><G33/><T80/><D43/><U24/><E20/><V115/><F0/><W92/><G10/><N who="0" m="6391" /><D18/><U12/><E1/><V117/><F117/><W125/><G7/><T35/><D35/><U75/><E6/><N who="2" m="3447" /><F21/><W116/><G116/><T23/><D23/><U93/><E93/><AGARI ba="0,0" hai="45,48,54,78,80,85,93,95,100,102,103" m="6391" machi="93" ten="30,1000,0" yaku="8,1" doraHai="59" who="0" fromWho="1" sc="111,10,530,-10,253,0,106,0" owari="121,-28.0,520,62.0,253,5.0,106,-39.0" /></mjloggm>