<mjloggm ver="2.3"><GO type="169" lobby="0"/><UN n0="%E3%81%AA%E3%82%93%E3%81%8F%E3%82%8B%E3%81%AA%E3%81%84%E3%81%95" n1="%74%6A%2D%6D%69%63%72%6F" n2="%E3%82%A6%E3%83%AB%E3%83%88%E3%83%A9%E7%AB%8B%E7%9B%B4" n3="%E9%A3%9B%E3%81%B9%E3%81%AA%E3%81%84%E9%AD%9A%EF%BC%93" dan="16,17,17,16" rate="2135.73,2146.75,2184.18,2128.89" sx="F,M,M,M"/><TAIKYOKU oya="0"/><INIT seed="0,0,0,4,4,133" ten="250,250,250,250" oya="0" hai0="47,9,27,8,20,36,46,38,91,81,31,117,135" hai1="6,51,40,92,111,87,98,24,125,10,61,112,68" hai2="122,5,128,33,76,12,55,123,129,90,116,30,105" hai3="67,11,1,54,94,13,74,15,72,45,18,52,21"/><T85/><D135/><U119/><E119/><V131/><F90/><W63/><G1/><T48/><D117/><U62/><E111/><V109/><F76/><W7/><G94/><T83/><D46/><U88/><E112/><V118/><F55/><W66/><G66/><T100/><D100/><U58/><E68/><V65/><F65/><W28/><G28/><T37/><REACH who="0" step="1"/><D83/><REACH who="0" ten="240,250,250,250" step="2"/><U95/><E40/><AGARI ba="0,1" hai="8,9,20,27,31,36,37,38,40,47,48,81,85,91" machi="40" ten="40,7700,0" yaku="1,1,2,1,53,1" doraHai="133" doraHaiUra="84" who="0" fromWho="1" sc="240,87,250,-77,250,0,250,0" /><INIT seed="0,1,0,2,2,46" ten="327,173,250,250" oya="0" hai0="75,39,18,103,16,51,83,123,32,10,102,2,15" hai1="38,1,125,70,105,26,56,126,127,86,21,66,130" hai2="101,113,85,107,132,13,69,3,6,134,76,122,121" hai3="71,44,58,47,28,8,119,131,62,63,9,35,7"/><T22/><D39/><U77/><E105/><V42/><F3/><W33/><G119/><T40/><D32/><U111/><E38/><V61/><F113/><W106/><G106/><T31/><D123/><U55/><E1/><V97/><F42/><W90/><G71/><T93/><D31/><U89/><E77/><V50/><F50/><W79/><G79/><T108/><D108/><U17/><E111/><V117/><F117/><W4/><G28/><T24/><D2/><U80/><E130/><V112/><F112/><W72/><G58/><T118/><D118/><U109/><E109/><V115/><F115/><W68/><G68/><T133/><D133/><N who="2" m="51306" /><F13/><W114/><G90/><T0/><D0/><U23/><E70/><V95/><F6/><W49/><G72/><T11/><D75/><U104/><E104/><V73/><F61/><W78/><G78/><T36/><D36/><U120/><E66/><V87/><F69/><W94/><G114/><T59/><D83/><U91/><E120/><N who="2" m="46187" /><F107/><W96/><G131/><T30/><D93/><U48/><E91/><V60/><F60/><W41/><G94/><T92/><D92/><U54/><E54/><V110/><F110/><W99/><REACH who="3" step="1"/><G41/><REACH who="3" ten="327,173,250,240" step="2"/><T25/><D40/><U53/><E53/><V82/><AGARI ba="1,1" hai="73,76,82,85,87,95,97,101" m="46187,51306" machi="82" ten="40,5200,0" yaku="20,1,34,2" doraHai="46" who="2" fromWho="2" sc="327,-27,173,-14,250,65,240,-14" /><INIT seed="1,0,0,1,5,126" ten="300,159,315,226" oya="1" hai0="43,105,100,106,67,66,17,25,3,104,8,113,81" hai1="98,56,64,50,102,133,115,116,45,49,31,6,127" hai2="39,125,118,103,47,82,55,110,111,90,79,51,78" hai3="26,130,107,121,60,72,122,21,27,29,12,120,88"/><U97/><E115/><V20/><F118/><W112/><G112/><T33/><D113/><U37/><E116/><V10/><F39/><W119/><G119/><T30/><D43/><U44/><E127/><V76/><F125/><W24/><G72/><T74/><D100/><U89/><E133/><V92/><F20/><W68/><G107/><T0/><D17/><U35/><E6/><V2/><F103/><W94/><G12/><T83/><D74/><U16/><E37/><V69/><F69/><W114/><G114/><T86/><D8/><U54/><E64/><V41/><F41/><W63/><G130/><T11/><D11/><U132/><E132/><V73/><F10/><W14/><G14/><T61/><D83/><U53/><E56/><V52/><F55/><W58/><G68/><T99/><D99/><U32/><E31/><V70/><F70/><W1/><G1/><T65/><REACH who="0" step="1"/><D61/><REACH who="0" ten="290,159,315,226" step="2"/><U71/><E16/><V46/><F73/><W40/><G40/><T134/><D134/><U4/><E4/><V75/><F75/><W77/><G60/><T84/><D84/><U124/><E124/><V80/><F82/><W38/><G38/><T59/><D59/><U15/><E71/><V85/><F80/><W123/><G123/><T18/><D18/><U101/><E15/><V57/><REACH who="2" step="1"/><F2/><REACH who="2" ten="290,159,305,226" step="2"/><W91/><G122/><T5/><D5/><U48/><E48/><V117/><F117/><W13/><G121/><T128/><D128/><U9/><E9/><V108/><AGARI ba="0,2" hai="46,47,51,52,57,76,78,79,85,90,92,108,110,111" machi="108" ten="40,8000,1" yaku="1,1,0,1,14,1,54,1,53,0" doraHai="126" doraHaiUra="96" who="2" fromWho="2" sc="290,-20,159,-40,305,100,226,-20" /><INIT seed="2,0,0,2,3,65" ten="270,119,405,206" oya="2" hai0="87,5,118,0,92,105,52,85,111,20,75,133,95" hai1="28,114,60,26,43,45,38,71,34,99,109,1,79" hai2="35,15,14,84,29,7,78,63,108,120,47,59,110" hai3="107,121,23,49,3,86,41,37,119,101,55,16,135"/><V94/><F120/><W36/><G119/><T24/><D105/><U123/><E114/><V72/><F72/><W80/><G135/><T54/><D75/><U129/><E109/><N who="2" m="42091" /><F29/><W61/><G121/><T104/><D104/><U97/><E129/><V48/><F35/><W77/><G3/><T12/><D133/><U131/><E131/><V127/><F127/><W10/><G41/><T66/><D0/><U116/><E116/><V115/><F115/><W22/><G22/><T32/><D32/><U124/><E124/><V6/><F6/><W57/><G10/><N who="0" m="4175" /><D66/><U128/><E128/><V42/><F7/><W73/><G73/><T40/><D40/><U126/><E123/><V88/><F78/><W31/><G31/><T98/><D111/><U58/><E126/><V100/><F100/><W81/><G81/><T11/><D11/><U93/><E79/><V17/><F17/><W19/><G19/><N who="0" m="12319" /><D118/><U9/><E9/><V96/><F96/><W56/><G101/><N who="0" m="60615" /><D95/><U51/><E1/><V46/><F46/><W89/><G77/><T113/><D113/><U90/><E99/><V103/><F103/><W39/><G107/><T83/><D87/><U13/><E93/><V102/><F102/><W30/><G30/><T91/><AGARI ba="0,0" hai="52,54,83,85,91" m="60615,12319,4175" machi="91" ten="30,2000,0" yaku="8,1,54,1" doraHai="65" who="0" fromWho="0" sc="270,20,119,-5,405,-10,206,-5" /><INIT seed="3,0,0,5,3,109" ten="290,114,395,201" oya="3" hai0="127,94,73,4,123,27,7,3,21,0,12,75,112" hai1="62,118,76,43,8,115,110,37,55,19,132,49,14" hai2="15,107,82,116,50,97,106,120,114,11,119,80,52" hai3="88,126,85,101,54,57,9,111,41,40,63,59,102"/><W70/><G126/><T130/><D123/><U2/><E110/><V10/><F97/><W56/><G111/><T35/><D127/><U18/><E132/><V32/><F50/><W69/><G9/><T89/><D35/><U95/><E118/><V86/><F86/><W20/><G20/><T6/><D130/><U64/><E2/><V66/><F66/><W48/><G70/><T93/><D12/><U83/><E95/><N who="0" m="36361" /><D89/><U133/><E133/><V22/><F22/><W46/><G69/><T135/><D21/><U42/><E37/><V74/><F15/><W96/><G63/><T87/><D87/><U78/><E19/><V1/><F1/><N who="0" m="586" /><D27/><U91/><E91/><V47/><F32/><W28/><G28/><T44/><D44/><U131/><E131/><V34/><F34/><W108/><G108/><T79/><D79/><U129/><E129/><V113/><F47/><W29/><G29/><T117/><D135/><U17/><E17/><V31/><F31/><W122/><G122/><T16/><D16/><U51/><E78/><V23/><F23/><W25/><G25/><T104/><D104/><U84/><E51/><V100/><F120/><W67/><G67/><T36/><D36/><U60/><E64/><V77/><F77/><W39/><G39/><T103/><D103/><N who="3" m="39433" /><G96/><T13/><D13/><U45/><E62/><V90/><F11/><W26/><G26/><T61/><D61/><U30/><E60/><V128/><F10/><W134/><G134/><T53/><D7/><U81/><E30/><V5/><F5/><W72/><G72/><T38/><D75/><RYUUKYOKU ba="0,0" sc="290,-10,114,-10,395,-10,201,30" hai3="40,41,46,48,54,56,57,59,85,88" /><INIT seed="3,1,0,1,1,83" ten="280,104,385,231" oya="3" hai0="52,87,11,20,133,105,38,135,132,103,47,45,57" hai1="108,75,12,46,120,71,80,93,37,8,15,23,17" hai2="66,64,84,125,54,95,117,119,101,131,85,98,123" hai3="121,29,106,97,60,81,113,42,59,124,77,16,19"/><W9/><G113/><T5/><D105/><U102/><E71/><V127/><F123/><W51/><G121/><T43/><D103/><U96/><E120/><V76/><F76/><W32/><G124/><N who="2" m="47689" /><F54/><W22/><G32/><T109/><D109/><U82/><E108/><V56/><F131/><W134/><G134/><T122/><D122/><U0/><E0/><V58/><F58/><W72/><G29/><T36/><D20/><U28/><E75/><V31/><F31/><W14/><G106/><T118/><D118/><N who="2" m="45066" /><F56/><W92/><G42/><N who="0" m="22727" /><D11/><U111/><E111/><V94/><F94/><W10/><G51/><N who="0" m="30879" /><D87/><AGARI ba="1,0" hai="64,66,84,85,87,95,98,101" m="45066,47689" machi="87" ten="30,7700,0" yaku="18,1,52,3" doraHai="83" who="2" fromWho="0" sc="280,-80,104,0,385,80,231,0" /><INIT seed="4,0,0,4,4,56" ten="200,104,465,231" oya="0" hai0="107,24,70,6,30,38,106,19,33,66,13,73,120" hai1="12,25,64,88,65,85,122,126,32,118,59,60,29" hai2="104,44,7,40,61,14,63,105,114,135,3,72,95" hai3="35,131,79,21,11,119,31,47,100,43,92,57,42"/><T134/><D134/><U50/><E118/><V86/><F72/><W20/><G119/><T103/><D120/><U2/><E122/><V0/><F3/><W94/><G35/><T112/><D112/><U54/><E126/><V124/><F0/><W26/><G131/><T132/><D132/><U9/><E2/><V76/><F135/><W108/><G108/><T133/><D133/><U81/><REACH who="1" step="1"/><E50/><REACH who="1" ten="200,94,465,231" step="2"/><V5/><F124/><W99/><G79/><T98/><D38/><U84/><E84/><V23/><F86/><W89/><G11/><T45/><D73/><U10/><E10/><V111/><F76/><W53/><G21/><T67/><D33/><U15/><E15/><V127/><F14/><W101/><G20/><T123/><D123/><U58/><E58/><V128/><F127/><W28/><G57/><T117/><D117/><U34/><E34/><V69/><F23/><W37/><G37/><T48/><D98/><U8/><E8/><V90/><F128/><W68/><G99/><T97/><D13/><U121/><E121/><V96/><F96/><W4/><G26/><T22/><D97/><U36/><E36/><V16/><F69/><W82/><G68/><T55/><D70/><U93/><E93/><V91/><F95/><W80/><G94/><T125/><D125/><U52/><E52/><V27/><F105/><W39/><G53/><T115/><D55/><U1/><E1/><V110/><F27/><W46/><G39/><T109/><D107/><U51/><E51/><V129/><F104/><W116/><G92/><T17/><D106/><U130/><E130/><RYUUKYOKU ba="0,1" sc="200,-10,94,30,465,-10,231,-10" hai1="9,12,25,29,32,54,59,60,64,65,81,85,88" /><INIT seed="5,1,1,5,0,46" ten="190,124,455,221" oya="1" hai0="25,39,6,52,59,70,114,85,87,35,121,61,96" hai1="119,110,83,116,133,84,42,31,113,33,99,130,54" hai2="66,111,30,132,71,69,67,5,102,57,82,135,90" hai3="127,53,36,129,79,94,19,126,97,122,20,11,78"/><U73/><E73/><V49/><F102/><W112/><G122/><T3/><D121/><U23/><E33/><V2/><F30/><W101/><G112/><T50/><D114/><U16/><E113/><V89/><F5/><W27/><G129/><T58/><D70/><U10/><E130/><V118/><F2/><W108/><G108/><T107/><D39/><U124/><E110/><V77/><F111/><W103/><G36/><T17/><D3/><U43/><E124/><N who="3" m="47658" /><G103/><T104/><D6/><U38/><E38/><V44/><F118/><W7/><G53/><T62/><D62/><U56/><E133/><N who="2" m="51275" /><F69/><W13/><AGARI ba="1,1" hai="7,11,13,19,20,27,78,79,94,97,101" m="47658" machi="13" ten="30,1100,0" yaku="18,1" doraHai="46" who="3" fromWho="3" sc="190,-4,124,-6,455,-4,221,24" /><INIT seed="6,0,0,3,2,33" ten="186,118,451,245" oya="2" hai0="74,91,121,30,85,101,100,31,124,84,1,128,15" hai1="19,78,113,115,126,86,130,105,58,69,94,35,96" hai2="82,73,44,118,104,21,102,111,50,2,98,76,3" hai3="49,48,116,88,43,39,16,119,45,60,120,40,72"/><V51/><F118/><W89/><G120/><T99/><D121/><U109/><E69/><V12/><F111/><W71/><G72/><T123/><D74/><U108/><E35/><V67/><F67/><W53/><G40/><T29/><D123/><U36/><E36/><V47/><F21/><W129/><G129/><T32/><D32/><U26/><E58/><V13/><F12/><W4/><G4/><T110/><D110/><N who="1" m="42603" /><E19/><V22/><F22/><W5/><G5/><T83/><D124/><U56/><E56/><V112/><F13/><W63/><G119/><T37/><D37/><U79/><E26/><V77/><F77/><N who="1" m="29193" /><E130/><V70/><F70/><W7/><G7/><T38/><D38/><U135/><E135/><V34/><F34/><W132/><G132/><T27/><D128/><U61/><E61/><N who="3" m="23626" /><G71/><T75/><D75/><U114/><E126/><V93/><F51/><W107/><G39/><T23/><D15/><U59/><E59/><V90/><F47/><N who="3" m="27839" /><G107/><T42/><D42/><U133/><E133/><V6/><F6/><W54/><G43/><T0/><D85/><U131/><E131/><V117/><F117/><W52/><G116/><T55/><D55/><U25/><E25/><V106/><F50/><N who="3" m="29007" /><G16/><T64/><D64/><U95/><E86/><N who="2" m="52439" /><F44/><AGARI ba="0,0" hai="44,48,52,88,89" m="29007,27839,23626" machi="44" ten="30,3900,0" yaku="8,1,54,2" doraHai="33" who="3" fromWho="2" sc="186,0,118,0,451,-39,245,39" /><INIT seed="7,0,0,5,5,98" ten="186,118,412,284" oya="3" hai0="29,127,82,59,109,112,62,72,0,117,100,132,42" hai1="56,93,106,18,54,9,75,116,126,16,44,71,115" hai2="7,2,108,94,8,83,87,114,67,63,120,123,52" hai3="104,84,43,15,3,88,101,24,113,68,39,66,31"/><W96/><G113/><T23/><D117/><U20/><E106/><V49/><F114/><W95/><G3/><T55/><D109/><U90/><E71/><V4/><F108/><W35/><G15/><T40/><D112/><U26/><E75/><V60/><F94/><W33/><G33/><T80/><D0/><U97/><E115/><V32/><F7/><W64/><REACH who="3" step="1"/><G68/><REACH who="3" ten="186,118,412,274" step="2"/><T22/><D132/><U89/><E116/><V73/><F32/><W76/><G76/><T92/><D23/><U133/><E133/><V51/><F120/><W61/><G61/><T118/><D22/><U124/><E124/><V65/><F123/><W77/><G77/><T78/><D127/><U1/><E126/><V102/><F63/><W119/><G119/><T6/><D118/><U110/><E110/><V79/><F60/><W125/><G125/><T134/><D134/><U105/><E1/><V41/><F79/><W14/><G14/><T81/><D78/><U5/><E20/><V37/><F2/><W121/><G121/><T28/><D72/><U48/><E26/><V38/><F73/><W36/><G36/><T30/><D6/><U25/><E25/><V27/><F38/><W12/><G12/><T103/><D92/><U57/><E5/><V11/><F37/><W85/><G85/><T50/><D62/><U91/><E105/><V21/><F87/><W135/><G135/><T111/><D111/><U131/><E93/><V46/><F27/><W128/><G128/><T99/><D99/><U45/><E97/><V58/><F4/><W130/><G130/><T53/><D53/><RYUUKYOKU ba="0,1" sc="186,15,118,-15,412,-15,274,15" hai0="28,29,30,40,42,50,55,59,80,81,82,100,103" hai3="24,31,35,39,43,64,66,84,88,95,96,101,104" /><INIT seed="7,1,1,4,4,4" ten="201,103,397,289" oya="3" hai0="60,80,117,51,69,90,56,20,59,26,103,76,11" hai1="120,8,128,2,7,61,114,62,22,119,94,34,75" hai2="110,125,96,95,92,38,36,91,133,55,121,84,135" hai3="3,130,101,32,35,45,97,82,41,111,63,64,39"/><W98/><G130/><T29/><D117/><U99/><E120/><V1/><F1/><W33/><G111/><T54/><D69/><U89/><E128/><V106/><F106/><W50/><G3/><T104/><D104/><U13/><E119/><V105/><F105/><W57/><G101/><T70/><D70/><U47/><E114/><V28/><F110/><W17/><G82/><T24/><D103/><U93/><E75/><V5/><F5/><W15/><REACH who="3" step="1"/><G39/><REACH who="3" ten="201,103,397,279" step="2"/><T27/><D80/><U43/><E34/><V31/><F38/><W10/><AGARI ba="1,2" hai="10,15,17,32,33,35,41,45,50,57,63,64,97,98" machi="10" ten="30,11700,0" yaku="1,1,2,1,0,1,52,1,53,0" doraHai="4" doraHaiUra="134" who="3" fromWho="3" sc="201,-40,103,-40,397,-40,279,140" owari="161,-24.0,63,-44.0,357,16.0,419,52.0" /></mjloggm>