<mjloggm ver="2.3"><GO type="97" lobby="0"/><UN n0="%E3%82%8F%E3%81%84%E3%82%8F%E3%81%84%E3%81%A0%E3%82%88" n1="%E3%82%A6%E3%83%AB%E3%83%88%E3%83%A9%E7%AB%8B%E7%9B%B4" n2="%E3%82%A2%E3%83%89%E3%83%AA%E3%83%96%E2%98%86%E7%8E%8B%E5%AD%90" n3="%68%61%6E%61%6E%61" dan="13,15,14,14" rate="1903.47,1962.87,1946.06,1971.52" sx="M,M,M,M"/><TAIKYOKU oya="0"/><INIT seed="0,0,0,0,5,60" ten="250,250,250,250" oya="0" hai0="39,78,44,79,36,76,53,2,63,11,80,108,94" hai1="74,66,133,14,41,105,117,65,50,130,92,26,5" hai2="132,18,52,6,120,54,73,32,69,59,43,72,86" hai3="96,81,85,109,17,110,51,71,111,55,7,0,91"/><T113/><D113/><U49/><E105/><V22/><F69/><W27/><G71/><T90/><D108/><U128/><E74/><V95/><F32/><W25/><G96/><T93/><D2/><U10/><E117/><V30/><F120/><W122/><G122/><T3/><D3/><U67/><E133/><V28/><F132/><W23/><G0/><T82/><D11/><U102/><E26/><V56/><F73/><W126/><G126/><T46/><D63/><U16/><E5/><V115/><F72/><W58/><G7/><T13/><D13/><AGARI ba="0,0" hai="13,17,23,25,27,51,55,58,81,85,91,109,110,111" machi="13" ten="40,1300,0" yaku="14,1" doraHai="60" who="3" fromWho="0" sc="250,-13,250,0,250,0,250,13" /><INIT seed="1,0,0,0,5,121" ten="237,250,250,263" oya="1" hai0="128,49,102,74,53,60,63,71,129,20,14,68,135" hai1="40,77,31,99,87,80,61,72,5,107,79,92,100" hai2="98,25,108,93,90,37,103,33,124,57,52,48,43" hai3="8,73,81,62,119,26,89,58,34,112,17,15,97"/><U12/><E31/><V109/><F124/><W11/><G112/><T0/><D74/><U18/><E5/><V30/><F103/><W134/><G119/><T127/><D0/><U114/><E114/><V76/><REACH who="2" step="1"/><F76/><REACH who="2" ten="237,250,240,263" step="2"/><W95/><G134/><T23/><D127/><U125/><E125/><V126/><F126/><W44/><G8/><T123/><D135/><U82/><E40/><V19/><F19/><W10/><G10/><T83/><D102/><U4/><E4/><V1/><F1/><W9/><G9/><T56/><D129/><U38/><E18/><V65/><F65/><W91/><G44/><AGARI ba="0,1" hai="25,30,33,37,43,44,48,52,57,90,93,98,108,109" machi="44" ten="40,8000,1" yaku="1,1,52,2,54,1,53,0" doraHai="121" doraHaiUra="13" who="2" fromWho="3" sc="237,0,250,0,240,90,263,-80" /><INIT seed="2,0,0,5,5,73" ten="237,250,330,183" oya="2" hai0="1,47,8,86,28,123,135,10,5,42,114,15,52" hai1="58,36,12,69,18,43,92,126,133,20,70,128,90" hai2="99,34,40,66,125,3,57,53,79,130,56,65,63" hai3="113,129,68,101,49,78,19,29,108,83,67,131,74"/><V48/><F34/><W120/><G120/><T60/><D114/><U30/><E126/><V81/><F3/><W76/><G113/><T77/><D123/><U122/><E128/><N who="3" m="49226" /><G108/><T102/><D102/><U100/><E133/><V61/><F130/><W0/><G0/><T7/><D135/><U111/><E111/><V9/><F125/><W59/><G29/><T11/><D28/><U116/><E116/><V44/><F99/><W71/><G101/><T13/><D1/><U46/><E122/><V96/><F96/><W2/><G2/><T119/><D119/><U110/><E110/><V124/><F124/><W93/><G93/><T112/><D112/><U87/><E30/><V88/><F79/><N who="3" m="44535" /><G19/><T6/><D42/><U23/><E23/><V127/><F127/><W39/><G39/><T17/><D17/><U21/><E21/><V105/><F105/><W16/><G16/><T95/><D95/><U89/><E89/><V32/><F32/><W22/><G22/><T115/><D115/><U103/><E103/><V4/><F4/><W121/><G121/><T54/><D47/><U109/><E109/><V118/><F118/><W80/><G80/><N who="0" m="47375" /><D60/><U85/><E85/><V84/><F9/><W33/><G33/><T82/><D82/><U98/><E98/><V94/><REACH who="2" step="1"/><F94/><REACH who="2" ten="237,250,320,183" step="2"/><W117/><G117/><T91/><D11/><U104/><E104/><V75/><F75/><W107/><G107/><T64/><D7/><U55/><E100/><V37/><F37/><W35/><G35/><T50/><D10/><U24/><E24/><V106/><F106/><W97/><G78/><RYUUKYOKU ba="0,1" sc="237,-15,250,15,320,15,183,-15" hai1="12,18,20,36,43,46,55,58,69,70,87,90,92" hai2="40,44,48,53,56,57,61,63,65,66,81,84,88" /><INIT seed="2,1,1,3,0,3" ten="222,265,335,168" oya="2" hai0="43,75,14,71,2,55,126,117,31,76,18,88,134" hai1="105,86,77,60,96,9,19,10,132,99,11,113,66" hai2="115,1,87,52,122,94,26,7,16,78,41,89,109" hai3="101,83,48,104,108,46,80,47,82,38,56,103,73"/><V5/><F122/><W97/><G108/><T57/><D71/><U40/><E113/><V95/><F115/><W81/><G38/><T129/><D2/><U121/><E132/><V0/><F109/><W13/><G56/><T25/><D134/><U49/><E105/><V70/><F70/><W74/><G13/><T39/><D126/><U120/><E19/><V42/><F78/><N who="3" m="44111" /><G48/><T6/><D129/><U102/><E102/><N who="3" m="38922" /><G47/><T128/><D128/><U119/><E119/><V51/><F1/><W35/><G35/><T30/><D6/><U28/><E28/><V93/><F0/><W50/><G50/><T84/><D31/><U110/><E110/><V123/><F123/><W22/><G22/><T8/><D117/><U15/><E15/><V67/><F67/><W124/><G124/><T37/><D43/><U133/><E133/><V125/><F125/><W69/><G46/><T24/><D24/><U114/><E121/><V107/><F107/><W127/><G69/><T111/><D111/><U17/><E114/><V90/><F42/><W29/><G29/><T23/><D55/><U131/><E17/><V98/><F41/><W4/><G4/><T116/><D57/><N who="1" m="37135" /><E131/><V58/><REACH who="2" step="1"/><F94/><REACH who="2" ten="222,265,325,168" step="2"/><W12/><G127/><T59/><D116/><U64/><E64/><V112/><F112/><W91/><G12/><T20/><D14/><U100/><E120/><V54/><F54/><W72/><G104/><T34/><D37/><U53/><E40/><V85/><F85/><W65/><G65/><T68/><D39/><U32/><E53/><V21/><AGARI ba="1,2" hai="5,7,16,21,26,51,52,58,87,89,90,93,95,98" machi="21" ten="30,18000,2" yaku="1,1,0,1,8,1,52,2,54,2,53,0" doraHai="3" doraHaiUra="62" who="2" fromWho="2" sc="222,-61,265,-61,325,203,168,-61" /><INIT seed="2,2,0,0,2,33" ten="161,204,528,107" oya="2" hai0="14,26,45,43,46,66,92,102,61,87,117,90,112" hai1="130,79,59,34,37,21,55,0,134,11,86,127,22" hai2="41,1,75,68,98,106,99,40,64,20,60,9,113" hai3="135,80,12,54,31,123,128,125,63,50,8,23,10"/><V2/><F113/><W73/><G123/><T111/><D112/><U71/><E71/><V25/><F75/><W44/><G135/><T29/><D111/><U91/><E37/><V65/><F64/><W129/><G125/><T85/><D117/><U100/><E34/><V35/><F35/><W57/><G73/><T83/><D102/><U52/><E79/><V28/><F99/><W4/><G80/><T32/><D14/><U120/><E120/><V122/><F122/><W13/><G31/><T39/><D46/><U118/><E118/><V94/><F106/><W110/><G110/><T126/><D126/><U116/><E116/><V82/><F82/><W93/><G93/><T101/><D101/><U47/><E134/><V51/><F9/><W3/><G23/><T49/><D39/><U115/><E115/><V108/><F108/><W48/><G48/><T105/><D105/><U72/><E72/><V114/><F114/><W58/><G58/><T70/><REACH who="0" step="1"/><D83/><REACH who="0" ten="151,204,528,107" step="2"/><U78/><E100/><V69/><F69/><W7/><REACH who="3" step="1"/><G12/><REACH who="3" ten="151,204,528,97" step="2"/><T30/><D30/><U62/><E127/><V17/><F28/><W74/><G74/><T77/><D77/><U88/><E78/><V27/><F27/><W38/><G38/><T5/><D5/><U84/><E47/><V119/><F119/><W131/><G131/><T19/><D19/><U56/><E130/><V6/><F6/><W96/><G96/><AGARI ba="2,2" hai="26,29,32,43,45,49,61,66,70,85,87,90,92,96" machi="96" ten="30,2000,0" yaku="1,1,7,1,53,0" doraHai="33" doraHaiUra="132" who="0" fromWho="3" sc="151,46,204,0,528,0,97,-26" /><INIT seed="3,0,0,1,4,35" ten="197,204,528,71" oya="3" hai0="120,99,65,62,6,108,119,122,10,103,130,116,63" hai1="123,131,102,81,93,68,128,106,34,40,54,27,7" hai2="55,4,118,42,19,20,66,17,16,59,57,73,18" hai3="64,33,49,72,37,48,61,90,115,104,12,56,83"/><W80/><G115/><T51/><D108/><U58/><E68/><V22/><F118/><W71/><G104/><N who="0" m="63615" /><D51/><U3/><E40/><V98/><F73/><W52/><G33/><T67/><D67/><U89/><E81/><V26/><F42/><W14/><G37/><T5/><D5/><U53/><E123/><N who="0" m="47145" /><D130/><N who="1" m="49707" /><E7/><V132/><F132/><W117/><G117/><T46/><D46/><U70/><E3/><V84/><F4/><W96/><G49/><T13/><D13/><U91/><E70/><V50/><F98/><W126/><G126/><T107/><D107/><U9/><E9/><V105/><F105/><W133/><G133/><T31/><D31/><N who="1" m="19839" /><E93/><V32/><F32/><W92/><REACH who="3" step="1"/><G83/><REACH who="3" ten="197,204,528,61" step="2"/><T36/><D36/><U95/><E106/><V97/><F66/><W85/><G85/><T24/><D65/><U2/><E54/><V109/><F84/><W21/><G21/><T8/><D8/><U45/><E53/><V60/><F22/><W30/><G30/><T101/><D10/><U88/><E95/><V112/><F112/><W11/><G11/><T134/><D119/><U78/><E45/><V15/><F50/><W23/><G23/><T127/><D116/><U86/><E86/><V113/><F55/><W0/><G0/><T124/><D134/><U69/><E102/><V41/><F20/><W47/><G47/><T77/><D127/><U125/><E2/><V44/><F44/><W28/><G28/><T82/><D124/><U100/><E125/><V87/><F87/><W29/><G29/><T110/><D82/><U114/><E100/><V38/><F38/><RYUUKYOKU ba="0,1" sc="197,-10,204,-10,528,-10,61,30" hai3="12,14,48,52,56,61,64,71,72,80,90,92,96" /><INIT seed="3,1,1,2,3,94" ten="187,194,518,91" oya="3" hai0="122,13,25,42,89,57,48,12,96,24,118,31,85" hai1="33,115,79,133,92,95,60,88,63,45,126,37,76" hai2="10,72,81,87,65,50,1,44,100,68,3,39,46" hai3="17,9,121,30,98,19,41,67,15,104,32,11,129"/><W90/><G121/><T119/><D122/><U0/><E0/><V120/><F72/><W113/><G113/><T7/><D7/><U93/><E33/><V28/><F120/><W131/><G41/><T4/><D4/><U23/><E37/><V56/><F39/><W109/><G67/><T59/><D118/><U112/><E126/><V29/><F65/><W108/><G90/><T38/><D38/><U6/><E6/><V58/><F68/><W18/><G104/><T106/><D106/><U16/><E133/><V21/><F3/><W132/><G132/><T91/><D119/><U123/><E45/><V8/><F100/><W22/><G98/><T20/><D25/><N who="1" m="14567" /><E123/><V116/><F116/><W78/><G78/><N who="1" m="29738" /><E115/><V117/><F117/><W103/><G103/><T71/><D71/><U27/><E27/><V47/><F1/><W105/><G105/><T5/><D5/><U52/><E112/><V2/><F2/><W62/><G62/><N who="1" m="23594" /><E52/><N who="2" m="31767" /><F47/><W107/><G107/><T54/><D42/><U73/><E73/><V64/><F46/><W53/><G53/><T99/><D59/><U82/><E82/><V43/><F44/><W34/><G30/><T66/><D66/><U86/><AGARI ba="1,1" hai="86,88,92,93,95" m="23594,29738,14567" machi="86" ten="30,4000,0" yaku="8,1,54,2" doraHai="94" who="1" fromWho="1" sc="187,-11,194,53,518,-11,91,-21" owari="176,-22.0,247,5.0,507,60.0,70,-43.0" /></mjloggm>