<mjloggm ver="2.3"><GO type="169" lobby="0"/><UN n0="%E3%81%A9%E3%82%84%E3%81%81%E3%83%BB%E3%83%BB%E3%83%BB" n1="%78%E4%B8%89%E5%9C%8B%E5%81%A5%E6%AC%A1%E9%83%8E%78" n2="%74%6E%66%73%68%32%30%34" n3="%E3%82%A6%E3%83%AB%E3%83%88%E3%83%A9%E7%AB%8B%E7%9B%B4" dan="16,16,17,17" rate="2094.62,2072.08,2128.33,2189.25" sx="M,M,M,M"/><TAIKYOKU oya="0"/><INIT seed="0,0,0,3,2,73" ten="250,250,250,250" oya="0" hai0="133,130,91,47,93,44,29,33,0,71,114,119,17" hai1="14,95,42,43,52,117,115,113,96,88,3,94,66" hai2="129,25,26,51,23,118,97,101,54,39,24,116,28" hai3="77,35,63,46,87,124,123,18,57,111,56,9,90"/><T109/><D119/><N who="2" m="45610" /><F39/><W59/><G35/><T62/><D0/><U84/><E117/><V100/><F129/><W85/><G124/><T16/><D114/><N who="1" m="43531" /><E3/><V7/><F7/><W132/><G111/><T122/><D122/><U32/><E32/><V4/><F4/><W13/><G132/><T105/><D105/><U48/><E66/><V107/><F100/><W108/><G108/><T104/><D104/><U5/><E14/><V58/><AGARI ba="0,0" hai="23,24,25,26,28,51,54,58,97,101,107" m="45610" machi="58" ten="30,1100,0" yaku="12,1" doraHai="73" who="2" fromWho="2" sc="250,-5,250,-3,250,11,250,-3" /><INIT seed="1,0,0,1,2,63" ten="245,247,261,247" oya="1" hai0="117,98,22,110,111,103,80,13,104,62,20,14,122" hai1="17,47,34,100,30,36,69,133,72,99,28,37,114" hai2="29,71,90,93,7,57,38,77,56,9,112,92,52" hai3="65,50,4,27,3,70,58,78,83,106,105,44,46"/><U89/><E114/><V74/><F38/><W1/><G70/><T135/><D117/><U5/><E72/><V31/><F112/><W54/><G44/><T48/><D122/><U21/><E133/><V8/><F71/><W84/><G4/><T0/><D0/><U108/><E5/><V10/><F7/><W131/><G131/><T43/><D135/><U102/><E69/><V75/><F77/><W96/><G3/><T49/><D43/><U87/><E108/><N who="0" m="41513" /><D80/><U132/><E132/><V39/><F39/><W15/><G1/><T11/><D62/><U40/><E37/><V25/><F25/><W76/><G15/><N who="0" m="5643" /><D11/><U119/><E119/><V134/><F134/><W73/><G78/><T109/><N who="0" m="41521" /><T120/><DORA hai="125" /><D120/><U55/><E34/><V23/><F8/><W94/><G27/><T32/><D32/><U6/><E6/><V86/><F23/><AGARI ba="0,0" hai="20,22,23,48,49,98,103,104" m="5643,41521" machi="23" ten="40,1300,0" yaku="14,1" doraHai="63,125" who="0" fromWho="2" sc="245,13,247,0,261,-13,247,0" /><INIT seed="2,0,0,5,5,3" ten="258,247,248,247" oya="2" hai0="66,58,114,131,115,26,13,34,63,134,45,47,89" hai1="1,71,127,70,98,43,33,46,88,21,52,11,19" hai2="72,68,57,42,78,110,50,87,65,85,73,124,62" hai3="10,74,5,107,113,40,97,133,105,20,123,51,56"/><V22/><F124/><W36/><G123/><T80/><D34/><U23/><E33/><V109/><F22/><W111/><G133/><T17/><D134/><U94/><E127/><V91/><F78/><W9/><G111/><N who="2" m="42505" /><F85/><W102/><G10/><T135/><D26/><U39/><E23/><V32/><F32/><W69/><G69/><T44/><D135/><U55/><E71/><V27/><F27/><W132/><G74/><T30/><D131/><U118/><E70/><V103/><F103/><W95/><G132/><T48/><D30/><U29/><E29/><V31/><F31/><W84/><G113/><T38/><D38/><U93/><E118/><V126/><F126/><W81/><G36/><T121/><D121/><U28/><E28/><V76/><F76/><W86/><G86/><N who="0" m="50375" /><D115/><U82/><E82/><N who="2" m="49655" /><F42/><W41/><G20/><T16/><D114/><U60/><E60/><N who="2" m="39975" /><F50/><W130/><G130/><T77/><D77/><U25/><REACH who="1" step="1"/><E94/><REACH who="1" ten="258,237,248,247" step="2"/><V49/><F49/><W35/><G35/><T54/><D17/><U7/><AGARI ba="0,1" hai="1,7,11,19,21,25,39,43,46,52,55,88,93,98" machi="7" ten="30,12000,2" yaku="1,1,2,1,0,1,52,1,54,2,53,0" doraHai="3" doraHaiUra="129" who="1" fromWho="1" sc="258,-30,237,130,248,-60,247,-30" /><INIT seed="3,0,0,5,3,95" ten="228,367,188,217" oya="3" hai0="117,53,77,125,98,114,90,0,27,119,130,121,8" hai1="57,124,85,74,34,107,113,45,47,29,13,87,66" hai2="68,43,22,122,71,76,116,55,88,32,126,61,51" hai3="31,135,28,25,4,89,80,129,73,49,123,26,62"/><W48/><G123/><T86/><D121/><U78/><E113/><V93/><F122/><W106/><G129/><T110/><D114/><U94/><E107/><V96/><F32/><W99/><G135/><T19/><D77/><U36/><E124/><V118/><F126/><W38/><G38/><T2/><D125/><U7/><E74/><V5/><F5/><W92/><G106/><T108/><D130/><U20/><E34/><V72/><F43/><W103/><G4/><T6/><D53/><U11/><E36/><V133/><F133/><W1/><G1/><T102/><D27/><N who="1" m="16615" /><E78/><V69/><F61/><W42/><G62/><T81/><D19/><U84/><E94/><V41/><F41/><W37/><G37/><T132/><D132/><U70/><E70/><V131/><F131/><W46/><G49/><T21/><D21/><U24/><E24/><N who="3" m="9322" /><G73/><T79/><D0/><U3/><E3/><V52/><F22/><W35/><G35/><T17/><D17/><U67/><E57/><V115/><F115/><W40/><G42/><T56/><D56/><U97/><E97/><V44/><REACH who="2" step="1"/><F55/><REACH who="2" ten="228,367,178,217" step="2"/><W63/><G63/><T105/><REACH who="0" step="1"/><D79/><REACH who="0" ten="218,367,178,217" step="2"/><U64/><AGARI ba="0,2" hai="7,11,13,45,47,64,66,67,84,85,87" m="16615" machi="64" ten="30,1100,0" yaku="8,1" doraHai="95" who="1" fromWho="1" sc="218,-3,367,31,178,-3,217,-5" /><INIT seed="4,0,0,2,5,111" ten="215,398,175,212" oya="0" hai0="90,110,61,45,0,99,92,39,2,107,57,127,44" hai1="41,30,19,56,14,21,118,85,133,28,112,74,9" hai2="117,101,116,105,115,81,31,106,68,58,55,50,76" hai3="108,20,119,48,67,73,102,34,25,120,43,47,103"/><T5/><D107/><U11/><E74/><V100/><F68/><W6/><G34/><T122/><D122/><U93/><E118/><N who="2" m="45675" /><F31/><W80/><G108/><T135/><D110/><U4/><E133/><V3/><F3/><W64/><G120/><T15/><D135/><U125/><E125/><V121/><F121/><W52/><G119/><T97/><D127/><U13/><E41/><V49/><F49/><W75/><G6/><T27/><D99/><U128/><E128/><V65/><F65/><N who="3" m="25163" /><G75/><T32/><D0/><U66/><E21/><V96/><F101/><N who="3" m="38411" /><G73/><T79/><D2/><U53/><E66/><V1/><F1/><W82/><G43/><T134/><D134/><U7/><E4/><V124/><F124/><W8/><G8/><N who="0" m="4495" /><D39/><U88/><E112/><V129/><F129/><W23/><G23/><T130/><D130/><U10/><E11/><V46/><F106/><W69/><G69/><T60/><D32/><U16/><E7/><V42/><F42/><W37/><G37/><T83/><D27/><U22/><E22/><V38/><F38/><W95/><G95/><T51/><D51/><AGARI ba="0,0" hai="9,10,13,14,16,19,28,30,51,53,56,85,88,93" machi="51" ten="30,8000,1" yaku="7,1,9,1,8,1,54,2" doraHai="111" who="1" fromWho="0" sc="215,-80,398,80,175,0,212,0" /><INIT seed="5,0,0,0,2,88" ten="135,478,175,212" oya="1" hai0="58,55,31,22,106,79,134,101,27,62,108,43,25" hai1="51,52,8,10,4,120,67,125,127,81,14,39,95" hai2="75,128,28,53,102,61,17,21,123,34,115,16,105" hai3="86,91,65,37,3,96,71,126,1,30,60,47,32"/><U46/><E120/><V59/><F123/><W92/><G126/><N who="1" m="48138" /><E39/><V18/><F75/><W122/><G122/><T35/><D108/><U103/><E67/><V36/><F36/><W13/><G30/><T57/><D79/><U54/><E81/><V117/><F117/><W64/><G32/><T63/><D43/><N who="1" m="25055" /><E10/><V85/><F128/><W11/><G65/><T56/><D134/><U9/><E9/><V73/><F73/><W129/><G129/><T107/><D101/><U104/><E104/><V119/><F119/><W2/><G37/><T68/><D68/><U26/><E26/><V19/><F105/><W116/><G116/><T112/><D112/><U44/><E44/><V132/><F102/><W24/><G24/><T72/><D72/><U42/><E42/><V113/><F132/><W111/><G47/><T29/><REACH who="0" step="1"/><D58/><REACH who="0" ten="125,478,175,212" step="2"/><U109/><E109/><V20/><F113/><W130/><G111/><T69/><D69/><U6/><E4/><V135/><F115/><W110/><G110/><T114/><D114/><U83/><E103/><V70/><F70/><W23/><G130/><T131/><D131/><U100/><E100/><V49/><F135/><W45/><G45/><T40/><D40/><U93/><E83/><V98/><F59/><W84/><G71/><T0/><D0/><U33/><E6/><V87/><F34/><W89/><G2/><T78/><D78/><U12/><E33/><V38/><F38/><W48/><G3/><T80/><D80/><U76/><E76/><V41/><F41/><W99/><G1/><T66/><AGARI ba="0,1" hai="22,25,27,29,31,35,55,56,57,62,63,66,106,107" machi="66" ten="20,2700,0" yaku="1,1,0,1,7,1,53,0" doraHai="88" doraHaiUra="74" who="0" fromWho="0" sc="125,37,478,-13,175,-7,212,-7" /><INIT seed="6,0,0,3,4,132" ten="162,465,168,205" oya="2" hai0="124,60,82,114,46,19,117,93,105,72,100,40,127" hai1="50,130,20,43,28,33,37,48,108,29,125,106,134" hai2="21,23,70,113,7,25,68,110,27,49,6,101,22" hai3="78,98,84,14,107,35,57,30,87,62,103,123,75"/><V18/><F113/><W11/><G123/><T53/><D114/><U44/><E108/><V71/><F110/><W45/><G75/><T24/><D105/><U111/><E111/><V15/><F101/><W120/><G120/><T109/><D109/><U58/><E106/><V104/><F104/><W9/><G78/><N who="0" m="44359" /><D117/><U34/><E130/><V92/><F92/><W67/><G30/><T88/><D100/><U52/><E134/><V1/><F1/><W81/><G35/><T73/><D73/><U128/><E128/><V74/><F74/><W76/><G87/><T129/><D129/><U131/><E125/><N who="0" m="48201" /><D53/><U36/><E131/><V26/><REACH who="2" step="1"/><F49/><REACH who="2" ten="162,465,158,205" step="2"/><W51/><G14/><T90/><D93/><U135/><E135/><V5/><AGARI ba="0,1" hai="5,6,7,15,18,21,22,23,25,26,27,68,70,71" machi="5" ten="40,12000,1" yaku="1,1,2,1,0,1,29,2,53,0" doraHai="132" doraHaiUra="54" who="2" fromWho="2" sc="162,-40,465,-40,158,130,205,-40" /><INIT seed="6,1,0,1,4,5" ten="122,425,288,165" oya="2" hai0="7,29,15,55,110,54,1,82,86,120,35,46,76" hai1="106,14,111,103,47,64,97,13,22,129,93,135,2" hai2="45,51,108,71,123,30,130,62,121,79,43,118,74" hai3="132,125,133,87,95,91,12,107,40,85,124,116,33"/><V112/><F30/><W70/><G70/><T78/><D110/><U52/><E111/><V8/><F108/><W109/><G33/><T102/><D120/><U16/><E2/><V60/><F118/><W134/><G109/><T100/><D76/><U90/><E135/><V63/><F71/><W11/><G107/><T18/><D1/><U68/><E129/><V75/><F130/><W53/><G40/><T48/><D35/><U81/><E81/><V39/><F79/><W99/><G53/><T94/><D29/><U83/><E83/><V56/><F8/><W66/><G66/><T88/><D7/><U105/><E64/><V36/><F112/><W119/><G11/><N who="0" m="6527" /><D55/><U80/><E68/><V25/><F25/><W65/><G65/><T58/><D58/><U6/><E80/><V4/><F4/><W59/><G59/><T69/><D69/><U126/><E126/><N who="3" m="48746" /><G12/><T27/><D27/><U77/><E77/><V9/><F9/><W49/><G49/><T21/><D21/><U84/><E106/><V0/><F0/><W3/><G3/><T37/><D37/><U38/><E6/><V61/><F36/><W19/><G19/><T89/><D78/><U131/><E131/><V57/><F39/><W31/><G31/><T17/><D17/><U115/><E115/><V24/><F57/><W44/><G44/><T50/><D48/><N who="1" m="28703" /><E38/><V34/><F34/><W42/><G42/><T32/><D32/><U114/><E114/><V104/><F104/><W92/><G95/><T113/><D113/><U10/><E10/><V128/><F43/><W67/><G67/><RYUUKYOKU ba="1,0" sc="122,10,425,10,288,-30,165,10" hai0="46,50,54,82,86,88,89,94,100,102" hai1="13,14,16,22,84,90,93,97,103,105" hai3="85,87,91,92,99,116,119,132,133,134" /><INIT seed="7,2,0,1,5,59" ten="132,435,258,175" oya="3" hai0="93,82,1,100,44,111,53,54,66,68,61,77,88" hai1="69,5,87,74,58,110,46,22,24,50,97,43,101" hai2="80,120,131,10,134,6,105,121,113,76,102,135,13" hai3="86,117,32,19,73,81,75,130,60,133,41,72,33"/><W124/><G117/><T9/><D111/><U65/><E110/><V129/><F113/><W40/><G124/><T30/><D100/><U83/><E74/><N who="2" m="43031" /><F102/><W107/><G130/><N who="2" m="49673" /><F105/><W26/><G133/><AGARI ba="2,0" hai="6,10,13,120,121,133,134,135" m="49673,43031" machi="133" ten="30,2000,0" yaku="20,1,19,1" doraHai="59" who="2" fromWho="3" sc="132,0,435,0,258,26,175,-26" owari="132,-37.0,435,54.0,284,8.0,149,-25.0" /></mjloggm>