<mjloggm ver="2.3"><GO type="97" lobby="0"/><UN n0="%E5%B0%B1%E6%B4%BB%E7%94%9F%40%E5%B7%9D%E6%9D%91%E8%BB%8D%E5%9B%A3" n1="%E7%A5%9E%E8%8A%9D%E5%B1%85" n2="%E6%BF%80%E8%BE%9B" n3="%EF%BC%BC%E3%82%A4%E3%83%83%E3%82%AB%E3%83%AA%EF%BD%9E%E3%83%B3%EF%BC%8F" dan="14,15,15,14" rate="1957.66,2035.80,1945.50,1934.49" sx="M,M,M,M"/><TAIKYOKU oya="0"/><INIT seed="0,0,0,0,3,133" ten="250,250,250,250" oya="0" hai0="114,12,74,1,107,8,5,76,51,62,53,52,132" hai1="128,92,60,15,37,69,41,77,34,121,68,23,97" hai2="83,78,22,28,82,129,64,58,125,10,72,88,32" hai3="101,55,99,70,120,33,134,73,100,39,7,54,50"/><T84/><D132/><U130/><E34/><V49/><F125/><W20/><G134/><T96/><D114/><U44/><E77/><V86/><F129/><N who="1" m="49769" /><E121/><V81/><F10/><W25/><G120/><T104/><D74/><U118/><E118/><V38/><F38/><W115/><G115/><T116/><D116/><U2/><E2/><V94/><F32/><W66/><G33/><T103/><D1/><U126/><E126/><V6/><F6/><W24/><G39/><T112/><D112/><U59/><E23/><V0/><F0/><W85/><G73/><T75/><D75/><U40/><E15/><V95/><F95/><W135/><G135/><T89/><D76/><U122/><E41/><V16/><F28/><W91/><G7/><T42/><D107/><U11/><E11/><V111/><F111/><W65/><G70/><T106/><D106/><U26/><E26/><N who="2" m="14663" /><F72/><W80/><G25/><T47/><REACH who="0" step="1"/><D62/><REACH who="0" ten="240,250,250,250" step="2"/><U45/><E122/><V93/><F78/><W123/><G123/><T117/><D117/><U110/><E110/><V48/><F94/><AGARI ba="0,1" hai="5,8,12,42,47,51,52,53,84,89,94,96,103,104" machi="94" ten="30,11600,0" yaku="1,1,7,1,54,1,53,1" doraHai="133" doraHaiUra="4" who="0" fromWho="2" sc="240,126,250,0,250,-116,250,0" /><INIT seed="0,1,0,0,2,55" ten="366,250,134,250" oya="0" hai0="133,10,94,106,18,119,2,121,39,129,20,85,6" hai1="56,15,93,120,40,51,46,48,97,75,31,88,115" hai2="108,107,118,16,30,44,67,41,36,98,82,109,72" hai3="21,22,47,135,76,65,84,68,45,9,87,49,14"/><T90/><D106/><U66/><E75/><V32/><F118/><W13/><G135/><T0/><D39/><U8/><E120/><V92/><F67/><W50/><G68/><T70/><D119/><U130/><E130/><V12/><F107/><W19/><G65/><T38/><D70/><U78/><E31/><V117/><F117/><W77/><G19/><T126/><D38/><U3/><E3/><V89/><F30/><W112/><REACH who="3" step="1"/><G9/><REACH who="3" ten="366,250,134,240" step="2"/><T122/><D133/><U25/><E115/><AGARI ba="1,1" hai="13,14,21,22,45,47,49,50,76,77,84,87,112,115" machi="115" ten="25,6400,0" yaku="1,1,2,1,22,2,53,0" doraHai="55" doraHaiUra="61" who="3" fromWho="1" sc="366,0,250,-67,134,0,240,77" /><INIT seed="1,0,0,0,3,97" ten="366,183,134,317" oya="1" hai0="49,96,102,27,40,115,86,135,0,71,75,2,35" hai1="70,109,119,53,129,62,34,69,50,5,131,64,99" hai2="57,24,111,118,126,79,110,122,33,1,9,92,30" hai3="43,77,11,3,20,101,13,104,21,25,114,81,46"/><U18/><E119/><V10/><F118/><W37/><G114/><T6/><D75/><U78/><E34/><V36/><F36/><W128/><G128/><N who="1" m="49226" /><E5/><N who="2" m="1199" /><F92/><W31/><G3/><T98/><D115/><U83/><E18/><V65/><F57/><W38/><G38/><T134/><D6/><U125/><E125/><V76/><F65/><W26/><G101/><T39/><D35/><U82/><E109/><N who="2" m="41483" /><F122/><W51/><G104/><T19/><D19/><U12/><E12/><V58/><F58/><W95/><G95/><T117/><D27/><U73/><E82/><V89/><F126/><W74/><G37/><T133/><D2/><U87/><E99/><V23/><F10/><W84/><G74/><T80/><D98/><U32/><E32/><V8/><F8/><W16/><G26/><T17/><D17/><U60/><E73/><V103/><F33/><AGARI ba="0,0" hai="11,13,16,20,21,25,31,33,43,46,51,77,81,84" machi="33" ten="30,2000,0" yaku="7,1,54,1" doraHai="97" who="3" fromWho="2" sc="366,0,183,0,134,-20,317,20" /><INIT seed="2,0,0,1,5,110" ten="366,183,114,337" oya="2" hai0="104,29,118,27,98,3,82,73,116,78,36,99,66" hai1="39,20,93,17,38,115,48,2,84,113,1,51,85" hai2="60,89,111,108,109,41,112,28,114,33,26,34,96" hai3="103,71,45,8,19,92,97,101,54,47,81,122,50"/><V7/><F7/><W130/><G122/><T24/><D3/><U123/><E93/><N who="2" m="56367" /><F41/><W43/><G71/><T9/><D36/><U23/><REACH who="1" step="1"/><E17/><REACH who="1" ten="366,173,114,337" step="2"/><V58/><F34/><W72/><G19/><T76/><D104/><U135/><E135/><V57/><F57/><W37/><G92/><T10/><D82/><U22/><E22/><V65/><AGARI ba="0,1" hai="26,28,33,58,60,65,108,109,111,112,114" m="56367" machi="65" ten="30,11700,0" yaku="14,1,10,1,52,2" doraHai="110" who="2" fromWho="2" sc="366,-39,173,-39,114,127,337,-39" /><INIT seed="2,1,0,0,3,71" ten="327,134,241,298" oya="2" hai0="48,27,114,84,87,120,75,131,106,56,95,109,89" hai1="68,37,116,60,32,13,31,79,121,105,44,94,82" hai2="59,22,108,28,117,104,52,42,7,43,128,103,123" hai3="132,85,11,47,133,102,90,8,20,36,110,99,10"/><V62/><F117/><W129/><G110/><T34/><D106/><U6/><E105/><V29/><F123/><W18/><G129/><T126/><D75/><U74/><E121/><V86/><F128/><W111/><G111/><T51/><D120/><U49/><E116/><V45/><F108/><W12/><G47/><T19/><D109/><U21/><E32/><V127/><F127/><W23/><G23/><T33/><D131/><U134/><E134/><N who="3" m="51818" /><G36/><T15/><D126/><U124/><E124/><V25/><F7/><W83/><G10/><T119/><D119/><U118/><E118/><V81/><F104/><AGARI ba="1,0" hai="8,11,12,18,20,83,85,90,99,102,104" m="51818" machi="104" ten="30,1000,0" yaku="20,1" doraHai="71" who="3" fromWho="2" sc="327,0,134,0,241,-13,298,13" /><INIT seed="3,0,0,2,0,76" ten="327,134,228,311" oya="3" hai0="132,16,120,27,39,20,69,87,98,53,28,25,84" hai1="29,127,64,118,119,12,74,49,6,75,50,61,125" hai2="44,51,1,17,32,131,107,31,52,41,66,8,58" hai3="97,54,104,65,90,82,15,133,70,55,122,36,81"/><W116/><G122/><T2/><D120/><U93/><E93/><V124/><F107/><W60/><G116/><N who="1" m="44586" /><E12/><V113/><F113/><W101/><G133/><T35/><D69/><U121/><E29/><V108/><F131/><W23/><G36/><T48/><D39/><U40/><E6/><V105/><F105/><W42/><G42/><T114/><D132/><U3/><E121/><V79/><F124/><N who="1" m="47689" /><E3/><V38/><F108/><W4/><G90/><T96/><D2/><U99/><E99/><V67/><F32/><W56/><G55/><T123/><D123/><U0/><E0/><V102/><F102/><W10/><G23/><T37/><D37/><U18/><E18/><V109/><F109/><W59/><G59/><T5/><D5/><U63/><E40/><V62/><F31/><W88/><G88/><T129/><D129/><U72/><E64/><V78/><F66/><W14/><G14/><T43/><D43/><U13/><E13/><N who="2" m="7335" /><F1/><W22/><G22/><T47/><D114/><U86/><E86/><V111/><F111/><W30/><G30/><T134/><D134/><U71/><E71/><AGARI ba="0,0" hai="38,41,44,51,52,58,62,67,71,78,79" m="7335" machi="71" ten="30,2000,0" yaku="24,1,54,1" doraHai="76" who="2" fromWho="1" sc="327,0,134,-20,228,20,311,0" owari="327,43.0,114,-39.0,248,-15.0,311,11.0" /></mjloggm>