<mjloggm ver="2.3"><GO type="97" lobby="0"/><UN n0="%6D%6F%6D%6F%6D%6D%6F" n1="%E3%83%86%E3%83%A9%E5%B0%8F%E7%89%A9%EF%BD%97" n2="%E3%83%97%E3%83%AA%E3%83%B3%E3%82%B9" n3="%E3%82%A6%E3%83%AB%E3%83%88%E3%83%A9%E7%AB%8B%E7%9B%B4" dan="13,14,14,15" rate="1870.20,1978.15,1879.39,1976.87" sx="M,M,M,M"/><TAIKYOKU oya="0"/><INIT seed="0,0,0,0,0,11" ten="250,250,250,250" oya="0" hai0="5,46,75,129,42,133,95,127,90,2,21,88,93" hai1="106,10,29,0,107,67,30,6,65,87,98,36,101" hai2="122,28,119,105,124,103,121,82,84,135,43,24,100" hai3="20,109,15,52,64,116,3,13,63,44,33,41,56"/><T34/><D127/><U97/><E36/><V9/><F43/><W14/><G33/><T7/><D133/><U94/><E87/><V128/><F9/><W113/><G3/><T50/><D129/><U102/><E94/><V114/><F24/><W31/><G113/><T72/><D34/><U80/><E80/><V115/><F28/><AGARI ba="0,0" hai="0,6,10,28,29,30,65,67,97,98,101,102,106,107" machi="28" ten="40,1300,0" yaku="9,1" doraHai="11" who="1" fromWho="2" sc="250,0,250,13,250,-13,250,0" /><INIT seed="1,0,0,1,3,37" ten="250,263,237,250" oya="1" hai0="83,108,28,124,123,74,92,81,43,25,82,77,31" hai1="72,127,49,101,131,129,22,12,90,62,24,52,4" hai2="5,96,55,38,125,97,46,94,133,57,132,126,113" hai3="135,76,93,17,47,71,111,107,29,18,10,40,59"/><U122/><E122/><V27/><F113/><W119/><G71/><T116/><D116/><U42/><E72/><V88/><F5/><W66/><G107/><T78/><D123/><U120/><E120/><V58/><F27/><W117/><G111/><T68/><D124/><N who="2" m="47722" /><F97/><W60/><G29/><T102/><D108/><U8/><E101/><V16/><F16/><W86/><G135/><N who="2" m="51785" /><F55/><W85/><G85/><T118/><D118/><N who="3" m="45065" /><G10/><T2/><D68/><U35/><E127/><V9/><F9/><W130/><G17/><T79/><D2/><U13/><E35/><V69/><F69/><W87/><G18/><T106/><D43/><AGARI ba="0,0" hai="38,43,46,57,58,88,94,96" m="51785,47722" machi="43" ten="30,7700,0" yaku="18,1,20,1,52,1,54,1" doraHai="37" who="2" fromWho="0" sc="250,-77,263,0,237,77,250,0" /><INIT seed="2,0,0,5,2,34" ten="173,263,314,250" oya="2" hai0="4,68,134,116,3,25,54,2,48,15,33,16,81" hai1="100,27,92,107,91,112,106,23,78,102,62,101,124" hai2="82,122,20,75,83,111,133,105,86,119,85,87,89" hai3="26,41,52,1,95,55,127,47,38,103,90,45,65"/><V51/><F20/><W130/><G127/><T14/><D81/><U60/><E124/><V36/><F51/><W40/><G130/><T72/><D72/><U121/><E112/><V79/><F36/><W31/><G65/><T88/><D68/><U53/><E121/><V12/><F12/><W37/><G103/><T24/><D88/><U125/><E125/><V84/><F122/><W126/><G126/><T131/><D54/><U132/><E132/><V44/><F44/><W59/><G59/><T93/><D48/><U115/><E115/><V117/><F133/><W46/><G46/><T123/><D93/><U42/><E42/><V109/><F105/><W69/><G69/><T108/><D123/><U17/><E78/><V35/><F35/><W76/><G76/><T120/><D120/><U96/><E62/><V7/><F7/><W73/><G73/><T56/><D56/><AGARI ba="0,0" hai="17,23,27,53,56,60,91,92,96,100,101,102,106,107" machi="56" ten="40,2600,0" yaku="25,2" doraHai="34" who="1" fromWho="0" sc="173,-26,263,26,314,0,250,0" /><INIT seed="3,0,0,2,1,30" ten="147,289,314,250" oya="3" hai0="74,63,69,123,110,51,60,4,129,94,134,39,10" hai1="126,59,84,28,44,98,89,99,87,78,120,6,34" hai2="105,122,85,45,35,43,5,13,38,72,119,91,101" hai3="54,58,36,50,49,27,65,109,32,135,20,52,75"/><W131/><G75/><T116/><D123/><U31/><E120/><V79/><F122/><W115/><G115/><T90/><D116/><U70/><E70/><V25/><F119/><W128/><G36/><T23/><D134/><U16/><E126/><V18/><F5/><W83/><G65/><T42/><D129/><N who="3" m="49737" /><G135/><T121/><D121/><U82/><E34/><V21/><F105/><W130/><N who="3" m="49745" /><W7/><DORA hai="2" /><G109/><T108/><D74/><U107/><E59/><V55/><F101/><W40/><G40/><T33/><D33/><U125/><E125/><V92/><F35/><W112/><G112/><T57/><D23/><U124/><E124/><V56/><F72/><W102/><G102/><T22/><D22/><U71/><E71/><V97/><F79/><W77/><G7/><T86/><D69/><U62/><E6/><V133/><F133/><W37/><G37/><T11/><D11/><U0/><E0/><V67/><F67/><W47/><G83/><T1/><D39/><U48/><E62/><V80/><F80/><W19/><G77/><T113/><D113/><U17/><E107/><V66/><F66/><W81/><G81/><T41/><D41/><N who="1" m="24591" /><E31/><V12/><F97/><N who="1" m="36873" /><E28/><V132/><F132/><W53/><G32/><T76/><D76/><U3/><E3/><V114/><F114/><W29/><G29/><T15/><D1/><U26/><E26/><V9/><F9/><W46/><G58/><T64/><D60/><AGARI ba="0,0" hai="12,13,18,21,25,38,43,45,55,56,60,85,91,92" machi="60" ten="30,1000,0" yaku="7,1" doraHai="30,2" who="2" fromWho="0" sc="147,-10,289,0,314,10,250,0" owari="137,-36.0,289,9.0,324,42.0,250,-15.0" /></mjloggm>