<mjloggm ver="2.3"><GO type="97" lobby="0"/><UN n0="%E3%83%8B%E3%83%A3%E3%83%AB%E3%83%A9%E3%83%88%E3%83%9B%E3%83%86%E3%83%97" n1="%E3%83%A2%E3%82%B1%E3%83%BC%E3%83%AC" n2="%E3%82%A6%E3%83%AB%E3%83%88%E3%83%A9%E7%AB%8B%E7%9B%B4" n3="%6D%72%2E%66%72%6F%6E%74" dan="13,14,13,14" rate="1888.28,1885.77,1838.34,1893.47" sx="M,M,M,M"/><TAIKYOKU oya="0"/><INIT seed="0,0,0,3,1,61" ten="250,250,250,250" oya="0" hai0="82,118,119,29,55,25,79,5,89,18,83,76,42" hai1="68,67,103,87,115,50,69,121,54,56,20,44,98" hai2="22,92,130,0,38,114,48,88,31,19,73,51,108" hai3="96,74,135,40,110,78,45,49,6,58,30,24,95"/><T99/><D5/><U34/><E121/><V131/><F38/><W85/><G110/><T128/><D42/><U113/><E34/><V105/><F105/><W13/><G135/><T133/><D133/><U16/><E87/><N who="2" m="52255" /><F73/><W94/><G74/><T101/><D89/><U21/><E21/><V120/><F0/><W97/><G58/><T75/><D55/><U100/><E100/><V81/><F114/><N who="1" m="43529" /><E44/><V65/><F120/><W2/><G2/><T129/><D18/><U70/><E98/><N who="3" m="37994" /><G24/><T134/><D134/><U4/><E103/><V43/><F31/><W123/><G30/><T1/><D1/><U77/><E77/><V23/><F23/><W15/><G123/><T47/><D47/><U126/><E4/><V33/><F33/><W60/><G6/><T39/><D39/><U3/><E3/><V106/><F106/><W111/><G111/><T32/><D79/><U116/><E116/><N who="0" m="44585" /><D83/><U41/><E41/><V11/><F81/><N who="3" m="47287" /><G95/><T57/><D57/><N who="1" m="32983" /><E20/><V93/><F22/><W12/><G94/><T124/><D99/><U86/><E16/><V14/><F93/><W35/><G35/><T7/><D101/><U112/><E112/><V66/><F108/><W9/><G9/><T132/><D7/><U90/><E56/><V127/><F43/><W8/><G8/><T59/><D132/><U109/><E109/><V27/><F27/><W91/><G91/><T37/><D59/><U72/><E90/><V80/><F80/><W63/><AGARI ba="0,0" hai="12,13,15,40,45,49,60,63" m="47287,37994" machi="63" ten="30,1100,0" yaku="8,1" doraHai="61" who="3" fromWho="3" sc="250,-5,250,-3,250,-3,250,11" /><INIT seed="1,0,0,1,1,76" ten="245,247,247,261" oya="1" hai0="130,115,73,65,82,15,95,64,33,20,30,92,102" hai1="71,93,9,6,91,57,17,63,86,36,56,88,79" hai2="100,90,84,3,108,133,61,72,44,128,107,77,120" hai3="101,10,80,83,66,19,75,12,131,105,114,99,1"/><U40/><E71/><V81/><F3/><W13/><G114/><T2/><D33/><U104/><E104/><V37/><F120/><W111/><G1/><T7/><D115/><U14/><E79/><V58/><F108/><W121/><G121/><T106/><D73/><U98/><E36/><V78/><F128/><W45/><G75/><T110/><D2/><U126/><E40/><V39/><F133/><W59/><G111/><T4/><D106/><U60/><E126/><V62/><F78/><W129/><G45/><T112/><D110/><U46/><E46/><V31/><F31/><W35/><G13/><T116/><D116/><U123/><E123/><V97/><F44/><W124/><G35/><T87/><D112/><U11/><E57/><V119/><F119/><W89/><G89/><N who="0" m="51447" /><D102/><U117/><E117/><V25/><F25/><W24/><G24/><N who="0" m="16647" /><D130/><N who="3" m="49673" /><G124/><T47/><D47/><U48/><E48/><V50/><F50/><W27/><G27/><T122/><D122/><U52/><E60/><AGARI ba="0,0" hai="10,12,19,59,60,66,80,83,99,101,105" m="49673" machi="60" ten="30,3900,0" yaku="19,1,52,2" doraHai="76" who="3" fromWho="1" sc="245,0,247,-39,247,0,261,39" /><INIT seed="2,0,0,3,2,11" ten="245,208,247,300" oya="2" hai0="68,101,56,54,49,29,58,111,117,55,42,16,88" hai1="84,71,116,102,22,25,3,64,59,121,17,130,28" hai2="118,93,87,112,61,37,114,122,104,43,47,14,83" hai3="110,119,53,24,34,63,78,131,74,85,50,45,99"/><V52/><F104/><W123/><G119/><T18/><D68/><U86/><E116/><V134/><F118/><W96/><G123/><T44/><D117/><U12/><E71/><V89/><F122/><W95/><G74/><T75/><D75/><U65/><E121/><V26/><F134/><W79/><G110/><T7/><D111/><U35/><E3/><V20/><F83/><N who="3" m="47351" /><G34/><T66/><D101/><U73/><E73/><V94/><F94/><W39/><G39/><T113/><D113/><U133/><E133/><V135/><F135/><W120/><G79/><T109/><D109/><U60/><E130/><V27/><F27/><W76/><G76/><T115/><D115/><U41/><E41/><V38/><F38/><W132/><G132/><T91/><D29/><U69/><E102/><V48/><F61/><W10/><G24/><T103/><D103/><U51/><E51/><V124/><F124/><W81/><G81/><T5/><D42/><U70/><E69/><V36/><F36/><W72/><G72/><T125/><D125/><U1/><E70/><V19/><F26/><W129/><G95/><T0/><D0/><U127/><E127/><V80/><F80/><W40/><G120/><T13/><D66/><U126/><E126/><V21/><F21/><W9/><G131/><T106/><D106/><U82/><E1/><V30/><F30/><W33/><G129/><T100/><D100/><U4/><E4/><N who="0" m="1609" /><D44/><AGARI ba="0,0" hai="14,19,20,37,43,44,47,48,52,87,89,93,112,114" machi="44" ten="30,5800,0" yaku="7,1,52,1,54,1" doraHai="11" who="2" fromWho="0" sc="245,-58,208,0,247,58,300,0" /><INIT seed="2,1,0,3,5,34" ten="187,208,305,300" oya="2" hai0="121,38,108,122,10,28,42,106,131,54,113,90,17" hai1="22,25,86,60,29,59,21,40,110,100,16,95,111" hai2="61,2,81,53,12,4,26,3,73,18,104,24,32" hai3="46,56,1,126,124,114,37,48,130,77,101,128,92"/><V65/><F53/><N who="3" m="31783" /><G77/><T41/><D28/><U13/><E40/><V39/><F39/><W125/><G114/><T118/><D106/><U62/><E59/><V7/><F104/><W36/><G1/><N who="2" m="9" /><F81/><W134/><G46/><T99/><D38/><N who="3" m="14953" /><G134/><T74/><D74/><U67/><E67/><V103/><F103/><W66/><G66/><T27/><D113/><U45/><E45/><V5/><F61/><W123/><G123/><T52/><D118/><U91/><E100/><V55/><F55/><W79/><G79/><T44/><D44/><U93/><E95/><V69/><F65/><W133/><G133/><T72/><D72/><U68/><REACH who="1" step="1"/><E68/><REACH who="1" ten="187,198,305,300" step="2"/><V83/><F69/><W14/><G14/><T57/><D41/><U75/><E75/><V87/><F73/><W43/><G43/><T49/><D42/><U98/><E98/><AGARI ba="1,1" hai="92,98,101,124,125,126,128,130" m="14953,31783" machi="98" ten="40,1300,0" yaku="18,1" doraHai="34" who="3" fromWho="1" sc="187,0,198,-16,305,0,300,26" /><INIT seed="3,0,0,1,2,47" ten="187,182,305,326" oya="3" hai0="101,56,85,114,49,129,45,100,68,53,111,10,63" hai1="35,28,31,72,60,91,43,115,110,103,48,65,105" hai2="78,14,13,120,17,33,133,50,20,69,73,88,0" hai3="52,40,21,95,117,8,96,55,59,62,36,112,7"/><W64/><G112/><T24/><D114/><U81/><E115/><V130/><F33/><W123/><G123/><T67/><D129/><U124/><E110/><V5/><F0/><W25/><G117/><T134/><D134/><U66/><E124/><V82/><F69/><W16/><G40/><T15/><D111/><U118/><E118/><V22/><F133/><W4/><G36/><T92/><D24/><N who="1" m="18823" /><E65/><V90/><F130/><W37/><G37/><T79/><D68/><N who="1" m="42055" /><E31/><V70/><F70/><W77/><G77/><T98/><D100/><U108/><E108/><V83/><F120/><W71/><G71/><T87/><REACH who="0" step="1"/><D79/><REACH who="0" ten="177,182,305,326" step="2"/><N who="1" m="44263" /><E91/><V113/><F113/><W102/><G7/><AGARI ba="0,1" hai="7,10,15,45,49,53,56,63,67,85,87,92,98,101" machi="7" ten="30,8000,1" yaku="1,1,7,1,8,1,52,1,53,1" doraHai="47" doraHaiUra="9" who="0" fromWho="3" sc="177,90,182,0,305,0,326,-80" owari="267,7.0,182,-32.0,305,40.0,246,-15.0" /></mjloggm>