<mjloggm ver="2.3"><GO type="41" lobby="0"/><UN n0="%E3%82%A6%E3%83%AB%E3%83%88%E3%83%A9%E7%AB%8B%E7%9B%B4" n1="%E3%81%94%E3%82%80%E3%81%87%E3%82%93" n2="%E3%81%8C%E3%82%93%E3%81%B0%E3%82%8C%E3%83%91%E3%83%94" n3="%67%75%75%74%61%72%61" dan="15,14,14,14" rate="1997.24,1947.92,1892.48,1977.01" sx="M,M,M,M"/><TAIKYOKU oya="0"/><INIT seed="0,0,0,2,3,88" ten="250,250,250,250" oya="0" hai0="27,75,3,46,93,58,56,92,55,122,68,2,83" hai1="130,94,70,129,102,81,45,17,51,101,74,100,4" hai2="132,67,114,118,99,79,48,76,25,125,38,87,113" hai3="36,106,128,43,69,23,78,14,72,18,73,21,15"/><T30/><D68/><U131/><E70/><V33/><F38/><W123/><G106/><T121/><D46/><U49/><E4/><V77/><F67/><W59/><G128/><T54/><D83/><U109/><E51/><V126/><F48/><W127/><G69/><T64/><D27/><U124/><E124/><N who="2" m="47723" /><F25/><W9/><G127/><T105/><D105/><U71/><E71/><V96/><F33/><W108/><G108/><T53/><D64/><U111/><E17/><V0/><F0/><N who="0" m="42" /><D75/><U95/><E49/><V32/><F32/><W22/><G123/><N who="0" m="47115" /><D30/><U98/><E98/><N who="2" m="37419" /><F132/><W12/><G78/><N who="2" m="30313" /><F118/><W13/><G59/><AGARI ba="0,0" hai="53,54,55,56,58,59,92,93" m="47115,42" machi="59" ten="40,12000,1" yaku="28,2,52,2" doraHai="88" who="0" fromWho="3" sc="250,120,250,0,250,0,250,-120" /><INIT seed="0,1,0,1,2,107" ten="370,250,250,130" oya="0" hai0="55,114,82,115,6,78,126,120,111,81,73,41,97" hai1="101,67,84,43,64,94,50,127,5,17,95,39,104" hai2="103,70,86,4,51,117,102,24,124,57,49,22,47" hai3="33,59,108,58,9,28,30,71,72,25,89,93,116"/><T118/><D41/><U65/><E104/><V83/><F70/><W87/><G72/><T53/><D6/><U42/><E5/><V129/><F129/><W68/><G108/><T77/><D55/><U113/><E39/><V15/><F124/><W38/><G116/><T54/><D54/><U44/><E113/><N who="0" m="43017" /><D53/><U34/><E34/><V130/><F57/><W88/><G38/><T112/><D112/><U3/><E101/><V0/><F130/><W99/><G9/><T7/><D7/><U10/><E127/><V16/><F51/><W91/><G71/><T119/><D126/><U60/><E3/><V92/><F117/><N who="0" m="44554" /><D120/><U48/><E60/><V122/><F122/><W27/><G68/><T125/><D125/><U46/><E84/><V29/><F0/><W80/><G91/><T21/><D21/><AGARI ba="1,0" hai="21,25,27,28,30,33,58,59,80,87,88,89,93,99" machi="21" ten="30,2000,0" yaku="7,1,54,1" doraHai="107" who="3" fromWho="0" sc="370,-23,250,0,250,0,130,23" /><INIT seed="1,0,0,5,4,29" ten="347,250,250,153" oya="1" hai0="129,112,104,111,38,87,121,132,59,88,123,135,91" hai1="117,68,77,23,92,85,35,76,103,78,105,9,7" hai2="72,98,17,64,34,53,55,106,43,79,89,96,83" hai3="109,1,13,127,20,101,26,6,16,122,115,93,84"/><U15/><E105/><V82/><F34/><W108/><G101/><T25/><D38/><U36/><E68/><V90/><F64/><W133/><G93/><T71/><D71/><U24/><E36/><V100/><F43/><W130/><G84/><T27/><D104/><U69/><E35/><V44/><F17/><W60/><G60/><T2/><D2/><U66/><E117/><V46/><F44/><W14/><G115/><T48/><D112/><U120/><E66/><V124/><F46/><W58/><G122/><N who="0" m="46603" /><D91/><N who="2" m="34826" /><F55/><W3/><G58/><T28/><D111/><N who="3" m="42569" /><G127/><T30/><D129/><U56/><E69/><V125/><F53/><W52/><G130/><T11/><D11/><U116/><E56/><V62/><F62/><W19/><G52/><N who="0" m="32135" /><D30/><N who="1" m="17695" /><E116/><V74/><F98/><W47/><G47/><T95/><D28/><U32/><E32/><V134/><F134/><AGARI ba="0,0" hai="25,27,87,88,95,132,134,135" m="32135,46603" machi="134" ten="30,7700,0" yaku="20,1,13,1,54,2" doraHai="29" who="0" fromWho="2" sc="347,77,250,0,250,-77,153,0" /><INIT seed="2,0,0,3,5,128" ten="424,250,173,153" oya="2" hai0="42,103,90,75,23,71,9,49,104,57,115,133,27" hai1="13,99,10,40,4,110,77,33,130,108,113,126,131" hai2="85,70,105,0,29,78,98,3,5,72,37,56,25" hai3="83,55,48,106,54,73,74,1,46,61,18,92,127"/><V44/><F56/><W117/><G106/><T43/><D71/><U26/><E40/><V22/><F85/><W16/><G117/><T28/><D75/><U6/><E77/><V86/><F86/><W93/><G1/><T7/><D115/><U124/><E4/><V121/><F121/><W67/><G127/><N who="1" m="48682" /><E99/><V95/><F70/><W51/><G83/><T125/><D125/><U35/><E26/><V123/><F123/><W129/><G129/><N who="1" m="49162" /><E113/><V120/><F120/><W24/><G24/><T107/><D107/><U119/><E119/><V89/><F105/><W88/><G67/><T45/><D103/><U91/><E91/><V41/><REACH who="2" step="1"/><F5/><REACH who="2" ten="424,250,163,153" step="2"/><W20/><G74/><T79/><D57/><U69/><E69/><V50/><F50/><W63/><G73/><T118/><D104/><U132/><E132/><V58/><F58/><W36/><G36/><T8/><D133/><U39/><E39/><V81/><AGARI ba="0,1" hai="0,3,22,25,29,37,41,44,72,78,81,89,95,98" machi="81" ten="30,3000,0" yaku="1,1,0,1,53,0" doraHai="128" doraHaiUra="12" who="2" fromWho="2" sc="424,-10,250,-10,163,40,153,-10" /><INIT seed="2,1,0,0,2,41" ten="414,240,203,143" oya="2" hai0="93,40,49,87,38,42,81,26,114,82,85,46,76" hai1="23,14,47,29,20,58,16,4,9,106,7,64,127" hai2="13,27,94,66,35,98,134,86,113,123,12,2,103" hai3="97,59,25,100,95,102,33,5,6,73,90,96,91"/><V8/><F113/><W72/><G59/><T39/><D114/><U18/><E106/><V54/><F123/><W130/><G130/><T132/><D132/><U45/><E127/><V56/><F134/><W88/><G33/><T107/><D107/><U78/><E78/><V126/><F126/><W57/><G57/><T53/><D93/><U75/><E75/><N who="3" m="28746" /><G25/><T68/><D68/><U51/><E4/><N who="3" m="1642" /><G95/><T71/><D71/><U125/><E125/><V44/><F2/><W62/><G62/><T79/><D26/><N who="1" m="16583" /><E7/><V80/><F27/><W124/><G124/><T30/><D30/><U0/><E0/><V110/><F35/><W89/><N who="3" m="23040" /><DORA hai="61" /><W108/><G108/><T11/><D11/><U104/><E104/><V60/><F110/><W28/><G28/><T133/><D133/><U48/><E64/><V37/><F37/><AGARI ba="1,0" hai="37,38,39,40,42,46,49,53,76,79,81,82,85,87" machi="37" ten="40,2600,0" yaku="9,1,52,1" doraHai="41,61" who="0" fromWho="2" sc="414,29,240,0,203,-29,143,0" /><INIT seed="3,0,0,5,3,104" ten="443,240,174,143" oya="3" hai0="118,115,26,122,131,132,112,101,81,127,95,47,108" hai1="61,94,57,107,59,5,51,72,121,64,85,27,113" hai2="49,39,83,87,21,13,116,133,15,35,78,6,71" hai3="110,3,125,16,44,70,19,28,18,117,45,124,42"/><W22/><G70/><T12/><D108/><U69/><E107/><V62/><F39/><W52/><G110/><T54/><D122/><U77/><E113/><N who="0" m="43593" /><D127/><N who="3" m="48713" /><G117/><T98/><D131/><U9/><E27/><V11/><F35/><W75/><G75/><T114/><D132/><U135/><E51/><V128/><F116/><W40/><G3/><T34/><D118/><U73/><E135/><V89/><F128/><W46/><G52/><T31/><D114/><U36/><E36/><V74/><F133/><W7/><G7/><T68/><D68/><U60/><E69/><V65/><F49/><W14/><G14/><T0/><D0/><U120/><E120/><V38/><F38/><W29/><G22/><T24/><D24/><U33/><E33/><V43/><F43/><AGARI ba="0,0" hai="16,18,19,28,29,40,42,43,44,45,46" m="48713" machi="43" ten="40,12000,1" yaku="28,2,18,1,54,1" doraHai="104" who="3" fromWho="2" sc="443,0,240,0,174,-120,143,120" /><INIT seed="3,1,0,2,5,71" ten="443,240,54,263" oya="3" hai0="52,50,21,129,132,97,116,65,70,28,124,13,123" hai1="67,93,41,122,134,111,101,46,43,47,24,87,119" hai2="127,27,40,73,53,103,1,108,37,42,5,66,20" hai3="26,125,128,62,29,113,15,3,23,49,48,85,56"/><W2/><G128/><T25/><D123/><U22/><E119/><V54/><F73/><W6/><G113/><T135/><D116/><U64/><E122/><V89/><F108/><W88/><G125/><T83/><D124/><U39/><E111/><V61/><F127/><W99/><G99/><T109/><D109/><U130/><E130/><V36/><F103/><W60/><G2/><T78/><D129/><U4/><E4/><V51/><F89/><W77/><G3/><T107/><D13/><U94/><E134/><N who="0" m="51241" /><D65/><U81/><E101/><V102/><F102/><W33/><G77/><T91/><D70/><U76/><E67/><V117/><F5/><W92/><G62/><T118/><D118/><U84/><E87/><V131/><F1/><W32/><G33/><T57/><D107/><U133/><E64/><V0/><F0/><W55/><G32/><T34/><D97/><U59/><E59/><N who="2" m="37183" /><F131/><W115/><REACH who="3" step="1"/><G115/><REACH who="3" ten="443,240,54,253" step="2"/><T31/><D34/><U98/><E98/><V30/><F117/><W120/><G120/><T69/><D91/><U95/><E133/><V86/><F86/><W100/><G100/><T80/><D78/><U58/><E58/><N who="2" m="33087" /><F30/><W18/><G18/><N who="0" m="12471" /><D69/><U114/><E114/><V82/><F82/><AGARI ba="1,1" hai="28,31,50,52,57,80,82,83" m="12471,51241" machi="82" ten="30,2000,0" yaku="20,1,54,1" doraHai="71" who="0" fromWho="2" sc="443,33,240,0,54,-23,253,0" /><INIT seed="4,0,0,3,0,10" ten="476,240,31,253" oya="0" hai0="131,126,24,19,52,121,108,104,105,32,14,54,122" hai1="80,18,43,60,50,61,135,71,70,123,3,95,67" hai2="100,79,39,115,58,59,114,92,64,36,107,56,72" hai3="44,41,94,98,51,91,133,73,113,124,85,101,16"/><T74/><D74/><U34/><E3/><V20/><F64/><W22/><G73/><T46/><D105/><U37/><E34/><V2/><F72/><W4/><G113/><N who="2" m="43017" /><F2/><W42/><G124/><T88/><D104/><U68/><E80/><V38/><F107/><W89/><G4/><T83/><D126/><U116/><E123/><V120/><F120/><W0/><G0/><T17/><D131/><U7/><E7/><V103/><F79/><W118/><G118/><T1/><D1/><U33/><E116/><V66/><F66/><W63/><G63/><T12/><D24/><U86/><E33/><V26/><F92/><W99/><G133/><T96/><D32/><U130/><E37/><V35/><F35/><W21/><G22/><T6/><D6/><U30/><E130/><V128/><F128/><W134/><G134/><T65/><D65/><U112/><E67/><V117/><F117/><W129/><G129/><T8/><D108/><U49/><E43/><V87/><F87/><W82/><G99/><T27/><D27/><U111/><E86/><V13/><F26/><N who="3" m="14631" /><G41/><T125/><D125/><U28/><E71/><V132/><F132/><W106/><G106/><T23/><D96/><U84/><E70/><V47/><F47/><W48/><G51/><N who="0" m="28791" /><D54/><U15/><E68/><V77/><F77/><AGARI ba="0,0" hai="42,44,48,77,82,85,89,91,94,98,101" m="14631" machi="77" ten="30,2000,0" yaku="8,1,54,1" doraHai="10" who="3" fromWho="2" sc="476,0,240,0,31,-20,253,20" /><INIT seed="5,0,0,4,3,99" ten="476,240,11,273" oya="1" hai0="2,30,111,17,23,48,96,50,8,37,34,16,33" hai1="93,130,82,45,6,121,4,22,25,81,71,53,12" hai2="43,26,57,55,32,67,129,27,70,21,35,116,112" hai3="87,86,52,42,3,36,62,63,46,14,105,40,76"/><U84/><E71/><V123/><F116/><W113/><G105/><T9/><D96/><U126/><E130/><V97/><F123/><W65/><G3/><T91/><D91/><U54/><E126/><V90/><F129/><W72/><G72/><T132/><D50/><U31/><E121/><V47/><F27/><W60/><G113/><T73/><D48/><U128/><E128/><V13/><F13/><W78/><G36/><T56/><D56/><U120/><E120/><V131/><F131/><W20/><G65/><T19/><D73/><U61/><E81/><V49/><F90/><W102/><G102/><T109/><D37/><U88/><E45/><V117/><F97/><W39/><G39/><T11/><D2/><U1/><E1/><V108/><F117/><W51/><G87/><T64/><D64/><U94/><E61/><V119/><F108/><N who="0" m="41546" /><D132/><U124/><E124/><V79/><F112/><W18/><G86/><T15/><D15/><U110/><E12/><V29/><F79/><AGARI ba="0,0" hai="14,18,20,40,42,46,51,52,60,62,63,76,78,79" machi="79" ten="40,2600,0" yaku="8,1,54,1" doraHai="99" who="3" fromWho="2" sc="476,0,240,0,11,-26,273,26" owari="476,58.0,240,-16.0,-15,-52.0,299,10.0" /></mjloggm>