<mjloggm ver="2.3"><GO type="97" lobby="0"/><UN n0="%6B%79%61%73%6D%69" n1="%E3%81%B1%E3%81%A1%E3%82%87%E3%82%8A%E3%83%BC" n2="%E3%83%94%E3%82%AD%E3%83%AA%E3%83%88%E3%83%B3%E3%82%AD%E3%83%B3" n3="%E3%82%A6%E3%83%AB%E3%83%88%E3%83%A9%E7%AB%8B%E7%9B%B4" dan="14,14,15,13" rate="1955.77,1883.67,2017.68,1858.23" sx="M,F,M,M"/><TAIKYOKU oya="0"/><INIT seed="0,0,0,4,5,123" ten="250,250,250,250" oya="0" hai0="81,47,108,77,93,131,48,18,76,61,121,5,114" hai1="32,130,94,49,71,20,59,41,83,30,82,89,129" hai2="126,25,1,64,55,133,51,13,115,17,43,35,26" hai3="69,86,98,68,15,66,96,6,63,75,33,105,99"/><T73/><D121/><U50/><E71/><V24/><F1/><W29/><G75/><T54/><D114/><U80/><E32/><V21/><F115/><W95/><G69/><T39/><D39/><U37/><E37/><V79/><F126/><W109/><G95/><T116/><D116/><U125/><E125/><V8/><F133/><W128/><G86/><T58/><D131/><N who="1" m="50187" /><E59/><V85/><F64/><W27/><G128/><T87/><D5/><U70/><E41/><V132/><F43/><W90/><G90/><N who="0" m="51567" /><D73/><U23/><E70/><V38/><F38/><W60/><G60/><T9/><D93/><U52/><E30/><V78/><F132/><W88/><G88/><T7/><D7/><U113/><E113/><V53/><F35/><W31/><G31/><T92/><D92/><U102/><E102/><V44/><F55/><W135/><G135/><T40/><D108/><U120/><E120/><V111/><F53/><W56/><G56/><T34/><D34/><U74/><E74/><V16/><F111/><W117/><G117/><T45/><D47/><N who="1" m="27711" /><E50/><V19/><F51/><W10/><REACH who="3" step="1"/><G109/><REACH who="3" ten="250,250,250,240" step="2"/><T97/><D97/><AGARI ba="0,1" hai="20,23,80,82,83,89,94,97" m="27711,50187" machi="97" ten="30,2000,0" yaku="19,1,54,1" doraHai="123" who="1" fromWho="0" sc="250,-20,250,30,250,0,240,0" /><INIT seed="1,0,0,4,2,113" ten="230,280,250,240" oya="1" hai0="8,132,90,22,23,66,35,2,6,106,41,114,67" hai1="92,108,122,104,5,95,91,13,126,75,47,69,21" hai2="3,63,112,94,74,43,97,54,61,20,81,4,133" hai3="58,49,99,100,34,31,30,50,82,89,83,121,55"/><U86/><E122/><V71/><F112/><W9/><G121/><T125/><D114/><U116/><E104/><V84/><F74/><W93/><G34/><T103/><D35/><U42/><E75/><V7/><F133/><W72/><G72/><T52/><D132/><U14/><E69/><V78/><F43/><W115/><G115/><T68/><D41/><U26/><E126/><V28/><F71/><W32/><G32/><T37/><D37/><U62/><E116/><V12/><F3/><W107/><G107/><T16/><D90/><U102/><E62/><N who="2" m="23563" /><F54/><N who="3" m="32079" /><G9/><T51/><D68/><U24/><E108/><V15/><F28/><N who="3" m="10795" /><G89/><T134/><D22/><U25/><E21/><V27/><F27/><W11/><G11/><T98/><D125/><U88/><E102/><N who="2" m="60727" /><F20/><W1/><G1/><T118/><D118/><U130/><E130/><V44/><F44/><AGARI ba="0,0" hai="44,50,55,82,83,93,99,100" m="10795,32079" machi="44" ten="30,1000,0" yaku="8,1" doraHai="113" who="3" fromWho="2" sc="230,0,280,0,250,-10,240,10" /><INIT seed="2,0,0,2,5,29" ten="230,280,240,250" oya="2" hai0="52,18,124,50,106,3,115,128,77,120,20,41,46" hai1="92,104,133,57,42,31,105,13,123,9,83,16,111" hai2="69,14,101,55,54,117,23,58,61,72,48,15,37" hai3="100,65,86,112,24,85,135,82,113,71,130,96,45"/><V80/><F117/><W134/><G65/><T10/><D120/><U33/><E123/><V63/><F37/><W40/><G71/><T67/><D115/><N who="3" m="44105" /><G24/><T132/><D106/><U11/><E111/><V95/><F69/><W39/><G130/><T131/><D124/><U74/><E133/><N who="3" m="50698" /><G82/><T64/><D77/><U17/><E42/><V44/><F80/><W38/><G38/><T75/><D75/><U21/><E92/><AGARI ba="0,0" hai="39,40,45,85,86,92,96,100" m="50698,44105" machi="92" ten="30,2000,0" yaku="11,1,20,1" doraHai="29" who="3" fromWho="1" sc="230,0,280,-20,240,0,250,20" /><INIT seed="3,0,0,3,0,129" ten="230,260,240,270" oya="3" hai0="33,70,50,120,131,75,101,90,89,103,135,38,30" hai1="27,25,132,3,123,121,66,108,53,10,26,82,58" hai2="85,114,84,69,49,118,16,57,112,117,104,24,39" hai3="60,19,80,130,46,29,99,122,23,68,65,35,31"/><W81/><G122/><T127/><D38/><U61/><E108/><V11/><F39/><W45/><G130/><T2/><D70/><U42/><E42/><V98/><F69/><W128/><G128/><T55/><D2/><U74/><E132/><V44/><F117/><W32/><G99/><T6/><D131/><U96/><E74/><V67/><F118/><W59/><G68/><T14/><D75/><U73/><E73/><V5/><F98/><W125/><G125/><T1/><D1/><U63/><E82/><N who="3" m="31850" /><G32/><T34/><D120/><U15/><E96/><V36/><F104/><W71/><G71/><T106/><D106/><U102/><E102/><N who="0" m="38921" /><D135/><U76/><E76/><V21/><F36/><W110/><G110/><T105/><D105/><U93/><E93/><V48/><F112/><W78/><G78/><T87/><D127/><U86/><E86/><N who="2" m="33387" /><F44/><N who="3" m="17003" /><G35/><T0/><D0/><U62/><E3/><V77/><F77/><W126/><G126/><T88/><D87/><U72/><E72/><V64/><F114/><W115/><G115/><T12/><D34/><U107/><E107/><V116/><F116/><W43/><G43/><T9/><D33/><U52/><E123/><V83/><F83/><W13/><AGARI ba="0,0" hai="13,19,23,29,31,59,60,65" m="17003,31850" machi="13" ten="30,1500,0" yaku="8,1" doraHai="129" who="3" fromWho="3" sc="230,-5,260,-5,240,-5,270,15" /><INIT seed="3,1,0,4,1,87" ten="225,255,235,285" oya="3" hai0="99,56,120,33,26,38,111,134,30,4,85,19,16" hai1="86,95,65,48,54,52,58,12,44,53,15,81,93" hai2="55,31,82,36,14,60,39,57,29,8,50,133,102" hai3="112,41,18,90,117,17,129,35,25,62,131,63,77"/><W1/><G1/><T122/><D38/><U119/><E119/><V109/><F109/><W89/><G77/><T59/><D111/><U97/><E95/><V3/><F133/><W104/><G104/><T83/><D134/><U130/><E130/><N who="3" m="49674" /><G117/><T84/><D99/><U28/><E28/><V105/><F3/><W115/><G41/><T0/><D0/><U76/><E65/><V78/><F102/><W113/><G63/><T2/><D4/><U10/><E58/><V135/><F60/><W9/><G62/><T21/><D2/><U123/><E123/><V51/><F105/><W75/><G75/><T61/><D56/><U66/><E66/><V5/><F135/><W124/><G124/><T101/><D84/><U103/><E12/><V118/><F118/><W23/><G35/><T11/><D101/><U7/><AGARI ba="1,0" hai="7,10,15,44,48,52,53,54,76,81,86,93,97,103" machi="7" ten="20,5200,0" yaku="0,1,7,1,8,1,54,1" doraHai="87" who="1" fromWho="1" sc="225,-14,255,55,235,-14,285,-27" owari="211,-29.0,310,41.0,221,-18.0,258,6.0" /></mjloggm>