<mjloggm ver="2.3"><GO type="169" lobby="0"/><UN n0="%E3%81%B2%E3%81%90%E3%81%A1" n1="%E3%82%A6%E3%83%AB%E3%83%88%E3%83%A9%E7%AB%8B%E7%9B%B4" n2="%6F%75%74%E7%A5%AD%E3%82%8A" n3="%E3%81%97%E3%81%8A%E3%82%84%E3%81%A0%E3%82%93" dan="16,16,16,17" rate="2064.09,2126.80,2025.74,2145.72" sx="M,M,M,F"/><TAIKYOKU oya="0"/><INIT seed="0,0,0,5,1,122" ten="250,250,250,250" oya="0" hai0="63,24,124,18,27,102,116,123,80,79,25,74,96" hai1="8,71,78,7,53,32,11,70,125,112,19,105,41" hai2="20,119,5,91,90,56,50,84,118,107,114,55,126" hai3="35,72,131,26,101,45,103,52,15,97,133,3,61"/><T57/><D123/><U12/><E105/><V9/><F114/><W75/><G3/><T42/><D116/><N who="2" m="44586" /><F126/><W92/><G133/><T13/><D42/><U93/><E32/><V65/><F107/><W21/><G131/><T134/><D124/><U86/><E125/><V40/><F65/><W127/><G127/><T30/><D134/><U10/><E41/><V115/><F115/><W104/><G15/><T85/><D74/><U108/><E71/><V58/><F40/><W6/><G6/><T67/><D30/><U2/><E70/><V135/><F135/><W0/><G0/><T130/><D130/><U22/><E53/><V69/><F69/><W37/><G35/><T48/><D48/><U28/><E28/><V33/><F33/><W89/><G37/><T73/><D73/><U117/><E117/><V39/><F39/><W62/><G75/><T121/><D121/><U98/><E112/><V82/><F20/><W44/><G72/><T113/><D113/><U100/><E7/><V47/><F91/><W77/><G77/><T29/><D29/><U111/><E2/><AGARI ba="0,0" hai="2,5,9,47,50,55,56,58,82,84,90" m="44586" machi="2" ten="30,1000,0" yaku="12,1" doraHai="122" who="2" fromWho="1" sc="250,0,250,-10,250,10,250,0" /><INIT seed="1,0,0,4,4,65" ten="250,240,260,250" oya="1" hai0="119,39,5,36,38,59,69,13,0,35,95,94,132" hai1="61,18,68,2,80,54,89,111,50,106,122,57,134" hai2="24,88,100,131,121,75,17,72,20,62,105,26,127" hai3="97,108,67,30,49,96,8,130,93,118,82,23,19"/><U45/><E106/><V110/><F121/><W31/><G108/><T44/><D35/><U120/><E2/><V78/><F110/><W6/><G118/><T14/><D44/><U29/><E111/><V85/><F78/><W109/><G109/><T73/><D73/><U40/><E134/><V114/><F127/><W98/><G130/><T34/><D34/><U1/><E1/><V74/><F131/><W103/><G82/><T33/><D33/><U12/><E29/><V60/><F114/><W4/><G67/><T16/><D0/><U81/><E68/><V113/><F113/><W71/><G71/><T25/><D69/><U135/><E135/><V7/><F7/><N who="3" m="2603" /><G49/><T129/><D5/><U15/><E15/><V10/><F10/><W77/><G77/><T3/><D3/><U128/><E128/><V104/><F26/><N who="3" m="16735" /><G31/><T63/><D119/><U9/><E122/><V92/><REACH who="2" step="1"/><F104/><REACH who="2" ten="250,240,250,250" step="2"/><W87/><G8/><T112/><D112/><U124/><E124/><V86/><F86/><W51/><G87/><T117/><D117/><U66/><E120/><V32/><F32/><W115/><G115/><T116/><D116/><U133/><E133/><V55/><F55/><W21/><G51/><T28/><D132/><U41/><E80/><V47/><F47/><W53/><G53/><N who="0" m="34287" /><D129/><U79/><E79/><V102/><F102/><W107/><G107/><T37/><D37/><U42/><E42/><V22/><F22/><W58/><G103/><T52/><D52/><U123/><E123/><V76/><F76/><W91/><G21/><N who="0" m="15407" /><D13/><U90/><E81/><V101/><F101/><RYUUKYOKU ba="0,1" sc="250,10,240,10,250,10,250,-30" hai0="14,16,36,38,39,94,95" hai1="9,12,18,40,41,45,50,54,57,61,66,89,90" hai2="17,20,24,60,62,72,74,75,85,88,92,100,105" /><INIT seed="1,1,1,5,5,8" ten="260,250,260,220" oya="1" hai0="116,114,14,61,99,81,18,28,9,16,108,20,45" hai1="17,70,24,101,89,13,82,21,65,105,75,23,110" hai2="4,69,87,83,58,73,78,22,38,53,66,79,76" hai3="39,56,103,44,47,7,80,43,84,121,129,60,95"/><U102/><E110/><V126/><F66/><W93/><G121/><T71/><D116/><U91/><E105/><V135/><F69/><W19/><G129/><T113/><D108/><U132/><E132/><V127/><F135/><W131/><G131/><T77/><D28/><U41/><E70/><V0/><F38/><W123/><G123/><T119/><D119/><U36/><E36/><V51/><F0/><W92/><G7/><T12/><D45/><N who="3" m="17481" /><G43/><T59/><D71/><U63/><E41/><V29/><F4/><W46/><N who="3" m="17489" /><W50/><DORA hai="100" /><G50/><T104/><D99/><U134/><E134/><V98/><F73/><W6/><G6/><T106/><D113/><U97/><E75/><V33/><F33/><W26/><G26/><T86/><D114/><U31/><E97/><V125/><F98/><N who="3" m="59847" /><G19/><T3/><D3/><U94/><E94/><V55/><F53/><AGARI ba="1,1" hai="9,12,14,16,18,20,53,59,61,77,81,86,104,106" machi="53" ten="30,12000,2" yaku="7,1,52,4,54,1" doraHai="8,100" who="0" fromWho="2" sc="260,133,250,0,260,-123,220,0" /><INIT seed="2,0,0,5,1,115" ten="393,250,137,220" oya="2" hai0="65,82,80,32,7,124,33,94,92,131,52,112,122" hai1="87,26,57,133,120,77,10,66,6,98,20,42,116" hai2="123,40,25,15,86,99,114,105,43,103,28,9,64" hai3="118,121,106,47,45,97,127,101,0,96,48,37,17"/><V60/><F123/><W102/><G121/><T56/><D65/><U62/><E133/><V107/><F114/><W59/><G0/><T134/><D112/><U95/><E116/><V83/><F107/><W135/><G127/><T4/><D56/><U78/><E42/><V34/><F15/><W54/><G135/><T27/><D27/><U89/><E87/><V31/><F9/><W2/><G2/><T38/><D38/><U130/><E130/><V21/><F31/><W51/><G118/><T50/><D50/><U61/><E61/><V41/><F21/><W46/><G17/><T19/><D19/><U14/><REACH who="1" step="1"/><E120/><REACH who="1" ten="393,240,137,220" step="2"/><V125/><F125/><W73/><G37/><T69/><D122/><U11/><E11/><V110/><F110/><W63/><REACH who="3" step="1"/><G73/><REACH who="3" ten="393,240,137,210" step="2"/><T13/><D134/><U67/><E67/><V113/><F113/><W5/><G5/><T119/><D119/><U23/><E23/><V72/><F72/><W3/><G3/><T29/><D124/><U24/><E24/><V74/><F74/><W71/><G71/><T12/><D69/><U49/><E49/><V16/><F16/><AGARI ba="0,2" hai="6,10,14,16,20,26,57,62,66,77,78,89,95,98" machi="16" ten="30,7700,0" yaku="1,1,7,1,8,1,54,1,53,0" doraHai="115" doraHaiUra="76" who="1" fromWho="2" sc="393,0,240,97,137,-77,210,0" /><INIT seed="3,0,0,1,2,81" ten="393,337,60,210" oya="3" hai0="105,72,68,15,115,132,20,10,104,35,121,14,17" hai1="122,4,51,131,59,41,99,0,57,36,133,126,117" hai2="76,88,22,46,60,125,69,85,32,118,103,78,1" hai3="119,27,42,73,50,75,23,11,130,47,109,106,129"/><W39/><G119/><T114/><D68/><U98/><E4/><V112/><F32/><W134/><G106/><T40/><D72/><U96/><E0/><V128/><F118/><W89/><G134/><T24/><D40/><U13/><E36/><V62/><F112/><N who="0" m="43050" /><D132/><U74/><E74/><V44/><F1/><W31/><G109/><T82/><D82/><U19/><E133/><V52/><F69/><W113/><G113/><T12/><D121/><U25/><E122/><V16/><F103/><W29/><G29/><N who="0" m="19879" /><D14/><U7/><E126/><V135/><F125/><W18/><G39/><T30/><D30/><U53/><E131/><N who="3" m="50186" /><G89/><T58/><D58/><U111/><E111/><V21/><F21/><N who="3" m="15855" /><G11/><T56/><D56/><U38/><E59/><N who="2" m="34919" /><F62/><W92/><G92/><T70/><D70/><U65/><E117/><V124/><F124/><W77/><G77/><N who="2" m="29801" /><F128/><W120/><G120/><T34/><D34/><U107/><E107/><V26/><F135/><W33/><G33/><T83/><D83/><AGARI ba="0,0" hai="16,22,26,44,46,83,85,88" m="29801,34919" machi="83" ten="30,8000,1" yaku="8,1,52,1,54,3" doraHai="81" who="2" fromWho="0" sc="393,-80,337,0,60,80,210,0" /><INIT seed="4,0,0,4,3,135" ten="313,337,140,210" oya="0" hai0="22,52,6,66,79,92,12,121,88,47,20,1,76" hai1="131,102,113,14,26,74,36,28,16,38,35,83,75" hai2="56,37,116,61,33,41,132,24,128,50,101,134,54" hai3="67,53,59,91,31,98,70,19,21,94,57,100,99"/><T108/><D1/><U5/><E131/><V39/><F33/><W126/><G126/><T112/><D121/><U17/><E102/><V85/><F24/><W84/><G31/><T129/><D129/><U58/><E17/><V34/><F128/><W48/><G70/><T122/><D122/><U60/><E5/><V44/><F34/><W7/><G7/><T0/><D0/><U133/><E133/><N who="2" m="51307" /><F101/><W9/><G9/><N who="0" m="4151" /><D112/><U45/><E113/><V25/><F25/><W130/><G130/><T105/><D105/><U123/><E123/><V73/><F85/><W68/><G68/><T111/><D66/><U65/><E45/><V46/><F73/><W120/><G120/><T80/><D80/><U104/><E104/><V95/><F95/><W103/><G103/><T115/><D115/><U69/><E69/><V2/><F2/><W118/><G118/><T49/><D108/><U89/><E74/><V40/><F116/><W97/><G100/><T125/><D125/><U11/><REACH who="1" step="1"/><E89/><REACH who="1" ten="313,327,140,210" step="2"/><V43/><F37/><W23/><G19/><T15/><D111/><U117/><E117/><V114/><F114/><W82/><G91/><T119/><D119/><U87/><E87/><V71/><F71/><W30/><G84/><N who="0" m="52231" /><D22/><U64/><E64/><AGARI ba="0,1" hai="39,40,41,43,44,46,50,54,56,61,64" m="51307" machi="64" ten="30,3900,0" yaku="20,1,34,2" doraHai="135" who="2" fromWho="1" sc="313,0,327,-39,140,49,210,0" /><INIT seed="5,0,0,5,1,24" ten="313,288,189,210" oya="1" hai0="133,34,7,110,116,80,93,97,99,55,86,67,23" hai1="43,13,51,95,113,89,74,57,61,0,76,84,96" hai2="53,47,126,33,5,46,14,39,135,72,41,128,70" hai3="102,35,31,1,120,42,71,122,119,30,54,48,109"/><U56/><E0/><V11/><F70/><W32/><G109/><T25/><D34/><U132/><E113/><V52/><F72/><W60/><G42/><T107/><D116/><U62/><E74/><V117/><F117/><W114/><G119/><T134/><D67/><U90/><E76/><V105/><F105/><W73/><G73/><T78/><D7/><U108/><E132/><V111/><F135/><W10/><G102/><T124/><D124/><U12/><E51/><V20/><F33/><W15/><G1/><T103/><D55/><N who="1" m="33951" /><E43/><V130/><F126/><W6/><G35/><T82/><D110/><U44/><E44/><V91/><F111/><W50/><G32/><T87/><D23/><U125/><E125/><V92/><F20/><W98/><G50/><T22/><D22/><U28/><E28/><V2/><F2/><W59/><G114/><T19/><D19/><U94/><E108/><V129/><REACH who="2" step="1"/><F47/><REACH who="2" ten="313,288,179,210" step="2"/><W38/><G120/><T17/><D134/><U37/><E37/><V68/><F68/><W106/><G38/><T112/><D133/><U75/><E75/><V29/><F29/><W118/><G118/><T81/><D112/><U121/><E121/><V127/><F127/><W16/><G122/><T79/><D107/><U100/><E100/><V66/><F66/><AGARI ba="0,1" hai="12,13,57,62,66,84,89,90,94,95,96" m="33951" machi="66" ten="30,1500,0" yaku="8,1" doraHai="24" who="1" fromWho="2" sc="313,0,288,25,179,-15,210,0" /><INIT seed="5,1,0,0,1,110" ten="313,313,164,210" oya="1" hai0="87,29,113,43,24,52,47,134,0,17,127,69,11" hai1="98,10,118,33,71,66,6,106,109,114,50,85,40" hai2="32,108,5,102,135,124,3,119,53,1,2,64,90" hai3="35,86,122,82,49,130,45,129,73,67,16,39,55"/><U123/><E118/><V81/><F102/><W8/><G35/><T30/><D69/><U48/><E123/><V100/><F64/><W83/><G122/><T56/><D134/><U84/><E33/><V132/><F100/><W19/><G67/><T25/><D127/><U77/><E98/><V44/><F108/><W133/><G133/><N who="2" m="51273" /><F119/><W131/><G39/><T57/><D113/><U15/><E106/><V79/><F90/><N who="3" m="51543" /><G8/><T89/><D0/><U14/><E114/><V27/><F124/><W99/><G99/><T115/><D115/><U75/><E109/><V74/><F53/><W76/><AGARI ba="1,0" hai="16,19,45,49,55,73,76,83,129,130,131" m="51543" machi="76" ten="40,2700,0" yaku="19,1,54,1" doraHai="110" who="3" fromWho="3" sc="313,-8,313,-14,164,-8,210,30" /><INIT seed="6,0,0,4,1,57" ten="305,299,156,240" oya="2" hai0="114,37,63,105,48,109,107,130,40,118,47,16,98" hai1="96,10,94,128,131,127,84,68,8,58,99,135,3" hai2="49,50,91,30,65,119,122,117,20,123,21,66,31" hai3="46,97,13,116,61,133,102,9,81,129,0,71,113"/><V59/><REACH who="2" step="1"/><F59/><REACH who="2" ten="305,299,146,240" step="2"/><W38/><G71/><T35/><D118/><U25/><E68/><V53/><F53/><W112/><G116/><T60/><D109/><U73/><E58/><V92/><F92/><W43/><G112/><T2/><D114/><U115/><E94/><V72/><F72/><W4/><G113/><T134/><D107/><U34/><E73/><V108/><F108/><W90/><G129/><T26/><D130/><U124/><E115/><V5/><F5/><W19/><G4/><T29/><D105/><U77/><E131/><V87/><F87/><W62/><G0/><T15/><D2/><U28/><E84/><V85/><F85/><W89/><G81/><T120/><D120/><U7/><E128/><V103/><F103/><W93/><REACH who="3" step="1"/><G133/><REACH who="3" ten="305,299,146,230" step="2"/><T86/><D134/><U104/><E135/><V75/><F75/><W101/><G101/><T56/><D86/><U22/><E7/><V70/><F70/><W64/><G64/><T39/><D98/><U121/><E99/><V110/><F110/><W88/><AGARI ba="0,2" hai="9,13,19,38,43,46,61,62,88,89,90,93,97,102" machi="88" ten="30,8000,1" yaku="1,1,0,1,52,2,54,1,53,0" doraHai="57" doraHaiUra="106" who="3" fromWho="3" sc="305,-20,299,-20,146,-40,230,100" /><INIT seed="7,0,0,2,0,53" ten="285,279,106,330" oya="3" hai0="115,59,2,58,121,79,68,72,123,57,85,73,81" hai1="117,90,40,47,20,26,95,118,103,16,50,5,18" hai2="76,30,93,29,36,134,112,38,66,122,102,74,61" hai3="94,10,49,34,24,6,127,126,120,83,48,60,71"/><W125/><G120/><T124/><D68/><U4/><E103/><V80/><F122/><W67/><G83/><T17/><D2/><U100/><E100/><V14/><F112/><W33/><G94/><T63/><D115/><U119/><E18/><V135/><F14/><N who="3" m="5463" /><G24/><T23/><D124/><U101/><E101/><V131/><F131/><W82/><G82/><T110/><D110/><U91/><E91/><V89/><F102/><W41/><G41/><T133/><D133/><U54/><E40/><V31/><F38/><W37/><G37/><T39/><D39/><U84/><AGARI ba="0,0" hai="4,5,16,20,26,47,50,54,84,90,95,117,118,119" machi="84" ten="30,4000,0" yaku="0,1,12,1,54,1" doraHai="53" who="1" fromWho="1" sc="285,-10,279,40,106,-10,330,-20" owari="275,-12.0,319,41.0,96,-40.0,310,11.0" /></mjloggm>