<mjloggm ver="2.3"><GO type="97" lobby="0"/><UN n0="%E3%83%9E%E3%83%AB%E3%83%8D%E3%83%95%E5%A4%AB%E4%BA%BA" n1="%E3%82%A6%E3%83%AB%E3%83%88%E3%83%A9%E7%AB%8B%E7%9B%B4" n2="%E3%82%B7%E3%83%A3%E3%83%BC%E3%82%AF%EF%BC%8A" n3="%E9%8A%80%E7%B8%81%E3%80%82" dan="14,15,14,13" rate="1918.11,2044.95,1954.67,1880.26" sx="F,M,M,M"/><TAIKYOKU oya="0"/><INIT seed="0,0,0,4,5,61" ten="250,250,250,250" oya="0" hai0="74,96,58,54,89,46,36,33,129,92,84,105,120" hai1="71,3,41,30,57,15,0,28,43,5,88,51,122" hai2="98,23,102,76,91,67,18,13,116,44,26,112,135" hai3="1,127,49,70,81,93,104,7,113,114,9,60,133"/><T24/><D120/><U53/><E71/><V85/><F112/><W66/><G133/><T25/><D129/><U34/><E0/><V31/><F135/><W52/><G127/><T115/><D74/><U27/><E122/><V106/><F76/><W12/><G104/><T94/><D105/><U21/><E30/><V11/><F116/><W107/><G107/><T48/><D33/><U78/><E78/><V121/><F121/><W123/><G123/><T65/><D36/><U6/><E6/><V119/><F119/><W4/><G81/><T87/><D115/><U90/><E3/><V95/><REACH who="2" step="1"/><F44/><REACH who="2" ten="250,250,240,250" step="2"/><W42/><G113/><T16/><D84/><U38/><E34/><V118/><F118/><W64/><G114/><T77/><D77/><U134/><E134/><V103/><F103/><W109/><G109/><T110/><D110/><U101/><E101/><V130/><F130/><W86/><G70/><T73/><D96/><U82/><E90/><V47/><F47/><W56/><G86/><T35/><D73/><U39/><E88/><V17/><F17/><W63/><G7/><T37/><D16/><U50/><E5/><V80/><F80/><W125/><G1/><T2/><D2/><U59/><E82/><V99/><F99/><W131/><G131/><T124/><D124/><U55/><E15/><V111/><F111/><W62/><G125/><T126/><D126/><U117/><E117/><V20/><F20/><W68/><G93/><N who="0" m="54463" /><D35/><U8/><E8/><V108/><F108/><W75/><G68/><T132/><D132/><U97/><E97/><V69/><F69/><RYUUKYOKU ba="0,1" sc="250,-15,250,15,240,15,250,-15" hai1="21,27,28,38,39,41,43,50,51,53,55,57,59" hai2="11,13,18,23,26,31,67,85,91,95,98,102,106" /><INIT seed="1,1,1,4,2,9" ten="235,265,255,235" oya="1" hai0="48,3,105,18,92,12,17,108,10,133,126,77,19" hai1="129,62,41,122,42,44,2,75,6,115,95,101,127" hai2="87,81,84,13,64,91,23,110,99,128,116,114,59" hai3="8,117,79,0,1,86,20,132,131,16,27,21,72"/><U46/><E75/><V130/><F116/><W73/><G117/><T60/><D105/><U80/><E2/><V85/><F110/><W96/><G132/><T89/><D108/><U65/><E122/><V29/><F114/><W35/><G131/><N who="2" m="50217" /><F99/><W50/><G50/><T24/><D3/><U63/><E129/><V125/><F125/><W54/><G54/><T56/><D126/><U47/><E127/><V7/><F29/><W5/><G96/><T70/><D70/><U83/><E6/><V94/><F94/><W118/><G118/><T88/><D77/><U103/><E115/><V67/><F23/><W100/><G1/><T134/><D134/><U4/><E4/><V66/><F59/><W40/><G40/><N who="1" m="15466" /><E95/><V112/><F112/><W32/><G100/><N who="1" m="38474" /><E65/><V69/><F69/><W58/><G72/><T93/><D133/><U98/><E98/><V26/><F26/><W107/><G73/><T33/><D93/><U28/><E28/><V78/><F78/><W106/><G106/><T53/><D92/><U102/><E102/><V71/><F71/><W124/><G107/><T15/><D24/><U52/><E52/><V51/><F51/><W123/><G124/><T45/><D33/><N who="3" m="12873" /><G123/><T82/><D82/><AGARI ba="1,1" hai="44,46,47,62,63,80,82,83" m="38474,15466" machi="82" ten="30,5800,0" yaku="28,2,8,1" doraHai="9" who="1" fromWho="0" sc="235,-61,265,71,255,0,235,0" /><INIT seed="1,2,0,5,1,47" ten="174,336,255,235" oya="1" hai0="80,66,112,61,17,85,72,71,68,2,70,92,13" hai1="78,122,46,27,40,75,120,21,118,44,81,31,87" hai2="101,54,67,45,16,84,36,129,3,116,53,51,12" hai3="73,58,24,9,117,52,57,97,18,64,30,6,91"/><U109/><E118/><V25/><F116/><W38/><G73/><T107/><D112/><U29/><E109/><V23/><F3/><W77/><G38/><T79/><D107/><U119/><E119/><V124/><F129/><W74/><G117/><T7/><D7/><U10/><E31/><V48/><F124/><W32/><G18/><T63/><D2/><U60/><E60/><V114/><F114/><W34/><G34/><T65/><D92/><U0/><E46/><N who="2" m="27799" /><F36/><W95/><G74/><T113/><D113/><U50/><E75/><V127/><F127/><W55/><G77/><T11/><REACH who="0" step="1"/><D72/><REACH who="0" ten="164,336,255,235" step="2"/><U42/><E0/><V69/><F101/><W103/><G103/><T102/><D102/><U20/><E120/><V76/><F69/><AGARI ba="2,1" hai="11,13,17,61,63,65,66,68,69,70,71,79,80,85" machi="69" ten="30,3900,0" yaku="1,1,7,1,9,1,53,0" doraHai="47" doraHaiUra="123" who="0" fromWho="2" sc="164,55,336,0,255,-45,235,0" /><INIT seed="2,0,0,5,4,64" ten="219,336,210,235" oya="2" hai0="52,2,125,33,9,90,15,119,60,122,39,81,30" hai1="127,66,59,135,101,132,85,82,79,24,35,131,49" hai2="110,100,32,75,21,89,41,20,83,103,74,70,61" hai3="14,29,88,96,34,7,130,4,124,99,46,17,51"/><V43/><F32/><W118/><G118/><T91/><D122/><U129/><E101/><V104/><F104/><W37/><G37/><T93/><D39/><U76/><E76/><V72/><F110/><W48/><G130/><T92/><D2/><U5/><E5/><V55/><F89/><W109/><G109/><T77/><D119/><U23/><E35/><V25/><F83/><W78/><G78/><T54/><D33/><U94/><E94/><N who="0" m="36457" /><D30/><U45/><E59/><V40/><F55/><N who="0" m="21034" /><D60/><U0/><E66/><V134/><F134/><W28/><G29/><T106/><D106/><U10/><E10/><V63/><F70/><W80/><G28/><T19/><D125/><U133/><E0/><V31/><REACH who="2" step="1"/><F20/><REACH who="2" ten="219,336,200,235" step="2"/><W102/><G34/><T42/><D81/><U95/><E95/><V22/><F22/><W11/><G80/><T87/><D42/><N who="1" m="24759" /><E127/><V108/><F108/><W114/><G124/><T98/><D77/><U1/><E131/><V73/><N who="2" m="18944" /><DORA hai="36" /><V47/><F47/><W57/><G46/><T86/><D91/><U44/><E129/><V84/><F84/><N who="0" m="32298" /><D90/><U115/><E44/><V53/><F53/><W105/><G88/><T121/><D121/><U107/><E107/><V116/><F116/><W13/><G105/><T67/><D67/><U68/><E133/><V6/><F6/><W112/><G4/><T117/><D117/><U123/><E135/><V65/><F65/><W111/><G7/><T113/><D113/><U120/><E115/><V18/><F18/><N who="3" m="8511" /><G112/><T12/><D98/><U3/><E132/><V58/><F58/><W8/><G57/><RYUUKYOKU ba="0,1" sc="219,15,336,-15,200,15,235,-15" hai0="9,12,15,19" hai2="21,25,31,40,41,43,61,63,100,103" /><INIT seed="2,1,1,3,1,66" ten="234,321,215,220" oya="2" hai0="128,22,15,21,50,71,43,58,64,39,95,27,57" hai1="92,103,87,102,33,13,98,61,119,9,38,120,36" hai2="19,73,47,118,83,28,76,122,84,121,59,44,127" hai3="14,114,115,104,96,6,31,113,1,24,101,29,63"/><V110/><F118/><W34/><G14/><T42/><D128/><U49/><E33/><V130/><F130/><W70/><G31/><T78/><D78/><U32/><E32/><V55/><F127/><W86/><G86/><T111/><D111/><U3/><E3/><V77/><F28/><W117/><G117/><T125/><D71/><U12/><E119/><V45/><F110/><W7/><G1/><T56/><D39/><U30/><E30/><V107/><F107/><W8/><G8/><T93/><D125/><U5/><E102/><V20/><F77/><W26/><G24/><T65/><D15/><U16/><E49/><V46/><N who="2" m="11776" /><DORA hai="54" /><V131/><F131/><W53/><G53/><T82/><D82/><U90/><E61/><V25/><REACH who="2" step="1"/><F73/><REACH who="2" ten="234,321,205,220" step="2"/><W133/><G133/><T109/><D109/><U62/><E38/><V52/><F52/><W80/><G80/><T91/><D43/><U40/><E40/><V85/><F85/><W116/><G116/><T132/><D42/><U88/><E36/><V0/><F0/><W135/><G135/><T72/><D72/><U68/><E87/><V89/><F89/><W69/><G69/><T35/><D132/><U67/><E120/><V2/><F2/><W108/><G108/><T41/><D91/><U10/><AGARI ba="1,2" hai="5,9,10,12,13,16,62,67,68,88,90,92,98,103" machi="10" ten="20,8000,1" yaku="0,1,7,1,52,1,54,2" doraHai="66,54" who="1" fromWho="1" sc="234,-21,321,103,205,-41,220,-21" /><INIT seed="3,0,0,0,3,8" ten="213,424,164,199" oya="3" hai0="27,12,101,46,7,36,87,14,104,24,42,117,52" hai1="66,116,69,32,80,5,90,11,92,41,58,88,25" hai2="18,3,89,128,106,95,102,37,28,40,10,6,26" hai3="135,79,82,71,65,51,34,97,122,85,29,15,19"/><W86/><G122/><T98/><D117/><U126/><E69/><V59/><F128/><W108/><G108/><T123/><D123/><U63/><E126/><V61/><F18/><W105/><G135/><T23/><D7/><U20/><E32/><V64/><F102/><N who="3" m="62671" /><G51/><T49/><D27/><U134/><E134/><V39/><F40/><W120/><G120/><T130/><D87/><U81/><E41/><V2/><F2/><W44/><G44/><T119/><D119/><U127/><E127/><V129/><F106/><W54/><G54/><T103/><D103/><U107/><E107/><V111/><F111/><W99/><G99/><T74/><D74/><U43/><E43/><V133/><F129/><W48/><G48/><T4/><D4/><U109/><E109/><V115/><F115/><W118/><G118/><T31/><D130/><U75/><E75/><V47/><F47/><AGARI ba="0,0" hai="12,14,23,24,31,36,42,46,47,49,52,98,101,104" machi="47" ten="30,7700,0" yaku="7,1,52,2,54,1" doraHai="8" who="0" fromWho="2" sc="213,77,424,0,164,-77,199,0" owari="290,9.0,424,52.0,87,-41.0,199,-20.0" /></mjloggm>