<mjloggm ver="2.3"><GO type="169" lobby="0"/><UN n0="%75%73%6B%31%31%31%35" n1="%E3%81%8A%E3%81%8B%E3%82%82%E3%81%A8" n2="%E3%82%A6%E3%83%AB%E3%83%88%E3%83%A9%E7%AB%8B%E7%9B%B4" n3="%E6%96%AD%E5%B9%BA%E3%83%89%E3%83%A9%33" dan="16,19,16,16" rate="2170.88,2241.87,2113.51,2090.46" sx="M,M,M,F"/><TAIKYOKU oya="0"/><INIT seed="0,0,0,0,4,9" ten="250,250,250,250" oya="0" hai0="49,41,133,48,87,23,107,21,30,129,24,31,38" hai1="73,96,117,34,116,115,135,3,63,125,60,37,79" hai2="110,89,54,65,118,5,74,68,131,47,82,112,94" hai3="97,80,17,61,92,113,99,93,130,27,123,84,98"/><T108/><D107/><U132/><E34/><V0/><F65/><W39/><G113/><T103/><D103/><U64/><E3/><V128/><F68/><W50/><G39/><T22/><D133/><N who="1" m="51275" /><E115/><V55/><F47/><W35/><G130/><N who="2" m="49705" /><F110/><W52/><G61/><N who="1" m="23626" /><E125/><V102/><F102/><W101/><G123/><T134/><D134/><U40/><E96/><V67/><F67/><W127/><G127/><T75/><D75/><U16/><E64/><V26/><F26/><W95/><G35/><T1/><D1/><U88/><E40/><V18/><F5/><W13/><G27/><T106/><D106/><U33/><E37/><V72/><F0/><W8/><G101/><T105/><D105/><U120/><E120/><V81/><F74/><W91/><REACH who="3" step="1"/><G99/><REACH who="3" ten="250,250,250,240" step="2"/><T25/><D129/><U20/><E33/><V124/><F112/><W6/><G6/><T7/><D7/><U62/><E62/><V19/><F124/><W77/><G77/><T121/><D121/><U11/><E79/><V71/><F71/><W83/><G83/><T100/><D100/><U4/><E88/><V86/><F82/><W119/><G119/><T109/><D38/><U126/><E126/><V69/><F69/><W66/><G66/><T44/><D109/><U122/><E122/><V43/><F118/><W51/><G51/><N who="0" m="27023" /><D108/><U2/><E73/><V85/><F72/><W104/><G104/><T70/><D70/><U45/><E117/><V15/><F81/><W76/><G76/><T90/><D90/><U32/><E116/><V59/><F89/><W53/><G53/><T111/><D111/><RYUUKYOKU ba="0,1" sc="250,-10,250,-10,250,-10,240,30" hai3="8,13,17,50,52,80,84,91,92,93,95,97,98" /><INIT seed="1,1,1,3,1,98" ten="240,240,240,270" oya="1" hai0="68,65,123,27,102,71,89,51,17,63,78,4,72" hai1="45,91,99,101,90,64,29,131,93,84,111,31,97" hai2="88,5,134,25,15,44,135,76,24,40,124,94,47" hai3="2,70,22,73,19,105,3,109,110,39,67,53,118"/><U9/><E131/><V116/><F76/><W100/><G73/><T43/><D4/><U28/><E111/><V49/><F116/><W103/><G118/><T30/><D17/><U120/><E120/><V26/><F124/><W60/><G39/><T35/><D71/><U87/><E64/><V106/><F106/><W46/><G105/><T81/><D89/><U129/><E129/><V69/><F69/><W0/><G53/><T92/><D123/><U38/><E9/><V127/><F127/><W130/><G46/><T58/><D92/><N who="1" m="58599" /><E38/><V18/><F47/><W95/><G95/><T83/><D83/><N who="1" m="49439" /><E45/><V8/><REACH who="2" step="1"/><F5/><REACH who="2" ten="240,240,230,270" step="2"/><W12/><REACH who="3" step="1"/><G130/><REACH who="3" ten="240,240,230,260" step="2"/><T1/><D43/><U10/><E97/><AGARI ba="1,3" hai="8,15,18,24,25,26,40,44,49,88,94,97,134,135" machi="97" ten="40,5200,0" yaku="1,1,2,1,54,1,53,0" doraHai="98" doraHaiUra="126" who="2" fromWho="1" sc="240,0,240,-55,230,85,260,0" /><INIT seed="2,0,0,4,2,35" ten="240,185,315,260" oya="2" hai0="54,77,46,63,118,61,94,113,17,85,81,27,59" hai1="18,40,22,74,131,56,41,122,80,99,28,31,16" hai2="0,53,12,29,78,32,127,83,69,105,70,67,49" hai3="65,30,111,5,97,66,86,21,2,90,128,109,93"/><V132/><F105/><W123/><G123/><T125/><D113/><U13/><E122/><V124/><F29/><N who="1" m="11337" /><E74/><V57/><F32/><W6/><G128/><T34/><D125/><N who="2" m="48202" /><F67/><N who="3" m="25611" /><G2/><T26/><D118/><U68/><E68/><V71/><F12/><W104/><G104/><T55/><D34/><U115/><E115/><V33/><F33/><W129/><G129/><T24/><D94/><U58/><E131/><V126/><F126/><W45/><G45/><T96/><D96/><U8/><E80/><V135/><F0/><W47/><G47/><T82/><D82/><U79/><E79/><V23/><F23/><W95/><G21/><T76/><D76/><U119/><E99/><V50/><F83/><W88/><G30/><T134/><D134/><N who="2" m="51242" /><F78/><W102/><G102/><T110/><D17/><U91/><E91/><V98/><F98/><W52/><G52/><T114/><D114/><U108/><E119/><V9/><F9/><W62/><G62/><AGARI ba="0,0" hai="49,50,53,57,62,69,70,71" m="51242,48202" machi="62" ten="40,12000,1" yaku="18,1,20,1,34,2" doraHai="35" who="2" fromWho="3" sc="240,0,185,0,315,120,260,-120" /><INIT seed="2,1,0,5,2,67" ten="240,185,435,140" oya="2" hai0="41,25,129,55,0,102,96,51,12,39,65,8,118" hai1="95,106,48,97,90,14,30,53,107,98,40,5,38" hai2="16,9,60,121,19,63,56,104,42,84,71,20,77" hai3="88,100,124,109,113,11,68,33,133,54,31,80,116"/><V99/><F42/><W89/><G116/><T50/><D118/><U101/><E30/><V103/><F121/><W123/><G123/><T37/><D0/><U135/><E135/><V10/><F19/><W34/><G109/><T108/><D108/><U64/><E64/><V92/><F104/><W66/><G133/><T128/><D65/><U24/><E24/><V86/><F71/><W83/><G124/><T49/><D55/><U22/><E38/><V93/><F63/><W126/><G126/><T6/><D25/><U57/><E40/><V110/><F110/><W13/><G100/><T32/><D32/><U58/><E107/><V120/><F120/><W46/><G83/><T45/><REACH who="0" step="1"/><D37/><REACH who="0" ten="230,185,435,140" step="2"/><U130/><E130/><V127/><F127/><W59/><G54/><T105/><AGARI ba="1,1" hai="6,8,12,39,41,45,49,50,51,96,102,105,128,129" machi="105" ten="30,7900,0" yaku="1,1,2,1,0,1,53,1" doraHai="67" doraHaiUra="4" who="0" fromWho="0" sc="230,92,185,-21,435,-40,140,-21" /><INIT seed="3,0,0,4,2,132" ten="322,164,395,119" oya="3" hai0="1,105,89,62,120,24,33,48,77,26,61,13,12" hai1="42,116,18,124,99,130,66,95,107,9,126,64,103" hai2="84,16,73,59,71,131,117,35,68,118,47,28,0" hai3="22,14,67,46,54,21,5,25,122,108,57,17,113"/><W6/><G113/><T79/><D48/><U38/><E130/><V70/><F0/><W10/><G122/><T90/><D1/><U112/><E112/><V127/><F73/><W87/><G108/><T135/><D105/><U82/><E116/><V40/><F28/><W65/><G46/><T45/><D45/><N who="1" m="23767" /><E82/><V129/><F84/><W31/><G87/><T36/><D36/><U30/><E30/><V83/><F16/><W63/><REACH who="3" step="1"/><G6/><REACH who="3" ten="322,164,395,109" step="2"/><T49/><D120/><U15/><E107/><V55/><F117/><W92/><G92/><T76/><D135/><U4/><E4/><V134/><F118/><W50/><G50/><T32/><D79/><U20/><E9/><V58/><F134/><W102/><G102/><T88/><D49/><U69/><E69/><V125/><F83/><W80/><G80/><T39/><D39/><U44/><E44/><V97/><F129/><W106/><G106/><T11/><D89/><U94/><E94/><V53/><F131/><W101/><G101/><T96/><D11/><U110/><E110/><V115/><F115/><W2/><AGARI ba="0,1" hai="2,5,10,14,17,21,22,25,31,54,57,63,65,67" machi="2" ten="20,12000,1" yaku="1,1,0,1,7,1,53,2" doraHai="132" doraHaiUra="19" who="3" fromWho="3" sc="322,-40,164,-40,395,-40,109,130" /><INIT seed="3,1,0,3,1,68" ten="282,124,355,239" oya="3" hai0="33,8,124,44,102,24,125,84,13,46,50,76,45" hai1="4,18,127,82,87,97,22,72,1,60,128,108,119" hai2="14,5,95,9,11,81,122,29,16,100,30,98,115" hai3="51,48,23,54,114,111,96,129,32,40,15,57,92"/><W78/><G32/><T109/><D109/><U113/><E113/><V35/><F115/><W34/><G34/><T85/><D102/><U20/><E108/><V71/><F71/><W93/><G114/><T101/><D101/><U94/><E72/><V58/><F35/><W49/><G111/><T31/><D50/><U131/><E127/><N who="0" m="48713" /><D76/><U134/><E134/><V27/><F27/><W75/><G93/><T106/><D106/><U53/><E119/><V120/><F81/><W74/><G129/><T7/><AGARI ba="1,0" hai="7,8,13,24,31,33,44,45,46,84,85" m="48713" machi="7" ten="30,1100,0" yaku="18,1" doraHai="68" who="0" fromWho="0" sc="282,14,124,-4,355,-4,239,-6" /><INIT seed="4,0,0,2,1,14" ten="296,120,351,233" oya="0" hai0="63,82,38,96,75,33,93,122,116,135,24,32,111" hai1="89,117,74,73,102,103,66,121,92,26,2,91,115" hai2="114,44,25,0,67,37,17,45,12,36,98,56,126" hai3="43,113,87,53,52,105,3,130,11,19,129,120,9"/><T48/><D116/><U51/><E2/><V10/><F0/><W54/><G113/><T128/><D38/><U95/><E117/><V110/><F110/><W127/><G105/><T101/><D122/><U85/><E121/><V6/><F114/><W28/><G28/><T100/><D100/><N who="1" m="38443" /><E66/><V112/><F112/><W1/><G127/><T118/><D118/><U78/><E26/><V57/><F126/><W65/><G65/><T132/><D128/><N who="3" m="49257" /><G43/><T22/><D111/><U71/><E51/><V68/><F68/><W70/><G70/><T107/><D48/><U59/><E59/><N who="2" m="22603" /><F67/><W15/><G87/><T49/><D63/><U80/><E71/><V79/><F37/><W109/><G109/><T47/><D107/><U40/><E40/><V18/><F79/><W42/><G42/><N who="0" m="24823" /><D82/><U27/><E27/><V16/><F36/><W83/><G83/><T13/><D75/><N who="1" m="43103" /><E115/><V90/><F25/><W72/><G72/><T97/><D24/><U86/><AGARI ba="0,0" hai="73,74,85,86,89,91,92,95" m="43103,38443" machi="86" ten="30,8000,1" yaku="35,5" doraHai="14" who="1" fromWho="1" sc="296,-40,120,80,351,-20,233,-20" /><INIT seed="5,0,0,3,5,2" ten="256,200,331,213" oya="1" hai0="58,17,35,41,107,69,121,132,59,53,8,135,115" hai1="30,10,46,29,6,75,128,109,57,48,38,87,105" hai2="21,50,99,101,60,24,86,93,32,70,45,63,134" hai3="49,133,55,34,51,47,102,110,104,77,54,28,13"/><U98/><E75/><V26/><F70/><W0/><G110/><T79/><D69/><U5/><E109/><V44/><F44/><W123/><G0/><T116/><D35/><U131/><E87/><V19/><F134/><W74/><G123/><T117/><D107/><U9/><E38/><V80/><F26/><W12/><G133/><N who="0" m="51275" /><D79/><U52/><E46/><V108/><F32/><W25/><G77/><T83/><D83/><U36/><E36/><V61/><F108/><W89/><G74/><T31/><D31/><N who="1" m="11787" /><E98/><V78/><F63/><W39/><G39/><T64/><D115/><U14/><E105/><V37/><F37/><W76/><G76/><T71/><D41/><AGARI ba="0,0" hai="19,21,24,41,45,50,60,61,78,80,86,93,99,101" machi="41" ten="30,2000,0" yaku="7,1,8,1" doraHai="2" who="2" fromWho="0" sc="256,-20,200,0,331,20,213,0" /><INIT seed="6,0,0,2,5,87" ten="236,200,351,213" oya="2" hai0="94,52,99,68,34,51,89,12,42,110,81,120,106" hai1="123,38,79,19,54,31,35,73,2,49,107,47,126" hai2="72,108,37,60,91,128,119,118,56,10,65,27,77" hai3="90,74,15,93,41,88,9,59,127,4,115,134,83"/><V92/><F37/><W109/><G109/><T8/><D68/><U122/><E107/><V40/><F40/><W29/><G134/><T82/><D34/><U55/><E126/><V124/><F124/><W131/><G127/><T71/><D71/><U98/><E2/><V105/><F105/><W100/><G131/><T67/><D67/><U46/><E98/><V130/><F77/><W70/><G70/><T95/><D106/><U133/><E133/><V86/><F72/><W97/><G29/><T61/><D120/><N who="1" m="46123" /><E19/><V102/><F102/><W21/><G41/><T25/><D25/><N who="1" m="18927" /><E38/><V78/><F78/><W13/><G59/><T16/><D110/><U101/><E101/><V58/><F108/><W5/><G115/><T104/><D104/><U112/><E112/><V44/><F44/><N who="1" m="16937" /><E49/><V32/><F10/><N who="3" m="4295" /><G74/><T63/><D42/><U114/><E114/><V111/><F111/><W96/><G96/><N who="0" m="57423" /><D61/><U39/><E39/><V17/><F56/><W26/><G83/><AGARI ba="0,0" hai="54,55,73,79,83" m="16937,18927,46123" machi="83" ten="30,1000,0" yaku="13,1" doraHai="87" who="1" fromWho="3" sc="236,0,200,10,351,0,213,-10" /><INIT seed="7,0,0,5,3,66" ten="236,210,351,203" oya="3" hai0="103,69,93,30,116,76,27,16,77,133,121,62,36" hai1="24,131,21,48,96,118,43,97,9,110,127,38,113" hai2="95,12,90,135,37,134,75,22,122,98,120,109,55" hai3="115,10,72,15,102,31,82,53,92,128,45,65,114"/><W80/><G31/><T112/><D116/><U125/><E110/><V58/><F37/><W99/><G65/><T88/><D36/><U132/><E118/><V46/><F46/><W32/><G32/><T47/><D103/><U123/><E123/><V56/><F56/><W5/><G128/><T68/><D47/><N who="1" m="24055" /><E131/><V129/><F75/><W6/><G6/><T117/><D117/><U0/><E132/><N who="2" m="50731" /><F109/><W57/><G45/><T40/><D40/><U91/><E113/><N who="3" m="43018" /><G72/><T29/><D112/><U86/><E0/><V126/><F126/><W81/><G81/><T111/><D133/><U23/><E127/><V20/><F129/><W19/><G5/><T34/><D121/><N who="2" m="46698" /><F12/><W1/><G1/><T119/><D119/><U41/><E125/><V106/><F106/><W33/><G33/><T79/><D34/><U26/><E26/><V100/><F100/><W94/><G94/><T104/><D104/><U54/><E24/><V18/><F18/><W3/><G3/><T49/><D111/><U107/><E107/><V108/><F108/><W61/><AGARI ba="0,0" hai="10,15,19,53,57,61,80,82,92,99,102" m="43018" machi="61" ten="30,1500,0" yaku="15,1" doraHai="66" who="3" fromWho="3" sc="236,-5,210,-5,351,-5,203,15" /><INIT seed="7,1,0,0,2,26" ten="231,205,346,218" oya="3" hai0="133,63,132,127,119,33,17,22,67,39,18,104,135" hai1="25,14,56,88,102,81,54,110,10,12,82,32,66" hai2="92,43,118,95,5,50,76,74,28,21,123,71,29" hai3="121,85,44,8,31,106,126,89,83,40,57,3,128"/><W19/><G121/><T98/><D119/><U37/><E37/><V45/><F71/><W68/><G68/><N who="0" m="42111" /><D127/><U122/><E110/><V125/><F74/><W46/><G106/><T16/><D33/><U90/><E122/><V48/><F76/><W107/><G107/><T77/><D39/><U53/><E102/><V36/><F5/><W99/><G126/><T131/><D131/><U93/><E66/><V2/><F2/><W113/><G113/><T35/><D35/><U116/><E116/><V109/><F109/><W103/><G128/><T65/><D65/><U97/><E53/><V120/><F36/><W20/><G40/><T115/><D77/><U86/><E81/><V64/><F64/><W75/><G75/><T27/><D115/><U62/><REACH who="1" step="1"/><E10/><REACH who="1" ten="231,195,346,218" step="2"/><V70/><F120/><W69/><G69/><T34/><D135/><U72/><E72/><V42/><F123/><W51/><G103/><T87/><D133/><U111/><E111/><V80/><F80/><W114/><G114/><T47/><D132/><U84/><E84/><V0/><F125/><W105/><G105/><T134/><D87/><U91/><E91/><V73/><F73/><W117/><G117/><T61/><D104/><U130/><E130/><V52/><F43/><W6/><G99/><T94/><D98/><U108/><E108/><V4/><F42/><W9/><G9/><T38/><D134/><U41/><E41/><V13/><F118/><W101/><G101/><T11/><D38/><U60/><E60/><V58/><F52/><N who="3" m="31903" /><G31/><AGARI ba="1,1" hai="12,14,25,31,32,54,56,62,82,86,88,90,93,97" machi="31" ten="40,8000,1" yaku="1,1,52,1,54,1,53,1" doraHai="26" doraHaiUra="49" who="1" fromWho="3" sc="231,0,195,93,346,0,218,-83" owari="231,-17.0,288,9.0,346,44.0,135,-36.0" /></mjloggm>