<mjloggm ver="2.3"><GO type="97" lobby="0"/><UN n0="%E3%81%86%E3%82%89%E3%81%91%E3%82%93" n1="%E3%82%A6%E3%83%AB%E3%83%88%E3%83%A9%E7%AB%8B%E7%9B%B4" n2="%61%69%72%6D%61%67%6D%61" n3="%E3%83%86%E3%82%A3%E3%82%A2%E3%83%9F%E3%83%AA%E3%82%B9" dan="15,15,14,13" rate="1983.43,1967.99,1910.35,1838.43" sx="M,M,M,F"/><TAIKYOKU oya="0"/><INIT seed="0,0,0,4,1,23" ten="250,250,250,250" oya="0" hai0="63,28,90,104,84,95,114,74,36,66,134,76,71" hai1="18,38,108,40,131,62,65,102,93,116,121,127,61" hai2="9,129,45,68,20,135,125,130,119,123,34,96,111" hai3="92,64,52,25,33,73,105,21,109,126,89,24,44"/><T48/><D104/><U78/><E78/><V101/><F45/><W27/><G73/><T117/><D117/><U107/><E107/><V53/><F53/><W80/><G105/><T4/><D36/><U3/><E3/><V54/><F54/><W103/><G33/><T22/><D114/><U56/><E102/><V98/><F20/><W50/><G109/><T79/><D134/><U46/><E93/><V1/><F9/><W32/><G32/><T35/><D35/><U11/><E11/><V132/><F98/><N who="3" m="59847" /><G126/><T12/><D74/><U100/><E18/><V5/><F5/><W15/><G64/><T57/><D71/><U94/><E94/><V37/><F96/><W10/><G21/><T19/><D4/><U88/><E88/><V26/><F26/><W83/><G89/><T14/><D14/><U42/><E100/><V82/><F82/><W47/><G44/><T2/><D2/><U69/><E116/><V13/><F101/><W91/><G91/><T39/><D39/><U81/><E81/><V29/><F29/><W67/><G67/><T70/><D28/><U87/><E87/><V6/><F6/><AGARI ba="0,0" hai="6,10,15,24,25,27,47,50,52,80,83" m="59847" machi="6" ten="30,8000,1" yaku="8,1,52,3,54,1" doraHai="23" who="3" fromWho="2" sc="250,0,250,0,250,-80,250,80" /><INIT seed="1,0,0,5,0,52" ten="250,250,170,330" oya="1" hai0="127,118,78,114,45,12,47,76,0,84,132,130,120" hai1="60,43,39,115,128,105,107,72,21,97,66,41,35" hai2="81,100,129,124,9,101,10,22,15,58,77,7,14" hai3="55,131,74,126,2,102,40,103,111,5,6,13,94"/><U121/><E121/><V93/><F129/><W24/><G131/><T123/><D130/><U90/><E115/><V19/><F124/><W56/><G126/><T88/><D0/><U122/><E122/><N who="0" m="46633" /><D127/><U11/><E72/><V110/><F110/><W133/><G74/><T27/><D118/><U30/><E128/><V67/><F93/><W59/><G2/><T73/><D73/><U28/><E11/><V1/><F81/><W26/><G111/><T33/><D114/><U53/><E53/><V44/><F77/><N who="0" m="29802" /><D12/><U68/><E90/><V65/><F44/><W18/><G40/><T17/><D132/><U63/><E105/><V96/><F96/><N who="3" m="59671" /><G55/><T135/><D135/><U98/><E98/><V75/><F75/><W112/><G112/><T79/><N who="0" m="29810" /><T57/><DORA hai="134" /><D33/><U87/><E21/><V99/><F99/><W50/><G50/><T20/><D57/><N who="3" m="22089" /><G133/><T92/><AGARI ba="0,0" hai="17,20,27,45,47,84,88,92" m="29810,46633" machi="92" ten="40,2700,0" yaku="13,1,54,1" doraHai="52,134" who="0" fromWho="0" sc="250,27,250,-13,170,-7,330,-7" /><INIT seed="2,0,0,3,5,28" ten="277,237,163,323" oya="2" hai0="41,76,129,71,128,121,25,84,40,66,107,113,91" hai1="105,19,60,125,77,47,1,127,16,95,99,67,72" hai2="9,31,126,35,29,68,100,23,64,8,117,86,50" hai3="87,85,59,46,56,88,22,58,45,0,80,24,106"/><V15/><F117/><W122/><G122/><T130/><D107/><U54/><E105/><V44/><F100/><W12/><G106/><T69/><D121/><U82/><E1/><V4/><F126/><N who="1" m="48137" /><E47/><V27/><F68/><N who="0" m="26186" /><D66/><U13/><E54/><V3/><F64/><W37/><G0/><T38/><D113/><U93/><E93/><V36/><F36/><W120/><G120/><T55/><D76/><U135/><E135/><V74/><F74/><W83/><G37/><T2/><D2/><U14/><E14/><V30/><F86/><W116/><G12/><T42/><D25/><U6/><E6/><V111/><F50/><W49/><G116/><T51/><D91/><N who="1" m="55807" /><E13/><V81/><F81/><W52/><G46/><N who="0" m="28151" /><D84/><U32/><E32/><V53/><F53/><W109/><G109/><T134/><D38/><U75/><E75/><V92/><F92/><W98/><G98/><T96/><D96/><U21/><E21/><V20/><F44/><W10/><G10/><T33/><D33/><U104/><E104/><V26/><F111/><W78/><REACH who="3" step="1"/><G45/><REACH who="3" ten="277,237,163,313" step="2"/><T108/><D108/><U114/><E114/><V124/><F124/><W73/><G73/><T131/><D131/><U5/><E5/><N who="2" m="3471" /><F35/><W89/><G89/><T90/><D90/><U132/><E72/><V79/><F79/><W11/><G11/><T102/><D102/><U43/><E77/><V70/><F70/><W39/><G39/><T17/><D17/><AGARI ba="0,1" hai="3,4,9,17,20,23,26,27,29,30,31" m="3471" machi="17" ten="30,12000,1" yaku="35,5" doraHai="28" who="2" fromWho="0" sc="277,-120,237,0,163,130,313,0" /><AGARI ba="0,0" hai="17,22,24,49,52,56,58,59,78,80,83,85,87,88" machi="17" ten="30,8000,1" yaku="1,1,7,1,8,1,54,2,53,0" doraHai="28" doraHaiUra="61" who="3" fromWho="0" sc="157,-80,237,0,293,0,313,80" /><INIT seed="2,1,0,1,2,88" ten="77,237,293,393" oya="2" hai0="121,2,9,71,79,104,131,49,124,41,44,45,90" hai1="111,134,106,65,74,78,96,38,35,3,69,27,57" hai2="59,66,94,18,91,15,130,127,47,80,37,32,21" hai3="114,117,109,73,92,108,63,125,29,46,64,0,87"/><V81/><F32/><W11/><G117/><T58/><D104/><U23/><E111/><N who="3" m="42570" /><G73/><T52/><D79/><U4/><E134/><V17/><F130/><W30/><G125/><T31/><D31/><U105/><E38/><V19/><F127/><W51/><G114/><T107/><D107/><U1/><E57/><V24/><F37/><W14/><G0/><T112/><D124/><U25/><E4/><V110/><F110/><W50/><G51/><T62/><D2/><U115/><E115/><V95/><F47/><W20/><G20/><T53/><D9/><U126/><E126/><V83/><F91/><N who="3" m="53375" /><G14/><T8/><D8/><U10/><E10/><N who="2" m="6391" /><F18/><W119/><G11/><T132/><D112/><U16/><E78/><V40/><F40/><N who="3" m="24903" /><G119/><T55/><D90/><U98/><E74/><V76/><F76/><W129/><G129/><T61/><D121/><U43/><E43/><V113/><F113/><W77/><G77/><T135/><D131/><U22/><E35/><V116/><F116/><W97/><G97/><T13/><D13/><U68/><REACH who="1" step="1"/><E16/><REACH who="1" ten="77,227,293,393" step="2"/><V103/><F103/><W101/><G101/><T100/><D100/><U133/><E133/><N who="0" m="51273" /><D45/><U6/><E6/><V118/><F118/><W7/><G7/><T70/><D62/><AGARI ba="1,1" hai="19,21,24,59,62,66,80,81,83,94,95" m="6391" machi="62" ten="30,5800,0" yaku="8,1,52,2" doraHai="88" who="2" fromWho="0" sc="77,-61,227,0,293,71,393,0" /><INIT seed="2,2,0,2,4,34" ten="16,227,364,393" oya="2" hai0="53,4,72,11,102,89,32,94,92,48,79,128,25" hai1="74,135,105,113,98,43,10,57,7,67,91,117,130" hai2="86,18,78,70,107,77,100,109,83,13,50,28,30" hai3="69,20,64,16,55,17,114,123,85,46,47,61,8"/><V1/><F70/><W54/><G123/><T14/><D128/><U81/><E57/><V49/><F109/><W125/><G125/><T51/><D102/><U75/><E67/><V122/><F1/><W59/><G114/><T124/><D124/><U5/><E5/><V90/><F122/><W131/><G131/><T38/><D38/><U6/><E6/><V73/><F78/><W110/><G110/><T35/><D72/><U58/><E58/><V39/><F39/><W22/><G69/><T31/><D79/><U119/><E43/><V19/><F19/><N who="3" m="7243" /><G8/><T68/><D68/><U44/><E44/><N who="3" m="16938" /><G85/><T45/><D51/><U118/><E10/><V36/><F36/><W103/><G103/><T26/><REACH who="0" step="1"/><D89/><REACH who="0" ten="6,227,364,393" step="2"/><U93/><E130/><V63/><F50/><W71/><G71/><T111/><D111/><U56/><E75/><V88/><F49/><W3/><G3/><T2/><D2/><U120/><E74/><V24/><F90/><W108/><G108/><T115/><D115/><U132/><E113/><V40/><F63/><W84/><G84/><T0/><D0/><U12/><E120/><V106/><F100/><W112/><G112/><T66/><D66/><U82/><E119/><V80/><F40/><W99/><G99/><T97/><D97/><U21/><E118/><V101/><F101/><W127/><G127/><T134/><D134/><U76/><E117/><V87/><F73/><W121/><G121/><T42/><D42/><U96/><E135/><V27/><F27/><W52/><AGARI ba="2,1" hai="20,22,52,54,55,59,61,64" m="16938,7243" machi="52" ten="30,4000,0" yaku="8,1,54,2" doraHai="34" who="3" fromWho="3" sc="6,-12,227,-12,364,-22,393,56" owari="-6,-51.0,215,-18.0,342,14.0,449,55.0" /></mjloggm>