<mjloggm ver="2.3"><GO type="97" lobby="0"/><UN n0="%67%65%6D" n1="%76%61%61%61%5F%30%31" n2="%E3%82%A6%E3%83%AB%E3%83%88%E3%83%A9%E7%AB%8B%E7%9B%B4" n3="%E7%BE%85%E5%88%B9" dan="14,15,14,14" rate="1898.05,1999.26,1956.11,1996.16" sx="F,M,M,M"/><TAIKYOKU oya="0"/><INIT seed="0,0,0,1,5,105" ten="250,250,250,250" oya="0" hai0="44,49,7,55,82,110,122,1,36,135,93,41,77" hai1="134,124,86,33,11,38,27,125,52,12,18,98,16" hai2="97,128,14,64,22,85,65,29,109,25,79,40,119" hai3="73,74,28,127,53,71,112,19,89,6,94,100,80"/><T5/><D122/><U10/><E134/><V95/><F109/><W75/><G71/><T129/><D129/><U58/><E38/><V133/><F133/><W37/><G37/><T118/><D118/><U39/><E39/><V108/><F108/><W70/><G70/><T111/><D135/><U21/><E98/><V106/><F128/><W87/><G112/><T43/><D93/><U3/><E86/><V117/><F106/><W102/><G28/><T123/><D123/><U114/><E114/><V103/><F40/><W13/><G6/><T88/><D88/><U42/><E42/><V69/><F69/><W78/><G127/><N who="1" m="48714" /><E33/><V101/><F101/><W46/><G102/><T9/><D7/><U23/><E3/><V54/><F119/><W131/><G100/><T47/><REACH who="0" step="1"/><D43/><REACH who="0" ten="240,250,250,250" step="2"/><U30/><E30/><V113/><F117/><W26/><G131/><T99/><D99/><U76/><E76/><V81/><F113/><W68/><G68/><T130/><D130/><U51/><AGARI ba="0,1" hai="10,11,12,16,18,21,23,27,51,52,58" m="48714" machi="51" ten="30,4000,0" yaku="18,1,54,2" doraHai="105" who="1" fromWho="1" sc="240,-20,250,50,250,-10,250,-10" /><INIT seed="1,0,0,5,5,32" ten="220,300,240,240" oya="1" hai0="9,43,128,91,87,99,54,126,24,10,16,1,18" hai1="104,80,21,51,116,27,130,83,58,62,94,65,22" hai2="33,93,73,114,47,69,132,105,102,11,107,103,85" hai3="55,106,31,34,95,92,111,125,82,119,66,23,7"/><U109/><E104/><N who="2" m="40011" /><F47/><W15/><G106/><T118/><D118/><U61/><E109/><V90/><F11/><W14/><G111/><T115/><D115/><U81/><E116/><V45/><F45/><W50/><G119/><T76/><D128/><U75/><E130/><V78/><F33/><W59/><G34/><T120/><D120/><U19/><E75/><V108/><F69/><W26/><G125/><T113/><D126/><U129/><E129/><V133/><F108/><W60/><G82/><T134/><D134/><N who="2" m="51818" /><F114/><W100/><G95/><T41/><D113/><U98/><E51/><V79/><F73/><W117/><G7/><T35/><D76/><AGARI ba="0,0" hai="76,78,79,85,90,93,102,103" m="51818,40011" machi="76" ten="30,3900,0" yaku="20,1,34,2" doraHai="32" who="2" fromWho="0" sc="220,-39,300,0,240,39,240,0" /><INIT seed="2,0,0,2,4,10" ten="181,300,279,240" oya="2" hai0="115,3,7,5,80,112,31,76,15,24,12,108,85" hai1="88,0,132,98,68,69,79,104,59,72,14,128,93" hai2="102,113,2,26,87,105,41,37,54,63,6,109,39" hai3="91,94,35,83,96,33,44,118,8,61,49,107,56"/><V73/><F113/><W78/><G118/><T45/><D45/><U65/><E0/><V34/><F87/><W32/><G107/><T134/><D108/><U52/><E132/><V131/><F54/><W50/><G44/><T28/><D134/><U29/><E128/><V21/><F21/><W92/><G92/><T95/><D3/><U27/><E104/><V74/><F63/><W60/><G8/><T17/><D115/><U57/><E57/><V62/><F62/><W126/><G126/><T111/><D111/><U119/><E119/><V101/><F101/><W100/><G100/><T84/><D112/><U30/><E30/><N who="2" m="19799" /><F109/><W53/><REACH who="3" step="1"/><G61/><REACH who="3" ten="181,300,279,230" step="2"/><T89/><D31/><U99/><E93/><V75/><F41/><W42/><G42/><T125/><D125/><U129/><E129/><V114/><F131/><W48/><G48/><T16/><D28/><U13/><E29/><V81/><F114/><W86/><AGARI ba="0,1" hai="32,33,35,49,50,53,56,60,78,83,86,91,94,96" machi="86" ten="30,2000,0" yaku="1,1,0,1,53,0" doraHai="10" doraHaiUra="67" who="3" fromWho="3" sc="181,-5,300,-5,279,-10,230,30" /><INIT seed="3,0,0,2,0,120" ten="176,295,269,260" oya="3" hai0="80,59,86,93,79,122,131,115,107,46,24,98,6" hai1="66,67,52,110,61,51,94,85,109,106,108,32,28" hai2="1,101,44,64,118,18,129,8,15,71,96,100,124" hai3="9,10,22,13,19,47,48,55,105,14,12,40,7"/><W39/><G105/><T119/><D122/><U133/><E133/><V114/><F118/><W5/><REACH who="3" step="1"/><G39/><REACH who="3" ten="176,295,269,250" step="2"/><T20/><D119/><U37/><E37/><V43/><F114/><W103/><G103/><T113/><D115/><U83/><E106/><V30/><F100/><W104/><G104/><T123/><D113/><U112/><E112/><V99/><F101/><W62/><G62/><T134/><D107/><U81/><E61/><V36/><F36/><W57/><G57/><T42/><D59/><N who="1" m="33183" /><E94/><V56/><F71/><W50/><G50/><T33/><D134/><U27/><E83/><V34/><F56/><W116/><G116/><T76/><D131/><U87/><E87/><V95/><F96/><W75/><G75/><T82/><D98/><U125/><E125/><V73/><F73/><W0/><G0/><T117/><D123/><U70/><E70/><V102/><F124/><W35/><G35/><T69/><D117/><U89/><AGARI ba="0,1" hai="27,28,32,66,67,81,85,89,108,109,110" m="33183" machi="89" ten="30,8000,1" yaku="14,1,52,3,54,1" doraHai="120" who="1" fromWho="1" sc="176,-20,295,90,269,-20,250,-40" owari="156,-34.0,385,48.0,249,5.0,210,-19.0" /></mjloggm>