<mjloggm ver="2.3"><GO type="41" lobby="0"/><UN n0="%E3%83%9A%E3%83%B3%E3%83%AD%E3%82%B1" n1="%E3%83%84%E3%82%AF%E3%83%84%E3%82%AF%E6%B3%95%E5%B8%AB" n2="%E9%9B%B7%E5%B8%9D%E3%83%A9%E3%82%A4%E3%82%AB" n3="%E5%B0%B1%E6%B4%BB%E7%94%9F%40%E5%B7%9D%E6%9D%91%E8%BB%8D%E5%9B%A3" dan="13,13,14,15" rate="1824.70,1881.86,1911.47,2019.58" sx="M,M,M,M"/><TAIKYOKU oya="0"/><INIT seed="0,0,0,4,2,12" ten="250,250,250,250" oya="0" hai0="71,128,58,24,70,107,26,92,52,69,135,11,51" hai1="129,35,22,89,28,125,30,80,5,87,88,133,81" hai2="98,74,9,63,15,40,102,86,59,117,127,48,38" hai3="31,46,16,106,91,66,49,50,97,72,17,20,27"/><T65/><D107/><U76/><E133/><V95/><F74/><W83/><G72/><T39/><D39/><U75/><E5/><V7/><F127/><W116/><G116/><T110/><D135/><U21/><E125/><V68/><F68/><W132/><G132/><T44/><D128/><U54/><E129/><V82/><F38/><W18/><G106/><T61/><D11/><U1/><E1/><V29/><F29/><W114/><G114/><T131/><D131/><U62/><E89/><V96/><F96/><W112/><G112/><T78/><D78/><U47/><E35/><V53/><F117/><W73/><G73/><T77/><D77/><U14/><E21/><V4/><F40/><N who="3" m="24775" /><G66/><T108/><REACH who="0" step="1"/><D92/><REACH who="0" ten="240,250,250,250" step="2"/><U103/><E76/><V19/><F63/><W37/><G37/><T121/><D121/><U100/><E62/><V134/><F134/><W124/><G124/><T93/><D93/><U64/><E75/><V113/><F113/><W13/><G50/><T56/><D56/><U25/><E47/><V3/><F3/><W0/><G0/><T118/><D118/><U122/><E122/><V67/><F67/><W104/><G104/><T33/><D33/><U55/><E64/><V85/><F82/><W105/><G105/><T57/><D57/><U8/><E80/><V23/><F9/><N who="3" m="6191" /><G83/><T90/><D90/><U2/><E2/><V42/><F59/><W109/><G109/><AGARI ba="0,1" hai="24,26,44,51,52,58,61,65,69,70,71,108,109,110" machi="109" ten="50,12000,1" yaku="1,1,14,1,10,1,54,1,53,0" doraHai="12" doraHaiUra="32" who="0" fromWho="3" sc="240,130,250,0,250,0,250,-120" /><INIT seed="0,1,0,4,1,124" ten="370,250,250,130" oya="0" hai0="4,127,37,128,41,57,74,17,60,129,83,111,104" hai1="32,16,87,65,86,21,1,109,66,85,79,115,95" hai2="134,72,50,2,20,31,56,117,49,94,118,14,107" hai3="108,48,3,96,51,59,123,43,61,69,0,30,112"/><T19/><D104/><U54/><E32/><V9/><F107/><W45/><G112/><T36/><D4/><U116/><E116/><V80/><F134/><W29/><G123/><T38/><D41/><U22/><E1/><V119/><F94/><W77/><G108/><T106/><D106/><U84/><E109/><V25/><F2/><W105/><G69/><T44/><D111/><U99/><E115/><V11/><F11/><W130/><G130/><N who="0" m="50283" /><D127/><U63/><E54/><V35/><F35/><W53/><G77/><N who="0" m="44471" /><D44/><U92/><E79/><N who="2" m="44135" /><F56/><W8/><G0/><T67/><AGARI ba="1,0" hai="17,19,36,37,38,57,60,67" m="44471,50283" machi="67" ten="40,12000,1" yaku="19,1,52,3" doraHai="124" who="0" fromWho="0" sc="370,123,250,-41,250,-41,130,-41" /><INIT seed="0,2,0,4,0,86" ten="493,209,209,89" oya="0" hai0="124,105,80,71,103,19,38,22,106,130,64,50,88" hai1="15,117,81,92,109,94,67,0,23,133,100,125,101" hai2="112,84,34,3,41,37,128,72,16,87,35,42,2" hai3="63,89,120,134,127,96,59,11,121,45,52,28,90"/><T91/><D38/><U104/><E117/><V12/><F37/><W44/><G127/><T123/><D123/><N who="3" m="47177" /><G134/><T56/><D124/><U108/><E0/><V76/><F76/><W99/><G28/><T5/><D5/><U47/><E125/><V111/><F12/><W53/><G11/><T131/><D71/><U114/><E67/><V62/><F62/><W51/><G44/><T66/><D103/><U57/><E57/><V55/><F55/><W33/><G33/><T73/><D73/><U6/><E133/><V97/><F72/><W68/><G68/><T61/><D50/><U129/><E81/><V95/><F112/><W21/><G21/><T116/><D116/><U27/><E114/><V29/><F29/><W102/><G99/><T126/><D126/><U13/><E47/><V122/><F97/><W8/><G8/><T70/><D70/><U54/><E54/><V75/><F75/><W98/><G98/><T110/><D110/><U10/><E13/><V40/><F111/><W24/><G24/><T18/><D80/><U132/><E132/><V118/><F35/><W79/><G79/><T9/><D9/><U49/><E108/><V43/><F34/><W26/><G26/><T20/><D56/><U65/><E10/><V83/><F2/><W115/><G115/><T7/><D7/><U74/><E6/><V36/><F3/><W113/><G113/><T17/><D17/><U135/><E135/><V25/><F36/><W78/><G78/><T39/><D39/><U1/><E1/><V46/><F118/><W85/><G85/><T93/><D61/><RYUUKYOKU ba="2,0" sc="493,15,209,-15,209,-15,89,15" hai0="18,19,20,22,64,66,88,91,93,105,106,130,131" hai3="45,51,52,53,59,63,89,90,96,102" /><INIT seed="0,3,0,2,0,95" ten="508,194,194,104" oya="0" hai0="67,99,91,68,123,77,26,41,8,29,65,11,50" hai1="73,85,93,114,52,39,24,62,87,71,100,34,22" hai2="20,82,98,1,58,9,48,43,37,32,72,57,4" hai3="33,119,81,69,88,101,45,75,134,63,105,7,2"/><T36/><D123/><U127/><E73/><V125/><F125/><W131/><G33/><T66/><D68/><U109/><E39/><V129/><F32/><W0/><G119/><T79/><D36/><U84/><E127/><V47/><F48/><W38/><G134/><T31/><D26/><U21/><E109/><V15/><F129/><W128/><G38/><T40/><D50/><U18/><E114/><V106/><F20/><W121/><G121/><T51/><D51/><U117/><E117/><V30/><F30/><N who="0" m="11274" /><D91/><U49/><E34/><V108/><F15/><W89/><G45/><T17/><D17/><U5/><E5/><V116/><F108/><W25/><G25/><T16/><D16/><N who="1" m="12327" /><E62/><V27/><F27/><W115/><G115/><T19/><D99/><N who="1" m="59503" /><E71/><V10/><F10/><N who="0" m="3626" /><D19/><U76/><E76/><AGARI ba="3,0" hai="40,41,65,66,67,76,77,79" m="3626,11274" machi="76" ten="30,5800,0" yaku="28,2,8,1" doraHai="95" who="0" fromWho="1" sc="508,67,194,-67,194,0,104,0" /><INIT seed="0,4,0,2,2,99" ten="575,127,194,104" oya="0" hai0="93,26,118,100,128,47,0,90,19,132,111,116,81" hai1="56,20,33,60,14,89,77,28,6,35,12,131,57" hai2="129,119,42,40,16,29,58,10,105,53,5,8,84" hai3="120,66,7,126,130,65,50,44,91,61,62,85,127"/><T17/><D0/><U102/><E131/><V109/><F105/><W11/><G120/><T55/><D128/><U88/><E77/><V64/><F64/><W122/><G130/><T94/><D132/><U43/><E43/><V22/><F29/><W82/><G122/><T133/><D133/><U48/><E48/><V4/><F84/><W69/><G62/><T80/><D111/><U18/><E28/><V124/><F109/><W27/><G66/><T41/><D26/><U3/><E3/><V23/><F23/><W32/><G32/><T107/><D107/><U63/><E20/><V51/><F119/><W78/><G27/><T59/><D90/><U49/><E49/><V71/><F71/><W87/><G87/><T68/><D68/><U54/><E6/><N who="2" m="2667" /><F129/><W92/><G92/><T34/><D41/><N who="2" m="15978" /><F124/><W67/><G67/><T76/><D34/><U79/><E79/><V104/><F104/><W96/><G96/><T98/><D76/><U45/><E45/><V36/><F36/><W52/><REACH who="3" step="1"/><G78/><REACH who="3" ten="575,127,194,94" step="2"/><T121/><D98/><U38/><E38/><V73/><F73/><W106/><G106/><T25/><D25/><AGARI ba="4,1" hai="8,10,16,22,25,51,53,58" m="15978,2667" machi="25" ten="30,2000,0" yaku="8,1,54,1" doraHai="99" who="2" fromWho="0" sc="575,-32,127,0,194,42,94,0" /><INIT seed="1,0,0,3,4,123" ten="543,127,236,94" oya="1" hai0="80,81,46,78,105,112,67,108,97,21,83,130,24" hai1="98,63,32,58,113,106,49,71,131,12,75,79,117" hai2="72,100,124,134,15,51,76,33,65,6,111,39,128" hai3="133,122,89,57,37,31,36,5,110,2,14,3,18"/><U73/><E117/><V84/><F100/><W42/><G122/><T85/><D67/><U119/><E119/><V25/><F51/><W77/><G77/><T129/><D46/><U92/><E106/><V22/><F84/><W17/><G133/><T47/><D47/><U70/><E113/><V116/><F76/><W82/><G31/><T86/><D108/><U121/><E121/><V66/><F66/><W54/><G17/><T50/><D50/><U126/><E32/><V132/><F65/><W48/><G110/><T104/><D112/><U52/><E126/><V68/><F6/><W120/><G120/><T135/><D135/><U115/><E115/><V27/><F15/><W19/><G19/><T13/><D13/><U26/><E26/><V45/><F22/><W96/><G42/><T64/><D64/><U28/><E28/><V44/><F45/><W41/><G41/><T53/><D53/><U95/><E131/><N who="0" m="50185" /><D24/><U29/><E29/><V87/><F44/><W20/><G5/><T90/><D21/><U10/><E71/><V125/><F25/><W69/><G69/><T118/><D118/><U0/><E70/><V7/><F27/><W109/><G109/><T9/><D9/><U1/><E1/><V103/><F111/><W102/><G3/><T107/><D97/><U59/><E0/><V43/><F68/><W74/><G2/><T62/><D62/><U55/><E98/><V60/><F132/><W99/><G74/><N who="0" m="43095" /><D90/><U127/><E10/><V11/><F134/><W61/><G61/><T16/><D16/><U91/><E91/><V34/><F128/><RYUUKYOKU ba="0,0" sc="543,30,127,-10,236,-10,94,-10" hai0="81,83,85,86,104,105,107" /><INIT seed="2,1,0,5,5,116" ten="573,117,226,84" oya="2" hai0="71,15,115,26,8,49,73,91,30,92,110,36,78" hai1="22,25,60,101,68,7,97,19,51,102,69,28,103" hai2="52,84,14,67,120,44,90,59,75,37,63,13,93" hai3="131,70,61,39,66,127,38,17,16,119,99,45,111"/><V87/><F75/><W31/><G119/><T95/><D36/><U128/><E128/><V4/><F120/><W123/><G131/><T118/><D71/><U124/><E124/><V112/><F112/><W43/><G127/><T29/><D118/><U121/><E7/><V40/><F4/><W80/><G111/><T117/><D110/><U12/><E121/><V50/><REACH who="2" step="1"/><F87/><REACH who="2" ten="573,117,216,84" step="2"/><W33/><G123/><T107/><D115/><U106/><E51/><V113/><F113/><W20/><G39/><T53/><D117/><U64/><REACH who="1" step="1"/><E68/><AGARI ba="1,1" hai="13,14,37,40,44,50,52,59,63,67,68,84,90,93" machi="68" ten="30,18000,2" yaku="1,1,7,1,24,2,54,1,53,1" doraHai="116" doraHaiUra="46" who="2" fromWho="1" sc="573,0,117,-183,216,193,84,0" owari="573,68.0,-66,-57.0,409,21.0,84,-32.0" /></mjloggm>