<mjloggm ver="2.3"><GO type="97" lobby="0"/><UN n0="%E3%82%A6%E3%83%AB%E3%83%88%E3%83%A9%E7%AB%8B%E7%9B%B4" n1="%EF%BC%88%2A%E2%98%86%EF%BC%9E%CF%89%EF%BC%9C%E2%98%85%2A" n2="%E3%81%86%E3%81%8A%E3%81%AE%E3%82%81%E2%99%AA" n3="%E3%83%90%E3%83%AA%E3%83%90%E3%83%AA%E9%9B%BB%E5%99%A8" dan="15,15,13,13" rate="1978.51,2111.01,2069.92,1973.52" sx="M,M,F,F"/><TAIKYOKU oya="0"/><INIT seed="0,0,0,5,0,68" ten="250,250,250,250" oya="0" hai0="128,97,38,118,96,12,111,73,3,100,70,62,107" hai1="109,61,34,126,92,121,35,69,65,64,129,45,60" hai2="53,79,32,130,5,54,77,46,48,124,40,123,0" hai3="132,17,8,7,50,122,103,28,6,106,2,41,71"/><T23/><D118/><U42/><E121/><V114/><F32/><W27/><G71/><T16/><D128/><U108/><E129/><V39/><F123/><W56/><G122/><T4/><D111/><N who="1" m="42571" /><E92/><V99/><F130/><W101/><G132/><T113/><D113/><U104/><E104/><V47/><F114/><W59/><G7/><T117/><D117/><U18/><E18/><V91/><F124/><W57/><G17/><T88/><D73/><U87/><E87/><V110/><F110/><W19/><G19/><T98/><D38/><N who="1" m="21719" /><E126/><V105/><F54/><W93/><G93/><T30/><D30/><U9/><E9/><V63/><F63/><W22/><G106/><T134/><D134/><U119/><E119/><V74/><F74/><W125/><G125/><T58/><D70/><AGARI ba="0,0" hai="34,35,60,61,64,65,69,70" m="21719,42571" machi="70" ten="30,3900,0" yaku="14,1,23,1,52,1" doraHai="68" who="1" fromWho="0" sc="250,-39,250,39,250,0,250,0" /><INIT seed="1,0,0,0,1,99" ten="211,289,250,250" oya="1" hai0="109,31,132,52,95,101,80,54,40,4,104,34,89" hai1="14,69,44,76,120,88,65,24,55,70,86,115,128" hai2="74,3,82,129,94,11,21,118,114,56,28,96,87" hai3="42,5,62,79,16,93,85,122,30,49,39,0,61"/><U121/><E115/><V108/><F118/><W66/><G39/><T73/><D40/><U41/><E76/><V102/><F114/><W64/><G30/><T36/><D36/><U75/><E75/><V126/><F108/><W110/><G110/><T119/><D119/><U78/><E78/><V1/><F74/><W116/><G122/><T131/><D109/><U81/><E55/><V127/><F129/><W2/><G2/><T29/><D4/><U23/><E14/><V123/><F123/><W112/><G116/><T22/><D22/><U47/><E128/><V38/><F38/><W63/><G5/><T13/><D13/><U71/><E65/><V133/><F56/><W57/><G0/><T92/><D92/><U91/><E91/><N who="2" m="51703" /><F11/><W7/><G7/><T48/><D132/><U20/><E47/><V45/><F45/><N who="3" m="25783" /><G64/><T98/><D131/><U107/><E107/><V124/><F133/><W33/><G33/><T17/><D17/><U130/><E130/><V84/><F84/><W58/><G16/><T106/><D106/><U97/><E97/><V113/><F113/><W100/><G66/><T43/><D43/><U77/><E41/><V134/><F134/><W125/><G112/><T51/><D34/><U50/><E120/><V9/><F9/><W72/><G72/><T27/><D73/><U46/><E46/><V117/><F117/><W12/><G12/><T103/><D104/><U111/><E44/><V83/><F83/><W60/><G58/><N who="0" m="33031" /><D80/><N who="1" m="49223" /><E121/><V90/><F90/><W10/><G10/><T105/><D105/><U37/><E37/><V67/><F67/><RYUUKYOKU ba="0,0" sc="211,-10,289,-10,250,30,250,-10" hai2="1,3,21,28,94,96,102,124,126,127" /><INIT seed="2,1,0,4,2,119" ten="201,279,280,240" oya="2" hai0="51,27,67,57,17,22,127,60,120,78,25,21,61" hai1="0,53,129,33,114,109,55,97,112,132,83,96,98" hai2="91,73,107,106,12,39,45,34,37,80,13,42,47" hai3="23,58,31,4,123,65,90,63,88,126,28,115,5"/><V32/><F91/><N who="3" m="34859" /><G123/><T95/><D127/><U133/><E0/><V105/><F13/><W10/><G126/><T104/><D104/><U99/><E33/><V9/><F12/><N who="3" m="5191" /><G5/><T20/><D120/><U24/><E24/><V6/><F9/><W35/><G35/><T50/><D95/><U30/><E30/><N who="3" m="11306" /><G115/><N who="1" m="44074" /><E96/><V125/><F6/><W124/><G124/><T46/><D78/><U1/><E1/><V102/><F102/><W8/><G8/><T14/><D61/><U131/><E109/><V16/><F16/><W130/><G130/><N who="1" m="49674" /><E83/><V71/><F71/><W81/><G81/><T100/><D51/><U122/><E122/><V49/><F125/><W111/><G111/><T26/><REACH who="0" step="1"/><D100/><REACH who="0" ten="191,279,280,240" step="2"/><U29/><E132/><V3/><F49/><W11/><G11/><T15/><D15/><U86/><E133/><V89/><F89/><W77/><G77/><T2/><D2/><U101/><E101/><V85/><F3/><W79/><G79/><T70/><D70/><U36/><E36/><V72/><F85/><W48/><G48/><T52/><AGARI ba="1,1" hai="14,17,20,21,22,25,26,27,46,50,52,57,60,67" machi="52" ten="30,7900,0" yaku="1,1,0,1,8,1,54,1,53,0" doraHai="119" doraHaiUra="113" who="0" fromWho="0" sc="191,92,279,-21,280,-40,240,-21" /><INIT seed="3,0,0,4,0,122" ten="283,258,240,219" oya="3" hai0="115,80,71,58,28,30,64,22,61,38,77,104,59" hai1="32,5,91,74,63,99,16,101,43,11,31,18,29" hai2="48,132,7,24,57,37,79,13,114,102,109,72,125" hai3="90,82,93,49,89,51,120,110,41,68,117,21,121"/><W17/><G68/><T78/><D38/><U133/><E74/><V55/><F114/><W33/><G33/><T44/><D104/><U53/><E43/><V62/><F37/><W81/><G117/><T73/><D115/><U12/><E133/><V1/><F1/><W67/><G67/><T128/><D128/><U75/><E91/><V123/><F123/><W42/><G17/><T20/><D44/><U66/><E53/><V76/><F72/><W8/><G21/><T65/><D71/><N who="1" m="42463" /><E31/><V6/><F125/><W126/><G93/><T34/><D34/><U19/><E75/><V14/><F132/><W100/><G100/><T134/><D73/><U96/><E5/><N who="2" m="1547" /><F109/><W103/><G103/><T113/><D134/><U118/><E99/><V56/><F24/><W124/><REACH who="3" step="1"/><G110/><REACH who="3" ten="283,258,240,209" step="2"/><T9/><D22/><U127/><E118/><V88/><F102/><W69/><G69/><T0/><D20/><U86/><E101/><V84/><F14/><W46/><G46/><T97/><D64/><U107/><E12/><V87/><F13/><W106/><G106/><T92/><D65/><U39/><E107/><V52/><F87/><W35/><G35/><T70/><D92/><AGARI ba="0,1" hai="48,52,55,56,57,62,76,79,84,88,92" m="1547" machi="92" ten="30,3900,0" yaku="8,1,54,2" doraHai="122" who="2" fromWho="0" sc="283,-39,258,0,240,49,209,0" /><INIT seed="4,0,0,2,2,109" ten="244,258,289,209" oya="0" hai0="110,15,51,54,75,61,106,52,49,26,80,63,45" hai1="46,97,56,14,118,71,83,131,21,96,105,35,42" hai2="4,117,19,132,81,92,72,78,129,23,9,8,89" hai3="0,7,10,124,91,47,11,22,103,24,119,69,135"/><T2/><D2/><U53/><E71/><V5/><F117/><W62/><G119/><T93/><D106/><U50/><E118/><V128/><F132/><W39/><G135/><T87/><D110/><U59/><E35/><V58/><F58/><W99/><G91/><T38/><D38/><U57/><E131/><N who="2" m="50251" /><F5/><W104/><G10/><T65/><D75/><U77/><E105/><V6/><F8/><W25/><G124/><T40/><D93/><U28/><E42/><V67/><F9/><W1/><G0/><T79/><D15/><U13/><E13/><N who="2" m="9711" /><F67/><W82/><G82/><T108/><D108/><U37/><E37/><V41/><F41/><W55/><G22/><T48/><D26/><N who="1" m="16463" /><E14/><V86/><AGARI ba="0,0" hai="4,6,72,78,81,86,89,92" m="9711,50251" machi="86" ten="30,1100,0" yaku="19,1" doraHai="109" who="2" fromWho="2" sc="244,-5,258,-3,289,11,209,-3" owari="239,-16.0,255,6.0,300,39.0,206,-29.0" /></mjloggm>