<mjloggm ver="2.3"><GO type="97" lobby="0"/><UN n0="%E3%82%B9%E3%83%AD%E3%82%A6%E3%82%AC" n1="%5A%61%67%61%74%6F" n2="%34%31%35%36%30%39%32%34" n3="%E3%82%A6%E3%83%AB%E3%83%88%E3%83%A9%E7%AB%8B%E7%9B%B4" dan="14,14,14,15" rate="1921.69,1910.11,1967.55,2039.06" sx="M,M,M,M"/><TAIKYOKU oya="0"/><INIT seed="0,0,0,2,3,59" ten="250,250,250,250" oya="0" hai0="125,70,95,110,53,103,1,120,9,26,38,14,23" hai1="55,54,3,72,10,57,94,76,50,6,87,27,44" hai2="19,40,126,52,92,132,111,8,104,108,24,45,51" hai3="99,91,42,97,58,134,16,37,0,63,109,85,71"/><T98/><D120/><U86/><E72/><V130/><F104/><W47/><G0/><T117/><D38/><U43/><E27/><V80/><F126/><W17/><G71/><T96/><D117/><U101/><E55/><V34/><F132/><W74/><G74/><T25/><D125/><U11/><E6/><V28/><F130/><W65/><G134/><T21/><D70/><U61/><E3/><V73/><F92/><W68/><G109/><T131/><D131/><U2/><E2/><V116/><F116/><W112/><G112/><T4/><D110/><N who="2" m="42026" /><F73/><W124/><G124/><T121/><D121/><U49/><E49/><V133/><F80/><W7/><G7/><T105/><D53/><U113/><E113/><V129/><F129/><W83/><G68/><T35/><D35/><U62/><E10/><V128/><F128/><W69/><G69/><T33/><D33/><U36/><E11/><V107/><F107/><W67/><G67/><T115/><D115/><U5/><E5/><V41/><F133/><W114/><G114/><T123/><D123/><U102/><E76/><V77/><F77/><W75/><G75/><T60/><D105/><U81/><E81/><V31/><F31/><W66/><G66/><T82/><D82/><U39/><E39/><V79/><F79/><W12/><G17/><T90/><D4/><U29/><E29/><V18/><F8/><AGARI ba="0,0" hai="8,12,16,37,42,47,58,63,65,83,85,91,97,99" machi="8" ten="30,3900,0" yaku="7,1,52,1,54,1" doraHai="59" who="3" fromWho="2" sc="250,0,250,0,250,-39,250,39" /><INIT seed="1,0,0,0,5,94" ten="250,250,211,289" oya="1" hai0="64,42,34,71,77,47,9,104,19,106,127,91,85" hai1="102,2,54,51,16,15,32,96,81,119,4,0,111" hai2="117,44,134,72,60,7,73,115,128,70,84,76,17" hai3="78,97,33,132,129,86,108,114,30,103,55,93,50"/><U35/><E119/><V28/><F117/><W46/><G33/><T107/><D34/><U1/><E4/><V12/><F115/><W83/><G114/><T88/><D127/><U99/><E81/><V37/><F134/><W121/><G121/><T10/><D71/><U98/><E111/><V122/><F122/><W14/><G132/><T11/><D64/><U61/><E61/><V123/><F123/><W62/><G30/><T18/><D77/><U68/><E102/><V109/><F109/><W79/><G129/><T59/><D59/><U75/><E75/><V24/><F128/><W90/><G108/><T8/><N who="0" m="2560" /><DORA hai="20" /><T58/><D58/><U116/><E68/><V131/><F70/><W6/><G6/><T130/><D130/><U118/><E54/><V100/><F37/><W5/><G5/><T57/><D57/><U124/><E51/><V27/><F73/><W22/><G62/><T53/><D53/><U69/><E69/><V40/><F72/><W92/><G92/><T133/><D133/><U38/><E124/><V63/><F131/><W41/><G55/><T43/><D85/><U82/><E38/><V87/><F7/><W135/><G135/><T112/><D112/><U49/><E49/><N who="2" m="26759" /><F100/><W113/><G113/><T21/><D47/><U105/><E105/><V80/><F87/><W74/><G74/><T56/><D104/><U13/><E82/><V67/><F67/><W126/><G126/><T66/><D106/><U45/><E45/><V26/><F28/><W39/><G39/><T125/><D107/><U120/><E120/><V52/><F52/><RYUUKYOKU ba="0,0" sc="250,-15,250,-15,211,15,289,15" hai2="12,17,24,26,27,60,63,76,80,84" hai3="14,22,41,46,50,78,79,83,86,90,93,97,103" /><INIT seed="2,1,0,3,5,131" ten="235,235,226,304" oya="2" hai0="44,98,96,108,69,52,15,31,99,50,9,94,2" hai1="19,5,90,10,126,7,27,6,42,40,53,86,13" hai2="66,110,51,133,130,72,25,39,124,134,116,18,112" hai3="11,17,54,122,1,75,63,121,67,103,114,62,37"/><V8/><F116/><W14/><G75/><T46/><D108/><U65/><E65/><V21/><F112/><W76/><G76/><T73/><D69/><U92/><E126/><V95/><F72/><W49/><G37/><T35/><D73/><U24/><E53/><V82/><F39/><W91/><G1/><T78/><D2/><U74/><REACH who="1" step="1"/><E74/><REACH who="1" ten="235,225,226,304" step="2"/><V115/><F115/><W68/><G114/><T23/><D52/><U88/><E88/><V64/><F124/><W80/><G103/><T12/><D46/><U127/><E127/><V87/><F130/><W4/><G63/><T102/><D44/><U104/><E104/><V129/><F129/><W120/><G120/><T0/><D102/><U29/><E29/><V97/><F110/><W123/><G123/><T132/><D31/><U57/><E57/><V30/><F51/><W34/><G122/><T70/><D50/><U119/><E119/><V47/><F47/><W84/><G121/><T32/><D70/><U60/><E60/><V56/><F56/><W58/><G68/><T55/><D55/><U79/><E79/><N who="2" m="46559" /><F30/><W77/><G77/><T101/><D78/><U43/><AGARI ba="1,1" hai="5,6,7,10,13,19,24,27,40,42,43,86,90,92" machi="43" ten="30,4000,0" yaku="1,1,0,1,8,1,53,0" doraHai="131" doraHaiUra="135" who="1" fromWho="1" sc="235,-11,225,53,226,-21,304,-11" /><INIT seed="3,0,0,2,1,57" ten="224,278,205,293" oya="3" hai0="47,53,116,36,2,131,109,8,23,74,129,9,125" hai1="70,80,68,18,69,119,66,11,110,46,96,115,22" hai2="41,4,16,132,89,33,32,118,102,133,127,25,28" hai3="49,128,81,88,104,134,34,75,42,123,19,83,3"/><W1/><G104/><T29/><D116/><U44/><E115/><V111/><F118/><W72/><G34/><T60/><D109/><U99/><E119/><V95/><F111/><W39/><G49/><N who="0" m="28863" /><D36/><U107/><E107/><V84/><F127/><W58/><G58/><T50/><D125/><U71/><E110/><V79/><F41/><W24/><G24/><N who="0" m="16543" /><D74/><U92/><E80/><N who="2" m="47135" /><F102/><W12/><G123/><T30/><D2/><U59/><E11/><V121/><F4/><W43/><G75/><T93/><D30/><U62/><N who="1" m="17920" /><DORA hai="26" /><U98/><REACH who="1" step="1"/><E92/><REACH who="1" ten="224,268,205,293" step="2"/><V17/><F121/><W52/><G83/><T130/><D93/><U82/><E82/><V85/><F33/><W10/><G81/><T86/><D8/><U122/><E122/><V67/><F67/><W63/><G10/><T77/><D9/><U61/><E61/><V100/><F100/><W35/><G63/><T135/><D60/><U48/><E48/><V51/><F51/><W38/><G38/><T120/><D120/><U20/><E20/><V101/><F101/><W73/><G39/><T76/><D50/><U97/><N who="1" m="25088" /><DORA hai="112" /><U31/><E31/><V126/><F126/><W45/><G35/><T87/><D76/><U117/><E117/><V27/><F27/><AGARI ba="0,1" hai="18,22,27,44,46,59,62,66" m="25088,17920" machi="27" ten="80,12000,2" yaku="1,1,52,1,53,4" doraHai="57,26,112" doraHaiUra="64,7,114" who="1" fromWho="2" sc="224,0,268,130,205,-120,293,0" owari="224,-18.0,398,50.0,85,-41.0,293,9.0" /></mjloggm>