<mjloggm ver="2.3"><GO type="97" lobby="0"/><UN n0="%E3%81%A6%E3%81%A3%E3%81%8B%E3%82%93" n1="%E3%82%A6%E3%83%AB%E3%83%88%E3%83%A9%E7%AB%8B%E7%9B%B4" n2="%E3%83%80%E3%83%87%E3%82%A3" n3="%47%45%52%42%45%52" dan="14,13,14,15" rate="1929.50,1879.24,2015.39,2003.18" sx="M,M,M,M"/><TAIKYOKU oya="0"/><INIT seed="0,0,0,3,0,105" ten="250,250,250,250" oya="0" hai0="71,16,122,116,8,58,59,111,131,100,34,92,47" hai1="76,15,132,49,128,52,18,28,62,85,135,121,26" hai2="5,61,55,133,117,93,57,36,12,80,42,29,114" hai3="130,69,109,43,83,25,115,134,129,119,22,33,30"/><T84/><D71/><U56/><E121/><V6/><F114/><W10/><G69/><T11/><D122/><U1/><E1/><V19/><F133/><N who="1" m="51273" /><E128/><N who="3" m="49258" /><G134/><T65/><D116/><U98/><E98/><V21/><F117/><W37/><G119/><T120/><D120/><U79/><E85/><V70/><F70/><W45/><G115/><T31/><D131/><U106/><E106/><V110/><F110/><W86/><G109/><T78/><D111/><U102/><E102/><V99/><F29/><W107/><G107/><T48/><D31/><U13/><E49/><V60/><F60/><W39/><G10/><T66/><D34/><N who="1" m="20759" /><E15/><V95/><F95/><W64/><G64/><N who="0" m="24683" /><D8/><AGARI ba="0,0" hai="8,13,18,52,56,62,76,79" m="20759,51273" machi="8" ten="30,2000,0" yaku="20,1,54,1" doraHai="105" who="1" fromWho="0" sc="250,-20,250,20,250,0,250,0" /><INIT seed="1,0,0,0,5,73" ten="230,270,250,250" oya="1" hai0="20,9,53,40,19,67,71,125,100,15,118,42,115" hai1="22,41,124,81,50,108,116,82,97,123,5,102,93" hai2="107,0,6,45,65,38,14,85,134,132,119,51,91" hai3="49,117,89,129,88,48,78,43,17,72,109,79,121"/><U69/><E69/><V87/><F119/><W92/><G121/><T133/><D118/><U74/><E123/><V96/><F38/><W1/><G117/><T112/><D115/><U28/><E116/><V26/><F0/><W10/><G109/><T126/><D112/><U7/><E124/><N who="0" m="47721" /><D133/><N who="2" m="51306" /><F65/><W21/><G129/><T24/><D100/><U12/><E74/><V35/><F6/><N who="1" m="2057" /><E108/><V131/><F131/><W4/><G72/><T27/><D67/><U18/><E28/><N who="2" m="19863" /><F14/><N who="3" m="5447" /><G89/><T60/><D71/><U84/><E84/><V104/><F96/><N who="3" m="57351" /><G1/><T105/><D105/><N who="2" m="40522" /><F91/><W66/><G66/><T98/><D98/><U3/><E3/><V110/><F110/><W120/><G120/><T68/><D68/><U59/><E102/><V77/><F77/><N who="3" m="29195" /><G43/><AGARI ba="0,0" hai="43,45,51,85,87" m="40522,19863,51306" machi="43" ten="30,1000,0" yaku="20,1" doraHai="73" who="2" fromWho="3" sc="230,0,270,0,250,10,250,-10" /><INIT seed="2,0,0,5,5,100" ten="230,270,260,240" oya="2" hai0="35,15,106,109,96,21,29,64,110,118,69,107,20" hai1="49,105,51,77,126,1,34,90,67,135,40,52,37" hai2="8,16,71,74,22,38,123,68,25,88,83,129,104" hai3="101,97,130,10,11,98,48,43,6,122,124,53,0"/><V103/><F123/><W66/><G122/><T63/><D118/><U55/><E34/><V5/><F38/><W112/><G130/><T81/><D96/><U36/><E1/><V58/><F129/><W9/><G124/><T50/><D50/><U65/><E77/><V70/><F58/><W24/><G98/><T86/><D35/><U114/><E90/><V32/><F32/><W85/><G66/><N who="1" m="25098" /><E105/><N who="0" m="39945" /><D15/><U44/><E114/><V73/><F103/><W14/><G43/><T60/><D29/><U13/><E13/><V45/><F45/><W4/><G112/><T108/><D63/><U28/><E28/><V128/><F104/><W41/><G41/><T111/><N who="0" m="28160" /><DORA hai="134" /><T80/><D80/><U119/><E119/><V17/><F128/><W131/><G24/><T7/><D7/><U79/><E40/><V18/><F18/><W59/><G131/><T42/><D42/><U39/><E126/><V84/><REACH who="2" step="1"/><F17/><REACH who="2" ten="230,270,250,240" step="2"/><W113/><G113/><T91/><AGARI ba="0,1" hai="20,21,60,64,69,81,86,91" m="28160,39945" machi="91" ten="60,8000,1" yaku="14,1,52,3" doraHai="100,134" who="0" fromWho="0" sc="230,90,270,-20,250,-40,240,-20" /><INIT seed="3,0,0,4,0,23" ten="320,250,210,220" oya="3" hai0="124,120,37,58,10,9,57,78,1,74,66,44,19" hai1="68,118,43,95,122,28,11,73,63,56,3,83,77" hai2="59,102,49,17,84,32,111,134,119,110,30,62,53" hai3="94,0,51,129,40,45,21,76,69,97,38,5,33"/><W64/><G129/><T35/><D120/><U16/><E68/><V55/><F134/><W88/><G33/><T13/><D35/><U101/><E122/><V2/><F119/><W100/><G76/><T105/><D105/><U89/><E118/><V46/><F2/><W109/><G109/><N who="2" m="41481" /><F102/><W6/><G38/><T61/><D124/><U36/><E28/><V121/><F121/><W18/><G0/><T135/><D135/><U42/><E101/><V117/><F117/><W80/><G64/><T115/><D115/><U82/><E82/><V71/><F71/><W79/><G69/><T4/><D74/><U8/><E8/><V133/><F133/><W108/><G108/><T131/><D78/><U87/><E36/><V75/><F75/><W12/><REACH who="3" step="1"/><G100/><REACH who="3" ten="320,250,210,210" step="2"/><T39/><D131/><U106/><E3/><V90/><F17/><W103/><G103/><T27/><D39/><U98/><E73/><AGARI ba="0,1" hai="5,6,12,18,21,40,45,51,73,79,80,88,94,97" machi="73" ten="30,5800,0" yaku="1,1,7,1,54,1,53,0" doraHai="23" doraHaiUra="22" who="3" fromWho="1" sc="320,0,250,-58,210,0,210,68" /><INIT seed="3,1,0,4,0,134" ten="320,192,210,278" oya="3" hai0="68,91,4,76,65,117,97,1,60,49,116,58,104" hai1="99,51,121,64,25,42,32,71,107,108,10,52,72" hai2="37,83,112,93,86,92,90,50,8,120,113,89,75" hai3="96,125,94,130,132,63,48,111,66,31,0,6,124"/><W14/><G132/><T5/><D76/><U101/><E121/><V114/><F37/><W70/><G130/><T73/><D73/><U109/><E72/><V39/><F39/><W9/><G111/><N who="1" m="42570" /><E42/><V54/><F120/><W43/><G31/><T103/><D91/><U26/><E32/><V98/><F8/><W11/><G48/><T33/><D33/><U106/><E106/><V38/><F38/><W123/><G123/><T126/><D126/><N who="3" m="48745" /><G43/><T127/><D127/><U105/><E105/><V81/><REACH who="2" step="1"/><F75/><REACH who="2" ten="320,192,200,278" step="2"/><W57/><G11/><T102/><D117/><U133/><E133/><V27/><F27/><W12/><G70/><T77/><D116/><U85/><E10/><V40/><F40/><W21/><G21/><T129/><D129/><U28/><E28/><V23/><F23/><W13/><G0/><T88/><D1/><U78/><E26/><V2/><F2/><W35/><G35/><T29/><D68/><U47/><E25/><V56/><AGARI ba="1,1" hai="50,54,56,81,83,86,89,90,92,93,98,112,113,114" machi="56" ten="30,4000,0" yaku="1,1,0,1,53,1" doraHai="134" doraHaiUra="53" who="2" fromWho="2" sc="320,-11,192,-11,200,53,278,-21" owari="309,41.0,181,-32.0,253,-15.0,257,6.0" /></mjloggm>