<mjloggm ver="2.3"><GO type="41" lobby="0"/><UN n0="%E3%80%93%E6%9A%81%E7%B4%80%E3%80%93" n1="%E5%9C%B0%E7%8D%84%E3%81%AE%E9%9B%80%E9%AC%BC" n2="%E5%B0%B1%E6%B4%BB%E7%94%9F%40%E5%B7%9D%E6%9D%91%E8%BB%8D%E5%9B%A3" n3="%E6%AC%A1%E5%85%83%E5%B9%B2%E6%B8%89" dan="15,13,15,15" rate="2007.41,1926.89,2037.50,2081.49" sx="M,M,M,M"/><TAIKYOKU oya="0"/><INIT seed="0,0,0,1,5,46" ten="250,250,250,250" oya="0" hai0="124,120,107,133,72,14,22,93,62,122,16,135,105" hai1="79,96,131,65,41,119,63,48,111,23,77,42,113" hai2="5,78,88,54,112,121,123,67,71,92,68,86,102" hai3="115,99,49,58,24,108,4,118,20,129,51,70,114"/><T50/><D72/><U84/><E119/><V31/><F112/><W43/><G70/><T39/><D39/><U36/><E36/><V97/><F78/><W66/><G118/><T17/><D62/><U117/><E117/><V35/><F5/><W15/><G129/><T130/><D130/><U32/><E32/><V74/><F74/><W89/><G108/><T134/><D93/><U27/><E113/><V85/><F85/><W8/><G115/><T90/><D90/><U83/><E111/><V21/><F71/><W19/><G43/><T95/><D95/><U100/><E131/><V47/><F21/><W11/><G11/><N who="0" m="6239" /><D50/><N who="3" m="18953" /><G114/><T126/><D107/><U3/><E3/><V52/><F47/><W1/><G1/><T33/><D33/><U91/><E42/><V40/><F40/><W128/><G128/><T87/><D87/><U53/><E41/><V18/><F18/><W132/><G132/><T75/><D75/><U64/><E65/><V98/><F123/><N who="0" m="47146" /><D105/><U82/><E83/><V73/><F121/><W26/><G26/><AGARI ba="0,0" hai="17,22,26,124,126,133,134,135" m="47146,6239" machi="26" ten="40,12000,1" yaku="20,1,34,2,54,1" doraHai="46" who="0" fromWho="3" sc="250,120,250,0,250,0,250,-120" /><INIT seed="0,1,0,1,3,86" ten="370,250,250,130" oya="0" hai0="11,62,6,39,26,109,78,103,3,126,67,75,14" hai1="59,30,46,0,21,47,76,51,101,45,91,43,13" hai2="69,79,97,88,57,63,105,4,8,132,118,22,71" hai3="53,38,120,37,19,55,48,81,50,2,127,89,1"/><T35/><D39/><U16/><E0/><V73/><F118/><W129/><G127/><T77/><D126/><U25/><E101/><V108/><F108/><W66/><G129/><T36/><D36/><U64/><E76/><V31/><F132/><W10/><G120/><T56/><D109/><U20/><E64/><V114/><F114/><W33/><G33/><T7/><D75/><U133/><E133/><V124/><F124/><W72/><G66/><T134/><D134/><U29/><E29/><V135/><F135/><W112/><G112/><T49/><D103/><U52/><REACH who="1" step="1"/><E91/><REACH who="1" ten="370,240,250,130" step="2"/><V122/><F79/><W42/><G1/><T117/><D78/><U102/><E102/><V90/><F122/><W17/><G72/><T24/><D24/><U93/><E93/><V125/><F73/><W115/><G115/><T18/><D26/><U107/><E107/><V119/><F125/><W121/><G121/><T15/><D3/><U74/><E74/><V87/><F119/><W54/><G2/><T32/><D77/><U23/><E23/><V131/><F105/><W41/><G81/><T82/><D32/><U28/><E28/><V40/><F131/><W94/><G89/><T9/><D35/><U34/><E34/><V130/><F130/><W128/><G94/><T12/><D117/><U58/><E58/><V70/><F97/><W83/><G83/><T84/><D82/><U92/><E92/><V113/><F113/><W80/><G80/><T110/><D110/><U100/><E100/><V123/><F123/><W116/><G128/><T96/><D96/><U44/><E44/><RYUUKYOKU ba="1,1" sc="370,-10,240,30,250,-10,130,-10" hai1="13,16,20,21,25,30,43,45,46,47,51,52,59" /><INIT seed="1,2,1,5,1,44" ten="360,270,240,120" oya="1" hai0="47,95,98,36,59,128,118,51,9,68,71,60,102" hai1="29,94,79,106,15,132,109,83,104,107,11,74,78" hai2="120,91,42,20,86,24,113,13,127,114,27,87,19" hai3="89,134,99,17,121,55,41,53,96,1,45,14,61"/><U33/><E33/><V76/><F120/><W3/><G121/><T111/><D118/><U97/><E29/><V28/><F127/><W54/><G134/><T130/><D111/><U0/><E0/><V125/><F125/><W93/><G99/><T77/><D77/><U126/><E126/><V124/><F124/><W49/><REACH who="3" step="1"/><G61/><REACH who="3" ten="360,270,240,110" step="2"/><T80/><D130/><U30/><E132/><V2/><F113/><W52/><N who="3" m="13824" /><DORA hai="84" /><W6/><G6/><T122/><D128/><U57/><E109/><V72/><F114/><W5/><G5/><T123/><D60/><U46/><E30/><V73/><F42/><W117/><G117/><T35/><D98/><U82/><E46/><V25/><F28/><W22/><AGARI ba="2,2" hai="1,3,14,17,22,41,45,49,89,93,96" m="13824" machi="22" ten="40,8000,1" yaku="1,1,0,1,52,2,54,1,53,0" doraHai="44,84" doraHaiUra="119,66" who="3" fromWho="3" sc="360,-22,270,-42,240,-22,110,106" /><INIT seed="2,0,0,4,2,86" ten="338,228,218,216" oya="2" hai0="26,34,126,54,8,98,40,66,56,123,110,39,105" hai1="6,80,44,32,111,114,127,46,12,132,79,29,83" hai2="13,27,7,22,122,104,128,101,15,118,99,100,63" hai3="129,41,68,87,25,58,97,0,69,125,134,74,81"/><V113/><F118/><W57/><G0/><T117/><D117/><U115/><E111/><V130/><F122/><W133/><G74/><T19/><D123/><U135/><E32/><V71/><F113/><N who="1" m="43017" /><E29/><V3/><F3/><W85/><G125/><T95/><D126/><U60/><E60/><V82/><F101/><W119/><G119/><T18/><D105/><U48/><E127/><V73/><F7/><W59/><G41/><T24/><D66/><U47/><E48/><V91/><F71/><W45/><G45/><T89/><D110/><U14/><E6/><V116/><F63/><W70/><G129/><N who="2" m="49769" /><F116/><W38/><G38/><T131/><D131/><U52/><E79/><N who="2" m="44399" /><F91/><N who="3" m="51631" /><G87/><T78/><D78/><U77/><E77/><V55/><F55/><W96/><G25/><T62/><D24/><U37/><E52/><V21/><F21/><W67/><G67/><T31/><D8/><U9/><E37/><V2/><F2/><W30/><G30/><AGARI ba="0,0" hai="13,15,22,27,30,99,100,104" m="44399,49769" machi="30" ten="30,1500,0" yaku="19,1" doraHai="86" who="2" fromWho="3" sc="338,0,228,0,218,15,216,-15" /><INIT seed="2,1,0,0,0,32" ten="338,228,233,201" oya="2" hai0="91,34,29,2,76,6,82,3,102,90,35,0,109" hai1="81,69,80,42,121,115,60,20,31,89,40,16,46" hai2="58,39,72,68,96,50,49,134,85,93,86,55,116" hai3="114,18,125,19,56,126,47,84,130,111,75,83,104"/><V30/><F68/><W54/><G104/><T17/><D109/><U133/><E115/><V41/><F72/><W64/><G75/><T112/><D112/><U36/><E31/><V101/><F116/><W26/><G114/><T43/><D43/><U127/><E121/><V38/><F134/><W94/><G111/><T53/><D102/><U4/><E4/><V98/><F30/><W1/><G130/><T62/><D29/><U97/><E133/><V15/><F96/><W135/><G64/><T103/><D103/><U12/><E127/><V77/><F49/><W59/><G94/><T5/><D17/><U48/><E36/><V123/><F123/><W87/><G47/><T117/><D117/><U8/><E42/><V92/><F41/><W108/><G108/><T132/><D132/><U65/><E8/><V119/><F119/><W25/><G83/><T95/><D35/><U107/><E107/><V10/><F92/><W120/><G54/><T79/><D34/><U9/><E9/><V21/><F21/><W28/><G135/><T61/><D3/><U74/><E74/><V52/><F55/><W131/><G28/><T128/><D128/><U67/><E67/><V105/><F85/><W44/><G44/><T7/><D7/><U110/><E110/><V71/><F71/><W99/><G131/><T33/><D33/><U27/><E27/><V66/><F66/><W124/><G124/><T106/><D106/><U14/><E14/><V45/><F45/><W11/><G120/><T63/><D6/><U73/><E73/><V113/><F113/><W24/><G126/><RYUUKYOKU ba="1,0" sc="338,-10,228,30,233,-10,201,-10" hai1="12,16,20,40,46,48,60,65,69,80,81,89,97" /><INIT seed="3,2,0,0,3,5" ten="328,258,223,191" oya="3" hai0="58,3,54,39,95,74,48,55,91,103,56,70,15" hai1="20,8,57,38,87,99,98,32,82,60,83,80,26" hai2="104,77,67,114,130,47,52,92,66,19,101,135,10" hai3="107,11,79,21,108,131,28,12,121,24,31,43,111"/><W46/><G107/><T0/><D39/><U88/><E38/><V124/><F104/><W23/><G121/><T90/><D70/><U113/><E32/><V75/><F114/><W64/><G64/><N who="2" m="24617" /><F75/><W109/><G79/><T134/><D134/><U85/><E113/><V84/><F135/><W61/><G61/><T40/><D40/><U17/><E8/><V53/><F130/><W25/><G46/><T127/><D127/><U89/><REACH who="1" step="1"/><E82/><REACH who="1" ten="328,248,223,191" step="2"/><N who="2" m="47183" /><F124/><W72/><G43/><T76/><D0/><U22/><E22/><V69/><F69/><W102/><G72/><T2/><D3/><U50/><E50/><V110/><F110/><W18/><REACH who="3" step="1"/><G102/><REACH who="3" ten="328,248,223,181" step="2"/><T37/><D103/><U62/><E62/><V132/><F132/><W16/><G16/><T45/><D37/><U7/><E7/><V4/><F4/><W29/><G29/><T97/><D74/><U133/><E133/><V96/><F47/><W115/><G115/><T36/><D45/><U13/><E13/><AGARI ba="2,2" hai="10,13,19,52,53,92,96,101" m="47183,24617" machi="13" ten="30,3900,0" yaku="8,1,52,1,54,1" doraHai="5" who="2" fromWho="1" sc="328,0,248,-45,223,65,181,0" /><INIT seed="4,0,0,5,1,99" ten="328,203,288,181" oya="0" hai0="85,121,55,1,101,56,126,133,58,27,74,95,122" hai1="81,134,89,13,61,92,117,33,28,15,60,18,26" hai2="111,129,4,17,123,57,23,72,32,59,76,62,24" hai3="66,12,132,65,90,87,83,44,69,64,37,82,35"/><T14/><D74/><U131/><E117/><V130/><F111/><W91/><G132/><T48/><D1/><U54/><E134/><V124/><F123/><W38/><G35/><T75/><D75/><U31/><E131/><N who="2" m="50187" /><F124/><W30/><G30/><T7/><D133/><U120/><E120/><V41/><F32/><W113/><G113/><T40/><D126/><U16/><E81/><N who="2" m="45191" /><F41/><W34/><G34/><T68/><D68/><U118/><E118/><V42/><F42/><W36/><G69/><T11/><D40/><U63/><E31/><V20/><F4/><W86/><G12/><T46/><D27/><U29/><E29/><N who="2" m="17543" /><F62/><W108/><G44/><T84/><D122/><U25/><E26/><AGARI ba="0,0" hai="17,23,26,57,59" m="17543,45191,50187" machi="26" ten="30,1000,0" yaku="19,1" doraHai="99" who="2" fromWho="1" sc="328,0,203,-10,288,10,181,0" /><INIT seed="5,0,0,2,2,51" ten="328,193,298,181" oya="1" hai0="129,78,130,116,102,112,77,39,43,84,11,104,50" hai1="118,27,61,126,103,62,86,21,106,92,10,83,87" hai2="82,97,6,14,123,113,91,49,24,40,99,3,128" hai3="108,46,34,4,16,9,13,63,69,33,75,64,48"/><U57/><E118/><V98/><F3/><W30/><G75/><T89/><D116/><U54/><E106/><V58/><F123/><W134/><G134/><T101/><D39/><U88/><E126/><V36/><F36/><W20/><G108/><T1/><D43/><U110/><E110/><V105/><F128/><N who="0" m="49258" /><D112/><U109/><E109/><V117/><F117/><W31/><G34/><T81/><D50/><U0/><E0/><V122/><F122/><W96/><G96/><N who="0" m="61479" /><D102/><U133/><E133/><V47/><F105/><W12/><REACH who="3" step="1"/><G33/><REACH who="3" ten="328,193,298,171" step="2"/><T124/><D124/><U52/><E10/><N who="2" m="4439" /><F113/><W28/><G28/><T135/><D135/><U32/><E32/><V76/><F99/><W2/><G2/><T94/><D1/><U115/><E115/><V22/><F98/><W107/><G107/><T114/><D114/><U90/><E103/><V72/><F97/><W121/><G121/><T41/><D41/><AGARI ba="0,1" hai="4,9,12,13,16,20,30,31,41,46,48,63,64,69" machi="41" ten="30,3900,0" yaku="1,1,7,1,54,1,53,0" doraHai="51" doraHaiUra="120" who="3" fromWho="0" sc="328,-39,193,0,298,0,171,49" /><INIT seed="6,0,0,5,2,115" ten="289,193,298,220" oya="2" hai0="6,119,95,113,24,110,50,107,59,84,73,55,44" hai1="28,0,99,46,58,60,80,131,122,16,26,100,74" hai2="41,27,11,82,111,79,52,57,13,33,94,56,23" hai3="2,92,65,31,49,114,93,5,124,102,132,135,1"/><V123/><F33/><W51/><G31/><T129/><D119/><U25/><E0/><V61/><F111/><W75/><G75/><T10/><D113/><U126/><E122/><V21/><F123/><W90/><G114/><T81/><D110/><U108/><E108/><V69/><F69/><W48/><G65/><T54/><D129/><U72/><E126/><V47/><F94/><W101/><G124/><T77/><D107/><U64/><E131/><V29/><F57/><W14/><G14/><T22/><D95/><N who="3" m="36425" /><G90/><T40/><D73/><U76/><E46/><V36/><F23/><W127/><G5/><T15/><REACH who="0" step="1"/><D59/><REACH who="0" ten="279,193,298,220" step="2"/><U78/><E74/><V39/><F39/><W7/><G127/><T86/><D86/><U121/><E121/><V17/><F82/><W53/><G7/><T8/><D8/><U20/><E78/><V32/><F79/><W4/><G4/><T37/><D37/><U134/><E134/><N who="3" m="51242" /><G53/><T3/><D3/><AGARI ba="0,1" hai="1,2,3,48,49,51,101,102" m="51242,36425" machi="3" ten="40,5200,0" yaku="28,2,20,1" doraHai="115" who="3" fromWho="0" sc="279,-52,193,0,298,0,220,62" /><INIT seed="7,0,0,4,4,4" ten="227,193,298,282" oya="3" hai0="100,80,74,115,55,106,87,18,107,73,117,41,97" hai1="56,1,21,54,48,102,69,27,63,11,84,45,47" hai2="131,125,126,25,43,50,121,3,90,64,35,76,24" hai3="108,82,109,129,91,38,57,9,30,60,13,58,85"/><W133/><G133/><T114/><D41/><U101/><E69/><V34/><F3/><W7/><G129/><T68/><D68/><U113/><E113/><N who="0" m="43017" /><D55/><U98/><E47/><N who="2" m="25983" /><F121/><W78/><G38/><T39/><D18/><U46/><E45/><V42/><F76/><W19/><G30/><T12/><D12/><U44/><E46/><V77/><F77/><W103/><G103/><N who="0" m="62831" /><D39/><U0/><E84/><V66/><F90/><W75/><G7/><T59/><D59/><U53/><E11/><V127/><F42/><W70/><G70/><T16/><D16/><U26/><E102/><V33/><F131/><W93/><REACH who="3" step="1"/><G58/><REACH who="3" ten="227,193,298,272" step="2"/><T89/><D117/><U88/><E27/><AGARI ba="0,1" hai="24,25,27,33,34,35,64,66,125,126,127" m="25983" machi="27" ten="40,1300,0" yaku="18,1" doraHai="4" who="2" fromWho="1" sc="227,0,193,-13,298,23,272,0" owari="227,-17.0,180,-32.0,321,42.0,272,7.0" /></mjloggm>