<mjloggm ver="2.3"><GO type="97" lobby="0"/><UN n0="%E3%82%AF%E3%83%AC%E3%82%A2" n1="%E5%B0%8F%E3%81%95%E3%81%98%E2%99%AA" n2="%E7%B6%99%E6%8E%A5%E3%82%AD%E3%83%A1%E3%83%A9" n3="%E3%82%A6%E3%83%AB%E3%83%88%E3%83%A9%E7%AB%8B%E7%9B%B4" dan="14,14,13,13" rate="1919.43,1896.53,1968.14,1854.76" sx="M,M,M,M"/><TAIKYOKU oya="0"/><INIT seed="0,0,0,5,2,86" ten="250,250,250,250" oya="0" hai0="112,53,104,24,117,6,115,67,126,0,114,5,14" hai1="45,128,107,52,26,38,31,84,62,75,76,125,127" hai2="48,108,119,17,61,27,25,129,68,63,55,90,102" hai3="121,130,33,21,10,59,77,71,131,69,16,120,37"/><T41/><D104/><U8/><E107/><V44/><F108/><W40/><G33/><T1/><D41/><U81/><E128/><N who="3" m="49194" /><G10/><T122/><D67/><U66/><E8/><V30/><F129/><W106/><G106/><T43/><D43/><U96/><E96/><V12/><F102/><W79/><G59/><T23/><D14/><U87/><E38/><V56/><F68/><N who="3" m="26187" /><G40/><T54/><D122/><N who="3" m="47209" /><G37/><T60/><D126/><N who="1" m="48139" /><E66/><V92/><F119/><W101/><G101/><T91/><D117/><U95/><E95/><V123/><F123/><W99/><G99/><T111/><D111/><U57/><E45/><V73/><F73/><W70/><N who="3" m="26195" /><W74/><DORA hai="116" /><G74/><T20/><D115/><U50/><E62/><V28/><F63/><W80/><G80/><T4/><D4/><U42/><E42/><V103/><F103/><W82/><G82/><T58/><D60/><U29/><E29/><V18/><F30/><W64/><G64/><T15/><D58/><U85/><E75/><V132/><F28/><W35/><G35/><AGARI ba="0,0" hai="26,31,35,50,52,57,76,81,84,85,87" m="48139" machi="35" ten="30,2000,0" yaku="18,1,54,1" doraHai="86,116" who="1" fromWho="3" sc="250,0,250,20,250,0,250,-20" /><INIT seed="1,0,0,4,5,98" ten="250,270,250,230" oya="1" hai0="67,66,53,103,5,77,43,13,93,118,18,34,27" hai1="21,38,90,24,28,82,108,133,115,101,10,39,37" hai2="64,105,48,9,1,2,100,40,128,54,26,29,12" hai3="95,109,116,25,75,19,102,111,45,23,7,36,72"/><U47/><E115/><V114/><F128/><W129/><G7/><T134/><D118/><U87/><E133/><V32/><F64/><W17/><G17/><T94/><D134/><U20/><E108/><N who="3" m="41546" /><G129/><T91/><D77/><U126/><E126/><V122/><F40/><N who="3" m="22663" /><G116/><T68/><D34/><U117/><E117/><V57/><F122/><W42/><G42/><T113/><D43/><U85/><E10/><V83/><F83/><W69/><G69/><T55/><D68/><U3/><E3/><V104/><F104/><W124/><G124/><T58/><D5/><U0/><E0/><V70/><F70/><W96/><AGARI ba="0,0" hai="19,23,25,72,75,95,96,102" m="22663,41546" machi="96" ten="30,2000,0" yaku="14,1,52,1" doraHai="98" who="3" fromWho="3" sc="250,-5,270,-10,250,-5,230,20" /><INIT seed="2,0,0,2,0,90" ten="245,260,245,250" oya="2" hai0="134,132,16,24,4,135,69,126,105,73,37,61,38" hai1="130,119,99,18,82,91,55,89,48,107,128,111,51" hai2="7,118,32,110,62,56,86,59,115,15,127,106,52" hai3="77,70,9,129,50,17,30,49,116,109,40,0,2"/><V58/><F115/><W74/><G70/><T80/><D105/><U121/><E119/><V57/><F106/><W44/><G116/><T66/><D4/><U72/><E121/><V12/><F32/><W8/><G30/><T41/><D41/><U25/><E111/><V28/><F118/><W94/><G77/><N who="0" m="44079" /><D126/><U27/><E91/><V26/><F127/><W125/><G74/><T101/><D101/><U3/><E3/><V6/><F86/><W45/><G125/><T21/><AGARI ba="0,0" hai="16,21,24,37,38,61,66,69,132,134,135" m="44079" machi="21" ten="40,2700,0" yaku="20,1,54,1" doraHai="90" who="0" fromWho="0" sc="245,27,260,-7,245,-13,250,-7" /><INIT seed="3,0,0,2,3,30" ten="272,253,232,243" oya="3" hai0="47,128,129,94,35,135,13,114,81,33,39,132,15" hai1="91,84,115,50,133,80,75,105,26,56,85,76,1" hai2="37,100,17,63,31,51,73,24,98,112,74,34,60" hai3="103,69,90,130,89,88,78,19,64,23,8,25,120"/><W46/><G120/><T95/><D81/><U65/><E1/><V59/><F37/><W72/><G130/><N who="0" m="50283" /><D114/><U108/><E115/><V111/><F111/><W71/><G72/><T18/><D47/><U83/><E108/><V97/><F112/><W16/><G69/><T11/><D15/><U106/><E133/><N who="0" m="51273" /><D39/><U20/><E85/><V38/><F38/><W2/><G71/><T77/><D77/><U70/><E70/><V7/><F7/><W99/><G2/><T66/><D66/><U4/><E4/><V123/><F123/><W36/><G64/><T62/><D62/><U125/><E125/><V55/><F97/><W67/><G67/><T12/><D12/><U49/><E49/><V5/><F5/><W48/><G36/><T109/><D109/><U131/><E131/><V134/><F134/><W127/><G127/><T40/><D40/><U9/><E9/><V28/><F28/><N who="3" m="17471" /><G8/><T27/><D27/><U10/><E10/><V42/><F17/><W117/><G78/><T86/><D86/><U29/><REACH who="1" step="1"/><E50/><REACH who="1" ten="272,243,232,243" step="2"/><V82/><F82/><W3/><G3/><T113/><D113/><U124/><E124/><V53/><F73/><W101/><G117/><T32/><AGARI ba="0,1" hai="11,13,18,32,33,35,94,95" m="51273,50283" machi="32" ten="40,8000,1" yaku="19,1,20,1,52,3" doraHai="30" who="0" fromWho="0" sc="272,90,243,-20,232,-20,243,-40" owari="362,47.0,223,2.0,212,-19.0,203,-30.0" /></mjloggm>