<mjloggm ver="2.3"><GO type="97" lobby="0"/><UN n0="%E3%83%9E%E3%83%BC%E3%83%9C%E3%82%A6" n1="%E3%81%AF%E3%82%93%E3%81%8E%E3%82%83%E3%81%8F%EF%BC%91" n2="%E5%B0%B1%E6%B4%BB%E7%94%9F%40%E5%B7%9D%E6%9D%91%E8%BB%8D%E5%9B%A3" n3="%E3%81%8D%E3%82%8C%E3%81%BE%E3%81%99%E3%82%88" dan="15,14,14,16" rate="1931.60,1896.32,1963.52,2039.27" sx="M,M,M,M"/><TAIKYOKU oya="0"/><INIT seed="0,0,0,0,1,46" ten="250,250,250,250" oya="0" hai0="26,111,130,12,94,53,75,115,92,135,98,78,30" hai1="91,50,132,68,62,121,109,122,106,54,41,89,31" hai2="82,134,117,28,4,93,39,133,108,100,45,80,83" hai3="127,107,123,34,61,14,71,38,64,96,35,114,125"/><T119/><D115/><U70/><E106/><V19/><F4/><W7/><G114/><T23/><D119/><U43/><E31/><V66/><F66/><W51/><G123/><N who="1" m="47114" /><E91/><V13/><F28/><W44/><G38/><T16/><D130/><U21/><E89/><V20/><F117/><W33/><G107/><T18/><D135/><N who="2" m="51722" /><F108/><W126/><G96/><T76/><D111/><U10/><E21/><V129/><F129/><W67/><G64/><T40/><D40/><N who="1" m="15435" /><E10/><V52/><F39/><W27/><G27/><T32/><D75/><U73/><E73/><V60/><F100/><W69/><G7/><T37/><D37/><U72/><E72/><V102/><F102/><W56/><G14/><T63/><D18/><U5/><E5/><V101/><F93/><W103/><G103/><T0/><D0/><U9/><E9/><V58/><F101/><W99/><G99/><T95/><REACH who="0" step="1"/><D98/><REACH who="0" ten="240,250,250,250" step="2"/><U104/><E104/><V87/><F87/><W3/><G3/><T22/><D22/><U1/><E1/><V113/><F113/><W2/><G2/><T81/><D81/><U36/><E36/><V49/><F83/><W97/><G97/><T47/><D47/><N who="1" m="27999" /><E132/><V110/><F110/><W112/><G112/><T116/><D116/><U6/><E109/><V118/><F118/><W105/><G105/><T29/><D29/><U57/><E6/><V42/><AGARI ba="0,1" hai="13,19,20,42,45,49,52,58,60,80,82" m="51722" machi="42" ten="30,4000,0" yaku="20,1,52,1,54,1" doraHai="46" who="2" fromWho="2" sc="240,-20,250,-10,250,50,250,-10" /><INIT seed="1,0,0,2,1,15" ten="220,240,300,240" oya="1" hai0="45,90,68,99,37,40,72,105,116,117,67,87,130" hai1="33,129,127,123,16,44,59,125,28,54,4,115,110" hai2="103,66,121,10,51,0,108,34,73,50,5,42,97" hai3="122,53,112,82,114,30,111,48,70,18,9,119,92"/><U7/><E123/><V49/><F108/><W57/><G70/><T134/><D134/><U23/><E110/><V107/><F121/><W35/><G111/><T101/><D130/><U128/><E115/><V47/><F34/><W132/><G122/><T27/><D72/><U126/><E28/><V11/><F73/><W135/><G119/><T62/><REACH who="0" step="1"/><D27/><REACH who="0" ten="210,240,300,240" step="2"/><N who="1" m="14823" /><E33/><V95/><F107/><W55/><G35/><T36/><D36/><U17/><E44/><V94/><F94/><AGARI ba="0,1" hai="37,40,45,62,67,68,87,90,94,99,101,105,116,117" machi="94" ten="30,2000,0" yaku="1,1,7,1,53,0" doraHai="15" doraHaiUra="12" who="0" fromWho="2" sc="210,30,240,0,300,-20,240,0" /><INIT seed="2,0,0,0,2,24" ten="240,240,280,240" oya="2" hai0="6,99,5,21,104,54,16,60,74,7,131,111,8" hai1="95,116,72,43,38,90,71,53,36,0,96,18,89" hai2="87,108,34,64,3,110,97,70,115,76,67,119,55" hai3="128,91,125,94,135,37,121,66,122,93,48,2,103"/><V82/><F119/><W14/><G37/><T79/><D111/><N who="2" m="42538" /><F3/><W4/><G2/><T123/><D123/><U68/><E116/><V132/><F132/><W27/><G135/><T129/><D8/><U44/><E38/><V1/><F1/><W102/><G66/><N who="2" m="25129" /><F70/><W51/><G128/><N who="0" m="49227" /><D79/><U23/><E0/><V10/><F34/><W112/><G112/><T65/><D74/><U126/><E72/><V77/><F115/><W118/><G118/><T134/><D134/><U12/><E126/><V127/><F127/><W13/><G125/><T62/><D54/><U59/><REACH who="1" step="1"/><E90/><REACH who="1" ten="240,230,280,240" step="2"/><V88/><F10/><W109/><G91/><T85/><D65/><U83/><E83/><V20/><F20/><W52/><G109/><T73/><D21/><U56/><E56/><V98/><F76/><W69/><G69/><T35/><D73/><U133/><E133/><V114/><F114/><W41/><G122/><T124/><D124/><U42/><E42/><V75/><F55/><W47/><G121/><T113/><D113/><U86/><E86/><V120/><F120/><W26/><G41/><T101/><D85/><U57/><E57/><V28/><F75/><W92/><G52/><T19/><D35/><U11/><E11/><V31/><F98/><W46/><G47/><T107/><D99/><U50/><AGARI ba="0,1" hai="12,18,23,36,43,44,50,53,59,68,71,89,95,96" machi="50" ten="20,2700,0" yaku="1,1,0,1,7,1,53,0" doraHai="24" doraHaiUra="130" who="1" fromWho="1" sc="240,-7,230,37,280,-13,240,-7" /><INIT seed="3,0,0,2,2,13" ten="233,267,267,233" oya="3" hai0="118,119,48,129,93,39,71,26,101,127,9,124,16" hai1="18,25,37,76,107,33,29,72,14,95,83,132,38" hai2="74,104,125,112,0,20,7,2,82,66,35,123,43" hai3="84,42,28,15,128,91,69,63,109,22,89,130,103"/><W90/><G103/><T54/><D39/><U108/><E107/><V17/><F35/><W3/><G3/><T5/><D71/><U134/><E108/><V133/><F104/><W10/><G109/><T59/><D129/><N who="3" m="49769" /><G42/><T131/><D131/><U88/><E132/><V115/><F123/><W1/><G1/><N who="0" m="175" /><D93/><U24/><E24/><V86/><F74/><W114/><G114/><T27/><D101/><U92/><E92/><V105/><F133/><W97/><G97/><T46/><D59/><U113/><E113/><V40/><F105/><W53/><G22/><N who="0" m="13639" /><D27/><U52/><E52/><V6/><F66/><N who="3" m="41183" /><G28/><T122/><D122/><U79/><E134/><V102/><F102/><W58/><G84/><T106/><D106/><U41/><E41/><V135/><F135/><W62/><G90/><T23/><D23/><U49/><E79/><V100/><F100/><W55/><G53/><T110/><D110/><U19/><E49/><V117/><F43/><W85/><G85/><T61/><D61/><U78/><E78/><V51/><F40/><W65/><G55/><T116/><D116/><U98/><E38/><V32/><F117/><W68/><G68/><T11/><D11/><N who="1" m="6495" /><E37/><V8/><F86/><W111/><G111/><T94/><D94/><U31/><E33/><V60/><F32/><W96/><G96/><T36/><D36/><U4/><E72/><V67/><F112/><W44/><G44/><T30/><D119/><U99/><E99/><V45/><F115/><W77/><G77/><T120/><D118/><U21/><E4/><AGARI ba="0,0" hai="4,10,15,58,62,65,89,91" m="41183,49769" machi="4" ten="30,1500,0" yaku="19,1" doraHai="13" who="3" fromWho="1" sc="233,0,267,-15,267,0,233,15" /><INIT seed="3,1,0,0,5,102" ten="233,252,267,248" oya="3" hai0="131,82,6,42,36,70,58,20,113,48,121,11,85" hai1="43,93,9,29,56,77,92,53,76,2,7,46,14" hai2="98,55,41,44,94,100,5,99,110,37,64,133,71" hai3="123,95,47,63,126,49,120,10,27,59,118,17,87"/><W91/><G118/><T75/><D121/><U69/><E69/><V89/><F110/><W127/><G47/><T65/><D75/><U97/><E29/><V78/><F133/><W50/><G120/><T90/><D131/><U24/><E24/><V132/><F132/><W104/><G104/><T8/><D113/><U111/><E2/><V67/><F78/><W54/><G123/><T51/><D70/><U103/><E93/><V135/><F135/><W16/><G10/><T40/><D36/><U84/><E84/><V119/><F119/><W86/><G87/><T96/><D96/><U130/><E130/><V35/><F35/><W1/><G1/><T3/><D20/><U128/><E111/><V122/><F122/><W22/><REACH who="3" step="1"/><G17/><REACH who="3" ten="233,252,267,238" step="2"/><T21/><D3/><U0/><E0/><V61/><F5/><W15/><G15/><T105/><D105/><U112/><E128/><V83/><F98/><W73/><G73/><T124/><D6/><U80/><E112/><V4/><F4/><W13/><G13/><T32/><D11/><U88/><E14/><V79/><F99/><W33/><G33/><T57/><D32/><U101/><E9/><V25/><F44/><W109/><G109/><T18/><D8/><U52/><E7/><V28/><F28/><W117/><G117/><T125/><D18/><U45/><E45/><V68/><F37/><W108/><G108/><T34/><D34/><U134/><E103/><V23/><F23/><W62/><G62/><T114/><D21/><U74/><E134/><V106/><F61/><W26/><G26/><T72/><D114/><RYUUKYOKU ba="1,1" sc="233,-10,252,-10,267,-10,238,30" hai3="16,22,27,49,50,54,59,63,86,91,95,126,127" /><INIT seed="3,2,1,0,1,30" ten="223,242,257,268" oya="3" hai0="74,122,35,4,37,26,81,60,97,135,119,18,42" hai1="10,54,5,16,78,12,126,86,49,85,83,96,22" hai2="0,6,32,29,13,116,63,11,58,79,118,88,94" hai3="105,3,131,67,9,98,121,76,51,38,21,56,114"/><W28/><G121/><T19/><D119/><U73/><E126/><V71/><F71/><W107/><G38/><T17/><D122/><U55/><E96/><V53/><F79/><W99/><G114/><T128/><D4/><U1/><REACH who="1" step="1"/><E55/><REACH who="1" ten="223,232,257,268" step="2"/><V31/><F116/><W66/><G98/><T45/><D128/><U43/><E43/><V100/><F118/><W112/><G99/><T95/><D135/><U91/><E91/><V70/><F100/><W36/><G131/><T47/><D42/><U106/><E106/><V7/><F70/><W84/><G105/><T68/><D68/><U14/><E14/><V82/><F13/><W69/><G69/><T127/><D127/><U2/><E2/><V23/><F0/><W92/><G107/><T93/><D97/><U113/><E113/><V48/><F88/><W50/><G112/><T87/><D37/><U80/><E80/><V115/><F53/><W44/><G3/><T110/><D110/><U52/><E52/><V109/><F82/><W103/><G36/><T101/><D101/><U34/><E34/><V24/><F109/><W61/><G103/><T65/><D35/><U108/><E108/><V15/><F115/><W90/><G90/><N who="0" m="51567" /><D26/><U134/><E134/><V111/><F111/><W123/><G123/><T62/><D74/><U39/><E39/><V41/><F41/><W57/><G76/><T77/><D77/><U25/><E25/><V132/><F32/><W124/><G124/><T89/><D89/><U64/><E64/><N who="2" m="39031" /><F15/><W20/><G66/><T33/><D33/><U46/><AGARI ba="2,2" hai="1,5,10,12,16,22,46,49,54,73,78,83,85,86" machi="46" ten="20,5200,0" yaku="1,1,0,1,7,1,54,1,53,0" doraHai="30" doraHaiUra="59" who="1" fromWho="1" sc="223,-15,232,78,257,-15,268,-28" owari="208,-29.0,310,41.0,242,4.0,240,-16.0" /></mjloggm>