<mjloggm ver="2.3"><GO type="97" lobby="0"/><UN n0="%6B%61%6E%74%75%75" n1="%E4%B8%8B%E5%AE%B6%E3%81%AF%E3%82%B2%E3%82%A4" n2="%E3%82%A6%E3%83%AB%E3%83%88%E3%83%A9%E7%AB%8B%E7%9B%B4" n3="%E3%81%B5%E3%81%81%E3%81%AB%EF%BD%9E%E3%81%AB%E3%82%87" dan="15,13,15,15" rate="1963.54,1899.51,1994.06,1962.03" sx="M,M,M,M"/><TAIKYOKU oya="0"/><INIT seed="0,0,0,3,5,74" ten="250,250,250,250" oya="0" hai0="29,129,42,131,55,135,126,86,59,124,53,77,44" hai1="48,73,52,9,84,127,116,97,128,40,88,99,26" hai2="133,11,79,17,134,38,123,61,120,33,111,19,122" hai3="110,22,30,46,51,67,41,95,64,85,16,25,80"/><T28/><D135/><N who="2" m="51722" /><F38/><W98/><G30/><T72/><D72/><U89/><E116/><V105/><F105/><W82/><G110/><T109/><D109/><U100/><E73/><V81/><F111/><W36/><G36/><N who="0" m="21575" /><D28/><U32/><E128/><N who="0" m="49225" /><D29/><U13/><E127/><N who="0" m="48681" /><D59/><U65/><E32/><V20/><F33/><W63/><G85/><T115/><D115/><U83/><E26/><V56/><F11/><W54/><G82/><AGARI ba="0,0" hai="53,55,77,82,86" m="48681,49225,21575" machi="82" ten="30,5800,0" yaku="19,1,18,1,52,1" doraHai="74" who="0" fromWho="3" sc="250,58,250,0,250,0,250,-58" /><INIT seed="0,1,0,0,0,91" ten="308,250,250,192" oya="0" hai0="24,82,105,68,133,129,53,128,135,4,73,33,94" hai1="37,69,81,26,85,57,20,36,99,117,75,14,120" hai2="112,115,83,132,111,72,54,5,92,67,55,47,16" hai3="30,51,63,80,121,17,84,1,124,130,46,8,108"/><T109/><D105/><U61/><E69/><V9/><F67/><W45/><G30/><T103/><D68/><U66/><E75/><V31/><F31/><W87/><G108/><T113/><D113/><U35/><E35/><V56/><F111/><W49/><G130/><N who="0" m="50283" /><D109/><U126/><E126/><V122/><F132/><W27/><G124/><T10/><D53/><U15/><E120/><V43/><F122/><W48/><G121/><T65/><D65/><U96/><E117/><V38/><F55/><W70/><G27/><T71/><D71/><U42/><E37/><V104/><F104/><W123/><G123/><T107/><D107/><U58/><E42/><V23/><F56/><W29/><G29/><N who="0" m="19623" /><D82/><U118/><E36/><V100/><F54/><W3/><G80/><T25/><D73/><U18/><E58/><V41/><F41/><W90/><G70/><T0/><D25/><U40/><E40/><V19/><F112/><W114/><G114/><T89/><D103/><U59/><E59/><V97/><F23/><W102/><G102/><T11/><D11/><U21/><E118/><V64/><F64/><W88/><G8/><T77/><D77/><N who="1" m="46255" /><E15/><V60/><F60/><W86/><G46/><T101/><D101/><U22/><E21/><V125/><F125/><W34/><G45/><T12/><D0/><U62/><E62/><V6/><F115/><W95/><G63/><T79/><D79/><U93/><E93/><V76/><F5/><W44/><G44/><T13/><D13/><AGARI ba="1,0" hai="6,9,13,16,19,38,43,47,72,76,83,92,97,100" machi="13" ten="30,3900,0" yaku="7,1,52,1,54,1" doraHai="91" who="2" fromWho="0" sc="308,-42,250,0,250,42,192,0" /><INIT seed="1,0,0,5,3,67" ten="266,250,292,192" oya="1" hai0="49,34,80,38,52,0,104,20,66,86,3,65,40" hai1="5,77,111,2,39,47,18,133,58,61,113,12,4" hai2="101,24,6,62,94,132,29,59,64,60,79,91,100" hai3="108,83,9,55,98,70,92,74,120,121,99,128,126"/><U96/><E133/><V15/><F132/><W43/><G43/><T123/><D123/><U54/><E113/><V71/><F79/><N who="3" m="44535" /><G55/><T106/><D34/><U118/><E118/><V36/><F36/><W88/><G70/><T135/><D135/><U95/><E111/><V131/><F131/><W14/><G14/><T134/><D134/><U84/><E2/><V107/><F107/><W115/><G9/><T93/><D106/><U109/><E109/><V89/><F89/><W22/><G22/><T81/><D104/><U97/><E47/><V35/><F15/><W45/><G45/><T27/><D38/><U48/><E39/><V82/><F82/><N who="0" m="31850" /><D40/><U32/><E32/><V122/><F6/><W78/><G108/><T114/><D114/><U85/><E77/><V130/><F130/><W125/><G115/><T7/><D7/><U72/><E72/><V127/><F127/><N who="3" m="48651" /><G128/><T44/><D3/><U116/><E4/><V69/><F122/><N who="3" m="47211" /><G78/><T41/><D41/><U1/><E5/><V10/><F10/><W117/><G117/><T119/><D119/><U57/><E1/><V13/><F13/><W23/><G23/><T90/><D0/><U129/><E129/><V17/><F17/><AGARI ba="0,0" hai="17,20,27,44,49,52,65,66,86,90,93" m="31850" machi="17" ten="30,2000,0" yaku="8,1,54,1" doraHai="67" who="0" fromWho="2" sc="266,20,250,0,292,-20,192,0" /><INIT seed="2,0,0,4,1,111" ten="286,250,272,192" oya="2" hai0="31,112,32,53,10,74,68,3,110,79,97,56,7" hai1="60,77,48,27,62,52,29,128,28,108,72,116,34" hai2="9,71,114,1,105,124,36,14,122,66,103,55,126" hai3="115,40,50,129,119,19,16,41,96,109,127,100,64"/><V35/><F36/><W86/><G119/><T75/><D112/><U61/><E116/><V0/><F66/><W49/><G109/><T135/><D68/><U88/><E108/><V83/><F71/><W18/><G129/><T134/><D110/><U107/><E107/><V63/><F103/><W93/><G127/><N who="2" m="48681" /><F105/><W76/><G64/><T12/><D3/><N who="2" m="1098" /><F35/><W98/><G115/><T132/><D97/><U11/><E128/><V21/><F21/><W38/><G38/><T104/><D104/><U102/><E102/><V99/><F99/><W87/><G98/><T24/><REACH who="0" step="1"/><D79/><REACH who="0" ten="276,250,272,192" step="2"/><U67/><E77/><V15/><F122/><W106/><G106/><T123/><D123/><U91/><E72/><V95/><F114/><W51/><REACH who="3" step="1"/><G76/><REACH who="3" ten="276,250,272,182" step="2"/><T45/><D45/><U22/><E67/><V39/><F39/><W25/><G25/><T6/><D6/><U101/><E91/><V85/><F14/><W58/><G58/><T80/><D80/><U44/><E88/><N who="2" m="53647" /><F83/><W46/><G46/><T37/><D37/><U4/><E101/><V92/><F92/><W65/><G65/><T89/><D89/><U113/><E113/><V17/><F15/><W84/><AGARI ba="0,2" hai="16,18,19,40,41,49,50,51,84,86,87,93,96,100" machi="84" ten="40,12000,2" yaku="1,1,0,1,29,2,8,1,54,1,53,0" doraHai="111" doraHaiUra="54" who="3" fromWho="3" sc="276,-30,250,-30,272,-60,182,140" /><INIT seed="3,0,0,0,0,64" ten="246,220,212,322" oya="3" hai0="49,41,11,132,20,59,77,79,109,108,133,82,0" hai1="81,69,3,13,98,42,57,12,112,89,94,48,25" hai2="16,110,29,83,54,33,72,80,30,74,36,46,105" hai3="70,135,28,125,53,26,73,126,24,124,37,21,76"/><W117/><G135/><N who="0" m="51787" /><D20/><U65/><E112/><V111/><F105/><W116/><G70/><T100/><D100/><U58/><E3/><V131/><F36/><W92/><G37/><T97/><D97/><U10/><E69/><V60/><F46/><W87/><G73/><N who="2" m="28265" /><F60/><W101/><G101/><T55/><D41/><U129/><E129/><V32/><F54/><W118/><G53/><T102/><D102/><U96/><E25/><V128/><F16/><N who="3" m="12327" /><G92/><T7/><D82/><N who="2" m="31274" /><F32/><N who="3" m="20503" /><G87/><T22/><D22/><U15/><E81/><V34/><F34/><W78/><AGARI ba="0,0" hai="76,78,116,117,118,124,125,126" m="20503,12327" machi="78" ten="40,3900,0" yaku="18,1,54,1" doraHai="64" who="3" fromWho="3" sc="246,-13,220,-13,212,-13,322,39" owari="233,3.0,207,-19.0,199,-30.0,361,46.0" /></mjloggm>