<mjloggm ver="2.3"><GO type="97" lobby="0"/><UN n0="%E3%81%BF%E3%82%84%E3%81%AA%E3%81%8C%E3%81%95%E3%82%93%E3%81%A3%EF%BC%81" n1="%E3%83%8B%E3%82%A6%E3%83%91%E3%83%AB%52" n2="%E3%82%A6%E3%83%AB%E3%83%88%E3%83%A9%E7%AB%8B%E7%9B%B4" n3="%E3%81%88%E3%81%99" dan="14,15,15,14" rate="1934.93,1992.30,1949.40,1901.60" sx="F,M,M,M"/><TAIKYOKU oya="0"/><INIT seed="0,0,0,2,1,44" ten="250,250,250,250" oya="0" hai0="43,63,127,41,38,80,124,83,116,46,111,101,96" hai1="36,129,33,75,102,14,110,3,125,122,18,118,67" hai2="30,11,32,121,91,35,50,68,97,88,79,76,81" hai3="55,7,119,17,70,109,61,49,99,51,94,8,29"/><T54/><D116/><U28/><RYUUKYOKU type="yao9" ba="0,0" sc="250,0,250,0,250,0,250,0" hai1="3,14,18,28,33,36,67,75,102,110,118,122,125,129" /><INIT seed="0,1,0,4,4,39" ten="250,250,250,250" oya="0" hai0="113,46,29,105,10,87,19,92,60,97,12,107,5" hai1="64,58,90,54,37,70,52,28,32,98,23,1,7" hai2="114,77,126,95,16,89,26,132,59,11,41,91,30" hai3="56,82,75,96,57,33,99,127,27,42,129,45,85"/><T128/><D113/><U17/><E37/><V102/><F114/><W83/><G127/><T122/><D122/><U78/><E78/><V76/><F132/><W130/><G75/><T115/><D115/><U112/><E112/><V133/><F133/><W74/><G74/><T125/><D128/><N who="3" m="49257" /><G82/><T120/><D125/><U106/><E70/><V111/><F111/><W40/><G33/><T18/><D120/><U69/><E69/><V36/><F102/><W2/><G2/><T110/><D110/><U81/><E1/><V34/><F59/><N who="3" m="22603" /><G27/><T118/><D118/><U53/><E7/><V71/><F71/><W117/><G117/><T124/><D124/><U50/><E64/><V14/><F126/><W79/><G45/><T51/><D60/><U131/><E131/><V93/><F77/><W13/><G13/><T43/><D29/><U44/><E32/><V49/><F76/><W25/><G25/><T6/><D87/><U62/><E28/><V48/><F93/><W109/><G109/><T8/><D107/><U67/><E106/><V65/><F65/><W22/><G22/><T66/><D66/><U101/><E101/><V103/><F103/><W24/><G24/><T104/><D104/><U108/><E108/><V4/><F4/><W80/><G80/><T123/><D123/><U73/><E73/><V68/><F68/><W63/><G63/><T135/><D105/><U116/><E116/><V31/><F31/><W61/><G61/><T21/><D135/><U47/><E47/><N who="2" m="23975" /><F95/><W94/><G94/><T134/><D134/><U20/><E67/><V3/><F3/><RYUUKYOKU ba="1,0" sc="250,-15,250,-15,250,15,250,15" hai2="11,14,16,26,30,34,48,49,89,91" hai3="40,42,79,83,85,96,99" /><INIT seed="1,2,0,3,0,123" ten="235,235,265,265" oya="1" hai0="40,58,27,28,1,77,14,39,59,25,127,37,35" hai1="86,109,21,111,12,33,81,24,13,30,50,100,126" hai2="107,73,115,9,26,85,97,15,132,88,94,102,122" hai3="62,129,96,48,135,83,29,80,69,10,124,72,121"/><U99/><E126/><V64/><F122/><W78/><G121/><T23/><D1/><U71/><E71/><V45/><F115/><W74/><G124/><T17/><D127/><U98/><E50/><V54/><F132/><W31/><G135/><T44/><D39/><U75/><E75/><V61/><F73/><W7/><G129/><T18/><REACH who="0" step="1"/><D77/><REACH who="0" ten="225,235,265,265" step="2"/><U5/><E111/><V105/><F26/><W92/><G78/><T19/><D19/><U108/><E109/><V84/><F15/><W114/><G114/><T82/><D82/><U131/><E108/><V8/><F107/><W66/><G80/><T119/><D119/><U36/><E131/><V120/><F120/><W63/><G83/><T70/><D70/><U42/><E36/><V104/><F104/><W43/><G69/><T79/><D79/><U57/><E13/><V112/><F112/><W133/><G133/><T87/><D87/><U106/><E12/><V0/><F0/><W2/><G72/><T52/><D52/><U34/><E81/><V76/><F85/><W22/><G74/><T6/><D6/><U53/><E86/><V134/><F76/><W117/><G117/><T113/><D113/><U118/><E5/><V91/><F134/><W47/><G66/><T3/><D3/><U65/><E118/><V20/><F84/><W60/><G31/><T11/><AGARI ba="2,1" hai="11,14,17,18,23,25,27,28,35,37,40,44,58,59" machi="11" ten="20,2700,0" yaku="1,1,0,1,7,1,53,0" doraHai="123" doraHaiUra="49" who="0" fromWho="0" sc="225,43,235,-15,265,-9,265,-9" /><INIT seed="2,0,0,1,0,77" ten="268,220,256,256" oya="2" hai0="59,7,119,72,49,35,114,132,55,44,56,0,115" hai1="1,133,34,18,120,112,13,94,33,68,84,101,97" hai2="47,90,43,48,93,6,14,135,15,42,66,52,125" hai3="106,9,32,50,57,11,3,20,109,65,123,89,130"/><V41/><F125/><W73/><G123/><T58/><D132/><U62/><E112/><V23/><F135/><W28/><G28/><T116/><D35/><U87/><E133/><V21/><F66/><W134/><G32/><T118/><D72/><U102/><E1/><V25/><F6/><W117/><G117/><T121/><REACH who="0" step="1"/><D121/><REACH who="0" ten="258,220,256,256" step="2"/><U12/><E120/><V83/><F83/><W64/><G73/><T10/><AGARI ba="0,1" hai="0,7,10,44,49,55,56,58,59,114,115,116,118,119" machi="10" ten="40,8000,1" yaku="1,1,2,1,0,1,12,1,53,0" doraHai="77" doraHaiUra="74" who="0" fromWho="0" sc="258,90,220,-20,256,-40,256,-20" /><INIT seed="3,0,0,1,0,106" ten="348,200,216,236" oya="3" hai0="47,54,0,61,115,30,65,71,66,76,120,75,69" hai1="77,36,114,131,89,4,87,63,81,105,99,97,62" hai2="124,82,20,72,50,57,49,13,110,134,127,7,59" hai3="3,25,95,122,101,43,126,92,23,88,9,74,58"/><W40/><G122/><T44/><D120/><U135/><E114/><V56/><F110/><W100/><G126/><N who="2" m="48169" /><F134/><W104/><G104/><T41/><D0/><U48/><E36/><V60/><F60/><W68/><G68/><T118/><D118/><U64/><E135/><V113/><F113/><W73/><G3/><T26/><D115/><U121/><E121/><V2/><F2/><W85/><G9/><T55/><D47/><U96/><E131/><V31/><F31/><W42/><G58/><N who="2" m="14849" /><V83/><DORA hai="117" /><F83/><W119/><G119/><T93/><D71/><U102/><E4/><V37/><F37/><W129/><G129/><T90/><D66/><U52/><E64/><V79/><F20/><W53/><G53/><T12/><D55/><U14/><E14/><V35/><F35/><W1/><G1/><T32/><D12/><U6/><E6/><V24/><F24/><W94/><G100/><T16/><D54/><U28/><E28/><V112/><F112/><W8/><G8/><AGARI ba="0,0" hai="7,8,13,49,50,72,79,82" m="14849,48169" machi="8" ten="40,2600,0" yaku="18,1,52,1" doraHai="106,117" who="2" fromWho="3" sc="348,0,200,0,216,26,236,-26" owari="348,45.0,200,-30.0,242,4.0,210,-19.0" /></mjloggm>