<mjloggm ver="2.3"><GO type="65" lobby="0"/><UN n0="%4E%6F%4E%61%6D%65" n1="%5A%41%52%44" n2="%68%61%6F%79%75%6F" n3="%E5%B0%B1%E6%B4%BB%E7%94%9F%40%E5%B7%9D%E6%9D%91%E8%BB%8D%E5%9B%A3" dan="0,8,10,4" rate="1500.00,1462.54,1629.82,1648.10" sx="M,F,M,M"/><TAIKYOKU oya="0"/><INIT seed="0,0,0,2,1,113" ten="250,250,250,250" oya="0" hai0="1,112,4,27,80,86,84,50,67,43,64,12,49" hai1="110,66,6,57,98,126,20,73,11,33,26,5,89" hai2="0,118,119,23,31,124,47,100,51,2,68,97,95" hai3="134,92,62,111,81,9,117,29,107,56,76,16,90"/><T52/><D1/><U115/><E126/><V78/><F124/><W69/><G107/><T88/><D112/><U133/><E115/><V121/><F68/><W91/><G69/><T63/><D27/><U38/><E133/><V75/><F121/><W120/><G120/><T106/><D106/><U125/><E125/><V22/><F78/><W129/><G134/><T74/><D74/><U109/><E73/><V42/><F75/><W104/><G129/><T44/><D12/><U127/><E38/><V45/><F47/><W46/><G111/><T61/><D4/><U59/><E127/><V7/><F7/><W32/><G104/><T35/><D35/><U131/><E131/><V25/><REACH who="2" step="1"/><F23/><REACH who="2" ten="250,250,240,250" step="2"/><W70/><G70/><T3/><D3/><AGARI ba="0,1" hai="0,2,3,22,25,31,42,45,51,95,97,100,118,119" machi="3" ten="40,8000,1" yaku="1,1,2,1,52,2,53,0" doraHai="113" doraHaiUra="128" who="2" fromWho="0" sc="250,-80,250,0,240,90,250,0" /><INIT seed="1,0,0,5,2,92" ten="170,250,330,250" oya="1" hai0="94,44,93,134,36,98,61,125,64,14,31,48,2" hai1="102,56,33,62,120,17,128,60,28,132,32,39,85" hai2="110,13,1,107,106,8,95,47,123,133,58,127,21" hai3="38,108,5,68,124,3,112,100,131,130,54,97,89"/><U90/><E120/><V27/><F123/><W25/><G68/><T40/><D125/><U10/><E132/><V104/><F127/><W63/><G38/><T111/><D2/><U6/><E128/><V78/><F133/><W109/><G124/><T50/><D134/><U114/><E39/><V101/><F1/><W69/><G25/><T34/><D111/><N who="3" m="42569" /><G112/><T7/><D34/><U83/><E114/><V23/><F78/><W71/><G89/><T42/><D31/><U75/><E75/><V0/><F0/><W15/><G3/><T65/><D36/><U122/><E122/><V86/><F47/><W66/><G54/><T105/><D105/><U55/><E102/><V19/><F86/><W119/><G119/><T80/><D80/><U82/><E28/><V70/><F70/><W121/><G121/><T43/><D7/><U72/><E72/><V41/><F41/><W126/><G126/><T18/><D50/><U88/><E17/><V35/><F35/><W57/><G69/><T46/><D94/><U16/><E33/><V118/><F118/><W20/><G71/><T22/><D46/><U26/><E32/><V87/><F87/><W53/><G66/><T11/><D11/><U12/><E26/><V84/><F84/><W52/><G53/><T73/><D65/><U59/><E6/><V81/><F81/><N who="1" m="30729" /><E90/><V24/><F24/><W91/><G91/><N who="0" m="55615" /><D73/><U67/><E85/><V30/><F30/><W116/><G116/><T49/><D49/><U117/><E117/><V37/><F37/><W77/><G77/><T51/><D51/><U9/><E9/><RYUUKYOKU ba="0,0" sc="170,15,250,15,330,-15,250,-15" hai0="14,18,22,40,42,43,44,48,61,64" hai1="10,12,16,55,56,59,60,62,67,88" /><INIT seed="1,1,0,5,4,20" ten="185,265,315,235" oya="1" hai0="55,29,69,1,73,32,79,64,4,59,36,58,76" hai1="52,0,96,119,18,133,101,132,116,83,99,82,57" hai2="128,100,135,77,42,86,61,124,68,21,12,10,27" hai3="121,95,66,54,31,130,37,125,75,104,105,89,60"/><U40/><E0/><V45/><F135/><N who="1" m="51785" /><E40/><V87/><F128/><W114/><G75/><T92/><D79/><U35/><E18/><V47/><F124/><W65/><G125/><T9/><D92/><U103/><E35/><V112/><F100/><N who="1" m="38473" /><E57/><V78/><F112/><W62/><G121/><T122/><D59/><U110/><E110/><V131/><F131/><W72/><G72/><T85/><D85/><N who="2" m="32266" /><F61/><W2/><G2/><N who="0" m="151" /><D58/><U97/><E52/><V53/><F53/><W70/><G37/><T38/><D55/><U106/><E106/><V115/><F115/><W15/><G130/><T49/><D49/><U48/><E48/><N who="2" m="26679" /><F47/><W14/><G54/><T11/><D122/><U28/><E28/><N who="2" m="17519" /><F68/><W51/><G51/><T117/><D117/><AGARI ba="1,0" hai="82,83,96,97,99,116,117,119" m="38473,51785" machi="117" ten="40,12000,1" yaku="28,2,20,1,34,2" doraHai="20" who="1" fromWho="0" sc="185,-123,265,123,315,0,235,0" /><INIT seed="1,2,0,1,5,56" ten="62,388,315,235" oya="1" hai0="1,72,119,97,5,11,82,61,135,128,104,16,6" hai1="105,99,39,12,2,92,38,121,62,124,93,126,90" hai2="75,80,41,34,101,70,69,78,79,26,134,110,91" hai3="74,96,85,31,109,108,13,32,66,83,123,100,7"/><U54/><E2/><V76/><F134/><W63/><G123/><T14/><D104/><U21/><E121/><V88/><F110/><W45/><G74/><T115/><D72/><U17/><E105/><V42/><F101/><W57/><G32/><T28/><D61/><U133/><E133/><V114/><F34/><W22/><G7/><T55/><D55/><U49/><E93/><V84/><F114/><W10/><G45/><T129/><D97/><U27/><E12/><V24/><F75/><W98/><G10/><T73/><D73/><U120/><E120/><V0/><F0/><W81/><G81/><T36/><D36/><U18/><E18/><V35/><F35/><W20/><G13/><T52/><D52/><U113/><E113/><V89/><F84/><W111/><G31/><T50/><D50/><U48/><E39/><V71/><REACH who="2" step="1"/><F80/><REACH who="2" ten="62,388,305,235" step="2"/><W65/><G65/><T77/><D82/><U132/><E38/><V29/><F29/><W59/><G96/><T125/><D115/><U9/><E132/><V122/><F122/><W112/><G112/><T19/><D77/><U67/><E9/><V86/><F86/><W47/><G98/><T51/><D119/><U8/><E8/><V94/><F94/><W64/><G100/><T127/><D51/><U43/><E43/><AGARI ba="2,1" hai="24,26,41,42,43,69,70,71,76,78,79,88,89,91" machi="43" ten="50,12000,2" yaku="1,1,29,2,28,2,54,1,53,0" doraHai="56" doraHaiUra="15" who="2" fromWho="1" sc="62,0,388,-126,305,136,235,0" /><INIT seed="2,0,0,3,3,100" ten="62,262,441,235" oya="2" hai0="61,132,28,16,56,133,65,123,127,106,48,135,104" hai1="120,35,102,21,125,36,52,47,111,23,29,107,69" hai2="118,57,22,55,18,38,63,32,9,11,134,5,77" hai3="98,3,117,7,97,1,105,99,124,68,51,24,92"/><V96/><F118/><W95/><G117/><T82/><D123/><U74/><E120/><V89/><F32/><W26/><G68/><T131/><D82/><U37/><E125/><V81/><F38/><W2/><G124/><T42/><D28/><U109/><E111/><V116/><F134/><W53/><G7/><T62/><D127/><U45/><E109/><V44/><F44/><W67/><G67/><T64/><D131/><U126/><E74/><V72/><F5/><W80/><G80/><T122/><D48/><U94/><E126/><V110/><F110/><W43/><G43/><T33/><D33/><U71/><E94/><N who="2" m="56399" /><F116/><W59/><REACH who="3" step="1"/><G105/><REACH who="3" ten="62,262,441,225" step="2"/><T54/><D122/><U119/><E119/><V83/><F83/><W60/><G60/><T129/><D129/><U13/><E35/><V103/><F103/><W70/><G70/><T17/><D42/><U90/><E90/><V87/><F72/><W6/><G6/><T108/><D108/><U130/><E130/><V128/><F128/><W19/><G19/><T10/><D10/><U86/><E86/><V112/><F112/><W101/><G101/><T40/><D40/><U115/><E115/><V0/><F0/><W66/><G66/><T27/><D54/><U12/><E102/><V49/><F63/><W76/><G76/><T73/><D73/><U46/><E29/><V58/><F77/><W114/><G114/><T15/><D15/><U31/><E31/><V20/><F87/><W85/><G85/><T75/><D75/><U88/><E107/><N who="0" m="41001" /><D27/><AGARI ba="0,1" hai="1,2,3,24,26,27,51,53,59,92,95,97,98,99" machi="27" ten="50,1600,0" yaku="1,1,53,0" doraHai="100" doraHaiUra="84" who="3" fromWho="0" sc="62,-16,262,0,441,0,225,26" /><INIT seed="3,0,0,4,0,45" ten="46,262,441,251" oya="3" hai0="91,66,67,71,33,73,93,114,28,80,61,5,49" hai1="12,83,82,65,3,112,9,15,106,120,96,99,117" hai2="95,110,47,127,30,87,118,8,85,46,1,51,39" hai3="105,101,21,63,10,44,89,26,125,36,11,78,76"/><W113/><G113/><T20/><D114/><U60/><E120/><V98/><F118/><W79/><G125/><T108/><D108/><U122/><E117/><V123/><F110/><W68/><G105/><T131/><D33/><U52/><E122/><V25/><F39/><W126/><G126/><T40/><D131/><U104/><E112/><V50/><F127/><W121/><G121/><T17/><D73/><U70/><E3/><V88/><F8/><W107/><G107/><T58/><D5/><U75/><E75/><V133/><F133/><W109/><G109/><T38/><D67/><U24/><E24/><V86/><F1/><W102/><G36/><T128/><D28/><U4/><E15/><V69/><F69/><W115/><G115/><T55/><D128/><U129/><E129/><V116/><F116/><W56/><G68/><T16/><D80/><U42/><E42/><V48/><REACH who="2" step="1"/><F123/><REACH who="2" ten="46,262,431,251" step="2"/><W103/><G44/><T18/><D20/><AGARI ba="0,1" hai="20,25,30,46,47,48,50,51,85,86,87,88,95,98" machi="20" ten="40,12000,2" yaku="1,1,2,1,8,1,52,3,54,1,53,0" doraHai="45" doraHaiUra="37" who="2" fromWho="0" sc="46,-120,262,0,431,130,251,0" owari="-74,-57.0,262,6.0,561,66.0,251,-15.0" /></mjloggm>