<mjloggm ver="2.3"><GO type="169" lobby="0"/><UN n0="%E3%82%A6%E3%83%AB%E3%83%88%E3%83%A9%E7%AB%8B%E7%9B%B4" n1="%66%75%6B%75%30%32" n2="%6E%69%6D%75%74%61%6E" n3="%E3%82%84%E3%81%BE%E3%83%BC%E3%82%93" dan="17,16,16,17" rate="2178.77,2064.57,2089.34,2171.41" sx="M,M,M,M"/><TAIKYOKU oya="0"/><INIT seed="0,0,0,0,2,34" ten="250,250,250,250" oya="0" hai0="6,31,133,48,115,117,30,94,126,87,123,104,51" hai1="116,128,110,125,121,42,73,8,91,37,47,83,65" hai2="14,22,75,107,66,130,97,85,3,39,93,29,26" hai3="96,88,5,62,54,59,33,71,112,2,127,53,80"/><T21/><D104/><U43/><E121/><V103/><F75/><W70/><G33/><T1/><D123/><U68/><E116/><V12/><F39/><W41/><G112/><T0/><D117/><U49/><E110/><V46/><F130/><W82/><G127/><T28/><D115/><U106/><E106/><V109/><F109/><W60/><G41/><T18/><D126/><U27/><E125/><V134/><F134/><W4/><G96/><T132/><D94/><U108/><E108/><V63/><F46/><W38/><G59/><T89/><D89/><U35/><E128/><V105/><F105/><W15/><G15/><T74/><D87/><U36/><E43/><V9/><F9/><W44/><G44/><T72/><D6/><U69/><E8/><V57/><F3/><N who="0" m="1098" /><D18/><U101/><E91/><V7/><F7/><W25/><G2/><T100/><D21/><U119/><E119/><V55/><F107/><W16/><G88/><T17/><D17/><U92/><E92/><V19/><F85/><W98/><G16/><T52/><D100/><U32/><E101/><V81/><F81/><W131/><G131/><T86/><D86/><U24/><E35/><V56/><F19/><W78/><G98/><T95/><D95/><U102/><E102/><V111/><F111/><W40/><G78/><T50/><D52/><U58/><E83/><V76/><F76/><W23/><G23/><T129/><D129/><U113/><E113/><V20/><F22/><W122/><G122/><T45/><D45/><U124/><E47/><V135/><F135/><AGARI ba="0,0" hai="28,30,31,48,50,51,72,74,132,133,135" m="1098" machi="135" ten="40,18000,2" yaku="28,2,20,1,52,3" doraHai="34" who="0" fromWho="2" sc="250,180,250,0,250,-180,250,0" /><INIT seed="0,1,0,5,5,9" ten="430,250,70,250" oya="0" hai0="0,21,48,92,35,116,120,77,41,96,104,15,58" hai1="19,95,64,26,99,131,28,122,43,22,60,81,59" hai2="1,129,49,23,32,10,135,124,66,84,18,94,118" hai3="98,30,34,100,39,45,25,72,53,61,55,87,56"/><T134/><D35/><U76/><E131/><V106/><F106/><W36/><G72/><T91/><D0/><U103/><E122/><V113/><F32/><W90/><G45/><T105/><D120/><U78/><E43/><V65/><F113/><W121/><G53/><T2/><D2/><U27/><REACH who="1" step="1"/><E81/><REACH who="1" ten="430,240,70,250" step="2"/><V132/><F129/><W111/><G121/><T12/><D41/><U88/><E88/><V75/><F132/><W14/><G111/><T73/><D134/><U29/><E29/><V101/><F135/><W24/><G90/><T107/><D116/><U11/><E11/><V93/><F10/><W54/><G100/><T44/><D91/><U7/><E7/><V70/><F101/><W119/><G30/><T112/><D112/><U46/><E46/><V128/><F128/><W79/><G119/><T125/><D44/><U50/><E50/><V20/><F49/><W123/><G123/><T85/><D48/><U127/><E127/><V37/><F124/><W74/><G39/><T69/><D125/><U51/><E51/><V114/><F37/><W8/><G36/><T31/><D31/><U47/><E47/><V102/><F114/><W89/><G8/><T40/><D40/><U3/><E3/><V38/><F102/><W82/><G89/><T4/><D4/><U133/><E133/><V52/><F38/><W67/><G79/><T97/><D77/><U42/><E42/><V63/><F1/><W71/><G61/><T68/><D68/><U115/><E115/><V17/><F70/><W80/><G71/><T62/><D69/><U110/><E110/><RYUUKYOKU ba="1,1" sc="430,-10,240,30,70,-10,250,-10" hai1="19,22,26,27,28,59,60,64,76,78,95,99,103" /><INIT seed="1,2,1,5,2,65" ten="420,270,60,240" oya="1" hai0="93,64,124,106,101,95,99,48,98,27,59,28,18" hai1="31,25,56,21,47,26,118,84,5,6,112,9,92" hai2="60,80,127,121,13,7,38,110,50,0,105,107,89" hai3="91,81,11,120,15,78,75,14,33,115,40,46,2"/><U68/><E118/><V23/><F38/><N who="3" m="21783" /><G120/><T88/><D124/><U39/><E112/><V54/><F121/><W66/><G33/><T1/><D1/><U119/><E119/><V109/><F60/><W49/><G115/><T76/><D76/><U86/><E68/><V51/><F0/><W134/><G134/><T10/><D106/><U57/><E25/><V17/><F7/><N who="3" m="1527" /><G66/><T19/><D10/><U130/><E130/><V35/><F35/><W29/><G29/><T94/><D94/><U53/><E57/><V100/><F127/><W30/><G30/><T114/><D114/><U77/><E92/><V116/><F116/><W90/><G49/><T125/><D125/><U132/><E132/><V126/><F51/><W41/><G41/><T135/><D135/><U43/><E77/><V102/><F126/><W52/><G52/><N who="0" m="32135" /><D64/><U117/><E117/><V79/><F89/><AGARI ba="2,1" hai="14,15,75,78,81,89,90,91" m="1527,21783" machi="89" ten="30,1000,0" yaku="25,1" doraHai="65" who="3" fromWho="2" sc="420,0,270,0,60,-16,240,26" /><INIT seed="2,0,0,3,1,63" ten="420,270,44,266" oya="2" hai0="20,74,57,86,4,102,75,68,123,41,118,18,120" hai1="3,59,0,73,43,69,111,117,82,35,77,121,32" hai2="76,119,66,29,46,7,28,132,110,96,15,56,98" hai3="126,26,88,50,106,23,112,5,70,42,8,44,55"/><V87/><F119/><W6/><G126/><T80/><D68/><U52/><E117/><V71/><F71/><W27/><G106/><T130/><D41/><U83/><E111/><V133/><F110/><W67/><G112/><T114/><D4/><U31/><E121/><V94/><F46/><W36/><G27/><T116/><D102/><U122/><E122/><V53/><F96/><W64/><G70/><T38/><D38/><U100/><E69/><V60/><F87/><W16/><G88/><T103/><D57/><U105/><E43/><V61/><F76/><W39/><G5/><T79/><D103/><U65/><E65/><V62/><F15/><W125/><G125/><T124/><D86/><U45/><E45/><V9/><F9/><W84/><G84/><T99/><D75/><U37/><E37/><V101/><F7/><W128/><G128/><T115/><D99/><U19/><E83/><V30/><REACH who="2" step="1"/><F53/><REACH who="2" ten="420,270,34,266" step="2"/><W129/><G129/><T13/><D130/><U11/><E77/><V48/><F48/><W91/><G39/><T1/><D124/><U14/><E52/><V72/><F72/><W89/><G89/><T22/><D118/><U12/><E73/><V49/><F49/><W85/><G8/><N who="0" m="6439" /><D116/><U92/><E11/><V51/><F51/><W17/><G6/><T134/><D123/><U108/><E108/><V47/><F47/><W58/><REACH who="3" step="1"/><G17/><REACH who="3" ten="420,270,34,256" step="2"/><T2/><D120/><U34/><E19/><V24/><F24/><W93/><AGARI ba="0,2" hai="16,23,26,36,42,44,50,55,58,64,67,85,91,93" machi="93" ten="20,12000,2" yaku="1,1,2,1,0,1,7,1,52,2,54,1,53,0" doraHai="63" doraHaiUra="97" who="3" fromWho="3" sc="420,-30,270,-30,34,-60,256,140" owari="390,19.0,240,-16.0,-26,-53.0,396,50.0" /></mjloggm>