<mjloggm ver="2.3"><GO type="41" lobby="0"/><UN n0="%4B%6F%7A%6F%75%4A%50" n1="%68%6F%63%6F%68%6F" n2="%54%61%75" n3="%E5%B0%B1%E6%B4%BB%E7%94%9F%40%E5%B7%9D%E6%9D%91%E8%BB%8D%E5%9B%A3" dan="13,15,13,15" rate="1877.09,2010.98,1829.33,1956.28" sx="M,M,M,M"/><TAIKYOKU oya="0"/><INIT seed="0,0,0,5,3,24" ten="250,250,250,250" oya="0" hai0="9,77,46,14,52,1,121,123,4,20,56,64,75" hai1="49,28,22,62,3,31,124,95,71,21,68,29,117" hai2="35,134,80,10,26,118,99,90,122,86,42,85,5" hai3="97,119,113,135,81,63,17,30,96,72,16,87,67"/><T126/><D126/><U0/><E117/><V39/><F118/><W59/><G72/><T89/><D75/><U70/><E124/><V60/><F122/><W27/><G119/><T34/><D34/><U110/><E110/><V74/><F74/><W51/><G113/><T69/><D77/><U83/><E62/><V47/><F134/><W45/><G135/><T44/><D69/><U103/><E83/><V100/><F60/><W78/><G96/><T15/><D64/><U50/><E103/><V40/><F40/><W76/><G97/><T127/><D127/><U12/><E95/><V120/><F120/><W48/><G76/><T132/><D132/><U129/><E129/><V88/><F26/><W84/><G84/><T73/><D73/><U94/><E94/><V98/><F35/><W65/><G65/><T8/><D89/><U107/><E107/><V91/><F100/><W7/><G51/><N who="1" m="19466" /><E12/><V36/><F36/><W104/><G7/><N who="0" m="3359" /><D121/><U111/><E111/><V2/><REACH who="2" step="1"/><F91/><REACH who="2" ten="250,250,240,250" step="2"/><W112/><G112/><T13/><D123/><U23/><AGARI ba="0,1" hai="0,3,21,22,23,28,29,31,68,70,71" m="19466" machi="23" ten="40,12000,2" yaku="29,2,28,2,52,3" doraHai="24" who="1" fromWho="1" sc="250,-60,250,130,240,-30,250,-30" /><INIT seed="1,0,0,3,3,13" ten="190,380,210,220" oya="1" hai0="113,15,6,48,51,68,57,50,63,12,93,70,11" hai1="56,35,31,118,45,5,124,109,36,2,86,92,27" hai2="73,105,46,103,77,34,89,16,127,107,72,130,39" hai3="61,75,55,28,90,84,53,83,40,112,29,80,30"/><U22/><E118/><V97/><F34/><W23/><G112/><T58/><D113/><U43/><E124/><V81/><F39/><W76/><G40/><T120/><D120/><U62/><E109/><V129/><F46/><W126/><G126/><T19/><D93/><U119/><E119/><V26/><F127/><W128/><G128/><N who="2" m="49257" /><F89/><W54/><G23/><T47/><D47/><U24/><E2/><V41/><F41/><W14/><G14/><T38/><D38/><U131/><E131/><V99/><F99/><W125/><G125/><T102/><D102/><U116/><E116/><V20/><F107/><W71/><G71/><T100/><D100/><U9/><E5/><V123/><F123/><W135/><G61/><T42/><D42/><U110/><E9/><V122/><F122/><W60/><G60/><T104/><D104/><U64/><E110/><V1/><F1/><W18/><G135/><T3/><D3/><U133/><E133/><V52/><F52/><W134/><G134/><T37/><D37/><U25/><E22/><V0/><F0/><W106/><G106/><T82/><D82/><U115/><E115/><V85/><AGARI ba="0,0" hai="16,20,26,72,73,77,81,85,97,103,105" m="49257" machi="85" ten="30,4000,0" yaku="19,1,52,1,54,1" doraHai="13" who="2" fromWho="2" sc="190,-10,380,-20,210,40,220,-10" /><INIT seed="2,0,0,5,0,40" ten="180,360,250,210" oya="2" hai0="67,97,57,66,108,76,46,72,10,81,31,111,12" hai1="86,25,5,47,20,128,44,39,75,41,105,131,1" hai2="106,93,22,43,104,42,87,6,23,17,73,129,50" hai3="121,63,77,112,126,95,30,116,102,89,64,100,79"/><V85/><F73/><W84/><G121/><T135/><D135/><U114/><E114/><V59/><F129/><N who="1" m="49737" /><E75/><V60/><F6/><W74/><G112/><T124/><D124/><U2/><E105/><V91/><F85/><W29/><G116/><T28/><D97/><U49/><E86/><V125/><F125/><W107/><G126/><T99/><D99/><U113/><E113/><V8/><F8/><W54/><G54/><T98/><D98/><U103/><E103/><V48/><F48/><W62/><G107/><T133/><D133/><U52/><E5/><V118/><F118/><W82/><G77/><T15/><D15/><U37/><E37/><V88/><F91/><W45/><G63/><T83/><D83/><U26/><E26/><V34/><F34/><W78/><G78/><T7/><D57/><U120/><E120/><V16/><F23/><W56/><G102/><T58/><D58/><U94/><E94/><V80/><F80/><W18/><G100/><T36/><D67/><U71/><E71/><V9/><F9/><W68/><G68/><T24/><D66/><U109/><E109/><N who="0" m="42057" /><D24/><U134/><E134/><V70/><F70/><W96/><G74/><T4/><D4/><U38/><E39/><V14/><F17/><AGARI ba="0,0" hai="1,2,17,20,25,38,41,44,47,49,52" m="49737" machi="17" ten="30,7700,0" yaku="19,1,52,2,54,1" doraHai="40" who="1" fromWho="2" sc="180,0,360,77,250,-77,210,0" /><INIT seed="3,0,0,4,1,103" ten="180,437,173,210" oya="3" hai0="98,79,114,87,6,29,2,69,17,123,12,25,85" hai1="134,58,61,45,53,0,54,108,26,10,133,135,113" hai2="70,81,32,107,93,65,83,109,19,105,24,110,68" hai3="7,77,4,36,95,74,120,30,89,38,27,118,42"/><W63/><G118/><T59/><D69/><U130/><E113/><V67/><F93/><W88/><G120/><T51/><D123/><U5/><E108/><V125/><F19/><W75/><G63/><T104/><D114/><U124/><E130/><V47/><F47/><W106/><G106/><T126/><D126/><U121/><E121/><V78/><F78/><W56/><G56/><T37/><D37/><U94/><E124/><V15/><F125/><W23/><G89/><T34/><D79/><U131/><E131/><V115/><F115/><W71/><G71/><T55/><D2/><U72/><E72/><V14/><F24/><W100/><G100/><T82/><D6/><U16/><E94/><V57/><F57/><W99/><G77/><T91/><D85/><U50/><E26/><V31/><F31/><W62/><G62/><T20/><REACH who="0" step="1"/><D98/><REACH who="0" ten="170,437,173,210" step="2"/><U90/><E135/><V111/><F110/><W76/><G76/><T52/><D52/><U84/><E84/><V66/><F66/><W132/><G132/><T112/><D112/><U9/><REACH who="1" step="1"/><E90/><REACH who="1" ten="170,427,173,210" step="2"/><V8/><F111/><W35/><G75/><T39/><D39/><U3/><E3/><V49/><F109/><W73/><G73/><T116/><D116/><U40/><E40/><V97/><F97/><W43/><G74/><T11/><D11/><U102/><E102/><V21/><F70/><W22/><G38/><T60/><D60/><U92/><E92/><V86/><F68/><W1/><G36/><T96/><D96/><U46/><E46/><V119/><F119/><W64/><G1/><T44/><D44/><RYUUKYOKU ba="0,2" sc="170,15,427,15,173,-15,210,-15" hai0="12,17,20,25,29,34,51,55,59,82,87,91,104" hai1="0,5,9,10,16,45,50,53,54,58,61,133,134" /><INIT seed="4,1,2,5,2,113" ten="185,442,158,195" oya="0" hai0="58,14,131,116,17,80,73,85,102,21,62,76,122" hai1="57,89,134,71,26,83,133,94,98,50,129,114,115" hai2="93,11,61,104,37,6,27,33,40,77,12,120,34" hai3="84,2,3,128,20,75,118,56,45,38,19,69,23"/><T42/><D122/><U54/><E129/><V106/><F120/><W18/><G69/><T82/><D131/><U74/><E71/><V99/><F77/><W36/><G128/><T59/><D42/><U112/><E26/><V30/><F34/><W52/><G75/><T127/><D127/><U70/><E70/><V119/><F119/><W109/><G109/><T79/><D102/><U15/><E15/><V35/><F35/><W8/><G118/><T123/><D123/><U41/><E41/><V63/><F106/><W4/><G3/><T44/><D44/><U130/><E130/><V92/><F104/><W103/><G103/><T121/><D121/><U48/><E48/><V39/><F92/><W132/><G132/><N who="1" m="50794" /><E74/><V13/><F13/><W64/><G64/><T10/><D116/><U78/><E78/><V9/><F9/><W105/><G105/><T117/><D117/><U135/><E135/><V101/><F37/><W86/><G38/><T96/><D96/><U87/><E98/><V97/><F99/><W24/><G45/><T46/><D46/><U81/><AGARI ba="1,2" hai="50,54,57,81,83,87,89,94,112,114,115" m="50794" machi="81" ten="40,5200,0" yaku="15,1,11,1,20,1" doraHai="113" who="1" fromWho="1" sc="185,-27,442,75,158,-14,195,-14" /><INIT seed="5,0,0,1,3,94" ten="158,517,144,181" oya="1" hai0="39,78,116,70,41,125,62,6,75,48,22,13,93" hai1="15,38,89,51,104,61,133,63,81,2,121,92,56" hai2="110,98,71,44,35,46,53,107,74,134,36,131,17" hai3="119,0,72,112,88,24,103,21,19,85,34,18,77"/><U100/><E121/><V3/><RYUUKYOKU type="yao9" ba="0,0" sc="158,0,517,0,144,0,181,0" hai2="3,17,35,36,44,46,53,71,74,98,107,110,131,134" /><INIT seed="5,1,0,1,2,61" ten="158,517,144,181" oya="1" hai0="69,27,117,133,124,65,13,57,20,3,18,123,135" hai1="19,95,91,105,42,48,1,126,101,62,2,76,130" hai2="56,111,41,34,114,29,80,90,54,97,131,82,38" hai3="128,10,79,30,7,88,8,49,127,32,6,104,59"/><U17/><E126/><V73/><F111/><W134/><G104/><T77/><D3/><U78/><E130/><V87/><F131/><W110/><G110/><T132/><D117/><U106/><E101/><V40/><F73/><W129/><G127/><T83/><D124/><U44/><E105/><V28/><F80/><W5/><G134/><T16/><D123/><U53/><E106/><V39/><F39/><W46/><G79/><N who="1" m="30250" /><E2/><V47/><F41/><N who="3" m="24783" /><G32/><T25/><D69/><U52/><E1/><V89/><F34/><W63/><G129/><T121/><D121/><U22/><E62/><V107/><F114/><W11/><G128/><T94/><D94/><U66/><E66/><V51/><REACH who="2" step="1"/><F89/><REACH who="2" ten="158,517,134,181" step="2"/><W24/><G88/><T33/><D33/><U102/><E91/><V50/><F50/><W113/><G113/><T120/><D120/><U55/><E48/><V45/><F45/><W84/><G84/><N who="0" m="48239" /><D18/><U99/><E19/><V14/><F14/><W36/><G36/><T64/><D57/><U118/><E17/><V93/><F93/><W0/><G0/><T115/><D115/><U15/><E95/><V68/><F68/><W60/><G59/><T71/><D71/><U37/><E37/><V96/><F96/><W9/><N who="3" m="2560" /><DORA hai="70" /><W26/><G30/><T109/><D109/><U35/><E44/><V23/><F23/><W103/><G103/><AGARI ba="1,1" hai="28,29,38,40,47,51,54,56,82,87,90,97,103,107" machi="103" ten="40,5200,0" yaku="1,1,52,1,53,1" doraHai="61,70" doraHaiUra="81,75" who="2" fromWho="3" sc="158,0,517,0,134,65,181,-55" /><INIT seed="6,0,0,1,3,108" ten="158,517,199,126" oya="2" hai0="30,65,84,36,134,126,114,86,106,52,107,71,38" hai1="112,82,113,69,99,16,27,115,44,63,123,43,57" hai2="67,109,117,45,22,29,47,124,116,46,31,33,87" hai3="66,78,74,120,20,76,77,91,23,28,89,96,118"/><V135/><F109/><W41/><G118/><T97/><D134/><U7/><E123/><V9/><F135/><W64/><G120/><T35/><D126/><U51/><E69/><V110/><F110/><W10/><G41/><T26/><D107/><U13/><E7/><V3/><F124/><W80/><G10/><T48/><D114/><U62/><E27/><V0/><F67/><N who="3" m="25643" /><G74/><T14/><D14/><U92/><E82/><V5/><F33/><W98/><G28/><N who="2" m="10825" /><F87/><W131/><G80/><T42/><D84/><U70/><E57/><V61/><F61/><W81/><G81/><T21/><D86/><U90/><E70/><V119/><F22/><AGARI ba="0,0" hai="13,16,22,43,44,51,62,63,90,92,99,112,113,115" machi="22" ten="40,8000,1" yaku="15,1,52,3,54,1" doraHai="108" who="1" fromWho="2" sc="158,0,517,80,199,-80,126,0" /><INIT seed="7,0,0,5,5,132" ten="158,597,119,126" oya="3" hai0="83,74,116,63,85,86,40,98,22,128,11,38,87" hai1="97,75,20,19,114,77,117,34,127,113,36,103,53" hai2="13,94,115,54,9,104,84,24,119,130,0,76,8" hai3="99,31,72,105,65,125,71,91,131,78,25,64,56"/><W42/><G125/><T66/><D116/><U45/><E34/><V135/><F104/><W134/><G131/><T124/><D128/><U41/><E117/><V59/><F130/><W96/><G134/><T2/><D124/><U92/><E127/><V109/><F119/><W35/><G42/><T52/><D98/><U50/><E77/><V4/><F135/><W106/><G56/><T70/><D22/><U108/><E75/><V33/><F115/><N who="1" m="44041" /><E108/><V126/><F109/><W51/><G51/><T68/><D68/><U121/><E121/><V95/><F126/><W55/><G55/><T30/><D30/><U80/><E80/><V123/><F123/><W107/><G91/><T58/><D74/><U89/><E89/><V32/><F95/><W39/><G39/><T3/><D11/><U118/><E118/><V82/><F94/><W23/><G23/><T112/><D112/><U129/><E129/><V57/><F24/><W27/><G27/><T101/><D101/><U44/><E20/><V111/><F111/><W49/><G49/><N who="0" m="30991" /><D83/><U120/><E120/><V102/><F102/><N who="3" m="62663" /><G64/><T43/><D43/><U110/><E110/><V62/><REACH who="2" step="1"/><F59/><REACH who="2" ten="158,597,109,126" step="2"/><W6/><G106/><T100/><D100/><U90/><E103/><V1/><F1/><W122/><G107/><T15/><D15/><U21/><E92/><V48/><F48/><W26/><G122/><T73/><D73/><U79/><E50/><V47/><F47/><AGARI ba="0,1" hai="2,3,38,40,47,63,66,70,85,86,87" m="30991" machi="47" ten="30,2000,0" yaku="24,1,54,1" doraHai="132" who="0" fromWho="2" sc="158,30,597,0,109,-20,126,0" owari="188,-1.0,597,69.0,89,-41.0,126,-27.0" /></mjloggm>