<mjloggm ver="2.3"><GO type="41" lobby="0"/><UN n0="%E3%82%A6%E3%83%AB%E3%83%88%E3%83%A9%E7%AB%8B%E7%9B%B4" n1="%E9%9D%A2%E6%B8%85%E3%83%95%E3%82%A7%E3%83%81%E3%81%8B%E3%82%82" n2="%E3%83%9E%E3%83%AC%E3%83%BC%E3%82%B0%E3%83%9E" n3="%6A%69%7A%6F%75" dan="15,14,14,13" rate="2005.09,1899.49,1877.86,1883.57" sx="M,M,M,M"/><TAIKYOKU oya="0"/><INIT seed="0,0,0,0,5,62" ten="250,250,250,250" oya="0" hai0="39,46,106,17,84,116,64,31,135,30,101,89,114" hai1="0,77,12,5,48,80,9,127,83,58,79,33,108" hai2="86,3,85,74,8,10,119,94,40,129,7,27,97" hai3="71,112,21,52,61,104,92,19,4,47,13,111,87"/><T1/><D1/><U132/><E33/><V113/><F129/><W96/><G112/><T122/><D116/><U105/><E105/><V118/><F113/><W121/><G121/><T25/><D122/><U126/><E108/><V23/><F10/><W124/><G111/><T131/><D39/><U63/><E132/><V32/><F40/><W66/><G104/><T99/><D135/><U70/><E70/><V65/><F65/><W26/><G87/><T22/><D131/><U109/><E48/><V90/><F32/><W11/><G124/><N who="1" m="47658" /><E109/><V44/><F44/><W36/><G36/><T20/><D114/><U115/><E115/><V29/><F74/><W59/><G47/><T78/><D46/><U45/><E45/><V38/><F38/><W49/><G71/><T50/><D50/><U130/><E130/><V125/><F125/><W51/><REACH who="3" step="1"/><G66/><REACH who="3" ten="250,250,250,240" step="2"/><T28/><D64/><U24/><E79/><V57/><F57/><W69/><G69/><T117/><D78/><U34/><E77/><V91/><F119/><W53/><G53/><T6/><D117/><U75/><E58/><V15/><F118/><W82/><G82/><T56/><D56/><U54/><E54/><V72/><F72/><W107/><G107/><T73/><D73/><U68/><E75/><V42/><F42/><W102/><AGARI ba="0,1" hai="4,11,13,19,21,26,49,51,52,59,61,92,96,102" machi="102" ten="20,8000,1" yaku="1,1,0,1,7,1,8,1,54,1,53,0" doraHai="62" doraHaiUra="67" who="3" fromWho="3" sc="250,-40,250,-20,250,-20,240,90" /><INIT seed="1,0,0,4,4,1" ten="210,230,230,330" oya="1" hai0="48,36,95,3,85,112,130,56,18,50,90,54,79" hai1="98,110,134,12,38,60,114,64,88,135,29,128,81" hai2="39,27,26,65,70,87,120,7,91,2,4,96,129" hai3="5,92,84,86,42,68,6,80,77,132,32,108,45"/><U123/><E38/><V104/><F39/><W102/><G68/><T116/><D36/><U22/><E123/><V66/><F2/><W131/><G32/><T11/><D130/><U105/><E114/><V126/><F120/><W93/><G131/><T76/><D116/><U21/><E128/><V74/><F74/><W100/><G132/><N who="1" m="50730" /><E12/><V41/><F129/><W52/><G108/><T57/><D112/><U83/><E110/><V107/><F41/><W47/><G42/><T61/><D50/><U63/><E60/><V28/><F126/><W106/><G106/><T19/><D3/><U111/><E111/><V44/><F44/><W51/><G47/><T133/><D133/><U14/><E14/><V78/><F78/><N who="0" m="29738" /><D11/><U101/><E81/><V103/><F107/><W46/><G46/><T89/><D89/><U97/><E29/><V119/><F119/><W127/><G127/><T37/><D37/><U67/><E64/><AGARI ba="0,0" hai="18,19,48,54,56,57,61,64,85,90,95" m="29738" machi="64" ten="30,1000,0" yaku="8,1" doraHai="1" who="0" fromWho="1" sc="210,10,230,-10,230,0,330,0" /><INIT seed="2,0,0,5,4,60" ten="220,220,230,330" oya="2" hai0="77,74,91,37,44,88,12,64,134,7,85,131,38" hai1="122,70,107,31,55,80,22,46,8,103,1,135,82" hai2="115,29,33,111,48,98,11,133,49,118,113,121,17" hai3="59,102,125,68,6,25,21,110,5,106,87,66,79"/><V23/><F121/><W127/><G68/><T26/><D74/><U96/><E135/><V73/><F118/><W30/><G102/><T51/><D38/><U126/><E122/><V86/><F73/><W128/><G106/><T108/><D37/><U83/><E70/><V67/><F133/><W40/><G128/><T56/><D131/><U84/><E126/><N who="3" m="48138" /><G40/><T72/><D72/><U57/><E46/><V99/><F86/><W69/><G69/><T124/><D108/><U14/><E1/><V28/><F33/><W50/><G50/><T10/><D134/><U75/><E75/><V52/><F111/><W129/><G129/><T0/><D0/><U32/><E32/><V81/><F81/><N who="3" m="47551" /><G110/><T112/><D112/><U104/><E22/><V39/><F39/><W27/><G25/><T2/><D2/><U105/><E31/><N who="2" m="11851" /><F11/><W35/><G35/><T94/><D26/><U19/><REACH who="1" step="1"/><E84/><REACH who="1" ten="220,210,230,330" step="2"/><V109/><F109/><W76/><G76/><T93/><D77/><U132/><E132/><V9/><F115/><W16/><G30/><T53/><D124/><U95/><E95/><V78/><F78/><W97/><G97/><T24/><D24/><U54/><E54/><V4/><F113/><W117/><G117/><T119/><D119/><U130/><E130/><V43/><F99/><W62/><AGARI ba="0,1" hai="5,6,16,21,27,59,62,66" m="47551,48138" machi="62" ten="30,4000,0" yaku="18,1,52,1,54,1" doraHai="60" who="3" fromWho="3" sc="220,-10,210,-10,230,-20,330,50" /><INIT seed="3,0,0,5,3,47" ten="210,200,210,380" oya="3" hai0="12,53,64,38,127,40,88,107,55,94,111,6,37" hai1="81,51,22,0,135,101,18,30,80,117,2,133,60" hai2="87,118,66,41,109,125,8,124,23,50,122,21,58" hai3="85,98,26,28,113,48,132,120,134,92,95,33,79"/><W62/><G120/><T69/><D107/><U114/><E114/><V71/><F118/><W96/><G113/><T131/><D6/><U54/><E30/><V115/><F115/><W11/><G62/><N who="0" m="40087" /><D12/><U97/><E117/><V70/><F109/><W59/><G11/><T61/><D88/><U17/><E60/><N who="2" m="38167" /><F8/><W9/><G9/><T1/><D94/><N who="1" m="58551" /><E18/><V129/><F122/><W126/><G95/><T83/><D83/><U34/><E34/><V52/><F41/><W72/><G72/><T24/><D24/><N who="1" m="14415" /><E0/><V110/><F87/><W112/><G112/><T74/><D74/><U100/><E100/><V73/><F73/><W3/><G3/><T13/><D13/><U29/><E29/><V105/><F105/><W84/><G96/><T123/><D1/><U15/><E15/><V4/><F110/><W106/><G106/><T68/><D111/><U128/><E128/><V20/><F129/><W45/><G79/><T104/><D104/><U5/><E5/><V35/><F4/><W16/><G16/><T31/><D31/><U89/><E2/><V121/><F35/><W102/><G85/><T56/><D131/><U19/><E19/><V46/><F121/><W130/><G84/><T67/><D123/><U91/><E91/><V93/><F93/><W42/><G130/><T108/><D108/><U99/><E99/><V76/><F76/><W25/><G25/><T27/><D27/><U43/><E43/><V10/><F10/><W103/><G103/><T14/><D14/><U82/><E89/><V86/><F86/><W39/><G98/><T65/><D40/><RYUUKYOKU ba="0,0" sc="210,-15,200,15,210,15,380,-15" hai1="51,54,80,81,82,133,135" hai2="20,21,23,46,50,52,70,71,124,125" /><INIT seed="4,1,0,4,4,88" ten="195,215,225,365" oya="0" hai0="124,48,3,31,98,39,81,64,121,130,102,0,47" hai1="11,36,22,112,17,96,6,95,51,71,100,8,30" hai2="70,72,10,32,49,109,79,67,74,97,23,7,111" hai3="14,87,110,38,28,78,1,29,55,5,4,56,113"/><T62/><D39/><U77/><E36/><V117/><F32/><W12/><G38/><T16/><D121/><U76/><E71/><V116/><F67/><W125/><G1/><T106/><D124/><U99/><E30/><V85/><F70/><W73/><G73/><T103/><D130/><U82/><E76/><V9/><F23/><W120/><G120/><T131/><D131/><U135/><E135/><V34/><F34/><W94/><G125/><T91/><D103/><U13/><E112/><V26/><F26/><W53/><G113/><T44/><D44/><U52/><E96/><V18/><F49/><W15/><G110/><T126/><D126/><U40/><E40/><V57/><F57/><W129/><G129/><T21/><D31/><N who="3" m="11849" /><G55/><T45/><D91/><U90/><E100/><V75/><F18/><W92/><G78/><T93/><D81/><U25/><E25/><V86/><F97/><W118/><G87/><N who="2" m="33289" /><F79/><W105/><G105/><T132/><D106/><U101/><E101/><V42/><F42/><W127/><G127/><T46/><D132/><U119/><E119/><N who="2" m="45643" /><F7/><N who="3" m="2635" /><G118/><T114/><D114/><U84/><REACH who="1" step="1"/><E6/><REACH who="1" ten="195,205,225,365" step="2"/><V80/><F111/><W20/><G20/><T69/><D3/><U107/><E107/><V83/><F109/><W35/><G35/><T27/><D0/><U128/><E128/><V68/><F68/><W19/><G19/><T123/><D123/><U122/><E122/><V43/><F43/><AGARI ba="1,1" hai="16,21,27,43,45,46,47,48,62,64,69,93,98,102" machi="43" ten="30,5800,0" yaku="7,1,52,1,54,1" doraHai="88" who="0" fromWho="2" sc="195,71,205,0,225,-61,365,0" /><INIT seed="4,2,0,0,4,43" ten="266,205,164,365" oya="0" hai0="112,95,61,118,75,41,0,127,80,105,78,60,47" hai1="109,42,31,130,22,110,79,86,74,56,70,13,77" hai2="98,4,52,99,37,120,132,30,45,116,94,81,102" hai3="100,24,91,48,73,9,129,3,126,71,87,8,25"/><T38/><D105/><U46/><E70/><V6/><F120/><W106/><G71/><T96/><D118/><U108/><E74/><V124/><F116/><W65/><G65/><T85/><D112/><U21/><E130/><V55/><F132/><W92/><G129/><T19/><D127/><U54/><E13/><V49/><F37/><W134/><G134/><T15/><D0/><U28/><E22/><V119/><F119/><W69/><G69/><T72/><D72/><U115/><E115/><V97/><F30/><W16/><G3/><T104/><D104/><U133/><E133/><V20/><F20/><W101/><G73/><T51/><D38/><U83/><E77/><V88/><F81/><W29/><G29/><T50/><D50/><U90/><E79/><V121/><F121/><W32/><G32/><T1/><D1/><U135/><E135/><V68/><F68/><W26/><G106/><T5/><D5/><N who="2" m="2154" /><F124/><W107/><G107/><T23/><REACH who="0" step="1"/><D75/><REACH who="0" ten="256,205,164,365" step="2"/><U39/><REACH who="1" step="1"/><E21/><REACH who="1" ten="256,195,164,365" step="2"/><V82/><F102/><AGARI ba="2,2" hai="15,19,23,41,47,51,60,61,78,80,85,95,96,102" machi="102" ten="30,12000,1" yaku="1,1,2,1,7,1,8,1,52,1,53,0" doraHai="43" doraHaiUra="117" who="0" fromWho="2" sc="256,146,195,0,164,-126,365,0" /><INIT seed="4,3,0,3,2,93" ten="402,195,38,365" oya="0" hai0="23,95,120,117,46,97,81,6,73,100,108,30,106" hai1="67,42,47,122,65,28,127,37,35,48,31,99,113" hai2="64,92,135,40,80,68,11,72,38,52,104,49,61" hai3="89,25,59,44,118,5,132,98,14,87,126,24,43"/><T41/><D120/><U53/><E122/><V85/><F72/><W4/><G118/><T82/><D117/><U56/><E127/><V13/><F104/><W83/><G126/><T69/><D69/><U54/><E113/><V123/><F123/><W130/><G130/><T125/><D125/><U91/><E53/><V88/><F135/><W96/><G132/><T103/><D108/><U1/><E1/><V119/><F38/><W32/><G59/><T2/><D106/><U94/><REACH who="1" step="1"/><E35/><REACH who="1" ten="402,185,38,365" step="2"/><V16/><F119/><W12/><G32/><T74/><D2/><U29/><AGARI ba="3,1" hai="28,29,31,37,42,47,48,54,56,65,67,91,94,99" machi="29" ten="30,7900,0" yaku="1,1,2,1,0,1,52,1,53,0" doraHai="93" doraHaiUra="9" who="1" fromWho="1" sc="402,-42,185,98,38,-23,365,-23" /><INIT seed="5,0,0,5,0,109" ten="360,283,15,342" oya="1" hai0="60,39,89,63,58,53,98,128,97,69,103,46,80" hai1="45,36,106,73,64,22,135,2,105,35,27,48,85" hai2="93,77,86,62,118,72,44,61,33,108,0,52,21" hai3="56,84,130,90,15,5,82,101,102,68,66,95,125"/><U79/><E2/><V94/><F33/><W59/><G68/><T115/><D115/><U76/><E36/><V55/><F0/><W122/><G122/><T6/><D128/><U34/><E73/><V81/><F108/><W100/><G130/><T107/><D6/><U91/><E64/><V123/><F123/><W110/><G110/><T10/><D10/><U1/><E1/><V88/><F118/><W65/><G125/><T51/><D39/><U38/><E38/><V31/><F44/><W43/><G43/><T19/><D69/><U92/><E34/><V11/><F11/><N who="3" m="4591" /><G82/><T47/><D19/><U37/><E37/><V23/><F94/><W8/><G8/><T133/><D133/><U75/><E35/><V26/><REACH who="2" step="1"/><F21/><REACH who="2" ten="360,283,5,342" step="2"/><W12/><G12/><T120/><D120/><U71/><E135/><V111/><F111/><W30/><G30/><T134/><D134/><U74/><E71/><V116/><F116/><W57/><AGARI ba="0,1" hai="56,57,59,65,66,84,90,95,100,101,102" m="4591" machi="57" ten="30,1100,0" yaku="8,1" doraHai="109" who="3" fromWho="3" sc="360,-3,283,-5,5,-3,342,21" /><INIT seed="6,0,0,1,1,70" ten="357,278,2,363" oya="2" hai0="59,96,39,109,112,104,52,65,8,73,95,93,36" hai1="85,19,87,58,23,86,108,78,100,83,69,13,54" hai2="130,76,9,43,99,5,132,14,53,128,68,107,3" hai3="118,27,101,114,42,77,134,16,61,90,72,50,12"/><V91/><F68/><W57/><G118/><T110/><D73/><U22/><E69/><V24/><F132/><W71/><G71/><T74/><D74/><U31/><E108/><V41/><F76/><W102/><G77/><T45/><D104/><U32/><E32/><V55/><F24/><W111/><G72/><T98/><D39/><U117/><E117/><V82/><F3/><W11/><G111/><T62/><D112/><U116/><E116/><V1/><F1/><W29/><G114/><T48/><D36/><U135/><E135/><V64/><F64/><W30/><G134/><T103/><REACH who="0" step="1"/><D8/><REACH who="0" ten="347,278,2,363" step="2"/><U56/><E100/><AGARI ba="0,1" hai="45,48,52,59,62,65,93,95,96,98,100,103,109,110" machi="100" ten="30,8000,1" yaku="1,1,2,1,7,1,9,1,54,1,53,0" doraHai="70" doraHaiUra="80" who="0" fromWho="1" sc="347,90,278,-80,2,0,363,0" /><INIT seed="7,0,0,0,5,13" ten="437,198,2,363" oya="3" hai0="29,98,96,28,121,5,84,95,2,114,120,66,119" hai1="83,64,48,46,79,109,51,0,77,40,108,18,112" hai2="63,132,14,43,59,9,102,128,27,74,81,88,34" hai3="54,35,70,125,21,85,73,26,131,47,91,20,82"/><W135/><G70/><T44/><D2/><U113/><E0/><V122/><F88/><W61/><G125/><T53/><D5/><U111/><E64/><V31/><F81/><W45/><G135/><T92/><D119/><U134/><E134/><V105/><F102/><W15/><G131/><T123/><D66/><U58/><E79/><V129/><F59/><W8/><G35/><T72/><D72/><U110/><N who="1" m="28160" /><DORA hai="41" /><U87/><E58/><V99/><F63/><W60/><G73/><T117/><D117/><U3/><E3/><V12/><F43/><W62/><G54/><T7/><D7/><U116/><E116/><V67/><F74/><W23/><REACH who="3" step="1"/><G26/><REACH who="3" ten="437,198,2,353" step="2"/><T69/><D69/><U49/><REACH who="1" step="1"/><E18/><AGARI ba="0,1" hai="8,15,18,20,21,23,45,47,60,61,62,82,85,91" machi="18" ten="40,18000,2" yaku="1,1,2,1,8,1,52,3,53,0" doraHai="13,41" doraHaiUra="1,126" who="3" fromWho="1" sc="437,0,198,-180,2,0,353,190" owari="437,24.0,18,-38.0,2,-50.0,543,64.0" /></mjloggm>