<mjloggm ver="2.3"><GO type="97" lobby="0"/><UN n0="%E3%81%AE%E3%81%B2%E3%81%BE%E3%82%8A" n1="%E3%82%89%E3%81%B6%E3%81%B1%E3%82%89%E3%83%BC%E3%81%A9" n2="%43%4C%41%40%47%41%4D%45" n3="%E3%82%A6%E3%83%AB%E3%83%88%E3%83%A9%E7%AB%8B%E7%9B%B4" dan="13,15,13,14" rate="1876.94,1956.90,1909.93,1960.75" sx="F,M,M,M"/><TAIKYOKU oya="0"/><INIT seed="0,0,0,5,3,96" ten="250,250,250,250" oya="0" hai0="56,80,14,65,12,36,39,118,68,100,107,44,21" hai1="82,19,50,119,49,134,64,112,92,98,91,11,51" hai2="133,117,4,105,38,45,97,106,57,32,43,70,53" hai3="1,52,2,15,71,42,135,33,5,7,95,26,16"/><T61/><D118/><U30/><E119/><V77/><F133/><W31/><G71/><T79/><D21/><U17/><E134/><V62/><F117/><W94/><G42/><N who="0" m="22599" /><D14/><U90/><E112/><V83/><F32/><W86/><G135/><T13/><D12/><U8/><E64/><V75/><F4/><N who="3" m="1611" /><G52/><T27/><D13/><U127/><E127/><V126/><F126/><W73/><G86/><T28/><D56/><U23/><E30/><V46/><F46/><W18/><G94/><T3/><D39/><U60/><E60/><V25/><F25/><N who="3" m="18671" /><G95/><T108/><D108/><U0/><E0/><V111/><F111/><W129/><G73/><N who="0" m="43119" /><D3/><N who="3" m="1033" /><G129/><T34/><D100/><U35/><E35/><V89/><F70/><W6/><G26/><T113/><D113/><U110/><E110/><V114/><F114/><W54/><G54/><T115/><D115/><U130/><E130/><V131/><F131/><W81/><G81/><T132/><D132/><U24/><E82/><V22/><F89/><W10/><AGARI ba="0,0" hai="6,10,15,16,18" m="1033,18671,1611" machi="10" ten="30,12000,2" yaku="35,5,54,1" doraHai="96" who="3" fromWho="3" sc="250,-60,250,-30,250,-30,250,120" /><INIT seed="1,0,0,4,2,53" ten="190,220,220,370" oya="1" hai0="48,80,43,20,19,70,73,39,72,49,66,22,40" hai1="12,116,97,28,8,21,90,57,120,82,11,13,42" hai2="24,61,84,18,38,0,96,74,35,41,65,54,128" hai3="86,81,93,77,110,71,115,134,101,100,92,108,124"/><U3/><E120/><V67/><F74/><W34/><G71/><T119/><D119/><U111/><E116/><V17/><F128/><W113/><G34/><T6/><D6/><U122/><E122/><V4/><F4/><W14/><G14/><T47/><D22/><U9/><E3/><V1/><F18/><W16/><G16/><T104/><D104/><U114/><E114/><N who="3" m="43530" /><G134/><T62/><D80/><U2/><E2/><V7/><F7/><W88/><G124/><T32/><D32/><U78/><E111/><N who="3" m="42538" /><G93/><T55/><D43/><U132/><E132/><V23/><F35/><W123/><G123/><T63/><D62/><U85/><E42/><V15/><F15/><W25/><G25/><T94/><D94/><N who="1" m="56535" /><E57/><V59/><F84/><AGARI ba="0,0" hai="77,81,84,86,88,92,100,101" m="42538,43530" machi="84" ten="30,7700,0" yaku="14,1,34,2,54,1" doraHai="53" who="3" fromWho="2" sc="190,0,220,0,220,-77,370,77" /><INIT seed="2,0,0,4,0,58" ten="190,220,143,447" oya="2" hai0="16,112,116,109,119,1,111,81,48,59,83,51,132" hai1="27,4,70,103,118,93,124,14,74,73,98,89,20" hai2="19,94,33,30,99,24,105,75,65,36,35,113,121" hai3="85,107,95,86,129,26,88,87,41,69,108,125,18"/><V126/><F121/><W45/><G107/><T23/><D1/><U10/><E118/><N who="0" m="45097" /><D112/><U39/><E39/><V3/><F113/><W122/><G69/><T71/><D71/><U17/><E124/><V55/><F105/><W61/><G108/><N who="0" m="41547" /><D132/><U34/><E70/><V66/><F75/><W5/><G129/><T44/><D59/><U84/><REACH who="1" step="1"/><E34/><REACH who="1" ten="190,210,143,447" step="2"/><V91/><F126/><W56/><G125/><T64/><D64/><U47/><E47/><V29/><F36/><W115/><G115/><T102/><D102/><U13/><E13/><V28/><F3/><W31/><G45/><T82/><D44/><U8/><E8/><V92/><F35/><W120/><G120/><T25/><AGARI ba="0,1" hai="16,23,25,48,51,81,82,83" m="41547,45097" machi="25" ten="40,5200,0" yaku="12,1,14,1,54,1" doraHai="58" who="0" fromWho="0" sc="190,62,210,-13,143,-26,447,-13" /><INIT seed="3,0,0,0,3,16" ten="252,197,117,434" oya="3" hai0="48,3,84,104,39,42,50,134,97,72,135,93,31" hai1="21,117,65,20,5,83,32,101,68,71,100,79,77" hai2="81,112,64,92,15,88,82,125,132,18,128,103,127" hai3="91,95,54,49,27,110,8,56,99,34,58,6,57"/><W120/><G110/><T41/><D3/><U52/><E5/><V13/><F112/><W98/><G120/><T14/><D72/><U87/><E32/><V23/><F132/><N who="0" m="50730" /><D104/><U66/><E87/><V46/><F128/><W28/><G99/><T47/><D84/><U129/><E52/><V11/><F103/><W94/><G94/><T7/><D31/><U25/><E129/><V22/><F64/><W116/><G116/><T114/><D114/><U107/><E25/><V44/><F127/><W80/><G80/><N who="2" m="30825" /><F125/><W2/><AGARI ba="0,0" hai="2,6,8,27,28,34,49,54,56,57,58,91,95,98" machi="2" ten="20,2100,0" yaku="0,1,7,1" doraHai="16" who="3" fromWho="3" sc="252,-7,197,-7,117,-7,434,21" owari="245,5.0,190,-21.0,110,-39.0,455,55.0" /></mjloggm>