<mjloggm ver="2.3"><GO type="97" lobby="0"/><UN n0="%64%6F%6E%61%69" n1="%E3%81%B1%E3%81%A3%E3%81%B4%E3%81%A1%E3%82%83%E3%82%93" n2="%E3%82%A6%E3%83%AB%E3%83%88%E3%83%A9%E7%AB%8B%E7%9B%B4" n3="%41%5A%55%4D%41%58" dan="13,14,14,16" rate="1813.07,1841.62,1980.32,2039.50" sx="M,M,M,M"/><TAIKYOKU oya="0"/><INIT seed="0,0,0,1,1,23" ten="250,250,250,250" oya="0" hai0="36,90,114,52,63,69,73,26,89,7,68,0,133" hai1="93,104,81,97,120,113,66,116,67,61,20,1,100" hai2="118,32,95,74,126,11,42,78,84,12,37,48,58" hai3="45,55,80,18,130,54,70,117,88,24,105,53,108"/><T85/><D73/><U82/><E116/><V10/><F32/><W30/><G105/><T44/><D114/><U39/><E120/><V83/><F118/><W134/><G70/><T75/><D75/><U46/><E1/><V33/><F33/><W4/><G4/><T101/><D0/><U31/><E104/><V125/><F37/><W34/><G117/><T59/><D7/><U29/><E66/><V57/><F11/><W127/><G134/><T72/><D72/><U22/><E113/><V21/><F21/><W43/><G130/><T123/><D101/><U15/><E46/><N who="2" m="25687" /><F95/><W9/><G127/><N who="2" m="48649" /><F74/><W19/><G108/><T76/><D123/><U28/><E39/><V115/><F115/><W124/><G124/><T99/><D99/><U14/><E82/><V64/><F64/><W96/><G9/><T50/><D36/><U5/><E81/><V128/><F128/><W2/><G2/><T121/><D133/><U86/><E86/><V60/><F60/><W17/><G80/><T87/><D76/><U40/><E67/><V77/><F77/><W25/><G34/><T107/><D107/><U35/><E61/><V56/><F56/><W8/><G8/><T122/><D121/><U62/><E62/><V98/><F98/><W131/><G131/><T47/><D122/><U51/><E51/><V13/><F13/><W79/><G79/><T112/><D112/><U129/><E35/><V102/><F102/><W65/><G65/><T6/><D6/><AGARI ba="0,0" hai="6,10,12,57,58,78,83,84" m="48649,25687" machi="6" ten="30,2000,0" yaku="25,1,18,1" doraHai="23" who="2" fromWho="0" sc="250,-20,250,0,250,20,250,0" /><INIT seed="1,0,0,3,3,127" ten="230,250,270,250" oya="1" hai0="89,93,79,75,68,7,31,29,2,57,24,87,4" hai1="47,128,26,61,77,8,46,63,32,25,55,91,49" hai2="43,65,50,16,30,14,85,121,115,126,131,120,108" hai3="78,97,33,134,101,82,41,100,22,118,123,53,54"/><U18/><E77/><V39/><F39/><W1/><G33/><T15/><D68/><U3/><E32/><V52/><F43/><W35/><G35/><T6/><D2/><U74/><E74/><V98/><F65/><W38/><G123/><T124/><D124/><U48/><E3/><V45/><F126/><W95/><G100/><T84/><D75/><U70/><E70/><V76/><F30/><W19/><G134/><T11/><D79/><U88/><E128/><V103/><F108/><W67/><G67/><T90/><D24/><N who="1" m="9323" /><E8/><V96/><F115/><W9/><G22/><T34/><D34/><U40/><E18/><V110/><F110/><W44/><G19/><T13/><D57/><U12/><E12/><N who="0" m="4681" /><D11/><U37/><E37/><V99/><F131/><W114/><G114/><T113/><D113/><U58/><E58/><V132/><F132/><W42/><G42/><T86/><D93/><U72/><E72/><V71/><F71/><W111/><G111/><T135/><D135/><U133/><E133/><V73/><F73/><N who="3" m="43343" /><G118/><T129/><D129/><U28/><E28/><AGARI ba="0,0" hai="4,6,7,28,29,31,84,86,87,89,90" m="4681" machi="28" ten="40,5200,0" yaku="28,2,8,1" doraHai="127" who="0" fromWho="1" sc="230,52,250,-52,270,0,250,0" /><INIT seed="2,0,0,5,0,70" ten="282,198,270,250" oya="2" hai0="37,61,120,73,41,53,77,67,64,29,31,117,46" hai1="129,22,123,133,14,83,42,57,98,59,91,32,112" hai2="38,69,127,17,103,47,50,113,110,34,65,124,75" hai3="131,7,100,8,72,16,51,80,5,108,89,122,84"/><V11/><F34/><W101/><G122/><T99/><D117/><U36/><E32/><V96/><F75/><W88/><G131/><T86/><D120/><U27/><E133/><V21/><F113/><W111/><G72/><T2/><D2/><U56/><E129/><V81/><F81/><W126/><G89/><T49/><D73/><U39/><E112/><V13/><F65/><W10/><G126/><N who="2" m="48169" /><F69/><W74/><G74/><T1/><D1/><U20/><E42/><N who="2" m="22999" /><F50/><W6/><G51/><T24/><D99/><U25/><E14/><V85/><F85/><W35/><G35/><T15/><D15/><U102/><E83/><V33/><F33/><W26/><G111/><T118/><D118/><U115/><E123/><V71/><F71/><W4/><G108/><T62/><D62/><U58/><N who="1" m="14848" /><DORA hai="9" /><U94/><E115/><V116/><F116/><W44/><G44/><T107/><D107/><U79/><E79/><V106/><F110/><W68/><G68/><T93/><D64/><U82/><E82/><V66/><F66/><W76/><G76/><T128/><D128/><U18/><REACH who="1" step="1"/><E102/><REACH who="1" ten="282,188,270,250" step="2"/><V119/><F119/><W95/><G101/><T60/><D77/><U134/><E134/><V125/><F125/><W40/><G100/><T92/><D86/><U52/><E52/><V114/><F114/><W135/><G135/><T19/><D53/><U130/><E130/><V87/><F87/><W45/><G80/><T3/><D67/><U105/><E105/><V78/><F78/><W97/><G84/><T54/><D54/><U104/><E104/><V55/><F55/><RYUUKYOKU ba="0,1" sc="282,-15,188,15,270,15,250,-15" hai1="18,20,22,25,27,36,39,91,94,98" hai2="11,13,17,21,96,103,106" /><INIT seed="2,1,1,0,5,35" ten="267,203,285,235" oya="2" hai0="66,89,41,36,73,95,10,52,90,68,106,53,128" hai1="135,84,38,43,102,112,116,130,97,37,115,124,30" hai2="120,131,76,63,49,64,61,98,126,71,83,0,5" hai3="104,100,50,24,103,78,77,91,2,113,127,17,20"/><V96/><F120/><W65/><G104/><T99/><D73/><U85/><E30/><V33/><F33/><W57/><G2/><T129/><D106/><U8/><E8/><V11/><F126/><W42/><G127/><T58/><D36/><U39/><E43/><V105/><F131/><W26/><G26/><T47/><D41/><U70/><E124/><V15/><F105/><W7/><G7/><T29/><D29/><U75/><E130/><N who="0" m="50281" /><D47/><U25/><E75/><V40/><F63/><N who="3" m="38127" /><G91/><N who="0" m="55807" /><D68/><U122/><E116/><V110/><F110/><W86/><G113/><T109/><D109/><U31/><E122/><V27/><F27/><W92/><G92/><T67/><D10/><U59/><E135/><V88/><F88/><N who="0" m="33898" /><D53/><U3/><E3/><V60/><F0/><W48/><G86/><T132/><D132/><U16/><E70/><V44/><F61/><AGARI ba="1,1" hai="52,58,61,66,67" m="33898,55807,50281" machi="61" ten="30,3900,0" yaku="19,1,54,2" doraHai="35" who="0" fromWho="2" sc="267,52,203,0,285,-42,235,0" /><INIT seed="3,0,0,4,5,1" ten="319,203,243,235" oya="3" hai0="102,126,60,99,9,127,90,108,107,130,15,93,25" hai1="96,135,103,56,63,19,20,2,124,105,122,92,84" hai2="52,109,104,64,4,94,12,100,38,131,50,30,21" hai3="119,81,89,97,24,87,35,32,67,132,8,98,0"/><W34/><G119/><T118/><D108/><U55/><E2/><V123/><F38/><W106/><G132/><T129/><D118/><U113/><E135/><V49/><F104/><W114/><G114/><T31/><D60/><U71/><E113/><V117/><F117/><W42/><G42/><T45/><D45/><U76/><E122/><V18/><F131/><N who="0" m="50186" /><D107/><U121/><E124/><N who="0" m="47657" /><D102/><U101/><E71/><V75/><F75/><W120/><G120/><T58/><D58/><U28/><E28/><V61/><F109/><W86/><G67/><T110/><D110/><U62/><E76/><V3/><F123/><W73/><G73/><T66/><D66/><U54/><E84/><V39/><F39/><W68/><G87/><T85/><D85/><U115/><E105/><V43/><F43/><W133/><G68/><T33/><D15/><U82/><E115/><V27/><F64/><W11/><G106/><T57/><D9/><U17/><E121/><V77/><F61/><W59/><G59/><T91/><D57/><U88/><E82/><V53/><F77/><W40/><G133/><T74/><D90/><U65/><E62/><V47/><F47/><W37/><G40/><T72/><AGARI ba="0,0" hai="25,31,33,72,74,91,93,99" m="47657,50186" machi="72" ten="40,2700,0" yaku="19,1,18,1" doraHai="1" who="0" fromWho="0" sc="319,27,203,-7,243,-7,235,-13" owari="346,44.0,196,-30.0,236,4.0,222,-18.0" /></mjloggm>