<mjloggm ver="2.3"><GO type="41" lobby="0"/><UN n0="%6E%61%67%30%38" n1="%62%65%6C%6C%26%31" n2="%E3%83%A8%E3%82%B7%EF%BC%8A%E3%83%A8%E3%82%B7" n3="%E5%B0%B1%E6%B4%BB%E7%94%9F%40%E5%B7%9D%E6%9D%91%E8%BB%8D%E5%9B%A3" dan="13,17,13,15" rate="1832.16,2107.22,1913.34,2030.79" sx="M,M,M,M"/><TAIKYOKU oya="0"/><INIT seed="0,0,0,4,0,9" ten="250,250,250,250" oya="0" hai0="97,24,63,32,124,91,117,120,64,128,78,95,94" hai1="67,130,8,22,5,14,25,37,44,21,90,129,47" hai2="28,99,126,79,52,133,122,11,13,55,96,123,71" hai3="3,4,118,83,38,49,131,66,82,1,48,110,113"/><T16/><D120/><U12/><E67/><V15/><F71/><W111/><G66/><T46/><D117/><U116/><E116/><V107/><F126/><W20/><G118/><T17/><D128/><N who="1" m="49259" /><E90/><V58/><F79/><W30/><G131/><T26/><D124/><U93/><E93/><V45/><F133/><W75/><G38/><T60/><D78/><U106/><E106/><V65/><F65/><W54/><G113/><T61/><D32/><U89/><E89/><V81/><F81/><W51/><G54/><N who="2" m="20521" /><F107/><W59/><G59/><T77/><D46/><U135/><E37/><V23/><F58/><W109/><G4/><T18/><D77/><U57/><E57/><V127/><F127/><W84/><G75/><T85/><REACH who="0" step="1"/><D64/><REACH who="0" ten="240,250,250,250" step="2"/><U73/><E135/><V88/><F45/><W115/><G115/><T103/><AGARI ba="0,1" hai="16,17,18,24,26,60,61,63,85,91,94,95,97,103" machi="103" ten="30,18000,2" yaku="1,1,2,1,0,1,8,1,54,1,53,1" doraHai="9" doraHaiUra="80" who="0" fromWho="0" sc="240,190,250,-60,250,-60,250,-60" /><INIT seed="0,1,0,0,1,27" ten="430,190,190,190" oya="0" hai0="93,115,86,11,7,99,83,33,73,111,90,34,5" hai1="36,121,37,48,105,56,76,54,134,17,15,66,63" hai2="108,113,10,104,77,127,20,114,78,61,52,65,135" hai3="112,84,39,58,80,91,123,74,25,103,129,70,87"/><T122/><D122/><U32/><E105/><V75/><F104/><W82/><G70/><T41/><D115/><U96/><E121/><V69/><F108/><W18/><G123/><T67/><D73/><U35/><E134/><V46/><F127/><W119/><G119/><T14/><D111/><U125/><E125/><V126/><F126/><W1/><G1/><T45/><D67/><U9/><E76/><V132/><F10/><W106/><G39/><T133/><D5/><U97/><E37/><V68/><F20/><W62/><G74/><T43/><D43/><U31/><E36/><V13/><F13/><W98/><G129/><T71/><D71/><N who="2" m="27210" /><F75/><W0/><G0/><T53/><D53/><U26/><REACH who="1" step="1"/><E35/><REACH who="1" ten="430,180,190,190" step="2"/><V102/><F78/><W51/><G106/><T88/><D133/><N who="2" m="51274" /><F77/><W4/><G112/><N who="2" m="43113" /><F102/><W110/><G103/><T59/><D34/><U130/><E130/><V128/><F128/><W92/><G110/><T44/><D33/><U85/><E85/><V124/><F124/><W8/><G87/><T24/><D41/><U6/><E6/><V3/><F3/><W23/><G84/><T89/><D89/><U64/><E64/><V16/><F65/><W95/><G4/><T131/><D131/><U79/><E79/><V55/><F61/><W107/><G107/><T100/><D100/><U50/><E50/><N who="2" m="28759" /><F16/><W94/><G62/><T57/><D24/><U19/><E19/><V28/><F28/><W12/><G18/><T109/><D109/><U101/><E101/><V72/><F72/><W40/><G25/><T49/><D49/><U30/><E30/><RYUUKYOKU ba="1,1" sc="430,10,180,10,190,10,190,-30" hai0="7,11,14,44,45,57,59,83,86,88,90,93,99" hai1="9,15,17,26,31,32,48,54,56,63,66,96,97" hai2="55" /><INIT seed="0,2,1,1,0,129" ten="440,190,200,160" oya="0" hai0="107,84,13,9,74,32,35,52,15,17,132,65,112" hai1="12,68,6,134,64,1,40,19,120,31,27,109,62" hai2="105,46,69,37,2,127,114,30,88,16,92,39,51" hai3="97,11,50,72,18,63,26,130,124,98,67,4,47"/><T75/><D112/><U80/><E120/><V42/><F114/><W115/><G130/><T111/><D107/><U48/><E109/><V21/><F2/><W45/><G72/><T66/><D132/><U126/><E134/><V56/><F105/><W87/><G115/><T131/><D131/><U61/><E126/><V57/><F127/><W10/><G124/><T33/><D84/><U83/><E62/><V135/><F135/><W24/><G87/><T58/><D111/><U104/><E104/><V44/><F30/><W70/><G47/><T86/><D75/><U5/><E5/><V20/><F69/><W60/><G60/><T94/><D74/><U116/><E116/><V133/><F133/><W99/><G18/><T100/><D15/><U8/><E48/><V78/><F78/><W85/><G85/><T34/><N who="0" m="8704" /><DORA hai="96" /><T29/><D29/><U73/><E40/><V43/><F51/><W25/><REACH who="3" step="1"/><G4/><REACH who="3" ten="440,190,200,150" step="2"/><T125/><D125/><U22/><E73/><V41/><F41/><AGARI ba="2,2" hai="10,11,24,25,26,41,45,50,63,67,70,97,98,99" machi="41" ten="40,2600,0" yaku="1,1,2,1,53,0" doraHai="129,96" doraHaiUra="110,89" who="3" fromWho="2" sc="440,0,190,0,200,-32,150,52" /><INIT seed="1,0,0,2,5,4" ten="440,190,168,202" oya="1" hai0="111,29,14,74,69,9,126,0,30,44,77,124,63" hai1="115,60,37,99,42,57,68,79,54,100,87,53,123" hai2="110,102,61,108,83,36,17,72,127,38,28,76,107" hai3="120,116,86,50,113,20,67,62,41,118,3,131,23"/><U35/><E123/><V128/><F28/><W71/><G113/><T1/><D111/><N who="2" m="42538" /><F61/><W47/><G120/><T18/><D44/><U24/><E115/><V81/><F17/><W39/><G131/><T98/><D69/><U8/><E68/><V15/><F15/><W84/><G3/><T82/><D63/><U10/><E37/><V109/><N who="2" m="42546" /><V133/><DORA hai="2" /><F38/><W78/><G39/><T26/><D98/><U46/><E53/><V105/><F36/><W119/><G78/><T134/><D134/><U59/><E35/><V104/><F127/><N who="0" m="48682" /><D30/><U21/><E57/><V91/><F128/><W33/><G33/><AGARI ba="0,0" hai="0,1,9,14,18,26,29,33,74,77,82" m="48682" machi="33" ten="30,2000,0" yaku="18,1,52,1" doraHai="4,2" who="0" fromWho="3" sc="440,20,190,0,168,0,202,-20" /><INIT seed="2,0,0,2,0,11" ten="460,190,168,182" oya="2" hai0="133,77,51,60,90,114,115,14,19,59,46,61,91" hai1="123,57,127,117,125,1,12,120,84,131,132,108,0" hai2="4,126,33,7,42,21,45,23,99,110,58,69,100" hai3="97,28,43,105,25,39,70,107,27,47,20,26,104"/><V98/><F69/><W128/><G128/><T37/><D133/><U55/><E117/><V96/><F33/><W109/><G109/><T119/><D37/><U93/><E132/><V31/><F126/><N who="1" m="48137" /><E131/><V129/><F129/><W79/><G70/><T5/><D5/><N who="2" m="2122" /><F100/><W6/><G79/><T41/><D119/><U24/><E24/><N who="2" m="16783" /><F110/><W78/><G78/><T2/><D2/><U13/><E108/><V106/><F106/><W83/><G83/><T75/><D61/><N who="1" m="36031" /><E0/><V50/><F58/><W72/><G72/><T112/><D77/><U121/><E1/><V17/><F99/><W71/><G71/><T74/><D75/><U30/><E30/><V86/><F86/><W81/><G81/><T101/><D101/><U10/><E10/><V124/><F124/><W118/><G118/><T87/><D74/><U130/><E130/><V3/><F3/><W9/><REACH who="3" step="1"/><G97/><REACH who="3" ten="460,190,168,172" step="2"/><T54/><REACH who="0" step="1"/><D87/><REACH who="0" ten="450,190,168,172" step="2"/><U32/><E84/><V94/><F94/><W85/><G85/><T29/><D29/><U52/><E93/><V53/><F42/><W67/><G67/><T135/><D135/><U36/><E121/><V34/><F34/><W134/><G134/><T103/><D103/><U48/><E32/><V102/><F102/><W68/><G68/><T65/><D65/><U40/><E40/><V111/><F111/><W56/><G56/><T18/><D18/><U44/><E123/><V38/><F38/><W116/><G116/><T82/><D82/><U15/><E120/><V64/><F64/><W66/><G66/><T73/><D73/><U113/><E36/><V80/><F80/><RYUUKYOKU ba="0,2" sc="450,0,190,0,168,0,172,0" hai0="14,19,41,46,51,54,59,60,90,91,112,114,115" hai1="12,13,15,44,48,52,113" hai2="17,23,45,50,53,96,98" hai3="6,9,20,25,26,27,28,39,43,47,104,105,107" /><INIT seed="2,1,2,4,1,106" ten="450,190,168,172" oya="2" hai0="71,110,36,109,12,4,89,54,114,19,39,58,128" hai1="76,31,64,16,113,131,124,88,13,26,75,5,2" hai2="122,79,105,49,117,0,125,40,86,55,82,120,37" hai3="135,133,123,47,25,7,96,130,74,42,95,115,63"/><V59/><F105/><W70/><G123/><T97/><D114/><U60/><E113/><V10/><F117/><W134/><G130/><T51/><D71/><U46/><E131/><V107/><F107/><W17/><G115/><T43/><D4/><U111/><E111/><N who="0" m="42505" /><D128/><U90/><E124/><V9/><F125/><W30/><G7/><T45/><D97/><U103/><E103/><V11/><REACH who="2" step="1"/><F0/><REACH who="2" ten="450,190,158,172" step="2"/><W44/><G134/><T50/><D89/><U67/><E2/><V73/><F73/><W93/><G74/><T129/><D129/><U87/><E75/><V101/><F101/><W8/><G133/><T92/><D92/><U72/><E72/><V66/><F66/><W99/><G135/><T119/><D119/><U57/><E64/><V1/><F1/><W118/><G118/><T69/><D69/><U84/><E90/><V78/><F78/><W14/><G95/><T27/><D27/><U127/><E76/><V24/><F24/><W85/><G93/><T23/><AGARI ba="1,3" hai="12,19,23,36,39,43,45,50,51,54,58" m="42505" machi="23" ten="30,1100,0" yaku="14,1" doraHai="106" who="0" fromWho="0" sc="450,44,190,-4,158,-6,172,-4" /><INIT seed="3,0,0,4,2,121" ten="494,186,152,168" oya="3" hai0="14,2,46,66,124,102,125,22,29,132,65,122,89" hai1="63,80,64,78,9,43,24,128,36,52,105,104,99" hai2="97,25,71,116,19,60,123,13,83,51,82,118,39" hai3="90,81,3,120,96,44,135,133,74,6,7,92,41"/><W38/><G120/><T86/><D122/><U126/><E126/><N who="0" m="48745" /><D2/><U117/><E128/><V4/><F123/><W95/><G95/><N who="0" m="54711" /><D102/><U34/><E9/><V88/><F39/><W75/><G75/><T93/><D132/><U98/><E117/><V91/><F4/><W72/><G72/><T114/><D46/><U5/><E5/><V21/><F51/><W55/><G55/><T94/><D114/><U49/><E36/><V107/><F71/><W18/><G18/><N who="0" m="10583" /><D29/><U84/><E43/><V100/><F60/><W70/><G70/><T130/><D130/><U76/><E105/><V112/><F112/><W16/><G16/><T73/><D73/><U10/><E104/><V67/><F67/><AGARI ba="0,0" hai="65,66,67,93,94" m="10583,54711,48745" machi="67" ten="30,1000,0" yaku="18,1" doraHai="121" who="0" fromWho="2" sc="494,10,186,0,152,-10,168,0" /><INIT seed="4,0,0,4,5,13" ten="504,186,142,168" oya="0" hai0="85,132,82,100,58,19,22,75,131,67,34,6,98" hai1="30,46,110,10,102,108,53,0,8,3,14,105,94" hai2="124,56,120,109,51,52,27,106,39,116,12,126,113" hai3="33,57,99,91,130,118,73,125,55,101,88,24,114"/><T90/><D34/><U28/><E105/><V38/><F106/><W97/><G118/><T17/><D132/><U20/><E102/><V71/><F27/><W61/><G73/><T92/><D131/><U60/><E94/><V23/><F109/><N who="1" m="42089" /><E60/><V7/><F7/><W26/><G130/><T79/><D6/><U69/><E53/><V36/><F120/><W119/><G119/><T15/><D67/><U62/><E62/><V86/><F116/><W87/><G114/><T16/><REACH who="0" step="1"/><D58/><REACH who="0" ten="494,186,142,168" step="2"/><U40/><E69/><V37/><F113/><W93/><G33/><T4/><D4/><U29/><E46/><V54/><F71/><W117/><G117/><T2/><D2/><N who="1" m="555" /><E40/><V65/><F65/><W1/><G1/><T43/><D43/><U133/><E133/><V83/><F54/><W59/><G59/><T5/><D5/><U63/><E63/><V18/><N who="2" m="9728" /><DORA hai="21" /><V103/><REACH who="2" step="1"/><F103/><REACH who="2" ten="494,186,132,168" step="2"/><W48/><G61/><T77/><D77/><AGARI ba="0,2" hai="12,18,23,51,52,56,77,83,86,124,126" m="9728" machi="77" ten="70,12000,2" yaku="1,1,2,1,52,1,54,1,53,3" doraHai="13,21" doraHaiUra="134,49" who="2" fromWho="0" sc="494,-120,186,0,132,140,168,0" /><INIT seed="5,0,0,1,0,29" ten="374,186,272,168" oya="1" hai0="113,123,107,59,125,24,13,90,19,7,106,44,128" hai1="55,23,37,57,21,64,15,95,5,17,93,45,10" hai2="105,49,127,0,33,20,99,103,79,25,28,9,69" hai3="132,26,41,100,63,36,12,51,60,91,56,130,112"/><U2/><E64/><V109/><F49/><W66/><G112/><T102/><D128/><U73/><E73/><V77/><F109/><W108/><G108/><T52/><D125/><U129/><E129/><V54/><F127/><W4/><G132/><T50/><D113/><U31/><E37/><V121/><F121/><W42/><G130/><T89/><D123/><U114/><E45/><V119/><F119/><W3/><G3/><T131/><D131/><U14/><E114/><V116/><F116/><W122/><G122/><T38/><D7/><U118/><E118/><V111/><F111/><W80/><G36/><T74/><D74/><U133/><E133/><V135/><F135/><W58/><G100/><T76/><D76/><U83/><E83/><V34/><F69/><W126/><G126/><T87/><D90/><U43/><E43/><V27/><F54/><W47/><G26/><T11/><D102/><U81/><E81/><V16/><REACH who="2" step="1"/><F34/><REACH who="2" ten="374,186,262,168" step="2"/><W115/><G115/><T71/><D71/><U70/><E70/><V92/><F92/><W97/><G42/><T65/><D107/><U67/><E67/><V6/><AGARI ba="0,1" hai="0,6,9,16,20,25,27,28,33,77,79,99,103,105" machi="6" ten="30,7900,0" yaku="1,1,0,1,52,1,54,1,53,0" doraHai="29" doraHaiUra="104" who="2" fromWho="2" sc="374,-20,186,-39,262,89,168,-20" /><INIT seed="6,0,0,1,1,94" ten="354,147,351,148" oya="2" hai0="114,46,43,108,10,107,135,48,57,73,126,64,82" hai1="104,39,11,55,42,21,90,67,102,24,0,6,89" hai2="93,97,78,106,134,17,131,28,129,77,112,23,122" hai3="32,111,44,53,81,56,118,115,50,95,35,113,37"/><V117/><F28/><W1/><G1/><T13/><D108/><U101/><E67/><V87/><F23/><W92/><G118/><T109/><D109/><U79/><E79/><N who="2" m="30219" /><F17/><W133/><G81/><T30/><D73/><U96/><E102/><N who="2" m="62799" /><F122/><W26/><G111/><T80/><D107/><U125/><E125/><V86/><F117/><W59/><G133/><T65/><D135/><U27/><E55/><V66/><F66/><N who="0" m="25706" /><D114/><N who="3" m="43529" /><G26/><T9/><D126/><U5/><E6/><V18/><F18/><W34/><G37/><T91/><D30/><U12/><E0/><V98/><F134/><W49/><G59/><T45/><D45/><U132/><E132/><V84/><F112/><W20/><G20/><T33/><D33/><N who="3" m="8449" /><W40/><AGARI ba="0,0" hai="40,44,49,50,53,56,92,95" m="8449,43529" machi="40" ten="50,6400,0" yaku="4,1,15,1,11,1" doraHai="94" who="3" fromWho="3" sc="354,-16,147,-16,351,-32,148,64" /><INIT seed="7,0,0,3,0,39" ten="338,131,319,212" oya="3" hai0="12,105,100,15,31,98,47,101,46,43,23,74,3" hai1="132,80,38,8,18,117,41,81,111,36,89,73,20" hai2="96,21,26,10,95,114,97,68,67,63,124,40,84" hai3="64,76,103,19,22,30,128,53,91,126,99,48,57"/><W61/><G126/><T59/><D74/><U115/><E111/><V33/><F114/><W60/><G128/><T71/><D71/><U52/><E115/><V135/><F124/><W50/><G76/><T16/><D3/><U27/><E132/><V90/><F135/><W87/><G30/><T66/><D47/><U94/><E117/><V5/><F33/><W113/><G113/><T77/><D77/><U122/><E122/><V130/><F130/><W119/><G119/><T45/><D45/><U17/><E73/><V29/><REACH who="2" step="1"/><F40/><REACH who="2" ten="338,131,309,212" step="2"/><W104/><G50/><N who="0" m="26975" /><D105/><U127/><E127/><V11/><F11/><W118/><G118/><T35/><D35/><U120/><E120/><V65/><F65/><W58/><G64/><T28/><D66/><U108/><E108/><V70/><F70/><W92/><G58/><T44/><D59/><U85/><E38/><V1/><AGARI ba="0,1" hai="1,5,10,21,26,29,63,67,68,84,90,95,96,97" machi="1" ten="20,2700,0" yaku="1,1,0,1,7,1,53,0" doraHai="39" doraHaiUra="106" who="2" fromWho="2" sc="338,-7,131,-7,309,37,212,-13" owari="331,13.0,124,-38.0,346,45.0,199,-20.0" /></mjloggm>