<mjloggm ver="2.3"><GO type="169" lobby="0"/><UN n0="%E3%82%A6%E3%83%AB%E3%83%88%E3%83%A9%E7%AB%8B%E7%9B%B4" n1="%E5%B0%BC%E9%BE%8D" n2="%4F%5A%4B%59" n3="%E3%81%97%E3%81%8A%E3%82%84%E3%81%A0%E3%82%93" dan="17,16,16,17" rate="2150.27,2064.35,2066.42,2131.55" sx="M,M,M,F"/><TAIKYOKU oya="0"/><INIT seed="0,0,0,0,5,59" ten="250,250,250,250" oya="0" hai0="83,133,126,5,111,40,45,50,116,121,99,100,48" hai1="75,12,64,70,78,34,81,30,28,46,112,9,127" hai2="51,85,130,106,14,80,125,120,31,20,61,102,21" hai3="53,73,33,0,18,117,77,134,88,8,114,52,69"/><T86/><D121/><U13/><E127/><V131/><F120/><W3/><G117/><T110/><D116/><U105/><E105/><V55/><F125/><W32/><G114/><T60/><D5/><U123/><E123/><V63/><F21/><W93/><G69/><T89/><D126/><U1/><E112/><V11/><F102/><W128/><G77/><T26/><D26/><U119/><E119/><V91/><F106/><W62/><G73/><T24/><D24/><U135/><E135/><V118/><F118/><W96/><G128/><N who="2" m="49193" /><F20/><W57/><G134/><T84/><D84/><U23/><E34/><V72/><F31/><W17/><G53/><T129/><D48/><U58/><E70/><V47/><F72/><W115/><G115/><T35/><D35/><U71/><E71/><V101/><F101/><W97/><G97/><T6/><D6/><AGARI ba="0,0" hai="6,11,14,47,51,55,61,63,80,85,91" m="49193" machi="6" ten="30,3900,0" yaku="19,1,52,2" doraHai="59" who="2" fromWho="0" sc="250,-39,250,0,250,39,250,0" /><INIT seed="1,0,0,4,2,77" ten="211,250,289,250" oya="1" hai0="103,99,35,44,119,117,115,72,7,56,121,122,13" hai1="29,102,63,38,49,105,67,17,9,33,62,74,124" hai2="90,64,91,76,70,97,41,48,84,118,3,128,66" hai3="20,50,15,12,134,135,37,71,93,94,69,61,31"/><U132/><E38/><V95/><F3/><W131/><G37/><T34/><D44/><U45/><E74/><V130/><F118/><N who="0" m="45066" /><D56/><U36/><E36/><V58/><F70/><W89/><G131/><N who="2" m="50217" /><F76/><W85/><G50/><T68/><D68/><U104/><E63/><V55/><F41/><W112/><G112/><T52/><D52/><N who="1" m="29743" /><E17/><V19/><F19/><W6/><G61/><T24/><D72/><U75/><E75/><V79/><F79/><W120/><G120/><N who="0" m="46187" /><D24/><N who="1" m="18599" /><E9/><V2/><F2/><W127/><G69/><T86/><D115/><U87/><E105/><V54/><F54/><W4/><G71/><T82/><D13/><U10/><E10/><V47/><F47/><W8/><G15/><T78/><D7/><U111/><E102/><V125/><F66/><W106/><G12/><T42/><D42/><U51/><E104/><AGARI ba="0,0" hai="34,35,78,82,86,99,103,104" m="46187,45066" machi="104" ten="30,2000,0" yaku="13,1,52,1" doraHai="77" who="0" fromWho="1" sc="211,20,250,-20,289,0,250,0" /><INIT seed="2,0,0,4,1,112" ten="231,230,289,250" oya="2" hai0="106,122,77,25,108,69,82,102,119,6,95,91,52" hai1="99,64,71,41,135,46,109,67,68,133,3,51,128" hai2="50,83,72,54,134,89,21,86,59,129,29,39,38" hai3="70,94,23,37,101,78,57,115,36,130,13,123,28"/><V118/><F118/><W55/><G70/><N who="1" m="26666" /><E99/><V96/><F129/><W103/><G115/><T32/><D69/><U98/><E98/><V125/><F125/><W117/><G117/><T30/><D119/><U4/><E4/><V31/><F134/><N who="1" m="51209" /><E3/><V80/><F96/><W14/><G130/><T24/><D102/><U73/><E73/><V12/><F72/><W87/><G123/><T27/><D122/><U61/><E128/><V65/><F65/><N who="1" m="25161" /><E61/><V76/><F12/><W47/><G101/><T44/><D106/><U20/><E20/><V110/><F21/><W35/><G23/><T5/><D32/><U63/><E63/><V81/><F31/><W126/><G13/><T111/><D30/><U19/><E19/><V48/><F29/><W131/><G14/><T113/><D5/><U16/><E16/><V18/><F18/><W9/><G103/><T7/><D7/><U22/><E22/><V58/><F80/><W42/><G28/><T62/><D6/><U34/><E34/><V2/><F2/><W105/><G35/><T0/><D0/><U127/><E127/><V114/><F76/><W88/><G78/><T11/><D77/><U10/><E10/><V97/><F114/><W84/><G9/><T15/><D82/><U124/><E124/><V33/><F97/><W17/><G126/><T93/><D113/><U56/><E56/><V104/><F33/><W66/><G17/><N who="0" m="8447" /><D111/><BYE who="0" /><AGARI ba="0,0" hai="41,46,51,109,111" m="25161,51209,26666" machi="111" ten="40,5200,0" yaku="20,1,34,2" doraHai="112" who="1" fromWho="0" sc="231,-52,230,52,289,0,250,0" /><INIT seed="3,0,0,5,3,122" ten="179,282,289,250" oya="3" hai0="100,37,81,104,94,9,110,130,52,92,77,65,60" hai1="53,61,41,10,134,117,133,62,48,55,16,63,119" hai2="0,95,132,105,82,111,72,68,88,83,21,5,51" hai3="57,113,17,64,80,40,1,14,98,12,102,90,124"/><W131/><G1/><T73/><D73/><U85/><E85/><V86/><F68/><W115/><G124/><T96/><D96/><U34/><E34/><V103/><F111/><W114/><G131/><T89/><D89/><U108/><E108/><V2/><F132/><N who="1" m="50793" /><E16/><V36/><F36/><W4/><G40/><T30/><D30/><U49/><E10/><V24/><F51/><N who="1" m="19529" /><E41/><V71/><F71/><W38/><G38/><T43/><D43/><U69/><E69/><V123/><F123/><W13/><G4/><T50/><D50/><U128/><E128/><V18/><F5/><W25/><G90/><T58/><D58/><U118/><AGARI ba="0,0" hai="53,55,61,62,63,117,118,119" m="19529,50793" machi="118" ten="40,12000,2" yaku="28,2,12,1,20,1,34,2" doraHai="122" who="1" fromWho="1" sc="179,-30,282,120,289,-30,250,-60" /><INIT seed="4,0,0,2,0,13" ten="149,402,259,190" oya="0" hai0="65,113,111,118,128,50,73,21,43,29,102,31,10" hai1="8,48,79,78,44,49,24,104,20,76,23,39,74" hai2="96,17,16,84,114,83,91,126,32,9,101,80,28" hai3="61,33,129,92,4,22,63,122,68,90,66,11,77"/><T87/><D87/><U81/><E104/><V0/><F126/><W58/><G33/><T42/><D42/><U94/><E39/><V38/><F38/><W110/><G122/><T46/><D46/><U107/><E107/><V88/><F114/><W69/><G77/><T3/><D3/><U112/><E112/><V71/><F71/><W19/><G129/><T56/><D56/><U119/><E119/><V52/><F28/><W75/><G75/><T62/><D62/><U27/><E8/><V135/><F32/><W51/><G51/><T36/><D36/><U53/><E94/><N who="2" m="58519" /><F0/><W105/><G105/><T100/><D100/><U12/><E12/><N who="2" m="7183" /><F135/><W41/><G41/><T89/><D89/><N who="2" m="34378" /><F84/><W123/><G123/><T18/><D18/><U97/><E97/><V93/><F93/><W117/><G110/><T121/><D121/><U15/><E15/><V82/><F17/><W85/><G117/><T134/><D134/><U99/><E99/><V14/><F14/><W131/><G131/><T64/><D64/><U40/><E74/><V72/><F72/><W133/><G133/><T132/><D132/><U25/><E81/><N who="2" m="20739" /><V109/><DORA hai="70" /><F109/><W108/><G108/><T120/><D120/><U127/><E127/><V34/><F34/><W124/><G124/><T47/><D47/><AGARI ba="0,0" hai="20,23,24,25,27,40,44,47,48,49,53,76,78,79" machi="47" ten="40,1300,0" yaku="8,1" doraHai="13,70" who="1" fromWho="0" sc="149,-13,402,13,259,0,190,0" /><INIT seed="5,0,0,2,4,121" ten="136,415,259,190" oya="1" hai0="69,65,59,16,101,100,126,25,58,118,62,10,81" hai1="63,115,55,9,129,110,124,13,98,20,1,30,11" hai2="135,93,37,82,87,8,95,123,96,52,38,23,50" hai3="60,83,92,57,116,46,51,28,48,40,41,43,80"/><U74/><E74/><V134/><F123/><W112/><G116/><T73/><D73/><U75/><E75/><V31/><F8/><W64/><G112/><T42/><D42/><U6/><E115/><V104/><F104/><W97/><G28/><T130/><D130/><U78/><E78/><V29/><F38/><W70/><G70/><T85/><D85/><U125/><E129/><V53/><F37/><W89/><REACH who="3" step="1"/><G51/><REACH who="3" ten="136,415,259,180" step="2"/><T47/><D47/><U111/><E63/><V34/><F50/><W109/><G109/><N who="1" m="41482" /><E98/><V131/><F29/><W72/><G72/><T132/><D132/><U26/><E55/><AGARI ba="0,1" hai="40,41,43,46,48,55,57,60,64,80,83,89,92,97" machi="55" ten="40,2600,0" yaku="1,1,8,1,53,0" doraHai="121" doraHaiUra="5" who="3" fromWho="1" sc="136,0,415,-26,259,0,180,36" /><INIT seed="6,0,0,1,1,33" ten="136,389,259,216" oya="2" hai0="45,35,132,106,118,17,38,23,46,122,75,67,43" hai1="78,70,49,112,3,79,57,8,107,34,102,90,119" hai2="71,91,104,84,98,13,44,20,124,129,56,131,2" hai3="96,113,100,50,80,86,30,77,93,10,42,52,111"/><V5/><F71/><W99/><G111/><T4/><D4/><U60/><E119/><V16/><F124/><W14/><G113/><T19/><D19/><U115/><E34/><V53/><F44/><W37/><G30/><T133/><D133/><U89/><E70/><V101/><F5/><W25/><G37/><T85/><D85/><U58/><E107/><V125/><F2/><W48/><G25/><T40/><D40/><U81/><E102/><V83/><REACH who="2" step="1"/><F125/><REACH who="2" ten="136,389,249,216" step="2"/><W18/><G42/><T28/><D28/><U103/><E115/><V27/><F27/><W29/><G29/><T126/><D126/><U74/><E112/><V21/><F21/><W69/><G69/><T65/><D65/><U109/><E109/><V73/><F73/><W88/><REACH who="3" step="1"/><G52/><REACH who="3" ten="136,389,249,206" step="2"/><T120/><D120/><U7/><E74/><UN n0="%E3%82%A6%E3%83%AB%E3%83%88%E3%83%A9%E7%AB%8B%E7%9B%B4" /><V59/><F59/><W128/><G128/><T22/><D43/><U41/><E58/><V6/><F6/><W134/><G134/><T15/><D132/><U61/><E57/><V64/><F64/><W66/><G66/><T95/><D67/><U47/><E7/><V24/><F24/><W121/><G121/><T26/><D122/><U72/><E41/><V123/><F123/><W36/><G36/><T12/><D38/><U97/><E72/><V108/><F108/><W62/><G62/><AGARI ba="0,2" hai="13,16,20,53,56,62,83,84,91,98,101,104,129,131" machi="62" ten="40,3900,0" yaku="1,1,54,1,53,0" doraHai="33" doraHaiUra="117" who="2" fromWho="3" sc="136,0,389,0,249,59,206,-39" /><INIT seed="6,1,0,3,1,21" ten="136,389,308,167" oya="2" hai0="88,10,1,118,33,54,31,91,16,23,73,3,0" hai1="30,51,39,76,65,108,116,9,75,74,70,20,114" hai2="92,127,15,48,42,55,103,12,72,8,43,7,45" hai3="66,35,47,37,24,25,105,53,64,111,119,117,82"/><V134/><F72/><W94/><G105/><T78/><D118/><U93/><E116/><V130/><F127/><W5/><G111/><T90/><D33/><U99/><E108/><V87/><F130/><W32/><G5/><T123/><D123/><U79/><E39/><V135/><F15/><W57/><G82/><T56/><D31/><U2/><E114/><V120/><F120/><W124/><G124/><T106/><D106/><U86/><E75/><V133/><REACH who="2" step="1"/><F87/><REACH who="2" ten="136,389,298,167" step="2"/><W109/><G119/><T49/><D73/><U6/><E74/><V58/><F58/><W122/><G117/><T83/><D10/><U46/><E86/><V71/><F71/><W50/><G122/><T104/><D1/><U102/><E70/><V77/><F77/><W95/><G109/><T100/><D3/><U18/><E79/><V115/><F115/><W62/><G35/><T121/><D0/><U4/><E76/><V126/><F126/><W85/><G32/><T28/><D121/><U38/><E2/><V19/><F19/><W69/><G85/><N who="0" m="48375" /><D104/><U67/><E9/><V14/><F14/><W36/><G69/><T132/><D132/><U97/><E18/><V80/><F80/><W60/><G94/><T34/><D34/><U26/><E93/><V41/><F41/><W96/><G95/><T112/><D112/><U40/><E40/><V84/><F84/><W52/><G57/><T101/><D28/><U129/><E30/><V63/><F63/><W125/><G125/><T113/><D113/><U110/><E110/><V22/><F22/><W11/><G60/><T44/><D56/><RYUUKYOKU ba="1,1" sc="136,15,389,-15,298,15,167,-15" hai0="16,23,44,49,54,88,90,91,100,101" hai2="7,8,12,42,43,45,48,55,92,103,133,134,135" /><INIT seed="6,2,1,0,1,89" ten="151,374,313,152" oya="2" hai0="108,8,46,96,121,87,12,0,24,65,44,133,103" hai1="110,107,79,124,56,7,78,105,48,28,14,88,122" hai2="135,99,113,114,84,97,72,106,117,115,131,42,26" hai3="101,118,21,32,93,74,2,40,90,1,19,94,111"/><V70/><F117/><W100/><G32/><T35/><D0/><U45/><E110/><V62/><F72/><W3/><G118/><T5/><D108/><U125/><E122/><V126/><F126/><N who="1" m="48745" /><E28/><V27/><F131/><W18/><G74/><T11/><D121/><U52/><E7/><V61/><F135/><W69/><G69/><T76/><D133/><U102/><E14/><V104/><F42/><W80/><G40/><T31/><D11/><U127/><E127/><V98/><F84/><W37/><G37/><T64/><D76/><N who="1" m="29227" /><E102/><V66/><REACH who="2" step="1"/><F62/><REACH who="2" ten="151,374,303,152" step="2"/><W25/><G111/><T86/><D86/><U47/><E107/><AGARI ba="2,2" hai="26,27,61,66,70,97,98,99,104,106,107,113,114,115" machi="107" ten="50,9600,0" yaku="1,1,2,1,15,1,53,0" doraHai="89" doraHaiUra="77" who="2" fromWho="1" sc="151,0,374,-102,303,122,152,0" /><INIT seed="6,3,0,3,2,43" ten="151,272,425,152" oya="2" hai0="20,31,17,54,109,63,60,36,11,84,5,135,15" hai1="59,46,0,22,71,1,39,69,47,56,122,98,115" hai2="58,73,118,107,91,10,103,82,83,42,41,65,108" hai3="125,87,32,38,77,45,40,134,127,68,66,86,75"/><V7/><F118/><W81/><G32/><T72/><D72/><U19/><E115/><V111/><F83/><W116/><G116/><T70/><D109/><N who="2" m="42058" /><F103/><W12/><G134/><T133/><D36/><U89/><E39/><V110/><F107/><W21/><G66/><T130/><D130/><U96/><E89/><V23/><F23/><W113/><G68/><T123/><D31/><U105/><E105/><V62/><N who="2" m="42066" /><V74/><DORA hai="16" /><F91/><W53/><G53/><T4/><D123/><U129/><E129/><V13/><F82/><W76/><G113/><T88/><D133/><U61/><E19/><V6/><F6/><W94/><G76/><T114/><D5/><U126/><E122/><V55/><F65/><W44/><G44/><N who="1" m="16938" /><E61/><V14/><F14/><W9/><G94/><N who="0" m="54535" /><D135/><U29/><E29/><V117/><F117/><W97/><G97/><N who="1" m="37482" /><E22/><V18/><F18/><N who="3" m="8463" /><G21/><T64/><D114/><U3/><E126/><AGARI ba="3,0" hai="38,40,45,75,77,81,86,87,125,126,127" m="8463" machi="126" ten="30,2000,0" yaku="18,1,52,1" doraHai="43,16" who="3" fromWho="1" sc="151,0,272,-29,425,0,152,29" /><INIT seed="7,0,0,2,0,69" ten="151,243,425,181" oya="3" hai0="88,110,10,12,11,32,81,105,111,95,121,13,106" hai1="85,87,34,67,62,117,48,83,107,45,97,44,46" hai2="4,98,9,118,133,27,22,101,130,96,64,59,24" hai3="66,42,116,36,127,78,1,77,15,109,38,14,112"/><W25/><G116/><T131/><D32/><U31/><E117/><V73/><F118/><W120/><G1/><T113/><D81/><U76/><E34/><V90/><F73/><W5/><G120/><T35/><D35/><U39/><E31/><V6/><F130/><W84/><G66/><T47/><D47/><U58/><E87/><V26/><F133/><W99/><G42/><T51/><D51/><U63/><E63/><N who="2" m="38015" /><F101/><W50/><G50/><T115/><D95/><U103/><REACH who="1" step="1"/><E48/><REACH who="1" ten="151,233,425,181" step="2"/><V52/><F96/><W114/><G84/><T29/><D29/><U74/><E74/><V33/><F98/><W86/><G86/><T23/><D131/><U129/><E129/><V119/><F33/><W61/><G99/><T134/><D134/><U104/><E104/><V2/><F119/><W89/><G61/><T80/><D80/><U43/><AGARI ba="0,1" hai="39,43,44,45,46,58,62,67,76,83,85,97,103,107" machi="43" ten="30,4000,0" yaku="1,1,0,1,52,1,53,0" doraHai="69" doraHaiUra="21" who="1" fromWho="1" sc="151,-10,233,50,425,-10,181,-20" owari="141,-36.0,283,8.0,415,52.0,161,-24.0" /></mjloggm>