<mjloggm ver="2.3"><GO type="97" lobby="0"/><UN n0="%E3%82%A6%E3%83%AB%E3%83%88%E3%83%A9%E7%AB%8B%E7%9B%B4" n1="%E5%92%B2%EF%BC%A0%E7%9B%A3%E7%9D%A3" n2="%E7%84%A1%E7%87%88" n3="%E6%B3%A3%E3%81%8D%E9%B3%B4%E3%81%8D%E3%83%AB%E3%83%91%E3%83%B3" dan="15,13,14,14" rate="1987.50,1876.37,1984.50,1889.76" sx="M,M,M,M"/><TAIKYOKU oya="0"/><INIT seed="0,0,0,2,5,18" ten="250,250,250,250" oya="0" hai0="16,45,82,131,10,38,22,109,53,75,70,57,107" hai1="133,121,9,127,43,117,68,60,130,77,17,90,64" hai2="79,51,88,13,129,124,3,7,80,101,113,120,125" hai3="91,54,106,15,100,12,30,6,98,32,104,114,72"/><T33/><D33/><U24/><E121/><V76/><F120/><W14/><G72/><T20/><D107/><U111/><E117/><V2/><F113/><W74/><G74/><T102/><D70/><U52/><E133/><V78/><F101/><W36/><G36/><T81/><D38/><U35/><E130/><V5/><F129/><W85/><G6/><N who="2" m="2057" /><F13/><W105/><G54/><T84/><D75/><U34/><E127/><N who="2" m="48715" /><F51/><W31/><G114/><T126/><D126/><U56/><E111/><V49/><F49/><W58/><G58/><T134/><D134/><U135/><E135/><V99/><F99/><W39/><G32/><T19/><D102/><U47/><E77/><V123/><F123/><W119/><G39/><T115/><D115/><U116/><E116/><V110/><F110/><W132/><G119/><T8/><D109/><U103/><E103/><V122/><F122/><W1/><G1/><T55/><D45/><U83/><E9/><N who="0" m="3689" /><D131/><U108/><E108/><V95/><F95/><W50/><G50/><N who="0" m="30903" /><D55/><U46/><E35/><V96/><F96/><W86/><G132/><T40/><D40/><U128/><E128/><V89/><F80/><N who="0" m="30826" /><D84/><N who="3" m="32361" /><G100/><T44/><D44/><U42/><E43/><V11/><F11/><W63/><G98/><T69/><D69/><U87/><E42/><V27/><F27/><W93/><G93/><T26/><D26/><U23/><E34/><V59/><F59/><W61/><G105/><T118/><D118/><U97/><E97/><V66/><F66/><W65/><G106/><T4/><D4/><U48/><AGARI ba="0,0" hai="17,23,24,46,47,48,52,56,60,64,68,83,87,90" machi="48" ten="20,5200,0" yaku="0,1,7,1,52,1,54,1" doraHai="18" who="1" fromWho="1" sc="250,-26,250,52,250,-13,250,-13" /><INIT seed="1,0,0,0,4,28" ten="224,302,237,237" oya="1" hai0="130,123,114,25,121,70,94,67,134,64,76,11,61" hai1="85,7,41,26,56,22,55,100,116,71,111,62,60" hai2="43,106,34,4,53,51,31,86,108,93,16,5,107" hai3="129,12,101,57,8,98,40,13,124,102,77,3,59"/><U87/><E116/><V133/><F43/><W9/><G124/><T24/><D114/><U30/><E7/><V128/><F128/><W23/><G3/><T109/><D109/><U73/><E73/><V0/><F133/><W95/><G77/><T6/><D130/><U32/><E111/><V66/><F108/><W38/><G38/><T68/><D134/><U69/><E41/><V120/><F66/><W112/><G40/><T50/><D50/><U33/><E100/><V125/><F120/><W47/><G47/><T42/><D42/><U96/><E96/><V103/><F125/><W82/><G82/><T20/><D94/><U74/><E74/><V78/><F5/><W92/><G129/><T2/><D76/><U49/><E69/><V91/><F78/><W126/><G112/><T35/><D20/><U99/><E99/><V54/><F53/><W127/><G98/><T65/><D25/><U72/><E72/><V21/><F0/><W90/><G23/><T1/><D1/><U17/><E17/><V119/><F4/><W19/><G19/><T131/><D131/><U63/><REACH who="1" step="1"/><E71/><REACH who="1" ten="224,292,237,237" step="2"/><V48/><F103/><W46/><G126/><T115/><D115/><U75/><E75/><V29/><F119/><W80/><G127/><T15/><D70/><U10/><E10/><V36/><F36/><W37/><G102/><T79/><D123/><U27/><E27/><N who="2" m="14759" /><F29/><W52/><G101/><T104/><D121/><U135/><E135/><V58/><F31/><W83/><G37/><T44/><D68/><U84/><AGARI ba="0,1" hai="22,26,30,32,33,49,55,56,60,62,63,84,85,87" machi="84" ten="30,11700,0" yaku="1,1,0,1,52,2,53,0" doraHai="28" doraHaiUra="88" who="1" fromWho="1" sc="224,-39,292,127,237,-39,237,-39" /><INIT seed="1,1,0,4,4,17" ten="185,419,198,198" oya="1" hai0="110,9,86,119,113,123,3,128,99,38,6,102,46" hai1="114,24,56,133,15,48,73,104,59,135,42,34,40" hai2="98,111,8,78,51,82,81,1,112,50,87,63,134" hai3="27,92,0,54,13,41,57,74,126,80,132,127,22"/><U14/><E114/><V109/><F112/><W7/><G0/><T11/><D119/><U4/><E104/><V16/><F1/><W39/><G132/><N who="1" m="50762" /><E73/><V68/><F134/><W115/><G115/><T60/><D113/><U101/><E101/><V116/><F116/><W124/><G41/><N who="1" m="15978" /><E4/><V130/><F130/><W69/><G69/><T65/><D128/><U35/><E24/><V122/><F122/><W90/><G39/><T49/><D110/><N who="2" m="41994" /><F98/><W10/><G80/><T37/><D86/><U43/><N who="1" m="15986" /><U94/><DORA hai="32" /><E94/><V29/><F29/><W76/><G76/><T62/><D123/><U5/><E5/><V44/><F44/><W58/><G54/><T71/><D49/><U85/><E85/><V18/><F82/><W20/><G74/><T47/><D47/><U96/><E96/><V100/><F100/><W77/><G77/><T2/><D46/><U31/><E31/><V19/><F8/><W108/><G27/><T120/><D120/><U21/><E21/><N who="3" m="8298" /><G108/><T131/><D131/><U53/><E59/><V61/><F68/><W72/><G72/><T45/><D45/><U117/><E117/><V95/><F95/><W64/><G64/><T105/><D62/><AGARI ba="1,0" hai="16,18,19,50,51,61,62,63,78,81,87" m="41994" machi="62" ten="30,2000,0" yaku="14,1,54,1" doraHai="17,32" who="2" fromWho="0" sc="185,-23,419,0,198,23,198,0" /><INIT seed="2,0,0,5,0,37" ten="162,419,221,198" oya="2" hai0="126,50,4,47,60,30,67,15,132,48,110,62,7" hai1="1,21,95,133,31,79,100,92,112,6,129,27,56" hai2="49,121,29,115,20,61,82,130,55,124,17,111,108" hai3="36,85,103,101,83,134,16,104,18,107,46,44,99"/><V2/><F121/><W118/><G118/><T22/><D110/><N who="2" m="42026" /><F2/><W9/><G134/><T113/><D113/><U0/><E112/><V98/><F115/><W43/><G46/><T64/><D126/><U127/><E127/><V25/><F124/><W10/><G10/><T117/><D117/><U52/><E133/><V120/><F120/><W105/><G9/><T119/><D119/><U53/><E79/><V34/><F82/><W63/><G63/><T86/><D132/><U94/><E129/><V32/><F130/><W42/><G99/><T14/><D86/><U72/><E72/><V70/><F98/><W59/><G59/><T135/><D135/><U41/><E100/><V80/><F80/><W68/><G68/><T35/><D35/><U97/><E97/><V12/><F61/><W131/><G131/><T45/><REACH who="0" step="1"/><D30/><REACH who="0" ten="152,419,221,198" step="2"/><U71/><E71/><V38/><F70/><W89/><G107/><T128/><D128/><U88/><E0/><V106/><F106/><W102/><G105/><T5/><D5/><U23/><E1/><V11/><F38/><W84/><G104/><T109/><D109/><U93/><E6/><V125/><F125/><W90/><REACH who="3" step="1"/><G42/><REACH who="3" ten="152,419,221,188" step="2"/><T24/><D24/><U87/><E41/><V77/><F77/><W69/><G69/><T78/><D78/><U76/><E76/><V65/><F65/><W123/><G123/><T73/><D73/><U116/><E116/><V58/><AGARI ba="0,2" hai="11,12,17,20,25,29,32,34,49,55,58" m="42026" machi="58" ten="30,3000,0" yaku="14,1,10,1" doraHai="37" who="2" fromWho="2" sc="152,-10,419,-10,221,50,188,-10" /><INIT seed="2,1,0,5,2,0" ten="142,409,271,178" oya="2" hai0="89,29,32,113,123,39,92,11,129,27,119,53,132" hai1="28,73,44,99,130,78,26,61,18,63,117,120,48" hai2="96,95,50,30,45,19,80,124,2,43,86,46,16" hai3="20,55,126,79,66,106,23,33,71,82,52,57,97"/><V34/><F124/><W110/><G71/><T36/><D123/><U10/><E117/><V109/><F2/><W5/><G33/><T37/><D113/><U74/><E120/><V112/><F112/><W134/><G126/><T38/><N who="0" m="9728" /><DORA hai="47" /><T41/><D119/><U81/><E130/><V40/><F109/><W103/><G134/><T1/><D129/><U3/><E74/><V105/><F105/><W115/><G115/><T59/><D41/><U108/><E108/><V88/><F30/><W118/><G118/><T42/><D42/><U87/><E99/><V67/><F67/><W77/><G77/><T121/><D132/><U133/><E73/><V70/><F34/><W51/><G110/><T24/><D121/><U76/><E76/><V98/><F96/><W69/><G66/><T91/><D27/><U49/><E133/><V17/><F70/><W100/><G100/><T94/><D94/><U128/><E128/><V75/><F75/><W122/><G122/><T84/><D91/><U72/><E72/><V25/><F25/><W83/><G79/><T54/><REACH who="0" step="1"/><D59/><REACH who="0" ten="132,409,271,178" step="2"/><U107/><E26/><V114/><F114/><W85/><G69/><T8/><D8/><U60/><E107/><V111/><F111/><W135/><G135/><T15/><D15/><U102/><E102/><V68/><F68/><W6/><G103/><T93/><D93/><U22/><E28/><V90/><F19/><W4/><G106/><T116/><D116/><U13/><E44/><V62/><F62/><W131/><G131/><T101/><D101/><U9/><E3/><V104/><F104/><RYUUKYOKU ba="1,1" sc="132,10,409,10,271,10,178,-30" hai0="1,11,24,29,32,53,54,84,89,92" hai1="9,10,13,18,22,48,49,60,61,63,78,81,87" hai2="16,17,40,43,45,46,50,80,86,88,90,95,98" /><INIT seed="2,2,1,2,2,65" ten="142,419,281,148" oya="2" hai0="6,98,44,23,61,127,18,76,1,83,63,30,11" hai1="24,125,111,35,95,93,46,73,132,71,100,62,17" hai2="110,103,47,64,54,27,45,72,60,36,25,69,77" hai3="135,112,49,134,96,67,88,133,121,22,84,28,129"/><V57/><F103/><W120/><G96/><T81/><D127/><U123/><E125/><V41/><F72/><W37/><G37/><T128/><D128/><U109/><E73/><V92/><F77/><W32/><G32/><T56/><D98/><U126/><E126/><V94/><F110/><W102/><G102/><T89/><D30/><U59/><E123/><V38/><F27/><W5/><G5/><T104/><D104/><U31/><E132/><V113/><F113/><W68/><G49/><T124/><D124/><U130/><E130/><V7/><F7/><W82/><G129/><T0/><D0/><U80/><E80/><V8/><F8/><W3/><G3/><T75/><D56/><U105/><E46/><V115/><F115/><W43/><G43/><T117/><D117/><U58/><E17/><V107/><F107/><W116/><G116/><T118/><D118/><U55/><E109/><V53/><F25/><N who="3" m="16439" /><G112/><T12/><D83/><U97/><E111/><V14/><F14/><W20/><G20/><T66/><D89/><U16/><E59/><V108/><F108/><W101/><G101/><T48/><REACH who="0" step="1"/><D66/><REACH who="0" ten="132,419,281,148" step="2"/><N who="1" m="41431" /><E58/><V74/><F74/><W40/><G40/><AGARI ba="2,2" hai="1,6,11,12,18,23,40,44,48,61,63,75,76,81" machi="40" ten="30,3900,0" yaku="1,1,7,1,53,1" doraHai="65" doraHaiUra="34" who="0" fromWho="3" sc="132,65,419,0,281,0,148,-45" /><INIT seed="3,0,0,3,2,48" ten="197,419,281,103" oya="3" hai0="58,42,118,84,15,63,105,13,79,25,29,96,74" hai1="28,92,59,134,101,37,128,34,35,81,65,31,86" hai2="117,95,111,51,100,54,6,12,57,122,4,23,106" hai3="123,7,98,24,64,14,16,47,104,41,80,50,113"/><W93/><G123/><T9/><D74/><U103/><E37/><V120/><F111/><W125/><G113/><T52/><D118/><U78/><E134/><V26/><F106/><W107/><G64/><T43/><D105/><U130/><E65/><V94/><F117/><W5/><G125/><T89/><D96/><U76/><E59/><V135/><F135/><W10/><G80/><T38/><D79/><N who="1" m="30251" /><E28/><V112/><F112/><W70/><G70/><T19/><D15/><U124/><E31/><V44/><F12/><W61/><G61/><T2/><D2/><U85/><E34/><V91/><F120/><W22/><REACH who="3" step="1"/><G5/><REACH who="3" ten="197,419,281,93" step="2"/><T56/><D38/><U11/><E124/><V116/><F122/><W1/><G1/><T72/><D72/><U62/><E62/><V77/><F116/><W68/><G68/><T114/><D114/><U73/><E73/><V20/><F4/><W69/><G69/><T131/><D131/><N who="1" m="50219" /><E35/><V127/><F6/><W87/><G87/><N who="1" m="33290" /><E11/><V40/><F127/><W0/><G0/><T99/><D99/><U71/><E71/><V129/><F129/><W45/><G45/><T133/><D133/><U121/><E121/><V30/><F44/><W88/><AGARI ba="0,1" hai="7,10,14,16,22,24,41,47,50,88,93,98,104,107" machi="88" ten="20,12000,1" yaku="1,1,0,1,7,1,54,2,53,0" doraHai="48" doraHaiUra="53" who="3" fromWho="3" sc="197,-40,419,-40,281,-40,93,130" /><INIT seed="3,1,0,1,1,86" ten="157,379,241,223" oya="3" hai0="134,84,3,22,67,85,54,125,28,76,45,17,2" hai1="135,105,48,114,62,92,115,14,60,10,74,130,87" hai2="30,132,113,23,8,118,71,33,20,36,5,27,81" hai3="94,112,39,9,34,49,107,82,101,43,42,40,61"/><W25/><G112/><T53/><D125/><U1/><E105/><V117/><F113/><W120/><G120/><T108/><D134/><U31/><E74/><V90/><F71/><W0/><G39/><T126/><D126/><U18/><E135/><V70/><F36/><W124/><G124/><T63/><D108/><U91/><E130/><V99/><F70/><W26/><G34/><T110/><D110/><U119/><E119/><V129/><F132/><W19/><G107/><T128/><D128/><U88/><E1/><V7/><F129/><W50/><G82/><T13/><D28/><U116/><E116/><V15/><F5/><W44/><G61/><N who="1" m="23658" /><E114/><V77/><F23/><W38/><G38/><T78/><D3/><U95/><E31/><V32/><F32/><W133/><G133/><T56/><D2/><U65/><E48/><N who="3" m="18538" /><G0/><T52/><D45/><U59/><E59/><V104/><F33/><W46/><G19/><T109/><D109/><U131/><E131/><V100/><F90/><W4/><G9/><T41/><D41/><U21/><E115/><V11/><F11/><W69/><G4/><T93/><D84/><AGARI ba="1,0" hai="7,8,15,20,27,30,77,81,84,99,100,104,117,118" machi="84" ten="30,1000,0" yaku="7,1" doraHai="86" who="2" fromWho="0" sc="157,-13,379,0,241,13,223,0" owari="144,-36.0,379,49.0,254,5.0,223,-18.0" /></mjloggm>