<mjloggm ver="2.3"><GO type="169" lobby="0"/><UN n0="%E3%82%A6%E3%83%AB%E3%83%88%E3%83%A9%E7%AB%8B%E7%9B%B4" n1="%53%48%49%53%55%4B%45" n2="%E6%9C%88%E5%8D%83%E4%B8%80%E5%A4%9C" n3="%E6%9C%A8%E6%9D%91%E2%98%86%E9%A0%98" dan="17,16,16,16" rate="2181.42,2126.04,2100.00,2109.93" sx="M,M,F,M"/><TAIKYOKU oya="0"/><INIT seed="0,0,0,2,2,67" ten="250,250,250,250" oya="0" hai0="56,19,77,117,119,131,133,51,17,13,107,120,81" hai1="91,113,31,128,32,26,64,3,48,109,59,65,10" hai2="75,86,69,111,61,57,105,6,130,74,100,93,28" hai3="106,95,73,126,68,15,52,92,30,88,44,16,8"/><T4/><D120/><U7/><E113/><V23/><F111/><W87/><G106/><T43/><D107/><U42/><E109/><V39/><F39/><W121/><G73/><T55/><D131/><U14/><E128/><V2/><F130/><W110/><G110/><T22/><D133/><U132/><E132/><V76/><F105/><W124/><G121/><T116/><D43/><U36/><E36/><V134/><F134/><W24/><G68/><T104/><D104/><U96/><E3/><V41/><F41/><W40/><G92/><T12/><D4/><U5/><E5/><V90/><F69/><W46/><G52/><T114/><D114/><U80/><E96/><V20/><F100/><W0/><G0/><T66/><D66/><U82/><E91/><V53/><F76/><W50/><REACH who="3" step="1"/><G46/><REACH who="3" ten="250,250,250,240" step="2"/><T127/><D127/><U94/><E94/><V118/><F75/><W78/><G78/><T115/><D115/><U33/><E65/><V34/><F74/><W58/><G58/><T102/><D102/><U35/><E64/><V85/><F93/><W79/><G79/><T21/><D117/><U98/><E59/><V37/><F118/><W103/><G103/><T123/><D123/><U99/><E82/><V89/><F57/><W112/><G112/><T125/><D125/><U9/><E80/><V101/><F101/><W63/><G63/><T108/><D108/><U60/><E60/><V45/><F61/><W84/><G84/><AGARI ba="0,1" hai="12,13,17,19,21,22,51,55,56,77,81,84,116,119" machi="84" ten="30,2900,0" yaku="7,1,9,1" doraHai="67" who="0" fromWho="3" sc="250,39,250,0,250,0,240,-29" /><INIT seed="0,1,0,0,3,105" ten="289,250,250,211" oya="0" hai0="67,28,54,4,88,80,86,110,119,132,114,18,89" hai1="5,7,122,60,39,135,120,46,131,2,90,112,17" hai2="36,58,126,96,104,16,66,27,113,61,129,0,45" hai3="30,9,103,68,71,116,50,13,35,127,108,37,25"/><T43/><D119/><U100/><E100/><V124/><F113/><W59/><G37/><T101/><D114/><U128/><E112/><V8/><F129/><N who="1" m="49737" /><E17/><V99/><F0/><W115/><G115/><T49/><D132/><U94/><E135/><V125/><F104/><W63/><G116/><T82/><D110/><U93/><E60/><V78/><F78/><W44/><G127/><T1/><D101/><U95/><E90/><V41/><REACH who="2" step="1"/><F27/><REACH who="2" ten="289,250,240,211" step="2"/><W42/><G108/><T79/><D1/><U76/><E76/><V84/><F84/><W121/><G121/><N who="1" m="46698" /><E2/><V57/><F57/><W12/><G103/><T118/><D79/><U56/><E56/><V117/><F117/><W23/><G35/><T91/><D118/><U102/><E102/><V109/><F109/><W22/><G68/><T40/><D86/><U29/><E46/><V26/><F26/><N who="3" m="16735" /><G71/><T77/><D77/><U98/><E98/><V107/><F107/><W123/><G123/><T24/><D91/><U53/><E94/><V92/><F92/><W87/><G87/><T133/><D88/><U62/><E95/><V10/><F10/><W81/><G9/><T21/><D89/><U69/><E93/><V70/><F70/><W6/><G59/><T14/><D133/><U34/><E69/><V47/><F47/><W75/><G44/><T38/><D24/><U73/><E73/><V97/><F97/><W19/><G25/><T31/><D82/><U3/><E3/><V15/><AGARI ba="1,1" hai="8,15,16,36,41,45,58,61,66,96,99,124,125,126" machi="15" ten="40,8000,1" yaku="1,1,0,1,18,1,54,1,53,1" doraHai="105" doraHaiUra="52" who="2" fromWho="2" sc="289,-41,250,-21,240,93,211,-21" /><INIT seed="1,0,0,5,1,133" ten="248,229,333,190" oya="1" hai0="16,115,104,95,122,60,119,27,82,32,125,4,100" hai1="10,14,23,53,35,41,24,1,127,85,76,34,109" hai2="56,64,106,9,52,112,19,89,55,71,67,66,51" hai3="30,118,58,90,126,43,26,117,8,62,45,42,114"/><U135/><E135/><V87/><F106/><W111/><G114/><T37/><D104/><U44/><E109/><V13/><F112/><W96/><G111/><T18/><D37/><U20/><E1/><V93/><REACH who="2" step="1"/><F55/><REACH who="2" ten="248,229,323,190" step="2"/><W134/><G134/><T132/><D115/><U54/><E53/><V40/><F40/><W107/><G43/><T21/><D132/><U94/><E54/><V6/><F6/><W65/><G107/><T131/><D4/><U91/><E41/><V129/><F129/><W110/><G42/><T50/><D131/><U99/><E44/><V105/><F105/><W102/><G45/><T74/><D122/><U73/><E35/><V123/><F123/><W3/><G110/><T57/><D32/><U61/><E34/><V124/><F124/><W28/><G126/><T97/><D125/><U48/><E127/><V128/><F128/><W113/><G113/><T0/><D119/><U72/><E72/><V79/><F79/><W86/><G118/><T83/><D74/><U59/><E73/><V103/><F103/><W15/><G102/><T49/><D0/><U69/><E76/><V11/><F11/><W29/><G8/><T5/><D5/><U38/><E10/><V120/><F120/><W70/><G3/><T84/><D100/><U116/><E116/><V92/><F92/><W78/><G78/><T68/><D95/><U33/><E94/><V47/><F47/><W63/><G117/><T80/><D80/><U39/><E33/><V12/><F12/><W75/><G15/><T2/><D82/><U77/><E14/><V88/><F88/><RYUUKYOKU ba="0,1" sc="248,-10,229,-10,323,30,190,-10" hai2="9,13,19,51,52,56,64,66,67,71,87,89,93" /><INIT seed="2,1,1,2,3,120" ten="238,219,353,180" oya="2" hai0="19,22,130,106,119,96,126,10,20,104,79,3,88" hai1="28,29,110,93,40,122,105,1,38,112,92,101,94" hai2="125,63,111,11,21,52,117,98,127,31,43,75,57" hai3="8,34,134,50,118,2,82,62,131,46,74,49,132"/><V58/><F117/><W4/><G118/><T133/><D119/><U89/><E1/><V77/><F111/><W23/><G34/><T95/><D126/><N who="2" m="48138" /><F43/><W61/><G131/><T123/><D130/><U67/><E122/><V47/><F11/><W90/><G23/><T129/><D129/><U26/><E112/><V76/><F47/><W109/><G109/><T48/><D123/><U18/><E110/><V5/><F5/><W124/><G124/><T108/><D108/><U114/><E114/><V99/><F75/><W39/><G39/><T42/><D133/><N who="3" m="51305" /><G90/><T102/><D79/><N who="2" m="30282" /><F58/><W71/><G71/><T97/><D104/><U72/><E40/><V59/><F59/><W24/><G74/><T27/><D3/><U69/><E72/><V107/><F107/><W116/><G50/><T30/><D10/><U81/><E38/><V68/><F68/><W87/><G24/><AGARI ba="1,1" hai="21,24,31,52,57,63,98,99" m="30282,48138" machi="24" ten="30,2900,0" yaku="18,1,54,1" doraHai="120" who="2" fromWho="3" sc="238,0,219,0,353,42,180,-32" /><INIT seed="2,2,0,4,0,15" ten="238,219,395,148" oya="2" hai0="6,63,41,76,110,60,128,16,50,72,87,132,98" hai1="108,51,46,118,10,74,19,111,78,9,2,42,38" hai2="75,69,66,120,104,131,23,7,96,92,113,53,125" hai3="59,5,129,31,70,49,12,14,29,95,127,99,79"/><V83/><F113/><W115/><G70/><T8/><D72/><U55/><E118/><V123/><F125/><W121/><G121/><T71/><D71/><U47/><E74/><V100/><F131/><W26/><G127/><T13/><D128/><U91/><E78/><V37/><F37/><W58/><G79/><T11/><D132/><U32/><E32/><V116/><F116/><W124/><G124/><T102/><D110/><N who="1" m="42027" /><E2/><V45/><F7/><W80/><G80/><T126/><D126/><U97/><E19/><V119/><F119/><W88/><G129/><T114/><D114/><U89/><E97/><V68/><F23/><W52/><G115/><T33/><D33/><U44/><E47/><V90/><F45/><W27/><G58/><T73/><D73/><U133/><E133/><V93/><F68/><W40/><G40/><T0/><D87/><U94/><E94/><V109/><F69/><W22/><G5/><T82/><D82/><U64/><E64/><V77/><F66/><W81/><G81/><T85/><D85/><U28/><E28/><V134/><F134/><W117/><G117/><T18/><D76/><U107/><E107/><V1/><F1/><W62/><G62/><N who="0" m="23595" /><D8/><AGARI ba="2,0" hai="8,9,10,38,42,44,46,51,55,89,91" m="42027" machi="8" ten="30,1000,0" yaku="14,1" doraHai="15" who="1" fromWho="0" sc="238,-16,219,16,395,0,148,0" /><INIT seed="3,0,0,3,5,36" ten="222,235,395,148" oya="3" hai0="122,1,98,17,55,48,115,73,72,96,118,13,119" hai1="128,38,114,45,61,100,23,42,127,125,71,27,52" hai2="78,22,110,57,67,12,18,132,109,33,16,64,40" hai3="87,49,58,44,75,10,94,41,104,82,84,35,46"/><W101/><G35/><T60/><D1/><U103/><E114/><V28/><F132/><W32/><G32/><T34/><D34/><U81/><E81/><V5/><F78/><W129/><G129/><T62/><D115/><U102/><E128/><V74/><F74/><W92/><G104/><T51/><D13/><U6/><E6/><V54/><F40/><W108/><G75/><T86/><D86/><N who="3" m="32809" /><G82/><T15/><D15/><U11/><E11/><N who="2" m="4207" /><F33/><W3/><G3/><T20/><D20/><U47/><E71/><V76/><F76/><W43/><G108/><N who="2" m="41577" /><F28/><W95/><G10/><T7/><D7/><U65/><E65/><N who="2" m="25163" /><F22/><W124/><G124/><T0/><D0/><U29/><REACH who="1" step="1"/><E47/><REACH who="1" ten="222,225,395,148" step="2"/><N who="3" m="17962" /><G101/><T25/><D73/><U99/><E99/><V14/><F14/><W66/><G49/><AGARI ba="0,1" hai="16,18,49,54,57" m="25163,41577,4207" machi="49" ten="30,2000,0" yaku="14,1,54,1" doraHai="36" who="2" fromWho="3" sc="222,0,225,0,395,30,148,-20" /><INIT seed="4,0,0,4,1,126" ten="222,225,425,128" oya="0" hai0="48,118,116,37,11,102,23,14,91,99,42,5,112" hai1="3,72,105,40,127,100,69,132,114,73,49,13,81" hai2="78,25,59,125,86,46,94,111,60,22,82,67,44" hai3="20,56,120,107,1,130,4,104,30,29,24,50,109"/><T0/><D37/><U51/><E3/><V79/><F111/><W10/><G109/><T133/><D133/><U36/><E69/><V89/><F125/><W93/><G120/><T88/><D112/><U98/><E36/><V8/><F8/><W66/><G30/><T85/><D91/><U115/><E127/><V38/><F38/><W131/><G93/><T19/><D42/><U39/><E39/><V28/><REACH who="2" step="1"/><F79/><REACH who="2" ten="222,225,415,128" step="2"/><W7/><G7/><T75/><D75/><AGARI ba="0,1" hai="22,25,28,44,46,59,60,67,75,78,82,86,89,94" machi="75" ten="30,3900,0" yaku="1,1,2,1,7,1,53,0" doraHai="126" doraHaiUra="110" who="2" fromWho="0" sc="222,-39,225,0,415,49,128,0" /><INIT seed="5,0,0,1,3,128" ten="183,225,464,128" oya="1" hai0="98,13,40,1,102,105,115,19,72,87,127,42,22" hai1="64,43,80,35,68,108,37,50,100,107,2,9,10" hai2="91,28,135,110,7,60,15,134,114,32,12,74,70" hai3="109,53,67,96,30,52,36,113,112,131,76,95,66"/><U119/><E119/><V106/><F110/><W129/><G76/><T11/><D72/><U124/><E37/><V89/><F74/><W121/><G30/><T34/><D115/><N who="3" m="44105" /><G109/><T6/><D127/><U120/><E35/><V8/><F114/><W122/><G95/><T133/><D133/><N who="2" m="50698" /><F106/><W33/><G33/><T4/><D4/><U65/><E107/><V54/><F70/><W16/><G96/><T59/><D34/><U61/><E68/><V5/><F28/><W75/><G16/><T31/><D31/><U101/><E108/><V20/><F32/><W83/><G36/><T73/><D73/><U125/><E125/><V92/><F20/><W38/><G38/><T24/><D1/><U88/><E2/><N who="2" m="55" /><F7/><W44/><G83/><T26/><D26/><U39/><E124/><V126/><F126/><W85/><G75/><T71/><D71/><U78/><E80/><V41/><F41/><W69/><G85/><T27/><D87/><U56/><E43/><V77/><F77/><W14/><G14/><N who="2" m="5161" /><F92/><W29/><G29/><T23/><D42/><U118/><E78/><V57/><AGARI ba="0,0" hai="54,57,60,89,91" m="5161,55,50698" machi="57" ten="30,7900,0" yaku="20,1,52,3" doraHai="128" who="2" fromWho="2" sc="183,-20,225,-39,464,79,128,-20" /><INIT seed="6,0,0,2,0,88" ten="163,186,543,108" oya="2" hai0="12,78,82,100,48,69,122,26,18,86,28,90,121" hai1="34,0,9,57,21,38,135,120,46,133,27,58,87" hai2="85,95,66,10,102,106,128,54,15,59,76,41,94" hai3="84,63,5,110,51,30,14,49,8,108,6,11,3"/><V31/><F128/><W33/><G63/><T22/><D69/><U74/><E74/><V53/><F31/><W43/><G51/><T1/><D1/><U13/><E120/><V75/><F75/><W16/><G84/><T80/><D100/><U52/><E34/><V117/><F117/><W25/><REACH who="3" step="1"/><G6/><REACH who="3" ten="163,186,543,98" step="2"/><T104/><D48/><N who="1" m="28695" /><E87/><V44/><F85/><W99/><G99/><T36/><D36/><U81/><E38/><V55/><F66/><W91/><G91/><T71/><D90/><U97/><E97/><V131/><F76/><W61/><G61/><T113/><D122/><U4/><E4/><V64/><F64/><W92/><G92/><T23/><D121/><U20/><E58/><V79/><F59/><W42/><G42/><T134/><D71/><U130/><E57/><V7/><F79/><W67/><G67/><T17/><D104/><U93/><E93/><V123/><F106/><W37/><G37/><T101/><D101/><U124/><E81/><V118/><F123/><W35/><G35/><N who="0" m="20887" /><D82/><U70/><E70/><V19/><F102/><W32/><G32/><T105/><D105/><U60/><E60/><V96/><F96/><W116/><G116/><T50/><D50/><U83/><E83/><V98/><F118/><W111/><G111/><T73/><D86/><U127/><E127/><V89/><F98/><W29/><G29/><T45/><D80/><U112/><E124/><V24/><F89/><W72/><G72/><T68/><D73/><U65/><E65/><V2/><F94/><W126/><G126/><T39/><D68/><U125/><E125/><RYUUKYOKU ba="0,1" sc="163,-10,186,-10,543,-10,98,30" hai3="3,5,8,11,14,16,25,30,33,43,49,108,110" /><INIT seed="7,1,1,4,3,27" ten="153,176,533,128" oya="3" hai0="71,125,98,16,42,21,32,61,127,130,76,122,52" hai1="101,67,4,0,95,58,25,118,84,124,62,41,28" hai2="51,47,24,49,40,60,106,120,75,54,90,112,89" hai3="38,119,56,59,117,65,63,48,2,64,45,96,74"/><W7/><G74/><T37/><D32/><U108/><E108/><V113/><F120/><W43/><G96/><T18/><D122/><U105/><E105/><V81/><F106/><W86/><G86/><T133/><D76/><U9/><E124/><N who="0" m="47689" /><D130/><U33/><E118/><N who="3" m="45066" /><G7/><T36/><D133/><U17/><E41/><V82/><F75/><W30/><G30/><T44/><D98/><U50/><E50/><V66/><F24/><W55/><G2/><T31/><D37/><U11/><E101/><V12/><F12/><W3/><G3/><T131/><D131/><U5/><E17/><N who="0" m="6761" /><D31/><U34/><E34/><V14/><F14/><W19/><G19/><T20/><D52/><AGARI ba="1,1" hai="38,43,45,48,52,55,56,59,63,64,65" m="45066" machi="52" ten="30,5800,0" yaku="34,2,54,1" doraHai="27" who="3" fromWho="0" sc="153,-61,176,0,533,0,128,71" /><INIT seed="7,2,0,2,0,32" ten="92,176,533,199" oya="3" hai0="119,76,83,110,74,125,45,11,124,133,59,27,17" hai1="0,30,51,135,111,103,47,93,129,54,24,134,61" hai2="64,101,29,55,94,123,2,6,19,13,41,52,108" hai3="84,18,105,65,98,75,91,49,12,132,90,89,92"/><W7/><G65/><T23/><D119/><U106/><E106/><V82/><F108/><W100/><G7/><T79/><D110/><U39/><E111/><V3/><F123/><W97/><G132/><N who="1" m="50730" /><E129/><V69/><F6/><W22/><G75/><T95/><D133/><U50/><E0/><V99/><F41/><W56/><G98/><T71/><D71/><U131/><E131/><V67/><F29/><W114/><G114/><T107/><D107/><U42/><E103/><V57/><F69/><W5/><G5/><T116/><D116/><U122/><E122/><V80/><F3/><W38/><G38/><T40/><D79/><U68/><E93/><V118/><F2/><W53/><AGARI ba="2,0" hai="12,18,22,49,53,56,84,89,90,91,92,97,100,105" machi="53" ten="30,6000,0" yaku="0,1,25,2" doraHai="32" who="3" fromWho="3" sc="92,-22,176,-22,533,-22,199,66" /><INIT seed="7,3,0,3,5,56" ten="70,154,511,265" oya="3" hai0="107,129,110,87,113,101,17,54,41,92,38,63,24" hai1="39,65,126,109,20,43,48,116,30,118,90,98,2" hai2="22,103,47,133,10,44,70,26,102,6,21,57,93" hai3="60,35,50,97,84,89,123,12,85,42,45,25,115"/><W119/><G115/><T135/><D110/><U94/><E39/><V81/><F133/><W100/><G119/><N who="1" m="45610" /><E109/><V80/><F70/><W0/><G0/><T78/><D129/><U124/><E2/><V95/><F57/><W58/><G123/><T53/><D135/><U88/><E65/><V104/><F6/><W19/><G35/><T74/><D41/><U11/><E11/><V37/><F10/><W68/><G68/><T34/><D38/><U76/><E76/><V3/><F37/><W55/><G25/><T69/><D113/><U112/><E112/><V18/><F26/><W5/><G89/><N who="1" m="34410" /><E48/><V15/><F3/><W67/><G5/><T132/><D132/><U79/><E79/><V33/><F18/><W128/><G67/><T31/><D17/><U36/><E20/><V32/><F15/><W130/><G128/><T29/><D29/><U8/><E8/><V28/><F28/><W4/><G4/><T49/><D49/><U83/><E83/><V134/><F134/><W86/><G130/><T64/><D74/><U27/><E43/><V40/><F40/><W122/><G122/><T127/><D127/><U72/><E72/><V61/><F104/><W117/><G117/><T96/><D92/><U52/><E52/><V108/><F108/><W71/><G71/><T91/><D91/><N who="1" m="55647" /><E36/><V1/><F1/><W99/><REACH who="3" step="1"/><G100/><REACH who="3" ten="70,154,511,255" step="2"/><T131/><REACH who="0" step="1"/><D131/><REACH who="0" ten="60,154,511,255" step="2"/><U125/><E126/><V59/><F102/><W13/><G13/><T73/><D73/><U114/><E114/><V75/><F103/><W62/><G62/><T77/><D77/><U14/><E14/><RYUUKYOKU ba="3,2" sc="60,10,154,10,511,-30,255,10" hai0="24,31,34,53,54,63,64,69,78,87,96,101,107" hai1="27,30,124,125" hai3="12,19,42,45,50,55,58,60,84,85,86,97,99" /><INIT seed="7,4,2,3,4,67" ten="70,164,481,265" oya="3" hai0="104,121,46,62,97,7,84,92,42,82,11,43,20" hai1="19,26,94,112,118,0,15,85,48,93,132,59,95" hai2="101,35,135,69,74,117,60,87,39,131,21,96,66" hai3="72,38,61,113,86,22,2,13,44,51,70,58,8"/><W122/><G72/><T124/><D124/><U107/><E107/><V1/><F117/><W30/><G122/><T23/><D104/><U109/><E0/><V75/><F131/><W52/><G2/><T10/><D121/><U119/><E109/><V16/><F135/><W31/><G113/><T33/><D33/><U57/><E112/><V81/><F35/><W103/><G103/><T68/><D43/><U88/><E132/><V78/><F39/><W98/><G98/><T37/><D11/><N who="1" m="6655" /><E26/><V3/><F3/><W65/><G86/><T129/><D129/><U9/><E9/><V76/><F76/><W6/><G22/><T25/><D10/><U79/><E79/><V125/><F125/><W53/><G53/><T34/><D7/><U111/><E111/><V41/><F41/><AGARI ba="4,2" hai="6,8,13,30,31,38,41,44,51,52,58,61,65,70" machi="41" ten="40,12000,1" yaku="24,2,52,1,54,1" doraHai="67" who="3" fromWho="2" sc="70,0,164,0,481,-132,265,152" owari="70,-43.0,164,-24.0,349,15.0,417,52.0" /></mjloggm>