<mjloggm ver="2.3"><GO type="97" lobby="0"/><UN n0="%28%E5%AF%9D%C2%B4%2D%33%2D%2A%29" n1="%53%54%4B%2D%44%4F%4E" n2="%E3%82%A6%E3%83%AB%E3%83%88%E3%83%A9%E7%AB%8B%E7%9B%B4" n3="%70%6F%6E%2D%65%6E" dan="14,14,13,15" rate="1891.13,1848.12,1887.51,2081.66" sx="M,M,M,M"/><TAIKYOKU oya="0"/><INIT seed="0,0,0,4,5,86" ten="250,250,250,250" oya="0" hai0="132,27,41,14,99,79,103,5,111,48,2,26,126" hai1="23,107,33,62,16,70,101,105,88,68,134,12,130" hai2="82,97,110,133,30,59,15,28,98,119,29,43,37" hai3="47,42,24,80,75,87,0,74,135,6,66,116,127"/><T19/><D79/><U78/><E130/><V58/><F37/><W36/><G116/><T63/><D132/><U44/><E134/><V13/><F133/><W115/><G135/><T51/><D126/><U57/><E33/><V39/><F39/><W64/><G127/><T50/><D41/><U54/><E78/><V77/><F43/><W67/><G115/><T40/><D40/><U20/><E20/><V9/><F110/><W45/><G45/><T89/><D111/><U71/><E101/><V56/><F119/><W81/><G24/><N who="0" m="9259" /><D2/><U69/><N who="1" m="17920" /><DORA hai="91" /><U117/><E117/><V122/><F122/><W65/><N who="3" m="16896" /><DORA hai="61" /><W114/><G114/><T131/><D5/><U76/><E76/><V32/><F32/><W73/><REACH who="3" step="1"/><G87/><REACH who="3" ten="250,250,250,240" step="2"/><T120/><D120/><U118/><E118/><V3/><F59/><W11/><AGARI ba="0,1" hai="0,6,11,36,42,47,73,74,75,80,81" m="16896" machi="11" ten="50,12000,2" yaku="1,1,2,1,0,1,52,4,53,0" doraHai="86,91,61" doraHaiUra="90,22,121" who="3" fromWho="3" sc="250,-60,250,-30,250,-30,240,130" /><INIT seed="1,0,0,1,0,57" ten="190,220,220,370" oya="1" hai0="11,18,2,78,72,6,70,40,95,128,135,31,92" hai1="47,1,39,53,58,9,124,46,32,111,112,69,131" hai2="119,61,52,55,17,101,121,29,56,110,59,132,24" hai3="20,14,90,120,30,67,23,102,117,103,114,33,36"/><U116/><RYUUKYOKU type="yao9" ba="0,0" sc="190,0,220,0,220,0,370,0" hai1="1,9,32,39,46,47,53,58,69,111,112,116,124,131" /><INIT seed="1,1,0,2,1,22" ten="190,220,220,370" oya="1" hai0="16,74,90,58,113,81,84,75,23,87,31,127,41" hai1="111,94,54,29,53,48,11,122,62,12,96,67,104" hai2="36,24,38,130,88,27,76,51,116,93,95,15,60" hai3="50,77,112,13,132,2,123,35,107,9,134,65,63"/><U0/><E122/><V44/><F116/><W39/><G112/><T61/><D113/><U21/><E104/><V69/><F130/><W3/><G39/><T32/><D127/><U33/><E33/><V56/><F69/><W114/><G114/><T131/><D131/><U118/><E118/><V82/><F38/><W133/><G123/><T91/><D41/><U109/><E0/><V102/><F36/><W85/><G107/><T40/><D40/><U10/><E10/><V43/><F15/><W80/><G50/><T42/><D42/><U103/><E21/><V70/><F70/><N who="3" m="42303" /><G35/><T71/><D71/><N who="1" m="42487" /><E29/><V128/><F128/><W18/><AGARI ba="1,0" hai="2,3,9,13,18,77,80,85,132,133,134" m="42303" machi="18" ten="30,1100,0" yaku="20,1" doraHai="22" who="3" fromWho="3" sc="190,-4,220,-6,220,-4,370,14" /><INIT seed="2,0,0,2,5,55" ten="186,214,216,384" oya="2" hai0="85,18,94,109,50,124,74,134,49,129,58,26,133" hai1="9,14,36,30,34,117,48,17,114,25,62,13,5" hai2="11,43,112,61,105,125,20,101,29,38,78,119,12" hai3="52,33,69,56,39,97,99,123,66,6,70,110,31"/><V80/><F112/><W121/><G39/><T126/><D74/><U42/><E114/><V46/><F119/><W77/><G77/><T22/><D109/><U122/><E117/><V41/><F125/><N who="0" m="48234" /><D129/><U40/><E122/><V37/><F101/><W86/><G86/><T24/><D24/><U102/><E36/><V131/><F105/><W8/><G56/><T88/><D58/><U44/><E102/><V35/><F35/><W132/><G52/><T89/><D89/><U81/><E81/><V7/><F131/><W108/><G132/><AGARI ba="0,0" hai="18,22,26,49,50,85,88,94,132,133,134" m="48234" machi="132" ten="30,3900,0" yaku="20,1,18,1,54,1" doraHai="55" who="0" fromWho="3" sc="186,39,214,0,216,0,384,-39" /><INIT seed="3,0,0,4,2,91" ten="225,214,216,345" oya="3" hai0="112,119,133,76,62,83,121,34,52,110,103,65,48" hai1="97,82,20,132,54,135,27,44,130,46,60,47,123" hai2="66,22,37,59,61,38,77,104,70,26,124,12,69" hai3="7,19,67,6,3,30,80,11,1,78,127,56,108"/><W90/><G90/><T116/><D34/><U36/><E123/><V111/><F104/><W117/><G19/><T101/><D121/><U85/><E130/><V28/><F111/><W86/><G56/><T122/><D122/><U68/><E36/><V73/><F124/><W72/><G86/><T107/><D110/><U53/><E97/><V89/><F38/><W57/><G57/><T102/><D107/><U71/><E68/><V55/><F37/><W99/><G99/><T129/><D129/><U79/><E71/><V35/><F77/><W51/><G51/><T87/><D133/><N who="1" m="51275" /><E60/><V88/><F73/><W21/><G21/><T98/><D98/><U74/><E74/><V18/><F69/><W17/><G17/><AGARI ba="0,0" hai="17,20,27,44,46,47,53,54,79,82,85" m="51275" machi="17" ten="30,1000,0" yaku="20,1" doraHai="91" who="1" fromWho="3" sc="225,0,214,10,216,0,345,-10" owari="225,3.0,224,-18.0,216,-28.0,335,43.0" /></mjloggm>