<mjloggm ver="2.3"><GO type="97" lobby="0"/><UN n0="%E3%82%B6%E3%83%83%E3%82%AF%E3%81%A8%E3%81%9F%E3%82%81" n1="%E3%82%A6%E3%83%AB%E3%83%88%E3%83%A9%E7%AB%8B%E7%9B%B4" n2="%E3%81%BE%E3%81%99%E3%81%9F%E3%83%BC%EF%BC%A0%E6%9D%B1%E9%A2%A8" n3="%E3%81%9D%E3%81%93%E3%82%92%E5%8F%B3%E3%81%A7%E3%81%99" dan="14,15,15,13" rate="1842.02,1980.00,1981.36,1856.66" sx="M,M,M,M"/><TAIKYOKU oya="0"/><INIT seed="0,0,0,2,2,90" ten="250,250,250,250" oya="0" hai0="46,113,89,109,21,81,128,37,127,11,84,105,77" hai1="3,80,130,104,42,115,51,22,25,87,13,49,41" hai2="96,56,112,66,94,53,117,69,15,61,0,64,39" hai3="52,76,48,45,74,135,19,79,31,32,67,134,86"/><T68/><D113/><U16/><E3/><V4/><F0/><W65/><G74/><T34/><D34/><U26/><E104/><V28/><F112/><W8/><G32/><T95/><D68/><U6/><E130/><V23/><F39/><W38/><G31/><T107/><D11/><U29/><E115/><V78/><F78/><N who="3" m="29739" /><G38/><T27/><D127/><U125/><E125/><V123/><F123/><W99/><G99/><T108/><D37/><U14/><E6/><V103/><F117/><W9/><G86/><T100/><D46/><U114/><E114/><V116/><F116/><W17/><G134/><T88/><D21/><U20/><E87/><V126/><F69/><W93/><G93/><T129/><D27/><U33/><E33/><V124/><F124/><W24/><G135/><T43/><D43/><U121/><E80/><V119/><F119/><W110/><G110/><N who="0" m="42603" /><D107/><U83/><E83/><V106/><F106/><W111/><G111/><T133/><D133/><U57/><E121/><V72/><F72/><W131/><G131/><N who="0" m="50251" /><D105/><U102/><E57/><V7/><F126/><W59/><G24/><T2/><D2/><U71/><E71/><V63/><F56/><W35/><G35/><T98/><AGARI ba="0,0" hai="77,81,84,88,89,95,98,100" m="50251,42603" machi="98" ten="40,18000,2" yaku="14,1,10,1,19,1,34,2,52,1,54,1" doraHai="90" who="0" fromWho="0" sc="250,180,250,-60,250,-60,250,-60" /><INIT seed="0,1,0,4,5,66" ten="430,190,190,190" oya="0" hai0="75,85,114,13,101,0,7,29,84,87,91,43,106" hai1="111,5,130,4,77,117,47,120,95,28,9,83,14" hai2="25,81,86,27,131,52,107,20,50,40,45,60,10" hai3="76,18,92,17,62,38,121,68,119,96,90,108,79"/><T49/><D114/><U128/><E111/><V126/><F107/><W35/><G108/><T82/><D29/><U133/><E120/><V124/><F131/><N who="1" m="50217" /><E117/><V23/><F10/><W2/><G119/><T42/><D0/><U41/><E133/><V118/><F118/><W16/><G2/><T36/><D36/><N who="1" m="21927" /><E95/><V34/><F34/><W73/><G38/><T97/><D87/><N who="1" m="48623" /><E28/><V100/><F100/><W94/><G121/><T56/><D85/><U30/><E30/><V64/><F126/><W104/><G92/><T37/><D37/><U24/><E24/><N who="2" m="9291" /><F124/><W11/><G104/><T129/><D129/><U125/><E125/><V3/><F3/><W71/><G35/><T53/><D75/><U99/><E99/><V57/><F40/><W93/><G73/><T63/><D49/><U113/><E113/><V48/><F48/><W127/><G127/><T115/><D115/><U89/><E89/><AGARI ba="1,0" hai="20,23,45,50,52,57,60,64,81,86,89" m="9291" machi="89" ten="30,2000,0" yaku="8,1,54,1" doraHai="66" who="2" fromWho="1" sc="430,0,190,-23,190,23,190,0" /><INIT seed="1,0,0,1,0,44" ten="430,167,213,190" oya="1" hai0="69,2,50,0,109,46,76,64,52,77,35,51,40" hai1="41,79,86,124,5,115,16,92,107,24,129,3,33" hai2="89,26,71,62,93,119,134,68,122,130,103,14,80" hai3="60,31,118,66,29,123,72,87,25,17,42,43,73"/><U128/><E107/><V74/><F119/><W58/><G123/><T117/><D35/><U98/><E115/><V101/><F122/><W6/><G118/><T36/><D117/><U37/><E124/><V97/><F134/><W127/><G6/><T13/><D13/><U59/><E41/><V133/><F133/><W126/><G87/><T4/><D109/><U83/><E37/><V20/><F130/><N who="1" m="50281" /><E5/><V49/><F14/><W105/><G17/><T21/><D21/><N who="1" m="13351" /><E33/><V95/><F49/><W113/><G105/><T67/><D0/><U34/><E34/><V65/><F71/><W84/><G113/><T9/><D69/><U81/><E81/><V91/><F80/><W10/><G126/><T12/><D2/><U132/><E132/><V131/><F131/><W70/><G127/><T19/><D36/><U38/><E38/><V94/><F74/><W120/><G73/><T111/><D111/><U85/><E3/><V32/><F32/><W116/><G43/><T121/><D4/><U54/><E83/><V7/><F7/><W45/><G42/><T55/><D40/><U47/><E47/><V15/><F15/><W11/><G45/><N who="0" m="27727" /><D121/><U18/><E18/><V114/><F114/><W104/><G104/><T56/><D56/><U53/><E79/><AGARI ba="0,0" hai="9,12,19,46,51,55,64,67,76,77,79" m="27727" machi="79" ten="30,7700,0" yaku="8,1,52,2,54,1" doraHai="44" who="0" fromWho="1" sc="430,77,167,-77,213,0,190,0" /><INIT seed="2,0,0,1,3,69" ten="507,90,213,190" oya="2" hai0="55,86,80,2,63,35,88,29,110,83,30,0,77" hai1="39,105,104,123,81,16,14,99,94,1,52,54,66" hai2="62,130,92,44,34,115,43,67,127,9,128,53,82" hai3="51,89,27,111,37,112,57,12,75,135,26,61,76"/><V25/><F115/><W93/><G111/><T109/><D35/><U19/><E1/><V120/><F120/><W11/><G135/><T118/><D118/><U47/><E66/><V49/><F127/><W58/><G112/><T56/><D2/><U116/><E116/><V64/><F82/><W6/><G75/><T50/><D63/><U21/><E123/><V100/><F9/><W13/><G76/><T5/><D5/><U114/><E114/><V31/><F100/><W122/><G37/><T17/><D17/><U60/><E81/><V10/><F10/><W20/><G51/><T102/><D102/><U68/><E68/><V15/><F15/><W133/><G133/><T126/><D126/><U65/><E19/><V124/><F92/><W33/><G33/><T24/><D0/><U78/><E78/><V48/><F62/><W74/><G74/><T101/><D101/><U129/><E129/><N who="2" m="49771" /><F124/><W41/><G61/><T7/><D7/><U113/><E113/><V42/><F42/><W79/><G41/><T134/><D134/><U117/><E117/><V97/><F97/><N who="3" m="57519" /><G79/><T8/><D8/><U36/><E105/><V45/><AGARI ba="0,0" hai="25,31,34,43,44,45,48,49,53,64,67" m="49771" machi="45" ten="30,1500,0" yaku="19,1" doraHai="69" who="2" fromWho="2" sc="507,-5,90,-5,213,15,190,-5" /><INIT seed="2,1,0,5,3,39" ten="502,85,228,185" oya="2" hai0="49,37,53,104,26,82,48,57,105,62,88,11,24" hai1="60,68,52,94,2,118,51,67,122,13,36,34,77" hai2="0,133,41,93,31,112,6,9,134,29,28,3,7" hai3="111,74,70,126,27,65,127,80,73,101,71,32,98"/><V45/><F93/><W96/><G111/><T14/><D37/><U113/><E2/><N who="2" m="555" /><F9/><W38/><G96/><T22/><D105/><U40/><E34/><V58/><F58/><W33/><G38/><T59/><D104/><U128/><E77/><V50/><F112/><W75/><G80/><T83/><D82/><U17/><E113/><V119/><F119/><W108/><G108/><T20/><D20/><U86/><E118/><V124/><F124/><N who="3" m="47659" /><G65/><T91/><D83/><U4/><E4/><V35/><F35/><N who="3" m="13387" /><G27/><T12/><D22/><U56/><E122/><V130/><F130/><W69/><G69/><T5/><D62/><U79/><E128/><V47/><F47/><W109/><G109/><T132/><D132/><AGARI ba="1,0" hai="6,7,28,29,31,41,45,50,132,133,134" m="555" machi="132" ten="40,3900,0" yaku="20,1,52,1" doraHai="39" who="2" fromWho="0" sc="502,-42,85,0,228,42,185,0" /><INIT seed="2,2,0,3,5,11" ten="460,85,270,185" oya="2" hai0="3,51,4,31,118,69,106,1,77,39,78,57,71" hai1="48,36,91,79,10,21,37,50,65,29,26,84,66" hai2="90,13,112,7,24,83,95,115,22,56,19,111,133" hai3="132,2,18,98,47,105,99,108,114,63,75,0,88"/><V41/><F133/><W67/><G108/><T46/><D106/><U126/><E126/><V120/><F120/><W107/><G75/><T55/><D118/><U35/><E35/><V82/><F111/><W30/><G30/><T102/><D102/><U93/><E37/><V8/><F41/><W134/><G114/><T103/><D103/><U117/><E36/><V86/><F82/><W129/><G18/><T100/><D100/><U116/><E116/><V61/><REACH who="2" step="1"/><F83/><REACH who="2" ten="460,85,260,185" step="2"/><W14/><G134/><T73/><D73/><U121/><E117/><V87/><F87/><W43/><G132/><T52/><D78/><U76/><E121/><V72/><F72/><W130/><G43/><T28/><D77/><U25/><E79/><V9/><F9/><W54/><G129/><T33/><D71/><U125/><E76/><V12/><F12/><W6/><G14/><T20/><D69/><U59/><E125/><V92/><F92/><W38/><G130/><T27/><D1/><U85/><E10/><V109/><F109/><W17/><G2/><T119/><D3/><U80/><E80/><V70/><F70/><W110/><G0/><T40/><D119/><U44/><E85/><V49/><F49/><W23/><G110/><T104/><D104/><U15/><E15/><V42/><F42/><W124/><G105/><T60/><D39/><U16/><E50/><V94/><F94/><W89/><G107/><T97/><D40/><N who="1" m="24583" /><E59/><V34/><F34/><W127/><G38/><T64/><D33/><U74/><E74/><V53/><AGARI ba="2,1" hai="7,8,13,19,22,24,53,56,61,86,90,95,112,115" machi="53" ten="20,7800,0" yaku="1,1,0,1,7,1,52,1,53,0" doraHai="11" doraHaiUra="45" who="2" fromWho="2" sc="460,-28,85,-28,260,94,185,-28" /><INIT seed="2,3,0,4,2,81" ten="432,57,354,157" oya="2" hai0="115,30,98,31,125,120,103,26,102,94,130,49,101" hai1="109,4,23,62,127,106,71,84,64,28,10,79,128" hai2="27,22,37,122,77,47,117,78,5,39,29,114,8" hai3="131,0,75,61,51,11,105,82,33,40,53,48,92"/><V121/><F114/><W14/><G105/><T96/><D115/><U34/><E109/><V76/><F117/><W13/><G33/><T118/><D120/><U18/><E127/><V74/><F74/><W133/><G133/><T73/><D73/><U65/><E128/><V95/><F95/><W38/><G131/><T54/><D130/><U25/><E106/><V116/><F116/><W86/><G75/><T107/><D118/><U2/><E65/><V87/><F87/><W9/><G92/><T124/><D31/><U58/><E79/><V123/><REACH who="2" step="1"/><F47/><REACH who="2" ten="432,57,344,157" step="2"/><W55/><G86/><T17/><D94/><U93/><E93/><V45/><F45/><W88/><G82/><T104/><D124/><U70/><REACH who="1" step="1"/><E84/><REACH who="1" ten="432,47,344,157" step="2"/><V6/><F6/><W113/><G113/><T36/><D125/><U112/><E112/><V16/><F16/><W99/><G99/><T46/><D17/><U91/><E91/><V63/><F63/><W19/><G88/><T97/><D107/><U83/><E83/><V68/><F68/><W110/><G61/><T119/><D104/><U20/><E20/><V7/><F7/><W126/><G19/><T72/><D119/><U56/><E56/><V1/><AGARI ba="3,2" hai="1,5,8,22,27,29,37,39,76,77,78,121,122,123" machi="1" ten="40,3900,0" yaku="1,1,0,1,53,0" doraHai="81" doraHaiUra="132" who="2" fromWho="2" sc="432,-16,47,-16,344,68,157,-16" /><INIT seed="2,4,0,4,2,31" ten="416,31,412,141" oya="2" hai0="63,46,93,123,35,11,61,23,14,121,135,1,131" hai1="50,53,111,89,109,74,86,26,16,19,85,6,10" hai2="20,33,37,5,52,88,73,114,130,69,92,51,84" hai3="36,122,117,77,112,82,58,7,71,55,90,126,59"/><V8/><F114/><W12/><G112/><T100/><D1/><U129/><E74/><V40/><F69/><W17/><G117/><T94/><D131/><U132/><E132/><V102/><F130/><W54/><G122/><T34/><D135/><U65/><E65/><V127/><F73/><W107/><G107/><T91/><D46/><U115/><E129/><V70/><F70/><W119/><G36/><T83/><D23/><U72/><E115/><V128/><F128/><W44/><G119/><T64/><D83/><U43/><E72/><V120/><F120/><W99/><G126/><T49/><D49/><U75/><E43/><V110/><F127/><W9/><G71/><T101/><D14/><U22/><E75/><V45/><F110/><W48/><G7/><T104/><D11/><U41/><E41/><V68/><F68/><W4/><G4/><T2/><D104/><U60/><E60/><V42/><F33/><W24/><G24/><T56/><D56/><U13/><E6/><V76/><F20/><W108/><G108/><T15/><D15/><U134/><E86/><N who="2" m="52247" /><F102/><W113/><G113/><T116/><D116/><U66/><E66/><V29/><F29/><W98/><G59/><T47/><D64/><U96/><E96/><V81/><F37/><W57/><G57/><T125/><D125/><U18/><E134/><V78/><F78/><W32/><G77/><T21/><D21/><U95/><REACH who="1" step="1"/><E19/><REACH who="1" ten="416,21,412,141" step="2"/><V0/><F0/><W30/><G17/><T3/><D47/><AGARI ba="4,1" hai="10,13,16,18,22,26,47,50,53,85,89,95,109,111" machi="47" ten="40,5200,0" yaku="1,1,2,1,54,1,53,0" doraHai="31" doraHaiUra="25" who="1" fromWho="0" sc="416,-64,21,74,412,0,141,0" /><INIT seed="3,0,0,5,4,31" ten="352,95,412,141" oya="3" hai0="35,67,89,80,18,86,93,16,9,17,12,29,47" hai1="125,132,0,113,96,81,39,105,131,26,65,101,71" hai2="33,130,53,11,42,34,115,124,91,76,116,30,94" hai3="134,23,46,25,63,128,77,22,78,83,129,58,103"/><W121/><G121/><T107/><D107/><U120/><RYUUKYOKU type="yao9" ba="0,0" sc="352,0,95,0,412,0,141,0" hai1="0,26,39,65,71,81,96,101,105,113,120,125,131,132" /><INIT seed="3,1,0,0,0,132" ten="352,95,412,141" oya="3" hai0="28,105,116,62,66,34,10,124,102,78,3,126,67" hai1="133,125,19,72,101,59,25,35,95,104,60,74,48" hai2="108,23,14,75,83,20,46,71,76,53,31,69,27" hai3="135,122,100,111,43,97,56,2,17,50,52,70,29"/><W61/><G122/><T84/><D116/><U11/><E133/><V5/><F108/><W39/><G29/><T38/><D38/><U130/><E130/><V127/><F127/><N who="0" m="48682" /><D3/><U41/><E104/><V128/><F128/><W0/><G111/><T36/><D36/><U123/><E123/><V1/><F1/><W90/><G90/><T45/><D45/><U94/><E125/><V86/><F75/><W103/><G135/><T54/><D10/><U12/><E74/><V129/><F129/><W85/><G2/><T113/><D113/><U30/><E72/><V109/><F109/><W120/><G120/><T26/><D102/><U47/><REACH who="1" step="1"/><E101/><REACH who="1" ten="352,85,412,141" step="2"/><V37/><F37/><W49/><G100/><T8/><D105/><U68/><E68/><V112/><F112/><W33/><G70/><T82/><D8/><U107/><E107/><V118/><F118/><W57/><G39/><T9/><D9/><U91/><E91/><V92/><F92/><W88/><G103/><T73/><D73/><U79/><E79/><V77/><F77/><W7/><G88/><T87/><D87/><U131/><E131/><V134/><F134/><W21/><G85/><T18/><D18/><U63/><E63/><V32/><F5/><W4/><G61/><T110/><D110/><U64/><AGARI ba="1,1" hai="11,12,19,25,30,35,41,47,48,59,60,64,94,95" machi="64" ten="20,5200,0" yaku="1,1,0,1,7,1,53,1" doraHai="132" doraHaiUra="13" who="1" fromWho="1" sc="352,-14,85,65,412,-14,141,-27" owari="338,14.0,150,-25.0,398,50.0,114,-39.0" /></mjloggm>