<mjloggm ver="2.3"><GO type="97" lobby="0"/><UN n0="%E3%81%8B%E3%81%AA%E3%81%B8%E3%81%B3" n1="%E3%82%B3%E3%83%B3%E3%83%81%E2%85%A2" n2="%6D%6F%72%69%73%61%77%61" n3="%E3%82%A6%E3%83%AB%E3%83%88%E3%83%A9%E7%AB%8B%E7%9B%B4" dan="14,15,13,14" rate="1918.96,2006.78,2054.06,1941.74" sx="M,M,F,M"/><TAIKYOKU oya="0"/><INIT seed="0,0,0,2,0,90" ten="250,250,250,250" oya="0" hai0="89,19,110,71,112,94,15,51,62,72,101,10,53" hai1="11,16,33,102,37,31,74,83,52,61,127,20,26" hai2="18,22,114,38,27,49,99,80,28,2,42,129,117" hai3="124,78,48,81,106,128,79,63,87,70,21,4,47"/><T5/><D112/><U60/><E37/><V9/><F38/><W46/><G106/><T134/><D72/><U12/><E127/><V69/><F114/><W103/><G124/><T91/><D134/><U95/><E74/><V66/><F117/><W50/><G128/><T54/><D110/><U111/><E83/><V132/><F132/><W29/><G103/><T119/><D119/><U44/><E111/><V0/><F129/><W97/><G97/><T116/><D116/><U58/><E44/><V23/><F69/><W45/><G4/><T108/><D108/><U104/><E104/><V85/><F66/><W1/><G1/><T25/><D71/><U34/><REACH who="1" step="1"/><E61/><REACH who="1" ten="250,240,250,250" step="2"/><V121/><F121/><W57/><G47/><T98/><D62/><U96/><AGARI ba="0,1" hai="11,12,16,20,26,31,33,34,52,58,60,95,96,102" machi="96" ten="30,12000,2" yaku="1,1,2,1,0,1,52,1,54,2,53,1" doraHai="90" doraHaiUra="13" who="1" fromWho="1" sc="250,-60,240,130,250,-30,250,-30" /><INIT seed="1,0,0,1,1,15" ten="190,370,220,220" oya="1" hai0="114,113,130,73,83,60,50,124,128,96,131,32,53" hai1="1,17,59,27,38,87,95,11,49,92,2,16,23" hai2="57,125,85,22,77,111,35,46,79,93,52,21,116" hai3="28,88,84,102,100,5,24,120,82,135,105,13,54"/><U68/><E38/><V76/><F35/><W71/><G120/><T126/><D32/><U80/><E68/><V4/><F116/><W112/><G71/><T134/><D73/><U86/><E2/><V101/><F125/><N who="0" m="48234" /><D83/><U26/><E1/><V123/><F123/><W121/><G121/><T104/><D96/><U115/><E115/><N who="0" m="44041" /><D104/><U30/><E11/><V7/><F111/><W117/><G117/><T6/><D6/><N who="2" m="2090" /><F46/><W97/><G135/><T118/><D118/><U51/><E59/><V132/><F132/><W45/><G112/><T70/><D134/><U78/><E87/><V64/><F64/><W90/><G105/><T91/><D91/><U107/><E107/><V133/><F133/><W39/><G90/><T129/><N who="0" m="32768" /><DORA hai="12" /><T33/><D33/><U56/><E92/><V103/><F85/><W48/><G97/><T25/><D25/><U62/><E95/><V75/><F75/><W110/><G110/><T20/><D20/><N who="2" m="7786" /><F93/><W119/><G119/><T29/><D29/><U19/><REACH who="1" step="1"/><E27/><REACH who="1" ten="190,360,220,220" step="2"/><V61/><AGARI ba="0,1" hai="52,57,61,76,77,79,101,103" m="7786,2090" machi="61" ten="30,2000,0" yaku="8,1,54,1" doraHai="15,12" who="2" fromWho="2" sc="190,-5,360,-10,220,30,220,-5" /><INIT seed="2,0,0,4,1,84" ten="185,350,250,215" oya="2" hai0="28,113,86,121,52,75,104,1,119,25,124,117,98" hai1="22,14,49,105,38,67,46,57,15,42,45,61,64" hai2="108,44,80,51,127,93,40,87,96,97,32,99,109" hai3="69,39,73,81,31,90,12,33,66,92,59,48,41"/><V5/><F32/><W94/><G31/><T65/><D75/><U50/><E105/><V6/><F127/><W85/><G33/><T74/><D1/><U115/><E115/><V17/><F17/><W103/><G73/><T101/><D74/><U0/><E0/><V13/><F93/><W134/><G134/><T79/><D121/><U130/><E14/><V135/><F135/><W2/><G2/><T125/><D113/><U36/><E15/><V68/><F68/><W118/><G118/><N who="0" m="45067" /><D65/><N who="1" m="39087" /><E22/><V47/><F47/><N who="3" m="25711" /><G69/><T120/><D120/><U82/><E82/><V27/><F27/><W29/><G39/><N who="1" m="14890" /><E130/><V76/><F13/><W112/><G112/><T19/><D19/><U126/><E126/><N who="0" m="48745" /><D52/><AGARI ba="0,0" hai="42,45,46,49,50,52,64,67" m="14890,39087" machi="52" ten="30,12000,2" yaku="35,5,54,1" doraHai="84" who="1" fromWho="0" sc="185,-120,350,120,250,0,215,0" /><INIT seed="3,0,0,1,3,6" ten="65,470,250,215" oya="3" hai0="64,38,37,41,7,128,48,49,59,99,68,81,15" hai1="79,1,72,3,14,2,50,11,30,63,77,70,132" hai2="55,110,80,27,104,34,36,8,43,22,83,60,52" hai3="121,57,17,111,109,35,114,42,76,13,85,0,23"/><W67/><G121/><T39/><D15/><U100/><E132/><V127/><F104/><W105/><G105/><T98/><D7/><U95/><E30/><V75/><F34/><W65/><G114/><T25/><D25/><U118/><E118/><V120/><F120/><W126/><G35/><T129/><D81/><U86/><E72/><V46/><F127/><W115/><G115/><T4/><D4/><U71/><E50/><V78/><F83/><N who="3" m="47335" /><G0/><T107/><D107/><U133/><E133/><V82/><F82/><W62/><G42/><T94/><D94/><U131/><E131/><V26/><F26/><W61/><G126/><T10/><D41/><U113/><E113/><V74/><F74/><W20/><G20/><T44/><D44/><U9/><E14/><V33/><F33/><W47/><G47/><T56/><D68/><N who="1" m="26155" /><E63/><V106/><F60/><W122/><G122/><T18/><D18/><U53/><E53/><V119/><F106/><W51/><G51/><T5/><D5/><U102/><E86/><V96/><F119/><W125/><G125/><T40/><D40/><U88/><E88/><V130/><F96/><W116/><G116/><T124/><D124/><U117/><E95/><V87/><F75/><W45/><G45/><T69/><D69/><U29/><E29/><V123/><F46/><W16/><G17/><T66/><REACH who="0" step="1"/><D39/><REACH who="0" ten="55,470,250,215" step="2"/><U58/><E117/><V89/><F36/><W90/><G90/><T91/><D91/><U92/><E92/><V28/><F89/><W32/><G32/><T21/><D21/><U112/><E112/><V24/><F43/><RYUUKYOKU ba="0,1" sc="55,15,470,-15,250,-15,215,15" hai0="10,37,38,48,49,56,59,64,66,98,99,128,129" hai3="13,16,23,57,61,62,65,67,109,111" /><INIT seed="3,1,1,4,0,10" ten="70,455,235,230" oya="3" hai0="86,105,134,20,14,17,76,37,107,40,5,50,92" hai1="123,99,96,8,74,88,103,1,72,84,87,78,127" hai2="101,25,21,55,45,52,77,125,132,31,115,113,41" hai3="66,106,80,33,91,119,98,60,32,71,75,36,112"/><W30/><G91/><T11/><D134/><U59/><E1/><V93/><F132/><W9/><G119/><T79/><D37/><U57/><E8/><V35/><F125/><W24/><G9/><T29/><D107/><N who="1" m="63999" /><E59/><V73/><F73/><N who="1" m="28265" /><E57/><V104/><F77/><N who="3" m="44095" /><G112/><T121/><D105/><U0/><E0/><V85/><F104/><W18/><G18/><T116/><D121/><U46/><E46/><V56/><F55/><W109/><G109/><T94/><D116/><U51/><E51/><V89/><F101/><N who="3" m="62775" /><G33/><T7/><D29/><U129/><E123/><V12/><F35/><W15/><G15/><T128/><D128/><U135/><E135/><V67/><F12/><W69/><G69/><T100/><D100/><U95/><E129/><V130/><F67/><W102/><G102/><T3/><D7/><U44/><E44/><V70/><F70/><W13/><G13/><T34/><D34/><U6/><E6/><V39/><F130/><W2/><G2/><T68/><D68/><U48/><E48/><AGARI ba="1,1" hai="21,25,31,39,41,45,48,52,56,85,89,93,113,115" machi="48" ten="30,2000,0" yaku="7,1,54,1" doraHai="10" who="2" fromWho="1" sc="70,0,455,-23,235,33,230,0" owari="70,-43.0,432,53.0,268,7.0,230,-17.0" /></mjloggm>