<mjloggm ver="2.3"><GO type="169" lobby="0"/><UN n0="%E3%82%A6%E3%83%AB%E3%83%88%E3%83%A9%E7%AB%8B%E7%9B%B4" n1="%66%65%65%73" n2="%E3%83%91%E3%83%B3%E5%8D%93%E3%81%AE%E6%94%AF%E9%85%8D%E8%80%85" n3="%E5%B2%A1%E6%9D%91%E9%9D%96%E5%B9%B8" dan="16,16,17,16" rate="2133.91,2100.85,2156.79,2102.95" sx="M,M,M,M"/><TAIKYOKU oya="0"/><INIT seed="0,0,0,0,4,126" ten="250,250,250,250" oya="0" hai0="36,20,62,63,70,12,31,64,32,135,112,26,53" hai1="80,30,129,117,55,37,61,6,100,24,118,46,90" hai2="38,47,3,86,107,41,120,52,82,74,33,14,106" hai3="21,116,65,97,25,71,101,89,108,54,7,34,76"/><T43/><D112/><U125/><E125/><V122/><F3/><W132/><G116/><T18/><D135/><U75/><E100/><V88/><F33/><W134/><G34/><T59/><D43/><U128/><E6/><V22/><F74/><W111/><G76/><T35/><D36/><U99/><E99/><V48/><F107/><W67/><G89/><T60/><D60/><U19/><E19/><V9/><F22/><AGARI ba="0,0" hai="12,18,20,22,26,31,32,35,53,59,62,63,64,70" machi="22" ten="30,1500,0" yaku="7,1" doraHai="126" who="0" fromWho="2" sc="250,15,250,0,250,-15,250,0" /><INIT seed="0,1,0,0,1,18" ten="265,250,235,250" oya="0" hai0="105,28,99,56,121,116,32,54,106,113,7,25,71" hai1="87,98,130,38,90,93,73,24,81,84,118,104,8" hai2="3,102,0,62,11,114,119,133,29,78,95,101,79" hai3="51,17,52,111,53,34,13,65,12,131,39,35,135"/><T82/><D121/><U64/><E38/><V37/><F114/><W129/><G39/><T41/><D71/><U68/><E118/><V1/><F37/><W109/><G65/><T97/><D41/><U14/><E130/><N who="3" m="49674" /><G135/><T117/><D113/><U26/><E84/><V112/><F112/><W132/><G132/><T110/><D110/><N who="3" m="41993" /><G53/><T22/><D7/><U76/><E64/><V58/><F119/><W6/><G6/><T74/><D116/><U96/><E68/><V100/><F133/><W5/><G5/><T45/><D45/><U30/><E30/><V134/><F134/><W123/><G123/><T59/><D117/><U16/><E98/><V92/><F29/><W40/><G40/><T43/><D43/><U124/><E124/><V122/><F122/><W91/><G91/><T88/><D32/><N who="3" m="12329" /><G17/><T31/><D31/><U9/><E8/><V89/><F11/><W2/><G2/><T36/><D36/><U125/><E125/><V80/><F89/><W85/><G85/><T77/><D59/><AGARI ba="1,0" hai="12,13,51,52,59" m="12329,41993,49674" machi="59" ten="40,5200,0" yaku="19,1,14,1,54,1" doraHai="18" who="3" fromWho="0" sc="265,-55,250,0,235,0,250,55" /><INIT seed="1,0,0,5,0,128" ten="210,250,235,305" oya="1" hai0="89,10,114,67,51,33,16,73,43,108,7,125,23" hai1="105,124,6,96,118,123,90,49,27,88,79,104,2" hai2="86,69,4,38,39,14,95,40,120,82,66,26,121" hai3="8,126,46,15,107,25,5,48,55,42,31,109,91"/><U1/><E123/><V11/><F69/><W76/><G107/><T132/><D73/><U130/><E130/><V85/><F66/><W111/><G126/><T32/><D67/><U35/><E118/><V13/><F26/><W127/><G127/><T22/><D89/><U34/><E124/><V103/><F14/><W102/><G102/><T72/><D108/><N who="3" m="41545" /><G91/><T3/><D51/><U36/><E36/><V37/><F40/><W47/><G76/><T78/><D43/><U56/><E79/><V20/><F20/><N who="3" m="15783" /><G42/><T52/><D78/><U60/><E49/><V93/><F93/><W61/><G61/><T57/><D72/><U133/><E60/><V70/><F70/><W87/><G87/><T30/><D125/><U92/><E56/><AGARI ba="0,0" hai="5,8,15,46,47,48,55,56" m="15783,41545" machi="56" ten="30,1000,0" yaku="14,1" doraHai="128" who="3" fromWho="1" sc="210,0,250,-10,235,0,305,10" /><INIT seed="2,0,0,0,4,69" ten="210,240,235,315" oya="2" hai0="90,107,93,23,56,94,0,26,106,51,67,74,71" hai1="72,96,53,95,86,75,54,41,50,101,5,114,66" hai2="126,133,77,10,58,120,73,44,30,112,89,80,24" hai3="124,28,62,84,57,98,104,14,116,85,60,113,79"/><V8/><F112/><W65/><G116/><T59/><D0/><U111/><E114/><V47/><F120/><W20/><G113/><T37/><D74/><U16/><E5/><V92/><F126/><W103/><G124/><T118/><D71/><U110/><E66/><V134/><F58/><W29/><G79/><T38/><D118/><U45/><E86/><V100/><F100/><W87/><G62/><T121/><D121/><U132/><E132/><N who="2" m="50795" /><F8/><W105/><REACH who="3" step="1"/><G104/><REACH who="3" ten="210,240,235,305" step="2"/><T19/><D106/><U48/><E111/><V117/><F117/><W27/><G27/><T88/><D107/><U127/><E110/><V34/><F10/><W33/><G33/><T115/><D115/><U83/><E127/><V11/><F11/><W128/><G128/><T17/><D26/><U12/><E72/><V131/><F131/><W1/><G1/><T25/><D25/><U35/><E35/><V61/><F61/><W6/><G6/><T55/><D23/><N who="1" m="11655" /><E75/><V129/><F129/><W82/><G82/><T15/><D15/><U97/><E83/><V36/><F34/><W40/><G40/><T49/><D67/><U9/><E9/><V109/><F109/><W52/><G52/><AGARI ba="0,1" hai="17,19,37,38,49,51,52,55,56,59,88,90,93,94" machi="52" ten="25,12000,2" yaku="22,2,52,2,54,2" doraHai="69" who="0" fromWho="3" sc="210,130,240,0,235,0,305,-120" /><INIT seed="3,0,0,0,3,46" ten="340,240,235,185" oya="3" hai0="114,87,42,33,99,23,72,79,126,32,130,38,47" hai1="44,105,36,70,8,66,100,107,24,67,119,25,94" hai2="71,4,101,89,13,95,68,6,55,121,31,88,135" hai3="84,43,20,120,78,129,17,127,26,86,74,123,65"/><W3/><G3/><T82/><D126/><U104/><E119/><V128/><F135/><W69/><G127/><T35/><D130/><U57/><E70/><V90/><F128/><W77/><G129/><T19/><D99/><U62/><E67/><V53/><F121/><W106/><G106/><T34/><N who="0" m="8192" /><DORA hai="131" /><T133/><D133/><U92/><E8/><V75/><F75/><W83/><G43/><T45/><D45/><U81/><E81/><V112/><F112/><W134/><G134/><T117/><D117/><U7/><E7/><V56/><F31/><W39/><G39/><T96/><D96/><U21/><E100/><V49/><F101/><W11/><G11/><T41/><D41/><U108/><E108/><V58/><F95/><W40/><G40/><T59/><D59/><U97/><E92/><V91/><F13/><W10/><G10/><T115/><REACH who="0" step="1"/><D72/><REACH who="0" ten="330,240,235,185" step="2"/><U14/><E44/><V5/><N who="2" m="22528" /><DORA hai="76" /><V93/><REACH who="2" step="1"/><F93/><REACH who="2" ten="330,240,225,185" step="2"/><W30/><G74/><T124/><D124/><U111/><E107/><V50/><AGARI ba="0,2" hai="4,5,6,49,50,53,55,56,58,68,71" m="22528" machi="50" ten="50,16000,3" yaku="1,1,2,1,0,1,9,1,52,2,54,1,53,2" doraHai="46,131,76" doraHaiUra="22,64,18" who="2" fromWho="2" sc="330,-40,240,-40,225,180,185,-80" /><INIT seed="4,0,0,3,1,79" ten="290,200,405,105" oya="0" hai0="35,72,91,24,40,105,103,29,70,27,116,107,68" hai1="128,121,76,16,21,36,74,129,61,19,101,38,52" hai2="78,31,131,4,26,99,57,75,33,122,89,44,114" hai3="134,50,48,30,5,133,51,55,3,2,53,73,32"/><T127/><D116/><U104/><E121/><V42/><F122/><W94/><G73/><T41/><D72/><U123/><E123/><V95/><F114/><W71/><G71/><T130/><D130/><N who="1" m="50283" /><E19/><V113/><F113/><W56/><G94/><T14/><D14/><U59/><E104/><V97/><F131/><W135/><G5/><T87/><D127/><U85/><E101/><V25/><F4/><W92/><G92/><T37/><D27/><N who="1" m="14759" /><E74/><V22/><F57/><W9/><G9/><T1/><D1/><U82/><AGARI ba="0,0" hai="36,38,52,59,61,76,82,85" m="14759,50283" machi="82" ten="30,7900,0" yaku="19,1,52,1,54,2" doraHai="79" who="1" fromWho="1" sc="290,-39,200,79,405,-20,105,-20" /><INIT seed="5,0,0,1,4,99" ten="251,279,385,85" oya="1" hai0="24,65,84,17,33,123,92,126,75,114,87,35,119" hai1="69,5,64,78,63,122,37,21,102,27,0,125,131" hai2="68,132,43,100,59,28,46,61,135,105,118,32,10" hai3="133,115,80,62,42,41,47,8,57,9,90,53,124"/><U66/><E122/><V38/><F118/><W51/><G115/><T109/><D75/><U107/><E66/><N who="2" m="41039" /><F10/><W49/><G133/><N who="2" m="51273" /><F59/><W3/><G124/><T111/><D65/><U16/><E37/><V25/><F100/><W93/><G80/><T67/><D67/><U1/><E125/><V98/><F98/><W95/><G3/><T104/><D104/><AGARI ba="0,0" hai="25,28,32,38,43,46,104,105" m="51273,41039" machi="104" ten="30,2000,0" yaku="20,1,23,1" doraHai="99" who="2" fromWho="0" sc="251,-20,279,0,385,20,85,0" /><INIT seed="6,0,0,0,0,13" ten="231,279,405,85" oya="2" hai0="39,96,46,23,93,85,66,70,112,113,8,56,21" hai1="103,0,58,41,59,55,27,54,67,6,62,123,110" hai2="126,52,97,73,60,34,51,68,121,87,111,77,99" hai3="30,43,118,18,122,64,28,20,101,80,135,114,117"/><V108/><F121/><W44/><G122/><T5/><D70/><U132/><E123/><V78/><F73/><W94/><G135/><T92/><D85/><U33/><E103/><V115/><F115/><N who="0" m="44106" /><D46/><U109/><E0/><V130/><F34/><W49/><G114/><T79/><D79/><U105/><E105/><V19/><F19/><W53/><G64/><T104/><D104/><U107/><E107/><V50/><F60/><W4/><G4/><T48/><D39/><U84/><E6/><V83/><F87/><W61/><G80/><T38/><D38/><U119/><E84/><V11/><F83/><W88/><G101/><N who="0" m="60551" /><D93/><U86/><E86/><V12/><F68/><W31/><G61/><N who="0" m="38183" /><D48/><U128/><E132/><V120/><F50/><W37/><G37/><T131/><D131/><U65/><E128/><V98/><F130/><W90/><G43/><T124/><D124/><U22/><E41/><V69/><F126/><W100/><G100/><T116/><D116/><U7/><E119/><V14/><F69/><W16/><G94/><T1/><AGARI ba="0,0" hai="1,5,8,21,23" m="38183,60551,44106" machi="1" ten="30,1100,0" yaku="15,1" doraHai="13" who="0" fromWho="0" sc="231,11,279,-3,405,-5,85,-3" /><INIT seed="7,0,0,5,5,120" ten="242,276,400,82" oya="3" hai0="42,104,16,124,96,59,86,50,60,5,58,98,17" hai1="14,114,128,15,100,27,81,1,61,116,20,130,23" hai2="0,54,18,30,53,79,39,62,101,37,89,115,56" hai3="97,49,103,110,41,83,121,119,21,13,68,45,106"/><W75/><G68/><T112/><D124/><U113/><E1/><V7/><F79/><W84/><G121/><T80/><D112/><N who="1" m="43115" /><E100/><V118/><F118/><W32/><G32/><T108/><D108/><U6/><E116/><V69/><F69/><W38/><G119/><T25/><D5/><U46/><E6/><V22/><F30/><W122/><G75/><T73/><D73/><U52/><E81/><V70/><F70/><W132/><G132/><T134/><D134/><U72/><E72/><V88/><F101/><W33/><G33/><T123/><D104/><U90/><E90/><V36/><F7/><W87/><G122/><T10/><D10/><U66/><E23/><V76/><F76/><W31/><G38/><T117/><D117/><U91/><E91/><V67/><F0/><W34/><G34/><T125/><D125/><U47/><E66/><V77/><F77/><W24/><G110/><T48/><D25/><U82/><E82/><V57/><F67/><W26/><G83/><T107/><D107/><U94/><E94/><V135/><F135/><W35/><REACH who="3" step="1"/><G13/><REACH who="3" ten="242,276,400,72" step="2"/><T93/><D123/><U51/><E15/><V78/><F37/><W43/><G43/><T64/><D42/><U8/><E14/><V111/><F111/><W3/><G3/><T44/><D80/><U74/><E74/><V109/><F109/><W133/><G133/><T12/><D12/><U85/><E8/><V19/><F39/><W126/><G126/><T65/><D65/><U99/><E130/><V102/><F36/><W95/><G95/><T127/><D64/><U11/><E128/><RYUUKYOKU ba="0,1" sc="242,-10,276,-10,400,-10,72,30" hai3="21,24,26,31,35,41,45,49,84,87,97,103,106" /><INIT seed="7,1,1,1,4,60" ten="232,266,390,102" oya="3" hai0="83,48,124,45,36,18,107,54,134,63,74,13,11" hai1="32,5,87,17,10,37,91,103,105,120,96,82,79" hai2="127,64,70,66,30,90,118,67,101,44,27,56,61" hai3="86,2,52,57,85,95,125,128,41,40,24,33,39"/><W22/><G33/><T100/><D36/><U62/><E37/><V4/><F118/><W14/><G2/><T65/><D124/><U31/><E120/><V0/><F0/><W73/><G125/><T75/><D134/><U76/><E17/><V102/><F127/><W16/><G73/><T72/><D100/><N who="2" m="38506" /><F70/><W68/><G68/><T46/><D107/><U81/><E82/><V55/><F4/><W92/><G128/><T113/><D46/><U69/><E10/><V93/><F27/><W114/><G39/><T115/><REACH who="0" step="1"/><D83/><REACH who="0" ten="222,266,390,102" step="2"/><U58/><E5/><V126/><F126/><W121/><G121/><T12/><D12/><U99/><E99/><N who="2" m="57783" /><F44/><W119/><G119/><T3/><D3/><U123/><E123/><V26/><F26/><W129/><G129/><T109/><D109/><U110/><E110/><V84/><F30/><W89/><G14/><T77/><D77/><U29/><E31/><V98/><F98/><W53/><G114/><T59/><AGARI ba="1,2" hai="11,13,18,45,48,54,59,63,65,72,74,75,113,115" machi="59" ten="40,8000,1" yaku="1,1,0,1,52,1,53,2" doraHai="60" doraHaiUra="111" who="0" fromWho="0" sc="222,103,266,-21,390,-21,102,-41" owari="325,13.0,245,-15.0,369,46.0,61,-44.0" /></mjloggm>