<mjloggm ver="2.3"><GO type="41" lobby="0"/><UN n0="%50%2D%4D%41%4B%45%52" n1="%E3%82%B8%E3%82%AD%E3%83%AB" n2="%E5%B0%B1%E6%B4%BB%E7%94%9F%40%E5%B7%9D%E6%9D%91%E8%BB%8D%E5%9B%A3" n3="%6D%65%67%61%74%65%6E" dan="14,13,15,13" rate="1938.86,1854.50,1993.35,1845.92" sx="M,M,M,M"/><TAIKYOKU oya="0"/><INIT seed="0,0,0,5,3,39" ten="250,250,250,250" oya="0" hai0="34,133,72,2,50,97,18,51,122,70,30,0,88" hai1="57,60,126,90,95,108,37,115,11,45,119,63,59" hai2="46,27,132,96,129,111,84,92,99,127,114,24,54" hai3="6,86,73,23,66,55,91,52,36,29,105,131,100"/><T61/><D122/><U69/><E119/><V110/><F114/><W48/><G131/><T33/><D72/><U28/><E115/><V31/><F129/><W83/><G73/><T134/><D18/><U20/><E108/><V40/><F127/><W3/><G36/><T94/><D61/><U71/><E126/><V116/><F116/><W5/><G3/><N who="0" m="1067" /><D70/><U106/><E106/><V118/><F118/><W89/><G105/><T107/><D107/><U8/><E69/><V58/><F132/><N who="0" m="50794" /><D30/><U21/><E71/><V44/><F44/><W117/><G117/><T62/><D62/><U113/><E113/><V7/><F7/><W42/><G100/><T15/><D15/><U121/><E28/><V64/><F64/><W49/><G66/><T25/><D25/><U123/><E63/><V10/><F10/><W17/><G29/><T14/><D14/><U135/><E135/><V74/><F74/><W79/><G79/><T22/><D22/><U32/><E32/><AGARI ba="0,0" hai="32,33,34,50,51,88,94,97" m="50794,1067" machi="32" ten="40,3900,0" yaku="20,1,54,1" doraHai="39" who="0" fromWho="1" sc="250,39,250,-39,250,0,250,0" /><INIT seed="0,1,0,5,2,55" ten="289,211,250,250" oya="0" hai0="56,36,26,25,17,37,38,47,67,95,30,45,22" hai1="116,19,50,12,82,29,123,79,76,130,128,114,66" hai2="74,9,119,10,122,84,93,58,117,80,88,87,89" hai3="5,85,18,40,4,46,118,81,135,35,106,42,69"/><T113/><D95/><U31/><E116/><N who="2" m="44619" /><F122/><W61/><G118/><T86/><D86/><U125/><E123/><V52/><F74/><W124/><G106/><T111/><D111/><U68/><E125/><V59/><F59/><W99/><G124/><T11/><D113/><U49/><E114/><V62/><AGARI ba="1,0" hai="9,10,52,58,62,80,84,87,88,89,93" m="44619" machi="62" ten="30,7900,0" yaku="12,1,52,1,54,2" doraHai="55" who="2" fromWho="2" sc="289,-40,211,-21,250,82,250,-21" /><INIT seed="1,0,0,5,2,132" ten="249,190,332,229" oya="1" hai0="48,108,52,94,65,126,13,122,44,7,134,19,12" hai1="6,79,112,29,62,51,2,95,43,127,45,25,100" hai2="115,68,76,1,133,98,40,64,120,74,80,27,105" hai3="60,89,85,106,75,69,41,50,92,97,109,123,26"/><U125/><E112/><V73/><F120/><W23/><G123/><T66/><D122/><U135/><E135/><V83/><F115/><W71/><G109/><T55/><D108/><U37/><E79/><V16/><F133/><W72/><G75/><T28/><D134/><U8/><E37/><V9/><F40/><W0/><G0/><T87/><D28/><U38/><E38/><V21/><F80/><W70/><G72/><T103/><D126/><N who="1" m="48139" /><E62/><V107/><F74/><W117/><G117/><T47/><D7/><U11/><E6/><V31/><F98/><W10/><G10/><N who="0" m="6551" /><D13/><U14/><E14/><V118/><F118/><W91/><G106/><T22/><D22/><N who="1" m="15543" /><E2/><V5/><F64/><W3/><G3/><T36/><D36/><U39/><E39/><V24/><F68/><W15/><G71/><T56/><D65/><U129/><E129/><V99/><F1/><W20/><G60/><T4/><D66/><U46/><E46/><V81/><F5/><W61/><G61/><T101/><D4/><U84/><E84/><V67/><F76/><W130/><G130/><T34/><D47/><U96/><AGARI ba="0,0" hai="8,11,43,45,51,95,96,100" m="15543,48139" machi="96" ten="30,11700,0" yaku="18,1,52,3" doraHai="132" who="1" fromWho="1" sc="249,-39,190,117,332,-39,229,-39" /><INIT seed="1,1,0,0,0,107" ten="210,307,293,190" oya="1" hai0="64,87,53,103,88,6,69,113,10,60,68,70,71" hai1="116,16,95,18,57,29,19,119,8,24,59,42,79" hai2="21,108,82,77,67,118,41,96,7,58,30,44,74" hai3="38,92,78,66,25,0,61,73,2,11,3,33,97"/><U114/><E114/><V17/><F108/><W20/><G38/><T75/><D113/><U125/><E125/><V130/><F118/><W55/><G33/><T47/><D103/><U48/><E8/><V65/><F130/><W76/><G73/><T121/><D121/><U84/><E42/><V26/><F7/><W34/><G34/><T81/><D75/><U23/><E95/><V52/><F96/><W128/><G128/><T1/><N who="0" m="17408" /><DORA hai="36" /><T131/><D131/><U98/><E98/><V105/><F105/><W45/><G11/><T72/><D72/><U5/><E5/><V62/><F30/><W135/><G135/><T63/><REACH who="0" step="1"/><D64/><REACH who="0" ten="200,307,293,190" step="2"/><U51/><E116/><V124/><F124/><W12/><G66/><T102/><D102/><U28/><E119/><V14/><REACH who="2" step="1"/><F26/><REACH who="2" ten="200,307,283,190" step="2"/><W133/><G25/><T101/><D101/><U94/><E24/><V91/><F91/><W22/><G133/><T35/><D35/><U126/><E126/><V54/><F54/><W132/><G55/><T27/><D27/><U50/><E29/><V117/><F117/><W46/><G132/><T120/><D120/><U49/><E28/><V115/><F115/><W80/><G2/><T39/><D39/><AGARI ba="1,2" hai="14,17,21,39,41,44,52,58,62,65,67,74,77,82" machi="39" ten="30,12000,2" yaku="1,1,7,1,52,2,54,1,53,1" doraHai="107,36" doraHaiUra="123,43" who="2" fromWho="0" sc="200,-123,307,0,283,143,190,0" /><INIT seed="2,0,0,4,0,16" ten="77,307,426,190" oya="2" hai0="60,53,15,76,74,47,51,103,27,36,108,92,5" hai1="99,49,45,105,106,59,35,14,22,25,91,83,135" hai2="69,124,9,101,65,56,4,75,93,43,32,33,3" hai3="23,66,31,28,7,104,55,67,19,129,68,20,24"/><V120/><F120/><W58/><G104/><T115/><D108/><U125/><E125/><V73/><F124/><W12/><G68/><T113/><D76/><U110/><E110/><V96/><F43/><W132/><G132/><T39/><D74/><U118/><E118/><V1/><F1/><W128/><G31/><T86/><D39/><U77/><E135/><V121/><F121/><W0/><G0/><T107/><D107/><U81/><E59/><V114/><F114/><W123/><G7/><T13/><D36/><U30/><E35/><V8/><F8/><W95/><G95/><T41/><D27/><U112/><E112/><V117/><F117/><W130/><REACH who="3" step="1"/><G123/><REACH who="3" ten="77,307,426,180" step="2"/><T40/><D113/><U48/><E105/><V102/><F93/><W88/><G88/><T18/><D115/><U42/><E106/><V61/><F101/><W85/><G85/><T98/><D86/><U6/><E91/><V50/><F75/><W126/><G126/><T21/><REACH who="0" step="1"/><D60/><AGARI ba="0,1" hai="12,19,20,23,24,28,55,58,60,66,67,128,129,130" machi="60" ten="40,8000,1" yaku="1,1,19,1,52,2,53,1" doraHai="16" doraHaiUra="26" who="3" fromWho="0" sc="77,-80,307,0,426,0,180,90" owari="-3,-50.0,307,11.0,426,52.0,270,-13.0" /></mjloggm>