<mjloggm ver="2.3"><GO type="97" lobby="0"/><UN n0="%E3%83%90%E3%83%88%E3%83%AB%E3%83%92%E3%83%BC%E3%83%AD%E3%83%BC" n1="%E9%A3%9B%E6%9C%AB%E6%AD%A6%E5%BF%97" n2="%EF%BC%A7%EF%BC%A1%EF%BC%B2%EF%BC%AF" n3="%E3%82%A6%E3%83%AB%E3%83%88%E3%83%A9%E7%AB%8B%E7%9B%B4" dan="14,14,13,14" rate="1999.38,1894.11,1870.74,1915.60" sx="M,M,M,M"/><TAIKYOKU oya="0"/><INIT seed="0,0,0,4,4,81" ten="250,250,250,250" oya="0" hai0="35,115,129,75,95,67,40,76,70,84,86,117,68" hai1="33,71,50,23,105,11,59,24,1,110,20,107,111" hai2="28,114,98,58,132,79,104,43,122,91,16,31,65" hai3="52,80,94,37,113,83,96,112,45,103,13,63,116"/><T46/><D117/><U128/><E71/><V100/><F122/><W36/><G116/><T74/><D35/><U134/><E134/><V92/><F114/><W34/><G34/><T18/><D115/><U101/><E128/><V53/><F79/><W12/><G37/><T0/><D0/><U131/><E131/><V72/><F72/><W69/><G112/><T10/><D129/><U126/><E126/><V87/><F132/><W82/><G113/><T73/><D76/><U133/><E133/><V32/><F43/><W64/><G13/><T90/><D67/><U121/><E121/><V125/><F65/><W99/><G12/><T124/><D124/><U123/><E33/><V85/><F85/><W109/><G109/><T38/><D10/><U25/><E123/><V54/><F125/><W39/><G99/><T77/><REACH who="0" step="1"/><D18/><REACH who="0" ten="240,250,250,250" step="2"/><N who="1" m="12311" /><E1/><V118/><F16/><W41/><G39/><T47/><D47/><U42/><E11/><V55/><F118/><W17/><G17/><T88/><D88/><U49/><E42/><V30/><REACH who="2" step="1"/><F32/><REACH who="2" ten="240,250,240,250" step="2"/><W29/><G29/><T27/><D27/><U19/><E111/><V56/><AGARI ba="0,2" hai="28,30,31,53,54,55,56,58,87,91,92,98,100,104" machi="56" ten="40,8000,1" yaku="1,1,2,1,0,1,52,1,53,0" doraHai="81" doraHaiUra="119" who="2" fromWho="2" sc="240,-40,250,-20,240,100,250,-20" /><INIT seed="1,0,0,5,2,96" ten="200,230,340,230" oya="1" hai0="122,73,75,64,17,105,86,9,24,61,114,76,95" hai1="84,78,58,113,5,57,67,130,1,101,112,50,72" hai2="85,59,68,132,41,120,79,44,39,33,13,115,48" hai3="89,125,28,6,42,134,15,31,110,131,30,27,12"/><U126/><E72/><V18/><F120/><W107/><G107/><T70/><D105/><U127/><E1/><V124/><F33/><W93/><G110/><T83/><D122/><U25/><E5/><V23/><F68/><W45/><G125/><N who="1" m="47626" /><E25/><V3/><F124/><W56/><G131/><T81/><D114/><N who="1" m="44139" /><E130/><V36/><F115/><W116/><G116/><T51/><D95/><U92/><E78/><V117/><F132/><W2/><G134/><T16/><D51/><U43/><E84/><V47/><F117/><W123/><G123/><T90/><D24/><U20/><E20/><V94/><F3/><W55/><G2/><T63/><D73/><U40/><E67/><V74/><F74/><W65/><G65/><T10/><REACH who="0" step="1"/><D63/><REACH who="0" ten="190,230,340,230" step="2"/><U4/><E50/><V133/><F94/><W0/><G27/><T14/><D14/><U32/><E32/><V82/><F13/><W102/><G12/><T35/><D35/><U38/><E4/><V103/><F133/><W109/><G0/><T71/><D71/><U119/><E119/><V97/><F82/><W77/><G15/><T8/><AGARI ba="0,1" hai="8,9,10,16,17,61,64,70,75,76,81,83,86,90" machi="8" ten="30,7900,0" yaku="1,1,0,1,54,1,53,1" doraHai="96" doraHaiUra="66" who="0" fromWho="0" sc="190,89,230,-39,340,-20,230,-20" /><INIT seed="2,0,0,1,1,74" ten="279,191,320,210" oya="2" hai0="7,132,133,24,96,53,77,97,25,125,84,103,26" hai1="65,15,134,8,6,2,51,108,86,38,40,13,35" hai2="33,71,107,120,99,118,43,11,80,45,76,104,100" hai3="128,62,66,41,61,67,32,52,47,49,88,55,127"/><V70/><F120/><W87/><G32/><T110/><D110/><U130/><E108/><V105/><F118/><W23/><G127/><T112/><D112/><U63/><E134/><N who="0" m="51817" /><D125/><U17/><E130/><V126/><F126/><W123/><G123/><T79/><D7/><U124/><E124/><V48/><F33/><W10/><G128/><T102/><D84/><U92/><E38/><V73/><REACH who="2" step="1"/><F11/><REACH who="2" ten="279,191,310,210" step="2"/><W44/><G10/><T69/><D69/><AGARI ba="0,1" hai="43,45,48,69,70,71,73,76,80,99,100,104,105,107" machi="69" ten="40,7700,0" yaku="1,1,2,1,52,1,53,0" doraHai="74" doraHaiUra="83" who="2" fromWho="0" sc="279,-77,191,0,310,87,210,0" /><INIT seed="2,1,0,5,1,57" ten="202,191,397,210" oya="2" hai0="78,125,108,102,35,29,116,109,47,83,117,55,100" hai1="121,133,90,54,32,31,28,98,44,115,104,26,59" hai2="73,112,10,20,135,132,97,22,21,89,42,70,74" hai3="120,6,62,12,39,68,23,58,56,110,13,37,69"/><V19/><F70/><W50/><G23/><T126/><D29/><U82/><E115/><V17/><F112/><W87/><G6/><T95/><D35/><U14/><E133/><N who="2" m="51275" /><F42/><W64/><G87/><N who="0" m="48631" /><D47/><U131/><E131/><V25/><F97/><W36/><G12/><T88/><D55/><U101/><E121/><V129/><F89/><W8/><G13/><T119/><D102/><U92/><E82/><V67/><F67/><N who="3" m="39367" /><G8/><T7/><D7/><U75/><E75/><N who="2" m="28683" /><F129/><W4/><G4/><T84/><D100/><U33/><E44/><V93/><F93/><W106/><G106/><T61/><D61/><U0/><E0/><V16/><F10/><W111/><G120/><T38/><D38/><U94/><E14/><V66/><F66/><W128/><G128/><T113/><D113/><U9/><E9/><V103/><F103/><W63/><G68/><T45/><D45/><U107/><E107/><V52/><F52/><AGARI ba="1,0" hai="36,37,39,50,52,58,63,64,69,110,111" m="39367" machi="52" ten="40,8000,1" yaku="34,2,52,2,54,1" doraHai="57" who="3" fromWho="2" sc="202,0,191,0,397,-83,210,83" /><INIT seed="3,0,0,1,3,59" ten="202,191,314,293" oya="3" hai0="62,127,73,26,88,131,112,9,81,106,23,123,32" hai1="130,48,2,79,55,87,22,113,134,82,37,84,90" hai2="52,56,45,103,95,115,70,29,72,69,38,33,118" hai3="105,24,93,41,128,133,111,27,80,85,14,71,30"/><W104/><G71/><T122/><D106/><U20/><E37/><V58/><F72/><W98/><G27/><T21/><D112/><U43/><E2/><V92/><F115/><W7/><G41/><T46/><D131/><U101/><E113/><V4/><F118/><W17/><G7/><T77/><D127/><U40/><E130/><V89/><F4/><W54/><G54/><T83/><D9/><U3/><E101/><V34/><F29/><W109/><G128/><T63/><D46/><U35/><E35/><V78/><F38/><W91/><G133/><T6/><D6/><U39/><E3/><V1/><F1/><W64/><G64/><T0/><D0/><U94/><E134/><V12/><F12/><W96/><G24/><T107/><D107/><U74/><E74/><V50/><F78/><N who="3" m="46231" /><G30/><T44/><D44/><U121/><E121/><V129/><F129/><W97/><G17/><T51/><D51/><U100/><E100/><V42/><F58/><W15/><G14/><T126/><D126/><U75/><E75/><V47/><F47/><W60/><G15/><T28/><D123/><U86/><E86/><V18/><F34/><W66/><G104/><T99/><D122/><U114/><E114/><V68/><F33/><W76/><G76/><T116/><D116/><U125/><E125/><V65/><F68/><N who="3" m="42055" /><G105/><T61/><REACH who="0" step="1"/><D81/><REACH who="0" ten="192,191,314,293" step="2"/><U110/><E39/><V124/><F124/><W10/><G10/><T135/><D135/><U119/><E119/><V132/><F132/><W31/><G31/><T117/><D117/><U57/><E110/><AGARI ba="0,1" hai="91,93,96,97,98,109,110,111" m="42055,46231" machi="110" ten="30,5800,0" yaku="14,1,10,1,52,1" doraHai="59" who="3" fromWho="1" sc="192,0,191,-58,314,0,293,68" owari="192,-21.0,133,-37.0,314,11.0,361,47.0" /></mjloggm>