<mjloggm ver="2.3"><GO type="41" lobby="0"/><UN n0="%E5%8A%A9%E5%B7%A6%E8%A1%9B%E9%96%80" n1="%E3%82%A6%E3%83%AB%E3%83%88%E3%83%A9%E7%AB%8B%E7%9B%B4" n2="%E9%89%84%E5%B7%A8%E4%BA%BA" n3="%73%75%6D%69%79%61" dan="14,15,13,14" rate="1884.18,2007.91,1938.28,1990.70" sx="M,M,M,M"/><TAIKYOKU oya="0"/><INIT seed="0,0,0,4,0,61" ten="250,250,250,250" oya="0" hai0="106,40,51,33,134,22,32,11,15,133,77,108,63" hai1="96,43,42,7,123,69,98,24,25,4,93,85,18" hai2="1,9,121,8,89,38,78,30,128,107,92,75,39" hai3="36,102,122,52,118,76,79,16,68,35,0,110,10"/><T131/><D106/><U49/><E69/><V73/><F121/><W129/><G118/><T19/><D77/><U94/><E123/><V70/><F107/><W132/><G35/><T62/><D40/><U117/><E117/><V100/><F100/><W54/><G36/><T12/><D51/><U23/><E85/><V59/><F70/><W130/><G110/><T14/><D63/><U74/><E74/><V124/><F30/><W99/><G0/><T47/><D62/><U31/><E18/><V26/><F26/><W71/><G71/><T126/><D47/><U46/><E25/><V44/><F89/><W5/><G5/><N who="0" m="3183" /><D108/><U13/><E43/><V41/><F92/><N who="3" m="58727" /><G132/><N who="0" m="50795" /><D126/><U97/><E13/><N who="0" m="4617" /><D131/><N who="3" m="50185" /><G68/><T111/><D111/><U116/><E116/><V84/><F124/><W91/><G122/><T48/><D48/><U6/><AGARI ba="0,0" hai="4,6,7,23,24,31,42,46,49,93,94,96,97,98" machi="6" ten="30,2000,0" yaku="0,1,8,1" doraHai="61" who="1" fromWho="1" sc="250,-10,250,20,250,-5,250,-5" /><INIT seed="1,0,0,0,5,77" ten="240,270,245,245" oya="1" hai0="127,4,115,108,90,89,126,21,94,16,81,28,20" hai1="51,57,98,23,54,31,53,61,9,38,91,10,129" hai2="93,117,25,80,58,30,17,134,42,85,128,103,121" hai3="1,29,99,64,110,50,113,92,45,76,24,56,119"/><U88/><E38/><V132/><F121/><W71/><G113/><T79/><D115/><U27/><E129/><V2/><F117/><W120/><G110/><T52/><D108/><U118/><E118/><V32/><F2/><W49/><G1/><T73/><D4/><U133/><E133/><N who="2" m="51307" /><F128/><W39/><G120/><T36/><D36/><U122/><E122/><V34/><F42/><W59/><G71/><T5/><D5/><U26/><E26/><V6/><F6/><W87/><G39/><T114/><D28/><U62/><E62/><V72/><F17/><W46/><G56/><T48/><D21/><U68/><E68/><V67/><F72/><W7/><G7/><T125/><D94/><N who="1" m="56647" /><E91/><N who="2" m="51623" /><F93/><W18/><G119/><T63/><D63/><U35/><E35/><N who="2" m="20943" /><F103/><W40/><G18/><T12/><D114/><U3/><E3/><V106/><F106/><W123/><G123/><T100/><D100/><U96/><E96/><V8/><F32/><W131/><G131/><T66/><D66/><U78/><E78/><V11/><F67/><W82/><G64/><T65/><D65/><U97/><E97/><V69/><F69/><W107/><G107/><T33/><D33/><U102/><E102/><V111/><F34/><W95/><G95/><T130/><D130/><U0/><E0/><V37/><F37/><W70/><G70/><T74/><D74/><U135/><E135/><V15/><F111/><W22/><G92/><T124/><D124/><U84/><E84/><V44/><F15/><W47/><G99/><T104/><D104/><U83/><E83/><V86/><F86/><RYUUKYOKU ba="0,0" sc="240,10,270,10,245,-30,245,10" hai0="12,16,20,48,52,73,79,81,89,90,125,126,127" hai1="9,10,23,27,31,51,53,54,57,61" hai3="22,24,29,40,45,46,47,49,50,59,76,82,87" /><INIT seed="1,1,0,3,2,20" ten="250,280,215,255" oya="1" hai0="110,19,115,65,107,122,67,38,82,63,116,2,73" hai1="24,6,37,76,50,14,55,18,106,129,93,62,108" hai2="66,128,126,99,4,22,8,84,58,34,46,123,29" hai3="71,101,60,133,105,87,114,39,80,130,69,113,40"/><U88/><E106/><V68/><F123/><W112/><G133/><T57/><D38/><U12/><E37/><V49/><F68/><W74/><G130/><T100/><D122/><U28/><E129/><V11/><F34/><W135/><G135/><T31/><D2/><U35/><E108/><V91/><F128/><W127/><G60/><T70/><D110/><U117/><E117/><V9/><F126/><W52/><G74/><T78/><D116/><U125/><E125/><V47/><F99/><W51/><G127/><T104/><D115/><U64/><E76/><V54/><F4/><W45/><G101/><T36/><D36/><U3/><E3/><V26/><REACH who="2" step="1"/><F66/><REACH who="2" ten="250,280,205,255" step="2"/><W109/><G109/><T0/><D67/><U10/><E35/><V75/><F75/><W85/><G105/><T61/><D65/><U72/><E72/><V32/><F32/><W43/><G87/><T56/><D70/><N who="3" m="26633" /><G85/><T44/><D73/><U16/><E64/><V33/><F33/><W13/><G80/><AGARI ba="1,1" hai="8,9,11,22,26,29,46,47,49,54,58,80,84,91" machi="80" ten="40,8000,1" yaku="1,1,8,1,52,1,53,1" doraHai="20" doraHaiUra="53" who="2" fromWho="3" sc="250,0,280,0,205,93,255,-83" /><INIT seed="2,0,0,0,0,44" ten="250,280,298,172" oya="2" hai0="20,39,27,34,56,110,37,102,47,134,63,61,46" hai1="125,64,121,48,50,15,98,38,103,71,79,16,4" hai2="67,31,59,70,78,115,6,106,82,123,88,84,30" hai3="107,100,76,80,14,2,26,28,129,68,5,95,122"/><V99/><F115/><W25/><G122/><T3/><D34/><U29/><E38/><V9/><F123/><W128/><G68/><T1/><D102/><U124/><E121/><V22/><F70/><W35/><G95/><T81/><D56/><U45/><E29/><V130/><F130/><N who="3" m="50283" /><G100/><T40/><D81/><U111/><E4/><V131/><F131/><W91/><G91/><T62/><D134/><U96/><E79/><V23/><F106/><W13/><G107/><T12/><D12/><U114/><E114/><V32/><F32/><N who="3" m="20495" /><G80/><T65/><D65/><U66/><E111/><V94/><F31/><N who="3" m="19959" /><G76/><T87/><D110/><U8/><E45/><V43/><F30/><W105/><G105/><T57/><D57/><U97/><E103/><V74/><F43/><W112/><G112/><T75/><D87/><U127/><E66/><V118/><F74/><W101/><G101/><T10/><D75/><U11/><E11/><AGARI ba="0,0" hai="2,5,11,13,14" m="19959,20495,50283" machi="11" ten="30,3900,0" yaku="19,1,34,2" doraHai="44" who="3" fromWho="1" sc="250,0,280,-39,298,0,172,39" /><INIT seed="3,0,0,4,0,13" ten="250,241,298,211" oya="3" hai0="113,7,72,99,108,92,88,97,24,54,69,41,98" hai1="119,135,81,83,64,93,112,71,76,107,125,6,35" hai2="121,116,90,53,111,91,52,8,63,9,56,43,11" hai3="128,42,25,68,44,61,103,14,86,94,60,123,57"/><W22/><G123/><T15/><D69/><U115/><E35/><V89/><F116/><W34/><G128/><T23/><D72/><U5/><E64/><V75/><F75/><W16/><G68/><T96/><D113/><U132/><E71/><V62/><F121/><W105/><G105/><T66/><D108/><U29/><E29/><V118/><F118/><W65/><G61/><T10/><D66/><U46/><E107/><V80/><F111/><W19/><G34/><T58/><D41/><U73/><E119/><V47/><F80/><W120/><G120/><T50/><REACH who="0" step="1"/><D99/><REACH who="0" ten="240,241,298,211" step="2"/><U124/><E73/><V38/><REACH who="2" step="1"/><F63/><REACH who="2" ten="240,241,288,211" step="2"/><N who="3" m="38127" /><G86/><T2/><D2/><U127/><E115/><V1/><F1/><W87/><G60/><T33/><D33/><U67/><E112/><V117/><F117/><W122/><G122/><T101/><D101/><U74/><E74/><V85/><F85/><W3/><G3/><T49/><D49/><U21/><E127/><V26/><F26/><W30/><G87/><T0/><D0/><U100/><E125/><V55/><AGARI ba="0,2" hai="8,9,11,38,43,47,52,53,55,56,62,89,90,91" machi="55" ten="40,5200,0" yaku="1,1,0,1,54,1,53,0" doraHai="13" doraHaiUra="82" who="2" fromWho="2" sc="240,-13,241,-13,288,72,211,-26" /><INIT seed="4,0,0,2,3,14" ten="227,228,360,185" oya="0" hai0="49,100,32,51,123,12,68,124,50,105,84,104,76" hai1="103,72,95,15,3,101,27,106,109,78,80,99,21" hai2="52,86,33,69,85,35,66,71,127,43,77,96,93" hai3="45,48,30,118,128,54,115,59,26,65,122,13,79"/><T18/><D123/><U61/><E3/><V10/><F127/><W60/><G118/><T129/><D32/><U92/><E109/><V7/><F43/><W11/><G122/><T111/><D68/><U22/><E61/><V88/><F33/><W0/><G115/><T91/><D124/><U2/><E2/><V31/><F35/><W102/><G128/><T19/><D129/><U41/><E41/><V37/><F37/><W46/><G0/><T24/><D76/><U94/><E15/><V55/><F31/><W114/><G114/><T57/><D105/><U117/><E22/><V135/><F135/><W39/><G79/><T132/><D104/><U90/><E117/><V42/><F42/><W121/><G121/><T8/><D100/><N who="1" m="62751" /><E21/><V6/><F69/><W133/><G133/><T113/><D132/><U82/><E27/><V5/><F77/><W75/><G75/><T23/><D111/><U83/><E83/><V56/><F71/><W44/><G102/><N who="1" m="38922" /><E82/><V17/><F66/><W34/><REACH who="3" step="1"/><G39/><REACH who="3" ten="227,228,360,175" step="2"/><T73/><D73/><U28/><E28/><V81/><F81/><W4/><AGARI ba="0,1" hai="4,11,13,26,30,34,44,45,46,48,54,59,60,65" machi="4" ten="20,5200,0" yaku="1,1,2,1,0,1,7,1,53,0" doraHai="14" doraHaiUra="107" who="3" fromWho="3" sc="227,-26,228,-13,360,-13,175,62" /><INIT seed="5,0,0,3,2,35" ten="201,215,347,237" oya="1" hai0="115,66,71,43,61,123,80,51,130,76,129,45,60" hai1="109,2,92,84,99,93,36,53,30,23,119,89,101" hai2="97,14,124,21,120,127,86,98,22,16,18,134,112" hai3="135,9,41,63,70,4,25,108,48,75,81,105,111"/><U42/><E119/><V95/><F120/><W122/><G122/><T37/><D123/><U74/><E74/><V106/><F134/><W90/><G135/><T103/><D103/><U121/><E121/><V133/><F133/><W59/><G70/><T52/><D61/><U67/><E109/><V132/><F132/><W126/><G126/><N who="2" m="48169" /><F112/><W38/><G25/><T3/><D115/><U79/><E79/><V56/><F106/><W10/><G9/><T68/><D68/><U29/><E67/><V54/><F86/><W6/><G6/><T20/><D20/><U7/><E23/><V32/><F32/><W28/><G28/><T118/><D118/><U1/><E42/><V102/><F97/><W107/><G48/><T72/><REACH who="0" step="1"/><D3/><REACH who="0" ten="191,215,347,237" step="2"/><U11/><E1/><V65/><F65/><W55/><G111/><T24/><D24/><U125/><E125/><V69/><F69/><W12/><G108/><T39/><D39/><U31/><E36/><V57/><F54/><W128/><G38/><T44/><AGARI ba="0,1" hai="37,43,44,45,51,52,60,66,71,72,76,80,129,130" machi="44" ten="30,7900,0" yaku="1,1,0,1,54,1,53,1" doraHai="35" doraHaiUra="47" who="0" fromWho="0" sc="191,89,215,-39,347,-20,237,-20" /><INIT seed="6,0,0,0,5,48" ten="280,176,327,217" oya="2" hai0="11,12,37,18,13,51,8,44,42,7,84,111,114" hai1="106,91,70,115,98,64,30,16,85,127,65,110,107" hai2="94,100,49,47,93,57,101,32,1,58,123,112,55" hai3="27,53,5,90,14,20,86,122,45,88,109,75,117"/><V52/><F123/><W0/><G109/><T78/><D114/><U121/><E110/><V129/><F1/><W126/><G0/><T62/><D111/><U36/><E36/><V116/><F32/><W40/><G75/><T79/><D37/><U120/><E30/><V81/><F116/><W135/><G117/><T10/><D10/><U74/><E70/><V125/><F112/><W66/><G66/><T104/><D104/><U102/><E65/><V59/><F129/><W35/><G35/><T33/><D33/><U69/><E64/><V19/><F125/><W24/><G126/><T15/><D15/><U73/><E69/><V31/><F31/><W29/><G135/><T119/><D119/><U41/><E41/><N who="2" m="24815" /><F81/><W134/><G134/><T76/><REACH who="0" step="1"/><D62/><REACH who="0" ten="270,176,327,217" step="2"/><U92/><E127/><V38/><F38/><W130/><G122/><N who="1" m="47210" /><E115/><V61/><F61/><W21/><G130/><T2/><D2/><U108/><E108/><V131/><F131/><W60/><G14/><T28/><D28/><U99/><E16/><V82/><F19/><W6/><G6/><T9/><D9/><U23/><E23/><V103/><F82/><AGARI ba="0,1" hai="7,8,11,12,13,18,42,44,51,76,78,79,82,84" machi="82" ten="40,8000,1" yaku="1,1,25,2,8,1,53,0" doraHai="48" doraHaiUra="95" who="0" fromWho="2" sc="270,90,176,0,327,-80,217,0" /><INIT seed="7,0,0,2,1,107" ten="360,176,247,217" oya="3" hai0="25,132,109,3,71,135,29,53,18,102,67,75,52" hai1="45,33,31,89,39,90,16,101,76,118,62,119,48" hai2="55,17,6,40,12,15,85,28,46,129,92,95,97" hai3="34,32,49,13,30,127,82,108,21,111,117,68,126"/><W114/><G117/><T79/><D109/><N who="3" m="42057" /><G68/><T106/><D3/><U103/><E31/><V128/><F28/><W8/><G82/><N who="0" m="45439" /><D18/><U50/><E76/><V125/><F125/><N who="3" m="47627" /><G49/><T19/><D19/><U94/><E94/><V124/><F124/><W115/><G21/><T27/><D67/><U10/><E10/><V88/><F6/><N who="3" m="3223" /><G30/><T2/><D71/><U105/><E16/><V26/><F26/><W47/><G47/><T112/><D29/><U56/><E56/><V113/><F55/><W58/><G58/><T54/><D52/><U133/><E45/><V1/><F46/><W11/><G11/><T93/><D53/><U69/><E69/><V123/><F40/><W134/><G134/><T37/><D54/><U59/><E59/><V9/><F9/><W72/><G72/><T104/><D27/><U98/><E133/><V35/><F17/><W80/><G80/><T81/><D81/><U91/><E50/><V66/><F15/><W87/><G87/><T64/><D25/><U36/><E48/><V116/><F12/><W43/><G43/><T63/><D135/><U5/><E118/><V83/><F83/><W84/><G84/><T74/><D74/><U20/><E119/><V0/><F85/><W65/><G65/><T42/><D64/><U61/><E20/><V4/><F116/><W121/><G121/><T122/><D42/><U86/><E86/><V24/><F66/><W22/><G22/><T130/><D132/><U23/><E23/><V110/><F123/><W96/><G96/><T51/><D122/><U77/><E98/><V99/><F97/><RYUUKYOKU ba="0,0" sc="360,-10,176,-10,247,-10,217,30" hai3="32,34,114,115" /><INIT seed="7,1,0,0,1,30" ten="350,166,237,247" oya="3" hai0="134,85,5,8,33,77,16,23,15,58,96,38,127" hai1="55,21,39,73,79,106,50,20,119,10,44,46,100" hai2="25,72,40,4,99,0,108,75,97,69,92,3,122" hai3="2,133,116,129,103,70,60,121,130,12,19,29,78"/><W53/><G121/><T83/><D33/><U126/><E119/><V45/><F108/><W94/><G116/><T95/><D127/><U51/><E39/><V14/><F69/><W22/><G2/><T32/><D32/><U42/><E126/><V47/><F122/><W31/><G133/><T13/><D134/><U87/><E73/><V81/><F25/><W27/><G78/><T62/><D38/><U90/><E100/><V80/><F92/><W1/><G1/><T98/><D95/><U65/><E106/><V86/><F14/><W76/><G76/><T24/><D15/><U63/><E79/><V91/><F4/><W59/><G70/><T52/><AGARI ba="1,0" hai="5,8,13,16,23,24,52,58,62,77,83,85,96,98" machi="52" ten="20,8000,1" yaku="0,1,7,1,8,1,54,2" doraHai="30" who="0" fromWho="0" sc="350,83,166,-21,237,-21,247,-41" owari="433,52.0,145,-35.0,216,2.0,206,-19.0" /></mjloggm>