<mjloggm ver="2.3"><GO type="97" lobby="0"/><UN n0="%48%53%4B" n1="%E3%82%A6%E3%83%AB%E3%83%88%E3%83%A9%E7%AB%8B%E7%9B%B4" n2="%E3%81%BD%E3%81%A3%E3%81%BD%EF%BC%94%EF%BD%98" n3="%6E%79%61%79%61%6B%79%75" dan="14,15,13,14" rate="1946.89,1995.14,1877.00,1843.42" sx="M,M,M,M"/><TAIKYOKU oya="0"/><INIT seed="0,0,0,0,3,66" ten="250,250,250,250" oya="0" hai0="65,67,0,71,53,85,52,48,78,11,100,109,90" hai1="112,6,50,2,56,97,74,119,31,40,84,45,41" hai2="62,28,16,59,101,24,76,43,35,64,95,103,123" hai3="27,58,128,111,33,61,108,7,47,118,114,73,25"/><T1/><D100/><U18/><E74/><V135/><F123/><W75/><G118/><T102/><D102/><U133/><E119/><V117/><F117/><W10/><G114/><T96/><D96/><U115/><E2/><V60/><F135/><W127/><G128/><T126/><D78/><U91/><E6/><V125/><F125/><W124/><G47/><T19/><D126/><N who="3" m="48169" /><G33/><T86/><D109/><N who="3" m="42057" /><G25/><T13/><D86/><U36/><E133/><V132/><F132/><W46/><G46/><N who="0" m="27671" /><D53/><U42/><E31/><V81/><F43/><W77/><G27/><T26/><D26/><U107/><E40/><V29/><F35/><W15/><G77/><T122/><D122/><U80/><E42/><V82/><F101/><W93/><G93/><T110/><D110/><U23/><E115/><V79/><F62/><W130/><G130/><T104/><D104/><U37/><E112/><V32/><F32/><W14/><G14/><T105/><D105/><U44/><E107/><V69/><F69/><W55/><AGARI ba="0,0" hai="7,10,15,55,58,61,73,75" m="42057,48169" machi="55" ten="30,2000,0" yaku="18,1,14,1" doraHai="66" who="3" fromWho="3" sc="250,-10,250,-5,250,-5,250,20" /><INIT seed="1,0,0,4,2,57" ten="240,245,245,270" oya="1" hai0="58,123,116,61,114,46,124,34,112,12,41,133,131" hai1="26,128,95,99,135,130,7,43,120,73,129,28,8" hai2="20,55,109,100,69,121,49,59,97,89,4,48,47" hai3="85,82,93,86,50,1,75,94,24,64,98,14,38"/><U19/><E73/><V88/><F121/><W42/><G38/><T18/><D34/><U74/><E74/><V106/><F109/><W90/><G1/><T2/><D2/><U122/><E43/><V29/><F69/><W125/><G75/><T32/><D32/><N who="1" m="20503" /><E19/><V51/><F4/><W81/><G64/><T45/><D123/><N who="1" m="47147" /><E135/><V21/><F49/><W31/><G14/><T52/><D133/><U92/><E99/><V39/><F39/><W11/><G11/><T0/><D0/><AGARI ba="0,0" hai="0,7,8,92,95,128,129,130" m="47147,20503" machi="0" ten="40,2000,0" yaku="19,1" doraHai="57" who="1" fromWho="0" sc="240,-20,245,20,245,0,270,0" /><INIT seed="1,1,0,5,2,59" ten="220,265,245,270" oya="1" hai0="29,84,68,38,14,118,114,130,32,109,76,39,8" hai1="89,33,77,63,80,108,73,51,10,129,117,70,101" hai2="7,42,65,36,26,113,47,31,44,16,50,91,49" hai3="27,116,15,94,20,12,43,125,17,30,119,60,98"/><U19/><E33/><V28/><F113/><W61/><G43/><T104/><D118/><N who="3" m="45097" /><G125/><T96/><D114/><U97/><E117/><V45/><F7/><W122/><G122/><T79/><D130/><U53/><E129/><V115/><F115/><W62/><G30/><T127/><D127/><U57/><E89/><AGARI ba="1,0" hai="12,15,17,20,27,60,61,62,89,94,98" m="45097" machi="89" ten="30,7700,0" yaku="12,1,52,3" doraHai="59" who="3" fromWho="1" sc="220,0,265,-80,245,0,270,80" /><INIT seed="2,0,0,1,5,111" ten="220,185,245,350" oya="2" hai0="62,121,69,89,17,21,60,74,76,88,13,100,11" hai1="91,113,49,117,133,47,16,64,115,135,41,65,3" hai2="83,56,46,26,114,105,75,102,132,30,81,130,18" hai3="19,97,129,128,72,108,63,92,31,99,42,78,118"/><V6/><F114/><N who="1" m="43529" /><E3/><V86/><F130/><N who="3" m="50283" /><G108/><T94/><D121/><U109/><E91/><V36/><F132/><N who="1" m="50761" /><E109/><V66/><F6/><W51/><G31/><T53/><D100/><U12/><E117/><V10/><F75/><W15/><G63/><T29/><D89/><U1/><E1/><V104/><F83/><N who="3" m="45511" /><G92/><T71/><D69/><U59/><E59/><V80/><F80/><W39/><G39/><T96/><D71/><U25/><E25/><V110/><F110/><W44/><G118/><T122/><D122/><U93/><E93/><V107/><F102/><W124/><G124/><T5/><D76/><U73/><E73/><V50/><F36/><W67/><G67/><T112/><D74/><U120/><E120/><V82/><F82/><W43/><G99/><T35/><D112/><U32/><E32/><V55/><F107/><W14/><G97/><T27/><REACH who="0" step="1"/><D53/><REACH who="0" ten="210,185,245,350" step="2"/><U2/><E2/><AGARI ba="0,1" hai="2,5,11,13,17,21,27,29,35,60,62,88,94,96" machi="2" ten="30,12000,2" yaku="1,1,2,1,7,1,24,2,54,1,53,0" doraHai="111" doraHaiUra="119" who="0" fromWho="1" sc="210,130,185,-120,245,0,350,0" /><BYE who="1" /><INIT seed="3,0,0,4,2,27" ten="340,65,245,350" oya="3" hai0="71,111,66,5,48,68,83,106,74,49,64,119,41" hai1="51,59,98,10,28,4,112,94,39,129,30,76,63" hai2="127,93,101,53,114,69,12,126,80,38,16,22,113" hai3="125,90,6,77,85,118,132,43,55,37,35,9,7"/><W131/><G125/><N who="2" m="47625" /><F38/><W33/><G131/><T116/><D106/><U58/><E58/><V31/><F69/><W47/><G132/><T91/><D74/><U95/><E95/><V124/><N who="2" m="47633" /><V122/><DORA hai="42" /><F80/><W60/><G77/><T73/><D73/><U81/><E81/><V135/><F101/><W128/><G6/><T130/><D130/><U24/><E24/><N who="2" m="16791" /><F93/><W110/><G110/><T61/><D83/><U109/><E109/><V121/><F135/><W133/><G133/><T11/><D91/><U50/><E50/><N who="0" m="19561" /><D11/><U57/><E57/><V108/><F108/><W115/><G128/><T52/><D5/><U20/><E20/><N who="2" m="11271" /><F53/><W8/><G55/><T67/><D111/><U21/><E21/><V19/><F19/><W2/><G33/><T82/><D82/><U45/><E45/><V87/><F87/><W92/><G35/><T14/><D14/><U123/><E123/><AGARI ba="0,0" hai="113,114,121,122,123" m="11271,16791,47633" machi="123" ten="40,12000,2" yaku="13,1,18,1,34,2,52,1,54,1" doraHai="27,42" who="2" fromWho="1" sc="340,0,65,-120,245,120,350,0" owari="340,-6.0,-55,-56.0,365,47.0,350,15.0" /></mjloggm>