<mjloggm ver="2.3"><GO type="97" lobby="0"/><UN n0="%E4%BA%8C%E9%B3%A5" n1="%E3%82%A6%E3%83%AB%E3%83%88%E3%83%A9%E7%AB%8B%E7%9B%B4" n2="%6E%2D%6D%69%7A%75" n3="%6B%73%74%75%6E%6F" dan="14,14,14,14" rate="2013.58,1963.33,1973.26,1834.04" sx="M,M,M,M"/><TAIKYOKU oya="0"/><INIT seed="0,0,0,0,5,70" ten="250,250,250,250" oya="0" hai0="32,114,0,34,99,89,10,110,42,115,84,72,16" hai1="27,48,60,94,122,47,132,39,24,14,26,3,129" hai2="36,130,37,106,78,112,82,44,8,135,50,5,65" hai3="83,1,11,87,69,96,52,76,62,28,108,2,120"/><T75/><D42/><U38/><E3/><V91/><F112/><W40/><G108/><T125/><D110/><U12/><E122/><V46/><F106/><W66/><G120/><T113/><D99/><U19/><E129/><V131/><F65/><W103/><G40/><T18/><D125/><U128/><E128/><N who="2" m="49195" /><F91/><W68/><G68/><T133/><D133/><U105/><E105/><V30/><F30/><W51/><G11/><T80/><D32/><U71/><E132/><V23/><F23/><W92/><REACH who="3" step="1"/><G28/><REACH who="3" ten="250,250,250,240" step="2"/><T98/><D113/><U121/><E121/><V41/><F135/><W6/><G6/><T55/><D10/><U102/><E71/><V85/><F46/><AGARI ba="0,1" hai="1,2,46,51,52,62,66,69,76,83,87,92,96,103" machi="46" ten="30,3900,0" yaku="1,1,7,1,54,1,53,0" doraHai="70" doraHaiUra="15" who="3" fromWho="2" sc="250,0,250,0,250,-39,240,49" /><INIT seed="1,0,0,4,2,101" ten="250,250,211,289" oya="1" hai0="64,39,16,32,62,50,110,3,133,35,112,77,18" hai1="100,59,94,0,103,86,42,25,17,135,95,127,52" hai2="129,68,48,36,83,78,65,1,75,70,89,66,56" hai3="49,134,85,88,84,22,125,6,109,91,120,71,12"/><U14/><E0/><V87/><F1/><W116/><G71/><T74/><D112/><U19/><E127/><V106/><F36/><W47/><G120/><T41/><D3/><U69/><E69/><V2/><F2/><W124/><G134/><T58/><D133/><U51/><E135/><V76/><F129/><W107/><G109/><T97/><D110/><U61/><E25/><V55/><F78/><W38/><G38/><T79/><D74/><U11/><E19/><V57/><F106/><W4/><G116/><T113/><D113/><U111/><E111/><V99/><F99/><W28/><G107/><T93/><D39/><U63/><E63/><V5/><F5/><N who="3" m="2155" /><G125/><T46/><D32/><U121/><E121/><V81/><F66/><W31/><G124/><T34/><D35/><U10/><E10/><V128/><F128/><W108/><G108/><T130/><D34/><U23/><E11/><V90/><F90/><N who="3" m="34347" /><G12/><T123/><D123/><U33/><E33/><V30/><F30/><N who="3" m="11307" /><G22/><T26/><D130/><U7/><E7/><V13/><F13/><W37/><G37/><T104/><D104/><U67/><E100/><V115/><F115/><W40/><AGARI ba="0,0" hai="40,47,49,84,85" m="11307,34347,2155" machi="40" ten="30,2000,0" yaku="8,1,54,1" doraHai="101" who="3" fromWho="3" sc="250,-5,250,-10,211,-5,289,20" /><INIT seed="2,0,0,5,4,34" ten="245,240,206,309" oya="2" hai0="109,95,117,122,13,36,24,82,59,107,57,132,131" hai1="126,84,135,71,90,17,45,40,54,14,46,1,85" hai2="106,76,49,92,94,124,63,121,96,38,53,35,10" hai3="105,37,125,128,88,8,130,55,134,2,113,114,0"/><V11/><F35/><W6/><G37/><T123/><D107/><U19/><E71/><V42/><F121/><W72/><G134/><T26/><D132/><U33/><E33/><V5/><F106/><W69/><G125/><T43/><D117/><U64/><E64/><V22/><F124/><W41/><G72/><T118/><D118/><U7/><E126/><V61/><F76/><W28/><G28/><T51/><D109/><U103/><E103/><V119/><F119/><W25/><G25/><T16/><D131/><N who="3" m="50217" /><G41/><T111/><D36/><U3/><E135/><V50/><F38/><W20/><G20/><T83/><D111/><U73/><E73/><V104/><F104/><W79/><G105/><T62/><D122/><U97/><E40/><V68/><F22/><W89/><G69/><T58/><D62/><U15/><E97/><V21/><F21/><W30/><G30/><T100/><D123/><U98/><E98/><V78/><F78/><W110/><G110/><T91/><D100/><U65/><E90/><N who="3" m="34922" /><G79/><T9/><D26/><U23/><E65/><V86/><F68/><W101/><G101/><T108/><D24/><U52/><E23/><V129/><F129/><W48/><G2/><T66/><D108/><U81/><E81/><V80/><F42/><W93/><G93/><T67/><D82/><U31/><E31/><V60/><F80/><W102/><G102/><T116/><D83/><U39/><E39/><V44/><F94/><W127/><G127/><T133/><D133/><U56/><E56/><AGARI ba="0,0" hai="0,6,8,48,55,56,113,114" m="34922,50217" machi="56" ten="30,3900,0" yaku="19,1,52,1,54,1" doraHai="34" who="3" fromWho="1" sc="245,0,240,-39,206,0,309,39" /><INIT seed="3,0,0,5,5,42" ten="245,201,206,348" oya="3" hai0="2,40,84,9,30,109,88,67,107,69,58,117,79" hai1="85,119,43,13,71,23,49,44,103,81,37,33,51" hai2="83,105,36,75,94,41,118,115,112,73,124,11,60" hai3="127,116,113,77,25,54,92,87,126,131,100,18,135"/><W99/><G116/><T98/><D117/><U101/><E71/><V21/><F118/><W102/><G113/><T31/><D69/><U28/><E119/><V76/><F124/><W128/><G135/><T56/><D109/><U82/><E33/><V134/><F134/><W106/><G54/><T48/><D107/><U91/><E37/><V123/><F123/><W27/><G102/><T52/><D2/><U104/><E104/><V38/><F75/><W7/><G7/><T19/><D40/><U59/><E82/><V0/><F21/><N who="3" m="13495" /><G27/><T34/><D34/><U72/><E72/><V47/><F94/><W132/><G132/><T93/><D67/><U22/><E28/><V64/><F38/><W80/><G106/><T63/><D63/><U29/><E29/><V78/><F78/><W5/><G5/><T122/><D58/><U74/><E74/><V17/><F105/><W10/><G10/><T129/><D122/><U110/><E110/><V14/><REACH who="2" step="1"/><F0/><REACH who="2" ten="245,201,196,348" step="2"/><W16/><G16/><T45/><D19/><N who="1" m="10607" /><E23/><V15/><F15/><W133/><G133/><T89/><D9/><U70/><E70/><AGARI ba="0,1" hai="11,14,17,36,41,47,60,64,70,73,76,83,112,115" machi="70" ten="30,3900,0" yaku="1,1,7,1,52,1,53,0" doraHai="42" doraHaiUra="125" who="2" fromWho="1" sc="245,0,201,-39,196,49,348,0" owari="245,5.0,162,-34.0,245,-15.0,348,44.0" /></mjloggm>