<mjloggm ver="2.3"><GO type="193" lobby="0"/><UN n0="%6E%65%6B%6F%6D%61%6E" n1="%45%6C%66%65%61%64" n2="%E5%B0%B1%E6%B4%BB%E7%94%9F%40%E5%B7%9D%E6%9D%91%E8%BB%8D%E5%9B%A3" n3="%6D%61%6E%74%69%73" dan="13,11,9,12" rate="1789.66,1559.54,1664.04,1822.99" sx="M,M,M,M"/><TAIKYOKU oya="0"/><INIT seed="0,0,0,3,4,16" ten="250,250,250,250" oya="0" hai0="104,36,32,44,28,76,128,72,3,93,20,55,101" hai1="8,121,40,56,69,94,118,41,19,134,59,83,95" hai2="12,9,4,50,99,109,66,85,22,33,130,113,106" hai3="31,2,34,75,114,133,0,89,115,103,37,129,49"/><T6/><D104/><U79/><E69/><V107/><F33/><W87/><G37/><T98/><D32/><U26/><E121/><V96/><F113/><W58/><G75/><T63/><D128/><U35/><E35/><V27/><F130/><W57/><G129/><T124/><D124/><U126/><E134/><V105/><F109/><W111/><G111/><T80/><D63/><U135/><E135/><V90/><F66/><W67/><G133/><T17/><D28/><U38/><E126/><V46/><F85/><W81/><G103/><T25/><D55/><U62/><E118/><V116/><F116/><W74/><G74/><T127/><D127/><U120/><E120/><V52/><REACH who="2" step="1"/><F90/><REACH who="2" ten="250,250,240,250" step="2"/><W102/><G115/><T84/><D72/><U53/><E38/><V43/><F43/><W78/><G114/><T23/><D36/><U29/><E41/><V71/><F71/><W112/><G112/><T65/><D65/><U68/><E40/><V123/><F123/><W21/><G67/><T47/><D3/><U97/><E68/><V61/><F61/><W92/><G34/><T39/><D39/><U51/><E62/><V42/><F42/><W11/><G0/><T5/><D47/><U48/><E79/><V15/><F15/><W70/><G70/><T13/><D44/><U119/><E119/><V60/><F60/><W64/><G64/><T1/><D1/><U45/><E45/><V14/><F14/><W110/><G78/><T30/><AGARI ba="0,1" hai="5,6,13,17,20,23,25,30,76,80,84,93,98,101" machi="30" ten="20,12000,1" yaku="0,1,7,1,8,1,52,2" doraHai="16" who="0" fromWho="0" sc="250,130,250,-40,240,-40,250,-40" /><INIT seed="0,1,0,1,0,30" ten="380,210,200,210" oya="0" hai0="32,48,16,69,114,29,41,119,6,2,74,87,101" hai1="23,31,49,105,68,45,112,126,4,65,51,132,121" hai2="60,92,133,83,44,67,117,13,75,15,40,57,97" hai3="71,70,53,124,18,9,1,58,47,82,91,84,131"/><T54/><D119/><U8/><E105/><V93/><F117/><W28/><G47/><T104/><D74/><U89/><E121/><V50/><F133/><W111/><G111/><T108/><D69/><U106/><E132/><V130/><F130/><W56/><G131/><T98/><D114/><U81/><E106/><V79/><REACH who="2" step="1"/><F93/><REACH who="2" ten="380,210,190,210" step="2"/><W20/><G124/><T96/><D104/><U134/><E126/><V118/><F118/><W14/><G70/><T7/><D108/><U90/><E134/><V52/><F52/><W5/><G71/><T125/><D54/><U63/><E112/><V59/><F59/><W80/><G82/><T109/><D109/><U19/><E81/><V38/><F38/><W85/><G53/><T26/><D125/><U11/><E51/><V21/><F21/><W76/><G20/><T43/><D48/><U110/><E110/><V123/><F123/><W128/><G128/><T129/><D129/><U122/><E122/><V94/><F94/><W35/><G35/><T66/><D32/><U100/><E49/><V107/><F107/><W88/><G80/><T78/><D43/><U64/><E45/><V116/><F116/><W62/><G9/><T42/><D41/><U77/><E65/><V99/><F99/><W120/><G120/><T34/><D42/><U72/><E11/><V22/><F22/><W24/><G62/><T86/><D66/><U61/><E61/><V46/><F46/><W36/><G36/><T102/><D96/><U103/><E8/><V3/><F3/><W55/><G1/><T95/><D2/><U37/><E37/><RYUUKYOKU ba="1,1" sc="380,-10,210,-10,190,30,210,-10" hai2="13,15,40,44,50,57,60,67,75,79,83,92,97" /><INIT seed="1,2,1,0,4,122" ten="370,200,220,200" oya="1" hai0="50,90,77,105,48,37,116,135,9,93,117,124,84" hai1="108,3,47,100,65,13,71,89,111,121,95,63,7" hai2="99,2,73,54,119,52,120,33,106,113,82,28,29" hai3="1,81,46,19,12,103,43,60,14,78,101,61,32"/><U127/><E121/><V31/><F119/><W58/><G32/><T51/><D37/><U42/><E3/><V30/><F2/><W40/><G1/><T35/><D35/><U126/><E100/><N who="3" m="38474" /><G81/><T53/><D105/><U25/><E25/><V45/><F120/><W36/><G36/><T20/><D124/><N who="1" m="47659" /><E7/><V75/><F113/><W59/><G78/><T39/><D39/><N who="1" m="21983" /><E13/><N who="3" m="5226" /><G19/><T130/><D130/><U68/><E89/><V44/><F106/><W24/><G24/><T6/><D77/><U134/><E95/><V17/><F33/><W27/><G46/><T76/><D76/><U56/><E134/><V94/><F28/><W123/><G27/><T22/><D135/><U86/><E86/><V102/><F17/><W97/><G97/><T87/><D84/><U38/><E38/><V5/><F5/><W88/><G88/><T83/><D83/><U11/><E11/><V74/><F82/><W107/><G107/><T21/><D116/><U16/><E16/><V69/><F69/><AGARI ba="2,1" hai="56,63,65,68,69,71,108,111" m="21983,47659" machi="69" ten="40,12000,1" yaku="18,1,34,2,52,2" doraHai="122" who="1" fromWho="2" sc="370,0,200,136,220,-126,200,0" /><INIT seed="1,3,0,4,1,134" ten="370,336,94,200" oya="1" hai0="83,81,73,15,47,127,98,51,118,8,113,11,79" hai1="90,65,121,64,32,25,59,19,100,57,34,128,84" hai2="72,132,26,4,130,68,20,86,49,55,110,123,30" hai3="31,66,60,0,116,77,112,18,131,9,124,22,107"/><U56/><E121/><V111/><F72/><W104/><G112/><T71/><D113/><U74/><E74/><V29/><F123/><W61/><G31/><T97/><D71/><U92/><E100/><V67/><F130/><W27/><G77/><T35/><D35/><U82/><E128/><V70/><F132/><W109/><G131/><T93/><D83/><U75/><E34/><V43/><F4/><W39/><G39/><T103/><D118/><U28/><E19/><V7/><F7/><W40/><G40/><T38/><D38/><U44/><REACH who="1" step="1"/><E44/><REACH who="1" ten="370,326,94,200" step="2"/><V24/><F110/><W52/><G116/><T12/><D103/><U21/><E21/><V106/><F111/><W23/><G109/><T50/><D73/><U17/><E17/><V16/><F106/><W105/><G23/><T114/><D114/><U87/><E87/><V91/><F43/><W2/><G9/><T78/><D47/><U58/><N who="1" m="14848" /><DORA hai="10" /><U88/><E88/><V122/><F122/><W76/><G107/><T53/><D11/><U41/><E41/><V5/><F5/><W120/><G105/><T6/><D8/><U33/><E33/><V129/><F129/><W80/><G104/><T133/><D6/><U36/><E36/><V14/><F68/><W135/><G120/><T42/><D42/><U102/><E102/><V101/><F101/><W108/><G108/><T46/><D46/><U94/><E94/><V37/><F37/><W96/><G76/><AGARI ba="3,1" hai="25,28,32,64,65,75,76,82,84,90,92" m="14848" machi="76" ten="50,9600,0" yaku="1,1,53,2" doraHai="134,10" doraHaiUra="48,62" who="1" fromWho="3" sc="370,0,326,115,94,0,200,-105" /><INIT seed="1,4,0,2,1,53" ten="370,441,94,95" oya="1" hai0="121,44,46,60,68,28,31,56,51,133,57,93,65" hai1="7,58,82,25,130,33,124,42,95,117,54,12,73" hai2="120,13,92,39,90,62,43,24,96,26,83,91,63" hai3="36,79,89,2,123,97,48,98,29,135,32,66,109"/><U0/><E117/><V94/><F120/><W86/><G123/><T103/><D121/><U85/><E0/><V49/><F39/><W75/><G135/><T81/><D133/><U35/><E42/><V105/><F105/><W72/><G36/><T69/><D69/><U88/><E130/><V4/><F83/><W76/><G2/><T20/><D68/><U38/><E38/><V80/><F80/><W129/><G66/><T127/><D127/><U8/><E124/><V102/><F43/><W125/><G125/><T27/><D31/><U112/><E112/><V52/><F102/><W122/><G122/><T61/><D81/><U78/><REACH who="1" step="1"/><E25/><REACH who="1" ten="370,431,94,95" step="2"/><V104/><F26/><W23/><G75/><T14/><D14/><U71/><E71/><V70/><F24/><W106/><G72/><T30/><D30/><U116/><E116/><V59/><F70/><W119/><G29/><T134/><D134/><U1/><E1/><V21/><F104/><W16/><G129/><T118/><D118/><U128/><E128/><V64/><F64/><W108/><G119/><T99/><D51/><AGARI ba="4,1" hai="7,8,12,33,35,51,54,58,73,78,82,85,88,95" machi="51" ten="30,11600,0" yaku="1,1,7,1,52,1,54,1,53,0" doraHai="53" doraHaiUra="19" who="1" fromWho="0" sc="370,-128,431,138,94,0,95,0" /><INIT seed="1,5,0,0,3,76" ten="242,569,94,95" oya="1" hai0="58,29,24,88,108,2,89,65,42,102,56,60,17" hai1="5,34,6,128,133,105,106,109,90,129,73,112,28" hai2="93,12,67,66,80,121,15,132,110,82,21,35,32" hai3="130,71,54,126,111,43,9,68,72,52,124,75,16"/><U70/><E112/><V81/><F121/><W107/><G43/><T117/><D2/><U59/><E73/><N who="3" m="28234" /><G107/><T123/><D123/><U78/><E70/><N who="3" m="26666" /><G111/><T92/><D108/><U101/><E109/><V51/><F110/><W31/><G31/><T38/><D38/><U115/><E78/><V45/><F132/><W57/><G57/><T98/><D42/><U55/><E133/><V131/><F131/><N who="1" m="50249" /><E115/><V27/><F93/><W116/><G116/><T48/><D117/><U10/><E5/><V64/><F32/><W19/><G9/><T7/><D7/><U100/><E90/><V53/><F35/><W113/><G113/><T23/><D17/><AGARI ba="5,0" hai="12,15,17,21,27,45,51,53,64,66,67,80,81,82" machi="17" ten="40,8000,1" yaku="8,1,52,3" doraHai="76" who="2" fromWho="0" sc="242,-95,569,0,94,95,95,0" /><INIT seed="2,0,0,0,5,109" ten="147,569,189,95" oya="2" hai0="59,128,99,124,98,64,35,75,77,100,69,68,92" hai1="7,84,82,11,45,107,134,101,44,93,38,32,47" hai2="12,62,103,97,130,58,46,83,63,51,133,15,116" hai3="78,36,8,67,54,111,21,119,18,73,20,43,106"/><V30/><F116/><W41/><G119/><T66/><D35/><U105/><E32/><V88/><F130/><W31/><G106/><T23/><D128/><U65/><E134/><V121/><F133/><W4/><G111/><T125/><D75/><U6/><E65/><V50/><F121/><W13/><G36/><T81/><D98/><U55/><E107/><V113/><F30/><W9/><G67/><T1/><D1/><U123/><E123/><V71/><F71/><W122/><G122/><T49/><D23/><U29/><E29/><V108/><F108/><W74/><G74/><T129/><D129/><U89/><E105/><V22/><F113/><W91/><G91/><T85/><D66/><U112/><E38/><V60/><F58/><W3/><G54/><N who="0" m="32207" /><D64/><U110/><E110/><V5/><F103/><W16/><G78/><T87/><D87/><U115/><E55/><V90/><F97/><W70/><G70/><T80/><D80/><U2/><REACH who="1" step="1"/><E7/><REACH who="1" ten="147,559,189,95" step="2"/><V61/><F5/><N who="3" m="1087" /><G73/><T72/><D72/><U94/><E94/><V25/><F83/><W117/><G117/><T48/><D69/><U126/><E126/><V27/><F46/><W42/><G43/><T95/><D92/><U0/><E0/><V52/><F50/><W33/><G41/><T135/><D135/><U104/><E104/><V17/><F61/><W14/><G42/><T120/><D68/><U132/><E132/><V56/><REACH who="2" step="1"/><F12/><REACH who="2" ten="147,559,179,95" step="2"/><N who="3" m="5159" /><G33/><T40/><D120/><U127/><E127/><V114/><F114/><W131/><G131/><T34/><D34/><U24/><E24/><AGARI ba="0,2" hai="15,17,22,24,25,27,51,52,56,60,62,63,88,90" machi="24" ten="40,12000,1" yaku="1,1,8,1,54,2,53,1" doraHai="109" doraHaiUra="19" who="2" fromWho="1" sc="147,0,559,-120,179,140,95,0" /><INIT seed="2,1,0,3,3,115" ten="147,439,319,95" oya="2" hai0="117,56,55,20,16,62,102,123,40,30,23,132,37" hai1="98,32,129,103,105,15,47,48,82,65,10,3,36" hai2="128,54,100,29,22,107,135,14,38,35,42,41,17" hai3="11,71,44,133,68,87,6,45,121,73,58,92,46"/><V7/><F135/><W8/><G73/><T134/><D123/><U74/><E32/><V2/><F128/><W70/><G121/><T119/><D102/><U9/><E129/><V39/><F107/><W122/><G122/><T127/><D127/><U118/><E65/><V75/><F75/><W124/><G124/><T57/><D57/><U77/><E10/><N who="2" m="2423" /><F100/><W5/><G58/><T21/><D30/><U1/><E48/><V0/><F54/><W104/><G104/><T114/><D114/><U13/><E13/><V4/><F42/><W72/><G72/><T34/><D16/><U97/><E98/><V101/><F101/><W59/><G59/><T112/><D34/><U31/><E31/><V106/><F106/><W24/><G24/><T60/><D60/><U50/><E118/><N who="0" m="45065" /><D112/><U130/><E130/><V81/><F81/><W116/><G116/><T93/><D93/><U90/><E90/><V43/><F43/><W111/><G111/><T18/><D18/><U78/><E77/><V120/><F41/><W25/><G25/><T64/><D64/><U94/><E94/><V28/><F120/><W86/><G133/><N who="0" m="51307" /><D40/><N who="1" m="22919" /><E50/><V109/><F109/><W61/><G61/><T108/><D108/><U95/><E95/><V53/><F29/><W99/><G99/><T76/><D76/><U80/><E82/><V91/><F28/><W88/><G86/><T84/><D84/><U89/><E89/><V79/><F35/><W27/><G27/><T19/><D37/><U131/><E131/><V83/><F38/><W125/><G125/><T113/><D113/><U33/><E33/><RYUUKYOKU ba="1,0" sc="147,10,439,10,319,-30,95,10" hai0="19,20,21,23,55,56,62" hai1="1,3,9,15,74,78,80,97,103,105" hai3="5,6,8,11,44,45,46,68,70,71,87,88,92" /><INIT seed="3,2,0,0,4,100" ten="157,449,289,105" oya="3" hai0="112,16,131,48,10,67,73,135,124,97,87,91,56" hai1="81,44,74,30,111,134,20,89,70,85,11,83,41" hai2="23,60,109,95,6,54,0,107,33,106,7,4,24" hai3="94,50,75,34,105,128,122,72,38,2,133,113,117"/><W103/><RYUUKYOKU type="yao9" ba="2,0" sc="157,0,449,0,289,0,105,0" hai3="2,34,38,50,72,75,94,103,105,113,117,122,128,133" /><INIT seed="3,3,0,4,0,94" ten="157,449,289,105" oya="3" hai0="89,130,55,129,103,60,93,67,84,120,112,49,44" hai1="72,43,63,73,65,5,18,13,17,109,135,15,75" hai2="2,133,66,81,128,86,119,95,74,7,20,24,91" hai3="10,114,41,70,39,11,9,100,21,35,4,12,51"/><W1/><G70/><N who="0" m="42343" /><D120/><U121/><E121/><V33/><F119/><W104/><G114/><T132/><D132/><U127/><E135/><V31/><F133/><W58/><G35/><T57/><D103/><U111/><E43/><V50/><F128/><N who="0" m="49258" /><D112/><U85/><E127/><V52/><F66/><W102/><G39/><T134/><D134/><U34/><E34/><V38/><F38/><W59/><G104/><T53/><D53/><U106/><E85/><V42/><F42/><W68/><G68/><T56/><AGARI ba="3,0" hai="44,49,55,56,57,84,89,93" m="49258,42343" machi="56" ten="30,1100,0" yaku="19,1" doraHai="94" who="0" fromWho="0" sc="157,20,449,-6,289,-6,105,-8" owari="177,-22.0,443,54.0,283,8.0,97,-40.0" /></mjloggm>