<mjloggm ver="2.3"><GO type="97" lobby="0"/><UN n0="%E3%82%8B%E3%82%93%28%70%61%66%65%29" n1="%E3%82%A6%E3%83%AB%E3%83%88%E3%83%A9%E7%AB%8B%E7%9B%B4" n2="%E3%83%96%E3%83%B3%E3%82%AC%E3%82%AF" n3="%E3%82%AC%E3%82%B8%E3%82%AC%E3%82%B8" dan="14,15,13,15" rate="1828.81,2070.37,1902.76,1980.03" sx="M,M,M,M"/><TAIKYOKU oya="0"/><INIT seed="0,0,0,5,4,13" ten="250,250,250,250" oya="0" hai0="20,33,103,99,95,18,77,54,130,55,5,28,113" hai1="39,48,62,118,24,40,37,106,29,90,73,36,15" hai2="119,102,6,50,122,112,65,101,26,85,34,17,76" hai3="70,107,56,59,19,128,67,30,23,7,47,51,82"/><T61/><D33/><U126/><E73/><V114/><F122/><W32/><G107/><T3/><D28/><U68/><E118/><V66/><F6/><W74/><G7/><T120/><D120/><U92/><E106/><V25/><F50/><W8/><G8/><T123/><D123/><U94/><E94/><V42/><F85/><W87/><G74/><T57/><D113/><U22/><E126/><V75/><F75/><W43/><G30/><T131/><D77/><U4/><E4/><V100/><F76/><W63/><G32/><T91/><D103/><U0/><E0/><V9/><F34/><W52/><G128/><T16/><D55/><U129/><E129/><N who="0" m="49161" /><D20/><U127/><E127/><V84/><F84/><W58/><G87/><T72/><D72/><U2/><E2/><V115/><F42/><W14/><REACH who="3" step="1"/><G82/><REACH who="3" ten="250,250,250,240" step="2"/><T1/><D1/><U49/><E29/><V89/><F119/><W134/><G134/><T80/><D80/><U35/><E35/><V78/><F78/><W97/><G97/><T10/><AGARI ba="0,1" hai="3,5,10,16,18,54,57,61,91,95,99" m="49161" machi="10" ten="30,11700,0" yaku="19,1,52,2,54,1" doraHai="13" who="0" fromWho="0" sc="250,127,250,-39,250,-39,240,-39" /><INIT seed="0,1,0,4,3,89" ten="377,211,211,201" oya="0" hai0="102,108,115,121,118,6,111,2,80,85,101,107,54" hai1="86,21,123,27,74,79,88,3,18,11,60,117,22" hai2="9,1,94,113,23,45,0,59,42,92,35,90,63" hai3="38,95,127,25,99,29,33,110,61,20,53,109,51"/><T105/><D54/><U131/><E117/><V34/><F113/><W46/><G127/><T17/><D17/><U126/><E123/><V14/><F23/><W91/><G38/><T82/><D6/><U132/><E126/><V28/><F0/><W57/><REACH who="3" step="1"/><G33/><REACH who="3" ten="377,211,211,191" step="2"/><T87/><D118/><U104/><E132/><V77/><F35/><W67/><AGARI ba="1,1" hai="20,25,29,46,51,53,57,61,67,91,95,99,109,110" machi="67" ten="30,7900,0" yaku="1,1,2,1,0,1,52,1,53,0" doraHai="89" doraHaiUra="30" who="3" fromWho="3" sc="377,-40,211,-21,211,-21,191,92" /><INIT seed="1,0,0,2,0,122" ten="337,190,190,283" oya="1" hai0="2,128,103,83,106,69,87,113,98,77,45,36,3" hai1="112,54,94,76,89,17,132,12,92,26,100,91,110" hai2="48,73,21,24,59,108,109,66,52,127,37,125,19" hai3="97,38,129,117,68,121,61,43,133,40,130,10,107"/><U135/><E112/><V6/><F73/><W126/><G121/><T93/><D113/><U34/><E76/><V9/><F66/><N who="3" m="41039" /><G38/><T81/><D69/><U44/><E34/><V11/><F37/><W102/><G126/><N who="2" m="48137" /><F11/><W25/><G133/><N who="1" m="51274" /><E26/><V39/><F39/><W134/><G134/><T14/><D14/><AGARI ba="0,0" hai="6,9,14,19,21,24,48,52,59,108,109" m="48137" machi="14" ten="30,7700,0" yaku="18,1,52,2,54,1" doraHai="122" who="2" fromWho="0" sc="337,-77,190,0,190,77,283,0" /><INIT seed="2,0,0,5,2,72" ten="260,190,267,283" oya="2" hai0="29,38,69,19,116,110,102,108,33,119,24,64,132" hai1="25,40,3,85,86,11,100,27,130,121,84,48,65" hai2="23,56,105,125,2,128,22,91,75,14,37,57,6" hai3="35,32,92,87,81,31,13,127,47,34,49,55,78"/><V36/><F105/><W131/><G127/><T98/><D38/><U107/><E130/><V62/><F2/><W134/><G131/><T113/><D19/><U101/><E121/><V135/><F128/><W126/><G126/><T96/><D96/><U106/><E65/><V66/><F125/><W111/><G111/><T76/><D113/><U71/><E71/><V89/><F135/><W30/><G134/><T53/><D53/><U4/><E48/><V79/><F37/><W124/><G124/><T94/><D132/><U28/><E40/><V50/><F36/><W118/><G118/><N who="0" m="45099" /><D76/><U123/><E123/><V45/><F57/><W133/><G133/><T97/><D97/><U12/><E3/><V51/><F75/><W8/><REACH who="3" step="1"/><G92/><REACH who="3" ten="260,190,267,273" step="2"/><T39/><D94/><U59/><E107/><V117/><F117/><W41/><G41/><T42/><D42/><U115/><E106/><V16/><F6/><AGARI ba="0,1" hai="6,8,13,30,31,32,34,35,47,49,55,78,81,87" machi="6" ten="40,5200,0" yaku="1,1,52,1,53,1" doraHai="72" doraHaiUra="43" who="3" fromWho="2" sc="260,0,190,0,267,-52,273,62" /><INIT seed="3,0,0,3,2,33" ten="260,190,215,335" oya="3" hai0="56,131,108,6,111,36,125,8,28,51,79,0,90" hai1="112,74,80,14,52,116,55,57,60,7,48,113,72" hai2="84,115,82,123,63,128,61,73,122,71,26,67,91" hai3="38,75,22,35,130,97,85,23,18,124,47,19,99"/><W20/><G75/><T81/><D90/><U133/><E116/><V59/><F115/><W62/><G35/><T129/><D36/><U15/><E133/><V5/><F73/><W110/><G124/><T86/><D28/><U126/><E126/><V106/><F106/><W118/><G118/><T16/><D125/><U9/><E74/><V2/><F128/><N who="0" m="49226" /><D51/><U42/><E42/><V114/><F114/><W69/><G110/><N who="0" m="42027" /><D56/><U64/><E55/><V12/><F26/><W93/><G47/><T68/><D68/><U103/><E103/><V117/><F117/><W17/><G38/><T76/><D76/><U43/><E43/><V24/><F24/><W70/><G70/><T87/><D16/><N who="3" m="6249" /><G69/><T89/><D89/><U34/><E34/><V66/><F12/><N who="3" m="9319" /><G62/><T94/><D94/><U50/><E15/><V49/><F49/><W30/><G130/><T45/><D45/><U107/><E107/><V27/><F27/><N who="3" m="16759" /><G23/><T58/><D58/><U11/><E11/><V120/><REACH who="2" step="1"/><F5/><REACH who="2" ten="260,190,205,335" step="2"/><W135/><G135/><T98/><D98/><U83/><E50/><V4/><F4/><W31/><G31/><T100/><D100/><U127/><E127/><V3/><AGARI ba="0,1" hai="2,3,59,61,63,66,67,71,82,84,91,120,122,123" machi="3" ten="40,8000,1" yaku="1,1,0,1,13,1,52,2,53,0" doraHai="33" doraHaiUra="1" who="2" fromWho="2" sc="260,-20,190,-20,205,90,335,-40" /><INIT seed="4,0,0,3,4,68" ten="240,170,295,295" oya="0" hai0="17,71,65,101,33,9,8,108,107,82,57,75,55" hai1="115,29,49,25,106,15,26,5,10,62,56,93,128" hai2="118,27,120,6,111,105,76,39,123,42,110,131,36" hai3="48,95,41,90,102,112,64,63,19,11,40,7,122"/><T24/><D55/><U30/><E106/><V34/><F105/><W78/><G102/><T3/><D57/><U89/><E128/><V44/><F6/><W12/><G78/><T94/><D94/><U45/><E115/><V38/><F76/><W98/><G112/><T67/><D17/><U127/><E127/><V132/><F131/><W126/><G126/><T88/><D67/><U87/><E26/><V53/><F132/><W66/><G122/><N who="2" m="46633" /><F27/><W97/><G97/><T117/><D3/><U0/><E0/><V96/><F96/><W22/><G48/><T129/><D75/><U16/><E5/><V116/><F53/><W84/><G98/><N who="0" m="61879" /><D108/><N who="2" m="41514" /><F34/><W135/><G135/><T47/><D47/><U61/><E25/><V134/><F134/><W114/><G114/><T28/><D129/><U77/><E77/><V100/><F100/><W81/><G95/><T92/><D82/><U1/><E1/><V50/><AGARI ba="0,0" hai="36,38,39,42,44,50,116,118" m="41514,46633" machi="50" ten="40,8000,1" yaku="34,2,52,3" doraHai="68" who="2" fromWho="2" sc="240,-40,170,-20,295,80,295,-20" owari="200,-20.0,150,-35.0,375,47.0,275,8.0" /></mjloggm>