<mjloggm ver="2.3"><GO type="169" lobby="0"/><UN n0="%E3%83%95%E3%83%AB%E3%82%BC%E3%83%B3%E3%83%84" n1="%E3%81%8B%E3%81%AB%E3%83%9E%E3%82%B8%E3%83%B3" n2="%E3%82%A6%E3%83%AB%E3%83%88%E3%83%A9%E7%AB%8B%E7%9B%B4" n3="%E3%82%AB%E3%83%AA%E3%83%95%E3%82%A9%E3%83%AB%E3%83%8B%E3%82%A2%E9%A2%A8" dan="16,18,17,18" rate="2096.35,2231.02,2141.94,2165.08" sx="M,M,M,M"/><TAIKYOKU oya="0"/><INIT seed="0,0,0,5,3,129" ten="250,250,250,250" oya="0" hai0="32,103,124,131,4,45,127,46,50,66,113,43,72" hai1="89,55,123,118,62,48,13,133,71,86,122,22,18" hai2="5,41,44,14,20,11,37,56,1,31,58,116,97" hai3="8,60,67,107,109,39,77,23,83,98,94,100,104"/><T132/><D72/><U74/><E74/><V51/><F116/><W73/><G39/><T117/><D32/><U111/><E118/><V33/><F97/><W135/><G109/><T114/><D103/><U68/><E111/><V63/><F37/><W52/><G135/><T3/><D117/><U81/><E133/><V54/><F33/><W90/><G8/><T125/><D132/><U105/><E105/><V76/><F1/><W29/><G29/><T106/><D106/><U30/><E30/><V95/><F95/><W64/><G23/><T35/><D35/><U121/><REACH who="1" step="1"/><E62/><REACH who="1" ten="250,240,250,250" step="2"/><V80/><F31/><W26/><G104/><T27/><D114/><U17/><E17/><V93/><F63/><W38/><G60/><T25/><D113/><U49/><E49/><V57/><F51/><W59/><G38/><N who="0" m="21751" /><D131/><U108/><E108/><V88/><F76/><W75/><G73/><T110/><D110/><U21/><E21/><V82/><F20/><W96/><G107/><T115/><D115/><U87/><E87/><V119/><F119/><W70/><G77/><T126/><D126/><U130/><E130/><V16/><F16/><W19/><G19/><T9/><D66/><U6/><E6/><V79/><F5/><W42/><G67/><T65/><D65/><U92/><E92/><V15/><F93/><W40/><G64/><T7/><D7/><U24/><E24/><V78/><F78/><W134/><G75/><T0/><D0/><U28/><E28/><V10/><F79/><W112/><G134/><T12/><D3/><U102/><E102/><V53/><F10/><RYUUKYOKU ba="0,1" sc="250,15,240,15,250,-15,250,-15" hai0="4,9,12,25,27,46,50,124,125,127" hai1="13,18,22,48,55,68,71,81,86,89,121,122,123" /><INIT seed="0,1,1,3,0,119" ten="265,255,235,235" oya="0" hai0="65,6,49,62,108,103,47,0,34,15,25,118,83" hai1="79,53,97,13,82,106,69,109,14,10,27,126,1" hai2="129,72,3,112,74,54,88,32,124,46,95,99,28" hai3="50,113,67,33,41,84,116,73,45,81,107,102,19"/><T59/><D118/><U71/><E1/><V29/><F3/><W11/><G33/><T20/><D0/><U30/><E126/><V93/><F112/><W120/><G73/><T85/><D108/><U101/><E109/><V31/><F32/><W104/><G113/><T57/><D34/><U24/><E53/><V38/><F129/><W8/><G67/><T7/><D103/><U98/><E98/><V87/><F124/><W23/><G116/><T44/><D59/><U21/><E24/><V76/><F54/><W135/><G135/><T134/><D134/><U75/><E14/><V127/><F127/><W100/><G107/><T96/><D96/><U36/><E36/><V16/><F16/><AGARI ba="1,1" hai="10,13,16,21,27,30,69,71,75,79,82,97,101,106" machi="16" ten="30,2000,0" yaku="7,1,54,1" doraHai="119" who="1" fromWho="2" sc="265,0,255,33,235,-23,235,0" /><INIT seed="1,0,0,2,5,31" ten="265,288,212,235" oya="1" hai0="28,71,21,68,75,110,103,52,70,16,2,82,108" hai1="85,124,112,4,55,90,35,43,114,12,76,125,77" hai2="67,25,40,111,117,65,95,5,7,91,51,3,120" hai3="46,45,56,84,106,115,42,107,6,105,63,122,96"/><U29/><E43/><V123/><F117/><W44/><G42/><T53/><D2/><U50/><E4/><V14/><F111/><N who="0" m="42538" /><D103/><U133/><E133/><V86/><F3/><W88/><G6/><T26/><D28/><U48/><E12/><V8/><F5/><W113/><G96/><T127/><D127/><N who="1" m="48715" /><E29/><V66/><REACH who="2" step="1"/><F25/><REACH who="2" ten="265,288,202,235" step="2"/><W32/><G122/><T36/><D36/><U116/><E116/><V34/><F34/><W58/><G32/><T72/><D72/><U97/><E35/><V33/><F33/><W37/><G115/><N who="1" m="44074" /><E97/><V20/><F20/><W78/><G113/><T102/><D21/><U0/><E0/><V128/><F128/><W10/><G10/><T129/><D129/><U73/><E73/><V99/><F99/><W121/><G121/><T15/><D26/><U22/><E22/><V19/><F19/><W118/><G118/><T64/><D75/><U89/><E89/><V13/><F13/><W38/><G88/><T132/><D16/><U57/><E48/><V61/><F61/><W83/><G63/><N who="0" m="39967" /><D15/><U39/><E39/><V17/><F17/><W100/><G37/><T104/><D132/><U98/><E98/><V60/><F60/><W11/><G38/><T134/><D134/><U9/><E9/><V126/><F126/><W54/><G11/><T27/><D27/><U18/><E18/><V74/><F74/><W92/><G105/><T81/><D104/><U135/><E135/><V47/><AGARI ba="0,1" hai="7,8,14,40,47,51,65,66,67,86,91,95,120,123" machi="47" ten="30,2000,0" yaku="1,1,0,1,53,0" doraHai="31" doraHaiUra="30" who="2" fromWho="2" sc="265,-5,288,-10,202,30,235,-5" /><INIT seed="2,0,0,3,3,128" ten="260,278,232,230" oya="2" hai0="130,29,132,5,3,107,131,33,88,35,134,112,63" hai1="43,119,2,74,87,59,19,48,94,127,32,49,123" hai2="14,133,52,54,12,38,24,86,18,121,82,99,83" hai3="10,104,21,28,103,73,124,58,62,70,8,22,46"/><V110/><F38/><W53/><G70/><T15/><D107/><U55/><E119/><V30/><F121/><W72/><G124/><T101/><D101/><U80/><E123/><V31/><F110/><W45/><G103/><T66/><D3/><U75/><E2/><V92/><F133/><N who="0" m="51306" /><D112/><U117/><E32/><N who="0" m="12361" /><D29/><U102/><E117/><V77/><F83/><W9/><G28/><N who="2" m="10793" /><F24/><W7/><G104/><T135/><N who="0" m="51314" /><T64/><DORA hai="95" /><D88/><U71/><E102/><N who="2" m="60775" /><F12/><W60/><G7/><T81/><D81/><U106/><E80/><V40/><F40/><W4/><G4/><T42/><D42/><U109/><E43/><V68/><F68/><W84/><G73/><T56/><D66/><U98/><E74/><V120/><F120/><W114/><G72/><T125/><D125/><U97/><E75/><V61/><F61/><W69/><G62/><T111/><D111/><U115/><E109/><V36/><F36/><W16/><G60/><T122/><D122/><U25/><E115/><V26/><F26/><W113/><G114/><T51/><D51/><U65/><E25/><V91/><F91/><W0/><G0/><T6/><D6/><U67/><E48/><V47/><F47/><W13/><G113/><T23/><D5/><U17/><E49/><V89/><F89/><W41/><G41/><T20/><D15/><U44/><E127/><V78/><F78/><W129/><G13/><T39/><D39/><U85/><E106/><V105/><F105/><W100/><G100/><T93/><D93/><U90/><E94/><V50/><F50/><W34/><G46/><RYUUKYOKU ba="0,0" sc="260,15,278,-15,232,15,230,-15" hai0="20,23,56,63,64,130,131" hai2="14,18,52,54,77,82,86" /><INIT seed="2,1,0,5,5,111" ten="275,263,247,215" oya="2" hai0="50,79,26,89,87,72,59,94,92,98,17,37,23" hai1="67,32,108,130,75,95,109,7,120,34,8,22,49" hai2="43,119,47,45,104,74,110,46,2,28,31,81,69" hai3="51,68,106,99,86,36,135,29,61,101,114,77,52"/><V121/><F121/><W25/><G36/><T115/><D37/><U78/><E120/><V70/><F119/><W10/><G135/><T128/><D128/><U88/><E130/><V16/><F43/><W4/><G77/><T63/><D50/><U21/><E78/><V80/><F2/><W57/><G86/><T131/><D131/><U0/><E75/><V40/><F40/><W48/><G114/><T91/><D72/><U125/><E125/><V76/><F104/><W13/><REACH who="3" step="1"/><G68/><REACH who="3" ten="275,263,247,205" step="2"/><T58/><D79/><U14/><E109/><V129/><F129/><W33/><AGARI ba="1,1" hai="4,10,13,25,29,33,48,51,52,57,61,99,101,106" machi="33" ten="20,12000,2" yaku="1,1,2,1,0,1,7,1,54,1,53,1" doraHai="111" doraHaiUra="100" who="3" fromWho="3" sc="275,-31,263,-31,247,-61,205,133" /><INIT seed="3,0,0,2,2,113" ten="244,232,186,338" oya="3" hai0="104,28,60,126,86,84,70,38,73,54,83,4,47" hai1="66,34,53,120,100,33,43,134,12,130,135,132,0" hai2="118,24,129,10,5,77,59,125,2,50,45,30,11" hai3="31,102,57,117,23,69,19,3,74,79,51,89,78"/><W13/><G74/><T88/><D104/><U27/><E120/><V82/><F125/><W75/><G75/><T124/><D73/><U85/><E0/><V6/><F129/><W61/><G3/><T72/><D72/><U109/><E130/><V42/><F59/><W76/><G69/><T7/><D28/><U65/><E109/><V52/><F118/><W39/><G117/><T128/><D128/><U71/><E100/><V64/><F64/><W26/><G39/><T87/><D87/><U49/><E43/><V29/><F24/><W25/><G51/><T18/><D18/><U46/><E71/><V20/><F20/><W133/><G102/><T15/><D84/><U111/><E111/><V1/><F42/><W107/><G107/><T37/><D37/><U93/><E12/><V9/><F9/><W62/><G133/><T106/><D106/><U94/><E94/><V68/><F68/><W116/><G116/><T16/><D38/><U56/><E27/><V127/><F127/><N who="0" m="48682" /><D70/><U114/><E114/><V108/><F108/><W90/><G26/><T123/><D123/><U80/><E93/><V101/><F101/><W91/><REACH who="3" step="1"/><G57/><REACH who="3" ten="244,232,186,328" step="2"/><N who="0" m="34871" /><D47/><U119/><E119/><V121/><F121/><W67/><G67/><N who="1" m="25610" /><E46/><V98/><F45/><W122/><G122/><T22/><AGARI ba="0,1" hai="4,7,15,16,22,83,86,88" m="34871,48682" machi="22" ten="30,4000,0" yaku="18,1,54,2" doraHai="113" who="0" fromWho="0" sc="244,50,232,-10,186,-10,328,-20" /><INIT seed="4,0,0,5,2,29" ten="294,222,176,308" oya="0" hai0="86,52,70,89,45,96,6,2,115,73,46,30,92" hai1="41,94,79,19,40,3,24,5,122,87,104,88,81" hai2="51,100,34,113,109,106,18,117,53,85,7,16,31" hai3="26,103,59,13,134,65,61,76,123,25,35,37,57"/><T126/><D73/><U9/><E104/><V121/><F109/><W56/><G37/><T114/><D70/><U12/><E122/><V129/><F121/><W130/><G123/><T105/><D126/><U128/><E128/><V133/><F129/><W127/><G130/><T32/><D6/><U66/><E66/><V95/><F133/><W77/><G134/><T67/><D67/><U82/><E24/><V93/><F113/><N who="0" m="43018" /><D2/><U90/><E90/><V55/><F106/><W38/><G38/><T84/><D105/><U107/><E107/><V101/><F7/><W0/><G0/><T75/><D75/><U120/><E120/><V28/><F51/><W98/><G77/><T69/><D69/><U42/><REACH who="1" step="1"/><E79/><REACH who="1" ten="294,212,176,308" step="2"/><V80/><F117/><W83/><G76/><T48/><D45/><U64/><E64/><V74/><F101/><W39/><G103/><T11/><D11/><AGARI ba="0,1" hai="3,5,9,11,12,19,40,41,42,81,82,87,88,94" machi="11" ten="40,2600,0" yaku="1,1,54,1,53,0" doraHai="29" doraHaiUra="43" who="1" fromWho="0" sc="294,-26,212,36,176,0,308,0" /><INIT seed="5,0,0,2,1,83" ten="268,248,176,308" oya="1" hai0="88,89,59,0,122,11,72,80,54,10,114,68,91" hai1="125,105,115,121,28,128,52,76,118,78,29,108,79" hai2="70,5,47,101,48,103,13,55,85,42,86,24,27" hai3="57,113,69,93,30,117,112,19,124,63,120,65,3"/><U58/><E121/><V131/><F70/><W110/><G3/><T25/><D68/><U97/><E118/><V26/><F131/><W82/><G120/><T98/><D122/><U4/><E128/><V8/><F55/><W20/><G30/><T71/><D71/><U64/><E64/><V51/><F51/><W33/><G33/><T43/><D43/><U36/><E36/><V129/><F129/><W32/><G32/><T132/><D132/><U74/><E74/><V60/><F60/><W12/><G110/><T106/><D114/><N who="3" m="44137" /><G124/><T39/><D39/><U135/><E115/><V49/><REACH who="2" step="1"/><F48/><REACH who="2" ten="268,248,166,308" step="2"/><W130/><G63/><T16/><D54/><U127/><E127/><V22/><F22/><W99/><G20/><T84/><D11/><U94/><E125/><V14/><F14/><W53/><G12/><T37/><D10/><U34/><E34/><V62/><F62/><W56/><G53/><T18/><D37/><U31/><E108/><V104/><F104/><W96/><G130/><T100/><D0/><U17/><E105/><V15/><F15/><W61/><G61/><T73/><D25/><U46/><E52/><V92/><F92/><W9/><G93/><T111/><D111/><U35/><E94/><V21/><F21/><W75/><G9/><T2/><D2/><U87/><E35/><V81/><F81/><W95/><G69/><T102/><D106/><U116/><E116/><V90/><F90/><W133/><G117/><T1/><D91/><U77/><E77/><V67/><F67/><W23/><G65/><T109/><D109/><U38/><E78/><RYUUKYOKU ba="0,1" sc="268,-10,248,-10,166,30,308,-10" hai2="5,8,13,24,26,27,42,47,49,85,86,101,103" /><INIT seed="6,1,1,3,0,113" ten="258,238,196,298" oya="2" hai0="35,122,107,132,109,91,27,131,135,106,15,98,119" hai1="53,49,31,50,82,11,6,101,54,44,16,73,45" hai2="10,62,19,83,100,30,66,118,60,55,2,104,7" hai3="134,84,52,24,117,75,89,3,103,32,133,17,67"/><V123/><F123/><W57/><G75/><T18/><D122/><U48/><E101/><V86/><F118/><W43/><G103/><T124/><D109/><U90/><E31/><V97/><F30/><W65/><G43/><T71/><D71/><U81/><E73/><V26/><F66/><W110/><G3/><T25/><D131/><U87/><E49/><V34/><F34/><W41/><G41/><T13/><D124/><U4/><E82/><V1/><F1/><W115/><G117/><T96/><D35/><U77/><E77/><V112/><F112/><W33/><G33/><T51/><D51/><U46/><E46/><V126/><F126/><W0/><G0/><T105/><D119/><U80/><E80/><V108/><F108/><W78/><G78/><T92/><D98/><U102/><E102/><V8/><F55/><W63/><G115/><T70/><D70/><U42/><E42/><V59/><F59/><W40/><G40/><T22/><REACH who="0" step="1"/><D13/><AGARI ba="1,1" hai="4,6,11,13,16,44,45,48,50,53,54,81,87,90" machi="13" ten="40,8000,1" yaku="9,1,25,2,8,1,54,1" doraHai="113" who="1" fromWho="0" sc="258,-83,238,93,196,0,298,0" /><INIT seed="7,0,0,3,2,63" ten="175,331,196,298" oya="3" hai0="57,38,70,40,85,119,75,9,48,99,60,88,90" hai1="61,6,134,100,5,22,67,8,58,78,71,4,118" hai2="113,115,12,105,66,65,123,27,51,1,132,82,108" hai3="135,52,92,74,122,84,94,56,33,55,114,3,128"/><W59/><G74/><T43/><D75/><U98/><E78/><V86/><F1/><W95/><G122/><T81/><D119/><U53/><E118/><V24/><F105/><W79/><G3/><T69/><D38/><U120/><E120/><V97/><F97/><W124/><G33/><T117/><D117/><U17/><E134/><V30/><F108/><W121/><G121/><T126/><D126/><U41/><E41/><V49/><F12/><W50/><G135/><T133/><D133/><U76/><E76/><N who="2" m="46407" /><F132/><W130/><G124/><T112/><D112/><N who="2" m="43082" /><F123/><W42/><G42/><T45/><D43/><U23/><E8/><V35/><F27/><W109/><G114/><T44/><D44/><U87/><E87/><V31/><F31/><W29/><G29/><T39/><D39/><U54/><E71/><V2/><F2/><W36/><G36/><T0/><D99/><U15/><REACH who="1" step="1"/><E22/><REACH who="1" ten="175,321,196,298" step="2"/><V101/><F101/><W103/><G103/><T127/><D127/><U14/><E14/><V20/><F20/><W73/><G73/><T125/><D125/><U80/><E80/><V21/><F21/><W26/><G26/><T102/><D102/><U16/><E16/><V62/><F62/><N who="3" m="36103" /><G109/><T11/><D90/><U72/><E72/><V129/><F129/><N who="3" m="49771" /><G79/><T46/><D46/><U68/><E68/><V104/><F104/><AGARI ba="0,1" hai="4,5,6,15,17,23,53,54,58,61,67,98,100,104" machi="104" ten="40,5200,0" yaku="1,1,52,1,53,1" doraHai="63" doraHaiUra="18" who="1" fromWho="2" sc="175,0,321,62,196,-52,298,0" owari="175,-22.0,383,48.0,144,-36.0,298,10.0" /></mjloggm>