<mjloggm ver="2.3"><GO type="169" lobby="0"/><UN n0="%E3%81%9D%E3%81%AE%E4%B8%80%E6%96%B9%E3%81%AA%E3%81%84%E3%82%8F%EF%BD%9E" n1="%E3%82%A6%E3%83%AB%E3%83%88%E3%83%A9%E7%AB%8B%E7%9B%B4" n2="%E3%81%82%E3%81%B2%E3%82%8B%E3%81%95%E3%82%93" n3="%E6%9B%BF%E7%8E%89%E5%9B%BA%E9%BA%BA" dan="16,16,16,16" rate="2045.64,2098.78,2076.12,2128.06" sx="M,M,M,M"/><TAIKYOKU oya="0"/><INIT seed="0,0,0,1,5,111" ten="250,250,250,250" oya="0" hai0="88,27,0,109,41,114,45,128,56,35,80,106,57" hai1="40,39,5,102,20,29,52,2,124,134,73,53,93" hai2="65,51,107,108,62,21,46,58,133,26,11,66,81" hai3="28,60,10,77,117,113,115,30,23,129,120,96,15"/><T123/><D123/><U82/><E93/><V38/><F107/><W76/><G117/><T13/><D106/><U43/><E102/><V132/><F38/><W118/><G118/><T42/><D0/><U104/><E104/><V49/><F108/><W99/><G60/><T131/><D109/><U34/><E20/><V55/><F11/><W3/><G3/><T135/><D135/><N who="2" m="51786" /><F81/><W7/><G120/><T83/><D13/><U24/><E43/><N who="0" m="16393" /><D45/><U1/><E1/><V8/><F8/><W33/><G33/><T110/><D110/><U70/><E70/><V6/><F6/><W89/><G129/><N who="0" m="49739" /><D114/><N who="3" m="43529" /><G89/><T119/><D119/><U31/><E2/><V101/><F101/><W112/><N who="3" m="43537" /><W116/><DORA hai="50" /><G116/><T25/><D35/><U100/><E34/><V85/><F85/><W79/><G96/><T127/><D127/><U103/><E124/><V32/><F32/><W86/><G99/><T68/><D68/><U36/><E134/><V72/><F72/><W90/><G86/><T78/><D88/><U91/><E91/><V54/><F62/><W95/><G90/><T94/><D78/><U14/><E73/><V75/><F75/><W16/><G95/><T84/><D94/><U125/><E125/><V69/><F69/><W19/><G79/><N who="0" m="46111" /><D83/><U22/><E82/><V126/><F126/><W37/><G77/><T4/><D4/><U64/><E5/><V71/><F71/><W12/><G76/><T67/><D67/><U9/><E64/><V122/><F122/><W97/><G97/><T87/><D87/><U59/><E39/><V98/><F98/><RYUUKYOKU ba="0,0" sc="250,15,250,-15,250,15,250,-15" hai0="25,27,56,57" hai2="21,26,46,49,51,54,55,58,65,66" /><INIT seed="0,1,0,3,3,10" ten="265,235,265,235" oya="0" hai0="31,122,80,8,106,91,131,40,76,92,83,102,65" hai1="103,115,27,58,94,100,88,79,14,118,101,67,132" hai2="44,19,2,109,135,64,82,41,72,16,0,112,99" hai3="61,108,127,24,55,68,123,45,22,46,70,113,134"/><T107/><D122/><U85/><E118/><V29/><F112/><W35/><G35/><T116/><D116/><U75/><E115/><V98/><F29/><W12/><G113/><T126/><D65/><U36/><E36/><V51/><F64/><W5/><G108/><T73/><D40/><U130/><E130/><V60/><F60/><W54/><G127/><T57/><D57/><U3/><E3/><V49/><F109/><W120/><G134/><T11/><D31/><U71/><E71/><N who="3" m="27178" /><G5/><T105/><D126/><U128/><E128/><V111/><F111/><W32/><G12/><T84/><D131/><U20/><E132/><V6/><F135/><W62/><G32/><T37/><D37/><U114/><E114/><V125/><F125/><W38/><G22/><T104/><REACH who="0" step="1"/><D83/><REACH who="0" ten="255,235,265,235" step="2"/><U87/><E58/><V77/><F82/><W17/><G38/><T93/><D93/><U97/><E67/><V43/><F43/><W50/><G123/><T78/><D78/><U81/><E79/><V69/><F77/><W95/><G120/><T124/><D124/><U56/><E56/><V28/><F69/><W133/><G95/><T48/><D48/><U86/><E81/><V52/><F51/><N who="3" m="29039" /><G133/><T34/><D34/><U47/><E94/><V23/><F28/><W25/><G62/><T26/><D26/><N who="3" m="10345" /><G61/><T4/><D4/><U119/><E27/><V129/><F6/><W96/><G96/><AGARI ba="1,1" hai="8,11,73,76,80,84,91,92,96,102,104,105,106,107" machi="96" ten="40,7700,0" yaku="1,1,24,2,53,0" doraHai="10" doraHaiUra="42" who="0" fromWho="3" sc="255,90,235,0,265,0,235,-80" /><INIT seed="0,2,0,4,0,95" ten="345,235,265,155" oya="0" hai0="68,20,33,90,89,87,119,88,43,133,12,16,103" hai1="110,71,124,104,37,105,115,123,58,59,126,132,34" hai2="80,127,32,106,51,55,41,114,99,7,92,64,131" hai3="2,121,39,1,94,74,50,30,42,29,31,66,135"/><T100/><D119/><U10/><E10/><V3/><F32/><W57/><G121/><T83/><D68/><U77/><E77/><V78/><F106/><W11/><G135/><T27/><D133/><U22/><E22/><V125/><F114/><W21/><G74/><T134/><D134/><U25/><E25/><V84/><F64/><W96/><G39/><T116/><D116/><U5/><E5/><V24/><F41/><W79/><G79/><N who="0" m="46591" /><D33/><U44/><E44/><V108/><F108/><W98/><G42/><T113/><D113/><U60/><E60/><V69/><F69/><W67/><G11/><N who="0" m="6175" /><D43/><U35/><E37/><V101/><F3/><N who="3" m="1035" /><G21/><T48/><D48/><U117/><E117/><V86/><F7/><W65/><G94/><T118/><D118/><U76/><E71/><V54/><F51/><W15/><G50/><T49/><D49/><U23/><E115/><V130/><F86/><W36/><G36/><T62/><D62/><U56/><E132/><V120/><F120/><W17/><G57/><T85/><D85/><U0/><E59/><V46/><F46/><W26/><G26/><T61/><D61/><U52/><E123/><V72/><F24/><W93/><G93/><T18/><AGARI ba="2,0" hai="18,20,27,88,89,90,100,103" m="6175,46591" machi="18" ten="30,6000,0" yaku="8,1,54,2" doraHai="95" who="0" fromWho="0" sc="345,66,235,-22,265,-22,155,-22" /><INIT seed="0,3,0,2,3,77" ten="411,213,243,133" oya="0" hai0="81,89,51,0,39,57,40,124,23,103,100,47,69" hai1="7,123,73,128,97,95,84,70,118,55,26,94,83" hai2="6,8,36,43,37,20,58,93,119,48,126,52,91" hai3="32,13,61,71,132,85,54,72,129,4,12,90,133"/><T116/><D116/><U114/><E70/><V122/><F122/><W82/><G129/><T17/><D0/><U107/><E7/><V74/><F126/><W131/><G131/><T35/><D35/><U46/><E128/><V50/><F74/><W21/><G32/><T22/><D124/><U10/><E10/><V3/><F119/><W41/><G41/><T38/><D69/><U18/><E73/><V67/><F67/><W49/><G72/><T14/><D23/><N who="1" m="13687" /><E107/><V31/><F31/><W106/><G4/><T98/><D57/><U115/><E123/><V110/><F110/><W63/><G106/><T130/><D130/><U66/><E66/><V30/><F30/><W56/><G71/><T25/><D25/><U120/><E97/><V96/><REACH who="2" step="1"/><F20/><REACH who="2" ten="411,213,233,133" step="2"/><W105/><G21/><T62/><D22/><U16/><E120/><V125/><F125/><W101/><G132/><T53/><D39/><U59/><E118/><V76/><F76/><W92/><G133/><T75/><D38/><U121/><E121/><V45/><AGARI ba="3,1" hai="3,6,8,36,37,43,45,48,50,52,58,91,93,96" machi="45" ten="30,4000,0" yaku="1,1,0,1,54,1,53,0" doraHai="77" doraHaiUra="117" who="2" fromWho="2" sc="411,-23,213,-13,233,59,133,-13" /><INIT seed="1,0,0,5,4,101" ten="388,200,292,120" oya="1" hai0="3,59,95,8,120,124,133,131,78,29,96,89,39" hai1="126,102,84,28,119,117,67,0,121,60,45,35,81" hai2="58,111,132,32,118,53,99,9,40,104,98,68,75" hai3="94,85,51,49,97,88,20,127,91,2,110,16,87"/><U61/><E0/><V13/><F68/><W42/><G110/><T38/><D78/><U92/><E121/><V130/><F32/><W36/><G127/><T12/><D3/><U25/><E126/><V90/><F75/><W26/><G2/><T109/><D124/><U19/><E61/><V17/><F118/><W30/><G97/><T116/><D116/><U129/><E129/><V24/><F111/><W73/><G73/><T80/><D109/><U86/><E45/><V56/><F132/><W52/><G36/><T69/><D69/><U115/><E115/><V113/><F130/><W71/><G71/><T6/><D131/><U14/><E86/><V64/><F40/><W33/><G42/><T44/><D133/><U106/><E92/><V10/><F64/><W93/><REACH who="3" step="1"/><G52/><REACH who="3" ten="388,200,292,110" step="2"/><T55/><D55/><U22/><E102/><V11/><F53/><W74/><G74/><T65/><D96/><U34/><E119/><V123/><F99/><W18/><G18/><T82/><D39/><U128/><E117/><V57/><F17/><W4/><G4/><T15/><D6/><U23/><E128/><V72/><F98/><W47/><G47/><T77/><D44/><U122/><E122/><V134/><F123/><W37/><G37/><T5/><D38/><U1/><E1/><V105/><F72/><W112/><G112/><T48/><D5/><U76/><E106/><V83/><F105/><W66/><G66/><T135/><D65/><U46/><E46/><V103/><F113/><W41/><G41/><T114/><D114/><U7/><E7/><V43/><F43/><RYUUKYOKU ba="0,1" sc="388,-15,200,15,292,-15,110,15" hai1="14,19,22,23,25,28,34,35,60,67,76,81,84" hai3="16,20,26,30,33,49,51,85,87,88,91,93,94" /><INIT seed="1,1,1,2,4,126" ten="373,215,277,125" oya="1" hai0="35,27,68,129,127,16,38,14,31,2,13,79,87" hai1="66,80,46,73,124,100,65,94,19,77,11,42,99" hai2="20,88,76,109,101,17,10,75,54,24,84,59,112" hai3="56,70,102,55,110,3,72,82,97,116,4,9,108"/><U98/><E124/><V52/><F109/><N who="3" m="42091" /><G70/><T131/><D127/><U103/><E19/><V134/><F134/><W105/><G116/><T60/><D38/><U25/><E25/><V51/><F112/><W29/><G29/><T34/><D2/><U49/><REACH who="1" step="1"/><E11/><REACH who="1" ten="373,205,277,125" step="2"/><V83/><F10/><W53/><G56/><T133/><D133/><U130/><E130/><N who="0" m="49673" /><D35/><U93/><AGARI ba="1,2" hai="42,46,49,65,66,73,77,80,93,94,98,99,100,103" machi="93" ten="20,7800,0" yaku="1,1,0,1,7,1,9,1,53,0" doraHai="126" doraHaiUra="114" who="1" fromWho="1" sc="373,-27,205,101,277,-27,125,-27" /><INIT seed="1,2,0,5,5,25" ten="346,306,250,98" oya="1" hai0="65,1,23,31,87,59,119,60,35,49,111,69,0" hai1="21,2,47,115,20,75,126,42,15,76,29,71,24" hai2="5,78,22,16,67,4,104,103,116,18,92,94,45" hai3="110,88,12,39,79,96,98,26,130,63,73,125,44"/><U37/><E71/><V106/><F78/><W7/><G110/><T129/><D119/><U131/><E115/><V48/><F67/><W132/><G125/><T28/><D35/><U99/><E2/><V10/><F116/><W81/><G130/><T83/><D111/><U8/><E126/><V133/><F133/><W9/><G132/><T55/><D129/><U89/><E76/><V122/><F122/><W120/><G120/><T118/><D118/><U80/><E75/><V113/><F113/><W61/><G26/><T64/><D64/><U102/><E89/><V43/><F106/><W128/><G128/><T33/><D33/><U68/><E80/><V17/><F104/><W101/><G39/><T85/><D85/><U36/><E68/><V134/><F134/><W105/><REACH who="3" step="1"/><G44/><REACH who="3" ten="346,306,250,88" step="2"/><T46/><D46/><U70/><E37/><V112/><F45/><W58/><G58/><T90/><D69/><U30/><E70/><V93/><F112/><W123/><G123/><T74/><D59/><U27/><E131/><V109/><F109/><W3/><G3/><T91/><D1/><U54/><E36/><V135/><F135/><W108/><G108/><T53/><D0/><U114/><E114/><V41/><F41/><W84/><G84/><T19/><D87/><U51/><E42/><V11/><F43/><W66/><G66/><T34/><D65/><U57/><E47/><V13/><F13/><W38/><G38/><T86/><D86/><U14/><E8/><V32/><F11/><W6/><G6/><T107/><D74/><U97/><E97/><V127/><F127/><RYUUKYOKU ba="2,1" sc="346,-15,306,15,250,-15,88,15" hai1="14,15,20,21,24,27,29,30,51,54,57,99,102" hai3="7,9,12,61,63,73,79,81,88,96,98,101,105" /><INIT seed="1,3,1,2,5,45" ten="331,321,235,103" oya="1" hai0="1,87,14,27,12,30,131,134,102,41,15,123,10" hai1="24,38,126,8,35,13,52,53,113,19,49,129,5" hai2="118,55,44,69,96,120,79,97,94,28,88,42,125" hai3="122,101,7,50,130,40,133,75,21,76,25,67,117"/><U4/><E38/><V20/><F69/><W34/><G122/><T92/><D123/><U54/><E113/><V29/><F118/><W111/><G111/><T68/><D68/><U58/><E126/><V106/><F120/><W135/><G117/><T107/><D107/><U86/><E129/><V110/><F110/><W119/><G119/><T48/><D131/><U91/><E35/><V3/><F3/><W112/><G130/><T43/><D134/><N who="3" m="51209" /><G112/><T89/><D102/><U37/><E37/><V6/><F6/><N who="1" m="2665" /><E24/><V57/><F125/><W72/><G34/><T11/><D1/><U2/><E2/><V31/><F106/><W121/><G7/><T105/><D105/><U26/><E26/><V63/><F79/><W99/><G67/><T64/><D64/><U39/><E39/><V84/><REACH who="2" step="1"/><F20/><REACH who="2" ten="331,321,225,103" step="2"/><W73/><G76/><T128/><D128/><U71/><E71/><V100/><F100/><W109/><G121/><T62/><D11/><U103/><E103/><V66/><F66/><W59/><G109/><T104/><D10/><U46/><E58/><V70/><F70/><W132/><G59/><T65/><D104/><U93/><AGARI ba="3,2" hai="8,13,19,46,49,52,53,54,86,91,93" m="2665" machi="93" ten="30,6000,0" yaku="8,1,52,1,54,1" doraHai="45" who="1" fromWho="1" sc="331,-23,321,89,225,-23,103,-23" /><INIT seed="1,4,0,0,5,17" ten="308,410,202,80" oya="1" hai0="111,84,20,4,128,63,132,16,97,27,46,26,96" hai1="66,119,42,60,58,101,92,1,76,56,86,45,43" hai2="113,34,36,18,40,133,102,2,110,93,112,62,31" hai3="67,44,8,77,28,80,5,19,78,48,95,114,69"/><U64/><E1/><V23/><F2/><W0/><G114/><T6/><D111/><U47/><E119/><V75/><F75/><W41/><G28/><T74/><D74/><U72/><E72/><V91/><F102/><W39/><G77/><T89/><D128/><U12/><E12/><V11/><F11/><W55/><G95/><N who="0" m="54695" /><D132/><U57/><E76/><V131/><F34/><W7/><G7/><N who="0" m="2603" /><D46/><U116/><E116/><V25/><F110/><W88/><G69/><T53/><D27/><U126/><E86/><V13/><F131/><W117/><G117/><T54/><D63/><N who="1" m="38007" /><E92/><V3/><F93/><W9/><G78/><T125/><D125/><U24/><E101/><V130/><F133/><W59/><G67/><T70/><D70/><N who="1" m="42311" /><E24/><V99/><F25/><W82/><REACH who="3" step="1"/><G88/><REACH who="3" ten="308,410,202,70" step="2"/><T100/><D100/><U98/><E126/><V81/><F91/><W120/><G120/><T37/><D97/><U73/><E98/><V109/><F99/><W61/><G61/><T106/><D96/><U107/><E73/><V21/><F62/><W124/><G124/><T71/><D71/><U51/><E107/><V103/><F103/><W134/><G134/><T118/><D118/><U33/><E33/><V32/><F32/><W35/><G35/><T127/><D127/><U49/><AGARI ba="4,1" hai="42,43,45,47,49,51,56,57" m="42311,38007" machi="49" ten="30,12000,1" yaku="35,5" doraHai="17" who="1" fromWho="1" sc="308,-44,410,142,202,-44,70,-44" /><INIT seed="1,5,0,4,5,17" ten="264,552,158,26" oya="1" hai0="121,16,5,94,123,14,11,97,47,0,106,49,41" hai1="42,88,115,51,65,85,61,124,77,15,89,23,34" hai2="114,19,12,35,67,101,130,64,79,63,56,66,4" hai3="75,39,46,3,32,116,105,21,132,119,84,24,72"/><U70/><E34/><V107/><F35/><W37/><G105/><T74/><D74/><N who="3" m="28201" /><G32/><T57/><D106/><U10/><E115/><V20/><F114/><W129/><G3/><T120/><D57/><U48/><E124/><V81/><F130/><W38/><G129/><T100/><REACH who="0" step="1"/><D0/><REACH who="0" ten="254,552,158,26" step="2"/><U25/><E70/><V103/><F107/><W83/><G132/><T52/><D52/><U9/><E65/><V62/><F66/><W95/><G46/><T29/><D29/><U68/><E68/><V73/><F4/><AGARI ba="5,1" hai="4,5,11,14,16,41,47,49,94,97,100,120,121,123" machi="4" ten="40,8000,1" yaku="1,1,13,1,54,1,53,1" doraHai="17" doraHaiUra="96" who="0" fromWho="2" sc="254,105,552,0,158,-95,26,0" /><INIT seed="2,0,0,0,3,9" ten="359,552,63,26" oya="2" hai0="78,10,47,122,5,113,80,115,64,75,83,126,131" hai1="114,70,129,4,121,48,16,27,29,133,11,13,124" hai2="39,116,132,100,7,119,31,46,88,97,58,14,135" hai3="0,53,22,96,34,57,6,66,1,89,74,87,41"/><V120/><F120/><W79/><G34/><T68/><D122/><U2/><E70/><V99/><F31/><W54/><G41/><T24/><D126/><U82/><E121/><V71/><F71/><W12/><G66/><T45/><D131/><U102/><E102/><V37/><F100/><W91/><G74/><T52/><D83/><U72/><E114/><V85/><F58/><W67/><G79/><T28/><D64/><U128/><E48/><V86/><F46/><W42/><G42/><T18/><D18/><U59/><E59/><V3/><F3/><W108/><G108/><T127/><D68/><U33/><E124/><V32/><F32/><W56/><G67/><T123/><D123/><U106/><E106/><V36/><F7/><W101/><G1/><T134/><D127/><U63/><E63/><V130/><F130/><W84/><G0/><T25/><D134/><U60/><E60/><V69/><F69/><W17/><G6/><T30/><D30/><U21/><E133/><V112/><F37/><W55/><G87/><T8/><D8/><U62/><E62/><V81/><F81/><W118/><G118/><T73/><D73/><U110/><E110/><V44/><F44/><N who="0" m="16970" /><D52/><N who="3" m="20073" /><G84/><T103/><D115/><U107/><E107/><V49/><F112/><W51/><G57/><T125/><D113/><U94/><E94/><AGARI ba="0,0" hai="12,17,22,51,55,56,89,91,94,96,101" m="20073" machi="94" ten="30,3900,0" yaku="8,1,52,1,54,1" doraHai="9" who="3" fromWho="1" sc="359,0,552,-39,63,0,26,39" /><INIT seed="3,0,0,0,2,75" ten="359,513,63,65" oya="3" hai0="73,82,18,63,37,104,86,15,95,107,78,51,56" hai1="117,103,5,43,114,131,38,30,110,121,105,132,48" hai2="108,133,16,39,118,13,29,80,70,57,22,14,0" hai3="88,44,4,45,93,68,115,79,8,102,71,3,41"/><W126/><G115/><T122/><D122/><U85/><E48/><V90/><F70/><W40/><G126/><T20/><D37/><U9/><E85/><V76/><F0/><W77/><G102/><T42/><D42/><U12/><E43/><V35/><F39/><W113/><G113/><T120/><D120/><U62/><E62/><V59/><F118/><W81/><G71/><T134/><D134/><U74/><E103/><V32/><F108/><W54/><G68/><T7/><D7/><U50/><E50/><V60/><F133/><W98/><G54/><T61/><D51/><U123/><E30/><V47/><F47/><W83/><G45/><T21/><D21/><U52/><E52/><N who="2" m="33831" /><F35/><W96/><G96/><T65/><REACH who="0" step="1"/><D63/><REACH who="0" ten="349,513,63,65" step="2"/><U17/><E5/><V94/><F22/><W124/><G124/><T11/><D11/><U135/><E9/><V87/><F32/><W23/><G23/><T130/><D130/><U116/><E131/><V92/><F29/><W89/><G44/><T101/><D101/><U127/><E38/><V36/><F36/><W53/><G41/><T6/><D6/><U64/><E135/><V129/><F129/><W49/><G40/><T10/><D10/><U27/><E132/><V1/><F16/><W128/><G128/><T55/><D55/><U100/><E17/><V91/><F1/><W33/><G33/><T111/><D111/><U84/><E110/><V72/><F13/><W58/><G81/><T46/><D46/><U125/><E12/><V97/><F14/><W66/><G66/><T28/><D28/><U112/><E121/><RYUUKYOKU ba="0,1" sc="349,10,513,-30,63,10,65,10" hai0="15,18,20,56,61,65,73,78,82,86,95,104,107" hai2="59,72,76,80,87,90,91,92,94,97" hai3="3,4,8,49,53,58,77,79,83,88,89,93,98" /><INIT seed="3,1,1,0,0,10" ten="359,483,73,75" oya="3" hai0="40,91,117,77,51,80,123,76,21,69,74,86,7" hai1="50,82,125,100,68,127,92,71,38,66,39,0,62" hai2="56,84,54,67,70,29,32,31,52,83,37,58,14" hai3="87,105,131,23,60,101,129,25,93,78,55,35,11"/><W79/><G35/><T61/><D117/><U126/><E0/><V26/><F37/><N who="1" m="13833" /><E82/><V132/><F132/><W28/><G105/><T24/><D123/><U102/><E92/><V13/><F70/><W130/><G11/><T5/><D69/><N who="1" m="42199" /><E100/><V4/><F67/><W124/><G124/><T94/><D76/><U47/><E102/><V64/><F64/><W109/><G109/><T72/><D72/><U121/><E121/><V85/><F4/><W128/><N who="3" m="32768" /><DORA hai="99" /><W49/><G60/><T120/><D61/><U34/><E34/><V44/><F44/><N who="3" m="28071" /><G87/><N who="0" m="52607" /><D74/><U110/><E110/><V65/><F65/><W115/><G115/><T88/><D77/><U95/><E95/><V89/><F85/><W107/><G107/><T97/><D97/><AGARI ba="1,1" hai="23,25,28,78,79,93,97,101" m="28071,32768" machi="97" ten="60,5800,0" yaku="19,1,52,1" doraHai="10,99" who="3" fromWho="0" sc="359,-61,483,0,73,0,75,71" /><INIT seed="3,2,0,4,4,23" ten="298,483,73,146" oya="3" hai0="91,21,103,69,38,63,35,37,5,108,28,27,4" hai1="14,2,110,99,95,105,57,8,64,46,74,50,62" hai2="24,77,18,66,31,133,79,29,119,73,67,127,92" hai3="93,89,52,107,70,106,96,19,117,17,15,13,39"/><W45/><G70/><T134/><D108/><U124/><E2/><V129/><F119/><W113/><G113/><T22/><D134/><U72/><E105/><V3/><F3/><W43/><G117/><T132/><D132/><U10/><E10/><V78/><F73/><W109/><G109/><T100/><D91/><U122/><E124/><V85/><F133/><W76/><G76/><T36/><D69/><U59/><E59/><V121/><F129/><W80/><G80/><T11/><D63/><U40/><E122/><V135/><F135/><W25/><G25/><T48/><D48/><U128/><E128/><V97/><F85/><W71/><G71/><T112/><D112/><U94/><E94/><V123/><F127/><W34/><G34/><T83/><D83/><U7/><E110/><V82/><F82/><W68/><G68/><T81/><D81/><U56/><E56/><V102/><F123/><W65/><G65/><N who="2" m="24585" /><F121/><W126/><G126/><T88/><D88/><AGARI ba="2,0" hai="7,8,14,40,46,50,57,62,64,72,74,88,95,99" machi="88" ten="30,2000,0" yaku="7,1,54,1" doraHai="23" who="1" fromWho="0" sc="298,-26,483,26,73,0,146,0" /><INIT seed="4,0,0,5,5,18" ten="272,509,73,146" oya="0" hai0="60,15,81,1,94,66,75,5,114,122,100,62,123" hai1="82,40,132,108,113,74,134,97,53,118,24,43,79" hai2="47,42,7,69,124,14,41,99,95,58,17,12,72" hai3="8,71,28,10,121,65,98,87,31,4,93,83,80"/><T50/><D1/><U92/><E108/><V46/><F69/><W73/><G73/><T126/><D114/><U107/><E107/><V110/><F110/><W44/><G121/><T52/><D126/><U38/><E38/><V26/><F72/><W130/><G130/><T89/><D75/><U63/><E24/><V20/><F124/><W78/><G80/><T27/><D123/><U9/><E9/><V127/><F127/><W70/><G10/><N who="0" m="4559" /><D122/><U135/><E118/><V115/><F115/><W112/><G112/><T84/><D66/><U76/><E76/><V57/><F7/><W13/><G44/><N who="0" m="27719" /><D27/><U0/><E0/><V88/><F47/><W49/><G49/><T131/><D131/><U21/><E113/><V64/><F42/><W29/><REACH who="3" step="1"/><G65/><REACH who="3" ten="272,509,73,136" step="2"/><T103/><D81/><U85/><E74/><V16/><F64/><W111/><G111/><T125/><D125/><U77/><E53/><V3/><F46/><W51/><G51/><T116/><D116/><U129/><E129/><V33/><F41/><W11/><G11/><T109/><D109/><U32/><E40/><V59/><F3/><W133/><G133/><T96/><D62/><U119/><E63/><V86/><F33/><W128/><G128/><T56/><D60/><U104/><E32/><V68/><F68/><W91/><AGARI ba="0,1" hai="4,8,13,28,29,31,70,71,78,83,87,91,93,98" machi="91" ten="30,2000,0" yaku="1,1,0,1,53,0" doraHai="18" doraHaiUra="30" who="3" fromWho="3" sc="272,-10,509,-5,73,-5,136,30" /><INIT seed="5,0,0,5,2,50" ten="262,504,68,166" oya="1" hai0="29,21,15,27,0,26,40,23,42,43,104,120,72" hai1="52,53,65,35,91,55,54,106,11,98,88,34,107" hai2="103,79,30,64,13,129,92,2,28,95,5,110,38" hai3="25,56,45,71,63,32,81,57,127,119,51,112,128"/><U4/><E65/><V68/><F110/><W111/><G111/><T135/><D72/><U113/><E113/><V7/><F38/><W74/><G112/><T24/><D104/><U117/><E117/><V123/><F123/><W133/><G119/><T116/><D116/><U1/><E55/><V87/><F2/><W37/><G37/><T12/><D0/><U61/><E61/><V75/><F75/><W84/><G74/><T14/><D120/><U100/><E107/><V94/><F129/><W125/><G128/><T6/><D6/><U20/><E20/><N who="0" m="7753" /><D135/><U132/><REACH who="1" step="1"/><E132/><REACH who="1" ten="262,494,68,166" step="2"/><V134/><F134/><W130/><G133/><T17/><D29/><U10/><E10/><AGARI ba="0,1" hai="10,12,14,15,17,24,26,27,40,42,43" m="7753" machi="10" ten="30,1000,0" yaku="8,1" doraHai="50" who="0" fromWho="1" sc="262,20,494,-10,68,0,166,0" /><INIT seed="6,0,0,2,0,37" ten="282,484,68,166" oya="2" hai0="95,18,54,32,50,105,94,30,25,68,45,40,5" hai1="16,85,96,53,44,129,78,119,23,74,10,51,73" hai2="9,65,97,131,8,26,36,121,86,21,58,115,80" hai3="29,81,12,6,112,11,135,35,60,56,39,123,84"/><V55/><F121/><W1/><G123/><T47/><D105/><U93/><E10/><V28/><F115/><W104/><G104/><T124/><D68/><U27/><E129/><V120/><F120/><W61/><G112/><T102/><D124/><U4/><E4/><V109/><F131/><W43/><G135/><T24/><D5/><U70/><E70/><V14/><F109/><W128/><G128/><T2/><D2/><U75/><E119/><V92/><F65/><W79/><G1/><T118/><D118/><U15/><E27/><V20/><F36/><W98/><G98/><T134/><D134/><U22/><E22/><V41/><F20/><W33/><G29/><T69/><D69/><U114/><E114/><V59/><F59/><W110/><G61/><T106/><D106/><U77/><E85/><V7/><F8/><W132/><G132/><T90/><D102/><U52/><E53/><V67/><F67/><W133/><G133/><T88/><D18/><U0/><E0/><V125/><F125/><W17/><G110/><T46/><D25/><U3/><E3/><V117/><F117/><W66/><G17/><T91/><REACH who="0" step="1"/><D47/><REACH who="0" ten="272,484,68,166" step="2"/><U87/><E44/><V42/><F58/><W103/><G103/><T34/><D34/><U89/><E15/><V72/><F72/><W62/><G35/><T122/><D122/><U100/><E16/><V19/><F7/><W83/><G33/><T63/><D63/><U130/><E130/><V76/><F55/><W99/><G62/><T64/><D64/><U71/><E52/><V111/><F111/><W127/><G127/><RYUUKYOKU ba="0,1" sc="272,15,484,-15,68,15,166,-15" hai0="24,30,32,40,45,46,50,54,88,90,91,94,95" hai2="9,14,19,21,26,28,41,42,76,80,86,92,97" /><INIT seed="6,1,1,4,0,93" ten="287,469,83,151" oya="2" hai0="108,36,3,16,40,5,50,48,24,1,8,6,134" hai1="116,2,126,58,81,127,67,60,76,114,43,94,110" hai2="47,45,130,62,75,44,72,97,38,27,120,33,64" hai3="102,22,4,65,10,135,17,78,133,32,91,121,124"/><V85/><F120/><W103/><G121/><T77/><D108/><U122/><E2/><N who="0" m="521" /><D77/><U30/><E30/><V52/><F38/><W18/><G124/><T19/><D40/><U11/><E11/><V84/><F130/><W21/><G32/><T46/><D46/><U20/><E20/><N who="3" m="7786" /><G78/><T125/><D36/><U70/><E43/><V128/><F128/><W107/><G65/><T53/><D53/><U68/><E116/><V54/><F33/><W117/><G117/><T15/><D125/><N who="1" m="47627" /><E114/><V31/><F31/><W34/><G34/><T89/><D89/><U7/><E7/><N who="0" m="2569" /><D134/><N who="3" m="51209" /><G91/><T109/><D109/><U25/><E70/><V87/><F27/><W106/><G106/><T41/><D41/><U13/><E25/><V61/><F97/><N who="3" m="61903" /><G103/><T28/><D19/><U100/><E68/><V88/><F88/><W42/><G42/><T0/><N who="0" m="529" /><AGARI ba="1,1" hai="0,4,10,17,18" m="61903,51209,7786" machi="0" ten="30,3900,0" yaku="3,1,20,1,52,1" doraHai="93" who="3" fromWho="0" sc="287,-42,469,0,83,0,151,52" /><INIT seed="7,0,0,3,4,105" ten="245,469,83,203" oya="3" hai0="110,66,52,65,21,5,68,73,84,0,32,35,107" hai1="7,38,113,57,40,76,124,90,43,116,79,123,36" hai2="4,85,11,55,103,126,22,80,131,75,87,109,104" hai3="42,44,92,108,63,74,120,112,29,99,1,101,70"/><W118/><G112/><T60/><D107/><U117/><E7/><V51/><F109/><W122/><G118/><T33/><D110/><U135/><E124/><V129/><F22/><W114/><G114/><T78/><D73/><U16/><E16/><V47/><BYE who="1" /><F126/><UN n1="%E3%82%A6%E3%83%AB%E3%83%88%E3%83%A9%E7%AB%8B%E7%9B%B4" /><W133/><G108/><T3/><D66/><U94/><E135/><V37/><F37/><W88/><G133/><T31/><D5/><U48/><E123/><V25/><F25/><W18/><G74/><T13/><D52/><N who="1" m="31879" /><E43/><V130/><F103/><W53/><G1/><T30/><D30/><U9/><E9/><V56/><F104/><W39/><G29/><T72/><D84/><U58/><E58/><V96/><F96/><W98/><G18/><T77/><D78/><N who="1" m="29739" /><E40/><V91/><F56/><W127/><G127/><T23/><D60/><U121/><E121/><V28/><F28/><W26/><G26/><T132/><D65/><U97/><E113/><V102/><F102/><W34/><G34/><T106/><D13/><U49/><E49/><V134/><F134/><W111/><G111/><T100/><D77/><U54/><E54/><BYE who="1" /><V24/><F24/><W27/><G27/><T41/><D132/><U93/><E93/><V15/><REACH who="2" step="1"/><F85/><REACH who="2" ten="245,469,73,203" step="2"/><N who="3" m="52239" /><G39/><T10/><D106/><U95/><E95/><V62/><F62/><W128/><G63/><T14/><D31/><U82/><E82/><V19/><F19/><W46/><G120/><T17/><D35/><U83/><E83/><V89/><F89/><W12/><G122/><T59/><D33/><UN n1="%E3%82%A6%E3%83%AB%E3%83%88%E3%83%A9%E7%AB%8B%E7%9B%B4" /><U61/><E61/><V119/><F119/><AGARI ba="0,1" hai="36,38,90,94,97,116,117,119" m="29739,31879" machi="119" ten="30,2000,0" yaku="12,1,54,1" doraHai="105" who="1" fromWho="2" sc="245,0,469,30,73,-20,203,0" owari="245,5.0,499,60.0,53,-45.0,203,-20.0" /></mjloggm>