<mjloggm ver="2.3"><GO type="169" lobby="0"/><UN n0="%E3%81%97%E3%81%8A%E3%81%BE%E3%81%AD%E3%81%8D" n1="%E3%82%A6%E3%83%AB%E3%83%88%E3%83%A9%E7%AB%8B%E7%9B%B4" n2="%E4%B8%8D%E8%81%B4%E7%89%8C%E3%83%AA%E3%83%BC%E3%83%81" n3="%E3%81%9C%E3%82%8D%E3%82%81%E3%81%90" dan="17,17,16,16" rate="2187.45,2102.46,2095.21,2107.69" sx="M,M,M,F"/><TAIKYOKU oya="0"/><INIT seed="0,0,0,1,3,126" ten="250,250,250,250" oya="0" hai0="118,76,7,99,129,56,73,133,131,70,108,77,62" hai1="5,1,101,47,18,57,104,41,68,35,55,127,59" hai2="91,10,44,3,13,114,45,46,69,78,130,71,27" hai3="113,124,53,40,43,134,42,93,22,103,80,86,98"/><T128/><D118/><U25/><E5/><V2/><F78/><N who="0" m="30314" /><D73/><U83/><E83/><V88/><F27/><W95/><G113/><T102/><D7/><U79/><E18/><V14/><F114/><W81/><G124/><T82/><D82/><U38/><E101/><V33/><F33/><W107/><G134/><T74/><D74/><U97/><E97/><V94/><F10/><W96/><G86/><T54/><D70/><U61/><E25/><V49/><F49/><W32/><G32/><T34/><D34/><U89/><E89/><V85/><F85/><W120/><G107/><N who="0" m="63967" /><D108/><U119/><E104/><V39/><F39/><W123/><G22/><T9/><D9/><U105/><E105/><V121/><F46/><W20/><G20/><T75/><D75/><U125/><E35/><V66/><F121/><W12/><G123/><T132/><AGARI ba="0,0" hai="54,56,62,128,129,131,132,133" m="63967,30314" machi="132" ten="40,12000,1" yaku="19,1,52,3" doraHai="126" who="0" fromWho="0" sc="250,120,250,-40,250,-40,250,-40" /><INIT seed="0,1,0,3,1,16" ten="370,210,210,210" oya="0" hai0="128,62,68,4,7,65,100,79,61,8,22,89,67" hai1="96,1,115,114,60,75,116,98,30,53,135,120,15" hai2="56,42,12,43,57,122,97,127,81,104,5,86,118" hai3="18,40,124,109,71,119,76,93,58,88,39,45,83"/><T101/><D128/><U10/><E53/><V3/><F3/><W50/><G71/><T41/><D41/><U133/><E60/><V72/><F72/><W35/><G109/><T78/><D89/><U24/><E75/><V31/><F122/><W32/><G124/><T23/><D8/><U121/><E98/><V46/><F127/><W131/><G131/><T105/><D105/><U28/><E96/><V117/><F31/><N who="1" m="11817" /><E24/><V111/><F43/><W87/><G119/><T6/><D6/><N who="1" m="3543" /><E1/><V90/><F118/><W84/><G39/><T102/><D102/><U126/><E126/><V70/><F117/><W59/><G59/><T14/><D14/><U52/><E52/><V103/><F70/><AGARI ba="1,0" hai="4,7,22,23,61,62,65,67,68,70,78,79,100,101" machi="70" ten="25,9600,0" yaku="22,2,52,2" doraHai="16" who="0" fromWho="2" sc="370,99,210,0,210,-99,210,0" /><INIT seed="0,2,0,1,1,1" ten="469,210,111,210" oya="0" hai0="55,130,54,34,108,58,100,66,89,113,35,38,78" hai1="81,101,98,75,60,135,27,49,17,76,45,39,19" hai2="84,110,114,129,50,4,104,117,52,29,68,115,86" hai3="5,126,83,46,24,56,88,53,64,23,57,122,131"/><T82/><D113/><U42/><E135/><V119/><F104/><W41/><G126/><T33/><D38/><U87/><E39/><V94/><F68/><W97/><G131/><T70/><D70/><U12/><E75/><V59/><F29/><W15/><G122/><T18/><D130/><U128/><E128/><V127/><F129/><W73/><G64/><T63/><D108/><U132/><E132/><V9/><F110/><W116/><G116/><N who="2" m="44617" /><F127/><W14/><G73/><T26/><D89/><U133/><E133/><V111/><F111/><W99/><G57/><T120/><D100/><U62/><E27/><V95/><F95/><W77/><G77/><T0/><D0/><U13/><E98/><V125/><F125/><W7/><G99/><T80/><D120/><U16/><REACH who="1" step="1"/><E101/><REACH who="1" ten="469,200,111,210" step="2"/><V2/><F86/><N who="3" m="50271" /><G97/><T74/><REACH who="0" step="1"/><D82/><REACH who="0" ten="459,200,111,210" step="2"/><U123/><E123/><V90/><AGARI ba="2,2" hai="2,4,9,50,52,59,84,90,94,114,115" m="44617" machi="90" ten="30,4000,0" yaku="12,1,52,1,54,1" doraHai="1" who="2" fromWho="2" sc="459,-22,200,-12,111,66,210,-12" /><INIT seed="1,0,0,5,3,38" ten="437,188,177,198" oya="1" hai0="95,17,53,128,44,130,102,105,19,0,45,23,71" hai1="83,22,76,125,80,117,68,39,62,36,121,34,56" hai2="131,123,28,1,48,25,33,97,60,7,20,11,41" hai3="10,21,49,89,85,2,129,93,100,103,69,32,8"/><U110/><E34/><V50/><F123/><W5/><G32/><T30/><D0/><U94/><E121/><V9/><F131/><W122/><G129/><T119/><D71/><U74/><E117/><V47/><F9/><W124/><G122/><T91/><D102/><U73/><E125/><V88/><F60/><W55/><G69/><T135/><D105/><U18/><E68/><V12/><F48/><W29/><G124/><T90/><D95/><U14/><E110/><V78/><F78/><W59/><G10/><T63/><D30/><U37/><E94/><N who="2" m="56519" /><F1/><W107/><G107/><T79/><D23/><U84/><REACH who="1" step="1"/><E80/><REACH who="1" ten="437,178,177,198" step="2"/><V35/><F35/><W4/><G93/><T82/><D119/><U24/><E24/><V109/><F33/><W104/><G104/><T13/><D82/><U96/><E96/><V86/><F109/><W16/><G100/><T64/><D130/><U27/><E27/><V31/><F25/><W99/><G103/><T108/><D128/><U26/><E26/><V113/><F31/><W81/><G99/><T127/><D108/><U92/><E92/><V52/><F28/><W77/><G29/><T70/><D127/><U66/><AGARI ba="0,1" hai="14,18,22,36,37,39,56,62,66,73,74,76,83,84" machi="66" ten="30,3000,0" yaku="1,1,0,1,53,0" doraHai="38" doraHaiUra="98" who="1" fromWho="1" sc="437,-10,178,40,177,-10,198,-10" /><INIT seed="1,1,0,5,5,120" ten="427,218,167,188" oya="1" hai0="96,109,90,95,32,108,73,105,82,1,119,34,58" hai1="103,127,131,104,29,78,98,89,52,67,14,62,33" hai2="128,26,13,121,87,92,47,117,60,107,134,19,59" hai3="102,126,18,71,61,65,130,77,132,80,9,17,86"/><U12/><E131/><V44/><F107/><W43/><G130/><T3/><D58/><U51/><E127/><V11/><F128/><W93/><G126/><T35/><D119/><U84/><E78/><V114/><F117/><W63/><G132/><T24/><D24/><U16/><E29/><V64/><F121/><W20/><G43/><T10/><D105/><U115/><E33/><V99/><F114/><W54/><G9/><T91/><D10/><U123/><E123/><V21/><F87/><W69/><G20/><T42/><D42/><U66/><E115/><V53/><F134/><W106/><G106/><T50/><D50/><U37/><E37/><V0/><F0/><W72/><G54/><T8/><D90/><U36/><E36/><V55/><F55/><W31/><G31/><T30/><D30/><U39/><E39/><V4/><REACH who="2" step="1"/><F64/><REACH who="2" ten="427,218,157,188" step="2"/><W5/><G86/><T118/><D118/><U22/><E66/><V46/><F46/><W56/><G65/><T125/><D125/><U27/><E67/><V129/><F129/><W124/><G124/><T76/><REACH who="0" step="1"/><D1/><REACH who="0" ten="417,218,157,188" step="2"/><U111/><E62/><V81/><F81/><W79/><G63/><T25/><D25/><U49/><E27/><V41/><F41/><W28/><G61/><T116/><D116/><U101/><E104/><V74/><F74/><W68/><G72/><T135/><D135/><U40/><E40/><V15/><F15/><W88/><G80/><T45/><D45/><U112/><E14/><V85/><F85/><W75/><G75/><T110/><D110/><U133/><E111/><V70/><F70/><RYUUKYOKU ba="1,2" sc="417,15,218,-15,157,15,188,-15" hai0="3,8,32,34,35,73,76,82,91,95,96,108,109" hai2="4,11,13,19,21,26,44,47,53,59,60,92,99" /><INIT seed="2,2,2,2,0,6" ten="432,203,172,173" oya="2" hai0="88,115,123,57,134,52,10,30,121,14,117,122,77" hai1="65,100,3,78,25,27,50,36,132,104,93,18,135" hai2="4,32,116,53,111,15,51,89,124,41,125,61,108" hai3="28,109,29,127,74,21,55,99,106,43,0,45,101"/><V67/><F32/><W37/><G74/><T8/><D115/><U79/><E104/><V33/><F33/><W112/><G112/><T1/><D117/><U9/><E36/><V39/><F89/><W83/><G109/><N who="2" m="42057" /><F116/><W69/><G69/><T71/><D71/><U102/><E50/><V76/><F76/><W47/><G127/><N who="2" m="48713" /><F15/><W20/><G0/><T107/><D77/><U22/><E79/><V49/><F4/><W70/><G83/><T92/><D107/><U133/><E78/><V86/><F86/><W128/><G106/><T66/><D30/><U68/><E93/><V34/><F34/><W103/><G29/><T38/><D38/><U75/><E75/><V119/><F119/><W16/><G37/><T82/><D82/><U94/><E94/><V63/><F67/><W113/><G28/><T87/><D66/><U12/><E102/><V11/><F11/><W44/><G103/><T110/><D110/><U130/><E100/><V58/><F39/><W98/><G101/><T97/><D87/><U114/><E114/><V40/><F40/><W31/><G43/><T80/><D80/><U54/><E65/><V62/><F62/><W105/><G105/><T23/><D10/><U59/><E9/><V46/><AGARI ba="2,2" hai="41,46,49,51,53,58,61,63" m="48713,42057" machi="46" ten="40,12000,1" yaku="14,1,10,1,18,1,34,2" doraHai="6" who="2" fromWho="2" sc="432,-42,203,-42,172,146,173,-42" /><INIT seed="2,3,0,3,0,80" ten="390,161,318,131" oya="2" hai0="69,106,104,61,129,99,126,7,49,31,134,71,112" hai1="29,92,20,111,93,13,87,0,51,55,91,35,28" hai2="25,102,123,1,101,26,65,60,72,116,121,5,32" hai3="128,47,63,77,58,86,74,98,83,118,88,41,68"/><V117/><F72/><W115/><G128/><T53/><D112/><U127/><E0/><V78/><F78/><W23/><G115/><T46/><D134/><U103/><E127/><V82/><F82/><W14/><G118/><T81/><D129/><U15/><E35/><V131/><F131/><W107/><G68/><T36/><D126/><U110/><E110/><V22/><F60/><W34/><G34/><T76/><D31/><U84/><E111/><V113/><F65/><W24/><G14/><T43/><D7/><U119/><E119/><V38/><F38/><W21/><G107/><T57/><D99/><U19/><E15/><V124/><F124/><W97/><G21/><T96/><D96/><U37/><E37/><V70/><F70/><W133/><G133/><T79/><D79/><U73/><E73/><V8/><F113/><W48/><G77/><T10/><D10/><U17/><E17/><V40/><F40/><W85/><G85/><N who="0" m="48295" /><D71/><U9/><E9/><V2/><F102/><W135/><G74/><T3/><D3/><U114/><E114/><V122/><F101/><W27/><G135/><T12/><D12/><U52/><E55/><V44/><F1/><W56/><G27/><T33/><D33/><U130/><E130/><V18/><F44/><W64/><G58/><T50/><D50/><U100/><E100/><V90/><F90/><W94/><G83/><T66/><AGARI ba="3,0" hai="36,43,46,49,53,57,61,66,69,104,106" m="48295" machi="66" ten="30,2000,0" yaku="24,1,52,1" doraHai="80" who="0" fromWho="0" sc="390,29,161,-8,318,-13,131,-8" /><INIT seed="3,0,0,5,5,80" ten="419,153,305,123" oya="3" hai0="107,87,45,20,31,134,130,94,3,67,68,124,28" hai1="33,93,111,46,91,27,82,60,14,35,108,84,135" hai2="127,59,12,17,132,19,5,43,95,115,9,110,41" hai3="32,66,78,42,7,61,114,1,97,96,40,64,48"/><W113/><G32/><T22/><D107/><U2/><E2/><V62/><F115/><W21/><G78/><T29/><D3/><U10/><E135/><V100/><F132/><W16/><G48/><T90/><D134/><U123/><E123/><V23/><F127/><W34/><G34/><T76/><D130/><U74/><E60/><V128/><F128/><W117/><G117/><T92/><D124/><U53/><E53/><V109/><F109/><N who="1" m="42057" /><E46/><V75/><F75/><W133/><G133/><T36/><D67/><U88/><E27/><V38/><F38/><W6/><G1/><T58/><D68/><U50/><E50/><V44/><F44/><W8/><G21/><T104/><D104/><U15/><E15/><V56/><F56/><W105/><G105/><T83/><D58/><U0/><E0/><V4/><F110/><W86/><G61/><T39/><D45/><U98/><E74/><V65/><F41/><W125/><G125/><T73/><REACH who="0" step="1"/><D94/><REACH who="0" ten="409,153,305,123" step="2"/><U54/><E54/><V49/><F43/><W69/><G69/><T122/><D122/><U119/><E119/><V52/><F65/><W85/><G8/><T13/><D13/><U57/><E57/><V129/><F62/><W120/><G120/><T55/><D55/><U126/><E126/><V77/><F52/><W89/><G89/><T18/><D18/><AGARI ba="0,1" hai="10,14,18,33,35,82,84,88,91,93,98" m="42057" machi="18" ten="30,3900,0" yaku="14,1,52,1,54,1" doraHai="80" who="1" fromWho="0" sc="409,-39,153,49,305,0,123,0" /><AGARI ba="0,0" hai="6,7,16,18,40,42,64,66,85,86,96,97,113,114" machi="18" ten="25,12000,1" yaku="22,2,52,2,54,1" doraHai="80" who="3" fromWho="0" sc="370,-120,202,0,305,0,123,120" /><INIT seed="3,1,0,1,5,91" ten="250,202,305,243" oya="3" hai0="5,132,25,95,111,124,12,131,119,129,77,73,43" hai1="60,92,114,62,122,57,83,82,49,118,65,84,69" hai2="66,46,9,42,33,58,17,110,13,130,102,30,32" hai3="107,100,108,26,40,81,15,72,103,70,94,61,67"/><W23/><G107/><T74/><D119/><U44/><E114/><V98/><F110/><W22/><G108/><T64/><D64/><U31/><E122/><V90/><F130/><N who="0" m="49674" /><D43/><U123/><E123/><V6/><F90/><W127/><G127/><T28/><D77/><U27/><E118/><V80/><F80/><W56/><G40/><T76/><D76/><U11/><E11/><V109/><F109/><W4/><G70/><T121/><D121/><U115/><E115/><V120/><F120/><W3/><G3/><T93/><D111/><U112/><E112/><V133/><F133/><W134/><G134/><T85/><D85/><U1/><E1/><V0/><F30/><W88/><G81/><T36/><D36/><U63/><E69/><V20/><F58/><W47/><G72/><N who="0" m="27755" /><D132/><U71/><E71/><V105/><REACH who="2" step="1"/><F66/><REACH who="2" ten="250,202,295,243" step="2"/><W96/><G47/><T113/><D113/><U52/><E83/><V135/><F135/><W16/><G4/><T39/><D39/><AGARI ba="1,1" hai="0,6,9,13,17,20,32,33,39,42,46,98,102,105" machi="39" ten="30,2000,0" yaku="1,1,7,1,53,0" doraHai="91" doraHaiUra="89" who="2" fromWho="0" sc="250,-23,202,0,295,33,243,0" /><INIT seed="4,0,0,2,3,38" ten="227,202,328,243" oya="0" hai0="116,7,97,81,85,76,130,98,112,45,110,92,27" hai1="132,66,124,101,118,102,105,3,20,1,78,95,52" hai2="29,94,77,15,59,39,82,49,87,48,88,99,11" hai3="19,133,46,6,36,58,86,34,54,79,40,50,2"/><T32/><D116/><U135/><E118/><V72/><F39/><W23/><G34/><T65/><D130/><U126/><E66/><V90/><F29/><W51/><G133/><N who="1" m="51274" /><E78/><V17/><REACH who="2" step="1"/><F59/><REACH who="2" ten="227,202,318,243" step="2"/><W131/><G36/><T125/><D125/><U9/><E126/><V96/><F96/><W119/><G119/><T47/><D98/><U122/><E124/><V117/><F117/><W10/><G131/><T24/><D97/><U69/><E122/><V103/><F103/><W41/><G58/><T30/><D110/><U70/><E101/><V53/><F53/><W71/><G71/><T89/><D30/><U8/><E52/><V80/><AGARI ba="0,1" hai="11,15,17,48,49,72,77,80,82,87,88,90,94,99" machi="80" ten="20,5200,0" yaku="1,1,0,1,7,1,54,1,53,0" doraHai="38" doraHaiUra="120" who="2" fromWho="2" sc="227,-26,202,-13,318,62,243,-13" /><INIT seed="5,0,0,1,5,20" ten="201,189,380,230" oya="1" hai0="101,103,112,81,94,119,107,51,117,64,92,86,95" hai1="134,42,70,79,16,39,5,84,28,50,89,45,96" hai2="65,37,115,118,11,24,22,87,41,7,6,23,61" hai3="49,113,97,120,8,91,19,77,1,100,124,40,75"/><U72/><E134/><V13/><F118/><N who="0" m="45066" /><D51/><U34/><E70/><V35/><F115/><W71/><G113/><T3/><D64/><U31/><E96/><V114/><F114/><W52/><G40/><T110/><D3/><U74/><E5/><V25/><F6/><W0/><G0/><T38/><D38/><U130/><E130/><V10/><F10/><W69/><G1/><T59/><D59/><U46/><E79/><V33/><F87/><W36/><G36/><T30/><D30/><U83/><E31/><V122/><F122/><W104/><G120/><T54/><D54/><U108/><E108/><V127/><F127/><W98/><G124/><T85/><D110/><U53/><REACH who="1" step="1"/><E16/><REACH who="1" ten="201,179,380,230" step="2"/><V90/><F7/><W123/><G71/><T128/><D112/><U82/><E82/><V68/><F68/><W18/><G69/><T116/><D128/><U60/><E60/><V47/><F61/><W125/><G125/><T135/><D116/><U26/><AGARI ba="0,1" hai="26,28,34,39,42,45,46,50,53,72,74,83,84,89" machi="26" ten="30,6000,0" yaku="1,1,0,1,52,1,53,0" doraHai="20" doraHaiUra="63" who="1" fromWho="1" sc="201,-20,179,70,380,-20,230,-20" /><INIT seed="5,1,0,2,3,99" ten="181,249,360,210" oya="1" hai0="22,72,135,57,20,50,107,25,47,76,55,19,92" hai1="129,26,11,52,51,85,112,3,82,53,68,60,130" hai2="71,15,93,111,48,35,6,87,79,88,96,40,2" hai3="108,78,114,81,74,49,23,124,115,122,56,58,59"/><U54/><E112/><N who="3" m="43050" /><G108/><T8/><D107/><U132/><E132/><V90/><F71/><W41/><G122/><T16/><D135/><U0/><E26/><V123/><F35/><W29/><G124/><T36/><D8/><U86/><E51/><V67/><F2/><W126/><G126/><T73/><D76/><U32/><E32/><V106/><F106/><W118/><G118/><T70/><D70/><U100/><E100/><V84/><F67/><W94/><G94/><T128/><D128/><N who="1" m="49259" /><E11/><N who="2" m="4599" /><F123/><W116/><G116/><T120/><D92/><U134/><E134/><V14/><F111/><W104/><G104/><T42/><REACH who="0" step="1"/><D120/><REACH who="0" ten="171,249,360,210" step="2"/><U62/><E68/><V89/><F93/><W105/><G105/><T46/><D46/><U102/><E0/><V110/><F110/><W27/><G58/><T80/><D80/><U37/><E3/><V5/><F79/><W97/><G97/><T133/><D133/><U12/><E82/><V83/><F96/><W98/><G98/><T34/><D34/><U38/><E86/><V131/><F83/><W77/><G77/><T119/><D119/><U91/><E85/><V65/><F131/><W18/><G59/><T39/><D39/><U33/><E33/><V30/><F84/><W7/><G56/><T4/><D4/><U64/><E37/><V69/><F87/><W75/><G7/><T113/><D113/><U63/><E38/><V117/><F117/><W44/><G75/><T9/><D9/><U17/><E91/><V95/><F69/><W10/><G10/><T127/><D127/><U28/><E102/><V101/><F5/><RYUUKYOKU ba="1,1" sc="171,15,249,-15,360,-15,210,15" hai0="16,19,20,22,25,36,42,47,50,55,57,72,73" hai3="18,23,27,29,41,44,49,74,78,81" /><INIT seed="6,2,1,4,4,125" ten="186,234,345,225" oya="2" hai0="132,65,66,6,119,67,48,34,13,56,73,71,19" hai1="102,84,87,21,83,110,61,35,46,0,111,92,5" hai2="95,3,100,68,44,28,131,53,39,130,16,113,69" hai3="77,17,97,26,123,40,70,96,15,129,32,18,11"/><V75/><F75/><W112/><G123/><T49/><D34/><U51/><E35/><V79/><F3/><W59/><G70/><T94/><D73/><U107/><E5/><V90/><F100/><W115/><G129/><T80/><D71/><U88/><E0/><V22/><F79/><W58/><G77/><T52/><D132/><U134/><E134/><V63/><F28/><N who="3" m="19479" /><G40/><T42/><D119/><U43/><E107/><V109/><F109/><W91/><G18/><T62/><D80/><U85/><E85/><V121/><F121/><W135/><G135/><T72/><D94/><U103/><E111/><V47/><F69/><W93/><G96/><T81/><D81/><U50/><E110/><V76/><F76/><W120/><G120/><T122/><D72/><U7/><E7/><V64/><F39/><W127/><G127/><T1/><D6/><U101/><E21/><V78/><F78/><W126/><G126/><T20/><D1/><U41/><E61/><V8/><F8/><W106/><G106/><T2/><D2/><U124/><E124/><V12/><F63/><W133/><G133/><T117/><D117/><U89/><E103/><V86/><F22/><W99/><G99/><T24/><D122/><U36/><E36/><V25/><F86/><W105/><G105/><T38/><REACH who="0" step="1"/><D24/><REACH who="0" ten="176,234,345,225" step="2"/><U45/><AGARI ba="2,2" hai="41,43,45,46,50,51,83,84,87,88,89,92,101,102" machi="45" ten="30,7900,0" yaku="0,1,9,1,8,1,54,1" doraHai="125" who="1" fromWho="1" sc="176,-22,234,105,345,-41,225,-22" /><INIT seed="7,0,0,0,5,20" ten="154,339,304,203" oya="3" hai0="59,61,72,53,25,82,103,29,35,128,109,37,18" hai1="135,15,94,122,46,60,44,19,16,96,98,102,27" hai2="28,99,49,92,111,120,116,9,108,14,5,75,34" hai3="70,106,93,62,130,100,2,11,79,47,33,123,81"/><W54/><G106/><T134/><D109/><U32/><E135/><V56/><F75/><W39/><G33/><T121/><D121/><U12/><E122/><V8/><F116/><W88/><G100/><T107/><D134/><U42/><E42/><V104/><F104/><W51/><G130/><T115/><D115/><U52/><E96/><V0/><F120/><W69/><G123/><T43/><D128/><U67/><E32/><V21/><F56/><W114/><G114/><T68/><D18/><N who="1" m="6699" /><E27/><V38/><F38/><W86/><G39/><T133/><D133/><U41/><E41/><V58/><F34/><W30/><G30/><T63/><D43/><U36/><E36/><V64/><F0/><W125/><G125/><T83/><D37/><U31/><E31/><V71/><F71/><W90/><G62/><T13/><D13/><N who="1" m="5195" /><E52/><N who="2" m="32015" /><F108/><W57/><G57/><AGARI ba="0,0" hai="44,46,57,60,67,94,98,102" m="5195,6699" machi="57" ten="30,2000,0" yaku="8,1,54,1" doraHai="20" who="1" fromWho="3" sc="154,0,339,20,304,0,203,-20" owari="154,-35.0,359,47.0,304,10.0,183,-22.0" /></mjloggm>