<mjloggm ver="2.3"><GO type="169" lobby="0"/><UN n0="%E3%82%A6%E3%83%AB%E3%83%88%E3%83%A9%E7%AB%8B%E7%9B%B4" n1="%E3%83%89%E3%83%A9%E3%83%83%E3%82%AF%E3%82%AD%E3%83%B3%E3%82%B0" n2="%7A%65%61%6C%E2%88%AB" n3="%E3%81%AF%E3%81%A3%E3%81%A8%E3%82%8A%E3%81%B8%E3%81%84%E3%81%98" dan="16,16,17,16" rate="2132.20,2060.06,2178.84,2129.00" sx="M,M,M,M"/><TAIKYOKU oya="0"/><INIT seed="0,0,0,2,3,28" ten="250,250,250,250" oya="0" hai0="7,63,51,104,126,44,18,26,95,41,128,9,47" hai1="8,20,61,76,34,6,100,43,14,87,29,54,111" hai2="49,83,109,97,3,81,42,103,120,52,133,4,39" hai3="31,12,57,58,117,77,25,65,99,55,122,30,0"/><T37/><D104/><U53/><E111/><V64/><F109/><W96/><G0/><T73/><D73/><U115/><E100/><V48/><F120/><W114/><G114/><T13/><D126/><U45/><E115/><V82/><F39/><W50/><G122/><T110/><D128/><U131/><E131/><V5/><F64/><W11/><G77/><T112/><D112/><U15/><E61/><V127/><F3/><W107/><G117/><T108/><D63/><U72/><E72/><V36/><F36/><W59/><G65/><T21/><REACH who="0" step="1"/><D95/><REACH who="0" ten="240,250,250,250" step="2"/><U62/><E62/><V78/><F127/><W132/><G107/><T93/><D93/><U118/><E118/><V116/><F116/><W135/><G132/><T16/><D16/><U74/><E74/><V17/><F17/><W85/><G135/><T88/><D88/><U71/><E71/><V101/><F133/><W84/><G31/><T113/><D113/><U79/><E79/><V102/><F78/><W105/><G105/><T35/><D35/><U92/><E34/><V27/><F101/><W1/><G99/><T23/><D23/><U123/><E123/><V98/><F102/><W19/><G96/><T121/><D121/><U134/><E134/><V38/><F103/><W106/><G106/><T80/><D80/><N who="1" m="47495" /><E92/><V2/><F83/><W40/><G85/><T60/><D60/><U129/><E129/><V89/><F82/><W86/><G84/><T24/><D24/><U67/><E29/><V32/><F81/><W66/><G86/><T33/><D33/><U125/><E125/><V22/><F32/><RYUUKYOKU ba="0,1" sc="240,30,250,-10,250,-10,250,-10" hai0="7,9,13,18,21,26,37,41,44,47,51,108,110" /><INIT seed="0,1,1,5,1,38" ten="270,240,240,240" oya="0" hai0="101,109,62,33,89,128,6,41,87,57,25,115,84" hai1="73,0,2,58,48,119,65,68,94,90,85,39,60" hai2="61,96,14,91,36,50,45,133,95,55,122,116,113" hai3="46,28,80,1,132,13,64,108,49,26,47,107,92"/><T74/><D74/><U99/><E73/><V81/><F113/><W12/><G107/><T103/><D115/><U7/><E119/><V83/><F122/><W78/><G1/><T15/><D33/><U3/><E39/><V110/><F110/><W52/><G108/><T93/><D109/><U4/><E68/><V134/><F116/><W53/><G64/><T19/><D128/><U31/><E31/><V11/><F36/><W82/><G132/><N who="2" m="50793" /><F61/><W114/><G114/><T27/><D84/><U130/><E130/><V106/><F106/><W8/><G92/><T30/><D6/><AGARI ba="1,1" hai="6,11,14,45,50,55,81,83,91,95,96" m="50793" machi="6" ten="30,1000,0" yaku="20,1" doraHai="38" who="2" fromWho="0" sc="270,-13,240,0,240,23,240,0" /><INIT seed="1,0,0,3,1,48" ten="257,240,263,240" oya="1" hai0="107,61,34,124,39,79,123,23,64,102,77,87,116" hai1="65,15,38,117,60,133,135,36,84,54,68,112,121" hai2="44,63,62,73,56,42,83,103,92,21,26,111,50" hai3="4,76,115,57,127,120,43,2,125,86,96,130,0"/><U11/><E121/><V98/><F111/><W1/><G120/><T41/><D41/><U30/><E117/><V55/><F73/><W134/><G115/><T67/><D39/><U37/><E112/><V6/><F83/><W40/><G4/><T101/><D34/><U24/><E84/><V28/><REACH who="2" step="1"/><F6/><REACH who="2" ten="257,240,253,240" step="2"/><W110/><G110/><T45/><D123/><U104/><E135/><V78/><F78/><W49/><G134/><T88/><D79/><U20/><E133/><V25/><F25/><W91/><G130/><T132/><D77/><U70/><E104/><V122/><F122/><W19/><G76/><T72/><D107/><U118/><E118/><V126/><F126/><W80/><G125/><T51/><D72/><U95/><E95/><V22/><F22/><W10/><G127/><T35/><D35/><U113/><E113/><V100/><F100/><W75/><G75/><T128/><D128/><U52/><REACH who="1" step="1"/><E70/><REACH who="1" ten="257,230,253,240" step="2"/><V93/><F93/><W119/><G119/><T27/><D116/><U108/><E108/><V99/><F99/><W12/><G96/><T17/><D124/><U8/><E8/><V66/><F66/><W105/><G105/><T53/><D132/><U69/><E69/><V46/><F46/><W13/><G80/><N who="0" m="49255" /><D67/><U82/><E82/><V131/><F131/><W31/><G86/><T81/><D81/><U47/><E47/><V32/><F32/><W90/><G91/><T33/><D33/><U18/><AGARI ba="0,2" hai="11,15,18,20,24,30,36,37,38,52,54,60,65,68" machi="18" ten="30,18000,2" yaku="1,1,0,1,52,2,54,1,53,1" doraHai="48" doraHaiUra="58" who="1" fromWho="1" sc="257,-60,230,200,253,-60,240,-60" /><INIT seed="1,1,0,2,0,7" ten="197,430,193,180" oya="1" hai0="131,22,44,35,5,118,9,72,80,135,69,41,93" hai1="40,109,114,126,39,66,0,21,129,56,121,51,57" hai2="100,16,123,68,53,90,3,30,38,84,61,64,20" hai3="117,23,67,54,42,13,124,6,62,60,28,108,34"/><U82/><E121/><V103/><F123/><W11/><G108/><T27/><D69/><U12/><E114/><V134/><F38/><W37/><G124/><T97/><D35/><U95/><E0/><V36/><F36/><W65/><G117/><T50/><D118/><U15/><E109/><V106/><F134/><W77/><G77/><T115/><D115/><U26/><E126/><V29/><F3/><W94/><G34/><T70/><D70/><U102/><E39/><V1/><F1/><W91/><G42/><T120/><D135/><U8/><E82/><V127/><F127/><W133/><G37/><T87/><D72/><U10/><E129/><V32/><F53/><W76/><G76/><T71/><D71/><U125/><E125/><V107/><F107/><W104/><G104/><T14/><D131/><U18/><E102/><V43/><F43/><W86/><G133/><T96/><D93/><U111/><E95/><V79/><F79/><W89/><G89/><N who="0" m="51431" /><D120/><U17/><E111/><V59/><F68/><W116/><G116/><T119/><D119/><U113/><E113/><V46/><F46/><W48/><G67/><T83/><D83/><U78/><E78/><V122/><F122/><W85/><G65/><T49/><D49/><U58/><E66/><V132/><F132/><W112/><G86/><T24/><D24/><U19/><E40/><V4/><F106/><W92/><G92/><T105/><D105/><U47/><E47/><V25/><F32/><W31/><G112/><T110/><D110/><U45/><E45/><V63/><F103/><W33/><G33/><RYUUKYOKU ba="1,0" sc="197,15,430,15,193,-15,180,-15" hai0="5,9,14,22,27,41,44,50,96,97" hai1="8,10,12,15,17,18,19,21,26,51,56,57,58" /><INIT seed="1,2,0,1,4,28" ten="212,445,178,165" oya="1" hai0="61,47,129,65,21,30,14,45,58,124,101,51,26" hai1="94,6,84,12,54,73,69,55,87,83,5,82,78" hai2="85,3,29,40,126,36,68,77,16,127,128,134,113" hai3="22,2,75,38,93,0,67,24,114,31,15,23,72"/><U119/><E69/><V90/><F68/><W123/><G123/><T39/><D124/><U37/><E37/><V98/><F3/><W110/><G110/><T105/><D129/><U70/><E70/><V107/><F134/><W46/><G114/><T115/><D115/><U18/><E119/><V66/><F66/><W63/><G93/><T60/><D39/><U74/><E94/><V133/><F133/><W44/><G67/><T34/><D61/><U117/><E117/><V17/><F128/><W59/><G38/><T125/><D125/><U121/><E121/><V79/><F29/><W88/><G63/><T9/><D51/><U1/><E1/><V20/><F36/><W89/><G31/><T8/><D8/><U80/><E80/><N who="2" m="49447" /><F40/><W32/><G15/><T43/><D43/><U41/><E41/><V27/><F113/><W103/><G59/><T25/><D25/><U62/><E62/><V91/><F17/><W106/><G24/><T52/><D65/><U56/><E56/><V132/><F132/><W7/><G103/><T95/><D105/><U57/><E57/><V42/><F42/><W108/><G108/><T97/><REACH who="0" step="1"/><D34/><REACH who="0" ten="202,445,178,165" step="2"/><U92/><E55/><V64/><F64/><W131/><G131/><T100/><D100/><U50/><E54/><V11/><F11/><W48/><G48/><T130/><D130/><U109/><E50/><V118/><F118/><W33/><G7/><AGARI ba="2,1" hai="7,9,14,21,26,30,45,47,52,58,60,95,97,101" machi="7" ten="30,8000,1" yaku="1,1,7,1,8,1,54,1,53,1" doraHai="28" doraHaiUra="19" who="0" fromWho="3" sc="202,96,445,0,178,0,165,-86" /><INIT seed="2,0,0,5,4,132" ten="298,445,178,79" oya="2" hai0="133,106,33,100,61,94,73,30,120,34,123,54,125" hai1="115,124,84,4,110,2,3,107,32,128,43,109,44" hai2="51,85,92,10,20,53,91,12,102,135,90,18,42" hai3="7,8,64,99,40,16,127,55,13,27,46,108,78"/><V83/><F135/><W35/><G108/><T77/><D54/><U17/><E107/><V131/><F131/><W21/><G64/><T36/><D61/><U79/><E32/><V59/><F42/><W97/><G78/><T74/><D36/><U87/><E128/><V126/><F102/><W28/><G55/><T49/><D49/><U60/><E60/><V14/><F126/><W105/><G105/><T72/><D30/><U112/><E124/><V15/><REACH who="2" step="1"/><F10/><REACH who="2" ten="298,445,168,79" step="2"/><W89/><G127/><T6/><D125/><U9/><E43/><V93/><F93/><W41/><G41/><T31/><D94/><U121/><E9/><V113/><F113/><W134/><G134/><T57/><D100/><U45/><E112/><V39/><F39/><W129/><G129/><T1/><D106/><U71/><E115/><V76/><F76/><W70/><G70/><T19/><D77/><U58/><E71/><V95/><F95/><W75/><G89/><T29/><D133/><U38/><E38/><V23/><F23/><W101/><G101/><T82/><D34/><U88/><E79/><V11/><F11/><W52/><G75/><T50/><D33/><U69/><E69/><V122/><F122/><W118/><G118/><T114/><D73/><U117/><E121/><V5/><F5/><W119/><G119/><T25/><D74/><U66/><E117/><V48/><F48/><N who="3" m="28695" /><G40/><T22/><D120/><U56/><E4/><V98/><AGARI ba="0,1" hai="12,14,15,18,20,51,53,59,83,85,90,91,92,98" machi="98" ten="20,12000,1" yaku="1,1,0,1,7,1,8,1,53,1" doraHai="132" doraHaiUra="81" who="2" fromWho="2" sc="298,-40,445,-40,168,130,79,-40" /><INIT seed="2,1,0,2,1,37" ten="258,405,298,39" oya="2" hai0="72,91,89,56,73,104,80,130,42,68,102,82,117" hai1="125,28,49,59,35,92,134,118,121,43,48,63,112" hai2="99,105,53,22,119,5,67,111,108,129,83,77,7" hai3="96,75,4,11,64,25,13,107,12,76,15,133,19"/><V21/><F119/><W78/><G133/><T88/><D68/><U61/><E118/><V84/><F67/><W132/><G132/><T71/><D71/><U38/><E134/><V9/><F129/><W87/><G75/><N who="0" m="28747" /><D56/><U17/><E121/><V20/><F53/><W120/><G120/><T94/><D42/><U126/><E112/><V93/><F105/><W110/><G110/><N who="2" m="42025" /><F9/><W55/><G64/><T100/><D117/><U51/><E35/><V1/><F1/><W115/><G115/><T32/><D32/><U14/><E28/><V98/><F98/><W33/><G96/><N who="0" m="61511" /><D130/><U69/><E69/><V36/><F36/><W0/><G107/><T6/><D6/><U16/><E38/><V29/><F29/><N who="3" m="19631" /><G87/><T85/><D85/><U122/><E122/><V46/><F46/><W3/><G55/><T101/><D101/><AGARI ba="1,0" hai="5,7,20,21,22,77,83,84,93,99,101" m="42025" machi="101" ten="30,2900,0" yaku="14,1,10,1" doraHai="37" who="2" fromWho="0" sc="258,-32,405,0,298,32,39,0" /><INIT seed="2,2,0,4,4,112" ten="226,405,330,39" oya="2" hai0="90,98,100,61,109,89,128,135,37,70,27,18,113" hai1="22,103,96,6,33,82,24,4,2,133,116,43,23" hai2="16,71,87,105,125,121,115,51,0,42,25,67,110" hai3="68,5,20,46,95,120,93,86,118,72,45,50,62"/><V119/><F115/><W17/><G72/><T10/><D37/><U131/><E43/><V80/><F121/><W12/><G120/><T79/><D113/><U56/><E82/><V48/><F105/><W73/><G73/><T127/><D109/><U65/><E33/><V47/><F0/><W129/><G129/><T85/><D128/><U19/><E2/><V1/><F1/><W34/><G34/><T49/><D127/><U108/><E133/><V40/><F125/><W52/><G118/><T66/><D135/><U76/><E108/><V92/><F119/><W84/><G68/><T58/><D79/><U36/><E76/><V54/><F92/><W9/><G62/><T122/><D122/><U41/><E41/><N who="2" m="24687" /><F67/><W53/><G95/><T11/><D49/><U101/><E116/><V132/><F71/><W30/><G30/><T126/><D126/><U130/><E36/><V83/><F83/><W78/><G93/><N who="0" m="58447" /><D70/><U14/><E131/><V44/><F132/><W94/><G94/><N who="0" m="54575" /><D90/><U35/><E130/><V3/><F3/><W124/><G124/><T111/><D111/><U91/><E35/><V57/><F44/><W38/><G78/><T28/><D28/><N who="1" m="17431" /><E91/><N who="2" m="51687" /><F110/><W114/><G114/><T77/><D77/><U107/><E101/><V15/><F25/><N who="3" m="14479" /><G38/><T39/><D39/><U31/><E31/><V99/><F99/><W102/><G102/><T134/><D134/><U123/><E123/><V117/><F117/><W13/><G13/><N who="0" m="7479" /><D27/><U64/><E56/><V74/><F74/><W60/><G46/><T8/><AGARI ba="2,0" hai="8,11,58,61,66" m="7479,54575,58447" machi="8" ten="30,1100,0" yaku="8,1" doraHai="112" who="0" fromWho="0" sc="226,17,405,-5,330,-7,39,-5" /><INIT seed="3,0,0,5,0,67" ten="243,400,323,34" oya="3" hai0="5,128,93,25,68,24,26,34,47,50,27,95,125" hai1="118,114,92,37,135,117,35,52,71,29,108,115,8" hai2="23,3,88,116,101,49,46,21,63,15,18,102,56" hai3="65,9,45,127,113,14,83,96,0,22,1,33,130"/><W94/><G113/><T98/><D125/><U54/><E37/><V51/><F3/><W48/><G33/><T105/><D105/><U132/><E108/><V123/><F116/><N who="1" m="44649" /><E35/><V57/><F123/><W60/><G127/><T85/><D128/><U40/><E29/><V41/><F23/><W131/><G22/><T100/><D68/><U28/><E28/><V133/><F133/><N who="1" m="51273" /><E40/><V4/><F4/><W124/><G83/><T10/><D34/><U84/><E8/><V129/><F129/><N who="3" m="49163" /><G124/><T86/><N who="0" m="6144" /><DORA hai="16" /><T32/><D93/><U59/><E71/><V110/><F110/><W77/><G77/><T78/><D78/><U107/><E107/><V31/><F31/><W39/><G39/><T121/><D32/><U43/><E43/><V13/><F41/><N who="3" m="24623" /><G94/><T62/><D121/><U82/><E92/><V38/><F38/><W44/><G44/><T126/><D126/><U99/><E99/><V122/><F46/><W120/><G96/><T111/><D111/><U76/><E54/><V90/><F122/><W80/><G80/><T81/><D81/><U104/><E104/><V70/><F70/><N who="3" m="42279" /><G120/><T74/><D95/><U75/><E84/><V42/><F42/><W109/><G109/><T58/><D86/><U20/><E20/><V79/><F21/><W89/><G89/><T61/><D85/><U30/><E30/><V112/><F79/><W72/><G72/><T64/><D74/><U17/><E17/><AGARI ba="0,0" hai="0,1,9,14,17" m="42279,24623,49163" machi="17" ten="30,2900,0" yaku="19,1,52,1" doraHai="67,16" who="3" fromWho="1" sc="243,0,400,-29,323,0,34,29" /><INIT seed="3,1,0,4,4,123" ten="243,371,323,63" oya="3" hai0="134,71,91,119,125,106,49,25,75,108,63,56,131" hai1="15,135,58,110,95,64,51,36,29,39,20,79,13" hai2="107,121,103,85,96,65,22,82,41,27,24,18,128" hai3="78,109,5,88,4,104,87,48,42,105,77,80,21"/><W60/><G60/><T37/><RYUUKYOKU type="yao9" ba="1,0" sc="243,0,371,0,323,0,63,0" hai0="25,37,49,56,63,71,75,91,106,108,119,125,131,134" /><INIT seed="3,2,0,5,0,33" ten="243,371,323,63" oya="3" hai0="45,74,16,123,54,51,47,105,127,67,60,15,80" hai1="4,25,70,76,122,92,126,113,131,75,57,135,106" hai2="104,96,2,50,23,5,133,28,17,14,132,71,72" hai3="37,83,84,12,85,134,98,103,35,68,13,107,109"/><W19/><G134/><N who="2" m="51817" /><F71/><W9/><G37/><T52/><D105/><U40/><E70/><V69/><F69/><W56/><G68/><T79/><D123/><U66/><E106/><V29/><F72/><W48/><G35/><T41/><D127/><U94/><E40/><V8/><F50/><W118/><G118/><T62/><D67/><U58/><E126/><V0/><F96/><W53/><G109/><T38/><REACH who="0" step="1"/><D54/><REACH who="0" ten="233,371,323,63" step="2"/><U55/><E55/><V31/><F104/><W130/><G130/><T114/><D114/><U110/><E131/><V7/><F7/><W3/><G13/><AGARI ba="2,1" hai="0,2,5,8,13,14,17,23,28,29,31" m="51817" machi="13" ten="30,8000,1" yaku="20,1,34,2,52,2" doraHai="33" who="2" fromWho="3" sc="233,0,371,0,323,96,63,-86" owari="233,-17.0,371,17.0,419,52.0,-23,-52.0" /></mjloggm>