<mjloggm ver="2.3"><GO type="97" lobby="0"/><UN n0="%E6%98%9F%E7%A5%AD" n1="%E5%B0%B1%E6%B4%BB%E7%94%9F%40%E5%B7%9D%E6%9D%91%E8%BB%8D%E5%9B%A3" n2="%E6%BA%80%E8%B2%AB%E3%83%9F%E3%83%83%E3%83%89%E3%83%8A%E3%82%A4%E3%83%88" n3="%75%72%62%61%6E%69%74%79" dan="13,13,13,14" rate="1800.95,1854.07,1871.36,1897.48" sx="M,M,M,M"/><TAIKYOKU oya="0"/><INIT seed="0,0,0,0,2,2" ten="250,250,250,250" oya="0" hai0="7,82,87,102,32,127,21,39,88,80,53,14,48" hai1="44,95,76,50,69,74,36,6,51,45,33,91,107" hai2="97,61,13,56,110,42,38,115,93,62,132,3,0" hai3="96,57,55,65,58,121,114,100,118,89,98,125,52"/><T29/><D39/><U71/><E107/><V23/><F115/><W109/><G118/><T120/><D120/><U66/><E33/><V78/><F132/><W101/><G114/><T83/><D127/><U111/><E111/><V126/><F126/><W1/><G125/><T75/><D75/><U94/><E36/><V129/><F78/><W15/><G1/><T9/><D32/><U30/><E30/><V84/><F110/><W18/><G121/><T106/><D106/><U28/><E28/><V47/><F84/><W70/><G70/><T20/><D102/><U41/><E74/><V59/><F129/><W130/><G130/><T64/><D64/><U86/><E76/><V60/><F3/><W40/><G40/><T24/><REACH who="0" step="1"/><D21/><REACH who="0" ten="240,250,250,250" step="2"/><U103/><E66/><V81/><F23/><W73/><G101/><T124/><D124/><U4/><E69/><V31/><F38/><W112/><G73/><T116/><D116/><U11/><E71/><V133/><F133/><W26/><G100/><T135/><D135/><U77/><E77/><V54/><F62/><W63/><G112/><T79/><D79/><U12/><E103/><V108/><F108/><W46/><G65/><T104/><D104/><U5/><REACH who="1" step="1"/><E95/><REACH who="1" ten="240,240,250,250" step="2"/><V35/><F93/><W90/><G109/><T123/><D123/><U67/><E67/><V92/><F92/><W25/><G98/><T117/><D117/><U122/><E122/><V10/><F97/><W99/><G96/><T22/><D22/><U49/><E49/><V72/><F35/><W113/><G99/><T105/><D105/><U43/><AGARI ba="0,2" hai="4,5,6,11,12,41,43,44,45,50,51,86,91,94" machi="43" ten="20,16000,3" yaku="1,1,5,1,0,1,7,1,9,1,8,1,52,3,53,0" doraHai="2" doraHaiUra="68" who="1" fromWho="1" sc="240,-80,240,180,250,-40,250,-40" /><INIT seed="1,0,0,1,0,104" ten="160,420,210,210" oya="1" hai0="39,66,55,4,74,19,9,64,7,112,127,120,35" hai1="26,22,61,109,119,84,45,121,99,85,47,58,33" hai2="53,81,2,89,21,108,31,110,63,8,65,133,101" hai3="38,79,86,20,80,111,27,106,83,36,131,70,50"/><U103/><E33/><V5/><F133/><W72/><G70/><T135/><D39/><U51/><E119/><V49/><F101/><W118/><G106/><T102/><D112/><U52/><E121/><V17/><F31/><W134/><G134/><T3/><D35/><U132/><E132/><V87/><F65/><W56/><G118/><T78/><D135/><U25/><E109/><N who="2" m="42091" /><F63/><W59/><G111/><T88/><D120/><U10/><E10/><V0/><F0/><W11/><G131/><T43/><D7/><U29/><E26/><N who="2" m="14639" /><F49/><W82/><G11/><T115/><D115/><U71/><E71/><V24/><F24/><W92/><G92/><T44/><D102/><U116/><E116/><V12/><F53/><W32/><G32/><T46/><D19/><U42/><REACH who="1" step="1"/><E45/><REACH who="1" ten="160,410,210,210" step="2"/><V125/><F2/><W117/><G117/><T18/><D44/><U67/><E67/><V97/><F125/><W123/><G123/><T114/><D127/><U126/><E126/><V122/><F122/><W6/><G6/><T93/><D46/><U54/><E54/><V91/><F5/><W129/><G129/><T128/><D55/><U96/><E96/><V73/><F8/><W60/><G59/><T75/><D9/><U28/><E28/><V130/><F97/><W68/><G56/><T105/><D4/><U48/><E48/><V69/><F130/><W1/><G68/><T23/><D64/><U98/><E98/><V15/><F69/><W13/><G20/><T95/><D66/><U100/><E100/><V94/><F73/><W14/><G72/><T41/><D75/><RYUUKYOKU ba="0,1" sc="160,-15,410,15,210,15,210,-15" hai1="22,25,29,42,47,51,52,58,61,84,85,99,103" hai2="12,15,81,87,89,91,94" /><INIT seed="1,1,1,0,1,0" ten="145,425,225,195" oya="1" hai0="73,87,29,40,19,131,76,100,115,88,63,77,16" hai1="38,78,102,106,125,70,59,69,31,127,93,33,50" hai2="1,61,27,11,65,12,119,84,104,55,58,4,68" hai3="3,103,2,117,60,56,111,30,52,123,22,62,5"/><U57/><E38/><V47/><F104/><W32/><G123/><T54/><D115/><U23/><E106/><V15/><F119/><W17/><G32/><T99/><D131/><U74/><E33/><V134/><F134/><W130/><G30/><T26/><D40/><U112/><E112/><V20/><F47/><W42/><G130/><T133/><D133/><U46/><E74/><V124/><F124/><N who="1" m="47689" /><E78/><V83/><F68/><N who="1" m="26217" /><E31/><V91/><REACH who="2" step="1"/><F65/><REACH who="2" ten="145,425,215,195" step="2"/><W101/><G117/><T89/><D73/><U44/><E44/><V86/><F86/><W9/><G111/><T110/><D110/><U82/><E57/><V79/><F79/><W97/><G42/><T35/><D76/><U113/><E59/><V118/><F118/><W126/><G56/><T72/><D77/><U85/><E46/><V135/><F135/><W98/><G126/><T34/><D72/><U53/><E85/><V64/><F64/><W8/><G97/><T10/><D87/><U92/><E113/><V81/><F81/><W94/><G98/><T107/><D99/><U122/><E93/><V109/><F109/><W96/><G94/><T90/><D107/><U6/><E92/><V37/><F37/><W67/><G96/><T116/><D116/><U45/><E82/><V132/><F132/><W66/><G67/><T41/><D41/><U108/><E45/><V105/><F105/><W71/><G66/><T13/><D100/><U120/><E108/><V14/><F14/><W75/><G103/><T7/><REACH who="0" step="1"/><D35/><REACH who="0" ten="135,425,215,195" step="2"/><U39/><E122/><V24/><F24/><W49/><G101/><T128/><D128/><RYUUKYOKU ba="1,3" sc="135,15,425,-15,215,15,195,-15" hai0="7,10,13,16,19,26,29,34,54,63,88,89,90" hai2="1,4,11,12,15,20,27,55,58,61,83,84,91" /><INIT seed="2,2,3,0,1,14" ten="150,410,230,180" oya="2" hai0="91,101,130,28,62,134,84,37,52,8,39,47,49" hai1="41,67,131,108,40,53,13,34,20,44,69,59,24" hai2="118,12,90,31,29,112,16,100,93,48,33,42,77" hai3="110,1,85,102,3,76,46,7,113,120,4,26,55"/><V124/><F112/><W25/><G120/><T92/><D130/><U43/><E34/><V127/><F118/><W56/><G110/><T114/><D114/><U36/><E131/><V18/><F77/><W35/><G113/><T89/><D134/><U129/><E129/><V97/><F12/><W119/><G119/><T51/><D28/><N who="2" m="10826" /><F33/><W87/><G102/><T99/><D89/><U117/><E117/><V9/><F9/><W5/><G46/><T71/><D49/><N who="1" m="31151" /><E108/><V133/><F133/><W128/><G128/><T60/><D8/><U75/><E75/><V54/><F42/><W125/><G125/><N who="2" m="48201" /><F100/><W10/><G10/><T0/><D0/><U103/><E13/><V19/><F19/><W11/><G11/><T106/><REACH who="0" step="1"/><D71/><REACH who="0" ten="140,410,230,180" step="2"/><U73/><E69/><V94/><F93/><W50/><G1/><T63/><AGARI ba="2,4" hai="37,39,47,51,52,60,62,63,84,91,92,99,101,106" machi="63" ten="30,7900,0" yaku="1,1,2,1,0,1,54,1,53,0" doraHai="14" doraHaiUra="23" who="0" fromWho="0" sc="140,125,410,-22,230,-41,180,-22" /><INIT seed="3,0,0,1,3,36" ten="265,388,189,158" oya="3" hai0="105,15,130,133,3,85,117,30,79,48,57,22,33" hai1="5,69,86,89,42,25,9,14,35,27,99,64,104" hai2="16,94,77,51,122,108,63,47,129,92,97,80,58" hai3="65,103,21,120,7,128,45,39,29,106,59,1,132"/><W135/><G120/><T90/><D105/><U13/><E35/><V52/><F108/><W87/><G128/><T60/><D130/><U84/><E69/><V19/><F129/><W81/><G106/><T116/><D3/><U54/><E64/><N who="2" m="39031" /><F122/><W40/><G103/><T93/><D79/><U78/><E42/><V121/><F121/><W10/><G29/><T71/><D133/><N who="3" m="51273" /><G21/><T113/><D113/><U102/><E54/><V24/><F80/><W72/><G72/><T115/><D115/><U119/><E119/><V55/><F77/><N who="3" m="46511" /><G59/><T8/><D71/><U127/><E127/><V50/><F24/><W124/><G65/><T6/><D33/><U118/><E118/><V38/><F38/><W112/><G112/><T28/><D48/><U131/><E131/><V68/><F68/><W41/><G41/><T95/><D117/><U11/><E78/><V17/><F97/><W114/><G114/><T91/><D116/><U31/><E31/><V44/><AGARI ba="0,0" hai="16,17,19,44,47,50,51,52,55,92,94" m="39031" machi="44" ten="30,4000,0" yaku="8,1,54,2" doraHai="36" who="2" fromWho="2" sc="265,-10,388,-10,189,40,158,-20" owari="255,6.0,378,47.0,229,-17.0,138,-36.0" /></mjloggm>