<mjloggm ver="2.3"><GO type="97" lobby="0"/><UN n0="%E3%83%9C%E3%83%BC%E3%82%A4%E5%90%9B" n1="%E3%82%A6%E3%83%AB%E3%83%88%E3%83%A9%E7%AB%8B%E7%9B%B4" n2="%42%45%45%4E%53%64%65%67" n3="%E3%82%B0%E3%83%AA%E3%83%95%E3%82%A3%E3%82%B9" dan="14,14,14,15" rate="1994.71,1967.25,1909.21,1969.48" sx="M,M,M,M"/><TAIKYOKU oya="0"/><INIT seed="0,0,0,2,3,117" ten="250,250,250,250" oya="0" hai0="72,107,33,124,17,59,39,29,95,43,12,82,113" hai1="25,52,13,114,84,48,91,105,119,9,98,6,14" hai2="0,75,20,18,116,21,38,81,71,23,110,123,94" hai3="129,35,10,31,79,88,100,3,131,92,99,112,134"/><T97/><D113/><U44/><E119/><V135/><F116/><W47/><G112/><T46/><D107/><U80/><E114/><V120/><F0/><W125/><G79/><T58/><D124/><U8/><E25/><V51/><F38/><W127/><G35/><T121/><D121/><U133/><E133/><V126/><F126/><N who="3" m="48139" /><G31/><T69/><D69/><U65/><E65/><V5/><F5/><N who="3" m="1343" /><G47/><T62/><D59/><U28/><E28/><V78/><F135/><W132/><G100/><T83/><D72/><U96/><REACH who="1" step="1"/><E105/><REACH who="1" ten="250,240,250,250" step="2"/><V67/><F110/><W16/><G16/><AGARI ba="0,1" hai="6,8,9,13,14,16,44,48,52,80,84,91,96,98" machi="16" ten="30,16000,3" yaku="1,1,2,1,7,1,25,2,8,1,54,2,53,1" doraHai="117" doraHaiUra="49" who="1" fromWho="3" sc="250,0,240,170,250,0,250,-160" /><INIT seed="1,0,0,5,3,29" ten="250,410,250,90" oya="1" hai0="110,105,74,94,64,81,118,77,99,56,44,128,47" hai1="3,131,62,78,90,20,97,83,93,125,112,40,61" hai2="19,111,11,18,21,126,12,72,7,89,57,129,103" hai3="124,51,50,70,4,1,135,88,107,36,66,102,109"/><U42/><E3/><V60/><F72/><W16/><G36/><T95/><D118/><U63/><E112/><V106/><F126/><W122/><G124/><T86/><D110/><U91/><E125/><V37/><F111/><W73/><G73/><T132/><D128/><U98/><E131/><V101/><F129/><W13/><G109/><T39/><D132/><U15/><E78/><V28/><F37/><W100/><G122/><T10/><D10/><U69/><E69/><V92/><F28/><W104/><G1/><T65/><D94/><U2/><E2/><V32/><F32/><W96/><G4/><T55/><D105/><U123/><E123/><V14/><F106/><W0/><G0/><T35/><D35/><U54/><E54/><V22/><F7/><W119/><G119/><T127/><D74/><U9/><E20/><V25/><F11/><W117/><G135/><T76/><D76/><U84/><REACH who="1" step="1"/><E98/><REACH who="1" ten="250,400,250,90" step="2"/><V31/><F25/><W59/><G70/><T80/><D127/><U49/><E49/><V116/><F116/><W23/><G117/><T24/><D39/><U26/><E26/><V79/><F79/><W130/><G130/><T34/><D24/><U71/><E71/><V58/><F31/><W30/><G30/><T68/><D34/><U87/><E87/><N who="2" m="52287" /><F60/><N who="3" m="38175" /><G107/><T115/><D68/><U108/><E108/><V38/><F38/><W133/><G133/><T52/><D115/><U27/><E27/><V8/><F22/><W120/><G120/><T17/><D55/><U113/><E113/><V53/><F53/><W41/><G104/><T48/><D65/><RYUUKYOKU ba="0,1" sc="250,-15,400,15,250,15,90,-15" hai1="9,15,40,42,61,62,63,83,84,90,91,93,97" hai2="8,12,14,18,19,21,57,58,101,103" /><INIT seed="1,1,1,0,4,100" ten="235,415,265,75" oya="1" hai0="22,79,35,83,21,36,99,34,125,58,52,38,6" hai1="105,98,89,27,106,67,85,75,46,15,126,69,131" hai2="48,20,65,72,25,117,130,87,120,108,113,60,115" hai3="8,37,44,110,4,3,76,90,127,91,24,116,71"/><U111/><E15/><V28/><F72/><W109/><G71/><T33/><D125/><U81/><E46/><V13/><F117/><W7/><G116/><T134/><D134/><U88/><E27/><V123/><F130/><W14/><G127/><T92/><D6/><U78/><E67/><V122/><F108/><N who="3" m="41579" /><G24/><T32/><N who="0" m="8704" /><DORA hai="74" /><T104/><D104/><N who="1" m="40043" /><E69/><V112/><F13/><W53/><G7/><T132/><D132/><U77/><E111/><V96/><F96/><W103/><G103/><T95/><D36/><U1/><E1/><V62/><F48/><N who="3" m="28807" /><G37/><T29/><D38/><U31/><E31/><V12/><F12/><W63/><G63/><T16/><D29/><U84/><E126/><V39/><F39/><W128/><G128/><T121/><D121/><U124/><E124/><V45/><F45/><W54/><G54/><T70/><D70/><U129/><E98/><V19/><F65/><W49/><G49/><T51/><D99/><U94/><E75/><V0/><F0/><W64/><G64/><T93/><REACH who="0" step="1"/><D16/><REACH who="0" ten="225,415,265,75" step="2"/><U73/><E131/><V43/><F28/><W118/><G118/><T68/><D68/><U66/><E129/><V59/><F123/><W47/><G3/><T10/><D10/><U55/><E66/><N who="2" m="39199" /><F122/><W119/><G119/><T57/><D57/><U41/><E41/><V9/><F43/><W18/><G4/><T86/><AGARI ba="1,2" hai="21,22,51,52,58,79,83,86,92,93,95" m="8704" machi="86" ten="60,8000,1" yaku="1,1,0,1,52,1,54,1,53,0" doraHai="100,74" doraHaiUra="56,133" who="0" fromWho="0" sc="225,103,415,-41,265,-21,75,-21" /><INIT seed="2,0,0,0,5,125" ten="328,374,244,54" oya="2" hai0="25,19,51,92,97,105,114,55,75,78,111,133,94" hai1="132,13,99,118,16,93,46,116,96,14,103,117,11" hai2="100,44,26,107,30,76,49,20,5,8,34,112,121" hai3="81,15,57,33,87,1,3,24,43,91,40,79,104"/><V126/><F112/><W84/><G104/><T108/><D114/><U17/><E132/><V0/><F121/><W47/><G40/><T106/><D133/><U62/><E62/><V48/><F126/><W120/><G120/><T113/><D113/><U64/><E64/><V85/><F100/><W22/><G33/><T6/><D6/><U21/><E46/><V131/><F107/><W63/><G15/><T102/><D106/><U67/><E67/><V134/><F134/><W110/><G110/><N who="0" m="42027" /><D78/><U37/><E37/><V86/><F76/><W2/><G63/><T95/><D75/><U66/><E66/><V128/><F34/><W58/><G79/><T42/><D42/><U28/><E28/><V52/><F48/><W72/><G72/><T124/><D124/><U4/><E4/><V68/><F68/><W69/><G87/><T9/><D9/><U60/><E60/><V83/><BYE who="1" /><F83/><W12/><G12/><T54/><D51/><U109/><E109/><V122/><REACH who="2" step="1"/><F122/><REACH who="2" ten="328,374,234,54" step="2"/><W36/><REACH who="3" step="1"/><G69/><REACH who="3" ten="328,374,234,44" step="2"/><UN n1="%E3%82%A6%E3%83%AB%E3%83%88%E3%83%A9%E7%AB%8B%E7%9B%B4" /><T98/><D98/><U71/><E99/><V39/><F39/><W18/><AGARI ba="0,2" hai="1,2,3,18,22,24,36,43,47,57,58,81,84,91" machi="18" ten="30,7900,0" yaku="1,1,2,1,0,1,53,1" doraHai="125" doraHaiUra="77" who="3" fromWho="3" sc="328,-20,374,-20,234,-39,44,99" /><INIT seed="3,0,0,0,2,34" ten="308,354,195,143" oya="3" hai0="56,19,122,79,3,119,104,27,6,110,33,70,46" hai1="114,96,91,4,31,63,50,86,95,1,51,100,21" hai2="131,11,81,8,74,16,73,113,65,108,135,85,125" hai3="35,87,17,126,121,2,109,25,53,32,23,37,77"/><W111/><G37/><T7/><D56/><U101/><E114/><V120/><F113/><W49/><G121/><T44/><D79/><U78/><E1/><V24/><F120/><W129/><G129/><T42/><D46/><U83/><E4/><N who="0" m="1577" /><D44/><U98/><E63/><V107/><F131/><W92/><G2/><T123/><D42/><U28/><E78/><V116/><F116/><W68/><G68/><T54/><D54/><U84/><E84/><V20/><F108/><N who="3" m="41547" /><G126/><T112/><D104/><U130/><E130/><V93/><F107/><W43/><G43/><T39/><D70/><U5/><E5/><V64/><F135/><W40/><G40/><T105/><D105/><U67/><E67/><N who="2" m="25675" /><F74/><W47/><G92/><T30/><D39/><U103/><E95/><V52/><F73/><W45/><G47/><T36/><D36/><U0/><E0/><V22/><F125/><W133/><G133/><T59/><D59/><U18/><E31/><N who="2" m="17799" /><F93/><W128/><G128/><T97/><D3/><U41/><E28/><V55/><F11/><W15/><G15/><T94/><D110/><U69/><E69/><V75/><F8/><W72/><G72/><T60/><D112/><U71/><E71/><V124/><F124/><W134/><G134/><T80/><D119/><U10/><E10/><V57/><F75/><W58/><G45/><T102/><D80/><AGARI ba="0,0" hai="17,23,25,32,35,49,53,58,77,80,87" m="41547" machi="80" ten="30,2900,0" yaku="14,1,10,1" doraHai="34" who="3" fromWho="0" sc="308,-29,354,0,195,0,143,29" /><INIT seed="3,1,0,5,2,66" ten="279,354,195,172" oya="3" hai0="76,3,71,46,116,30,82,0,128,135,74,34,77" hai1="122,11,120,57,89,68,38,81,36,90,104,59,61" hai2="40,45,134,18,109,51,25,72,88,133,86,130,85" hai3="95,94,115,12,107,78,10,55,67,42,119,65,39"/><W118/><G107/><T4/><D116/><U79/><E68/><V92/><F72/><W19/><G115/><T75/><D128/><U113/><E11/><V22/><F130/><W127/><G119/><T17/><D17/><U99/><E61/><V126/><F126/><W52/><G118/><T63/><D135/><N who="2" m="51722" /><F109/><W48/><G127/><T123/><D123/><U112/><E81/><V8/><F8/><W33/><G33/><T21/><D21/><U124/><E79/><V125/><F125/><W129/><G78/><T111/><D111/><U37/><E37/><V91/><F91/><W41/><G39/><T43/><D76/><U101/><E124/><V14/><F86/><W13/><G129/><T98/><D98/><U114/><E114/><V108/><F108/><W31/><G31/><T105/><D75/><U7/><E99/><V9/><F9/><W53/><G13/><AGARI ba="1,0" hai="13,14,18,22,25,40,45,51,85,88,92" m="51722" machi="13" ten="30,2000,0" yaku="20,1,54,1" doraHai="66" who="2" fromWho="3" sc="279,0,354,0,195,23,172,-23" owari="279,8.0,354,45.0,218,-18.0,149,-35.0" /></mjloggm>