<mjloggm ver="2.3"><GO type="169" lobby="0"/><UN n0="%6B%6C%62%73%74%38%38" n1="%E3%82%84%E3%81%9F%E3%82%B1%E3%83%B3" n2="%6E%69%63%6B%2E" n3="%E3%82%A6%E3%83%AB%E3%83%88%E3%83%A9%E7%AB%8B%E7%9B%B4" dan="17,16,16,17" rate="2109.44,2118.89,2135.51,2169.07" sx="M,F,M,M"/><TAIKYOKU oya="0"/><INIT seed="0,0,0,4,3,111" ten="250,250,250,250" oya="0" hai0="46,29,34,90,119,109,25,123,126,113,81,71,15" hai1="45,37,4,53,47,68,20,54,79,104,107,118,21" hai2="69,38,130,59,100,8,75,114,17,122,127,30,105" hai3="12,132,76,128,78,94,134,80,32,35,91,0,102"/><T129/><D46/><U99/><E99/><V57/><F122/><W112/><G0/><T101/><D81/><U125/><E4/><V49/><F38/><W97/><G12/><T31/><D90/><U110/><E79/><N who="3" m="30250" /><G32/><T92/><D92/><U121/><E37/><V14/><F69/><W3/><G35/><T39/><D101/><U51/><E51/><V131/><F75/><W60/><G60/><T108/><D15/><U72/><E72/><V83/><F83/><W1/><G1/><T11/><D11/><U84/><E121/><V87/><F87/><N who="3" m="50663" /><G3/><T116/><D39/><U63/><E68/><V74/><F74/><W16/><G16/><T65/><D65/><U26/><E26/><V23/><F30/><W48/><G48/><T22/><D71/><U41/><E63/><V55/><F8/><W33/><G33/><T24/><D123/><U73/><E73/><V133/><F57/><W19/><G19/><T27/><D126/><U85/><E125/><V50/><F127/><W42/><G42/><T10/><D10/><U44/><E44/><V52/><F50/><W28/><G28/><N who="0" m="19743" /><D129/><N who="2" m="49162" /><F55/><W135/><G128/><T106/><D106/><U96/><E96/><N who="2" m="61575" /><F133/><W56/><G56/><T61/><D61/><U95/><E41/><V89/><F89/><W117/><G117/><N who="0" m="45131" /><D31/><U62/><E62/><V124/><F124/><W7/><G7/><T86/><D29/><U18/><E118/><V115/><AGARI ba="0,0" hai="14,17,23,49,52,59,114,115" m="61575,49162" machi="115" ten="30,7900,0" yaku="19,1,52,2,54,1" doraHai="111" who="2" fromWho="2" sc="250,-39,250,-20,250,79,250,-20" /><INIT seed="1,0,0,5,1,1" ten="211,230,329,230" oya="1" hai0="116,54,57,4,0,135,68,72,42,25,29,102,90" hai1="134,70,132,9,77,109,71,49,86,91,48,44,24" hai2="105,85,117,80,125,38,76,131,62,112,120,69,37" hai3="67,114,122,92,98,26,113,83,103,123,30,58,23"/><U119/><E119/><V60/><F117/><W34/><G34/><T12/><D68/><U110/><E77/><V82/><F120/><W100/><G100/><T41/><D116/><U5/><E24/><V3/><F105/><W111/><G111/><N who="1" m="42506" /><E71/><V59/><F3/><W99/><G99/><T45/><D72/><U63/><E63/><V87/><F131/><W66/><G66/><T10/><D135/><N who="1" m="51755" /><E44/><V15/><F112/><N who="3" m="43115" /><G83/><T35/><D45/><U40/><E40/><V64/><F125/><W36/><G36/><T6/><D102/><U19/><E19/><V56/><F15/><W7/><G122/><T74/><D74/><U127/><E127/><V20/><F20/><W95/><G123/><T128/><D128/><U94/><E70/><V13/><F69/><W101/><G101/><T16/><D90/><U73/><E73/><V115/><F115/><W75/><G75/><T104/><D104/><U50/><E49/><V28/><F28/><W8/><G30/><T93/><D42/><U121/><E121/><V51/><F51/><W2/><G26/><T43/><D43/><U81/><E81/><V27/><F27/><W14/><G58/><T61/><D41/><U21/><E21/><V97/><F38/><W130/><G130/><T108/><D108/><U33/><E33/><V31/><F37/><W39/><G39/><T53/><D93/><U107/><E107/><V133/><F82/><W18/><G95/><T118/><D118/><U126/><E126/><V88/><F80/><W65/><G23/><N who="0" m="11655" /><D54/><U96/><E96/><V55/><F133/><W47/><G47/><RYUUKYOKU ba="0,0" sc="211,10,230,10,329,-30,230,10" hai0="0,4,6,10,25,29,35,53,57,61" hai1="5,9,48,50,86,91,94" hai3="2,7,8,14,18,65,67,92,98,103" /><INIT seed="1,1,0,3,2,7" ten="221,240,299,240" oya="1" hai0="65,47,78,84,58,34,50,92,91,82,35,119,127" hai1="95,56,26,1,105,131,90,99,30,132,106,110,100" hai2="116,125,86,70,27,33,120,73,128,102,129,66,133" hai3="134,83,6,117,98,52,62,68,112,85,88,42,25"/><U96/><E1/><V11/><F116/><W126/><G112/><T108/><D108/><U54/><E110/><V124/><F120/><W76/><G117/><T101/><D119/><U3/><E3/><V135/><F73/><W93/><G126/><N who="2" m="48745" /><F102/><W63/><G134/><N who="2" m="51209" /><F86/><W53/><G42/><T118/><D127/><U111/><E111/><V94/><F94/><W16/><G6/><T109/><D109/><U61/><E132/><V44/><F44/><W9/><G68/><T75/><D118/><U38/><E38/><V10/><F70/><W89/><G89/><T46/><D46/><U49/><E106/><V72/><F66/><W51/><G53/><T23/><D23/><U41/><E41/><V2/><F72/><W37/><G37/><T123/><D123/><U39/><E39/><V79/><F79/><W0/><G0/><T60/><D101/><U17/><E61/><V36/><F36/><W57/><G25/><T28/><D28/><U104/><E104/><V48/><F48/><W80/><G80/><T5/><D5/><U130/><REACH who="1" step="1"/><E17/><REACH who="1" ten="221,230,299,240" step="2"/><V64/><F2/><W29/><G29/><T113/><D113/><U81/><E81/><V19/><F64/><W15/><AGARI ba="1,1" hai="9,15,16,51,52,57,62,63,76,83,85,88,93,98" machi="15" ten="30,12000,2" yaku="0,1,8,1,52,1,54,3" doraHai="7" who="3" fromWho="3" sc="221,-31,230,-61,299,-31,240,133" /><INIT seed="2,0,0,4,5,69" ten="190,169,268,373" oya="2" hai0="24,71,70,7,118,103,96,98,22,119,6,52,31" hai1="56,80,102,14,135,51,131,84,46,61,45,12,66" hai2="60,74,16,117,39,128,72,91,30,76,19,21,40" hai3="2,63,115,17,37,59,94,48,5,55,95,109,50"/><V90/><F117/><N who="0" m="44554" /><D52/><N who="1" m="29815" /><E131/><V9/><F128/><W114/><G5/><N who="0" m="1547" /><D98/><U78/><E135/><V64/><F30/><W101/><G2/><T25/><D25/><U0/><E0/><V123/><F123/><W47/><G109/><T133/><D133/><U132/><E132/><V53/><F53/><W67/><G17/><T111/><D111/><U116/><E116/><V113/><F113/><W104/><G104/><AGARI ba="0,0" hai="22,24,31,70,71,96,103,104" m="1547,44554" machi="104" ten="30,1000,0" yaku="12,1" doraHai="69" who="0" fromWho="3" sc="190,10,169,0,268,0,373,-10" /><INIT seed="3,0,0,1,2,13" ten="200,169,268,363" oya="3" hai0="54,40,49,19,89,66,127,50,101,47,126,9,2" hai1="30,92,53,135,11,20,97,15,70,39,110,23,87" hai2="0,80,108,28,119,112,33,37,130,75,124,17,79" hai3="111,74,8,48,72,91,118,115,95,62,60,55,34"/><W5/><G34/><T121/><D101/><U36/><E70/><V6/><RYUUKYOKU type="yao9" ba="0,0" sc="200,0,169,0,268,0,363,0" hai2="0,6,17,28,33,37,75,79,80,108,112,119,124,130" /><INIT seed="3,1,0,2,1,92" ten="200,169,268,363" oya="3" hai0="8,122,120,123,80,78,7,28,98,97,84,106,60" hai1="133,96,81,131,42,90,47,73,17,116,70,27,0" hai2="128,110,51,87,72,1,36,117,53,64,91,20,32" hai3="89,52,103,16,48,105,57,127,41,130,14,74,40"/><W22/><G74/><T95/><D28/><U49/><E70/><V83/><F117/><W18/><G127/><T77/><D60/><U25/><E116/><V71/><F32/><W30/><G130/><T23/><D23/><U126/><E131/><V4/><F128/><W26/><G18/><T11/><D11/><U69/><E69/><V76/><F36/><W102/><G89/><N who="0" m="55535" /><D8/><U107/><E126/><V5/><F110/><W124/><G124/><T12/><D12/><U3/><E133/><V68/><F20/><N who="3" m="15687" /><G105/><T99/><D7/><U86/><E73/><V66/><F71/><W111/><G111/><T39/><D39/><U56/><E3/><V24/><F24/><W134/><G134/><T10/><D10/><U19/><E0/><V82/><F1/><W67/><G67/><T114/><D106/><U85/><E107/><V15/><F15/><W6/><G6/><T65/><D65/><U55/><E27/><V112/><F66/><W29/><G29/><T31/><D31/><U9/><E25/><V109/><F109/><W13/><G13/><T93/><D114/><U108/><E108/><V132/><F112/><W34/><G34/><T43/><D43/><AGARI ba="1,0" hai="14,16,22,40,41,43,48,52,57,102,103" m="15687" machi="43" ten="30,5800,0" yaku="8,1,54,2" doraHai="92" who="3" fromWho="0" sc="200,-61,169,0,268,0,363,61" /><INIT seed="3,2,0,3,4,89" ten="139,169,268,424" oya="3" hai0="50,96,59,31,113,84,5,55,46,20,0,134,48" hai1="57,53,65,85,2,128,72,131,120,18,117,63,77" hai2="17,108,82,102,127,28,23,97,32,30,39,90,119" hai3="104,35,130,3,92,133,49,111,118,24,124,25,83"/><W114/><RYUUKYOKU type="yao9" ba="2,0" sc="139,0,169,0,268,0,424,0" hai3="3,24,25,35,49,83,92,104,111,114,118,124,130,133" /><INIT seed="3,3,0,1,2,19" ten="139,169,268,424" oya="3" hai0="73,57,90,80,51,125,13,27,104,133,14,31,122" hai1="29,69,52,92,41,47,131,23,24,18,36,123,109" hai2="9,106,26,135,84,16,11,114,28,98,83,76,72" hai3="113,97,74,60,42,34,107,94,96,4,17,88,66"/><W55/><G74/><T43/><D104/><U32/><E123/><V46/><F114/><W89/><G113/><T40/><D122/><U91/><E109/><V101/><F135/><W110/><G110/><T35/><D133/><U50/><E131/><V134/><F134/><W121/><G121/><T117/><D117/><U20/><E69/><V62/><F46/><W68/><G4/><T86/><D125/><U63/><E63/><V7/><F62/><W1/><G1/><T129/><D129/><U75/><E75/><V0/><F72/><W115/><G115/><T120/><D120/><U59/><E18/><V71/><F71/><W126/><G126/><T22/><D73/><U100/><E100/><V79/><F11/><W67/><G67/><T44/><D57/><U54/><E54/><V48/><F48/><W85/><G42/><T56/><D56/><U38/><E38/><V65/><F65/><W21/><G55/><T30/><D43/><U103/><E103/><V25/><F25/><W112/><G34/><T81/><D81/><U39/><E39/><V5/><F5/><W128/><G128/><T58/><D58/><U105/><E105/><V111/><F111/><W118/><G107/><T78/><D78/><U124/><E124/><V130/><F130/><W132/><G132/><T8/><D8/><U53/><E53/><V64/><F64/><W127/><G127/><T15/><REACH who="0" step="1"/><D30/><REACH who="0" ten="129,169,268,424" step="2"/><U33/><E29/><V82/><F82/><N who="3" m="49207" /><G118/><T70/><D70/><U87/><E41/><V2/><F79/><W119/><G119/><T12/><D12/><U116/><E116/><RYUUKYOKU ba="3,1" sc="129,30,169,-10,268,-10,424,-10" hai0="13,14,15,22,27,31,35,40,44,51,80,86,90" /><INIT seed="4,4,1,1,2,100" ten="159,159,258,414" oya="0" hai0="73,98,54,62,42,3,76,125,44,117,130,78,21" hai1="38,89,95,7,67,80,71,109,75,120,40,4,135" hai2="87,90,81,59,16,0,56,58,104,46,116,121,113" hai3="107,51,96,64,65,24,48,26,86,97,19,122,9"/><T91/><D117/><U115/><E120/><V10/><F121/><W133/><G107/><T114/><D3/><U70/><E109/><V99/><F113/><W74/><G74/><T123/><D123/><U106/><E115/><V131/><F116/><W49/><G133/><T45/><D114/><U118/><E135/><V35/><F131/><W132/><G132/><T50/><D130/><U43/><E118/><V25/><F46/><W36/><G36/><T127/><D21/><U15/><E106/><V66/><F66/><W17/><G86/><T68/><D68/><U112/><E112/><V30/><F0/><W105/><G105/><T69/><D69/><U12/><E95/><V82/><F82/><W55/><G55/><T23/><D23/><U27/><E80/><V2/><F2/><W28/><G28/><T88/><D73/><U34/><E75/><V39/><F39/><W33/><G33/><T129/><D129/><U85/><E85/><V108/><F108/><W11/><G122/><T61/><D61/><U83/><E83/><V77/><F77/><N who="0" m="29802" /><D98/><U101/><E34/><V134/><F134/><W37/><G37/><N who="0" m="21583" /><D62/><U63/><E63/><V52/><F99/><W14/><G51/><T128/><D128/><U32/><E32/><V110/><F110/><W29/><G29/><T41/><D41/><U94/><E38/><V93/><F104/><W13/><AGARI ba="4,1" hai="9,11,13,14,17,19,24,26,48,49,64,65,96,97" machi="13" ten="25,6400,0" yaku="0,1,22,2,8,1" doraHai="100" who="3" fromWho="3" sc="159,-36,159,-20,258,-20,414,86" /><INIT seed="5,0,0,4,1,7" ten="123,139,238,500" oya="1" hai0="106,124,49,76,23,118,35,100,130,123,63,31,75" hai1="10,60,66,58,69,51,3,68,5,22,28,92,9" hai2="43,19,102,133,82,116,16,94,12,96,104,71,48" hai3="74,110,0,1,114,109,53,2,65,83,61,126,20"/><U98/><E51/><V29/><F116/><W108/><G83/><N who="0" m="45471" /><D49/><U50/><E50/><V8/><F71/><W78/><G78/><T97/><D23/><U15/><E22/><V121/><F121/><W125/><G74/><T129/><D118/><U67/><E28/><V32/><F133/><W120/><G114/><T11/><D11/><U55/><E69/><V131/><F131/><N who="0" m="50186" /><D63/><U99/><E68/><V27/><F82/><W26/><G120/><T119/><D119/><U25/><E25/><V52/><F43/><W91/><G53/><T39/><D123/><U105/><E105/><V45/><F104/><W79/><G65/><T6/><D6/><AGARI ba="0,0" hai="6,8,12,16,19,27,29,32,45,48,52,94,96,102" machi="6" ten="30,7700,0" yaku="7,1,52,1,54,2" doraHai="7" who="2" fromWho="0" sc="123,-77,139,0,238,77,500,0" /><INIT seed="6,0,0,4,3,78" ten="46,139,315,500" oya="2" hai0="23,122,32,125,45,22,126,131,124,50,70,106,28" hai1="6,26,54,101,75,114,109,98,104,108,29,51,36" hai2="52,11,94,14,65,81,67,76,95,24,100,87,34" hai3="62,64,55,119,10,116,74,91,83,42,93,84,48"/><V8/><F8/><W79/><G42/><T13/><D106/><U21/><E36/><V71/><F71/><W57/><G10/><T60/><D70/><AGARI ba="0,0" hai="48,55,57,62,64,70,74,79,83,84,91,93,116,119" machi="70" ten="30,2000,0" yaku="7,1,52,1" doraHai="78" who="3" fromWho="0" sc="46,-20,139,0,315,0,500,20" /><INIT seed="7,0,0,0,2,44" ten="26,139,315,520" oya="3" hai0="47,95,111,117,59,130,97,63,10,105,123,69,100" hai1="55,66,74,90,26,42,56,89,99,24,113,58,20" hai2="61,98,96,5,2,8,7,77,106,34,68,76,124" hai3="48,131,25,1,57,53,0,3,35,21,83,46,120"/><W32/><G120/><T72/><D10/><U92/><E74/><V40/><F124/><W85/><G131/><T129/><D95/><N who="1" m="56815" /><E113/><V64/><F34/><W38/><G38/><T125/><D97/><N who="1" m="57495" /><E42/><V60/><F40/><W43/><G25/><T91/><D91/><U4/><E4/><V31/><F31/><W128/><G21/><T115/><D100/><U22/><E66/><V51/><F61/><W87/><G128/><T122/><D63/><N who="1" m="36255" /><E58/><V135/><F135/><W107/><G107/><T132/><D59/><U104/><E104/><V133/><F133/><W78/><G85/><T54/><D47/><U27/><AGARI ba="0,0" hai="20,22,24,26,27" m="36255,57495,56815" machi="27" ten="30,1100,0" yaku="8,1" doraHai="44" who="1" fromWho="1" sc="26,-3,139,11,315,-3,520,-5" owari="23,-48.0,150,-25.0,312,11.0,515,62.0" /></mjloggm>