<mjloggm ver="2.3"><GO type="97" lobby="0"/><UN n0="%64%68%69%6E%61%64%61%6E" n1="%52%41%4B%4B%59%4F%32%38" n2="%E5%8F%8D%E9%80%86%E3%81%84%E3%82%8B%E3%81%84%E3%82%8B" n3="%E5%B0%B1%E6%B4%BB%E7%94%9F%40%E5%B7%9D%E6%9D%91%E8%BB%8D%E5%9B%A3" dan="16,14,15,14" rate="2055.06,2008.61,1967.11,1951.44" sx="M,M,F,M"/><TAIKYOKU oya="0"/><INIT seed="0,0,0,4,2,78" ten="250,250,250,250" oya="0" hai0="58,76,115,16,3,81,56,44,80,40,17,132,13" hai1="21,124,83,122,59,96,35,98,86,2,107,28,72" hai2="123,108,106,126,53,93,113,10,69,88,51,8,130" hai3="92,77,133,60,63,45,95,5,47,61,67,111,1"/><T116/><D116/><U70/><E122/><V75/><F123/><W73/><G133/><T42/><D3/><U20/><E2/><V135/><F113/><W29/><G111/><T24/><D115/><U134/><E124/><V131/><F106/><W39/><G67/><T25/><D132/><U66/><E134/><V54/><F135/><W127/><G127/><T82/><D76/><N who="1" m="46439" /><E59/><N who="0" m="22569" /><D44/><U112/><E96/><V43/><F126/><W129/><G129/><N who="2" m="49161" /><F108/><W19/><G29/><T71/><D71/><U36/><E36/><V103/><F69/><W84/><G45/><T65/><D65/><U118/><E72/><V11/><F75/><W38/><G38/><T49/><D49/><U9/><E9/><V37/><F103/><W57/><G57/><T90/><D90/><U22/><E22/><V94/><F37/><W104/><G47/><T68/><D68/><U6/><E6/><V105/><F105/><W121/><G77/><T46/><D46/><U41/><E41/><N who="0" m="15977" /><D17/><U64/><E64/><V120/><F120/><W12/><G19/><T109/><D109/><U74/><E74/><V62/><F43/><W100/><G1/><T15/><D15/><U101/><E118/><V0/><F0/><W87/><G12/><T23/><AGARI ba="0,0" hai="13,16,23,24,25,80,81,82" m="15977,22569" machi="23" ten="30,12000,1" yaku="8,1,52,3,54,1" doraHai="78" who="0" fromWho="0" sc="250,120,250,-40,250,-40,250,-40" /><INIT seed="0,1,0,3,2,1" ten="370,210,210,210" oya="0" hai0="132,127,77,64,111,83,94,2,70,19,47,37,26" hai1="115,85,82,23,78,108,41,14,104,3,95,35,124" hai2="39,40,116,21,130,106,53,84,55,7,74,43,27" hai3="34,6,97,58,96,25,63,0,54,61,32,33,22"/><T103/><D2/><U52/><E3/><V62/><F74/><W117/><G117/><T118/><D118/><U100/><E35/><V9/><F106/><W16/><REACH who="3" step="1"/><G63/><REACH who="3" ten="370,210,210,200" step="2"/><N who="0" m="40223" /><D132/><U126/><E115/><V28/><F116/><W30/><G30/><T59/><D127/><U91/><E108/><V92/><F62/><W13/><G13/><T12/><D12/><U101/><E14/><N who="2" m="5439" /><F130/><W128/><G128/><T60/><D60/><U110/><E110/><V36/><F36/><W90/><G90/><T45/><D111/><U76/><E126/><V86/><F39/><W75/><G75/><T88/><D37/><U5/><E91/><N who="2" m="53351" /><F86/><W31/><G31/><T8/><D88/><U17/><E85/><V122/><F122/><W73/><G73/><T80/><D77/><U50/><E78/><V4/><F4/><W102/><G102/><T121/><D103/><U42/><E104/><V46/><F46/><W119/><G119/><T65/><D47/><N who="1" m="27743" /><E101/><V93/><F93/><W134/><G134/><T98/><D94/><U114/><E5/><V135/><F135/><W49/><G49/><T99/><D98/><N who="1" m="59487" /><E114/><V120/><F120/><W129/><G129/><T89/><D121/><U51/><E51/><V24/><F24/><W20/><G20/><T57/><D26/><N who="1" m="14703" /><E124/><V29/><F29/><W56/><G56/><T69/><D59/><U48/><E48/><V105/><F105/><W87/><G87/><T18/><D57/><U81/><E76/><V131/><F131/><W71/><G71/><T67/><D69/><U44/><E44/><V112/><F112/><W123/><G123/><RYUUKYOKU ba="1,1" sc="370,-30,210,10,210,10,200,10" hai1="41,42,81,82" hai2="21,27,28,40,43,53,55" hai3="0,6,16,22,25,32,33,34,54,58,61,96,97" /><INIT seed="1,2,1,2,1,109" ten="340,220,220,210" oya="1" hai0="68,81,16,87,95,59,105,30,24,113,62,117,33" hai1="34,114,36,125,92,74,134,83,11,7,98,49,124" hai2="28,8,122,12,75,102,60,135,82,73,57,71,79" hai3="32,99,46,65,121,61,47,78,54,48,93,45,38"/><U106/><E36/><V4/><F122/><W115/><G121/><T2/><D117/><U9/><E34/><V21/><F71/><W107/><G32/><T130/><D105/><U70/><E70/><V128/><F128/><W76/><G107/><T85/><D68/><U58/><E106/><V19/><F135/><W111/><G111/><T22/><D130/><U39/><E39/><V88/><F102/><W89/><G115/><T108/><D2/><U56/><E134/><V23/><F73/><W66/><G38/><T55/><D113/><U10/><E7/><V104/><F104/><W13/><G13/><T72/><D108/><U97/><E114/><V27/><F88/><N who="3" m="55719" /><G61/><T25/><D95/><U3/><E3/><V101/><F101/><W112/><G112/><T6/><D6/><U120/><E120/><V77/><F75/><W41/><G89/><T94/><D94/><U42/><E92/><V90/><F90/><W84/><G41/><T131/><D131/><U80/><E98/><V52/><REACH who="2" step="1"/><F82/><REACH who="2" ten="340,220,210,210" step="2"/><N who="1" m="31273" /><E74/><V0/><AGARI ba="2,2" hai="0,4,8,12,19,21,23,27,28,52,57,60,77,79" machi="0" ten="20,5200,0" yaku="1,1,0,1,7,1,54,1,53,0" doraHai="109" doraHaiUra="63" who="2" fromWho="2" sc="340,-15,220,-28,210,78,210,-15" /><INIT seed="2,0,0,5,1,87" ten="325,192,288,195" oya="2" hai0="55,115,110,93,0,109,95,75,127,57,37,8,88" hai1="10,128,15,72,123,113,5,76,71,133,121,61,77" hai2="85,17,38,104,68,59,119,40,14,4,73,108,82" hai3="45,101,33,48,111,74,106,129,13,94,90,1,41"/><V35/><F68/><W11/><G1/><T2/><D115/><U125/><E113/><V25/><F119/><W107/><G74/><T32/><D32/><U100/><E125/><V31/><F104/><W79/><G33/><T67/><D127/><U89/><E72/><V86/><F4/><W29/><G79/><T117/><D75/><U97/><E133/><V7/><F7/><W112/><G29/><T9/><D37/><U78/><E128/><V16/><F73/><W130/><G112/><T120/><D67/><U118/><E118/><V44/><F108/><N who="0" m="41578" /><D95/><N who="1" m="56559" /><E100/><V114/><F114/><W83/><G83/><T51/><D120/><N who="1" m="46155" /><E61/><V26/><F59/><W30/><G30/><T58/><D58/><U116/><E116/><V12/><F26/><W54/><G101/><T84/><D117/><U64/><E64/><V105/><F105/><W92/><G111/><T70/><D70/><AGARI ba="0,0" hai="5,10,15,70,71,76,77,78" m="46155,56559" machi="70" ten="30,2000,0" yaku="13,1,52,1" doraHai="87" who="1" fromWho="0" sc="325,-20,192,20,288,0,195,0" /><INIT seed="3,0,0,3,3,38" ten="305,212,288,195" oya="3" hai0="113,119,47,120,22,11,14,76,60,2,56,43,1" hai1="135,98,129,41,126,110,17,73,100,34,55,72,35" hai2="89,86,125,6,101,49,50,115,54,95,4,134,12" hai3="127,26,30,97,25,65,33,29,82,131,75,123,124"/><W106/><G123/><T133/><D120/><U9/><E110/><V10/><F115/><W74/><G131/><T32/><D32/><U58/><E126/><N who="3" m="48170" /><G65/><T64/><D119/><U122/><E135/><V27/><F125/><W80/><G106/><T59/><D133/><U5/><E17/><V62/><F134/><W99/><G80/><T121/><D121/><U114/><E114/><V63/><F101/><W48/><G48/><T91/><D76/><U15/><E41/><V96/><F4/><W42/><G42/><T31/><D59/><U116/><E116/><V28/><F96/><N who="3" m="36939" /><G82/><T45/><D113/><U128/><E122/><V83/><F83/><W20/><AGARI ba="0,0" hai="20,25,26,29,30,33,74,75" m="36939,48170" machi="20" ten="30,1500,0" yaku="18,1" doraHai="38" who="3" fromWho="3" sc="305,-5,212,-5,288,-5,195,15" /><INIT seed="3,1,0,4,2,63" ten="300,207,283,210" oya="3" hai0="44,57,37,52,65,25,7,115,71,112,48,36,29" hai1="102,73,116,105,47,95,22,122,55,106,3,87,111" hai2="56,62,96,68,86,5,20,84,80,9,109,34,118" hai3="125,92,14,42,129,69,100,6,28,110,104,134,27"/><W41/><G104/><T45/><D7/><U72/><E3/><V1/><F118/><W79/><G125/><T8/><D8/><U51/><E111/><V21/><F34/><W98/><G129/><T67/><D25/><U85/><E122/><V54/><F109/><W78/><G69/><T23/><D23/><U81/><E116/><V130/><F130/><W66/><G110/><T32/><D29/><U38/><E106/><V77/><F68/><W13/><G134/><T43/><D32/><U113/><E113/><N who="0" m="43593" /><D71/><U50/><E38/><N who="0" m="14953" /><D44/><U89/><E105/><V124/><F124/><W2/><G2/><T76/><D76/><N who="3" m="29225" /><G66/><T39/><AGARI ba="1,0" hai="39,43,45,48,52,57,65,67" m="14953,43593" machi="39" ten="30,12000,2" yaku="11,1,34,2,52,2,54,1" doraHai="63" who="0" fromWho="0" sc="300,123,207,-31,283,-31,210,-61" owari="423,52.0,176,-22.0,252,5.0,149,-35.0" /></mjloggm>