<mjloggm ver="2.3"><GO type="33" lobby="0"/><UN n0="%E5%B0%B1%E6%B4%BB%E7%94%9F%40%E5%B7%9D%E6%9D%91%E8%BB%8D%E5%9B%A3" n1="%E3%82%82%E3%81%A7%E3%82%93" n2="%52%41%44%49%41%4E%43%45" n3="%E4%B8%8B%E5%AE%B6%E3%81%AF%E3%82%B2%E3%82%A4" dan="13,13,15,14" rate="1848.17,1860.09,2008.17,1943.23" sx="M,M,M,M"/><TAIKYOKU oya="0"/><INIT seed="0,0,0,3,0,121" ten="250,250,250,250" oya="0" hai0="37,68,123,35,89,83,120,98,72,50,129,88,33" hai1="32,77,103,10,38,97,78,82,20,45,27,3,7" hai2="63,69,23,9,62,96,113,31,11,75,51,39,105" hai3="86,95,55,43,0,34,106,90,87,6,93,111,134"/><T119/><D37/><U99/><E32/><V108/><F39/><W2/><G34/><T56/><D119/><U73/><E78/><V133/><F75/><W12/><G134/><T107/><D68/><U67/><E67/><V15/><F113/><W26/><G106/><T71/><D129/><U28/><REACH who="1" step="1"/><E103/><REACH who="1" ten="250,240,250,250" step="2"/><V91/><F133/><W70/><G70/><T74/><D71/><U110/><E110/><V130/><F108/><W17/><G111/><T60/><D123/><U44/><E44/><V115/><F69/><W5/><G2/><T47/><D120/><U124/><E124/><V65/><F115/><W13/><G0/><T57/><D74/><U114/><E114/><V128/><F65/><W80/><G13/><T42/><D72/><U76/><E76/><V41/><F15/><W64/><G64/><T25/><D33/><U36/><E36/><V125/><F125/><W126/><G12/><T46/><D25/><U127/><E127/><V29/><F130/><W101/><G126/><T131/><D35/><U16/><E16/><V59/><F128/><W21/><G43/><AGARI ba="0,1" hai="3,7,10,20,27,28,38,43,45,73,77,82,97,99" machi="43" ten="40,5200,0" yaku="1,1,25,2,53,0" doraHai="121" doraHaiUra="14" who="1" fromWho="3" sc="250,0,240,62,250,0,250,-52" /><INIT seed="1,0,0,3,4,45" ten="250,302,250,198" oya="1" hai0="44,54,13,50,79,134,122,9,36,113,96,75,43" hai1="116,95,100,110,23,5,41,73,127,123,22,74,77" hai2="68,104,94,8,57,82,118,64,28,83,18,10,78" hai3="91,67,48,33,59,49,114,51,61,39,90,20,70"/><U4/><E127/><V69/><F104/><W3/><G3/><T62/><D122/><U65/><E123/><V15/><F118/><W56/><G114/><T53/><D113/><U129/><E116/><V102/><F28/><W30/><G33/><T46/><D134/><U115/><E115/><V42/><F42/><W16/><G30/><T11/><D11/><U1/><E1/><V111/><F111/><W121/><G121/><T40/><D96/><U35/><E35/><V76/><F10/><W80/><G39/><T126/><D126/><U7/><E129/><V119/><F119/><W37/><G37/><T88/><D79/><U31/><E41/><V132/><F132/><W66/><G70/><T2/><D75/><U81/><E73/><V55/><F64/><N who="3" m="24619" /><G80/><N who="2" m="30761" /><F69/><W135/><G135/><T32/><D32/><U103/><E110/><V130/><F68/><W101/><G101/><T125/><D2/><U58/><E103/><V128/><F128/><W98/><G98/><T112/><D112/><U120/><E120/><V86/><F130/><W131/><G131/><T71/><D125/><U21/><E31/><V17/><F17/><W87/><G87/><T84/><D62/><U97/><E65/><V93/><F102/><W89/><G61/><T14/><D71/><U106/><REACH who="1" step="1"/><E58/><REACH who="1" ten="250,292,250,198" step="2"/><V99/><F57/><W107/><G107/><AGARI ba="0,1" hai="4,5,7,21,22,23,74,77,81,95,97,100,106,107" machi="107" ten="40,3900,0" yaku="1,1,2,1,53,0" doraHai="45" doraHaiUra="117" who="1" fromWho="3" sc="250,0,292,49,250,0,198,-39" /><INIT seed="1,1,0,2,3,34" ten="250,341,250,159" oya="1" hai0="66,83,4,37,59,126,121,45,93,134,33,77,92" hai1="132,111,102,103,84,85,74,94,135,107,67,124,114" hai2="133,22,11,58,82,117,12,32,63,110,68,78,95" hai3="57,21,115,88,43,116,76,50,20,35,79,96,69"/><U109/><E114/><V24/><F32/><W46/><G35/><T120/><D33/><U71/><E67/><V90/><F68/><W54/><G115/><T0/><D126/><U128/><E71/><V14/><F117/><W25/><G69/><T99/><D134/><N who="1" m="51243" /><E74/><V73/><F133/><W48/><G116/><T39/><D4/><U49/><E49/><V60/><F110/><N who="1" m="41993" /><E107/><V42/><F42/><W55/><G21/><T51/><D0/><U18/><E18/><V26/><F26/><W36/><G43/><N who="0" m="25023" /><D59/><U52/><E52/><N who="2" m="33863" /><F63/><W105/><G105/><T70/><D70/><U131/><E124/><V17/><F11/><W16/><REACH who="3" step="1"/><G36/><REACH who="3" ten="250,341,250,149" step="2"/><T108/><D39/><U40/><E40/><V62/><F62/><W1/><G1/><T9/><D37/><U56/><E56/><V44/><F44/><W2/><G2/><T3/><D108/><U87/><E94/><AGARI ba="1,1" hai="16,20,25,46,48,50,54,55,57,76,79,88,94,96" machi="94" ten="40,8000,1" yaku="1,1,8,1,54,2,53,0" doraHai="34" doraHaiUra="127" who="3" fromWho="1" sc="250,0,341,-83,250,0,149,93" /><INIT seed="2,0,0,0,1,50" ten="250,258,250,242" oya="2" hai0="18,22,119,19,114,109,51,24,7,76,58,31,75" hai1="10,32,66,85,118,125,110,64,5,115,121,56,55" hai2="95,39,36,81,107,101,120,84,1,132,90,25,42" hai3="80,111,92,35,46,61,108,83,12,73,8,28,104"/><V33/><F120/><W34/><G104/><T69/><D114/><U130/><E32/><N who="3" m="12330" /><G28/><T0/><D69/><U48/><E121/><V86/><F1/><W47/><G73/><T129/><D119/><U65/><E115/><V40/><F132/><W128/><G61/><T82/><D129/><U122/><E118/><V77/><F42/><W41/><G92/><T30/><D109/><N who="3" m="42057" /><G128/><T105/><D105/><U123/><E122/><V97/><REACH who="2" step="1"/><F40/><REACH who="2" ten="250,258,240,242" step="2"/><W26/><G41/><T70/><D0/><U99/><E130/><V59/><F59/><W124/><G124/><T131/><D70/><U9/><E125/><V74/><F74/><W43/><G43/><T60/><D131/><U63/><E110/><V62/><F62/><W52/><G46/><T71/><D71/><U116/><E123/><V29/><AGARI ba="0,1" hai="25,29,33,36,39,77,81,84,86,90,95,97,101,107" machi="29" ten="30,3000,0" yaku="1,1,0,1,53,0" doraHai="50" doraHaiUra="133" who="2" fromWho="2" sc="250,-10,258,-10,240,40,242,-10" /><INIT seed="2,1,0,3,5,28" ten="240,248,280,232" oya="2" hai0="3,58,50,132,43,133,2,108,48,45,7,42,83" hai1="63,49,79,111,13,39,80,110,62,69,25,26,101" hai2="122,37,127,14,131,105,60,16,59,11,84,22,135" hai3="67,94,116,112,85,76,97,46,72,87,115,6,54"/><V126/><F122/><W130/><G67/><T18/><D108/><U89/><E39/><V55/><F37/><W92/><G116/><T4/><D83/><U40/><E101/><V31/><F105/><W125/><G6/><T56/><D18/><U44/><E89/><V74/><F74/><W21/><G21/><T88/><D45/><U134/><E134/><V106/><F106/><W29/><G29/><T121/><REACH who="0" step="1"/><D88/><REACH who="0" ten="230,248,280,232" step="2"/><U98/><E111/><V8/><F135/><W24/><G46/><T9/><D9/><U10/><E110/><V113/><F113/><N who="3" m="43595" /><G125/><N who="2" m="47625" /><F131/><W109/><G130/><T51/><D51/><U0/><E63/><V38/><F38/><W70/><G109/><T12/><D12/><U124/><E0/><V81/><F31/><W32/><G76/><AGARI ba="1,1" hai="8,11,14,16,22,55,59,60,76,81,84" m="47625" machi="76" ten="30,2900,0" yaku="18,1,54,1" doraHai="28" who="2" fromWho="3" sc="230,0,248,0,280,42,232,-32" /><INIT seed="2,2,0,3,1,34" ten="230,248,322,200" oya="2" hai0="29,20,94,74,100,102,129,38,67,131,96,71,21" hai1="72,108,32,1,106,117,53,119,2,23,76,42,59" hai2="66,60,24,75,0,99,78,62,124,18,121,27,17" hai3="28,134,120,3,31,37,49,104,63,14,13,55,123"/><V81/><F121/><W87/><G104/><T15/><D38/><U25/><E106/><V4/><F99/><W8/><G37/><T50/><D74/><U91/><E42/><V79/><F124/><W45/><G134/><T73/><D73/><U43/><E43/><V84/><F75/><W98/><G120/><T47/><D71/><U107/><E32/><V113/><F113/><W105/><G123/><T65/><D100/><U36/><E36/><V19/><F79/><W52/><G3/><T9/><D65/><U93/><E107/><V61/><REACH who="2" step="1"/><F66/><REACH who="2" ten="230,248,312,200" step="2"/><W7/><G98/><T48/><D67/><U69/><E108/><V114/><F114/><W54/><G105/><T125/><D125/><U39/><E119/><V132/><F132/><W70/><G87/><T68/><D68/><U16/><E117/><V127/><F127/><W118/><G118/><T64/><D64/><U116/><E69/><V44/><F44/><W10/><G70/><T89/><D102/><U26/><E76/><V22/><F22/><W128/><G128/><N who="0" m="49227" /><D47/><U112/><E72/><V88/><F88/><W110/><G110/><T97/><D97/><U46/><E116/><V35/><F35/><W51/><G63/><T33/><D33/><U12/><E112/><V122/><F122/><W133/><G133/><T95/><D95/><U90/><E46/><V86/><F86/><W80/><G80/><T83/><D83/><U85/><E91/><V92/><F92/><W40/><G49/><N who="0" m="19051" /><D29/><U135/><E39/><V30/><F30/><W58/><G58/><T5/><AGARI ba="2,1" hai="5,9,15,20,21,89,94,96" m="19051,49227" machi="5" ten="30,1100,0" yaku="19,1" doraHai="34" who="0" fromWho="0" sc="230,27,248,-5,312,-7,200,-5" /><INIT seed="3,0,0,5,0,122" ten="257,243,305,195" oya="3" hai0="48,100,11,32,69,77,41,128,106,96,120,46,13" hai1="119,20,97,54,38,78,29,18,27,132,125,47,99" hai2="8,110,87,134,1,80,7,52,89,93,5,108,131" hai3="126,37,103,10,116,135,50,112,117,72,124,30,26"/><W40/><G72/><T63/><D128/><U74/><E119/><V115/><F115/><W111/><G37/><T21/><D120/><U49/><E132/><V98/><F134/><W4/><G135/><T123/><D123/><U61/><E125/><N who="3" m="48234" /><G103/><T17/><D32/><U22/><E78/><V109/><F7/><W16/><G112/><T82/><D69/><U34/><E74/><V127/><F127/><W104/><G104/><T107/><D63/><U9/><E9/><V57/><F131/><W59/><G59/><T64/><D64/><U44/><E61/><N who="2" m="36007" /><F80/><W58/><G58/><T86/><D21/><U81/><E81/><V25/><F25/><W67/><G67/><T113/><D113/><U101/><E38/><V3/><F98/><W39/><G39/><T28/><D28/><U76/><E76/><V118/><F118/><N who="3" m="45675" /><G50/><T90/><D107/><U19/><E44/><V130/><F130/><W2/><G40/><T79/><AGARI ba="0,0" hai="11,13,17,41,46,48,77,79,82,86,90,96,100,106" machi="79" ten="30,1100,0" yaku="0,1" doraHai="122" who="0" fromWho="0" sc="257,11,243,-3,305,-3,195,-5" owari="268,7.0,240,-16.0,302,40.0,190,-31.0" /></mjloggm>