<mjloggm ver="2.3"><GO type="97" lobby="0"/><UN n0="%E8%B6%85%E4%BA%BA%EF%BC%AD" n1="%64%6F%6E%6E%69" n2="%E3%82%A6%E3%83%AB%E3%83%88%E3%83%A9%E7%AB%8B%E7%9B%B4" n3="%E3%81%B6%E3%82%8B%E3%81%82%E3%81%82%E3%81%82%E3%81%82%E3%81%82%EF%BC%81" dan="15,15,15,14" rate="1970.48,1869.60,2037.04,1961.04" sx="M,M,M,M"/><TAIKYOKU oya="0"/><INIT seed="0,0,0,2,5,92" ten="250,250,250,250" oya="0" hai0="20,93,44,30,32,59,11,51,94,58,109,130,100" hai1="36,74,50,77,125,37,71,62,124,16,54,42,81" hai2="83,79,60,120,45,9,14,29,17,0,101,4,117" hai3="23,119,2,61,90,91,113,118,123,110,84,43,134"/><T40/><D32/><U26/><E71/><V115/><F115/><W128/><G2/><T65/><D130/><U131/><E62/><V80/><F120/><W47/><G113/><T52/><D109/><U85/><E74/><V25/><F117/><W98/><G110/><T12/><D65/><U46/><E131/><V13/><F60/><W10/><G123/><T89/><D100/><U111/><E111/><V21/><F101/><W57/><G10/><T129/><D94/><U8/><E37/><V112/><F112/><W103/><G128/><T126/><D126/><U66/><E66/><V72/><F83/><W55/><G23/><T27/><D40/><U6/><E6/><V56/><F56/><W102/><G91/><T38/><D38/><U64/><E64/><V3/><F45/><W22/><G22/><AGARI ba="0,0" hai="0,3,4,9,13,14,17,21,22,25,29,72,79,80" machi="22" ten="30,1000,0" yaku="7,1" doraHai="92" who="2" fromWho="3" sc="250,0,250,0,250,10,250,-10" /><INIT seed="1,0,0,3,1,40" ten="250,250,260,240" oya="1" hai0="94,79,100,90,76,44,95,36,57,56,89,33,2" hai1="50,106,126,37,80,46,23,60,25,3,74,18,107" hai2="98,135,72,92,122,67,93,8,32,13,61,47,9" hai3="48,75,111,15,12,81,129,38,124,35,14,28,68"/><U24/><E3/><V27/><F72/><W84/><G68/><T91/><D33/><U85/><E74/><V109/><F32/><W102/><G38/><T113/><D2/><U31/><E60/><V132/><F27/><W34/><G129/><T17/><D113/><U65/><E65/><V42/><F122/><W10/><G124/><T105/><D105/><U0/><E37/><V97/><F109/><W19/><G111/><T131/><D131/><U58/><E58/><N who="0" m="22633" /><D36/><U77/><E0/><V127/><F127/><W83/><G75/><T108/><D108/><U87/><E87/><V43/><F13/><W66/><G66/><T114/><D114/><U51/><E51/><V69/><F67/><W86/><G102/><T62/><D62/><U123/><E123/><V41/><F41/><W110/><G110/><T20/><BYE who="3" /><D44/><U103/><E103/><V116/><F61/><W99/><G99/><N who="0" m="59519" /><D94/><UN n3="%E3%81%B6%E3%82%8B%E3%81%82%E3%81%82%E3%81%82%E3%81%82%E3%81%82%EF%BC%81" /><U52/><REACH who="1" step="1"/><E126/><REACH who="1" ten="250,240,260,240" step="2"/><V120/><F120/><W54/><G86/><T101/><D101/><U21/><AGARI ba="0,1" hai="18,21,23,24,25,31,46,50,52,77,80,85,106,107" machi="21" ten="20,18000,2" yaku="1,1,2,1,0,1,7,1,52,1,54,1,53,0" doraHai="40" doraHaiUra="88" who="1" fromWho="1" sc="250,-60,240,190,260,-60,240,-60" /><INIT seed="1,1,0,0,2,133" ten="190,430,200,180" oya="1" hai0="33,54,2,72,90,100,81,84,126,116,109,49,63" hai1="135,122,94,19,77,3,93,107,112,95,56,71,7" hai2="60,99,101,121,86,28,48,44,130,117,113,111,134" hai3="58,52,80,9,105,32,59,24,131,18,66,73,17"/><U120/><E107/><V68/><F121/><W37/><G105/><T65/><D2/><U67/><E135/><V39/><F39/><W46/><G131/><T21/><D33/><U45/><E77/><V22/><F117/><W106/><G106/><T11/><D116/><U128/><E128/><V55/><F130/><W10/><G66/><T64/><D72/><U0/><E71/><V74/><F74/><W92/><G73/><T29/><D100/><U123/><E7/><V34/><F34/><W78/><G92/><T47/><D109/><U23/><E45/><V42/><F111/><W104/><G104/><T8/><D126/><U79/><E79/><V27/><F113/><W97/><G97/><T6/><D6/><U43/><E43/><V14/><F14/><W70/><G70/><T129/><D129/><U12/><E112/><V40/><F134/><W110/><G110/><T83/><D83/><U38/><E38/><V1/><F1/><W35/><G37/><T5/><D64/><U88/><E88/><V62/><F68/><W124/><G124/><T114/><D5/><U98/><E98/><V96/><F86/><W26/><G78/><T125/><D125/><U102/><E102/><V115/><F115/><W36/><G36/><T4/><D4/><U75/><E75/><V50/><F99/><W82/><G46/><T69/><D114/><U16/><E122/><V25/><F25/><W103/><G103/><T31/><D31/><U132/><E123/><V51/><F96/><W53/><AGARI ba="1,0" hai="9,10,17,18,24,26,32,35,52,53,58,59,80,82" machi="53" ten="25,6400,0" yaku="0,1,22,2,54,1" doraHai="133" who="3" fromWho="3" sc="190,-17,430,-33,200,-17,180,67" /><INIT seed="2,0,0,3,0,100" ten="173,397,183,247" oya="2" hai0="52,131,13,84,72,97,56,68,8,133,45,12,44" hai1="6,58,87,79,7,50,109,22,43,59,17,81,18" hai2="99,19,46,61,128,125,114,98,102,75,105,132,94" hai3="70,127,88,40,10,111,110,11,90,66,64,86,49"/><V23/><F75/><W54/><G40/><T48/><D72/><U15/><E109/><N who="3" m="41482" /><G127/><T31/><D68/><U134/><E134/><V65/><F114/><W74/><G74/><T67/><D133/><U113/><E113/><V26/><F132/><W36/><G36/><T25/><D131/><U27/><E43/><V118/><F118/><W108/><G108/><T69/><D69/><U91/><E79/><V129/><F46/><N who="3" m="27959" /><G70/><T96/><D84/><U24/><E24/><V95/><F125/><W29/><G29/><T21/><D13/><N who="1" m="9519" /><E50/><V135/><F135/><W76/><G76/><T122/><D122/><U42/><E42/><V85/><F85/><W30/><G30/><T39/><D39/><U83/><E83/><V92/><REACH who="2" step="1"/><F99/><REACH who="2" ten="173,397,173,247" step="2"/><N who="0" m="37962" /><D67/><N who="3" m="25641" /><G90/><T1/><D1/><U55/><E87/><V77/><F77/><W71/><G71/><AGARI ba="0,1" hai="19,23,26,61,65,71,92,94,95,98,102,105,128,129" machi="71" ten="40,12000,1" yaku="1,1,52,1,53,2" doraHai="100" doraHaiUra="126" who="2" fromWho="3" sc="173,0,397,0,173,130,247,-120" /><BYE who="3" /><UN n3="%E3%81%B6%E3%82%8B%E3%81%82%E3%81%82%E3%81%82%E3%81%82%E3%81%82%EF%BC%81" /><INIT seed="2,1,0,4,0,80" ten="173,397,303,127" oya="2" hai0="41,95,23,42,2,13,4,20,96,134,112,123,126" hai1="48,97,33,1,14,32,105,22,116,109,61,67,16" hai2="128,49,130,75,46,131,45,59,53,78,8,57,54" hai3="119,66,82,111,0,25,70,88,52,127,94,129,5"/><V55/><F78/><W90/><G111/><T124/><D123/><U15/><E109/><V135/><F75/><W74/><G119/><T86/><D112/><U99/><E116/><V132/><F8/><W104/><G104/><T11/><D134/><N who="2" m="51242" /><F49/><W30/><G129/><T65/><D65/><U107/><E1/><V117/><F117/><W98/><G98/><T71/><D71/><U35/><E48/><V64/><F64/><W115/><G115/><T50/><D50/><U26/><E26/><V69/><F69/><W9/><G9/><T113/><D113/><U29/><E29/><V68/><F68/><W72/><G72/><T37/><D37/><U102/><E15/><V56/><AGARI ba="1,0" hai="45,46,53,54,55,56,57,59,128,130,131" m="51242" machi="56" ten="50,24000,3" yaku="29,2,28,2,19,1,20,1,34,2" doraHai="80" who="2" fromWho="2" sc="173,-81,397,-81,303,243,127,-81" /><BYE who="3" /><UN n3="%E3%81%B6%E3%82%8B%E3%81%82%E3%81%82%E3%81%82%E3%81%82%E3%81%82%EF%BC%81" /><INIT seed="2,2,0,4,1,36" ten="92,316,546,46" oya="2" hai0="18,123,88,46,128,107,118,16,44,79,50,63,124" hai1="22,14,11,100,31,80,43,20,35,15,73,57,19" hai2="133,102,115,2,38,41,114,97,68,131,33,96,26" hai3="104,53,60,74,54,49,48,8,69,103,34,111,23"/><V17/><F17/><W0/><G111/><T78/><D123/><U65/><E100/><V76/><F97/><W109/><G109/><T13/><D107/><U106/><E106/><V59/><F59/><W134/><G134/><T85/><D124/><U28/><E43/><V3/><F76/><N who="0" m="29226" /><D128/><U21/><E73/><V27/><F27/><W7/><G34/><T82/><D118/><U45/><E45/><V24/><F24/><W10/><G74/><T67/><D46/><U93/><E93/><V37/><F133/><W71/><G23/><T25/><D25/><U87/><E35/><V58/><F131/><W6/><G60/><T4/><D67/><U52/><E14/><V42/><F58/><W119/><G119/><T72/><D72/><U98/><E98/><V121/><F68/><W61/><G61/><T125/><D125/><U55/><E65/><V64/><F64/><W77/><G77/><T84/><D84/><U51/><E55/><V12/><F96/><W83/><G104/><T81/><D81/><U30/><E20/><V108/><F102/><W113/><G103/><T5/><D63/><U90/><AGARI ba="2,0" hai="11,15,19,21,22,28,30,31,51,52,57,80,87,90" machi="90" ten="30,4000,0" yaku="0,1,8,1,54,1" doraHai="36" who="1" fromWho="1" sc="92,-12,316,46,546,-22,46,-12" /><INIT seed="3,0,0,4,0,83" ten="80,362,524,34" oya="3" hai0="110,108,129,124,17,52,3,60,101,62,35,45,43" hai1="100,69,105,44,56,34,89,92,109,86,39,1,75" hai2="22,73,81,67,125,20,130,119,50,65,76,117,30" hai3="31,82,128,116,87,29,90,51,28,37,88,133,40"/><W54/><G116/><T24/><D3/><U12/><E1/><V104/><F104/><W42/><G133/><T122/><D122/><U15/><E75/><V80/><F50/><W132/><G132/><T61/><D101/><U2/><E2/><V32/><F32/><W111/><G128/><T4/><D4/><U127/><E127/><V64/><F30/><W55/><G37/><T57/><D129/><U14/><E69/><V112/><F130/><W91/><G111/><N who="0" m="42539" /><D124/><U0/><E0/><V9/><F9/><W63/><G63/><T21/><D35/><U53/><E34/><V25/><F25/><W123/><G123/><T114/><D114/><U58/><E109/><V106/><F106/><W99/><G99/><T79/><D79/><U26/><E26/><V98/><F98/><W77/><REACH who="3" step="1"/><G55/><REACH who="3" ten="80,362,524,24" step="2"/><T134/><D134/><U47/><E39/><AGARI ba="0,1" hai="17,21,24,39,43,45,52,57,60,61,62" m="42539" machi="39" ten="30,2000,0" yaku="14,1,54,1" doraHai="83" who="0" fromWho="1" sc="80,30,362,-20,524,0,24,0" owari="110,-29.0,342,14.0,524,63.0,24,-48.0" /></mjloggm>