<mjloggm ver="2.3"><GO type="169" lobby="0"/><UN n0="%73%68%6F%6F%74%33%39" n1="%E3%82%A6%E3%83%AB%E3%83%88%E3%83%A9%E7%AB%8B%E7%9B%B4" n2="%E3%81%97%E3%81%8A%E3%81%BE%E3%81%AD%E3%81%8D" n3="%E3%82%86%E3%81%86%E3%81%B4" dan="18,17,17,16" rate="2246.30,2165.75,2152.34,2133.11" sx="M,M,M,M"/><TAIKYOKU oya="0"/><INIT seed="0,0,0,0,5,62" ten="250,250,250,250" oya="0" hai0="20,16,29,64,110,130,50,45,115,30,9,81,93" hai1="36,125,56,100,24,87,26,96,63,55,10,0,126" hai2="28,42,51,74,82,12,91,44,69,71,120,123,17" hai3="133,128,5,109,107,122,49,108,38,40,135,4,84"/><T2/><D115/><U105/><E36/><V61/><F28/><W43/><G107/><T119/><D119/><U85/><E10/><V95/><F71/><W54/><G84/><N who="1" m="32330" /><E0/><V97/><F61/><W127/><G127/><AGARI ba="0,0" hai="24,26,55,56,63,96,100,105,125,126,127" m="32330" machi="127" ten="30,1000,0" yaku="18,1" doraHai="62" who="1" fromWho="3" sc="250,0,250,10,250,0,250,-10" /><INIT seed="1,0,0,2,5,129" ten="250,260,250,240" oya="1" hai0="38,67,20,74,135,91,57,110,132,96,17,105,2" hai1="0,54,7,49,48,47,103,5,117,75,88,71,98" hai2="28,51,69,55,36,24,68,123,18,82,27,100,97" hai3="86,13,56,111,63,131,22,44,34,39,12,124,128"/><U80/><E71/><V115/><F36/><W95/><G34/><T62/><D38/><U72/><E117/><V40/><F123/><W83/><G111/><T61/><D2/><U41/><E0/><V19/><F40/><W79/><G124/><T92/><D74/><U52/><E75/><V114/><F82/><W60/><G60/><T120/><D110/><U108/><E108/><V93/><F68/><W94/><G39/><T126/><D126/><U33/><E33/><V45/><F69/><W25/><G44/><T112/><D112/><N who="2" m="43050" /><F27/><W107/><G107/><T9/><D9/><U53/><E49/><V66/><F66/><W16/><G131/><T134/><D120/><U14/><E14/><N who="3" m="5738" /><G128/><T42/><D42/><U77/><REACH who="1" step="1"/><E88/><REACH who="1" ten="250,250,250,240" step="2"/><V116/><F116/><W30/><G30/><T35/><D35/><AGARI ba="0,1" hai="18,19,24,28,35,45,51,55,93,97,100" m="43050" machi="35" ten="30,1000,0" yaku="11,1" doraHai="129" who="2" fromWho="0" sc="250,-10,250,0,250,20,240,0" /><INIT seed="2,0,0,1,3,132" ten="240,250,270,240" oya="2" hai0="131,6,95,127,98,108,67,96,54,55,84,48,56" hai1="99,21,79,80,25,70,114,85,4,17,32,59,97" hai2="115,31,26,3,74,121,93,40,46,62,1,9,109" hai3="119,64,120,87,44,82,39,28,112,83,53,129,113"/><V89/><F121/><W20/><G119/><T45/><D108/><U15/><E70/><V27/><F115/><W124/><G120/><T11/><D131/><U43/><E114/><N who="3" m="44138" /><G129/><T38/><D67/><U133/><E133/><V14/><F74/><W123/><G123/><T65/><D65/><U47/><E59/><V81/><F81/><W118/><G118/><T52/><D127/><U51/><REACH who="1" step="1"/><E32/><REACH who="1" ten="240,240,270,240" step="2"/><V71/><F109/><W10/><G124/><T125/><D125/><U128/><E128/><V105/><F71/><W63/><G64/><T66/><D66/><U23/><E23/><V75/><F62/><W88/><G10/><AGARI ba="0,1" hai="4,10,15,17,21,25,43,47,51,79,80,85,97,99" machi="10" ten="40,8000,1" yaku="1,1,25,2,8,1,53,1" doraHai="132" doraHaiUra="77" who="1" fromWho="3" sc="240,0,240,90,270,0,240,-80" /><INIT seed="3,0,0,3,3,121" ten="240,330,270,160" oya="3" hai0="16,17,94,29,55,98,119,134,0,101,41,33,99" hai1="88,38,61,12,8,58,107,9,18,28,116,56,32" hai2="65,125,87,46,30,45,2,124,114,53,35,48,129" hai3="31,21,75,6,126,89,11,109,13,110,130,79,54"/><W4/><G126/><T47/><D119/><U77/><E38/><V68/><F2/><W14/><G75/><T66/><D134/><U3/><E107/><V1/><F1/><W122/><G79/><T85/><D0/><U82/><E116/><V34/><F87/><W127/><G122/><T76/><D66/><U97/><E28/><V44/><F30/><W7/><G89/><T57/><D33/><U10/><E32/><V118/><F118/><W62/><G127/><N who="2" m="48713" /><F34/><W120/><G120/><T117/><D29/><U20/><E61/><N who="2" m="39983" /><F35/><W91/><G91/><T52/><D117/><U22/><E22/><V5/><F5/><N who="3" m="3311" /><G130/><T24/><D99/><U112/><E112/><V78/><F78/><W81/><G81/><N who="0" m="47271" /><D24/><U69/><E69/><V84/><F84/><W93/><G93/><T105/><D105/><U103/><E3/><V63/><F114/><W25/><G54/><N who="0" m="20523" /><D57/><U67/><E58/><N who="2" m="35279" /><F129/><W106/><G106/><T123/><D123/><U40/><E82/><V23/><F23/><N who="3" m="15807" /><G62/><T113/><D113/><U26/><E77/><V131/><F131/><W86/><G86/><T49/><AGARI ba="0,0" hai="16,17,41,47,49,94,98,101" m="20523,47271" machi="49" ten="30,4000,0" yaku="8,1,54,2" doraHai="121" who="0" fromWho="0" sc="240,40,330,-10,270,-10,160,-20" /><INIT seed="4,0,0,2,4,113" ten="280,320,260,140" oya="0" hai0="0,84,108,88,76,42,129,33,90,61,39,58,103" hai1="106,86,112,16,116,5,52,49,93,56,40,12,27" hai2="104,114,71,123,59,70,99,74,3,68,91,67,11" hai3="81,8,37,102,89,55,83,120,85,51,28,4,98"/><T60/><D0/><U110/><E106/><V107/><F114/><W69/><G37/><T30/><D129/><U135/><E110/><V63/><F74/><W34/><G69/><T97/><D108/><U41/><E116/><V44/><F123/><W121/><G34/><T95/><D39/><U132/><E112/><V62/><F91/><W66/><G66/><T47/><D33/><U1/><E27/><V13/><F3/><W7/><G28/><T18/><D30/><U15/><E15/><V21/><F21/><W94/><G83/><T117/><D117/><U115/><E5/><V92/><F44/><W31/><G31/><T48/><D18/><U50/><E50/><V26/><F26/><W32/><G32/><T77/><D61/><U100/><E1/><V133/><F133/><N who="1" m="51273" /><E115/><V36/><F36/><W105/><G105/><T96/><D96/><N who="1" m="59407" /><E86/><V82/><F63/><W128/><G128/><T10/><D10/><AGARI ba="0,0" hai="10,12,16,40,41,49,52,56" m="59407,51273" machi="10" ten="30,3900,0" yaku="20,1,54,2" doraHai="113" who="1" fromWho="0" sc="280,-39,320,39,260,0,140,0" /><INIT seed="5,0,0,2,0,42" ten="241,359,260,140" oya="1" hai0="80,18,97,67,124,93,59,108,73,112,29,126,22" hai1="38,13,70,33,2,116,63,19,6,98,120,91,20" hai2="127,85,84,9,96,26,62,37,23,76,5,106,60" hai3="125,75,135,53,115,81,45,8,72,123,101,24,43"/><U41/><E116/><V34/><F127/><N who="0" m="48682" /><D108/><U44/><E33/><V68/><F37/><W119/><G125/><T25/><D112/><U58/><E70/><V89/><F76/><W110/><G115/><T36/><D36/><U11/><E120/><V50/><F50/><W104/><G110/><T103/><D73/><U134/><E134/><V79/><F34/><W102/><G119/><T117/><D117/><U132/><E132/><V7/><F79/><W69/><G123/><T55/><D80/><U56/><E63/><V16/><F85/><W46/><G104/><T130/><D130/><U99/><E99/><V77/><F77/><W4/><G69/><T47/><D67/><U10/><E10/><V54/><F7/><W92/><G24/><T61/><D47/><U78/><E78/><V17/><F68/><W51/><G135/><T90/><D29/><U39/><E39/><V48/><F96/><W122/><G92/><T129/><D129/><U28/><E28/><V1/><F106/><W49/><G122/><T113/><D113/><U14/><E2/><V118/><F17/><W3/><REACH who="3" step="1"/><G81/><REACH who="3" ten="241,359,260,130" step="2"/><T114/><D114/><U52/><E98/><V88/><F118/><W71/><G71/><T86/><D97/><U105/><E105/><V94/><REACH who="2" step="1"/><F89/><REACH who="2" ten="241,359,250,130" step="2"/><W30/><G30/><T82/><D82/><U131/><E91/><V64/><F64/><W31/><G31/><T57/><D103/><AGARI ba="0,2" hai="3,4,8,43,45,46,49,51,53,72,75,101,102,103" machi="103" ten="40,5200,0" yaku="1,1,52,2,53,0" doraHai="42" doraHaiUra="95" who="3" fromWho="0" sc="241,-52,359,0,250,0,130,72" /><INIT seed="6,0,0,1,2,51" ten="189,359,250,202" oya="2" hai0="86,114,58,93,82,120,65,85,9,68,108,91,28" hai1="39,69,71,7,122,46,6,38,92,45,97,70,126" hai2="102,8,80,105,104,95,98,116,73,84,35,132,41" hai3="129,112,12,10,130,111,17,127,5,76,37,100,110"/><V50/><F116/><W119/><G37/><T23/><D108/><U25/><E25/><V34/><F132/><W83/><G119/><T77/><D114/><U42/><E126/><V26/><F73/><W2/><G100/><T67/><D120/><U40/><E122/><V89/><F8/><W78/><G78/><T133/><D68/><U19/><E19/><V63/><F63/><W0/><G127/><T52/><D133/><U117/><E117/><V128/><F128/><N who="3" m="49259" /><G83/><T24/><D9/><U101/><AGARI ba="0,0" hai="6,7,38,39,40,42,45,46,69,70,71,92,97,101" machi="101" ten="30,2000,0" yaku="0,1,9,1" doraHai="51" who="1" fromWho="1" sc="189,-5,359,20,250,-10,202,-5" /><INIT seed="7,0,0,1,1,0" ten="184,379,240,197" oya="3" hai0="112,82,18,85,49,89,30,121,133,7,9,126,84" hai1="106,15,73,3,58,76,8,79,61,35,6,38,10" hai2="81,75,88,11,125,50,127,37,65,90,135,59,116" hai3="5,24,51,29,47,68,100,99,62,97,17,111,1"/><W124/><G124/><N who="2" m="47689" /><F37/><W22/><G111/><T14/><D121/><U134/><E35/><V2/><F135/><W95/><G68/><T96/><D126/><U102/><E73/><V55/><F65/><W91/><G62/><T74/><D133/><U72/><E72/><V110/><F110/><W131/><G131/><T114/><D30/><U132/><E38/><V34/><F34/><W118/><G118/><T57/><D74/><U64/><E132/><V19/><F116/><W12/><G1/><T87/><D96/><U56/><E134/><V41/><F41/><W66/><G66/><T104/><D104/><U93/><E106/><V60/><F60/><W27/><G29/><T36/><D36/><U113/><E113/><N who="0" m="43625" /><D18/><U107/><E107/><V13/><F2/><W129/><G129/><T43/><D57/><U105/><E58/><V108/><F108/><W16/><G99/><T130/><D130/><U23/><E105/><V31/><F31/><N who="3" m="17815" /><G100/><T77/><D89/><U101/><E101/><V122/><F122/><W128/><G128/><T120/><D120/><U26/><E102/><V46/><F59/><W44/><G44/><AGARI ba="0,0" hai="7,9,14,43,44,49,77,82,84,85,87" m="43625" machi="44" ten="30,7700,0" yaku="25,1,15,1,11,1,52,1" doraHai="0" who="0" fromWho="3" sc="184,77,379,0,240,0,197,-77" owari="261,6.0,379,48.0,240,-16.0,120,-38.0" /></mjloggm>