<mjloggm ver="2.3"><GO type="97" lobby="0"/><UN n0="%E3%83%8B%E3%83%88%E3%83%AD%E3%83%8B%E3%82%AF%E3%82%B9" n1="%E4%B8%83%E9%A6%99" n2="%68%61%70%70%61%39%31%36" n3="%E3%82%A6%E3%83%AB%E3%83%88%E3%83%A9%E7%AB%8B%E7%9B%B4" dan="15,15,15,15" rate="2019.32,2010.51,1956.06,1974.29" sx="M,F,M,M"/><TAIKYOKU oya="0"/><INIT seed="0,0,0,4,5,98" ten="250,250,250,250" oya="0" hai0="0,81,23,27,80,105,116,49,130,8,127,18,47" hai1="75,19,55,30,35,82,134,24,73,53,46,87,124" hai2="37,13,56,99,62,59,120,83,44,114,101,5,7" hai3="6,17,109,129,97,3,61,20,14,102,85,63,45"/><T118/><D130/><U104/><E134/><V16/><F120/><W42/><G129/><T100/><D127/><U119/><E124/><V117/><F117/><W74/><G74/><T84/><D0/><U1/><E1/><V110/><F114/><W103/><G109/><T64/><D64/><U113/><E113/><V33/><F33/><W86/><G6/><T94/><D105/><U40/><E104/><V32/><F32/><W106/><G3/><T22/><D8/><U69/><E69/><V71/><F71/><W93/><G85/><T11/><D11/><U52/><E19/><V108/><F44/><W77/><G77/><T76/><D81/><U133/><E133/><V58/><F83/><W121/><G121/><T65/><D65/><U90/><REACH who="1" step="1"/><E119/><REACH who="1" ten="250,240,250,250" step="2"/><V112/><F112/><W66/><G106/><T126/><D126/><U15/><E15/><V95/><F5/><W10/><G14/><T48/><D118/><U131/><E131/><V68/><F7/><W34/><G17/><T89/><D116/><U72/><E72/><V4/><F4/><W78/><G10/><T135/><D135/><U28/><E28/><V54/><F110/><W21/><G66/><T31/><D31/><U88/><E88/><V12/><F108/><W132/><G132/><T51/><D47/><U96/><E96/><V60/><F16/><W111/><G97/><N who="0" m="59447" /><D89/><U2/><E2/><V107/><F107/><W39/><G45/><T26/><D18/><U70/><E70/><V29/><F68/><W123/><G111/><T9/><D9/><U125/><E125/><V128/><F128/><RYUUKYOKU ba="0,1" sc="250,15,240,15,250,-15,250,-15" hai0="22,23,26,27,48,49,51,76,80,84" hai1="24,30,35,40,46,52,53,55,73,75,82,87,90" /><INIT seed="0,1,1,4,5,99" ten="265,255,235,235" oya="0" hai0="88,41,67,39,120,64,121,49,104,62,2,16,34" hai1="116,71,69,73,21,106,92,55,61,57,5,102,17" hai2="29,82,89,100,56,91,93,78,58,59,14,101,63" hai3="42,114,96,31,118,85,45,3,7,15,109,54,60"/><T74/><D74/><U81/><E106/><V48/><F78/><W22/><G3/><T36/><D104/><U98/><E116/><V76/><F29/><W80/><G114/><T38/><D34/><U126/><E5/><V103/><F93/><W125/><G118/><T6/><D6/><U26/><REACH who="1" step="1"/><E126/><REACH who="1" ten="265,245,235,235" step="2"/><V113/><F113/><W107/><G125/><T132/><D121/><U66/><E66/><V4/><F63/><W122/><G122/><T111/><D120/><U1/><E1/><V33/><F33/><W87/><G7/><T37/><D2/><U44/><E44/><V75/><REACH who="2" step="1"/><F48/><REACH who="2" ten="265,245,225,235" step="2"/><W129/><G60/><T84/><D39/><U79/><AGARI ba="1,3" hai="17,21,26,55,57,61,69,71,73,79,81,92,98,102" machi="79" ten="30,4000,0" yaku="1,1,0,1,52,1,53,0" doraHai="99" doraHaiUra="32" who="1" fromWho="1" sc="265,-21,245,73,225,-11,235,-11" /><INIT seed="1,0,0,5,3,131" ten="244,318,214,224" oya="1" hai0="76,35,41,78,96,110,55,134,17,56,104,118,75" hai1="91,18,5,19,23,115,99,103,102,72,114,89,54" hai2="70,33,48,21,0,80,3,95,97,92,30,130,10" hai3="123,4,67,79,26,51,47,126,133,34,106,86,98"/><U82/><E5/><V127/><F130/><W53/><G123/><T52/><D118/><U45/><E54/><V24/><F70/><W63/><G86/><T112/><D112/><U107/><E45/><V128/><F128/><W37/><G79/><T109/><D35/><U14/><E103/><V28/><F80/><W46/><G126/><T93/><D104/><U135/><E135/><V29/><F127/><W119/><G4/><T125/><D125/><U16/><E18/><V40/><F10/><W32/><G32/><T20/><D41/><U44/><E44/><N who="2" m="25607" /><F33/><W116/><G46/><T66/><D134/><U65/><E65/><V68/><F68/><W71/><G37/><T121/><D121/><U120/><E120/><V2/><F2/><W105/><G133/><T36/><D36/><U87/><E72/><V69/><F69/><W11/><G11/><T124/><D66/><U129/><E129/><V122/><F3/><W22/><G34/><T9/><D9/><U42/><E42/><V38/><F38/><W111/><G111/><N who="0" m="42507" /><D75/><U108/><E108/><V25/><F0/><W81/><G106/><T12/><D124/><U49/><E49/><V85/><F122/><W8/><G8/><T101/><D55/><U90/><REACH who="1" step="1"/><E19/><REACH who="1" ten="244,308,214,224" step="2"/><V1/><F1/><W15/><G119/><T100/><D101/><U117/><E117/><V27/><F21/><W113/><G116/><T74/><D74/><U43/><E43/><V39/><F39/><W61/><G67/><T83/><D20/><U60/><E60/><V73/><F73/><W132/><G22/><N who="0" m="11559" /><D83/><U6/><E6/><RYUUKYOKU ba="0,1" sc="244,15,308,15,214,-15,224,-15" hai0="52,56,76,78,93,96,100" hai1="14,16,23,82,87,89,90,91,99,102,107,114,115" /><INIT seed="1,1,1,1,0,35" ten="259,323,199,209" oya="1" hai0="135,45,134,85,21,16,102,93,39,82,44,72,19" hai1="2,117,32,86,73,4,131,130,96,132,80,17,78" hai2="6,51,1,123,127,101,112,30,106,50,42,113,46" hai3="7,41,59,90,76,88,105,26,74,95,5,91,22"/><U65/><E117/><V28/><F123/><W103/><G105/><T79/><D39/><U54/><E32/><V12/><F106/><W118/><G118/><T11/><D11/><N who="1" m="2455" /><E65/><V107/><F101/><W77/><G41/><T43/><D43/><U31/><E31/><N who="2" m="11819" /><F107/><W55/><G74/><T111/><D111/><U13/><E96/><V70/><F70/><W60/><G103/><T62/><D62/><U49/><E132/><N who="0" m="50729" /><D19/><U68/><E68/><V25/><F25/><W47/><G47/><T57/><D57/><U34/><E34/><V63/><F63/><W98/><G90/><N who="0" m="53455" /><D102/><U52/><E49/><V92/><F46/><W48/><G91/><T83/><D83/><N who="1" m="45519" /><E17/><V119/><F50/><W37/><G37/><T58/><D58/><U66/><E66/><V0/><F51/><W24/><G48/><T40/><D40/><U87/><E80/><V97/><F42/><W89/><G89/><T84/><D84/><U115/><E86/><V38/><F38/><W9/><G26/><AGARI ba="1,1" hai="16,21,26,44,45,72,79,82" m="53455,50729" machi="26" ten="30,2000,0" yaku="20,1,54,1" doraHai="35" who="0" fromWho="3" sc="259,33,323,0,199,0,209,-23" /><INIT seed="2,0,0,2,4,29" ten="292,323,199,186" oya="2" hai0="74,131,110,43,23,135,117,114,70,95,3,103,20" hai1="127,11,73,94,61,31,88,32,86,79,46,33,83" hai2="124,112,39,63,0,97,16,54,101,82,121,93,53" hai3="41,87,107,130,21,64,99,1,45,52,5,119,2"/><V111/><F121/><W100/><G119/><T56/><D114/><U84/><E127/><V66/><F112/><W81/><G130/><T13/><D70/><U55/><E11/><V25/><F39/><W40/><G64/><T57/><D74/><U98/><E31/><V49/><F0/><W78/><G2/><T80/><D3/><U9/><E9/><V38/><F38/><W115/><G115/><T19/><D117/><U17/><E17/><V120/><F120/><W7/><G1/><T92/><D131/><U48/><REACH who="1" step="1"/><E61/><REACH who="1" ten="292,313,199,186" step="2"/><V6/><F124/><W47/><G7/><T113/><D19/><U132/><E132/><V90/><F6/><W50/><G5/><T26/><D135/><U28/><E28/><V108/><F66/><W60/><G21/><T4/><D23/><U42/><E42/><V44/><F16/><W125/><G125/><T58/><D20/><U116/><E116/><V24/><F24/><W105/><G60/><T59/><D26/><U67/><E67/><V96/><F63/><W109/><G109/><N who="2" m="42057" /><F25/><W36/><REACH who="3" step="1"/><G41/><REACH who="3" ten="292,313,199,176" step="2"/><T18/><D43/><U102/><E102/><V14/><F14/><W15/><G15/><T30/><D103/><U118/><E118/><V12/><F12/><W65/><G65/><T35/><D13/><U10/><E10/><V129/><F129/><W106/><AGARI ba="0,2" hai="36,40,45,47,50,52,78,81,87,99,100,105,106,107" machi="106" ten="20,5200,0" yaku="1,1,0,1,7,1,54,1,53,0" doraHai="29" doraHaiUra="8" who="3" fromWho="3" sc="292,-13,313,-13,199,-26,176,72" /><INIT seed="3,0,0,4,2,133" ten="279,300,173,248" oya="3" hai0="103,45,33,115,132,29,36,87,51,99,58,126,90" hai1="60,57,104,70,72,71,30,89,80,59,24,79,10" hai2="112,16,128,62,111,116,85,3,34,78,77,119,121" hai3="23,39,76,15,18,40,109,35,67,91,75,110,61"/><W64/><G35/><T73/><D73/><U88/><E104/><V21/><F34/><W46/><G76/><T131/><D132/><U28/><E28/><V1/><F112/><W8/><G75/><T98/><D115/><U31/><E31/><V93/><F121/><W20/><G91/><T22/><D33/><U32/><E57/><V19/><F21/><W65/><G61/><T43/><D131/><U125/><E125/><V9/><F9/><W13/><G8/><T68/><D126/><U92/><E10/><V113/><F128/><W0/><G0/><T135/><D68/><U122/><E122/><V41/><F41/><W106/><G106/><T5/><D5/><U49/><E49/><V127/><F62/><W83/><G83/><T100/><D135/><U50/><E50/><V42/><F42/><W27/><G23/><T12/><D58/><U97/><E89/><V74/><F74/><W118/><G118/><T96/><D36/><U44/><E44/><V130/><F130/><W47/><G47/><T11/><D11/><U54/><AGARI ba="0,0" hai="24,30,32,54,59,60,70,71,72,79,80,88,92,97" machi="54" ten="20,2700,0" yaku="0,1,7,1,54,1" doraHai="133" who="1" fromWho="1" sc="279,-7,300,27,173,-7,248,-13" owari="272,7.0,327,42.0,166,-33.0,235,-16.0" /></mjloggm>