<mjloggm ver="2.3"><GO type="97" lobby="0"/><UN n0="%74%61%6B%65%6E%69%6B%75" n1="%E3%82%A6%E3%83%AB%E3%83%88%E3%83%A9%E7%AB%8B%E7%9B%B4" n2="%E3%82%AD%E3%83%A9%E3%83%A1%E3%82%AD%E3%83%A9%E3%83%AA" n3="%E5%8D%83%E7%9F%B3%E6%92%AB%E5%AD%90%40" dan="14,14,13,14" rate="1856.01,1957.11,1849.53,1959.42" sx="M,M,M,F"/><TAIKYOKU oya="0"/><INIT seed="0,0,0,0,1,105" ten="250,250,250,250" oya="0" hai0="76,27,121,72,51,35,2,95,24,126,75,7,98" hai1="46,100,102,110,128,127,6,91,32,52,15,33,93" hai2="96,31,90,134,106,13,10,125,58,86,130,115,60" hai3="36,53,101,21,30,107,43,50,112,17,114,28,54"/><T113/><D121/><U5/><E110/><V111/><F115/><W131/><G36/><T73/><D113/><U117/><E117/><V94/><F111/><W104/><G131/><T120/><D120/><U9/><E128/><V71/><F71/><W103/><G50/><T25/><D51/><N who="1" m="28791" /><E33/><V132/><F130/><W61/><G43/><T70/><D70/><U64/><E32/><V92/><F106/><W66/><G17/><T59/><D59/><U29/><E127/><V135/><F125/><W87/><G87/><T124/><D76/><U55/><E64/><V37/><F37/><W14/><G14/><T80/><D80/><U8/><E29/><V122/><F122/><W63/><G21/><T23/><D35/><U81/><E81/><V99/><F31/><W85/><G85/><T42/><D42/><U44/><E8/><V45/><F45/><W77/><G66/><T83/><D83/><U82/><E82/><V0/><F0/><W22/><G22/><T20/><D7/><U34/><E34/><V57/><F60/><W88/><G77/><T4/><D126/><U18/><E44/><V38/><F38/><W97/><G97/><T1/><D124/><U69/><E69/><V74/><F74/><W19/><G19/><T47/><D47/><U67/><E67/><V3/><F3/><W68/><G68/><T56/><D56/><N who="2" m="21610" /><F94/><W129/><G129/><T118/><D118/><U16/><E55/><V89/><F90/><AGARI ba="0,0" hai="28,30,53,54,61,63,88,90,101,103,104,107,112,114" machi="90" ten="25,3200,0" yaku="22,2,54,1" doraHai="105" who="3" fromWho="2" sc="250,0,250,0,250,-32,250,32" /><INIT seed="1,0,0,3,5,14" ten="250,250,218,282" oya="1" hai0="123,66,31,107,126,127,62,83,97,74,1,47,40" hai1="77,10,119,65,25,102,104,61,89,70,57,8,131" hai2="15,54,121,32,116,4,84,122,75,125,108,9,109" hai3="87,55,29,7,12,112,124,24,118,73,114,105,86"/><U44/><E119/><V42/><F75/><W88/><G73/><T36/><D31/><U82/><E131/><V132/><F42/><W80/><G105/><T38/><D1/><U91/><E70/><V50/><F116/><W58/><G118/><T98/><D98/><U99/><E44/><V100/><F100/><W53/><G124/><T11/><D11/><U23/><E10/><V35/><F125/><W133/><G133/><T69/><D38/><U52/><E8/><V34/><F132/><W95/><G7/><T28/><D28/><U134/><E134/><V59/><REACH who="2" step="1"/><F84/><REACH who="2" ten="250,250,208,282" step="2"/><W51/><G87/><T56/><D123/><AGARI ba="0,1" hai="4,9,15,32,34,35,50,54,59,108,109,121,122,123" machi="123" ten="50,3200,0" yaku="1,1,2,1,53,0" doraHai="14" doraHaiUra="111" who="2" fromWho="0" sc="250,-32,250,0,208,42,282,0" /><INIT seed="2,0,0,5,5,18" ten="218,250,250,282" oya="2" hai0="12,79,99,118,46,53,50,126,34,22,32,31,20" hai1="73,48,102,75,81,101,66,124,117,5,134,116,93" hai2="90,68,106,107,121,128,105,29,133,125,65,7,23" hai3="76,114,28,123,61,33,19,24,122,69,74,57,111"/><V72/><F72/><W92/><G69/><T82/><D99/><U14/><E66/><V10/><F121/><W113/><G111/><T16/><D118/><U27/><E27/><V51/><F68/><W47/><G47/><T71/><D71/><U108/><E14/><V52/><F65/><N who="3" m="39087" /><G92/><T17/><D31/><U58/><E5/><V9/><F133/><W30/><G30/><T115/><D115/><N who="3" m="44041" /><G19/><T100/><D100/><U26/><E58/><V109/><F109/><W135/><G135/><T15/><REACH who="0" step="1"/><D126/><REACH who="0" ten="208,250,250,282" step="2"/><U49/><E124/><V85/><F125/><W112/><G112/><T21/><D21/><U96/><E108/><V35/><F35/><W1/><G122/><T89/><D89/><U94/><E134/><V45/><F128/><W78/><G123/><T43/><D43/><U131/><E131/><V44/><F90/><W120/><G120/><T97/><D97/><U59/><E96/><V77/><F29/><W127/><G127/><T13/><D13/><U38/><E117/><V11/><F11/><W63/><G1/><T60/><D60/><U62/><E62/><V0/><F10/><W129/><G63/><T70/><D70/><U8/><E8/><V36/><F0/><W83/><G129/><T37/><D37/><U86/><E38/><V3/><F36/><W41/><G41/><T64/><D64/><U103/><E116/><V98/><F3/><W87/><G78/><T39/><D39/><U130/><E130/><V42/><F77/><W110/><G110/><T104/><D104/><U119/><E119/><V2/><F106/><W84/><AGARI ba="0,1" hai="24,28,33,74,76,83,84,87" m="44041,39087" machi="84" ten="30,2000,0" yaku="5,1,11,1" doraHai="18" who="3" fromWho="3" sc="208,-5,250,-5,250,-10,282,30" /><INIT seed="3,0,0,4,3,69" ten="203,245,240,312" oya="3" hai0="66,131,79,52,33,55,100,85,102,123,41,29,93" hai1="30,8,120,115,125,21,42,112,135,78,72,70,0" hai2="22,91,16,64,89,111,71,96,80,49,118,126,2" hai3="7,10,59,9,37,46,101,6,34,84,31,36,108"/><W105/><G101/><T45/><D123/><U77/><E120/><V26/><F118/><W122/><G122/><T51/><D131/><U109/><E70/><V39/><F39/><W11/><G105/><T56/><D33/><U106/><E106/><V62/><F2/><W127/><G59/><T60/><D29/><U27/><E109/><V47/><F111/><W129/><G108/><T128/><D128/><U23/><E77/><V104/><F126/><W82/><G127/><T44/><D44/><U5/><E125/><V94/><F104/><W38/><G129/><T63/><D63/><U81/><E135/><V88/><REACH who="2" step="1"/><F80/><REACH who="2" ten="203,245,230,312" step="2"/><W40/><G38/><T99/><D102/><U17/><E115/><V58/><F58/><W3/><G37/><T103/><D103/><U74/><E112/><V19/><F19/><W98/><G3/><T86/><D86/><U114/><E114/><V83/><F83/><AGARI ba="0,1" hai="41,45,51,52,55,56,60,66,79,83,85,93,99,100" machi="83" ten="40,2600,0" yaku="8,1,54,1" doraHai="69" who="0" fromWho="2" sc="203,36,245,0,230,-26,312,0" owari="239,-16.0,245,5.0,204,-30.0,312,41.0" /></mjloggm>