<mjloggm ver="2.3"><GO type="41" lobby="0"/><UN n0="%E6%B5%B7%E5%BA%95%E3%81%AE%E3%83%88%E3%82%B7" n1="%E8%88%AC%E5%8D%93%E3%81%AE%E9%A4%8A%E5%88%86" n2="%EF%BC%A1%EF%BC%86%EF%BC%A7" n3="%E3%82%A6%E3%83%AB%E3%83%88%E3%83%A9%E7%AB%8B%E7%9B%B4" dan="14,16,14,15" rate="1917.06,1995.45,1924.61,2013.10" sx="M,M,M,M"/><TAIKYOKU oya="0"/><INIT seed="0,0,0,1,1,89" ten="250,250,250,250" oya="0" hai0="65,19,81,56,130,33,45,14,38,79,92,20,113" hai1="61,86,135,30,27,11,110,104,93,41,16,9,49" hai2="51,66,124,83,84,71,95,22,127,76,117,134,60" hai3="67,73,80,28,55,37,118,58,96,122,15,23,98"/><T54/><D113/><U90/><E104/><V53/><F134/><W94/><G37/><T50/><D33/><U63/><E110/><V126/><F22/><W8/><G122/><T0/><D0/><U100/><E135/><V57/><REACH who="2" step="1"/><F95/><REACH who="2" ten="250,250,240,250" step="2"/><W105/><G105/><T18/><D130/><U132/><E132/><V64/><F64/><W115/><G115/><T17/><D65/><U2/><E93/><V131/><F131/><W75/><G67/><T36/><D92/><U10/><E10/><V52/><F52/><W26/><G118/><AGARI ba="0,1" hai="51,53,57,60,66,71,76,83,84,117,118,124,126,127" machi="118" ten="50,3200,0" yaku="1,1,18,1,53,0" doraHai="89" doraHaiUra="42" who="2" fromWho="3" sc="250,0,250,0,240,42,250,-32" /><INIT seed="1,0,0,1,1,35" ten="250,250,282,218" oya="1" hai0="97,131,39,120,84,112,133,67,110,92,77,72,53" hai1="115,71,85,83,0,98,15,60,51,121,40,56,16" hai2="88,41,79,6,47,21,12,101,10,126,65,7,134" hai3="76,25,78,114,93,50,30,108,22,26,61,33,20"/><U128/><E115/><V11/><F134/><W124/><G114/><T31/><D39/><U32/><E121/><V123/><F123/><W69/><G108/><T96/><D112/><U135/><E32/><V116/><F116/><W63/><G124/><T113/><D113/><U18/><E135/><V55/><F126/><W49/><G33/><T102/><D120/><U87/><E0/><V73/><F65/><W117/><G117/><T81/><D67/><U1/><E1/><V91/><F101/><W48/><G93/><N who="0" m="58639" /><D53/><U127/><E127/><V122/><F55/><W64/><REACH who="3" step="1"/><G63/><REACH who="3" ten="250,250,282,208" step="2"/><T109/><D133/><U54/><E60/><V82/><F122/><W27/><G27/><T24/><D24/><U118/><E118/><V28/><F82/><W42/><G42/><T14/><D14/><U62/><E40/><V13/><F12/><W5/><G5/><T2/><D109/><U75/><E15/><V68/><F13/><W90/><G90/><T3/><D110/><U130/><E83/><V8/><F88/><W59/><G59/><T29/><D77/><U104/><E56/><V4/><F91/><W129/><G129/><T111/><D131/><U52/><E128/><V100/><F6/><W95/><G95/><T36/><D92/><U17/><E130/><V58/><F4/><W23/><G23/><T70/><D111/><U44/><E104/><V119/><F7/><W9/><G9/><T37/><D70/><U43/><E43/><V38/><F68/><W106/><G106/><T66/><D66/><U46/><E71/><V107/><F107/><W57/><G57/><RYUUKYOKU ba="0,1" sc="250,-10,250,-10,282,-10,208,30" hai3="20,22,25,26,30,48,49,50,61,64,69,76,78" /><INIT seed="2,1,1,3,1,16" ten="240,240,272,238" oya="2" hai0="47,113,6,122,103,82,135,67,41,11,75,89,81" hai1="98,115,0,13,111,131,134,112,46,14,43,120,83" hai2="110,63,57,92,88,64,15,21,30,95,7,12,3" hai3="77,24,93,45,102,121,39,99,8,87,129,44,56"/><V101/><F3/><W71/><G71/><T130/><D122/><U25/><E0/><V17/><F110/><W117/><G121/><T1/><D113/><U97/><E120/><V91/><F30/><W4/><G117/><T5/><D5/><U33/><E111/><V70/><F70/><W109/><G109/><T78/><D130/><U116/><E116/><V19/><F7/><W38/><G129/><T27/><D27/><U74/><E131/><V127/><F127/><W100/><G100/><T85/><D135/><U9/><E134/><V50/><F50/><W60/><G38/><N who="0" m="21943" /><D67/><U80/><E33/><V34/><F34/><W28/><G39/><T61/><D61/><U118/><E118/><V40/><F40/><W94/><G94/><N who="2" m="35881" /><F101/><AGARI ba="1,1" hai="1,6,11,75,78,81,82,85,89,101,103" m="21943" machi="101" ten="30,1000,0" yaku="25,1" doraHai="16" who="0" fromWho="2" sc="240,23,240,0,272,-13,238,0" /><INIT seed="3,0,0,0,2,64" ten="263,240,259,238" oya="3" hai0="12,65,126,105,111,11,13,3,83,4,40,27,130" hai1="1,17,75,96,19,6,35,25,132,56,128,79,91" hai2="85,133,131,86,116,18,36,71,115,135,10,44,110" hai3="134,69,93,15,112,61,62,89,9,24,5,0,108"/><W39/><G39/><T55/><D105/><U114/><E114/><V49/><F115/><W107/><G107/><T98/><D111/><U73/><E132/><N who="2" m="50763" /><F110/><W53/><G112/><T121/><D121/><U123/><E123/><V43/><F116/><W68/><G108/><T84/><D126/><U125/><E125/><V76/><F131/><W104/><G104/><T101/><D130/><U77/><E128/><V113/><F113/><W14/><G134/><T94/><D65/><U80/><E1/><V100/><F100/><W28/><G15/><T66/><D66/><U81/><E6/><V78/><F49/><W127/><G0/><T99/><D99/><U109/><E109/><V32/><F32/><W59/><G62/><T29/><D40/><U63/><E35/><V58/><F58/><W37/><G37/><T117/><D55/><U26/><E91/><V31/><F31/><W87/><REACH who="3" step="1"/><G127/><REACH who="3" ten="263,240,259,228" step="2"/><T41/><D117/><U48/><E63/><V22/><F36/><W119/><G119/><T46/><D12/><U38/><E38/><V82/><F10/><W118/><G118/><T54/><D13/><U23/><E26/><V60/><F60/><W103/><G103/><T20/><D3/><U92/><E25/><V2/><F2/><W67/><G67/><T30/><D11/><U8/><E8/><V52/><F76/><W70/><G70/><T50/><D101/><U42/><E77/><V129/><F78/><W45/><G45/><T72/><D46/><U90/><E79/><V34/><F129/><W51/><G51/><T102/><D50/><U88/><E48/><RYUUKYOKU ba="0,1" sc="263,-10,240,-10,259,-10,228,30" hai3="5,9,14,24,28,53,59,61,68,69,87,89,93" /><INIT seed="3,1,1,0,3,59" ten="253,230,249,258" oya="3" hai0="95,46,56,53,121,69,42,37,8,88,0,125,102" hai1="119,19,45,47,108,14,23,117,97,89,40,90,26" hai2="67,118,132,122,34,92,25,111,133,114,3,99,127" hai3="96,68,30,54,73,27,105,18,32,109,49,44,115"/><W17/><G115/><T93/><D121/><U129/><E108/><V123/><F3/><W100/><G73/><T31/><D125/><U50/><E129/><V72/><F72/><W21/><G109/><T126/><D126/><U87/><E97/><V62/><F127/><W103/><G103/><T85/><D31/><U71/><E71/><N who="2" m="42487" /><F111/><W9/><G9/><T1/><D69/><U6/><E47/><V79/><F79/><W106/><G106/><T12/><D102/><U38/><E38/><V63/><F118/><N who="1" m="45065" /><E87/><V120/><F114/><W64/><REACH who="3" step="1"/><G21/><REACH who="3" ten="253,230,249,248" step="2"/><T24/><D24/><U43/><E43/><V77/><F25/><W58/><G58/><T135/><D135/><U4/><E26/><V84/><F34/><W124/><G124/><T2/><D8/><U39/><E23/><V134/><F134/><W78/><G78/><T57/><D57/><U36/><E89/><N who="2" m="55695" /><F132/><W7/><G7/><T75/><D56/><U107/><E107/><V48/><F133/><W82/><G82/><T22/><D22/><N who="1" m="11639" /><E90/><V65/><F77/><W91/><G91/><T16/><D88/><U55/><E6/><V66/><F84/><W101/><G101/><T104/><D85/><U20/><E20/><V33/><F33/><W29/><G29/><T83/><D104/><U128/><E4/><V130/><F120/><W28/><G28/><T35/><D35/><U10/><E10/><V81/><F122/><W41/><G41/><T74/><D42/><U76/><E76/><V52/><F123/><W70/><G70/><T110/><D110/><U131/><E40/><V86/><F86/><RYUUKYOKU ba="1,2" sc="253,-15,230,15,249,-15,248,15" hai1="36,39,45,50,55,128,131" hai3="17,18,27,30,32,44,49,54,64,68,96,100,105" /><INIT seed="3,2,2,4,0,49" ten="238,245,234,263" oya="3" hai0="64,39,110,29,90,132,86,26,1,28,101,77,6" hai1="113,126,18,104,97,11,70,24,38,4,100,71,47" hai2="23,41,123,118,127,93,53,114,105,14,74,27,107" hai3="82,21,103,12,19,95,111,25,121,116,85,65,48"/><W78/><G121/><T2/><D39/><U7/><E113/><V79/><F114/><W91/><G116/><T109/><D132/><U40/><E126/><V87/><F118/><W81/><G111/><N who="0" m="42507" /><D77/><U119/><E119/><V31/><F74/><W122/><G122/><T16/><D101/><U80/><E80/><V46/><F123/><W66/><G103/><T102/><D102/><U62/><E62/><V117/><F117/><W96/><G82/><N who="0" m="49495" /><D64/><U32/><E7/><V83/><F127/><W57/><G25/><T0/><D6/><U20/><REACH who="1" step="1"/><E32/><REACH who="1" ten="238,235,234,263" step="2"/><V56/><F83/><W60/><G60/><T108/><D108/><U51/><E51/><V55/><F79/><W134/><G134/><T45/><D45/><U34/><E34/><V61/><F46/><W54/><AGARI ba="2,3" hai="12,19,21,48,54,57,65,66,78,81,85,91,95,96" machi="54" ten="30,6000,0" yaku="0,1,8,1,52,1" doraHai="49" who="3" fromWho="3" sc="238,-22,235,-22,234,-22,263,96" /><INIT seed="3,3,0,4,1,114" ten="216,213,212,359" oya="3" hai0="56,115,104,76,112,109,51,131,95,120,79,13,37" hai1="92,87,33,72,75,9,73,42,117,16,19,39,88" hai2="93,23,85,47,30,89,90,27,68,103,40,105,98" hai3="82,134,71,67,55,18,17,6,43,78,111,38,102"/><W116/><G102/><T7/><D104/><U4/><E33/><V64/><F90/><W69/><G18/><T127/><D37/><U97/><E117/><V46/><REACH who="2" step="1"/><F40/><REACH who="2" ten="216,213,202,359" step="2"/><W126/><G43/><T99/><D115/><U5/><E42/><V35/><F35/><W91/><G91/><T74/><D112/><U34/><E34/><V20/><F20/><W57/><G78/><T119/><D79/><U14/><E39/><V125/><F125/><W70/><G38/><T101/><D76/><U31/><E31/><V124/><F124/><W10/><G126/><T28/><D127/><U53/><E4/><V123/><F123/><W15/><G6/><T81/><D28/><U121/><E121/><V63/><AGARI ba="3,1" hai="23,27,30,46,47,63,64,68,85,89,93,98,103,105" machi="63" ten="30,2000,0" yaku="1,1,0,1,53,0" doraHai="114" doraHaiUra="50" who="2" fromWho="2" sc="216,-8,213,-8,202,39,359,-13" /><INIT seed="4,0,0,3,2,104" ten="208,205,241,346" oya="0" hai0="52,128,54,50,14,90,77,127,116,66,87,33,68" hai1="24,120,47,39,19,1,114,70,59,117,27,85,95" hai2="63,111,11,109,38,4,31,129,79,51,125,6,35" hai3="93,15,133,62,107,56,43,21,10,32,69,75,98"/><T78/><D116/><U16/><E70/><V118/><F38/><W102/><G32/><T45/><D33/><U13/><E117/><V22/><F118/><W108/><G69/><T100/><D100/><U132/><E1/><V26/><F125/><W81/><G108/><T126/><D128/><U57/><E120/><V76/><F129/><W30/><G133/><T2/><D2/><U41/><E132/><V49/><F63/><W61/><G107/><T115/><D115/><U58/><E114/><V18/><F79/><W92/><G92/><T5/><D54/><U55/><E55/><V36/><F36/><W67/><G62/><N who="0" m="40023" /><D14/><U97/><E85/><V65/><F65/><W86/><G75/><T0/><D5/><U23/><REACH who="1" step="1"/><E19/><REACH who="1" ten="208,195,241,346" step="2"/><V64/><F18/><N who="3" m="8567" /><G43/><T122/><D0/><U60/><E60/><V134/><F134/><W89/><G30/><T74/><D122/><U42/><E42/><V130/><F130/><W121/><G121/><T113/><D113/><U9/><E9/><V53/><F31/><W80/><G80/><N who="0" m="49511" /><D74/><U44/><E44/><V110/><F109/><W84/><G84/><T7/><D7/><U40/><E40/><V12/><F4/><W112/><G112/><T94/><D94/><U71/><E71/><V135/><F6/><W88/><G21/><T103/><D103/><AGARI ba="0,1" hai="13,16,23,24,27,39,41,47,57,58,59,95,97,103" machi="103" ten="40,2600,0" yaku="1,1,54,1,53,0" doraHai="104" doraHaiUra="3" who="1" fromWho="0" sc="208,-26,195,36,241,0,346,0" /><AGARI ba="0,0" hai="56,61,67,81,86,88,89,93,98,102,103" m="8567" machi="103" ten="30,2000,0" yaku="8,1,54,1" doraHai="104" who="3" fromWho="0" sc="182,-20,231,0,241,0,346,20" /><INIT seed="5,0,0,2,4,66" ten="162,231,241,366" oya="1" hai0="5,1,124,92,13,69,23,40,29,19,37,93,57" hai1="72,17,117,43,102,75,68,46,114,6,113,109,82" hai2="50,25,133,2,21,87,99,100,106,52,54,20,22" hai3="18,14,45,95,64,53,91,11,34,59,120,51,121"/><U30/><E117/><V74/><F74/><W76/><G34/><T84/><D124/><U28/><E109/><V26/><F2/><W16/><G76/><T47/><D1/><U132/><E132/><V56/><F133/><W78/><G78/><T110/><D110/><U98/><E6/><V36/><F36/><W12/><G64/><T7/><D29/><N who="1" m="11371" /><E17/><V73/><F73/><W119/><G119/><T42/><D42/><U129/><E129/><V118/><F118/><W103/><G103/><T3/><D3/><U96/><E68/><V107/><F107/><W80/><G80/><T115/><D115/><N who="1" m="44043" /><E82/><V135/><F135/><W130/><G130/><T131/><D131/><U116/><E116/><V81/><REACH who="2" step="1"/><F54/><REACH who="2" ten="162,231,231,366" step="2"/><W104/><G104/><T58/><D93/><U32/><E75/><V60/><F60/><W8/><G120/><T10/><D92/><U71/><E72/><V63/><F63/><W67/><G121/><T86/><D86/><U83/><E98/><V122/><F122/><W88/><G95/><T27/><D84/><U62/><E62/><AGARI ba="0,1" hai="8,11,12,14,16,18,45,51,53,59,62,67,88,91" machi="62" ten="40,8000,1" yaku="9,1,8,1,54,2" doraHai="66" who="3" fromWho="1" sc="162,0,231,-80,231,0,366,90" /><INIT seed="6,0,0,0,1,18" ten="162,151,231,456" oya="2" hai0="76,79,28,112,17,38,66,95,86,20,102,27,132" hai1="129,105,41,35,65,14,73,125,48,53,1,4,46" hai2="106,74,122,68,12,32,21,96,49,25,110,50,70" hai3="2,51,109,90,101,126,7,114,115,117,133,15,10"/><V83/><F122/><W135/><G101/><T11/><D38/><U36/><E105/><V8/><F32/><W113/><G109/><T52/><D112/><U22/><E35/><V3/><F3/><W13/><G117/><T131/><D132/><N who="3" m="50761" /><G126/><T128/><D66/><U44/><E125/><V55/><F110/><W72/><G72/><T60/><D102/><U58/><E129/><N who="0" m="49737" /><D95/><U0/><E73/><V37/><F37/><W93/><G51/><T16/><D11/><U85/><E85/><AGARI ba="0,0" hai="2,7,10,13,15,85,90,93,113,114,115" m="50761" machi="85" ten="40,5200,0" yaku="15,1,11,1,20,1" doraHai="18" who="3" fromWho="1" sc="162,0,151,-52,231,0,456,52" /><INIT seed="7,0,0,0,4,99" ten="162,99,231,508" oya="3" hai0="91,35,102,46,60,2,105,87,57,72,82,115,94" hai1="50,70,6,11,73,22,40,108,23,133,80,100,69" hai2="24,16,129,132,113,58,86,75,83,125,119,95,49" hai3="78,13,71,107,15,104,88,38,121,59,64,32,41"/><W26/><G71/><T44/><D35/><U98/><E108/><V110/><F75/><W77/><G77/><T66/><D2/><U124/><E124/><V131/><F113/><W14/><G14/><T8/><D8/><U52/><E40/><V25/><F125/><W53/><G53/><T28/><D28/><U120/><E120/><V0/><F0/><W51/><G51/><T21/><D21/><U10/><E133/><V97/><F110/><W84/><G84/><T47/><D47/><U135/><E135/><V62/><F49/><W29/><G29/><T34/><D34/><U48/><E73/><V19/><F119/><W37/><G37/><T76/><D115/><U130/><E130/><V12/><F132/><W1/><G1/><T4/><REACH who="0" step="1"/><D4/><REACH who="0" ten="152,99,231,508" step="2"/><U89/><E80/><V112/><F112/><W17/><G15/><T116/><D116/><U103/><E89/><V79/><F12/><W90/><G59/><T55/><D55/><U9/><E6/><V45/><F45/><W39/><G107/><T81/><D81/><U118/><E118/><V65/><F129/><W101/><G39/><T27/><D27/><N who="2" m="10314" /><F131/><W122/><G26/><T117/><D117/><U31/><E31/><V109/><F109/><W7/><G17/><T5/><D5/><U96/><E9/><V42/><F19/><W33/><G78/><T68/><D68/><U20/><E20/><V63/><F16/><W18/><G64/><T3/><D3/><U93/><E52/><V92/><F83/><W123/><G41/><T56/><D56/><U61/><E61/><V54/><F63/><RYUUKYOKU ba="0,1" sc="152,15,99,15,231,-15,508,-15" hai0="44,46,57,60,66,72,76,82,87,91,94,102,105" hai1="10,11,22,23,48,50,69,70,93,96,98,100,103" owari="167,-23.0,114,-39.0,216,2.0,503,60.0" /></mjloggm>