<mjloggm ver="2.3"><GO type="97" lobby="0"/><UN n0="%E4%BB%8A%E5%B7%9D%E9%9B%B7%E8%9D%B6" n1="%E3%81%A8%E3%82%93%E3%81%A8%E3%82%93%E3%81%A9%E3%82%89%E3%81%A9%E3%82%89" n2="%E3%82%A6%E3%83%AB%E3%83%88%E3%83%A9%E7%AB%8B%E7%9B%B4" n3="%E3%81%9D%E3%81%93%E3%82%92%E5%8F%B3%E3%81%A7%E3%81%99" dan="14,14,13,14" rate="1952.72,1934.51,1849.88,1873.73" sx="F,M,M,M"/><TAIKYOKU oya="0"/><INIT seed="0,0,0,1,0,78" ten="250,250,250,250" oya="0" hai0="27,67,116,98,125,14,36,44,124,49,51,134,111" hai1="1,42,93,126,100,82,97,95,29,10,81,48,64" hai2="99,61,69,53,9,90,50,108,2,37,118,103,113" hai3="34,62,26,31,46,4,109,19,56,107,110,33,63"/><T122/><D116/><U135/><E126/><N who="0" m="48745" /><D122/><U129/><E135/><V117/><F113/><W24/><G107/><T94/><D134/><U72/><E129/><V35/><F35/><W12/><G4/><T102/><D67/><U96/><E72/><V15/><F37/><W18/><G46/><T6/><D27/><U75/><E75/><V43/><F2/><W39/><G39/><T91/><D111/><N who="3" m="42505" /><G62/><T132/><D102/><U47/><E64/><V22/><F108/><W54/><G12/><T73/><D132/><U88/><E29/><AGARI ba="0,0" hai="18,19,24,26,29,31,33,34,54,56,63" m="42505" machi="29" ten="30,1000,0" yaku="14,1" doraHai="78" who="3" fromWho="1" sc="250,0,250,-10,250,0,250,10" /><INIT seed="1,0,0,2,1,114" ten="250,240,250,260" oya="1" hai0="120,38,131,128,121,65,22,30,90,134,49,115,10" hai1="13,66,54,104,62,101,118,33,23,97,9,130,43" hai2="20,122,50,26,116,93,129,3,112,21,125,83,5" hai3="127,132,86,77,81,16,63,79,95,58,74,82,36"/><U35/><E130/><N who="0" m="49705" /><D38/><U60/><E118/><V46/><F122/><N who="0" m="47210" /><D115/><U113/><E43/><V2/><F116/><W107/><G36/><T27/><D65/><U14/><E113/><V126/><F112/><W76/><G132/><T72/><D72/><U85/><E85/><V47/><F93/><W133/><G133/><T105/><D105/><U19/><E54/><V89/><F129/><W108/><G108/><T96/><D134/><U70/><REACH who="1" step="1"/><E62/><REACH who="1" ten="250,230,250,260" step="2"/><V41/><F41/><W25/><G86/><T67/><D67/><U52/><E52/><V39/><F125/><W1/><G127/><T124/><D124/><U45/><E45/><V37/><F126/><W28/><G63/><T0/><D49/><U117/><E117/><V123/><F50/><W135/><G74/><T11/><D96/><U106/><E106/><V53/><F53/><W69/><G107/><T59/><D59/><U91/><E91/><V40/><F123/><W42/><G58/><T103/><D90/><U94/><E94/><V12/><F89/><W8/><G95/><T111/><D103/><U64/><E64/><V119/><F119/><W24/><G42/><T99/><D99/><U18/><AGARI ba="0,1" hai="9,13,14,18,19,23,33,35,60,66,70,97,101,104" machi="18" ten="20,3900,0" yaku="1,1,0,1,7,1,53,0" doraHai="114" doraHaiUra="87" who="1" fromWho="1" sc="250,-13,230,49,250,-13,260,-13" /><INIT seed="1,1,0,3,5,69" ten="237,279,237,247" oya="1" hai0="24,126,121,62,3,67,127,134,94,8,54,33,92" hai1="28,108,84,50,85,39,79,122,102,115,78,82,53" hai2="71,81,22,17,9,88,5,51,14,25,35,104,128" hai3="70,37,52,21,113,16,27,111,55,118,23,0,77"/><U42/><E122/><V133/><F104/><W99/><G111/><T130/><D134/><U46/><E115/><V29/><F71/><W6/><G113/><T101/><D121/><U109/><E102/><V26/><F133/><W96/><G70/><T56/><D130/><U98/><E98/><V105/><F105/><W129/><G129/><T10/><D67/><U64/><E64/><V75/><F128/><W58/><G37/><T125/><D3/><U44/><E28/><V80/><F51/><W43/><G43/><T106/><D106/><U30/><E30/><V119/><F119/><W7/><G118/><T12/><D101/><U124/><E124/><V135/><F135/><W19/><G77/><T11/><D12/><U103/><E103/><V95/><REACH who="2" step="1"/><F75/><REACH who="2" ten="237,279,227,247" step="2"/><W112/><G112/><T68/><D68/><U132/><E132/><V73/><F73/><W48/><G48/><T120/><D120/><U36/><E36/><V97/><AGARI ba="1,1" hai="5,9,14,17,22,25,26,29,35,80,81,88,95,97" machi="97" ten="20,5200,0" yaku="1,1,0,1,7,1,54,1,53,0" doraHai="69" doraHaiUra="63" who="2" fromWho="2" sc="237,-14,279,-27,227,65,247,-14" /><INIT seed="2,0,0,1,5,93" ten="223,252,292,233" oya="2" hai0="133,89,18,14,35,134,120,79,57,22,0,11,26" hai1="21,92,81,80,104,108,16,34,61,116,122,117,65" hai2="101,58,78,9,72,40,95,100,130,60,54,52,7" hai3="19,84,96,5,63,47,111,51,42,132,90,106,109"/><V6/><F130/><W119/><G119/><T12/><D79/><U102/><E122/><V25/><F40/><W44/><G5/><N who="2" m="1545" /><F72/><W4/><G4/><N who="0" m="1415" /><D89/><U3/><E3/><V50/><F78/><W64/><G132/><N who="0" m="50795" /><D57/><U62/><E34/><V36/><F36/><W128/><G128/><T28/><D14/><U29/><E29/><V123/><F123/><AGARI ba="0,0" hai="12,18,22,26,28,35,120,123" m="50795,1415" machi="123" ten="30,7700,0" yaku="24,1,20,1,34,2" doraHai="93" who="0" fromWho="2" sc="223,77,252,0,292,-77,233,0" /><INIT seed="3,0,0,4,5,87" ten="300,252,215,233" oya="3" hai0="105,96,47,123,49,35,18,132,33,77,80,11,91" hai1="72,25,30,67,16,26,68,24,79,8,90,110,115" hai2="1,109,31,36,15,10,55,133,39,82,63,32,117" hai3="130,9,0,38,86,85,48,23,104,12,88,125,45"/><W41/><G104/><T98/><D123/><U17/><E115/><V51/><F117/><W92/><G130/><T127/><D132/><U28/><E110/><V129/><F109/><W135/><G135/><T114/><D127/><U19/><E79/><V81/><F133/><W95/><G125/><T59/><D59/><U74/><E68/><V116/><F129/><W64/><G0/><T103/><D114/><U66/><E8/><V93/><F116/><W112/><G112/><T100/><D11/><U75/><REACH who="1" step="1"/><E90/><REACH who="1" ten="300,242,215,233" step="2"/><V126/><F126/><W14/><G9/><T44/><D77/><U76/><E76/><V58/><F1/><W29/><G38/><T119/><D91/><U34/><E34/><V120/><F39/><W113/><G113/><T6/><D119/><U7/><E7/><V107/><F36/><W27/><G64/><AGARI ba="0,1" hai="16,17,19,24,25,26,28,30,64,66,67,72,74,75" machi="64" ten="50,16000,3" yaku="1,1,29,2,28,2,54,1,53,3" doraHai="87" doraHaiUra="21" who="1" fromWho="3" sc="300,0,242,170,215,0,233,-160" owari="300,10.0,412,51.0,215,-18.0,73,-43.0" /></mjloggm>