<mjloggm ver="2.3"><GO type="169" lobby="0"/><UN n0="%E3%82%A6%E3%83%AB%E3%83%88%E3%83%A9%E7%AB%8B%E7%9B%B4" n1="%53%50%49%43%41%40%58" n2="%E6%B9%98%E5%8C%97%E2%91%AD%E4%B8%89%E4%BA%95%E5%AF%BF" n3="%E8%B1%86%E7%89%B9%EF%BC%A0%E6%B2%B3%E6%9D%91%E8%BB%8D%E5%9B%A3" dan="17,18,16,16" rate="2191.72,2174.50,2099.91,2045.54" sx="M,M,M,M"/><TAIKYOKU oya="0"/><INIT seed="0,0,0,4,5,118" ten="250,250,250,250" oya="0" hai0="72,42,48,32,128,30,2,88,85,20,100,114,17" hai1="5,81,24,80,46,39,134,98,135,127,8,35,15" hai2="86,120,52,26,37,113,43,51,28,55,63,45,69" hai3="133,96,111,29,21,60,74,121,131,16,102,132,103"/><T34/><D72/><U79/><E127/><V31/><F113/><W110/><G74/><T99/><D114/><U77/><E98/><V129/><F129/><W12/><G131/><T92/><D2/><U78/><E39/><V82/><F120/><W7/><G121/><T1/><D1/><U67/><E67/><V9/><F9/><N who="3" m="4159" /><G29/><T62/><D30/><N who="1" m="19911" /><E46/><V94/><F94/><N who="3" m="58647" /><G103/><T125/><D125/><U68/><E68/><V22/><F31/><W122/><G122/><T0/><D0/><U130/><E130/><V75/><F75/><W10/><G10/><T116/><D116/><U87/><E87/><V112/><F112/><W23/><G23/><T58/><D128/><U61/><E61/><V14/><F14/><N who="3" m="9367" /><G60/><T84/><D34/><U73/><E73/><V36/><F36/><W11/><G11/><T19/><D32/><U93/><E93/><V13/><F13/><W40/><G40/><T70/><D70/><U108/><E108/><AGARI ba="0,0" hai="108,110,111,132,133" m="9367,58647,4159" machi="108" ten="30,2000,0" yaku="14,1,54,1" doraHai="118" who="3" fromWho="1" sc="250,0,250,-20,250,0,250,20" /><INIT seed="1,0,0,2,5,64" ten="250,230,250,270" oya="1" hai0="16,123,121,13,55,62,109,95,7,6,100,65,41" hai1="9,88,71,34,15,78,115,104,44,91,76,17,18" hai2="67,2,33,130,49,10,113,68,83,73,133,51,110" hai3="81,21,93,135,111,87,77,128,26,47,23,43,116"/><U72/><E115/><V98/><F33/><W99/><G111/><T92/><D41/><U106/><E34/><V39/><F39/><W14/><G128/><T12/><D55/><U129/><E129/><V69/><F113/><W105/><G105/><T38/><D38/><U80/><E44/><V31/><F31/><W118/><G118/><T60/><D65/><U85/><E76/><V112/><F130/><W57/><G116/><T124/><D100/><U56/><E71/><V42/><F112/><W75/><G75/><T5/><D109/><U20/><E56/><V8/><F110/><W30/><G57/><T122/><D124/><U86/><E72/><V28/><F28/><W126/><G126/><T96/><D96/><U37/><E78/><V114/><F114/><W102/><G135/><T27/><D27/><U79/><E79/><V52/><F133/><W1/><G1/><T90/><D90/><U22/><E9/><V70/><F67/><W63/><G63/><N who="0" m="24107" /><D16/><U108/><E37/><V50/><F2/><W127/><G127/><T40/><D40/><U35/><E35/><V61/><F42/><W89/><G43/><T25/><D25/><U103/><E103/><V59/><F98/><W3/><G3/><T117/><D117/><U107/><E108/><V11/><F73/><W4/><G47/><T36/><D36/><U53/><E53/><V45/><F45/><W32/><G102/><T120/><N who="0" m="30720" /><DORA hai="97" /><T0/><D0/><U19/><E15/><AGARI ba="0,0" hai="5,6,7,12,13,15,92,95" m="30720,24107" machi="15" ten="60,7700,0" yaku="28,2,13,1" doraHai="64,97" who="0" fromWho="1" sc="250,77,230,-77,250,0,270,0" /><INIT seed="2,0,0,4,2,106" ten="327,153,250,270" oya="2" hai0="6,123,125,30,14,1,122,91,108,82,64,55,112" hai1="31,3,2,134,25,110,126,107,79,22,69,127,81" hai2="53,57,44,67,40,46,116,18,65,124,133,58,74" hai3="75,45,60,95,109,56,103,93,89,39,114,4,13"/><V5/><F116/><W38/><G109/><T24/><D1/><U115/><E115/><V83/><F5/><W8/><G114/><T118/><D112/><U29/><E107/><V26/><F124/><N who="1" m="47657" /><E69/><V98/><F133/><W80/><G103/><T111/><D118/><U84/><E110/><N who="0" m="42025" /><D64/><U35/><E134/><V36/><F98/><W90/><G45/><T10/><D55/><U119/><E119/><V9/><F46/><W132/><G132/><T47/><D47/><U77/><E77/><V62/><F58/><W66/><G95/><T15/><D125/><U96/><E96/><V7/><F18/><W73/><G80/><T87/><D15/><U71/><E71/><V59/><F26/><AGARI ba="0,0" hai="2,3,22,25,26,29,31,35,79,81,84" m="47657" machi="26" ten="30,1000,0" yaku="18,1" doraHai="106" who="1" fromWho="2" sc="327,0,153,10,250,-10,270,0" /><INIT seed="3,0,0,2,2,13" ten="327,163,240,270" oya="3" hai0="71,6,135,0,66,8,129,38,57,85,65,63,30" hai1="130,48,20,82,28,99,69,127,14,45,2,3,5" hai2="41,81,110,23,24,119,1,126,106,102,60,10,29" hai3="123,93,27,113,62,70,115,42,131,4,47,7,95"/><W83/><G123/><T121/><D38/><U59/><E69/><V74/><F119/><W100/><G131/><T36/><D36/><U134/><E130/><V39/><F110/><W68/><G27/><T26/><D121/><U51/><E134/><V12/><F126/><W19/><G83/><T22/><D129/><U84/><E127/><V133/><F133/><W86/><G86/><T73/><D73/><U25/><E99/><V54/><F106/><W11/><G62/><T9/><D135/><U111/><E111/><V88/><F102/><W77/><G77/><T124/><D124/><U17/><E59/><N who="2" m="34935" /><F1/><W40/><G11/><T117/><D117/><U37/><E37/><V33/><F33/><W44/><REACH who="3" step="1"/><G100/><REACH who="3" ten="327,163,240,260" step="2"/><T53/><D9/><U109/><E109/><V108/><F108/><W52/><G52/><T78/><D71/><U120/><E120/><V107/><F74/><W103/><G103/><T132/><D132/><U116/><E116/><V98/><F107/><W58/><G58/><T87/><D87/><U16/><E2/><V18/><F39/><W21/><G21/><T101/><D101/><U122/><E3/><V35/><F35/><W96/><G96/><T125/><D125/><U75/><E75/><V112/><F112/><W43/><G43/><T32/><D32/><U46/><E122/><V118/><F118/><W105/><G105/><T104/><D104/><U15/><E84/><N who="2" m="50191" /><F98/><W92/><G92/><T49/><D63/><U79/><E82/><V72/><F72/><W64/><G64/><N who="0" m="24683" /><D85/><U94/><E94/><V90/><F90/><W97/><G97/><RYUUKYOKU ba="0,1" sc="327,10,163,-30,240,10,260,10" hai0="0,6,8,22,26,30,49,53,57,78" hai2="10,12,18,23,24,29,41" hai3="4,7,19,40,42,44,47,68,70,93,95,113,115" /><INIT seed="3,1,1,3,3,48" ten="337,133,250,270" oya="3" hai0="95,63,20,54,70,134,120,84,121,27,23,65,61" hai1="117,8,102,31,71,32,4,94,116,37,47,10,78" hai2="133,25,6,97,80,9,93,118,26,24,28,86,13" hai3="113,112,119,92,66,107,45,50,11,67,114,100,104"/><W127/><G119/><T41/><D134/><U99/><E71/><V52/><F133/><W51/><G127/><T123/><D41/><U44/><E10/><V77/><F118/><W124/><G124/><T0/><D0/><U19/><E19/><V3/><F3/><W58/><G11/><T1/><D1/><U7/><E7/><V62/><F28/><W38/><G38/><T57/><D27/><U115/><E115/><V56/><F26/><W60/><G67/><T128/><D128/><U42/><E47/><V126/><F126/><W131/><G131/><T132/><D132/><U74/><E31/><V43/><F43/><W88/><G100/><AGARI ba="1,1" hai="6,9,13,24,25,52,56,62,77,80,86,93,97,100" machi="100" ten="30,7700,0" yaku="7,1,8,1,52,1,54,1" doraHai="48" who="2" fromWho="3" sc="337,0,133,0,250,90,270,-80" /><INIT seed="4,0,0,2,2,64" ten="337,133,340,190" oya="0" hai0="82,67,110,0,37,53,63,56,4,42,68,114,128" hai1="73,118,100,88,74,97,40,111,1,112,18,83,23" hai2="21,45,133,91,103,39,54,104,13,62,75,16,132" hai3="84,19,58,108,29,17,28,79,85,69,57,22,44"/><T32/><D32/><U61/><E118/><V48/><F75/><W125/><G108/><T116/><D116/><U52/><E111/><V50/><F39/><W7/><G125/><T47/><D110/><U77/><E1/><V20/><F104/><W65/><G7/><T76/><D128/><U2/><E2/><V130/><F130/><W109/><G109/><T60/><D114/><U134/><E40/><V78/><F103/><W135/><G135/><N who="2" m="51785" /><F78/><W123/><G123/><T81/><REACH who="0" step="1"/><D76/><REACH who="0" ten="327,133,340,190" step="2"/><U6/><E134/><V105/><F105/><W129/><G79/><T36/><D36/><U25/><E112/><V3/><F3/><W119/><G129/><T95/><D95/><N who="1" m="58431" /><E73/><V107/><F107/><W33/><G119/><T51/><D51/><U26/><E74/><V124/><F124/><W8/><G33/><T55/><D55/><U120/><E77/><V71/><F50/><W117/><G117/><T14/><D14/><N who="1" m="9687" /><E120/><V122/><F122/><W86/><G8/><AGARI ba="0,1" hai="0,4,8,37,42,47,53,56,60,63,67,68,81,82" machi="8" ten="40,7700,0" yaku="1,1,52,1,53,1" doraHai="64" doraHaiUra="49" who="0" fromWho="3" sc="327,87,133,0,340,0,190,-77" /><INIT seed="4,1,0,2,0,61" ten="414,133,340,113" oya="0" hai0="55,56,65,133,25,44,114,75,77,79,85,68,40" hai1="1,100,109,101,78,16,5,34,12,57,118,41,7" hai2="42,49,98,97,2,92,128,48,121,95,96,120,134" hai3="125,130,14,88,108,115,23,90,51,21,27,111,126"/><T86/><D133/><U50/><E109/><V3/><F134/><W104/><G104/><T94/><D114/><U52/><E34/><V129/><F98/><W83/><G115/><T67/><D75/><U99/><E118/><V33/><F33/><W135/><G135/><T28/><D68/><U46/><E78/><V11/><F11/><W64/><G130/><T76/><D94/><U93/><E101/><V63/><F63/><W87/><G51/><N who="0" m="27015" /><D86/><U13/><E13/><V45/><F45/><W105/><G105/><T74/><D85/><U89/><E1/><V113/><REACH who="2" step="1"/><F42/><REACH who="2" ten="414,133,330,113" step="2"/><W71/><G23/><N who="0" m="15423" /><D74/><U20/><E100/><V10/><F10/><W117/><G21/><T30/><D30/><U102/><E102/><V6/><F6/><W38/><G108/><T132/><D132/><U70/><E70/><V43/><F43/><W127/><G71/><T73/><D73/><U32/><E32/><V72/><F72/><W9/><G111/><T110/><D110/><U122/><E122/><V0/><F0/><W116/><G9/><T24/><D56/><U84/><E99/><V54/><F54/><W15/><G125/><T58/><D58/><U19/><E5/><V66/><F66/><W53/><G64/><T106/><D55/><U82/><E7/><V22/><F22/><W119/><G127/><T4/><D4/><U37/><E20/><V69/><F69/><W39/><G126/><T123/><D123/><U103/><E12/><V26/><F26/><W131/><G119/><T59/><D24/><U124/><E124/><V36/><F36/><W60/><G116/><RYUUKYOKU ba="1,1" sc="414,-15,133,15,330,15,113,-15" hai1="16,19,37,41,46,50,52,57,82,84,89,93,103" hai2="2,3,48,49,92,95,96,97,113,120,121,128,129" /><INIT seed="5,2,1,5,1,8" ten="399,148,345,98" oya="1" hai0="127,96,0,66,43,55,19,104,34,95,50,15,65" hai1="129,91,11,1,80,84,42,70,7,25,109,115,119" hai2="76,2,17,124,81,122,64,39,132,16,78,20,57" hai3="22,100,68,38,112,59,13,123,108,113,106,89,71"/><U21/><E119/><V82/><F39/><W102/><G108/><T52/><D0/><U98/><E70/><V101/><F122/><W110/><G110/><T12/><D34/><U105/><E109/><V125/><F2/><W121/><G38/><T36/><D104/><U44/><E115/><N who="3" m="44106" /><G59/><T116/><D36/><U126/><E126/><N who="2" m="48747" /><F101/><N who="3" m="39019" /><G106/><T73/><D73/><U87/><E21/><V40/><F40/><W107/><G107/><T9/><D116/><U90/><E87/><N who="2" m="48551" /><F132/><W51/><G51/><T93/><D43/><U135/><E44/><V35/><F35/><W63/><G89/><T83/><D50/><U61/><E91/><V33/><F33/><W74/><G74/><T77/><D77/><U75/><E90/><V45/><F45/><W48/><G48/><T31/><D83/><U23/><E80/><V85/><F20/><W117/><G117/><T37/><D37/><U24/><E23/><V103/><F103/><W32/><G32/><T92/><D92/><U53/><E75/><V99/><F99/><W60/><G22/><T29/><D96/><U62/><E98/><V26/><F26/><W6/><G123/><T41/><D127/><U4/><E24/><V28/><F28/><W10/><G121/><T88/><D41/><U58/><E105/><V72/><F72/><W134/><G134/><T54/><D88/><U27/><E135/><V18/><F57/><W56/><G56/><T5/><D31/><U128/><E42/><V97/><F97/><W49/><G68/><T111/><D29/><U14/><E58/><V86/><F86/><W131/><G71/><RYUUKYOKU ba="2,1" sc="399,-10,148,-10,345,30,98,-10" hai2="16,17,18,64,78,82,85" /><INIT seed="6,3,1,3,2,79" ten="389,138,375,88" oya="2" hai0="83,127,100,97,116,0,33,6,128,61,4,47,96" hai1="68,51,81,131,10,15,3,135,45,85,117,25,76" hai2="42,65,113,84,72,129,88,105,14,55,92,110,74" hai3="130,75,71,29,57,53,119,104,111,2,60,69,103"/><V26/><F105/><W91/><G119/><T82/><D33/><U94/><E117/><V58/><F110/><W22/><G111/><T124/><D116/><U40/><E68/><V28/><F113/><W1/><G75/><T78/><D128/><U115/><E115/><V90/><F129/><W63/><G130/><T8/><D6/><N who="1" m="3543" /><E131/><V30/><F42/><W52/><G91/><T114/><D114/><U77/><E135/><V122/><F65/><W101/><G29/><T99/><D100/><U126/><E126/><N who="0" m="48169" /><D78/><N who="1" m="46263" /><E3/><V132/><F132/><W125/><G125/><T62/><D47/><U108/><E108/><V43/><F43/><W39/><G39/><T134/><D134/><U24/><E94/><V67/><F122/><W34/><G34/><T123/><D123/><U70/><E70/><V19/><F67/><W86/><G104/><T21/><D21/><U9/><E9/><V7/><F7/><W54/><G22/><T121/><D121/><U38/><E38/><V35/><F30/><W107/><G107/><T32/><D32/><U37/><E37/><V16/><F19/><W41/><G71/><T66/><D66/><U27/><AGARI ba="3,1" hai="24,25,27,40,45,51,76,77" m="46263,3543" machi="27" ten="30,4000,0" yaku="25,1,8,1,52,1" doraHai="79" who="1" fromWho="1" sc="389,-13,138,59,375,-23,88,-13" /><INIT seed="7,0,0,3,5,15" ten="376,197,352,75" oya="3" hai0="24,21,22,129,93,19,17,99,133,35,105,128,118" hai1="49,131,96,55,32,61,2,29,3,130,67,106,69" hai2="72,102,66,38,71,6,81,47,75,126,89,111,28" hai3="52,134,45,80,7,40,59,87,78,5,62,27,85"/><W0/><G134/><T13/><D105/><U103/><E29/><V132/><F111/><W43/><G85/><T20/><D118/><U90/><E90/><V127/><F132/><W31/><G0/><T65/><D65/><U11/><E32/><V51/><F38/><W82/><G82/><T12/><D133/><U14/><E14/><V86/><F6/><W34/><REACH who="3" step="1"/><G40/><REACH who="3" ten="376,197,352,65" step="2"/><T60/><D128/><N who="1" m="49195" /><E11/><V135/><F135/><W115/><G115/><T97/><D129/><U83/><E83/><V44/><F75/><W23/><G23/><T4/><D22/><U9/><E9/><V70/><F72/><W107/><G107/><T33/><D33/><U26/><E26/><V109/><F86/><W88/><G88/><T125/><D35/><U124/><E124/><V94/><F89/><W121/><G121/><T123/><D125/><U54/><E54/><V16/><F81/><W18/><G18/><T76/><D19/><U98/><E98/><V46/><F28/><W79/><G79/><T101/><D76/><U50/><E55/><V104/><F104/><W77/><G77/><T114/><D114/><U74/><E74/><V119/><F16/><W116/><G116/><T30/><D21/><U64/><E64/><V58/><F119/><W95/><G95/><T8/><D99/><U1/><AGARI ba="0,1" hai="1,2,3,49,50,61,67,69,96,103,106" m="49195" machi="1" ten="40,1500,0" yaku="19,1" doraHai="15" who="1" fromWho="1" sc="376,-4,197,25,352,-4,65,-7" owari="372,47.0,222,-18.0,348,15.0,58,-44.0" /></mjloggm>