<mjloggm ver="2.3"><GO type="97" lobby="0"/><UN n0="%E3%82%A6%E3%83%AB%E3%83%88%E3%83%A9%E7%AB%8B%E7%9B%B4" n1="%E3%82%A2%E3%82%A4%E3%82%B9%E3%81%A6%E3%81%83%E3%83%BC" n2="%E3%81%82%E3%82%93%E3%81%A9%E3%81%86%E3%82%8A%E3%82%93%E3%81%94" n3="%56%6F%64%6B%61%42%6F%6E" dan="14,15,14,13" rate="1934.35,1949.18,1879.27,1834.43" sx="M,M,F,M"/><TAIKYOKU oya="0"/><INIT seed="0,0,0,2,2,86" ten="250,250,250,250" oya="0" hai0="121,2,54,109,104,52,94,124,131,128,97,118,27" hai1="1,60,6,36,42,133,44,106,12,82,101,21,87" hai2="22,125,65,19,77,47,49,8,13,130,102,48,34" hai3="92,91,70,93,53,4,84,16,24,135,78,89,115"/><T10/><D104/><U76/><E133/><V71/><F130/><N who="0" m="49706" /><D121/><U3/><E101/><V73/><F125/><W51/><G70/><T9/><D118/><U50/><E106/><V80/><F34/><W29/><G135/><T28/><D124/><U11/><E36/><V90/><F102/><W96/><G115/><T41/><D41/><U120/><E120/><V83/><F47/><N who="3" m="27903" /><G4/><N who="0" m="1175" /><D10/><U26/><REACH who="1" step="1"/><E60/><REACH who="1" ten="250,240,250,250" step="2"/><V15/><F71/><W95/><G29/><AGARI ba="0,1" hai="1,3,6,11,12,21,26,29,42,44,50,76,82,87" machi="29" ten="30,8000,1" yaku="1,1,2,1,7,1,25,2,53,0" doraHai="86" doraHaiUra="88" who="1" fromWho="3" sc="250,0,240,90,250,0,250,-80" /><INIT seed="1,0,0,4,2,64" ten="250,330,250,170" oya="1" hai0="48,94,95,89,76,42,41,92,83,59,132,38,127" hai1="47,90,11,73,15,2,135,111,27,117,3,129,51" hai2="53,36,128,21,102,43,97,33,65,63,30,19,39" hai3="71,119,108,45,105,72,81,56,6,0,130,115,66"/><U84/><E117/><V49/><F128/><W13/><G115/><T52/><D127/><U32/><E73/><V69/><F33/><W82/><G119/><T96/><D132/><U67/><E67/><V125/><F125/><W113/><G113/><T50/><D38/><U24/><E135/><V134/><F30/><W55/><G130/><T86/><D48/><U131/><E131/><V126/><F43/><AGARI ba="0,0" hai="41,42,43,50,52,59,76,83,86,89,92,94,95,96" machi="43" ten="40,2600,0" yaku="8,1,54,1" doraHai="64" who="0" fromWho="2" sc="250,26,330,0,250,-26,170,0" /><INIT seed="2,0,0,4,0,102" ten="276,330,224,170" oya="2" hai0="110,122,130,75,44,2,70,129,1,61,119,0,52" hai1="56,91,28,96,113,95,36,121,109,4,135,29,68" hai2="94,59,48,15,26,125,58,88,3,73,101,77,80" hai3="37,118,5,79,117,64,85,128,47,78,22,21,60"/><V13/><F3/><W133/><G128/><N who="0" m="49259" /><D122/><U82/><E68/><V30/><F125/><W43/><G133/><T31/><D75/><U69/><E69/><V90/><F101/><W81/><G79/><T66/><D110/><U132/><E36/><V45/><F90/><W63/><G60/><T83/><D83/><U62/><E113/><V104/><F58/><W84/><G85/><T33/><D119/><U40/><E40/><V107/><F59/><W98/><G5/><T57/><D44/><U100/><E4/><V87/><F13/><W108/><G108/><T35/><D31/><U53/><E109/><V106/><F15/><W46/><G47/><T114/><D114/><U93/><E121/><V34/><F107/><W32/><G32/><T54/><D54/><AGARI ba="0,0" hai="26,30,34,45,48,54,73,77,80,87,88,94,104,106" machi="54" ten="30,11600,0" yaku="7,1,52,2,54,1" doraHai="102" who="2" fromWho="0" sc="276,-116,330,0,224,116,170,0" /><INIT seed="2,1,0,0,4,91" ten="160,330,340,170" oya="2" hai0="15,133,60,10,51,118,124,50,43,27,126,4,129" hai1="79,117,114,6,29,65,128,55,2,132,0,90,107" hai2="97,58,82,81,47,86,134,8,108,120,3,106,63" hai3="1,92,67,110,127,111,99,49,61,93,18,14,123"/><V78/><F120/><W39/><G1/><T125/><D118/><U122/><E114/><V31/><F134/><W20/><G39/><T109/><D109/><N who="3" m="41481" /><G123/><T16/><D133/><U112/><E112/><V70/><F108/><W83/><G127/><T62/><D129/><U77/><E107/><V73/><F70/><N who="3" m="42351" /><G83/><T103/><D103/><U19/><E2/><V135/><F31/><W36/><G36/><T94/><D94/><N who="3" m="36457" /><G49/><N who="0" m="18443" /><D43/><U100/><E0/><V101/><F135/><W119/><G99/><T5/><D5/><U69/><E6/><V24/><F81/><W35/><G35/><T9/><D27/><U54/><E122/><V74/><F97/><W95/><G95/><T64/><D64/><U57/><E65/><V72/><F101/><W46/><G46/><T131/><D131/><U88/><E128/><V13/><F106/><W45/><G45/><T104/><D104/><U28/><E100/><V37/><F47/><W42/><G42/><T7/><D7/><U32/><E32/><V102/><F37/><W48/><G48/><T40/><D40/><U68/><E132/><V34/><F102/><W26/><G26/><T33/><D33/><U105/><E105/><V89/><F3/><AGARI ba="1,0" hai="3,4,9,10,15,16,60,62,124,125,126" m="18443" machi="3" ten="30,2000,0" yaku="18,1,54,1" doraHai="91" who="0" fromWho="2" sc="160,23,330,0,340,-23,170,0" /><INIT seed="3,0,0,4,5,118" ten="183,330,317,170" oya="3" hai0="40,82,17,13,96,7,107,45,90,125,105,121,63" hai1="27,87,19,99,15,24,104,38,78,133,41,73,75" hai2="77,88,103,4,71,49,114,68,61,18,44,47,28" hai3="85,51,5,92,57,74,110,16,43,80,113,132,116"/><W84/><G113/><T112/><D112/><U35/><E35/><V54/><F114/><W93/><G116/><T2/><D125/><U123/><E123/><V37/><F77/><W134/><G5/><T12/><D2/><U1/><E1/><V122/><F103/><W69/><G69/><T39/><D121/><U36/><E36/><V83/><F122/><W95/><G43/><T115/><D115/><U111/><E75/><V60/><F4/><W106/><G51/><T64/><D12/><U70/><E70/><V94/><F28/><W117/><G57/><T124/><D124/><U65/><E65/><V62/><F83/><W10/><G117/><T8/><D7/><U22/><E73/><V109/><F109/><W26/><G106/><T56/><D82/><N who="1" m="47575" /><E111/><V32/><F32/><W0/><G110/><T89/><D105/><U3/><E3/><V42/><REACH who="2" step="1"/><F18/><REACH who="2" ten="183,330,307,170" step="2"/><W6/><G74/><T50/><D17/><U100/><E133/><N who="3" m="51306" /><G80/><T126/><D126/><U67/><E67/><V101/><F101/><W91/><G91/><T128/><D90/><U34/><E34/><V29/><F29/><W66/><G66/><T46/><D89/><U25/><E25/><V11/><F11/><W108/><G108/><T59/><D64/><U72/><E72/><V81/><F81/><W55/><G55/><N who="0" m="31863" /><D8/><U23/><E23/><AGARI ba="0,1" hai="0,6,10,16,23,26,84,85,92,93,95" m="51306" machi="23" ten="30,2900,0" yaku="20,1,54,1" doraHai="118" who="3" fromWho="1" sc="183,0,330,-29,307,0,170,39" /><INIT seed="3,1,0,2,2,6" ten="183,301,307,209" oya="3" hai0="89,32,101,124,98,50,23,111,113,77,135,86,132" hai1="68,83,99,5,122,33,88,21,133,29,75,82,97" hai2="45,15,102,80,22,108,9,0,107,114,36,43,125" hai3="90,31,60,54,100,38,117,19,58,47,24,110,66"/><W92/><G117/><T18/><D32/><U116/><E122/><V25/><F114/><W14/><G110/><T130/><D77/><U67/><E33/><V104/><F108/><W127/><G127/><T13/><D111/><U87/><E68/><V55/><F102/><W109/><G109/><T70/><D70/><U69/><E69/><V30/><F125/><W63/><G38/><T2/><D124/><U11/><E67/><V112/><F112/><W57/><G47/><T46/><D2/><U72/><E72/><V134/><F134/><W96/><G90/><T56/><D130/><U119/><E133/><V128/><F128/><W129/><G129/><T7/><D7/><U35/><E35/><V103/><F103/><W131/><G131/><T64/><D113/><U85/><E21/><V78/><F55/><W93/><G93/><T76/><D76/><N who="1" m="46279" /><E29/><V12/><F12/><W59/><G58/><T121/><D121/><U17/><E5/><N who="2" m="1191" /><F15/><W105/><G105/><T62/><D101/><U51/><E75/><AGARI ba="1,0" hai="22,25,30,36,43,45,75,78,80,104,107" m="1191" machi="75" ten="30,2000,0" yaku="25,1,52,1" doraHai="6" who="2" fromWho="1" sc="183,0,301,-23,307,23,209,0" owari="183,-32.0,278,8.0,330,43.0,209,-19.0" /></mjloggm>