<mjloggm ver="2.3"><GO type="169" lobby="0"/><UN n0="%E6%9D%B1%E9%A2%A8%E3%81%B1%E3%81%84%E3%82%93" n1="%E3%82%A6%E3%83%AB%E3%83%88%E3%83%A9%E7%AB%8B%E7%9B%B4" n2="%E7%89%87%E5%B2%A1%E5%84%AA%E5%AD%A3" n3="%E7%B6%BE%E5%BC%A5%E4%B8%80%E6%9D%A1" dan="16,17,16,17" rate="2148.87,2180.34,2131.06,2120.45" sx="F,M,F,M"/><TAIKYOKU oya="0"/><INIT seed="0,0,0,1,3,10" ten="250,250,250,250" oya="0" hai0="38,133,25,102,43,21,72,103,86,48,1,44,58" hai1="45,52,130,57,119,83,31,12,64,74,81,30,124" hai2="41,29,59,95,111,69,131,53,9,100,85,7,82" hai3="33,79,98,101,47,39,51,106,40,127,27,97,26"/><T121/><D72/><U20/><E119/><V107/><F69/><W126/><G79/><T75/><D75/><U18/><E124/><N who="3" m="47658" /><G33/><T17/><D121/><U122/><E130/><V68/><F68/><W49/><G97/><T80/><D1/><U37/><E122/><V63/><F107/><W123/><G123/><T6/><D6/><U46/><E37/><V4/><F111/><W132/><G132/><T61/><D38/><U5/><E5/><V108/><F108/><W89/><G89/><N who="0" m="51399" /><D133/><U128/><E64/><AGARI ba="0,0" hai="17,21,25,43,44,48,58,61,64,102,103" m="51399" machi="64" ten="30,1500,0" yaku="8,1" doraHai="10" who="0" fromWho="1" sc="250,15,250,-15,250,0,250,0" /><INIT seed="0,1,0,1,3,91" ten="265,235,250,250" oya="0" hai0="34,124,19,68,58,48,85,90,49,99,24,77,123" hai1="110,71,118,69,131,126,73,44,111,84,27,119,42" hai2="67,21,39,92,7,13,63,100,35,41,32,80,2" hai3="43,75,40,127,117,14,26,46,102,1,86,52,94"/><T108/><D123/><U65/><E73/><V96/><F2/><W45/><G75/><T50/><D68/><N who="1" m="26187" /><E27/><V128/><F128/><W112/><G1/><T130/><D130/><U64/><E84/><V104/><F39/><W61/><G112/><T8/><D124/><U105/><E105/><V93/><F41/><N who="3" m="15947" /><G127/><T62/><D108/><N who="1" m="41515" /><E131/><V10/><F80/><W31/><G117/><N who="1" m="44554" /><E126/><V53/><F21/><N who="3" m="15823" /><G14/><N who="0" m="7623" /><D34/><U103/><E103/><V16/><F35/><W81/><G102/><T22/><D77/><U129/><E129/><V88/><F32/><W60/><G94/><N who="0" m="56791" /><D85/><U121/><E121/><V0/><F104/><W98/><G98/><T115/><D115/><U134/><E134/><V97/><F0/><W28/><G28/><T51/><N who="0" m="12288" /><DORA hai="15" /><T135/><D135/><U55/><E55/><V59/><F53/><W133/><G52/><N who="0" m="34119" /><D24/><U12/><E12/><V122/><F122/><W120/><G120/><T36/><D36/><AGARI ba="1,0" hai="36,42,44,64,65" m="44554,41515,26187" machi="36" ten="40,5200,0" yaku="14,1,34,2" doraHai="91,15" who="1" fromWho="0" sc="265,-55,235,55,250,0,250,0" /><INIT seed="1,0,0,5,3,49" ten="210,290,250,250" oya="1" hai0="119,90,127,43,31,67,93,15,122,71,115,96,102" hai1="0,135,82,34,72,128,94,104,116,124,125,120,44" hai2="129,36,3,84,89,21,10,69,29,40,92,106,32" hai3="30,66,23,11,80,57,76,100,7,17,35,74,26"/><U130/><E44/><V37/><F32/><W132/><G132/><T41/><D119/><U46/><E46/><V81/><F69/><W99/><G66/><T108/><D115/><U52/><E34/><V121/><F106/><W25/><G57/><T50/><D108/><U131/><E0/><V91/><F121/><W54/><G54/><T39/><D39/><U113/><E113/><V16/><F129/><W24/><G24/><T28/><D122/><U4/><E4/><V88/><F29/><W87/><G74/><T103/><D127/><N who="1" m="48715" /><E120/><V70/><F70/><W6/><G11/><T101/><D15/><U64/><E64/><V77/><F92/><AGARI ba="0,0" hai="6,7,17,23,25,26,30,35,76,80,87,92,99,100" machi="92" ten="30,1000,0" yaku="7,1" doraHai="49" who="3" fromWho="2" sc="210,0,290,0,250,-10,250,10" /><INIT seed="2,0,0,1,2,123" ten="210,290,240,260" oya="2" hai0="112,86,101,33,3,121,60,40,16,20,34,45,96" hai1="93,133,95,39,114,92,71,103,134,19,35,100,10" hai2="38,87,78,57,11,25,23,122,44,8,82,111,2" hai3="27,14,94,73,90,18,102,68,130,62,84,110,107"/><V91/><F122/><W22/><G73/><T113/><D3/><U64/><E35/><V43/><F2/><W51/><G130/><T99/><D121/><U41/><E114/><V58/><F111/><W120/><G110/><T118/><D118/><U36/><E64/><V47/><F47/><W89/><G120/><T37/><D86/><U0/><E71/><V115/><F115/><W15/><G51/><T75/><D96/><U13/><E0/><V97/><F97/><W54/><G107/><T53/><D75/><U135/><REACH who="1" step="1"/><E41/><REACH who="1" ten="210,280,240,260" step="2"/><V63/><F78/><W17/><G68/><T126/><D33/><U5/><E5/><V125/><F125/><W21/><G54/><T52/><D34/><U117/><E117/><V131/><F131/><W76/><G76/><T9/><D126/><U129/><E129/><V116/><F116/><W26/><G102/><AGARI ba="0,1" hai="10,13,19,36,39,92,93,95,100,102,103,133,134,135" machi="102" ten="50,8000,1" yaku="1,1,20,1,53,3" doraHai="123" doraHaiUra="98" who="1" fromWho="3" sc="210,0,280,90,240,0,260,-80" /><INIT seed="3,0,0,2,1,36" ten="210,370,240,180" oya="3" hai0="6,72,88,10,110,75,64,28,106,92,79,43,122" hai1="42,121,33,29,35,25,59,53,135,56,134,87,14" hai2="4,109,21,0,7,131,95,73,118,52,114,46,23" hai3="20,86,58,111,84,116,80,129,128,103,100,63,99"/><W5/><G116/><T57/><D122/><U40/><E35/><V9/><F73/><W48/><G5/><T89/><D106/><U120/><E87/><V133/><F118/><W62/><G111/><T70/><D70/><U117/><E14/><V78/><F78/><W15/><G48/><T32/><D32/><U104/><E104/><V1/><F133/><N who="1" m="50697" /><E117/><V127/><F109/><W81/><G15/><T47/><D110/><U39/><E39/><V123/><F114/><W83/><G20/><T113/><D28/><U76/><E76/><V17/><F123/><N who="1" m="47177" /><E59/><V71/><F71/><W45/><G45/><T55/><D113/><U50/><AGARI ba="0,0" hai="25,29,33,40,42,50,53,56" m="47177,50697" machi="50" ten="30,4000,0" yaku="20,1,52,2" doraHai="36" who="1" fromWho="1" sc="210,-10,370,40,240,-10,180,-20" /><INIT seed="4,0,0,1,2,74" ten="200,410,230,160" oya="0" hai0="92,98,108,19,53,117,97,86,58,116,131,76,127" hai1="129,113,64,57,17,3,60,73,22,119,32,37,11" hai2="23,96,95,120,93,122,101,130,109,135,16,87,133" hai3="29,2,12,134,33,15,71,47,0,107,20,63,77"/><T75/><D131/><U4/><E119/><V114/><F130/><W46/><G107/><T6/><D127/><U90/><E129/><V35/><F35/><W1/><G134/><N who="2" m="51209" /><F109/><W102/><G102/><T123/><D123/><U27/><E37/><V118/><F118/><W14/><G33/><T30/><D108/><U78/><E90/><N who="2" m="53471" /><F114/><W21/><G77/><T106/><D106/><U65/><E78/><V69/><F69/><W126/><G126/><T43/><D75/><U10/><E73/><V9/><F9/><W34/><G34/><T25/><D43/><U44/><E11/><V62/><F62/><W28/><G63/><N who="0" m="36303" /><D6/><U99/><E32/><V132/><F132/><W103/><G103/><T82/><D116/><U38/><E113/><V81/><F81/><W105/><G105/><T80/><D80/><U94/><E38/><V89/><F101/><W70/><G70/><T91/><D117/><U13/><E3/><V128/><F128/><W66/><G71/><T88/><D30/><N who="3" m="11881" /><G66/><T59/><D59/><U51/><E64/><V110/><F110/><W5/><G5/><T100/><D98/><U124/><E99/><V115/><F115/><W83/><G83/><T54/><D54/><N who="1" m="30055" /><E124/><V67/><F67/><W112/><G112/><T68/><D68/><U79/><E79/><V52/><F52/><W61/><G61/><T121/><D121/><U85/><E94/><V42/><F42/><W84/><G84/><AGARI ba="0,0" hai="4,10,13,17,22,27,57,60,65,84,85" m="30055" machi="84" ten="30,1000,0" yaku="8,1" doraHai="74" who="1" fromWho="3" sc="200,0,410,10,230,0,160,-10" /><INIT seed="5,0,0,2,5,126" ten="200,420,230,150" oya="1" hai0="79,119,105,102,67,21,32,11,26,2,72,17,110" hai1="60,84,75,86,53,125,8,114,74,78,9,104,76" hai2="36,50,15,106,93,121,13,54,127,38,19,40,101" hai3="52,112,29,39,118,3,12,45,69,77,5,49,122"/><U135/><E125/><V30/><F106/><W18/><G122/><T100/><D119/><U83/><E104/><V0/><F0/><W91/><G118/><T63/><D110/><U25/><E135/><V42/><F121/><W116/><G116/><T65/><D65/><U41/><E41/><V113/><F30/><W134/><G134/><T97/><D102/><U56/><E114/><V35/><F35/><W80/><G112/><T89/><D89/><U94/><E25/><V131/><F127/><W10/><G69/><T16/><D32/><U103/><E74/><V96/><F113/><W6/><G39/><T71/><D17/><U57/><E75/><V107/><F107/><W70/><G70/><T47/><D47/><U48/><E103/><V108/><F108/><W28/><G3/><T33/><D33/><U133/><E133/><V117/><F117/><W109/><G109/><T62/><D62/><U130/><E130/><V90/><F101/><W43/><G43/><T58/><D71/><U87/><E87/><V128/><F40/><W124/><G124/><T24/><D24/><U98/><E98/><V111/><F111/><W92/><G29/><T68/><D68/><U37/><E37/><N who="2" m="14443" /><F19/><W73/><REACH who="3" step="1"/><G28/><REACH who="3" ten="200,420,230,140" step="2"/><T46/><D2/><U95/><E78/><V64/><F42/><W7/><G7/><T132/><D132/><U123/><E123/><V14/><F64/><W44/><G44/><T59/><D46/><U66/><E76/><V34/><F34/><W99/><AGARI ba="0,1" hai="5,6,10,12,18,45,49,52,73,77,80,91,92,99" machi="99" ten="20,5200,0" yaku="1,1,0,1,7,1,54,1,53,0" doraHai="126" doraHaiUra="129" who="3" fromWho="3" sc="200,-13,420,-26,230,-13,140,62" /><INIT seed="6,0,0,0,5,114" ten="187,394,217,202" oya="2" hai0="87,99,28,50,41,7,134,80,107,71,112,59,121" hai1="66,67,81,123,47,49,111,64,92,0,122,118,77" hai2="56,106,5,23,89,31,4,120,76,108,91,96,86" hai3="18,133,45,39,126,90,14,135,103,35,110,17,52"/><V75/><F120/><N who="1" m="46121" /><E0/><V93/><F108/><W11/><G110/><T128/><D71/><U115/><E111/><V65/><F106/><W78/><G35/><T46/><D121/><U84/><E115/><V98/><F75/><W62/><G126/><T109/><D109/><U24/><E118/><V68/><F68/><W113/><G113/><T43/><D112/><U79/><E92/><V72/><F72/><W1/><G1/><T10/><D134/><N who="3" m="51209" /><G103/><T12/><D128/><U3/><E3/><V131/><F76/><W22/><G78/><N who="0" m="46487" /><D28/><U100/><E100/><V8/><F131/><W2/><G2/><T27/><D27/><U124/><E124/><V40/><F40/><N who="3" m="22687" /><G90/><T88/><D43/><N who="1" m="24831" /><E24/><N who="2" m="16799" /><F96/><W32/><G32/><T105/><D59/><U51/><E79/><V73/><F73/><W37/><G37/><T25/><D25/><U38/><E38/><V85/><F98/><W101/><G101/><T117/><D117/><U44/><E44/><V9/><F91/><W36/><G36/><T102/><D102/><U97/><E97/><V69/><F86/><W6/><G22/><T94/><AGARI ba="0,0" hai="7,10,12,41,46,50,88,94,99,105,107" m="46487" machi="94" ten="30,2000,0" yaku="25,1,54,1" doraHai="114" who="0" fromWho="0" sc="187,20,394,-5,217,-10,202,-5" /><INIT seed="7,0,0,0,1,98" ten="207,389,207,197" oya="3" hai0="45,50,90,51,58,6,69,31,124,32,33,110,67" hai1="46,68,35,135,130,23,16,52,87,37,34,106,12" hai2="101,81,85,65,53,77,73,4,134,28,103,44,129" hai3="96,109,123,108,19,17,122,99,55,127,66,72,78"/><W3/><G3/><T38/><D110/><N who="3" m="42601" /><G127/><T10/><D124/><U84/><E106/><V102/><F134/><W18/><G66/><T105/><D105/><U1/><E84/><V21/><F129/><W86/><G72/><T117/><D90/><U15/><E1/><V29/><F73/><W63/><G63/><N who="0" m="40191" /><D51/><U70/><E130/><V47/><F65/><W64/><G64/><T88/><D88/><U11/><E135/><V79/><F4/><W41/><G41/><N who="0" m="22711" /><D31/><N who="2" m="11850" /><F21/><W71/><G71/><T125/><D117/><U36/><E35/><V118/><F118/><W92/><G55/><N who="0" m="32119" /><D125/><U93/><E34/><V22/><F22/><W42/><G42/><T13/><AGARI ba="0,0" hai="6,10,13,32,33" m="32119,22711,40191" machi="13" ten="30,1100,0" yaku="24,1" doraHai="98" who="0" fromWho="0" sc="207,11,389,-3,207,-3,197,-5" owari="218,2.0,386,49.0,204,-20.0,192,-31.0" /></mjloggm>