<mjloggm ver="2.3"><GO type="41" lobby="0"/><UN n0="%4E%6F%2D%4C%69%66%65" n1="%73%74%32%31%30" n2="%E3%82%A6%E3%83%AB%E3%83%88%E3%83%A9%E7%AB%8B%E7%9B%B4" n3="%E8%86%B3%E6%89%80%E5%96%84%E4%B8%89" dan="13,14,15,14" rate="1835.37,1882.87,1989.05,1895.41" sx="M,M,M,M"/><TAIKYOKU oya="0"/><INIT seed="0,0,0,2,4,53" ten="250,250,250,250" oya="0" hai0="92,56,28,2,15,96,5,105,130,100,45,44,125" hai1="23,3,17,135,127,114,30,62,51,85,20,106,65" hai2="46,8,13,48,19,93,6,73,10,86,49,89,33" hai3="40,21,74,110,36,95,88,22,14,117,71,12,120"/><T80/><D125/><U134/><E106/><V31/><F73/><W126/><G71/><T107/><D130/><U52/><E3/><V76/><F76/><W133/><G126/><T61/><D2/><U113/><E127/><V11/><F33/><W109/><G120/><T64/><D107/><U26/><E85/><V75/><F31/><W50/><G117/><T99/><D105/><U111/><E111/><N who="3" m="42506" /><G36/><T47/><D96/><U38/><E38/><V98/><F75/><W104/><G104/><T102/><D80/><U27/><E62/><V124/><F124/><W90/><G74/><T69/><D69/><U108/><E65/><V70/><F70/><W0/><G0/><T82/><D82/><U72/><E72/><V35/><F35/><W25/><G133/><N who="1" m="50698" /><E108/><V42/><F6/><W57/><G90/><N who="0" m="55703" /><D28/><U18/><E30/><V68/><F68/><W128/><G128/><T83/><D83/><U119/><E119/><V63/><F63/><W59/><G22/><T24/><D24/><U67/><E67/><V94/><REACH who="2" step="1"/><F49/><REACH who="2" ten="250,250,240,250" step="2"/><W122/><G122/><T60/><D60/><U32/><E32/><V4/><F4/><W131/><G131/><T132/><D132/><U84/><E113/><V91/><AGARI ba="0,1" hai="8,10,11,13,19,42,46,48,86,89,91,93,94,98" machi="91" ten="20,5200,0" yaku="1,1,0,1,7,1,8,1,53,0" doraHai="53" doraHaiUra="103" who="2" fromWho="2" sc="250,-26,250,-13,240,62,250,-13" /><INIT seed="1,0,0,5,1,5" ten="224,237,302,237" oya="1" hai0="99,59,101,38,83,135,113,46,26,128,51,106,82" hai1="73,65,109,24,95,22,44,87,23,61,116,14,28" hai2="12,25,112,53,6,130,80,2,58,100,129,35,77" hai3="47,92,56,71,63,1,86,94,120,31,33,11,119"/><U13/><E116/><V68/><F68/><W34/><G120/><T75/><D113/><U29/><E73/><V43/><F43/><W57/><G71/><T72/><D135/><U18/><E44/><V36/><F36/><W108/><G108/><T88/><D128/><N who="2" m="49258" /><F2/><W40/><G119/><T110/><D110/><U114/><E114/><V127/><F100/><W85/><G31/><T70/><D70/><U91/><E109/><V37/><F37/><W96/><G94/><T89/><D38/><U21/><E29/><V55/><F127/><W102/><G56/><T115/><D115/><U3/><E3/><V16/><F6/><W15/><G1/><T10/><D59/><N who="1" m="37055" /><E14/><V7/><F7/><W30/><G30/><T32/><D32/><U62/><E62/><V97/><F97/><W124/><G124/><T126/><D126/><U9/><AGARI ba="0,0" hai="9,13,18,21,22,23,24,28,87,91,95" m="37055" machi="9" ten="30,3000,0" yaku="8,1,52,1" doraHai="5" who="1" fromWho="1" sc="224,-10,237,30,302,-10,237,-10" /><INIT seed="1,1,0,1,1,51" ten="214,267,292,227" oya="1" hai0="16,43,102,100,30,52,85,6,98,132,15,68,120" hai1="117,7,20,126,128,77,105,133,75,60,131,116,78" hai2="22,53,38,32,124,61,88,57,2,113,82,66,44" hai3="72,69,129,96,104,14,106,17,123,103,13,34,101"/><U62/><E105/><V121/><F32/><W18/><G34/><T33/><D68/><U89/><E7/><V135/><F2/><W107/><G69/><T8/><D43/><U3/><E3/><V94/><F121/><W12/><G123/><T19/><D33/><U58/><E62/><V97/><F124/><W84/><G129/><T109/><D120/><U87/><E126/><V91/><F135/><W127/><G127/><T73/><D73/><U83/><E20/><V0/><F0/><W92/><G72/><T40/><D40/><U99/><E99/><V67/><F113/><W50/><G84/><T27/><D132/><U56/><E133/><V11/><F11/><W134/><G134/><T10/><D109/><U115/><E115/><V23/><F38/><W55/><REACH who="3" step="1"/><G103/><REACH who="3" ten="214,267,292,217" step="2"/><T122/><D102/><U5/><E75/><V1/><F1/><W25/><G25/><T31/><D122/><U118/><E128/><V29/><F29/><W81/><G81/><T71/><D71/><U76/><E131/><V24/><F24/><W112/><G112/><T110/><D85/><U37/><E37/><V86/><F67/><W49/><G49/><AGARI ba="1,1" hai="22,23,44,49,53,57,61,66,82,86,88,91,94,97" machi="49" ten="40,5200,0" yaku="8,1,52,1,54,1" doraHai="51" who="2" fromWho="3" sc="214,0,267,0,292,65,217,-55" /><INIT seed="2,0,0,0,3,105" ten="214,267,357,162" oya="2" hai0="118,12,114,83,117,63,89,47,85,36,43,72,102" hai1="33,30,11,2,111,125,21,128,127,66,29,73,32" hai2="10,81,88,75,68,44,56,38,50,17,26,129,104" hai3="35,65,71,45,23,77,92,119,24,87,55,37,6"/><V58/><F104/><W103/><G119/><N who="0" m="45579" /><D114/><U112/><E66/><V124/><F38/><W57/><G35/><N who="1" m="13386" /><E73/><V31/><F68/><W27/><G6/><T93/><D12/><U100/><E100/><V90/><F124/><N who="1" m="47689" /><E112/><V42/><F129/><W126/><G126/><T110/><D110/><U109/><E128/><V0/><F0/><W78/><G27/><T53/><D102/><U131/><E131/><V49/><F75/><W51/><G103/><T59/><D83/><U13/><E2/><V95/><F31/><N who="1" m="11785" /><E21/><N who="2" m="13615" /><F10/><W86/><G86/><T101/><D101/><U28/><N who="1" m="11793" /><U1/><DORA hai="61" /><E1/><V67/><F67/><W106/><G106/><T115/><D115/><U62/><E62/><V76/><F76/><W41/><G92/><T133/><D72/><U122/><E122/><V132/><F81/><W99/><G99/><T19/><D19/><AGARI ba="0,0" hai="11,13,19,109,111" m="11793,47689,13386" machi="19" ten="40,5200,0" yaku="18,1,34,2" doraHai="105,61" who="1" fromWho="0" sc="214,-52,267,52,357,0,162,0" /><INIT seed="3,0,0,0,2,126" ten="162,319,357,162" oya="3" hai0="110,91,75,102,134,23,66,18,58,81,56,77,65" hai1="25,88,20,123,39,17,46,84,95,43,61,22,90" hai2="108,105,57,79,21,8,122,104,5,118,11,60,116" hai3="55,16,52,51,41,112,34,49,80,2,128,120,44"/><W107/><G120/><T32/><D32/><U119/><E123/><V103/><F79/><W26/><G112/><T14/><D134/><U42/><E119/><V74/><F74/><W86/><G107/><T72/><D72/><U29/><E43/><V109/><F21/><W133/><G2/><T38/><D38/><U4/><E4/><V111/><F122/><W99/><G99/><T6/><D6/><U130/><E61/><V1/><F11/><W9/><G133/><T78/><D110/><U117/><E117/><N who="2" m="45163" /><F103/><W113/><G113/><T83/><D102/><U50/><E39/><V70/><F70/><W10/><G128/><T97/><D75/><U93/><E130/><V36/><F36/><W3/><G3/><T71/><D71/><U53/><E42/><V63/><F63/><W31/><G41/><T87/><D97/><U15/><E90/><V100/><F100/><W35/><G35/><T7/><D7/><U0/><E0/><V45/><F45/><W73/><G73/><T131/><D131/><U132/><E132/><V67/><AGARI ba="0,0" hai="1,5,8,57,60,67,104,105,108,109,111" m="45163" machi="67" ten="40,1500,0" yaku="14,1" doraHai="126" who="2" fromWho="2" sc="162,-4,319,-4,357,15,162,-7" /><INIT seed="4,0,0,3,1,9" ten="158,315,372,155" oya="0" hai0="14,57,106,1,84,6,51,135,35,41,56,115,15" hai1="100,121,107,119,37,91,96,73,42,68,34,27,59" hai2="48,36,2,75,23,103,40,45,17,58,95,53,122" hai3="63,24,76,67,101,20,64,98,109,74,79,134,62"/><T44/><D106/><U88/><E121/><V77/><F2/><W132/><G109/><T25/><D135/><N who="3" m="51753" /><G74/><T13/><D84/><U123/><E123/><V21/><F122/><W46/><G46/><T80/><D115/><U131/><E119/><V92/><F103/><W72/><G72/><T18/><D80/><U111/><E111/><V0/><F0/><W19/><G63/><T8/><REACH who="0" step="1"/><D18/><REACH who="0" ten="148,315,372,155" step="2"/><U38/><E73/><V30/><F75/><W99/><G99/><T94/><D94/><U124/><E107/><V16/><F77/><N who="3" m="29771" /><G62/><T65/><D65/><U5/><E96/><V130/><F95/><AGARI ba="0,1" hai="19,20,24,64,67,95,98,101" m="29771,51753" machi="95" ten="30,1000,0" yaku="20,1" doraHai="9" who="3" fromWho="2" sc="148,0,315,0,372,-10,155,20" /><INIT seed="5,0,0,4,4,89" ten="148,315,362,175" oya="1" hai0="73,17,20,135,8,34,62,39,82,112,102,1,75" hai1="92,109,46,36,67,3,81,78,125,69,6,100,128" hai2="7,28,12,61,22,57,104,43,96,48,80,90,49" hai3="74,85,106,35,118,31,114,120,105,126,10,11,13"/><U71/><E128/><V51/><F104/><W41/><G120/><T134/><D39/><U113/><E113/><V87/><F96/><W119/><G74/><T99/><D62/><U5/><E125/><V40/><F7/><W94/><G41/><T116/><D34/><U122/><E122/><V14/><F14/><W86/><G114/><T123/><D20/><U98/><E6/><V111/><F111/><W2/><G2/><T103/><D17/><U130/><E130/><V115/><F115/><W127/><G35/><T70/><D70/><U21/><E21/><V91/><F91/><W59/><G59/><T108/><D8/><N who="1" m="2111" /><E67/><V25/><REACH who="2" step="1"/><F12/><REACH who="2" ten="148,315,352,175" step="2"/><W15/><G31/><T129/><D1/><U58/><E109/><V121/><F121/><W77/><G77/><T50/><D129/><U44/><E44/><V19/><F19/><W65/><G65/><AGARI ba="0,1" hai="22,25,28,40,43,48,49,51,57,61,65,80,87,90" machi="65" ten="40,2600,0" yaku="1,1,8,1,53,0" doraHai="89" doraHaiUra="9" who="2" fromWho="3" sc="148,0,315,0,352,36,175,-26" /><INIT seed="6,0,0,5,5,85" ten="148,315,388,149" oya="2" hai0="120,91,18,103,110,2,4,14,11,117,77,121,71" hai1="23,132,31,42,108,12,87,45,3,83,5,25,22" hai2="113,127,17,32,116,100,122,51,114,7,90,73,58" hai3="28,35,128,40,125,48,80,10,44,95,118,119,134"/><V62/><F73/><W41/><G125/><T133/><D71/><U99/><E108/><V123/><F32/><W86/><G128/><T98/><D110/><U1/><E132/><V129/><F7/><W13/><G134/><T49/><D49/><U36/><E99/><V126/><F100/><W43/><G28/><T75/><D133/><U89/><E23/><V56/><F17/><W61/><G61/><T20/><D117/><U39/><REACH who="1" step="1"/><E36/><REACH who="1" ten="148,305,388,149" step="2"/><V55/><F116/><W68/><G119/><T54/><D121/><U30/><E30/><V81/><F129/><W109/><G118/><T88/><D120/><U29/><E29/><V60/><F123/><W84/><G109/><T96/><D96/><U102/><E102/><V79/><F122/><W33/><G33/><T53/><D98/><U97/><E97/><V93/><F127/><W131/><G35/><T135/><D103/><U15/><E15/><V115/><F126/><W111/><G111/><T0/><D135/><U92/><E92/><V9/><F93/><W16/><G131/><T34/><D34/><U124/><E124/><V47/><F9/><AGARI ba="0,1" hai="1,3,5,9,12,22,25,31,39,42,45,83,87,89" machi="9" ten="40,5200,0" yaku="1,1,52,1,53,1" doraHai="85" doraHaiUra="21" who="1" fromWho="2" sc="148,0,305,62,388,-52,149,0" /><INIT seed="7,0,0,1,5,107" ten="148,367,336,149" oya="3" hai0="93,33,72,48,58,95,17,42,73,71,69,91,45" hai1="35,100,66,128,21,115,40,109,104,124,31,44,37" hai2="98,105,74,36,34,11,126,106,111,101,32,99,85" hai3="13,25,54,133,55,88,64,92,60,103,8,65,77"/><W10/><G133/><T97/><D33/><N who="2" m="12906" /><F85/><W26/><G77/><T7/><D7/><U3/><E109/><V79/><F11/><W121/><G121/><T22/><D58/><U116/><E116/><V120/><F126/><W63/><G103/><T129/><D129/><U24/><E128/><V43/><F111/><W76/><G76/><T49/><D49/><U117/><E117/><V46/><F120/><W108/><G108/><T96/><D71/><U56/><E66/><V23/><F23/><W114/><G114/><T84/><D69/><U6/><E37/><V2/><F2/><W90/><G92/><T50/><D50/><U131/><E131/><V1/><F1/><W112/><G112/><T68/><D68/><U119/><E119/><V61/><F61/><W81/><REACH who="3" step="1"/><G13/><REACH who="3" ten="148,367,336,139" step="2"/><T70/><D70/><U102/><E102/><N who="2" m="62679" /><F79/><W62/><G62/><T113/><D113/><U20/><E100/><V87/><F87/><W123/><G123/><T47/><D47/><U89/><E44/><V15/><F15/><W127/><G127/><T125/><D125/><U16/><E124/><V18/><F99/><W27/><G27/><T118/><D118/><U132/><E24/><V78/><F101/><W59/><G59/><T110/><D110/><U0/><E56/><V94/><F94/><W39/><G39/><T14/><D97/><U86/><E86/><V57/><F57/><W38/><G38/><T53/><D42/><U51/><E3/><V80/><F106/><W134/><G134/><T28/><D28/><U29/><E29/><V52/><F52/><W19/><G19/><AGARI ba="0,1" hai="18,19,36,43,46,74,78,80" m="62679,12906" machi="19" ten="30,2000,0" yaku="6,1,52,1" doraHai="107" who="2" fromWho="3" sc="148,0,367,0,336,30,139,-20" owari="148,-25.0,367,46.0,366,17.0,119,-38.0" /></mjloggm>