<mjloggm ver="2.3"><GO type="41" lobby="0"/><UN n0="%E4%B8%83%E8%89%B2%E3%81%AE%E4%BA%BA%E5%BD%A2%E9%81%A3%E3%81%84" n1="%E5%B0%B1%E6%B4%BB%E7%94%9F%40%E5%B7%9D%E6%9D%91%E8%BB%8D%E5%9B%A3" n2="%E3%81%93%E3%83%BC%E3%81%9F%E3%82%93" n3="%E4%B8%8A%E5%9F%9C%E4%B9%85%2E%2E" dan="14,15,15,15" rate="2016.52,1970.51,1959.61,2024.12" sx="M,M,M,F"/><TAIKYOKU oya="0"/><INIT seed="0,0,0,2,5,79" ten="250,250,250,250" oya="0" hai0="77,20,131,27,61,14,101,9,71,128,102,113,95" hai1="48,114,92,81,45,1,106,80,74,37,120,65,135" hai2="31,39,90,17,134,67,63,33,8,52,118,53,69" hai3="28,5,10,96,87,60,110,123,3,70,98,91,56"/><T29/><D113/><U44/><E106/><V22/><F39/><W117/><G110/><T41/><D41/><U105/><E105/><V55/><F118/><W23/><G123/><T88/><D77/><U46/><E1/><V24/><F134/><W57/><G70/><T111/><D111/><U99/><E120/><V15/><REACH who="2" step="1"/><F90/><REACH who="2" ten="250,250,240,250" step="2"/><W97/><G117/><T125/><D125/><U86/><E37/><V130/><F130/><N who="0" m="49706" /><D71/><U89/><E135/><V2/><F2/><W94/><G3/><T116/><D116/><U7/><E114/><V84/><F84/><W0/><G0/><T54/><D61/><U11/><E74/><V59/><F59/><W43/><G57/><T62/><D62/><U38/><E38/><V115/><F115/><W36/><G36/><T42/><D42/><U119/><E119/><V75/><F75/><W126/><G43/><T68/><D68/><U121/><E121/><V12/><F12/><N who="3" m="5199" /><G126/><T76/><D76/><U100/><E65/><V66/><F66/><N who="3" m="39175" /><G87/><N who="0" m="52639" /><D54/><U93/><E48/><V109/><F109/><W26/><AGARI ba="0,1" hai="23,26,28,91,94,96,97,98" m="39175,5199" machi="26" ten="30,1100,0" yaku="8,1" doraHai="79" who="3" fromWho="3" sc="250,-5,250,-3,240,-3,250,21" /><INIT seed="1,0,0,0,1,125" ten="245,247,237,271" oya="1" hai0="82,115,127,51,112,11,90,77,49,119,104,2,0" hai1="50,57,117,120,76,75,134,39,38,42,113,23,70" hai2="94,12,81,60,73,84,124,31,3,24,99,78,36" hai3="85,63,13,14,25,59,133,111,7,132,95,54,20"/><U74/><E70/><V126/><F36/><W33/><G33/><T18/><D119/><U46/><E117/><V86/><F3/><W100/><G111/><T16/><D104/><U97/><E120/><V61/><F12/><W55/><G55/><T15/><D127/><N who="2" m="48682" /><F61/><W116/><G7/><T107/><D107/><U123/><E113/><V5/><F5/><W121/><G121/><T21/><D90/><U6/><E123/><V68/><F60/><W26/><G26/><T91/><D91/><U65/><E134/><N who="3" m="51818" /><G116/><T52/><D51/><U48/><E6/><V19/><F19/><N who="3" m="12447" /><G85/><T8/><D2/><U130/><E130/><V103/><F68/><W53/><G53/><T40/><D40/><U114/><E114/><V72/><F72/><W102/><G95/><T106/><D106/><U92/><E39/><V58/><F58/><W34/><G34/><AGARI ba="0,0" hai="24,31,34,73,78,81,84,86,94,99,103" m="48682" machi="34" ten="30,1000,0" yaku="18,1" doraHai="125" who="2" fromWho="3" sc="245,0,247,0,237,10,271,-10" /><INIT seed="2,0,0,5,4,97" ten="245,247,247,261" oya="2" hai0="130,39,46,133,50,13,92,99,100,93,104,105,20" hai1="18,10,35,109,47,61,14,28,80,63,73,68,45" hai2="122,57,102,0,25,113,82,134,94,40,125,34,16" hai3="9,115,129,7,30,44,23,17,38,32,71,123,117"/><V54/><F122/><W1/><G71/><T21/><D39/><U84/><E109/><V116/><F113/><W11/><G38/><T22/><D130/><U56/><E73/><V106/><F0/><N who="3" m="231" /><G44/><T66/><D66/><U128/><E128/><V33/><F106/><W65/><G65/><T88/><D133/><U26/><E68/><V77/><F116/><W51/><G51/><T75/><D75/><U72/><E72/><V135/><F34/><W91/><G91/><T36/><D36/><U120/><E120/><V124/><F40/><W86/><G86/><N who="0" m="52247" /><D105/><U2/><E2/><V37/><F37/><W29/><G129/><T41/><D104/><U53/><REACH who="1" step="1"/><E63/><REACH who="1" ten="245,237,247,261" step="2"/><N who="2" m="36279" /><F33/><W118/><G123/><T60/><D60/><U90/><AGARI ba="0,1" hai="10,14,18,26,28,35,45,47,53,56,61,80,84,90" machi="90" ten="20,2700,0" yaku="1,1,0,1,7,1,53,0" doraHai="97" doraHaiUra="127" who="1" fromWho="1" sc="245,-7,237,37,247,-13,261,-7" /><INIT seed="3,0,0,2,2,107" ten="238,274,234,254" oya="3" hai0="25,13,28,54,78,79,51,66,38,121,65,8,76" hai1="83,41,90,100,82,43,102,36,122,74,94,110,89" hai2="129,114,105,64,35,71,101,46,26,27,127,14,42" hai3="18,47,62,130,120,86,60,91,103,92,1,80,70"/><W85/><G130/><T17/><D38/><U21/><E122/><V96/><F114/><W0/><G120/><T2/><D2/><U30/><E110/><V61/><F127/><W87/><G70/><T44/><REACH who="0" step="1"/><D121/><REACH who="0" ten="228,274,234,254" step="2"/><U63/><E36/><N who="2" m="21831" /><F129/><W55/><G1/><T98/><D98/><U75/><E63/><V119/><F119/><W118/><G0/><T52/><D52/><U5/><E43/><V106/><F27/><W10/><G118/><T23/><AGARI ba="0,1" hai="8,13,17,23,25,28,44,51,54,65,66,76,78,79" machi="23" ten="30,4000,0" yaku="1,1,0,1,8,1,53,0" doraHai="107" doraHaiUra="109" who="0" fromWho="0" sc="228,50,274,-10,234,-10,254,-20" /><INIT seed="4,0,0,4,1,31" ten="278,264,224,234" oya="0" hai0="91,127,53,26,99,92,102,19,98,134,70,38,87" hai1="14,97,6,123,63,85,93,32,66,35,7,114,11" hai2="86,48,132,15,116,45,57,12,115,135,126,76,100" hai3="4,39,58,56,17,112,69,82,65,130,129,90,59"/><T2/><D70/><U60/><E123/><V83/><F115/><W34/><G4/><T24/><D38/><U67/><E114/><V109/><F109/><W84/><G112/><T51/><D2/><U61/><E7/><V0/><F0/><W75/><G75/><T124/><D134/><N who="2" m="51242" /><F126/><N who="0" m="48170" /><D19/><U125/><E125/><V133/><N who="2" m="51250" /><V23/><DORA hai="107" /><F116/><W80/><G39/><T73/><D73/><U16/><E85/><V68/><F68/><W118/><G118/><T29/><D29/><U43/><E43/><N who="2" m="24639" /><F100/><W74/><G17/><T42/><D42/><U41/><E41/><V108/><F108/><W10/><G10/><T94/><D98/><U81/><E81/><V21/><F57/><AGARI ba="0,0" hai="24,26,51,53,57,87,91,92,94,99,102" m="48170" machi="57" ten="30,1500,0" yaku="18,1" doraHai="31,107" who="0" fromWho="2" sc="278,15,264,0,224,-15,234,0" /><INIT seed="4,1,0,3,5,76" ten="293,264,209,234" oya="0" hai0="68,78,91,96,120,29,104,9,79,124,10,128,19" hai1="61,115,108,75,32,5,97,51,6,107,134,119,110" hai2="69,4,62,24,66,13,113,129,121,3,101,20,27" hai3="81,34,38,45,52,46,98,47,95,26,31,85,131"/><T63/><D120/><U59/><E32/><V22/><F121/><W44/><G131/><T99/><D128/><U130/><E130/><V49/><F129/><W54/><N who="3" m="11776" /><DORA hai="21" /><W14/><G14/><T122/><D122/><U100/><E51/><V127/><F3/><W7/><G7/><T11/><D124/><U23/><E119/><V118/><F49/><W48/><G48/><T117/><D117/><U39/><E39/><V92/><F118/><W15/><G15/><T64/><D29/><U28/><E134/><V112/><F127/><W106/><G106/><T67/><D19/><U1/><E75/><V90/><F101/><W58/><G58/><T8/><D64/><U60/><E60/><V16/><F4/><W71/><G71/><T50/><D50/><U87/><E115/><N who="2" m="44107" /><F22/><N who="3" m="15831" /><G38/><T70/><D70/><U125/><E125/><V84/><AGARI ba="1,0" hai="13,16,20,24,27,62,66,69,84,90,92" m="44107" machi="84" ten="30,7900,0" yaku="15,1,52,2,54,1" doraHai="76,21" who="2" fromWho="2" sc="293,-40,264,-21,209,82,234,-21" /><INIT seed="5,0,0,5,4,55" ten="253,243,291,213" oya="1" hai0="105,31,87,45,117,81,128,86,39,80,125,16,70" hai1="5,52,112,30,43,11,60,129,71,103,76,10,93" hai2="34,12,107,69,101,48,4,100,114,95,21,38,29" hai3="42,68,85,1,73,37,19,28,54,90,74,17,50"/><U133/><E112/><V15/><F38/><W57/><G68/><T113/><D117/><U132/><E129/><V111/><F111/><W18/><G1/><T2/><D70/><U3/><E76/><V26/><F69/><W20/><G37/><T13/><D2/><U27/><E43/><V104/><F114/><W88/><G74/><T7/><D105/><U47/><E11/><V91/><F107/><W120/><G73/><T23/><D128/><U106/><E47/><V56/><F104/><W92/><G120/><T64/><D64/><N who="1" m="41351" /><E93/><V62/><F48/><W124/><G124/><T44/><D7/><U6/><E6/><V131/><F131/><W77/><G42/><T78/><D125/><U116/><E52/><N who="2" m="34055" /><F34/><W108/><G108/><T99/><D99/><N who="1" m="61823" /><E116/><V51/><F51/><W0/><G0/><T49/><D113/><U66/><E66/><V89/><F89/><N who="3" m="53295" /><G77/><N who="0" m="46351" /><D39/><U72/><E72/><V121/><F121/><W96/><G96/><T135/><D31/><U65/><E65/><V118/><F118/><W115/><G115/><T79/><D79/><U36/><E36/><V33/><F33/><AGARI ba="0,0" hai="3,5,10,27,30,33,132,133" m="61823,41351" machi="33" ten="30,2900,0" yaku="25,1,23,1" doraHai="55" who="1" fromWho="2" sc="253,0,243,29,291,-29,213,0" /><INIT seed="5,1,0,1,1,75" ten="253,272,262,213" oya="1" hai0="94,127,43,78,3,19,38,134,60,36,11,67,132" hai1="107,5,39,23,113,1,37,13,30,44,103,116,2" hai2="115,109,14,9,101,31,61,120,111,133,16,80,4" hai3="100,118,57,50,25,52,58,128,89,95,72,29,34"/><U119/><E113/><V97/><F120/><W68/><G68/><T59/><D127/><U62/><E30/><V64/><F133/><N who="0" m="51306" /><D43/><U42/><E39/><V6/><F115/><W17/><G72/><T102/><D78/><U65/><E23/><V22/><F80/><W49/><G128/><T53/><D67/><U91/><E91/><V117/><F117/><W76/><G118/><T26/><D3/><U0/><E13/><V82/><F82/><W84/><G100/><T28/><D11/><U81/><E81/><V122/><F122/><W104/><G104/><T47/><D47/><U70/><REACH who="1" step="1"/><E5/><REACH who="1" ten="253,262,262,213" step="2"/><V125/><F125/><W32/><G17/><T66/><D28/><U33/><E33/><V74/><F74/><W56/><G34/><T114/><D114/><U105/><E105/><V129/><F129/><W85/><REACH who="3" step="1"/><G50/><REACH who="3" ten="253,262,262,203" step="2"/><T71/><D38/><U135/><E135/><V41/><F6/><W51/><G51/><T108/><D36/><U10/><E10/><V98/><F31/><W46/><G46/><T27/><D19/><U112/><E112/><V124/><F124/><W96/><G96/><AGARI ba="1,2" hai="0,1,2,37,42,44,62,65,70,96,103,107,116,119" machi="96" ten="40,12000,1" yaku="1,1,23,2,53,1" doraHai="75" doraHaiUra="99" who="1" fromWho="3" sc="253,0,262,143,262,0,203,-123" /><INIT seed="5,2,0,4,5,131" ten="253,405,262,80" oya="1" hai0="85,1,106,26,56,10,116,122,73,104,128,2,32" hai1="55,13,118,113,44,61,71,54,108,59,17,23,95" hai2="40,70,9,3,114,65,99,30,121,50,52,66,68" hai3="0,124,98,11,82,112,90,89,123,72,79,120,27"/><U21/><E118/><V8/><F121/><W135/><G27/><T125/><D116/><U57/><E108/><V86/><F40/><W75/><G11/><T38/><D38/><U46/><E113/><V93/><F30/><W96/><G0/><T127/><D73/><U117/><E117/><V129/><F129/><W74/><G112/><T34/><D128/><U94/><E71/><V51/><F114/><W63/><G63/><T100/><D56/><U78/><E78/><V111/><F111/><W80/><G124/><N who="0" m="47691" /><D122/><U4/><E4/><V130/><F130/><W76/><REACH who="3" step="1"/><G75/><REACH who="3" ten="253,405,262,70" step="2"/><T109/><D109/><U105/><E105/><V133/><F3/><W83/><G83/><T45/><D10/><U77/><E21/><V22/><F22/><W87/><G87/><T42/><D85/><U101/><E95/><V14/><F86/><W25/><G25/><T6/><D26/><U62/><E77/><V12/><F93/><W84/><G84/><T48/><D104/><U20/><E20/><V39/><F99/><AGARI ba="2,1" hai="13,17,23,44,46,54,55,57,59,61,62,94,99,101" machi="99" ten="40,3900,0" yaku="9,1,8,1" doraHai="131" who="1" fromWho="2" sc="253,0,405,55,262,-45,70,0" /><INIT seed="5,3,0,0,5,77" ten="253,460,217,70" oya="1" hai0="101,73,131,7,26,79,15,44,120,32,55,54,71" hai1="127,132,95,21,110,9,91,43,1,2,40,47,36" hai2="133,27,62,35,122,31,33,109,121,118,3,10,22" hai3="46,112,125,104,34,105,65,19,90,87,117,92,135"/><U29/><E110/><V38/><F38/><W94/><G135/><T126/><D71/><U106/><E132/><V130/><F133/><W45/><G34/><T70/><D70/><U76/><E106/><V72/><F72/><W69/><G125/><T116/><D116/><U39/><E127/><V12/><F118/><W57/><G117/><T42/><D126/><U11/><E76/><V119/><F119/><W14/><G112/><T49/><D131/><U18/><E29/><V124/><F124/><W115/><G69/><T63/><D101/><U114/><E114/><V80/><F62/><W108/><G108/><T28/><D63/><U59/><E59/><V53/><F53/><W58/><G115/><T66/><D66/><U4/><E43/><V41/><F41/><W16/><G105/><T100/><D100/><U56/><E56/><V6/><F109/><W24/><G104/><T99/><D99/><U37/><E9/><V61/><F61/><W86/><G24/><T20/><D120/><U129/><E2/><V97/><F97/><W67/><REACH who="3" step="1"/><G14/><REACH who="3" ten="253,460,217,60" step="2"/><T82/><D32/><U78/><E129/><V81/><F130/><W17/><G17/><T74/><D15/><U107/><E18/><N who="2" m="10567" /><F35/><W68/><G68/><T102/><D26/><U134/><E107/><V60/><F60/><W113/><G113/><T0/><D0/><U85/><E1/><V96/><F96/><W83/><G83/><AGARI ba="3,1" hai="3,6,10,27,31,33,80,81,83,121,122" m="10567" machi="83" ten="30,7700,0" yaku="24,1,52,3" doraHai="77" who="2" fromWho="3" sc="253,0,460,0,217,96,60,-86" owari="253,-15.0,460,57.0,313,11.0,-26,-53.0" /></mjloggm>