<mjloggm ver="2.3"><GO type="169" lobby="0"/><UN n0="%E3%81%AA%E3%82%93%E3%81%8F%E3%82%8B%E3%81%AA%E3%81%84%E3%81%95" n1="%7A%61%63%63" n2="%E3%82%A6%E3%83%AB%E3%83%88%E3%83%A9%E7%AB%8B%E7%9B%B4" n3="%E7%AB%B9%E5%B2%A1%E9%89%B1%E5%B1%B1" dan="16,17,17,17" rate="2145.76,2175.25,2173.07,2189.28" sx="F,F,M,M"/><TAIKYOKU oya="0"/><INIT seed="0,0,0,0,2,103" ten="250,250,250,250" oya="0" hai0="20,26,9,81,98,16,68,102,15,125,113,13,61" hai1="78,24,48,50,65,42,56,40,114,101,87,96,95" hai2="62,60,45,19,134,111,58,132,63,25,105,108,71" hai3="90,116,21,17,118,123,104,31,76,97,22,91,33"/><T49/><D113/><U122/><E122/><V53/><F25/><W72/><G123/><T109/><D125/><U57/><E114/><V14/><F19/><W83/><G33/><T110/><D81/><U11/><E11/><V93/><F14/><W106/><G31/><T77/><D77/><U84/><E24/><V117/><F93/><W124/><G22/><T69/><D49/><U85/><E78/><V23/><F23/><W107/><G124/><T47/><D47/><U79/><E79/><V4/><F4/><W0/><G0/><T29/><D15/><U80/><E80/><V18/><F18/><W126/><G126/><T131/><D131/><U35/><E35/><V32/><F105/><N who="3" m="40555" /><G17/><T88/><D61/><N who="2" m="23658" /><F32/><W119/><G21/><T92/><REACH who="0" step="1"/><D102/><AGARI ba="0,0" hai="72,76,83,90,91,97,102,107,116,118,119" m="40555" machi="102" ten="40,12000,2" yaku="34,2,52,4" doraHai="103" who="3" fromWho="0" sc="250,-120,250,0,250,0,250,120" /><INIT seed="1,0,0,5,2,124" ten="130,250,250,370" oya="1" hai0="119,23,56,68,30,12,19,100,101,115,62,45,122" hai1="58,22,18,131,97,52,47,14,75,71,84,72,79" hai2="67,16,129,7,53,37,0,65,105,54,21,96,126" hai3="114,48,108,25,85,117,44,123,73,9,51,90,116"/><U3/><E71/><V34/><F37/><W135/><G73/><T24/><D122/><U88/><E3/><V118/><F34/><W82/><G123/><T5/><D119/><N who="3" m="45641" /><G114/><T113/><D68/><U63/><E97/><V39/><F39/><W132/><G108/><T43/><D5/><U64/><E79/><V50/><F118/><W91/><G9/><T78/><D78/><U10/><E22/><V89/><F54/><N who="3" m="29959" /><G51/><T134/><D134/><N who="3" m="51241" /><G25/><T102/><D43/><U98/><E75/><V130/><F126/><W57/><G57/><T93/><D45/><U46/><E72/><V8/><F65/><W121/><G121/><T94/><D115/><U127/><E127/><V27/><F67/><W31/><G31/><T6/><D6/><U87/><E47/><V2/><F2/><W86/><G86/><T120/><D120/><U81/><E84/><V26/><F26/><W83/><G91/><T109/><D109/><U41/><E98/><V69/><F69/><W38/><G38/><T42/><D42/><U11/><E10/><V106/><F89/><W128/><G83/><T107/><D107/><U66/><E131/><AGARI ba="0,0" hai="82,85,90,128,131" m="51241,29959,45641" machi="131" ten="40,8000,1" yaku="12,1,20,1,52,2" doraHai="124" who="3" fromWho="1" sc="130,0,250,-80,250,0,370,80" /><INIT seed="2,0,0,2,5,114" ten="130,170,250,450" oya="2" hai0="34,47,135,46,102,28,69,104,134,113,127,32,111" hai1="22,26,23,31,103,45,120,94,58,71,13,88,86" hai2="80,92,130,121,11,57,115,95,19,50,8,61,110" hai3="85,72,117,100,52,129,83,14,38,18,123,68,35"/><V119/><F121/><W112/><G123/><T17/><D69/><U48/><E71/><V116/><F115/><W90/><G112/><T65/><D113/><U106/><E120/><V124/><F50/><W122/><G122/><T43/><D111/><U131/><E131/><V118/><F130/><W132/><G129/><T21/><D65/><U70/><E70/><V128/><F128/><W2/><G2/><T15/><D102/><U81/><E58/><V93/><F110/><W29/><G68/><T6/><D104/><U97/><E13/><V54/><F124/><W67/><G67/><T66/><D66/><U91/><E22/><V109/><F109/><W74/><G38/><T16/><D127/><U105/><REACH who="1" step="1"/><E103/><REACH who="1" ten="130,160,250,450" step="2"/><V1/><F1/><W99/><G100/><T10/><D47/><U98/><E98/><V59/><F59/><W27/><G99/><T53/><D46/><U82/><E82/><V73/><REACH who="2" step="1"/><F19/><REACH who="2" ten="130,160,240,450" step="2"/><W0/><G18/><T125/><D125/><U107/><E107/><V60/><F60/><W3/><G3/><T30/><D17/><U25/><E25/><V78/><AGARI ba="0,2" hai="8,11,54,57,61,73,78,80,92,93,95,116,118,119" machi="78" ten="40,12000,1" yaku="1,1,0,1,52,3,53,0" doraHai="114" doraHaiUra="64" who="2" fromWho="2" sc="130,-40,160,-40,240,140,450,-40" /><INIT seed="2,1,0,4,2,84" ten="90,120,380,410" oya="2" hai0="106,32,12,91,120,77,57,131,0,8,125,54,78" hai1="92,11,16,34,31,29,96,116,35,69,71,122,73" hai2="51,113,50,118,114,37,133,30,40,81,62,132,80" hai3="60,104,86,49,41,85,7,109,127,101,55,39,20"/><V75/><F37/><W36/><G109/><T129/><D106/><U17/><E73/><V103/><F118/><W61/><G7/><T121/><D32/><U72/><E72/><V94/><F30/><W76/><G39/><T9/><D0/><U90/><E116/><V23/><F23/><W105/><G36/><T130/><D125/><U43/><E43/><V15/><F15/><W107/><G41/><T26/><D26/><U98/><E11/><V27/><F27/><W13/><G101/><T66/><D66/><U58/><E92/><V124/><F124/><W19/><G127/><T42/><D42/><U1/><E58/><V53/><F62/><W10/><G10/><N who="0" m="4203" /><D12/><U52/><E1/><V5/><F5/><W4/><G4/><T83/><D78/><U3/><E3/><V2/><F2/><W14/><G14/><T70/><D70/><U25/><E25/><V89/><F40/><W45/><G76/><T56/><D77/><U111/><E111/><V87/><F75/><W68/><G68/><T112/><D112/><N who="2" m="43114" /><F103/><W24/><G13/><T97/><D83/><N who="2" m="31818" /><F53/><W28/><G28/><T135/><D54/><U67/><E67/><V117/><F117/><W38/><G38/><T74/><D74/><U6/><E6/><V18/><F18/><W63/><AGARI ba="1,0" hai="19,20,24,45,49,55,60,61,63,85,86,104,105,107" machi="63" ten="40,1500,0" yaku="0,1" doraHai="84" who="3" fromWho="3" sc="90,-5,120,-5,380,-8,410,18" /><INIT seed="3,0,0,2,5,88" ten="85,115,372,428" oya="3" hai0="131,132,34,104,62,74,31,61,33,80,76,120,38" hai1="112,135,41,121,94,125,86,59,72,22,127,53,133" hai2="47,26,83,56,16,14,99,113,10,119,64,85,68" hai3="0,63,122,6,45,73,111,90,18,54,123,11,124"/><W130/><G73/><T23/><D120/><U52/><E72/><V77/><F68/><W3/><G3/><T70/><D132/><N who="1" m="50763" /><E41/><V84/><F113/><W78/><G78/><T20/><D38/><U30/><E112/><V109/><F109/><W46/><G111/><T48/><D131/><U102/><E121/><V50/><F119/><W96/><G130/><T42/><D104/><U5/><E5/><V101/><F26/><W107/><G46/><T89/><D34/><U66/><E66/><V7/><F7/><W32/><G32/><T108/><D108/><U43/><E43/><V71/><F71/><W65/><G124/><N who="1" m="47690" /><E59/><V1/><F1/><W116/><G116/><T2/><D2/><U36/><E36/><V100/><F56/><W19/><G123/><T4/><D4/><U40/><E40/><V58/><F58/><W57/><G122/><T21/><D70/><U75/><E75/><V110/><F64/><W81/><G107/><T24/><D89/><N who="1" m="53559" /><E102/><V51/><F110/><W95/><G45/><T126/><D126/><U35/><E35/><V44/><F101/><N who="3" m="60575" /><G65/><T8/><D8/><U79/><E79/><V92/><F47/><W12/><G0/><T103/><D103/><U106/><E106/><V117/><F117/><W37/><G37/><T15/><D15/><U134/><E134/><V93/><F44/><W9/><G9/><T25/><D25/><AGARI ba="0,0" hai="22,25,30,52,53" m="53559,47690,50763" machi="25" ten="30,7700,0" yaku="20,1,18,1,52,1,54,1" doraHai="88" who="1" fromWho="0" sc="85,-77,115,77,372,0,428,0" /><INIT seed="4,0,0,0,1,105" ten="8,192,372,428" oya="0" hai0="25,125,82,10,22,42,95,135,129,26,122,132,30" hai1="57,79,74,23,51,27,48,36,86,0,9,4,89" hai2="65,71,96,68,72,104,16,28,90,34,5,106,29" hai3="21,3,7,1,133,2,59,93,121,110,40,46,75"/><T108/><D122/><U94/><E36/><V47/><F5/><W107/><G107/><N who="2" m="41001" /><F90/><W62/><G110/><T70/><D70/><N who="2" m="26666" /><F96/><W31/><G121/><T49/><D108/><U45/><E57/><V15/><F65/><W6/><G75/><T84/><D125/><U60/><E60/><V112/><F29/><W67/><G133/><N who="0" m="51275" /><D129/><U117/><E117/><V52/><F52/><W130/><G130/><T37/><D37/><U63/><E63/><V126/><F47/><W85/><G93/><T109/><D109/><U124/><E124/><V111/><F111/><W19/><G85/><T35/><D95/><U33/><E74/><V18/><F18/><W17/><G31/><N who="0" m="17847" /><D10/><U80/><E45/><V119/><F16/><W41/><G19/><T116/><D116/><U123/><E123/><V55/><F119/><W103/><G103/><T78/><D49/><U54/><E51/><V38/><F126/><W50/><REACH who="3" step="1"/><G41/><AGARI ba="0,0" hai="26,30,35,41,42,78,82,84" m="17847,51275" machi="41" ten="30,1500,0" yaku="20,1" doraHai="105" who="0" fromWho="3" sc="8,15,192,0,372,0,428,-15" /><INIT seed="4,1,0,2,0,45" ten="23,192,372,413" oya="0" hai0="55,79,84,67,72,8,94,135,77,31,69,120,134" hai1="20,106,17,52,0,75,81,78,118,129,13,59,99" hai2="15,107,46,28,80,97,27,19,108,83,36,70,29" hai3="65,41,2,92,104,117,88,38,119,57,113,126,47"/><T100/><D120/><U122/><E118/><V110/><F70/><W34/><G104/><T49/><D72/><U63/><E0/><V11/><F107/><W74/><G74/><T121/><D121/><U56/><E129/><V26/><F97/><W102/><G102/><T51/><D31/><U73/><E122/><V98/><F98/><W89/><G2/><T14/><D69/><U6/><E6/><V124/><F124/><W64/><G34/><T23/><D23/><U109/><E109/><N who="2" m="42091" /><F46/><W111/><G111/><T90/><D67/><U93/><E106/><V60/><F60/><W35/><G35/><T132/><D100/><U71/><E59/><V39/><F27/><W61/><G126/><T9/><D9/><U62/><E71/><V128/><F28/><W33/><G33/><T86/><D86/><U4/><E4/><V54/><F54/><W112/><G65/><T125/><D125/><U5/><E5/><V96/><F96/><N who="3" m="57351" /><G89/><T114/><D114/><AGARI ba="1,0" hai="38,41,47,57,61,64,112,113,114,117,119" m="57351" machi="114" ten="30,2000,0" yaku="15,1,54,1" doraHai="45" who="3" fromWho="0" sc="23,-23,192,0,372,0,413,23" /><INIT seed="5,0,0,4,4,91" ten="0,192,372,436" oya="1" hai0="10,129,40,90,135,121,104,48,11,99,55,110,35" hai1="18,57,33,47,16,98,88,17,78,119,13,45,97" hai2="80,102,89,15,39,123,76,44,128,79,38,63,85" hai3="125,27,54,46,30,83,82,87,6,108,22,127,101"/><U14/><E33/><V100/><F38/><W95/><G108/><T8/><D35/><U36/><E119/><V111/><F39/><W42/><G54/><T65/><D121/><U130/><E130/><V3/><F3/><W68/><G68/><T69/><D110/><U131/><E131/><V67/><F128/><W9/><G101/><N who="2" m="39017" /><F44/><N who="1" m="16969" /><E78/><N who="2" m="29739" /><F15/><N who="1" m="5641" /><E36/><V115/><F111/><W120/><G120/><T32/><D32/><U26/><E26/><V113/><F63/><W132/><G42/><T41/><D135/><U43/><E43/><V94/><F67/><W5/><G46/><T29/><D129/><U4/><E4/><N who="3" m="1642" /><G9/><T71/><D29/><U134/><E134/><V1/><F1/><W103/><G132/><T74/><D74/><U59/><E88/><N who="2" m="51239" /><F123/><W70/><G70/><T133/><D133/><U117/><E117/><V62/><F62/><W31/><G103/><T7/><D7/><U21/><E21/><V112/><F112/><W126/><G31/><T84/><D71/><U34/><E34/><V96/><AGARI ba="0,0" hai="89,94,96,113,115" m="51239,29739,39017" machi="96" ten="30,7900,0" yaku="34,2,52,1,54,1" doraHai="91" who="2" fromWho="2" sc="0,-20,192,-39,372,79,436,-20" owari="-20,-52.0,153,-25.0,451,55.0,416,22.0" /></mjloggm>