<mjloggm ver="2.3"><GO type="97" lobby="0"/><UN n0="%E5%8F%A4%E5%87%BA%E6%A2%A8%E8%8A%B1%E2%98%86%E5%BD%A1" n1="%E3%82%A6%E3%83%AB%E3%83%88%E3%83%A9%E7%AB%8B%E7%9B%B4" n2="%41%73%61%67%61%6B%69" n3="%E5%B7%9D%E6%9D%91" dan="14,13,14,15" rate="1945.86,1891.82,1957.62,1980.34" sx="F,M,M,M"/><TAIKYOKU oya="0"/><INIT seed="0,0,0,4,3,107" ten="250,250,250,250" oya="0" hai0="16,78,112,20,35,71,3,96,34,19,25,134,111" hai1="7,50,21,8,83,30,130,76,54,52,53,86,97" hai2="29,15,9,84,115,85,99,75,28,93,22,36,114" hai3="10,92,80,32,110,62,121,105,132,124,66,59,61"/><T48/><D71/><U128/><E97/><V101/><F36/><W103/><G110/><T133/><D78/><U129/><E21/><V104/><F75/><W117/><G117/><T106/><D3/><U70/><E30/><V0/><F0/><W5/><G105/><T90/><D112/><U135/><E70/><V74/><F74/><W79/><G124/><T18/><D111/><U88/><E135/><N who="0" m="51721" /><D48/><U116/><E116/><V49/><F49/><W131/><G132/><T68/><D68/><U46/><E76/><V122/><F122/><W44/><G121/><T95/><D106/><U17/><E17/><AGARI ba="0,0" hai="16,17,18,19,20,25,34,35,90,95,96" m="51721" machi="17" ten="30,2900,0" yaku="20,1,54,1" doraHai="107" who="0" fromWho="1" sc="250,29,250,-29,250,0,250,0" /><INIT seed="0,1,0,0,0,33" ten="279,221,250,250" oya="0" hai0="40,62,48,36,103,17,10,73,92,2,111,112,65" hai1="29,24,113,60,95,116,53,12,88,42,11,126,64" hai2="67,61,57,125,9,96,121,16,20,129,102,108,78" hai3="18,118,97,44,22,37,38,82,14,135,84,41,119"/><T50/><D112/><U34/><E116/><V21/><F108/><W81/><G135/><T55/><D73/><U74/><E74/><V76/><F121/><W45/><G97/><T25/><D36/><U104/><E104/><V110/><F110/><W39/><G81/><T1/><D111/><U71/><E126/><V59/><F125/><W43/><REACH who="3" step="1"/><G39/><REACH who="3" ten="279,221,250,240" step="2"/><T46/><D92/><U94/><E94/><V77/><F96/><W120/><G120/><T115/><D115/><U56/><E113/><V28/><F102/><W0/><G0/><T99/><D99/><U133/><E133/><V47/><F129/><W32/><G32/><T72/><D103/><U19/><E95/><V23/><F28/><W98/><G98/><T8/><D2/><U30/><E30/><V87/><F87/><W91/><AGARI ba="1,1" hai="14,18,22,37,38,41,43,44,45,82,84,91,118,119" machi="91" ten="20,5200,0" yaku="1,1,0,1,7,1,9,1,53,0" doraHai="33" doraHaiUra="27" who="3" fromWho="3" sc="279,-27,221,-14,250,-14,240,65" /><INIT seed="1,0,0,4,3,109" ten="252,207,236,305" oya="1" hai0="127,114,48,42,90,83,93,135,108,110,71,103,99" hai1="23,28,64,91,130,50,123,67,45,134,44,115,88" hai2="12,52,7,95,36,40,80,100,89,101,8,116,120" hai3="81,17,22,86,5,30,75,96,34,29,6,126,128"/><U43/><E123/><V122/><F116/><W79/><G128/><T46/><D71/><U113/><E130/><V3/><F36/><W132/><G126/><T125/><D135/><U47/><E134/><V33/><F40/><W0/><G132/><T1/><D1/><U74/><E74/><V39/><F39/><W124/><G124/><N who="0" m="47691" /><D114/><N who="1" m="43531" /><E43/><V111/><F33/><W78/><G34/><T104/><D83/><U72/><E72/><V11/><F80/><W20/><G96/><AGARI ba="0,0" hai="42,46,48,90,93,96,99,103,104,108,110" m="47691" machi="96" ten="30,1000,0" yaku="18,1" doraHai="109" who="0" fromWho="3" sc="252,10,207,0,236,0,305,-10" /><INIT seed="2,0,0,2,3,135" ten="262,207,236,295" oya="2" hai0="106,96,48,99,111,33,112,42,90,70,58,66,77" hai1="45,27,109,7,50,91,52,105,17,125,11,122,102" hai2="108,54,59,49,75,73,16,67,20,3,29,53,5" hai3="87,37,22,72,1,76,38,21,117,31,25,103,14"/><V124/><F108/><W41/><G117/><T132/><D33/><U0/><E109/><V40/><F29/><W92/><G1/><T57/><D77/><U97/><E122/><V28/><F28/><W26/><G14/><T30/><D111/><U116/><E116/><V15/><F67/><W81/><G41/><T6/><D30/><U9/><E91/><V79/><F40/><W85/><G85/><T18/><D6/><U93/><E125/><V63/><F124/><W23/><G25/><T129/><D70/><U56/><E105/><V39/><F39/><W113/><G113/><T130/><D106/><U114/><E114/><V119/><F79/><W133/><G133/><T74/><D74/><U131/><E131/><V100/><F100/><W121/><G121/><T95/><D112/><U24/><E17/><V123/><F123/><W36/><REACH who="3" step="1"/><G72/><REACH who="3" ten="262,207,236,285" step="2"/><T127/><D132/><U35/><E35/><V86/><F86/><W78/><G78/><T71/><D42/><U126/><E126/><V44/><REACH who="2" step="1"/><F119/><REACH who="2" ten="262,207,226,285" step="2"/><W34/><G34/><T46/><D127/><U64/><E97/><AGARI ba="0,2" hai="21,22,23,26,31,36,37,38,76,81,87,92,97,103" machi="97" ten="40,1300,0" yaku="1,1,53,0" doraHai="135" doraHaiUra="60" who="3" fromWho="1" sc="262,0,207,-13,226,0,285,33" /><INIT seed="3,0,0,2,4,132" ten="262,194,226,318" oya="3" hai0="113,52,133,0,107,73,55,99,13,27,49,46,43" hai1="115,8,105,1,106,91,45,41,40,90,96,47,66" hai2="53,86,56,125,114,44,118,9,61,127,81,18,80" hai3="108,88,33,38,79,117,39,51,17,7,76,11,126"/><W37/><G117/><T74/><D0/><U124/><E66/><V5/><F118/><W101/><G33/><T34/><D133/><U102/><E8/><V84/><F114/><W25/><G126/><N who="2" m="48137" /><F18/><W135/><G101/><T123/><D123/><U109/><E124/><V4/><F44/><N who="1" m="16969" /><E102/><V94/><F94/><W130/><G51/><T23/><D113/><U97/><E115/><V116/><F116/><W63/><G63/><T100/><D34/><U54/><E54/><V131/><F131/><W62/><G62/><T59/><D13/><U10/><E10/><V32/><F32/><W92/><G17/><T35/><D55/><U75/><E75/><V58/><F58/><W89/><G11/><T70/><D70/><U60/><E60/><V67/><F67/><W31/><G130/><T57/><D59/><U93/><E93/><V85/><F5/><W26/><G7/><T78/><D35/><U22/><E22/><V72/><F72/><W21/><G92/><T50/><D73/><U95/><E95/><V12/><AGARI ba="0,0" hai="4,9,12,53,56,61,80,81,84,85,86" m="48137" machi="12" ten="30,7900,0" yaku="18,1,52,3" doraHai="132" who="2" fromWho="2" sc="262,-20,194,-20,226,79,318,-39" owari="242,-16.0,174,-33.0,305,41.0,279,8.0" /></mjloggm>