<mjloggm ver="2.3"><GO type="193" lobby="0"/><UN n0="%76%61%79%75" n1="%E3%81%AB%E3%82%83%EF%BD%9E%E3%81%AB%E3%82%83" n2="%58%58%53%43%4F%4B" n3="%E5%B0%B1%E6%B4%BB%E7%94%9F%40%E5%B7%9D%E6%9D%91%E8%BB%8D%E5%9B%A3" dan="12,13,10,9" rate="1666.27,1687.94,1495.35,1673.90" sx="M,F,F,M"/><TAIKYOKU oya="0"/><INIT seed="0,0,0,4,5,5" ten="250,250,250,250" oya="0" hai0="48,89,26,116,114,117,1,0,50,115,101,94,22" hai1="71,97,128,108,2,34,39,14,88,30,43,51,103" hai2="38,17,131,65,96,99,113,69,8,110,59,21,57" hai3="100,74,44,3,49,68,83,87,67,11,106,90,12"/><T98/><D1/><U31/><E71/><V70/><F113/><W53/><G3/><T78/><D78/><U79/><E2/><V54/><F38/><W62/><G74/><T107/><D0/><U134/><E39/><V86/><F70/><W132/><G132/><T133/><D133/><U119/><E119/><V41/><F69/><W32/><G32/><T102/><D102/><U60/><E108/><V124/><F110/><W112/><G112/><T104/><D115/><U95/><E134/><V19/><F131/><W120/><G120/><T61/><D114/><U10/><E128/><V15/><F124/><W76/><G100/><T82/><D61/><U84/><E34/><V24/><F41/><W63/><G63/><T36/><D36/><U4/><E79/><V18/><F86/><W6/><G106/><T73/><D104/><U47/><E60/><V93/><F65/><W109/><G109/><T13/><D73/><U92/><AGARI ba="0,0" hai="4,10,14,30,31,43,47,51,84,88,92,95,97,103" machi="92" ten="20,8000,1" yaku="0,1,7,1,8,1,52,1,54,1" doraHai="5" who="1" fromWho="1" sc="250,-40,250,80,250,-20,250,-20" /><INIT seed="1,0,0,0,0,95" ten="210,330,230,230" oya="1" hai0="134,2,54,126,20,68,117,3,131,69,60,25,77" hai1="78,32,83,85,39,123,13,4,96,92,21,120,28" hai2="27,53,56,42,6,99,90,98,9,67,24,84,115" hai3="18,122,118,66,64,89,88,128,63,29,97,121,46"/><U127/><E39/><V100/><F42/><W44/><G128/><T116/><D77/><U103/><E32/><V7/><F115/><W41/><G118/><T106/><D54/><U55/><E127/><V22/><F67/><W1/><G1/><T11/><D60/><U72/><E123/><V61/><F100/><W132/><G132/><T52/><D52/><U81/><E120/><V102/><F9/><W33/><G33/><T86/><D86/><U58/><E28/><V80/><F102/><W75/><G75/><T108/><D68/><U101/><E21/><V91/><F91/><W62/><G18/><T0/><D25/><U47/><E47/><V105/><F105/><W125/><G125/><T73/><D11/><U76/><E103/><V87/><F87/><W43/><REACH who="3" step="1"/><G29/><REACH who="3" ten="210,330,230,220" step="2"/><T113/><D2/><U124/><E124/><V50/><F50/><W19/><G19/><T114/><D0/><U109/><E4/><N who="2" m="1579" /><F24/><W130/><G130/><T119/><D116/><U23/><E109/><V12/><F12/><W129/><G129/><T5/><D117/><U59/><E13/><V8/><F8/><W36/><G36/><T14/><D14/><U51/><E23/><V112/><F112/><W93/><G93/><T135/><D114/><U15/><E15/><V79/><F90/><W10/><G10/><T111/><D20/><U65/><E65/><V49/><F49/><W71/><G71/><T94/><D94/><U30/><E30/><AGARI ba="0,1" hai="22,27,30,53,56,61,79,80,84,98,99" m="1579" machi="30" ten="30,3900,0" yaku="8,1,52,2" doraHai="95" who="2" fromWho="1" sc="210,0,330,-39,230,49,220,0" /><INIT seed="2,0,0,5,0,103" ten="210,291,279,220" oya="2" hai0="57,29,102,110,82,94,88,37,81,59,80,8,42" hai1="87,3,98,130,56,28,70,43,122,16,5,85,124" hai2="93,60,19,132,72,14,21,63,97,112,24,30,46" hai3="125,74,133,27,45,40,13,77,2,73,108,68,44"/><V90/><F112/><W49/><G2/><T101/><D29/><U48/><E70/><V31/><F72/><W39/><G68/><T91/><D110/><U6/><E124/><V121/><F121/><W78/><G133/><T34/><D34/><U116/><E116/><V117/><F132/><W54/><G125/><T99/><D37/><U84/><E130/><V7/><F117/><W127/><G127/><T129/><D129/><U104/><E28/><V38/><F38/><W0/><G0/><T11/><D42/><U100/><E3/><V33/><F31/><W26/><G108/><T128/><D128/><U53/><E43/><V76/><F46/><W79/><REACH who="3" step="1"/><G13/><REACH who="3" ten="210,291,279,210" step="2"/><T83/><N who="0" m="20992" /><DORA hai="75" /><T17/><D17/><U20/><REACH who="1" step="1"/><E122/><REACH who="1" ten="210,281,279,210" step="2"/><V51/><F7/><W69/><G69/><T55/><D59/><U120/><E120/><V58/><F76/><W114/><G114/><T118/><D118/><U134/><E134/><V135/><REACH who="2" step="1"/><F135/><REACH who="2" ten="210,281,269,210" step="2"/><W95/><G95/><T66/><D94/><U119/><E119/><V131/><F131/><W47/><G47/><T65/><D57/><U67/><E67/><V111/><F111/><W105/><G105/><T23/><D66/><U35/><E35/><V10/><F10/><W62/><G62/><T64/><D65/><U89/><E89/><V92/><F92/><W109/><G109/><T32/><D64/><U4/><E4/><V50/><F50/><W15/><G15/><AGARI ba="0,3" hai="5,6,15,16,20,48,53,56,84,85,87,98,100,104" machi="15" ten="40,5200,0" yaku="1,1,52,1,54,1,53,0" doraHai="103,75" doraHaiUra="22,36" who="1" fromWho="3" sc="210,0,281,82,269,0,210,-52" /><INIT seed="3,0,0,0,4,68" ten="210,363,269,158" oya="3" hai0="130,54,84,59,40,115,73,45,29,58,19,34,77" hai1="128,65,51,82,101,94,133,87,88,62,3,116,67" hai2="131,102,95,98,50,111,22,7,91,37,75,129,86" hai3="114,124,1,80,93,55,5,13,127,0,30,119,70"/><W109/><G70/><T11/><D73/><U32/><E3/><N who="3" m="1098" /><G80/><T66/><D130/><N who="2" m="49674" /><F7/><W52/><G114/><T38/><D34/><U118/><E32/><V125/><F50/><W126/><G119/><N who="1" m="45610" /><E133/><V122/><F22/><W120/><G120/><T39/><D29/><U4/><E128/><V31/><F31/><W117/><G117/><T43/><D66/><U71/><E4/><V14/><F14/><W64/><G64/><T44/><D115/><U20/><E67/><V2/><F2/><W6/><G109/><T121/><D121/><U69/><E69/><V56/><F122/><W106/><G106/><T103/><D103/><U134/><E134/><V24/><F56/><W46/><G30/><T61/><D84/><U76/><E101/><V85/><F37/><W36/><G93/><T132/><D77/><U49/><E20/><V60/><F24/><W10/><G5/><T23/><D132/><U25/><E25/><V74/><F60/><W21/><G21/><T27/><D58/><U42/><E42/><AGARI ba="0,0" hai="6,10,13,36,42,46,52,55,124,126,127" m="1098" machi="42" ten="40,7700,0" yaku="18,1,52,1,54,1" doraHai="68" who="3" fromWho="1" sc="210,0,363,-77,269,0,158,77" /><INIT seed="3,1,0,2,4,0" ten="210,286,269,235" oya="3" hai0="90,61,67,31,65,35,116,16,39,70,123,62,11" hai1="43,88,121,132,17,120,71,101,24,2,118,115,81" hai2="32,46,124,84,119,107,127,8,134,91,133,23,13" hai3="5,103,86,129,54,34,69,57,20,74,114,80,106"/><W85/><G69/><T59/><D116/><U83/><E71/><V128/><F107/><W4/><G34/><T94/><D123/><U6/><E115/><V40/><F32/><W19/><G114/><T36/><D35/><U125/><E118/><V1/><F119/><W66/><G129/><T96/><D31/><U58/><E132/><N who="2" m="50795" /><F1/><W100/><G74/><T49/><D49/><U7/><E125/><N who="2" m="48203" /><F23/><W64/><G106/><T28/><D28/><U117/><E121/><V10/><F13/><N who="3" m="9327" /><G85/><T102/><D102/><N who="3" m="38953" /><G66/><T82/><D82/><N who="1" m="31243" /><E120/><V33/><F33/><W63/><G64/><T9/><REACH who="0" step="1"/><D16/><REACH who="0" ten="200,286,269,235" step="2"/><U73/><E117/><V52/><F128/><W48/><G48/><T78/><D78/><AGARI ba="1,1" hai="4,5,54,57,63,78,80,86" m="38953,9327" machi="78" ten="30,5800,0" yaku="8,1,52,2" doraHai="0" who="3" fromWho="0" sc="200,-61,286,0,269,0,235,71" owari="139,-36.0,286,9.0,269,-13.0,306,40.0" /></mjloggm>