<mjloggm ver="2.3"><GO type="193" lobby="0"/><UN n0="%6B%61%6C%65%69%64%6F%37" n1="%E3%81%9F%E3%81%93%E3%81%A1%E3%82%83%E3%82%93" n2="%E5%B0%B1%E6%B4%BB%E7%94%9F%40%E5%B7%9D%E6%9D%91%E8%BB%8D%E5%9B%A3" n3="%73%68%73%72%32" dan="10,11,12,13" rate="1628.54,1542.34,1751.24,1781.22" sx="M,M,M,M"/><TAIKYOKU oya="0"/><INIT seed="0,0,0,5,3,12" ten="250,250,250,250" oya="0" hai0="63,108,72,119,112,118,91,42,10,57,3,120,87" hai1="126,48,84,45,104,19,20,117,68,38,100,55,52" hai2="110,60,111,116,93,121,77,23,32,106,70,9,2" hai3="29,21,17,53,36,11,96,69,64,40,51,8,27"/><T90/><D72/><U107/><E117/><V43/><F106/><W46/><G96/><T80/><D112/><U25/><E126/><V5/><F32/><W78/><G78/><T95/><D120/><U115/><E68/><V125/><F121/><W124/><G124/><T85/><D42/><U99/><E115/><V123/><F123/><W82/><G82/><T79/><D108/><N who="2" m="41514" /><F116/><W128/><G128/><T101/><D101/><U58/><E38/><V31/><F125/><W88/><G88/><T134/><D134/><U86/><E107/><V47/><F77/><W114/><G114/><T65/><REACH who="0" step="1"/><D79/><REACH who="0" ten="240,250,250,250" step="2"/><U76/><REACH who="1" step="1"/><E76/><REACH who="1" ten="240,240,250,250" step="2"/><V102/><F43/><W50/><G29/><T109/><D109/><U30/><E30/><V26/><F102/><W16/><G69/><T83/><D83/><U67/><E67/><V59/><F70/><W49/><G64/><T94/><D94/><U7/><E7/><AGARI ba="0,2" hai="3,7,10,57,63,65,80,85,87,90,91,95,118,119" machi="7" ten="40,2000,0" yaku="1,1,53,0" doraHai="12" doraHaiUra="75" who="0" fromWho="1" sc="240,40,240,-20,250,0,250,0" /><INIT seed="0,1,0,2,5,72" ten="280,220,250,250" oya="0" hai0="82,65,66,9,135,38,104,86,42,10,115,14,56" hai1="24,134,15,28,18,63,29,112,21,97,25,121,0" hai2="89,103,100,7,128,2,76,88,106,49,132,30,36" hai3="98,91,119,23,75,79,32,94,37,107,1,5,87"/><T81/><D115/><U52/><E112/><V45/><F128/><W41/><G32/><T78/><D104/><U70/><E121/><V27/><F132/><W83/><G119/><T116/><D116/><U95/><E134/><V131/><F131/><W123/><G123/><T133/><D38/><U113/><E0/><V44/><F36/><W102/><G23/><T54/><D42/><U22/><E113/><V124/><F124/><W11/><G41/><T58/><D133/><U122/><E122/><V111/><F111/><W26/><G37/><T93/><D135/><U50/><E70/><V57/><F2/><W40/><G40/><T6/><D93/><U125/><E125/><V67/><F7/><W108/><REACH who="3" step="1"/><G26/><REACH who="3" ten="280,220,250,240" step="2"/><T114/><D114/><U90/><E63/><V85/><F27/><N who="1" m="10313" /><E22/><V35/><F35/><W117/><G117/><T92/><D10/><U61/><E61/><V8/><F8/><W99/><G99/><T19/><D9/><U101/><E29/><V34/><F34/><W109/><AGARI ba="1,1" hai="1,5,11,75,79,83,87,91,94,98,102,107,108,109" machi="109" ten="30,8000,1" yaku="1,1,0,1,24,2,52,1,53,0" doraHai="72" doraHaiUra="110" who="3" fromWho="3" sc="280,-41,220,-21,250,-21,240,93" /><INIT seed="1,0,0,5,5,132" ten="239,199,229,333" oya="1" hai0="109,85,86,33,53,63,106,11,5,67,83,130,100" hai1="103,26,65,6,58,70,55,114,59,48,50,15,79" hai2="129,93,98,20,78,116,51,37,131,14,71,82,128" hai3="36,64,126,133,38,80,18,88,125,17,119,91,101"/><U52/><E114/><V111/><F37/><N who="3" m="14443" /><G119/><T72/><D33/><U29/><E79/><V110/><F71/><W3/><G101/><T8/><D72/><U95/><E6/><V90/><F51/><W107/><G107/><T135/><D135/><U117/><E15/><V81/><F20/><W23/><G133/><T61/><D106/><U134/><E117/><V121/><F14/><W73/><G3/><T7/><D100/><U113/><E113/><V44/><F44/><W21/><G64/><T74/><D74/><U92/><E134/><V32/><F32/><W127/><G73/><T25/><D130/><U42/><E42/><V40/><F40/><W122/><G122/><T19/><D109/><N who="2" m="41482" /><F116/><W57/><G57/><N who="0" m="37359" /><D25/><U97/><E70/><V108/><N who="2" m="41490" /><V24/><DORA hai="87" /><F24/><N who="3" m="14383" /><G80/><N who="2" m="30825" /><F78/><W35/><G35/><T43/><D43/><U2/><E65/><V118/><F118/><W120/><G120/><AGARI ba="0,0" hai="90,93,98,120,121,128,129,131" m="30825,41490" machi="120" ten="50,8000,1" yaku="19,1,14,1,34,2,52,1" doraHai="132,87" who="2" fromWho="3" sc="239,0,199,0,229,80,333,-80" /><INIT seed="2,0,0,0,5,44" ten="239,199,309,253" oya="2" hai0="104,84,29,57,27,4,25,117,110,19,88,42,9" hai1="50,47,21,127,99,31,7,98,37,1,72,100,54" hai2="18,6,17,30,67,45,79,83,93,76,112,62,78" hai3="80,121,119,59,38,51,122,105,106,107,71,125,35"/><V0/><F112/><W91/><G35/><T49/><D104/><U22/><E72/><V74/><F30/><W92/><G38/><T32/><D117/><U36/><E127/><V69/><F0/><W130/><G71/><T13/><D110/><U114/><E114/><V96/><F6/><W5/><G5/><T97/><D97/><U95/><E1/><V68/><F68/><W132/><G51/><T33/><D4/><U135/><E7/><V63/><F63/><W70/><G59/><T12/><D13/><U133/><E99/><V34/><F34/><W56/><G56/><T128/><D27/><U102/><E102/><V101/><F45/><W52/><G70/><T20/><D128/><U73/><E73/><V134/><F134/><W39/><G132/><N who="1" m="50762" /><E31/><V89/><F74/><W77/><G52/><N who="0" m="31887" /><D33/><U14/><E22/><V26/><F26/><W61/><G61/><T65/><D32/><U3/><E3/><V111/><F111/><W41/><G41/><T64/><D42/><U43/><E43/><V126/><F126/><W60/><G60/><T129/><D129/><U82/><E82/><AGARI ba="0,0" hai="9,12,19,20,25,29,64,65,82,84,88" m="31887" machi="82" ten="30,7700,0" yaku="8,1,52,1,54,2" doraHai="44" who="0" fromWho="1" sc="239,77,199,-77,309,0,253,0" /><INIT seed="3,0,0,3,2,67" ten="316,122,309,253" oya="3" hai0="66,32,125,102,7,82,101,51,127,75,24,18,90" hai1="106,19,63,57,83,105,71,81,39,79,56,109,13" hai2="5,85,60,93,129,50,64,17,70,88,121,107,92" hai3="68,27,30,52,122,34,65,97,14,54,103,117,76"/><W69/><G117/><T45/><D66/><U36/><E109/><V37/><F107/><N who="3" m="63983" /><G122/><T48/><D7/><U100/><E100/><N who="0" m="38505" /><D45/><U112/><E112/><V111/><F37/><W15/><G76/><N who="0" m="44319" /><D90/><U134/><E134/><V110/><F121/><W78/><G69/><T119/><D119/><U99/><E99/><V98/><F5/><W53/><G78/><T6/><D6/><U74/><E83/><V44/><F129/><W12/><G12/><T20/><D32/><U41/><E36/><V126/><F126/><AGARI ba="0,0" hai="18,20,24,48,51,125,126,127" m="44319,38505" machi="126" ten="30,1000,0" yaku="18,1" doraHai="67" who="0" fromWho="2" sc="316,10,122,0,309,-10,253,0" owari="326,43.0,122,-38.0,299,10.0,253,-15.0" /></mjloggm>