<mjloggm ver="2.3"><GO type="97" lobby="0"/><UN n0="%E3%81%B5%E3%81%86%E3%81%8C%E2%99%AA" n1="%E7%94%9F%E7%B2%8B%40" n2="%E5%B0%B1%E6%B4%BB%E7%94%9F%40%E5%B7%9D%E6%9D%91%E8%BB%8D%E5%9B%A3" n3="%E5%8F%B3%E5%88%A9%E3%81%8D%E9%9B%80%E5%A3%AB" dan="14,13,13,15" rate="1927.20,1905.04,1914.12,2037.70" sx="M,M,M,M"/><TAIKYOKU oya="0"/><INIT seed="0,0,0,4,1,123" ten="250,250,250,250" oya="0" hai0="6,77,113,132,120,127,85,86,15,20,78,98,83" hai1="109,82,40,97,133,42,13,45,130,92,59,11,111" hai2="34,39,93,88,96,70,71,58,117,52,12,33,95" hai3="67,16,126,22,104,122,48,31,114,46,87,23,28"/><T0/><D0/><U30/><E133/><V7/><F39/><W131/><G122/><T103/><D120/><U1/><E130/><V101/><F117/><W80/><G114/><T19/><D113/><U24/><E1/><V47/><F34/><W38/><G38/><T10/><D127/><U5/><E59/><V73/><F73/><W118/><G104/><T90/><D132/><U8/><E8/><V27/><F47/><W81/><G118/><T89/><D89/><N who="1" m="55439" /><E82/><N who="3" m="31850" /><G67/><T94/><REACH who="0" step="1"/><D85/><REACH who="0" ten="240,250,250,250" step="2"/><U61/><E61/><V124/><F124/><W66/><G126/><T55/><D55/><U99/><E99/><V110/><F96/><W134/><G66/><T116/><D116/><U115/><E115/><V21/><F52/><N who="3" m="29719" /><G134/><T35/><D35/><U107/><E40/><V75/><F88/><W100/><G131/><T76/><D76/><U108/><E42/><V32/><F101/><W135/><G135/><T62/><D62/><U2/><E2/><V49/><F75/><W63/><G100/><T29/><D29/><U9/><E30/><V25/><F33/><W43/><G63/><T64/><D64/><U112/><E112/><V54/><F32/><W18/><G87/><T106/><D106/><U50/><E107/><V44/><F54/><W14/><G43/><T4/><D4/><U17/><E5/><V37/><F37/><W68/><G68/><T26/><AGARI ba="0,1" hai="6,10,15,19,20,26,77,78,83,86,90,94,98,103" machi="26" ten="20,12000,1" yaku="1,1,0,1,7,1,8,1,53,1" doraHai="123" doraHaiUra="3" who="0" fromWho="0" sc="240,130,250,-40,250,-40,250,-40" /><INIT seed="0,1,0,1,3,109" ten="370,210,210,210" oya="0" hai0="62,81,5,67,56,50,39,54,1,120,88,116,90" hai1="135,63,95,122,123,112,128,47,44,93,98,20,32" hai2="3,58,84,4,114,85,37,65,28,6,108,100,129" hai3="96,89,57,126,33,18,80,59,97,13,2,35,30"/><T107/><D39/><U70/><E32/><V23/><F37/><W87/><G2/><T60/><D116/><U99/><E135/><V68/><F108/><W42/><G126/><T133/><D120/><U91/><E128/><V124/><F124/><W73/><G73/><T49/><D133/><U51/><E20/><V7/><F129/><W113/><G113/><T104/><D1/><U111/><E111/><V48/><F114/><W82/><G42/><T45/><D5/><U94/><E112/><V12/><F68/><W64/><G30/><T119/><D119/><U74/><E74/><V25/><F3/><W53/><G35/><T41/><D107/><U29/><E29/><V131/><F100/><W34/><G34/><T11/><D11/><U69/><E51/><V27/><F131/><W130/><G33/><T15/><D15/><U127/><E127/><V43/><F25/><W66/><G82/><T134/><D104/><U103/><E63/><N who="0" m="24105" /><D134/><U125/><E125/><V77/><F77/><W102/><G59/><T24/><D24/><U92/><E92/><V71/><F71/><N who="1" m="27145" /><E91/><N who="0" m="34857" /><D81/><U55/><E123/><V72/><F65/><AGARI ba="1,0" hai="41,45,49,50,54,56,65,67" m="34857,24105" machi="65" ten="30,2900,0" yaku="8,1,54,1" doraHai="109" who="0" fromWho="2" sc="370,32,210,0,210,-32,210,0" /><INIT seed="0,2,0,2,2,67" ten="402,210,178,210" oya="0" hai0="71,81,91,117,29,109,101,44,36,17,62,77,72" hai1="18,132,123,82,75,15,56,76,125,51,25,9,43" hai2="47,115,88,7,94,122,114,4,33,120,84,57,46" hai3="59,11,69,63,111,52,106,19,27,2,98,124,32"/><T118/><D109/><U26/><E123/><V20/><F33/><W5/><G111/><T107/><D29/><U16/><E132/><V48/><F57/><W49/><G124/><T60/><D60/><U55/><E125/><V126/><F126/><W80/><G80/><T96/><D17/><U116/><E116/><V30/><F30/><W3/><G3/><T24/><D91/><U99/><E43/><V14/><F7/><W83/><G83/><T110/><D24/><U6/><E99/><V105/><F105/><W39/><G39/><T40/><D110/><U93/><E93/><V31/><F31/><W42/><G42/><T104/><D104/><U64/><E64/><AGARI ba="2,0" hai="36,40,44,62,64,71,72,77,81,96,101,107,117,118" machi="64" ten="40,7700,0" yaku="23,2,52,1" doraHai="67" who="0" fromWho="1" sc="402,83,210,-83,178,0,210,0" /><INIT seed="0,3,0,4,2,84" ten="485,127,178,210" oya="0" hai0="126,37,41,109,8,54,58,91,85,15,86,32,116" hai1="48,39,61,45,35,52,82,72,25,1,112,42,28" hai2="76,50,63,5,22,34,53,121,106,67,26,118,23" hai3="73,30,6,19,49,55,62,99,27,100,66,21,83"/><T17/><D116/><U79/><E112/><V125/><F34/><W16/><G6/><T113/><D113/><U131/><E131/><V89/><F106/><W70/><G83/><T88/><D32/><U44/><E61/><V74/><F118/><W134/><G73/><T90/><D126/><U124/><REACH who="1" step="1"/><E1/><REACH who="1" ten="485,117,178,210" step="2"/><V120/><F125/><AGARI ba="3,1" hai="25,28,35,39,42,44,45,48,52,72,79,82,124,125" machi="125" ten="40,5200,0" yaku="1,1,2,1,54,1,53,0" doraHai="84" doraHaiUra="111" who="1" fromWho="2" sc="485,0,117,71,178,-61,210,0" /><INIT seed="1,0,0,1,4,52" ten="485,188,117,210" oya="1" hai0="1,49,80,2,122,3,22,29,6,92,63,120,107" hai1="76,87,115,124,95,128,104,110,45,26,15,93,105" hai2="0,43,11,61,113,19,130,82,59,35,47,98,75" hai3="74,126,116,37,135,51,57,131,5,109,72,118,94"/><U33/><E115/><V111/><F35/><W18/><G18/><T71/><D107/><U9/><E124/><V73/><F113/><W60/><G5/><T77/><D92/><U123/><E128/><V114/><F130/><W55/><G94/><T20/><D6/><U108/><E123/><N who="0" m="47145" /><D29/><N who="1" m="19639" /><E95/><V24/><F114/><W117/><G37/><T10/><D10/><U28/><E28/><V23/><F111/><N who="1" m="42537" /><E45/><V125/><F125/><W90/><G109/><T134/><D134/><U68/><E68/><V78/><F98/><W7/><G126/><T30/><D30/><U70/><E70/><V12/><F0/><W65/><G135/><T56/><D71/><U86/><E76/><V132/><F132/><W133/><G7/><T27/><D27/><U41/><E41/><V99/><F99/><W31/><G31/><T112/><D112/><U50/><E50/><V91/><F91/><W103/><G90/><T97/><D49/><U89/><E86/><V8/><F73/><N who="3" m="28267" /><G103/><T53/><D97/><U48/><E48/><V121/><F121/><W100/><G100/><T69/><D69/><U62/><E62/><V25/><F47/><N who="3" m="28159" /><G133/><T127/><D127/><U129/><E129/><AGARI ba="0,0" hai="57,60,65,116,117,118,129,131" m="28159,28267" machi="129" ten="40,2600,0" yaku="12,1,52,1" doraHai="52" who="3" fromWho="1" sc="485,0,188,-26,117,0,210,26" /><INIT seed="2,0,0,2,3,114" ten="485,162,117,236" oya="2" hai0="54,34,49,23,46,44,135,94,64,110,0,71,65" hai1="119,56,118,47,16,69,117,2,33,82,52,13,53" hai2="109,17,112,68,127,75,85,36,50,12,134,67,113" hai3="66,131,45,39,130,105,35,126,96,4,93,7,1"/><V98/><F75/><W55/><G35/><T99/><D34/><U29/><E2/><V38/><F134/><W83/><G105/><T31/><D0/><U84/><E69/><V25/><F127/><W61/><G83/><T27/><D110/><U100/><E100/><V101/><F109/><W122/><G122/><T111/><D111/><U97/><E97/><V21/><F112/><W89/><G126/><T76/><D76/><U124/><E124/><V10/><F113/><W133/><G133/><T6/><D6/><U51/><E29/><V90/><F50/><N who="3" m="29135" /><G39/><T78/><D78/><U129/><E33/><V86/><F67/><N who="0" m="25674" /><D71/><U42/><E129/><N who="3" m="49162" /><G1/><T62/><D62/><U120/><E120/><V73/><F73/><W48/><G48/><T8/><D8/><U115/><E115/><V70/><F70/><AGARI ba="0,0" hai="4,7,61,66,70,89,93,96" m="49162,29135" machi="70" ten="30,1000,0" yaku="19,1" doraHai="114" who="3" fromWho="2" sc="485,0,162,0,117,-10,236,10" /><INIT seed="3,0,0,2,5,22" ten="485,162,107,246" oya="3" hai0="2,30,67,35,6,69,123,1,42,4,56,106,114" hai1="135,134,73,131,76,92,41,0,58,40,119,13,19" hai2="57,108,68,43,31,79,121,86,18,52,34,89,94" hai3="91,33,103,8,111,109,80,77,110,63,59,45,83"/><W15/><G33/><T132/><D56/><U126/><E119/><V105/><F68/><W88/><G103/><T70/><D67/><U100/><E0/><V82/><F105/><W23/><G23/><T14/><D14/><U116/><E116/><V61/><F121/><W98/><G98/><T115/><D30/><U65/><E131/><V112/><F112/><W29/><G29/><T16/><D16/><U53/><E126/><V27/><F108/><W95/><G95/><T10/><D10/><N who="1" m="6583" /><E65/><V127/><F127/><W124/><G45/><T117/><D132/><N who="1" m="50731" /><E76/><V38/><F18/><N who="3" m="8551" /><G124/><T3/><D42/><U102/><E73/><V122/><F122/><W96/><G96/><T75/><D6/><U97/><E102/><V81/><REACH who="2" step="1"/><F79/><REACH who="2" ten="485,162,97,246" step="2"/><W55/><G80/><T64/><D64/><U129/><E129/><V46/><AGARI ba="0,1" hai="27,31,34,38,43,46,52,57,61,81,82,86,89,94" machi="46" ten="30,8000,1" yaku="1,1,2,1,0,1,52,1,54,1,53,0" doraHai="22" doraHaiUra="62" who="2" fromWho="2" sc="485,-20,162,-20,97,90,246,-40" owari="465,56.0,142,-36.0,187,-21.0,206,1.0" /></mjloggm>