<mjloggm ver="2.3"><GO type="97" lobby="0"/><UN n0="%E3%83%90%E3%82%AD%E3%83%A5%E3%83%BC%E3%83%A0%E8%97%A4%E5%8E%9F%E2%98%86" n1="%E2%80%90%E8%B5%A4%E7%8A%AC%E2%80%90" n2="%E5%B0%B1%E6%B4%BB%E7%94%9F%40%E5%B7%9D%E6%9D%91%E8%BB%8D%E5%9B%A3" n3="%E3%83%AB%E3%83%B3%E3%83%A1%E3%83%8B%E3%82%B2" dan="14,14,13,14" rate="2000.40,1968.86,1907.81,1914.23" sx="M,F,M,M"/><TAIKYOKU oya="0"/><INIT seed="0,0,0,5,0,30" ten="250,250,250,250" oya="0" hai0="97,70,42,15,76,46,115,50,9,47,118,39,27" hai1="119,102,36,2,40,53,135,117,101,86,96,43,48" hai2="128,123,20,29,68,125,121,75,11,13,63,14,98" hai3="51,8,91,82,69,83,95,23,60,104,65,79,19"/><T16/><D118/><U77/><E2/><V85/><F75/><W105/><G8/><T116/><D116/><U71/><E135/><V127/><F68/><W112/><G51/><T80/><D115/><U103/><E96/><V92/><F121/><W126/><G112/><T56/><D97/><U88/><E71/><V34/><F123/><W45/><G45/><T122/><D122/><U100/><E77/><V133/><F85/><W7/><G83/><T26/><D70/><U18/><E18/><V10/><F63/><W35/><G7/><T78/><D56/><U64/><E64/><V32/><F92/><W109/><G35/><N who="2" m="13353" /><F98/><W41/><G41/><T3/><D3/><U0/><E0/><V33/><N who="2" m="13361" /><V90/><DORA hai="57" /><F90/><W52/><G52/><T44/><D44/><U87/><N who="1" m="26112" /><DORA hai="130" /><U21/><E21/><V38/><F38/><W114/><G114/><T120/><D120/><U54/><E36/><V58/><F58/><W129/><G105/><T37/><D37/><U4/><E4/><N who="2" m="3271" /><F133/><W72/><G104/><T22/><D78/><U81/><E87/><V93/><F93/><W132/><G132/><T59/><D59/><U67/><E67/><V55/><F55/><N who="1" m="21001" /><E48/><V6/><F128/><W17/><G129/><T94/><D94/><U131/><E131/><V107/><F107/><W110/><G95/><T61/><D61/><U62/><E62/><V111/><F111/><N who="3" m="42507" /><G91/><T1/><D50/><U106/><E106/><V24/><AGARI ba="0,0" hai="6,11,14,20,24,29,125,127" m="3271,13361" machi="24" ten="50,12000,2" yaku="34,2,52,4" doraHai="30,57,130" who="2" fromWho="2" sc="250,-60,250,-30,250,120,250,-30" /><INIT seed="1,0,0,4,1,121" ten="190,220,370,220" oya="1" hai0="65,5,122,61,47,60,32,69,87,74,43,126,111" hai1="29,131,91,26,113,12,7,83,20,129,67,120,95" hai2="2,6,63,106,75,40,84,38,31,103,30,42,11" hai3="50,51,104,70,58,85,80,59,48,14,98,132,53"/><U107/><E120/><V92/><F75/><W124/><G70/><T22/><D74/><U117/><E107/><V3/><F3/><W28/><G124/><T37/><D32/><U114/><E117/><V54/><F106/><W79/><G132/><T102/><D122/><U77/><E67/><V36/><F42/><W62/><G28/><T15/><D126/><U97/><E7/><V41/><F41/><W96/><G14/><T35/><D35/><U13/><E12/><V128/><F128/><N who="1" m="49225" /><E13/><V8/><F8/><W116/><G116/><T52/><D102/><U134/><E134/><V101/><F40/><W93/><G104/><T34/><D34/><U16/><E29/><V45/><F45/><W46/><G59/><T24/><D87/><AGARI ba="0,0" hai="16,20,26,77,83,87,91,95,97,113,114" m="49225" machi="87" ten="30,2900,0" yaku="19,1,54,1" doraHai="121" who="1" fromWho="0" sc="190,-29,220,29,370,0,220,0" /><INIT seed="1,1,0,5,5,61" ten="161,249,370,220" oya="1" hai0="23,22,62,108,97,68,92,25,12,130,39,106,89" hai1="90,116,131,24,117,44,72,35,112,96,7,93,37" hai2="48,109,84,124,28,38,47,100,3,20,83,56,16" hai3="36,11,8,129,122,31,75,21,114,94,64,66,2"/><U29/><E112/><V10/><F109/><W87/><G114/><T50/><D130/><U80/><E131/><V127/><F38/><W111/><G129/><T77/><D108/><U134/><E134/><V42/><F100/><W104/><G111/><T13/><D39/><U98/><E7/><V73/><F73/><W46/><G75/><T40/><D77/><U53/><E96/><V71/><F71/><W15/><G104/><T81/><D106/><U33/><E35/><V41/><F56/><W6/><G122/><T113/><D81/><U32/><E33/><V79/><F28/><W67/><G36/><T115/><D23/><U58/><E44/><V103/><F103/><W110/><G110/><T59/><D68/><U107/><E37/><V76/><F76/><W0/><G46/><N who="0" m="25927" /><D115/><U65/><E65/><V135/><F135/><W121/><G121/><T125/><D125/><N who="2" m="48202" /><F10/><N who="3" m="4567" /><G2/><T70/><D70/><U34/><E34/><V118/><F3/><W63/><G0/><T27/><D113/><U88/><E107/><V43/><F118/><W74/><G74/><T18/><D27/><AGARI ba="1,0" hai="16,20,27,41,42,43,47,48,79,83,84" m="48202" machi="27" ten="30,2000,0" yaku="18,1,54,1" doraHai="61" who="2" fromWho="0" sc="161,-23,249,0,370,23,220,0" /><INIT seed="2,0,0,4,4,28" ten="138,249,393,220" oya="2" hai0="32,97,80,45,63,130,78,132,112,126,110,114,37" hai1="25,121,0,34,1,92,79,83,102,100,62,106,10" hai2="74,65,5,44,57,61,118,17,9,73,3,89,13" hai3="127,77,70,99,71,117,11,103,59,101,55,39,75"/><V52/><F118/><W67/><G39/><T109/><D32/><U36/><E121/><V94/><F44/><W119/><G103/><T69/><D97/><N who="1" m="61711" /><E92/><V68/><F68/><W81/><G67/><N who="0" m="41215" /><D80/><U54/><E54/><V21/><F65/><W133/><G11/><T15/><D15/><U49/><E49/><V76/><F76/><W20/><G20/><T129/><D78/><U18/><E18/><V82/><F82/><W98/><G98/><AGARI ba="0,0" hai="3,5,9,13,17,21,52,57,61,73,74,89,94,98" machi="98" ten="30,2900,0" yaku="7,1,54,1" doraHai="28" who="2" fromWho="3" sc="138,0,249,0,393,29,220,-29" /><INIT seed="2,1,0,2,4,41" ten="138,249,422,191" oya="2" hai0="121,75,0,88,115,26,13,130,113,132,8,36,17" hai1="123,67,47,6,58,34,35,3,43,65,110,29,122" hai2="131,61,74,72,53,2,126,38,63,23,73,68,87" hai3="30,80,45,124,10,56,92,54,14,91,96,98,95"/><V15/><F2/><W100/><G30/><T37/><D75/><U86/><E110/><V42/><F131/><W21/><G21/><N who="0" m="13615" /><D37/><N who="1" m="21999" /><E29/><V52/><F126/><W33/><G33/><N who="1" m="12298" /><E58/><V78/><F38/><W22/><G124/><T66/><D66/><U82/><E6/><V62/><F42/><W39/><G80/><T133/><D36/><U99/><E99/><V111/><F111/><W48/><G22/><T118/><D88/><N who="1" m="51287" /><E3/><V119/><F119/><W60/><G39/><T27/><D118/><U28/><E28/><V12/><F68/><W103/><G91/><T19/><D130/><U7/><E7/><V125/><F125/><W97/><G97/><T49/><D49/><U64/><E64/><V114/><F114/><N who="0" m="43530" /><D27/><U59/><E59/><V5/><F5/><N who="3" m="3407" /><G60/><T120/><D0/><U20/><E20/><V117/><F117/><W104/><G104/><T107/><D107/><U101/><E101/><V69/><F69/><W55/><G56/><T70/><D70/><U116/><E116/><V31/><F72/><W81/><G81/><T1/><D1/><U112/><E112/><V25/><F73/><W51/><G51/><T128/><D128/><U134/><E67/><V18/><F74/><W9/><G55/><N who="2" m="21065" /><F31/><W50/><G50/><T11/><D11/><AGARI ba="1,0" hai="9,11,45,48,54,92,95,96,98,100,103" m="3407" machi="11" ten="30,2000,0" yaku="8,1,52,1" doraHai="41" who="3" fromWho="0" sc="138,-23,249,0,422,0,191,23" /><INIT seed="3,0,0,4,0,126" ten="115,249,422,214" oya="3" hai0="94,66,2,99,82,90,20,93,130,24,36,112,100" hai1="105,110,69,52,51,55,68,39,107,38,33,87,18" hai2="31,48,106,26,123,32,121,127,43,113,13,25,88" hai3="125,0,59,62,120,3,86,61,34,16,64,4,132"/><W118/><G118/><T122/><D122/><N who="2" m="46602" /><F106/><N who="1" m="40457" /><E55/><V60/><F60/><W14/><G120/><T6/><D112/><U45/><E18/><V115/><F127/><W103/><G125/><T19/><D36/><U97/><E87/><V12/><F88/><W42/><G34/><T58/><D6/><U114/><E51/><V35/><F48/><W128/><G42/><T75/><D2/><U8/><E8/><V22/><F43/><W129/><G103/><T28/><D75/><U91/><E52/><V53/><F53/><W85/><G4/><T124/><D124/><U7/><E7/><V84/><F84/><N who="3" m="32363" /><G62/><T116/><D116/><U17/><E17/><N who="2" m="12495" /><F35/><W46/><G46/><T95/><D82/><U81/><E68/><V44/><F44/><W11/><G132/><T9/><D130/><AGARI ba="0,0" hai="0,3,11,14,16,59,61,64,128,129,130" m="32363" machi="130" ten="30,12000,1" yaku="19,1,52,3,54,1" doraHai="126" who="3" fromWho="0" sc="115,-120,249,0,422,0,214,120" owari="-5,-51.0,249,-15.0,422,53.0,334,13.0" /></mjloggm>