<mjloggm ver="2.3"><GO type="97" lobby="0"/><UN n0="%E3%81%82%E3%81%A4%E3%81%8A" n1="%E3%83%9D%E3%83%AC" n2="%E3%82%A6%E3%83%AB%E3%83%88%E3%83%A9%E7%AB%8B%E7%9B%B4" n3="%52%41%44%49%41%4E%43%45" dan="14,14,15,15" rate="1921.55,1876.47,1998.84,2022.54" sx="M,M,M,M"/><TAIKYOKU oya="0"/><INIT seed="0,0,0,3,4,31" ten="250,250,250,250" oya="0" hai0="132,73,126,26,78,5,119,125,116,66,92,79,61" hai1="27,30,42,84,98,72,21,64,135,63,50,58,14" hai2="8,96,95,114,41,107,117,37,71,39,29,49,43" hai3="69,19,44,94,74,3,124,34,89,109,77,32,9"/><T28/><D5/><U15/><E72/><V82/><F71/><W45/><G69/><T101/><D132/><U38/><E38/><V130/><F114/><W18/><G109/><T103/><D73/><U6/><E135/><V99/><F107/><W57/><G124/><N who="0" m="47723" /><D92/><U55/><E42/><V76/><F49/><W133/><G133/><T48/><D48/><U35/><E98/><V97/><F8/><W65/><G77/><N who="0" m="29195" /><D116/><U22/><E6/><V51/><F51/><W81/><G81/><T122/><D122/><U118/><E118/><V108/><F95/><W128/><G74/><T102/><D119/><U68/><E84/><V120/><F82/><W106/><G106/><T11/><D11/><U12/><AGARI ba="0,0" hai="12,14,15,21,22,27,30,35,50,55,58,63,64,68" machi="12" ten="30,2000,0" yaku="0,1,52,1" doraHai="31" who="1" fromWho="1" sc="250,-10,250,20,250,-5,250,-5" /><INIT seed="1,0,0,1,0,63" ten="240,270,245,245" oya="1" hai0="96,128,122,47,15,87,77,40,107,130,88,7,71" hai1="108,99,16,103,72,89,74,91,35,75,121,34,37" hai2="132,56,43,24,64,45,102,25,2,27,69,18,120" hai3="79,22,8,17,93,41,50,126,98,58,86,28,119"/><U124/><E37/><V60/><F2/><W61/><G119/><T105/><D71/><U46/><E121/><V84/><F120/><W62/><G28/><T65/><D65/><U85/><E124/><V0/><F0/><W55/><G8/><N who="0" m="4511" /><D122/><U31/><E46/><V90/><F132/><W118/><G118/><T42/><D77/><U4/><E4/><V100/><F69/><W135/><G135/><T104/><D96/><U76/><E76/><V114/><F114/><W32/><G32/><T73/><D73/><U9/><E91/><V68/><F18/><W70/><G41/><T125/><D125/><U101/><E31/><V13/><F13/><W83/><G126/><T19/><D47/><U131/><E131/><N who="0" m="50217" /><D19/><U133/><E133/><V110/><F68/><W39/><G39/><T111/><D111/><U51/><E108/><V109/><F109/><W81/><G81/><AGARI ba="0,0" hai="40,42,81,87,88,104,105,107" m="50217,4511" machi="81" ten="40,2600,0" yaku="19,1,54,1" doraHai="63" who="0" fromWho="3" sc="240,26,270,0,245,0,245,-26" /><INIT seed="2,0,0,3,5,124" ten="266,270,245,219" oya="2" hai0="61,84,17,113,117,66,50,127,112,78,109,27,79" hai1="95,48,67,72,45,99,6,37,65,69,8,10,102" hai2="28,51,60,15,92,20,47,52,91,70,55,21,35" hai3="90,23,116,121,103,108,83,74,4,105,85,0,134"/><V43/><F35/><W25/><G121/><T82/><D109/><U54/><E72/><V1/><F1/><W42/><G116/><T32/><D117/><U36/><E10/><V89/><F70/><W120/><G120/><T87/><D127/><U3/><REACH who="1" step="1"/><E69/><REACH who="1" ten="266,260,245,219" step="2"/><V53/><F21/><W104/><G74/><T26/><D113/><U9/><E9/><V130/><F130/><W135/><G108/><T59/><D112/><U46/><E46/><V131/><F131/><W107/><G42/><T110/><D110/><U22/><E22/><V126/><F126/><W19/><G0/><T12/><D32/><U24/><E24/><N who="2" m="16391" /><F15/><W2/><G2/><T40/><D12/><U100/><E100/><V13/><F13/><W7/><REACH who="3" step="1"/><G103/><REACH who="3" ten="266,260,245,209" step="2"/><T94/><D40/><U39/><AGARI ba="0,2" hai="3,6,8,36,37,39,45,48,54,65,67,95,99,102" machi="39" ten="30,2000,0" yaku="1,1,0,1,53,0" doraHai="124" doraHaiUra="129" who="1" fromWho="1" sc="266,-5,260,40,245,-10,209,-5" /><INIT seed="3,0,0,4,4,122" ten="261,300,235,204" oya="3" hai0="102,84,92,4,124,47,54,48,94,45,120,123,41" hai1="28,109,23,64,40,37,32,127,108,16,76,106,8" hai2="44,125,31,112,38,50,57,71,72,101,60,58,111" hai3="119,126,35,81,12,55,49,90,115,98,133,65,34"/><W117/><G115/><T85/><D124/><U114/><E114/><V118/><F72/><W107/><G126/><T61/><D4/><U10/><E127/><V87/><F101/><W129/><G65/><T135/><D135/><U116/><E106/><V24/><F125/><W99/><G133/><T82/><D61/><U5/><E64/><V77/><F118/><W66/><G66/><T13/><D13/><N who="1" m="9615" /><E76/><V26/><F38/><W110/><G129/><T14/><D14/><U18/><E40/><V17/><F71/><W93/><G81/><T11/><D11/><N who="1" m="4139" /><E37/><V130/><F17/><W46/><G12/><T131/><D131/><U73/><E73/><V83/><F130/><W30/><G110/><N who="1" m="42602" /><E18/><V113/><F111/><W3/><G3/><T104/><D104/><U63/><E63/><V29/><F60/><W7/><G7/><T105/><D105/><U68/><E5/><V56/><F112/><W75/><G75/><T80/><D123/><U22/><E22/><V95/><F113/><W74/><G74/><T21/><D120/><U0/><E0/><V52/><F31/><W132/><G132/><T62/><D21/><U70/><E116/><N who="3" m="44618" /><G30/><T36/><D62/><U69/><E28/><V25/><F29/><W20/><G20/><T91/><D102/><U97/><E97/><V96/><F96/><W53/><G53/><T86/><D86/><U2/><E2/><V88/><F77/><AGARI ba="0,0" hai="36,41,45,47,48,54,77,80,82,84,85,91,92,94" machi="77" ten="30,1000,0" yaku="7,1" doraHai="122" who="0" fromWho="2" sc="261,10,300,0,235,-10,204,0" owari="271,7.0,300,40.0,225,-17.0,204,-30.0" /></mjloggm>