<mjloggm ver="2.3"><GO type="169" lobby="0"/><UN n0="%EF%BF%A1%E3%81%BA%E3%82%93%E3%81%BA%E3%82%93%EF%BF%A1" n1="%E3%81%A9%E3%81%B0%E3%81%A8%E3%81%A1%E3%82%83%E3%82%93" n2="%E3%82%A6%E3%83%AB%E3%83%88%E3%83%A9%E7%AB%8B%E7%9B%B4" n3="%E8%B3%A2%E8%80%85%E3%81%AC%E3%81%93" dan="18,16,17,16" rate="2189.97,2073.43,2104.46,2047.81" sx="M,F,M,F"/><TAIKYOKU oya="0"/><INIT seed="0,0,0,1,2,9" ten="250,250,250,250" oya="0" hai0="88,75,128,24,47,60,8,7,57,99,89,67,115" hai1="32,73,27,31,42,19,48,86,77,132,21,82,95" hai2="112,133,123,96,15,69,129,39,85,25,93,56,44" hai3="97,124,70,74,54,68,20,90,114,22,81,62,134"/><T122/><D75/><U10/><E132/><V130/><F69/><W113/><G134/><T127/><D115/><U65/><E65/><V40/><F133/><W58/><G124/><T107/><D127/><U61/><E61/><V117/><F123/><W5/><G5/><T23/><D122/><U121/><E121/><V111/><F111/><W46/><G46/><T30/><D128/><U78/><E73/><V18/><F112/><W94/><G70/><T118/><D118/><U28/><E28/><V76/><F56/><W29/><G68/><T105/><D47/><N who="1" m="25719" /><E32/><V34/><F117/><W102/><G22/><T100/><REACH who="0" step="1"/><D107/><REACH who="0" ten="240,250,250,250" step="2"/><U108/><E108/><V41/><F130/><W35/><G74/><T45/><D45/><U79/><E95/><V51/><F129/><W66/><G94/><T119/><D119/><U43/><E43/><V4/><F41/><W80/><G113/><T63/><D63/><U59/><E59/><V17/><F44/><W1/><G62/><T16/><D16/><U72/><E72/><V50/><F17/><W109/><G58/><T92/><D92/><U98/><E98/><V37/><F96/><W53/><G97/><T2/><AGARI ba="0,1" hai="2,7,8,23,24,30,57,60,67,88,89,99,100,105" machi="2" ten="20,12000,1" yaku="1,1,0,1,7,1,54,1,53,1" doraHai="9" doraHaiUra="33" who="0" fromWho="0" sc="240,130,250,-40,250,-40,250,-40" /><INIT seed="0,1,0,5,4,5" ten="370,210,210,210" oya="0" hai0="7,114,46,28,100,22,24,18,89,40,107,38,55" hai1="19,47,102,68,52,14,45,42,78,35,93,50,88" hai2="110,30,132,104,76,58,90,26,0,127,115,133,105" hai3="113,120,57,17,74,65,56,49,41,131,98,112,83"/><T101/><D114/><U39/><E68/><V134/><F115/><W15/><G131/><T109/><D109/><U116/><E116/><V71/><F71/><W72/><G120/><T20/><D107/><U3/><E3/><V12/><F0/><W121/><G121/><T122/><D122/><U9/><E35/><V36/><F36/><W60/><G98/><T95/><D55/><U8/><E78/><V97/><F110/><W96/><G74/><T111/><D7/><U123/><E123/><V13/><F127/><W33/><G33/><T124/><D124/><U61/><E61/><V84/><F58/><W129/><G129/><T37/><D37/><U6/><E102/><N who="2" m="62543" /><F76/><W86/><G72/><T69/><D69/><U29/><E29/><V25/><F25/><W27/><G27/><T117/><D117/><U10/><E6/><V82/><F105/><W11/><G96/><AGARI ba="1,0" hai="8,9,10,14,19,39,42,45,47,50,52,88,93,96" machi="96" ten="30,12000,2" yaku="7,1,52,3,54,2" doraHai="5" who="1" fromWho="3" sc="370,0,210,123,210,0,210,-123" /><INIT seed="1,0,0,0,4,84" ten="370,333,210,87" oya="1" hai0="107,69,129,106,12,9,6,19,109,117,36,102,126" hai1="48,21,118,114,80,124,49,40,60,77,72,0,53" hai2="67,11,123,25,103,45,55,93,135,24,41,52,35" hai3="100,14,76,111,119,34,30,16,120,79,2,23,92"/><U50/><E114/><V61/><F123/><W125/><G120/><T32/><D117/><U18/><E118/><V121/><F135/><W97/><G119/><T38/><D32/><U83/><E0/><V44/><F121/><W59/><G111/><T63/><D109/><U68/><E124/><V7/><F35/><W87/><G125/><T75/><D75/><U33/><E33/><V3/><F25/><W1/><G79/><T64/><D126/><U74/><E40/><V86/><F24/><W29/><G34/><T95/><D129/><U20/><E18/><V37/><F45/><W122/><G122/><T26/><D95/><U116/><E116/><V131/><F131/><W56/><G2/><T108/><D108/><U133/><E133/><V115/><F115/><W8/><G1/><T85/><D85/><U130/><E130/><V58/><REACH who="2" step="1"/><F103/><REACH who="2" ten="370,333,200,87" step="2"/><W42/><G30/><T101/><D102/><U128/><E128/><V28/><F28/><W13/><G29/><T98/><D26/><U5/><E72/><V43/><F43/><W90/><G42/><T10/><D107/><U62/><E74/><V4/><F4/><N who="3" m="3207" /><G76/><T105/><D106/><U47/><E77/><V89/><AGARI ba="0,1" hai="3,7,11,37,41,44,52,55,58,61,67,86,89,93" machi="89" ten="30,8000,1" yaku="1,1,0,1,52,1,54,1,53,1" doraHai="84" doraHaiUra="91" who="2" fromWho="2" sc="370,-20,333,-40,200,90,87,-20" /><INIT seed="2,0,0,5,2,68" ten="350,293,290,67" oya="2" hai0="126,33,97,62,2,41,79,55,112,130,38,72,113" hai1="34,125,16,15,124,131,60,63,0,3,77,107,67" hai2="115,18,117,88,6,14,29,35,100,13,128,66,123" hai3="114,135,11,89,24,91,45,110,118,90,37,73,17"/><V111/><F100/><W121/><G121/><T122/><D55/><U71/><E131/><V92/><F123/><W54/><G118/><T86/><D86/><U105/><E34/><V98/><F117/><W47/><G73/><T106/><D62/><U109/><E109/><V52/><F115/><W43/><G110/><T36/><D97/><U32/><E32/><V61/><F111/><W23/><G114/><T9/><D41/><U20/><E77/><V30/><F128/><W70/><G70/><T56/><D56/><U129/><E63/><V28/><F35/><W46/><G135/><T10/><D10/><U133/><E133/><V76/><F76/><W1/><REACH who="3" step="1"/><G54/><REACH who="3" ten="350,293,290,57" step="2"/><T19/><D122/><U127/><E129/><V95/><F66/><W44/><G44/><T85/><D130/><U40/><E40/><V96/><F52/><W101/><G101/><T26/><D72/><U94/><E71/><V99/><F61/><W80/><G80/><T87/><D113/><U58/><E60/><V59/><F59/><W50/><G50/><T7/><D112/><U93/><E58/><V57/><F57/><W64/><G64/><T104/><D38/><U65/><E67/><V103/><F103/><W119/><G119/><T75/><D36/><U102/><E65/><V8/><REACH who="2" step="1"/><F95/><REACH who="2" ten="350,293,280,57" step="2"/><N who="1" m="36361" /><E102/><V78/><F78/><W51/><G51/><T39/><D79/><U84/><E124/><V81/><F81/><W42/><G42/><T25/><D126/><U108/><E108/><V4/><F4/><AGARI ba="0,2" hai="1,4,11,17,23,24,37,43,45,46,47,89,90,91" machi="4" ten="40,2600,0" yaku="1,1,52,1,53,0" doraHai="68" doraHaiUra="132" who="3" fromWho="2" sc="350,0,293,0,280,-26,57,46" /><INIT seed="3,0,0,1,5,30" ten="350,293,254,103" oya="3" hai0="62,107,17,23,124,128,76,109,117,97,3,12,59" hai1="57,99,105,70,65,28,39,10,130,41,74,75,84" hai2="85,132,60,38,16,86,79,88,46,135,61,45,94" hai3="15,98,37,115,123,66,47,50,131,42,69,44,53"/><W55/><G98/><T26/><D109/><U96/><E84/><V9/><F79/><W119/><G15/><T108/><D108/><U122/><E57/><V134/><F85/><W25/><G25/><T125/><D3/><U118/><E122/><V34/><F34/><W95/><G95/><T36/><D36/><U2/><E99/><V114/><F114/><W18/><G18/><T24/><D117/><U90/><E90/><V8/><F8/><W77/><G77/><T31/><D128/><U73/><E130/><V68/><F68/><W21/><G21/><T93/><D107/><U5/><E28/><V71/><F71/><W13/><G13/><T89/><D76/><U54/><E54/><N who="3" m="20490" /><G123/><T81/><D81/><U40/><E118/><V78/><F78/><W116/><G131/><T82/><D82/><U56/><E70/><V91/><F91/><W110/><G110/><T111/><D111/><U72/><E74/><V102/><F102/><W106/><G106/><T4/><D4/><U104/><E104/><V43/><F86/><W80/><G80/><T120/><D120/><U101/><E39/><V20/><F88/><W49/><G115/><T127/><D31/><U14/><E14/><N who="2" m="7247" /><F94/><W129/><G129/><T52/><AGARI ba="0,0" hai="12,17,23,24,26,52,59,62,89,93,97,124,125,127" machi="52" ten="30,4000,0" yaku="0,1,18,1,54,1" doraHai="30" who="0" fromWho="0" sc="350,40,293,-10,254,-10,103,-20" /><INIT seed="4,0,0,0,0,65" ten="390,283,244,83" oya="0" hai0="103,97,85,117,51,122,126,116,84,40,102,60,18" hai1="45,25,112,110,131,36,49,96,13,132,134,81,95" hai2="133,86,83,17,16,47,118,100,9,52,127,55,111" hai3="26,121,39,30,73,50,91,106,28,88,98,22,119"/><T57/><D122/><U77/><E110/><V76/><F111/><W29/><G39/><T4/><D4/><U78/><E36/><V123/><F123/><W62/><G121/><T7/><D7/><U24/><E13/><V5/><F127/><W1/><G73/><T113/><D113/><U42/><E112/><V68/><F133/><N who="1" m="51305" /><E131/><V120/><F120/><W53/><G1/><T80/><D126/><U128/><E128/><V124/><F124/><W6/><G6/><T94/><D103/><N who="1" m="60831" /><E78/><V125/><F125/><W19/><G119/><T20/><D117/><U15/><E15/><V71/><F100/><W34/><G106/><T108/><D108/><U8/><E8/><V41/><F118/><W109/><G109/><T11/><D11/><U82/><E82/><V90/><F76/><W31/><G62/><T10/><D10/><U37/><E37/><V48/><F5/><W93/><G91/><T27/><D80/><U23/><E23/><V14/><REACH who="2" step="1"/><F17/><REACH who="2" ten="390,283,234,83" step="2"/><W89/><G89/><N who="0" m="55503" /><D116/><U75/><AGARI ba="0,1" hai="24,25,42,45,49,75,77,81" m="60831,51305" machi="75" ten="30,1100,0" yaku="20,1" doraHai="65" who="1" fromWho="1" sc="390,-5,283,21,234,-3,83,-3" /><INIT seed="5,0,0,0,0,113" ten="385,304,231,80" oya="1" hai0="35,129,21,62,107,74,126,66,112,133,15,47,123" hai1="46,86,2,26,20,41,61,65,69,37,34,101,93" hai2="99,32,104,90,83,79,55,24,16,124,95,120,82" hai3="8,92,119,64,3,71,28,50,54,49,14,89,81"/><U108/><E2/><V132/><F120/><W48/><G3/><T23/><D35/><U96/><E34/><V117/><F32/><W102/><G28/><T57/><D107/><U40/><E40/><V13/><F24/><W22/><G22/><T27/><D74/><U36/><E108/><V103/><F124/><W29/><G29/><T51/><D112/><U77/><E77/><V11/><F132/><W63/><G102/><T106/><D106/><U76/><E76/><V42/><F117/><W70/><G81/><T75/><D75/><U58/><E86/><V87/><F42/><W72/><G72/><T60/><D126/><U85/><E85/><V88/><F55/><W109/><G71/><T18/><D133/><U91/><E69/><V5/><F5/><W45/><G109/><T53/><D129/><U134/><E134/><V33/><F33/><W122/><G122/><T7/><D123/><U84/><E84/><N who="2" m="48223" /><F104/><W44/><G44/><T111/><D111/><U110/><E110/><V130/><F130/><W4/><REACH who="3" step="1"/><G119/><REACH who="3" ten="385,304,231,70" step="2"/><T39/><D23/><U131/><E131/><V114/><F114/><W80/><G80/><T0/><D0/><U19/><E101/><AGARI ba="0,1" hai="11,13,16,83,87,88,90,95,99,101,103" m="48223" machi="101" ten="30,3900,0" yaku="8,1,54,2" doraHai="113" who="2" fromWho="1" sc="385,0,304,-39,231,49,70,0" /><INIT seed="6,0,0,5,3,118" ten="385,265,280,70" oya="2" hai0="135,90,61,46,40,4,20,78,67,104,128,79,51" hai1="34,72,122,21,87,120,95,19,30,41,32,64,29" hai2="112,109,85,66,127,82,102,18,83,73,105,50,43" hai3="103,131,113,110,5,35,27,74,132,23,3,42,38"/><V45/><F127/><W96/><G110/><T111/><D111/><U126/><E72/><V77/><F112/><W10/><G113/><T14/><D104/><U123/><E126/><V130/><F109/><W69/><G131/><T63/><D135/><U124/><E124/><V68/><F130/><W48/><G132/><T106/><D106/><U54/><E41/><V0/><F0/><W125/><G38/><T71/><D128/><U25/><E64/><V7/><F7/><W91/><G91/><T47/><D63/><U56/><E87/><V99/><F18/><W36/><G48/><T75/><D75/><U17/><E95/><V133/><F133/><W6/><G6/><T37/><D90/><U60/><E17/><V92/><F66/><W12/><G125/><T53/><D20/><N who="1" m="15527" /><E30/><V121/><F68/><W97/><G74/><T117/><D117/><U70/><E70/><V33/><F33/><W62/><G62/><T1/><D1/><U22/><E22/><V65/><F65/><W81/><G69/><T76/><D14/><AGARI ba="0,0" hai="14,19,21,32,34,54,56,60,120,122,123" m="15527" machi="14" ten="30,7700,0" yaku="13,1,52,3" doraHai="118" who="1" fromWho="0" sc="385,-77,265,77,280,0,70,0" /><INIT seed="7,0,0,2,4,8" ten="308,342,280,70" oya="3" hai0="32,124,74,56,93,60,18,105,24,119,31,70,84" hai1="33,13,29,23,132,97,49,21,128,67,114,134,35" hai2="123,39,110,47,64,81,98,1,112,126,14,120,19" hai3="48,25,113,90,55,133,41,80,9,61,87,58,96"/><W51/><G113/><T72/><D105/><U115/><E128/><V38/><F1/><W86/><G133/><N who="1" m="51306" /><E67/><V82/><F110/><W7/><G96/><T71/><D119/><U100/><E49/><V125/><F64/><W131/><G131/><T109/><D109/><U11/><E23/><N who="2" m="11767" /><F98/><W111/><G111/><T37/><D37/><N who="2" m="13834" /><F47/><W12/><G41/><T42/><D42/><U121/><E21/><V135/><F112/><N who="1" m="43049" /><E29/><V53/><F53/><W17/><G87/><T75/><D74/><U92/><E121/><N who="2" m="46667" /><F135/><W85/><REACH who="3" step="1"/><G86/><REACH who="3" ten="308,342,280,60" step="2"/><T15/><D75/><U4/><AGARI ba="0,1" hai="4,11,13,33,35,92,97,100" m="43049,51306" machi="4" ten="30,4000,0" yaku="20,1,15,1,52,1" doraHai="8" who="1" fromWho="1" sc="308,-10,342,50,280,-10,60,-20" owari="298,10.0,392,49.0,270,-13.0,40,-46.0" /></mjloggm>