<mjloggm ver="2.3"><GO type="97" lobby="0"/><UN n0="%E3%82%A6%E3%83%AB%E3%83%88%E3%83%A9%E7%AB%8B%E7%9B%B4" n1="%31%32%6F%6B" n2="%E3%81%B4%E3%81%93%E5%A4%A9%E4%B8%B8" n3="%E6%98%9F%E6%B5%81%EF%BC%A0%53%65%69%52%75" dan="14,14,13,13" rate="1919.27,1929.92,1864.76,1910.74" sx="M,M,M,M"/><TAIKYOKU oya="0"/><INIT seed="0,0,0,0,0,5" ten="250,250,250,250" oya="0" hai0="68,64,81,119,132,106,79,103,41,34,15,115,104" hai1="95,116,99,2,67,62,105,11,98,17,114,12,50" hai2="46,20,76,71,43,74,65,40,55,24,124,13,118" hai3="88,135,75,27,102,129,97,22,23,111,48,107,70"/><T87/><D119/><U86/><E116/><V35/><F35/><W113/><G70/><T8/><D115/><U60/><E114/><V96/><F118/><W72/><G113/><T112/><D112/><U45/><E2/><V69/><F69/><W94/><G111/><T19/><D132/><U29/><E29/><V18/><F71/><W121/><G135/><T52/><D34/><U4/><E105/><V0/><F0/><W120/><G48/><T61/><D41/><U126/><E126/><V125/><F65/><W26/><G129/><T36/><D36/><U91/><E67/><V37/><F96/><N who="1" m="36905" /><E4/><V66/><F66/><W10/><G10/><T33/><D33/><U28/><E28/><V73/><F40/><AGARI ba="0,0" hai="11,12,17,40,45,50,60,62,86,91,95" m="36905" machi="40" ten="30,2000,0" yaku="8,1,52,1" doraHai="5" who="1" fromWho="2" sc="250,0,250,20,250,-20,250,0" /><INIT seed="1,0,0,4,4,108" ten="250,270,230,250" oya="1" hai0="102,69,117,47,75,24,94,95,17,72,22,80,122" hai1="99,127,110,52,123,93,106,71,61,6,83,112,46" hai2="67,64,85,31,63,105,113,16,43,118,131,68,87" hai3="111,116,114,66,133,40,36,54,119,115,98,104,135"/><U19/><E123/><V33/><F105/><W121/><G121/><T60/><D117/><N who="3" m="45129" /><G111/><T23/><D122/><U134/><E127/><V27/><F118/><W58/><G66/><T0/><D0/><U90/><E134/><N who="3" m="51210" /><G98/><T82/><D69/><U100/><E112/><V73/><F73/><W39/><G104/><T124/><D124/><U14/><E110/><V32/><F67/><W42/><G42/><T97/><D75/><U59/><E71/><V45/><F113/><N who="3" m="43019" /><G40/><T76/><D97/><U130/><E46/><V128/><F33/><W89/><G89/><T62/><D47/><U49/><E130/><N who="2" m="49707" /><F16/><W37/><G37/><AGARI ba="0,0" hai="27,31,32,37,43,45,63,64,68,85,87" m="49707" machi="37" ten="30,1000,0" yaku="19,1" doraHai="108" who="2" fromWho="3" sc="250,0,270,0,230,10,250,-10" /><INIT seed="2,0,0,5,5,67" ten="250,270,240,240" oya="2" hai0="99,56,26,6,113,33,116,104,36,50,62,75,117" hai1="70,121,114,61,41,135,1,118,63,100,73,60,40" hai2="69,39,44,53,93,131,126,76,12,120,2,129,105" hai3="11,88,59,49,35,106,28,98,87,133,95,83,14"/><V52/><F120/><W16/><G133/><T82/><D36/><U119/><E73/><V78/><F2/><W91/><G106/><T94/><D104/><U4/><E100/><V9/><F105/><W51/><G35/><T15/><D50/><U65/><E4/><V24/><F126/><W101/><G28/><N who="0" m="19607" /><D113/><U7/><E7/><V102/><F69/><W72/><G72/><T55/><D15/><U21/><E1/><V45/><F24/><W22/><G101/><N who="0" m="60663" /><D6/><U130/><E21/><V30/><F30/><W89/><G91/><T25/><D25/><U47/><E114/><V10/><F39/><W17/><G59/><T108/><D82/><U112/><E135/><V57/><F131/><W127/><G127/><T29/><D29/><U110/><E130/><V18/><F9/><W54/><G54/><N who="2" m="21097" /><F57/><W90/><G89/><T122/><D75/><U125/><E121/><V128/><F128/><W46/><G46/><N who="2" m="18025" /><F129/><W86/><G98/><AGARI ba="0,0" hai="10,12,18,76,78,93,98,102" m="18025,21097" machi="98" ten="30,2900,0" yaku="8,1,54,1" doraHai="67" who="2" fromWho="3" sc="250,0,270,0,240,29,240,-29" /><INIT seed="2,1,0,3,1,64" ten="250,270,269,211" oya="2" hai0="75,41,10,5,19,95,79,3,126,115,34,6,105" hai1="2,16,119,121,67,100,36,70,23,108,60,77,94" hai2="71,123,24,47,112,52,18,43,106,25,82,29,73" hai3="30,107,8,80,86,51,54,90,22,93,97,42,129"/><V134/><F112/><W69/><G129/><T132/><D105/><U78/><E119/><V88/><F123/><W39/><G107/><T20/><D34/><U11/><E36/><V83/><F73/><W102/><G8/><T58/><D115/><U35/><E108/><V31/><F106/><W0/><G0/><T127/><D132/><U65/><E35/><V7/><F7/><W49/><G39/><T91/><D6/><U89/><E100/><V4/><F4/><W32/><G32/><T62/><D41/><U98/><E121/><V17/><F71/><W128/><G42/><T85/><D79/><U48/><E67/><V84/><F82/><W26/><G128/><T53/><REACH who="0" step="1"/><D75/><REACH who="0" ten="240,270,269,211" step="2"/><U28/><E77/><V57/><F43/><W68/><REACH who="3" step="1"/><G51/><REACH who="3" ten="240,270,269,201" step="2"/><T76/><D76/><U99/><E48/><N who="2" m="30855" /><F134/><W72/><G72/><T101/><D101/><U59/><E78/><V87/><F29/><W9/><G9/><T13/><AGARI ba="1,2" hai="3,5,10,13,19,20,53,58,62,85,91,95,126,127" machi="13" ten="30,2000,0" yaku="1,1,0,1,53,0" doraHai="64" doraHaiUra="110" who="0" fromWho="0" sc="240,43,270,-6,269,-11,201,-6" /><INIT seed="3,0,0,2,3,0" ten="283,264,258,195" oya="3" hai0="12,85,82,94,23,127,16,108,84,43,133,60,28" hai1="86,99,79,13,22,70,20,117,67,54,33,8,51" hai2="80,78,92,106,102,17,6,120,2,56,104,105,87" hai3="95,118,64,38,10,121,65,3,91,103,49,66,40"/><W89/><G121/><T42/><D108/><U58/><E33/><V125/><F125/><W50/><G118/><T83/><D133/><U107/><E117/><V37/><F37/><W71/><G71/><T93/><D127/><U73/><E73/><V124/><F124/><W112/><G112/><T72/><D72/><U11/><E70/><V57/><F120/><W5/><G103/><T130/><D130/><U109/><E109/><V44/><F44/><W34/><G34/><T68/><D28/><U45/><E107/><V101/><F17/><W21/><G21/><T110/><D110/><U129/><E99/><V123/><F123/><W111/><G111/><T52/><D52/><N who="1" m="29807" /><E67/><V30/><F30/><W115/><G115/><T14/><D60/><N who="1" m="35927" /><E8/><V24/><F24/><W62/><G62/><T126/><D68/><U98/><E98/><N who="2" m="59591" /><F2/><W47/><REACH who="3" step="1"/><G89/><REACH who="3" ten="283,264,258,185" step="2"/><T48/><D126/><U9/><E129/><V88/><F102/><W90/><G90/><T69/><D69/><U15/><E22/><V96/><F105/><W32/><G32/><T7/><D23/><U55/><E20/><V77/><F106/><W1/><G1/><T76/><D76/><U18/><E79/><V53/><F78/><W63/><G63/><T29/><D84/><AGARI ba="0,1" hai="3,5,10,38,40,47,49,50,64,65,66,84,91,95" machi="84" ten="40,3900,0" yaku="1,1,52,1,53,0" doraHai="0" doraHaiUra="113" who="3" fromWho="0" sc="283,-39,264,0,258,0,185,49" /><INIT seed="3,1,0,4,1,63" ten="244,264,258,234" oya="3" hai0="55,6,54,47,93,19,52,131,2,91,86,31,59" hai1="123,109,51,4,8,42,18,53,30,25,20,56,126" hai2="44,71,28,5,50,130,43,12,10,83,27,127,49" hai3="3,90,9,66,80,122,0,64,99,96,69,115,23"/><W75/><G122/><T108/><D108/><U132/><E109/><V60/><F130/><W125/><G115/><T57/><D131/><U13/><E132/><V29/><F127/><W33/><G33/><T65/><D31/><U95/><E126/><V102/><F102/><W41/><G69/><T16/><D6/><U78/><E123/><V21/><F83/><W67/><G125/><T87/><D2/><U15/><E78/><V34/><F34/><W11/><G41/><T116/><D116/><U38/><E95/><V76/><F76/><W70/><G70/><T26/><D47/><U135/><E135/><V89/><F89/><W113/><G113/><T112/><D112/><U24/><E38/><V88/><F71/><W22/><G75/><T117/><D117/><U84/><E84/><N who="0" m="32297" /><D26/><U85/><E85/><V58/><F88/><W7/><G80/><T92/><D92/><U48/><E30/><V98/><F98/><W101/><G90/><T105/><D105/><U17/><E4/><V32/><F32/><W82/><G82/><T110/><D110/><U121/><E121/><V37/><F29/><W79/><G79/><T119/><D119/><U72/><E72/><V40/><REACH who="2" step="1"/><F43/><REACH who="2" ten="244,264,248,234" step="2"/><W100/><G67/><AGARI ba="1,1" hai="5,10,12,21,27,28,37,40,44,49,50,58,60,67" machi="67" ten="30,7700,0" yaku="1,1,2,1,7,1,52,1,53,0" doraHai="63" doraHaiUra="73" who="2" fromWho="3" sc="244,0,264,0,248,90,234,-80" owari="244,-16.0,264,6.0,338,45.0,154,-35.0" /></mjloggm>