<mjloggm ver="2.3"><GO type="41" lobby="0"/><UN n0="%E3%82%A6%E3%83%AB%E3%83%88%E3%83%A9%E7%AB%8B%E7%9B%B4" n1="%E8%83%8C%E4%B8%AD%E3%82%B9%E3%82%A4%E3%83%83%E3%83%81" n2="%6E%6F%72%75%6E" n3="%68%69%72%6F%6E%6E%32%30" dan="15,16,13,15" rate="2006.54,2069.44,1996.97,2040.96" sx="M,M,M,M"/><TAIKYOKU oya="0"/><INIT seed="0,0,0,0,0,104" ten="250,250,250,250" oya="0" hai0="106,133,98,66,20,4,53,71,77,2,124,95,94" hai1="10,121,83,14,113,100,97,63,49,50,103,22,56" hai2="42,110,40,91,6,123,74,15,7,37,46,19,112" hai3="125,132,25,99,92,62,3,64,81,16,90,44,38"/><T67/><D106/><U18/><E121/><V108/><F123/><W59/><G125/><T12/><D2/><U29/><E113/><V24/><F112/><W120/><G132/><T76/><D124/><U72/><E103/><V27/><F40/><W130/><G130/><T109/><D133/><U88/><E29/><V58/><F58/><W82/><G3/><T68/><D109/><N who="2" m="42090" /><F91/><W33/><G120/><T84/><D68/><U115/><E115/><V119/><F119/><W111/><G111/><T8/><D71/><U73/><E10/><N who="2" m="6647" /><F74/><W48/><G33/><T55/><D66/><U96/><E50/><V51/><F37/><W35/><G35/><T41/><D67/><U5/><E5/><AGARI ba="0,0" hai="5,6,7,24,27,42,46,51" m="6647,42090" machi="5" ten="30,1000,0" yaku="14,1" doraHai="104" who="2" fromWho="1" sc="250,0,250,-10,250,10,250,0" /><INIT seed="1,0,0,0,4,84" ten="250,240,260,250" oya="1" hai0="81,60,118,30,88,34,107,18,131,79,110,83,44" hai1="93,75,72,67,5,20,26,64,59,109,102,103,104" hai2="124,71,130,86,27,135,69,39,112,58,101,120,116" hai3="65,63,122,94,90,11,21,61,125,126,82,91,114"/><U3/><E104/><V133/><F58/><W23/><G114/><T48/><D107/><U1/><E109/><V55/><F55/><W115/><G115/><T7/><D118/><U128/><E128/><V0/><F27/><W121/><G11/><T77/><D30/><U43/><E43/><V33/><F86/><W73/><G73/><T50/><D34/><U117/><E117/><V24/><F101/><W74/><G74/><T87/><D7/><U13/><E103/><V38/><F24/><W134/><G134/><T40/><D110/><U10/><E67/><V80/><F80/><W56/><G82/><T15/><D131/><U99/><E3/><V6/><F6/><W28/><G94/><T47/><D60/><U98/><E98/><V97/><F97/><W35/><G35/><T4/><D81/><U108/><E1/><V129/><F71/><W42/><G42/><N who="0" m="24599" /><D4/><U105/><E105/><V2/><F2/><W57/><G28/><T8/><AGARI ba="0,0" hai="8,15,18,40,47,50,77,79,83,87,88" m="24599" machi="8" ten="30,4000,0" yaku="8,1,52,1,54,1" doraHai="84" who="0" fromWho="0" sc="250,40,240,-20,260,-10,250,-10" /><INIT seed="2,0,0,0,4,27" ten="290,220,250,240" oya="2" hai0="128,47,16,48,57,134,8,35,14,62,133,131,68" hai1="29,132,121,89,11,92,123,26,46,7,41,120,90" hai2="17,54,36,94,12,13,33,6,42,20,83,111,76" hai3="78,100,101,113,60,87,72,37,108,63,85,34,15"/><V45/><F33/><W80/><G108/><T98/><D68/><U112/><E112/><V44/><F111/><W86/><G37/><T24/><D98/><U110/><E110/><V10/><F94/><W0/><G0/><T97/><D97/><U56/><E56/><V51/><F83/><W129/><G129/><N who="0" m="49739" /><D48/><U95/><E132/><N who="0" m="50793" /><D47/><U4/><E92/><V32/><F32/><W21/><G34/><T66/><D35/><N who="1" m="20919" /><E95/><V116/><REACH who="2" step="1"/><F76/><REACH who="2" ten="290,220,240,240" step="2"/><W25/><G113/><T70/><D24/><U107/><E107/><V91/><F91/><W125/><G101/><T52/><D70/><U127/><E90/><V55/><F55/><AGARI ba="0,1" hai="8,14,16,52,55,57,62,66" m="50793,49739" machi="55" ten="30,7700,0" yaku="19,1,20,1,54,2" doraHai="27" who="0" fromWho="2" sc="290,87,220,0,240,-77,240,0" /><INIT seed="3,0,0,3,4,55" ten="377,220,163,240" oya="3" hai0="119,127,116,58,92,77,128,20,83,93,10,18,71" hai1="107,31,47,56,15,11,13,54,4,5,104,22,80" hai2="34,133,61,26,45,85,30,21,64,12,27,81,105" hai3="40,99,122,28,57,111,134,68,48,114,29,75,46"/><W110/><G75/><T39/><D39/><U72/><E47/><V118/><F133/><W101/><G134/><T43/><D71/><U32/><E32/><V9/><F105/><W69/><G122/><T74/><D43/><U63/><E31/><V96/><F118/><W86/><G86/><T89/><D10/><U130/><E130/><V76/><F96/><W53/><G114/><T82/><D82/><U98/><E98/><V102/><F102/><W109/><G69/><T94/><D89/><U113/><E113/><V73/><F45/><W125/><G125/><T7/><D7/><U3/><E3/><V67/><F73/><W84/><G84/><T41/><D41/><U38/><E38/><V117/><F117/><W123/><G68/><T115/><D128/><U0/><E0/><V25/><F34/><W87/><G87/><T97/><D97/><U17/><REACH who="1" step="1"/><E4/><REACH who="1" ten="377,210,163,240" step="2"/><V62/><F30/><W51/><REACH who="3" step="1"/><G123/><REACH who="3" ten="377,210,163,230" step="2"/><T66/><D119/><U78/><AGARI ba="0,2" hai="5,11,13,15,17,22,54,56,63,72,78,80,104,107" machi="78" ten="30,12000,2" yaku="1,1,2,1,0,1,52,1,53,2" doraHai="55" doraHaiUra="8" who="1" fromWho="1" sc="377,-30,210,140,163,-30,230,-60" /><INIT seed="4,0,0,0,0,134" ten="347,350,133,170" oya="0" hai0="87,127,22,105,112,111,123,71,61,49,41,95,115" hai1="91,118,25,31,77,12,104,94,39,86,130,122,11" hai2="16,88,23,117,124,132,14,78,21,67,34,40,100" hai3="36,6,70,133,32,128,1,48,35,108,110,96,55"/><T27/><D105/><U116/><E122/><V81/><F34/><W59/><G128/><T60/><D123/><U43/><E130/><V98/><F117/><W4/><G133/><T8/><D8/><U99/><E39/><V9/><F132/><W84/><G70/><T50/><D111/><U38/><E38/><V28/><F40/><W5/><G1/><T13/><D13/><U72/><E43/><V75/><F67/><W18/><G36/><T37/><D95/><U120/><E120/><V3/><F3/><W101/><G35/><T2/><D87/><U45/><E45/><V97/><F28/><W92/><G32/><T47/><D2/><U33/><E72/><V7/><F7/><W73/><G73/><T58/><D22/><U113/><E113/><N who="0" m="43593" /><D27/><U119/><E119/><V62/><F62/><W10/><G110/><T20/><D20/><U68/><E68/><V121/><F121/><W135/><G135/><T89/><D89/><U53/><E104/><V82/><F82/><W24/><G108/><T46/><D46/><U52/><E118/><V76/><F76/><W51/><G84/><T107/><D107/><U17/><E116/><V109/><F109/><W129/><G129/><T90/><D90/><U102/><E77/><V85/><F100/><W57/><G24/><T103/><D103/><U56/><E102/><V0/><F0/><W131/><G131/><T63/><D71/><U15/><E15/><V80/><F98/><W125/><G18/><T126/><D37/><U42/><E99/><V114/><F97/><W66/><G96/><T30/><D30/><RYUUKYOKU ba="0,0" sc="347,30,350,-10,133,-10,170,-10" hai0="41,47,49,50,58,60,61,63,126,127" /><INIT seed="4,1,0,1,4,94" ten="377,340,123,160" oya="0" hai0="80,113,55,101,63,85,16,54,92,69,71,131,126" hai1="44,4,51,112,132,65,50,60,109,103,20,14,97" hai2="25,6,102,48,8,128,30,17,12,87,76,13,73" hai3="99,46,78,96,107,35,0,61,81,11,27,104,130"/><T58/><D126/><U110/><E132/><V89/><F128/><W39/><G130/><T9/><D131/><U129/><E129/><V40/><F102/><W47/><G61/><T93/><D113/><U45/><E112/><V42/><F73/><W100/><G47/><T57/><D69/><U10/><E20/><N who="2" m="15655" /><F76/><W64/><G64/><T24/><D71/><U124/><E124/><V43/><F48/><W1/><G11/><T56/><D56/><U26/><E26/><V74/><F74/><W118/><G118/><T95/><D101/><U127/><E127/><V49/><F49/><W115/><G115/><T88/><D24/><U133/><E133/><V59/><F59/><W19/><G19/><T22/><D22/><U5/><E51/><V41/><F41/><W33/><G27/><T108/><D108/><U52/><E45/><V121/><F121/><W84/><G46/><T135/><D135/><U105/><REACH who="1" step="1"/><E4/><REACH who="1" ten="377,330,123,160" step="2"/><V38/><F38/><W82/><G39/><T21/><D21/><U23/><E23/><N who="2" m="11687" /><F40/><W62/><G62/><T31/><D63/><U66/><E66/><V3/><F3/><W67/><G67/><T18/><D55/><U79/><E79/><V86/><F43/><W90/><G78/><T122/><D54/><U72/><E72/><V36/><F42/><W2/><G81/><T91/><D80/><U114/><E114/><V32/><F36/><W120/><G120/><T77/><D122/><U68/><AGARI ba="1,1" hai="5,10,14,44,50,52,60,65,68,97,103,105,109,110" machi="68" ten="20,8000,1" yaku="1,1,0,1,7,1,52,1,54,1,53,0" doraHai="94" doraHaiUra="119" who="1" fromWho="1" sc="377,-41,330,93,123,-21,160,-21" /><INIT seed="5,0,0,3,2,17" ten="336,423,102,139" oya="1" hai0="52,94,128,16,109,15,120,79,80,11,119,76,117" hai1="29,21,70,127,132,111,31,135,64,107,41,57,102" hai2="92,22,37,63,130,97,124,74,81,114,48,83,56" hai3="51,10,99,38,12,95,100,0,66,40,14,23,9"/><U113/><E70/><V101/><F37/><W43/><G38/><T116/><D109/><U75/><E111/><V25/><F130/><W19/><G0/><T28/><D128/><U133/><E75/><V84/><F124/><W103/><G66/><T42/><D42/><U123/><E123/><V45/><F114/><W8/><G103/><T50/><D120/><U1/><E1/><V110/><F110/><W18/><REACH who="3" step="1"/><G51/><REACH who="3" ten="336,423,102,129" step="2"/><T129/><D129/><U69/><E102/><V104/><F104/><W67/><G67/><T13/><D119/><U112/><E107/><V36/><F36/><W118/><G118/><T27/><D117/><U78/><E64/><N who="2" m="39015" /><F74/><W134/><G134/><T7/><D116/><U105/><E105/><V33/><F33/><W89/><G89/><T73/><D73/><U4/><E135/><V55/><F84/><W82/><G82/><T87/><D94/><U65/><E65/><V59/><F45/><W68/><G68/><T86/><D86/><U72/><E69/><V35/><F35/><W26/><G26/><T131/><D131/><U34/><E72/><V20/><F25/><W77/><G77/><T44/><D87/><U125/><E78/><V96/><F96/><W93/><G93/><T30/><D80/><AGARI ba="0,1" hai="20,22,48,55,59,80,81,83,92,97,101" m="39015" machi="80" ten="30,3900,0" yaku="8,1,52,2" doraHai="17" who="2" fromWho="0" sc="336,-39,423,0,102,49,129,0" /><INIT seed="6,0,0,1,1,32" ten="297,423,151,129" oya="2" hai0="68,4,46,117,121,89,128,119,116,135,129,100,2" hai1="127,95,44,58,63,24,48,87,20,74,0,65,57" hai2="49,101,52,59,78,123,3,66,54,19,34,33,23" hai3="92,84,18,5,7,28,85,14,69,62,131,114,73"/><V81/><F123/><W51/><G73/><T12/><D68/><U110/><E74/><V6/><F66/><W125/><G131/><N who="0" m="50251" /><D100/><U83/><E127/><V106/><F101/><W47/><G125/><T104/><D104/><U75/><E75/><V37/><F106/><W43/><G28/><T36/><D36/><U77/><E110/><V90/><F37/><W26/><G26/><T99/><D99/><U22/><E0/><V109/><F109/><W86/><G114/><T103/><D103/><U111/><E111/><V79/><F90/><W40/><G40/><T102/><D102/><U94/><E58/><V60/><F54/><W35/><G35/><T80/><D80/><U56/><E56/><V55/><F81/><W27/><G27/><T42/><D42/><N who="1" m="24599" /><E22/><V122/><F122/><W88/><G62/><T76/><D46/><U105/><E105/><V64/><F59/><W21/><REACH who="3" step="1"/><G69/><REACH who="3" ten="297,423,151,119" step="2"/><T67/><D121/><U70/><E70/><V132/><F60/><W126/><G126/><T115/><D115/><U124/><E124/><V13/><F33/><W130/><G130/><T39/><D119/><U38/><E63/><V120/><F34/><W96/><AGARI ba="0,1" hai="5,7,14,18,21,43,47,51,84,85,86,88,92,96" machi="96" ten="30,8000,1" yaku="1,1,0,1,8,1,54,1,53,1" doraHai="32" doraHaiUra="10" who="3" fromWho="3" sc="297,-20,423,-20,151,-40,119,90" /><INIT seed="7,0,0,1,3,5" ten="277,403,111,209" oya="3" hai0="8,133,76,79,29,3,87,93,69,28,34,58,124" hai1="91,17,132,45,32,108,129,82,98,10,85,51,67" hai2="60,119,86,101,6,19,20,31,89,126,56,11,72" hai3="63,92,52,1,134,41,100,13,81,131,117,125,37"/><W122/><G117/><T44/><D69/><U24/><E108/><V47/><F72/><W66/><G122/><T109/><D34/><U114/><E114/><V15/><F119/><W111/><G1/><T130/><D3/><U135/><E129/><V95/><F126/><W105/><G105/><T62/><D109/><U106/><E67/><V96/><F47/><W4/><G111/><T57/><D124/><U54/><E32/><V115/><F115/><W80/><G125/><T38/><D38/><U77/><E77/><V7/><F31/><N who="0" m="11850" /><D130/><U73/><E73/><V22/><F7/><W103/><G134/><T39/><D39/><U127/><E24/><V46/><F46/><W116/><G116/><T88/><D133/><U21/><E21/><V2/><F6/><W9/><G131/><T102/><D44/><U83/><E83/><N who="3" m="31818" /><G41/><T75/><D75/><U0/><E0/><V107/><REACH who="2" step="1"/><F2/><REACH who="2" ten="277,403,101,209" step="2"/><W16/><G37/><T104/><D104/><U30/><E127/><V128/><F128/><W110/><G110/><T27/><D79/><U71/><E30/><V23/><F23/><W40/><G4/><T123/><D76/><U84/><E135/><V74/><F74/><W35/><G35/><T68/><D123/><U25/><E132/><V48/><F48/><W42/><G42/><T14/><D62/><U121/><E51/><V53/><AGARI ba="0,1" hai="11,15,19,20,22,53,56,60,86,89,95,96,101,107" machi="53" ten="20,5200,0" yaku="1,1,0,1,7,1,52,1,53,0" doraHai="5" doraHaiUra="64" who="2" fromWho="2" sc="277,-13,403,-13,101,62,209,-26" owari="264,6.0,390,50.0,163,-34.0,183,-22.0" /></mjloggm>