<mjloggm ver="2.3"><GO type="169" lobby="0"/><UN n0="%74%6F%72%69%30%36%31%32" n1="%E3%82%A6%E3%83%AB%E3%83%88%E3%83%A9%E7%AB%8B%E7%9B%B4" n2="%E3%82%A4%E3%82%B5%E3%82%AD" n3="%73%65%69%69%67%61%33" dan="18,17,17,16" rate="2152.33,2208.13,2113.80,2153.04" sx="M,M,M,M"/><TAIKYOKU oya="0"/><INIT seed="0,0,0,4,3,93" ten="250,250,250,250" oya="0" hai0="63,96,64,128,52,46,117,68,37,75,8,86,24" hai1="102,77,65,124,89,99,109,51,43,71,50,14,70" hai2="83,21,41,126,62,131,90,107,122,47,76,2,33" hai3="54,36,73,1,44,129,16,0,26,20,60,130,127"/><T15/><D75/><U42/><E124/><V55/><F33/><W81/><G127/><T133/><D117/><U132/><E77/><V88/><F126/><W17/><G73/><T92/><D128/><N who="3" m="49257" /><G81/><T110/><D133/><U87/><E109/><V101/><F2/><N who="3" m="1131" /><G60/><T79/><D24/><U108/><E108/><V18/><F122/><W111/><G111/><T135/><D135/><U97/><E65/><V105/><F131/><W106/><G106/><T103/><D110/><U5/><E132/><V28/><F28/><N who="3" m="17479" /><G54/><T10/><D37/><U39/><E102/><V95/><F107/><W115/><G115/><T113/><D113/><U32/><E32/><V118/><F105/><W38/><G38/><T69/><D69/><U4/><E39/><V58/><F118/><W35/><G35/><T11/><D79/><U12/><E89/><V3/><F101/><W98/><G98/><T19/><REACH who="0" step="1"/><D86/><AGARI ba="0,0" hai="4,5,12,14,42,43,50,51,70,71,86,87,97,99" machi="86" ten="25,6400,0" yaku="22,2,52,2" doraHai="93" who="1" fromWho="0" sc="250,-64,250,64,250,0,250,0" /><INIT seed="1,0,0,1,3,68" ten="186,314,250,250" oya="1" hai0="85,131,82,61,129,133,104,8,40,63,86,117,31" hai1="123,43,44,134,22,100,122,80,64,42,21,14,54" hai2="73,108,130,132,81,6,34,13,124,65,57,4,92" hai3="114,115,113,46,18,49,3,95,128,107,7,9,48"/><U106/><E106/><V47/><F34/><W26/><G107/><T10/><D104/><U76/><E100/><V17/><F108/><W19/><G128/><N who="0" m="49227" /><D31/><U99/><E99/><V11/><F130/><W12/><G95/><T97/><D97/><U36/><E134/><V50/><F132/><W90/><G90/><T15/><D133/><U1/><E1/><V62/><F124/><W30/><G46/><T58/><D117/><U32/><E32/><V135/><F135/><W105/><G105/><T23/><D23/><U112/><E112/><V0/><F0/><W67/><G67/><T126/><D126/><U119/><E64/><V84/><F73/><W29/><G49/><T118/><D118/><U77/><E43/><V66/><F92/><W93/><G93/><T33/><D33/><U52/><E119/><V88/><REACH who="2" step="1"/><F66/><REACH who="2" ten="186,314,240,250" step="2"/><W35/><G35/><T121/><D121/><U24/><E122/><V110/><F110/><W5/><G3/><T71/><D71/><U51/><E123/><V59/><F59/><W16/><G48/><T120/><D58/><U38/><E51/><V102/><F102/><W39/><G39/><T20/><D120/><U60/><E38/><V83/><F83/><W27/><G5/><T103/><D82/><U75/><E60/><V127/><F127/><W109/><G109/><T25/><D103/><U87/><E75/><V28/><F28/><AGARI ba="0,1" hai="7,9,12,16,18,19,26,27,28,29,30,113,114,115" machi="28" ten="50,8000,1" yaku="34,3,54,1" doraHai="68" who="3" fromWho="2" sc="186,0,314,0,240,-80,250,90" /><INIT seed="2,0,0,5,2,131" ten="186,314,160,340" oya="2" hai0="133,104,101,83,92,6,95,18,128,66,76,49,47" hai1="64,135,17,99,21,73,38,72,22,124,121,46,39" hai2="57,68,35,19,24,77,134,4,88,110,3,33,67" hai3="56,27,122,81,26,127,31,52,78,119,62,130,5"/><V132/><F68/><W118/><G122/><T106/><D66/><U70/><E64/><V8/><F77/><W80/><G130/><T40/><D128/><U23/><E70/><V12/><F110/><W97/><G127/><T107/><D101/><U58/><E58/><V53/><F67/><W105/><G5/><T34/><D34/><U109/><E17/><V93/><F53/><W37/><G37/><T11/><D18/><U100/><E46/><V36/><F57/><W59/><G81/><T1/><REACH who="0" step="1"/><D133/><REACH who="0" ten="176,314,160,340" step="2"/><N who="2" m="51306" /><F36/><W111/><G111/><T45/><D45/><U112/><E109/><V84/><F24/><W74/><G26/><T25/><D25/><U94/><E135/><V87/><F87/><AGARI ba="0,1" hai="1,6,11,40,47,49,76,83,87,92,95,104,106,107" machi="87" ten="40,2600,0" yaku="1,1,53,1" doraHai="131" doraHaiUra="2" who="0" fromWho="2" sc="176,36,314,0,160,-26,340,0" /><INIT seed="3,0,0,4,1,134" ten="212,314,134,340" oya="3" hai0="10,0,101,16,76,48,26,66,39,2,80,46,6" hai1="102,79,45,99,5,103,52,40,20,85,31,67,129" hai2="69,109,60,15,111,9,17,96,22,115,38,42,100" hai3="82,72,77,11,68,30,8,107,120,135,23,55,127"/><W64/><G120/><T128/><D128/><U18/><E129/><V91/><F115/><W84/><G107/><T53/><D39/><U97/><E67/><V65/><F91/><W93/><G135/><T83/><D101/><U114/><E31/><V73/><F73/><W113/><G113/><T37/><D37/><U133/><E18/><V29/><F42/><W58/><G68/><T130/><D130/><U105/><E20/><V41/><F41/><W116/><G64/><T25/><D2/><U56/><E5/><V117/><F38/><W92/><G116/><T32/><D66/><U28/><E28/><V35/><F9/><N who="3" m="3659" /><G72/><T71/><D71/><U122/><E122/><V104/><REACH who="2" step="1"/><F117/><REACH who="2" ten="212,314,124,340" step="2"/><W61/><G127/><T88/><D88/><U74/><E74/><V119/><F119/><W34/><G34/><T50/><D32/><U36/><E114/><V81/><F81/><W27/><AGARI ba="0,1" hai="23,27,30,55,58,61,77,82,84,92,93" m="3659" machi="27" ten="30,1500,0" yaku="8,1" doraHai="134" who="3" fromWho="3" sc="212,-5,314,-5,124,-5,340,25" /><INIT seed="3,1,0,0,0,49" ten="207,309,119,365" oya="3" hai0="55,109,15,67,24,21,28,95,63,115,124,86,112" hai1="48,10,65,103,38,3,17,133,25,113,5,128,69" hai2="108,125,44,123,61,84,2,134,14,130,132,9,114" hai3="88,13,79,87,60,62,50,107,80,66,131,119,78"/><W20/><G119/><T57/><D124/><U93/><E38/><V121/><F125/><W105/><G105/><T97/><D109/><U23/><E113/><V4/><F84/><W73/><G107/><T90/><D15/><U82/><E128/><V117/><F61/><N who="3" m="23659" /><G73/><T71/><D71/><U99/><E133/><N who="2" m="51307" /><F44/><W37/><G37/><T68/><D68/><U47/><E69/><V41/><F41/><W64/><G131/><T77/><REACH who="0" step="1"/><D67/><REACH who="0" ten="197,309,119,365" step="2"/><U116/><E65/><V81/><F108/><W33/><G66/><T7/><D7/><U8/><E116/><V70/><F70/><W43/><G64/><T83/><AGARI ba="1,1" hai="21,24,28,55,57,63,77,83,86,90,95,97,112,115" machi="83" ten="30,4000,0" yaku="1,1,0,1,52,1,53,0" doraHai="49" doraHaiUra="46" who="0" fromWho="0" sc="197,53,309,-11,119,-11,365,-21" /><INIT seed="4,0,0,3,3,61" ten="250,298,108,344" oya="0" hai0="18,98,45,2,13,78,93,118,54,16,89,34,99" hai1="95,23,115,103,97,5,38,69,27,56,111,48,14" hai2="135,100,133,85,120,21,9,107,50,83,131,116,67" hai3="90,122,53,130,59,75,41,20,32,33,84,30,108"/><T22/><D2/><U127/><E38/><V39/><F39/><W117/><G75/><T6/><D34/><U66/><E111/><V70/><F120/><W109/><G117/><T43/><D6/><U92/><E127/><V8/><F116/><W47/><G122/><T52/><D118/><U105/><E115/><V114/><F114/><W128/><G20/><T79/><D99/><U51/><E69/><V132/><F131/><N who="3" m="50219" /><G30/><T68/><D68/><U7/><E105/><V31/><F107/><W126/><G126/><T10/><D43/><U64/><E92/><V77/><F100/><W123/><G123/><T71/><D71/><U112/><E112/><V60/><REACH who="2" step="1"/><F50/><REACH who="2" ten="250,298,98,344" step="2"/><N who="3" m="26991" /><G109/><T96/><D96/><U4/><E51/><V55/><F55/><N who="0" m="21034" /><D45/><U91/><E103/><V35/><F35/><W29/><G108/><T26/><AGARI ba="0,1" hai="10,13,16,18,22,26,78,79,89,93,98" m="21034" machi="26" ten="30,6000,0" yaku="8,1,54,2" doraHai="61" who="0" fromWho="0" sc="250,70,298,-20,98,-20,344,-20" /><INIT seed="4,1,0,4,3,107" ten="320,278,78,324" oya="0" hai0="101,8,87,16,29,119,132,13,61,105,0,19,43" hai1="44,35,97,82,37,125,102,88,2,118,3,117,15" hai2="123,104,89,133,122,24,53,115,74,27,91,75,73" hai3="46,71,135,110,56,36,48,76,81,68,25,78,60"/><T9/><D119/><U100/><E35/><V22/><F104/><W127/><G110/><T72/><D72/><U128/><E2/><V86/><F115/><W103/><G36/><T67/><D132/><U70/><E3/><V49/><F133/><W69/><G103/><T116/><D116/><U7/><E70/><V120/><F86/><W109/><G109/><T57/><D43/><U42/><E125/><V79/><F79/><W84/><G127/><T62/><D29/><U10/><E128/><V34/><F34/><W21/><G135/><T114/><D114/><U11/><E11/><V108/><F108/><W77/><G56/><T28/><D28/><U64/><E64/><V83/><F83/><W12/><G12/><T39/><D39/><U30/><E30/><V98/><F98/><W26/><G60/><T20/><D101/><U99/><E100/><V94/><F94/><W17/><REACH who="3" step="1"/><G26/><REACH who="3" ten="320,278,78,314" step="2"/><T32/><D0/><U129/><E117/><V5/><F27/><W124/><G124/><T90/><D105/><U6/><E118/><V41/><F5/><W126/><G126/><T130/><D130/><U1/><E129/><V33/><F33/><W14/><G14/><T121/><D32/><U18/><E1/><V95/><F24/><W4/><G4/><T31/><D61/><U80/><E7/><V23/><F123/><W58/><G58/><T51/><D121/><U131/><E6/><V113/><F122/><W63/><G63/><T106/><D106/><N who="1" m="63823" /><E131/><V92/><F120/><W40/><AGARI ba="1,1" hai="17,21,25,40,46,48,68,69,71,76,77,78,81,84" machi="40" ten="30,2000,0" yaku="1,1,0,1,53,0" doraHai="107" doraHaiUra="50" who="3" fromWho="3" sc="320,-11,278,-6,78,-6,314,33" /><INIT seed="5,0,0,5,3,49" ten="309,272,72,347" oya="1" hai0="53,129,35,1,58,20,52,10,61,81,63,3,86" hai1="74,118,131,37,98,90,102,113,6,79,114,51,64" hai2="112,57,80,122,124,103,21,16,15,117,77,12,45" hai3="27,93,85,99,13,83,109,55,41,31,97,14,116"/><U92/><E37/><V120/><F117/><W2/><G109/><T106/><D35/><U88/><E118/><V17/><F124/><W22/><G2/><T105/><D129/><U23/><E6/><V0/><F0/><W91/><G41/><T19/><D3/><U123/><E123/><V70/><F70/><W9/><G116/><T60/><D10/><U8/><E8/><V78/><F112/><N who="1" m="43113" /><E131/><V46/><F103/><W115/><G115/><T18/><D1/><U108/><E108/><V82/><F57/><W100/><G9/><T30/><D106/><U125/><E125/><V43/><REACH who="2" step="1"/><F21/><REACH who="2" ten="309,272,62,347" step="2"/><W11/><G11/><T36/><D58/><U110/><E23/><V39/><F39/><W73/><G100/><T75/><D36/><U72/><E110/><V34/><F34/><W5/><G22/><T59/><D59/><U128/><E128/><V95/><F95/><W68/><G93/><T65/><D105/><U40/><E102/><V67/><F67/><W119/><G68/><T130/><D65/><U135/><E64/><V134/><F134/><W76/><G119/><T38/><D38/><U69/><E69/><V50/><F50/><W4/><G5/><T62/><D130/><U84/><E135/><V133/><F133/><W7/><G4/><T47/><D63/><U104/><E104/><V87/><F87/><W71/><G7/><T24/><D75/><U48/><E40/><AGARI ba="0,1" hai="12,15,16,17,40,43,45,46,77,78,80,82,120,122" machi="40" ten="25,6400,0" yaku="1,1,22,2,54,1,53,0" doraHai="49" doraHaiUra="127" who="2" fromWho="1" sc="309,0,272,-64,62,74,347,0" /><INIT seed="6,0,0,5,2,92" ten="309,208,136,347" oya="2" hai0="28,41,17,53,124,19,22,51,99,122,70,58,97" hai1="110,78,48,98,80,44,132,77,34,120,13,8,50" hai2="86,57,118,93,61,31,130,64,54,113,20,108,27" hai3="26,49,127,63,125,16,3,91,115,76,102,73,56"/><V14/><F118/><W135/><G3/><T55/><D70/><U117/><E34/><V52/><F113/><W0/><G0/><T103/><D122/><U18/><E110/><V104/><F104/><W12/><G102/><T15/><D124/><U79/><E117/><V4/><F130/><W65/><G135/><T111/><D41/><U81/><E132/><V121/><F121/><W126/><G115/><T11/><D28/><U9/><E120/><V69/><F108/><W74/><G76/><T131/><D103/><U75/><E75/><V59/><F69/><W46/><G91/><T6/><D19/><U1/><E1/><V87/><F93/><W35/><G26/><N who="0" m="14671" /><D131/><U128/><E128/><V62/><F64/><W90/><G90/><T119/><D119/><U82/><E9/><AGARI ba="0,0" hai="4,9,14,20,27,31,52,54,57,59,61,62,86,87" machi="9" ten="40,7700,0" yaku="9,1,8,1,54,1" doraHai="92" who="2" fromWho="1" sc="309,0,208,-77,136,77,347,0" /><INIT seed="6,1,0,3,3,89" ten="309,131,213,347" oya="2" hai0="127,101,111,119,13,30,85,130,45,76,43,71,84" hai1="109,35,94,95,123,114,97,77,113,105,49,64,14" hai2="17,58,50,69,133,118,68,83,108,86,63,132,115" hai3="62,75,82,134,87,122,37,61,67,117,74,7,24"/><V21/><F118/><W104/><G104/><T102/><D71/><U65/><E35/><V6/><F6/><W20/><G37/><T8/><D111/><U99/><E105/><V93/><F115/><N who="1" m="44041" /><E109/><V27/><F108/><W40/><G122/><T121/><D121/><U59/><E77/><N who="2" m="46447" /><F50/><W57/><G40/><T9/><D30/><U44/><E123/><V15/><F27/><W60/><G134/><N who="2" m="51817" /><F93/><N who="1" m="35337" /><E14/><V90/><F90/><W41/><G117/><T126/><D119/><U128/><E128/><V88/><F88/><W3/><G3/><T5/><D130/><U110/><E110/><V42/><F42/><W56/><G41/><T47/><D43/><N who="1" m="24735" /><E59/><V53/><AGARI ba="1,0" hai="15,17,21,53,58,63,68,69" m="51817,46447" machi="53" ten="30,1500,0" yaku="20,1" doraHai="89" who="2" fromWho="2" sc="309,-6,131,-6,213,18,347,-6" /><INIT seed="6,2,0,5,1,53" ten="303,125,231,341" oya="2" hai0="42,32,20,115,104,123,55,73,83,122,75,68,51" hai1="124,101,119,57,91,3,28,13,102,2,135,24,37" hai2="19,47,7,27,110,17,25,59,90,12,49,112,67" hai3="95,33,84,103,111,1,74,133,82,127,93,80,78"/><V77/><F112/><W63/><G1/><T45/><D32/><U61/><E37/><V36/><F36/><W71/><G33/><T92/><D104/><U64/><E119/><V30/><F110/><W114/><G111/><T100/><D68/><U96/><E124/><V14/><F77/><W8/><G8/><T66/><D66/><U81/><E135/><V26/><F90/><W4/><G4/><T132/><D115/><U11/><E81/><V72/><F72/><W107/><G63/><T10/><D132/><U99/><E91/><V89/><F89/><N who="3" m="51351" /><G71/><T31/><D10/><U86/><E86/><V35/><F7/><W87/><G133/><T41/><D83/><U38/><E38/><V120/><F30/><W105/><G114/><T40/><D122/><U21/><E99/><V48/><F35/><W58/><G127/><T44/><D123/><U109/><E109/><V62/><F120/><W52/><G74/><T9/><D9/><U131/><E101/><V54/><REACH who="2" step="1"/><F48/><REACH who="2" ten="303,125,221,341" step="2"/><N who="3" m="30983" /><G103/><T129/><D75/><U106/><REACH who="1" step="1"/><E131/><REACH who="1" ten="303,115,221,341" step="2"/><V50/><F50/><W118/><G118/><T85/><D129/><U121/><E121/><V126/><F126/><W34/><G78/><T108/><D73/><U39/><E39/><V128/><F128/><W113/><G113/><T56/><D108/><U117/><E117/><V70/><F70/><W43/><G80/><T60/><D100/><U88/><E88/><V46/><F46/><W65/><G87/><T98/><D85/><U69/><E69/><V5/><F5/><AGARI ba="2,2" hai="2,3,5,11,13,21,24,28,57,61,64,96,102,106" machi="5" ten="30,3900,0" yaku="1,1,7,1,52,1,53,0" doraHai="53" doraHaiUra="79" who="1" fromWho="2" sc="303,0,115,65,221,-45,341,0" /><INIT seed="7,0,0,0,1,74" ten="303,180,176,341" oya="3" hai0="8,79,78,63,39,14,73,20,50,91,133,84,23" hai1="103,4,46,109,55,108,126,135,45,18,115,107,57" hai2="118,101,15,47,44,67,76,29,82,127,94,116,99" hai3="12,120,77,92,52,98,112,21,105,38,62,123,86"/><W64/><G38/><T114/><D39/><U58/><E4/><V69/><F127/><W121/><G112/><T97/><D73/><U6/><E6/><V90/><F29/><W87/><G105/><T59/><D133/><U70/><E70/><V42/><F101/><W27/><G12/><T106/><D97/><N who="1" m="61935" /><E115/><V95/><F95/><W81/><G87/><T48/><D106/><U41/><E126/><V119/><F15/><W56/><G121/><T36/><D36/><N who="1" m="21671" /><E135/><V34/><F34/><W75/><G75/><T65/><D114/><U17/><E46/><V60/><REACH who="2" step="1"/><F42/><REACH who="2" ten="303,180,166,341" step="2"/><W85/><G92/><N who="0" m="54375" /><D23/><U117/><E117/><V132/><F132/><W11/><G21/><T102/><D102/><U134/><E134/><V71/><F71/><W61/><G123/><T24/><D20/><U37/><E109/><V88/><F88/><W100/><G120/><T111/><D24/><U49/><E108/><V43/><F43/><W33/><G27/><T104/><D104/><U83/><E83/><V25/><F25/><W130/><G33/><T93/><D93/><U40/><E40/><V72/><AGARI ba="0,1" hai="44,47,60,67,69,72,76,82,90,94,99,116,118,119" machi="72" ten="30,4000,0" yaku="1,1,0,1,52,1,53,0" doraHai="74" doraHaiUra="51" who="2" fromWho="2" sc="303,-10,180,-10,166,50,341,-20" owari="293,9.0,170,-33.0,216,-18.0,321,42.0" /></mjloggm>