<mjloggm ver="2.3"><GO type="169" lobby="0"/><UN n0="%E3%81%98%E3%81%9A%E3%83%BC" n1="%E3%82%A6%E3%83%AB%E3%83%88%E3%83%A9%E7%AB%8B%E7%9B%B4" n2="%E2%98%86%E3%82%B7%E3%83%A3%E3%83%81%E3%83%8F%E3%82%B2%CE%B2%E2%98%86" n3="%E4%B8%89%E9%BA%BB%E3%81%AF%EF%BD%8B%EF%BD%93%EF%BD%87" dan="16,17,17,17" rate="2087.91,2142.03,2205.98,2131.16" sx="M,M,M,M"/><TAIKYOKU oya="0"/><INIT seed="0,0,0,2,3,74" ten="250,250,250,250" oya="0" hai0="60,79,104,114,29,50,88,36,12,82,98,32,59" hai1="6,119,123,39,109,85,47,133,38,129,116,112,125" hai2="65,89,76,20,35,121,7,52,69,13,15,0,62" hai3="77,42,87,11,80,17,57,64,124,103,43,100,8"/><T122/><D36/><U9/><E85/><V45/><F35/><W71/><G71/><T95/><D114/><U134/><E9/><V27/><F121/><W84/><G124/><T48/><D122/><U102/><E102/><V126/><F126/><W120/><G120/><T107/><D107/><U108/><E6/><V127/><F127/><W63/><G8/><T92/><D104/><U14/><E14/><V24/><F24/><W21/><G11/><T28/><D95/><U40/><E125/><V68/><F68/><W132/><G132/><N who="1" m="50794" /><E123/><V91/><F0/><W117/><G117/><N who="1" m="45130" /><E129/><V96/><F7/><W1/><G1/><T10/><D32/><U111/><E112/><V110/><F13/><N who="3" m="9391" /><G87/><N who="0" m="48607" /><D29/><U78/><E78/><V67/><F15/><W5/><G5/><N who="0" m="3151" /><D28/><U34/><E34/><V3/><F3/><W37/><G37/><AGARI ba="0,0" hai="37,38,39,40,47,108,109,111" m="45130,50794" machi="37" ten="40,8000,1" yaku="14,1,20,1,23,1,34,2" doraHai="74" who="1" fromWho="3" sc="250,0,250,80,250,0,250,-80" /><INIT seed="1,0,0,0,3,61" ten="250,330,250,170" oya="1" hai0="3,4,93,127,36,13,9,46,132,38,131,106,21" hai1="32,63,39,133,68,103,101,44,23,5,2,92,55" hai2="30,25,43,18,58,125,37,118,31,96,128,1,130" hai3="100,114,89,97,67,75,16,51,56,57,17,98,73"/><U24/><E32/><V79/><F1/><W129/><G114/><T123/><D106/><U90/><E133/><V65/><F118/><W15/><G129/><N who="2" m="49769" /><F79/><W117/><G117/><T70/><D131/><U19/><E5/><V34/><F125/><W49/><G15/><T50/><D132/><U22/><E2/><V111/><F111/><W134/><G134/><T82/><D70/><U53/><E53/><V119/><F119/><W0/><G0/><T108/><D108/><U71/><E71/><V86/><F86/><W72/><G89/><T110/><D127/><U105/><E105/><V27/><F18/><W116/><G116/><T66/><D123/><U81/><E81/><V88/><F43/><W29/><G29/><N who="2" m="10761" /><F37/><W80/><G80/><T95/><D110/><U11/><E11/><V60/><F34/><W102/><REACH who="3" step="1"/><G75/><REACH who="3" ten="250,330,250,160" step="2"/><T122/><D82/><U107/><E90/><V59/><F25/><W121/><G121/><T41/><D122/><U64/><E24/><V42/><F27/><W77/><G77/><T33/><D3/><U54/><E103/><V76/><F76/><W83/><G83/><T69/><D13/><U6/><E101/><V113/><F113/><W40/><G40/><T62/><D41/><U28/><E28/><V109/><F42/><W135/><G135/><T85/><D38/><U74/><E39/><V8/><F109/><W78/><G78/><T20/><D36/><U84/><E74/><V124/><F124/><W26/><G26/><T115/><D115/><U99/><E6/><V52/><F88/><W120/><G120/><T48/><D4/><RYUUKYOKU ba="0,1" sc="250,-10,330,-10,250,-10,160,30" hai3="16,17,49,51,56,57,67,72,73,97,98,100,102" /><INIT seed="2,1,1,0,4,122" ten="240,320,240,190" oya="2" hai0="131,67,50,69,95,84,11,44,82,53,78,6,41" hai1="46,33,117,66,86,128,9,101,45,87,90,61,134" hai2="96,63,105,111,99,20,21,93,129,59,97,22,43" hai3="3,75,48,30,16,58,85,88,125,103,47,133,52"/><V25/><F129/><W54/><G75/><T72/><D131/><U8/><E33/><V60/><F105/><W51/><G3/><T132/><D132/><U73/><E73/><V56/><F43/><W38/><G133/><T100/><D69/><U34/><E34/><V110/><F25/><W124/><G30/><T39/><D67/><U19/><E101/><V29/><F29/><W13/><G38/><T135/><D135/><U4/><E117/><V108/><F93/><W94/><REACH who="3" step="1"/><G103/><REACH who="3" ten="240,320,240,180" step="2"/><T26/><D39/><U107/><E134/><V76/><F76/><W70/><G70/><T65/><D100/><U123/><E128/><V98/><N who="2" m="24576" /><DORA hai="83" /><V106/><REACH who="2" step="1"/><F106/><REACH who="2" ten="240,320,230,180" step="2"/><W17/><G17/><T74/><D78/><U10/><E19/><V28/><F28/><W57/><G57/><AGARI ba="1,3" hai="20,21,22,56,57,59,60,63,108,110,111" m="24576" machi="57" ten="60,24000,3" yaku="1,1,29,2,28,2,14,1,10,1,52,3,53,0" doraHai="122,83" doraHaiUra="5,0" who="2" fromWho="3" sc="240,0,320,0,230,273,180,-243" owari="240,-16.0,320,12.0,503,60.0,-63,-56.0" /></mjloggm>