<mjloggm ver="2.3"><GO type="41" lobby="0"/><UN n0="%54%4E%6E%6F%6D%69" n1="%E5%B0%B1%E6%B4%BB%E7%94%9F%40%E5%B7%9D%E6%9D%91%E8%BB%8D%E5%9B%A3" n2="%6D%61%79%75" n3="%6B%61%6B%65%67%6F" dan="13,14,13,15" rate="1914.69,1992.44,1991.19,1979.00" sx="M,M,F,M"/><TAIKYOKU oya="0"/><INIT seed="0,0,0,2,0,17" ten="250,250,250,250" oya="0" hai0="18,78,100,127,2,83,9,79,107,46,103,20,109" hai1="80,129,55,7,27,115,57,53,120,81,86,11,65" hai2="106,58,37,60,126,50,130,1,32,16,24,0,73" hai3="93,92,62,39,98,26,87,95,45,42,116,47,102"/><T43/><D127/><U29/><E115/><V63/><F37/><W44/><G116/><T54/><D109/><U23/><E120/><V96/><F126/><W74/><G74/><T125/><D125/><U91/><E129/><V84/><F73/><W104/><G87/><T90/><D90/><U3/><E65/><V59/><F130/><W8/><G8/><T68/><D68/><U67/><E67/><V5/><F50/><W133/><G62/><T77/><D54/><U118/><E118/><V101/><F84/><W28/><REACH who="3" step="1"/><G133/><REACH who="3" ten="250,250,250,240" step="2"/><T111/><D111/><U48/><E55/><V135/><F135/><W70/><G70/><T88/><D9/><U85/><REACH who="1" step="1"/><E86/><REACH who="1" ten="250,240,250,240" step="2"/><V108/><F108/><W19/><G19/><T14/><D2/><U35/><E35/><AGARI ba="0,2" hai="26,28,35,39,42,44,45,47,92,93,95,98,102,104" machi="35" ten="40,1300,0" yaku="1,1,53,0" doraHai="17" doraHaiUra="33" who="3" fromWho="1" sc="250,0,240,-13,250,0,240,33" /><INIT seed="1,0,0,1,5,27" ten="250,227,250,273" oya="1" hai0="133,22,1,64,38,34,44,28,23,53,75,46,12" hai1="8,132,130,48,85,36,2,29,52,129,116,134,73" hai2="31,121,50,30,92,5,37,54,82,117,86,88,55" hai3="59,19,110,83,74,96,15,128,56,71,65,81,16"/><U43/><E73/><V18/><F121/><W80/><G74/><T106/><D75/><U20/><E116/><V126/><F37/><W0/><G0/><T103/><D133/><N who="1" m="51307" /><E36/><V90/><F117/><W21/><G128/><N who="1" m="49258" /><E43/><V6/><F18/><W47/><G110/><T72/><D72/><U118/><E118/><V10/><F126/><W79/><G47/><T57/><D64/><U39/><E39/><V97/><F54/><W77/><G71/><T101/><D1/><U115/><E115/><V87/><F97/><W112/><G96/><T113/><D113/><U14/><E2/><V63/><F63/><N who="3" m="38119" /><G59/><T25/><D106/><U61/><E61/><V67/><F67/><W4/><G112/><T41/><D44/><N who="1" m="27655" /><E85/><V24/><F24/><N who="3" m="14375" /><G4/><N who="2" m="1641" /><F10/><AGARI ba="0,0" hai="10,15,19,77,79,80,81,83" m="14375,38119" machi="10" ten="30,2000,0" yaku="8,1,54,1" doraHai="27" who="3" fromWho="2" sc="250,0,227,0,250,-20,273,20" /><INIT seed="2,0,0,1,1,79" ten="250,227,230,293" oya="2" hai0="130,81,83,2,97,50,6,58,17,119,120,109,22" hai1="112,34,87,20,76,110,73,43,115,30,74,67,41" hai2="19,27,15,125,114,78,70,39,131,133,77,54,88" hai3="117,3,63,36,4,99,118,94,108,5,38,135,100"/><V45/><F114/><W49/><G135/><T98/><D120/><U40/><E34/><V52/><F70/><W84/><G108/><T124/><D109/><U126/><E110/><V59/><F133/><W12/><G49/><T21/><D124/><U1/><E126/><V85/><F131/><W13/><G63/><T51/><D130/><U23/><E1/><V93/><F27/><W69/><G69/><T25/><D119/><U86/><E67/><V56/><F125/><W44/><G44/><T26/><D2/><U132/><E132/><V32/><F32/><W60/><G60/><T102/><D6/><U16/><E30/><V92/><F92/><W103/><G84/><N who="1" m="32298" /><E16/><V42/><F56/><W55/><G55/><N who="0" m="32119" /><D51/><U105/><E76/><V71/><F54/><W122/><G94/><N who="0" m="58679" /><D98/><U104/><E20/><N who="0" m="7785" /><D17/><U123/><E23/><V14/><F71/><W128/><G3/><T91/><D91/><U134/><E134/><V95/><F95/><W121/><REACH who="3" step="1"/><G99/><REACH who="3" ten="250,227,230,283" step="2"/><T90/><D90/><U62/><E62/><V9/><F15/><W8/><G8/><T66/><D66/><U113/><E123/><V101/><REACH who="2" step="1"/><F101/><REACH who="2" ten="250,227,220,283" step="2"/><W68/><G68/><T75/><D75/><AGARI ba="0,2" hai="40,41,43,73,74,75,104,105,112,113,115" m="32298" machi="75" ten="40,2600,0" yaku="28,2" doraHai="79" who="1" fromWho="0" sc="250,-26,227,46,220,0,283,0" /><INIT seed="3,0,0,0,3,45" ten="224,273,220,283" oya="3" hai0="109,61,43,76,105,21,73,6,39,52,69,81,54" hai1="78,115,100,86,74,40,12,77,126,41,94,15,113" hai2="0,102,120,128,62,53,10,122,8,64,85,17,13" hai3="24,134,30,1,27,112,70,95,25,37,96,79,114"/><W19/><G70/><T48/><D109/><U66/><E126/><V129/><F102/><W97/><G37/><T133/><D133/><U121/><E121/><V2/><F85/><W111/><G1/><N who="2" m="617" /><F53/><W31/><G79/><T131/><D131/><N who="2" m="50250" /><F62/><W50/><G111/><T4/><D105/><U83/><E66/><V56/><F56/><W123/><G134/><T127/><D127/><U9/><E77/><V132/><F64/><W14/><G123/><N who="2" m="47145" /><F132/><W34/><G50/><T119/><D119/><U46/><E86/><V28/><F28/><N who="3" m="10795" /><G95/><T38/><D61/><U116/><E94/><V57/><F57/><W67/><G67/><T130/><D130/><U7/><E100/><V72/><F72/><W44/><G44/><T32/><D73/><U82/><E74/><V103/><F103/><W92/><G92/><T23/><D81/><U36/><E46/><V68/><F68/><W104/><G104/><T59/><D76/><U65/><E82/><V110/><F10/><N who="3" m="6615" /><G97/><T101/><D101/><U118/><E83/><V29/><F29/><N who="3" m="19751" /><G96/><T93/><D93/><U124/><E78/><V71/><F71/><W18/><G18/><T33/><D69/><U98/><E65/><V22/><F8/><W108/><G108/><AGARI ba="0,0" hai="13,17,22,108,110" m="47145,50250,617" machi="108" ten="40,8000,1" yaku="19,1,13,1,34,2" doraHai="45" who="2" fromWho="3" sc="224,0,273,0,220,80,283,-80" /><INIT seed="4,0,0,4,1,23" ten="224,273,300,203" oya="0" hai0="53,40,32,90,45,13,74,102,105,9,85,67,76" hai1="46,125,94,129,59,61,77,66,70,38,126,31,58" hai2="56,114,97,10,34,88,120,117,81,52,37,30,0" hai3="128,127,134,107,110,25,16,54,92,91,83,98,55"/><T29/><D67/><U79/><E31/><V71/><F120/><W36/><G110/><T73/><D53/><U118/><E94/><V108/><F117/><W115/><G36/><T131/><D131/><U133/><E118/><V50/><F114/><W106/><G128/><T112/><D112/><U123/><E79/><V19/><F71/><W109/><G115/><T124/><D124/><N who="1" m="47723" /><E77/><V82/><F37/><W95/><G109/><T60/><D60/><U42/><E123/><V27/><F108/><W116/><G55/><T111/><D111/><U4/><E4/><V132/><F132/><W5/><G127/><T47/><D47/><U20/><E20/><V3/><F82/><W84/><G5/><T122/><D122/><U101/><E101/><V62/><F3/><W17/><G17/><T57/><D57/><N who="1" m="21515" /><E129/><V69/><F69/><W14/><G54/><T33/><D76/><U49/><E133/><V8/><F0/><W135/><G116/><T11/><D102/><U21/><E21/><V7/><F19/><W24/><G135/><T78/><D78/><U99/><E99/><V22/><F34/><W68/><G68/><T87/><D29/><U48/><AGARI ba="0,0" hai="38,42,46,48,49,61,66,70" m="21515,47723" machi="48" ten="30,4000,0" yaku="18,1,34,2" doraHai="23" who="1" fromWho="1" sc="224,-20,273,40,300,-10,203,-10" /><INIT seed="5,0,0,0,5,47" ten="204,313,290,193" oya="1" hai0="127,74,50,51,0,10,103,16,65,62,30,95,17" hai1="130,11,66,102,27,22,107,84,98,31,104,33,59" hai2="35,67,77,46,71,120,135,68,14,108,34,124,97" hai3="110,114,90,81,87,1,115,57,111,6,94,45,15"/><U96/><E130/><V82/><F120/><W80/><G1/><T53/><D74/><U40/><E40/><V20/><F108/><N who="3" m="41515" /><G57/><N who="0" m="37071" /><D0/><U123/><E123/><V91/><F135/><W134/><G15/><N who="0" m="7287" /><D30/><U23/><E11/><V43/><F124/><W122/><G45/><T105/><D105/><U101/><E84/><V85/><F68/><W8/><G8/><T56/><D127/><U100/><E100/><V3/><F3/><W118/><G6/><T18/><D51/><U92/><E92/><V55/><F67/><W7/><G7/><T125/><D125/><U12/><E12/><V79/><F71/><W54/><G54/><T58/><D56/><U119/><E119/><V86/><F55/><W13/><G13/><T4/><D4/><U29/><E29/><V129/><F129/><W99/><G134/><T121/><D121/><U39/><E39/><V52/><F43/><W2/><G2/><T28/><D28/><U117/><E117/><V38/><F38/><W78/><G118/><T21/><D21/><U36/><E36/><V133/><F133/><W72/><G122/><T60/><D60/><AGARI ba="0,0" hai="22,23,27,31,33,59,60,66,96,98,101,102,104,107" machi="60" ten="40,2000,0" yaku="9,1" doraHai="47" who="1" fromWho="0" sc="204,-20,313,20,290,0,193,0" /><INIT seed="5,1,0,2,0,76" ten="184,333,290,193" oya="1" hai0="100,125,8,4,134,36,130,17,40,111,93,91,16" hai1="124,80,73,25,26,103,31,72,32,81,70,54,135" hai2="96,122,132,1,64,15,44,99,56,74,51,33,46" hai3="104,53,12,9,95,63,47,123,115,116,68,75,107"/><U84/><E124/><V39/><F122/><W108/><G108/><T85/><D111/><U55/><E135/><V29/><F74/><W77/><G123/><T89/><D125/><U127/><E70/><V35/><F1/><W0/><G115/><T23/><D134/><U38/><E38/><V57/><F132/><W114/><G0/><T94/><D130/><U41/><E41/><V7/><F39/><W86/><G114/><T117/><D117/><U79/><E127/><V92/><F7/><W49/><G75/><T71/><D71/><U109/><E109/><V128/><F128/><W118/><G95/><T61/><D100/><U18/><E103/><V133/><F133/><W2/><G2/><T62/><D36/><U113/><E113/><V52/><F15/><W106/><G63/><T105/><D105/><U3/><E3/><V87/><F33/><W5/><G68/><T131/><D40/><U14/><E26/><V22/><F35/><W20/><G20/><T21/><D131/><U119/><E119/><V27/><F87/><W60/><G60/><T66/><D66/><U42/><E42/><V24/><F24/><W69/><REACH who="3" step="1"/><G69/><REACH who="3" ten="184,333,290,183" step="2"/><T11/><D4/><U129/><E129/><V48/><F64/><W6/><G6/><T50/><D50/><U101/><E73/><V67/><F67/><W28/><G28/><T10/><D10/><U65/><E65/><V110/><F110/><W82/><AGARI ba="1,1" hai="5,9,12,47,49,53,77,82,86,104,106,107,116,118" machi="82" ten="40,5200,0" yaku="1,1,0,1,52,1,53,0" doraHai="76" doraHaiUra="88" who="3" fromWho="3" sc="184,-14,333,-27,290,-14,183,65" /><INIT seed="6,0,0,3,2,27" ten="170,306,276,248" oya="2" hai0="101,86,89,134,39,67,129,10,76,22,84,128,78" hai1="44,72,35,126,113,69,55,94,5,8,75,57,103" hai2="90,93,31,99,82,74,53,133,23,18,49,102,6" hai3="56,130,7,51,29,20,85,116,88,117,122,120,124"/><V4/><F133/><W40/><G7/><T109/><D39/><U62/><E113/><V28/><F74/><W34/><G34/><T41/><D41/><U14/><E126/><V52/><F4/><W21/><G21/><T106/><D67/><U64/><E35/><V48/><F6/><W71/><G71/><T63/><D63/><U45/><E72/><V13/><F82/><W12/><G130/><N who="0" m="50283" /><D22/><U38/><E75/><V104/><F104/><W96/><G96/><N who="0" m="61735" /><D10/><U135/><E135/><V73/><F73/><W43/><G124/><T15/><D15/><U83/><E38/><V17/><F17/><N who="3" m="10279" /><G29/><N who="2" m="11337" /><F102/><W2/><G2/><T131/><N who="0" m="50291" /><T46/><DORA hai="80" /><D46/><U91/><E69/><V54/><AGARI ba="0,0" hai="13,18,23,48,49,52,53,54,90,93,99" m="11337" machi="54" ten="30,12000,1" yaku="8,1,52,3,54,1" doraHai="27,80" who="2" fromWho="2" sc="170,-40,306,-40,276,120,248,-40" /><INIT seed="6,1,0,1,2,46" ten="130,266,396,208" oya="2" hai0="114,5,85,117,71,120,63,80,82,14,41,19,44" hai1="50,61,111,68,90,54,88,89,86,23,84,79,59" hai2="18,95,124,104,24,64,21,53,25,105,126,70,97" hai3="55,20,42,37,47,30,17,75,127,28,107,102,33"/><V56/><F70/><W93/><G75/><T11/><D120/><U87/><E111/><V2/><F2/><W6/><G127/><N who="2" m="48681" /><F64/><W22/><G6/><T49/><D114/><U106/><E106/><V94/><F25/><W108/><G107/><N who="2" m="41033" /><F97/><W60/><G108/><T26/><D117/><U118/><E118/><V48/><AGARI ba="1,0" hai="18,21,24,48,53,56,94,95" m="41033,48681" machi="48" ten="30,3000,0" yaku="18,1,52,1" doraHai="46" who="2" fromWho="2" sc="130,-11,266,-11,396,33,208,-11" /><INIT seed="6,2,0,1,4,89" ten="119,255,429,197" oya="2" hai0="94,97,28,52,3,69,1,106,16,4,53,6,114" hai1="9,63,20,102,116,130,90,129,50,111,40,91,25" hai2="62,29,15,76,105,126,11,39,13,79,67,24,124" hai3="85,131,133,43,134,21,57,19,8,46,112,36,0"/><V31/><F105/><W121/><G121/><T100/><D69/><U77/><E77/><V5/><F39/><W73/><G73/><T30/><D114/><U64/><E9/><V103/><F103/><W17/><G112/><T135/><D135/><U26/><E102/><V54/><F54/><N who="0" m="21098" /><D3/><U22/><E116/><V2/><F79/><W23/><G0/><T109/><D106/><U120/><E120/><V96/><F96/><W41/><G41/><T68/><D68/><U38/><E38/><V98/><F98/><W75/><G57/><T110/><D109/><U10/><E10/><V34/><F76/><W82/><G75/><T118/><D110/><U119/><E119/><V32/><F62/><W78/><G131/><T132/><D118/><U58/><E111/><V14/><F67/><W87/><G87/><T56/><D132/><N who="3" m="50793" /><G8/><T104/><D104/><U125/><E125/><V95/><F95/><W101/><G101/><T70/><D70/><U81/><E129/><V99/><F99/><W42/><G43/><T33/><D33/><U37/><E37/><V48/><F48/><W60/><G60/><T86/><D1/><U18/><E81/><V61/><F61/><W71/><G71/><T47/><D86/><U51/><E130/><V128/><F128/><W107/><G107/><T59/><D47/><N who="1" m="25959" /><E51/><V44/><F44/><W7/><G7/><N who="0" m="2603" /><D16/><AGARI ba="2,0" hai="16,18,20,22,25,26,58,63,64,90,91" m="25959" machi="16" ten="30,2000,0" yaku="8,1,54,1" doraHai="89" who="1" fromWho="0" sc="119,-26,255,26,429,0,197,0" /><AGARI ba="2,0" hai="16,17,19,21,23,36,42,46,78,82,85" m="50793" machi="16" ten="30,2000,0" yaku="20,1,54,1" doraHai="89" who="3" fromWho="0" sc="93,-20,281,0,429,0,197,20" /><INIT seed="7,0,0,0,2,39" ten="73,281,429,217" oya="3" hai0="91,45,95,72,44,51,8,116,85,114,121,26,14" hai1="81,27,42,80,36,133,84,101,104,10,43,98,126" hai2="107,82,7,73,35,57,99,30,109,70,108,4,64" hai3="15,86,0,89,12,90,62,18,124,65,34,68,37"/><W55/><G34/><T118/><D121/><U113/><E36/><V130/><F130/><W94/><G0/><T75/><D114/><U6/><E113/><V103/><F57/><W131/><G37/><T63/><D75/><U110/><E110/><V119/><F4/><W21/><G131/><T1/><D1/><U61/><E126/><V97/><F97/><W41/><G124/><T128/><D128/><U100/><E133/><V122/><F122/><W127/><G127/><T9/><D72/><U58/><E27/><V3/><F119/><W77/><G77/><T52/><D116/><U33/><E33/><V32/><F109/><W59/><G41/><T76/><D118/><U69/><E101/><V46/><F46/><W23/><G89/><T24/><D76/><U66/><E80/><V74/><F82/><W129/><G129/><T115/><D115/><U83/><E83/><V47/><F47/><W17/><G68/><T50/><D63/><U2/><REACH who="1" step="1"/><E69/><REACH who="1" ten="73,271,429,217" step="2"/><V29/><F108/><W132/><G132/><T92/><D92/><U106/><E106/><V79/><F32/><W87/><G87/><T16/><REACH who="0" step="1"/><D8/><REACH who="0" ten="63,271,429,217" step="2"/><U54/><E54/><AGARI ba="0,2" hai="12,15,17,18,21,23,54,55,59,62,65,86,90,94" machi="54" ten="40,3900,0" yaku="9,1,8,1" doraHai="39" who="3" fromWho="1" sc="63,0,271,-39,429,0,217,59" /><AGARI ba="0,0" hai="9,14,16,24,26,44,45,50,51,52,54,85,91,95" machi="54" ten="30,16000,3" yaku="1,1,2,1,7,1,9,1,8,1,54,2,53,2" doraHai="39" doraHaiUra="22" who="0" fromWho="1" sc="63,160,232,-160,429,0,276,0" /><INIT seed="7,1,0,5,2,51" ten="223,72,429,276" oya="3" hai0="10,41,71,46,7,4,121,35,52,102,11,101,72" hai1="112,96,110,47,30,120,82,114,54,21,16,126,94" hai2="77,40,57,67,66,92,83,12,27,62,58,32,88" hai3="44,85,38,48,104,91,43,17,123,1,55,8,3"/><W73/><G104/><T118/><D118/><U135/><E120/><V59/><F40/><W0/><G73/><T15/><D121/><U111/><E30/><V22/><F32/><W108/><G123/><T113/><D72/><U117/><E82/><V79/><F12/><W109/><G38/><T116/><D116/><U90/><E126/><V64/><F83/><N who="3" m="49599" /><G43/><T26/><D71/><U103/><E135/><V42/><F42/><W24/><G24/><T98/><D113/><N who="1" m="43627" /><E117/><V127/><F127/><W50/><G50/><T37/><D98/><U65/><E65/><V105/><F105/><W69/><G69/><T93/><D93/><U23/><E23/><V13/><F13/><AGARI ba="1,0" hai="0,1,3,8,13,17,44,48,55,108,109" m="49599" machi="13" ten="40,3900,0" yaku="25,1,52,1" doraHai="51" who="3" fromWho="2" sc="223,0,72,0,429,-42,276,42" /><INIT seed="7,2,0,0,0,1" ten="223,72,387,318" oya="3" hai0="42,62,105,104,65,128,34,16,98,6,117,73,7" hai1="108,88,78,130,58,125,5,71,35,23,29,41,25" hai2="68,135,39,46,119,63,32,4,33,36,122,118,85" hai3="79,38,2,111,83,87,80,54,97,20,19,120,59"/><W127/><G38/><T45/><D117/><U95/><E71/><V55/><F122/><W101/><G120/><T37/><D128/><U72/><E108/><V74/><F135/><W133/><G127/><T3/><D73/><U49/><E125/><V53/><F74/><W102/><G111/><T113/><D113/><U27/><E130/><V90/><F4/><W64/><G133/><T131/><D131/><U107/><E107/><V14/><F14/><W60/><G80/><T89/><D34/><U75/><E78/><V26/><F119/><W67/><G2/><T47/><D45/><U50/><E72/><V11/><F118/><W24/><REACH who="3" step="1"/><G101/><REACH who="3" ten="223,72,387,308" step="2"/><T99/><D37/><U21/><E75/><V82/><F36/><W76/><G76/><T93/><D89/><U22/><E41/><V112/><F39/><W115/><G115/><T109/><D42/><U0/><E58/><V48/><F112/><W126/><G126/><T18/><D109/><U40/><E40/><V81/><F81/><W43/><G43/><T103/><D3/><U13/><E27/><V96/><F68/><W52/><G52/><T77/><D77/><U116/><E116/><V9/><F26/><W15/><G15/><T69/><D47/><U84/><REACH who="1" step="1"/><E13/><REACH who="1" ten="223,62,387,308" step="2"/><V8/><F55/><W100/><G100/><T44/><D44/><U70/><E70/><V66/><F66/><W91/><G91/><T86/><D65/><U10/><AGARI ba="2,2" hai="0,5,10,21,22,23,25,29,35,49,50,84,88,95" machi="10" ten="30,7900,0" yaku="1,1,0,1,52,1,54,1,53,0" doraHai="1" doraHaiUra="123" who="1" fromWho="1" sc="223,-22,62,105,387,-22,308,-41" owari="201,-20.0,167,-33.0,365,46.0,267,7.0" /></mjloggm>