<mjloggm ver="2.3"><GO type="97" lobby="0"/><UN n0="%E5%B9%B3%E7%94%B0%E8%A3%95%E9%A6%99" n1="%E3%82%A6%E3%83%AB%E3%83%88%E3%83%A9%E7%AB%8B%E7%9B%B4" n2="%4D%61%73%74%65%72" n3="%E7%BE%BD%E7%94%9F%E5%85%AB%E5%86%A0" dan="15,14,14,14" rate="2009.76,1911.08,1873.33,1904.84" sx="F,M,M,M"/><TAIKYOKU oya="0"/><INIT seed="0,0,0,5,2,71" ten="250,250,250,250" oya="0" hai0="13,32,57,6,34,4,132,77,99,3,36,78,31" hai1="72,121,20,92,67,73,65,117,101,48,22,62,33" hai2="79,50,26,120,124,130,63,133,128,53,126,107,94" hai3="56,69,61,95,68,41,54,25,14,111,129,8,15"/><T39/><D3/><U76/><E33/><N who="0" m="12905" /><D31/><U87/><E73/><V81/><F107/><W10/><G111/><T134/><D57/><U135/><E72/><N who="2" m="43239" /><F26/><W7/><G129/><N who="2" m="49769" /><F63/><W127/><G127/><N who="2" m="48681" /><F53/><W118/><G118/><T85/><D99/><U38/><E117/><V24/><F24/><W102/><G41/><T42/><D42/><U75/><E75/><V30/><F30/><W29/><G95/><T51/><D51/><U97/><E48/><V66/><F50/><W114/><G114/><T47/><D47/><U40/><E62/><V74/><F66/><W17/><REACH who="3" step="1"/><G102/><REACH who="3" ten="250,250,250,240" step="2"/><T5/><D13/><U83/><E40/><V86/><F120/><W106/><G106/><T2/><D2/><U11/><E121/><V84/><F74/><W116/><G116/><T109/><D109/><U1/><E101/><V70/><F70/><W100/><G100/><T113/><D113/><U123/><E123/><V37/><F94/><W28/><G28/><T119/><D119/><U46/><E92/><V103/><F103/><W64/><G64/><T89/><D89/><U88/><E67/><V96/><F96/><W110/><G110/><T82/><D77/><U55/><E97/><V112/><F112/><W131/><G131/><T27/><D27/><U9/><E65/><V60/><F60/><W44/><G44/><T115/><D115/><U19/><E46/><V80/><F80/><W21/><AGARI ba="0,1" hai="7,8,10,14,15,17,21,25,29,54,56,61,68,69" machi="21" ten="20,5200,0" yaku="1,1,0,1,7,1,53,1" doraHai="71" doraHaiUra="59" who="3" fromWho="3" sc="250,-26,250,-13,250,-13,240,62" /><INIT seed="1,0,0,2,2,46" ten="224,237,237,302" oya="1" hai0="102,51,60,94,13,34,89,45,105,113,93,128,23" hai1="58,55,4,71,120,3,65,62,41,92,27,36,95" hai2="9,59,75,84,26,5,19,0,69,80,6,90,91" hai3="88,7,33,112,10,1,131,109,42,35,121,73,132"/><U18/><E120/><V72/><F69/><W32/><G121/><T15/><D34/><U37/><E4/><V54/><F6/><W81/><G112/><T20/><D113/><U122/><E3/><V28/><F19/><W40/><G109/><T115/><D115/><U111/><E122/><V83/><F90/><W130/><G132/><T104/><D128/><N who="3" m="49193" /><G73/><T67/><D105/><U117/><E117/><V78/><F80/><W135/><G135/><T126/><D104/><U108/><E18/><V96/><F96/><W21/><G21/><N who="0" m="8267" /><D126/><U127/><E27/><V125/><F78/><W56/><G56/><N who="0" m="37255" /><D102/><U63/><E95/><N who="0" m="36361" /><D89/><U110/><E92/><V49/><REACH who="2" step="1"/><F125/><REACH who="2" ten="224,237,227,302" step="2"/><W82/><G82/><T77/><D77/><U124/><E37/><V61/><F61/><W52/><G81/><T43/><AGARI ba="0,1" hai="13,15,43,45,51" m="36361,37255,8267" machi="43" ten="30,2000,0" yaku="8,1,52,1" doraHai="46" who="0" fromWho="0" sc="224,30,237,-10,227,-5,302,-5" /><INIT seed="2,0,0,2,5,128" ten="254,227,222,297" oya="2" hai0="126,13,39,127,45,110,4,14,117,63,33,18,88" hai1="67,107,44,9,53,22,10,78,125,98,131,132,87" hai2="68,52,64,62,58,70,61,1,25,90,115,17,40" hai3="46,3,72,28,19,65,34,114,47,85,109,51,59"/><V89/><F115/><W75/><G114/><T79/><D33/><U104/><E67/><V7/><F40/><W86/><G3/><T60/><D79/><U106/><E98/><V113/><F113/><W20/><G28/><T100/><D100/><U119/><E119/><V48/><F68/><W81/><G34/><T108/><D117/><U92/><E131/><V71/><F71/><W135/><G109/><N who="0" m="42091" /><D4/><U56/><E44/><V12/><F12/><N who="0" m="4714" /><D18/><U50/><E125/><N who="0" m="47625" /><D88/><U80/><E22/><V83/><F62/><N who="0" m="23594" /><D45/><U84/><E92/><V103/><F103/><W116/><G116/><T123/><D39/><U29/><E29/><V122/><F122/><AGARI ba="0,0" hai="122,123" m="23594,47625,4714,42091" machi="122" ten="40,8000,1" yaku="28,2,14,1,18,1" doraHai="128" who="0" fromWho="2" sc="254,80,227,0,222,-80,297,0" /><INIT seed="3,0,0,4,3,100" ten="334,227,142,297" oya="3" hai0="117,23,50,66,58,65,35,30,114,107,36,90,111" hai1="77,87,72,28,115,102,17,128,73,47,57,18,27" hai2="60,134,37,104,51,86,89,98,74,4,110,46,61" hai3="40,71,99,42,12,95,94,76,88,11,48,54,8"/><W64/><G76/><T126/><D36/><U45/><E115/><V135/><F37/><W92/><G71/><T79/><D117/><U101/><E57/><V132/><F4/><W120/><G64/><T59/><D114/><U84/><E27/><V43/><F74/><W39/><G39/><T109/><D35/><U125/><E77/><V26/><F110/><N who="0" m="41994" /><D107/><U24/><E24/><V133/><N who="2" m="34304" /><DORA hai="122" /><V83/><REACH who="2" step="1"/><F26/><REACH who="2" ten="334,227,132,297" step="2"/><W0/><G120/><T3/><D3/><U19/><E72/><V129/><F129/><W22/><G0/><T15/><D15/><U44/><E73/><V131/><F131/><W1/><G1/><T121/><D121/><U53/><E128/><V25/><F25/><W112/><G112/><T108/><D108/><U69/><E125/><V49/><F49/><W96/><G22/><T14/><D126/><U63/><E28/><V38/><F38/><W119/><G119/><T34/><D30/><U75/><E75/><V10/><F10/><N who="3" m="3627" /><G12/><T130/><D14/><U97/><E19/><V29/><F29/><W5/><G5/><T68/><D23/><U16/><E18/><V56/><F56/><N who="3" m="32839" /><G99/><T20/><D20/><U41/><E17/><V6/><F6/><W93/><AGARI ba="0,1" hai="40,42,88,92,93,94,95,96" m="32839,3627" machi="93" ten="30,3000,0" yaku="8,1,54,1" doraHai="100,122" who="3" fromWho="3" sc="334,-10,227,-10,132,-10,297,40" owari="324,12.0,217,-18.0,122,-38.0,337,44.0" /></mjloggm>