<mjloggm ver="2.3"><GO type="41" lobby="0"/><UN n0="%E3%82%A6%E3%83%AB%E3%83%88%E3%83%A9%E7%AB%8B%E7%9B%B4" n1="%E3%81%AF%E3%81%90%E3%82%8A%E3%82%93%EF%BC%A0" n2="%E3%82%B1%E3%82%BA%E3%83%AB" n3="%E4%B8%89%E9%BA%BB%E4%BA%AD%E6%9F%93%E5%A4%AA%E9%83%8E" dan="15,18,13,15" rate="2034.69,2053.36,1912.87,2063.90" sx="M,M,M,M"/><TAIKYOKU oya="0"/><INIT seed="0,0,0,1,1,107" ten="250,250,250,250" oya="0" hai0="59,16,31,5,36,24,40,78,128,74,91,116,27" hai1="32,100,71,3,66,69,58,41,96,108,2,89,33" hai2="38,80,72,103,117,63,21,121,43,18,110,29,51" hai3="131,4,93,127,123,60,11,28,104,68,50,135,129"/><T65/><D116/><U87/><E108/><V20/><F121/><W113/><G104/><T73/><D5/><U45/><E58/><V48/><F110/><W25/><G113/><T88/><D128/><N who="3" m="49225" /><G93/><T126/><D126/><U92/><E32/><V55/><F117/><W56/><G127/><T37/><D78/><U34/><E33/><V101/><F38/><W75/><G68/><T7/><D7/><U42/><E34/><V14/><F72/><N who="0" m="27754" /><D40/><U35/><E35/><V125/><F125/><W95/><G75/><T17/><D59/><U62/><E69/><V83/><F43/><W13/><G123/><T85/><D85/><U114/><E114/><V26/><F63/><W46/><G95/><T22/><D65/><U39/><REACH who="1" step="1"/><E42/><REACH who="1" ten="250,240,250,250" step="2"/><V30/><F30/><W98/><G28/><T67/><D31/><U102/><E102/><V61/><F103/><W54/><G56/><T111/><D67/><U0/><E0/><V122/><F101/><W90/><G60/><T94/><D111/><U79/><E79/><V77/><F122/><W6/><G54/><T64/><D64/><U53/><E53/><V132/><F77/><W115/><G115/><T82/><D94/><AGARI ba="0,1" hai="2,3,39,41,45,62,66,71,87,89,92,94,96,100" machi="94" ten="30,2000,0" yaku="1,1,7,1,53,0" doraHai="107" doraHaiUra="112" who="1" fromWho="0" sc="250,-20,240,30,250,0,250,0" /><INIT seed="1,0,0,3,0,98" ten="230,270,250,250" oya="1" hai0="118,75,112,117,92,83,97,108,119,29,27,45,64" hai1="65,106,63,70,131,26,38,53,91,42,73,102,129" hai2="124,130,128,7,122,87,100,22,90,47,105,50,13" hai3="71,115,41,37,59,36,93,79,4,107,34,69,82"/><U21/><E73/><V19/><F122/><W30/><G107/><T17/><D112/><U134/><E134/><V121/><F121/><W67/><G115/><T101/><D108/><U3/><E3/><V32/><F32/><W55/><G4/><T66/><D17/><U12/><E12/><V10/><F124/><W60/><G93/><T25/><D25/><U54/><E91/><V114/><F114/><W39/><G30/><T24/><D24/><U28/><E42/><V16/><F105/><W33/><G34/><T44/><D44/><U111/><E38/><V123/><F123/><W133/><G33/><T8/><D8/><U49/><E111/><V104/><F104/><W109/><G109/><T135/><D135/><U62/><E62/><V88/><F100/><W84/><G133/><T126/><D126/><U113/><E113/><V89/><F87/><W81/><G41/><T86/><D45/><U85/><E85/><V46/><F46/><W48/><REACH who="3" step="1"/><G82/><REACH who="3" ten="230,270,250,240" step="2"/><T78/><REACH who="0" step="1"/><D75/><REACH who="0" ten="220,270,250,240" step="2"/><U96/><E28/><V72/><F72/><W35/><G35/><AGARI ba="0,2" hai="27,29,35,64,66,78,83,86,92,97,101,117,118,119" machi="35" ten="40,5200,0" yaku="1,1,2,1,52,1,53,0" doraHai="98" doraHaiUra="58" who="0" fromWho="3" sc="220,72,270,0,250,0,240,-52" /><INIT seed="2,0,0,0,4,107" ten="292,270,250,188" oya="2" hai0="105,22,93,88,92,71,109,96,14,58,56,33,46" hai1="23,120,21,128,10,125,1,75,80,30,2,112,44" hai2="110,66,0,119,133,53,12,70,116,127,15,108,8" hai3="41,65,86,104,38,85,106,27,36,103,34,118,124"/><V43/><F43/><W131/><G118/><T9/><D33/><U123/><E112/><V3/><F70/><W111/><G124/><T130/><D105/><U32/><E44/><V64/><F8/><W55/><G65/><T100/><D71/><U74/><E80/><V113/><F127/><W29/><G111/><T31/><D109/><U84/><E125/><V82/><F82/><W26/><G131/><T69/><D69/><U62/><E84/><V25/><F25/><W78/><G78/><T98/><D130/><U95/><E128/><V90/><F90/><W51/><G41/><T54/><D46/><U39/><E95/><V5/><F5/><W6/><G6/><T99/><D99/><U67/><E39/><V77/><F77/><W35/><G55/><T81/><D81/><U28/><E10/><V16/><F53/><W59/><G59/><T47/><D47/><U17/><E32/><V126/><F126/><W52/><G52/><T19/><D54/><U45/><E45/><V122/><F122/><W7/><G7/><T40/><D40/><U83/><E83/><V101/><F101/><W11/><G103/><T114/><D114/><U68/><E68/><V50/><F50/><W61/><G11/><T89/><D100/><U117/><E67/><V91/><F91/><W76/><G76/><T132/><D132/><U13/><E13/><V135/><F113/><W60/><REACH who="3" step="1"/><G51/><REACH who="3" ten="292,270,250,178" step="2"/><T18/><D31/><AGARI ba="0,1" hai="26,27,29,31,34,35,36,38,60,61,85,86,104,106" machi="31" ten="25,6400,0" yaku="1,1,2,1,22,2,53,0" doraHai="107" doraHaiUra="134" who="3" fromWho="0" sc="292,-64,270,0,250,0,178,74" /><INIT seed="3,0,0,0,3,83" ten="228,270,250,252" oya="3" hai0="100,28,116,65,89,19,110,91,106,57,2,121,108" hai1="34,123,105,109,66,20,126,80,79,102,96,131,56" hai2="61,5,124,95,51,63,3,128,25,40,6,73,10" hai3="53,81,75,82,38,55,43,115,26,1,93,45,103"/><W46/><G1/><T29/><D2/><U64/><E109/><N who="0" m="42089" /><D121/><U14/><E34/><V77/><F128/><W94/><G115/><T42/><D42/><U98/><E123/><V49/><F124/><W37/><G26/><T62/><D116/><U134/><E126/><V50/><F6/><W129/><G129/><T86/><D100/><U36/><E36/><V17/><F40/><W12/><G43/><T41/><D41/><U8/><E131/><V21/><F77/><W104/><G12/><T119/><D106/><U59/><E134/><V132/><F73/><W112/><G103/><T16/><D119/><U23/><E98/><V88/><REACH who="2" step="1"/><F132/><REACH who="2" ten="228,270,240,252" step="2"/><W54/><G75/><T27/><D91/><U47/><E79/><V78/><F78/><W118/><G118/><T135/><D135/><U22/><E102/><V125/><F125/><W74/><G74/><T15/><D15/><U72/><E14/><V122/><F122/><W97/><G112/><T85/><D89/><U117/><E117/><V35/><F35/><W70/><G37/><T7/><D7/><U111/><E111/><V114/><F114/><W99/><G38/><T44/><D27/><U18/><E72/><V101/><F101/><N who="3" m="60591" /><G104/><T84/><D44/><N who="3" m="17001" /><G70/><T113/><D113/><U130/><E105/><V52/><F52/><W32/><G32/><T24/><D24/><U107/><E107/><V76/><F76/><W90/><AGARI ba="0,1" hai="53,54,55,81,82,90,94,99" m="17001,60591" machi="90" ten="30,1500,0" yaku="8,1" doraHai="83" who="3" fromWho="3" sc="228,-5,270,-5,240,-5,252,25" /><INIT seed="3,1,0,4,2,44" ten="223,265,235,277" oya="3" hai0="72,90,79,121,88,25,130,132,73,126,108,41,129" hai1="71,64,43,102,59,92,47,114,3,38,106,24,96" hai2="0,80,15,97,63,68,134,128,39,57,76,11,42" hai3="84,103,17,87,21,107,33,74,70,112,35,109,51"/><W85/><G74/><N who="0" m="28779" /><D25/><U31/><E114/><V115/><F115/><W116/><G116/><T75/><D41/><U111/><E111/><V133/><F128/><N who="0" m="49258" /><D121/><U66/><E66/><V9/><F68/><W91/><G112/><T2/><D2/><U23/><E3/><V93/><F42/><W98/><G70/><T89/><D108/><U99/><E71/><V118/><F39/><W27/><G109/><T100/><D126/><U58/><E64/><V105/><F105/><W61/><G61/><T113/><D113/><U10/><E10/><V55/><F118/><W1/><G1/><T56/><D56/><U54/><E54/><V50/><F63/><W26/><G27/><T32/><D32/><U123/><E123/><V6/><F80/><W83/><G35/><T135/><D100/><AGARI ba="1,0" hai="23,24,31,38,43,47,58,59,92,96,99,100,102,106" machi="100" ten="30,1000,0" yaku="7,1" doraHai="44" who="1" fromWho="0" sc="223,-13,265,13,235,0,277,0" /><INIT seed="4,0,0,1,2,76" ten="210,278,235,277" oya="0" hai0="27,110,57,127,0,42,122,48,2,88,66,91,115" hai1="37,3,33,108,87,46,100,121,12,24,81,28,130" hai2="133,97,32,77,17,134,65,21,64,105,67,82,9" hai3="117,106,47,131,31,60,26,8,78,69,119,20,19"/><T49/><D122/><U25/><E121/><V112/><F32/><W111/><G106/><T84/><D110/><U59/><E108/><V113/><F105/><W94/><G111/><T56/><D127/><U43/><E3/><V5/><F97/><W30/><G131/><T44/><D115/><U13/><E130/><V53/><F53/><W128/><G128/><T58/><D66/><U85/><E100/><V135/><F17/><W1/><G47/><T38/><D27/><U80/><E59/><V14/><REACH who="2" step="1"/><F21/><REACH who="2" ten="210,278,225,277" step="2"/><W29/><G117/><T124/><D124/><U51/><E33/><V22/><F22/><W73/><G119/><T102/><D102/><U125/><E125/><V109/><F109/><W132/><G20/><T36/><D91/><U72/><E28/><V95/><F95/><W39/><G19/><T114/><D114/><U68/><E43/><V40/><F40/><W103/><G94/><T35/><D35/><U118/><E118/><V96/><F96/><W74/><G29/><T62/><D62/><U41/><E41/><V92/><F92/><W70/><G31/><T15/><D49/><U23/><E51/><V129/><F129/><W123/><G30/><T120/><D120/><U7/><E23/><V79/><F79/><W116/><G78/><T6/><D38/><U50/><E37/><V75/><AGARI ba="0,1" hai="5,9,14,64,65,67,75,77,82,112,113,133,134,135" machi="75" ten="40,8000,1" yaku="1,1,0,1,20,1,52,1,53,0" doraHai="76" doraHaiUra="52" who="2" fromWho="2" sc="210,-40,278,-20,225,90,277,-20" /><INIT seed="5,0,0,1,3,61" ten="170,258,315,257" oya="1" hai0="43,22,10,110,17,33,19,97,3,90,75,25,50" hai1="78,73,20,125,122,23,34,71,113,29,107,126,127" hai2="104,41,96,81,9,42,102,11,58,131,99,132,57" hai3="35,30,14,116,114,45,88,49,121,93,0,109,130"/><U135/><E107/><V8/><F132/><W36/><G121/><T106/><D75/><U76/><E122/><V2/><F2/><W79/><G116/><T67/><D110/><U15/><E135/><V72/><F131/><W1/><G109/><T134/><D134/><U95/><E113/><V60/><F58/><W98/><G36/><T7/><D106/><U86/><E73/><V52/><REACH who="2" step="1"/><F99/><REACH who="2" ten="170,258,305,257" step="2"/><W124/><G130/><T77/><D97/><U69/><E69/><V108/><F108/><W48/><G0/><T66/><D33/><U40/><E71/><V101/><F101/><W112/><G1/><T91/><D77/><AGARI ba="0,1" hai="8,9,11,41,42,52,57,60,72,77,81,96,102,104" machi="77" ten="40,2600,0" yaku="1,1,54,1,53,0" doraHai="61" doraHaiUra="31" who="2" fromWho="0" sc="170,-26,258,0,305,36,257,0" /><INIT seed="6,0,0,3,1,5" ten="144,258,341,257" oya="2" hai0="108,36,56,116,42,67,87,27,26,46,19,124,62" hai1="80,0,69,127,73,51,119,114,94,79,100,41,57" hai2="47,18,52,68,64,122,72,21,113,91,22,11,48" hai3="58,117,37,34,89,106,110,24,40,49,29,135,33"/><V129/><F122/><W118/><G110/><T35/><D108/><U109/><E119/><V55/><F113/><W86/><G135/><T125/><D35/><U131/><E109/><V38/><F38/><W71/><G106/><T96/><D96/><U98/><E114/><V61/><F72/><W25/><G71/><T53/><D87/><U16/><E69/><V54/><F129/><W28/><G37/><T84/><D84/><U13/><E127/><V60/><F91/><W111/><G111/><T12/><D116/><U78/><E0/><V65/><F11/><W20/><G20/><T82/><D82/><U43/><E131/><V83/><F83/><W59/><G59/><T93/><D93/><U17/><E17/><V9/><F9/><W134/><G134/><T81/><D81/><U92/><E79/><V121/><F121/><W132/><G132/><T85/><D85/><U14/><E14/><V76/><F76/><W10/><G10/><T128/><D128/><U50/><E94/><V105/><F105/><W44/><REACH who="3" step="1"/><G58/><REACH who="3" ten="144,258,341,247" step="2"/><T88/><D125/><U39/><E57/><V90/><F90/><W31/><G31/><T2/><D88/><U97/><E39/><V123/><F123/><W23/><G23/><T66/><D124/><U126/><E126/><V63/><F68/><W7/><G7/><T133/><D133/><U70/><E70/><V115/><F115/><W8/><G8/><N who="0" m="6535" /><D2/><U99/><E78/><V6/><F6/><W103/><G103/><T30/><D30/><U4/><E100/><V77/><F77/><W101/><G101/><T104/><D104/><RYUUKYOKU ba="0,1" sc="144,15,258,-15,341,-15,247,15" hai0="26,27,36,42,46,53,56,62,66,67" hai3="24,25,28,29,33,34,40,44,49,86,89,117,118" /><INIT seed="7,1,1,3,4,108" ten="159,243,326,262" oya="3" hai0="6,81,32,22,79,55,27,51,64,49,16,105,124" hai1="13,43,24,96,74,77,130,111,92,87,106,98,86" hai2="20,104,3,36,17,122,34,42,14,129,132,94,120" hai3="10,126,121,53,83,9,7,84,133,23,85,97,93"/><W52/><G121/><N who="2" m="46697" /><F104/><W37/><G37/><T78/><D105/><U44/><E111/><V82/><F3/><W1/><G126/><T50/><D124/><U119/><E130/><V61/><F34/><W67/><G133/><T73/><D32/><U75/><E119/><V115/><F115/><W113/><G113/><T68/><D6/><U109/><E109/><V28/><F28/><W54/><G10/><T58/><D68/><U45/><E45/><N who="2" m="23751" /><F132/><W21/><G67/><T118/><D118/><U99/><E24/><V116/><F116/><W30/><G30/><T72/><REACH who="0" step="1"/><D64/><REACH who="0" ten="149,243,326,262" step="2"/><U4/><E106/><V123/><F123/><W128/><G128/><T91/><D91/><U12/><E4/><V41/><F129/><W89/><REACH who="3" step="1"/><G85/><REACH who="3" ten="149,243,326,252" step="2"/><T38/><D38/><U63/><E86/><V25/><F17/><W69/><G69/><T5/><D5/><U110/><E87/><V60/><F41/><W125/><G125/><T100/><D100/><AGARI ba="1,3" hai="1,7,9,21,23,52,53,54,83,84,89,93,97,100" machi="100" ten="40,7700,0" yaku="1,1,54,1,53,1" doraHai="108" doraHaiUra="33" who="3" fromWho="0" sc="149,-80,243,0,326,0,252,110" owari="69,-43.0,243,-16.0,326,13.0,362,46.0" /></mjloggm>