<mjloggm ver="2.3"><GO type="97" lobby="0"/><UN n0="%E3%83%AA%E3%82%B3%E3%83%AB%E3%82%B9" n1="%79%61%73%61%62%75%72%6F" n2="%E3%82%A6%E3%83%AB%E3%83%88%E3%83%A9%E7%AB%8B%E7%9B%B4" n3="%4A%2E%63%6F%6D%40%4B%31" dan="13,14,13,13" rate="1886.81,1967.67,1869.82,1823.86" sx="M,M,M,F"/><TAIKYOKU oya="0"/><INIT seed="0,0,0,5,1,22" ten="250,250,250,250" oya="0" hai0="118,47,106,14,95,112,10,125,77,93,102,7,79" hai1="27,109,53,134,67,89,56,94,123,66,131,29,88" hai2="5,72,103,19,11,127,46,50,70,101,111,98,122" hai3="84,32,129,26,120,78,82,17,75,59,108,87,25"/><T30/><D112/><U60/><E123/><V132/><F72/><W51/><G108/><T116/><D125/><U40/><E109/><V62/><F122/><W130/><G120/><T117/><D106/><U28/><E131/><N who="3" m="50186" /><G32/><T80/><D47/><U99/><E134/><V76/><F111/><W21/><G25/><T86/><D77/><U55/><E28/><V18/><F127/><W73/><G73/><T2/><D102/><U100/><E40/><V71/><F132/><W54/><AGARI ba="0,0" hai="17,21,26,51,54,59,75,78,82,84,87" m="50186" machi="54" ten="30,2000,0" yaku="19,1,52,1" doraHai="22" who="3" fromWho="3" sc="250,-10,250,-5,250,-5,250,20" /><INIT seed="1,0,0,2,0,1" ten="240,245,245,270" oya="1" hai0="102,96,72,52,74,109,21,7,89,79,122,93,101" hai1="64,86,113,10,119,115,120,135,59,124,63,44,42" hai2="97,51,71,19,13,27,125,73,25,28,99,70,90" hai3="107,123,49,58,61,18,127,6,43,37,108,121,40"/><U69/><E10/><V116/><F73/><W84/><G107/><T106/><D102/><U22/><E22/><V46/><F116/><W60/><G108/><T114/><D114/><U94/><E94/><V16/><F125/><W17/><G127/><T88/><D89/><U118/><E86/><V29/><F71/><W2/><G84/><N who="0" m="52359" /><D109/><U56/><E124/><V131/><F70/><W4/><G2/><T126/><D72/><U39/><E135/><V104/><F104/><W20/><G37/><T57/><D21/><U129/><E129/><V11/><F131/><W41/><G20/><T68/><D68/><U32/><E32/><V30/><F19/><N who="3" m="7179" /><G49/><N who="0" m="30863" /><D122/><N who="3" m="46601" /><G58/><N who="1" m="22058" /><E120/><V87/><F87/><W54/><G54/><T92/><D92/><U110/><E110/><V66/><F90/><W38/><G38/><T50/><D50/><U117/><AGARI ba="0,0" hai="39,42,44,63,64,69,113,115,117,118,119" m="22058" machi="117" ten="40,3900,0" yaku="34,2" doraHai="1" who="1" fromWho="1" sc="240,-13,245,39,245,-13,270,-13" /><INIT seed="1,1,0,0,4,116" ten="227,284,232,257" oya="1" hai0="114,83,33,115,67,20,98,120,44,108,63,26,16" hai1="34,53,105,123,59,77,89,99,13,8,6,119,69" hai2="68,11,132,73,5,96,109,74,133,17,90,78,9" hai3="52,135,10,101,66,124,126,95,30,80,49,42,87"/><U14/><E69/><V82/><F68/><W46/><G135/><N who="2" m="51785" /><F109/><W76/><G66/><T48/><D108/><U85/><E119/><V31/><F31/><W65/><G65/><T75/><D33/><U60/><E34/><V47/><F47/><N who="3" m="27711" /><G30/><T93/><D83/><U43/><E43/><V22/><F73/><W24/><G24/><T37/><D37/><U110/><E110/><V81/><F5/><W122/><G10/><T97/><D75/><U112/><E112/><V94/><F82/><W23/><G23/><T127/><D127/><N who="3" m="48681" /><G95/><T7/><D7/><U28/><E28/><V118/><F118/><W56/><G56/><T91/><D97/><U84/><E77/><V129/><F129/><W128/><G101/><T86/><D98/><U35/><E35/><V39/><F39/><N who="3" m="21855" /><G128/><T12/><D26/><AGARI ba="1,0" hai="9,11,17,22,26,74,78,81,90,94,96" m="51785" machi="26" ten="30,1000,0" yaku="20,1" doraHai="116" who="2" fromWho="0" sc="227,-13,284,0,232,13,257,0" /><INIT seed="2,0,0,2,0,85" ten="214,284,245,257" oya="2" hai0="11,44,25,15,62,56,83,9,75,126,30,105,86" hai1="69,7,39,74,100,121,117,33,13,84,112,61,58" hai2="54,76,113,3,89,34,93,50,12,28,21,109,47" hai3="65,70,23,64,52,102,48,72,67,96,49,16,60"/><V51/><F3/><W99/><G72/><T118/><D75/><U31/><E117/><V111/><F113/><W29/><G29/><T1/><D105/><U46/><E74/><V10/><F76/><W127/><G127/><T53/><D118/><U92/><E112/><V106/><F106/><W98/><G102/><T132/><D132/><U101/><E69/><V124/><F34/><W91/><G91/><T71/><D126/><U37/><E121/><V130/><F124/><W4/><G4/><T110/><D110/><N who="2" m="41994" /><F130/><W134/><G134/><T20/><D1/><U116/><E116/><V68/><F68/><W6/><G6/><T5/><D71/><U8/><E31/><V63/><F21/><W129/><G129/><T55/><D11/><U81/><E33/><V95/><F95/><W32/><G32/><T87/><D87/><U36/><E92/><V38/><F28/><W40/><G40/><T19/><D30/><U128/><E46/><V120/><F120/><W35/><G35/><T107/><D107/><U125/><E128/><V115/><F115/><W26/><REACH who="3" step="1"/><G49/><REACH who="3" ten="214,284,245,247" step="2"/><T114/><D114/><U135/><E135/><V0/><F51/><W24/><G24/><T18/><D25/><U57/><E125/><V2/><F2/><W22/><G22/><T122/><D122/><U82/><E39/><V108/><F0/><W59/><AGARI ba="0,1" hai="16,23,26,48,52,59,60,64,65,67,70,96,98,99" machi="59" ten="30,7900,0" yaku="1,1,0,1,54,2,53,0" doraHai="85" doraHaiUra="79" who="3" fromWho="3" sc="214,-20,284,-20,245,-39,247,89" /><INIT seed="3,0,0,4,1,107" ten="194,264,206,336" oya="3" hai0="57,80,101,56,79,114,23,32,21,84,64,52,91" hai1="58,28,89,39,86,121,65,31,35,29,73,37,103" hai2="135,8,25,17,3,70,11,26,110,112,122,12,125" hai3="77,134,10,22,68,127,93,53,7,102,90,15,81"/><W20/><G68/><T43/><D32/><U116/><E121/><V99/><F110/><W130/><G130/><T132/><D132/><U13/><E35/><V38/><F38/><W104/><G134/><T63/><D43/><U30/><N who="1" m="7680" /><DORA hai="9" /><U1/><E1/><V46/><F70/><W133/><G133/><T115/><D101/><U16/><E73/><V4/><F135/><W131/><G131/><T129/><D129/><U76/><E76/><V98/><F112/><N who="0" m="43050" /><D79/><U66/><E103/><V75/><F75/><W55/><G127/><T71/><D71/><U41/><E41/><V61/><F125/><W87/><G104/><T117/><D117/><U74/><E74/><V124/><F124/><W47/><G102/><T94/><D80/><U33/><E33/><V97/><F122/><W106/><G106/><T44/><D44/><U51/><E116/><V67/><F46/><W0/><G0/><T69/><D69/><U113/><E113/><V108/><F108/><W78/><G78/><T14/><D14/><U54/><E39/><V126/><F126/><W88/><G90/><T42/><D42/><U95/><E37/><V18/><F3/><W2/><G2/><T72/><D72/><U119/><E119/><V123/><F123/><W85/><G53/><T128/><D128/><U120/><E120/><V62/><F4/><W19/><G19/><N who="2" m="7177" /><F12/><W36/><G36/><T24/><D24/><N who="2" m="9322" /><F67/><W5/><G5/><T49/><AGARI ba="0,0" hai="21,23,49,52,56,57,63,64,84,91,94" m="43050" machi="49" ten="30,2000,0" yaku="11,1,54,1" doraHai="107,9" who="0" fromWho="0" sc="194,20,264,-5,206,-5,336,-10" owari="214,-19.0,259,6.0,201,-30.0,326,43.0" /></mjloggm>