<mjloggm ver="2.3"><GO type="97" lobby="0"/><UN n0="%E3%82%A6%E3%83%AB%E3%83%88%E3%83%A9%E7%AB%8B%E7%9B%B4" n1="%70%69%6B%6F%72%69%6E" n2="%66%61%6D%69%63%6F" n3="%E6%B0%B8%E9%81%A0%E3%81%AB%E3%81%92%E3%82%93%E3%81%9F%E3%82%8D" dan="15,14,13,13" rate="1970.41,1957.31,1883.83,1855.30" sx="M,M,F,M"/><TAIKYOKU oya="0"/><INIT seed="0,0,0,1,4,8" ten="250,250,250,250" oya="0" hai0="27,5,31,19,46,38,80,29,106,70,86,20,100" hai1="23,54,58,102,85,120,49,97,52,132,26,122,33" hai2="1,75,116,92,98,130,107,112,128,78,133,34,61" hai3="88,113,94,123,43,62,129,6,96,32,3,114,21"/><T56/><D70/><U118/><E118/><V104/><F61/><W41/><G32/><T68/><D68/><U79/><E33/><V42/><F42/><W131/><G123/><T117/><D117/><U17/><E132/><V101/><F1/><W124/><G124/><T73/><D73/><U125/><E125/><V50/><F50/><W103/><G62/><T83/><D106/><N who="2" m="40490" /><F34/><W16/><G103/><T95/><D5/><U74/><E74/><V7/><F7/><W108/><G108/><T67/><D46/><U69/><E69/><V81/><F116/><W119/><G119/><T111/><D38/><U110/><E110/><V77/><F133/><W135/><G135/><T71/><D71/><U11/><E11/><V10/><F10/><N who="3" m="2399" /><G113/><T82/><D111/><U15/><E15/><V59/><F59/><W37/><G37/><T14/><D27/><U91/><E79/><N who="2" m="30219" /><F112/><W63/><G63/><T44/><D44/><U89/><E54/><V57/><F57/><W127/><G127/><T48/><D67/><U30/><E30/><N who="0" m="11273" /><D56/><U109/><E109/><V18/><F18/><W60/><G114/><T90/><D48/><U39/><E39/><V76/><AGARI ba="0,0" hai="75,76,81,92,98,101,128,130" m="30219,40490" machi="76" ten="40,2700,0" yaku="34,2" doraHai="8" who="2" fromWho="2" sc="250,-13,250,-7,250,27,250,-7" /><INIT seed="1,0,0,0,5,78" ten="237,243,277,243" oya="1" hai0="134,105,112,71,85,41,46,47,7,35,28,59,74" hai1="94,21,100,43,23,50,111,60,40,61,58,102,14" hai2="120,33,80,124,89,52,129,18,73,110,75,22,92" hai3="79,64,98,32,54,121,1,34,88,133,135,90,56"/><U55/><E111/><V130/><F33/><W109/><G121/><T17/><D74/><U70/><E70/><V123/><F110/><W127/><G109/><T84/><D71/><U104/><E104/><V29/><F29/><W67/><G1/><T0/><D105/><U108/><E108/><V131/><F52/><W12/><G79/><T96/><D7/><U72/><E72/><N who="2" m="27723" /><F22/><W44/><G127/><T107/><D0/><U95/><E95/><V68/><F18/><W115/><G115/><T38/><D28/><U63/><E102/><V65/><F65/><N who="3" m="25163" /><G44/><T57/><D35/><N who="3" m="13353" /><G98/><T36/><D96/><U4/><E23/><V13/><F13/><W31/><G12/><T99/><D99/><N who="1" m="59511" /><E21/><V15/><F15/><W128/><G128/><T11/><D107/><U86/><E86/><N who="2" m="50375" /><F68/><W51/><G31/><T45/><D38/><U117/><E117/><V30/><F30/><W62/><G62/><N who="1" m="15874" /><U77/><DORA hai="37" /><E77/><V49/><F49/><W2/><G2/><T93/><D36/><U83/><E83/><V125/><F92/><W9/><G9/><AGARI ba="0,0" hai="4,9,14,40,43,50,55,58" m="15874,59511" machi="9" ten="30,5800,0" yaku="8,1,52,2" doraHai="78,37" who="1" fromWho="3" sc="237,0,243,58,277,0,243,-58" /><INIT seed="1,1,0,0,5,67" ten="237,301,277,185" oya="1" hai0="48,86,29,84,68,33,135,46,133,111,51,128,55" hai1="17,117,62,40,100,12,28,11,134,80,18,119,61" hai2="93,97,131,21,0,78,114,37,96,9,95,94,42" hai3="74,66,5,107,39,65,72,3,24,90,60,122,41"/><U92/><E134/><N who="0" m="51209" /><D29/><U53/><E40/><V13/><F21/><W104/><G104/><T38/><D33/><U2/><E2/><V69/><F69/><W7/><G107/><T99/><D38/><U89/><E100/><V36/><F0/><W124/><G39/><T59/><D111/><U6/><E28/><V132/><F132/><W76/><G74/><T32/><D32/><U35/><E35/><V75/><F114/><W44/><G72/><T16/><D128/><U64/><E64/><V101/><F131/><W57/><G3/><T31/><D31/><U77/><E119/><V52/><F42/><W47/><G41/><N who="0" m="24655" /><D99/><U20/><E117/><V1/><F1/><W22/><G122/><T82/><D82/><U109/><E109/><V25/><F25/><W126/><G76/><T103/><D103/><U112/><E112/><V125/><F78/><W81/><G66/><T30/><D30/><U15/><E6/><N who="3" m="2058" /><G126/><T129/><D129/><U106/><E106/><V56/><F75/><W71/><G124/><T108/><D108/><U63/><E53/><V115/><F115/><W91/><G81/><T10/><D68/><U121/><E121/><V43/><F43/><W34/><G71/><T70/><D70/><U19/><E19/><N who="2" m="8623" /><F125/><W27/><G34/><T58/><D58/><U14/><E14/><AGARI ba="1,0" hai="10,14,16,51,55,59,84,86" m="24655,51209" machi="14" ten="30,2000,0" yaku="20,1,54,1" doraHai="67" who="0" fromWho="1" sc="237,23,301,-23,277,0,185,0" /><INIT seed="2,0,0,5,1,52" ten="260,278,277,185" oya="2" hai0="95,103,115,5,30,131,123,14,78,124,0,110,58" hai1="40,113,109,53,120,19,92,116,67,11,68,32,118" hai2="28,12,94,71,83,97,23,25,85,29,6,74,75" hai3="86,82,77,106,89,125,66,91,119,7,54,122,88"/><V48/><F71/><W51/><G119/><T50/><D0/><U42/><E113/><V132/><F132/><W111/><G122/><T112/><D123/><U45/><E32/><V87/><F29/><W100/><G111/><T79/><D110/><U49/><E120/><V18/><F6/><W134/><G134/><T93/><D124/><U98/><E109/><V76/><F48/><W80/><G125/><T135/><D131/><U33/><E33/><V34/><REACH who="2" step="1"/><F75/><REACH who="2" ten="260,278,267,185" step="2"/><W84/><G7/><T61/><D135/><U129/><E129/><V72/><F72/><W126/><G126/><T114/><D30/><U15/><E118/><V59/><F59/><W117/><G117/><T107/><D50/><U70/><E116/><V16/><F16/><W22/><G22/><T24/><D5/><U128/><E128/><V62/><F62/><W90/><G66/><T121/><D61/><U21/><E70/><V1/><F1/><W20/><G20/><T63/><D63/><U69/><E69/><V104/><F104/><W60/><G60/><T4/><D121/><U81/><E68/><V73/><F73/><N who="3" m="43055" /><G51/><T41/><D58/><U108/><E67/><V99/><F99/><N who="3" m="61727" /><G54/><T38/><D114/><U3/><E108/><V17/><F17/><W57/><G57/><T43/><D115/><U35/><E35/><V102/><AGARI ba="0,1" hai="12,18,23,25,28,34,74,76,83,85,87,94,97,102" machi="102" ten="20,3900,0" yaku="1,1,0,1,7,1,53,0" doraHai="52" doraHaiUra="44" who="2" fromWho="2" sc="260,-13,278,-13,267,49,185,-13" /><INIT seed="2,1,0,1,0,119" ten="247,265,316,172" oya="2" hai0="92,62,18,40,69,107,9,100,65,116,32,56,49" hai1="57,72,43,111,13,59,135,126,90,44,113,108,48" hai2="42,102,98,0,85,19,103,16,53,128,130,121,97" hai3="50,39,33,28,78,26,105,86,124,81,96,66,129"/><V8/><F85/><W4/><G39/><T6/><D32/><U112/><E72/><V7/><F53/><W87/><G124/><T45/><D107/><U73/><E73/><V3/><F42/><W52/><G129/><N who="2" m="49769" /><F121/><W21/><G86/><T91/><D100/><N who="2" m="38442" /><F3/><W120/><G120/><T131/><D131/><U22/><E126/><V109/><F109/><N who="1" m="42057" /><E90/><V88/><F98/><W79/><G105/><T51/><D116/><U104/><E104/><V132/><F132/><W55/><G96/><T74/><D74/><U93/><E93/><AGARI ba="1,0" hai="0,7,8,16,19,88,93,97" m="38442,49769" machi="93" ten="30,5800,0" yaku="19,1,54,2" doraHai="119" who="2" fromWho="1" sc="247,0,265,-61,316,61,172,0" /><INIT seed="2,2,0,2,1,80" ten="247,204,377,172" oya="2" hai0="82,77,57,8,27,86,99,12,107,66,132,50,71" hai1="129,47,53,26,85,110,21,124,111,41,36,58,96" hai2="42,104,52,22,48,60,44,98,84,109,2,11,3" hai3="118,32,68,101,76,13,20,62,105,28,78,59,125"/><V92/><F109/><N who="1" m="41481" /><E129/><V9/><F104/><W122/><G122/><T102/><D132/><U113/><E96/><V116/><F116/><W46/><G118/><T119/><D119/><U81/><E124/><V16/><F3/><W130/><G130/><T95/><D71/><U23/><E113/><V127/><F2/><W100/><G125/><T115/><D115/><U54/><E23/><V4/><F4/><W89/><G68/><T87/><D27/><U79/><E58/><N who="2" m="34887" /><F84/><W123/><G123/><T135/><D135/><U15/><E15/><N who="2" m="9503" /><F127/><W19/><G105/><T97/><D97/><U29/><AGARI ba="2,0" hai="21,26,29,36,41,47,53,54,79,81,85" m="41481" machi="29" ten="30,2000,0" yaku="14,1,52,1" doraHai="80" who="1" fromWho="1" sc="247,-7,204,26,377,-12,172,-7" /><INIT seed="3,0,0,1,0,20" ten="240,230,365,165" oya="3" hai0="131,86,122,25,74,130,42,91,99,94,60,84,106" hai1="28,11,37,133,85,102,23,125,123,48,4,87,79" hai2="35,70,3,13,76,50,19,90,9,63,69,18,116" hai3="40,88,92,67,47,54,101,128,105,44,119,22,82"/><W61/><G119/><T30/><D42/><U8/><E123/><V95/><F35/><W65/><G128/><N who="0" m="49195" /><D74/><U83/><E37/><V0/><F76/><W29/><G105/><T73/><D73/><U45/><E133/><V57/><F50/><N who="3" m="26887" /><G101/><N who="0" m="62783" /><D122/><U81/><E102/><V117/><F0/><W118/><G82/><T77/><D60/><U112/><E112/><V26/><F3/><W31/><G118/><T49/><D49/><U66/><E66/><N who="3" m="25098" /><G22/><N who="0" m="15671" /><D77/><U58/><E58/><V97/><F70/><W100/><G100/><T41/><D41/><U96/><E96/><AGARI ba="0,0" hai="84,86,91,94,96" m="15671,62783,49195" machi="96" ten="30,2000,0" yaku="19,1,52,1" doraHai="20" who="0" fromWho="1" sc="240,20,230,-20,365,0,165,0" owari="260,6.0,210,-19.0,365,46.0,165,-33.0" /></mjloggm>