<mjloggm ver="2.3"><GO type="97" lobby="0"/><UN n0="%E9%A3%9B%E8%BB%8A%E3%81%A1%E3%82%85%E3%81%86" n1="%6F%74%61%32" n2="%45%41%6D%6F%6E" n3="%E5%B0%B1%E6%B4%BB%E7%94%9F%40%E5%B7%9D%E6%9D%91%E8%BB%8D%E5%9B%A3" dan="15,14,14,13" rate="1970.19,1887.63,1928.25,1822.69" sx="M,M,M,M"/><TAIKYOKU oya="0"/><INIT seed="0,0,0,2,1,119" ten="250,250,250,250" oya="0" hai0="99,72,110,1,108,25,77,71,76,102,6,65,121" hai1="52,131,53,59,46,83,5,98,127,31,19,132,129" hai2="42,16,23,112,123,126,75,47,130,18,35,24,50" hai3="41,49,96,60,54,105,113,84,51,86,33,79,3"/><T7/><D25/><U68/><E68/><V20/><F112/><W87/><G33/><T62/><D77/><U89/><E31/><V114/><F35/><W81/><G3/><T106/><D121/><U109/><E5/><V90/><F114/><W15/><G113/><T9/><REACH who="0" step="1"/><D7/><REACH who="0" ten="240,250,250,250" step="2"/><U74/><E74/><V61/><F75/><W57/><G105/><T100/><D100/><U85/><E127/><V13/><F126/><W116/><G116/><T101/><D101/><U44/><E132/><V88/><F24/><W94/><G15/><T21/><D21/><U133/><E133/><V37/><F13/><W4/><G4/><T97/><D97/><U28/><E98/><V115/><F115/><W12/><G12/><T66/><D66/><U78/><E78/><V30/><F20/><W36/><G79/><T0/><D0/><U64/><E64/><V120/><F23/><W69/><G81/><AGARI ba="0,1" hai="1,6,9,62,65,71,72,76,81,99,102,106,108,110" machi="81" ten="40,7700,0" yaku="1,1,23,2,53,0" doraHai="119" doraHaiUra="14" who="0" fromWho="3" sc="240,87,250,0,250,0,250,-77" /><INIT seed="0,1,0,3,1,100" ten="327,250,250,173" oya="0" hai0="120,58,70,65,106,20,133,23,24,109,33,59,102" hai1="72,75,44,61,84,40,85,18,34,64,89,134,129" hai2="88,39,98,30,104,13,62,83,10,114,87,127,111" hai3="119,118,7,81,105,74,131,25,99,17,73,71,6"/><T52/><D120/><U60/><E134/><V21/><F114/><W93/><G131/><T57/><D133/><U36/><E129/><V63/><F111/><W125/><G71/><T9/><D109/><U28/><E34/><V11/><F39/><W130/><G130/><T3/><D33/><U76/><E28/><V78/><F127/><W101/><G125/><T126/><D126/><U128/><E128/><V27/><F11/><W67/><G67/><T69/><D65/><U54/><E54/><V115/><F115/><W79/><G73/><T112/><D112/><U50/><E36/><V90/><F78/><W96/><G118/><T91/><D91/><U107/><E61/><V123/><F123/><W95/><G119/><T110/><D110/><U46/><E46/><V116/><F116/><W97/><G25/><T135/><D135/><U47/><E47/><V43/><F43/><W124/><G17/><T45/><D45/><U122/><E18/><V14/><F14/><W1/><G124/><T15/><D3/><U56/><E122/><V51/><F51/><W37/><G37/><T55/><D69/><U31/><E31/><V108/><F108/><W82/><G1/><T49/><D70/><U38/><E38/><V66/><F66/><W117/><G117/><T12/><D59/><U113/><E113/><V48/><F48/><W19/><G19/><T42/><D42/><U4/><E4/><N who="3" m="1578" /><G82/><T77/><D77/><U5/><E5/><N who="2" m="3279" /><F104/><W53/><G53/><T16/><D55/><U132/><E107/><V35/><F35/><W41/><G41/><T68/><D68/><RYUUKYOKU ba="1,0" sc="327,-15,250,-15,250,15,173,15" hai2="21,27,30,62,63,83,87,88,90,98" hai3="74,79,81,93,95,96,97,99,101,105" /><INIT seed="1,2,0,0,0,113" ten="312,235,265,188" oya="1" hai0="10,79,71,131,74,61,36,17,44,16,114,23,90" hai1="49,54,33,96,59,12,69,81,132,109,84,20,68" hai2="35,63,97,50,127,112,93,26,52,130,110,83,104" hai3="105,77,46,55,133,91,39,30,126,100,57,123,115"/><U6/><E33/><V27/><F112/><W53/><G115/><T32/><D114/><U99/><E132/><V111/><F130/><W108/><G123/><T21/><D32/><U118/><E99/><V98/><F83/><W31/><G133/><T129/><D74/><U18/><E6/><V8/><F8/><W42/><G126/><T117/><D117/><U124/><E124/><V62/><F127/><W48/><G108/><N who="2" m="41513" /><F104/><W116/><G77/><T101/><D79/><U7/><E109/><V95/><F35/><W11/><G11/><T92/><D101/><U2/><E2/><V3/><F3/><W65/><G65/><N who="0" m="41391" /><D36/><U88/><E7/><V43/><F43/><W0/><G0/><T78/><D44/><U41/><E41/><V56/><F98/><W120/><G120/><T70/><D70/><U128/><E128/><N who="0" m="49225" /><D78/><U119/><REACH who="1" step="1"/><E96/><REACH who="1" ten="312,225,265,188" step="2"/><V75/><F97/><W25/><G105/><T89/><D17/><U86/><E86/><V40/><F40/><W102/><G42/><T107/><D107/><U22/><E22/><V103/><F103/><W106/><G100/><T34/><D34/><U94/><E94/><N who="2" m="35851" /><F75/><W85/><G102/><T82/><D92/><U122/><E122/><V134/><F134/><W73/><G106/><T14/><D82/><U72/><E72/><V24/><AGARI ba="2,1" hai="24,26,27,50,52,56,62,63" m="35851,41513" machi="24" ten="40,2700,0" yaku="14,1,54,1" doraHai="113" who="2" fromWho="2" sc="312,-9,225,-15,265,43,188,-9" /><INIT seed="2,0,0,0,2,128" ten="303,210,308,179" oya="2" hai0="58,86,106,35,28,117,64,97,72,43,118,15,94" hai1="77,59,34,73,5,19,24,91,4,75,108,41,7" hai2="67,113,78,93,53,14,111,61,51,12,112,66,45" hai3="70,33,10,44,135,81,63,55,107,71,68,42,127"/><V102/><F78/><W134/><G107/><T46/><D72/><U92/><E108/><V20/><F111/><W90/><G33/><T29/><D106/><U62/><E41/><V54/><F102/><W125/><G10/><T40/><D15/><U130/><E130/><V85/><F85/><W11/><G11/><T9/><D9/><U8/><E77/><V100/><F100/><W124/><G90/><T56/><D86/><U96/><E34/><V74/><F74/><W57/><REACH who="3" step="1"/><G81/><REACH who="3" ten="303,210,308,169" step="2"/><T116/><D35/><U38/><E8/><V119/><F113/><W6/><G6/><T17/><D118/><U37/><E73/><V101/><F119/><W109/><G109/><T23/><D117/><U87/><E75/><V48/><F112/><W121/><G121/><T3/><D116/><U30/><E30/><V0/><F93/><W105/><G105/><T65/><D28/><U110/><E110/><V18/><F0/><W21/><G21/><T84/><D29/><U16/><E87/><V36/><F20/><W122/><G122/><T83/><D23/><N who="1" m="13415" /><E19/><V129/><F18/><W132/><G132/><T32/><D17/><U115/><E115/><V131/><F131/><W39/><AGARI ba="0,1" hai="39,42,44,55,57,63,68,70,71,124,125,127,134,135" machi="39" ten="40,16000,3" yaku="1,1,0,1,18,1,34,3,52,2,53,0" doraHai="128" doraHaiUra="114" who="3" fromWho="3" sc="303,-40,210,-40,308,-80,169,170" /><INIT seed="3,0,0,1,5,67" ten="263,170,228,339" oya="3" hai0="55,110,42,105,113,23,43,122,2,6,65,87,84" hai1="104,134,33,3,94,27,61,18,85,50,99,112,17" hai2="15,91,121,63,7,53,107,98,130,28,45,72,30" hai3="9,78,49,135,128,69,115,73,93,118,124,25,48"/><W126/><G69/><T0/><D122/><U37/><E112/><V83/><F121/><W56/><G115/><T66/><D113/><U31/><E3/><V131/><F7/><W81/><G118/><T12/><D105/><U64/><E37/><V96/><F15/><W109/><G109/><T20/><D110/><U108/><E108/><V74/><F45/><W79/><G79/><T125/><D12/><U47/><E85/><V36/><F36/><W26/><G128/><T103/><D6/><U120/><E94/><V68/><F53/><N who="3" m="31783" /><G135/><T41/><D103/><U101/><E134/><V71/><F107/><W19/><G49/><T57/><D55/><U46/><E120/><V80/><F91/><W76/><G93/><T95/><D57/><U34/><E33/><V35/><F63/><W16/><G78/><T24/><D95/><U21/><E21/><V13/><F13/><N who="3" m="7215" /><G19/><T10/><D10/><U119/><E119/><V59/><REACH who="2" step="1"/><F59/><REACH who="2" ten="263,170,218,339" step="2"/><W77/><G77/><T82/><D2/><U52/><REACH who="1" step="1"/><E46/><REACH who="1" ten="263,160,218,339" step="2"/><V51/><F51/><W100/><G26/><T88/><D24/><U129/><E129/><V133/><F133/><W123/><G25/><T44/><D0/><U97/><E97/><V90/><F90/><W40/><G76/><T38/><D44/><U4/><E4/><V1/><F1/><W58/><G123/><T114/><D38/><U11/><E11/><V111/><F111/><W70/><G126/><T117/><D114/><U39/><E39/><V92/><F92/><W116/><G124/><T14/><D125/><U86/><E86/><V29/><F29/><RYUUKYOKU ba="0,2" sc="263,-15,160,15,218,15,339,-15" hai1="17,18,27,31,34,47,50,52,61,64,99,101,104" hai2="28,30,35,68,71,72,74,80,83,96,98,130,131" owari="248,5.0,175,-32.0,233,-17.0,344,44.0" /></mjloggm>