<mjloggm ver="2.3"><GO type="169" lobby="0"/><UN n0="%6E%61%6B%61%6A%75%75%6E" n1="%E6%B0%B7%E6%B2%B3%E9%A2%A8" n2="%E3%82%A6%E3%83%AB%E3%83%88%E3%83%A9%E7%AB%8B%E7%9B%B4" n3="%73%65%69%6C" dan="18,17,16,17" rate="2302.22,2152.24,2121.75,2099.74" sx="M,M,M,M"/><TAIKYOKU oya="0"/><INIT seed="0,0,0,3,5,121" ten="250,250,250,250" oya="0" hai0="17,11,59,15,82,80,68,43,53,13,23,102,36" hai1="77,122,83,67,1,2,12,129,103,100,118,40,134" hai2="9,32,78,44,88,99,56,49,124,115,19,38,24" hai3="60,79,28,123,5,72,116,135,125,87,0,7,42"/><T47/><D68/><U98/><E122/><V75/><F78/><W101/><G123/><T96/><D59/><U120/><E118/><V85/><F75/><W63/><G72/><T65/><D65/><U57/><E120/><V16/><F115/><W81/><G116/><T110/><D53/><U54/><E134/><V73/><F73/><W34/><G135/><T89/><D89/><U76/><E40/><V131/><F38/><W117/><G117/><T26/><D110/><U31/><E129/><V86/><F32/><W113/><G113/><T37/><D37/><U41/><E41/><V104/><F104/><W61/><G125/><T114/><D114/><U22/><E67/><V71/><F71/><W105/><G42/><T132/><D132/><U130/><E130/><V109/><F124/><W128/><G128/><T91/><D91/><U25/><E12/><N who="2" m="7183" /><F56/><W21/><G34/><T30/><REACH who="0" step="1"/><D15/><REACH who="0" ten="240,250,250,250" step="2"/><U46/><E57/><V29/><F109/><W52/><G52/><T84/><D84/><U127/><E127/><V51/><F131/><W8/><G87/><T48/><D48/><U97/><E54/><V45/><F86/><W6/><G63/><T112/><D112/><U66/><E66/><V50/><F85/><N who="3" m="48319" /><G60/><T58/><D58/><U4/><E1/><V69/><F69/><W14/><G61/><T108/><D108/><U95/><E2/><V94/><F45/><W33/><G0/><T90/><D90/><U64/><E46/><V20/><F44/><W35/><G14/><T119/><D119/><U3/><E3/><V62/><F62/><W126/><G126/><RYUUKYOKU ba="0,1" sc="240,15,250,-15,250,15,250,-15" hai0="11,13,17,23,26,30,36,43,47,80,82,96,102" hai2="19,20,24,29,49,50,51,88,94,99" /><INIT seed="0,1,1,4,2,50" ten="255,235,265,235" oya="0" hai0="74,34,43,121,68,114,88,49,21,83,92,93,52" hai1="26,71,15,98,80,54,65,105,41,113,90,133,99" hai2="89,2,69,56,127,109,40,104,102,33,91,111,76" hai3="32,1,0,35,8,77,84,11,118,115,14,16,31"/><T45/><D121/><U20/><E133/><V19/><F69/><W123/><G84/><N who="0" m="50207" /><D74/><U78/><E41/><V59/><F33/><N who="3" m="12875" /><G77/><T112/><D34/><U64/><E113/><V96/><F2/><N who="3" m="1131" /><G118/><T24/><D68/><U62/><E15/><V38/><F76/><W51/><G51/><N who="0" m="27071" /><D112/><U117/><E105/><V85/><F40/><W67/><G67/><T108/><D108/><U37/><E117/><V131/><F38/><W72/><G72/><T106/><D106/><U101/><E37/><V134/><F104/><W25/><G115/><T128/><D128/><U135/><E65/><V47/><F131/><W75/><G75/><T12/><D12/><U124/><E64/><V130/><F130/><W63/><G63/><T28/><D114/><U13/><E13/><V29/><F109/><W53/><G53/><T7/><D7/><U27/><E54/><V57/><F111/><W116/><G116/><T3/><D3/><U132/><E71/><V94/><F47/><AGARI ba="1,1" hai="21,24,28,47,49,52,92,93" m="27071,50207" machi="47" ten="30,11600,0" yaku="8,1,52,1,54,2" doraHai="50" who="0" fromWho="2" sc="255,129,235,0,265,-119,235,0" /><INIT seed="0,2,0,1,0,61" ten="384,235,146,235" oya="0" hai0="87,72,45,119,96,38,1,16,59,89,36,28,33" hai1="21,86,73,20,94,18,41,90,64,95,133,31,118" hai2="124,116,48,35,127,29,52,101,63,53,9,129,30" hai3="121,25,10,4,132,120,37,74,55,103,65,80,5"/><T34/><D72/><U60/><E118/><V0/><F116/><W112/><G112/><T76/><D1/><U117/><E117/><V43/><F129/><W113/><G113/><T49/><D119/><U23/><E73/><V44/><F101/><W93/><G132/><T92/><D28/><U19/><E133/><V122/><F122/><N who="3" m="47211" /><G37/><T17/><D33/><U54/><E41/><V91/><F91/><W46/><G25/><T2/><D2/><U12/><E54/><V3/><F43/><W8/><G65/><T128/><D34/><U104/><E104/><V13/><F3/><W126/><G126/><N who="2" m="48169" /><F0/><W78/><G93/><T50/><D128/><U131/><E131/><V114/><F35/><W57/><G103/><T68/><D68/><U77/><E77/><V130/><F130/><W88/><G46/><T58/><D38/><U83/><E31/><V15/><F15/><W70/><G70/><T32/><D32/><U62/><E62/><V40/><F114/><W135/><G88/><N who="0" m="55303" /><D76/><U71/><REACH who="1" step="1"/><E23/><REACH who="1" ten="384,225,146,235" step="2"/><V22/><F22/><W14/><G135/><T24/><D36/><U111/><E111/><V102/><F29/><W125/><G125/><T47/><D47/><U75/><E75/><V99/><F30/><W66/><G55/><T79/><D79/><U134/><E134/><V84/><F53/><W51/><G78/><T6/><D45/><U7/><E7/><V107/><F52/><N who="3" m="31903" /><G74/><T105/><D6/><U98/><E98/><V115/><F115/><W67/><G4/><T82/><D105/><U109/><E109/><V106/><F44/><W108/><G108/><RYUUKYOKU ba="2,1" sc="384,-10,225,30,146,-10,235,-10" hai1="12,18,19,20,21,60,64,71,83,86,90,94,95" /><INIT seed="1,3,1,4,0,32" ten="374,255,136,225" oya="1" hai0="55,78,86,13,52,56,95,110,29,98,77,51,85" hai1="135,127,65,47,7,90,3,64,114,82,68,30,124" hai2="128,63,57,9,12,23,21,18,131,22,105,75,66" hai3="0,70,35,133,106,81,43,93,122,102,19,83,123"/><U79/><E114/><V91/><F105/><W80/><G35/><T61/><D110/><U115/><E115/><V14/><F75/><W76/><G70/><T71/><D29/><U108/><E135/><V24/><F91/><W46/><G19/><T117/><D71/><U58/><E68/><V10/><REACH who="2" step="1"/><F24/><REACH who="2" ten="374,255,126,225" step="2"/><W89/><G89/><N who="0" m="55663" /><D117/><U1/><E90/><V40/><F40/><W38/><G106/><T107/><D107/><U134/><E134/><V17/><AGARI ba="3,2" hai="9,10,12,14,17,18,21,22,23,57,63,66,128,131" machi="17" ten="30,4000,0" yaku="1,1,0,1,9,1,53,0" doraHai="32" doraHaiUra="49" who="2" fromWho="2" sc="374,-13,255,-23,126,69,225,-13" /><INIT seed="2,0,0,4,1,82" ten="361,232,195,212" oya="2" hai0="99,12,103,8,109,132,117,70,79,65,81,125,95" hai1="45,9,22,47,94,24,32,74,93,38,77,11,18" hai2="87,64,15,126,122,98,108,1,37,107,71,35,57" hai3="123,80,63,72,73,16,4,21,6,115,61,53,134"/><V119/><RYUUKYOKU type="yao9" ba="0,0" sc="361,0,232,0,195,0,212,0" hai2="1,15,35,37,57,64,71,87,98,107,108,119,122,126" /><INIT seed="2,1,0,4,5,38" ten="361,232,195,212" oya="2" hai0="47,31,18,57,106,48,60,128,12,72,98,110,3" hai1="36,120,58,65,49,127,11,122,44,32,67,64,61" hai2="59,27,102,63,54,13,83,100,45,125,132,112,51" hai3="92,20,55,124,93,133,86,0,46,9,66,84,41"/><V95/><F125/><W2/><G124/><T129/><D72/><U17/><E32/><V80/><F112/><W134/><G66/><N who="1" m="25706" /><E17/><V37/><F37/><N who="3" m="21807" /><G20/><T99/><D3/><N who="3" m="1065" /><G55/><N who="0" m="33855" /><D31/><U14/><E14/><V78/><F132/><N who="3" m="50795" /><G9/><N who="0" m="6415" /><D106/><U28/><E11/><V103/><F13/><W62/><G62/><T96/><D110/><U50/><E28/><V6/><F6/><W16/><G16/><T117/><D117/><U74/><E74/><V131/><F131/><N who="0" m="50250" /><D96/><U26/><E26/><V24/><F95/><AGARI ba="1,0" hai="84,86,92,93,95" m="50795,1065,21807" machi="95" ten="30,2000,0" yaku="20,1,52,1" doraHai="38" who="3" fromWho="2" sc="361,0,232,0,195,-23,212,23" /><INIT seed="3,0,0,5,4,111" ten="361,232,172,235" oya="3" hai0="34,86,128,13,14,107,104,97,25,7,22,19,121" hai1="4,54,123,17,116,5,98,3,37,122,50,105,58" hai2="134,35,79,15,126,11,65,110,29,76,26,77,67" hai3="129,120,90,89,85,103,108,70,75,24,43,0,31"/><W63/><G120/><T12/><D121/><U99/><E37/><V28/><F110/><W27/><G108/><T71/><D71/><U88/><E116/><V81/><F126/><W95/><G75/><T130/><D34/><U132/><E132/><V56/><F134/><W135/><G135/><T74/><D74/><U21/><E123/><V68/><F68/><W62/><G0/><T46/><D7/><U91/><E122/><V32/><F81/><N who="3" m="49327" /><G70/><T1/><D1/><U124/><E124/><V93/><F56/><W87/><G43/><T83/><D46/><U113/><E113/><V59/><F59/><W102/><G129/><N who="0" m="49771" /><D97/><U72/><E72/><V30/><F93/><W16/><G31/><T57/><D57/><U92/><E3/><V47/><F47/><W84/><G84/><T38/><D38/><U2/><E2/><V36/><F36/><W49/><G49/><T125/><D125/><U45/><E45/><V61/><F61/><N who="3" m="23051" /><G27/><T73/><D73/><U66/><E105/><V60/><F60/><W23/><AGARI ba="0,0" hai="16,23,24,87,90,95,102,103" m="23051,49327" machi="23" ten="30,3000,0" yaku="8,1,54,1" doraHai="111" who="3" fromWho="3" sc="361,-10,232,-10,172,-10,235,30" /><INIT seed="3,1,0,0,3,38" ten="351,222,162,265" oya="3" hai0="77,0,103,14,71,111,72,130,69,94,48,78,66" hai1="99,133,82,51,74,107,13,120,16,115,33,1,86" hai2="79,57,36,56,131,19,52,49,92,84,43,88,47" hai3="39,114,5,11,106,40,58,31,87,60,98,53,54"/><W50/><G114/><T35/><D0/><U34/><E120/><V73/><F131/><W126/><G126/><T83/><D130/><U7/><E74/><V28/><F28/><W70/><G31/><T134/><D134/><U75/><E75/><V100/><F100/><W30/><G30/><T127/><D127/><U20/><E133/><V12/><F79/><W80/><G106/><T105/><D77/><U117/><E115/><V91/><F73/><W55/><G98/><T110/><D35/><U25/><E117/><V122/><F122/><W132/><G132/><T46/><D14/><U112/><E112/><V62/><F91/><N who="3" m="51687" /><G39/><T6/><D6/><U42/><E1/><V121/><F121/><W104/><G104/><T124/><D124/><U64/><E64/><V41/><F36/><W76/><G76/><T90/><D103/><U108/><E99/><V113/><F113/><W22/><G22/><T85/><D105/><U21/><E107/><V59/><F62/><W116/><G70/><T9/><D9/><AGARI ba="1,0" hai="9,12,19,41,43,47,49,52,56,57,59,84,88,92" machi="9" ten="40,8000,1" yaku="8,1,52,2,54,2" doraHai="38" who="2" fromWho="0" sc="351,-83,222,0,162,83,265,0" /><INIT seed="4,0,0,2,5,126" ten="268,222,245,265" oya="0" hai0="3,78,45,133,114,21,2,110,103,95,131,109,77" hai1="52,120,100,99,121,105,48,71,47,90,128,7,57" hai2="65,1,16,19,119,5,117,87,26,24,6,17,81" hai3="68,92,40,8,27,125,122,10,127,53,83,69,64"/><T12/><D114/><U89/><E71/><N who="3" m="27210" /><G122/><T73/><D45/><U101/><E101/><V54/><F54/><W76/><G64/><T82/><D78/><U66/><E7/><N who="2" m="2571" /><F65/><W118/><G118/><N who="2" m="45065" /><F1/><W112/><G40/><T60/><D60/><U32/><E32/><V18/><N who="2" m="4096" /><DORA hai="34" /><V61/><F61/><W70/><G53/><T107/><D107/><U39/><E66/><V41/><F41/><W84/><G127/><T15/><D133/><U11/><E47/><V4/><N who="2" m="2579" /><V129/><DORA hai="62" /><F129/><W35/><G125/><T9/><D131/><U29/><E128/><V93/><F93/><W42/><G92/><T23/><D9/><U124/><E11/><V46/><F46/><W33/><G8/><T108/><D95/><U97/><E124/><V58/><F58/><W31/><G10/><T67/><D103/><U111/><E57/><V79/><AGARI ba="0,0" hai="24,26,79,81,87" m="4096,45065,2579" machi="79" ten="50,3200,0" yaku="12,1,54,1" doraHai="126,34,62" who="2" fromWho="2" sc="268,-16,222,-8,245,32,265,-8" /><INIT seed="5,0,0,3,1,0" ten="252,214,277,257" oya="1" hai0="112,42,49,124,89,27,127,65,105,14,121,30,67" hai1="70,55,130,77,28,123,32,18,60,84,78,90,126" hai2="61,128,66,29,31,119,33,135,87,35,50,118,37" hai3="134,45,120,103,73,59,56,114,129,72,116,1,83"/><U81/><E123/><V104/><F37/><W69/><G120/><T12/><D121/><U88/><E130/><V43/><F104/><W38/><G1/><T41/><D105/><U6/><E126/><N who="0" m="48169" /><D89/><N who="1" m="34411" /><E70/><V82/><F87/><W48/><G69/><T52/><D112/><U3/><E32/><V75/><F82/><W106/><G129/><T74/><D74/><U68/><E3/><V17/><F50/><W100/><G38/><T64/><D42/><U94/><E68/><V97/><F43/><W10/><G106/><T117/><D41/><U57/><E28/><V34/><F75/><W111/><G73/><T62/><D62/><U96/><E18/><V23/><F128/><W115/><G72/><T20/><D117/><U16/><E16/><V21/><F17/><W22/><G116/><T86/><D86/><U39/><E39/><V102/><F31/><W7/><G114/><T122/><D122/><U24/><E24/><V51/><F29/><W5/><G115/><T110/><D110/><U4/><E77/><V132/><F119/><W93/><G111/><T107/><D107/><U13/><E13/><V71/><F118/><W113/><G113/><T19/><D30/><U133/><E133/><V131/><F131/><W108/><G134/><T46/><AGARI ba="0,0" hai="12,14,19,20,27,46,49,52,64,65,67" m="48169" machi="46" ten="30,2000,0" yaku="18,1,54,1" doraHai="0" who="0" fromWho="0" sc="252,20,214,-10,277,-5,257,-5" /><INIT seed="6,0,0,2,3,55" ten="272,204,272,252" oya="2" hai0="100,107,133,44,52,67,86,91,2,61,12,75,76" hai1="131,118,5,18,56,122,0,123,20,72,42,126,23" hai2="128,34,28,84,13,134,22,102,104,57,8,127,114" hai3="40,101,98,4,109,85,70,110,60,132,15,14,129"/><V35/><F102/><W77/><G40/><T87/><D2/><U121/><E72/><V3/><F104/><W58/><G70/><T43/><D133/><U105/><E105/><V26/><F134/><W71/><G71/><T62/><D75/><U95/><E118/><V81/><F114/><W103/><G132/><T94/><D107/><U112/><E112/><V97/><F97/><W68/><G68/><T9/><D100/><U48/><E131/><V108/><F127/><W65/><G129/><T47/><D67/><U111/><E111/><V120/><F120/><N who="1" m="30721" /><U89/><DORA hai="59" /><E126/><V74/><F74/><W37/><G37/><T25/><D25/><N who="1" m="14487" /><E23/><V99/><F128/><W53/><G109/><T124/><D124/><U39/><E39/><V79/><F108/><W36/><G36/><T80/><D43/><U46/><E5/><V1/><F35/><W88/><G4/><N who="0" m="3111" /><D47/><U49/><E0/><V63/><F34/><W83/><G110/><T29/><D29/><U90/><E95/><V64/><F99/><W45/><G98/><T24/><D24/><U92/><E92/><V116/><F116/><W69/><G101/><T135/><D135/><U93/><E93/><V33/><F33/><W27/><G103/><T32/><D32/><U7/><E7/><AGARI ba="0,0" hai="1,3,7,8,13,22,26,28,57,63,64,79,81,84" machi="7" ten="30,5800,0" yaku="7,1,52,2" doraHai="55,59" who="2" fromWho="1" sc="272,0,204,-58,272,58,252,0" /><INIT seed="6,1,0,3,4,21" ten="272,146,330,252" oya="2" hai0="36,117,4,25,96,35,108,104,66,106,131,95,65" hai1="126,7,1,109,60,125,22,111,120,30,37,52,34" hai2="63,64,3,27,14,93,127,54,89,8,132,13,76" hai3="69,87,53,67,122,12,31,134,116,48,110,100,0"/><V38/><F38/><W112/><G110/><N who="1" m="41994" /><E37/><V121/><F121/><W118/><G0/><T51/><D36/><U47/><E47/><V70/><F127/><N who="1" m="48649" /><E60/><V128/><F132/><W92/><G122/><T44/><D108/><U2/><E52/><V23/><F128/><W135/><G112/><T73/><D66/><U124/><N who="1" m="48657" /><U40/><DORA hai="78" /><E40/><V82/><F54/><W86/><G67/><T33/><D65/><U90/><E90/><V56/><F70/><W20/><G69/><T42/><D131/><U59/><E59/><V62/><F62/><W123/><G123/><T15/><D51/><U18/><E120/><V115/><F115/><W61/><G61/><T41/><D44/><U91/><E91/><V72/><F93/><W5/><G92/><T133/><D42/><U107/><E107/><V79/><F89/><W94/><G94/><T98/><D41/><U57/><E57/><V9/><F56/><W55/><G53/><T114/><D104/><U113/><E113/><V11/><F63/><W103/><G55/><T85/><D106/><U75/><E75/><V49/><F49/><W74/><G48/><T6/><D114/><U80/><E80/><V77/><F64/><W105/><G74/><T45/><D73/><U130/><E130/><V19/><F82/><W81/><G81/><T50/><D45/><U43/><E43/><V83/><F83/><W29/><G105/><T68/><D50/><U84/><E84/><V28/><F72/><W102/><G86/><T88/><D85/><U58/><E58/><V24/><F77/><W97/><G87/><RYUUKYOKU ba="1,0" sc="272,0,146,0,330,0,252,0" /><INIT seed="7,2,0,0,4,67" ten="272,146,330,252" oya="3" hai0="58,11,29,93,125,106,60,17,53,33,7,94,118" hai1="28,133,78,85,26,49,103,8,20,44,70,111,64" hai2="75,57,69,116,134,113,123,63,109,48,47,1,80" hai3="12,35,61,73,124,14,76,37,32,97,19,27,5"/><W72/><G37/><T115/><D118/><U79/><E133/><V91/><F69/><W65/><G124/><T132/><D132/><U39/><E111/><V117/><F1/><W110/><G110/><T54/><D106/><U100/><E39/><V38/><F38/><W52/><G97/><T56/><D125/><U15/><E64/><V129/><F134/><W46/><G5/><T84/><D115/><U71/><E100/><V42/><F109/><W0/><G0/><T105/><D105/><U66/><E103/><V4/><F4/><W107/><G12/><N who="0" m="5247" /><D29/><U51/><E51/><V130/><F113/><W126/><G27/><T62/><D33/><U120/><E120/><V21/><F21/><N who="3" m="11511" /><G76/><T18/><D84/><U87/><E66/><N who="2" m="39279" /><F123/><W131/><G107/><T36/><D36/><U74/><E74/><V68/><F68/><W40/><G73/><T22/><D18/><U10/><E10/><V127/><F127/><W31/><G65/><T81/><D81/><U95/><E79/><N who="2" m="44159" /><F91/><W128/><G72/><T30/><D30/><U112/><E112/><V6/><F6/><W99/><G126/><T9/><D9/><U104/><E104/><V88/><F88/><W92/><G31/><T3/><D3/><U13/><E13/><AGARI ba="2,0" hai="13,17,22,53,54,56,58,60,62,93,94" m="5247" machi="13" ten="30,1000,0" yaku="8,1" doraHai="67" who="0" fromWho="1" sc="272,16,146,-16,330,0,252,0" owari="288,9.0,130,-37.0,330,43.0,252,-15.0" /></mjloggm>