<mjloggm ver="2.3"><GO type="41" lobby="0"/><UN n0="%E5%B0%B1%E6%B4%BB%E7%94%9F%40%E5%B7%9D%E6%9D%91%E8%BB%8D%E5%9B%A3" n1="%E7%A9%BA%E6%B0%97%E3%81%9F%E3%81%8B%E3%81%97" n2="%E8%B5%A4%E3%83%9E%E9%9B%80%E5%A3%AB" n3="%67%65%68%65%68%65%77" dan="15,15,15,14" rate="1977.77,2009.22,1984.90,1870.96" sx="M,M,F,M"/><TAIKYOKU oya="0"/><INIT seed="0,0,0,5,3,131" ten="250,250,250,250" oya="0" hai0="70,100,23,135,8,104,75,114,126,58,44,20,13" hai1="5,7,127,47,90,77,122,92,54,10,84,108,6" hai2="67,34,35,118,115,74,60,49,86,0,119,97,96" hai3="81,107,111,124,50,130,101,117,105,99,109,31,112"/><T40/><D70/><U38/><E122/><V89/><F74/><W57/><G31/><T48/><D75/><U65/><E108/><N who="3" m="41546" /><G117/><N who="2" m="44553" /><F115/><W39/><G39/><T120/><D114/><U64/><E127/><V55/><F0/><W2/><G2/><T121/><D126/><U43/><E77/><V53/><F53/><W71/><G71/><T59/><D104/><U41/><E41/><V76/><F76/><W82/><G124/><T37/><D100/><U66/><REACH who="1" step="1"/><E54/><REACH who="1" ten="250,240,250,250" step="2"/><V68/><F55/><N who="3" m="31991" /><G112/><T61/><D40/><U24/><E24/><V51/><F34/><W4/><G130/><T87/><D120/><U46/><E46/><V116/><F35/><W98/><G4/><T83/><D121/><U129/><E129/><V45/><F45/><W36/><G36/><T78/><D44/><U95/><E95/><N who="2" m="54711" /><F116/><W123/><G123/><T26/><D37/><U132/><E132/><V80/><F80/><W134/><G134/><T91/><D135/><U62/><E62/><V18/><F18/><W133/><G133/><T17/><D48/><AGARI ba="0,1" hai="48,49,51,60,67,68,96,97" m="54711,44553" machi="48" ten="30,1000,0" yaku="12,1" doraHai="131" who="2" fromWho="0" sc="250,-10,240,0,250,20,250,0" /><INIT seed="1,0,0,0,5,101" ten="240,240,270,250" oya="1" hai0="108,115,118,34,112,14,84,102,41,117,124,69,119" hai1="5,16,105,22,6,60,42,32,100,3,62,28,122" hai2="116,38,96,65,73,68,74,77,7,35,94,47,64" hai3="31,24,103,95,120,81,49,4,26,130,132,18,93"/><U43/><E122/><V51/><F38/><W135/><G120/><T109/><D69/><U129/><E129/><V56/><F68/><W21/><G130/><T126/><D34/><U82/><E28/><V17/><F116/><W1/><G1/><T89/><D41/><U107/><E32/><V48/><F35/><W97/><G4/><T70/><D102/><U23/><E100/><V92/><F56/><W71/><G71/><T10/><D70/><U110/><E3/><V91/><F17/><W15/><G81/><N who="0" m="49295" /><D14/><U131/><E131/><V79/><F91/><W50/><G95/><T39/><D10/><U121/><E121/><V19/><F19/><W20/><REACH who="3" step="1"/><G24/><REACH who="3" ten="240,240,270,240" step="2"/><T113/><D39/><U55/><E82/><V9/><F7/><W63/><G63/><T59/><D59/><U80/><E80/><V52/><F47/><W66/><G66/><T2/><D2/><U11/><E62/><V123/><F123/><W87/><G87/><T98/><D98/><U53/><E60/><V90/><F96/><W8/><G8/><T29/><D29/><U72/><E11/><V44/><F44/><W61/><G61/><T67/><D67/><U83/><E83/><V58/><F9/><W86/><G86/><T104/><D104/><U54/><E72/><V37/><F58/><W114/><G114/><T57/><D57/><U85/><E85/><V27/><F27/><W12/><G12/><T0/><D0/><U36/><E36/><V33/><F37/><W111/><G111/><AGARI ba="0,1" hai="108,109,111,112,113,115,117,118,119,124,126" m="49295" machi="111" ten="50,6400,0" yaku="14,1,34,2" doraHai="101" who="0" fromWho="3" sc="240,74,240,0,270,0,240,-64" /><INIT seed="2,0,0,0,3,57" ten="314,240,270,176" oya="2" hai0="74,46,85,71,131,88,98,77,63,84,111,112,35" hai1="2,32,89,4,56,101,134,121,16,70,5,108,93" hai2="105,103,37,31,42,96,15,81,66,102,76,34,132" hai3="48,58,92,95,49,50,18,24,21,26,73,94,60"/><V68/><F103/><W64/><REACH who="3" step="1"/><G73/><REACH who="3" ten="314,240,270,166" step="2"/><T109/><D74/><U19/><E121/><V28/><F132/><W61/><G61/><T75/><D112/><U86/><E134/><V106/><F15/><AGARI ba="0,1" hai="15,18,21,24,26,48,49,50,58,60,64,92,94,95" machi="15" ten="40,8000,1" yaku="21,2,8,1,52,1,53,0" doraHai="57" doraHaiUra="51" who="3" fromWho="2" sc="314,0,240,0,270,-80,166,90" /><INIT seed="3,0,0,5,4,89" ten="314,240,190,256" oya="3" hai0="110,14,84,22,39,125,65,79,83,48,50,34,69" hai1="104,17,31,24,129,118,100,132,97,4,68,59,131" hai2="9,115,30,54,107,23,36,45,117,51,29,130,6" hai3="42,27,87,81,19,77,16,124,28,108,96,91,66"/><W40/><G66/><T122/><D34/><U113/><E68/><V58/><F117/><W56/><G124/><T71/><D39/><U121/><E113/><V1/><F115/><W47/><G56/><T21/><D122/><U94/><E121/><V70/><F107/><W134/><G134/><T80/><D110/><U135/><E118/><V67/><F130/><N who="1" m="49673" /><E4/><V53/><F23/><W114/><G114/><T73/><D125/><U88/><E17/><V102/><F102/><W109/><G96/><T13/><D65/><U38/><E59/><V57/><F57/><W60/><G60/><T103/><D103/><U12/><E12/><V98/><F98/><W99/><G99/><T32/><D32/><N who="1" m="20583" /><E38/><V41/><REACH who="2" step="1"/><F53/><REACH who="2" ten="314,240,180,256" step="2"/><W105/><G105/><T119/><D119/><U92/><E104/><V7/><F7/><W3/><G109/><T93/><D71/><U37/><E37/><V127/><F127/><W62/><G108/><T35/><D69/><U5/><E5/><V10/><F10/><W61/><G40/><T26/><D35/><U85/><AGARI ba="0,1" hai="85,88,92,94,97,100,132,135" m="20583,49673" machi="85" ten="30,7900,0" yaku="19,1,52,2,54,1" doraHai="89" who="1" fromWho="1" sc="314,-20,240,89,180,-20,256,-39" /><INIT seed="4,0,0,0,5,106" ten="294,329,160,217" oya="0" hai0="64,58,44,115,37,26,22,124,135,74,103,119,116" hai1="9,54,56,76,6,48,11,104,60,35,30,132,51" hai2="127,5,117,61,40,94,2,20,126,131,17,0,84" hai3="63,96,90,100,80,93,73,62,49,97,82,113,72"/><T43/><D74/><N who="3" m="28777" /><G49/><T13/><D115/><U24/><E104/><V7/><F40/><W3/><G3/><N who="2" m="1065" /><F61/><W112/><G62/><T128/><D103/><U86/><E132/><V46/><F46/><W105/><G63/><T111/><D64/><U122/><E122/><V123/><F123/><W39/><G39/><T78/><D58/><U14/><E76/><V38/><F38/><W133/><G133/><T19/><D78/><U68/><E68/><V81/><F117/><W47/><G47/><T83/><D83/><AGARI ba="0,0" hai="80,82,83,90,93,96,97,100,105,112,113" m="28777" machi="83" ten="30,8000,1" yaku="34,2,52,3" doraHai="106" who="3" fromWho="0" sc="294,-80,329,0,160,0,217,80" /><INIT seed="5,0,0,3,0,99" ten="214,329,160,297" oya="1" hai0="119,45,61,51,38,10,64,123,41,105,35,33,76" hai1="114,48,47,12,44,115,37,78,5,23,0,109,65" hai2="80,69,77,130,55,39,121,11,97,125,52,82,73" hai3="57,18,132,49,96,22,116,50,113,67,103,15,19"/><U68/><E0/><V95/><F121/><W8/><G116/><T71/><D119/><U53/><E109/><V94/><F125/><W6/><G132/><T128/><D123/><U1/><E1/><V21/><F130/><W54/><G113/><N who="1" m="43018" /><E78/><V101/><F39/><W30/><G30/><T58/><D128/><U70/><E65/><V127/><F127/><W36/><G36/><T129/><D129/><U43/><E5/><V102/><F69/><N who="1" m="26729" /><E12/><V60/><F11/><W89/><G89/><T81/><D10/><U32/><E23/><V28/><F60/><W7/><G67/><T26/><D105/><U100/><E32/><V13/><F80/><W66/><G66/><T122/><D26/><U2/><E2/><V88/><F102/><AGARI ba="0,0" hai="37,43,44,47,48,53,100,102" m="26729,43018" machi="102" ten="30,5800,0" yaku="15,1,52,2" doraHai="99" who="1" fromWho="2" sc="214,0,329,58,160,-58,297,0" /><INIT seed="5,1,0,2,5,40" ten="214,387,102,297" oya="1" hai0="47,16,23,70,117,62,48,92,106,28,75,66,44" hai1="100,83,128,53,36,31,102,42,124,112,5,97,4" hai2="21,55,131,33,57,116,93,121,120,34,29,32,87" hai3="133,56,78,58,30,130,13,27,94,35,69,14,2"/><U15/><E112/><V37/><F37/><W77/><G69/><T59/><D106/><U115/><E115/><V123/><F116/><W90/><G133/><T41/><D117/><U103/><E128/><V68/><F68/><W80/><G130/><T119/><D75/><U79/><E124/><V127/><F131/><W12/><G2/><T39/><D119/><U73/><E31/><V64/><F64/><W109/><G109/><T11/><D28/><U74/><E74/><V6/><F127/><W95/><G95/><T45/><D11/><U72/><E73/><V8/><F21/><W129/><G129/><T104/><D104/><U3/><E15/><V9/><F29/><W82/><G94/><T107/><D107/><N who="1" m="63887" /><E53/><V113/><F113/><W18/><G90/><T111/><D111/><U60/><E60/><V0/><F9/><W65/><G18/><T105/><D105/><U96/><E96/><V25/><F25/><W10/><G10/><T134/><D134/><U67/><E67/><V71/><F71/><W86/><G65/><T132/><D132/><U22/><E22/><V43/><F43/><W88/><REACH who="3" step="1"/><G80/><REACH who="3" ten="214,387,102,287" step="2"/><T63/><D92/><U61/><E3/><V76/><F93/><W54/><G54/><N who="0" m="32199" /><D62/><U24/><E61/><V84/><REACH who="2" step="1"/><F76/><AGARI ba="1,1" hai="12,13,14,27,30,35,56,58,76,77,78,82,86,88" machi="76" ten="40,2600,0" yaku="1,1,54,1,53,0" doraHai="40" doraHaiUra="114" who="3" fromWho="2" sc="214,0,387,0,102,-29,287,39" /><INIT seed="6,0,0,0,1,14" ten="214,387,73,326" oya="2" hai0="111,9,65,64,55,10,21,87,27,72,127,118,22" hai1="35,54,76,100,132,28,69,42,106,81,49,32,12" hai2="29,112,123,88,7,38,17,62,77,94,84,37,91" hai3="52,20,128,71,50,131,66,107,122,44,25,70,134"/><V23/><F123/><W4/><G122/><T74/><D111/><U95/><E106/><V3/><F29/><W101/><G4/><T129/><D118/><U90/><E100/><V63/><F77/><W113/><G134/><T34/><D34/><U45/><E69/><V46/><F112/><W16/><G113/><T1/><D1/><U89/><E132/><V104/><F104/><W51/><G66/><T30/><D127/><U68/><E68/><V56/><F46/><W110/><G110/><T97/><D129/><N who="3" m="49737" /><G51/><T40/><D40/><U99/><E90/><V92/><F63/><W124/><G124/><T93/><D87/><U15/><E42/><V108/><F108/><W98/><AGARI ba="0,0" hai="16,20,25,44,50,52,70,71,98,101,107" m="49737" machi="98" ten="30,7900,0" yaku="19,1,52,1,54,2" doraHai="14" who="3" fromWho="3" sc="214,-20,387,-20,73,-39,326,79" /><INIT seed="7,0,0,2,0,83" ten="194,367,34,405" oya="3" hai0="1,53,122,21,132,78,45,124,93,50,76,74,85" hai1="54,127,12,37,64,65,46,34,88,112,113,89,97" hai2="125,103,67,51,72,98,60,62,17,61,59,25,2" hai3="70,63,108,68,129,20,18,39,130,71,106,110,19"/><W111/><G39/><T116/><D122/><U96/><E34/><V84/><F72/><W100/><G63/><T15/><D1/><U5/><E127/><V29/><F2/><W32/><G32/><T6/><D116/><U92/><E5/><V7/><F125/><W134/><G134/><T8/><D124/><U56/><E12/><V22/><F7/><W66/><G66/><T79/><D132/><U128/><E128/><N who="3" m="49258" /><G20/><T91/><D74/><U126/><E126/><V121/><F121/><W109/><N who="3" m="28160" /><DORA hai="99" /><W11/><G11/><T35/><D35/><U28/><E28/><V87/><F51/><W86/><G86/><T26/><REACH who="0" step="1"/><D76/><REACH who="0" ten="184,367,34,405" step="2"/><U43/><E113/><V114/><F114/><W33/><G33/><T36/><D36/><U80/><E112/><V3/><F3/><W95/><G106/><T14/><D14/><U104/><E104/><V44/><F44/><W77/><G77/><T55/><D55/><U75/><E75/><V117/><F117/><W94/><G100/><T9/><D9/><U48/><REACH who="1" step="1"/><E80/><REACH who="1" ten="184,357,34,405" step="2"/><V131/><F131/><W0/><G0/><T57/><D57/><U82/><E82/><V42/><F42/><W31/><G31/><AGARI ba="0,2" hai="6,8,15,21,26,31,45,50,53,78,79,85,91,93" machi="31" ten="30,12000,2" yaku="1,1,7,1,8,1,52,1,53,2" doraHai="83,99" doraHaiUra="73,120" who="0" fromWho="3" sc="184,140,357,0,34,0,405,-120" owari="324,12.0,357,46.0,34,-47.0,285,-11.0" /></mjloggm>