<mjloggm ver="2.3"><GO type="169" lobby="0"/><UN n0="%E3%82%A6%E3%83%AB%E3%83%88%E3%83%A9%E7%AB%8B%E7%9B%B4" n1="%74%61%6E%61%4B%61%E8%8A%8B%E5%AD%90" n2="%E8%B5%A4%E8%A3%8F%E3%83%9B%E3%82%B7%E3%83%BC%E3%83%8E" n3="%76%61%67%69%6F" dan="17,16,16,16" rate="2173.37,2044.72,2147.88,2128.60" sx="M,F,M,M"/><TAIKYOKU oya="0"/><INIT seed="0,0,0,3,5,96" ten="250,250,250,250" oya="0" hai0="68,94,128,34,100,21,8,64,17,131,37,66,130" hai1="18,13,120,72,4,121,39,36,54,51,9,3,67" hai2="110,23,16,134,82,11,133,83,42,125,118,79,88" hai3="104,52,56,1,55,129,122,116,24,115,90,45,43"/><T132/><D34/><U27/><E72/><V41/><F118/><W44/><G116/><T74/><D74/><U20/><E67/><N who="0" m="25641" /><D37/><U33/><E39/><V97/><F11/><W105/><G115/><T81/><D81/><U47/><REACH who="1" step="1"/><E36/><REACH who="1" ten="250,240,250,250" step="2"/><V109/><F125/><W2/><G122/><T117/><D117/><U62/><E62/><V12/><F79/><W102/><G129/><T91/><D68/><U77/><E77/><V80/><F42/><W19/><G43/><T108/><D132/><N who="2" m="50794" /><F41/><W48/><G55/><T10/><D128/><U124/><E124/><V35/><F35/><W101/><G52/><T119/><D131/><U73/><E73/><V84/><F97/><W46/><G48/><T135/><D130/><U59/><E59/><V111/><AGARI ba="0,1" hai="12,16,23,80,82,83,84,88,109,110,111" m="50794" machi="111" ten="40,8000,1" yaku="14,1,20,1,54,2" doraHai="96" who="2" fromWho="2" sc="250,-40,240,-20,250,90,250,-20" /><INIT seed="1,0,0,1,4,121" ten="210,220,340,230" oya="1" hai0="80,31,133,18,43,101,128,52,115,57,25,22,58" hai1="56,82,70,84,13,62,123,32,131,76,41,40,110" hai2="11,89,47,71,111,108,16,55,8,92,124,2,98" hai3="34,64,86,114,135,19,79,73,132,122,5,21,10"/><U134/><E123/><V7/><F71/><W50/><G122/><T99/><D115/><U87/><E131/><V53/><F124/><W75/><G114/><T113/><D113/><U28/><E134/><N who="3" m="51242" /><G34/><T88/><D133/><U20/><E70/><V59/><F47/><W104/><G104/><T45/><D128/><U26/><E87/><V85/><F85/><W69/><G50/><T38/><D57/><U63/><E63/><V127/><F127/><W72/><G64/><T44/><D44/><U14/><E110/><N who="2" m="42027" /><F59/><W4/><G69/><T39/><D39/><U105/><E105/><V36/><F36/><W106/><G106/><T54/><D58/><U91/><E76/><V103/><F103/><W0/><G5/><T130/><D130/><U3/><E3/><V23/><F8/><W97/><G97/><T49/><D38/><U35/><E35/><V37/><F37/><W27/><G86/><T83/><D101/><U51/><E32/><V107/><F107/><W96/><G96/><T78/><D78/><AGARI ba="0,0" hai="0,4,10,19,21,27,72,73,75,78,79" m="51242" machi="78" ten="40,1300,0" yaku="20,1" doraHai="121" who="3" fromWho="0" sc="210,-13,220,0,340,0,230,13" /><INIT seed="2,0,0,5,5,56" ten="197,220,340,243" oya="2" hai0="86,125,102,80,47,58,107,130,31,72,12,34,97" hai1="78,3,120,108,28,64,5,19,111,105,54,63,84" hai2="75,22,70,44,4,46,114,20,69,81,109,6,83" hai3="0,74,7,93,73,68,110,33,21,91,126,1,88"/><V113/><REACH who="2" step="1"/><F109/><REACH who="2" ten="197,220,330,243" step="2"/><W127/><G110/><T77/><D125/><U94/><E108/><V118/><F118/><W135/><G127/><T131/><D131/><U2/><E111/><V43/><F43/><W29/><G126/><T55/><D130/><U49/><E120/><V106/><F106/><W96/><G135/><T66/><D66/><U129/><E64/><V112/><F112/><W15/><G68/><T133/><D133/><U25/><E105/><V101/><F101/><W18/><G74/><AGARI ba="0,1" hai="4,6,20,22,44,46,69,70,74,75,81,83,113,114" machi="74" ten="25,18000,2" yaku="21,2,22,2,53,2" doraHai="56" doraHaiUra="17" who="2" fromWho="3" sc="197,0,220,0,330,190,243,-180" /><INIT seed="2,1,0,4,1,36" ten="197,220,520,63" oya="2" hai0="34,40,127,44,87,110,98,50,41,58,3,131,114" hai1="122,10,132,11,69,23,92,126,45,55,53,47,118" hai2="37,66,64,5,15,78,85,20,61,14,117,57,28" hai3="123,51,133,107,17,31,74,35,43,79,65,4,128"/><V102/><F117/><W125/><G123/><T103/><D34/><U68/><E118/><V46/><F102/><W19/><G107/><T97/><D3/><U54/><E92/><V21/><F66/><W104/><G104/><T7/><D114/><U124/><E122/><V82/><F28/><W96/><G96/><N who="0" m="36971" /><D103/><U30/><E23/><V91/><F78/><W24/><G65/><T109/><D7/><U134/><E55/><V112/><F112/><W25/><G125/><T22/><D22/><U129/><REACH who="1" step="1"/><E30/><REACH who="1" ten="197,210,520,63" step="2"/><V9/><F21/><W52/><G31/><T76/><D127/><U73/><E73/><V71/><F20/><W99/><G74/><T119/><D119/><U38/><E38/><V121/><F37/><W105/><G105/><T95/><D110/><U89/><E89/><V93/><F91/><W94/><G94/><T81/><D109/><U33/><E33/><V16/><F93/><W63/><G35/><T130/><D95/><U39/><E39/><V27/><F121/><W42/><G52/><N who="0" m="32023" /><D44/><U84/><E84/><V12/><F46/><W77/><G77/><T115/><D115/><U86/><E86/><V32/><F85/><W113/><G79/><T13/><D13/><U56/><E56/><V116/><F116/><W29/><G113/><T106/><D106/><U59/><E59/><V70/><F57/><W8/><G29/><T75/><D75/><U72/><E72/><V0/><F71/><W60/><G25/><T83/><D83/><U100/><E100/><V62/><F82/><W101/><G24/><T135/><D135/><U90/><E90/><RYUUKYOKU ba="1,1" sc="197,15,210,15,520,-15,63,-15" hai0="40,41,76,81,87,130,131" hai1="10,11,45,47,53,54,68,69,124,126,129,132,134" /><INIT seed="3,2,1,5,1,21" ten="212,225,505,48" oya="3" hai0="32,64,40,79,103,119,34,125,100,96,52,38,81" hai1="54,13,104,116,108,15,91,0,121,23,77,93,46" hai2="82,115,107,102,14,67,98,29,127,47,35,10,58" hai3="28,74,120,19,111,48,2,105,87,68,8,7,49"/><W114/><G74/><T97/><D119/><U60/><E0/><V43/><F115/><W12/><G114/><T1/><D1/><U71/><E104/><V57/><F127/><W112/><G112/><T129/><D125/><U18/><E121/><V66/><F82/><W36/><G36/><T133/><D133/><U50/><E77/><V130/><F130/><W126/><G120/><T86/><D64/><U24/><E116/><V78/><F78/><W132/><G126/><T31/><D129/><U106/><E106/><V113/><F113/><W85/><G105/><T53/><D40/><N who="1" m="24903" /><E71/><V16/><F58/><W73/><G73/><T134/><D38/><U39/><E39/><V65/><F57/><W94/><G68/><T99/><D134/><U27/><E108/><V109/><F109/><W22/><G132/><T69/><D69/><U117/><E117/><V95/><F107/><W45/><G111/><T44/><D34/><U128/><E128/><V41/><F47/><W26/><G94/><T61/><D61/><U59/><E13/><V101/><F101/><W4/><G4/><T51/><REACH who="0" step="1"/><D53/><REACH who="0" ten="202,225,505,48" step="2"/><U6/><E6/><V122/><F122/><W123/><G123/><T3/><D3/><U92/><E92/><V83/><F83/><W76/><G76/><T11/><D11/><U30/><E30/><V80/><F80/><W88/><G88/><T63/><D63/><U84/><AGARI ba="2,2" hai="15,18,23,24,27,54,59,60,84,91,93" m="24903" machi="84" ten="30,4000,0" yaku="8,1,52,2" doraHai="21" who="1" fromWho="1" sc="202,-12,225,66,505,-12,48,-22" /><INIT seed="4,0,0,4,4,133" ten="190,291,493,26" oya="0" hai0="123,126,59,19,54,119,83,55,32,57,52,13,97" hai1="41,14,111,135,95,132,109,94,116,87,108,11,85" hai2="36,44,127,105,71,17,65,40,31,21,42,89,3" hai3="68,33,49,67,30,20,100,130,106,118,66,58,34"/><T113/><D32/><U18/><E41/><V47/><F3/><W15/><G118/><T86/><D123/><U101/><E116/><V99/><F31/><W110/><G110/><T39/><D39/><U75/><E75/><V114/><F114/><W8/><G68/><T27/><D119/><U122/><E122/><V50/><F65/><W22/><G130/><T38/><D38/><U6/><E6/><V120/><F71/><W98/><G33/><T60/><D113/><U24/><E24/><V117/><F117/><W9/><G34/><T12/><D97/><N who="1" m="59575" /><E95/><V93/><F105/><W115/><G115/><T64/><D126/><U56/><E56/><V63/><F63/><W77/><G77/><T25/><D57/><U37/><E37/><V43/><F127/><W48/><G30/><T92/><D92/><U35/><E35/><V82/><F82/><W90/><G90/><T70/><D70/><U69/><E69/><V45/><F120/><W88/><G88/><N who="0" m="51295" /><D13/><U28/><E28/><V81/><F81/><W134/><G58/><T78/><D78/><U121/><E121/><V4/><F36/><W104/><G15/><T84/><D84/><U7/><E7/><V103/><F4/><W91/><G98/><T124/><D124/><U112/><E112/><V74/><F74/><W80/><G91/><T128/><D128/><U131/><E131/><V107/><F89/><W5/><G80/><T73/><D73/><U79/><E79/><V61/><F107/><W62/><G5/><T29/><D29/><U46/><E46/><V0/><F47/><W125/><G106/><RYUUKYOKU ba="0,0" sc="190,15,291,15,493,-15,26,-15" hai0="12,19,25,27,52,54,55,59,60,64" hai1="11,14,18,85,87,108,109,111,132,135" /><INIT seed="4,1,0,5,0,57" ten="205,306,478,11" oya="0" hai0="68,40,61,56,60,126,86,79,14,84,112,98,32" hai1="11,58,8,19,72,110,44,42,133,2,59,22,5" hai2="41,101,106,43,63,73,132,26,89,87,130,102,88" hai3="129,34,47,67,107,49,36,15,65,77,131,109,55"/><T114/><D32/><U115/><E110/><V78/><F73/><W38/><G107/><T71/><D40/><U135/><E115/><N who="0" m="44073" /><D98/><U105/><E105/><V24/><F87/><N who="0" m="33322" /><D79/><U85/><E85/><V100/><F78/><W121/><G77/><T117/><D117/><U128/><E72/><V127/><F102/><W113/><G113/><T104/><D104/><U92/><E92/><V1/><F106/><W30/><G109/><T95/><D95/><U83/><E83/><V17/><F101/><W12/><G121/><T27/><D27/><N who="1" m="14815" /><E8/><V25/><F100/><W51/><G34/><T54/><D14/><N who="3" m="5161" /><G30/><T81/><D81/><U0/><E0/><V99/><F26/><W53/><G38/><T90/><D90/><U125/><E11/><V66/><F25/><W35/><G36/><T118/><D118/><U75/><E75/><V124/><F24/><W93/><G93/><T28/><D28/><U29/><E29/><V94/><F94/><W64/><G35/><T103/><D103/><U96/><E2/><V16/><F1/><W74/><G74/><T62/><D126/><U21/><E125/><V39/><F124/><W9/><G9/><T119/><D119/><U70/><E5/><V111/><F127/><W82/><G82/><T4/><D4/><U18/><E42/><V45/><F111/><W52/><G47/><T3/><D3/><U91/><E44/><V108/><F45/><W10/><G10/><T7/><D7/><U37/><E37/><V50/><F39/><W33/><G33/><T46/><D46/><U97/><E97/><V134/><F99/><RYUUKYOKU ba="1,0" sc="205,15,306,-15,478,-15,11,15" hai0="54,56,60,61,62,68,71" hai3="49,51,52,53,55,64,65,67,129,131" /><INIT seed="4,2,0,4,2,107" ten="220,291,463,26" oya="0" hai0="77,62,5,13,123,44,36,105,42,16,112,111,90" hai1="94,64,71,25,89,83,97,2,67,102,101,27,66" hai2="91,23,103,9,122,48,72,10,127,19,60,113,31" hai3="129,82,43,34,1,70,68,135,0,84,17,130,30"/><T85/><D105/><U8/><E71/><N who="3" m="27178" /><G43/><T61/><D111/><U52/><E2/><N who="3" m="1130" /><G17/><T55/><D123/><U95/><E8/><V86/><F31/><W7/><G7/><T35/><D35/><U81/><E52/><V73/><F103/><N who="1" m="39433" /><E95/><V6/><F6/><W118/><G118/><T134/><D5/><U104/><E104/><V114/><F60/><W79/><G30/><T57/><D77/><U110/><E110/><V51/><F19/><W116/><G116/><T98/><D98/><U75/><E97/><V47/><F23/><W26/><G26/><T18/><D18/><U108/><E94/><V124/><F47/><W131/><G34/><T54/><D54/><U11/><E11/><V128/><F122/><W40/><G40/><T32/><D32/><U109/><E109/><V3/><F3/><W99/><G99/><T15/><D15/><U121/><E27/><V49/><F49/><W76/><G76/><T133/><D62/><U33/><E25/><V22/><F22/><W21/><G21/><T58/><D58/><U69/><E121/><V132/><F51/><W56/><G56/><T24/><D24/><U126/><E108/><V20/><F48/><W4/><G4/><T53/><D53/><U74/><E69/><V12/><F20/><W46/><G46/><T115/><D16/><U88/><E33/><V120/><F12/><W59/><G59/><T39/><D13/><U41/><E41/><V63/><F10/><W92/><G92/><N who="0" m="54351" /><D36/><U45/><E45/><V125/><F9/><W87/><G87/><T119/><D119/><U50/><E50/><RYUUKYOKU ba="2,0" sc="220,15,291,-15,463,-15,26,15" hai0="39,42,44,55,57,61,112,115,133,134" hai3="79,82,84,129,130,131,135" /><INIT seed="4,3,0,5,2,111" ten="235,276,448,41" oya="0" hai0="80,61,90,21,112,77,127,20,25,16,89,37,135" hai1="15,97,102,67,48,109,63,0,1,7,79,54,105" hai2="123,8,10,64,75,119,85,76,104,110,65,78,38" hai3="73,120,3,70,9,12,103,60,34,88,86,108,132"/><T96/><D37/><U39/><E109/><V101/><F38/><W29/><G73/><T126/><D135/><U44/><E97/><V19/><F110/><W23/><G108/><T94/><D112/><U45/><E79/><V22/><F104/><W116/><G103/><T32/><D32/><U11/><E102/><V129/><F101/><W118/><G132/><T42/><D42/><U92/><E92/><V68/><F85/><W124/><G120/><T52/><D90/><U114/><E105/><V31/><F19/><W93/><G124/><T28/><D21/><U98/><E98/><V58/><F22/><W59/><G70/><T43/><D43/><U81/><E81/><V91/><F31/><W41/><G41/><T26/><D26/><U46/><E114/><V99/><F91/><W113/><G113/><T57/><D28/><U95/><E95/><V133/><F99/><W115/><G115/><T72/><AGARI ba="3,0" hai="16,20,25,52,57,61,72,77,80,89,94,96,126,127" machi="72" ten="30,12000,1" yaku="0,1,25,2,54,2" doraHai="111" who="0" fromWho="0" sc="235,129,276,-43,448,-43,41,-43" owari="364,16.0,233,-17.0,405,51.0,-2,-50.0" /></mjloggm>