<mjloggm ver="2.3"><GO type="97" lobby="0"/><UN n0="%75%6F%6B%6B%61%34%39%34" n1="%28%2F%D0%B4%EF%BC%BC%2A%29" n2="%E3%82%A6%E3%83%AB%E3%83%88%E3%83%A9%E7%AB%8B%E7%9B%B4" n3="%44%4F%41%4C%41%40" dan="15,15,14,14" rate="1967.01,1940.01,1969.33,1924.62" sx="M,F,M,M"/><TAIKYOKU oya="0"/><INIT seed="0,0,0,1,1,92" ten="250,250,250,250" oya="0" hai0="110,130,53,36,32,61,89,97,57,122,100,43,27" hai1="69,134,46,126,80,34,21,58,44,16,128,98,52" hai2="47,54,108,51,103,115,5,24,135,20,99,75,68" hai3="70,40,101,37,127,125,73,66,18,19,9,12,120"/><T84/><D122/><U28/><E69/><V62/><F75/><W35/><G35/><T96/><D130/><U10/><E128/><V118/><F115/><W4/><G73/><T79/><D79/><U31/><E134/><V42/><F135/><W123/><G101/><T8/><D110/><U45/><E126/><N who="3" m="48138" /><G37/><T13/><D100/><U76/><E10/><V65/><F108/><W63/><G40/><T117/><D117/><U114/><E114/><V106/><F5/><W86/><G86/><T49/><D36/><U22/><E22/><V111/><F111/><W41/><G41/><T109/><D109/><U102/><E80/><V121/><F121/><AGARI ba="0,0" hai="4,9,12,18,19,63,66,70,120,121,123" m="48138" machi="121" ten="30,2000,0" yaku="13,1,18,1" doraHai="92" who="3" fromWho="2" sc="250,0,250,0,250,-20,250,20" /><INIT seed="1,0,0,2,2,129" ten="250,250,230,270" oya="1" hai0="130,53,116,126,102,56,26,1,62,97,52,91,121" hai1="125,6,4,80,103,21,69,64,15,98,101,61,65" hai2="46,60,54,55,105,11,9,28,134,89,58,18,43" hai3="57,78,75,106,48,110,104,68,127,30,112,118,133"/><U38/><E38/><V92/><F105/><W63/><G112/><T83/><D1/><U100/><E125/><V66/><F28/><W109/><G127/><T59/><D126/><U19/><E65/><V87/><F55/><W22/><G118/><T115/><D115/><U44/><E98/><V3/><F3/><W36/><G36/><T131/><D116/><U73/><REACH who="1" step="1"/><E44/><REACH who="1" ten="250,240,230,270" step="2"/><V123/><F123/><W39/><G39/><T81/><D121/><U10/><E10/><V111/><F66/><W45/><G45/><T82/><D131/><U70/><E70/><V99/><F99/><W7/><G68/><T88/><D130/><U50/><E50/><V67/><F67/><W23/><G48/><T0/><D0/><U119/><E119/><V84/><F11/><W51/><G51/><T29/><D59/><U71/><E71/><V77/><F9/><W114/><G57/><T47/><D47/><U135/><E135/><V33/><F46/><W35/><G133/><T31/><D53/><U76/><AGARI ba="0,1" hai="4,6,15,19,21,61,64,69,73,76,80,100,101,103" machi="76" ten="30,3000,0" yaku="1,1,0,1,53,0" doraHai="129" doraHaiUra="37" who="1" fromWho="1" sc="250,-10,240,40,230,-10,270,-10" /><INIT seed="1,1,0,1,3,112" ten="240,280,220,260" oya="1" hai0="62,54,19,84,101,132,64,86,111,77,89,93,7" hai1="49,48,4,58,10,60,70,65,119,37,3,104,66" hai2="47,126,5,8,95,68,128,109,76,110,67,83,127" hai3="17,55,11,78,130,15,80,16,72,59,35,63,129"/><U30/><E119/><V117/><F67/><W41/><G35/><T82/><D132/><U61/><E104/><V123/><F68/><W120/><G120/><T71/><D111/><N who="2" m="42506" /><F123/><W39/><G39/><T85/><D101/><U69/><E37/><V52/><F95/><W31/><G31/><T74/><D7/><U79/><E79/><V115/><F115/><W40/><REACH who="3" step="1"/><G17/><REACH who="3" ten="240,280,220,250" step="2"/><T114/><D114/><U131/><E131/><AGARI ba="1,1" hai="11,15,16,40,41,55,59,63,72,78,80,129,130,131" machi="131" ten="40,8000,1" yaku="1,1,2,1,19,1,54,1,53,1" doraHai="112" doraHaiUra="12" who="3" fromWho="1" sc="240,0,280,-83,220,0,250,93" /><INIT seed="2,0,0,5,1,71" ten="240,197,220,343" oya="2" hai0="89,15,80,29,94,73,5,62,1,126,69,115,81" hai1="20,98,14,86,22,134,11,128,132,52,54,107,7" hai2="111,53,49,90,102,135,47,42,50,18,114,104,100" hai3="122,19,63,70,125,2,127,8,82,103,130,72,35"/><V121/><F121/><W95/><G122/><T23/><D115/><U67/><E128/><V112/><F102/><W106/><G35/><T48/><D126/><U55/><E67/><V59/><F100/><W120/><G120/><T41/><D1/><U75/><E75/><V66/><F104/><W84/><G72/><T33/><D33/><U119/><E119/><V83/><F83/><W133/><G106/><T24/><D73/><U97/><E86/><V28/><F28/><W105/><G105/><T64/><D41/><U76/><E76/><V44/><F90/><W123/><G123/><T79/><D48/><U9/><E9/><V78/><F18/><W116/><G116/><T60/><D60/><U92/><E107/><V124/><F78/><W113/><G113/><N who="2" m="43625" /><F124/><N who="3" m="47691" /><G130/><T110/><D110/><U56/><E56/><V25/><F25/><W99/><G133/><N who="1" m="51306" /><E98/><V26/><F26/><W77/><G70/><T40/><D79/><U37/><E37/><N who="2" m="21583" /><F135/><W39/><G39/><T65/><D81/><U101/><AGARI ba="0,0" hai="7,11,14,20,22,52,54,55,92,97,101" m="51306" machi="101" ten="30,2000,0" yaku="20,1,54,1" doraHai="71" who="1" fromWho="1" sc="240,-5,197,20,220,-10,343,-5" /><INIT seed="3,0,0,2,4,97" ten="235,217,210,338" oya="3" hai0="24,23,106,127,115,79,20,74,118,113,38,60,132" hai1="45,87,31,25,103,1,84,39,85,133,57,131,16" hai2="130,91,0,92,62,66,102,9,22,43,100,123,69" hai3="119,76,94,81,112,122,15,105,89,90,116,111,107"/><W125/><G15/><T29/><D106/><N who="3" m="40457" /><G122/><T65/><D38/><U77/><E1/><V99/><F123/><W86/><G112/><N who="0" m="43083" /><D118/><N who="3" m="45097" /><G125/><T19/><D127/><U104/><E133/><V51/><F130/><W75/><G90/><T44/><D132/><U26/><E39/><V2/><F22/><W56/><G56/><N who="0" m="36999" /><D44/><U8/><E45/><V21/><F21/><W47/><G47/><T42/><D42/><U30/><E57/><V53/><F43/><W78/><G78/><T13/><D79/><U35/><E77/><V83/><F9/><W52/><G52/><T58/><D58/><U110/><E131/><V73/><F73/><AGARI ba="0,0" hai="13,19,20,23,24,29,73,74" m="36999,43083" machi="73" ten="30,1000,0" yaku="11,1" doraHai="97" who="0" fromWho="2" sc="235,10,217,0,210,-10,338,0" owari="245,5.0,217,-18.0,200,-30.0,338,43.0" /></mjloggm>