<mjloggm ver="2.3"><GO type="41" lobby="0"/><UN n0="%E3%81%AB%E3%82%83%E3%82%81%E3%81%97" n1="%E3%81%8A%E3%81%84%E3%81%A9%E3%82%93%E3%81%95%E3%82%93" n2="%E3%82%A6%E3%83%AB%E3%83%88%E3%83%A9%E7%AB%8B%E7%9B%B4" n3="%E6%B6%88%E7%81%AB%E5%99%A8" dan="14,14,15,16" rate="1978.54,1978.28,2012.42,1961.25" sx="M,M,M,M"/><TAIKYOKU oya="0"/><INIT seed="0,0,0,3,4,26" ten="250,250,250,250" oya="0" hai0="78,96,128,54,15,68,53,18,61,134,31,129,81" hai1="112,71,55,102,116,13,39,79,114,28,94,86,77" hai2="33,32,42,106,127,131,72,92,83,38,73,48,124" hai3="66,47,103,91,75,118,1,122,113,84,121,30,14"/><T85/><D134/><U19/><E39/><V62/><F106/><W46/><G1/><T12/><D96/><U133/><E71/><V59/><F38/><W16/><G75/><T64/><D15/><U135/><E55/><V67/><F92/><W45/><G113/><T70/><D70/><U104/><E13/><V17/><F17/><W3/><G3/><T11/><REACH who="0" step="1"/><D31/><REACH who="0" ten="240,250,250,250" step="2"/><U22/><E116/><V90/><F131/><AGARI ba="0,1" hai="11,12,18,53,54,61,64,68,78,81,85,128,129,131" machi="131" ten="40,7700,0" yaku="1,1,2,1,19,1,53,0" doraHai="26" doraHaiUra="93" who="0" fromWho="2" sc="240,87,250,0,250,-77,250,0" /><INIT seed="0,1,0,3,3,101" ten="327,250,173,250" oya="0" hai0="29,111,121,114,47,118,134,20,24,84,129,28,11" hai1="1,10,115,66,103,71,2,130,124,38,89,98,132" hai2="106,19,18,75,65,6,9,59,26,105,74,8,95" hai3="104,30,88,113,119,45,81,116,87,67,62,23,69"/><T58/><D47/><U61/><E132/><V108/><F95/><W35/><G113/><T128/><D84/><U68/><E115/><V83/><F26/><W25/><G45/><T86/><D86/><U85/><E130/><V123/><F6/><W40/><G40/><T49/><D49/><U110/><E110/><V41/><F59/><W0/><G0/><T54/><D54/><U63/><E38/><V102/><F102/><W52/><G52/><T56/><D114/><U126/><E10/><V36/><F108/><W50/><G50/><T27/><D11/><N who="2" m="4170" /><F83/><W37/><G37/><T70/><D20/><U34/><E34/><V46/><F65/><W44/><G44/><T76/><D76/><U79/><E79/><V112/><F46/><W7/><G7/><T91/><D91/><U131/><E131/><V109/><F109/><W82/><G82/><T77/><D77/><U13/><E13/><V135/><F36/><W133/><G133/><T97/><D97/><U73/><E73/><N who="2" m="27659" /><F112/><W96/><G23/><T32/><D111/><U100/><E85/><V72/><N who="2" m="27667" /><V21/><DORA hai="125" /><F21/><W93/><G81/><T48/><D134/><U127/><E89/><V57/><F57/><W92/><G92/><T53/><D56/><U14/><E14/><V39/><F135/><W17/><G17/><N who="2" m="6153" /><F123/><W107/><REACH who="3" step="1"/><G87/><REACH who="3" ten="327,250,173,240" step="2"/><T122/><D128/><U51/><E51/><V94/><F94/><W3/><G3/><T22/><D129/><U117/><E2/><V12/><F39/><W55/><G55/><T43/><D121/><U99/><E1/><V60/><F41/><RYUUKYOKU ba="1,1" sc="327,-10,250,-10,173,-10,240,30" hai3="25,30,35,62,67,69,88,93,96,104,107,116,119" /><INIT seed="1,2,1,0,3,1" ten="317,240,163,270" oya="1" hai0="103,83,127,77,84,82,90,58,91,126,38,52,45" hai1="25,65,2,24,12,44,66,21,99,7,36,80,100" hai2="104,114,19,46,27,110,48,128,34,132,130,106,93" hai3="29,20,118,68,79,94,32,16,116,47,108,111,43"/><U119/><E119/><N who="3" m="45610" /><G68/><T26/><D103/><U31/><E80/><V134/><F19/><W96/><G79/><T15/><D15/><U125/><E125/><N who="0" m="47625" /><D26/><U101/><E36/><V54/><F27/><N who="3" m="14727" /><G32/><T37/><D82/><U62/><E44/><V5/><F34/><W87/><G87/><T3/><D3/><U64/><E2/><V123/><F123/><W115/><G29/><T55/><D55/><U57/><E25/><V124/><F124/><W30/><G30/><T40/><D38/><U102/><E99/><V53/><F93/><W56/><G115/><T39/><D39/><U76/><E76/><V41/><F41/><W72/><G72/><T89/><D77/><U61/><REACH who="1" step="1"/><E57/><REACH who="1" ten="317,230,163,270" step="2"/><V85/><F46/><W109/><G56/><T11/><D11/><AGARI ba="2,2" hai="7,11,12,21,24,31,61,62,64,65,66,100,101,102" machi="11" ten="40,12000,1" yaku="1,1,2,1,8,1,52,1,53,0" doraHai="1" doraHaiUra="122" who="1" fromWho="0" sc="317,-126,230,146,163,0,270,0" /><INIT seed="1,3,0,2,0,130" ten="191,376,163,270" oya="1" hai0="119,82,99,109,70,80,21,114,76,81,89,17,129" hai1="121,27,127,92,38,74,15,122,58,41,30,36,95" hai2="104,78,120,9,8,54,108,94,25,47,100,83,96" hai3="49,65,45,71,66,97,12,125,62,0,117,67,60"/><U113/><E74/><V102/><F108/><W77/><G0/><T72/><D114/><U112/><E15/><V69/><F120/><W68/><G77/><T52/><D119/><U106/><E106/><V123/><F69/><N who="3" m="26699" /><G12/><T23/><D70/><U16/><E127/><V7/><F123/><W22/><G22/><T128/><D109/><U50/><E30/><V44/><F9/><W18/><G18/><T13/><D23/><U2/><E2/><V132/><F25/><W131/><G97/><T4/><D4/><U118/><E118/><V26/><F26/><W39/><G117/><T101/><D89/><U31/><E31/><V107/><F54/><N who="3" m="29999" /><G131/><N who="0" m="50251" /><D52/><U55/><E41/><V35/><F35/><W20/><G20/><T33/><D33/><U42/><E42/><V134/><F94/><AGARI ba="3,0" hai="13,17,21,72,76,80,81,82,94,99,101" m="50251" machi="94" ten="30,1000,0" yaku="19,1" doraHai="130" who="0" fromWho="2" sc="191,19,376,0,163,-19,270,0" /><INIT seed="2,0,0,4,5,33" ten="210,376,144,270" oya="2" hai0="4,83,0,130,72,41,58,59,126,118,116,123,10" hai1="52,85,62,37,6,93,42,11,14,106,131,45,70" hai2="121,28,101,78,111,80,105,34,91,132,60,24,113" hai3="8,127,55,90,77,89,63,12,39,31,66,20,82"/><V99/><F121/><W1/><G127/><T22/><D123/><U19/><E106/><V114/><F132/><W47/><G1/><T26/><D126/><U71/><E131/><V7/><F111/><W49/><G39/><T128/><D41/><U15/><E93/><V13/><F13/><W36/><G36/><T87/><D72/><U100/><E100/><V21/><F21/><W134/><G134/><T95/><D95/><U102/><E102/><V92/><F7/><W122/><G122/><T40/><D40/><U108/><E85/><V54/><F54/><W17/><G31/><T68/><D68/><U50/><E62/><V53/><F53/><W109/><G8/><T51/><D51/><U29/><E29/><V117/><F117/><N who="0" m="45162" /><D22/><U46/><E108/><V57/><F57/><N who="0" m="21514" /><D26/><U81/><E81/><V107/><F60/><W25/><G25/><T48/><D48/><U79/><E79/><AGARI ba="0,0" hai="0,4,10,79,83,87,128,130" m="21514,45162" machi="79" ten="30,2000,0" yaku="12,1,52,1" doraHai="33" who="0" fromWho="1" sc="210,20,376,-20,144,0,270,0" /><INIT seed="3,0,0,0,0,32" ten="230,356,144,270" oya="3" hai0="15,111,122,97,107,102,23,37,67,60,133,58,11" hai1="56,112,103,66,95,84,41,80,96,33,30,134,19" hai2="124,16,83,92,27,88,17,100,22,131,0,74,35" hai3="3,118,55,105,93,128,44,119,125,109,29,57,54"/><W120/><G105/><T25/><D122/><U110/><E112/><V73/><F35/><W71/><G29/><T10/><D133/><U42/><E134/><V6/><F124/><W99/><G120/><T65/><D111/><U4/><E110/><V28/><F131/><W5/><G109/><T76/><D37/><U31/><E4/><V9/><F100/><W116/><G71/><T59/><D76/><U47/><E33/><V130/><F130/><W64/><G128/><T89/><D89/><U39/><E42/><V61/><F61/><W78/><G125/><T68/><D65/><U20/><E56/><V43/><F43/><W34/><G34/><T7/><REACH who="0" step="1"/><D11/><REACH who="0" ten="220,356,144,270" step="2"/><U62/><E66/><V52/><F52/><W26/><G78/><T85/><D85/><U113/><E113/><V48/><F48/><W45/><G64/><T91/><D91/><U90/><E62/><V123/><F123/><W81/><G116/><T24/><D24/><AGARI ba="0,1" hai="19,20,24,30,31,39,41,47,80,84,90,95,96,103" machi="24" ten="30,1000,0" yaku="7,1" doraHai="32" who="1" fromWho="0" sc="220,-10,356,20,144,0,270,0" /><INIT seed="4,0,0,0,5,121" ten="210,376,144,270" oya="0" hai0="2,37,125,57,8,101,19,130,48,10,123,96,106" hai1="88,40,53,107,14,60,17,122,64,1,92,87,67" hai2="32,135,45,91,24,18,76,46,83,23,51,12,58" hai3="79,89,71,33,5,102,22,75,132,30,56,43,82"/><T78/><D123/><U90/><E107/><V77/><F135/><W84/><G71/><T13/><D37/><U16/><E1/><V50/><F58/><W70/><G70/><T66/><D130/><U114/><E114/><V39/><F39/><W133/><G33/><T54/><D125/><U11/><E122/><V20/><F32/><W73/><G5/><T49/><D66/><U65/><E40/><V44/><F91/><W93/><G43/><T72/><D78/><U85/><E17/><V6/><F6/><W117/><G117/><T128/><D128/><U111/><E111/><V42/><F83/><W15/><G73/><T126/><D126/><U104/><E104/><V105/><F105/><W4/><G4/><T27/><D27/><U127/><E127/><V118/><F118/><W3/><G3/><T36/><D36/><U61/><E53/><V103/><F103/><W81/><G56/><T34/><D34/><U68/><E68/><V113/><F113/><W124/><G124/><T25/><D2/><U98/><E98/><V110/><F110/><W55/><G55/><T9/><D25/><U26/><E26/><V129/><F129/><W52/><G52/><T134/><D134/><U69/><E69/><V80/><F80/><AGARI ba="0,0" hai="11,14,16,60,61,64,65,67,80,85,87,88,90,92" machi="80" ten="40,5200,0" yaku="8,1,54,2" doraHai="121" who="1" fromWho="2" sc="210,0,376,52,144,-52,270,0" /><INIT seed="5,0,0,1,2,85" ten="210,428,92,270" oya="1" hai0="121,27,124,4,24,16,63,59,92,52,53,76,132" hai1="64,66,82,129,81,55,14,71,96,133,115,26,42" hai2="29,130,65,56,112,19,18,13,110,8,22,49,36" hai3="88,122,127,7,87,84,21,100,72,123,12,31,83"/><U79/><E129/><V3/><F36/><W102/><G72/><T109/><D109/><U25/><E133/><V90/><F3/><W40/><G127/><T117/><D117/><U80/><E71/><V116/><F130/><W28/><G122/><T106/><D106/><U125/><E42/><V68/><F116/><W75/><G75/><T93/><D132/><U5/><E125/><V17/><F112/><W35/><G35/><T2/><D124/><U45/><E79/><V104/><F104/><W99/><G123/><T10/><D121/><U94/><E14/><V32/><F110/><W57/><G40/><T74/><D27/><N who="1" m="10251" /><E5/><V46/><F68/><W1/><G1/><T95/><D74/><U97/><E115/><V62/><F32/><W0/><G0/><T105/><D105/><U86/><E86/><V60/><F60/><W128/><G84/><T58/><D76/><U134/><E134/><V38/><F38/><W47/><G87/><T114/><D114/><U30/><E30/><V101/><F101/><W108/><G100/><T44/><D44/><U6/><E6/><V70/><F70/><W37/><G102/><T39/><D39/><U91/><E97/><V9/><F9/><W11/><G11/><T73/><D73/><U23/><E23/><V41/><F29/><W103/><G28/><T77/><D77/><U20/><E20/><V69/><F69/><W126/><G31/><T135/><D135/><U43/><E43/><V89/><F22/><W67/><G126/><T131/><D131/><U111/><E111/><V48/><F48/><AGARI ba="0,0" hai="45,48,55,64,66,80,81,82,91,94,96" m="10251" machi="48" ten="30,2900,0" yaku="8,1,52,1" doraHai="85" who="1" fromWho="2" sc="210,0,428,29,92,-29,270,0" /><INIT seed="5,1,0,2,0,131" ten="210,457,63,270" oya="1" hai0="102,92,65,118,3,109,83,2,71,55,37,69,68" hai1="8,114,73,21,64,27,101,85,81,103,33,91,4" hai2="45,70,127,110,16,126,51,0,38,14,36,75,24" hai3="128,31,115,54,57,123,46,125,62,84,74,7,61"/><U25/><E73/><V97/><F0/><W76/><G74/><T42/><D109/><U94/><E114/><V90/><F75/><W18/><G123/><T26/><D118/><U132/><E132/><V13/><F70/><W88/><G128/><T100/><D83/><U107/><E107/><V130/><F110/><W11/><G115/><T112/><D112/><U108/><E108/><V106/><F130/><W89/><G125/><N who="2" m="47625" /><F14/><N who="3" m="5503" /><G31/><T50/><D65/><U53/><E64/><V117/><F24/><W56/><G46/><T41/><D26/><U80/><E33/><V66/><F66/><N who="3" m="39207" /><G18/><T19/><D19/><U133/><E53/><N who="2" m="29935" /><F117/><W34/><G34/><T129/><D129/><U43/><E43/><N who="0" m="16393" /><D37/><U22/><E27/><V28/><F28/><W58/><G58/><T111/><D111/><U17/><E22/><N who="2" m="11535" /><F106/><W12/><G12/><T124/><D124/><U87/><E8/><V47/><F47/><W113/><G113/><T122/><D122/><U5/><E5/><V29/><F29/><W79/><G57/><N who="0" m="33015" /><D68/><U60/><E4/><V9/><F9/><W116/><G116/><T39/><D69/><U95/><E25/><V77/><F77/><W86/><G76/><T105/><D39/><U23/><E17/><V120/><F120/><W63/><G79/><T44/><D71/><U15/><E15/><V135/><F135/><W104/><G104/><T93/><D44/><U134/><E60/><V20/><F20/><W99/><G63/><T35/><D35/><U48/><E48/><V72/><F72/><W96/><G62/><T52/><D105/><U10/><E10/><RYUUKYOKU ba="1,0" sc="210,-15,457,15,63,15,270,-15" hai1="21,23,80,81,85,87,91,94,95,101,103,133,134" hai2="36,38,90,97" /><INIT seed="5,2,0,0,5,80" ten="195,472,78,255" oya="1" hai0="19,130,76,61,89,23,4,93,18,14,16,58,53" hai1="64,45,81,2,100,12,21,50,7,128,9,118,123" hai2="83,85,20,26,68,73,22,15,107,11,129,48,33" hai3="97,67,10,77,75,31,92,35,135,38,96,39,41"/><U0/><E123/><V65/><F107/><W59/><G135/><T17/><D130/><U43/><E118/><V115/><F73/><W94/><G75/><T63/><D76/><U108/><E100/><V36/><F36/><W32/><G77/><T78/><D78/><U125/><E125/><V71/><F129/><W40/><G10/><T37/><D37/><U8/><E128/><V113/><F33/><W134/><G59/><T74/><D74/><U49/><E108/><V57/><F48/><W104/><G134/><T124/><D124/><U44/><E64/><V69/><F57/><W117/><G67/><T122/><D122/><U116/><E116/><V105/><F105/><W132/><G132/><T127/><D127/><U99/><E21/><V101/><F101/><W72/><G104/><T88/><D4/><U70/><E70/><V62/><F62/><N who="0" m="23562" /><D93/><U110/><E110/><V84/><F65/><W34/><G72/><T119/><D119/><U82/><E99/><V28/><F20/><W114/><G117/><T87/><D87/><U121/><E121/><V120/><F120/><W52/><G35/><T106/><D106/><U95/><E95/><V54/><F54/><W60/><G52/><T6/><D6/><U46/><E43/><V90/><REACH who="2" step="1"/><F84/><REACH who="2" ten="195,472,68,255" step="2"/><W13/><G41/><T3/><D3/><U66/><E66/><V109/><F109/><W5/><G40/><T91/><D53/><U56/><E56/><AGARI ba="2,1" hai="14,16,17,18,19,23,56,58,88,89,91" m="23562" machi="56" ten="40,5200,0" yaku="8,1,54,2" doraHai="80" who="0" fromWho="1" sc="195,68,472,-58,68,0,255,0" /><INIT seed="6,0,0,3,3,127" ten="263,414,68,255" oya="2" hai0="50,105,0,44,79,93,35,108,128,104,53,25,121" hai1="88,52,37,23,82,89,133,100,63,74,14,9,54" hai2="6,75,3,126,42,51,12,124,59,80,47,119,69" hai3="33,60,2,11,46,43,30,5,132,101,4,70,113"/><V21/><F119/><W81/><G5/><T39/><D108/><U61/><E37/><V72/><F69/><W38/><G132/><T86/><D121/><U1/><E1/><V18/><F3/><W73/><G101/><T13/><D0/><U87/><E133/><V117/><F117/><W120/><G120/><T118/><D118/><U78/><E100/><V57/><F6/><W56/><G113/><T77/><D39/><U71/><E23/><V114/><F114/><W84/><G70/><T111/><D111/><U64/><E74/><V129/><F59/><W95/><G95/><T29/><D128/><U20/><E20/><V55/><F129/><W27/><G73/><T10/><D79/><U36/><E36/><V62/><REACH who="2" step="1"/><F80/><REACH who="2" ten="263,414,58,255" step="2"/><W26/><G56/><T125/><D125/><AGARI ba="0,1" hai="12,18,21,42,47,51,55,57,62,72,75,124,125,126" machi="125" ten="40,7700,0" yaku="1,1,2,1,18,1,53,0" doraHai="127" doraHaiUra="68" who="2" fromWho="0" sc="263,-77,414,0,58,87,255,0" /><INIT seed="6,1,0,3,1,116" ten="186,414,145,255" oya="2" hai0="82,40,4,83,112,117,93,97,0,73,107,132,36" hai1="133,60,45,51,110,3,12,70,123,49,67,69,126" hai2="102,35,27,90,2,131,74,32,77,26,34,88,30" hai3="31,76,98,43,118,55,7,86,91,96,121,71,81"/><V20/><F102/><W23/><G121/><T57/><D117/><U101/><E3/><V92/><F2/><W44/><G71/><T58/><D112/><U54/><E123/><V19/><F131/><W53/><G118/><T115/><D115/><U124/><E101/><V1/><F1/><W24/><G7/><T11/><D132/><U89/><E133/><V104/><F104/><W41/><G41/><T5/><D107/><U134/><E134/><V108/><F108/><W130/><G130/><T15/><D82/><U79/><E79/><V37/><F37/><W8/><G8/><T50/><D50/><U47/><E89/><V10/><F10/><W21/><G21/><T100/><D15/><U33/><E12/><V9/><F9/><W13/><G13/><T105/><D5/><U6/><E6/><V48/><F90/><W106/><G106/><T62/><D93/><U87/><E87/><V39/><F39/><W120/><G120/><T68/><D62/><U14/><E14/><V56/><F77/><W99/><G91/><T16/><D16/><U52/><E33/><V78/><F78/><W22/><G22/><T84/><D84/><U64/><E110/><V119/><F74/><W80/><G80/><T103/><D103/><U65/><E65/><V59/><F119/><W114/><G114/><T63/><D63/><AGARI ba="1,0" hai="45,47,49,51,52,54,60,63,64,67,69,70,124,126" machi="63" ten="40,12000,2" yaku="32,3,34,3,54,1" doraHai="116" who="1" fromWho="0" sc="186,-123,414,123,145,0,255,0" /><INIT seed="7,0,0,1,3,65" ten="63,537,145,255" oya="3" hai0="89,75,47,84,85,2,22,73,130,61,19,68,70" hai1="45,40,33,49,86,87,1,94,13,88,46,77,38" hai2="43,105,107,129,101,4,52,126,127,35,42,135,115" hai3="67,57,133,15,103,98,66,26,83,55,64,131,78"/><W23/><G133/><T92/><D2/><U11/><E33/><V50/><F35/><W79/><G131/><T36/><D130/><U59/><E1/><V102/><F4/><W123/><G123/><T60/><D60/><U117/><E117/><V120/><F129/><W21/><G15/><T56/><D75/><U54/><E77/><V69/><F115/><W37/><G37/><T119/><D119/><U125/><E125/><N who="2" m="47627" /><F135/><W100/><G21/><T121/><D121/><U113/><E113/><V132/><F132/><W51/><G83/><T63/><D73/><U106/><E106/><N who="2" m="40459" /><F120/><W10/><G10/><T91/><D61/><U62/><E86/><V71/><F43/><W97/><G97/><T124/><D124/><U5/><E46/><N who="2" m="27735" /><F42/><W44/><G44/><T96/><D47/><U128/><REACH who="1" step="1"/><E128/><REACH who="1" ten="63,527,145,255" step="2"/><V72/><F72/><W80/><G98/><T7/><D36/><AGARI ba="0,1" hai="5,11,13,36,38,40,45,49,54,59,62,87,88,94" machi="36" ten="40,8000,1" yaku="1,1,2,1,54,1,53,1" doraHai="65" doraHaiUra="0" who="1" fromWho="0" sc="63,-80,527,90,145,0,255,0" owari="-17,-52.0,617,71.0,145,-25.0,255,6.0" /></mjloggm>