<mjloggm ver="2.3"><GO type="97" lobby="0"/><UN n0="%E3%82%A6%E3%83%AB%E3%83%88%E3%83%A9%E7%AB%8B%E7%9B%B4" n1="%6D%69%6B%61%6E%69%6D%61" n2="%EF%BC%AD%EF%BC%A6%E3%83%99%E3%83%83%E3%82%AB%E3%83%A0" n3="%E3%82%AB%E3%83%8B%E3%82%AF%E3%83%AC%EF%BD%9E%E3%83%B3" dan="14,13,14,13" rate="1968.08,1856.71,1909.42,1934.91" sx="M,M,F,M"/><TAIKYOKU oya="0"/><INIT seed="0,0,0,0,4,1" ten="250,250,250,250" oya="0" hai0="91,81,125,19,7,22,70,4,45,40,121,12,56" hai1="115,37,27,73,36,113,25,85,95,35,20,14,17" hai2="11,109,61,39,62,5,50,23,127,66,57,29,47" hai3="75,107,15,87,8,110,63,119,83,112,106,82,132"/><T53/><D70/><U64/><E73/><V69/><F127/><W38/><G38/><T134/><D121/><U58/><E64/><V103/><F109/><W120/><G110/><T135/><D125/><U43/><E58/><V72/><F72/><W102/><G120/><T3/><D3/><U131/><E131/><V44/><F103/><W6/><G119/><T97/><D134/><U0/><E0/><V124/><F124/><W32/><G32/><T42/><D135/><U76/><E35/><V128/><F128/><W94/><G132/><T126/><D126/><U84/><E84/><V21/><F29/><W34/><G34/><T86/><D97/><U98/><E76/><V51/><F39/><W13/><G112/><N who="1" m="43082" /><E85/><V133/><F133/><W88/><G15/><T71/><D71/><U59/><E59/><V52/><F50/><W123/><G123/><T118/><D118/><U80/><E80/><V111/><F44/><W90/><G63/><N who="0" m="36239" /><D45/><N who="1" m="23783" /><E37/><V55/><REACH who="2" step="1"/><F111/><REACH who="2" ten="250,250,240,250" step="2"/><W60/><G60/><T74/><D74/><U104/><E104/><V130/><F130/><W89/><G106/><T28/><D28/><U31/><E31/><V117/><F117/><W99/><REACH who="3" step="1"/><G82/><REACH who="3" ten="250,250,240,240" step="2"/><T79/><D79/><AGARI ba="0,2" hai="6,8,13,75,79,83,87,88,89,90,94,99,102,107" machi="79" ten="40,12000,2" yaku="1,1,2,1,24,2,52,1,54,1,53,1" doraHai="1" doraHaiUra="9" who="3" fromWho="0" sc="250,-120,250,0,240,0,240,140" /><INIT seed="1,0,0,3,2,35" ten="130,250,240,380" oya="1" hai0="67,48,25,39,110,29,5,133,73,96,80,94,53" hai1="131,63,95,21,72,2,91,135,75,37,32,107,59" hai2="61,85,10,84,100,12,103,130,69,129,116,109,20" hai3="125,86,87,127,1,26,113,68,78,71,6,111,121"/><U66/><E107/><V36/><F36/><W60/><G113/><T92/><D110/><U112/><E112/><V76/><F116/><W41/><G111/><T93/><D39/><U79/><E32/><V106/><F109/><W43/><G121/><T54/><D133/><U27/><E37/><V118/><F118/><W0/><G26/><T120/><D120/><U64/><E131/><N who="2" m="50187" /><F20/><W8/><G8/><T83/><D67/><U51/><E135/><V19/><F76/><W97/><G97/><T114/><D114/><U74/><E51/><V22/><F22/><W77/><G60/><T102/><D5/><AGARI ba="0,0" hai="0,1,5,6,41,43,68,71,77,78,86,87,125,127" machi="5" ten="25,6400,0" yaku="22,2,52,2" doraHai="35" who="3" fromWho="0" sc="130,-64,250,0,240,0,380,64" /><INIT seed="2,0,0,4,1,50" ten="66,250,240,444" oya="2" hai0="77,25,89,70,57,24,13,133,124,2,33,7,34" hai1="100,128,47,41,36,55,88,126,59,19,73,102,118" hai2="131,53,5,92,122,32,93,97,56,38,132,81,45" hai3="106,20,49,127,111,26,48,123,114,42,113,95,14"/><V91/><F122/><W3/><G3/><T105/><D105/><U84/><E118/><V31/><F132/><W0/><G0/><T83/><D57/><U71/><E73/><V4/><F131/><W8/><G106/><T40/><D89/><U85/><E85/><V75/><F31/><W23/><G123/><T16/><D70/><U104/><E128/><V103/><F32/><W65/><G65/><T21/><D40/><U17/><E71/><V68/><F68/><W117/><G117/><T87/><D133/><U76/><E76/><V60/><F75/><W11/><G127/><T27/><D87/><U129/><E126/><V109/><F109/><W6/><G111/><T119/><D83/><U29/><E29/><V1/><F1/><W63/><G63/><T94/><D94/><U58/><E58/><V112/><F81/><W135/><G135/><T15/><D77/><U98/><E102/><V12/><F112/><N who="3" m="43115" /><G11/><N who="0" m="2551" /><D124/><U61/><E129/><V108/><F108/><W37/><G95/><AGARI ba="0,0" hai="17,19,36,41,47,55,59,61,84,88,95,98,100,104" machi="95" ten="30,3900,0" yaku="7,1,52,1,54,1" doraHai="50" who="1" fromWho="3" sc="66,0,250,39,240,0,444,-39" /><INIT seed="3,0,0,1,3,14" ten="66,289,240,405" oya="3" hai0="32,114,48,103,5,96,116,13,117,112,44,98,134" hai1="131,104,108,6,85,135,125,36,82,101,19,27,37" hai2="70,83,59,20,51,76,63,8,55,29,28,129,79" hai3="102,30,43,119,80,95,12,62,64,126,56,68,120"/><W60/><G120/><T52/><D32/><U26/><E108/><V124/><F129/><W122/><G122/><T40/><D103/><U109/><E109/><V89/><F124/><W71/><G119/><T67/><D98/><U113/><E113/><V133/><F133/><W92/><G126/><T78/><D96/><U46/><E6/><V73/><F79/><W65/><G43/><T87/><D87/><U50/><E131/><V17/><F8/><W127/><G127/><T107/><D78/><U69/><E69/><V91/><F91/><W72/><G30/><T105/><D13/><U21/><E135/><V49/><F49/><W23/><G102/><T115/><D5/><U93/><E104/><V123/><F123/><W100/><G56/><T2/><D2/><U33/><E125/><V47/><F89/><W31/><G100/><T11/><D11/><U57/><E57/><V94/><F94/><W118/><G118/><T45/><D107/><U61/><E61/><V74/><F70/><W121/><G121/><T110/><D105/><U53/><E33/><V9/><F9/><W128/><G128/><T132/><D110/><U90/><E27/><V22/><F22/><W58/><G58/><T130/><D130/><U38/><REACH who="1" step="1"/><E101/><REACH who="1" ten="66,279,240,405" step="2"/><V34/><F34/><W77/><G12/><T54/><D132/><U99/><E99/><V84/><F29/><W16/><G31/><T3/><D134/><U25/><E25/><V39/><F28/><W97/><G97/><T88/><D52/><U18/><E18/><V0/><F0/><W10/><G16/><T111/><D88/><RYUUKYOKU ba="0,1" sc="66,-10,279,30,240,-10,405,-10" hai1="19,21,26,36,37,38,46,50,53,82,85,90,93" owari="56,-44.0,309,11.0,230,-17.0,405,50.0" /></mjloggm>