<mjloggm ver="2.3"><GO type="97" lobby="0"/><UN n0="%E3%82%BD%E3%83%BC%E3%83%8A%E3%83%B3%E3%82%B9" n1="%E2%99%AA%E3%82%A2%E3%83%AB%E3%83%95%E3%82%A9%E3%83%BC%E3%83%88%E2%99%AA" n2="%E3%83%97%E3%83%AB%E3%82%BF%E3%83%97" n3="%E3%82%A6%E3%83%AB%E3%83%88%E3%83%A9%E7%AB%8B%E7%9B%B4" dan="14,13,15,14" rate="1973.37,1878.05,1921.19,1957.26" sx="M,M,M,M"/><TAIKYOKU oya="0"/><INIT seed="0,0,0,2,0,27" ten="250,250,250,250" oya="0" hai0="44,3,38,67,103,11,126,55,130,66,73,128,99" hai1="68,84,107,127,31,7,1,79,25,72,20,95,15" hai2="98,56,104,52,118,135,14,111,89,78,81,121,133" hai3="50,105,134,75,16,88,30,37,35,101,63,82,9"/><T34/><D73/><U90/><E127/><V70/><F111/><W19/><G37/><T80/><D126/><U123/><E123/><V58/><F121/><W61/><G105/><T18/><D34/><U17/><E68/><V21/><F70/><W119/><G101/><T59/><D80/><U74/><E107/><V43/><F43/><W39/><G39/><T29/><D29/><U46/><E46/><V112/><F112/><W96/><G119/><T51/><D38/><U2/><E79/><V85/><F118/><W97/><G134/><N who="2" m="51209" /><F104/><W120/><G120/><T10/><D44/><U71/><E71/><V64/><F64/><W132/><G132/><T114/><D114/><U60/><E60/><N who="3" m="23114" /><G75/><T106/><D11/><N who="1" m="2551" /><E1/><V47/><F98/><N who="3" m="37995" /><G35/><AGARI ba="0,0" hai="15,17,20,25,31,35,72,74,84,90,95" m="2551" machi="35" ten="30,2000,0" yaku="24,1,52,1" doraHai="27" who="1" fromWho="3" sc="250,0,250,20,250,0,250,-20" /><INIT seed="1,0,0,0,5,121" ten="250,270,250,230" oya="1" hai0="97,87,74,48,18,108,110,113,102,96,2,135,54" hai1="73,43,98,79,66,44,115,58,118,126,69,68,38" hai2="75,88,104,120,92,15,7,21,63,119,14,37,133" hai3="94,90,53,99,24,60,46,1,77,72,42,16,9"/><U64/><E118/><V134/><F120/><W39/><G77/><T86/><D113/><U61/><E115/><V47/><F119/><W57/><G72/><T56/><D74/><U17/><E126/><V130/><F130/><W32/><G32/><T34/><D34/><U25/><E98/><V65/><F104/><W100/><G1/><T84/><D135/><N who="2" m="51722" /><F75/><W40/><G40/><T4/><D18/><U30/><E17/><V95/><F95/><W13/><REACH who="3" step="1"/><G24/><REACH who="3" ten="250,270,250,220" step="2"/><T82/><D82/><U11/><E79/><V0/><F0/><W78/><G78/><T89/><D89/><AGARI ba="0,1" hai="9,13,16,39,42,46,53,57,60,89,90,94,99,100" machi="89" ten="40,5200,0" yaku="1,1,54,1,53,1" doraHai="121" doraHaiUra="49" who="3" fromWho="0" sc="250,-52,270,0,250,0,220,62" /><INIT seed="2,0,0,3,0,131" ten="198,270,250,282" oya="2" hai0="78,50,21,3,24,62,124,73,30,132,39,5,20" hai1="135,114,122,59,58,66,82,14,10,75,11,34,15" hai2="61,87,51,76,108,70,40,67,123,92,97,54,42" hai3="102,109,115,72,100,55,25,79,77,38,1,103,33"/><V80/><F123/><W90/><G38/><T117/><D132/><U43/><E114/><V118/><F108/><W120/><G1/><T130/><D124/><U64/><E135/><V129/><F129/><W110/><G120/><T23/><D130/><U0/><E34/><V134/><F134/><W44/><G115/><T125/><D125/><U107/><E43/><V32/><F32/><W26/><G90/><T119/><D39/><U57/><E107/><V86/><F86/><W83/><G77/><T89/><D62/><U113/><E113/><V60/><F60/><W106/><G106/><T29/><D50/><U47/><E122/><V27/><F27/><W35/><G55/><T128/><D128/><U68/><E47/><V19/><F19/><W69/><G44/><T116/><D89/><U112/><E0/><V84/><F84/><W99/><G69/><T81/><REACH who="0" step="1"/><D24/><REACH who="0" ten="188,270,250,282" step="2"/><U41/><E112/><V56/><F118/><W74/><G26/><T12/><D12/><U127/><E15/><V71/><F71/><W37/><G25/><T111/><D111/><N who="3" m="42505" /><G37/><T96/><D96/><U126/><E68/><V8/><F8/><AGARI ba="0,1" hai="3,5,8,20,21,23,29,30,73,78,81,116,117,119" machi="8" ten="50,3200,0" yaku="1,1,12,1,53,0" doraHai="131" doraHaiUra="49" who="0" fromWho="2" sc="188,42,270,0,250,-32,282,0" /><INIT seed="3,0,0,4,0,83" ten="230,270,218,282" oya="3" hai0="54,41,109,115,32,9,31,95,69,22,101,42,132" hai1="75,23,24,7,91,81,59,90,11,65,85,131,66" hai2="17,68,39,15,106,55,1,28,124,5,86,64,134" hai3="61,128,16,43,99,48,77,71,20,62,10,113,98"/><W33/><G33/><T37/><D69/><U3/><E75/><V4/><F106/><W35/><G35/><T114/><D37/><U70/><E131/><V67/><F39/><W34/><G34/><T104/><D32/><U78/><E70/><V56/><F134/><W107/><G107/><T12/><D104/><U102/><E102/><V74/><F74/><W27/><G71/><T0/><D132/><U13/><E3/><V79/><F124/><W53/><G113/><N who="0" m="43019" /><D0/><U29/><E59/><V112/><F112/><W50/><G128/><T6/><D54/><U58/><E58/><V45/><F45/><N who="3" m="25663" /><G77/><T8/><D109/><U26/><E24/><V40/><F40/><W94/><G10/><T46/><D8/><U103/><E103/><V120/><F68/><W97/><G94/><T38/><D42/><U88/><AGARI ba="0,0" hai="7,11,13,23,26,29,65,66,78,81,85,88,90,91" machi="88" ten="30,7900,0" yaku="0,1,8,1,52,1,54,1" doraHai="83" who="1" fromWho="1" sc="230,-20,270,79,218,-20,282,-39" owari="210,-19.0,349,45.0,198,-30.0,243,4.0" /></mjloggm>