<mjloggm ver="2.3"><GO type="97" lobby="0"/><UN n0="%74%65%72%75%31%39%39%31" n1="%E3%81%88%E3%81%93" n2="%E3%81%9B%E3%81%97%E3%81%86%E3%82%80%E3%81%8F%E3%82%93" n3="%E3%82%A6%E3%83%AB%E3%83%88%E3%83%A9%E7%AB%8B%E7%9B%B4" dan="14,13,15,14" rate="1877.49,1915.00,2002.64,1966.44" sx="M,M,M,M"/><TAIKYOKU oya="0"/><INIT seed="0,0,0,4,1,128" ten="250,250,250,250" oya="0" hai0="32,89,46,18,106,130,103,58,53,42,91,75,43" hai1="121,65,15,74,6,59,24,44,134,27,83,116,101" hai2="38,126,12,78,48,112,9,64,54,47,97,95,135" hai3="28,3,69,10,79,49,36,109,86,31,107,123,33"/><T99/><D130/><U82/><E121/><V102/><F112/><W77/><G49/><T14/><D75/><U19/><E116/><V85/><F126/><W23/><G86/><T118/><D32/><U11/><E74/><V110/><F110/><W13/><G79/><T133/><D133/><U61/><E134/><V105/><F135/><W5/><G77/><T7/><D7/><U39/><E101/><V62/><F38/><W115/><G69/><T122/><D118/><U2/><E39/><V1/><F1/><W8/><G36/><T87/><D122/><U127/><E127/><V68/><F78/><W84/><G84/><T70/><D46/><U55/><E44/><V30/><F30/><N who="3" m="11307" /><G107/><T25/><D25/><U52/><E2/><V50/><F50/><W51/><G51/><T120/><D120/><U63/><E6/><V73/><F85/><W16/><G123/><T67/><D70/><U80/><E63/><V35/><F35/><W72/><G72/><T0/><D67/><U29/><E29/><V129/><F129/><W108/><G33/><T114/><D114/><U104/><E104/><V100/><F73/><W21/><G115/><T98/><D98/><U117/><E117/><V56/><F105/><W22/><AGARI ba="0,0" hai="3,5,8,10,13,16,21,22,23,108,109" m="11307" machi="22" ten="30,4000,0" yaku="34,2,54,1" doraHai="128" who="3" fromWho="3" sc="250,-20,250,-10,250,-10,250,40" /><INIT seed="1,0,0,3,4,40" ten="230,240,240,290" oya="1" hai0="4,73,55,22,77,121,60,1,54,125,81,110,50" hai1="65,42,82,107,120,124,47,49,91,92,36,61,29" hai2="17,48,111,18,52,103,96,84,23,2,133,11,99" hai3="19,70,119,37,109,25,66,72,85,118,74,28,132"/><U38/><E120/><V14/><F111/><W78/><G85/><T63/><D110/><U135/><E124/><V123/><F133/><W41/><G19/><T126/><D121/><U75/><E135/><V20/><F123/><W71/><G109/><T117/><D117/><N who="3" m="44553" /><G132/><T45/><D22/><U58/><E107/><V43/><F43/><W16/><G16/><T88/><D55/><U13/><E29/><V0/><F84/><W6/><G6/><T51/><D51/><U56/><E75/><V102/><F102/><W105/><G105/><T69/><D69/><N who="3" m="26121" /><G66/><T53/><D53/><U34/><E34/><V94/><F96/><W93/><G93/><T33/><D33/><U131/><E131/><V112/><F112/><W98/><G98/><T100/><D100/><U106/><E106/><V113/><F113/><W7/><G7/><T79/><D79/><U130/><E130/><V35/><F35/><N who="3" m="20879" /><G78/><T101/><D101/><U46/><E82/><V114/><F114/><W57/><G57/><T67/><D67/><U127/><E127/><N who="0" m="48649" /><D1/><U86/><E36/><V87/><F87/><W59/><G59/><T129/><D4/><U44/><REACH who="1" step="1"/><E13/><REACH who="1" ten="230,230,240,290" step="2"/><V10/><F0/><W30/><G30/><T5/><D129/><U68/><E68/><V27/><REACH who="2" step="1"/><F2/><REACH who="2" ten="230,230,230,290" step="2"/><W26/><G74/><T97/><D73/><U128/><E128/><V32/><F32/><W76/><G72/><T21/><D77/><U90/><E90/><V108/><F108/><W122/><G76/><T64/><D88/><U95/><E95/><V24/><F24/><W116/><G26/><T80/><D81/><RYUUKYOKU ba="0,2" sc="230,-15,230,15,230,15,290,-15" hai1="38,42,44,46,47,49,56,58,61,65,86,91,92" hai2="10,11,14,17,18,20,23,27,48,52,94,99,103" /><INIT seed="1,1,2,4,2,77" ten="215,245,245,275" oya="1" hai0="112,64,89,110,78,79,51,16,9,133,60,108,135" hai1="42,49,67,37,7,24,65,31,33,70,104,58,82" hai2="94,125,45,121,76,5,111,48,100,23,106,101,30" hai3="52,130,122,54,119,11,105,91,25,40,96,27,62"/><U129/><E104/><V131/><F121/><W126/><G122/><T127/><D112/><U50/><E129/><V128/><F111/><N who="0" m="42538" /><D127/><U75/><E7/><V114/><F125/><W13/><G126/><T66/><D51/><U17/><E67/><N who="0" m="25641" /><D60/><N who="1" m="40231" /><E50/><V3/><F114/><W81/><G130/><N who="2" m="49705" /><F76/><W41/><G105/><T22/><D9/><U84/><E17/><V29/><F106/><W59/><G54/><T97/><D97/><U15/><E15/><V20/><F5/><N who="3" m="3311" /><G119/><T55/><D55/><N who="1" m="32111" /><E75/><V14/><F3/><W63/><G63/><T95/><D95/><U69/><E69/><V46/><F94/><N who="3" m="56415" /><G81/><T2/><D2/><U47/><E84/><V57/><F101/><W8/><G8/><T115/><D115/><U32/><E32/><V86/><F100/><W72/><G72/><T74/><D74/><U35/><E35/><V85/><F85/><W120/><G120/><T134/><D89/><U98/><E98/><V71/><F86/><W80/><G80/><AGARI ba="1,2" hai="24,31,33,37,42,47,80,82" m="32111,40231" machi="80" ten="30,5800,0" yaku="24,1,52,2" doraHai="77" who="1" fromWho="3" sc="215,0,245,81,245,0,275,-61" /><INIT seed="1,2,0,1,5,125" ten="215,326,245,214" oya="1" hai0="19,12,116,38,76,119,93,118,50,67,29,20,57" hai1="129,4,5,79,112,41,131,126,49,46,99,82,88" hai2="78,74,101,18,62,39,92,26,45,37,94,98,86" hai3="63,17,33,31,80,81,14,64,55,30,128,135,68"/><U104/><E112/><V24/><F74/><W114/><G114/><T124/><D38/><U108/><E126/><V120/><F120/><W8/><G135/><T42/><D124/><U111/><E104/><V109/><F109/><N who="1" m="42057" /><E99/><N who="2" m="59623" /><F39/><W56/><G33/><T10/><D42/><U96/><E96/><V133/><F37/><W22/><G128/><N who="1" m="49226" /><E88/><N who="2" m="55623" /><F133/><W23/><G68/><T113/><D113/><U21/><E21/><N who="3" m="7690" /><G64/><T58/><D67/><U28/><E28/><AGARI ba="2,0" hai="8,14,17,28,30,31,55,56,63,80,81" m="7690" machi="28" ten="30,1000,0" yaku="8,1" doraHai="125" who="3" fromWho="1" sc="215,0,326,-16,245,0,214,16" /><INIT seed="2,0,0,5,4,98" ten="215,310,245,230" oya="2" hai0="45,69,107,134,37,87,52,97,96,133,60,71,86" hai1="41,42,115,32,51,43,77,81,95,10,127,39,19" hai2="100,89,74,65,33,18,64,125,106,53,94,131,47" hai3="8,119,35,129,135,126,116,59,120,20,130,0,31"/><V12/><F33/><W13/><G59/><N who="0" m="34919" /><D96/><U54/><E115/><V80/><F125/><W66/><G66/><T67/><D67/><N who="2" m="25674" /><F131/><N who="3" m="50187" /><G120/><T103/><D37/><U21/><E127/><V113/><F113/><W27/><G126/><T92/><D45/><N who="1" m="28015" /><E39/><V58/><F106/><W79/><G79/><T75/><D107/><U101/><E32/><V7/><F7/><N who="3" m="1127" /><G135/><N who="0" m="51723" /><D75/><U90/><E10/><N who="2" m="6423" /><F74/><W44/><G44/><T16/><D16/><AGARI ba="0,0" hai="13,16,20,27,31,35,116,119" m="1127,50187" machi="16" ten="30,8000,1" yaku="24,1,19,1,34,2,54,1" doraHai="98" who="3" fromWho="0" sc="215,-80,310,0,245,0,230,80" /><INIT seed="3,0,0,1,4,80" ten="135,310,245,310" oya="3" hai0="81,87,74,27,131,124,60,62,126,116,82,79,129" hai1="76,115,17,51,32,8,117,91,123,12,23,69,125" hai2="130,48,135,105,61,113,119,89,25,21,72,95,11" hai3="10,2,59,37,52,85,56,121,101,112,102,4,26"/><W71/><G71/><T73/><D60/><U128/><E123/><V98/><F113/><W54/><G37/><T20/><D62/><U103/><E115/><V104/><F119/><W41/><G41/><T111/><D20/><U122/><E117/><V36/><F130/><W42/><G42/><T106/><D27/><U107/><E122/><V108/><F108/><W3/><G121/><T92/><D111/><U66/><E128/><N who="0" m="49225" /><D116/><U58/><E125/><N who="0" m="48233" /><D106/><U29/><E69/><V5/><F72/><N who="0" m="27754" /><D79/><U19/><E107/><V120/><F36/><W65/><G26/><T35/><D35/><U132/><E103/><V40/><F61/><W78/><G102/><T7/><D7/><N who="1" m="3103" /><E32/><V114/><F105/><W118/><G101/><T63/><D63/><N who="1" m="38263" /><E76/><V50/><F25/><W14/><G118/><T97/><D87/><U77/><E77/><V13/><F5/><W88/><G78/><T93/><D97/><U0/><E0/><V6/><F21/><W86/><G86/><T109/><D109/><U70/><E70/><V110/><F48/><N who="3" m="30727" /><G65/><T57/><D57/><U100/><E100/><V53/><F40/><W84/><G84/><T96/><D96/><U90/><E51/><V99/><F11/><W83/><G112/><T31/><D31/><U68/><E68/><V64/><F6/><W46/><G46/><T38/><D38/><U49/><E49/><V18/><F13/><W34/><G34/><T47/><D47/><U33/><E33/><V44/><F18/><N who="1" m="6665" /><E29/><V45/><F53/><W94/><G3/><T9/><D9/><U67/><E67/><V30/><F45/><RYUUKYOKU ba="0,0" sc="135,30,310,-10,245,-10,310,-10" hai0="81,82,92,93" owari="165,-33.0,300,39.0,235,-16.0,300,10.0" /></mjloggm>