<mjloggm ver="2.3"><GO type="97" lobby="0"/><UN n0="%E3%81%82%E3%81%8F%E3%81%86%E3%81%8B%E3%82%93" n1="%E3%82%A6%E3%83%AB%E3%83%88%E3%83%A9%E7%AB%8B%E7%9B%B4" n2="%E3%81%8A%E3%82%84%E3%82%93%E3%81%9F" n3="%53%3E%48%50%6D%61%74%73" dan="15,13,13,15" rate="2009.80,1859.13,1887.12,2015.30" sx="M,M,M,M"/><TAIKYOKU oya="0"/><INIT seed="0,0,0,1,0,18" ten="250,250,250,250" oya="0" hai0="7,32,1,10,22,91,100,48,25,64,35,128,74" hai1="66,12,58,130,26,3,113,102,88,108,24,13,123" hai2="4,65,54,15,40,89,99,62,114,112,111,73,133" hai3="77,85,127,129,11,124,121,34,57,79,51,31,59"/><T56/><D74/><U69/><E69/><V6/><F133/><W131/><G11/><T39/><D39/><U135/><E3/><V107/><F73/><W61/><G31/><T82/><D128/><N who="3" m="49225" /><G34/><T76/><D100/><U0/><E0/><V118/><F118/><W63/><G51/><T16/><D91/><U83/><E130/><V49/><F40/><W103/><G103/><T9/><D9/><U101/><E108/><V78/><F111/><W55/><G121/><T92/><D92/><U115/><E135/><V60/><F114/><W106/><G106/><T125/><D125/><N who="3" m="48201" /><G85/><T104/><D104/><U5/><E102/><V93/><F112/><W119/><G119/><T126/><D126/><U19/><E101/><V14/><F107/><W75/><G75/><T23/><D48/><U84/><E123/><V38/><F38/><W46/><G79/><T17/><D56/><N who="3" m="21577" /><G77/><T87/><D64/><U43/><E115/><V96/><F78/><W95/><G95/><T122/><D122/><U28/><E113/><V72/><F65/><W20/><G20/><T132/><D132/><U105/><E105/><V52/><F72/><W81/><G81/><T71/><D71/><U80/><E80/><V8/><F8/><W37/><G37/><T2/><D2/><U45/><E83/><V29/><F29/><W30/><G30/><T68/><D68/><U90/><E84/><V47/><F93/><W98/><G98/><T86/><D86/><U53/><E28/><V44/><F89/><W97/><G97/><T42/><D42/><U134/><E90/><V50/><AGARI ba="0,0" hai="4,6,14,15,44,47,49,50,52,54,60,62,96,99" machi="50" ten="25,12000,2" yaku="5,1,0,1,22,2,8,1,54,1" doraHai="18" who="2" fromWho="2" sc="250,-60,250,-30,250,120,250,-30" /><INIT seed="1,0,0,5,5,78" ten="190,220,370,220" oya="1" hai0="40,53,118,7,116,44,57,41,67,107,98,115,133" hai1="2,87,49,79,39,16,52,127,81,0,80,33,130" hai2="38,62,23,75,77,17,104,32,91,68,56,113,22" hai3="82,111,90,71,1,93,69,47,99,121,29,35,30"/><U88/><E33/><V21/><F113/><W31/><G121/><T122/><D115/><U50/><E39/><V55/><F104/><W72/><G1/><T64/><D7/><U24/><E127/><V6/><F32/><W135/><G111/><T51/><D107/><U26/><E130/><V100/><F38/><W101/><G135/><T70/><D98/><U85/><E49/><V76/><F68/><W123/><G123/><T124/><D70/><U42/><E42/><N who="0" m="16489" /><D122/><U92/><E92/><V59/><F6/><W106/><G47/><T84/><D84/><U95/><E95/><V109/><F109/><W73/><G35/><T60/><D124/><U103/><E103/><V15/><F100/><W27/><G27/><T112/><D112/><U4/><E4/><V14/><F75/><W102/><G73/><T34/><D34/><U128/><E128/><V28/><F28/><W131/><G131/><T117/><D133/><U74/><E74/><V20/><F91/><W110/><G110/><T9/><D9/><U125/><E125/><V126/><F126/><W48/><G102/><T86/><D86/><U83/><E83/><V25/><F59/><W66/><G71/><T108/><D108/><U97/><E97/><V10/><F14/><W58/><G69/><T54/><AGARI ba="0,0" hai="44,51,53,54,57,60,64,67,116,117,118" m="16489" machi="54" ten="40,2700,0" yaku="34,2" doraHai="78" who="0" fromWho="0" sc="190,27,220,-13,370,-7,220,-7" /><INIT seed="2,0,0,0,3,95" ten="217,207,363,213" oya="2" hai0="132,68,61,129,25,14,22,76,75,103,64,43,107" hai1="121,111,24,39,4,116,66,97,79,74,36,81,108" hai2="93,8,122,12,42,60,104,9,100,112,55,102,73" hai3="119,77,1,15,117,0,54,30,80,85,83,19,101"/><V89/><F122/><W135/><G135/><T38/><D132/><U98/><E116/><V13/><F73/><W88/><G30/><T47/><D14/><N who="2" m="5738" /><F42/><W82/><G101/><N who="2" m="39017" /><F104/><W32/><G32/><T5/><D129/><U31/><E4/><V2/><F2/><W114/><G114/><T7/><D5/><U3/><E66/><V70/><F70/><W124/><G124/><T49/><D7/><U34/><E3/><V20/><F20/><W48/><G1/><T17/><D103/><U41/><E121/><V127/><F127/><W65/><G65/><T94/><D94/><U113/><E113/><V120/><F120/><W16/><G19/><T87/><D107/><U123/><E123/><V45/><F112/><W99/><G0/><T115/><D115/><U51/><E51/><N who="2" m="29167" /><F60/><W59/><G119/><T50/><D75/><U46/><E39/><V91/><F91/><W6/><G6/><T29/><D29/><U27/><E27/><V33/><F33/><W90/><G90/><T110/><D76/><U105/><E105/><V52/><F52/><W62/><G62/><T67/><D67/><U128/><E128/><V37/><F37/><W63/><G63/><T72/><D72/><U118/><E118/><V11/><F11/><N who="3" m="6271" /><G117/><T53/><D49/><U92/><E92/><AGARI ba="0,0" hai="48,54,59,77,80,82,83,85,88,92,99" m="6271" machi="92" ten="30,7700,0" yaku="8,1,52,1,54,2" doraHai="95" who="3" fromWho="1" sc="217,0,207,-77,363,0,213,77" /><INIT seed="3,0,0,0,2,96" ten="217,130,363,290" oya="3" hai0="16,49,75,107,14,73,7,9,117,89,37,103,58" hai1="15,132,12,135,84,109,128,11,60,10,127,26,59" hai2="5,69,1,41,65,48,76,123,53,52,31,120,0" hai3="85,43,90,38,77,83,17,111,22,115,63,50,80"/><W82/><G115/><T66/><D117/><U71/><E71/><V23/><F76/><W92/><G38/><T44/><D37/><U81/><E81/><V54/><F23/><W51/><G111/><T91/><D7/><U55/><E84/><V64/><F31/><W124/><G124/><T88/><D58/><U105/><E59/><V20/><F20/><W134/><G134/><T56/><D56/><U70/><E70/><V21/><F21/><W45/><G51/><T8/><D66/><N who="2" m="25706" /><F5/><W108/><G108/><T13/><D103/><U62/><E105/><V32/><F32/><W129/><G129/><T119/><D119/><U30/><E55/><V86/><F86/><W126/><G126/><T133/><D133/><U79/><E79/><V25/><F25/><W98/><REACH who="3" step="1"/><G63/><REACH who="3" ten="217,130,363,280" step="2"/><T114/><D114/><U106/><E127/><V122/><F69/><W100/><G100/><T2/><D49/><U95/><E109/><V28/><F28/><W33/><G33/><T113/><D113/><U112/><E128/><V102/><F102/><W42/><G42/><T39/><D39/><U61/><E112/><V101/><F101/><W6/><G6/><N who="0" m="3223" /><D44/><AGARI ba="0,1" hai="0,1,41,44,48,52,53,54,120,122,123" m="25706" machi="44" ten="40,2600,0" yaku="13,1,54,1" doraHai="96" who="2" fromWho="0" sc="217,-26,130,0,363,36,280,0" owari="191,-21.0,130,-37.0,399,50.0,280,8.0" /></mjloggm>