<mjloggm ver="2.3"><GO type="97" lobby="0"/><UN n0="%E5%B2%A1%E6%9C%AC" n1="%61%64%73%6F%6E" n2="%E5%B0%B1%E6%B4%BB%E7%94%9F%40%E5%B7%9D%E6%9D%91%E8%BB%8D%E5%9B%A3" n3="%E3%82%B9%E3%83%97%E3%83%A9%E3%82%A4%E3%83%88" dan="14,16,15,14" rate="1915.63,2096.50,1999.89,1959.08" sx="M,M,M,M"/><TAIKYOKU oya="0"/><INIT seed="0,0,0,0,3,129" ten="250,250,250,250" oya="0" hai0="51,25,106,38,88,114,55,19,108,58,71,115,22" hai1="87,61,39,44,68,91,130,41,53,72,43,4,62" hai2="11,80,94,57,42,34,76,98,92,110,109,15,5" hai3="126,10,45,6,63,33,78,125,118,70,59,30,65"/><T82/><D106/><U113/><E72/><V60/><F34/><W66/><G118/><T135/><D38/><U47/><E4/><V17/><F42/><W26/><G78/><T124/><D124/><N who="3" m="47721" /><G45/><T100/><D100/><U48/><E87/><V117/><F117/><W132/><G132/><T21/><D71/><U67/><E91/><V20/><F109/><W46/><G46/><T29/><D29/><U64/><E130/><V121/><F121/><W134/><G134/><T112/><D22/><U54/><REACH who="1" step="1"/><E113/><REACH who="1" ten="250,240,250,250" step="2"/><V40/><F110/><W81/><G81/><T86/><D108/><U7/><E7/><V93/><F80/><W31/><G31/><T79/><REACH who="0" step="1"/><D135/><REACH who="0" ten="240,240,250,250" step="2"/><U28/><E28/><V104/><F104/><W127/><G127/><T27/><D27/><U85/><E85/><V99/><F76/><AGARI ba="0,2" hai="19,21,25,51,55,58,76,79,82,86,88,112,114,115" machi="76" ten="40,3900,0" yaku="1,1,54,1,53,0" doraHai="129" doraHaiUra="102" who="0" fromWho="2" sc="240,59,240,0,250,-39,250,0" /><INIT seed="0,1,0,2,5,44" ten="299,240,211,250" oya="0" hai0="64,74,47,12,65,127,132,81,43,97,116,11,114" hai1="129,88,117,118,27,55,99,111,6,103,73,59,110" hai2="87,119,70,57,34,62,106,78,104,7,2,121,93" hai3="75,39,115,33,95,130,109,3,123,14,48,32,22"/><T1/><D114/><U122/><E6/><V134/><F121/><W38/><G95/><T125/><D116/><N who="1" m="44651" /><E27/><V49/><F119/><W113/><G14/><T107/><D132/><U61/><E61/><V28/><F134/><W68/><G22/><T60/><D1/><U101/><E59/><V91/><F70/><W0/><G48/><T85/><D74/><U120/><E55/><V16/><F34/><W102/><G102/><N who="1" m="38922" /><E73/><V25/><F78/><W96/><G75/><T23/><D107/><U4/><E4/><V8/><F28/><W98/><G68/><T24/><D97/><U19/><E19/><V71/><F71/><W92/><G123/><N who="1" m="47146" /><E129/><V77/><F77/><W41/><G130/><T72/><D72/><U37/><E37/><V35/><F35/><W13/><G13/><T10/><D12/><U108/><E99/><V82/><F49/><W58/><G58/><T17/><D11/><U50/><E50/><V135/><F135/><W31/><G31/><T63/><D10/><U131/><E131/><V84/><F25/><W67/><G39/><T83/><D64/><U69/><E69/><V36/><F36/><W20/><G38/><T133/><D65/><U30/><E30/><V5/><F5/><W9/><G67/><T26/><D133/><U52/><E52/><N who="2" m="34087" /><F16/><W40/><G3/><T45/><D43/><U54/><E54/><V79/><F104/><W112/><G0/><T80/><D17/><U21/><E21/><V105/><F105/><W94/><G113/><T56/><D23/><U90/><AGARI ba="1,0" hai="88,90,108,110,111" m="47146,38922,44651" machi="90" ten="50,12000,2" yaku="28,2,14,1,34,2,54,1" doraHai="44" who="1" fromWho="1" sc="299,-61,240,123,211,-31,250,-31" /><INIT seed="1,0,0,2,3,73" ten="238,363,180,219" oya="1" hai0="8,53,80,120,45,93,102,123,43,36,97,109,20" hai1="1,122,11,6,103,133,32,19,110,38,68,74,96" hai2="117,52,85,82,34,60,48,12,58,9,24,27,28" hai3="18,46,107,0,130,21,83,42,91,30,4,16,87"/><U35/><E122/><N who="0" m="46633" /><D109/><U108/><E133/><V128/><F117/><W115/><G115/><T54/><D8/><U7/><E68/><V78/><F128/><W81/><G130/><T66/><D66/><U135/><E135/><V33/><F33/><W95/><G107/><T111/><D111/><N who="1" m="42539" /><E38/><V3/><F3/><W129/><G129/><T90/><D20/><U55/><E74/><V89/><F34/><W15/><G0/><T14/><D14/><U127/><E6/><N who="2" m="3127" /><F89/><W126/><G126/><T59/><D59/><U13/><E55/><N who="2" m="33887" /><F28/><W84/><G4/><T70/><D70/><U76/><E127/><V118/><F118/><W105/><G105/><T64/><D64/><U40/><E40/><V25/><F25/><W31/><G18/><T41/><D41/><U2/><E2/><V116/><F116/><W134/><G134/><T114/><D114/><U56/><E35/><V65/><F65/><W124/><G124/><T47/><D47/><AGARI ba="0,0" hai="24,27,47,48,52,78,82,85" m="33887,3127" machi="47" ten="30,3900,0" yaku="8,1,52,1,54,1" doraHai="73" who="2" fromWho="0" sc="238,-39,363,0,180,39,219,0" /><INIT seed="2,0,0,2,2,102" ten="199,363,219,219" oya="2" hai0="114,120,35,33,132,79,103,81,83,129,91,101,24" hai1="111,19,112,133,106,6,44,78,57,59,117,105,134" hai2="95,96,110,16,62,40,100,92,56,86,30,15,31" hai3="10,108,52,64,115,76,127,97,80,2,128,109,123"/><V8/><F110/><N who="3" m="42603" /><G123/><T68/><D120/><U131/><E111/><V17/><F17/><W84/><G127/><T75/><D114/><U36/><E112/><V42/><F92/><W46/><G115/><T66/><D132/><N who="1" m="50795" /><E117/><V67/><REACH who="2" step="1"/><F86/><REACH who="2" ten="199,363,209,219" step="2"/><W5/><G128/><T11/><D129/><U29/><E19/><V87/><F87/><W9/><G97/><T60/><D75/><U54/><E131/><V93/><F93/><W74/><G84/><T25/><D81/><U118/><E118/><V27/><F27/><W58/><G80/><T88/><D83/><U69/><E105/><V107/><F107/><W48/><G74/><T38/><D25/><U89/><E106/><V3/><F3/><W50/><G2/><T124/><D24/><U26/><E26/><V7/><F7/><W90/><G5/><T22/><D124/><U99/><E6/><V70/><F70/><W113/><G113/><T85/><D68/><U94/><E69/><V51/><F51/><W32/><G48/><T98/><D85/><U55/><E94/><V125/><F125/><W39/><G50/><T28/><D35/><U34/><E34/><V4/><F4/><W14/><G32/><T12/><D33/><U41/><E99/><V0/><F0/><W1/><G1/><T13/><D38/><U45/><E36/><V18/><F18/><W43/><G39/><T49/><D49/><U82/><E82/><V37/><F37/><W77/><G77/><T53/><D79/><U71/><E78/><V65/><F65/><W73/><G76/><T23/><D66/><U130/><E71/><RYUUKYOKU ba="0,1" sc="199,-10,363,-10,209,30,219,-10" hai2="8,15,16,30,31,40,42,56,62,67,95,96,100" /><INIT seed="2,1,1,2,1,73" ten="189,353,239,209" oya="2" hai0="92,64,81,85,93,28,11,31,127,84,63,98,129" hai1="26,4,56,65,62,46,114,100,115,57,14,1,107" hai2="72,52,108,38,83,130,49,96,22,116,20,118,54" hai3="39,80,99,36,113,128,44,2,120,79,69,74,135"/><V41/><F38/><W124/><RYUUKYOKU type="yao9" ba="1,1" sc="189,0,353,0,239,0,209,0" hai3="2,36,39,44,69,74,79,80,99,113,120,124,128,135" /><INIT seed="2,2,1,0,1,7" ten="189,353,239,209" oya="2" hai0="1,116,36,58,129,122,19,112,117,43,56,14,130" hai1="59,106,135,11,96,37,70,65,44,98,72,71,0" hai2="127,45,99,119,126,87,41,54,121,35,111,26,83" hai3="110,9,114,105,102,113,10,93,74,16,15,24,128"/><V125/><F119/><N who="0" m="45642" /><D112/><N who="3" m="43113" /><G110/><T63/><D122/><U17/><E59/><V12/><F121/><W124/><G124/><T67/><D1/><U53/><E135/><V47/><F111/><W50/><G128/><N who="0" m="49259" /><D36/><U94/><E106/><V30/><F99/><N who="3" m="61663" /><G74/><T28/><D28/><U39/><E98/><V118/><F118/><W77/><G77/><T107/><D107/><U100/><E71/><V95/><F95/><W134/><G134/><T25/><D25/><U75/><E70/><V115/><F115/><W79/><G79/><T81/><D81/><U46/><E72/><V78/><F41/><W52/><G93/><T89/><D89/><U2/><E75/><V88/><F78/><W133/><G24/><T57/><D43/><U27/><E94/><V68/><F68/><W55/><G133/><T32/><D32/><U31/><E27/><V21/><F54/><N who="3" m="20523" /><G50/><T97/><D97/><U90/><E39/><V104/><F104/><W6/><G6/><T42/><D42/><U62/><E37/><V66/><F66/><W123/><G123/><T82/><D82/><U4/><E65/><V20/><F35/><W85/><G85/><T131/><N who="0" m="49267" /><T92/><DORA hai="64" /><D92/><U38/><E38/><V80/><F80/><W109/><G109/><T60/><D67/><U40/><E40/><V103/><F103/><W8/><AGARI ba="2,1" hai="8,9,10,15,16" m="20523,61663,43113" machi="8" ten="30,12000,2" yaku="11,1,52,3,54,2" doraHai="7,64" who="3" fromWho="3" sc="189,-32,353,-32,239,-62,209,136" /><INIT seed="3,0,0,5,0,52" ten="157,321,177,345" oya="3" hai0="129,18,51,118,8,125,124,72,99,74,109,62,27" hai1="107,3,30,73,127,92,71,98,5,29,42,31,67" hai2="121,28,90,23,59,26,64,113,100,15,68,22,54" hai3="13,79,117,46,112,16,95,32,2,130,25,70,48"/><W10/><G117/><T44/><D118/><U37/><E107/><V103/><F113/><W105/><G105/><T65/><D109/><U76/><E127/><N who="0" m="48713" /><D99/><U84/><E71/><V53/><F121/><W33/><G70/><T20/><D8/><U58/><E73/><V24/><F68/><W82/><G130/><T75/><D129/><U93/><E3/><V61/><F90/><W96/><G25/><T56/><D75/><U133/><E133/><V50/><F15/><W114/><G2/><T104/><D104/><U101/><E5/><V7/><F7/><W132/><G32/><T116/><D116/><U91/><E37/><V41/><F41/><AGARI ba="0,0" hai="18,20,27,41,44,51,56,62,65,72,74" m="48713" machi="41" ten="30,2000,0" yaku="18,1,52,1" doraHai="52" who="0" fromWho="2" sc="157,20,321,0,177,-20,345,0" owari="177,-22.0,321,12.0,157,-34.0,345,44.0" /></mjloggm>