<mjloggm ver="2.3"><GO type="97" lobby="0"/><UN n0="%74%65%72%72%79%31%33%36" n1="%E3%81%93%E3%81%B0%E3%81%A1%E3%82%83%E3%82%93" n2="%E3%82%A6%E3%83%AB%E3%83%88%E3%83%A9%E7%AB%8B%E7%9B%B4" n3="%E3%81%BE%E3%81%99%E3%81%AE%E3%81%99%E3%81%97" dan="14,13,14,15" rate="1955.25,1875.37,1932.65,1994.14" sx="M,M,M,M"/><TAIKYOKU oya="0"/><INIT seed="0,0,0,3,0,121" ten="250,250,250,250" oya="0" hai0="50,135,36,70,108,117,15,96,91,53,93,114,56" hai1="104,82,18,51,38,88,6,119,75,17,32,81,113" hai2="27,107,76,7,120,133,30,24,66,77,97,45,118" hai3="20,116,12,13,34,123,1,122,130,2,74,28,10"/><T47/><D114/><U128/><E38/><V89/><F120/><N who="3" m="46123" /><G74/><T98/><D117/><U132/><E113/><V37/><F118/><W54/><G54/><T4/><D135/><U127/><E119/><V44/><F133/><W71/><G71/><T85/><D70/><U35/><E75/><V52/><F66/><W25/><G116/><T86/><D108/><U49/><E104/><V5/><F107/><W59/><G59/><T23/><D36/><U67/><E132/><V65/><F65/><W69/><G69/><T8/><D47/><U90/><E128/><V101/><F37/><W40/><G40/><T92/><REACH who="0" step="1"/><D23/><REACH who="0" ten="240,250,250,250" step="2"/><U105/><E105/><V83/><F44/><W16/><G130/><T110/><D110/><U87/><E67/><V72/><F45/><W48/><G48/><T73/><D73/><U106/><E106/><V43/><F43/><W19/><AGARI ba="0,1" hai="1,2,10,12,13,16,19,20,25,28,34" m="46123" machi="19" ten="30,7900,0" yaku="13,1,34,2,54,1" doraHai="121" who="3" fromWho="3" sc="240,-39,250,-20,250,-20,250,89" /><INIT seed="1,0,0,3,0,8" ten="201,230,230,339" oya="1" hai0="22,54,114,86,95,103,1,132,58,36,2,42,60" hai1="87,51,38,81,63,94,127,108,106,117,19,24,89" hai2="93,98,44,109,49,47,40,97,66,84,99,27,59" hai3="4,48,88,21,107,34,11,102,15,26,12,73,71"/><U100/><E117/><V129/><F109/><W104/><G71/><T37/><D114/><U16/><E38/><V28/><F129/><W65/><G34/><T133/><D22/><U130/><E127/><V29/><F29/><W118/><G118/><T112/><D112/><U68/><E130/><V53/><F66/><W62/><G73/><T39/><D42/><U121/><E108/><V45/><F84/><W30/><G48/><T105/><D105/><U69/><E121/><V134/><F134/><N who="0" m="51818" /><D103/><U76/><E106/><V115/><F115/><W7/><G102/><T0/><D95/><U35/><E35/><V57/><F57/><W32/><G32/><T116/><D86/><U33/><E100/><V20/><REACH who="2" step="1"/><F93/><REACH who="2" ten="201,230,220,339" step="2"/><W18/><G107/><T55/><D116/><U90/><E69/><V23/><F23/><W125/><G104/><T14/><D14/><U111/><E111/><V70/><F70/><W126/><G126/><T5/><D5/><U85/><E68/><V41/><AGARI ba="0,1" hai="20,27,28,40,41,44,45,47,49,53,59,97,98,99" machi="41" ten="40,5200,0" yaku="1,1,0,1,8,1,53,0" doraHai="8" doraHaiUra="119" who="2" fromWho="2" sc="201,-13,230,-26,220,62,339,-13" /><INIT seed="2,0,0,4,1,46" ten="188,204,282,326" oya="2" hai0="23,135,55,93,32,56,17,122,30,9,105,111,91" hai1="62,112,13,36,132,57,70,53,47,85,79,61,15" hai2="115,114,99,106,0,116,45,68,113,20,134,54,5" hai3="8,72,3,63,133,131,109,86,128,117,83,76,11"/><V95/><F68/><W108/><G117/><T29/><D122/><U64/><E112/><V120/><F120/><W94/><G133/><T49/><D105/><U16/><E132/><V82/><F116/><W51/><G63/><T35/><D111/><N who="3" m="42569" /><G3/><T25/><D135/><U10/><E13/><V41/><F134/><W12/><G94/><T100/><D100/><U90/><E79/><V77/><F106/><W27/><G27/><T126/><D126/><U34/><E34/><V50/><F20/><W125/><G125/><T124/><D124/><U40/><E85/><V44/><F5/><W101/><G101/><T103/><D103/><U67/><E67/><V73/><F0/><W38/><G38/><T6/><D35/><U4/><REACH who="1" step="1"/><E90/><REACH who="1" ten="188,194,282,326" step="2"/><V65/><F65/><W33/><G33/><T2/><D32/><U119/><E119/><V48/><F114/><W118/><G118/><T127/><D127/><U80/><E80/><V37/><F37/><W110/><G86/><AGARI ba="0,1" hai="2,6,9,17,23,25,29,30,49,55,56,86,91,93" machi="86" ten="30,2000,0" yaku="7,1,52,1" doraHai="46" who="0" fromWho="3" sc="188,30,194,0,282,0,326,-20" /><INIT seed="3,0,0,0,1,105" ten="218,194,282,306" oya="3" hai0="132,90,25,49,21,19,34,54,110,71,102,84,130" hai1="70,77,118,111,20,38,133,79,103,83,46,53,50" hai2="119,73,122,4,28,76,39,48,91,117,16,93,35" hai3="116,114,59,17,36,65,69,47,56,55,134,101,81"/><W23/><G114/><T128/><D110/><U89/><E111/><V60/><F39/><W68/><G116/><T37/><D71/><U120/><E118/><V78/><F35/><W75/><G101/><T6/><D37/><U99/><E70/><V26/><F73/><W63/><G134/><T40/><D40/><U2/><E120/><V85/><F4/><W7/><G7/><T87/><D132/><U9/><E38/><V27/><F122/><W135/><G135/><T42/><D42/><U31/><E133/><V14/><F119/><W74/><G81/><T107/><D6/><U129/><E9/><N who="2" m="6223" /><F117/><W106/><G106/><T62/><D62/><U32/><E2/><V8/><F8/><W88/><G88/><T41/><D41/><U97/><E32/><V131/><F131/><W10/><G10/><T121/><D121/><U66/><E129/><N who="0" m="49769" /><D34/><U92/><E66/><V13/><F13/><W94/><G94/><T80/><D87/><U22/><E31/><V29/><F48/><W112/><G112/><T100/><D107/><U33/><E33/><V30/><F60/><W104/><G104/><T15/><D25/><AGARI ba="0,0" hai="25,26,27,28,29,30,76,78,85,91,93" m="6223" machi="25" ten="30,2000,0" yaku="8,1,54,1" doraHai="105" who="2" fromWho="0" sc="218,-20,194,0,282,20,306,0" owari="198,-20.0,194,-31.0,302,10.0,306,41.0" /></mjloggm>