<mjloggm ver="2.3"><GO type="41" lobby="0"/><UN n0="%E3%82%A6%E3%83%AB%E3%83%88%E3%83%A9%E7%AB%8B%E7%9B%B4" n1="%E3%81%AC%E3%82%93%E3%81%A0%E3%81%AC%E3%82%93%E3%83%BB%CF%89%E3%83%BB" n2="%E6%B5%B7" n3="%6D%74%70%6F%70" dan="15,14,13,13" rate="2017.35,1921.68,1876.42,1891.66" sx="M,F,M,M"/><TAIKYOKU oya="0"/><INIT seed="0,0,0,5,5,108" ten="250,250,250,250" oya="0" hai0="83,113,23,17,128,121,66,122,115,105,10,39,52" hai1="57,84,85,76,19,110,87,96,43,6,0,24,127" hai2="49,64,55,70,107,21,79,101,100,4,34,32,14" hai3="44,31,28,2,30,42,120,62,118,65,89,109,98"/><T74/><D105/><U72/><E110/><V48/><F79/><W46/><G2/><T114/><D39/><U90/><E127/><V132/><F132/><W104/><G120/><T27/><D66/><U8/><E43/><V50/><F70/><W80/><G109/><T88/><D128/><U47/><E47/><V123/><F64/><W93/><G118/><T116/><D116/><U119/><E119/><V13/><F123/><W129/><G129/><T91/><D91/><U33/><E96/><V125/><F55/><W71/><G104/><T56/><D10/><U5/><E5/><V130/><F130/><W54/><G42/><T18/><D18/><U73/><E90/><V99/><F101/><W131/><G131/><T9/><D9/><U61/><E76/><V95/><F107/><W106/><G106/><T3/><D3/><U86/><N who="1" m="22016" /><DORA hai="35" /><U112/><E112/><V77/><F77/><W41/><G80/><T117/><D117/><U7/><E7/><V20/><F34/><W124/><G124/><T97/><D83/><U59/><E59/><V29/><F32/><W94/><G41/><T103/><D103/><U82/><E82/><V12/><F4/><W75/><G75/><T63/><D74/><U40/><E40/><V111/><F111/><W38/><G38/><T53/><REACH who="0" step="1"/><D53/><REACH who="0" ten="240,250,250,250" step="2"/><N who="1" m="33967" /><E19/><N who="2" m="10343" /><F125/><W126/><G126/><T81/><D81/><U58/><E73/><V15/><F29/><W102/><REACH who="3" step="1"/><G54/><REACH who="3" ten="240,250,250,240" step="2"/><T51/><D51/><U11/><E72/><V69/><F50/><W25/><G25/><T78/><D78/><U16/><E24/><V36/><F49/><RYUUKYOKU ba="0,2" sc="240,15,250,-15,250,-15,240,15" hai0="17,23,27,52,56,63,88,97,113,114,115,121,122" hai3="28,30,31,44,46,62,65,71,89,93,94,98,102" /><INIT seed="0,1,2,4,3,69" ten="255,235,235,255" oya="0" hai0="44,127,52,31,24,93,54,114,70,91,13,68,4" hai1="98,132,109,78,81,72,113,5,120,83,16,11,7" hai2="15,3,102,1,135,30,26,23,74,126,60,134,96" hai3="53,64,51,87,33,80,38,95,86,111,10,118,73"/><T107/><D107/><U12/><E120/><V61/><F74/><W27/><G73/><T65/><D114/><U42/><E113/><V89/><F89/><W19/><G118/><T97/><D127/><U84/><E109/><V79/><F79/><W29/><G111/><T50/><D65/><U46/><E98/><V115/><F115/><W37/><G64/><T22/><D4/><U101/><E101/><V117/><F126/><W106/><G106/><T122/><D122/><U2/><E132/><N who="2" m="50731" /><F117/><W34/><G34/><T18/><REACH who="0" step="1"/><D54/><REACH who="0" ten="245,235,235,255" step="2"/><U129/><E5/><V35/><F3/><W43/><G53/><T45/><D45/><U67/><E7/><V0/><F0/><W112/><G112/><T59/><D59/><U20/><E2/><V119/><F1/><W48/><G43/><T8/><AGARI ba="1,3" hai="8,13,18,22,24,31,44,50,52,68,70,91,93,97" machi="8" ten="20,12000,1" yaku="1,1,0,1,7,1,54,1,53,1" doraHai="69" doraHaiUra="14" who="0" fromWho="0" sc="245,153,235,-41,235,-41,255,-41" /><INIT seed="0,2,0,3,3,128" ten="398,194,194,214" oya="0" hai0="106,120,121,86,13,30,115,56,6,36,35,55,129" hai1="104,88,135,126,46,77,109,122,98,131,78,87,39" hai2="25,97,42,132,59,71,3,33,11,117,47,102,53" hai3="99,92,69,0,89,70,84,112,62,41,23,21,124"/><T48/><D106/><U16/><E122/><V101/><F71/><W64/><G0/><T68/><D68/><U22/><E131/><V52/><F117/><W113/><G70/><T12/><D36/><U108/><E126/><V18/><F132/><W125/><G41/><T105/><D105/><U80/><E39/><V65/><F65/><W29/><G29/><T79/><D115/><U1/><E1/><V100/><F97/><W49/><G49/><T17/><D129/><U66/><E66/><V28/><F59/><W2/><G2/><T9/><D30/><U67/><E67/><V74/><F74/><W7/><G7/><T73/><D35/><U40/><E135/><V76/><F76/><W107/><G107/><T95/><D73/><U81/><E40/><V19/><F19/><W26/><G26/><T85/><D85/><U61/><E46/><V60/><F60/><W118/><G118/><T5/><D5/><U27/><E61/><V114/><F114/><W38/><G38/><T90/><REACH who="0" step="1"/><D79/><REACH who="0" ten="388,194,194,214" step="2"/><U58/><E78/><V32/><F32/><W44/><G113/><T91/><D91/><U24/><E77/><V75/><F75/><W134/><G112/><T51/><D51/><U37/><E37/><N who="2" m="21967" /><F18/><W103/><G69/><T54/><D54/><U110/><E104/><V34/><F34/><W10/><G125/><T94/><D94/><N who="1" m="56647" /><E87/><V45/><F53/><W116/><G124/><T15/><D15/><U119/><E119/><V8/><F52/><W57/><G116/><T43/><D43/><U133/><E133/><V14/><F14/><W96/><G134/><RYUUKYOKU ba="2,1" sc="388,30,194,-10,194,-10,214,-10" hai0="6,9,12,13,17,48,55,56,86,90,95,120,121" /><INIT seed="0,3,1,3,5,121" ten="418,184,184,204" oya="0" hai0="82,117,63,8,37,135,10,20,87,132,112,21,101" hai1="108,131,62,91,92,48,22,15,83,129,52,133,119" hai2="74,73,88,2,114,49,77,33,5,78,81,54,40" hai3="111,27,98,85,113,51,39,29,90,26,127,56,116"/><T70/><D37/><U94/><E119/><V105/><F105/><W68/><G39/><T32/><D101/><U71/><E133/><N who="0" m="51273" /><D32/><U55/><E71/><V123/><F33/><W12/><G68/><T84/><D112/><U76/><E62/><V50/><F114/><W97/><G113/><T66/><D117/><U0/><E0/><V110/><F2/><W102/><G116/><T134/><N who="0" m="51281" /><T99/><DORA hai="93" /><D99/><U57/><E108/><V130/><F110/><W47/><G111/><T118/><D87/><N who="1" m="48615" /><E129/><V115/><F130/><W96/><G102/><T46/><D46/><U6/><E131/><V109/><F109/><W3/><G3/><T61/><D61/><N who="1" m="36007" /><E91/><V9/><F88/><W42/><G127/><T106/><D106/><U75/><E75/><V35/><F35/><W80/><G29/><T107/><D107/><U86/><E86/><V4/><F74/><W65/><G12/><T13/><D118/><U43/><E43/><V89/><F40/><W45/><G45/><T17/><D84/><U100/><E100/><V23/><F73/><W58/><G65/><T104/><D104/><U125/><E125/><V59/><F115/><W14/><G14/><N who="0" m="7367" /><D82/><U25/><E15/><V72/><F72/><W31/><G31/><T36/><D36/><U64/><E92/><V69/><F81/><W122/><G122/><T30/><D30/><U124/><E94/><V120/><F120/><W79/><G79/><T11/><D11/><U44/><E124/><V16/><F123/><W95/><G80/><T103/><D103/><U24/><E64/><V53/><F78/><RYUUKYOKU ba="3,1" sc="418,15,184,-15,184,-15,204,15" hai0="10,13,20,21,63,66,70" hai3="26,27,42,47,51,56,58,85,90,95,96,97,98" /><INIT seed="0,4,1,2,3,1" ten="433,169,169,219" oya="0" hai0="55,84,121,106,33,60,15,40,96,125,113,98,71" hai1="105,44,25,130,73,134,135,86,107,88,64,123,94" hai2="3,20,61,19,31,59,41,23,42,36,126,12,48" hai3="132,16,37,29,115,110,47,35,90,92,52,9,45"/><T109/><D121/><U77/><E64/><V49/><F3/><W116/><G115/><T91/><D113/><U26/><E123/><V28/><F126/><W0/><G116/><T51/><D125/><U53/><E130/><V2/><F2/><W124/><G37/><T46/><D33/><U102/><E44/><N who="2" m="25623" /><F36/><W6/><G124/><T4/><D106/><N who="1" m="40459" /><E53/><N who="2" m="34031" /><F23/><W97/><G110/><T11/><D109/><U118/><E26/><V58/><F58/><W8/><G132/><N who="1" m="50730" /><E25/><V120/><F120/><W104/><G104/><T22/><D22/><U27/><E27/><V128/><F128/><W5/><G35/><T74/><D74/><U93/><E118/><V127/><F127/><W63/><G29/><T78/><D78/><U34/><E34/><V82/><F82/><W14/><REACH who="3" step="1"/><G6/><REACH who="3" ten="433,169,169,209" step="2"/><T57/><D71/><U32/><E32/><V119/><F119/><W66/><G66/><T69/><D69/><U79/><E73/><V10/><F28/><W17/><G17/><T7/><D7/><U56/><E56/><AGARI ba="4,2" hai="0,5,8,9,14,16,45,47,52,56,63,90,92,97" machi="56" ten="40,8000,1" yaku="1,1,52,1,54,2,53,0" doraHai="1" doraHaiUra="30" who="3" fromWho="1" sc="433,0,169,-92,169,0,209,112" /><INIT seed="1,0,0,1,0,118" ten="433,77,169,321" oya="1" hai0="37,94,13,68,50,116,78,77,20,0,58,120,17" hai1="112,131,48,41,72,3,33,34,65,96,99,7,39" hai2="69,102,87,36,62,100,81,121,9,119,14,24,38" hai3="103,44,57,79,47,1,11,134,28,5,98,129,124"/><U132/><E112/><V43/><F119/><W29/><G129/><T85/><D68/><U54/><E72/><V31/><F121/><W16/><G124/><T42/><D0/><U104/><E131/><V27/><F69/><W109/><G134/><T76/><D116/><U4/><E132/><V51/><F62/><W35/><G109/><T106/><D106/><U108/><E65/><V117/><F117/><W91/><G79/><T63/><D37/><U2/><E108/><V75/><F75/><W59/><G35/><T22/><D22/><U88/><E41/><V92/><F38/><W19/><G91/><T93/><D120/><U60/><E60/><V82/><F36/><W133/><G133/><T40/><D50/><U105/><E39/><V23/><F27/><W128/><G128/><T115/><D115/><U67/><E67/><V84/><F81/><W52/><G59/><T10/><D20/><U30/><E48/><V45/><F92/><N who="0" m="35434" /><D85/><N who="2" m="32842" /><F82/><W49/><G29/><T32/><D32/><U18/><E18/><AGARI ba="0,0" hai="9,14,18,23,24,31,43,45,51,100,102" m="32842" machi="18" ten="30,1000,0" yaku="8,1" doraHai="118" who="2" fromWho="1" sc="433,0,77,-10,169,10,321,0" /><INIT seed="2,0,0,5,2,98" ten="433,67,179,321" oya="2" hai0="114,82,21,52,129,121,55,80,48,106,89,103,73" hai1="72,51,134,102,23,56,65,47,33,132,30,84,64" hai2="76,6,4,96,101,59,10,43,128,18,67,39,8" hai3="68,60,46,24,90,131,44,126,86,20,115,94,127"/><V50/><F128/><W1/><G131/><T16/><D114/><U25/><E72/><V14/><F76/><W77/><G1/><T5/><D121/><U57/><E33/><V38/><F18/><W97/><G115/><T22/><D5/><U28/><E84/><V58/><F67/><W49/><G68/><T110/><D110/><U124/><E124/><N who="3" m="47658" /><G60/><T104/><D104/><U69/><E69/><V100/><F100/><N who="3" m="60471" /><G77/><T15/><D73/><U116/><E116/><V41/><F38/><W54/><G46/><T3/><D3/><U88/><E47/><N who="2" m="25967" /><F39/><W63/><G63/><T85/><D129/><U95/><E102/><V87/><F43/><W17/><G90/><T78/><D55/><U13/><E30/><V34/><F34/><W7/><G86/><N who="0" m="48407" /><D106/><U117/><E117/><V70/><F70/><W118/><G118/><T130/><D130/><U120/><E120/><V83/><F87/><W125/><G125/><T93/><D103/><U11/><E65/><V40/><F40/><W53/><G53/><T9/><D93/><U91/><E64/><V19/><F83/><W107/><G107/><T66/><D66/><U79/><E79/><V105/><F4/><AGARI ba="0,0" hai="4,7,17,20,24,44,49,54" m="60471,47658" machi="4" ten="30,2000,0" yaku="18,1,52,1" doraHai="98" who="3" fromWho="2" sc="433,0,67,0,179,-20,321,20" /><INIT seed="3,0,0,3,3,27" ten="433,67,159,341" oya="3" hai0="76,87,84,107,102,34,11,23,68,2,75,52,122" hai1="99,22,74,41,108,44,58,123,71,111,12,82,57" hai2="103,93,135,17,0,132,15,64,70,106,112,26,80" hai3="78,55,36,65,42,129,67,18,109,86,125,73,47"/><W90/><G73/><T56/><D68/><U69/><E123/><V13/><F0/><W131/><G78/><T117/><D34/><U1/><E1/><V116/><F116/><W38/><G18/><T35/><D35/><U127/><E127/><V134/><F106/><W100/><G100/><T96/><D122/><U14/><E99/><N who="2" m="59887" /><F112/><W21/><G21/><T3/><D117/><U120/><E120/><V89/><F70/><N who="1" m="26633" /><E74/><V98/><F64/><N who="3" m="24651" /><G86/><T51/><D75/><U39/><E82/><V53/><F53/><W91/><G90/><T60/><D60/><U48/><E39/><N who="3" m="14890" /><G91/><T81/><D11/><U40/><E14/><V5/><F5/><W4/><G4/><T92/><D107/><U45/><E12/><V118/><F118/><W133/><G125/><T121/><D121/><U94/><E94/><N who="2" m="56655" /><F80/><W19/><G19/><T130/><D87/><U29/><E22/><AGARI ba="0,0" hai="13,15,17,22,26,132,134,135" m="56655,59887" machi="22" ten="30,1000,0" yaku="20,1" doraHai="27" who="2" fromWho="1" sc="433,0,67,-10,159,10,341,0" /><INIT seed="4,0,0,1,3,93" ten="433,57,169,341" oya="0" hai0="97,87,6,9,59,47,69,91,35,75,24,131,84" hai1="21,29,110,124,81,120,77,26,53,3,117,18,113" hai2="63,42,72,32,2,76,58,16,30,73,100,78,62" hai3="102,88,126,86,49,10,79,67,40,101,5,123,122"/><T85/><D69/><U114/><E3/><V27/><F2/><W19/><G67/><T34/><D75/><U98/><E117/><V14/><F42/><W44/><G79/><T109/><D109/><U107/><E110/><V56/><F100/><W129/><G126/><T115/><D115/><N who="1" m="44043" /><E124/><V64/><F78/><W95/><G129/><T108/><D108/><U55/><E120/><N who="3" m="46122" /><G19/><T50/><D59/><U48/><E29/><V132/><F132/><W70/><G70/><T0/><D131/><U15/><E26/><V118/><F118/><W128/><G128/><T130/><D130/><U133/><E133/><V60/><F76/><W116/><G116/><T89/><D24/><U4/><E4/><V23/><REACH who="2" step="1"/><F60/><REACH who="2" ten="433,57,159,341" step="2"/><W71/><G71/><T36/><D36/><U65/><E48/><V22/><F22/><W134/><G134/><T99/><D35/><U31/><E21/><V61/><F61/><W25/><G25/><T94/><D34/><U125/><E77/><V12/><F12/><AGARI ba="0,1" hai="5,10,12,40,44,49,86,88,95,101,102" m="46122" machi="12" ten="30,2000,0" yaku="13,1,54,1" doraHai="93" who="3" fromWho="2" sc="433,0,57,0,159,-20,341,30" /><INIT seed="5,0,0,3,3,118" ten="433,57,139,371" oya="1" hai0="16,60,15,54,119,109,49,85,89,99,31,3,14" hai1="64,98,61,51,128,11,79,63,35,48,120,7,100" hai2="130,92,58,21,123,78,84,47,34,125,10,17,39" hai3="22,32,110,42,76,38,50,86,62,37,97,52,46"/><U108/><E120/><V105/><F105/><W43/><G32/><T122/><D3/><U90/><E128/><V132/><F34/><W116/><G110/><T107/><D119/><U19/><E35/><V25/><F123/><W77/><G116/><T2/><D2/><U127/><E79/><V65/><F130/><W57/><G97/><T73/><D73/><U53/><E108/><V13/><F125/><W124/><G124/><T134/><D109/><U94/><E127/><V106/><F132/><W88/><G37/><T1/><D1/><U23/><E7/><V101/><F106/><W27/><G43/><T68/><D134/><U0/><E0/><V91/><F101/><W36/><G38/><T69/><D31/><U28/><E28/><V93/><F78/><W135/><G36/><T117/><D117/><U96/><E11/><V103/><F39/><W4/><G4/><T129/><D129/><U5/><E5/><V111/><F111/><W71/><G71/><T70/><D15/><U24/><E64/><V121/><F121/><W30/><G135/><T82/><D122/><U83/><E51/><V59/><F47/><W33/><REACH who="3" step="1"/><G33/><REACH who="3" ten="433,57,139,361" step="2"/><T87/><D99/><U41/><E41/><V29/><F65/><W55/><G55/><T45/><D107/><U113/><E98/><AGARI ba="0,1" hai="10,13,17,21,25,29,58,59,84,91,92,93,98,103" machi="98" ten="40,1300,0" yaku="8,1" doraHai="118" who="2" fromWho="1" sc="433,0,57,-13,139,23,361,0" /><INIT seed="6,0,0,3,2,132" ten="433,44,162,361" oya="2" hai0="10,38,74,42,123,13,79,14,31,102,122,95,30" hai1="87,98,104,56,72,35,103,43,27,75,125,32,115" hai2="66,85,7,105,48,88,6,39,130,17,33,8,112" hai3="37,133,134,52,73,96,86,23,65,131,91,69,64"/><V90/><F105/><W4/><G73/><T119/><D42/><U97/><E115/><V116/><F39/><W53/><G37/><T57/><D79/><U135/><E125/><V2/><F116/><W47/><G131/><T5/><D74/><U58/><E135/><N who="3" m="51722" /><G4/><T94/><D57/><U114/><E114/><V84/><F33/><W120/><G120/><T118/><D102/><U16/><E43/><V61/><F112/><W22/><G96/><T59/><D59/><U113/><E113/><V128/><F48/><W80/><G69/><T21/><D38/><U106/><E87/><V107/><F107/><W78/><G47/><T26/><D95/><U108/><E108/><V45/><F45/><W110/><G110/><T15/><D94/><U20/><E20/><N who="3" m="7722" /><G78/><T0/><D31/><U126/><E126/><V28/><F28/><W60/><G60/><T1/><D1/><U54/><E54/><AGARI ba="0,0" hai="52,53,54,64,65,80,86,91" m="7722,51722" machi="54" ten="30,2000,0" yaku="20,1,54,1" doraHai="132" who="3" fromWho="1" sc="433,0,44,-20,162,0,361,20" /><INIT seed="7,0,0,3,1,80" ten="433,24,162,381" oya="3" hai0="28,120,16,39,14,9,74,89,21,49,104,106,61" hai1="54,38,126,70,75,127,122,91,129,71,55,17,57" hai2="102,7,97,123,52,18,15,121,128,81,37,73,34" hai3="88,3,45,43,112,100,26,111,56,24,135,108,2"/><W31/><G100/><T131/><D39/><U116/><E75/><V85/><F37/><W35/><G112/><T44/><D120/><N who="2" m="46154" /><F34/><W87/><G56/><T30/><D131/><U22/><E122/><V76/><F128/><W62/><G62/><T134/><D134/><U90/><E129/><V119/><F119/><W48/><G26/><N who="0" m="14631" /><D74/><U58/><E116/><V103/><F7/><W47/><G47/><T1/><D1/><U20/><E38/><V114/><F114/><W32/><G32/><T77/><D77/><U60/><E17/><V12/><F73/><W68/><G68/><T105/><D105/><U19/><E19/><V0/><F0/><W110/><REACH who="3" step="1"/><G135/><REACH who="3" ten="433,24,162,371" step="2"/><T115/><D115/><U50/><REACH who="1" step="1"/><E50/><REACH who="1" ten="433,14,162,371" step="2"/><V69/><F69/><W33/><G33/><T113/><D113/><U51/><E51/><V23/><F18/><W29/><G29/><T40/><D30/><U10/><E10/><V25/><F25/><W133/><G133/><T4/><D28/><U125/><E125/><V95/><F23/><W36/><G36/><T78/><D49/><U86/><E86/><V94/><F85/><W13/><G13/><T118/><D14/><U11/><E11/><V42/><F15/><W93/><AGARI ba="0,2" hai="2,3,24,31,35,43,45,48,87,88,93,108,110,111" machi="93" ten="30,12000,1" yaku="1,1,0,1,10,1,52,1,54,1,53,0" doraHai="80" doraHaiUra="5" who="3" fromWho="3" sc="433,-40,14,-40,162,-40,371,140" owari="393,19.0,-26,-53.0,122,-28.0,511,62.0" /></mjloggm>