<mjloggm ver="2.3"><GO type="169" lobby="0"/><UN n0="%E3%81%B1%E3%83%BC%E3%81%9D%E3%82%93" n1="%E3%82%84%E3%81%9F%E3%82%B1%E3%83%B3" n2="%E3%82%A6%E3%83%AB%E3%83%88%E3%83%A9%E7%AB%8B%E7%9B%B4" n3="%4A%61%6E%2D%4D%61%63%68" dan="16,16,17,17" rate="2051.94,2098.69,2179.92,2164.82" sx="M,F,M,M"/><TAIKYOKU oya="0"/><INIT seed="0,0,0,3,5,92" ten="250,250,250,250" oya="0" hai0="113,83,6,109,100,118,33,125,3,15,4,126,101" hai1="95,124,78,71,12,28,66,62,76,96,117,57,58" hai2="7,97,77,127,111,75,37,30,93,68,133,0,65" hai3="46,104,94,25,85,41,44,86,79,59,47,39,134"/><T13/><D118/><U69/><E117/><V8/><F111/><W82/><G104/><T35/><D113/><U14/><E124/><N who="0" m="47721" /><D83/><U105/><E105/><V34/><F127/><W81/><G134/><T38/><D38/><U120/><E120/><V116/><F133/><W99/><G59/><T98/><D109/><U20/><E71/><V52/><F116/><W32/><G25/><T53/><D53/><U121/><E121/><V107/><F37/><W114/><G32/><N who="0" m="12363" /><D3/><U74/><E69/><V61/><F77/><N who="1" m="29801" /><E58/><V60/><F75/><W103/><G114/><T122/><D122/><U22/><E74/><V24/><F60/><W19/><G19/><T5/><D101/><N who="1" m="60575" /><E22/><V40/><F40/><W108/><REACH who="3" step="1"/><G108/><REACH who="3" ten="250,250,250,240" step="2"/><T51/><D51/><U64/><E66/><V54/><REACH who="2" step="1"/><F107/><AGARI ba="0,1" hai="4,5,6,13,15,98,100,107" m="12363,47721" machi="107" ten="40,3900,0" yaku="18,1,52,1" doraHai="92" who="0" fromWho="2" sc="250,49,250,0,250,-39,240,0" /><INIT seed="0,1,0,3,3,46" ten="299,250,211,240" oya="0" hai0="78,120,112,116,98,35,115,102,88,19,103,122,3" hai1="105,129,69,2,11,93,109,113,68,81,107,96,100" hai2="111,33,48,41,125,89,76,0,77,73,17,8,53" hai3="31,119,97,80,25,1,84,130,43,21,101,16,67"/><T61/><D3/><U71/><E109/><V95/><F111/><W20/><G1/><T14/><D35/><U135/><E129/><V90/><F33/><W74/><G74/><T75/><D116/><U110/><E110/><V37/><F125/><W86/><G130/><T55/><D75/><U10/><E135/><V63/><F37/><W94/><G119/><T54/><D78/><U39/><E113/><V99/><F73/><W36/><G80/><T32/><D32/><U47/><E81/><V72/><F72/><W65/><G43/><T124/><D124/><U134/><E134/><V45/><F89/><W91/><G36/><T38/><D38/><U12/><E2/><V44/><F44/><W127/><G127/><T60/><D19/><U29/><E29/><V62/><F0/><W56/><G91/><T26/><D14/><U4/><E11/><V22/><F8/><W9/><G9/><T58/><D88/><U27/><E27/><N who="2" m="14799" /><F63/><N who="3" m="38119" /><G67/><T79/><D79/><U40/><AGARI ba="1,0" hai="4,10,12,39,40,47,68,69,71,93,96,100,105,107" machi="40" ten="40,1500,0" yaku="0,1" doraHai="46" who="1" fromWho="1" sc="299,-8,250,18,211,-5,240,-5" /><INIT seed="1,0,0,4,4,38" ten="291,268,206,235" oya="1" hai0="92,97,101,73,106,99,98,84,32,111,29,94,122" hai1="64,91,51,87,39,6,113,59,44,53,108,121,52" hai2="102,24,93,126,127,80,85,4,54,63,115,56,10" hai3="116,0,133,11,95,109,83,48,9,104,120,76,17"/><U23/><E121/><V74/><F115/><W103/><G104/><T82/><D32/><U66/><E113/><V45/><F24/><W33/><G120/><T90/><D29/><U27/><E6/><V58/><F58/><W49/><G33/><T30/><D30/><U68/><E68/><V112/><F112/><W16/><G116/><T15/><D122/><U3/><E3/><V123/><F123/><W70/><G70/><T96/><D15/><U81/><E108/><V86/><F74/><W47/><G49/><T60/><D60/><U7/><E7/><V5/><F5/><W37/><G37/><T22/><D22/><U124/><E124/><V57/><F57/><W100/><G0/><T14/><D14/><U31/><REACH who="1" step="1"/><E39/><REACH who="1" ten="291,258,206,235" step="2"/><V72/><F4/><W118/><G109/><T40/><D111/><U79/><E79/><V19/><F126/><W78/><G78/><N who="0" m="44367" /><D40/><U50/><AGARI ba="0,1" hai="23,27,31,44,50,51,52,53,59,64,66,81,87,91" machi="50" ten="20,12000,1" yaku="1,1,0,1,7,1,8,1,54,1,53,0" doraHai="38" doraHaiUra="65" who="1" fromWho="1" sc="291,-40,258,130,206,-40,235,-40" /><INIT seed="1,1,0,2,3,21" ten="251,388,166,195" oya="1" hai0="66,111,115,65,4,9,41,125,127,114,92,99,81" hai1="52,59,29,17,70,113,25,87,7,77,63,88,0" hai2="117,100,13,12,62,11,48,95,126,107,122,91,27" hai3="68,83,131,85,20,31,86,57,50,42,82,28,134"/><U18/><E113/><N who="0" m="43017" /><D41/><U130/><E70/><V71/><F122/><W102/><G68/><T14/><D81/><U76/><E130/><V129/><F13/><W97/><G131/><T8/><D111/><U35/><E7/><V128/><F100/><W58/><G134/><T84/><D84/><U106/><E106/><V64/><F107/><W39/><G39/><T121/><D121/><U73/><E0/><V6/><F48/><W22/><G42/><T120/><D9/><U33/><E33/><V3/><F128/><W51/><G97/><T10/><D10/><U38/><E38/><V72/><F72/><W32/><G32/><T5/><D4/><U37/><E37/><V74/><F74/><W123/><G123/><T53/><D53/><U79/><REACH who="1" step="1"/><E73/><REACH who="1" ten="251,378,166,195" step="2"/><V24/><F129/><W60/><G102/><N who="0" m="60775" /><D120/><U90/><E90/><V105/><F105/><W96/><G96/><T108/><D108/><U34/><E34/><V69/><F69/><W36/><G36/><T112/><D112/><U2/><E2/><V47/><F3/><W119/><G119/><T44/><D5/><U118/><E118/><V67/><F117/><W56/><G56/><T43/><D127/><U133/><E133/><V16/><F126/><W78/><G78/><T46/><D125/><U55/><E55/><V30/><F6/><W98/><G98/><T109/><D109/><U45/><E45/><V61/><F47/><W116/><G116/><T110/><D110/><U103/><E103/><V80/><F71/><W1/><G1/><T49/><D46/><U101/><E101/><V26/><F91/><RYUUKYOKU ba="1,1" sc="251,10,378,10,166,-30,195,10" hai0="8,14,43,44,49,65,66" hai1="17,18,25,29,35,52,59,63,76,77,79,87,88" hai3="20,22,28,31,50,51,57,58,60,82,83,85,86" /><INIT seed="1,2,1,3,0,33" ten="261,388,136,205" oya="1" hai0="5,72,20,54,40,63,58,29,10,125,1,70,81" hai1="0,85,8,30,4,31,98,47,37,13,46,74,117" hai2="110,89,127,82,78,91,65,83,95,38,119,42,28" hai3="41,105,14,52,34,115,23,130,134,102,49,55,48"/><U75/><E117/><V22/><F119/><W51/><G34/><T59/><D125/><U67/><E67/><V114/><F114/><W113/><G41/><T116/><D116/><U3/><E98/><V27/><F127/><W26/><G102/><T124/><D124/><U56/><E56/><V21/><F110/><W7/><G105/><T126/><D126/><U77/><E85/><V9/><F65/><W71/><G71/><T19/><D40/><U69/><E69/><V133/><F133/><W90/><G134/><T112/><D29/><U66/><E66/><V111/><F111/><W97/><G130/><T135/><D135/><U50/><E37/><V99/><F78/><W36/><G36/><T107/><D107/><U73/><E77/><V92/><F9/><N who="3" m="4415" /><G115/><T2/><D112/><U106/><E106/><V35/><F35/><W68/><G68/><T6/><D70/><U43/><REACH who="1" step="1"/><E47/><REACH who="1" ten="261,378,136,205" step="2"/><V18/><F38/><W57/><G57/><T118/><D59/><U93/><E93/><V84/><F83/><W24/><G113/><T61/><D118/><U132/><E132/><V86/><F82/><W32/><G97/><T62/><D81/><U108/><E108/><V44/><F99/><W53/><G90/><T76/><D76/><U131/><E131/><V80/><F80/><W25/><G32/><T16/><D58/><U45/><E45/><V129/><F129/><W104/><G104/><T17/><D72/><U15/><E15/><N who="2" m="9439" /><F44/><W94/><G94/><T79/><D79/><U87/><E87/><V88/><F91/><W100/><G100/><T120/><D2/><AGARI ba="2,2" hai="0,2,3,4,8,13,30,31,43,46,50,73,74,75" machi="2" ten="50,12000,1" yaku="1,1,6,1,52,3,53,0" doraHai="33" doraHaiUra="96" who="1" fromWho="0" sc="261,-126,378,146,136,0,205,0" /><INIT seed="1,3,0,3,3,113" ten="135,524,136,205" oya="1" hai0="80,118,69,135,79,102,110,57,127,94,23,11,83" hai1="4,120,21,124,33,129,82,114,20,16,131,6,10" hai2="84,76,126,13,50,54,1,29,98,67,46,27,101" hai3="42,78,7,64,103,39,86,122,97,93,0,112,106"/><U96/><E96/><V48/><F1/><W49/><G122/><T119/><D69/><U40/><E82/><V105/><F126/><W72/><G112/><T8/><D135/><U18/><E114/><V24/><F67/><W100/><G64/><T17/><D127/><U121/><E124/><V19/><F29/><W45/><G103/><T89/><D110/><U56/><E56/><V134/><F134/><W116/><G49/><T5/><D102/><U65/><E65/><V59/><F84/><W25/><G25/><T81/><D79/><U58/><E58/><V109/><F76/><W30/><G30/><T44/><D57/><U47/><E47/><V37/><F37/><W88/><G7/><N who="1" m="2602" /><E40/><V31/><F31/><W43/><G43/><T38/><D38/><U70/><E33/><V73/><F109/><W104/><G0/><T35/><D35/><U133/><E70/><V87/><F87/><W71/><G71/><T74/><D74/><U63/><E63/><V60/><F73/><W28/><G28/><T90/><D44/><U14/><E10/><N who="0" m="3625" /><D5/><U111/><E111/><V132/><F132/><W12/><G106/><T3/><D3/><U125/><E125/><V77/><F77/><W107/><G107/><T115/><D115/><U92/><E92/><V26/><F46/><W22/><G78/><T123/><D94/><U91/><E91/><N who="0" m="34825" /><D123/><N who="1" m="47179" /><E133/><V53/><F53/><W128/><G72/><T61/><D61/><U52/><E52/><V108/><F108/><W66/><G45/><T51/><D51/><U130/><E18/><V9/><AGARI ba="3,0" hai="9,13,19,24,26,27,48,50,54,59,60,98,101,105" machi="9" ten="30,1100,0" yaku="0,1" doraHai="113" who="2" fromWho="2" sc="135,-6,524,-8,136,20,205,-6" /><INIT seed="2,0,0,0,0,30" ten="129,516,156,199" oya="2" hai0="26,37,15,13,49,83,78,7,21,34,40,45,72" hai1="112,44,131,20,67,82,81,66,101,1,119,121,116" hai2="76,87,103,102,62,124,3,35,68,43,127,110,86" hai3="111,71,75,128,56,10,91,92,134,130,74,123,57"/><V125/><F3/><W65/><G123/><T106/><D106/><U5/><E112/><V31/><F43/><W105/><G105/><T28/><D7/><U2/><E20/><V84/><F76/><W58/><G10/><T117/><D117/><U33/><E44/><V39/><F39/><W70/><G134/><T99/><D99/><U48/><E48/><V63/><F110/><W89/><G92/><T55/><REACH who="0" step="1"/><D21/><REACH who="0" ten="119,516,156,199" step="2"/><U122/><E5/><V25/><F68/><N who="3" m="26155" /><G111/><T126/><D126/><U23/><E23/><V93/><F93/><W38/><G65/><T69/><D69/><U19/><E67/><V22/><F22/><W108/><G108/><T97/><D97/><U16/><E66/><V36/><F36/><W104/><G104/><T98/><D98/><U4/><E4/><V90/><F90/><N who="3" m="34315" /><G38/><T118/><D118/><U120/><E120/><V32/><REACH who="2" step="1"/><F35/><REACH who="2" ten="119,516,146,199" step="2"/><W77/><G77/><T79/><D79/><U96/><E33/><V11/><F11/><W73/><AGARI ba="0,2" hai="56,57,58,73,74,75,128,130" m="34315,26155" machi="73" ten="50,3200,0" yaku="28,2" doraHai="30" who="3" fromWho="3" sc="119,-8,516,-8,146,-16,199,52" /><INIT seed="3,0,0,5,5,13" ten="111,508,130,251" oya="3" hai0="31,9,37,113,81,131,60,87,93,82,68,7,70" hai1="101,48,26,125,12,112,69,71,59,95,135,124,88" hai2="84,58,120,127,18,116,27,5,91,105,110,52,102" hai3="53,63,123,20,121,86,43,122,119,16,51,10,21"/><W97/><G119/><T85/><D37/><U22/><E112/><V94/><F116/><W1/><G43/><T38/><D38/><U42/><E101/><V74/><F110/><W66/><G86/><T25/><D113/><U80/><E80/><V6/><F127/><N who="1" m="48713" /><E12/><V129/><F129/><W133/><G97/><T55/><D131/><U111/><E111/><V0/><F0/><W75/><G75/><T39/><D39/><U73/><E135/><V28/><F74/><W117/><G133/><T3/><D70/><U62/><E73/><V46/><F46/><W106/><G106/><T36/><D36/><U67/><E48/><N who="2" m="30983" /><F105/><W109/><G109/><T100/><D68/><U77/><E77/><V57/><F102/><W33/><G33/><T65/><D100/><U83/><E83/><V96/><F96/><W50/><G50/><T32/><D82/><U41/><E69/><V30/><F57/><W98/><G98/><T103/><D81/><U130/><E71/><V114/><F114/><W29/><G117/><T44/><D103/><U15/><E15/><V19/><F120/><W134/><G134/><T104/><D104/><U56/><E56/><V14/><F6/><W49/><G121/><T8/><D93/><U78/><E78/><V34/><F34/><W118/><G118/><T108/><D108/><U107/><E107/><V132/><F132/><W45/><G123/><T47/><D87/><N who="1" m="52639" /><E130/><V126/><F126/><W23/><G122/><T54/><D85/><U35/><E35/><V24/><F5/><W17/><G1/><T99/><D3/><U128/><E128/><RYUUKYOKU ba="0,0" sc="111,-10,508,30,130,-10,251,-10" hai1="22,26,41,42,59,62,67" /><INIT seed="4,1,0,0,0,42" ten="101,538,120,241" oya="0" hai0="71,26,128,4,92,53,130,81,102,69,52,24,30" hai1="49,9,129,35,103,45,34,25,20,124,91,28,46" hai2="1,62,5,51,73,111,89,17,58,64,7,3,119" hai3="55,0,41,12,36,70,125,11,85,38,100,110,99"/><T135/><D4/><U84/><E103/><V112/><F73/><W104/><G0/><T8/><D8/><U118/><E118/><V94/><F111/><W123/><G70/><N who="0" m="26635" /><D135/><U117/><E117/><V105/><F105/><W21/><G110/><T10/><D10/><U75/><E75/><V120/><F120/><W93/><G123/><T2/><D2/><U96/><E96/><V48/><F3/><W60/><G21/><T108/><D81/><U23/><E9/><V121/><F121/><W14/><G14/><T109/><D102/><U97/><E97/><V50/><F1/><W133/><G133/><T74/><D74/><U134/><E134/><V107/><F107/><W106/><G104/><T127/><D92/><U66/><E66/><V101/><F101/><W90/><G12/><T86/><D86/><U83/><E34/><V113/><F17/><W13/><G13/><T27/><D30/><U115/><E35/><V44/><F7/><W80/><G11/><T67/><D67/><U63/><E23/><V88/><F5/><W98/><G98/><T126/><D109/><U33/><E33/><V18/><F18/><W77/><G100/><T39/><D39/><U19/><E28/><V6/><F6/><W131/><G36/><T68/><D108/><U59/><E19/><V76/><F76/><W54/><G77/><T114/><D114/><N who="2" m="44138" /><F119/><W122/><G122/><T79/><D79/><U61/><E115/><V15/><F15/><W78/><G78/><T40/><D68/><U72/><E72/><V37/><F94/><W132/><G106/><T56/><D24/><RYUUKYOKU ba="1,0" sc="101,-10,538,-10,120,30,241,-10" hai2="37,44,48,50,51,58,62,64,88,89" /><INIT seed="5,2,0,3,1,18" ten="91,528,150,231" oya="1" hai0="111,19,68,122,84,104,44,81,105,48,121,26,36" hai1="49,88,39,1,52,8,35,113,66,90,21,6,23" hai2="13,54,31,78,3,103,92,101,4,27,43,58,32" hai3="7,124,79,65,40,42,45,72,86,117,106,2,62"/><U53/><E39/><V118/><F43/><W91/><G106/><T38/><D68/><U14/><E35/><V114/><F118/><W67/><G117/><T0/><D0/><U94/><E113/><V5/><F114/><W34/><G34/><T83/><D111/><U61/><E1/><V130/><F130/><W75/><G42/><T82/><D84/><N who="1" m="52487" /><E90/><V50/><F78/><W30/><G30/><T17/><D26/><U100/><E100/><V63/><F3/><W120/><G120/><N who="0" m="46187" /><D48/><U109/><E109/><V9/><F4/><W93/><G124/><T99/><D44/><N who="1" m="27687" /><E66/><V25/><F92/><W80/><G62/><T131/><D131/><U135/><E135/><V69/><F69/><W74/><G65/><T112/><D112/><U133/><E133/><V70/><F70/><W73/><G67/><T56/><D99/><U33/><E33/><V64/><F64/><W102/><G102/><T41/><D41/><U37/><E37/><N who="0" m="14441" /><D56/><AGARI ba="2,0" hai="6,8,14,21,23,53,56,61" m="27687,52487" machi="56" ten="30,12000,1" yaku="8,1,52,2,54,2" doraHai="18" who="1" fromWho="0" sc="91,-126,528,126,150,0,231,0" owari="-35,-54.0,654,76.0,150,-25.0,231,3.0" /></mjloggm>