<mjloggm ver="2.3"><GO type="169" lobby="0"/><UN n0="%73%68%69%6E%6F%21%21" n1="%EF%BC%88%EF%BC%BE%D0%94%EF%BC%BE%EF%BC%89" n2="%E3%81%AF%E3%81%A3%E3%81%A8%E3%82%8A%E3%81%B8%E3%81%84%E3%81%98" n3="%E3%82%A6%E3%83%AB%E3%83%88%E3%83%A9%E7%AB%8B%E7%9B%B4" dan="17,16,16,16" rate="2125.73,2108.94,2120.45,2137.94" sx="M,M,M,M"/><TAIKYOKU oya="0"/><INIT seed="0,0,0,3,0,111" ten="250,250,250,250" oya="0" hai0="26,84,31,130,82,101,7,54,86,15,59,78,16" hai1="76,21,75,11,44,66,119,98,38,127,74,112,39" hai2="65,80,22,13,126,28,24,94,120,99,117,124,105" hai3="32,41,6,12,121,57,49,133,106,60,116,100,90"/><T96/><D7/><U25/><E119/><V123/><F105/><W36/><G32/><T45/><D45/><U104/><E127/><N who="2" m="48683" /><F65/><W30/><G100/><T63/><D130/><U4/><E66/><V113/><F80/><W50/><G30/><T134/><D134/><U95/><E104/><V55/><F117/><W135/><G106/><T70/><D70/><U73/><E76/><V102/><F55/><W56/><G90/><T64/><D64/><U107/><E44/><V52/><F13/><W71/><G12/><T40/><D40/><U34/><E107/><V77/><F77/><W61/><G116/><T81/><D96/><U58/><E34/><V115/><F52/><W87/><G87/><T132/><D101/><U110/><E58/><V93/><F93/><W48/><G71/><T17/><D132/><N who="3" m="50761" /><G36/><T109/><D109/><U92/><E39/><V67/><F67/><W79/><G79/><N who="0" m="46143" /><D15/><U2/><E38/><V122/><AGARI ba="0,0" hai="22,24,28,94,99,102,113,115,120,122,123" m="48683" machi="122" ten="40,5200,0" yaku="18,1,52,2" doraHai="111" who="2" fromWho="2" sc="250,-26,250,-13,250,52,250,-13" /><INIT seed="1,0,0,2,4,116" ten="224,237,302,237" oya="1" hai0="96,118,103,43,40,59,81,53,79,127,73,52,98" hai1="123,134,30,2,108,5,19,89,87,88,112,21,34" hai2="70,45,48,95,113,24,105,60,17,74,86,61,77" hai3="35,32,63,10,92,132,26,14,102,58,107,115,99"/><U76/><E112/><V33/><F113/><W27/><G115/><T51/><D118/><U90/><E123/><V119/><F119/><W68/><G132/><T101/><D127/><U122/><E122/><V71/><F105/><W47/><G68/><T75/><D75/><U82/><E134/><V93/><F74/><W13/><G107/><T28/><D28/><U64/><E108/><V124/><F124/><W4/><G35/><T114/><D114/><U78/><E78/><V120/><F120/><W41/><G32/><T135/><D135/><U44/><E64/><V6/><F6/><W31/><G31/><T50/><D98/><U100/><E100/><V8/><F33/><W42/><G14/><T121/><D103/><U83/><E83/><N who="2" m="47471" /><F71/><W22/><G47/><T29/><D29/><U57/><E57/><V23/><F70/><W9/><G9/><T129/><D129/><U55/><E30/><V65/><F8/><W69/><G69/><T18/><D18/><U1/><E34/><V80/><F80/><W16/><REACH who="3" step="1"/><G27/><REACH who="3" ten="224,237,302,227" step="2"/><T0/><D121/><U126/><E126/><V11/><F11/><W25/><G25/><T56/><REACH who="0" step="1"/><D0/><REACH who="0" ten="214,237,302,227" step="2"/><U54/><E1/><V110/><F17/><W106/><G106/><AGARI ba="0,2" hai="40,43,50,51,52,53,56,59,73,79,81,96,101,106" machi="106" ten="30,8000,1" yaku="1,1,2,1,7,1,9,1,54,1,53,0" doraHai="116" doraHaiUra="15" who="0" fromWho="3" sc="214,100,237,0,302,0,227,-80" /><INIT seed="2,0,0,3,0,108" ten="314,237,302,147" oya="2" hai0="81,134,129,95,47,53,92,110,66,55,51,93,102" hai1="42,9,37,118,94,48,87,22,78,26,116,13,84" hai2="83,24,89,91,43,57,2,23,36,72,97,73,100" hai3="15,19,112,29,107,30,123,61,135,28,46,85,62"/><V113/><F2/><W31/><G107/><T39/><D110/><U82/><E37/><V16/><F113/><W0/><G0/><T14/><D129/><U103/><E103/><V4/><F4/><W8/><G123/><T80/><D134/><U52/><E42/><V86/><F91/><W6/><G135/><T79/><D102/><U41/><E41/><V121/><F121/><W45/><N who="3" m="7168" /><DORA hai="20" /><W35/><G35/><T104/><D104/><U77/><E94/><V133/><F133/><W106/><G106/><T70/><D39/><U127/><E127/><V50/><F36/><W18/><G85/><T25/><D81/><U67/><E67/><V75/><F57/><W115/><G6/><T122/><D122/><U21/><E21/><V59/><F59/><W126/><G126/><T34/><D14/><U17/><E78/><V10/><F10/><W1/><G1/><T101/><D101/><U132/><E84/><V98/><REACH who="2" step="1"/><F100/><REACH who="2" ten="314,237,292,147" step="2"/><W12/><G46/><AGARI ba="0,1" hai="16,23,24,43,46,50,72,73,75,83,86,89,97,98" machi="46" ten="40,12000,1" yaku="1,1,2,1,52,1,54,1,53,0" doraHai="108,20" doraHaiUra="128,3" who="2" fromWho="3" sc="314,0,237,0,292,130,147,-120" /><INIT seed="2,1,0,0,4,83" ten="314,237,422,27" oya="2" hai0="84,30,14,132,7,113,37,10,16,70,102,25,104" hai1="73,0,124,66,22,5,82,9,8,33,89,118,100" hai2="18,21,6,43,51,24,106,53,105,109,103,56,12" hai3="122,26,112,67,19,20,87,27,54,94,123,31,57"/><V4/><F109/><W92/><G112/><T78/><D70/><U58/><E33/><V11/><F43/><W42/><G42/><T13/><D37/><U76/><E118/><V47/><F103/><W39/><G39/><T130/><D113/><U99/><E124/><V108/><F108/><W77/><G67/><T97/><D130/><U98/><E8/><V28/><F4/><W41/><G41/><T135/><D78/><U2/><E2/><V72/><F72/><W79/><G122/><T65/><D65/><U75/><E75/><V96/><F47/><W85/><G123/><T126/><D126/><U61/><E100/><V32/><REACH who="2" step="1"/><F96/><REACH who="2" ten="314,237,412,27" step="2"/><W3/><G3/><AGARI ba="1,1" hai="3,6,11,12,18,21,24,28,32,51,53,56,105,106" machi="3" ten="30,12000,1" yaku="1,1,2,1,7,1,24,2,53,0" doraHai="83" doraHaiUra="114" who="2" fromWho="3" sc="314,0,237,0,412,133,27,-123" owari="314,11.0,237,-16.0,545,65.0,-96,-60.0" /></mjloggm>