<mjloggm ver="2.3"><GO type="41" lobby="0"/><UN n0="%6B%6F%62%61%2D%63%30%38" n1="%E9%8F%A1%E3%82%A6%E3%82%BF%E3%82%AB%E3%82%BF" n2="%E6%88%91%E5%AF%BF%E4%B8%B8" n3="%E5%B0%B1%E6%B4%BB%E7%94%9F%40%E5%B7%9D%E6%9D%91%E8%BB%8D%E5%9B%A3" dan="14,14,13,15" rate="1988.55,1893.07,1832.62,2054.52" sx="M,F,M,M"/><TAIKYOKU oya="0"/><INIT seed="0,0,0,4,4,53" ten="250,250,250,250" oya="0" hai0="20,130,62,51,131,85,58,105,119,116,123,54,22" hai1="109,83,46,18,2,81,124,3,29,26,41,80,118" hai2="65,61,40,37,25,87,6,52,5,34,90,21,45" hai3="102,107,72,84,56,55,35,13,63,23,93,104,106"/><T17/><D123/><U15/><E118/><V120/><F34/><W28/><G72/><T91/><D105/><U129/><E109/><V47/><F120/><W67/><G35/><T16/><D62/><U115/><E124/><V128/><F128/><N who="0" m="49194" /><D22/><U27/><E129/><V98/><F98/><W97/><G55/><T114/><D114/><U125/><E125/><V36/><F47/><W99/><G84/><T49/><D49/><U75/><E115/><V14/><F37/><W1/><G1/><T135/><D135/><U31/><E75/><V43/><F43/><W132/><G132/><T66/><D66/><U126/><E126/><V108/><F14/><W38/><G38/><T74/><D74/><U73/><E73/><V117/><F117/><N who="0" m="45130" /><D20/><U127/><E127/><V134/><F134/><W133/><G133/><T39/><D39/><U71/><E71/><V8/><F8/><W100/><REACH who="3" step="1"/><G13/><REACH who="3" ten="250,250,250,240" step="2"/><T96/><D96/><U101/><E2/><V11/><F108/><W24/><AGARI ba="0,1" hai="23,24,28,56,63,67,93,97,99,100,102,104,106,107" machi="24" ten="30,12000,2" yaku="1,1,2,1,0,1,25,2,52,1,53,0" doraHai="53" doraHaiUra="4" who="3" fromWho="3" sc="250,-60,250,-30,250,-30,240,130" /><INIT seed="1,0,0,3,1,109" ten="190,220,220,370" oya="1" hai0="75,1,116,63,89,55,96,71,24,79,66,78,84" hai1="16,18,26,122,93,112,125,3,77,133,36,92,54" hai2="95,8,124,67,61,31,39,119,70,134,11,0,105" hai3="35,76,91,13,115,62,49,27,50,90,40,2,37"/><U34/><E122/><V25/><F119/><W41/><G2/><T38/><D116/><U123/><E123/><V74/><F74/><W5/><G76/><T17/><D1/><U101/><E112/><V12/><F39/><W58/><G35/><T57/><D75/><U110/><E36/><V43/><F105/><W86/><G115/><T106/><D38/><U28/><E3/><V7/><F43/><W59/><G27/><T22/><D106/><U131/><E110/><V113/><F124/><W97/><G97/><T135/><D135/><U21/><E133/><V118/><F118/><W51/><G37/><T126/><D126/><U30/><E131/><V128/><F128/><W83/><G90/><T114/><D114/><U121/><E125/><V29/><F113/><W69/><G69/><T107/><D107/><U82/><E121/><V98/><F134/><W73/><G73/><T88/><D89/><U120/><E120/><V10/><F10/><N who="3" m="4303" /><G59/><T48/><REACH who="0" step="1"/><D96/><REACH who="0" ten="180,220,220,370" step="2"/><N who="1" m="59527" /><E34/><V94/><F94/><AGARI ba="0,1" hai="17,22,24,48,55,57,63,66,71,78,79,84,88,94" machi="94" ten="30,7700,0" yaku="1,1,7,1,54,1,53,1" doraHai="109" doraHaiUra="60" who="0" fromWho="2" sc="180,87,220,0,220,-77,370,0" /><INIT seed="2,0,0,1,4,73" ten="267,220,143,370" oya="2" hai0="85,115,46,111,55,88,27,69,131,83,4,14,135" hai1="108,17,92,50,19,98,62,29,106,34,48,79,44" hai2="68,130,124,8,21,58,70,5,60,122,52,90,67" hai3="40,78,22,18,96,37,84,65,80,116,64,120,12"/><V104/><F122/><W109/><G116/><T7/><D115/><U82/><E108/><V72/><F72/><W33/><G109/><T89/><D111/><U133/><E106/><V123/><F123/><W66/><G33/><T112/><D69/><U86/><E133/><V134/><F104/><W1/><G120/><T38/><D112/><U76/><E62/><V101/><F134/><W100/><G1/><T15/><D38/><U59/><E34/><V63/><F101/><W30/><G30/><T53/><D135/><U32/><E59/><V6/><F124/><W81/><G81/><T35/><D35/><U2/><E2/><V119/><F119/><W57/><G37/><T127/><D127/><U97/><E32/><V94/><F130/><W121/><G121/><T99/><D131/><U87/><E29/><V128/><F128/><W36/><G36/><T74/><D27/><U126/><E126/><V43/><F43/><W95/><G40/><T3/><D74/><U56/><E56/><AGARI ba="0,0" hai="12,18,22,56,57,64,65,66,78,80,84,95,96,100" machi="56" ten="40,2600,0" yaku="8,1,52,1" doraHai="73" who="3" fromWho="1" sc="267,0,220,-26,143,0,370,26" /><INIT seed="3,0,0,3,2,0" ten="267,194,143,396" oya="3" hai0="78,31,11,56,33,98,85,30,59,43,95,107,36" hai1="13,105,54,120,121,12,38,80,28,97,19,83,4" hai2="53,40,1,75,65,101,22,108,84,18,117,130,6" hai3="41,88,9,23,3,129,55,96,109,87,15,100,70"/><W106/><G129/><T52/><D33/><U7/><E28/><N who="0" m="10793" /><D107/><U50/><E38/><V29/><F117/><W47/><G70/><T133/><D133/><U94/><E105/><V39/><F75/><W118/><G118/><T91/><D36/><U99/><E94/><V128/><F65/><W34/><G34/><T82/><D43/><U132/><E50/><V113/><F113/><W5/><G109/><T57/><D11/><U89/><E54/><AGARI ba="0,0" hai="52,54,56,57,59,78,82,85,91,95,98" m="10793" machi="54" ten="30,2000,0" yaku="8,1,54,1" doraHai="0" who="0" fromWho="1" sc="267,20,194,-20,143,0,396,0" /><INIT seed="4,0,0,2,2,121" ten="287,174,143,396" oya="0" hai0="14,36,35,41,6,42,100,101,87,133,56,25,48" hai1="107,77,134,60,105,31,78,83,128,39,37,61,10" hai2="13,82,67,59,109,15,89,69,33,113,5,27,86" hai3="95,118,123,52,126,58,110,30,28,91,130,4,12"/><T57/><D133/><U16/><E128/><V74/><F69/><W24/><G110/><T21/><D35/><U66/><E134/><V129/><F109/><W94/><G118/><T55/><D36/><U88/><E31/><V32/><F74/><W111/><G111/><T97/><D87/><U114/><E114/><V102/><F113/><W122/><G130/><T26/><D97/><U11/><E83/><V99/><F129/><W76/><G76/><T40/><D57/><U108/><E66/><V70/><F70/><W29/><G24/><T34/><D34/><U125/><E108/><V22/><F33/><W135/><G135/><T3/><D3/><U2/><E2/><V80/><F32/><W38/><G38/><T131/><D131/><U96/><E96/><V45/><F45/><W8/><G126/><T64/><D64/><U1/><E1/><V47/><F47/><W46/><G46/><T90/><D90/><U132/><E88/><V17/><F82/><W49/><REACH who="3" step="1"/><G94/><REACH who="3" ten="287,174,143,386" step="2"/><T84/><D26/><U98/><E132/><V0/><F0/><W7/><G7/><T50/><D50/><U19/><REACH who="1" step="1"/><E98/><AGARI ba="0,1" hai="4,8,12,28,29,30,49,52,58,91,95,98,122,123" machi="98" ten="40,2600,0" yaku="1,1,54,1,53,0" doraHai="121" doraHaiUra="106" who="3" fromWho="1" sc="287,0,174,-26,143,0,386,36" /><INIT seed="5,0,0,1,1,8" ten="287,148,143,422" oya="1" hai0="4,108,59,81,1,13,67,44,14,84,26,56,134" hai1="77,117,105,89,74,0,76,12,33,6,62,38,98" hai2="3,49,132,119,53,106,42,60,16,111,131,92,32" hai3="133,82,17,130,121,65,135,72,20,114,10,73,115"/><U39/><E117/><V91/><F32/><W19/><G121/><T52/><D108/><U66/><E33/><V41/><F111/><W37/><G37/><T86/><D134/><N who="3" m="51209" /><G130/><T7/><D1/><U54/><E0/><V68/><F119/><W78/><G65/><T97/><D26/><U61/><E39/><V102/><F3/><W28/><G28/><T96/><D44/><U85/><E38/><V50/><F131/><W129/><G129/><T110/><D110/><U104/><E74/><V18/><F132/><W46/><G46/><T87/><D81/><U75/><E75/><V112/><F112/><W2/><G73/><T58/><D67/><U127/><E127/><V22/><F106/><W15/><G2/><T55/><D7/><U70/><E54/><N who="0" m="20521" /><D4/><U126/><E61/><V69/><F102/><W35/><G35/><T125/><D125/><U57/><E70/><V122/><F122/><W83/><G83/><T34/><D34/><U31/><E31/><V116/><F116/><W11/><G11/><T64/><D64/><U128/><E128/><V123/><F123/><W90/><G90/><T118/><D118/><U23/><E126/><V47/><F18/><W29/><G29/><T63/><D63/><U24/><E104/><V5/><F5/><W99/><G99/><AGARI ba="0,0" hai="13,14,56,58,59,84,86,87,96,97,99" m="20521" machi="99" ten="40,12000,2" yaku="28,2,8,1,52,2,54,1" doraHai="8" who="0" fromWho="3" sc="287,120,148,0,143,0,422,-120" /><INIT seed="6,0,0,0,1,0" ten="407,148,143,302" oya="2" hai0="50,99,97,119,19,74,96,66,26,120,121,5,7" hai1="21,114,20,107,133,130,126,109,116,45,62,22,58" hai2="24,82,100,36,69,63,49,111,40,16,3,13,65" hai3="39,77,122,110,83,123,17,15,84,2,53,89,1"/><V94/><F3/><W117/><G110/><T79/><D74/><U73/><E62/><V47/><F82/><W128/><G117/><T57/><D119/><U41/><E58/><V127/><F127/><W98/><G128/><T103/><D79/><U12/><E45/><V27/><F111/><W29/><G29/><T86/><D121/><U125/><E41/><V135/><F135/><W115/><G39/><T75/><D75/><U104/><E73/><V78/><F78/><W118/><G115/><T55/><D120/><U48/><E48/><V93/><F93/><W52/><G118/><T25/><D103/><U95/><E116/><V124/><F124/><N who="1" m="47721" /><E109/><V34/><F34/><W134/><G1/><T132/><D132/><U56/><E114/><V81/><F81/><W18/><G2/><T46/><D86/><U14/><E130/><V87/><F100/><W71/><G17/><T90/><D90/><U43/><E43/><V61/><F61/><W131/><G71/><T102/><D102/><U8/><E95/><V28/><F28/><W80/><G131/><T76/><D76/><U31/><E133/><V35/><F35/><W42/><G42/><T54/><D66/><U38/><E31/><V37/><F37/><W23/><G134/><T112/><D112/><U129/><E38/><V68/><F68/><W105/><G105/><T33/><D33/><U11/><E129/><V4/><F4/><N who="0" m="1610" /><D19/><N who="1" m="8583" /><E56/><V70/><F70/><W101/><G122/><T67/><D67/><U106/><E106/><V92/><F49/><AGARI ba="0,0" hai="25,26,46,49,50,54,55,57,96,97,99" m="1610" machi="49" ten="30,7700,0" yaku="8,1,52,3" doraHai="0" who="0" fromWho="2" sc="407,77,148,0,143,-77,302,0" /><INIT seed="7,0,0,0,5,0" ten="484,148,66,302" oya="3" hai0="30,62,53,19,36,107,110,93,41,20,97,130,116" hai1="31,38,105,121,87,92,6,28,119,15,10,83,22" hai2="118,122,100,133,11,77,113,80,18,27,126,108,12" hai3="123,124,76,39,106,75,25,115,98,29,81,32,51"/><W13/><G123/><T7/><D110/><U128/><E105/><V72/><F118/><W95/><G115/><T55/><D116/><U68/><E92/><V17/><F122/><W40/><G124/><T60/><D107/><U82/><E68/><V49/><F113/><W111/><G106/><T69/><D130/><U90/><E128/><V120/><F108/><W101/><G111/><T59/><D36/><U65/><E38/><V3/><F120/><W94/><G39/><T91/><D30/><U89/><E119/><V21/><F100/><W33/><G33/><T58/><D69/><U42/><E65/><V71/><F71/><W85/><G94/><T35/><D35/><U54/><E42/><V8/><F126/><W104/><G13/><T44/><D44/><U125/><E54/><V64/><F64/><W1/><G1/><T79/><D41/><U114/><E22/><V24/><F133/><W57/><G40/><T5/><D79/><U74/><E114/><V61/><F61/><W43/><G43/><T78/><D78/><U88/><E74/><V102/><F102/><W70/><G70/><T45/><D45/><U67/><E67/><V34/><F34/><W37/><G37/><T132/><D132/><U117/><E117/><V86/><F72/><W134/><G134/><T48/><D48/><U66/><E66/><V56/><F3/><W96/><G51/><T26/><AGARI ba="0,0" hai="5,7,19,20,26,53,55,58,59,60,62,91,93,97" machi="26" ten="20,16000,3" yaku="0,1,7,1,9,1,25,2,8,1,52,2" doraHai="0" who="0" fromWho="0" sc="484,160,148,-40,66,-40,302,-80" owari="644,74.0,108,-29.0,26,-47.0,222,2.0" /></mjloggm>