<mjloggm ver="2.3"><GO type="169" lobby="0"/><UN n0="%E9%AB%98%E7%94%BA%E3%83%B4%E3%82%A3%E3%83%B4%E3%82%A3%E3%82%AA%E2%98%86" n1="%E3%82%A6%E3%83%AB%E3%83%88%E3%83%A9%E7%AB%8B%E7%9B%B4" n2="%E8%BF%91%E3%82%AA%E3%83%AA%E5%85%9A" n3="%77%61%64%6F%70%72%6F" dan="17,17,16,17" rate="2140.39,2212.91,2095.30,2166.11" sx="F,M,M,M"/><TAIKYOKU oya="0"/><INIT seed="0,0,0,4,0,100" ten="250,250,250,250" oya="0" hai0="26,114,2,58,60,74,30,65,107,12,111,109,37" hai1="80,59,50,10,15,85,7,126,128,32,119,35,129" hai2="5,4,40,53,56,39,117,46,61,33,14,130,75" hai3="124,92,108,25,87,135,43,95,52,70,34,51,93"/><T103/><D2/><U57/><E119/><V105/><F33/><W84/><G70/><T98/><D114/><U44/><E126/><V42/><F117/><W9/><G124/><T76/><D37/><U79/><E35/><V16/><F130/><N who="1" m="50281" /><E32/><V31/><F31/><W110/><G135/><T72/><D12/><U45/><E45/><V133/><F133/><W94/><G43/><AGARI ba="0,0" hai="7,10,15,43,44,50,57,59,79,80,85" m="50281" machi="43" ten="30,2000,0" yaku="25,1,19,1" doraHai="100" who="1" fromWho="3" sc="250,0,250,20,250,0,250,-20" /><INIT seed="1,0,0,0,0,32" ten="250,270,250,230" oya="1" hai0="108,94,64,115,2,20,48,83,104,126,77,70,93" hai1="103,11,5,130,119,71,101,121,82,111,125,76,23" hai2="60,28,53,21,116,107,29,133,50,40,81,52,18" hai3="44,87,1,58,90,75,59,27,85,33,65,9,123"/><U96/><E71/><V78/><F107/><W3/><G75/><T39/><D39/><U34/><E34/><V49/><F116/><W92/><G123/><T129/><D104/><U106/><E121/><V135/><F60/><W72/><G72/><T105/><D105/><U99/><E119/><V55/><F40/><W13/><G44/><T122/><D115/><U19/><E125/><V102/><F102/><W89/><G27/><T117/><D117/><U134/><E134/><V51/><F135/><W54/><G65/><T17/><D2/><U113/><E113/><V45/><F45/><W74/><G74/><T14/><D126/><U61/><E61/><V131/><F133/><W91/><G33/><T110/><D129/><U43/><E43/><V100/><F100/><W6/><G59/><T41/><D64/><U47/><E47/><V31/><F131/><W24/><G24/><T25/><D70/><U114/><E114/><V109/><F109/><N who="0" m="42090" /><D122/><U118/><E118/><V56/><F56/><W8/><G8/><N who="0" m="6343" /><D48/><U84/><E130/><V4/><F4/><W68/><G68/><T0/><D41/><U35/><E35/><V67/><F67/><W73/><G73/><N who="0" m="43439" /><D0/><N who="1" m="423" /><E111/><V97/><F78/><W42/><G42/><T80/><D80/><U7/><E7/><V86/><F81/><W57/><G57/><T46/><D46/><U16/><E23/><V10/><F21/><W128/><G128/><T124/><D124/><U36/><E36/><V66/><F66/><W88/><G87/><T79/><D79/><U112/><E112/><V132/><F86/><W22/><G22/><RYUUKYOKU ba="0,0" sc="250,10,270,10,250,-30,230,10" hai0="20,25,93,94" hai1="16,19,76,82,84,96,99,101,103,106" hai3="1,3,6,9,13,54,58,85,88,89,90,91,92" /><INIT seed="1,1,0,5,2,21" ten="260,280,220,240" oya="1" hai0="55,92,112,0,71,126,109,54,49,111,53,116,134" hai1="42,101,2,63,82,37,5,32,118,124,20,114,80" hai2="38,113,89,14,31,73,1,3,22,66,64,57,87" hai3="127,95,62,47,135,133,94,68,103,125,110,60,18"/><U84/><E118/><V10/><F73/><W91/><G110/><N who="0" m="41995" /><D0/><U33/><E114/><V83/><F38/><W123/><G123/><T100/><D112/><U85/><E124/><N who="3" m="47690" /><G68/><T11/><D126/><U13/><E101/><V108/><F108/><W106/><G106/><T69/><D116/><U129/><E129/><V96/><F113/><W58/><G47/><T98/><D134/><N who="3" m="51209" /><G18/><T128/><D128/><U130/><E130/><V56/><F96/><N who="3" m="59807" /><G58/><N who="0" m="33071" /><D11/><U107/><E107/><V81/><F57/><W79/><G79/><T36/><D36/><U44/><E63/><V59/><F56/><W72/><G72/><T102/><D71/><U34/><E44/><V24/><F59/><W39/><G39/><T41/><D69/><U48/><E42/><V50/><F50/><W61/><G61/><T15/><D41/><U25/><E48/><V93/><F64/><W77/><G77/><T99/><D15/><U30/><E37/><V40/><F66/><W52/><G52/><T121/><D121/><U16/><E2/><V131/><F40/><W46/><G46/><T27/><D27/><U104/><E104/><AGARI ba="1,0" hai="54,55,92,98,99,100,102,104" m="33071,41995" machi="104" ten="30,1000,0" yaku="14,1" doraHai="21" who="0" fromWho="1" sc="260,13,280,-13,220,0,240,0" /><INIT seed="2,0,0,4,0,115" ten="273,267,220,240" oya="2" hai0="51,103,90,19,46,114,109,59,54,85,86,39,27" hai1="75,76,69,14,74,71,15,31,94,104,35,49,120" hai2="26,53,4,47,32,129,91,130,105,125,122,97,1" hai3="60,23,40,9,43,24,17,121,110,80,42,99,25"/><V67/><F122/><W56/><G110/><T52/><D114/><U134/><E104/><V135/><F125/><W61/><G121/><T16/><D109/><U3/><E3/><V100/><F135/><W6/><G80/><N who="0" m="49447" /><D39/><U18/><E14/><V127/><F127/><W107/><G25/><T102/><D86/><U7/><E7/><V33/><F67/><W117/><G117/><T37/><D37/><U93/><E93/><V13/><F1/><W95/><G107/><T98/><D98/><U8/><E75/><V57/><F47/><W128/><G128/><N who="2" m="49257" /><F91/><W38/><G38/><T133/><D133/><U108/><E108/><V83/><F26/><W28/><G17/><N who="0" m="6731" /><D27/><U84/><E134/><V36/><F83/><W72/><G72/><T29/><D29/><U124/><E74/><V119/><F119/><W62/><G56/><T113/><D113/><U77/><E124/><V81/><F81/><W68/><G68/><T11/><D11/><U112/><E112/><V73/><F73/><W45/><G45/><T2/><D2/><U89/><E120/><V22/><F36/><W82/><G82/><T55/><D59/><U12/><E71/><V101/><F22/><W30/><G30/><T5/><D5/><U64/><E31/><V79/><F79/><W63/><N who="3" m="15360" /><DORA hai="20" /><W70/><G70/><T92/><D92/><U65/><E69/><V88/><F105/><W87/><G87/><T118/><D118/><U48/><E15/><V111/><F111/><W44/><G44/><T131/><D131/><U123/><E12/><V58/><F13/><N who="3" m="5303" /><G95/><T78/><D78/><RYUUKYOKU ba="0,0" sc="273,15,267,-15,220,-15,240,15" hai0="46,51,52,54,55,102,103" hai3="23,24,28,40,42,43,99" /><INIT seed="3,1,0,0,4,89" ten="288,252,205,255" oya="3" hai0="26,24,0,80,29,99,112,71,88,118,40,68,120" hai1="95,28,66,91,94,125,56,11,133,98,30,79,115" hai2="101,17,48,114,32,73,33,70,52,59,50,74,1" hai3="60,58,122,54,117,92,106,81,108,9,87,8,18"/><W13/><G106/><T12/><D120/><U128/><E115/><V3/><F70/><W84/><G122/><T77/><D0/><U34/><E34/><V45/><F114/><W130/><G117/><T102/><D118/><U129/><E125/><V110/><F110/><W97/><G130/><N who="1" m="50282" /><E133/><V4/><F101/><W10/><G108/><T55/><D40/><U67/><E79/><V63/><F50/><W46/><G46/><T103/><D71/><U35/><E35/><V113/><F113/><W75/><G75/><T109/><D68/><U53/><E11/><V25/><F33/><W23/><REACH who="3" step="1"/><G81/><REACH who="3" ten="288,252,205,245" step="2"/><T105/><D80/><U119/><E119/><V78/><F74/><W61/><G61/><T100/><D109/><U5/><E5/><V83/><F4/><W131/><G131/><T38/><D105/><U27/><E30/><V31/><REACH who="2" step="1"/><F17/><REACH who="2" ten="288,252,195,245" step="2"/><W126/><G126/><T107/><D112/><U90/><E28/><V41/><AGARI ba="1,2" hai="1,3,25,31,32,41,45,48,52,59,63,73,78,83" machi="41" ten="20,8000,1" yaku="1,1,2,1,0,1,7,1,54,1,53,0" doraHai="89" doraHaiUra="69" who="2" fromWho="2" sc="288,-21,252,-21,195,103,245,-41" /><INIT seed="4,0,0,0,0,75" ten="267,231,298,204" oya="0" hai0="126,98,55,0,27,110,85,14,111,112,15,26,134" hai1="53,125,5,127,28,54,113,78,16,104,39,86,41" hai2="6,34,117,43,63,80,66,99,96,58,77,73,118" hai3="50,37,69,106,22,42,114,9,109,23,82,59,131"/><T135/><D0/><U84/><E104/><V12/><F43/><W44/><G106/><T105/><D112/><U87/><E5/><V81/><F34/><W30/><G109/><N who="0" m="41483" /><D55/><N who="1" m="21003" /><E28/><V57/><F57/><W49/><G114/><T64/><D64/><U74/><E113/><V10/><REACH who="2" step="1"/><F81/><REACH who="2" ten="267,231,288,204" step="2"/><W67/><G59/><T83/><D126/><U94/><E41/><V89/><F89/><W128/><G82/><T123/><D123/><U120/><E120/><V129/><F129/><W1/><G131/><T92/><D135/><U19/><E39/><V40/><F40/><W124/><G128/><T18/><D134/><U32/><E32/><V115/><F115/><W76/><G37/><T119/><D119/><AGARI ba="0,1" hai="6,10,12,58,63,66,73,77,80,96,99,117,118,119" machi="119" ten="40,5200,0" yaku="1,1,12,1,52,1,53,0" doraHai="75" doraHaiUra="91" who="2" fromWho="0" sc="267,-52,231,0,288,62,204,0" /><INIT seed="5,0,0,2,2,111" ten="215,231,350,204" oya="1" hai0="83,118,76,24,18,132,32,82,30,52,17,104,22" hai1="49,64,119,100,68,80,105,51,84,1,95,40,44" hai2="13,69,35,86,89,2,33,54,37,70,116,107,25" hai3="127,130,81,6,8,109,124,66,125,74,120,85,131"/><U34/><E1/><V53/><F2/><W121/><G66/><T113/><D118/><U134/><E119/><V28/><F116/><W5/><G5/><T67/><D104/><U102/><E34/><V58/><F107/><W110/><G8/><T108/><D108/><N who="3" m="41577" /><G6/><T42/><D132/><U88/><E134/><V50/><F35/><W123/><G74/><T27/><D42/><U61/><E105/><V106/><F106/><W77/><AGARI ba="0,0" hai="77,81,85,120,121,123,124,125,127,130,131" m="41577" machi="77" ten="50,6400,0" yaku="18,1,34,2" doraHai="111" who="3" fromWho="3" sc="215,-16,231,-32,350,-16,204,64" /><INIT seed="6,0,0,0,2,9" ten="199,199,334,268" oya="2" hai0="117,134,14,48,111,10,81,65,105,49,21,44,55" hai1="69,58,52,104,18,57,120,67,30,86,2,31,36" hai2="7,82,13,96,109,68,119,26,75,47,54,53,106" hai3="92,127,23,17,70,94,35,15,45,63,88,116,126"/><V6/><F119/><W78/><G35/><T85/><D111/><U79/><E2/><V22/><F68/><W115/><G116/><T0/><D105/><U101/><E36/><V4/><F109/><W123/><G123/><T129/><D117/><U51/><E69/><V64/><F64/><N who="3" m="41247" /><G78/><N who="0" m="46263" /><D0/><U61/><E120/><V19/><F75/><W42/><G115/><T12/><D134/><U124/><E124/><N who="3" m="47658" /><G88/><T33/><D33/><U72/><E72/><V8/><F106/><W60/><G60/><T135/><D129/><U97/><REACH who="1" step="1"/><E18/><REACH who="1" ten="199,189,334,268" step="2"/><V56/><F4/><W29/><G29/><T20/><D135/><U107/><E107/><V76/><F6/><W95/><G95/><T34/><D34/><U113/><E113/><V118/><F118/><W1/><G1/><T130/><D130/><U24/><E24/><V28/><F7/><W98/><G98/><T5/><D65/><U132/><E132/><V99/><F96/><W102/><G102/><T84/><D84/><U125/><E125/><V66/><F99/><W43/><G94/><T32/><D32/><U39/><E39/><V77/><F28/><W131/><G92/><T90/><D90/><U112/><E112/><V62/><F26/><W59/><G131/><T103/><D103/><U40/><E40/><V89/><F89/><W100/><G43/><N who="0" m="24607" /><D14/><U87/><E87/><V83/><F13/><W93/><G100/><T37/><D37/><U133/><E133/><V50/><F82/><AGARI ba="0,1" hai="30,31,51,52,57,58,61,67,79,82,86,97,101,104" machi="82" ten="40,2600,0" yaku="1,1,54,1,53,0" doraHai="9" doraHaiUra="71" who="1" fromWho="2" sc="199,0,189,36,334,-26,268,0" /><INIT seed="7,0,0,0,4,23" ten="199,225,308,268" oya="3" hai0="127,42,60,133,75,120,130,112,8,125,18,22,46" hai1="68,113,37,65,129,33,94,36,122,78,45,107,135" hai2="27,64,24,132,14,114,86,9,74,128,90,88,134" hai3="71,31,48,58,52,106,92,66,84,83,76,35,91"/><W57/><G106/><T47/><D120/><U38/><E33/><V25/><F74/><W26/><G71/><T95/><D75/><U10/><E107/><V77/><F114/><W51/><G66/><T40/><D112/><U79/><E122/><V124/><F64/><W105/><G105/><T62/><D8/><U17/><E113/><V100/><F100/><W16/><G16/><T72/><D72/><U55/><E65/><V102/><F102/><W49/><G58/><T59/><D95/><U119/><E68/><V54/><F54/><W50/><G50/><N who="0" m="26951" /><D18/><U131/><E119/><V121/><F121/><W4/><G4/><T118/><D22/><U81/><E135/><N who="2" m="51755" /><F124/><N who="0" m="47690" /><D133/><U111/><E94/><V41/><F41/><W110/><G110/><T19/><D19/><U82/><E111/><V56/><F56/><W98/><AGARI ba="0,0" hai="26,31,35,48,49,51,52,57,76,83,84,91,92,98" machi="98" ten="20,7800,0" yaku="0,1,7,1,52,1,54,1" doraHai="23" who="3" fromWho="3" sc="199,-26,225,-26,308,-26,268,78" owari="173,-33.0,199,-20.0,282,8.0,346,45.0" /></mjloggm>