<mjloggm ver="2.3"><GO type="97" lobby="0"/><UN n0="%E7%BE%8E%E9%81%8A" n1="%E3%82%A6%E3%83%AB%E3%83%88%E3%83%A9%E7%AB%8B%E7%9B%B4" n2="%E5%98%98%E3%81%AF%E7%BD%AA" n3="%4D%61%73%74%65%72" dan="14,14,14,13" rate="1915.13,1968.58,1940.77,1850.55" sx="M,M,M,M"/><TAIKYOKU oya="0"/><INIT seed="0,0,0,1,3,36" ten="250,250,250,250" oya="0" hai0="19,101,76,119,30,21,74,104,29,26,92,128,2" hai1="118,80,111,113,91,32,61,96,56,98,82,97,94" hai2="112,11,63,10,18,121,114,109,53,134,23,15,115" hai3="6,51,38,48,130,129,37,9,65,0,106,16,116"/><T62/><D104/><U88/><E32/><V107/><F107/><W3/><G116/><T131/><D2/><U13/><E118/><V120/><F63/><W125/><G125/><T68/><D74/><U35/><E35/><V12/><F53/><W41/><G106/><T34/><D76/><U46/><E111/><V99/><F99/><N who="1" m="37961" /><E113/><V77/><F77/><W71/><G0/><T93/><D101/><N who="1" m="60631" /><E13/><V57/><F57/><W31/><G31/><T103/><D103/><U135/><E46/><V27/><F109/><W55/><G16/><T72/><D119/><U52/><E135/><V49/><F49/><W84/><G84/><T70/><D72/><U40/><E40/><V95/><F95/><W75/><G75/><T110/><D110/><U54/><E54/><V20/><F134/><W42/><G65/><T100/><D100/><U22/><E22/><V81/><F81/><AGARI ba="0,0" hai="52,56,61,80,81,82,88,91" m="60631,37961" machi="81" ten="30,3900,0" yaku="8,1,54,2" doraHai="36" who="1" fromWho="2" sc="250,0,250,39,250,-39,250,0" /><INIT seed="1,0,0,4,2,38" ten="250,289,211,250" oya="1" hai0="129,26,86,47,95,17,128,108,58,7,14,111,46" hai1="67,13,3,101,18,29,125,56,28,33,75,8,36" hai2="100,116,27,79,0,117,87,25,131,9,132,40,113" hai3="20,68,6,122,21,57,53,73,59,74,93,62,76"/><U43/><E75/><V92/><F132/><W12/><G122/><T114/><D7/><U39/><E39/><V97/><F131/><W133/><G68/><T90/><D26/><U119/><E119/><V109/><F113/><W4/><G133/><T49/><D114/><U94/><E125/><V78/><F109/><W45/><G45/><T115/><D115/><U66/><E3/><V70/><F70/><W55/><G93/><T37/><D37/><U44/><E33/><V80/><F79/><W84/><G76/><T89/><D89/><U110/><E110/><N who="0" m="42025" /><D58/><U85/><E56/><V64/><F64/><W54/><G54/><N who="0" m="30007" /><D47/><U50/><E36/><V127/><F127/><W16/><G84/><T134/><D134/><U32/><E32/><V112/><F112/><W42/><G62/><T121/><D121/><U103/><E103/><V24/><REACH who="2" step="1"/><F40/><REACH who="2" ten="250,289,201,250" step="2"/><W60/><G42/><T105/><D129/><U82/><E66/><V72/><F72/><W106/><G73/><T51/><D128/><U135/><E67/><V31/><F31/><W23/><G74/><T35/><D35/><U2/><E135/><V88/><F88/><W22/><G106/><T19/><D90/><N who="1" m="51511" /><E2/><V98/><F98/><AGARI ba="0,1" hai="8,13,18,28,29,43,44,50,94,98,101" m="51511" machi="98" ten="30,2900,0" yaku="8,1,52,1" doraHai="38" who="1" fromWho="2" sc="250,0,289,39,201,-29,250,0" /><INIT seed="1,1,0,5,2,2" ten="250,328,172,250" oya="1" hai0="15,76,8,24,10,12,128,77,108,125,67,28,21" hai1="104,11,109,4,99,129,88,16,78,79,54,95,124" hai2="81,17,43,73,74,61,64,68,52,116,44,70,107" hai3="82,105,135,96,22,9,25,133,111,127,106,27,89"/><U119/><E104/><N who="3" m="40042" /><G9/><T91/><D67/><U38/><E38/><V41/><F107/><W62/><G62/><T40/><D40/><U100/><E119/><V110/><F116/><W1/><G1/><T48/><D48/><U122/><E122/><V3/><F3/><W132/><G111/><T23/><D108/><U69/><E69/><V131/><F110/><W66/><G66/><T47/><D47/><U33/><E33/><V60/><F17/><W13/><G127/><T34/><D125/><U26/><E124/><V53/><F81/><W130/><G130/><T83/><D128/><U86/><E129/><V55/><F131/><W19/><G82/><T59/><D59/><U65/><E54/><N who="2" m="21099" /><F74/><W92/><AGARI ba="1,0" hai="13,19,22,25,27,89,92,96,132,133,135" m="40042" machi="92" ten="40,1500,0" yaku="20,1" doraHai="2" who="3" fromWho="3" sc="250,-5,328,-8,172,-5,250,18" /><INIT seed="2,0,0,0,1,106" ten="245,320,167,268" oya="2" hai0="36,125,87,51,69,68,100,99,115,120,102,42,131" hai1="119,21,91,4,41,107,124,0,45,15,101,74,105" hai2="25,133,19,61,130,129,67,76,121,31,98,3,113" hai3="126,93,60,40,84,49,94,88,110,96,6,35,17"/><V57/><F121/><W11/><G35/><T86/><D36/><U13/><E91/><V7/><F113/><W16/><G110/><T9/><D120/><U135/><E15/><V65/><F133/><W122/><G122/><T8/><D115/><U66/><E13/><V1/><F76/><W80/><G126/><T20/><D125/><U12/><E12/><V56/><F19/><W62/><G40/><T29/><D42/><U43/><E21/><V38/><F38/><W47/><G49/><T128/><D51/><U111/><E43/><V26/><F98/><W30/><G30/><T104/><D99/><U123/><E123/><V28/><REACH who="2" step="1"/><F61/><REACH who="2" ten="245,320,157,268" step="2"/><W2/><G47/><T82/><D87/><U127/><E135/><V90/><F90/><W52/><G60/><T97/><D86/><U14/><E45/><V54/><F54/><W44/><G44/><T50/><D97/><U117/><E127/><V33/><F33/><W48/><G48/><T77/><D50/><U118/><E124/><V5/><AGARI ba="0,1" hai="1,3,5,7,25,26,28,31,56,57,65,67,129,130" machi="5" ten="25,9600,0" yaku="1,1,0,1,22,2,53,0" doraHai="106" doraHaiUra="18" who="2" fromWho="2" sc="245,-32,320,-32,157,106,268,-32" /><INIT seed="2,1,0,5,5,74" ten="213,288,263,236" oya="2" hai0="71,112,67,35,109,36,81,28,65,123,4,121,105" hai1="73,68,27,111,91,99,16,72,59,118,103,131,133" hai2="18,80,124,45,135,100,83,106,117,44,48,25,41" hai3="10,17,87,115,14,5,62,130,9,113,128,1,40"/><V69/><F117/><W114/><G87/><T66/><D71/><U30/><E68/><V34/><F135/><W33/><G40/><T20/><D35/><U82/><E118/><V110/><F124/><W56/><REACH who="3" step="1"/><G33/><REACH who="3" ten="213,288,263,226" step="2"/><T54/><D123/><U93/><E73/><V46/><F110/><W108/><G108/><T75/><D109/><U84/><E111/><V70/><F34/><W50/><G50/><T7/><D121/><U47/><E133/><V94/><F70/><W125/><G125/><T43/><D43/><U122/><E122/><V0/><F69/><W132/><G132/><T134/><D75/><U88/><E72/><V8/><F48/><W31/><G31/><T53/><D28/><U42/><E30/><V64/><F41/><W104/><G104/><T13/><D105/><U49/><E131/><V2/><F106/><W85/><G85/><T79/><D134/><U32/><E32/><V60/><F60/><W95/><G95/><T96/><D36/><U11/><E49/><V119/><F119/><W86/><G86/><T102/><D112/><U107/><E107/><V90/><F94/><W55/><AGARI ba="1,1" hai="1,5,9,10,14,17,55,56,62,113,114,115,128,130" machi="55" ten="40,5200,0" yaku="1,1,0,1,11,1,53,0" doraHai="74" doraHaiUra="19" who="3" fromWho="3" sc="213,-14,288,-14,263,-27,226,65" /><INIT seed="3,0,0,5,1,119" ten="199,274,236,291" oya="3" hai0="15,8,28,6,98,22,33,53,108,104,103,90,116" hai1="26,126,123,105,82,71,3,135,106,63,85,17,20" hai2="27,23,57,107,38,112,122,83,111,130,56,100,77" hai3="118,86,5,4,19,2,35,24,13,49,133,25,31"/><W58/><G118/><T75/><D116/><U30/><E3/><V131/><F112/><W88/><G133/><T73/><D108/><U54/><E135/><V80/><F38/><W74/><G74/><T99/><D33/><U62/><E126/><V55/><F111/><W124/><G124/><T14/><D53/><U125/><E125/><V41/><F41/><W66/><G24/><T7/><D28/><U128/><E128/><N who="2" m="49195" /><F107/><W79/><G79/><T76/><D76/><U40/><E123/><V44/><F100/><W129/><G129/><T91/><D22/><U43/><E106/><V117/><F117/><W37/><G37/><T110/><D110/><U97/><E105/><V46/><F122/><W21/><G35/><T92/><REACH who="0" step="1"/><D91/><REACH who="0" ten="189,274,236,291" step="2"/><N who="1" m="51639" /><E30/><N who="2" m="17791" /><F57/><W70/><G70/><T36/><D36/><U60/><E71/><V50/><F83/><W9/><G66/><T0/><D0/><U72/><E54/><V134/><F134/><W87/><G2/><T94/><D94/><U96/><E72/><AGARI ba="0,1" hai="44,46,50,55,56,72,77,80" m="17791,49195" machi="72" ten="30,1000,0" yaku="19,1" doraHai="119" who="2" fromWho="1" sc="189,0,274,-10,236,20,291,0" /><INIT seed="4,0,0,2,3,46" ten="189,264,256,291" oya="0" hai0="86,55,49,10,28,114,132,24,25,109,71,47,112" hai1="21,43,1,88,103,0,126,62,64,26,94,38,42" hai2="70,93,108,85,41,9,57,101,54,79,123,58,107" hai3="127,125,129,2,97,90,128,34,92,89,131,113,124"/><T63/><D132/><U65/><E103/><V11/><F108/><W60/><G113/><N who="0" m="43627" /><D109/><U78/><E126/><V119/><F70/><W100/><G2/><T102/><D102/><U6/><E78/><V69/><F69/><W56/><G34/><T105/><D105/><U44/><E43/><V68/><F68/><W74/><G74/><T36/><D36/><U17/><E6/><V32/><F32/><W111/><G111/><T80/><D10/><U7/><E7/><V53/><F123/><W135/><G135/><T15/><D15/><U5/><E5/><V51/><F119/><W27/><G27/><T110/><D110/><U22/><E22/><V133/><F133/><W99/><G97/><T106/><D106/><U31/><E31/><V96/><F41/><W30/><G30/><T33/><D24/><U72/><E72/><V12/><F107/><W87/><G87/><T104/><D104/><U59/><REACH who="1" step="1"/><E65/><AGARI ba="0,0" hai="56,60,65,89,90,92,99,100,124,125,127,128,129,131" machi="65" ten="50,3200,0" yaku="18,1,19,1" doraHai="46" who="3" fromWho="1" sc="189,0,264,-32,256,0,291,32" owari="189,-31.0,232,-17.0,256,6.0,323,42.0" /></mjloggm>