<mjloggm ver="2.3"><GO type="41" lobby="0"/><UN n0="%E3%83%A1%E3%82%AC%E3%83%B3%E3%83%86" n1="%7A%61%6B%62%72%6E%31%34" n2="%E3%83%96%E3%83%84%E3%83%AA%E3%83%BC" n3="%E3%82%A6%E3%83%AB%E3%83%88%E3%83%A9%E7%AB%8B%E7%9B%B4" dan="15,15,14,15" rate="1963.40,1969.93,1894.23,2005.31" sx="F,M,M,M"/><TAIKYOKU oya="0"/><INIT seed="0,0,0,1,5,134" ten="250,250,250,250" oya="0" hai0="86,10,14,61,101,32,76,71,52,7,69,77,20" hai1="95,30,5,13,40,43,8,127,73,39,23,111,94" hai2="19,18,131,72,25,3,21,41,99,9,53,84,106" hai3="49,42,27,24,54,120,38,115,125,12,63,83,78"/><T135/><D32/><U2/><E73/><V116/><F72/><W108/><G120/><T87/><D135/><U4/><E39/><V50/><F131/><W65/><G115/><T17/><D101/><U64/><E64/><V128/><F128/><W124/><G12/><N who="0" m="5215" /><D69/><U98/><E95/><V110/><F41/><W62/><G42/><T100/><D100/><U93/><E93/><V81/><F99/><W119/><G38/><T90/><D71/><U44/><E5/><V66/><F66/><W6/><G6/><T114/><D114/><U82/><E82/><V109/><F106/><W22/><G119/><T107/><D107/><U91/><E44/><V26/><F116/><W46/><G108/><T57/><D86/><U132/><E111/><V89/><F3/><W118/><G118/><T15/><D15/><U51/><E51/><V11/><F109/><W117/><G117/><T103/><D103/><U96/><E96/><V56/><F110/><W1/><G1/><T88/><D90/><U28/><E132/><V45/><F56/><W16/><G27/><T80/><AGARI ba="0,0" hai="14,17,20,52,57,61,76,77,80,87,88" m="5215" machi="80" ten="30,6000,0" yaku="8,1,54,2" doraHai="134" who="0" fromWho="0" sc="250,60,250,-20,250,-20,250,-20" /><INIT seed="0,1,0,5,1,128" ten="310,230,230,230" oya="0" hai0="133,110,87,121,50,48,41,81,83,0,38,96,59" hai1="60,119,90,125,72,68,53,97,120,75,11,45,8" hai2="76,135,116,114,34,93,71,122,25,61,102,31,69" hai3="52,88,73,64,35,49,118,12,28,5,4,46,10"/><T42/><D121/><U67/><E125/><V57/><F114/><W74/><G118/><T22/><D0/><U2/><E119/><V112/><F122/><W24/><G64/><T109/><D133/><U103/><E11/><V16/><F112/><W17/><G5/><T62/><D96/><U63/><E90/><V131/><F135/><W54/><G54/><N who="0" m="34167" /><D22/><U30/><E53/><V100/><F76/><W7/><G7/><T98/><D98/><U126/><E126/><V101/><F93/><W130/><G130/><T33/><D33/><U51/><E63/><V127/><F131/><W14/><REACH who="3" step="1"/><G88/><REACH who="3" ten="310,230,230,220" step="2"/><N who="0" m="51311" /><D110/><U6/><E120/><V86/><F116/><W66/><G66/><T92/><D109/><U18/><E67/><V78/><F127/><W124/><G124/><T3/><D3/><U58/><E2/><V27/><F69/><W79/><G79/><T13/><D83/><U91/><E68/><V111/><F71/><W113/><G113/><T80/><D80/><U15/><E6/><V84/><F78/><W134/><G134/><T89/><D38/><U132/><E132/><V99/><F111/><W19/><G19/><T32/><D89/><U108/><E108/><V95/><F16/><W123/><G123/><T23/><D41/><U43/><E91/><V26/><F100/><W104/><G104/><T82/><D42/><U21/><E103/><V44/><F102/><W40/><G40/><T55/><D82/><U56/><E43/><V105/><F105/><W85/><G85/><T9/><D55/><U106/><E106/><V65/><F86/><W129/><G129/><RYUUKYOKU ba="1,1" sc="310,-10,230,-10,230,-10,220,30" hai3="4,10,12,14,17,24,28,35,46,49,52,73,74" /><INIT seed="1,2,1,4,3,135" ten="300,220,220,250" oya="1" hai0="0,71,21,63,95,16,75,54,1,33,109,114,112" hai1="113,35,53,124,100,55,27,106,28,110,99,72,31" hai2="3,46,20,10,45,64,73,107,30,34,126,37,129" hai3="12,23,102,111,119,82,134,89,127,74,44,15,130"/><U91/><E113/><V123/><F107/><W80/><G15/><T59/><D109/><U86/><E72/><V58/><F123/><W87/><G12/><T105/><D105/><U128/><E128/><V57/><F73/><W43/><G23/><T96/><D33/><U65/><E28/><V104/><F104/><W81/><G44/><T132/><D132/><U83/><E110/><V47/><F34/><W92/><G43/><T98/><D75/><U67/><E67/><V49/><F3/><W94/><G134/><T38/><D38/><U32/><E32/><V18/><F10/><W19/><G19/><T77/><D77/><U133/><E133/><V93/><F30/><W2/><G2/><T108/><D108/><U29/><E29/><V52/><F37/><W118/><G111/><T7/><D71/><U68/><REACH who="1" step="1"/><E124/><REACH who="1" ten="300,210,220,250" step="2"/><V11/><F126/><W61/><G127/><T90/><D114/><U25/><E25/><V4/><F129/><W41/><G130/><T14/><D112/><U76/><E76/><V122/><F64/><W9/><G74/><T88/><REACH who="0" step="1"/><D7/><REACH who="0" ten="290,210,220,250" step="2"/><U125/><E125/><V17/><F4/><W62/><G119/><T85/><D85/><U39/><E39/><V56/><F122/><W78/><G118/><T70/><D70/><U48/><E48/><V115/><F49/><W103/><G78/><T116/><D116/><U131/><E131/><V120/><F115/><W51/><G51/><T13/><D13/><U8/><E8/><V97/><F11/><W117/><G9/><T36/><D36/><U42/><E42/><V66/><F120/><RYUUKYOKU ba="2,3" sc="290,15,210,15,220,-15,250,-15" hai0="0,1,14,16,21,54,59,63,88,90,95,96,98" hai1="27,31,35,53,55,65,68,83,86,91,99,100,106" /><INIT seed="1,3,3,1,5,9" ten="305,225,205,235" oya="1" hai0="21,48,105,68,26,103,119,42,40,76,34,79,107" hai1="28,1,44,92,93,56,96,94,66,118,35,37,108" hai2="33,19,12,133,65,77,61,11,109,0,102,90,127" hai3="114,43,131,85,129,46,7,31,10,17,84,71,121"/><U132/><E118/><V32/><F109/><W73/><G71/><T6/><D34/><U106/><E108/><V67/><F127/><W51/><G73/><T18/><D119/><U75/><E75/><V83/><F133/><W30/><G17/><T16/><D68/><U24/><E132/><V89/><F67/><W70/><G70/><T41/><D6/><U38/><E1/><V52/><F102/><W98/><G98/><T116/><D116/><U3/><E3/><V125/><F125/><W59/><G59/><T128/><D128/><N who="3" m="49225" /><G114/><T101/><D48/><U2/><E2/><V55/><F0/><N who="3" m="359" /><G121/><T22/><D42/><U54/><E106/><V78/><F33/><W124/><G124/><T49/><D49/><U23/><E35/><V135/><F32/><W47/><G47/><T130/><D130/><U82/><E38/><V117/><F135/><W25/><G25/><AGARI ba="3,3" hai="16,18,21,22,25,26,40,41,76,79,101,103,105,107" machi="25" ten="25,3200,0" yaku="22,2,54,1" doraHai="9" who="0" fromWho="3" sc="305,71,225,0,205,0,235,-41" /><INIT seed="2,0,0,5,0,128" ten="376,225,205,194" oya="2" hai0="95,130,55,54,93,49,48,80,24,78,75,13,19" hai1="15,21,38,5,120,62,20,51,77,84,28,29,116" hai2="3,22,4,56,88,37,94,107,60,114,0,27,105" hai3="61,109,6,30,73,131,35,112,111,59,58,110,23"/><V91/><F37/><W50/><G73/><T85/><D130/><U87/><E38/><V17/><F114/><W11/><G131/><T31/><D75/><U18/><E120/><V41/><F41/><W12/><G112/><T47/><D24/><U14/><E62/><V126/><F126/><W82/><G35/><T32/><D31/><U71/><E71/><V135/><F91/><W52/><G82/><T90/><D78/><U129/><E129/><V102/><F102/><W64/><G23/><T39/><D32/><U1/><E1/><V66/><F135/><W124/><REACH who="3" step="1"/><G30/><REACH who="3" ten="376,225,205,184" step="2"/><T57/><D39/><U42/><E29/><V44/><F22/><AGARI ba="0,1" hai="13,19,22,47,48,49,54,55,57,80,85,90,93,95" machi="22" ten="30,2000,0" yaku="7,1,8,1" doraHai="128" who="0" fromWho="2" sc="376,30,225,0,205,-20,184,0" /><INIT seed="3,0,0,2,2,30" ten="406,225,185,184" oya="3" hai0="103,127,6,110,51,14,48,113,80,27,16,134,0" hai1="102,99,7,77,18,44,88,46,19,26,93,43,2" hai2="45,72,123,86,28,49,71,67,40,126,52,79,91" hai3="76,4,70,62,39,12,109,8,3,47,90,54,17"/><W11/><G109/><T23/><D110/><U115/><E115/><V112/><F112/><W78/><G70/><T114/><D127/><U94/><E46/><V57/><F126/><W101/><G101/><T130/><D130/><U107/><E7/><V108/><F108/><W106/><G106/><T53/><D134/><U120/><E2/><V13/><F13/><W92/><G39/><T5/><D103/><U35/><E120/><V32/><F72/><W118/><G118/><T69/><D69/><U81/><E94/><V97/><F79/><W10/><G10/><T59/><D0/><U82/><E82/><V125/><F97/><W117/><G117/><T61/><D114/><U21/><E35/><V124/><F123/><W119/><G119/><T131/><D131/><U98/><E21/><V133/><F133/><W63/><G63/><T84/><D113/><U9/><E9/><V95/><F67/><W55/><G54/><T128/><D128/><U42/><E42/><V121/><F71/><W122/><G122/><T132/><D132/><U116/><E26/><V50/><REACH who="2" step="1"/><F121/><REACH who="2" ten="406,225,175,184" step="2"/><W1/><G1/><T83/><D14/><U104/><E116/><V73/><F73/><W58/><G47/><T65/><D65/><U15/><E107/><V20/><F20/><W75/><G75/><T36/><D23/><U85/><REACH who="1" step="1"/><E15/><REACH who="1" ten="406,215,175,184" step="2"/><V22/><F22/><W38/><G38/><AGARI ba="0,2" hai="18,19,38,43,44,77,81,85,88,93,98,99,102,104" machi="38" ten="30,7700,0" yaku="1,1,2,1,7,1,54,1,53,0" doraHai="30" doraHaiUra="56" who="1" fromWho="3" sc="406,0,215,97,175,0,184,-77" /><INIT seed="4,0,0,4,4,8" ten="406,312,175,107" oya="0" hai0="123,64,42,98,28,29,80,48,110,63,5,0,62" hai1="10,24,50,120,15,119,26,81,73,118,21,106,2" hai2="44,86,41,85,91,87,32,37,14,61,33,49,40" hai3="135,47,96,34,25,97,30,36,101,116,83,130,104"/><T107/><D123/><U68/><E68/><V59/><F91/><W103/><G116/><T1/><D110/><U7/><E106/><V113/><F113/><W31/><G130/><T111/><D111/><U126/><E120/><V78/><F78/><W55/><G83/><T51/><D107/><U60/><E60/><V127/><F127/><W90/><G90/><T23/><D98/><U69/><E69/><V84/><N who="2" m="22016" /><DORA hai="128" /><V125/><F125/><W19/><G19/><T121/><D23/><U70/><E70/><V22/><F37/><W109/><G109/><T102/><D102/><U54/><E126/><V129/><F41/><W93/><G31/><T133/><D42/><U99/><E99/><V112/><F112/><W131/><G131/><T3/><D80/><U56/><E26/><V71/><F71/><W66/><G66/><T79/><D64/><U20/><E20/><V46/><F46/><W27/><G27/><T18/><D79/><U82/><E82/><V65/><REACH who="2" step="1"/><F129/><REACH who="2" ten="406,312,165,107" step="2"/><W88/><G101/><T132/><D121/><U105/><E81/><V114/><F114/><W75/><G75/><T58/><D58/><U13/><E73/><V95/><F95/><W17/><G36/><T72/><D72/><U94/><E94/><V122/><F122/><W134/><REACH who="3" step="1"/><G17/><AGARI ba="0,1" hai="14,17,22,32,33,40,44,49,59,61,65" m="22016" machi="17" ten="50,3200,0" yaku="1,1,52,1,53,0" doraHai="8,128" doraHaiUra="115,100" who="2" fromWho="3" sc="406,0,312,0,165,42,107,-32" /><INIT seed="5,0,0,3,1,24" ten="406,312,207,75" oya="1" hai0="122,62,133,130,90,69,5,77,35,63,119,86,117" hai1="89,104,114,17,55,94,76,135,81,42,9,85,101" hai2="15,93,64,108,132,48,115,111,0,78,2,12,25" hai3="91,56,16,67,74,37,28,120,47,40,14,84,98"/><U95/><E42/><V123/><F64/><W103/><G74/><T22/><D130/><U54/><E135/><V97/><F78/><W68/><G120/><T92/><D35/><U32/><E32/><V58/><F123/><W112/><G112/><T46/><D122/><U100/><E114/><V52/><F132/><W80/><G68/><T10/><D10/><U21/><E9/><V121/><F121/><W75/><G75/><T87/><D133/><U49/><E95/><V20/><F115/><W39/><G39/><T33/><D33/><U71/><E71/><V8/><F15/><W126/><G126/><T36/><D69/><U4/><E4/><V7/><F2/><W124/><G124/><T50/><D36/><U118/><E118/><V72/><F72/><W34/><G56/><T53/><D5/><U102/><E104/><V79/><F79/><W19/><G67/><T131/><D131/><U27/><REACH who="1" step="1"/><E49/><REACH who="1" ten="406,302,207,75" step="2"/><V99/><F108/><W51/><G37/><T66/><D117/><U73/><AGARI ba="0,1" hai="17,21,27,54,55,73,76,81,85,89,94,100,101,102" machi="73" ten="30,11700,0" yaku="1,1,2,1,0,1,53,1" doraHai="24" doraHaiUra="18" who="1" fromWho="1" sc="406,-39,302,127,207,-39,75,-39" /><INIT seed="5,1,0,0,5,125" ten="367,429,168,36" oya="1" hai0="76,81,42,8,103,59,7,26,2,12,16,80,124" hai1="89,10,65,23,46,112,37,63,71,3,129,75,21" hai2="45,96,94,55,39,132,50,70,6,127,56,92,91" hai3="9,43,109,98,1,111,116,107,108,120,115,11,34"/><U58/><E112/><V88/><F127/><W85/><G43/><T95/><D124/><U17/><E75/><V133/><F70/><W40/><G40/><T29/><D42/><U36/><E46/><V69/><F69/><W113/><G85/><T84/><D59/><U66/><E21/><V102/><F6/><W49/><G49/><T32/><D103/><U79/><E79/><V4/><F4/><W122/><G98/><T134/><D134/><N who="2" m="51818" /><F94/><W27/><G107/><T93/><REACH who="0" step="1"/><D81/><REACH who="0" ten="357,429,168,36" step="2"/><U22/><E58/><V14/><F102/><W87/><G87/><T38/><D38/><U48/><E37/><V0/><F39/><W5/><G11/><AGARI ba="1,1" hai="2,7,8,11,12,16,26,29,32,76,80,84,93,95" machi="11" ten="30,3900,0" yaku="1,1,7,1,54,1,53,0" doraHai="125" doraHaiUra="53" who="0" fromWho="3" sc="357,52,429,0,168,0,36,-42" owari="409,21.0,429,53.0,168,-23.0,-6,-51.0" /></mjloggm>