<mjloggm ver="2.3"><GO type="41" lobby="0"/><UN n0="%E8%B1%86%E8%85%90%6D%65%6E%74%61%6C" n1="%6E%65%31%33%36%35" n2="%E5%B0%B1%E6%B4%BB%E7%94%9F%40%E5%B7%9D%E6%9D%91%E8%BB%8D%E5%9B%A3" n3="%E3%81%8B%E3%82%8B%E3%81%BC%E3%81%AA%E4%B8%80%E3%82%89" dan="14,14,14,15" rate="1952.74,1884.73,1994.63,1990.92" sx="M,M,M,M"/><TAIKYOKU oya="0"/><INIT seed="0,0,0,4,0,45" ten="250,250,250,250" oya="0" hai0="1,77,32,111,23,25,42,10,30,94,90,57,55" hai1="9,92,113,127,101,39,51,81,48,123,88,8,29" hai2="95,124,119,102,18,117,0,22,99,41,19,17,16" hai3="6,66,11,69,84,128,118,75,70,109,33,86,27"/><T74/><D111/><U83/><E123/><V38/><F0/><W14/><G109/><T36/><D32/><U24/><E39/><V72/><F72/><W108/><G118/><T122/><D122/><U82/><E113/><V89/><F124/><W31/><G108/><T116/><D116/><N who="2" m="44618" /><F38/><W21/><G75/><T13/><D1/><U34/><E127/><V129/><F41/><W80/><G86/><T110/><D110/><U104/><E101/><V105/><F129/><W103/><G128/><T98/><D36/><U43/><E104/><V134/><F134/><W5/><G103/><T64/><D42/><U47/><REACH who="1" step="1"/><E51/><REACH who="1" ten="250,240,250,250" step="2"/><V49/><F49/><W67/><G69/><T87/><D74/><U120/><E120/><V35/><F105/><W114/><G114/><T20/><D64/><U93/><E93/><V107/><F107/><W61/><G67/><T53/><D23/><U40/><E40/><V26/><F35/><W133/><G133/><T3/><D20/><U60/><E60/><V97/><F102/><W132/><G132/><T56/><D94/><U135/><E135/><V76/><F95/><W91/><G33/><T52/><D98/><AGARI ba="0,1" hai="8,9,24,29,34,43,47,48,81,82,83,88,92,98" machi="98" ten="40,5200,0" yaku="1,1,52,1,54,1,53,0" doraHai="45" doraHaiUra="96" who="1" fromWho="0" sc="250,-52,240,62,250,0,250,0" /><INIT seed="1,0,0,0,5,64" ten="198,302,250,250" oya="1" hai0="115,90,108,31,47,111,122,97,15,102,126,109,133" hai1="11,74,50,54,65,14,25,132,48,56,58,9,34" hai2="1,83,87,18,86,127,19,8,72,40,73,105,100" hai3="46,116,77,129,89,17,7,32,128,23,75,134,55"/><U130/><E74/><V28/><F127/><W95/><G32/><T119/><D115/><U76/><E130/><V117/><F117/><W92/><G116/><T49/><D119/><U12/><E132/><V125/><F125/><W35/><G134/><T37/><D126/><U16/><E76/><V84/><F28/><W67/><G35/><T36/><D133/><U42/><E34/><V29/><F29/><W114/><G114/><T80/><D31/><U0/><E25/><V21/><F40/><W104/><G104/><N who="0" m="63567" /><D122/><U13/><E0/><V22/><F83/><W57/><G7/><T60/><D60/><N who="1" m="38023" /><E16/><V10/><F1/><W113/><G113/><T6/><D80/><U98/><E98/><V103/><F86/><W20/><G17/><T43/><D90/><U131/><E131/><V59/><F59/><W61/><G77/><T4/><D4/><U44/><AGARI ba="0,0" hai="9,11,12,13,14,42,44,48,50,54,58" m="38023" machi="44" ten="30,1500,0" yaku="8,1" doraHai="64" who="1" fromWho="1" sc="198,-5,302,15,250,-5,250,-5" /><INIT seed="1,1,0,5,4,53" ten="193,317,245,245" oya="1" hai0="4,58,111,38,45,21,133,18,57,77,94,36,56" hai1="11,26,59,101,51,106,124,8,19,35,90,99,82" hai2="87,13,88,122,68,73,126,39,108,100,41,0,25" hai3="67,42,105,54,63,66,80,32,52,86,128,46,17"/><U109/><E124/><V28/><F73/><W27/><G105/><T55/><D111/><U117/><E117/><V16/><F0/><W81/><G128/><T112/><D112/><U97/><E109/><V96/><F68/><W129/><G129/><T102/><D133/><U15/><E26/><V7/><F7/><W132/><G67/><T10/><D77/><U30/><E35/><V131/><F108/><W1/><G1/><T113/><D113/><U2/><E30/><V23/><F126/><W83/><G132/><T47/><D36/><U92/><E2/><V74/><F74/><W31/><G86/><T33/><D33/><U85/><E51/><V75/><F75/><W116/><G17/><T76/><D38/><U69/><E69/><V49/><F122/><W135/><G116/><T107/><D107/><U91/><REACH who="1" step="1"/><E59/><REACH who="1" ten="193,307,245,245" step="2"/><V119/><F39/><W72/><G135/><T134/><D134/><U34/><E34/><V130/><F119/><W60/><G63/><N who="0" m="36255" /><D45/><U103/><E103/><V3/><F3/><W62/><G60/><T29/><D47/><U44/><E44/><V114/><F114/><W110/><G110/><T70/><D29/><U115/><E115/><V121/><F121/><W64/><G64/><T9/><D70/><U24/><E24/><V95/><F49/><N who="3" m="26839" /><G72/><T93/><D102/><U127/><E127/><V22/><REACH who="2" step="1"/><F41/><REACH who="2" ten="193,307,235,245" step="2"/><W71/><G71/><T5/><D76/><U37/><E37/><V43/><F43/><W12/><G66/><T6/><D10/><AGARI ba="1,2" hai="8,10,11,15,19,82,85,90,91,92,97,99,101,106" machi="10" ten="30,2900,0" yaku="1,1,7,1,53,0" doraHai="53" doraHaiUra="20" who="1" fromWho="0" sc="193,-32,307,52,235,0,245,0" /><INIT seed="1,2,0,2,1,20" ten="161,359,235,245" oya="1" hai0="18,51,68,62,107,81,77,104,37,42,65,16,130" hai1="95,124,78,111,135,91,56,35,31,89,57,45,76" hai2="7,98,109,113,86,106,4,110,21,70,64,115,8" hai3="101,116,132,100,72,10,114,25,84,97,1,122,39"/><U59/><E124/><V12/><F70/><W22/><G122/><T32/><D32/><U133/><E45/><V67/><F106/><W134/><G72/><T128/><D51/><U14/><E111/><N who="2" m="42507" /><F98/><W117/><G39/><T82/><D42/><U131/><E131/><N who="0" m="50217" /><D37/><U125/><E125/><V123/><F86/><W38/><G38/><T60/><D60/><U120/><E120/><V102/><F102/><W74/><G74/><N who="0" m="43191" /><D82/><U118/><E118/><N who="3" m="45674" /><G84/><T34/><D34/><U96/><E91/><V6/><F123/><W61/><G114/><N who="2" m="43529" /><F21/><W43/><G61/><T87/><D87/><U49/><E49/><V48/><F48/><W53/><G43/><T54/><D54/><U85/><E14/><V71/><F71/><W46/><G53/><T112/><D112/><U129/><E129/><V27/><F27/><W30/><G46/><T19/><AGARI ba="2,0" hai="16,18,19,62,65,68,104,107" m="43191,50217" machi="19" ten="30,2000,0" yaku="19,1,54,1" doraHai="20" who="0" fromWho="0" sc="161,26,359,-12,235,-7,245,-7" /><INIT seed="2,0,0,2,2,127" ten="187,347,228,238" oya="2" hai0="9,40,86,114,62,24,18,91,12,80,99,48,64" hai1="61,59,41,83,103,75,2,50,125,8,100,23,122" hai2="131,106,67,52,108,118,53,96,85,31,119,110,20" hai3="63,71,121,65,25,36,0,133,115,79,47,44,60"/><V90/><F67/><W46/><G0/><T98/><D114/><U6/><E125/><V14/><F106/><W21/><G115/><T120/><D120/><U101/><E122/><V30/><F96/><W5/><G121/><T104/><D104/><U111/><E111/><N who="2" m="42539" /><F131/><W92/><G5/><T112/><D112/><U68/><E68/><V77/><F77/><W26/><G79/><T82/><D82/><U16/><E75/><V84/><F14/><W51/><G92/><T1/><D1/><U107/><E83/><N who="2" m="49439" /><F85/><W78/><G78/><T66/><D24/><U116/><E116/><N who="2" m="44587" /><F20/><W130/><G21/><T38/><D64/><U70/><E70/><V42/><F42/><W135/><G25/><T45/><REACH who="0" step="1"/><D38/><REACH who="0" ten="177,347,228,238" step="2"/><U117/><E117/><V72/><F72/><W17/><G26/><T124/><D124/><U4/><E107/><V58/><F53/><W10/><G36/><T113/><D113/><U3/><E3/><V27/><F27/><W35/><G65/><T13/><D13/><U69/><E2/><V32/><F32/><W15/><G35/><T123/><D123/><U56/><E69/><AGARI ba="0,1" hai="9,12,18,40,45,48,62,66,69,80,86,91,98,99" machi="69" ten="30,3900,0" yaku="1,1,7,1,53,1" doraHai="127" doraHaiUra="76" who="0" fromWho="1" sc="177,49,347,-39,228,0,238,0" /><INIT seed="3,0,0,0,4,76" ten="226,308,228,238" oya="3" hai0="91,94,41,0,88,24,50,63,113,75,106,43,34" hai1="111,28,14,22,114,37,53,26,3,80,44,65,9" hai2="97,77,8,10,49,105,57,19,35,112,45,36,20" hai3="132,15,119,109,70,129,125,5,1,38,121,47,33"/><W73/><RYUUKYOKU type="yao9" ba="0,0" sc="226,0,308,0,228,0,238,0" hai3="1,5,15,33,38,47,70,73,109,119,121,125,129,132" /><INIT seed="3,1,0,0,5,125" ten="226,308,228,238" oya="3" hai0="117,73,16,111,64,57,17,9,110,81,126,2,72" hai1="6,27,83,94,63,123,41,121,120,124,19,79,113" hai2="31,25,8,21,59,20,32,46,129,42,80,12,67" hai3="101,108,37,85,22,7,135,11,50,68,109,18,115"/><W78/><G37/><T97/><D117/><U87/><E113/><V116/><F116/><W105/><G115/><T45/><D126/><U34/><E124/><V90/><F129/><W38/><G38/><T130/><D130/><U118/><E118/><V10/><F10/><W71/><G135/><T24/><D97/><U134/><E134/><V119/><F119/><W98/><G50/><T133/><D133/><U131/><E131/><V40/><F67/><W44/><G44/><T4/><D45/><U1/><E41/><V96/><F59/><W104/><G104/><T65/><D24/><U91/><E63/><V52/><F42/><W43/><G43/><T51/><D65/><U23/><E34/><V70/><F70/><W114/><G114/><T74/><D81/><U112/><E6/><V36/><F52/><W100/><G85/><T69/><D69/><U0/><REACH who="1" step="1"/><E112/><REACH who="1" ten="226,298,228,238" step="2"/><V88/><F32/><W107/><G107/><T13/><D4/><U15/><E15/><V60/><F60/><W53/><G53/><T103/><D13/><U14/><E14/><V77/><F12/><N who="3" m="5247" /><G100/><T5/><D5/><U48/><E48/><V33/><F8/><W86/><G68/><T55/><D51/><U28/><E28/><V82/><F33/><W102/><G71/><T106/><D9/><U127/><E127/><V92/><F21/><W62/><G102/><T39/><D103/><U30/><E30/><V58/><F31/><W99/><G62/><T26/><D39/><U3/><E3/><V54/><F40/><W89/><G101/><T56/><D2/><U132/><E132/><RYUUKYOKU ba="1,1" sc="226,-10,298,30,228,-10,238,-10" hai1="0,1,19,23,27,79,83,87,91,94,120,121,123" /><INIT seed="4,2,1,1,4,116" ten="216,328,218,228" oya="0" hai0="28,14,35,109,130,48,31,38,26,113,5,16,41" hai1="11,131,85,57,100,92,23,89,53,82,65,124,127" hai2="84,47,74,102,15,135,91,0,12,76,112,20,125" hai3="60,111,101,44,45,75,107,24,62,68,18,71,94"/><T59/><D38/><U99/><E131/><V34/><F0/><W1/><G75/><T52/><D41/><U80/><E65/><V110/><F34/><W121/><G107/><T43/><D43/><U132/><E132/><V50/><F110/><W119/><G1/><T118/><D118/><U29/><E11/><V3/><F3/><W58/><G119/><T129/><D109/><U81/><E23/><V134/><F102/><W33/><G111/><T30/><D113/><U108/><E29/><V96/><F96/><W73/><G73/><T10/><REACH who="0" step="1"/><D35/><REACH who="0" ten="206,328,218,228" step="2"/><U115/><E115/><V126/><F112/><W8/><G33/><T78/><D78/><U7/><E108/><V66/><F76/><W123/><G121/><T69/><D69/><U6/><E124/><V13/><F126/><W2/><G68/><T17/><D17/><U120/><E127/><V95/><F125/><W117/><G71/><T87/><D87/><U83/><REACH who="1" step="1"/><E120/><REACH who="1" ten="206,318,218,228" step="2"/><V103/><F135/><W106/><G123/><T114/><D114/><U40/><E40/><V70/><F134/><W86/><G117/><T42/><D42/><U72/><E72/><V56/><F74/><W105/><G106/><T88/><D88/><U19/><E19/><V63/><F70/><W79/><G105/><T9/><D9/><U46/><E46/><V67/><F20/><AGARI ba="2,3" hai="5,10,14,16,20,26,28,30,31,48,52,59,129,130" machi="20" ten="40,7700,0" yaku="1,1,54,2,53,0" doraHai="116" doraHaiUra="133" who="0" fromWho="2" sc="206,113,318,0,218,-83,228,0" /><INIT seed="4,3,0,4,0,69" ten="319,318,135,228" oya="0" hai0="85,13,49,3,89,109,32,73,25,7,95,114,24" hai1="50,103,131,55,66,110,54,11,39,100,112,84,93" hai2="27,82,104,87,111,67,47,77,61,106,98,118,41" hai3="12,117,91,63,76,37,64,35,20,46,36,14,34"/><T18/><D73/><U60/><E110/><V94/><F111/><W5/><G117/><T102/><D109/><U26/><E39/><V15/><F118/><W57/><G12/><T48/><D114/><U28/><E131/><V125/><F125/><W40/><G76/><T59/><D32/><U115/><E11/><V0/><F0/><W44/><G91/><T133/><D133/><U43/><E43/><V97/><F27/><N who="0" m="10314" /><D3/><U105/><E105/><V99/><F15/><W129/><G129/><T62/><D102/><U130/><E55/><V122/><F122/><W30/><G30/><T17/><D7/><U116/><E116/><V96/><F94/><W132/><G132/><T80/><D80/><U8/><E130/><V38/><N who="2" m="25088" /><DORA hai="6" /><V1/><REACH who="2" step="1"/><F1/><REACH who="2" ten="319,318,125,228" step="2"/><W58/><G14/><T79/><D13/><U10/><E115/><V33/><F33/><W83/><G34/><T119/><D119/><U107/><E112/><V113/><F113/><W4/><G35/><T121/><D121/><U72/><E107/><V52/><F52/><W74/><G4/><T108/><D108/><U134/><E134/><V65/><F65/><W135/><G5/><T75/><D95/><U127/><E93/><V22/><F22/><W126/><G20/><T123/><D123/><U70/><E127/><V21/><F21/><W101/><G126/><T92/><D92/><U23/><E23/><V128/><F128/><W90/><G64/><T86/><D17/><U56/><E66/><V68/><AGARI ba="3,1" hai="38,41,47,61,67,68,77,82,87,104,106" m="25088" machi="68" ten="40,8000,1" yaku="1,1,0,1,52,1,53,1" doraHai="69,6" doraHaiUra="9,71" who="2" fromWho="2" sc="319,-43,318,-23,125,99,228,-23" /><INIT seed="5,0,0,5,2,133" ten="276,295,224,205" oya="1" hai0="86,75,89,5,7,114,125,31,118,110,14,17,109" hai1="90,124,69,135,35,123,73,33,130,78,13,38,54" hai2="47,26,132,63,55,46,10,30,18,48,127,112,65" hai3="19,83,53,6,91,34,9,41,79,95,128,116,2"/><U51/><E123/><V66/><F132/><W27/><G116/><T129/><D118/><U28/><E135/><V100/><F100/><W102/><G128/><T88/><D75/><U0/><E38/><V16/><F112/><W131/><G131/><T121/><D129/><U74/><E0/><V44/><F127/><W52/><G41/><T57/><D114/><U122/><E130/><V42/><F65/><W68/><G102/><T126/><D121/><U22/><E122/><V25/><F25/><W107/><G68/><T103/><D103/><U8/><E69/><V56/><F10/><W104/><G107/><T4/><D31/><U62/><E124/><N who="0" m="47721" /><D57/><U1/><E1/><V45/><REACH who="2" step="1"/><F42/><REACH who="2" ten="276,295,214,205" step="2"/><W94/><G104/><T59/><D59/><U32/><E74/><V77/><F77/><W106/><G106/><T119/><D119/><U50/><E78/><V92/><F92/><W82/><G79/><T58/><D58/><U98/><E73/><V61/><F61/><W15/><G95/><N who="0" m="54679" /><D89/><U60/><E90/><V29/><F29/><W11/><G91/><T21/><AGARI ba="0,1" hai="4,5,7,14,17,21,109,110" m="54679,47721" machi="21" ten="30,8000,1" yaku="18,1,52,3,54,1" doraHai="133" who="0" fromWho="0" sc="276,90,295,-40,214,-20,205,-20" /><INIT seed="6,0,0,1,0,0" ten="366,255,194,185" oya="2" hai0="122,68,66,43,54,6,107,36,42,99,95,121,37" hai1="83,1,52,131,106,75,104,119,4,132,16,89,49" hai2="41,34,105,116,38,97,120,25,126,133,71,62,39" hai3="110,19,86,57,48,125,58,129,115,100,53,45,123"/><V40/><F120/><N who="0" m="46186" /><D95/><U50/><E119/><V109/><F109/><W44/><G123/><T20/><D6/><U32/><E32/><V70/><F116/><W7/><G110/><T90/><D20/><U9/><E132/><V15/><F133/><W124/><G100/><T35/><D90/><U135/><E135/><V130/><F130/><W127/><G129/><T102/><D99/><U46/><E131/><V51/><F126/><W114/><G86/><T88/><D88/><U56/><E75/><V112/><F112/><N who="3" m="43051" /><G19/><T11/><D11/><U118/><E118/><V31/><F15/><W12/><G7/><T29/><D102/><U59/><E56/><N who="3" m="21610" /><G12/><T2/><D2/><U93/><E83/><V69/><F62/><W103/><G103/><T82/><D107/><U21/><E49/><V10/><F105/><W33/><G33/><T101/><D101/><U113/><E46/><AGARI ba="0,0" hai="44,45,46,48,53,124,125,127" m="21610,43051" machi="46" ten="40,8000,1" yaku="18,1,15,1,11,1,34,2" doraHai="0" who="3" fromWho="1" sc="366,0,255,-80,194,0,185,80" /><INIT seed="7,0,0,5,0,15" ten="366,175,194,265" oya="3" hai0="18,23,92,117,104,29,69,90,66,82,114,21,54" hai1="106,102,67,25,26,107,63,1,94,43,49,68,5" hai2="16,118,115,79,129,76,8,135,44,116,35,9,56" hai3="60,89,132,32,33,71,88,55,133,81,6,125,127"/><W28/><G6/><T74/><D117/><U53/><E43/><V34/><F44/><W62/><G28/><T19/><D104/><U13/><E1/><V86/><F56/><W36/><G81/><T131/><D131/><U84/><E107/><V105/><F105/><W40/><G55/><T64/><D114/><U57/><E106/><V113/><F86/><W65/><G60/><T121/><D121/><U22/><E5/><V101/><F101/><W134/><G40/><T75/><D69/><U70/><E70/><V30/><F30/><W52/><G36/><T51/><D74/><U83/><E102/><V130/><F135/><W123/><G123/><T3/><D3/><U41/><E41/><V45/><F45/><W87/><G52/><T42/><D42/><U98/><E98/><V77/><F77/><W31/><G31/><T97/><D29/><U95/><E95/><V112/><F112/><W46/><G46/><N who="0" m="28023" /><D75/><U38/><E38/><V111/><F111/><W50/><G50/><T85/><D23/><U61/><E61/><V124/><F124/><N who="3" m="47691" /><G87/><T58/><D58/><U119/><E119/><V7/><F7/><W72/><G72/><T126/><D126/><U59/><E68/><V103/><F129/><W11/><G11/><T14/><D18/><N who="1" m="10575" /><E94/><V122/><F130/><W4/><G4/><T80/><D80/><U37/><E37/><V48/><F122/><W27/><G27/><T2/><D2/><U0/><E0/><V120/><F120/><W47/><G47/><T10/><D10/><U73/><E73/><V100/><F48/><W109/><G109/><RYUUKYOKU ba="0,0" sc="366,0,175,0,194,0,265,0" hai0="14,19,21,64,66,82,85,90,92,97" hai1="25,26,49,53,57,59,63,67,83,84" hai2="8,9,16,34,35,76,79,100,103,113,115,116,118" hai3="32,33,62,65,71,88,89,132,133,134" /><INIT seed="7,1,0,1,5,2" ten="366,175,194,265" oya="3" hai0="3,77,63,51,74,65,123,27,16,9,87,7,114" hai1="32,102,127,24,54,92,12,110,61,69,34,135,64" hai2="58,76,107,109,50,128,82,83,70,85,94,52,49" hai3="95,59,5,40,86,130,116,35,67,73,112,78,96"/><W41/><G116/><T8/><D123/><U28/><E110/><V66/><F107/><W33/><G73/><T60/><D74/><U15/><E135/><V111/><F128/><W48/><G130/><T108/><D108/><U56/><E34/><V29/><F29/><W31/><G112/><T4/><D114/><U134/><E134/><V1/><F1/><W79/><G31/><T125/><D125/><U93/><E127/><V124/><F124/><W99/><G67/><T90/><D77/><U21/><E32/><V131/><F131/><W55/><G86/><T89/><D51/><U10/><E102/><V91/><F83/><W97/><G95/><N who="0" m="54719" /><D3/><U84/><E84/><V14/><F14/><W62/><G33/><T121/><D121/><U68/><E68/><V104/><F104/><W117/><G35/><T47/><D47/><U37/><E37/><V38/><F38/><W43/><G48/><T126/><D126/><U18/><REACH who="1" step="1"/><E15/><REACH who="1" ten="366,165,194,265" step="2"/><V53/><F70/><W57/><G117/><T17/><D90/><U132/><E132/><V80/><F109/><W39/><G39/><T72/><D72/><U133/><E133/><V45/><F111/><W88/><G88/><T6/><D65/><U119/><E119/><V98/><F80/><W30/><G78/><T19/><D27/><U13/><E13/><V23/><F66/><W36/><G79/><T103/><D103/><U118/><E118/><V71/><F71/><W42/><G36/><T11/><AGARI ba="1,1" hai="4,6,7,8,9,11,16,17,19,60,63" m="54719" machi="11" ten="40,12000,2" yaku="29,2,8,1,52,3,54,1" doraHai="2" who="0" fromWho="0" sc="366,133,165,-31,194,-31,265,-61" owari="499,61.0,134,-37.0,163,-24.0,204,0.0" /></mjloggm>