<mjloggm ver="2.3"><GO type="193" lobby="0"/><UN n0="%E5%B0%B1%E6%B4%BB%E7%94%9F%40%E5%B7%9D%E6%9D%91%E8%BB%8D%E5%9B%A3" n1="%E3%82%8A%E3%81%88%E3%81%A1%E3%82%83%E3%82%93" n2="%6F%61%73%69%73%39%34%39" n3="%E5%B7%BB" dan="11,13,11,12" rate="1669.06,1769.86,1586.45,1790.78" sx="M,F,M,F"/><TAIKYOKU oya="0"/><INIT seed="0,0,0,1,2,31" ten="250,250,250,250" oya="0" hai0="67,119,22,41,92,90,30,118,104,73,27,80,9" hai1="91,109,2,94,110,25,74,17,20,127,39,50,57" hai2="28,108,0,45,68,129,55,48,81,93,69,117,84" hai3="113,78,125,19,13,126,38,58,82,112,40,123,89"/><T107/><D67/><U65/><E39/><V10/><F117/><W54/><G38/><T130/><D130/><U33/><E127/><N who="3" m="48650" /><G40/><T128/><D128/><U66/><E2/><V86/><F129/><W61/><G89/><T76/><D41/><U96/><E74/><V36/><F36/><W24/><G24/><T102/><D9/><U7/><E7/><V77/><F108/><W87/><G123/><T115/><D115/><U35/><E65/><V44/><F93/><W120/><G120/><T114/><D114/><U18/><E18/><V47/><F28/><W83/><G82/><T60/><D60/><N who="1" m="38159" /><E50/><V6/><REACH who="2" step="1"/><F84/><REACH who="2" ten="250,250,240,250" step="2"/><W122/><G122/><T111/><D111/><AGARI ba="0,1" hai="17,20,25,33,35,91,94,96,109,110,111" m="38159" machi="111" ten="30,3900,0" yaku="14,1,52,2" doraHai="31" who="1" fromWho="0" sc="250,-39,250,49,240,0,250,0" /><INIT seed="1,0,0,5,1,66" ten="211,299,240,250" oya="1" hai0="29,89,57,83,87,9,44,25,53,69,19,60,70" hai1="14,28,8,33,77,50,112,63,113,49,67,73,43" hai2="36,17,126,101,78,80,86,79,71,61,117,68,58" hai3="121,91,45,35,30,111,82,5,18,15,26,84,85"/><U118/><E118/><V133/><F36/><W46/><G121/><T95/><D44/><U116/><E116/><V132/><F117/><W13/><G111/><T55/><D55/><U124/><E28/><V7/><F7/><W24/><G24/><T1/><D83/><U131/><E33/><V109/><F101/><W72/><G72/><T120/><D120/><U23/><E23/><V106/><F109/><W102/><G102/><T4/><REACH who="0" step="1"/><D19/><REACH who="0" ten="201,299,240,250" step="2"/><U96/><E124/><V128/><F126/><W2/><G84/><T52/><D52/><U122/><E122/><V48/><F106/><W107/><G107/><T88/><D88/><U62/><E131/><V22/><F79/><W105/><G105/><T104/><D104/><U94/><E77/><V38/><F38/><W119/><G119/><T108/><D108/><U90/><E112/><V54/><F128/><W12/><REACH who="3" step="1"/><G18/><REACH who="3" ten="201,299,240,240" step="2"/><T0/><D0/><U103/><E113/><V32/><F32/><AGARI ba="0,2" hai="1,4,9,25,29,32,53,57,60,69,70,87,89,95" machi="32" ten="30,7700,0" yaku="1,1,7,1,52,2,53,0" doraHai="66" doraHaiUra="110" who="0" fromWho="2" sc="201,97,299,0,240,-77,240,0" /><INIT seed="2,0,0,0,0,24" ten="298,299,163,240" oya="2" hai0="134,59,108,0,86,96,89,115,122,5,71,133,45" hai1="28,95,85,32,123,2,130,19,47,42,10,58,69" hai2="15,38,68,117,87,126,118,77,114,88,27,107,9" hai3="129,110,34,48,23,4,65,8,72,60,49,26,127"/><V75/><F68/><W92/><G72/><T81/><D71/><U112/><E112/><V132/><F38/><W91/><G127/><T13/><D115/><U82/><E123/><V121/><F27/><W3/><G34/><T66/><D0/><U6/><E69/><V135/><F15/><W76/><G129/><T33/><D122/><U90/><E58/><V104/><F9/><W124/><G110/><T70/><D33/><U83/><E130/><V53/><F53/><W51/><G124/><T43/><D108/><U55/><E55/><V39/><F39/><W7/><G76/><T37/><D70/><U97/><E19/><V111/><F126/><W36/><G36/><T125/><D125/><U40/><E32/><V98/><F121/><W105/><G105/><N who="2" m="40521" /><F114/><W29/><G4/><T50/><D96/><U1/><E1/><V73/><F111/><W57/><G51/><T22/><D5/><U100/><E2/><V44/><F44/><W67/><G65/><T74/><D74/><N who="2" m="28170" /><F98/><AGARI ba="0,0" hai="3,7,8,23,26,29,48,49,57,60,67,91,92,98" machi="98" ten="30,2000,0" yaku="7,1,52,1" doraHai="24" who="3" fromWho="2" sc="298,0,299,0,163,-20,240,20" /><INIT seed="3,0,0,3,2,99" ten="298,299,143,260" oya="3" hai0="105,48,43,131,17,101,86,39,14,70,20,36,2" hai1="125,82,23,45,93,73,129,117,22,133,98,24,135" hai2="74,16,61,66,109,3,41,38,81,119,78,28,55" hai3="94,34,54,40,35,44,76,123,90,59,50,52,30"/><W58/><G123/><T116/><D116/><U80/><E125/><V11/><F55/><N who="3" m="21035" /><G35/><T103/><D2/><U72/><E117/><V63/><F16/><W42/><G34/><T91/><D131/><U21/><E24/><V9/><F63/><W32/><G32/><T53/><D70/><U56/><E56/><N who="3" m="21546" /><G76/><T49/><D105/><U97/><E45/><V1/><F119/><W7/><G7/><T122/><D122/><U31/><E31/><V132/><F28/><W118/><G118/><T6/><D6/><U87/><E129/><V121/><F121/><W128/><G128/><T108/><D108/><U96/><E93/><V12/><F12/><W27/><G27/><T106/><D106/><U89/><E82/><V13/><F13/><W26/><G26/><T126/><D126/><U127/><REACH who="1" step="1"/><E127/><REACH who="1" ten="298,289,143,260" step="2"/><V10/><F132/><AGARI ba="0,1" hai="21,22,23,72,73,80,87,89,96,97,98,132,133,135" machi="132" ten="50,6400,0" yaku="1,1,2,1,20,1,53,0" doraHai="99" doraHaiUra="88" who="1" fromWho="2" sc="298,0,289,74,143,-64,260,0" owari="298,10.0,363,46.0,79,-42.0,260,-14.0" /></mjloggm>