<mjloggm ver="2.3"><GO type="97" lobby="0"/><UN n0="%65%6D%61%4D" n1="%E3%82%B4%E3%83%81%E3%81%AB%E3%81%AA%E3%82%8A%E3%81%BE%E3%81%99" n2="%E5%B0%B1%E6%B4%BB%E7%94%9F%40%E5%B7%9D%E6%9D%91%E8%BB%8D%E5%9B%A3" n3="%74%79%64%79" dan="13,14,14,14" rate="1959.23,1853.66,1970.41,1900.61" sx="M,M,M,M"/><TAIKYOKU oya="0"/><INIT seed="0,0,0,3,0,4" ten="250,250,250,250" oya="0" hai0="121,94,38,123,116,32,83,20,31,107,13,113,130" hai1="25,18,80,52,71,75,17,102,0,73,119,117,1" hai2="33,82,21,134,109,58,92,118,110,90,23,133,50" hai3="125,87,6,57,85,69,91,111,70,37,47,51,129"/><T29/><D38/><U108/><E80/><V96/><F33/><W105/><G105/><T101/><D107/><U95/><E25/><V43/><F118/><N who="1" m="45065" /><E52/><N who="2" m="32023" /><F43/><W48/><G111/><N who="2" m="42505" /><F82/><W124/><G129/><T98/><D116/><U12/><E95/><V135/><AGARI ba="0,0" hai="21,23,90,92,96,133,134,135" m="42505,32023" machi="135" ten="40,5200,0" yaku="20,1,14,1,54,1" doraHai="4" who="2" fromWho="2" sc="250,-26,250,-13,250,52,250,-13" /><INIT seed="1,0,0,1,0,100" ten="224,237,302,237" oya="1" hai0="123,3,70,44,49,1,126,7,24,132,112,0,56" hai1="125,116,18,77,8,73,96,89,45,22,46,21,34" hai2="85,127,2,135,134,10,101,121,130,16,82,64,131" hai3="26,90,41,80,98,29,54,83,52,12,74,91,75"/><U32/><E116/><V43/><F121/><W35/><G41/><T39/><D123/><U87/><E125/><V11/><F43/><W28/><G12/><T84/><D126/><U13/><E73/><V59/><F127/><W133/><G98/><T128/><D112/><U69/><E69/><V5/><F101/><W118/><G118/><T50/><D128/><N who="2" m="49194" /><F59/><W17/><G17/><T30/><D132/><N who="2" m="50730" /><F64/><W71/><G133/><T55/><D70/><U62/><E32/><V67/><F67/><W88/><G71/><T122/><D39/><U76/><E34/><V19/><F11/><W61/><G61/><T68/><D68/><U105/><E62/><V99/><F99/><W20/><G35/><T38/><D38/><U108/><E108/><V63/><F63/><W48/><G29/><T40/><D122/><U124/><E105/><V103/><F103/><W78/><G48/><T53/><D40/><U104/><E104/><V65/><F65/><W86/><REACH who="3" step="1"/><G75/><REACH who="3" ten="224,237,302,227" step="2"/><T58/><D84/><U114/><E96/><V107/><F107/><W36/><G36/><T117/><D117/><U14/><E124/><V42/><F42/><W79/><AGARI ba="0,1" hai="20,26,28,52,54,74,78,79,80,83,86,88,90,91" machi="79" ten="30,7900,0" yaku="1,1,0,1,54,2,53,0" doraHai="100" doraHaiUra="4" who="3" fromWho="3" sc="224,-20,237,-39,302,-20,227,89" /><INIT seed="2,0,0,3,0,91" ten="204,198,282,316" oya="2" hai0="7,88,51,57,104,134,98,95,23,20,29,107,22" hai1="10,90,128,68,135,55,100,106,50,102,110,0,105" hai2="39,111,123,41,43,21,132,92,64,13,28,3,79" hai3="70,47,117,75,85,101,26,4,119,66,59,82,114"/><V71/><F3/><W72/><G101/><T78/><D134/><U99/><E110/><V30/><F123/><W32/><G70/><T15/><D78/><U2/><E135/><V34/><F34/><W12/><G47/><T69/><D69/><U56/><E128/><V121/><F121/><W83/><G114/><T37/><D37/><U8/><E68/><V19/><F132/><W24/><G66/><T49/><D29/><U45/><E90/><V9/><F79/><W94/><G32/><T89/><D89/><U31/><E31/><V67/><F39/><W122/><G122/><T63/><D7/><U93/><E56/><V38/><F38/><W27/><G59/><T53/><REACH who="0" step="1"/><D15/><REACH who="0" ten="194,198,282,316" step="2"/><U126/><E2/><V33/><F71/><W112/><G12/><T73/><D73/><U62/><E0/><V81/><F33/><W96/><G4/><T109/><D109/><U61/><E126/><V115/><F13/><W11/><G75/><T97/><D97/><U44/><E102/><V113/><F30/><W6/><G72/><T87/><D87/><U124/><E124/><V118/><F28/><W84/><G85/><T130/><D130/><U129/><E129/><V46/><F111/><W77/><G84/><T133/><D133/><U116/><E116/><V5/><F118/><W52/><G119/><T74/><D74/><U17/><E106/><AGARI ba="0,1" hai="20,22,23,49,51,53,57,63,88,95,98,104,106,107" machi="106" ten="40,5200,0" yaku="1,1,52,1,54,1,53,0" doraHai="91" doraHaiUra="36" who="0" fromWho="1" sc="194,62,198,-52,282,0,316,0" /><INIT seed="3,0,0,4,2,5" ten="256,146,282,316" oya="3" hai0="82,15,96,40,73,94,85,54,25,132,47,92,6" hai1="104,8,111,113,128,37,55,100,126,39,97,65,50" hai2="41,121,77,87,106,48,131,0,123,19,32,24,119" hai3="133,56,31,10,1,99,91,74,7,57,101,46,4"/><W42/><G74/><T27/><D132/><U38/><E113/><V89/><F106/><W18/><G133/><T45/><D73/><U3/><E128/><V16/><F119/><W69/><G69/><T59/><D92/><U107/><E111/><V34/><F0/><W109/><G109/><T75/><D75/><U108/><E108/><V88/><F131/><W83/><G31/><T135/><D135/><U21/><E126/><V51/><F77/><W70/><G70/><T35/><D35/><N who="2" m="13354" /><F24/><W86/><G18/><N who="2" m="6697" /><F41/><W64/><G7/><T29/><D29/><U67/><E21/><V52/><F87/><W115/><G64/><T79/><D45/><U60/><E107/><V90/><F52/><W14/><G1/><T120/><D120/><AGARI ba="0,0" hai="48,51,88,89,90,120,121,123" m="6697,13354" machi="120" ten="40,8000,1" yaku="28,2,13,1,54,2" doraHai="5" who="2" fromWho="0" sc="256,-80,146,0,282,80,316,0" owari="176,-22.0,146,-35.0,362,45.0,316,12.0" /></mjloggm>