<mjloggm ver="2.3"><GO type="41" lobby="0"/><UN n0="%E3%81%9F%E3%82%93%E3%81%9F%E3%82%93%E3%81%9F%E3%81%AC%E3%81%8D" n1="%61%74%6F%6D%75%31" n2="%E3%82%A4%E3%82%B1%E3%82%A4%E3%82%B1%E9%A3%9B%E9%9B%84%E9%A6%AC" n3="%E3%82%A6%E3%83%AB%E3%83%88%E3%83%A9%E7%AB%8B%E7%9B%B4" dan="14,13,15,15" rate="1932.82,1890.93,2000.72,2018.85" sx="M,M,M,M"/><TAIKYOKU oya="0"/><INIT seed="0,0,0,3,2,132" ten="250,250,250,250" oya="0" hai0="54,82,133,11,46,116,38,74,89,35,76,68,61" hai1="80,91,9,113,1,63,65,10,43,4,32,119,107" hai2="24,103,14,58,3,92,85,88,51,105,57,29,40" hai3="72,52,34,66,12,87,30,27,6,100,73,48,123"/><T21/><D116/><U78/><E119/><V59/><F3/><W49/><G123/><T126/><D133/><U22/><E107/><V125/><F125/><W99/><G49/><T71/><D35/><U55/><E32/><V53/><F40/><W93/><G66/><T77/><D21/><U36/><E113/><V90/><F105/><W111/><G111/><T110/><D110/><U33/><E33/><V94/><F103/><W120/><G120/><T64/><D71/><U75/><E91/><V20/><F14/><W70/><G70/><T109/><D109/><U114/><E55/><V8/><F8/><W83/><G12/><T45/><D126/><U108/><E108/><V128/><F128/><W131/><G6/><T95/><D77/><U104/><E104/><V112/><REACH who="2" step="1"/><F112/><REACH who="2" ten="250,250,240,250" step="2"/><W79/><G131/><T13/><D38/><U18/><E10/><V129/><F129/><W26/><G26/><T135/><D135/><U84/><E114/><V115/><F115/><W47/><AGARI ba="0,1" hai="27,30,34,47,48,52,72,73,79,83,87,93,99,100" machi="47" ten="20,2700,0" yaku="0,1,7,1,54,1" doraHai="132" who="3" fromWho="3" sc="250,-13,250,-7,240,-7,250,37" /><INIT seed="1,0,0,1,3,104" ten="237,243,233,287" oya="1" hai0="49,6,126,82,115,41,87,59,36,40,12,50,61" hai1="121,65,68,62,37,118,117,116,14,74,21,70,81" hai2="43,42,80,18,129,46,32,122,26,133,101,11,56" hai3="28,33,48,105,86,78,2,13,1,54,96,24,124"/><U53/><E121/><V58/><F129/><W47/><G124/><T4/><D115/><U45/><E70/><V34/><F133/><W91/><G78/><T44/><D126/><U127/><E127/><V102/><F122/><W31/><G31/><T55/><D36/><U83/><E83/><V52/><F80/><W93/><G105/><T63/><D40/><U51/><E37/><V135/><F135/><W22/><G96/><T19/><D6/><U73/><REACH who="1" step="1"/><E81/><REACH who="1" ten="237,233,233,287" step="2"/><V60/><F34/><W103/><G33/><T94/><D94/><U90/><E90/><V89/><F32/><W67/><G91/><N who="0" m="51703" /><D4/><U35/><E35/><V113/><F113/><W109/><G103/><T95/><D95/><U69/><E69/><V20/><F89/><W79/><G93/><T16/><D19/><AGARI ba="0,1" hai="14,19,21,45,51,53,62,65,68,73,74,116,117,118" machi="19" ten="40,12000,1" yaku="1,1,52,2,53,1" doraHai="104" doraHaiUra="9" who="1" fromWho="0" sc="237,-120,233,130,233,0,287,0" /><INIT seed="1,1,0,5,1,46" ten="117,363,233,287" oya="1" hai0="30,8,34,7,13,32,131,134,48,43,53,99,68" hai1="112,67,14,122,104,82,29,109,69,35,3,55,78" hai2="111,17,6,91,71,76,100,123,10,126,93,22,45" hai3="101,60,51,21,95,44,86,64,96,9,59,58,73"/><U125/><E122/><V70/><F111/><W66/><G73/><T50/><D68/><U97/><E112/><V77/><F123/><W75/><G75/><T19/><D134/><U88/><E3/><V127/><F100/><W81/><G9/><T103/><D131/><U120/><E120/><V94/><F45/><W52/><G21/><T49/><D43/><U65/><E125/><V74/><F74/><W85/><G81/><T114/><D114/><U28/><E109/><V1/><F94/><W115/><G115/><T133/><D133/><U42/><E42/><V31/><F31/><N who="1" m="11849" /><E35/><V63/><F63/><AGARI ba="1,0" hai="44,51,52,58,59,60,63,64,66,85,86,95,96,101" machi="63" ten="40,8000,1" yaku="9,1,8,1,52,1,54,1" doraHai="46" who="3" fromWho="2" sc="117,0,363,0,233,-83,287,83" /><INIT seed="2,0,0,2,5,135" ten="117,363,150,370" oya="2" hai0="72,84,69,95,58,85,71,0,64,17,43,86,89" hai1="121,112,75,119,1,126,20,5,74,68,106,18,49" hai2="45,101,77,53,28,103,42,3,39,76,57,108,117" hai3="116,88,50,41,33,92,52,4,90,23,30,91,111"/><V107/><F117/><W124/><G33/><T131/><D131/><U59/><E112/><V94/><F107/><W96/><G116/><T83/><D0/><U114/><E119/><V61/><F3/><W99/><G111/><T93/><D43/><U8/><E114/><V113/><F113/><W129/><G129/><T78/><D69/><U97/><E68/><V122/><F122/><W98/><G124/><T47/><D71/><U27/><E121/><V7/><F7/><W22/><G41/><T44/><D17/><U105/><E126/><V54/><F108/><W40/><G40/><T104/><D64/><U120/><E120/><V128/><F128/><W115/><G115/><T55/><D104/><U14/><E106/><V26/><F54/><W118/><G118/><T37/><D37/><U21/><E105/><V63/><F63/><W134/><G134/><T48/><D72/><U6/><E6/><V16/><F16/><W12/><G30/><T73/><D73/><U87/><E97/><V13/><F13/><W123/><G123/><T67/><REACH who="0" step="1"/><D67/><REACH who="0" ten="107,363,150,370" step="2"/><U80/><E74/><V133/><F133/><W15/><G4/><T38/><D38/><U70/><E75/><V132/><F132/><W46/><G92/><T127/><D127/><U25/><E70/><V51/><F39/><W60/><G15/><T36/><D36/><U2/><E2/><V24/><F24/><W9/><G12/><T56/><D56/><U79/><E1/><V34/><F94/><W62/><G9/><T19/><D19/><U32/><E5/><V110/><F110/><W66/><G66/><RYUUKYOKU ba="0,1" sc="107,10,363,-30,150,10,370,10" hai0="44,47,48,55,58,78,83,84,85,86,89,93,95" hai2="26,28,34,42,45,51,53,57,61,76,77,101,103" hai3="22,23,46,50,52,60,62,88,90,91,96,98,99" /><INIT seed="2,1,1,0,5,50" ten="117,333,160,380" oya="2" hai0="58,102,85,88,112,89,36,14,86,71,110,99,54" hai1="119,134,10,1,33,11,46,20,95,120,62,121,73" hai2="55,28,59,43,34,7,32,63,40,41,131,94,111" hai3="123,133,82,57,23,35,87,44,60,130,15,129,124"/><V96/><F131/><N who="3" m="50187" /><G35/><T2/><D110/><U118/><E73/><V93/><F111/><W61/><G123/><T98/><D36/><U113/><E33/><V116/><F116/><W103/><G103/><T117/><D71/><U45/><E62/><V9/><F28/><W91/><G124/><T80/><D2/><U13/><E95/><V56/><F56/><W67/><G133/><T51/><D117/><N who="1" m="44555" /><E46/><V48/><F93/><W115/><G115/><T83/><D112/><U24/><E45/><V30/><F30/><W78/><G44/><T12/><D99/><U114/><E134/><V128/><F128/><W17/><G61/><T108/><D108/><U104/><E104/><AGARI ba="1,1" hai="12,14,51,54,58,80,83,85,86,88,89,98,102,104" machi="104" ten="30,7700,0" yaku="7,1,9,1,52,1,54,1" doraHai="50" who="0" fromWho="1" sc="117,90,333,-80,160,0,380,0" /><INIT seed="3,0,0,4,4,91" ten="207,253,160,380" oya="3" hai0="108,11,21,56,69,7,59,18,99,23,82,73,96" hai1="135,20,68,88,129,71,50,51,46,48,97,131,61" hai2="123,10,107,15,114,54,33,79,130,0,92,6,119" hai3="72,28,134,34,31,2,110,132,100,109,95,86,49"/><W102/><G2/><T42/><D69/><U122/><E122/><V29/><F107/><W120/><G72/><T87/><D73/><U127/><E127/><V14/><F114/><W103/><G120/><T125/><D125/><U47/><E135/><N who="3" m="51754" /><G49/><T77/><D108/><N who="3" m="41577" /><G34/><T39/><D39/><U104/><E104/><V24/><F119/><W44/><G44/><N who="1" m="16938" /><E20/><N who="0" m="7753" /><D42/><U36/><E36/><V22/><F123/><W38/><G38/><T40/><D40/><U85/><E97/><N who="0" m="37449" /><D7/><U90/><E90/><AGARI ba="0,0" hai="28,31,86,90,95,100,102,103" m="41577,51754" machi="90" ten="40,12000,1" yaku="20,1,14,1,10,1,52,1" doraHai="91" who="3" fromWho="1" sc="207,0,253,-120,160,0,380,120" /><INIT seed="3,1,0,4,3,33" ten="207,133,160,500" oya="3" hai0="66,41,73,75,85,98,118,26,131,94,15,87,97" hai1="124,74,104,101,61,51,113,80,114,64,99,57,6" hai2="7,110,14,17,39,48,129,0,37,27,12,128,77" hai3="53,9,55,135,56,93,18,69,25,49,109,67,107"/><W19/><G107/><T90/><D41/><U116/><E124/><V70/><F70/><W83/><G69/><T36/><D36/><U16/><E51/><V72/><F110/><W117/><G117/><T106/><D66/><U89/><E116/><V5/><F77/><W78/><G135/><T47/><D47/><U21/><E6/><V133/><F72/><N who="0" m="27722" /><D15/><U43/><E43/><V50/><F27/><W88/><G109/><T22/><D22/><U62/><E62/><V120/><F17/><W2/><G67/><T20/><D20/><U54/><E64/><V105/><F105/><W126/><G126/><T81/><D26/><U119/><E119/><V59/><F59/><W125/><G125/><T8/><D8/><U100/><E100/><V91/><F91/><W34/><G34/><T38/><D38/><U40/><E40/><V86/><F86/><N who="0" m="32778" /><D131/><U112/><E89/><V23/><F23/><W29/><G29/><T111/><D111/><U108/><E108/><V45/><F45/><W96/><G25/><T28/><D28/><U44/><E44/><V92/><F92/><W24/><G24/><T30/><D30/><U42/><E42/><V10/><F10/><W68/><G68/><T127/><D127/><U123/><E123/><V52/><F120/><W103/><G55/><T79/><D118/><U4/><E4/><V63/><F63/><W71/><G71/><T13/><D13/><N who="1" m="9359" /><E114/><V76/><F76/><W31/><G78/><T82/><D79/><U58/><E58/><V32/><F32/><W132/><G56/><T11/><D11/><U121/><E121/><RYUUKYOKU ba="1,0" sc="207,15,133,15,160,-15,500,-15" hai0="81,82,90,94,97,98,106" hai1="54,57,61,74,80,99,101,104,112,113" /><INIT seed="4,2,0,4,1,109" ten="222,148,145,485" oya="0" hai0="112,135,130,4,78,86,46,38,62,21,33,88,94" hai1="91,120,81,61,104,85,13,58,19,77,108,39,42" hai2="64,117,48,29,129,52,95,70,56,123,121,113,110" hai3="37,82,106,40,7,100,98,115,63,102,32,27,96"/><T9/><D33/><U79/><E108/><V18/><F110/><W93/><G40/><T51/><D38/><U74/><E120/><V25/><F117/><W84/><G37/><T101/><D135/><U30/><E104/><V134/><F129/><W23/><G32/><T69/><D112/><U50/><E39/><V133/><F113/><W28/><G7/><T8/><D130/><U5/><E5/><V122/><F18/><W1/><G1/><T44/><D101/><U20/><E30/><V128/><F128/><W17/><G115/><T116/><D116/><U107/><E107/><V72/><F72/><W132/><G132/><N who="2" m="50793" /><F95/><W76/><G63/><T10/><D21/><U3/><E3/><V114/><F114/><W0/><G0/><T97/><D62/><U127/><E127/><V53/><F25/><W131/><G131/><T14/><D69/><U68/><E68/><V16/><F16/><W99/><G17/><T125/><D125/><U31/><E31/><V65/><F29/><W24/><G24/><T103/><D78/><U45/><E74/><V71/><F53/><AGARI ba="2,0" hai="13,19,20,42,45,50,53,58,61,77,79,81,85,91" machi="53" ten="30,2000,0" yaku="7,1,8,1" doraHai="109" who="1" fromWho="2" sc="222,0,148,26,145,-26,485,0" /><INIT seed="5,0,0,5,0,129" ten="222,174,119,485" oya="1" hai0="23,3,14,68,63,115,54,52,0,134,114,133,43" hai1="2,9,71,119,62,61,83,78,96,112,132,4,91" hai2="74,123,120,7,104,107,102,73,45,32,77,24,121" hai3="44,135,57,98,29,48,1,10,76,109,79,93,85"/><U37/><E119/><V55/><F7/><W92/><G109/><T35/><D35/><U99/><E37/><V38/><F55/><N who="0" m="21034" /><D43/><U72/><E112/><N who="0" m="43049" /><D23/><U60/><E71/><V21/><F102/><W97/><G57/><T82/><D82/><U6/><E6/><V111/><F111/><W58/><G58/><T16/><D63/><U75/><E75/><V25/><F77/><W56/><G56/><T116/><D68/><U86/><REACH who="1" step="1"/><E132/><REACH who="1" ten="222,164,119,485" step="2"/><N who="0" m="50793" /><D116/><U47/><E47/><V11/><F74/><W59/><G44/><T117/><D117/><U89/><E89/><V28/><F73/><W130/><G59/><T113/><D113/><U87/><E87/><V33/><F45/><W15/><G85/><T27/><D27/><U19/><E19/><V41/><F38/><W50/><G135/><T84/><D84/><U95/><AGARI ba="0,1" hai="2,4,9,60,61,62,72,78,83,86,91,95,96,99" machi="95" ten="30,3000,0" yaku="1,1,0,1,53,0" doraHai="129" doraHaiUra="125" who="1" fromWho="1" sc="222,-10,164,40,119,-10,485,-10" /><INIT seed="5,1,0,0,0,100" ten="212,204,109,475" oya="1" hai0="28,91,93,78,120,99,124,58,54,96,14,6,102" hai1="49,66,80,43,22,121,129,123,51,37,68,4,31" hai2="55,15,135,108,112,2,67,12,98,32,36,19,64" hai3="122,23,62,73,1,13,11,69,50,127,70,40,35"/><U71/><E37/><V30/><F108/><W7/><G73/><T94/><D120/><U134/><E4/><V109/><F109/><W113/><G122/><T46/><D124/><U26/><E134/><V76/><F36/><W126/><G35/><T130/><D130/><U107/><E129/><V72/><F2/><W106/><G106/><T101/><D78/><U39/><E71/><V115/><F135/><W65/><G113/><N who="2" m="43593" /><F15/><W103/><G103/><T25/><D6/><U104/><E39/><V56/><F76/><W89/><G89/><T47/><D91/><U0/><E0/><V119/><F72/><W59/><G40/><T79/><D79/><U44/><E51/><N who="2" m="30847" /><F98/><W132/><G132/><T133/><D133/><U90/><E123/><V52/><F119/><W61/><G50/><T95/><D14/><U125/><E125/><N who="3" m="47626" /><G62/><N who="0" m="36183" /><D93/><U16/><E31/><V20/><F30/><W24/><G13/><T18/><D28/><AGARI ba="1,0" hai="1,7,11,23,24,28,59,61,65,69,70" m="47626" machi="28" ten="30,1000,0" yaku="18,1" doraHai="100" who="3" fromWho="0" sc="212,-13,204,0,109,0,475,13" /><INIT seed="6,0,0,1,2,4" ten="199,204,109,488" oya="2" hai0="103,41,34,17,89,61,69,106,72,110,120,77,130" hai1="44,56,29,114,129,67,15,28,98,63,133,51,86" hai2="16,60,131,62,31,70,99,9,27,87,118,76,95" hai3="38,46,100,0,36,35,59,19,85,97,94,93,134"/><V6/><F118/><W10/><G35/><T25/><D41/><U55/><E133/><V32/><F131/><W43/><G134/><T128/><D120/><U124/><E129/><V80/><F70/><W104/><G38/><T122/><D89/><U115/><E124/><V22/><F32/><W65/><G65/><T90/><D90/><U54/><E98/><V20/><F20/><W82/><G59/><T8/><D122/><U42/><E86/><V50/><F50/><W21/><G0/><T125/><D110/><U33/><E33/><V101/><F31/><N who="1" m="11849" /><E15/><AGARI ba="0,0" hai="6,9,15,16,22,27,60,62,76,80,87,95,99,101" machi="15" ten="30,11600,0" yaku="7,1,8,1,52,1,54,1" doraHai="4" who="2" fromWho="1" sc="199,0,204,-116,109,116,488,0" /><INIT seed="6,1,0,1,2,25" ten="199,88,225,488" oya="2" hai0="113,67,66,31,68,24,106,55,56,93,18,125,39" hai1="73,88,62,83,60,69,2,34,47,70,99,30,115" hai2="74,102,8,94,81,0,6,52,37,114,134,72,13" hai3="110,14,59,17,95,41,38,33,133,130,107,19,127"/><V111/><F114/><W12/><G107/><T4/><D106/><U32/><E115/><V118/><F118/><W57/><G33/><T80/><D39/><U77/><E2/><V26/><F37/><W79/><G110/><T54/><D113/><U91/><E34/><V50/><F111/><W45/><G79/><T40/><D125/><U132/><E132/><V51/><F134/><W92/><G133/><T71/><D4/><U7/><E7/><V128/><F128/><W9/><G127/><T42/><D80/><U48/><E69/><V117/><F117/><W65/><G130/><T89/><D18/><U11/><E11/><V104/><F104/><W63/><G59/><T64/><D71/><U96/><E70/><V20/><F0/><W97/><G97/><T10/><D10/><AGARI ba="1,0" hai="9,10,12,14,17,19,38,41,45,57,63,65,92,95" machi="10" ten="30,2000,0" yaku="7,1,9,1" doraHai="25" who="3" fromWho="0" sc="199,-23,88,0,225,0,488,23" /><INIT seed="7,0,0,3,4,28" ten="176,88,225,511" oya="3" hai0="106,131,5,82,60,124,115,98,96,125,48,33,90" hai1="101,69,85,87,134,104,67,19,63,4,133,62,121" hai2="102,61,54,49,23,8,30,78,127,91,44,20,41" hai3="52,89,13,18,16,117,35,94,12,9,76,95,24"/><W132/><G117/><T118/><D118/><U14/><E121/><V126/><F102/><W97/><G132/><T116/><D116/><U42/><E4/><V64/><F78/><W83/><G95/><T120/><D120/><U15/><E42/><V1/><F30/><W2/><G2/><T108/><D108/><U72/><E72/><V74/><F74/><W111/><G111/><T53/><D115/><U122/><E122/><V66/><F1/><W57/><G24/><T103/><D131/><U37/><E37/><V59/><F8/><W77/><G35/><T71/><D5/><U107/><E101/><V81/><F91/><W45/><G45/><T31/><D96/><U112/><E112/><V123/><F81/><W86/><G97/><T100/><D100/><U135/><E19/><V68/><F123/><W119/><G83/><T26/><D90/><U110/><E110/><V128/><F128/><W0/><G0/><T7/><D7/><U50/><E50/><V92/><F92/><W109/><G109/><T32/><D82/><U22/><E22/><V105/><F105/><N who="1" m="40521" /><E67/><N who="2" m="41071" /><F20/><N who="3" m="11271" /><G119/><T56/><D33/><U73/><E69/><V17/><F17/><W11/><G11/><T40/><D40/><U93/><E93/><V47/><F23/><W79/><G79/><T39/><D39/><U129/><E73/><V84/><F84/><N who="1" m="32329" /><E129/><V58/><F47/><W75/><G75/><T43/><D43/><U113/><E113/><V21/><F21/><W99/><G99/><T38/><D38/><U70/><E70/><V130/><F130/><W6/><G6/><T10/><D10/><RYUUKYOKU ba="0,0" sc="176,10,88,10,225,-30,511,10" hai0="26,31,32,48,53,56,60,71,98,103,106,124,125" hai1="14,15,62,63,133,134,135" hai3="9,13,18,52,57,76,77,86,89,94" owari="186,-21.0,98,-40.0,195,0.0,521,61.0" /></mjloggm>