<mjloggm ver="2.3"><GO type="97" lobby="0"/><UN n0="%E3%81%AD%E3%81%93%E3%81%BE%E3%81%9F%E3%81%8E" n1="%64%6F%6E%6E%69" n2="%E3%81%BB%E3%81%9D%E3%82%8F%E3%81%9F" n3="%E5%B0%B1%E6%B4%BB%E7%94%9F%40%E5%B7%9D%E6%9D%91%E8%BB%8D%E5%9B%A3" dan="14,15,14,13" rate="1886.64,1971.49,1994.97,1896.96" sx="M,M,M,M"/><TAIKYOKU oya="0"/><INIT seed="0,0,0,4,2,52" ten="250,250,250,250" oya="0" hai0="76,50,73,55,9,18,30,83,131,134,2,28,35" hai1="11,25,99,116,130,53,98,17,19,128,38,84,91" hai2="120,129,64,46,33,100,80,70,94,20,24,112,102" hai3="68,74,109,27,97,26,57,14,34,37,103,81,59"/><T105/><D134/><U61/><E116/><V101/><F120/><W60/><G37/><T132/><D131/><N who="1" m="50219" /><E38/><V1/><F129/><W23/><G109/><T118/><D132/><U8/><E25/><V104/><F1/><W124/><G124/><T32/><D118/><U88/><E61/><V121/><F121/><W54/><G68/><T108/><D108/><U93/><E53/><V96/><F80/><W78/><G34/><T89/><D105/><U114/><E114/><V5/><F5/><W3/><G3/><T87/><D35/><U69/><E69/><V95/><F33/><W4/><G59/><T117/><D32/><U85/><E11/><V16/><F112/><W49/><G60/><T125/><D125/><U41/><E41/><V107/><F70/><W31/><G26/><T71/><D71/><U39/><E39/><V92/><F64/><W123/><G123/><T77/><D117/><U111/><E111/><V45/><REACH who="2" step="1"/><F96/><REACH who="2" ten="250,250,240,250" step="2"/><W135/><G135/><T15/><D2/><U12/><E12/><V86/><BYE who="1" /><F86/><UN n1="%64%6F%6E%6E%69" /><W6/><REACH who="3" step="1"/><G14/><REACH who="3" ten="250,250,240,240" step="2"/><T10/><D10/><U21/><E8/><V110/><F110/><W90/><G90/><T43/><D43/><U29/><E91/><V113/><F113/><W36/><G36/><T42/><D42/><U51/><E88/><V79/><F79/><N who="0" m="30282" /><D73/><U115/><E115/><V82/><F82/><W133/><G133/><T126/><D126/><U122/><E122/><V56/><F56/><AGARI ba="0,2" hai="9,15,18,28,30,50,55,56,83,87,89" m="30282" machi="56" ten="30,2900,0" yaku="8,1,52,1" doraHai="52" who="0" fromWho="2" sc="250,49,250,0,240,-29,240,0" /><INIT seed="0,1,0,3,3,9" ten="299,250,211,240" oya="0" hai0="54,8,123,126,50,7,134,102,12,115,117,60,110" hai1="59,82,65,74,11,128,87,67,91,31,51,1,125" hai2="105,104,16,94,18,78,96,111,106,100,72,113,14" hai3="42,132,56,66,76,130,108,89,34,21,25,39,28"/><T57/><D123/><U6/><E125/><V43/><F113/><W97/><G108/><T75/><D115/><U95/><E128/><V26/><F111/><W98/><G132/><T86/><D110/><U19/><E31/><V24/><F43/><W20/><G130/><T69/><D75/><U63/><E19/><V103/><F103/><W64/><G76/><T114/><D114/><U124/><E124/><V62/><F62/><W122/><G122/><T80/><D117/><U3/><E3/><V41/><F41/><W53/><G42/><T29/><D126/><U127/><E127/><V68/><F68/><W133/><G39/><T81/><D134/><U10/><E10/><V116/><F116/><W13/><G133/><T4/><D29/><U5/><E5/><V52/><F18/><N who="3" m="10319" /><G34/><T47/><D102/><U119/><E119/><V109/><F109/><W61/><G89/><T88/><D69/><U93/><E65/><AGARI ba="1,0" hai="21,25,28,53,56,61,64,65,66,97,98" m="10319" machi="65" ten="30,2000,0" yaku="8,1,52,1" doraHai="9" who="3" fromWho="1" sc="299,0,250,-23,211,0,240,23" /><INIT seed="1,0,0,3,5,85" ten="299,227,211,263" oya="1" hai0="69,8,30,112,46,2,60,123,70,1,116,128,84" hai1="82,36,5,114,41,33,4,87,124,95,93,101,73" hai2="59,100,132,135,99,16,96,68,120,86,39,55,133" hai3="83,50,80,34,54,29,61,104,47,3,121,11,24"/><U0/><E33/><V79/><F68/><W91/><G104/><T63/><D116/><U14/><E114/><V97/><F39/><W45/><G121/><T76/><D112/><U44/><E124/><V57/><F120/><W130/><G130/><T58/><D123/><U21/><E73/><V6/><F6/><W65/><G45/><T110/><D128/><U31/><E0/><V64/><F64/><W25/><G25/><T27/><D110/><U103/><E95/><V62/><F59/><W40/><G40/><T56/><D46/><U38/><E38/><V78/><F100/><W74/><G74/><T92/><D70/><U67/><E67/><V37/><F37/><W20/><G34/><T94/><D69/><U7/><E93/><V119/><F119/><W72/><G72/><T53/><D8/><U49/><E36/><V17/><REACH who="2" step="1"/><F86/><REACH who="2" ten="299,227,201,263" step="2"/><W129/><G129/><T23/><D2/><U26/><REACH who="1" step="1"/><E14/><REACH who="1" ten="299,217,201,263" step="2"/><V15/><F15/><W32/><G3/><T51/><D1/><U13/><E13/><V134/><N who="2" m="34304" /><DORA hai="126" /><V18/><AGARI ba="0,2" hai="16,17,18,55,57,62,78,79,96,97,99" m="34304" machi="18" ten="70,12000,2" yaku="1,1,4,1,0,1,29,2,20,1,54,1,53,0" doraHai="85,126" doraHaiUra="122,125" who="2" fromWho="2" sc="299,-30,217,-60,201,140,263,-30" /><INIT seed="2,0,0,5,2,51" ten="269,157,341,233" oya="2" hai0="3,89,47,64,75,22,34,69,122,36,79,115,32" hai1="55,127,31,62,46,117,7,73,30,58,78,59,24" hai2="39,83,20,54,43,128,16,99,77,38,56,17,74" hai3="97,60,118,9,23,0,112,44,135,86,85,13,88"/><V100/><F128/><W124/><G118/><T45/><D122/><U104/><E104/><V125/><F125/><W109/><G0/><T126/><D126/><U27/><E127/><V29/><F29/><W67/><G124/><T57/><D115/><U18/><E117/><V33/><F33/><W37/><G135/><T65/><D89/><U108/><E7/><V105/><F43/><W114/><G109/><T5/><D22/><U8/><E108/><V95/><F105/><W71/><G23/><T68/><D57/><U116/><E116/><V61/><F17/><W120/><G120/><T66/><D47/><U93/><E46/><V70/><F70/><W12/><G97/><T48/><D36/><U1/><E93/><V94/><F94/><W41/><G86/><T102/><D102/><U130/><E130/><V50/><F50/><W42/><G42/><T106/><D106/><U98/><E98/><V25/><AGARI ba="0,0" hai="16,20,25,38,39,54,56,61,74,77,83,95,99,100" machi="25" ten="20,7800,0" yaku="0,1,7,1,52,1,54,1" doraHai="51" who="2" fromWho="2" sc="269,-26,157,-26,341,78,233,-26" /><INIT seed="2,1,0,4,4,17" ten="243,131,419,207" oya="2" hai0="130,90,43,72,3,122,40,93,24,99,113,126,86" hai1="10,134,35,123,70,115,20,60,111,92,83,15,21" hai2="6,46,77,64,112,128,110,132,119,31,84,85,105" hai3="53,38,13,39,9,32,25,101,107,103,52,73,116"/><V95/><F64/><W78/><G116/><T100/><D3/><U135/><E35/><V33/><F6/><W106/><G32/><T61/><D122/><U47/><E115/><V65/><F46/><W108/><G108/><T81/><D113/><U4/><E111/><V97/><F65/><W54/><G73/><T109/><D109/><U120/><E83/><V45/><F45/><W36/><G78/><T49/><D130/><U129/><E47/><V50/><F50/><W57/><G25/><T7/><D7/><U67/><E92/><V75/><F31/><W37/><G57/><T133/><D49/><U12/><E129/><V74/><F33/><W102/><N who="3" m="9728" /><DORA hai="89" /><W114/><REACH who="3" step="1"/><G114/><REACH who="3" ten="243,131,419,197" step="2"/><T125/><D72/><U62/><E62/><V66/><F74/><W68/><G68/><T121/><D121/><N who="1" m="46667" /><E15/><V18/><F75/><W127/><G127/><N who="0" m="48651" /><D133/><AGARI ba="1,1" hai="4,10,12,20,21,60,67,70,133,134,135" m="46667" machi="133" ten="30,7700,0" yaku="20,1,13,1,52,2" doraHai="17,89" who="1" fromWho="0" sc="243,-80,131,90,419,0,197,0" /><INIT seed="3,0,0,2,1,92" ten="163,221,419,197" oya="3" hai0="1,131,113,120,33,63,74,96,87,40,81,104,58" hai1="4,61,23,130,126,122,56,20,50,78,80,108,3" hai2="84,76,13,71,69,109,125,10,121,37,7,47,132" hai3="101,134,19,57,68,93,77,111,8,106,32,64,75"/><W2/><G68/><T98/><D120/><U49/><E126/><V65/><F109/><W91/><G106/><T124/><D1/><U86/><E108/><V25/><F125/><W62/><G32/><T53/><D124/><U15/><E130/><V99/><F132/><W35/><G35/><T128/><D33/><U60/><E3/><V42/><F65/><W118/><G111/><T89/><D113/><U83/><E83/><V114/><F114/><W17/><G118/><T73/><D40/><U43/><E61/><V95/><F25/><W48/><G134/><T36/><D36/><U90/><E90/><V110/><F110/><W44/><G101/><T5/><D5/><U115/><E115/><V6/><F6/><W12/><G2/><T66/><D66/><N who="1" m="39175" /><E122/><V16/><F7/><W52/><G77/><T14/><D14/><U127/><E50/><V133/><F133/><W9/><G75/><T26/><D26/><U135/><E127/><V103/><F121/><W88/><G93/><T11/><D11/><N who="1" m="4583" /><E135/><V39/><F39/><W72/><G72/><N who="0" m="27755" /><D53/><U22/><E49/><V46/><F46/><W51/><G51/><T29/><D29/><U70/><E70/><V67/><F67/><W27/><G8/><T119/><D58/><U45/><E45/><V105/><F105/><W94/><G94/><N who="0" m="56399" /><D63/><U55/><E55/><V82/><AGARI ba="0,0" hai="10,13,16,37,42,47,69,71,76,82,84,95,99,103" machi="82" ten="30,4000,0" yaku="0,1,52,1,54,1" doraHai="92" who="2" fromWho="2" sc="163,-10,221,-10,419,40,197,-20" owari="153,-35.0,211,1.0,459,56.0,177,-22.0" /></mjloggm>