<mjloggm ver="2.3"><GO type="169" lobby="0"/><UN n0="%E3%82%AB%E3%83%9D%E3%83%8D%E5%9B%A3%E3%81%AE%E5%85%84%E8%B2%B4" n1="%33%33%62%6C%61%63%6B" n2="%E5%B8%B8%E5%A4%8F%E3%83%91%E3%82%A4%E5%8A%A9" n3="%E3%82%A6%E3%83%AB%E3%83%88%E3%83%A9%E7%AB%8B%E7%9B%B4" dan="17,16,16,16" rate="2144.28,2032.64,2075.27,2121.46" sx="M,M,F,M"/><TAIKYOKU oya="0"/><INIT seed="0,0,0,1,5,68" ten="250,250,250,250" oya="0" hai0="30,24,120,56,67,111,17,80,76,29,105,95,61" hai1="20,133,34,135,90,11,40,87,53,85,106,108,16" hai2="69,44,18,72,115,12,104,70,35,74,26,119,101" hai3="36,42,124,93,83,110,113,55,112,14,3,75,117"/><T31/><D105/><U73/><E108/><V62/><F115/><W25/><G93/><T118/><D120/><U114/><E114/><V107/><F119/><W37/><G14/><T128/><D118/><U51/><E73/><V5/><F5/><W78/><G117/><T8/><D128/><U91/><E106/><V7/><F107/><W129/><G55/><T77/><D111/><U92/><E34/><V1/><F70/><W130/><G110/><T49/><D49/><U82/><E40/><V100/><F100/><W41/><G3/><T46/><D46/><U21/><E11/><V45/><F45/><W9/><G9/><T99/><D80/><U48/><E21/><N who="2" m="11463" /><F44/><N who="3" m="23591" /><G25/><T43/><D43/><U54/><E48/><V131/><F131/><N who="3" m="50187" /><G124/><T121/><D121/><U116/><E116/><V28/><F62/><W57/><G57/><T13/><REACH who="0" step="1"/><D24/><REACH who="0" ten="240,250,250,250" step="2"/><N who="1" m="14343" /><E51/><V0/><F104/><W88/><G42/><T6/><D6/><U58/><E82/><V109/><F7/><W22/><G113/><T97/><D97/><U52/><E58/><V94/><F109/><W39/><G112/><T125/><D125/><U33/><E135/><V126/><F69/><W79/><G39/><T4/><D4/><U132/><E132/><V19/><F126/><W10/><G37/><T38/><D38/><U50/><E133/><V47/><F1/><W127/><G127/><T64/><D64/><U103/><E50/><V27/><F0/><W81/><G81/><T71/><D71/><U32/><E103/><AGARI ba="0,1" hai="8,13,17,29,30,31,56,61,67,76,77,95,99,103" machi="103" ten="40,3900,0" yaku="1,1,8,1,53,0" doraHai="68" doraHaiUra="102" who="0" fromWho="1" sc="240,49,250,-39,250,0,250,0" /><INIT seed="0,1,0,1,4,39" ten="289,211,250,250" oya="0" hai0="44,97,40,51,119,68,56,129,6,91,61,28,103" hai1="9,4,116,38,127,47,58,21,120,94,71,76,115" hai2="48,92,133,66,81,1,109,74,49,7,104,27,101" hai3="10,35,33,5,53,54,130,22,88,46,98,85,37"/><T96/><D119/><U13/><E116/><V70/><F104/><W99/><G130/><T50/><D129/><U93/><E71/><V32/><F133/><W75/><G75/><T122/><D122/><U65/><E120/><V41/><F109/><W108/><G108/><T100/><D6/><U59/><E127/><V36/><F101/><N who="0" m="38986" /><D68/><U78/><E115/><V114/><F92/><W128/><G33/><T131/><D28/><U79/><E21/><V132/><F114/><W106/><G35/><T8/><D8/><U126/><E126/><V3/><F3/><W86/><G22/><T20/><D20/><U30/><E30/><V90/><F27/><W83/><G106/><T26/><D26/><U57/><REACH who="1" step="1"/><E65/><REACH who="1" ten="289,201,250,250" step="2"/><V19/><F66/><W16/><G128/><T89/><D131/><U55/><E55/><V105/><F70/><W102/><G54/><N who="0" m="31831" /><D61/><U82/><E82/><V25/><F81/><W14/><G83/><T29/><D29/><U124/><E124/><V24/><F32/><W2/><G53/><T42/><D91/><U0/><E0/><V17/><F1/><W64/><G88/><T113/><D89/><U63/><E63/><V15/><F90/><W73/><G2/><T121/><D121/><U107/><E107/><V31/><F105/><W72/><G102/><T45/><D113/><U84/><E84/><V117/><F31/><W43/><G85/><T80/><D80/><U125/><E125/><V52/><F117/><W69/><G86/><T123/><D123/><U111/><E111/><V77/><F52/><W134/><G69/><T62/><D62/><RYUUKYOKU ba="1,1" sc="289,15,201,15,250,-15,250,-15" hai0="40,42,44,45,51,96,97" hai1="4,9,13,38,47,57,58,59,76,78,79,93,94" /><INIT seed="0,2,1,5,1,67" ten="304,216,235,235" oya="0" hai0="122,107,55,105,119,11,106,16,108,97,69,18,111" hai1="39,133,29,31,64,43,20,92,58,135,74,22,26" hai2="95,128,66,98,60,91,114,101,109,53,124,24,44" hai3="93,13,70,50,118,1,68,88,5,104,25,72,117"/><T54/><D119/><U45/><E74/><V90/><F114/><W41/><G104/><T89/><D69/><U15/><E92/><V84/><F128/><W76/><G1/><T47/><D122/><U0/><E0/><V85/><F124/><W82/><G117/><T87/><D97/><U36/><E36/><V4/><F109/><N who="0" m="42058" /><D47/><U3/><E3/><V126/><F126/><W79/><G79/><T12/><D18/><N who="1" m="10335" /><E58/><V83/><F4/><W73/><G73/><T125/><D125/><U94/><E94/><AGARI ba="2,1" hai="11,12,16,54,55,87,89,94,105,106,107" m="42058" machi="94" ten="40,7700,0" yaku="14,1,10,1,54,1" doraHai="67" who="0" fromWho="1" sc="304,93,216,-83,235,0,235,0" /><INIT seed="0,3,0,2,3,77" ten="397,133,235,235" oya="0" hai0="29,102,4,117,25,35,121,133,71,40,0,78,13" hai1="55,93,74,50,38,59,107,5,79,75,104,65,24" hai2="103,68,127,28,125,36,112,88,67,130,101,82,23" hai3="41,1,105,120,100,89,2,124,126,16,53,110,92"/><T64/><D121/><U98/><E38/><V62/><F36/><W122/><G41/><T10/><D40/><U83/><E5/><V80/><F112/><W135/><G53/><T85/><D102/><N who="2" m="38922" /><F130/><W72/><G72/><T56/><D71/><U73/><E24/><N who="2" m="16415" /><F88/><W39/><G100/><T42/><D42/><U51/><E65/><V132/><F132/><W99/><G105/><T134/><D117/><U30/><E30/><V19/><F19/><W27/><G39/><T58/><D64/><U33/><E33/><V8/><F8/><W61/><G110/><T60/><D0/><N who="3" m="105" /><G61/><T48/><D60/><U70/><E70/><V123/><F123/><N who="3" m="47147" /><G135/><N who="0" m="51723" /><D48/><U109/><E109/><V66/><F66/><W20/><AGARI ba="3,0" hai="16,20,27,89,92,99,124,126" m="47147,105" machi="20" ten="40,2700,0" yaku="13,1,54,1" doraHai="77" who="3" fromWho="3" sc="397,-16,133,-10,235,-10,235,36" /><INIT seed="1,0,0,4,3,59" ten="381,123,225,271" oya="1" hai0="98,110,117,93,61,11,6,8,132,122,113,67,51" hai1="75,44,25,71,97,74,88,107,68,43,124,109,24" hai2="79,104,62,46,27,15,78,34,47,48,20,54,106" hai3="108,14,111,7,0,116,114,17,41,118,22,125,96"/><U95/><E124/><V89/><F34/><W3/><G96/><T101/><D113/><U42/><E109/><N who="3" m="42058" /><G41/><T73/><D73/><U18/><E107/><V10/><F106/><W12/><G114/><T131/><D110/><U52/><E42/><V53/><F104/><W94/><G94/><T129/><D117/><N who="3" m="45161" /><G125/><T9/><D51/><U55/><E74/><V105/><F105/><W37/><G37/><T92/><D92/><U70/><E75/><V38/><F38/><W1/><G14/><T77/><D77/><U130/><E130/><V83/><F79/><W134/><G134/><T99/><D132/><U85/><E97/><V16/><F78/><W128/><G128/><T82/><D99/><U135/><E135/><V2/><F15/><W36/><G36/><T35/><D82/><U112/><E112/><V50/><F83/><W80/><G80/><T32/><D131/><U81/><E81/><V23/><F89/><W19/><G19/><T5/><D129/><U123/><E123/><V33/><F16/><W100/><G100/><T65/><D122/><U21/><REACH who="1" step="1"/><E25/><REACH who="1" ten="381,113,225,271" step="2"/><V45/><F27/><W90/><G90/><T87/><D98/><U115/><E115/><V28/><F45/><W126/><G126/><T86/><D101/><U84/><E84/><V29/><F47/><W57/><G57/><T103/><D103/><U40/><E40/><V64/><F46/><W56/><G56/><T76/><D86/><U91/><E91/><V60/><F48/><AGARI ba="0,1" hai="18,21,24,43,44,48,52,55,68,70,71,85,88,95" machi="48" ten="40,12000,1" yaku="1,1,54,2,53,1" doraHai="59" doraHaiUra="13" who="1" fromWho="2" sc="381,0,113,130,225,-120,271,0" /><INIT seed="1,1,0,1,0,5" ten="381,243,105,271" oya="1" hai0="1,36,40,76,65,53,93,95,23,101,16,134,84" hai1="64,102,45,11,35,105,126,42,56,96,122,90,46" hai2="94,75,60,12,4,51,7,61,62,117,37,92,22" hai3="71,78,124,14,133,0,129,120,79,32,86,81,89"/><U113/><E113/><V123/><F117/><W111/><G0/><T58/><D1/><U10/><E122/><V108/><F37/><W66/><G32/><T13/><D134/><U38/><E35/><V87/><F123/><W6/><G120/><T118/><D118/><U91/><E126/><V17/><F75/><W74/><G66/><T73/><D73/><U97/><E45/><V24/><F108/><W100/><G71/><T18/><D65/><U69/><E69/><V48/><F7/><W21/><G79/><T26/><D40/><U103/><E90/><V52/><F51/><W15/><G15/><T88/><D76/><U112/><E91/><N who="2" m="53375" /><F94/><W80/><G124/><T29/><D36/><U106/><REACH who="1" step="1"/><E112/><REACH who="1" ten="381,233,105,271" step="2"/><V39/><F39/><W59/><G89/><T119/><D119/><U9/><E9/><N who="2" m="4135" /><F62/><AGARI ba="1,1" hai="10,11,38,42,46,56,62,64,96,97,102,103,105,106" machi="62" ten="40,12000,1" yaku="1,1,9,1,52,2,53,0" doraHai="5" doraHaiUra="114" who="1" fromWho="2" sc="381,0,233,133,105,-123,271,0" owari="381,48.0,366,17.0,-18,-52.0,271,-13.0" /></mjloggm>