<mjloggm ver="2.3"><GO type="97" lobby="0"/><UN n0="%E5%81%A5%E5%8F%B8" n1="%E3%82%A6%E3%83%AB%E3%83%88%E3%83%A9%E7%AB%8B%E7%9B%B4" n2="%E3%82%A2%E3%83%B3%E3%83%95%E3%82%A7%E3%82%BF%E3%83%9F%E3%83%B3" n3="%E4%BD%90%E5%80%89%E6%9D%8F%E5%AD%90%E3%81%A1%E3%82%83%E3%82%93" dan="13,14,14,13" rate="1833.69,1936.41,2067.06,2058.27" sx="F,M,M,F"/><TAIKYOKU oya="0"/><INIT seed="0,0,0,0,4,20" ten="250,250,250,250" oya="0" hai0="15,18,60,131,125,106,61,113,116,59,103,73,32" hai1="14,94,112,41,132,38,62,35,77,46,74,81,115" hai2="135,104,27,80,114,51,7,99,45,1,0,134,5" hai3="124,86,64,16,10,2,56,128,26,40,47,98,121"/><T82/><D116/><U17/><E35/><V111/><F114/><N who="1" m="43561" /><E132/><N who="2" m="50731" /><F111/><W66/><G124/><T90/><D113/><U101/><E62/><V50/><F80/><W109/><G109/><T71/><D125/><U96/><E14/><V58/><F58/><W39/><G128/><T93/><D131/><U89/><E17/><V29/><F99/><W119/><G119/><T97/><D32/><U95/><E95/><V129/><F104/><W122/><G98/><T120/><D120/><N who="3" m="46185" /><G86/><T4/><D4/><N who="2" m="1610" /><F129/><W31/><G2/><N who="2" m="1129" /><F45/><W79/><G79/><T69/><D69/><U22/><E101/><V19/><F19/><W9/><G56/><T36/><D36/><U30/><E96/><V49/><F29/><W24/><G31/><T65/><D73/><U70/><E70/><V43/><F43/><W53/><G53/><T25/><D25/><AGARI ba="0,0" hai="25,27,49,50,51" m="1129,1610,50731" machi="25" ten="40,8000,1" yaku="28,2,20,1,52,2" doraHai="20" who="2" fromWho="0" sc="250,-80,250,0,250,80,250,0" /><INIT seed="1,0,0,5,0,33" ten="170,250,330,250" oya="1" hai0="53,135,57,58,27,67,42,99,129,124,98,94,73" hai1="114,92,110,93,46,12,51,65,74,95,68,20,64" hai2="105,4,126,134,22,17,38,115,85,80,59,10,77" hai3="36,133,117,78,81,31,9,21,79,3,15,104,121"/><U62/><E74/><V119/><F105/><W97/><G121/><T113/><D73/><U91/><E114/><V69/><F119/><W66/><G36/><T63/><D113/><U44/><E110/><V25/><F115/><W118/><G133/><T56/><D124/><U6/><E64/><V102/><F38/><W112/><G112/><T14/><D129/><U61/><E61/><V107/><F69/><W32/><G66/><T125/><D125/><U88/><E46/><V34/><F34/><W41/><G41/><T35/><D135/><U128/><E128/><V45/><F126/><W11/><G32/><T43/><D35/><U40/><REACH who="1" step="1"/><E6/><REACH who="1" ten="170,240,330,250" step="2"/><V60/><F45/><W87/><G118/><T130/><D130/><U72/><E72/><V83/><F134/><W7/><G117/><T29/><D58/><U47/><E47/><V71/><F59/><W120/><G120/><T108/><D108/><U76/><E76/><V37/><F60/><W24/><G79/><T26/><D26/><U100/><E100/><V19/><F102/><W50/><G50/><T123/><D123/><U96/><E96/><V28/><F37/><W13/><G97/><T75/><D75/><U1/><E1/><N who="2" m="271" /><F71/><W55/><G55/><T122/><D122/><U30/><E30/><V49/><F49/><W90/><G78/><T18/><D99/><U127/><E127/><V109/><F109/><W82/><G7/><T39/><D39/><U8/><E8/><V16/><F107/><W86/><G11/><N who="0" m="6495" /><D53/><U5/><E5/><V132/><F132/><W89/><G104/><T2/><D2/><RYUUKYOKU ba="0,1" sc="170,-30,240,10,330,10,250,10" hai1="12,20,40,44,51,62,65,68,88,91,92,93,95" hai2="16,17,19,22,25,28,77,80,83,85" hai3="3,9,13,15,21,24,31,81,82,86,87,89,90" /><INIT seed="1,1,1,2,1,66" ten="140,250,340,260" oya="1" hai0="134,103,68,97,94,79,90,133,107,112,32,57,128" hai1="86,48,0,92,109,64,55,93,88,59,54,100,116" hai2="16,4,75,34,78,105,117,39,62,60,118,122,83" hai3="29,111,130,69,58,98,53,25,36,84,124,52,2"/><U14/><E0/><V10/><F105/><W45/><G2/><T20/><D32/><U71/><E116/><V31/><F122/><W26/><G111/><T28/><D112/><U38/><E38/><V95/><F39/><W37/><G124/><T44/><D44/><N who="1" m="27911" /><E71/><V129/><F95/><W72/><G72/><T42/><D42/><U43/><E109/><V24/><F129/><W113/><G113/><T108/><D108/><U18/><E43/><V40/><F40/><W30/><G69/><T67/><D57/><U82/><E64/><V91/><F91/><W12/><G130/><T115/><D115/><U106/><E106/><V22/><F62/><W50/><G98/><N who="0" m="61943" /><D79/><U104/><E104/><V61/><F60/><W77/><G12/><T125/><D125/><U99/><E82/><V127/><F61/><N who="3" m="36039" /><G37/><T120/><D120/><U46/><E46/><V74/><F127/><W51/><G36/><T49/><D49/><N who="1" m="31215" /><E14/><N who="2" m="9495" /><F34/><W89/><G51/><T121/><D121/><U6/><E18/><V85/><F117/><W80/><G77/><T7/><D128/><U17/><E17/><V15/><F118/><W11/><G11/><T123/><D123/><U81/><E81/><V96/><F75/><W56/><G45/><T87/><D7/><AGARI ba="1,1" hai="6,7,86,88,92,93,99,100" m="31215,27911" machi="7" ten="30,2900,0" yaku="8,1,54,1" doraHai="66" who="1" fromWho="0" sc="140,-32,250,42,340,0,260,0" /><INIT seed="1,2,0,3,3,121" ten="108,292,340,260" oya="1" hai0="58,3,128,130,83,42,14,124,76,101,106,135,86" hai1="51,60,68,62,70,38,95,75,57,109,0,99,41" hai2="35,7,89,27,53,81,20,102,73,55,9,94,118" hai3="10,97,18,66,21,129,77,12,48,37,56,15,104"/><U126/><E75/><V8/><F35/><W25/><G37/><T88/><D3/><U85/><E0/><V23/><F118/><W131/><G77/><T49/><D14/><U32/><E85/><N who="2" m="50351" /><F73/><W80/><G80/><T113/><D58/><U98/><E32/><V30/><F20/><W134/><G134/><T61/><D61/><N who="1" m="23659" /><E95/><V46/><F7/><W54/><G66/><T65/><D65/><U39/><E99/><N who="2" m="59767" /><F53/><W100/><REACH who="3" step="1"/><G15/><REACH who="3" ten="108,292,340,250" step="2"/><T91/><D49/><AGARI ba="2,1" hai="8,9,23,27,30,46,49,55" m="59767,50351" machi="49" ten="30,1000,0" yaku="8,1" doraHai="121" who="2" fromWho="0" sc="108,-16,292,0,340,26,250,0" /><INIT seed="2,0,0,3,4,99" ten="92,292,366,250" oya="2" hai0="34,48,128,98,56,121,2,4,66,82,44,21,105" hai1="86,49,55,126,3,106,32,95,52,96,36,77,1" hai2="51,63,92,111,108,134,94,30,124,13,47,5,125" hai3="31,8,54,45,50,43,38,19,70,58,78,123,83"/><V104/><F104/><W68/><G123/><T122/><D121/><U103/><E36/><V27/><F63/><W37/><G37/><T18/><D122/><U46/><E32/><N who="2" m="20575" /><F13/><W110/><G110/><N who="2" m="42025" /><F5/><W9/><G31/><T29/><D128/><U75/><E126/><N who="2" m="48747" /><F134/><W74/><REACH who="3" step="1"/><G19/><REACH who="3" ten="92,292,366,240" step="2"/><T14/><D105/><U26/><E26/><V16/><F16/><W117/><G117/><T118/><D118/><U100/><E1/><V35/><F35/><W42/><G42/><AGARI ba="0,1" hai="42,47,51,92,94" m="48747,42025,20575" machi="42" ten="30,5800,0" yaku="14,1,10,1,18,1" doraHai="99" who="2" fromWho="3" sc="92,0,292,0,366,68,240,-58" /><INIT seed="2,1,0,3,0,94" ten="92,292,434,182" oya="2" hai0="134,121,25,49,56,41,60,85,118,63,120,91,111" hai1="51,115,113,72,12,64,9,26,128,129,24,15,27" hai2="75,2,19,32,71,90,38,44,13,34,69,6,42" hai3="36,33,46,130,114,57,112,105,102,99,5,10,1"/><V84/><F75/><W110/><G110/><T45/><D111/><U83/><E51/><V95/><F2/><W92/><G130/><N who="1" m="50282" /><E64/><V31/><F6/><W76/><G76/><T59/><D25/><N who="1" m="9835" /><E72/><V20/><F31/><W106/><G57/><T39/><D91/><U87/><E87/><V78/><F78/><W86/><G33/><T67/><D85/><U35/><E83/><V133/><F34/><W108/><G108/><T101/><D101/><U29/><E15/><V81/><F32/><W89/><REACH who="3" step="1"/><G106/><REACH who="3" ten="92,292,434,172" step="2"/><T103/><D103/><U17/><AGARI ba="1,1" hai="9,12,17,27,29,35,113,115" m="9835,50282" machi="17" ten="30,4000,0" yaku="19,1,34,2" doraHai="94" who="1" fromWho="1" sc="92,-11,292,53,434,-21,172,-11" /><INIT seed="3,0,0,5,3,110" ten="81,345,413,161" oya="3" hai0="68,116,62,54,60,43,118,20,131,81,133,101,91" hai1="28,66,98,5,108,46,59,55,103,114,117,83,17" hai2="122,132,40,94,70,8,64,80,124,99,13,88,30" hai3="135,67,11,104,50,23,79,1,51,18,2,74,34"/><W57/><G34/><T111/><D111/><U35/><E108/><V119/><F119/><W72/><G104/><T84/><D131/><U42/><E117/><V48/><F122/><W92/><G135/><T14/><D133/><U10/><E66/><V71/><F132/><W76/><G74/><T3/><D3/><U53/><E28/><V25/><F64/><W127/><G127/><T32/><D32/><U39/><E35/><V125/><F80/><W73/><G73/><T15/><D68/><U27/><E83/><V120/><F120/><W87/><G72/><T97/><D43/><U41/><E41/><V82/><F82/><W112/><G112/><T47/><D118/><U7/><E7/><N who="2" m="3231" /><F40/><W56/><G1/><T121/><D121/><U106/><E27/><V130/><F48/><N who="3" m="18475" /><G2/><T126/><D126/><N who="2" m="48746" /><F130/><W16/><G11/><T100/><D116/><U115/><E17/><N who="3" m="6762" /><G23/><AGARI ba="0,0" hai="23,25,30,70,71,88,94,99" m="48746,3231" machi="23" ten="30,2000,0" yaku="18,1,54,1" doraHai="110" who="2" fromWho="3" sc="81,0,345,0,413,20,161,-20" owari="81,-42.0,345,15.0,433,53.0,141,-26.0" /></mjloggm>