<mjloggm ver="2.3"><GO type="169" lobby="0"/><UN n0="%E3%82%BF%E3%82%B1%E3%82%AA%E3%81%97%E3%82%83%E3%82%93" n1="%E3%82%A6%E3%83%AB%E3%83%88%E3%83%A9%E7%AB%8B%E7%9B%B4" n2="%E3%82%BF%E3%83%8A%E3%82%AE" n3="%4C%44" dan="18,17,18,16" rate="2255.83,2145.62,2221.65,2110.40" sx="M,M,M,M"/><TAIKYOKU oya="0"/><INIT seed="0,0,0,4,0,58" ten="250,250,250,250" oya="0" hai0="37,50,76,32,10,56,21,130,103,72,20,22,33" hai1="55,81,29,15,109,113,104,54,8,30,73,101,52" hai2="98,57,128,129,85,84,107,100,25,110,74,66,115" hai3="38,1,34,16,88,83,97,11,39,102,64,90,43"/><T48/><D37/><U80/><E109/><V91/><F115/><W27/><G39/><T36/><D36/><U61/><E113/><V75/><F25/><W17/><G64/><T131/><D103/><U119/><E119/><V120/><F120/><W9/><G38/><T96/><D96/><U77/><E101/><V24/><F24/><W125/><G43/><T121/><D10/><U117/><E104/><V133/><F66/><W82/><G27/><T3/><D3/><U7/><E117/><V105/><F57/><W92/><G1/><T94/><D94/><U31/><REACH who="1" step="1"/><E80/><REACH who="1" ten="250,240,250,250" step="2"/><N who="2" m="49543" /><F110/><W87/><G82/><T65/><D121/><U108/><E108/><V4/><F107/><W111/><G111/><T23/><D33/><U14/><E14/><V127/><F105/><W99/><G34/><T12/><D32/><U47/><E47/><V51/><F100/><W26/><G102/><T123/><D123/><U106/><E106/><V134/><F128/><W60/><G83/><T46/><D130/><U118/><E118/><V40/><F129/><W0/><G0/><T19/><D131/><U5/><E5/><V116/><F4/><W112/><G112/><T28/><D28/><U49/><E49/><V126/><F116/><W78/><G26/><T70/><D46/><U62/><AGARI ba="0,1" hai="7,8,15,29,30,31,52,54,55,61,62,73,77,81" machi="62" ten="40,8000,1" yaku="1,1,0,1,52,2,54,1,53,0" doraHai="58" doraHaiUra="114" who="1" fromWho="1" sc="250,-40,240,90,250,-20,250,-20" /><INIT seed="1,0,0,2,3,53" ten="210,330,230,230" oya="1" hai0="111,39,26,78,91,63,84,82,7,118,125,18,5" hai1="124,88,3,74,48,110,12,96,57,13,60,94,122" hai2="103,133,8,17,107,93,6,117,20,19,85,34,98" hai3="40,114,75,127,2,126,130,76,123,10,113,121,62"/><U46/><E3/><V65/><F34/><W59/><G76/><T106/><D39/><U54/><E74/><V28/><F117/><W131/><G40/><T87/><D106/><U104/><E122/><N who="3" m="46602" /><G75/><T68/><D118/><U23/><E104/><V29/><F133/><W14/><G2/><T132/><D111/><U66/><E110/><V92/><F107/><W1/><G1/><T51/><D125/><N who="3" m="47625" /><G14/><T56/><D68/><U73/><E73/><V71/><F71/><W105/><G10/><T108/><D51/><U79/><E124/><V120/><F120/><W45/><G45/><T58/><D63/><U135/><E135/><V77/><F8/><W38/><G38/><T52/><D52/><N who="1" m="29719" /><E79/><V70/><F77/><W115/><G105/><T43/><D43/><U83/><E83/><V47/><F47/><W31/><G31/><T67/><D67/><AGARI ba="0,0" hai="59,62,67,113,114,115,130,131" m="47625,46602" machi="67" ten="40,8000,1" yaku="18,1,34,2,52,1" doraHai="53" who="3" fromWho="0" sc="210,-80,330,0,230,0,230,80" /><INIT seed="2,0,0,0,2,21" ten="130,330,230,310" oya="2" hai0="128,50,76,107,102,40,117,62,88,118,15,100,73" hai1="78,90,133,111,103,81,64,5,122,91,23,20,125" hai2="57,131,16,30,34,24,7,92,10,42,124,98,110" hai3="17,9,0,19,129,80,8,69,31,97,109,63,95"/><V41/><F124/><W101/><G109/><T72/><D128/><U116/><E111/><V61/><F110/><W27/><G129/><T104/><D62/><U134/><E103/><N who="0" m="39465" /><D15/><U4/><E64/><V37/><F37/><W123/><G123/><T43/><D50/><U105/><E105/><N who="0" m="40521" /><D76/><U11/><E4/><V132/><F131/><W82/><G63/><T35/><D35/><U112/><E122/><V6/><F6/><W130/><G130/><T56/><D56/><U48/><E48/><V39/><F39/><W32/><G69/><T46/><D46/><U38/><E38/><V59/><F59/><W44/><G44/><T28/><D28/><U87/><E20/><V65/><F16/><W51/><G51/><T66/><D66/><U79/><E23/><V60/><F61/><W86/><G19/><T2/><D2/><U12/><E79/><V121/><F121/><W33/><G0/><T135/><D135/><U75/><E5/><V126/><F132/><W25/><G17/><T13/><D13/><U67/><E12/><V58/><F57/><W114/><G32/><T115/><D115/><U26/><E67/><V99/><F7/><W14/><G114/><T85/><D43/><U108/><E112/><V93/><F42/><W113/><G113/><T94/><D40/><U45/><E134/><V54/><F41/><W22/><G14/><T18/><D18/><U83/><E133/><V84/><F65/><W36/><G36/><T70/><D70/><U68/><E45/><V71/><F71/><W120/><G120/><T52/><D52/><U55/><E68/><RYUUKYOKU ba="0,0" sc="130,30,330,-10,230,-10,310,-10" hai0="72,73,85,88,94,117,118" /><INIT seed="3,1,0,0,4,120" ten="160,320,220,300" oya="3" hai0="18,125,15,66,79,46,35,91,12,72,45,128,0" hai1="99,23,59,86,38,17,130,65,81,67,33,95,62" hai2="14,111,55,28,85,100,13,119,20,90,4,87,135" hai3="57,48,21,117,114,77,64,40,70,94,24,88,134"/><W68/><G114/><T8/><D0/><U69/><E33/><V102/><F119/><W121/><G121/><T107/><D35/><U58/><E38/><V43/><F43/><W47/><G117/><T36/><D107/><U105/><E105/><V31/><F135/><W50/><G77/><T98/><D66/><U44/><E44/><V61/><F61/><W123/><G134/><T126/><D128/><U109/><E130/><V82/><F55/><W118/><G118/><T11/><D79/><U53/><E59/><V39/><F39/><W75/><G75/><T73/><D36/><U116/><E69/><V5/><F20/><W10/><G10/><T3/><D3/><U104/><E104/><V115/><F90/><W26/><G123/><T127/><D98/><U112/><E112/><V132/><F82/><W22/><G68/><T131/><D91/><N who="1" m="55807" /><E67/><V133/><F115/><W30/><G70/><T6/><REACH who="0" step="1"/><D131/><REACH who="0" ten="150,320,220,300" step="2"/><U25/><E65/><V63/><REACH who="2" step="1"/><F63/><REACH who="2" ten="150,320,210,300" step="2"/><W16/><G64/><T122/><D122/><U19/><E116/><V92/><F92/><W37/><REACH who="3" step="1"/><G57/><REACH who="3" ten="150,320,210,290" step="2"/><T27/><D27/><U34/><E58/><V74/><F74/><AGARI ba="1,3" hai="6,8,11,12,15,18,45,46,72,73,74,125,126,127" machi="74" ten="50,8000,1" yaku="1,1,18,1,53,2" doraHai="120" doraHaiUra="42" who="0" fromWho="2" sc="150,113,320,0,210,-83,290,0" /><INIT seed="4,0,0,0,0,59" ten="263,320,127,290" oya="0" hai0="72,135,117,61,114,95,109,91,134,5,15,60,21" hai1="35,33,19,30,11,67,97,18,37,49,98,128,77" hai2="99,7,62,10,90,132,118,122,111,25,8,86,54" hai3="81,89,76,14,120,16,0,57,53,78,34,73,27"/><T20/><D72/><U119/><E37/><V131/><F122/><W4/><G0/><T116/><D114/><U75/><E77/><V32/><F111/><W70/><G70/><T38/><D38/><U58/><E75/><V22/><F32/><W121/><G78/><T96/><D109/><U87/><E87/><V129/><F132/><N who="0" m="50730" /><D5/><U51/><E11/><V48/><F118/><N who="0" m="45674" /><D20/><U102/><E33/><V125/><F7/><W55/><G4/><T105/><D105/><U46/><E35/><V69/><F22/><W63/><G34/><T115/><D115/><U84/><E19/><AGARI ba="0,0" hai="15,19,21,60,61,91,95,96" m="45674,50730" machi="19" ten="30,5800,0" yaku="20,1,52,2" doraHai="59" who="0" fromWho="1" sc="263,58,320,-58,127,0,290,0" /><INIT seed="4,1,0,4,2,27" ten="321,262,127,290" oya="0" hai0="37,90,116,32,45,85,63,92,25,66,12,31,97" hai1="20,59,96,16,40,38,41,74,33,13,78,117,75" hai2="122,6,24,80,107,2,5,7,8,106,95,29,47" hai3="58,70,65,42,129,132,120,72,15,84,127,11,76"/><T57/><D116/><U39/><E33/><V17/><F122/><W21/><G72/><T0/><D0/><U60/><E117/><V89/><F80/><W9/><G70/><T88/><D12/><U1/><E1/><V126/><F126/><W19/><G127/><T23/><D32/><U104/><E75/><V101/><F47/><W48/><G129/><T121/><D121/><U67/><E78/><V34/><F17/><W123/><G132/><T79/><D37/><U28/><E74/><V62/><F62/><N who="3" m="38103" /><G120/><T53/><D45/><U43/><REACH who="1" step="1"/><E28/><REACH who="1" ten="321,252,127,290" step="2"/><V56/><F2/><W118/><G118/><T14/><D79/><U100/><AGARI ba="1,1" hai="13,16,20,38,39,40,41,43,59,60,67,96,100,104" machi="100" ten="30,12000,2" yaku="1,1,2,1,0,1,54,1,53,2" doraHai="27" doraHaiUra="71" who="1" fromWho="1" sc="321,-61,252,133,127,-31,290,-31" /><INIT seed="5,0,0,4,2,44" ten="260,385,96,259" oya="1" hai0="113,105,42,114,108,115,97,12,102,82,120,62,106" hai1="2,34,118,23,98,131,96,29,51,128,122,50,57" hai2="60,95,31,27,100,101,49,46,119,54,52,134,68" hai3="3,33,26,71,6,36,123,25,24,13,59,91,124"/><U17/><E2/><V132/><F119/><W129/><G71/><T80/><D108/><U90/><E118/><V55/><F68/><W99/><G36/><T8/><D120/><U35/><E57/><V22/><F60/><W65/><G3/><T107/><D62/><U64/><E64/><V37/><F37/><W32/><G123/><T67/><D67/><U127/><E127/><V75/><F75/><W70/><G124/><T116/><D42/><U93/><E98/><V133/><REACH who="2" step="1"/><F95/><REACH who="2" ten="260,385,86,259" step="2"/><W117/><G70/><T89/><D116/><U109/><E122/><V16/><F16/><W40/><G117/><T104/><D89/><U72/><E72/><V103/><AGARI ba="0,1" hai="22,27,31,46,49,52,54,55,100,101,103,132,133,134" machi="103" ten="40,8000,1" yaku="1,1,0,1,20,1,52,1,54,1,53,0" doraHai="44" doraHaiUra="28" who="2" fromWho="2" sc="260,-20,385,-40,86,90,259,-20" /><INIT seed="6,0,0,2,3,56" ten="240,345,176,239" oya="2" hai0="30,129,131,35,9,102,118,126,23,62,115,17,27" hai1="1,38,128,93,101,63,60,130,91,19,114,100,89" hai2="41,13,117,7,78,10,36,25,16,119,70,71,85" hai3="50,33,48,21,109,97,104,76,11,83,26,133,64"/><V55/><F36/><W43/><G33/><T111/><D102/><N who="1" m="39531" /><E1/><V0/><F41/><W112/><G104/><T8/><D111/><U77/><E77/><V54/><F25/><W132/><G97/><T4/><D115/><U12/><E38/><V87/><F71/><W106/><G106/><T32/><D62/><N who="1" m="23595" /><E114/><V99/><F70/><W82/><G112/><T51/><D51/><U40/><E40/><V52/><F99/><W116/><G50/><T135/><D135/><U37/><E37/><V108/><F108/><W107/><G48/><T57/><D57/><U66/><E66/><V29/><F29/><W94/><G76/><T59/><D59/><U124/><E93/><V69/><F69/><W80/><G94/><T84/><D35/><U47/><E47/><V67/><F67/><W2/><G64/><T122/><D32/><U34/><E34/><V73/><F73/><W61/><G2/><T53/><D30/><U68/><E68/><V3/><F0/><W95/><G109/><T74/><D74/><U18/><E124/><V105/><F105/><W6/><G107/><T120/><D126/><U123/><E123/><V86/><REACH who="2" step="1"/><F78/><REACH who="2" ten="240,345,166,239" step="2"/><W5/><G43/><T46/><D122/><U125/><E125/><V20/><AGARI ba="0,1" hai="3,7,10,13,16,20,52,54,55,85,86,87,117,119" machi="20" ten="30,12000,1" yaku="1,1,2,1,0,1,54,2,53,0" doraHai="56" doraHaiUra="65" who="2" fromWho="2" sc="240,-40,345,-40,166,130,239,-40" /><INIT seed="6,1,0,4,2,123" ten="200,305,296,199" oya="2" hai0="105,97,72,134,2,124,132,46,120,10,53,111,59" hai1="94,25,71,79,4,92,127,48,16,21,103,5,43" hai2="8,131,29,37,126,93,28,107,81,51,119,133,1" hai3="49,13,50,114,40,60,24,63,90,32,86,108,88"/><V57/><F37/><W30/><G114/><T31/><D72/><U47/><E71/><V12/><F107/><W33/><G33/><T121/><D31/><U20/><E127/><V80/><F1/><W74/><G74/><T15/><D2/><U85/><E92/><V87/><F119/><W68/><G108/><T35/><D35/><U118/><E118/><V73/><F73/><W129/><G129/><T55/><D46/><U122/><E122/><V96/><F133/><N who="0" m="51306" /><D111/><U69/><E69/><V100/><F126/><W17/><G40/><T6/><D124/><U23/><E23/><V7/><F131/><W18/><G90/><T3/><D3/><U113/><E113/><V91/><REACH who="2" step="1"/><F80/><REACH who="2" ten="200,305,286,199" step="2"/><W26/><G68/><T19/><D120/><U115/><E115/><V130/><F130/><W14/><G32/><T102/><D121/><U58/><E21/><V22/><F22/><W9/><G9/><T27/><D10/><U83/><E20/><V36/><F36/><W39/><G39/><T82/><D82/><U34/><E34/><V99/><F99/><W98/><G98/><T104/><D97/><U76/><E83/><V116/><F116/><W38/><G38/><T67/><D105/><U45/><E25/><V128/><F128/><W0/><G0/><T41/><D27/><U95/><E95/><V101/><F101/><W77/><G26/><T65/><D102/><U110/><E94/><V64/><F64/><W56/><G24/><T66/><D67/><U109/><E103/><V62/><F62/><W84/><G60/><T11/><D104/><U135/><E135/><RYUUKYOKU ba="1,1" sc="200,-10,305,-10,286,30,199,-10" hai2="7,8,12,28,29,51,57,81,87,91,93,96,100" /><INIT seed="6,2,1,0,4,13" ten="190,295,316,189" oya="2" hai0="98,126,122,53,110,19,20,90,123,116,14,11,104" hai1="130,109,121,44,124,78,34,31,25,118,76,62,52" hai2="67,64,129,38,75,108,93,33,55,45,16,65,51" hai3="103,107,81,99,96,117,21,82,0,97,15,61,91"/><V83/><F33/><W66/><G117/><T2/><D110/><U134/><E109/><V79/><F108/><W42/><G0/><T69/><D126/><U60/><E118/><V77/><F129/><W18/><G42/><T128/><D128/><U92/><E130/><V47/><F38/><W125/><G125/><T71/><D116/><U7/><E124/><V114/><F114/><W54/><G54/><T56/><D71/><U101/><E134/><V70/><F70/><W30/><G30/><T6/><D69/><U63/><E7/><V120/><F120/><W4/><G4/><T41/><D41/><U5/><E5/><V50/><F93/><W74/><G82/><T57/><D57/><U27/><E121/><V22/><F79/><N who="1" m="30249" /><E31/><V28/><F28/><W115/><G115/><T106/><D106/><U80/><E80/><V111/><F111/><W9/><G74/><T113/><D113/><U72/><E72/><V85/><F75/><W39/><G39/><T95/><REACH who="0" step="1"/><D104/><REACH who="0" ten="180,295,316,189" step="2"/><U94/><E34/><V12/><F67/><W89/><G107/><T105/><D105/><U132/><E132/><V68/><F68/><W36/><G66/><T48/><AGARI ba="2,2" hai="2,6,11,14,19,20,48,53,56,90,95,98,122,123" machi="48" ten="20,5200,0" yaku="1,1,0,1,7,1,52,1,53,0" doraHai="13" doraHaiUra="37" who="0" fromWho="0" sc="180,78,295,-15,316,-28,189,-15" /><INIT seed="7,0,0,2,1,135" ten="258,280,288,174" oya="3" hai0="20,54,95,35,78,90,18,99,132,63,83,57,80" hai1="124,119,127,48,27,73,133,33,14,70,61,21,104" hai2="109,23,125,76,49,47,19,126,100,56,69,67,50" hai3="118,123,13,102,62,79,41,60,7,2,97,82,71"/><W66/><G118/><T3/><D132/><U120/><E104/><V42/><F109/><W29/><G123/><T8/><D35/><U134/><E73/><V40/><F76/><W112/><G112/><T9/><D3/><U77/><E77/><V115/><F100/><W39/><G29/><T107/><D107/><U81/><E81/><V59/><F115/><W12/><G62/><T38/><D38/><U25/><E120/><V4/><F4/><W75/><G2/><T88/><D90/><U89/><E119/><V43/><F69/><W86/><G7/><T34/><D34/><U128/><E128/><V64/><F19/><W46/><REACH who="3" step="1"/><G75/><REACH who="3" ten="258,280,288,164" step="2"/><T1/><D1/><U130/><E61/><V117/><F117/><W37/><G37/><T96/><D78/><U116/><E116/><V92/><F50/><W108/><G108/><T113/><D113/><U5/><E48/><V87/><F49/><W122/><G122/><T106/><D9/><U51/><E51/><V53/><F42/><W105/><AGARI ba="0,1" hai="12,13,39,41,46,60,66,71,79,82,86,97,102,105" machi="105" ten="20,3900,0" yaku="1,1,0,1,7,1,53,0" doraHai="135" doraHaiUra="28" who="3" fromWho="3" sc="258,-13,280,-13,288,-13,164,49" /><INIT seed="7,1,0,0,0,25" ten="245,267,275,213" oya="3" hai0="113,30,120,83,14,62,28,63,5,121,72,65,11" hai1="2,24,109,49,86,13,4,122,133,110,58,97,10" hai2="67,96,102,6,99,105,87,56,39,116,100,71,78" hai3="92,112,91,64,3,132,98,22,18,79,50,0,76"/><W55/><G112/><T108/><D108/><U124/><E122/><V43/><F71/><W134/><G64/><T127/><D127/><U51/><E124/><V46/><F6/><W61/><G61/><T104/><D104/><U48/><E133/><N who="3" m="51306" /><G0/><T8/><D113/><U125/><E125/><V73/><F73/><W111/><G3/><T7/><D83/><U29/><E58/><V118/><F67/><W93/><G111/><T45/><D72/><U114/><E114/><V26/><F56/><N who="3" m="32887" /><G93/><T16/><D120/><U90/><E2/><V95/><F95/><W69/><G69/><T115/><D121/><U126/><E126/><V44/><F44/><W52/><G52/><T117/><D117/><U20/><REACH who="1" step="1"/><E97/><REACH who="1" ten="245,257,275,213" step="2"/><V42/><F99/><W101/><G101/><T9/><D115/><U40/><E40/><V17/><F43/><W80/><G80/><AGARI ba="1,1" hai="4,10,13,20,24,29,48,49,51,80,86,90,109,110" machi="80" ten="40,2600,0" yaku="1,1,52,1,53,0" doraHai="25" doraHaiUra="38" who="1" fromWho="3" sc="245,0,257,39,275,0,213,-29" /><INIT seed="8,0,0,3,4,79" ten="245,296,275,184" oya="0" hai0="74,53,128,54,133,78,73,9,56,92,103,126,58" hai1="46,121,112,26,28,82,47,24,65,101,66,105,33" hai2="71,38,96,12,100,29,104,123,10,102,67,89,125" hai3="4,129,72,80,19,25,60,127,130,30,111,0,22"/><T5/><D126/><U115/><E121/><V37/><F123/><W118/><G127/><T43/><D128/><N who="3" m="49257" /><G111/><T17/><D43/><U94/><E105/><V68/><F125/><W135/><G135/><T64/><D64/><U63/><E82/><V83/><F29/><W109/><G109/><T106/><D106/><U91/><E101/><V61/><F71/><W8/><G118/><T122/><D17/><U1/><E26/><V55/><F55/><N who="0" m="21002" /><D122/><U42/><E1/><V15/><F102/><W131/><N who="3" m="49265" /><W2/><DORA hai="90" /><G60/><T108/><D133/><U44/><E42/><V69/><F69/><W20/><G72/><T11/><D73/><U70/><REACH who="1" step="1"/><E66/><REACH who="1" ten="245,286,275,184" step="2"/><V62/><F67/><W52/><G52/><T75/><D108/><U7/><E7/><V81/><F100/><W21/><G80/><T40/><D40/><U87/><AGARI ba="0,1" hai="24,28,33,44,46,47,63,65,70,87,91,94,112,115" machi="87" ten="30,4000,0" yaku="1,1,0,1,52,1,53,0" doraHai="79,90" doraHaiUra="117,51" who="1" fromWho="1" sc="245,-20,286,50,275,-10,184,-10" owari="225,-17.0,336,43.0,265,7.0,174,-33.0" /></mjloggm>