<mjloggm ver="2.3"><GO type="97" lobby="0"/><UN n0="%E3%81%93%E3%81%A3%E3%81%97%E3%83%BC" n1="%E3%83%8F%E3%83%AB%E3%83%9C%E3%83%BC" n2="%E3%82%A6%E3%83%AB%E3%83%88%E3%83%A9%E7%AB%8B%E7%9B%B4" n3="%E2%80%BB%E3%82%B3%E3%83%9E%E2%98%86" dan="14,13,13,15" rate="2035.08,1897.37,1860.67,2060.46" sx="M,M,M,M"/><TAIKYOKU oya="0"/><INIT seed="0,0,0,5,4,59" ten="250,250,250,250" oya="0" hai0="3,76,122,112,62,107,13,131,115,88,45,110,114" hai1="72,56,79,44,68,1,94,121,101,82,74,99,12" hai2="90,11,125,127,39,98,37,117,22,97,81,41,104" hai3="8,109,35,116,119,38,47,106,42,16,53,123,18"/><T26/><D3/><U10/><E121/><V96/><F104/><W111/><G106/><T55/><D107/><U120/><E1/><V80/><F11/><W95/><G35/><T133/><D76/><U91/><E68/><V48/><F22/><W86/><G123/><T30/><D122/><U85/><E56/><V105/><F105/><W19/><G8/><T7/><D133/><U2/><E2/><V4/><F4/><W40/><G53/><T9/><D131/><U103/><E44/><V102/><F102/><W25/><G25/><T57/><D45/><U46/><E46/><N who="2" m="25679" /><F90/><N who="3" m="53719" /><G42/><T78/><D78/><U100/><REACH who="1" step="1"/><E120/><REACH who="1" ten="250,240,250,250" step="2"/><V43/><F117/><W51/><G38/><T31/><D115/><U73/><E73/><V0/><F0/><W75/><G75/><T50/><D114/><U60/><E60/><V66/><F39/><W135/><G135/><T113/><D113/><U64/><E64/><V29/><F66/><W71/><G71/><T83/><D112/><U108/><E108/><AGARI ba="0,1" hai="16,18,19,40,47,51,108,109,111,116,119" m="53719" machi="108" ten="30,2000,0" yaku="14,1,54,1" doraHai="59" who="3" fromWho="1" sc="250,0,240,-20,250,0,250,30" /><INIT seed="1,0,0,1,3,1" ten="250,220,250,280" oya="1" hai0="112,80,8,19,132,122,111,33,50,32,86,41,128" hai1="63,28,121,78,23,83,79,15,13,9,109,45,92" hai2="60,126,14,56,115,38,85,129,116,2,68,91,120" hai3="73,57,87,21,135,62,96,74,66,30,94,70,55"/><U76/><E121/><V64/><F2/><W53/><G135/><T22/><D111/><U39/><E109/><V127/><F120/><W134/><G134/><T7/><D132/><U113/><E113/><V108/><F116/><W123/><G123/><T69/><D128/><U12/><E92/><V65/><F108/><W17/><G30/><T61/><D112/><U54/><E39/><V44/><F115/><W93/><G87/><T27/><D122/><U24/><E83/><V35/><F35/><W97/><G73/><T67/><D41/><U125/><E125/><N who="2" m="47627" /><F129/><W103/><G74/><T88/><REACH who="0" step="1"/><D50/><REACH who="0" ten="240,220,250,280" step="2"/><N who="1" m="29007" /><E63/><V98/><F60/><W6/><G70/><T36/><D36/><U16/><AGARI ba="0,1" hai="9,12,13,15,16,23,24,28,76,78,79" m="29007" machi="16" ten="30,3000,0" yaku="8,1,54,1" doraHai="1" who="1" fromWho="1" sc="240,-10,220,40,250,-10,280,-10" /><INIT seed="1,1,0,5,2,82" ten="230,260,240,270" oya="1" hai0="1,79,73,63,118,60,56,4,111,6,126,46,39" hai1="71,85,97,40,22,123,102,10,132,0,77,33,11" hai2="122,89,106,81,113,28,31,58,8,25,42,53,48" hai3="2,86,32,133,14,104,54,105,27,70,129,13,78"/><U55/><E132/><V72/><F106/><W107/><G2/><T110/><D118/><U80/><E33/><V29/><F122/><W65/><G133/><T50/><D126/><U30/><E123/><V23/><F113/><W114/><G114/><T51/><D73/><U41/><E71/><V119/><F119/><W67/><G129/><T83/><D1/><U93/><E55/><V95/><F42/><N who="1" m="16489" /><E0/><V76/><REACH who="2" step="1"/><F8/><REACH who="2" ten="230,260,230,270" step="2"/><W45/><G107/><T90/><D110/><U99/><E99/><AGARI ba="1,1" hai="23,25,28,29,31,48,53,58,72,76,81,89,95,99" machi="99" ten="30,3900,0" yaku="1,1,2,1,7,1,53,0" doraHai="82" doraHaiUra="7" who="2" fromWho="1" sc="230,0,260,-42,230,52,270,0" /><INIT seed="2,0,0,0,3,105" ten="230,218,282,270" oya="2" hai0="22,40,135,92,28,123,133,107,102,65,7,4,9" hai1="18,89,1,79,85,82,24,17,36,5,94,38,47" hai2="45,21,131,33,104,54,90,42,67,44,11,78,14" hai3="122,75,50,86,31,93,20,71,74,96,88,132,8"/><V61/><F33/><W26/><G122/><T15/><D123/><U120/><E24/><V62/><F104/><W117/><G117/><T25/><D65/><U46/><E46/><V63/><F78/><W106/><G71/><T53/><D40/><U37/><E120/><V27/><F131/><W58/><G132/><N who="0" m="50763" /><D53/><U39/><E47/><N who="2" m="17995" /><F90/><W129/><G129/><T76/><D76/><U124/><E124/><V130/><F130/><W115/><G115/><T108/><D108/><U126/><E126/><V103/><F103/><W2/><G50/><T84/><D107/><U73/><N who="1" m="9728" /><DORA hai="118" /><U0/><REACH who="1" step="1"/><E0/><REACH who="1" ten="230,208,282,270" step="2"/><V59/><F42/><W111/><G111/><T95/><D25/><U121/><E121/><V55/><F27/><W134/><G134/><T49/><D28/><U30/><E30/><V119/><F119/><W112/><G112/><T16/><D102/><U91/><E91/><V43/><F43/><W101/><REACH who="3" step="1"/><G58/><REACH who="3" ten="230,208,282,260" step="2"/><T56/><D56/><U87/><E87/><V98/><F59/><W70/><G70/><T66/><D84/><U19/><E19/><V29/><F63/><W125/><G125/><T83/><D16/><U72/><E72/><V80/><F62/><W68/><G68/><T109/><D109/><U99/><E99/><V6/><F98/><W128/><G128/><T41/><D41/><U48/><E48/><V12/><F61/><W100/><G100/><T116/><D49/><U52/><E52/><V57/><F55/><W51/><G51/><T60/><D60/><U23/><E23/><V10/><F21/><W35/><G35/><T3/><D22/><RYUUKYOKU ba="0,2" sc="230,-15,208,15,282,-15,260,15" hai1="1,5,17,18,73,79,82,85,89,94" hai3="2,8,20,26,31,74,75,86,88,93,96,101,106" /><INIT seed="3,1,2,0,3,87" ten="215,223,267,275" oya="3" hai0="115,44,121,122,15,74,35,98,82,52,2,110,62" hai1="99,73,72,94,34,47,51,30,53,46,133,92,112" hai2="90,106,109,126,132,108,58,78,116,8,102,27,86" hai3="31,118,36,26,1,85,12,89,64,60,83,28,67"/><W66/><G1/><T6/><D35/><U23/><E112/><V41/><F116/><W79/><G118/><T135/><D110/><N who="2" m="42602" /><F126/><W54/><G36/><T71/><D135/><U127/><E133/><V3/><F78/><W32/><G31/><T0/><D115/><U131/><E127/><V49/><F27/><W61/><G54/><T10/><D71/><U129/><E34/><V5/><F132/><W39/><G39/><T9/><D0/><U103/><E47/><N who="2" m="25839" /><F58/><W80/><REACH who="3" step="1"/><G12/><REACH who="3" ten="215,223,267,265" step="2"/><T38/><D38/><U70/><E30/><V24/><F24/><W65/><N who="3" m="16896" /><DORA hai="75" /><W11/><G11/><T59/><D10/><U37/><E70/><V69/><F69/><W95/><G95/><T16/><D2/><U40/><E23/><V77/><F8/><W111/><G111/><T81/><D6/><U101/><E53/><V4/><F5/><W123/><G123/><T96/><D122/><U124/><E124/><V22/><F4/><W68/><G68/><T117/><D121/><U7/><E7/><V45/><F22/><W120/><G120/><T119/><D117/><U42/><E37/><V56/><F3/><W84/><AGARI ba="1,3" hai="26,28,32,60,61,79,80,83,84,85,89" m="16896" machi="84" ten="40,12000,1" yaku="1,1,0,1,52,2,53,0" doraHai="87,75" doraHaiUra="113,17" who="3" fromWho="3" sc="215,-41,223,-41,267,-41,265,153" owari="174,-33.0,182,-22.0,226,3.0,418,52.0" /></mjloggm>