<mjloggm ver="2.3"><GO type="97" lobby="0"/><UN n0="%E5%85%AD%E6%9D%A1%E3%81%AE%E5%BE%A1%E6%81%AF%E6%89%80" n1="%E3%82%A6%E3%83%AB%E3%83%88%E3%83%A9%E7%AB%8B%E7%9B%B4" n2="%44%41%4C%4B%40%33%33%36" n3="%36%4E%39" dan="13,15,13,14" rate="1802.62,1950.48,1857.15,1903.64" sx="F,M,M,M"/><TAIKYOKU oya="0"/><INIT seed="0,0,0,0,4,59" ten="250,250,250,250" oya="0" hai0="49,42,13,101,5,79,37,76,22,92,121,60,38" hai1="50,0,110,68,84,10,116,102,47,6,108,111,32" hai2="58,119,114,77,23,122,12,120,16,135,78,15,9" hai3="34,74,96,46,87,20,97,55,128,39,21,75,123"/><T69/><D121/><U54/><E32/><V88/><F114/><W106/><G34/><T25/><D38/><U127/><E127/><V91/><F119/><W133/><G87/><T103/><D37/><U18/><E116/><V28/><F28/><W80/><G39/><T67/><D103/><U109/><N who="1" m="28160" /><DORA hai="72" /><U14/><E68/><V99/><F99/><W48/><G128/><T86/><D5/><U90/><E102/><V131/><F131/><W26/><G133/><T112/><D112/><U4/><REACH who="1" step="1"/><E0/><REACH who="1" ten="250,240,250,250" step="2"/><V125/><F125/><W56/><G123/><T57/><D69/><U83/><AGARI ba="0,1" hai="4,6,10,14,18,47,50,54,83,84,90" m="28160" machi="83" ten="60,12000,2" yaku="1,1,2,1,0,1,25,2,14,1,53,0" doraHai="59,72" doraHaiUra="113,115" who="1" fromWho="1" sc="250,-60,240,130,250,-30,250,-30" /><INIT seed="1,0,0,2,0,74" ten="190,370,220,220" oya="1" hai0="5,109,62,114,92,88,113,128,47,67,135,70,112" hai1="75,44,111,73,16,34,117,98,76,96,97,43,99" hai2="19,64,84,21,45,77,100,95,90,121,129,115,32" hai3="63,94,79,17,54,82,132,107,124,13,25,131,10"/><U50/><E34/><V51/><F32/><W4/><G131/><T39/><D128/><U35/><E35/><V102/><F121/><W106/><G124/><T85/><D109/><U18/><E117/><V40/><F115/><W57/><G132/><T52/><D135/><U83/><N who="1" m="25088" /><DORA hai="20" /><U2/><E2/><V93/><F129/><W130/><G130/><T53/><REACH who="0" step="1"/><D5/><REACH who="0" ten="180,370,220,220" step="2"/><U71/><E111/><V6/><F6/><W28/><G4/><T110/><D110/><U11/><E71/><V122/><F122/><W133/><G133/><T78/><D78/><U8/><E75/><V89/><F64/><W105/><G94/><T69/><D69/><U37/><E37/><V118/><F118/><W27/><REACH who="3" step="1"/><G28/><REACH who="3" ten="180,370,220,210" step="2"/><T123/><D123/><U55/><E18/><V14/><REACH who="2" step="1"/><F77/><REACH who="2" ten="180,370,210,210" step="2"/><W66/><G66/><T108/><D108/><U29/><E76/><V127/><F127/><W101/><G101/><T33/><D33/><U56/><E29/><V7/><F7/><W15/><G15/><T26/><D26/><U30/><E30/><V120/><F120/><W24/><G24/><T42/><AGARI ba="0,3" hai="39,42,47,52,53,62,67,70,85,88,92,112,113,114" machi="42" ten="40,12000,2" yaku="1,1,0,1,54,2,53,2" doraHai="74,20" doraHaiUra="61,60" who="0" fromWho="0" sc="180,150,370,-60,210,-30,210,-30" /><INIT seed="2,0,0,2,4,23" ten="330,310,180,180" oya="2" hai0="0,86,42,107,70,78,51,97,110,14,58,34,125" hai1="117,40,106,87,33,131,11,24,25,81,37,94,66" hai2="65,92,122,115,31,18,89,67,9,113,54,72,98" hai3="16,75,68,43,109,96,48,8,19,123,84,15,90"/><V126/><F72/><W50/><G68/><T57/><D0/><U118/><E106/><V114/><F122/><W82/><G75/><T104/><D70/><U103/><E33/><V1/><F126/><W111/><G123/><T55/><D125/><U130/><E66/><V35/><F35/><W80/><G19/><T73/><D73/><U116/><E11/><V61/><F31/><W74/><G96/><T85/><D34/><U20/><E20/><V13/><F1/><W108/><REACH who="3" step="1"/><G43/><REACH who="3" ten="330,310,180,170" step="2"/><T119/><D42/><U88/><E40/><V76/><REACH who="2" step="1"/><F76/><AGARI ba="0,1" hai="8,15,16,48,50,74,76,80,82,84,90,108,109,111" machi="76" ten="40,8000,1" yaku="1,1,2,1,14,1,54,1,53,1" doraHai="23" doraHaiUra="12" who="3" fromWho="2" sc="330,0,310,0,180,-80,170,90" /><INIT seed="3,0,0,4,3,124" ten="330,310,100,260" oya="3" hai0="128,67,1,83,119,26,45,113,134,29,30,95,62" hai1="80,84,92,78,135,13,76,133,118,17,106,56,32" hai2="87,25,40,28,51,74,96,116,111,34,0,58,121" hai3="93,33,94,66,107,54,43,52,110,57,77,97,46"/><W5/><G33/><T19/><D119/><U90/><E32/><V15/><F74/><W122/><G122/><T131/><D1/><U114/><E114/><V55/><F116/><W18/><G110/><T86/><D113/><U44/><E106/><V39/><F0/><W14/><G5/><T72/><D72/><U88/><E118/><V38/><F121/><W47/><G77/><T35/><D30/><U85/><E56/><V100/><F111/><W27/><G47/><T10/><D95/><U123/><E44/><V3/><F3/><W99/><G99/><T2/><D134/><N who="1" m="51211" /><E123/><V126/><F126/><W12/><G27/><T23/><D45/><U109/><E109/><V20/><F40/><W6/><G107/><T117/><D117/><U75/><E75/><V89/><F15/><W63/><G6/><T50/><D50/><U21/><AGARI ba="0,0" hai="13,17,21,76,78,80,84,85,88,90,92" m="51211" machi="21" ten="30,2000,0" yaku="20,1,54,1" doraHai="124" who="1" fromWho="1" sc="330,-5,310,20,100,-5,260,-10" owari="325,13.0,330,42.0,95,-40.0,250,-15.0" /></mjloggm>