<mjloggm ver="2.3"><GO type="169" lobby="0"/><UN n0="%E3%81%82%E3%83%BC%E3%81%BF%E3%82%93%E2%98%86" n1="%E3%81%95%E3%81%95%E3%81%95%E3%81%95" n2="%E3%82%A6%E3%83%AB%E3%83%88%E3%83%A9%E7%AB%8B%E7%9B%B4" n3="%4F%5A%4B%59" dan="17,16,17,16" rate="2149.16,2090.43,2130.76,2107.66" sx="F,M,M,M"/><TAIKYOKU oya="0"/><INIT seed="0,0,0,5,3,11" ten="250,250,250,250" oya="0" hai0="127,135,90,84,114,53,13,39,36,8,1,128,109" hai1="18,54,20,117,112,3,38,52,49,125,103,104,62" hai2="17,79,30,107,71,94,10,87,134,65,31,99,51" hai3="69,22,115,118,106,58,16,100,98,12,101,72,73"/><T122/><D114/><U34/><E38/><V121/><F65/><W133/><G118/><T25/><D122/><U14/><E117/><V48/><F71/><W26/><G69/><T27/><D1/><U9/><E125/><V108/><F107/><W40/><G115/><T123/><D123/><U6/><E112/><V85/><F108/><W28/><G133/><T88/><D127/><U96/><E62/><V44/><F51/><W130/><G130/><T56/><D135/><U42/><REACH who="1" step="1"/><E34/><REACH who="1" ten="250,240,250,250" step="2"/><V57/><F134/><W64/><G40/><T47/><D39/><U2/><E2/><V67/><F121/><W37/><G37/><T55/><D36/><U119/><E119/><V93/><F48/><W5/><G5/><N who="0" m="3215" /><D109/><U35/><E35/><V61/><F61/><W86/><G101/><T92/><D128/><U70/><E70/><V66/><F66/><W21/><REACH who="3" step="1"/><G86/><REACH who="3" ten="250,240,250,240" step="2"/><T129/><D129/><U32/><E32/><V75/><F87/><W19/><G19/><T82/><D84/><U81/><E81/><V80/><F85/><W45/><G45/><AGARI ba="0,2" hai="3,6,9,14,18,20,42,45,49,52,54,96,103,104" machi="45" ten="40,5200,0" yaku="1,1,52,1,54,1,53,0" doraHai="11" doraHaiUra="131" who="1" fromWho="3" sc="250,0,240,72,250,0,240,-52" /><INIT seed="1,0,0,1,0,64" ten="250,312,250,188" oya="1" hai0="101,93,128,17,77,103,20,95,5,9,41,127,112" hai1="70,113,58,57,63,10,97,2,12,87,96,29,69" hai2="68,67,118,100,88,46,71,14,86,82,111,104,91" hai3="134,129,85,73,83,0,80,81,38,121,26,84,31"/><U62/><E2/><V79/><F118/><W36/><G0/><T23/><D112/><U51/><E51/><V15/><F111/><W47/><G121/><T34/><D34/><U66/><E29/><V115/><F115/><W89/><G129/><T99/><D127/><U72/><E72/><V125/><F125/><W75/><G134/><T1/><D128/><U53/><E87/><V94/><F46/><W76/><G47/><T27/><D77/><U22/><E22/><V19/><F67/><W32/><REACH who="3" step="1"/><G73/><REACH who="3" ten="250,312,250,178" step="2"/><T114/><D114/><U52/><E113/><V6/><F6/><W42/><G42/><T107/><D41/><U43/><E43/><V123/><F123/><W7/><G7/><T105/><D1/><U74/><E74/><V44/><F44/><W25/><G25/><T11/><D5/><U110/><E110/><V102/><F14/><W49/><G49/><T132/><D132/><U120/><E120/><V56/><F15/><W28/><G28/><T33/><D27/><U106/><E106/><V59/><F104/><W48/><G48/><T60/><D105/><U124/><E124/><V119/><F19/><W122/><G122/><T54/><D17/><U45/><E45/><V8/><F119/><W50/><G50/><T21/><D107/><U35/><E35/><V24/><F24/><W39/><G39/><T117/><D33/><U126/><E126/><V40/><F40/><W4/><G4/><T98/><D117/><U13/><E10/><V37/><F8/><W109/><G109/><T92/><D9/><U130/><E130/><V65/><F37/><RYUUKYOKU ba="0,1" sc="250,-15,312,15,250,-15,178,15" hai1="12,13,52,53,57,58,62,63,66,69,70,96,97" hai3="26,31,32,36,38,75,76,80,81,83,84,85,89" /><INIT seed="1,1,1,4,4,109" ten="235,327,235,193" oya="1" hai0="33,60,32,116,34,22,1,37,115,111,102,122,81" hai1="91,41,105,124,78,93,119,21,28,12,48,118,114" hai2="88,125,110,50,66,117,95,26,30,19,42,56,106" hai3="65,23,25,133,126,17,68,52,47,131,98,9,43"/><U18/><E105/><V92/><F106/><W85/><G126/><T40/><D116/><U132/><E124/><V0/><F0/><W7/><G131/><T94/><D1/><U54/><E132/><V108/><F117/><W24/><G133/><T16/><D111/><N who="2" m="42538" /><F19/><W104/><G85/><T36/><D122/><U11/><E41/><V20/><F125/><W62/><G52/><T74/><D40/><U27/><E78/><V67/><F92/><W59/><G68/><T77/><D60/><U99/><REACH who="1" step="1"/><E114/><REACH who="1" ten="235,317,235,193" step="2"/><V87/><F42/><W89/><G104/><T44/><D115/><U101/><E101/><V39/><F39/><W73/><G43/><T49/><D102/><U2/><E2/><V51/><F67/><W97/><G65/><T70/><D37/><U103/><E103/><V10/><F66/><W84/><G89/><T55/><D36/><U58/><AGARI ba="1,2" hai="11,12,18,21,27,28,48,54,58,91,93,99,118,119" machi="58" ten="20,7800,0" yaku="1,1,0,1,7,1,53,1" doraHai="109" doraHaiUra="5" who="1" fromWho="1" sc="235,-27,317,101,235,-27,193,-27" /><INIT seed="1,2,0,1,5,1" ten="208,418,208,166" oya="1" hai0="40,27,67,62,130,133,64,34,100,39,76,112,127" hai1="8,107,13,78,4,119,68,83,60,108,69,71,33" hai2="81,35,31,89,110,124,36,21,131,55,5,65,61" hai3="129,14,53,19,29,113,28,87,84,98,49,37,24"/><U134/><E119/><V91/><F36/><W101/><G113/><T82/><D112/><U16/><E107/><V22/><F35/><W132/><G132/><T23/><D133/><U93/><E134/><V90/><F110/><W117/><G37/><T7/><D130/><U20/><E33/><V54/><F124/><W38/><G49/><T115/><D127/><U15/><E93/><V75/><F75/><W0/><G0/><T70/><D67/><U96/><E96/><V122/><F131/><W72/><G38/><T41/><D115/><U52/><E108/><V42/><F42/><W3/><G72/><T121/><D121/><U128/><E128/><V9/><F81/><W63/><G3/><T103/><D34/><U102/><E102/><V59/><F122/><W18/><G117/><T44/><D40/><U45/><E45/><V50/><F31/><W74/><G74/><T92/><D92/><U85/><REACH who="1" step="1"/><E71/><REACH who="1" ten="208,408,208,166" step="2"/><V126/><F126/><W118/><G118/><T66/><D100/><U125/><E125/><V30/><F30/><W2/><G28/><T120/><D103/><U47/><E47/><V26/><F26/><W6/><G24/><T25/><D25/><U32/><E32/><V104/><F104/><W58/><G58/><AGARI ba="2,1" hai="4,8,13,15,16,20,52,58,60,68,69,78,83,85" machi="58" ten="40,12000,1" yaku="1,1,52,1,54,2,53,0" doraHai="1" doraHaiUra="109" who="1" fromWho="3" sc="208,0,408,136,208,0,166,-126" /><INIT seed="1,3,0,5,5,15" ten="208,544,208,40" oya="1" hai0="17,8,117,20,72,131,4,84,25,134,74,13,36" hai1="0,51,7,76,135,18,49,92,128,61,35,73,114" hai2="6,125,1,53,96,106,45,99,85,62,78,3,65" hai3="38,26,66,71,60,63,68,75,81,46,27,93,105"/><U88/><E35/><V44/><F125/><W64/><G105/><T127/><D117/><U29/><E29/><V22/><F106/><W56/><G93/><T47/><D127/><U121/><E121/><V43/><F1/><W115/><G56/><T133/><D131/><U83/><E114/><V42/><F6/><W34/><G115/><T86/><D36/><U12/><E128/><V126/><F3/><W54/><G34/><T52/><D86/><U40/><E135/><N who="0" m="51721" /><D84/><U103/><E103/><V69/><F85/><W30/><G30/><T104/><D104/><U79/><E79/><V82/><F82/><W122/><G122/><T57/><D47/><U90/><E90/><V11/><F78/><W59/><G81/><T39/><D39/><U21/><E40/><V33/><F43/><W10/><G10/><T67/><D67/><U100/><E100/><V113/><F42/><W123/><G75/><T129/><D129/><U2/><E61/><AGARI ba="3,0" hai="4,8,13,17,20,25,52,57,61,72,74" m="51721" machi="61" ten="30,3900,0" yaku="20,1,52,1,54,1" doraHai="15" who="0" fromWho="1" sc="208,48,544,-48,208,0,40,0" /><INIT seed="2,0,0,3,1,122" ten="256,496,208,40" oya="2" hai0="96,135,16,71,91,119,112,30,85,108,38,120,47" hai1="40,27,52,13,68,79,117,56,83,116,3,9,12" hai2="87,63,25,5,42,45,2,115,128,80,76,6,118" hai3="57,99,130,129,43,20,60,22,77,88,133,86,31"/><V92/><F118/><W81/><G133/><T62/><D120/><U34/><E68/><V94/><F115/><W93/><G43/><T14/><D112/><U19/><E40/><V23/><F128/><N who="3" m="49259" /><G31/><T107/><D30/><U72/><E3/><V78/><F78/><W101/><G77/><T97/><D97/><U10/><E27/><V125/><F125/><W106/><G106/><T51/><D38/><U110/><E34/><V127/><F127/><W61/><G61/><T54/><D135/><U28/><E28/><V105/><F105/><W121/><G121/><T126/><D126/><U67/><E67/><AGARI ba="0,0" hai="20,22,57,60,67,81,86,88,93,99,101" m="49259" machi="67" ten="30,2000,0" yaku="19,1,54,1" doraHai="122" who="3" fromWho="1" sc="256,0,496,-20,208,0,40,20" /><INIT seed="3,0,0,5,2,45" ten="256,476,208,60" oya="3" hai0="41,110,84,34,128,92,80,51,21,116,18,49,59" hai1="104,121,82,98,133,8,127,24,119,117,52,57,27" hai2="25,126,1,90,17,7,47,64,60,68,115,39,28" hai3="77,71,29,38,102,46,10,58,99,33,30,22,44"/><W83/><G71/><T65/><D34/><U85/><E121/><V123/><F115/><W9/><G33/><T112/><D116/><N who="1" m="44619" /><E133/><V62/><F126/><W55/><G9/><T125/><D41/><U50/><E127/><V109/><F109/><W135/><G135/><T15/><D110/><U43/><E43/><V14/><F123/><W20/><G10/><T5/><D128/><U12/><E98/><V114/><F114/><W63/><G22/><T106/><D106/><U122/><E104/><V124/><F124/><W129/><G129/><T93/><D5/><N who="1" m="3087" /><E122/><V69/><F7/><W42/><G46/><T100/><D125/><U89/><AGARI ba="0,0" hai="24,27,50,52,57,82,85,89" m="3087,44619" machi="89" ten="30,4000,0" yaku="12,1,52,1,54,1" doraHai="45" who="1" fromWho="1" sc="256,-10,476,40,208,-10,60,-20" /><INIT seed="4,0,0,3,0,117" ten="246,516,198,40" oya="0" hai0="50,42,77,58,15,70,48,119,73,122,35,20,78" hai1="14,33,90,110,32,68,129,22,41,56,36,28,60" hai2="135,112,59,109,94,128,18,111,96,39,100,131,98" hai3="118,9,123,49,84,116,21,97,23,64,17,26,43"/><T121/><D70/><U61/><E68/><V46/><F46/><W31/><G64/><T5/><D35/><U1/><E1/><V65/><F39/><W40/><G123/><T53/><D119/><U125/><E36/><V106/><F59/><W107/><G9/><T0/><D0/><U54/><E41/><V99/><F65/><W130/><G130/><N who="2" m="49705" /><F18/><W2/><G2/><T75/><D78/><U55/><E129/><V79/><F135/><W66/><G66/><T71/><D71/><U87/><E110/><N who="2" m="41995" /><F112/><W62/><G62/><T72/><D77/><U57/><E125/><V45/><F45/><W113/><G113/><T12/><D20/><U47/><E47/><V82/><F106/><W105/><G84/><AGARI ba="0,0" hai="79,82,84,94,96,98,99,100" m="41995,49705" machi="84" ten="30,3900,0" yaku="19,1,34,2" doraHai="117" who="2" fromWho="3" sc="246,0,516,0,198,39,40,-39" /><INIT seed="5,0,0,3,5,64" ten="246,516,237,1" oya="1" hai0="46,92,2,115,58,122,67,28,63,12,88,41,77" hai1="47,0,11,54,130,16,72,76,87,35,45,74,62" hai2="26,15,51,23,85,7,120,131,55,71,73,40,43" hai3="102,107,103,75,37,8,19,124,49,111,33,52,108"/><U14/><E35/><V50/><F73/><W36/><G75/><T81/><D2/><U114/><E114/><V84/><F71/><W113/><G19/><T91/><D115/><U60/><E130/><V31/><F131/><W83/><G83/><T132/><D132/><U110/><E110/><V128/><F120/><W100/><G8/><T3/><D3/><U20/><E0/><V118/><F118/><W27/><G107/><T69/><D69/><U17/><E74/><V10/><F128/><W94/><G94/><T44/><D122/><U56/><E72/><V57/><F50/><W135/><G113/><T134/><D134/><U25/><E60/><V21/><F21/><W98/><G98/><T93/><D28/><U90/><E76/><V4/><F4/><W53/><G135/><T29/><D29/><U42/><E42/><AGARI ba="0,0" hai="7,10,15,23,26,31,40,42,43,51,55,57,84,85" machi="42" ten="40,1300,0" yaku="8,1" doraHai="64" who="2" fromWho="1" sc="246,0,516,-13,237,13,1,0" /><INIT seed="6,0,0,4,2,93" ten="246,503,250,1" oya="2" hai0="56,131,57,37,122,39,82,11,103,31,51,92,0" hai1="132,104,128,50,124,46,97,16,98,67,108,33,14" hai2="47,80,112,87,134,100,1,35,96,22,120,49,48" hai3="43,28,34,44,70,45,99,130,117,40,10,68,110"/><V135/><F35/><W23/><G110/><T19/><D122/><U102/><E108/><V64/><F1/><W13/><G23/><T8/><D131/><U52/><E132/><N who="2" m="50731" /><F120/><W26/><G130/><T17/><D0/><U90/><E128/><V9/><F112/><W118/><G13/><T3/><D3/><U88/><E67/><V123/><F123/><W78/><G78/><T42/><D31/><U75/><E75/><V38/><F9/><N who="0" m="3658" /><D39/><U25/><E124/><V4/><F4/><W115/><G10/><T15/><D37/><U18/><E33/><V77/><F64/><W125/><G115/><T116/><D116/><U85/><E14/><V7/><F7/><W53/><G53/><T105/><D105/><U111/><E111/><V95/><F22/><W94/><G125/><T101/><D82/><U79/><E79/><V114/><F114/><W20/><G34/><T107/><D15/><U74/><E74/><V121/><F121/><W83/><G83/><T30/><D107/><U76/><E76/><V106/><F106/><W66/><G66/><T65/><D65/><U113/><E113/><V2/><F2/><W41/><G45/><T133/><D133/><U89/><E25/><V73/><F73/><W129/><G44/><N who="0" m="26007" /><D57/><U127/><E127/><V71/><F71/><W6/><G6/><T62/><D56/><U69/><E69/><V81/><F81/><W60/><G60/><T21/><D62/><U5/><E5/><V27/><F27/><W12/><G12/><T54/><D92/><U24/><E104/><V32/><F32/><W63/><G129/><RYUUKYOKU ba="0,0" sc="246,-10,503,-10,250,30,1,-10" hai2="38,47,48,49,77,80,87,95,96,100" owari="236,-16.0,493,59.0,280,8.0,-9,-51.0" /></mjloggm>