<mjloggm ver="2.3"><GO type="169" lobby="0"/><UN n0="%31%30%30%27%73" n1="%E3%82%A6%E3%83%AB%E3%83%88%E3%83%A9%E7%AB%8B%E7%9B%B4" n2="%77%61%64%6F%70%72%6F" n3="%E3%82%AF%E3%83%AC%E3%83%A0" dan="16,17,16,16" rate="2111.81,2174.05,2116.85,2030.65" sx="M,M,M,M"/><TAIKYOKU oya="0"/><INIT seed="0,0,0,5,2,80" ten="250,250,250,250" oya="0" hai0="81,128,5,79,95,112,66,135,106,73,37,70,57" hai1="119,75,123,61,19,34,30,55,125,7,31,13,69" hai2="109,23,38,86,36,113,118,24,0,22,26,100,126" hai3="8,45,83,124,97,40,110,85,3,28,108,89,12"/><T117/><D112/><U74/><E123/><V101/><F113/><W44/><G124/><T134/><D117/><U98/><E119/><V18/><F118/><W88/><G3/><T121/><D121/><U25/><E125/><V16/><F126/><W67/><G67/><T42/><D106/><U122/><E122/><V99/><F0/><W21/><G28/><T32/><D32/><U39/><E31/><V59/><F109/><N who="3" m="42091" /><G21/><T11/><D128/><U96/><E39/><V27/><F27/><W54/><G40/><T93/><D70/><U48/><E7/><V84/><F59/><W115/><G115/><T20/><D20/><U94/><E61/><V60/><F99/><W63/><G97/><T41/><D41/><U2/><E98/><V51/><F51/><W53/><G89/><T71/><D42/><U132/><E2/><V46/><REACH who="2" step="1"/><F46/><REACH who="2" ten="250,250,240,250" step="2"/><N who="3" m="18027" /><G63/><AGARI ba="0,1" hai="16,18,22,23,24,26,36,38,60,63,84,86,100,101" machi="63" ten="25,12000,2" yaku="1,1,22,2,52,2,54,1,53,0" doraHai="80" doraHaiUra="87" who="2" fromWho="3" sc="250,0,250,0,240,130,250,-120" /><INIT seed="1,0,0,1,0,119" ten="250,250,370,130" oya="1" hai0="33,31,8,62,135,0,91,87,2,89,30,58,47" hai1="85,42,77,106,133,107,130,16,73,6,66,114,116" hai2="110,10,120,3,23,81,113,127,92,14,19,126,111" hai3="96,99,18,5,40,97,79,65,28,15,103,60,4"/><U43/><E116/><V45/><F81/><W132/><G132/><T37/><D135/><U61/><E114/><V35/><F113/><W88/><G103/><T26/><D31/><U64/><E133/><V67/><F67/><W54/><G28/><T46/><D91/><U59/><E73/><V94/><F45/><W129/><G129/><T95/><D8/><U21/><E130/><V83/><F83/><W108/><G108/><N who="2" m="41513" /><F94/><W118/><G118/><T75/><D75/><U20/><E106/><V36/><F92/><N who="3" m="56327" /><G65/><T63/><D63/><U125/><E107/><V69/><F36/><W12/><G40/><T17/><D37/><U71/><E43/><V27/><F69/><W122/><G122/><T49/><D47/><U93/><E42/><V34/><F120/><W53/><G79/><T117/><D117/><U101/><E66/><V48/><F48/><W115/><G115/><T100/><D49/><U105/><E105/><V44/><F44/><W51/><G60/><T9/><D46/><U1/><E101/><V29/><F3/><W22/><G15/><T109/><D109/><U41/><E77/><V104/><F104/><W131/><G131/><T86/><D100/><U112/><E41/><V90/><F90/><W102/><G102/><T76/><D62/><U38/><E61/><V82/><F82/><W98/><G51/><T7/><D76/><U50/><E64/><V57/><F57/><W128/><G128/><T56/><D56/><U123/><E59/><V74/><F74/><W80/><G80/><T55/><D58/><U32/><E38/><V52/><F52/><AGARI ba="0,0" hai="4,5,12,18,22,52,53,54,97,98,99" m="56327" machi="52" ten="30,7700,0" yaku="6,1,8,1,54,2" doraHai="119" who="3" fromWho="2" sc="250,0,250,0,370,-77,130,77" /><INIT seed="2,0,0,2,0,111" ten="250,250,293,207" oya="2" hai0="117,86,32,2,107,31,132,0,58,14,59,35,11" hai1="67,10,61,85,33,39,51,5,30,99,76,20,48" hai2="106,125,75,3,130,69,26,126,73,72,133,124,114" hai3="135,70,64,97,127,7,19,15,119,115,129,88,40"/><V13/><F3/><W49/><G119/><T103/><D107/><U116/><E39/><V12/><F69/><W83/><G127/><T6/><D103/><U71/><E116/><V29/><F106/><W121/><G121/><T25/><D117/><U84/><E33/><V46/><F133/><W77/><G135/><T8/><D35/><U28/><E99/><V45/><F130/><W104/><G129/><T57/><D132/><U62/><E76/><V53/><F114/><W63/><G7/><T50/><D50/><U22/><E5/><V68/><F68/><W52/><G40/><T82/><REACH who="0" step="1"/><D11/><REACH who="0" ten="240,250,293,207" step="2"/><U60/><E10/><V112/><F112/><W100/><G115/><T101/><D101/><U134/><E134/><V55/><F124/><W78/><G49/><T96/><D96/><U47/><E51/><V109/><F126/><W36/><G36/><T92/><D92/><U34/><E48/><V16/><F125/><W79/><G97/><T42/><D42/><U91/><E34/><V80/><F109/><W110/><G100/><T18/><D18/><U89/><E47/><V27/><F75/><W113/><G104/><T108/><D108/><U4/><E61/><V87/><F73/><W120/><G63/><T17/><D17/><U81/><E4/><V94/><F72/><W66/><G19/><T122/><D122/><U38/><E38/><V21/><F94/><W23/><G120/><T1/><D1/><U128/><E128/><V102/><F102/><W43/><G110/><T131/><D131/><U44/><E62/><V93/><F93/><W65/><G113/><RYUUKYOKU ba="0,1" sc="240,30,250,-10,293,-10,207,-10" hai0="0,2,6,8,14,25,31,32,57,58,59,82,86" /><INIT seed="3,1,1,1,5,47" ten="270,240,283,197" oya="3" hai0="75,128,60,132,23,92,83,2,39,133,11,81,70" hai1="54,55,94,114,32,53,103,96,121,66,82,14,123" hai2="100,58,98,52,74,13,110,84,46,35,34,4,68" hai3="107,30,8,29,130,59,1,33,9,48,15,108,104"/><W77/><G130/><T65/><D39/><U126/><E32/><V95/><F74/><W57/><G1/><T69/><D128/><U62/><E114/><V90/><F68/><W36/><G36/><T43/><D43/><U78/><E14/><V109/><F46/><W22/><G33/><T113/><D113/><U5/><E5/><V18/><F4/><W115/><G115/><T50/><D70/><U44/><E126/><V80/><F110/><W125/><G125/><T101/><D23/><U89/><E103/><V119/><F119/><W124/><G124/><T64/><D64/><U6/><E6/><V76/><F109/><W63/><G108/><T118/><D50/><U25/><E25/><V93/><F93/><W20/><G15/><T45/><D45/><U86/><REACH who="1" step="1"/><E44/><REACH who="1" ten="270,230,283,197" step="2"/><V31/><F31/><W49/><REACH who="3" step="1"/><G63/><REACH who="3" ten="270,230,283,187" step="2"/><N who="0" m="40127" /><D118/><U0/><E0/><V91/><F35/><W79/><AGARI ba="1,3" hai="8,9,20,22,29,30,48,49,57,59,77,79,104,107" machi="79" ten="25,18000,2" yaku="1,1,0,1,22,2,52,2,53,0" doraHai="47" doraHaiUra="42" who="3" fromWho="3" sc="270,-61,230,-61,283,-61,187,213" /><INIT seed="3,2,0,4,2,110" ten="209,169,222,400" oya="3" hai0="73,94,99,11,85,51,59,120,132,123,9,5,80" hai1="126,56,35,98,88,75,68,87,50,2,37,115,8" hai2="31,19,62,22,79,0,44,101,84,81,60,118,77" hai3="72,17,21,131,82,39,7,1,45,108,96,102,116"/><W106/><G116/><T26/><D73/><U112/><E35/><V122/><F118/><W13/><G131/><T111/><D111/><U109/><E109/><V29/><F0/><W89/><G108/><T127/><D127/><U36/><E68/><V124/><F124/><W90/><G7/><T30/><D132/><U10/><E75/><V67/><F122/><W61/><G61/><T93/><D123/><U119/><E126/><V32/><F32/><W71/><G71/><T25/><D120/><U47/><E119/><V54/><F101/><W97/><G1/><T92/><D99/><U125/><E98/><V63/><F67/><W43/><G97/><T74/><D74/><U134/><E125/><V121/><F79/><W40/><G40/><T130/><D130/><U18/><E134/><V107/><F107/><W76/><AGARI ba="2,0" hai="13,17,21,39,43,45,72,76,82,89,90,96,102,106" machi="76" ten="30,1500,0" yaku="0,1" doraHai="110" who="3" fromWho="3" sc="209,-7,169,-7,222,-7,400,21" /><INIT seed="3,3,0,5,4,76" ten="202,162,215,421" oya="3" hai0="127,51,133,109,19,111,94,110,3,20,31,87,17" hai1="52,56,28,32,115,45,74,122,88,114,80,22,89" hai2="121,63,7,1,0,98,42,41,77,18,125,107,130" hai3="25,60,54,124,66,59,16,106,85,68,65,4,48"/><W47/><G124/><T91/><D127/><U96/><E32/><V40/><F125/><W2/><G106/><T36/><D36/><U61/><E122/><V123/><F77/><W38/><G66/><T53/><D3/><U50/><E74/><V70/><F18/><W67/><G67/><T79/><D79/><U92/><E114/><V104/><F130/><W23/><G85/><T82/><D94/><U14/><E115/><V37/><F37/><W30/><G2/><N who="2" m="1129" /><F7/><W86/><G86/><T39/><D39/><U81/><E89/><V119/><F119/><W49/><G4/><T72/><D72/><U11/><E28/><V44/><F44/><W100/><G100/><T103/><D103/><U95/><E22/><V46/><F46/><W97/><G97/><T35/><D35/><U118/><E95/><V34/><F34/><W132/><G132/><T99/><D99/><U12/><E118/><V78/><F78/><W13/><G13/><N who="1" m="5226" /><E11/><V113/><F113/><W93/><G93/><T43/><D133/><U120/><E120/><N who="2" m="46155" /><F98/><W71/><G38/><T75/><D75/><U10/><E10/><V29/><F29/><W15/><REACH who="3" step="1"/><G49/><REACH who="3" ten="202,162,215,411" step="2"/><T116/><D116/><U108/><E108/><V112/><F112/><W129/><G129/><T64/><D51/><U117/><E117/><V5/><F5/><W6/><G6/><T57/><D110/><U26/><E26/><V83/><F107/><W55/><G55/><AGARI ba="3,1" hai="45,50,52,55,56,61,80,81,88,92,96" m="5226" machi="55" ten="30,8000,1" yaku="8,1,52,2,54,2" doraHai="76" who="1" fromWho="3" sc="202,0,162,99,215,0,411,-89" /><INIT seed="4,0,0,1,3,26" ten="202,261,215,322" oya="0" hai0="60,131,67,11,92,68,40,71,120,114,2,54,53" hai1="134,83,108,94,58,88,57,12,64,79,25,7,132" hai2="4,133,22,102,72,59,31,118,46,87,20,34,37" hai3="109,126,24,9,41,27,65,124,81,56,35,38,15"/><T42/><D92/><U14/><E108/><V8/><F72/><W85/><G109/><T127/><D2/><U66/><E25/><V130/><F102/><W29/><G27/><T78/><D78/><U135/><E64/><V122/><F59/><N who="1" m="22537" /><E66/><V16/><F87/><W100/><G100/><T103/><D103/><U91/><E7/><V10/><F46/><N who="3" m="23863" /><G56/><N who="0" m="37255" /><D11/><U39/><E39/><V115/><F37/><W18/><G65/><T84/><D84/><N who="1" m="50207" /><E79/><V3/><F34/><W43/><G85/><AGARI ba="0,0" hai="12,14,85,91,94,132,134,135" m="50207,22537" machi="85" ten="30,2000,0" yaku="20,1,54,1" doraHai="26" who="1" fromWho="3" sc="202,0,261,20,215,0,322,-20" /><INIT seed="5,0,0,4,2,39" ten="202,281,215,302" oya="1" hai0="65,36,120,107,22,29,98,100,61,93,83,30,125" hai1="33,82,129,127,2,58,74,84,89,66,34,37,116" hai2="13,124,10,4,122,35,110,86,32,23,17,8,16" hai3="106,38,28,52,69,19,112,103,73,114,101,44,51"/><U45/><E116/><V0/><F86/><W80/><G69/><T21/><D125/><U1/><E127/><V43/><F124/><W77/><G106/><T47/><D120/><U40/><E129/><V64/><F122/><W113/><G28/><T104/><D30/><U134/><E74/><V49/><F110/><W67/><G67/><T76/><D22/><U46/><E134/><V12/><REACH who="2" step="1"/><F64/><REACH who="2" ten="202,281,205,302" step="2"/><W48/><G38/><T59/><D36/><U60/><E34/><V20/><F20/><W96/><G96/><T31/><D21/><U131/><E33/><V88/><F88/><W71/><G71/><T42/><D98/><U81/><E131/><V133/><F133/><W75/><G75/><T130/><D65/><U94/><E82/><V57/><F57/><N who="3" m="32903" /><G19/><T92/><D130/><U7/><E7/><V9/><F9/><W90/><G90/><T68/><D68/><U87/><E46/><AGARI ba="0,1" hai="0,4,8,10,12,13,16,17,23,32,35,43,46,49" machi="46" ten="40,5200,0" yaku="1,1,52,1,54,1,53,0" doraHai="39" doraHaiUra="78" who="2" fromWho="1" sc="202,0,281,-52,205,62,302,0" /><INIT seed="6,0,0,5,0,34" ten="202,229,267,302" oya="2" hai0="73,72,93,30,99,107,46,10,24,63,116,102,40" hai1="6,53,70,83,112,29,65,0,81,8,110,20,61" hai2="19,49,16,100,4,95,104,28,76,79,31,41,52" hai3="69,35,124,130,117,106,78,60,82,85,57,121,38"/><V32/><F104/><W12/><G117/><T23/><D116/><U94/><E110/><V54/><F4/><W131/><G121/><T132/><D132/><U42/><E112/><V56/><F41/><W126/><G35/><T129/><D129/><N who="3" m="49161" /><G38/><T120/><D120/><U97/><E42/><V21/><F32/><W27/><G106/><T18/><D107/><U55/><E29/><N who="2" m="11339" /><F19/><W123/><G123/><T88/><D102/><U89/><REACH who="1" step="1"/><E20/><REACH who="1" ten="202,219,267,302" step="2"/><V105/><F105/><W37/><G126/><T127/><D127/><U43/><E43/><V22/><F22/><W119/><G124/><T115/><D115/><U128/><E128/><V36/><F36/><W122/><G122/><T59/><D10/><U33/><E33/><V11/><F11/><W75/><G37/><T14/><D40/><U58/><E58/><V113/><F113/><W118/><G57/><T48/><D46/><U134/><E134/><V87/><F21/><W86/><G118/><T101/><D59/><U47/><E47/><V98/><F56/><W114/><G114/><T111/><D111/><U64/><E64/><V15/><F54/><AGARI ba="0,1" hai="0,6,8,53,54,55,61,65,70,81,83,89,94,97" machi="54" ten="40,5200,0" yaku="1,1,52,1,53,1" doraHai="34" doraHaiUra="1" who="1" fromWho="2" sc="202,0,219,62,267,-52,302,0" /><INIT seed="7,0,0,2,5,24" ten="202,281,215,302" oya="3" hai0="59,47,63,128,88,111,23,57,89,10,87,68,22" hai1="114,112,115,93,79,20,53,103,110,32,129,134,74" hai2="7,45,30,6,82,26,102,85,60,15,109,21,5" hai3="95,130,14,35,125,16,126,104,67,101,49,39,1"/><W62/><G130/><T91/><D111/><U55/><E32/><V75/><F109/><W4/><G39/><T9/><D128/><U34/><E34/><V119/><F119/><W92/><G35/><T44/><D87/><U70/><E70/><V11/><F75/><W108/><G108/><T121/><D68/><U58/><E110/><V78/><F102/><W33/><G33/><T106/><D106/><U12/><E134/><V100/><F100/><W123/><G123/><T99/><D99/><N who="1" m="59887" /><E129/><V43/><REACH who="2" step="1"/><F60/><REACH who="2" ten="202,281,205,302" step="2"/><W77/><G101/><T54/><D121/><U46/><E74/><V66/><F66/><W65/><G65/><T36/><D59/><U96/><E58/><V127/><F127/><W133/><G125/><T29/><D36/><AGARI ba="0,1" hai="5,6,7,11,15,21,26,30,36,43,45,78,82,85" machi="36" ten="30,7700,0" yaku="1,1,7,1,52,1,53,1" doraHai="24" doraHaiUra="38" who="2" fromWho="0" sc="202,-77,281,0,205,87,302,0" owari="125,-37.0,281,-12.0,292,9.0,302,40.0" /></mjloggm>