<mjloggm ver="2.3"><GO type="97" lobby="0"/><UN n0="%E3%83%9E%E3%83%83%E3%83%8F%E3%82%AF%E3%83%9E%E5%90%89" n1="%67%61%68%6F%6D%61%69%6E" n2="%E3%82%A6%E3%83%AB%E3%83%88%E3%83%A9%E7%AB%8B%E7%9B%B4" n3="%E3%83%A2%E3%83%AB%E3%82%B9%E3%82%A1%E3%83%83%E3%83%BC%EF%BC%81%EF%BC%81" dan="15,14,14,13" rate="2090.52,1936.20,1980.96,1830.74" sx="M,M,M,M"/><TAIKYOKU oya="0"/><INIT seed="0,0,0,3,3,100" ten="250,250,250,250" oya="0" hai0="6,40,37,14,131,84,0,95,73,127,122,94,76" hai1="63,93,126,78,13,85,99,24,60,61,30,19,92" hai2="134,22,119,87,74,1,36,10,77,71,81,97,47" hai3="101,35,116,2,96,110,105,46,91,83,86,68,9"/><T34/><D34/><U49/><E126/><V41/><F71/><W56/><G68/><T66/><D14/><U65/><E49/><V53/><F119/><W82/><G35/><T107/><D84/><U117/><E117/><V48/><F134/><W123/><G116/><T67/><D76/><U20/><E78/><V11/><F87/><W29/><G29/><T54/><D40/><U125/><E85/><V75/><F75/><W69/><G69/><T39/><D54/><U5/><E5/><V89/><F22/><W38/><G123/><T43/><D43/><U33/><E125/><V124/><F124/><W52/><G38/><T17/><D17/><U128/><E128/><V108/><F108/><W45/><G83/><T135/><D6/><U50/><E50/><V62/><F62/><W31/><G31/><T120/><D127/><U88/><REACH who="1" step="1"/><E93/><REACH who="1" ten="250,240,250,250" step="2"/><V115/><F48/><W70/><G110/><T79/><D79/><U23/><E23/><V132/><F77/><W114/><G9/><T109/><D95/><U44/><E44/><V15/><F47/><W112/><G45/><T42/><D94/><U111/><E111/><V57/><F11/><W51/><G46/><T90/><D109/><U7/><E7/><V16/><F10/><W133/><G133/><T113/><D135/><U12/><E12/><V118/><F15/><W80/><G86/><T64/><D131/><U25/><E25/><V27/><F27/><W58/><G51/><T106/><D122/><U102/><E102/><V8/><F132/><W103/><G101/><T4/><D120/><U104/><E104/><RYUUKYOKU ba="0,1" sc="250,-10,240,30,250,-10,250,-10" hai1="13,19,20,24,30,33,60,61,63,65,88,92,99" /><INIT seed="1,1,1,0,3,41" ten="240,270,240,240" oya="1" hai0="90,104,87,26,132,78,49,112,22,128,15,71,64" hai1="63,106,27,75,57,19,6,16,65,129,97,85,84" hai2="36,127,20,105,62,24,67,38,37,42,118,122,70" hai3="116,25,12,74,82,47,29,133,114,18,103,68,107"/><U45/><E75/><V0/><F0/><W99/><G114/><T30/><D104/><U39/><E129/><V55/><F105/><W101/><G68/><T119/><D128/><U60/><E106/><V32/><F32/><W108/><G103/><T117/><D132/><U35/><E6/><V72/><F72/><W94/><G133/><T56/><D112/><U93/><E35/><V17/><F122/><W86/><G116/><T9/><D71/><U83/><E27/><V115/><F118/><W23/><G74/><T31/><D78/><U1/><E1/><V89/><F115/><W124/><G124/><T51/><D31/><U40/><E60/><V2/><F2/><W48/><G108/><T91/><D91/><U113/><E84/><V52/><F127/><W109/><G109/><T95/><D119/><U125/><E113/><V14/><F42/><W126/><G126/><T7/><D117/><U69/><E69/><V79/><F79/><W81/><G86/><T88/><D90/><U43/><E125/><V66/><F66/><W111/><G111/><T8/><D8/><U110/><E110/><V135/><F135/><W130/><G130/><T61/><AGARI ba="1,1" hai="7,9,15,22,26,30,49,51,56,61,64,87,88,95" machi="61" ten="30,4000,0" yaku="0,1,8,1,54,1" doraHai="41" who="0" fromWho="0" sc="240,53,270,-21,240,-11,240,-11" /><INIT seed="2,0,0,0,1,87" ten="293,249,229,229" oya="2" hai0="1,34,88,71,17,75,48,63,53,20,131,40,102" hai1="22,31,132,46,52,26,55,126,21,30,82,60,7" hai2="128,6,65,43,5,58,12,95,44,74,67,112,29" hai3="33,76,9,32,15,101,72,125,64,81,28,118,70"/><V109/><F74/><W2/><G2/><T78/><D34/><U110/><E110/><V122/><F122/><W24/><G118/><T113/><D1/><U79/><E132/><V92/><F112/><W56/><G125/><T66/><D131/><U54/><E126/><V59/><F109/><W133/><G133/><T73/><D113/><U23/><E7/><N who="2" m="2571" /><F128/><W91/><G101/><T100/><D40/><U18/><E18/><V124/><F124/><W61/><G70/><T104/><D75/><U50/><E26/><V96/><F29/><N who="1" m="10761" /><E60/><V45/><F12/><W98/><G33/><T123/><D123/><U99/><E99/><V69/><F69/><W36/><G36/><T57/><D104/><U121/><E121/><V90/><F95/><W77/><G77/><T111/><D78/><U4/><E4/><V62/><F43/><W10/><REACH who="3" step="1"/><G15/><REACH who="3" ten="293,249,229,219" step="2"/><T117/><D117/><U47/><E79/><V80/><F80/><W16/><G16/><T108/><D17/><U120/><E120/><V27/><F27/><W130/><G130/><T129/><D71/><U39/><E82/><V89/><F89/><W84/><G84/><T38/><D88/><U3/><E3/><V119/><F119/><W68/><G68/><T25/><D129/><U86/><E39/><V94/><F94/><AGARI ba="0,1" hai="9,10,24,28,32,56,61,64,72,76,81,91,94,98" machi="94" ten="40,2600,0" yaku="1,1,52,1,53,0" doraHai="87" doraHaiUra="115" who="3" fromWho="2" sc="293,0,249,0,229,-26,219,36" /><INIT seed="3,0,0,0,0,130" ten="293,249,203,255" oya="3" hai0="100,10,29,58,63,106,74,39,92,109,132,131,101" hai1="1,11,97,16,21,103,86,57,60,55,12,77,38" hai2="124,79,6,31,26,113,120,67,22,56,104,69,129" hai3="125,71,135,91,83,95,115,2,18,59,14,102,52"/><W19/><G71/><T4/><D74/><U121/><E38/><V89/><F120/><W122/><G2/><T108/><D39/><U93/><E121/><V128/><F113/><W134/><G122/><T126/><D132/><N who="3" m="50729" /><G115/><T65/><D131/><N who="2" m="50250" /><F124/><W119/><G125/><T127/><D29/><U73/><E73/><V87/><F104/><W0/><G0/><N who="0" m="263" /><D106/><U13/><E1/><V46/><F69/><W42/><G42/><T110/><D101/><U76/><REACH who="1" step="1"/><E86/><REACH who="1" ten="293,239,203,255" step="2"/><V30/><F30/><W44/><G119/><T107/><D107/><U80/><E80/><V88/><F6/><AGARI ba="0,1" hai="6,11,12,13,16,21,55,57,60,76,77,93,97,103" machi="6" ten="30,7700,0" yaku="1,1,7,1,8,1,54,1,53,0" doraHai="130" doraHaiUra="27" who="1" fromWho="2" sc="293,0,239,87,203,-77,255,0" owari="293,9.0,326,42.0,126,-37.0,255,-14.0" /></mjloggm>