<mjloggm ver="2.3"><GO type="97" lobby="0"/><UN n0="%E9%BC%BB%E3%81%AE%E5%88%91%E4%BA%8B" n1="%73%69%6E%6F" n2="%E5%B0%B1%E6%B4%BB%E7%94%9F%40%E5%B7%9D%E6%9D%91%E8%BB%8D%E5%9B%A3" n3="%E3%81%A9%E3%81%86%E3%81%9E%E3%81%94%E8%87%AA%E7%94%B1%E3%81%AB" dan="14,13,14,16" rate="1959.96,1884.86,1936.71,2002.99" sx="M,F,M,F"/><TAIKYOKU oya="0"/><INIT seed="0,0,0,0,3,3" ten="250,250,250,250" oya="0" hai0="66,36,2,4,95,21,69,96,33,134,43,116,89" hai1="29,28,40,77,49,70,133,75,100,73,57,97,130" hai2="6,42,121,129,17,114,26,52,85,38,68,5,84" hai3="118,88,110,20,115,92,10,78,80,122,86,60,72"/><T124/><BYE who="1" /><D116/><U19/><E19/><V51/><F68/><W27/><G118/><T11/><D134/><U81/><E81/><V108/><F121/><W79/><G122/><T62/><D124/><U82/><E82/><V46/><F114/><W135/><G115/><T101/><D33/><U76/><E76/><V39/><F129/><W64/><G135/><T15/><D43/><U105/><E105/><V123/><F108/><W104/><G110/><T7/><D36/><U9/><E9/><V23/><F123/><W67/><G104/><T65/><D65/><U103/><E103/><V102/><F39/><W31/><G79/><T18/><REACH who="0" step="1"/><D7/><REACH who="0" ten="240,250,250,250" step="2"/><U87/><E87/><V14/><F85/><W35/><G35/><T71/><D71/><U58/><E58/><V56/><F84/><W50/><G67/><T119/><D119/><U61/><E61/><V54/><F102/><AGARI ba="0,1" hai="2,4,11,15,18,21,62,66,69,89,95,96,101,102" machi="102" ten="40,12000,1" yaku="1,1,52,1,53,2" doraHai="3" doraHaiUra="99" who="0" fromWho="2" sc="240,130,250,0,250,-120,250,0" /><INIT seed="0,1,0,0,3,13" ten="370,250,130,250" oya="0" hai0="119,73,105,64,4,53,106,117,61,102,1,74,2" hai1="125,133,108,49,45,81,30,56,114,31,75,62,17" hai2="55,121,22,14,87,132,27,90,123,68,66,44,38" hai3="127,5,12,6,134,21,16,48,26,91,41,84,11"/><T129/><D53/><U101/><E101/><V135/><F132/><W131/><G134/><T42/><D42/><U126/><E126/><V92/><F135/><W77/><G127/><T118/><D129/><U24/><E24/><V104/><F104/><N who="0" m="40042" /><D102/><U9/><E9/><V23/><F68/><W51/><G131/><T37/><D37/><U59/><E59/><V32/><F66/><W95/><G41/><T43/><D43/><U122/><E122/><V25/><F32/><W103/><G103/><T18/><D18/><U97/><E97/><V69/><F69/><W57/><G77/><T15/><D15/><U40/><E40/><V78/><F78/><W94/><G95/><T50/><D50/><N who="3" m="18985" /><G57/><UN n1="%73%69%6E%6F" /><T116/><D116/><U47/><E114/><V93/><F14/><W34/><G34/><T115/><D115/><U10/><E125/><V89/><F55/><W7/><AGARI ba="1,0" hai="5,6,7,11,12,16,21,26,84,91,94" m="18985" machi="7" ten="30,4000,0" yaku="8,1,52,1,54,1" doraHai="13" who="3" fromWho="3" sc="370,-21,250,-11,130,-11,250,43" /><INIT seed="1,0,0,2,4,78" ten="349,239,119,293" oya="1" hai0="25,80,128,32,51,75,19,69,88,94,8,20,2" hai1="133,29,34,18,47,118,96,98,84,66,62,60,131" hai2="23,35,63,121,134,49,58,55,90,26,124,92,73" hai3="11,93,46,42,72,83,27,16,123,117,6,22,15"/><U112/><E118/><V33/><F73/><W12/><G117/><T85/><D128/><U68/><E112/><V81/><F121/><W119/><G119/><T48/><D69/><U125/><E125/><V91/><F124/><W114/><G114/><T57/><D32/><U7/><E131/><V21/><F134/><W3/><G123/><T59/><D2/><U44/><E133/><V40/><F81/><W129/><G129/><T99/><D75/><U38/><E7/><V30/><F91/><W54/><G93/><T24/><D24/><U109/><E109/><V89/><F89/><W95/><G95/><T31/><D8/><U102/><E84/><V101/><F101/><W135/><G54/><T53/><D31/><U132/><E132/><V105/><F105/><W41/><G135/><T130/><D130/><U104/><E62/><V10/><F10/><W36/><G42/><T28/><D28/><U113/><E113/><V56/><F23/><W17/><G17/><T126/><D126/><U103/><E18/><V43/><F35/><W77/><AGARI ba="0,0" hai="3,6,11,12,15,16,22,27,36,41,46,72,77,83" machi="77" ten="30,8000,1" yaku="0,1,25,2,52,1,54,1" doraHai="78" who="3" fromWho="3" sc="349,-20,239,-40,119,-20,293,80" /><INIT seed="2,0,0,4,5,4" ten="329,199,99,373" oya="2" hai0="60,87,107,61,128,43,131,51,126,106,88,65,135" hai1="123,13,104,42,121,46,101,30,16,36,23,33,0" hai2="72,118,98,22,91,80,9,74,11,38,125,77,5" hai3="86,15,52,25,71,130,81,41,110,17,105,117,58"/><V82/><F118/><W103/><G117/><T94/><D135/><U47/><E0/><V24/><F125/><W70/><G110/><T67/><D126/><U50/><E104/><V89/><F38/><W129/><G41/><T31/><D31/><U64/><E64/><V100/><F74/><W68/><G25/><T92/><D43/><U7/><E7/><V2/><F82/><W27/><G27/><T115/><D51/><U73/><E73/><V28/><REACH who="2" step="1"/><F9/><REACH who="2" ten="329,199,89,373" step="2"/><W122/><G122/><T59/><D115/><U69/><E69/><V90/><F90/><W40/><G130/><N who="0" m="49707" /><D94/><AGARI ba="0,1" hai="2,5,11,22,24,28,72,77,80,89,91,94,98,100" machi="94" ten="30,11600,0" yaku="1,1,7,1,52,1,53,1" doraHai="4" doraHaiUra="93" who="2" fromWho="0" sc="329,-116,199,0,89,126,373,0" /><INIT seed="2,1,0,4,2,109" ten="213,199,215,373" oya="2" hai0="55,128,107,64,78,73,14,5,120,89,21,25,112" hai1="95,99,72,118,92,59,81,101,12,74,53,93,113" hai2="82,47,129,123,26,7,56,133,48,39,126,79,116" hai3="108,124,117,84,42,69,10,111,83,68,87,130,119"/><V40/><F123/><W6/><G130/><T104/><D120/><U46/><E46/><V30/><F116/><N who="3" m="44619" /><G42/><T102/><D128/><U135/><E12/><V45/><F129/><W91/><G87/><T43/><D112/><U75/><E118/><V15/><F126/><W121/><G121/><T9/><D64/><U50/><E135/><V97/><F133/><W28/><G28/><T114/><D114/><U2/><E2/><V115/><F56/><W3/><G124/><T29/><D102/><U31/><E31/><V36/><F97/><W8/><G10/><T1/><D43/><U54/><E54/><V122/><F122/><W94/><G83/><T34/><D55/><U90/><E59/><V37/><F7/><W65/><G65/><T98/><D78/><U51/><E53/><V132/><F15/><W35/><G35/><T19/><D73/><U80/><E50/><V4/><F4/><W103/><G103/><T67/><D67/><U131/><E51/><V11/><F11/><W20/><G20/><T66/><D66/><U62/><E62/><V33/><F132/><W52/><G52/><T96/><D96/><N who="1" m="57367" /><E131/><V58/><F58/><W110/><AGARI ba="1,0" hai="3,6,8,68,69,84,91,94,108,110,111" m="44619" machi="110" ten="40,1500,0" yaku="14,1" doraHai="109" who="3" fromWho="3" sc="213,-5,199,-5,215,-8,373,18" /><INIT seed="3,0,0,5,2,120" ten="208,194,207,391" oya="3" hai0="15,108,107,50,88,57,133,42,45,52,1,6,87" hai1="28,26,32,22,18,37,44,14,17,4,56,127,124" hai2="73,78,112,54,90,119,86,38,76,48,27,110,81" hai3="103,29,132,31,96,12,97,3,129,93,70,130,66"/><W65/><G3/><T55/><D107/><U47/><E56/><V35/><F38/><W106/><G132/><T117/><D133/><U100/><E100/><V7/><F112/><W85/><G85/><T134/><D134/><U125/><E37/><V80/><F119/><W114/><G114/><T104/><D104/><U16/><E44/><V82/><F7/><W113/><G113/><T126/><D1/><U2/><E47/><V68/><F68/><W59/><G59/><T9/><D117/><U53/><E53/><V75/><F27/><W25/><G12/><T61/><D126/><U67/><E67/><V118/><F118/><W13/><G13/><T123/><D108/><U109/><E109/><V74/><F35/><W83/><G83/><N who="0" m="49279" /><D123/><U71/><E71/><V40/><F40/><AGARI ba="0,0" hai="6,9,15,40,42,45,50,52,55,57,61" m="49279" machi="40" ten="30,3900,0" yaku="8,1,54,2" doraHai="120" who="0" fromWho="2" sc="208,39,194,0,207,-39,391,0" owari="247,5.0,194,-21.0,168,-33.0,391,49.0" /></mjloggm>