<mjloggm ver="2.3"><GO type="41" lobby="0"/><UN n0="%6B%75%6B%65%6B%65%6B%65" n1="%E3%81%95%E3%81%95%E3%81%95%E3%81%95" n2="%E5%B0%B1%E6%B4%BB%E7%94%9F%40%E5%B7%9D%E6%9D%91%E8%BB%8D%E5%9B%A3" n3="%E6%9C%9D%E9%87%8C%E5%88%A9%E5%A5%88" dan="15,15,15,13" rate="1957.49,2079.76,1975.72,1922.26" sx="M,M,M,F"/><TAIKYOKU oya="0"/><INIT seed="0,0,0,4,5,29" ten="250,250,250,250" oya="0" hai0="37,132,107,9,23,124,36,35,114,119,48,77,121" hai1="5,123,26,115,2,0,45,10,53,51,70,97,28" hai2="13,59,94,116,69,52,57,109,102,1,74,3,14" hai3="46,21,33,83,92,6,85,65,41,133,66,129,88"/><T20/><D107/><U17/><E123/><V7/><F74/><W73/><G129/><T95/><D121/><U68/><E115/><V130/><F116/><W19/><G133/><T111/><D119/><U32/><E2/><V96/><F109/><W104/><G33/><T56/><D114/><U61/><E61/><V25/><F69/><W49/><G6/><T44/><D35/><U55/><E55/><V30/><F130/><W78/><REACH who="3" step="1"/><G104/><REACH who="3" ten="250,250,250,240" step="2"/><T43/><D132/><U110/><E110/><V135/><F135/><W72/><G72/><T118/><D111/><U101/><REACH who="1" step="1"/><E17/><REACH who="1" ten="250,240,250,240" step="2"/><V75/><F3/><W79/><G79/><T113/><D77/><U84/><E84/><V126/><F1/><W58/><G58/><T131/><D56/><U128/><E128/><V105/><F7/><W63/><G63/><T76/><D131/><U81/><E81/><V127/><F75/><W34/><G34/><T16/><D76/><U39/><E39/><V89/><F59/><W27/><AGARI ba="0,2" hai="19,21,27,41,46,49,65,66,73,78,83,85,88,92" machi="27" ten="20,5200,0" yaku="1,1,0,1,7,1,54,1,53,0" doraHai="29" doraHaiUra="24" who="3" fromWho="3" sc="250,-26,240,-13,250,-13,240,72" /><INIT seed="1,0,0,2,2,84" ten="224,227,237,312" oya="1" hai0="26,79,97,29,70,134,44,107,15,63,105,121,91" hai1="111,9,106,30,51,2,127,37,66,108,27,80,81" hai2="132,18,10,115,73,64,42,13,58,76,24,112,69" hai3="19,116,47,11,123,4,83,82,25,20,129,54,35"/><U65/><E37/><V38/><F132/><W78/><G123/><T67/><D134/><U22/><E106/><V114/><F69/><W8/><G129/><T85/><D121/><U119/><E119/><V34/><F38/><W128/><G128/><T45/><D79/><U52/><E127/><V109/><F109/><N who="1" m="42057" /><E2/><V98/><F42/><W12/><G116/><T68/><D68/><U57/><E9/><V87/><F73/><W120/><G120/><T131/><D131/><U133/><E133/><V0/><F0/><W117/><G117/><T126/><D126/><U17/><E17/><V21/><F34/><W48/><G11/><T89/><D15/><U71/><E71/><V14/><F98/><W94/><G78/><T93/><D105/><U90/><E81/><N who="2" m="47527" /><F10/><W62/><G35/><T31/><D107/><U59/><E59/><V1/><F1/><W92/><G62/><AGARI ba="0,0" hai="13,14,18,21,24,58,62,64,112,114,115" m="47527" machi="62" ten="30,1000,0" yaku="11,1" doraHai="84" who="2" fromWho="3" sc="224,0,227,0,237,10,312,-10" /><INIT seed="2,0,0,3,4,104" ten="224,227,247,302" oya="2" hai0="98,19,41,115,94,88,67,42,103,111,50,45,64" hai1="100,24,48,75,49,77,99,6,116,31,47,58,60" hai2="12,16,11,90,123,25,1,91,38,44,112,20,106" hai3="4,131,71,125,82,128,72,113,27,28,86,117,127"/><V68/><F112/><W63/><G117/><T107/><D115/><U114/><E116/><V8/><F123/><W96/><G113/><T76/><D111/><U89/><E114/><V118/><F68/><W93/><G4/><T110/><D110/><U59/><E6/><V130/><F106/><W5/><G5/><T23/><D41/><U132/><E132/><V134/><F118/><W9/><G9/><T3/><D3/><U108/><E108/><V87/><F134/><W126/><G63/><T119/><D76/><U66/><E89/><V83/><F130/><N who="3" m="49707" /><G71/><T135/><D135/><U124/><E124/><V56/><F1/><W26/><G28/><T69/><D69/><U46/><E59/><V37/><F11/><W80/><G72/><T21/><D119/><U97/><E75/><V121/><F121/><W39/><G39/><T54/><D42/><U40/><E77/><V34/><F34/><W65/><G65/><T22/><REACH who="0" step="1"/><D19/><REACH who="0" ten="214,227,247,302" step="2"/><U17/><E17/><V36/><F37/><W105/><G105/><T120/><D120/><U122/><E122/><V78/><F38/><W7/><G7/><T13/><D13/><U61/><E40/><V52/><F36/><W55/><G55/><T62/><D62/><U102/><E60/><N who="2" m="35847" /><F44/><W43/><G43/><T57/><D57/><U74/><E46/><V95/><F95/><W79/><G82/><T33/><D33/><U35/><E47/><V0/><F0/><W129/><G129/><T32/><D32/><U29/><E35/><V51/><F51/><W81/><G80/><T109/><D109/><U30/><E49/><RYUUKYOKU ba="0,1" sc="214,10,227,-30,247,10,302,10" hai0="21,22,23,45,50,54,64,67,88,94,98,103,107" hai2="8,12,16,20,25,78,83,87,90,91" hai3="26,27,79,81,86,93,96,125,126,127" /><INIT seed="2,1,1,0,3,40" ten="224,197,257,312" oya="2" hai0="78,48,3,126,15,99,12,32,21,85,29,11,105" hai1="46,5,34,25,13,49,0,133,130,123,35,90,89" hai2="86,104,117,70,52,121,10,109,41,8,132,103,87" hai3="16,119,120,81,47,82,80,84,122,61,134,36,62"/><V57/><F121/><W37/><G119/><T53/><D32/><U59/><E123/><V43/><F70/><W94/><G134/><T88/><D126/><U113/><E133/><V95/><F117/><W129/><G129/><T125/><D125/><U63/><E0/><V124/><F109/><W54/><G122/><T55/><D3/><U101/><E130/><V96/><F124/><W93/><G120/><T65/><D65/><U9/><E113/><V72/><F132/><W39/><G16/><T73/><D73/><U7/><E101/><V114/><F72/><W56/><G84/><N who="2" m="32297" /><F104/><W64/><REACH who="3" step="1"/><G47/><REACH who="3" ten="224,197,257,302" step="2"/><T131/><D78/><U107/><E5/><V22/><F114/><W76/><G76/><T23/><D131/><U79/><E79/><V116/><F116/><W100/><G100/><T20/><D29/><U18/><E18/><V60/><F22/><W38/><N who="3" m="9728" /><DORA hai="66" /><W102/><G102/><T26/><D26/><U30/><E34/><V83/><F83/><W135/><G135/><T98/><D11/><AGARI ba="1,2" hai="8,10,11,41,43,52,57,60,95,96,103" m="32297" machi="11" ten="30,2900,0" yaku="8,1,54,1" doraHai="40,66" who="2" fromWho="0" sc="224,-32,197,0,257,52,302,0" /><INIT seed="2,2,0,0,1,51" ten="192,197,309,302" oya="2" hai0="59,17,128,78,65,118,29,35,53,84,129,85,15" hai1="76,90,98,32,120,109,102,96,30,49,107,80,45" hai2="93,105,63,6,127,18,103,89,92,22,16,91,4" hai3="97,130,124,28,72,1,108,39,106,11,64,122,133"/><V83/><F127/><W70/><G97/><T37/><D37/><U40/><E120/><V24/><F105/><W48/><G11/><T34/><D65/><U74/><E109/><V104/><F104/><W117/><G28/><T67/><D67/><U43/><E32/><V77/><F103/><W71/><G48/><T110/><D110/><U68/><E68/><V119/><F119/><W36/><G36/><T52/><D35/><U66/><E66/><V112/><F112/><W38/><G38/><T114/><D114/><U21/><E21/><V134/><F134/><W7/><G7/><T3/><D3/><U99/><E30/><V86/><F63/><W101/><G101/><T69/><D69/><U131/><E131/><N who="0" m="50249" /><D59/><U56/><E56/><V27/><F27/><W115/><REACH who="3" step="1"/><G64/><REACH who="3" ten="192,197,309,292" step="2"/><T94/><D118/><U75/><E75/><V126/><F126/><W113/><G113/><T19/><D19/><U60/><E60/><V5/><F18/><W116/><G116/><T87/><D78/><U79/><E76/><V57/><F5/><W13/><G13/><T23/><D94/><U95/><E99/><V12/><F4/><W50/><G50/><T125/><D125/><U82/><E82/><V41/><F92/><W10/><G10/><T132/><D132/><U20/><E20/><V62/><F93/><W111/><G111/><T9/><D9/><U61/><E61/><V55/><F41/><AGARI ba="2,1" hai="40,41,43,45,49,74,79,80,90,95,96,98,102,107" machi="41" ten="30,1000,0" yaku="7,1" doraHai="51" who="1" fromWho="2" sc="192,0,197,26,309,-16,292,0" /><INIT seed="3,0,0,4,0,14" ten="192,223,293,292" oya="3" hai0="29,32,93,95,90,107,87,16,98,103,71,97,133" hai1="48,7,94,34,47,62,68,4,112,9,0,124,91" hai2="119,21,130,134,20,35,10,104,120,3,13,96,55" hai3="83,76,51,88,126,109,78,85,42,128,132,19,5"/><W80/><G126/><T79/><D71/><U6/><E112/><V82/><F35/><W75/><G128/><T108/><D108/><U41/><E34/><V11/><F119/><W49/><G132/><T106/><D133/><U81/><E81/><V135/><F120/><W54/><G109/><T100/><D79/><U115/><E115/><V74/><F130/><W72/><G5/><T40/><D40/><U69/><E69/><V65/><F65/><W67/><G67/><T28/><D32/><U89/><E89/><V101/><F3/><W122/><G122/><T113/><D113/><U129/><E129/><V105/><F105/><W18/><G42/><T70/><D70/><U117/><E117/><V58/><F11/><W1/><G1/><T123/><D123/><U30/><E30/><V73/><F82/><W84/><G54/><T102/><D102/><U39/><E124/><V36/><F36/><W86/><G86/><T17/><D90/><AGARI ba="0,0" hai="18,19,49,51,72,75,76,78,80,83,84,85,88,90" machi="90" ten="25,12000,1" yaku="22,2,52,2,54,1" doraHai="14" who="3" fromWho="0" sc="192,-120,223,0,293,0,292,120" /><INIT seed="3,1,0,1,5,111" ten="72,223,293,412" oya="3" hai0="58,18,118,73,125,52,10,23,83,124,50,1,132" hai1="98,127,27,33,30,45,60,8,115,71,135,3,133" hai2="113,79,40,109,35,122,93,100,4,82,11,87,123" hai3="75,72,42,81,5,49,104,20,17,86,129,103,7"/><W121/><G121/><N who="2" m="46089" /><F35/><W32/><G129/><T85/><D118/><U13/><E127/><N who="0" m="48713" /><D73/><U110/><E110/><V89/><F109/><W22/><G32/><T31/><D132/><N who="1" m="50763" /><E45/><V28/><F28/><W59/><G72/><T99/><D99/><U69/><E98/><N who="2" m="59471" /><F40/><W131/><G75/><T47/><D31/><U39/><E39/><V46/><F46/><N who="3" m="25815" /><G103/><T41/><D1/><U21/><E69/><V94/><F113/><W80/><G104/><T51/><D10/><U77/><E77/><V9/><F4/><N who="3" m="1611" /><G131/><T25/><D50/><U55/><E3/><V19/><F19/><W61/><G86/><AGARI ba="1,0" hai="9,11,79,82,86,87,89,94" m="59471,46089" machi="86" ten="30,1000,0" yaku="13,1" doraHai="111" who="2" fromWho="3" sc="72,0,223,0,293,13,412,-13" /><INIT seed="4,0,0,2,3,37" ten="72,223,306,399" oya="0" hai0="123,15,95,47,128,100,48,6,59,10,39,5,16" hai1="93,45,80,81,85,38,127,68,129,58,60,133,52" hai2="66,51,112,50,90,105,94,8,31,109,4,35,57" hai3="12,83,67,98,42,122,96,97,82,43,33,55,26"/><T9/><D123/><U2/><E2/><V14/><F105/><W99/><G122/><T24/><D128/><U0/><E0/><V19/><F112/><W101/><G67/><T76/><D39/><U116/><E116/><V103/><F109/><W3/><G3/><T131/><D131/><U121/><E121/><V22/><F103/><W86/><G55/><T41/><D76/><U72/><E72/><V64/><F35/><W63/><G63/><T114/><D114/><U56/><E68/><V74/><F31/><W49/><G49/><T73/><D73/><U11/><E129/><V135/><F135/><W78/><G83/><T30/><D59/><U87/><E127/><V13/><F74/><W62/><G62/><T130/><D130/><U104/><E104/><V118/><F118/><W79/><G79/><T46/><D9/><U111/><E111/><V124/><F124/><W77/><G77/><T84/><D47/><U113/><E113/><V92/><F92/><N who="3" m="58503" /><G33/><T102/><D102/><U115/><E115/><V88/><F90/><W117/><G117/><T53/><D53/><N who="1" m="33871" /><E45/><V70/><F70/><W106/><G106/><T27/><D27/><U65/><E38/><V119/><F119/><W69/><G69/><T71/><D71/><U20/><E65/><N who="2" m="25195" /><F57/><W1/><G1/><T126/><D126/><U75/><E75/><V110/><F110/><W23/><G12/><T61/><D61/><N who="1" m="35975" /><E133/><V132/><F132/><W29/><AGARI ba="0,0" hai="23,26,29,42,43,78,82,86,97,98,99" m="58503" machi="29" ten="30,4000,0" yaku="8,1,52,2" doraHai="37" who="3" fromWho="3" sc="72,-20,223,-10,306,-10,399,40" /><INIT seed="5,0,0,4,3,2" ten="52,213,296,439" oya="1" hai0="126,108,106,89,87,17,71,36,29,68,10,12,118" hai1="91,69,128,101,96,61,55,34,114,125,43,19,47" hai2="54,40,46,38,13,107,51,135,129,26,65,132,6" hai3="102,57,105,25,64,78,44,7,73,75,52,81,35"/><U130/><E114/><V100/><F107/><W56/><G75/><T49/><D108/><U120/><E120/><V37/><F26/><W66/><G105/><T0/><D36/><U67/><E125/><V83/><F100/><W93/><G44/><T28/><D118/><U79/><E79/><V104/><F129/><N who="1" m="49769" /><E91/><V39/><F104/><W5/><G57/><T109/><D109/><U84/><E84/><V92/><F92/><W33/><G33/><T123/><D106/><N who="1" m="63783" /><E34/><V62/><F83/><W32/><G32/><T99/><D123/><U95/><E95/><V63/><F40/><W76/><G76/><T85/><D126/><U124/><E124/><V8/><REACH who="2" step="1"/><F63/><REACH who="2" ten="52,213,286,439" step="2"/><N who="3" m="36231" /><G25/><T11/><D71/><AGARI ba="0,1" hai="6,8,13,37,38,39,46,51,54,62,65,71,132,135" machi="71" ten="40,2600,0" yaku="1,1,52,1,53,0" doraHai="2" doraHaiUra="98" who="2" fromWho="0" sc="52,-26,213,0,286,36,439,0" /><INIT seed="6,0,0,4,4,31" ten="26,213,322,439" oya="2" hai0="62,55,69,22,60,96,20,65,117,119,124,57,23" hai1="115,104,112,46,28,75,88,37,89,50,80,61,87" hai2="0,49,97,33,91,66,45,15,9,21,53,29,8" hai3="83,47,14,113,44,58,10,36,76,35,94,19,59"/><V108/><F108/><W102/><G35/><T3/><D3/><U101/><E37/><V107/><F0/><W25/><G113/><N who="1" m="43594" /><E61/><V123/><F123/><W110/><G110/><T68/><D68/><U82/><E28/><V90/><F33/><W54/><G25/><T30/><D124/><U43/><E75/><V134/><F134/><W84/><G36/><T127/><D127/><U133/><E133/><V52/><F66/><W74/><G58/><T114/><D96/><N who="1" m="61479" /><E82/><V18/><F107/><W16/><G19/><T125/><D114/><U24/><E24/><N who="2" m="16527" /><F97/><N who="3" m="59703" /><G74/><T85/><D85/><U39/><E39/><V41/><F9/><W130/><G130/><T2/><D125/><U126/><E126/><V121/><F121/><W6/><G6/><T100/><D2/><U7/><E7/><V32/><F32/><W129/><G129/><T78/><D100/><U67/><E67/><V92/><F90/><AGARI ba="0,0" hai="43,46,50,80,87,88,89,90" m="61479,43594" machi="90" ten="30,2000,0" yaku="15,1,54,1" doraHai="31" who="1" fromWho="2" sc="26,0,213,20,322,-20,439,0" /><INIT seed="7,0,0,2,0,112" ten="26,233,302,439" oya="3" hai0="104,97,13,85,8,88,9,58,4,1,62,77,114" hai1="89,73,18,55,100,3,102,5,19,15,101,21,22" hai2="70,52,65,96,34,6,17,47,95,106,123,98,71" hai3="25,50,32,29,36,132,61,10,111,126,33,40,116"/><W80/><G116/><T46/><D114/><U122/><E73/><V54/><F123/><W93/><G126/><T74/><D74/><U51/><E122/><V26/><F6/><W31/><G132/><T48/><D1/><U78/><E78/><V127/><F127/><W90/><G111/><T27/><D104/><U67/><E67/><V86/><F65/><W130/><G130/><T129/><D129/><U82/><E3/><V128/><F128/><W28/><G36/><T108/><D108/><U117/><E5/><V37/><F71/><W68/><G80/><T57/><D9/><U75/><E75/><V45/><F70/><W16/><G32/><T79/><D62/><U115/><E115/><V125/><F125/><W23/><G33/><T87/><D87/><U12/><E117/><V30/><F17/><W109/><G109/><T11/><D11/><U124/><E124/><V113/><F113/><W20/><G10/><T133/><D133/><U24/><E24/><V72/><F72/><W39/><G39/><T105/><D105/><U121/><E121/><V110/><F110/><W60/><G61/><T83/><D77/><U49/><REACH who="1" step="1"/><E55/><REACH who="1" ten="26,223,302,439" step="2"/><N who="2" m="21035" /><F26/><N who="3" m="14599" /><G68/><T53/><REACH who="0" step="1"/><D27/><REACH who="0" ten="16,223,302,439" step="2"/><U41/><E41/><V7/><F37/><W56/><G60/><T76/><D76/><U38/><E38/><V44/><F34/><W14/><G40/><T92/><AGARI ba="0,2" hai="4,8,13,46,48,53,57,58,79,83,85,88,92,97" machi="92" ten="30,7900,0" yaku="1,1,0,1,8,1,54,1,53,0" doraHai="112" doraHaiUra="35" who="0" fromWho="0" sc="16,99,223,-20,302,-20,439,-39" owari="115,-38.0,203,-20.0,282,8.0,400,50.0" /></mjloggm>