<mjloggm ver="2.3"><GO type="97" lobby="0"/><UN n0="%E3%81%82%E3%82%93%E3%81%A1%E3%82%82%E3%82%93" n1="%E3%82%A6%E3%83%AB%E3%83%88%E3%83%A9%E7%AB%8B%E7%9B%B4" n2="%6D%69%70%70%6F" n3="%6D%61%73%61%63" dan="13,15,14,14" rate="1812.22,2075.03,2019.83,1956.26" sx="M,M,M,M"/><TAIKYOKU oya="0"/><INIT seed="0,0,0,0,0,125" ten="250,250,250,250" oya="0" hai0="80,83,56,86,13,87,105,42,132,17,61,129,26" hai1="95,106,4,99,40,69,31,45,7,127,55,51,60" hai2="85,12,71,70,135,65,133,88,48,123,11,43,35" hai3="6,29,15,58,108,116,21,93,94,122,16,30,23"/><T62/><D105/><U44/><E106/><V92/><F35/><W102/><G116/><T76/><D132/><N who="2" m="50762" /><F123/><W2/><G122/><T9/><D42/><U37/><E127/><V3/><F3/><W96/><G108/><T97/><D97/><U46/><E46/><N who="2" m="25695" /><F65/><W111/><G111/><T18/><D129/><U33/><E33/><V74/><F74/><W22/><G2/><T118/><D118/><U24/><E24/><V0/><F0/><W124/><G124/><T81/><D26/><U78/><E31/><V117/><F117/><W120/><G120/><T63/><D18/><AGARI ba="0,0" hai="11,12,18,70,71,85,88,92" m="25695,50762" machi="18" ten="30,2000,0" yaku="20,1,54,1" doraHai="125" who="2" fromWho="0" sc="250,-20,250,0,250,20,250,0" /><INIT seed="1,0,0,3,2,15" ten="230,250,270,250" oya="1" hai0="105,14,30,91,66,82,61,84,59,110,28,1,134" hai1="25,71,2,18,22,124,42,74,103,101,118,26,6" hai2="31,102,131,24,117,57,27,17,92,94,80,113,58" hai3="121,19,60,107,99,11,123,98,10,75,78,34,122"/><U108/><E71/><V97/><F117/><W128/><G34/><T49/><D1/><U35/><E74/><V13/><F131/><W88/><G128/><T7/><D134/><U106/><E106/><V130/><F130/><W20/><G75/><T79/><D105/><U63/><E118/><V56/><F113/><W73/><G73/><T109/><D79/><U115/><E115/><V111/><F111/><N who="0" m="42506" /><D49/><U41/><E108/><V114/><F114/><W38/><G38/><T52/><D66/><U46/><E124/><V69/><F69/><W76/><G99/><T85/><D85/><U133/><E133/><V90/><F80/><W40/><G40/><T53/><D53/><U86/><E42/><V70/><F70/><W50/><G50/><T125/><D125/><U47/><E47/><V96/><F31/><W89/><G60/><T135/><D135/><U45/><E45/><V9/><AGARI ba="0,0" hai="9,13,17,24,27,56,57,58,90,92,94,96,97,102" machi="9" ten="30,4000,0" yaku="0,1,8,1,52,1" doraHai="15" who="2" fromWho="2" sc="230,-10,250,-20,270,40,250,-10" /><INIT seed="2,0,0,3,4,5" ten="220,230,310,240" oya="2" hai0="68,104,95,122,90,15,77,61,12,8,44,71,78" hai1="21,79,58,96,49,48,134,43,103,67,92,73,39" hai2="24,25,23,99,69,74,110,0,84,106,54,66,126" hai3="111,50,53,85,10,98,82,51,123,75,14,80,31"/><V117/><F117/><W107/><G123/><T133/><D104/><U102/><E39/><V3/><F74/><W7/><G111/><T55/><D122/><U22/><E73/><V72/><F72/><W26/><G75/><T64/><D133/><U27/><E79/><V127/><F110/><W88/><G82/><T70/><D15/><U118/><E118/><V36/><F36/><W94/><G107/><T62/><D44/><U119/><E134/><V41/><F41/><W33/><REACH who="3" step="1"/><G53/><REACH who="3" ten="220,230,310,230" step="2"/><T105/><D105/><U129/><E119/><V13/><F54/><W125/><G125/><N who="2" m="47625" /><F106/><W135/><G135/><T47/><D55/><U19/><E129/><V109/><F109/><W59/><G59/><T108/><D108/><U9/><E58/><V35/><F69/><W46/><G46/><T97/><D47/><U116/><E116/><V28/><F66/><W83/><G83/><T89/><D71/><U114/><E67/><V115/><F115/><W29/><G29/><T20/><D70/><U63/><E114/><V2/><F99/><W40/><G40/><T113/><D113/><U57/><E43/><V34/><F84/><W11/><G11/><T1/><D68/><U60/><E9/><V132/><F132/><W87/><G87/><T81/><D81/><U56/><E96/><V4/><F25/><W6/><G6/><T120/><D97/><U121/><E121/><V30/><F30/><W42/><G42/><T38/><D64/><U52/><E52/><V91/><F91/><AGARI ba="0,1" hai="7,10,14,26,31,33,50,51,80,85,88,91,94,98" machi="91" ten="30,12000,2" yaku="1,1,7,1,52,1,54,1,53,2" doraHai="5" doraHaiUra="86" who="3" fromWho="2" sc="220,0,230,0,310,-120,230,130" /><INIT seed="3,0,0,1,3,79" ten="220,230,190,360" oya="3" hai0="9,113,89,83,133,106,70,78,26,53,77,0,101" hai1="8,68,10,90,64,17,7,43,34,102,52,32,57" hai2="13,122,117,40,135,104,5,48,127,91,131,119,55" hai3="109,105,14,20,126,114,80,84,3,23,132,39,125"/><W124/><G114/><T81/><D70/><U61/><E102/><V33/><F104/><W100/><G3/><T38/><D38/><U58/><E43/><V31/><F127/><W56/><G132/><T25/><D0/><U15/><E68/><V46/><F135/><W108/><G39/><T49/><D133/><U36/><E36/><V50/><F131/><W95/><G105/><T94/><D9/><U118/><E118/><V41/><F122/><W45/><G45/><T130/><D130/><U19/><E90/><V54/><F31/><W30/><G56/><T66/><D66/><U69/><E69/><V75/><F33/><W110/><G14/><T88/><D53/><U96/><E96/><V129/><F75/><W87/><G30/><T21/><D49/><U112/><E112/><V4/><F129/><W16/><G16/><T74/><D113/><U134/><E134/><V11/><F91/><N who="3" m="53735" /><G100/><T123/><D123/><U67/><E19/><V37/><F37/><W72/><G72/><N who="0" m="43175" /><D21/><U27/><E27/><V6/><F117/><W98/><G98/><N who="0" m="61751" /><D26/><U73/><E32/><V128/><F119/><W85/><G85/><N who="0" m="52495" /><D25/><U65/><E34/><V59/><REACH who="2" step="1"/><F128/><REACH who="2" ten="220,230,180,360" step="2"/><W97/><G97/><T62/><D62/><N who="1" m="36135" /><E73/><V115/><F115/><W28/><G28/><T76/><D89/><AGARI ba="0,1" hai="20,23,80,87,89,108,109,110,124,125,126" m="53735" machi="89" ten="40,12000,1" yaku="14,1,10,1,18,1,52,1" doraHai="79" who="3" fromWho="0" sc="220,-120,230,0,180,0,360,130" owari="100,-40.0,230,3.0,180,-22.0,490,59.0" /></mjloggm>