<mjloggm ver="2.3"><GO type="97" lobby="0"/><UN n0="%E6%A1%94%E6%A2%97%E5%B1%8B" n1="%E3%82%A6%E3%83%AB%E3%83%88%E3%83%A9%E7%AB%8B%E7%9B%B4" n2="%E3%83%96%E3%83%B3%E3%82%AC%E3%82%AF" n3="%4E%6F%4E%61%6D%65%35%34" dan="15,15,14,14" rate="1984.84,2026.00,1983.26,1915.80" sx="F,M,M,M"/><TAIKYOKU oya="0"/><INIT seed="0,0,0,0,5,83" ten="250,250,250,250" oya="0" hai0="20,71,85,46,19,114,124,99,33,96,101,9,107" hai1="132,51,133,69,87,135,7,122,80,94,52,118,63" hai2="39,32,3,112,10,49,125,120,26,126,106,24,86" hai3="34,91,84,131,109,8,53,30,70,55,45,79,82"/><T74/><D114/><U36/><E36/><V42/><F112/><W59/><G34/><T15/><D124/><N who="2" m="47722" /><F106/><W28/><G70/><T43/><D33/><U62/><E122/><V72/><F72/><W18/><G131/><T58/><D71/><U27/><E118/><V12/><F39/><W130/><G109/><T41/><D74/><U5/><E94/><V97/><F97/><W134/><G134/><T66/><D96/><U35/><E27/><V92/><F120/><W14/><G79/><T93/><D46/><N who="1" m="27767" /><E35/><V11/><F3/><W76/><G76/><T98/><D85/><U54/><E54/><V64/><F64/><W95/><G95/><T2/><D58/><U81/><E81/><V104/><F104/><W129/><G129/><T17/><D66/><N who="1" m="41175" /><E63/><V4/><F10/><W22/><G22/><T61/><D61/><U67/><E67/><V68/><F68/><W29/><G130/><T56/><D56/><U50/><E50/><V100/><F100/><W110/><G110/><T21/><D2/><U123/><E123/><V88/><F32/><W40/><REACH who="3" step="1"/><G59/><REACH who="3" ten="250,250,250,240" step="2"/><T103/><REACH who="0" step="1"/><D9/><REACH who="0" ten="240,250,250,240" step="2"/><U90/><AGARI ba="0,2" hai="5,7,80,87,90,132,133,135" m="41175,27767" machi="90" ten="30,4000,0" yaku="20,1,52,1,54,1" doraHai="83" who="1" fromWho="1" sc="240,-20,250,60,250,-10,240,-10" /><INIT seed="1,0,0,3,1,70" ten="220,310,240,230" oya="1" hai0="90,82,129,71,79,53,122,46,63,109,47,11,8" hai1="59,97,102,106,2,50,69,29,133,25,66,116,105" hai2="80,19,125,20,49,0,118,132,65,135,12,5,17" hai3="24,84,28,128,68,77,67,126,83,21,112,92,43"/><U1/><E106/><V99/><F65/><W111/><G112/><T7/><D109/><U6/><E6/><V41/><F118/><W14/><G111/><T54/><D129/><U57/><E116/><V94/><F125/><W93/><G126/><T27/><D122/><U55/><E59/><V48/><F80/><W75/><G68/><T32/><D71/><U58/><E58/><V130/><F130/><W100/><G67/><T62/><D32/><U134/><E2/><V107/><F107/><W121/><G121/><T74/><D27/><U45/><E57/><V39/><F0/><W23/><G43/><T81/><D90/><U36/><E1/><V117/><F5/><W113/><G75/><T9/><D7/><U78/><E78/><V3/><F19/><W73/><G73/><T120/><D120/><U35/><E36/><V42/><F3/><W98/><G113/><T115/><D115/><U15/><E15/><V40/><F117/><W64/><G64/><T30/><D30/><U124/><E124/><V87/><F39/><W16/><G128/><T56/><D82/><U44/><E44/><V86/><F135/><W110/><G110/><T91/><D91/><U51/><E51/><N who="2" m="19531" /><F132/><W61/><G61/><AGARI ba="0,0" hai="25,29,35,45,50,55,61,66,69,97,102,105,133,134" machi="61" ten="40,3900,0" yaku="25,2" doraHai="70" who="1" fromWho="3" sc="220,0,310,39,240,0,230,-39" /><INIT seed="1,1,0,4,3,63" ten="220,349,240,191" oya="1" hai0="134,78,35,74,0,90,108,64,24,20,40,38,89" hai1="8,12,3,62,46,70,22,30,54,124,19,18,81" hai2="125,27,28,120,57,104,103,10,43,114,67,85,2" hai3="131,128,94,122,112,5,91,110,44,29,99,61,39"/><U1/><E30/><V79/><F120/><W25/><G5/><T56/><D108/><U109/><E124/><V59/><F125/><W98/><G44/><T53/><D35/><U42/><E81/><V21/><F104/><W49/><G39/><T71/><D0/><U45/><E45/><V52/><F43/><W116/><G49/><T77/><D134/><U130/><E130/><N who="3" m="49706" /><G61/><T37/><D37/><U119/><E119/><V48/><F103/><W23/><G112/><T105/><D105/><U73/><E73/><V118/><F118/><W96/><G116/><T32/><D32/><U58/><E70/><V6/><F114/><W4/><G4/><T72/><D40/><U83/><E83/><V65/><REACH who="2" step="1"/><F57/><REACH who="2" ten="220,349,230,191" step="2"/><W68/><G122/><T135/><D71/><U107/><E107/><V84/><F84/><N who="3" m="52583" /><G110/><T121/><D121/><U123/><E123/><V95/><F95/><W132/><G68/><T102/><D74/><U76/><E109/><V80/><AGARI ba="1,1" hai="2,6,10,21,27,28,48,52,59,65,67,79,80,85" machi="80" ten="30,12000,2" yaku="1,1,0,1,52,2,54,1,53,1" doraHai="63" doraHaiUra="50" who="2" fromWho="2" sc="220,-31,349,-61,230,133,191,-31" /><INIT seed="2,0,0,4,0,95" ten="189,288,363,160" oya="2" hai0="9,97,134,17,110,21,41,130,44,67,60,22,96" hai1="0,93,119,72,11,101,23,59,54,122,126,8,82" hai2="128,112,127,55,34,113,116,80,2,70,13,132,6" hai3="49,88,102,69,115,125,120,83,20,43,94,48,16"/><V114/><F70/><W28/><G69/><T42/><D110/><U32/><E32/><V86/><F116/><W104/><G120/><T35/><D35/><U24/><E119/><V100/><F34/><W39/><G125/><T25/><D130/><U117/><E0/><V123/><F123/><W79/><G28/><N who="0" m="17463" /><D9/><U74/><E74/><V92/><F2/><W103/><G39/><T27/><D134/><U111/><E111/><V38/><F38/><W121/><G43/><N who="0" m="16395" /><D44/><U14/><E126/><V12/><F128/><W51/><G121/><T53/><D67/><U105/><E105/><V108/><F127/><W7/><G7/><T36/><D36/><U89/><E117/><V45/><F108/><W46/><G104/><T118/><D118/><U87/><E14/><V30/><F30/><W63/><G63/><T131/><D131/><U40/><E40/><V4/><F132/><W68/><G68/><T62/><D62/><U78/><E101/><V19/><F114/><W26/><G46/><T84/><D84/><U5/><E5/><N who="2" m="2155" /><F113/><W37/><G37/><T65/><D65/><U71/><E71/><V66/><F66/><W61/><G61/><T106/><D106/><U107/><E107/><V133/><F133/><W129/><G129/><T90/><D90/><U47/><E47/><V10/><F12/><W76/><G76/><T1/><D1/><U50/><E122/><V57/><F112/><W77/><G77/><T73/><D73/><U56/><E56/><AGARI ba="0,0" hai="17,21,27,53,56,60,96,97" m="16395,17463" machi="56" ten="30,3900,0" yaku="8,1,52,2" doraHai="95" who="0" fromWho="1" sc="189,39,288,-39,363,0,160,0" /><INIT seed="3,0,0,0,4,62" ten="228,249,363,160" oya="3" hai0="29,41,91,8,76,16,0,70,100,129,112,95,35" hai1="71,118,54,106,131,82,23,12,68,27,92,7,56" hai2="58,96,53,37,19,3,51,30,111,2,39,18,116" hai3="38,132,65,134,5,78,20,133,126,105,75,44,6"/><W36/><G44/><T86/><D129/><U94/><E106/><V80/><F116/><W90/><G105/><T107/><D112/><U15/><E71/><V59/><F30/><W119/><G78/><T26/><D41/><U66/><E68/><V97/><F111/><W42/><G42/><T48/><D48/><U33/><E33/><V50/><F80/><W4/><G20/><T98/><D0/><U102/><E102/><V72/><F53/><W93/><G119/><T121/><D121/><U113/><E113/><V122/><F72/><W9/><G9/><T124/><D124/><U87/><E15/><V99/><F99/><W11/><G11/><T104/><D76/><U74/><E74/><V130/><F130/><W64/><G75/><T17/><D8/><N who="1" m="4127" /><E54/><V115/><F115/><W57/><G57/><T84/><D107/><U120/><E120/><AGARI ba="0,0" hai="2,3,18,19,37,39,50,51,58,59,96,97,120,122" machi="120" ten="25,1600,0" yaku="22,2" doraHai="62" who="2" fromWho="1" sc="228,0,249,-16,363,16,160,0" owari="228,-17.0,233,3.0,379,48.0,160,-34.0" /></mjloggm>