<mjloggm ver="2.3"><GO type="41" lobby="0"/><UN n0="%E3%82%A6%E3%83%AB%E3%83%88%E3%83%A9%E7%AB%8B%E7%9B%B4" n1="%73%74%61%72%63%72%79" n2="%79%61%6D%61%68%69%72%6F" n3="%6D%6F%6E%69%6E%6F%6D%6F" dan="15,15,14,14" rate="2012.08,1967.27,1919.32,1895.60" sx="M,M,M,M"/><TAIKYOKU oya="0"/><INIT seed="0,0,0,5,5,25" ten="250,250,250,250" oya="0" hai0="91,78,95,5,98,57,112,102,58,128,84,47,124" hai1="7,42,86,115,70,87,27,79,32,114,50,68,19" hai2="45,75,62,18,66,121,120,88,96,133,29,60,104" hai3="99,100,34,10,63,94,126,37,109,134,52,72,80"/><T20/><D124/><U67/><E7/><V135/><F75/><W101/><G37/><T49/><D128/><U111/><E111/><V17/><F45/><W8/><G109/><T130/><D130/><U118/><E118/><V14/><F29/><W90/><G34/><T92/><D112/><N who="1" m="43051" /><E79/><V83/><F104/><W4/><G134/><N who="2" m="51209" /><F17/><W43/><G43/><T40/><D5/><U85/><E67/><V15/><F15/><W1/><G10/><T74/><D74/><U26/><E19/><V35/><F35/><W105/><G126/><T132/><D132/><U23/><E23/><V24/><F24/><N who="1" m="9257" /><E32/><V116/><F116/><W44/><G105/><T127/><D127/><U38/><E38/><V73/><F73/><W65/><G65/><T93/><D20/><U77/><E77/><V13/><F13/><W119/><G119/><T46/><D78/><U6/><E6/><V39/><F39/><W82/><G72/><T110/><D110/><U54/><E42/><V0/><F0/><W3/><G3/><T16/><D16/><U117/><E117/><V48/><F48/><W53/><G101/><N who="0" m="60615" /><D47/><AGARI ba="0,0" hai="47,50,54,68,70,85,86,87" m="9257,43051" machi="47" ten="30,1000,0" yaku="11,1" doraHai="25" who="1" fromWho="0" sc="250,-10,250,10,250,0,250,0" /><INIT seed="1,0,0,4,2,61" ten="240,260,250,250" oya="1" hai0="37,126,19,70,36,95,11,89,56,99,73,125,30" hai1="63,20,15,120,75,53,119,129,49,81,87,21,47" hai2="27,100,60,17,83,108,77,8,69,134,107,79,4" hai3="127,44,110,7,115,33,131,84,65,42,117,121,68"/><U118/><E120/><V10/><F108/><W31/><G7/><T80/><D70/><U135/><E75/><V54/><F134/><W113/><G84/><T97/><D30/><U39/><E39/><V109/><F109/><W28/><G110/><T6/><D19/><U50/><E135/><V85/><F79/><W13/><G13/><T103/><D56/><U94/><E129/><V25/><F4/><W12/><G12/><T38/><D73/><U74/><E74/><V22/><F27/><W128/><G121/><T78/><D78/><U133/><E133/><V59/><F69/><W41/><G127/><T48/><D48/><U116/><E94/><V104/><F100/><W26/><G117/><T43/><D43/><U0/><E0/><V9/><AGARI ba="0,0" hai="8,9,10,17,22,25,54,59,60,77,83,85,104,107" machi="9" ten="30,1100,0" yaku="0,1" doraHai="61" who="2" fromWho="2" sc="240,-3,260,-5,250,11,250,-3" /><INIT seed="2,0,0,3,0,71" ten="237,255,261,247" oya="2" hai0="67,53,130,33,99,23,127,36,70,135,100,37,57" hai1="122,6,126,102,112,74,1,17,82,98,65,60,90" hai2="114,54,120,12,116,107,51,87,121,69,21,128,26" hai3="93,80,133,119,104,109,13,75,24,132,52,5,63"/><V92/><F107/><W47/><G119/><T129/><D33/><U48/><E112/><V3/><F3/><W2/><G2/><T25/><D67/><U125/><E48/><V113/><F128/><N who="0" m="49258" /><D70/><U79/><E17/><V73/><F73/><W111/><G104/><N who="0" m="63519" /><D127/><N who="1" m="48651" /><E60/><V96/><F69/><W16/><G24/><T29/><D135/><N who="3" m="51785" /><G93/><T9/><D9/><U110/><E65/><V59/><F116/><W34/><G5/><T124/><D124/><U123/><E6/><V20/><F20/><N who="3" m="11279" /><G34/><T85/><D85/><U97/><E1/><V81/><F12/><W38/><G80/><T83/><D83/><U95/><E110/><V77/><F121/><N who="1" m="46089" /><E98/><V89/><REACH who="2" step="1"/><F120/><REACH who="2" ten="237,255,251,247" step="2"/><W0/><G0/><T61/><AGARI ba="0,1" hai="23,25,29,36,37,53,57,61" m="63519,49258" machi="61" ten="30,4000,0" yaku="19,1,52,2" doraHai="71" who="0" fromWho="0" sc="237,50,255,-10,251,-20,247,-10" /><INIT seed="3,0,0,0,2,71" ten="287,245,231,237" oya="3" hai0="58,125,31,60,105,14,11,95,88,131,28,50,62" hai1="104,70,68,122,86,7,38,43,20,23,82,94,54" hai2="80,85,91,18,41,75,121,64,123,101,129,67,127" hai3="81,66,22,26,34,13,55,9,63,36,115,49,51"/><W12/><G115/><T5/><D105/><U33/><E122/><V128/><F75/><W83/><G34/><T2/><D125/><U135/><E104/><V30/><F127/><W120/><G120/><N who="2" m="46153" /><F30/><N who="0" m="11306" /><D2/><U106/><E33/><V111/><F111/><W100/><G36/><T40/><D131/><N who="2" m="50250" /><F101/><W98/><G49/><T56/><D40/><U76/><E106/><V52/><F41/><W130/><G130/><T45/><D45/><U92/><E54/><V133/><F133/><W15/><G9/><T97/><D56/><U25/><E135/><V17/><F52/><AGARI ba="0,0" hai="5,11,14,50,52,58,60,62,88,95,97" m="11306" machi="52" ten="30,3900,0" yaku="8,1,54,2" doraHai="71" who="0" fromWho="2" sc="287,39,245,0,231,-39,237,0" /><INIT seed="4,0,0,0,3,45" ten="326,245,192,237" oya="0" hai0="40,17,96,75,56,24,70,15,74,115,55,31,110" hai1="8,9,23,21,20,50,68,52,98,104,111,123,28" hai2="94,44,16,82,76,89,22,60,93,134,61,26,48" hai3="126,119,4,39,38,18,105,62,19,107,97,77,7"/><T102/><D70/><U27/><E123/><V32/><F32/><W58/><G119/><T108/><D40/><U95/><E111/><N who="0" m="42537" /><D115/><U65/><E104/><V103/><F134/><W73/><G126/><T132/><D132/><U43/><E43/><V100/><F94/><W69/><G69/><T92/><D24/><U3/><E3/><V54/><F103/><W42/><G42/><T53/><D31/><U127/><E127/><V35/><F100/><W133/><G133/><T117/><D117/><U128/><E128/><V85/><REACH who="2" step="1"/><F35/><REACH who="2" ten="326,245,182,237" step="2"/><W106/><G107/><T81/><D81/><U36/><E95/><V5/><F5/><W63/><G106/><T113/><D113/><U78/><E98/><AGARI ba="0,1" hai="16,22,26,44,48,54,60,61,76,82,85,89,93,98" machi="98" ten="30,8000,1" yaku="1,1,7,1,8,1,52,1,54,1,53,0" doraHai="45" doraHaiUra="116" who="2" fromWho="1" sc="326,0,245,-80,182,90,237,0" /><INIT seed="5,0,0,0,2,31" ten="326,165,272,237" oya="1" hai0="8,127,120,20,73,83,90,110,36,66,87,122,88" hai1="7,106,46,28,9,24,35,27,14,107,63,121,76" hai2="53,105,89,97,101,104,134,56,54,112,75,114,130" hai3="84,80,124,51,123,52,38,60,69,13,37,19,39"/><U108/><E121/><N who="0" m="46697" /><D36/><U115/><E115/><N who="2" m="44075" /><F75/><W68/><G123/><T86/><D66/><U100/><E76/><V29/><F134/><W109/><G109/><T82/><D8/><U91/><E108/><V67/><F130/><W26/><G26/><T94/><D110/><U99/><E46/><V92/><F29/><W33/><G33/><T1/><D1/><U0/><E24/><V10/><F10/><W45/><G60/><T40/><D40/><U42/><E42/><V34/><F34/><W126/><G69/><T129/><D20/><U32/><E91/><V131/><F131/><W16/><G68/><T79/><D129/><U65/><E0/><V95/><F67/><W85/><G19/><T98/><D127/><N who="3" m="48681" /><G80/><T77/><D77/><U102/><E102/><V71/><F71/><W49/><G51/><T17/><D17/><U57/><E107/><N who="2" m="41035" /><F56/><W81/><G81/><T132/><D132/><U25/><E27/><V48/><F48/><W2/><G2/><T103/><D103/><U6/><E6/><V125/><F125/><W111/><G111/><T41/><D41/><U22/><AGARI ba="0,0" hai="7,9,14,22,25,28,32,35,57,63,65,99,100,106" machi="22" ten="20,7800,0" yaku="0,1,7,1,52,2" doraHai="31" who="1" fromWho="1" sc="326,-26,165,78,272,-26,237,-26" /><INIT seed="5,1,0,2,2,35" ten="300,243,246,211" oya="1" hai0="134,108,89,114,13,25,83,53,74,80,4,128,71" hai1="43,24,85,26,78,88,132,109,8,115,61,103,7" hai2="31,9,55,64,38,42,112,36,39,5,101,28,73" hai3="125,67,97,84,122,15,92,77,66,1,33,57,65"/><U14/><E115/><V22/><F73/><W111/><G122/><T130/><D71/><U120/><E120/><V72/><F72/><W100/><G33/><T107/><D4/><U11/><E132/><V104/><F112/><W94/><G111/><T10/><D10/><U49/><E109/><V69/><F42/><W23/><G1/><T126/><D13/><U3/><E103/><V52/><F64/><W54/><G125/><T18/><D18/><U87/><E78/><V0/><F69/><W58/><G92/><T131/><D25/><U48/><E85/><V21/><F101/><W110/><G110/><T17/><D17/><U12/><E61/><V127/><F127/><W46/><G46/><T95/><D53/><U63/><E63/><V118/><F118/><W105/><G105/><T30/><D30/><U70/><E70/><V41/><F41/><W93/><G54/><T124/><D114/><U6/><E43/><V68/><F68/><W91/><G77/><N who="0" m="44087" /><D107/><U20/><E3/><V117/><F104/><W129/><G129/><T34/><D34/><U106/><E106/><V135/><F117/><W29/><G15/><T44/><D108/><U59/><E59/><V116/><F116/><W86/><REACH who="3" step="1"/><G84/><REACH who="3" ten="300,243,246,201" step="2"/><N who="0" m="50335" /><D44/><U113/><E113/><V45/><F45/><W47/><G47/><T121/><D121/><U102/><E102/><V76/><F39/><W98/><G98/><T133/><D95/><N who="1" m="54687" /><E26/><AGARI ba="1,1" hai="23,26,29,57,58,65,66,67,86,91,93,94,97,100" machi="26" ten="40,2600,0" yaku="1,1,8,1,53,0" doraHai="35" doraHaiUra="123" who="3" fromWho="1" sc="300,0,243,-29,246,0,201,39" /><INIT seed="6,0,0,3,3,48" ten="300,214,246,240" oya="2" hai0="17,70,43,55,134,18,135,40,9,91,133,57,25" hai1="85,123,21,14,0,95,10,66,16,92,44,119,106" hai2="5,115,99,131,32,102,27,130,24,86,112,80,22" hai3="49,89,15,46,120,28,13,59,12,33,45,56,7"/><V50/><F5/><W101/><G120/><T34/><D70/><U74/><E119/><V52/><F32/><W128/><G7/><T75/><D75/><U36/><E106/><N who="2" m="63839" /><F86/><W79/><G79/><T38/><D91/><U58/><E74/><V19/><F80/><W63/><G101/><T8/><D8/><U61/><E123/><V90/><F90/><W26/><G89/><T121/><D121/><U72/><E72/><V93/><F93/><W69/><G128/><N who="2" m="49193" /><F27/><W94/><G94/><T30/><D38/><U31/><E85/><V2/><F2/><W100/><G100/><T53/><D25/><N who="1" m="16815" /><E0/><V82/><F82/><W96/><G96/><T68/><D34/><U71/><E71/><V29/><F29/><W110/><G59/><AGARI ba="0,0" hai="19,22,24,50,52,59,112,115" m="49193,63839" machi="59" ten="30,5800,0" yaku="19,1,52,1,54,1" doraHai="48" who="2" fromWho="3" sc="300,0,214,0,246,58,240,-58" /><INIT seed="6,1,0,1,0,115" ten="300,214,304,182" oya="2" hai0="29,121,62,103,89,95,72,88,50,51,73,119,43" hai1="74,122,18,124,120,30,91,60,108,131,23,47,40" hai2="69,93,101,125,31,130,58,99,80,20,49,84,1" hai3="126,26,13,82,65,132,14,39,118,63,2,33,67"/><V114/><F69/><W3/><G39/><T61/><D121/><U54/><E108/><V90/><F1/><W71/><G132/><T37/><D37/><U96/><E74/><V112/><F125/><W32/><G82/><T12/><D103/><U127/><E30/><V134/><F134/><W75/><G75/><T17/><D29/><U86/><E96/><V102/><F102/><W35/><G126/><N who="1" m="48170" /><E23/><V15/><F130/><W116/><G26/><T24/><D24/><U70/><E18/><V117/><F117/><N who="3" m="45163" /><G63/><T22/><D62/><U59/><E91/><V64/><F49/><W109/><G109/><T19/><D61/><U79/><E79/><V107/><F107/><W53/><G53/><T123/><D51/><N who="1" m="27111" /><E86/><V87/><F87/><W106/><G71/><T78/><D78/><U41/><E41/><V25/><F15/><N who="3" m="5643" /><G106/><T52/><D73/><U7/><E7/><V34/><F34/><W16/><G16/><T113/><D19/><U57/><E131/><V111/><F111/><W21/><G21/><T5/><D22/><U55/><E70/><V110/><F110/><W45/><G45/><T8/><D17/><U36/><E36/><V77/><F77/><W10/><G10/><T94/><D8/><U135/><E135/><V0/><F0/><AGARI ba="1,0" hai="0,2,3,32,33,35,65,67" m="5643,45163" machi="0" ten="40,8000,1" yaku="28,2,52,3" doraHai="115" who="3" fromWho="2" sc="300,0,214,0,304,-83,182,83" /><INIT seed="7,0,0,4,2,21" ten="300,214,221,265" oya="3" hai0="29,65,60,14,99,10,92,93,75,94,33,23,57" hai1="30,69,77,45,70,91,89,24,131,116,74,95,26" hai2="34,42,114,20,124,72,28,25,84,83,13,134,66" hai3="129,97,120,68,109,88,90,2,112,5,37,15,130"/><W38/><G112/><T51/><D75/><U39/><E131/><N who="3" m="50186" /><G120/><T3/><D3/><U6/><E116/><V115/><F72/><W81/><G68/><T79/><D79/><U17/><E6/><V110/><F110/><W122/><G122/><T63/><D33/><U53/><E77/><V132/><F124/><W96/><G2/><T32/><D32/><U59/><E74/><V43/><F66/><W102/><G109/><T87/><D87/><U35/><E39/><N who="3" m="14858" /><G81/><T48/><D63/><U133/><E45/><V52/><F34/><W40/><G40/><T41/><D41/><U56/><E133/><N who="2" m="51307" /><F13/><W46/><G46/><T16/><D99/><N who="3" m="37961" /><G102/><T22/><D22/><U104/><E104/><V47/><F43/><W80/><G80/><T36/><D36/><U118/><E118/><V44/><F42/><W55/><G55/><T31/><D23/><N who="1" m="13423" /><E59/><V117/><F117/><W113/><G113/><N who="2" m="43017" /><F52/><W105/><G105/><T7/><D7/><U126/><E89/><AGARI ba="0,0" hai="20,25,28,44,47,83,84,89" m="43017,51307" machi="89" ten="30,3900,0" yaku="20,1,15,1,52,1" doraHai="21" who="2" fromWho="1" sc="300,0,214,-39,221,39,265,0" owari="300,39.0,175,-32.0,260,-14.0,265,7.0" /></mjloggm>