<mjloggm ver="2.3"><GO type="97" lobby="0"/><UN n0="%52%61%6D%61%6E%75%6A%61" n1="%E5%A4%A2%E5%92%B2" n2="%E8%8B%B1%E8%AA%9E%E7%94%B7" n3="%E3%82%A6%E3%83%AB%E3%83%88%E3%83%A9%E7%AB%8B%E7%9B%B4" dan="15,14,14,14" rate="1997.56,2002.13,1899.26,1959.18" sx="M,M,M,M"/><TAIKYOKU oya="0"/><INIT seed="0,0,0,2,3,2" ten="250,250,250,250" oya="0" hai0="43,66,95,22,50,10,29,70,21,13,86,84,35" hai1="53,81,111,34,59,12,44,85,54,14,58,28,94" hai2="119,18,63,26,133,55,0,74,93,61,89,80,52" hai3="114,130,24,75,42,40,51,106,132,107,37,30,6"/><T122/><D122/><U100/><E111/><V131/><F119/><W113/><G75/><T3/><D3/><U125/><E125/><V76/><F131/><W20/><G37/><T46/><D35/><U92/><E28/><V48/><F0/><W103/><G130/><T17/><D29/><U90/><E34/><V96/><F133/><W27/><G132/><T97/><D70/><U78/><E44/><V19/><F96/><W123/><G30/><T69/><D69/><U4/><E100/><V38/><F38/><W49/><G20/><T1/><D66/><U109/><E109/><V129/><F129/><W104/><G104/><T7/><REACH who="0" step="1"/><D22/><REACH who="0" ten="240,250,250,250" step="2"/><U25/><E25/><V91/><F26/><W67/><G67/><T134/><D134/><U41/><E14/><V57/><F19/><W9/><G123/><T60/><D60/><U72/><E12/><V126/><F18/><W88/><G27/><T73/><D73/><U36/><E4/><V128/><F63/><W77/><G24/><T102/><AGARI ba="0,1" hai="1,7,10,13,17,21,43,46,50,84,86,95,97,102" machi="102" ten="20,7800,0" yaku="1,1,0,1,7,1,52,1,53,0" doraHai="2" doraHaiUra="65" who="0" fromWho="0" sc="240,88,250,-26,250,-26,250,-26" /><INIT seed="0,1,0,3,3,124" ten="328,224,224,224" oya="0" hai0="24,29,20,46,44,64,18,88,63,69,68,131,56" hai1="41,107,87,71,62,42,60,100,31,61,10,116,93" hai2="25,120,82,77,47,34,91,12,85,35,117,21,128" hai3="9,65,3,49,119,94,43,75,52,81,15,7,58"/><T37/><D131/><U109/><E116/><V111/><F120/><W11/><G119/><T92/><D29/><U122/><E122/><V83/><F117/><W40/><G65/><T55/><D37/><U19/><E109/><V16/><F111/><W110/><G110/><T6/><D6/><U112/><E71/><V133/><F133/><W54/><G75/><T121/><D121/><U80/><E112/><V2/><F2/><W36/><G36/><T115/><D115/><U126/><E107/><V129/><F47/><W86/><G94/><T45/><REACH who="0" step="1"/><D64/><REACH who="0" ten="318,224,224,224" step="2"/><U123/><E31/><V26/><F35/><W70/><G3/><T79/><D79/><U132/><E123/><V76/><F77/><N who="3" m="46383" /><G70/><T98/><AGARI ba="1,1" hai="18,20,24,44,45,46,55,56,63,68,69,88,92,98" machi="98" ten="30,12000,1" yaku="1,1,0,1,25,2,54,1,53,0" doraHai="124" doraHaiUra="97" who="0" fromWho="0" sc="318,133,224,-41,224,-41,224,-41" /><INIT seed="0,2,0,5,0,54" ten="451,183,183,183" oya="0" hai0="45,115,2,123,3,122,71,7,5,1,131,120,104" hai1="67,44,41,100,33,59,61,49,14,112,42,90,99" hai2="124,28,92,97,66,60,63,56,70,17,110,118,72" hai3="26,83,77,32,91,82,22,87,121,20,38,43,37"/><T94/><D71/><U96/><E33/><V95/><F124/><W64/><G121/><T101/><D45/><U111/><E111/><V125/><F110/><W10/><G32/><T117/><D94/><U52/><E112/><V9/><F125/><W103/><G103/><T128/><D115/><U21/><E90/><V98/><F118/><W102/><G102/><T34/><D117/><U84/><E84/><V93/><F72/><W119/><G119/><T69/><D69/><U89/><E89/><V76/><F76/><W134/><G134/><T133/><D133/><U4/><E99/><V13/><F28/><W48/><G64/><T24/><D101/><U85/><E85/><V132/><F132/><W81/><G38/><T8/><D104/><U39/><E39/><V88/><REACH who="2" step="1"/><F98/><REACH who="2" ten="451,183,173,183" step="2"/><W51/><G77/><T78/><D78/><U50/><E50/><N who="3" m="18986" /><G37/><T113/><D113/><U6/><E42/><V58/><F58/><W19/><G43/><T108/><D108/><U27/><E41/><V107/><F107/><W40/><G40/><T12/><D7/><U18/><E27/><V129/><F129/><W35/><G35/><T74/><D74/><U47/><E44/><V65/><AGARI ba="2,1" hai="9,13,17,56,60,63,65,66,70,88,92,93,95,97" machi="65" ten="20,8000,1" yaku="1,1,0,1,7,1,52,1,54,1,53,0" doraHai="54" doraHaiUra="106" who="2" fromWho="2" sc="451,-42,183,-22,173,96,183,-22" /><INIT seed="1,0,0,0,3,58" ten="409,161,269,161" oya="1" hai0="104,44,64,24,86,85,100,3,27,69,101,112,115" hai1="109,18,131,134,71,46,77,10,5,122,57,110,28" hai2="129,87,19,54,66,128,59,16,116,1,50,98,38" hai3="8,20,14,4,76,68,92,88,102,55,72,84,67"/><U65/><E71/><V120/><F116/><W89/><G72/><T49/><D64/><U33/><E122/><V2/><F120/><W121/><G121/><T111/><D111/><N who="1" m="42507" /><E18/><N who="2" m="6699" /><F38/><W124/><G124/><T31/><D69/><U113/><E113/><V21/><F87/><W37/><G37/><T135/><D135/><U97/><E134/><V51/><F98/><W81/><G20/><T62/><D104/><U103/><E131/><N who="2" m="50251" /><F21/><W99/><REACH who="3" step="1"/><G55/><REACH who="3" ten="409,161,269,151" step="2"/><T12/><D115/><U23/><E23/><V35/><F35/><W15/><G15/><T91/><D112/><U53/><E33/><V61/><F66/><W34/><G34/><T73/><D73/><U42/><E65/><V70/><F70/><W123/><G123/><T117/><D12/><N who="1" m="5199" /><E28/><V36/><F36/><W41/><G41/><T29/><D31/><U107/><E42/><V130/><F130/><W114/><G114/><T82/><D29/><U96/><E46/><V45/><F45/><W90/><G90/><T126/><D44/><U125/><E125/><V6/><F2/><W108/><G108/><T47/><D3/><U74/><E74/><V78/><F78/><W39/><G39/><T0/><D126/><U118/><E118/><V94/><F1/><W13/><G13/><T63/><D117/><U79/><E96/><V60/><F54/><W52/><G52/><N who="0" m="29759" /><D0/><U106/><E107/><V11/><F11/><W40/><G40/><T80/><D91/><U43/><E43/><V95/><F6/><W22/><G22/><T56/><D101/><U25/><E25/><N who="0" m="9801" /><D100/><U75/><E75/><V93/><F59/><RYUUKYOKU ba="0,1" sc="409,-30,161,10,269,10,151,10" hai1="53,57,77,79,97,103,106" hai2="50,51,60,61,93,94,95" hai3="4,8,14,67,68,76,81,84,88,89,92,99,102" /><INIT seed="1,1,1,5,0,62" ten="379,171,279,161" oya="1" hai0="85,77,93,28,126,51,63,114,134,128,31,26,104" hai1="97,86,91,70,66,40,44,57,127,52,133,36,90" hai2="50,48,83,13,110,23,135,59,124,29,56,125,82" hai3="55,130,121,4,118,79,96,123,14,109,115,84,16"/><U15/><E127/><N who="2" m="48715" /><F29/><W6/><G115/><T117/><D126/><U10/><E133/><V46/><F23/><W112/><G112/><T18/><D104/><U11/><E97/><V49/><F13/><W65/><G118/><T42/><D117/><U35/><E35/><V80/><F46/><W0/><G0/><T19/><D114/><U21/><E21/><V30/><F30/><W47/><G109/><T32/><D134/><U45/><E10/><V5/><F135/><W87/><G96/><T81/><D128/><U89/><E45/><V53/><F5/><N who="3" m="2155" /><G130/><T27/><D51/><N who="1" m="28775" /><E70/><V69/><F69/><W122/><G123/><T131/><D131/><U33/><E33/><V60/><F110/><W37/><G37/><T34/><D42/><U73/><E40/><V3/><F3/><W78/><G121/><T113/><D113/><U106/><E36/><V38/><F38/><W20/><G122/><T17/><D63/><N who="1" m="38255" /><E73/><V54/><AGARI ba="1,1" hai="48,49,50,53,54,56,59,60,80,82,83" m="48715" machi="54" ten="40,1500,0" yaku="18,1" doraHai="62" who="2" fromWho="2" sc="379,-5,171,-8,279,28,161,-5" /><INIT seed="2,0,0,5,5,21" ten="374,163,307,156" oya="2" hai0="3,29,105,99,50,28,87,39,6,108,126,20,61" hai1="123,84,102,135,33,119,121,1,78,63,129,13,15" hai2="92,27,101,31,106,46,52,55,107,124,35,114,49" hai3="57,16,58,44,83,82,67,133,10,14,40,85,72"/><V80/><F114/><W120/><G120/><T64/><D39/><U90/><E1/><V19/><F124/><W81/><G133/><T98/><D108/><U26/><E119/><V24/><F80/><W32/><G32/><T51/><D126/><U113/><E78/><V125/><F125/><W62/><G72/><T56/><D3/><U130/><E113/><V41/><F106/><W59/><REACH who="3" step="1"/><G85/><REACH who="3" ten="374,163,307,146" step="2"/><T60/><D87/><U86/><E135/><V22/><REACH who="2" step="1"/><F107/><REACH who="2" ten="374,163,297,146" step="2"/><W103/><G103/><T65/><D105/><U109/><E102/><V43/><F43/><W12/><G12/><T91/><D98/><AGARI ba="0,2" hai="19,22,24,27,31,35,41,46,49,52,55,92,98,101" machi="98" ten="40,12000,1" yaku="1,1,52,2,54,1,53,0" doraHai="21" doraHaiUra="73" who="2" fromWho="0" sc="374,-120,163,0,297,140,146,0" /><INIT seed="2,1,0,1,5,42" ten="254,163,437,146" oya="2" hai0="97,59,75,80,132,49,129,86,39,2,52,13,92" hai1="85,83,44,12,110,28,123,115,58,103,96,51,98" hai2="38,108,131,106,79,100,43,109,93,26,56,17,10" hai3="113,116,68,71,84,135,127,60,104,107,55,46,64"/><V72/><F106/><W126/><G107/><T65/><D129/><U62/><E110/><N who="2" m="42603" /><F56/><N who="3" m="36871" /><G84/><T27/><D132/><U22/><E115/><V1/><F131/><W23/><G23/><T66/><D75/><U112/><E112/><V4/><F100/><W40/><G104/><T111/><D39/><U134/><E123/><V70/><F93/><W125/><G113/><T45/><D2/><U87/><E134/><V24/><F17/><W33/><G33/><T15/><D111/><U76/><E87/><V14/><F14/><N who="0" m="5130" /><D59/><U8/><E103/><V101/><F101/><W0/><G0/><T67/><D27/><U78/><E78/><V133/><F70/><N who="3" m="26667" /><G135/><T77/><D67/><U120/><E120/><V30/><F30/><W69/><N who="3" m="26675" /><W20/><DORA hai="102" /><G20/><T117/><D117/><U11/><E11/><V105/><F105/><W95/><G95/><T7/><D7/><U3/><E3/><V130/><F133/><W16/><G16/><T82/><D82/><U81/><E81/><N who="2" m="45287" /><F130/><W122/><G122/><T63/><D92/><U118/><E28/><V29/><F29/><W91/><G91/><T94/><D94/><U124/><E22/><V21/><F21/><W48/><G116/><T73/><D73/><U90/><E118/><V119/><F119/><W18/><G18/><T19/><D19/><N who="1" m="8583" /><E90/><V5/><F5/><W6/><G6/><T57/><D97/><U35/><E35/><V9/><F9/><W34/><G34/><T47/><D80/><U99/><E96/><V54/><F10/><W88/><G88/><T128/><D128/><U89/><E98/><RYUUKYOKU ba="1,0" sc="254,-10,163,-10,437,-10,146,30" hai3="40,46,48,55,125,126,127" /><INIT seed="3,2,0,1,5,48" ten="244,153,427,176" oya="3" hai0="6,17,40,49,70,71,106,31,8,2,104,98,95" hai1="135,87,52,25,45,27,127,44,82,97,111,80,119" hai2="63,23,43,128,113,30,88,37,129,72,64,4,69" hai3="73,120,51,115,53,5,116,0,89,86,121,19,101"/><W28/><G73/><T103/><D31/><U10/><E119/><V42/><F113/><W62/><G115/><T126/><D126/><U107/><E111/><V58/><F72/><W18/><G116/><T112/><D112/><U16/><E127/><V77/><F77/><W57/><G28/><T50/><D17/><N who="3" m="6153" /><G0/><T21/><D21/><U15/><E135/><V85/><F4/><W66/><G120/><T117/><D117/><U36/><E36/><V60/><F23/><W24/><G121/><T100/><D40/><U90/><E80/><N who="2" m="49191" /><F30/><W102/><G5/><T22/><D22/><U110/><E110/><V38/><F37/><W39/><G39/><T74/><D74/><U7/><E7/><V132/><F132/><W94/><G24/><T96/><D95/><U114/><E114/><V3/><F3/><W118/><G118/><T11/><D11/><U68/><E68/><AGARI ba="2,0" hai="2,6,8,49,50,68,70,71,96,98,100,103,104,106" machi="68" ten="40,1300,0" yaku="9,1" doraHai="48" who="0" fromWho="1" sc="244,19,153,-19,427,0,176,0" owari="263,6.0,134,-37.0,427,53.0,176,-22.0" /></mjloggm>