<mjloggm ver="2.3"><GO type="193" lobby="0"/><UN n0="%E8%B6%85%E9%9B%BB%E7%A3%81%E5%AE%AE%E6%B0%B8%E7%85%A7" n1="%E5%B0%B1%E6%B4%BB%E7%94%9F%40%E5%B7%9D%E6%9D%91%E8%BB%8D%E5%9B%A3" n2="%E5%8A%A0%E5%A4%9A%E7%80%AC%E6%89%8B" n3="%73%75%6E%64%61%79%37%37" dan="12,12,12,9" rate="1737.72,1828.80,1715.77,1313.42" sx="M,M,M,M"/><TAIKYOKU oya="0"/><INIT seed="0,0,0,1,0,3" ten="250,250,250,250" oya="0" hai0="55,6,98,16,35,80,113,96,1,76,23,47,125" hai1="79,52,75,59,25,54,120,99,129,82,130,26,66" hai2="103,101,9,22,104,30,44,127,111,67,92,27,63" hai3="57,42,46,15,88,28,108,7,102,45,69,126,64"/><T62/><D113/><U124/><E120/><V84/><F127/><W49/><G126/><T41/><D35/><U48/><E124/><V29/><F29/><W115/><G115/><T132/><D125/><U51/><E66/><V39/><F111/><W93/><G102/><T17/><D132/><U14/><E99/><V83/><F104/><W10/><G108/><T105/><D105/><U2/><E2/><V107/><F107/><W70/><G28/><T118/><D118/><U73/><E73/><V86/><F39/><W58/><G64/><T43/><D62/><U78/><E78/><V122/><F122/><W135/><G135/><T12/><D55/><U50/><E14/><V106/><F106/><W131/><G131/><N who="1" m="50186" /><E51/><V134/><F134/><W133/><G133/><T100/><D43/><U4/><E4/><V89/><F44/><AGARI ba="0,0" hai="25,26,44,48,50,52,54,59,75,79,82" m="50186" machi="44" ten="30,2000,0" yaku="19,1,54,1" doraHai="3" who="1" fromWho="2" sc="250,0,250,20,250,-20,250,0" /><INIT seed="1,0,0,5,0,118" ten="250,270,230,250" oya="1" hai0="70,90,134,79,123,110,55,50,18,135,10,107,94" hai1="87,11,39,75,9,30,86,103,102,17,96,83,81" hai2="95,68,22,82,115,44,112,133,31,2,78,1,114" hai3="6,23,101,73,29,15,5,42,8,64,45,91,65"/><U77/><E39/><V46/><F68/><W92/><G73/><T3/><D70/><U88/><E30/><V57/><F133/><N who="0" m="50698" /><D107/><U16/><E75/><V25/><F95/><W120/><G120/><T41/><D79/><U99/><REACH who="1" step="1"/><E88/><REACH who="1" ten="250,260,230,250" step="2"/><V89/><F89/><W116/><G116/><T74/><D74/><U27/><E27/><V24/><F24/><N who="3" m="16543" /><G101/><T111/><D41/><U100/><E100/><V59/><F82/><W72/><G72/><T53/><D123/><U20/><E20/><V130/><F130/><W35/><G35/><T32/><D32/><U127/><E127/><V62/><F78/><AGARI ba="0,1" hai="9,11,16,17,77,78,81,83,86,87,96,99,102,103" machi="78" ten="25,12000,1" yaku="1,1,22,2,8,1,54,1,53,0" doraHai="118" doraHaiUra="113" who="1" fromWho="2" sc="250,0,260,130,230,-120,250,0" /><INIT seed="1,1,0,4,4,130" ten="250,390,110,250" oya="1" hai0="72,81,67,22,90,20,96,110,118,76,78,10,36" hai1="4,13,84,29,88,1,17,74,125,89,50,112,93" hai2="126,65,53,54,86,6,26,28,100,120,38,71,111" hai3="25,34,43,62,135,134,15,31,2,85,70,113,60"/><U95/><E112/><V127/><F6/><W131/><G113/><T115/><D118/><U101/><E74/><V122/><F100/><W59/><G2/><T124/><D115/><U68/><E125/><N who="2" m="47627" /><F86/><W48/><G70/><T99/><D124/><U87/><E68/><V69/><F26/><W106/><G106/><T5/><D67/><U66/><E66/><V35/><F35/><W123/><G123/><N who="2" m="47145" /><F28/><W19/><G131/><T132/><D110/><U9/><E29/><V51/><F111/><W116/><G116/><T58/><D58/><U119/><E119/><V82/><F82/><W97/><G97/><T63/><D63/><U57/><E101/><V16/><F16/><W3/><G3/><T14/><D36/><U21/><E50/><V61/><F38/><W18/><G43/><T44/><D44/><U23/><E57/><N who="2" m="34991" /><F65/><W107/><G107/><T117/><D117/><U42/><E42/><V41/><F41/><W64/><G85/><T11/><D78/><U91/><E91/><V108/><F108/><W75/><G75/><T27/><D11/><AGARI ba="1,0" hai="1,4,9,11,13,17,21,23,84,87,88,89,93,95" machi="11" ten="30,5800,0" yaku="7,1,9,1,54,1" doraHai="130" who="1" fromWho="0" sc="250,-61,390,61,110,0,250,0" /><INIT seed="1,2,0,5,2,21" ten="189,451,110,250" oya="1" hai0="54,123,104,72,33,1,34,63,9,2,41,28,111" hai1="113,35,110,31,100,74,103,96,59,89,64,40,121" hai2="50,4,75,14,115,108,127,77,11,47,135,95,73" hai3="128,13,6,44,39,20,56,86,120,23,93,27,46"/><U119/><E121/><V122/><F108/><W99/><G120/><T68/><D111/><U0/><E74/><V57/><F122/><W37/><G128/><T18/><D123/><U106/><E0/><V19/><F115/><W62/><G39/><T85/><D41/><U66/><E113/><V134/><F127/><W29/><G37/><T25/><D72/><U76/><E119/><V102/><F77/><W109/><G109/><T51/><D34/><U3/><E3/><V79/><F79/><W8/><G86/><T118/><D118/><U61/><E103/><V38/><F38/><W130/><G130/><T45/><D104/><U114/><E114/><V7/><F75/><W58/><G56/><T65/><D85/><U5/><E5/><V131/><F73/><W22/><G22/><T132/><D132/><U97/><E76/><V55/><F131/><W87/><G87/><T129/><D129/><U126/><E40/><V94/><F47/><W84/><G84/><T80/><D80/><U117/><E117/><V124/><F124/><W98/><G98/><T43/><D43/><U42/><E42/><V15/><F102/><N who="3" m="60783" /><G23/><T36/><D36/><U91/><E35/><V88/><F95/><W70/><G70/><T105/><D105/><U12/><E100/><V52/><F55/><AGARI ba="2,0" hai="6,8,13,20,27,29,44,46,55,58,62" m="60783" machi="55" ten="30,2000,0" yaku="8,1,52,1" doraHai="21" who="3" fromWho="2" sc="189,0,451,0,110,-26,250,26" /><INIT seed="2,0,0,1,4,1" ten="189,451,84,276" oya="2" hai0="33,37,89,128,6,108,106,72,86,50,0,3,43" hai1="38,95,30,117,94,65,133,40,32,103,111,18,54" hai2="66,91,13,29,107,26,132,87,56,85,135,36,45" hai3="90,19,105,12,75,7,71,10,125,113,115,16,127"/><V116/><F107/><W120/><G105/><T69/><D106/><U112/><E65/><V5/><F116/><W52/><G75/><T83/><D69/><U134/><E54/><V46/><F36/><W64/><G71/><T53/><D33/><U104/><E32/><V48/><F66/><W78/><G78/><T100/><D108/><U42/><E30/><V76/><F76/><W118/><G64/><T96/><D128/><U126/><E103/><V74/><F74/><W119/><G120/><T82/><D96/><U73/><E73/><V34/><F56/><W109/><G109/><T110/><D100/><U101/><E101/><V35/><F35/><W81/><G81/><T123/><D123/><U14/><E111/><V8/><F46/><W68/><G68/><T131/><D0/><U20/><E38/><V80/><REACH who="2" step="1"/><F87/><REACH who="2" ten="189,451,74,276" step="2"/><W4/><G52/><AGARI ba="0,1" hai="5,8,13,26,29,34,45,48,52,80,85,91,132,135" machi="52" ten="40,12000,1" yaku="1,1,2,1,52,1,54,1,53,0" doraHai="1" doraHaiUra="67" who="2" fromWho="3" sc="189,0,451,0,74,130,276,-120" /><INIT seed="2,1,0,1,5,81" ten="189,451,204,156" oya="2" hai0="134,132,7,116,117,103,101,58,63,54,82,38,60" hai1="8,15,78,96,0,4,17,47,112,87,69,49,94" hai2="85,14,102,120,35,16,100,113,125,76,56,53,122" hai3="115,90,131,88,61,59,118,67,92,105,98,110,57"/><V66/><F113/><W22/><G118/><N who="0" m="45675" /><D7/><U62/><E112/><V13/><F35/><W65/><G115/><T43/><D82/><U23/><E69/><V121/><F66/><W72/><G72/><T91/><D91/><U70/><E70/><V128/><F125/><W32/><G110/><T75/><D75/><U130/><E62/><N who="0" m="23593" /><D101/><U30/><E30/><V73/><F73/><W39/><G131/><T108/><D103/><U111/><E111/><V36/><F36/><W51/><G105/><T26/><D26/><U41/><E130/><V55/><F128/><W52/><G39/><T24/><D24/><U68/><E68/><V46/><F46/><W42/><G32/><T124/><D108/><U83/><E0/><V40/><F40/><W9/><G9/><T127/><D43/><U1/><E1/><V74/><F74/><W18/><G42/><T19/><D19/><U33/><E33/><V27/><F27/><W48/><G51/><N who="0" m="31071" /><D38/><U25/><E94/><V126/><F126/><AGARI ba="1,0" hai="124,126,127,132,134" m="31071,23593,45675" machi="126" ten="40,8000,1" yaku="18,1,12,1,34,2" doraHai="81" who="0" fromWho="2" sc="189,83,451,0,204,-83,156,0" /><INIT seed="3,0,0,5,5,125" ten="272,451,121,156" oya="3" hai0="29,87,120,50,132,32,1,6,103,21,88,7,122" hai1="98,75,17,99,89,111,9,126,10,13,135,121,82" hai2="69,51,95,78,41,42,81,90,31,71,14,39,60" hai3="38,48,27,58,64,46,76,101,24,128,45,55,119"/><W130/><G119/><T47/><D132/><U30/><E126/><V20/><F39/><W133/><G38/><T2/><D32/><U57/><E121/><V92/><F71/><W72/><G72/><T61/><D103/><U113/><E30/><V0/><F0/><W68/><G133/><T94/><D61/><U66/><E135/><V5/><F69/><W8/><G76/><T84/><D1/><U37/><E37/><V59/><F95/><W33/><G33/><T79/><D2/><U74/><E113/><V108/><F108/><W80/><G80/><T127/><D127/><U107/><E111/><V18/><F31/><W23/><G101/><T54/><D120/><U105/><E57/><V56/><F5/><W26/><G8/><T3/><D3/><U109/><E66/><V114/><F114/><W123/><G123/><T34/><D34/><U36/><E36/><V19/><F19/><W77/><G77/><T53/><D54/><U116/><E116/><V43/><F81/><W102/><G102/><T11/><D11/><U91/><E82/><V4/><F4/><W35/><G35/><T134/><D134/><U115/><E109/><V97/><F78/><W25/><N who="3" m="6656" /><DORA hai="124" /><W100/><G100/><T83/><D122/><U12/><E115/><V63/><REACH who="2" step="1"/><F51/><REACH who="2" ten="272,451,111,156" step="2"/><W112/><G112/><T110/><D110/><U73/><E73/><V131/><F131/><N who="3" m="50219" /><G23/><T117/><D117/><U44/><E75/><V49/><F49/><W62/><AGARI ba="0,1" hai="45,46,48,55,58,62,64,68" m="50219,6656" machi="62" ten="50,18000,2" yaku="19,1,52,6" doraHai="125,124" who="3" fromWho="3" sc="272,-60,451,-60,111,-60,156,190" /><INIT seed="3,1,0,0,0,81" ten="212,391,51,346" oya="3" hai0="108,128,37,95,101,106,69,109,67,27,125,129,23" hai1="63,33,133,5,86,112,96,131,62,34,135,94,78" hai2="48,132,71,43,111,114,121,64,55,105,70,88,44" hai3="0,124,79,47,28,3,76,117,102,115,52,16,104"/><W35/><G117/><T68/><D95/><U113/><E131/><N who="0" m="50249" /><D23/><U120/><E5/><V85/><F105/><W8/><G115/><N who="1" m="44106" /><E78/><V90/><F114/><W97/><G124/><T57/><D27/><U58/><E86/><V22/><F121/><W49/><G0/><T66/><D101/><N who="1" m="60567" /><E62/><V9/><F111/><N who="0" m="42570" /><D106/><U29/><E120/><V4/><F132/><N who="1" m="50761" /><E29/><V31/><F31/><W18/><G3/><T100/><D100/><U103/><E103/><V92/><F22/><W20/><G8/><T107/><D107/><U84/><E84/><V77/><F77/><W12/><G18/><T59/><D37/><U130/><E130/><V73/><F73/><W21/><G21/><T60/><D125/><U42/><E42/><V89/><F70/><N who="0" m="27242" /><D60/><U7/><E7/><V51/><F71/><W6/><REACH who="3" step="1"/><G6/><REACH who="3" ten="212,391,51,336" step="2"/><T41/><D41/><U91/><E91/><V134/><F134/><W123/><G123/><T119/><D119/><U75/><E75/><V36/><F36/><W38/><G38/><T15/><D15/><U54/><AGARI ba="1,1" hai="33,34,54,58,63" m="50761,60567,44106" machi="54" ten="30,1100,0" yaku="20,1" doraHai="81" who="1" fromWho="1" sc="212,-4,391,24,51,-4,336,-6" owari="208,-19.0,415,51.0,47,-45.0,330,13.0" /></mjloggm>