<mjloggm ver="2.3"><GO type="41" lobby="0"/><UN n0="%E3%81%9F%E3%81%8B%E3%81%BC%E3%82%93%E2%98%85" n1="%E3%82%A6%E3%83%AB%E3%83%88%E3%83%A9%E7%AB%8B%E7%9B%B4" n2="%64%6F%67%75%39%37" n3="%E5%AE%88%E6%81%B5%E5%AD%90%EF%BC%95%EF%BC%90" dan="14,15,13,13" rate="1951.64,2053.49,1833.84,1834.05" sx="M,M,M,F"/><TAIKYOKU oya="0"/><INIT seed="0,0,0,1,1,3" ten="250,250,250,250" oya="0" hai0="129,123,100,22,116,47,134,59,46,67,81,133,65" hai1="56,114,64,13,89,101,117,75,131,130,74,85,121" hai2="19,29,51,98,57,66,109,68,11,90,111,97,0" hai3="103,48,41,106,39,52,105,120,119,132,115,49,1"/><T95/><D116/><U128/><E64/><V40/><F68/><W25/><G115/><T34/><D123/><U82/><E56/><V23/><F29/><W94/><G119/><T16/><D34/><U63/><E63/><V69/><F69/><W93/><G1/><T73/><D129/><U108/><E13/><V43/><F66/><W135/><G25/><T87/><D73/><N who="1" m="27659" /><E117/><V6/><F90/><W35/><G103/><T79/><D67/><U24/><E24/><V27/><F57/><W78/><G78/><T122/><D122/><U12/><E12/><V28/><F51/><W45/><G120/><T50/><D134/><U54/><E54/><V31/><F97/><W2/><G2/><T72/><D133/><N who="3" m="51273" /><G35/><T62/><D50/><N who="3" m="19561" /><G52/><N who="0" m="34151" /><D72/><U21/><E121/><V102/><F43/><W33/><G33/><T18/><D65/><U20/><E114/><V91/><F40/><W4/><G4/><T9/><D9/><U112/><E112/><V83/><F31/><W126/><G126/><T92/><D18/><U125/><E125/><V80/><F28/><W61/><G61/><T110/><D46/><U88/><E130/><V124/><F124/><W96/><G96/><N who="0" m="59399" /><D47/><U76/><E131/><V99/><F19/><W53/><G53/><T7/><D7/><U10/><E128/><V58/><F58/><W15/><G15/><N who="0" m="9503" /><D110/><U118/><E108/><V8/><F111/><W104/><AGARI ba="0,0" hai="39,41,45,93,94,104,105,106" m="19561,51273" machi="104" ten="40,1500,0" yaku="20,1" doraHai="3" who="3" fromWho="3" sc="250,-7,250,-4,250,-4,250,15" /><INIT seed="1,0,0,4,4,26" ten="243,246,246,265" oya="1" hai0="96,120,50,83,59,92,128,1,69,103,34,74,80" hai1="33,88,133,104,105,64,114,60,97,71,24,41,29" hai2="98,84,49,18,130,2,43,68,100,115,35,79,32" hai3="16,21,19,82,8,127,126,65,109,46,13,124,4"/><U38/><E133/><V93/><F115/><W101/><G65/><T95/><D1/><U70/><E114/><V99/><F68/><W45/><G101/><T89/><D69/><U111/><E71/><V44/><F2/><W62/><G62/><T0/><D0/><U122/><E122/><V14/><F130/><W78/><G109/><T116/><D116/><U132/><E132/><V121/><F121/><W113/><G113/><T17/><D34/><U90/><E111/><V123/><F123/><W125/><N who="3" m="31744" /><DORA hai="51" /><W56/><G56/><T52/><D128/><U57/><E57/><V23/><F79/><W102/><G102/><T77/><D120/><U134/><E134/><V40/><F40/><W42/><G21/><T110/><D110/><U53/><E53/><V112/><F112/><W9/><G9/><T87/><REACH who="0" step="1"/><D17/><REACH who="0" ten="233,246,246,265" step="2"/><N who="3" m="6729" /><G42/><T81/><AGARI ba="0,1" hai="50,52,59,74,77,80,81,83,87,89,92,95,96,103" machi="81" ten="30,7900,0" yaku="1,1,0,1,52,1,54,1,53,0" doraHai="26,51" doraHaiUra="5,63" who="0" fromWho="0" sc="233,89,246,-39,246,-20,265,-20" /><INIT seed="2,0,0,0,2,125" ten="322,207,226,245" oya="2" hai0="83,38,52,69,95,4,16,103,29,58,105,133,43" hai1="60,35,47,36,40,37,85,122,87,74,101,104,90" hai2="20,10,1,49,72,77,107,63,45,78,126,31,81" hai3="61,51,91,86,89,71,84,57,28,135,11,59,70"/><V67/><F107/><W79/><G11/><T5/><D69/><U68/><E74/><V121/><F121/><W129/><G79/><T124/><D105/><U48/><E122/><V128/><F126/><W111/><G111/><T134/><D29/><U33/><E87/><V119/><F119/><W39/><G28/><T50/><D83/><U44/><E48/><V42/><F20/><W3/><G135/><T53/><D43/><U21/><E85/><V92/><F31/><W41/><G39/><T34/><D34/><U62/><E90/><V22/><F22/><W131/><G41/><T7/><D38/><U18/><E18/><V100/><F77/><W108/><G108/><T96/><D53/><U76/><E76/><V109/><F109/><W110/><G110/><T132/><D124/><U73/><E73/><V114/><F114/><W80/><G51/><T27/><D4/><U19/><E19/><V54/><F92/><W9/><G9/><T115/><D115/><U116/><E21/><AGARI ba="0,0" hai="5,7,16,21,27,50,52,58,95,96,103,132,133,134" machi="21" ten="40,5200,0" yaku="20,1,54,2" doraHai="125" who="0" fromWho="1" sc="322,52,207,-52,226,0,245,0" /><INIT seed="3,0,0,0,4,46" ten="374,155,226,245" oya="3" hai0="80,73,120,118,56,29,18,70,47,101,69,36,95" hai1="76,5,10,127,106,7,6,103,3,74,96,124,68" hai2="16,15,51,83,129,20,75,64,50,94,78,13,132" hai3="42,97,9,1,100,26,8,105,40,99,34,4,123"/><W71/><G123/><T87/><D120/><U17/><E17/><V81/><F129/><W111/><G9/><T110/><D110/><U52/><E6/><V82/><F132/><W84/><G84/><T53/><D29/><U133/><E7/><V23/><F64/><W33/><G99/><T0/><D0/><U104/><E133/><V92/><F75/><W72/><G72/><T31/><D31/><U27/><E106/><V108/><F78/><W2/><G2/><T19/><D47/><U102/><E102/><V65/><F65/><W41/><G71/><T63/><D36/><U114/><E114/><V109/><F82/><W38/><G38/><T59/><D73/><U60/><E27/><V28/><F28/><W85/><G26/><T62/><D95/><U43/><E43/><V90/><F90/><W37/><G37/><T30/><D101/><U45/><E45/><V122/><F122/><W119/><G119/><T121/><D30/><U57/><REACH who="1" step="1"/><E68/><REACH who="1" ten="374,145,226,245" step="2"/><V44/><F44/><W117/><G117/><T61/><D118/><U116/><E116/><V21/><F21/><W79/><G33/><T126/><D69/><U54/><E54/><V67/><F67/><W131/><G34/><T107/><D70/><U58/><E58/><V130/><F130/><W49/><G131/><T14/><D59/><U11/><E11/><V125/><REACH who="2" step="1"/><F16/><REACH who="2" ten="374,145,216,245" step="2"/><W22/><G22/><T134/><D19/><U128/><E128/><V135/><F135/><W55/><G100/><T48/><D134/><U91/><E91/><V88/><F88/><W89/><G89/><T66/><D18/><RYUUKYOKU ba="0,2" sc="374,-15,145,15,216,15,245,-15" hai1="3,5,10,52,57,60,74,76,96,103,104,124,127" hai2="13,15,20,23,50,51,81,83,92,94,108,109,125" /><INIT seed="4,1,2,1,2,6" ten="359,160,231,230" oya="0" hai0="30,51,43,65,0,55,25,64,33,46,77,134,19" hai1="60,119,3,34,62,47,83,53,90,74,40,95,22" hai2="82,54,68,48,98,8,124,86,13,127,57,66,120" hai3="76,35,70,7,42,9,116,97,126,87,79,4,10"/><T12/><D0/><U133/><E34/><V88/><F120/><W37/><G70/><T27/><D134/><U84/><E119/><V117/><F117/><W73/><G116/><T31/><D77/><U106/><E133/><V44/><F68/><W75/><G97/><T114/><D114/><U52/><E106/><V2/><F2/><W85/><G35/><T102/><D102/><U132/><E132/><V94/><F66/><N who="0" m="25706" /><D33/><U20/><E3/><V135/><F135/><W81/><G126/><T28/><D55/><N who="1" m="21067" /><E74/><V115/><F115/><W123/><G123/><T18/><D18/><U128/><E128/><V11/><F57/><W63/><G63/><N who="1" m="24106" /><E83/><V92/><F92/><W80/><G37/><T104/><D104/><U99/><E99/><V50/><F50/><AGARI ba="1,2" hai="20,22,40,47,50,84,90,95" m="24106,21067" machi="50" ten="30,2000,0" yaku="8,1,54,1" doraHai="6" who="1" fromWho="2" sc="359,0,160,43,231,-23,230,0" /><INIT seed="5,0,0,5,3,2" ten="359,203,208,230" oya="1" hai0="28,109,19,60,61,20,45,97,83,56,127,8,50" hai1="113,76,65,96,78,46,10,29,39,91,33,119,110" hai2="49,100,43,9,75,70,31,114,3,104,106,7,1" hai3="93,129,82,102,135,88,131,55,11,14,89,85,59"/><U103/><E119/><V41/><F31/><W90/><G135/><T37/><D109/><U116/><E116/><V80/><F114/><W5/><G102/><T126/><D37/><U86/><E113/><V27/><F70/><W38/><G38/><T66/><D28/><U69/><E110/><V13/><F27/><W68/><G68/><T134/><D134/><U132/><E132/><V108/><F108/><W105/><G105/><T87/><D97/><U73/><E73/><V67/><F67/><W111/><G111/><T98/><D98/><U4/><E65/><V63/><F63/><W133/><G133/><T71/><D8/><U26/><E69/><V122/><F122/><W125/><G125/><T6/><D61/><U22/><E33/><V16/><F75/><W15/><G15/><T47/><D71/><U30/><E30/><V36/><F36/><W84/><REACH who="3" step="1"/><G90/><REACH who="3" ten="359,203,208,220" step="2"/><T118/><D127/><U25/><E39/><V123/><F100/><W77/><G77/><T24/><D126/><U0/><E26/><V18/><F13/><W128/><G128/><T115/><D24/><U130/><E130/><V23/><F123/><W124/><G124/><T17/><D115/><U101/><E101/><V64/><F106/><W54/><G54/><T48/><D118/><U112/><E112/><V74/><F104/><W34/><G34/><T121/><D121/><U81/><E46/><V51/><F64/><W99/><G99/><T12/><D47/><U53/><E53/><V32/><F32/><W35/><G35/><T44/><D45/><U94/><AGARI ba="0,1" hai="0,4,10,22,25,29,76,78,81,86,91,94,96,103" machi="94" ten="20,3900,0" yaku="0,1,7,1,52,1" doraHai="2" who="1" fromWho="1" sc="359,-13,203,49,208,-13,220,-13" /><INIT seed="5,1,0,0,4,39" ten="346,252,195,207" oya="1" hai0="44,34,46,15,113,122,116,13,90,123,112,78,8" hai1="36,32,119,67,54,114,42,127,88,59,72,83,63" hai2="97,92,68,99,37,69,62,10,108,35,22,70,25" hai3="12,104,130,57,17,128,60,18,102,91,73,82,94"/><U6/><E32/><V96/><F35/><W134/><G18/><T131/><D78/><U135/><E119/><V55/><F37/><W106/><G17/><T125/><D90/><U9/><E114/><N who="0" m="44137" /><D116/><U31/><E31/><V26/><F10/><W4/><G12/><N who="0" m="4683" /><D125/><U79/><E135/><V21/><F92/><W24/><G24/><T126/><D126/><U11/><E127/><V33/><F33/><W45/><G4/><T71/><D34/><U51/><E88/><V0/><F0/><W98/><G134/><T23/><D23/><U129/><E129/><V75/><F75/><W66/><G106/><T3/><D71/><N who="1" m="42495" /><E6/><V87/><F87/><W28/><G28/><T5/><D131/><U50/><E50/><V105/><F105/><W41/><G73/><T76/><D76/><U27/><E27/><N who="2" m="10251" /><F62/><W80/><G130/><T58/><D58/><U121/><E121/><AGARI ba="1,0" hai="3,5,8,44,46,121,122,123" m="4683,44137" machi="121" ten="30,2000,0" yaku="13,1,15,1" doraHai="39" who="0" fromWho="1" sc="346,23,252,-23,195,0,207,0" /><INIT seed="6,0,0,2,5,100" ten="369,229,195,207" oya="2" hai0="101,18,62,58,127,126,70,107,82,6,1,7,52" hai1="57,115,47,93,9,42,88,90,95,123,68,36,83" hai2="67,16,79,37,3,21,74,61,121,118,34,130,25" hai3="86,11,131,103,43,2,22,20,73,132,0,12,104"/><V10/><F37/><W109/><G73/><T75/><D18/><U80/><E68/><V113/><F79/><W50/><G109/><T91/><D75/><U84/><E115/><V133/><F61/><W89/><G131/><T134/><D134/><U23/><E123/><V19/><F74/><W69/><G69/><T105/><D101/><U14/><E23/><N who="2" m="13543" /><F67/><W30/><G132/><T38/><D38/><U94/><E57/><V8/><F133/><W66/><G66/><T112/><D112/><U99/><REACH who="1" step="1"/><E83/><REACH who="1" ten="369,219,195,207" step="2"/><V72/><F113/><W55/><G20/><T46/><D70/><U32/><E32/><V106/><F121/><W29/><G22/><T128/><D82/><U85/><E85/><V60/><F72/><W111/><G86/><T102/><D58/><U56/><E56/><V119/><F60/><W65/><G111/><T114/><D62/><U41/><E41/><V63/><F63/><W51/><G43/><T40/><D40/><U64/><E64/><V116/><F34/><W125/><G65/><T5/><D114/><U54/><E54/><V17/><F130/><W87/><G55/><T122/><D52/><U108/><E108/><V110/><F110/><W77/><G87/><T98/><D128/><U124/><E124/><V33/><F33/><W49/><G125/><T81/><D122/><U24/><E24/><N who="2" m="14383" /><F19/><AGARI ba="0,1" hai="9,14,19,36,42,47,80,84,88,90,93,94,95,99" machi="19" ten="30,3900,0" yaku="1,1,7,1,54,1,53,0" doraHai="100" doraHaiUra="44" who="1" fromWho="2" sc="369,0,219,49,195,-39,207,0" /><INIT seed="7,0,0,4,4,10" ten="369,268,156,207" oya="3" hai0="13,123,17,118,55,38,94,41,48,83,126,76,7" hai1="122,35,132,14,119,77,70,25,82,49,110,102,97" hai2="131,20,54,22,66,95,30,59,124,58,115,108,116" hai3="34,63,42,46,133,112,99,78,73,8,69,21,125"/><W85/><G133/><T84/><D123/><U11/><E110/><V57/><F108/><W121/><G121/><T19/><D126/><U3/><E3/><V15/><F116/><W67/><G125/><T16/><D118/><U105/><E122/><V47/><F124/><W9/><G112/><T62/><D38/><U53/><E70/><V45/><F115/><W103/><G85/><T72/><D62/><U96/><E132/><V93/><F131/><W29/><G21/><N who="2" m="8297" /><F30/><W111/><G111/><T56/><D41/><U32/><E25/><V68/><F68/><W86/><G86/><T6/><D72/><U101/><E119/><V28/><F28/><W104/><G73/><T4/><D94/><N who="2" m="35850" /><F66/><W26/><REACH who="3" step="1"/><G78/><REACH who="3" ten="369,268,156,197" step="2"/><T71/><D71/><U61/><E77/><V33/><F33/><W90/><G90/><T74/><D74/><U114/><E114/><V60/><F60/><W129/><G129/><T65/><D65/><U31/><E61/><V44/><F54/><W91/><G91/><T130/><D130/><U106/><E35/><V107/><F107/><W40/><G40/><T98/><D98/><U81/><E32/><V64/><F64/><W109/><G109/><T117/><D117/><U127/><E127/><V43/><F15/><AGARI ba="0,1" hai="4,6,7,13,15,16,17,19,48,55,56,76,83,84" machi="15" ten="40,8000,1" yaku="8,1,52,2,54,1" doraHai="10" who="0" fromWho="2" sc="369,90,268,0,156,-80,197,0" owari="459,55.0,268,7.0,76,-42.0,197,-20.0" /></mjloggm>