<mjloggm ver="2.3"><GO type="41" lobby="0"/><UN n0="%6D%61%70%6C%65%70%6C%65" n1="%E3%81%91%E3%81%84%E3%81%8F%E3%82%93" n2="%E3%83%A1%E3%83%AB%E3%82%AF" n3="%E5%B0%B1%E6%B4%BB%E7%94%9F%40%E5%B7%9D%E6%9D%91%E8%BB%8D%E5%9B%A3" dan="13,14,15,15" rate="1851.55,1948.65,1979.92,2014.16" sx="M,M,M,M"/><TAIKYOKU oya="0"/><INIT seed="0,0,0,1,5,119" ten="250,250,250,250" oya="0" hai0="113,114,11,63,121,7,13,90,9,16,109,104,75" hai1="84,106,85,32,37,65,95,128,19,125,21,10,80" hai2="99,67,105,29,91,112,89,66,86,120,130,77,15" hai3="133,59,97,92,45,47,44,56,93,60,64,26,17"/><T129/><D129/><U2/><E37/><V3/><F3/><W58/><G133/><T46/><D75/><U115/><E106/><V34/><F112/><W98/><G17/><T33/><D104/><U31/><E115/><V108/><F108/><W101/><REACH who="3" step="1"/><G26/><REACH who="3" ten="250,250,250,240" step="2"/><T122/><D109/><U70/><E19/><V41/><F130/><W54/><G54/><T43/><D113/><U94/><E128/><V81/><F34/><W22/><G22/><T30/><D114/><U14/><E32/><V72/><F29/><W71/><G71/><T27/><D63/><U96/><E31/><V25/><F41/><W24/><G24/><T0/><REACH who="0" step="1"/><D90/><AGARI ba="0,1" hai="44,45,47,56,58,59,60,64,90,92,93,97,98,101" machi="90" ten="40,2600,0" yaku="1,1,8,1,53,0" doraHai="119" doraHaiUra="123" who="3" fromWho="0" sc="250,-26,250,0,250,0,240,36" /><INIT seed="1,0,0,5,5,70" ten="224,250,250,276" oya="1" hai0="44,92,62,119,125,23,63,68,112,47,105,16,40" hai1="88,81,124,130,123,97,6,87,115,38,83,32,17" hai2="10,39,29,117,82,60,90,76,108,127,104,22,56" hai3="126,75,3,98,65,107,28,114,89,67,131,51,14"/><U121/><E32/><V55/><F117/><W54/><G3/><T78/><D105/><U133/><E6/><V18/><F39/><W46/><G75/><T19/><D119/><U35/><E35/><V111/><F104/><W132/><G114/><T100/><D78/><U9/><E38/><V1/><F127/><W95/><G126/><T2/><D125/><U71/><E71/><V24/><F90/><W37/><G132/><T84/><D2/><U93/><E115/><V72/><F1/><W34/><G131/><T101/><D84/><U113/><E130/><V94/><F94/><W69/><G69/><T116/><D68/><U36/><E36/><V52/><F55/><W135/><G135/><T13/><D116/><U109/><E113/><V120/><F120/><W20/><G107/><T7/><D112/><U25/><E133/><V102/><F102/><W8/><G37/><T80/><D7/><U99/><E124/><V50/><F60/><W30/><G34/><T129/><D129/><U53/><E53/><V74/><F74/><W11/><G11/><T118/><D118/><U57/><E57/><V33/><REACH who="2" step="1"/><F10/><REACH who="2" ten="224,250,240,276" step="2"/><W91/><G91/><T77/><D92/><U66/><E9/><V43/><F43/><W134/><G134/><T0/><D40/><U26/><E121/><V122/><F122/><W15/><G8/><T86/><D0/><U64/><E123/><V103/><F103/><W45/><G95/><T59/><D101/><U48/><E93/><V106/><F106/><W73/><G89/><T85/><D100/><U49/><E88/><V41/><F41/><RYUUKYOKU ba="0,1" sc="224,-10,250,-10,240,30,276,-10" hai2="18,22,24,29,33,50,52,56,72,76,82,108,111" /><INIT seed="2,1,1,3,0,32" ten="214,240,270,266" oya="2" hai0="57,22,17,135,43,99,45,41,29,69,103,124,13" hai1="126,113,2,30,84,110,89,115,105,56,42,65,73" hai2="34,60,88,23,0,62,9,52,82,59,11,107,133" hai3="98,104,95,31,55,38,77,47,46,121,92,106,76"/><V86/><F34/><W37/><G121/><T40/><D124/><U51/><E105/><V44/><F133/><W74/><G55/><T120/><D135/><U131/><E73/><V70/><F107/><W15/><G15/><T90/><D69/><U54/><E126/><V128/><F128/><W132/><G98/><T48/><D90/><U63/><E131/><V116/><F116/><W102/><G132/><T71/><D71/><U114/><E110/><V94/><F44/><W109/><G74/><T134/><D134/><U8/><E30/><V61/><F70/><W10/><G10/><N who="2" m="3593" /><F0/><W75/><G75/><T68/><D68/><U111/><E111/><V79/><F23/><W72/><G72/><T24/><D57/><U130/><E130/><V112/><F112/><W36/><G109/><T20/><REACH who="0" step="1"/><D120/><REACH who="0" ten="204,240,270,266" step="2"/><U66/><E115/><V16/><F16/><W127/><G127/><T97/><D97/><AGARI ba="1,2" hai="52,59,60,61,62,79,82,86,88,94,97" m="3593" machi="97" ten="30,5800,0" yaku="8,1,54,2" doraHai="32" who="2" fromWho="0" sc="204,-61,240,0,270,81,266,0" /><INIT seed="2,2,0,5,3,31" ten="143,240,351,266" oya="2" hai0="47,28,70,116,43,14,122,94,9,90,67,50,66" hai1="10,46,40,63,97,73,85,71,128,133,1,0,82" hai2="76,72,77,91,69,114,7,58,34,108,113,36,32" hai3="84,62,89,5,54,118,18,33,107,109,4,2,30"/><V106/><F69/><W117/><G107/><T74/><D116/><U38/><E128/><V24/><F36/><W75/><G75/><T51/><D122/><U22/><E22/><V29/><F106/><W3/><G109/><T135/><D135/><U15/><E133/><V49/><F108/><W87/><G18/><T16/><D74/><U129/><E97/><V88/><F7/><W124/><G124/><T41/><D28/><U13/><E13/><V65/><F32/><W111/><G111/><T25/><D25/><U56/><E129/><V98/><F98/><W55/><G30/><T37/><D37/><U110/><E110/><V86/><F91/><W131/><G89/><T101/><D101/><U57/><E73/><V27/><F27/><W112/><G62/><T61/><D67/><U104/><E104/><V121/><F121/><W6/><G6/><T23/><D9/><U59/><E63/><V78/><F72/><W53/><G53/><T8/><D8/><U81/><E71/><V20/><F20/><W45/><G45/><T119/><D119/><U68/><E68/><V134/><F134/><W39/><G39/><T126/><D126/><U79/><REACH who="1" step="1"/><E82/><REACH who="1" ten="143,230,351,266" step="2"/><V130/><F130/><W35/><REACH who="3" step="1"/><G131/><REACH who="3" ten="143,230,351,256" step="2"/><T48/><REACH who="0" step="1"/><D43/><REACH who="0" ten="133,230,351,256" step="2"/><U95/><E95/><V103/><F114/><AGARI ba="2,3" hai="2,3,4,5,33,35,54,55,84,87,112,114,117,118" machi="114" ten="25,12000,2" yaku="1,1,2,1,22,2,52,2,53,0" doraHai="31" doraHaiUra="96" who="3" fromWho="2" sc="133,0,230,0,351,-126,256,156" /><INIT seed="3,0,0,4,3,109" ten="133,230,225,412" oya="3" hai0="78,128,45,105,103,98,17,30,79,66,26,10,69" hai1="32,122,22,0,4,121,13,8,131,51,117,116,15" hai2="24,54,23,99,5,2,110,100,124,106,130,91,39" hai3="47,96,18,59,76,60,67,48,135,63,126,9,94"/><W70/><G126/><T129/><D45/><U56/><E51/><V19/><F110/><W27/><G135/><T134/><D134/><U37/><E37/><V1/><F130/><N who="0" m="50282" /><D17/><N who="1" m="10559" /><E56/><V35/><F124/><W89/><G76/><T72/><D10/><N who="1" m="2311" /><E32/><V81/><F39/><W20/><G9/><T71/><D71/><U38/><E38/><V86/><F5/><W97/><G97/><T87/><D87/><U44/><E44/><V3/><F35/><W29/><G63/><N who="0" m="40159" /><D72/><U132/><E132/><V85/><F1/><W33/><G33/><AGARI ba="0,0" hai="26,30,33,78,79,98,103,105" m="40159,50282" machi="33" ten="30,2000,0" yaku="25,1,19,1" doraHai="109" who="0" fromWho="3" sc="133,20,230,0,225,0,412,-20" /><INIT seed="4,0,0,5,2,55" ten="153,230,225,392" oya="0" hai0="80,131,127,79,22,60,15,8,104,5,2,41,59" hai1="83,4,128,118,85,20,122,29,75,39,76,112,67" hai2="109,77,6,96,121,70,72,78,38,102,17,44,130" hai3="3,68,119,69,65,74,46,82,133,0,89,21,110"/><T99/><D131/><U40/><E118/><V132/><F109/><W54/><G110/><T19/><D127/><U10/><E128/><V92/><F121/><W31/><G133/><T108/><D108/><U49/><E122/><V13/><F132/><W45/><G119/><T100/><D41/><U106/><E112/><V103/><F130/><W105/><G105/><T1/><D1/><U52/><E67/><V134/><F134/><W35/><G35/><T18/><D19/><U16/><E29/><V25/><F70/><W135/><G135/><T91/><D91/><U43/><E106/><V7/><F103/><W120/><G120/><T11/><D11/><U116/><E75/><V34/><F72/><W124/><G124/><T56/><REACH who="0" step="1"/><D60/><REACH who="0" ten="143,230,225,392" step="2"/><U36/><E116/><V125/><F125/><W123/><G123/><T95/><D95/><U42/><E39/><V37/><F37/><W63/><G89/><T115/><D115/><U28/><E36/><V84/><F38/><W26/><G3/><T32/><D32/><U12/><E40/><V61/><F34/><W23/><G0/><T98/><D98/><U48/><E28/><V129/><F96/><W111/><G63/><T27/><D27/><N who="1" m="14727" /><E49/><V9/><F61/><W64/><G31/><T50/><D50/><U71/><E71/><V81/><F129/><W47/><G111/><T30/><D30/><U53/><E53/><V33/><F9/><W93/><G26/><T24/><D24/><U73/><E73/><AGARI ba="0,1" hai="2,5,8,15,18,22,56,59,73,79,80,99,100,104" machi="73" ten="30,12000,1" yaku="1,1,7,1,52,2,53,1" doraHai="55" doraHaiUra="97" who="0" fromWho="1" sc="143,130,230,-120,225,0,392,0" /><INIT seed="4,1,0,2,4,8" ten="273,110,225,392" oya="0" hai0="69,31,17,70,94,93,79,116,77,6,111,66,48" hai1="63,9,132,37,45,105,83,65,114,46,80,130,54" hai2="62,56,121,97,19,34,4,112,25,131,124,60,3" hai3="126,107,82,24,55,104,78,129,27,90,64,87,52"/><T22/><D116/><U59/><E105/><V73/><F73/><W134/><G134/><T68/><D6/><U47/><E132/><V122/><F112/><W40/><G126/><T103/><D31/><U109/><E9/><V42/><F124/><W15/><G129/><T23/><D66/><U119/><E130/><V33/><F131/><W50/><G64/><T86/><D48/><U49/><E119/><V88/><F42/><W84/><G104/><T28/><D111/><U14/><E14/><V96/><F62/><W74/><G107/><T120/><D120/><U117/><E80/><V13/><F96/><W26/><G74/><T12/><D28/><U11/><E83/><V101/><F101/><W125/><G125/><T89/><D23/><U98/><E11/><V53/><F3/><W44/><G15/><T67/><D67/><U2/><E2/><V16/><F4/><W5/><G5/><T99/><AGARI ba="1,0" hai="12,17,22,68,69,70,77,79,86,89,93,94,99,103" machi="99" ten="40,3900,0" yaku="0,1,52,1" doraHai="8" who="0" fromWho="0" sc="273,42,110,-14,225,-14,392,-14" /><INIT seed="4,2,0,1,1,89" ten="315,96,211,378" oya="0" hai0="108,42,97,88,6,9,107,121,93,74,1,56,83" hai1="38,12,75,20,49,46,53,115,29,71,119,34,54" hai2="31,135,117,22,14,16,130,15,95,55,17,73,120" hai3="44,52,111,57,106,25,133,96,114,13,90,81,10"/><T48/><D108/><U129/><E75/><V123/><F73/><W101/><G111/><T72/><D121/><U23/><E119/><V127/><F127/><W37/><G114/><T112/><D112/><U92/><E115/><V47/><F135/><W109/><G133/><T45/><D107/><U50/><E38/><V51/><F130/><W132/><G109/><T84/><REACH who="0" step="1"/><D56/><REACH who="0" ten="305,96,211,378" step="2"/><N who="1" m="32815" /><E71/><V77/><F117/><W65/><G57/><T128/><D128/><U102/><E129/><V59/><F123/><W43/><G106/><T8/><D8/><U62/><E34/><V100/><F120/><W40/><G10/><T4/><D4/><U86/><E29/><V126/><F59/><W76/><G132/><T99/><D99/><N who="1" m="59751" /><E62/><V94/><F126/><W122/><G96/><T41/><D41/><U2/><E2/><V70/><F70/><W63/><G43/><T18/><D18/><N who="1" m="10311" /><E23/><V39/><F31/><W30/><G40/><T24/><D24/><U124/><E124/><V5/><F5/><W19/><G30/><T80/><D80/><U3/><E3/><V67/><F17/><W27/><G25/><T11/><D11/><U78/><E78/><AGARI ba="2,1" hai="1,6,9,42,45,48,72,74,78,83,84,88,93,97" machi="78" ten="30,12000,1" yaku="1,1,7,1,52,1,54,1,53,1" doraHai="89" doraHaiUra="36" who="0" fromWho="1" sc="305,136,96,-126,211,0,378,0" owari="441,54.0,-30,-53.0,211,-19.0,378,18.0" /></mjloggm>