<mjloggm ver="2.3"><GO type="169" lobby="0"/><UN n0="%56%69%56%49" n1="%E3%82%A6%E3%83%AB%E3%83%88%E3%83%A9%E7%AB%8B%E7%9B%B4" n2="%E5%AD%A3%E9%81%95%E3%81%84%E4%BF%B3%E4%BA%BA" n3="%E6%9C%88%E5%8D%83%E4%B8%80%E5%A4%9C" dan="16,17,16,16" rate="2217.69,2167.74,2087.12,2115.53" sx="M,M,M,F"/><TAIKYOKU oya="0"/><INIT seed="0,0,0,1,1,40" ten="250,250,250,250" oya="0" hai0="64,11,56,114,20,6,4,128,133,68,108,77,72" hai1="132,113,103,62,125,19,121,0,126,17,135,74,117" hai2="78,66,107,12,13,25,115,99,53,79,5,102,42" hai3="37,80,118,54,23,48,39,111,61,110,26,22,69"/><T105/><D68/><U92/><E74/><V65/><F115/><W89/><G118/><T32/><D105/><U81/><E0/><V63/><F42/><W51/><G61/><T35/><D72/><U97/><E113/><V31/><F53/><W33/><G69/><T131/><D77/><U9/><E117/><V34/><F65/><W52/><G33/><N who="0" m="12875" /><D114/><U58/><E121/><V91/><F91/><W29/><G89/><T45/><D56/><U14/><E19/><V94/><F94/><W76/><G76/><N who="2" m="29225" /><F5/><N who="0" m="2154" /><D64/><N who="1" m="38999" /><E81/><V3/><F3/><W86/><G80/><T57/><D57/><U10/><E9/><V41/><F41/><W44/><G86/><T123/><D11/><U50/><E50/><V88/><F88/><W73/><G73/><T21/><D123/><U120/><E120/><V130/><F63/><W59/><REACH who="3" step="1"/><G23/><REACH who="3" ten="250,250,250,240" step="2"/><N who="0" m="8779" /><D133/><AGARI ba="0,1" hai="10,14,17,92,97,103,125,126,132,133,135" m="38999" machi="133" ten="30,1000,0" yaku="20,1" doraHai="40" who="1" fromWho="0" sc="250,-10,250,20,250,0,240,0" /><INIT seed="1,0,0,3,3,77" ten="240,270,250,240" oya="1" hai0="103,119,84,97,34,99,46,127,58,96,8,22,132" hai1="80,7,69,108,42,90,32,24,135,83,123,2,114" hai2="11,27,36,45,55,85,3,100,65,111,89,41,107" hai3="131,82,49,33,62,126,1,115,25,43,74,53,79"/><U12/><E2/><V102/><F111/><W133/><G115/><T19/><D34/><U28/><E123/><V122/><F122/><W4/><G126/><T125/><D119/><U16/><E114/><V68/><F107/><W76/><G131/><T59/><D8/><U61/><E7/><V47/><F47/><W92/><G133/><T134/><D46/><U78/><E108/><V5/><F55/><W106/><G106/><T48/><D103/><U17/><E135/><N who="0" m="51753" /><D84/><U110/><E110/><V23/><F65/><W109/><G109/><T66/><D48/><U26/><E42/><V105/><F68/><W15/><G1/><T129/><D66/><U93/><E78/><V95/><REACH who="2" step="1"/><F105/><REACH who="2" ten="240,270,240,240" step="2"/><W88/><G53/><T38/><D38/><U57/><E69/><V130/><F130/><W64/><G64/><T35/><D129/><U10/><E57/><N who="0" m="21513" /><D35/><U75/><E61/><V40/><F40/><W73/><G33/><T30/><D30/><AGARI ba="0,1" hai="3,5,11,23,27,30,36,41,45,85,89,95,100,102" machi="30" ten="30,3900,0" yaku="1,1,7,1,53,1" doraHai="77" doraHaiUra="87" who="2" fromWho="0" sc="240,-39,270,0,240,49,240,0" /><INIT seed="2,0,0,0,1,80" ten="201,270,289,240" oya="2" hai0="40,100,35,114,56,37,58,77,57,133,73,103,11" hai1="61,86,21,118,96,97,67,6,119,127,132,47,60" hai2="78,12,36,107,79,82,102,45,64,16,76,51,49" hai3="26,116,83,55,105,115,90,10,70,44,59,91,131"/><V135/><F135/><W69/><G116/><T75/><D35/><U124/><E6/><V2/><F2/><W43/><G105/><T89/><D114/><U42/><E21/><V31/><F31/><W8/><G131/><T1/><D133/><U134/><E47/><V3/><F3/><W15/><G115/><T104/><D89/><U66/><REACH who="1" step="1"/><E42/><REACH who="1" ten="201,260,289,240" step="2"/><V19/><F45/><W20/><G44/><T23/><D23/><U50/><E50/><V94/><F36/><W85/><G43/><T48/><D48/><U52/><E52/><V81/><F64/><W28/><G90/><T88/><D88/><U33/><E33/><V92/><F78/><W126/><G126/><T106/><D40/><U130/><E130/><V54/><F54/><W129/><G129/><T32/><D37/><U117/><E117/><V95/><F76/><W109/><G109/><T24/><D77/><U25/><E25/><V5/><F79/><W120/><G120/><T27/><D32/><U9/><E9/><N who="2" m="4143" /><F49/><W30/><G28/><T123/><D11/><U17/><E17/><V53/><F53/><W14/><G10/><T68/><D1/><U122/><E122/><V4/><F51/><W41/><G41/><T46/><D46/><U108/><E108/><V93/><F4/><N who="3" m="3335" /><G15/><T13/><D123/><U121/><E121/><V111/><F111/><W71/><G55/><T84/><D13/><U22/><E22/><V0/><F0/><W72/><G20/><T65/><D103/><U34/><E34/><V112/><F112/><W113/><G113/><T62/><D100/><U74/><E74/><RYUUKYOKU ba="0,1" sc="201,-10,260,30,289,-10,240,-10" hai1="60,61,66,67,86,96,97,118,119,124,127,132,134" /><INIT seed="3,1,1,5,3,37" ten="191,290,279,230" oya="3" hai0="70,88,113,74,95,107,84,28,118,18,89,115,110" hai1="64,47,66,43,17,67,81,79,16,103,128,120,57" hai2="129,55,9,104,90,100,127,19,93,52,31,106,126" hai3="46,125,2,23,91,29,41,85,1,130,0,63,21"/><W108/><G130/><T30/><D70/><U25/><E120/><V82/><F31/><W42/><G125/><N who="2" m="47625" /><F129/><W80/><G108/><T83/><D107/><N who="2" m="41002" /><F100/><W34/><G34/><T48/><D110/><U72/><E103/><V13/><F82/><W14/><G63/><T65/><D118/><U109/><E109/><V53/><F53/><W39/><G29/><T96/><D65/><U105/><E105/><V56/><F56/><W134/><G134/><T61/><D61/><U131/><E57/><V99/><AGARI ba="1,1" hai="9,13,19,52,55,90,93,99" m="41002,47625" machi="99" ten="30,2000,0" yaku="18,1,54,1" doraHai="37" who="2" fromWho="2" sc="191,-6,290,-6,279,33,230,-11" /><INIT seed="4,0,0,4,0,42" ten="185,284,312,219" oya="0" hai0="94,89,121,66,104,132,70,11,64,119,103,63,96" hai1="118,112,4,24,52,133,2,84,120,59,0,40,5" hai2="20,79,117,37,46,57,58,49,124,78,23,90,108" hai3="106,68,39,54,7,123,85,97,128,15,10,93,22"/><T45/><D121/><U111/><E120/><V32/><F32/><W109/><G128/><T29/><D119/><U113/><E111/><V107/><F107/><W73/><G109/><T17/><D132/><U27/><E84/><V18/><F37/><W31/><G73/><T74/><D74/><U28/><E40/><N who="2" m="24775" /><F108/><W71/><G39/><T126/><D126/><U14/><E118/><V16/><F117/><W122/><G106/><T41/><D64/><U77/><E77/><N who="2" m="29195" /><F124/><W88/><G71/><T92/><D29/><U53/><E14/><N who="2" m="9239" /><F90/><W91/><G68/><T110/><D110/><U1/><E133/><V129/><F129/><W99/><G122/><T135/><D135/><U34/><E27/><AGARI ba="0,0" hai="18,23,27,57,58" m="9239,29195,24775" machi="27" ten="30,3900,0" yaku="8,1,52,1,54,1" doraHai="42" who="2" fromWho="1" sc="185,0,284,-39,312,39,219,0" /><INIT seed="5,0,0,0,1,81" ten="185,245,351,219" oya="1" hai0="103,31,16,57,110,4,76,89,111,33,88,112,68" hai1="42,67,1,104,51,74,48,32,7,131,15,122,21" hai2="36,126,109,20,63,29,30,123,5,38,64,129,114" hai3="28,84,24,34,113,78,85,98,50,105,125,52,132"/><U116/><E104/><V22/><F123/><W91/><G113/><T94/><D68/><U59/><E74/><V65/><F109/><W119/><G132/><T108/><D4/><U93/><E116/><V86/><F129/><W90/><G119/><T71/><D71/><U8/><E122/><V99/><F126/><W45/><G125/><T121/><D121/><U127/><E127/><V79/><F114/><W118/><G118/><T61/><D112/><U54/><E32/><V101/><F5/><W120/><G120/><T0/><D0/><U56/><E131/><V95/><F38/><W39/><G39/><T100/><D76/><U75/><E75/><V62/><F36/><W40/><G78/><T26/><D89/><N who="3" m="33801" /><G105/><T43/><D43/><U23/><E93/><V11/><F11/><W41/><G34/><T55/><REACH who="0" step="1"/><D16/><REACH who="0" ten="175,245,351,219" step="2"/><U107/><E1/><V128/><F128/><W87/><G98/><AGARI ba="0,1" hai="26,31,33,55,57,61,88,94,98,100,103,108,110,111" machi="98" ten="40,5200,0" yaku="1,1,2,1,54,1,53,0" doraHai="81" doraHaiUra="130" who="0" fromWho="3" sc="175,62,245,0,351,0,219,-52" /><INIT seed="6,0,0,1,0,27" ten="237,245,351,167" oya="2" hai0="127,8,77,102,59,86,108,46,12,104,4,64,43" hai1="21,5,14,33,88,81,23,118,91,29,79,73,94" hai2="39,50,47,128,16,72,67,113,1,7,60,115,68" hai3="30,13,51,25,2,52,10,97,124,75,37,123,31"/><V49/><F72/><W53/><G123/><T122/><D122/><U26/><E118/><V48/><F128/><W129/><G37/><T89/><D108/><U22/><REACH who="1" step="1"/><E94/><REACH who="1" ten="237,235,351,167" step="2"/><V61/><F113/><W133/><G129/><T41/><D104/><U6/><E6/><V71/><F7/><N who="3" m="3295" /><G133/><T63/><D127/><U28/><E28/><N who="3" m="10794" /><G124/><T83/><D102/><U101/><E101/><V120/><F115/><W35/><G2/><T20/><D20/><U65/><E65/><V42/><F1/><W69/><G35/><T34/><D34/><U134/><E134/><V117/><F117/><W80/><G69/><T132/><D132/><U54/><E54/><N who="3" m="21098" /><G75/><T125/><D125/><U74/><E74/><V32/><F32/><W18/><G80/><T19/><D4/><U38/><E38/><V70/><F120/><W130/><G130/><T58/><D43/><U11/><AGARI ba="0,1" hai="5,11,14,21,22,23,26,29,33,73,79,81,88,91" machi="11" ten="30,7900,0" yaku="1,1,0,1,52,1,54,1,53,0" doraHai="27" doraHaiUra="36" who="1" fromWho="1" sc="237,-20,235,89,351,-39,167,-20" /><INIT seed="7,0,0,3,1,38" ten="217,324,312,147" oya="3" hai0="86,34,14,76,103,1,93,84,25,135,87,37,53" hai1="74,11,66,85,58,20,8,121,5,123,83,49,88" hai2="128,10,31,81,54,3,6,42,79,70,41,57,7" hai3="35,124,134,116,109,78,63,18,22,72,44,46,23"/><W97/><G116/><T105/><D1/><U61/><E74/><V65/><F128/><W92/><G124/><T95/><D37/><U59/><E11/><V130/><F130/><W102/><G35/><T47/><D135/><U133/><E133/><V40/><F31/><W17/><G134/><T120/><D120/><U71/><E71/><V82/><F7/><W43/><G109/><T26/><D105/><U29/><E58/><V60/><REACH who="2" step="1"/><F79/><REACH who="2" ten="217,324,302,147" step="2"/><W112/><G112/><T129/><D76/><U0/><E49/><AGARI ba="0,1" hai="3,6,10,40,41,42,49,54,57,60,65,70,81,82" machi="49" ten="40,8000,1" yaku="1,1,2,1,52,3,53,0" doraHai="38" doraHaiUra="127" who="2" fromWho="1" sc="217,0,324,-80,302,90,147,0" owari="217,-18.0,244,4.0,392,49.0,147,-35.0" /></mjloggm>