<mjloggm ver="2.3"><GO type="97" lobby="0"/><UN n0="%E3%82%A6%E3%83%AB%E3%83%88%E3%83%A9%E7%AB%8B%E7%9B%B4" n1="%E3%81%A4%E3%81%AE%E3%81%A0%E7%88%86%E3%81%9C%E3%82%8D" n2="%E3%81%82%E3%81%95%E3%81%8D%E3%81%A3%E3%81%8F%E3%81%99" n3="%E3%81%86%E3%81%95%E3%81%8E%E3%82%92%E8%83%8C%E8%B2%A0%E3%81%A3%E3%81%A6" dan="13,13,16,13" rate="1867.29,1802.61,2053.73,1877.82" sx="M,M,F,M"/><TAIKYOKU oya="0"/><INIT seed="0,0,0,3,3,14" ten="250,250,250,250" oya="0" hai0="131,116,55,84,30,26,18,90,42,78,82,88,114" hai1="59,10,22,72,112,5,92,66,46,4,101,0,54" hai2="47,85,63,6,126,100,117,12,135,128,44,124,71" hai3="107,15,132,7,34,51,108,35,9,41,133,111,37"/><T73/><D116/><U53/><E72/><V121/><F121/><W81/><G107/><T11/><D114/><U43/><E112/><V127/><F100/><W96/><G37/><T95/><D131/><U79/><E79/><V8/><F128/><W50/><G96/><T125/><D125/><U49/><E5/><V129/><F129/><W91/><G81/><T98/><D42/><U105/><E105/><V25/><F117/><W74/><G91/><T16/><D55/><U87/><E22/><V56/><F71/><W76/><G76/><T33/><D11/><U17/><E54/><N who="2" m="34199" /><F135/><N who="3" m="51787" /><G74/><T106/><D106/><U28/><E66/><V29/><F85/><W19/><G7/><T64/><D64/><U109/><E109/><N who="3" m="42058" /><G50/><T86/><D73/><U97/><E87/><V1/><F1/><W57/><G57/><T110/><D110/><U62/><REACH who="1" step="1"/><E28/><REACH who="1" ten="250,240,250,250" step="2"/><V134/><F134/><W70/><G70/><T13/><D13/><U94/><E94/><AGARI ba="0,1" hai="16,18,26,30,33,78,82,84,86,88,90,94,95,98" machi="94" ten="30,12000,1" yaku="7,1,52,2,54,2" doraHai="14" who="0" fromWho="1" sc="250,130,240,-120,250,0,250,0" /><INIT seed="0,1,0,2,3,74" ten="380,120,250,250" oya="0" hai0="5,69,122,125,124,107,76,129,21,98,89,29,121" hai1="61,96,87,6,12,90,126,45,120,9,49,58,18" hai2="64,66,109,19,95,57,42,39,3,67,72,93,115" hai3="52,11,81,48,83,51,35,47,50,14,23,38,132"/><T55/><D69/><U119/><E119/><V44/><F3/><W88/><G35/><T20/><D5/><U101/><E126/><N who="0" m="48745" /><D55/><U106/><E120/><V15/><F109/><W78/><G132/><T17/><D129/><U80/><E61/><V104/><F104/><W59/><G59/><T118/><D118/><U71/><E58/><V77/><F115/><W117/><G117/><T110/><D110/><U86/><E87/><V85/><F72/><W135/><G135/><T73/><D29/><U31/><E6/><V79/><F57/><W46/><G38/><T94/><D107/><U2/><E2/><V37/><F37/><W10/><G78/><T63/><D63/><U108/><E108/><V7/><F7/><W133/><G133/><T32/><D32/><U131/><E131/><V105/><F105/><W62/><G62/><T92/><D92/><U25/><E71/><V8/><REACH who="2" step="1"/><F95/><REACH who="2" ten="380,120,240,250" step="2"/><W65/><G47/><T33/><D122/><U128/><E128/><V54/><F54/><W102/><G46/><T27/><D121/><U68/><E68/><V13/><F13/><W99/><G65/><T0/><D0/><U41/><E106/><V43/><F43/><W1/><G1/><T70/><D70/><U116/><E116/><V114/><F114/><W91/><G52/><T134/><D134/><U111/><E111/><V34/><F34/><W82/><G82/><N who="0" m="45327" /><D33/><U53/><E41/><V100/><F100/><W30/><G81/><T97/><D97/><U75/><E75/><V16/><F16/><N who="3" m="10647" /><G83/><T123/><D123/><U113/><E113/><V103/><F103/><RYUUKYOKU ba="1,1" sc="380,15,120,-15,240,15,250,-15" hai0="17,20,21,27,89,94,98" hai2="8,15,19,39,42,44,64,66,67,77,79,85,93" /><INIT seed="0,2,1,5,5,75" ten="395,105,255,235" oya="0" hai0="93,87,110,57,88,129,91,31,79,51,40,126,85" hai1="62,49,100,20,36,115,117,111,114,22,122,82,29" hai2="131,106,73,39,72,21,84,77,66,70,133,27,33" hai3="19,101,5,109,53,32,80,46,67,15,86,12,113"/><T30/><D126/><U89/><E36/><V119/><F133/><W28/><G113/><T8/><D129/><U74/><E100/><V94/><F106/><W55/><G109/><T123/><D123/><U69/><E49/><V42/><F33/><W17/><G67/><T56/><D110/><U23/><E111/><V124/><F124/><W2/><G101/><T14/><D79/><N who="1" m="44407" /><E117/><V90/><F131/><W18/><G2/><T13/><D13/><U120/><E29/><N who="0" m="10761" /><D40/><U132/><E89/><V37/><F119/><W10/><G32/><T116/><D51/><U98/><E98/><V118/><F118/><W130/><G28/><T102/><D102/><U47/><E47/><V108/><F108/><W24/><G130/><T45/><D45/><U6/><E6/><V112/><F112/><N who="1" m="43049" /><E132/><V95/><F73/><W43/><G24/><T16/><D116/><U48/><E48/><V0/><F37/><W127/><G127/><T78/><D78/><U103/><E103/><V76/><F72/><W9/><G43/><T71/><D71/><U54/><E54/><V44/><F70/><W34/><G34/><T52/><D52/><N who="3" m="20041" /><G46/><T81/><AGARI ba="2,1" hai="8,14,16,56,57,81,85,87,88,91,93" m="10761" machi="81" ten="30,6000,0" yaku="8,1,54,2" doraHai="75" who="0" fromWho="0" sc="395,76,105,-22,255,-22,235,-22" /><INIT seed="0,3,0,0,2,7" ten="471,83,233,213" oya="0" hai0="87,132,81,36,33,114,11,118,68,34,51,101,14" hai1="13,127,15,64,41,35,120,26,95,71,21,111,93" hai2="75,29,53,108,24,8,58,30,78,92,39,50,84" hai3="86,46,63,88,97,135,82,100,105,124,12,10,25"/><T56/><D68/><U60/><E120/><V122/><F108/><W85/><G135/><T47/><D36/><U61/><E127/><V76/><F39/><W73/><G124/><T28/><D118/><U31/><E111/><V131/><F122/><W57/><G46/><T42/><D132/><U19/><E41/><V17/><F75/><W133/><G25/><T66/><D101/><U72/><E72/><V126/><F126/><W59/><G133/><T119/><D119/><U91/><E61/><V102/><F131/><W110/><G110/><T83/><D83/><U98/><E93/><V70/><F70/><W44/><G44/><T79/><D28/><U77/><E77/><V20/><F30/><W104/><G104/><T18/><D114/><U9/><REACH who="1" step="1"/><E15/><REACH who="1" ten="471,73,233,213" step="2"/><N who="2" m="7399" /><F84/><W54/><G73/><T3/><D3/><U6/><E6/><V22/><F92/><W43/><G43/><T67/><D67/><U5/><E5/><V1/><F1/><W121/><G121/><T27/><D66/><U38/><E38/><V103/><F78/><W37/><G37/><T90/><D79/><U117/><E117/><V106/><F76/><W16/><G63/><T69/><D42/><U32/><AGARI ba="3,1" hai="9,13,19,21,26,31,32,35,60,64,71,91,95,98" machi="32" ten="30,4000,0" yaku="1,1,0,1,52,1,53,0" doraHai="7" doraHaiUra="40" who="1" fromWho="1" sc="471,-23,73,59,233,-13,213,-13" /><INIT seed="1,0,0,0,1,10" ten="448,132,220,200" oya="1" hai0="26,53,13,98,73,19,119,8,81,45,95,15,112" hai1="108,75,104,55,91,103,38,0,131,125,134,36,82" hai2="124,28,105,65,30,63,50,96,2,130,6,24,59" hai3="18,64,116,79,66,51,118,39,113,127,47,74,133"/><U11/><E55/><V80/><F130/><W40/><G113/><T9/><D119/><N who="3" m="45609" /><G74/><T22/><D73/><U120/><E91/><V107/><F124/><W128/><G79/><T49/><D81/><U86/><E86/><V23/><F30/><W61/><G18/><T110/><D110/><U117/><E103/><V70/><F2/><W43/><G127/><T34/><D112/><U77/><E77/><V12/><F6/><W85/><G85/><T25/><D34/><U16/><E11/><N who="0" m="4169" /><D26/><U14/><E16/><V132/><F132/><W42/><G128/><T93/><D93/><U27/><E14/><V32/><F12/><W90/><G90/><AGARI ba="0,0" hai="13,15,19,22,25,45,49,53,90,95,98" m="4169" machi="90" ten="30,3900,0" yaku="8,1,52,2" doraHai="10" who="0" fromWho="3" sc="448,39,132,0,220,0,200,-39" /><INIT seed="2,0,0,3,2,51" ten="487,132,220,161" oya="2" hai0="42,88,63,108,75,34,87,43,67,106,39,124,53" hai1="119,41,15,49,98,21,68,10,99,132,117,134,56" hai2="25,37,120,85,31,29,129,0,24,58,16,3,111" hai3="131,69,28,77,40,33,8,13,26,97,27,94,122"/><V66/><F37/><W118/><G122/><T38/><D106/><U76/><E21/><V79/><F120/><W121/><G121/><T5/><D75/><U18/><E68/><V17/><F129/><W100/><G118/><T89/><D34/><U104/><E76/><V44/><F44/><W45/><G131/><T12/><D108/><U23/><E23/><V92/><F111/><W48/><G77/><T114/><D124/><U74/><E74/><V115/><F115/><W126/><G69/><T6/><D12/><U84/><E104/><V59/><F79/><W110/><G110/><T54/><D87/><U125/><E41/><V83/><F85/><W9/><G126/><T55/><D63/><U46/><E46/><V105/><F105/><W127/><G127/><T109/><D67/><U101/><E101/><V65/><REACH who="2" step="1"/><F92/><REACH who="2" ten="487,132,210,161" step="2"/><W30/><REACH who="3" step="1"/><G13/><REACH who="3" ten="487,132,210,151" step="2"/><T22/><D109/><U93/><E125/><V78/><F78/><W61/><G61/><T64/><D39/><U81/><E119/><V36/><F36/><W2/><G2/><T107/><D107/><U113/><E117/><V133/><F133/><N who="1" m="51305" /><E113/><V95/><F95/><W11/><G11/><T71/><D114/><U103/><E93/><V73/><F73/><W70/><G70/><T1/><D38/><U19/><E103/><V91/><F91/><W128/><G128/><T135/><D88/><N who="1" m="51215" /><E18/><V86/><F86/><W20/><AGARI ba="0,2" hai="8,9,20,26,27,28,30,33,40,45,48,94,97,100" machi="20" ten="20,2700,0" yaku="1,1,0,1,7,1,53,0" doraHai="51" doraHaiUra="123" who="3" fromWho="3" sc="487,-7,132,-7,210,-13,151,47" /><INIT seed="3,0,0,5,1,39" ten="480,125,197,198" oya="3" hai0="98,21,102,88,132,109,52,126,125,49,57,43,112" hai1="73,53,111,129,50,110,5,11,0,63,113,104,26" hai2="15,42,64,74,95,114,121,24,69,3,79,77,118" hai3="76,25,71,105,62,134,47,30,123,58,115,85,108"/><W90/><G123/><T7/><D109/><U84/><E73/><V23/><F3/><W28/><G115/><T55/><D132/><U61/><E104/><V48/><F114/><W75/><G105/><T17/><D7/><U13/><E113/><V130/><F118/><W99/><G71/><T8/><D8/><U44/><E129/><V82/><F130/><W116/><G116/><T117/><D88/><U107/><E107/><V122/><F79/><W97/><G108/><T2/><D2/><U29/><E110/><V40/><F15/><W45/><G134/><T20/><D20/><U51/><E111/><V6/><F6/><W60/><G76/><T46/><D117/><U16/><E51/><V100/><F48/><W72/><G85/><T106/><D112/><U70/><E70/><V103/><F64/><W34/><G90/><T10/><D10/><U56/><E56/><V1/><F69/><W86/><G86/><T128/><D128/><U120/><E120/><N who="2" m="46187" /><F1/><W101/><G25/><N who="0" m="14511" /><D57/><U37/><E37/><V124/><F124/><AGARI ba="0,0" hai="43,46,49,52,55,98,102,106,124,125,126" m="14511" machi="124" ten="30,3900,0" yaku="18,1,52,1,54,1" doraHai="39" who="0" fromWho="2" sc="480,39,125,0,197,-39,198,0" owari="519,61.0,125,-37.0,158,-24.0,198,0.0" /></mjloggm>