<mjloggm ver="2.3"><GO type="97" lobby="0"/><UN n0="%E3%83%A6%E3%82%BA%E3%83%8F" n1="%E3%83%97%E3%83%AD%E3%82%B7%E3%83%A5%E3%83%BC%E3%83%88" n2="%E3%82%A6%E3%83%AB%E3%83%88%E3%83%A9%E7%AB%8B%E7%9B%B4" n3="%4D%61%73%61%79%61%6D%61" dan="13,14,14,14" rate="1857.24,1877.42,1928.18,1971.89" sx="M,M,M,M"/><TAIKYOKU oya="0"/><INIT seed="0,0,0,2,3,47" ten="250,250,250,250" oya="0" hai0="81,115,39,74,59,130,30,65,83,33,58,108,93" hai1="56,94,118,79,75,38,76,31,32,126,51,27,10" hai2="34,50,97,82,49,106,64,19,28,55,99,4,7" hai3="86,20,35,36,72,26,80,91,109,105,23,18,116"/><T127/><D115/><U132/><E118/><V87/><F64/><W122/><G116/><T125/><D39/><U16/><E38/><V57/><F28/><W45/><G105/><T88/><D130/><U60/><E132/><V101/><F34/><W114/><G122/><T21/><D33/><U6/><E126/><N who="0" m="48137" /><D74/><U107/><E107/><V112/><F112/><W71/><G114/><T40/><D40/><U133/><E133/><V95/><F19/><W0/><G0/><T63/><D59/><U8/><E94/><V3/><F3/><W42/><G71/><T52/><D108/><U13/><E75/><V66/><F66/><W69/><G69/><T84/><D65/><U129/><E129/><V5/><F99/><W117/><G117/><T2/><D2/><U1/><E51/><N who="2" m="30975" /><F106/><W54/><G35/><T102/><D102/><U15/><E1/><V70/><F70/><W14/><G109/><T73/><D73/><U37/><E37/><V98/><F98/><W24/><G72/><T48/><D63/><U100/><E100/><V9/><F9/><W41/><G41/><T90/><D90/><AGARI ba="0,0" hai="4,5,7,49,50,82,87,90,95,97,101" m="30975" machi="90" ten="30,7700,0" yaku="8,1,52,3" doraHai="47" who="2" fromWho="0" sc="250,-77,250,0,250,77,250,0" /><INIT seed="1,0,0,4,1,11" ten="173,250,327,250" oya="1" hai0="97,134,12,119,5,21,75,96,126,43,39,38,128" hai1="109,73,70,118,84,81,116,98,130,131,55,132,82" hai2="2,23,110,105,122,24,123,90,83,106,19,66,41" hai3="50,4,68,13,25,121,92,44,101,47,15,10,62"/><U69/><E73/><V36/><F2/><W61/><G121/><T6/><D119/><U48/><E109/><V14/><F110/><W74/><G74/><T95/><D75/><U22/><E132/><V49/><F36/><W115/><G115/><T71/><D71/><U18/><E116/><V79/><F66/><W26/><G47/><T133/><D126/><U88/><E118/><V52/><F41/><W28/><G68/><T54/><D54/><U107/><E70/><V27/><F105/><W114/><G114/><T56/><D56/><U1/><E69/><V60/><F106/><W102/><G26/><N who="2" m="9769" /><F122/><W51/><G51/><T34/><D34/><U64/><E1/><V104/><F104/><W91/><G101/><N who="0" m="60575" /><D97/><U87/><E107/><V9/><F60/><W124/><G102/><T125/><D125/><U111/><E111/><V30/><F30/><W67/><G124/><T32/><D32/><U40/><E40/><V42/><F42/><W31/><G31/><T7/><D43/><U100/><E98/><V112/><F112/><W65/><G65/><T72/><D72/><U59/><E64/><V77/><F23/><N who="3" m="15423" /><G67/><T33/><D33/><U117/><E100/><V57/><F123/><W89/><G4/><T80/><D80/><U17/><E117/><V99/><F83/><W93/><G10/><T20/><D128/><N who="1" m="49195" /><E22/><N who="0" m="8809" /><D12/><N who="3" m="4681" /><G92/><AGARI ba="0,0" hai="9,14,19,49,52,57,77,79,90,92,99" m="9769" machi="92" ten="30,3900,0" yaku="8,1,52,1,54,1" doraHai="11" who="2" fromWho="3" sc="173,0,250,0,327,39,250,-39" /><INIT seed="2,0,0,4,1,106" ten="173,250,366,211" oya="2" hai0="39,117,92,107,84,129,127,113,53,71,0,57,17" hai1="125,13,123,8,32,18,36,62,130,135,7,86,58" hai2="109,105,134,82,10,40,38,126,104,28,132,25,55" hai3="87,70,124,94,118,95,67,19,14,97,52,4,33"/><V80/><F40/><W65/><G118/><T2/><D39/><U83/><E36/><V54/><F38/><W56/><G124/><T49/><D113/><U131/><E125/><V133/><F126/><W75/><G75/><T100/><D107/><N who="2" m="41034" /><F10/><W20/><G33/><T16/><D71/><U3/><E32/><V88/><F109/><W96/><G70/><T23/><D127/><U120/><E135/><V103/><F103/><W11/><G87/><T81/><D117/><U111/><E111/><V121/><F121/><N who="1" m="46665" /><E7/><V9/><F9/><W5/><G5/><T72/><D129/><U15/><E15/><V47/><F47/><W128/><G128/><T91/><D17/><U27/><E27/><V21/><F82/><W78/><G78/><T35/><D35/><U63/><E3/><V115/><F115/><W24/><G96/><T31/><D31/><U76/><E63/><V44/><F44/><W60/><REACH who="3" step="1"/><G95/><REACH who="3" ten="173,250,366,201" step="2"/><T85/><D100/><AGARI ba="0,1" hai="4,11,14,19,20,24,52,56,60,65,67,94,97,100" machi="100" ten="30,8000,1" yaku="1,1,2,1,7,1,8,1,54,1,53,0" doraHai="106" doraHaiUra="74" who="3" fromWho="0" sc="173,-80,250,0,366,0,201,90" /><INIT seed="3,0,0,0,2,23" ten="93,250,366,291" oya="3" hai0="0,18,86,89,45,97,90,53,70,96,44,130,43" hai1="71,99,36,14,19,122,38,27,82,49,132,77,119" hai2="91,74,26,102,9,15,37,12,133,6,111,134,21" hai3="135,65,83,50,115,11,85,17,101,120,34,107,56"/><W114/><G120/><T75/><D75/><U35/><E122/><V47/><F74/><W110/><G34/><T79/><D70/><U8/><E71/><V24/><F111/><W117/><G117/><T4/><D0/><U31/><E132/><N who="2" m="50795" /><F102/><W39/><G39/><T62/><D4/><U41/><E119/><V60/><F60/><W103/><G115/><T54/><D18/><U92/><E49/><V108/><F108/><W109/><G114/><T61/><D130/><U126/><E41/><N who="2" m="22959" /><F91/><W68/><G68/><T100/><D43/><U51/><E51/><V52/><F52/><N who="3" m="31767" /><G109/><T10/><D10/><U57/><E126/><V16/><AGARI ba="0,0" hai="6,9,12,15,16,21,24,26" m="22959,50795" machi="16" ten="30,7900,0" yaku="20,1,52,2,54,1" doraHai="23" who="2" fromWho="2" sc="93,-20,250,-20,366,79,291,-39" owari="73,-43.0,230,-17.0,445,55.0,252,5.0" /></mjloggm>