<mjloggm ver="2.3"><GO type="97" lobby="0"/><UN n0="%E3%81%98%E3%82%83%E3%82%80%E2%99%AD" n1="%56%75%6C%70%65%73" n2="%E5%8D%88%E5%89%8D%E3%81%AE%E7%B4%85%E8%8C%B6" n3="%E3%82%A6%E3%83%AB%E3%83%88%E3%83%A9%E7%AB%8B%E7%9B%B4" dan="15,13,15,14" rate="2011.55,1917.10,1926.68,1931.98" sx="M,M,M,M"/><TAIKYOKU oya="0"/><INIT seed="0,0,0,5,3,35" ten="250,250,250,250" oya="0" hai0="84,111,28,72,80,10,43,19,40,120,52,119,20" hai1="104,12,123,129,90,46,22,89,24,7,74,99,131" hai2="14,54,75,56,62,94,106,21,38,81,68,112,124" hai3="16,82,83,92,107,114,71,5,61,85,51,130,34"/><T32/><D119/><U59/><E123/><V73/><F106/><W69/><G107/><T11/><D120/><U29/><E74/><V79/><F38/><W117/><G34/><T98/><D72/><U49/><E59/><V102/><F68/><W127/><G114/><T0/><D111/><U118/><E118/><V45/><F75/><W132/><G117/><T70/><D70/><N who="3" m="26633" /><G61/><T41/><D98/><U67/><E67/><V4/><F45/><W126/><G51/><T125/><D125/><N who="3" m="47625" /><G132/><T121/><D121/><U13/><E131/><V116/><F116/><W97/><G130/><T86/><D28/><U36/><E36/><V1/><F124/><W55/><G55/><T103/><D103/><U135/><E135/><V31/><F112/><W18/><G5/><T108/><D32/><U96/><E129/><V26/><F4/><W105/><G105/><T110/><D52/><N who="1" m="29751" /><E104/><V15/><F102/><N who="3" m="60711" /><G83/><T78/><D108/><U133/><E133/><V122/><F122/><W91/><AGARI ba="0,0" hai="16,18,82,85,91" m="60711,47625,26633" machi="91" ten="30,2000,0" yaku="18,1,54,1" doraHai="35" who="3" fromWho="3" sc="250,-10,250,-5,250,-5,250,20" /><INIT seed="1,0,0,5,4,83" ten="240,245,245,270" oya="1" hai0="91,121,119,117,23,32,118,65,34,21,5,71,47" hai1="61,39,9,12,36,102,100,133,14,127,89,55,57" hai2="50,96,53,95,70,78,49,68,72,26,30,31,54" hai3="2,1,44,59,25,134,27,131,97,101,28,115,66"/><U108/><E127/><V93/><F72/><W43/><G115/><T69/><D121/><U19/><E133/><V15/><F78/><W63/><G27/><T104/><D104/><U4/><E108/><V114/><F15/><W16/><G131/><T125/><D125/><U62/><E39/><V35/><F114/><W46/><G134/><T60/><D69/><U75/><E36/><V38/><F38/><W135/><G135/><T6/><D47/><U82/><E75/><V8/><F8/><W52/><G2/><T92/><D32/><U120/><E120/><V73/><F73/><W17/><G1/><T122/><D34/><U74/><E74/><V64/><F64/><W40/><G46/><T13/><D122/><U98/><E62/><V11/><F11/><W111/><G111/><T109/><D109/><U129/><E129/><V107/><F107/><W41/><G44/><T24/><D13/><U90/><E90/><V80/><F80/><W128/><G66/><T123/><D123/><U99/><E99/><V86/><F96/><W48/><G48/><T33/><D33/><U67/><E67/><V45/><F45/><W84/><G84/><N who="0" m="52327" /><D24/><U42/><E42/><V85/><F35/><W116/><G116/><T88/><D6/><U81/><E81/><V110/><F110/><W3/><G3/><T126/><D5/><U20/><E98/><V51/><F51/><W106/><REACH who="3" step="1"/><G128/><REACH who="3" ten="240,245,245,260" step="2"/><T79/><D126/><U105/><E105/><V29/><F29/><W76/><G76/><T113/><D79/><U132/><E132/><V94/><F26/><W10/><G10/><RYUUKYOKU ba="0,1" sc="240,-15,245,15,245,-15,260,15" hai1="4,9,12,14,19,20,55,57,61,82,89,100,102" hai3="16,17,25,28,40,41,43,52,59,63,97,101,106" /><INIT seed="1,1,1,2,4,17" ten="225,260,230,275" oya="1" hai0="102,107,85,83,118,40,116,73,72,132,110,14,23" hai1="126,43,57,119,11,101,87,79,122,64,124,2,48" hai2="74,29,20,49,105,100,18,81,7,55,60,47,66" hai3="127,32,88,4,94,86,10,33,131,1,133,117,52"/><U51/><E122/><V54/><F105/><W80/><G127/><N who="1" m="48682" /><E119/><V30/><F100/><W50/><G131/><T70/><D70/><U46/><E101/><V114/><F114/><W68/><G68/><T98/><D110/><U135/><E135/><V31/><F7/><W128/><G128/><T113/><D113/><U0/><E79/><V84/><F74/><W92/><G133/><T15/><D132/><U41/><E87/><V26/><F55/><W3/><G3/><T125/><D125/><U111/><E111/><V93/><F93/><W75/><G117/><T67/><D67/><U106/><E106/><V91/><REACH who="2" step="1"/><F31/><REACH who="2" ten="225,260,220,275" step="2"/><W96/><G75/><T53/><D73/><U39/><E43/><V95/><F95/><W24/><G94/><T69/><D40/><U9/><E41/><V76/><F76/><W104/><G104/><T71/><D72/><U59/><E64/><V37/><F37/><W44/><G92/><T99/><D53/><U65/><E39/><V27/><F27/><W28/><G96/><T108/><D108/><U112/><E112/><V115/><F115/><W34/><AGARI ba="1,2" hai="1,4,10,24,28,32,33,34,44,50,52,80,86,88" machi="34" ten="20,5200,0" yaku="0,1,7,1,54,2" doraHai="17" who="3" fromWho="3" sc="225,-14,260,-27,220,-14,275,75" /><INIT seed="2,0,0,1,0,94" ten="211,233,206,350" oya="2" hai0="50,97,32,122,132,52,103,4,112,98,8,123,120" hai1="33,12,66,77,55,113,115,114,70,67,25,5,95" hai2="117,102,79,96,101,99,131,2,16,89,106,81,133" hai3="11,87,73,56,18,51,14,125,27,34,100,118,36"/><V26/><F117/><W22/><G73/><T116/><D112/><U53/><E77/><V124/><F2/><W44/><G34/><T108/><D32/><U130/><E33/><V110/><F133/><W15/><G125/><T31/><D31/><U20/><E130/><V134/><F134/><W72/><G72/><T86/><D86/><U80/><E80/><V93/><F124/><W63/><G36/><T42/><D42/><U69/><E95/><N who="2" m="56431" /><F106/><W39/><G39/><T82/><D82/><U47/><E5/><V127/><F110/><W119/><G119/><T121/><D108/><U58/><E12/><N who="3" m="4650" /><G100/><T60/><D103/><U92/><E92/><V61/><F61/><W48/><G118/><T71/><D116/><U76/><E76/><V78/><F127/><W83/><G11/><T21/><D132/><U45/><E25/><V84/><F102/><W135/><G135/><T126/><D126/><U35/><E20/><N who="2" m="13575" /><F131/><W129/><G129/><T85/><D121/><U43/><E35/><V105/><F105/><W0/><G0/><T104/><D104/><U23/><E23/><V46/><F46/><W107/><G44/><T49/><D120/><U68/><E47/><V57/><F57/><W62/><G107/><T74/><D122/><U17/><E17/><V7/><F7/><W65/><G62/><T40/><D123/><U111/><E111/><V54/><F54/><N who="1" m="20489" /><E58/><V64/><F78/><AGARI ba="0,0" hai="18,22,27,48,51,56,63,65,78,83,87" m="4650" machi="78" ten="30,1000,0" yaku="8,1" doraHai="94" who="3" fromWho="2" sc="211,0,233,0,206,-10,350,10" /><INIT seed="3,0,0,5,3,47" ten="211,233,196,360" oya="3" hai0="87,57,1,117,128,16,80,108,26,56,105,98,123" hai1="95,46,17,121,5,112,88,106,34,67,2,78,51" hai2="29,35,71,69,100,115,103,99,120,81,116,91,64" hai3="129,68,85,55,102,111,48,126,58,4,14,41,131"/><W124/><G102/><T109/><D117/><U60/><E121/><V43/><F116/><W110/><G85/><T118/><D118/><U53/><E106/><V50/><F120/><W119/><G14/><T74/><D74/><U37/><E112/><V39/><F39/><W6/><G4/><T66/><D123/><U23/><E34/><V19/><F115/><W130/><G6/><T84/><D1/><U107/><E107/><V8/><F100/><W77/><G77/><N who="0" m="46095" /><D87/><N who="1" m="52639" /><E78/><V133/><F133/><W36/><G68/><T11/><D66/><U33/><E33/><V122/><F122/><W61/><G119/><T44/><D44/><U92/><E2/><V24/><F64/><W32/><G32/><T45/><D45/><U63/><E5/><V10/><F10/><W104/><G104/><T70/><D70/><U96/><E37/><V94/><F81/><W97/><G36/><T93/><D105/><U13/><E67/><V101/><F69/><W42/><G97/><T114/><D114/><U27/><E27/><V125/><F125/><W30/><G30/><T22/><D108/><U9/><E9/><V135/><F135/><W82/><G82/><T25/><D109/><N who="3" m="41481" /><G61/><T3/><D3/><U20/><E20/><V54/><F43/><AGARI ba="0,0" hai="41,42,43,48,55,58,124,126,129,130,131" m="41481" machi="43" ten="40,18000,2" yaku="19,1,14,1,10,1,34,2,52,1" doraHai="47" who="3" fromWho="2" sc="211,0,233,0,196,-180,360,180" owari="211,-19.0,233,3.0,16,-48.0,540,64.0" /></mjloggm>