<mjloggm ver="2.3"><GO type="169" lobby="0"/><UN n0="%73%68%6F%6F%74%33%39" n1="%E3%82%A6%E3%83%AB%E3%83%88%E3%83%A9%E7%AB%8B%E7%9B%B4" n2="%E3%81%BE%E3%83%BC%E3%81%A1%E3%82%83%E3%82%80" n3="%6B%61%69%69%74%69" dan="17,16,16,17" rate="2142.42,2115.49,2052.07,2229.28" sx="M,M,F,M"/><TAIKYOKU oya="0"/><INIT seed="0,0,0,4,4,107" ten="250,250,250,250" oya="0" hai0="72,33,57,43,37,125,116,100,78,91,111,50,76" hai1="17,132,13,82,52,88,90,105,121,20,18,66,49" hai2="48,38,12,10,8,131,110,102,63,74,29,60,47" hai3="120,58,1,98,104,103,42,112,62,117,3,2,129"/><T39/><D33/><U113/><E105/><V11/><F38/><W97/><G112/><T126/><D116/><U86/><E121/><V67/><F131/><W34/><G117/><T46/><D100/><U68/><E132/><V89/><F102/><W36/><G34/><T40/><D91/><U101/><E101/><V128/><F29/><W80/><G98/><T119/><D119/><U85/><E113/><V0/><F0/><W127/><G129/><T27/><D27/><U96/><E96/><V92/><F74/><W54/><G127/><N who="0" m="48651" /><D111/><U106/><E106/><V99/><F110/><W32/><G32/><T30/><D30/><U31/><E66/><V84/><F99/><W59/><G120/><T109/><D109/><U122/><E68/><V77/><F77/><N who="0" m="29802" /><D43/><U19/><E31/><V26/><F26/><W15/><G42/><T55/><D72/><U53/><E122/><V14/><F128/><W7/><G103/><T23/><D23/><U6/><E90/><V83/><F92/><W81/><G104/><T95/><D95/><U124/><E124/><V114/><F114/><W123/><G123/><T64/><D64/><U94/><E94/><V87/><F87/><W61/><G81/><T56/><D56/><N who="1" m="32783" /><E86/><V71/><F67/><W79/><G80/><T16/><D39/><U133/><E53/><N who="2" m="29855" /><F71/><W130/><G36/><T70/><D70/><U5/><E133/><V69/><F69/><W25/><G130/><T35/><D35/><U75/><E75/><V51/><F84/><W41/><G97/><T9/><D9/><U108/><E108/><V115/><F115/><RYUUKYOKU ba="0,0" sc="250,15,250,15,250,-15,250,-15" hai0="16,37,40,46,50,55,57" hai1="5,6,13,17,18,19,20,82,85,88" /><INIT seed="0,1,0,5,4,122" ten="265,265,235,235" oya="0" hai0="97,26,11,129,6,96,8,39,110,2,125,127,64" hai1="30,124,12,123,25,128,38,71,21,63,83,4,91" hai2="78,10,58,88,114,34,55,105,51,29,32,1,74" hai3="24,73,70,23,44,33,87,17,54,40,134,86,28"/><T31/><D39/><U0/><E38/><V61/><F105/><W126/><G73/><T7/><D64/><U117/><E91/><V131/><F114/><W22/><G70/><T108/><D129/><U9/><E83/><V116/><F116/><W19/><G134/><T3/><D26/><U135/><E63/><V119/><F119/><W18/><G126/><N who="0" m="48139" /><D31/><U65/><E65/><V49/><F74/><W80/><G54/><T60/><D60/><U113/><E71/><V111/><F78/><W115/><G115/><T13/><D3/><U53/><E53/><V14/><F1/><W75/><G75/><T112/><D112/><U15/><E124/><V67/><F131/><W52/><G28/><T84/><D84/><U94/><E113/><V89/><F51/><W120/><G87/><T62/><D62/><U45/><E117/><V77/><F77/><W48/><G120/><T130/><D130/><U57/><E128/><V101/><F29/><W20/><G33/><T56/><D56/><U5/><E57/><V132/><F32/><W93/><G93/><T85/><D85/><U43/><E94/><V92/><F34/><W102/><G102/><T69/><D69/><U118/><E118/><V68/><F68/><W27/><G40/><T109/><AGARI ba="1,0" hai="2,6,7,8,11,13,96,97,108,109,110" m="48139" machi="109" ten="40,18000,2" yaku="14,1,10,1,18,1,52,3" doraHai="122" who="0" fromWho="0" sc="265,183,265,-61,235,-61,235,-61" /><INIT seed="0,2,0,0,5,70" ten="448,204,174,174" oya="0" hai0="117,97,9,18,130,64,23,86,59,133,39,57,89" hai1="106,81,48,116,103,99,61,53,124,109,62,19,65" hai2="10,87,1,6,28,75,135,131,72,31,80,110,93" hai3="12,54,91,11,50,68,13,123,101,125,46,114,7"/><T118/><D133/><U78/><E116/><V85/><F135/><W8/><G68/><T121/><D121/><U108/><E124/><V16/><F131/><W102/><G114/><T92/><D130/><U83/><E19/><V55/><F55/><W30/><G125/><T32/><D32/><U79/><E53/><V24/><F31/><W112/><G112/><T52/><D39/><U0/><E48/><V67/><F67/><W84/><G30/><T126/><D126/><U66/><E0/><V37/><F37/><W98/><G98/><T73/><D73/><U51/><E51/><V36/><F36/><W111/><G111/><T88/><D9/><U45/><E45/><V76/><F110/><W58/><G58/><T25/><D59/><U20/><E20/><V82/><F93/><W95/><REACH who="3" step="1"/><G123/><REACH who="3" ten="448,204,174,164" step="2"/><T104/><D64/><U47/><E99/><V74/><F28/><W120/><G120/><T17/><D104/><U119/><E106/><V94/><F75/><W113/><G113/><T105/><D105/><U34/><E66/><V26/><F74/><W122/><G122/><T44/><D44/><U134/><E65/><V4/><F72/><W90/><G90/><T129/><D129/><U15/><E47/><V14/><F76/><W22/><G22/><T40/><D23/><U69/><E69/><V115/><F115/><W2/><G2/><T3/><D3/><U127/><E127/><V71/><F71/><W35/><G35/><T77/><D77/><U41/><E34/><V100/><F1/><W128/><G128/><T21/><D97/><U42/><E79/><RYUUKYOKU ba="2,1" sc="448,-10,204,-10,174,-10,164,30" hai3="7,8,11,12,13,46,50,54,84,91,95,101,102" /><INIT seed="1,3,1,3,4,68" ten="438,194,164,194" oya="1" hai0="15,37,18,54,70,52,106,128,69,32,19,100,31" hai1="4,102,104,13,53,24,103,119,81,114,43,58,30" hai2="125,57,130,63,45,67,74,26,134,56,98,132,112" hai3="79,105,118,25,50,99,95,10,60,0,110,77,23"/><U1/><E1/><V88/><F74/><W87/><G105/><T5/><D5/><U75/><E119/><V93/><F112/><W76/><G110/><T34/><D128/><U85/><E75/><V38/><F130/><W71/><G118/><T97/><D37/><U46/><E114/><V62/><F26/><W42/><G87/><T86/><D19/><U84/><E84/><V89/><F89/><W8/><G0/><T107/><D107/><U49/><E104/><V9/><F9/><W2/><G2/><T126/><D126/><U127/><E127/><V120/><F120/><W48/><G71/><T55/><D86/><U22/><E13/><V61/><F125/><W21/><G60/><T83/><D83/><U123/><E4/><V131/><F131/><W29/><G23/><T7/><D7/><U3/><E3/><V28/><F28/><W121/><G121/><T117/><D117/><U51/><REACH who="1" step="1"/><E123/><REACH who="1" ten="438,184,164,194" step="2"/><V133/><F67/><W41/><G8/><T12/><D12/><U59/><E59/><V73/><F73/><W39/><G10/><T36/><D70/><U108/><E108/><V101/><F101/><N who="3" m="60671" /><G39/><T66/><D36/><U124/><E124/><V94/><F94/><W78/><N who="3" m="19968" /><DORA hai="47" /><W72/><G72/><T40/><D69/><U111/><E111/><V14/><F14/><W65/><G65/><T90/><D66/><U64/><E64/><V92/><F92/><W135/><G135/><T44/><D106/><U82/><E82/><V109/><F109/><W16/><G29/><T122/><D31/><U35/><E35/><V80/><F80/><RYUUKYOKU ba="3,2" sc="438,-30,184,10,164,10,194,10" hai1="22,24,30,43,46,49,51,53,58,81,85,102,103" hai2="38,45,56,57,61,62,63,88,93,98,132,133,134" hai3="16,21,25,41,42,48,50" /><INIT seed="1,4,2,4,3,56" ten="408,194,174,204" oya="1" hai0="125,36,95,102,134,45,43,70,60,52,98,92,110" hai1="23,116,71,78,128,79,69,133,82,29,28,118,87" hai2="89,107,8,93,90,44,75,65,50,20,129,88,38" hai3="135,18,10,106,5,86,77,115,27,121,35,53,105"/><U119/><E128/><V100/><F75/><W123/><G115/><T85/><D110/><U99/><E133/><V19/><F38/><W120/><G135/><T103/><D134/><U72/><E99/><V61/><F8/><W68/><G68/><T31/><D125/><U54/><E54/><V101/><F107/><W62/><G77/><T16/><D31/><U34/><E34/><V33/><F33/><W37/><G86/><T6/><D6/><U67/><E23/><V124/><F124/><W111/><G37/><T114/><D114/><U3/><E3/><V22/><F129/><W76/><G76/><T91/><D103/><U47/><E47/><V113/><F113/><W12/><G111/><T13/><D70/><U26/><E26/><V96/><F101/><W58/><REACH who="3" step="1"/><G18/><REACH who="3" ten="408,194,174,194" step="2"/><T97/><D85/><U80/><REACH who="1" step="1"/><E71/><REACH who="1" ten="408,184,174,194" step="2"/><V59/><REACH who="2" step="1"/><F19/><REACH who="2" ten="408,184,164,194" step="2"/><W74/><G74/><T17/><D17/><U83/><E83/><V112/><F112/><W14/><G14/><T66/><D16/><U4/><E4/><V131/><F131/><W46/><G46/><T109/><D13/><U104/><E104/><V40/><AGARI ba="4,5" hai="20,22,40,44,50,59,61,65,88,89,90,93,96,100" machi="40" ten="30,8000,1" yaku="1,1,0,1,8,1,52,1,54,1,53,0" doraHai="56" doraHaiUra="32" who="2" fromWho="2" sc="408,-24,184,-44,164,142,194,-24" /><INIT seed="2,0,0,5,5,128" ten="384,140,306,170" oya="2" hai0="12,83,48,125,16,90,114,62,132,34,50,20,87" hai1="130,79,57,28,122,41,24,92,112,121,82,35,74" hai2="59,99,115,7,63,134,66,15,17,111,52,100,19" hai3="30,27,106,54,29,42,69,6,26,91,102,120,56"/><V127/><F115/><W60/><G120/><N who="1" m="46186" /><E112/><V32/><F32/><W53/><G69/><T89/><D114/><U38/><E130/><V37/><F37/><W8/><G42/><T64/><D34/><U71/><E71/><V55/><F127/><W21/><G91/><T104/><D104/><U3/><E3/><V31/><F31/><W70/><G70/><T40/><D125/><U68/><E68/><V4/><F111/><W11/><G54/><T88/><D132/><U118/><E118/><V13/><F134/><W33/><REACH who="3" step="1"/><G6/><REACH who="3" ten="384,140,306,160" step="2"/><N who="2" m="2089" /><F100/><W126/><G126/><T73/><D40/><U129/><E129/><V123/><F123/><W36/><G36/><T131/><D131/><U109/><E109/><V105/><F55/><W39/><G39/><T96/><D73/><U43/><E38/><V75/><F75/><W95/><G95/><N who="0" m="56423" /><D90/><U97/><E57/><AGARI ba="0,1" hai="12,16,20,48,50,57,62,64,83,87,89" m="56423" machi="57" ten="30,3900,0" yaku="8,1,54,2" doraHai="128" who="0" fromWho="1" sc="384,49,140,-39,306,0,160,0" /><INIT seed="3,0,0,0,2,117" ten="433,101,306,160" oya="3" hai0="6,120,101,57,40,83,22,47,113,64,90,48,85" hai1="115,11,12,1,76,78,29,25,26,135,10,86,34" hai2="63,91,129,98,51,74,24,82,84,96,116,46,65" hai3="72,19,106,35,13,68,125,105,41,52,128,30,5"/><W110/><G72/><T93/><D113/><U9/><E86/><V3/><F3/><W103/><G68/><T60/><D120/><U100/><E78/><V36/><F116/><W58/><G41/><T87/><D6/><N who="1" m="1231" /><E100/><V45/><F74/><W61/><G5/><T131/><D131/><U7/><E76/><V42/><F24/><W44/><G128/><T121/><D121/><U70/><E70/><V50/><F36/><W79/><G79/><T80/><D101/><U49/><E49/><V134/><F134/><W28/><G125/><T56/><D22/><N who="1" m="15543" /><E135/><V111/><F111/><W55/><G110/><T119/><D119/><U118/><E118/><V122/><F122/><W95/><G106/><T38/><D38/><U14/><E115/><V124/><F124/><W21/><G105/><T102/><D102/><U112/><E112/><V18/><F129/><W114/><G35/><T53/><D87/><U132/><E132/><V43/><F18/><W109/><G109/><T123/><D123/><U104/><E104/><V16/><F16/><W4/><G4/><T66/><D40/><U2/><E11/><V27/><F96/><N who="3" m="59807" /><G114/><T99/><D99/><U39/><E39/><V54/><F98/><W8/><G8/><T92/><D92/><U33/><E33/><V89/><F42/><W107/><G107/><T67/><D47/><U75/><E75/><V73/><F73/><W127/><G127/><T20/><D20/><U23/><E34/><V77/><F43/><W59/><G44/><T108/><D108/><U126/><E126/><V62/><F45/><W15/><G15/><RYUUKYOKU ba="0,0" sc="433,10,101,10,306,-30,160,10" hai0="48,53,56,57,60,64,66,67,80,83,85,90,93" hai1="2,7,10,12,14,23,26" hai3="13,19,21,28,30,52,55,58,59,61" /><INIT seed="3,1,0,0,0,55" ten="443,111,276,170" oya="3" hai0="97,61,115,91,112,125,96,3,32,83,35,133,8" hai1="132,81,126,100,44,130,122,87,52,2,120,129,39" hai2="36,117,102,17,27,16,41,98,127,22,40,29,80" hai3="77,79,42,70,1,21,121,47,43,58,48,23,86"/><W49/><G121/><T14/><D3/><U105/><E2/><V124/><F117/><W63/><G70/><T119/><D119/><U46/><E100/><V94/><F80/><N who="3" m="47375" /><G1/><T31/><D133/><U104/><E132/><V6/><F6/><W28/><G79/><T4/><D125/><N who="2" m="48202" /><F36/><W66/><G28/><T24/><D35/><U84/><E126/><V107/><F107/><W59/><G43/><AGARI ba="1,0" hai="16,17,22,27,29,40,41,43,94,98,102" m="48202" machi="43" ten="30,2000,0" yaku="18,1,54,1" doraHai="55" who="2" fromWho="3" sc="443,0,111,0,276,23,170,-23" /><INIT seed="4,0,0,0,0,30" ten="443,111,299,147" oya="0" hai0="72,133,56,35,78,121,24,17,101,113,75,57,22" hai1="119,130,115,118,102,31,33,43,86,37,12,55,90" hai2="5,126,44,8,9,14,1,2,29,52,135,92,10" hai3="73,74,95,93,107,0,32,26,47,62,7,3,109"/><T82/><D75/><U117/><E43/><V18/><F92/><W68/><G107/><T81/><D121/><U89/><E37/><V49/><F135/><W69/><G109/><T53/><D133/><U59/><E102/><V58/><F126/><W132/><G47/><T134/><D134/><U70/><E70/><V4/><F29/><W125/><G132/><T66/><D113/><U116/><N who="1" m="29696" /><DORA hai="51" /><U65/><E65/><V21/><F10/><W80/><G80/><T122/><D35/><U40/><E40/><V128/><F128/><W25/><G62/><T50/><D122/><U106/><E106/><V108/><F108/><W28/><G28/><T111/><D111/><U99/><E130/><V83/><F83/><W6/><REACH who="3" step="1"/><G125/><REACH who="3" ten="443,111,299,137" step="2"/><T100/><D82/><U67/><E115/><V76/><F76/><W61/><G61/><N who="0" m="38191" /><D72/><U87/><E67/><V39/><F39/><W60/><G60/><T85/><AGARI ba="0,1" hai="17,22,24,50,53,56,78,81,85,100,101" m="38191" machi="85" ten="30,3000,0" yaku="8,1,52,1" doraHai="30,51" who="0" fromWho="0" sc="443,40,111,-10,299,-10,137,-10" /><INIT seed="4,1,0,1,1,44" ten="483,101,289,127" oya="0" hai0="21,0,97,82,14,85,19,6,35,77,31,98,39" hai1="83,118,30,18,45,114,133,4,125,12,42,5,117" hai2="34,93,119,101,132,88,20,56,65,115,11,92,69" hai3="116,68,46,57,58,135,89,108,13,128,104,26,25"/><T129/><D39/><U78/><E125/><V2/><F34/><W103/><G108/><T49/><D129/><U113/><E133/><V126/><F132/><W55/><G116/><T120/><D120/><U130/><E30/><V62/><F119/><W74/><G135/><T38/><D38/><U100/><E100/><V40/><F126/><W7/><G68/><T27/><D49/><N who="1" m="26807" /><E130/><V66/><F40/><W134/><G128/><T24/><D24/><U3/><E3/><V32/><F32/><W22/><G134/><T90/><D90/><U73/><E5/><V48/><F65/><W122/><G74/><T72/><D72/><U8/><E18/><V94/><F101/><W84/><G103/><T124/><D124/><U33/><E33/><V109/><F109/><W10/><G104/><T127/><D127/><U80/><E80/><V96/><F115/><AGARI ba="1,0" hai="4,8,12,73,78,83,113,114,115,117,118" m="26807" machi="115" ten="30,3900,0" yaku="15,1,11,1,52,1" doraHai="44" who="1" fromWho="2" sc="483,0,101,42,289,-42,127,0" /><INIT seed="5,0,0,3,0,99" ten="483,143,247,127" oya="1" hai0="16,113,14,41,61,34,30,118,60,46,103,75,81" hai1="71,38,95,73,23,92,20,12,58,126,26,91,10" hai2="24,112,129,78,31,7,94,63,109,82,84,21,39" hai3="65,22,69,120,27,124,28,4,130,50,83,25,57"/><U123/><E71/><V64/><F109/><W116/><G120/><T72/><D118/><U121/><E38/><V29/><F39/><W127/><G69/><T48/><D113/><U32/><E73/><V42/><F42/><W110/><G110/><T93/><D75/><U106/><E106/><V111/><F111/><W86/><G130/><T133/><D133/><U128/><E32/><V135/><F135/><W3/><G116/><T49/><D34/><U35/><E35/><V90/><F129/><W79/><G27/><T97/><D30/><U119/><E119/><V47/><F47/><W122/><G122/><T0/><D0/><U1/><E1/><V11/><F11/><W5/><G3/><T101/><D49/><U43/><E128/><V37/><F7/><W132/><G132/><T134/><D134/><U62/><E43/><V6/><F6/><W54/><REACH who="3" step="1"/><G65/><REACH who="3" ten="483,143,247,117" step="2"/><T55/><D14/><U125/><E26/><V66/><F66/><W114/><G114/><T102/><D72/><U115/><E115/><V33/><F112/><W56/><G56/><T36/><D46/><U2/><E2/><V40/><F37/><W88/><G88/><T13/><D13/><U80/><E123/><V18/><F33/><W85/><G85/><T52/><D36/><U67/><E121/><V100/><F90/><W51/><G51/><T44/><D48/><U76/><E91/><V15/><F24/><W104/><G104/><T68/><D44/><U105/><E105/><V19/><F15/><W89/><G89/><T107/><D68/><U53/><E12/><V17/><F64/><RYUUKYOKU ba="0,1" sc="483,-10,143,-10,247,-10,117,30" hai3="4,5,22,25,28,50,54,57,79,83,86,124,127" /><INIT seed="6,1,1,2,1,33" ten="473,133,237,147" oya="2" hai0="102,89,103,72,61,43,101,56,113,59,82,42,76" hai1="12,91,7,65,84,134,107,38,13,116,29,1,123" hai2="18,110,119,70,44,26,106,5,135,57,98,96,31" hai3="124,46,36,81,9,47,83,28,92,69,93,132,53"/><V125/><F119/><W87/><G69/><T78/><D113/><U4/><E107/><V130/><F70/><W32/><G132/><T73/><D89/><U63/><E38/><V11/><F135/><W25/><G124/><T54/><D59/><U27/><E116/><V19/><F125/><W2/><G81/><AGARI ba="1,1" hai="42,43,54,56,61,72,73,76,78,81,82,101,102,103" machi="81" ten="40,1300,0" yaku="9,1" doraHai="33" who="0" fromWho="3" sc="473,26,133,0,237,0,147,-16" /><INIT seed="7,0,0,4,1,65" ten="499,133,237,131" oya="3" hai0="89,123,127,71,73,98,16,97,80,22,121,104,19" hai1="31,135,87,134,66,90,69,46,133,122,1,58,34" hai2="92,26,37,128,28,32,30,125,108,72,60,102,100" hai3="18,109,52,106,132,49,43,27,40,17,15,129,113"/><W96/><G113/><T81/><D71/><U4/><E122/><V41/><F108/><W91/><G132/><T55/><D127/><U12/><E1/><V29/><F72/><W7/><G7/><T47/><D104/><U33/><E31/><V5/><F125/><W107/><G107/><T0/><D73/><U23/><E46/><V114/><F114/><W131/><G109/><T11/><D0/><U105/><E105/><V117/><F117/><W59/><G27/><T118/><D118/><U93/><E69/><V82/><F5/><W13/><G13/><T56/><D47/><U115/><E115/><V76/><F37/><W112/><G112/><T84/><D81/><U3/><E3/><V6/><F6/><W61/><G18/><T48/><D123/><U36/><E36/><V111/><F41/><W57/><G91/><T88/><D89/><U70/><E70/><V77/><F111/><W44/><G96/><T20/><D11/><N who="1" m="4199" /><E23/><V99/><F26/><W42/><G106/><T25/><D121/><U35/><E35/><V51/><F32/><N who="1" m="12393" /><E66/><V54/><F102/><W38/><G38/><T2/><D2/><U63/><E63/><V94/><F100/><W50/><G50/><T79/><D79/><U75/><E58/><V110/><F51/><W10/><REACH who="3" step="1"/><G59/><REACH who="3" ten="499,133,237,121" step="2"/><T21/><D25/><U120/><E120/><V74/><F99/><AGARI ba="0,1" hai="16,19,20,21,22,48,55,56,80,84,88,97,98,99" machi="99" ten="40,5200,0" yaku="8,1,54,2" doraHai="65" who="0" fromWho="2" sc="499,62,133,0,237,-52,121,0" owari="561,66.0,133,-27.0,185,-1.0,121,-38.0" /></mjloggm>