<mjloggm ver="2.3"><GO type="97" lobby="0"/><UN n0="%E3%81%BD%E3%81%A3%E3%81%BD%EF%BC%94%EF%BD%98" n1="%42%47%39%E2%86%92%47%45%38" n2="%E3%83%8F%E3%83%AA%E3%83%9C%E3%83%86%E5%A4%A7%E5%B0%86" n3="%E3%82%A6%E3%83%AB%E3%83%88%E3%83%A9%E7%AB%8B%E7%9B%B4" dan="13,14,15,15" rate="1861.33,1932.01,2018.17,2053.83" sx="M,M,M,M"/><TAIKYOKU oya="0"/><INIT seed="0,0,0,3,3,76" ten="250,250,250,250" oya="0" hai0="50,89,3,96,54,124,31,35,119,112,90,27,134" hai1="64,58,14,133,95,65,26,32,70,101,91,40,52" hai2="103,98,47,102,74,42,73,34,83,121,115,116,28" hai3="21,118,8,46,44,130,29,41,86,15,45,48,24"/><T85/><D119/><U30/><E101/><V131/><F115/><W18/><G130/><T80/><D3/><U20/><E70/><V63/><F131/><W5/><G118/><T68/><D112/><U92/><E92/><V61/><F121/><W114/><G114/><T37/><D37/><U0/><E0/><V43/><F116/><W71/><G71/><T25/><D68/><U12/><E40/><V72/><F28/><W59/><G59/><T100/><D134/><U105/><E105/><V97/><F73/><W106/><G106/><T57/><D25/><U94/><E94/><V55/><F55/><W108/><G108/><T49/><D124/><U36/><E36/><V122/><F122/><W129/><G129/><T104/><D50/><N who="1" m="30999" /><E133/><V82/><REACH who="2" step="1"/><F47/><REACH who="2" ten="250,250,240,250" step="2"/><W87/><G46/><T51/><D51/><U62/><E32/><AGARI ba="0,1" hai="32,34,42,43,61,63,72,74,82,83,97,98,102,103" machi="32" ten="25,12000,2" yaku="1,1,2,1,22,2,52,2,53,0" doraHai="76" doraHaiUra="110" who="2" fromWho="1" sc="250,0,250,-120,240,130,250,0" /><INIT seed="1,0,0,5,0,105" ten="250,130,370,250" oya="1" hai0="50,129,77,38,124,107,112,99,111,90,85,103,34" hai1="131,87,22,59,86,48,54,10,133,7,114,106,33" hai2="126,36,4,80,96,14,97,89,2,123,52,132,128" hai3="134,118,64,113,47,73,100,27,121,94,108,63,84"/><U101/><E114/><V17/><F123/><W25/><G121/><T92/><D34/><U110/><E33/><V60/><F36/><W69/><G113/><T71/><D38/><U0/><E133/><V117/><F117/><W65/><G118/><T1/><D71/><U32/><E32/><V46/><F126/><W93/><G134/><T31/><D1/><U58/><E131/><V37/><F2/><W45/><G108/><T102/><D31/><U88/><E110/><V5/><F37/><W104/><G104/><T8/><D112/><U91/><E22/><V109/><F128/><W125/><G125/><T98/><D8/><U9/><E106/><V15/><F15/><W11/><G11/><N who="1" m="4106" /><E101/><V16/><F14/><W79/><G100/><T76/><D50/><U24/><E24/><V3/><F60/><W56/><G63/><T115/><D115/><U127/><E127/><V39/><F39/><W26/><G26/><T67/><D124/><U49/><E0/><V55/><F3/><W119/><G27/><T130/><D67/><U35/><E35/><V6/><F109/><W120/><G25/><T41/><D41/><U28/><E28/><V57/><F132/><W75/><G119/><T62/><D62/><U42/><E7/><V44/><F5/><W20/><G120/><T135/><D135/><U116/><E116/><V19/><F6/><W13/><G69/><T66/><D66/><U23/><E23/><V78/><F4/><W43/><G20/><T61/><D61/><U74/><E74/><V122/><F122/><W81/><G75/><T21/><D21/><RYUUKYOKU ba="0,0" sc="250,0,130,0,370,0,250,0" /><INIT seed="2,1,0,2,4,90" ten="250,130,370,250" oya="2" hai0="37,111,22,132,54,68,64,31,108,91,85,123,10" hai1="46,47,73,65,32,3,82,89,113,130,24,28,109" hai2="78,75,58,13,94,9,43,98,124,40,5,110,107" hai3="16,44,56,114,15,55,57,129,50,119,125,59,93"/><V23/><F107/><W19/><G119/><T81/><D37/><U12/><E113/><V70/><F70/><W100/><G125/><T96/><D123/><U42/><E130/><V20/><F75/><W61/><G129/><T95/><D132/><U21/><E109/><N who="0" m="42057" /><D64/><U0/><E65/><V34/><F78/><W49/><G114/><T116/><D68/><U67/><E67/><V18/><F34/><W92/><G50/><T135/><D135/><U84/><E73/><V133/><F20/><N who="3" m="11295" /><G100/><N who="0" m="60447" /><D10/><U134/><E134/><V6/><F124/><W79/><G79/><T83/><D116/><U62/><E62/><V71/><F71/><W128/><G128/><T14/><D54/><U69/><E69/><V4/><F9/><W53/><G19/><N who="0" m="10615" /><D31/><U104/><E104/><V63/><F133/><W127/><G127/><T76/><D76/><U33/><E33/><V120/><F120/><W27/><G27/><T25/><D25/><U112/><E112/><V126/><F126/><W103/><G103/><T122/><D122/><U80/><E80/><AGARI ba="1,0" hai="80,81,83,85,91" m="10615,60447,42057" machi="80" ten="30,2000,0" yaku="14,1,52,1" doraHai="90" who="0" fromWho="1" sc="250,23,130,-23,370,0,250,0" /><INIT seed="3,0,0,3,2,122" ten="273,107,370,250" oya="3" hai0="61,54,82,33,13,5,64,16,49,14,56,120,72" hai1="34,11,98,19,58,17,91,22,37,23,114,26,50" hai2="123,99,24,134,133,10,63,42,89,83,67,130,25" hai3="65,100,59,43,115,117,44,93,36,111,28,95,39"/><W30/><G115/><T104/><D33/><U108/><E114/><V8/><F130/><W77/><G117/><T88/><D104/><U119/><E119/><V97/><F42/><W126/><G126/><T112/><D112/><U113/><E113/><V6/><F10/><W45/><G77/><T0/><D72/><U53/><E37/><V131/><F131/><W3/><G3/><T80/><D0/><U60/><E34/><V62/><F62/><W116/><G116/><T128/><D128/><U2/><E2/><N who="2" m="87" /><F83/><W85/><G85/><N who="0" m="50215" /><D82/><U41/><E11/><V52/><F52/><W84/><G84/><T106/><D106/><U121/><E121/><V75/><F75/><W118/><G118/><T94/><D94/><U27/><E41/><V48/><F48/><W15/><G15/><T74/><D74/><U1/><E1/><V7/><F7/><W12/><G12/><T125/><D125/><U92/><REACH who="1" step="1"/><E50/><REACH who="1" ten="273,97,370,250" step="2"/><V40/><F123/><W51/><G51/><T21/><D120/><U86/><E86/><V20/><F99/><W107/><G43/><T124/><D124/><U73/><E73/><V57/><F97/><W127/><G127/><T47/><D5/><U68/><E68/><V66/><F40/><W69/><G69/><T70/><D70/><U102/><E102/><V31/><F134/><W96/><G39/><T4/><D4/><U18/><E18/><V101/><F101/><W71/><G36/><T109/><D109/><AGARI ba="0,1" hai="17,19,22,23,26,27,53,58,60,91,92,98,108,109" machi="109" ten="40,12000,2" yaku="1,1,9,1,25,2,52,2,53,0" doraHai="122" doraHaiUra="29" who="1" fromWho="0" sc="273,-120,97,130,370,0,250,0" owari="153,-35.0,227,-17.0,370,47.0,250,5.0" /></mjloggm>