<mjloggm ver="2.3"><GO type="193" lobby="0"/><UN n0="%E8%8C%B6%E7%B9%94%E4%BA%AD%E8%A1%80%E6%AD%8C%E9%AD%82%E2%98%85" n1="%59%4F%55%49%49%43%48%49" n2="%E7%B4%97%E5%80%89%E3%81%BE%E3%81%AA" n3="%E5%B0%B1%E6%B4%BB%E7%94%9F%40%E5%B7%9D%E6%9D%91%E8%BB%8D%E5%9B%A3" dan="11,12,10,11" rate="1413.16,1696.71,1604.01,1781.83" sx="F,M,F,M"/><TAIKYOKU oya="0"/><INIT seed="0,0,0,4,4,2" ten="250,250,250,250" oya="0" hai0="1,6,10,132,75,97,121,95,17,35,49,111,34" hai1="12,25,54,135,73,7,48,20,50,79,115,99,117" hai2="92,21,134,3,81,59,63,128,107,65,114,26,96" hai3="101,110,60,14,108,55,112,56,9,24,46,70,124"/><T130/><D121/><U102/><E117/><V123/><F123/><W11/><G112/><T122/><D75/><U45/><E115/><V33/><F114/><W125/><G70/><T106/><D122/><U76/><E135/><V57/><F128/><W37/><G101/><T74/><D74/><U83/><E79/><V31/><F134/><W41/><G24/><T86/><D132/><U84/><E73/><V89/><F3/><W40/><G40/><T131/><D111/><N who="3" m="42537" /><G11/><T5/><D5/><AGARI ba="0,0" hai="5,9,14,37,41,46,55,56,60,124,125" m="42537" machi="5" ten="30,2000,0" yaku="14,1,52,1" doraHai="2" who="3" fromWho="0" sc="250,-20,250,0,250,0,250,20" /><INIT seed="1,0,0,1,5,30" ten="230,250,250,270" oya="1" hai0="63,92,124,3,109,93,47,10,125,1,20,0,34" hai1="131,85,105,115,40,77,114,31,87,58,76,103,91" hai2="122,56,49,132,44,28,129,95,78,54,104,43,35" hai3="71,119,67,57,17,66,37,12,48,50,88,127,134"/><U52/><E40/><V24/><F122/><W39/><G119/><T81/><D34/><U112/><E31/><V98/><F129/><W128/><G128/><T9/><D81/><N who="1" m="49583" /><E58/><V96/><F132/><W116/><G116/><T32/><D32/><U135/><E52/><V14/><F14/><W6/><G134/><T102/><D109/><U25/><E25/><V121/><F121/><W75/><G75/><T11/><D20/><U46/><E46/><V90/><F78/><N who="1" m="30313" /><E131/><V120/><F120/><W18/><G127/><N who="0" m="48715" /><D47/><U15/><E15/><V72/><F72/><W41/><G12/><T82/><D63/><U79/><E135/><V84/><REACH who="2" step="1"/><F104/><REACH who="2" ten="230,250,240,270" step="2"/><W106/><G106/><T68/><D68/><U53/><E53/><V80/><F80/><W33/><G71/><T51/><D51/><AGARI ba="0,1" hai="24,28,35,43,44,49,51,54,56,84,90,95,96,98" machi="51" ten="30,7700,0" yaku="1,1,7,1,52,1,53,1" doraHai="30" doraHaiUra="86" who="2" fromWho="0" sc="230,-77,250,0,240,87,270,0" /><INIT seed="2,0,0,3,5,66" ten="153,250,327,270" oya="2" hai0="64,94,98,127,76,18,112,99,120,88,42,40,87" hai1="78,47,104,23,3,121,118,131,46,9,21,126,93" hai2="86,111,62,0,50,31,75,13,83,16,27,102,73" hai3="115,106,67,55,85,29,25,32,10,6,119,12,84"/><V122/><F0/><W128/><G106/><T4/><D120/><U44/><E118/><V11/><F122/><W114/><G119/><T69/><D4/><U8/><E126/><V124/><F124/><W81/><G128/><T103/><D112/><N who="3" m="43049" /><G67/><T35/><D35/><U108/><E104/><V22/><F111/><W97/><G97/><T134/><D127/><U38/><E121/><V63/><F102/><W43/><G43/><T72/><D134/><U74/><E108/><V116/><F116/><W110/><G110/><T53/><D72/><U61/><E131/><V80/><F80/><W1/><G55/><T132/><D132/><U100/><E38/><V7/><F75/><W79/><G84/><T109/><D109/><U5/><E9/><V30/><F73/><W125/><G125/><T123/><D123/><U91/><E100/><V17/><F50/><W33/><G33/><T45/><D18/><N who="2" m="7274" /><F30/><W36/><G36/><T113/><D113/><U77/><E74/><V28/><F28/><W89/><G79/><AGARI ba="0,0" hai="7,11,13,22,27,31,62,63,79,83,86" m="7274" machi="79" ten="30,2900,0" yaku="8,1,54,1" doraHai="66" who="2" fromWho="3" sc="153,0,250,0,327,29,270,-29" /><INIT seed="2,1,0,4,0,88" ten="153,250,356,241" oya="2" hai0="119,38,6,78,86,31,83,126,37,30,23,61,51" hai1="122,121,73,85,70,95,59,4,52,45,62,103,26" hai2="17,16,90,94,50,39,68,101,28,106,57,115,93" hai3="9,108,81,133,22,132,1,7,20,29,27,114,100"/><V69/><F39/><W56/><G100/><T129/><D119/><U125/><E73/><V130/><F115/><W71/><G71/><T128/><D126/><U72/><E72/><V65/><F28/><N who="0" m="10794" /><D6/><U11/><E70/><V77/><F77/><W135/><G114/><T46/><D61/><U24/><E125/><V131/><F106/><W79/><G108/><T0/><D23/><U2/><E45/><V10/><F10/><W89/><G56/><T64/><D64/><U33/><E33/><V92/><F68/><W18/><G89/><T12/><D12/><U97/><REACH who="1" step="1"/><E85/><REACH who="1" ten="153,240,356,241" step="2"/><N who="2" m="52303" /><F69/><W104/><G135/><T116/><D116/><U84/><E84/><V107/><F107/><W98/><G133/><T118/><D118/><U112/><E112/><V75/><F75/><W13/><G132/><T63/><D63/><U127/><E127/><V102/><F130/><N who="0" m="50282" /><D0/><U120/><AGARI ba="1,1" hai="2,4,11,24,26,52,59,62,95,97,103,120,121,122" machi="120" ten="30,12000,2" yaku="1,1,0,1,13,1,52,1,54,1,53,1" doraHai="88" doraHaiUra="5" who="1" fromWho="1" sc="153,-31,240,133,356,-61,241,-31" /><INIT seed="3,0,0,2,4,126" ten="122,373,295,210" oya="3" hai0="11,92,22,35,45,77,98,102,28,107,40,103,1" hai1="13,131,99,89,65,60,67,18,74,115,36,106,110" hai2="33,80,47,62,16,25,86,4,9,38,120,117,127" hai3="21,109,82,26,23,71,135,19,50,128,94,134,54"/><W7/><G71/><T63/><D35/><U5/><E115/><V100/><F117/><W27/><G7/><T119/><D77/><U48/><E74/><V56/><F127/><W61/><G61/><T72/><D72/><U24/><E36/><V75/><F75/><W95/><G109/><T68/><D119/><U87/><E5/><V111/><F111/><W17/><G82/><T105/><D102/><U73/><E73/><V85/><F120/><W34/><G34/><T31/><D31/><U0/><E0/><V53/><F100/><W125/><G125/><T113/><D113/><U124/><E124/><V129/><F33/><W52/><REACH who="3" step="1"/><G50/><REACH who="3" ten="122,373,295,200" step="2"/><T15/><D1/><U69/><E48/><V39/><F4/><W66/><G66/><T116/><D116/><U88/><E110/><V46/><F62/><W93/><G93/><T121/><D121/><U79/><E67/><V96/><F80/><W133/><G133/><T6/><D68/><U84/><E24/><V70/><F70/><W37/><G37/><T97/><D97/><U130/><E106/><V64/><F64/><W108/><G108/><T30/><D63/><U112/><E112/><V78/><F96/><W2/><G2/><T49/><D30/><U20/><E99/><V55/><F25/><W83/><G83/><T44/><D44/><U42/><E42/><V59/><F78/><W12/><G12/><T51/><D51/><U91/><REACH who="1" step="1"/><E79/><REACH who="1" ten="122,363,295,200" step="2"/><V122/><F122/><W118/><G118/><T123/><D123/><U43/><E43/><V57/><F39/><W76/><G76/><T10/><D10/><RYUUKYOKU ba="0,2" sc="122,10,363,10,295,-30,200,10" hai0="6,11,15,22,28,40,45,49,92,98,103,105,107" hai1="13,18,20,60,65,69,84,87,88,89,91,130,131" hai3="17,19,21,23,26,27,52,54,94,95,128,134,135" /><INIT seed="3,1,2,4,2,100" ten="132,373,265,210" oya="3" hai0="15,83,9,32,3,118,16,20,73,81,50,69,82" hai1="114,87,129,14,25,37,24,42,2,92,102,90,134" hai2="78,63,21,86,76,75,85,51,88,89,84,111,38" hai3="65,115,31,27,54,47,33,120,28,62,26,98,122"/><W36/><G115/><T108/><D118/><U95/><E114/><V101/><F38/><W133/><G133/><T80/><D108/><U107/><E2/><V117/><F117/><W17/><G17/><T34/><D73/><U119/><E107/><V91/><F111/><W121/><G98/><T113/><D69/><U130/><E119/><V0/><F0/><W43/><G54/><T74/><D113/><U79/><E79/><V22/><F51/><W66/><REACH who="3" step="1"/><G62/><REACH who="3" ten="132,373,265,200" step="2"/><T58/><D50/><U48/><E134/><V110/><F63/><W131/><G131/><N who="1" m="50186" /><E37/><V72/><F110/><W52/><G52/><T132/><D132/><U57/><E14/><V112/><F112/><W53/><G53/><T59/><D80/><N who="1" m="49511" /><E102/><V19/><F19/><W55/><G55/><T124/><D74/><N who="2" m="28202" /><F101/><W29/><G29/><T40/><D40/><U8/><E57/><V49/><F49/><W67/><G67/><T10/><D124/><U1/><E42/><V41/><F41/><W7/><G7/><T45/><D45/><U71/><E71/><V64/><F64/><W6/><G6/><T96/><D96/><U135/><E135/><V77/><AGARI ba="1,3" hai="21,22,76,77,78,84,85,86,88,89,91" m="28202" machi="77" ten="40,8000,1" yaku="29,2,28,2,54,1" doraHai="100" who="2" fromWho="2" sc="132,-21,373,-21,265,113,200,-41" owari="111,-39.0,352,15.0,378,48.0,159,-24.0" /></mjloggm>