<mjloggm ver="2.3"><GO type="41" lobby="0"/><UN n0="%E3%82%A6%E3%83%AB%E3%83%88%E3%83%A9%E7%AB%8B%E7%9B%B4" n1="%42%4F%53%53%37" n2="%E3%83%88%E3%83%A9%E3%83%B3%E4%BE%8D" n3="%E3%81%88%E3%82%8D%E3%81%93%E2%98%86%E5%8D%97" dan="15,15,14,14" rate="2025.82,1994.11,1871.91,2051.56" sx="M,M,M,F"/><TAIKYOKU oya="0"/><INIT seed="0,0,0,1,3,41" ten="250,250,250,250" oya="0" hai0="132,71,62,67,60,2,130,103,42,9,94,110,92" hai1="93,83,77,106,76,43,109,133,99,89,61,104,84" hai2="114,66,101,23,26,69,127,90,117,63,52,56,111" hai3="20,73,58,36,25,46,75,40,78,10,55,59,86"/><T129/><D103/><U119/><E43/><V28/><F111/><W53/><G10/><T100/><D100/><U128/><E61/><V17/><F127/><W38/><G38/><T27/><D110/><U124/><E109/><V4/><F114/><W108/><G108/><T113/><D113/><U134/><E119/><V30/><F117/><W98/><G98/><T121/><D121/><U120/><E120/><V13/><F101/><W8/><G8/><T123/><D123/><U44/><E44/><V102/><F102/><W64/><G64/><T95/><D132/><N who="1" m="50795" /><E124/><V135/><F135/><W54/><G86/><T6/><D62/><U122/><E122/><V19/><F4/><W39/><G39/><T3/><D3/><U87/><E128/><V116/><F116/><W32/><G32/><T22/><REACH who="0" step="1"/><D42/><REACH who="0" ten="240,250,250,250" step="2"/><U24/><E106/><V57/><F90/><W48/><G36/><T7/><D7/><U50/><E104/><V72/><F72/><W18/><G73/><T21/><D21/><U96/><E77/><V0/><F0/><W29/><G75/><T1/><D1/><U115/><E115/><V112/><F112/><W81/><G78/><T70/><D70/><U16/><E50/><N who="2" m="30743" /><F69/><W12/><G40/><T125/><D125/><U131/><E131/><V35/><F35/><W15/><G48/><T49/><D49/><U80/><E80/><V105/><F105/><W118/><G81/><T68/><D68/><U5/><E5/><V88/><F88/><W82/><G82/><T97/><D97/><U107/><E107/><V37/><F37/><W11/><G118/><RYUUKYOKU ba="0,1" sc="240,10,250,10,250,10,250,-30" hai0="2,6,9,22,27,60,67,71,92,94,95,129,130" hai1="16,24,76,83,84,87,89,93,96,99" hai2="13,17,19,23,26,28,30,57,63,66" /><INIT seed="0,1,1,4,2,130" ten="250,260,260,220" oya="0" hai0="14,0,44,24,73,99,46,93,114,95,20,122,112" hai1="107,7,10,98,34,15,12,92,31,84,32,82,5" hai2="78,62,37,109,127,129,106,8,60,53,52,57,33" hai3="88,117,55,90,108,41,30,66,67,132,133,70,128"/><T49/><D0/><U23/><E107/><V39/><F129/><W9/><G128/><T135/><D73/><U68/><E68/><V16/><F109/><W11/><G108/><T22/><D122/><U75/><E75/><V63/><F106/><W59/><G117/><T96/><D14/><U72/><E72/><V36/><F33/><W118/><G118/><T110/><D110/><U97/><E31/><V121/><F121/><W3/><G41/><T19/><D135/><N who="3" m="51785" /><G30/><T6/><D6/><U40/><E40/><V54/><F127/><W47/><G47/><T4/><D4/><U134/><E134/><V123/><F123/><W111/><G111/><T25/><D49/><U94/><E23/><V113/><F113/><W115/><G115/><T13/><D13/><U51/><E51/><N who="2" m="30879" /><F37/><W81/><G70/><T100/><D112/><U131/><E131/><V56/><F39/><W21/><G21/><T2/><D2/><U76/><E34/><V124/><F36/><W119/><G119/><T79/><D79/><U104/><E32/><V105/><F124/><W101/><G101/><T45/><D114/><U80/><E104/><V126/><F105/><W87/><G90/><T125/><D125/><U65/><E76/><V86/><F126/><W64/><G3/><T83/><D46/><U69/><E69/><V18/><F56/><W27/><G27/><T58/><D58/><U77/><E77/><V103/><F103/><W74/><G74/><T89/><D83/><U1/><E1/><V29/><F29/><AGARI ba="1,1" hai="19,20,22,24,25,29,44,45,89,93,95,96,99,100" machi="29" ten="30,2900,0" yaku="7,1,8,1" doraHai="130" who="0" fromWho="2" sc="250,42,260,0,260,-32,220,0" /><INIT seed="0,2,0,2,3,44" ten="292,260,228,220" oya="0" hai0="105,33,62,122,67,14,85,63,82,65,7,22,74" hai1="88,40,15,73,126,101,11,87,54,37,66,51,77" hai2="12,47,89,26,21,116,132,96,108,64,76,79,48" hai3="16,8,57,123,43,41,103,10,34,97,61,69,32"/><T83/><D105/><U36/><E126/><V52/><F108/><W134/><G69/><T81/><D33/><U118/><E118/><V18/><F132/><W68/><G68/><T24/><D74/><U55/><E66/><N who="0" m="25097" /><D122/><U3/><E3/><V131/><F131/><W19/><G134/><T84/><D14/><U20/><E101/><V129/><F129/><W38/><G123/><T6/><D22/><U112/><E112/><V114/><F114/><W0/><G38/><T120/><D24/><U17/><E73/><V60/><F116/><W110/><G103/><T127/><D127/><U35/><E77/><V109/><F109/><W111/><G57/><T119/><D120/><U107/><E107/><V29/><F89/><W78/><G61/><N who="0" m="23051" /><D119/><U102/><E102/><V70/><REACH who="2" step="1"/><F96/><REACH who="2" ten="292,260,218,220" step="2"/><W1/><G97/><T50/><D85/><U86/><E87/><V42/><F42/><W92/><REACH who="3" step="1"/><G92/><REACH who="3" ten="292,260,218,210" step="2"/><T100/><D100/><U99/><E99/><V2/><F2/><W91/><G91/><T80/><D84/><U23/><E86/><V117/><F117/><W72/><G72/><T128/><D128/><U135/><E88/><V31/><F31/><W75/><G75/><T49/><D83/><U30/><E135/><V124/><F124/><W90/><G90/><T58/><D58/><U27/><E35/><AGARI ba="2,2" hai="12,18,21,26,29,35,47,48,52,60,64,70,76,79" machi="35" ten="30,7700,0" yaku="1,1,7,1,52,1,54,1,53,0" doraHai="44" doraHaiUra="113" who="2" fromWho="1" sc="292,0,260,-83,218,103,210,0" /><INIT seed="1,0,0,0,4,106" ten="292,177,321,210" oya="1" hai0="60,86,11,32,91,48,120,12,83,38,46,102,36" hai1="95,21,67,64,134,103,82,70,75,88,131,116,25" hai2="10,71,23,43,74,76,119,34,15,33,39,53,20" hai3="92,132,135,100,94,40,127,107,87,41,89,130,68"/><U51/><E116/><V44/><F119/><W61/><G68/><T59/><D32/><U108/><E103/><V112/><F71/><W84/><G61/><T101/><D120/><U5/><E70/><V133/><F133/><N who="3" m="51275" /><G40/><T81/><D38/><U2/><E134/><V113/><F53/><W109/><G41/><T27/><D27/><U29/><E131/><V93/><F34/><W58/><G58/><T125/><D125/><U31/><E31/><V19/><F33/><W69/><G69/><T3/><D3/><U55/><E2/><V96/><F112/><W37/><G37/><T110/><D36/><U62/><E5/><V124/><F124/><W123/><G127/><T14/><D81/><U8/><E8/><V57/><F57/><W16/><G16/><N who="0" m="8223" /><D14/><U0/><E0/><V118/><F113/><W78/><G123/><T30/><D30/><U7/><E7/><V17/><F118/><W129/><G109/><T90/><D90/><U42/><E62/><V77/><F10/><W121/><G121/><T126/><D126/><U115/><E42/><V72/><F76/><W13/><G13/><T45/><D110/><U117/><E108/><V104/><F77/><W66/><G78/><T28/><D28/><U80/><E115/><V65/><F104/><W79/><G79/><T24/><D24/><U63/><E117/><V114/><F114/><W99/><G66/><N who="1" m="25130" /><E63/><V85/><F65/><W54/><G54/><N who="0" m="32199" /><D60/><U26/><E25/><V6/><F39/><W56/><G56/><T49/><D46/><N who="1" m="28151" /><E75/><V98/><F74/><W4/><G4/><T35/><D35/><RYUUKYOKU ba="0,0" sc="292,10,177,10,321,-30,210,10" hai0="45,49,83,86,91,101,102" hai1="21,26,29,80,82,88,95" hai3="84,87,89,92,94,99,100,107,129,130" /><INIT seed="1,1,0,0,1,6" ten="302,187,291,220" oya="1" hai0="70,126,78,98,4,96,16,59,90,43,0,3,80" hai1="88,118,23,61,104,127,34,109,92,85,27,125,66" hai2="89,1,87,132,72,47,134,55,58,21,26,7,77" hai3="39,119,129,79,107,111,122,12,133,99,51,120,73"/><U82/><E118/><V17/><F47/><W25/><G39/><T40/><D70/><U83/><E104/><V93/><F77/><W54/><G119/><T86/><D126/><N who="1" m="48139" /><E34/><V24/><F72/><W74/><G79/><T28/><D28/><N who="1" m="17535" /><E109/><V116/><F116/><W53/><G111/><T36/><D3/><U135/><E135/><N who="2" m="51755" /><F1/><W41/><G107/><T121/><D121/><U9/><E9/><V130/><F130/><W115/><G129/><T15/><D4/><U110/><E110/><V102/><F7/><W105/><G105/><T2/><D2/><U67/><E66/><V19/><F102/><W37/><G133/><T63/><D0/><U60/><E60/><N who="2" m="35935" /><F24/><W57/><G25/><T52/><D36/><U62/><E62/><V42/><F42/><N who="0" m="15914" /><D78/><U30/><E30/><AGARI ba="1,0" hai="17,19,21,26,30,87,89,93" m="35935,51755" machi="30" ten="30,1000,0" yaku="20,1" doraHai="6" who="2" fromWho="1" sc="302,0,187,-13,291,13,220,0" /><INIT seed="2,0,0,0,3,55" ten="302,174,304,220" oya="2" hai0="92,32,25,125,133,87,13,52,26,114,107,113,38" hai1="134,29,99,77,51,11,18,108,39,34,127,20,43" hai2="56,129,128,79,94,19,106,17,24,0,91,74,47" hai3="12,21,95,122,84,110,9,76,10,88,42,75,49"/><V90/><F106/><W103/><G122/><T101/><D38/><U22/><E39/><V71/><F71/><W109/><G103/><T63/><D107/><U8/><E77/><V68/><F68/><W1/><G1/><T53/><D32/><U45/><E108/><N who="3" m="41578" /><G21/><T73/><D73/><U65/><E65/><V100/><F0/><W44/><G12/><T96/><D125/><U28/><E127/><V4/><F4/><W105/><G105/><T23/><D133/><U64/><E134/><V36/><F79/><W124/><G124/><T15/><D113/><U117/><E117/><V5/><F74/><W121/><G121/><T37/><D37/><U67/><E34/><V104/><F5/><W3/><G3/><T62/><D26/><N who="1" m="16455" /><E29/><V69/><F104/><W59/><G59/><N who="0" m="35175" /><D114/><U98/><E64/><V7/><F69/><W118/><G118/><T89/><D25/><N who="1" m="14551" /><E67/><V57/><F128/><W123/><G123/><T14/><D23/><U78/><E78/><V2/><F129/><W46/><G46/><T131/><D131/><U85/><E85/><V93/><F47/><W80/><AGARI ba="0,0" hai="9,10,42,44,49,75,76,80,84,88,95" m="41578" machi="80" ten="30,2000,0" yaku="14,1,54,1" doraHai="55" who="3" fromWho="3" sc="302,-5,174,-5,304,-10,220,20" /><INIT seed="3,0,0,2,4,44" ten="297,169,294,240" oya="3" hai0="94,4,108,55,99,45,82,84,46,26,37,81,18" hai1="7,86,77,71,17,73,96,24,57,9,118,13,129" hai2="43,22,102,74,115,42,12,1,34,0,106,33,67" hai3="16,66,48,126,111,104,59,70,64,124,6,72,89"/><W31/><G72/><T3/><D108/><U109/><E71/><V91/><F115/><W112/><G112/><T133/><D133/><U41/><E109/><V113/><F113/><W23/><G111/><T11/><D37/><U65/><E73/><V20/><F74/><W117/><G117/><T97/><D97/><U120/><E118/><V110/><F110/><W85/><G104/><T83/><D84/><U60/><E120/><V114/><F114/><W90/><G6/><T50/><D26/><U128/><E96/><V88/><F12/><N who="3" m="9607" /><G31/><T123/><D18/><U134/><E134/><V36/><F67/><N who="3" m="25643" /><G70/><T125/><D125/><N who="3" m="48233" /><G85/><T121/><REACH who="0" step="1"/><D46/><REACH who="0" ten="287,169,294,240" step="2"/><U28/><E7/><V61/><F36/><W27/><G27/><T38/><D38/><U52/><E65/><V75/><F75/><W87/><G87/><T95/><D95/><U49/><E86/><V92/><F92/><W78/><G78/><T93/><D93/><U53/><E77/><V100/><F106/><W79/><G79/><T119/><D119/><U98/><E98/><V21/><REACH who="2" step="1"/><F20/><REACH who="2" ten="287,169,284,240" step="2"/><W32/><G32/><T19/><D19/><U30/><E30/><V135/><F135/><W40/><G59/><T107/><D107/><U29/><E28/><V51/><F51/><W35/><G35/><T63/><D63/><AGARI ba="0,2" hai="0,1,21,22,33,34,42,43,61,63,88,91,100,102" machi="63" ten="25,6400,0" yaku="1,1,22,2,54,1,53,0" doraHai="44" doraHaiUra="116" who="2" fromWho="0" sc="287,-64,169,0,284,84,240,0" /><INIT seed="4,0,0,0,1,45" ten="223,169,368,240" oya="0" hai0="53,98,122,69,6,40,24,94,38,99,118,26,70" hai1="5,2,131,14,61,4,63,60,52,8,78,30,134" hai2="83,64,68,102,20,74,107,16,27,132,34,33,128" hai3="35,31,91,129,12,110,127,86,88,133,10,104,19"/><T93/><D122/><U1/><E134/><V62/><F132/><W71/><G133/><T43/><D118/><U22/><E131/><V87/><F74/><W37/><G37/><T39/><D6/><U116/><E116/><V108/><F108/><W25/><G110/><T13/><D13/><U55/><E78/><V92/><F107/><W18/><G104/><T36/><D36/><U96/><E96/><V103/><F128/><W56/><G129/><T0/><REACH who="0" step="1"/><D53/><REACH who="0" ten="213,169,368,240" step="2"/><U65/><E65/><V114/><F114/><W111/><G111/><T106/><D106/><U124/><E124/><V67/><F64/><W58/><G127/><T41/><D41/><U125/><E125/><V17/><F67/><W28/><G12/><T66/><D66/><U51/><E14/><V80/><F68/><W90/><G25/><T3/><AGARI ba="0,1" hai="0,3,24,26,38,39,40,43,69,70,93,94,98,99" machi="3" ten="25,9600,0" yaku="1,1,0,1,22,2,53,0" doraHai="45" doraHaiUra="82" who="0" fromWho="0" sc="213,106,169,-32,368,-32,240,-32" /><INIT seed="4,1,0,2,3,75" ten="319,137,336,208" oya="0" hai0="106,116,98,32,7,103,94,109,16,60,3,130,112" hai1="47,27,125,14,4,81,95,65,29,37,10,135,99" hai2="104,110,8,48,93,90,9,102,126,13,101,68,53" hai3="26,61,123,20,44,11,62,82,64,18,118,58,38"/><T113/><D32/><U50/><E125/><V78/><F110/><W51/><G118/><T55/><D7/><U76/><E135/><V111/><F111/><W28/><G123/><T128/><D3/><U1/><E37/><V69/><F126/><W0/><G38/><T35/><D35/><U59/><E1/><V19/><F104/><W71/><G0/><T33/><D33/><U132/><E132/><V63/><F9/><W108/><G108/><T49/><D109/><U12/><E12/><V34/><F34/><W134/><G134/><T66/><D116/><U36/><E36/><V72/><F68/><W39/><G39/><T24/><D106/><U79/><E81/><V122/><F69/><W85/><G11/><T124/><D124/><U107/><E107/><V86/><F63/><N who="3" m="38007" /><G28/><T17/><D60/><N who="1" m="38047" /><E29/><V91/><F122/><W83/><G83/><T92/><D66/><U120/><E27/><V23/><F8/><W43/><G71/><T67/><D67/><U114/><E114/><N who="0" m="44137" /><D94/><U70/><E70/><V100/><F72/><W41/><G41/><T77/><D24/><U117/><E117/><V54/><F91/><AGARI ba="1,0" hai="18,20,26,43,44,51,61,62,82,85,91" m="38007" machi="91" ten="30,1000,0" yaku="8,1" doraHai="75" who="3" fromWho="2" sc="319,0,137,0,336,-13,208,13" /><INIT seed="5,0,0,1,5,97" ten="319,137,323,221" oya="1" hai0="34,63,110,9,61,20,45,62,88,40,32,4,130" hai1="103,81,84,76,48,123,7,27,108,115,15,131,56" hai2="55,89,111,112,129,80,104,68,44,73,14,0,8" hai3="19,28,133,128,25,124,51,59,86,47,26,53,42"/><U37/><E37/><V83/><F0/><W77/><G133/><T43/><D110/><U39/><E123/><V23/><F111/><W12/><G128/><T46/><D20/><U1/><E39/><V31/><F129/><W50/><G124/><T87/><D130/><U127/><E108/><V119/><F119/><W71/><G71/><T10/><D4/><U2/><E131/><V33/><F33/><W94/><G28/><T65/><D65/><U82/><E127/><V54/><F68/><W22/><REACH who="3" step="1"/><G94/><REACH who="3" ten="319,137,323,211" step="2"/><T17/><D34/><U60/><E115/><V85/><F112/><W58/><G58/><T66/><D32/><U99/><E81/><AGARI ba="0,1" hai="12,19,22,25,26,42,47,50,51,53,59,77,81,86" machi="81" ten="40,2600,0" yaku="1,1,8,1,53,0" doraHai="97" doraHaiUra="120" who="3" fromWho="1" sc="319,0,137,-26,323,0,211,36" /><INIT seed="6,0,0,3,1,89" ten="319,111,323,247" oya="2" hai0="82,109,135,10,4,62,14,53,130,36,96,35,71" hai1="21,65,25,22,24,113,46,7,98,90,68,18,129" hai2="15,63,99,60,23,92,54,2,80,108,78,11,100" hai3="117,64,30,94,20,56,41,75,9,39,28,119,27"/><V97/><F2/><W76/><G30/><T105/><D36/><U118/><E118/><V5/><F108/><W66/><G66/><T95/><D109/><U93/><E113/><V101/><F23/><W43/><G43/><T16/><D35/><U112/><E112/><V32/><F32/><W50/><G9/><T70/><D105/><U34/><E34/><V85/><F54/><W48/><G48/><T125/><D125/><U121/><E121/><V127/><REACH who="2" step="1"/><F127/><REACH who="2" ten="319,111,313,247" step="2"/><W29/><G20/><T111/><D111/><U12/><E65/><V133/><F133/><W110/><G110/><T73/><D135/><U104/><E68/><V123/><F123/><W59/><G117/><T37/><D71/><U17/><E129/><V83/><F83/><W79/><G119/><T86/><D130/><U131/><E131/><V132/><F132/><W102/><G64/><T103/><D70/><U126/><E126/><V1/><F1/><W6/><G41/><T38/><D53/><U52/><E104/><AGARI ba="0,1" hai="5,11,15,60,63,78,80,85,92,97,99,100,101,104" machi="104" ten="30,5800,0" yaku="1,1,7,1,52,1,53,0" doraHai="89" doraHaiUra="47" who="2" fromWho="1" sc="319,0,111,-58,313,68,247,0" /><INIT seed="6,1,0,4,4,99" ten="319,53,381,247" oya="2" hai0="47,13,41,43,124,83,34,104,120,46,71,19,73" hai1="126,95,117,22,100,85,8,62,27,65,74,17,118" hai2="49,110,111,23,26,11,44,80,66,135,69,4,82" hai3="29,63,105,101,18,103,42,37,6,56,107,16,131"/><V109/><F135/><W55/><G6/><T60/><D120/><U86/><E126/><V108/><F66/><W88/><G29/><T94/><D104/><U33/><E74/><V38/><F38/><W87/><G42/><T31/><D124/><U129/><E33/><V79/><F69/><W134/><G37/><T10/><D73/><U78/><E129/><V127/><F79/><W113/><G134/><T20/><D34/><U91/><E117/><V5/><F127/><W15/><G131/><T24/><D83/><N who="2" m="31786" /><F11/><N who="3" m="6271" /><G105/><T64/><D43/><U70/><E118/><V122/><F122/><W76/><G107/><T59/><D71/><U72/><E78/><V52/><F111/><W132/><G76/><T12/><D41/><U35/><E72/><V67/><F67/><W3/><G3/><T45/><D13/><U68/><E35/><V57/><F44/><W21/><G113/><T102/><D47/><U58/><E85/><V0/><F0/><W93/><G132/><T96/><AGARI ba="1,0" hai="10,12,19,20,24,31,45,46,59,60,64,94,96,102" machi="96" ten="30,8000,1" yaku="0,1,25,2,8,1,52,1" doraHai="99" who="0" fromWho="0" sc="319,83,53,-21,381,-41,247,-21" /><INIT seed="7,0,0,4,5,116" ten="402,32,340,226" oya="3" hai0="69,24,128,2,28,20,84,80,124,131,110,60,103" hai1="7,129,130,102,9,32,26,115,34,63,6,5,66" hai2="105,0,33,134,82,76,133,81,67,42,55,90,123" hai3="10,4,97,16,111,59,89,49,54,106,132,72,57"/><W127/><G72/><T120/><D120/><U27/><E63/><V87/><F33/><W38/><G38/><T98/><D2/><U64/><E102/><V13/><F0/><W36/><G36/><T44/><D44/><U15/><E115/><V19/><F42/><W37/><G37/><T23/><D23/><U43/><E43/><V88/><F67/><W109/><G132/><N who="2" m="50793" /><F55/><W62/><G127/><T14/><D14/><U79/><E79/><N who="2" m="46527" /><F105/><W99/><G106/><N who="0" m="63863" /><D110/><N who="3" m="41993" /><G89/><N who="2" m="34409" /><F19/><W46/><G57/><T58/><D69/><U121/><E121/><V40/><F40/><N who="3" m="24775" /><G16/><T118/><D58/><U1/><E64/><V94/><F13/><AGARI ba="0,0" hai="4,10,13,54,59,62,97,99" m="24775,41993" machi="13" ten="30,1500,0" yaku="10,1" doraHai="116" who="3" fromWho="2" sc="402,0,32,0,340,-15,226,15" /><INIT seed="7,1,0,0,4,89" ten="402,32,325,241" oya="3" hai0="29,131,18,6,57,39,14,126,4,83,47,0,117" hai1="104,91,75,35,110,73,2,1,85,42,112,121,60" hai2="52,65,114,43,66,78,74,71,72,7,15,77,128" hai3="62,123,79,34,82,26,107,3,135,92,13,88,40"/><W120/><G3/><N who="1" m="1034" /><E91/><V56/><F128/><W69/><G107/><T55/><D117/><U54/><E85/><V90/><F114/><W31/><G135/><T84/><D126/><U80/><E60/><V116/><F116/><W48/><G13/><T32/><D131/><U61/><E61/><V124/><F124/><W129/><G129/><T53/><D29/><U30/><E80/><V102/><F102/><W113/><G113/><T115/><D32/><U25/><E54/><V94/><F43/><W63/><G63/><N who="0" m="36271" /><D39/><U133/><E42/><V49/><F72/><W22/><G34/><T132/><D132/><U106/><E133/><V64/><F74/><N who="1" m="28169" /><E112/><V9/><REACH who="2" step="1"/><F71/><REACH who="2" ten="402,32,315,241" step="2"/><W59/><G69/><T134/><D115/><U44/><E121/><V41/><F41/><W119/><G119/><T45/><D134/><U76/><E110/><V50/><F50/><W86/><G48/><T33/><D0/><U70/><E70/><V125/><F125/><W19/><G40/><T96/><D47/><U100/><E100/><V21/><F21/><W130/><G130/><T10/><D33/><U67/><E106/><V81/><F81/><W127/><G127/><T101/><D101/><U8/><E104/><V109/><F109/><W5/><G5/><T68/><D68/><U118/><E118/><V103/><F103/><W12/><G82/><T23/><D6/><U46/><E8/><V97/><AGARI ba="1,1" hai="7,9,15,49,52,56,64,65,66,77,78,90,94,97" machi="97" ten="30,8000,1" yaku="1,1,0,1,8,1,52,1,54,1,53,0" doraHai="89" doraHaiUra="122" who="2" fromWho="2" sc="402,-21,32,-21,315,93,241,-41" owari="381,18.0,11,-49.0,408,51.0,200,-20.0" /></mjloggm>