<mjloggm ver="2.3"><GO type="97" lobby="0"/><UN n0="%73%65%6E%64%6F%75" n1="%E5%BF%97%E4%BD%8D%E5%A7%94%E5%93%A1%E9%95%B7" n2="%70%69%72%6D%69%6E" n3="%E3%82%A6%E3%83%AB%E3%83%88%E3%83%A9%E7%AB%8B%E7%9B%B4" dan="14,15,13,13" rate="1933.03,1960.28,1833.47,1878.45" sx="M,M,M,M"/><TAIKYOKU oya="0"/><INIT seed="0,0,0,4,1,131" ten="250,250,250,250" oya="0" hai0="116,89,53,97,10,117,58,104,77,52,19,49,47" hai1="40,43,31,95,122,33,37,22,134,1,76,0,78" hai2="112,36,11,71,85,102,56,18,63,65,50,129,5" hai3="73,41,2,6,75,44,60,15,114,67,57,38,70"/><T21/><D77/><U4/><E122/><V124/><F129/><W90/><G114/><T94/><D104/><U120/><E120/><V51/><F124/><W54/><G2/><T26/><REACH who="0" step="1"/><D10/><REACH who="0" ten="240,250,250,250" step="2"/><U30/><E78/><V105/><F112/><W99/><G75/><T86/><D86/><U66/><E76/><V23/><F85/><W12/><G73/><T103/><D103/><U113/><E113/><V87/><F87/><W29/><G6/><T32/><D32/><U118/><E4/><V83/><F102/><W108/><G99/><T100/><D100/><U62/><E33/><V14/><F105/><W7/><G90/><T110/><D110/><U82/><E82/><V93/><F83/><W81/><G81/><T125/><D125/><U42/><E95/><V13/><F93/><W106/><G106/><T61/><AGARI ba="0,1" hai="19,21,26,47,49,52,53,58,61,89,94,97,116,117" machi="61" ten="20,18000,2" yaku="1,1,0,1,7,1,25,2,54,1,53,0" doraHai="131" doraHaiUra="68" who="0" fromWho="0" sc="240,190,250,-60,250,-60,250,-60" /><INIT seed="0,1,0,2,2,55" ten="430,190,190,190" oya="0" hai0="62,49,51,67,109,135,57,48,121,88,76,18,24" hai1="102,71,40,66,130,124,91,104,101,72,30,9,113" hai2="19,78,39,125,29,41,114,12,11,82,97,73,60" hai3="17,53,52,22,68,99,42,134,119,23,32,27,13"/><T81/><D121/><U56/><E71/><V43/><F114/><W3/><G68/><T116/><D116/><U118/><E118/><V21/><F125/><W112/><G119/><T38/><D135/><U108/><E72/><V0/><F97/><W86/><G3/><T107/><D38/><U75/><E75/><V132/><F132/><W120/><G112/><T126/><D107/><U77/><E77/><V7/><F43/><W131/><G134/><T26/><D126/><U100/><E104/><V90/><F90/><W44/><G120/><T129/><D129/><U31/><E124/><V15/><F60/><W35/><G131/><T110/><D18/><U50/><E130/><V58/><F29/><W93/><G86/><T122/><D122/><U64/><E113/><V2/><F2/><W70/><G70/><T103/><D103/><U94/><E9/><V25/><REACH who="2" step="1"/><F58/><REACH who="2" ten="430,190,180,190" step="2"/><W69/><G69/><T83/><D88/><U59/><E30/><V45/><AGARI ba="1,1" hai="0,7,11,12,15,19,21,25,39,41,45,73,78,82" machi="45" ten="30,12000,2" yaku="1,1,2,1,0,1,25,2,53,1" doraHai="55" doraHaiUra="5" who="2" fromWho="2" sc="430,-61,190,-31,180,133,190,-31" /><INIT seed="1,0,0,4,4,3" ten="369,159,313,159" oya="1" hai0="80,18,16,127,66,11,6,29,64,114,126,1,99" hai1="102,115,47,113,92,39,56,95,75,52,69,132,119" hai2="83,79,21,112,45,122,67,121,14,61,129,123,0" hai3="131,9,105,40,49,25,62,120,48,19,12,8,35"/><U13/><E69/><V68/><F0/><W57/><G105/><T93/><D114/><U88/><E75/><V46/><F129/><W41/><G131/><T106/><D29/><U125/><E119/><V5/><F112/><W63/><G120/><T124/><D106/><U101/><E115/><V110/><F110/><W23/><G35/><T58/><D80/><U111/><E113/><V7/><F21/><W51/><G9/><T54/><D66/><U72/><E72/><V94/><F94/><W59/><G63/><N who="0" m="36311" /><D64/><U43/><E111/><V91/><F91/><AGARI ba="0,0" hai="1,6,11,16,18,91,93,99,124,126,127" m="36311" machi="91" ten="30,3900,0" yaku="18,1,52,1,54,1" doraHai="3" who="0" fromWho="2" sc="369,39,159,0,313,-39,159,0" /><INIT seed="2,0,0,4,0,130" ten="408,159,274,159" oya="2" hai0="46,26,13,86,37,76,47,91,98,58,52,87,32" hai1="96,135,117,126,123,17,83,81,62,103,50,90,33" hai2="61,118,113,92,70,72,105,60,21,99,7,95,93" hai3="23,63,11,57,89,31,85,35,100,16,6,69,125"/><V24/><F118/><W34/><G69/><T12/><D37/><U80/><E33/><V25/><F113/><W19/><G125/><T104/><D32/><U20/><E117/><V2/><F72/><W4/><G100/><T115/><D115/><U102/><E50/><V43/><F43/><W77/><G77/><T114/><D114/><U71/><E71/><V94/><F25/><W121/><G121/><T54/><D104/><U56/><E123/><V42/><F42/><W0/><G6/><T68/><D68/><U66/><E126/><V110/><F110/><W18/><G31/><T97/><D26/><U28/><E28/><V73/><F73/><W40/><G40/><T49/><D76/><U108/><E108/><V5/><F2/><W78/><G78/><T45/><D54/><U8/><E8/><V79/><F79/><W84/><G23/><T48/><D48/><U3/><E3/><V55/><F55/><W107/><G107/><T127/><D127/><U109/><E109/><V64/><N who="2" m="24064" /><DORA hai="129" /><V22/><F61/><W1/><G1/><T29/><D29/><U59/><E90/><V51/><F51/><W112/><G112/><T124/><D124/><U27/><E59/><V30/><REACH who="2" step="1"/><F22/><REACH who="2" ten="408,159,264,159" step="2"/><W10/><G35/><T134/><D49/><U36/><E36/><V44/><F44/><W122/><G34/><T133/><D47/><U88/><E88/><V128/><F128/><W119/><G89/><T65/><D91/><U131/><E131/><V53/><F53/><N who="3" m="34223" /><G119/><T75/><D75/><U106/><E102/><AGARI ba="0,1" hai="5,7,21,24,30,60,64,70,99,102,105" m="24064" machi="102" ten="50,2400,0" yaku="1,1,53,0" doraHai="130,129" doraHaiUra="38,116" who="2" fromWho="1" sc="408,0,159,-24,264,34,159,0" /><INIT seed="2,1,0,3,2,2" ten="408,135,298,159" oya="2" hai0="83,29,65,64,14,5,12,101,47,63,35,31,52" hai1="95,4,134,116,13,123,39,38,103,36,61,33,117" hai2="126,43,71,56,34,28,1,24,25,46,99,93,10" hai3="86,85,67,106,59,62,122,114,133,74,23,3,51"/><V19/><F71/><W79/><G122/><T92/><D35/><U53/><E33/><V7/><F126/><W9/><G106/><T57/><D83/><U54/><E103/><V127/><F127/><W112/><G133/><T70/><D70/><U121/><E95/><V110/><F56/><W69/><G74/><T32/><D32/><U128/><E13/><V130/><F130/><W76/><G23/><T109/><D109/><U82/><E82/><V68/><F68/><W16/><G51/><N who="0" m="28799" /><D65/><U111/><E4/><V88/><F110/><W78/><G69/><T104/><D104/><U45/><E111/><V41/><F46/><W50/><G50/><T75/><D75/><U132/><E128/><V27/><F25/><W102/><G102/><T58/><D58/><U96/><E96/><V105/><REACH who="2" step="1"/><F105/><REACH who="2" ten="408,135,288,159" step="2"/><W37/><G37/><T22/><D57/><U89/><E38/><V6/><F6/><N who="3" m="1247" /><G16/><T119/><D5/><U8/><E45/><V124/><F124/><W98/><G59/><T42/><D31/><U129/><E129/><V90/><F90/><W20/><G62/><T49/><D29/><U11/><E89/><V118/><F118/><W84/><G67/><T48/><D64/><U44/><E44/><V77/><F77/><W55/><G78/><T66/><D66/><U21/><E61/><V72/><F72/><W108/><G79/><T15/><D63/><U60/><E60/><V17/><F17/><W135/><G76/><T73/><D119/><U100/><E100/><V113/><F113/><W0/><G112/><T107/><D73/><U94/><E94/><RYUUKYOKU ba="1,1" sc="408,-15,135,15,288,15,159,-15" hai1="8,11,21,36,39,53,54,116,117,121,123,132,134" hai2="1,7,10,19,24,27,28,34,41,43,88,93,99" /><INIT seed="2,2,1,0,3,78" ten="393,150,303,144" oya="2" hai0="26,30,112,126,135,94,72,128,93,81,35,109,42" hai1="84,91,88,31,79,73,15,40,87,2,76,13,107" hai2="83,129,110,28,17,23,67,90,106,58,9,85,21" hai3="70,99,71,16,102,121,25,114,74,8,55,66,52"/><V33/><F106/><W130/><G121/><T133/><D112/><U34/><E31/><V29/><F33/><W36/><G36/><T45/><D128/><U63/><E2/><V68/><F68/><W132/><G74/><T27/><D126/><U101/><E40/><V10/><F129/><W47/><G130/><T134/><D109/><U22/><E22/><N who="2" m="8203" /><F110/><W96/><G70/><T118/><D26/><U51/><E34/><V64/><F58/><W108/><G71/><T39/><D118/><U19/><E107/><V6/><F6/><W54/><G108/><T37/><D39/><U116/><E116/><V12/><F10/><W4/><G132/><T18/><D18/><U24/><E73/><V62/><F62/><W120/><G120/><T95/><D72/><U57/><E63/><V80/><F80/><AGARI ba="2,1" hai="27,30,35,37,42,45,80,81,93,94,95,133,134,135" machi="80" ten="50,6400,0" yaku="20,1,52,2" doraHai="78" who="0" fromWho="2" sc="393,80,150,0,303,-70,144,0" /><INIT seed="3,0,0,2,5,98" ten="473,150,233,144" oya="3" hai0="34,54,124,50,117,39,72,129,18,32,123,134,121" hai1="104,130,101,118,115,43,41,108,128,120,16,35,46" hai2="110,84,28,122,44,64,40,114,133,78,95,113,37" hai3="132,119,71,109,45,92,36,33,135,74,96,26,49"/><W68/><G36/><T111/><RYUUKYOKU type="yao9" ba="0,0" sc="473,0,150,0,233,0,144,0" hai0="18,32,34,39,50,54,72,111,117,121,123,124,129,134" /><INIT seed="3,1,0,1,0,79" ten="473,150,233,144" oya="3" hai0="3,135,54,25,28,26,134,33,76,56,4,52,100" hai1="47,43,9,23,112,82,59,103,101,8,133,117,15" hai2="94,37,18,58,108,106,126,120,10,87,129,109,115" hai3="70,36,116,99,127,42,60,124,97,50,62,49,91"/><W39/><G91/><T21/><D100/><U77/><E112/><V119/><F58/><W46/><G99/><T55/><D76/><U1/><E117/><V35/><F94/><W131/><G97/><T44/><D44/><U107/><E107/><V19/><F87/><W0/><G0/><T45/><D45/><U24/><E1/><V114/><F19/><W6/><G6/><T104/><D104/><U92/><E133/><N who="0" m="50697" /><D4/><U75/><E59/><V113/><F18/><W32/><G32/><T30/><D3/><U53/><E53/><V64/><F10/><W63/><G116/><T29/><D29/><U121/><E121/><V122/><F64/><W31/><G31/><T7/><D7/><U57/><E57/><AGARI ba="1,0" hai="21,25,26,28,30,33,52,54,55,56,57" m="50697" machi="57" ten="30,2000,0" yaku="20,1,54,1" doraHai="79" who="0" fromWho="1" sc="473,23,150,-23,233,0,144,0" owari="496,60.0,127,-37.0,233,3.0,144,-26.0" /></mjloggm>