<mjloggm ver="2.3"><GO type="97" lobby="0"/><UN n0="%E5%B0%B1%E6%B4%BB%E7%94%9F%40%E5%B7%9D%E6%9D%91%E8%BB%8D%E5%9B%A3" n1="%E6%99%82%E9%9B%A8%E6%A4%BF" n2="%E3%82%82%E3%81%90%E3%82%82%E3%81%90%78" n3="%E2%97%86%4D%74%4D%4D%4D%4D%4D" dan="13,14,13,13" rate="1881.53,1971.82,1908.85,1885.37" sx="M,F,F,M"/><TAIKYOKU oya="0"/><INIT seed="0,0,0,2,2,129" ten="250,250,250,250" oya="0" hai0="58,43,2,27,96,109,76,117,22,11,94,128,44" hai1="67,45,131,19,134,6,93,63,81,53,97,86,50" hai2="28,16,8,91,73,132,83,133,65,42,124,84,21" hai3="10,79,20,122,75,14,108,52,55,24,127,107,112"/><T32/><D117/><U64/><E131/><V82/><F124/><W115/><G107/><T98/><D128/><U36/><E36/><V49/><F65/><W15/><G127/><T46/><D109/><U130/><E130/><V9/><F28/><W119/><G108/><T0/><D32/><U118/><E118/><V7/><F49/><W92/><G119/><T105/><D105/><U5/><E19/><V23/><F42/><W68/><G68/><T51/><D76/><U114/><E114/><V78/><F16/><W47/><G122/><T106/><D106/><U56/><E67/><V87/><F87/><W126/><G126/><T37/><D58/><U38/><E38/><V99/><F99/><W125/><G125/><T48/><D11/><N who="2" m="4170" /><F7/><W59/><G115/><T70/><D70/><U101/><REACH who="1" step="1"/><E134/><AGARI ba="0,0" hai="21,23,73,78,82,83,84,91,132,133,134" m="4170" machi="134" ten="30,7700,0" yaku="20,1,52,3" doraHai="129" who="2" fromWho="1" sc="250,0,250,-77,250,77,250,0" /><INIT seed="1,0,0,0,5,28" ten="250,173,327,250" oya="1" hai0="54,122,27,114,88,104,38,83,50,52,34,18,73" hai1="3,4,94,119,90,49,68,20,36,13,31,6,7" hai2="72,132,86,22,103,105,111,81,15,92,41,76,65" hai3="106,32,135,63,26,53,21,25,48,16,62,108,69"/><U97/><E36/><V127/><F41/><W116/><G108/><T14/><D38/><U59/><E68/><V8/><F65/><W39/><G135/><T19/><D104/><U128/><E128/><V99/><F132/><W30/><G39/><T100/><D100/><U9/><E119/><V55/><F22/><W67/><G63/><T102/><D114/><U24/><REACH who="1" step="1"/><E3/><REACH who="1" ten="250,163,327,250" step="2"/><V35/><F111/><W80/><G116/><T133/><D122/><U126/><E126/><V123/><F127/><W12/><G106/><T130/><D133/><U23/><E23/><V87/><F123/><W115/><G115/><T131/><D130/><U29/><E29/><V40/><F35/><W101/><G26/><T56/><D131/><U46/><E46/><V74/><F15/><W60/><G67/><T109/><D109/><U98/><E98/><V1/><F99/><W84/><G69/><T44/><D34/><U78/><E78/><V43/><F76/><W91/><REACH who="3" step="1"/><G101/><REACH who="3" ten="250,163,327,240" step="2"/><T66/><D102/><U96/><E96/><V33/><F103/><W57/><AGARI ba="0,2" hai="12,16,21,25,30,32,48,53,57,60,62,80,84,91" machi="57" ten="20,12000,2" yaku="1,1,2,1,0,1,7,1,52,1,54,1,53,1" doraHai="28" doraHaiUra="79" who="3" fromWho="3" sc="250,-30,163,-60,327,-30,240,140" /><INIT seed="2,0,0,4,4,103" ten="220,103,297,380" oya="2" hai0="107,50,26,73,93,53,0,89,18,32,67,14,61" hai1="42,109,134,90,66,97,83,10,56,79,47,17,25" hai2="110,3,60,63,22,69,102,100,126,127,8,72,96" hai3="30,81,55,121,29,123,38,132,80,119,116,4,98"/><V64/><F72/><W125/><G98/><T124/><D0/><U23/><E134/><V11/><F110/><W36/><G55/><T130/><D73/><U39/><E109/><V52/><F22/><W45/><G45/><T129/><D124/><N who="2" m="47658" /><F3/><W82/><G4/><T48/><D107/><U76/><E10/><N who="2" m="3627" /><F96/><W40/><G40/><T120/><D32/><U7/><E7/><V105/><F105/><W28/><G132/><T75/><D26/><U104/><E104/><V101/><F101/><W5/><G5/><T2/><D2/><U59/><E97/><V41/><F41/><W37/><G125/><T65/><D75/><U57/><E90/><V77/><F77/><W113/><G113/><T33/><D33/><U34/><E34/><V15/><F15/><W51/><G51/><T49/><D120/><AGARI ba="0,0" hai="28,29,30,36,37,38,80,81,82,116,119,120,121,123" machi="120" ten="50,8000,1" yaku="29,2,28,2" doraHai="103" who="3" fromWho="0" sc="220,-80,103,0,297,0,380,80" /><INIT seed="3,0,0,5,2,14" ten="140,103,297,460" oya="3" hai0="67,13,121,10,130,93,24,106,105,126,108,114,72" hai1="99,48,35,55,27,4,112,84,12,40,75,95,70" hai2="47,43,18,34,25,111,92,124,132,91,37,58,38" hai3="68,76,36,74,65,98,2,127,54,8,82,5,134"/><W32/><G32/><T115/><D121/><U101/><E75/><V113/><F113/><N who="0" m="43018" /><D72/><U39/><E70/><V88/><F37/><W16/><G36/><T30/><D126/><U21/><E112/><V135/><F111/><W87/><G127/><T116/><D116/><U45/><E35/><V42/><F42/><W97/><G74/><T29/><D130/><U62/><E84/><N who="2" m="52231" /><F124/><W66/><G134/><N who="2" m="51241" /><F91/><W51/><G68/><T102/><D108/><U109/><E109/><V103/><F103/><W26/><G2/><T90/><D67/><N who="3" m="25609" /><G5/><N who="0" m="3279" /><D102/><U119/><E119/><V107/><F107/><N who="0" m="40970" /><D24/><U89/><E62/><V3/><F3/><W17/><G8/><T110/><D110/><U125/><E125/><V56/><F34/><W15/><G15/><T118/><D118/><U23/><E101/><V64/><F64/><W69/><G26/><T122/><D122/><U123/><E123/><V120/><F120/><W83/><G83/><T49/><D49/><U60/><E60/><V1/><F1/><W0/><G0/><T59/><D59/><N who="2" m="22570" /><F25/><W28/><G28/><T85/><AGARI ba="0,0" hai="29,30,85,90,93" m="40970,3279,43018" machi="85" ten="30,1100,0" yaku="11,1" doraHai="14" who="0" fromWho="0" sc="140,11,103,-3,297,-3,460,-5" owari="151,-25.0,100,-40.0,294,9.0,455,56.0" /></mjloggm>