<mjloggm ver="2.3"><GO type="169" lobby="0"/><UN n0="%E3%81%AA%E3%81%AA%E2%98%86%E3%81%A0%E3%81%BE%EF%BC%A2" n1="%E3%82%A6%E3%83%AB%E3%83%88%E3%83%A9%E7%AB%8B%E7%9B%B4" n2="%E3%81%9C%E3%82%8D%E3%82%81%E3%81%90" n3="%61%6D%65%64%69%6F" dan="17,17,16,16" rate="2174.84,2110.24,2101.44,2093.66" sx="M,M,F,M"/><TAIKYOKU oya="0"/><INIT seed="0,0,0,0,3,38" ten="250,250,250,250" oya="0" hai0="4,6,118,14,66,50,69,120,46,59,32,93,131" hai1="113,15,29,121,58,33,129,22,108,3,56,44,110" hai2="0,133,70,95,92,78,82,40,10,96,27,105,36" hai3="13,39,17,106,47,116,94,52,63,114,104,91,37"/><T8/><D118/><U124/><E56/><V79/><F70/><W18/><G114/><T81/><D69/><U19/><E58/><V112/><F112/><W85/><G116/><T72/><D120/><U86/><E86/><V74/><F133/><W54/><G63/><N who="0" m="38271" /><D72/><U83/><E83/><V99/><F78/><W62/><G62/><T80/><D32/><U71/><E44/><N who="2" m="23559" /><F27/><W103/><G104/><T98/><D6/><U88/><E88/><V89/><F105/><W25/><G25/><T100/><D131/><U31/><E71/><V41/><F41/><AGARI ba="0,0" hai="4,8,14,41,46,50,80,81,93,98,100" m="38271" machi="41" ten="30,2900,0" yaku="8,1,52,1" doraHai="38" who="0" fromWho="2" sc="250,29,250,0,250,-29,250,0" /><INIT seed="0,1,0,3,3,13" ten="279,250,221,250" oya="0" hai0="35,40,48,90,84,46,131,69,107,10,79,55,77" hai1="44,92,53,103,70,52,126,134,91,132,99,129,93" hai2="41,97,114,108,33,78,17,15,42,60,19,31,72" hai3="130,38,12,112,94,74,83,80,2,27,117,11,50"/><T128/><D35/><U62/><E126/><V37/><F114/><W64/><G38/><T125/><D69/><U61/><E129/><N who="0" m="49737" /><D125/><U123/><E123/><V5/><F108/><W58/><G2/><T109/><D107/><U120/><E120/><V115/><F115/><W26/><G112/><T63/><D109/><U81/><E81/><V7/><F33/><W36/><G36/><N who="0" m="21767" /><D10/><U9/><E9/><V100/><F31/><W65/><G130/><T96/><D96/><U75/><E75/><V45/><F41/><W116/><G74/><T76/><D63/><U30/><E70/><V49/><F37/><W121/><G121/><T14/><D14/><U24/><E62/><V71/><F72/><W51/><G94/><N who="0" m="54599" /><D79/><U101/><E61/><V113/><F78/><W122/><G122/><T119/><D119/><U57/><E103/><V4/><F113/><W20/><G12/><T118/><D118/><U56/><E101/><V106/><REACH who="2" step="1"/><F15/><REACH who="2" ten="279,250,211,250" step="2"/><W22/><G11/><T104/><D104/><U28/><E24/><V88/><F88/><W34/><G34/><T127/><D127/><U43/><E91/><V54/><F54/><W135/><REACH who="3" step="1"/><G58/><AGARI ba="1,1" hai="48,55,58,76,77" m="54599,21767,49737" machi="58" ten="30,1500,0" yaku="19,1" doraHai="13" who="0" fromWho="3" sc="279,28,250,0,211,0,250,-18" /><INIT seed="0,2,0,0,5,22" ten="307,250,211,232" oya="0" hai0="63,122,38,120,87,54,102,77,99,66,13,32,108" hai1="60,117,89,40,135,93,90,20,133,3,84,81,69" hai2="64,16,34,5,116,65,31,46,92,51,57,109,91" hai3="55,127,83,1,11,96,129,74,114,110,24,39,36"/><T48/><D38/><U85/><E3/><V113/><F113/><W123/><G114/><T29/><D108/><U43/><E117/><V78/><F109/><W59/><G110/><T2/><D2/><U97/><E97/><V107/><F107/><W26/><G123/><T23/><D13/><U7/><E7/><V106/><F106/><W12/><G1/><T41/><D41/><U53/><E20/><V62/><F116/><W76/><G129/><T115/><D115/><U17/><E17/><V37/><F37/><W18/><G127/><T27/><D87/><U33/><E33/><V79/><F5/><W111/><G111/><T67/><D77/><U50/><E43/><V14/><F64/><W126/><G126/><T72/><D72/><U86/><E86/><V21/><F31/><W10/><G10/><T8/><D8/><U132/><E40/><V71/><F71/><W49/><G96/><T101/><D67/><N who="1" m="41191" /><E50/><V6/><F34/><W73/><G73/><T9/><D9/><U121/><E53/><N who="2" m="29943" /><F6/><W128/><G128/><T68/><D23/><U30/><E30/><V125/><F125/><W105/><G105/><N who="0" m="63679" /><D102/><U45/><E121/><V131/><F131/><W82/><G82/><T118/><D118/><U52/><E133/><V104/><F104/><W25/><AGARI ba="2,0" hai="11,12,18,24,25,26,36,39,49,55,59,74,76,83" machi="25" ten="30,7900,0" yaku="0,1,52,3" doraHai="22" who="3" fromWho="3" sc="307,-41,250,-22,211,-22,232,85" /><INIT seed="1,0,0,2,2,82" ten="266,228,189,317" oya="1" hai0="45,130,101,31,95,81,28,19,109,17,80,92,8" hai1="23,116,134,56,66,68,11,65,48,24,87,90,18" hai2="119,70,98,132,83,41,96,117,64,105,124,39,108" hai3="107,62,12,6,99,49,115,93,118,46,1,113,73"/><U4/><E134/><V129/><F132/><W33/><G73/><T10/><D45/><U5/><E116/><V88/><F108/><W61/><G33/><T128/><REACH who="0" step="1"/><D101/><REACH who="0" ten="256,228,189,317" step="2"/><U9/><E68/><V127/><F119/><W86/><G118/><T2/><D2/><U20/><E56/><V79/><F117/><W89/><G1/><T122/><D122/><U26/><E66/><V114/><F64/><W36/><G36/><T125/><D125/><U72/><E65/><V102/><F70/><W123/><G123/><T77/><D77/><U52/><E72/><N who="2" m="43495" /><F39/><W112/><G107/><T55/><D55/><U120/><E120/><V59/><F59/><W38/><G38/><T57/><D57/><N who="1" m="32903" /><E4/><V40/><F124/><W32/><G113/><T67/><D67/><U103/><E5/><V106/><F114/><W60/><G115/><T0/><D0/><U43/><E103/><V75/><F127/><W74/><G112/><T25/><D25/><U54/><E54/><V47/><F75/><W126/><G74/><T131/><D131/><U14/><E43/><V22/><F129/><W35/><G126/><T58/><D58/><U63/><E63/><V135/><F135/><W42/><G35/><T7/><D7/><U30/><E26/><V16/><F105/><W110/><G32/><T78/><D78/><U71/><E71/><V85/><F47/><W3/><G3/><T100/><D100/><U27/><E27/><N who="2" m="14791" /><F40/><W121/><G110/><AGARI ba="0,1" hai="8,10,17,19,28,31,80,81,92,95,109,110,128,130" machi="110" ten="25,3200,0" yaku="1,1,22,2,53,0" doraHai="82" doraHaiUra="29" who="0" fromWho="3" sc="256,42,228,0,189,0,317,-32" /><INIT seed="2,0,0,1,1,74" ten="298,228,189,285" oya="2" hai0="114,72,65,119,53,20,8,57,84,102,97,90,36" hai1="107,67,81,51,120,23,106,79,99,64,77,0,46" hai2="66,55,58,135,100,29,45,19,69,75,125,96,3" hai3="126,6,132,49,111,87,25,83,91,37,26,124,31"/><V78/><F3/><W15/><G37/><T27/><D114/><U129/><E0/><V122/><F122/><W113/><G113/><T44/><D72/><U92/><E129/><V101/><F125/><W110/><G49/><N who="0" m="28839" /><D36/><U70/><E70/><V50/><F135/><W104/><G104/><T123/><D119/><U11/><E11/><V63/><F29/><W2/><G2/><T42/><D42/><N who="1" m="25047" /><E106/><V39/><F19/><W128/><G128/><T86/><D8/><U47/><E47/><V48/><F96/><W28/><G132/><T38/><D90/><N who="1" m="55703" /><E107/><V116/><F116/><W52/><G15/><T13/><D13/><U56/><E81/><N who="2" m="45279" /><F50/><W5/><G83/><T89/><D38/><U54/><E23/><V34/><F34/><W35/><G87/><T127/><D127/><U1/><E1/><V18/><F18/><W131/><G131/><T130/><D130/><U112/><E112/><V109/><F109/><W93/><G35/><T7/><D7/><U71/><E71/><V30/><F30/><W80/><G80/><T121/><D121/><U61/><E120/><V12/><F12/><W118/><G118/><T73/><D73/><U82/><E82/><V43/><AGARI ba="0,0" hai="39,43,45,48,55,58,63,66,69,100,101" m="45279" machi="43" ten="30,3000,0" yaku="24,1,52,1" doraHai="74" who="2" fromWho="2" sc="298,-10,228,-10,189,30,285,-10" /><INIT seed="2,1,0,2,3,10" ten="288,218,219,275" oya="2" hai0="116,29,55,65,90,1,119,24,131,19,16,132,120" hai1="124,64,40,135,39,72,75,14,56,5,73,63,84" hai2="125,23,123,12,52,26,78,81,7,28,103,85,89" hai3="30,34,49,60,66,21,33,38,97,82,111,62,35"/><V76/><F123/><W94/><G38/><T100/><D120/><U2/><E124/><V96/><F125/><W99/><G111/><T107/><D1/><U67/><E135/><V88/><F78/><W54/><G82/><T121/><D121/><U57/><E2/><V6/><F52/><W18/><G30/><T106/><D65/><U32/><E32/><V102/><F102/><W44/><G97/><N who="0" m="61711" /><D107/><U93/><E40/><V8/><REACH who="2" step="1"/><F7/><REACH who="2" ten="288,218,209,275" step="2"/><W134/><G134/><T71/><D55/><U20/><E5/><V13/><F13/><W0/><G0/><T9/><D132/><U22/><E14/><V114/><F114/><W69/><G62/><T92/><D116/><U130/><E63/><V31/><F31/><W48/><G54/><T36/><D29/><U68/><E67/><V98/><F98/><W45/><G44/><T115/><D115/><U58/><E64/><V128/><F128/><W118/><G45/><T112/><D131/><U122/><E130/><V41/><F41/><W61/><G61/><T3/><D119/><U127/><E122/><V108/><F108/><W25/><REACH who="3" step="1"/><G118/><REACH who="3" ten="288,218,209,265" step="2"/><T133/><D112/><U86/><E127/><V51/><F51/><W17/><G17/><T113/><D133/><U91/><E39/><V104/><AGARI ba="1,2" hai="6,8,12,23,26,28,76,81,85,88,89,96,103,104" machi="104" ten="20,18000,2" yaku="1,1,0,1,7,1,52,1,54,1,53,1" doraHai="10" doraHaiUra="77" who="2" fromWho="2" sc="288,-61,218,-61,209,203,265,-61" /><INIT seed="2,2,0,3,0,97" ten="227,157,412,204" oya="2" hai0="53,46,93,39,128,56,42,123,63,51,0,64,76" hai1="124,80,17,35,82,27,5,1,12,94,100,13,57" hai2="67,28,116,31,26,47,120,117,111,122,70,81,115" hai3="88,71,103,54,16,65,96,52,99,107,3,7,33"/><V79/><F115/><W89/><G33/><T59/><D0/><U21/><E124/><V60/><F47/><W25/><G7/><T119/><D76/><U78/><E1/><V38/><F31/><W30/><G3/><T74/><D74/><U112/><E112/><V61/><F61/><W14/><G25/><T131/><D93/><U9/><E35/><N who="2" m="20887" /><F38/><W55/><G30/><T43/><D123/><N who="2" m="47146" /><F111/><W32/><G32/><T66/><D119/><U133/><E133/><V134/><F134/><W36/><G36/><T8/><D8/><U2/><E80/><V95/><F95/><W23/><REACH who="3" step="1"/><G99/><REACH who="3" ten="227,157,412,194" step="2"/><T118/><D118/><U98/><REACH who="1" step="1"/><E57/><REACH who="1" ten="227,147,412,194" step="2"/><V92/><F117/><W114/><G114/><T121/><D121/><U69/><E69/><V87/><F116/><W86/><G86/><AGARI ba="2,2" hai="2,5,9,12,13,17,21,27,78,82,86,94,98,100" machi="86" ten="30,7700,0" yaku="1,1,7,1,52,1,53,1" doraHai="97" doraHaiUra="18" who="1" fromWho="3" sc="227,0,147,103,412,0,194,-83" /><INIT seed="3,0,0,1,1,71" ten="227,250,412,111" oya="3" hai0="59,51,22,85,115,55,87,92,60,100,31,97,2" hai1="29,82,122,28,70,69,58,65,16,79,76,0,96" hai2="99,49,110,111,75,95,83,84,106,8,17,56,37" hai3="63,123,54,86,93,43,21,112,101,27,129,90,6"/><W52/><G123/><T107/><D2/><U67/><E0/><V104/><F75/><W15/><G112/><T132/><D115/><U50/><E70/><V103/><F37/><W89/><G129/><T23/><D132/><U108/><E69/><V11/><F49/><W44/><G101/><T94/><D107/><U109/><E122/><V38/><F38/><W20/><G89/><N who="0" m="53311" /><D31/><U134/><E134/><V35/><F56/><W133/><G133/><T74/><D74/><U5/><E5/><V114/><F35/><W57/><G54/><N who="0" m="33911" /><D85/><U126/><E96/><V125/><F106/><W118/><G118/><T120/><D120/><U42/><E29/><V13/><F104/><W121/><G121/><T48/><D48/><U7/><E28/><V77/><F84/><W116/><G116/><T61/><D61/><U32/><E32/><V19/><F103/><W68/><G68/><T24/><D24/><U81/><E50/><V14/><F114/><W1/><G1/><T102/><D102/><U18/><E126/><V128/><F125/><W12/><G6/><T80/><D80/><U66/><E7/><V78/><F83/><N who="1" m="31753" /><E58/><AGARI ba="0,0" hai="22,23,51,55,58,94,97,100" m="33911,53311" machi="58" ten="30,1000,0" yaku="8,1" doraHai="71" who="0" fromWho="1" sc="227,10,250,-10,412,0,111,0" /><INIT seed="4,0,0,1,2,75" ten="237,240,412,111" oya="0" hai0="5,16,73,94,120,40,133,112,59,33,110,21,115" hai1="67,35,101,126,7,99,72,117,116,64,17,14,62" hai2="107,90,118,122,45,9,47,84,12,124,77,95,49" hai3="106,44,103,6,39,127,78,55,113,128,56,134,48"/><T131/><D120/><U20/><E35/><V82/><F107/><W102/><G113/><N who="0" m="43595" /><D33/><U108/><E108/><V93/><F124/><W69/><G127/><T53/><D131/><U36/><E36/><V71/><F71/><W8/><G128/><T92/><D133/><U22/><E126/><V119/><F122/><W52/><G134/><T97/><D73/><U129/><E129/><V1/><F1/><W60/><G69/><T89/><D40/><U68/><E67/><V50/><F95/><W76/><G39/><T109/><D92/><U34/><E34/><V29/><F29/><W86/><G106/><T61/><D5/><U26/><E72/><V15/><F118/><W54/><G54/><T96/><D96/><U25/><E7/><V31/><F31/><W70/><G70/><T74/><D74/><U105/><REACH who="1" step="1"/><E14/><AGARI ba="0,0" hai="14,16,21,53,59,61,89,94,97,109,110" m="43595" machi="14" ten="30,2900,0" yaku="15,1,54,1" doraHai="75" who="0" fromWho="1" sc="237,29,240,-29,412,0,111,0" /><INIT seed="4,1,0,0,4,129" ten="266,211,412,111" oya="0" hai0="10,121,39,81,130,88,33,98,73,87,72,46,99" hai1="109,54,13,40,1,47,127,38,86,4,16,66,42" hai2="103,101,67,69,89,53,50,0,25,36,112,56,2" hai3="18,76,79,43,30,82,44,68,128,83,114,80,95"/><T41/><D121/><U45/><E109/><V52/><F112/><W62/><G114/><T124/><D33/><U71/><E127/><V55/><F36/><W15/><G128/><T37/><D37/><U94/><E4/><V11/><F69/><W48/><G30/><T57/><D130/><U115/><E1/><V133/><F0/><W84/><G68/><T125/><D57/><U92/><E115/><V126/><F25/><W61/><G95/><T132/><D132/><U32/><E32/><V106/><F133/><W74/><REACH who="3" step="1"/><G83/><REACH who="3" ten="266,211,412,101" step="2"/><T105/><D81/><U123/><E92/><V63/><F126/><W24/><G24/><T65/><D125/><U120/><E94/><V20/><F106/><W122/><G122/><T51/><D105/><U5/><E71/><V29/><F29/><W12/><G12/><T117/><D124/><U34/><E13/><V17/><F2/><W35/><G35/><T22/><D117/><U49/><E34/><V134/><F134/><W7/><G7/><T119/><D119/><U27/><E5/><V64/><F103/><W6/><G6/><T107/><D107/><U23/><E120/><V60/><F101/><W108/><G108/><T85/><D99/><U59/><E123/><V131/><F131/><W14/><G14/><T93/><D98/><U90/><E27/><V58/><F17/><W116/><G116/><T110/><D110/><U70/><E16/><V113/><F113/><W26/><G26/><T31/><D31/><U77/><E70/><V111/><F111/><W118/><G118/><T3/><D93/><U75/><E23/><AGARI ba="1,1" hai="15,18,23,43,44,48,61,62,74,76,79,80,82,84" machi="23" ten="30,8000,1" yaku="1,1,6,1,7,1,53,2" doraHai="129" doraHaiUra="78" who="3" fromWho="1" sc="266,0,211,-83,412,0,101,93" /><INIT seed="5,0,0,4,3,94" ten="266,128,412,194" oya="1" hai0="23,80,11,81,108,13,63,134,69,75,88,84,85" hai1="103,26,16,6,64,119,14,132,93,77,9,72,68" hai2="67,123,15,30,128,25,107,28,29,34,83,33,27" hai3="57,5,115,135,32,4,91,129,21,79,40,78,76"/><U124/><E119/><V74/><F123/><W87/><G32/><T52/><D108/><U42/><E124/><V35/><F107/><W53/><G129/><T113/><D75/><U95/><E132/><V51/><F67/><W58/><G135/><T19/><D113/><U60/><E103/><V0/><F51/><W96/><G115/><T10/><D134/><U105/><E105/><V44/><F44/><W112/><G40/><T41/><D41/><U106/><E106/><V54/><F54/><W7/><G112/><T89/><REACH who="0" step="1"/><D52/><REACH who="0" ten="256,128,412,194" step="2"/><U59/><E42/><V62/><F74/><W39/><G53/><T55/><D55/><U73/><E73/><V24/><F128/><W56/><G39/><T82/><D82/><U70/><E72/><V116/><F83/><W90/><G87/><T125/><D125/><U65/><E77/><V118/><F62/><W71/><G71/><T49/><D49/><U37/><E37/><V101/><F118/><W100/><G21/><T131/><D131/><U133/><E133/><V3/><F116/><W36/><G36/><T114/><D114/><U12/><E68/><V17/><F35/><W61/><G61/><T43/><D43/><U126/><E126/><V117/><F34/><W46/><G46/><T1/><D1/><U50/><E50/><V8/><F33/><W122/><G122/><T92/><D92/><AGARI ba="0,1" hai="4,5,7,56,57,58,76,78,79,90,91,92,96,100" machi="92" ten="50,8000,1" yaku="29,2,8,1,52,1" doraHai="94" who="3" fromWho="0" sc="256,-80,128,0,412,0,194,90" /><INIT seed="6,0,0,3,2,65" ten="176,128,412,284" oya="2" hai0="26,75,27,19,118,4,125,99,41,89,103,47,83" hai1="14,24,31,23,49,79,81,68,35,97,58,2,112" hai2="10,54,5,135,8,3,66,32,115,91,48,53,77" hai3="56,105,109,120,106,18,38,76,33,22,51,63,59"/><V16/><F115/><W20/><G33/><T117/><D4/><U71/><E112/><V39/><F39/><W108/><G38/><N who="0" m="21943" /><D19/><U124/><E124/><V57/><F32/><W34/><G34/><T113/><D113/><U101/><E2/><V128/><F135/><W62/><G51/><T29/><D89/><U98/><E98/><V36/><F36/><W119/><G18/><T102/><D29/><U90/><E90/><V88/><F77/><W72/><G76/><N who="0" m="44447" /><D103/><U80/><E80/><V44/><F66/><W30/><G30/><T78/><D78/><U37/><E37/><V70/><F10/><W107/><G72/><T15/><D15/><U0/><E0/><V25/><F16/><W74/><G74/><T93/><D125/><U133/><E133/><V50/><F50/><W121/><REACH who="3" step="1"/><G107/><REACH who="3" ten="176,128,412,274" step="2"/><T134/><D134/><U17/><E49/><V82/><F48/><W73/><G73/><T42/><D42/><U111/><E111/><V43/><F43/><W131/><G131/><T104/><D104/><U114/><E114/><V55/><F128/><W84/><G84/><T95/><D118/><AGARI ba="0,1" hai="20,22,56,59,62,63,105,106,108,109,118,119,120,121" machi="118" ten="25,3200,0" yaku="1,1,22,2,53,0" doraHai="65" doraHaiUra="61" who="3" fromWho="0" sc="176,-32,128,0,412,0,274,42" /><INIT seed="7,0,0,0,1,66" ten="144,128,412,316" oya="3" hai0="27,97,25,48,108,26,69,0,19,24,68,39,22" hai1="101,1,63,127,77,20,117,60,114,57,104,2,89" hai2="15,12,10,31,109,80,47,107,28,61,13,71,103" hai3="132,54,65,85,52,11,56,115,78,64,91,122,14"/><W38/><G122/><T4/><D39/><U37/><E37/><V30/><F109/><W67/><G132/><T99/><D108/><U111/><E111/><V42/><F80/><W90/><G38/><T93/><D99/><U62/><E77/><V119/><F119/><W7/><G115/><T102/><REACH who="0" step="1"/><D48/><REACH who="0" ten="134,128,412,316" step="2"/><U74/><E114/><V76/><F76/><W46/><G78/><T88/><D88/><N who="3" m="33833" /><G85/><T59/><D59/><U110/><E110/><V129/><F107/><W121/><G121/><T45/><D45/><U73/><E57/><V43/><F129/><W70/><G70/><T75/><D75/><U41/><E74/><V128/><F128/><W84/><G84/><T51/><D51/><U36/><E73/><V8/><F71/><W116/><G116/><T29/><D29/><U53/><E117/><V118/><F118/><W126/><G126/><T40/><D40/><U105/><E127/><V131/><F131/><W44/><G56/><T95/><D95/><U33/><E41/><V50/><F43/><W98/><G98/><T72/><D72/><U82/><E36/><V130/><F130/><W134/><G134/><T3/><D3/><U125/><E125/><V87/><F87/><W135/><G135/><T133/><D133/><U100/><E1/><V17/><F31/><W21/><G21/><T113/><D113/><U6/><E20/><V58/><F30/><W81/><G81/><T55/><D55/><AGARI ba="0,1" hai="7,11,14,44,46,52,54,55,64,65,67" m="33833" machi="55" ten="30,5800,0" yaku="8,1,54,2" doraHai="66" who="3" fromWho="0" sc="134,-58,128,0,412,0,316,68" /><INIT seed="7,1,0,0,4,98" ten="76,128,412,384" oya="3" hai0="3,4,109,66,14,125,84,47,124,76,71,50,62" hai1="123,32,60,113,91,68,128,18,48,53,112,61,19" hai2="28,70,127,64,107,2,83,38,116,108,24,96,121" hai3="120,1,33,55,12,122,15,5,79,85,39,130,35"/><W90/><G39/><T78/><D109/><U99/><E32/><N who="2" m="20487" /><F108/><W27/><G79/><T131/><D3/><U94/><E123/><N who="3" m="47146" /><G55/><T133/><D131/><U73/><E128/><V45/><F121/><W106/><G90/><T54/><D133/><U30/><E30/><V87/><F116/><W92/><G85/><T80/><D78/><U11/><E73/><V89/><F2/><W31/><G92/><T118/><D118/><U46/><E11/><V9/><F9/><N who="3" m="2223" /><G106/><T16/><REACH who="0" step="1"/><D4/><REACH who="0" ten="66,128,412,384" step="2"/><U44/><E112/><V37/><F127/><W21/><G130/><T40/><D40/><U36/><E113/><V17/><F17/><N who="3" m="10431" /><G12/><T23/><AGARI ba="1,1" hai="14,16,23,47,50,54,62,66,71,76,80,84,124,125" machi="23" ten="30,7900,0" yaku="1,1,0,1,54,1,53,1" doraHai="98" doraHaiUra="75" who="0" fromWho="0" sc="66,92,128,-21,412,-21,384,-40" owari="158,-24.0,107,-39.0,391,49.0,344,14.0" /></mjloggm>