<mjloggm ver="2.3"><GO type="41" lobby="0"/><UN n0="%E3%82%A6%E3%83%AB%E3%83%88%E3%83%A9%E7%AB%8B%E7%9B%B4" n1="%E5%8D%97%E3%82%A2%E7%94%B7" n2="%3F%3F%3F%3F%3F%3F%3F" n3="%E3%81%97%E3%81%8A%E3%81%B2%E3%81%8C%E3%82%8A" dan="15,14,14,14" rate="2047.90,1961.42,1936.87,1914.06" sx="M,M,M,M"/><TAIKYOKU oya="0"/><INIT seed="0,0,0,0,0,9" ten="250,250,250,250" oya="0" hai0="13,83,19,28,1,15,116,106,128,59,70,5,96" hai1="45,52,46,44,100,93,27,56,92,64,25,50,134" hai2="111,29,12,63,109,110,86,112,98,60,35,90,126" hai3="39,131,49,97,125,7,71,121,51,62,80,66,48"/><T87/><D70/><U8/><E134/><V82/><F112/><W68/><G121/><T55/><D116/><U53/><E64/><V85/><F126/><W57/><G125/><T95/><D106/><U61/><E8/><V6/><F98/><W76/><G131/><T38/><D38/><U120/><E120/><V133/><F133/><W42/><G97/><T113/><D113/><U2/><E2/><V67/><F86/><W72/><REACH who="3" step="1"/><G7/><REACH who="3" ten="250,250,250,240" step="2"/><T75/><D128/><U3/><E3/><V79/><F6/><W123/><G123/><T124/><D1/><U34/><E34/><V119/><F119/><W36/><G36/><T11/><D124/><U81/><E81/><V102/><F35/><W122/><G122/><T21/><D96/><N who="1" m="59399" /><E93/><V101/><F111/><W91/><G91/><N who="0" m="53759" /><D83/><U104/><E104/><V115/><F115/><W74/><G74/><T14/><D75/><U99/><E99/><V24/><F90/><W73/><G73/><T54/><D5/><U4/><E4/><V37/><F37/><W40/><G40/><T33/><D33/><U22/><E22/><V32/><F110/><W118/><G118/><T20/><D20/><U16/><E16/><V103/><F109/><W105/><G105/><T65/><D28/><U30/><E30/><V94/><F94/><W23/><G23/><T47/><D11/><U58/><AGARI ba="0,1" hai="25,27,44,45,46,50,52,53,56,58,61" m="59399" machi="58" ten="30,2000,0" yaku="8,1,54,1" doraHai="9" who="1" fromWho="1" sc="250,-10,250,30,250,-5,240,-5" /><INIT seed="1,0,0,3,1,50" ten="240,280,245,235" oya="1" hai0="116,49,120,9,4,66,0,93,27,14,3,51,38" hai1="46,114,134,8,111,131,103,81,29,76,110,95,37" hai2="60,43,52,107,109,113,44,79,63,47,62,127,80" hai3="132,61,121,13,28,126,48,90,69,115,53,32,130"/><U87/><E114/><V33/><F107/><W40/><G121/><T10/><D38/><U135/><E29/><V54/><F33/><W91/><G115/><T124/><D116/><U117/><E117/><V12/><F113/><W58/><G126/><T98/><D124/><U106/><E8/><V57/><F127/><W112/><G112/><T104/><D104/><U65/><E65/><V41/><F12/><W75/><G75/><T56/><D120/><U99/><E37/><V55/><F109/><N who="1" m="41481" /><E46/><N who="2" m="17451" /><F80/><W72/><G72/><T86/><D10/><U97/><E131/><V7/><F79/><W39/><G40/><N who="2" m="15433" /><F7/><W6/><G39/><T25/><D3/><U105/><E105/><V70/><F70/><W35/><G130/><T24/><D0/><U26/><E26/><V11/><F11/><W128/><G128/><T16/><D4/><U42/><E42/><V125/><F125/><W2/><G2/><T84/><D27/><U82/><E82/><V20/><F20/><W83/><G83/><T133/><D25/><U23/><E23/><V71/><F71/><W122/><G6/><T19/><D24/><U34/><E34/><V68/><F68/><W45/><G69/><T36/><D9/><U118/><E118/><V22/><F22/><W17/><G122/><T18/><D36/><U94/><E94/><V100/><F100/><AGARI ba="0,0" hai="76,81,87,95,97,99,100,103,106,134,135" m="41481" machi="100" ten="30,11600,0" yaku="14,1,10,1,34,2" doraHai="50" who="1" fromWho="2" sc="240,0,280,116,245,-116,235,0" /><INIT seed="1,1,0,5,0,120" ten="240,396,129,235" oya="1" hai0="81,82,7,121,68,127,96,62,37,102,39,88,44" hai1="78,66,58,13,31,130,34,129,64,89,72,124,22" hai2="83,47,45,48,49,12,98,118,43,51,91,24,42" hai3="109,134,29,77,100,119,2,67,3,6,46,84,20"/><U56/><E124/><V90/><F118/><W60/><G134/><T50/><D127/><U61/><E34/><V71/><F71/><W105/><G119/><T27/><D121/><U26/><E72/><V10/><F24/><W14/><G109/><T106/><D7/><U70/><E78/><V35/><F35/><W17/><G105/><T79/><D82/><U87/><E13/><V23/><F23/><W131/><G131/><N who="1" m="50186" /><E66/><V132/><F132/><W75/><G75/><T74/><D88/><U110/><E110/><V8/><F51/><W38/><G100/><T76/><D76/><U92/><AGARI ba="1,0" hai="22,26,31,56,58,61,64,70,87,89,92" m="50186" machi="92" ten="30,1500,0" yaku="19,1" doraHai="120" who="1" fromWho="1" sc="240,-6,396,18,129,-6,235,-6" /><INIT seed="1,2,0,3,0,64" ten="234,414,123,229" oya="1" hai0="100,124,122,94,58,98,93,1,126,70,120,108,78" hai1="52,12,5,50,75,41,11,102,17,57,135,68,85" hai2="60,110,121,125,51,71,13,109,90,45,129,4,80" hai3="6,19,47,24,83,30,91,0,28,77,42,101,15"/><U89/><E75/><V54/><F121/><N who="0" m="46698" /><D1/><U86/><E135/><V2/><F2/><W69/><G0/><T66/><D58/><U36/><E102/><V88/><F129/><W123/><G6/><T29/><D29/><U130/><E130/><V7/><F125/><N who="0" m="48234" /><D66/><U10/><E68/><V53/><F80/><W79/><G69/><T103/><D70/><U61/><E36/><V14/><F71/><W31/><G101/><N who="0" m="60623" /><D108/><U105/><E105/><V33/><F60/><W111/><G111/><T23/><D23/><U84/><E41/><V127/><F127/><W3/><G3/><T9/><D9/><U56/><E5/><V22/><F33/><W113/><G24/><T35/><D35/><U104/><E104/><V38/><F22/><W97/><G47/><T43/><D43/><U112/><E112/><V131/><F131/><W95/><G42/><T26/><D26/><U63/><E10/><V48/><REACH who="2" step="1"/><F45/><REACH who="2" ten="234,414,113,229" step="2"/><W67/><G113/><T82/><D94/><N who="1" m="54567" /><E63/><V32/><F32/><W21/><G123/><T76/><D76/><U8/><E8/><V39/><AGARI ba="2,1" hai="4,7,13,14,38,39,48,51,53,54,88,90,109,110" machi="39" ten="25,8000,1" yaku="1,1,0,1,22,2,54,1,53,0" doraHai="64" doraHaiUra="96" who="2" fromWho="2" sc="234,-22,414,-42,113,96,229,-22" /><INIT seed="2,0,0,0,2,43" ten="212,372,209,207" oya="2" hai0="51,68,46,13,15,102,135,97,7,4,133,104,45" hai1="31,109,132,47,92,128,54,2,9,22,127,17,58" hai2="28,90,108,100,117,41,24,115,67,116,123,119,1" hai3="80,21,61,105,131,69,57,81,126,134,79,33,82"/><V53/><F100/><W25/><G105/><T55/><D68/><U76/><E109/><V129/><F1/><W8/><G131/><T23/><D23/><U63/><E128/><V32/><F129/><W120/><G134/><T12/><REACH who="0" step="1"/><D46/><REACH who="0" ten="202,372,209,207" step="2"/><U26/><E132/><AGARI ba="0,1" hai="4,7,12,13,15,45,51,55,97,102,104,132,133,135" machi="132" ten="40,8000,1" yaku="1,1,2,1,20,1,52,1,53,1" doraHai="43" doraHaiUra="42" who="0" fromWho="1" sc="202,90,372,-80,209,0,207,0" /><INIT seed="3,0,0,3,4,2" ten="292,292,209,207" oya="3" hai0="108,48,20,9,116,27,61,50,80,121,46,64,11" hai1="40,104,21,68,89,118,111,53,25,43,42,63,131" hai2="47,36,91,73,41,75,18,45,28,57,98,4,19" hai3="84,97,23,15,109,38,132,135,105,128,123,125,70"/><W129/><G38/><T67/><D116/><U5/><E118/><V58/><F28/><W100/><G70/><T115/><D121/><U56/><E104/><V102/><F91/><W39/><G39/><T32/><D32/><U7/><E111/><V30/><F30/><W130/><G23/><T51/><D108/><U69/><E131/><V124/><F47/><W0/><G0/><T62/><D46/><U12/><E12/><V113/><F124/><W93/><G109/><T107/><D107/><U54/><E69/><V35/><F35/><W134/><G15/><T77/><D115/><U82/><E68/><V126/><F4/><N who="1" m="1609" /><E54/><V76/><F76/><W96/><BYE who="2" /><G84/><T17/><D67/><UN n2="%3F%3F%3F%3F%3F%3F%3F" /><U71/><E71/><V14/><F126/><W99/><G123/><T34/><D34/><U74/><E74/><V81/><F75/><W85/><G125/><T66/><D66/><U110/><E110/><V52/><F113/><W6/><G6/><T16/><D64/><U37/><E37/><V90/><F73/><W60/><G60/><T44/><D62/><U1/><E1/><V72/><F72/><W78/><G78/><T92/><D61/><U127/><E127/><V106/><F14/><W79/><G79/><T94/><D77/><U3/><E3/><V117/><F117/><W119/><G119/><T29/><D11/><U112/><E112/><V114/><F114/><W26/><G26/><T83/><D27/><U8/><E8/><V33/><F52/><W122/><G122/><T24/><D9/><U22/><E25/><V13/><F36/><W65/><G65/><RYUUKYOKU ba="0,0" sc="292,-15,292,15,209,-15,207,15" hai1="21,22,40,42,43,53,56,63,82,89" hai3="85,93,96,97,99,100,105,128,129,130,132,134,135" /><INIT seed="3,1,0,2,3,33" ten="277,307,194,222" oya="3" hai0="93,99,51,50,79,53,120,9,111,88,20,4,95" hai1="90,36,15,44,116,98,49,85,101,63,3,27,112" hai2="135,127,69,92,106,74,52,14,12,24,23,119,131" hai3="34,82,118,5,19,42,100,76,121,133,2,97,109"/><W108/><G118/><T0/><D120/><U66/><E112/><V32/><F106/><W31/><G121/><T1/><D111/><N who="3" m="42569" /><G133/><T16/><D79/><U56/><E116/><V39/><F119/><W45/><G34/><T83/><D83/><U71/><E36/><V89/><F69/><W80/><G19/><T21/><D21/><U65/><E3/><V130/><F39/><N who="3" m="21727" /><G31/><T117/><D117/><U40/><E27/><V57/><F74/><W43/><G43/><T37/><D37/><U113/><E15/><V124/><F32/><W70/><G70/><T72/><D72/><U128/><E128/><N who="2" m="49195" /><F89/><W110/><N who="3" m="42577" /><W30/><DORA hai="59" /><G30/><T75/><D75/><U123/><E123/><V96/><F92/><N who="3" m="58407" /><G76/><T122/><D122/><U29/><E29/><N who="2" m="17567" /><F96/><W125/><G125/><N who="2" m="48201" /><F135/><W132/><G132/><T13/><D95/><N who="1" m="58591" /><E113/><V114/><F114/><W73/><G73/><T77/><D77/><U38/><E38/><V105/><F105/><W61/><G61/><AGARI ba="1,0" hai="12,14,52,57,61" m="48201,17567,49195" machi="61" ten="30,7700,0" yaku="19,1,18,1,52,1,54,1" doraHai="33,59" who="2" fromWho="3" sc="277,0,307,0,194,80,222,-80" /><INIT seed="4,0,0,2,1,9" ten="277,307,274,142" oya="0" hai0="102,113,52,21,116,108,118,92,35,111,73,22,115" hai1="20,88,46,98,131,71,75,106,105,132,110,107,43" hai2="26,61,129,134,121,60,55,27,130,53,117,120,114" hai3="17,49,90,74,119,1,7,42,13,38,28,0,112"/><T4/><D73/><U30/><E110/><N who="0" m="42025" /><D92/><U77/><E132/><V14/><F114/><N who="0" m="43530" /><D102/><U12/><E71/><V68/><F117/><N who="0" m="45162" /><D35/><U39/><E131/><V8/><F134/><W64/><G112/><T125/><D125/><U58/><E58/><V95/><F95/><W93/><G93/><T80/><D80/><U66/><E66/><V34/><F68/><W85/><G64/><T84/><D84/><U96/><E75/><V87/><F8/><W91/><G85/><T37/><D37/><U128/><E128/><V69/><F69/><W67/><G38/><T51/><D4/><U41/><E77/><V89/><F87/><W15/><G7/><T94/><D94/><U72/><E72/><V76/><F76/><W45/><G74/><T59/><AGARI ba="0,0" hai="21,22,51,52,59" m="45162,43530,42025" machi="59" ten="40,7800,0" yaku="10,1,15,1,54,1" doraHai="9" who="0" fromWho="0" sc="277,78,307,-26,274,-26,142,-26" /><INIT seed="4,1,0,2,1,102" ten="355,281,248,116" oya="0" hai0="22,23,53,72,94,40,110,126,1,37,124,98,118" hai1="64,75,26,21,12,129,81,99,119,80,131,78,86" hai2="60,17,62,30,125,127,67,15,91,109,71,79,108" hai3="104,69,58,42,31,39,133,28,116,24,85,27,52"/><T105/><D72/><U8/><E64/><V66/><F79/><W6/><G116/><T92/><D1/><U14/><E119/><V46/><F91/><W10/><G69/><T16/><D118/><U95/><E8/><V103/><F103/><W63/><G39/><T90/><D40/><U20/><E20/><V82/><F82/><W47/><G133/><T115/><D37/><U97/><E97/><V121/><F30/><W2/><G104/><T114/><D23/><U50/><E50/><V123/><F17/><W130/><G130/><T107/><D53/><U4/><E4/><V120/><F15/><W76/><G47/><T113/><D110/><N who="2" m="42602" /><F46/><W45/><G45/><T87/><D16/><N who="1" m="12583" /><E99/><V9/><F9/><W54/><G42/><T19/><D19/><U34/><E95/><V49/><F49/><W68/><G68/><AGARI ba="1,0" hai="60,62,66,67,68,71,120,121,123,125,127" m="42602" machi="68" ten="40,5200,0" yaku="23,1,34,2" doraHai="102" who="2" fromWho="3" sc="355,0,281,0,248,55,116,-55" /><INIT seed="5,0,0,4,3,110" ten="355,281,303,61" oya="1" hai0="118,82,17,6,119,105,92,4,45,75,46,43,114" hai1="1,70,100,26,113,86,3,10,133,120,89,91,134" hai2="84,74,51,64,38,108,69,57,63,42,126,40,2" hai3="111,128,18,31,116,129,87,44,35,60,14,95,50"/><U93/><E70/><V16/><F74/><W58/><G111/><T80/><D92/><U85/><E120/><V121/><F2/><W30/><G116/><T23/><D43/><U65/><E65/><V33/><F108/><W97/><G35/><T117/><D23/><U48/><E48/><V29/><F121/><W21/><G87/><T25/><D25/><U127/><E127/><V77/><F29/><W130/><G58/><T28/><D28/><U9/><E100/><V107/><F33/><W102/><REACH who="3" step="1"/><G60/><REACH who="3" ten="355,281,303,51" step="2"/><T96/><D118/><U49/><E49/><V32/><F32/><W78/><G78/><T79/><D79/><U39/><E39/><V122/><F122/><W22/><G22/><T124/><D117/><U54/><E134/><V112/><F126/><W123/><G123/><T41/><D124/><U36/><E36/><V71/><F84/><W98/><G98/><T61/><D96/><U104/><E133/><V59/><F77/><W20/><G20/><T12/><D119/><U13/><E86/><V67/><F38/><W109/><G109/><T81/><D61/><U94/><E85/><V53/><F63/><W55/><AGARI ba="0,1" hai="14,18,21,30,31,44,50,55,95,97,102,128,129,130" machi="55" ten="30,4000,0" yaku="1,1,0,1,19,1,53,0" doraHai="110" doraHaiUra="132" who="3" fromWho="3" sc="355,-10,281,-20,303,-10,51,50" /><INIT seed="6,0,0,1,5,53" ten="345,261,293,101" oya="2" hai0="55,98,100,95,15,108,117,51,125,21,76,134,52" hai1="88,103,92,2,77,115,13,90,116,135,74,65,23" hai2="124,49,63,44,57,126,10,64,4,118,37,130,60" hai3="112,26,47,66,101,54,104,83,31,82,35,16,132"/><V86/><F118/><W27/><G112/><T24/><D108/><U75/><E116/><V96/><F96/><W120/><G120/><T29/><D125/><N who="2" m="48234" /><F86/><W80/><G132/><T56/><D134/><U39/><E115/><V71/><F10/><W122/><G66/><T97/><D117/><U50/><E135/><V109/><F4/><W36/><G36/><T70/><D70/><U123/><E123/><V99/><F99/><W28/><G104/><T84/><D98/><U0/><E39/><V7/><F7/><W14/><G101/><T58/><D15/><U45/><E65/><N who="2" m="39055" /><F130/><W133/><G133/><T113/><D113/><U19/><E103/><V89/><F89/><W12/><G122/><T67/><D67/><U93/><E90/><V20/><F20/><W38/><G12/><T102/><D102/><U61/><E93/><V78/><F78/><W5/><G5/><T69/><D69/><U131/><E131/><V33/><F33/><W46/><G38/><T91/><D76/><U107/><E107/><V94/><F94/><W62/><G27/><T121/><D121/><U87/><E75/><V114/><F37/><W18/><G31/><T128/><D128/><U17/><E17/><V3/><F3/><W8/><REACH who="3" step="1"/><G18/><REACH who="3" ten="345,261,293,91" step="2"/><T79/><D100/><U48/><E0/><V129/><F114/><W25/><G25/><T34/><D34/><U22/><E2/><V30/><F30/><W11/><G11/><T73/><D29/><U68/><E19/><V6/><F6/><W40/><G40/><T105/><D24/><U81/><E13/><V72/><F129/><RYUUKYOKU ba="0,1" sc="345,-10,261,-10,293,-10,91,30" hai3="8,14,16,26,28,35,46,47,54,62,80,82,83" /><INIT seed="7,1,1,1,4,35" ten="335,251,283,121" oya="3" hai0="39,123,54,59,3,88,132,27,13,1,42,36,98" hai1="102,66,12,68,97,101,107,89,112,81,73,110,15" hai2="121,72,56,33,127,109,25,90,7,47,48,80,118" hai3="21,8,44,71,91,22,9,10,67,83,84,52,95"/><W116/><G116/><T18/><D123/><U93/><E110/><V23/><F109/><W38/><G71/><T100/><D27/><U130/><E68/><V64/><F127/><W6/><G67/><T55/><D55/><U45/><E66/><V19/><F118/><W120/><G120/><T14/><D14/><U37/><E130/><V117/><F117/><W43/><G6/><T11/><D88/><U2/><E112/><V32/><F7/><W4/><G4/><T5/><D132/><U34/><E34/><V126/><F126/><W99/><REACH who="3" step="1"/><G52/><REACH who="3" ten="335,251,283,111" step="2"/><T92/><D5/><U57/><E2/><V51/><F121/><W115/><G115/><T134/><D3/><U49/><E37/><V75/><F64/><W50/><G50/><T70/><D1/><U20/><E49/><V61/><F51/><W94/><G94/><T26/><D70/><U31/><E93/><V124/><F124/><W63/><G63/><T62/><D39/><U53/><E53/><V46/><F61/><W87/><G87/><T113/><D113/><U105/><E105/><V78/><F56/><W128/><G128/><T17/><D36/><U40/><E57/><V30/><F75/><W85/><G85/><T86/><D86/><N who="1" m="50383" /><E73/><V82/><F48/><W0/><G0/><T96/><D54/><U16/><E107/><V69/><F69/><W29/><G29/><T106/><D59/><U103/><E31/><V58/><F58/><W133/><G133/><T131/><D134/><U125/><E125/><V76/><F30/><W41/><G41/><T60/><D42/><U28/><E28/><RYUUKYOKU ba="1,2" sc="335,-10,251,-10,283,-10,111,30" hai3="8,9,10,21,22,38,43,44,83,84,91,95,99" /><INIT seed="7,2,2,4,2,29" ten="325,241,273,141" oya="3" hai0="99,14,110,47,117,91,115,43,28,113,131,49,9" hai1="66,61,98,76,60,100,64,133,123,1,36,23,126" hai2="119,73,34,86,132,27,63,58,80,102,129,12,84" hai3="94,103,10,6,70,116,106,90,62,78,17,45,31"/><W105/><G116/><T30/><D110/><U122/><E36/><V44/><F119/><W11/><G78/><T120/><D120/><U52/><E1/><V134/><F129/><W24/><G45/><T71/><D71/><U68/><E133/><N who="2" m="51307" /><F102/><W25/><G25/><T41/><D41/><U38/><E38/><V74/><F44/><W39/><G39/><T13/><D13/><U125/><E76/><N who="2" m="44047" /><F12/><W93/><G93/><N who="0" m="56767" /><D117/><U101/><E23/><V108/><F74/><W107/><G17/><N who="0" m="8399" /><D131/><U128/><E128/><V33/><F108/><W3/><G11/><T130/><D130/><U7/><E7/><V135/><F135/><W87/><G62/><T83/><D83/><U40/><E40/><V118/><F118/><W121/><G121/><T54/><D43/><U55/><E98/><V75/><F75/><W5/><G5/><T57/><D47/><U111/><E111/><V18/><F18/><W15/><G70/><AGARI ba="2,2" hai="52,55,60,61,64,66,68,70,100,101,122,123,125,126" machi="70" ten="25,3200,0" yaku="22,2,54,1" doraHai="29" who="1" fromWho="3" sc="325,0,241,58,273,0,141,-38" owari="325,43.0,299,10.0,273,-13.0,103,-40.0" /></mjloggm>