<mjloggm ver="2.3"><GO type="41" lobby="0"/><UN n0="%E3%83%9D%E3%83%86%E3%83%81%E3%83%91%E3%82%AF%E3%83%BC" n1="%69%74%61" n2="%E3%83%89%E3%83%BC%E3%83%B3%E3%83%89" n3="%E5%B0%B1%E6%B4%BB%E7%94%9F%40%E5%B7%9D%E6%9D%91%E8%BB%8D%E5%9B%A3" dan="13,13,14,14" rate="1868.64,1818.53,1918.07,1956.59" sx="M,F,M,M"/><TAIKYOKU oya="0"/><INIT seed="0,0,0,5,2,22" ten="250,250,250,250" oya="0" hai0="75,3,74,82,40,107,9,70,28,23,61,80,29" hai1="101,100,59,81,111,115,129,97,120,126,87,43,102" hai2="108,131,119,51,10,93,44,118,4,78,58,76,67" hai3="55,95,89,54,66,8,1,20,6,63,113,42,46"/><T69/><D107/><U124/><E43/><V68/><F68/><W123/><G113/><T106/><D106/><U27/><E27/><V24/><F108/><W15/><G123/><T104/><D104/><U16/><E120/><V56/><F131/><W99/><G1/><T125/><D40/><U26/><E129/><V79/><F93/><W127/><G127/><N who="1" m="48682" /><E115/><V135/><F135/><W116/><G116/><N who="2" m="44585" /><F24/><W132/><G20/><T52/><D23/><N who="1" m="13671" /><E111/><V17/><F17/><W35/><G35/><T7/><D125/><U49/><E97/><V11/><F67/><W83/><G83/><T128/><D128/><U47/><E59/><N who="2" m="22571" /><F4/><W121/><G121/><T109/><D109/><U65/><E65/><V92/><F92/><W39/><G132/><T110/><D110/><U122/><E122/><V50/><F44/><W32/><G32/><T36/><D7/><U38/><E38/><V71/><F71/><AGARI ba="0,0" hai="6,8,15,39,42,46,54,55,63,66,71,89,95,99" machi="71" ten="30,1000,0" yaku="7,1" doraHai="22" who="3" fromWho="2" sc="250,0,250,0,250,-10,250,10" /><INIT seed="1,0,0,4,3,19" ten="250,250,240,260" oya="1" hai0="80,109,120,65,66,3,40,2,61,121,60,34,36" hai1="128,69,132,1,42,22,112,58,20,18,123,99,63" hai2="68,88,54,0,98,117,84,73,118,30,114,53,91" hai3="5,27,71,87,39,107,35,77,90,24,95,6,129"/><U32/><E123/><N who="0" m="47177" /><D34/><U25/><E112/><V11/><F68/><W8/><G107/><T23/><D109/><U83/><E1/><N who="0" m="9" /><D80/><U57/><E32/><V82/><F73/><W122/><G71/><T14/><D40/><U86/><E128/><V130/><F130/><W124/><G39/><T37/><D61/><U41/><E132/><V111/><F111/><W48/><G129/><T81/><D81/><U92/><E69/><V44/><F114/><W43/><G122/><T38/><D60/><U127/><E22/><V76/><F30/><W85/><G35/><T62/><D62/><U131/><E127/><V106/><F106/><W94/><G77/><T45/><D45/><U52/><E58/><V55/><F44/><N who="3" m="25631" /><G124/><T64/><D14/><U97/><E97/><V59/><F59/><W17/><G87/><T10/><D10/><U74/><E74/><V134/><F134/><W70/><G70/><T102/><D102/><U72/><E72/><V13/><F0/><W105/><G95/><T12/><D12/><U125/><E125/><V33/><F33/><W110/><G105/><T101/><D101/><N who="1" m="60647" /><E131/><V46/><F46/><W96/><G110/><T21/><AGARI ba="0,0" hai="21,23,36,37,38,64,65,66" m="9,47177" machi="21" ten="50,8000,1" yaku="28,2,13,1,52,2" doraHai="19" who="0" fromWho="0" sc="250,80,250,-40,240,-20,260,-20" /><INIT seed="2,0,0,5,4,7" ten="330,210,220,240" oya="2" hai0="106,20,31,51,55,58,67,132,73,6,64,36,47" hai1="40,27,12,48,74,35,69,45,25,108,11,80,130" hai2="97,61,19,30,120,5,85,117,49,135,109,91,101" hai3="114,134,13,103,110,28,24,32,1,66,33,125,76"/><V3/><F117/><W41/><G114/><T15/><D106/><U65/><E108/><V93/><F120/><W59/><G110/><T57/><D132/><U100/><E130/><V95/><F135/><W99/><G134/><T127/><D73/><U22/><E35/><V71/><F109/><W16/><G125/><T54/><D127/><U53/><E100/><V4/><F30/><W122/><G1/><T78/><D78/><U21/><E69/><V87/><F71/><W10/><G122/><T82/><D82/><U84/><E65/><V9/><F61/><W126/><G126/><T42/><D31/><U14/><E14/><N who="2" m="7631" /><F3/><W116/><G41/><T75/><D75/><U113/><E53/><V44/><F87/><W118/><G76/><T102/><D102/><U96/><E96/><V60/><F60/><W50/><G33/><T52/><D36/><U89/><E113/><V107/><F107/><W23/><G32/><T26/><D26/><N who="1" m="9739" /><E74/><V121/><F121/><W115/><G115/><T17/><D6/><AGARI ba="0,0" hai="6,11,12,21,22,40,45,48,80,84,89" m="9739" machi="6" ten="30,2000,0" yaku="8,1,52,1" doraHai="7" who="1" fromWho="0" sc="330,-20,210,20,220,0,240,0" /><INIT seed="3,0,0,2,4,117" ten="310,230,220,240" oya="3" hai0="93,101,51,50,1,92,49,45,43,134,120,123,111" hai1="31,130,98,109,104,62,35,42,67,57,41,91,15" hai2="79,131,20,40,115,33,2,89,69,26,127,90,58" hai3="55,12,66,126,113,60,68,86,78,7,37,27,74"/><W29/><G74/><T21/><D1/><U47/><E109/><V77/><F115/><W128/><G113/><T71/><D111/><U75/><E75/><V70/><F2/><W135/><G128/><T122/><D71/><U23/><E35/><V95/><F131/><W105/><G105/><T112/><D112/><U132/><E132/><V36/><F127/><W121/><G37/><T13/><D134/><U133/><E133/><V63/><F33/><W83/><G126/><T24/><D13/><U85/><E42/><V94/><F40/><W114/><G135/><T6/><D6/><U53/><E67/><V0/><F36/><W19/><G114/><T82/><D82/><U25/><E130/><V87/><F0/><W116/><G116/><T46/><D101/><U10/><E98/><V124/><F70/><W99/><G7/><T52/><REACH who="0" step="1"/><D50/><REACH who="0" ten="300,230,220,240" step="2"/><U102/><E102/><V38/><F69/><W39/><G39/><T103/><D103/><U59/><E104/><V5/><F5/><W22/><G68/><T108/><D108/><U96/><E15/><V32/><F38/><W44/><G12/><T9/><D9/><U28/><E10/><V3/><F3/><W64/><G83/><T118/><D118/><U30/><E57/><V88/><F124/><W18/><G27/><T54/><D54/><U65/><E53/><V84/><F26/><W56/><G56/><T34/><D34/><U73/><E25/><V17/><F32/><W119/><G55/><T76/><D76/><U8/><E59/><V129/><F79/><W61/><G119/><T100/><D100/><RYUUKYOKU ba="0,1" sc="300,30,230,-10,220,-10,240,-10" hai0="21,24,43,45,46,49,51,52,92,93,120,122,123" /><INIT seed="4,1,1,5,3,112" ten="330,220,210,230" oya="0" hai0="87,17,128,23,19,7,130,105,132,52,13,37,71" hai1="32,107,69,131,102,67,30,40,47,66,127,70,73" hai2="74,119,72,86,110,56,83,81,117,85,118,101,55" hai3="8,45,16,116,134,99,20,64,115,93,98,43,129"/><T28/><D71/><U114/><E131/><N who="0" m="50217" /><D37/><U26/><E127/><V104/><F110/><W106/><G115/><T77/><D132/><U6/><E6/><V59/><F101/><W29/><G129/><T11/><D105/><U133/><E133/><V58/><F55/><W46/><G134/><T31/><D77/><U79/><E114/><V108/><F104/><W33/><G33/><T50/><D87/><N who="2" m="33290" /><F108/><W65/><G116/><T22/><D22/><U90/><E90/><V135/><F135/><W41/><G106/><T5/><D5/><U61/><E67/><N who="3" m="25674" /><G29/><N who="0" m="11339" /><D23/><U60/><E60/><V123/><F123/><W103/><G8/><T91/><D91/><U25/><E25/><V51/><F51/><W10/><G10/><T15/><D15/><U97/><E70/><V68/><F68/><W49/><G99/><T62/><D62/><U42/><E47/><AGARI ba="1,1" hai="7,11,13,17,19,47,50,52" m="11339,50217" machi="47" ten="30,2900,0" yaku="19,1,54,1" doraHai="112" who="0" fromWho="1" sc="330,42,220,-32,210,0,230,0" /><INIT seed="4,2,0,5,0,54" ten="372,188,210,230" oya="0" hai0="105,47,50,128,37,81,100,92,26,56,84,20,53" hai1="58,57,32,7,55,41,5,120,14,15,127,78,19" hai2="112,35,98,135,17,64,65,70,95,96,79,119,60" hai3="61,110,11,12,80,108,48,34,69,122,121,89,102"/><T31/><D128/><U104/><E120/><N who="3" m="46186" /><G34/><T113/><D113/><U67/><E104/><V115/><F35/><W99/><G48/><T66/><D105/><U6/><E32/><V91/><F135/><W42/><G42/><T87/><D37/><U49/><E41/><V36/><F119/><W68/><G89/><T13/><D81/><U22/><E127/><V29/><F36/><W77/><G61/><N who="0" m="38183" /><D13/><N who="1" m="9583" /><E78/><V101/><F79/><W83/><G69/><T106/><D106/><U27/><E27/><V33/><F17/><N who="3" m="8351" /><G68/><T28/><D28/><U133/><E133/><V126/><F126/><W111/><G77/><T52/><D53/><N who="1" m="31919" /><E67/><V76/><F65/><W74/><G74/><T132/><D132/><U130/><E130/><V38/><F38/><W8/><G8/><T73/><D73/><U116/><E116/><V1/><F76/><W23/><G23/><T59/><D47/><U90/><E90/><V97/><F1/><W94/><AGARI ba="2,0" hai="80,83,94,99,102,108,110,111" m="8351,46186" machi="94" ten="40,1500,0" yaku="13,1" doraHai="54" who="3" fromWho="3" sc="372,-9,188,-6,210,-6,230,21" /><INIT seed="5,0,0,5,5,30" ten="363,182,204,251" oya="1" hai0="35,93,66,119,108,7,36,121,61,64,52,135,94" hai1="92,88,102,0,127,72,29,51,13,132,91,10,125" hai2="11,130,59,122,4,31,71,99,43,37,82,114,14" hai3="38,74,96,110,103,62,47,77,123,23,89,128,81"/><U8/><E72/><V69/><F122/><W32/><G123/><T109/><D121/><U129/><E29/><V70/><F130/><W19/><G128/><T105/><D119/><U40/><E129/><V55/><F114/><W95/><G110/><T3/><D105/><U120/><E120/><V106/><F37/><W126/><G126/><N who="1" m="48138" /><E0/><V113/><F43/><W9/><G9/><N who="1" m="3690" /><E13/><V63/><F113/><W20/><G62/><T131/><D131/><U22/><E22/><V104/><F82/><W116/><G116/><T18/><D36/><U21/><E21/><V2/><F99/><W42/><G23/><T134/><D3/><U50/><E132/><V67/><F2/><W41/><G41/><T75/><D75/><U79/><E79/><V117/><F117/><W33/><REACH who="3" step="1"/><G103/><REACH who="3" ten="363,182,204,241" step="2"/><T111/><D109/><U53/><E40/><V58/><F31/><W98/><G98/><T80/><D108/><U54/><E102/><V6/><REACH who="2" step="1"/><F6/><REACH who="2" ten="363,182,194,241" step="2"/><W118/><G118/><T100/><D111/><U68/><E68/><V115/><F115/><W83/><G83/><T46/><D134/><U16/><E16/><V84/><F84/><W101/><G101/><T65/><D18/><U87/><E91/><V86/><F86/><W28/><G28/><T45/><D135/><U107/><E107/><V73/><F73/><W25/><AGARI ba="0,2" hai="19,20,25,32,33,38,42,47,74,77,81,89,95,96" machi="25" ten="20,8000,1" yaku="1,1,0,1,7,1,52,2,53,0" doraHai="30" doraHaiUra="97" who="3" fromWho="3" sc="363,-20,182,-40,194,-20,241,100" /><INIT seed="6,0,0,3,4,57" ten="343,142,174,341" oya="2" hai0="69,103,26,33,87,51,88,74,34,37,13,102,38" hai1="92,115,29,63,30,131,78,53,55,83,58,86,99" hai2="54,80,59,39,97,85,50,18,107,6,24,132,67" hai3="64,76,118,128,110,35,61,113,14,42,25,48,108"/><V56/><F39/><W77/><G118/><T36/><D74/><U9/><E131/><V11/><F132/><W84/><G113/><T90/><D69/><U124/><E124/><V28/><F18/><W66/><G128/><T114/><D114/><U5/><E115/><V7/><F107/><W71/><G66/><T73/><D73/><U123/><E123/><V106/><F106/><W109/><G84/><T117/><D117/><U32/><E32/><V4/><F97/><W127/><G127/><T60/><D60/><U133/><E133/><V45/><F11/><W52/><G42/><T70/><D70/><U125/><E125/><V21/><REACH who="2" step="1"/><F67/><REACH who="2" ten="343,142,164,341" step="2"/><W95/><G109/><T101/><D37/><U135/><E135/><V23/><F23/><W47/><G110/><T44/><D36/><U43/><E43/><V12/><F12/><W81/><G108/><T89/><D38/><U3/><REACH who="1" step="1"/><E53/><REACH who="1" ten="343,132,164,341" step="2"/><V20/><F20/><W120/><G52/><N who="0" m="29799" /><D34/><U82/><E82/><V104/><F104/><W122/><G81/><N who="0" m="49263" /><D33/><U130/><E130/><V22/><F22/><W17/><G35/><T68/><D26/><U121/><E121/><V105/><F105/><W129/><G25/><T75/><D68/><U119/><E119/><V93/><F93/><W10/><G71/><T134/><D134/><U41/><E41/><V79/><AGARI ba="0,2" hai="4,6,7,21,24,28,45,50,54,56,59,79,80,85" machi="79" ten="30,18000,2" yaku="1,1,0,1,8,1,53,3" doraHai="57" doraHaiUra="2" who="2" fromWho="2" sc="343,-60,132,-60,164,200,341,-60" /><INIT seed="6,1,0,5,1,30" ten="283,72,364,281" oya="2" hai0="69,4,0,134,73,52,71,62,92,84,27,9,122" hai1="22,100,48,58,120,132,8,106,7,43,31,107,53" hai2="34,93,45,103,91,23,10,116,67,131,63,60,6" hai3="55,89,65,125,114,75,19,18,123,61,129,50,68"/><V13/><F116/><W1/><G123/><T111/><D122/><U54/><E120/><V24/><F103/><W70/><G1/><T11/><D111/><U133/><E100/><V17/><F45/><W33/><G33/><T28/><D134/><U66/><E66/><V88/><F34/><W82/><G114/><T81/><D9/><U94/><E43/><V56/><F131/><W44/><G125/><T128/><D128/><U85/><E54/><V25/><F63/><W110/><G129/><T83/><D92/><U113/><E31/><V29/><F93/><W42/><G110/><T26/><D73/><U35/><E113/><V117/><F117/><W49/><G70/><T90/><D81/><U15/><E35/><V119/><F119/><W36/><G50/><T78/><D78/><U97/><E85/><V20/><AGARI ba="1,0" hai="6,10,13,17,20,23,24,25,29,56,60,67,88,91" machi="20" ten="20,7800,0" yaku="0,1,7,1,8,1,54,1" doraHai="30" who="2" fromWho="2" sc="283,-27,72,-27,364,81,281,-27" /><INIT seed="6,2,0,1,1,21" ten="256,45,445,254" oya="2" hai0="35,4,1,32,64,135,62,100,80,89,131,53,93" hai1="26,69,107,81,92,46,40,123,116,31,61,43,130" hai2="18,127,91,86,98,128,60,126,7,42,85,65,133" hai3="6,49,67,113,88,30,27,101,38,83,44,55,51"/><V129/><F42/><W13/><G38/><T105/><D105/><U10/><E130/><N who="2" m="50283" /><F18/><W58/><G113/><T56/><D131/><U28/><E123/><V52/><F7/><W20/><G101/><T124/><D124/><N who="2" m="47658" /><F52/><N who="3" m="29735" /><G67/><T22/><D135/><U36/><E116/><V66/><F98/><W72/><G72/><T54/><D4/><U0/><E107/><V119/><F119/><W15/><G6/><T63/><D1/><U19/><E92/><V103/><F103/><W71/><G71/><T104/><D104/><U45/><E81/><V3/><F3/><W29/><G29/><T74/><D100/><U33/><E28/><V16/><F16/><W12/><G12/><T70/><D80/><U115/><E19/><V59/><F66/><W94/><G83/><T39/><D64/><U118/><E118/><V134/><F91/><W121/><G121/><T79/><D89/><U96/><E96/><AGARI ba="2,0" hai="13,15,20,27,30,51,55,58,88,94,96" m="29735" machi="96" ten="30,7700,0" yaku="8,1,52,1,54,2" doraHai="21" who="3" fromWho="1" sc="256,0,45,-83,445,0,254,83" owari="256,-14.0,-38,-54.0,445,54.0,337,14.0" /></mjloggm>