<mjloggm ver="2.3"><GO type="97" lobby="0"/><UN n0="%E3%82%B8%E3%82%AF%E3%83%AD%E3%83%AD%E3%83%99%E3%83%B3%E3%82%BC%E3%83%B3" n1="%43%4C%53%43" n2="%E3%82%86%E3%81%86%E3%81%93%E3%82%8A%E3%82%93" n3="%E3%82%A6%E3%83%AB%E3%83%88%E3%83%A9%E7%AB%8B%E7%9B%B4" dan="15,13,13,14" rate="2028.99,1909.84,1863.81,1960.53" sx="M,M,F,M"/><TAIKYOKU oya="0"/><INIT seed="0,0,0,1,0,17" ten="250,250,250,250" oya="0" hai0="120,40,103,132,18,72,74,26,11,67,32,89,28" hai1="34,33,109,50,104,8,117,60,21,79,71,106,111" hai2="107,30,115,56,97,100,122,9,130,75,85,68,42" hai3="51,94,69,2,134,41,86,7,31,13,27,16,95"/><T47/><D120/><U77/><E117/><V113/><F68/><W128/><G69/><T90/><D132/><U12/><E50/><V54/><F122/><W84/><G134/><T64/><D103/><U108/><E71/><V29/><F42/><W87/><G128/><T38/><D67/><U6/><E60/><V112/><F75/><W131/><G131/><T53/><D64/><U78/><REACH who="1" step="1"/><E21/><REACH who="1" ten="250,240,250,250" step="2"/><V70/><F130/><W14/><G51/><T49/><D38/><U4/><E4/><V3/><F70/><W25/><G41/><T24/><D40/><U58/><E58/><V135/><F56/><W105/><G7/><T19/><D49/><U76/><N who="1" m="19968" /><DORA hai="66" /><U45/><E45/><V98/><F115/><W57/><G57/><T123/><D47/><U119/><E119/><V88/><F113/><W93/><G2/><T121/><D32/><AGARI ba="0,1" hai="6,8,12,32,33,34,104,106,108,109,111" m="19968" machi="32" ten="60,3900,0" yaku="1,1,14,1,53,0" doraHai="17,66" doraHaiUra="82,22" who="1" fromWho="0" sc="250,-39,240,49,250,0,250,0" /><INIT seed="1,0,0,0,5,114" ten="211,289,250,250" oya="1" hai0="105,112,78,106,1,127,38,64,132,100,21,27,55" hai1="24,28,46,131,134,60,31,50,69,115,58,65,73" hai2="118,68,14,62,17,130,41,94,48,103,113,102,135" hai3="13,86,89,53,0,40,19,121,72,97,85,20,116"/><U70/><E73/><V49/><F113/><W32/><G72/><T67/><D112/><U111/><E115/><V63/><F130/><W18/><G121/><T93/><D78/><U81/><E134/><V15/><F135/><W61/><G0/><T74/><D74/><U128/><E111/><V26/><F26/><W23/><G32/><T34/><D34/><U45/><E81/><V29/><F29/><W92/><G40/><T84/><D38/><U75/><E75/><V12/><F68/><W110/><G110/><T37/><D37/><U25/><E65/><V5/><F5/><W109/><G109/><T82/><D1/><U99/><E50/><N who="2" m="19563" /><F41/><W123/><G123/><T52/><D132/><U124/><E99/><V56/><F17/><W66/><G116/><T104/><D127/><U95/><E95/><V90/><F118/><W71/><REACH who="3" step="1"/><G53/><REACH who="3" ten="211,289,250,240" step="2"/><T77/><D52/><U57/><REACH who="1" step="1"/><E60/><REACH who="1" ten="211,279,250,240" step="2"/><N who="2" m="23083" /><F56/><W120/><G120/><T39/><D55/><U122/><E122/><V80/><F80/><W76/><G76/><T9/><D64/><U83/><E83/><V33/><F33/><W96/><G96/><AGARI ba="0,2" hai="12,14,15,90,94,96,102,103" m="23083,19563" machi="96" ten="30,1000,0" yaku="8,1" doraHai="114" who="2" fromWho="3" sc="211,0,279,0,250,30,240,-10" /><INIT seed="2,0,0,0,1,97" ten="211,279,280,230" oya="2" hai0="93,89,29,52,115,45,42,114,38,21,2,91,1" hai1="77,133,64,19,30,18,113,71,116,79,104,20,96" hai2="98,3,24,25,102,126,48,41,99,54,119,62,39" hai3="135,55,108,122,59,127,87,120,61,129,111,83,75"/><V31/><F119/><W53/><G75/><T56/><D89/><U4/><E116/><V128/><F39/><W94/><G94/><T67/><D67/><U107/><E113/><V63/><F3/><W109/><G127/><T10/><D10/><U125/><E125/><V84/><F126/><W103/><G103/><T40/><D40/><U110/><E133/><V13/><F41/><W131/><G87/><T46/><D46/><U78/><E110/><V101/><F128/><N who="3" m="49227" /><G83/><T112/><D21/><U85/><E4/><V43/><F43/><W74/><G74/><T15/><D15/><U132/><E132/><V118/><F118/><W68/><G68/><T106/><D29/><U66/><E85/><V124/><F124/><W92/><G92/><T51/><REACH who="0" step="1"/><D106/><REACH who="0" ten="201,279,280,230" step="2"/><U50/><E71/><V14/><F31/><W57/><G135/><T81/><D81/><U33/><E33/><V72/><F72/><W6/><G6/><T69/><D69/><U123/><E30/><V49/><F54/><W16/><G16/><T134/><D134/><U7/><E7/><V88/><F88/><W17/><G17/><T60/><D60/><AGARI ba="0,1" hai="53,55,57,59,60,61,108,109,111,120,122" m="49227" machi="60" ten="40,8000,1" yaku="14,1,19,1,34,2" doraHai="97" who="3" fromWho="0" sc="201,-80,279,0,280,0,230,90" /><INIT seed="3,0,0,3,3,31" ten="121,279,280,320" oya="3" hai0="26,20,108,72,86,114,32,24,125,29,99,107,90" hai1="50,58,87,122,11,132,60,130,105,116,42,88,23" hai2="46,6,25,78,124,76,109,64,77,13,39,9,110" hai3="41,69,0,10,35,101,54,85,121,92,98,17,14"/><W100/><G35/><T5/><D72/><U89/><E122/><V74/><F124/><W119/><G69/><T126/><D5/><U84/><E105/><V27/><F64/><W53/><G0/><T111/><D99/><U40/><E130/><V75/><F39/><W66/><G119/><T83/><D107/><U79/><E116/><V129/><F46/><W30/><G30/><T96/><D96/><U120/><E120/><V2/><F13/><W59/><G41/><T134/><D134/><U57/><E132/><V131/><F9/><W91/><G121/><T45/><D45/><U94/><E79/><N who="2" m="20227" /><V52/><DORA hai="118" /><F6/><W115/><G115/><T43/><D43/><U127/><E127/><N who="0" m="48649" /><D114/><U117/><E117/><V48/><F2/><W51/><G66/><T113/><D113/><U133/><E133/><V34/><F34/><W8/><G8/><T44/><D44/><U112/><E112/><V93/><F93/><N who="3" m="56639" /><G54/><T123/><D123/><U80/><E11/><V95/><F95/><W65/><G65/><T33/><D24/><N who="2" m="9290" /><F48/><W106/><G106/><T81/><D81/><U47/><E23/><V62/><F62/><W103/><G103/><T16/><D29/><U73/><E73/><N who="2" m="27659" /><F52/><W56/><G100/><T55/><D55/><N who="1" m="31991" /><E47/><V102/><F102/><W135/><G135/><T104/><D104/><U21/><E21/><V71/><F71/><W70/><G70/><T49/><D49/><U37/><E37/><V1/><F1/><W68/><G68/><T36/><D36/><U67/><AGARI ba="0,0" hai="40,42,58,60,67,80,84,87,88,89,94" m="31991" machi="67" ten="30,2000,0" yaku="8,1,54,1" doraHai="31,118" who="1" fromWho="1" sc="121,-5,279,20,280,-5,320,-10" owari="116,-38.0,299,10.0,275,-12.0,310,40.0" /></mjloggm>