<mjloggm ver="2.3"><GO type="169" lobby="0"/><UN n0="%28%2A%C2%B4%33%EF%BD%80%2A%29" n1="%E3%82%A6%E3%83%AB%E3%83%88%E3%83%A9%E7%AB%8B%E7%9B%B4" n2="%70%67%61%69%6E" n3="%7A%65%72%6F%52%58" dan="16,17,16,18" rate="2103.49,2217.90,2069.75,2198.78" sx="F,M,M,M"/><TAIKYOKU oya="0"/><INIT seed="0,0,0,2,0,23" ten="250,250,250,250" oya="0" hai0="28,19,22,61,48,17,56,37,31,75,15,36,55" hai1="76,133,81,9,46,91,6,18,115,40,71,0,85" hai2="101,43,77,50,62,84,97,83,114,88,125,117,27" hai3="78,32,96,118,112,129,92,103,131,111,38,126,12"/><T58/><D75/><U10/><E133/><V104/><F114/><W57/><G38/><T134/><D134/><U8/><E71/><V34/><F125/><W20/><G32/><T41/><D36/><U132/><E132/><V99/><F117/><W26/><G112/><T53/><D37/><U98/><E115/><V135/><F135/><W60/><G118/><T123/><D123/><U90/><E18/><V44/><F62/><W33/><G33/><T80/><D41/><U11/><REACH who="1" step="1"/><E98/><REACH who="1" ten="250,240,250,250" step="2"/><V74/><F99/><W122/><G96/><T127/><D127/><U124/><E124/><V82/><REACH who="2" step="1"/><F34/><REACH who="2" ten="250,240,240,250" step="2"/><W35/><G35/><T105/><D105/><U52/><E52/><V67/><F67/><W110/><G126/><T64/><D64/><U14/><E14/><V21/><F21/><W128/><G20/><N who="0" m="11327" /><D80/><U119/><E119/><V49/><F49/><AGARI ba="0,2" hai="0,6,8,9,10,11,40,46,49,76,81,85,90,91" machi="49" ten="40,1300,0" yaku="1,1,53,0" doraHai="23" doraHaiUra="13" who="1" fromWho="2" sc="250,0,240,33,240,-13,250,0" /><INIT seed="1,0,0,5,3,129" ten="250,273,227,250" oya="1" hai0="104,101,84,65,50,59,109,0,52,100,83,61,66" hai1="30,134,56,28,68,36,94,40,13,119,6,47,8" hai2="81,127,48,32,4,108,14,113,19,26,91,53,33" hai3="79,73,1,43,98,34,132,18,67,60,121,124,72"/><U54/><E119/><V16/><F108/><W117/><G121/><T131/><D109/><U90/><E68/><V92/><F127/><W130/><G1/><T64/><D0/><U42/><E42/><V39/><F39/><W89/><G34/><T96/><D131/><U106/><E106/><V122/><F122/><W87/><G124/><T114/><D101/><U135/><E30/><V99/><F113/><W71/><G130/><T63/><REACH who="0" step="1"/><D114/><REACH who="0" ten="240,273,227,250" step="2"/><U76/><E28/><V118/><F118/><W58/><G117/><T11/><D11/><U82/><E76/><AGARI ba="0,1" hai="50,52,59,61,63,64,65,66,76,83,84,96,100,104" machi="76" ten="40,5200,0" yaku="1,1,54,1,53,1" doraHai="129" doraHaiUra="102" who="0" fromWho="1" sc="240,62,273,-52,227,0,250,0" /><INIT seed="2,0,0,1,2,81" ten="302,221,227,250" oya="2" hai0="116,41,130,22,113,104,111,114,39,24,78,50,97" hai1="110,115,135,69,119,132,29,62,53,10,44,7,129" hai2="3,51,12,26,131,32,70,122,43,108,40,56,73" hai3="103,37,21,83,71,95,8,2,35,99,28,123,82"/><V19/><F3/><W85/><G37/><T133/><D39/><U76/><E119/><V61/><F122/><W47/><G71/><T46/><D78/><U36/><E115/><V63/><F131/><W128/><G35/><T86/><D130/><U120/><E129/><V77/><F108/><W98/><G128/><T30/><D111/><U121/><E29/><V88/><F73/><W11/><G123/><N who="1" m="47178" /><E76/><V92/><F77/><N who="3" m="46287" /><G2/><T134/><D116/><U64/><E110/><V66/><F51/><W101/><G83/><T106/><D106/><U68/><E10/><V20/><F12/><W49/><G99/><T38/><D97/><U80/><E80/><V72/><F32/><W58/><G58/><T102/><D104/><U18/><E18/><V34/><F34/><W45/><G103/><T91/><D38/><U65/><E7/><V94/><F94/><W117/><G47/><T9/><D102/><U107/><E107/><V74/><F74/><W23/><G117/><T59/><D59/><U14/><E14/><V89/><F72/><W25/><G23/><T6/><D114/><U57/><E36/><V124/><F89/><W1/><G1/><T52/><D113/><U0/><E0/><V13/><F13/><W67/><G67/><N who="1" m="25674" /><E44/><V112/><F112/><W60/><G8/><T109/><D109/><U48/><E48/><V4/><F92/><W105/><G95/><N who="0" m="54775" /><D41/><U87/><E87/><V127/><F43/><N who="3" m="24767" /><G11/><T96/><D96/><U84/><E84/><V75/><F40/><W15/><G15/><N who="0" m="5559" /><D30/><U31/><E31/><N who="2" m="17863" /><F75/><W5/><G5/><T16/><AGARI ba="0,0" hai="16,22,24,46,50,52,133,134" m="5559,54775" machi="16" ten="30,7900,0" yaku="5,1,52,1,54,2" doraHai="81" who="0" fromWho="0" sc="302,79,221,-20,227,-39,250,-20" /><INIT seed="3,0,0,5,3,45" ten="381,201,188,230" oya="3" hai0="26,14,72,110,20,6,99,57,16,21,42,62,81" hai1="24,63,125,105,115,106,120,79,71,51,111,56,31" hai2="123,65,74,29,126,85,13,44,17,36,100,3,86" hai3="43,96,2,50,122,49,94,76,129,61,119,132,34"/><W12/><G2/><T52/><D110/><U116/><E115/><V77/><F126/><W37/><G122/><T89/><D42/><U68/><E116/><V133/><F133/><W103/><G34/><T124/><D124/><U67/><E125/><V28/><F123/><W53/><G119/><T98/><D6/><U104/><E111/><V27/><F65/><W107/><G132/><T60/><D60/><U5/><E5/><V30/><F27/><W66/><G37/><T91/><D72/><U46/><E79/><V87/><F3/><W78/><G129/><T75/><D75/><U113/><E113/><V48/><F36/><W23/><G107/><T95/><D81/><U4/><E4/><V130/><F130/><W0/><G0/><T84/><D91/><U40/><REACH who="1" step="1"/><E120/><REACH who="1" ten="381,191,188,230" step="2"/><V47/><F77/><W38/><G78/><T73/><REACH who="0" step="1"/><D73/><REACH who="0" ten="371,191,188,230" step="2"/><U11/><E11/><N who="2" m="6335" /><F74/><W128/><G76/><T131/><D131/><U112/><E112/><V127/><F127/><W92/><G128/><T54/><D54/><U41/><E41/><N who="2" m="24591" /><F100/><W97/><G103/><T15/><D15/><U58/><E58/><V70/><F70/><W135/><G12/><T39/><D39/><U117/><E117/><V108/><F108/><W1/><G1/><T102/><D102/><U10/><E10/><V55/><F55/><W118/><G53/><T19/><AGARI ba="0,2" hai="14,16,19,20,21,26,52,57,62,84,89,95,98,99" machi="19" ten="20,12000,2" yaku="1,1,0,1,7,1,8,1,54,2,53,1" doraHai="45" doraHaiUra="22" who="0" fromWho="0" sc="371,140,191,-30,188,-30,230,-60" /><INIT seed="4,0,0,1,4,55" ten="511,161,158,170" oya="0" hai0="66,64,98,3,19,54,63,23,27,58,101,52,37" hai1="17,32,68,79,26,5,12,116,14,105,129,41,88" hai2="84,9,111,124,50,25,108,34,76,121,120,28,89" hai3="65,133,104,46,40,113,72,90,114,100,87,127,21"/><T6/><D37/><U77/><E68/><V99/><F124/><W61/><G72/><T53/><D3/><U29/><E105/><V71/><F71/><W35/><G35/><T57/><D6/><U0/><E116/><V45/><F76/><W24/><G127/><T39/><D39/><U131/><E41/><V110/><F99/><W36/><G133/><T82/><D82/><U67/><E67/><N who="0" m="25641" /><D63/><U48/><E48/><V125/><F9/><W97/><G87/><T96/><D101/><U62/><E62/><V106/><F106/><W107/><G90/><T130/><D130/><N who="1" m="49675" /><E88/><V70/><F70/><W15/><G15/><N who="1" m="5674" /><E17/><V31/><F89/><W92/><G114/><T7/><D7/><U1/><E5/><V95/><F50/><W132/><G113/><T81/><D81/><U119/><E119/><V86/><F111/><W43/><G43/><T4/><D4/><U102/><E102/><V73/><F110/><W135/><G135/><T93/><D93/><U13/><N who="1" m="5682" /><U128/><N who="1" m="49683" /><DORA hai="56" /><U16/><DORA hai="69" /><E16/><V80/><F108/><W117/><G117/><T85/><D85/><U18/><E18/><V51/><F95/><W91/><G91/><T83/><D83/><U42/><E42/><V78/><F86/><W59/><G132/><T49/><D49/><U44/><E1/><V74/><F80/><W8/><G8/><T47/><D47/><U30/><E0/><V115/><F51/><W38/><G38/><T103/><D103/><U134/><E44/><V22/><F45/><W112/><G112/><T75/><D75/><U33/><E134/><RYUUKYOKU ba="0,0" sc="511,10,161,10,158,-30,170,10" hai0="19,23,27,52,53,54,57,58,96,98" hai1="26,29,30,32,33,77,79" hai3="21,24,36,40,46,59,61,65,92,97,100,104,107" /><INIT seed="4,1,0,0,2,48" ten="521,171,128,180" oya="0" hai0="129,104,49,77,23,27,46,130,97,73,134,98,82" hai1="114,83,122,95,4,37,113,22,125,135,67,40,69" hai2="75,52,92,79,66,70,118,56,105,110,87,58,72" hai3="96,128,103,62,24,60,90,5,0,68,89,1,85"/><T86/><D134/><U59/><E69/><V26/><F110/><W121/><G128/><N who="0" m="49259" /><D86/><U115/><E122/><V74/><F118/><W41/><G121/><T112/><D104/><U33/><E33/><V81/><F105/><W101/><G41/><N who="0" m="24783" /><D112/><U9/><E135/><V21/><F92/><W47/><G47/><T88/><D88/><U31/><E125/><V102/><F102/><W18/><G90/><T106/><D106/><U28/><E40/><V30/><F70/><W119/><G119/><T17/><AGARI ba="1,0" hai="17,23,27,73,77,82,97,98" m="24783,49259" machi="17" ten="30,1500,0" yaku="19,1" doraHai="48" who="0" fromWho="0" sc="521,18,171,-6,128,-6,180,-6" /><INIT seed="4,2,0,0,5,31" ten="539,165,122,174" oya="0" hai0="91,34,70,10,36,88,134,24,95,114,135,25,132" hai1="2,81,41,50,129,52,93,133,105,56,49,68,37" hai2="84,78,106,30,11,58,47,67,117,7,21,69,38" hai3="35,94,55,44,16,27,63,87,122,92,6,116,101"/><T29/><D70/><U111/><E105/><V108/><F108/><W45/><G116/><T51/><D36/><U82/><E2/><V102/><F117/><W107/><G107/><T64/><D64/><U0/><E0/><V86/><F58/><N who="3" m="35295" /><G35/><T12/><D114/><U89/><E68/><V79/><F106/><W61/><G6/><N who="0" m="3159" /><D25/><U33/><E33/><V53/><F102/><W80/><G61/><T14/><D14/><U23/><E37/><V127/><F127/><W40/><G122/><T126/><D126/><U131/><E133/><V128/><F128/><N who="1" m="49225" /><E23/><V123/><F21/><N who="3" m="13735" /><G40/><T72/><D72/><U77/><E77/><V20/><F79/><N who="3" m="46495" /><G94/><T112/><D112/><U54/><E41/><V99/><F123/><W26/><G26/><T62/><D62/><U74/><E74/><V119/><F119/><W109/><G109/><T28/><D28/><U59/><E111/><V100/><F30/><W4/><G4/><T121/><D121/><U103/><E103/><V118/><F7/><W115/><G115/><T46/><D95/><U97/><AGARI ba="2,0" hai="49,50,52,54,56,59,81,82,89,93,97" m="49225" machi="97" ten="30,2000,0" yaku="19,1,54,1" doraHai="31" who="1" fromWho="1" sc="539,-12,165,26,122,-7,174,-7" /><INIT seed="5,0,0,1,1,23" ten="527,191,115,167" oya="1" hai0="90,10,97,12,35,95,40,22,96,93,7,83,129" hai1="17,0,72,126,82,127,39,1,87,84,42,66,108" hai2="15,11,133,9,43,13,104,101,47,125,89,135,4" hai3="33,105,62,130,3,115,88,19,114,31,70,57,77"/><U16/><E72/><V69/><F69/><W67/><G3/><N who="1" m="1098" /><E66/><V41/><F125/><N who="1" m="47625" /><E108/><V65/><F65/><W61/><G105/><T21/><D35/><U120/><E120/><V91/><F101/><W100/><G100/><N who="0" m="60431" /><D129/><U131/><E131/><V78/><F78/><W63/><G77/><T64/><D64/><U27/><E27/><V45/><REACH who="2" step="1"/><F104/><REACH who="2" ten="527,191,105,167" step="2"/><W53/><G70/><T110/><D110/><U73/><E73/><V58/><F58/><W80/><G67/><T99/><D40/><U116/><E116/><V36/><F36/><W14/><G57/><T24/><D83/><U106/><E106/><V98/><F98/><W30/><G130/><T121/><D121/><U107/><E107/><V8/><F8/><W68/><G68/><T18/><D99/><U2/><E42/><V25/><F25/><W5/><G115/><T79/><D79/><U92/><E39/><V119/><F119/><W81/><G114/><T28/><D22/><U32/><E32/><V124/><F124/><W52/><G33/><T103/><D103/><U54/><E82/><V59/><F59/><W122/><G81/><T85/><D85/><U132/><E87/><V49/><F49/><W75/><G80/><T128/><D128/><U51/><E84/><V94/><F94/><W56/><G122/><T6/><AGARI ba="0,1" hai="6,7,10,12,18,21,24,28,90,95,97" m="60431" machi="6" ten="30,2000,0" yaku="8,1,52,1" doraHai="23" who="0" fromWho="0" sc="527,30,191,-10,105,-5,167,-5" /><INIT seed="6,0,0,1,5,76" ten="557,181,100,162" oya="2" hai0="1,45,115,132,58,35,32,55,26,113,53,128,14" hai1="122,48,49,44,8,2,81,101,124,131,93,126,28" hai2="82,133,106,22,104,69,74,107,33,34,127,0,89" hai3="5,65,16,60,105,108,120,70,79,20,85,119,67"/><V29/><F133/><W75/><G105/><T36/><D1/><U73/><E28/><V41/><F127/><N who="1" m="48681" /><E131/><V6/><F41/><W61/><G108/><T116/><D128/><U71/><E71/><V17/><F29/><W57/><G120/><T11/><D116/><U64/><E64/><V25/><F69/><W90/><G119/><T63/><D132/><U134/><E134/><V114/><F114/><N who="0" m="43530" /><D26/><U39/><E39/><V23/><F23/><W121/><G121/><T84/><D84/><U27/><E27/><V18/><F18/><W56/><G5/><N who="0" m="3439" /><D55/><U68/><E68/><V54/><F54/><W83/><G70/><T123/><D123/><U92/><E48/><V47/><F47/><W19/><G20/><T112/><D112/><U78/><E101/><V94/><F0/><W21/><G21/><T135/><D135/><U59/><E59/><V91/><F6/><W99/><G99/><T43/><AGARI ba="0,0" hai="32,35,36,43,45,53,58,63" m="3439,43530" machi="43" ten="30,1100,0" yaku="15,1" doraHai="76" who="0" fromWho="0" sc="557,11,181,-3,100,-5,162,-3" /><INIT seed="7,0,0,1,3,99" ten="568,178,95,159" oya="3" hai0="41,42,73,124,46,127,78,35,97,50,134,65,135" hai1="121,34,74,101,96,83,4,104,44,12,63,10,120" hai2="18,26,39,30,48,90,64,69,36,95,0,91,58" hai3="132,56,53,105,47,81,106,51,15,27,54,61,82"/><W100/><G132/><N who="0" m="50731" /><D35/><U71/><E34/><V13/><F0/><W23/><G106/><T72/><D65/><N who="1" m="41407" /><E12/><V14/><F69/><W103/><G105/><T133/><D133/><U52/><E52/><V114/><F114/><W117/><G15/><T89/><D41/><U116/><E44/><V31/><F48/><W108/><G117/><T40/><D40/><U20/><E20/><V5/><F5/><W17/><G108/><T16/><D16/><U98/><E98/><V84/><F91/><W57/><G47/><T28/><D28/><U80/><E10/><V29/><F26/><W68/><G68/><T3/><D3/><U113/><E4/><V123/><F123/><W2/><G2/><T7/><D7/><U93/><E113/><V102/><F14/><W8/><G8/><T77/><D124/><U33/><E33/><V107/><F58/><W1/><G1/><T119/><D127/><U118/><E104/><V112/><F64/><W32/><G32/><T60/><D60/><U87/><E74/><N who="0" m="28777" /><D119/><U49/><E49/><V79/><F79/><W130/><G130/><T88/><D89/><N who="1" m="51455" /><E120/><V9/><REACH who="2" step="1"/><F112/><REACH who="2" ten="568,178,85,159" step="2"/><W126/><G126/><T76/><D76/><U129/><E121/><V11/><F11/><W43/><G43/><T111/><D111/><U128/><E129/><V75/><F75/><W25/><G27/><T94/><AGARI ba="0,1" hai="42,46,50,77,78,88,94,97" m="28777,50731" machi="94" ten="40,2700,0" yaku="20,1,54,1" doraHai="99" who="0" fromWho="0" sc="568,37,178,-7,85,-7,159,-13" owari="605,70.0,171,-3.0,78,-42.0,146,-25.0" /></mjloggm>