<mjloggm ver="2.3"><GO type="169" lobby="0"/><UN n0="%E4%B8%8D%E8%A8%B1%E5%8F%AF" n1="%E3%82%A6%E3%83%AB%E3%83%88%E3%83%A9%E7%AB%8B%E7%9B%B4" n2="%73%65%69%69%67%61%33" n3="%E3%81%84%E3%81%A1%E3%81%8B%E3%82%8F%E2%99%AA" dan="16,17,16,17" rate="2110.35,2184.98,2174.11,2099.22" sx="M,M,M,M"/><TAIKYOKU oya="0"/><INIT seed="0,0,0,3,5,89" ten="250,250,250,250" oya="0" hai0="91,10,97,25,135,41,59,111,22,63,38,50,18" hai1="131,12,69,45,73,88,118,79,36,104,21,20,133" hai2="23,76,53,103,77,32,34,17,31,82,75,117,109" hai3="57,8,127,48,98,56,93,60,106,62,85,121,58"/><T46/><D135/><U68/><E104/><V94/><F109/><W39/><G39/><T30/><D111/><U115/><E118/><V132/><F132/><W6/><G121/><T40/><D10/><U72/><E133/><V27/><F117/><W70/><G48/><T108/><D108/><U114/><E79/><V51/><F76/><W13/><G127/><T42/><D38/><U67/><E45/><V54/><F54/><W2/><G2/><T120/><D30/><U5/><E36/><V65/><F65/><W122/><G122/><T52/><D120/><U71/><E67/><V47/><REACH who="2" step="1"/><F31/><REACH who="2" ten="250,250,240,250" step="2"/><W124/><G124/><T102/><REACH who="0" step="1"/><D91/><REACH who="0" ten="240,250,240,250" step="2"/><U49/><E88/><V64/><F64/><W16/><G70/><T26/><D26/><U33/><E71/><V11/><F11/><W96/><G6/><T14/><D14/><U86/><E12/><V43/><F43/><W90/><REACH who="3" step="1"/><G106/><AGARI ba="0,2" hai="18,22,25,40,41,42,46,50,52,59,63,97,102,106" machi="106" ten="30,5800,0" yaku="1,1,7,1,54,1,53,0" doraHai="89" doraHaiUra="113" who="0" fromWho="3" sc="240,78,250,0,240,0,250,-58" /><INIT seed="0,1,0,3,5,58" ten="318,250,240,192" oya="0" hai0="131,123,28,5,109,3,72,75,85,132,124,8,125" hai1="23,57,37,99,10,79,87,113,33,100,112,127,64" hai2="73,41,20,105,13,129,94,96,46,66,114,91,0" hai3="65,6,39,59,21,95,98,27,69,35,49,102,70"/><T26/><D123/><U63/><E33/><V71/><F0/><W9/><G39/><T118/><D118/><U90/><E37/><V117/><F114/><N who="1" m="44137" /><E127/><N who="0" m="48713" /><D132/><U107/><E23/><V82/><F129/><W130/><G35/><N who="0" m="20887" /><D131/><U76/><E10/><V68/><F117/><W61/><G130/><T12/><D109/><U84/><E87/><V74/><F74/><N who="0" m="28202" /><D85/><U16/><E16/><V30/><F73/><W40/><G49/><T128/><D128/><U7/><E7/><V62/><F82/><AGARI ba="1,0" hai="57,63,64,76,79,82,84,90,99,100,107" m="44137" machi="82" ten="30,2000,0" yaku="11,1,52,1" doraHai="58" who="1" fromWho="2" sc="318,0,250,23,240,-23,192,0" /><INIT seed="1,0,0,1,0,132" ten="318,273,217,192" oya="1" hai0="96,52,62,51,75,46,66,15,109,65,19,36,44" hai1="61,100,101,85,8,108,68,104,13,98,63,4,5" hai2="6,43,111,23,82,2,119,60,72,3,84,77,112" hai3="20,26,59,53,37,27,56,124,113,103,94,105,39"/><U135/><E135/><V130/><F119/><W17/><G105/><T120/><D109/><U114/><E114/><V107/><F111/><W78/><G78/><T129/><D129/><U80/><E108/><V116/><F116/><W10/><G10/><T102/><D120/><U48/><E68/><V83/><F107/><W123/><G123/><T55/><D75/><U86/><E101/><V99/><F99/><W128/><G128/><T14/><D36/><U110/><E110/><V24/><F112/><W81/><G59/><N who="0" m="35175" /><D46/><U42/><E85/><V25/><F43/><W47/><G47/><T117/><D117/><U28/><E28/><V31/><F6/><W64/><G64/><N who="0" m="24683" /><D19/><U57/><E5/><V76/><F60/><W93/><G39/><T16/><D16/><U49/><E42/><V73/><F130/><W54/><G37/><T50/><D50/><U90/><E63/><V12/><F12/><W122/><G27/><T134/><D134/><U7/><E7/><V33/><F73/><W29/><G122/><T34/><D34/><U89/><E90/><V9/><F9/><W106/><G106/><T97/><D97/><U125/><E49/><V87/><F72/><W118/><G118/><T71/><D71/><U79/><E48/><V38/><F38/><W88/><G113/><T1/><D1/><U131/><E131/><V35/><F23/><W58/><G29/><AGARI ba="0,0" hai="2,3,24,25,29,31,33,35,76,77,82,83,84,87" machi="29" ten="40,5200,0" yaku="32,3" doraHai="132" who="2" fromWho="3" sc="318,0,273,0,217,52,192,-52" /><INIT seed="2,0,0,1,2,121" ten="318,273,269,140" oya="2" hai0="49,17,10,71,133,78,131,114,69,45,108,101,13" hai1="91,42,40,109,5,119,72,66,52,123,16,132,20" hai2="3,113,34,6,15,122,70,112,7,1,67,120,36" hai3="128,86,35,125,62,92,64,4,118,115,12,104,38"/><V88/><F88/><W24/><G38/><T32/><D114/><N who="2" m="44138" /><F36/><W81/><G115/><T56/><D32/><U28/><E72/><V65/><F70/><W116/><G104/><T41/><D133/><U85/><E66/><N who="2" m="25099" /><F15/><W93/><G128/><T57/><D131/><U76/><E76/><V39/><F39/><W111/><G125/><T100/><D78/><U0/><E5/><N who="2" m="1547" /><F34/><W18/><G4/><T14/><D10/><U22/><E0/><AGARI ba="0,0" hai="0,1,3,120,122" m="1547,25099,44138" machi="0" ten="40,3900,0" yaku="28,2" doraHai="121" who="2" fromWho="1" sc="318,0,273,-39,269,39,140,0" /><INIT seed="2,1,0,0,2,29" ten="318,234,308,140" oya="2" hai0="25,122,27,74,113,105,4,51,53,34,72,101,76" hai1="83,134,70,93,11,30,120,35,100,46,24,111,108" hai2="14,47,128,42,129,8,15,41,58,16,2,118,37" hai3="68,133,45,23,90,88,95,114,116,39,40,119,66"/><V31/><F118/><W63/><G133/><T6/><D122/><U80/><E120/><V61/><F41/><W67/><G114/><T109/><D113/><U107/><E134/><V43/><F43/><W17/><G67/><T99/><D109/><N who="1" m="42059" /><E107/><V124/><F15/><W57/><G68/><T103/><D103/><U85/><E70/><V106/><F106/><W12/><REACH who="3" step="1"/><G90/><REACH who="3" ten="318,234,308,130" step="2"/><T91/><D91/><N who="1" m="53487" /><E100/><V3/><F124/><W77/><G77/><T81/><D76/><U94/><E94/><V73/><F73/><W84/><AGARI ba="1,1" hai="12,17,23,39,40,45,57,63,66,84,88,95,116,119" machi="84" ten="20,12000,2" yaku="1,1,0,1,7,1,54,1,53,2" doraHai="29" doraHaiUra="112" who="3" fromWho="3" sc="318,-31,234,-31,308,-61,130,133" /><INIT seed="3,0,0,3,2,26" ten="287,203,247,263" oya="3" hai0="128,125,5,62,96,120,56,50,22,35,76,45,42" hai1="13,90,116,60,133,55,40,15,32,68,131,112,18" hai2="1,108,16,6,20,19,111,10,134,72,80,4,98" hai3="135,12,77,114,78,24,121,124,119,73,9,84,23"/><W105/><G105/><T2/><D120/><U47/><E131/><V57/><F98/><W93/><G121/><T3/><D128/><U65/><E133/><V63/><F134/><W101/><G119/><T58/><D35/><U75/><E75/><V54/><F6/><W49/><G114/><T102/><D125/><U36/><E112/><V43/><F43/><W82/><G135/><T64/><D76/><U88/><E32/><V129/><F129/><W89/><G124/><T81/><D81/><U127/><E127/><V53/><F54/><W59/><G73/><T67/><D5/><U44/><E116/><V123/><F123/><W74/><G74/><T66/><D22/><U87/><E90/><V107/><F107/><W110/><G101/><T109/><D109/><N who="2" m="42058" /><F20/><W91/><G12/><T100/><D100/><U30/><E15/><V71/><F71/><W33/><G9/><T41/><D41/><U95/><E47/><V48/><F63/><W70/><G70/><T106/><REACH who="0" step="1"/><D58/><REACH who="0" ten="277,203,247,263" step="2"/><U29/><E55/><AGARI ba="0,1" hai="2,3,42,45,50,55,56,62,64,66,67,96,102,106" machi="55" ten="40,2600,0" yaku="1,1,2,1,53,0" doraHai="26" doraHaiUra="27" who="0" fromWho="1" sc="277,36,203,-26,247,0,263,0" /><INIT seed="4,0,0,0,2,61" ten="313,177,247,263" oya="0" hai0="96,88,101,77,19,34,42,4,39,90,16,107,33" hai1="102,54,79,49,104,115,119,24,7,127,129,50,13" hai2="133,125,67,17,114,81,112,23,82,116,57,130,30" hai3="122,41,100,5,103,31,105,3,6,2,26,76,134"/><T10/><D77/><U84/><E119/><V43/><F116/><W12/><G76/><T85/><D39/><U117/><E117/><V62/><F125/><W97/><G100/><T20/><D42/><U28/><E127/><V65/><F133/><W131/><G134/><T80/><D90/><U0/><E0/><V40/><F30/><W121/><G131/><T53/><D53/><U21/><E129/><V66/><F130/><W38/><G41/><N who="2" m="15945" /><F23/><N who="3" m="15839" /><G38/><T18/><REACH who="0" step="1"/><D20/><REACH who="0" ten="303,177,247,263" step="2"/><U126/><E79/><V132/><F132/><W99/><G121/><T87/><D87/><U46/><E54/><N who="2" m="34103" /><F17/><W113/><G122/><T93/><D93/><U109/><E126/><V123/><F123/><W45/><G105/><T118/><D118/><U22/><E104/><V120/><F120/><W37/><G37/><T64/><D64/><U95/><E22/><V55/><F55/><W36/><G36/><T14/><AGARI ba="0,1" hai="4,10,14,16,18,19,33,34,80,85,88,96,101,107" machi="14" ten="30,11700,0" yaku="1,1,0,1,54,2,53,0" doraHai="61" doraHaiUra="47" who="0" fromWho="0" sc="303,127,177,-39,247,-39,263,-39" /><INIT seed="4,1,0,4,0,125" ten="430,138,208,224" oya="0" hai0="55,51,42,134,104,34,103,7,123,18,76,127,73" hai1="19,68,17,86,26,30,118,27,83,47,72,133,130" hai2="105,13,56,100,54,96,28,9,59,106,93,121,131" hai3="3,41,24,74,99,22,40,101,62,71,60,92,81"/><T58/><D123/><U50/><E68/><V11/><F121/><W21/><G21/><T33/><D127/><U45/><E72/><V29/><F11/><W70/><G3/><T57/><D134/><U15/><E118/><V79/><F131/><W2/><G2/><T113/><D113/><U114/><E133/><V94/><F79/><W52/><G74/><T32/><D7/><U10/><E114/><V126/><F126/><W111/><G81/><T120/><D120/><U5/><E130/><V115/><F115/><W107/><G107/><T80/><D42/><N who="3" m="16489" /><G71/><T129/><D129/><U95/><E95/><V82/><F82/><W77/><G70/><T0/><D0/><U90/><E45/><V38/><F38/><W39/><G39/><T36/><D36/><U37/><E37/><V108/><F108/><W87/><G87/><T63/><D18/><U43/><REACH who="1" step="1"/><E27/><REACH who="1" ten="430,128,208,224" step="2"/><V53/><F94/><N who="3" m="58615" /><G111/><T84/><D73/><U12/><E12/><V44/><F44/><W112/><G92/><T78/><D104/><U14/><E14/><V25/><F106/><W85/><G112/><T124/><D124/><U8/><E8/><V64/><F105/><W98/><G24/><T16/><D80/><U89/><E89/><V6/><F25/><W135/><G135/><T75/><D75/><U102/><E102/><V117/><F117/><W122/><G77/><T66/><D103/><U110/><E110/><V69/><F100/><W132/><G132/><T23/><D78/><U35/><AGARI ba="1,1" hai="5,10,15,17,19,26,30,35,43,47,50,83,86,90" machi="35" ten="20,2700,0" yaku="1,1,0,1,7,1,53,0" doraHai="125" doraHaiUra="128" who="1" fromWho="1" sc="430,-14,128,40,208,-8,224,-8" /><INIT seed="5,0,0,0,4,93" ten="416,168,200,216" oya="1" hai0="107,92,54,124,130,128,27,40,126,67,104,109,6" hai1="134,114,78,7,108,38,43,115,82,118,99,79,44" hai2="60,52,97,122,56,20,17,89,131,37,116,105,85" hai3="76,48,112,62,31,24,29,25,102,0,101,100,35"/><U88/><E134/><V91/><F116/><W121/><G0/><T65/><D109/><U34/><E34/><V15/><F122/><W77/><G112/><N who="1" m="43050" /><E118/><V50/><F37/><W80/><G121/><T26/><D92/><N who="1" m="56711" /><E108/><V119/><F119/><W81/><G48/><T12/><D40/><U117/><E117/><V69/><F131/><N who="0" m="50218" /><D54/><U75/><E78/><V110/><F110/><W95/><G62/><T74/><D12/><U8/><E8/><V125/><F60/><W123/><G123/><T2/><D74/><U111/><E111/><V14/><F14/><W59/><G95/><T61/><D2/><U68/><E7/><V28/><F105/><N who="0" m="40522" /><D6/><U133/><E133/><V11/><F52/><W45/><G45/><T10/><D10/><U47/><E47/><V23/><F11/><W36/><G36/><T22/><D65/><U42/><E42/><V90/><F23/><W53/><G77/><T98/><D98/><U13/><E13/><V86/><F97/><W58/><G76/><T64/><D64/><U4/><E4/><V103/><F15/><W21/><REACH who="3" step="1"/><G53/><REACH who="3" ten="416,168,200,206" step="2"/><T71/><D27/><U72/><E75/><V33/><F50/><W84/><G84/><T96/><D96/><U57/><E57/><AGARI ba="0,1" hai="21,24,25,29,31,35,57,58,59,80,81,100,101,102" machi="57" ten="40,1300,0" yaku="1,1,53,0" doraHai="93" doraHaiUra="39" who="3" fromWho="1" sc="416,0,168,-13,200,0,206,23" /><INIT seed="6,0,0,5,4,47" ten="416,155,200,229" oya="2" hai0="45,9,77,74,16,5,56,125,130,91,44,22,21" hai1="113,19,36,69,0,105,121,67,63,94,33,50,8" hai2="128,87,107,88,71,118,135,53,58,93,39,7,37" hai3="54,48,64,31,3,114,72,49,110,2,81,25,20"/><V18/><F118/><W68/><G110/><T23/><D130/><U41/><E113/><V80/><F71/><W126/><G126/><T4/><D125/><U24/><E121/><V119/><F119/><W102/><G102/><T61/><D74/><U117/><E117/><V106/><F128/><W35/><G35/><T13/><D77/><U78/><E105/><V38/><F7/><N who="0" m="2634" /><D91/><U109/><E109/><V104/><F135/><W17/><G31/><T100/><D100/><U122/><E122/><V92/><REACH who="2" step="1"/><F18/><REACH who="2" ten="416,155,190,229" step="2"/><W52/><G114/><T30/><D30/><U99/><E19/><V62/><AGARI ba="0,1" hai="37,38,39,53,58,62,80,87,88,92,93,104,106,107" machi="62" ten="40,12000,1" yaku="1,1,2,1,0,1,54,1,53,0" doraHai="47" doraHaiUra="111" who="2" fromWho="2" sc="416,-40,155,-40,190,130,229,-40" /><INIT seed="6,1,0,0,0,37" ten="376,115,320,189" oya="2" hai0="7,80,34,56,64,102,30,133,104,62,99,90,8" hai1="85,131,57,17,4,51,6,47,24,84,127,22,16" hai2="0,26,117,92,71,65,112,111,43,53,107,54,70" hai3="129,134,95,81,122,2,66,55,44,74,86,118,58"/><V91/><F107/><W38/><G2/><T46/><D133/><U79/><E127/><V132/><F0/><W73/><G122/><T20/><D34/><U60/><E131/><V106/><F106/><W75/><G134/><T72/><D46/><U67/><E17/><V82/><F132/><W29/><G29/><T125/><D125/><U14/><E14/><V101/><F117/><W50/><G129/><T123/><D123/><U31/><E31/><V97/><F71/><W113/><G113/><T25/><D72/><U77/><E77/><V27/><F70/><W76/><G118/><T124/><D124/><U108/><E108/><V96/><F65/><W109/><G109/><T10/><D7/><U69/><E69/><V40/><F111/><W88/><REACH who="3" step="1"/><G66/><REACH who="3" ten="376,115,320,179" step="2"/><T42/><D30/><U35/><E35/><V48/><F112/><W11/><G11/><T45/><D10/><U21/><E21/><V93/><F82/><W126/><G126/><T121/><D80/><U89/><E79/><V63/><F63/><W13/><G13/><T94/><D62/><U39/><E39/><V100/><F48/><W119/><G119/><T115/><D64/><U103/><E103/><V128/><F128/><W49/><G49/><T1/><D1/><U41/><REACH who="1" step="1"/><E84/><REACH who="1" ten="376,105,320,179" step="2"/><V33/><F33/><W36/><G36/><T52/><D115/><U120/><E120/><V87/><F87/><W105/><G105/><T18/><D104/><U78/><E78/><V5/><F5/><W59/><G59/><T3/><D56/><U114/><E114/><V130/><F130/><W98/><G98/><RYUUKYOKU ba="1,2" sc="376,-30,105,10,320,10,179,10" hai1="4,6,16,22,24,41,47,51,57,60,67,85,89" hai2="26,27,40,43,53,54,91,92,93,96,97,100,101" hai3="38,44,50,55,58,73,74,75,76,81,86,88,95" /><INIT seed="6,2,2,4,5,126" ten="346,115,330,189" oya="2" hai0="13,10,119,74,81,24,45,37,120,102,76,47,93" hai1="134,28,43,133,117,5,15,112,88,97,55,63,52" hai2="105,108,26,19,123,14,57,34,49,66,33,56,113" hai3="8,115,87,73,50,129,1,101,20,46,118,42,36"/><V78/><F105/><W54/><G73/><T51/><D120/><U100/><E28/><V84/><F34/><W11/><G118/><T40/><D119/><U7/><E43/><V22/><F123/><W62/><G101/><T103/><D93/><N who="1" m="56487" /><E100/><V59/><F113/><W91/><G115/><T75/><D74/><U98/><E98/><V64/><F108/><W122/><G122/><T17/><D24/><U3/><E3/><V90/><F78/><W95/><G129/><T16/><D17/><U71/><E117/><V77/><F77/><W58/><G1/><T132/><D132/><N who="1" m="50795" /><E112/><V79/><F79/><W86/><G86/><T35/><D35/><U70/><E7/><V25/><F49/><W9/><REACH who="3" step="1"/><G20/><REACH who="3" ten="346,115,330,179" step="2"/><T21/><D21/><U127/><E127/><V121/><F121/><W61/><AGARI ba="2,3" hai="8,9,11,36,42,46,50,54,58,61,62,87,91,95" machi="61" ten="30,4000,0" yaku="1,1,2,1,0,1,53,0" doraHai="126" doraHaiUra="128" who="3" fromWho="3" sc="346,-12,115,-12,330,-22,179,76" /><INIT seed="7,0,0,2,2,75" ten="334,103,308,255" oya="3" hai0="126,99,33,55,26,19,56,77,110,49,11,78,79" hai1="45,71,135,17,98,28,132,103,40,61,93,125,101" hai2="133,94,36,76,123,27,22,85,128,96,31,7,127" hai3="64,89,16,51,43,109,9,62,52,1,5,97,117"/><W18/><G109/><T130/><D110/><U111/><E111/><V121/><F36/><W67/><G43/><T53/><D33/><U90/><E28/><V4/><F127/><W20/><G117/><T60/><D126/><U66/><E125/><V102/><F133/><W105/><G18/><T65/><D130/><U92/><E132/><V120/><REACH who="2" step="1"/><F128/><REACH who="2" ten="334,103,298,255" step="2"/><W124/><G124/><T3/><D3/><U134/><E135/><V8/><F8/><W104/><G64/><T47/><D99/><U10/><E134/><V108/><F108/><W42/><G42/><N who="0" m="24823" /><D11/><U13/><E40/><V14/><F14/><W23/><G23/><AGARI ba="0,1" hai="19,23,26,53,55,56,60,65,77,78,79" m="24823" machi="23" ten="30,7700,0" yaku="8,1,52,3" doraHai="75" who="0" fromWho="3" sc="334,87,103,0,298,0,255,-77" owari="421,52.0,103,-40.0,298,10.0,178,-22.0" /></mjloggm>