<mjloggm ver="2.3"><GO type="97" lobby="0"/><UN n0="%73%68%61%69%74%75" n1="%E3%82%A6%E3%83%AB%E3%83%88%E3%83%A9%E7%AB%8B%E7%9B%B4" n2="%E3%83%91%E3%82%A4%E3%83%8A%E3%83%97%E3%83%AB%E3%82%AD%E3%83%83%E3%83%89" n3="%72%69%6E%39%36%39%31" dan="13,14,15,13" rate="1942.56,1943.21,2037.75,1915.66" sx="M,M,M,M"/><TAIKYOKU oya="0"/><INIT seed="0,0,0,0,4,21" ten="250,250,250,250" oya="0" hai0="3,9,14,125,111,62,114,105,50,42,119,44,15" hai1="2,109,106,133,95,90,128,97,71,64,46,129,124" hai2="41,93,67,79,103,82,132,61,99,83,0,5,28" hai3="131,60,17,87,66,130,22,27,16,23,89,65,63"/><T78/><D119/><U75/><E75/><V37/><F132/><W11/><G11/><T12/><D114/><U76/><E76/><V116/><F116/><W85/><G89/><T126/><D105/><U108/><E2/><V86/><F82/><W36/><G36/><T88/><D78/><U107/><E64/><V101/><F28/><W80/><G80/><T123/><D123/><U7/><E71/><V47/><F61/><W13/><G13/><N who="0" m="5227" /><D3/><U58/><E58/><V24/><F24/><AGARI ba="0,0" hai="16,17,22,23,24,27,60,63,65,66,85,87,130,131" machi="24" ten="25,8000,1" yaku="22,2,52,2,54,1" doraHai="21" who="3" fromWho="2" sc="250,0,250,0,250,-80,250,80" /><INIT seed="1,0,0,4,4,104" ten="250,250,170,330" oya="1" hai0="11,67,135,69,34,93,44,32,126,84,118,121,58" hai1="80,54,92,20,0,56,101,125,47,37,129,123,19" hai2="46,106,76,60,1,35,72,43,52,100,99,97,5" hai3="127,55,128,83,40,120,22,131,59,6,133,117,82"/><U124/><E0/><V113/><F113/><W12/><G120/><T115/><D126/><N who="1" m="48747" /><E123/><V24/><F97/><W61/><G127/><T30/><D135/><U28/><E28/><V94/><F94/><W79/><G117/><T88/><D118/><U23/><E23/><V29/><F52/><W26/><G133/><T108/><D115/><U134/><E134/><V122/><F60/><W53/><G40/><T132/><D108/><U73/><E92/><V90/><F90/><W3/><G3/><T64/><D121/><U105/><E101/><V77/><F122/><W31/><G55/><T66/><D132/><U78/><E105/><V74/><F77/><W16/><G6/><T13/><D69/><U116/><E116/><V96/><F76/><W14/><G14/><T103/><D44/><U130/><E37/><N who="2" m="21871" /><F99/><W114/><G114/><T91/><D103/><U102/><E102/><V109/><F109/><W8/><G83/><T119/><D119/><U21/><E47/><V36/><F36/><W48/><G61/><T38/><D38/><U85/><E85/><V2/><F2/><W89/><G89/><T4/><D91/><U41/><E41/><V33/><F33/><W70/><G70/><T39/><D39/><U110/><E110/><V87/><F87/><W50/><G50/><T107/><D107/><U57/><E21/><V45/><F45/><W65/><G65/><T25/><REACH who="0" step="1"/><D34/><REACH who="0" ten="240,250,170,330" step="2"/><U71/><E71/><V10/><AGARI ba="0,1" hai="1,5,10,24,29,35,72,74,96,100,106" m="21871" machi="10" ten="30,7900,0" yaku="33,2,52,2" doraHai="104" who="2" fromWho="2" sc="240,-20,250,-39,170,89,330,-20" /><INIT seed="2,0,0,0,4,5" ten="220,211,259,310" oya="2" hai0="7,81,46,52,115,35,20,28,135,125,59,48,69" hai1="78,11,41,109,21,133,89,49,83,100,1,130,90" hai2="82,112,88,60,30,77,86,6,57,42,63,134,92" hai3="22,127,122,110,132,12,29,33,128,103,97,72,71"/><V66/><F112/><W17/><G122/><T32/><D125/><U124/><E124/><V9/><F134/><W4/><G127/><T16/><D135/><U43/><E133/><V10/><F30/><W39/><G132/><T85/><D115/><U44/><E130/><V123/><F123/><W120/><G120/><T114/><D114/><U96/><E109/><V75/><F6/><W24/><G39/><T36/><D69/><U84/><E43/><V23/><F23/><W64/><G72/><T50/><D36/><U119/><E119/><V38/><REACH who="2" step="1"/><F60/><REACH who="2" ten="220,211,249,310" step="2"/><W93/><G128/><T73/><D7/><U126/><E126/><V113/><F113/><W74/><G110/><T58/><D28/><U65/><E21/><V76/><F76/><W95/><G4/><T55/><D32/><U117/><E117/><V79/><F79/><W91/><G74/><T61/><D35/><U106/><E1/><V27/><F27/><W98/><G33/><T87/><D73/><U47/><E11/><V37/><F37/><W70/><G29/><T104/><D61/><U118/><E118/><V131/><F131/><W68/><G24/><T2/><D48/><U121/><E121/><V129/><F129/><W116/><G116/><T107/><D2/><U34/><E34/><V19/><F19/><W3/><G3/><T31/><D31/><U26/><E26/><V102/><F102/><W18/><G18/><T99/><D20/><U111/><E100/><V108/><F108/><W45/><G64/><T101/><D16/><U0/><E65/><V25/><F25/><W94/><G103/><RYUUKYOKU ba="0,1" sc="220,-10,211,-10,249,30,310,-10" hai2="9,10,38,42,57,63,66,75,77,82,86,88,92" /><INIT seed="2,1,1,5,5,15" ten="210,201,279,300" oya="2" hai0="62,43,11,58,63,17,124,6,93,3,25,116,132" hai1="119,107,12,37,1,20,52,84,34,109,122,79,94" hai2="13,89,130,81,134,74,42,55,30,88,9,66,120" hai3="103,50,56,68,105,131,82,27,8,113,44,76,32"/><V54/><F120/><W117/><G68/><T86/><D132/><U4/><E107/><V49/><F134/><W135/><G117/><T77/><D124/><U127/><E37/><V85/><F130/><W10/><G135/><T45/><D116/><U40/><E40/><V41/><F74/><W23/><G32/><T125/><D125/><U67/><E127/><V95/><F66/><W98/><G131/><T21/><D58/><U70/><E119/><V65/><F30/><W51/><G56/><T111/><D111/><U31/><E122/><V108/><F65/><W114/><G51/><T35/><D35/><U29/><E67/><V123/><F123/><W96/><G96/><T80/><REACH who="0" step="1"/><D93/><REACH who="0" ten="200,201,279,300" step="2"/><U33/><E70/><V19/><F108/><W38/><G114/><T118/><D118/><U102/><E109/><V7/><F7/><W36/><G113/><T72/><D72/><U16/><E33/><V106/><F106/><W60/><G60/><T129/><D129/><U18/><E34/><V121/><F121/><W133/><G133/><T48/><AGARI ba="1,2" hai="3,6,11,17,21,25,43,45,48,62,63,77,80,86" machi="48" ten="20,8000,1" yaku="1,1,0,1,7,1,52,1,53,1" doraHai="15" doraHaiUra="46" who="0" fromWho="0" sc="200,103,201,-21,279,-41,300,-21" /><INIT seed="3,0,0,3,0,3" ten="303,180,238,279" oya="3" hai0="73,111,95,102,103,25,18,79,1,31,89,85,70" hai1="12,109,22,125,11,36,40,113,48,43,62,14,67" hai2="110,21,78,118,98,74,91,135,39,97,99,129,52" hai3="32,119,42,55,16,53,7,80,69,134,127,116,84"/><W92/><G32/><T75/><D1/><U34/><E34/><V64/><F118/><W26/><G69/><T46/><D70/><U96/><E113/><V133/><F129/><W65/><G65/><T122/><D122/><U115/><E109/><V60/><F39/><W27/><G134/><T29/><D111/><U51/><E115/><V68/><F110/><W20/><G42/><T49/><D75/><U5/><E125/><V123/><F123/><W10/><G127/><T121/><D121/><U15/><E36/><V86/><F78/><W17/><G92/><T9/><D79/><U77/><E77/><V37/><F74/><W108/><G108/><T45/><D73/><U24/><E96/><V105/><F37/><W83/><G83/><T87/><D87/><U66/><E43/><V114/><F105/><W106/><G106/><T132/><D132/><N who="2" m="50762" /><F114/><W8/><G119/><T13/><D25/><U54/><E40/><V82/><F21/><N who="3" m="13607" /><G116/><T57/><D57/><U38/><E38/><V59/><F68/><W28/><G10/><T90/><D103/><U47/><E51/><V33/><F33/><W112/><G112/><T128/><D102/><U124/><E124/><V35/><F35/><W63/><G63/><T93/><D49/><U0/><REACH who="1" step="1"/><E62/><REACH who="1" ten="303,170,238,279" step="2"/><V19/><F19/><AGARI ba="0,1" hai="0,5,11,12,14,15,19,22,24,47,48,54,66,67" machi="19" ten="40,8000,1" yaku="1,1,2,1,52,1,53,2" doraHai="3" doraHaiUra="61" who="1" fromWho="2" sc="303,0,170,90,238,-80,279,0" owari="303,40.0,260,-14.0,158,-34.0,279,8.0" /></mjloggm>