<mjloggm ver="2.3"><GO type="97" lobby="0"/><UN n0="%E3%82%A6%E3%83%AB%E3%83%88%E3%83%A9%E7%AB%8B%E7%9B%B4" n1="%37%32%45%34%33%41%36%42" n2="%70%61%77%61%66%75%72%75" n3="%E8%93%AE%E5%A6%82" dan="14,15,13,14" rate="1959.75,1986.72,1893.14,1963.68" sx="M,M,M,M"/><TAIKYOKU oya="0"/><INIT seed="0,0,0,0,2,33" ten="250,250,250,250" oya="0" hai0="117,126,41,64,106,102,121,68,29,9,134,8,135" hai1="128,19,101,110,37,47,11,111,52,79,7,24,63" hai2="75,125,116,34,90,99,74,87,81,107,94,109,27" hai3="56,30,23,122,132,43,53,78,36,129,28,124,21"/><T45/><D121/><U120/><E120/><V69/><F69/><W54/><G122/><T13/><D117/><U49/><E128/><V22/><F116/><W20/><G129/><T114/><D114/><U46/><E79/><V61/><F34/><W42/><G124/><T51/><D126/><U15/><E101/><V62/><F125/><W18/><G132/><N who="0" m="50731" /><D29/><N who="3" m="11369" /><G36/><T113/><D113/><U118/><E118/><V5/><F109/><N who="1" m="41481" /><E63/><V103/><F5/><W92/><G78/><T0/><D64/><U127/><E127/><V105/><F75/><W73/><G73/><T44/><D68/><U60/><E60/><V97/><F107/><W131/><G131/><T70/><D70/><U35/><E35/><V10/><F10/><W26/><G92/><T98/><D45/><N who="1" m="27695" /><E37/><V39/><F39/><W16/><G26/><T85/><D85/><U95/><E95/><V67/><F74/><W17/><G56/><T89/><D89/><U31/><E31/><V133/><F67/><W59/><G59/><T84/><D84/><U1/><E24/><V80/><F133/><W12/><G12/><T40/><D40/><AGARI ba="0,0" hai="16,17,18,20,21,23,40,42,43,53,54" m="11369" machi="40" ten="40,8000,1" yaku="28,2,8,1,54,1" doraHai="33" who="3" fromWho="0" sc="250,-80,250,0,250,0,250,80" /><INIT seed="1,0,0,4,3,14" ten="170,250,250,330" oya="1" hai0="123,16,69,92,133,57,27,7,126,128,117,124,45" hai1="80,11,63,1,44,81,104,110,89,4,101,29,118" hai2="93,65,2,73,54,26,66,106,40,22,94,88,103" hai3="85,71,75,84,48,102,13,24,130,72,95,77,55"/><U100/><E118/><V58/><F73/><W132/><G71/><T115/><D69/><U50/><E110/><V127/><F2/><W99/><G130/><T98/><D115/><U18/><E29/><V19/><F127/><N who="0" m="48682" /><D117/><U83/><E89/><V121/><F40/><W134/><G24/><T30/><D7/><U43/><E104/><V17/><F121/><W109/><G109/><T119/><D119/><U61/><REACH who="1" step="1"/><E18/><REACH who="1" ten="170,240,250,330" step="2"/><N who="2" m="12631" /><F106/><W120/><G120/><T105/><D105/><U129/><E129/><V113/><F113/><W9/><G134/><T68/><D133/><U51/><E51/><N who="2" m="31071" /><F103/><AGARI ba="0,1" hai="1,4,11,43,44,50,61,63,80,81,83,100,101,103" machi="103" ten="40,3900,0" yaku="1,1,53,1" doraHai="14" doraHaiUra="5" who="1" fromWho="2" sc="170,0,240,49,250,-39,330,0" /><INIT seed="1,1,0,1,2,2" ten="170,289,211,330" oya="1" hai0="75,16,28,74,133,15,95,117,26,134,124,99,59" hai1="53,97,40,78,61,79,88,119,41,67,44,5,122" hai2="49,114,77,84,76,103,104,127,60,25,89,55,13" hai3="48,24,112,57,102,85,120,47,107,125,27,45,38"/><U64/><E122/><V100/><F127/><W20/><G112/><T87/><D117/><U130/><E119/><V73/><F114/><W70/><G120/><T105/><D124/><U93/><E130/><V106/><F60/><W29/><G70/><T123/><D123/><U69/><E67/><V66/><F66/><W18/><G125/><T31/><D87/><U92/><E53/><V37/><F37/><W98/><G38/><T63/><D105/><U3/><E93/><V50/><F25/><W23/><G85/><T7/><D75/><U82/><E78/><V32/><F32/><W12/><G12/><T39/><D39/><U115/><E115/><V21/><F73/><W9/><G9/><N who="0" m="4543" /><D74/><U35/><E35/><V109/><F21/><W96/><G96/><T10/><D133/><U68/><E68/><V65/><F65/><W6/><G47/><T129/><D134/><U83/><E83/><V111/><F13/><W54/><G45/><T108/><D108/><U81/><E81/><V14/><F14/><W72/><G72/><T19/><D129/><U36/><E41/><V126/><F55/><W71/><G71/><T51/><D51/><U1/><E82/><V113/><F126/><W121/><G121/><T135/><D135/><U33/><E79/><V43/><F113/><W4/><AGARI ba="1,0" hai="4,6,18,20,23,24,27,29,48,54,57,98,102,107" machi="4" ten="30,4000,0" yaku="0,1,52,2" doraHai="2" who="3" fromWho="3" sc="170,-11,289,-21,211,-11,330,43" /><INIT seed="2,0,0,4,0,129" ten="159,268,200,373" oya="2" hai0="28,74,80,92,2,73,119,128,62,30,23,29,110" hai1="122,54,131,99,3,48,50,114,130,57,133,19,89" hai2="49,21,42,75,109,55,112,117,69,116,46,105,61" hai3="4,13,91,35,5,47,14,41,88,17,72,11,82"/><V15/><F75/><W107/><G35/><T83/><D119/><N who="2" m="45642" /><F105/><W115/><G107/><T64/><D128/><N who="1" m="49195" /><E3/><V56/><F15/><W31/><G31/><T26/><D110/><U6/><E6/><V18/><F18/><W124/><G124/><T65/><D2/><U25/><E114/><V106/><F21/><W32/><G32/><T16/><D92/><N who="1" m="56719" /><E122/><V7/><F7/><W100/><G100/><T113/><D113/><U12/><E25/><V10/><F10/><W76/><G115/><T38/><D38/><U8/><E48/><N who="2" m="26711" /><F106/><W45/><G45/><T53/><D53/><U24/><E24/><V9/><F112/><W68/><G68/><T84/><D65/><U103/><E103/><V94/><F9/><W36/><G5/><T118/><D118/><U70/><E70/><V86/><F86/><W51/><G36/><T125/><D125/><U96/><E96/><V132/><F94/><W134/><G134/><AGARI ba="0,0" hai="8,12,19,50,54,57,133,134" m="56719,49195" machi="134" ten="30,3900,0" yaku="19,1,52,2" doraHai="129" who="1" fromWho="3" sc="159,0,268,39,200,0,373,-39" /><INIT seed="3,0,0,0,0,46" ten="159,307,200,334" oya="3" hai0="37,15,60,108,129,113,0,19,133,106,49,73,85" hai1="86,28,6,118,42,51,76,126,112,132,23,27,120" hai2="53,110,74,61,92,70,11,29,17,95,93,63,111" hai3="96,94,50,81,47,59,121,71,18,14,102,69,119"/><W65/><G121/><T127/><D85/><U16/><E112/><V115/><F115/><W68/><G119/><T128/><D60/><U54/><E120/><V117/><F117/><W67/><G81/><T77/><D77/><U90/><E118/><V7/><F74/><W12/><G59/><T26/><D26/><U5/><E132/><V8/><F29/><W36/><G36/><T135/><D19/><U34/><E126/><V105/><F105/><W1/><G1/><T109/><D15/><U55/><E76/><V66/><F17/><W39/><G39/><T40/><D40/><U75/><E75/><V72/><F72/><W122/><G122/><T25/><D25/><U124/><E124/><V38/><F38/><W104/><G104/><T103/><D103/><U24/><E42/><V89/><F89/><W62/><G67/><T79/><D79/><U52/><REACH who="1" step="1"/><E51/><REACH who="1" ten="159,297,200,334" step="2"/><V31/><F31/><W98/><G98/><T100/><D100/><U2/><E2/><V87/><F87/><W48/><G48/><T130/><D127/><U134/><E134/><N who="0" m="51209" /><D37/><U21/><E21/><V101/><F101/><W33/><G33/><T116/><D106/><U45/><E45/><V58/><REACH who="2" step="1"/><F8/><REACH who="2" ten="159,297,190,334" step="2"/><W97/><G97/><T35/><D35/><U78/><E78/><V123/><F123/><W43/><G68/><T41/><D116/><U10/><E10/><V91/><F91/><W82/><G69/><T32/><D32/><U114/><E114/><V44/><F44/><W125/><G125/><T9/><D113/><U80/><AGARI ba="0,2" hai="5,6,16,23,24,27,28,34,52,54,55,80,86,90" machi="80" ten="30,12000,2" yaku="1,1,0,1,54,2,53,2" doraHai="46" doraHaiUra="20" who="1" fromWho="1" sc="159,-30,297,140,190,-30,334,-60" owari="129,-37.0,437,54.0,160,-24.0,274,7.0" /></mjloggm>