<mjloggm ver="2.3"><GO type="97" lobby="0"/><UN n0="%65%EF%BC%BE%63%5F%2C%EF%BC%BE%64" n1="%34%39%30%32%30%31%31" n2="%E5%B9%B3%E6%9C%AC%E4%BF%9D%E5%BF%97" n3="%E3%82%A6%E3%83%AB%E3%83%88%E3%83%A9%E7%AB%8B%E7%9B%B4" dan="14,14,13,14" rate="1894.32,1865.06,1902.29,1844.62" sx="M,M,M,M"/><TAIKYOKU oya="0"/><INIT seed="0,0,0,0,2,60" ten="250,250,250,250" oya="0" hai0="67,79,98,123,2,116,21,69,8,15,66,46,133" hai1="13,77,23,35,131,89,65,129,70,34,51,114,87" hai2="1,108,42,59,126,40,80,19,57,113,50,6,93" hai3="118,27,25,17,96,120,45,31,135,75,38,55,106"/><T122/><D116/><U11/><E114/><V64/><F113/><W86/><G118/><T29/><D2/><U58/><E77/><V82/><F126/><W107/><G75/><T33/><D33/><U52/><E23/><V124/><F108/><W130/><G17/><T28/><D133/><U44/><E58/><V14/><F1/><W5/><G5/><T83/><D69/><U48/><E48/><V90/><F6/><W103/><G107/><T0/><D0/><U101/><E101/><V94/><F124/><W99/><G99/><T104/><D104/><U22/><E22/><V110/><F110/><W78/><G31/><N who="0" m="11851" /><D123/><U36/><E36/><V16/><F50/><W18/><G18/><N who="0" m="8551" /><D122/><U134/><E134/><V37/><F37/><W112/><G112/><T4/><D4/><U92/><E70/><V84/><F84/><W115/><G115/><T10/><D10/><U63/><E35/><V7/><F7/><W24/><G135/><T26/><D98/><U47/><E34/><V91/><F14/><W49/><G120/><T62/><D46/><U76/><E44/><V68/><F68/><W43/><G130/><T117/><D62/><U56/><REACH who="1" step="1"/><E76/><REACH who="1" ten="250,240,250,250" step="2"/><V121/><REACH who="2" step="1"/><F121/><REACH who="2" ten="250,240,240,250" step="2"/><W119/><G119/><T85/><D117/><U95/><E95/><V20/><F20/><W125/><G125/><T105/><D105/><U72/><E72/><V132/><F132/><W53/><G38/><T71/><D71/><U128/><E128/><V12/><F12/><W127/><G127/><T97/><D97/><U81/><E81/><V100/><F100/><W111/><G111/><RYUUKYOKU ba="0,2" sc="250,0,240,0,240,0,250,0" hai0="21,26,66,67,79,83,85" hai1="11,13,47,51,52,56,63,65,87,89,92,129,131" hai2="16,19,40,42,57,59,64,80,82,90,91,93,94" hai3="24,25,27,43,45,49,53,55,78,86,96,103,106" /><INIT seed="0,1,2,2,2,46" ten="250,240,240,250" oya="0" hai0="113,60,20,103,77,73,66,65,105,24,109,123,91" hai1="45,4,70,58,107,52,3,11,80,122,17,54,67" hai2="110,12,89,121,31,132,86,2,125,51,59,118,120" hai3="18,82,38,74,37,19,72,23,81,10,64,92,56"/><T116/><D116/><U101/><E122/><V130/><F2/><W75/><G92/><T14/><D123/><U61/><E101/><V83/><F31/><W44/><G44/><T129/><D113/><U134/><E107/><V63/><F118/><W42/><G42/><T0/><D0/><U1/><E134/><V6/><F110/><W102/><G102/><T71/><D109/><U124/><E124/><V126/><F132/><W119/><G119/><T16/><D129/><U85/><E3/><V5/><F130/><W47/><G47/><T96/><D66/><U35/><E35/><V112/><F112/><W22/><G10/><T131/><D131/><U98/><E98/><V97/><F97/><W48/><G64/><T79/><D73/><U84/><E17/><V27/><F27/><W88/><G72/><T33/><REACH who="0" step="1"/><D91/><REACH who="0" ten="240,240,240,250" step="2"/><U29/><E67/><N who="2" m="39423" /><F120/><W111/><G111/><T76/><D76/><U128/><E128/><V94/><F121/><W57/><G88/><T62/><D62/><U28/><E70/><V99/><F125/><W55/><G75/><T49/><D49/><U7/><E1/><V135/><F135/><W106/><G74/><T93/><D93/><U32/><E80/><V8/><F126/><W117/><G117/><T43/><D43/><U100/><E61/><V34/><F34/><W53/><G106/><T21/><D21/><U90/><E32/><V114/><F114/><W15/><G48/><T87/><D87/><U39/><E85/><V40/><F40/><W104/><G104/><T78/><D78/><U50/><E84/><V133/><F51/><RYUUKYOKU ba="1,3" sc="240,15,240,-15,240,-15,250,15" hai0="14,16,20,24,33,60,65,71,77,79,96,103,105" hai3="15,18,19,22,23,37,38,53,55,56,57,81,82" /><INIT seed="0,2,3,4,1,57" ten="255,225,225,265" oya="0" hai0="119,84,73,128,64,131,71,127,90,39,34,3,22" hai1="86,116,89,28,51,8,97,15,35,100,118,63,50" hai2="6,5,13,32,20,40,107,76,16,108,114,48,0" hai3="2,75,10,21,14,30,31,94,96,61,122,67,59"/><T132/><RYUUKYOKU type="yao9" ba="2,3" sc="255,0,225,0,225,0,265,0" hai0="3,22,34,39,64,71,73,84,90,119,127,128,131,132" /><INIT seed="0,3,3,0,4,78" ten="255,225,225,265" oya="0" hai0="38,29,110,46,14,31,24,6,76,116,128,101,56" hai1="99,8,59,95,68,113,7,97,100,67,47,70,23" hai2="30,102,49,83,63,62,40,22,96,122,66,79,130" hai3="15,108,42,88,92,9,98,55,106,89,104,20,32"/><T44/><D116/><U27/><E113/><V52/><F122/><W75/><G32/><T115/><D115/><U64/><E47/><N who="0" m="17961" /><D38/><U125/><E125/><V33/><F33/><W114/><G114/><T107/><D107/><U54/><E68/><V5/><F130/><W74/><G108/><T84/><D128/><U120/><E70/><V71/><F40/><W103/><G42/><T18/><D110/><U77/><E120/><V133/><F5/><W126/><G20/><N who="0" m="13335" /><D101/><U0/><E97/><V69/><F133/><W10/><G15/><T73/><D73/><N who="3" m="27657" /><G10/><N who="0" m="4439" /><D56/><U28/><E77/><V94/><F71/><W90/><G9/><T26/><D26/><U80/><E67/><V3/><F66/><W50/><G55/><T81/><AGARI ba="3,3" hai="29,31,76,81,84" m="4439,13335,17961" machi="81" ten="30,3000,0" yaku="8,1,52,1" doraHai="78" who="0" fromWho="0" sc="255,69,225,-13,225,-13,265,-13" /><INIT seed="0,4,0,0,5,35" ten="324,212,212,252" oya="0" hai0="120,90,129,111,61,85,107,50,121,26,0,62,125" hai1="48,122,17,46,130,100,99,80,132,68,45,70,77" hai2="117,25,88,27,57,84,69,11,67,82,43,56,18" hai3="128,34,36,133,123,24,12,5,38,60,98,6,20"/><T23/><D107/><U102/><E122/><V93/><F117/><W8/><G123/><T89/><D121/><U33/><E33/><V10/><F69/><W40/><G34/><T71/><D120/><U22/><E132/><V63/><F43/><W32/><G32/><T75/><D75/><U31/><E31/><V28/><F25/><W54/><G133/><T9/><D125/><U94/><E102/><V16/><F57/><W104/><G128/><T87/><D129/><U79/><E130/><V81/><F28/><W86/><G40/><T14/><D0/><U13/><E77/><V47/><F47/><W58/><G86/><N who="0" m="32779" /><D71/><U49/><E46/><V131/><F131/><W83/><G83/><N who="2" m="31753" /><F27/><W112/><G112/><T106/><D50/><U42/><REACH who="1" step="1"/><E49/><REACH who="1" ten="324,202,212,252" step="2"/><V51/><F51/><W108/><G38/><T124/><D124/><U3/><E3/><V65/><F65/><W97/><G36/><T91/><D106/><U135/><E135/><V109/><F109/><W73/><G104/><T103/><D103/><U4/><E4/><V52/><F67/><W118/><G108/><T101/><D101/><U21/><E21/><V53/><F53/><W66/><G66/><T126/><D126/><U55/><E55/><V76/><F76/><W92/><G5/><N who="0" m="3375" /><D111/><U15/><E15/><V110/><F110/><W64/><G64/><T39/><D39/><U113/><E113/><V115/><F115/><W134/><G134/><T19/><AGARI ba="4,1" hai="19,23,26,61,62,89,90,91" m="3375,32779" machi="19" ten="30,1500,0" yaku="8,1" doraHai="35" who="0" fromWho="0" sc="324,37,202,-9,212,-9,252,-9" /><INIT seed="0,5,0,3,4,109" ten="361,193,203,243" oya="0" hai0="90,74,14,4,83,78,11,118,22,58,47,63,94" hai1="66,123,135,44,119,35,68,18,129,29,39,122,17" hai2="100,13,116,84,89,59,121,96,34,97,110,0,120" hai3="3,36,32,37,49,105,73,60,26,6,52,54,113"/><T98/><D118/><U99/><E119/><V87/><F34/><W104/><G73/><T132/><D132/><U126/><E126/><V41/><F0/><W2/><G6/><T50/><D22/><U51/><E135/><V108/><F116/><W10/><G49/><T9/><D9/><U76/><E39/><V57/><F41/><W95/><G60/><T72/><D72/><U79/><E129/><V130/><F13/><W19/><G95/><T125/><D125/><U1/><E1/><V77/><F130/><W103/><G103/><T24/><D24/><U124/><E124/><V5/><F5/><W69/><G69/><T115/><D47/><U45/><E29/><V93/><F57/><W16/><G26/><T71/><D71/><U80/><E35/><V31/><F31/><W107/><G107/><T40/><D40/><U101/><E68/><V81/><F59/><W112/><G32/><T106/><D106/><U102/><E66/><V48/><F48/><W55/><G55/><T86/><D50/><U25/><E51/><V75/><F96/><W30/><G30/><T38/><D38/><U128/><E25/><V23/><F23/><W43/><G43/><T133/><D133/><U28/><E128/><V42/><F42/><W131/><G131/><T88/><D74/><U53/><E28/><V70/><F70/><W111/><G111/><N who="2" m="42537" /><F84/><W12/><G12/><T65/><D98/><U46/><E99/><V62/><F62/><W27/><G27/><T82/><D63/><U33/><E33/><V91/><F91/><W127/><G127/><T8/><D90/><RYUUKYOKU ba="5,0" sc="361,-15,193,-15,203,15,243,15" hai2="75,77,81,87,89,93,97,100,120,121" hai3="2,3,10,16,19,36,37,52,54,104,105,112,113" /><INIT seed="1,6,0,5,1,42" ten="346,178,218,258" oya="1" hai0="132,49,112,115,111,56,84,59,82,36,17,24,108" hai1="53,96,101,125,75,48,104,69,122,40,57,43,28" hai2="123,70,11,87,135,32,39,20,119,44,120,15,54" hai3="91,95,50,79,68,67,26,81,21,88,45,103,116"/><U117/><E122/><V47/><F32/><W99/><G116/><T5/><D36/><U128/><E117/><V97/><F70/><W86/><G67/><T60/><D132/><U105/><E75/><V100/><F100/><W118/><G68/><T1/><D49/><U55/><E105/><V19/><F19/><W37/><G37/><T38/><D38/><U34/><E125/><V93/><F93/><W131/><G131/><T2/><D17/><U52/><E128/><V85/><F119/><W23/><G118/><T13/><D24/><U63/><E69/><V61/><F135/><W107/><G107/><T29/><D29/><U110/><E110/><N who="0" m="42025" /><D13/><U0/><E0/><N who="0" m="105" /><D5/><U89/><E89/><N who="3" m="34378" /><G26/><T113/><D60/><U74/><E74/><V65/><F39/><W72/><G72/><T58/><D84/><N who="2" m="32330" /><F123/><W9/><G9/><T134/><D134/><U77/><E77/><V4/><F120/><W7/><G7/><T10/><D10/><U98/><E98/><V90/><F20/><W73/><G73/><T22/><D22/><U124/><E124/><V16/><F4/><W114/><G114/><T78/><D78/><U129/><E129/><V127/><F127/><W83/><G83/><AGARI ba="6,0" hai="56,58,59,82,83,112,113,115" m="105,42025" machi="83" ten="50,6400,0" yaku="28,2,14,1" doraHai="42" who="0" fromWho="3" sc="346,82,178,0,218,0,258,-82" /><INIT seed="2,0,0,1,2,64" ten="428,178,218,176" oya="2" hai0="111,126,98,107,122,70,106,100,80,12,67,69,87" hai1="84,32,76,3,131,34,18,58,57,89,19,66,55" hai2="97,8,101,52,54,78,47,81,46,132,65,16,108" hai3="121,7,74,45,37,73,11,128,114,20,27,83,40"/><V22/><F132/><W28/><G121/><T85/><D122/><U113/><E3/><V110/><F65/><W77/><G128/><T94/><D126/><U43/><E131/><V38/><F8/><W133/><G133/><T109/><D12/><U115/><E76/><V15/><F38/><W68/><G114/><T50/><D50/><U112/><E43/><V61/><F61/><W24/><G24/><T17/><D17/><U79/><E66/><V30/><F30/><W123/><G123/><T26/><D26/><U2/><E79/><V36/><F36/><W71/><G74/><T116/><D116/><U9/><E2/><AGARI ba="0,0" hai="2,7,11,20,27,28,37,40,45,68,71,73,77,83" machi="2" ten="30,8000,1" yaku="7,1,25,2,52,2" doraHai="64" who="3" fromWho="1" sc="428,0,178,-80,218,0,176,80" /><INIT seed="3,0,0,2,2,60" ten="428,98,218,256" oya="3" hai0="103,13,125,116,48,128,114,88,3,9,113,63,37" hai1="120,121,89,20,108,81,117,51,30,87,22,107,19" hai2="18,7,110,134,69,62,94,129,109,35,127,135,133" hai3="68,92,14,42,90,126,77,57,26,56,12,1,8"/><W93/><G68/><T84/><D37/><U50/><E107/><V58/><F35/><W95/><G1/><T23/><D116/><U119/><E30/><V5/><F18/><W118/><G118/><N who="1" m="45066" /><E19/><V111/><F94/><W74/><G74/><T54/><D125/><U104/><E104/><V66/><F7/><W123/><G123/><N who="1" m="47178" /><E87/><V39/><F5/><W79/><G126/><T86/><D128/><U15/><E89/><V38/><F127/><W17/><G90/><T102/><D63/><U29/><E81/><V2/><F2/><W99/><G99/><T41/><D41/><U70/><E29/><V80/><F80/><W112/><G112/><N who="0" m="43115" /><D23/><U96/><E15/><V45/><F129/><W124/><G124/><T71/><D71/><U97/><E96/><V76/><F76/><N who="3" m="29259" /><G26/><T100/><D3/><U106/><E97/><V32/><F32/><W122/><G122/><T21/><D21/><U115/><E106/><V72/><F72/><W67/><G14/><T28/><D28/><U101/><E115/><V31/><F31/><W52/><G12/><T131/><D131/><U82/><E101/><V61/><F45/><W47/><G17/><N who="0" m="8367" /><D88/><U24/><E82/><V11/><REACH who="2" step="1"/><F11/><REACH who="2" ten="428,98,208,256" step="2"/><W132/><G8/><T36/><D103/><U130/><E130/><V85/><F85/><W75/><G95/><T55/><D102/><U33/><E33/><V40/><F40/><W49/><G93/><T65/><D100/><U59/><E20/><V105/><F105/><W27/><G92/><T83/><D86/><U10/><E22/><V25/><F25/><W98/><G75/><RYUUKYOKU ba="0,1" sc="428,-10,98,-10,208,30,256,-10" hai2="38,39,58,61,62,66,69,109,110,111,133,134,135" owari="428,52.0,88,-41.0,238,-16.0,246,5.0" /></mjloggm>