<mjloggm ver="2.3"><GO type="65" lobby="0"/><UN n0="%E5%B0%B1%E6%B4%BB%E7%94%9F%40%E5%B7%9D%E6%9D%91%E8%BB%8D%E5%9B%A3" n1="%6B%61%74%74%73%75%38%30" n2="%6D%61%65%6A%69%6D%6D%79" n3="%41%6B%69%73%61%66%75%6C" dan="6,10,6,10" rate="1687.52,1500.19,1727.19,1474.21" sx="M,M,M,M"/><TAIKYOKU oya="0"/><INIT seed="0,0,0,4,3,49" ten="250,250,250,250" oya="0" hai0="81,129,25,70,106,8,120,75,52,130,28,78,14" hai1="107,33,61,5,7,84,11,21,26,76,59,85,18" hai2="48,105,127,1,56,72,36,112,2,12,17,104,73" hai3="35,54,87,39,43,125,92,132,0,101,97,69,99"/><T10/><D120/><U42/><E107/><V126/><F112/><W71/><G0/><N who="2" m="105" /><F48/><W115/><G35/><T53/><D70/><U133/><E133/><V29/><F56/><W40/><G115/><T110/><D106/><N who="2" m="41066" /><F29/><W80/><G125/><N who="2" m="47625" /><F36/><W32/><G32/><T74/><D74/><U4/><E33/><V64/><F64/><W27/><G27/><T77/><D77/><U86/><E76/><V13/><F17/><W103/><G132/><T124/><D124/><U47/><E11/><V19/><F19/><W122/><G39/><T24/><D110/><U34/><E34/><V67/><F67/><W45/><G122/><T23/><D25/><U41/><REACH who="1" step="1"/><E47/><REACH who="1" ten="250,240,250,250" step="2"/><V51/><F51/><W57/><G45/><T6/><REACH who="0" step="1"/><D8/><REACH who="0" ten="240,240,250,250" step="2"/><U68/><E68/><V131/><F131/><AGARI ba="0,2" hai="6,10,14,23,24,28,52,53,75,78,81,129,130,131" machi="131" ten="40,18000,2" yaku="1,1,2,1,19,1,52,2,54,1,53,0" doraHai="49" doraHaiUra="102" who="0" fromWho="2" sc="240,200,240,0,250,-180,250,0" /><INIT seed="0,1,0,1,2,2" ten="440,240,70,250" oya="0" hai0="82,3,89,93,17,20,103,64,112,16,37,131,73" hai1="10,106,58,55,68,69,9,79,107,86,1,0,113" hai2="50,63,19,6,18,92,94,60,31,84,90,134,51" hai3="21,123,110,78,85,71,120,23,97,124,29,66,135"/><T125/><D3/><U15/><E113/><V54/><F134/><W132/><G97/><T25/><D112/><U47/><E47/><V36/><F36/><W80/><G71/><T61/><D37/><U88/><E79/><V12/><F31/><W126/><G66/><T99/><D131/><U114/><E114/><V56/><F51/><W70/><G70/><T96/><D125/><N who="3" m="48233" /><G78/><T39/><D39/><U43/><E43/><V74/><F74/><W62/><G62/><T28/><D73/><U102/><E1/><V53/><F94/><W8/><G80/><T35/><D35/><U91/><E0/><V122/><F122/><N who="3" m="46635" /><G85/><T57/><REACH who="0" step="1"/><D82/><REACH who="0" ten="430,240,70,250" step="2"/><U59/><E68/><V105/><F105/><AGARI ba="1,1" hai="16,17,20,25,28,57,61,64,89,93,96,99,103,105" machi="105" ten="30,11600,0" yaku="1,1,2,1,7,1,54,1,53,0" doraHai="2" doraHaiUra="83" who="0" fromWho="2" sc="430,129,240,0,70,-119,250,0" owari="559,66.0,240,-16.0,-49,-55.0,250,5.0" /></mjloggm>