<mjloggm ver="2.3"><GO type="97" lobby="0"/><UN n0="%E3%83%8B%E3%83%A3%E3%83%BC%E5%8A%A9" n1="%E4%B8%80%E5%AF%B8%E5%85%89%E9%99%B0%E4%B8%8D%E5%8F%AF%E8%BB%BD" n2="%E3%82%A6%E3%83%AB%E3%83%88%E3%83%A9%E7%AB%8B%E7%9B%B4" n3="%28%2A%EF%BD%80%E3%83%BB%CF%89%E3%83%BB%C2%B4%29" dan="15,13,14,14" rate="1999.05,1864.93,1921.00,1930.11" sx="M,M,M,M"/><TAIKYOKU oya="0"/><INIT seed="0,0,0,0,1,32" ten="250,250,250,250" oya="0" hai0="123,134,80,11,34,69,62,45,117,67,110,10,17" hai1="6,90,111,47,30,99,128,38,88,68,16,126,21" hai2="116,129,50,92,71,78,94,120,83,86,107,65,97" hai3="105,49,35,14,100,108,18,76,29,93,60,75,133"/><T9/><D123/><U91/><E111/><V39/><F39/><W61/><G108/><T57/><D117/><U58/><E126/><V7/><F65/><W118/><G133/><T15/><D110/><U103/><E68/><V73/><F71/><W27/><G118/><T124/><D134/><U113/><E113/><V87/><F50/><W42/><G42/><T125/><D34/><U20/><E128/><V82/><F7/><W85/><G105/><T2/><D45/><U24/><E58/><V95/><F120/><W109/><G109/><T46/><D80/><U131/><E131/><V33/><F33/><W96/><G49/><T44/><D69/><U64/><E64/><V132/><F132/><W31/><G31/><T25/><D25/><U12/><E6/><V41/><F41/><W22/><G75/><T5/><D46/><U119/><E119/><V26/><F26/><W89/><REACH who="3" step="1"/><G76/><REACH who="3" ten="250,250,250,240" step="2"/><T28/><D28/><U56/><E47/><V36/><F116/><W98/><G98/><T122/><D122/><U84/><E38/><V114/><F36/><W52/><G52/><T106/><D106/><U1/><E56/><V79/><F114/><W102/><G102/><T72/><D72/><U55/><E55/><V13/><F129/><W40/><G40/><T59/><D44/><U43/><E43/><V4/><F73/><W130/><G130/><T121/><D121/><U115/><E115/><V51/><F51/><W135/><G135/><T127/><D59/><U101/><E101/><N who="2" m="60607" /><F107/><W112/><G112/><T54/><D54/><U66/><E30/><V104/><F104/><RYUUKYOKU ba="0,1" sc="250,10,250,-30,250,10,240,10" hai0="2,5,9,10,11,15,17,57,62,67,124,125,127" hai2="4,13,78,79,82,83,86,87,92,94" hai3="14,18,22,27,29,35,60,61,85,89,93,96,100" /><INIT seed="0,1,1,1,2,7" ten="260,220,260,250" oya="0" hai0="45,118,19,135,6,13,55,115,102,28,17,11,36" hai1="31,87,96,21,63,110,40,35,53,82,112,72,105" hai2="22,128,121,49,69,20,108,98,88,30,43,91,12" hai3="67,94,120,109,117,101,10,93,74,59,75,42,132"/><T114/><D118/><U23/><E110/><V92/><F69/><W111/><G109/><T52/><D135/><U83/><E112/><V14/><F121/><W126/><G111/><T71/><D71/><U37/><E37/><V81/><F128/><W103/><G132/><T85/><D102/><U125/><E40/><V129/><F129/><W39/><G117/><T3/><D28/><U41/><E41/><V113/><F113/><W77/><G126/><T48/><D36/><U116/><E116/><V68/><F68/><W84/><G120/><T79/><D19/><U97/><E72/><V8/><F108/><W78/><G42/><T95/><D55/><U107/><E125/><V62/><F62/><W56/><G39/><T25/><D25/><U16/><E63/><V29/><F14/><W76/><G84/><T38/><D38/><U54/><E87/><N who="2" m="50287" /><F29/><W24/><G24/><T5/><D5/><U64/><E31/><V34/><F34/><W26/><G26/><T61/><D61/><U58/><E35/><V123/><F30/><W50/><G76/><T60/><D60/><U100/><E100/><V131/><F131/><W2/><G2/><T15/><D3/><U57/><REACH who="1" step="1"/><E64/><REACH who="1" ten="260,210,260,250" step="2"/><V122/><F123/><W46/><G67/><T90/><REACH who="0" step="1"/><D79/><REACH who="0" ten="250,210,260,250" step="2"/><U66/><E66/><V106/><F122/><W27/><G77/><T89/><D89/><U44/><E44/><N who="2" m="25759" /><F106/><W99/><G78/><T124/><D124/><U65/><E65/><V4/><AGARI ba="1,3" hai="4,8,12,20,22,91,92,98" m="25759,50287" machi="4" ten="30,4000,0" yaku="8,1,52,1,54,1" doraHai="7" who="2" fromWho="2" sc="250,-21,210,-11,260,73,250,-11" /><INIT seed="1,0,0,2,1,33" ten="229,199,333,239" oya="1" hai0="72,109,79,22,127,10,12,89,112,113,97,7,53" hai1="106,103,21,26,45,92,16,94,99,8,134,95,120" hai2="114,91,50,40,86,130,73,20,68,126,121,75,125" hai3="122,107,32,108,61,23,38,98,110,96,78,54,55"/><U131/><E134/><V1/><F68/><W48/><G122/><T43/><D127/><N who="2" m="48650" /><F1/><W82/><G38/><T24/><D109/><N who="3" m="42089" /><G32/><T111/><D111/><U11/><E120/><V135/><F121/><W41/><G41/><T115/><D43/><U80/><E131/><V71/><F71/><W84/><G107/><T27/><D72/><U105/><E105/><V124/><F124/><W56/><G23/><T52/><D79/><U31/><E45/><AGARI ba="0,0" hai="45,48,54,55,56,61,78,82,84,96,98" m="42089" machi="45" ten="30,1000,0" yaku="14,1" doraHai="33" who="3" fromWho="1" sc="229,0,199,-10,333,0,239,10" /><INIT seed="2,0,0,0,5,116" ten="229,189,333,249" oya="2" hai0="42,31,128,46,69,79,103,51,27,122,34,4,94" hai1="67,20,39,102,11,124,44,59,19,93,15,28,125" hai2="73,68,76,25,77,114,88,52,92,135,49,54,62" hai3="29,26,112,58,7,133,106,127,87,109,5,61,37"/><V121/><F121/><W78/><G109/><T74/><D128/><U41/><E28/><V83/><F114/><W132/><G106/><T64/><D4/><U57/><E20/><V53/><F135/><N who="3" m="51787" /><G37/><T18/><D18/><U71/><E71/><V60/><F68/><W104/><G104/><T75/><D122/><U9/><E9/><V90/><F25/><W1/><G1/><T12/><D12/><U56/><E67/><V131/><F131/><W6/><G127/><N who="1" m="48714" /><E93/><V70/><F70/><W40/><G40/><T107/><D94/><U66/><E66/><V91/><F49/><W72/><G72/><T14/><D14/><U105/><E105/><V115/><F92/><W95/><G95/><T120/><D79/><N who="2" m="30282" /><F73/><W2/><G78/><T43/><D43/><U13/><E13/><V3/><F3/><W85/><G2/><T17/><D17/><U48/><E39/><V8/><F115/><W63/><G63/><N who="2" m="24105" /><F8/><W134/><N who="3" m="51795" /><W84/><DORA hai="98" /><G112/><T100/><D120/><U118/><E118/><V0/><F0/><W80/><G80/><AGARI ba="0,0" hai="52,53,54,80,83,88,90,91" m="24105,30282" machi="80" ten="40,12000,1" yaku="28,2,8,1,54,2" doraHai="116,98" who="2" fromWho="3" sc="229,0,189,0,333,120,249,-120" /><INIT seed="2,1,0,2,1,7" ten="229,189,453,129" oya="2" hai0="84,81,22,97,118,121,75,12,25,50,28,125,4" hai1="103,79,68,106,122,129,101,31,11,60,109,41,21" hai2="113,73,111,117,33,76,130,42,24,3,85,83,39" hai3="116,86,2,38,124,17,98,131,9,107,74,114,72"/><V36/><F117/><W8/><G116/><T62/><D121/><U90/><E109/><V87/><F113/><W120/><G124/><T18/><D118/><U54/><E11/><N who="3" m="4170" /><G38/><T66/><D75/><U5/><E54/><V19/><F39/><W134/><G120/><T96/><D125/><U58/><E90/><V100/><F100/><W89/><G2/><T35/><D50/><U51/><E58/><V102/><F102/><W29/><G29/><T49/><D4/><U93/><E60/><V6/><F111/><W128/><G114/><T115/><D49/><U48/><E51/><V82/><F19/><W91/><G17/><T99/><D115/><U23/><E31/><V20/><F20/><W61/><G61/><T78/><REACH who="0" step="1"/><D99/><REACH who="0" ten="219,189,453,129" step="2"/><U10/><E48/><V135/><F73/><N who="3" m="28267" /><G134/><T105/><D105/><U34/><E106/><V45/><F135/><W112/><G112/><T46/><D46/><U133/><E122/><V47/><F47/><W56/><G56/><AGARI ba="1,1" hai="12,18,22,25,28,35,56,62,66,78,81,84,96,97" machi="56" ten="30,3900,0" yaku="1,1,7,1,53,1" doraHai="7" doraHaiUra="15" who="0" fromWho="3" sc="219,52,189,0,453,0,129,-42" /><INIT seed="3,0,0,4,5,124" ten="271,189,453,87" oya="3" hai0="1,53,32,16,91,92,102,78,116,46,111,106,82" hai1="8,83,20,109,130,3,24,5,89,29,93,127,28" hai2="39,76,36,107,77,126,61,104,96,2,40,113,50" hai3="27,94,90,34,31,114,112,52,30,81,85,37,60"/><W18/><G37/><T58/><D32/><U13/><E127/><V56/><F2/><W68/><G31/><T88/><D1/><U6/><E109/><V67/><F113/><W47/><G68/><T14/><D116/><U22/><E83/><V110/><F110/><W99/><G18/><T98/><D111/><U75/><E75/><V115/><F115/><W95/><G95/><T66/><D66/><U134/><E134/><V121/><F121/><W125/><G125/><T11/><D46/><U21/><E93/><V108/><F108/><W70/><G70/><T120/><D120/><U133/><E89/><V71/><F39/><W35/><G35/><T97/><D91/><U10/><E133/><V57/><F57/><W74/><G74/><T19/><D19/><U87/><E87/><V15/><F15/><W84/><G84/><T86/><D58/><U103/><E103/><V4/><F4/><W48/><REACH who="3" step="1"/><G60/><REACH who="3" ten="271,189,453,77" step="2"/><T33/><D33/><N who="1" m="20615" /><E29/><V100/><F126/><W119/><G119/><T49/><D106/><U62/><E62/><V54/><F107/><W123/><G123/><T105/><D105/><U23/><E23/><V101/><F101/><AGARI ba="0,1" hai="27,30,34,47,48,52,81,85,90,94,99,101,112,114" machi="101" ten="30,11600,0" yaku="1,1,7,1,54,1,53,1" doraHai="124" doraHaiUra="51" who="3" fromWho="2" sc="271,0,189,0,453,-116,77,126" /><INIT seed="3,1,0,5,1,131" ten="271,189,337,203" oya="3" hai0="17,11,100,130,4,108,106,120,20,62,34,132,37" hai1="110,45,53,14,127,117,98,38,58,93,44,78,54" hai2="125,70,102,19,97,114,56,51,119,122,107,121,129" hai3="82,123,94,2,46,55,42,113,64,12,84,22,67"/><W90/><G113/><T26/><D62/><U23/><E127/><V116/><F70/><W59/><G123/><N who="2" m="47113" /><F129/><W85/><G2/><N who="0" m="407" /><D37/><U13/><E110/><V0/><F0/><W105/><G105/><T3/><D120/><U10/><E78/><V126/><F19/><W68/><G68/><T112/><D100/><N who="1" m="60495" /><E117/><N who="2" m="45131" /><F114/><W103/><G103/><T9/><D106/><U99/><E38/><V35/><F35/><W83/><G12/><N who="0" m="9255" /><D112/><U111/><E111/><V80/><F80/><W43/><G22/><T79/><D79/><U124/><E124/><V6/><F6/><W48/><G42/><T49/><D49/><U92/><E14/><V133/><F133/><W24/><G24/><T81/><D81/><U41/><E23/><V69/><F69/><W30/><G30/><N who="0" m="19799" /><D130/><U128/><E128/><V104/><F104/><W118/><G118/><T1/><D108/><U29/><E29/><V25/><F25/><W16/><G84/><T60/><D60/><N who="1" m="35919" /><E41/><V36/><F36/><W5/><G82/><T15/><D132/><U28/><E28/><V74/><F74/><W57/><G83/><T72/><D72/><U73/><E73/><V75/><F75/><W65/><G59/><T76/><D76/><U135/><E135/><V50/><F56/><W134/><G134/><T101/><D101/><N who="1" m="60647" /><E54/><V63/><F63/><N who="3" m="36287" /><G5/><AGARI ba="1,0" hai="1,3,5,9,15" m="19799,9255,407" machi="5" ten="30,12000,2" yaku="24,1,35,5" doraHai="131" who="0" fromWho="3" sc="271,123,189,0,337,0,203,-123" /><AGARI ba="1,0" hai="5,10,13,44,45" m="60647,35919,60495" machi="5" ten="30,1000,0" yaku="8,1" doraHai="131" who="1" fromWho="3" sc="394,0,189,10,337,0,80,-10" owari="394,49.0,199,-20.0,337,14.0,70,-43.0" /></mjloggm>