<mjloggm ver="2.3"><GO type="97" lobby="0"/><UN n0="%6F%72%74%68%6F%70%65%64" n1="%64%61%70%61%6E%67%7A%69" n2="%E3%82%A2%E3%82%B3%E3%83%A0%E3%81%AE%E6%81%AF%E5%AD%90" n3="%E3%82%A6%E3%83%AB%E3%83%88%E3%83%A9%E7%AB%8B%E7%9B%B4" dan="14,13,14,14" rate="1944.23,1895.59,1952.25,1948.47" sx="M,M,M,M"/><TAIKYOKU oya="0"/><INIT seed="0,0,0,2,2,91" ten="250,250,250,250" oya="0" hai0="40,12,98,101,127,26,39,48,57,76,96,94,132" hai1="80,63,24,66,93,112,106,81,123,68,46,130,14" hai2="104,9,100,59,51,70,124,52,73,116,97,110,7" hai3="21,121,115,108,129,67,99,69,38,102,103,45,1"/><T5/><D127/><U17/><E106/><V31/><F110/><W133/><G99/><T4/><D132/><U35/><E123/><V90/><F124/><W122/><G102/><T13/><D39/><U126/><E130/><V19/><F70/><W117/><G21/><T8/><D76/><U95/><E112/><V30/><F116/><W113/><G67/><T16/><D26/><U119/><E126/><V15/><F73/><W27/><G45/><N who="0" m="25639" /><D98/><U54/><E119/><V77/><F77/><W11/><G103/><T128/><D128/><U43/><E54/><V34/><F34/><W74/><G11/><N who="0" m="6175" /><D57/><U79/><E35/><V72/><F72/><W0/><G27/><T120/><D120/><U87/><E81/><V89/><REACH who="2" step="1"/><F19/><AGARI ba="0,0" hai="4,5,8,13,19,94,96,101" m="6175,25639" machi="19" ten="30,5800,0" yaku="8,1,52,1,54,1" doraHai="91" who="0" fromWho="2" sc="250,58,250,0,250,-58,250,0" /><INIT seed="0,1,0,0,3,92" ten="308,250,192,250" oya="0" hai0="74,10,15,40,101,4,73,106,31,34,28,99,89" hai1="65,91,107,67,69,19,43,97,35,51,23,26,9" hai2="47,94,59,52,79,27,18,116,128,84,86,114,71" hai3="48,122,53,44,13,133,113,38,50,62,120,108,12"/><T83/><D40/><U49/><E35/><V130/><F114/><W57/><G13/><T32/><D32/><U70/><E70/><V77/><F71/><W129/><G12/><T45/><D45/><U126/><E126/><V60/><F116/><W121/><G113/><T37/><D37/><U78/><E78/><V41/><F84/><W33/><G33/><T96/><D34/><U56/><E69/><V134/><F134/><W87/><G87/><T7/><D7/><U111/><E111/><V109/><F109/><W80/><G80/><T76/><REACH who="0" step="1"/><D73/><REACH who="0" ten="298,250,192,250" step="2"/><U124/><E124/><V102/><F47/><W1/><G108/><T131/><D131/><U46/><E107/><V127/><F41/><N who="3" m="22583" /><G1/><T110/><D110/><U66/><E9/><V82/><F127/><W42/><G129/><T29/><D29/><U75/><E75/><V72/><F72/><W36/><G133/><T24/><D24/><U30/><E30/><V98/><F128/><W68/><G68/><T123/><D123/><U132/><E132/><V25/><F130/><W14/><G14/><T22/><D22/><U88/><E56/><V104/><F27/><W81/><G36/><T117/><D117/><U55/><E43/><V2/><F2/><W11/><G42/><T58/><D58/><U119/><E119/><V85/><F25/><W16/><G11/><T118/><D118/><U17/><E26/><V20/><F20/><W8/><G8/><T135/><D135/><U93/><E23/><V3/><F3/><W125/><G125/><T54/><D54/><U64/><N who="1" m="16896" /><DORA hai="112" /><U5/><E55/><RYUUKYOKU ba="1,1" sc="298,30,250,-10,192,-10,250,-10" hai0="4,10,15,28,31,74,76,83,89,96,99,101,106" /><INIT seed="0,2,1,5,3,11" ten="328,240,182,240" oya="0" hai0="96,124,110,18,20,22,115,95,54,21,86,55,26" hai1="90,133,103,79,81,4,28,63,108,47,118,132,126" hai2="2,50,68,107,121,7,44,120,122,43,65,74,24" hai3="113,104,78,9,49,83,102,130,33,56,40,45,112"/><T25/><D115/><U111/><E118/><V87/><F74/><W100/><G33/><T128/><D124/><U39/><E28/><V75/><F75/><W1/><G130/><T3/><D128/><U71/><E126/><V76/><F107/><W17/><G104/><T66/><D3/><U30/><E30/><V29/><F65/><W41/><G1/><T129/><D129/><U38/><E90/><V61/><F61/><W57/><G112/><T72/><D72/><U6/><E103/><V88/><F76/><W82/><G113/><T52/><D110/><N who="1" m="42027" /><E4/><V91/><F68/><W119/><G119/><T117/><D117/><U13/><E81/><N who="3" m="30730" /><G78/><T14/><D66/><N who="1" m="41439" /><E79/><V35/><F7/><W123/><G123/><T85/><D26/><U27/><E27/><V116/><F2/><W46/><G100/><N who="0" m="60447" /><D22/><U48/><E13/><V67/><F116/><W92/><G92/><T37/><D37/><N who="1" m="13835" /><E6/><V8/><F122/><W10/><G102/><T98/><D98/><U97/><E97/><V127/><F127/><W34/><G34/><T73/><D73/><U51/><E51/><V99/><F121/><W131/><G131/><T94/><D94/><U36/><N who="1" m="13843" /><U69/><DORA hai="60" /><E69/><V58/><F99/><W109/><G109/><T84/><D84/><U59/><E59/><N who="3" m="22602" /><G17/><AGARI ba="2,1" hai="14,17,18,20,21,25,52,54,55,85,86" m="60447" machi="17" ten="30,5800,0" yaku="8,1,52,1,54,1" doraHai="11,60" who="0" fromWho="3" sc="328,74,240,0,182,0,240,-64" /><INIT seed="0,3,0,5,2,81" ten="402,240,182,176" oya="0" hai0="24,100,80,61,2,22,23,116,132,28,16,53,38" hai1="96,64,105,68,134,120,94,115,4,128,40,66,106" hai2="9,83,70,93,122,110,91,78,26,109,82,97,79" hai3="119,65,124,113,30,27,129,127,108,49,72,118,41"/><T125/><D132/><U42/><E120/><V60/><F9/><W67/><G72/><T76/><D125/><N who="3" m="48201" /><G27/><T92/><D38/><U43/><E134/><V55/><F26/><W52/><G30/><T36/><D36/><U114/><E4/><V135/><F135/><W133/><G133/><T95/><D2/><U54/><E54/><V50/><F122/><W51/><G113/><N who="1" m="43018" /><E128/><V86/><F60/><W0/><G0/><T35/><D35/><U102/><E68/><V56/><REACH who="2" step="1"/><F70/><REACH who="2" ten="402,240,172,176" step="2"/><W103/><G103/><T47/><D100/><U84/><E105/><V59/><F59/><N who="3" m="33167" /><G129/><T73/><D61/><U57/><E106/><V111/><F111/><W107/><G107/><T20/><D24/><U17/><E102/><V87/><AGARI ba="3,1" hai="50,55,56,78,79,82,83,86,87,91,93,97,109,110" machi="87" ten="30,12000,2" yaku="1,1,0,1,9,1,52,2,53,1" doraHai="81" doraHaiUra="45" who="2" fromWho="2" sc="402,-63,240,-33,172,139,176,-33" /><INIT seed="1,0,0,5,4,12" ten="339,207,311,143" oya="1" hai0="123,39,102,131,14,61,75,101,80,99,89,20,52" hai1="107,104,72,88,100,120,53,2,57,3,82,26,25" hai2="33,30,28,18,0,17,43,125,24,77,95,37,129" hai3="6,106,40,111,41,79,74,54,13,11,91,116,10"/><U5/><E120/><V84/><F0/><W86/><G106/><T122/><D39/><U50/><E72/><V127/><F129/><W70/><G111/><T23/><D131/><U118/><E118/><V115/><F115/><W119/><G70/><T67/><D75/><U27/><E5/><V97/><F30/><W132/><G132/><T65/><D80/><U93/><E82/><N who="2" m="47183" /><F43/><W56/><G79/><T31/><D31/><U78/><E78/><V34/><F34/><W133/><G74/><T1/><D1/><U49/><E107/><V55/><F55/><W19/><G133/><T68/><D14/><U130/><E130/><V22/><F33/><W62/><G116/><T21/><D89/><U35/><E35/><V134/><F37/><W85/><G119/><T117/><D117/><U76/><E76/><V90/><F134/><W87/><REACH who="3" step="1"/><G91/><REACH who="3" ten="339,207,311,133" step="2"/><T126/><D68/><U71/><E71/><V64/><F64/><W98/><G98/><T94/><D65/><U69/><E69/><V114/><F114/><W121/><G121/><T113/><D113/><U92/><E104/><V7/><F97/><W38/><G38/><T83/><D123/><U105/><E105/><V51/><F90/><W135/><G135/><T9/><D122/><U109/><E109/><V73/><F73/><W66/><G66/><T58/><D67/><U44/><E100/><V46/><F127/><W59/><G59/><T48/><D126/><U103/><E103/><V15/><F125/><W42/><G42/><T96/><D102/><U29/><E88/><V36/><F36/><W112/><G112/><RYUUKYOKU ba="0,1" sc="339,-10,207,-10,311,-10,133,30" hai3="6,10,11,13,19,40,41,54,56,62,85,86,87" /><INIT seed="2,1,1,2,1,52" ten="329,197,301,163" oya="2" hai0="28,43,5,24,79,22,98,133,12,67,55,4,72" hai1="88,120,70,71,122,103,73,131,36,33,95,74,99" hai2="11,17,30,15,51,46,90,25,129,75,116,89,82" hai3="119,40,18,49,68,102,1,56,87,0,132,65,44"/><V86/><F116/><W107/><G119/><T57/><D72/><U101/><E36/><V20/><F75/><W93/><G132/><T123/><D133/><U47/><E33/><V84/><F129/><W6/><G6/><T81/><D123/><U117/><E117/><V69/><F69/><W9/><G107/><T3/><D3/><U61/><E131/><V94/><F51/><W104/><G104/><T109/><D43/><U63/><E47/><AGARI ba="1,1" hai="11,15,17,20,25,30,46,47,82,84,86,89,90,94" machi="47" ten="40,2000,0" yaku="8,1" doraHai="52" who="2" fromWho="1" sc="329,0,197,-23,301,33,163,0" /><INIT seed="2,2,0,1,4,118" ten="329,174,334,163" oya="2" hai0="67,37,100,81,122,82,112,53,66,17,50,40,126" hai1="54,19,107,61,25,109,113,2,14,129,108,130,0" hai2="110,97,131,68,90,29,135,117,102,99,47,89,86" hai3="51,119,43,41,104,72,64,95,91,121,92,88,114"/><V52/><F117/><W96/><G119/><T71/><D112/><U46/><E107/><V24/><F68/><W77/><G114/><T70/><D100/><U58/><E113/><V3/><F3/><W59/><G104/><T10/><D10/><U23/><E46/><V22/><F135/><W38/><G38/><T125/><D17/><U62/><E62/><V34/><F34/><W42/><G121/><T128/><D122/><U79/><E79/><V31/><F131/><W83/><G64/><N who="0" m="24619" /><D128/><N who="1" m="49259" /><E14/><V85/><F110/><AGARI ba="2,0" hai="0,2,19,23,25,54,58,61,108,109,110" m="49259" machi="110" ten="30,2000,0" yaku="14,1,19,1" doraHai="118" who="1" fromWho="2" sc="329,0,174,26,334,-26,163,0" /><INIT seed="3,0,0,3,2,28" ten="329,200,308,163" oya="3" hai0="17,115,92,37,61,109,84,119,4,135,12,69,126" hai1="39,94,26,112,55,3,60,85,56,52,116,51,44" hai2="53,127,22,42,58,67,133,104,9,90,71,2,122" hai3="101,47,98,70,79,27,62,35,132,88,99,40,45"/><W36/><G132/><T25/><D37/><U130/><E3/><V41/><F104/><W121/><G121/><T6/><D69/><U111/><E112/><V21/><F133/><W96/><G79/><T5/><D135/><U46/><E111/><V43/><F122/><W131/><G131/><T134/><D109/><U97/><E130/><V95/><F127/><W48/><G88/><N who="0" m="53255" /><D134/><U65/><E116/><V16/><F67/><W82/><G82/><T125/><D119/><U89/><E39/><V1/><F71/><W18/><G18/><T76/><D115/><U68/><E26/><V10/><F22/><W80/><G80/><T91/><D76/><U123/><E123/><V106/><F106/><W77/><G77/><T11/><D91/><U129/><E129/><V86/><F2/><W38/><G47/><T19/><D61/><U14/><E68/><V15/><F1/><W73/><G73/><T30/><D30/><U108/><E108/><V33/><F33/><W102/><G38/><T54/><D54/><U74/><E74/><V64/><F64/><W103/><G36/><T117/><D117/><U20/><E97/><V7/><F7/><W113/><G113/><T87/><D87/><U124/><E124/><N who="0" m="47721" /><D19/><U75/><E75/><V100/><F100/><W63/><REACH who="3" step="1"/><G70/><REACH who="3" ten="329,200,308,153" step="2"/><T66/><D25/><U120/><E120/><V93/><F93/><W31/><AGARI ba="0,1" hai="27,31,35,40,45,48,62,63,96,98,99,101,102,103" machi="31" ten="40,12000,1" yaku="1,1,2,1,0,1,52,1,53,0" doraHai="28" doraHaiUra="49" who="3" fromWho="3" sc="329,-40,200,-40,308,-40,153,130" /><INIT seed="3,1,0,1,5,88" ten="289,160,268,283" oya="3" hai0="127,68,135,112,65,29,102,47,62,7,132,5,46" hai1="99,8,54,34,95,61,92,64,21,83,97,14,107" hai2="69,72,120,17,67,119,39,134,27,117,40,98,101" hai3="71,35,32,104,78,121,15,118,70,105,41,10,109"/><W51/><G118/><T22/><D112/><U31/><E107/><N who="3" m="41034" /><G78/><T85/><D102/><U80/><E34/><N who="3" m="12842" /><G121/><T116/><D127/><U115/><E115/><V44/><F120/><W50/><G41/><T52/><D116/><U16/><E54/><V87/><F72/><W36/><G36/><T90/><D22/><U86/><E31/><V37/><F37/><W45/><G45/><N who="0" m="16907" /><D52/><U20/><E61/><V89/><F134/><N who="0" m="51242" /><D29/><U94/><E64/><V56/><F69/><N who="3" m="26123" /><G109/><T66/><D66/><U77/><E83/><AGARI ba="1,0" hai="5,7,62,65,68,83,85,90" m="51242,16907" machi="83" ten="30,1000,0" yaku="20,1" doraHai="88" who="0" fromWho="1" sc="289,13,160,-13,268,0,283,0" owari="302,40.0,147,-35.0,268,-13.0,283,8.0" /></mjloggm>