<mjloggm ver="2.3"><GO type="41" lobby="0"/><UN n0="%E3%82%B1%E3%82%A4%E3%83%B3%E3%83%BB%E6%B1%A0%E8%B0%B7" n1="%E4%B8%AD%E5%9B%BD%E3%81%AE%E4%BA%BA%E3%80%85" n2="%E5%B0%B1%E6%B4%BB%E7%94%9F%40%E5%B7%9D%E6%9D%91%E8%BB%8D%E5%9B%A3" n3="%6D%61%6E%5F%6B%6F" dan="14,13,15,15" rate="1930.68,1872.60,1986.17,1951.26" sx="M,M,M,M"/><TAIKYOKU oya="0"/><INIT seed="0,0,0,1,5,63" ten="250,250,250,250" oya="0" hai0="32,126,28,108,72,4,110,130,16,2,13,119,20" hai1="115,105,96,133,3,83,120,62,64,106,6,33,67" hai2="56,87,53,34,71,89,70,30,107,9,21,101,118" hai3="80,117,47,94,102,73,124,68,40,122,49,69,41"/><T11/><D72/><U88/><E120/><V17/><F118/><W18/><G117/><T12/><D119/><U100/><E106/><V97/><F34/><W90/><G122/><T104/><D104/><U35/><E133/><V51/><F30/><W22/><G124/><T24/><D126/><U44/><E115/><V52/><F53/><W54/><G68/><T58/><D130/><U31/><E44/><V55/><F55/><W129/><G69/><T14/><D58/><U79/><E88/><V109/><F9/><W131/><G131/><T15/><AGARI ba="0,0" hai="2,4,11,12,13,14,15,16,20,24,28,32,108,110" machi="15" ten="30,18000,2" yaku="0,1,24,2,34,3,54,1" doraHai="63" who="0" fromWho="0" sc="250,180,250,-60,250,-60,250,-60" /><INIT seed="0,1,0,2,3,94" ten="430,190,190,190" oya="0" hai0="28,44,36,1,133,100,9,35,47,41,42,4,54" hai1="32,29,96,10,21,135,125,49,30,45,88,121,0" hai2="5,95,34,16,19,130,58,84,65,37,90,68,26" hai3="73,64,108,59,128,6,20,103,23,81,117,85,122"/><T40/><D133/><U7/><E121/><V93/><F68/><W62/><G117/><T120/><D120/><U89/><E32/><V80/><F37/><W87/><G122/><T55/><D35/><U131/><E125/><V124/><F124/><W86/><G128/><T27/><D100/><U8/><E131/><V57/><F130/><W39/><G39/><T66/><D66/><U51/><E135/><V83/><F5/><W14/><G108/><T102/><D102/><U107/><E10/><V114/><F114/><W60/><G103/><T24/><D41/><U38/><E38/><V127/><F127/><W18/><G62/><T112/><D112/><U118/><E118/><V76/><F34/><W67/><G67/><T13/><D40/><U56/><E56/><V52/><F26/><W11/><G73/><T25/><D28/><U129/><E129/><V74/><F58/><W97/><G97/><T101/><D101/><U22/><E107/><V69/><F65/><W104/><G104/><T110/><D110/><U46/><E0/><V126/><F126/><W91/><REACH who="3" step="1"/><G23/><REACH who="3" ten="430,190,190,180" step="2"/><T92/><D44/><U105/><E105/><V33/><F33/><W72/><G72/><T123/><D123/><U53/><E96/><V82/><F69/><W50/><G50/><T71/><D71/><U113/><E113/><V134/><F134/><W15/><AGARI ba="1,1" hai="6,11,14,15,18,20,59,60,64,81,85,86,87,91" machi="15" ten="20,5200,0" yaku="1,1,0,1,7,1,8,1,53,0" doraHai="94" doraHaiUra="43" who="3" fromWho="3" sc="430,-27,190,-14,190,-14,180,65" /><INIT seed="1,0,0,5,5,19" ten="403,176,176,245" oya="1" hai0="101,125,0,49,95,120,75,60,128,16,54,76,47" hai1="103,87,59,25,23,70,130,14,135,39,78,126,31" hai2="73,51,77,83,98,40,112,93,37,62,71,13,110" hai3="24,30,65,66,108,69,27,12,61,86,123,55,81"/><U124/><E70/><V129/><F37/><W68/><G123/><T1/><D120/><U18/><E39/><V91/><F110/><W29/><G108/><T122/><D122/><U109/><E103/><V4/><F112/><W48/><G12/><T118/><D118/><U88/><E78/><V67/><F129/><W42/><G42/><T84/><D128/><U52/><E109/><V132/><F132/><W45/><G29/><T9/><D125/><N who="1" m="48235" /><E135/><V97/><F97/><W85/><G85/><T8/><D75/><U114/><E130/><V116/><F116/><W133/><G133/><T99/><D0/><U96/><E96/><V105/><F105/><W89/><G30/><T100/><D1/><U5/><E5/><V127/><F127/><W44/><G44/><T35/><D35/><N who="1" m="20975" /><E114/><V64/><F64/><W6/><G6/><T50/><D100/><U119/><E119/><V41/><F51/><W15/><G66/><T80/><D60/><N who="1" m="35943" /><E87/><V53/><F53/><W20/><G68/><T102/><D102/><U94/><E94/><V46/><F46/><W26/><G69/><T58/><D47/><U17/><E18/><V43/><F4/><W2/><G65/><T57/><D16/><U10/><E88/><V74/><F74/><W79/><G89/><T111/><D111/><U90/><E90/><V134/><F134/><W106/><G106/><T121/><D121/><U107/><E107/><V11/><F41/><W38/><G38/><T82/><D80/><U34/><E34/><V104/><F104/><W131/><G131/><T32/><D32/><U33/><E33/><RYUUKYOKU ba="0,0" sc="403,10,176,10,176,10,245,-30" hai0="8,9,49,50,54,57,58,76,82,84,95,99,101" hai1="10,14,17,23" hai2="11,13,40,43,62,67,71,73,77,83,91,93,98" /><INIT seed="1,1,0,4,0,97" ten="413,186,186,215" oya="1" hai0="111,0,99,102,53,118,74,1,38,10,93,86,30" hai1="85,39,81,91,84,64,16,11,6,90,127,23,3" hai2="32,36,105,73,27,26,65,133,45,116,25,9,101" hai3="123,96,54,132,19,130,34,37,79,33,104,131,100"/><U129/><E39/><V51/><F116/><W55/><G123/><T13/><D118/><U108/><E129/><N who="3" m="49162" /><G37/><T2/><D74/><U49/><E127/><V89/><F133/><W69/><G132/><T120/><D38/><U82/><E108/><V113/><F73/><W126/><G126/><T5/><D120/><U135/><E135/><V88/><F113/><W115/><G115/><T28/><D111/><U109/><E109/><V17/><F32/><N who="3" m="12395" /><G69/><T103/><D103/><U94/><E64/><V61/><F36/><W41/><G41/><T22/><D22/><U56/><E94/><V112/><F112/><W12/><G79/><T35/><D35/><U7/><E7/><V80/><F80/><W110/><G110/><T125/><D125/><U67/><E67/><V21/><F9/><AGARI ba="1,0" hai="9,12,19,54,55,96,100,104" m="12395,49162" machi="9" ten="30,2000,0" yaku="19,1,52,1" doraHai="97" who="3" fromWho="2" sc="413,0,186,0,186,-23,215,23" /><INIT seed="2,0,0,0,1,5" ten="413,186,163,238" oya="2" hai0="99,25,67,21,26,70,35,115,84,18,62,126,93" hai1="72,41,97,8,10,30,6,90,56,11,132,9,39" hai2="12,13,44,91,75,119,63,22,89,133,73,34,50" hai3="33,66,80,53,94,102,28,130,86,19,61,48,69"/><V120/><F34/><W127/><G127/><T104/><D126/><U121/><E72/><V87/><F120/><W68/><G130/><T3/><D115/><U20/><E39/><V124/><F119/><W59/><G19/><T42/><D3/><U47/><E132/><V51/><F124/><W108/><G108/><T106/><D42/><U58/><E121/><V32/><F133/><W15/><G15/><T98/><D84/><U101/><E90/><V46/><F32/><W92/><G69/><T17/><D98/><U31/><E41/><V128/><F128/><W129/><G129/><T134/><D134/><U24/><E31/><V112/><F112/><W110/><G110/><T74/><D74/><U14/><E47/><V60/><F87/><W77/><REACH who="3" step="1"/><G102/><REACH who="3" ten="413,186,163,228" step="2"/><T49/><D18/><U38/><E38/><V85/><F85/><W45/><G45/><T83/><D17/><U117/><E117/><V95/><F95/><AGARI ba="0,1" hai="6,8,9,10,11,14,20,24,30,56,58,95,97,101" machi="95" ten="40,8000,1" yaku="8,1,52,4" doraHai="5" who="1" fromWho="2" sc="413,0,186,90,163,-80,228,0" /><INIT seed="3,0,0,5,1,19" ten="413,276,83,228" oya="3" hai0="13,99,75,2,16,34,44,25,107,29,87,109,123" hai1="65,46,57,130,59,89,127,134,27,58,70,23,5" hai2="121,91,96,132,133,129,119,79,45,112,97,39,124" hai3="90,116,113,30,1,128,77,12,85,33,4,84,36"/><W38/><G116/><T43/><D123/><U51/><E5/><V103/><F39/><W82/><G113/><T94/><D75/><U115/><E115/><V17/><F17/><W108/><G1/><T64/><D109/><U48/><E70/><V106/><F45/><W78/><G108/><T104/><D2/><U120/><E120/><V53/><F53/><W14/><G128/><T67/><D87/><U95/><E65/><V40/><F40/><W49/><G49/><T47/><D104/><U68/><E68/><V93/><F112/><W3/><G3/><T63/><D107/><U135/><E130/><V118/><F121/><W32/><G30/><T100/><D63/><U50/><E46/><V102/><F129/><W61/><G82/><T56/><D56/><U42/><E42/><V9/><F9/><W20/><G4/><T73/><D73/><U131/><E131/><V122/><F122/><W98/><G98/><T69/><D69/><U111/><E111/><V101/><F79/><W60/><REACH who="3" step="1"/><G90/><REACH who="3" ten="413,276,83,218" step="2"/><T28/><D29/><U86/><E127/><V31/><F124/><W7/><G7/><T81/><D81/><U83/><E134/><N who="2" m="51819" /><F31/><W0/><G0/><T18/><D28/><N who="1" m="17535" /><E135/><V126/><F126/><W92/><G92/><AGARI ba="0,1" hai="48,50,51,57,58,59,83,86,89,92,95" m="17535" machi="92" ten="30,2000,0" yaku="8,1,52,1" doraHai="19" who="1" fromWho="3" sc="413,0,276,30,83,0,218,-20" /><INIT seed="4,0,0,4,2,121" ten="413,306,83,198" oya="0" hai0="113,96,73,20,44,5,132,49,103,39,104,69,24" hai1="1,34,125,55,124,86,74,118,101,13,27,67,42" hai2="95,43,117,28,100,108,127,133,131,60,7,68,58" hai3="8,62,2,26,80,15,134,84,35,4,54,90,48"/><T9/><D132/><U71/><E118/><V87/><F68/><W25/><G134/><T0/><D113/><U119/><E119/><V98/><F133/><W53/><G35/><T18/><D69/><U17/><E74/><V51/><F117/><W38/><G38/><T33/><D39/><U85/><E1/><V129/><F127/><N who="1" m="48713" /><E42/><V64/><F7/><W135/><G2/><T41/><D73/><U91/><E101/><V56/><F108/><W93/><G135/><T12/><REACH who="0" step="1"/><D33/><REACH who="0" ten="403,306,83,198" step="2"/><U22/><E71/><V76/><F129/><W59/><REACH who="3" step="1"/><G80/><REACH who="3" ten="403,306,83,188" step="2"/><T110/><D110/><U30/><E34/><V65/><F131/><W75/><G75/><T106/><D106/><U40/><E30/><V114/><F114/><W57/><AGARI ba="0,2" hai="4,8,15,25,26,48,53,54,57,59,62,84,90,93" machi="57" ten="20,12000,2" yaku="1,1,0,1,7,1,8,1,53,2" doraHai="121" doraHaiUra="23" who="3" fromWho="3" sc="403,-60,306,-30,83,-30,188,140" /><INIT seed="5,0,0,2,5,41" ten="343,276,53,328" oya="1" hai0="93,39,53,52,98,7,92,9,29,109,34,62,36" hai1="68,96,134,46,74,107,50,75,119,77,17,82,61" hai2="91,28,90,0,14,125,60,55,118,67,84,123,85" hai3="15,54,58,31,19,115,105,73,2,13,37,83,120"/><U103/><E119/><V12/><F0/><W135/><G2/><T94/><D34/><U113/><E134/><V44/><F118/><W21/><G135/><T88/><D29/><U42/><E113/><V40/><F28/><W20/><G120/><T114/><D109/><U106/><E17/><V72/><F123/><W80/><G105/><T16/><D114/><U11/><E11/><V89/><F72/><W25/><G115/><T35/><D35/><U63/><E107/><V132/><F125/><W23/><G37/><T116/><D116/><U87/><E68/><V124/><F132/><W30/><G73/><T5/><D36/><U131/><E131/><V48/><F124/><W1/><G1/><T64/><D39/><U26/><E26/><V111/><F111/><W59/><G21/><T117/><D117/><U6/><E6/><N who="0" m="2057" /><D64/><U126/><E126/><V43/><F43/><W78/><G78/><T102/><D62/><U70/><E63/><V79/><F40/><W95/><G95/><N who="0" m="36427" /><D102/><U4/><E4/><V57/><REACH who="2" step="1"/><F84/><REACH who="2" ten="343,276,43,328" step="2"/><W45/><G30/><T127/><D127/><U104/><E74/><V51/><F51/><N who="3" m="29039" /><G13/><AGARI ba="0,1" hai="9,13,16,52,53,88,94,98" m="36427,2057" machi="13" ten="30,7700,0" yaku="8,1,54,3" doraHai="41" who="0" fromWho="3" sc="343,87,276,0,43,0,328,-77" /><INIT seed="6,0,0,5,1,2" ten="430,276,43,251" oya="2" hai0="9,110,75,41,133,86,18,71,126,14,60,104,115" hai1="78,19,63,87,100,121,131,34,17,103,77,67,24" hai2="20,99,135,57,25,102,8,101,11,1,83,97,54" hai3="22,65,16,123,3,0,4,5,80,85,109,44,98"/><V112/><F135/><W94/><G109/><T82/><D75/><U30/><E131/><V111/><F112/><W31/><G123/><T66/><D110/><U36/><E36/><V76/><F111/><W107/><G107/><T130/><D133/><U10/><E121/><V12/><F1/><W68/><G31/><T106/><D115/><U70/><E87/><V46/><F46/><W108/><G108/><T129/><D126/><U61/><E63/><V7/><F11/><W134/><G134/><T105/><D41/><U120/><E120/><V90/><F99/><W118/><G118/><T13/><D13/><U73/><E78/><V81/><F76/><N who="3" m="46215" /><G68/><T89/><AGARI ba="0,0" hai="9,14,18,60,66,71,82,86,89,104,105,106,129,130" machi="89" ten="40,1500,0" yaku="0,1" doraHai="2" who="0" fromWho="0" sc="430,15,276,-4,43,-7,251,-4" /><INIT seed="7,0,0,0,1,5" ten="445,272,36,247" oya="3" hai0="125,112,123,129,127,102,106,107,72,94,11,62,83" hai1="135,47,33,0,16,48,64,21,98,116,60,53,85" hai2="8,71,81,78,97,61,69,95,31,30,124,1,29" hai3="40,6,65,115,113,15,90,50,32,10,105,9,131"/><W79/><G105/><T55/><D123/><U87/><E33/><V25/><F124/><N who="0" m="47690" /><D129/><U111/><E111/><V82/><F61/><W12/><G131/><T51/><D112/><N who="3" m="43081" /><G32/><T44/><D62/><U126/><E126/><V121/><F121/><W133/><G133/><T43/><D43/><U37/><E0/><V46/><F46/><N who="3" m="25927" /><G65/><T70/><D70/><U18/><E37/><V76/><F25/><W108/><G108/><T54/><D54/><U41/><E135/><V110/><F110/><W27/><G27/><T93/><D106/><U89/><E116/><V88/><F1/><W66/><G66/><T86/><D72/><U20/><E98/><V4/><F71/><W130/><G130/><T103/><D107/><U38/><E87/><V92/><F69/><W49/><G49/><T13/><D102/><U117/><E117/><V42/><F42/><W36/><G36/><T75/><D75/><U68/><E20/><V63/><F63/><W56/><G56/><T109/><D103/><U128/><E21/><V59/><F59/><W80/><G90/><N who="0" m="51551" /><D109/><U73/><E73/><V17/><F4/><AGARI ba="0,0" hai="4,11,13,44,51,55,93,94" m="51551,47690" machi="4" ten="30,2000,0" yaku="18,1,52,1" doraHai="5" who="0" fromWho="2" sc="445,20,272,0,36,-20,247,0" owari="465,56.0,272,7.0,16,-48.0,247,-15.0" /></mjloggm>