<mjloggm ver="2.3"><GO type="97" lobby="0"/><UN n0="%E3%82%A8%E3%83%B3%E3%82%B8" n1="%31%32%31%34%34" n2="%70%65%61%63%65%36%39" n3="%E3%82%A6%E3%83%AB%E3%83%88%E3%83%A9%E7%AB%8B%E7%9B%B4" dan="14,14,14,14" rate="1835.71,1960.65,1917.15,1963.94" sx="M,M,M,M"/><TAIKYOKU oya="0"/><INIT seed="0,0,0,4,0,16" ten="250,250,250,250" oya="0" hai0="90,4,32,52,62,87,130,45,102,88,110,78,128" hai1="26,2,91,72,97,22,53,114,60,54,15,125,131" hai2="18,41,3,73,59,85,1,43,34,135,96,47,74" hai3="93,70,103,11,42,68,65,55,116,94,80,66,104"/><T35/><D4/><U92/><E2/><V49/><F34/><W109/><G104/><T6/><D6/><U134/><E72/><V82/><F1/><W36/><G116/><T31/><D102/><U120/><E120/><V61/><F3/><W127/><G36/><T69/><D110/><U117/><E117/><V8/><F73/><W71/><G42/><T21/><D21/><U98/><E114/><V101/><F74/><W46/><G109/><T95/><D78/><U51/><E125/><V39/><F135/><W28/><G28/><T63/><D69/><U5/><E134/><V50/><F39/><W118/><G118/><T29/><D45/><U100/><E131/><V123/><F123/><W89/><G70/><T44/><D44/><U19/><E60/><V17/><F8/><W112/><G46/><T108/><D108/><U132/><E132/><V105/><F41/><W7/><G11/><T56/><D90/><U0/><E0/><V10/><F50/><W58/><G89/><T48/><D48/><U38/><E38/><V25/><F10/><W75/><G103/><T27/><D63/><U107/><E51/><V37/><F37/><W64/><G71/><T23/><D23/><U12/><E5/><V33/><F33/><W81/><G7/><T79/><D79/><U13/><AGARI ba="0,0" hai="12,13,15,19,22,26,53,54,91,92,97,98,100,107" machi="13" ten="30,2000,0" yaku="0,1,52,1" doraHai="16" who="1" fromWho="1" sc="250,-10,250,20,250,-5,250,-5" /><INIT seed="1,0,0,0,0,108" ten="240,270,245,245" oya="1" hai0="123,13,85,101,89,86,47,58,42,94,49,114,69" hai1="71,116,17,54,99,26,22,72,83,112,4,124,62" hai2="88,76,102,135,73,32,117,10,24,3,100,27,77" hai3="127,65,61,74,106,52,28,80,81,91,66,45,19"/><U107/><E116/><V104/><F117/><W6/><G106/><T44/><D114/><U53/><E112/><V90/><F32/><W37/><G127/><T57/><D123/><U64/><E124/><V103/><F3/><W50/><G37/><T5/><D69/><U16/><E4/><V39/><F10/><W29/><G6/><T125/><D125/><U70/><E70/><V46/><F39/><W75/><G75/><T98/><D85/><U34/><E34/><V84/><F46/><W113/><G113/><T67/><D67/><N who="3" m="25609" /><G74/><T36/><D36/><U55/><E72/><V97/><F27/><W41/><G19/><T60/><D47/><U134/><E134/><V56/><F56/><N who="3" m="34951" /><G91/><N who="2" m="34857" /><F24/><W15/><G15/><T12/><D58/><U11/><E83/><AGARI ba="0,0" hai="28,29,41,45,50,80,81,83" m="34951,25609" machi="83" ten="30,2000,0" yaku="8,1,54,1" doraHai="108" who="3" fromWho="1" sc="240,0,270,-20,245,0,245,20" /><INIT seed="2,0,0,4,4,46" ten="240,250,245,265" oya="2" hai0="58,71,107,18,62,40,93,78,124,16,130,129,14" hai1="36,34,7,29,95,65,63,110,68,113,39,47,98" hai2="57,86,105,97,38,42,118,11,59,56,32,127,126" hai3="81,66,116,114,48,82,3,64,83,88,27,55,0"/><V74/><F32/><W121/><G121/><T35/><D35/><U10/><E113/><V79/><F74/><W53/><G116/><T91/><D107/><U132/><E132/><V15/><F118/><W134/><G134/><T77/><D71/><U17/><E110/><V41/><F38/><W101/><G114/><T120/><D120/><U80/><E17/><V26/><F26/><W44/><G101/><T72/><D72/><U90/><E80/><N who="2" m="47391" /><F105/><W73/><G73/><T117/><D117/><U25/><REACH who="1" step="1"/><E47/><REACH who="1" ten="240,240,245,265" step="2"/><V43/><F97/><W5/><G81/><T49/><D18/><U99/><E99/><V21/><F21/><W131/><G82/><T133/><D133/><U125/><E125/><N who="2" m="47627" /><F59/><W76/><G76/><T52/><D124/><U67/><E67/><V20/><F20/><W111/><G64/><T19/><D19/><AGARI ba="0,1" hai="11,15,19,41,42,43,56,57" m="47627,47391" machi="19" ten="30,1500,0" yaku="18,1" doraHai="46" who="2" fromWho="0" sc="240,-15,240,0,245,25,265,0" /><INIT seed="2,1,0,1,2,111" ten="225,240,270,265" oya="2" hai0="24,7,13,112,38,100,51,86,3,34,83,134,20" hai1="43,41,109,124,102,89,131,27,31,75,18,128,32" hai2="58,105,126,133,67,135,21,53,47,88,74,116,50" hai3="127,132,62,71,48,64,106,23,103,63,85,61,55"/><V97/><F74/><W99/><G127/><T33/><D38/><U76/><E124/><V30/><F116/><W66/><G132/><N who="2" m="50761" /><F126/><W15/><G85/><T52/><D100/><U87/><E109/><V108/><F108/><W104/><G104/><T92/><D112/><U46/><E102/><N who="2" m="62671" /><F67/><W35/><G35/><T119/><D119/><U82/><E18/><V2/><F2/><W11/><G23/><T73/><D73/><U95/><REACH who="1" step="1"/><E43/><REACH who="1" ten="225,230,270,265" step="2"/><N who="2" m="24959" /><F30/><W93/><G106/><T113/><D113/><U12/><E12/><V40/><F40/><W29/><G29/><T45/><D134/><U5/><E5/><V26/><F26/><W70/><G70/><T16/><D13/><U90/><E90/><V6/><F6/><N who="3" m="3575" /><G71/><T42/><D42/><U114/><E114/><V115/><F115/><W25/><G25/><T121/><D121/><U98/><E98/><V59/><F88/><W110/><G110/><T84/><D84/><U94/><E94/><V101/><F101/><W69/><G69/><T118/><D118/><U129/><E129/><V1/><F1/><W60/><N who="3" m="15872" /><DORA hai="68" /><W39/><G39/><AGARI ba="1,1" hai="27,31,32,39,41,46,75,76,82,87,89,95,128,131" machi="39" ten="40,2600,0" yaku="1,1,52,1,53,0" doraHai="111,68" doraHaiUra="9,57" who="1" fromWho="3" sc="225,0,230,39,270,0,265,-29" /><INIT seed="3,0,0,1,3,12" ten="225,269,270,236" oya="3" hai0="59,128,0,108,101,84,96,14,93,104,18,56,114" hai1="35,73,3,31,32,39,133,82,68,67,58,88,62" hai2="10,7,13,105,127,5,29,66,11,63,111,97,15" hai3="60,103,78,27,33,40,6,134,43,36,95,102,26"/><W110/><G36/><T76/><D114/><U48/><E3/><V119/><F119/><W126/><G33/><T37/><D37/><U130/><E39/><V92/><F105/><W116/><G116/><T61/><D108/><U106/><E106/><V69/><F111/><W118/><G118/><T89/><D128/><U38/><E38/><V2/><F127/><W22/><G126/><T120/><D120/><U129/><E133/><V44/><F2/><W23/><G110/><T121/><D121/><U45/><E68/><V83/><F44/><W98/><G134/><T57/><D0/><U20/><E73/><V30/><REACH who="2" step="1"/><F83/><REACH who="2" ten="225,269,260,236" step="2"/><W125/><G125/><T71/><D71/><U117/><E82/><V124/><F124/><W132/><G132/><T109/><D109/><U42/><E45/><V113/><F113/><W46/><G46/><T131/><D131/><U1/><E117/><V21/><F21/><W49/><G23/><T55/><REACH who="0" step="1"/><D76/><REACH who="0" ten="215,269,260,236" step="2"/><U87/><E1/><V81/><F81/><W72/><G78/><T54/><D54/><U16/><E130/><V47/><F47/><W80/><G80/><T51/><D51/><U122/><E129/><V86/><F86/><W19/><G49/><T135/><D135/><U53/><E53/><V24/><F24/><W123/><G27/><T8/><AGARI ba="0,2" hai="8,14,18,55,56,57,59,61,84,89,93,96,101,104" machi="8" ten="20,12000,2" yaku="1,1,0,1,7,1,52,1,53,3" doraHai="12" doraHaiUra="52" who="0" fromWho="0" sc="215,140,269,-30,260,-30,236,-60" owari="355,45.0,239,4.0,230,-17.0,176,-32.0" /></mjloggm>