<mjloggm ver="2.3"><GO type="97" lobby="0"/><UN n0="%E5%B0%B1%E6%B4%BB%E7%94%9F%40%E5%B7%9D%E6%9D%91%E8%BB%8D%E5%9B%A3" n1="%E3%82%AB%E3%83%A9%E3%82%B9%E3%81%AE%E5%AD%90" n2="%70%69%6B%61%72%69%6E" n3="%E5%85%B5%E8%97%A4" dan="14,15,13,15" rate="2000.77,2052.55,1894.58,1938.33" sx="M,M,F,M"/><TAIKYOKU oya="0"/><INIT seed="0,0,0,0,2,86" ten="250,250,250,250" oya="0" hai0="37,101,14,27,122,124,123,72,81,119,55,106,120" hai1="132,83,107,53,6,13,131,73,111,48,80,134,109" hai2="97,51,125,115,39,33,32,11,95,1,45,126,88" hai3="93,135,2,56,40,108,113,71,17,77,54,121,50"/><T60/><D119/><U7/><E107/><V87/><F115/><W94/><G113/><T90/><D37/><U8/><E6/><N who="2" m="1487" /><F39/><W0/><G71/><T117/><D117/><U22/><E22/><V41/><F97/><W3/><G108/><N who="1" m="41546" /><E131/><V82/><F82/><N who="1" m="31273" /><E73/><V133/><F133/><W67/><G135/><T4/><D27/><U12/><E13/><V64/><F64/><W38/><G77/><T63/><D14/><U42/><E42/><V98/><F98/><W96/><G67/><T16/><D4/><U21/><E21/><V69/><F69/><W114/><G114/><T116/><D106/><U49/><E49/><V128/><F128/><W15/><G121/><T129/><D116/><U92/><E92/><V46/><F45/><AGARI ba="0,0" hai="7,8,12,45,48,53,132,134" m="31273,41546" machi="45" ten="30,1000,0" yaku="14,1" doraHai="86" who="1" fromWho="2" sc="250,0,250,10,250,-10,250,0" /><INIT seed="1,0,0,0,1,40" ten="250,260,240,250" oya="1" hai0="108,10,17,14,15,109,92,8,99,5,123,121,4" hai1="6,18,3,120,45,26,29,25,129,13,90,104,69" hai2="2,16,98,74,114,83,47,80,102,68,107,35,133" hai3="67,105,100,111,85,81,84,0,135,122,37,116,32"/><U93/><E120/><N who="0" m="46153" /><D92/><U41/><E69/><V82/><F68/><W44/><G122/><T36/><D99/><U1/><E104/><V127/><F35/><W79/><G111/><N who="0" m="42571" /><D36/><U62/><E129/><V60/><F2/><W94/><G135/><T130/><D130/><U50/><E62/><V101/><F133/><W124/><G124/><T30/><D30/><U49/><E6/><AGARI ba="0,0" hai="4,5,6,8,10,14,15,17" m="42571,46153" machi="6" ten="30,7700,0" yaku="13,1,14,1,34,2" doraHai="40" who="0" fromWho="1" sc="250,77,260,-77,240,0,250,0" /><INIT seed="2,0,0,0,3,70" ten="327,183,240,250" oya="2" hai0="25,50,91,87,69,116,57,18,39,9,65,100,8" hai1="97,86,110,128,2,23,108,105,83,35,78,28,55" hai2="58,125,96,4,104,124,103,82,37,7,52,74,47" hai3="34,44,45,75,79,126,102,62,27,29,113,11,60"/><V67/><F74/><W24/><G126/><N who="2" m="48745" /><F82/><W63/><G113/><T22/><D39/><U46/><E2/><V90/><F90/><W48/><G102/><T16/><D116/><U119/><E35/><V3/><F67/><W41/><G27/><T71/><D100/><N who="1" m="62607" /><E28/><V33/><F33/><W31/><G31/><T127/><D127/><U15/><E23/><V13/><F3/><W115/><G115/><T123/><D123/><U80/><E15/><V118/><F13/><W109/><G109/><N who="1" m="42090" /><E46/><V61/><F118/><W120/><G120/><T132/><D69/><U81/><E55/><V95/><F104/><W94/><G94/><N who="0" m="54655" /><D71/><U92/><E119/><V85/><F85/><W40/><G11/><N who="0" m="4171" /><D132/><U129/><E78/><V64/><F64/><W130/><G79/><T89/><D89/><AGARI ba="0,0" hai="80,81,83,86,89,92,128,129" m="42090,62607" machi="89" ten="40,5200,0" yaku="14,1,34,2" doraHai="70" who="1" fromWho="0" sc="327,-52,183,52,240,0,250,0" /><INIT seed="3,0,0,2,4,127" ten="275,235,240,250" oya="3" hai0="120,33,37,81,56,72,27,67,25,13,20,103,36" hai1="46,64,93,108,85,10,19,112,109,42,91,62,89" hai2="16,86,3,45,110,71,96,22,80,79,118,60,57" hai3="77,52,48,130,92,117,129,28,105,43,97,65,30"/><W132/><G117/><T29/><D120/><U74/><E74/><V35/><F35/><W39/><G132/><T88/><D103/><U76/><E112/><V7/><F118/><W9/><G105/><T68/><D68/><U49/><E76/><V32/><F32/><W99/><G77/><T87/><D72/><U21/><E10/><V2/><F71/><W131/><G65/><T128/><D128/><U66/><E91/><V100/><F45/><N who="3" m="23807" /><G9/><T84/><D13/><U31/><E31/><N who="3" m="11818" /><G92/><T24/><D84/><U38/><E38/><V94/><F7/><W135/><G135/><T47/><D47/><AGARI ba="0,0" hai="47,48,52,97,99,129,130,131" m="11818,23807" machi="47" ten="30,12000,1" yaku="19,1,52,3,54,1" doraHai="127" who="3" fromWho="0" sc="275,-120,235,0,240,0,250,120" owari="155,-34.0,235,-16.0,240,4.0,370,46.0" /></mjloggm>