<mjloggm ver="2.3"><GO type="97" lobby="0"/><UN n0="%E8%BF%91%E3%80%85%E9%B9%BF%E3%81%AB%E3%81%AA%E3%82%8B" n1="%E3%82%A6%E3%83%AB%E3%83%88%E3%83%A9%E7%AB%8B%E7%9B%B4" n2="%E3%81%A1%E3%82%83%E3%81%9D%E2%98%86" n3="%E3%83%AF%E3%83%BC%E3%82%AB%E3%83%BC" dan="13,14,13,13" rate="1899.95,1982.27,1838.60,1883.08" sx="M,M,F,M"/><TAIKYOKU oya="0"/><INIT seed="0,0,0,3,1,39" ten="250,250,250,250" oya="0" hai0="135,93,54,127,102,115,21,65,103,119,25,129,5" hai1="55,43,126,62,29,89,67,118,120,98,113,111,83" hai2="123,86,110,32,44,4,87,37,34,30,42,27,9" hai3="91,100,116,23,2,60,88,19,45,66,11,41,38"/><T82/><D115/><U112/><E120/><V47/><F110/><W40/><G116/><T106/><D119/><U94/><E118/><V122/><F34/><W35/><G35/><T0/><D127/><U73/><E111/><V22/><F122/><W90/><G100/><T59/><D135/><U99/><E29/><V8/><F123/><W17/><G2/><T108/><D108/><U134/><E134/><V81/><F47/><W14/><G38/><T28/><D65/><U79/><E126/><V15/><F81/><W3/><G3/><T85/><D129/><U48/><E98/><V92/><F32/><W125/><G45/><T117/><D106/><U105/><E105/><V6/><REACH who="2" step="1"/><F92/><REACH who="2" ten="250,250,240,250" step="2"/><W1/><G125/><T20/><D93/><U63/><E113/><V104/><F104/><W95/><G95/><T10/><D117/><U72/><E112/><V121/><F121/><W76/><G76/><T109/><D109/><U36/><E94/><V130/><F130/><W13/><G1/><AGARI ba="0,1" hai="1,4,6,8,9,15,22,27,30,37,42,44,86,87" machi="1" ten="30,3900,0" yaku="1,1,7,1,52,1,53,0" doraHai="39" doraHaiUra="46" who="2" fromWho="3" sc="250,0,250,0,240,49,250,-39" /><INIT seed="1,0,0,2,2,126" ten="250,250,289,211" oya="1" hai0="105,36,110,115,58,92,64,27,119,40,63,14,62" hai1="131,79,100,20,60,43,123,107,121,88,8,111,32" hai2="129,130,75,46,87,95,10,15,108,114,65,12,2" hai3="94,96,5,118,16,80,109,98,45,18,34,117,89"/><U91/><E32/><V56/><F75/><W21/><G34/><T55/><D105/><U127/><E43/><V38/><F108/><W26/><G5/><T73/><D115/><U25/><E8/><V33/><F33/><W0/><G0/><T42/><D119/><N who="3" m="45577" /><G109/><T1/><D1/><U54/><E111/><V106/><F106/><W93/><G80/><T135/><D73/><U103/><E54/><V99/><F114/><W23/><G45/><T68/><D135/><U11/><E60/><N who="2" m="38023" /><F2/><W3/><G3/><T104/><D104/><U78/><E11/><V19/><F87/><W35/><G35/><T72/><D72/><U61/><E61/><V48/><F38/><W124/><G124/><T122/><D122/><U86/><E107/><V37/><F37/><W31/><G23/><T81/><D110/><U57/><E127/><V71/><F71/><W41/><G41/><T125/><D125/><U112/><E112/><V133/><F133/><W134/><G134/><T82/><D36/><U85/><E20/><V76/><F76/><W39/><G39/><T17/><D27/><U29/><E25/><V28/><F28/><W7/><G7/><T51/><D92/><U50/><E29/><V120/><F120/><W66/><G66/><T128/><D128/><N who="2" m="49258" /><F19/><W52/><G52/><T53/><D55/><U59/><E131/><V90/><F10/><W69/><G69/><T67/><D68/><U9/><E9/><V30/><F30/><W83/><G83/><T44/><D82/><U97/><E50/><V101/><F101/><AGARI ba="0,0" hai="16,18,21,26,31,89,93,94,96,98,101" m="45577" machi="101" ten="30,2000,0" yaku="12,1,54,1" doraHai="126" who="3" fromWho="2" sc="250,0,250,0,289,-20,211,20" /><INIT seed="2,0,0,4,3,127" ten="250,250,269,231" oya="2" hai0="75,73,4,63,67,46,71,64,13,130,59,82,39" hai1="52,9,8,104,96,93,76,94,110,66,80,57,79" hai2="123,134,55,10,116,43,122,69,11,108,16,65,22" hai3="0,124,91,120,70,98,26,29,128,34,19,113,86"/><V51/><F116/><W114/><G120/><T60/><D130/><U125/><E104/><V62/><F134/><W21/><G70/><T15/><D39/><U111/><E66/><V131/><F131/><W53/><G124/><T28/><D46/><U30/><E30/><V90/><F108/><N who="1" m="41513" /><E125/><V37/><F90/><W87/><G0/><T45/><D45/><U132/><E132/><V83/><F83/><W118/><G118/><T74/><D28/><U106/><E106/><V101/><F101/><W25/><G128/><T44/><D44/><U23/><E23/><V33/><F33/><W41/><G41/><T97/><D97/><U121/><E121/><V88/><F43/><W95/><REACH who="3" step="1"/><G53/><REACH who="3" ten="250,250,269,221" step="2"/><T18/><D4/><U92/><E96/><V89/><F123/><W50/><G50/><T109/><D109/><U40/><E40/><V6/><F122/><W35/><G35/><T77/><REACH who="0" step="1"/><D13/><REACH who="0" ten="240,250,269,221" step="2"/><U84/><E52/><V1/><F37/><W103/><G103/><T68/><D68/><U126/><E126/><V14/><F55/><W2/><G2/><T72/><D72/><U100/><E100/><V24/><F51/><W112/><AGARI ba="0,2" hai="19,21,25,26,29,34,86,87,91,95,98,112,113,114" machi="112" ten="30,7900,0" yaku="1,1,0,1,11,1,53,1" doraHai="127" doraHaiUra="17" who="3" fromWho="3" sc="240,-20,250,-20,269,-39,221,99" /><INIT seed="3,0,0,5,3,15" ten="220,230,230,320" oya="3" hai0="96,133,40,50,98,79,24,72,30,91,76,4,117" hai1="67,47,54,103,32,134,71,58,49,36,92,25,83" hai2="88,74,31,28,114,7,13,20,84,16,22,64,94" hai3="3,52,132,107,2,118,125,5,130,63,41,0,57"/><W82/><G107/><T102/><D117/><U120/><E120/><V87/><F74/><W97/><G118/><T127/><D127/><U81/><E134/><V66/><F114/><W44/><G125/><T105/><D133/><U9/><E9/><N who="2" m="4287" /><F84/><W109/><G132/><T35/><D72/><U65/><E32/><V110/><F110/><W68/><G130/><T56/><D4/><U1/><E1/><V123/><F123/><W116/><G116/><T80/><D40/><U39/><E39/><V21/><F16/><W61/><G109/><T62/><D50/><N who="1" m="31063" /><E71/><V121/><F121/><W100/><G82/><N who="1" m="31242" /><E25/><V43/><F43/><W78/><G78/><T85/><REACH who="0" step="1"/><D96/><REACH who="0" ten="210,230,230,320" step="2"/><N who="1" m="59783" /><E36/><V108/><F108/><W17/><G5/><T93/><D93/><U46/><E46/><V6/><F6/><W42/><G44/><T128/><D128/><U106/><E106/><V51/><F51/><W111/><G111/><T27/><D27/><U11/><E49/><V77/><F77/><W18/><G63/><T34/><D34/><U69/><E47/><V131/><F131/><W104/><G68/><T122/><D122/><U45/><E45/><V126/><F126/><W129/><G129/><T38/><D38/><U95/><E69/><V86/><F86/><W119/><G119/><T135/><D135/><U19/><E95/><V89/><F87/><W48/><G42/><T60/><D60/><U10/><E67/><AGARI ba="0,1" hai="24,30,35,56,62,67,76,79,80,85,91,98,102,105" machi="67" ten="30,3900,0" yaku="1,1,7,1,53,1" doraHai="15" doraHaiUra="101" who="0" fromWho="1" sc="210,49,230,-39,230,0,320,0" owari="259,6.0,191,-31.0,230,-17.0,320,42.0" /></mjloggm>