<mjloggm ver="2.3"><GO type="169" lobby="0"/><UN n0="%6B%61%69%69%74%69" n1="%E3%82%A6%E3%83%AB%E3%83%88%E3%83%A9%E7%AB%8B%E7%9B%B4" n2="%E3%81%8B%E3%81%97%E3%81%8B%E3%81%8A" n3="%E3%81%91%E3%82%93%31%39%37%30" dan="18,17,17,16" rate="2161.53,2159.25,2166.51,2151.99" sx="M,M,M,M"/><TAIKYOKU oya="0"/><INIT seed="0,0,0,4,2,8" ten="250,250,250,250" oya="0" hai0="71,4,13,101,135,56,61,12,48,92,6,15,131" hai1="3,37,113,0,25,78,36,26,21,60,102,46,106" hai2="20,55,51,96,119,7,24,76,69,66,88,128,16" hai3="70,29,22,116,49,32,107,132,2,23,103,123,83"/><T126/><D71/><U27/><E102/><V62/><F128/><W19/><G70/><T50/><D131/><U115/><E106/><V108/><F108/><W133/><G107/><T54/><D135/><U134/><E134/><N who="3" m="51818" /><G103/><T35/><D35/><U122/><E122/><V84/><F119/><W97/><G97/><N who="0" m="59559" /><D126/><U39/><E78/><V89/><F7/><AGARI ba="0,0" hai="4,6,7,12,13,15,48,50,54,56,61" m="59559" machi="7" ten="30,11600,0" yaku="8,1,52,3" doraHai="8" who="0" fromWho="2" sc="250,116,250,0,250,-116,250,0" /><INIT seed="0,1,0,0,0,89" ten="366,250,134,250" oya="0" hai0="133,61,49,15,96,86,75,125,24,33,68,110,76" hai1="29,0,70,38,9,109,64,36,43,54,101,3,102" hai2="78,32,10,47,134,11,79,44,99,121,48,107,35" hai3="115,59,91,56,20,42,72,103,31,22,124,60,17"/><T87/><D75/><U116/><E43/><V111/><F121/><W58/><G115/><T6/><D125/><U122/><E29/><V132/><F99/><W52/><G124/><T37/><D37/><U41/><E9/><N who="2" m="3083" /><F48/><W77/><G42/><T74/><D74/><U92/><E41/><V14/><F14/><W40/><G40/><T8/><D133/><N who="2" m="51306" /><F107/><W2/><G2/><T62/><D49/><U95/><E64/><V117/><F111/><W94/><G103/><T118/><D118/><U85/><E54/><V98/><F98/><N who="3" m="57695" /><G77/><N who="2" m="29193" /><F117/><W18/><G72/><T27/><D110/><U69/><E109/><V104/><F104/><W83/><G83/><T25/><D33/><AGARI ba="1,0" hai="32,33,35,44,47" m="29193,51306,3083" machi="33" ten="40,5200,0" yaku="28,2,20,1" doraHai="89" who="2" fromWho="0" sc="366,-55,250,0,134,55,250,0" /><INIT seed="1,0,0,4,1,18" ten="311,250,189,250" oya="1" hai0="21,26,24,103,42,125,133,69,75,124,119,47,57" hai1="0,32,62,81,38,117,104,122,65,71,115,89,99" hai2="5,37,120,121,127,114,52,33,54,1,56,85,30" hai3="51,55,9,79,36,91,68,110,3,123,40,22,129"/><U61/><E122/><V96/><F37/><W107/><G123/><T27/><D119/><U78/><E117/><V70/><F70/><W134/><G79/><T135/><D69/><U50/><E38/><V108/><F120/><W72/><G72/><T64/><D75/><U16/><E32/><V45/><F121/><W11/><G107/><T2/><D2/><U118/><E0/><V53/><F108/><W82/><G110/><T12/><D103/><U131/><E131/><V112/><F127/><N who="0" m="48714" /><D64/><U49/><E118/><V63/><F85/><W14/><G68/><T90/><D57/><U39/><E39/><V87/><F87/><W83/><G3/><T4/><D90/><U15/><E62/><V10/><F96/><W95/><G129/><T6/><D47/><U23/><E115/><N who="2" m="44075" /><F45/><W34/><G34/><T113/><D42/><U130/><E130/><V74/><F74/><W46/><G83/><T7/><D113/><U17/><E104/><V48/><F48/><W59/><G82/><T29/><D12/><U100/><E100/><V132/><F132/><AGARI ba="0,0" hai="4,6,7,21,24,26,27,29,132,133,135" m="48714" machi="132" ten="40,8000,1" yaku="20,1,18,1,34,2,52,1" doraHai="18" who="0" fromWho="2" sc="311,80,250,0,189,-80,250,0" /><INIT seed="2,0,0,0,1,107" ten="391,250,109,250" oya="2" hai0="108,127,5,26,58,51,97,122,92,40,14,35,59" hai1="89,44,50,88,126,32,123,62,76,54,102,95,8" hai2="75,81,87,113,103,9,28,77,41,94,84,47,38" hai3="124,53,31,115,112,134,111,24,119,55,100,128,17"/><V46/><F113/><W12/><G119/><T121/><D108/><U20/><E32/><V106/><F28/><W60/><G111/><T98/><D127/><U91/><E123/><V13/><F106/><W110/><G110/><T90/><D98/><U135/><E135/><V63/><F63/><W25/><G124/><T80/><D80/><U6/><E126/><V116/><F116/><W30/><G134/><T67/><D58/><U101/><E95/><V105/><F105/><W15/><G100/><T16/><D5/><U70/><E76/><V114/><F114/><W61/><REACH who="3" step="1"/><G17/><REACH who="3" ten="391,250,109,240" step="2"/><T133/><D16/><U2/><E102/><V68/><F68/><W65/><G65/><T10/><D67/><U45/><E101/><V78/><F103/><W19/><G19/><T21/><D133/><U86/><E70/><V69/><F69/><W0/><G0/><T82/><D122/><U34/><E2/><V118/><F118/><W85/><G85/><T49/><D121/><U39/><E86/><V56/><F87/><W43/><G43/><T79/><D40/><U52/><E54/><V73/><F78/><W22/><G22/><T48/><D21/><U93/><E20/><V1/><F1/><W4/><G4/><T131/><D79/><U109/><E109/><V33/><F84/><W27/><G27/><T83/><D26/><U117/><E117/><V129/><F77/><W120/><G120/><T36/><D35/><U125/><E125/><V18/><F18/><W99/><G99/><T37/><D97/><U23/><E23/><V132/><F132/><W7/><G7/><RYUUKYOKU ba="0,1" sc="391,-10,250,-10,109,-10,240,30" hai3="12,15,24,25,30,31,53,55,60,61,112,115,128" /><INIT seed="3,1,1,3,4,4" ten="381,240,99,270" oya="3" hai0="104,36,48,46,28,128,29,54,41,19,73,125,26" hai1="133,118,3,87,96,2,6,89,100,84,64,79,18" hai2="110,80,15,127,95,129,77,7,5,55,43,69,49" hai3="112,56,124,88,78,99,122,94,42,65,76,57,75"/><W17/><G112/><T60/><D104/><U74/><E2/><V109/><F69/><W20/><G122/><T66/><D73/><U35/><E35/><V30/><F30/><W32/><G32/><T38/><D128/><U101/><E6/><V63/><F129/><W97/><G124/><T16/><D125/><U51/><E3/><V135/><F127/><W13/><G42/><T12/><D38/><U52/><E64/><V119/><F119/><W126/><G126/><T25/><D25/><U131/><E131/><V98/><F135/><W40/><G40/><T120/><D120/><U71/><E71/><V134/><F134/><W59/><G75/><T39/><D39/><U82/><E133/><V22/><F63/><W37/><G37/><T70/><D26/><U130/><E130/><V24/><F43/><W107/><REACH who="3" step="1"/><G65/><REACH who="3" ten="381,240,99,260" step="2"/><T111/><D66/><U27/><E74/><V47/><F109/><W9/><G9/><T132/><D111/><U121/><E121/><V115/><F115/><W108/><G108/><T91/><D132/><U0/><E118/><V11/><F110/><W31/><G31/><T23/><D29/><U67/><E67/><V93/><F7/><W45/><G45/><T105/><D28/><U113/><E113/><V14/><F11/><W34/><G34/><T83/><D41/><U85/><E101/><AGARI ba="1,2" hai="13,17,20,56,57,59,76,78,88,94,97,99,101,107" machi="101" ten="40,3900,0" yaku="1,1,54,1,53,0" doraHai="4" doraHaiUra="68" who="3" fromWho="1" sc="381,0,240,-42,99,0,260,62" /><INIT seed="3,2,0,2,1,10" ten="381,198,99,322" oya="3" hai0="80,12,90,16,8,14,97,50,64,123,120,126,35" hai1="25,131,58,75,70,26,113,31,101,92,39,61,84" hai2="5,11,122,67,63,44,106,51,17,68,9,33,49" hai3="47,55,110,32,117,23,107,28,85,119,42,82,105"/><W130/><G32/><T37/><D37/><U108/><E70/><V52/><F106/><W94/><G130/><T38/><D38/><U0/><E0/><V7/><F33/><W76/><G107/><T112/><D35/><U129/><E39/><V128/><F128/><N who="1" m="49225" /><E75/><V104/><F104/><W86/><G105/><T69/><D126/><U22/><E113/><V91/><F122/><W24/><G55/><T41/><D112/><U103/><E108/><V73/><F73/><W88/><REACH who="3" step="1"/><G110/><REACH who="3" ten="381,198,99,312" step="2"/><T59/><D123/><U115/><E115/><V71/><F52/><W13/><G13/><T132/><D120/><U116/><E116/><V48/><F44/><W54/><G54/><T98/><D14/><U134/><E134/><V56/><F5/><W66/><G66/><T89/><D132/><U34/><E34/><V36/><F7/><W114/><G114/><T43/><D64/><N who="1" m="38967" /><E26/><V3/><F3/><W6/><G6/><T96/><D12/><U65/><E65/><V121/><F121/><W133/><G133/><T135/><D135/><U60/><E60/><V72/><F67/><W19/><G19/><T118/><D118/><U102/><E25/><V109/><F63/><W40/><G40/><T46/><D43/><U83/><E31/><V124/><F109/><W74/><G74/><T99/><D41/><U4/><E4/><V81/><F72/><W57/><G57/><T53/><D59/><U87/><E92/><V15/><F56/><W1/><G1/><T2/><D2/><U79/><E83/><V62/><F62/><W20/><G20/><T95/><D80/><RYUUKYOKU ba="2,1" sc="381,-10,198,-10,99,-10,312,30" hai3="23,24,28,42,47,76,82,85,86,88,94,117,119" /><INIT seed="3,3,1,5,1,108" ten="371,188,89,342" oya="3" hai0="96,39,68,82,21,18,70,99,38,41,83,111,46" hai1="42,59,95,130,11,120,5,122,47,35,52,24,62" hai2="127,129,81,66,113,33,119,76,23,61,86,0,133" hai3="98,97,88,84,16,90,112,14,118,65,85,74,40"/><W64/><G74/><T109/><D39/><U6/><E130/><V28/><F33/><W94/><G118/><T103/><D70/><U135/><E135/><V72/><F0/><W45/><G112/><T104/><D68/><U132/><E132/><V48/><F119/><W110/><G110/><N who="0" m="41995" /><D99/><N who="3" m="37897" /><G45/><T80/><D80/><U51/><E95/><V13/><F133/><W67/><G40/><T128/><D128/><U121/><REACH who="1" step="1"/><E11/><REACH who="1" ten="371,178,89,342" step="2"/><V20/><F129/><W73/><G73/><T10/><D10/><U26/><E26/><AGARI ba="3,2" hai="18,21,26,38,41,46,82,83,96,103,104" m="41995" machi="26" ten="30,1000,0" yaku="14,1" doraHai="108" who="0" fromWho="1" sc="371,39,178,-19,89,0,342,0" /><INIT seed="4,0,0,3,2,20" ten="410,159,89,342" oya="0" hai0="34,75,46,49,90,106,128,21,132,109,22,31,134" hai1="50,42,110,93,133,58,131,78,37,74,105,9,68" hai2="97,43,29,67,33,54,23,88,35,125,104,130,57" hai3="6,124,26,113,45,4,82,85,95,17,87,61,7"/><T73/><D106/><U53/><E105/><V30/><F43/><W114/><G124/><T63/><D34/><U27/><E110/><V19/><F125/><W96/><G45/><T11/><D128/><U24/><E131/><V123/><F130/><W65/><G65/><T71/><D11/><U103/><E133/><N who="0" m="51305" /><D90/><U2/><E68/><V0/><F67/><W14/><G61/><T94/><D94/><U59/><E59/><V84/><F0/><W98/><G98/><T10/><D10/><U41/><E93/><N who="2" m="56487" /><F33/><W127/><G127/><T12/><D109/><U69/><E69/><V40/><F40/><W3/><G3/><T129/><D129/><U81/><E42/><V76/><F35/><W135/><G135/><T25/><D63/><U56/><E56/><V115/><F104/><W1/><G1/><T80/><D71/><U38/><E103/><V62/><F123/><W83/><G83/><T55/><D80/><U116/><E116/><V99/><F99/><W112/><G82/><T120/><D120/><U121/><E121/><V72/><F72/><W117/><G117/><T126/><D126/><U91/><E91/><V28/><F115/><W48/><G87/><T119/><D119/><U118/><E118/><V108/><F108/><W36/><G85/><T8/><D21/><U101/><E101/><V60/><F84/><W92/><G114/><T70/><D70/><U52/><E53/><V111/><F111/><W64/><G113/><T32/><D32/><U89/><E89/><V15/><F62/><W86/><G112/><T47/><D47/><N who="1" m="23991" /><E37/><V5/><F76/><RYUUKYOKU ba="0,0" sc="410,10,159,10,89,10,342,-30" hai0="8,12,22,25,31,46,49,55,73,75" hai1="2,9,24,27,50,52,58,74,78,81" hai2="5,15,19,23,28,29,30,54,57,60" /><INIT seed="4,1,0,0,0,61" ten="420,169,99,312" oya="0" hai0="129,115,74,50,53,59,39,57,134,126,56,5,24" hai1="105,21,108,78,114,96,14,30,101,100,66,62,32" hai2="6,72,11,135,130,88,13,1,132,45,89,44,120" hai3="9,85,49,84,29,16,18,98,47,68,131,33,76"/><T94/><D74/><U37/><E37/><V63/><F120/><W48/><G131/><T125/><D39/><U8/><E108/><V69/><F72/><W86/><G68/><T25/><D5/><U92/><E114/><V58/><F69/><W119/><G119/><T112/><D129/><U90/><E32/><V52/><F130/><W26/><G76/><T95/><D50/><U34/><E34/><V107/><F107/><W104/><G48/><T20/><D53/><U117/><E117/><V82/><F1/><W80/><G80/><T19/><D134/><N who="2" m="51242" /><F82/><W93/><G9/><T109/><D109/><U102/><E78/><V23/><F23/><W51/><G104/><T4/><D4/><U110/><E110/><V123/><F123/><W65/><G51/><T121/><D121/><U38/><E38/><V43/><F43/><W36/><G65/><T127/><REACH who="0" step="1"/><D24/><REACH who="0" ten="410,169,99,312" step="2"/><N who="1" m="16655" /><E105/><V55/><F55/><W2/><G36/><T97/><D97/><U71/><E96/><V133/><F133/><W46/><G2/><T75/><D75/><U122/><E122/><V7/><F7/><W128/><G128/><T81/><D81/><U77/><E92/><AGARI ba="1,1" hai="19,20,25,56,57,59,92,94,95,112,115,125,126,127" machi="92" ten="50,9600,0" yaku="1,1,18,1,53,1" doraHai="61" doraHaiUra="22" who="0" fromWho="1" sc="410,109,169,-99,99,0,312,0" /><INIT seed="4,2,0,1,5,16" ten="519,70,99,312" oya="0" hai0="5,82,65,34,83,69,28,89,10,40,35,23,93" hai1="7,104,113,101,3,112,117,1,15,126,49,94,51" hai2="114,95,48,79,78,102,33,46,72,129,80,110,60" hai3="98,53,132,68,123,14,73,47,81,43,64,75,115"/><T50/><D34/><U109/><E104/><V71/><F33/><W44/><G132/><T90/><D35/><U100/><E117/><V76/><F110/><W58/><G115/><N who="1" m="44106" /><E109/><V135/><F114/><W29/><G29/><T52/><D40/><U106/><E106/><V11/><F135/><W105/><G64/><T116/><D116/><U22/><E126/><V59/><F71/><W56/><G68/><T118/><D118/><U6/><E94/><V19/><F129/><W42/><G14/><T127/><D127/><U70/><E70/><V45/><F72/><W99/><G105/><T84/><D65/><U37/><E37/><V119/><F80/><W134/><G134/><T25/><D69/><U103/><E15/><N who="2" m="7679" /><F119/><W54/><G81/><T107/><D107/><U108/><E108/><V97/><F48/><N who="1" m="18505" /><E22/><V120/><F120/><AGARI ba="2,0" hai="42,43,44,47,53,54,56,58,73,75,98,99,120,123" machi="120" ten="25,1600,0" yaku="22,2" doraHai="16" who="3" fromWho="2" sc="519,0,70,0,99,-22,312,22" /><INIT seed="5,0,0,0,5,127" ten="519,70,77,334" oya="1" hai0="93,100,104,16,5,129,63,135,55,112,48,59,78" hai1="118,91,69,128,56,90,81,71,126,122,40,94,13" hai2="75,30,102,123,61,108,45,4,101,134,20,7,31" hai3="43,25,97,41,107,62,44,86,73,42,115,99,6"/><U68/><E122/><V35/><F123/><W39/><G73/><T132/><D104/><U9/><E118/><V130/><F75/><W74/><G74/><T70/><D5/><U27/><E126/><V12/><F35/><W80/><G115/><T11/><D78/><U38/><E40/><V64/><F108/><W89/><G6/><T125/><D125/><U85/><E38/><V21/><F45/><W19/><G99/><T24/><D112/><U77/><E27/><V3/><F12/><W47/><G62/><T60/><D129/><U26/><E26/><V36/><F36/><W84/><G84/><T1/><D1/><U52/><E128/><V105/><F61/><W117/><G117/><T66/><D60/><U67/><E67/><V79/><F79/><W32/><G47/><T37/><D37/><U33/><E33/><V10/><F10/><W65/><G65/><T46/><D70/><U15/><E9/><V124/><F64/><W88/><G107/><T8/><D8/><U29/><E29/><V131/><F124/><W83/><G32/><T57/><D46/><U53/><E91/><V121/><F121/><W119/><G119/><T106/><D106/><U114/><E114/><V18/><F105/><W111/><G39/><T103/><D93/><U23/><E23/><V22/><F22/><N who="3" m="13535" /><G44/><T14/><REACH who="0" step="1"/><D24/><REACH who="0" ten="509,70,77,334" step="2"/><U17/><E56/><V120/><F120/><W54/><G111/><T87/><D87/><N who="1" m="52575" /><E15/><V72/><F130/><W95/><G83/><T0/><D0/><U110/><E110/><V96/><F131/><W98/><G97/><T113/><D113/><RYUUKYOKU ba="0,1" sc="509,10,70,10,77,-30,334,10" hai0="11,14,16,48,55,57,59,63,66,100,103,132,135" hai1="13,17,52,53,68,69,71,77,81,85" hai3="41,42,43,54,80,86,88,89,95,98" /><INIT seed="5,1,1,5,1,127" ten="519,80,47,344" oya="1" hai0="75,24,37,107,39,88,86,5,49,53,84,98,106" hai1="102,52,70,40,41,103,18,30,42,12,50,118,23" hai2="31,71,130,120,54,13,115,63,132,97,89,43,61" hai3="129,32,46,2,83,87,133,20,125,58,14,47,85"/><U68/><E118/><V60/><F120/><W22/><G32/><T121/><D75/><U28/><E70/><V93/><F43/><W8/><G2/><T124/><D124/><U73/><E68/><V128/><F31/><N who="1" m="11817" /><E73/><V91/><F132/><W51/><G125/><T126/><D126/><U10/><E23/><N who="3" m="8746" /><G133/><T100/><D121/><U113/><E113/><V7/><F115/><W17/><G129/><N who="2" m="49769" /><F71/><W25/><G25/><T81/><D24/><U95/><E95/><V3/><F3/><W66/><G87/><T74/><D86/><U26/><E26/><V109/><F109/><W64/><G58/><AGARI ba="1,1" hai="10,12,18,40,41,42,50,52,58,102,103" m="11817" machi="58" ten="30,2900,0" yaku="8,1,54,1" doraHai="127" who="1" fromWho="3" sc="519,0,80,42,47,0,344,-32" /><INIT seed="5,2,0,4,4,71" ten="519,122,47,312" oya="1" hai0="41,127,15,43,122,3,28,31,103,86,76,128,135" hai1="65,50,12,4,93,87,49,72,20,54,32,80,69" hai2="46,89,94,22,21,18,47,11,2,0,92,119,14" hai3="25,131,53,116,37,1,108,63,67,105,100,112,115"/><U96/><E32/><V66/><F119/><W77/><G108/><T79/><D3/><U78/><E69/><V16/><F66/><W74/><G1/><T56/><D135/><U17/><E65/><V88/><F14/><W58/><G116/><T85/><D128/><U113/><E113/><V44/><F44/><W107/><G131/><T5/><D127/><U24/><E72/><V82/><F82/><N who="3" m="45367" /><G37/><T125/><D125/><U130/><E130/><V6/><F11/><W109/><G109/><T55/><D122/><U83/><E83/><V62/><F62/><N who="3" m="36175" /><G25/><T133/><D133/><U8/><REACH who="1" step="1"/><E54/><REACH who="1" ten="519,112,47,312" step="2"/><V9/><F9/><W30/><G67/><T57/><D55/><U73/><E73/><V114/><REACH who="2" step="1"/><F6/><REACH who="2" ten="519,112,37,312" step="2"/><W134/><G115/><AGARI ba="2,2" hai="0,2,16,18,21,22,46,47,88,89,92,94,114,115" machi="115" ten="25,12000,2" yaku="1,1,2,1,22,2,54,2,53,0" doraHai="71" doraHaiUra="97" who="2" fromWho="3" sc="519,0,112,0,37,146,312,-126" /><INIT seed="6,0,0,2,2,67" ten="519,112,183,186" oya="2" hai0="29,24,116,118,40,81,27,94,44,95,123,45,134" hai1="132,52,83,66,103,33,106,25,82,60,130,15,23" hai2="117,120,121,119,96,2,12,78,4,61,109,71,110" hai3="19,76,10,39,100,112,14,125,89,8,7,41,56"/><V34/><F34/><W111/><G111/><N who="2" m="42505" /><F78/><W62/><G125/><T87/><D123/><N who="2" m="47178" /><F96/><W64/><G112/><T101/><D134/><U90/><E132/><V77/><F77/><W97/><G76/><T17/><D17/><U63/><E130/><V92/><F92/><W20/><G89/><T65/><D65/><U11/><E90/><V0/><F61/><W88/><G88/><T1/><D1/><N who="2" m="618" /><F71/><W9/><G39/><T21/><D95/><U122/><E33/><V22/><F22/><W51/><G51/><T58/><D94/><U84/><E122/><V85/><F85/><W124/><G41/><T6/><D87/><U102/><E84/><V114/><F114/><W43/><G43/><T126/><D40/><U135/><E135/><V74/><F74/><W26/><G124/><T107/><D126/><U68/><E102/><V98/><F98/><W30/><G7/><T3/><D6/><U36/><E36/><V47/><F47/><W35/><G35/><T128/><D45/><U72/><E72/><V70/><F70/><W80/><G80/><T42/><D81/><U127/><E127/><V115/><F115/><W104/><AGARI ba="0,0" hai="8,9,10,14,19,20,26,30,56,62,64,97,100,104" machi="104" ten="20,1500,0" yaku="0,1,7,1" doraHai="67" who="3" fromWho="3" sc="519,-4,112,-4,183,-7,186,15" /><INIT seed="7,0,0,5,1,46" ten="515,108,176,201" oya="3" hai0="9,93,114,60,86,37,75,108,97,88,28,21,36" hai1="128,89,45,53,111,35,27,63,104,122,78,39,95" hai2="87,24,103,77,124,73,105,130,52,5,80,25,16" hai3="67,18,4,11,59,20,113,123,125,68,81,8,47"/><W109/><G123/><T29/><D75/><U118/><E104/><V40/><F40/><W94/><G68/><T43/><D108/><U64/><E122/><V3/><F130/><W132/><G81/><T79/><D114/><U96/><E111/><V126/><F73/><W12/><G113/><T107/><D9/><U90/><E128/><V119/><F119/><W112/><G94/><T31/><D43/><U127/><E127/><N who="2" m="48683" /><F5/><W83/><G4/><T102/><D21/><U72/><E118/><V50/><F3/><W0/><G0/><T42/><D42/><U44/><E39/><V69/><F69/><W91/><G112/><T106/><D79/><U85/><E78/><V13/><F103/><W32/><G32/><T6/><D6/><U10/><E72/><V14/><F105/><W7/><G7/><T23/><D23/><U15/><E35/><V2/><F2/><W61/><G20/><T17/><D17/><U66/><E27/><N who="2" m="10315" /><F16/><W41/><G18/><T70/><REACH who="0" step="1"/><D107/><REACH who="0" ten="505,108,176,201" step="2"/><U135/><E10/><V62/><F13/><W1/><G11/><T58/><D58/><U30/><E15/><V57/><F14/><W115/><G12/><T56/><D56/><U48/><E30/><V71/><F71/><W117/><G115/><T121/><D121/><U55/><E135/><V26/><F26/><W84/><G132/><T22/><D22/><U33/><E33/><V120/><F120/><W65/><G125/><T129/><D129/><U110/><E110/><V98/><F62/><W134/><G109/><T100/><D100/><U99/><E63/><V74/><F74/><RYUUKYOKU ba="0,1" sc="505,15,108,-15,176,15,201,-15" hai0="28,29,31,36,37,60,70,86,88,93,97,102,106" hai2="50,52,57,77,80,87,98" owari="530,63.0,93,-41.0,191,-1.0,186,-21.0" /></mjloggm>