<mjloggm ver="2.3"><GO type="97" lobby="0"/><UN n0="%E3%82%89%E3%81%8E" n1="%E5%A4%9C%E9%9D%92%E7%AB%9C" n2="%E3%82%A6%E3%83%AB%E3%83%88%E3%83%A9%E7%AB%8B%E7%9B%B4" n3="%73%68%6F%73%62%6B%62" dan="14,14,13,14" rate="1889.17,1929.36,1866.02,1977.30" sx="M,M,M,M"/><TAIKYOKU oya="0"/><INIT seed="0,0,0,1,2,13" ten="250,250,250,250" oya="0" hai0="131,6,44,8,63,4,39,125,110,47,2,93,89" hai1="77,95,81,38,14,43,126,65,57,107,74,5,112" hai2="134,51,116,58,102,70,120,111,96,118,53,7,130" hai3="19,40,45,104,20,94,135,122,129,127,37,80,61"/><T17/><D125/><U30/><E107/><V26/><F120/><W68/><G104/><T15/><D131/><U16/><E126/><V99/><F70/><W33/><G33/><T108/><D6/><U114/><E30/><V34/><F111/><N who="0" m="42538" /><D63/><N who="1" m="38127" /><E5/><V124/><F124/><W106/><G106/><T27/><D27/><U23/><E95/><V25/><F130/><W42/><G94/><T101/><D101/><U100/><E43/><V3/><F34/><W113/><G42/><T50/><D50/><U79/><E79/><V75/><F7/><W49/><G40/><T121/><D121/><U28/><E28/><V21/><F102/><W66/><G49/><T54/><D54/><U97/><E100/><V82/><F51/><W52/><G127/><T24/><D24/><U41/><E41/><V115/><F53/><W73/><G52/><T84/><D39/><U9/><E97/><V64/><F99/><W36/><G37/><T78/><D78/><U132/><E38/><V31/><F96/><W87/><G36/><T60/><D60/><U35/><E35/><V46/><F26/><W109/><G61/><T0/><D0/><U55/><E55/><V29/><F25/><W22/><G109/><T92/><D92/><U128/><E128/><V72/><F3/><W103/><G129/><T11/><AGARI ba="0,0" hai="2,4,8,11,15,17,44,47,84,89,93" m="42538" machi="11" ten="30,6000,0" yaku="14,1,10,1,52,1" doraHai="13" who="0" fromWho="0" sc="250,60,250,-20,250,-20,250,-20" /><INIT seed="0,1,0,0,4,106" ten="310,230,230,230" oya="0" hai0="114,91,59,126,19,61,87,81,127,30,72,116,107" hai1="35,47,90,108,45,60,42,83,46,123,96,22,121" hai2="128,79,105,17,74,12,71,73,39,41,131,84,102" hai3="37,113,97,134,27,5,69,104,98,85,101,62,16"/><T118/><D107/><U63/><E35/><V52/><F71/><W43/><G113/><T55/><D114/><U32/><E32/><V38/><F102/><W70/><G134/><T50/><D30/><U120/><E42/><V130/><F105/><W133/><G133/><T135/><D135/><U68/><E108/><V75/><F52/><W26/><G5/><T76/><D19/><U124/><E124/><N who="0" m="47657" /><D61/><U4/><E4/><V10/><F41/><W34/><G85/><T78/><D78/><U65/><E63/><V53/><F53/><W115/><G115/><T94/><AGARI ba="1,0" hai="50,55,59,72,76,81,87,91,94,116,118" m="47657" machi="94" ten="30,3000,0" yaku="18,1,52,1" doraHai="106" who="0" fromWho="0" sc="310,33,230,-11,230,-11,230,-11" /><INIT seed="0,2,0,1,0,85" ten="343,219,219,219" oya="0" hai0="29,87,105,64,81,89,86,127,94,31,116,35,26" hai1="27,130,56,65,70,77,28,12,109,95,99,97,40" hai2="2,50,48,11,66,104,67,115,43,21,98,103,51" hai3="119,22,133,37,20,54,5,59,34,106,46,61,17"/><T63/><D105/><U49/><E109/><V114/><F43/><W84/><G119/><T135/><D116/><U14/><E77/><V112/><F21/><W122/><G34/><T91/><D31/><U108/><E108/><V68/><F68/><W101/><G133/><T93/><D127/><U107/><E130/><V121/><F121/><W110/><G110/><T120/><D120/><U73/><E73/><V83/><F83/><W78/><G5/><T8/><D135/><U60/><E99/><V96/><F11/><W76/><G122/><T36/><D36/><U71/><E71/><V3/><REACH who="2" step="1"/><F98/><REACH who="2" ten="343,219,209,219" step="2"/><W57/><G20/><T45/><D81/><U69/><E69/><V92/><F92/><W1/><G22/><T7/><D8/><U18/><E107/><V24/><F24/><W16/><G106/><T79/><D94/><U102/><E18/><V19/><F19/><W55/><G16/><T47/><D93/><U128/><E128/><V88/><F88/><W123/><G17/><T62/><D91/><U124/><E124/><V129/><F129/><W32/><G123/><T58/><D89/><U82/><E82/><V42/><F42/><W75/><G75/><T0/><D26/><U41/><E41/><V30/><F30/><W33/><G37/><T13/><D29/><U6/><E6/><V23/><F23/><W80/><G80/><T111/><D7/><U44/><E70/><V113/><N who="2" m="28672" /><DORA hai="39" /><V38/><F38/><W10/><G10/><T117/><D111/><U132/><E132/><V126/><F126/><W74/><G74/><T52/><D117/><RYUUKYOKU ba="2,1" sc="343,-15,219,15,209,15,219,-15" hai1="12,14,27,28,40,44,49,56,60,65,95,97,102" hai2="2,3,48,50,51,66,67,96,103,104" /><INIT seed="1,3,1,5,0,52" ten="328,234,224,204" oya="1" hai0="14,66,15,24,125,6,134,33,19,29,131,124,97" hai1="74,59,123,90,48,18,108,11,85,86,126,69,68" hai2="17,60,55,120,70,8,92,20,3,0,98,75,10" hai3="16,112,26,46,128,71,72,13,115,132,42,76,96"/><U31/><E123/><V104/><F75/><W110/><G71/><T39/><D39/><U117/><E74/><V35/><F104/><W37/><G26/><T25/><D66/><U135/><E117/><V53/><F35/><W32/><G32/><T77/><D77/><U103/><E31/><V44/><F120/><W114/><G110/><T5/><D97/><U27/><E108/><V65/><F3/><W87/><G72/><T30/><D131/><U40/><E103/><V57/><F70/><W50/><G128/><T49/><D49/><U99/><E99/><V78/><F78/><W67/><G67/><T80/><D80/><U107/><E107/><V89/><F0/><W64/><G64/><T7/><D134/><U133/><E126/><N who="0" m="48745" /><D19/><U73/><E73/><V1/><F1/><W45/><G132/><N who="1" m="50762" /><E86/><V93/><F93/><W88/><G76/><T63/><D63/><U84/><E85/><V47/><F65/><W61/><G96/><T100/><D100/><U111/><E111/><V2/><F2/><W130/><G61/><T94/><D94/><N who="1" m="54599" /><E40/><V118/><F118/><W121/><G130/><T9/><D9/><N who="2" m="3690" /><F55/><W129/><G129/><T106/><D106/><U105/><E105/><V79/><F79/><W119/><G121/><T127/><D127/><U23/><E11/><V62/><F62/><W91/><G119/><T109/><D109/><U41/><E41/><V83/><F83/><W51/><G37/><T36/><D36/><U82/><E82/><V95/><F95/><W4/><G112/><T116/><D116/><U28/><E28/><V122/><F122/><RYUUKYOKU ba="3,1" sc="328,10,234,10,224,10,204,-30" hai0="5,6,7,14,15,24,25,29,30,33" hai1="18,23,27,48,59,68,69" hai2="17,20,44,47,53,57,60,89,92,98" /><INIT seed="1,4,1,4,0,95" ten="338,244,234,174" oya="1" hai0="110,78,43,115,29,23,131,0,37,113,93,80,133" hai1="56,109,6,96,106,52,19,122,65,102,39,46,20" hai2="108,90,42,88,27,3,49,94,54,40,129,97,79" hai3="33,112,70,59,14,11,10,63,2,118,69,126,31"/><U41/><E122/><V66/><F3/><W55/><G112/><T58/><D0/><U92/><E6/><V111/><F66/><W116/><G126/><T84/><D131/><U25/><E65/><V100/><F79/><W62/><G2/><T64/><D133/><U8/><E8/><V1/><F1/><W104/><G104/><T81/><D110/><N who="2" m="42026" /><F27/><N who="3" m="18687" /><G63/><T72/><D43/><N who="2" m="16426" /><F129/><W13/><G11/><T85/><D37/><U4/><E109/><V53/><F54/><W132/><G132/><T103/><D115/><U117/><E117/><N who="3" m="45162" /><G14/><T87/><D113/><U127/><E4/><AGARI ba="4,1" hai="4,10,13,55,59,62,69,70" m="45162,18687" machi="4" ten="30,1000,0" yaku="12,1" doraHai="95" who="3" fromWho="1" sc="338,0,244,-22,234,0,174,32" /><INIT seed="2,0,0,2,4,34" ten="338,222,234,206" oya="2" hai0="107,29,132,43,103,12,56,8,98,83,81,79,27" hai1="14,101,94,75,131,66,77,114,65,58,26,22,57" hai2="0,84,45,54,106,7,23,30,102,60,135,35,52" hai3="122,104,97,3,36,113,90,134,87,76,40,15,112"/><V44/><F35/><W24/><G3/><T46/><D132/><U117/><E114/><N who="3" m="44138" /><G122/><T108/><D108/><U124/><E117/><V116/><F0/><W128/><G128/><T74/><D56/><U68/><E131/><V126/><F106/><W38/><G134/><T59/><D59/><U37/><E37/><V71/><F71/><W31/><G40/><T41/><D83/><U92/><E124/><V63/><F126/><W105/><G15/><T70/><D46/><N who="2" m="18026" /><F135/><W99/><G76/><T42/><D70/><U32/><E77/><V118/><F118/><W64/><G64/><T33/><D43/><U100/><E32/><V67/><F67/><W121/><G121/><T50/><D50/><U111/><E68/><V61/><F116/><W86/><G105/><T49/><D49/><U28/><E111/><V115/><F115/><W21/><G104/><T95/><D107/><U82/><E75/><V55/><F7/><AGARI ba="0,0" hai="7,8,12,27,29,33,41,42,74,79,81,95,98,103" machi="7" ten="30,1000,0" yaku="7,1" doraHai="34" who="0" fromWho="2" sc="338,10,222,0,234,-10,206,0" /><INIT seed="3,0,0,0,5,98" ten="348,222,224,206" oya="3" hai0="92,110,4,88,39,55,37,17,63,21,128,99,7" hai1="101,12,105,51,44,85,49,71,117,1,27,67,132" hai2="25,100,84,109,66,80,122,47,34,38,45,96,102" hai3="104,18,13,14,22,26,60,130,69,126,54,134,59"/><W48/><G104/><T19/><D110/><U41/><E1/><V46/><F38/><W82/><G126/><T127/><D127/><U124/><E124/><V118/><F34/><W112/><G112/><T43/><D43/><U73/><E73/><V23/><F66/><W123/><G123/><T16/><D128/><U108/><E108/><V135/><F135/><W33/><G134/><T52/><D39/><U29/><E132/><V8/><F8/><W113/><G113/><T89/><D37/><U0/><E0/><V72/><F72/><W86/><G130/><T125/><D125/><U106/><E106/><V58/><F58/><W30/><G69/><T76/><D76/><U79/><E12/><V119/><F119/><W120/><G120/><T107/><D107/><U93/><E117/><V77/><F118/><W97/><G97/><T111/><D111/><U114/><E114/><V103/><F109/><W40/><G40/><T9/><D21/><U81/><E93/><N who="2" m="58383" /><F122/><W35/><G13/><N who="0" m="5287" /><D7/><U74/><E74/><V131/><F131/><W90/><REACH who="3" step="1"/><G60/><REACH who="3" ten="348,222,224,196" step="2"/><T24/><D99/><N who="1" m="61631" /><E41/><V31/><AGARI ba="0,1" hai="23,25,31,45,46,47,77,80,84,102,103" m="58383" machi="31" ten="30,7900,0" yaku="8,1,52,3" doraHai="98" who="2" fromWho="2" sc="348,-20,222,-20,224,89,196,-39" owari="328,43.0,202,-20.0,313,11.0,157,-34.0" /></mjloggm>