<mjloggm ver="2.3"><GO type="193" lobby="0"/><UN n0="%E5%A4%A9%E6%9C%9D%E5%A5%B3%E7%8E%8B" n1="%E3%81%95%E3%82%86%E3%81%BF%E3%82%93%E3%81%A8" n2="%E3%81%A6%E3%82%89%E3%81%8D%E3%81%8A%E3%82%93" n3="%E5%B0%B1%E6%B4%BB%E7%94%9F%40%E5%B7%9D%E6%9D%91%E8%BB%8D%E5%9B%A3" dan="11,13,12,11" rate="1603.12,1785.11,1678.88,1814.99" sx="F,M,M,M"/><TAIKYOKU oya="0"/><INIT seed="0,0,0,0,3,61" ten="250,250,250,250" oya="0" hai0="119,129,19,105,91,114,101,109,67,64,16,88,0" hai1="37,33,82,134,47,84,13,118,38,126,35,30,56" hai2="57,95,97,72,68,49,44,45,46,6,92,108,8" hai3="90,130,25,29,66,122,81,7,133,15,98,69,121"/><T60/><D119/><U115/><E118/><V11/><F72/><W79/><G130/><T4/><D114/><U3/><E115/><V78/><F68/><W104/><G133/><T111/><D4/><U77/><E3/><V32/><F78/><W113/><G113/><T83/><D0/><U125/><E134/><V135/><F32/><N who="3" m="20527" /><G15/><T96/><D129/><U132/><E132/><V62/><F135/><W107/><G7/><T100/><D83/><U48/><E13/><N who="2" m="5271" /><F11/><W86/><G79/><T26/><D26/><U76/><E56/><V22/><F22/><W120/><G98/><T59/><D101/><U52/><E76/><V93/><F97/><W116/><G116/><T74/><D74/><U40/><E30/><V23/><F23/><W42/><G42/><T20/><D20/><U55/><E55/><N who="2" m="30135" /><F108/><N who="0" m="41546" /><D67/><AGARI ba="0,0" hai="44,45,57,62,67,92,93,95" m="30135,5271" machi="67" ten="30,2000,0" yaku="8,1,52,1" doraHai="61" who="2" fromWho="0" sc="250,-20,250,0,250,20,250,0" /><INIT seed="1,0,0,4,3,98" ten="230,250,270,250" oya="1" hai0="132,112,44,103,91,16,60,120,36,130,11,39,18" hai1="41,0,17,28,84,99,75,58,123,26,57,114,107" hai2="115,129,106,68,83,10,127,7,101,34,80,5,66" hai3="48,122,50,111,2,82,94,97,35,85,74,90,92"/><U96/><E0/><V12/><F127/><W76/><G35/><T9/><D120/><U37/><E123/><V105/><F105/><W31/><G2/><T6/><D112/><U71/><E75/><V1/><F1/><W133/><G122/><T67/><D91/><U79/><E114/><V42/><F42/><W70/><G70/><T56/><D130/><U88/><E71/><V43/><F43/><W29/><G133/><T89/><D132/><U113/><E113/><V81/><F5/><W128/><G128/><T24/><D89/><U119/><E119/><V109/><F109/><W65/><G65/><T64/><D44/><U131/><E131/><V32/><F129/><W27/><G111/><T61/><D67/><U102/><E96/><V25/><F25/><W87/><G74/><T104/><D61/><U22/><E79/><V8/><F8/><W72/><G72/><T21/><D18/><U3/><E3/><V19/><F68/><W49/><G27/><T135/><D135/><U116/><E116/><V52/><F66/><W23/><REACH who="3" step="1"/><G23/><REACH who="3" ten="230,250,270,240" step="2"/><T33/><D33/><U117/><E117/><V78/><F34/><W125/><G125/><T126/><D126/><U86/><E28/><V13/><F32/><W118/><G118/><T69/><D69/><U15/><E26/><V14/><F115/><W4/><G4/><T108/><D108/><U134/><E134/><V77/><F7/><W51/><N who="3" m="12800" /><DORA hai="45" /><W62/><G62/><T110/><D110/><U54/><E22/><V73/><F73/><W124/><G124/><T63/><D63/><U55/><E15/><RYUUKYOKU ba="0,1" sc="230,-10,250,-10,270,-10,240,30" hai3="29,31,76,82,85,87,90,92,94,97" /><INIT seed="2,1,1,1,0,104" ten="220,240,260,270" oya="2" hai0="110,0,78,3,74,39,21,1,30,69,68,12,101" hai1="126,114,43,135,32,65,90,26,131,11,73,13,34" hai2="25,132,14,46,91,124,35,125,42,5,97,72,106" hai3="52,116,33,55,108,67,9,92,93,94,89,128,133"/><V127/><F72/><W111/><G33/><T102/><D110/><N who="3" m="42025" /><G116/><T100/><D39/><U107/><E107/><V88/><F132/><W36/><G36/><T76/><D74/><U47/><E114/><V10/><F106/><W61/><G128/><T56/><D56/><U20/><E135/><V19/><F97/><W57/><G133/><T99/><D99/><U86/><E131/><V49/><F35/><W6/><G89/><T51/><D51/><U120/><E120/><V75/><F75/><W83/><G83/><T22/><D30/><U129/><E129/><V70/><F70/><W45/><G45/><T98/><D98/><U2/><E73/><V24/><F5/><W71/><G71/><N who="0" m="27211" /><D12/><AGARI ba="1,1" hai="6,9,12,52,55,57,61,67,92,93,94" m="42025" machi="12" ten="30,2000,0" yaku="14,1,54,1" doraHai="104" who="3" fromWho="0" sc="220,-23,240,0,260,0,270,33" /><INIT seed="3,0,0,3,5,47" ten="197,240,260,303" oya="3" hai0="98,82,41,38,19,68,73,27,14,65,118,42,87" hai1="109,37,132,135,8,18,84,16,102,79,81,133,26" hai2="50,64,101,99,52,39,30,97,120,105,66,128,63" hai3="15,116,34,74,104,126,40,56,45,59,96,2,17"/><W94/><G2/><T10/><D118/><U6/><E37/><V131/><F39/><W125/><G104/><T89/><D73/><U24/><E109/><V13/><F30/><W57/><G34/><T117/><D117/><U31/><E102/><V48/><F97/><W5/><G74/><T43/><D98/><U110/><E110/><V107/><F107/><W112/><G5/><T11/><D27/><U67/><E67/><N who="2" m="25643" /><F13/><W29/><G29/><T108/><D108/><U36/><E36/><V20/><F20/><N who="3" m="11327" /><G116/><T113/><D113/><U127/><E127/><N who="3" m="48650" /><G112/><T9/><REACH who="0" step="1"/><D38/><REACH who="0" ten="187,240,260,303" step="2"/><U71/><E71/><V78/><F120/><W4/><G4/><T46/><D46/><U91/><E24/><V106/><F128/><W93/><G96/><T70/><D70/><U1/><REACH who="1" step="1"/><E79/><REACH who="1" ten="187,230,260,303" step="2"/><V21/><F131/><W61/><G61/><AGARI ba="0,2" hai="9,10,11,14,19,41,42,43,61,65,68,82,87,89" machi="61" ten="40,1300,0" yaku="1,1,53,0" doraHai="47" doraHaiUra="129" who="0" fromWho="3" sc="187,33,230,0,260,0,303,-13" /><INIT seed="4,0,0,3,0,62" ten="220,230,260,290" oya="0" hai0="133,34,16,135,76,61,104,17,49,113,58,29,69" hai1="85,42,103,31,97,7,46,94,92,116,119,54,129" hai2="88,51,72,60,55,101,117,128,52,14,75,25,89" hai3="95,20,18,2,132,57,28,93,27,23,105,26,134"/><T100/><D69/><U66/><E129/><V96/><F117/><W22/><G105/><T125/><D76/><U130/><E130/><V47/><F72/><W70/><G70/><T111/><D125/><U67/><E119/><V109/><F109/><W33/><G2/><T114/><D111/><U11/><E116/><V79/><F75/><W45/><G45/><T77/><D77/><U15/><E31/><V6/><F79/><W80/><G80/><T9/><D49/><N who="1" m="28983" /><E42/><V68/><F25/><N who="3" m="18575" /><G57/><T120/><D120/><U112/><E112/><N who="0" m="43113" /><D9/><U10/><E10/><N who="2" m="4439" /><F68/><W5/><G5/><T50/><D50/><U73/><E73/><V122/><F122/><W3/><G3/><T12/><D12/><U118/><E118/><V1/><F1/><W107/><G107/><T71/><D71/><U19/><E7/><V59/><F128/><W110/><G110/><T24/><D100/><U98/><E85/><V108/><F108/><W40/><G40/><T84/><D84/><U64/><E103/><V13/><F13/><N who="3" m="9295" /><G93/><AGARI ba="0,0" hai="11,15,19,64,66,67,92,93,94,97,98" m="28983" machi="93" ten="30,7700,0" yaku="8,1,52,3" doraHai="62" who="1" fromWho="3" sc="220,0,230,77,260,0,290,-77" /><AGARI ba="0,0" hai="47,51,52,55,59,60,88,89,93,96,101" m="4439" machi="93" ten="30,3900,0" yaku="8,1,54,2" doraHai="62" who="2" fromWho="3" sc="220,0,307,0,260,39,213,-39" owari="220,-18.0,307,41.0,299,10.0,174,-33.0" /></mjloggm>