<mjloggm ver="2.3"><GO type="97" lobby="0"/><UN n0="%E5%B0%B1%E6%B4%BB%E7%94%9F%40%E5%B7%9D%E6%9D%91%E8%BB%8D%E5%9B%A3" n1="%E3%82%AB%E3%83%A9%E3%82%B9%E3%81%AE%E5%AD%90" n2="%E3%81%BF%E3%81%8B%E3%82%93%E3%82%BF%E3%82%A4%E3%83%A0" n3="%E3%81%BD%E3%81%A3%E3%81%BD%EF%BC%94%EF%BD%98" dan="15,15,14,13" rate="1990.65,2020.43,1958.92,1831.72" sx="M,M,M,M"/><TAIKYOKU oya="0"/><INIT seed="0,0,0,0,4,86" ten="250,250,250,250" oya="0" hai0="0,48,83,17,65,8,52,25,55,26,95,84,44" hai1="12,57,101,41,14,11,124,22,128,115,99,54,74" hai2="103,90,88,116,135,118,24,1,80,18,81,114,104" hai3="50,79,34,69,126,133,33,92,85,32,93,98,6"/><T20/><D65/><U53/><E74/><V89/><F1/><W120/><G69/><T131/><D131/><U59/><E128/><V134/><F114/><W107/><G120/><T70/><D70/><U21/><E124/><V58/><F58/><W71/><G126/><T106/><D106/><U105/><E115/><V73/><F24/><W3/><G133/><N who="2" m="50697" /><F18/><W94/><G71/><T45/><D26/><U130/><E41/><V62/><F62/><W37/><G37/><T5/><D95/><U117/><E117/><N who="2" m="45163" /><F73/><W91/><G3/><T82/><D82/><U13/><E130/><V127/><F127/><W119/><G119/><T36/><D36/><U29/><E11/><V68/><F68/><W7/><G50/><T122/><D122/><U129/><E129/><V75/><F75/><W96/><G79/><T16/><D45/><U2/><E2/><V61/><F61/><W39/><G39/><T111/><D111/><U123/><E123/><V110/><F110/><W46/><G46/><T23/><D55/><U4/><E4/><V43/><F43/><W49/><G49/><T63/><D63/><U113/><E113/><V42/><F42/><W64/><G64/><T112/><D112/><U97/><E53/><V60/><F60/><W35/><N who="3" m="8704" /><DORA hai="78" /><W15/><G107/><T30/><D20/><U28/><E54/><V19/><F19/><W51/><G51/><T132/><D132/><U67/><E67/><V9/><F9/><N who="3" m="4535" /><G7/><T27/><D27/><U47/><E47/><V100/><F104/><W40/><G40/><T56/><D44/><U66/><E105/><RYUUKYOKU ba="0,0" sc="250,10,250,-30,250,10,250,10" hai0="0,5,8,16,17,23,25,30,48,52,56,83,84" hai2="80,81,88,89,90,100,103" hai3="85,91,92,93,94,96,98" /><INIT seed="0,1,0,4,4,29" ten="260,220,260,260" oya="0" hai0="101,75,55,104,34,102,94,26,1,100,88,39,83" hai1="111,123,81,89,13,110,112,61,128,53,30,36,42" hai2="86,41,8,66,3,122,103,19,6,27,109,134,50" hai3="108,46,2,63,91,80,129,10,65,12,56,85,76"/><T135/><D1/><U97/><E123/><V107/><F122/><W79/><G2/><T40/><D135/><U125/><E128/><V121/><F134/><W114/><G129/><T23/><D34/><U99/><E125/><V52/><F121/><W18/><G114/><T14/><D104/><U130/><E130/><V57/><F109/><W69/><G108/><N who="1" m="41514" /><E112/><V118/><F118/><W105/><G105/><T98/><D55/><U44/><E13/><V95/><F107/><W17/><G69/><T120/><D120/><U64/><E53/><V32/><F66/><W71/><G71/><T72/><D14/><U77/><E89/><V49/><F41/><W87/><G46/><T21/><D21/><U133/><E30/><V60/><F103/><W127/><G127/><T43/><D39/><U37/><E37/><V11/><F11/><W78/><REACH who="3" step="1"/><G18/><REACH who="3" ten="260,220,260,250" step="2"/><T124/><D124/><U84/><E133/><V115/><F115/><W28/><G28/><T45/><D45/><U20/><E44/><V9/><F19/><W7/><G7/><T96/><D43/><U92/><E42/><V132/><F6/><W90/><G90/><T35/><D40/><U58/><E58/><V113/><F3/><W47/><G47/><T22/><D88/><N who="1" m="53255" /><E36/><V62/><F113/><W93/><AGARI ba="1,1" hai="10,12,17,56,63,65,76,78,79,80,85,87,91,93" machi="93" ten="20,5200,0" yaku="1,1,0,1,7,1,8,1,53,0" doraHai="29" doraHaiUra="33" who="3" fromWho="3" sc="260,-27,220,-14,260,-14,250,65" /><INIT seed="1,0,0,2,3,52" ten="233,206,246,315" oya="1" hai0="27,38,50,54,106,105,73,61,113,68,76,4,74" hai1="0,5,43,13,66,98,10,127,135,14,3,121,99" hai2="41,42,69,109,111,23,63,108,39,55,37,29,31" hai3="49,2,18,125,11,88,92,101,48,91,24,103,12"/><U6/><E121/><V81/><F81/><W104/><G2/><T117/><D38/><N who="2" m="14346" /><F23/><W93/><G125/><T71/><D113/><U57/><E127/><V7/><F7/><W32/><G104/><T115/><D117/><U47/><E135/><V102/><F102/><N who="3" m="38923" /><G24/><T110/><D115/><U85/><E3/><V97/><F97/><N who="1" m="36873" /><E0/><V25/><F25/><W53/><G32/><T34/><D27/><U1/><E1/><V30/><F69/><W21/><G11/><T120/><D34/><U129/><E129/><V28/><N who="2" m="7680" /><DORA hai="80" /><V65/><F65/><W130/><G130/><T8/><D71/><U128/><E128/><V84/><F84/><N who="3" m="52231" /><G53/><T79/><D68/><U119/><E119/><V36/><N who="2" m="14354" /><V44/><DORA hai="83" /><F44/><W126/><G126/><T22/><D8/><U124/><E124/><V75/><F75/><W134/><G134/><T40/><D74/><U95/><E6/><V77/><F77/><W114/><G114/><T94/><D73/><U67/><E14/><V100/><F100/><W112/><G112/><T86/><D4/><U122/><E122/><V70/><F70/><W45/><G45/><T116/><D120/><U132/><E132/><V72/><F72/><W78/><G78/><T9/><D116/><U17/><E5/><V26/><F26/><W82/><G82/><T20/><D105/><U131/><E131/><V15/><F15/><W60/><G60/><T16/><D106/><U89/><E47/><V64/><F64/><N who="1" m="24617" /><E43/><V118/><F118/><W133/><G133/><T96/><D40/><U59/><AGARI ba="0,0" hai="10,13,17,57,59,85,89,95" m="24617,36873" machi="59" ten="30,12000,1" yaku="8,1,52,4" doraHai="52,80,83" who="1" fromWho="1" sc="233,-40,206,120,246,-40,315,-40" /><INIT seed="1,1,0,2,2,87" ten="193,326,206,275" oya="1" hai0="67,131,26,95,4,51,40,77,69,63,121,84,125" hai1="9,0,120,58,44,33,54,18,19,78,20,117,53" hai2="130,43,83,65,135,48,106,52,115,16,8,21,92" hai3="110,123,119,14,30,101,57,73,102,128,109,103,42"/><U49/><E120/><V56/><F115/><W39/><G123/><T59/><D121/><U112/><E112/><V126/><F130/><W96/><G73/><T12/><D131/><U2/><E117/><V55/><F126/><W66/><G119/><T25/><D125/><U45/><E33/><V100/><F106/><W116/><G116/><T5/><D5/><U122/><E122/><V28/><F135/><W36/><G128/><T34/><D34/><U15/><E78/><V27/><F83/><W132/><G132/><T64/><D64/><U50/><REACH who="1" step="1"/><E58/><REACH who="1" ten="193,316,206,275" step="2"/><V1/><F56/><W31/><G57/><T71/><D71/><U3/><E3/><V62/><F1/><W24/><G66/><T68/><D68/><U118/><E118/><V13/><F65/><W93/><G36/><T46/><D69/><U111/><E111/><V70/><F70/><W22/><G110/><T74/><D74/><U37/><E37/><V133/><F133/><W134/><G109/><T94/><D77/><U127/><E127/><V10/><F10/><W35/><G134/><T41/><D67/><U104/><E104/><V72/><F72/><W47/><G35/><T99/><D63/><U23/><E23/><V105/><F62/><W90/><G22/><T85/><D59/><U60/><E60/><V17/><F105/><W79/><G39/><T81/><D51/><U80/><E80/><V114/><F114/><W88/><G93/><T6/><D81/><U89/><E89/><V86/><F21/><W113/><G113/><T75/><D75/><U124/><E124/><V11/><F8/><RYUUKYOKU ba="1,1" sc="193,-10,316,30,206,-10,275,-10" hai1="0,2,9,15,18,19,20,44,45,49,50,53,54" /><INIT seed="1,2,1,1,2,10" ten="183,346,196,265" oya="1" hai0="41,57,83,4,22,94,56,79,24,0,120,129,27" hai1="91,36,131,44,110,73,15,67,60,96,128,124,98" hai2="19,35,69,53,70,115,86,64,97,112,38,52,7" hai3="32,66,74,68,106,31,132,89,34,28,45,77,104"/><U50/><E73/><V59/><F38/><W37/><G132/><T61/><D120/><U125/><E91/><V58/><F35/><W33/><G89/><T6/><D129/><N who="1" m="49739" /><E98/><V121/><F7/><N who="0" m="2602" /><D0/><U18/><E96/><V21/><F97/><W87/><G87/><N who="0" m="48639" /><D94/><U49/><E36/><V119/><F86/><W130/><G130/><T107/><D107/><U85/><E85/><V117/><F121/><W123/><G123/><T116/><D116/><N who="2" m="44618" /><F21/><W9/><G9/><T88/><D88/><U1/><E1/><V12/><F12/><W29/><G77/><T109/><D109/><U127/><E44/><V80/><F19/><W62/><G74/><T17/><D41/><U8/><E110/><V111/><F80/><W105/><G37/><T118/><D118/><U134/><E134/><V108/><F64/><W76/><G76/><T103/><D103/><U3/><E3/><V39/><F39/><W51/><G45/><T16/><D61/><U47/><E47/><V42/><F42/><W14/><G51/><T126/><D126/><U75/><E75/><V40/><F40/><W113/><G113/><N who="2" m="43593" /><F111/><W63/><G62/><T2/><D2/><U26/><E26/><N who="0" m="9769" /><D17/><U92/><E92/><V102/><F102/><W30/><N who="3" m="7680" /><DORA hai="11" /><W54/><G54/><N who="2" m="21097" /><F108/><W133/><G133/><T20/><D20/><U114/><E114/><V95/><F95/><W135/><G135/><T65/><D65/><U43/><E43/><V90/><F90/><W84/><G84/><T72/><D72/><U100/><E100/><V93/><F93/><W55/><G55/><T23/><D23/><RYUUKYOKU ba="2,1" sc="183,0,346,0,196,0,265,0" hai0="16,22,56,57" hai1="8,15,18,49,50,60,67,124,125,127" hai2="58,59,69,70" hai3="14,32,33,34,63,66,68,104,105,106" /><INIT seed="1,3,1,3,0,29" ten="183,346,196,265" oya="1" hai0="65,38,111,21,46,4,67,33,71,105,6,127,7" hai1="108,81,122,107,135,120,70,52,125,72,20,100,88" hai2="50,34,57,40,30,89,26,19,17,23,114,31,48" hai3="3,36,93,106,39,60,97,0,123,53,15,54,82"/><U10/><E70/><V101/><F114/><W55/><G123/><T131/><D105/><U130/><E122/><V43/><F101/><W62/><G106/><T86/><D71/><U18/><E120/><V58/><F89/><W49/><G82/><T44/><D33/><U74/><E74/><V124/><F124/><W98/><G15/><T84/><D127/><U77/><E125/><V5/><F5/><W68/><G68/><T104/><D104/><U73/><E73/><V103/><F103/><W9/><G49/><T75/><D75/><U11/><E130/><V115/><F115/><W95/><G54/><T41/><D131/><U63/><E135/><V24/><F23/><W102/><G102/><T109/><D21/><U96/><E108/><N who="0" m="41545" /><D46/><U132/><E132/><V134/><F134/><W69/><G69/><T8/><D8/><AGARI ba="3,1" hai="0,3,8,9,36,39,53,55,60,62,93,95,97,98" machi="8" ten="25,1600,0" yaku="22,2" doraHai="29" who="3" fromWho="0" sc="183,-25,346,0,196,0,265,35" /><INIT seed="2,0,0,0,2,0" ten="158,346,196,300" oya="2" hai0="90,130,66,107,24,65,86,72,49,81,89,23,102" hai1="40,14,42,87,125,106,73,56,1,133,112,39,119" hai2="82,11,68,33,132,26,120,8,43,123,63,122,80" hai3="38,18,79,128,99,4,16,129,15,83,45,101,35"/><V95/><F132/><W55/><G35/><T47/><D130/><N who="3" m="50281" /><G38/><T31/><D72/><U19/><E119/><V51/><F95/><N who="3" m="58623" /><G45/><T103/><D107/><U71/><E112/><V32/><F43/><W59/><G4/><T62/><D90/><U7/><E39/><V92/><F51/><N who="3" m="31231" /><G15/><T84/><D84/><AGARI ba="0,0" hai="16,18,79,83,84" m="31231,58623,50281" machi="84" ten="30,2000,0" yaku="19,1,54,1" doraHai="0" who="3" fromWho="0" sc="158,-20,346,0,196,0,300,20" /><INIT seed="3,0,0,5,4,95" ten="138,346,196,320" oya="3" hai0="16,59,79,93,10,49,43,74,65,110,17,77,96" hai1="67,25,126,30,127,118,119,23,134,100,60,54,108" hai2="97,1,42,104,44,45,66,80,50,115,102,120,94" hai3="62,83,123,128,105,103,63,33,82,87,22,124,133"/><W4/><G123/><T15/><D110/><U78/><E78/><N who="0" m="29705" /><D74/><U88/><E108/><V3/><F120/><W112/><G112/><T117/><D117/><N who="1" m="44555" /><E134/><V36/><F115/><W101/><G33/><T92/><D92/><U48/><E100/><V132/><F132/><W90/><G133/><T32/><D32/><U85/><E54/><V26/><F26/><W71/><G128/><T125/><D125/><U70/><E48/><V14/><F66/><W29/><G124/><T0/><D0/><U52/><E52/><V72/><F14/><W81/><G4/><N who="0" m="3527" /><D65/><U116/><E116/><V40/><F104/><W41/><G41/><T35/><D35/><U34/><E34/><V107/><F107/><W56/><G71/><T19/><D59/><U39/><E39/><V76/><AGARI ba="0,0" hai="1,3,36,40,42,44,45,50,72,76,80,94,97,102" machi="76" ten="30,2000,0" yaku="0,1,52,1" doraHai="95" who="2" fromWho="2" sc="138,-5,346,-5,196,20,320,-10" owari="133,-37.0,341,44.0,216,-18.0,310,11.0" /></mjloggm>