<mjloggm ver="2.3"><GO type="169" lobby="0"/><UN n0="%E3%81%8D%E3%81%8F%E3%81%A6%E3%81%83%E3%81%99%E2%98%86" n1="%E3%82%A6%E3%83%AB%E3%83%88%E3%83%A9%E7%AB%8B%E7%9B%B4" n2="%E3%81%8A%E3%81%98%E3%81%8A" n3="%E3%83%81%E3%83%BC%E3%82%BF%E3%83%BC" dan="16,16,17,18" rate="2115.83,2103.56,2150.33,2221.28" sx="M,M,M,M"/><TAIKYOKU oya="0"/><INIT seed="0,0,0,1,5,57" ten="250,250,250,250" oya="0" hai0="121,29,127,56,94,64,63,69,89,102,37,66,85" hai1="119,106,98,45,110,62,33,92,7,5,20,77,13" hai2="21,81,46,88,24,116,48,113,74,124,131,10,25" hai3="65,96,101,30,135,107,72,26,73,83,67,11,134"/><T35/><D121/><U8/><E33/><V6/><F113/><W76/><G11/><T123/><D123/><U71/><E106/><V82/><F131/><W50/><G50/><T80/><D37/><U105/><E105/><V9/><F124/><W90/><G73/><T58/><D127/><U59/><E71/><V87/><F116/><W99/><G99/><T126/><D126/><U129/><E119/><V2/><F10/><W91/><G91/><T19/><D69/><U23/><E110/><V122/><F122/><W133/><REACH who="3" step="1"/><G90/><REACH who="3" ten="250,250,250,240" step="2"/><T103/><D89/><N who="1" m="55567" /><E129/><V1/><F74/><W118/><G118/><T43/><D85/><U114/><E114/><V22/><F1/><W100/><G100/><T111/><D103/><U75/><E75/><V12/><F2/><W117/><G117/><T53/><D102/><U36/><E36/><V84/><F21/><AGARI ba="0,1" hai="21,26,30,65,67,72,76,83,96,101,107,133,134,135" machi="21" ten="40,2600,0" yaku="1,1,20,1,53,0" doraHai="57" doraHaiUra="70" who="3" fromWho="2" sc="250,0,250,0,250,-26,240,36" /><INIT seed="1,0,0,3,5,20" ten="250,250,224,276" oya="1" hai0="99,59,23,115,18,4,69,79,111,88,93,29,0" hai1="27,11,45,51,64,114,25,94,74,108,125,47,91" hai2="104,70,132,46,14,110,6,49,7,130,34,121,5" hai3="52,124,109,97,73,38,117,24,37,96,63,15,57"/><U87/><E74/><V112/><F121/><W9/><G73/><T12/><D69/><U134/><E114/><V84/><F70/><W42/><G117/><T8/><D115/><U10/><E125/><V102/><F110/><W120/><G120/><T82/><D111/><U19/><E108/><V50/><F34/><W2/><G2/><T17/><D17/><U44/><E134/><V32/><F32/><W40/><G124/><T135/><D135/><U56/><E19/><V92/><F104/><W119/><G119/><T58/><REACH who="0" step="1"/><D29/><REACH who="0" ten="240,250,224,276" step="2"/><U85/><E11/><V13/><F132/><W133/><G133/><T3/><D3/><U67/><E10/><V35/><F112/><W54/><G109/><T95/><D95/><U30/><E30/><V55/><F92/><W28/><G9/><T41/><D41/><U83/><E64/><V98/><F5/><W1/><G1/><T72/><AGARI ba="0,1" hai="0,4,8,12,18,23,58,59,72,79,82,88,93,99" machi="72" ten="20,5200,0" yaku="1,1,0,1,7,1,54,1,53,0" doraHai="20" doraHaiUra="101" who="0" fromWho="0" sc="240,62,250,-26,224,-13,276,-13" /><INIT seed="2,0,0,4,3,25" ten="302,224,211,263" oya="2" hai0="96,56,126,113,49,91,131,79,18,16,59,93,30" hai1="87,11,100,75,85,53,110,107,21,52,77,86,26" hai2="8,94,134,116,23,19,0,78,48,130,17,70,112" hai3="40,127,64,125,80,24,42,99,71,60,135,103,27"/><V14/><F112/><W45/><G80/><T3/><D113/><U109/><E77/><V104/><F104/><W13/><G13/><T65/><D3/><U81/><E81/><V83/><F70/><W68/><G68/><T61/><D131/><U122/><E75/><V12/><F116/><W32/><G135/><T133/><D126/><N who="3" m="48137" /><G32/><T67/><D133/><U119/><E119/><V41/><F130/><W1/><G1/><T4/><D79/><U33/><E33/><V92/><F134/><W28/><G45/><T97/><D4/><U108/><E122/><V123/><F0/><W102/><G102/><T69/><D69/><U90/><E90/><V128/><F123/><W36/><G36/><T129/><D129/><U35/><E35/><V72/><REACH who="2" step="1"/><F128/><REACH who="2" ten="302,224,201,263" step="2"/><W73/><G71/><T22/><D97/><N who="1" m="61839" /><E11/><V51/><F51/><W5/><G99/><T37/><D37/><U74/><E74/><V101/><F101/><W117/><G103/><T15/><D49/><U106/><E106/><V54/><F54/><W7/><G73/><T44/><D96/><U76/><E76/><V38/><F38/><W124/><G117/><T46/><D91/><U29/><AGARI ba="0,1" hai="21,26,29,52,53,85,86,87,108,109,110" m="61839" machi="29" ten="40,5200,0" yaku="14,1,52,1,54,1" doraHai="25" who="1" fromWho="1" sc="302,-13,224,62,201,-26,263,-13" /><INIT seed="3,0,0,4,4,68" ten="289,286,175,250" oya="3" hai0="5,57,104,61,132,88,9,73,15,126,118,110,44" hai1="29,4,79,31,16,124,66,10,67,121,134,100,135" hai2="96,127,33,20,37,28,103,13,40,70,46,1,27" hai3="36,69,83,106,25,125,39,80,62,30,12,11,48"/><W52/><G106/><T122/><D118/><U102/><E79/><V117/><F117/><W59/><G125/><T129/><D122/><U50/><E50/><V56/><F70/><W91/><G69/><T120/><D120/><U65/><E16/><V90/><F1/><W115/><G115/><T47/><D73/><U95/><E95/><V26/><F127/><W58/><G91/><T108/><D104/><U6/><E124/><V72/><F72/><W53/><G83/><T38/><D126/><U87/><E87/><V78/><F78/><W116/><G80/><T0/><D132/><N who="1" m="50731" /><E10/><V98/><F13/><W35/><G116/><T77/><D77/><U112/><E112/><V81/><F56/><W82/><G82/><T114/><D114/><U64/><E64/><V105/><F98/><W7/><AGARI ba="0,0" hai="7,11,12,25,30,35,36,39,48,52,53,58,59,62" machi="7" ten="20,12000,1" yaku="0,1,7,1,52,2,54,1" doraHai="68" who="3" fromWho="3" sc="289,-40,286,-40,175,-40,250,120" /><INIT seed="3,1,0,2,3,58" ten="249,246,135,370" oya="3" hai0="128,118,117,53,116,42,2,108,61,81,41,10,130" hai1="54,90,134,14,45,97,7,31,131,9,24,110,68" hai2="39,17,71,103,89,124,18,87,43,4,83,85,133" hai3="36,75,105,76,22,29,82,65,102,28,13,99,23"/><W63/><G36/><T70/><D2/><U62/><E110/><V114/><F71/><W48/><G48/><T6/><D6/><U46/><E131/><N who="0" m="50217" /><D10/><U5/><E5/><V51/><F114/><W120/><G120/><T44/><D81/><U40/><E134/><V16/><F39/><W121/><G121/><T52/><D108/><U74/><E74/><V122/><F122/><W95/><G105/><T3/><D3/><U115/><E115/><V50/><F133/><W129/><G129/><T127/><D127/><U38/><E90/><V109/><F109/><W123/><G123/><T33/><D33/><U11/><E97/><V86/><F124/><W55/><G55/><N who="0" m="21067" /><D44/><U49/><E11/><V93/><F4/><W21/><REACH who="3" step="1"/><G13/><REACH who="3" ten="249,246,135,360" step="2"/><T80/><D118/><U126/><E126/><V91/><F43/><W60/><G60/><T32/><D117/><U8/><E14/><V12/><F12/><W56/><AGARI ba="1,1" hai="21,22,23,28,29,56,63,65,75,76,82,95,99,102" machi="56" ten="30,6000,0" yaku="1,1,0,1,52,1,53,0" doraHai="58" doraHaiUra="113" who="3" fromWho="3" sc="249,-21,246,-21,135,-21,360,73" /><INIT seed="3,2,0,4,4,53" ten="228,225,114,433" oya="3" hai0="59,82,113,36,84,13,67,43,40,114,95,2,37" hai1="25,121,126,90,57,111,120,81,94,102,47,69,32" hai2="79,60,115,127,56,64,39,14,55,41,72,38,89" hai3="110,134,106,105,132,96,62,63,91,21,11,31,19"/><W28/><G11/><T77/><D2/><U23/><E69/><V97/><F115/><N who="0" m="44042" /><D95/><U68/><E68/><V73/><F127/><W116/><G116/><T20/><D13/><U58/><E32/><V52/><F14/><W18/><G110/><T29/><D37/><U86/><E111/><V74/><F79/><W54/><G54/><T8/><D8/><U10/><E126/><V76/><F76/><W118/><G118/><T0/><D0/><U4/><E47/><V80/><F38/><W49/><G49/><T108/><D108/><U83/><E121/><V46/><REACH who="2" step="1"/><F97/><REACH who="2" ten="228,225,104,433" step="2"/><W109/><G109/><T42/><D36/><U17/><E120/><V34/><F34/><W35/><G96/><T26/><D67/><U48/><E48/><V87/><AGARI ba="2,1" hai="39,41,46,52,55,56,60,64,72,73,74,80,87,89" machi="87" ten="40,8000,1" yaku="1,1,0,1,52,1,54,1,53,0" doraHai="53" doraHaiUra="45" who="2" fromWho="2" sc="228,-22,225,-22,104,96,433,-42" /><INIT seed="4,0,0,3,4,115" ten="206,203,200,391" oya="0" hai0="97,22,11,26,99,64,130,77,44,120,79,29,134" hai1="8,123,119,37,55,101,78,111,133,87,53,132,45" hai2="90,13,124,129,66,127,63,110,23,1,105,24,30" hai3="18,17,38,96,92,51,25,126,75,94,118,3,6"/><T93/><D120/><U19/><E101/><V100/><F1/><W48/><G38/><T15/><D134/><N who="1" m="51819" /><E111/><V69/><F110/><W50/><G75/><T59/><D130/><U116/><E123/><V0/><F0/><W74/><G74/><T83/><D44/><U112/><E112/><V67/><F129/><W28/><G118/><N who="1" m="45098" /><E37/><V122/><F67/><W103/><G126/><T20/><D20/><U89/><E78/><V135/><F122/><W102/><G6/><N who="0" m="3575" /><D83/><N who="1" m="49407" /><E45/><V16/><F135/><W113/><G113/><T86/><D79/><U42/><E42/><V47/><F47/><W108/><G108/><T121/><D121/><U2/><E2/><V43/><F43/><W104/><G3/><T80/><D93/><U128/><E128/><V95/><F100/><W68/><G102/><T82/><D82/><U70/><E70/><V27/><F105/><W106/><G68/><T14/><D77/><U54/><E8/><V114/><F114/><W56/><G106/><T35/><D80/><U10/><E10/><V21/><F127/><W31/><G104/><T107/><D107/><U5/><E19/><V39/><F39/><W41/><G41/><T7/><D86/><U9/><E9/><N who="2" m="6191" /><F124/><W60/><G94/><T73/><D73/><U49/><E5/><V65/><F69/><W62/><G17/><N who="0" m="10551" /><D7/><U46/><AGARI ba="0,0" hai="46,49,53,54,55" m="49407,45098,51819" machi="46" ten="30,7900,0" yaku="20,1,52,3" doraHai="115" who="1" fromWho="1" sc="206,-39,203,79,200,-20,391,-20" /><INIT seed="5,0,0,3,1,87" ten="167,282,180,371" oya="1" hai0="22,26,89,76,42,99,0,70,28,59,30,62,61" hai1="105,108,24,65,92,125,48,1,109,102,126,63,3" hai2="49,12,41,101,133,66,73,90,77,55,38,51,39" hai3="119,27,20,47,93,58,128,34,53,54,14,68,116"/><U75/><E75/><V45/><F133/><W37/><G68/><T121/><D0/><U6/><E105/><V100/><F66/><W96/><G128/><T69/><D121/><U13/><E48/><V35/><F35/><W71/><G71/><T124/><D124/><N who="1" m="47723" /><E24/><V25/><F25/><W7/><G34/><T80/><D30/><U29/><E29/><V56/><F77/><W86/><G86/><T81/><D42/><U4/><E92/><V120/><F73/><W123/><G123/><T104/><D62/><U2/><E102/><V114/><F120/><W74/><G74/><T132/><D104/><U110/><E13/><V97/><F114/><W19/><G37/><T67/><D132/><U18/><E18/><V52/><F12/><W23/><G47/><T118/><D118/><N who="3" m="45097" /><G58/><AGARI ba="0,0" hai="1,2,3,4,6,58,63,65,108,109,110" m="47723" machi="58" ten="40,3900,0" yaku="10,1,18,1" doraHai="87" who="1" fromWho="3" sc="167,0,282,39,180,0,371,-39" /><INIT seed="5,1,0,3,2,67" ten="167,321,180,332" oya="1" hai0="68,133,135,97,58,30,120,56,21,87,92,123,90" hai1="44,9,6,78,94,66,51,89,128,54,49,53,32" hai2="83,50,96,57,86,34,65,62,84,122,37,72,2" hai3="118,16,101,82,0,99,121,1,33,11,29,117,46"/><U17/><E32/><V47/><F122/><N who="0" m="46634" /><D97/><U19/><E66/><V100/><F37/><W73/><G121/><T102/><D102/><U76/><E128/><V106/><F34/><W112/><G112/><T7/><D7/><U48/><E48/><V129/><F129/><W52/><G82/><T39/><D39/><U111/><E111/><V36/><F36/><W3/><G73/><T131/><D131/><U88/><E6/><V55/><F2/><W110/><G110/><T13/><D68/><U27/><E27/><V8/><F8/><W91/><G91/><N who="1" m="34890" /><E94/><V105/><F105/><W24/><G99/><T119/><D119/><N who="3" m="45577" /><G101/><T4/><D4/><U127/><E127/><V14/><F14/><N who="3" m="7263" /><G46/><T115/><D115/><U42/><E9/><V25/><F25/><W98/><G98/><T69/><D13/><U63/><E76/><V28/><F72/><W114/><G114/><T104/><D104/><U75/><E75/><V124/><F124/><W85/><G85/><T130/><D130/><U31/><E78/><V116/><F116/><W77/><G77/><T41/><D87/><N who="2" m="33322" /><F83/><W59/><G1/><T71/><D92/><U5/><E5/><V126/><F126/><W103/><G103/><T23/><D90/><U64/><E31/><V22/><F28/><W61/><AGARI ba="1,0" hai="0,3,24,29,33,52,59,61" m="7263,45577" machi="61" ten="30,4000,0" yaku="12,1,54,2" doraHai="67" who="3" fromWho="3" sc="167,-11,321,-21,180,-11,332,43" /><INIT seed="6,0,0,1,5,90" ten="156,300,169,375" oya="2" hai0="124,60,99,52,14,102,73,84,109,58,94,9,26" hai1="16,106,100,10,111,13,12,44,85,21,95,6,65" hai2="117,35,45,86,81,120,55,18,41,104,0,131,127" hai3="22,7,107,33,1,62,24,74,134,123,76,122,30"/><V118/><F120/><W71/><G107/><T20/><D109/><U28/><E111/><V29/><F104/><W80/><G134/><T51/><D124/><U77/><E28/><V2/><F55/><W108/><G108/><T42/><D73/><U34/><E34/><V3/><F127/><W116/><G116/><T110/><D110/><U56/><E44/><V47/><F131/><W97/><G22/><T67/><D42/><U54/><E65/><V101/><F101/><W83/><G97/><T96/><D96/><N who="1" m="59423" /><E106/><V69/><F69/><W39/><G83/><T91/><D9/><U114/><E114/><V75/><F75/><W125/><G39/><T66/><D14/><U103/><E103/><V50/><F47/><W72/><G72/><T130/><D130/><U36/><E36/><V37/><F37/><W78/><G78/><T57/><D67/><U89/><E77/><V46/><F46/><W128/><G128/><T27/><D20/><U15/><E6/><V8/><F29/><W79/><G79/><T25/><D25/><U119/><E10/><V5/><F35/><W105/><G105/><AGARI ba="0,0" hai="26,27,51,52,57,58,60,66,84,91,94,99,102,105" machi="105" ten="30,3900,0" yaku="7,1,52,1,54,1" doraHai="90" who="0" fromWho="3" sc="156,39,300,0,169,0,375,-39" /><INIT seed="7,0,0,3,5,128" ten="195,300,169,336" oya="3" hai0="109,4,116,16,21,124,93,44,9,14,49,43,89" hai1="45,33,65,8,81,103,52,119,25,70,6,68,82" hai2="115,22,90,97,37,104,13,112,3,51,46,30,28" hai3="102,57,12,125,130,133,84,27,74,69,42,113,83"/><W71/><G74/><T24/><D109/><U108/><E108/><V54/><F3/><W11/><G130/><T63/><D124/><U66/><E103/><V80/><F37/><W107/><G133/><T92/><D116/><U40/><E66/><V64/><F64/><W61/><G125/><T129/><D129/><U79/><E82/><V31/><F104/><W95/><G42/><T132/><D132/><U78/><E78/><V17/><REACH who="2" step="1"/><F80/><REACH who="2" ten="195,300,159,336" step="2"/><W76/><G107/><T55/><D89/><U75/><E65/><V39/><F39/><W85/><G83/><T41/><D63/><U67/><E67/><V100/><F100/><W10/><G102/><T96/><D96/><U131/><E131/><V117/><F117/><W77/><G61/><T120/><D120/><U48/><E119/><V60/><F60/><W86/><G77/><T20/><D20/><U53/><E70/><V34/><F34/><W18/><G76/><T101/><D101/><U50/><E68/><V62/><F62/><W26/><G71/><T7/><D7/><U56/><E81/><V135/><F135/><W127/><G69/><T36/><REACH who="0" step="1"/><D43/><REACH who="0" ten="185,300,159,336" step="2"/><U121/><E121/><V94/><AGARI ba="0,2" hai="13,17,22,28,30,31,46,51,54,90,94,97,112,115" machi="94" ten="30,2000,0" yaku="1,1,0,1,53,0" doraHai="128" doraHaiUra="114" who="2" fromWho="2" sc="185,-5,300,-5,159,40,336,-10" owari="180,-32.0,295,10.0,199,-20.0,326,42.0" /></mjloggm>