<mjloggm ver="2.3"><GO type="97" lobby="0"/><UN n0="%54%41%42%4F%53%55%4B%45" n1="%E5%B9%B3%E6%9C%AC%E4%BF%9D%E5%BF%97" n2="%E3%82%89%E3%81%8F%E3%81%A0%EF%BC%90%EF%BC%91%EF%BC%90%EF%BC%99" n3="%E3%82%A6%E3%83%AB%E3%83%88%E3%83%A9%E7%AB%8B%E7%9B%B4" dan="14,13,15,14" rate="1910.14,1850.34,2009.69,1960.53" sx="M,M,M,M"/><TAIKYOKU oya="0"/><INIT seed="0,0,0,2,4,105" ten="250,250,250,250" oya="0" hai0="40,31,130,104,114,90,79,37,77,34,75,101,72" hai1="44,120,6,87,124,121,10,119,47,13,16,110,28" hai2="115,14,94,21,132,127,52,56,108,131,123,91,39" hai3="122,118,81,0,71,78,25,98,17,26,100,33,64"/><T125/><D114/><U73/><E124/><V126/><F39/><W106/><G17/><T30/><D125/><N who="2" m="47626" /><F123/><W50/><G26/><T117/><D117/><U70/><E70/><V49/><F115/><W82/><G50/><T80/><D130/><U32/><E119/><V9/><F108/><W116/><G82/><N who="0" m="45351" /><D90/><U54/><E110/><V96/><F131/><W133/><G133/><T53/><D53/><U2/><E87/><V102/><F21/><W99/><G99/><N who="0" m="61503" /><D30/><U45/><E73/><V83/><F132/><W4/><G122/><T22/><D22/><U5/><E5/><N who="2" m="3375" /><F83/><W42/><G42/><T3/><D3/><U111/><E111/><V57/><F91/><W68/><G4/><T20/><D20/><N who="1" m="11279" /><E54/><V43/><F43/><W51/><G0/><T84/><D84/><U1/><E1/><V67/><F67/><W97/><G97/><T103/><D103/><U38/><E38/><V19/><F19/><W7/><G7/><T48/><D48/><U18/><E18/><V107/><F107/><W74/><G51/><T109/><D109/><U8/><E8/><V11/><F11/><W29/><G71/><T86/><D86/><U62/><E62/><AGARI ba="0,0" hai="25,29,33,62,64,68,74,78,81,98,100,106,116,118" machi="62" ten="40,8000,1" yaku="25,2,23,2,52,1" doraHai="105" who="3" fromWho="1" sc="250,0,250,-80,250,0,250,80" /><INIT seed="1,0,0,2,2,56" ten="250,170,250,330" oya="1" hai0="79,4,36,83,84,126,3,127,59,12,25,45,108" hai1="101,46,42,15,21,115,44,88,89,27,86,47,5" hai2="50,41,120,99,30,116,61,8,77,54,66,65,134" hai3="111,82,114,1,105,57,96,118,6,9,124,23,53"/><U29/><E29/><V35/><F120/><W48/><G114/><T74/><D108/><U128/><E128/><V85/><F116/><W22/><G111/><T90/><D12/><U70/><E70/><V13/><F134/><W132/><G132/><T62/><D25/><U91/><E91/><V95/><F35/><W55/><G124/><T0/><D45/><U100/><E115/><V103/><F30/><W71/><G71/><T38/><D0/><U97/><E5/><V123/><F123/><W78/><G118/><T104/><D104/><U129/><E129/><V93/><F41/><W133/><G133/><T26/><D26/><U63/><E15/><V28/><F28/><W113/><G113/><T7/><D7/><U67/><E42/><V117/><F61/><W64/><G64/><T69/><D69/><U37/><E37/><V109/><F109/><W87/><G105/><T125/><D4/><U2/><E2/><V24/><F24/><W52/><G96/><T130/><D3/><U106/><E101/><V16/><F117/><W72/><G72/><T19/><D19/><U119/><E86/><V60/><F60/><W94/><G94/><N who="0" m="54599" /><D130/><U107/><E107/><V32/><F32/><W131/><G131/><T58/><D58/><N who="1" m="37367" /><E119/><V81/><REACH who="2" step="1"/><F95/><REACH who="2" ten="250,170,240,330" step="2"/><W112/><G112/><T20/><D20/><U33/><E33/><V18/><F18/><W68/><G68/><T135/><D135/><U51/><E51/><V14/><F14/><W110/><G110/><T40/><D40/><U102/><E102/><V76/><F76/><W80/><G48/><T75/><D36/><RYUUKYOKU ba="0,1" sc="250,-15,170,15,240,15,330,-15" hai1="21,27,44,46,47,88,89,97,100,106" hai2="8,13,16,50,54,65,66,77,81,85,93,99,103" /><INIT seed="1,1,1,5,2,108" ten="235,185,255,315" oya="1" hai0="119,4,52,89,18,39,106,45,43,85,57,98,114" hai1="9,73,124,7,90,40,0,71,127,84,59,26,79" hai2="41,133,27,87,49,92,22,110,80,65,60,129,34" hai3="134,76,67,111,135,32,44,37,61,122,30,56,128"/><U54/><E71/><V118/><F34/><W120/><G30/><T100/><D119/><U112/><E40/><V105/><F105/><W86/><G32/><T77/><D114/><U78/><E73/><V19/><F110/><W123/><G86/><T17/><D4/><U1/><E1/><V63/><F118/><W3/><G76/><T35/><D77/><U132/><E132/><N who="3" m="50730" /><G3/><T10/><D35/><U109/><E26/><V36/><F36/><W53/><G111/><T50/><REACH who="0" step="1"/><D10/><REACH who="0" ten="225,185,255,315" step="2"/><N who="1" m="2407" /><E109/><V55/><F133/><W72/><G72/><T23/><D23/><U81/><E9/><V15/><F129/><W20/><G20/><T25/><D25/><U6/><E6/><V11/><F65/><W121/><G121/><T93/><AGARI ba="1,2" hai="17,18,39,43,45,50,52,57,85,89,93,98,100,106" machi="93" ten="20,5200,0" yaku="1,1,0,1,7,1,54,1,53,0" doraHai="108" doraHaiUra="8" who="0" fromWho="0" sc="225,75,185,-27,255,-14,315,-14" /><INIT seed="2,0,0,3,3,93" ten="300,158,241,301" oya="2" hai0="76,56,7,122,1,65,133,2,113,100,58,109,54" hai1="106,66,47,0,94,129,22,63,33,79,61,13,43" hai2="40,4,78,23,110,89,80,39,104,36,101,28,70" hai3="48,92,44,71,64,98,84,38,121,105,41,27,12"/><V127/><F127/><W116/><G116/><T72/><D122/><U114/><E33/><V123/><F70/><W134/><G121/><T103/><D113/><U52/><E0/><V31/><F123/><W117/><G117/><T91/><D133/><U132/><E106/><V9/><F110/><W118/><G118/><T29/><D109/><U59/><E114/><V34/><F89/><W67/><G134/><T26/><D65/><U5/><E132/><V69/><F69/><W68/><G68/><T73/><D58/><N who="1" m="37239" /><E79/><V120/><F120/><W124/><G124/><T86/><D72/><U50/><E129/><V32/><F23/><W85/><G38/><T77/><D2/><U55/><E5/><V17/><F17/><W75/><G75/><T57/><D57/><N who="1" m="35007" /><E13/><V102/><F102/><N who="3" m="60743" /><G71/><T16/><D7/><U115/><E115/><V88/><F88/><W82/><G105/><T131/><D1/><U99/><E22/><V45/><F39/><W24/><G12/><T18/><D131/><U62/><E94/><V95/><F95/><W19/><G19/><T6/><D6/><U8/><E8/><V74/><F28/><W119/><G119/><T15/><D73/><U90/><E90/><V97/><F31/><W21/><G21/><N who="0" m="15567" /><D18/><U126/><E126/><V128/><F128/><W3/><G3/><AGARI ba="0,0" hai="3,4,9,32,34,36,40,45,74,78,80,97,101,104" machi="3" ten="30,18000,2" yaku="7,1,25,2,33,3,52,1" doraHai="93" who="2" fromWho="3" sc="300,0,158,0,241,180,301,-180" /><INIT seed="2,1,0,5,5,21" ten="300,158,421,121" oya="2" hai0="66,94,93,64,49,14,58,86,118,99,79,50,68" hai1="91,87,29,30,9,54,131,37,12,34,92,114,41" hai2="128,57,76,18,60,10,111,23,80,84,96,4,70" hai3="117,77,47,19,13,126,119,85,63,123,103,95,20"/><V124/><F70/><W39/><G123/><T52/><D118/><U43/><E131/><V102/><F128/><W35/><G35/><T78/><D68/><U24/><E114/><V65/><F124/><W82/><G126/><T74/><D74/><U125/><E29/><V135/><F135/><W112/><G112/><T1/><D1/><U17/><E125/><V61/><F111/><W38/><G47/><T53/><D14/><U46/><E37/><V15/><F61/><W36/><REACH who="3" step="1"/><G63/><REACH who="3" ten="300,158,421,111" step="2"/><T116/><D116/><U3/><E3/><V106/><F106/><W122/><G122/><T109/><D109/><U90/><E46/><V51/><F51/><W44/><G44/><T31/><D49/><U27/><E54/><V40/><F40/><W120/><G120/><T134/><D53/><U55/><E55/><V75/><F75/><W45/><G45/><T104/><D52/><U88/><E34/><V62/><F62/><W7/><G7/><T71/><D50/><U130/><E130/><V132/><F132/><W42/><G42/><N who="1" m="15882" /><E30/><V133/><F133/><W105/><G105/><T32/><D31/><U98/><E87/><V26/><F96/><AGARI ba="1,1" hai="13,19,20,36,38,39,77,82,85,95,96,103,117,119" machi="96" ten="40,1300,0" yaku="1,1,53,0" doraHai="21" doraHaiUra="22" who="3" fromWho="2" sc="300,0,158,0,421,-16,111,26" /><INIT seed="3,0,0,0,0,115" ten="300,158,405,137" oya="3" hai0="21,79,124,17,81,43,66,86,18,67,62,36,77" hai1="99,71,12,37,78,96,52,10,8,60,69,73,4" hai2="26,127,128,29,93,54,74,83,111,22,47,70,56" hai3="113,11,33,50,1,126,58,3,51,80,28,7,108"/><W94/><G113/><T31/><D124/><U125/><E37/><V109/><F70/><W88/><G126/><T121/><D121/><U104/><E125/><V103/><F127/><W95/><G3/><T2/><D2/><U57/><E104/><V117/><F117/><W0/><G0/><T107/><D107/><U102/><E73/><V118/><F128/><W44/><G108/><N who="2" m="41545" /><F118/><W6/><G6/><T39/><D67/><U105/><E78/><N who="2" m="44503" /><F47/><W134/><G134/><T19/><D79/><U49/><E99/><N who="2" m="59887" /><F56/><W89/><G58/><T68/><D43/><U123/><E123/><V64/><F54/><W122/><G122/><T61/><D61/><U91/><E91/><V135/><F64/><W40/><G51/><T34/><D34/><U20/><E20/><V59/><F59/><W133/><G133/><AGARI ba="0,0" hai="22,26,29,133,135" m="59887,44503,41545" machi="133" ten="30,1000,0" yaku="14,1" doraHai="115" who="2" fromWho="3" sc="300,0,158,0,405,10,137,-10" owari="300,10.0,158,-24.0,415,51.0,127,-37.0" /></mjloggm>