<mjloggm ver="2.3"><GO type="193" lobby="0"/><UN n0="%E3%82%A4%E3%82%AC%E3%83%AD%E3%83%B3" n1="%2A%E5%81%BD%E3%82%A2%E3%82%AB%E3%82%AE%2A" n2="%E5%B0%B1%E6%B4%BB%E7%94%9F%40%E5%B7%9D%E6%9D%91%E8%BB%8D%E5%9B%A3" n3="%28%E3%83%BB%E2%88%80%E3%83%BB%29" dan="11,12,11,12" rate="1793.29,1665.58,1795.33,1726.23" sx="M,F,M,M"/><TAIKYOKU oya="0"/><INIT seed="0,0,0,5,4,27" ten="250,250,250,250" oya="0" hai0="119,65,115,120,46,117,63,84,114,88,90,26,45" hai1="131,44,18,111,99,93,100,2,95,134,22,64,70" hai2="12,133,130,5,48,109,124,68,125,135,86,15,50" hai3="41,0,36,107,123,96,105,8,3,78,85,23,17"/><T83/><D120/><U61/><E2/><V34/><F68/><W31/><G123/><T40/><D26/><U127/><E111/><V110/><F34/><W55/><G55/><T53/><D53/><U7/><E7/><V91/><F5/><W59/><G59/><T58/><D90/><U47/><E127/><N who="2" m="48715" /><F91/><W121/><G121/><T128/><D128/><U19/><E131/><V25/><F86/><W69/><G69/><T4/><D4/><U94/><E134/><N who="2" m="51211" /><F25/><W1/><G41/><T16/><D40/><U103/><E18/><V33/><F33/><W42/><G42/><T37/><D37/><U9/><E9/><V112/><F112/><W102/><G36/><T71/><D71/><U29/><E29/><V67/><F67/><W113/><G113/><T20/><D115/><U74/><E74/><V72/><F72/><W39/><G39/><T6/><D6/><U79/><E79/><V104/><F104/><W76/><G85/><T77/><D77/><U97/><E94/><V28/><F28/><W21/><G107/><T35/><D35/><U52/><E52/><V73/><F73/><W10/><G31/><T60/><D114/><U43/><REACH who="1" step="1"/><E43/><REACH who="1" ten="250,240,250,250" step="2"/><V30/><F130/><W80/><G10/><T13/><REACH who="0" step="1"/><D60/><REACH who="0" ten="240,240,250,250" step="2"/><U118/><E118/><AGARI ba="0,2" hai="13,16,20,45,46,58,63,65,83,84,88,117,118,119" machi="118" ten="40,12000,1" yaku="1,1,2,1,54,2,53,0" doraHai="27" doraHaiUra="116" who="0" fromWho="1" sc="240,140,240,-120,250,0,250,0" /><INIT seed="0,1,0,1,4,81" ten="380,120,250,250" oya="0" hai0="58,62,15,24,85,83,118,119,130,134,39,32,94" hai1="13,42,54,91,48,50,38,101,36,18,109,95,51" hai2="71,14,52,115,127,102,82,27,4,23,19,0,132" hai3="104,112,35,28,6,129,5,9,86,21,43,25,124"/><T79/><D39/><U106/><E109/><V97/><F71/><W135/><G112/><T20/><D130/><U8/><E106/><V117/><F117/><W77/><G129/><T74/><D134/><U89/><E101/><V128/><F132/><W121/><G135/><T45/><D45/><U69/><E69/><V78/><F128/><W96/><G124/><T76/><D76/><U40/><E91/><V87/><F115/><W126/><G121/><T72/><D32/><U105/><E105/><V30/><F127/><W3/><G126/><T68/><D68/><U73/><E73/><V34/><F34/><W22/><G43/><T56/><D56/><U31/><E31/><V125/><F0/><W99/><G6/><T59/><D59/><U2/><E2/><V75/><F4/><W116/><G116/><T12/><D72/><U66/><E66/><V100/><F125/><W80/><G104/><T93/><D118/><U98/><REACH who="1" step="1"/><E54/><REACH who="1" ten="380,110,250,250" step="2"/><V110/><F110/><W67/><G67/><T7/><D119/><U46/><E46/><V37/><F52/><W111/><G111/><T120/><D74/><U1/><E1/><V90/><F100/><W92/><G99/><T133/><D120/><U114/><E114/><V17/><F75/><W47/><G47/><T11/><D133/><U49/><N who="1" m="12800" /><DORA hai="103" /><U107/><E107/><V33/><F90/><AGARI ba="1,1" hai="3,5,9,21,22,25,28,35,77,80,86,90,92,96" machi="90" ten="30,2000,0" yaku="7,1,52,1" doraHai="81,103" who="3" fromWho="2" sc="380,0,110,0,250,-23,250,33" /><INIT seed="1,0,0,5,0,109" ten="380,110,227,283" oya="1" hai0="20,19,92,47,15,99,90,28,56,117,96,71,113" hai1="33,43,135,1,23,105,24,66,25,58,82,93,10" hai2="111,17,104,74,42,51,11,55,121,73,114,6,22" hai3="62,29,4,120,59,8,110,89,133,115,32,75,5"/><U52/><E105/><V26/><F111/><W65/><G110/><T78/><D117/><U45/><E66/><V108/><F121/><W127/><G120/><T94/><D71/><U97/><E135/><V39/><F108/><W60/><G133/><T70/><D70/><U106/><E106/><V123/><F104/><W85/><G127/><T79/><D47/><U80/><E33/><V132/><F123/><W49/><G75/><T30/><D30/><U101/><E25/><V72/><F132/><W81/><G49/><T48/><D28/><U35/><E35/><V100/><F100/><W130/><G130/><T2/><D2/><U9/><E1/><V77/><F42/><W86/><G85/><T122/><D122/><U12/><E43/><V14/><F39/><W107/><G107/><T46/><D56/><U50/><E45/><V37/><F37/><W0/><G5/><T64/><D64/><U7/><REACH who="1" step="1"/><E9/><REACH who="1" ten="380,100,227,283" step="2"/><V54/><F54/><W126/><G32/><T103/><D46/><U38/><E38/><V116/><F116/><W129/><G65/><T36/><D36/><U102/><E102/><V13/><F26/><W18/><G8/><T63/><D103/><U76/><E76/><V53/><F77/><W87/><G0/><T125/><D125/><U21/><E21/><V68/><F55/><W91/><G126/><T27/><D79/><U57/><E57/><V119/><F119/><W98/><G59/><T61/><D78/><U95/><E95/><V69/><F114/><W134/><G115/><T16/><D16/><AGARI ba="0,1" hai="7,10,12,16,23,24,50,52,58,80,82,93,97,101" machi="16" ten="30,12000,1" yaku="1,1,7,1,8,1,54,2,53,0" doraHai="109" doraHaiUra="40" who="1" fromWho="0" sc="380,-120,100,130,227,0,283,0" /><INIT seed="1,1,0,5,3,79" ten="260,230,227,283" oya="1" hai0="115,108,13,47,25,81,54,21,73,125,120,50,133" hai1="135,76,89,55,43,116,127,35,10,84,93,105,62" hai2="12,24,100,69,109,16,3,38,0,131,61,121,85" hai3="44,9,104,126,96,58,129,59,52,6,111,130,70"/><U134/><E105/><V2/><F121/><W87/><G111/><T18/><D115/><U1/><E35/><V30/><F38/><W94/><G126/><T118/><D108/><U4/><E116/><V112/><F112/><W39/><G70/><T17/><D118/><U37/><E127/><V75/><F75/><W5/><G104/><T132/><D125/><U41/><E37/><V53/><F131/><W97/><G87/><T27/><D120/><U123/><E123/><V11/><F109/><W48/><G129/><T40/><D40/><U20/><E20/><V63/><F100/><W34/><G34/><T19/><D73/><U88/><E89/><V110/><F110/><W60/><G130/><T31/><D81/><U74/><E74/><V56/><F85/><W29/><G29/><T28/><REACH who="0" step="1"/><D13/><REACH who="0" ten="250,230,227,283" step="2"/><U117/><E117/><V23/><REACH who="2" step="1"/><F69/><REACH who="2" ten="250,230,217,283" step="2"/><W57/><G39/><T77/><D77/><U45/><E76/><V42/><F42/><W80/><G80/><T51/><D51/><AGARI ba="1,2" hai="0,2,3,11,12,16,23,24,30,51,53,56,61,63" machi="51" ten="40,2600,0" yaku="1,1,54,1,53,0" doraHai="79" doraHaiUra="102" who="2" fromWho="0" sc="250,-29,230,0,217,49,283,0" /><INIT seed="2,0,0,5,1,39" ten="221,230,266,283" oya="2" hai0="14,106,121,99,52,126,79,56,72,127,65,66,112" hai1="2,50,26,62,125,7,116,51,120,27,107,82,49" hai2="101,128,104,73,85,135,105,35,117,29,102,134,36" hai3="38,74,80,16,59,122,61,96,58,44,25,55,68"/><V54/><F36/><W15/><G122/><T13/><D79/><U100/><E107/><N who="2" m="41035" /><F35/><W103/><G25/><T92/><D72/><U119/><E100/><N who="2" m="38507" /><F29/><W1/><G1/><T8/><D106/><U98/><E98/><V10/><F10/><W111/><G111/><T132/><D112/><U12/><E125/><N who="0" m="47625" /><D121/><U109/><E109/><V34/><F34/><W48/><G96/><T78/><D78/><U114/><E120/><V53/><F73/><W24/><G103/><N who="0" m="60903" /><D132/><N who="2" m="50730" /><F117/><W90/><G24/><T6/><D13/><U89/><E2/><V30/><F30/><W9/><G38/><T47/><D47/><U31/><E26/><V86/><F128/><W64/><G74/><T33/><D33/><U17/><E7/><V18/><F18/><W123/><G123/><T63/><AGARI ba="0,0" hai="6,8,14,52,56,63,65,66" m="60903,47625" machi="63" ten="30,2000,0" yaku="18,1,54,1" doraHai="39" who="0" fromWho="0" sc="221,20,230,-5,266,-10,283,-5" /><INIT seed="3,0,0,3,1,51" ten="241,225,256,278" oya="3" hai0="122,52,56,18,25,75,20,127,108,89,12,7,16" hai1="99,81,126,50,33,17,95,22,59,55,5,116,123" hai2="119,8,87,113,11,107,115,65,32,71,30,93,69" hai3="64,106,90,67,42,102,45,40,114,43,37,0,105"/><W29/><G114/><T104/><D122/><U10/><E33/><V77/><F107/><W128/><G128/><T135/><D104/><U88/><E123/><V117/><F32/><W31/><G0/><T118/><D75/><U54/><E126/><V41/><F30/><W131/><G131/><T94/><D118/><U3/><E116/><V63/><F41/><W68/><G90/><T13/><D127/><U74/><E74/><V98/><F77/><W44/><G43/><T27/><D135/><U85/><E50/><V66/><F87/><W6/><G6/><T35/><D7/><U103/><E59/><V58/><F93/><W109/><G109/><T28/><D108/><U39/><E39/><V84/><F84/><W100/><G37/><T97/><D18/><U46/><E46/><V110/><F58/><W86/><G86/><T80/><D80/><U15/><AGARI ba="0,0" hai="3,5,10,15,17,22,54,55,81,85,88,95,99,103" machi="15" ten="20,8000,1" yaku="0,1,7,1,52,2,54,1" doraHai="51" who="1" fromWho="1" sc="241,-20,225,80,256,-20,278,-40" owari="221,-28.0,305,40.0,236,-16.0,238,4.0" /></mjloggm>