<mjloggm ver="2.3"><GO type="97" lobby="0"/><UN n0="%4C%65%6F%6E%61%72%64%6F" n1="%E3%82%A6%E3%83%AB%E3%83%88%E3%83%A9%E7%AB%8B%E7%9B%B4" n2="%53%3E%48%50%6D%61%74%73" n3="%73%65%76%65%6E" dan="15,13,15,14" rate="2028.87,1843.86,1980.29,1999.39" sx="M,M,M,M"/><TAIKYOKU oya="0"/><INIT seed="0,0,0,0,4,19" ten="250,250,250,250" oya="0" hai0="107,57,127,124,34,122,40,90,135,10,9,20,121" hai1="45,62,70,31,131,129,95,119,22,132,76,73,104" hai2="65,53,54,13,24,50,4,96,75,16,134,47,2" hai3="38,51,0,114,86,128,1,84,117,49,64,32,61"/><T115/><D107/><U103/><E119/><V18/><F75/><W74/><G38/><T3/><D40/><U72/><E104/><V7/><F134/><W29/><G74/><T120/><D57/><U63/><E132/><V69/><F2/><W17/><G117/><T27/><D90/><U52/><E95/><V71/><F96/><W125/><G114/><T25/><D135/><U94/><E94/><V41/><F54/><W83/><G125/><N who="0" m="48203" /><D3/><U81/><E103/><V108/><F71/><W14/><G128/><N who="1" m="49226" /><E73/><V5/><F41/><W56/><G1/><T111/><D115/><U112/><E112/><V37/><F37/><W15/><G0/><T85/><D85/><U79/><E79/><V98/><F98/><W36/><G86/><T106/><D106/><U39/><E39/><V102/><F102/><W30/><G36/><T105/><D105/><U77/><E77/><V44/><F69/><W130/><G130/><T92/><D92/><U11/><E11/><V68/><F68/><W110/><G84/><T113/><D113/><U97/><E97/><V88/><F88/><W118/><G118/><T100/><D100/><U28/><E70/><V46/><F47/><W23/><G56/><T58/><D58/><N who="1" m="35143" /><E45/><V66/><F46/><W82/><G23/><T48/><D48/><U109/><E22/><V33/><F44/><W42/><G51/><T89/><D89/><U101/><E101/><V6/><F50/><W35/><G49/><T99/><D99/><U123/><E72/><V21/><F21/><W67/><G17/><N who="0" m="12431" /><D111/><U78/><E109/><V55/><F108/><RYUUKYOKU ba="0,0" sc="250,30,250,-10,250,-10,250,-10" hai0="9,10,27,34,120,121,122" /><INIT seed="0,1,0,4,5,12" ten="280,240,240,240" oya="0" hai0="88,32,68,67,70,50,35,106,74,101,79,104,64" hai1="105,36,31,90,4,91,129,116,14,29,52,130,59" hai2="24,9,118,81,85,121,111,135,72,51,107,45,89" hai3="66,92,17,56,132,128,69,7,103,44,22,117,94"/><T8/><D101/><U120/><E105/><N who="0" m="40553" /><D8/><N who="1" m="4359" /><E36/><V42/><F121/><W82/><G69/><N who="0" m="26731" /><D50/><N who="1" m="31127" /><E120/><V41/><F118/><W23/><G117/><T122/><D122/><U134/><E116/><V55/><F107/><W16/><G132/><T99/><D79/><U5/><E5/><V98/><F135/><W127/><G128/><N who="1" m="49258" /><E134/><V133/><F133/><W100/><G127/><T13/><D74/><U1/><E1/><V84/><F72/><W73/><G7/><T39/><D39/><U65/><E65/><N who="0" m="25161" /><D13/><U33/><E33/><N who="0" m="12873" /><D99/><U15/><E15/><V58/><F98/><N who="3" m="59463" /><G73/><T108/><D108/><U10/><E10/><V11/><F9/><W2/><G2/><T6/><D6/><U63/><E63/><V48/><F11/><W110/><G110/><T28/><D28/><AGARI ba="1,0" hai="28,29,31,90,91" m="49258,31127,4359" machi="28" ten="30,2000,0" yaku="19,1,54,1" doraHai="12" who="1" fromWho="0" sc="280,-23,240,23,240,0,240,0" /><INIT seed="1,0,0,2,5,109" ten="257,263,240,240" oya="1" hai0="51,70,76,82,5,28,41,38,36,14,1,32,48" hai1="106,21,22,77,80,121,87,105,85,88,90,18,73" hai2="116,66,113,7,108,35,83,125,56,112,34,120,64" hai3="23,75,49,100,94,135,96,15,93,95,6,25,91"/><U134/><E121/><V130/><F120/><W123/><G75/><T8/><D70/><U54/><E54/><V133/><F108/><W16/><G123/><T13/><D13/><U26/><E134/><V117/><F133/><W111/><G111/><T124/><D124/><U58/><E58/><V74/><F125/><W62/><G135/><T61/><D61/><U50/><E50/><V103/><F130/><W63/><G49/><T97/><D97/><U98/><E98/><V57/><F103/><W99/><REACH who="3" step="1"/><G95/><REACH who="3" ten="257,263,240,230" step="2"/><T24/><D38/><U55/><E73/><V126/><F126/><W67/><G67/><T9/><D36/><U115/><E106/><V59/><F66/><W119/><G119/><T104/><D104/><U52/><E105/><V118/><F64/><W46/><G46/><T132/><D132/><U47/><E47/><V89/><F7/><W60/><G60/><T43/><D48/><U33/><E55/><V129/><F129/><W101/><G101/><T86/><D51/><U45/><E52/><V122/><F122/><W17/><G17/><AGARI ba="0,1" hai="1,5,8,9,14,17,24,28,32,41,43,76,82,86" machi="17" ten="30,1000,0" yaku="7,1" doraHai="109" who="0" fromWho="3" sc="257,20,263,0,240,0,230,-10" /><INIT seed="2,0,0,4,3,37" ten="277,263,240,220" oya="2" hai0="133,114,54,89,123,30,96,23,5,87,42,17,128" hai1="81,14,51,22,104,130,111,77,6,57,132,129,18" hai2="113,49,72,82,21,64,59,13,118,135,43,55,41" hai3="99,67,112,119,106,27,126,79,75,62,24,19,65"/><V120/><F118/><W100/><G119/><T0/><D123/><U108/><E104/><V131/><F120/><W28/><G112/><T76/><D114/><U115/><E6/><V25/><F113/><W121/><G121/><T35/><D128/><N who="1" m="49259" /><E115/><V102/><F131/><W8/><G126/><T60/><D133/><U47/><E57/><V105/><F135/><W127/><G127/><T31/><D76/><U107/><E107/><V69/><F102/><W68/><G67/><T44/><D96/><U3/><E3/><V86/><F72/><W15/><REACH who="3" step="1"/><G28/><REACH who="3" ten="277,263,240,210" step="2"/><T84/><D31/><U58/><E132/><V91/><F105/><W45/><G45/><T50/><D30/><U11/><E58/><V101/><F101/><W66/><G66/><T34/><D44/><U36/><E108/><V97/><F64/><W20/><G20/><T93/><D23/><U1/><E111/><V10/><F69/><W29/><G29/><T26/><D35/><U80/><E22/><V71/><F71/><W16/><G16/><T85/><D17/><U4/><E18/><N who="2" m="12471" /><F97/><W53/><G53/><T88/><D34/><U73/><E47/><V92/><F92/><W9/><G9/><N who="0" m="2215" /><D93/><U78/><E11/><V38/><F38/><W52/><G52/><T125/><D125/><U32/><E36/><V134/><F134/><W94/><G94/><T95/><D95/><U103/><E32/><V61/><F61/><W110/><G110/><T46/><D26/><U74/><E80/><AGARI ba="0,1" hai="8,15,19,24,27,62,65,68,75,79,80,99,100,106" machi="80" ten="40,2600,0" yaku="1,1,53,1" doraHai="37" doraHaiUra="56" who="3" fromWho="1" sc="277,0,263,-26,240,0,210,36" /><INIT seed="3,0,0,4,0,2" ten="277,237,240,246" oya="3" hai0="36,81,68,131,42,31,43,4,58,28,117,35,114" hai1="29,65,105,112,44,92,85,17,134,107,126,116,83" hai2="47,115,14,110,66,25,37,33,61,41,8,59,46" hai3="53,82,125,75,27,9,108,88,34,6,57,7,93"/><W91/><G125/><T72/><D117/><U32/><E112/><V135/><F115/><W121/><G121/><T130/><D114/><U109/><E126/><V127/><F127/><W38/><G38/><T90/><D68/><U128/><E116/><V10/><F110/><W94/><G108/><T30/><D35/><U60/><E109/><V129/><F129/><N who="0" m="49162" /><D36/><U133/><E128/><V120/><F120/><W69/><G69/><T95/><D58/><N who="1" m="37015" /><E29/><V1/><F1/><W49/><G34/><T20/><D20/><U96/><E32/><V5/><F135/><N who="1" m="51721" /><E44/><V26/><F33/><W113/><G113/><T18/><D18/><U11/><E17/><V24/><F10/><W64/><G64/><T86/><D4/><N who="3" m="1577" /><G75/><T70/><D70/><U19/><E19/><V71/><F47/><N who="3" m="27839" /><G27/><T118/><D118/><U99/><E11/><V97/><F97/><N who="1" m="37449" /><E92/><N who="3" m="35434" /><G9/><T3/><D3/><U45/><E45/><V98/><F98/><W119/><G119/><T50/><D72/><U100/><E100/><V12/><F12/><W63/><G82/><T132/><D132/><U84/><E83/><V21/><REACH who="2" step="1"/><F71/><REACH who="2" ten="277,237,230,246" step="2"/><W16/><G63/><T51/><D81/><U52/><E107/><V79/><F79/><W40/><G57/><T122/><D122/><U111/><E105/><V101/><F101/><W62/><G62/><T74/><D74/><U0/><E0/><V54/><F54/><W73/><G40/><AGARI ba="0,1" hai="28,30,31,40,42,43,50,51,86,90,95" m="49162" machi="40" ten="30,1000,0" yaku="19,1" doraHai="2" who="0" fromWho="3" sc="277,20,237,0,230,0,246,-10" /><INIT seed="4,0,0,5,1,80" ten="297,237,230,236" oya="0" hai0="116,119,44,118,24,7,89,71,97,48,45,57,85" hai1="93,115,124,55,66,18,17,128,100,112,59,117,27" hai2="43,78,132,56,83,129,54,64,30,12,127,102,126" hai3="95,81,52,98,29,113,123,37,77,110,87,65,68"/><T19/><D71/><U73/><E73/><V133/><F43/><W92/><G37/><T122/><D122/><U26/><E66/><V35/><F102/><W105/><G110/><T21/><D7/><U121/><E121/><V4/><F64/><W58/><G123/><T134/><D97/><N who="1" m="59439" /><E117/><V67/><F67/><W135/><G113/><N who="1" m="43594" /><E124/><N who="2" m="47659" /><F30/><W16/><G135/><N who="2" m="51785" /><F35/><W31/><G105/><T84/><D134/><U130/><E26/><V28/><F28/><W8/><G68/><T88/><D57/><U22/><E18/><V125/><N who="2" m="47667" /><V10/><DORA hai="9" /><F129/><W1/><G65/><T82/><REACH who="0" step="1"/><D48/><AGARI ba="0,0" hai="17,22,27,48,55,59,128,130" m="43594,59439" machi="48" ten="30,2000,0" yaku="15,1,11,1" doraHai="80,9" who="1" fromWho="0" sc="297,-20,237,20,230,0,236,0" /><INIT seed="5,0,0,2,5,109" ten="277,257,230,236" oya="1" hai0="14,125,13,119,85,70,93,9,12,26,28,52,35" hai1="132,5,121,33,47,99,24,21,43,1,2,135,53" hai2="48,31,22,94,89,15,123,126,80,54,84,130,63" hai3="41,103,30,110,61,83,19,36,91,45,17,18,4"/><U34/><E53/><V32/><F123/><W44/><G110/><T115/><D119/><U58/><E58/><V29/><F32/><N who="1" m="12393" /><E99/><V134/><F134/><N who="1" m="51241" /><E121/><V75/><F130/><W56/><G30/><T111/><D70/><U57/><E57/><V113/><F126/><W101/><G4/><T82/><D125/><U106/><E106/><V23/><F63/><W114/><G114/><T78/><D115/><U81/><E81/><V39/><F39/><W71/><G71/><T49/><D111/><U7/><E47/><N who="2" m="27935" /><F75/><W8/><G8/><T98/><D93/><U97/><E97/><N who="2" m="57551" /><F113/><W104/><G104/><T129/><D98/><U77/><E77/><N who="2" m="46095" /><F15/><W117/><G117/><T122/><D129/><U68/><E68/><V67/><F67/><W6/><G61/><T62/><D62/><U60/><E60/><V16/><F16/><W25/><G19/><T92/><D92/><U87/><E87/><V90/><F90/><W124/><G91/><T86/><D122/><U100/><E100/><V105/><F105/><W40/><G101/><T79/><D79/><U46/><E2/><V64/><F64/><W76/><G103/><T133/><D133/><U96/><E96/><V102/><F102/><W73/><G76/><T120/><D120/><U55/><E1/><V72/><F72/><W38/><G73/><T3/><D3/><U107/><E107/><V127/><F127/><W118/><G124/><T10/><REACH who="0" step="1"/><D85/><REACH who="0" ten="267,257,230,236" step="2"/><U11/><E7/><V112/><F112/><W116/><G6/><T128/><D128/><U65/><E5/><V95/><F95/><W59/><G83/><RYUUKYOKU ba="0,1" sc="267,10,257,-30,230,10,236,10" hai0="9,10,12,13,14,26,28,35,49,52,78,82,86" hai2="22,23,29,31" hai3="17,18,25,36,38,40,41,44,45,56,59,116,118" /><INIT seed="6,1,1,5,2,71" ten="277,227,240,246" oya="2" hai0="11,110,24,39,101,21,67,51,19,32,98,63,5" hai1="13,74,81,20,113,77,133,14,6,84,70,7,104" hai2="47,103,109,135,57,88,82,132,40,105,95,15,106" hai3="115,55,85,61,46,108,18,29,96,80,64,114,76"/><V48/><F109/><W27/><G108/><T129/><D129/><U0/><E104/><V58/><F82/><W128/><G128/><T26/><D110/><U3/><E70/><V35/><F35/><N who="3" m="20927" /><G96/><T44/><D32/><U120/><E74/><V31/><F31/><W112/><G18/><T10/><D26/><U118/><E118/><V91/><F15/><W54/><G46/><T111/><D111/><U17/><E120/><V12/><F12/><W52/><G55/><T37/><D11/><U90/><E77/><V125/><F125/><W30/><G30/><T123/><D123/><U36/><E36/><N who="2" m="21895" /><F91/><W68/><AGARI ba="1,1" hai="52,54,61,64,68,76,80,85,112,114,115" m="20927" machi="68" ten="30,4000,0" yaku="15,1,11,1,54,1" doraHai="71" who="3" fromWho="3" sc="277,-11,227,-11,240,-21,246,53" /><INIT seed="7,0,0,0,1,94" ten="266,216,219,299" oya="3" hai0="23,12,31,126,95,129,88,103,9,47,106,15,108" hai1="21,125,1,2,53,36,66,62,91,119,67,110,32" hai2="121,33,120,111,20,51,130,115,6,102,104,76,97" hai3="41,25,107,112,43,18,127,42,123,70,87,92,29"/><W5/><G107/><T128/><D108/><U131/><E110/><V10/><F111/><W100/><G70/><T22/><D31/><U13/><E36/><V71/><F33/><W83/><G123/><N who="2" m="47177" /><F115/><W8/><G112/><T73/><D73/><U40/><E32/><V24/><F71/><W113/><G113/><T52/><D126/><U16/><E40/><V61/><F61/><W75/><G75/><T85/><D15/><U3/><E125/><V48/><F76/><W69/><G69/><T90/><D90/><U35/><E35/><V114/><F114/><W72/><G72/><T65/><D65/><U59/><E131/><N who="0" m="50249" /><D103/><U109/><E109/><V117/><F117/><W118/><G118/><T28/><D106/><U96/><REACH who="1" step="1"/><E119/><REACH who="1" ten="266,206,219,299" step="2"/><V79/><F130/><W101/><G43/><T39/><D39/><U134/><E134/><V116/><F79/><W50/><G42/><T80/><D28/><U58/><E58/><V49/><F116/><W4/><G41/><T93/><D23/><U68/><E68/><V55/><F55/><W132/><G29/><T7/><D22/><U105/><E105/><V82/><F82/><W0/><G83/><T38/><D38/><U19/><E19/><N who="2" m="12319" /><F49/><AGARI ba="0,1" hai="7,9,12,47,49,52,80,85,88,93,95" m="50249" machi="49" ten="30,3900,0" yaku="19,1,54,2" doraHai="94" who="0" fromWho="2" sc="266,49,206,0,219,-39,299,0" owari="315,41.0,206,-19.0,180,-32.0,299,10.0" /></mjloggm>