<mjloggm ver="2.3"><GO type="97" lobby="0"/><UN n0="%E5%8B%87%E5%88%A9%E3%81%8C%E6%9C%89%E5%88%A9" n1="%E3%82%88%E3%83%BC%E3%81%90%E3%82%8B%E3%81%A8" n2="%E6%9F%8F%E6%9C%A8%E3%82%A7%E3%82%A7" n3="%E3%82%A6%E3%83%AB%E3%83%88%E3%83%A9%E7%AB%8B%E7%9B%B4" dan="15,14,15,14" rate="1943.26,1908.68,2030.68,1912.07" sx="M,M,M,M"/><TAIKYOKU oya="0"/><INIT seed="0,0,0,2,0,112" ten="250,250,250,250" oya="0" hai0="14,46,105,28,101,122,37,76,17,13,7,133,99" hai1="4,131,3,54,119,107,34,22,116,86,109,94,18" hai2="103,11,108,106,23,6,16,58,45,78,52,36,113" hai3="123,60,89,73,2,25,102,121,83,92,111,124,68"/><T30/><D122/><N who="3" m="46601" /><G2/><T51/><D37/><U63/><E107/><V20/><F113/><W132/><G102/><T35/><D133/><U19/><E34/><V12/><F108/><W50/><G111/><T10/><D76/><U31/><E109/><V80/><F106/><W0/><G0/><T29/><D35/><U47/><E31/><V135/><F135/><W115/><G115/><T66/><D66/><U39/><E131/><V100/><F23/><W55/><G132/><T125/><D125/><U74/><E74/><V128/><F128/><W71/><G124/><T84/><D84/><U38/><E4/><V44/><F36/><W98/><G25/><T57/><D57/><U97/><E3/><V43/><F43/><W9/><G9/><T56/><D56/><U129/><E86/><N who="2" m="48407" /><F103/><W42/><G42/><T24/><D24/><U95/><E129/><V91/><F91/><W27/><G83/><T79/><D79/><U41/><E38/><V5/><F100/><W65/><G73/><T87/><D87/><U70/><E94/><V104/><F104/><W67/><G27/><T61/><D61/><U53/><E53/><V8/><F8/><W110/><G110/><T85/><D85/><U120/><E120/><V21/><F21/><W32/><G32/><T59/><D59/><N who="1" m="35319" /><E70/><N who="3" m="26666" /><G60/><T15/><REACH who="0" step="1"/><D7/><REACH who="0" ten="240,250,250,250" step="2"/><U82/><E39/><V1/><F5/><W26/><G26/><T49/><D49/><U114/><E114/><V93/><F1/><W69/><N who="3" m="26674" /><W33/><DORA hai="88" /><G33/><T81/><D81/><U134/><E82/><V72/><F6/><W77/><G77/><RYUUKYOKU ba="0,1" sc="240,15,250,-15,250,-15,250,15" hai0="10,13,14,15,17,28,29,30,46,51,99,101,105" hai3="50,55,65,67,89,92,98" /><INIT seed="0,1,1,1,5,101" ten="255,235,235,265" oya="0" hai0="40,129,104,14,115,23,124,90,123,128,89,57,78" hai1="100,122,59,105,82,24,53,93,125,45,127,12,0" hai2="118,42,54,56,31,131,73,16,88,67,135,70,91" hai3="43,119,17,47,111,62,29,61,26,92,98,15,84"/><T1/><D115/><U11/><E122/><V64/><F73/><W9/><G84/><T37/><D1/><U109/><E0/><V52/><F131/><N who="0" m="50250" /><D78/><U87/><E24/><V3/><F3/><W4/><G111/><T130/><D123/><U60/><E109/><V32/><F135/><W34/><G119/><T99/><D124/><N who="1" m="47691" /><E93/><V18/><F42/><W80/><G80/><T132/><D132/><U77/><E100/><V110/><F110/><W133/><G133/><T126/><D126/><U25/><E25/><V116/><F31/><W7/><G7/><T41/><D37/><U76/><E45/><V19/><F32/><W94/><G4/><T81/><D57/><U66/><E66/><N who="2" m="25131" /><F70/><W51/><G94/><T2/><D2/><U30/><E30/><V50/><F54/><W65/><G65/><T112/><D112/><U106/><E76/><V63/><F63/><W68/><G68/><T69/><D69/><U27/><E27/><V28/><F28/><W5/><G5/><AGARI ba="1,1" hai="5,11,12,53,59,60,77,82,87,105,106" m="47691" machi="5" ten="30,3900,0" yaku="18,1,52,2" doraHai="101" who="1" fromWho="3" sc="255,0,235,52,235,0,265,-42" /><INIT seed="1,0,0,0,2,117" ten="255,287,235,223" oya="1" hai0="75,60,45,76,51,48,31,91,98,116,134,133,14" hai1="9,27,69,39,37,40,26,87,106,62,59,7,20" hai2="122,96,38,79,123,41,80,43,61,129,71,94,21" hai3="52,28,68,119,112,103,5,11,77,23,84,57,115"/><U132/><E106/><V100/><F129/><W19/><G68/><T2/><D2/><U29/><E69/><V72/><F21/><W114/><G119/><T18/><D31/><U124/><E124/><V95/><F95/><W65/><G65/><T104/><D116/><U107/><E107/><V3/><F3/><W66/><G66/><T120/><D60/><U125/><E125/><V135/><F135/><W55/><G28/><T108/><D108/><U101/><E132/><V89/><F89/><W81/><G103/><T88/><D104/><U97/><E40/><V10/><F10/><W25/><REACH who="3" step="1"/><G57/><REACH who="3" ten="255,287,235,213" step="2"/><T17/><D134/><U4/><E59/><V6/><F6/><W13/><AGARI ba="0,1" hai="5,11,13,19,23,25,52,55,77,81,84,112,114,115" machi="13" ten="30,7900,0" yaku="1,1,2,1,0,1,54,1,53,0" doraHai="117" doraHaiUra="64" who="3" fromWho="3" sc="255,-20,287,-39,235,-20,213,89" /><INIT seed="2,0,0,1,3,58" ten="235,248,215,302" oya="2" hai0="90,83,114,98,33,85,79,9,62,120,127,48,12" hai1="124,29,4,15,31,45,67,56,115,118,119,2,126" hai2="13,82,26,61,131,132,21,89,38,18,49,122,41" hai3="123,19,51,117,11,93,134,70,101,103,24,95,53"/><V116/><F122/><W17/><G70/><T65/><D120/><U92/><E92/><N who="3" m="35402" /><G134/><T20/><D33/><U111/><E45/><V5/><F116/><N who="1" m="44585" /><E56/><V25/><F131/><W55/><G117/><T71/><D114/><U97/><E97/><V105/><F105/><W78/><G78/><T35/><D35/><U87/><E87/><N who="2" m="50423" /><F38/><W99/><G99/><T0/><D127/><N who="1" m="48683" /><E67/><V130/><F130/><W54/><G123/><T47/><D98/><U74/><E74/><V73/><F73/><W57/><G51/><T34/><D34/><U30/><E115/><V52/><F132/><W108/><G108/><T46/><D79/><U36/><E36/><V86/><F86/><W80/><G80/><T84/><D84/><U22/><E111/><V94/><F94/><W77/><G77/><T88/><D90/><U60/><E60/><V8/><F41/><W109/><G109/><T16/><REACH who="0" step="1"/><D48/><REACH who="0" ten="225,248,215,302" step="2"/><U125/><E125/><V64/><F49/><W69/><G103/><T113/><D113/><U121/><E121/><V7/><F64/><W133/><G101/><T135/><D135/><U1/><E4/><AGARI ba="0,1" hai="0,4,9,12,16,20,46,47,62,65,71,83,85,88" machi="4" ten="40,8000,1" yaku="1,1,52,1,54,2,53,0" doraHai="58" doraHaiUra="68" who="0" fromWho="1" sc="225,90,248,-80,215,0,302,0" /><INIT seed="3,0,0,2,0,32" ten="315,168,215,302" oya="3" hai0="114,64,71,56,107,60,83,43,95,124,86,29,52" hai1="39,8,16,96,26,115,134,66,130,42,102,24,14" hai2="111,61,108,23,85,58,28,106,55,104,5,0,123" hai3="7,84,33,9,79,122,59,53,30,37,57,131,38"/><W82/><G122/><T21/><D107/><U34/><E115/><V48/><F123/><W89/><G131/><T121/><D114/><U47/><E130/><V70/><F85/><W15/><G57/><T12/><D121/><U41/><E134/><V126/><F126/><W73/><G30/><T49/><D124/><U99/><E99/><V132/><F132/><W119/><G33/><T27/><D95/><U18/><E66/><N who="2" m="41295" /><F28/><W17/><G17/><T101/><D101/><U31/><E41/><V94/><F94/><W78/><G119/><T25/><D43/><U77/><E77/><V20/><F5/><W65/><G65/><T93/><D29/><U69/><E69/><V97/><F0/><W92/><G79/><T36/><D36/><U112/><E112/><V105/><F97/><W81/><G81/><T135/><D135/><U35/><E24/><V133/><F133/><W98/><G73/><T129/><D129/><U75/><E75/><V127/><F127/><W62/><AGARI ba="0,0" hai="7,9,15,37,38,53,59,62,78,82,84,89,92,98" machi="62" ten="20,2100,0" yaku="0,1,7,1" doraHai="32" who="3" fromWho="3" sc="315,-7,168,-7,215,-7,302,21" owari="308,11.0,161,-34.0,208,-19.0,323,42.0" /></mjloggm>