<mjloggm ver="2.3"><GO type="169" lobby="0"/><UN n0="%64%6F%6D%65%73%75%31%36" n1="%4F%5A%4B%59" n2="%EF%BC%BC%28%EF%BC%BE%6F%EF%BC%BE%29%EF%BC%8F%E2%98%85" n3="%E3%82%A6%E3%83%AB%E3%83%88%E3%83%A9%E7%AB%8B%E7%9B%B4" dan="17,16,17,16" rate="2159.12,2084.87,2176.91,2140.65" sx="M,M,M,M"/><TAIKYOKU oya="0"/><INIT seed="0,0,0,2,1,17" ten="250,250,250,250" oya="0" hai0="125,28,70,86,98,14,60,105,95,55,79,5,101" hai1="59,11,122,43,37,114,21,107,68,4,56,132,71" hai2="51,39,65,80,121,8,130,124,49,69,41,46,48" hai3="40,116,2,47,30,131,58,38,113,118,23,120,90"/><T0/><D125/><U82/><E122/><V29/><F121/><W54/><G2/><T134/><D134/><U75/><E107/><V84/><F124/><W6/><G6/><T117/><D117/><U112/><E132/><V53/><F130/><W91/><G113/><N who="1" m="43626" /><E21/><V72/><F72/><W81/><G131/><T22/><D0/><N who="1" m="391" /><E59/><N who="2" m="33191" /><F8/><W15/><G120/><T24/><D70/><U18/><E18/><V135/><F29/><W63/><G81/><N who="0" m="47423" /><D105/><U93/><E93/><V104/><F104/><W99/><G99/><T88/><D5/><U45/><E56/><V36/><F135/><W133/><G133/><T34/><D34/><U26/><E26/><V106/><F106/><W76/><G118/><T67/><D14/><U127/><E127/><V89/><F51/><W111/><G116/><T126/><D126/><U64/><E64/><V44/><F39/><W100/><G15/><T110/><D110/><U77/><AGARI ba="0,0" hai="37,43,45,68,71,75,77,82" m="391,43626" machi="77" ten="30,4000,0" yaku="25,1,11,1,23,1" doraHai="17" who="1" fromWho="1" sc="250,-20,250,40,250,-10,250,-10" /><INIT seed="1,0,0,2,1,127" ten="230,290,240,240" oya="1" hai0="80,52,83,48,66,21,4,130,74,18,106,107,72" hai1="16,9,105,85,122,118,33,71,82,91,96,31,98" hai2="46,94,88,78,70,123,49,55,120,62,1,14,28" hai3="124,75,13,6,73,11,41,110,97,133,42,29,36"/><U65/><E122/><V56/><F1/><W38/><G124/><T121/><D121/><U113/><E113/><V57/><F70/><W54/><G29/><T63/><D4/><U2/><E118/><V50/><F78/><W8/><G54/><T116/><D116/><U101/><E98/><V19/><F28/><W87/><G87/><T117/><D117/><U108/><E108/><V112/><F112/><W23/><G23/><T45/><D83/><U109/><E109/><V132/><F132/><W92/><G92/><T26/><D130/><U0/><E9/><V129/><F129/><W119/><G97/><T125/><D125/><U131/><E131/><V5/><F5/><W90/><G90/><T67/><D67/><U25/><REACH who="1" step="1"/><E16/><REACH who="1" ten="230,280,240,240" step="2"/><V61/><F123/><W58/><G8/><T24/><D24/><U79/><E79/><V84/><F120/><W99/><G11/><T64/><D26/><U126/><E126/><V135/><F135/><W76/><G99/><T47/><D18/><U7/><E7/><V30/><F30/><W12/><G76/><T43/><D106/><U111/><E111/><V81/><F19/><W39/><G6/><T102/><D107/><U60/><AGARI ba="0,1" hai="0,2,25,31,33,60,65,71,82,85,91,96,101,105" machi="60" ten="30,12000,1" yaku="1,1,0,1,25,2,53,1" doraHai="127" doraHaiUra="22" who="1" fromWho="1" sc="230,-40,280,130,240,-40,240,-40" /><INIT seed="1,1,0,4,4,131" ten="190,410,200,200" oya="1" hai0="101,126,84,128,62,52,135,112,64,67,89,95,4" hai1="125,59,129,68,96,11,97,104,19,32,0,1,8" hai2="100,80,119,116,27,123,108,20,42,44,109,134,113" hai3="12,6,76,57,54,87,133,55,110,107,90,28,75"/><U114/><E114/><V124/><F100/><W88/><G107/><T85/><D112/><U91/><E129/><V63/><F113/><W61/><G110/><N who="2" m="42601" /><F123/><W13/><G75/><T40/><D128/><U16/><E59/><V117/><F80/><N who="3" m="47495" /><G133/><T31/><D40/><U103/><E125/><V50/><F124/><W122/><G122/><T34/><D126/><U72/><E32/><V81/><F81/><W26/><G54/><T73/><D73/><U15/><E68/><V21/><F134/><W38/><G38/><T65/><D135/><U92/><E72/><V47/><F27/><W93/><G6/><T2/><D34/><U39/><REACH who="1" step="1"/><E39/><REACH who="1" ten="190,400,200,200" step="2"/><N who="2" m="21599" /><F63/><W118/><G118/><T25/><D62/><U36/><E36/><V17/><F17/><W79/><G61/><T105/><D31/><U49/><E49/><V132/><F132/><W22/><G57/><T41/><D4/><U58/><E58/><V83/><F50/><W45/><G28/><T130/><D130/><U70/><E70/><V9/><F119/><W37/><G37/><T111/><D111/><U35/><E35/><V53/><F117/><W127/><G127/><T78/><D65/><U71/><E71/><V66/><F66/><W82/><G45/><T77/><D67/><U102/><E102/><V106/><F47/><W48/><G48/><T18/><D64/><U23/><E23/><V30/><F116/><W46/><G22/><T3/><D101/><U29/><E29/><V74/><F30/><W60/><G46/><T98/><D41/><U99/><E99/><V7/><F53/><W94/><G55/><RYUUKYOKU ba="1,1" sc="190,-10,400,30,200,-10,200,-10" hai1="0,1,8,11,15,16,19,91,92,96,97,103,104" /><INIT seed="1,2,1,5,0,103" ten="180,430,190,190" oya="1" hai0="51,36,29,126,113,43,14,106,65,134,86,13,41" hai1="70,101,111,15,125,91,49,81,77,104,85,32,117" hai2="83,44,82,92,16,61,75,76,133,90,55,73,78" hai3="23,68,121,25,10,122,97,100,60,40,71,21,54"/><U87/><E117/><V24/><F133/><W26/><G40/><T38/><D113/><U50/><E70/><V19/><F24/><W110/><G110/><T109/><D65/><U118/><E32/><V129/><F129/><W128/><G128/><T52/><D29/><U120/><E118/><V45/><F61/><W46/><G10/><T102/><D109/><U114/><E120/><V12/><F55/><W53/><G97/><T107/><D134/><U56/><E114/><V123/><F123/><W11/><G100/><T108/><D108/><U18/><E111/><V58/><F58/><W4/><G11/><T98/><D126/><U59/><E125/><V124/><F124/><W42/><G42/><T35/><D35/><U99/><E56/><V89/><F92/><W30/><G4/><T62/><D62/><U6/><E59/><V33/><F33/><W8/><G8/><T132/><D132/><U2/><E6/><V9/><F9/><W84/><G84/><T105/><D86/><U69/><E69/><V115/><REACH who="2" step="1"/><F12/><REACH who="2" ten="180,430,180,190" step="2"/><W20/><G60/><T72/><D43/><U28/><E2/><V119/><F119/><W116/><G116/><T88/><D41/><U3/><E3/><V67/><F67/><W0/><G26/><T37/><D14/><U127/><E127/><V74/><F74/><W63/><G0/><T27/><D72/><U95/><E28/><V48/><F48/><N who="3" m="28823" /><G54/><T5/><D27/><U31/><E31/><V57/><F57/><W79/><G68/><T112/><D112/><AGARI ba="2,2" hai="16,19,44,45,73,75,76,78,82,83,89,90,112,115" machi="112" ten="25,6400,0" yaku="1,1,22,2,54,1,53,0" doraHai="103" doraHaiUra="7" who="2" fromWho="0" sc="180,-70,430,0,180,90,190,0" /><INIT seed="2,0,0,1,5,34" ten="110,430,270,190" oya="2" hai0="107,29,127,40,117,119,81,44,71,104,76,31,2" hai1="55,118,8,33,112,63,122,96,4,116,39,95,109" hai2="133,125,84,19,41,73,86,124,52,27,16,115,85" hai3="32,47,90,67,106,91,36,23,61,92,15,7,21"/><V22/><F73/><W79/><G32/><T65/><D127/><N who="2" m="48714" /><F115/><W102/><G79/><T28/><D65/><U14/><E112/><V101/><F133/><W64/><G64/><T3/><D71/><U103/><E33/><V113/><F113/><W45/><G102/><T111/><D111/><U82/><E39/><V51/><F101/><W20/><G106/><N who="0" m="40491" /><D44/><U62/><E109/><V80/><F41/><W132/><G132/><T53/><D40/><U83/><E122/><V43/><F43/><W100/><G100/><T120/><D120/><U68/><E68/><V10/><F10/><N who="3" m="4575" /><G36/><T134/><D53/><U46/><E118/><N who="0" m="45065" /><D134/><U30/><E116/><V18/><F80/><N who="1" m="30761" /><E30/><N who="0" m="7681" /><T49/><DORA hai="126" /><D49/><AGARI ba="0,0" hai="4,8,14,46,49,55,62,63,95,96,103" m="30761" machi="49" ten="30,1000,0" yaku="8,1" doraHai="34,126" who="1" fromWho="0" sc="110,-10,430,10,270,0,190,0" /><INIT seed="3,0,0,0,5,8" ten="100,440,270,190" oya="3" hai0="117,125,35,74,86,11,116,67,83,129,79,131,19" hai1="114,106,57,107,7,6,24,112,115,31,101,42,21" hai2="82,113,9,30,72,81,43,123,10,63,52,133,95" hai3="128,84,71,26,119,60,16,108,17,96,53,103,34"/><W36/><G36/><T98/><D35/><U33/><E42/><V90/><F113/><W15/><G119/><T59/><D67/><U68/><E68/><V104/><F104/><W62/><G128/><N who="0" m="49227" /><D59/><U132/><E132/><V40/><F30/><W23/><G71/><T65/><D65/><U48/><E33/><V126/><F133/><W0/><G0/><T88/><D125/><U77/><E77/><V58/><F126/><W27/><G108/><T56/><D56/><U3/><E3/><V54/><F123/><W127/><G127/><T20/><D11/><N who="2" m="4106" /><F72/><W73/><G73/><T2/><D2/><U50/><E101/><V39/><F54/><W89/><G34/><T130/><N who="0" m="49235" /><T110/><DORA hai="64" /><D110/><U22/><E22/><V102/><F102/><W69/><G69/><T37/><D37/><U28/><E28/><V92/><F39/><W41/><G41/><N who="2" m="15945" /><F95/><N who="3" m="58783" /><G53/><T18/><D98/><AGARI ba="0,0" hai="52,58,63,81,82,90,92,98" m="15945,4106" machi="98" ten="30,2000,0" yaku="8,1,54,1" doraHai="8,64" who="2" fromWho="0" sc="100,-20,440,0,270,20,190,0" /><INIT seed="4,0,0,3,2,50" ten="80,440,290,190" oya="0" hai0="99,133,122,38,8,95,60,104,48,82,31,54,113" hai1="120,26,110,2,79,103,27,107,124,108,69,34,101" hai2="12,18,6,62,49,123,94,11,14,81,57,0,32" hai3="112,78,7,130,63,55,131,52,97,39,100,129,1"/><T20/><D122/><U105/><E120/><V118/><F123/><W72/><G39/><T42/><D133/><U121/><E121/><V64/><F32/><W86/><G72/><T74/><D104/><U126/><E79/><V45/><F118/><W73/><G73/><T24/><D113/><U36/><E36/><V83/><F94/><W29/><G112/><T67/><D8/><U46/><E46/><V10/><REACH who="2" step="1"/><F0/><REACH who="2" ten="80,440,280,190" step="2"/><W128/><G128/><T59/><D38/><U92/><E34/><V90/><F90/><W80/><G29/><T66/><D74/><U127/><E92/><V17/><F17/><W3/><G3/><T47/><REACH who="0" step="1"/><D82/><REACH who="0" ten="70,440,280,190" step="2"/><U84/><E127/><V111/><F111/><W9/><G130/><T40/><D40/><AGARI ba="0,2" hai="6,10,11,12,14,18,40,45,49,57,62,64,81,83" machi="40" ten="30,7700,0" yaku="1,1,7,1,8,1,53,1" doraHai="50" doraHaiUra="43" who="2" fromWho="0" sc="70,-77,440,0,280,97,190,0" owari="-7,-51.0,440,54.0,377,18.0,190,-21.0" /></mjloggm>