<mjloggm ver="2.3"><GO type="97" lobby="0"/><UN n0="%E3%82%A8%E3%83%B4%E3%83%AA%E3%83%BC%E3%83%8C" n1="%72%65%64%73%72%65%64%73" n2="%E3%80%8C%E6%97%A0%E5%AF%BF%E3%81%AE%E5%A4%A2%E3%80%8D" n3="%E3%82%A6%E3%83%AB%E3%83%88%E3%83%A9%E7%AB%8B%E7%9B%B4" dan="14,14,14,13" rate="1943.68,1985.20,2042.05,1903.40" sx="M,M,F,M"/><TAIKYOKU oya="0"/><INIT seed="0,0,0,5,4,115" ten="250,250,250,250" oya="0" hai0="133,5,89,21,12,97,104,75,39,131,105,83,76" hai1="67,2,127,109,15,101,61,124,42,37,122,78,96" hai2="8,84,60,6,87,125,103,0,93,135,100,22,113" hai3="116,13,110,49,134,74,86,107,80,29,16,66,41"/><T51/><D39/><U40/><E122/><V35/><F113/><W43/><G107/><T106/><D133/><U117/><E2/><V33/><F135/><W99/><G74/><T63/><D51/><U65/><E78/><V85/><F125/><N who="1" m="48201" /><E37/><V28/><F60/><W91/><G134/><T26/><D131/><U50/><E109/><V48/><F48/><W128/><G110/><T54/><D5/><U23/><E117/><V98/><REACH who="2" step="1"/><F103/><REACH who="2" ten="250,250,240,250" step="2"/><W57/><G49/><T58/><D12/><U88/><E50/><V30/><F30/><W7/><G29/><T72/><D72/><U121/><E101/><V18/><F18/><W10/><G128/><T38/><D38/><U59/><E67/><V53/><F53/><W69/><G16/><N who="0" m="12583" /><D106/><U31/><E121/><V64/><F64/><W34/><G66/><T32/><D32/><U82/><E15/><V56/><F56/><W102/><G57/><T25/><D25/><AGARI ba="0,1" hai="0,6,8,22,25,28,33,35,84,85,87,93,98,100" machi="25" ten="40,2600,0" yaku="1,1,53,1" doraHai="115" doraHaiUra="24" who="2" fromWho="0" sc="250,-26,250,0,240,36,250,0" /><INIT seed="1,0,0,1,3,112" ten="224,250,276,250" oya="1" hai0="56,12,125,133,94,124,89,5,53,34,76,132,81" hai1="52,51,42,20,85,135,69,93,41,37,107,35,119" hai2="103,31,129,114,68,96,116,47,102,22,30,8,73" hai3="121,79,105,40,25,9,99,130,131,95,4,101,65"/><U16/><E107/><V46/><F114/><W88/><G121/><T70/><D34/><U66/><E35/><V3/><F73/><W64/><G79/><T14/><D70/><U19/><E37/><V49/><F68/><W75/><G25/><T117/><D5/><U67/><E119/><V111/><F111/><W83/><G40/><N who="1" m="15466" /><E69/><V134/><F134/><N who="0" m="51818" /><D53/><U108/><E108/><V98/><F3/><N who="3" m="159" /><G83/><T0/><D56/><N who="1" m="32799" /><E135/><V23/><F8/><W44/><G44/><T10/><D0/><U106/><E106/><V60/><F49/><W78/><G78/><T26/><D26/><N who="1" m="14599" /><E19/><V27/><F27/><W55/><G75/><N who="0" m="43167" /><D10/><U74/><E74/><V28/><F28/><W61/><G55/><T18/><D18/><U13/><E13/><V113/><F113/><W127/><G61/><T118/><D14/><U59/><E59/><V21/><F60/><W72/><G72/><T126/><D12/><U97/><E85/><AGARI ba="0,0" hai="85,89,94,117,118,124,125,126" m="43167,51818" machi="85" ten="40,12000,2" yaku="18,1,20,1,34,2,52,2" doraHai="112" who="0" fromWho="1" sc="224,120,250,-120,276,0,250,0" /><INIT seed="2,0,0,0,0,135" ten="344,130,276,250" oya="2" hai0="121,46,11,8,73,26,43,99,86,42,23,112,36" hai1="21,101,126,115,120,74,81,76,13,1,10,131,24" hai2="107,70,129,127,113,38,71,103,92,40,132,79,5" hai3="44,19,119,110,16,114,15,106,68,30,61,91,88"/><V54/><F113/><W97/><G119/><T65/><D73/><U100/><E115/><V33/><F132/><W37/><G114/><T133/><D112/><U111/><E111/><V78/><F107/><W12/><G110/><T39/><D133/><U69/><E69/><V134/><F134/><W4/><G30/><T90/><D99/><U52/><E1/><V124/><F33/><W51/><G37/><T0/><D0/><U34/><E34/><V84/><F5/><W105/><G4/><T89/><D65/><U32/><E32/><V57/><F129/><W53/><G61/><T95/><D90/><U109/><E131/><V83/><F79/><W66/><G66/><T72/><D72/><U47/><E109/><V9/><F9/><W87/><G68/><T98/><D98/><U108/><E108/><V117/><F117/><W27/><G27/><T49/><D49/><U6/><E120/><V58/><F103/><W93/><G15/><T41/><D121/><U130/><E130/><V25/><F92/><W80/><G19/><T7/><D7/><U20/><E20/><AGARI ba="0,0" hai="12,16,20,44,51,53,80,87,88,91,93,97,105,106" machi="20" ten="30,3900,0" yaku="7,1,54,2" doraHai="135" who="3" fromWho="1" sc="344,0,130,-39,276,0,250,39" /><INIT seed="3,0,0,1,5,83" ten="344,91,276,289" oya="3" hai0="70,115,9,130,102,17,34,71,32,45,128,105,124" hai1="26,10,68,3,47,98,131,42,4,49,101,21,89" hai2="133,75,76,2,132,119,54,99,53,134,73,37,41" hai3="62,65,113,38,14,44,24,106,52,122,121,100,114"/><W94/><G14/><N who="0" m="7375" /><D45/><U87/><E89/><V50/><F119/><W31/><G94/><T22/><D22/><U29/><E131/><N who="0" m="50217" /><D115/><N who="3" m="44041" /><G100/><T107/><D124/><U60/><E87/><V80/><F99/><W30/><G106/><N who="0" m="40459" /><D102/><U58/><E58/><V39/><F2/><W117/><G24/><T74/><D74/><U0/><E49/><V78/><F78/><W64/><BYE who="2" /><G31/><T11/><D11/><U135/><E21/><V23/><F23/><W104/><G30/><T112/><D112/><U67/><E135/><V127/><F127/><W48/><G104/><T51/><D51/><U61/><E61/><V82/><F82/><W92/><G92/><T13/><D13/><U88/><E88/><V108/><F108/><W36/><G117/><T18/><D18/><U40/><E98/><V72/><F72/><W109/><G109/><T84/><D84/><U35/><E101/><V77/><F77/><W12/><G12/><T118/><D118/><U16/><E16/><V129/><F129/><W19/><G19/><UN n2="%E3%80%8C%E6%97%A0%E5%AF%BF%E3%81%AE%E5%A4%A2%E3%80%8D" /><T8/><D8/><U5/><E42/><V27/><F75/><W96/><G96/><T120/><D120/><N who="3" m="46185" /><G62/><T111/><D111/><U63/><E63/><V103/><F27/><W7/><G7/><N who="1" m="2634" /><E10/><V95/><F103/><W97/><G97/><T20/><D20/><U55/><E55/><N who="2" m="21003" /><F95/><W93/><G93/><T79/><D79/><U81/><E81/><V116/><F116/><W90/><G90/><T126/><D126/><U6/><E6/><V59/><F59/><W57/><G57/><T1/><D1/><U85/><E85/><V125/><F125/><RYUUKYOKU ba="0,0" sc="344,0,91,0,276,0,289,0" hai0="32,34,70,71" hai1="0,3,26,29,35,40,47,60,67,68" hai2="37,39,41,50,73,76,80,132,133,134" hai3="36,38,44,48,52,64,65" /><INIT seed="3,1,0,2,5,70" ten="344,91,276,289" oya="3" hai0="12,55,82,133,121,86,128,31,73,18,85,100,103" hai1="130,45,131,89,4,125,134,91,113,36,114,107,72" hai2="95,108,117,87,44,23,3,1,13,84,129,9,96" hai3="2,43,62,71,46,135,64,97,54,120,24,29,80"/><W10/><G120/><T122/><D73/><U68/><E4/><V22/><F117/><W41/><G135/><T124/><D133/><U14/><E14/><V74/><F74/><W34/><G80/><T88/><D31/><U57/><E57/><V109/><F129/><W132/><G132/><T126/><D128/><U98/><E45/><V105/><F105/><W101/><G54/><T63/><D86/><N who="2" m="32810" /><F44/><W123/><G123/><N who="0" m="47115" /><D55/><U28/><E28/><V59/><F59/><W37/><G43/><T116/><D63/><U65/><E68/><V40/><F40/><W42/><G42/><T52/><D52/><U111/><E134/><V81/><F81/><W48/><G10/><N who="0" m="6423" /><D116/><U118/><E72/><V69/><F69/><W119/><G119/><T47/><D47/><U67/><E118/><V27/><F3/><W56/><G2/><T17/><D17/><U33/><E107/><V75/><F75/><W39/><G56/><T94/><D94/><AGARI ba="1,0" hai="24,29,34,37,39,41,46,48,62,64,71,94,97,101" machi="94" ten="30,5800,0" yaku="7,1,52,2" doraHai="70" who="3" fromWho="0" sc="344,-61,91,0,276,0,289,61" owari="283,8.0,91,-41.0,276,-12.0,350,45.0" /></mjloggm>