<mjloggm ver="2.3"><GO type="41" lobby="0"/><UN n0="%E5%B0%B1%E6%B4%BB%E7%94%9F%40%E5%B7%9D%E6%9D%91%E8%BB%8D%E5%9B%A3" n1="%54%48%45%43%41%52%53" n2="%6E%6F%7A%6F%6D%61%69%69" n3="%E3%81%8D%E3%82%85%E3%81%A3%E3%81%8D%E3%82%85%E3%81%84" dan="15,15,14,13" rate="2044.43,2031.87,1879.52,1877.29" sx="M,M,M,M"/><TAIKYOKU oya="0"/><INIT seed="0,0,0,4,1,41" ten="250,250,250,250" oya="0" hai0="86,32,91,108,109,6,17,83,89,104,69,30,82" hai1="74,23,31,22,34,8,37,64,105,3,90,63,130" hai2="76,68,42,4,12,80,43,101,107,128,59,126,114" hai3="33,2,132,58,10,98,36,131,111,9,100,45,117"/><T113/><D69/><U77/><E105/><V116/><F114/><W25/><G117/><T99/><D113/><U16/><E37/><V52/><F68/><W15/><G111/><N who="0" m="42571" /><D6/><U44/><E34/><V24/><F116/><W85/><G132/><T73/><D32/><U94/><E31/><V57/><F128/><W21/><G131/><T38/><D30/><U134/><E134/><V61/><F126/><W51/><G36/><T27/><D27/><U28/><E28/><V66/><F24/><W123/><G123/><T53/><D38/><U70/><E130/><V14/><F107/><W60/><G33/><T62/><D17/><U110/><E110/><V96/><F96/><W40/><G2/><T97/><D62/><U20/><E77/><V7/><F101/><W112/><G112/><T129/><D53/><U11/><E74/><V67/><F76/><W124/><G124/><T118/><D118/><U87/><E3/><V120/><F80/><N who="0" m="30762" /><D73/><U81/><E81/><V54/><F120/><W49/><G9/><T55/><D55/><U133/><E133/><V1/><F1/><W119/><G119/><T115/><D115/><U35/><E35/><V79/><F79/><W48/><G10/><T84/><D129/><U47/><REACH who="1" step="1"/><E16/><REACH who="1" ten="250,240,250,250" step="2"/><V5/><F5/><W50/><G40/><T103/><D89/><U75/><E75/><V122/><F122/><W106/><G48/><T93/><AGARI ba="0,1" hai="84,86,91,93,97,99,103,104" m="30762,42571" machi="93" ten="30,11700,0" yaku="14,1,10,1,34,2" doraHai="41" who="0" fromWho="0" sc="250,127,240,-39,250,-39,250,-39" /><INIT seed="0,1,0,0,3,129" ten="377,201,211,211" oya="0" hai0="128,53,65,81,2,135,86,5,73,29,108,43,83" hai1="14,34,82,32,84,88,9,54,44,18,74,87,40" hai2="69,99,90,120,37,24,64,70,77,112,130,23,63" hai3="106,125,46,51,19,28,57,127,10,38,22,107,56"/><T133/><D128/><U3/><E74/><V122/><F130/><W20/><G38/><T115/><D115/><U109/><E109/><V55/><F37/><W72/><G72/><T111/><D73/><U26/><E3/><V117/><F77/><W15/><G28/><T62/><D43/><U131/><E131/><V91/><F112/><W52/><G22/><T60/><D29/><U50/><E26/><V71/><F117/><W1/><G20/><T95/><D95/><U132/><E40/><V126/><F126/><N who="3" m="48139" /><G1/><T103/><D103/><U0/><E0/><V75/><F75/><W80/><G80/><T58/><D5/><U79/><REACH who="1" step="1"/><E132/><REACH who="1" ten="377,191,211,211" step="2"/><N who="0" m="50761" /><D2/><U124/><E124/><V7/><F122/><W17/><G17/><T25/><D25/><U97/><E97/><V66/><F120/><W27/><G27/><T30/><D30/><U98/><E98/><V6/><F99/><W121/><G121/><T93/><D111/><U67/><E67/><V134/><F134/><W13/><G13/><T47/><D108/><U48/><E48/><V105/><F105/><AGARI ba="1,1" hai="10,15,19,46,51,52,56,57,105,106,107" m="48139" machi="105" ten="30,2000,0" yaku="18,1,54,1" doraHai="129" who="3" fromWho="2" sc="377,0,191,0,211,-23,211,33" /><INIT seed="1,0,0,2,3,17" ten="377,191,188,244" oya="1" hai0="124,68,16,58,72,88,10,24,98,100,129,85,23" hai1="120,87,5,73,35,25,39,122,116,77,97,109,30" hai2="45,13,103,40,18,63,14,125,104,133,90,50,70" hai3="66,113,118,135,3,62,123,71,75,4,53,93,83"/><U52/><E39/><V59/><F133/><W115/><G135/><T95/><D129/><U82/><E116/><V96/><F125/><W84/><G118/><T126/><D72/><U32/><E32/><V0/><F0/><W19/><G123/><T36/><D36/><U65/><E65/><V34/><F34/><W117/><G117/><T69/><D10/><U15/><E109/><V42/><F42/><W78/><G93/><T106/><REACH who="0" step="1"/><D58/><REACH who="0" ten="367,191,188,244" step="2"/><U121/><E121/><V43/><F70/><AGARI ba="0,1" hai="16,23,24,68,69,70,85,88,95,98,100,106,124,126" machi="70" ten="40,8000,1" yaku="1,1,2,1,52,1,54,2,53,0" doraHai="17" doraHaiUra="74" who="0" fromWho="2" sc="367,90,191,0,188,-80,244,0" /><INIT seed="2,0,0,3,5,105" ten="457,191,108,244" oya="2" hai0="37,4,11,86,113,74,2,114,120,8,90,20,27" hai1="1,15,75,68,70,26,127,83,19,91,28,40,44" hai2="124,62,121,29,25,81,130,67,33,18,51,97,31" hai3="50,3,52,63,93,71,57,135,133,101,10,6,30"/><V39/><F39/><W128/><G128/><T46/><D120/><U48/><E1/><V56/><F121/><W89/><G101/><T13/><D74/><U80/><E80/><V131/><F124/><W109/><G109/><T43/><D11/><U111/><E111/><V117/><F117/><W88/><G30/><T84/><D2/><U126/><E91/><V118/><F118/><W129/><G129/><N who="2" m="49161" /><F31/><W49/><G89/><T125/><D86/><U58/><E58/><V122/><F122/><W69/><G69/><T85/><D84/><U64/><E64/><V24/><F81/><W106/><G106/><T21/><D21/><U17/><E17/><V76/><F76/><W110/><G110/><T107/><D107/><U14/><E14/><V119/><F119/><W95/><G71/><T38/><D38/><U82/><E82/><V45/><F97/><N who="3" m="57511" /><G95/><T73/><D73/><U116/><E116/><V9/><F9/><W7/><G7/><T35/><D35/><U22/><E127/><V78/><F78/><W34/><G34/><T98/><D125/><U61/><E61/><V60/><F60/><W47/><G47/><T134/><D98/><U53/><E40/><N who="2" m="24999" /><F25/><W66/><G66/><T102/><D37/><U112/><E126/><V41/><F41/><W132/><AGARI ba="0,0" hai="3,6,10,49,50,52,57,63,132,133,135" m="57511" machi="132" ten="30,4000,0" yaku="20,1,54,2" doraHai="105" who="3" fromWho="3" sc="457,-10,191,-10,108,-20,244,40" /><INIT seed="3,0,0,2,0,83" ten="447,181,88,284" oya="3" hai0="115,120,60,28,62,8,29,7,102,87,33,99,130" hai1="0,116,35,101,92,110,24,105,114,27,58,45,98" hai2="23,90,123,111,6,125,30,4,108,34,32,100,88" hai3="46,14,128,47,59,107,51,40,37,69,15,86,3"/><W79/><G3/><T82/><D120/><U131/><E0/><V31/><F100/><W50/><G107/><T133/><D115/><U25/><E114/><V41/><F41/><W132/><G69/><T118/><D130/><U73/><E73/><V36/><F36/><W103/><G128/><T13/><D133/><U48/><E131/><V124/><REACH who="2" step="1"/><F23/><REACH who="2" ten="447,181,78,284" step="2"/><W119/><G103/><T53/><D102/><U18/><E101/><V91/><F91/><W44/><G132/><T21/><D21/><U71/><E116/><V20/><F20/><W93/><G119/><T9/><D33/><U54/><E35/><V57/><F57/><W74/><G37/><T49/><D29/><U135/><E58/><V38/><F38/><W72/><G40/><T112/><D28/><U94/><E135/><V126/><F126/><W56/><G79/><T76/><D112/><U2/><E105/><V117/><F117/><W65/><G65/><T81/><D118/><U61/><E45/><V39/><F39/><W134/><G134/><T10/><D7/><U66/><E66/><V89/><F89/><W26/><G47/><T78/><D13/><U11/><E71/><V52/><F52/><W5/><G26/><T63/><D53/><U19/><E54/><V97/><F97/><W55/><G55/><T16/><D99/><U127/><E27/><V104/><F104/><W12/><G12/><T43/><D43/><U68/><E25/><V109/><F109/><W129/><G129/><T64/><D64/><U17/><E24/><V85/><F85/><W84/><G5/><T122/><D87/><RYUUKYOKU ba="0,1" sc="447,-15,181,-15,78,15,284,15" hai2="4,6,30,31,32,34,88,90,108,111,123,124,125" hai3="14,15,44,46,50,51,56,59,72,74,84,86,93" /><INIT seed="3,1,1,2,5,27" ten="432,166,93,299" oya="3" hai0="69,118,26,116,88,133,61,114,1,129,75,5,85" hai1="43,18,21,17,98,32,122,115,63,29,99,105,7" hai2="68,48,78,83,19,126,76,62,125,11,9,24,106" hai3="121,100,108,22,10,54,33,59,4,134,96,79,119"/><W51/><G121/><T42/><D75/><U16/><E122/><V31/><F106/><W28/><G119/><T95/><D114/><U131/><E115/><V120/><F120/><W20/><G134/><T58/><D69/><U66/><E131/><V109/><F109/><W86/><G108/><T93/><D129/><U92/><E7/><V12/><F48/><W77/><G86/><T123/><D123/><U38/><E43/><V50/><F50/><W91/><G91/><T14/><D133/><U30/><E38/><V103/><F103/><W102/><G33/><T40/><D1/><U53/><E105/><V101/><F101/><N who="3" m="39019" /><G96/><N who="1" m="36906" /><E66/><V112/><F112/><W47/><G47/><T56/><D95/><U45/><E92/><V34/><F11/><W57/><G57/><T36/><D36/><U60/><E32/><V39/><F39/><W44/><G44/><T128/><D128/><U35/><E35/><V87/><REACH who="2" step="1"/><F76/><REACH who="2" ten="432,166,83,299" step="2"/><N who="3" m="29259" /><G10/><N who="0" m="4431" /><D116/><U107/><E107/><V70/><F70/><W135/><G135/><T94/><D118/><U46/><E46/><V81/><F81/><W73/><G73/><T97/><D42/><U130/><E130/><V89/><F89/><W132/><G132/><T80/><D40/><U64/><E45/><V90/><F90/><W104/><G104/><T25/><D58/><U74/><E74/><V124/><F124/><W6/><G59/><T52/><D97/><U67/><E63/><V111/><F111/><W41/><G51/><T15/><D80/><U2/><E60/><V84/><F84/><W8/><G41/><T49/><D49/><U13/><E2/><RYUUKYOKU ba="1,2" sc="432,-10,166,-10,83,30,299,-10" hai2="9,12,19,24,31,34,62,68,78,83,87,125,126" /><INIT seed="4,2,2,5,5,62" ten="422,156,113,289" oya="0" hai0="118,15,29,105,55,4,103,66,37,6,36,121,20" hai1="99,111,98,130,50,64,68,109,101,0,42,26,7" hai2="115,127,33,13,46,124,47,131,19,80,134,14,116" hai3="44,60,123,114,65,83,120,34,10,110,90,3,52"/><T87/><D118/><U61/><E99/><V32/><F116/><W81/><G110/><T2/><D121/><U108/><E130/><V96/><F96/><W112/><G34/><T133/><D133/><U72/><E50/><V95/><F95/><W8/><G3/><T126/><D126/><N who="2" m="48170" /><F134/><W45/><G90/><T31/><D2/><U22/><E42/><V75/><F131/><W39/><G39/><T93/><D55/><U76/><E22/><N who="2" m="11631" /><F14/><W102/><G102/><T86/><D105/><U49/><E49/><V57/><F57/><W53/><G60/><T100/><D15/><U84/><E26/><V28/><F115/><W27/><G27/><T125/><D125/><U73/><E84/><V135/><F135/><W5/><G5/><T48/><D20/><U18/><E18/><V56/><F56/><W92/><G92/><T106/><D93/><U35/><E76/><N who="2" m="44063" /><F28/><W132/><REACH who="3" step="1"/><G132/><REACH who="3" ten="422,156,113,279" step="2"/><T21/><D100/><U69/><E35/><AGARI ba="2,3" hai="32,33,35,46,47" m="44063,11631,48170" machi="35" ten="30,1000,0" yaku="18,1" doraHai="62" who="2" fromWho="1" sc="422,0,156,-16,113,46,279,0" /><INIT seed="5,0,0,3,0,80" ten="422,140,159,279" oya="1" hai0="31,51,117,2,121,6,119,100,86,68,20,97,44" hai1="73,104,116,85,34,63,42,84,70,3,50,133,12" hai2="47,11,135,108,101,131,103,17,52,110,24,54,102" hai3="89,96,4,45,79,124,90,128,41,30,27,14,125"/><U118/><E104/><V75/><F75/><W36/><G128/><T99/><D68/><U93/><E73/><V64/><F64/><W127/><G79/><T8/><D121/><U134/><E3/><V28/><F131/><W112/><G112/><T120/><D120/><U114/><E114/><V48/><F135/><N who="1" m="51721" /><E34/><V55/><F110/><W106/><G106/><T33/><D33/><U129/><E129/><V78/><F78/><W105/><G105/><T40/><D99/><U132/><E93/><V94/><F108/><W126/><N who="3" m="32256" /><DORA hai="10" /><W61/><G96/><T83/><D97/><U113/><E113/><V57/><F94/><W123/><G123/><T35/><D35/><U5/><E132/><V76/><F76/><W0/><G0/><T115/><D115/><U56/><E70/><V74/><F74/><W91/><G61/><T18/><D100/><U62/><E42/><V39/><F39/><W13/><G4/><T43/><D43/><U21/><E50/><V71/><F71/><W16/><G30/><T77/><D31/><U19/><E5/><V38/><F38/><W22/><AGARI ba="0,0" hai="13,14,16,22,27,36,41,45,89,90,91" m="32256" machi="22" ten="60,8000,1" yaku="0,1,18,1,52,2,54,1" doraHai="80,10" who="3" fromWho="3" sc="422,-20,140,-40,159,-20,279,80" /><INIT seed="6,0,0,2,0,51" ten="402,100,139,359" oya="2" hai0="71,81,90,78,41,91,11,122,115,112,101,15,29" hai1="105,79,18,1,99,89,84,124,37,93,63,103,34" hai2="73,118,59,62,76,46,80,114,48,123,129,58,50" hai3="25,7,98,55,0,35,53,5,54,127,69,119,72"/><V8/><F123/><W64/><G119/><T131/><D71/><U92/><E37/><V134/><F118/><W88/><G72/><T128/><D29/><U45/><E1/><V20/><F134/><W30/><G127/><T14/><D101/><U31/><E124/><V111/><F114/><N who="0" m="43562" /><D41/><U106/><E31/><V33/><F33/><W70/><G0/><T75/><D14/><U44/><E34/><V133/><F133/><W60/><REACH who="3" step="1"/><G70/><REACH who="3" ten="402,100,139,349" step="2"/><T130/><D122/><U95/><E45/><V85/><F111/><W28/><G28/><T87/><D75/><U27/><E44/><V39/><F73/><W116/><G116/><T120/><D120/><U56/><E79/><V2/><F2/><W52/><N who="3" m="13824" /><DORA hai="6" /><W67/><G67/><T13/><D13/><U100/><E63/><V107/><F62/><W113/><G113/><T86/><D86/><U24/><E56/><V22/><F129/><W109/><G109/><T19/><AGARI ba="0,1" hai="11,15,19,78,81,87,90,91,128,130,131" m="43562" machi="19" ten="40,5200,0" yaku="19,1,15,1,52,1" doraHai="51,6" who="0" fromWho="0" sc="402,62,100,-13,139,-26,349,-13" /><INIT seed="7,0,0,2,1,94" ten="464,87,113,336" oya="3" hai0="37,42,86,90,57,69,103,11,83,91,15,68,88" hai1="98,52,99,66,123,34,67,1,109,54,112,111,105" hai2="29,16,40,41,64,117,122,60,30,24,126,10,108" hai3="106,134,22,43,130,102,72,17,3,31,80,7,75"/><W116/><G116/><T100/><D37/><U114/><E105/><V58/><F117/><W46/><G134/><T2/><D2/><U129/><E1/><V132/><F132/><W63/><G130/><T118/><D118/><U125/><E34/><V73/><F73/><W119/><G119/><T18/><D68/><U4/><E4/><V9/><F126/><W76/><G31/><N who="2" m="11785" /><F108/><W59/><G75/><T25/><D69/><U27/><E27/><V5/><F122/><W20/><G102/><N who="0" m="38955" /><D42/><N who="2" m="16490" /><F5/><W101/><G101/><T36/><D36/><U107/><E125/><V13/><F24/><W39/><G17/><T33/><D33/><U77/><E107/><V113/><F113/><W135/><G106/><T44/><D44/><U133/><E133/><V53/><F64/><N who="3" m="39039" /><G135/><T0/><D0/><U92/><E92/><V48/><F60/><W121/><G121/><T74/><D74/><U51/><E123/><V93/><F93/><W45/><G45/><T78/><D57/><U120/><E120/><V131/><F131/><W124/><G124/><T89/><D25/><U87/><E129/><V104/><F104/><W62/><G62/><T81/><D81/><U23/><E51/><V95/><F95/><W12/><G12/><T97/><D97/><U32/><E32/><V85/><F85/><W28/><G28/><T84/><D84/><U82/><E87/><V79/><F79/><AGARI ba="0,0" hai="11,15,18,78,79,83,86,88,89,90,91" m="38955" machi="79" ten="30,2000,0" yaku="8,1,54,1" doraHai="94" who="0" fromWho="2" sc="464,20,87,0,113,-20,336,0" owari="484,58.0,87,-41.0,93,-31.0,336,14.0" /></mjloggm>