<mjloggm ver="2.3"><GO type="97" lobby="0"/><UN n0="%31%33%36%30" n1="%70%6F%63%68%69%74%6F" n2="%28%2F%D0%B4%EF%BC%BC%2A%29" n3="%E3%82%A6%E3%83%AB%E3%83%88%E3%83%A9%E7%AB%8B%E7%9B%B4" dan="14,14,15,14" rate="1936.42,1893.15,1938.07,1963.24" sx="M,M,F,M"/><TAIKYOKU oya="0"/><INIT seed="0,0,0,3,0,120" ten="250,250,250,250" oya="0" hai0="74,95,126,37,129,25,51,93,34,100,31,88,66" hai1="86,112,90,50,78,118,81,52,105,97,54,35,2" hai2="99,45,123,12,79,0,26,55,122,18,121,42,28" hai3="21,22,58,68,94,71,111,32,38,110,96,132,8"/><T4/><D37/><U75/><E2/><V108/><F0/><W98/><G32/><T39/><D39/><U60/><E118/><V6/><F6/><W40/><G40/><T115/><D74/><U127/><E112/><V124/><F124/><W11/><G38/><T73/><D73/><U36/><E36/><V57/><F79/><W114/><G58/><T53/><D115/><U64/><E35/><V59/><F99/><W102/><G114/><T5/><D126/><U46/><E127/><V133/><F133/><W131/><G94/><T91/><D100/><U87/><E54/><V125/><F125/><W19/><G102/><T49/><D66/><U63/><E87/><V69/><F69/><W27/><G27/><T101/><D101/><N who="1" m="62639" /><E64/><V107/><F107/><W16/><REACH who="3" step="1"/><G131/><REACH who="3" ten="250,250,250,240" step="2"/><T76/><D129/><U104/><E104/><V80/><F59/><W70/><G70/><T130/><D130/><U13/><E46/><V15/><F57/><W1/><G1/><T10/><D34/><U61/><E81/><V134/><F45/><W43/><G43/><T44/><D44/><U84/><E13/><V29/><F80/><W20/><G20/><T65/><D25/><U135/><E63/><V56/><F26/><W77/><G77/><T33/><D33/><U82/><E61/><V17/><F56/><W116/><G116/><T85/><D76/><U67/><E60/><V24/><F42/><W48/><G48/><T83/><D83/><U103/><E50/><V113/><F113/><W119/><G119/><T62/><D62/><U128/><E82/><V47/><F122/><RYUUKYOKU ba="0,1" sc="250,-10,250,-10,250,-10,240,30" hai3="8,11,16,19,21,22,68,71,96,98,110,111,132" /><INIT seed="1,1,1,1,2,31" ten="240,240,240,270" oya="1" hai0="46,61,30,27,74,40,54,97,20,121,88,132,126" hai1="103,116,63,59,45,13,82,28,110,104,65,19,52" hai2="53,122,84,22,38,21,79,24,113,4,48,86,130" hai3="12,124,33,73,112,62,78,105,50,114,15,35,3"/><U134/><E116/><V131/><F38/><W23/><G78/><T5/><D74/><U58/><E134/><V101/><F122/><W44/><G62/><T18/><D132/><U68/><E110/><V66/><F113/><N who="3" m="43627" /><G105/><T16/><D121/><U133/><E133/><V92/><F4/><W120/><G50/><N who="0" m="26951" /><D5/><U60/><E28/><V10/><F66/><W29/><G44/><T117/><D126/><U123/><E123/><V41/><F41/><W107/><G107/><T36/><D36/><U17/><E82/><V77/><F101/><W42/><G42/><T55/><D117/><U89/><E45/><V109/><F92/><W72/><G72/><T129/><D129/><U81/><E68/><V14/><F48/><W7/><G73/><T39/><D39/><U34/><E34/><N who="3" m="12810" /><G120/><T76/><D76/><U57/><E103/><V2/><F53/><N who="0" m="19978" /><D61/><N who="1" m="38063" /><E13/><V43/><F43/><W64/><G64/><T118/><D118/><U67/><E104/><V26/><F14/><W71/><G71/><T90/><D97/><U56/><E56/><V11/><REACH who="2" step="1"/><F2/><REACH who="2" ten="240,240,230,270" step="2"/><W100/><G100/><T115/><D115/><U106/><E106/><V1/><F1/><W111/><G111/><AGARI ba="1,2" hai="10,11,21,22,24,26,77,79,84,86,109,111,130,131" machi="111" ten="25,3200,0" yaku="1,1,22,2,53,0" doraHai="31" doraHaiUra="87" who="2" fromWho="3" sc="240,0,240,0,230,55,270,-35" /><INIT seed="2,0,0,2,1,92" ten="240,240,285,235" oya="2" hai0="54,60,69,87,107,7,106,135,66,16,3,37,103" hai1="74,98,49,121,76,68,0,88,119,127,43,116,28" hai2="35,9,56,15,110,50,64,122,44,90,13,113,70" hai3="27,99,65,12,77,83,17,132,78,97,21,39,89"/><V117/><F122/><W112/><G39/><T85/><D37/><U61/><E0/><V100/><F35/><W42/><G42/><T124/><D135/><U95/><E127/><V29/><F113/><W80/><G132/><T33/><D124/><U30/><E121/><V23/><F70/><W47/><G47/><T118/><D118/><U10/><E119/><V24/><F117/><W86/><G112/><T126/><D33/><U58/><E116/><V14/><F110/><W5/><G65/><T93/><D87/><U109/><E109/><V102/><F90/><W125/><G125/><T111/><D111/><U48/><E76/><N who="3" m="29290" /><G83/><T59/><D126/><U104/><E74/><V19/><F64/><W84/><G84/><T41/><D41/><U1/><E104/><V40/><F56/><W11/><AGARI ba="0,0" hai="5,11,12,17,21,27,80,86,89,97,99" m="29290" machi="11" ten="30,4000,0" yaku="8,1,52,2" doraHai="92" who="3" fromWho="3" sc="240,-10,240,-10,285,-20,235,40" /><INIT seed="3,0,0,0,5,22" ten="230,230,265,275" oya="3" hai0="51,45,109,13,26,72,75,35,61,67,134,105,79" hai1="37,12,10,93,36,84,19,118,0,80,42,122,41" hai2="123,114,60,32,128,44,132,74,113,135,88,59,115" hai3="50,11,125,108,63,62,14,47,2,5,91,94,86"/><W43/><G125/><T64/><D105/><U48/><E122/><V6/><F74/><W20/><G108/><T116/><D116/><U39/><E0/><V24/><F6/><W8/><G8/><T58/><D64/><U7/><E118/><V49/><F123/><W68/><G68/><T103/><D103/><U129/><E129/><V131/><F88/><W124/><G124/><T130/><D109/><U111/><E111/><V83/><F83/><W29/><G2/><T1/><D1/><U76/><E93/><V15/><F15/><W66/><G66/><T55/><D130/><N who="2" m="49706" /><F24/><AGARI ba="0,0" hai="5,11,14,20,24,29,43,47,50,62,63,86,91,94" machi="24" ten="40,3900,0" yaku="8,1,52,1" doraHai="22" who="3" fromWho="2" sc="230,0,230,0,265,-39,275,39" owari="230,3.0,230,-17.0,226,-27.0,314,41.0" /></mjloggm>