<mjloggm ver="2.3"><GO type="41" lobby="0"/><UN n0="%E3%82%A6%E3%83%AB%E3%83%88%E3%83%A9%E7%AB%8B%E7%9B%B4" n1="%4D%65%74%72%6F%70%6F%6C" n2="%E2%97%87%6B%61%62%6F%6F%6D%E2%97%87" n3="%E7%B5%B6%E5%AF%BE%E9%A0%98%E5%9F%9F%E3%81%AE%E7%94%B7" dan="15,14,14,14" rate="1959.68,1841.44,1890.75,2008.46" sx="M,M,M,M"/><TAIKYOKU oya="0"/><INIT seed="0,0,0,1,2,23" ten="250,250,250,250" oya="0" hai0="124,24,132,12,133,62,74,84,105,117,25,8,39" hai1="2,53,15,99,65,48,114,128,125,10,118,88,42" hai2="131,66,86,71,123,57,32,61,103,72,82,121,21" hai3="36,94,37,80,106,29,75,76,49,100,38,115,20"/><T26/><D74/><U108/><E118/><V116/><F72/><W110/><G115/><T19/><D39/><U127/><E2/><V52/><F32/><W11/><G11/><T98/><D117/><U54/><E114/><V0/><F116/><W91/><G110/><T67/><D84/><U22/><E128/><V14/><F0/><W77/><G77/><T58/><D124/><N who="1" m="47691" /><E65/><V5/><F131/><W45/><G106/><T119/><D119/><U60/><E108/><V102/><F123/><W68/><G68/><T135/><D98/><U87/><E99/><V79/><F121/><W83/><G83/><T85/><D85/><U63/><E42/><V35/><F35/><W126/><G126/><T4/><D105/><U31/><E31/><V34/><F34/><W134/><G134/><T92/><D92/><N who="1" m="54303" /><E22/><AGARI ba="0,0" hai="4,8,12,19,22,24,25,26,58,62,67,132,133,135" machi="22" ten="40,12000,1" yaku="20,1,52,3" doraHai="23" who="0" fromWho="1" sc="250,120,250,-120,250,0,250,0" /><INIT seed="0,1,0,3,1,116" ten="370,130,250,250" oya="0" hai0="105,42,26,45,110,117,89,5,44,91,81,78,132" hai1="46,3,52,18,79,99,33,86,41,15,34,112,135" hai2="7,55,73,32,64,10,58,50,40,82,53,95,51" hai3="93,17,49,11,22,114,115,121,100,14,37,125,36"/><T119/><D105/><U48/><E3/><V68/><F32/><W98/><G125/><T128/><D132/><U57/><E135/><V102/><F40/><W111/><G114/><T127/><D128/><U66/><E112/><V130/><F130/><W107/><G115/><T123/><D127/><U1/><E1/><V29/><F29/><W31/><G111/><T0/><D110/><U124/><E99/><V126/><F126/><W12/><G31/><T28/><D123/><U131/><E131/><V24/><F24/><W59/><G107/><T69/><D69/><U92/><E124/><V47/><F68/><W38/><G121/><T97/><D97/><U67/><E33/><V54/><F64/><W90/><G100/><T8/><D89/><U71/><E34/><V96/><F53/><W9/><G14/><T6/><D91/><U120/><E120/><V56/><F73/><W129/><G129/><T16/><D44/><U72/><E72/><V13/><F82/><W27/><G27/><T108/><D108/><U103/><E103/><V39/><F39/><W85/><G98/><T30/><D30/><U88/><E79/><V62/><F62/><W20/><G20/><T70/><D70/><U109/><E71/><V113/><REACH who="2" step="1"/><F113/><REACH who="2" ten="370,130,240,250" step="2"/><W101/><G101/><T80/><D80/><U94/><E109/><V35/><F35/><W118/><G118/><T2/><D28/><U106/><E106/><V65/><F65/><W84/><G84/><T83/><D117/><U61/><REACH who="1" step="1"/><E92/><REACH who="1" ten="370,120,240,250" step="2"/><V21/><F21/><AGARI ba="1,2" hai="15,18,21,41,46,48,52,57,61,66,67,86,88,94" machi="21" ten="30,12000,2" yaku="1,1,2,1,7,1,8,1,54,2,53,1" doraHai="116" doraHaiUra="87" who="1" fromWho="2" sc="370,0,120,143,240,-123,250,0" /><INIT seed="1,0,0,5,3,5" ten="370,263,117,250" oya="1" hai0="117,52,13,128,120,94,19,26,36,15,74,135,63" hai1="88,65,6,93,118,50,17,2,99,8,125,106,90" hai2="33,4,81,72,96,10,98,35,40,103,104,67,23" hai3="39,80,92,27,91,18,101,73,60,116,42,133,123"/><U56/><E125/><V24/><F96/><W9/><G123/><T85/><D36/><U127/><E118/><V95/><F40/><W122/><G122/><T59/><D74/><U58/><E127/><V110/><F110/><W124/><G124/><T84/><D117/><U51/><E106/><V61/><F104/><W66/><G133/><T34/><D120/><U0/><E0/><V126/><F81/><W41/><G39/><T79/><D135/><U3/><E3/><V132/><F72/><W97/><G116/><T20/><D128/><U7/><E7/><V100/><F132/><W109/><G109/><T37/><D37/><U111/><E111/><V62/><F103/><W83/><G73/><T87/><D34/><U130/><E130/><V38/><F62/><W53/><G66/><T113/><D113/><U45/><E51/><V49/><F49/><W57/><G101/><T82/><D15/><U129/><E129/><V134/><F134/><W69/><G69/><T89/><D13/><U46/><E17/><V44/><F44/><W121/><G121/><T112/><D112/><U107/><E107/><V21/><F38/><W55/><G55/><T102/><D102/><N who="1" m="60783" /><E46/><V32/><F126/><W54/><G54/><T68/><D68/><U76/><E76/><V119/><F119/><W48/><G41/><T115/><D115/><U47/><E47/><V14/><REACH who="2" step="1"/><F24/><REACH who="2" ten="370,263,107,250" step="2"/><W22/><G42/><T28/><D85/><U71/><E45/><V1/><F1/><W30/><G48/><T70/><D70/><AGARI ba="0,1" hai="4,10,14,21,23,32,33,35,61,67,70,95,98,100" machi="70" ten="40,2600,0" yaku="1,1,52,1,53,0" doraHai="5" doraHaiUra="108" who="2" fromWho="0" sc="370,-26,263,0,107,36,250,0" /><INIT seed="2,0,0,5,2,68" ten="344,263,143,250" oya="2" hai0="95,62,91,111,46,107,108,42,125,70,50,17,128" hai1="52,84,94,18,72,19,60,93,98,63,112,26,44" hai2="131,73,61,85,16,118,10,77,54,127,87,123,15" hai3="37,119,114,34,5,31,67,12,109,78,27,130,21"/><V120/><F118/><W117/><G78/><T6/><D107/><U23/><E72/><V121/><F127/><W22/><G67/><T88/><D125/><U126/><E112/><V41/><F131/><W25/><G109/><N who="0" m="42059" /><D128/><U102/><E126/><V7/><F41/><W100/><G100/><T2/><D6/><U24/><E84/><V64/><F54/><W51/><G130/><T115/><D2/><U90/><E94/><V105/><F105/><W59/><G114/><T89/><D17/><U36/><E102/><V55/><F55/><W29/><G59/><T135/><D135/><U71/><E71/><V57/><REACH who="2" step="1"/><F7/><REACH who="2" ten="344,263,133,250" step="2"/><W96/><G119/><T32/><D115/><U58/><E52/><V134/><F134/><W106/><G117/><T3/><D42/><U79/><E36/><V0/><F0/><W74/><G37/><T56/><D50/><U113/><E113/><V75/><F75/><W14/><G51/><T132/><D62/><U9/><E63/><V35/><F35/><W116/><G74/><T39/><D132/><U124/><E60/><V48/><F48/><W33/><G116/><T86/><D32/><U83/><E124/><V65/><F65/><W82/><G5/><T1/><D1/><U104/><E104/><V30/><F30/><W92/><G106/><T13/><D3/><U53/><E53/><V99/><F99/><W28/><G28/><T40/><D39/><U76/><E98/><V66/><F66/><W101/><G82/><AGARI ba="0,1" hai="10,15,16,57,61,64,73,77,82,85,87,120,121,123" machi="82" ten="40,3900,0" yaku="1,1,54,1,53,0" doraHai="68" doraHaiUra="20" who="2" fromWho="3" sc="344,0,263,0,133,49,250,-39" /><INIT seed="2,1,0,1,2,102" ten="344,263,182,211" oya="2" hai0="46,0,54,123,103,64,22,19,114,39,9,88,120" hai1="104,49,122,20,38,16,45,118,6,4,44,108,93" hai2="116,50,51,5,128,132,69,80,73,125,119,59,28" hai3="110,129,68,23,72,96,85,133,29,113,53,126,32"/><V61/><F69/><W100/><G68/><T79/><D64/><U105/><E118/><V11/><F132/><W21/><G72/><T75/><D114/><U34/><E34/><V37/><F37/><W36/><G110/><T48/><D39/><U84/><E108/><V56/><F128/><W83/><G36/><T70/><D70/><U18/><E38/><V63/><F125/><W14/><G126/><T15/><D103/><U76/><E122/><V8/><F28/><W101/><G129/><T65/><D65/><U43/><E45/><V127/><F127/><W24/><G133/><T107/><D107/><U10/><E18/><V89/><F73/><W135/><G135/><T7/><D79/><U66/><E66/><V81/><F89/><W82/><G82/><T98/><D75/><U121/><E121/><V106/><F5/><W77/><G113/><T78/><D78/><U74/><E74/><V87/><F87/><W86/><G53/><T130/><D130/><U62/><E62/><V97/><F97/><W134/><G134/><T112/><D112/><U58/><E58/><V33/><F33/><W99/><G32/><T67/><D67/><U124/><E124/><V30/><F30/><W71/><G71/><T40/><D40/><U109/><E109/><V1/><F1/><W91/><G14/><T41/><D41/><U3/><E6/><V94/><F94/><N who="3" m="54639" /><G21/><T31/><D31/><U90/><E76/><V95/><F95/><W17/><G29/><T26/><D0/><U117/><E117/><V111/><F111/><W55/><G55/><T13/><D13/><AGARI ba="1,0" hai="3,4,10,13,16,20,43,44,49,84,90,93,104,105" machi="13" ten="30,8000,1" yaku="6,1,7,1,52,2,54,1" doraHai="102" who="1" fromWho="0" sc="344,-83,263,83,182,0,211,0" /><INIT seed="3,0,0,4,4,13" ten="261,346,182,211" oya="3" hai0="128,33,82,6,73,55,101,70,81,20,25,123,7" hai1="121,69,32,63,83,109,14,1,62,61,85,78,86" hai2="94,114,54,102,97,49,3,42,88,31,125,112,113" hai3="127,71,100,87,46,106,72,40,43,2,44,35,91"/><W28/><G71/><T26/><D70/><U12/><E1/><V129/><F3/><W131/><G2/><T15/><D123/><U99/><E121/><V120/><F120/><W38/><G72/><T29/><D128/><U17/><E32/><V108/><F129/><W36/><G131/><T68/><D68/><U56/><E109/><V96/><F108/><W9/><G127/><T116/><D116/><U37/><E69/><V119/><F119/><W19/><G106/><T18/><D101/><U57/><E37/><V98/><F125/><W52/><G100/><T8/><D73/><U34/><E34/><V130/><F42/><W22/><G35/><T107/><D107/><U74/><E74/><V21/><F130/><W53/><G28/><T84/><D55/><U122/><E122/><V89/><F102/><W77/><G9/><T23/><D33/><U103/><E86/><V92/><F98/><W115/><G77/><T95/><D95/><N who="1" m="58879" /><E12/><V79/><F79/><W50/><G50/><T93/><D7/><U132/><E132/><V51/><F54/><W27/><G115/><T45/><D45/><U48/><E48/><V126/><F126/><W59/><G59/><T30/><D6/><U110/><E110/><V80/><F80/><AGARI ba="0,0" hai="19,22,27,36,38,40,43,44,46,52,53,80,87,91" machi="80" ten="30,11600,0" yaku="7,1,9,1,52,1,54,1" doraHai="13" who="3" fromWho="2" sc="261,0,346,0,182,-116,211,116" /><INIT seed="3,1,0,0,2,12" ten="261,346,66,327" oya="3" hai0="67,104,118,21,18,57,81,79,115,102,124,45,108" hai1="24,29,95,25,64,106,34,37,0,86,85,41,8" hai2="129,50,133,19,46,38,99,76,48,127,82,15,58" hai3="73,39,87,20,75,110,52,88,4,101,119,23,128"/><W112/><G119/><T84/><D118/><U93/><E106/><V61/><F133/><W80/><G112/><T68/><D68/><U40/><E37/><V47/><F129/><W70/><G70/><T6/><D108/><U131/><E131/><V22/><F127/><W42/><G128/><T44/><D124/><U60/><E0/><V97/><F38/><W100/><G4/><T27/><D115/><U36/><E8/><V74/><F50/><W43/><G39/><T125/><D125/><U120/><E120/><V135/><F135/><W107/><G110/><T2/><D2/><U32/><E36/><V94/><F47/><W13/><G73/><T11/><D102/><U103/><E103/><N who="3" m="39498" /><G75/><T132/><D104/><U113/><E113/><V92/><F99/><W109/><G109/><T30/><D132/><U7/><E7/><V31/><F31/><W33/><G33/><T51/><D6/><U105/><E60/><V63/><F63/><W69/><G69/><T53/><D67/><U123/><E105/><V9/><F97/><W16/><G23/><T78/><D78/><U28/><E123/><V98/><F98/><W1/><G1/><T17/><D11/><U134/><E134/><V62/><F62/><W14/><G14/><T59/><D45/><U55/><E55/><V90/><F90/><W77/><G52/><N who="0" m="31903" /><D44/><U89/><E64/><V126/><F126/><W122/><G107/><T35/><D35/><U5/><E5/><V49/><F49/><AGARI ba="1,0" hai="17,18,21,27,30,49,53,59,79,81,84" m="31903" machi="49" ten="30,7700,0" yaku="8,1,52,2,54,1" doraHai="12" who="0" fromWho="2" sc="261,80,346,0,66,-80,327,0" owari="341,14.0,346,44.0,-14,-51.0,327,-7.0" /></mjloggm>