<mjloggm ver="2.3"><GO type="41" lobby="0"/><UN n0="%E5%B0%B1%E6%B4%BB%E7%94%9F%40%E5%B7%9D%E6%9D%91%E8%BB%8D%E5%9B%A3" n1="%E4%B8%8A%E5%9F%9C%E4%B9%85%2E%2E" n2="%E2%97%AF%E2%96%B3" n3="%E8%A3%8F%E6%8A%95%E3%81%92%E4%B8%80%E6%9C%AC" dan="15,15,14,15" rate="1986.69,2038.73,1880.64,1983.02" sx="M,F,M,M"/><TAIKYOKU oya="0"/><INIT seed="0,0,0,5,4,30" ten="250,250,250,250" oya="0" hai0="109,103,48,111,130,39,13,69,36,21,106,120,57" hai1="63,94,131,14,59,78,91,114,42,72,34,3,117" hai2="95,80,76,123,88,40,51,82,37,74,60,121,8" hai3="86,112,118,81,16,73,44,99,1,125,64,47,4"/><T97/><D69/><U23/><E117/><V89/><F37/><W115/><G118/><T31/><D120/><U25/><E3/><V65/><F8/><W61/><G73/><T11/><D130/><U26/><E131/><V96/><F82/><W129/><G1/><T15/><D57/><U45/><E114/><V68/><REACH who="2" step="1"/><F89/><REACH who="2" ten="250,250,240,250" step="2"/><W58/><G115/><T132/><D36/><U27/><E78/><V110/><F110/><W100/><G129/><T9/><D39/><U90/><E72/><V70/><F70/><W108/><G81/><T32/><D109/><U79/><E79/><V128/><F128/><W7/><G108/><T126/><D111/><U12/><E91/><V127/><F127/><W87/><G125/><T71/><D126/><U122/><E122/><V104/><F104/><W24/><G112/><T102/><D71/><U83/><E83/><V116/><F116/><W0/><G0/><T29/><D106/><U119/><E119/><V49/><F49/><W98/><G4/><T135/><D9/><U43/><E90/><V50/><F50/><W75/><G7/><T46/><D11/><U5/><E5/><V17/><F17/><W105/><G16/><T55/><D48/><U107/><E107/><V41/><F41/><W20/><G105/><T28/><D29/><N who="1" m="19759" /><E43/><V85/><F85/><W134/><G87/><T38/><D31/><N who="1" m="17887" /><E94/><V22/><F22/><W19/><G20/><T77/><D28/><U53/><E27/><V133/><F133/><W92/><G24/><T54/><D135/><U84/><E84/><V101/><F101/><W56/><G100/><RYUUKYOKU ba="0,1" sc="250,-15,250,15,240,15,250,-15" hai1="12,14,42,45,53,59,63" hai2="40,51,60,65,68,74,76,80,88,95,96,121,123" /><INIT seed="1,1,1,0,4,101" ten="235,265,255,235" oya="1" hai0="57,61,92,3,62,41,0,70,8,71,11,49,94" hai1="118,76,37,123,63,19,100,124,7,129,80,106,135" hai2="28,9,42,77,127,113,27,105,85,102,88,73,38" hai3="81,98,68,2,128,130,56,131,36,114,60,10,40"/><U55/><E19/><V87/><F9/><W78/><G114/><T43/><REACH who="0" step="1"/><D57/><REACH who="0" ten="225,265,255,235" step="2"/><U39/><E118/><V74/><F113/><W97/><G56/><T90/><D90/><U34/><E100/><V17/><F88/><W122/><G68/><T79/><D79/><U120/><E76/><V133/><F77/><W30/><G78/><T44/><D44/><U54/><E123/><V23/><F73/><W132/><G122/><T112/><D112/><U117/><E120/><V16/><F74/><W115/><G115/><T66/><D66/><U104/><E117/><V58/><F102/><W33/><G131/><T50/><AGARI ba="1,2" hai="0,3,8,11,41,43,49,50,61,62,70,71,92,94" machi="50" ten="25,8000,1" yaku="21,2,0,1,22,2,53,0" doraHai="101" doraHaiUra="14" who="0" fromWho="0" sc="225,103,265,-41,255,-21,235,-21" /><INIT seed="2,0,0,5,0,65" ten="328,224,234,214" oya="2" hai0="81,26,94,104,86,131,3,52,22,79,99,126,59" hai1="21,51,43,56,15,4,19,129,105,121,110,28,29" hai2="135,20,85,39,38,98,132,70,41,95,125,5,83" hai3="90,0,10,75,74,47,122,13,49,82,24,91,115"/><V100/><F5/><W48/><G122/><T32/><D3/><U77/><E105/><V96/><F125/><W46/><G0/><T18/><D104/><U9/><E121/><V11/><F11/><W25/><G115/><T103/><D126/><U112/><E110/><V107/><F20/><W71/><G10/><T130/><REACH who="0" step="1"/><D32/><REACH who="0" ten="318,224,234,214" step="2"/><U84/><E112/><V119/><F119/><W113/><G113/><T68/><D68/><U35/><E129/><V50/><F70/><W31/><G82/><T88/><D88/><U109/><E35/><V123/><F123/><W37/><G71/><T106/><D106/><U118/><E118/><V33/><F33/><W134/><G91/><T6/><D6/><U72/><E109/><V44/><F132/><W17/><G90/><T42/><D42/><U12/><E72/><V87/><F135/><W64/><G75/><T76/><D76/><U127/><E127/><V34/><F34/><W60/><G74/><T55/><D55/><N who="1" m="31871" /><E43/><V36/><REACH who="2" step="1"/><F83/><AGARI ba="0,1" hai="4,9,12,15,19,21,28,29,77,83,84" m="31871" machi="83" ten="30,1000,0" yaku="8,1" doraHai="65" who="1" fromWho="2" sc="318,0,224,20,234,-10,214,0" /><INIT seed="3,0,0,3,4,76" ten="318,244,224,214" oya="3" hai0="74,28,113,131,25,30,125,36,102,111,89,13,133" hai1="123,92,49,75,82,26,53,80,52,12,71,61,107" hai2="7,91,67,124,105,90,54,85,101,79,63,41,70" hai3="60,84,81,120,64,46,47,42,112,69,57,14,87"/><W37/><G47/><T122/><D36/><U33/><E107/><V130/><F130/><W135/><G120/><T9/><D74/><U100/><E123/><V19/><F124/><W118/><G112/><T97/><D122/><U59/><E75/><V23/><F7/><W22/><G118/><T110/><D113/><U55/><E71/><V51/><F41/><W35/><G35/><T3/><D3/><U66/><E33/><V128/><F128/><W73/><G135/><T4/><D125/><U50/><E26/><V103/><F79/><W18/><REACH who="3" step="1"/><G69/><REACH who="3" ten="318,244,224,204" step="2"/><T72/><D133/><U77/><E77/><AGARI ba="0,1" hai="14,18,22,37,42,46,57,60,64,73,77,81,84,87" machi="77" ten="40,7700,0" yaku="1,1,2,1,52,1,53,0" doraHai="76" doraHaiUra="109" who="3" fromWho="1" sc="318,0,244,-77,224,0,204,87" /><INIT seed="3,1,0,4,2,88" ten="318,167,224,291" oya="3" hai0="119,134,43,129,67,34,9,70,39,109,120,76,24" hai1="25,110,115,30,85,13,135,74,18,35,105,40,132" hai2="2,72,131,53,122,91,118,75,133,82,71,100,49" hai3="101,28,97,55,81,47,37,113,10,54,108,65,19"/><W77/><G28/><T127/><RYUUKYOKU type="yao9" ba="1,0" sc="318,0,167,0,224,0,291,0" hai0="9,24,34,39,43,67,70,76,109,119,120,127,129,134" /><INIT seed="3,2,0,5,0,123" ten="318,167,224,291" oya="3" hai0="34,111,47,21,14,126,119,39,5,22,18,8,60" hai1="113,75,40,71,96,41,53,122,132,72,16,37,135" hai2="64,82,58,76,56,89,20,97,27,45,127,87,61" hai3="93,90,19,104,83,35,30,131,24,95,17,81,110"/><W2/><G104/><T66/><D34/><U51/><E113/><V84/><F127/><W116/><G116/><T59/><D119/><U86/><E122/><V26/><F97/><W42/><G131/><T7/><D126/><U118/><E71/><V73/><F73/><W32/><G2/><T55/><D111/><U133/><E118/><V48/><F58/><W102/><G42/><N who="1" m="16490" /><E37/><V13/><F13/><W33/><G102/><T114/><D39/><U4/><E4/><N who="0" m="1609" /><D114/><U69/><E69/><V107/><F107/><W109/><G35/><T98/><D98/><U130/><E130/><V101/><F101/><W120/><G33/><T3/><D3/><U128/><E128/><V106/><F106/><W36/><G36/><T63/><D63/><U108/><E96/><V54/><REACH who="2" step="1"/><F20/><REACH who="2" ten="318,167,214,291" step="2"/><N who="0" m="7786" /><D47/><N who="1" m="27903" /><E16/><V25/><F25/><W124/><G124/><T31/><D31/><U121/><E121/><V6/><F6/><W11/><G19/><T78/><D66/><U105/><E105/><V74/><F74/><N who="1" m="28201" /><E86/><V65/><F65/><W50/><G120/><T103/><D103/><U94/><E94/><AGARI ba="2,1" hai="26,27,45,48,54,56,61,64,76,82,84,87,89,94" machi="94" ten="30,7700,0" yaku="1,1,7,1,8,1,53,1" doraHai="123" doraHaiUra="91" who="2" fromWho="1" sc="318,0,167,-83,214,93,291,0" /><INIT seed="4,0,0,0,2,11" ten="318,84,307,291" oya="0" hai0="26,35,1,101,86,116,75,4,68,79,44,82,56" hai1="40,59,31,124,22,104,27,57,125,2,109,133,51" hai2="54,112,14,84,72,58,10,38,110,41,89,78,32" hai3="39,91,64,85,108,63,12,67,119,9,114,77,115"/><T105/><D68/><U132/><E104/><V7/><F32/><W111/><G39/><T74/><D116/><U69/><E2/><V100/><F110/><W135/><G77/><T48/><D35/><U129/><E31/><V46/><F100/><W120/><G135/><N who="1" m="51786" /><E22/><V96/><F96/><W93/><G119/><T29/><D1/><U49/><E69/><V102/><F102/><W65/><G63/><T55/><D4/><U50/><E109/><V123/><F112/><N who="3" m="43051" /><G120/><T62/><D105/><U25/><E25/><V19/><F123/><W53/><G53/><T23/><REACH who="0" step="1"/><D101/><REACH who="0" ten="308,84,307,291" step="2"/><U21/><E27/><V3/><F3/><W76/><G111/><T99/><D99/><U126/><E21/><V71/><F7/><W43/><G108/><T83/><D83/><U13/><E13/><V45/><F72/><W8/><G12/><T17/><D17/><U113/><E113/><V131/><F19/><W33/><G33/><T106/><D106/><U103/><E103/><V80/><F71/><W42/><G76/><T107/><D107/><U70/><E70/><V6/><F78/><W94/><G94/><T81/><D81/><U117/><E117/><V15/><F14/><W118/><G118/><T61/><D61/><U92/><E92/><V52/><F15/><W36/><G93/><T95/><D95/><U128/><E40/><AGARI ba="0,1" hai="23,26,29,40,44,48,55,56,62,74,75,79,82,86" machi="40" ten="30,2900,0" yaku="1,1,7,1,53,0" doraHai="11" doraHaiUra="66" who="0" fromWho="1" sc="308,39,84,-29,307,0,291,0" /><INIT seed="4,1,0,4,1,36" ten="347,55,307,291" oya="0" hai0="43,12,108,88,56,18,66,71,70,80,27,24,55" hai1="121,105,34,87,86,69,101,11,84,130,96,104,28" hai2="103,39,74,30,21,116,54,31,78,73,75,9,7" hai3="25,0,129,14,33,77,20,76,2,23,10,82,97"/><T62/><D108/><U26/><E130/><V113/><F113/><W16/><G97/><T68/><D43/><U135/><E121/><V114/><F114/><W38/><G38/><T107/><D107/><U118/><E135/><V35/><F116/><W41/><G41/><T42/><D42/><U90/><E118/><V44/><F35/><W92/><G92/><T120/><D120/><U61/><E11/><V67/><F67/><W128/><G77/><T94/><D80/><U40/><E105/><V83/><F103/><W112/><G76/><T64/><D27/><U111/><E40/><N who="2" m="22559" /><F54/><W47/><G47/><T58/><D24/><U117/><E117/><V63/><F63/><W46/><G46/><T5/><D5/><U29/><E29/><N who="2" m="10763" /><F21/><N who="3" m="11415" /><G82/><T37/><D37/><U50/><E50/><V93/><F93/><W115/><G115/><T53/><D12/><U102/><E102/><V91/><F91/><W132/><G132/><T59/><D18/><U60/><E60/><V110/><F110/><W126/><G112/><T109/><D109/><U65/><REACH who="1" step="1"/><E111/><REACH who="1" ten="347,45,307,291" step="2"/><V79/><F79/><W99/><G10/><T100/><D100/><U4/><E4/><V134/><F134/><W72/><G129/><T52/><D62/><U51/><E51/><V19/><F19/><W127/><G128/><T48/><D48/><U1/><E1/><AGARI ba="1,1" hai="1,7,9,73,74,75,78,83" m="10763,22559" machi="1" ten="30,2000,0" yaku="25,1,52,1" doraHai="36" who="2" fromWho="1" sc="347,0,45,-23,307,33,291,0" /><INIT seed="5,0,0,5,4,127" ten="347,22,340,291" oya="1" hai0="84,66,70,105,13,106,124,108,133,72,82,32,51" hai1="6,30,85,132,67,42,92,61,117,58,134,9,104" hai2="20,65,34,0,71,59,35,28,64,62,43,24,1" hai3="57,69,80,111,10,33,125,21,126,46,99,93,26"/><U56/><E104/><V74/><F74/><W18/><G111/><T39/><D72/><U44/><E117/><V3/><REACH who="2" step="1"/><F43/><REACH who="2" ten="347,22,330,291" step="2"/><W19/><G126/><T103/><D124/><U109/><E30/><V128/><F128/><W77/><G125/><T29/><D108/><U5/><E109/><V12/><F12/><W110/><G110/><T98/><D133/><N who="1" m="51307" /><E9/><V47/><F47/><W95/><G10/><T45/><D13/><U90/><E58/><V31/><F31/><W11/><G11/><T15/><D15/><U17/><E17/><V118/><F118/><W52/><G69/><T23/><D29/><U81/><E81/><V115/><F115/><W135/><G46/><T131/><D82/><U48/><AGARI ba="0,1" hai="5,6,42,44,48,56,61,67,85,90,92" m="51307" machi="48" ten="30,1500,0" yaku="20,1" doraHai="127" who="1" fromWho="1" sc="347,-5,22,25,330,-5,291,-5" /><INIT seed="5,1,0,5,1,60" ten="342,47,325,286" oya="1" hai0="109,87,115,50,122,88,96,48,31,98,70,95,66" hai1="14,107,92,73,124,11,25,99,44,91,129,126,64" hai2="36,0,17,132,77,135,68,111,76,80,118,112,56" hai3="83,35,130,3,38,19,89,5,119,90,125,113,40"/><U104/><E73/><V15/><F111/><W8/><G113/><T47/><D109/><U26/><E44/><V67/><F0/><W49/><G130/><T102/><D115/><U13/><E13/><V84/><F112/><W117/><G125/><N who="1" m="48234" /><E129/><V106/><F106/><N who="1" m="40489" /><E64/><V74/><F36/><W93/><G38/><T101/><D122/><U10/><E10/><V57/><F118/><W39/><G39/><T41/><D70/><U97/><E99/><N who="0" m="37929" /><D31/><U105/><N who="1" m="40497" /><U9/><DORA hai="37" /><E9/><V108/><F108/><W61/><G8/><T131/><D131/><U120/><E120/><V133/><F76/><W2/><G3/><T54/><D66/><U79/><E79/><V127/><F74/><W116/><G2/><T128/><D128/><U82/><E82/><V43/><F127/><W32/><G83/><T71/><D71/><U58/><E58/><AGARI ba="1,0" hai="41,47,48,50,54,58,87,88,95,101,102" m="37929" machi="58" ten="30,3900,0" yaku="8,1,52,1,54,1" doraHai="60,37" who="0" fromWho="1" sc="342,42,47,-42,325,0,286,0" /><INIT seed="6,0,0,4,1,125" ten="384,5,325,286" oya="2" hai0="76,98,118,44,40,6,88,133,69,9,27,113,127" hai1="80,116,119,58,73,50,83,108,72,95,121,92,37" hai2="26,24,28,17,70,122,87,117,57,61,60,129,94" hai3="42,81,106,123,2,84,8,39,59,97,34,15,110"/><V130/><F117/><N who="1" m="45129" /><E58/><V19/><F122/><W7/><G110/><T54/><D69/><U45/><E50/><V21/><F70/><W65/><G123/><T111/><D127/><U49/><E45/><V10/><F10/><W93/><G106/><T4/><D111/><U23/><E49/><V41/><F41/><W101/><G34/><T96/><D113/><U53/><E23/><V52/><F26/><W112/><G112/><T62/><D118/><U36/><E53/><V47/><F47/><W12/><G39/><T109/><D76/><U3/><E37/><V5/><F5/><W1/><G42/><T31/><D109/><U22/><E3/><V77/><F60/><W103/><G103/><T13/><D133/><U18/><E18/><V46/><F46/><W86/><G86/><T114/><D114/><U90/><E36/><V105/><F105/><W14/><G2/><T124/><D4/><U43/><E22/><V126/><F126/><W131/><G131/><N who="2" m="50185" /><F77/><N who="3" m="46127" /><G1/><T99/><D124/><U104/><E43/><V30/><F30/><W51/><G51/><N who="0" m="27015" /><D54/><U102/><E108/><V120/><F120/><W89/><G101/><T79/><D62/><AGARI ba="0,0" hai="7,8,12,14,15,59,62,65,89,93,97" m="46127" machi="62" ten="30,1000,0" yaku="8,1" doraHai="125" who="3" fromWho="0" sc="384,-10,5,0,325,0,286,10" /><INIT seed="7,0,0,3,4,0" ten="374,5,325,296" oya="3" hai0="24,57,56,115,18,63,67,114,45,68,70,91,132" hai1="110,131,26,38,120,122,94,76,111,36,96,72,90" hai2="88,80,59,119,10,89,134,86,30,46,92,85,42" hai3="71,117,54,41,107,121,126,125,20,33,97,53,31"/><W83/><G117/><T12/><D132/><U109/><E26/><V27/><F119/><W13/><G121/><T6/><D6/><U130/><E38/><V11/><F134/><W128/><G71/><T100/><D100/><U44/><E44/><V17/><F17/><N who="3" m="10287" /><G41/><T135/><D135/><U25/><E25/><V113/><F113/><N who="0" m="43018" /><D24/><U51/><E51/><V62/><F42/><W133/><G133/><T75/><D75/><U69/><E36/><V47/><F46/><W55/><G31/><T74/><D74/><U15/><E15/><V84/><F47/><W112/><G112/><T61/><D91/><U66/><E66/><N who="2" m="39263" /><F84/><W81/><G128/><N who="1" m="49194" /><E69/><V82/><F82/><AGARI ba="0,0" hai="72,76,82,90,94,96,109,110,111,120,122" m="49194" machi="82" ten="40,5200,0" yaku="19,1,34,2" doraHai="0" who="1" fromWho="2" sc="374,0,5,52,325,-52,296,0" owari="374,47.0,57,-44.0,273,-13.0,296,10.0" /></mjloggm>