<mjloggm ver="2.3"><GO type="97" lobby="0"/><UN n0="%E5%B0%B1%E6%B4%BB%E7%94%9F%40%E5%B7%9D%E6%9D%91%E8%BB%8D%E5%9B%A3" n1="%E3%82%89%E3%82%80%E3%81%A0%E6%9D%91" n2="%68%6F%75%6B%69%30%39" n3="%73%61%72%61%68%31%32%33" dan="14,14,14,15" rate="1938.95,1905.24,1962.98,2000.25" sx="M,M,F,M"/><TAIKYOKU oya="0"/><INIT seed="0,0,0,3,4,94" ten="250,250,250,250" oya="0" hai0="100,42,127,95,96,85,71,10,19,112,75,89,92" hai1="129,131,25,5,56,72,86,39,9,33,87,116,68" hai2="4,17,120,21,31,32,8,41,53,103,98,109,93" hai3="110,20,0,83,61,69,65,58,67,2,45,64,50"/><T14/><D71/><U122/><E116/><V78/><F120/><W29/><G110/><T108/><D112/><U1/><E72/><V6/><F109/><W49/><G2/><T47/><D108/><U74/><E74/><V63/><F41/><N who="3" m="24751" /><G0/><T97/><D127/><U126/><E68/><V115/><F78/><W16/><G69/><T43/><D75/><U102/><E39/><V111/><F111/><W7/><G7/><T79/><D47/><U11/><E122/><V57/><F115/><W40/><G29/><T133/><D133/><U48/><E126/><V34/><F31/><W107/><G107/><T82/><AGARI ba="0,0" hai="10,14,19,42,43,79,82,85,89,92,95,96,97,100" machi="82" ten="30,11700,0" yaku="0,1,8,1,52,2" doraHai="94" who="0" fromWho="0" sc="250,117,250,-39,250,-39,250,-39" /><INIT seed="0,1,0,2,5,116" ten="367,211,211,211" oya="0" hai0="113,14,72,25,45,20,22,55,46,21,135,65,103" hai1="120,82,33,62,10,16,79,109,8,57,87,38,133" hai2="126,105,76,40,90,9,67,112,125,1,35,11,122" hai3="44,42,49,2,34,39,83,64,99,80,36,18,0"/><T41/><D72/><U7/><E109/><V108/><F112/><W128/><G34/><T71/><D113/><U12/><E38/><V51/><F108/><W93/><G128/><T127/><D127/><N who="2" m="48650" /><F35/><W30/><G30/><T118/><D135/><U94/><E133/><V98/><F76/><W124/><G124/><T129/><D118/><U86/><E33/><V15/><F67/><W110/><G110/><T68/><D129/><U88/><E120/><V26/><F26/><W66/><G18/><T132/><D132/><U97/><E7/><V31/><F31/><W56/><G64/><T102/><D25/><U81/><E10/><V78/><F78/><W17/><G17/><T58/><D65/><U6/><E6/><N who="2" m="1231" /><F122/><W23/><G2/><T19/><D68/><U131/><E131/><V77/><F77/><W61/><G0/><T121/><D71/><U28/><E28/><V107/><F90/><W85/><G23/><T3/><D3/><U4/><E4/><N who="2" m="3559" /><F98/><W69/><G85/><T134/><D134/><U106/><E106/><V101/><F101/><N who="3" m="60655" /><G39/><T130/><D121/><U5/><E5/><V73/><F73/><W119/><G119/><T48/><D130/><U54/><REACH who="1" step="1"/><E82/><REACH who="1" ten="367,201,211,211" step="2"/><N who="3" m="31274" /><G36/><T24/><D24/><U27/><E27/><V96/><F96/><AGARI ba="1,1" hai="8,12,16,54,57,62,79,81,86,87,88,94,96,97" machi="96" ten="40,8000,1" yaku="1,1,8,1,54,2,53,0" doraHai="116" doraHaiUra="70" who="1" fromWho="2" sc="367,0,201,93,211,-83,211,0" /><INIT seed="1,0,0,2,5,26" ten="367,294,128,211" oya="1" hai0="88,94,9,4,40,126,55,80,59,5,18,81,67" hai1="135,27,13,21,101,128,33,85,68,71,1,70,104" hai2="76,65,12,84,63,123,122,99,112,69,98,35,39" hai3="89,49,16,131,127,62,133,15,64,29,0,50,7"/><U47/><E128/><V72/><F39/><W125/><G0/><T3/><D126/><N who="3" m="48137" /><G7/><T102/><D102/><U51/><E135/><V54/><F72/><W132/><G89/><T100/><D100/><U44/><E1/><V86/><F112/><W20/><G131/><T61/><D5/><U19/><E85/><V11/><F35/><W36/><G36/><T121/><D121/><U58/><E58/><V111/><F54/><W38/><G29/><T107/><D107/><U119/><E119/><V30/><F30/><W92/><G92/><T42/><D18/><U87/><E87/><V116/><F116/><W34/><G34/><T83/><REACH who="0" step="1"/><D67/><REACH who="0" ten="357,294,128,211" step="2"/><U108/><E108/><V124/><F111/><W37/><G37/><T103/><D103/><U41/><E41/><V66/><F65/><W129/><G38/><T90/><D90/><U73/><E73/><V52/><F66/><W6/><G129/><T97/><AGARI ba="0,1" hai="3,4,9,40,42,55,59,61,80,81,83,88,94,97" machi="97" ten="30,4000,0" yaku="1,1,0,1,54,1,53,0" doraHai="26" doraHaiUra="109" who="0" fromWho="0" sc="357,50,294,-20,128,-10,211,-10" /><INIT seed="2,0,0,5,3,30" ten="407,274,118,201" oya="2" hai0="100,14,119,85,17,29,121,51,90,74,75,88,106" hai1="110,41,28,71,86,54,24,99,93,101,10,52,69" hai2="96,104,61,107,11,128,73,103,87,44,20,130,92" hai3="13,58,127,21,47,126,66,105,124,42,59,12,18"/><V8/><F73/><W84/><G105/><T4/><D119/><U3/><E110/><V39/><F61/><W72/><G72/><T77/><D121/><U40/><E40/><N who="2" m="22559" /><F20/><W78/><G66/><T53/><D4/><U80/><E69/><V122/><F122/><W97/><G97/><T35/><D90/><U1/><E71/><V50/><F50/><N who="3" m="26999" /><G13/><T56/><D77/><U135/><E135/><V62/><F62/><W0/><G0/><T70/><D70/><U22/><E41/><V113/><F113/><W46/><G46/><T27/><D100/><U123/><E123/><V15/><F87/><W131/><G131/><N who="2" m="50217" /><F8/><W49/><G49/><T108/><D106/><U89/><REACH who="1" step="1"/><E3/><REACH who="1" ten="407,264,118,201" step="2"/><V48/><F48/><W91/><G78/><T125/><D108/><U25/><E25/><V68/><F68/><W5/><G5/><AGARI ba="0,1" hai="1,5,10,22,24,28,52,54,80,86,89,93,99,101" machi="5" ten="40,5200,0" yaku="1,1,54,1,53,1" doraHai="30" doraHaiUra="16" who="1" fromWho="3" sc="407,0,264,62,118,0,201,-52" /><AGARI ba="0,0" hai="5,11,15,92,96,103,104,107" m="50217,22559" machi="5" ten="30,1500,0" yaku="19,1" doraHai="30" who="2" fromWho="3" sc="407,0,326,0,118,15,149,-15" /><INIT seed="2,1,0,4,0,106" ten="407,326,133,134" oya="2" hai0="67,34,47,103,101,52,96,100,8,21,129,119,60" hai1="11,130,12,38,90,25,122,13,63,81,27,35,131" hai2="64,124,44,46,2,113,45,134,5,104,107,22,42" hai3="29,61,117,71,108,99,59,10,65,75,6,57,79"/><V135/><F113/><W126/><G117/><T49/><D34/><U41/><E90/><V88/><F124/><W92/><G126/><T114/><D119/><U105/><E105/><V74/><F64/><W58/><G108/><T53/><D114/><U121/><E63/><V56/><F56/><W128/><G29/><T78/><D129/><N who="1" m="49163" /><E81/><V32/><F32/><W112/><G128/><T118/><D118/><U48/><E48/><V69/><F69/><W4/><G112/><T85/><D8/><U17/><E41/><V80/><F22/><W94/><G6/><T1/><D1/><U89/><E89/><V24/><F24/><W115/><G115/><T82/><D21/><U66/><E66/><V102/><F42/><W20/><G20/><T109/><D109/><U91/><E91/><V125/><F125/><W127/><G127/><T37/><D37/><U54/><E54/><V19/><F19/><W132/><G132/><N who="2" m="50729" /><F102/><W83/><REACH who="3" step="1"/><G99/><REACH who="3" ten="407,326,133,124" step="2"/><T16/><D96/><U120/><E38/><V116/><F116/><W30/><G30/><T28/><D28/><N who="1" m="19855" /><E13/><AGARI ba="1,1" hai="4,10,13,57,58,59,61,65,71,75,79,83,92,94" machi="13" ten="40,2600,0" yaku="1,1,52,1,53,0" doraHai="106" doraHaiUra="43" who="3" fromWho="1" sc="407,0,326,-29,133,0,124,39" /><INIT seed="3,0,0,0,2,79" ten="407,297,133,163" oya="3" hai0="63,93,125,47,64,92,14,58,126,85,33,59,96" hai1="10,62,20,66,24,16,17,30,86,28,115,19,112" hai2="22,77,83,72,129,116,122,118,123,82,114,135,113" hai3="124,70,120,104,29,25,87,38,109,6,134,105,111"/><W21/><G70/><T65/><D33/><U50/><E50/><V107/><F22/><W1/><G120/><N who="2" m="46121" /><F129/><W131/><G131/><T32/><D32/><U103/><E103/><V27/><F27/><W34/><G124/><N who="0" m="47723" /><D47/><U102/><E102/><V18/><F18/><W117/><G134/><T95/><D85/><U76/><E30/><V88/><F135/><W108/><G117/><N who="2" m="45161" /><F107/><N who="3" m="41035" /><G38/><T100/><D14/><U60/><E10/><V23/><F23/><W2/><G6/><T13/><D13/><U74/><E62/><AGARI ba="0,0" hai="58,59,62,63,64,65,92,93,95,96,100" m="47723" machi="62" ten="30,1000,0" yaku="18,1" doraHai="79" who="0" fromWho="1" sc="407,10,297,-10,133,0,163,0" owari="417,52.0,287,9.0,133,-37.0,163,-24.0" /></mjloggm>