<mjloggm ver="2.3"><GO type="97" lobby="0"/><UN n0="%E3%82%A6%E3%83%AB%E3%83%88%E3%83%A9%E7%AB%8B%E7%9B%B4" n1="%E3%82%AD%E3%83%A3%E3%83%90%E3%83%AA%E3%82%A2" n2="%6D%69%74%61" n3="%E3%81%8B%E3%81%84%E3%81%A8" dan="15,14,14,13" rate="2058.36,1935.98,1923.25,1881.80" sx="M,M,M,M"/><TAIKYOKU oya="0"/><INIT seed="0,0,0,1,4,25" ten="250,250,250,250" oya="0" hai0="83,19,12,118,72,132,8,119,54,5,96,32,64" hai1="52,29,59,114,97,57,110,44,10,38,108,42,60" hai2="89,80,28,6,124,34,103,111,120,51,76,98,75" hai3="13,49,93,46,87,86,2,58,127,82,133,115,36"/><T14/><D64/><U15/><E114/><V91/><F120/><W56/><G115/><T105/><D32/><U43/><E43/><V35/><F124/><W85/><G127/><T79/><D132/><U84/><E97/><V104/><F111/><W126/><G133/><T100/><REACH who="0" step="1"/><D54/><REACH who="0" ten="240,250,250,250" step="2"/><U130/><E110/><V0/><F35/><W135/><G126/><T88/><D88/><U66/><E108/><V21/><F34/><W67/><G135/><T92/><D92/><U30/><E130/><V71/><F71/><W27/><G93/><T65/><D65/><U17/><E84/><V131/><F131/><W70/><G87/><T48/><D48/><AGARI ba="0,1" hai="10,15,17,29,30,38,42,44,48,52,57,59,60,66" machi="48" ten="30,7700,0" yaku="7,1,52,2,54,1" doraHai="25" who="1" fromWho="0" sc="240,-77,250,87,250,0,250,0" /><INIT seed="1,0,0,2,0,74" ten="163,337,250,250" oya="1" hai0="49,14,119,62,77,128,29,97,88,3,121,115,57" hai1="15,9,116,65,52,67,69,125,53,90,109,13,108" hai2="78,103,45,48,95,92,25,4,19,18,72,107,117" hai3="87,23,132,106,59,71,44,111,35,110,102,73,30"/><U83/><E116/><V93/><F117/><W27/><G132/><T1/><D1/><U43/><E43/><V22/><F4/><W112/><G71/><T50/><D3/><U101/><E101/><V20/><F107/><W118/><G112/><T89/><D119/><U84/><E125/><V46/><F103/><W94/><G118/><T129/><D115/><U21/><E21/><V82/><REACH who="2" step="1"/><F48/><REACH who="2" ten="163,337,240,250" step="2"/><W41/><G106/><T36/><D50/><U104/><E104/><V100/><F100/><W16/><BYE who="2" /><G102/><T133/><D49/><U56/><E69/><V51/><F51/><W26/><G111/><N who="1" m="42570" /><E15/><UN n2="%6D%69%74%61" /><V96/><F96/><W105/><G110/><T24/><D97/><U7/><E56/><V5/><F5/><W114/><G105/><T31/><D14/><U63/><E63/><V122/><F122/><W120/><G114/><T68/><D121/><U47/><E47/><V0/><F0/><W37/><G120/><T17/><D68/><U135/><E135/><V70/><F70/><W11/><G59/><T61/><D133/><U64/><AGARI ba="0,1" hai="7,9,13,52,53,64,65,67,83,84,90" m="42570" machi="64" ten="30,6000,0" yaku="14,1,10,1,54,1" doraHai="74" who="1" fromWho="1" sc="163,-20,337,70,240,-20,250,-20" /><INIT seed="1,1,0,3,5,67" ten="143,407,220,230" oya="1" hai0="120,66,5,79,113,59,10,30,31,16,45,6,29" hai1="11,27,119,80,48,13,76,78,51,81,89,85,111" hai2="58,56,82,133,15,124,106,91,109,117,22,135,90" hai3="128,43,104,64,41,12,25,14,103,32,65,112,52"/><U4/><E119/><V108/><F106/><W96/><G112/><T100/><D120/><U62/><E111/><N who="2" m="42571" /><F117/><W134/><G128/><T98/><D113/><U60/><E27/><V123/><F123/><W129/><G129/><T132/><D132/><N who="2" m="50762" /><F124/><W116/><G134/><T23/><D79/><U20/><E20/><V114/><F114/><W33/><G116/><T118/><D45/><U102/><E102/><V61/><F82/><W24/><G65/><T57/><D118/><U99/><E99/><V55/><F58/><W83/><G64/><T94/><D66/><U125/><E125/><V84/><F84/><W110/><G83/><T92/><D92/><U121/><E121/><V40/><F40/><W39/><G110/><T34/><D34/><U37/><E37/><V97/><F97/><W44/><G43/><T95/><D95/><U46/><E51/><V77/><F77/><N who="1" m="29801" /><E81/><V69/><F69/><W53/><G14/><T105/><D105/><U0/><E0/><V87/><F87/><W38/><G12/><T101/><D101/><U8/><E11/><V1/><F1/><W35/><REACH who="3" step="1"/><G38/><REACH who="3" ten="143,407,220,220" step="2"/><T93/><D10/><U73/><E73/><V26/><F15/><W47/><G47/><T74/><D74/><U28/><E13/><V70/><F70/><W50/><G50/><T68/><D68/><U72/><E72/><V63/><F63/><W7/><G7/><T86/><D6/><U49/><E49/><V122/><F122/><W36/><G36/><T54/><D5/><U17/><E4/><V127/><F127/><W71/><G71/><T42/><D42/><RYUUKYOKU ba="1,1" sc="143,-15,407,-15,220,15,220,15" hai2="22,26,55,56,61,90,91" hai3="24,25,32,33,35,39,41,44,52,53,96,103,104" /><INIT seed="2,2,1,3,0,76" ten="128,392,235,235" oya="2" hai0="101,62,45,5,11,63,42,85,44,27,110,50,48" hai1="83,117,135,114,33,119,96,103,112,86,9,132,18" hai2="115,106,4,53,19,13,74,92,54,108,65,30,25" hai3="40,70,7,122,26,66,89,81,94,111,91,46,31"/><V43/><F115/><N who="1" m="44073" /><E33/><V0/><F106/><W35/><G111/><T20/><D110/><U109/><E18/><V97/><F74/><W60/><G122/><T129/><D129/><U41/><E9/><V118/><F108/><W71/><G7/><T47/><D101/><U124/><E109/><V17/><F118/><N who="1" m="45065" /><E41/><V16/><F43/><W125/><G125/><T58/><D47/><U78/><E124/><V105/><F105/><AGARI ba="2,1" hai="78,83,86,96,103,105,132,135" m="45065,44073" machi="105" ten="30,3900,0" yaku="34,2,52,1" doraHai="76" who="1" fromWho="2" sc="128,0,392,55,235,-45,235,0" /><INIT seed="3,0,0,0,3,86" ten="128,447,190,235" oya="3" hai0="111,130,99,116,62,55,31,119,17,23,34,30,134" hai1="47,101,125,90,41,85,120,64,48,135,109,132,93" hai2="107,46,53,19,66,124,43,100,8,115,18,106,98" hai3="69,122,123,32,71,104,83,59,79,5,9,88,0"/><W81/><G32/><T72/><D72/><U87/><E120/><V4/><F115/><W39/><G104/><T36/><D36/><U89/><E64/><V56/><F124/><W108/><G39/><T97/><D34/><U28/><E101/><V22/><F66/><W126/><G126/><T11/><D111/><U45/><E125/><V103/><F107/><W35/><G35/><T121/><D121/><U40/><E28/><V114/><F103/><W54/><G122/><T96/><D119/><U129/><E129/><V80/><F80/><W113/><G123/><T133/><D130/><U14/><E14/><V105/><F105/><W57/><G113/><T51/><D116/><U128/><E128/><V21/><F114/><W16/><G59/><T118/><D118/><U78/><E78/><V15/><F46/><W127/><G127/><T92/><D133/><U102/><E102/><V94/><F43/><W52/><G108/><T112/><D134/><N who="1" m="51243" /><E109/><V50/><F106/><W12/><G54/><T77/><D112/><U29/><E29/><V91/><F100/><W7/><G7/><T68/><D68/><U95/><E47/><V38/><F38/><W67/><G67/><T26/><D31/><U63/><E63/><V65/><F65/><W49/><G71/><T6/><D77/><U84/><E41/><V3/><F3/><W25/><G69/><T60/><D30/><U2/><E2/><V42/><F42/><W44/><G44/><T61/><D61/><U24/><E24/><V70/><F70/><W117/><G117/><T76/><D62/><U1/><E1/><RYUUKYOKU ba="0,0" sc="128,-15,447,15,190,15,235,-15" hai1="40,45,48,84,85,87,89,90,93,95" hai2="4,8,15,18,19,21,22,50,53,56,91,94,98" owari="113,-39.0,462,56.0,205,-19.0,220,2.0" /></mjloggm>