<mjloggm ver="2.3"><GO type="41" lobby="0"/><UN n0="%E3%81%B6%E3%82%8B%E3%83%BC%E3%83%BC" n1="%66%75%6A%69%32%32%39" n2="%50%75%72%75%74%61%6E" n3="%E5%B0%B1%E6%B4%BB%E7%94%9F%40%E5%B7%9D%E6%9D%91%E8%BB%8D%E5%9B%A3" dan="14,15,16,15" rate="1943.45,1954.75,2032.86,1980.18" sx="M,M,M,M"/><TAIKYOKU oya="0"/><INIT seed="0,0,0,3,3,31" ten="250,250,250,250" oya="0" hai0="23,83,8,3,5,75,123,64,10,124,94,47,79" hai1="54,130,21,125,26,34,20,117,135,72,74,129,25" hai2="6,0,104,12,102,93,91,134,113,63,50,77,109" hai3="70,85,126,40,62,60,27,82,45,13,66,44,87"/><T48/><D123/><U127/><E117/><V78/><F113/><W55/><G126/><N who="1" m="48138" /><E54/><V73/><F0/><W68/><G87/><T37/><D124/><U99/><E99/><V114/><F114/><W43/><G27/><N who="1" m="10250" /><E34/><V9/><F109/><W4/><G4/><T121/><D121/><U67/><E67/><V39/><F39/><W52/><G13/><T36/><D64/><U15/><E15/><V92/><F134/><W96/><G96/><T46/><D23/><N who="1" m="8779" /><E135/><V14/><F14/><W30/><G30/><T28/><D94/><U105/><E105/><V38/><F104/><W53/><G85/><T90/><D37/><U81/><E81/><V61/><F38/><N who="3" m="21527" /><G82/><T17/><D83/><U71/><E71/><N who="3" m="27178" /><G66/><T97/><D97/><U118/><E118/><V98/><F92/><W106/><G106/><T32/><D79/><U16/><E16/><V108/><F77/><W69/><N who="3" m="27186" /><W112/><DORA hai="131" /><G112/><T2/><D17/><U18/><E18/><V107/><F78/><W22/><G22/><T49/><D90/><U110/><E110/><V57/><F108/><W65/><G65/><T89/><D89/><U119/><E119/><V80/><F80/><W56/><G56/><T84/><D84/><U115/><E115/><V95/><F107/><W58/><G58/><T88/><D88/><U76/><E76/><V35/><F35/><W24/><G24/><T51/><D32/><U1/><E1/><V128/><F93/><W122/><G122/><T120/><D2/><U59/><E59/><V11/><F57/><W132/><G132/><T101/><D120/><RYUUKYOKU ba="0,0" sc="250,-15,250,15,250,-15,250,15" hai1="72,74,129,130" hai3="43,45,52,53,55,60,62" /><INIT seed="1,1,0,0,0,126" ten="235,265,235,265" oya="1" hai0="65,123,51,21,83,122,2,70,96,6,81,118,35" hai1="88,46,0,10,57,133,42,29,89,91,27,131,117" hai2="45,93,25,116,105,75,67,87,129,55,48,31,90" hai3="128,115,37,38,64,125,86,85,127,12,132,36,52"/><U16/><E117/><V69/><F116/><W56/><G115/><T5/><D118/><U100/><E133/><V72/><F105/><W50/><G132/><T76/><D35/><U1/><E131/><V104/><F104/><W17/><G64/><T60/><D96/><U41/><E100/><V63/><REACH who="2" step="1"/><F129/><REACH who="2" ten="235,265,225,265" step="2"/><W68/><G128/><T110/><D123/><U94/><E0/><V14/><F14/><W82/><G68/><T33/><D122/><U43/><E1/><V19/><F19/><W124/><REACH who="3" step="1"/><G82/><REACH who="3" ten="235,265,225,255" step="2"/><T4/><D83/><U135/><E135/><V84/><F84/><W23/><AGARI ba="1,2" hai="12,17,23,36,37,38,50,52,56,85,86,124,125,127" machi="23" ten="40,8000,1" yaku="1,1,2,1,0,1,18,1,54,1,53,0" doraHai="126" doraHaiUra="26" who="3" fromWho="3" sc="235,-21,265,-41,225,-21,255,103" /><INIT seed="2,0,0,1,4,91" ten="214,224,204,358" oya="2" hai0="20,99,115,100,117,24,84,133,64,71,19,108,120" hai1="0,102,128,29,131,1,65,12,9,112,16,97,34" hai2="119,129,111,87,39,127,104,37,53,8,86,101,15" hai3="67,77,61,42,54,122,46,62,80,55,14,93,96"/><V66/><F119/><W10/><G122/><T50/><D120/><U38/><E38/><V105/><F127/><W52/><G77/><T113/><D108/><U22/><E112/><V40/><F111/><W134/><G134/><T126/><D133/><U35/><E65/><V106/><F101/><W21/><G80/><T69/><D69/><U70/><E70/><V68/><F129/><N who="1" m="49737" /><E29/><V3/><F3/><N who="1" m="1097" /><E9/><V75/><F75/><W41/><G21/><T78/><D126/><U2/><E2/><V51/><F40/><W116/><G116/><T5/><D117/><U123/><E123/><V31/><F31/><W121/><G121/><T45/><D64/><U83/><E83/><V118/><F118/><W32/><G32/><T73/><D5/><U132/><E132/><V49/><F37/><W103/><G46/><T85/><D71/><U6/><E6/><V58/><F39/><W109/><G109/><T26/><D26/><U47/><E47/><V13/><F51/><W79/><G79/><T107/><D78/><U135/><E135/><V60/><REACH who="2" step="1"/><F13/><REACH who="2" ten="214,224,194,358" step="2"/><W74/><G74/><T25/><D73/><U48/><E48/><V110/><F110/><W36/><G36/><T56/><D115/><U27/><E12/><V76/><F76/><W114/><G114/><T57/><D113/><U130/><E130/><V90/><F90/><W94/><G61/><T89/><D89/><U72/><E72/><V43/><F43/><N who="3" m="16395" /><G62/><T17/><D50/><U81/><E35/><V33/><F33/><W98/><G14/><T4/><D100/><U92/><E34/><V82/><F82/><RYUUKYOKU ba="0,1" sc="214,-15,224,15,194,15,358,-15" hai1="16,22,27,81,92,97,102" hai2="8,15,49,53,58,60,66,68,86,87,104,105,106" /><INIT seed="2,1,1,3,4,52" ten="199,239,209,343" oya="2" hai0="9,8,3,117,110,46,47,58,107,36,7,6,41" hai1="10,126,2,17,132,22,61,50,101,1,79,72,91" hai2="53,82,78,129,38,44,134,28,35,74,18,71,95" hai3="114,124,20,4,125,104,56,14,67,86,30,84,97"/><V33/><F71/><W120/><G120/><T83/><D110/><U27/><E101/><V108/><F108/><W109/><G114/><T26/><D117/><U102/><E102/><V59/><F129/><W100/><G109/><T89/><D107/><U122/><E122/><V60/><F134/><W62/><G4/><T57/><D26/><U90/><E126/><N who="3" m="48746" /><G14/><T103/><D103/><U88/><E132/><V29/><F33/><W54/><G54/><T87/><REACH who="0" step="1"/><D47/><REACH who="0" ten="189,239,209,343" step="2"/><U51/><E27/><AGARI ba="1,2" hai="20,27,30,56,62,67,84,86,97,100,104" m="48746" machi="27" ten="30,2000,0" yaku="18,1,52,1" doraHai="52" who="3" fromWho="1" sc="189,0,239,-23,209,0,343,43" /><INIT seed="3,0,0,5,3,15" ten="189,216,209,386" oya="3" hai0="89,117,24,31,104,106,86,114,135,83,32,30,54" hai1="84,29,130,109,25,65,28,63,111,11,107,49,61" hai2="21,7,3,112,120,64,45,16,10,6,59,47,27" hai3="19,5,23,92,62,41,1,14,132,70,55,105,48"/><W68/><G105/><T116/><D135/><U33/><E107/><V57/><F112/><W76/><G132/><T118/><D31/><U119/><E29/><V56/><F120/><W51/><G1/><T39/><D39/><U78/><E130/><V37/><F7/><W97/><G5/><T13/><D114/><U81/><E119/><V115/><F115/><W69/><G76/><T102/><D102/><U74/><E49/><V108/><F108/><N who="1" m="41545" /><E11/><V75/><F75/><W79/><G79/><T85/><D85/><U58/><E63/><V80/><F37/><W26/><G41/><T17/><REACH who="0" step="1"/><D54/><REACH who="0" ten="179,216,209,386" step="2"/><U18/><E84/><V42/><F64/><W101/><G55/><T20/><AGARI ba="0,1" hai="13,17,20,24,30,32,83,86,89,104,106,116,117,118" machi="20" ten="30,7900,0" yaku="1,1,2,1,0,1,52,1,53,0" doraHai="15" doraHaiUra="93" who="0" fromWho="0" sc="179,89,216,-20,209,-20,386,-39" /><INIT seed="4,0,0,1,4,112" ten="268,196,189,347" oya="0" hai0="99,78,84,71,69,38,132,9,40,64,32,120,130" hai1="21,24,82,76,2,7,73,30,19,1,43,123,90" hai2="91,26,87,18,12,109,125,48,117,77,101,119,104" hai3="27,25,47,128,54,79,107,106,22,92,94,96,74"/><T115/><D120/><U72/><E123/><V49/><F77/><W23/><G128/><T95/><D130/><U15/><E72/><V44/><F109/><W85/><G74/><T29/><D132/><U126/><E126/><V113/><F125/><W42/><G54/><T103/><D40/><U133/><E133/><V4/><F113/><W45/><G79/><T3/><D38/><U55/><E43/><N who="2" m="24607" /><F4/><W75/><G75/><T105/><D71/><U14/><E90/><V41/><F26/><W59/><G59/><T20/><D20/><U89/><E89/><V0/><F0/><W63/><G63/><N who="0" m="40095" /><D84/><U39/><E39/><V98/><F41/><W33/><G42/><T57/><D95/><U111/><E111/><V56/><F56/><W68/><G68/><T100/><D100/><U51/><E7/><V124/><F124/><W60/><G60/><T28/><D57/><U110/><E110/><V102/><F49/><W81/><G85/><T66/><D66/><U70/><E70/><V65/><F65/><W50/><G50/><T6/><D78/><U53/><E53/><V17/><F101/><W8/><G33/><T93/><D93/><U13/><E30/><V127/><F127/><W11/><G81/><T121/><D121/><U62/><E62/><V135/><F135/><W10/><G10/><T58/><D29/><U118/><E1/><V37/><F37/><W129/><G129/><T122/><D122/><U36/><E2/><V52/><F102/><W116/><G116/><T34/><D115/><U31/><E36/><V97/><F87/><W108/><G108/><RYUUKYOKU ba="0,0" sc="268,-10,196,-10,189,-10,347,30" hai3="8,11,22,23,25,27,45,47,92,94,96,106,107" /><INIT seed="5,1,0,2,5,70" ten="258,186,179,377" oya="1" hai0="92,4,102,122,7,20,120,11,52,35,80,83,78" hai1="58,105,63,103,66,21,128,111,76,36,94,75,56" hai2="93,72,121,26,119,125,17,42,47,18,31,106,57" hai3="132,97,124,109,127,100,129,135,85,5,77,89,82"/><U84/><E36/><V51/><F119/><W24/><G5/><T45/><D35/><U12/><E111/><V10/><F121/><N who="0" m="46698" /><D20/><U14/><E128/><V115/><F106/><N who="3" m="63759" /><G24/><T79/><D102/><U16/><E105/><V25/><F125/><N who="3" m="48203" /><G129/><T131/><D92/><U46/><E75/><V90/><F115/><W37/><G37/><T91/><D91/><N who="1" m="53607" /><E103/><V112/><F72/><N who="3" m="43303" /><G109/><T95/><D131/><U44/><E76/><V65/><F112/><W55/><G55/><T27/><D79/><U49/><E12/><V22/><F10/><W113/><G113/><T96/><D78/><U33/><E33/><V101/><F101/><W38/><G38/><T107/><D107/><U43/><E43/><V81/><F81/><AGARI ba="1,0" hai="81,85,89,132,135" m="43303,48203,63759" machi="81" ten="30,3900,0" yaku="18,1,34,2" doraHai="70" who="3" fromWho="2" sc="258,0,186,0,179,-42,377,42" /><INIT seed="6,0,0,4,2,38" ten="258,186,137,419" oya="2" hai0="67,93,46,65,48,129,28,110,45,107,121,19,20" hai1="79,84,1,111,90,71,131,4,120,42,117,87,123" hai2="112,127,69,114,104,101,39,115,70,122,18,5,10" hai3="33,66,44,81,37,76,119,118,125,60,2,47,85"/><V91/><F122/><N who="1" m="46633" /><E71/><N who="2" m="27147" /><F18/><W13/><G2/><T26/><D107/><U97/><E42/><V8/><F91/><W74/><G33/><T32/><D93/><N who="1" m="54471" /><E4/><V108/><F108/><W40/><G125/><T52/><D46/><U96/><E1/><N who="2" m="47" /><F10/><W43/><G13/><T100/><D110/><U7/><E7/><V58/><F127/><W105/><G105/><T75/><D75/><U41/><E41/><V77/><F77/><W62/><G74/><T0/><D100/><U16/><E16/><V92/><F92/><W103/><G103/><T86/><D86/><U88/><E111/><V31/><F31/><W82/><G82/><T23/><D0/><U27/><E27/><V73/><F73/><W12/><G12/><T134/><D121/><U57/><E117/><V35/><F58/><W53/><G53/><T109/><D109/><U135/><E79/><V30/><F39/><W116/><REACH who="3" step="1"/><G66/><REACH who="3" ten="258,186,137,409" step="2"/><T50/><D67/><U126/><E126/><V80/><F80/><W132/><G132/><T21/><D65/><U34/><E135/><V24/><F101/><W83/><G83/><T124/><D134/><U17/><E34/><V55/><F55/><W49/><AGARI ba="0,1" hai="37,40,43,44,47,49,60,62,76,81,85,116,118,119" machi="49" ten="30,7900,0" yaku="1,1,0,1,52,2,53,0" doraHai="38" doraHaiUra="51" who="3" fromWho="3" sc="258,-20,186,-20,137,-39,409,89" /><INIT seed="7,0,0,5,0,11" ten="238,166,98,498" oya="3" hai0="109,76,46,100,118,78,65,80,93,134,121,19,15" hai1="131,91,10,84,102,104,28,39,60,54,111,40,57" hai2="16,98,108,48,45,99,12,55,42,112,71,83,27" hai3="73,125,25,85,107,21,130,81,44,24,95,69,53"/><W22/><G107/><T86/><D118/><U114/><E111/><V33/><F108/><W96/><G69/><T5/><D5/><U90/><E114/><V49/><F112/><W106/><G73/><T20/><D121/><U89/><E131/><V52/><F71/><W120/><G106/><T43/><D65/><U92/><E28/><V9/><F83/><W51/><G120/><T124/><D109/><U56/><E10/><V115/><F115/><W61/><G125/><T97/><D124/><U128/><E128/><V117/><F117/><W7/><G130/><T82/><D134/><U8/><E8/><V68/><F68/><W119/><G119/><T74/><D74/><U58/><E104/><V0/><F0/><W59/><G7/><T37/><D82/><N who="1" m="49303" /><E40/><V127/><F127/><W64/><G21/><T79/><AGARI ba="0,0" hai="15,19,20,37,43,46,76,78,79,80,86,93,97,100" machi="79" ten="20,2700,0" yaku="0,1,7,1,52,1" doraHai="11" who="0" fromWho="0" sc="238,27,166,-7,98,-7,498,-13" owari="265,7.0,159,-24.0,91,-41.0,485,58.0" /></mjloggm>