<mjloggm ver="2.3"><GO type="169" lobby="0"/><UN n0="%E3%82%A6%E3%83%AB%E3%83%88%E3%83%A9%E7%AB%8B%E7%9B%B4" n1="%73%65%69%6C" n2="%E3%81%8A%E3%81%98%E3%81%8A" n3="%E3%82%A6%E3%82%A3%E3%83%89%E3%82%A5%EF%BC%A0%E9%98%AA%E7%A5%9E" dan="16,17,16,16" rate="2106.18,2079.76,2084.22,2077.17" sx="M,M,M,M"/><TAIKYOKU oya="0"/><INIT seed="0,0,0,3,2,66" ten="250,250,250,250" oya="0" hai0="104,89,71,120,23,81,14,55,29,114,111,110,116" hai1="10,68,36,85,25,77,95,6,45,83,39,1,16" hai2="121,91,131,64,43,60,49,87,90,93,56,107,125" hai3="13,92,122,113,76,2,97,51,28,24,126,132,128"/><T133/><D104/><U8/><E45/><N who="2" m="25791" /><F107/><W124/><G2/><T30/><D120/><U33/><E68/><V98/><F121/><W84/><G122/><T62/><D116/><U59/><E59/><V52/><F131/><W21/><G113/><T53/><D114/><U135/><E135/><V48/><F125/><N who="3" m="48235" /><G128/><T72/><D72/><U106/><E106/><V54/><F48/><W119/><G119/><T100/><D100/><U118/><E118/><V82/><AGARI ba="0,0" hai="52,54,56,60,64,82,87,90,91,93,98" m="25791" machi="82" ten="30,2000,0" yaku="8,1,54,1" doraHai="66" who="2" fromWho="2" sc="250,-10,250,-5,250,20,250,-5" /><INIT seed="1,0,0,3,2,27" ten="240,245,270,245" oya="1" hai0="42,8,108,74,110,122,7,107,73,48,120,54,101" hai1="52,106,87,19,75,36,127,40,15,29,5,128,17" hai2="131,99,133,38,28,134,30,4,55,105,109,82,58" hai3="81,62,97,25,88,121,21,112,50,114,89,111,76"/><U49/><E75/><V43/><F109/><N who="0" m="42090" /><D42/><U123/><E123/><N who="0" m="47145" /><D101/><U0/><E106/><V41/><F131/><W32/><G111/><T47/><D107/><U22/><E128/><V92/><F105/><W12/><G121/><T86/><D86/><U57/><E127/><V61/><F4/><W33/><G76/><T71/><D71/><U85/><E29/><N who="2" m="11371" /><F38/><W67/><G50/><T56/><D56/><U113/><E113/><V96/><F82/><W119/><G62/><T9/><D9/><U65/><E65/><V126/><F126/><W91/><G67/><T44/><D44/><U26/><E0/><AGARI ba="0,0" hai="0,7,8,47,48,54,73,74" m="47145,42090" machi="0" ten="30,2000,0" yaku="14,1,13,1" doraHai="27" who="0" fromWho="1" sc="240,20,245,-20,270,0,245,0" /><INIT seed="2,0,0,3,3,114" ten="260,225,270,245" oya="2" hai0="6,105,109,34,0,107,22,66,112,16,77,98,29" hai1="78,111,28,33,48,99,82,101,30,9,134,90,92" hai2="131,126,63,14,38,52,97,96,123,35,50,62,2" hai3="120,21,115,124,8,27,3,13,58,11,15,51,113"/><V103/><F2/><W130/><G58/><T108/><D112/><N who="3" m="43081" /><G51/><T17/><D66/><U85/><E111/><N who="0" m="42569" /><D77/><U41/><E134/><V72/><F38/><W36/><G36/><T1/><D98/><N who="2" m="37994" /><F35/><W135/><G120/><T53/><D53/><U10/><E33/><V70/><F70/><W46/><G46/><T57/><D57/><U73/><E41/><V84/><F72/><W47/><G47/><T32/><D107/><N who="1" m="63935" /><E48/><V60/><F123/><W122/><G122/><T19/><D105/><U67/><E67/><V71/><F71/><W12/><G135/><T40/><D40/><U127/><E127/><V102/><F131/><W91/><G91/><T119/><D119/><U76/><E76/><V64/><F64/><W43/><G130/><T65/><D65/><U132/><E132/><V23/><F126/><W80/><G80/><T79/><D79/><U7/><E10/><N who="3" m="3626" /><G43/><T61/><D61/><U37/><E37/><V74/><F74/><W26/><G124/><T59/><D59/><U86/><E86/><V69/><F69/><W45/><G45/><T39/><D39/><U25/><E73/><V106/><F106/><W100/><G100/><N who="2" m="38441" /><F84/><W75/><G75/><T20/><D1/><U121/><E121/><V94/><F94/><W104/><G104/><T81/><D81/><U93/><E92/><V125/><F125/><W83/><G83/><T117/><D0/><N who="1" m="231" /><E93/><V128/><F63/><W31/><G3/><T116/><D34/><N who="1" m="20751" /><E78/><V42/><F62/><W49/><G49/><T88/><D32/><U18/><E82/><V56/><F60/><W87/><G87/><RYUUKYOKU ba="0,0" sc="260,-10,225,-10,270,-10,245,30" hai3="12,13,15,21,26,27,31" /><INIT seed="3,1,0,3,0,103" ten="250,215,260,275" oya="3" hai0="135,111,2,55,40,90,95,127,19,26,15,23,47" hai1="121,37,91,36,25,71,123,115,93,112,98,31,63" hai2="64,27,67,128,49,113,129,13,105,76,45,43,109" hai3="44,14,124,22,107,125,52,68,84,32,62,114,88"/><W3/><G3/><T51/><D2/><U94/><E71/><V38/><F113/><W117/><G114/><T110/><D127/><N who="3" m="48713" /><G32/><T6/><D135/><U59/><E115/><V33/><F109/><W18/><G117/><T132/><D132/><U1/><E112/><V77/><F13/><W89/><G107/><T60/><D6/><U83/><E1/><V50/><F105/><W21/><G84/><T30/><D60/><U100/><E83/><V80/><F33/><W65/><G22/><T69/><D69/><U131/><E131/><N who="2" m="50251" /><F27/><W120/><G120/><T101/><D101/><U74/><E74/><N who="2" m="43031" /><F77/><W81/><G81/><T85/><REACH who="0" step="1"/><D40/><REACH who="0" ten="240,215,260,275" step="2"/><U11/><E100/><V28/><F28/><W70/><G68/><T24/><D24/><U39/><E121/><V133/><F133/><W41/><G41/><T46/><D46/><U122/><E123/><V4/><F4/><W29/><G29/><T87/><D87/><U16/><E122/><V10/><F45/><W108/><G108/><T119/><D119/><U0/><E63/><V78/><F43/><W17/><G17/><T92/><D92/><N who="1" m="56607" /><E16/><V5/><F5/><W75/><G75/><T73/><D73/><U79/><E93/><V57/><F57/><W82/><G82/><T42/><D42/><U116/><E59/><V99/><F99/><W58/><G44/><T96/><D96/><U54/><E116/><V35/><F78/><W130/><G130/><T8/><AGARI ba="1,1" hai="8,15,19,23,26,30,47,51,55,85,90,95,110,111" machi="8" ten="30,2000,0" yaku="1,1,0,1,53,0" doraHai="103" doraHaiUra="106" who="0" fromWho="0" sc="240,33,215,-6,260,-6,275,-11" /><INIT seed="4,0,0,5,4,19" ten="273,209,254,264" oya="0" hai0="103,7,13,95,134,41,64,20,21,127,39,6,8" hai1="25,125,69,83,116,60,56,122,128,72,3,106,36" hai2="108,124,16,112,37,113,38,58,111,40,49,70,31" hai3="123,99,67,30,18,101,119,80,89,74,118,94,91"/><T110/><D39/><N who="2" m="14858" /><F31/><W50/><G30/><T12/><D41/><U4/><E116/><V84/><F84/><W96/><G67/><T51/><D110/><N who="2" m="42026" /><F16/><W46/><G123/><T129/><D127/><U88/><E106/><V10/><F10/><W61/><G61/><T1/><D129/><U79/><E128/><V78/><F78/><W45/><G45/><T35/><D134/><U97/><E4/><N who="0" m="1577" /><D35/><U73/><E3/><V34/><F34/><W121/><G121/><T59/><D1/><U120/><E125/><V24/><F24/><W87/><G18/><N who="0" m="8455" /><D13/><U26/><E72/><V65/><F124/><W86/><G50/><T15/><D15/><U14/><E36/><V131/><F131/><W107/><G46/><T44/><D44/><U11/><E14/><V0/><F0/><W90/><G74/><T132/><D132/><U98/><E11/><V82/><F82/><AGARI ba="0,0" hai="80,82,86,87,89,90,91,94,96,99,101,107,118,119" machi="82" ten="30,8000,1" yaku="7,1,9,1,34,3" doraHai="19" who="3" fromWho="2" sc="273,0,209,0,254,-80,264,80" /><INIT seed="5,0,0,4,2,25" ten="273,209,174,344" oya="1" hai0="55,48,47,67,44,6,10,89,41,106,22,118,72" hai1="107,135,82,79,4,5,110,83,112,123,131,87,57" hai2="71,73,117,84,43,114,52,115,132,75,49,85,101" hai3="74,105,51,46,13,50,127,34,77,91,95,133,120"/><U28/><E123/><V0/><F117/><W61/><G105/><T30/><D72/><N who="2" m="27722" /><F0/><W58/><G120/><T45/><D106/><U18/><E112/><N who="2" m="43051" /><F71/><W21/><G34/><T116/><D67/><U36/><E36/><V96/><F43/><W103/><G103/><T125/><D41/><U99/><E110/><V119/><F119/><W12/><G74/><T104/><D10/><U109/><E109/><V100/><F132/><W102/><G77/><T8/><D47/><U126/><E135/><V130/><F130/><W64/><G102/><N who="2" m="39529" /><F96/><W1/><G1/><T26/><D104/><U113/><E107/><V63/><F63/><W37/><G51/><T3/><D45/><AGARI ba="0,0" hai="45,49,52,84,85" m="39529,43051,27722" machi="45" ten="30,3900,0" yaku="15,1,11,1,54,1" doraHai="25" who="2" fromWho="0" sc="273,-39,209,0,174,39,344,0" /><INIT seed="6,0,0,1,4,85" ten="234,209,213,344" oya="2" hai0="68,119,117,15,64,13,31,25,90,39,43,95,26" hai1="109,114,59,60,106,98,0,108,118,91,14,74,66" hai2="62,65,103,70,116,7,84,44,107,55,99,81,104" hai3="30,112,40,135,88,21,96,124,4,101,9,35,53"/><V67/><F116/><N who="0" m="44618" /><D26/><U34/><E118/><V73/><F73/><W83/><G40/><T133/><D133/><U121/><E0/><V131/><F131/><W80/><G35/><N who="0" m="20975" /><D64/><U54/><E114/><V92/><F7/><W127/><G112/><T22/><D68/><U82/><E34/><V100/><F100/><W63/><G101/><T32/><D32/><U36/><E121/><V102/><F102/><W134/><G21/><T115/><D22/><U123/><E106/><V33/><F33/><W47/><G30/><T11/><D115/><U128/><E123/><V1/><F1/><W6/><G6/><T87/><D11/><U3/><E66/><V125/><F125/><W86/><G9/><T17/><D17/><U129/><E129/><V10/><F10/><W89/><G4/><T94/><D94/><N who="1" m="56671" /><E128/><V12/><F67/><W130/><G130/><T113/><D113/><U120/><E120/><V8/><F8/><W126/><G134/><T69/><D69/><U2/><E14/><V27/><F12/><W49/><G135/><T122/><D122/><U42/><E2/><V50/><F27/><W41/><G124/><T111/><D111/><U76/><E3/><V38/><F38/><W5/><G5/><T78/><D78/><AGARI ba="0,0" hai="44,50,55,62,65,70,78,81,84,92,99,103,104,107" machi="78" ten="30,1500,0" yaku="7,1" doraHai="85" who="2" fromWho="0" sc="234,-15,209,0,213,15,344,0" /><INIT seed="6,1,0,5,5,54" ten="219,209,228,344" oya="2" hai0="36,111,59,102,27,35,112,107,126,47,94,114,2" hai1="5,133,86,72,118,78,3,84,116,40,63,119,103" hai2="57,29,83,33,96,51,25,82,104,134,76,127,80" hai3="115,90,79,66,64,88,21,49,101,135,120,71,113"/><V69/><F69/><W16/><G120/><T18/><D2/><U17/><E133/><V7/><F134/><W22/><G135/><T109/><D107/><U15/><E103/><V95/><F104/><W37/><G37/><T31/><D47/><U12/><E3/><V41/><F7/><W99/><G79/><T62/><D36/><U122/><E122/><V10/><F10/><W110/><G49/><T43/><D43/><U129/><E129/><V4/><F4/><W75/><G75/><T117/><D117/><U24/><E40/><V19/><F19/><W105/><G21/><T121/><D121/><U44/><E44/><N who="2" m="25999" /><F127/><W46/><G46/><T91/><D102/><U52/><E72/><V124/><F124/><W6/><G6/><T56/><D126/><U67/><E67/><N who="3" m="25642" /><G71/><T92/><D18/><U45/><E5/><V128/><F128/><W108/><G90/><T34/><D62/><U11/><E78/><V58/><F76/><W123/><G88/><T100/><D100/><U87/><E63/><V60/><F60/><W97/><G97/><T106/><D106/><U132/><E132/><V53/><F53/><W73/><G73/><T55/><D55/><U23/><REACH who="1" step="1"/><E11/><REACH who="1" ten="219,199,228,344" step="2"/><V85/><F85/><W61/><G61/><T131/><D131/><U65/><E65/><V98/><F98/><W93/><G123/><T77/><D77/><U13/><E13/><V125/><F125/><W74/><G74/><T42/><D42/><U1/><E1/><V26/><F26/><N who="3" m="14663" /><G105/><T14/><D14/><U38/><E38/><V68/><F68/><W89/><G101/><AGARI ba="1,1" hai="25,29,33,57,58,80,82,83,95,96,101" m="25999" machi="101" ten="30,5800,0" yaku="6,1,52,2" doraHai="54" who="2" fromWho="3" sc="219,0,199,0,228,71,344,-61" /><INIT seed="6,2,0,4,3,82" ten="219,199,299,283" oya="2" hai0="53,56,105,37,39,22,122,26,10,98,31,38,125" hai1="75,61,47,9,7,18,5,11,86,27,25,97,68" hai2="48,127,40,114,65,55,3,115,84,102,34,14,33" hai3="111,2,130,132,104,35,81,23,77,13,112,107,110"/><V50/><F3/><W89/><G2/><T80/><D125/><U29/><E75/><V45/><F127/><W46/><G35/><T16/><D122/><U129/><E129/><V93/><F65/><W78/><G130/><T92/><D105/><U79/><E68/><V69/><F69/><W20/><G46/><T4/><D80/><N who="1" m="47391" /><E61/><V67/><F67/><W66/><G66/><T134/><D134/><U63/><E63/><V99/><F14/><W131/><G131/><T120/><D120/><U36/><E36/><V64/><F64/><W71/><G71/><T32/><D32/><U100/><E47/><N who="2" m="25703" /><F84/><W28/><G81/><T106/><D106/><U58/><E58/><V109/><F109/><W52/><G13/><T12/><D4/><N who="1" m="1611" /><E29/><V0/><F0/><W24/><G28/><T73/><D73/><U1/><E1/><V87/><F87/><W116/><G104/><T101/><D38/><U54/><E54/><V74/><F74/><W21/><G52/><T96/><D96/><U70/><E70/><V124/><F124/><W30/><G107/><T72/><D72/><U85/><E85/><V118/><F118/><W49/><G116/><T44/><D44/><U88/><E27/><V94/><F94/><W119/><G24/><T108/><D108/><U51/><E25/><V123/><F123/><W42/><G119/><T60/><AGARI ba="2,0" hai="10,12,16,22,26,31,37,39,53,56,60,92,98,101" machi="60" ten="20,2700,0" yaku="0,1,7,1,54,1" doraHai="82" who="0" fromWho="0" sc="219,33,199,-9,299,-15,283,-9" /><INIT seed="7,0,0,2,3,64" ten="252,190,284,274" oya="3" hai0="78,45,116,52,65,106,101,133,5,131,48,41,83" hai1="86,126,109,128,82,47,58,90,38,107,27,24,96" hai2="121,42,103,111,35,94,115,85,15,50,99,8,74" hai3="17,98,53,113,129,18,117,28,69,66,30,68,49"/><W100/><G117/><T7/><D116/><U37/><E109/><V114/><F74/><W20/><G113/><N who="2" m="43017" /><F35/><W43/><G43/><T120/><D120/><U124/><E128/><V25/><F111/><W34/><G129/><T122/><D122/><U6/><E6/><N who="2" m="3479" /><F25/><N who="1" m="9801" /><E58/><V0/><F0/><W119/><G119/><T84/><D133/><U3/><E3/><V44/><F85/><W62/><G69/><T9/><D5/><U10/><E10/><V118/><F121/><W60/><G60/><T135/><D135/><U56/><E56/><V95/><F118/><W57/><G34/><T46/><D131/><U54/><E54/><V4/><F4/><W29/><REACH who="3" step="1"/><G20/><REACH who="3" ten="252,190,284,264" step="2"/><T132/><D132/><U88/><E47/><V51/><F51/><W76/><G76/><T16/><D46/><U1/><E1/><V19/><F50/><W81/><G81/><T21/><D41/><U97/><E107/><AGARI ba="0,1" hai="17,18,28,29,30,49,53,57,62,66,68,98,100,107" machi="107" ten="40,3900,0" yaku="1,1,52,1,53,0" doraHai="64" doraHaiUra="73" who="3" fromWho="1" sc="252,0,190,-39,284,0,264,49" owari="252,-15.0,151,-35.0,284,8.0,313,42.0" /></mjloggm>