<mjloggm ver="2.3"><GO type="169" lobby="0"/><UN n0="%6E%65%75%74%72%6F%6E" n1="%E3%82%A6%E3%83%AB%E3%83%88%E3%83%A9%E7%AB%8B%E7%9B%B4" n2="%E6%96%B0%E5%A6%BB%E3%82%A8%E3%82%A4%E3%82%B8" n3="%E3%81%B3%E3%82%8A%E3%81%B3%E3%82%8A%E2%98%86%E3%83%93%E3%83%AA%E3%83%BC" dan="16,16,17,17" rate="2035.07,2123.18,2123.86,2144.04" sx="M,M,F,M"/><TAIKYOKU oya="0"/><INIT seed="0,0,0,2,1,55" ten="250,250,250,250" oya="0" hai0="101,0,115,58,1,99,103,108,19,54,22,97,132" hai1="96,6,59,13,110,51,52,49,118,60,4,119,80" hai2="30,9,53,90,27,68,64,111,70,92,37,29,8" hai3="11,124,127,43,25,75,35,7,47,112,42,21,73"/><T134/><D115/><U128/><E128/><V65/><F37/><W18/><G112/><T67/><D67/><U102/><E110/><V26/><F111/><W130/><G35/><T122/><D122/><U72/><E72/><V62/><F53/><W133/><G130/><T131/><D108/><U61/><E80/><V89/><F92/><W106/><G106/><T107/><D131/><U94/><E119/><V116/><REACH who="2" step="1"/><F62/><REACH who="2" ten="250,250,240,250" step="2"/><W77/><G43/><T71/><D134/><U50/><E118/><AGARI ba="0,1" hai="8,9,26,27,29,30,64,65,68,70,89,90,116,118" machi="118" ten="25,6400,0" yaku="1,1,2,1,22,2,53,0" doraHai="55" doraHaiUra="76" who="2" fromWho="1" sc="250,0,250,-64,240,74,250,0" /><INIT seed="1,0,0,3,2,106" ten="250,186,314,250" oya="1" hai0="103,68,47,3,37,32,61,44,14,50,63,100,94" hai1="17,24,55,38,76,16,124,4,70,9,119,22,110" hai2="39,133,12,93,30,96,125,29,131,73,60,81,111" hai3="78,1,18,90,8,92,35,54,89,97,42,53,82"/><U116/><E38/><V28/><F39/><W108/><G35/><T118/><D3/><U117/><E70/><V20/><F111/><W72/><G108/><T79/><D32/><U41/><E110/><V31/><F133/><W36/><G90/><T101/><D79/><U7/><E41/><V123/><F123/><W45/><REACH who="3" step="1"/><G18/><REACH who="3" ten="250,186,314,240" step="2"/><T113/><D113/><U129/><E129/><V10/><F131/><W25/><G25/><T66/><D118/><U128/><E128/><V88/><F88/><W62/><G62/><T23/><D63/><U120/><E120/><V33/><F60/><W105/><G105/><T27/><D27/><U77/><E124/><V49/><F125/><W46/><G46/><T64/><D44/><U84/><E17/><V104/><F104/><W130/><G130/><T122/><D122/><U127/><E127/><V75/><F33/><W65/><G65/><T57/><D66/><U98/><E98/><V83/><F96/><W85/><G85/><T67/><D67/><U21/><E84/><V86/><F86/><W40/><G40/><T2/><D47/><U121/><E121/><V112/><F28/><W109/><G109/><T102/><D61/><U26/><E55/><V5/><F30/><W51/><G51/><T91/><D50/><U74/><E117/><V58/><F112/><W13/><G13/><T132/><D14/><U69/><E16/><V19/><F29/><W48/><G48/><T15/><D15/><U0/><E0/><V99/><F12/><W115/><G115/><T34/><N who="0" m="26112" /><DORA hai="52" /><T107/><D2/><U11/><E69/><RYUUKYOKU ba="0,1" sc="250,-15,186,15,314,-15,240,15" hai1="4,7,9,11,21,22,24,26,74,76,77,116,119" hai3="1,8,36,42,45,53,54,72,78,82,89,92,97" /><INIT seed="1,1,1,4,0,71" ten="235,201,299,255" oya="1" hai0="6,53,36,88,110,60,4,49,31,97,69,127,58" hai1="8,10,90,66,7,46,25,76,62,96,0,22,11" hai2="78,118,27,1,43,101,94,16,20,67,108,47,121" hai3="39,122,123,45,3,34,28,35,15,63,5,80,73"/><U131/><E76/><V65/><F118/><W103/><G103/><T30/><D127/><U41/><E131/><V68/><F121/><W70/><G15/><T54/><D36/><U38/><E90/><V129/><F1/><W111/><G111/><T57/><D110/><U51/><E51/><V85/><F108/><W19/><G19/><T12/><D69/><U120/><E96/><N who="2" m="59543" /><F68/><W87/><G87/><T114/><D114/><U56/><REACH who="1" step="1"/><E120/><REACH who="1" ten="235,191,299,255" step="2"/><V99/><F99/><W105/><G123/><T79/><D79/><U42/><E42/><V98/><F98/><W2/><G122/><T9/><D4/><U126/><E126/><V83/><F129/><W17/><G5/><T125/><D125/><U132/><E132/><V77/><F78/><W128/><G128/><T84/><REACH who="0" step="1"/><D97/><REACH who="0" ten="225,191,299,255" step="2"/><U33/><E33/><V100/><F100/><W55/><G35/><T89/><D89/><U75/><E75/><V44/><F43/><W18/><G73/><T64/><D64/><AGARI ba="1,3" hai="16,20,27,44,47,64,65,67,77,83,85" m="59543" machi="64" ten="30,2000,0" yaku="8,1,54,1" doraHai="71" who="2" fromWho="0" sc="225,-23,191,0,299,53,255,0" /><INIT seed="2,0,0,1,0,119" ten="202,191,352,255" oya="2" hai0="122,57,132,64,40,23,125,1,113,5,112,35,101" hai1="94,135,93,114,98,44,78,46,19,87,79,10,120" hai2="18,58,41,116,82,72,62,73,111,128,25,99,129" hai3="110,13,100,15,2,54,107,50,103,11,118,31,56"/><V21/><F116/><W4/><G118/><T0/><D35/><U65/><E114/><V71/><F71/><W127/><G110/><T95/><D40/><U26/><E135/><V69/><F69/><W24/><G127/><T3/><D125/><U89/><E65/><V16/><F41/><W30/><G30/><T121/><D95/><U75/><E75/><V43/><F43/><W48/><G48/><T9/><D101/><U83/><E94/><V36/><F36/><W92/><G107/><T106/><D106/><U108/><E108/><V126/><F111/><W49/><G49/><T96/><D96/><U6/><E79/><V32/><F99/><W74/><G74/><T38/><D38/><U130/><E130/><N who="2" m="50283" /><F32/><W22/><G103/><T63/><D23/><U102/><E102/><V109/><F109/><W14/><G2/><T39/><D39/><U91/><E78/><N who="2" m="44359" /><F73/><W55/><G55/><T60/><D60/><U68/><E68/><V37/><F37/><W42/><G42/><T117/><D117/><U84/><E98/><AGARI ba="0,0" hai="4,11,13,14,15,22,24,31,50,54,56,92,98,100" machi="98" ten="40,1300,0" yaku="8,1" doraHai="119" who="3" fromWho="1" sc="202,0,191,-13,352,0,255,13" /><INIT seed="3,0,0,5,4,97" ten="202,178,352,268" oya="3" hai0="28,63,16,17,61,51,9,131,78,44,111,112,104" hai1="77,27,86,66,53,8,115,84,58,72,125,116,52" hai2="99,117,40,107,73,62,127,32,20,57,5,1,18" hai3="102,36,103,113,0,14,98,87,47,80,119,69,109"/><W39/><G113/><T13/><D104/><U123/><E115/><V21/><F73/><W10/><G119/><T34/><D112/><U45/><E123/><V118/><F32/><W129/><G0/><T7/><D111/><U48/><E125/><V25/><F40/><W90/><G69/><T30/><D131/><U88/><E116/><V101/><F127/><W89/><G129/><T19/><D34/><U6/><E27/><V55/><REACH who="2" step="1"/><F21/><REACH who="2" ten="202,178,342,268" step="2"/><W135/><G109/><T24/><D78/><U93/><E72/><V85/><F85/><W83/><G39/><T23/><REACH who="0" step="1"/><D30/><REACH who="0" ten="192,178,342,268" step="2"/><U11/><E77/><V56/><F56/><W31/><G31/><T133/><D133/><U46/><E58/><V108/><F108/><W126/><G135/><T91/><D91/><U41/><E88/><V26/><F26/><W38/><G126/><T35/><D35/><U37/><E46/><V75/><F75/><W110/><G110/><T76/><D76/><U114/><E45/><V64/><F64/><W95/><G47/><T120/><D120/><U96/><E66/><V3/><F3/><W67/><G67/><T59/><D59/><U94/><E114/><V2/><F2/><W12/><G87/><T134/><D134/><U74/><E86/><V121/><F121/><W68/><G68/><T70/><D70/><U92/><E84/><V130/><F130/><W50/><G83/><T15/><D15/><U33/><E74/><V132/><F132/><W65/><G80/><T128/><D128/><U71/><E33/><V105/><F105/><N who="3" m="63703" /><G65/><T49/><D49/><U22/><E48/><RYUUKYOKU ba="0,2" sc="192,15,178,-15,342,15,268,-15" hai0="7,9,13,16,17,19,23,24,28,44,51,61,63" hai2="1,5,18,20,25,55,57,62,99,101,107,117,118" /><INIT seed="4,1,2,5,4,0" ten="207,163,357,253" oya="0" hai0="99,63,77,7,90,54,13,55,16,119,127,97,68" hai1="59,95,86,44,60,65,5,57,48,49,88,103,28" hai2="19,40,134,107,69,37,91,117,85,135,81,46,82" hai3="8,42,92,129,31,87,130,93,45,15,121,125,111"/><T105/><D119/><U110/><E110/><V34/><F117/><W33/><G111/><T56/><D68/><U102/><E28/><V108/><F108/><W73/><G73/><T104/><D77/><U116/><E116/><V106/><F69/><W1/><G1/><T71/><D71/><U22/><E22/><V20/><F34/><W21/><G33/><T41/><D41/><U100/><E5/><V23/><F81/><W123/><G125/><T96/><D7/><U112/><E112/><V24/><REACH who="2" step="1"/><F23/><REACH who="2" ten="207,163,347,253" step="2"/><W35/><G21/><T17/><D127/><U89/><E44/><V14/><F14/><W128/><G35/><T78/><D13/><U26/><E59/><V124/><F124/><W131/><G131/><T29/><D105/><AGARI ba="1,3" hai="19,20,24,37,40,46,82,85,91,105,106,107,134,135" machi="105" ten="40,8000,1" yaku="1,1,53,3" doraHai="0" doraHaiUra="101" who="2" fromWho="0" sc="207,-83,163,0,347,113,253,0" /><INIT seed="5,0,0,0,0,26" ten="124,163,460,253" oya="1" hai0="46,4,37,129,91,113,68,81,111,116,99,133,103" hai1="88,104,123,107,6,27,106,44,39,74,23,52,114" hai2="21,69,92,16,77,110,102,86,67,94,49,45,66" hai3="5,127,28,11,79,71,57,31,35,62,51,20,115"/><U125/><E74/><V76/><F69/><W3/><G71/><T24/><D24/><U9/><E123/><V78/><F110/><W50/><G115/><T72/><D4/><U14/><E114/><V109/><F109/><W80/><G35/><T42/><D111/><U70/><E70/><V84/><F84/><W134/><G134/><T55/><D55/><U8/><E8/><V56/><F86/><W36/><G36/><T53/><D53/><U18/><E125/><V82/><F82/><W132/><G132/><T10/><D10/><U75/><E75/><V2/><F2/><W97/><G97/><T135/><D113/><U89/><REACH who="1" step="1"/><E39/><REACH who="1" ten="124,153,460,253" step="2"/><V40/><F77/><W7/><G79/><T130/><D72/><U131/><E131/><V34/><F78/><W47/><G127/><T33/><D37/><U95/><E95/><V58/><F92/><W85/><G11/><T118/><D129/><U73/><E73/><V96/><F76/><W98/><G80/><T17/><D81/><U100/><E100/><V22/><F102/><W32/><G3/><T38/><D38/><U12/><E12/><V121/><F121/><W112/><G112/><T93/><D103/><U126/><E126/><V1/><F94/><W61/><G5/><T59/><D93/><U29/><E29/><V63/><F1/><W87/><G7/><T119/><D68/><U83/><E83/><V117/><F96/><W122/><G98/><T19/><D99/><U120/><E120/><V90/><F90/><W15/><G122/><T25/><D91/><U48/><AGARI ba="0,1" hai="6,9,14,18,23,27,44,48,52,88,89,104,106,107" machi="48" ten="40,12000,1" yaku="1,1,0,1,54,2,53,0" doraHai="26" doraHaiUra="60" who="1" fromWho="1" sc="124,-40,153,130,460,-40,253,-40" /><INIT seed="5,1,0,3,1,96" ten="84,283,420,213" oya="1" hai0="124,68,133,134,95,63,7,56,130,100,86,28,72" hai1="55,27,126,92,107,65,84,111,52,71,75,29,114" hai2="38,131,61,6,102,98,135,20,37,51,22,19,85" hai3="34,113,121,17,47,125,77,104,66,58,97,2,78"/><U14/><E75/><V54/><F6/><W9/><G121/><T106/><D72/><U4/><E111/><V132/><F61/><W39/><G34/><T129/><D68/><U73/><E73/><V109/><F85/><W69/><G69/><T116/><D7/><U119/><E107/><V1/><F1/><W89/><G113/><T57/><D28/><U32/><E119/><V40/><F131/><W35/><G35/><T117/><D106/><U23/><E114/><V67/><F67/><W112/><G66/><T70/><D86/><U83/><E126/><V50/><F50/><W127/><G39/><T76/><D76/><U18/><E92/><V62/><F62/><W30/><G78/><T24/><D24/><U94/><E94/><V99/><F99/><W31/><G97/><T79/><D79/><U74/><E74/><V12/><F22/><W36/><G77/><T3/><D3/><U46/><E46/><N who="2" m="28023" /><F40/><W11/><G2/><T41/><D95/><U15/><E65/><V103/><F109/><W0/><G0/><T81/><D81/><U53/><E71/><V93/><F103/><W118/><G104/><T123/><D100/><U105/><E105/><V44/><F44/><W101/><G101/><T33/><D33/><U88/><E4/><V49/><F49/><W45/><G36/><T115/><D115/><U13/><AGARI ba="1,0" hai="13,14,15,18,23,27,29,32,52,53,55,83,84,88" machi="13" ten="30,6000,0" yaku="0,1,54,2" doraHai="96" who="1" fromWho="1" sc="84,-21,283,63,420,-21,213,-21" /><INIT seed="5,2,0,5,1,134" ten="63,346,399,192" oya="1" hai0="65,125,67,38,122,86,133,106,44,98,57,130,110" hai1="32,55,2,8,124,40,70,114,69,46,24,51,91" hai2="84,93,31,109,22,73,26,77,85,39,25,103,88" hai3="82,12,5,79,119,10,6,61,3,90,83,59,116"/><U96/><E114/><V123/><F109/><W15/><G90/><T34/><D110/><U42/><E42/><V1/><F39/><W33/><G33/><T23/><D34/><U101/><E91/><V28/><F123/><W56/><G3/><T49/><D122/><U71/><E55/><V11/><F73/><W41/><G41/><T53/><D133/><U50/><E50/><V43/><F43/><W129/><G129/><T74/><D74/><U87/><E87/><N who="2" m="52383" /><F1/><W16/><G79/><T52/><D130/><U76/><E76/><V27/><F77/><W78/><G78/><T47/><D106/><U81/><E81/><V18/><F103/><W64/><G59/><T0/><D0/><U111/><E111/><V132/><F11/><N who="3" m="6271" /><G5/><T94/><D23/><U37/><E51/><V128/><F132/><W127/><G127/><T131/><D131/><U121/><E121/><V66/><F128/><W102/><G102/><T54/><D86/><N who="2" m="33386" /><F66/><N who="0" m="25098" /><D94/><U95/><E124/><V21/><F21/><W115/><G115/><T20/><D20/><U36/><E36/><V60/><F60/><W97/><G97/><T13/><D98/><U30/><E2/><V126/><F126/><W62/><G61/><N who="0" m="36007" /><D13/><AGARI ba="2,0" hai="13,18,22,25,26,27,28,31" m="33386,52383" machi="13" ten="30,2000,0" yaku="8,1,54,1" doraHai="134" who="2" fromWho="0" sc="63,-26,346,0,399,26,192,0" /><INIT seed="6,0,0,3,5,17" ten="37,346,425,192" oya="2" hai0="70,60,59,36,89,88,78,103,37,26,94,76,21" hai1="135,83,11,92,32,53,18,128,120,8,97,99,40" hai2="105,2,35,54,4,98,106,126,0,20,134,123,64" hai3="111,80,121,30,108,131,110,74,6,66,102,51,10"/><V127/><F35/><W124/><G121/><T68/><D103/><U44/><E32/><V100/><F123/><W130/><G102/><T65/><D36/><U118/><E99/><V115/><F64/><W107/><G107/><T117/><D37/><U77/><E128/><N who="3" m="49194" /><G66/><T33/><D33/><U43/><E135/><V12/><F106/><W104/><G104/><T75/><D117/><U91/><E118/><V58/><F134/><W119/><G119/><T7/><D7/><U49/><E120/><V13/><F115/><W95/><G95/><T47/><D47/><U1/><E1/><V55/><F55/><W67/><G67/><T86/><D75/><U61/><E43/><V85/><F85/><W122/><G122/><T84/><D70/><U113/><E113/><V129/><F129/><W9/><G74/><T112/><D68/><U5/><E5/><V22/><F0/><W29/><G6/><T133/><D133/><U31/><E40/><V56/><F2/><W101/><G101/><T52/><D65/><U96/><E96/><V81/><F81/><W41/><G80/><T48/><D112/><U50/><E83/><V46/><F4/><W16/><G41/><T82/><REACH who="0" step="1"/><D60/><REACH who="0" ten="27,346,425,192" step="2"/><U27/><E61/><V28/><F100/><W90/><G111/><T23/><D23/><N who="1" m="15871" /><E50/><V19/><F105/><W72/><G51/><T79/><D79/><U73/><E77/><V69/><F69/><W62/><G72/><T57/><D57/><U15/><E73/><V45/><F56/><W14/><G110/><T87/><D87/><U3/><E3/><V114/><F114/><RYUUKYOKU ba="0,1" sc="27,15,346,15,425,-15,192,-15" hai0="21,26,48,52,59,76,78,82,84,86,88,89,94" hai1="8,11,15,18,44,49,53,91,92,97" /><INIT seed="7,1,1,5,3,112" ten="42,361,410,177" oya="3" hai0="101,38,4,130,73,59,13,36,72,94,10,93,111" hai1="27,14,8,35,133,22,21,33,44,69,37,127,63" hai2="49,115,9,17,6,96,110,41,95,45,12,84,51" hai3="58,47,116,20,79,67,135,102,98,24,7,48,28"/><W121/><G121/><T5/><D111/><U52/><E69/><V64/><F110/><W23/><G135/><T29/><D59/><U109/><E109/><V42/><F115/><W53/><G79/><T103/><D13/><U70/><E133/><V31/><F31/><W90/><G90/><T105/><D29/><U97/><E127/><V123/><F123/><W15/><G116/><T86/><D10/><U60/><E60/><V125/><F125/><W62/><G7/><T57/><D57/><U77/><E77/><V66/><F84/><W75/><G75/><T16/><D86/><U124/><E124/><V100/><F6/><W120/><G120/><T91/><D91/><U76/><E76/><V117/><F117/><W26/><G15/><T68/><D68/><U40/><E97/><V30/><F30/><W56/><G26/><T50/><D50/><N who="2" m="18954" /><F45/><W1/><G1/><T118/><D105/><U129/><E129/><V39/><F39/><W18/><G23/><T89/><D89/><U114/><E22/><V83/><F83/><W131/><G131/><T106/><D106/><U43/><E43/><AGARI ba="1,1" hai="9,12,17,41,42,43,64,66,95,96,100" m="18954" machi="43" ten="30,1000,0" yaku="8,1" doraHai="112" who="2" fromWho="1" sc="42,0,361,-13,410,23,177,0" owari="42,-46.0,348,15.0,433,53.0,177,-22.0" /></mjloggm>