<mjloggm ver="2.3"><GO type="97" lobby="0"/><UN n0="%E3%82%B1%E3%83%AD%E3%83%B3%E3%83%91%E3%82%B9" n1="%E3%82%A6%E3%83%AB%E3%83%88%E3%83%A9%E7%AB%8B%E7%9B%B4" n2="%E3%83%A2%E3%83%B3%E3%83%90" n3="%E6%97%A5%E5%90%89%E3%81%AE%E8%B1%AA%E9%82%B8" dan="15,15,13,13" rate="1976.94,1963.88,1868.03,1930.43" sx="M,M,M,M"/><TAIKYOKU oya="0"/><INIT seed="0,0,0,5,0,78" ten="250,250,250,250" oya="0" hai0="116,25,89,131,82,22,109,54,75,135,124,72,70" hai1="31,79,34,84,88,28,134,9,114,2,130,96,76" hai2="125,87,41,101,129,33,68,55,15,26,127,47,122" hai3="21,35,6,32,30,108,65,99,23,85,95,126,49"/><T92/><D116/><U52/><E114/><V24/><F122/><W45/><G108/><T0/><D70/><U69/><E69/><V83/><F68/><W100/><G126/><T106/><D106/><U117/><E2/><V102/><F129/><W66/><G35/><T74/><D131/><U97/><E117/><V67/><F67/><W121/><G32/><T39/><D124/><N who="2" m="47690" /><F55/><W36/><G36/><T10/><D39/><U48/><E9/><V18/><F33/><W91/><G6/><T27/><D109/><U14/><E14/><V8/><F102/><W42/><G121/><T119/><D119/><U120/><E134/><V113/><F101/><W64/><REACH who="3" step="1"/><G30/><REACH who="3" ten="250,250,250,240" step="2"/><T60/><D135/><U20/><E34/><V128/><F113/><W105/><AGARI ba="0,1" hai="21,23,42,45,49,64,65,66,85,91,95,99,100,105" machi="105" ten="30,4000,0" yaku="1,1,2,1,0,1,53,0" doraHai="78" doraHaiUra="107" who="3" fromWho="3" sc="250,-20,250,-10,250,-10,240,50" /><INIT seed="1,0,0,5,0,125" ten="230,240,240,290" oya="1" hai0="17,67,10,46,107,86,98,52,110,42,28,75,85" hai1="24,27,89,115,113,96,135,1,22,87,35,51,12" hai2="63,64,60,104,131,4,106,18,19,118,14,93,48" hai3="90,119,55,81,36,116,59,102,2,105,53,94,13"/><U82/><E1/><V127/><F118/><N who="3" m="45099" /><G2/><T117/><D117/><U72/><E72/><V66/><F127/><W73/><G36/><T111/><D75/><U56/><E135/><V25/><F14/><W11/><G105/><T95/><D107/><U26/><E35/><V99/><F99/><N who="3" m="59767" /><G59/><T133/><D133/><U8/><E96/><V62/><F93/><W121/><G121/><T114/><D114/><U38/><E38/><V49/><F4/><N who="3" m="3303" /><G73/><T0/><D67/><U23/><E115/><V43/><F43/><W31/><G31/><T71/><D28/><U92/><E113/><V120/><F63/><W74/><G74/><T30/><D71/><U32/><E32/><V101/><F101/><W50/><G50/><N who="0" m="28759" /><D30/><U100/><E100/><V21/><F120/><W58/><G58/><T29/><D29/><U69/><E69/><V6/><F6/><W33/><G33/><T80/><D42/><U7/><E92/><V9/><F104/><W20/><G20/><T37/><D37/><U134/><E134/><V130/><F106/><W79/><G79/><T70/><D70/><U41/><E56/><V91/><F21/><W76/><G76/><T61/><D61/><U15/><E15/><V129/><F25/><W77/><G77/><N who="0" m="46223" /><D0/><U44/><AGARI ba="0,0" hai="7,8,12,22,23,24,26,27,41,44,51,82,87,89" machi="44" ten="30,3000,0" yaku="0,1,8,1" doraHai="125" who="1" fromWho="1" sc="230,-10,240,30,240,-10,290,-10" /><INIT seed="1,1,0,1,5,94" ten="220,270,230,280" oya="1" hai0="64,6,109,83,31,43,67,107,87,56,62,65,5" hai1="80,28,111,63,45,132,71,4,117,10,120,130,19" hai2="104,133,79,8,127,51,134,23,16,113,84,40,50" hai3="30,129,58,116,100,48,47,115,17,70,12,81,102"/><U55/><E120/><V82/><F104/><W35/><G70/><T114/><D114/><U69/><E71/><V27/><F113/><W52/><G115/><T77/><D109/><U99/><E28/><V57/><F127/><W18/><G129/><T3/><D107/><U108/><E19/><V26/><F8/><W123/><G123/><T95/><D31/><U7/><E80/><V37/><F37/><W1/><G1/><T96/><D43/><U101/><E117/><V88/><F27/><W34/><G116/><T66/><REACH who="0" step="1"/><D3/><REACH who="0" ten="210,270,230,280" step="2"/><U122/><E122/><V44/><F134/><W24/><G30/><T25/><D25/><U38/><E132/><V61/><F133/><W135/><G135/><T72/><D72/><U0/><E0/><V9/><F9/><W59/><G24/><T121/><D121/><U29/><E10/><V105/><F105/><W46/><G35/><T21/><D21/><U2/><E29/><V60/><F79/><W41/><G34/><T92/><D92/><U112/><E2/><V89/><F89/><AGARI ba="1,1" hai="5,6,56,62,64,65,66,67,77,83,87,89,95,96" machi="89" ten="40,5200,0" yaku="1,1,8,1,52,1,53,0" doraHai="94" doraHaiUra="42" who="0" fromWho="2" sc="210,65,270,0,230,-55,280,0" /><INIT seed="2,0,0,0,0,66" ten="275,270,175,280" oya="2" hai0="21,64,135,30,23,116,80,28,11,117,4,96,59" hai1="126,47,67,17,39,68,54,20,111,110,74,37,52" hai2="33,79,133,120,128,58,22,32,75,109,119,13,113" hai3="60,6,40,26,70,77,42,27,9,90,93,78,71"/><V112/><F79/><W56/><G77/><T38/><D38/><N who="1" m="14347" /><E74/><V41/><F41/><W132/><G78/><T122/><D80/><U50/><E17/><V34/><F58/><W84/><G132/><T29/><D96/><U10/><E10/><V73/><F13/><W57/><G57/><T69/><D59/><N who="1" m="33175" /><E20/><V115/><F22/><W5/><G5/><T82/><D82/><U44/><E126/><V15/><F15/><N who="3" m="5559" /><G71/><T62/><D135/><U1/><E1/><V7/><F7/><W76/><G70/><T98/><D98/><U65/><E65/><V106/><F133/><W121/><G121/><T95/><D95/><U53/><E53/><V124/><F120/><W92/><G76/><T46/><D122/><U125/><E125/><V103/><F124/><W19/><G93/><T3/><REACH who="0" step="1"/><D46/><REACH who="0" ten="265,270,175,280" step="2"/><U89/><E89/><V91/><F91/><W123/><G123/><T114/><D114/><U129/><E47/><V101/><F106/><W85/><G92/><T81/><D81/><U0/><E129/><V43/><F128/><W12/><G90/><T100/><D100/><N who="2" m="38474" /><F43/><W104/><G42/><T16/><D16/><U88/><E88/><V130/><F130/><W102/><G40/><T72/><D72/><N who="2" m="27722" /><F119/><AGARI ba="0,1" hai="3,4,11,21,23,28,29,30,62,64,69,116,117,119" machi="119" ten="40,5200,0" yaku="1,1,12,1,52,1,53,0" doraHai="66" doraHaiUra="83" who="0" fromWho="2" sc="265,62,270,0,175,-52,280,0" /><INIT seed="3,0,0,3,0,114" ten="327,270,123,280" oya="3" hai0="75,10,68,15,25,84,38,46,14,82,35,45,54" hai1="87,0,5,105,22,115,126,91,66,7,121,104,78" hai2="51,61,97,117,127,37,62,129,120,123,49,29,108" hai3="33,44,47,80,124,119,2,79,102,63,1,59,96"/><W93/><G33/><T74/><D68/><U107/><E115/><V77/><F37/><W52/><G124/><T32/><D14/><U55/><E121/><V85/><F127/><W17/><G17/><T83/><D83/><U135/><E66/><V122/><F97/><W72/><REACH who="3" step="1"/><G119/><REACH who="3" ten="327,270,123,270" step="2"/><T90/><D32/><U86/><E126/><V19/><F19/><W110/><G110/><T67/><D67/><U64/><E64/><V88/><F29/><W48/><G48/><N who="0" m="28951" /><D45/><AGARI ba="0,1" hai="1,2,44,45,47,52,59,63,72,79,80,93,96,102" machi="45" ten="40,7700,0" yaku="1,1,54,1,53,1" doraHai="114" doraHaiUra="106" who="3" fromWho="0" sc="327,-77,270,0,123,0,270,87" owari="250,-15.0,270,7.0,123,-38.0,357,46.0" /></mjloggm>