<mjloggm ver="2.3"><GO type="97" lobby="0"/><UN n0="%4C%45%42%52%4F%4E" n1="%E6%B5%81%E6%B0%B7" n2="%6B%65%6E%74%6F%31%38%30" n3="%E3%82%A6%E3%83%AB%E3%83%88%E3%83%A9%E7%AB%8B%E7%9B%B4" dan="15,13,13,14" rate="1905.16,1919.84,1872.13,1958.67" sx="M,M,M,M"/><TAIKYOKU oya="0"/><INIT seed="0,0,0,3,0,34" ten="250,250,250,250" oya="0" hai0="81,43,118,107,45,93,99,46,83,96,111,94,105" hai1="89,98,123,78,42,97,131,59,8,117,56,115,109" hai2="33,134,113,47,48,39,108,24,124,57,58,9,74" hai3="101,62,38,127,28,16,0,5,95,66,69,18,110"/><T88/><D118/><U84/><E117/><V61/><F113/><W122/><G38/><T60/><D111/><U41/><E123/><V65/><F74/><W135/><G122/><T13/><D60/><U73/><E73/><V92/><F108/><W20/><G110/><T6/><D13/><U54/><E109/><V68/><F134/><W36/><G36/><T106/><D6/><U91/><E115/><V104/><F39/><W30/><G135/><T87/><D43/><U129/><E78/><V12/><F104/><W80/><G127/><T25/><D25/><U22/><E22/><V70/><F124/><W120/><G120/><T31/><D31/><U50/><E8/><V32/><F70/><W85/><G18/><T40/><D40/><U76/><E76/><V3/><F3/><W130/><G130/><T79/><D46/><U51/><E84/><V72/><F72/><W71/><G71/><T44/><D44/><U116/><E116/><V1/><F1/><W126/><G126/><T29/><D29/><U21/><E21/><V121/><F121/><W53/><G53/><AGARI ba="0,0" hai="41,42,50,51,53,54,56,59,89,91,97,98,129,131" machi="53" ten="25,1600,0" yaku="22,2" doraHai="34" who="1" fromWho="3" sc="250,0,250,16,250,0,250,-16" /><INIT seed="1,0,0,2,0,38" ten="250,266,250,234" oya="1" hai0="52,75,15,123,33,82,27,89,83,19,55,40,66" hai1="6,25,81,88,39,79,50,1,65,86,44,10,56" hai2="58,47,20,97,113,18,96,22,12,130,103,105,5" hai3="101,115,8,36,91,110,59,77,109,80,93,67,78"/><U28/><E39/><V70/><F70/><W126/><G115/><T68/><D123/><U76/><E56/><V100/><F113/><W32/><G32/><T72/><D68/><U4/><E4/><V60/><F5/><W106/><G36/><T98/><D66/><U11/><E11/><V74/><F74/><W17/><G59/><T119/><D119/><U133/><E65/><V42/><F130/><W87/><G67/><T64/><D64/><U57/><E57/><V53/><F103/><W49/><G49/><T41/><D33/><U134/><E134/><V43/><F97/><N who="3" m="61743" /><G17/><T135/><D98/><U129/><E129/><V30/><F47/><W108/><G8/><T14/><D19/><U95/><E133/><V48/><F60/><W104/><G104/><T9/><D135/><U23/><E95/><V13/><REACH who="2" step="1"/><F30/><REACH who="2" ten="250,266,240,234" step="2"/><W112/><G112/><T127/><D9/><U117/><REACH who="1" step="1"/><E117/><REACH who="1" ten="250,256,240,234" step="2"/><V7/><F7/><W118/><G118/><T131/><D131/><U3/><E3/><V46/><F46/><W85/><G93/><T84/><D83/><U69/><E69/><V37/><F37/><W94/><G80/><T90/><D82/><U63/><E63/><V111/><F111/><W0/><G94/><T125/><D84/><N who="3" m="32329" /><G0/><T26/><AGARI ba="0,2" hai="14,15,26,27,40,41,52,55,72,75,89,90,125,127" machi="26" ten="25,12000,2" yaku="0,1,22,2,52,2,54,1" doraHai="38" who="0" fromWho="0" sc="250,140,256,-60,240,-30,234,-30" /><INIT seed="2,0,0,4,1,30" ten="390,196,210,204" oya="2" hai0="74,77,19,88,82,97,129,40,38,104,117,112,60" hai1="7,58,124,59,18,65,115,21,93,50,68,45,8" hai2="29,131,128,46,13,33,63,75,70,44,16,12,27" hai3="24,81,49,101,55,1,113,66,121,132,130,76,2"/><V64/><F75/><W107/><G121/><T118/><D112/><U95/><E115/><V51/><F51/><W43/><G113/><T14/><D129/><N who="2" m="49738" /><F13/><W98/><G130/><T102/><D40/><U10/><E68/><V41/><F41/><W73/><G132/><T36/><D60/><U54/><E124/><V86/><F86/><W90/><G43/><T83/><D83/><U134/><E134/><V120/><F120/><W39/><BYE who="2" /><G39/><T84/><D77/><U80/><E80/><V47/><F47/><W108/><G108/><T96/><D74/><U119/><E119/><N who="0" m="45577" /><D97/><UN n2="%6B%65%6E%74%6F%31%38%30" /><U4/><E95/><V23/><AGARI ba="0,0" hai="12,16,23,27,29,33,44,46,63,64,70" m="49738" machi="23" ten="30,6000,0" yaku="19,1,52,1,54,1" doraHai="30" who="2" fromWho="2" sc="390,-20,196,-20,210,60,204,-20" /><INIT seed="2,1,0,2,0,135" ten="370,176,270,184" oya="2" hai0="1,124,103,91,59,98,111,112,117,83,28,89,104" hai1="86,79,54,126,20,122,127,21,53,18,80,116,128" hai2="17,27,57,0,43,25,94,56,81,71,64,65,9" hai3="66,70,44,107,88,102,129,29,87,115,26,105,37"/><V8/><F0/><W19/><G129/><T114/><D1/><U33/><E33/><V51/><F71/><W134/><G134/><T14/><D28/><U34/><E34/><V58/><F81/><W10/><G115/><T22/><D22/><U123/><E128/><V93/><F43/><W90/><G90/><T2/><D14/><N who="1" m="9303" /><E21/><V55/><F17/><W75/><G75/><T45/><D2/><U24/><E24/><N who="2" m="9291" /><F51/><W41/><G102/><T132/><D59/><U50/><E116/><V48/><F48/><W38/><G38/><T109/><D45/><N who="1" m="27855" /><E54/><V7/><F55/><W118/><G118/><T46/><D46/><U101/><E101/><V39/><F39/><W119/><G119/><T92/><D117/><U5/><E5/><V69/><F69/><W36/><G36/><T49/><D49/><U100/><E100/><V42/><F42/><W125/><G66/><N who="2" m="25705" /><F7/><W68/><G68/><T78/><D132/><U11/><E11/><AGARI ba="1,0" hai="8,9,11,56,57,58,93,94" m="25705,9291" machi="11" ten="30,5800,0" yaku="28,2,8,1" doraHai="135" who="2" fromWho="1" sc="370,0,176,-61,270,61,184,0" /><INIT seed="2,2,0,0,4,110" ten="370,115,331,184" oya="2" hai0="46,17,41,120,102,9,76,63,95,118,54,115,127" hai1="80,72,12,2,85,75,132,84,134,13,45,8,60" hai2="90,91,59,29,73,81,92,33,101,38,36,26,21" hai3="31,122,16,58,103,62,68,1,78,7,19,30,119"/><V124/><F124/><W125/><G68/><T49/><D120/><U65/><E2/><V51/><F101/><W52/><G122/><T56/><D127/><U0/><E0/><V107/><F107/><W83/><G125/><T5/><D115/><U86/><E45/><V69/><F69/><W34/><G119/><T23/><D118/><U67/><E60/><V39/><F33/><W22/><G34/><T93/><D76/><U61/><E61/><V130/><F130/><W98/><G7/><T100/><D102/><U106/><E106/><V53/><F73/><W66/><G66/><T24/><D100/><U126/><E126/><V121/><F121/><W88/><G1/><AGARI ba="2,0" hai="1,5,9,17,23,24,41,46,49,54,56,63,93,95" machi="1" ten="30,1000,0" yaku="7,1" doraHai="110" who="0" fromWho="3" sc="370,16,115,0,331,0,184,-16" /><INIT seed="3,0,0,2,1,135" ten="386,115,331,168" oya="3" hai0="73,36,10,108,95,7,19,58,88,116,120,37,119" hai1="123,122,60,52,15,79,8,115,11,76,71,34,109" hai2="12,97,23,24,131,6,132,98,106,62,53,128,114" hai3="0,67,118,124,100,1,4,107,59,112,102,92,110"/><W69/><G69/><T48/><D120/><U21/><E34/><V113/><F106/><W74/><G74/><T103/><D73/><U35/><E35/><V70/><F70/><W94/><BYE who="2" /><G107/><T90/><D108/><U86/><E115/><V28/><F28/><W125/><G112/><T83/><D83/><U68/><E109/><V13/><F13/><W133/><G133/><UN n2="%6B%65%6E%74%6F%31%38%30" /><T130/><D130/><N who="2" m="49706" /><F62/><N who="3" m="38367" /><G118/><T87/><D103/><N who="3" m="39465" /><G110/><T25/><D119/><U129/><E129/><V93/><F53/><W9/><G1/><T105/><D105/><U29/><E29/><N who="2" m="17567" /><F132/><W16/><G16/><T41/><D116/><U84/><E60/><V80/><F80/><W89/><G89/><T121/><D90/><U38/><E21/><V82/><F82/><W30/><G30/><T14/><D121/><U3/><E15/><V18/><F93/><W50/><G50/><T17/><D25/><U117/><E117/><V127/><F6/><W63/><G63/><T49/><D7/><U55/><REACH who="1" step="1"/><E38/><REACH who="1" ten="386,105,331,168" step="2"/><V81/><F113/><W26/><G26/><T31/><D36/><U101/><E101/><V22/><F114/><W32/><G32/><T57/><D37/><U64/><E64/><V39/><F39/><W96/><G96/><N who="2" m="36969" /><F81/><W85/><G85/><T54/><D87/><U65/><E65/><V75/><F75/><W43/><G0/><AGARI ba="0,1" hai="0,3,8,11,52,55,68,71,76,79,84,86,122,123" machi="0" ten="25,6400,0" yaku="1,1,22,2,54,1,53,0" doraHai="135" doraHaiUra="44" who="1" fromWho="3" sc="386,0,105,74,331,0,168,-64" owari="386,49.0,179,-22.0,331,13.0,104,-40.0" /></mjloggm>