<mjloggm ver="2.3"><GO type="97" lobby="0"/><UN n0="%E8%9B%99%67%72%D1%91%D1%91%6E" n1="%E3%82%A6%E3%83%AB%E3%83%88%E3%83%A9%E7%AB%8B%E7%9B%B4" n2="%E3%81%97%E3%82%93%E3%81%84%E3%81%A1" n3="%E3%83%97%E3%83%AA%E3%83%B3%E3%82%B9" dan="14,14,15,14" rate="1863.76,1973.67,1971.10,1958.67" sx="M,M,M,M"/><TAIKYOKU oya="0"/><INIT seed="0,0,0,4,2,103" ten="250,250,250,250" oya="0" hai0="41,57,87,77,42,73,84,81,114,35,8,91,43" hai1="28,52,72,113,19,45,127,131,14,0,92,58,17" hai2="111,39,101,120,22,2,64,118,36,66,15,55,49" hai3="67,112,133,53,25,16,44,27,33,134,38,48,115"/><T96/><D96/><U6/><E72/><V122/><F2/><W29/><G67/><T75/><D75/><U80/><E113/><V130/><F111/><W5/><G38/><T70/><D70/><U61/><E127/><V63/><F101/><W62/><G62/><T121/><D121/><N who="2" m="46698" /><F15/><W30/><G5/><T7/><D7/><U21/><E131/><V11/><F22/><N who="3" m="13511" /><G30/><T20/><D20/><U26/><E80/><V125/><F11/><W31/><G31/><T51/><D51/><N who="1" m="28783" /><E0/><V46/><F130/><W59/><G44/><T60/><D60/><U124/><E124/><V9/><F9/><W37/><G37/><N who="2" m="14409" /><F125/><W86/><G86/><T56/><D56/><U93/><E6/><V23/><F23/><W100/><G100/><T1/><D1/><U99/><E14/><V13/><F13/><W4/><G4/><T65/><D65/><N who="2" m="25194" /><F63/><W89/><G89/><T102/><D102/><N who="1" m="60775" /><E93/><V107/><F107/><W3/><G3/><T34/><D34/><U79/><E79/><V104/><F104/><W132/><AGARI ba="0,0" hai="27,29,33,48,53,59,112,115,132,133,134" m="13511" machi="132" ten="30,2000,0" yaku="20,1,54,1" doraHai="103" who="3" fromWho="3" sc="250,-10,250,-5,250,-5,250,20" /><INIT seed="1,0,0,2,3,38" ten="240,245,245,270" oya="1" hai0="86,55,111,117,56,107,110,99,33,67,52,65,47" hai1="70,133,105,66,35,7,135,109,80,92,115,78,82" hai2="36,21,23,54,14,2,100,53,51,73,83,13,57" hai3="77,4,6,118,18,124,96,25,114,19,43,103,123"/><U11/><E105/><V31/><F2/><W64/><G114/><T104/><D104/><U102/><E35/><V125/><F36/><W129/><G123/><T116/><D116/><U85/><E115/><V40/><F125/><W130/><G118/><T131/><D131/><N who="3" m="50185" /><G124/><T39/><D39/><U27/><E27/><V28/><F100/><W68/><G77/><T134/><D134/><N who="1" m="51211" /><E109/><V119/><F119/><W17/><G25/><T113/><D113/><U29/><E29/><V90/><F73/><W32/><G32/><T72/><D72/><U22/><E22/><V8/><F8/><W20/><G43/><T45/><D45/><U5/><E66/><V93/><F23/><W98/><G20/><T46/><D46/><U84/><E70/><V120/><F21/><W10/><G103/><T60/><D60/><U12/><E7/><N who="3" m="2602" /><G10/><T58/><D58/><U44/><E44/><V122/><F57/><W26/><G26/><T74/><D74/><N who="1" m="43095" /><E82/><V24/><F83/><W76/><G76/><T41/><D41/><U62/><E62/><AGARI ba="0,0" hai="17,18,19,62,64,68,96,98" m="2602,50185" machi="62" ten="40,1300,0" yaku="19,1" doraHai="38" who="3" fromWho="1" sc="240,0,245,-13,245,0,270,13" /><INIT seed="2,0,0,2,0,132" ten="240,232,245,283" oya="2" hai0="130,32,18,82,92,5,75,74,86,69,62,103,22" hai1="120,114,35,48,33,99,135,80,88,43,131,133,83" hai2="8,1,3,89,125,129,38,28,26,108,96,124,4" hai3="100,81,111,53,60,102,49,116,51,11,101,20,95"/><V98/><F38/><W68/><G111/><T56/><D56/><U13/><E120/><V50/><F3/><W77/><G116/><T84/><D84/><U23/><E114/><V36/><F36/><W73/><G11/><T128/><D128/><U121/><E121/><V107/><F129/><W110/><G110/><T72/><D72/><U42/><E131/><V34/><F108/><W109/><G109/><T9/><D9/><U17/><E35/><V46/><F89/><W94/><G20/><T106/><D106/><U16/><E33/><V126/><F107/><W76/><G76/><T134/><D134/><N who="1" m="51211" /><E48/><V44/><F46/><W45/><G68/><T91/><D91/><U29/><E29/><V7/><F4/><W67/><REACH who="3" step="1"/><G51/><REACH who="3" ten="240,232,245,273" step="2"/><T97/><D97/><U40/><E17/><V63/><REACH who="2" step="1"/><F63/><REACH who="2" ten="240,232,235,273" step="2"/><W117/><G117/><T15/><D15/><U12/><E12/><V54/><AGARI ba="0,2" hai="1,7,8,26,28,34,44,50,54,96,98,124,125,126" machi="54" ten="30,24000,3" yaku="1,1,2,1,0,1,18,1,52,3,53,1" doraHai="132" doraHaiUra="24" who="2" fromWho="2" sc="240,-80,232,-80,235,260,273,-80" /><INIT seed="2,1,0,1,3,26" ten="160,152,495,193" oya="2" hai0="11,59,0,120,49,12,66,35,19,17,81,96,130" hai1="76,103,32,44,124,31,106,2,51,82,129,93,135" hai2="29,127,88,1,75,121,48,6,111,123,104,78,71" hai3="89,7,117,61,46,101,15,98,79,55,25,21,8"/><V45/><F71/><W28/><G117/><T65/><D65/><U23/><E2/><V94/><F104/><W80/><G89/><T27/><D27/><U122/><E106/><V20/><F127/><W126/><G126/><T52/><D52/><N who="1" m="29799" /><E32/><V132/><F132/><W113/><G113/><T134/><D134/><U57/><E124/><V107/><F107/><W84/><G61/><T95/><D95/><U100/><E129/><V36/><F36/><W119/><G119/><T39/><D39/><U83/><E135/><V87/><F75/><W77/><G55/><T91/><D91/><U18/><E57/><V72/><F78/><W33/><G46/><T24/><D24/><N who="1" m="16799" /><E122/><V99/><F1/><W97/><G77/><T108/><D108/><U58/><E58/><V114/><F111/><W3/><G101/><N who="1" m="38986" /><E76/><V112/><F123/><W70/><G70/><T118/><D118/><U109/><E109/><V133/><F133/><W47/><G47/><T131/><D131/><U50/><E50/><V5/><F48/><W42/><G42/><T125/><D125/><U74/><E74/><V54/><F72/><W10/><REACH who="3" step="1"/><G21/><REACH who="3" ten="160,152,495,183" step="2"/><T43/><D43/><U92/><E82/><V68/><F68/><W9/><G9/><T4/><D4/><AGARI ba="1,1" hai="3,4,7,8,10,15,25,28,33,79,80,84,97,98" machi="4" ten="30,3900,0" yaku="1,1,7,1,52,1,53,0" doraHai="26" doraHaiUra="41" who="3" fromWho="0" sc="160,-42,152,0,495,0,183,52" /><INIT seed="3,0,0,1,1,108" ten="118,152,495,235" oya="3" hai0="75,109,22,67,105,98,32,0,79,70,43,51,65" hai1="33,69,72,74,68,59,126,80,81,110,89,44,27" hai2="77,63,16,54,113,11,84,124,60,91,47,112,1" hai3="29,95,103,17,8,42,34,62,96,82,58,128,55"/><W35/><G128/><T49/><D49/><U123/><E123/><V53/><F77/><W118/><G118/><T64/><D64/><U20/><E33/><V10/><F124/><W46/><G82/><T15/><D15/><U73/><E110/><V6/><F54/><W90/><G29/><T13/><D13/><U85/><E126/><V119/><F119/><W116/><G116/><T125/><D125/><U30/><E81/><N who="2" m="49551" /><F63/><W21/><G8/><T40/><D40/><U39/><REACH who="1" step="1"/><E59/><REACH who="1" ten="118,142,495,235" step="2"/><V97/><F1/><W93/><G93/><T100/><D100/><U86/><E86/><V38/><F97/><W92/><G92/><T28/><D28/><U76/><E76/><V121/><F121/><W56/><G56/><T4/><D4/><U135/><E135/><V19/><F6/><W94/><G94/><T131/><D131/><U12/><E12/><V18/><F47/><W14/><REACH who="3" step="1"/><G103/><REACH who="3" ten="118,142,495,225" step="2"/><T41/><D41/><AGARI ba="0,2" hai="20,27,30,39,41,44,68,69,72,73,74,80,85,89" machi="41" ten="40,1300,0" yaku="1,1,53,0" doraHai="108" doraHaiUra="120" who="1" fromWho="0" sc="118,-13,142,33,495,0,225,0" owari="105,-39.0,175,-22.0,495,58.0,225,3.0" /></mjloggm>