<mjloggm ver="2.3"><GO type="97" lobby="0"/><UN n0="%E3%82%A6%E3%83%AB%E3%83%88%E3%83%A9%E7%AB%8B%E7%9B%B4" n1="%E3%81%9C%E3%82%93" n2="%E3%82%AB%E3%83%AA%E3%81%A3%E3%81%A8%E3%81%8A%E6%8F%9A%E3%81%92" n3="%E3%81%AD%E3%81%BF%E3%81%9E%E3%81%86" dan="15,15,14,14" rate="2061.68,2033.03,1915.78,1906.89" sx="M,M,F,M"/><TAIKYOKU oya="0"/><INIT seed="0,0,0,3,3,125" ten="250,250,250,250" oya="0" hai0="75,123,49,130,105,26,90,79,103,32,76,51,128" hai1="92,54,91,9,102,20,106,134,30,19,87,66,111" hai2="82,131,69,3,29,50,77,115,18,71,117,101,84" hai3="14,46,62,129,135,48,95,39,22,107,78,31,45"/><T127/><D123/><U108/><E66/><V23/><F115/><W81/><G107/><T67/><D67/><U118/><E118/><V6/><F29/><W121/><G39/><T24/><D103/><U53/><E30/><V10/><F117/><W64/><G121/><T72/><D105/><U37/><E9/><V119/><F119/><W38/><G38/><T21/><D90/><U12/><E37/><V57/><F101/><W133/><G95/><T83/><D21/><U7/><E7/><V63/><F50/><W104/><G104/><T0/><D0/><U61/><E61/><V94/><F94/><W132/><G48/><T73/><D73/><U27/><E27/><V2/><F2/><W52/><G52/><T96/><D96/><U122/><E134/><V5/><F5/><W55/><G55/><T59/><D59/><U65/><E65/><V33/><F33/><W11/><G22/><T1/><D1/><U28/><E28/><V116/><F116/><W4/><G31/><T70/><D127/><U43/><E43/><V35/><F35/><W34/><G34/><T97/><D97/><N who="1" m="61775" /><E122/><V56/><F56/><W112/><G112/><T42/><D32/><U74/><E74/><V80/><F71/><N who="3" m="42391" /><G46/><T17/><D42/><U99/><E99/><V113/><F69/><W13/><G45/><T109/><D70/><U86/><E86/><N who="2" m="48399" /><F113/><W89/><G89/><T60/><D60/><U110/><AGARI ba="0,0" hai="12,19,20,53,54,87,91,92,108,110,111" m="61775" machi="110" ten="30,1100,0" yaku="14,1" doraHai="125" who="1" fromWho="1" sc="250,-5,250,11,250,-3,250,-3" /><INIT seed="1,0,0,5,0,13" ten="245,261,247,247" oya="1" hai0="128,91,45,23,65,123,27,78,69,18,74,17,86" hai1="81,53,19,42,21,20,135,88,109,79,118,28,70" hai2="121,125,11,76,37,84,67,89,85,49,55,95,58" hai3="35,94,56,129,90,41,7,63,120,100,25,52,103"/><U130/><E70/><V133/><F121/><W62/><G120/><T75/><D123/><U99/><E118/><V106/><F106/><W26/><G129/><T96/><D128/><U3/><E3/><V9/><F37/><W47/><G7/><T98/><D74/><U29/><E130/><V111/><F111/><W10/><G10/><T24/><D78/><U50/><E42/><V30/><F133/><W117/><G117/><T46/><D75/><U4/><E4/><V113/><F125/><W112/><G112/><T134/><D65/><U93/><E20/><V72/><F72/><W83/><G83/><N who="0" m="49631" /><D69/><U51/><E135/><V97/><F113/><W14/><G35/><T114/><D114/><U64/><E64/><V34/><F67/><W82/><G82/><T73/><D73/><U107/><E107/><V8/><F76/><W71/><G71/><T102/><D102/><U131/><E109/><V1/><F1/><W127/><G127/><T132/><D132/><U68/><E68/><V16/><F34/><W101/><G63/><T57/><D57/><N who="1" m="32959" /><E50/><V77/><F30/><N who="1" m="11881" /><E131/><V5/><F5/><W104/><G104/><T39/><D39/><U126/><E126/><V110/><F110/><W43/><G43/><T36/><D36/><U12/><E81/><N who="2" m="47151" /><F97/><N who="0" m="37482" /><D134/><U108/><E79/><V54/><F54/><W2/><G2/><T6/><D6/><U40/><E108/><V80/><F80/><W105/><G105/><T124/><D124/><U22/><E40/><V66/><F66/><W116/><G116/><T31/><D31/><U33/><E33/><V115/><F115/><RYUUKYOKU ba="0,0" sc="245,10,261,10,247,10,247,-30" hai0="17,18,23,24,27,45,46" hai1="12,19,21,22,88,93,99" hai2="8,9,11,16,49,55,58,85,89,95" /><INIT seed="1,1,0,4,0,108" ten="255,271,257,217" oya="1" hai0="89,12,28,93,47,88,4,39,26,21,100,80,103" hai1="70,132,101,72,64,8,1,71,27,58,95,14,42" hai2="84,33,117,113,29,20,49,130,60,68,34,77,129" hai3="78,96,19,22,46,17,57,31,87,109,52,90,61"/><U118/><E118/><V36/><F117/><W9/><G109/><T56/><D39/><U11/><E72/><V123/><F36/><W91/><G78/><T124/><D124/><U3/><E11/><V50/><F123/><W115/><G96/><T107/><D107/><U7/><E71/><V55/><F50/><W79/><G79/><T98/><D47/><U104/><E70/><V116/><F116/><W53/><G91/><T16/><D4/><U83/><E27/><V102/><F102/><W37/><G9/><N who="0" m="6159" /><D56/><U43/><E104/><V128/><F20/><W30/><G19/><T6/><D6/><U97/><E132/><V112/><F29/><W2/><G2/><T94/><D80/><U135/><E135/><V40/><F40/><W125/><G125/><T48/><D48/><U114/><E114/><N who="2" m="44139" /><F60/><W82/><G115/><T18/><D28/><U121/><E121/><V75/><F75/><W35/><G35/><T65/><D65/><U105/><E43/><V13/><F13/><W122/><G122/><T126/><D126/><U0/><E42/><V111/><F111/><W66/><G37/><T86/><AGARI ba="1,0" hai="18,21,26,86,88,89,93,94,98,100,103" m="6159" machi="86" ten="30,4000,0" yaku="8,1,54,2" doraHai="108" who="0" fromWho="0" sc="255,43,271,-21,257,-11,217,-11" /><INIT seed="2,0,0,1,3,123" ten="298,250,246,206" oya="2" hai0="83,44,113,45,52,24,8,73,99,22,115,111,64" hai1="80,2,41,30,31,18,108,25,70,71,129,49,17" hai2="19,126,42,105,119,72,63,130,132,66,59,116,12" hai3="107,93,50,7,118,62,40,120,124,11,92,39,23"/><V58/><F105/><W109/><G107/><T97/><D64/><U117/><E80/><V134/><F72/><W38/><G120/><T6/><D83/><U75/><E49/><V51/><F12/><W9/><G62/><T89/><D73/><U16/><E41/><V20/><F20/><W114/><G118/><T101/><D89/><U27/><E75/><V86/><F86/><W77/><G114/><T135/><D135/><N who="2" m="51754" /><F19/><W90/><G50/><T5/><D22/><U33/><E2/><V76/><F76/><W26/><G40/><T4/><D24/><N who="1" m="9291" /><E117/><N who="2" m="45131" /><F130/><W95/><G77/><T53/><D6/><U88/><E129/><V100/><F100/><W0/><G11/><T34/><D8/><U68/><E88/><V110/><F126/><W15/><G124/><T54/><D101/><U81/><E81/><V21/><F21/><W60/><G0/><T133/><D133/><U84/><E84/><V28/><F28/><N who="1" m="10793" /><E33/><V67/><F67/><W13/><G90/><T94/><D34/><U127/><E127/><V37/><F37/><W78/><G78/><T128/><D128/><U29/><N who="1" m="10801" /><U3/><DORA hai="56" /><E3/><V61/><F61/><W35/><G60/><T125/><D125/><U79/><E79/><V55/><F42/><W91/><G91/><T14/><D115/><U57/><E57/><V122/><F122/><W96/><G39/><T69/><D113/><U121/><E121/><V32/><F32/><W106/><G38/><T36/><D36/><U112/><E112/><V46/><F59/><W85/><G35/><T10/><D97/><U104/><E104/><RYUUKYOKU ba="0,0" sc="298,-15,250,15,246,15,206,-15" hai1="16,17,18,68,70,71,108" hai2="46,51,55,58,63,66,110" /><INIT seed="2,1,0,3,2,117" ten="283,265,261,191" oya="2" hai0="4,75,8,42,94,51,116,132,133,90,45,122,71" hai1="79,17,2,36,100,66,46,131,58,35,99,109,92" hai2="108,130,95,102,7,86,50,12,135,89,29,15,39" hai3="101,114,67,11,73,85,61,54,91,118,123,82,53"/><V96/><F39/><W34/><G118/><T121/><D75/><U98/><E35/><V87/><F135/><N who="0" m="51786" /><D71/><U9/><E109/><V97/><F108/><W70/><G114/><T59/><D59/><U56/><E131/><V47/><F130/><W32/><G73/><T26/><D26/><U84/><E2/><V126/><F126/><W41/><G32/><T62/><D62/><U74/><E74/><V23/><F23/><W48/><G34/><T106/><D106/><U64/><E98/><V125/><F125/><W115/><G115/><T88/><D116/><U124/><E46/><V19/><F29/><W93/><G41/><T33/><D33/><U20/><E9/><V37/><F37/><W28/><G28/><T69/><D69/><U38/><E38/><V107/><F7/><W40/><G40/><T18/><D18/><U16/><E17/><V49/><F49/><W25/><G25/><T44/><D44/><U77/><E36/><V27/><F27/><W6/><G48/><T0/><D90/><U21/><E21/><V103/><F103/><W105/><G105/><T134/><D134/><U80/><E79/><V111/><F111/><W65/><G65/><N who="1" m="25194" /><E124/><V120/><F120/><W119/><G123/><T55/><D42/><U1/><E1/><V104/><F104/><W43/><G43/><T113/><D113/><U112/><E112/><V81/><F107/><W83/><G119/><T30/><D30/><U76/><E76/><V3/><F3/><N who="3" m="479" /><G101/><T72/><D72/><U129/><E129/><V5/><F102/><W13/><G13/><AGARI ba="1,0" hai="13,16,20,56,58,77,80,84,92,99,100" m="25194" machi="13" ten="30,2000,0" yaku="8,1,54,1" doraHai="117" who="1" fromWho="3" sc="283,0,265,23,261,0,191,-23" /><INIT seed="3,0,0,3,4,104" ten="283,288,261,168" oya="3" hai0="25,31,26,109,0,83,57,24,39,112,55,17,67" hai1="20,54,102,115,70,125,47,131,29,18,42,5,64" hai2="36,84,72,12,2,126,8,113,14,71,118,16,110" hai3="60,59,82,75,103,62,22,3,98,76,133,77,130"/><W65/><G3/><T34/><D39/><U85/><E115/><V38/><F113/><W123/><G123/><T73/><D0/><U1/><E29/><V96/><F118/><W69/><G130/><T114/><D67/><U43/><E102/><V19/><F2/><W90/><G133/><T28/><D109/><U23/><E85/><V56/><F71/><W106/><G77/><T50/><D17/><U68/><E18/><V99/><F110/><W21/><REACH who="3" step="1"/><G90/><REACH who="3" ten="283,288,261,158" step="2"/><T89/><D89/><U135/><E1/><V111/><F111/><W92/><G92/><T58/><D114/><U81/><E135/><V45/><F126/><W107/><G107/><T91/><D112/><U7/><E125/><V41/><F14/><W108/><G108/><T127/><D127/><U37/><E131/><V124/><F124/><W52/><AGARI ba="0,1" hai="21,22,52,59,60,62,65,69,75,76,82,98,103,106" machi="52" ten="20,18000,2" yaku="1,1,0,1,7,1,52,1,54,1,53,1" doraHai="104" doraHaiUra="78" who="3" fromWho="3" sc="283,-60,288,-60,261,-60,158,190" owari="223,-18.0,228,3.0,201,-30.0,348,45.0" /></mjloggm>