<mjloggm ver="2.3"><GO type="97" lobby="0"/><UN n0="%E3%82%A6%E3%83%AB%E3%83%88%E3%83%A9%E7%AB%8B%E7%9B%B4" n1="%E3%83%88%E3%83%A0%E3%83%BC" n2="%E2%98%86%E3%82%B7%E3%83%A3%E3%83%81%E3%83%8F%E3%82%B2%CE%B2%E2%98%86" n3="%E3%80%93%74%68%79%6D%65%2C%E3%80%93" dan="15,13,14,14" rate="1987.96,1886.37,1947.78,1952.85" sx="M,F,M,F"/><TAIKYOKU oya="0"/><INIT seed="0,0,0,2,1,36" ten="250,250,250,250" oya="0" hai0="15,114,129,131,84,85,103,95,8,6,126,4,105" hai1="46,53,109,17,108,12,70,58,89,106,19,73,93" hai2="38,119,102,90,10,67,127,51,59,88,25,100,33" hai3="13,80,37,132,35,56,14,99,115,69,23,96,113"/><T124/><D105/><U135/><E106/><V30/><F127/><N who="0" m="48682" /><D114/><U76/><E70/><V27/><F119/><W21/><G35/><T54/><D54/><U2/><E2/><V55/><F38/><W39/><G56/><T134/><D103/><U62/><E135/><V66/><F10/><W120/><G69/><T107/><D107/><U52/><E76/><V11/><F11/><W24/><G80/><T116/><D116/><U79/><E79/><V75/><F75/><W77/><G77/><T128/><D95/><U117/><E73/><V94/><F90/><W40/><G24/><T122/><D122/><U98/><E117/><V61/><F25/><W121/><G132/><T29/><D29/><U7/><E7/><N who="0" m="2601" /><D134/><U104/><E104/><V34/><F34/><W112/><G112/><T111/><D111/><U31/><E31/><V123/><F123/><W82/><G82/><T87/><D8/><U1/><E1/><V3/><F3/><W45/><G45/><T48/><D48/><U43/><E53/><V44/><REACH who="2" step="1"/><F67/><REACH who="2" ten="250,250,240,250" step="2"/><W110/><G110/><N who="1" m="42602" /><E12/><AGARI ba="0,1" hai="12,15,84,85,87,128,129,131" m="2601,48682" machi="12" ten="40,12000,1" yaku="28,2,19,1,18,1" doraHai="36" who="0" fromWho="1" sc="250,130,250,-120,240,0,250,0" /><INIT seed="0,1,0,5,3,82" ten="380,130,240,250" oya="0" hai0="52,61,124,3,11,70,97,80,112,46,128,95,99" hai1="83,34,89,71,40,41,6,103,16,108,87,126,120" hai2="62,38,131,0,26,132,127,105,31,74,64,35,121" hai3="19,32,22,79,116,10,77,45,94,30,24,53,117"/><T102/><D112/><U90/><E120/><V51/><RYUUKYOKU type="yao9" ba="1,0" sc="380,0,130,0,240,0,250,0" hai2="0,26,31,35,38,51,62,64,74,105,121,127,131,132" /><INIT seed="0,2,0,3,0,16" ten="380,130,240,250" oya="0" hai0="6,91,118,24,88,110,42,98,62,56,35,111,22" hai1="114,3,66,23,27,102,20,117,65,75,112,15,100" hai2="120,78,8,60,46,43,64,7,83,97,115,25,71" hai3="19,21,68,105,81,94,121,99,12,126,55,86,106"/><T28/><D6/><U53/><E117/><V30/><F120/><W11/><G126/><T52/><D118/><U87/><E3/><V133/><F115/><W14/><G68/><T90/><D42/><U82/><E75/><V9/><F133/><W54/><G105/><T101/><D35/><U26/><E53/><V85/><F97/><W107/><G106/><T108/><D91/><U51/><E51/><V31/><F9/><W128/><G107/><AGARI ba="2,0" hai="22,24,28,52,56,62,88,90,98,101,107,108,110,111" machi="107" ten="40,12000,1" yaku="14,1,10,1,52,1,54,2" doraHai="16" who="0" fromWho="3" sc="380,126,130,0,240,0,250,-126" /><INIT seed="0,3,0,3,4,104" ten="506,130,240,124" oya="0" hai0="106,99,58,55,82,67,54,124,47,59,90,46,79" hai1="128,15,56,8,94,6,62,73,43,50,48,69,113" hai2="116,1,2,64,101,41,57,77,49,126,105,5,92" hai3="36,88,98,11,61,40,60,7,42,13,84,96,21"/><T130/><D67/><U3/><E69/><V27/><F116/><W37/><G37/><T110/><D124/><U24/><E128/><V12/><F105/><W78/><G78/><T33/><D33/><U44/><E113/><V89/><F126/><W53/><G21/><T121/><D121/><U70/><E70/><V93/><F77/><W17/><G36/><T30/><D30/><U107/><E107/><V19/><F27/><W75/><G75/><T66/><D66/><U80/><E94/><V127/><F127/><W34/><G34/><T26/><D26/><U63/><E3/><V31/><F31/><W38/><G17/><T25/><D25/><U18/><E24/><V81/><F2/><W134/><G134/><T111/><D130/><U20/><E20/><V103/><F1/><W83/><G38/><T100/><D90/><U129/><E129/><V119/><F119/><W23/><G23/><T4/><D4/><U102/><E102/><V109/><F109/><N who="0" m="41482" /><D59/><U123/><E123/><V122/><F57/><N who="3" m="34863" /><G61/><N who="0" m="36055" /><D55/><U22/><E50/><V114/><F49/><W29/><G29/><T125/><D125/><U9/><E6/><V132/><F5/><W85/><G85/><AGARI ba="3,0" hai="46,47,79,82,85,99,100,106" m="36055,41482" machi="85" ten="30,2900,0" yaku="14,1,10,1" doraHai="104" who="0" fromWho="3" sc="506,38,130,0,240,0,124,-38" /><INIT seed="0,4,0,5,4,29" ten="544,130,240,86" oya="0" hai0="49,5,16,104,126,84,88,109,55,63,30,127,110" hai1="135,66,18,53,69,35,8,51,71,101,27,97,79" hai2="6,73,38,124,36,10,92,125,100,60,67,21,37" hai3="39,26,15,23,0,56,114,48,3,34,33,81,47"/><T96/><D5/><U57/><E135/><V65/><F73/><W14/><G39/><T42/><D42/><U24/><E79/><V129/><F129/><W62/><G114/><T17/><D63/><U106/><E71/><V68/><F21/><W99/><G0/><T103/><D30/><N who="1" m="19911" /><E27/><V119/><F119/><W72/><G3/><T116/><D116/><U19/><E8/><V132/><F132/><W61/><G14/><T52/><D16/><U108/><E108/><N who="0" m="41577" /><D17/><U20/><E20/><V46/><F46/><W118/><G118/><T98/><D98/><U11/><E11/><V117/><F117/><W1/><G1/><T107/><D107/><U90/><E90/><V89/><F100/><W134/><G15/><T50/><D50/><U28/><E28/><V12/><F67/><W133/><G99/><T94/><D55/><U44/><E44/><AGARI ba="4,0" hai="44,49,52,84,88,94,96,103,104,126,127" m="41577" machi="44" ten="30,11600,0" yaku="14,1,10,1,54,2" doraHai="29" who="0" fromWho="1" sc="544,128,130,-128,240,0,86,0" /><INIT seed="0,5,0,1,0,129" ten="672,2,240,86" oya="0" hai0="63,81,23,79,87,68,82,19,64,72,12,53,130" hai1="48,43,134,24,14,65,46,26,133,1,45,25,40" hai2="59,113,39,16,3,42,84,54,92,69,76,91,135" hai3="13,6,95,131,33,80,78,99,22,44,86,100,103"/><T56/><D130/><U10/><E1/><V94/><F135/><N who="1" m="51721" /><E65/><V77/><F113/><W116/><G33/><T90/><D68/><U70/><E70/><V101/><F3/><W107/><G107/><T85/><D72/><U55/><E46/><V110/><F69/><W105/><G105/><T83/><D83/><U128/><E128/><V117/><F117/><W123/><G116/><T41/><D41/><U7/><AGARI ba="5,0" hai="7,10,14,24,25,26,40,43,45,48,55" m="51721" machi="7" ten="30,7900,0" yaku="20,1,52,3" doraHai="129" who="1" fromWho="1" sc="672,-44,2,94,240,-25,86,-25" /><INIT seed="1,0,0,5,0,42" ten="628,96,215,61" oya="1" hai0="59,100,129,38,54,37,86,134,23,107,68,53,48" hai1="60,5,16,30,1,80,71,11,67,84,93,12,89" hai2="9,98,106,6,47,75,13,69,51,90,73,99,24" hai3="76,113,92,85,7,101,120,20,124,14,65,35,91"/><U121/><E121/><V31/><F69/><W61/><G35/><T97/><D68/><U45/><E45/><V112/><F112/><W26/><G120/><T117/><D117/><U96/><E30/><V56/><F56/><W32/><G32/><T123/><D123/><U95/><REACH who="1" step="1"/><E96/><REACH who="1" ten="628,86,215,61" step="2"/><V3/><F99/><N who="3" m="59623" /><G113/><T130/><D97/><U77/><E77/><V40/><F98/><W2/><G76/><T127/><D100/><U46/><E46/><V119/><F47/><W114/><G114/><T104/><D104/><U122/><E122/><V126/><F31/><W83/><G124/><T102/><D102/><U21/><AGARI ba="0,1" hai="1,5,11,12,16,21,60,67,71,80,84,89,93,95" machi="21" ten="20,7800,0" yaku="1,1,0,1,7,1,54,1,53,0" doraHai="42" doraHaiUra="132" who="1" fromWho="1" sc="628,-26,86,88,215,-26,61,-26" /><INIT seed="1,1,0,4,5,9" ten="602,174,189,35" oya="1" hai0="5,6,105,61,32,17,0,106,57,53,76,16,31" hai1="108,63,85,86,75,112,23,104,84,88,7,30,135" hai2="48,72,45,132,128,91,49,44,25,12,121,92,37" hai3="116,29,109,58,124,34,127,26,129,42,8,107,122"/><U115/><E75/><V126/><F121/><W19/><G42/><T80/><D32/><U35/><E35/><V62/><F72/><W110/><G107/><T3/><D31/><U38/><E38/><V134/><F126/><N who="3" m="48171" /><G122/><T67/><D3/><U73/><E73/><V36/><F128/><W28/><G28/><T100/><D0/><U14/><E104/><V133/><F25/><W21/><G129/><T93/><D67/><U2/><E2/><V70/><F12/><N who="3" m="7559" /><G58/><T43/><D43/><U95/><E135/><V18/><F18/><W77/><G77/><T55/><D93/><U102/><E102/><V125/><F125/><W118/><G34/><T4/><D100/><U99/><E63/><V1/><F1/><W59/><G59/><T69/><D69/><U111/><E30/><V71/><F92/><W60/><G60/><T66/><D105/><U20/><E20/><V114/><F91/><W90/><G90/><T103/><D103/><U79/><E79/><V41/><F114/><W96/><G96/><T50/><D106/><U74/><E74/><V101/><F101/><W40/><G40/><T83/><D66/><U89/><E89/><V113/><F113/><W52/><G52/><T117/><D117/><AGARI ba="1,0" hai="21,26,29,109,110,116,117,118" m="7559,48171" machi="117" ten="30,8000,1" yaku="12,1,18,1,34,2,52,1" doraHai="9" who="3" fromWho="0" sc="602,-83,174,0,189,0,35,83" /><INIT seed="2,0,0,3,0,98" ten="519,174,189,118" oya="2" hai0="70,48,55,35,128,60,66,106,23,13,102,135,122" hai1="80,97,115,132,69,108,46,114,63,127,118,26,37" hai2="111,124,62,120,27,86,25,72,85,100,28,11,91" hai3="57,52,119,79,17,50,10,110,67,88,81,0,49"/><V6/><F120/><W36/><G36/><T58/><D35/><U133/><E114/><V42/><F72/><W92/><G119/><T29/><D122/><U5/><E118/><V4/><F124/><W61/><G110/><T3/><D3/><U71/><E115/><V101/><F111/><W121/><G121/><T74/><D74/><U54/><E127/><V131/><F131/><W117/><G117/><T84/><D135/><N who="1" m="51787" /><E108/><V40/><F62/><W33/><G33/><T116/><D106/><U9/><E26/><N who="2" m="9739" /><F28/><W47/><G0/><T87/><D29/><U134/><N who="1" m="51795" /><U51/><DORA hai="2" /><E80/><N who="2" m="49575" /><F86/><N who="3" m="48447" /><G49/><T77/><D87/><U99/><E37/><V41/><F11/><W59/><G10/><T31/><D23/><U73/><E73/><V126/><F126/><W68/><G68/><N who="1" m="26186" /><E63/><V38/><F38/><W78/><G78/><T76/><D84/><U103/><E103/><AGARI ba="0,0" hai="4,6,40,41,42,100,101,103" m="49575,9739" machi="103" ten="30,18000,2" yaku="8,1,52,5" doraHai="98,2" who="2" fromWho="1" sc="519,0,174,-180,189,180,118,0" owari="519,62.0,-6,-51.0,369,17.0,118,-28.0" /></mjloggm>