<mjloggm ver="2.3"><GO type="193" lobby="0"/><UN n0="%45%53%4F%59%41%44%45%45" n1="%E7%9F%B3%E3%83%A0%E3%83%BC%E3%83%B3" n2="%4C%63%64%34%34%30" n3="%E5%B0%B1%E6%B4%BB%E7%94%9F%40%E5%B7%9D%E6%9D%91%E8%BB%8D%E5%9B%A3" dan="12,10,11,11" rate="1871.68,1758.93,1771.79,1730.81" sx="M,M,M,M"/><TAIKYOKU oya="0"/><INIT seed="0,0,0,2,4,9" ten="250,250,250,250" oya="0" hai0="132,64,72,106,42,47,110,4,52,113,95,20,117" hai1="3,108,8,68,91,119,83,77,30,74,34,127,11" hai2="121,44,46,116,60,51,61,131,13,133,105,36,50" hai3="112,28,7,25,73,43,99,22,126,66,80,129,15"/><T94/><D113/><U54/><E54/><V59/><F105/><W65/><G112/><T92/><D117/><U79/><E79/><V107/><F107/><W84/><G73/><T21/><D106/><U41/><E91/><V71/><F121/><W1/><G1/><T104/><D104/><U0/><E11/><V120/><F120/><W109/><G109/><T124/><D132/><U37/><E108/><V78/><F78/><W18/><G126/><T23/><D110/><U12/><E127/><V10/><F116/><W130/><G7/><T35/><D35/><U125/><E125/><V63/><F133/><W75/><G75/><T33/><D33/><U16/><E68/><V114/><F114/><W26/><G43/><T134/><D134/><U62/><E62/><V89/><F71/><W45/><G45/><N who="2" m="17513" /><F36/><W6/><G6/><T81/><D124/><U122/><E119/><V76/><F76/><W123/><G26/><T57/><D64/><U82/><E122/><V55/><F55/><W111/><G111/><T39/><D72/><U14/><E82/><V118/><F118/><W70/><G99/><T40/><D40/><U103/><E41/><V100/><F100/><W29/><G29/><T86/><D4/><N who="1" m="3079" /><E37/><V135/><F135/><W56/><G70/><T49/><REACH who="0" step="1"/><D95/><REACH who="0" ten="240,250,250,250" step="2"/><U90/><E34/><V88/><F131/><W27/><G66/><T24/><D24/><U93/><E93/><V85/><F59/><W17/><G65/><T96/><D96/><U53/><E74/><V48/><F85/><W98/><G56/><T67/><D67/><U87/><E87/><RYUUKYOKU ba="0,1" sc="240,15,250,-15,250,15,250,-15" hai0="20,21,23,39,42,47,49,52,57,81,86,92,94" hai2="10,13,48,50,51,60,61,63,88,89" /><INIT seed="0,1,1,1,5,31" ten="255,235,265,235" oya="0" hai0="110,70,69,105,56,6,125,16,122,88,135,2,26" hai1="36,27,51,49,96,48,44,82,4,84,66,21,107" hai2="89,17,81,61,119,78,35,108,37,103,13,128,34" hai3="20,131,63,7,39,18,72,73,38,133,10,92,45"/><T64/><D122/><U5/><E66/><V91/><F37/><W85/><G131/><T67/><D135/><U95/><E107/><V65/><F119/><W58/><G133/><T46/><D105/><U57/><E57/><V113/><F108/><W83/><G92/><T127/><D6/><N who="1" m="2667" /><E36/><V114/><F128/><W130/><G130/><T101/><D2/><U32/><E32/><V97/><F113/><W77/><G45/><T53/><D101/><N who="1" m="60575" /><E44/><V132/><F114/><W86/><G38/><T100/><D100/><U75/><E75/><V102/><F132/><W109/><G39/><T99/><D46/><U24/><E21/><V112/><F112/><W14/><G73/><T62/><D110/><U28/><E28/><V90/><F78/><AGARI ba="1,1" hai="24,27,48,49,51,78,82,84" m="60575,2667" machi="78" ten="30,1000,0" yaku="8,1" doraHai="31" who="1" fromWho="2" sc="255,0,235,23,265,-13,235,0" /><INIT seed="1,0,0,2,4,11" ten="255,258,252,235" oya="1" hai0="22,42,90,14,123,32,121,110,134,97,133,54,0" hai1="72,45,102,34,127,67,78,55,15,28,108,117,79" hai2="115,74,29,132,33,93,56,61,71,100,23,89,80" hai3="12,41,36,120,85,125,99,38,103,26,82,8,59"/><U94/><E117/><V73/><F71/><W19/><G120/><N who="0" m="46155" /><D32/><U81/><E34/><V53/><F33/><W130/><G125/><T111/><D0/><U83/><E28/><V129/><F115/><W40/><G130/><T69/><D69/><U106/><E106/><V113/><F129/><W63/><G38/><T88/><D42/><U43/><E67/><V1/><F1/><W131/><G36/><T76/><D76/><N who="1" m="29227" /><E72/><V77/><F113/><W39/><G39/><T25/><D54/><U86/><E108/><N who="0" m="41513" /><D97/><N who="1" m="59703" /><E127/><V75/><F100/><W116/><G131/><T46/><D46/><U118/><E118/><V7/><F7/><W2/><G2/><T122/><N who="0" m="46163" /><T47/><DORA hai="87" /><D47/><U126/><E126/><V64/><F64/><W51/><G51/><T27/><D14/><U21/><E43/><V52/><F53/><W112/><G26/><N who="0" m="9739" /><D22/><U66/><E66/><V10/><F10/><W13/><G116/><T18/><D18/><N who="1" m="10463" /><E86/><V68/><F68/><W135/><G112/><T44/><D44/><U114/><E114/><V109/><F109/><W91/><G41/><T124/><D124/><U58/><E45/><V24/><F132/><AGARI ba="0,0" hai="88,90,132,133,134" m="9739,41513,46163" machi="132" ten="50,16000,3" yaku="28,2,20,1,13,1,14,1,52,2,54,1" doraHai="11,87" who="0" fromWho="2" sc="255,160,258,0,252,-160,235,0" /><INIT seed="2,0,0,5,3,108" ten="415,258,92,235" oya="2" hai0="9,48,21,57,84,6,72,100,114,35,64,61,2" hai1="113,13,117,66,19,119,60,131,134,83,4,55,122" hai2="75,34,70,49,81,125,39,38,59,88,8,102,16" hai3="96,116,43,133,54,45,51,47,82,46,40,91,115"/><V50/><F34/><W94/><G116/><T98/><D72/><U26/><E122/><V63/><F102/><W29/><G133/><T93/><D35/><U67/><E134/><V99/><F125/><W135/><G135/><T65/><D48/><N who="2" m="18538" /><F70/><W37/><G29/><T127/><D127/><U118/><E113/><V28/><F75/><W107/><G107/><T71/><D71/><U97/><E4/><V132/><F132/><W126/><G126/><T80/><D65/><U120/><E26/><V7/><F39/><W25/><G25/><T12/><D2/><U0/><E0/><V112/><F112/><W90/><G115/><T56/><D114/><U86/><E120/><V129/><F129/><W124/><G124/><T24/><D57/><U23/><E131/><V30/><F38/><W27/><G27/><T109/><D109/><U41/><E41/><V111/><F111/><W52/><G46/><T11/><D11/><U69/><E97/><V104/><F104/><W79/><REACH who="3" step="1"/><G91/><REACH who="3" ten="415,258,92,225" step="2"/><T53/><D24/><U1/><E119/><V36/><F36/><W17/><G17/><T62/><D6/><U95/><E118/><V42/><F7/><W103/><G103/><T110/><D100/><U44/><E117/><V18/><F30/><W58/><G58/><T32/><D56/><N who="1" m="34847" /><E69/><V22/><F8/><W5/><G5/><T15/><D110/><U3/><E44/><V20/><F28/><W105/><G105/><T10/><D10/><U89/><E3/><V85/><F99/><W74/><AGARI ba="0,1" hai="37,40,43,45,47,51,52,54,74,79,82,90,94,96" machi="74" ten="20,8000,1" yaku="1,1,0,1,7,1,54,1,53,1" doraHai="108" doraHaiUra="87" who="3" fromWho="3" sc="415,-20,258,-20,92,-40,225,90" /><INIT seed="3,0,0,3,0,60" ten="395,238,52,315" oya="3" hai0="1,23,31,115,25,61,118,124,77,43,40,95,12" hai1="38,10,24,59,63,21,131,65,28,26,125,15,119" hai2="36,34,80,41,121,29,56,134,116,47,72,81,67" hai3="90,133,120,99,127,64,62,4,98,86,96,91,110"/><W126/><G120/><T14/><D1/><U48/><E125/><N who="3" m="47626" /><G4/><T18/><D124/><U103/><E131/><V0/><F0/><W42/><G42/><T85/><D118/><U66/><E38/><V84/><F121/><W123/><G123/><T105/><D115/><U68/><E119/><V88/><F116/><W53/><G53/><T79/><D105/><U122/><E122/><V8/><F134/><W73/><G73/><T113/><D113/><U109/><E109/><V93/><F8/><W130/><G130/><T32/><D14/><U74/><E74/><V16/><F34/><W101/><G133/><T22/><D32/><U76/><E76/><V83/><F29/><W92/><G110/><T17/><D31/><U54/><E103/><V132/><F132/><W117/><G117/><T78/><D61/><U71/><E24/><V114/><F114/><W57/><G91/><AGARI ba="0,0" hai="12,17,18,22,23,25,40,43,77,78,79,85,91,95" machi="91" ten="40,1300,0" yaku="8,1" doraHai="60" who="0" fromWho="3" sc="395,13,238,0,52,0,315,-13" owari="408,51.0,238,-16.0,52,-45.0,302,10.0" /></mjloggm>