<mjloggm ver="2.3"><GO type="97" lobby="0"/><UN n0="%72%63%70%62" n1="%61%6F%6E%61%6F" n2="%E5%B0%B1%E6%B4%BB%E7%94%9F%40%E5%B7%9D%E6%9D%91%E8%BB%8D%E5%9B%A3" n3="%E2%97%86%E3%82%82%E3%81%86%E3%82%89%E2%97%86" dan="15,14,13,14" rate="2023.33,1830.59,1912.85,1942.72" sx="M,M,M,M"/><TAIKYOKU oya="0"/><INIT seed="0,0,0,2,0,8" ten="250,250,250,250" oya="0" hai0="132,2,79,107,29,72,115,42,94,74,63,110,25" hai1="133,58,12,46,3,51,81,50,112,57,71,92,15" hai2="11,22,111,75,47,9,82,122,10,80,4,87,61" hai3="34,91,7,131,27,17,18,6,89,33,101,124,5"/><T62/><D107/><U135/><E3/><V44/><F122/><W70/><G101/><T19/><D2/><U100/><E71/><V84/><F111/><W24/><G70/><T52/><D115/><U118/><E118/><V16/><F75/><W1/><G1/><T109/><D42/><N who="1" m="24919" /><E112/><V125/><F125/><W0/><G0/><T93/><D132/><N who="1" m="50763" /><E81/><N who="2" m="31339" /><F61/><W40/><G40/><T127/><D127/><U54/><E58/><V53/><F53/><W97/><G97/><AGARI ba="0,0" hai="12,15,51,54,57,92,97,100" m="50763,24919" machi="97" ten="30,3900,0" yaku="20,1,52,2" doraHai="8" who="1" fromWho="3" sc="250,0,250,39,250,0,250,-39" /><INIT seed="1,0,0,2,5,35" ten="250,289,250,211" oya="1" hai0="37,126,88,118,20,65,38,2,46,115,33,125,31" hai1="100,61,12,73,63,26,68,111,107,6,53,56,78" hai2="109,130,134,120,50,117,112,71,108,135,59,10,97" hai3="91,81,105,62,85,18,82,57,8,90,70,116,74"/><U113/><E113/><V43/><F97/><W93/><G70/><T54/><D33/><U3/><E3/><V72/><F72/><W48/><G116/><T69/><D115/><U7/><E107/><V30/><F30/><W28/><G28/><T39/><D118/><U24/><E100/><V41/><F10/><W86/><G105/><T106/><D106/><U83/><E68/><V67/><F112/><W75/><G93/><T79/><D79/><U9/><E111/><N who="2" m="42571" /><F120/><W122/><G122/><T5/><D65/><U99/><E99/><V131/><F71/><W77/><G77/><T25/><D69/><U32/><E32/><V29/><F29/><W1/><G48/><T104/><D104/><U47/><E7/><V51/><F117/><W14/><REACH who="3" step="1"/><G1/><REACH who="3" ten="250,289,250,201" step="2"/><T132/><D2/><N who="1" m="215" /><E78/><V110/><F110/><W121/><G121/><T76/><D76/><U98/><E83/><V16/><F51/><W52/><AGARI ba="0,1" hai="8,14,18,52,57,62,74,75,81,82,85,86,90,91" machi="52" ten="20,8000,1" yaku="1,1,0,1,7,1,9,1,54,1,53,0" doraHai="35" doraHaiUra="64" who="3" fromWho="3" sc="250,-20,289,-40,250,-20,201,90" /><INIT seed="2,0,0,3,5,66" ten="230,249,230,291" oya="2" hai0="98,127,48,46,112,92,106,54,90,84,37,12,28" hai1="6,72,55,43,117,118,52,2,21,71,109,83,128" hai2="51,120,34,13,8,22,3,4,33,105,134,53,47" hai3="64,67,7,32,20,114,91,41,14,78,97,123,96"/><V26/><F105/><W27/><G32/><T59/><D112/><U122/><E122/><V62/><F120/><W70/><G123/><T101/><D127/><U77/><E128/><V42/><F134/><W129/><G114/><T63/><D37/><U25/><E109/><V5/><F5/><W35/><G41/><T75/><D28/><U11/><E71/><V107/><F107/><W119/><G119/><T29/><D29/><U110/><E110/><V16/><F42/><W15/><G78/><T58/><D75/><U18/><REACH who="1" step="1"/><E43/><REACH who="1" ten="230,239,230,291" step="2"/><V19/><REACH who="2" step="1"/><F62/><REACH who="2" ten="230,239,220,291" step="2"/><W30/><G129/><T102/><D63/><U9/><E9/><AGARI ba="0,2" hai="3,4,8,9,13,16,19,22,26,33,34,47,51,53" machi="9" ten="30,11600,0" yaku="1,1,2,1,7,1,54,1,53,0" doraHai="66" doraHaiUra="130" who="2" fromWho="1" sc="230,0,239,-116,220,136,291,0" /><INIT seed="2,1,0,5,0,98" ten="230,123,356,291" oya="2" hai0="86,6,61,88,104,133,58,30,85,23,90,59,37" hai1="106,118,60,12,8,87,120,43,32,38,69,119,57" hai2="15,93,66,52,34,9,4,107,0,112,131,1,102" hai3="91,92,73,21,81,114,113,50,99,74,124,3,71"/><V22/><F107/><W130/><G71/><T72/><D72/><N who="3" m="27753" /><G50/><T68/><D37/><U19/><E32/><V105/><F34/><W62/><G21/><T122/><D104/><U44/><E69/><V103/><F105/><W64/><G3/><T20/><D133/><U111/><E111/><V16/><F112/><N who="3" m="43115" /><G130/><T126/><D126/><U49/><E106/><V123/><F123/><W25/><G25/><N who="0" m="16679" /><D122/><U27/><E120/><V24/><F131/><W47/><G47/><T67/><D68/><U110/><E110/><V39/><F39/><W35/><G35/><T83/><D6/><U5/><E38/><V53/><F66/><W42/><G42/><T100/><D58/><U54/><E119/><V70/><F70/><N who="3" m="42263" /><G124/><T97/><D23/><U56/><E118/><V127/><F127/><W79/><G79/><N who="0" m="46335" /><D86/><U45/><E87/><V33/><F93/><W132/><G132/><T77/><D77/><U13/><E27/><V31/><F0/><W28/><G28/><T63/><D63/><U51/><E57/><V48/><F53/><W18/><G81/><T84/><D84/><U14/><REACH who="1" step="1"/><E19/><AGARI ba="1,0" hai="18,19,91,92,99" m="42263,43115,27753" machi="19" ten="30,1000,0" yaku="11,1" doraHai="98" who="3" fromWho="1" sc="230,0,123,-13,356,0,291,13" /><INIT seed="3,0,0,0,1,55" ten="230,110,356,304" oya="3" hai0="22,67,83,61,72,127,114,134,124,36,34,111,105" hai1="53,46,57,38,78,121,85,93,71,120,80,58,15" hai2="92,16,119,98,30,108,95,25,97,27,6,23,90" hai3="89,29,100,40,28,24,102,122,18,74,48,0,77"/><W128/><G0/><T94/><D22/><U7/><E71/><V50/><F108/><W4/><G122/><T2/><D61/><U33/><E33/><V32/><F119/><W131/><G4/><T12/><D12/><U126/><E38/><V117/><F117/><W3/><G3/><T54/><D54/><U52/><E126/><V112/><F112/><W21/><G89/><T118/><D94/><U26/><E121/><V44/><F6/><W103/><G77/><T69/><D67/><U11/><E120/><V86/><F95/><W125/><G74/><T9/><D83/><U106/><E106/><V65/><F65/><W45/><REACH who="3" step="1"/><G125/><REACH who="3" ten="230,110,356,294" step="2"/><T107/><D127/><U115/><E115/><V82/><F92/><W130/><AGARI ba="0,1" hai="18,21,24,28,29,40,45,48,100,102,103,128,130,131" machi="130" ten="40,12000,1" yaku="1,1,2,1,0,1,19,1,53,0" doraHai="55" doraHaiUra="60" who="3" fromWho="3" sc="230,-40,110,-40,356,-40,294,130" owari="190,-21.0,70,-43.0,316,12.0,424,52.0" /></mjloggm>