<mjloggm ver="2.3"><GO type="97" lobby="0"/><UN n0="%6D%75%75%6E%6E" n1="%E3%82%A6%E3%83%AB%E3%83%88%E3%83%A9%E7%AB%8B%E7%9B%B4" n2="%68%61%74%75%5F" n3="%75%6E%6B" dan="15,14,15,14" rate="2053.74,1956.92,2020.81,1996.17" sx="M,M,M,M"/><TAIKYOKU oya="0"/><INIT seed="0,0,0,0,3,13" ten="250,250,250,250" oya="0" hai0="91,111,5,112,119,81,68,9,35,67,22,4,11" hai1="57,33,133,92,2,88,125,21,87,104,120,65,26" hai2="1,78,117,100,93,74,131,94,124,51,135,7,77" hai3="116,19,32,24,43,37,86,55,102,123,60,54,69"/><T62/><D119/><U76/><E120/><V56/><F117/><W58/><G116/><T109/><D35/><U44/><E104/><V27/><F131/><W64/><G123/><T129/><D112/><U72/><E33/><V36/><F36/><W12/><G86/><N who="0" m="50639" /><D129/><U99/><E2/><V29/><F124/><W23/><G102/><T53/><D53/><U10/><E125/><V48/><F135/><W3/><G3/><T82/><D82/><U106/><E133/><V101/><F1/><W95/><G95/><N who="2" m="36361" /><F74/><W90/><G90/><T118/><D118/><U41/><E106/><V89/><F7/><N who="0" m="2634" /><D22/><U103/><E72/><V126/><F126/><W66/><G66/><T17/><D17/><N who="1" m="12591" /><E10/><V6/><F6/><W115/><G115/><T84/><D84/><U114/><E114/><V128/><F128/><W127/><G127/><T97/><D97/><U30/><E30/><V75/><F75/><W25/><G32/><T105/><D105/><U107/><E107/><V121/><F121/><W49/><REACH who="3" step="1"/><G55/><REACH who="3" ten="250,250,250,240" step="2"/><T79/><D79/><U38/><E76/><V34/><F77/><W50/><G50/><T16/><D67/><U8/><E103/><V85/><F78/><W0/><G0/><T42/><D109/><U28/><E87/><V15/><F100/><W46/><AGARI ba="0,1" hai="12,19,23,24,25,37,43,46,49,54,58,60,64,69" machi="46" ten="30,12000,2" yaku="1,1,0,1,24,2,52,1,53,1" doraHai="13" doraHaiUra="52" who="3" fromWho="3" sc="250,-60,250,-30,250,-30,240,130" /><INIT seed="1,0,0,4,3,100" ten="190,220,220,370" oya="1" hai0="119,10,80,33,98,25,89,85,76,129,120,24,109" hai1="18,77,105,55,15,47,56,90,73,88,48,27,118" hai2="44,96,5,111,20,12,97,93,63,112,117,108,87" hai3="11,75,53,39,6,130,3,115,58,19,59,23,62"/><U69/><E69/><V34/><F117/><W134/><G115/><T2/><D119/><U68/><E68/><V81/><F34/><W41/><G130/><T30/><D109/><N who="2" m="42058" /><F112/><W66/><G134/><T103/><D129/><U42/><E118/><V37/><F63/><W13/><G75/><T51/><D120/><U101/><E27/><V121/><F121/><W49/><G41/><T40/><D24/><U7/><E7/><V127/><F127/><W107/><REACH who="3" step="1"/><G39/><REACH who="3" ten="190,220,220,360" step="2"/><T60/><D40/><U131/><E131/><V38/><F37/><W82/><G82/><T52/><D80/><U16/><E73/><V102/><F81/><W79/><G79/><T126/><D76/><U135/><E77/><V116/><F38/><W106/><AGARI ba="0,1" hai="3,6,11,13,19,23,49,53,58,59,62,66,106,107" machi="106" ten="30,7900,0" yaku="1,1,0,1,52,2,53,0" doraHai="100" doraHaiUra="110" who="3" fromWho="3" sc="190,-20,220,-39,220,-20,360,89" /><INIT seed="2,0,0,2,1,75" ten="170,181,200,449" oya="2" hai0="52,6,107,109,55,33,135,110,14,5,112,22,79" hai1="89,18,104,83,47,19,66,65,48,58,88,56,74" hai2="134,92,115,27,86,69,51,29,76,59,96,95,0" hai3="53,84,123,72,102,37,120,17,8,80,70,32,10"/><V99/><F115/><W100/><G72/><T39/><D112/><U43/><E104/><V64/><F0/><W91/><G70/><T26/><D33/><U121/><E121/><V124/><F69/><W25/><G37/><T13/><D107/><U23/><E74/><V36/><F36/><W129/><G129/><T21/><D39/><U85/><E89/><V62/><F124/><W81/><G53/><N who="0" m="20555" /><D135/><U77/><E77/><V78/><F134/><W130/><G130/><T44/><D44/><U127/><E127/><V114/><F114/><W125/><G125/><T40/><D40/><U45/><E45/><V97/><F51/><W90/><G17/><N who="0" m="10423" /><D79/><N who="2" m="30250" /><F86/><W9/><G25/><T3/><D3/><U67/><REACH who="1" step="1"/><E19/><REACH who="1" ten="170,171,200,449" step="2"/><V57/><F57/><W106/><G106/><T34/><D109/><U111/><E111/><V68/><F68/><W28/><G28/><N who="0" m="17495" /><D110/><U98/><E98/><V82/><F82/><W103/><G32/><T1/><D34/><U15/><AGARI ba="0,1" hai="15,18,23,43,47,48,56,58,65,66,67,83,85,88" machi="15" ten="30,7900,0" yaku="1,1,0,1,8,1,54,1,53,0" doraHai="75" doraHaiUra="108" who="1" fromWho="1" sc="170,-20,171,89,200,-39,449,-20" /><INIT seed="3,0,0,1,5,37" ten="150,260,161,429" oya="3" hai0="6,99,12,91,111,15,75,59,82,101,94,67,50" hai1="35,9,58,27,110,126,86,113,118,19,87,68,119" hai2="92,89,1,21,48,121,114,57,41,81,55,96,54" hai3="73,103,17,112,60,31,33,49,102,11,76,88,78"/><W133/><G112/><T115/><D111/><U56/><E58/><V18/><F114/><W107/><G133/><T39/><D39/><U109/><E56/><N who="2" m="32839" /><F1/><W108/><G108/><N who="1" m="41578" /><E68/><V29/><F121/><W129/><G129/><T62/><D115/><U117/><E113/><V53/><F41/><W5/><G49/><T26/><D6/><U134/><E86/><N who="2" m="50383" /><F29/><W0/><G60/><T69/><D26/><U63/><E87/><V25/><F57/><W4/><G4/><T36/><D36/><U95/><E63/><V83/><F83/><W16/><G78/><T135/><D135/><U105/><E95/><V30/><F30/><W7/><G7/><T124/><D124/><U130/><E105/><V132/><F132/><W51/><G51/><T28/><D28/><N who="1" m="19871" /><E134/><V74/><F74/><W44/><G44/><T98/><D75/><U128/><E126/><V45/><F45/><W131/><G107/><T34/><D34/><U20/><E9/><V8/><F8/><W85/><G73/><T42/><D82/><U120/><E120/><V22/><F21/><W97/><G76/><T116/><D116/><U13/><E128/><V71/><F71/><W46/><G46/><N who="0" m="25943" /><D69/><U2/><E130/><V66/><F66/><W38/><G131/><T77/><D77/><U104/><E104/><V24/><F24/><W65/><G65/><T52/><D67/><U47/><E47/><V64/><F64/><W125/><G125/><T122/><D122/><U72/><E72/><V40/><F40/><W84/><G0/><AGARI ba="0,0" hai="0,2,13,19,20,117,118,119" m="19871,41578" machi="0" ten="40,8000,1" yaku="12,1,14,1,34,2" doraHai="37" who="1" fromWho="3" sc="150,0,260,80,161,0,429,-80" owari="150,-35.0,340,14.0,161,-24.0,349,45.0" /></mjloggm>