<mjloggm ver="2.3"><GO type="169" lobby="0"/><UN n0="%E9%9C%A7%E9%9B%A8%E9%AD%94%E7%90%86%E6%B2%99" n1="%E3%81%99%E3%81%9F%E3%83%BC%E3%82%89%E3%81%84%E3%81%A8%E3%81%B3%E3%83%BC" n2="%E3%82%A6%E3%83%AB%E3%83%88%E3%83%A9%E7%AB%8B%E7%9B%B4" n3="%28%EF%BF%A3%28%E5%B7%A5%29%EF%BF%A3%29" dan="17,16,17,16" rate="2139.91,2156.62,2133.85,2133.41" sx="F,M,M,M"/><TAIKYOKU oya="0"/><INIT seed="0,0,0,4,1,93" ten="250,250,250,250" oya="0" hai0="9,42,101,4,115,29,135,52,55,119,68,103,37" hai1="129,60,17,114,112,12,108,100,63,85,126,82,26" hai2="67,50,15,49,27,64,33,74,39,28,2,43,13" hai3="23,79,3,106,96,53,91,32,16,66,98,70,121"/><T47/><D115/><U83/><E108/><V116/><F2/><W117/><G32/><T78/><D119/><U34/><E129/><V99/><F74/><W25/><G3/><T89/><D68/><U97/><E126/><V127/><F127/><W46/><G121/><T75/><D29/><U111/><E111/><V102/><F116/><W124/><G124/><T131/><D135/><U76/><E83/><V86/><F39/><W20/><G117/><T123/><D123/><U77/><E77/><V18/><F15/><W7/><G7/><T84/><D84/><U92/><E26/><V118/><F86/><W41/><G79/><T69/><D69/><U104/><E34/><V130/><F130/><W125/><G106/><T122/><D89/><U10/><REACH who="1" step="1"/><E104/><REACH who="1" ten="250,240,250,250" step="2"/><V19/><F118/><W73/><G125/><T61/><D131/><U58/><E58/><V38/><F27/><W0/><G70/><T30/><D122/><U107/><E107/><V95/><F33/><W65/><G73/><T132/><D132/><U128/><E128/><V51/><F28/><W113/><G113/><AGARI ba="0,1" hai="10,12,17,60,63,76,82,85,92,97,100,112,113,114" machi="113" ten="40,8000,1" yaku="1,1,11,1,52,1,53,1" doraHai="93" doraHaiUra="90" who="1" fromWho="3" sc="250,0,240,90,250,0,250,-80" /><INIT seed="1,0,0,4,1,111" ten="250,330,250,170" oya="1" hai0="90,50,46,14,74,120,19,119,113,41,115,116,49" hai1="60,16,84,24,94,134,40,12,21,3,89,85,132" hai2="10,101,97,100,37,68,28,131,47,23,123,7,112" hai3="51,78,65,33,31,124,69,43,95,42,121,0,87"/><U91/><E3/><V71/><F123/><W30/><G121/><T26/><D74/><U1/><E1/><V126/><F126/><W4/><G124/><T66/><D120/><U83/><E40/><V79/><F79/><W104/><G104/><T53/><D26/><U29/><REACH who="1" step="1"/><E60/><REACH who="1" ten="250,320,250,170" step="2"/><V107/><F131/><W103/><G43/><T62/><D116/><U13/><E13/><V35/><F35/><AGARI ba="0,1" hai="12,16,21,24,29,35,83,84,85,89,91,94,132,134" machi="35" ten="40,12000,1" yaku="1,1,54,1,53,2" doraHai="111" doraHaiUra="82" who="1" fromWho="2" sc="250,0,320,130,250,-120,170,0" /><INIT seed="1,1,0,2,1,51" ten="250,450,130,170" oya="1" hai0="25,119,95,61,118,6,15,133,116,127,9,101,109" hai1="90,52,80,99,79,97,125,81,82,23,76,107,12" hai2="54,11,132,108,65,26,64,27,49,114,88,135,68" hai3="83,131,45,110,31,69,123,19,63,16,35,70,73"/><U55/><E125/><V98/><F11/><W128/><G123/><T3/><D127/><U92/><E107/><V104/><F104/><W121/><G121/><T4/><D109/><U78/><E99/><V100/><F100/><W53/><G110/><T2/><D133/><N who="2" m="51274" /><F108/><W5/><G5/><N who="0" m="2155" /><D61/><U106/><E106/><V36/><F36/><W126/><G126/><T57/><D57/><U71/><E71/><N who="3" m="27146" /><G83/><T74/><D95/><U1/><E1/><N who="0" m="9" /><D101/><U85/><E97/><V14/><F14/><W115/><G73/><T84/><D84/><U112/><E112/><V113/><F27/><N who="3" m="18943" /><G115/><N who="2" m="44041" /><F26/><W66/><G66/><T39/><D39/><U134/><E134/><V94/><F68/><W105/><G105/><T44/><D25/><U10/><E23/><V40/><F40/><W18/><G45/><AGARI ba="1,0" hai="45,49,54,64,65,88,94,98" m="44041,51274" machi="45" ten="30,7700,0" yaku="20,1,11,1,52,1,54,1" doraHai="51" who="2" fromWho="3" sc="250,0,450,0,130,80,170,-80" /><INIT seed="2,0,0,4,1,48" ten="250,450,210,90" oya="2" hai0="36,63,95,39,57,75,15,101,6,91,93,67,51" hai1="16,30,108,98,13,8,24,34,69,76,43,71,40" hai2="134,97,49,115,129,28,122,33,74,121,132,9,32" hai3="102,52,18,27,107,5,81,4,73,1,59,44,19"/><V56/><F74/><W104/><G44/><T55/><D75/><U103/><E76/><V66/><F115/><W77/><G18/><T113/><D113/><U88/><E108/><V7/><F97/><W100/><G107/><T118/><D101/><U133/><E133/><N who="2" m="51307" /><F66/><W25/><G104/><T70/><D118/><U58/><E71/><V135/><F135/><W2/><G2/><T17/><D6/><U35/><E35/><N who="2" m="13387" /><F28/><W85/><G73/><T130/><D130/><U109/><E69/><V92/><F92/><W72/><G72/><T120/><D120/><U99/><E109/><V68/><F68/><W10/><G4/><T11/><REACH who="0" step="1"/><D95/><REACH who="0" ten="240,450,210,90" step="2"/><U37/><E103/><V50/><F129/><W96/><G96/><AGARI ba="0,1" hai="11,15,17,36,39,51,55,57,63,67,70,91,93,96" machi="96" ten="30,8000,1" yaku="1,1,2,1,7,1,52,1,53,1" doraHai="48" doraHaiUra="84" who="0" fromWho="3" sc="240,90,450,0,210,0,90,-80" /><INIT seed="3,0,0,4,4,32" ten="330,450,210,10" oya="3" hai0="60,131,67,8,71,124,85,55,9,94,105,14,96" hai1="133,111,79,51,117,27,132,24,123,69,135,120,93" hai2="130,12,22,102,65,5,66,1,11,126,61,121,128" hai3="91,26,113,33,19,99,100,107,112,63,76,78,56"/><W73/><G19/><T97/><D105/><U72/><E111/><V54/><F121/><W86/><G26/><N who="1" m="9770" /><E117/><V119/><F119/><W45/><G33/><T36/><D36/><U37/><E37/><V20/><F126/><W2/><G45/><T42/><D42/><U16/><E93/><V75/><F75/><W35/><G35/><T48/><D131/><N who="2" m="50218" /><F102/><W44/><G44/><T125/><D85/><U29/><E29/><V122/><F122/><W18/><G18/><N who="0" m="8519" /><D9/><U25/><E79/><V31/><F31/><W34/><G2/><T4/><D94/><U106/><E106/><V13/><F54/><W21/><G21/><N who="2" m="8297" /><F66/><W39/><G39/><T77/><D125/><U38/><E72/><V43/><F43/><W80/><G34/><T30/><D30/><U89/><E69/><AGARI ba="0,0" hai="1,5,11,12,13,61,65,69" m="8297,50218" machi="69" ten="30,2000,0" yaku="19,1,52,1" doraHai="32" who="2" fromWho="1" sc="330,0,450,-20,210,20,10,0" /><INIT seed="4,0,0,0,3,33" ten="330,430,230,10" oya="0" hai0="135,53,71,81,119,113,44,130,65,69,128,3,76" hai1="131,111,49,58,26,12,14,101,2,35,11,51,61" hai2="126,57,75,28,1,47,55,54,97,30,134,68,40" hai3="83,48,89,4,37,0,73,78,132,129,94,64,77"/><T109/><D119/><U100/><E111/><V16/><F75/><W120/><G120/><T79/><D109/><U88/><E2/><V85/><F68/><W104/><G78/><T70/><D65/><U105/><E105/><V32/><F1/><W114/><G114/><T45/><D3/><U96/><E35/><V66/><F66/><W29/><G48/><T98/><D113/><U87/><E26/><V107/><F55/><W110/><G64/><T17/><D135/><U43/><E96/><V8/><F32/><W56/><G132/><T95/><D17/><U39/><E39/><V122/><F122/><W7/><G129/><N who="0" m="49771" /><D53/><N who="1" m="33999" /><E14/><V84/><F28/><W25/><G110/><T106/><D106/><U10/><E10/><V15/><F30/><W62/><G37/><T27/><D27/><U99/><E99/><V38/><F134/><W52/><G104/><T46/><D81/><N who="1" m="49263" /><E131/><V63/><F126/><W41/><G41/><T86/><D86/><U22/><E22/><V90/><REACH who="2" step="1"/><F90/><AGARI ba="0,0" hai="44,45,46,69,70,71,76,79,90,95,98" m="49771" machi="90" ten="40,2000,0" yaku="19,1" doraHai="33" who="0" fromWho="2" sc="330,20,430,0,230,-20,10,0" /><INIT seed="4,1,0,5,1,121" ten="350,430,210,10" oya="0" hai0="65,60,124,36,54,49,79,70,5,110,16,102,68" hai1="71,84,97,37,135,72,6,116,120,112,107,38,44" hai2="51,83,14,81,17,74,45,30,82,69,105,31,19" hai3="100,58,131,59,3,10,20,9,4,113,11,0,48"/><T41/><D5/><U52/><E72/><V127/><F69/><W87/><G100/><T35/><D35/><U126/><E71/><V106/><F74/><W28/><G131/><T8/><D70/><U90/><E6/><V130/><F130/><W122/><G122/><T104/><D79/><U21/><E116/><V24/><F127/><W47/><G113/><T42/><D124/><U98/><E21/><N who="2" m="13375" /><F106/><W96/><G96/><T99/><D110/><U53/><E97/><V76/><F76/><W62/><G87/><T15/><REACH who="0" step="1"/><D36/><REACH who="0" ten="340,430,210,10" step="2"/><U61/><E37/><V66/><F105/><W114/><G114/><T33/><D33/><U75/><E107/><V2/><F2/><W67/><G0/><T80/><D80/><U63/><E38/><V125/><F125/><W88/><G88/><T22/><D22/><U56/><E90/><V43/><F66/><W32/><G32/><T13/><D13/><U133/><E126/><V26/><F26/><N who="3" m="16455" /><G3/><T134/><D134/><U119/><E133/><V29/><F81/><W93/><G93/><T34/><D34/><U12/><E135/><V40/><F83/><W39/><G39/><T27/><D27/><U115/><E115/><V46/><F82/><W108/><G108/><T85/><D85/><U77/><E84/><V78/><F78/><W94/><G94/><T92/><D92/><U57/><E112/><V129/><F129/><W73/><G73/><T23/><D23/><U109/><E109/><V111/><F111/><W86/><G86/><T103/><D103/><U18/><E75/><V89/><F89/><W55/><G4/><RYUUKYOKU ba="1,1" sc="340,15,430,-15,210,-15,10,15" hai0="8,15,16,41,42,49,54,60,65,68,99,102,104" hai3="9,10,11,47,48,55,58,59,62,67" /><INIT seed="4,2,1,5,2,43" ten="355,415,195,25" oya="0" hai0="19,124,96,20,125,120,92,123,81,26,113,3,98" hai1="7,21,12,32,17,73,85,87,130,54,118,76,102" hai2="4,122,117,83,97,112,6,72,9,89,38,1,50" hai3="91,65,47,27,36,11,55,111,132,46,133,70,110"/><T79/><D3/><U41/><E32/><V61/><F122/><W105/><G105/><T80/><D113/><U2/><E102/><V39/><F6/><W52/><G11/><T119/><D119/><U28/><E73/><V99/><F99/><W67/><G27/><T116/><D116/><U13/><E2/><V75/><F75/><W104/><G104/><T63/><D63/><U14/><E41/><V71/><F112/><W66/><G91/><T78/><D81/><U62/><E28/><V60/><F60/><W88/><G88/><N who="0" m="55303" /><D98/><U77/><E7/><V44/><F117/><W58/><G58/><T95/><D95/><U49/><E62/><V56/><F71/><W68/><REACH who="3" step="1"/><G67/><REACH who="3" ten="355,415,195,15" step="2"/><T53/><D123/><U74/><E118/><V59/><F59/><W0/><G0/><T48/><D120/><U8/><E8/><V90/><F90/><W42/><G42/><T128/><D80/><U101/><E13/><V22/><F89/><W34/><G34/><T31/><D31/><U25/><E12/><V131/><F97/><W107/><G107/><T129/><D78/><U15/><E14/><V86/><F83/><W35/><G35/><T127/><D79/><U135/><E15/><V93/><F56/><AGARI ba="2,2" hai="19,20,26,48,53,56,124,125,127,128,129" m="55303" machi="56" ten="30,2900,0" yaku="18,1,54,1" doraHai="43" who="0" fromWho="2" sc="355,55,415,0,195,-35,15,0" /><INIT seed="4,3,0,3,4,128" ten="410,415,160,15" oya="0" hai0="63,24,84,27,52,97,132,3,121,46,16,68,43" hai1="95,30,131,99,13,133,112,108,10,48,98,113,31" hai2="14,34,94,19,125,18,8,109,124,4,93,36,38" hai3="107,101,134,72,87,103,57,59,5,110,65,118,0"/><T74/><D74/><U104/><E108/><V120/><F34/><W35/><G35/><T105/><D3/><U22/><E131/><V91/><F109/><W9/><G72/><T135/><D121/><U130/><E130/><V126/><F120/><W44/><G118/><T82/><D105/><U20/><E104/><V55/><F55/><W23/><G110/><T50/><D97/><U42/><E133/><N who="0" m="51273" /><D16/><N who="2" m="6186" /><F93/><W64/><G134/><T45/><D68/><U47/><E95/><V88/><F91/><W51/><G107/><T61/><D61/><U75/><E75/><V53/><F53/><W71/><G71/><T81/><D63/><U106/><E99/><AGARI ba="3,0" hai="4,8,14,36,38,88,94,99,124,125,126" m="6186" machi="99" ten="30,3900,0" yaku="18,1,54,2" doraHai="128" who="2" fromWho="1" sc="410,0,415,-48,160,48,15,0" /><INIT seed="5,0,0,5,2,23" ten="410,367,208,15" oya="1" hai0="123,56,9,48,126,10,54,47,26,11,7,55,6" hai1="15,134,85,105,74,41,71,16,58,66,18,2,29" hai2="78,102,121,52,46,32,77,61,3,127,96,21,119" hai3="131,62,76,87,69,60,51,95,93,79,45,59,115"/><U5/><E74/><V14/><F32/><W120/><G120/><T117/><D117/><U80/><E105/><V65/><F3/><W89/><G115/><T91/><D123/><U12/><E71/><V50/><F127/><W124/><G124/><T72/><D72/><U30/><E2/><V101/><F119/><W118/><G118/><T64/><D64/><U92/><E41/><V113/><F113/><W132/><G132/><T1/><D126/><U25/><E92/><V125/><F125/><W42/><G131/><T34/><D91/><N who="1" m="51623" /><E5/><V75/><F75/><W53/><G69/><T112/><D112/><U73/><E73/><V36/><F36/><W133/><G133/><T27/><D34/><U0/><E0/><V82/><F82/><W83/><G62/><N who="0" m="36119" /><D1/><U90/><E90/><V40/><F40/><W122/><REACH who="3" step="1"/><G122/><REACH who="3" ten="410,367,208,5" step="2"/><T44/><D44/><U43/><E134/><V114/><F61/><W108/><G108/><T99/><D99/><U28/><E43/><V31/><F96/><W17/><G17/><T13/><D6/><U63/><E18/><V100/><F121/><W33/><G33/><T22/><D7/><U94/><E94/><AGARI ba="0,1" hai="42,45,51,53,59,60,76,79,83,87,89,93,94,95" machi="94" ten="40,2600,0" yaku="1,1,8,1,53,0" doraHai="23" doraHaiUra="128" who="3" fromWho="1" sc="410,0,367,-26,208,0,5,36" /><INIT seed="6,0,0,0,4,123" ten="410,341,208,41" oya="2" hai0="37,18,127,76,90,66,71,74,8,72,86,81,120" hai1="39,4,38,57,95,84,119,15,25,129,55,6,20" hai2="64,58,13,50,31,23,77,34,60,135,89,43,56" hai3="46,83,92,14,9,88,125,29,131,99,130,79,47"/><V12/><F135/><W36/><G29/><T132/><D120/><U63/><E119/><V28/><F34/><W0/><G0/><T62/><D37/><U65/><E129/><V100/><F100/><W78/><G125/><T103/><D127/><U32/><E32/><V21/><F77/><W102/><G78/><T49/><D103/><U3/><E3/><V5/><F5/><W1/><G1/><T26/><D49/><U70/><E15/><V54/><F43/><W33/><G33/><T44/><D44/><U75/><E75/><V42/><F42/><W10/><G10/><T134/><D90/><U59/><E70/><V111/><F111/><W24/><G24/><T45/><D45/><U51/><E38/><V22/><F89/><W17/><G102/><T115/><D115/><U69/><E69/><V93/><F93/><W124/><G124/><T16/><D8/><U41/><E41/><V35/><F35/><W68/><G68/><T7/><D7/><U118/><E39/><V116/><F116/><W94/><G94/><T30/><D30/><AGARI ba="0,0" hai="12,13,21,22,23,28,30,31,50,54,56,58,60,64" machi="30" ten="40,2000,0" yaku="8,1" doraHai="123" who="2" fromWho="0" sc="410,-20,341,0,208,20,41,0" /><INIT seed="6,1,0,0,1,110" ten="390,341,228,41" oya="2" hai0="97,19,41,42,112,70,115,72,33,56,83,135,117" hai1="6,84,103,94,25,17,129,2,13,119,82,131,38" hai2="118,120,7,95,51,3,63,47,75,29,9,78,73" hai3="15,127,87,4,64,20,37,125,5,30,102,106,55"/><V45/><F120/><W74/><G37/><T100/><D70/><U71/><E71/><V34/><F118/><W76/><G74/><T113/><D117/><U88/><E38/><V53/><F78/><W92/><G64/><T46/><D33/><U65/><E65/><V67/><F29/><W23/><G106/><N who="0" m="63759" /><D135/><U122/><E119/><V68/><F34/><W111/><G111/><T77/><D46/><U133/><E133/><V134/><F134/><W10/><G55/><T126/><D126/><N who="3" m="48137" /><G76/><T60/><D19/><U114/><E25/><V66/><F66/><AGARI ba="1,0" hai="41,42,56,60,66,72,77,83,112,113,115" m="63759" machi="66" ten="30,7700,0" yaku="15,1,52,3" doraHai="110" who="0" fromWho="2" sc="390,80,341,0,228,-80,41,0" /><INIT seed="7,0,0,5,5,134" ten="470,341,148,41" oya="3" hai0="84,73,108,97,90,35,100,110,26,8,53,23,24" hai1="125,11,65,72,3,50,120,31,99,93,95,67,111" hai2="52,44,36,6,1,43,102,113,66,30,37,109,77" hai3="0,49,83,76,57,68,56,47,131,135,114,19,116"/><W17/><G135/><T39/><D73/><U122/><E125/><V87/><F113/><W10/><G114/><T61/><D39/><U32/><E93/><V46/><F6/><W105/><G68/><T86/><D35/><U103/><E72/><V124/><F1/><W15/><G105/><T18/><D26/><U82/><E82/><V25/><F124/><W12/><G0/><T130/><D130/><U128/><E50/><V123/><F66/><W133/><G133/><T94/><D8/><U127/><E127/><V63/><F102/><W34/><G34/><T106/><D86/><U88/><E103/><V38/><F109/><W132/><G132/><T78/><D78/><U16/><E65/><V2/><F2/><W104/><G104/><T101/><D101/><U45/><E67/><V59/><F46/><W112/><G112/><T42/><D42/><U80/><E45/><V27/><F27/><W115/><G115/><T40/><D40/><U70/><E70/><V96/><F96/><W89/><G131/><T79/><D79/><U85/><E128/><V81/><F123/><W71/><G71/><T107/><D107/><U121/><E3/><V91/><F77/><W117/><G116/><T129/><D129/><U74/><E32/><AGARI ba="0,0" hai="25,30,32,36,37,38,43,44,52,59,63,81,87,91" machi="32" ten="30,2000,0" yaku="7,1,54,1" doraHai="134" who="2" fromWho="1" sc="470,0,341,-20,148,20,41,0" owari="470,57.0,321,12.0,168,-23.0,41,-46.0" /></mjloggm>