<mjloggm ver="2.3"><GO type="169" lobby="0"/><UN n0="%E3%81%91%E3%82%93%31%39%37%30" n1="%E3%81%A8%E3%81%86%E3%81%8D%E3%82%82%E3%82%93" n2="%56%69%56%49" n3="%E3%82%A6%E3%83%AB%E3%83%88%E3%83%A9%E7%AB%8B%E7%9B%B4" dan="16,16,16,17" rate="2111.59,2051.53,2220.03,2183.59" sx="M,M,M,M"/><TAIKYOKU oya="0"/><INIT seed="0,0,0,4,1,125" ten="250,250,250,250" oya="0" hai0="107,50,78,28,88,51,87,23,48,135,64,33,121" hai1="30,117,21,131,46,52,7,49,104,37,82,4,11" hai2="17,74,119,20,60,105,68,120,32,77,89,76,39" hai3="42,118,101,62,43,18,10,81,35,126,94,19,111"/><T116/><D116/><U134/><E117/><V0/><F39/><W14/><G35/><T106/><D121/><U102/><E134/><V54/><F32/><W97/><G126/><T115/><D115/><U103/><E37/><V133/><F0/><W69/><G111/><T2/><D2/><U6/><E131/><V55/><F105/><W29/><G29/><T8/><D33/><U92/><E104/><V12/><F74/><W3/><G3/><T128/><D78/><U83/><E11/><V95/><F133/><W24/><G118/><T15/><D64/><U72/><E72/><V36/><F36/><W85/><G62/><T130/><D135/><U45/><E45/><V63/><F120/><W44/><G69/><T27/><D106/><U73/><E73/><V110/><F110/><W25/><G19/><T13/><D107/><U90/><E21/><V99/><F119/><W56/><G56/><T1/><D1/><U129/><E129/><N who="0" m="49769" /><D8/><U79/><E30/><V112/><F112/><W86/><G86/><T38/><D38/><U71/><E79/><N who="2" m="30283" /><F68/><W114/><G85/><T16/><D28/><U61/><E71/><V31/><F31/><W40/><G10/><T91/><D91/><U47/><E102/><V9/><F9/><W96/><G101/><T109/><D109/><U66/><E103/><V100/><F100/><W75/><G114/><T93/><AGARI ba="0,0" hai="13,15,16,23,27,48,50,51,87,88,93" m="49769" machi="93" ten="30,18000,2" yaku="19,1,52,3,54,2" doraHai="125" who="0" fromWho="0" sc="250,180,250,-60,250,-60,250,-60" /><INIT seed="0,1,0,3,5,35" ten="430,190,190,190" oya="0" hai0="86,122,42,109,73,94,57,61,60,121,98,63,5" hai1="28,114,118,48,108,76,40,99,101,38,51,10,132" hai2="110,34,11,72,123,117,0,64,4,53,119,97,20" hai3="18,87,80,14,71,21,115,92,67,16,90,85,55"/><T13/><D73/><U44/><E108/><V31/><F72/><W2/><G115/><T3/><D3/><U127/><E118/><N who="2" m="45067" /><F64/><W29/><G2/><T15/><D42/><U104/><E132/><V70/><F70/><W82/><G29/><T125/><D125/><U37/><E114/><V59/><F123/><W41/><G41/><T46/><D46/><U19/><E127/><V131/><F34/><W27/><G67/><T24/><D86/><U116/><E116/><V36/><F36/><W84/><G71/><T103/><D121/><U45/><E76/><V66/><F66/><W129/><G129/><T62/><D109/><U33/><E33/><V74/><F74/><W105/><G105/><T95/><D24/><U91/><E28/><V112/><F110/><W96/><REACH who="3" step="1"/><G55/><REACH who="3" ten="430,190,190,180" step="2"/><N who="0" m="33855" /><D122/><U111/><E111/><V79/><F131/><W22/><AGARI ba="1,1" hai="14,16,18,21,22,27,80,82,84,85,87,90,92,96" machi="22" ten="30,7900,0" yaku="1,1,0,1,8,1,54,1,53,0" doraHai="35" doraHaiUra="1" who="3" fromWho="3" sc="430,-40,190,-21,190,-21,180,92" /><INIT seed="1,0,0,2,1,122" ten="390,169,169,272" oya="1" hai0="8,103,5,39,9,44,99,134,68,40,94,128,3" hai1="28,69,45,30,60,63,20,0,6,117,114,81,130" hai2="92,100,105,107,95,2,32,57,124,135,133,126,55" hai3="37,12,46,35,91,71,118,120,66,24,13,72,102"/><U73/><E117/><V113/><F2/><W76/><G120/><T75/><D134/><N who="2" m="51210" /><F32/><W42/><G118/><T85/><D128/><U119/><E119/><V80/><F100/><W106/><G91/><T104/><D68/><U43/><E114/><V111/><F111/><W127/><G76/><T123/><D123/><U90/><E130/><V33/><F33/><W47/><G47/><T93/><D85/><U53/><E69/><V16/><F113/><W116/><G72/><T97/><D9/><U65/><E65/><V82/><F55/><W11/><G11/><T129/><D129/><U70/><E70/><V41/><F41/><W19/><G19/><T18/><D18/><U79/><E90/><V110/><F57/><W62/><G127/><N who="2" m="48681" /><F110/><W52/><G52/><T49/><D49/><U50/><E53/><V88/><F95/><W14/><G116/><T15/><D3/><U108/><E108/><V10/><F16/><W87/><G102/><T121/><D121/><U115/><E115/><V64/><F64/><W59/><G106/><N who="2" m="40457" /><F10/><W77/><G59/><T21/><D104/><U58/><E58/><V101/><F101/><W4/><G14/><T26/><D103/><U83/><E60/><V23/><F23/><W31/><G13/><T1/><D26/><N who="1" m="16455" /><E63/><V22/><F22/><W98/><G12/><T54/><D54/><U89/><E43/><V67/><F67/><W7/><G7/><T34/><D40/><U51/><E51/><V84/><AGARI ba="0,0" hai="80,82,84,88,92" m="40457,48681,51210" machi="84" ten="40,8000,1" yaku="20,1,18,1,34,2,54,1" doraHai="122" who="2" fromWho="2" sc="390,-20,169,-40,169,80,272,-20" /><INIT seed="2,0,0,3,3,29" ten="370,129,249,252" oya="2" hai0="3,97,32,119,48,76,57,117,30,73,25,128,31" hai1="104,0,79,88,95,126,90,105,125,94,106,55,39" hai2="33,68,107,7,64,98,93,85,123,49,60,10,59" hai3="45,26,114,82,54,78,12,87,9,46,135,89,15"/><V58/><F123/><W129/><G129/><T42/><D128/><U44/><E0/><V111/><F107/><W77/><G135/><T47/><D3/><U74/><E55/><V8/><F111/><W130/><G130/><T124/><D124/><N who="1" m="47723" /><E44/><V121/><F121/><W86/><G114/><T16/><D31/><U5/><E5/><V50/><F85/><W80/><G89/><N who="1" m="34410" /><E39/><V110/><F33/><W91/><G91/><T34/><D57/><U56/><E56/><V84/><F84/><W38/><G38/><T41/><D41/><U28/><E28/><V65/><F110/><W63/><G63/><T101/><D76/><U37/><E37/><V17/><F68/><W100/><G100/><T102/><D102/><U103/><E103/><N who="2" m="60879" /><F7/><W109/><G109/><T23/><D73/><U43/><E43/><V20/><F65/><W113/><G113/><T27/><REACH who="0" step="1"/><D34/><REACH who="0" ten="360,129,249,252" step="2"/><U132/><E132/><V66/><F59/><W24/><G54/><T6/><D6/><U92/><E79/><V120/><F66/><W18/><G18/><T35/><D35/><U19/><E19/><V75/><F120/><W52/><G52/><T21/><D21/><U96/><E96/><V70/><F58/><W53/><G53/><T108/><D108/><U13/><E13/><V1/><F1/><W72/><G72/><AGARI ba="0,1" hai="72,74,92,94,95,104,105,106" m="34410,47723" machi="72" ten="40,12000,2" yaku="28,2,18,1,34,2,54,1" doraHai="29" who="1" fromWho="3" sc="360,0,129,130,249,0,252,-120" /><INIT seed="3,0,0,2,5,77" ten="360,259,249,132" oya="3" hai0="20,15,117,133,84,14,80,135,31,81,129,107,48" hai1="78,72,104,27,12,43,82,112,47,5,60,42,79" hai2="17,124,87,67,73,83,95,2,10,94,114,123,92" hai3="37,128,4,29,19,99,69,39,86,130,49,36,57"/><W122/><G122/><T109/><D107/><U6/><E104/><V59/><F123/><W113/><G69/><T93/><D117/><U58/><E112/><V110/><F114/><W106/><G113/><T102/><D109/><U40/><E27/><V89/><F110/><W56/><G29/><T127/><D129/><N who="3" m="49769" /><G4/><T75/><D127/><U1/><E1/><V91/><F73/><W54/><G19/><T116/><D116/><U132/><E132/><N who="0" m="50761" /><D75/><U105/><E105/><V34/><F34/><W33/><G33/><T131/><D131/><U44/><E78/><V25/><F124/><W45/><G86/><T64/><D64/><U97/><E97/><V65/><F2/><W16/><G16/><N who="0" m="10271" /><D31/><U23/><E23/><N who="2" m="13551" /><F10/><W35/><G35/><T101/><D48/><U7/><REACH who="1" step="1"/><E12/><REACH who="1" ten="360,249,249,132" step="2"/><V125/><F125/><W28/><G28/><T98/><D14/><U22/><E22/><V108/><F108/><W53/><G106/><N who="0" m="63799" /><D102/><U24/><E24/><V90/><F67/><AGARI ba="0,1" hai="5,6,7,40,42,43,44,47,58,60,67,72,79,82" machi="67" ten="40,2600,0" yaku="1,1,52,1,53,0" doraHai="77" doraHaiUra="120" who="1" fromWho="2" sc="360,0,249,36,249,-26,132,0" /><INIT seed="4,0,0,4,3,50" ten="360,285,223,132" oya="0" hai0="66,14,120,128,61,12,7,106,35,0,3,76,132" hai1="59,36,126,131,49,130,129,34,83,75,18,112,102" hai2="45,42,31,93,77,103,30,54,63,110,70,87,85" hai3="101,25,95,133,56,44,117,119,33,108,20,115,125"/><T111/><D106/><U68/><E36/><V38/><F110/><W26/><G44/><T32/><D76/><N who="1" m="44447" /><E68/><V109/><F109/><W67/><G115/><T41/><D111/><U15/><E34/><N who="0" m="12841" /><D41/><U55/><E112/><V64/><F87/><W40/><G125/><T73/><D73/><U118/><E102/><V96/><F77/><W105/><G56/><T80/><D80/><U114/><E114/><V134/><F134/><W88/><G20/><T113/><D61/><U91/><E126/><V98/><F85/><W71/><G25/><T58/><D58/><U10/><E91/><V116/><F116/><AGARI ba="0,0" hai="10,15,18,49,55,59,116,118,129,130,131" m="44447" machi="116" ten="30,2000,0" yaku="19,1,52,1" doraHai="50" who="1" fromWho="2" sc="360,0,285,20,223,-20,132,0" /><INIT seed="5,0,0,5,0,88" ten="360,305,203,132" oya="1" hai0="129,87,127,0,91,122,58,23,4,68,18,89,40" hai1="83,32,71,84,20,3,108,65,98,19,30,15,6" hai2="128,126,49,72,60,38,74,101,25,82,117,1,39" hai3="55,41,22,29,31,50,76,47,34,33,9,24,43"/><U13/><E98/><V48/><F1/><W69/><G69/><T112/><D68/><U45/><E45/><V7/><F7/><W119/><G119/><T104/><D104/><U46/><E46/><V94/><F117/><W109/><G109/><T56/><D40/><U42/><E42/><V96/><F128/><W26/><G22/><T111/><D111/><U75/><E75/><V123/><F126/><W37/><G37/><T66/><D127/><U90/><E108/><V81/><F123/><W54/><G76/><T99/><D129/><U21/><E3/><V120/><F120/><W67/><G67/><T2/><D99/><U79/><E79/><V131/><F131/><W8/><G47/><T17/><D87/><U36/><E36/><V124/><F124/><W78/><G78/><T135/><D66/><U133/><E133/><V132/><F60/><W62/><REACH who="3" step="1"/><G50/><REACH who="3" ten="360,305,203,122" step="2"/><N who="2" m="19561" /><F39/><W92/><G92/><T95/><D122/><U118/><E118/><V27/><F38/><W16/><G16/><T51/><D17/><N who="1" m="10287" /><E71/><V64/><F132/><W113/><G113/><T106/><D112/><U86/><E65/><V14/><F64/><W52/><G52/><T77/><D135/><U10/><E32/><V134/><F134/><W80/><G80/><N who="2" m="30825" /><F74/><W35/><G35/><T12/><D77/><U107/><E107/><V115/><F72/><W97/><G97/><T130/><D106/><U103/><E30/><V102/><F115/><W70/><G70/><T57/><D130/><U63/><E21/><V61/><F102/><W110/><G110/><T105/><D105/><U121/><E121/><RYUUKYOKU ba="0,1" sc="360,-10,305,-10,203,-10,122,30" hai3="8,9,24,26,29,31,33,34,41,43,54,55,62" /><INIT seed="6,1,1,5,5,79" ten="350,295,193,152" oya="2" hai0="22,111,8,102,130,36,132,109,16,56,23,134,50" hai1="88,93,47,104,73,51,89,67,58,82,107,54,131" hai2="119,81,110,112,128,125,133,95,45,114,68,115,12" hai3="40,98,78,94,7,96,76,35,118,108,64,43,57"/><V117/><F68/><W75/><G35/><T59/><D36/><U19/><E131/><V26/><F128/><W72/><G108/><T42/><D130/><U62/><E19/><V52/><F110/><W70/><G70/><T44/><D102/><U85/><REACH who="1" step="1"/><E73/><REACH who="1" ten="350,285,193,152" step="2"/><V14/><F133/><W135/><G135/><T31/><D109/><U49/><E49/><N who="2" m="28719" /><F125/><W90/><G75/><T18/><D111/><U91/><E91/><V20/><F95/><W2/><G72/><T103/><D132/><U21/><E21/><V53/><F53/><W29/><G90/><T126/><D134/><U17/><E17/><N who="2" m="12559" /><F117/><W24/><G94/><T11/><D126/><U92/><E92/><V60/><F119/><W55/><G55/><T1/><D23/><U123/><E123/><V99/><F99/><AGARI ba="1,2" hai="47,51,54,58,62,67,82,85,88,89,93,99,104,107" machi="99" ten="30,7700,0" yaku="1,1,7,1,52,1,54,1,53,0" doraHai="79" doraHaiUra="71" who="1" fromWho="2" sc="350,0,285,100,193,-80,152,0" /><INIT seed="7,0,0,2,0,112" ten="350,385,113,152" oya="3" hai0="110,132,84,8,28,30,88,16,48,134,127,97,3" hai1="35,100,135,130,96,19,133,57,18,31,124,113,99" hai2="93,37,36,17,62,0,92,116,94,47,32,38,115" hai3="79,75,73,118,108,103,5,42,128,64,121,51,101"/><W102/><G64/><T58/><D110/><U22/><E124/><V89/><F115/><W44/><G121/><T105/><D127/><U120/><E130/><V86/><F32/><W34/><G34/><T98/><D3/><U50/><E120/><V78/><F0/><W55/><G128/><T67/><D105/><U95/><E113/><V53/><F78/><W119/><G108/><T72/><D72/><U122/><E122/><V9/><F62/><W109/><G109/><T60/><D48/><U11/><E96/><N who="0" m="36969" /><D132/><N who="1" m="50763" /><E11/><V24/><F116/><W65/><G65/><T46/><D46/><U83/><E83/><V129/><F129/><W33/><G33/><T39/><D39/><U7/><E7/><V15/><F24/><W21/><G5/><T41/><D41/><U49/><E35/><V29/><F29/><W114/><G114/><T45/><D45/><U117/><E117/><V81/><REACH who="2" step="1"/><F94/><REACH who="2" ten="350,385,103,152" step="2"/><W71/><G79/><T59/><D134/><U63/><E31/><V54/><F54/><W10/><G75/><T26/><D59/><U111/><E111/><V66/><F66/><W82/><G73/><T126/><D126/><U123/><E123/><V76/><F76/><W61/><G61/><T40/><D40/><U125/><E125/><V2/><F2/><W6/><G42/><T1/><D1/><U104/><E95/><V43/><F43/><W90/><G118/><T12/><D26/><N who="1" m="14679" /><E19/><V56/><F56/><W77/><G119/><T23/><D8/><U70/><E70/><V69/><F69/><W106/><G71/><T52/><D67/><AGARI ba="0,1" hai="49,50,57,63,67,99,100,104" m="14679,50763" machi="67" ten="30,1000,0" yaku="20,1" doraHai="112" who="1" fromWho="0" sc="350,-10,385,20,103,0,152,0" owari="340,14.0,405,51.0,103,-40.0,152,-25.0" /></mjloggm>