<mjloggm ver="2.3"><GO type="169" lobby="0"/><UN n0="%41%70%70%6C%65%2A" n1="%6B%61%64%75%6B%69%69" n2="%E3%82%A6%E3%83%AB%E3%83%88%E3%83%A9%E7%AB%8B%E7%9B%B4" n3="%33%33%62%6C%61%63%6B" dan="16,17,17,16" rate="2061.75,2122.26,2219.55,2094.17" sx="M,M,M,M"/><TAIKYOKU oya="0"/><INIT seed="0,0,0,1,3,74" ten="250,250,250,250" oya="0" hai0="111,78,84,22,121,133,54,135,37,105,15,123,98" hai1="79,46,60,72,103,100,110,55,96,52,99,8,104" hai2="50,75,30,5,9,65,26,119,70,4,85,18,94" hai3="132,124,122,31,92,76,17,39,93,56,43,16,87"/><T1/><D37/><U83/><E110/><V2/><F75/><W109/><G109/><T64/><D1/><U112/><E112/><V14/><F65/><W3/><G3/><T19/><D111/><U44/><E8/><V7/><F70/><W13/><G132/><N who="0" m="50763" /><D64/><U97/><E97/><V28/><F119/><W108/><G108/><T32/><D32/><U89/><E89/><V63/><F63/><W113/><G31/><N who="2" m="11817" /><F50/><W115/><G122/><T61/><D61/><U27/><E27/><V90/><F2/><W127/><G56/><T120/><D54/><U101/><E101/><V6/><F6/><W21/><G43/><T59/><D59/><U12/><E12/><V125/><F125/><N who="3" m="48203" /><G39/><T77/><D84/><U29/><E29/><V128/><F128/><W130/><G130/><T58/><D58/><U53/><REACH who="1" step="1"/><E60/><REACH who="1" ten="250,240,250,250" step="2"/><V47/><F26/><W41/><G115/><T69/><D69/><U118/><E118/><V73/><F5/><W91/><G113/><T48/><D48/><U86/><E86/><V0/><F0/><W102/><G102/><AGARI ba="0,1" hai="15,19,22,77,78,98,102,105,120,121,123" m="50763" machi="102" ten="40,7700,0" yaku="20,1,52,2" doraHai="74" who="0" fromWho="3" sc="250,87,240,0,250,0,250,-77" /><INIT seed="0,1,0,2,5,100" ten="337,240,250,173" oya="0" hai0="108,127,83,113,60,79,23,81,54,118,104,50,114" hai1="99,15,43,41,12,16,48,42,97,87,78,2,75" hai2="103,31,3,26,10,70,102,14,126,30,46,129,6" hai3="71,130,101,36,34,52,40,32,121,57,72,105,106"/><T88/><D118/><U62/><E2/><V125/><F70/><W112/><G112/><T39/><D39/><U77/><E75/><V19/><F46/><W80/><G71/><T53/><D127/><N who="2" m="48650" /><F129/><W63/><G130/><T86/><D60/><U56/><E48/><V51/><F51/><W17/><G121/><T117/><D117/><U9/><E15/><V44/><F44/><W74/><G101/><N who="2" m="38409" /><F26/><W49/><G36/><T37/><D37/><U29/><E29/><V4/><F4/><W91/><G17/><T20/><D50/><U69/><E69/><V8/><AGARI ba="1,0" hai="3,6,8,10,14,19,30,31" m="38409,48650" machi="8" ten="30,1100,0" yaku="18,1" doraHai="100" who="2" fromWho="2" sc="337,-6,240,-4,250,14,173,-4" /><INIT seed="1,0,0,3,0,92" ten="331,236,264,169" oya="1" hai0="45,119,120,88,130,61,84,78,135,60,95,129,10" hai1="25,57,34,43,107,115,80,90,114,17,30,26,63" hai2="12,36,96,41,79,68,21,0,91,77,71,118,117" hai3="121,31,101,127,82,76,122,97,11,53,6,51,42"/><U4/><E107/><V123/><F0/><W28/><G42/><T46/><D120/><U3/><E43/><V7/><F41/><W89/><G127/><T83/><D135/><U49/><E49/><V131/><F36/><W134/><G134/><T87/><D10/><U116/><E116/><V67/><F123/><W70/><G70/><T27/><D27/><U69/><E69/><V14/><F21/><W73/><G89/><T110/><D110/><U15/><E26/><V2/><F7/><W81/><G81/><T111/><D111/><U109/><E109/><V55/><F2/><W108/><G108/><T40/><D119/><U39/><E39/><V75/><F67/><W58/><G121/><T74/><D74/><U5/><E5/><V22/><F22/><W20/><G20/><T33/><D33/><U86/><E4/><V35/><F35/><W100/><G122/><T44/><REACH who="0" step="1"/><D40/><REACH who="0" ten="321,236,264,169" step="2"/><U102/><E3/><V32/><F32/><W50/><G11/><T16/><D16/><U85/><E115/><V72/><F72/><W113/><G113/><T126/><D126/><U106/><E114/><V13/><F75/><W29/><G6/><T94/><D94/><U1/><E1/><V8/><F8/><W66/><G29/><T24/><D24/><U133/><E133/><V52/><F118/><W132/><G132/><T99/><D99/><N who="1" m="61791" /><E17/><V98/><F117/><W124/><G124/><T93/><D93/><U47/><E15/><V56/><F13/><W38/><G28/><T37/><D37/><U128/><E34/><V105/><F12/><W112/><G38/><RYUUKYOKU ba="0,1" sc="321,30,236,-10,264,-10,169,-10" hai0="44,45,46,60,61,78,83,84,87,88,95,129,130" /><INIT seed="2,1,1,2,0,90" ten="351,226,254,159" oya="2" hai0="106,28,120,64,49,62,22,103,84,94,20,115,113" hai1="70,9,116,128,40,59,38,91,111,83,32,88,48" hai2="58,127,53,110,124,86,1,107,6,23,95,50,55" hai3="72,98,125,67,78,65,19,112,37,79,73,51,30"/><V102/><F107/><W104/><G37/><T46/><D106/><U117/><E32/><V135/><F6/><W8/><G30/><T10/><D10/><U17/><E70/><V92/><F1/><W5/><G19/><T74/><D74/><U80/><E128/><V18/><F135/><W89/><G51/><T129/><D120/><U12/><E38/><V16/><F110/><W69/><G104/><T130/><D28/><U118/><E111/><V42/><F42/><W45/><G45/><T11/><D11/><U54/><REACH who="1" step="1"/><E40/><REACH who="1" ten="351,216,254,159" step="2"/><V93/><F127/><W122/><G69/><T41/><D129/><U3/><E3/><V82/><F124/><W114/><G125/><T87/><D130/><U4/><E4/><V131/><F131/><W33/><G33/><T52/><D41/><U2/><E2/><V27/><F18/><W101/><G5/><T105/><D113/><U75/><E75/><V47/><F102/><W77/><G101/><T60/><D115/><U44/><E44/><V63/><F82/><AGARI ba="1,2" hai="9,12,17,48,54,59,80,82,83,88,91,116,117,118" machi="82" ten="40,2600,0" yaku="1,1,54,1,53,0" doraHai="90" doraHaiUra="26" who="1" fromWho="2" sc="351,0,216,49,254,-29,159,0" /><INIT seed="3,0,0,5,3,8" ten="351,265,225,159" oya="3" hai0="22,134,3,21,57,122,59,74,64,18,45,93,23" hai1="105,94,72,50,121,88,39,30,73,0,103,42,104" hai2="95,133,52,119,24,46,120,112,124,76,75,32,34" hai3="99,38,51,47,125,58,78,77,69,15,35,111,28"/><W37/><G69/><T62/><D74/><U71/><E0/><V132/><F76/><W80/><G125/><T68/><D3/><U11/><E39/><V131/><F75/><W61/><G99/><T14/><D122/><U130/><E71/><V90/><F119/><W6/><G35/><T13/><D134/><N who="2" m="51818" /><F112/><W60/><G28/><T128/><D128/><U129/><E30/><V126/><F24/><W67/><G61/><N who="0" m="37951" /><D68/><U84/><E11/><V29/><F29/><W31/><G31/><T135/><D135/><U79/><E121/><V12/><F120/><W54/><G111/><T44/><D93/><U83/><E73/><V118/><F118/><W87/><REACH who="3" step="1"/><G78/><REACH who="3" ten="351,265,225,149" step="2"/><T91/><D62/><U9/><E105/><V43/><F34/><W4/><G4/><T17/><D91/><U55/><E104/><V70/><F32/><W113/><G113/><T102/><D102/><U65/><E103/><V106/><F70/><W109/><G109/><T117/><D117/><U110/><E110/><V36/><F106/><W53/><G53/><T89/><D89/><U40/><E55/><V82/><F52/><W48/><G48/><T63/><D18/><U27/><E50/><V10/><F124/><W116/><G116/><T127/><D127/><U19/><E79/><V86/><F126/><W26/><G26/><T7/><D7/><U2/><E19/><N who="2" m="8599" /><F131/><W56/><G56/><T97/><D17/><U107/><E129/><V20/><F43/><W123/><G123/><T5/><D63/><U98/><E130/><V33/><F33/><W41/><G41/><T16/><D57/><RYUUKYOKU ba="0,1" sc="351,-10,265,-10,225,-10,149,30" hai3="6,15,37,38,47,51,54,58,60,67,77,80,87" /><INIT seed="3,1,1,4,3,32" ten="341,255,215,179" oya="3" hai0="27,118,94,28,102,123,57,93,47,113,58,76,37" hai1="66,70,49,18,135,68,121,29,82,20,65,62,55" hai2="3,67,26,69,101,97,81,2,132,34,46,40,9" hai3="53,23,60,133,85,71,12,17,31,115,51,11,130"/><W112/><G130/><T131/><D118/><U110/><E121/><V5/><F81/><W116/><G116/><T129/><D123/><U108/><E29/><N who="2" m="19767" /><F132/><W127/><G133/><T13/><D76/><U96/><E82/><V24/><F24/><W86/><G127/><T42/><D13/><U90/><E135/><V10/><F10/><W79/><G71/><T105/><D105/><U33/><E33/><V39/><F9/><W98/><G60/><T21/><D113/><U52/><E65/><V44/><F44/><W72/><G72/><T84/><D84/><U92/><E68/><V4/><F4/><W54/><G54/><T43/><D43/><U73/><E73/><V128/><F5/><W120/><G120/><T25/><D25/><U87/><E96/><V104/><F128/><N who="0" m="49226" /><D93/><U77/><E77/><V95/><F95/><W38/><G38/><T8/><D8/><U100/><E100/><V36/><F36/><W35/><G35/><T1/><D1/><U83/><E83/><V80/><F80/><N who="3" m="47263" /><G98/><AGARI ba="1,1" hai="21,27,28,37,42,47,57,58,94,98,102" m="49226" machi="98" ten="30,1000,0" yaku="19,1" doraHai="32" who="0" fromWho="3" sc="341,23,255,0,215,0,179,-13" /><INIT seed="4,0,0,0,2,114" ten="364,255,215,166" oya="0" hai0="53,31,120,6,115,52,45,50,65,105,3,63,78" hai1="110,41,26,23,68,80,132,16,129,113,79,62,84" hai2="12,109,123,134,95,125,96,56,47,130,48,118,98" hai3="83,111,40,38,94,88,24,85,34,128,11,57,104"/><T51/><D105/><U116/><E110/><V107/><F123/><W71/><G71/><T93/><D120/><U4/><E129/><V92/><F109/><W64/><G104/><T46/><D31/><U19/><E132/><V7/><F107/><W61/><G128/><T14/><D3/><U106/><E106/><V101/><F56/><W10/><G111/><T27/><D27/><U89/><E41/><V43/><F130/><W67/><G67/><T32/><D32/><U21/><E4/><V39/><F134/><W87/><G38/><T1/><D1/><U108/><E108/><V66/><F66/><W5/><G40/><T20/><D78/><U86/><E113/><V69/><F69/><W102/><G102/><T133/><D133/><U49/><E49/><V35/><F35/><W112/><G112/><T135/><D135/><U55/><E68/><V54/><F125/><W103/><G103/><T127/><D93/><U76/><E84/><V30/><F30/><W100/><G100/><T9/><D20/><U58/><E116/><V44/><F118/><W124/><G124/><T0/><D0/><U74/><E74/><V81/><F81/><W59/><G59/><T91/><D91/><U29/><E29/><V8/><F98/><W77/><REACH who="3" step="1"/><G5/><REACH who="3" ten="364,255,215,156" step="2"/><T75/><D115/><U13/><AGARI ba="0,1" hai="13,16,19,21,23,26,55,58,62,76,79,80,86,89" machi="13" ten="20,5200,0" yaku="0,1,7,1,8,1,54,1" doraHai="114" who="1" fromWho="1" sc="364,-26,255,62,215,-13,156,-13" /><INIT seed="5,0,0,1,5,93" ten="338,317,202,143" oya="1" hai0="63,128,91,73,9,109,85,135,130,10,12,41,60" hai1="40,35,18,103,36,74,4,32,67,42,31,65,30" hai2="75,94,5,98,1,72,102,47,113,58,46,125,71" hai3="21,116,110,124,20,23,44,59,99,19,13,8,48"/><U108/><E74/><V107/><F71/><W11/><G110/><T62/><D109/><U86/><E36/><V2/><F125/><W121/><G121/><T88/><D73/><U0/><E18/><V83/><F113/><W79/><G124/><T111/><D135/><U29/><E86/><V118/><F118/><W133/><G133/><T64/><D111/><U129/><E108/><V70/><F70/><W22/><G79/><T49/><D41/><U14/><E0/><V104/><F75/><W3/><G116/><T7/><D49/><U6/><E14/><V84/><F2/><W92/><G3/><N who="0" m="255" /><D64/><N who="1" m="24651" /><E129/><N who="0" m="49769" /><D85/><U68/><E103/><V96/><F72/><W106/><G106/><T27/><D27/><U127/><E68/><V38/><F107/><W101/><REACH who="3" step="1"/><G59/><REACH who="3" ten="338,317,202,133" step="2"/><T61/><N who="0" m="15360" /><DORA hai="33" /><T77/><D77/><U37/><E127/><V81/><F58/><W51/><G51/><T76/><D76/><U87/><E37/><V15/><F1/><W132/><G132/><T95/><D95/><U53/><E35/><V97/><F38/><W126/><G126/><T43/><D43/><AGARI ba="0,1" hai="8,11,13,19,20,21,22,23,43,44,48,92,99,101" machi="43" ten="40,12000,2" yaku="1,1,8,1,52,1,53,4" doraHai="93,33" doraHaiUra="16,54" who="3" fromWho="0" sc="338,-120,317,0,202,0,133,130" /><INIT seed="6,0,0,3,3,117" ten="218,317,202,263" oya="2" hai0="96,129,12,122,126,3,33,64,19,46,43,57,41" hai1="114,6,65,128,100,8,28,92,5,121,56,26,104" hai2="87,132,66,76,77,23,86,63,52,75,115,42,61" hai3="13,118,2,80,30,135,60,108,95,1,40,94,74"/><V51/><F75/><W44/><G118/><T83/><D33/><U120/><E104/><V97/><F132/><W9/><G108/><T38/><D3/><U7/><E114/><V89/><F115/><W34/><G34/><T31/><D31/><U78/><E78/><N who="2" m="30315" /><F42/><W81/><G74/><T22/><D43/><U36/><E36/><V18/><F97/><W32/><G32/><T124/><D129/><U125/><E125/><N who="0" m="48233" /><D83/><N who="3" m="31817" /><G30/><T123/><D96/><N who="1" m="59399" /><E128/><V68/><F68/><W54/><G2/><T90/><D90/><U11/><E26/><N who="2" m="14711" /><F66/><W72/><G135/><T91/><D91/><U71/><E71/><V101/><F101/><W55/><G1/><T69/><D69/><U16/><E28/><V21/><F21/><W17/><G72/><T20/><D20/><U70/><E70/><V29/><F29/><W37/><G37/><T88/><D88/><U112/><E112/><V48/><F48/><N who="3" m="28935" /><G40/><T15/><D15/><N who="1" m="7295" /><E8/><V59/><F89/><W49/><G60/><AGARI ba="0,0" hai="12,19,22,38,41,46,57,60,64,122,123" m="48233" machi="60" ten="30,3900,0" yaku="18,1,52,2" doraHai="117" who="0" fromWho="3" sc="218,39,317,0,202,0,263,-39" /><AGARI ba="0,0" hai="51,52,59,60,61,63,86,87" m="14711,30315" machi="60" ten="30,2900,0" yaku="8,1,54,1" doraHai="117" who="2" fromWho="3" sc="257,0,317,0,202,29,224,-29" /><INIT seed="6,1,0,5,1,59" ten="257,317,231,195" oya="2" hai0="117,96,115,126,57,28,47,127,4,68,88,31,113" hai1="2,9,76,22,5,30,131,11,75,6,54,52,32" hai2="85,102,14,105,38,21,55,81,84,100,110,130,123" hai3="45,74,83,60,15,53,120,50,98,95,119,65,93"/><V20/><F38/><W104/><G119/><T12/><D68/><U25/><E131/><V46/><F123/><W16/><G120/><T118/><D47/><U94/><E32/><V43/><F130/><W42/><G104/><T13/><D57/><U39/><E39/><V17/><F110/><W63/><G74/><T116/><D96/><U86/><E75/><V122/><F122/><W33/><G33/><T107/><D88/><N who="1" m="53527" /><E2/><V124/><F124/><N who="0" m="47658" /><D107/><U69/><E69/><V91/><F105/><W114/><G114/><N who="0" m="43531" /><D4/><N who="1" m="1643" /><E76/><V58/><F85/><W8/><G83/><T7/><D7/><U66/><E66/><V23/><F46/><W44/><G65/><T111/><D111/><U19/><E30/><AGARI ba="1,0" hai="12,13,28,30,31,116,117,118" m="43531,47658" machi="30" ten="40,12000,2" yaku="28,2,12,1,18,1,15,1,34,2" doraHai="59" who="0" fromWho="1" sc="257,123,317,-123,231,0,195,0" /><INIT seed="7,0,0,0,0,8" ten="380,194,231,195" oya="3" hai0="38,101,63,52,126,75,7,18,62,47,128,12,60" hai1="30,39,13,132,73,48,33,67,6,32,80,85,10" hai2="123,20,29,104,21,124,72,97,117,121,111,64,43" hai3="102,14,54,133,109,99,81,17,88,4,74,84,1"/><W77/><G133/><T22/><D75/><U61/><E39/><V79/><F117/><W11/><G109/><T16/><D38/><U129/><E73/><V78/><F111/><W36/><G36/><T23/><D7/><U69/><E132/><V37/><F64/><W68/><G54/><T92/><D126/><U95/><E129/><V70/><F70/><W96/><G68/><T127/><D128/><U51/><E95/><V82/><F79/><W91/><G74/><T15/><D127/><U76/><REACH who="1" step="1"/><E30/><REACH who="1" ten="380,184,231,195" step="2"/><V113/><F29/><W98/><REACH who="3" step="1"/><G102/><REACH who="3" ten="380,184,231,185" step="2"/><T71/><D71/><U114/><E114/><V45/><F113/><W112/><G112/><T93/><D101/><U40/><E40/><V46/><F43/><W94/><G94/><T105/><D105/><U115/><E115/><V34/><F37/><W116/><G116/><T44/><D44/><U41/><E41/><V50/><F46/><W107/><G107/><T134/><D134/><U65/><E65/><V49/><F45/><W119/><G119/><T106/><D106/><U135/><E135/><V59/><F104/><W86/><G86/><T58/><D47/><U5/><E5/><V57/><F72/><W83/><G83/><T2/><D92/><U35/><AGARI ba="0,2" hai="6,10,13,32,33,35,48,51,61,67,69,76,80,85" machi="35" ten="30,7900,0" yaku="1,1,0,1,52,1,53,1" doraHai="8" doraHaiUra="9" who="1" fromWho="1" sc="380,-20,184,99,231,-20,185,-39" owari="360,46.0,283,8.0,211,-19.0,146,-35.0" /></mjloggm>