<mjloggm ver="2.3"><GO type="97" lobby="0"/><UN n0="%41%78%69%73" n1="%74%75%74%69%79%61" n2="%54%54%4E%4D" n3="%E5%B0%B1%E6%B4%BB%E7%94%9F%40%E5%B7%9D%E6%9D%91%E8%BB%8D%E5%9B%A3" dan="14,14,14,14" rate="1904.50,1972.17,1991.25,1951.29" sx="M,M,M,M"/><TAIKYOKU oya="0"/><INIT seed="0,0,0,0,0,47" ten="250,250,250,250" oya="0" hai0="19,24,87,37,104,103,4,45,44,105,83,118,79" hai1="121,99,71,90,52,92,78,15,42,63,115,2,58" hai2="35,10,98,107,40,111,57,67,18,102,84,59,3" hai3="29,135,116,23,30,108,69,50,95,64,129,49,123"/><T124/><D118/><U17/><E121/><V93/><F35/><W41/><G116/><T91/><D124/><U133/><E133/><V39/><F111/><W31/><G123/><T14/><D24/><U27/><E115/><V97/><F84/><W34/><G108/><T12/><D37/><U36/><E2/><V126/><F126/><W62/><G34/><T48/><D4/><U70/><E78/><V94/><F107/><W25/><G135/><T82/><D44/><N who="1" m="23623" /><E15/><V72/><F72/><W81/><G41/><T96/><D104/><U89/><E89/><V132/><F132/><W120/><G120/><T75/><REACH who="0" step="1"/><D19/><REACH who="0" ten="240,250,250,250" step="2"/><U61/><E61/><V86/><F39/><W46/><G46/><T125/><D125/><U11/><E11/><V127/><F18/><W22/><G129/><T8/><D8/><U28/><E28/><V68/><F10/><W5/><G5/><T134/><D134/><U100/><E100/><V117/><F127/><W26/><G31/><T109/><D109/><U80/><E80/><V60/><F117/><W6/><G6/><T106/><D106/><U33/><E33/><V131/><F131/><W85/><REACH who="3" step="1"/><G95/><REACH who="3" ten="240,250,250,240" step="2"/><T51/><D51/><U54/><E92/><V7/><F94/><W13/><G13/><T65/><D65/><U43/><E27/><V128/><F93/><W9/><G9/><T1/><D1/><U110/><E110/><V74/><F3/><W76/><AGARI ba="0,2" hai="22,23,25,26,29,30,49,50,62,64,69,76,81,85" machi="76" ten="20,12000,2" yaku="1,1,0,1,7,1,9,1,52,2,53,0" doraHai="47" doraHaiUra="38" who="3" fromWho="3" sc="240,-60,250,-30,250,-30,240,140" /><INIT seed="1,0,0,3,4,37" ten="180,220,220,380" oya="1" hai0="112,17,99,128,45,126,111,34,21,18,84,108,75" hai1="27,133,11,114,117,71,8,39,19,41,33,92,103" hai2="2,98,52,89,100,9,42,105,40,65,6,118,78" hai3="102,79,14,97,68,35,106,5,91,129,127,73,116"/><U16/><E114/><V20/><F118/><W66/><G35/><T72/><D112/><U83/><E117/><V101/><F78/><W3/><G68/><T124/><D34/><U113/><E113/><V86/><F65/><W122/><G66/><T15/><D99/><N who="1" m="59879" /><E71/><V32/><F101/><W12/><G116/><T61/><D61/><U87/><E39/><V76/><F76/><W29/><G122/><T10/><D84/><U63/><E133/><V82/><F32/><W7/><G29/><T56/><D56/><U115/><E115/><V13/><F2/><W109/><G79/><T44/><D128/><U69/><E69/><V123/><F123/><W57/><G73/><T22/><D10/><N who="1" m="3627" /><E33/><V67/><F20/><W23/><G23/><T31/><D15/><U119/><E119/><V107/><F67/><W77/><G14/><T131/><REACH who="0" step="1"/><D131/><REACH who="0" ten="170,220,220,380" step="2"/><U49/><E63/><V53/><F107/><W30/><G12/><T60/><D60/><U48/><E27/><V4/><REACH who="2" step="1"/><F4/><REACH who="2" ten="170,220,210,380" step="2"/><W24/><G106/><T80/><D80/><U120/><E120/><V85/><F85/><W51/><G7/><T59/><D59/><U70/><E70/><V93/><F93/><W130/><G57/><T28/><AGARI ba="0,2" hai="17,18,21,22,28,31,44,45,72,75,108,111,124,126" machi="28" ten="25,6400,0" yaku="1,1,0,1,22,2,53,0" doraHai="37" doraHaiUra="0" who="0" fromWho="0" sc="170,84,220,-32,210,-16,380,-16" /><INIT seed="2,0,0,3,1,5" ten="254,188,194,364" oya="2" hai0="87,21,91,3,54,93,50,122,33,125,124,45,117" hai1="135,74,18,130,31,41,75,114,23,82,79,42,86" hai2="88,32,29,112,49,63,76,7,129,113,126,71,56" hai3="6,131,104,61,51,84,94,9,133,109,19,123,103"/><V36/><F36/><W95/><G123/><T25/><D122/><U102/><E130/><V67/><F129/><W35/><G131/><T134/><D33/><U118/><E135/><V78/><F126/><W20/><G133/><T1/><D134/><U52/><E118/><V116/><F116/><W72/><G35/><T43/><D117/><U64/><E114/><V27/><F7/><W26/><G72/><T96/><D43/><U108/><E108/><V34/><F34/><W73/><G73/><T121/><D87/><U101/><E75/><V12/><F12/><W39/><G39/><T17/><REACH who="0" step="1"/><D121/><REACH who="0" ten="244,188,194,364" step="2"/><U15/><E74/><V99/><F113/><W83/><G84/><T55/><D55/><U16/><E41/><V14/><F112/><W60/><G109/><T105/><D105/><U62/><E42/><V2/><F99/><W127/><G104/><T69/><D69/><U70/><E52/><V47/><F71/><W92/><G103/><T85/><D85/><U110/><E110/><V28/><F32/><W48/><G127/><AGARI ba="0,1" hai="1,3,17,21,25,45,50,54,91,93,96,124,125,127" machi="127" ten="40,2600,0" yaku="1,1,18,1,53,0" doraHai="5" doraHaiUra="24" who="0" fromWho="3" sc="244,36,188,0,194,0,364,-26" /><INIT seed="3,0,0,2,5,63" ten="280,188,194,338" oya="3" hai0="114,71,101,51,31,93,35,10,95,79,16,6,34" hai1="39,41,106,90,67,69,25,2,76,129,14,121,104" hai2="124,119,24,88,15,3,4,77,125,75,85,61,30" hai3="86,107,56,9,82,62,64,29,17,23,97,13,32"/><W48/><G32/><T55/><D79/><U42/><E121/><V59/><F119/><W50/><G107/><T118/><D118/><U112/><E2/><V105/><F105/><W115/><G97/><T92/><D114/><U134/><E112/><V133/><F133/><W37/><G37/><T45/><D101/><U27/><E134/><V100/><F100/><W135/><G135/><T47/><D71/><U49/><E76/><V89/><F3/><W78/><G115/><T28/><D35/><U36/><E49/><N who="3" m="19050" /><G29/><T130/><D130/><U87/><E129/><V54/><F75/><W96/><G96/><T132/><D132/><U84/><E90/><V60/><F60/><W21/><AGARI ba="0,0" hai="9,13,17,21,23,56,62,64,78,82,86" m="19050" machi="21" ten="30,3000,0" yaku="8,1,52,1" doraHai="63" who="3" fromWho="3" sc="280,-10,188,-10,194,-10,338,30" owari="270,7.0,178,-32.0,184,-22.0,368,47.0" /></mjloggm>