<mjloggm ver="2.3"><GO type="41" lobby="0"/><UN n0="%E6%9C%A8%E5%8F%A3%E6%85%8E%E4%B9%9F%E3%83%97%E3%83%AD" n1="%E3%82%8A%E3%82%83%E3%82%93%E8%94%B5" n2="%E3%82%A6%E3%83%AB%E3%83%88%E3%83%A9%E7%AB%8B%E7%9B%B4" n3="%7A%61%63%6B" dan="14,13,15,14" rate="1951.50,1896.70,2010.69,1949.69" sx="M,M,M,M"/><TAIKYOKU oya="0"/><INIT seed="0,0,0,2,2,72" ten="250,250,250,250" oya="0" hai0="48,100,129,0,61,69,125,42,33,112,23,134,74" hai1="128,73,1,32,40,13,46,55,45,38,107,83,27" hai2="126,133,116,95,14,87,58,28,39,52,36,86,70" hai3="84,47,19,92,111,10,65,17,25,67,26,68,56"/><T120/><RYUUKYOKU type="yao9" ba="0,0" sc="250,0,250,0,250,0,250,0" hai0="0,23,33,42,48,61,69,74,100,112,120,125,129,134" /><INIT seed="0,1,0,4,0,25" ten="250,250,250,250" oya="0" hai0="102,37,76,6,8,9,77,26,114,10,35,86,115" hai1="121,13,65,20,119,22,54,68,129,127,81,27,93" hai2="18,80,85,44,78,33,112,29,100,110,67,47,134" hai3="132,71,113,21,74,63,32,11,73,38,1,62,42"/><T108/><D37/><U2/><E119/><V107/><F112/><W57/><G113/><T58/><D108/><U15/><E121/><V40/><F110/><W125/><G125/><T66/><D6/><U7/><E127/><V104/><F134/><W123/><G132/><T30/><D102/><U124/><E124/><V19/><F47/><W64/><G32/><T70/><D70/><U16/><E129/><V135/><F135/><W45/><G123/><T128/><D128/><U49/><E81/><V126/><F126/><W96/><G1/><T34/><D34/><U131/><E131/><V97/><F107/><W50/><G11/><T83/><REACH who="0" step="1"/><D76/><REACH who="0" ten="240,250,250,250" step="2"/><U3/><E68/><V28/><F33/><W133/><G133/><T61/><AGARI ba="1,1" hai="8,9,10,26,30,35,58,61,66,77,83,86,114,115" machi="61" ten="30,18000,2" yaku="1,1,2,1,0,1,52,1,53,3" doraHai="25" doraHaiUra="4" who="0" fromWho="0" sc="240,193,250,-61,250,-61,250,-61" /><INIT seed="0,2,0,0,3,116" ten="433,189,189,189" oya="0" hai0="78,90,134,11,76,45,6,132,104,34,21,60,131" hai1="82,49,15,120,102,66,5,114,38,101,54,32,35" hai2="44,37,30,85,28,74,56,84,118,3,96,103,13" hai3="23,127,29,87,73,111,26,42,24,124,43,92,33"/><T105/><D34/><U1/><E38/><V94/><F3/><W46/><G73/><T88/><D131/><U91/><E1/><V17/><F74/><W80/><G92/><T112/><D112/><U40/><E66/><V95/><F118/><W65/><G65/><T113/><D113/><U86/><E114/><V100/><F37/><W125/><G111/><T63/><D45/><U135/><E40/><V22/><F44/><W27/><G27/><T117/><D117/><U2/><E2/><V115/><F115/><W62/><G62/><T10/><D21/><U48/><E135/><V93/><F56/><W36/><G43/><T50/><D50/><U119/><E119/><V128/><F128/><W99/><G99/><T77/><D77/><U75/><E75/><V58/><F58/><W12/><G12/><T126/><REACH who="0" step="1"/><D6/><REACH who="0" ten="423,189,189,189" step="2"/><U121/><E35/><V31/><F96/><W122/><G33/><T59/><D59/><U106/><E32/><V0/><F0/><W129/><G129/><T98/><D98/><U109/><E49/><V51/><F51/><W16/><G29/><T53/><D53/><U133/><E133/><V47/><F47/><W61/><G61/><T110/><D110/><U41/><E109/><V18/><F18/><W130/><G130/><T69/><D69/><U39/><E41/><V4/><F4/><W55/><G55/><T14/><D14/><U9/><E39/><V108/><F108/><W83/><G16/><T20/><D20/><U71/><E71/><V97/><F97/><W68/><G68/><T7/><D7/><U72/><E5/><RYUUKYOKU ba="2,1" sc="423,15,189,-15,189,15,189,-15" hai0="10,11,60,63,76,78,88,90,104,105,126,132,134" hai2="13,17,22,28,30,31,84,85,93,94,95,100,103" /><INIT seed="0,3,1,3,4,112" ten="438,174,204,174" oya="0" hai0="29,34,122,127,6,85,38,133,82,37,47,10,33" hai1="116,117,3,126,21,45,69,106,102,4,80,93,132" hai2="26,0,40,22,124,48,7,53,24,17,8,39,119" hai3="59,12,32,92,51,28,75,111,71,70,56,96,97"/><T114/><D114/><U89/><E69/><V14/><F40/><W77/><G111/><T91/><D122/><U100/><E3/><V9/><F39/><W86/><G75/><T88/><D127/><U60/><E126/><V73/><F73/><W103/><G96/><T99/><D133/><U74/><E4/><N who="2" m="1031" /><F53/><W72/><G72/><T95/><D29/><U57/><E45/><V134/><F48/><W135/><G135/><T23/><D23/><U46/><E132/><V62/><F62/><W42/><G59/><T76/><D91/><U58/><E46/><V125/><F134/><W108/><G108/><T87/><D99/><U67/><E58/><V5/><F125/><W64/><G64/><T11/><D11/><U43/><E43/><V101/><F101/><W90/><G42/><T52/><D37/><U83/><E74/><V109/><F124/><W25/><G77/><T18/><D18/><U55/><E55/><V63/><F63/><W19/><G51/><T115/><D115/><U30/><E106/><V110/><F110/><W50/><G50/><T105/><D105/><U49/><E49/><V98/><F98/><W113/><G56/><T36/><D52/><U16/><E102/><V1/><F109/><W2/><G113/><T65/><D65/><U13/><E100/><V61/><F61/><W81/><G2/><N who="0" m="343" /><D36/><U104/><E104/><V27/><F7/><W20/><AGARI ba="3,1" hai="12,19,20,25,28,32,70,71,81,86,90,92,97,103" machi="20" ten="20,1500,0" yaku="0,1,7,1" doraHai="112" who="3" fromWho="3" sc="438,-10,174,-7,204,-7,174,34" /><INIT seed="1,0,0,4,4,85" ten="428,167,197,208" oya="1" hai0="41,10,97,22,61,105,32,57,88,7,89,3,112" hai1="18,67,101,93,126,46,90,106,49,50,104,64,24" hai2="123,73,119,9,4,78,122,16,51,108,59,86,58" hai3="8,66,96,47,23,31,30,130,121,127,53,79,77"/><U14/><E106/><V102/><F73/><W95/><G127/><T34/><D112/><U52/><E126/><V15/><F119/><W44/><G130/><T87/><D41/><U55/><E24/><V132/><F132/><W36/><G66/><T56/><D56/><U113/><E101/><V26/><F108/><W13/><G47/><T72/><D72/><U5/><E5/><V43/><F122/><W54/><G36/><T19/><D105/><U1/><E1/><V12/><F123/><W76/><G121/><T75/><D75/><U84/><E104/><V103/><F26/><N who="3" m="16735" /><G44/><T100/><D100/><U48/><E113/><V17/><F59/><W92/><G31/><T114/><D114/><U109/><E109/><V28/><F28/><W25/><G25/><T45/><D45/><U131/><E131/><V68/><F68/><W107/><G107/><T42/><D42/><U38/><E38/><V2/><F2/><W98/><G92/><T37/><D37/><U71/><E71/><V80/><F4/><N who="3" m="3207" /><G96/><T82/><D97/><U74/><E74/><V60/><F51/><N who="1" m="19529" /><E55/><N who="2" m="33887" /><F43/><W63/><G63/><T134/><D134/><U0/><E0/><V39/><F39/><W27/><G27/><N who="0" m="14815" /><D32/><U115/><E115/><V11/><AGARI ba="0,0" hai="9,11,12,15,16,17,78,80,86,102,103" m="33887" machi="11" ten="30,2000,0" yaku="8,1,54,1" doraHai="85" who="2" fromWho="2" sc="428,-5,167,-10,197,20,208,-5" /><INIT seed="2,0,0,0,3,102" ten="423,157,217,203" oya="2" hai0="131,81,101,90,42,135,72,2,125,25,9,55,11" hai1="47,20,45,54,84,105,111,23,33,86,53,60,67" hai2="15,65,64,114,109,30,121,83,26,89,1,70,28" hai3="61,92,106,3,6,19,116,40,68,46,120,7,5"/><V69/><F1/><W128/><G120/><T48/><D125/><U126/><E33/><V71/><F121/><W21/><G128/><T44/><D135/><U77/><E126/><V124/><F124/><W122/><G122/><T95/><D131/><U117/><E117/><V100/><F114/><W73/><G73/><T29/><D101/><U49/><E111/><V113/><F113/><W74/><G74/><T66/><D66/><U43/><E105/><V16/><F109/><W99/><G116/><T94/><D2/><U13/><E77/><V76/><F100/><W82/><G82/><T130/><D130/><U18/><E23/><V27/><F89/><W110/><G106/><T35/><D42/><U57/><REACH who="1" step="1"/><E54/><REACH who="1" ten="423,147,217,203" step="2"/><V0/><F76/><W133/><G110/><T38/><D55/><U8/><E8/><V4/><F64/><W127/><G127/><T96/><D9/><U63/><E63/><V36/><F65/><W79/><G79/><T108/><D11/><U98/><E98/><V62/><F62/><W51/><G61/><T104/><D104/><U31/><E31/><V50/><F30/><W75/><G68/><T52/><D108/><U12/><E12/><V115/><F28/><W123/><G123/><T22/><D35/><U85/><E85/><V87/><F70/><W93/><G75/><T97/><D72/><U58/><E58/><V80/><F69/><W32/><G32/><T10/><D10/><U24/><E24/><V91/><F71/><W132/><G3/><T56/><D56/><U112/><E112/><V14/><F115/><W119/><G119/><RYUUKYOKU ba="0,1" sc="423,-10,147,30,217,-10,203,-10" hai1="13,18,20,43,45,47,49,53,57,60,67,84,86" /><INIT seed="3,1,1,2,4,0" ten="413,177,207,193" oya="3" hai0="31,97,126,129,80,22,8,7,95,114,1,27,124" hai1="98,26,115,125,5,53,81,123,9,75,11,103,58" hai2="82,52,94,92,48,67,113,64,55,62,12,32,131" hai3="39,61,19,51,101,17,79,135,18,4,93,108,72"/><W66/><G39/><T112/><D80/><U49/><E123/><V84/><F32/><W85/><G72/><T38/><D38/><U71/><E115/><N who="0" m="44073" /><D129/><U28/><E71/><V132/><F132/><W44/><G135/><T73/><D73/><U86/><E75/><V76/><F131/><W20/><G108/><T116/><D95/><U77/><E125/><N who="0" m="48233" /><D97/><U120/><E120/><V45/><F113/><W87/><G79/><T29/><D29/><U40/><E40/><V90/><F92/><W74/><G74/><T15/><D116/><U89/><E77/><V10/><F62/><W83/><G101/><T122/><D122/><U111/><E111/><V128/><F128/><W6/><G93/><T42/><D42/><U43/><E43/><V134/><F55/><N who="3" m="30183" /><G85/><T13/><AGARI ba="1,1" hai="1,7,8,13,15,22,27,31" m="48233,44073" machi="13" ten="40,8000,1" yaku="11,1,18,1,34,2,52,1" doraHai="0" who="0" fromWho="0" sc="413,93,177,-21,207,-21,193,-41" /><INIT seed="4,0,0,3,0,36" ten="506,156,186,152" oya="0" hai0="79,40,22,56,98,92,13,94,106,39,59,95,53" hai1="86,77,23,107,27,118,67,38,134,122,50,7,75" hai2="117,33,34,48,18,52,35,72,29,57,78,120,111" hai3="87,132,135,45,68,47,99,121,10,93,8,28,26"/><T131/><D131/><U81/><E107/><V97/><F111/><W0/><G68/><T114/><D114/><U128/><E122/><V5/><F120/><W44/><G87/><T73/><D106/><U124/><E118/><V12/><F117/><W60/><G60/><T21/><D79/><U112/><E128/><V96/><F29/><W88/><G121/><T3/><D3/><U91/><E134/><N who="3" m="51242" /><G0/><T65/><D73/><U41/><E124/><V71/><F71/><W15/><G15/><T123/><D123/><U32/><E32/><AGARI ba="0,0" hai="8,10,26,28,32,44,45,47,88,93,99" m="51242" machi="32" ten="30,2000,0" yaku="20,1,54,1" doraHai="36" who="3" fromWho="1" sc="506,0,156,-20,186,0,152,20" /><INIT seed="5,0,0,0,5,90" ten="506,136,186,172" oya="1" hai0="85,106,66,128,1,59,40,77,92,70,82,124,21" hai1="38,83,135,96,89,27,71,74,91,7,117,24,134" hai2="99,100,114,31,104,115,39,34,52,64,132,5,10" hai3="57,87,112,43,98,78,126,111,69,56,67,84,55"/><U33/><E71/><V93/><F39/><W2/><G111/><T97/><D106/><U75/><E7/><V61/><F132/><N who="1" m="50729" /><E38/><V32/><F104/><W41/><G2/><T42/><D124/><U107/><E117/><V120/><F120/><W127/><G112/><N who="2" m="43049" /><F31/><W108/><G108/><T103/><D70/><U37/><E37/><V95/><F64/><W28/><G28/><T50/><D1/><U73/><E33/><V29/><F29/><W80/><G69/><T131/><D21/><U109/><E109/><V25/><F25/><N who="1" m="9801" /><E83/><V118/><F118/><W26/><G26/><T23/><D23/><U36/><E36/><V101/><F10/><W14/><G14/><T17/><D17/><U125/><E125/><V102/><F5/><W68/><G68/><T88/><D77/><U133/><N who="1" m="50737" /><U72/><N who="1" m="18432" /><DORA hai="86" /><DORA hai="18" /><U35/><E35/><N who="2" m="13355" /><F99/><W4/><G98/><T19/><D19/><U116/><E116/><V60/><F52/><W105/><G55/><T58/><D66/><U13/><E13/><V9/><F9/><W122/><G67/><T53/><REACH who="0" step="1"/><D59/><REACH who="0" ten="496,136,186,172" step="2"/><U63/><E63/><AGARI ba="0,1" hai="60,61,63,93,95,100,101,102" m="13355,43049" machi="63" ten="40,12000,2" yaku="28,2,15,1,11,1,52,2" doraHai="90,86,18" who="2" fromWho="1" sc="496,0,136,-120,186,130,172,0" /><BYE who="1" /><INIT seed="6,0,0,5,1,62" ten="496,16,316,172" oya="2" hai0="0,44,116,5,11,87,134,6,104,117,8,59,130" hai1="103,77,29,132,89,108,93,47,85,106,57,74,49" hai2="27,21,101,52,66,96,50,128,36,72,79,119,31" hai3="64,105,17,4,45,78,73,3,112,38,18,76,91"/><V98/><F36/><W48/><G38/><T46/><D134/><U111/><E111/><V51/><F119/><N who="0" m="45642" /><D104/><U95/><E95/><V83/><F128/><W33/><G33/><T113/><D113/><U80/><E80/><V2/><F2/><W75/><G105/><T121/><D121/><U115/><E115/><V35/><F51/><W26/><G112/><T63/><D87/><U14/><E14/><V92/><F98/><W32/><G4/><T43/><D43/><U41/><E41/><V10/><F10/><W7/><G7/><T129/><D59/><U88/><E88/><V97/><F97/><W99/><G76/><T20/><D20/><U127/><E127/><V24/><F24/><W123/><G78/><T65/><D65/><U40/><E40/><V15/><F15/><W70/><G64/><T16/><D63/><U126/><E126/><V25/><F25/><W19/><G70/><T100/><D100/><U12/><E12/><V90/><F101/><W60/><G60/><T54/><D16/><U125/><E125/><V109/><F109/><W124/><G3/><N who="0" m="63" /><D54/><U9/><E9/><V133/><F133/><W68/><G68/><T53/><D53/><U135/><E135/><V102/><F102/><W131/><G124/><T34/><D34/><U13/><E13/><V56/><REACH who="2" step="1"/><F66/><REACH who="2" ten="496,16,306,172" step="2"/><W107/><G131/><AGARI ba="0,1" hai="0,6,11,44,46,129,130,131" m="63,45642" machi="131" ten="30,2000,0" yaku="19,1,12,1" doraHai="62" who="0" fromWho="3" sc="496,30,16,0,306,0,172,-20" /><INIT seed="7,0,0,3,0,26" ten="526,16,306,152" oya="3" hai0="123,45,112,67,133,55,128,16,14,24,107,44,22" hai1="39,0,113,41,2,96,103,118,72,37,30,86,134" hai2="104,33,10,57,126,47,91,73,90,32,74,95,23" hai3="48,109,106,98,19,66,71,102,62,93,65,4,59"/><W25/><G4/><T83/><D123/><U17/><E17/><V110/><F57/><W135/><G135/><T79/><D133/><U11/><E11/><V40/><F47/><W27/><G109/><T88/><D128/><U131/><E131/><V18/><F40/><W31/><G19/><T61/><D112/><U78/><E78/><V101/><F95/><W111/><G111/><T50/><D107/><U42/><E42/><V84/><F84/><W108/><G108/><T56/><D88/><U9/><E9/><V125/><F101/><W119/><G119/><T117/><D117/><U127/><E127/><V97/><F97/><W5/><G5/><T132/><D132/><U122/><E122/><V34/><F104/><W1/><G1/><T54/><D14/><U130/><E130/><V58/><F58/><W68/><G106/><T38/><D38/><U70/><E70/><V116/><F116/><W12/><G12/><T115/><D115/><U89/><E89/><N who="2" m="33803" /><F10/><W80/><G80/><T46/><D55/><U124/><E124/><N who="2" m="47723" /><F110/><W53/><G31/><T69/><D69/><U77/><E77/><V51/><F51/><W3/><G3/><T120/><D120/><U64/><E64/><V76/><F76/><W75/><G75/><AGARI ba="0,0" hai="16,22,24,44,45,46,50,54,56,61,67,75,79,83" machi="75" ten="30,2000,0" yaku="7,1,54,1" doraHai="26" who="0" fromWho="3" sc="526,20,16,0,306,0,152,-20" owari="546,64.0,16,-48.0,306,11.0,132,-27.0" /></mjloggm>