<mjloggm ver="2.3"><GO type="97" lobby="0"/><UN n0="%E3%82%A6%E3%83%AB%E3%83%88%E3%83%A9%E7%AB%8B%E7%9B%B4" n1="%73%69%6E%74%65%74%73%75" n2="%E3%82%AD%E3%83%B3%E3%82%B0%E3%81%B9%E3%83%92%E3%82%93%E3%82%82%E3%82%B9" n3="%74%61%6B%65%65" dan="13,14,15,13" rate="1884.28,1949.95,1968.71,1867.21" sx="M,M,M,M"/><TAIKYOKU oya="0"/><INIT seed="0,0,0,2,4,70" ten="250,250,250,250" oya="0" hai0="49,3,94,129,63,38,53,51,10,62,40,97,1" hai1="105,120,11,111,0,47,78,84,45,31,122,79,89" hai2="12,15,34,17,69,58,68,33,110,8,74,119,88" hai3="113,44,116,121,50,36,82,18,99,81,134,64,41"/><T118/><D118/><U127/><E31/><V93/><F74/><W104/><G113/><T13/><D129/><U102/><E11/><V42/><F119/><W61/><G116/><T85/><D38/><U35/><E84/><V83/><F83/><W67/><G134/><T23/><D3/><U54/><E54/><V60/><F110/><W19/><G121/><T125/><D1/><U5/><E89/><V26/><F42/><W29/><G67/><T87/><D23/><U57/><E57/><V92/><F92/><W75/><G29/><T48/><D40/><U30/><E30/><V128/><F128/><W65/><G75/><T124/><D124/><U55/><E55/><V28/><F34/><W126/><G126/><T98/><D125/><U107/><E5/><V22/><F15/><W71/><G104/><T115/><D115/><U112/><E102/><V80/><F80/><W52/><G99/><N who="0" m="37899" /><D94/><U59/><E59/><V91/><F91/><W114/><G114/><T39/><D39/><U43/><E127/><V14/><F14/><W95/><G95/><T4/><D53/><U76/><E112/><V100/><F100/><W133/><G133/><T103/><D103/><U25/><E0/><V135/><F8/><W77/><G65/><T21/><D21/><U6/><E6/><V109/><F22/><W131/><G131/><T96/><N who="0" m="37907" /><T106/><DORA hai="117" /><D106/><N who="1" m="40459" /><E111/><V7/><F109/><W101/><G101/><T130/><D130/><U9/><E9/><N who="2" m="6287" /><F135/><W16/><G77/><N who="1" m="19714" /><U46/><DORA hai="27" /><E43/><V24/><F7/><W123/><G123/><N who="1" m="47146" /><E35/><V73/><F33/><RYUUKYOKU ba="0,0" sc="250,10,250,10,250,-30,250,10" hai0="4,10,13,48,49,51,62,63,85,87" hai1="25,45,46,47" hai3="16,18,19,36,41,44,50,52,61,64,71,81,82" /><INIT seed="0,1,0,0,5,75" ten="260,260,220,260" oya="0" hai0="46,30,109,43,56,98,73,119,83,82,3,124,69" hai1="88,59,99,19,97,111,72,26,0,36,8,7,13" hai2="33,76,51,63,86,44,77,52,85,27,49,70,116" hai3="45,125,50,91,24,100,14,18,129,113,6,67,58"/><T37/><D119/><U110/><E72/><V47/><F116/><W95/><G113/><T35/><D69/><U25/><E36/><V55/><F70/><W60/><G129/><T31/><D124/><U103/><E59/><V80/><F63/><W106/><G125/><T105/><D109/><N who="1" m="41483" /><E99/><V29/><F85/><N who="3" m="52719" /><G106/><T42/><D42/><U130/><E130/><V40/><F40/><N who="3" m="24871" /><G100/><N who="0" m="62615" /><D83/><U16/><E103/><V104/><F104/><W135/><G135/><T57/><D56/><U112/><E97/><V48/><F49/><W89/><G89/><AGARI ba="1,0" hai="27,29,33,44,47,48,51,52,55,76,77,80,86,89" machi="89" ten="30,8000,1" yaku="7,1,9,1,52,2,54,1" doraHai="75" who="2" fromWho="3" sc="260,0,260,0,220,83,260,-83" /><INIT seed="1,0,0,0,5,25" ten="260,260,303,177" oya="1" hai0="66,135,76,94,81,68,131,121,12,90,99,70,91" hai1="36,123,38,111,109,10,65,85,83,118,59,64,7" hai2="79,41,122,15,16,49,23,63,4,74,35,130,43" hai3="0,132,17,53,93,54,8,106,80,24,134,14,96"/><U89/><E123/><V22/><F122/><W127/><G106/><T62/><D121/><U44/><E118/><V46/><F35/><W92/><G0/><T18/><D131/><U88/><E59/><V5/><F130/><W126/><G80/><T29/><D135/><N who="3" m="51753" /><G24/><T105/><D105/><U103/><E103/><V112/><F112/><W33/><G33/><T107/><D107/><U47/><E83/><V119/><F119/><W95/><G96/><T100/><D70/><U21/><E21/><V51/><F79/><W113/><G113/><T19/><D29/><U77/><E85/><V86/><F86/><W11/><G14/><T120/><D120/><U34/><E34/><V27/><F74/><W110/><G17/><T57/><D68/><U72/><E72/><V128/><F128/><W28/><G110/><N who="1" m="41994" /><E10/><N who="3" m="3626" /><G28/><T3/><D3/><U78/><E7/><V50/><F63/><W133/><N who="3" m="51761" /><W2/><DORA hai="69" /><G2/><T114/><D114/><U6/><E6/><N who="2" m="2667" /><F46/><N who="1" m="17449" /><E77/><V45/><F45/><W116/><G116/><T37/><D76/><U42/><E42/><V108/><F108/><W13/><G13/><T30/><D81/><U1/><E1/><V104/><F104/><W31/><G31/><AGARI ba="0,0" hai="15,16,22,23,27,31,41,43,49,50,51" m="2667" machi="31" ten="30,3900,0" yaku="8,1,52,1,54,1" doraHai="25,69" who="2" fromWho="3" sc="260,0,260,0,303,39,177,-39" /><INIT seed="2,0,0,1,3,52" ten="260,260,342,138" oya="2" hai0="18,28,123,16,13,54,2,65,62,41,88,121,64" hai1="126,57,9,20,32,84,21,87,11,124,92,125,15" hai2="119,40,34,85,135,110,42,7,113,122,31,120,93" hai3="95,5,127,23,102,97,50,116,129,4,43,12,6"/><V39/><F119/><W3/><G116/><T79/><D2/><U98/><E32/><V59/><F113/><W25/><G129/><T44/><D79/><U10/><E15/><V91/><F7/><W46/><G127/><T90/><D28/><U49/><E92/><V107/><F107/><W17/><REACH who="3" step="1"/><G3/><REACH who="3" ten="260,260,342,128" step="2"/><T89/><D121/><U76/><E76/><V132/><F122/><W80/><G80/><T19/><D123/><U30/><E30/><V69/><F120/><W109/><G109/><T99/><D13/><AGARI ba="0,1" hai="4,5,6,12,13,17,23,25,43,46,50,95,97,102" machi="13" ten="40,2600,0" yaku="1,1,8,1,53,0" doraHai="52" doraHaiUra="48" who="3" fromWho="0" sc="260,-26,260,0,342,0,128,36" /><INIT seed="3,0,0,0,5,48" ten="234,260,342,164" oya="3" hai0="92,70,116,7,108,98,49,55,32,35,15,13,93" hai1="73,113,4,8,16,75,78,74,33,59,130,94,117" hai2="25,11,64,119,87,112,81,9,109,28,2,95,79" hai3="131,46,38,29,84,82,41,71,114,22,110,88,118"/><W121/><G118/><T54/><D70/><U111/><E117/><V100/><F119/><W44/><G121/><T5/><D116/><U45/><E111/><V6/><F112/><W107/><G114/><T1/><D49/><U115/><E130/><V132/><F109/><W37/><G110/><T125/><D108/><U85/><E33/><V122/><F122/><W102/><G131/><T105/><D98/><U17/><E45/><V19/><F64/><W36/><G71/><T72/><D105/><U128/><E128/><V134/><F19/><W65/><G65/><T47/><D47/><U106/><E106/><V42/><F42/><W20/><G29/><T129/><D129/><U91/><E59/><V53/><F9/><W99/><REACH who="3" step="1"/><G46/><REACH who="3" ten="234,260,342,154" step="2"/><T67/><D67/><U50/><E115/><V68/><F68/><W133/><G133/><T135/><D135/><U103/><E113/><V62/><F134/><W10/><G10/><T83/><D125/><U126/><E8/><V86/><F132/><W77/><G77/><T30/><D30/><U12/><E78/><V61/><F79/><W58/><G58/><T56/><D56/><U69/><E126/><V89/><F28/><W120/><G120/><T3/><D72/><U14/><E69/><V124/><F124/><W66/><G66/><T52/><D35/><U40/><E74/><V27/><F11/><W24/><G24/><T63/><D32/><U31/><E73/><V76/><F25/><W21/><AGARI ba="0,1" hai="20,21,22,36,37,38,41,44,82,84,88,99,102,107" machi="21" ten="30,11700,0" yaku="1,1,0,1,54,1,53,1" doraHai="48" doraHaiUra="39" who="3" fromWho="3" sc="234,-39,260,-39,342,-39,154,127" /><INIT seed="3,1,0,1,2,71" ten="195,221,303,281" oya="3" hai0="107,48,134,83,105,50,69,133,90,43,40,30,63" hai1="26,122,49,96,68,75,55,99,85,21,86,101,114" hai2="0,64,97,39,9,80,57,56,17,84,81,130,22" hai3="67,113,117,4,45,33,91,108,2,1,119,37,118"/><W15/><G113/><T6/><D90/><U102/><E114/><V72/><F39/><W135/><G91/><T10/><D83/><U115/><E115/><V76/><F130/><W5/><G67/><N who="0" m="41215" /><D30/><N who="1" m="17743" /><E68/><V121/><F64/><W109/><G45/><N who="0" m="25639" /><D50/><U46/><E122/><V11/><F121/><W24/><G37/><T116/><D43/><U18/><E75/><V123/><F123/><W129/><G129/><T25/><D25/><U112/><E112/><V23/><F23/><W14/><G135/><N who="0" m="51723" /><D116/><U29/><E29/><V131/><F131/><W53/><G53/><T106/><D106/><U120/><E18/><V125/><F97/><N who="1" m="37449" /><E120/><V52/><F0/><AGARI ba="1,0" hai="0,6,10,105,107" m="51723,25639,41215" machi="0" ten="30,1000,0" yaku="20,1" doraHai="71" who="0" fromWho="2" sc="195,13,221,0,303,-13,281,0" /><INIT seed="4,0,0,5,0,22" ten="208,221,290,281" oya="0" hai0="104,119,71,31,57,117,25,58,50,46,2,33,63" hai1="41,84,21,91,90,49,66,114,68,126,28,121,37" hai2="134,101,80,6,19,43,9,112,15,54,34,86,133" hai3="85,73,93,103,35,94,123,100,8,110,56,40,70"/><T13/><D2/><U47/><E121/><V74/><F74/><W76/><G123/><T32/><D32/><U69/><E126/><V5/><F112/><W96/><G35/><T115/><D115/><U135/><E114/><V92/><F34/><W95/><G70/><T27/><D104/><U75/><E135/><N who="2" m="51723" /><F43/><W102/><G40/><T61/><D71/><U113/><E75/><V111/><F111/><W18/><G110/><T29/><D13/><U14/><E113/><V118/><F118/><W10/><G56/><T62/><D117/><U1/><E1/><V36/><F36/><W108/><G108/><T16/><D119/><U30/><E37/><V124/><F124/><W48/><G18/><T79/><D16/><N who="1" m="10391" /><E68/><V17/><F17/><W82/><G48/><T83/><D29/><N who="1" m="11371" /><E66/><V131/><F131/><W60/><G60/><T4/><D4/><U98/><E69/><V89/><F54/><W67/><G67/><T99/><D99/><AGARI ba="0,0" hai="5,6,9,15,19,80,86,89,92,99,101" m="51723" machi="99" ten="30,1000,0" yaku="20,1" doraHai="22" who="2" fromWho="0" sc="208,-10,221,0,290,10,281,0" owari="198,-30.0,221,-18.0,300,40.0,281,8.0" /></mjloggm>