<mjloggm ver="2.3"><GO type="193" lobby="0"/><UN n0="%43%79%74%72%75%73" n1="%E5%B0%B1%E6%B4%BB%E7%94%9F%40%E5%B7%9D%E6%9D%91%E8%BB%8D%E5%9B%A3" n2="%6D%6F%6D%61" n3="%70%72%65%74%7A" dan="11,12,11,12" rate="1647.28,1809.71,1542.68,1813.35" sx="M,M,M,M"/><TAIKYOKU oya="0"/><INIT seed="0,0,0,3,2,131" ten="250,250,250,250" oya="0" hai0="96,16,98,135,100,61,39,38,10,88,25,85,30" hai1="110,64,79,0,71,74,31,106,26,124,62,32,120" hai2="43,99,78,21,58,97,42,111,114,49,87,81,69" hai3="84,122,3,9,86,17,94,105,80,73,108,102,89"/><T45/><D135/><U133/><E110/><V118/><F114/><W82/><G108/><T95/><D61/><U103/><E120/><V47/><F111/><W59/><G122/><T20/><D45/><U14/><E14/><V67/><F69/><W36/><G73/><T44/><D44/><U130/><E124/><V46/><F118/><W8/><G105/><T37/><REACH who="0" step="1"/><D100/><REACH who="0" ten="240,250,250,250" step="2"/><U128/><E133/><V60/><REACH who="2" step="1"/><F21/><REACH who="2" ten="240,250,240,250" step="2"/><W129/><G9/><T101/><D101/><U90/><E103/><V119/><F119/><W91/><G8/><T23/><D23/><U76/><E128/><V63/><F63/><W121/><G102/><T125/><D125/><U72/><E62/><V33/><F33/><W29/><G129/><T83/><D83/><U27/><E32/><V57/><F57/><W113/><G82/><T50/><D50/><AGARI ba="0,2" hai="42,43,46,47,49,50,58,60,67,78,81,87,97,99" machi="50" ten="30,7700,0" yaku="1,1,7,1,9,1,8,1,53,0" doraHai="131" doraHaiUra="66" who="2" fromWho="0" sc="240,-77,250,0,240,97,250,0" /><INIT seed="1,0,0,1,1,134" ten="163,250,337,250" oya="1" hai0="22,108,71,69,70,72,58,93,128,98,29,120,20" hai1="68,77,6,54,122,30,92,114,90,19,61,102,38" hai2="107,50,125,132,31,7,83,43,55,47,80,51,111" hai3="17,34,33,45,126,121,112,109,3,60,46,129,41"/><U87/><E122/><V0/><F107/><W35/><G121/><T67/><D72/><U49/><E38/><V88/><F132/><W62/><G112/><T89/><D120/><U117/><E114/><V57/><F125/><W52/><G109/><T32/><D128/><U25/><E117/><V15/><F111/><W115/><G115/><T18/><D108/><U66/><E6/><V82/><F31/><W53/><G3/><T105/><D105/><U119/><E119/><V44/><F0/><W76/><G76/><T133/><D133/><U118/><E118/><V86/><REACH who="2" step="1"/><F47/><REACH who="2" ten="163,250,327,250" step="2"/><W103/><G126/><T124/><D124/><U123/><E123/><V27/><F27/><W63/><G129/><T36/><D29/><U106/><E106/><V81/><F81/><W97/><G45/><T135/><D32/><U110/><E110/><V74/><F74/><W24/><G24/><T28/><D135/><U8/><E30/><V11/><AGARI ba="0,1" hai="7,11,15,43,44,50,51,55,57,80,82,83,86,88" machi="11" ten="30,8000,1" yaku="1,1,0,1,8,1,54,1,53,1" doraHai="134" doraHaiUra="5" who="2" fromWho="2" sc="163,-20,250,-40,327,90,250,-20" /><INIT seed="2,0,0,5,3,80" ten="143,210,417,230" oya="2" hai0="12,94,16,18,55,43,50,40,77,87,61,85,54" hai1="0,15,112,76,66,64,93,48,6,123,104,105,10" hai2="49,27,132,30,124,110,121,109,74,46,41,89,81" hai3="135,91,28,114,95,96,9,133,115,68,8,71,126"/><V130/><F121/><W1/><G28/><T86/><D77/><U44/><E112/><N who="3" m="43050" /><G126/><T101/><D61/><U79/><E123/><V97/><F74/><W34/><G34/><T13/><D101/><U62/><E0/><V69/><F124/><W26/><G26/><T111/><D111/><N who="2" m="42506" /><F69/><N who="3" m="26699" /><G1/><T116/><D94/><U38/><E38/><V7/><F7/><W119/><G119/><T129/><D129/><U103/><E104/><V37/><F130/><W134/><AGARI ba="0,0" hai="8,9,91,95,96,133,134,135" m="26699,43050" machi="134" ten="40,2700,0" yaku="20,1,11,1" doraHai="80" who="3" fromWho="3" sc="143,-7,210,-7,417,-13,230,27" /><INIT seed="3,0,0,0,0,90" ten="136,203,404,257" oya="3" hai0="126,114,76,16,74,85,66,125,105,107,40,93,30" hai1="109,120,36,28,130,112,84,20,96,6,78,82,106" hai2="80,69,81,63,2,57,129,13,38,39,68,73,118" hai3="127,3,94,61,113,24,60,43,4,64,34,108,62"/><W37/><G113/><T17/><D40/><U99/><E36/><V58/><F118/><W23/><G34/><T91/><D114/><U5/><E112/><V12/><F73/><W95/><G127/><N who="0" m="48651" /><D66/><U98/><E120/><V110/><F110/><W87/><G43/><T121/><D121/><U51/><E109/><V72/><F72/><W27/><G108/><T101/><D30/><U52/><E106/><V133/><F63/><W41/><G41/><T22/><D17/><U45/><E130/><V116/><F129/><W102/><G37/><T25/><D101/><U117/><E117/><V50/><F116/><W33/><G33/><T100/><D100/><U135/><E135/><V65/><F65/><W89/><G4/><T123/><D123/><U46/><E46/><V115/><F115/><W104/><G3/><T119/><D119/><U88/><REACH who="1" step="1"/><E78/><REACH who="1" ten="136,193,404,257" step="2"/><V111/><F111/><W47/><G47/><T14/><D25/><AGARI ba="0,1" hai="5,6,20,25,28,45,51,52,82,84,88,96,98,99" machi="25" ten="40,12000,2" yaku="1,1,2,1,8,1,54,2,53,1" doraHai="90" doraHaiUra="44" who="1" fromWho="0" sc="136,-120,193,130,404,0,257,0" owari="16,-48.0,323,12.0,404,50.0,257,-14.0" /></mjloggm>