<mjloggm ver="2.3"><GO type="169" lobby="0"/><UN n0="%EF%BC%9D%E4%BC%8A%E8%97%A4%E3%81%8B%E3%81%AA%E6%81%B5%EF%BC%9D" n1="%E5%8C%97%E9%81%93%E5%B1%B1" n2="%E3%82%A6%E3%83%AB%E3%83%88%E3%83%A9%E7%AB%8B%E7%9B%B4" n3="%66%72%65%65%7A%65%37" dan="17,16,16,16" rate="2168.93,2107.03,2119.59,2091.94" sx="F,M,M,M"/><TAIKYOKU oya="0"/><INIT seed="0,0,0,0,5,63" ten="250,250,250,250" oya="0" hai0="6,102,125,31,16,113,49,38,87,47,56,89,135" hai1="126,12,99,93,29,120,129,61,73,121,41,127,112" hai2="7,85,110,71,20,62,70,24,103,32,4,5,23" hai3="8,111,115,36,27,69,44,54,86,15,58,37,100"/><T17/><D113/><U10/><E41/><V105/><F110/><W80/><G111/><T1/><D135/><U94/><E29/><V78/><F85/><W57/><G115/><T21/><D38/><U68/><E112/><V30/><F78/><W64/><G100/><T50/><D102/><U98/><E73/><V53/><F53/><W28/><G44/><T22/><D125/><N who="1" m="47627" /><E129/><V79/><F79/><W9/><G9/><T91/><D1/><U118/><E118/><V26/><F71/><W3/><G3/><T76/><D6/><U55/><E94/><V52/><F26/><W131/><G131/><T11/><D11/><U133/><E133/><V124/><F124/><W39/><G54/><N who="0" m="31831" /><D31/><U13/><E13/><V88/><F88/><N who="0" m="33866" /><D87/><U108/><E108/><V46/><F46/><W97/><G97/><N who="1" m="36874" /><E93/><V67/><F52/><W130/><G130/><T65/><D76/><U90/><E90/><V0/><F0/><W96/><G96/><AGARI ba="0,0" hai="4,5,7,20,23,24,30,32,62,67,70,96,103,105" machi="96" ten="40,5200,0" yaku="25,2,52,1" doraHai="63" who="2" fromWho="3" sc="250,0,250,0,250,52,250,-52" /><INIT seed="1,0,0,5,4,25" ten="250,250,302,198" oya="1" hai0="80,3,132,79,104,47,66,72,11,120,57,105,89" hai1="21,69,87,12,55,42,24,32,38,75,43,90,31" hai2="97,117,28,65,36,35,44,70,82,124,71,33,27" hai3="52,91,127,20,5,86,1,51,128,125,95,46,15"/><U2/><E75/><V29/><F117/><W18/><REACH who="3" step="1"/><G128/><REACH who="3" ten="250,250,302,188" step="2"/><T8/><D120/><U88/><E2/><V41/><F124/><W37/><G37/><T102/><D3/><U122/><E122/><V92/><F65/><W4/><G4/><T16/><D66/><U76/><E38/><V108/><F108/><W81/><G81/><T59/><D80/><U19/><E69/><V13/><F82/><W54/><G54/><T83/><D83/><U58/><E76/><V106/><F70/><W114/><G114/><T6/><D6/><U67/><E67/><V78/><F78/><W129/><G129/><T23/><D79/><U100/><E100/><V119/><F71/><W109/><G109/><T135/><D102/><U39/><E39/><V48/><F36/><W96/><G96/><T115/><D115/><U130/><E130/><V22/><F119/><W68/><G68/><T126/><D126/><U62/><E90/><V98/><F98/><W85/><G85/><T112/><D89/><U84/><E84/><V110/><F110/><W34/><G34/><T60/><D112/><U64/><E64/><V49/><F35/><W121/><G121/><T61/><D72/><U50/><E62/><V74/><F33/><W30/><G30/><T53/><D60/><U45/><E45/><V9/><F74/><W123/><G123/><T14/><D47/><U56/><E56/><V40/><F29/><W0/><G0/><T101/><D57/><U26/><E58/><V73/><F73/><W113/><G113/><T116/><D116/><U103/><E103/><V63/><F44/><RYUUKYOKU ba="0,1" sc="250,-10,250,-10,302,-10,188,30" hai3="1,5,15,18,20,46,51,52,86,91,95,125,127" /><INIT seed="2,1,1,1,3,39" ten="240,240,292,218" oya="2" hai0="102,116,56,51,62,60,3,25,84,58,9,103,36" hai1="83,65,100,52,32,69,30,95,44,37,29,2,15" hai2="121,61,107,48,66,19,59,128,132,87,13,120,68" hai3="23,90,130,125,11,86,12,43,18,33,4,24,67"/><V127/><F107/><W117/><G117/><T133/><D36/><U110/><E2/><V85/><F127/><W64/><G125/><T27/><D116/><U8/><E110/><V31/><F128/><W49/><G130/><T105/><D133/><U76/><E32/><V63/><F31/><W40/><G33/><T7/><D51/><U88/><E100/><V93/><F132/><W108/><G108/><T78/><D78/><U109/><E109/><V73/><F73/><W113/><G113/><T118/><D84/><U77/><E69/><V112/><F112/><W74/><G74/><T71/><D71/><U131/><E65/><N who="3" m="25162" /><G49/><T1/><D118/><U45/><E131/><V28/><F28/><N who="1" m="10857" /><E37/><V126/><F126/><W94/><AGARI ba="1,1" hai="4,11,12,18,23,24,40,43,86,90,94" m="25162" machi="94" ten="30,4000,0" yaku="8,1,52,2" doraHai="39" who="3" fromWho="3" sc="240,-11,240,-11,292,-21,218,53" /><INIT seed="3,0,0,4,4,2" ten="229,229,271,271" oya="3" hai0="78,91,81,32,25,49,50,88,19,115,122,8,116" hai1="93,39,46,95,27,129,72,58,109,82,68,75,131" hai2="62,31,15,10,40,98,125,42,120,9,23,12,96" hai3="121,26,133,52,56,84,124,1,28,128,132,135,99"/><W22/><G121/><T74/><D116/><U11/><E68/><V30/><F125/><W126/><G99/><T66/><D122/><U111/><E27/><V18/><F62/><N who="3" m="36103" /><G1/><T37/><D37/><U44/><E39/><V100/><F120/><W45/><G45/><N who="1" m="17514" /><E11/><V16/><F23/><W41/><G41/><T0/><D115/><U4/><E58/><V63/><F63/><W55/><G55/><T108/><D66/><U114/><E82/><V69/><F100/><W61/><G61/><T113/><D113/><U107/><E4/><V64/><F64/><W38/><G38/><T79/><D0/><U17/><E107/><V92/><F92/><N who="1" m="35401" /><E17/><V48/><F48/><W80/><G128/><N who="1" m="49226" /><E114/><V36/><F36/><W86/><G86/><T3/><D3/><U94/><E94/><V35/><REACH who="2" step="1"/><F69/><REACH who="2" ten="229,229,261,271" step="2"/><W29/><G29/><T59/><D49/><U102/><E102/><V47/><F47/><W43/><G43/><T51/><D50/><U103/><E103/><V7/><F7/><W87/><G87/><T5/><D51/><U130/><E130/><V127/><F127/><W101/><G101/><T14/><D5/><U134/><E134/><V90/><F90/><AGARI ba="0,1" hai="22,26,28,80,84,90,124,126,132,133,135" m="36103" machi="90" ten="30,2900,0" yaku="20,1,54,1" doraHai="2" who="3" fromWho="2" sc="229,0,229,0,261,-29,271,39" /><INIT seed="3,1,0,4,4,37" ten="229,229,232,310" oya="3" hai0="108,125,135,104,33,46,112,127,19,2,54,77,26" hai1="27,98,100,113,110,66,114,92,52,5,74,20,88" hai2="93,56,72,49,39,118,131,34,103,76,124,70,106" hai3="78,133,105,79,0,7,67,11,61,117,15,44,102"/><W28/><G117/><T17/><D104/><U69/><E74/><V95/><F70/><W22/><G133/><T99/><D135/><U134/><E134/><V16/><F39/><W109/><G109/><T3/><D99/><U6/><E110/><V9/><F34/><W25/><G44/><T12/><D108/><U85/><E52/><N who="2" m="31759" /><F72/><W86/><G86/><T82/><D54/><U55/><E55/><V40/><F106/><W130/><G130/><T50/><D50/><U4/><E66/><V30/><F30/><W8/><G105/><T115/><D46/><U81/><REACH who="1" step="1"/><E69/><REACH who="1" ten="229,219,232,310" step="2"/><V47/><F131/><W45/><G67/><T121/><D112/><U32/><E32/><V73/><F73/><W84/><G61/><T59/><D115/><U122/><E122/><V58/><F118/><W65/><G65/><T57/><D33/><U119/><E119/><V71/><F71/><W21/><G45/><T29/><D121/><U24/><E24/><V111/><F111/><W123/><G123/><T96/><D26/><U89/><E89/><V42/><F47/><W68/><G68/><T41/><D59/><U90/><E90/><V120/><F120/><W18/><G102/><T38/><D57/><U10/><E10/><V63/><F103/><W48/><G48/><T83/><D38/><U53/><E53/><N who="2" m="34255" /><F76/><W116/><G116/><T132/><D77/><U87/><E87/><V91/><F91/><W60/><G60/><T128/><D132/><U43/><E43/><N who="2" m="16427" /><F124/><W51/><G79/><T13/><D127/><U97/><E97/><V36/><F36/><W31/><G78/><RYUUKYOKU ba="1,1" sc="229,-15,219,15,232,15,310,-15" hai1="4,5,6,20,27,81,85,88,92,98,100,113,114" hai2="9,16,93,95" /><INIT seed="4,2,1,2,1,53" ten="214,234,247,295" oya="0" hai0="9,83,17,46,76,24,28,36,65,22,73,130,72" hai1="79,128,71,100,77,39,127,33,69,90,110,68,75" hai2="116,50,6,105,129,62,66,117,34,20,107,18,80" hai3="114,31,51,38,134,99,12,13,92,11,108,19,121"/><T37/><D130/><U29/><E110/><V40/><F6/><W61/><G108/><T64/><D72/><U7/><E7/><V91/><F34/><W95/><G38/><T2/><D37/><U15/><E15/><V104/><F129/><W113/><G121/><T60/><D60/><U63/><E128/><V47/><F91/><W131/><G131/><T43/><REACH who="0" step="1"/><D17/><REACH who="0" ten="204,234,247,295" step="2"/><U78/><E39/><V132/><F116/><W84/><G61/><T10/><D10/><U88/><E75/><V109/><F117/><W26/><G11/><T42/><D42/><U56/><E127/><V55/><F109/><W16/><G19/><T44/><D44/><U54/><REACH who="1" step="1"/><E100/><REACH who="1" ten="204,224,247,295" step="2"/><V58/><F132/><W133/><G134/><T125/><D125/><U14/><E14/><V30/><F62/><W135/><G12/><T103/><D103/><U98/><E98/><V124/><F124/><W8/><G133/><T94/><D94/><U115/><E115/><V120/><F105/><W74/><G135/><T52/><D52/><U32/><E32/><V59/><F55/><W93/><G74/><T106/><D106/><U67/><E67/><V57/><F66/><W21/><G99/><T45/><D45/><U87/><E87/><V23/><F107/><W85/><G84/><T111/><D111/><U86/><E86/><V1/><F104/><W97/><G85/><T126/><D126/><U3/><E3/><V41/><F1/><W0/><G97/><T81/><D81/><U101/><E101/><V89/><F80/><W119/><G0/><T112/><D112/><N who="3" m="43113" /><G119/><T118/><D118/><RYUUKYOKU ba="2,3" sc="204,10,224,10,247,-30,295,10" hai0="2,9,22,24,28,36,43,46,64,65,73,76,83" hai1="29,33,54,56,63,68,69,71,77,78,79,88,90" hai3="8,13,16,21,26,31,51,92,93,95" /><INIT seed="4,3,3,0,5,73" ten="214,234,217,305" oya="0" hai0="46,40,55,133,107,119,132,103,91,83,42,62,36" hai1="25,127,114,105,6,120,52,56,66,92,89,106,79" hai2="21,63,60,70,53,49,131,71,0,43,85,14,118" hai3="68,22,130,50,111,109,100,121,104,67,115,19,57"/><T51/><D119/><U38/><E120/><V78/><F0/><W32/><G121/><T13/><D62/><U3/><E38/><V15/><F43/><W81/><G32/><T37/><D42/><U117/><E117/><V48/><F118/><W44/><G115/><T59/><D36/><U1/><E66/><V84/><F21/><W72/><G130/><T35/><D35/><U77/><E114/><V124/><F53/><W16/><G68/><T135/><D13/><U93/><E52/><V23/><F23/><W5/><G5/><T82/><REACH who="0" step="1"/><D91/><REACH who="0" ten="204,234,217,305" step="2"/><U75/><E89/><V4/><F63/><W17/><G111/><T96/><AGARI ba="3,4" hai="37,40,46,51,55,59,82,83,96,103,107,132,133,135" machi="96" ten="40,12000,1" yaku="1,1,2,1,0,1,20,1,53,0" doraHai="73" doraHaiUra="113" who="0" fromWho="0" sc="204,169,234,-43,217,-43,305,-43" /><INIT seed="4,4,0,0,3,24" ten="373,191,174,262" oya="0" hai0="12,44,5,64,101,60,96,91,87,69,121,125,130" hai1="131,74,42,21,13,76,95,124,40,32,93,2,52" hai2="53,120,29,62,30,100,56,89,77,134,16,72,55" hai3="27,36,98,126,116,25,113,65,107,58,88,71,108"/><T99/><D121/><U38/><E32/><V122/><F100/><W63/><G108/><T19/><D125/><U118/><E118/><V103/><F103/><W106/><G116/><T61/><D130/><U68/><E68/><V33/><F77/><W75/><G126/><T73/><D73/><U45/><E2/><V85/><F72/><W117/><G117/><T97/><BYE who="3" /><D5/><U51/><E131/><V59/><F33/><W48/><G48/><T6/><D6/><U15/><E124/><V67/><F134/><W86/><G86/><T28/><D28/><N who="2" m="10858" /><F120/><W7/><G7/><T133/><D133/><U35/><E35/><V10/><F122/><W94/><G94/><T135/><D135/><U132/><E95/><N who="2" m="54703" /><F59/><UN n3="%66%72%65%65%7A%65%37" /><W102/><G113/><T4/><D69/><U0/><E0/><V20/><F10/><W114/><G114/><T127/><D101/><U82/><E132/><V79/><F79/><W50/><G36/><T119/><D127/><U26/><E38/><V11/><F11/><W23/><G75/><T17/><D119/><U1/><E1/><V66/><F66/><W37/><G37/><T39/><D64/><U111/><E111/><V31/><N who="2" m="10866" /><V70/><DORA hai="81" /><F70/><W90/><G107/><T9/><D39/><U8/><E8/><V57/><F57/><W54/><REACH who="3" step="1"/><G27/><AGARI ba="4,0" hai="16,20,27,53,55,56,62,67" m="54703,10866" machi="27" ten="30,12000,2" yaku="8,1,52,5,54,1" doraHai="24,81" who="2" fromWho="3" sc="373,0,191,0,174,132,262,-132" /><INIT seed="5,0,0,1,1,5" ten="373,191,306,130" oya="1" hai0="79,21,46,42,126,56,101,13,43,57,94,44,89" hai1="92,49,100,34,58,76,130,26,119,85,96,97,2" hai2="55,86,27,30,7,3,114,31,41,90,53,121,36" hai3="127,62,129,12,47,52,20,75,38,66,117,103,6"/><U115/><E119/><V128/><F121/><W106/><G117/><T112/><D112/><U104/><E115/><V9/><F128/><W131/><G75/><T87/><D126/><U132/><E130/><N who="3" m="49674" /><G127/><T71/><D71/><U110/><E132/><V133/><F31/><W111/><G111/><T77/><D101/><U88/><E2/><V18/><F114/><W23/><G106/><T120/><D120/><U91/><E110/><V99/><F99/><W28/><G103/><T102/><D102/><U32/><E76/><V107/><F107/><W45/><G28/><T10/><D21/><N who="3" m="8265" /><G38/><T65/><D77/><U113/><E113/><V48/><F36/><W81/><G81/><T134/><D134/><U73/><E73/><V72/><F72/><W24/><G24/><T78/><D78/><U19/><E26/><V16/><F133/><W118/><G118/><T51/><D65/><U64/><E19/><V122/><F122/><W15/><G15/><T40/><D79/><U54/><REACH who="1" step="1"/><E64/><REACH who="1" ten="373,181,306,130" step="2"/><V59/><F18/><W37/><G66/><T61/><D13/><U80/><AGARI ba="0,1" hai="32,34,49,54,58,80,85,88,91,92,96,97,100,104" machi="80" ten="20,12000,1" yaku="1,1,2,1,0,1,7,1,54,1,53,0" doraHai="5" doraHaiUra="39" who="1" fromWho="1" sc="373,-40,181,130,306,-40,130,-40" /><INIT seed="5,1,0,2,0,130" ten="333,311,266,90" oya="1" hai0="75,5,11,15,121,13,131,96,82,30,57,25,84" hai1="70,52,36,21,28,33,105,95,0,14,110,106,45" hai2="1,94,129,35,10,4,101,17,104,19,40,102,69" hai3="9,76,77,103,128,126,117,65,92,90,134,119,72"/><U113/><E70/><V116/><F69/><W98/><G65/><T18/><D131/><U54/><E0/><V41/><F104/><N who="3" m="63607" /><G9/><T6/><D75/><U120/><E120/><V79/><F35/><W107/><G128/><T23/><D121/><U71/><E71/><V88/><F79/><N who="3" m="30283" /><G126/><T55/><D96/><U49/><E36/><V12/><F116/><N who="3" m="44619" /><G107/><T89/><D15/><U27/><E106/><V63/><F129/><W22/><G22/><T24/><D25/><U37/><E37/><V29/><F29/><W26/><G26/><T47/><D47/><U66/><E105/><V62/><F1/><W7/><G7/><T42/><D42/><N who="2" m="16490" /><F63/><AGARI ba="1,0" hai="5,6,11,13,18,23,24,30,55,57,63,82,84,89" machi="63" ten="30,2000,0" yaku="7,1,8,1" doraHai="130" who="0" fromWho="2" sc="333,23,311,0,266,-23,90,0" /><INIT seed="6,0,0,4,0,52" ten="356,311,243,90" oya="2" hai0="126,43,61,24,96,107,129,38,66,132,130,106,70" hai1="108,80,56,73,50,2,65,42,113,133,74,22,62" hai2="88,99,81,135,57,7,14,54,85,86,104,28,59" hai3="29,116,95,3,53,100,35,12,9,31,117,92,110"/><V121/><F135/><W67/><G110/><T41/><D132/><U13/><E108/><V76/><F121/><W118/><G3/><T83/><D126/><U49/><E2/><V60/><F28/><W4/><G67/><T30/><D83/><U128/><E133/><V40/><F40/><N who="0" m="15434" /><D96/><U34/><E34/><V119/><F119/><W75/><G75/><T26/><D38/><U69/><E128/><N who="0" m="49257" /><D26/><U98/><E113/><V102/><F7/><W71/><G71/><T1/><D1/><U87/><E98/><V18/><F54/><W79/><G79/><T97/><D97/><U21/><E50/><V45/><F60/><W10/><G10/><T89/><D89/><U94/><E94/><N who="2" m="58743" /><F45/><W17/><G4/><T91/><D91/><U103/><E103/><V36/><F36/><W23/><G35/><AGARI ba="0,0" hai="24,30,35,61,66,70,106,107" m="49257,15434" machi="35" ten="30,1000,0" yaku="19,1" doraHai="52" who="0" fromWho="3" sc="356,10,311,0,243,0,90,-10" /><INIT seed="7,0,0,0,0,134" ten="366,311,243,80" oya="3" hai0="54,92,21,105,123,36,2,55,8,113,74,4,72" hai1="67,107,11,120,108,17,24,124,37,133,1,33,48" hai2="59,114,128,104,0,131,60,115,129,93,18,47,89" hai3="112,46,10,94,79,122,62,25,103,56,23,86,40"/><W111/><G122/><T91/><D105/><U106/><E120/><V87/><F0/><W38/><G112/><N who="2" m="43049" /><F47/><W20/><G111/><T90/><D123/><U6/><E37/><V117/><F18/><W44/><G10/><T101/><D36/><U32/><E67/><V68/><F68/><W71/><G71/><T97/><D21/><U35/><E17/><V109/><F59/><W121/><G121/><T57/><D55/><U41/><E108/><V45/><F60/><W7/><G7/><T125/><D91/><U43/><E24/><V52/><F52/><N who="3" m="34055" /><G38/><T22/><D22/><N who="3" m="8233" /><G40/><T49/><D113/><U63/><E41/><V19/><F45/><N who="3" m="17515" /><G25/><T83/><D74/><U70/><E43/><V28/><F109/><W30/><G30/><T65/><D72/><U13/><E70/><V27/><F104/><W64/><G64/><T78/><D65/><U80/><E106/><V76/><F117/><W69/><G69/><T77/><D8/><U81/><E107/><V119/><F119/><W9/><G9/><T132/><D4/><U29/><E6/><V126/><F28/><W127/><G127/><T85/><D125/><U39/><E124/><V110/><F126/><W99/><G86/><T75/><D2/><U50/><E1/><V118/><F118/><W51/><G51/><N who="1" m="19498" /><E29/><V98/><F110/><W26/><G26/><T31/><D31/><U96/><E39/><V102/><F27/><W5/><G5/><T42/><D42/><U53/><E33/><V82/><F19/><W95/><G95/><N who="0" m="58559" /><D132/><U12/><E133/><V116/><F116/><W130/><G130/><RYUUKYOKU ba="0,0" sc="366,10,311,-30,243,10,80,10" hai0="49,54,57,75,77,78,83,85,90,92" hai2="76,82,87,89,93,98,102,128,129,131" hai3="79,94,99,103" /><INIT seed="7,1,0,3,2,53" ten="376,281,253,90" oya="3" hai0="114,3,61,69,13,86,73,104,39,82,12,20,117" hai1="18,110,132,133,54,8,33,115,70,9,74,59,66" hai2="32,71,28,129,116,80,26,119,35,36,4,108,42" hai3="17,64,37,34,106,0,135,55,14,112,103,21,81"/><W19/><G0/><T98/><D117/><U41/><E74/><V131/><F71/><W120/><G120/><T50/><D39/><U30/><E110/><V89/><F108/><W105/><G34/><T126/><D73/><U56/><E115/><V95/><F35/><W79/><G112/><T91/><D3/><U68/><E41/><V10/><F80/><W127/><G37/><T57/><D69/><N who="1" m="26731" /><E66/><V97/><F42/><W130/><G130/><T92/><D126/><U78/><E78/><V134/><F36/><W31/><G127/><T44/><D104/><U83/><E83/><V121/><F121/><W24/><G135/><N who="1" m="51786" /><E18/><V47/><F47/><W100/><G64/><N who="0" m="38959" /><D20/><U93/><E93/><V65/><F65/><W38/><G38/><T85/><D85/><U2/><E54/><V90/><F134/><W27/><G55/><N who="0" m="30151" /><D114/><U25/><E2/><V94/><F131/><W6/><G106/><T101/><AGARI ba="1,0" hai="12,13,82,86,91,92,98,101" m="30151,38959" machi="101" ten="30,2000,0" yaku="8,1,52,1" doraHai="53" who="0" fromWho="0" sc="376,23,281,-6,253,-6,90,-11" owari="399,49.0,275,8.0,247,-15.0,79,-42.0" /></mjloggm>