<mjloggm ver="2.3"><GO type="97" lobby="0"/><UN n0="%EF%BC%A0%E5%AF%92%E5%A4%A9" n1="%E3%82%A6%E3%83%AB%E3%83%88%E3%83%A9%E7%AB%8B%E7%9B%B4" n2="%63%68%69%6B%5F%75%77%61" n3="%E5%BC%90%E5%8F%B7%E6%A9%9F" dan="13,13,13,14" rate="1890.38,1842.73,1849.55,1892.79" sx="M,M,M,M"/><TAIKYOKU oya="0"/><INIT seed="0,0,0,0,0,108" ten="250,250,250,250" oya="0" hai0="9,98,79,133,116,0,12,11,107,62,27,128,57" hai1="100,50,29,85,96,88,38,40,1,120,121,64,23" hai2="3,49,86,104,114,34,127,30,17,103,68,61,87" hai3="14,28,83,118,99,129,55,134,91,65,5,72,132"/><T13/><D116/><U54/><E1/><V102/><F3/><W123/><G118/><T94/><D79/><U33/><E33/><V125/><F34/><W63/><G129/><T58/><D133/><U22/><E64/><V92/><F30/><W115/><G123/><T67/><D128/><U31/><E38/><V7/><F7/><W66/><G28/><T95/><D107/><U75/><E75/><V46/><F68/><W52/><G72/><T71/><D0/><U56/><E40/><V97/><F61/><W89/><G99/><T24/><D71/><U60/><E50/><V36/><F36/><W15/><G63/><T19/><D58/><U25/><E23/><V43/><F103/><W6/><G83/><T93/><REACH who="0" step="1"/><D98/><REACH who="0" ten="240,250,250,250" step="2"/><U113/><E121/><V20/><F104/><W69/><REACH who="3" step="1"/><G69/><REACH who="3" ten="240,250,250,240" step="2"/><T126/><D126/><U26/><E120/><V112/><F87/><W2/><G2/><T21/><D21/><U47/><E22/><V81/><F127/><W18/><G18/><AGARI ba="0,2" hai="9,11,12,13,18,19,24,27,57,62,67,93,94,95" machi="18" ten="40,7700,0" yaku="1,1,9,1,8,1,53,0" doraHai="108" doraHaiUra="39" who="0" fromWho="3" sc="240,97,250,0,250,0,240,-77" /><INIT seed="0,1,0,1,3,74" ten="337,250,250,163" oya="0" hai0="14,9,59,67,38,131,71,82,110,99,54,108,100" hai1="83,40,35,69,36,101,57,1,89,47,0,73,4" hai2="130,92,51,15,37,32,126,63,46,98,11,65,43" hai3="3,124,66,12,121,28,41,21,133,27,122,77,20"/><T56/><D38/><U62/><E101/><V44/><F130/><W55/><G3/><T128/><D71/><U118/><E118/><V129/><F32/><W114/><G114/><T87/><D67/><U96/><E35/><V48/><F129/><N who="0" m="49738" /><D54/><U18/><E69/><V8/><F126/><W61/><G133/><T105/><D14/><U16/><E96/><V102/><F37/><W24/><G124/><T45/><D45/><U64/><E89/><V132/><F132/><W95/><G41/><T42/><D42/><U111/><E111/><N who="0" m="42537" /><D9/><N who="1" m="2183" /><E1/><V52/><REACH who="2" step="1"/><F15/><REACH who="2" ten="337,250,240,163" step="2"/><W103/><G121/><T13/><D13/><U31/><E31/><V80/><F80/><W94/><G12/><T7/><D7/><U88/><E18/><V104/><F104/><W19/><G122/><T123/><D123/><U26/><E16/><V23/><F23/><W81/><G19/><T125/><D125/><U75/><E26/><V2/><F2/><W29/><G20/><T49/><D82/><U33/><E33/><V119/><F119/><W91/><G21/><T53/><D105/><U109/><E109/><V50/><F50/><W70/><G24/><T107/><D49/><U10/><E10/><V30/><F30/><W86/><G27/><T25/><D107/><U115/><E115/><V113/><F113/><W135/><G28/><T127/><D25/><U106/><E106/><V112/><F112/><W34/><G29/><T117/><D117/><U76/><E75/><V78/><F78/><W116/><G34/><T85/><D127/><U93/><E93/><V84/><F84/><W5/><G86/><RYUUKYOKU ba="1,1" sc="337,-15,250,15,240,15,163,-15" hai1="36,40,47,57,62,64,73,76,83,88" hai2="8,11,43,44,46,48,51,52,63,65,92,98,102" /><INIT seed="1,2,1,4,0,133" ten="322,265,255,148" oya="1" hai0="0,132,33,20,27,61,13,91,120,73,58,104,46" hai1="111,90,16,119,98,135,6,93,21,18,68,65,74" hai2="95,123,78,76,44,114,134,28,22,54,82,83,40" hai3="17,47,12,89,79,80,86,101,59,35,41,8,63"/><U48/><E74/><V92/><F123/><W64/><G35/><T128/><D73/><U4/><E119/><V116/><F116/><W9/><G101/><T118/><D104/><U112/><E112/><V109/><F134/><W55/><G64/><T100/><D118/><U105/><E105/><V94/><F114/><W15/><G89/><T85/><D120/><U107/><E107/><V72/><F109/><W19/><G47/><T60/><D132/><U10/><E111/><V39/><F54/><W2/><REACH who="3" step="1"/><G2/><REACH who="3" ten="322,265,255,138" step="2"/><T81/><D100/><U7/><E135/><V115/><F115/><W117/><G117/><T50/><D0/><U103/><E103/><V36/><F22/><W131/><G131/><T29/><D33/><U51/><E65/><V122/><F122/><W56/><G56/><T26/><D58/><U110/><E110/><V34/><F34/><W43/><AGARI ba="2,2" hai="8,9,12,15,17,19,41,43,55,59,63,79,80,86" machi="43" ten="30,7900,0" yaku="1,1,0,1,9,1,8,1,53,0" doraHai="133" doraHaiUra="70" who="3" fromWho="3" sc="322,-22,265,-41,255,-22,138,105" /><INIT seed="2,0,0,1,5,133" ten="300,224,233,243" oya="2" hai0="7,108,28,117,67,12,48,38,78,66,98,82,0" hai1="113,26,130,118,22,60,106,134,5,116,36,64,92" hai2="59,27,21,70,120,4,97,110,47,121,32,14,49" hai3="124,96,114,40,69,128,100,119,6,84,13,19,57"/><V30/><F70/><W56/><G119/><T29/><D117/><U103/><E113/><V35/><F59/><W17/><G69/><T123/><D123/><N who="2" m="47178" /><F47/><W25/><G128/><T24/><D38/><U39/><E130/><V75/><F97/><W87/><G114/><T129/><D0/><U20/><E134/><V10/><F49/><W41/><G6/><T109/><D129/><U55/><E106/><V79/><F79/><W115/><G115/><T50/><D98/><U18/><E55/><V127/><F75/><W135/><G100/><T107/><D107/><U37/><E92/><V61/><F61/><W72/><G72/><T74/><D12/><U81/><E81/><V52/><F52/><W83/><G13/><T43/><D43/><U46/><E103/><V3/><F110/><N who="0" m="42602" /><D7/><U65/><E5/><V94/><F94/><W112/><G25/><T42/><D42/><U63/><E118/><V85/><F85/><W51/><G112/><T11/><D11/><U99/><E116/><V86/><F86/><W126/><G96/><T93/><D93/><U132/><E99/><V77/><F77/><W90/><G83/><T111/><D111/><U80/><E80/><V33/><F127/><W9/><G135/><T105/><D105/><U102/><E132/><V44/><F44/><W71/><G71/><T104/><D104/><U125/><E46/><V45/><F45/><W15/><G15/><AGARI ba="0,0" hai="3,4,10,14,15,21,27,30,32,33,35" m="47178" machi="15" ten="40,3900,0" yaku="34,2" doraHai="133" who="2" fromWho="3" sc="300,0,224,0,233,39,243,-39" /><INIT seed="2,1,0,0,2,16" ten="300,224,272,204" oya="2" hai0="43,36,86,92,56,78,96,53,108,34,128,38,116" hai1="91,127,7,72,134,54,89,22,93,18,131,83,110" hai2="47,122,25,57,39,63,24,125,67,84,28,61,117" hai3="123,64,115,41,76,33,71,10,44,1,95,130,77"/><V98/><F122/><W37/><G123/><T68/><D68/><U27/><E110/><V49/><F117/><W82/><G33/><T90/><D90/><U14/><E127/><V111/><F111/><W23/><G130/><T121/><D121/><U120/><E131/><V135/><F135/><W15/><G115/><T52/><D52/><U4/><E134/><V79/><F39/><W12/><G95/><T113/><D113/><U31/><E120/><V88/><F125/><W105/><G76/><T3/><D3/><U40/><E40/><V85/><F63/><W112/><G112/><T99/><D99/><U46/><E72/><V9/><F9/><W32/><G32/><T42/><D42/><U119/><E119/><V35/><F25/><W81/><G81/><T109/><D109/><U0/><E0/><V114/><F114/><W50/><G1/><T124/><D124/><U106/><E106/><V19/><F19/><W118/><G105/><T74/><D74/><U11/><E83/><V48/><F48/><W101/><G101/><T103/><D103/><U102/><E102/><V30/><F30/><W70/><G118/><T60/><D60/><U94/><E94/><N who="2" m="56647" /><F79/><W8/><G70/><T55/><D55/><U100/><E100/><V133/><F133/><W17/><G15/><T97/><D97/><N who="1" m="57519" /><E91/><V59/><F59/><W75/><REACH who="3" step="1"/><G50/><AGARI ba="1,0" hai="4,7,11,14,18,22,27,31,46,50,54" m="57519" machi="50" ten="30,2000,0" yaku="8,1,52,1" doraHai="16" who="1" fromWho="3" sc="300,0,224,23,272,0,204,-23" /><INIT seed="3,0,0,3,5,59" ten="300,247,272,181" oya="3" hai0="85,86,102,47,22,12,17,57,63,41,60,99,3" hai1="132,42,111,6,49,64,71,130,103,83,54,93,10" hai2="2,46,37,25,88,74,11,26,9,101,98,122,27" hai3="82,95,28,131,16,110,52,112,120,127,38,43,97"/><W70/><G112/><T114/><D114/><U77/><E111/><V14/><F74/><W121/><G120/><T128/><D128/><U20/><E130/><V76/><F122/><W33/><G121/><T125/><D125/><U78/><E132/><V58/><F76/><W68/><G131/><T69/><D69/><U106/><E106/><V44/><F37/><W39/><G127/><T55/><D55/><U108/><E108/><V34/><F34/><W48/><G110/><T19/><D19/><U73/><E42/><V65/><F2/><W45/><G39/><T21/><D21/><U66/><E78/><V84/><F98/><W105/><G105/><T36/><D36/><U124/><E124/><V72/><F101/><W79/><G16/><T51/><D51/><U113/><E20/><V94/><F72/><W61/><G68/><T89/><D89/><U18/><E18/><N who="2" m="8527" /><F11/><W24/><G70/><T50/><D50/><U81/><E81/><V80/><F80/><W62/><G79/><T91/><D91/><U53/><E113/><V32/><F32/><W31/><G82/><T90/><D90/><U107/><E107/><V23/><F23/><W13/><G31/><T8/><D8/><U96/><E71/><V104/><F104/><W29/><G29/><T75/><D75/><U30/><E30/><V118/><F118/><W35/><G35/><T117/><D117/><U1/><E49/><V5/><F5/><W4/><G4/><T100/><D100/><U123/><E123/><V92/><F92/><W119/><G119/><T87/><D87/><U126/><E126/><RYUUKYOKU ba="0,0" sc="300,-15,247,15,272,15,181,-15" hai1="1,6,10,53,54,64,66,73,77,83,93,96,103" hai2="25,26,27,44,46,58,65,84,88,94" /><INIT seed="4,1,0,3,0,109" ten="285,262,287,166" oya="0" hai0="33,31,96,102,23,125,39,37,53,7,95,4,107" hai1="1,79,65,15,81,112,46,66,85,32,120,64,11" hai2="70,117,57,41,131,10,100,60,13,80,2,97,43" hai3="49,83,98,73,67,123,34,101,89,130,127,126,88"/><T93/><D93/><U45/><E32/><V84/><F117/><W63/><G34/><T74/><D74/><U50/><E120/><V58/><F131/><W82/><G49/><T20/><D20/><U105/><E105/><V132/><F132/><W104/><G63/><T103/><D103/><U17/><E1/><V3/><F70/><W36/><G67/><T86/><D86/><U116/><E116/><V92/><F3/><W87/><G36/><T128/><D128/><U8/><E112/><V18/><F2/><W56/><G56/><T28/><D28/><U108/><E108/><V24/><F58/><W14/><G14/><T61/><D61/><U129/><E129/><V12/><F12/><W25/><G25/><T76/><D76/><U6/><E11/><V118/><F24/><W21/><G21/><T133/><D133/><U26/><E26/><V68/><F68/><W119/><G119/><T54/><D54/><U59/><E17/><V0/><F0/><W30/><G30/><T22/><D22/><U69/><E69/><V40/><F118/><W106/><G130/><T48/><D48/><U27/><E27/><V44/><F44/><W35/><G35/><T16/><D16/><U52/><AGARI ba="1,0" hai="6,8,15,45,46,50,52,59,64,65,66,79,81,85" machi="52" ten="30,4000,0" yaku="0,1,8,1,54,1" doraHai="109" who="1" fromWho="1" sc="285,-21,262,43,287,-11,166,-11" owari="264,-14.0,305,40.0,276,8.0,155,-34.0" /></mjloggm>