<mjloggm ver="2.3"><GO type="41" lobby="0"/><UN n0="%E5%B0%B1%E6%B4%BB%E7%94%9F%40%E5%B7%9D%E6%9D%91%E8%BB%8D%E5%9B%A3" n1="%6F%63%65%6C%6F%74" n2="%61%6B%69%74%6F%37%31%36" n3="%E3%83%80%E3%82%B7%E3%83%AB%E3%83%90" dan="15,15,15,14" rate="2044.92,2014.24,1994.55,1922.52" sx="M,M,M,M"/><TAIKYOKU oya="0"/><INIT seed="0,0,0,0,4,105" ten="250,250,250,250" oya="0" hai0="64,29,27,26,23,86,13,39,84,90,63,2,114" hai1="97,89,11,69,42,75,77,104,100,14,83,36,98" hai2="93,128,113,87,48,18,59,38,51,119,41,80,34" hai3="6,30,112,76,120,20,92,33,129,103,131,133,79"/><T66/><D2/><U22/><E69/><V110/><F34/><W130/><G112/><T106/><D39/><U53/><E22/><V16/><F113/><W40/><G33/><T102/><D114/><U72/><E53/><V35/><F35/><W49/><G120/><T19/><D64/><U54/><E54/><V74/><F74/><W43/><G6/><T57/><D27/><U60/><E60/><V32/><F32/><W15/><G133/><T116/><D116/><U65/><E65/><V61/><F119/><W134/><G134/><T62/><D62/><U121/><E121/><V117/><F117/><W108/><G43/><T24/><D86/><U71/><E71/><V99/><F38/><W12/><G12/><T37/><D37/><U7/><E72/><V0/><F0/><W1/><G1/><T107/><D102/><U58/><E58/><V135/><F135/><W10/><G10/><T73/><D73/><U122/><E122/><V111/><F128/><W78/><G15/><T101/><D101/><U3/><E3/><V132/><F132/><W88/><G103/><T21/><D13/><U94/><E94/><AGARI ba="0,0" hai="19,21,23,24,26,29,57,63,66,84,90,94,106,107" machi="94" ten="30,1500,0" yaku="7,1" doraHai="105" who="0" fromWho="1" sc="250,15,250,-15,250,0,250,0" /><INIT seed="0,1,0,0,3,55" ten="265,235,250,250" oya="0" hai0="65,71,34,2,119,58,123,17,87,54,97,70,128" hai1="63,105,21,78,53,95,127,106,43,110,41,129,61" hai2="88,98,45,35,102,38,118,40,131,117,116,10,15" hai3="32,108,91,3,69,0,125,76,57,9,90,132,130"/><T112/><D119/><U113/><E78/><V12/><F35/><W124/><G69/><T48/><D123/><U101/><E110/><V26/><F26/><W135/><G32/><T51/><D112/><U75/><E75/><V73/><F73/><W7/><G108/><T18/><D128/><U66/><E129/><V8/><F131/><W59/><G0/><T67/><D34/><U126/><E113/><V74/><F74/><W25/><G130/><T79/><D2/><U5/><E5/><V100/><F88/><N who="3" m="33835" /><G25/><T121/><D121/><U99/><E21/><V56/><F56/><N who="3" m="21579" /><G76/><T89/><D71/><U16/><E126/><AGARI ba="1,0" hai="3,7,9,124,125,126,132,135" m="21579,33835" machi="126" ten="30,8000,1" yaku="18,1,52,3,54,1" doraHai="55" who="3" fromWho="1" sc="265,0,235,-83,250,0,250,83" /><INIT seed="1,0,0,3,2,63" ten="265,152,250,333" oya="1" hai0="40,61,35,49,111,25,2,38,13,11,67,26,68" hai1="30,92,55,135,71,131,121,50,91,57,10,5,103" hai2="107,65,19,34,33,81,95,110,90,20,28,115,37" hai3="42,4,41,29,22,36,73,60,75,129,66,94,0"/><U21/><E121/><V47/><F107/><W101/><G129/><T3/><D111/><U78/><E131/><V126/><F110/><W98/><G41/><T52/><D38/><U51/><E135/><V77/><F115/><W88/><G42/><T72/><D72/><U134/><E134/><V112/><F112/><W80/><G36/><T14/><D40/><U116/><E116/><V100/><F100/><W86/><G0/><T85/><D13/><N who="1" m="5327" /><E71/><V43/><F28/><W83/><G4/><T58/><D85/><N who="1" m="52335" /><E78/><V16/><F19/><W96/><G80/><T89/><D89/><U23/><E103/><V8/><F8/><W9/><G96/><T97/><D97/><U54/><E30/><V99/><F126/><W39/><G9/><T59/><D68/><U105/><E105/><V70/><F70/><W69/><G39/><T123/><D123/><U45/><AGARI ba="0,0" hai="21,23,45,50,51,54,55,57" m="52335,5327" machi="45" ten="30,1500,0" yaku="8,1" doraHai="63" who="1" fromWho="1" sc="265,-5,152,15,250,-5,333,-5" /><INIT seed="1,1,0,0,2,120" ten="260,167,245,328" oya="1" hai0="105,104,25,23,28,22,17,70,14,118,43,33,103" hai1="24,129,81,106,45,16,94,49,29,34,107,5,102" hai2="26,58,27,10,55,2,57,19,115,56,80,99,1" hai3="96,72,122,0,36,100,79,59,86,48,61,62,130"/><U83/><E5/><V9/><F115/><W73/><G36/><T108/><D118/><U52/><E129/><V110/><F110/><W65/><G0/><T60/><D43/><U67/><E67/><V51/><F99/><W101/><G122/><T47/><D47/><U3/><E3/><V89/><F2/><W63/><G130/><T35/><D108/><U13/><E94/><V66/><F1/><W38/><G38/><T21/><D35/><U90/><E102/><V128/><F128/><W40/><G96/><N who="0" m="61543" /><D105/><U111/><E111/><V127/><F127/><W119/><G48/><T124/><D124/><U37/><E37/><V133/><F133/><W116/><G59/><N who="2" m="22601" /><F66/><AGARI ba="1,0" hai="14,17,21,22,23,25,28,33,60,66,70" m="61543" machi="66" ten="30,1000,0" yaku="25,1" doraHai="120" who="0" fromWho="2" sc="260,13,167,0,245,-13,328,0" /><INIT seed="2,0,0,1,0,87" ten="273,167,232,328" oya="2" hai0="30,7,64,104,129,74,130,48,61,94,9,108,56" hai1="96,120,100,52,17,72,42,98,131,73,26,53,78" hai2="127,75,4,27,135,89,92,23,114,68,29,69,20" hai3="33,3,115,47,50,83,70,110,123,119,71,25,41"/><V116/><F75/><W55/><G3/><T8/><D104/><U22/><E131/><N who="0" m="50185" /><D74/><U106/><E120/><V18/><F116/><W10/><G10/><T67/><D108/><U13/><E42/><V46/><F114/><W109/><G25/><T39/><D39/><U54/><E78/><V102/><F102/><W124/><G33/><T57/><D30/><U51/><E51/><V16/><F4/><W84/><G123/><T19/><D19/><U97/><E97/><V0/><F0/><W40/><G119/><T85/><D7/><U133/><E133/><V134/><F46/><W58/><G84/><T76/><D76/><U128/><E128/><V88/><F29/><W126/><G83/><T24/><D24/><U105/><E105/><V132/><F127/><N who="3" m="48683" /><G40/><T63/><D48/><U1/><E1/><V86/><F89/><AGARI ba="0,0" hai="8,9,56,57,61,63,64,67,85,89,94" m="50185" machi="89" ten="30,2000,0" yaku="19,1,52,1" doraHai="87" who="0" fromWho="2" sc="273,20,167,0,232,-20,328,0" /><INIT seed="3,0,0,5,2,133" ten="293,167,212,328" oya="3" hai0="20,47,119,101,21,22,55,88,52,120,12,129,56" hai1="31,11,83,114,48,79,102,116,134,2,126,92,113" hai2="53,40,76,32,43,86,3,75,9,50,72,6,61" hai3="103,108,46,121,104,84,93,87,123,27,96,19,111"/><W1/><G1/><T105/><D120/><N who="3" m="46153" /><G19/><N who="0" m="10343" /><D129/><U42/><E134/><V65/><F32/><W38/><G27/><T25/><D105/><U71/><E71/><V34/><F34/><W127/><G38/><T85/><D101/><U24/><E114/><V51/><F51/><W57/><G46/><T94/><D119/><U59/><E113/><V49/><F49/><W131/><G57/><T37/><D37/><U91/><E102/><V82/><F43/><W62/><G62/><N who="0" m="36103" /><D25/><U80/><E24/><V135/><F135/><W124/><G131/><T45/><D45/><U44/><E44/><V63/><F40/><W73/><G73/><T5/><D5/><U30/><E42/><V118/><F118/><W97/><G87/><T39/><D39/><U81/><E116/><V33/><F33/><W66/><G66/><T7/><D7/><U68/><E68/><V17/><F17/><W69/><G84/><T35/><D35/><U64/><E64/><V112/><F112/><W95/><G104/><T122/><D122/><U132/><E132/><V4/><F4/><W125/><G69/><T26/><D26/><U128/><E128/><V15/><F3/><W110/><G124/><T109/><D109/><U23/><E126/><V0/><F0/><W14/><G14/><T67/><D67/><U99/><E2/><V78/><F63/><W18/><G18/><T28/><D28/><U36/><E30/><V29/><F29/><W77/><G77/><T16/><D16/><U117/><E36/><V74/><F78/><W89/><AGARI ba="0,0" hai="89,93,95,96,97,103,108,110,111,125,127" m="46153" machi="89" ten="40,18000,2" yaku="14,1,10,1,34,2,52,2" doraHai="133" who="3" fromWho="3" sc="293,-60,167,-60,212,-60,328,180" /><INIT seed="3,1,0,4,3,125" ten="233,107,152,508" oya="3" hai0="78,85,21,65,121,45,2,33,134,70,49,75,9" hai1="83,57,112,108,116,0,24,122,17,34,36,80,86" hai2="23,132,19,37,81,94,96,5,8,28,30,82,129" hai3="27,10,92,42,109,16,53,63,22,55,101,115,126"/><W67/><G126/><T61/><D33/><U38/><E112/><V48/><F37/><W130/><G115/><T46/><D121/><U98/><E122/><V84/><F132/><W77/><G130/><T59/><D134/><U107/><E0/><V4/><F48/><W11/><G109/><T123/><D75/><U103/><E108/><V106/><F106/><W71/><G77/><T99/><D123/><U133/><E133/><V119/><F119/><W91/><G101/><T18/><D2/><U3/><E3/><V87/><F96/><W13/><G11/><T50/><D9/><U128/><E116/><V72/><F94/><W117/><G42/><T100/><D85/><U25/><E128/><V89/><F72/><W120/><G117/><T20/><D78/><U113/><E113/><V43/><F43/><W74/><G74/><T104/><D18/><U39/><E57/><V118/><F118/><W47/><G47/><T131/><D131/><U26/><E34/><V64/><F64/><W90/><G90/><T41/><REACH who="0" step="1"/><D70/><REACH who="0" ten="223,107,152,508" step="2"/><U111/><E111/><V73/><F73/><W6/><REACH who="3" step="1"/><G120/><REACH who="3" ten="223,107,152,498" step="2"/><T54/><AGARI ba="1,2" hai="20,21,41,45,46,49,50,54,59,61,65,99,100,104" machi="54" ten="20,5200,0" yaku="1,1,2,1,0,1,7,1,53,0" doraHai="125" doraHaiUra="66" who="0" fromWho="0" sc="223,75,107,-14,152,-14,498,-27" /><INIT seed="4,0,0,1,1,71" ten="298,93,138,471" oya="0" hai0="6,32,55,63,104,22,26,20,2,82,47,110,78" hai1="60,97,36,58,0,17,83,59,42,88,93,91,23" hai2="67,95,66,65,4,38,132,121,68,100,30,133,75" hai3="112,117,37,31,69,98,125,53,105,118,18,81,7"/><T5/><D104/><U109/><E0/><V76/><F75/><W103/><G7/><T74/><D110/><U90/><E109/><V28/><F76/><W113/><G31/><T61/><D32/><U124/><E124/><V57/><F4/><W122/><G122/><T40/><D22/><U80/><E58/><V25/><F68/><W51/><G125/><T1/><D6/><U13/><E42/><V114/><F121/><W16/><G69/><T3/><D55/><U126/><E126/><V135/><F114/><N who="3" m="44139" /><G81/><T35/><D35/><U70/><E70/><V119/><F119/><N who="3" m="45579" /><G37/><T56/><D56/><AGARI ba="0,0" hai="16,18,51,53,56,98,103,105" m="45579,44139" machi="56" ten="30,2000,0" yaku="15,1,54,1" doraHai="71" who="3" fromWho="0" sc="298,-20,93,0,138,0,471,20" /><INIT seed="5,0,0,2,0,130" ten="278,93,138,491" oya="1" hai0="98,34,12,100,27,60,73,1,31,65,121,84,76" hai1="33,14,0,8,119,40,85,106,62,54,43,125,16" hai2="52,80,44,123,64,105,32,57,10,63,94,79,28" hai3="131,15,67,103,102,87,29,134,9,68,38,41,45"/><U56/><E119/><V118/><F105/><W89/><G131/><T126/><D121/><U88/><E125/><V48/><F118/><W110/><G134/><T30/><D126/><U51/><E106/><V122/><F10/><W46/><G110/><T115/><D115/><U83/><E33/><V25/><REACH who="2" step="1"/><F94/><REACH who="2" ten="278,93,128,491" step="2"/><W5/><G9/><T50/><D1/><U99/><E0/><V26/><F26/><W42/><G38/><T17/><D27/><U49/><REACH who="1" step="1"/><E99/><REACH who="1" ten="278,83,128,491" step="2"/><V35/><F35/><W133/><G15/><T95/><D98/><U104/><E104/><V11/><F11/><W101/><G5/><T113/><D12/><U21/><E21/><V112/><F112/><W108/><G108/><T111/><D34/><U23/><E23/><V58/><F58/><W124/><G124/><T109/><D111/><U20/><E20/><V3/><F3/><W93/><G68/><T96/><D109/><U116/><E116/><V72/><AGARI ba="0,2" hai="25,28,32,44,48,52,57,63,64,72,79,80,122,123" machi="72" ten="20,8000,1" yaku="1,1,0,1,7,1,54,1,53,1" doraHai="130" doraHaiUra="75" who="2" fromWho="2" sc="278,-20,83,-40,128,100,491,-20" /><INIT seed="6,0,0,0,5,37" ten="258,43,228,471" oya="2" hai0="86,51,36,115,27,114,68,43,19,15,16,21,92" hai1="32,101,93,24,75,33,63,13,10,74,7,117,1" hai2="17,64,3,45,106,53,28,95,65,91,80,35,55" hai3="77,111,58,42,132,69,76,123,62,109,56,79,48"/><V99/><F3/><W98/><G123/><T120/><D68/><U97/><E117/><V134/><F106/><W105/><G69/><T129/><D120/><U110/><E110/><V34/><F134/><W116/><G116/><T46/><D129/><U18/><E63/><V12/><F80/><W94/><G105/><T126/><D126/><U44/><E44/><V0/><F0/><W124/><G124/><T113/><D92/><U14/><E14/><V112/><F112/><W130/><G132/><T87/><D36/><U96/><E96/><V128/><F128/><W107/><G107/><T121/><D121/><U85/><E85/><V82/><F82/><W131/><G130/><T4/><D4/><U52/><E52/><N who="2" m="20043" /><F35/><W50/><G94/><T119/><D119/><U38/><E38/><V61/><F34/><W47/><G50/><T26/><D26/><U23/><REACH who="1" step="1"/><E33/><REACH who="1" ten="258,33,228,471" step="2"/><V30/><F45/><W20/><G131/><T102/><D102/><U9/><E9/><AGARI ba="0,1" hai="9,15,16,19,21,27,43,46,51,86,87,113,114,115" machi="9" ten="40,5200,0" yaku="15,1,52,1,54,1" doraHai="37" who="0" fromWho="1" sc="258,62,33,-52,228,0,471,0" owari="320,12.0,-19,-52.0,228,-17.0,471,57.0" /></mjloggm>