<mjloggm ver="2.3"><GO type="97" lobby="0"/><UN n0="%E4%B8%8A%E6%9D%89%E8%AC%99%E7%8F%8D" n1="%E3%82%A6%E3%83%AB%E3%83%88%E3%83%A9%E7%AB%8B%E7%9B%B4" n2="%E6%9F%B3%E7%94%9F%E5%AE%97%E5%8E%B3" n3="%76%61%6E%69%61" dan="13,14,13,13" rate="1904.38,1945.42,1859.16,1983.32" sx="M,M,M,M"/><TAIKYOKU oya="0"/><INIT seed="0,0,0,0,3,4" ten="250,250,250,250" oya="0" hai0="132,109,36,10,5,113,46,50,98,11,64,55,94" hai1="42,129,3,52,16,114,90,47,135,106,95,105,28" hai2="57,67,81,26,96,61,13,39,77,84,65,120,49" hai3="74,102,6,58,97,100,25,12,0,68,54,27,131"/><T124/><D113/><U19/><E114/><V60/><F120/><W34/><G68/><T75/><D75/><U134/><E28/><V116/><F116/><W71/><G71/><T41/><D124/><U130/><E3/><V37/><F39/><W112/><G34/><T122/><D122/><U93/><E42/><V133/><F133/><N who="1" m="50697" /><E47/><V38/><F37/><W82/><G0/><T91/><D132/><U103/><E103/><V45/><F38/><W40/><G40/><T17/><D109/><U44/><E44/><V76/><F77/><W83/><G74/><T29/><D5/><U86/><E52/><N who="2" m="31887" /><F26/><N who="3" m="9739" /><G112/><T15/><D29/><U128/><E95/><V31/><F31/><W8/><G131/><N who="1" m="50250" /><E106/><V111/><F111/><W72/><G72/><T85/><D64/><N who="2" m="24650" /><F45/><W22/><G22/><N who="0" m="11583" /><D98/><U30/><N who="1" m="50258" /><U101/><DORA hai="32" /><E30/><V7/><F96/><AGARI ba="0,0" hai="16,19,86,90,93,96,101,105" m="50258,50697" machi="96" ten="50,6400,0" yaku="20,1,19,1,54,1" doraHai="4,32" who="1" fromWho="2" sc="250,0,250,64,250,-64,250,0" /><INIT seed="1,0,0,3,4,64" ten="250,314,186,250" oya="1" hai0="66,44,8,49,40,11,70,119,28,128,43,36,118" hai1="106,35,13,25,115,91,134,38,121,2,92,87,10" hai2="104,65,62,101,37,114,76,15,132,18,135,53,69" hai3="16,127,71,102,68,63,88,9,19,126,7,52,20"/><U113/><E38/><V31/><F76/><W99/><G19/><T45/><D28/><U48/><E2/><V90/><F90/><W55/><G99/><T131/><D11/><U23/><E35/><V82/><F82/><W39/><G39/><T1/><D1/><U93/><E106/><V85/><F85/><W42/><G42/><T108/><D8/><U122/><E134/><N who="2" m="51243" /><F37/><W0/><G102/><T95/><D108/><U14/><E48/><V112/><F53/><N who="3" m="20555" /><G63/><N who="0" m="40287" /><D95/><U124/><E10/><N who="2" m="6519" /><F31/><W84/><G84/><T111/><D111/><U80/><E92/><V116/><F116/><AGARI ba="0,0" hai="36,40,43,44,45,49,116,118,119,128,131" m="40287" machi="116" ten="30,3900,0" yaku="34,2,52,1" doraHai="64" who="0" fromWho="2" sc="250,39,314,0,186,-39,250,0" /><INIT seed="2,0,0,5,1,125" ten="289,314,147,250" oya="2" hai0="28,61,85,83,120,103,84,133,40,17,2,44,43" hai1="50,25,51,79,34,20,66,8,7,99,69,113,112" hai2="127,128,53,29,131,15,62,52,59,96,71,39,111" hai3="65,26,124,33,30,19,9,91,123,24,104,56,13"/><V48/><F127/><W116/><G116/><T70/><D120/><U27/><E66/><N who="2" m="41431" /><F29/><W67/><G104/><T87/><D133/><U58/><E69/><V134/><F15/><W10/><G123/><T5/><D28/><U122/><E34/><V135/><F96/><W101/><G101/><T23/><D103/><U76/><E20/><V81/><F81/><W55/><G124/><T110/><D110/><U75/><E99/><V60/><F111/><W0/><G0/><T68/><D68/><U82/><E82/><V63/><F39/><W88/><G26/><T89/><D70/><U47/><E27/><V92/><F92/><W46/><G46/><T35/><D35/><U16/><E25/><V95/><F95/><W108/><G108/><T102/><D102/><U14/><E14/><V121/><F121/><W109/><G109/><T119/><D2/><U18/><E122/><V117/><F117/><W98/><G10/><T78/><D119/><U105/><E8/><V64/><F63/><W57/><G98/><T77/><D61/><U90/><E18/><V6/><F6/><W42/><G42/><N who="0" m="15915" /><D5/><U107/><E16/><V11/><F11/><W38/><G38/><T4/><D4/><U106/><E7/><V129/><F48/><W80/><G91/><T126/><D126/><U41/><E90/><V118/><F118/><W1/><G1/><T3/><D3/><U93/><E93/><V73/><F73/><W12/><G12/><N who="0" m="9639" /><D78/><N who="1" m="29739" /><E75/><V115/><F115/><N who="1" m="44105" /><E51/><V54/><AGARI ba="0,0" hai="52,53,54,59,60,64,128,129,131,134,135" m="41431" machi="54" ten="40,18000,2" yaku="19,1,34,2,52,3,54,1" doraHai="125" who="2" fromWho="2" sc="289,-60,314,-60,147,180,250,-60" /><INIT seed="2,1,0,3,2,20" ten="229,254,327,190" oya="2" hai0="135,42,31,46,30,88,60,113,111,77,126,110,36" hai1="44,101,87,56,108,86,71,123,61,7,14,96,63" hai2="117,118,53,9,47,92,114,89,115,55,78,26,1" hai3="10,29,64,76,54,127,121,48,27,124,37,6,66"/><V5/><F78/><W119/><G121/><T12/><D113/><U16/><E108/><V59/><F55/><W75/><G119/><T130/><D126/><N who="3" m="48169" /><G37/><T35/><D135/><U102/><E123/><V4/><F4/><W120/><G120/><T81/><D130/><U52/><E71/><V128/><F128/><W94/><G75/><T80/><D60/><U3/><E7/><V25/><F47/><N who="3" m="27935" /><G76/><T95/><D12/><U21/><E3/><V57/><F57/><W107/><G107/><T65/><D65/><U8/><E8/><V106/><F106/><W79/><G79/><T73/><D81/><U41/><E61/><V72/><F72/><W28/><G94/><T125/><D125/><U109/><E109/><N who="0" m="41481" /><D35/><U13/><E13/><V33/><F118/><W67/><G27/><T22/><D22/><U17/><E17/><V34/><F117/><W132/><G132/><T129/><D129/><U98/><E101/><V70/><F70/><W82/><G82/><T112/><D112/><U116/><E116/><V43/><F43/><W91/><G91/><T103/><D103/><U90/><E102/><V23/><F115/><W19/><G19/><T131/><D131/><U15/><E15/><AGARI ba="1,0" hai="6,10,15,28,29,64,66,67" m="27935,48169" machi="15" ten="30,1000,0" yaku="18,1" doraHai="20" who="3" fromWho="1" sc="229,0,254,-13,327,0,190,13" /><INIT seed="3,0,0,3,2,118" ten="229,241,327,203" oya="3" hai0="131,27,103,111,62,96,0,32,80,99,4,34,48" hai1="18,81,112,74,117,130,93,37,77,46,126,125,86" hai2="122,29,124,97,1,2,26,51,36,19,84,25,100" hai3="88,54,40,108,61,83,70,31,94,101,105,38,13"/><W22/><G38/><T52/><D111/><U129/><E18/><V107/><F36/><W90/><G40/><T113/><D113/><U69/><E69/><V3/><F124/><N who="1" m="47721" /><E37/><V110/><F110/><W58/><G70/><T89/><D131/><N who="1" m="50187" /><E46/><V64/><F64/><W63/><G108/><T24/><D62/><U17/><E17/><V119/><F119/><W72/><G105/><T14/><D0/><U16/><E16/><V127/><F127/><W128/><G128/><T102/><D80/><U15/><E15/><V10/><F10/><W30/><G72/><T28/><D89/><N who="3" m="34409" /><G83/><T115/><D115/><U106/><E112/><V98/><F19/><N who="3" m="10607" /><G63/><T114/><D114/><U43/><E43/><V68/><F68/><W87/><G87/><T7/><D14/><U33/><E33/><V57/><F84/><W95/><G95/><T55/><D48/><U73/><E117/><V41/><F25/><W76/><G76/><T91/><D91/><N who="1" m="53495" /><E106/><V71/><F71/><W135/><G135/><T121/><REACH who="0" step="1"/><D28/><REACH who="0" ten="219,241,327,203" step="2"/><U8/><E8/><V49/><F29/><W42/><G42/><T123/><AGARI ba="0,1" hai="4,7,24,27,32,34,52,55,96,99,102,103,121,123" machi="123" ten="25,16000,3" yaku="1,1,2,1,0,1,22,2,52,2,54,1,53,0" doraHai="118" doraHaiUra="56" who="0" fromWho="0" sc="219,170,241,-40,327,-40,203,-80" owari="389,49.0,201,-20.0,287,9.0,123,-38.0" /></mjloggm>