<mjloggm ver="2.3"><GO type="97" lobby="0"/><UN n0="%E3%82%A6%E3%83%AB%E3%83%88%E3%83%A9%E7%AB%8B%E7%9B%B4" n1="%E6%A1%83%E7%99%BD%E7%99%BD" n2="%4B%41%5A%4F%4F%4E" n3="%E3%81%B5%E3%82%82%E3%81%B5%E3%82%82%CE%B2" dan="14,15,14,15" rate="1837.62,1998.50,1888.72,1977.01" sx="M,M,M,M"/><TAIKYOKU oya="0"/><INIT seed="0,0,0,4,0,13" ten="250,250,250,250" oya="0" hai0="34,19,7,84,100,79,93,31,25,15,59,60,94" hai1="117,119,43,54,80,48,33,35,2,114,76,112,41" hai2="20,1,135,96,111,29,120,52,3,45,115,128,14" hai3="110,28,101,9,66,50,63,71,107,55,74,85,73"/><T133/><D133/><U23/><E2/><V46/><F111/><W88/><G110/><T8/><D100/><U56/><E23/><V22/><F120/><W108/><G108/><T70/><D70/><U106/><E106/><V92/><F115/><W6/><G28/><T26/><D79/><U27/><E27/><N who="2" m="16615" /><F3/><W104/><G101/><T68/><D68/><U102/><E102/><V113/><F1/><W18/><G107/><T91/><D26/><U83/><E76/><V11/><F113/><W53/><G104/><T86/><D93/><U72/><E56/><V99/><F22/><W30/><G30/><T90/><D90/><U21/><E21/><V103/><F128/><W116/><G116/><T127/><D127/><U37/><E72/><V109/><F135/><W62/><G6/><T87/><REACH who="0" step="1"/><D7/><REACH who="0" ten="240,250,250,250" step="2"/><U123/><E112/><V4/><F109/><W51/><G71/><T40/><D40/><U121/><E114/><V12/><F92/><N who="3" m="54287" /><G74/><T82/><D82/><U38/><E121/><V132/><F103/><W58/><G73/><T65/><AGARI ba="0,1" hai="8,15,19,25,31,34,59,60,65,84,86,87,91,94" machi="65" ten="20,7800,0" yaku="1,1,0,1,7,1,52,1,53,0" doraHai="13" doraHaiUra="126" who="0" fromWho="0" sc="240,88,250,-26,250,-26,250,-26" /><INIT seed="0,1,0,5,3,93" ten="328,224,224,224" oya="0" hai0="77,1,134,69,44,113,119,106,82,56,135,38,63" hai1="109,67,101,48,105,68,66,33,45,52,0,121,7" hai2="55,19,123,49,6,65,12,43,78,132,112,54,39" hai3="8,42,117,40,34,61,32,47,20,114,36,17,115"/><T31/><D119/><U23/><E121/><V129/><F112/><W118/><G42/><T3/><D113/><U91/><E33/><V90/><F123/><W88/><G114/><T81/><D69/><U13/><E0/><V11/><F132/><N who="0" m="50730" /><D31/><U89/><E68/><V102/><F129/><W111/><G115/><T95/><D95/><U9/><E67/><V96/><F65/><W18/><G111/><T99/><D99/><U98/><E109/><V62/><F78/><W79/><G79/><T122/><D106/><U94/><E66/><V75/><F75/><W120/><G120/><T72/><D82/><U10/><E105/><V92/><F62/><W110/><G110/><T22/><D22/><U64/><E64/><V128/><F128/><W37/><G37/><T28/><D28/><U16/><REACH who="1" step="1"/><E10/><REACH who="1" ten="328,214,224,224" step="2"/><N who="2" m="6551" /><F102/><W133/><G133/><T127/><D122/><U73/><E73/><V126/><F126/><W51/><G118/><T50/><D127/><U41/><E41/><V5/><F39/><W100/><G36/><T71/><D71/><U25/><AGARI ba="1,1" hai="7,9,13,16,23,25,45,48,52,89,91,94,98,101" machi="25" ten="20,12000,2" yaku="1,1,0,1,7,1,8,1,52,1,54,2,53,0" doraHai="93" doraHaiUra="104" who="1" fromWho="1" sc="328,-61,214,133,224,-31,224,-31" /><INIT seed="1,0,0,1,3,99" ten="267,347,193,193" oya="1" hai0="31,13,120,16,50,2,129,55,69,5,62,81,71" hai1="122,42,37,36,118,9,73,24,51,52,75,113,22" hai2="0,28,70,44,32,17,47,111,87,74,6,90,63" hai3="84,88,76,102,53,4,132,46,68,56,41,110,95"/><U91/><E122/><V48/><F111/><W7/><G68/><T100/><D120/><U130/><E118/><V93/><F74/><W82/><G110/><T86/><D129/><U39/><E113/><V123/><F123/><W128/><G132/><T96/><D31/><U115/><E115/><V27/><F17/><W23/><G23/><T29/><D29/><U104/><E104/><V61/><F70/><W3/><G3/><T126/><D126/><U98/><E130/><V119/><F119/><W59/><G128/><T15/><D2/><U14/><E42/><V30/><F30/><W109/><G109/><T135/><D135/><U108/><E108/><V34/><F34/><W124/><G124/><T107/><D62/><U112/><E112/><V92/><F92/><W65/><G65/><T54/><D5/><N who="3" m="2121" /><G41/><T127/><D127/><U12/><E9/><V106/><F106/><W78/><G102/><T38/><D38/><U33/><E33/><V10/><F47/><W18/><G18/><T133/><D133/><U45/><E75/><V67/><F67/><W94/><G94/><T131/><D131/><U105/><E73/><V121/><F121/><W57/><G95/><T134/><D134/><U77/><E91/><V114/><F114/><W11/><G11/><T80/><D71/><U66/><E77/><N who="3" m="29802" /><G46/><T19/><D69/><U103/><REACH who="1" step="1"/><E66/><REACH who="1" ten="267,337,193,193" step="2"/><V25/><F90/><W83/><G53/><T20/><D55/><U8/><E8/><V21/><F10/><W116/><G116/><T26/><D54/><U40/><E40/><V43/><F43/><W125/><G125/><RYUUKYOKU ba="0,1" sc="267,-15,337,15,193,-15,193,15" hai1="12,14,22,24,36,37,39,45,51,52,98,103,105" hai3="56,57,59,82,83,84,88" /><INIT seed="1,1,1,5,0,101" ten="252,352,178,208" oya="1" hai0="54,96,55,92,11,135,44,97,12,81,89,83,77" hai1="39,0,67,98,69,17,74,1,75,53,125,104,43" hai2="33,46,29,20,16,85,14,116,51,93,64,108,58" hai3="38,73,115,4,10,41,72,71,103,25,8,109,124"/><U68/><E17/><V113/><F108/><W34/><G10/><T50/><D135/><U87/><E53/><V110/><F110/><W22/><G109/><T122/><D122/><U27/><E87/><V90/><F116/><W5/><G5/><T6/><D97/><U82/><E27/><V127/><F127/><W126/><G115/><T105/><D105/><U130/><E82/><V62/><F113/><W102/><G71/><T129/><D129/><U63/><E130/><V111/><F111/><W3/><G102/><T80/><REACH who="0" step="1"/><D54/><REACH who="0" ten="242,352,178,208" step="2"/><U94/><E125/><V57/><F57/><W128/><G124/><T7/><D7/><U52/><E69/><V121/><F121/><W56/><G4/><T70/><D70/><U21/><E104/><V78/><F78/><AGARI ba="1,2" hai="6,11,12,44,50,55,77,78,80,81,83,89,92,96" machi="78" ten="40,2600,0" yaku="1,1,8,1,53,0" doraHai="101" doraHaiUra="35" who="0" fromWho="2" sc="242,49,352,0,178,-29,208,0" /><INIT seed="2,0,0,1,3,63" ten="291,352,149,208" oya="2" hai0="19,97,103,60,41,11,47,111,129,66,120,69,73" hai1="37,87,13,110,55,58,88,101,119,130,122,93,124" hai2="14,18,30,114,31,9,45,94,12,27,35,100,52" hai3="72,76,109,56,46,36,17,91,48,95,4,89,79"/><V112/><F94/><W59/><G36/><T115/><D120/><U102/><E37/><V62/><F100/><W90/><G72/><T99/><D115/><N who="2" m="44074" /><F52/><N who="3" m="29719" /><G109/><T32/><D129/><U85/><E119/><V42/><F62/><W84/><G4/><T28/><D111/><U16/><E110/><V44/><F42/><W67/><G17/><T64/><D73/><U57/><E130/><V50/><F50/><W77/><G67/><N who="0" m="41191" /><D19/><U108/><E122/><V81/><F81/><N who="3" m="49295" /><G91/><T20/><D20/><N who="1" m="11279" /><E108/><V39/><F39/><W3/><G3/><T5/><D97/><AGARI ba="0,0" hai="56,59,76,77,79,90,95,97" m="49295,29719" machi="97" ten="30,2000,0" yaku="8,1,54,1" doraHai="63" who="3" fromWho="0" sc="291,-20,352,0,149,0,208,20" /><INIT seed="3,0,0,5,1,36" ten="271,352,149,228" oya="3" hai0="28,132,99,109,82,85,49,97,29,17,86,101,73" hai1="90,31,0,119,21,61,15,111,32,104,127,95,55" hai2="106,66,63,89,71,43,64,1,131,81,40,45,135" hai3="110,98,30,11,57,74,96,58,87,117,108,88,79"/><W133/><G117/><T33/><D33/><U123/><E119/><V22/><F1/><W48/><G30/><T62/><D109/><N who="3" m="42089" /><G133/><T10/><D132/><U3/><E104/><V8/><F106/><W38/><G38/><T16/><D73/><U65/><E111/><V50/><F8/><W121/><G121/><T68/><D68/><U69/><E123/><V126/><F126/><W5/><G79/><T78/><D62/><U37/><E127/><V14/><F131/><W9/><G74/><T19/><D10/><N who="3" m="3593" /><G5/><T2/><D2/><U4/><E37/><V13/><F135/><W102/><G48/><T100/><D49/><U59/><E32/><V116/><F116/><W112/><G112/><T44/><D44/><U130/><E130/><V84/><F66/><W105/><G98/><T72/><D72/><U35/><E35/><V54/><REACH who="2" step="1"/><F22/><REACH who="2" ten="271,352,139,228" step="2"/><W120/><G120/><T128/><D128/><U41/><E21/><V75/><F75/><W47/><G47/><T34/><D34/><U7/><E3/><V26/><F26/><W118/><G118/><T107/><D86/><U70/><E0/><V80/><F80/><AGARI ba="0,1" hai="57,58,80,87,88,96,102,105" m="3593,42089" machi="80" ten="30,5800,0" yaku="14,1,10,1,54,1" doraHai="36" who="3" fromWho="2" sc="271,0,352,0,139,-58,228,68" /><INIT seed="3,1,0,3,2,10" ten="271,352,81,296" oya="3" hai0="25,91,119,11,133,67,36,15,26,74,22,17,111" hai1="56,12,135,73,42,7,112,131,113,82,47,134,30" hai2="5,60,34,94,120,77,61,0,68,83,122,104,78" hai3="118,52,65,69,9,19,95,45,90,100,64,37,110"/><W16/><G118/><T89/><D74/><U85/><E131/><V40/><F104/><W126/><G69/><T70/><D119/><U51/><E73/><N who="2" m="43439" /><F78/><W127/><G100/><T24/><D36/><U18/><E30/><V44/><F94/><W80/><G80/><T57/><D111/><U49/><E56/><V130/><F34/><W117/><G117/><T101/><D133/><N who="1" m="50699" /><E7/><V29/><F29/><W103/><G103/><T31/><D70/><U115/><E51/><N who="2" m="27015" /><F68/><W84/><G110/><T6/><D101/><U43/><E43/><V59/><F59/><W92/><G92/><T3/><REACH who="0" step="1"/><D31/><REACH who="0" ten="261,352,81,296" step="2"/><U129/><E129/><V66/><F130/><W121/><G121/><N who="2" m="46697" /><F66/><W98/><G37/><T81/><D81/><U124/><E113/><V128/><F128/><W33/><G65/><T123/><D123/><U53/><E115/><V72/><F72/><W93/><G64/><T116/><D116/><U106/><E112/><V2/><F5/><W55/><G33/><T58/><D58/><U63/><E47/><V102/><F102/><N who="3" m="60751" /><G45/><T39/><D39/><U14/><E42/><V28/><F28/><W71/><G71/><T35/><D35/><U108/><E108/><V4/><F4/><W75/><G75/><T87/><D87/><U13/><E85/><V46/><F46/><W99/><G84/><T107/><D107/><U38/><E106/><V86/><F86/><W1/><G127/><T32/><D32/><U27/><E124/><V54/><F54/><N who="3" m="20523" /><G126/><T96/><D96/><U62/><E38/><V132/><F132/><W97/><G99/><T23/><D23/><RYUUKYOKU ba="1,1" sc="261,10,352,-30,81,10,296,10" hai0="3,6,11,15,17,22,24,25,26,57,67,89,91" hai2="0,2,60,61" hai3="1,9,16,19,90,95,97" /><INIT seed="3,2,1,2,2,57" ten="271,322,91,306" oya="3" hai0="65,47,75,36,58,132,122,26,116,86,127,73,17" hai1="18,50,40,25,84,27,19,9,31,71,14,100,123" hai2="45,28,88,3,12,90,60,2,48,114,102,49,129" hai3="62,39,16,106,4,64,124,29,24,74,133,121,82"/><W113/><G121/><T68/><D122/><U6/><E123/><V105/><F114/><W120/><G120/><T92/><D116/><U55/><E71/><V87/><F129/><W93/><G113/><T83/><D127/><U119/><E40/><V125/><F125/><W59/><G124/><T69/><D132/><U13/><E119/><V97/><F28/><W131/><G106/><T108/><D108/><U51/><E100/><V70/><F90/><W80/><G39/><T115/><D115/><U94/><E6/><V111/><F111/><W56/><G4/><T130/><D130/><U23/><E27/><V5/><F48/><W81/><G131/><T37/><D73/><U46/><E51/><V128/><F128/><W134/><G74/><T85/><D75/><U79/><E79/><V44/><F44/><W0/><G0/><T61/><D68/><U67/><E67/><V34/><F34/><N who="3" m="20775" /><G16/><N who="1" m="6186" /><E9/><V98/><F98/><W77/><G93/><T1/><D69/><U89/><AGARI ba="2,1" hai="13,14,23,25,31,46,50,55,84,89,94" m="6186" machi="89" ten="30,2000,0" yaku="8,1,54,1" doraHai="57" who="1" fromWho="1" sc="271,-7,322,36,91,-7,306,-12" owari="264,-14.0,358,47.0,84,-42.0,294,9.0" /></mjloggm>