<mjloggm ver="2.3"><GO type="97" lobby="0"/><UN n0="%35%65%69%47%4F%36" n1="%E2%98%85%E6%BC%86%E9%BB%92%E2%98%85" n2="%E3%82%A6%E3%83%AB%E3%83%88%E3%83%A9%E7%AB%8B%E7%9B%B4" n3="%E7%80%AC%E5%B0%BE%E6%97%A9%E7%BE%8E" dan="14,15,15,13" rate="1956.88,1990.58,1976.21,1833.24" sx="M,M,M,M"/><TAIKYOKU oya="0"/><INIT seed="0,0,0,1,2,23" ten="250,250,250,250" oya="0" hai0="35,65,96,72,112,33,30,71,10,11,128,121,127" hai1="12,14,74,42,80,60,2,46,73,55,5,32,97" hai2="114,134,64,70,49,38,119,83,104,52,88,91,62" hai3="78,51,54,48,107,81,85,26,29,100,58,99,57"/><T84/><D72/><U43/><E32/><N who="0" m="12361" /><D84/><U17/><E2/><V125/><F114/><W16/><G58/><T77/><D96/><U24/><E74/><V68/><F104/><W106/><G106/><T21/><D77/><U105/><E105/><V1/><F1/><W28/><G51/><T75/><D75/><U98/><E73/><V36/><F119/><W6/><G6/><T124/><D65/><U3/><E3/><V123/><F123/><W113/><G113/><T122/><D71/><U135/><E80/><V27/><F70/><W37/><G37/><T34/><N who="0" m="12369" /><T89/><DORA hai="82" /><D89/><U63/><E46/><V90/><F38/><W94/><G107/><T41/><D41/><U87/><E87/><V120/><F120/><N who="0" m="46186" /><D128/><U131/><E55/><V40/><F36/><W116/><G116/><T18/><D30/><U118/><E43/><V101/><F40/><W132/><REACH who="3" step="1"/><G132/><REACH who="3" ten="250,250,250,240" step="2"/><T45/><D45/><U50/><E135/><V47/><F134/><W93/><G93/><T44/><D44/><U115/><E118/><V95/><F83/><W117/><G117/><T103/><D112/><U0/><E131/><V102/><F95/><W130/><G130/><T19/><D103/><U67/><E115/><V31/><REACH who="2" step="1"/><F125/><REACH who="2" ten="250,250,240,240" step="2"/><N who="0" m="48202" /><D18/><U56/><E17/><V92/><F92/><W9/><G9/><T20/><D10/><U15/><E42/><V22/><AGARI ba="0,2" hai="22,27,31,47,49,52,62,64,68,88,90,91,101,102" machi="22" ten="30,8000,1" yaku="1,1,0,1,52,1,54,2,53,0" doraHai="23,82" doraHaiUra="53,39" who="2" fromWho="2" sc="250,-40,250,-20,240,100,240,-20" /><INIT seed="1,0,0,3,4,99" ten="210,230,340,220" oya="1" hai0="17,37,48,58,70,108,6,71,110,52,64,126,41" hai1="74,133,114,1,21,106,132,33,9,53,45,3,30" hai2="31,40,107,47,59,69,124,90,25,2,96,100,121" hai3="22,119,76,67,131,27,84,68,91,36,86,4,129"/><U94/><E74/><V55/><F121/><W42/><G4/><T77/><D6/><U88/><E106/><V130/><F2/><W83/><G67/><T135/><D77/><U85/><E33/><V44/><F69/><N who="0" m="26122" /><D17/><U11/><E114/><V49/><F130/><W8/><G68/><T50/><D135/><N who="1" m="51787" /><E45/><V89/><F124/><W82/><G8/><N who="1" m="3146" /><E53/><V81/><F81/><W46/><G119/><T61/><D126/><U26/><AGARI ba="0,0" hai="1,3,21,26,30,85,88,94" m="3146,51787" machi="26" ten="30,3000,0" yaku="20,1,54,1" doraHai="99" who="1" fromWho="1" sc="210,-10,230,30,340,-10,220,-10" /><INIT seed="1,1,0,0,4,9" ten="200,260,330,210" oya="1" hai0="81,104,61,92,19,1,29,124,71,131,4,10,128" hai1="86,41,79,54,122,3,40,126,134,121,30,62,39" hai2="27,83,73,65,45,82,118,63,51,12,85,36,35" hai3="46,18,26,101,107,127,102,76,37,68,114,100,52"/><U80/><E3/><V87/><F73/><W25/><G68/><T108/><D104/><U64/><E134/><V60/><F36/><W5/><G114/><T119/><D119/><U84/><E126/><V113/><F118/><W57/><G127/><T15/><D124/><U115/><E115/><V88/><F27/><W133/><G133/><T28/><D108/><U109/><E109/><V50/><F35/><W66/><G66/><T55/><D81/><U24/><E54/><V38/><F38/><W2/><G2/><T6/><D92/><U21/><E86/><V47/><F113/><W58/><G5/><N who="0" m="2155" /><D1/><U116/><E116/><V105/><F105/><W7/><G7/><T16/><D71/><U22/><E22/><V53/><F65/><W72/><G72/><T129/><D61/><U89/><E79/><V78/><F12/><W130/><G130/><T123/><D55/><AGARI ba="1,0" hai="45,47,50,51,53,55,60,63,78,82,83,85,87,88" machi="55" ten="30,7700,0" yaku="7,1,9,1,8,1,54,1" doraHai="9" who="2" fromWho="0" sc="200,-80,260,0,330,80,210,0" /><INIT seed="2,0,0,1,3,59" ten="120,260,410,210" oya="2" hai0="13,34,22,113,45,71,11,104,41,105,127,44,70" hai1="131,110,96,109,60,94,63,54,115,88,95,52,31" hai2="81,50,100,27,29,124,85,107,80,98,89,32,68" hai3="3,135,97,102,78,116,121,119,101,114,133,125,61"/><V86/><F124/><W75/><G3/><T25/><D34/><U16/><E115/><V118/><F50/><W66/><G125/><T53/><D113/><U8/><E31/><V14/><F14/><W56/><G114/><T106/><D127/><U30/><E30/><V93/><F118/><W130/><G78/><T42/><D53/><N who="1" m="20587" /><E131/><V111/><F111/><N who="1" m="42505" /><E95/><V6/><F6/><W47/><G47/><T72/><D13/><AGARI ba="0,0" hai="8,13,16,60,63,88,94,96" m="42505,20587" machi="13" ten="30,12000,2" yaku="14,1,52,2,54,3" doraHai="59" who="1" fromWho="0" sc="120,-120,260,120,410,0,210,0" /><INIT seed="3,0,0,2,2,113" ten="0,380,410,210" oya="3" hai0="131,61,82,24,38,127,112,62,78,30,69,102,40" hai1="42,110,37,105,118,31,96,94,20,11,33,75,56" hai2="89,72,93,63,17,70,59,90,120,64,27,108,135" hai3="18,87,57,81,55,129,122,60,74,6,14,79,86"/><W13/><G122/><T101/><D112/><U126/><E33/><V103/><F72/><W123/><G123/><T54/><D62/><U12/><E105/><V3/><F3/><W111/><G129/><T35/><D131/><U107/><E107/><V83/><F108/><W53/><G111/><T21/><D127/><U48/><E75/><V115/><F115/><W116/><G116/><T119/><D21/><U9/><E110/><V29/><F135/><W32/><G32/><T134/><D134/><U97/><E126/><V10/><F70/><W121/><G121/><T39/><D54/><U43/><E37/><V84/><F120/><W4/><G4/><T88/><D88/><U109/><E109/><V80/><F103/><W0/><G0/><T34/><D34/><U66/><E118/><V73/><F73/><W114/><G114/><T8/><D119/><U7/><E11/><V99/><F17/><W67/><G6/><T47/><D8/><U77/><E77/><V91/><F10/><W44/><G14/><T15/><D15/><U76/><E76/><N who="2" m="46087" /><F83/><W49/><REACH who="3" step="1"/><G53/><REACH who="3" ten="0,380,410,200" step="2"/><T19/><D39/><U52/><E66/><V124/><F124/><W68/><G68/><T100/><D19/><U71/><E71/><V132/><F132/><W85/><G85/><T36/><D36/><U23/><E97/><V22/><AGARI ba="0,1" hai="22,27,29,59,63,64,89,90,91,93,99" m="46087" machi="22" ten="30,1100,0" yaku="8,1" doraHai="113" who="2" fromWho="2" sc="0,-3,380,-3,410,21,200,-5" owari="-3,-50.0,377,18.0,431,52.0,195,-20.0" /></mjloggm>