<mjloggm ver="2.3"><GO type="169" lobby="0"/><UN n0="%73%68%61%70%65%6C%65%72" n1="%E3%82%A6%E3%83%AB%E3%83%88%E3%83%A9%E7%AB%8B%E7%9B%B4" n2="%70%67%61%69%6E" n3="%73%5F%6F%6B" dan="17,17,16,17" rate="2135.31,2120.04,2094.49,2138.62" sx="M,M,M,M"/><TAIKYOKU oya="0"/><INIT seed="0,0,0,2,5,88" ten="250,250,250,250" oya="0" hai0="89,94,15,115,106,41,127,57,85,74,37,67,18" hai1="129,16,82,56,6,128,5,64,36,13,86,53,109" hai2="7,120,100,116,14,96,77,72,132,90,48,101,46" hai3="31,42,40,33,22,65,131,78,117,134,25,83,3"/><T124/><D74/><U2/><E64/><V44/><F120/><W110/><G117/><T114/><D106/><U62/><E36/><V97/><F132/><W24/><G110/><T91/><D41/><U81/><E81/><V17/><F7/><W35/><G3/><T29/><D29/><U113/><E2/><V105/><F116/><W107/><G131/><N who="1" m="50250" /><E109/><V76/><F90/><W98/><G65/><T125/><D37/><U1/><E1/><V103/><F72/><W79/><G134/><T102/><D102/><U12/><E12/><V45/><F48/><W39/><G39/><T122/><D91/><N who="1" m="51671" /><E113/><V32/><F32/><W38/><G79/><N who="2" m="30281" /><F105/><W9/><G33/><T118/><D122/><U135/><E135/><V99/><F14/><W47/><G42/><T52/><D67/><U87/><E87/><V27/><F17/><W69/><G69/><T11/><REACH who="0" step="1"/><D118/><REACH who="0" ten="240,250,250,250" step="2"/><U43/><E43/><V112/><F112/><W111/><G111/><T10/><D10/><AGARI ba="0,1" hai="5,6,10,13,16,53,56,62" m="51671,50250" machi="10" ten="30,2000,0" yaku="19,1,54,1" doraHai="88" who="1" fromWho="0" sc="240,-20,250,30,250,0,250,0" /><INIT seed="1,0,0,1,1,72" ten="220,280,250,250" oya="1" hai0="78,10,22,116,19,49,7,94,102,80,47,2,104" hai1="36,38,135,108,91,109,119,68,89,17,16,48,74" hai2="76,132,12,117,122,57,86,115,69,103,29,121,112" hai3="133,46,32,130,96,118,97,60,70,111,81,63,39"/><U110/><E68/><V4/><F69/><W58/><G111/><T61/><D116/><U26/><E119/><V6/><F117/><W101/><G118/><T50/><D104/><U31/><E74/><V35/><F132/><W24/><G130/><T15/><D61/><U5/><E5/><V107/><F107/><W131/><G131/><T56/><D56/><U41/><E48/><V0/><F0/><W27/><G133/><T92/><D102/><U18/><E135/><V82/><F103/><W8/><G8/><T13/><D2/><U14/><E14/><V120/><F57/><W40/><G96/><T33/><D33/><N who="1" m="20727" /><E41/><V84/><F84/><W93/><G32/><T44/><D50/><U64/><E64/><V126/><F126/><W53/><REACH who="3" step="1"/><G81/><REACH who="3" ten="220,280,250,240" step="2"/><T3/><D3/><U21/><E21/><V124/><F124/><W1/><G1/><T67/><D67/><AGARI ba="0,1" hai="24,27,39,40,46,53,58,60,63,67,70,93,97,101" machi="67" ten="40,2600,0" yaku="1,1,53,1" doraHai="72" doraHaiUra="52" who="3" fromWho="0" sc="220,-26,280,0,250,0,240,36" /><INIT seed="2,0,0,4,3,80" ten="194,280,250,276" oya="2" hai0="126,97,28,108,13,37,93,60,7,102,79,21,15" hai1="45,124,43,134,82,110,125,98,68,92,44,8,104" hai2="14,25,66,116,61,0,24,32,78,117,75,53,83" hai3="77,109,86,17,101,88,59,39,71,121,94,64,49"/><V135/><F135/><W57/><G121/><T130/><D37/><U69/><E104/><V120/><F120/><W36/><G71/><T106/><D108/><U100/><E110/><V5/><F14/><W73/><G109/><T47/><D130/><U40/><E8/><N who="2" m="2087" /><F53/><N who="3" m="31919" /><G39/><T35/><D35/><U74/><E134/><V132/><F25/><W16/><G73/><T65/><D126/><N who="1" m="48747" /><E44/><V54/><F54/><W63/><G36/><T4/><D79/><N who="1" m="44407" /><E43/><V12/><F132/><W58/><G77/><T105/><D47/><U72/><E72/><V67/><F67/><N who="3" m="39415" /><G101/><T76/><D76/><U127/><N who="1" m="48755" /><U2/><DORA hai="52" /><E2/><V9/><F78/><W96/><G96/><T10/><D15/><U20/><E20/><V90/><F12/><W128/><G128/><T34/><D34/><U114/><E114/><V131/><F32/><W6/><G6/><T85/><D4/><U119/><E119/><V51/><F117/><W22/><G22/><T89/><D21/><U30/><E69/><V107/><F116/><W133/><G133/><T70/><REACH who="0" step="1"/><D28/><REACH who="0" ten="184,280,250,276" step="2"/><U41/><E30/><V27/><F75/><W111/><G111/><T95/><AGARI ba="0,1" hai="7,10,13,60,65,70,85,89,93,95,97,102,105,106" machi="95" ten="20,12000,2" yaku="1,1,2,1,0,1,7,1,52,1,53,2" doraHai="80,52" doraHaiUra="87,81" who="0" fromWho="0" sc="184,130,280,-30,250,-60,276,-30" /><INIT seed="3,0,0,5,0,41" ten="314,250,190,246" oya="3" hai0="5,78,134,11,48,37,80,36,102,15,72,126,24" hai1="96,117,23,33,89,3,133,7,39,101,35,75,22" hai2="79,38,51,20,71,27,18,100,82,106,54,130,67" hai3="97,115,109,135,44,98,58,19,129,93,55,69,50"/><W40/><G115/><T112/><D112/><U57/><E39/><V6/><F38/><W17/><G129/><T60/><D134/><U63/><E75/><V92/><F130/><W127/><G135/><T91/><D126/><U43/><E43/><V59/><F106/><W94/><G69/><T1/><D102/><U21/><E133/><V70/><F6/><W16/><G127/><T110/><D110/><U120/><E120/><V87/><REACH who="2" step="1"/><F67/><REACH who="2" ten="314,250,180,246" step="2"/><W56/><G109/><T31/><D1/><U13/><E3/><V118/><F118/><W26/><G26/><T29/><D37/><U42/><E7/><V76/><F76/><W49/><G58/><T74/><D36/><U104/><E13/><V46/><F46/><W61/><G61/><T45/><D60/><U52/><E117/><V34/><F34/><W2/><G2/><T9/><D24/><U28/><E35/><V131/><F131/><W95/><AGARI ba="0,1" hai="16,17,19,40,44,49,50,55,56,93,94,95,97,98" machi="95" ten="30,11700,0" yaku="0,1,8,1,52,1,54,1" doraHai="41" who="3" fromWho="3" sc="314,-39,250,-39,180,-39,246,127" /><INIT seed="3,1,0,4,3,41" ten="275,211,141,373" oya="3" hai0="0,36,77,68,92,109,99,72,37,117,110,21,4" hai1="49,82,65,108,89,45,114,40,55,106,16,35,128" hai2="78,12,85,112,43,74,64,59,60,118,98,67,95" hai3="100,29,107,101,103,54,119,113,76,48,132,39,42"/><W57/><G119/><T56/><D68/><U20/><E35/><V25/><F118/><W3/><G113/><T63/><D117/><U120/><E108/><V47/><F74/><W127/><G3/><T129/><D21/><U125/><E106/><V19/><F25/><W121/><G121/><T134/><D134/><U97/><E114/><V32/><F32/><W61/><G127/><T22/><D22/><U33/><E33/><V93/><F112/><W79/><G107/><T10/><D129/><U70/><E128/><V96/><F67/><W50/><G132/><T86/><D72/><U133/><E125/><V6/><F6/><W123/><G29/><T8/><D8/><U23/><E23/><N who="2" m="11751" /><F78/><W87/><G39/><T51/><D51/><U91/><E133/><V38/><F38/><W126/><G126/><T11/><D11/><U30/><E30/><V116/><F116/><W80/><G123/><T83/><D109/><U1/><E65/><V115/><F115/><W44/><G79/><T13/><D0/><U104/><E70/><V90/><F95/><W81/><G81/><T62/><D62/><U26/><E1/><V24/><F24/><W84/><G61/><T2/><D2/><U15/><E26/><V17/><F17/><W28/><G28/><T135/><D110/><U71/><E71/><V73/><F73/><W34/><G34/><T102/><REACH who="0" step="1"/><D135/><REACH who="0" ten="265,211,141,373" step="2"/><U52/><E120/><V124/><F124/><W53/><G50/><T5/><D5/><U31/><E31/><V69/><F69/><W46/><G48/><T18/><D18/><U66/><E16/><RYUUKYOKU ba="1,1" sc="265,15,211,-15,141,15,373,-15" hai0="4,10,13,36,37,56,63,77,83,86,92,99,102" hai2="43,47,59,60,64,85,90,93,96,98" /><INIT seed="4,2,1,5,0,98" ten="280,196,156,358" oya="0" hai0="50,14,16,17,11,20,41,12,105,94,44,88,118" hai1="52,113,27,26,49,129,35,69,62,76,70,45,130" hai2="13,84,77,34,97,65,30,47,92,102,120,117,32" hai3="90,40,101,91,80,42,78,55,21,8,75,71,67"/><T135/><D135/><U83/><E113/><V31/><F120/><W2/><G55/><T89/><D105/><U7/><E7/><V1/><F1/><W57/><G71/><T127/><D127/><U126/><E126/><V134/><F134/><W121/><G21/><T103/><REACH who="0" step="1"/><D118/><REACH who="0" ten="270,196,156,358" step="2"/><U59/><E130/><V125/><F117/><W86/><G121/><T122/><D122/><U54/><E129/><V46/><F125/><W23/><G42/><T22/><D22/><U124/><E124/><V39/><F34/><W38/><G23/><T106/><D106/><U29/><REACH who="1" step="1"/><E27/><REACH who="1" ten="270,186,156,358" step="2"/><V56/><F32/><W72/><G40/><T93/><D93/><U28/><E28/><V24/><F92/><W131/><G131/><T111/><D111/><U119/><E119/><V114/><F31/><W19/><G80/><T109/><D109/><U6/><E6/><V96/><F30/><W37/><G19/><T4/><D4/><U51/><E51/><V53/><F24/><W95/><G95/><T60/><D60/><U61/><E61/><V0/><F114/><W107/><G107/><T81/><D81/><U33/><E33/><V25/><F25/><W73/><G37/><T63/><D63/><U64/><E64/><V123/><F65/><W43/><G38/><T100/><D100/><U133/><E133/><V82/><F102/><W87/><G101/><T5/><D5/><U116/><E116/><V3/><F123/><W36/><G36/><T115/><D115/><U48/><E48/><V79/><F39/><W99/><G67/><T104/><D104/><U9/><E9/><RYUUKYOKU ba="2,3" sc="270,15,186,15,156,-15,358,-15" hai0="11,12,14,16,17,20,41,44,50,88,89,94,103" hai1="26,29,35,45,49,52,54,59,62,69,70,76,83" /><INIT seed="4,3,3,2,1,103" ten="285,201,141,343" oya="0" hai0="54,20,22,36,105,16,27,117,92,111,37,63,33" hai1="3,135,77,84,65,73,56,113,86,43,10,82,101" hai2="134,40,123,62,125,104,8,44,70,131,95,25,11" hai3="71,26,94,121,114,80,91,58,72,122,31,119,97"/><T61/><D33/><U127/><E127/><V30/><F123/><N who="3" m="47115" /><G71/><T9/><D105/><U1/><E1/><V128/><F125/><W99/><G114/><T89/><D117/><U39/><E135/><V120/><F120/><W87/><G119/><T108/><D9/><U88/><E101/><V78/><F134/><W14/><G14/><T5/><D5/><N who="1" m="1343" /><E88/><V76/><F104/><W109/><G58/><N who="0" m="35031" /><D22/><U19/><E19/><V48/><F95/><W79/><G109/><N who="0" m="42059" /><D63/><N who="1" m="38119" /><E113/><V102/><F11/><W18/><G18/><T38/><D38/><U83/><E83/><V53/><F8/><W100/><G100/><T32/><D32/><AGARI ba="3,3" hai="26,31,32,72,79,80,87,91,94,97,99" m="47115" machi="32" ten="30,1000,0" yaku="13,1" doraHai="103" who="3" fromWho="0" sc="285,-19,201,0,141,0,343,49" /><INIT seed="5,0,0,1,4,67" ten="266,201,141,392" oya="1" hai0="112,117,85,91,98,90,12,80,115,68,93,56,7" hai1="25,88,71,26,53,131,76,95,107,94,34,59,65" hai2="124,104,5,52,4,79,103,105,127,14,16,40,97" hai3="36,89,9,64,120,113,129,62,82,2,81,122,63"/><U102/><E76/><V13/><F40/><W42/><G113/><T86/><D56/><U27/><E131/><V58/><F79/><W99/><G129/><T24/><D24/><U50/><E34/><V11/><F105/><W6/><G62/><T75/><D12/><U31/><E31/><V30/><F30/><W44/><G99/><T55/><D55/><U78/><E78/><V1/><F1/><W54/><G54/><T110/><D7/><U0/><E0/><V119/><F119/><W109/><G109/><T134/><D68/><U51/><E107/><V132/><F132/><W20/><G20/><T49/><D49/><N who="1" m="31151" /><E71/><V72/><F72/><W29/><G29/><T18/><D18/><U33/><E33/><V126/><REACH who="2" step="1"/><F14/><REACH who="2" ten="266,201,131,392" step="2"/><W10/><G42/><T111/><D117/><U17/><E27/><V21/><F21/><W69/><G2/><T118/><D118/><U37/><E26/><V66/><F66/><W28/><G64/><T61/><D75/><U23/><E65/><V57/><F57/><W101/><G28/><T45/><D45/><U38/><E38/><V19/><F19/><W43/><G44/><T106/><D134/><U96/><E37/><V47/><F47/><W87/><G43/><T46/><D46/><U116/><E116/><V135/><F135/><W100/><G36/><T123/><D110/><U73/><E73/><V70/><F70/><W84/><G69/><T125/><D111/><U35/><E35/><V15/><F15/><W128/><G128/><T3/><D3/><U83/><E25/><V121/><F121/><W48/><G122/><RYUUKYOKU ba="0,1" sc="266,-10,201,-10,131,30,392,-10" hai2="4,5,11,13,16,52,58,97,103,104,124,126,127" /><INIT seed="6,1,1,2,5,45" ten="256,191,161,382" oya="2" hai0="103,40,110,33,35,10,83,79,60,58,56,134,25" hai1="37,20,133,28,113,122,132,123,85,52,3,125,99" hai2="54,129,13,128,51,31,21,96,44,41,65,107,1" hai3="100,108,126,105,130,92,32,17,26,101,89,106,91"/><V59/><F1/><W80/><G108/><T24/><D110/><U82/><E3/><V90/><F65/><W53/><G130/><N who="2" m="50281" /><F90/><W55/><G32/><T77/><D103/><U135/><E37/><V22/><F31/><W42/><G42/><T68/><D40/><U6/><E113/><V57/><F13/><W8/><G106/><T14/><D68/><U19/><E125/><V114/><F114/><W27/><G126/><T7/><D25/><N who="1" m="14495" /><E28/><V69/><F69/><W88/><G105/><T38/><D24/><U63/><E99/><V87/><F87/><W72/><G27/><T81/><D35/><U95/><E6/><V117/><F117/><W50/><G55/><T127/><D33/><U94/><E82/><V46/><F46/><N who="3" m="27863" /><G72/><T30/><D30/><U78/><E78/><V75/><F75/><W12/><G92/><N who="1" m="35370" /><E85/><V29/><F29/><W16/><G80/><T104/><D104/><U15/><E15/><V116/><F116/><W112/><G112/><T71/><D127/><U39/><E39/><N who="2" m="21567" /><F59/><AGARI ba="1,1" hai="52,59,63,122,123,132,133,135" m="35370,14495" machi="59" ten="40,2600,0" yaku="20,1,54,1" doraHai="45" who="1" fromWho="2" sc="256,0,191,39,161,-29,382,0" /><INIT seed="7,0,0,2,2,79" ten="256,230,132,382" oya="3" hai0="34,90,1,81,80,12,93,98,7,62,103,134,49" hai1="53,19,120,46,99,118,44,128,77,126,133,95,20" hai2="35,72,102,74,87,26,6,14,109,129,88,91,85" hai3="33,108,40,122,58,10,100,135,52,41,105,68,51"/><W67/><G33/><T71/><D34/><U117/><E120/><V112/><F6/><W0/><G122/><T94/><D1/><U116/><E126/><V3/><F3/><W127/><G105/><T25/><D134/><U84/><E133/><V48/><F14/><W38/><G100/><T97/><D25/><U5/><E5/><V9/><F9/><W22/><G135/><T121/><D121/><U39/><E39/><V101/><F35/><W69/><G22/><T75/><D75/><U13/><E53/><V4/><F4/><W125/><G10/><N who="0" m="4191" /><D71/><U32/><E32/><V8/><F8/><W11/><G11/><T65/><D49/><U45/><E128/><V60/><F48/><W15/><G15/><T42/><D42/><N who="3" m="16489" /><G38/><T47/><D47/><U2/><E2/><V70/><F26/><W132/><G132/><T123/><D123/><U92/><E99/><V24/><F24/><W111/><G68/><T57/><AGARI ba="0,0" hai="57,62,65,80,81,90,93,94,97,98,103" m="4191" machi="57" ten="30,4000,0" yaku="8,1,52,2" doraHai="79" who="0" fromWho="0" sc="256,40,230,-10,132,-10,382,-20" owari="296,10.0,220,-18.0,122,-38.0,362,46.0" /></mjloggm>