<mjloggm ver="2.3"><GO type="97" lobby="0"/><UN n0="%6F%67%6E%75%73%39%39" n1="%E3%82%A6%E3%83%AB%E3%83%88%E3%83%A9%E7%AB%8B%E7%9B%B4" n2="%E9%BB%92%E6%AD%B4%E5%8F%B2" n3="%6B%61%6E%64%79" dan="15,14,13,13" rate="1966.30,1962.28,1861.85,1837.44" sx="M,M,M,M"/><TAIKYOKU oya="0"/><INIT seed="0,0,0,4,1,37" ten="250,250,250,250" oya="0" hai0="53,74,129,44,1,112,33,12,67,135,99,64,125" hai1="90,101,52,14,50,40,43,8,98,107,114,128,42" hai2="23,7,84,93,57,24,89,0,47,85,38,130,4" hai3="127,35,126,97,32,100,77,58,65,104,69,49,27"/><T18/><D112/><U91/><E128/><V117/><F130/><W31/><G49/><N who="0" m="28839" /><D129/><U56/><REACH who="1" step="1"/><E114/><REACH who="1" ten="250,240,250,250" step="2"/><V105/><F117/><W28/><G77/><T120/><D120/><U5/><AGARI ba="0,1" hai="5,8,14,40,42,43,50,52,56,90,91,98,101,107" machi="5" ten="30,12000,2" yaku="1,1,2,1,0,1,52,3,54,1,53,0" doraHai="37" doraHaiUra="118" who="1" fromWho="1" sc="250,-60,240,130,250,-30,250,-30" /><INIT seed="1,0,0,0,3,126" ten="190,370,220,220" oya="1" hai0="1,74,38,112,127,106,125,62,97,80,25,20,94" hai1="18,113,123,46,16,3,13,45,75,96,63,86,134" hai2="107,33,27,28,114,90,92,61,117,133,103,8,19" hai3="65,42,53,128,48,68,26,44,132,101,52,130,56"/><U104/><E75/><V131/><F117/><W57/><G101/><T15/><D1/><U59/><E3/><V47/><F133/><W70/><G26/><T84/><D112/><U98/><E123/><V77/><F77/><W116/><G116/><T31/><D38/><U72/><E72/><V37/><F114/><W51/><G132/><T14/><D74/><U23/><E134/><V35/><F61/><N who="3" m="39983" /><G70/><T40/><D106/><U73/><E73/><V39/><F103/><W67/><G67/><T88/><D62/><AGARI ba="0,0" hai="42,44,48,51,52,53,56,57,62,128,130" m="39983" machi="62" ten="30,8000,1" yaku="34,2,52,2,54,1" doraHai="126" who="3" fromWho="0" sc="190,-80,370,0,220,0,220,80" /><INIT seed="2,0,0,2,2,114" ten="110,370,220,300" oya="2" hai0="118,63,7,43,31,78,104,45,123,69,98,42,106" hai1="48,58,49,32,27,40,90,125,64,61,26,5,130" hai2="35,85,82,3,129,100,126,52,60,0,50,20,68" hai3="111,73,105,99,95,53,21,91,116,10,108,14,127"/><V1/><F35/><W128/><G73/><T46/><D123/><U131/><E5/><V57/><F126/><W18/><G127/><T37/><D78/><U107/><E107/><V80/><F129/><N who="1" m="49161" /><E125/><V88/><F100/><W101/><G128/><T44/><D7/><U103/><E103/><V41/><F20/><W102/><G102/><T87/><D46/><N who="1" m="25671" /><E32/><V6/><F68/><W89/><G89/><T39/><D98/><U54/><E90/><V72/><F72/><W120/><G120/><T16/><D118/><U23/><E23/><V86/><F41/><W55/><G116/><T28/><D87/><U112/><E112/><V81/><F81/><W77/><G21/><T51/><D51/><U13/><E13/><V30/><F30/><W93/><G77/><T29/><REACH who="0" step="1"/><D16/><REACH who="0" ten="100,370,220,300" step="2"/><U124/><E124/><V19/><F19/><W25/><G105/><T94/><D94/><U66/><E26/><V12/><F50/><W24/><G24/><T34/><D34/><U70/><E27/><V36/><F36/><W56/><G25/><T59/><D59/><U97/><E97/><V8/><REACH who="2" step="1"/><F0/><REACH who="2" ten="100,370,210,300" step="2"/><W71/><G71/><T132/><D132/><U79/><E70/><V121/><F121/><W83/><G56/><T135/><D135/><U96/><E49/><V17/><F17/><W109/><REACH who="3" step="1"/><G83/><REACH who="3" ten="100,370,210,290" step="2"/><T134/><D134/><U2/><E58/><V75/><F75/><W47/><G47/><T65/><AGARI ba="0,3" hai="28,29,31,37,39,42,43,44,45,63,65,69,104,106" machi="65" ten="30,4000,0" yaku="1,1,0,1,9,1,53,0" doraHai="114" doraHaiUra="76" who="0" fromWho="0" sc="100,70,370,-10,210,-20,290,-10" /><INIT seed="3,0,0,3,1,85" ten="170,360,190,280" oya="3" hai0="124,0,41,78,113,114,95,77,72,120,89,127,125" hai1="50,110,86,13,69,128,118,131,28,61,55,98,92" hai2="53,29,79,59,10,15,26,104,14,46,102,97,112" hai3="132,37,20,99,82,75,65,93,9,101,32,76,38"/><W48/><G32/><T4/><D120/><U6/><E28/><V74/><F112/><N who="0" m="43114" /><D41/><U111/><E86/><V17/><F46/><W5/><G132/><T1/><D72/><U56/><E118/><V126/><F126/><N who="0" m="32258" /><T51/><DORA hai="84" /><D51/><U40/><E6/><V36/><F36/><W52/><G65/><T108/><D108/><N who="1" m="41515" /><E13/><V23/><F79/><N who="0" m="30218" /><D4/><U91/><E40/><V64/><F64/><AGARI ba="0,0" hai="50,55,56,61,64,69,91,92,98,128,131" m="41515" machi="64" ten="30,3900,0" yaku="14,1,52,2" doraHai="85,84" who="1" fromWho="2" sc="170,0,360,39,190,-39,280,0" owari="170,-23.0,399,50.0,151,-35.0,280,8.0" /></mjloggm>