<mjloggm ver="2.3"><GO type="97" lobby="0"/><UN n0="%E3%82%A6%E3%83%AB%E3%83%88%E3%83%A9%E7%AB%8B%E7%9B%B4" n1="%5A%4B%5F%43%68%61%6F%73" n2="%E3%82%86%E3%81%86%E3%81%93%E3%82%8A%E3%82%93" n3="%E3%82%88%E3%83%BC%E3%81%90%E3%82%8B%E3%81%A8" dan="14,14,13,14" rate="1954.40,1951.18,1861.03,1908.87" sx="M,M,F,M"/><TAIKYOKU oya="0"/><INIT seed="0,0,0,1,5,67" ten="250,250,250,250" oya="0" hai0="5,27,13,111,28,16,53,110,121,37,61,108,104" hai1="74,116,65,133,41,23,127,131,31,76,68,6,102" hai2="134,32,22,29,99,69,62,84,1,114,125,81,101" hai3="47,106,98,128,92,25,91,11,20,75,51,3,15"/><T97/><D37/><U89/><E116/><V52/><F114/><W83/><G128/><T93/><D104/><U17/><E6/><V8/><F125/><W78/><G3/><T132/><D5/><U72/><E102/><V56/><F134/><W82/><G82/><T10/><D132/><U71/><E31/><V14/><F1/><W26/><G20/><T24/><D121/><U57/><E133/><V87/><F81/><W135/><G135/><T130/><D130/><U7/><E7/><V12/><F12/><W46/><G46/><T43/><D43/><U90/><E41/><V88/><F22/><W129/><G129/><T66/><D53/><U103/><E103/><V73/><F73/><W49/><G49/><T105/><D105/><U21/><E131/><V30/><F69/><W122/><G122/><T36/><D36/><U107/><E107/><V120/><F120/><W54/><G106/><T18/><D18/><AGARI ba="0,0" hai="11,15,18,25,26,47,51,54,75,78,83,91,92,98" machi="18" ten="30,1000,0" yaku="7,1" doraHai="67" who="3" fromWho="0" sc="250,-10,250,0,250,0,250,10" /><INIT seed="1,0,0,5,4,96" ten="240,250,250,260" oya="1" hai0="49,115,7,24,118,128,73,122,64,87,0,35,58" hai1="121,72,39,95,60,41,62,65,42,67,107,78,120" hai2="47,2,119,123,127,21,3,76,106,135,12,129,32" hai3="25,45,108,100,133,55,89,130,81,26,102,48,79"/><U86/><E107/><V91/><F123/><N who="1" m="47177" /><E72/><V83/><F119/><W16/><G108/><T29/><D49/><U9/><E95/><V124/><F32/><W93/><G130/><T66/><D58/><U77/><E86/><V44/><F129/><W6/><G6/><T117/><D66/><N who="1" m="25099" /><E9/><V54/><F106/><W20/><G133/><T61/><D87/><U97/><E97/><V110/><F135/><W113/><G113/><T114/><D73/><U1/><E1/><V28/><F110/><W103/><G81/><T27/><D128/><U125/><E125/><N who="2" m="48203" /><F91/><W18/><G79/><N who="1" m="30218" /><E39/><V74/><F3/><W112/><G112/><N who="0" m="43051" /><D122/><U134/><E134/><V14/><F2/><W71/><G71/><N who="0" m="42383" /><D27/><N who="3" m="10249" /><G20/><T68/><D68/><U98/><E98/><AGARI ba="0,0" hai="16,18,45,48,55,89,93,98,100,102,103" m="10249" machi="98" ten="30,8000,1" yaku="8,1,52,3,54,1" doraHai="96" who="3" fromWho="1" sc="240,0,250,-80,250,0,260,80" /><INIT seed="2,0,0,1,1,106" ten="240,170,250,340" oya="2" hai0="86,46,93,23,100,6,129,99,135,117,22,118,5" hai1="134,119,17,47,102,128,123,33,109,34,80,85,35" hai2="60,7,103,75,29,64,110,120,74,48,122,94,27" hai3="84,76,112,125,66,38,12,15,91,26,20,25,97"/><V114/><F114/><W51/><G38/><T30/><D129/><U54/><E119/><N who="0" m="45577" /><D135/><U19/><E128/><V113/><F113/><W124/><G112/><T72/><D72/><U87/><E134/><V50/><F7/><N who="0" m="2570" /><D30/><U32/><E109/><V49/><F110/><W68/><G76/><T65/><D65/><U4/><E4/><V115/><F115/><W70/><G97/><T2/><D2/><U132/><E102/><V67/><F103/><W82/><G51/><T121/><D121/><U127/><E132/><V130/><F130/><W0/><G0/><T81/><D46/><U36/><E123/><N who="2" m="47147" /><F94/><W73/><G73/><N who="2" m="27657" /><F29/><W31/><G26/><T111/><D111/><U88/><E36/><V14/><F14/><W126/><G15/><T21/><D21/><U39/><E39/><V13/><F13/><W90/><G12/><T108/><D108/><U77/><E47/><V89/><F89/><AGARI ba="0,0" hai="22,23,81,86,89,93,99,100" m="2570,45577" machi="89" ten="30,1000,0" yaku="12,1" doraHai="106" who="0" fromWho="2" sc="240,10,170,0,250,-10,340,0" /><INIT seed="3,0,0,1,4,110" ten="250,170,240,340" oya="3" hai0="25,123,81,133,85,117,32,2,53,89,41,34,103" hai1="88,105,8,134,60,90,28,97,111,43,135,121,39" hai2="10,46,74,0,11,122,31,30,65,75,64,56,71" hai3="80,100,20,7,118,69,79,126,83,12,70,113,19"/><W96/><G113/><T82/><D2/><U95/><E111/><V23/><F71/><W35/><G118/><T78/><D123/><U27/><E121/><V5/><F46/><W114/><G114/><T48/><D117/><U77/><E77/><V106/><F122/><W127/><G35/><T57/><D133/><U61/><E8/><V50/><F106/><W26/><G7/><T116/><D116/><U9/><E9/><V49/><F56/><W52/><G52/><T72/><D103/><U22/><E105/><V67/><F23/><W104/><G26/><T101/><D101/><U125/><E125/><N who="3" m="47626" /><G83/><T92/><D41/><U94/><E39/><V63/><F63/><W58/><G58/><T115/><D115/><U59/><E59/><V62/><F62/><W15/><G15/><T51/><D51/><N who="2" m="19466" /><F0/><W132/><G132/><T124/><D124/><U87/><E135/><V107/><F107/><W119/><G119/><T66/><D66/><U4/><E134/><V44/><F44/><W109/><G109/><T130/><D82/><U120/><E120/><V108/><F108/><W128/><G128/><T47/><D130/><U1/><E1/><V42/><F42/><W36/><G36/><T40/><D25/><U3/><E3/><V45/><F45/><W91/><G91/><T86/><D47/><U84/><E4/><V131/><F131/><W37/><G37/><T18/><D40/><U13/><E43/><V129/><F129/><W6/><G6/><T17/><D34/><U93/><E13/><N who="2" m="5327" /><F11/><W76/><G76/><N who="0" m="46247" /><D32/><U98/><E98/><V112/><F112/><RYUUKYOKU ba="0,0" sc="250,0,170,0,240,0,340,0" hai0="17,18,48,53,57,72,78,86,89,92" hai1="22,27,28,60,61,84,87,88,90,93,94,95,97" hai2="30,31,64,65,67,74,75" hai3="12,19,20,69,70,79,80,96,100,104" owari="250,5.0,170,-33.0,240,-16.0,340,44.0" /></mjloggm>