<mjloggm ver="2.3"><GO type="169" lobby="0"/><UN n0="%E3%82%8A%E3%82%87%E3%83%BC%E3%81%A1%32%30%58%58" n1="%E3%83%A1%E3%82%AC%E3%83%8D%E3%81%8F%E3%82%93" n2="%E6%B0%B4%E5%86%85%E9%AD%9A%E6%9D%A5%E5%A5%88" n3="%E3%82%A6%E3%83%AB%E3%83%88%E3%83%A9%E7%AB%8B%E7%9B%B4" dan="16,17,16,17" rate="2055.15,2136.78,2140.14,2104.67" sx="M,M,F,M"/><TAIKYOKU oya="0"/><INIT seed="0,0,0,1,0,15" ten="250,250,250,250" oya="0" hai0="64,17,97,58,28,39,122,79,132,23,55,113,27" hai1="37,4,62,69,10,104,88,125,32,130,20,86,67" hai2="106,118,40,73,46,135,31,41,11,76,45,50,123" hai3="91,80,74,8,5,21,70,38,49,116,77,87,13"/><T36/><D122/><U6/><E32/><V43/><F123/><W51/><G116/><T100/><D113/><U54/><E104/><V111/><F106/><W26/><G70/><T68/><D132/><U60/><E130/><V96/><F135/><W61/><G38/><T94/><D79/><U121/><E121/><V48/><F118/><W92/><REACH who="3" step="1"/><G61/><REACH who="3" ten="250,250,250,240" step="2"/><T117/><D117/><U134/><E37/><V72/><F111/><W119/><G119/><T22/><D68/><U126/><E134/><V12/><F50/><W52/><G52/><T95/><D64/><U33/><E54/><V78/><F48/><W93/><G93/><T3/><D94/><U131/><E60/><V57/><F41/><W1/><G1/><T89/><D3/><U82/><E131/><V110/><F43/><W19/><AGARI ba="0,1" hai="5,8,13,19,21,26,49,51,74,77,80,87,91,92" machi="19" ten="20,5200,0" yaku="1,1,0,1,7,1,52,1,53,0" doraHai="15" doraHaiUra="98" who="3" fromWho="3" sc="250,-26,250,-13,250,-13,240,62" /><INIT seed="1,0,0,3,0,6" ten="224,237,237,302" oya="1" hai0="50,90,56,107,126,49,45,113,3,71,53,54,27" hai1="87,125,30,22,96,11,127,123,114,10,44,115,105" hai2="34,119,17,72,121,118,82,4,20,134,77,14,1" hai3="52,92,79,69,29,73,59,80,103,61,83,48,75"/><U98/><E123/><V8/><F121/><W116/><G116/><T91/><D113/><N who="1" m="43019" /><E87/><V131/><F134/><W110/><G110/><T102/><D3/><U19/><E30/><V38/><F131/><W26/><G69/><T89/><D71/><U32/><E32/><V97/><F34/><W68/><G68/><T16/><D126/><N who="1" m="48139" /><E44/><V99/><REACH who="2" step="1"/><F38/><REACH who="2" ten="224,237,227,302" step="2"/><W129/><G129/><T101/><D107/><U122/><E122/><V42/><F42/><W86/><G80/><T24/><D24/><N who="1" m="14431" /><E105/><V58/><F58/><W84/><G83/><T31/><D31/><U111/><E111/><V112/><F112/><W64/><G59/><T94/><D94/><U46/><E46/><V100/><F100/><W135/><G103/><T25/><D25/><U43/><E43/><V2/><F2/><W76/><G26/><T28/><D28/><U21/><E21/><AGARI ba="0,1" hai="16,21,27,45,49,50,53,54,56,89,90,91,101,102" machi="21" ten="40,2600,0" yaku="8,1,54,1" doraHai="6" who="0" fromWho="1" sc="224,36,237,-26,227,0,302,0" /><INIT seed="2,0,0,4,5,126" ten="260,211,227,302" oya="2" hai0="66,79,12,127,37,83,64,55,130,32,80,101,14" hai1="45,113,52,119,70,135,2,10,72,68,133,38,60" hai2="44,24,13,121,39,21,41,61,91,128,20,110,46" hai3="27,47,19,102,36,75,104,49,124,1,106,98,89"/><V69/><F121/><W114/><G36/><T65/><D37/><U67/><E72/><V30/><F110/><W59/><G1/><T88/><D32/><U84/><E84/><V123/><F123/><W22/><G75/><T95/><D127/><U40/><E2/><V11/><F46/><W16/><G124/><T29/><D29/><U71/><E10/><V34/><F128/><W105/><G114/><T118/><D118/><U100/><E100/><V8/><F8/><W116/><G116/><T42/><D42/><U43/><E119/><V73/><F73/><W134/><G134/><N who="1" m="51210" /><E113/><V74/><F74/><W15/><G59/><T48/><D130/><U35/><E35/><V62/><F91/><W120/><G89/><T7/><D101/><U31/><E31/><V25/><F69/><N who="1" m="26729" /><E38/><V51/><F39/><W6/><G6/><T92/><D92/><U99/><E99/><V81/><F81/><N who="0" m="31306" /><D7/><U93/><E93/><V9/><F34/><W50/><G120/><T56/><D79/><U132/><N who="1" m="51218" /><U57/><DORA hai="94" /><E45/><V4/><REACH who="2" step="1"/><F11/><REACH who="2" ten="260,211,217,302" step="2"/><W26/><G47/><T77/><D77/><U23/><E23/><V33/><F33/><W5/><G22/><T85/><AGARI ba="0,1" hai="12,14,48,55,56,64,65,66,85,88,95" m="31306" machi="85" ten="30,2000,0" yaku="8,1,54,1" doraHai="126,94" who="0" fromWho="0" sc="260,30,211,-5,217,-10,302,-5" /><INIT seed="3,0,0,2,1,24" ten="290,206,207,297" oya="3" hai0="46,67,76,27,93,58,98,38,104,64,50,110,106" hai1="82,36,6,69,22,34,63,33,10,112,103,4,39" hai2="115,86,54,16,88,28,65,92,47,53,135,49,132" hai3="73,41,3,105,71,72,118,89,11,52,37,119,120"/><W13/><G71/><T56/><D38/><U94/><E112/><V57/><F115/><W61/><G105/><T74/><D74/><U18/><E82/><V131/><F131/><W23/><G120/><T100/><D76/><U90/><E103/><V59/><F28/><W75/><G41/><T0/><D0/><U14/><E36/><V99/><F99/><W91/><G37/><T19/><D110/><U51/><E39/><V96/><F96/><W97/><G3/><T126/><D126/><U29/><E4/><V8/><F65/><N who="0" m="25162" /><D106/><U102/><E102/><V83/><F92/><W70/><G23/><N who="0" m="13823" /><D104/><U134/><E134/><N who="2" m="51243" /><F54/><AGARI ba="0,0" hai="46,50,54,56,58,93,98,100" m="13823,25162" machi="54" ten="30,1000,0" yaku="8,1" doraHai="24" who="0" fromWho="2" sc="290,10,206,0,207,-10,297,0" /><INIT seed="4,0,0,4,1,12" ten="300,206,197,297" oya="0" hai0="113,19,67,48,131,3,57,110,82,71,39,28,29" hai1="40,98,100,4,104,64,33,49,61,118,94,106,24" hai2="76,70,101,108,36,34,58,95,117,121,20,5,135" hai3="63,43,125,92,87,42,80,9,8,11,15,65,41"/><T77/><D39/><U51/><E118/><V32/><F70/><W105/><G105/><T13/><D3/><U7/><E104/><V112/><F36/><W109/><G109/><T133/><D110/><U116/><E116/><V103/><F117/><W44/><G92/><T129/><D133/><U14/><E94/><V38/><F38/><W78/><G125/><T122/><D71/><U2/><E2/><V46/><F34/><W86/><G86/><T72/><D122/><U96/><E96/><V21/><F32/><W25/><G25/><T68/><D68/><U18/><E4/><V130/><F130/><N who="0" m="49674" /><D113/><U88/><E88/><V37/><F37/><W23/><G44/><T128/><D128/><U52/><E40/><V115/><F115/><W22/><G15/><T53/><D67/><U45/><E49/><V119/><F121/><W132/><G132/><T10/><AGARI ba="0,0" hai="10,13,19,28,29,48,53,57,72,77,82" m="49674" machi="10" ten="30,3000,0" yaku="19,1,52,1" doraHai="12" who="0" fromWho="0" sc="300,30,206,-10,197,-10,297,-10" /><INIT seed="4,1,0,5,5,20" ten="330,196,187,287" oya="0" hai0="21,71,133,5,90,17,134,124,122,39,68,46,41" hai1="16,43,126,56,107,99,128,113,38,78,13,132,110" hai2="45,131,15,76,117,64,130,34,57,105,26,80,19" hai3="108,94,77,42,72,7,114,73,32,91,65,27,50"/><T81/><D122/><U74/><E110/><V66/><F105/><W67/><G108/><T121/><D5/><U25/><E132/><N who="0" m="50793" /><D124/><U51/><E126/><V28/><F117/><W123/><G123/><T93/><D81/><U55/><E74/><V6/><F6/><W62/><G114/><T4/><D4/><U104/><E78/><V129/><F45/><W58/><G7/><T12/><D121/><U89/><E113/><V116/><F57/><W11/><G11/><T87/><AGARI ba="1,0" hai="12,17,21,39,41,46,68,71,87,90,93" m="50793" machi="87" ten="30,1500,0" yaku="20,1" doraHai="20" who="0" fromWho="0" sc="330,18,196,-6,187,-6,287,-6" /><INIT seed="4,2,0,3,2,28" ten="348,190,181,281" oya="0" hai0="27,15,110,21,66,119,84,72,128,109,133,78,81" hai1="117,50,118,12,53,63,134,4,115,77,25,61,33" hai2="70,91,96,101,51,132,75,120,3,74,59,67,73" hai3="31,45,29,127,2,114,6,56,17,47,39,16,48"/><T79/><D119/><U103/><E134/><V58/><F120/><W1/><G56/><T44/><D133/><U76/><E103/><V94/><F132/><W11/><G39/><T111/><D128/><U38/><E38/><V126/><F3/><W32/><G48/><T97/><D66/><U55/><E115/><V90/><F126/><W57/><G57/><T108/><D109/><U86/><E86/><V22/><F22/><W23/><G47/><T95/><D15/><U62/><E12/><V69/><F58/><W92/><G45/><T71/><D71/><U40/><E4/><V65/><F65/><W34/><G92/><T135/><D135/><U54/><E40/><V5/><F5/><N who="3" m="1463" /><G127/><T43/><D78/><U100/><E50/><V116/><F116/><N who="1" m="44649" /><E25/><V129/><F129/><W124/><G124/><T36/><D72/><U130/><E130/><V87/><F91/><W82/><G82/><T122/><D122/><U26/><E26/><V131/><F131/><W20/><G114/><T89/><D27/><U68/><E100/><V98/><F98/><W107/><G107/><T46/><D21/><N who="3" m="8265" /><G6/><T24/><D44/><U80/><E80/><V121/><F51/><W14/><G1/><T52/><D24/><U113/><E113/><V123/><F70/><W105/><G105/><T35/><D52/><U88/><E68/><V85/><F69/><W13/><G13/><T60/><D60/><U41/><E41/><V10/><F73/><W37/><G37/><T9/><D9/><U125/><E125/><V0/><F10/><N who="3" m="6231" /><G17/><T8/><D8/><U19/><E19/><RYUUKYOKU ba="2,0" sc="348,15,190,-15,181,-15,281,15" hai0="35,36,43,46,79,81,84,89,95,97,108,110,111" hai3="29,31,32,34" /><INIT seed="4,3,0,4,1,6" ten="363,175,166,296" oya="0" hai0="78,84,24,49,19,62,72,113,98,99,75,134,33" hai1="92,106,69,109,132,0,21,74,121,89,117,8,59" hai2="85,95,104,39,50,114,71,26,10,120,9,47,105" hai3="82,107,18,4,118,73,55,112,66,54,56,38,129"/><T81/><D113/><U88/><E121/><V116/><F120/><W23/><G107/><T108/><D134/><U28/><E117/><V119/><F39/><W13/><G38/><T58/><D49/><U40/><E69/><V25/><F71/><W65/><G118/><N who="2" m="45097" /><F114/><W96/><G112/><T14/><D108/><U124/><E106/><N who="2" m="41067" /><F95/><W61/><G129/><T80/><D24/><N who="2" m="9322" /><F85/><W110/><G110/><T125/><D33/><U91/><E92/><V100/><F100/><W77/><G96/><T60/><D84/><U20/><E132/><V34/><F34/><W130/><G130/><T67/><D62/><U123/><E123/><V2/><F2/><W1/><REACH who="3" step="1"/><G65/><REACH who="3" ten="363,175,166,286" step="2"/><T83/><D98/><U79/><E109/><V36/><F36/><W37/><G37/><T45/><D99/><U63/><E0/><V17/><F17/><W111/><G111/><T122/><D122/><U86/><E28/><V68/><F68/><W94/><G94/><T42/><D80/><U32/><E32/><V48/><F48/><W90/><G90/><T3/><D81/><U43/><E88/><V27/><F27/><W52/><G52/><AGARI ba="3,1" hai="9,10,47,50,52" m="9322,41067,45097" machi="52" ten="30,7700,0" yaku="12,1,52,2,54,1" doraHai="6" who="2" fromWho="3" sc="363,0,175,0,166,96,286,-86" /><INIT seed="5,0,0,4,0,47" ten="363,175,262,200" oya="1" hai0="76,55,17,9,16,71,122,26,3,27,110,123,20" hai1="103,67,5,60,124,52,121,90,113,95,116,48,33" hai2="111,79,22,68,126,131,86,11,96,7,129,127,100" hai3="45,15,70,58,77,1,120,117,18,88,84,41,44"/><U73/><E121/><N who="0" m="46089" /><D71/><U72/><E116/><V0/><F68/><W31/><G1/><T42/><D42/><U65/><E33/><V91/><F22/><W104/><G70/><T4/><D76/><U46/><E113/><V118/><F11/><W135/><G104/><T85/><D85/><U87/><E124/><N who="2" m="47659" /><F7/><W133/><G120/><T40/><D55/><U119/><E119/><V51/><F51/><N who="3" m="27023" /><G31/><N who="0" m="17863" /><D40/><U2/><E103/><V108/><F0/><W93/><G117/><T8/><D110/><N who="2" m="42026" /><F79/><W50/><G58/><T64/><D64/><U78/><E78/><V125/><F118/><W29/><G29/><T62/><D62/><U80/><E65/><V28/><F28/><W112/><G77/><T115/><D115/><U97/><E60/><V61/><F61/><W74/><G74/><T92/><D9/><U130/><E67/><V13/><F125/><W25/><G112/><T107/><D107/><U106/><E106/><N who="2" m="63751" /><F13/><W134/><G15/><T83/><D27/><U21/><E73/><V43/><F43/><N who="3" m="24895" /><G25/><T56/><D3/><U36/><E72/><V132/><F132/><W30/><G30/><T99/><D8/><U23/><E2/><V10/><F10/><W128/><G128/><T49/><D4/><U59/><E130/><V38/><F38/><W34/><G34/><T24/><D24/><U102/><E5/><V12/><F12/><W82/><G18/><T101/><D17/><U6/><E6/><V39/><F39/><W89/><G134/><T57/><D16/><U98/><E98/><V75/><F75/><W109/><G109/><T63/><D63/><RYUUKYOKU ba="0,0" sc="363,-30,175,10,262,10,200,10" hai1="21,23,36,46,48,52,59,80,87,90,95,97,102" hai2="86,91,129,131" hai3="82,84,88,89,93,133,135" /><INIT seed="5,1,0,2,3,32" ten="333,185,272,210" oya="1" hai0="63,34,97,91,54,106,126,8,134,66,3,100,59" hai1="55,83,95,118,41,109,81,127,68,71,102,56,26" hai2="40,85,96,79,89,46,7,28,44,52,128,129,93" hai3="112,30,88,123,84,131,90,86,14,50,10,130,116"/><U9/><E118/><V45/><F28/><W51/><G123/><T43/><D34/><U18/><E41/><V82/><F7/><W31/><G112/><T92/><D126/><U38/><E38/><V35/><F35/><W19/><G116/><T36/><D134/><U108/><E127/><V75/><F40/><W132/><G132/><T23/><D23/><N who="1" m="13687" /><E9/><V133/><F133/><W125/><G125/><T73/><D73/><U122/><E122/><V77/><F77/><W13/><G10/><T74/><D74/><U62/><E102/><V11/><F11/><W39/><G19/><T78/><D78/><U5/><E5/><V121/><F121/><W115/><G115/><T119/><D119/><U37/><E37/><AGARI ba="1,0" hai="13,14,30,31,37,39,50,51,84,86,88,90,130,131" machi="37" ten="25,3200,0" yaku="22,2,54,1" doraHai="32" who="3" fromWho="1" sc="333,0,185,-35,272,0,210,35" /><INIT seed="6,0,0,0,1,68" ten="333,150,272,245" oya="2" hai0="102,113,122,23,110,82,135,27,44,33,65,125,106" hai1="112,9,133,37,93,10,39,24,54,29,124,40,116" hai2="129,21,132,8,114,3,117,59,72,109,75,111,105" hai3="92,126,43,98,77,35,45,61,13,80,115,121,4"/><V131/><F117/><W104/><G35/><T63/><D33/><U17/><E116/><V100/><F114/><W14/><G104/><T2/><D110/><N who="2" m="41994" /><F21/><W58/><G121/><T49/><D2/><U41/><E133/><V70/><F59/><W53/><G126/><T89/><D125/><U71/><E124/><V16/><F70/><W60/><G60/><T25/><D122/><U120/><E71/><V83/><F132/><W62/><G62/><T95/><D113/><U11/><E120/><V1/><F16/><W78/><G78/><T87/><D106/><U85/><E112/><V108/><F108/><W38/><G4/><T31/><D135/><U128/><E17/><V12/><F12/><W46/><G46/><T48/><D27/><U51/><E128/><N who="2" m="49227" /><F83/><W19/><G19/><T6/><D6/><U26/><E26/><V84/><F84/><W86/><REACH who="3" step="1"/><G115/><REACH who="3" ten="333,150,272,235" step="2"/><T96/><D44/><U134/><E134/><V47/><F47/><W97/><G97/><T74/><D74/><U103/><E29/><V7/><F1/><W90/><AGARI ba="0,1" hai="13,14,38,43,45,53,58,61,77,80,86,90,92,98" machi="90" ten="20,5200,0" yaku="1,1,0,1,7,1,52,1,53,0" doraHai="68" doraHaiUra="30" who="3" fromWho="3" sc="333,-13,150,-13,272,-26,235,62" /><INIT seed="7,0,0,2,0,54" ten="320,137,246,297" oya="3" hai0="10,132,90,45,118,26,73,16,3,15,87,21,52" hai1="74,88,126,113,30,18,27,37,35,123,71,86,121" hai2="114,19,23,93,56,4,57,14,58,42,134,44,48" hai3="38,67,46,89,53,110,29,7,97,82,70,9,85"/><W63/><G110/><T43/><D73/><U76/><E71/><V119/><F119/><W40/><G29/><T103/><D132/><U50/><E37/><V81/><F134/><W60/><G97/><T1/><D52/><U105/><E105/><V80/><F114/><W92/><G60/><T2/><D103/><U128/><E113/><V61/><F4/><W22/><G53/><T32/><D32/><U13/><E128/><V78/><F93/><W130/><G130/><T127/><D127/><U96/><E126/><V59/><F78/><W25/><G25/><T129/><D1/><U79/><E96/><V55/><AGARI ba="0,0" hai="14,19,23,42,44,48,55,56,57,58,59,61,80,81" machi="55" ten="30,12000,2" yaku="0,1,8,1,52,4" doraHai="54" who="2" fromWho="2" sc="320,-30,137,-30,246,120,297,-60" owari="290,9.0,107,-39.0,366,46.0,237,-16.0" /></mjloggm>