<mjloggm ver="2.3"><GO type="41" lobby="0"/><UN n0="%53%6B%61%72%74" n1="%76%61%67%69%6F" n2="%E3%81%82%E3%81%95%E3%81%98%E3%82%8D%E3%81%86" n3="%E3%82%A6%E3%83%AB%E3%83%88%E3%83%A9%E7%AB%8B%E7%9B%B4" dan="13,15,13,15" rate="1881.25,2058.59,1901.67,2023.58" sx="M,M,M,M"/><TAIKYOKU oya="0"/><INIT seed="0,0,0,3,0,36" ten="250,250,250,250" oya="0" hai0="71,5,9,68,25,84,40,27,116,69,94,87,56" hai1="129,121,59,23,34,92,53,108,30,73,33,61,66" hai2="72,118,48,83,133,37,110,102,38,7,55,17,3" hai3="16,28,134,54,120,78,58,8,43,24,127,29,14"/><T11/><D116/><U21/><E73/><V57/><F133/><W135/><G127/><T86/><D94/><U70/><E121/><V81/><F118/><W100/><G120/><T85/><D56/><U124/><E124/><V67/><F110/><W39/><G78/><T122/><D122/><U125/><E125/><V117/><F117/><W18/><G100/><T26/><N who="0" m="22016" /><DORA hai="93" /><T46/><REACH who="0" step="1"/><D5/><REACH who="0" ten="240,250,250,250" step="2"/><U19/><E92/><V12/><F7/><W64/><G135/><T49/><AGARI ba="0,1" hai="9,11,25,26,27,40,46,49,68,69,71" m="22016" machi="49" ten="50,24000,3" yaku="1,1,2,1,0,1,29,2,52,1,53,4" doraHai="36,93" doraHaiUra="90,82" who="0" fromWho="0" sc="240,250,250,-80,250,-80,250,-80" /><INIT seed="0,1,0,2,0,128" ten="490,170,170,170" oya="0" hai0="126,135,110,73,71,97,28,7,44,30,132,90,107" hai1="96,67,10,106,64,80,100,6,59,116,0,85,1" hai2="24,8,47,118,131,39,120,14,84,62,31,23,95" hai3="25,113,86,92,78,77,91,89,79,111,57,61,13"/><T129/><D73/><U48/><E116/><V5/><F120/><W35/><G113/><T122/><D122/><U119/><E119/><V52/><F118/><W45/><G111/><T104/><D129/><U16/><E0/><V19/><F131/><W74/><G74/><T51/><D71/><U124/><E124/><V75/><F75/><W99/><G35/><T109/><D126/><U70/><E70/><V103/><F39/><W133/><G45/><T32/><D7/><U130/><E130/><V68/><F68/><W123/><G123/><T66/><D66/><U101/><E101/><V3/><F3/><W114/><G114/><T93/><D32/><U58/><E58/><N who="2" m="35143" /><F47/><W36/><G36/><T41/><D104/><U87/><E48/><V63/><F63/><W112/><G112/><T94/><D94/><U2/><E2/><V134/><F134/><N who="0" m="51242" /><D107/><U56/><E67/><V33/><F33/><W108/><G92/><T49/><D49/><U65/><E64/><V88/><F103/><W29/><G61/><T9/><D9/><U26/><E65/><V117/><F117/><W40/><G133/><T105/><D105/><U115/><E100/><V102/><F102/><W22/><G22/><T121/><D121/><U127/><E106/><V69/><F69/><W76/><N who="3" m="19968" /><DORA hai="17" /><W43/><G108/><AGARI ba="1,0" hai="28,30,41,44,51,90,93,97,108,109,110" m="51242" machi="108" ten="30,18000,2" yaku="14,1,10,1,20,1,52,3" doraHai="128,17" who="0" fromWho="3" sc="490,183,170,0,170,0,170,-183" owari="673,77.0,170,-3.0,170,-23.0,-13,-51.0" /></mjloggm>