<mjloggm ver="2.3"><GO type="41" lobby="0"/><UN n0="%E5%88%9D%E4%BB%A3%E2%98%86" n1="%E6%A1%83%E3%82%84%E3%82%93" n2="%E5%B0%B1%E6%B4%BB%E7%94%9F%40%E5%B7%9D%E6%9D%91%E8%BB%8D%E5%9B%A3" n3="%E3%82%A4%E3%82%B9%E3%82%AB%E3%83%B3%E3%83%80%E3%83%AB" dan="15,14,15,14" rate="2017.36,1963.90,1990.65,1846.50" sx="M,M,M,M"/><TAIKYOKU oya="0"/><INIT seed="0,0,0,5,5,31" ten="250,250,250,250" oya="0" hai0="82,70,12,89,81,26,83,99,58,57,63,59,71" hai1="125,9,121,15,41,100,126,18,92,88,62,133,113" hai2="53,7,107,117,86,111,97,21,4,105,30,118,55" hai3="50,56,135,6,19,60,87,96,52,11,79,43,90"/><T16/><D26/><U37/><E121/><V104/><F111/><W29/><G135/><T129/><D129/><U108/><E108/><V24/><F86/><W13/><G29/><T102/><D89/><U32/><E133/><V122/><F122/><W8/><G96/><T48/><D48/><U110/><E110/><V98/><F53/><W67/><G79/><T109/><D63/><U72/><E72/><V66/><F66/><W115/><G115/><T120/><D120/><U74/><E74/><V127/><F55/><W114/><G114/><T123/><D123/><U76/><E76/><V47/><F47/><W103/><G103/><T33/><D33/><U40/><E100/><V69/><F69/><W46/><G11/><T132/><D132/><U124/><E113/><V39/><F39/><W112/><G112/><T2/><D2/><U131/><E32/><V38/><F38/><W25/><G25/><T49/><D49/><U78/><E78/><V94/><F127/><W51/><G6/><N who="2" m="2089" /><F94/><W106/><G106/><T17/><D109/><U1/><E37/><V68/><F68/><W84/><G90/><T42/><D42/><U73/><E1/><V20/><F20/><W80/><REACH who="3" step="1"/><G80/><REACH who="3" ten="250,250,250,240" step="2"/><T5/><D99/><N who="1" m="57735" /><E131/><V10/><F10/><W34/><G34/><T14/><D102/><U134/><E134/><V65/><F98/><W77/><G77/><T91/><D5/><U27/><E73/><V0/><F97/><W36/><G36/><T116/><D91/><U28/><E28/><V101/><F101/><W61/><G61/><T23/><D116/><N who="2" m="44650" /><F0/><W85/><G85/><RYUUKYOKU ba="0,1" sc="250,10,250,-30,250,10,240,10" hai0="12,14,16,17,23,57,58,59,70,71,81,82,83" hai2="21,24,30,65,104,105,107" hai3="8,13,19,43,46,50,51,52,56,60,67,84,87" /><INIT seed="0,1,1,0,5,105" ten="260,220,260,250" oya="0" hai0="12,51,29,76,40,119,133,70,62,81,63,95,17" hai1="15,112,135,57,43,69,46,26,118,132,109,88,114" hai2="87,10,117,115,11,18,120,131,126,103,45,92,127" hai3="21,35,39,24,52,27,9,94,30,93,104,50,64"/><T97/><D119/><U41/><E118/><V55/><F117/><W74/><G104/><T13/><D29/><U121/><E121/><V79/><F120/><W68/><G39/><T8/><D70/><U83/><E69/><V124/><F115/><W89/><G9/><T100/><D133/><N who="1" m="51275" /><E109/><V125/><F131/><W111/><G111/><T110/><D110/><U122/><E122/><V72/><F18/><W34/><G74/><T7/><D51/><U3/><E3/><V6/><N who="2" m="32256" /><DORA hai="49" /><V80/><F6/><W38/><G38/><T101/><D101/><U65/><E26/><V116/><F116/><W28/><G68/><T20/><REACH who="0" step="1"/><D40/><REACH who="0" ten="250,220,260,250" step="2"/><U67/><E43/><V33/><F33/><W102/><G35/><T14/><D14/><U98/><E15/><V5/><F103/><W31/><G102/><T22/><D22/><U1/><E1/><V59/><F45/><W113/><G34/><T84/><AGARI ba="1,2" hai="7,8,12,13,17,20,62,63,76,81,84,95,97,100" machi="84" ten="20,7800,0" yaku="1,1,0,1,7,1,8,1,53,0" doraHai="105,49" doraHaiUra="32,123" who="0" fromWho="0" sc="250,101,220,-27,260,-27,250,-27" /><INIT seed="0,2,0,3,4,62" ten="351,193,233,223" oya="0" hai0="90,134,132,3,96,37,130,18,57,93,38,7,127" hai1="97,72,11,55,121,0,61,8,21,5,25,31,74" hai2="112,2,29,69,52,68,101,17,85,99,27,83,35" hai3="6,113,133,28,64,26,98,103,30,10,56,110,123"/><T46/><D127/><U114/><E121/><V44/><F112/><W73/><G113/><T84/><D130/><U66/><E114/><V15/><F2/><W77/><G123/><T100/><D57/><U9/><E55/><V135/><F135/><N who="0" m="51754" /><D18/><U82/><E74/><V19/><F19/><W42/><G133/><T54/><D7/><U58/><REACH who="1" step="1"/><E97/><REACH who="1" ten="351,183,233,223" step="2"/><V105/><F52/><W36/><G73/><T39/><D3/><U95/><E95/><V89/><REACH who="2" step="1"/><F44/><REACH who="2" ten="351,183,223,223" step="2"/><W45/><G45/><T126/><D54/><U119/><E119/><V109/><F109/><W41/><G42/><N who="0" m="22879" /><D126/><U115/><E115/><V131/><F131/><W111/><G41/><T14/><D14/><U22/><E22/><AGARI ba="2,2" hai="15,17,22,27,29,35,68,69,83,85,89,99,101,105" machi="22" ten="30,2000,0" yaku="1,1,7,1,53,0" doraHai="62" doraHaiUra="129" who="2" fromWho="1" sc="351,0,183,-26,223,46,223,0" /><INIT seed="1,0,0,4,2,65" ten="351,157,269,223" oya="1" hai0="62,114,6,81,45,27,43,23,12,32,104,105,106" hai1="124,31,133,17,51,134,35,37,29,9,117,18,11" hai2="7,60,95,20,47,80,5,13,90,120,0,79,58" hai3="61,3,108,21,24,92,56,74,59,129,119,14,85"/><U42/><E37/><V40/><F120/><W127/><G119/><T135/><D32/><U36/><E36/><V66/><F0/><W38/><G38/><T77/><D114/><U132/><E42/><V76/><F80/><W131/><G74/><T53/><D135/><U121/><E51/><V103/><F103/><W70/><G3/><T15/><D62/><U107/><E107/><V115/><F115/><W69/><G127/><T84/><D53/><U63/><E63/><V123/><F123/><W101/><G14/><T49/><REACH who="0" step="1"/><D6/><REACH who="0" ten="341,157,269,223" step="2"/><U91/><E121/><V100/><F7/><W98/><G61/><T55/><D55/><U8/><E117/><V1/><F5/><W4/><G4/><T78/><D78/><U30/><E91/><V82/><F79/><W113/><G113/><T128/><D128/><U57/><E57/><V2/><F58/><W22/><G59/><T102/><D102/><U87/><E87/><V118/><F60/><W33/><G85/><T26/><D26/><U96/><E96/><V73/><F100/><W94/><G56/><T89/><D89/><U10/><N who="1" m="2048" /><DORA hai="64" /><U97/><E97/><V50/><F118/><W71/><G98/><T122/><D122/><U28/><E124/><V130/><F130/><W72/><G101/><T110/><D110/><U19/><N who="1" m="7168" /><DORA hai="93" /><U111/><E35/><V16/><F66/><W83/><G131/><T86/><D86/><AGARI ba="0,1" hai="1,2,13,16,20,40,47,50,73,76,82,86,90,95" machi="86" ten="30,2000,0" yaku="7,1,54,1" doraHai="65,64,93" who="2" fromWho="0" sc="341,-20,157,0,269,30,223,0" /><INIT seed="2,0,0,0,0,112" ten="321,157,299,223" oya="2" hai0="95,89,66,111,77,84,64,38,114,39,76,41,17" hai1="68,103,51,65,80,59,117,20,73,54,102,11,90" hai2="74,94,63,123,48,30,62,19,12,6,135,55,67" hai3="53,10,21,23,70,108,101,122,36,24,121,110,32"/><V88/><F74/><W0/><G70/><T7/><D114/><U58/><E68/><V127/><F123/><N who="3" m="47115" /><G36/><T2/><D2/><U109/><E109/><N who="3" m="42090" /><G101/><T97/><D38/><U71/><E71/><V131/><F131/><W22/><G53/><T5/><D39/><U61/><E11/><V8/><F127/><W4/><G32/><T27/><D41/><U87/><E73/><V16/><F135/><W106/><G106/><T113/><D113/><U34/><E34/><V116/><F30/><AGARI ba="0,0" hai="0,4,10,21,22,23,24,30" m="42090,47115" machi="30" ten="30,3900,0" yaku="14,1,34,2" doraHai="112" who="3" fromWho="2" sc="321,0,157,0,299,-39,223,39" /><INIT seed="3,0,0,5,1,10" ten="321,157,260,262" oya="3" hai0="48,78,39,23,32,116,102,92,30,58,57,122,128" hai1="108,19,125,71,88,109,117,132,76,90,47,65,60" hai2="64,1,13,28,69,93,9,118,119,81,31,107,131" hai3="55,56,126,98,105,20,44,86,113,120,5,68,27"/><W124/><G120/><T33/><D33/><U94/><E117/><V95/><F107/><W63/><G113/><T62/><D32/><U80/><E132/><V77/><F1/><W75/><G75/><T41/><D39/><U89/><E125/><N who="3" m="48234" /><G86/><T11/><D78/><U83/><E47/><V96/><F131/><W46/><G68/><T135/><D135/><U25/><E94/><V37/><F37/><W12/><G105/><T51/><D122/><U72/><E25/><V74/><F119/><W110/><G98/><N who="0" m="59719" /><D128/><U87/><REACH who="1" step="1"/><E19/><REACH who="1" ten="321,147,260,262" step="2"/><V114/><F118/><W3/><G110/><AGARI ba="0,1" hai="60,65,71,72,76,80,83,87,88,89,90,108,109,110" machi="110" ten="40,8000,1" yaku="1,1,2,1,14,1,54,1,53,0" doraHai="10" doraHaiUra="14" who="1" fromWho="3" sc="321,0,147,90,260,0,262,-80" /><INIT seed="4,0,0,5,4,20" ten="321,237,260,182" oya="0" hai0="13,7,132,36,29,77,38,28,71,85,107,31,6" hai1="127,48,74,17,22,99,21,84,94,106,122,60,73" hai2="78,61,135,37,33,4,57,79,46,102,52,116,110" hai3="30,134,130,83,103,41,76,24,51,111,62,105,67"/><T113/><D107/><U65/><E122/><V80/><F110/><W86/><G111/><T42/><D71/><U49/><E106/><V5/><F116/><W91/><G134/><T98/><D132/><U100/><E127/><V1/><F135/><W88/><G130/><T63/><D113/><U66/><E66/><V128/><F128/><W0/><G0/><T14/><D98/><U8/><E8/><V35/><F102/><W64/><G64/><T47/><D63/><U97/><E97/><V81/><F33/><W129/><G129/><T50/><D38/><U119/><E119/><V56/><F35/><W26/><G26/><T90/><D77/><U115/><E22/><V15/><F1/><W45/><G103/><T117/><D36/><U18/><E18/><V44/><F37/><W3/><G3/><T16/><D117/><U68/><E115/><V10/><F56/><W123/><G123/><T112/><D112/><U133/><E133/><V39/><F4/><N who="0" m="1578" /><D16/><U109/><E84/><V59/><F59/><W54/><G105/><T126/><D126/><U27/><REACH who="1" step="1"/><E109/><REACH who="1" ten="321,227,260,182" step="2"/><V96/><F96/><W87/><G87/><T82/><AGARI ba="0,1" hai="13,14,28,29,31,42,47,50,82,85,90" m="1578" machi="82" ten="30,1500,0" yaku="8,1" doraHai="20" who="0" fromWho="0" sc="321,25,227,-5,260,-5,182,-5" /><INIT seed="4,1,0,5,0,10" ten="346,222,255,177" oya="0" hai0="91,101,20,67,99,111,33,49,74,8,55,17,108" hai1="130,59,131,43,14,68,32,7,12,123,107,72,48" hai2="71,69,45,52,92,62,44,120,26,76,19,38,60" hai3="70,77,129,40,78,95,81,86,115,6,83,11,118"/><T39/><D39/><U102/><E68/><N who="2" m="26187" /><F76/><W25/><G70/><T66/><D74/><U96/><E123/><V18/><F26/><W47/><G118/><T15/><D33/><U121/><E121/><V65/><F92/><W29/><G129/><N who="1" m="49162" /><E72/><V73/><F73/><W125/><G125/><T2/><D91/><U9/><E32/><V3/><F3/><W133/><G133/><T124/><D124/><U24/><E24/><V1/><F1/><W57/><G115/><T4/><D111/><U79/><E79/><V116/><F116/><W97/><G57/><T89/><D89/><U88/><E43/><N who="2" m="22647" /><F19/><W94/><G25/><T82/><D82/><U87/><E48/><N who="2" m="28687" /><F18/><W63/><G29/><T127/><D127/><U37/><E37/><V93/><F93/><W75/><G97/><T51/><D108/><U90/><E87/><V21/><F21/><W64/><G75/><T54/><D99/><U84/><E84/><V22/><F22/><W119/><G119/><T103/><D103/><U35/><E35/><V28/><F28/><W85/><G95/><T104/><D104/><U36/><E36/><V105/><F105/><W53/><G94/><T134/><D101/><U42/><E7/><V126/><F126/><W109/><G109/><T31/><D31/><U30/><E9/><V5/><F5/><W135/><G6/><T114/><D4/><U61/><E30/><V117/><F117/><W80/><G83/><T46/><D2/><U0/><E0/><V41/><F120/><W113/><G80/><T112/><D8/><U23/><E107/><V106/><F106/><RYUUKYOKU ba="1,0" sc="346,0,222,0,255,0,177,0" /><INIT seed="5,2,0,4,2,132" ten="346,222,255,177" oya="1" hai0="133,37,16,67,83,114,57,91,113,58,20,47,54" hai1="65,44,72,39,134,13,21,101,32,77,66,12,64" hai2="11,53,127,28,89,45,27,76,75,33,18,61,3" hai3="10,130,9,2,115,23,7,1,122,38,48,24,100"/><U116/><E32/><V125/><F75/><W111/><G38/><T96/><D133/><U51/><E116/><V118/><F118/><W109/><G100/><T78/><D67/><U120/><E39/><V94/><F76/><W92/><G92/><N who="0" m="56351" /><D37/><U106/><E134/><V25/><F3/><W104/><G104/><T129/><D129/><U117/><E120/><V14/><F27/><W135/><G122/><T4/><D4/><U41/><E117/><V80/><F80/><W119/><G119/><T95/><D95/><U68/><E68/><V43/><F61/><W131/><G135/><T19/><D19/><U79/><E72/><V82/><F82/><W40/><G40/><T87/><D113/><U84/><E106/><V55/><F43/><W62/><G62/><T97/><D97/><U0/><E0/><V105/><F105/><W70/><G48/><N who="0" m="28959" /><D114/><U71/><E71/><V110/><F110/><N who="3" m="41995" /><G70/><T73/><D73/><U59/><E101/><V99/><REACH who="2" step="1"/><F45/><REACH who="2" ten="346,222,245,177" step="2"/><W112/><G2/><T22/><D78/><U108/><E108/><V107/><F107/><W88/><G1/><T52/><D83/><N who="1" m="47215" /><E79/><V121/><F121/><W17/><G131/><T74/><D74/><U35/><E35/><V90/><F90/><W124/><G88/><T56/><D56/><U128/><E128/><V42/><F42/><W15/><G130/><T8/><D58/><U34/><E34/><V102/><F102/><W29/><G115/><T81/><D57/><U93/><E59/><V126/><AGARI ba="2,1" hai="11,14,18,25,28,33,53,55,89,94,99,125,126,127" machi="126" ten="30,12000,2" yaku="1,1,0,1,18,1,52,3,53,0" doraHai="132" doraHaiUra="123" who="2" fromWho="2" sc="346,-32,222,-62,245,136,177,-32" /><INIT seed="6,0,0,5,0,113" ten="314,160,381,145" oya="2" hai0="5,54,35,19,65,21,82,80,2,121,74,69,32" hai1="16,66,23,14,44,130,127,43,129,42,87,120,101" hai2="8,51,85,73,116,61,72,58,27,135,17,75,56" hai3="90,57,55,6,48,49,13,39,0,111,86,83,64"/><V52/><F116/><W104/><G104/><T10/><D121/><U9/><E127/><V114/><F135/><W25/><G39/><T110/><D110/><U128/><E120/><V76/><F114/><W119/><G119/><T96/><D96/><U93/><E66/><V40/><F40/><W95/><G111/><T33/><D74/><U12/><E44/><V45/><F61/><W132/><G132/><T79/><D54/><U99/><REACH who="1" step="1"/><E87/><REACH who="1" ten="314,150,381,145" step="2"/><V28/><F85/><W22/><G64/><T63/><D65/><U36/><E36/><V26/><F76/><W59/><G0/><T29/><D79/><U94/><E94/><V98/><F98/><W89/><G95/><T123/><D123/><U4/><AGARI ba="0,1" hai="4,9,12,14,16,23,42,43,93,99,101,128,129,130" machi="4" ten="30,7900,0" yaku="1,1,0,1,19,1,54,1,53,0" doraHai="113" doraHaiUra="118" who="1" fromWho="1" sc="314,-20,150,89,381,-39,145,-20" /><INIT seed="7,0,0,2,3,75" ten="294,239,342,125" oya="3" hai0="58,48,52,101,7,124,62,12,73,26,81,35,131" hai1="60,13,2,79,18,135,105,49,132,14,30,1,47" hai2="43,10,31,78,112,4,117,122,113,11,90,108,97" hai3="53,72,77,106,125,57,82,45,34,80,24,98,103"/><W95/><G125/><T5/><D131/><U133/><E105/><V85/><F108/><W127/><G127/><T92/><D124/><U21/><E60/><V99/><F117/><W8/><G8/><T126/><D126/><U69/><E69/><V120/><F78/><W70/><G70/><T123/><D123/><N who="2" m="47146" /><F43/><W91/><G34/><T63/><D35/><U41/><E30/><V61/><F31/><W74/><G24/><T102/><D26/><U104/><E104/><V38/><F61/><W64/><G64/><T84/><D73/><U65/><E65/><V37/><F11/><W100/><G45/><T110/><D110/><U115/><E115/><N who="2" m="44107" /><F85/><W88/><G103/><N who="0" m="39435" /><D92/><U46/><E14/><N who="2" m="5447" /><F90/><W40/><G40/><T119/><D119/><U86/><REACH who="1" step="1"/><E47/><REACH who="1" ten="294,229,342,125" step="2"/><V15/><F15/><W28/><G28/><T9/><D7/><U71/><E71/><V16/><F16/><W83/><G106/><T87/><D87/><U19/><E19/><V17/><F17/><W23/><G23/><T3/><D3/><U118/><E118/><V121/><F121/><W25/><G25/><T89/><AGARI ba="0,1" hai="5,9,12,48,52,58,62,63,81,84,89" m="39435" machi="89" ten="30,2000,0" yaku="8,1,54,1" doraHai="75" who="0" fromWho="0" sc="294,30,229,-5,342,-5,125,-10" owari="324,12.0,224,-18.0,337,44.0,115,-38.0" /></mjloggm>