<mjloggm ver="2.3"><GO type="41" lobby="0"/><UN n0="%E3%82%A6%E3%83%AB%E3%83%88%E3%83%A9%E7%AB%8B%E7%9B%B4" n1="%67%65%70%70%65%69" n2="%79%75%74%61%6B%61%77%61" n3="%E5%98%B4" dan="15,14,13,14" rate="2047.35,1909.13,1849.38,1969.18" sx="M,M,M,M"/><TAIKYOKU oya="0"/><INIT seed="0,0,0,1,1,61" ten="250,250,250,250" oya="0" hai0="28,90,9,14,31,45,108,112,59,122,43,27,12" hai1="21,135,37,20,34,98,121,111,1,42,32,80,124" hai2="131,65,53,99,100,130,86,101,29,68,85,129,46" hai3="134,33,82,115,91,123,3,50,106,0,76,54,19"/><T30/><D122/><U36/><E111/><V41/><F29/><W15/><G33/><T10/><D112/><U77/><E121/><V69/><F53/><W4/><G106/><T110/><D90/><U81/><E135/><V58/><F69/><W125/><G134/><T26/><D59/><U87/><E124/><V70/><F68/><W103/><G125/><T102/><D102/><N who="2" m="39530" /><F70/><W93/><G103/><T57/><D57/><U104/><E98/><V40/><F99/><W127/><G115/><T133/><D43/><N who="2" m="16458" /><F46/><W38/><G123/><T24/><D45/><U96/><E96/><V119/><F119/><W118/><G38/><T97/><D97/><U73/><E104/><V72/><F72/><W62/><G118/><T132/><D132/><U83/><E42/><V126/><F126/><W13/><G54/><T47/><D47/><U16/><E1/><V84/><F58/><W78/><G0/><T2/><D2/><U5/><E5/><V17/><F17/><W49/><G3/><T44/><D44/><U79/><E73/><V56/><F56/><W55/><G55/><T60/><D60/><U120/><E120/><V109/><F109/><N who="0" m="42090" /><D133/><U74/><E74/><V75/><F75/><W116/><G62/><T6/><D6/><U89/><E80/><V51/><F51/><W63/><G63/><T7/><D7/><U67/><E67/><AGARI ba="0,0" hai="65,67,84,85,86,129,130,131" m="16458,39530" machi="67" ten="40,8000,1" yaku="28,2,19,1,52,2" doraHai="61" who="2" fromWho="1" sc="250,0,250,-80,250,80,250,0" /><INIT seed="1,0,0,0,2,74" ten="250,170,330,250" oya="1" hai0="76,127,70,98,89,62,111,54,109,36,60,119,90" hai1="2,48,19,101,72,116,64,106,49,122,124,79,121" hai2="97,51,103,45,96,37,100,87,63,108,65,112,61" hai3="35,94,114,125,43,6,39,84,105,117,82,95,83"/><U28/><E2/><V129/><F37/><W22/><G35/><T13/><D36/><U52/><E116/><V9/><F129/><W104/><G39/><T107/><D119/><U1/><E1/><V73/><F73/><W81/><G6/><T12/><D127/><U77/><E124/><V26/><F112/><W25/><G43/><T86/><D70/><U134/><E72/><V38/><F38/><W3/><G3/><T7/><D107/><U120/><E64/><V18/><F108/><W27/><G125/><T130/><D98/><N who="2" m="37994" /><F87/><W16/><G114/><T68/><D68/><U14/><E106/><V66/><F26/><W31/><G117/><T131/><D86/><U85/><E101/><N who="2" m="38987" /><F18/><W4/><G4/><T23/><D7/><U50/><E134/><V133/><F9/><W46/><G46/><T126/><D126/><U0/><E0/><V57/><F133/><W29/><G104/><T78/><D23/><U47/><E28/><N who="3" m="10826" /><G27/><T67/><REACH who="0" step="1"/><D54/><REACH who="0" ten="240,170,330,250" step="2"/><U11/><REACH who="1" step="1"/><E85/><REACH who="1" ten="240,160,330,250" step="2"/><V15/><F66/><AGARI ba="0,2" hai="12,13,60,62,66,67,76,78,89,90,109,111,130,131" machi="66" ten="25,12000,2" yaku="1,1,2,1,22,2,52,2,53,0" doraHai="74" doraHaiUra="88" who="0" fromWho="2" sc="240,140,160,0,330,-120,250,0" /><INIT seed="2,0,0,2,4,20" ten="380,160,210,250" oya="2" hai0="73,100,40,2,89,120,114,113,123,127,105,58,75" hai1="37,74,46,21,1,102,80,44,29,38,83,62,8" hai2="16,87,119,111,34,57,96,98,86,115,82,134,23" hai3="43,7,109,118,128,6,36,59,9,71,0,51,18"/><V13/><F119/><W66/><G118/><T39/><D2/><U108/><E108/><V17/><F115/><W56/><G109/><T14/><D40/><U122/><E122/><V81/><F111/><W76/><G128/><T133/><D14/><U4/><E102/><V124/><F34/><W132/><G7/><T101/><D58/><U67/><E74/><V84/><F134/><W103/><G132/><T30/><D30/><U48/><E44/><V33/><F33/><W125/><G125/><T91/><D39/><U25/><E37/><V90/><F124/><W11/><G11/><T130/><D127/><U129/><E129/><V93/><F98/><W32/><G103/><T54/><D54/><U31/><E31/><V99/><F87/><W68/><G32/><T45/><D45/><U106/><E106/><V126/><F126/><W110/><G110/><T104/><D133/><U94/><E94/><V41/><F41/><W52/><G59/><T12/><D12/><U53/><REACH who="1" step="1"/><E38/><REACH who="1" ten="380,150,210,250" step="2"/><V15/><F93/><W121/><G121/><T116/><D116/><U112/><E112/><V79/><REACH who="2" step="1"/><F57/><AGARI ba="0,1" hai="1,4,8,21,25,29,46,48,53,57,62,67,80,83" machi="57" ten="30,7700,0" yaku="1,1,7,1,52,1,53,1" doraHai="20" doraHaiUra="35" who="1" fromWho="2" sc="380,0,150,87,210,-77,250,0" /><INIT seed="3,0,0,5,2,62" ten="380,237,133,250" oya="3" hai0="33,123,19,37,113,66,58,127,118,3,102,23,38" hai1="105,2,121,104,55,69,0,116,39,22,129,107,52" hai2="36,131,108,65,20,128,70,25,98,124,35,34,21" hai3="84,46,90,18,86,81,54,130,5,68,6,114,126"/><W7/><G114/><T60/><D3/><U12/><E121/><V101/><F36/><W59/><G68/><T82/><D33/><U99/><E39/><V27/><F124/><W95/><G126/><T87/><D123/><U120/><E120/><V8/><F8/><W109/><G130/><N who="2" m="49705" /><F108/><W14/><G109/><T30/><D118/><U64/><E129/><V119/><F119/><W43/><G46/><T45/><D127/><U85/><E116/><V92/><F70/><W106/><G106/><T56/><D113/><U61/><E0/><V88/><F101/><W47/><G47/><T26/><D45/><U10/><E22/><N who="2" m="8811" /><F35/><W11/><G43/><T48/><D19/><U94/><E2/><V77/><F77/><W13/><G13/><T32/><D32/><U134/><E85/><V135/><F135/><W44/><G44/><T53/><D102/><U9/><E134/><V76/><F76/><AGARI ba="0,0" hai="23,26,30,37,38,48,53,56,58,60,66,76,82,87" machi="76" ten="30,2000,0" yaku="7,1,52,1" doraHai="62" who="0" fromWho="2" sc="380,20,237,0,133,-20,250,0" /><INIT seed="4,0,0,0,0,103" ten="400,237,113,250" oya="0" hai0="106,44,28,99,46,11,85,87,16,7,22,132,95" hai1="117,73,94,108,116,39,36,112,60,6,29,68,82" hai2="70,126,97,78,127,43,77,64,38,30,12,65,133" hai3="35,62,131,32,57,121,53,105,45,96,47,18,49"/><T14/><D132/><U128/><E108/><V74/><F133/><W110/><G110/><T13/><D106/><U84/><E128/><V8/><F97/><W91/><G131/><T101/><D28/><U109/><E109/><V123/><F123/><W34/><G121/><T107/><D107/><U118/><E73/><V135/><F135/><W83/><G45/><AGARI ba="0,0" hai="7,11,13,14,16,22,44,45,46,85,87,95,99,101" machi="45" ten="40,3900,0" yaku="8,1,54,1" doraHai="103" who="0" fromWho="3" sc="400,39,237,0,113,0,250,-39" /><INIT seed="4,1,0,3,0,75" ten="439,237,113,211" oya="0" hai0="115,129,42,134,72,18,46,12,123,120,5,107,40" hai1="135,0,77,85,87,20,21,74,131,97,19,6,93" hai2="67,89,99,95,49,10,4,17,126,116,110,102,55" hai3="71,104,92,7,113,28,90,29,88,23,59,60,9"/><T81/><D107/><U53/><E131/><V54/><F126/><W103/><G104/><T44/><D115/><U69/><E69/><V48/><F116/><W33/><G71/><T84/><D72/><U50/><E135/><V34/><F110/><W27/><G113/><T22/><D129/><U133/><E133/><V61/><F34/><W66/><G33/><T38/><D5/><U51/><E0/><V117/><F117/><W64/><G66/><T91/><D134/><U57/><E6/><V98/><F17/><W112/><G29/><T16/><REACH who="0" step="1"/><D18/><REACH who="0" ten="429,237,113,211" step="2"/><U105/><E74/><V76/><F49/><AGARI ba="1,1" hai="12,16,22,38,40,42,44,46,49,81,84,91,120,123" machi="49" ten="30,11600,0" yaku="1,1,2,1,7,1,54,1,53,0" doraHai="75" doraHaiUra="1" who="0" fromWho="2" sc="429,129,237,0,113,-119,211,0" owari="558,66.0,237,4.0,-6,-51.0,211,-19.0" /></mjloggm>