<mjloggm ver="2.3"><GO type="41" lobby="0"/><UN n0="%79%6D%69%6C%6B%79" n1="%E5%B0%B1%E6%B4%BB%E7%94%9F%40%E5%B7%9D%E6%9D%91%E8%BB%8D%E5%9B%A3" n2="%E3%83%A1%E3%82%B1%E3%83%A1%E3%82%B1%4D%4B%EF%BC%8D%E2%85%A2" n3="%E3%81%98%E3%82%85%E3%81%86%E3%81%AA%E3%81%AA%E3%81%95%E3%81%84" dan="14,15,14,15" rate="1978.27,2006.07,1945.62,1997.34" sx="M,M,M,M"/><TAIKYOKU oya="0"/><INIT seed="0,0,0,3,5,28" ten="250,250,250,250" oya="0" hai0="49,134,108,113,4,79,29,5,98,61,99,47,66" hai1="117,12,124,46,13,43,30,91,38,115,62,24,90" hai2="51,104,132,122,121,33,110,16,72,55,54,63,48" hai3="23,22,80,101,52,87,68,1,56,125,50,131,105"/><T92/><D113/><U19/><E117/><V95/><F104/><W129/><G1/><T2/><D134/><U85/><E115/><V39/><F39/><W83/><G68/><T21/><D108/><U71/><E124/><V10/><F110/><W11/><G11/><T94/><D79/><U36/><E36/><V84/><F72/><W31/><G125/><T17/><D29/><U118/><E118/><V41/><F33/><W76/><G83/><T59/><D2/><U114/><E114/><V14/><F132/><W100/><G23/><T102/><D17/><U112/><E112/><V103/><F63/><W75/><G75/><T3/><D21/><U78/><E78/><V40/><F103/><W58/><G58/><T77/><D77/><U53/><E19/><V18/><F18/><W127/><G127/><T9/><D3/><U6/><E6/><V26/><F26/><W15/><G15/><T35/><D9/><U20/><E91/><N who="2" m="53735" /><F122/><W135/><G135/><T69/><D35/><U42/><E42/><N who="2" m="16491" /><F121/><W120/><G120/><T106/><D69/><U109/><E109/><V96/><F96/><W82/><G82/><T27/><D27/><U88/><E90/><V89/><F89/><W126/><G126/><T65/><D65/><U45/><E71/><V130/><F130/><N who="3" m="49675" /><G105/><T119/><D106/><U133/><E133/><V111/><F111/><W0/><G0/><T93/><D119/><U107/><E107/><V81/><F81/><W7/><G7/><N who="0" m="2635" /><D99/><U37/><E37/><V128/><F128/><W44/><G76/><T8/><D8/><U64/><E64/><RYUUKYOKU ba="0,0" sc="250,15,250,-15,250,15,250,-15" hai0="47,49,59,61,66,92,93,94,98,102" hai2="10,14,16,48,51,54,55" /><INIT seed="0,1,0,2,1,53" ten="265,235,265,235" oya="0" hai0="103,74,67,104,14,43,102,10,134,25,113,116,112" hai1="135,115,68,6,31,124,109,90,11,39,49,20,33" hai2="42,92,17,64,78,59,120,36,63,96,129,79,106" hai3="7,15,3,40,1,127,118,0,88,75,133,107,48"/><T101/><D74/><U99/><E39/><V110/><F120/><W44/><G118/><T56/><D116/><U121/><E33/><V9/><F106/><W61/><G107/><T82/><D104/><U85/><E121/><V87/><F87/><W21/><G75/><T95/><D134/><U97/><E68/><V28/><F28/><W81/><G133/><T77/><D43/><U2/><E115/><V105/><F105/><W4/><G127/><T119/><D119/><U131/><E135/><V114/><F114/><W38/><G38/><T126/><D126/><U35/><E124/><V27/><F129/><W111/><G111/><T128/><D128/><U69/><E69/><V93/><F93/><W29/><G61/><N who="0" m="38311" /><D112/><U60/><E35/><V100/><F110/><W26/><REACH who="3" step="1"/><G15/><REACH who="3" ten="265,235,265,225" step="2"/><T24/><D113/><U16/><E109/><V34/><F36/><W50/><G50/><T57/><D95/><U89/><E131/><V37/><F37/><W13/><G13/><T66/><D82/><U71/><E71/><V45/><F92/><W86/><AGARI ba="1,1" hai="0,1,3,4,7,21,26,29,40,44,48,81,86,88" machi="86" ten="40,5200,0" yaku="1,1,0,1,54,1,53,0" doraHai="53" doraHaiUra="125" who="3" fromWho="3" sc="265,-27,235,-14,265,-14,225,65" /><INIT seed="1,0,0,0,0,88" ten="238,221,251,290" oya="1" hai0="23,6,57,62,71,86,59,25,73,119,96,64,22" hai1="128,76,11,7,50,38,74,29,15,127,80,48,32" hai2="34,67,123,117,65,99,56,95,118,14,84,83,31" hai3="46,98,8,107,132,105,26,104,5,108,122,61,58"/><U10/><E38/><V43/><F123/><W101/><G122/><T100/><D73/><U69/><E127/><V92/><F43/><W135/><G108/><T53/><D119/><U130/><E69/><V0/><F0/><W113/><G113/><T55/><D86/><U18/><E32/><V133/><F133/><N who="3" m="51275" /><G46/><T3/><D6/><U109/><E29/><V54/><F31/><W93/><G26/><T49/><D3/><U79/><E79/><N who="2" m="46207" /><F34/><W44/><G44/><T77/><D77/><U40/><E109/><V90/><F14/><N who="3" m="5391" /><G105/><T28/><D55/><AGARI ba="0,0" hai="55,58,61,93,98,101,104,107" m="5391,51275" machi="55" ten="30,2000,0" yaku="20,1,52,1" doraHai="88" who="3" fromWho="0" sc="238,-20,221,0,251,0,290,20" /><INIT seed="2,0,0,3,4,48" ten="218,221,251,310" oya="2" hai0="104,42,33,75,93,55,79,126,16,91,135,105,22" hai1="68,67,21,90,10,92,121,65,50,63,66,87,4" hai2="36,112,12,2,49,52,120,24,97,107,25,119,14" hai3="94,27,19,53,111,102,108,13,84,57,41,35,130"/><V110/><F36/><W6/><G41/><T61/><D126/><U30/><E121/><V15/><F120/><W37/><G37/><T103/><D135/><U125/><E125/><V82/><F119/><W38/><G38/><T131/><D131/><U20/><E50/><V124/><F2/><W100/><G6/><T1/><D1/><U60/><E30/><V11/><F124/><W26/><G130/><T18/><D33/><U23/><REACH who="1" step="1"/><E68/><REACH who="1" ten="218,211,251,310" step="2"/><V133/><F133/><W17/><G111/><T134/><D42/><U98/><E98/><V80/><F110/><W96/><G108/><T70/><D134/><U40/><E40/><V116/><F116/><W43/><G43/><T45/><D70/><U128/><E128/><V74/><F112/><W132/><G132/><T76/><D45/><U3/><AGARI ba="0,1" hai="3,4,10,20,21,23,60,63,65,66,67,87,90,92" machi="3" ten="30,2000,0" yaku="1,1,0,1,53,0" doraHai="48" doraHaiUra="73" who="1" fromWho="1" sc="218,-5,211,30,251,-10,310,-5" /><INIT seed="3,0,0,4,1,91" ten="213,241,241,305" oya="3" hai0="83,25,104,125,65,51,20,86,29,15,4,80,46" hai1="75,39,54,26,114,56,43,72,11,102,31,22,32" hai2="58,96,34,1,106,24,111,99,98,120,14,127,123" hai3="18,8,121,59,103,70,0,7,13,12,89,82,100"/><W110/><G70/><T74/><D125/><U122/><E122/><N who="2" m="46635" /><F1/><W132/><G121/><T94/><D104/><U133/><E114/><V64/><F127/><W115/><G115/><T16/><D4/><U71/><E133/><V76/><F76/><W68/><G68/><T117/><D117/><U44/><E71/><V63/><F111/><W85/><G132/><T19/><D65/><U30/><E102/><N who="2" m="62791" /><F14/><W52/><G110/><T124/><D124/><U55/><E55/><V134/><F134/><W93/><G82/><T78/><D94/><U49/><E31/><AGARI ba="0,0" hai="24,31,34,58,63,64,98,99" m="62791,46635" machi="31" ten="30,1000,0" yaku="13,1" doraHai="91" who="2" fromWho="1" sc="213,0,241,-10,241,10,305,0" /><INIT seed="4,0,0,3,0,72" ten="213,231,251,305" oya="0" hai0="124,81,115,94,100,14,85,54,39,0,129,135,107" hai1="126,8,38,59,88,123,80,9,53,79,95,1,20" hai2="99,55,4,125,36,13,15,18,111,46,32,47,117" hai3="68,27,16,128,25,108,37,103,84,28,77,106,63"/><T114/><D0/><U2/><E123/><V62/><F117/><W104/><G37/><T48/><D39/><U65/><E38/><V26/><F32/><W90/><G108/><T116/><D116/><U101/><E126/><V119/><F36/><W52/><G128/><T57/><D107/><U118/><E118/><V92/><F119/><W44/><G103/><T76/><D124/><U87/><E101/><N who="2" m="60647" /><F111/><W17/><G68/><T112/><D129/><U131/><E65/><V120/><F120/><W19/><G77/><T122/><D122/><U75/><E131/><V60/><F4/><W42/><G42/><T110/><D110/><U71/><E71/><V31/><F31/><W51/><G63/><N who="2" m="24105" /><F55/><W69/><G69/><T45/><D135/><U91/><E91/><V41/><F41/><W40/><G40/><T3/><D3/><U89/><E89/><V56/><F56/><W121/><G121/><T23/><D100/><U127/><E127/><V22/><F125/><W102/><G102/><T29/><D94/><U82/><E2/><V98/><F98/><W7/><G7/><T96/><D96/><U130/><E130/><V109/><F109/><W70/><G70/><T66/><D66/><U6/><E9/><V58/><F58/><W97/><G97/><T11/><D29/><U74/><E20/><V33/><F33/><W133/><G133/><T21/><REACH who="0" step="1"/><D57/><REACH who="0" ten="203,231,251,305" step="2"/><U49/><REACH who="1" step="1"/><E80/><REACH who="1" ten="203,221,251,305" step="2"/><V30/><F30/><W12/><G28/><T113/><N who="0" m="29184" /><DORA hai="34" /><T86/><D86/><AGARI ba="0,2" hai="1,6,8,49,53,59,74,75,79,82,86,87,88,95" machi="86" ten="30,8000,1" yaku="1,1,7,1,52,2,54,1,53,0" doraHai="72,34" doraHaiUra="64,93" who="1" fromWho="0" sc="203,-80,221,100,251,0,305,0" /><INIT seed="5,0,0,4,2,9" ten="123,321,251,305" oya="1" hai0="117,133,56,102,67,3,39,17,5,87,82,43,76" hai1="20,108,58,111,90,47,112,24,55,71,63,118,72" hai2="2,81,126,32,46,30,65,119,79,51,21,33,83" hai3="53,94,105,123,50,107,135,31,0,73,18,130,122"/><U35/><E72/><V64/><F2/><W37/><G73/><T95/><D133/><U41/><E118/><V44/><F119/><W114/><G0/><T61/><D117/><U4/><E35/><V125/><F21/><W78/><G78/><T1/><D1/><U109/><E112/><V128/><F128/><W8/><G37/><T132/><D3/><U48/><E4/><V100/><F100/><W74/><G74/><T11/><D132/><U34/><E34/><V38/><F38/><W27/><G135/><T120/><D120/><U54/><E90/><V103/><F103/><W89/><G114/><T25/><D39/><U124/><E124/><V59/><F59/><W22/><G123/><T69/><D5/><U127/><E127/><V68/><F79/><W98/><G130/><T15/><D43/><U42/><REACH who="1" step="1"/><E71/><REACH who="1" ten="123,311,251,305" step="2"/><V88/><F68/><W91/><G122/><T110/><D110/><U99/><E99/><V70/><F70/><W52/><G91/><T134/><D134/><U60/><E60/><V40/><F88/><W6/><G6/><T86/><D69/><U129/><E129/><V113/><F32/><W19/><G89/><N who="0" m="53687" /><D25/><U29/><AGARI ba="0,1" hai="20,24,29,41,42,47,48,54,55,58,63,108,109,111" machi="29" ten="30,6000,0" yaku="1,1,0,1,10,1,53,0" doraHai="9" doraHaiUra="131" who="1" fromWho="1" sc="123,-20,311,70,251,-20,305,-20" /><INIT seed="5,1,0,0,1,92" ten="103,381,231,285" oya="1" hai0="105,30,14,125,88,127,60,69,6,18,116,43,10" hai1="39,34,44,132,76,51,128,55,80,61,45,31,59" hai2="97,93,109,110,107,106,130,103,117,22,87,118,78" hai3="36,41,13,64,40,89,4,71,7,70,29,126,48"/><U25/><E128/><V86/><F130/><W53/><G126/><T96/><D43/><U72/><E132/><V91/><F22/><W120/><G120/><T84/><D116/><N who="2" m="44650" /><F78/><W101/><G29/><T26/><D69/><U83/><E39/><V114/><F114/><W33/><G33/><T27/><D60/><U16/><E83/><N who="2" m="49631" /><F87/><W66/><G101/><T50/><D50/><U24/><REACH who="1" step="1"/><E61/><REACH who="1" ten="103,371,231,285" step="2"/><V12/><F12/><W56/><G36/><T54/><D54/><U111/><E111/><AGARI ba="1,1" hai="93,97,103,106,107,109,110,111" m="49631,44650" machi="111" ten="30,3900,0" yaku="34,2,52,1" doraHai="92" who="2" fromWho="1" sc="103,0,371,-42,231,52,285,0" /><INIT seed="6,0,0,3,3,90" ten="103,329,283,285" oya="2" hai0="0,5,51,114,96,22,50,42,123,32,24,88,117" hai1="39,48,120,12,1,93,108,52,127,74,20,63,27" hai2="43,109,80,79,23,13,46,71,11,113,18,126,2" hai3="10,105,95,44,92,128,38,33,6,82,77,49,67"/><V115/><F71/><W78/><G105/><T64/><D114/><N who="2" m="43530" /><F126/><W35/><G67/><T124/><D117/><U45/><E1/><V34/><F34/><W59/><G128/><T87/><D123/><U57/><E74/><N who="2" m="43127" /><F109/><W89/><G59/><T94/><D124/><U133/><E108/><V26/><F2/><N who="3" m="343" /><G49/><T76/><D32/><N who="3" m="12361" /><G78/><T83/><D64/><N who="1" m="39023" /><E39/><V97/><F97/><W84/><G84/><T62/><D62/><U21/><E120/><V91/><F91/><W85/><G85/><T121/><D121/><U40/><E127/><V55/><F55/><W66/><G89/><T47/><D0/><U130/><E130/><V17/><F46/><W70/><G70/><T56/><D5/><U103/><E133/><V30/><F43/><N who="3" m="22647" /><G66/><T68/><D68/><U134/><E134/><V53/><F53/><W4/><G4/><AGARI ba="0,0" hai="4,11,13,17,18,23,26,30" m="43127,43530" machi="4" ten="30,1500,0" yaku="15,1" doraHai="90" who="2" fromWho="3" sc="103,0,329,0,283,15,285,-15" /><INIT seed="6,1,0,4,5,68" ten="103,329,298,270" oya="2" hai0="43,79,124,40,125,39,61,50,111,6,67,22,17" hai1="57,94,15,131,38,45,107,56,16,83,100,119,113" hai2="98,101,109,74,114,116,80,82,7,97,19,88,60" hai3="123,4,25,126,24,134,104,51,105,42,128,77,135"/><V96/><F116/><W34/><G123/><T59/><D6/><U85/><E119/><V112/><F7/><W63/><G4/><T108/><D17/><U87/><E113/><N who="2" m="43627" /><F109/><W99/><G77/><T26/><D22/><N who="1" m="11551" /><E38/><V48/><F48/><W102/><G126/><N who="0" m="48747" /><D26/><U122/><E107/><V2/><F60/><W14/><G128/><T28/><D28/><U130/><E122/><V72/><F2/><W133/><G14/><T91/><D91/><N who="1" m="53615" /><E100/><V18/><F101/><W129/><G129/><N who="1" m="49162" /><E45/><V9/><F9/><W41/><G104/><T33/><D33/><U49/><E49/><V117/><F117/><W110/><G110/><N who="0" m="42027" /><D79/><AGARI ba="1,0" hai="56,57,79,83,87" m="49162,53615,11551" machi="79" ten="30,2000,0" yaku="19,1,54,1" doraHai="68" who="1" fromWho="0" sc="103,-23,329,23,298,0,270,0" /><INIT seed="7,0,0,4,4,88" ten="80,352,298,270" oya="3" hai0="108,30,85,119,34,60,53,127,44,29,99,75,6" hai1="55,56,46,73,5,11,2,65,80,97,9,104,70" hai2="32,59,87,1,130,14,107,115,47,21,63,110,134" hai3="111,118,12,82,68,25,16,49,61,114,94,76,124"/><W128/><G118/><T72/><D119/><U22/><E70/><V3/><F110/><W93/><G111/><T27/><D127/><U17/><E9/><V129/><F107/><W51/><G114/><T67/><D108/><U26/><E65/><V71/><F32/><W42/><G25/><T106/><D85/><U41/><E104/><V39/><F71/><W92/><G124/><T131/><D131/><U125/><E97/><V20/><F115/><W62/><G128/><N who="2" m="49257" /><F87/><N who="3" m="48583" /><G68/><T117/><D117/><U116/><E116/><V96/><F96/><W50/><G42/><T23/><D23/><AGARI ba="0,0" hai="12,16,23,49,50,51,61,62,92,93,94" m="48583" machi="23" ten="30,12000,1" yaku="8,1,52,3,54,1" doraHai="88" who="3" fromWho="0" sc="80,-120,352,0,298,0,270,120" owari="-40,-54.0,352,15.0,298,-10.0,390,49.0" /></mjloggm>