<mjloggm ver="2.3"><GO type="41" lobby="0"/><UN n0="%E3%81%9A%E3%81%97" n1="%6F%63%65%61%6E%2D%7A" n2="%E3%81%93%E3%82%8C%E3%81%AF%EF%BD%97%EF%BD%97%EF%BD%97" n3="%E5%B0%B1%E6%B4%BB%E7%94%9F%40%E5%B7%9D%E6%9D%91%E8%BB%8D%E5%9B%A3" dan="15,13,16,13" rate="2005.64,1842.76,2051.71,1939.35" sx="M,M,M,M"/><TAIKYOKU oya="0"/><INIT seed="0,0,0,5,5,83" ten="250,250,250,250" oya="0" hai0="118,21,11,135,116,124,92,39,109,80,28,38,22" hai1="34,66,42,16,24,121,77,112,93,62,87,115,71" hai2="75,113,131,61,31,50,14,123,85,35,8,122,57" hai3="134,89,105,96,99,5,58,90,10,53,88,56,26"/><T73/><D92/><U86/><E42/><V4/><F75/><W27/><G134/><T3/><D80/><U20/><E34/><V55/><F113/><N who="1" m="43593" /><E121/><V130/><F31/><W95/><G105/><T44/><D73/><U43/><E43/><V97/><F97/><W46/><G46/><T104/><D104/><U51/><E77/><V98/><F98/><W6/><G56/><T45/><D135/><U47/><E93/><V101/><F101/><W128/><G128/><T12/><D28/><U117/><E117/><V76/><F35/><W110/><G110/><T2/><D12/><U125/><E125/><V29/><F29/><W9/><G96/><T33/><D11/><U108/><E108/><V23/><F23/><W15/><G95/><T40/><D40/><U100/><E100/><V0/><F0/><W52/><G53/><T114/><D114/><U120/><E120/><V17/><F4/><W126/><G99/><T74/><D74/><U18/><E47/><V25/><F25/><W106/><G106/><T13/><D13/><U64/><E51/><V65/><F131/><W119/><G126/><T59/><D33/><U30/><E66/><V19/><F19/><AGARI ba="0,0" hai="16,18,19,20,24,30,62,64,71,86,87" m="43593" machi="19" ten="30,7700,0" yaku="11,1,52,2,54,1" doraHai="83" who="1" fromWho="2" sc="250,0,250,77,250,-77,250,0" /><INIT seed="1,0,0,1,4,124" ten="250,327,173,250" oya="1" hai0="129,45,128,32,2,89,121,132,108,47,49,62,10" hai1="34,46,84,12,17,44,92,95,134,96,59,18,5" hai2="73,126,66,93,127,52,42,76,83,56,38,77,8" hai3="33,22,123,103,109,71,130,1,26,100,16,122,58"/><U43/><E134/><V135/><F135/><W102/><G71/><T36/><D132/><U35/><E84/><V23/><F77/><W101/><G1/><T31/><D108/><U125/><E125/><N who="2" m="47627" /><F66/><W48/><G109/><T63/><D121/><U105/><E105/><V65/><F65/><W80/><G130/><N who="0" m="50283" /><D89/><U14/><E59/><V113/><F113/><W111/><G111/><T97/><D97/><U78/><E78/><V104/><F104/><W21/><G33/><T40/><D31/><U81/><E5/><V61/><F23/><W131/><G131/><T39/><D32/><U106/><E106/><V64/><F64/><W24/><G80/><T88/><D88/><U41/><REACH who="1" step="1"/><E81/><REACH who="1" ten="250,317,173,250" step="2"/><V37/><F83/><W0/><G0/><T74/><D74/><U29/><E29/><V110/><F73/><W107/><G107/><T28/><D28/><U133/><E133/><V120/><F76/><W4/><G4/><N who="0" m="1303" /><D36/><U94/><E94/><V91/><F93/><W20/><G122/><T87/><D87/><U15/><E15/><V7/><F38/><W50/><G123/><T25/><D25/><U19/><E19/><V57/><F37/><W67/><G24/><T112/><D112/><U54/><E54/><AGARI ba="0,1" hai="39,40,45,47,49,54,62,63" m="1303,50283" machi="54" ten="30,7700,0" yaku="19,1,52,3" doraHai="124" who="0" fromWho="1" sc="250,87,317,-77,173,0,250,0" /><INIT seed="2,0,0,3,2,4" ten="337,240,173,250" oya="2" hai0="24,54,92,77,69,101,15,78,39,3,99,102,35" hai1="65,90,21,33,62,95,117,8,135,19,100,116,112" hai2="14,125,97,46,49,114,76,37,53,94,25,55,103" hai3="82,38,127,107,64,42,45,47,120,40,96,11,108"/><V70/><F114/><W52/><G120/><T93/><D3/><U67/><E112/><V118/><F118/><W63/><G127/><T130/><D39/><U72/><E33/><V12/><F125/><W26/><G108/><T31/><D130/><U23/><E72/><V51/><F70/><W131/><G131/><T43/><D43/><U81/><E135/><V129/><F129/><W132/><G132/><T56/><D69/><U88/><E100/><V91/><F37/><W104/><G26/><T68/><D68/><U73/><E73/><V27/><F76/><W134/><G134/><T5/><D5/><U44/><E44/><V83/><F83/><W6/><G82/><T10/><D93/><U121/><E81/><V71/><F71/><W36/><G96/><T86/><D86/><U22/><E121/><V66/><F66/><W84/><G84/><T122/><D102/><U60/><E95/><V13/><REACH who="2" step="1"/><F103/><REACH who="2" ten="337,240,163,250" step="2"/><W113/><G64/><N who="1" m="24650" /><E117/><V111/><F111/><W50/><G113/><T57/><D122/><U133/><E116/><V9/><F9/><W17/><G107/><T85/><D78/><U128/><E128/><V74/><F74/><W105/><G104/><T123/><D123/><U124/><E133/><V59/><AGARI ba="0,1" hai="12,13,14,25,27,46,49,51,53,55,59,91,94,97" machi="59" ten="30,6000,0" yaku="1,1,0,1,8,1,53,0" doraHai="4" doraHaiUra="2" who="2" fromWho="2" sc="337,-20,240,-20,163,70,250,-20" /><INIT seed="2,1,0,3,1,59" ten="317,220,233,230" oya="2" hai0="122,106,43,36,73,124,56,65,58,22,20,30,93" hai1="110,42,116,12,40,51,4,129,10,38,8,3,125" hai2="32,81,34,74,88,102,11,94,134,115,130,64,109" hai3="44,53,49,63,118,9,50,107,13,57,55,85,46"/><V128/><F115/><W60/><G107/><T24/><D106/><U70/><E116/><V77/><F134/><W52/><G118/><T68/><D122/><U27/><E125/><V87/><F109/><W97/><G85/><T117/><D117/><U123/><E70/><V23/><F11/><W76/><G76/><T7/><D73/><U0/><E38/><V112/><F112/><W14/><G97/><T54/><D124/><U39/><E39/><V133/><F133/><W1/><G63/><T104/><D104/><U28/><E51/><V71/><F23/><W35/><G35/><T111/><D111/><U80/><E80/><V29/><F102/><W127/><G127/><T105/><D105/><U132/><E110/><V17/><F17/><W86/><G86/><T101/><D68/><U19/><E132/><V126/><F126/><W92/><G92/><T100/><D93/><U82/><E123/><V21/><F21/><W16/><G14/><T96/><D22/><U131/><E82/><V98/><F74/><W18/><G1/><T121/><D121/><U25/><E42/><V6/><F6/><AGARI ba="1,0" hai="6,9,13,16,18,44,46,49,50,52,53,55,57,60" machi="6" ten="30,12000,2" yaku="7,1,9,1,8,1,52,1,54,2" doraHai="59" who="3" fromWho="2" sc="317,0,220,0,233,-123,230,123" /><INIT seed="3,0,0,5,1,9" ten="317,220,110,353" oya="3" hai0="62,16,110,70,13,32,23,42,5,58,76,104,26" hai1="96,71,12,38,95,132,20,103,78,43,119,41,112" hai2="88,82,7,60,129,105,29,135,48,6,80,46,111" hai3="47,2,117,99,51,18,39,74,101,120,25,19,49"/><W118/><G2/><T36/><D104/><U57/><E71/><V73/><F105/><W106/><G120/><T15/><D110/><U31/><E112/><V92/><F111/><W21/><G74/><T107/><D107/><U116/><E78/><V22/><F129/><W94/><G39/><T130/><D70/><U93/><E31/><V35/><F35/><W45/><G106/><T56/><D130/><U83/><E132/><V72/><F135/><W61/><G61/><T100/><D100/><U89/><E83/><V84/><F73/><W85/><G85/><T34/><D76/><U126/><E126/><V55/><F72/><W33/><G33/><T8/><D42/><U3/><E3/><V1/><F1/><W124/><G124/><T77/><D77/><U37/><E57/><V98/><F60/><W75/><G75/><T113/><D36/><U66/><E66/><V40/><F40/><W4/><G4/><T64/><D58/><U50/><E41/><V91/><REACH who="2" step="1"/><F82/><REACH who="2" ten="317,220,100,353" step="2"/><W53/><G117/><T127/><D127/><U69/><E116/><V52/><F52/><N who="3" m="29743" /><G118/><T30/><D113/><U131/><E119/><V44/><F44/><W65/><G65/><T79/><D34/><U24/><E131/><V90/><F90/><W68/><G68/><T86/><D79/><U109/><E69/><V115/><F115/><W125/><G125/><T17/><REACH who="0" step="1"/><D86/><REACH who="0" ten="307,220,100,353" step="2"/><N who="1" m="52407" /><E109/><V128/><F128/><W108/><G108/><T97/><D97/><U134/><E134/><V0/><F0/><W59/><G59/><T63/><D63/><U10/><E38/><V27/><AGARI ba="0,2" hai="6,7,22,27,29,46,48,55,80,84,88,91,92,98" machi="27" ten="30,8000,1" yaku="1,1,5,1,0,1,8,1,54,1,53,0" doraHai="9" doraHaiUra="123" who="2" fromWho="2" sc="307,-20,220,-20,100,100,353,-40" /><INIT seed="4,0,0,3,4,39" ten="287,200,200,313" oya="0" hai0="40,109,31,104,72,83,63,29,70,115,44,55,5" hai1="114,27,94,52,74,53,62,122,69,17,132,28,19" hai2="34,76,91,64,102,2,15,12,92,30,43,49,113" hai3="119,23,0,61,25,46,103,108,41,3,125,95,88"/><T13/><D104/><U66/><E122/><V85/><F2/><W60/><G108/><T56/><D109/><U42/><E74/><V71/><F113/><W117/><G125/><T118/><D118/><U96/><E132/><V18/><F71/><W65/><G103/><T20/><D115/><U123/><E114/><V26/><F64/><W100/><G100/><T80/><D70/><U127/><E123/><V36/><F36/><W1/><G119/><T35/><D35/><U131/><E127/><V32/><F32/><W86/><G117/><T107/><D107/><U99/><E99/><V57/><F57/><W101/><G101/><T9/><D72/><U16/><E131/><V121/><F121/><W112/><G65/><T97/><D97/><U105/><E105/><V84/><F102/><W87/><G87/><T77/><D77/><U38/><E96/><V120/><F18/><W98/><G86/><T133/><D133/><U54/><E94/><V14/><F120/><W81/><G81/><N who="0" m="31307" /><D20/><U48/><E38/><V58/><F58/><W111/><G111/><T22/><D22/><U93/><E93/><V128/><F128/><W89/><G89/><T110/><D110/><U7/><E7/><V33/><F33/><W21/><G112/><T11/><D11/><U10/><E10/><V116/><F116/><W47/><G21/><T90/><D90/><U75/><E75/><V59/><F59/><W82/><G82/><T68/><D68/><U67/><E67/><V126/><F126/><W6/><G23/><T124/><D124/><U129/><E129/><V37/><F76/><RYUUKYOKU ba="0,0" sc="287,30,200,-10,200,-10,313,-10" hai0="5,9,13,29,31,40,44,55,56,63" /><INIT seed="4,1,0,4,4,126" ten="317,190,190,303" oya="0" hai0="5,104,65,105,14,129,44,118,48,59,26,24,107" hai1="88,29,77,133,60,85,124,45,7,99,36,109,95" hai2="25,13,86,35,97,96,110,91,49,61,18,78,11" hai3="46,80,127,53,108,69,90,68,21,84,37,111,119"/><T121/><D118/><U87/><E109/><V33/><F110/><W54/><G127/><T2/><D121/><U66/><E124/><V9/><F78/><W34/><G119/><T43/><D2/><U120/><E120/><V28/><F35/><W102/><G34/><T83/><D129/><U98/><E133/><V17/><F61/><W103/><G108/><T32/><D32/><U6/><E29/><V100/><F100/><W30/><G111/><T4/><D65/><U72/><E72/><V114/><F114/><W125/><G69/><T8/><D59/><N who="1" m="37151" /><E36/><V20/><F49/><W16/><G68/><T82/><REACH who="0" step="1"/><D4/><REACH who="0" ten="307,190,190,303" step="2"/><N who="1" m="1579" /><E77/><V19/><F33/><W23/><G125/><T79/><D79/><U63/><E45/><V15/><REACH who="2" step="1"/><F28/><REACH who="2" ten="307,190,180,303" step="2"/><W75/><G30/><T22/><D22/><U38/><E38/><V70/><F70/><W134/><G21/><T131/><D131/><U51/><E63/><V62/><F62/><W76/><G37/><T128/><D128/><U57/><E51/><V41/><F41/><W116/><G116/><T42/><D42/><U93/><E57/><V73/><F73/><W64/><G64/><T101/><D101/><AGARI ba="1,2" hai="85,87,88,93,95,98,99,101" m="1579,37151" machi="101" ten="30,2000,0" yaku="8,1,54,1" doraHai="126" who="1" fromWho="0" sc="307,-23,190,43,180,0,303,0" /><INIT seed="5,0,0,1,4,110" ten="284,233,180,303" oya="1" hai0="32,90,41,117,43,80,91,119,23,8,83,31,64" hai1="113,134,51,129,98,21,61,25,45,121,4,47,107" hai2="132,38,100,81,111,14,125,93,77,75,109,135,17" hai3="87,76,131,1,52,104,67,27,65,48,35,26,92"/><U85/><E121/><V54/><F38/><W53/><G104/><T130/><D23/><U44/><E134/><N who="2" m="51243" /><F54/><W118/><G1/><T127/><D8/><U71/><E129/><V101/><F17/><W133/><G118/><T120/><D130/><U123/><E123/><V114/><F14/><W126/><G131/><T22/><D22/><U59/><E71/><V62/><F62/><W33/><G126/><T89/><D120/><U34/><E34/><V124/><F114/><W20/><G133/><T3/><D3/><U106/><E113/><V58/><F58/><W122/><G122/><T49/><D32/><U78/><E4/><V74/><F74/><W115/><G115/><T112/><D112/><U68/><E51/><V108/><F93/><W99/><G33/><T16/><D49/><U116/><E68/><V88/><F88/><N who="3" m="55687" /><G35/><T37/><D37/><U9/><E116/><V95/><F95/><W46/><G53/><T69/><D69/><U29/><E107/><V105/><F105/><W128/><G128/><T50/><D117/><U97/><E106/><V79/><F79/><W30/><G27/><T84/><D119/><U11/><E11/><V5/><F5/><W39/><G39/><T36/><D36/><U7/><E7/><V28/><F28/><W86/><G76/><N who="0" m="46087" /><D31/><U12/><E9/><V60/><F60/><W66/><AGARI ba="0,0" hai="20,26,30,46,48,52,65,66,67,86,87" m="55687" machi="66" ten="30,4000,0" yaku="8,1,54,2" doraHai="110" who="3" fromWho="3" sc="284,-10,233,-20,180,-10,303,40" /><INIT seed="6,0,0,0,3,41" ten="274,213,170,343" oya="2" hai0="105,124,37,1,31,126,92,47,54,11,24,21,121" hai1="113,16,65,71,36,85,17,96,99,9,93,4,108" hai2="128,120,10,122,127,123,20,69,50,32,86,79,103" hai3="89,135,46,81,7,83,133,18,72,67,51,115,23"/><V53/><F32/><W57/><G7/><N who="0" m="1519" /><D105/><U58/><E71/><V15/><F69/><W74/><G115/><T13/><D121/><U42/><E108/><V27/><F128/><W112/><G112/><T75/><D75/><U26/><E113/><V6/><F127/><N who="0" m="48682" /><D92/><U77/><E36/><V43/><F43/><W111/><G57/><T84/><D84/><U30/><E42/><V118/><F118/><W28/><G67/><T129/><D129/><U134/><E134/><N who="3" m="51210" /><G28/><T131/><D131/><U68/><E68/><V98/><F86/><N who="3" m="50383" /><G83/><T40/><D13/><N who="1" m="5287" /><E77/><V61/><F61/><W78/><G78/><T73/><D73/><U22/><E85/><V130/><F130/><W55/><G111/><T35/><D54/><U109/><E109/><V102/><F79/><W91/><G91/><T104/><D104/><U8/><E99/><V116/><F116/><W29/><G29/><T2/><D2/><U97/><E8/><V48/><F48/><W0/><G0/><T64/><D21/><U76/><E76/><V114/><F114/><W132/><G132/><T100/><D100/><N who="1" m="60431" /><E97/><V101/><F98/><W14/><AGARI ba="0,0" hai="14,18,23,46,51,55,72,74" m="50383,51210" machi="14" ten="30,2000,0" yaku="20,1,52,1" doraHai="41" who="3" fromWho="3" sc="274,-5,213,-5,170,-10,343,20" /><INIT seed="7,0,0,3,0,103" ten="269,208,160,363" oya="3" hai0="126,50,47,7,135,83,18,44,77,127,93,4,92" hai1="129,130,58,73,5,8,132,28,99,53,19,94,113" hai2="35,76,55,72,86,91,111,120,109,39,68,36,61" hai3="82,124,40,71,121,107,52,12,78,97,25,46,29"/><W2/><G71/><T106/><D135/><U42/><E28/><V80/><F120/><W115/><G2/><T104/><D18/><U108/><E73/><V96/><F36/><W89/><G121/><T49/><D83/><U95/><E108/><V33/><F39/><W34/><G124/><T87/><D87/><U117/><E42/><V123/><F123/><W122/><G115/><T85/><REACH who="0" step="1"/><D85/><REACH who="0" ten="259,208,160,363" step="2"/><U62/><E113/><V79/><F76/><AGARI ba="0,1" hai="4,7,44,47,49,50,76,77,92,93,104,106,126,127" machi="76" ten="25,12000,2" yaku="1,1,2,1,22,2,52,2,53,0" doraHai="103" doraHaiUra="57" who="0" fromWho="2" sc="259,130,208,0,160,-120,363,0" owari="389,49.0,208,-19.0,40,-46.0,363,16.0" /></mjloggm>