<mjloggm ver="2.3"><GO type="41" lobby="0"/><UN n0="%E3%82%A6%E3%83%AB%E3%83%88%E3%83%A9%E7%AB%8B%E7%9B%B4" n1="%E3%81%97%E3%82%85%E3%82%93%E3%81%9F%E3%81%8F" n2="%E4%B8%8B%E5%AE%B6%E3%81%AF%E3%82%B2%E3%82%A4" n3="%E3%83%90%E3%83%83%E3%82%AD%E3%83%BC" dan="15,13,15,14" rate="2019.67,1895.94,1994.96,1904.57" sx="M,M,M,M"/><TAIKYOKU oya="0"/><INIT seed="0,0,0,3,4,88" ten="250,250,250,250" oya="0" hai0="39,81,38,65,22,5,24,43,37,34,105,23,127" hai1="44,54,53,28,26,42,119,41,11,73,86,51,49" hai2="0,107,29,124,90,121,83,132,68,112,122,7,108" hai3="56,76,46,10,33,30,109,87,25,3,95,31,114"/><T52/><D105/><U8/><E73/><V71/><F29/><W85/><G114/><T106/><D106/><U100/><E119/><V110/><F107/><W84/><G109/><N who="2" m="42089" /><F7/><W113/><G113/><T82/><D127/><U117/><E117/><V48/><F0/><W27/><G46/><T60/><D43/><U74/><E74/><V101/><F112/><W4/><G56/><T59/><D5/><U125/><E125/><V20/><F101/><W96/><G76/><T128/><D128/><U93/><E42/><V1/><F1/><W63/><G63/><T70/><D34/><U115/><E115/><V69/><F20/><W15/><G3/><T104/><D104/><U103/><E103/><V123/><F83/><W55/><G55/><T47/><D47/><U6/><E6/><V130/><F90/><W78/><G78/><T57/><D23/><U92/><E100/><V61/><F48/><W12/><G12/><T21/><D21/><U50/><E41/><V134/><F61/><W126/><G126/><T111/><D111/><U58/><E50/><V62/><F62/><W120/><G120/><T17/><REACH who="0" step="1"/><D52/><REACH who="0" ten="240,250,250,250" step="2"/><U16/><E8/><V99/><F124/><W66/><G33/><T9/><D9/><U131/><E131/><V2/><F130/><W32/><G32/><T14/><D14/><N who="1" m="7263" /><E26/><N who="3" m="9738" /><G66/><T13/><D13/><U98/><E28/><V36/><F2/><W18/><G4/><T97/><D97/><U80/><E98/><V35/><F99/><W118/><G118/><T116/><D116/><U91/><AGARI ba="0,1" hai="44,49,51,53,54,58,80,86,91,92,93" m="7263" machi="91" ten="30,8000,1" yaku="25,1,8,1,52,2,54,1" doraHai="88" who="1" fromWho="1" sc="240,-40,250,90,250,-20,250,-20" /><INIT seed="1,0,0,1,1,19" ten="200,340,230,230" oya="1" hai0="50,25,39,113,88,16,53,123,114,30,122,85,56" hai1="1,0,63,20,52,23,31,42,84,115,35,57,108" hai2="37,66,34,70,97,68,28,24,121,107,120,78,112" hai3="41,98,22,61,47,133,45,105,111,128,13,54,89"/><U11/><E115/><V15/><F37/><W90/><G111/><T103/><D39/><U9/><E42/><V4/><F112/><W86/><G133/><T14/><D103/><U58/><E31/><V5/><F70/><W131/><G105/><T36/><D36/><U27/><E35/><V77/><F78/><W126/><G98/><T82/><D114/><U59/><E27/><V71/><F71/><W72/><G72/><T33/><REACH who="0" step="1"/><D113/><REACH who="0" ten="190,340,230,230" step="2"/><U3/><E108/><V8/><F77/><W104/><G131/><T106/><D106/><U135/><E135/><V75/><F75/><W44/><G104/><T17/><D17/><U26/><E26/><V74/><F74/><W2/><G128/><T43/><D43/><U110/><E110/><V134/><F134/><W48/><G41/><T127/><D127/><U93/><E63/><N who="2" m="40031" /><F4/><W117/><G61/><T81/><D81/><U29/><E29/><V10/><F8/><AGARI ba="0,1" hai="8,14,16,25,30,33,50,53,56,82,85,88,122,123" machi="8" ten="40,5200,0" yaku="1,1,54,2,53,0" doraHai="19" doraHaiUra="60" who="0" fromWho="2" sc="190,62,340,0,230,-52,230,0" /><INIT seed="2,0,0,3,4,83" ten="252,340,178,230" oya="2" hai0="106,109,122,112,121,108,52,131,96,124,120,86,65" hai1="90,132,99,17,115,113,82,46,92,118,127,68,6" hai2="95,43,33,73,5,77,117,57,47,48,26,88,9" hai3="102,51,87,27,59,101,97,49,81,1,22,15,23"/><V39/><F117/><W25/><G1/><T55/><D112/><U126/><E68/><V58/><F48/><N who="3" m="18507" /><G59/><T134/><D65/><U76/><E46/><V16/><F77/><W66/><G66/><T41/><D41/><U50/><E50/><V91/><F73/><W89/><G97/><T30/><D30/><U63/><E63/><V72/><F72/><W29/><G15/><T78/><D124/><N who="1" m="47659" /><E17/><AGARI ba="0,0" hai="17,22,23,25,27,29,81,87,89,101,102" m="18507" machi="17" ten="30,2000,0" yaku="8,1,52,1" doraHai="83" who="3" fromWho="1" sc="252,0,340,-20,178,0,230,20" /><INIT seed="3,0,0,5,5,21" ten="252,320,178,250" oya="3" hai0="101,103,57,34,92,66,47,48,87,111,60,11,54" hai1="12,18,53,99,105,102,29,7,127,132,126,131,109" hai2="50,76,37,90,42,17,100,59,9,81,118,110,62" hai3="74,128,78,89,56,123,6,52,83,13,98,36,64"/><W68/><G68/><T124/><D124/><U125/><E7/><V97/><F118/><W30/><G123/><T120/><D120/><U41/><E41/><V82/><F110/><W119/><G119/><T107/><D107/><U39/><E39/><V49/><F37/><W135/><G36/><T32/><D111/><U55/><E109/><V40/><F76/><W31/><G64/><T121/><D121/><U67/><E67/><N who="2" m="39391" /><F100/><W38/><G38/><T88/><D34/><U84/><E84/><N who="2" m="50447" /><F97/><W96/><G135/><T43/><D32/><U2/><E2/><V93/><F93/><W75/><G128/><T15/><REACH who="0" step="1"/><D43/><REACH who="0" ten="242,320,178,250" step="2"/><N who="2" m="16426" /><F82/><W94/><G83/><T133/><D133/><U25/><E132/><V4/><F4/><AGARI ba="0,1" hai="4,11,15,47,48,54,57,60,66,87,88,92,101,103" machi="4" ten="30,7700,0" yaku="1,1,7,1,8,1,54,1,53,0" doraHai="21" doraHaiUra="33" who="0" fromWho="2" sc="242,87,320,0,178,-77,250,0" /><INIT seed="4,0,0,0,3,39" ten="329,320,101,250" oya="0" hai0="129,0,109,125,73,87,97,72,46,116,58,70,8" hai1="89,67,18,90,114,49,6,71,132,81,84,23,123" hai2="17,93,62,44,77,31,15,25,102,133,11,45,51" hai3="66,56,3,85,52,79,26,80,13,118,130,42,47"/><T86/><D70/><U91/><E123/><V98/><F133/><W38/><G3/><T69/><D69/><U105/><E105/><V100/><F77/><W99/><G118/><T119/><D58/><U29/><E114/><V19/><F45/><W48/><G130/><T76/><D46/><U1/><E29/><V22/><F62/><W124/><G124/><T34/><D8/><U82/><E132/><V96/><F96/><W16/><G26/><T101/><D0/><U10/><E67/><V59/><F59/><W112/><G112/><T122/><D34/><U120/><E71/><V35/><F35/><W106/><G106/><N who="0" m="63791" /><D122/><U108/><E108/><V21/><F100/><W83/><G99/><T40/><D40/><U64/><E64/><V43/><REACH who="2" step="1"/><F22/><REACH who="2" ten="329,320,91,250" step="2"/><W37/><G47/><T78/><D109/><U41/><E120/><V104/><F104/><W117/><G56/><T121/><D121/><U94/><E82/><V88/><F88/><W28/><G83/><T4/><D76/><U95/><E81/><V60/><F60/><W50/><G80/><T5/><D78/><U33/><E33/><V54/><F54/><W126/><G52/><T92/><D73/><U30/><E30/><AGARI ba="0,1" hai="11,15,17,19,21,25,30,31,43,44,51,93,98,102" machi="30" ten="40,5200,0" yaku="1,1,8,1,52,1,53,0" doraHai="39" doraHaiUra="75" who="2" fromWho="1" sc="329,0,320,-52,91,62,250,0" /><INIT seed="5,0,0,5,1,45" ten="329,268,153,250" oya="1" hai0="11,31,95,134,5,56,63,76,20,74,40,29,119" hai1="53,1,23,117,91,17,51,42,6,90,118,79,108" hai2="132,112,131,110,111,34,88,15,135,33,3,93,84" hai3="72,71,115,46,22,121,57,126,52,107,106,104,14"/><U83/><E108/><V73/><F3/><W120/><G71/><T122/><D119/><U129/><E129/><V16/><F73/><W130/><G72/><T37/><D134/><N who="2" m="51242" /><F131/><W116/><G115/><T70/><D70/><U41/><E118/><V44/><F112/><W101/><G130/><T75/><D75/><U124/><E124/><V86/><F84/><W99/><G116/><T9/><D9/><U58/><E117/><V89/><F89/><W96/><G126/><T38/><D38/><U114/><E114/><V54/><F111/><W85/><G46/><N who="0" m="23823" /><D20/><U105/><E105/><V61/><F110/><W125/><G125/><T113/><D95/><U39/><E39/><V98/><F86/><W43/><G43/><T62/><D62/><U109/><E109/><V92/><F92/><W133/><G85/><T49/><D63/><U10/><E90/><V68/><F68/><W127/><G127/><T12/><D122/><U87/><REACH who="1" step="1"/><E79/><REACH who="1" ten="329,258,153,250" step="2"/><V36/><F36/><W47/><G133/><T102/><D113/><U80/><E80/><V128/><F61/><W25/><G107/><T19/><D76/><U50/><E50/><N who="2" m="28999" /><F128/><W48/><G106/><T24/><D49/><U35/><E35/><V77/><F77/><W2/><G104/><T32/><D32/><U103/><E103/><V0/><F0/><W13/><G101/><T8/><D102/><U65/><E65/><V4/><F4/><W59/><G2/><T64/><D64/><U66/><E66/><V28/><F28/><N who="3" m="17463" /><G121/><T7/><D31/><U81/><E81/><V30/><F30/><W18/><G120/><RYUUKYOKU ba="0,1" sc="329,-15,258,15,153,15,250,-15" hai1="1,6,10,17,23,41,42,51,53,58,83,87,91" hai2="15,16,33,34,88,93,98" /><INIT seed="5,1,1,1,3,43" ten="314,273,168,235" oya="1" hai0="101,89,4,45,64,81,119,32,76,120,29,75,31" hai1="104,103,14,50,25,72,124,55,47,93,17,116,106" hai2="117,127,114,36,22,74,115,67,102,131,96,95,78" hai3="18,38,16,86,60,51,62,88,12,48,126,125,44"/><U3/><E116/><V82/><F36/><W19/><G38/><T118/><D101/><U57/><E72/><V105/><F67/><W9/><G51/><T11/><D120/><U0/><E124/><N who="3" m="47722" /><G60/><T10/><D10/><U7/><E25/><V34/><F127/><W128/><G62/><T59/><D59/><U39/><E93/><V2/><F2/><W52/><G128/><T100/><D64/><U37/><E37/><V73/><F34/><W71/><G71/><T58/><D58/><U70/><E70/><V132/><F22/><W94/><AGARI ba="1,1" hai="9,12,16,18,19,44,48,52,86,88,94" m="47722" machi="94" ten="30,8000,1" yaku="18,1,52,1,54,3" doraHai="43" who="3" fromWho="3" sc="314,-21,273,-41,168,-21,235,93" /><INIT seed="6,0,0,5,2,123" ten="293,232,147,328" oya="2" hai0="90,72,62,3,125,96,7,63,26,54,133,40,86" hai1="34,94,117,116,9,79,0,106,35,112,21,127,91" hai2="61,27,122,134,57,53,124,41,70,87,132,42,82" hai3="114,119,30,50,14,104,52,115,110,44,59,22,71"/><V19/><F122/><W51/><G71/><T18/><D72/><U107/><E112/><N who="3" m="43050" /><G104/><T81/><D125/><U126/><E79/><V74/><F74/><W83/><G110/><T8/><D133/><U20/><E94/><V25/><F124/><W37/><G119/><T56/><D40/><U64/><E64/><V80/><F70/><W55/><G83/><T39/><D39/><U128/><E9/><V102/><F102/><W16/><G30/><T105/><D105/><U66/><E66/><V78/><F82/><W111/><G111/><T38/><D38/><AGARI ba="0,0" hai="14,16,22,37,38,44,50,51,52,55,59" m="43050" machi="38" ten="30,7700,0" yaku="15,1,11,1,54,2" doraHai="123" who="3" fromWho="0" sc="293,-77,232,0,147,0,328,77" /><INIT seed="7,0,0,5,5,130" ten="216,232,147,405" oya="3" hai0="87,37,63,57,116,42,54,121,32,71,5,91,12" hai1="41,30,47,50,44,90,53,104,86,123,64,96,2" hai2="82,17,13,36,67,113,76,22,16,33,28,110,3" hai3="131,115,106,94,14,69,101,45,97,93,24,80,43"/><W107/><G69/><T56/><D32/><U31/><E123/><V89/><F110/><W128/><G80/><T78/><D78/><U122/><E122/><V70/><F36/><W39/><G115/><T35/><D35/><U18/><E2/><V77/><F113/><W21/><G14/><T20/><D121/><U74/><E74/><V65/><F70/><W118/><G118/><T10/><D116/><U51/><E64/><V120/><F120/><W15/><G15/><T26/><D71/><U95/><E104/><V92/><F17/><W105/><G94/><T73/><D73/><U103/><E18/><V124/><F124/><W11/><G11/><T119/><D119/><U111/><E111/><V58/><F3/><W72/><G72/><T59/><D42/><U98/><E98/><V66/><F33/><W81/><G81/><T38/><D38/><U68/><E68/><V9/><F82/><W102/><G102/><T83/><D37/><U133/><E133/><V8/><F58/><W46/><G46/><T75/><D75/><U117/><E117/><V52/><F52/><W19/><AGARI ba="0,0" hai="19,21,24,39,43,45,93,97,101,105,106,107,128,131" machi="19" ten="40,2100,0" yaku="0,1" doraHai="130" who="3" fromWho="3" sc="216,-7,232,-7,147,-7,405,21" owari="209,-19.0,225,3.0,140,-36.0,426,52.0" /></mjloggm>