<mjloggm ver="2.3"><GO type="169" lobby="0"/><UN n0="%E7%8B%AC%E6%AD%A9" n1="%E5%90%B8%E8%A1%80%E5%85%8E" n2="%E3%83%98%E3%82%AF%E3%82%B5%E3%83%BC" n3="%E3%82%A6%E3%83%AB%E3%83%88%E3%83%A9%E7%AB%8B%E7%9B%B4" dan="20,16,18,17" rate="2304.50,2026.13,2212.05,2177.96" sx="M,M,M,M"/><TAIKYOKU oya="0"/><INIT seed="0,0,0,5,4,53" ten="250,250,250,250" oya="0" hai0="92,0,93,56,70,19,44,91,89,110,111,36,113" hai1="107,75,112,18,85,103,51,108,1,63,130,106,135" hai2="66,125,14,17,32,132,129,48,60,9,61,52,114" hai3="27,117,80,30,77,62,124,33,6,79,122,37,115"/><T47/><D70/><U87/><E1/><V11/><F114/><W23/><G37/><T35/><D0/><U2/><E2/><V121/><F121/><W65/><G115/><T29/><D113/><U7/><E7/><V25/><F125/><W120/><G117/><T116/><D116/><U55/><E75/><V40/><F132/><W21/><G6/><T64/><D19/><U13/><E108/><N who="0" m="41513" /><D29/><U73/><E73/><V127/><F127/><W128/><G124/><T67/><D35/><U71/><E103/><V109/><F40/><W126/><G126/><T22/><D22/><U57/><E130/><V4/><F129/><W31/><G128/><T42/><D47/><U86/><E135/><V46/><F109/><W123/><G31/><T119/><D119/><U99/><E99/><V34/><F61/><W88/><G23/><T12/><D12/><U95/><E95/><N who="0" m="36425" /><D67/><U43/><E112/><V59/><REACH who="2" step="1"/><F25/><REACH who="2" ten="250,250,240,250" step="2"/><W104/><G27/><T16/><D16/><U69/><E18/><V90/><F90/><W97/><G88/><T39/><D39/><U83/><E43/><V45/><F45/><W131/><G122/><T78/><D78/><U74/><E71/><V81/><F81/><W15/><G79/><T118/><D118/><U105/><E69/><V38/><F38/><W68/><G77/><T5/><D5/><U102/><E83/><V3/><AGARI ba="0,1" hai="3,4,9,11,14,17,32,34,46,48,52,59,60,66" machi="3" ten="20,12000,2" yaku="1,1,0,1,7,1,52,1,54,1,53,2" doraHai="53" doraHaiUra="28" who="2" fromWho="2" sc="250,-60,250,-30,240,130,250,-30" /><INIT seed="1,0,0,0,4,58" ten="190,220,370,220" oya="1" hai0="14,31,60,44,85,94,67,10,91,64,103,54,20" hai1="109,123,66,35,4,78,96,46,19,23,113,42,132" hai2="93,117,17,50,27,39,43,124,86,89,47,99,87" hai3="45,101,128,72,55,6,51,76,34,119,83,104,74"/><U112/><E123/><V33/><F117/><W73/><G128/><T82/><D31/><U126/><E35/><V102/><F124/><W28/><G119/><T75/><D20/><U129/><E132/><V38/><F87/><W0/><G101/><T111/><D111/><U48/><E129/><V134/><F134/><W79/><G104/><T25/><D25/><U70/><E126/><V122/><F122/><W52/><G79/><T80/><D75/><U30/><E30/><V81/><F33/><W24/><G6/><T22/><D22/><U59/><E70/><V88/><F27/><W100/><G100/><T116/><D116/><U125/><E125/><V68/><F68/><W71/><G71/><T97/><D82/><U56/><E78/><V9/><F89/><W108/><G0/><T131/><D131/><U3/><E109/><V130/><F130/><W49/><REACH who="3" step="1"/><G108/><REACH who="3" ten="190,220,370,210" step="2"/><T107/><D107/><U90/><E4/><V65/><F102/><W110/><G110/><T21/><D103/><U61/><E3/><V8/><F88/><W98/><G98/><T29/><D97/><U120/><E120/><V40/><F99/><W53/><G53/><T32/><D91/><U84/><E96/><V5/><F5/><W105/><G105/><T69/><D69/><U115/><E115/><V92/><F86/><W12/><G12/><T135/><D85/><U133/><E133/><V77/><F77/><W18/><G18/><T106/><D135/><U7/><E7/><V15/><F17/><W114/><G114/><T57/><D106/><U13/><E113/><V1/><F1/><RYUUKYOKU ba="0,1" sc="190,-10,220,-10,370,-10,210,30" hai3="24,28,34,45,49,51,52,55,72,73,74,76,83" /><INIT seed="2,1,1,3,0,37" ten="180,210,360,240" oya="2" hai0="29,119,87,56,18,5,31,116,104,134,78,46,54" hai1="26,68,32,11,123,72,102,67,17,65,75,0,115" hai2="92,97,101,50,85,84,91,16,95,88,9,45,43" hai3="33,66,89,38,14,80,51,49,74,124,130,120,39"/><V107/><F9/><W52/><G33/><T25/><D104/><U44/><E115/><V42/><F16/><W55/><G120/><T34/><D46/><U12/><E102/><V111/><F111/><W73/><G66/><T127/><D127/><U133/><E133/><V53/><AGARI ba="1,1" hai="42,43,45,50,53,84,85,88,91,92,95,97,101,107" machi="53" ten="20,18000,2" yaku="0,1,7,1,9,1,52,2,54,1" doraHai="37" who="2" fromWho="2" sc="180,-61,210,-61,360,193,240,-61" /><INIT seed="2,2,0,1,0,96" ten="119,149,553,179" oya="2" hai0="124,127,82,68,20,69,10,1,93,80,55,57,110" hai1="79,81,95,70,59,46,53,28,7,72,90,104,74" hai2="29,135,131,56,5,113,51,35,73,83,50,38,116" hai3="91,23,89,76,130,32,43,12,44,132,67,87,134"/><V42/><F116/><W63/><G32/><T19/><D110/><U122/><E70/><N who="0" m="27241" /><D93/><U98/><E104/><V109/><F56/><W108/><G87/><T103/><D10/><U125/><E125/><N who="0" m="48201" /><D1/><U52/><E122/><V37/><F113/><W9/><G89/><T2/><D103/><U78/><E28/><V102/><F29/><W71/><G91/><T8/><D8/><U107/><E107/><V97/><F102/><W111/><G76/><T0/><D0/><U22/><E7/><V123/><F5/><W39/><G23/><T133/><D2/><U36/><E22/><V114/><F114/><W62/><G12/><N who="0" m="9319" /><D133/><N who="3" m="51305" /><G9/><T77/><D77/><U11/><E11/><V58/><F135/><W40/><G130/><T16/><D16/><U112/><E112/><V45/><F131/><W17/><G17/><T13/><D13/><U18/><E18/><V115/><F115/><W3/><G3/><T47/><D47/><U31/><E31/><V30/><F45/><N who="3" m="23711" /><G63/><AGARI ba="2,0" hai="55,57,63,80,82" m="9319,48201,27241" machi="63" ten="30,1000,0" yaku="18,1" doraHai="96" who="0" fromWho="3" sc="119,16,149,0,553,0,179,-16" /><INIT seed="3,0,0,0,5,132" ten="135,149,553,163" oya="3" hai0="114,68,17,18,104,80,124,71,13,101,82,81,63" hai1="54,121,84,123,129,111,105,2,52,1,43,51,72" hai2="59,94,135,34,53,69,56,6,118,24,120,26,117" hai3="49,88,79,133,38,128,92,5,47,58,0,102,78"/><W95/><G128/><T86/><D114/><U27/><E72/><V48/><F69/><W70/><G70/><T8/><D104/><U89/><E105/><V110/><F110/><W31/><G133/><T20/><D101/><U16/><E111/><V130/><F135/><W115/><G115/><T33/><D33/><U61/><E129/><V32/><F6/><W100/><G38/><T21/><D124/><U66/><E1/><V9/><F9/><W96/><G31/><T83/><D63/><U106/><E2/><V131/><F94/><W41/><G5/><T12/><REACH who="0" step="1"/><D8/><REACH who="0" ten="125,149,553,163" step="2"/><U97/><E61/><V107/><F107/><W73/><G100/><T3/><D3/><U55/><E106/><V65/><F32/><W103/><G0/><T75/><D75/><U19/><E121/><V62/><F120/><W125/><G125/><T10/><D10/><U64/><E123/><V37/><F34/><W67/><G73/><T91/><AGARI ba="0,1" hai="12,13,17,18,20,21,68,71,80,81,82,83,86,91" machi="91" ten="30,4000,0" yaku="1,1,0,1,9,1,53,0" doraHai="132" doraHaiUra="29" who="0" fromWho="0" sc="125,50,149,-10,553,-10,163,-20" /><INIT seed="4,0,0,3,3,2" ten="175,139,543,143" oya="0" hai0="103,112,117,3,129,81,124,53,93,74,62,18,21" hai1="71,115,96,41,8,133,45,127,48,116,87,58,123" hai2="11,118,6,107,7,130,22,35,68,24,15,102,92" hai3="36,70,83,95,119,56,64,111,113,82,13,108,27"/><T135/><D117/><U79/><E123/><V34/><F68/><W128/><G36/><T31/><D112/><U33/><E71/><V20/><F107/><W91/><G70/><T120/><D120/><U100/><E116/><V126/><F102/><W26/><G119/><T105/><D3/><U114/><E33/><N who="2" m="12299" /><F92/><W10/><G113/><N who="1" m="43018" /><E127/><V131/><F118/><W37/><G37/><T109/><D129/><N who="2" m="49162" /><F126/><W14/><G128/><T40/><D105/><N who="1" m="63623" /><E133/><V30/><F6/><W43/><G95/><T132/><D109/><U121/><E121/><V90/><F90/><W84/><G91/><T122/><D122/><U78/><E8/><V5/><F5/><W39/><G10/><T55/><D124/><U50/><E87/><V97/><F97/><W86/><G84/><T72/><D72/><U59/><E50/><V4/><F4/><W44/><G86/><T66/><D74/><U32/><E32/><AGARI ba="0,0" hai="7,11,15,20,22,24,30,32" m="49162,12299" machi="32" ten="30,7700,0" yaku="19,1,34,2,52,1" doraHai="2" who="2" fromWho="1" sc="175,0,139,-77,543,77,143,0" /><INIT seed="5,0,0,1,3,92" ten="175,62,620,143" oya="1" hai0="124,81,107,53,55,28,135,18,125,34,75,84,0" hai1="86,22,43,31,23,39,21,10,65,2,98,54,127" hai2="1,24,93,16,50,106,8,110,12,115,5,77,66" hai3="26,44,120,60,17,73,20,88,97,32,51,33,79"/><U123/><E123/><V85/><F106/><W132/><G120/><T6/><D75/><U108/><E65/><V103/><F66/><W3/><G3/><T62/><D107/><U40/><E39/><V134/><F110/><W113/><G113/><T30/><D135/><U114/><E2/><V19/><F134/><W102/><G132/><T41/><D41/><N who="1" m="15947" /><E114/><V133/><F133/><W117/><G117/><T9/><D18/><N who="2" m="6698" /><F1/><W45/><G79/><N who="0" m="46143" /><D34/><U57/><E127/><N who="0" m="48713" /><D62/><N who="1" m="36151" /><E108/><V36/><F36/><W104/><G73/><T82/><D82/><U37/><E37/><V29/><F115/><W119/><G119/><T4/><D4/><U128/><E128/><V68/><F68/><W131/><G131/><T58/><D58/><U72/><E72/><V118/><F118/><W122/><G60/><T111/><D111/><U64/><E64/><V59/><F50/><W11/><G51/><T56/><D56/><U100/><E10/><V130/><F59/><W74/><G74/><T112/><D112/><U49/><E49/><V126/><F130/><W35/><G122/><T70/><D70/><U116/><E116/><V48/><F48/><W91/><REACH who="3" step="1"/><G11/><REACH who="3" ten="175,62,620,133" step="2"/><T83/><D55/><U52/><E86/><V80/><F126/><W42/><G42/><T46/><D53/><U96/><E52/><V15/><F8/><W61/><G61/><T109/><D109/><U90/><E100/><V25/><F103/><W14/><G14/><T67/><D67/><U105/><E105/><V13/><F13/><W76/><G76/><T78/><D46/><AGARI ba="0,1" hai="17,20,26,32,33,35,44,45,46,88,91,97,102,104" machi="46" ten="40,8000,1" yaku="1,1,52,1,54,1,53,2" doraHai="92" doraHaiUra="87" who="3" fromWho="0" sc="175,-80,62,0,620,0,133,90" /><INIT seed="6,0,0,5,5,5" ten="95,62,620,223" oya="2" hai0="89,76,105,23,80,121,73,84,81,30,135,78,11" hai1="45,117,47,33,82,24,115,51,6,28,14,109,25" hai2="7,99,29,55,104,101,71,74,124,114,56,113,107" hai3="42,116,132,128,58,92,12,46,131,118,20,119,9"/><V22/><F71/><W2/><G132/><T4/><D121/><U103/><E109/><V123/><F123/><W75/><G75/><T86/><D135/><U130/><E117/><V15/><F74/><W120/><G120/><T38/><D105/><U129/><E115/><N who="2" m="44043" /><F124/><W87/><G58/><T102/><D102/><U100/><E82/><V49/><F107/><W108/><G108/><T40/><D40/><U36/><E36/><V1/><F1/><W18/><G92/><T112/><D38/><U88/><E25/><N who="2" m="16567" /><F15/><W79/><G2/><T52/><D112/><U66/><E66/><V61/><F7/><W72/><G72/><T53/><D89/><U60/><E88/><V43/><F43/><W91/><G46/><T133/><D73/><U0/><E45/><V106/><F106/><W68/><G42/><T16/><D30/><U69/><E0/><V62/><AGARI ba="0,0" hai="49,55,56,61,62,99,101,104" m="16567,44043" machi="62" ten="30,1500,0" yaku="15,1" doraHai="5" who="2" fromWho="2" sc="95,-5,62,-5,620,15,223,-5" /><INIT seed="6,1,0,0,2,89" ten="90,57,635,218" oya="2" hai0="36,69,133,53,93,34,132,60,96,122,46,97,23" hai1="12,66,14,65,39,135,68,25,11,102,19,42,111" hai2="108,121,7,29,76,105,17,128,15,56,57,100,116" hai3="41,99,22,70,20,86,3,6,18,10,104,1,54"/><V43/><F116/><W129/><G70/><T85/><D34/><U62/><E111/><V9/><F43/><W115/><G1/><T4/><D4/><U67/><E135/><N who="0" m="51785" /><D122/><U32/><E102/><V45/><F45/><W94/><G115/><T64/><D23/><U114/><E114/><V50/><F29/><W27/><G129/><T59/><D85/><U24/><E42/><V0/><F76/><W127/><G127/><T113/><D113/><U47/><E47/><V107/><F121/><W83/><G41/><N who="0" m="22823" /><D93/><U117/><E39/><V112/><F112/><W16/><G104/><T82/><D82/><U8/><E117/><V119/><F119/><W90/><G86/><T125/><D125/><U74/><E74/><V63/><F128/><W49/><G83/><T110/><D110/><U120/><E120/><V79/><F79/><W44/><G22/><T118/><D118/><U134/><E134/><V28/><F108/><W26/><G26/><T88/><D88/><U103/><E103/><V124/><F100/><W33/><G33/><T106/><D106/><U73/><E73/><V21/><F124/><W80/><G80/><T131/><D131/><U55/><E55/><V40/><F107/><W61/><G18/><T30/><D30/><N who="1" m="19527" /><E25/><V87/><F87/><W72/><G72/><T52/><D53/><U13/><E19/><V126/><F28/><W51/><G16/><T31/><D31/><U75/><E75/><V38/><F105/><W123/><G27/><T109/><D109/><U92/><E92/><V101/><F126/><W71/><G94/><T58/><D52/><RYUUKYOKU ba="1,0" sc="90,15,57,15,635,-15,218,-15" hai0="58,59,60,64,69,96,97" hai1="8,11,12,13,14,62,65,66,67,68" /><INIT seed="7,2,0,0,3,12" ten="105,72,620,203" oya="3" hai0="27,132,96,48,101,55,112,52,115,135,71,21,72" hai1="17,104,38,99,22,58,127,103,19,93,9,24,120" hai2="106,0,77,54,56,123,80,92,73,20,128,18,34" hai3="97,6,134,15,75,114,76,63,102,49,53,60,89"/><W90/><G53/><N who="0" m="20555" /><D48/><U32/><E120/><V84/><F106/><W98/><G90/><T94/><D71/><U108/><E38/><V8/><F34/><W51/><G97/><T10/><D10/><U118/><E32/><V42/><F128/><W116/><G98/><T69/><D72/><U29/><E108/><V47/><F123/><W44/><G89/><T28/><D69/><U23/><E127/><V13/><F92/><W33/><G51/><T7/><D7/><U109/><E109/><V66/><F66/><W2/><G63/><T85/><D85/><U57/><E118/><V14/><F73/><W79/><G60/><T86/><D86/><U31/><E104/><V133/><F47/><W83/><G49/><T130/><D130/><U43/><E43/><V126/><F42/><W41/><G44/><T110/><D110/><U87/><E87/><V82/><F82/><W25/><G83/><T119/><D119/><U91/><E91/><V3/><F77/><W50/><G79/><T11/><D11/><U117/><E117/><V105/><F105/><W131/><G76/><T124/><D124/><U125/><E125/><V39/><F39/><W67/><G75/><T74/><D74/><U1/><E1/><V70/><F54/><W81/><G2/><T35/><D35/><U46/><E46/><V111/><F70/><W45/><G33/><T68/><D68/><U30/><E9/><V37/><F126/><W16/><G45/><T122/><D122/><U129/><E129/><V121/><F84/><W4/><G131/><T5/><D5/><U62/><E62/><RYUUKYOKU ba="2,0" sc="105,15,72,15,620,-15,203,-15" hai0="21,27,28,94,96,101,112,115,132,135" hai1="17,19,22,23,24,29,30,31,57,58,93,99,103" owari="120,-28.0,87,-41.0,605,70.0,188,-1.0" /></mjloggm>