<mjloggm ver="2.3"><GO type="41" lobby="0"/><UN n0="%E3%81%8C%E3%83%BC%E3%81%AD%E3%81%A3%E3%81%A8" n1="%72%61%6B%75%E6%9D%B1%E9%A2%A8%E8%8D%98" n2="%69%6B%65%69%6B%65%69" n3="%E5%B0%B1%E6%B4%BB%E7%94%9F%40%E5%B7%9D%E6%9D%91%E8%BB%8D%E5%9B%A3" dan="15,13,15,15" rate="1997.06,1908.75,2041.26,1992.27" sx="F,M,M,M"/><TAIKYOKU oya="0"/><INIT seed="0,0,0,0,5,35" ten="250,250,250,250" oya="0" hai0="0,114,111,26,49,58,54,4,20,123,110,107,95" hai1="22,2,29,15,118,90,112,132,92,53,72,37,31" hai2="62,57,25,28,59,106,78,117,6,126,40,133,70" hai3="75,93,67,84,115,89,5,33,10,104,80,77,131"/><T99/><D123/><U103/><E118/><V45/><F106/><W119/><G115/><T135/><D114/><U27/><E72/><V97/><F97/><W61/><G119/><T129/><D129/><U32/><E132/><V79/><F117/><W23/><G131/><T102/><D135/><U105/><E37/><V43/><F133/><W122/><G122/><T50/><D107/><U39/><E39/><V94/><F94/><W24/><G104/><T11/><REACH who="0" step="1"/><D50/><REACH who="0" ten="240,250,250,250" step="2"/><U73/><E112/><V51/><F51/><W16/><G33/><T19/><AGARI ba="0,1" hai="0,4,11,19,20,26,49,54,58,95,99,102,110,111" machi="19" ten="30,11700,0" yaku="1,1,2,1,0,1,52,1,53,0" doraHai="35" doraHaiUra="87" who="0" fromWho="0" sc="240,127,250,-39,250,-39,250,-39" /><INIT seed="0,1,0,5,1,65" ten="367,211,211,211" oya="0" hai0="33,92,29,83,130,104,76,23,40,129,56,70,59" hai1="35,9,4,60,102,110,17,77,5,3,75,73,103" hai2="118,126,57,8,123,25,55,106,64,53,114,71,131" hai3="124,88,43,51,99,54,34,46,50,2,112,74,109"/><T6/><D104/><U107/><E110/><V68/><F106/><W15/><G74/><T48/><D70/><U122/><E122/><V27/><F8/><W100/><G2/><T30/><D6/><U16/><E5/><V79/><F79/><W22/><G109/><T32/><D92/><U14/><E17/><V13/><F13/><W1/><G1/><T97/><D97/><U113/><E113/><V120/><F64/><W101/><G34/><T12/><D40/><U116/><E116/><V67/><F67/><W98/><G112/><T44/><D44/><U128/><E60/><V49/><F49/><W26/><G124/><T66/><D12/><U58/><E58/><V10/><F10/><W133/><G15/><T45/><D45/><U96/><E128/><V47/><F47/><W41/><G133/><T82/><D66/><U94/><E77/><V38/><F57/><W28/><G43/><T37/><D48/><U91/><E35/><V85/><F85/><W0/><G0/><T42/><D42/><U84/><REACH who="1" step="1"/><E103/><REACH who="1" ten="367,201,211,211" step="2"/><V125/><F114/><W11/><G50/><T135/><D76/><U36/><E36/><V115/><F115/><W81/><G41/><T24/><D37/><U80/><E80/><V105/><F38/><W134/><G134/><T18/><D18/><U21/><AGARI ba="1,1" hai="3,4,9,14,16,21,73,75,84,91,94,96,102,107" machi="21" ten="20,5200,0" yaku="1,1,0,1,7,1,54,1,53,0" doraHai="65" doraHaiUra="52" who="1" fromWho="1" sc="367,-27,201,65,211,-14,211,-14" /><INIT seed="1,0,0,3,2,95" ten="340,266,197,197" oya="1" hai0="69,83,30,88,8,129,33,18,107,12,9,24,40" hai1="45,122,128,132,32,16,76,92,135,21,28,20,90" hai2="11,120,117,43,112,125,25,134,84,110,85,17,57" hai3="37,26,27,7,39,48,133,74,86,2,56,127,114"/><U94/><E122/><V35/><F120/><W119/><G74/><T131/><D69/><U59/><E128/><N who="0" m="49225" /><D107/><U60/><E76/><V38/><F117/><W77/><G119/><T101/><D101/><U36/><E92/><V49/><F38/><W6/><G114/><T97/><D40/><U111/><E32/><V55/><F112/><W91/><G133/><N who="1" m="51274" /><E28/><V103/><F125/><W113/><G127/><T62/><D62/><U42/><E21/><V116/><F116/><W1/><G113/><T123/><D123/><U14/><E111/><V13/><F134/><W34/><G77/><T67/><D67/><N who="1" m="39327" /><E94/><V66/><F110/><W53/><G39/><T79/><D79/><U64/><E64/><V46/><F66/><W126/><G37/><T80/><D80/><U96/><E96/><V52/><F103/><W65/><G126/><T82/><D97/><U73/><E73/><V31/><F43/><W105/><G105/><T70/><D70/><U44/><E44/><V130/><F130/><W19/><G65/><T58/><D82/><U61/><E61/><AGARI ba="0,0" hai="11,13,17,25,31,35,46,49,52,55,57,61,84,85" machi="61" ten="30,2000,0" yaku="7,1,54,1" doraHai="95" who="2" fromWho="1" sc="340,0,266,-20,197,20,197,0" /><INIT seed="2,0,0,4,0,76" ten="340,246,217,197" oya="2" hai0="75,65,119,45,105,4,71,38,19,18,98,134,6" hai1="79,21,23,70,106,118,83,101,5,15,81,59,92" hai2="113,26,8,24,9,111,129,11,77,17,3,33,80" hai3="2,72,104,37,120,95,88,43,66,58,13,31,96"/><V123/><F123/><W135/><G2/><T62/><D75/><U28/><E118/><V122/><F122/><W44/><G120/><T109/><D109/><U49/><E79/><V0/><F113/><W60/><G135/><T89/><D134/><U117/><E106/><V112/><F112/><W87/><G72/><T50/><D38/><U99/><E70/><V127/><F127/><W69/><G31/><T30/><D30/><U74/><E74/><V56/><F129/><W121/><G121/><T16/><D119/><U125/><E125/><V126/><F126/><W27/><G27/><T35/><D35/><U124/><E117/><V102/><F102/><W10/><G104/><T61/><D61/><U73/><E73/><V103/><F103/><W7/><REACH who="3" step="1"/><G87/><REACH who="3" ten="340,246,217,187" step="2"/><T67/><D105/><U63/><E124/><V36/><F3/><W12/><G12/><T107/><D107/><U20/><E28/><V78/><F0/><W54/><G54/><T51/><D98/><U97/><E99/><V93/><F24/><W132/><G132/><T116/><D116/><U14/><E14/><V47/><F26/><W114/><G114/><T131/><D131/><U133/><E133/><V128/><F128/><W48/><G48/><T108/><D51/><U42/><E49/><V86/><F111/><W22/><G22/><T57/><D108/><U39/><E39/><V115/><F115/><W41/><G41/><T91/><D67/><U68/><E42/><V55/><F86/><W40/><G40/><T100/><D50/><U53/><E68/><AGARI ba="0,1" hai="7,10,13,37,43,44,58,60,66,68,69,88,95,96" machi="68" ten="40,5200,0" yaku="1,1,54,1,53,1" doraHai="76" doraHaiUra="52" who="3" fromWho="1" sc="340,0,246,-52,217,0,187,62" /><INIT seed="3,0,0,5,3,110" ten="340,194,217,249" oya="3" hai0="81,96,51,13,74,131,130,114,90,9,117,6,80" hai1="38,86,108,76,109,98,31,54,132,97,107,87,134" hai2="41,10,58,85,118,69,106,19,23,68,129,39,128" hai3="61,102,84,44,48,83,133,52,34,4,46,25,40"/><W47/><G133/><N who="1" m="51306" /><E107/><V32/><F32/><W21/><G34/><T67/><D117/><U33/><E38/><V8/><F106/><W2/><G2/><T94/><D114/><U11/><E54/><V60/><F118/><W35/><G35/><T116/><D116/><U62/><E62/><V82/><F39/><W50/><G4/><T112/><D112/><U71/><E71/><V57/><F41/><W22/><G102/><T105/><D105/><U15/><E31/><V125/><F125/><W103/><G103/><T18/><D67/><U17/><E33/><V99/><F99/><N who="1" m="37897" /><E76/><V12/><F57/><N who="3" m="34983" /><G25/><T45/><D74/><U7/><E7/><V91/><F69/><W93/><G93/><T53/><D6/><U42/><E42/><V75/><F68/><W123/><G123/><T37/><D37/><U27/><E27/><V56/><F56/><W70/><G70/><T111/><D111/><AGARI ba="0,0" hai="11,15,17,86,87,108,109,111" m="37897,51306" machi="111" ten="30,2000,0" yaku="14,1,20,1" doraHai="110" who="1" fromWho="0" sc="340,-20,194,20,217,0,249,0" /><INIT seed="4,0,0,2,1,52" ten="320,214,217,249" oya="0" hai0="131,93,16,20,94,101,31,46,123,53,105,107,21" hai1="92,98,8,40,27,72,82,129,62,63,23,99,113" hai2="96,86,84,43,15,51,120,81,9,110,118,78,35" hai3="7,112,55,17,50,30,100,102,125,37,6,103,58"/><T108/><D123/><U116/><E116/><V73/><F118/><W76/><G112/><T11/><D131/><U32/><E32/><V18/><F120/><W90/><G125/><T85/><D108/><U4/><E129/><V67/><F67/><W79/><G37/><T114/><D114/><U121/><E99/><V69/><F69/><W26/><G17/><T41/><D105/><U45/><E113/><V130/><F130/><W13/><G90/><T111/><D111/><U87/><E72/><V28/><F110/><W95/><G95/><T119/><D119/><U122/><E121/><V36/><F36/><W54/><G54/><T128/><D128/><U59/><E63/><V104/><F43/><W44/><G44/><T133/><D133/><U135/><E135/><V61/><F61/><W0/><G0/><T10/><D41/><U42/><E45/><V12/><F51/><W24/><G24/><N who="0" m="16783" /><D107/><U80/><E8/><N who="0" m="3113" /><D85/><U97/><E4/><N who="3" m="1578" /><G13/><N who="0" m="9231" /><D101/><N who="3" m="25857" /><W19/><DORA hai="89" /><G30/><T77/><D77/><N who="3" m="29769" /><G19/><T109/><D109/><U49/><E122/><V38/><F38/><W66/><G26/><T25/><D25/><U56/><E62/><V1/><F1/><W115/><G115/><T91/><D91/><N who="1" m="53375" /><E49/><AGARI ba="0,0" hai="46,49,53,93,94" m="9231,3113,16783" machi="49" ten="30,11600,0" yaku="8,1,52,2,54,1" doraHai="52,89" who="0" fromWho="1" sc="320,116,214,-116,217,0,249,0" /><INIT seed="4,1,0,0,2,53" ten="436,98,217,249" oya="0" hai0="6,77,32,93,29,113,132,52,91,112,20,129,33" hai1="25,106,115,4,75,9,8,60,63,79,135,24,133" hai2="131,130,28,42,45,134,96,36,44,64,88,2,62" hai3="98,21,14,97,19,81,76,82,120,41,15,74,103"/><T23/><D132/><U78/><E106/><V127/><F2/><W39/><G120/><T118/><D77/><U34/><E75/><V114/><F28/><W73/><G41/><T1/><D129/><U107/><E107/><V27/><F27/><W92/><G39/><T40/><D40/><U56/><E115/><V117/><F114/><W43/><G43/><T38/><D38/><U126/><E56/><N who="2" m="36935" /><F117/><W101/><G81/><T18/><D20/><U67/><E67/><V54/><F134/><W66/><G66/><T104/><D104/><U105/><E105/><V17/><F17/><W61/><G61/><T123/><D18/><U48/><E126/><V55/><F127/><W72/><G15/><T87/><D123/><U10/><E48/><V49/><F88/><W80/><REACH who="3" step="1"/><G82/><REACH who="3" ten="436,98,217,239" step="2"/><T26/><D118/><U57/><E10/><V12/><F12/><W3/><G3/><T37/><D1/><U51/><E4/><V47/><F96/><W16/><G16/><T89/><D6/><U102/><E34/><V58/><F45/><W0/><G0/><T90/><D32/><U124/><E124/><V13/><F13/><W128/><G128/><T109/><D33/><U31/><E31/><V59/><F47/><W7/><G7/><T86/><D37/><U46/><E51/><AGARI ba="1,1" hai="36,42,44,49,51,54,55,58,59,130,131" m="36935" machi="51" ten="30,8000,1" yaku="34,2,52,3" doraHai="53" who="2" fromWho="1" sc="436,0,98,-83,217,93,239,0" /><INIT seed="5,0,0,5,3,10" ten="436,15,310,239" oya="1" hai0="110,98,52,14,45,128,124,26,19,95,27,37,43" hai1="44,16,80,2,81,40,122,8,75,12,112,4,63" hai2="34,7,55,126,114,92,1,101,107,21,32,102,29" hai3="108,58,18,41,30,68,117,90,59,67,134,6,82"/><U129/><E112/><V91/><F126/><W69/><G117/><T50/><D110/><U51/><E129/><V104/><F1/><W64/><G108/><T86/><D124/><U77/><E122/><V84/><F7/><W48/><G134/><T25/><D128/><U105/><E81/><V11/><F11/><W46/><G30/><T119/><D119/><U72/><E105/><V99/><F21/><W0/><G0/><T28/><D86/><U106/><E106/><V83/><F55/><N who="3" m="32103" /><G18/><T131/><D131/><U78/><E78/><V49/><F49/><N who="3" m="26831" /><G6/><T36/><D28/><U33/><E63/><V132/><F132/><W85/><G90/><T38/><D14/><U71/><E71/><N who="3" m="27210" /><G82/><T57/><D19/><U115/><E115/><V47/><F29/><W87/><G87/><T23/><D23/><U65/><E65/><N who="3" m="25162" /><G85/><T70/><D70/><U103/><E103/><V56/><F32/><W125/><G125/><T100/><AGARI ba="0,0" hai="25,26,27,36,37,38,43,45,50,52,57,95,98,100" machi="100" ten="30,2000,0" yaku="0,1,54,1" doraHai="10" who="0" fromWho="0" sc="436,20,15,-10,310,-5,239,-5" /><INIT seed="6,0,0,1,4,71" ten="456,5,305,234" oya="2" hai0="94,3,19,58,36,98,112,18,103,107,5,77,9" hai1="109,25,65,105,113,1,61,96,53,111,104,49,108" hai2="102,47,27,81,17,126,32,130,83,37,60,85,87" hai3="90,116,57,132,39,133,93,91,51,30,110,41,79"/><V12/><F130/><W66/><G116/><T122/><D112/><U95/><E1/><V68/><F68/><W56/><G110/><T44/><D122/><U48/><E25/><V8/><F102/><W13/><G79/><T29/><D29/><U121/><E95/><V52/><F126/><W2/><G2/><T88/><D77/><U15/><E96/><V0/><F0/><W125/><G30/><T64/><D64/><U75/><E75/><V6/><F6/><W20/><G125/><T129/><D58/><U45/><E15/><V10/><F10/><W78/><G78/><T42/><D129/><U114/><E105/><V54/><F32/><W120/><G120/><T34/><D34/><U59/><E104/><V14/><F27/><W16/><G90/><T128/><D128/><U92/><E92/><V24/><F24/><W84/><G66/><T72/><D72/><U11/><E11/><V35/><F35/><W99/><G99/><AGARI ba="0,0" hai="3,5,9,18,19,36,42,44,88,94,98,99,103,107" machi="99" ten="30,3900,0" yaku="7,1,52,1,54,1" doraHai="71" who="0" fromWho="3" sc="456,39,5,0,305,0,234,-39" /><INIT seed="7,0,0,3,4,90" ten="495,5,305,195" oya="3" hai0="81,49,37,107,42,71,84,62,80,123,11,82,125" hai1="1,66,120,73,98,92,89,4,96,8,3,121,65" hai2="59,134,91,93,34,47,40,18,44,63,127,106,31" hai3="27,45,24,22,109,33,41,13,100,20,95,16,69"/><W60/><G109/><T103/><D37/><U102/><E3/><V87/><F106/><W68/><G33/><T23/><D123/><U46/><E73/><V10/><F34/><W43/><G43/><T78/><D11/><U61/><E46/><V75/><F75/><W119/><G119/><T112/><D112/><U32/><E66/><V83/><F134/><W97/><G60/><T54/><D42/><U55/><E55/><V9/><F127/><W74/><G74/><T129/><D129/><U99/><E99/><V7/><F31/><W118/><G118/><T130/><D125/><U86/><E98/><V17/><F44/><W85/><G85/><T117/><D23/><U28/><E28/><V126/><F126/><W38/><REACH who="3" step="1"/><G24/><REACH who="3" ten="495,5,305,185" step="2"/><T70/><D117/><U104/><E32/><V58/><F63/><W101/><G101/><T64/><D62/><U105/><E120/><V50/><F7/><W26/><G26/><T48/><D103/><U88/><E121/><V6/><F6/><W135/><G135/><T94/><D84/><U39/><E39/><V114/><F114/><W0/><G0/><T35/><D35/><U72/><E72/><V113/><F113/><W29/><AGARI ba="0,1" hai="13,16,20,22,27,29,38,41,45,68,69,95,97,100" machi="29" ten="20,18000,2" yaku="1,1,0,1,7,1,52,1,54,1,53,1" doraHai="90" doraHaiUra="15" who="3" fromWho="3" sc="495,-60,5,-60,305,-60,185,190" owari="435,53.0,-55,-56.0,245,-15.0,375,18.0" /></mjloggm>