<mjloggm ver="2.3"><GO type="97" lobby="0"/><UN n0="%E7%9C%9F%E7%8F%A0%E3%82%8B%E5%BF%83" n1="%E3%83%91%E3%82%A4%E3%83%8A%E3%83%97%E3%83%AB%E3%82%AD%E3%83%83%E3%83%89" n2="%E3%82%A6%E3%83%AB%E3%83%88%E3%83%A9%E7%AB%8B%E7%9B%B4" n3="%E3%83%87%E3%82%B8" dan="13,15,14,15" rate="1903.64,2043.25,1941.98,1946.84" sx="M,M,M,M"/><TAIKYOKU oya="0"/><INIT seed="0,0,0,4,5,43" ten="250,250,250,250" oya="0" hai0="13,106,37,86,29,110,15,127,96,25,57,103,115" hai1="93,87,36,18,125,54,0,64,9,91,83,20,130" hai2="34,39,88,2,55,89,118,67,135,95,51,21,90" hai3="80,42,117,121,82,50,62,63,41,66,45,77,124"/><T79/><D115/><U56/><E125/><V133/><F34/><W76/><G124/><T46/><D127/><U69/><E130/><V24/><F2/><W102/><G121/><T114/><D114/><U28/><E36/><V17/><F39/><W104/><G117/><T74/><D74/><U3/><E28/><V59/><F118/><W16/><G104/><T38/><D110/><U61/><E83/><N who="3" m="31786" /><G102/><T116/><D116/><U19/><E9/><V132/><REACH who="2" step="1"/><F67/><REACH who="2" ten="250,250,240,250" step="2"/><W58/><G66/><T31/><D38/><U84/><E3/><V122/><F122/><W7/><G77/><T40/><D37/><U129/><E0/><V126/><F126/><W113/><G76/><T30/><D30/><U73/><E129/><V101/><F101/><W65/><G113/><T119/><D31/><U49/><E73/><V12/><F12/><W4/><G65/><T120/><D15/><U32/><E32/><V134/><N who="2" m="34304" /><DORA hai="68" /><V100/><F100/><W23/><G7/><T27/><D13/><U107/><E107/><V111/><F111/><W14/><G14/><T33/><D29/><U128/><E128/><V131/><F131/><W26/><G4/><T92/><D33/><U11/><E64/><V53/><F53/><W10/><G42/><T108/><D40/><U52/><E54/><V1/><F1/><W98/><G10/><T71/><D120/><U112/><E11/><V48/><F48/><W6/><G6/><T99/><D119/><U44/><E49/><V81/><F81/><W5/><G5/><T123/><D123/><U78/><E112/><V35/><F35/><RYUUKYOKU ba="0,1" sc="250,-10,250,-10,240,30,250,-10" hai2="17,21,24,51,55,59,88,89,90,95" /><INIT seed="1,1,1,2,3,95" ten="240,240,270,240" oya="1" hai0="14,106,76,96,16,128,41,29,47,79,51,42,63" hai1="7,39,56,85,10,2,3,125,104,15,109,50,87" hai2="64,92,101,37,43,124,114,97,4,44,126,72,48" hai3="132,121,0,38,91,100,84,52,28,54,102,135,68"/><U73/><E73/><V67/><F72/><W55/><G68/><T112/><D112/><U31/><E39/><V57/><F114/><W27/><G38/><T83/><D128/><U59/><E125/><N who="2" m="48235" /><F4/><W69/><G0/><T81/><D29/><U86/><E104/><V40/><F40/><W116/><G69/><T6/><D6/><U22/><E109/><V122/><F122/><W111/><G111/><T123/><D123/><U105/><E105/><V53/><AGARI ba="1,1" hai="37,43,44,48,53,57,64,67,92,97,101" m="48235" machi="53" ten="30,2000,0" yaku="18,1,52,1" doraHai="95" who="2" fromWho="2" sc="240,-6,240,-11,270,33,240,-6" /><INIT seed="2,0,0,3,2,16" ten="234,229,303,234" oya="2" hai0="88,53,79,119,47,124,93,105,95,122,18,120,14" hai1="67,5,94,6,30,123,102,111,92,126,9,77,101" hai2="44,80,78,84,42,25,129,82,56,89,75,81,22" hai3="40,76,59,108,3,115,127,36,38,72,10,37,57"/><V132/><F129/><W60/><G108/><T121/><D105/><U116/><E111/><V83/><F56/><W135/><G127/><T35/><D35/><U51/><E116/><V63/><F63/><W20/><G135/><T17/><D124/><U49/><E126/><V118/><F132/><W58/><G115/><T130/><D130/><U0/><E123/><V69/><F69/><W11/><G40/><T7/><D119/><U4/><E67/><V43/><F118/><W91/><G76/><T70/><D70/><U86/><E30/><V100/><F100/><W29/><G72/><T68/><D68/><U61/><E61/><V98/><F98/><W48/><G3/><T24/><D79/><U107/><E107/><V34/><F34/><W1/><G1/><T133/><D133/><U104/><E104/><V27/><F43/><W64/><G48/><T8/><D95/><U71/><E71/><V23/><F27/><W96/><G64/><T55/><D47/><U112/><E112/><V109/><F109/><W128/><G60/><T106/><D106/><U13/><E0/><V97/><F97/><W31/><G31/><T32/><D32/><U65/><E65/><V2/><F2/><W66/><G66/><T131/><D131/><U114/><E114/><V39/><REACH who="2" step="1"/><F23/><REACH who="2" ten="234,229,293,234" step="2"/><W62/><G62/><T87/><REACH who="0" step="1"/><D24/><REACH who="0" ten="224,229,293,234" step="2"/><U26/><E26/><V134/><F134/><W85/><G128/><T12/><D12/><U125/><E125/><V99/><F99/><W50/><G96/><T52/><AGARI ba="0,2" hai="7,8,14,17,18,52,53,55,87,88,93,120,121,122" machi="52" ten="40,8000,1" yaku="1,1,0,1,54,2,53,0" doraHai="16" doraHaiUra="33" who="0" fromWho="0" sc="224,100,229,-20,293,-40,234,-20" /><INIT seed="3,0,0,1,4,82" ten="324,209,253,214" oya="3" hai0="37,98,33,127,73,72,100,86,12,27,17,131,55" hai1="103,28,38,34,75,8,125,10,9,48,4,88,18" hai2="92,69,81,101,40,68,111,24,46,54,70,41,49" hai3="106,122,35,124,123,64,3,76,104,94,42,132,116"/><W15/><G35/><T83/><D37/><U59/><E38/><V119/><F119/><W19/><G3/><T11/><D131/><U78/><E125/><V79/><F111/><W14/><G124/><T99/><D127/><U128/><E128/><V63/><F24/><W71/><G132/><T30/><D55/><U45/><E103/><V84/><F101/><W121/><G76/><T114/><D114/><U43/><E75/><V77/><F92/><W130/><G130/><T25/><D25/><U89/><E78/><V96/><F96/><W13/><G116/><T135/><D135/><U107/><E107/><V97/><F97/><W95/><G42/><T93/><D98/><U0/><E34/><V129/><F129/><W85/><G71/><T51/><D51/><U120/><E120/><V23/><F23/><W110/><G110/><T117/><D117/><U67/><E28/><V102/><F102/><W47/><G64/><T21/><D33/><U16/><E0/><V2/><F2/><W112/><G47/><T118/><D118/><U91/><E4/><V134/><F134/><W57/><G112/><T1/><D1/><U31/><E31/><V58/><REACH who="2" step="1"/><F79/><AGARI ba="0,0" hai="11,12,17,21,27,30,72,73,79,83,86,93,99,100" machi="79" ten="30,2000,0" yaku="7,1,52,1" doraHai="82" who="0" fromWho="2" sc="324,20,209,0,253,-20,214,0" owari="344,45.0,209,-29.0,233,3.0,214,-19.0" /></mjloggm>