<mjloggm ver="2.3"><GO type="41" lobby="0"/><UN n0="%E3%82%88%E3%82%8B%E3%81%8C%E3%81%9F" n1="%E5%B0%B1%E6%B4%BB%E7%94%9F%40%E5%B7%9D%E6%9D%91%E8%BB%8D%E5%9B%A3" n2="%74%61%6B%75%32%33" n3="%E5%A7%AB%E6%88%B8%E4%BA%BA" dan="14,15,13,15" rate="1901.26,2036.41,1834.00,2028.17" sx="M,M,M,M"/><TAIKYOKU oya="0"/><INIT seed="0,0,0,1,4,68" ten="250,250,250,250" oya="0" hai0="51,47,14,79,108,83,48,9,3,119,69,101,2" hai1="15,26,27,13,66,34,29,37,56,6,90,123,100" hai2="80,131,38,93,44,115,49,112,16,114,63,58,120" hai3="33,95,94,117,127,129,31,77,122,50,24,30,10"/><T76/><D69/><U43/><E123/><V98/><F38/><W73/><G117/><T40/><D119/><U135/><E135/><V28/><F120/><W121/><G127/><T109/><D79/><U55/><E66/><V92/><F28/><W54/><G129/><T85/><D51/><U8/><E100/><V1/><F1/><W0/><G122/><T72/><D101/><U17/><E27/><V5/><F5/><W7/><G31/><T105/><D105/><U11/><E90/><V84/><F131/><W132/><G132/><T99/><D99/><U42/><REACH who="1" step="1"/><E37/><REACH who="1" ten="250,240,250,250" step="2"/><V116/><F116/><W102/><G121/><T110/><D72/><U65/><E65/><V4/><F115/><W91/><G102/><T22/><REACH who="0" step="1"/><D22/><REACH who="0" ten="240,240,250,250" step="2"/><U82/><E82/><V20/><F114/><W118/><G118/><T41/><D41/><U71/><E71/><V61/><F112/><W67/><G67/><T70/><D70/><U23/><E23/><V86/><F20/><W39/><G39/><T45/><D45/><U18/><E18/><AGARI ba="0,2" hai="2,3,9,14,18,40,47,48,76,83,85,108,109,110" machi="18" ten="40,7700,0" yaku="1,1,14,1,10,1,53,0" doraHai="68" doraHaiUra="53" who="0" fromWho="1" sc="240,97,240,-77,250,0,250,0" /><INIT seed="0,1,0,0,5,1" ten="337,163,250,250" oya="0" hai0="22,72,42,109,88,31,128,106,103,110,23,36,123" hai1="129,102,33,38,77,35,85,19,6,15,122,130,47" hai2="14,46,16,20,97,25,90,100,26,62,29,28,12" hai3="76,126,98,11,131,107,43,91,87,55,4,53,111"/><T121/><D72/><U134/><E122/><V65/><F46/><W101/><G111/><N who="0" m="42507" /><D106/><U112/><E102/><V44/><F44/><W59/><G126/><T9/><D103/><U45/><E134/><V67/><F90/><W51/><G131/><N who="1" m="50186" /><E112/><V113/><F113/><W24/><G43/><T75/><D75/><U118/><E118/><V58/><F67/><W34/><G76/><T82/><D36/><U0/><E38/><V86/><F86/><W73/><G73/><T93/><D42/><U64/><E64/><V104/><F29/><W40/><G40/><T54/><D31/><U70/><E70/><V68/><REACH who="2" step="1"/><F58/><REACH who="2" ten="337,163,240,250" step="2"/><W2/><G55/><T92/><D128/><U52/><E47/><V135/><F135/><W127/><G127/><T39/><D54/><U18/><E85/><V83/><F83/><W17/><G91/><T21/><D39/><U48/><E77/><V119/><F119/><W94/><G87/><N who="0" m="50295" /><D9/><N who="1" m="4535" /><E0/><V57/><F57/><W95/><G34/><AGARI ba="1,1" hai="18,19,33,34,35,45,48,52" m="4535,50186" machi="34" ten="30,3900,0" yaku="19,1,52,1,54,1" doraHai="1" who="1" fromWho="3" sc="337,0,163,52,240,0,250,-42" /><AGARI ba="1,0" hai="12,14,16,20,25,26,28,34,62,65,68,97,100,104" machi="34" ten="30,8000,1" yaku="1,1,7,1,25,2,54,1,53,0" doraHai="1" doraHaiUra="84" who="2" fromWho="3" sc="337,0,215,0,240,80,208,-80" /><INIT seed="1,0,0,5,1,114" ten="337,215,320,128" oya="1" hai0="50,61,20,2,44,120,54,126,99,135,16,127,116" hai1="65,85,133,46,82,12,95,1,130,64,51,3,0" hai2="11,5,122,66,100,36,76,52,10,103,132,96,93" hai3="6,88,73,87,63,43,56,134,26,33,47,30,39"/><U31/><E130/><V105/><F122/><W115/><G115/><T101/><D120/><U79/><E133/><V72/><F36/><W92/><G134/><T71/><D2/><U32/><E32/><V42/><F42/><W18/><G73/><T97/><D135/><U106/><E106/><V24/><F132/><W81/><G6/><T111/><D111/><U60/><E31/><V113/><F113/><W78/><G18/><T69/><D99/><U57/><E95/><V40/><F40/><W80/><REACH who="3" step="1"/><G78/><REACH who="3" ten="337,215,320,118" step="2"/><T14/><D127/><U107/><E12/><V4/><F72/><W104/><G104/><T117/><D126/><U129/><E107/><V34/><F76/><W67/><AGARI ba="0,1" hai="26,30,33,39,43,47,56,63,67,80,81,87,88,92" machi="67" ten="20,5200,0" yaku="1,1,0,1,7,1,54,1,53,0" doraHai="114" doraHaiUra="123" who="3" fromWho="3" sc="337,-13,215,-26,320,-13,118,62" /><INIT seed="2,0,0,4,1,54" ten="324,189,307,180" oya="2" hai0="21,9,133,14,86,79,49,103,80,122,68,52,1" hai1="60,74,32,38,5,125,62,127,113,41,129,59,42" hai2="115,105,96,134,18,63,71,116,131,24,76,57,100" hai3="82,33,101,120,70,91,69,85,28,17,67,11,34"/><V39/><F116/><W78/><G120/><T132/><D122/><U95/><E74/><V53/><F115/><W117/><G117/><T121/><D1/><U35/><E113/><V2/><F2/><W43/><G43/><N who="1" m="16394" /><E5/><V27/><F39/><W13/><G101/><T51/><D68/><U104/><E104/><V0/><F0/><W65/><G70/><T99/><D21/><U25/><E38/><V44/><F131/><W56/><G69/><T7/><D121/><U114/><E114/><V22/><F134/><N who="0" m="51818" /><D52/><N who="1" m="33895" /><E129/><V30/><F44/><W126/><G126/><N who="1" m="48138" /><E25/><V26/><F76/><W89/><G34/><T106/><AGARI ba="0,0" hai="7,9,14,49,51,79,80,86,99,103,106" m="51818" machi="106" ten="30,1100,0" yaku="20,1" doraHai="54" who="0" fromWho="0" sc="324,11,189,-3,307,-5,180,-3" /><INIT seed="3,0,0,4,3,66" ten="335,186,302,177" oya="3" hai0="61,46,89,92,68,100,59,62,20,7,60,38,17" hai1="72,31,18,82,40,120,97,118,34,93,50,113,21" hai2="121,77,2,29,33,16,48,134,85,84,125,111,65" hai3="51,11,80,90,39,36,106,28,27,41,104,52,43"/><W19/><G106/><T88/><D68/><U132/><E118/><V108/><F121/><W56/><G104/><T114/><D114/><U73/><E120/><V15/><F2/><W98/><G39/><T42/><D7/><U12/><E113/><V26/><F134/><W112/><G112/><T133/><D133/><U81/><E132/><V8/><F125/><W30/><G36/><T99/><REACH who="0" step="1"/><D59/><REACH who="0" ten="325,186,302,177" step="2"/><U57/><E72/><V23/><F77/><W122/><G122/><T35/><D35/><U4/><E73/><V119/><F119/><W10/><G30/><T32/><D32/><U22/><E34/><V53/><F65/><W124/><G124/><T107/><D107/><U67/><E4/><V130/><F130/><W87/><G28/><T75/><D75/><U55/><E67/><V115/><F115/><W1/><G1/><T37/><D37/><U95/><E40/><N who="3" m="15434" /><G98/><T96/><D96/><U129/><E129/><V44/><F33/><W5/><G5/><T101/><D101/><U6/><E6/><V47/><F47/><W109/><G109/><AGARI ba="0,1" hai="8,15,16,23,26,29,44,48,53,84,85,108,109,111" machi="109" ten="40,2600,0" yaku="14,1,54,1" doraHai="66" who="2" fromWho="3" sc="325,0,186,0,302,36,177,-26" /><INIT seed="4,0,0,0,0,21" ten="325,186,338,151" oya="0" hai0="131,86,54,92,17,103,41,37,81,124,106,63,22" hai1="80,117,1,83,110,84,40,53,90,60,33,68,109" hai2="94,56,29,112,96,24,111,65,132,89,121,108,64" hai3="5,135,95,93,100,4,74,38,12,82,55,70,133"/><T79/><D106/><U8/><E117/><V115/><F121/><W27/><G38/><T3/><D3/><U126/><E33/><V0/><F0/><W102/><G70/><T123/><D123/><U120/><E120/><V91/><F132/><N who="3" m="50763" /><G55/><T44/><D131/><U10/><E126/><V66/><F89/><W47/><G47/><T75/><D124/><U13/><E40/><V35/><REACH who="2" step="1"/><F56/><REACH who="2" ten="325,186,328,151" step="2"/><W97/><G12/><N who="0" m="9511" /><D103/><N who="3" m="39465" /><G27/><T20/><D75/><U118/><E13/><V28/><F28/><W26/><G26/><T49/><D92/><N who="3" m="35401" /><G97/><T59/><D37/><U67/><E1/><V113/><AGARI ba="0,1" hai="24,29,35,64,65,66,91,94,96,108,111,112,113,115" machi="113" ten="40,8000,1" yaku="1,1,0,1,15,1,52,1,53,0" doraHai="21" doraHaiUra="42" who="2" fromWho="2" sc="325,-40,186,-20,328,90,151,-20" /><INIT seed="5,0,0,4,5,114" ten="285,166,418,131" oya="1" hai0="100,52,97,32,119,2,21,72,84,18,134,121,42" hai1="111,76,30,107,53,62,34,126,22,79,8,90,3" hai2="66,43,120,27,110,99,71,12,48,129,11,91,109" hai3="49,75,104,51,112,81,63,96,29,4,68,115,9"/><U122/><E122/><V67/><F120/><W15/><G29/><T88/><D121/><U60/><E34/><V123/><F123/><W20/><G20/><T95/><D72/><U130/><E107/><V101/><F129/><W105/><G105/><T36/><D32/><U128/><E111/><V1/><F1/><W24/><G24/><T58/><D2/><U69/><E126/><V5/><F110/><W41/><G41/><T65/><D65/><U118/><E118/><V89/><F71/><W135/><G135/><T87/><D134/><U46/><E90/><V74/><F74/><W37/><G37/><T70/><D119/><U55/><E3/><V106/><F109/><W23/><G23/><T103/><D70/><U57/><E8/><V16/><F89/><W54/><G104/><T7/><D7/><U44/><E22/><V38/><F38/><W86/><G96/><T28/><D28/><U50/><E30/><V83/><F91/><W77/><G75/><T47/><D87/><U14/><E14/><V33/><F83/><W93/><G93/><T19/><D19/><U17/><E17/><V59/><F33/><W92/><G92/><T117/><D117/><U131/><E44/><V124/><F124/><W116/><G116/><T94/><D94/><U108/><E108/><V127/><F127/><W85/><G85/><T64/><D64/><AGARI ba="0,0" hai="46,50,53,55,57,60,62,64,69,76,79,128,130,131" machi="64" ten="40,2000,0" yaku="19,1" doraHai="114" who="1" fromWho="0" sc="285,-20,166,20,418,0,131,0" /><INIT seed="5,1,0,5,5,73" ten="265,186,418,131" oya="1" hai0="31,111,135,71,20,64,62,134,32,52,33,23,14" hai1="103,114,35,117,53,19,49,121,79,112,99,70,15" hai2="109,11,86,57,120,16,37,98,56,83,91,87,101" hai3="118,22,75,41,94,17,132,63,113,116,1,6,125"/><U34/><E70/><V55/><F120/><W50/><G75/><T85/><D111/><U119/><E121/><V78/><F109/><W61/><G113/><N who="1" m="43626" /><E79/><V9/><F37/><W68/><G125/><T48/><D85/><U124/><E124/><V123/><F123/><W133/><G94/><T28/><D14/><U5/><E5/><V10/><F55/><W46/><G1/><T58/><D23/><N who="1" m="11775" /><E53/><V89/><F78/><W60/><G6/><T38/><D20/><U24/><E49/><V21/><F91/><W126/><G126/><T67/><D67/><U104/><E24/><V4/><F87/><W43/><G17/><T81/><D81/><U130/><E130/><V7/><F7/><W66/><G22/><T18/><D18/><U106/><E106/><V65/><F65/><W59/><G41/><T0/><D0/><U72/><E72/><V27/><F4/><W36/><G36/><T82/><D82/><U30/><E30/><V76/><F76/><W77/><G77/><T2/><D2/><U45/><E45/><V110/><F110/><W107/><G107/><T131/><D131/><U26/><E26/><V95/><AGARI ba="1,0" hai="9,10,11,16,21,27,56,57,83,86,89,95,98,101" machi="95" ten="30,4000,0" yaku="0,1,8,1,54,1" doraHai="73" who="2" fromWho="2" sc="265,-11,186,-21,418,43,131,-11" /><INIT seed="6,0,0,3,0,25" ten="254,165,461,120" oya="2" hai0="19,133,15,57,111,102,117,34,87,88,71,135,47" hai1="55,98,91,125,22,126,52,61,40,17,63,50,0" hai2="58,8,1,14,44,92,121,2,28,66,86,105,23" hai3="128,37,53,90,56,119,106,97,65,30,46,5,21"/><V129/><F105/><W113/><G119/><T112/><D71/><U104/><E0/><V84/><F121/><W124/><G124/><N who="1" m="47722" /><E40/><V108/><F108/><W39/><G128/><T74/><D34/><U27/><E55/><V12/><F2/><W79/><G79/><T68/><D74/><U32/><E32/><V59/><F1/><W33/><G33/><T7/><D112/><U89/><E89/><V81/><F44/><W122/><G122/><T99/><D68/><U115/><E115/><V43/><F43/><W100/><G5/><T110/><D7/><U24/><E24/><V26/><F14/><W11/><G113/><T83/><D47/><N who="1" m="27743" /><E91/><N who="2" m="53351" /><F66/><W54/><G65/><T123/><D57/><U103/><AGARI ba="0,0" hai="17,22,27,61,63,98,103,104" m="27743,47722" machi="103" ten="30,2000,0" yaku="18,1,54,1" doraHai="25" who="1" fromWho="1" sc="254,-5,165,20,461,-10,120,-5" /><INIT seed="7,0,0,3,4,87" ten="249,185,451,115" oya="3" hai0="18,63,57,28,73,62,82,102,60,13,118,100,127" hai1="9,26,81,98,116,121,84,16,89,96,25,94,17" hai2="21,48,128,44,130,133,129,110,117,15,107,66,7" hai3="23,51,1,53,113,59,61,40,101,68,50,19,54"/><W115/><G1/><T20/><D118/><U97/><E121/><V74/><F117/><W135/><G101/><T22/><D127/><U91/><E116/><V64/><F74/><W119/><G119/><T4/><D73/><U38/><E38/><V41/><F110/><W31/><G31/><T76/><D57/><U45/><E45/><V120/><F133/><W37/><G135/><T56/><D4/><U49/><E49/><N who="3" m="18442" /><G19/><N who="1" m="7242" /><E9/><N who="2" m="4543" /><F120/><W112/><G23/><T125/><D125/><U35/><E35/><V75/><F75/><W92/><G92/><T2/><D2/><U29/><E29/><V0/><F0/><W132/><G132/><T32/><D32/><U106/><E106/><V124/><F124/><W52/><G68/><T105/><D105/><U42/><E42/><V79/><F21/><W6/><G6/><T134/><D134/><U78/><E78/><V109/><F109/><W77/><G77/><T47/><D47/><AGARI ba="0,0" hai="37,40,47,52,53,54,59,61,112,113,115" m="18442" machi="47" ten="40,12000,1" yaku="15,1,34,2,54,1" doraHai="87" who="3" fromWho="0" sc="249,-120,185,0,451,0,115,120" /><INIT seed="7,1,0,5,4,33" ten="129,185,451,235" oya="3" hai0="109,42,52,6,56,82,59,51,44,9,22,98,99" hai1="20,119,11,25,85,76,73,123,48,13,16,131,78" hai2="94,30,101,115,24,104,114,35,110,129,15,64,68" hai3="47,55,135,8,100,60,121,19,80,39,29,79,1"/><W46/><G121/><T0/><D109/><U102/><E123/><V128/><F110/><W133/><G29/><T91/><D56/><U32/><E32/><V130/><F94/><W77/><G100/><T65/><D65/><U87/><E131/><V120/><F120/><W118/><G118/><T57/><D57/><U105/><E119/><V103/><F15/><W37/><G19/><T70/><D70/><U96/><E48/><V61/><F103/><W27/><G27/><T97/><D22/><U66/><E66/><V86/><F86/><W50/><G60/><T112/><D112/><U89/><E85/><V111/><F111/><W28/><G28/><T71/><D71/><U23/><E23/><V74/><F74/><W107/><G107/><T132/><D132/><N who="3" m="50761" /><G79/><T126/><D126/><U95/><REACH who="1" step="1"/><E73/><REACH who="1" ten="129,175,451,235" step="2"/><V83/><F83/><W21/><G21/><T106/><D82/><U40/><E40/><V69/><F69/><W10/><G10/><T81/><D81/><U122/><E122/><V108/><F108/><W84/><G46/><T26/><D26/><U53/><E53/><V90/><F90/><W18/><G18/><AGARI ba="1,1" hai="11,13,16,18,20,25,76,78,87,89,95,96,102,105" machi="18" ten="30,3900,0" yaku="1,1,7,1,54,1,53,0" doraHai="33" doraHaiUra="34" who="1" fromWho="3" sc="129,0,175,52,451,0,235,-42" owari="129,-37.0,227,3.0,451,55.0,193,-21.0" /></mjloggm>