<mjloggm ver="2.3"><GO type="169" lobby="0"/><UN n0="%E7%AB%B9%E7%94%B0%E8%AA%A0%E5%BF%97" n1="%E3%82%A4%E3%82%BA%E3%83%9F%E3%83%B3" n2="%E3%81%8B%E3%81%AB%E3%83%9E%E3%82%B8%E3%83%B3" n3="%E3%82%A6%E3%83%AB%E3%83%88%E3%83%A9%E7%AB%8B%E7%9B%B4" dan="17,17,18,17" rate="2099.72,2154.24,2222.76,2135.61" sx="M,M,M,M"/><TAIKYOKU oya="0"/><INIT seed="0,0,0,0,1,118" ten="250,250,250,250" oya="0" hai0="18,66,113,16,71,59,31,10,128,82,47,96,17" hai1="123,91,50,32,9,29,135,36,83,6,67,73,115" hai2="61,134,86,76,125,121,116,129,2,65,90,130,23" hai3="39,127,57,112,35,111,43,87,60,93,41,26,105"/><T13/><D113/><U92/><E36/><V22/><F2/><W5/><G105/><T37/><D71/><U52/><E115/><V27/><F116/><W70/><G70/><T124/><D124/><U95/><E67/><V30/><F125/><W0/><G43/><T100/><D128/><N who="2" m="49258" /><F76/><W75/><G75/><T119/><D119/><U97/><E95/><N who="2" m="54743" /><F134/><W103/><G0/><T15/><D31/><U69/><E69/><N who="2" m="42159" /><F23/><W44/><G127/><T49/><D82/><U110/><E135/><V79/><F79/><W64/><G112/><T78/><D78/><U11/><E32/><V89/><F89/><W80/><G35/><T104/><D37/><U55/><E91/><V58/><F58/><W63/><G57/><T133/><D133/><U28/><E73/><V102/><F102/><W114/><G103/><T85/><D85/><U38/><E38/><V19/><F19/><W62/><G87/><T4/><D59/><U131/><E97/><V74/><F74/><W53/><G64/><T84/><D84/><U7/><E131/><V20/><F20/><W120/><G39/><T88/><D66/><U21/><E83/><V51/><F51/><W8/><G80/><T108/><D108/><U132/><E50/><V98/><F98/><W1/><G111/><T77/><D77/><U25/><E110/><V117/><F117/><W3/><G114/><T106/><D88/><U48/><E48/><V109/><F109/><W14/><G62/><T126/><D126/><U40/><E21/><V33/><F33/><W34/><G63/><T54/><D106/><U24/><E132/><RYUUKYOKU ba="0,0" sc="250,15,250,-15,250,15,250,-15" hai0="4,10,13,15,16,17,18,47,49,54,96,100,104" hai2="22,27,30,121" /><INIT seed="0,1,0,1,4,126" ten="265,235,265,235" oya="0" hai0="15,48,32,96,35,108,19,37,34,49,80,134,112" hai1="109,57,78,128,125,55,21,91,95,86,135,4,71" hai2="106,132,11,65,76,94,113,46,116,101,8,129,45" hai3="117,67,62,130,54,2,124,122,69,70,27,3,51"/><T1/><D112/><U59/><E125/><V121/><F113/><W93/><G124/><T68/><D37/><U6/><E71/><V9/><F121/><W97/><G70/><T120/><D120/><U28/><E135/><V12/><F106/><W24/><G117/><T79/><D1/><U110/><E78/><V115/><F115/><W102/><G122/><T44/><D68/><U127/><E127/><V105/><F105/><W73/><G73/><T40/><D134/><U123/><E123/><V60/><F76/><W36/><G36/><T104/><D108/><N who="1" m="41579" /><E128/><V58/><F129/><W88/><G130/><T75/><D49/><N who="1" m="30959" /><E59/><V53/><F116/><W50/><G50/><T20/><REACH who="0" step="1"/><D35/><REACH who="0" ten="255,235,265,235" step="2"/><U25/><AGARI ba="1,1" hai="4,6,21,25,28,86,91,95" m="30959,41579" machi="25" ten="30,1100,0" yaku="14,1" doraHai="126" who="1" fromWho="1" sc="255,-6,235,24,265,-4,235,-4" /><INIT seed="1,0,0,5,2,117" ten="249,259,261,231" oya="1" hai0="87,49,10,0,125,110,123,58,128,50,11,118,29" hai1="59,30,65,54,15,27,47,97,33,68,115,76,24" hai2="62,102,26,107,46,113,127,86,37,39,2,9,56" hai3="108,8,41,7,51,122,95,79,135,69,81,18,129"/><U74/><E115/><V93/><F113/><W17/><G69/><T6/><D118/><U89/><E47/><V80/><F107/><W1/><G122/><T99/><D110/><U66/><E68/><V22/><F127/><W88/><G129/><T60/><D125/><U75/><E15/><V130/><F130/><W12/><G108/><T90/><D128/><U83/><E75/><V14/><F2/><W45/><G135/><T34/><D123/><U64/><E27/><V91/><F46/><W92/><G92/><T105/><D11/><U114/><E114/><V21/><F21/><W134/><G1/><T28/><D99/><U42/><E42/><V13/><F9/><W82/><G134/><T4/><D4/><U31/><E31/><N who="2" m="17879" /><F39/><W106/><G106/><T44/><D105/><U111/><E111/><V119/><F37/><W109/><G109/><T38/><D38/><U43/><E43/><V121/><F121/><W116/><G116/><T3/><D3/><U126/><E126/><V20/><F20/><W19/><REACH who="3" step="1"/><G79/><REACH who="3" ten="249,259,261,221" step="2"/><T84/><D0/><U94/><REACH who="1" step="1"/><E66/><REACH who="1" ten="249,249,261,221" step="2"/><N who="2" m="39239" /><F119/><W61/><G61/><AGARI ba="0,2" hai="24,30,33,54,59,61,64,65,74,76,83,89,94,97" machi="61" ten="30,5800,0" yaku="1,1,7,1,53,1" doraHai="117" doraHaiUra="25" who="1" fromWho="3" sc="249,0,249,78,261,0,221,-58" /><INIT seed="1,1,0,4,2,96" ten="249,327,261,163" oya="1" hai0="71,94,9,54,113,11,86,49,36,75,83,131,45" hai1="77,123,22,3,135,97,74,70,39,60,25,89,5" hai2="8,129,34,12,41,21,33,51,121,44,43,69,117" hai3="95,23,91,93,72,48,73,115,111,103,46,81,114"/><U125/><E39/><V110/><F121/><W84/><G23/><T14/><D113/><N who="3" m="43017" /><G48/><T67/><D131/><U20/><E123/><V108/><F129/><W76/><G46/><T16/><D75/><N who="3" m="28745" /><G111/><N who="2" m="42537" /><F117/><W99/><G93/><T56/><D94/><U35/><E35/><N who="2" m="13323" /><F69/><W52/><G52/><T13/><D36/><U116/><E70/><V120/><F120/><W122/><G122/><T19/><D71/><U24/><E116/><V32/><F32/><W64/><G64/><T107/><D107/><U104/><E104/><V63/><F21/><W55/><G55/><T102/><D67/><U82/><E20/><V118/><F118/><W47/><G47/><T88/><D45/><U100/><E22/><V79/><F63/><W50/><G50/><T40/><D40/><U58/><E60/><V61/><F61/><W90/><AGARI ba="1,0" hai="76,81,84,90,91,95,99,103" m="28745,43017" machi="90" ten="40,5200,0" yaku="34,2,52,1" doraHai="96" who="3" fromWho="3" sc="249,-14,327,-27,261,-14,163,55" /><INIT seed="2,0,0,3,5,108" ten="235,300,247,218" oya="2" hai0="13,63,133,43,105,59,107,36,130,26,24,81,87" hai1="134,61,14,117,120,109,102,45,122,91,131,88,82" hai2="55,17,90,48,5,39,23,40,83,95,25,67,51" hai3="123,35,19,106,7,3,50,78,70,42,74,135,18"/><V31/><F5/><W54/><G106/><T119/><D130/><U16/><E117/><V12/><F67/><W93/><G70/><T76/><D133/><U27/><E131/><V33/><F83/><W97/><G35/><T62/><D119/><U6/><E134/><V100/><F100/><W101/><G135/><T118/><D118/><U66/><E102/><V132/><F132/><W128/><G128/><T57/><D43/><U85/><E91/><V41/><F39/><W77/><G123/><N who="1" m="47146" /><E45/><V15/><F15/><W8/><G42/><T49/><D36/><U73/><E73/><V52/><F51/><W58/><G74/><T32/><D13/><U65/><E109/><V125/><F55/><W46/><G46/><T71/><D49/><U64/><E27/><V11/><F33/><W111/><G111/><T37/><D37/><U29/><E29/><V99/><REACH who="2" step="1"/><F125/><REACH who="2" ten="235,300,237,218" step="2"/><W124/><G124/><T104/><D32/><U75/><E6/><V86/><F86/><W121/><G121/><T94/><D87/><U96/><E75/><V98/><F98/><W10/><G7/><T80/><D81/><U47/><E96/><V1/><F1/><W21/><G3/><T129/><D80/><U60/><E47/><AGARI ba="0,1" hai="11,12,17,23,25,31,40,41,47,48,52,90,95,99" machi="47" ten="30,11600,0" yaku="1,1,7,1,8,1,54,1,53,0" doraHai="108" doraHaiUra="79" who="2" fromWho="1" sc="235,0,300,-116,237,126,218,0" /><INIT seed="2,1,0,0,1,24" ten="235,184,363,218" oya="2" hai0="0,118,113,13,80,110,25,86,132,43,60,5,101" hai1="3,78,63,33,70,28,19,12,48,116,47,112,15" hai2="53,123,74,23,36,45,27,134,91,26,52,125,107" hai3="38,85,76,34,87,128,14,10,39,51,97,111,129"/><V18/><F123/><W67/><G34/><T64/><D113/><U81/><E112/><V122/><F122/><W99/><G67/><T105/><D0/><U42/><E3/><V90/><F74/><W41/><G51/><T103/><D43/><U9/><E116/><V62/><F107/><W61/><G61/><T89/><D118/><U50/><E15/><V71/><F125/><W58/><G58/><T133/><D110/><U109/><E109/><V4/><F4/><W115/><G115/><T126/><D126/><U65/><E33/><V93/><F134/><N who="0" m="51818" /><D25/><U57/><E28/><V130/><F130/><W114/><G114/><T104/><D13/><U8/><E50/><V100/><F26/><W77/><G14/><T75/><D5/><U102/><E102/><N who="0" m="38921" /><D75/><U88/><E70/><AGARI ba="1,0" hai="60,64,70,80,86,89,104,105" m="38921,51818" machi="70" ten="30,1000,0" yaku="20,1" doraHai="24" who="0" fromWho="1" sc="235,13,184,-13,363,0,218,0" /><INIT seed="3,0,0,3,3,90" ten="248,171,363,218" oya="3" hai0="83,85,93,127,53,9,30,66,101,7,89,116,58" hai1="4,62,133,70,52,79,37,129,42,8,118,125,12" hai2="34,88,111,123,13,2,98,50,104,26,39,46,51" hai3="77,112,59,67,44,108,45,100,103,132,41,124,130"/><W107/><G112/><T122/><D116/><U55/><E118/><V97/><F2/><W69/><G107/><T134/><D122/><U113/><E113/><V135/><F123/><W48/><G130/><T63/><D134/><U78/><E133/><V102/><F135/><W121/><G121/><T75/><D127/><U86/><E125/><V32/><F111/><W33/><G33/><T40/><D40/><U65/><E129/><V119/><F119/><W16/><G124/><T47/><D30/><U105/><E105/><V15/><F39/><W80/><G69/><T76/><D101/><U84/><E37/><V14/><F26/><W117/><G117/><T21/><D21/><U95/><E42/><V99/><F50/><W54/><G108/><T71/><D47/><N who="3" m="17993" /><G67/><T11/><REACH who="0" step="1"/><D7/><REACH who="0" ten="238,171,363,218" step="2"/><U56/><E70/><V60/><F32/><W18/><G41/><T25/><D25/><U74/><E74/><V87/><F34/><W27/><G132/><T61/><AGARI ba="0,1" hai="9,11,53,58,61,63,66,71,75,76,83,85,89,93" machi="61" ten="20,5200,0" yaku="1,1,0,1,7,1,52,1,53,0" doraHai="90" doraHaiUra="28" who="0" fromWho="0" sc="238,62,171,-13,363,-13,218,-26" /><INIT seed="4,0,0,3,0,29" ten="300,158,350,192" oya="0" hai0="71,90,55,133,75,14,15,24,107,85,99,50,134" hai1="42,11,105,128,8,7,96,116,18,68,65,73,118" hai2="92,48,6,47,40,66,125,67,102,112,74,123,78" hai3="72,38,19,58,91,23,111,81,83,20,34,60,28"/><T17/><D75/><U3/><E73/><V130/><F123/><W110/><G38/><T51/><D71/><U62/><E128/><V119/><F130/><W109/><G72/><T37/><D37/><U21/><E42/><V94/><F125/><W86/><G81/><T44/><D51/><U79/><E79/><V122/><F122/><W69/><G69/><T89/><D24/><U39/><E39/><V87/><F74/><W9/><G9/><T120/><D120/><U95/><E105/><V88/><F78/><W26/><REACH who="3" step="1"/><G19/><REACH who="3" ten="300,158,350,182" step="2"/><T49/><D17/><U115/><E11/><V13/><F119/><W132/><G132/><T104/><D134/><U70/><E68/><V63/><F112/><W64/><AGARI ba="0,1" hai="20,23,26,28,34,58,60,64,83,86,91,109,110,111" machi="64" ten="30,4000,0" yaku="1,1,0,1,52,1,53,0" doraHai="29" doraHaiUra="41" who="3" fromWho="3" sc="300,-20,158,-10,350,-10,182,50" /><INIT seed="5,0,0,4,4,77" ten="280,148,340,232" oya="1" hai0="24,132,107,79,69,43,114,103,16,113,109,20,17" hai1="71,52,74,23,86,70,134,33,62,105,1,92,68" hai2="78,56,63,99,65,108,27,41,46,127,131,57,34" hai3="130,119,89,111,9,49,11,15,48,40,66,94,106"/><U129/><E33/><V44/><F108/><W36/><G111/><T31/><D109/><U53/><E105/><V76/><F127/><W104/><G130/><T64/><D132/><U128/><E74/><V22/><F34/><W4/><G36/><T82/><D43/><U81/><E1/><V88/><F131/><N who="1" m="50249" /><E134/><V116/><F116/><W14/><G119/><T115/><D107/><U7/><E7/><V123/><F56/><W50/><G66/><T110/><D103/><U100/><E23/><V83/><F123/><W84/><REACH who="3" step="1"/><G40/><REACH who="3" ten="280,148,340,222" step="2"/><T87/><D110/><U45/><E45/><V59/><F41/><W29/><G29/><T101/><D114/><U47/><E47/><V96/><F65/><W124/><G124/><T6/><D115/><U125/><E125/><V12/><F44/><W35/><G35/><T95/><D113/><U90/><E62/><V3/><F63/><W54/><G54/><T51/><D64/><U32/><E32/><V75/><F46/><W67/><G67/><T39/><D39/><U126/><E126/><V133/><F133/><W42/><G42/><T21/><D31/><U26/><E26/><V120/><F27/><W60/><G60/><T28/><D28/><U0/><E0/><V102/><F3/><W25/><G25/><T61/><D61/><U118/><E118/><V135/><F135/><W13/><G13/><T55/><D24/><U19/><E19/><AGARI ba="0,1" hai="4,9,11,14,15,19,48,49,50,84,89,94,104,106" machi="19" ten="40,1300,0" yaku="1,1,53,0" doraHai="77" doraHaiUra="98" who="3" fromWho="1" sc="280,0,148,-13,340,0,222,23" /><INIT seed="6,0,0,3,4,95" ten="280,135,340,245" oya="2" hai0="77,18,28,109,13,31,94,23,30,64,89,70,100" hai1="99,85,112,103,34,101,132,19,26,107,81,45,105" hai2="6,120,38,121,73,50,55,113,5,2,56,3,7" hai3="91,49,131,135,129,97,54,123,134,12,10,82,40"/><V61/><F38/><W126/><G40/><T59/><D109/><U15/><E132/><N who="3" m="50730" /><G123/><T21/><D70/><U58/><E112/><V104/><F113/><W36/><G36/><T96/><D77/><U87/><E45/><V60/><F73/><W39/><G39/><T115/><D115/><U42/><E42/><V41/><F104/><W124/><G82/><T1/><D1/><U90/><E58/><V69/><F60/><W67/><G67/><T72/><D72/><U118/><E118/><V35/><F35/><W11/><G91/><T80/><D80/><U133/><E133/><V63/><F63/><W57/><G97/><T78/><D78/><U37/><E37/><V86/><F86/><W65/><G65/><T88/><D23/><U4/><E87/><V110/><F110/><W98/><G98/><T43/><D43/><U24/><E4/><V79/><F79/><W53/><G53/><T84/><D84/><U66/><E66/><V92/><F92/><W25/><G25/><T17/><D17/><U114/><E114/><V75/><F75/><W9/><G12/><T119/><D119/><U29/><E26/><V130/><F69/><W116/><G116/><T127/><D127/><AGARI ba="0,0" hai="9,10,11,49,54,57,124,126,127,129,131" m="50730" machi="127" ten="40,8000,1" yaku="30,2,18,1,20,1" doraHai="95" who="3" fromWho="0" sc="280,-80,135,0,340,0,245,80" /><INIT seed="7,0,0,5,1,70" ten="200,135,340,325" oya="3" hai0="101,25,9,60,8,3,113,29,31,61,16,103,89" hai1="22,2,55,42,131,102,95,125,86,85,0,56,82" hai2="10,80,92,33,84,7,66,129,94,124,111,99,126" hai3="1,91,26,116,128,63,15,93,44,35,65,14,114"/><W28/><G116/><T45/><D113/><U79/><E125/><N who="2" m="48235" /><F129/><W53/><G1/><T49/><D3/><U58/><E131/><V30/><F111/><W20/><G128/><T59/><D89/><U75/><E75/><V87/><F66/><W57/><G35/><T98/><D98/><U39/><E58/><V132/><F132/><W78/><G78/><T50/><D16/><U104/><E104/><V90/><F30/><N who="0" m="11274" /><D25/><U81/><E22/><V110/><F110/><W43/><G114/><T76/><D76/><U36/><E102/><N who="0" m="38921" /><D50/><U133/><E95/><V27/><F27/><W123/><G123/><T127/><D127/><U68/><E68/><V105/><F105/><W17/><G28/><T73/><D73/><U109/><E109/><V115/><F115/><W77/><G77/><T74/><D74/><U21/><E21/><V100/><F33/><W97/><G65/><N who="0" m="39071" /><D61/><U37/><E42/><AGARI ba="0,0" hai="8,9,42,45,49" m="39071,38921,11274" machi="42" ten="30,1000,0" yaku="8,1" doraHai="70" who="0" fromWho="1" sc="200,10,135,-10,340,0,325,0" owari="210,-19.0,125,-37.0,340,43.0,325,13.0" /></mjloggm>