<mjloggm ver="2.3"><GO type="97" lobby="0"/><UN n0="%4D%4F%32%33" n1="%E3%81%86%E3%82%8B%E3%81%95%E3%81%84%E3%81%AF%E8%A4%92%E3%82%81%E8%A9%9E" n2="%E3%82%A6%E3%83%AB%E3%83%88%E3%83%A9%E7%AB%8B%E7%9B%B4" n3="%E3%81%9F%E3%83%BC%E3%81%AC" dan="15,15,14,15" rate="1980.28,1956.29,1926.27,1994.43" sx="M,M,M,M"/><TAIKYOKU oya="0"/><INIT seed="0,0,0,0,5,94" ten="250,250,250,250" oya="0" hai0="8,123,68,58,90,60,134,119,120,23,12,76,74" hai1="102,98,34,11,54,6,29,2,16,89,39,86,52" hai2="17,110,113,66,13,56,30,106,22,115,37,57,127" hai3="42,75,96,99,124,64,129,132,97,24,20,70,47"/><T73/><D119/><U31/><E39/><V0/><F37/><W27/><G75/><T71/><D134/><U87/><E87/><V61/><F0/><W116/><G116/><T62/><D90/><U36/><E36/><V103/><F127/><W133/><G124/><T104/><D23/><U112/><E112/><V43/><F43/><W118/><G118/><T28/><D28/><U7/><E7/><V131/><F110/><W79/><G129/><T50/><D50/><U3/><E3/><V107/><F131/><W38/><G79/><T19/><D76/><U40/><E40/><V5/><F5/><W101/><G101/><T122/><D104/><U26/><E31/><V10/><F107/><W108/><G108/><T48/><D48/><U41/><E41/><V32/><F57/><W88/><G88/><T35/><D35/><U46/><E46/><V9/><F9/><W105/><G105/><T55/><REACH who="0" step="1"/><D62/><REACH who="0" ten="240,250,250,250" step="2"/><U128/><E128/><V117/><F117/><W85/><G20/><T130/><D130/><U78/><E78/><V33/><F33/><W95/><G132/><T72/><AGARI ba="0,1" hai="8,12,19,55,58,60,68,71,72,73,74,120,122,123" machi="72" ten="40,3900,0" yaku="1,1,0,1,53,0" doraHai="94" doraHaiUra="44" who="0" fromWho="0" sc="240,49,250,-13,250,-13,250,-13" /><INIT seed="0,1,0,2,4,12" ten="289,237,237,237" oya="0" hai0="5,8,54,128,75,16,76,66,46,102,0,20,97" hai1="22,23,86,118,4,68,48,93,43,85,126,17,132" hai2="33,73,100,7,30,3,101,65,125,113,21,82,74" hai3="14,90,18,80,94,51,10,92,1,15,36,25,84"/><T96/><D128/><U26/><E118/><V69/><F101/><W31/><G36/><T57/><D66/><U79/><E68/><V81/><F81/><W34/><G1/><T28/><D28/><U39/><E39/><V6/><F6/><W77/><G51/><T44/><D76/><U131/><E131/><V87/><F125/><W120/><G120/><T49/><D75/><U67/><E67/><V121/><F121/><W9/><REACH who="3" step="1"/><G90/><REACH who="3" ten="289,237,237,227" step="2"/><T130/><D130/><U115/><E48/><V62/><F3/><W60/><G60/><T35/><D35/><U58/><E115/><V108/><F33/><W59/><G59/><T95/><REACH who="0" step="1"/><D96/><REACH who="0" ten="279,237,237,227" step="2"/><U63/><E126/><V70/><F113/><W55/><G55/><T42/><D42/><U61/><E43/><V112/><F112/><W135/><G135/><T88/><D88/><U24/><E132/><V134/><F134/><W19/><AGARI ba="1,2" hai="9,10,14,15,18,19,25,31,34,77,80,84,92,94" machi="19" ten="20,16000,3" yaku="1,1,0,1,7,1,9,1,52,2,53,2" doraHai="12" doraHaiUra="11" who="3" fromWho="3" sc="279,-81,237,-41,237,-41,227,183" /><INIT seed="1,0,0,1,2,17" ten="198,196,196,410" oya="1" hai0="28,74,78,44,23,105,85,38,32,58,104,40,0" hai1="4,21,79,10,5,131,84,129,76,115,49,37,56" hai2="27,130,132,48,92,41,88,20,97,65,45,110,86" hai3="60,30,29,113,112,34,80,134,67,109,51,72,36"/><U53/><E37/><V1/><F1/><W59/><G109/><T39/><D0/><U64/><E115/><V3/><F3/><W7/><G36/><T107/><D32/><U81/><E64/><V118/><F118/><W14/><G134/><T100/><D74/><U120/><E79/><V69/><F110/><W91/><G51/><T25/><D100/><U82/><E81/><V89/><F132/><W22/><G34/><T55/><D44/><U122/><E21/><V13/><F130/><N who="1" m="49673" /><E5/><V128/><F128/><W50/><G50/><T99/><D40/><U62/><E62/><V87/><F69/><W35/><G35/><T114/><D114/><U31/><E31/><V98/><F13/><AGARI ba="0,0" hai="4,10,13,49,53,56,76,82,84,120,122" m="49673" machi="13" ten="30,1500,0" yaku="19,1" doraHai="17" who="1" fromWho="2" sc="198,0,196,15,196,-15,410,0" /><INIT seed="1,1,0,2,2,55" ten="198,211,181,410" oya="1" hai0="49,48,83,116,65,16,11,124,84,93,37,89,26" hai1="34,109,128,66,77,30,18,71,67,68,96,27,69" hai2="70,63,114,24,132,111,45,86,102,126,119,54,58" hai3="123,110,47,61,85,3,41,12,9,25,57,74,133"/><U108/><E77/><V59/><F70/><W13/><G110/><N who="1" m="42602" /><E128/><V88/><F111/><W121/><G74/><T100/><D116/><U76/><E76/><V52/><F119/><W105/><G105/><T2/><D124/><U118/><E118/><V36/><F126/><W43/><G133/><T94/><D37/><U17/><E96/><V56/><F132/><W103/><G103/><T5/><D65/><AGARI ba="1,0" hai="17,18,27,30,34,65,66,67,68,69,71" m="42602" machi="65" ten="40,3900,0" yaku="14,1,10,1" doraHai="55" who="1" fromWho="0" sc="198,-42,211,42,181,0,410,0" /><INIT seed="1,2,0,2,2,129" ten="156,253,181,410" oya="1" hai0="121,36,20,63,65,104,44,45,132,118,110,57,89" hai1="81,102,2,64,77,16,56,126,18,101,86,35,58" hai2="78,84,133,28,88,92,59,7,134,10,124,21,85" hai3="39,50,41,40,115,8,99,53,127,25,67,32,9"/><U43/><E35/><V46/><F124/><W108/><G127/><T123/><D118/><U103/><E2/><V15/><F59/><N who="1" m="22569" /><E126/><V33/><F33/><W19/><G108/><T5/><D104/><U4/><E4/><V83/><F28/><W23/><G32/><T113/><D110/><U69/><E69/><V55/><F21/><W26/><G39/><T122/><D113/><U117/><E117/><V11/><F55/><W125/><G67/><T66/><D132/><N who="2" m="50794" /><F46/><W68/><G68/><T29/><D5/><U34/><E34/><V96/><F11/><W51/><G53/><T14/><D89/><U47/><E64/><V31/><F31/><W114/><G23/><T76/><D76/><U61/><E61/><V105/><F105/><W42/><G125/><T112/><D112/><U27/><E27/><V120/><F120/><W90/><G26/><N who="0" m="16583" /><D14/><U82/><E82/><V30/><F30/><W54/><G25/><T80/><D80/><U3/><E3/><V87/><AGARI ba="2,0" hai="7,10,15,78,83,84,85,87,88,92,96" m="50794" machi="87" ten="30,8000,1" yaku="20,1,52,3,54,1" doraHai="129" who="2" fromWho="2" sc="156,-22,253,-42,181,86,410,-22" /><INIT seed="2,0,0,4,4,1" ten="134,211,267,388" oya="2" hai0="89,127,75,112,94,134,120,100,4,61,128,92,7" hai1="111,85,135,32,90,71,72,31,57,44,93,35,109" hai2="46,25,82,40,18,74,41,122,63,98,11,113,96" hai3="3,13,38,29,28,27,131,102,12,60,77,104,59"/><V67/><F122/><W58/><G131/><T2/><D120/><U16/><E71/><V48/><F113/><W53/><G38/><T51/><D112/><U88/><E72/><V49/><F74/><W8/><G3/><T133/><D2/><U84/><E31/><V47/><F82/><W118/><G118/><T66/><D75/><U20/><E135/><N who="0" m="51721" /><D128/><U52/><E44/><V73/><F73/><W19/><G77/><T129/><D129/><U0/><E0/><V124/><F124/><W5/><G104/><T43/><D127/><U6/><E6/><N who="0" m="2089" /><D100/><U42/><E42/><V69/><F11/><N who="3" m="4207" /><G102/><T123/><D89/><U62/><E109/><V79/><F79/><W37/><G37/><T64/><D123/><U121/><E111/><V70/><F70/><W95/><G95/><N who="0" m="36395" /><D61/><U45/><E121/><V105/><F105/><W87/><G60/><T9/><D9/><U14/><E45/><AGARI ba="0,0" hai="43,45,51,64,66" m="36395,2089,51721" machi="45" ten="30,7700,0" yaku="20,1,52,3" doraHai="1" who="0" fromWho="1" sc="134,77,211,-77,267,0,388,0" /><INIT seed="3,0,0,1,1,121" ten="211,134,267,388" oya="3" hai0="95,26,114,24,107,122,14,85,88,48,4,131,69" hai1="23,34,110,127,71,25,47,8,1,38,27,0,94" hai2="83,81,111,86,17,2,109,130,75,43,20,118,82" hai3="124,64,16,61,29,129,65,80,46,74,100,126,58"/><W133/><G16/><T132/><D122/><U77/><E71/><V13/><F2/><W66/><G58/><T21/><D114/><U15/><E77/><V120/><F118/><W101/><G80/><N who="2" m="30825" /><F120/><W36/><G29/><T113/><D113/><U44/><E94/><V40/><F75/><W102/><G61/><T123/><D123/><U78/><E78/><N who="2" m="46455" /><F43/><N who="3" m="22887" /><G74/><T39/><D69/><U9/><E38/><V125/><F40/><W70/><G70/><T112/><D39/><U45/><E34/><V91/><F91/><W51/><G51/><T135/><D107/><U12/><E23/><V63/><F63/><W56/><G56/><T119/><D112/><U54/><E47/><V19/><F19/><W93/><G64/><T53/><D119/><U72/><E72/><V106/><F106/><W3/><G65/><T128/><D53/><U6/><E6/><V42/><F42/><W60/><G66/><T30/><D48/><U28/><E28/><V76/><F76/><W68/><G60/><T59/><D59/><U7/><E7/><V49/><F49/><W5/><G3/><T50/><D50/><U33/><E33/><V62/><F62/><W41/><G5/><T31/><D4/><U117/><E117/><V10/><F10/><W92/><G41/><T103/><D14/><U115/><E115/><V32/><F32/><W73/><G73/><T57/><D57/><U52/><E127/><V35/><F35/><W134/><G124/><T67/><D67/><U11/><E11/><V89/><F125/><W105/><G126/><T37/><D37/><U104/><E104/><RYUUKYOKU ba="0,0" sc="211,-10,134,30,267,-10,388,-10" hai1="0,1,8,9,12,15,25,27,44,45,52,54,110" owari="201,-20.0,164,-34.0,257,6.0,378,48.0" /></mjloggm>