<mjloggm ver="2.3"><GO type="33" lobby="0"/><UN n0="%E3%81%9C%E3%82%93%E3%81%A4%E3%81%81%E5%AB%8C%E3%81%84" n1="%E5%B0%B1%E6%B4%BB%E7%94%9F%40%E5%B7%9D%E6%9D%91%E8%BB%8D%E5%9B%A3" n2="%74%65%74%73%75%6D%6A" n3="%E3%82%A2%E3%82%AB%E3%82%AE%40%E5%B7%9D%E6%9D%91%E8%BB%8D%E5%9B%A3" dan="14,15,14,15" rate="1953.07,1961.91,1932.65,2020.17" sx="M,M,M,M"/><TAIKYOKU oya="0"/><INIT seed="0,0,0,4,4,116" ten="250,250,250,250" oya="0" hai0="77,71,80,16,78,101,121,126,94,64,60,23,95" hai1="88,122,106,70,0,57,39,54,124,79,19,93,51" hai2="108,89,132,21,133,18,31,10,128,127,76,12,73" hai3="32,91,34,90,67,59,66,48,3,35,134,55,111"/><T50/><D121/><U62/><E122/><V1/><F108/><W65/><G3/><T41/><D126/><U118/><E39/><V38/><F38/><W102/><G111/><T28/><D28/><U107/><E118/><V49/><F127/><W63/><G134/><N who="2" m="51817" /><F128/><W72/><G72/><T86/><D78/><U115/><E124/><V17/><F89/><W24/><G102/><T100/><D100/><U120/><E120/><V26/><F49/><W105/><G105/><T11/><D11/><U87/><E115/><V8/><F76/><W56/><REACH who="3" step="1"/><G24/><REACH who="3" ten="250,250,250,240" step="2"/><T53/><D101/><U42/><E107/><V44/><F73/><W125/><G125/><T81/><D81/><N who="1" m="47551" /><E0/><V112/><F112/><W99/><G99/><T135/><D135/><U46/><E106/><V27/><F1/><W15/><G15/><T4/><D95/><U113/><E113/><V33/><F44/><W97/><G97/><T58/><D94/><U83/><E83/><V14/><F14/><W109/><G109/><T119/><D119/><U5/><E70/><V131/><F131/><W43/><G43/><T7/><D41/><U9/><E93/><V104/><F104/><W123/><G123/><T110/><D110/><U75/><E42/><V13/><F13/><AGARI ba="0,1" hai="4,7,13,16,23,50,53,58,60,64,71,77,80,86" machi="13" ten="30,2900,0" yaku="7,1,54,1" doraHai="116" who="0" fromWho="2" sc="250,39,250,0,250,-29,240,0" /><INIT seed="0,1,0,1,1,21" ten="289,250,221,240" oya="0" hai0="0,99,1,29,79,80,132,121,64,115,49,40,67" hai1="33,43,6,22,72,66,94,12,127,37,120,93,13" hai2="45,34,74,106,17,9,15,38,85,128,30,75,92" hai3="124,76,135,97,2,10,62,68,58,47,118,116,52"/><T69/><D115/><U42/><E33/><V5/><F106/><W111/><G111/><T48/><D121/><U61/><E72/><V107/><F107/><W27/><G135/><T20/><D132/><U123/><E127/><V8/><F128/><W102/><G124/><T59/><D69/><U35/><E35/><V50/><F38/><W31/><G76/><T90/><D0/><U104/><E104/><V54/><F34/><W125/><G125/><T131/><D1/><U78/><E78/><V95/><F30/><W28/><G68/><T112/><D112/><U70/><E120/><V119/><F119/><W103/><G47/><N who="0" m="25703" /><D79/><U7/><E123/><V3/><REACH who="2" step="1"/><F95/><REACH who="2" ten="289,250,211,240" step="2"/><N who="1" m="36361" /><E37/><V98/><F98/><W51/><G31/><T11/><D131/><U60/><E70/><V96/><F96/><W32/><G97/><T110/><D99/><U117/><E117/><V113/><F113/><W57/><G118/><T65/><D29/><U46/><E46/><V82/><F82/><W56/><G116/><T23/><D80/><U14/><E66/><V63/><F63/><N who="1" m="24137" /><E22/><V4/><F4/><AGARI ba="1,1" hai="4,6,7,12,13,14,42,43" m="24137,36361" machi="4" ten="30,3900,0" yaku="28,2,8,1" doraHai="21" who="1" fromWho="2" sc="289,0,250,52,211,-42,240,0" /><INIT seed="1,0,0,5,1,24" ten="289,302,169,240" oya="1" hai0="131,46,115,15,38,75,53,8,92,17,133,32,99" hai1="134,50,121,110,93,11,10,88,4,1,76,94,67" hai2="49,42,123,0,98,91,70,119,77,111,109,63,16" hai3="125,5,64,54,78,72,2,61,18,81,3,13,44"/><U19/><E121/><V69/><F123/><W129/><G129/><T31/><D115/><U20/><E134/><V30/><F119/><W122/><G122/><T51/><D75/><U84/><E110/><V73/><F0/><W52/><G125/><T128/><D133/><U48/><E76/><V34/><F91/><W87/><G72/><T97/><D38/><U85/><E67/><V103/><F77/><W124/><G124/><T7/><D7/><U130/><E130/><N who="0" m="49705" /><D92/><U104/><E104/><N who="2" m="63607" /><F73/><W116/><G116/><T108/><D108/><N who="2" m="41546" /><F63/><W102/><G102/><T25/><AGARI ba="0,0" hai="8,15,17,25,31,32,46,51,53,97,99" m="49705" machi="25" ten="30,2000,0" yaku="19,1,52,1" doraHai="24" who="0" fromWho="0" sc="289,20,302,-10,169,-5,240,-5" /><INIT seed="2,0,0,3,4,11" ten="309,292,164,235" oya="2" hai0="3,66,18,132,7,2,9,135,26,79,23,68,37" hai1="117,6,78,71,14,134,113,93,32,106,61,130,52" hai2="90,102,44,46,42,103,100,35,108,54,118,83,62" hai3="126,88,111,56,72,82,30,131,121,99,128,20,45"/><V97/><F118/><W34/><G121/><T41/><D79/><U5/><E106/><V13/><F35/><W123/><G123/><T75/><D75/><U133/><E113/><V105/><F108/><W33/><G111/><T109/><D109/><U21/><E32/><V24/><F24/><N who="3" m="16647" /><G126/><T39/><D2/><U81/><E93/><N who="2" m="56503" /><F105/><W125/><G125/><T50/><D50/><U16/><E130/><V96/><F42/><W27/><G45/><T28/><D18/><U25/><E117/><V58/><F96/><W60/><G72/><T19/><D19/><U87/><E25/><V73/><F73/><W95/><G82/><T53/><D53/><U80/><E80/><V47/><F83/><W77/><G77/><T51/><D51/><U127/><E127/><V119/><F119/><W114/><G27/><T69/><D41/><U57/><REACH who="1" step="1"/><E71/><REACH who="1" ten="309,282,164,235" step="2"/><V91/><F91/><W101/><G88/><T89/><D89/><U0/><E0/><V22/><F22/><W92/><G114/><T12/><D3/><U74/><E74/><V17/><F17/><W29/><G95/><T122/><D122/><U129/><E129/><N who="3" m="49738" /><G29/><T48/><D28/><U86/><E86/><V115/><F115/><W107/><G107/><T120/><D120/><U84/><E84/><V85/><F85/><W64/><AGARI ba="0,1" hai="33,34,56,60,64,92,99,101" m="49738,16647" machi="64" ten="30,2000,0" yaku="25,1,19,1" doraHai="11" who="3" fromWho="3" sc="309,-5,282,-5,164,-10,235,30" /><INIT seed="3,0,0,3,2,63" ten="304,277,154,265" oya="3" hai0="20,55,68,47,84,77,105,97,82,73,96,38,45" hai1="113,108,6,12,104,16,93,53,94,72,87,37,130" hai2="35,42,78,74,61,115,48,116,114,120,107,54,124" hai3="70,66,29,75,26,19,17,98,11,134,91,2,133"/><W132/><G75/><T51/><D68/><U65/><E104/><V90/><F35/><N who="3" m="20919" /><G91/><T60/><D105/><U52/><E72/><V71/><F107/><W41/><G41/><T76/><D60/><U79/><E113/><V99/><F99/><W125/><G98/><N who="0" m="37995" /><D38/><U22/><E37/><V36/><F90/><W27/><G125/><T109/><D109/><U135/><E135/><V21/><F21/><N who="3" m="13743" /><G19/><T23/><D73/><U10/><E108/><V30/><F30/><W46/><G46/><N who="0" m="28151" /><D77/><U7/><E130/><V102/><F78/><W85/><G85/><T3/><D47/><U122/><E65/><N who="2" m="41391" /><F102/><W39/><G39/><T95/><D45/><U14/><E122/><V57/><F74/><W49/><G49/><T103/><D95/><N who="1" m="36363" /><E6/><V33/><F33/><W111/><G111/><T110/><D103/><U86/><E86/><V129/><F116/><W28/><G28/><T50/><D110/><U58/><E58/><V80/><F80/><AGARI ba="0,0" hai="7,10,12,14,16,22,52,53,79,80,87" m="36363" machi="80" ten="30,3900,0" yaku="8,1,54,2" doraHai="63" who="1" fromWho="2" sc="304,0,277,39,154,-39,265,0" owari="304,10.0,316,41.0,115,-38.0,265,-13.0" /></mjloggm>