<mjloggm ver="2.3"><GO type="97" lobby="0"/><UN n0="%E3%81%9D%E3%82%8C%E3%82%86%E3%81%91%E3%81%A1%E3%83%BC%E3%81%B4%E3%82%93" n1="%E5%B0%B1%E6%B4%BB%E7%94%9F%40%E5%B7%9D%E6%9D%91%E8%BB%8D%E5%9B%A3" n2="%50%6F%6F%6C%79" n3="%E5%AE%9F%E6%88%A6%E6%B4%BE%E3%83%8F%E3%82%B9%E3%83%A9%E3%83%BC" dan="16,13,13,15" rate="2071.90,1844.67,1840.97,2025.56" sx="M,M,M,M"/><TAIKYOKU oya="0"/><INIT seed="0,0,0,5,0,40" ten="250,250,250,250" oya="0" hai0="92,86,80,3,29,90,16,48,132,117,28,49,32" hai1="41,93,31,107,54,0,34,116,123,71,17,47,83" hai2="5,1,22,130,87,10,88,9,57,75,134,15,36" hai3="50,103,79,63,44,58,59,6,67,18,62,72,78"/><T68/><D117/><U118/><E107/><V111/><F75/><W64/><G72/><T110/><D68/><U94/><E123/><V135/><F36/><W43/><G6/><T19/><D3/><U24/><E71/><V11/><F130/><W27/><G103/><T69/><D69/><U23/><E0/><V77/><F77/><W104/><G104/><T131/><D131/><U101/><E83/><V124/><F124/><W74/><G74/><T108/><D132/><N who="2" m="50730" /><F57/><W21/><AGARI ba="0,0" hai="18,21,27,43,44,50,58,59,62,63,64,67,78,79" machi="21" ten="30,7900,0" yaku="0,1,9,1,8,1,52,1" doraHai="40" who="3" fromWho="3" sc="250,-39,250,-20,250,-20,250,79" /><INIT seed="1,0,0,1,0,128" ten="211,230,230,329" oya="1" hai0="109,44,51,62,102,98,54,68,135,32,42,37,95" hai1="16,133,39,38,92,45,75,29,65,46,41,53,35" hai2="121,55,79,97,77,19,50,63,71,72,113,99,4" hai3="1,70,125,9,5,93,122,43,103,100,52,0,28"/><U18/><E75/><V15/><F121/><W123/><G70/><T20/><D32/><U7/><E7/><V22/><F4/><W57/><G1/><T69/><D109/><U134/><E65/><V78/><F72/><W89/><G125/><T131/><D131/><U80/><E80/><V115/><F63/><W10/><G10/><T112/><D112/><N who="2" m="43082" /><F71/><W6/><G6/><T66/><D20/><U82/><E82/><V96/><F50/><W11/><G43/><T24/><D69/><U107/><E107/><V58/><F58/><W23/><G123/><T34/><D34/><U64/><E64/><V67/><F67/><W30/><G122/><T12/><D24/><N who="1" m="18855" /><E92/><V8/><F55/><W129/><G129/><T87/><D12/><U76/><E76/><N who="2" m="19459" /><V132/><DORA hai="90" /><F8/><N who="3" m="3147" /><G23/><T127/><D87/><U108/><E108/><V84/><F84/><N who="3" m="52391" /><G0/><T130/><D130/><U33/><E33/><V21/><F21/><W85/><G85/><T106/><D127/><U119/><E119/><V3/><F3/><W56/><G56/><N who="0" m="32863" /><D106/><U101/><E53/><V111/><F111/><W47/><G47/><T118/><D118/><U88/><E46/><V83/><F83/><W60/><G5/><T27/><D27/><U31/><E31/><AGARI ba="0,0" hai="28,30,31,52,57,60,100,103" m="52391,3147" machi="31" ten="30,3900,0" yaku="8,1,52,1,54,1" doraHai="128,90" who="3" fromWho="1" sc="211,0,230,-39,230,0,329,39" /><INIT seed="2,0,0,2,5,45" ten="211,191,230,368" oya="2" hai0="52,86,53,43,12,85,94,29,77,91,37,104,44" hai1="18,112,78,10,56,132,11,40,63,42,20,21,28" hai2="49,82,105,30,130,51,62,117,135,34,38,80,66" hai3="113,111,116,35,16,115,98,99,103,60,41,70,4"/><V87/><F117/><W134/><G35/><T81/><D104/><U108/><E112/><V129/><F38/><W96/><G111/><T59/><D29/><U3/><E108/><V58/><F105/><W13/><G134/><T46/><D46/><U114/><E132/><V14/><F135/><W89/><G116/><T64/><D64/><U25/><E114/><V55/><F14/><W83/><G4/><T39/><D39/><U76/><E3/><V84/><F30/><W133/><G133/><T23/><D23/><U71/><E71/><V68/><F34/><W48/><G70/><T54/><REACH who="0" step="1"/><D12/><REACH who="0" ten="201,191,230,368" step="2"/><U22/><E22/><V131/><F66/><W101/><G115/><T106/><D106/><U93/><E11/><V9/><F68/><W90/><G113/><T61/><AGARI ba="0,1" hai="37,43,44,52,53,54,59,61,77,81,85,86,91,94" machi="61" ten="20,5200,0" yaku="1,1,0,1,7,1,54,1,53,0" doraHai="45" doraHaiUra="109" who="0" fromWho="0" sc="201,62,191,-13,230,-26,368,-13" /><INIT seed="3,0,0,2,0,89" ten="263,178,204,355" oya="3" hai0="118,1,53,60,59,62,15,2,113,9,33,93,115" hai1="103,70,11,22,90,110,3,57,130,54,122,21,48" hai2="18,69,129,85,95,34,51,128,133,126,0,108,16" hai3="105,47,132,61,87,4,96,121,134,124,65,114,102"/><W112/><G4/><T104/><D104/><U42/><E70/><V17/><F69/><W58/><G124/><T109/><D33/><U63/><E110/><V111/><F34/><W106/><G106/><T117/><D109/><N who="2" m="42058" /><F0/><W23/><G121/><T8/><D15/><U56/><E130/><N who="2" m="50283" /><F126/><W101/><G101/><T29/><D53/><U27/><E122/><V52/><F133/><N who="3" m="51307" /><G87/><T12/><D12/><U10/><E103/><V41/><F41/><W107/><G107/><T80/><D59/><U127/><E127/><V36/><F36/><W83/><G83/><T68/><D80/><U99/><E3/><V43/><F43/><W81/><G81/><T135/><D135/><U94/><E22/><V37/><F37/><W75/><G75/><T13/><D13/><U84/><E84/><V76/><F76/><W30/><G47/><T35/><D35/><U116/><E116/><V39/><F39/><W24/><AGARI ba="0,0" hai="23,24,30,58,61,65,96,102,105,112,114" m="51307" machi="24" ten="30,1500,0" yaku="20,1" doraHai="89" who="3" fromWho="3" sc="263,-5,178,-5,204,-5,355,15" owari="258,6.0,173,-33.0,199,-20.0,370,47.0" /></mjloggm>