<mjloggm ver="2.3"><GO type="169" lobby="0"/><UN n0="%E3%82%8C%E3%82%93%EF%BC%8D%4E%65%77" n1="%53%48%49%53%55%4B%45" n2="%64%61%61%61%61%61%61%61" n3="%E3%82%A6%E3%83%AB%E3%83%88%E3%83%A9%E7%AB%8B%E7%9B%B4" dan="16,17,16,17" rate="2067.05,2128.67,2048.04,2182.85" sx="M,M,M,M"/><TAIKYOKU oya="0"/><INIT seed="0,0,0,3,5,23" ten="250,250,250,250" oya="0" hai0="122,8,98,97,29,101,15,64,52,31,114,120,26" hai1="60,69,53,108,78,87,125,44,75,57,94,55,72" hai2="73,65,68,20,38,109,133,1,33,0,2,92,13" hai3="95,27,91,18,86,100,49,118,50,39,12,104,43"/><T103/><D64/><U84/><E69/><V102/><F73/><W28/><G118/><T70/><D70/><U121/><E121/><V59/><F38/><W71/><G71/><T107/><D114/><U134/><E75/><V105/><F105/><W67/><G67/><T9/><D52/><U41/><E72/><V46/><F68/><W35/><G104/><T10/><D15/><U112/><E112/><V4/><F33/><W81/><G100/><N who="0" m="38475" /><D26/><U123/><E123/><N who="0" m="47145" /><D107/><U90/><E55/><V63/><F0/><W127/><G39/><T132/><D132/><U126/><E134/><V83/><F1/><W16/><G18/><T128/><D128/><U93/><E41/><V124/><F2/><W61/><G61/><T37/><D37/><U34/><E44/><V56/><F63/><W21/><G50/><T6/><D6/><U115/><E115/><V89/><F4/><W5/><G5/><T30/><AGARI ba="0,0" hai="8,9,10,29,30,31,97,98" m="47145,38475" machi="30" ten="40,3900,0" yaku="28,2" doraHai="23" who="0" fromWho="0" sc="250,39,250,-13,250,-13,250,-13" /><INIT seed="0,1,0,0,0,110" ten="289,237,237,237" oya="0" hai0="133,33,58,57,65,20,113,28,132,134,59,79,129" hai1="6,109,47,96,91,128,62,88,63,32,124,117,48" hai2="67,89,21,51,39,69,87,111,41,35,14,84,135" hai3="73,42,131,104,50,38,45,86,56,120,2,72,5"/><T9/><D33/><U22/><E117/><V123/><F39/><W70/><G104/><T1/><D79/><U24/><E32/><V52/><F123/><W100/><G120/><T19/><D129/><U55/><E128/><V13/><F35/><W16/><G131/><T116/><D116/><U107/><E109/><V11/><F41/><W10/><G100/><T30/><D65/><U8/><E124/><V103/><F103/><W54/><G86/><T15/><D113/><U34/><E34/><V126/><F126/><W85/><G85/><N who="2" m="32841" /><F69/><W121/><G121/><T29/><REACH who="0" step="1"/><D1/><REACH who="0" ten="279,237,237,237" step="2"/><U115/><E115/><V23/><F111/><W80/><G80/><T36/><D36/><U114/><E114/><V77/><F67/><W83/><G83/><T112/><D112/><U94/><E107/><V3/><F77/><W25/><G70/><T97/><D97/><U27/><E91/><V101/><F3/><W49/><G38/><T66/><D66/><U90/><E90/><V74/><F89/><W93/><G93/><T99/><D99/><U82/><E82/><V108/><F108/><W106/><G106/><T130/><D130/><U125/><E125/><V43/><F74/><W40/><G73/><T75/><D75/><U122/><E122/><V127/><F127/><W118/><G72/><T4/><D4/><U68/><E68/><V37/><F37/><W102/><G118/><T53/><D53/><U46/><E88/><V64/><F64/><W44/><G102/><T12/><D12/><N who="2" m="4714" /><F52/><W7/><G2/><T61/><D61/><U119/><E55/><V98/><F98/><RYUUKYOKU ba="1,1" sc="279,30,237,-10,237,-10,237,-10" hai0="9,15,19,20,28,29,30,57,58,59,132,133,134" /><INIT seed="0,2,1,1,1,51" ten="309,227,227,227" oya="0" hai0="135,119,39,38,0,1,82,107,91,5,94,61,68" hai1="29,16,87,108,85,21,2,46,114,104,52,83,99" hai2="64,110,88,97,18,13,43,25,26,54,112,113,4" hai3="92,102,9,60,122,71,80,37,77,123,56,90,134"/><T48/><D107/><U49/><E2/><V40/><F64/><W100/><G71/><T115/><D82/><U103/><E114/><V111/><F4/><W27/><G9/><T133/><D115/><N who="2" m="44106" /><F54/><N who="3" m="33815" /><G37/><T72/><D72/><U132/><E29/><V116/><F116/><W12/><G12/><T105/><D105/><U109/><E132/><V58/><F58/><W124/><G134/><T10/><D0/><U73/><E73/><V63/><F63/><W101/><G27/><N who="2" m="10249" /><F88/><W121/><G124/><T129/><D61/><U57/><E57/><V33/><F97/><N who="3" m="59431" /><G90/><T28/><D68/><U117/><E117/><V32/><F18/><W22/><G22/><T15/><D119/><U75/><E75/><AGARI ba="2,1" hai="75,77,80,101,102,121,122,123" m="59431,33815" machi="75" ten="30,2000,0" yaku="13,1,52,1" doraHai="51" who="3" fromWho="1" sc="309,0,227,-26,227,0,227,36" /><INIT seed="1,0,0,1,3,43" ten="309,201,227,263" oya="1" hai0="25,66,118,29,50,48,4,18,115,16,107,84,111" hai1="72,96,134,42,11,6,87,28,116,59,13,49,73" hai2="129,130,23,8,32,67,46,79,89,92,88,104,133" hai3="131,20,98,113,74,102,62,21,39,53,124,123,119"/><U90/><E116/><V35/><F104/><W15/><G74/><T52/><D107/><U108/><E28/><V19/><F79/><W69/><G39/><T127/><D66/><U125/><E125/><V56/><F8/><W64/><G113/><T121/><D127/><U12/><E134/><V3/><F3/><W77/><G77/><T128/><D4/><U68/><E68/><V81/><F133/><W9/><G123/><T132/><D132/><U37/><E37/><V94/><F81/><W54/><G124/><T5/><D5/><U103/><E13/><V27/><F67/><W33/><G33/><T51/><D111/><U126/><E126/><V109/><F56/><W82/><G82/><T80/><D115/><U34/><E34/><N who="2" m="12843" /><F46/><W45/><G131/><N who="2" m="50185" /><F109/><W44/><G119/><T83/><D118/><U101/><E108/><V1/><F1/><W22/><G54/><T24/><D29/><U60/><E72/><V105/><F105/><W30/><G53/><T106/><D52/><N who="1" m="33895" /><E73/><V10/><F10/><W93/><REACH who="3" step="1"/><G30/><REACH who="3" ten="309,201,227,253" step="2"/><T38/><D38/><U65/><E65/><V36/><F36/><W135/><G135/><T86/><D128/><U40/><E40/><V76/><F76/><W14/><G14/><T75/><D75/><U17/><E42/><V100/><F94/><W58/><G58/><T114/><D106/><U70/><E70/><V117/><F117/><W95/><G95/><T41/><D114/><U26/><E12/><V31/><F31/><W63/><G63/><T7/><D41/><U85/><E26/><N who="0" m="10345" /><D121/><U110/><E110/><V57/><F57/><RYUUKYOKU ba="0,1" sc="309,-15,201,-15,227,15,253,15" hai2="19,23,27,88,89,92,100" hai3="9,15,20,21,22,44,45,62,64,69,93,98,102" /><INIT seed="2,1,1,0,0,97" ten="294,186,242,268" oya="2" hai0="76,83,21,125,33,14,110,44,49,94,46,123,4" hai1="64,30,107,120,119,71,58,126,133,35,124,73,5" hai2="75,26,3,82,116,135,104,95,29,67,63,28,15" hai3="70,113,80,59,86,85,92,32,25,127,39,50,10"/><V12/><F116/><W62/><G39/><T90/><D33/><U65/><E119/><V57/><F104/><W19/><G127/><T117/><D125/><U114/><E114/><V132/><F3/><W84/><G70/><T13/><D110/><U34/><E73/><V27/><F95/><W23/><G32/><T105/><D105/><U72/><E72/><V36/><F36/><W131/><G131/><T52/><D123/><U101/><E58/><V9/><F82/><W129/><G129/><T96/><D4/><U81/><E81/><V68/><F75/><W74/><G74/><T61/><D61/><U102/><E107/><V20/><F68/><W69/><G69/><T43/><D21/><U53/><E71/><V134/><REACH who="2" step="1"/><F9/><REACH who="2" ten="294,186,232,268" step="2"/><W88/><G10/><T0/><D0/><U42/><E124/><V24/><F24/><W31/><G80/><T89/><D117/><U93/><E126/><V54/><F54/><N who="3" m="34167" /><G113/><T45/><D76/><U122/><E53/><V108/><F108/><W91/><G92/><T66/><D66/><U17/><E93/><V8/><F8/><W47/><G31/><T18/><D83/><U1/><E30/><V109/><F109/><W112/><G112/><T106/><D106/><U118/><E118/><V37/><F37/><W128/><G128/><T38/><D89/><U111/><E111/><V48/><F48/><W55/><AGARI ba="1,2" hai="19,23,25,47,50,55,84,85,86,88,91" m="34167" machi="55" ten="30,2000,0" yaku="8,1,54,1" doraHai="97" who="3" fromWho="3" sc="294,-6,186,-6,232,-11,268,43" /><INIT seed="3,0,0,2,3,69" ten="288,180,221,311" oya="3" hai0="119,7,108,76,43,83,101,38,112,91,53,2,134" hai1="109,96,44,47,72,64,104,74,57,131,9,70,80" hai2="3,67,0,93,20,114,95,6,58,110,105,79,63" hai3="118,73,15,106,61,129,121,24,31,132,122,68,8"/><W26/><G26/><T40/><D101/><U11/><E70/><V94/><F105/><W87/><G73/><T52/><D91/><U77/><E109/><V126/><F114/><W117/><G106/><T50/><D108/><U133/><E74/><V92/><F110/><W16/><G87/><T120/><D7/><U123/><E123/><N who="3" m="47114" /><G61/><T32/><D2/><U81/><E81/><V36/><F79/><W29/><G68/><T128/><D83/><U56/><E56/><V102/><F126/><W21/><G129/><T41/><D76/><U62/><E131/><V23/><F36/><W30/><G132/><T28/><D38/><U12/><E9/><V14/><F102/><W100/><G100/><T98/><D134/><U5/><E133/><V37/><F37/><W84/><G84/><T4/><D128/><U45/><E104/><V48/><N who="2" m="23552" /><DORA hai="115" /><V51/><F6/><AGARI ba="0,0" hai="6,8,15,16,21,24,29,30,31,117,118" m="47114" machi="6" ten="30,12000,1" yaku="34,2,52,2,54,1" doraHai="69,115" who="3" fromWho="2" sc="288,0,180,0,221,-120,311,120" /><INIT seed="3,1,0,1,1,7" ten="288,180,101,431" oya="3" hai0="98,4,133,40,65,44,52,36,96,17,107,35,54" hai1="110,71,115,67,124,48,45,68,8,38,15,28,19" hai2="93,41,1,114,95,47,122,6,16,132,5,105,82" hai3="101,46,109,53,85,116,25,84,88,102,62,119,23"/><W123/><G123/><T74/><D65/><U58/><E115/><V134/><F105/><W128/><G128/><T0/><D35/><U26/><E110/><V113/><F122/><W63/><G109/><T49/><D74/><U97/><E124/><V111/><F111/><W69/><G85/><T72/><D72/><U30/><E38/><V12/><F82/><W34/><G34/><T18/><D133/><N who="2" m="51306" /><F1/><W131/><G131/><T20/><D4/><N who="2" m="1642" /><F93/><N who="3" m="54407" /><G69/><T100/><D0/><U27/><E68/><V121/><F95/><W70/><G70/><T64/><D98/><U73/><E71/><V79/><F79/><W39/><G39/><T112/><D112/><U90/><E73/><V78/><F78/><W127/><G127/><T61/><D36/><U9/><E97/><V75/><F75/><W77/><G77/><T37/><D37/><U66/><E90/><V21/><F121/><W60/><G116/><T3/><D96/><U103/><E103/><V2/><F2/><W80/><G80/><T11/><D100/><U83/><E83/><V129/><F129/><W51/><G119/><T57/><D3/><U13/><E58/><V59/><F59/><W135/><G135/><T120/><D120/><U104/><E104/><V92/><F92/><W55/><G55/><T91/><D91/><U50/><E45/><V31/><F47/><W76/><G76/><T87/><D87/><U33/><E33/><V117/><F41/><W42/><G42/><T125/><D107/><U14/><E14/><V99/><F99/><W118/><G118/><T94/><D125/><U32/><E32/><RYUUKYOKU ba="1,0" sc="288,-15,180,15,101,-15,431,15" hai1="8,9,13,15,19,26,27,28,30,48,50,66,67" hai3="23,25,46,51,53,60,62,63,101,102" /><INIT seed="3,2,0,1,1,42" ten="273,195,86,446" oya="3" hai0="8,89,12,80,124,93,116,68,130,83,103,91,32" hai1="128,3,18,59,20,4,10,16,45,67,60,122,49" hai2="77,23,111,51,118,27,50,126,69,65,39,115,70" hai3="123,86,82,84,17,102,125,129,53,7,131,61,101"/><W64/><G7/><T14/><D32/><U135/><E122/><V31/><F118/><W78/><G17/><T107/><D68/><U21/><E128/><N who="3" m="49226" /><G123/><T54/><D107/><U106/><E106/><V30/><F115/><W108/><G125/><T117/><D130/><U33/><E33/><V47/><F77/><W98/><G98/><T11/><D124/><U105/><E105/><V109/><F126/><W46/><G86/><T56/><D103/><U127/><E127/><V15/><F15/><W22/><G22/><T66/><D66/><U43/><E135/><V104/><F104/><W76/><G76/><T37/><D37/><U94/><E94/><V74/><F39/><W112/><G112/><T0/><D0/><U73/><E73/><V63/><F74/><W97/><G97/><T41/><D93/><U87/><E87/><V5/><F5/><W120/><G120/><T95/><D95/><U52/><E21/><V71/><F71/><N who="3" m="42383" /><G108/><T36/><D36/><U100/><E100/><V133/><F65/><W99/><G99/><T113/><D113/><U24/><E67/><V72/><F72/><W92/><G92/><T58/><D54/><U119/><E119/><V26/><F23/><W57/><G102/><T114/><D114/><U25/><E25/><V34/><F34/><W134/><G134/><T88/><D89/><U19/><AGARI ba="2,0" hai="3,4,10,16,18,19,20,24,43,45,49,52,59,60" machi="19" ten="20,8000,1" yaku="0,1,7,1,52,1,54,2" doraHai="42" who="1" fromWho="1" sc="273,-22,195,86,86,-22,446,-42" /><INIT seed="4,0,0,4,0,95" ten="251,281,64,404" oya="0" hai0="69,72,23,33,6,75,18,0,63,1,55,132,121" hai1="134,101,120,86,118,133,79,41,24,88,94,38,58" hai2="115,106,14,103,125,22,13,64,82,36,48,104,90" hai3="100,61,119,7,2,52,67,17,47,107,51,117,98"/><T130/><D33/><U113/><E120/><V65/><F36/><W85/><G7/><T126/><D121/><U56/><E118/><V76/><F48/><W32/><G2/><T78/><D78/><U12/><E38/><V30/><F22/><W91/><G17/><T96/><D6/><U8/><E41/><V73/><F30/><W62/><G62/><T53/><D63/><U128/><E24/><V122/><F122/><W71/><REACH who="3" step="1"/><G32/><REACH who="3" ten="251,281,64,394" step="2"/><T68/><D18/><U39/><E133/><V54/><F125/><W10/><G10/><T31/><D126/><U3/><E134/><V46/><F115/><W83/><AGARI ba="0,1" hai="47,51,52,61,67,71,83,85,91,98,100,107,117,119" machi="83" ten="20,8000,1" yaku="1,1,0,1,7,1,52,1,54,1,53,0" doraHai="95" doraHaiUra="135" who="3" fromWho="3" sc="251,-40,281,-20,64,-20,394,90" /><INIT seed="5,0,0,3,2,110" ten="211,261,44,484" oya="1" hai0="8,83,112,111,15,2,58,76,72,50,16,84,128" hai1="12,37,101,96,23,11,7,21,118,29,51,98,9" hai2="102,122,6,3,38,100,19,82,24,4,26,30,1" hai3="79,67,121,108,71,105,104,69,123,45,13,28,54"/><U126/><E37/><V107/><F38/><W39/><G28/><T87/><D111/><U124/><E118/><V33/><F82/><W65/><G13/><T46/><D128/><U63/><E63/><V27/><F107/><W92/><G92/><T106/><D106/><U91/><E51/><V74/><F74/><W135/><G79/><T57/><D2/><N who="2" m="522" /><F102/><W73/><G135/><T40/><D112/><U61/><E61/><V93/><F100/><W95/><G95/><T86/><AGARI ba="0,0" hai="8,15,16,40,46,50,57,58,72,76,83,84,86,87" machi="86" ten="30,2000,0" yaku="0,1,54,1" doraHai="110" who="0" fromWho="0" sc="211,20,261,-10,44,-5,484,-5" /><INIT seed="6,0,0,3,0,113" ten="231,251,39,479" oya="2" hai0="118,130,7,127,69,121,83,122,6,1,29,81,135" hai1="82,39,102,0,49,120,133,31,116,16,107,71,33" hai2="72,124,64,115,98,99,10,28,67,30,131,125,112" hai3="90,22,8,92,19,52,11,60,9,38,47,100,117"/><V34/><F72/><W89/><G117/><T3/><D69/><U80/><E116/><V95/><F10/><W85/><G38/><T93/><D118/><U4/><E39/><V36/><F36/><W57/><G47/><T42/><D29/><N who="2" m="11370" /><F34/><W132/><G132/><T77/><D135/><U13/><E71/><V48/><F48/><W41/><G41/><T75/><D42/><U96/><E133/><V106/><F106/><W32/><G32/><T45/><D45/><U101/><E101/><N who="2" m="60639" /><F99/><N who="3" m="59495" /><G85/><T21/><D75/><U14/><E120/><V17/><F17/><W94/><G94/><T128/><D93/><U97/><E0/><V20/><F20/><W86/><G86/><T73/><D21/><U59/><E33/><V27/><F27/><AGARI ba="0,0" hai="8,9,11,19,22,27,52,57,60,89,90" m="59495" machi="27" ten="30,2000,0" yaku="8,1,54,1" doraHai="113" who="3" fromWho="2" sc="231,0,251,0,39,-20,479,20" /><INIT seed="7,0,0,1,3,49" ten="231,251,19,499" oya="3" hai0="79,2,124,5,120,114,64,72,93,60,27,90,77" hai1="86,34,9,39,76,47,127,99,111,101,61,106,24" hai2="32,48,84,46,42,78,121,36,107,98,40,13,113" hai3="43,117,18,16,126,33,105,102,89,67,96,59,68"/><W29/><G16/><T129/><D120/><U50/><E111/><V15/><F32/><W133/><G18/><T30/><D72/><U35/><E39/><V123/><F84/><W57/><G89/><T109/><D109/><U17/><E127/><V7/><F98/><W52/><G59/><T41/><D41/><U125/><E125/><V91/><F78/><W38/><G43/><T21/><D124/><U87/><E35/><V134/><F91/><W130/><G126/><T20/><D129/><U100/><E100/><V53/><F107/><W104/><G104/><T63/><D5/><U75/><E75/><V11/><F7/><W8/><G8/><T112/><D2/><U51/><E76/><N who="0" m="29257" /><D21/><U56/><E51/><V14/><F11/><W19/><G19/><T128/><D64/><U132/><E9/><V31/><F31/><W131/><G38/><T3/><D3/><U80/><E80/><V26/><F26/><N who="3" m="18615" /><G117/><T122/><D128/><N who="3" m="49193" /><G133/><T54/><D54/><U62/><E132/><V71/><F13/><W108/><G108/><T135/><D135/><U97/><E97/><V6/><F14/><W92/><G92/><T23/><D23/><N who="1" m="13423" /><E34/><V0/><F15/><W44/><G44/><T22/><D22/><U55/><E47/><V116/><F6/><W70/><G67/><T12/><D12/><U83/><E83/><V85/><F0/><W94/><G105/><T25/><D25/><U69/><E69/><V74/><F71/><W82/><G82/><T73/><D73/><U110/><E110/><V66/><F74/><W95/><G95/><T118/><D118/><RYUUKYOKU ba="0,0" sc="231,-15,251,15,19,-15,499,15" hai1="50,55,56,61,62,86,87,99,101,106" hai3="52,57,68,70,94,96,102" owari="216,-18.0,266,7.0,4,-50.0,514,61.0" /></mjloggm>