<mjloggm ver="2.3"><GO type="97" lobby="0"/><UN n0="%E9%B7%B9%E6%9C%88%E3%81%95%E3%81%8F%E3%82%89" n1="%74%72%61%6D%70" n2="%E3%83%AC%E3%82%B8%E3%83%BC%E3%83%9F%E3%83%A9%E3%83%BC" n3="%E5%B0%B1%E6%B4%BB%E7%94%9F%40%E5%B7%9D%E6%9D%91%E8%BB%8D%E5%9B%A3" dan="15,13,14,13" rate="1993.59,1882.81,1938.40,1850.90" sx="M,M,M,M"/><TAIKYOKU oya="0"/><INIT seed="0,0,0,3,5,135" ten="250,250,250,250" oya="0" hai0="52,107,88,13,111,36,61,131,48,54,126,44,72" hai1="30,18,115,28,6,38,128,79,16,106,81,49,2" hai2="69,37,95,84,27,56,25,89,34,40,110,80,7" hai3="103,85,122,109,55,74,33,82,70,105,108,125,92"/><T5/><D72/><U123/><E123/><V21/><F69/><W130/><G33/><T83/><D107/><U104/><E38/><V76/><F110/><N who="3" m="42603" /><G70/><T59/><D111/><U14/><E115/><V66/><F7/><W134/><G122/><T15/><D36/><U96/><E128/><V124/><F124/><W53/><G134/><T86/><D126/><U17/><E2/><V132/><F132/><W11/><G74/><T51/><D131/><U39/><E39/><V35/><F37/><W58/><G105/><T12/><D51/><U97/><E106/><V120/><F40/><W114/><G114/><T87/><D86/><N who="1" m="48447" /><E104/><V65/><F25/><W75/><G75/><T4/><AGARI ba="0,0" hai="4,5,12,13,15,44,48,52,54,59,61,83,87,88" machi="4" ten="30,11700,0" yaku="0,1,8,1,54,2" doraHai="135" who="0" fromWho="0" sc="250,117,250,-39,250,-39,250,-39" /><INIT seed="0,1,0,5,3,80" ten="367,211,211,211" oya="0" hai0="71,10,50,7,37,122,47,134,73,20,45,90,101" hai1="84,115,116,43,65,27,48,33,3,127,6,58,4" hai2="85,109,82,135,70,130,133,69,56,91,14,92,22" hai3="106,49,29,17,23,125,86,74,39,99,128,77,104"/><T121/><D73/><U21/><E116/><V2/><F2/><W44/><G39/><T16/><D71/><U126/><E33/><V88/><F109/><W118/><G118/><T75/><D75/><U112/><E3/><V5/><F130/><W51/><G125/><N who="1" m="47626" /><E65/><V76/><F56/><W123/><G123/><T120/><D101/><U18/><E43/><V40/><F40/><W132/><G132/><N who="2" m="50761" /><F91/><W30/><G74/><T42/><D134/><U68/><E68/><V35/><F35/><W81/><G128/><T12/><D90/><U79/><E58/><V36/><F36/><W9/><G9/><T11/><REACH who="0" step="1"/><D7/><REACH who="0" ten="357,211,211,211" step="2"/><N who="1" m="2603" /><E48/><V108/><F5/><W32/><G51/><T95/><D95/><U93/><E93/><V113/><F108/><W117/><G117/><T103/><D103/><U97/><E97/><N who="2" m="57479" /><F113/><N who="1" m="43593" /><E79/><V55/><F69/><W52/><G106/><T98/><D98/><U25/><E84/><V54/><F70/><W46/><G32/><T102/><D102/><U94/><E94/><V131/><F131/><W62/><G104/><T87/><D87/><U67/><E67/><V53/><F85/><W31/><G99/><T57/><D57/><U64/><E64/><V15/><F76/><W129/><G129/><T100/><D100/><U41/><E41/><AGARI ba="1,1" hai="10,11,12,16,20,37,41,42,45,47,50,120,121,122" machi="41" ten="40,12000,1" yaku="1,1,54,1,53,2" doraHai="80" doraHaiUra="38" who="0" fromWho="1" sc="357,133,211,-123,211,0,211,0" /><INIT seed="0,2,0,1,2,54" ten="490,88,211,211" oya="0" hai0="120,127,66,70,46,39,97,21,75,85,72,79,84" hai1="89,34,19,56,35,118,83,88,90,76,103,18,55" hai2="99,9,98,51,13,71,10,11,69,17,45,135,104" hai3="111,121,42,73,0,95,102,43,125,37,107,106,61"/><T36/><D120/><U4/><E118/><V68/><F135/><W52/><G73/><T23/><D97/><U49/><E103/><V96/><REACH who="2" step="1"/><F104/><REACH who="2" ten="490,88,201,211" step="2"/><W1/><G107/><T53/><D127/><U8/><E35/><V81/><F81/><W92/><G121/><T86/><D75/><U40/><E34/><V101/><F101/><W62/><G125/><T124/><D72/><U12/><REACH who="1" step="1"/><E40/><AGARI ba="2,1" hai="9,10,11,13,17,40,45,51,68,69,71,96,98,99" machi="40" ten="50,1600,0" yaku="1,1,53,0" doraHai="54" doraHaiUra="31" who="2" fromWho="1" sc="490,0,88,-22,201,32,211,0" /><INIT seed="1,0,0,1,2,83" ten="490,66,233,211" oya="1" hai0="100,91,121,46,118,130,54,98,88,125,82,12,76" hai1="116,15,105,92,115,62,64,94,9,48,0,14,60" hai2="26,87,21,43,102,7,97,114,2,20,122,90,49" hai3="78,133,132,65,81,53,112,29,67,119,24,77,131"/><U44/><E116/><V113/><F122/><W108/><G119/><T27/><D121/><U42/><E105/><V4/><F2/><W37/><G37/><T75/><D118/><U52/><E115/><N who="2" m="44043" /><F43/><W73/><G112/><T101/><D125/><U56/><E0/><V39/><F49/><W18/><G18/><T71/><D71/><U5/><REACH who="1" step="1"/><E15/><REACH who="1" ten="490,56,233,211" step="2"/><V99/><F26/><W79/><G131/><T40/><D12/><U84/><E84/><V30/><F87/><W135/><G108/><T72/><D27/><U127/><E127/><V69/><F4/><W47/><G73/><T16/><D130/><U61/><E61/><V35/><F7/><W28/><G81/><T134/><D82/><U1/><E1/><V80/><F80/><W74/><G74/><T106/><D75/><U89/><E89/><V51/><F90/><W22/><G29/><T128/><D88/><U41/><E41/><V63/><F63/><W93/><G93/><T70/><D91/><U55/><E55/><V10/><F99/><W95/><G95/><T31/><D98/><U17/><E17/><V58/><F97/><W104/><G104/><T3/><D72/><U45/><E45/><V111/><F111/><W57/><G47/><T11/><D46/><U124/><E124/><V59/><F39/><W126/><G126/><T68/><D106/><U50/><E50/><AGARI ba="0,1" hai="22,24,28,50,53,57,65,67,77,78,79,132,133,135" machi="50" ten="50,1600,0" yaku="20,1" doraHai="83" who="3" fromWho="1" sc="490,0,56,-16,233,0,211,26" /><INIT seed="2,0,0,2,4,29" ten="490,40,233,237" oya="2" hai0="35,25,80,24,130,40,131,42,76,124,103,1,8" hai1="133,81,52,30,49,93,72,59,78,38,11,95,98" hai2="96,87,99,0,23,94,9,90,119,12,132,88,60" hai3="108,65,91,15,127,56,121,28,74,116,112,128,55"/><V106/><F119/><W6/><G74/><T77/><D124/><U102/><E133/><V63/><F132/><W4/><G116/><T79/><D103/><U123/><E123/><V82/><F0/><W71/><G121/><T36/><D80/><U129/><E129/><N who="0" m="49161" /><D36/><U31/><E38/><V14/><F106/><W45/><G128/><T41/><D35/><U10/><E31/><V105/><F105/><W61/><G127/><T34/><D34/><U19/><E30/><V125/><F125/><W86/><G112/><T2/><D8/><U3/><E3/><AGARI ba="0,0" hai="1,2,3,24,25,40,41,42,76,77,79" m="49161" machi="3" ten="40,5200,0" yaku="28,2,19,1" doraHai="29" who="0" fromWho="1" sc="490,52,40,-52,233,0,237,0" owari="542,64.0,-12,-51.0,233,-17.0,237,4.0" /></mjloggm>