<mjloggm ver="2.3"><GO type="97" lobby="0"/><UN n0="%E5%B0%8F%E3%81%95%E3%81%98%E2%99%AA" n1="%E9%8F%A1%E9%9F%B3%E3%83%AA%E3%83%B3" n2="%E9%9B%BB%E5%A4%AA%43" n3="%E3%82%A6%E3%83%AB%E3%83%88%E3%83%A9%E7%AB%8B%E7%9B%B4" dan="14,13,15,13" rate="1902.50,1908.58,1966.34,1852.48" sx="M,F,M,M"/><TAIKYOKU oya="0"/><INIT seed="0,0,0,1,3,42" ten="250,250,250,250" oya="0" hai0="0,35,111,119,25,43,70,23,98,34,103,51,80" hai1="134,86,130,87,107,93,29,54,53,36,97,38,131" hai2="55,31,110,75,85,72,58,135,9,19,113,120,132" hai3="32,71,74,45,14,61,121,105,82,133,101,117,76"/><T109/><D119/><U102/><E134/><N who="2" m="51243" /><F120/><W13/><G133/><T39/><D39/><N who="1" m="14891" /><E29/><V49/><F113/><W129/><G45/><N who="0" m="26047" /><D0/><U92/><E107/><V22/><F110/><N who="0" m="41994" /><D70/><U18/><E18/><V28/><F9/><W59/><G59/><T112/><D80/><U56/><E102/><V47/><F85/><N who="1" m="32265" /><E56/><V89/><F89/><W118/><G82/><T126/><D126/><U15/><E15/><N who="2" m="9599" /><F58/><W8/><G121/><T99/><D112/><U66/><E97/><N who="0" m="36873" /><D103/><U90/><E66/><V96/><F96/><W12/><G101/><T88/><D88/><U44/><E90/><V20/><F20/><W91/><G91/><T30/><AGARI ba="0,0" hai="23,25,30,34,35" m="36873,41994,26047" machi="30" ten="30,6000,0" yaku="14,1,10,1,52,1" doraHai="42" who="0" fromWho="0" sc="250,60,250,-20,250,-20,250,-20" /><INIT seed="0,1,0,2,0,97" ten="310,230,230,230" oya="0" hai0="110,96,34,50,63,1,74,106,60,53,62,102,119" hai1="117,49,66,26,39,6,24,87,38,71,29,94,9" hai2="28,75,127,134,132,5,31,51,85,58,69,32,35" hai3="40,70,20,91,73,19,47,112,92,88,115,120,33"/><T113/><D1/><U59/><E117/><V84/><F75/><W101/><G33/><N who="2" m="12873" /><F69/><W18/><G70/><T22/><D34/><U78/><E71/><V90/><F5/><W41/><G73/><T36/><D36/><U126/><E38/><V77/><F77/><W12/><G120/><T61/><D119/><U2/><E39/><V13/><F13/><N who="3" m="9295" /><G115/><T55/><D113/><U114/><E114/><V103/><F103/><W43/><G47/><T129/><D129/><U118/><E118/><V89/><F51/><W109/><G109/><T111/><D74/><U76/><E78/><V57/><F127/><W86/><G112/><T17/><N who="0" m="15872" /><DORA hai="122" /><T16/><D17/><U14/><E66/><V105/><F105/><W11/><G86/><N who="2" m="33385" /><F31/><W52/><G52/><T83/><D83/><U121/><E126/><V100/><F100/><W25/><G25/><N who="0" m="14535" /><D50/><U80/><E121/><V93/><F93/><W125/><G125/><T21/><D21/><U45/><E94/><V23/><F23/><W8/><G8/><T37/><D37/><U3/><E29/><V64/><F64/><W98/><AGARI ba="1,0" hai="11,12,19,40,41,43,88,91,92,98,101" m="9295" machi="98" ten="30,4000,0" yaku="8,1,52,1,54,1" doraHai="97,122" who="3" fromWho="3" sc="310,-21,230,-11,230,-11,230,43" /><INIT seed="1,0,0,3,2,37" ten="289,219,219,273" oya="1" hai0="49,39,134,105,111,4,41,20,135,43,127,100,79" hai1="110,51,96,23,1,29,40,47,130,60,82,95,89" hai2="98,86,131,120,36,35,115,52,101,24,27,3,31" hai3="73,80,123,87,30,11,58,55,38,8,106,99,116"/><U117/><E117/><V26/><F120/><W121/><G116/><T114/><D114/><U103/><E1/><V57/><F115/><W63/><G73/><T109/><D79/><U9/><E130/><V32/><F131/><W56/><G38/><T10/><D127/><U33/><E33/><V7/><F36/><W2/><G30/><T28/><D39/><U34/><E34/><V15/><F3/><W118/><G118/><T93/><D49/><U124/><E124/><V0/><F0/><W83/><G2/><N who="0" m="279" /><D105/><U97/><E110/><N who="0" m="41993" /><D93/><N who="1" m="58767" /><E9/><V90/><F35/><W68/><G8/><T67/><D67/><U77/><E60/><V113/><F113/><W48/><G11/><T69/><D100/><U84/><E29/><V128/><F15/><W104/><G104/><T17/><D28/><U76/><E23/><V112/><F7/><W132/><G106/><T21/><D69/><U102/><AGARI ba="0,0" hai="40,47,51,76,77,82,84,89,95,97,102" m="58767" machi="102" ten="30,3000,0" yaku="8,1,52,1" doraHai="37" who="1" fromWho="1" sc="289,-10,219,30,219,-10,273,-10" /><INIT seed="1,1,0,2,0,44" ten="279,249,209,263" oya="1" hai0="30,50,56,82,88,121,108,51,70,133,20,104,39" hai1="84,114,100,116,41,22,11,60,16,8,46,113,131" hai2="7,93,90,98,69,66,119,19,89,99,64,125,35" hai3="123,57,40,76,21,54,110,111,28,78,91,2,12"/><U79/><E116/><V49/><F125/><W124/><G2/><T38/><D104/><U95/><E131/><V105/><F119/><W117/><G117/><T5/><D121/><U128/><E128/><V25/><F7/><W17/><G123/><T67/><D70/><U118/><E118/><V107/><F49/><N who="3" m="30927" /><G28/><T23/><D108/><N who="3" m="41513" /><G124/><T32/><D32/><U132/><E132/><V43/><F43/><W86/><G40/><T48/><D133/><U87/><E114/><V33/><F69/><W109/><N who="3" m="41521" /><W34/><DORA hai="80" /><G34/><T120/><D120/><U135/><E135/><V129/><F129/><W15/><G15/><T13/><D39/><U75/><E75/><V115/><F115/><W126/><G126/><T127/><D38/><U18/><E79/><V81/><F19/><N who="1" m="7209" /><E22/><N who="0" m="8233" /><D127/><U61/><E113/><V122/><F122/><W92/><AGARI ba="1,0" hai="12,17,21,76,78,86,91,92" m="41521,30927" machi="92" ten="40,8000,1" yaku="25,1,14,1,52,2" doraHai="44,80" who="3" fromWho="3" sc="279,-21,249,-41,209,-21,263,83" /><INIT seed="2,0,0,5,0,55" ten="258,208,188,346" oya="2" hai0="15,12,58,4,98,23,56,61,39,1,67,97,70" hai1="50,9,132,19,52,10,36,18,17,6,92,22,21" hai2="47,25,46,11,38,24,119,102,30,43,101,37,35" hai3="13,74,16,85,103,66,8,90,87,2,123,135,26"/><V115/><F119/><W129/><G74/><T63/><D39/><U72/><E36/><V48/><F115/><W125/><G123/><T71/><D1/><U111/><E72/><V41/><F48/><W131/><G2/><T27/><D71/><U127/><E132/><V94/><F11/><W81/><G135/><T51/><D51/><U53/><E111/><V33/><REACH who="2" step="1"/><F94/><REACH who="2" ten="258,208,178,346" step="2"/><N who="3" m="54607" /><G131/><T109/><D109/><U62/><E9/><V31/><AGARI ba="0,1" hai="24,25,30,31,33,35,37,38,41,43,46,47,101,102" machi="31" ten="30,12000,1" yaku="1,1,0,1,32,3,53,0" doraHai="55" doraHaiUra="57" who="2" fromWho="2" sc="258,-40,208,-40,178,130,346,-40" /><INIT seed="2,1,0,1,4,42" ten="218,168,308,306" oya="2" hai0="36,108,68,129,1,79,114,44,121,3,8,66,109" hai1="128,10,19,2,24,92,125,20,15,56,133,91,85" hai2="120,101,7,45,47,63,32,11,122,33,113,135,21" hai3="124,64,123,80,103,131,28,50,94,46,34,16,81"/><V99/><F113/><W118/><G118/><T72/><D121/><U29/><E133/><V83/><F135/><W107/><G123/><T89/><D89/><U39/><E128/><V115/><F115/><W54/><G107/><T105/><D114/><U69/><E69/><V43/><F83/><N who="3" m="31819" /><G34/><T106/><D129/><U58/><E125/><V93/><F21/><W41/><G124/><T25/><D25/><U100/><E39/><V60/><F43/><W26/><G28/><T116/><D116/><U78/><E2/><N who="0" m="521" /><D8/><U132/><E132/><V52/><F11/><W4/><G4/><T76/><D76/><U5/><E78/><V95/><F7/><W65/><G54/><T71/><D66/><U98/><REACH who="1" step="1"/><E5/><REACH who="1" ten="218,158,308,306" step="2"/><V77/><F77/><W38/><G38/><T30/><D36/><U67/><E67/><V37/><F37/><W53/><G131/><T27/><D79/><U86/><E86/><V17/><F120/><W23/><G41/><T48/><D72/><U14/><E14/><V61/><F122/><W57/><G65/><T12/><D12/><U6/><E6/><V134/><F134/><W51/><G64/><T49/><D27/><U112/><E112/><V96/><F99/><W84/><G84/><T35/><D71/><U13/><E13/><V74/><F96/><W75/><G75/><T62/><D68/><U104/><AGARI ba="1,1" hai="10,15,19,20,24,29,56,58,85,91,92,98,100,104" machi="104" ten="20,5200,0" yaku="1,1,0,1,7,1,53,1" doraHai="42" doraHaiUra="102" who="1" fromWho="1" sc="218,-14,158,65,308,-27,306,-14" /><INIT seed="3,0,0,3,0,65" ten="204,223,281,292" oya="3" hai0="118,30,112,32,7,66,12,116,111,5,39,35,87" hai1="24,50,38,54,57,106,92,11,77,47,18,115,53" hai2="70,3,103,122,36,78,120,67,102,19,42,79,114" hai3="80,95,55,23,94,81,121,45,113,107,59,69,0"/><W14/><G69/><T1/><D39/><U27/><E106/><V17/><F3/><W46/><G0/><T83/><D66/><U131/><E115/><V125/><F114/><W20/><G107/><T117/><D112/><U93/><E131/><V101/><F125/><W133/><G133/><T127/><D127/><U9/><E77/><N who="2" m="29195" /><F42/><W98/><G121/><N who="2" m="46697" /><F36/><W75/><G75/><T16/><D87/><U15/><E9/><V64/><F64/><W71/><G71/><T56/><D56/><U8/><E8/><V76/><F76/><W34/><G34/><N who="0" m="12843" /><D83/><N who="3" m="31817" /><G113/><T49/><D49/><U108/><E108/><V130/><F130/><W68/><G68/><T89/><D89/><U135/><E135/><V43/><F43/><W52/><G95/><N who="1" m="36426" /><E38/><V134/><F134/><W28/><G55/><T41/><D41/><U44/><E44/><N who="3" m="17002" /><G52/><T40/><D40/><U88/><E88/><V26/><F26/><N who="3" m="16455" /><G59/><T51/><D51/><AGARI ba="0,0" hai="11,15,18,24,27,47,50,51,53,54,57" m="36426" machi="51" ten="30,1000,0" yaku="8,1" doraHai="65" who="1" fromWho="0" sc="204,-10,223,10,281,0,292,0" /><INIT seed="4,0,0,1,4,36" ten="194,233,281,292" oya="0" hai0="24,15,95,91,77,132,65,20,23,66,14,60,51" hai1="17,57,59,29,124,38,47,52,22,75,98,121,135" hai2="49,119,101,99,0,30,87,125,58,110,104,122,7" hai3="61,127,34,102,1,43,32,45,69,19,41,100,134"/><T115/><D132/><U96/><E135/><V35/><F122/><W54/><G1/><T133/><D133/><U92/><E121/><V73/><F110/><W13/><G134/><T8/><D77/><U6/><E29/><V85/><F73/><W90/><G34/><T109/><D109/><U71/><E6/><V50/><F125/><W86/><G32/><T94/><D115/><U4/><E4/><V16/><F119/><W18/><G127/><T44/><D60/><U97/><E71/><V70/><F70/><W112/><G112/><T2/><D2/><U63/><E75/><V113/><F113/><W106/><G106/><T39/><D39/><U28/><E28/><V11/><F16/><N who="3" m="6187" /><G13/><N who="0" m="4619" /><D8/><U37/><E124/><V40/><F50/><N who="3" m="29007" /><G61/><T12/><N who="0" m="4627" /><T105/><DORA hai="64" /><D105/><U74/><E74/><V55/><REACH who="2" step="1"/><F40/><REACH who="2" ten="194,233,271,292" step="2"/><N who="3" m="15435" /><G69/><T82/><D24/><AGARI ba="0,1" hai="0,7,11,24,30,35,49,55,58,85,87,99,101,104" machi="24" ten="40,2600,0" yaku="1,1,53,1" doraHai="36,64" doraHaiUra="93,67" who="2" fromWho="0" sc="194,-26,233,0,271,36,292,0" owari="168,-33.0,233,-17.0,307,41.0,292,9.0" /></mjloggm>