<mjloggm ver="2.3"><GO type="97" lobby="0"/><UN n0="%E3%81%98%E3%82%85%E3%81%86%E3%81%AA%E3%81%AA%E3%81%95%E3%81%84" n1="%E3%82%A6%E3%83%AB%E3%83%88%E3%83%A9%E7%AB%8B%E7%9B%B4" n2="%E3%82%A2%E3%83%B3%E3%83%88%E3%83%97%E3%83%AC%E3%83%88%E3%80%82" n3="%E5%AF%BA%E3%81%AE%E4%BA%95%E6%88%B8" dan="15,14,13,13" rate="2050.02,1971.22,1839.53,1872.52" sx="M,M,M,M"/><TAIKYOKU oya="0"/><INIT seed="0,0,0,3,3,26" ten="250,250,250,250" oya="0" hai0="29,51,75,122,25,67,85,42,0,81,17,92,46" hai1="8,7,20,57,135,90,106,108,78,34,132,40,10" hai2="70,12,80,91,89,58,118,96,68,125,37,66,13" hai3="97,38,79,18,71,19,99,41,104,72,133,134,112"/><T74/><D122/><U62/><E106/><V35/><F118/><W102/><G112/><T27/><D0/><U60/><E34/><V14/><F37/><W114/><G114/><T43/><D67/><U52/><E108/><V48/><F125/><W6/><G71/><T32/><D43/><U129/><E129/><V30/><F80/><N who="3" m="45159" /><G6/><T69/><D69/><U93/><E78/><V24/><F96/><W107/><G41/><T73/><D92/><U86/><E40/><V61/><F70/><W130/><G38/><T84/><REACH who="0" step="1"/><D81/><REACH who="0" ten="240,250,250,250" step="2"/><U53/><E135/><N who="3" m="51722" /><G130/><T94/><D94/><U1/><E132/><V54/><AGARI ba="0,1" hai="12,13,14,24,30,35,48,54,58,61,66,68,89,91" machi="54" ten="30,2000,0" yaku="0,1,52,1" doraHai="26" who="2" fromWho="2" sc="240,-10,250,-5,250,30,250,-5" /><INIT seed="1,0,0,1,4,93" ten="230,245,280,245" oya="1" hai0="117,90,41,62,67,68,18,7,111,60,78,116,125" hai1="57,33,106,1,35,91,42,97,56,118,15,102,26" hai2="114,95,69,100,37,113,103,108,25,130,23,54,46" hai3="81,20,49,27,14,19,83,63,52,58,28,84,6"/><U22/><E1/><V5/><F69/><W109/><G109/><T12/><D111/><U126/><E118/><V0/><F108/><W55/><G6/><T73/><D125/><U74/><E74/><V134/><F130/><W89/><G81/><T85/><D41/><U110/><E110/><V132/><F5/><W70/><G70/><T121/><D121/><U48/><E126/><V131/><F0/><W115/><G115/><N who="2" m="44041" /><F131/><W39/><G39/><T51/><D7/><U128/><E128/><V53/><F37/><W44/><REACH who="3" step="1"/><G14/><REACH who="3" ten="230,245,280,235" step="2"/><T76/><D117/><U61/><E15/><V16/><F46/><W40/><G40/><T119/><D116/><U71/><E71/><V34/><F134/><W92/><G92/><T122/><D119/><U133/><E133/><V129/><F129/><W38/><G38/><T64/><D122/><U47/><E57/><V94/><F132/><W120/><G120/><T17/><D12/><U72/><E72/><V87/><F95/><W50/><G50/><T123/><D51/><U11/><E48/><V82/><F94/><W21/><G21/><T104/><D123/><U59/><E47/><V3/><F34/><W32/><G32/><T66/><D73/><U105/><E42/><V101/><F3/><W77/><G77/><AGARI ba="0,1" hai="16,23,25,53,54,77,82,87,100,101,103" m="44041" machi="77" ten="30,2000,0" yaku="11,1,54,1" doraHai="93" who="2" fromWho="3" sc="230,0,245,0,280,30,235,-20" /><INIT seed="2,0,0,3,1,115" ten="230,245,310,215" oya="2" hai0="78,106,0,36,81,42,37,102,52,94,124,132,95" hai1="18,119,72,9,35,49,23,1,3,89,69,129,74" hai2="65,113,41,87,123,25,134,105,19,120,121,61,77" hai3="10,63,54,66,59,103,125,88,60,64,116,28,79"/><V21/><F113/><W11/><G116/><T2/><D124/><U48/><E69/><V47/><F105/><W135/><G125/><T12/><D132/><U90/><E23/><V15/><F134/><W24/><G135/><T13/><D106/><U93/><E93/><V26/><F77/><W31/><G79/><T70/><D70/><U96/><E9/><V83/><F83/><W43/><G43/><T82/><D78/><U62/><E18/><V55/><F87/><W7/><G103/><T45/><D42/><U97/><E62/><V80/><F55/><W39/><G39/><T128/><D45/><U8/><E8/><N who="3" m="3114" /><G7/><T30/><D30/><N who="3" m="11305" /><G24/><T107/><D107/><U122/><E35/><V75/><F80/><W51/><G88/><T84/><D84/><U108/><E122/><V27/><F75/><W46/><G63/><T6/><D6/><U76/><E76/><V114/><F114/><W109/><G109/><T111/><D111/><U34/><E34/><V91/><F91/><W53/><AGARI ba="0,0" hai="46,51,53,54,59,60,64,66" m="11305,3114" machi="53" ten="30,1100,0" yaku="8,1" doraHai="115" who="3" fromWho="3" sc="230,-3,245,-3,310,-5,215,11" /><INIT seed="3,0,0,3,0,122" ten="227,242,305,226" oya="3" hai0="88,26,86,50,101,9,126,98,49,77,120,82,19" hai1="21,16,134,78,90,65,96,7,133,42,43,94,81" hai2="20,56,1,71,131,44,74,40,62,3,35,47,23" hai3="92,102,99,118,22,11,117,54,70,30,124,36,113"/><W106/><G113/><T135/><D120/><U114/><E114/><V55/><F35/><W4/><G124/><T132/><D126/><U68/><E65/><V72/><F131/><W84/><G36/><T89/><D50/><U108/><E68/><V31/><F47/><W48/><G70/><T130/><D130/><U17/><E7/><V67/><F31/><W60/><G60/><T69/><D69/><U28/><E28/><V33/><F33/><W115/><G115/><T29/><D49/><U116/><E116/><V38/><F74/><W125/><G125/><T76/><D9/><U27/><E17/><V79/><F23/><W34/><G34/><T80/><D19/><U73/><REACH who="1" step="1"/><E108/><REACH who="1" ten="227,232,305,226" step="2"/><V15/><F71/><W110/><G110/><T128/><D128/><U53/><E53/><V87/><F67/><W66/><G66/><T121/><D121/><U85/><E85/><V129/><F87/><W39/><G30/><T123/><D123/><U127/><E127/><V75/><F129/><W24/><G118/><T52/><D52/><U95/><E95/><V41/><F72/><W59/><G117/><T14/><D29/><U18/><E18/><N who="2" m="10335" /><F41/><AGARI ba="0,1" hai="16,21,27,41,42,43,73,78,81,90,94,96,133,134" machi="41" ten="40,2600,0" yaku="1,1,54,1,53,0" doraHai="122" doraHaiUra="57" who="1" fromWho="2" sc="227,0,232,36,305,-26,226,0" /><INIT seed="4,0,0,2,1,18" ten="227,268,279,226" oya="0" hai0="111,40,55,6,8,58,11,37,24,134,80,22,45" hai1="23,89,26,32,94,82,105,129,91,2,50,95,21" hai2="84,86,90,0,5,71,68,121,77,64,62,66,116" hai3="73,35,52,17,135,132,16,10,74,4,76,63,103"/><T93/><D111/><U34/><E2/><V81/><F121/><W27/><G103/><T131/><D131/><U87/><E105/><V14/><F116/><W53/><G35/><T28/><D134/><N who="3" m="51241" /><G17/><T124/><D124/><U113/><E129/><V41/><F0/><N who="3" m="263" /><G76/><T126/><D126/><U65/><E113/><V75/><F41/><W97/><G97/><T9/><D80/><U122/><E122/><V3/><F3/><W119/><G119/><T39/><D39/><U110/><E110/><V128/><F128/><W54/><G63/><T78/><D78/><U69/><E34/><V104/><F104/><W106/><G106/><T101/><D101/><U107/><E107/><V70/><F75/><W31/><G31/><T1/><REACH who="0" step="1"/><D93/><REACH who="0" ten="217,268,279,226" step="2"/><U19/><E95/><V48/><F77/><W67/><G67/><T15/><D15/><U79/><E94/><V118/><F118/><W133/><G133/><T36/><D36/><U38/><E38/><V98/><F66/><W47/><G47/><T51/><AGARI ba="0,1" hai="1,6,8,9,11,22,24,28,37,40,45,51,55,58" machi="51" ten="20,7800,0" yaku="1,1,0,1,7,1,52,1,53,0" doraHai="18" doraHaiUra="96" who="0" fromWho="0" sc="217,88,268,-26,279,-26,226,-26" owari="305,41.0,242,-16.0,253,5.0,200,-30.0" /></mjloggm>