<mjloggm ver="2.3"><GO type="97" lobby="0"/><UN n0="%66%69%63%6B%6C%65" n1="%E3%83%94%E3%82%A8%E3%83%AD%E3%81%AE%E3%81%A7%E3%81%97%EF%BC%96%EF%BC%96" n2="%E3%81%99%E3%81%B0%E3%82%8B%38%E5%8F%B7" n3="%E3%82%A6%E3%83%AB%E3%83%88%E3%83%A9%E7%AB%8B%E7%9B%B4" dan="15,14,14,15" rate="1963.30,1952.18,1935.78,2017.62" sx="M,M,M,M"/><TAIKYOKU oya="0"/><INIT seed="0,0,0,3,0,7" ten="250,250,250,250" oya="0" hai0="25,1,23,44,105,47,64,28,115,124,55,34,38" hai1="129,98,125,117,10,17,131,96,19,83,135,15,9" hai2="35,103,132,75,68,2,86,3,48,36,81,118,5" hai3="62,92,12,107,95,67,84,22,29,14,69,30,73"/><T76/><D115/><U66/><E117/><V110/><F68/><W90/><G73/><T59/><D105/><U40/><E135/><V130/><F36/><W16/><G107/><T0/><D124/><U63/><E125/><V11/><F35/><W102/><G102/><T20/><D64/><U82/><E40/><V91/><F118/><W18/><REACH who="3" step="1"/><G95/><REACH who="3" ten="250,250,250,240" step="2"/><T119/><D119/><U8/><E129/><V111/><F103/><W127/><G127/><T70/><D38/><U50/><E131/><V121/><F75/><W87/><G87/><T89/><D76/><U43/><E96/><V128/><F132/><W27/><G27/><T42/><D25/><U46/><E98/><V80/><F130/><W106/><G106/><T126/><D126/><U57/><REACH who="1" step="1"/><E19/><REACH who="1" ten="250,240,250,240" step="2"/><V72/><F128/><W100/><G100/><T45/><D28/><U113/><E113/><V56/><F111/><W13/><G13/><T31/><D31/><U24/><E24/><V39/><F110/><W51/><G51/><T112/><D112/><U93/><E93/><V122/><F39/><W99/><G99/><T71/><D0/><U133/><E133/><V61/><F2/><W32/><G32/><T114/><D34/><U53/><E53/><N who="2" m="33935" /><F48/><W88/><G88/><T54/><D1/><U79/><E79/><N who="2" m="44135" /><F91/><W21/><AGARI ba="0,2" hai="12,14,16,18,21,22,29,30,62,67,69,84,90,92" machi="21" ten="20,8000,1" yaku="1,1,0,1,7,1,9,1,54,1,53,0" doraHai="7" doraHaiUra="97" who="3" fromWho="3" sc="250,-40,240,-20,250,-20,240,100" /><INIT seed="1,0,0,5,2,22" ten="210,220,230,340" oya="1" hai0="55,72,110,20,96,97,70,28,64,98,17,58,31" hai1="9,108,134,39,43,38,67,132,57,6,130,5,76" hai2="89,0,88,46,123,32,21,117,50,133,105,59,71" hai3="77,93,8,62,19,127,131,27,1,124,113,125,116"/><U92/><E130/><V95/><F0/><W60/><G113/><T2/><D2/><U111/><E76/><V112/><F32/><W121/><G121/><T41/><D72/><U100/><E43/><V94/><F71/><W81/><G116/><T129/><D129/><U107/><E92/><V102/><F123/><W109/><G131/><T80/><D41/><U78/><E78/><V85/><F117/><W69/><G69/><T35/><D110/><N who="1" m="42027" /><E57/><V82/><F105/><W30/><G93/><T37/><D37/><N who="1" m="13835" /><E67/><V122/><F122/><W16/><G109/><T120/><D58/><U45/><E45/><V104/><F104/><W91/><G91/><T7/><D64/><U12/><E6/><V79/><F112/><W18/><G81/><T65/><D80/><U24/><E24/><V26/><F59/><W66/><G77/><T83/><D7/><U56/><E56/><V52/><F102/><W42/><G42/><T47/><D83/><U4/><E4/><V114/><F114/><W115/><G115/><T13/><D120/><U99/><AGARI ba="0,0" hai="5,9,12,99,100,107,132,134" m="13835,42027" machi="99" ten="40,3900,0" yaku="14,1,10,1" doraHai="22" who="1" fromWho="1" sc="210,-13,220,39,230,-13,340,-13" /><INIT seed="1,1,0,4,5,69" ten="197,259,217,327" oya="1" hai0="96,20,90,35,42,123,0,12,103,80,119,122,64" hai1="57,53,117,45,1,109,27,125,15,2,107,59,6" hai2="62,56,29,18,9,115,25,99,19,95,13,132,50" hai3="101,37,33,79,94,131,92,83,11,128,39,100,88"/><U78/><E117/><V22/><F115/><W52/><G33/><T86/><D0/><U77/><E107/><V113/><F132/><W7/><G52/><T81/><D35/><U32/><E45/><V73/><F73/><W24/><G24/><T41/><D119/><U110/><E125/><V51/><F113/><W68/><G68/><T130/><D64/><U118/><E118/><V54/><REACH who="2" step="1"/><F29/><REACH who="2" ten="197,259,207,327" step="2"/><W112/><G112/><T3/><D123/><U34/><E109/><V85/><F85/><W55/><G131/><T91/><D122/><U134/><E110/><V87/><F87/><W21/><G128/><T10/><D86/><U126/><E134/><V114/><F114/><W28/><G28/><T60/><D130/><U133/><E133/><V63/><F63/><W93/><G100/><AGARI ba="1,1" hai="9,13,18,19,22,25,50,51,54,56,62,95,99,100" machi="100" ten="30,7700,0" yaku="1,1,7,1,8,1,53,1" doraHai="69" doraHaiUra="17" who="2" fromWho="3" sc="197,0,259,0,207,90,327,-80" /><INIT seed="2,0,0,4,2,9" ten="197,259,297,247" oya="2" hai0="126,86,96,67,31,75,18,111,64,120,110,112,105" hai1="119,132,98,135,23,44,16,10,14,101,20,37,43" hai2="55,0,59,76,22,87,71,108,46,129,104,106,65" hai3="30,81,38,25,72,42,39,113,53,5,133,130,6"/><V56/><F0/><W82/><G42/><T122/><D75/><U74/><E74/><V107/><F71/><W33/><G72/><T17/><D31/><U70/><E70/><V40/><F65/><N who="0" m="25162" /><D86/><U50/><E37/><V11/><F11/><W13/><G113/><T48/><D48/><U123/><E119/><V114/><F114/><W84/><G82/><T26/><D112/><U3/><E123/><N who="0" m="47145" /><D26/><U118/><E118/><V83/><F129/><W79/><G130/><T102/><D126/><U21/><REACH who="1" step="1"/><E3/><REACH who="1" ten="197,249,297,247" step="2"/><V115/><F115/><W29/><G39/><T124/><D124/><U8/><E8/><V34/><F108/><AGARI ba="0,1" hai="17,18,96,102,105,108,110,111" m="47145,25162" machi="108" ten="30,1000,0" yaku="14,1" doraHai="9" who="0" fromWho="2" sc="197,20,249,0,297,-10,247,0" /><INIT seed="3,0,0,4,2,1" ten="217,249,287,247" oya="3" hai0="44,95,21,97,70,90,54,12,4,30,86,113,122" hai1="9,5,11,17,67,100,75,45,13,32,39,10,132" hai2="6,102,127,38,130,22,18,103,74,14,115,105,120" hai3="89,76,7,65,91,63,52,16,8,135,23,15,104"/><W99/><G135/><T29/><D70/><U0/><E132/><V25/><F115/><W98/><G76/><T84/><D122/><U77/><E100/><V49/><F105/><W116/><G116/><T106/><D113/><U107/><E107/><V78/><F38/><W55/><G104/><T27/><D30/><U81/><E32/><V88/><F74/><W80/><G80/><T108/><D108/><U24/><E67/><V2/><F78/><W85/><G85/><T134/><D134/><U94/><E94/><V125/><F120/><W87/><G87/><T133/><D133/><U121/><E24/><V26/><F88/><N who="3" m="33867" /><G65/><T48/><REACH who="0" step="1"/><D106/><REACH who="0" ten="207,249,287,247" step="2"/><U101/><E121/><V35/><F127/><W126/><G126/><T117/><D117/><U129/><E129/><V109/><F125/><W124/><G124/><T112/><D112/><U83/><E81/><V64/><F130/><W42/><G42/><T57/><D57/><U114/><E114/><V20/><F109/><W118/><G118/><T28/><D28/><U119/><E119/><V71/><F71/><W59/><G55/><T37/><D37/><U79/><E39/><V41/><F64/><W73/><G73/><T43/><D43/><U66/><E66/><V72/><F72/><W56/><G56/><T93/><D93/><U60/><E83/><V69/><F69/><W123/><G123/><T68/><D68/><U46/><E75/><V111/><F111/><W3/><G52/><T128/><D128/><U58/><E58/><V110/><F110/><W96/><G59/><T61/><D61/><U36/><E60/><RYUUKYOKU ba="0,1" sc="207,15,249,-15,287,-15,247,15" hai0="4,12,21,27,29,44,48,54,84,86,90,95,97" hai3="3,7,8,15,16,23,63,96,98,99" /><INIT seed="3,1,1,2,3,103" ten="222,234,272,262" oya="3" hai0="71,4,109,43,30,98,73,12,1,110,126,117,128" hai1="94,6,93,68,102,108,32,65,88,84,59,69,76" hai2="51,57,95,64,67,60,46,130,16,23,107,79,114" hai3="35,5,119,29,127,55,106,111,18,31,0,50,99"/><W113/><G113/><T52/><D117/><U11/><E32/><V100/><F114/><W101/><G119/><T41/><D71/><U89/><E108/><N who="0" m="41577" /><D126/><U8/><E76/><V26/><F107/><W48/><G35/><T86/><D73/><U115/><E102/><V45/><F79/><W118/><G118/><T135/><D135/><U21/><E21/><V19/><F130/><W63/><G111/><T10/><D128/><U2/><E115/><V25/><F67/><W24/><G127/><T13/><D30/><U123/><E11/><V44/><F51/><W74/><G74/><T17/><D86/><U81/><E123/><V112/><F112/><W33/><G31/><T125/><D125/><U131/><E131/><V20/><F46/><W96/><G5/><T54/><D98/><AGARI ba="1,1" hai="16,19,20,23,25,26,44,45,57,60,64,95,98,100" machi="98" ten="40,5200,0" yaku="9,1,8,1,54,1" doraHai="103" who="2" fromWho="0" sc="222,-55,234,0,272,65,262,0" owari="167,-33.0,234,-17.0,337,44.0,262,6.0" /></mjloggm>