<mjloggm ver="2.3"><GO type="105" lobby="0"/><UN n0="%E5%B0%B1%E6%B4%BB%E7%94%9F%40%E5%B7%9D%E6%9D%91%E8%BB%8D%E5%9B%A3" n1="%70%75%74%61" n2="%6D%75%72%61%79%6F%73%69" n3="%62%72%7A" dan="15,14,14,13" rate="1998.93,1924.95,1856.95,1967.45" sx="M,M,M,F"/><TAIKYOKU oya="0"/><INIT seed="0,0,0,5,3,115" ten="250,250,250,250" oya="0" hai0="5,40,92,26,87,120,49,1,108,131,107,126,13" hai1="36,22,48,54,18,114,46,27,82,124,84,3,4" hai2="123,10,118,39,134,132,121,63,71,99,57,66,31" hai3="97,37,112,93,117,100,83,127,65,106,101,69,75"/><T30/><D107/><U61/><E124/><V89/><F31/><W72/><G37/><T45/><D120/><U34/><E34/><V129/><F10/><W21/><G65/><T24/><D126/><U7/><E114/><V0/><F0/><W81/><G21/><T50/><D131/><U33/><E33/><V29/><F29/><W102/><G69/><T20/><D108/><U28/><E36/><V52/><F89/><N who="3" m="55471" /><G112/><T130/><D130/><U15/><E61/><N who="2" m="36007" /><F99/><N who="3" m="61727" /><G117/><T98/><D1/><U6/><E3/><V51/><F129/><W119/><G119/><T74/><D74/><N who="3" m="28201" /><G127/><T25/><D87/><U62/><E62/><V76/><F118/><W9/><G9/><N who="0" m="4271" /><D49/><U14/><REACH who="1" step="1"/><E28/><REACH who="1" ten="250,240,250,250" step="2"/><V90/><F39/><W32/><G32/><T47/><D30/><U125/><E125/><V113/><F113/><W55/><G55/><T56/><D20/><U109/><E109/><V111/><F123/><W80/><AGARI ba="0,1" hai="80,81,83,101,102" m="28201,61727,55471" machi="80" ten="30,8000,1" yaku="35,5" doraHai="115" who="3" fromWho="3" sc="250,-40,240,-20,250,-20,250,90" /><INIT seed="1,0,0,0,2,64" ten="210,220,230,340" oya="1" hai0="42,131,75,90,119,8,3,97,83,53,62,108,77" hai1="35,1,81,127,74,135,51,13,111,118,107,72,44" hai2="14,100,69,82,24,18,84,43,25,80,17,19,11" hai3="33,55,37,112,96,109,129,61,52,4,130,46,59"/><U49/><E118/><V103/><F69/><W94/><G33/><T76/><D119/><U47/><E1/><V79/><F43/><W132/><G4/><T40/><D131/><N who="3" m="50185" /><G112/><T123/><D123/><U2/><E2/><V32/><F82/><W126/><G126/><T71/><D108/><U125/><E107/><V92/><F32/><W93/><G109/><T38/><D77/><U86/><E35/><V113/><F113/><W41/><G132/><T28/><D28/><U27/><E111/><V22/><F92/><N who="3" m="35435" /><G96/><T31/><D31/><U95/><E135/><V39/><F39/><W134/><G134/><T105/><D90/><U85/><E27/><V7/><REACH who="2" step="1"/><F25/><REACH who="2" ten="210,220,220,340" step="2"/><W91/><G91/><T68/><D40/><N who="1" m="24711" /><E95/><V21/><F21/><W115/><G115/><T10/><D38/><U54/><E74/><V128/><F128/><W78/><G78/><T0/><D42/><U30/><E72/><V70/><F70/><W87/><G87/><T133/><D133/><U102/><E86/><V58/><F58/><W117/><G117/><T120/><D120/><U29/><E85/><V50/><F50/><N who="3" m="28759" /><G41/><T36/><D36/><AGARI ba="0,1" hai="36,37,55,59,61" m="28759,35435,50185" machi="36" ten="30,2000,0" yaku="19,1,54,1" doraHai="64" who="3" fromWho="0" sc="210,-20,220,0,220,0,340,30" /><INIT seed="2,0,0,4,5,120" ten="190,220,220,370" oya="2" hai0="52,112,68,126,117,70,56,17,85,30,103,16,89" hai1="24,90,43,107,50,74,109,65,54,28,96,58,98" hai2="9,64,110,92,38,116,19,10,72,113,42,111,102" hai3="4,86,105,35,1,79,71,0,37,91,115,41,2"/><V106/><F72/><W22/><G105/><T32/><D112/><U122/><E74/><V129/><F106/><W39/><G35/><T53/><D117/><U47/><E122/><V45/><F116/><W69/><G79/><T118/><D118/><U63/><E107/><V40/><F113/><W80/><G4/><T51/><D126/><U84/><E109/><N who="2" m="41483" /><F64/><W59/><G115/><T104/><D70/><U119/><E119/><V66/><F66/><W12/><G59/><T78/><D68/><U31/><E65/><V33/><F33/><W124/><G124/><T77/><D104/><U125/><E125/><V130/><F40/><W75/><G41/><T7/><D103/><U134/><E134/><V29/><F29/><N who="1" m="11337" /><E24/><V87/><F102/><W44/><G71/><T93/><D7/><U73/><E73/><V131/><F19/><N who="0" m="7242" /><D30/><U128/><E128/><V67/><F67/><W61/><G75/><T48/><D32/><U83/><AGARI ba="0,0" hai="43,47,50,54,58,63,83,84,90,96,98" m="11337" machi="83" ten="30,1100,0" yaku="8,1" doraHai="120" who="1" fromWho="1" sc="190,-3,220,11,220,-5,370,-3" /><INIT seed="3,0,0,2,5,44" ten="187,231,215,367" oya="3" hai0="30,56,94,72,66,4,0,51,80,48,35,24,2" hai1="37,121,40,132,93,78,41,85,135,71,18,124,134" hai2="98,61,60,34,88,130,43,36,95,102,64,100,23" hai3="6,127,87,122,84,119,10,47,89,55,31,117,86"/><W75/><G75/><T1/><D4/><U116/><E121/><V81/><F34/><W25/><G122/><T9/><D9/><U45/><E71/><V14/><F130/><W101/><G101/><T33/><D33/><U63/><E78/><V62/><F64/><W114/><G114/><T32/><D32/><U27/><E27/><V131/><F131/><W22/><G127/><T107/><D107/><U53/><E116/><V69/><F69/><W11/><G11/><T52/><D66/><U111/><E18/><V96/><F36/><W97/><G97/><T42/><D94/><U21/><E21/><V58/><F43/><N who="1" m="16457" /><E93/><V113/><F113/><W15/><G119/><T91/><D42/><N who="1" m="22735" /><E85/><V123/><F123/><W112/><G112/><T83/><D72/><U38/><E38/><V50/><F81/><N who="3" m="49295" /><G117/><T26/><D26/><U129/><E129/><V108/><F108/><W54/><G87/><T67/><D67/><U128/><E128/><V76/><F76/><W16/><G86/><T120/><D120/><U126/><E111/><V46/><F96/><W92/><G92/><T110/><D110/><U3/><E3/><V115/><F115/><W59/><G31/><T19/><D91/><U28/><E28/><V133/><F102/><W106/><G106/><T103/><D103/><U79/><E79/><V77/><F77/><W5/><G15/><T125/><D125/><U29/><E29/><V7/><F100/><W104/><G104/><T12/><REACH who="0" step="1"/><D51/><REACH who="0" ten="177,231,215,367" step="2"/><U49/><E49/><V70/><F95/><W90/><G90/><T118/><D118/><U39/><E39/><RYUUKYOKU ba="0,1" sc="177,15,231,15,215,-15,367,-15" hai0="0,1,2,12,19,24,30,35,48,52,56,80,83" hai1="53,63,124,126,132,134,135" /><INIT seed="4,1,1,0,0,5" ten="192,246,200,352" oya="0" hai0="90,46,26,10,72,103,55,27,99,105,15,57,4" hai1="45,122,63,108,132,134,70,128,33,50,86,38,30" hai2="18,80,2,62,114,115,109,60,124,125,56,8,66" hai3="0,96,22,133,41,74,83,120,73,130,65,9,100"/><T17/><D72/><U98/><E122/><V95/><F109/><W104/><G120/><T48/><D90/><U13/><E108/><V93/><F80/><W21/><G65/><T88/><D4/><U135/><E38/><V76/><F76/><W1/><G74/><T19/><D19/><U59/><E70/><V71/><F2/><W106/><G104/><T53/><REACH who="0" step="1"/><D88/><REACH who="0" ten="182,246,200,352" step="2"/><U111/><E111/><V118/><F115/><W49/><G73/><T123/><D123/><U23/><E33/><V42/><F114/><W29/><G83/><T37/><D37/><U31/><E98/><V127/><F118/><W126/><G96/><T6/><D6/><U39/><E39/><V32/><F32/><W119/><G119/><T14/><D14/><U61/><E86/><V67/><F127/><W82/><G1/><T34/><D34/><U81/><E81/><V87/><F125/><W97/><G126/><T44/><D44/><U94/><E94/><V75/><F124/><W25/><G82/><T116/><D116/><U64/><E13/><N who="2" m="7463" /><F75/><W69/><G0/><T101/><D101/><U28/><E128/><V12/><F12/><W16/><G130/><T121/><D121/><U78/><E78/><V43/><F93/><W58/><G100/><T117/><D117/><U110/><E110/><V51/><F95/><W7/><G97/><T79/><D79/><U52/><REACH who="1" step="1"/><E61/><AGARI ba="1,2" hai="10,15,17,26,27,46,48,53,55,57,61,99,103,105" machi="61" ten="30,5800,0" yaku="1,1,7,1,52,1,53,0" doraHai="5" doraHaiUra="35" who="0" fromWho="1" sc="182,81,246,-61,200,0,352,0" /><INIT seed="4,2,0,0,3,95" ten="263,185,200,352" oya="0" hai0="42,82,85,109,25,6,133,110,111,26,84,77,14" hai1="71,28,120,44,29,97,9,32,106,15,46,83,78" hai2="55,127,88,20,52,60,79,10,90,112,23,12,69" hai3="40,57,70,58,21,64,59,11,75,2,7,86,68"/><T115/><D115/><U16/><E71/><V131/><F112/><W125/><G75/><T107/><D107/><U98/><E120/><V73/><F131/><W37/><G64/><T81/><D133/><U103/><E32/><V121/><F121/><W132/><G132/><T18/><D6/><U92/><E44/><V41/><F41/><W67/><G67/><T0/><D42/><U93/><E46/><V38/><F38/><W126/><G86/><T1/><D1/><U135/><E106/><V61/><F69/><W117/><G117/><T76/><REACH who="0" step="1"/><D0/><REACH who="0" ten="253,185,200,352" step="2"/><U4/><E135/><V89/><F127/><N who="3" m="48651" /><G40/><T134/><D134/><U94/><E4/><V80/><F61/><W114/><G114/><T3/><D3/><U27/><E28/><V51/><F60/><W19/><G37/><T116/><D116/><U96/><E103/><V72/><F73/><W65/><G65/><T113/><D113/><U45/><E45/><V119/><F119/><W56/><G56/><T22/><AGARI ba="2,1" hai="14,18,22,25,26,76,77,81,82,84,85,109,110,111" machi="22" ten="30,11700,0" yaku="1,1,0,1,9,1,10,1,53,0" doraHai="95" doraHaiUra="34" who="0" fromWho="0" sc="253,133,185,-41,200,-41,352,-41" /><INIT seed="4,3,0,5,4,29" ten="386,144,159,311" oya="0" hai0="109,84,97,118,50,44,56,51,128,61,114,2,115" hai1="53,5,92,64,117,81,21,11,96,47,119,77,59" hai2="82,18,135,16,85,54,79,105,6,123,69,28,88" hai3="91,132,133,126,129,55,0,74,130,113,83,70,46"/><T8/><D118/><U93/><E21/><V30/><F105/><W15/><G70/><T45/><D109/><U24/><E24/><V37/><F69/><W31/><G0/><T43/><D128/><U57/><E64/><V1/><F37/><W10/><G74/><T120/><D120/><U65/><E65/><V36/><F36/><W71/><G71/><T75/><D75/><U22/><E22/><V76/><F123/><W7/><G31/><N who="2" m="11817" /><F1/><W60/><G83/><T73/><D73/><U27/><E27/><V19/><F135/><N who="3" m="51787" /><G91/><T106/><D8/><U23/><E23/><V48/><F6/><W101/><G101/><T34/><D2/><U52/><E47/><AGARI ba="3,0" hai="16,18,19,47,48,54,76,79,82,85,88" m="11817" machi="47" ten="30,3900,0" yaku="8,1,54,2" doraHai="29" who="2" fromWho="1" sc="386,0,144,-48,159,48,311,0" /><INIT seed="5,0,0,5,1,12" ten="386,96,207,311" oya="1" hai0="67,8,135,35,76,82,123,88,22,54,80,126,90" hai1="60,46,39,134,15,18,23,125,117,75,103,111,110" hai2="87,81,3,31,28,41,85,0,132,16,38,128,7" hai3="64,119,99,91,121,73,20,27,118,57,104,89,72"/><U10/><E117/><N who="3" m="44554" /><G121/><T36/><D123/><U109/><E75/><N who="3" m="28746" /><G104/><T65/><D35/><U112/><E103/><V101/><F101/><W25/><G99/><T106/><D36/><U55/><E112/><V95/><F38/><W63/><G27/><T107/><D8/><U70/><E134/><V78/><F132/><W116/><N who="3" m="44562" /><W1/><DORA hai="93" /><G1/><T62/><D22/><U96/><E96/><V131/><F41/><W11/><G11/><T133/><D62/><U13/><E125/><V58/><F58/><W6/><G6/><T61/><D61/><U108/><E39/><V105/><F105/><W52/><G64/><T19/><D76/><U84/><E84/><V34/><F7/><W2/><G2/><T30/><D30/><AGARI ba="0,0" hai="20,25,30,52,57,63,89,91" m="28746,44562" machi="30" ten="40,2600,0" yaku="12,1,54,1" doraHai="12,93" who="3" fromWho="0" sc="386,-26,96,0,207,0,311,26" /><INIT seed="6,0,0,2,1,61" ten="360,96,207,337" oya="2" hai0="120,114,95,69,33,122,50,16,46,119,19,110,86" hai1="93,104,43,23,118,15,66,20,87,56,38,30,107" hai2="76,14,135,112,8,75,72,28,78,42,1,26,31" hai3="111,51,49,129,37,85,74,40,64,89,63,3,116"/><V5/><F135/><W134/><G74/><T12/><D33/><U101/><E118/><V123/><F123/><W60/><G3/><T71/><D110/><U125/><E125/><V105/><F105/><W27/><G116/><T127/><D127/><U29/><E38/><V126/><F126/><W131/><G111/><T124/><D119/><U88/><E43/><V65/><F112/><W133/><G27/><T68/><D114/><U13/><E101/><V41/><F72/><W67/><G85/><T58/><D124/><U70/><E70/><V92/><F92/><W59/><G89/><N who="0" m="53687" /><D19/><U53/><E107/><V96/><F96/><W57/><G40/><T36/><D36/><AGARI ba="0,0" hai="36,37,49,51,57,59,60,63,64,67,129,131,133,134" machi="36" ten="25,12000,2" yaku="22,2,34,3,52,2" doraHai="61" who="3" fromWho="0" sc="360,-120,96,0,207,0,337,120" /><INIT seed="7,0,0,3,0,36" ten="240,96,207,457" oya="3" hai0="110,123,95,112,98,70,40,37,28,10,52,23,80" hai1="27,2,75,62,126,59,6,86,30,65,132,101,47" hai2="69,88,20,60,44,35,34,32,127,130,25,77,17" hai3="45,56,16,71,63,58,121,8,22,29,119,73,38"/><W3/><G73/><T122/><D110/><U120/><E126/><V129/><F127/><W7/><G121/><T115/><D70/><U1/><E132/><V78/><F44/><W84/><G29/><T55/><D10/><U26/><E75/><V83/><F69/><W76/><G119/><T85/><D40/><U68/><E120/><N who="0" m="46121" /><D37/><U31/><E86/><V133/><F133/><W81/><G71/><T72/><D23/><U53/><E47/><V105/><F105/><W117/><G117/><T134/><D72/><U15/><E15/><V87/><REACH who="2" step="1"/><F60/><REACH who="2" ten="240,96,197,457" step="2"/><W54/><G58/><T92/><D134/><U111/><E111/><V107/><F107/><W67/><G45/><T43/><D43/><U64/><E6/><V97/><F97/><W109/><G109/><T19/><D98/><U61/><E101/><V103/><F103/><W33/><G38/><T39/><D39/><U102/><E102/><V82/><F82/><W99/><G99/><T131/><D80/><U91/><E91/><V93/><F93/><W51/><G63/><T12/><D92/><U94/><E94/><V42/><F42/><W100/><G81/><T113/><D95/><U46/><E46/><V0/><F0/><W124/><G3/><T50/><D113/><U18/><E68/><V108/><F108/><W74/><G124/><T104/><D104/><U57/><REACH who="1" step="1"/><E53/><REACH who="1" ten="240,86,197,457" step="2"/><V49/><F49/><N who="3" m="30799" /><G100/><T116/><D55/><U66/><E66/><V106/><F106/><W89/><G51/><T9/><D52/><U41/><E41/><V128/><AGARI ba="0,2" hai="17,20,25,32,34,35,77,78,83,87,88,128,129,130" machi="128" ten="40,8000,1" yaku="1,1,0,1,19,1,54,1,53,0" doraHai="36" doraHaiUra="90" who="2" fromWho="2" sc="240,-20,86,-20,197,100,457,-40" owari="220,-18.0,66,-43.0,297,10.0,417,51.0" /></mjloggm>