<mjloggm ver="2.3"><GO type="169" lobby="0"/><UN n0="%E3%81%99%E3%81%9A%E3%82%81%E3%82%AF%E3%83%AC%E3%82%A4%E3%82%B8%E3%83%BC" n1="%E3%82%A6%E3%83%AB%E3%83%88%E3%83%A9%E7%AB%8B%E7%9B%B4" n2="%E3%82%AB%E3%83%9D%E3%83%8D%E5%9B%A3%E3%81%AE%E5%85%84%E8%B2%B4" n3="%E3%81%82%E3%83%BC%E3%81%BF%E3%82%93%E2%98%86" dan="18,17,18,17" rate="2200.85,2176.66,2226.55,2154.83" sx="M,M,M,F"/><TAIKYOKU oya="0"/><INIT seed="0,0,0,2,3,20" ten="250,250,250,250" oya="0" hai0="105,50,12,109,23,26,99,107,87,120,5,29,92" hai1="30,57,84,54,59,131,32,132,63,47,25,114,71" hai2="62,118,52,89,37,24,28,127,123,102,34,61,53" hai3="3,2,42,79,40,44,41,76,100,56,4,88,68"/><T38/><D38/><U135/><E71/><V103/><F123/><W130/><G68/><T95/><D120/><U8/><E114/><V6/><F127/><W85/><G100/><T97/><D109/><U115/><E115/><V60/><F118/><W124/><G130/><T93/><D87/><U116/><E116/><V0/><F37/><W98/><G98/><T18/><D5/><U70/><E70/><V16/><F89/><W43/><G56/><T75/><D75/><U96/><E131/><V80/><F80/><W77/><G4/><T125/><D125/><U39/><E96/><V122/><F122/><W13/><G13/><T14/><D14/><U91/><E8/><V45/><F16/><W111/><G111/><T129/><D129/><U64/><E47/><V83/><F83/><W110/><G110/><T9/><D107/><U65/><E39/><V27/><F27/><W66/><G66/><T48/><D105/><U128/><E128/><V67/><F67/><W106/><G106/><T90/><D93/><U86/><E86/><V17/><F17/><W1/><G124/><T36/><D36/><U21/><E32/><V10/><REACH who="2" step="1"/><F45/><REACH who="2" ten="250,250,240,250" step="2"/><W35/><G44/><T19/><D18/><U126/><E126/><V69/><F69/><W31/><G77/><T113/><D113/><U108/><E108/><V81/><F81/><W82/><N who="3" m="10240" /><DORA hai="58" /><W7/><REACH who="3" step="1"/><G7/><REACH who="3" ten="250,250,240,240" step="2"/><T134/><REACH who="0" step="1"/><D134/><REACH who="0" ten="240,250,240,240" step="2"/><U74/><E135/><V94/><F94/><W33/><G33/><T46/><D46/><U73/><E132/><V133/><F133/><W11/><G11/><T121/><D121/><RYUUKYOKU ba="0,3" sc="240,10,250,-30,240,10,240,10" hai0="9,12,19,23,26,29,48,50,90,92,95,97,99" hai2="0,6,10,24,28,34,52,53,60,61,62,102,103" hai3="1,2,3,31,35,76,79,82,85,88" /><INIT seed="0,1,3,0,0,86" ten="250,220,250,250" oya="0" hai0="66,29,93,128,129,63,47,2,3,83,40,94,26" hai1="61,84,127,31,125,133,54,16,103,17,33,131,122" hai2="12,51,50,104,5,78,18,81,96,48,55,102,113" hai3="118,116,92,132,109,112,57,91,49,100,24,87,126"/><T105/><D105/><U44/><E122/><V43/><F113/><W101/><G112/><T59/><D83/><U34/><E103/><V110/><F110/><W64/><G132/><T119/><D119/><U14/><E133/><V56/><F5/><W38/><G38/><T15/><D15/><U72/><E72/><V88/><F43/><W22/><G126/><N who="1" m="48138" /><E31/><V32/><F32/><N who="1" m="12393" /><E131/><N who="0" m="50249" /><D26/><U71/><E84/><N who="2" m="50191" /><F104/><W76/><G109/><T90/><D29/><U77/><E77/><V106/><F106/><W75/><G76/><T53/><D66/><N who="1" m="41423" /><E14/><V95/><F78/><W1/><G75/><T79/><D79/><U70/><E70/><V114/><F114/><W9/><G116/><T25/><D25/><U7/><E7/><V46/><F56/><W74/><G74/><T20/><D93/><U69/><E69/><V108/><F108/><W80/><G92/><T97/><D20/><AGARI ba="1,3" hai="12,18,20,46,48,50,51,55,95,96,102" m="50191" machi="20" ten="30,3900,0" yaku="8,1,52,1,54,1" doraHai="86" who="2" fromWho="0" sc="250,-42,220,0,250,72,250,0" /><INIT seed="1,0,0,1,0,131" ten="208,220,322,250" oya="1" hai0="6,70,67,112,2,38,132,3,41,111,27,93,108" hai1="92,35,101,31,127,106,97,7,130,16,62,50,17" hai2="89,52,46,54,115,99,23,87,11,19,125,25,119" hai3="42,26,109,58,77,129,107,13,43,30,53,24,84"/><U88/><E127/><V79/><F119/><W57/><G107/><T32/><D112/><U94/><E130/><V15/><F125/><W8/><G109/><T20/><D38/><U91/><E7/><V34/><F34/><W22/><G58/><T81/><D41/><U64/><E50/><V118/><F118/><W74/><G74/><T78/><D93/><U72/><E72/><V83/><F115/><W61/><G129/><T65/><D32/><U63/><E63/><V124/><F124/><W105/><G105/><T95/><D95/><U68/><E94/><N who="2" m="56783" /><F46/><W114/><G114/><T21/><D27/><N who="1" m="18943" /><E91/><V73/><F73/><W48/><G61/><T86/><D6/><AGARI ba="0,0" hai="6,11,15,19,23,25,52,54,79,83,87" m="56783" machi="6" ten="30,2000,0" yaku="8,1,54,1" doraHai="131" who="2" fromWho="0" sc="208,-20,220,0,322,20,250,0" /><INIT seed="2,0,0,4,0,126" ten="188,220,342,250" oya="2" hai0="23,90,125,29,31,99,92,77,113,130,129,71,85" hai1="59,122,17,1,42,74,69,87,41,66,39,35,18" hai2="50,72,13,78,124,135,12,89,65,33,38,53,93" hai3="11,60,132,120,84,57,54,36,10,88,15,110,112"/><V75/><F38/><W6/><G110/><T101/><D113/><U37/><E87/><V91/><F33/><W20/><G132/><T14/><D71/><U118/><E74/><V121/><F121/><W108/><G108/><T116/><D125/><U76/><E76/><V102/><F124/><W45/><G112/><T0/><D0/><U63/><E1/><V32/><F32/><W94/><G120/><T109/><D109/><U80/><E80/><V127/><F127/><W103/><G103/><T64/><D64/><U134/><E17/><V27/><F65/><W83/><G20/><T2/><D2/><U7/><E7/><V68/><F68/><W62/><G11/><T97/><D116/><U25/><E18/><V61/><F27/><W107/><G107/><T111/><D111/><U48/><E25/><V51/><F13/><W119/><G119/><T104/><D14/><U49/><E35/><V46/><F12/><W82/><G36/><N who="1" m="13898" /><E134/><V3/><F3/><W73/><G73/><T115/><D115/><U30/><E30/><V58/><F72/><W9/><G9/><T26/><REACH who="0" step="1"/><D31/><REACH who="0" ten="178,220,342,250" step="2"/><U34/><E122/><V95/><F135/><W100/><G15/><T133/><D133/><U67/><E118/><V19/><F19/><W55/><G6/><T106/><D106/><U56/><E69/><V52/><F75/><W86/><G10/><T105/><D105/><U28/><E28/><V128/><F102/><W47/><G100/><T81/><AGARI ba="0,1" hai="23,26,29,77,81,85,90,92,97,99,101,104,129,130" machi="81" ten="30,8000,1" yaku="1,1,0,1,52,2,53,1" doraHai="126" doraHaiUra="21" who="0" fromWho="0" sc="178,90,220,-20,342,-40,250,-20" /><INIT seed="3,0,0,1,2,126" ten="268,200,302,230" oya="3" hai0="46,8,98,31,20,0,107,62,122,11,59,85,74" hai1="55,45,29,76,106,34,96,37,64,2,28,52,108" hai2="5,130,95,51,78,39,9,1,18,12,110,61,33" hai3="102,81,3,88,135,86,69,90,24,7,32,65,91"/><W104/><G135/><T4/><D74/><U13/><E2/><V58/><F39/><W111/><G111/><T41/><D122/><U97/><E108/><V94/><F110/><W23/><G3/><T113/><D11/><U120/><E120/><V109/><F109/><W35/><G7/><T116/><D116/><U19/><E64/><V67/><F33/><W84/><G65/><T53/><D85/><U117/><E117/><V63/><F78/><W43/><G43/><T60/><D60/><U132/><E132/><V21/><F130/><W48/><G48/><T15/><D0/><U93/><E76/><V92/><F61/><W118/><G69/><T82/><D82/><U77/><E77/><V17/><F17/><W57/><G57/><T87/><D87/><U119/><E119/><V123/><F123/><W36/><G36/><T25/><D113/><U44/><E106/><V16/><F18/><W14/><G14/><T73/><D73/><U127/><E127/><V112/><REACH who="2" step="1"/><F51/><REACH who="2" ten="268,200,292,230" step="2"/><W124/><G124/><T134/><D134/><U133/><E133/><V27/><F27/><W54/><G35/><T80/><D25/><U125/><E125/><V129/><F129/><W121/><G32/><T79/><D79/><U22/><E34/><V71/><F71/><W38/><G38/><T40/><D62/><U101/><E37/><V42/><F42/><W66/><G118/><T26/><D41/><U10/><E19/><V100/><F100/><W114/><G121/><T72/><D40/><U89/><E101/><V131/><F131/><W75/><G102/><T128/><D128/><RYUUKYOKU ba="0,1" sc="268,-10,200,-10,292,30,230,-10" hai2="1,5,9,12,16,21,58,63,67,92,94,95,112" /><INIT seed="4,1,1,5,1,104" ten="258,190,322,220" oya="0" hai0="58,42,105,131,43,106,109,125,111,15,32,63,71" hai1="121,102,12,100,23,117,31,89,39,73,110,45,129" hai2="134,64,79,62,6,3,16,2,28,52,96,123,132" hai3="29,115,50,36,9,25,135,49,81,55,70,97,47"/><T80/><D71/><U34/><E121/><V94/><F79/><W127/><G70/><T77/><D32/><U19/><E117/><V0/><F28/><W38/><G115/><T51/><D131/><U33/><E110/><N who="0" m="41993" /><D15/><U18/><E129/><V101/><F123/><W124/><G9/><T44/><D43/><U37/><E12/><V126/><F126/><N who="3" m="48171" /><G97/><T119/><D119/><U113/><E23/><V103/><F103/><W68/><G68/><T78/><D78/><U88/><E31/><V67/><F16/><W116/><G116/><T8/><D8/><U130/><E130/><V114/><F6/><W120/><G135/><N who="2" m="51753" /><F114/><W17/><G17/><T30/><D30/><U48/><E113/><V60/><F60/><W66/><G120/><T83/><D83/><U108/><E108/><V27/><F27/><W90/><G81/><T86/><D125/><U128/><E128/><V72/><F64/><AGARI ba="1,1" hai="42,44,51,58,63,64,77,80,86,105,106" m="41993" machi="64" ten="30,1500,0" yaku="10,1" doraHai="104" who="0" fromWho="2" sc="258,28,190,0,322,-18,220,0" /><INIT seed="4,2,0,0,5,116" ten="286,190,304,220" oya="0" hai0="107,56,88,39,130,121,92,7,123,118,132,23,129" hai1="68,9,96,81,131,101,69,45,17,126,4,85,15" hai2="0,110,70,125,104,99,43,97,55,33,128,1,115" hai3="109,78,10,61,35,31,49,32,25,64,48,106,21"/><T2/><D107/><U30/><E126/><V133/><RYUUKYOKU type="yao9" ba="2,0" sc="286,0,190,0,304,0,220,0" hai2="0,1,33,43,55,70,97,99,104,110,115,125,128,133" /><INIT seed="4,3,0,3,0,4" ten="286,190,304,220" oya="0" hai0="85,31,115,94,73,93,131,102,100,127,77,42,129" hai1="0,11,35,48,54,68,21,110,74,111,107,36,114" hai2="34,14,33,71,90,3,45,118,22,6,39,7,134" hai3="72,9,5,65,50,37,125,64,88,44,57,101,41"/><T128/><D42/><U130/><RYUUKYOKU type="yao9" ba="3,0" sc="286,0,190,0,304,0,220,0" hai1="0,11,21,35,36,48,54,68,74,107,110,111,114,130" /><INIT seed="4,4,0,5,0,37" ten="286,190,304,220" oya="0" hai0="42,48,87,99,40,67,95,6,97,27,127,63,126" hai1="70,88,60,9,49,13,56,120,10,91,101,59,132" hai2="117,55,53,108,69,128,11,74,28,2,125,38,5" hai3="47,100,16,113,46,107,110,114,106,4,133,81,131"/><T124/><D6/><U66/><E120/><V23/><F69/><W50/><G4/><T78/><D48/><U54/><E132/><V85/><F74/><W98/><G110/><T76/><D27/><U75/><E75/><V34/><F38/><W45/><G107/><T41/><D87/><U111/><E111/><V71/><F71/><W26/><G81/><T1/><D1/><U68/><E101/><V79/><F34/><W135/><G131/><T130/><D130/><U115/><E115/><N who="3" m="44042" /><G50/><T123/><D123/><U52/><E10/><V94/><F108/><W86/><G86/><T33/><D33/><U112/><E112/><V25/><F117/><W72/><G72/><T118/><D118/><U104/><E104/><V44/><F79/><N who="0" m="30250" /><D95/><U39/><E39/><V12/><F2/><W58/><G58/><AGARI ba="4,0" hai="40,41,42,58,63,67,97,99,124,126,127" m="30250" machi="58" ten="40,12000,1" yaku="18,1,52,3" doraHai="37" who="0" fromWho="3" sc="286,132,190,0,304,0,220,-132" /><INIT seed="4,5,0,1,0,68" ten="418,190,304,88" oya="0" hai0="82,92,103,114,117,78,86,16,49,39,89,131,29" hai1="24,88,6,96,17,56,30,55,112,94,132,41,75" hai2="59,19,69,104,10,128,113,130,125,126,0,116,79" hai3="43,65,118,91,107,70,37,46,110,84,13,120,60"/><T27/><D131/><N who="2" m="50218" /><F69/><W18/><G110/><T74/><D114/><U2/><E75/><V106/><F79/><W8/><G120/><T62/><D117/><U11/><E132/><V21/><F113/><W1/><G107/><N who="2" m="41001" /><F59/><W127/><G127/><T66/><D103/><U98/><E112/><V109/><F109/><W76/><G1/><T108/><D49/><U105/><E105/><V87/><F87/><W129/><G129/><T34/><D108/><U67/><E67/><V101/><F101/><W63/><G118/><T22/><D39/><U23/><E41/><V40/><F40/><W100/><G100/><T61/><REACH who="0" step="1"/><D66/><REACH who="0" ten="408,190,304,88" step="2"/><U64/><E64/><V25/><F116/><W12/><G63/><T31/><D31/><U102/><E102/><V26/><F125/><W115/><G115/><T95/><D95/><U9/><E30/><V33/><F126/><W123/><G123/><T53/><D53/><U54/><E54/><V42/><F42/><W3/><G60/><T20/><D20/><U45/><E45/><V71/><F33/><W97/><G65/><T52/><D52/><U93/><E93/><V90/><F71/><W124/><G70/><T28/><D28/><U36/><E36/><V85/><F21/><W57/><G124/><T121/><D121/><U48/><E11/><V50/><F50/><W58/><G8/><T7/><D7/><U51/><E51/><V80/><F19/><W99/><G37/><T5/><D5/><AGARI ba="5,1" hai="0,5,10,25,26,80,85,90" m="41001,50218" machi="5" ten="30,1000,0" yaku="19,1" doraHai="68" who="2" fromWho="0" sc="408,-25,190,0,304,35,88,0" /><INIT seed="5,0,0,0,5,126" ten="383,190,339,88" oya="1" hai0="37,103,59,135,70,11,91,49,100,5,113,84,55" hai1="0,67,86,71,123,85,105,9,108,30,47,54,124" hai2="95,77,28,26,6,122,114,29,118,10,110,21,43" hai3="50,92,101,32,82,33,96,3,42,134,90,57,4"/><U115/><E105/><V18/><F118/><W19/><G134/><T74/><D74/><U41/><E123/><V128/><F43/><W22/><G4/><T69/><D37/><U14/><E0/><V98/><F77/><W1/><G33/><T60/><D113/><U40/><E115/><V51/><F51/><W48/><G32/><T45/><D70/><U2/><E2/><V56/><F114/><W131/><G131/><T66/><D69/><U81/><E86/><V62/><F128/><W80/><G1/><T38/><D38/><U89/><E124/><V125/><F110/><W130/><G3/><T27/><D27/><U35/><E108/><V58/><F58/><W129/><G50/><T12/><D135/><U87/><E87/><V75/><F75/><W112/><G112/><T88/><D91/><U102/><E102/><V8/><F122/><W116/><G116/><T44/><D44/><U97/><E97/><V36/><F36/><W127/><G127/><T16/><D5/><U64/><E41/><V104/><F104/><W72/><G72/><T20/><D20/><U107/><E107/><V39/><F39/><W53/><G42/><T109/><D109/><U76/><E76/><V17/><F6/><W7/><G7/><T133/><D133/><U106/><E40/><V63/><F8/><W13/><G80/><AGARI ba="0,0" hai="11,12,16,45,49,55,59,60,66,80,84,88,100,103" machi="80" ten="30,12000,2" yaku="7,1,25,2,8,1,54,2" doraHai="126" who="0" fromWho="3" sc="383,120,190,0,339,0,88,-120" owari="503,60.0,190,-21.0,339,14.0,-32,-53.0" /></mjloggm>