<mjloggm ver="2.3"><GO type="97" lobby="0"/><UN n0="%E9%95%B7%E8%B0%B7%E5%B7%9D%E5%B9%B3%E4%B9%83" n1="%E3%82%A6%E3%83%AB%E3%83%88%E3%83%A9%E7%AB%8B%E7%9B%B4" n2="%47%61%73%6F%6C%69%6E%65" n3="%76%69%62%72%61%74%65" dan="13,14,17,14" rate="1924.17,1942.83,2106.28,1872.25" sx="F,M,M,M"/><TAIKYOKU oya="0"/><INIT seed="0,0,0,1,1,35" ten="250,250,250,250" oya="0" hai0="68,42,1,118,54,125,74,5,123,91,76,108,31" hai1="29,13,88,61,121,72,84,14,134,41,101,73,70" hai2="120,87,65,43,135,62,55,60,3,90,63,27,106" hai3="30,16,36,23,34,49,133,11,7,2,79,93,69"/><T44/><D123/><U103/><E121/><V52/><F106/><W26/><G36/><T67/><D118/><U19/><E29/><V75/><F120/><W110/><G69/><T117/><D117/><U104/><E41/><V107/><F107/><W99/><G110/><T9/><D125/><U12/><E19/><V20/><F75/><W81/><G133/><T58/><D108/><U17/><E17/><V131/><F135/><W59/><G59/><T80/><D31/><U132/><E70/><V124/><F124/><W109/><G109/><T86/><D67/><U51/><E51/><V64/><F43/><W97/><G49/><T57/><D54/><N who="2" m="20522" /><F3/><W32/><G32/><T40/><D40/><U89/><E14/><V129/><F129/><W39/><G93/><N who="0" m="54519" /><D68/><U122/><E104/><V24/><F131/><W71/><G39/><AGARI ba="0,0" hai="1,5,9,39,42,44,57,58,74,76,80" m="54519" machi="39" ten="30,2900,0" yaku="25,1,52,1" doraHai="35" who="0" fromWho="3" sc="250,29,250,0,250,0,250,-29" /><INIT seed="0,1,0,0,1,115" ten="279,250,250,221" oya="0" hai0="133,79,58,16,27,28,43,103,1,98,50,128,25" hai1="5,127,130,63,92,24,84,60,120,123,77,134,94" hai2="59,36,61,52,71,55,41,4,90,2,65,42,40" hai3="76,32,0,26,22,105,93,96,126,121,89,118,17"/><T56/><D1/><U64/><E123/><V19/><F19/><W11/><G121/><T73/><D73/><U99/><E120/><V85/><F36/><W66/><G126/><T102/><D79/><U20/><E127/><V80/><REACH who="2" step="1"/><F71/><REACH who="2" ten="279,250,240,221" step="2"/><W14/><G17/><T57/><D128/><U68/><E130/><V8/><AGARI ba="1,1" hai="2,4,8,40,41,42,52,55,59,61,65,80,85,90" machi="8" ten="30,7900,0" yaku="1,1,2,1,0,1,54,1,53,0" doraHai="115" doraHaiUra="110" who="2" fromWho="2" sc="279,-40,250,-21,240,92,221,-21" /><INIT seed="1,0,0,4,3,92" ten="239,229,332,200" oya="1" hai0="15,78,118,79,63,67,32,12,89,104,130,17,66" hai1="129,0,55,117,5,109,128,42,2,14,110,119,107" hai2="56,13,116,131,18,80,8,16,3,112,93,36,85" hai3="126,21,50,19,103,83,99,39,94,40,91,100,20"/><U64/><E107/><V72/><F116/><N who="1" m="44617" /><E64/><V84/><F131/><N who="1" m="50249" /><E55/><V24/><F112/><W46/><G126/><T95/><D104/><U102/><E42/><V11/><F36/><W4/><G4/><T113/><D113/><U47/><E47/><V31/><F3/><N who="1" m="1065" /><E102/><N who="3" m="38954" /><G19/><T28/><D118/><U23/><E23/><N who="3" m="8778" /><G39/><T9/><D15/><U43/><E43/><V49/><F13/><W111/><G111/><T29/><D67/><U61/><E61/><V70/><F85/><W53/><G83/><T25/><D130/><U22/><E22/><V115/><F84/><W108/><G108/><T44/><D44/><U26/><E26/><V7/><F24/><W81/><G81/><T96/><REACH who="0" step="1"/><D29/><REACH who="0" ten="229,229,332,200" step="2"/><U122/><E122/><V57/><F31/><W48/><G48/><T10/><D10/><AGARI ba="0,1" hai="5,10,14,109,110" m="1065,50249,44617" machi="10" ten="40,7700,0" yaku="19,1,34,2" doraHai="92" who="1" fromWho="0" sc="229,-77,229,87,332,0,200,0" /><INIT seed="1,1,0,3,0,74" ten="152,316,332,200" oya="1" hai0="135,76,40,108,64,77,98,0,57,99,59,28,16" hai1="25,44,82,122,88,89,125,127,1,103,121,65,63" hai2="70,129,14,45,20,92,79,52,5,91,12,19,56" hai3="9,43,7,15,130,119,50,47,97,17,71,51,6"/><U18/><E1/><V134/><F134/><W66/><G130/><T123/><D135/><U118/><E103/><V53/><F129/><W116/><G97/><N who="0" m="36875" /><D0/><U94/><E82/><V23/><F70/><W101/><G101/><T106/><D106/><U27/><E44/><V61/><F79/><N who="0" m="30282" /><D108/><U69/><E118/><N who="3" m="45098" /><G51/><T90/><D28/><U41/><E94/><V132/><F132/><W8/><G8/><T46/><D123/><U26/><E121/><V21/><F5/><W34/><G34/><T37/><D37/><U54/><E122/><V31/><F31/><W133/><G133/><T10/><D64/><U87/><E65/><V68/><F68/><W3/><G3/><T24/><D90/><U60/><E69/><V2/><F2/><W93/><G71/><T128/><D128/><U115/><E89/><V80/><F91/><W117/><G66/><T38/><D38/><U30/><E88/><V84/><F92/><W126/><G117/><T13/><D24/><U105/><E26/><V42/><F80/><W4/><G93/><T112/><D112/><U96/><E27/><V29/><F29/><W114/><G114/><T120/><D120/><U83/><E25/><V32/><F32/><W62/><G62/><T111/><D111/><U102/><E30/><V100/><F61/><W124/><AGARI ba="1,0" hai="4,6,7,9,15,17,43,47,50,124,126" m="45098" machi="124" ten="40,1500,0" yaku="12,1" doraHai="74" who="3" fromWho="3" sc="152,-5,316,-8,332,-5,200,18" /><INIT seed="2,0,0,0,2,15" ten="147,308,327,218" oya="2" hai0="30,17,7,87,115,105,4,133,23,114,72,113,119" hai1="51,22,94,76,78,73,127,130,110,55,77,49,109" hai2="108,6,99,131,3,100,93,27,86,47,121,64,83" hai3="84,85,50,123,5,12,118,125,79,135,98,132,63"/><V89/><F121/><W18/><G123/><T26/><D72/><U41/><E127/><V42/><F131/><W129/><G118/><T120/><D120/><U35/><E35/><V13/><F3/><W126/><G5/><N who="0" m="2123" /><D105/><U54/><E130/><V39/><F108/><N who="1" m="41577" /><E73/><V104/><F64/><W102/><G129/><T69/><D69/><U28/><E94/><V122/><F122/><W14/><G63/><T20/><D87/><N who="3" m="33353" /><G79/><T1/><D1/><U32/><E32/><V103/><F27/><W19/><G12/><N who="0" m="9255" /><D119/><U67/><E67/><V96/><F6/><W59/><G59/><T2/><D2/><U46/><E51/><V24/><F24/><AGARI ba="0,0" hai="22,24,28,41,46,49,54,55,76,77,78" m="41577" machi="24" ten="30,1000,0" yaku="14,1" doraHai="15" who="1" fromWho="2" sc="147,0,308,10,327,-10,218,0" /><INIT seed="3,0,0,0,3,37" ten="147,318,317,218" oya="3" hai0="96,18,34,82,10,65,21,127,116,19,129,89,29" hai1="27,93,28,43,95,117,7,1,66,122,109,14,9" hai2="124,85,121,97,125,131,84,107,24,69,67,102,58" hai3="49,108,38,90,60,71,126,101,94,76,46,62,123"/><W23/><G123/><T50/><D116/><U134/><E122/><V79/><F121/><W77/><G126/><N who="2" m="48745" /><F131/><W104/><G38/><T115/><D127/><U135/><E109/><V133/><F133/><N who="1" m="50697" /><E117/><V15/><F79/><W57/><G108/><T12/><D129/><U31/><E43/><V118/><F118/><W99/><G71/><T47/><D115/><U56/><E1/><V132/><F132/><W73/><G23/><T128/><D128/><U11/><E11/><V64/><F15/><W55/><G73/><T119/><D119/><U22/><E31/><V63/><F24/><W75/><G75/><T112/><D112/><U39/><E39/><V111/><F111/><W33/><G33/><T20/><D34/><U5/><E5/><V48/><F48/><W16/><G16/><T72/><D72/><U74/><E74/><V81/><F81/><W36/><G36/><T92/><D29/><U41/><E41/><V98/><F98/><W44/><G62/><AGARI ba="0,0" hai="7,9,14,22,27,28,56,62,66,93,95" m="50697" machi="62" ten="30,1000,0" yaku="20,1" doraHai="37" who="1" fromWho="3" sc="147,0,318,10,317,0,218,-10" /><AGARI ba="0,0" hai="58,62,63,64,67,69,84,85,97,102,107" m="48745" machi="62" ten="30,1000,0" yaku="18,1" doraHai="37" who="2" fromWho="3" sc="147,0,328,0,317,10,208,-10" owari="147,-35.0,328,42.0,327,13.0,198,-20.0" /></mjloggm>