<mjloggm ver="2.3"><GO type="97" lobby="0"/><UN n0="%E3%83%97%E3%83%AD%E3%81%A0%E3%82%88" n1="%E3%82%A6%E3%83%AB%E3%83%88%E3%83%A9%E7%AB%8B%E7%9B%B4" n2="%41%49%44%41" n3="%E3%82%B7%E3%83%AD%E3%82%AF%E3%83%AD" dan="14,14,13,15" rate="1822.12,1966.58,1892.14,1993.69" sx="M,M,M,M"/><TAIKYOKU oya="0"/><INIT seed="0,0,0,2,0,89" ten="250,250,250,250" oya="0" hai0="39,30,71,102,90,15,45,18,68,58,112,44,83" hai1="64,105,113,14,17,10,12,8,24,16,76,114,135" hai2="101,31,73,59,67,41,35,33,97,38,43,47,37" hai3="69,57,125,23,99,119,34,63,78,21,28,52,5"/><T134/><D112/><N who="1" m="43115" /><E105/><V62/><F73/><W130/><G119/><T95/><D134/><U120/><E76/><V32/><F31/><W54/><G69/><T93/><D30/><U36/><E36/><V107/><F43/><W109/><G125/><T74/><D74/><U85/><E64/><V1/><F1/><W132/><G132/><T22/><D83/><U77/><E135/><V51/><AGARI ba="0,0" hai="32,33,35,37,38,41,47,51,59,62,67,97,101,107" machi="51" ten="30,1100,0" yaku="0,1" doraHai="89" who="2" fromWho="2" sc="250,-5,250,-3,250,11,250,-3" /><INIT seed="1,0,0,0,4,58" ten="245,247,261,247" oya="1" hai0="12,2,118,27,18,13,121,83,32,44,35,94,131" hai1="54,11,6,17,91,87,50,42,93,115,104,113,24" hai2="82,23,108,64,124,72,9,119,77,47,66,110,101" hai3="5,122,111,68,89,85,135,1,112,53,14,34,63"/><U52/><E104/><V33/><F119/><W57/><G122/><T7/><D118/><U37/><E37/><V125/><F33/><W75/><G75/><T81/><D131/><U134/><E134/><V26/><F101/><W46/><G112/><T100/><D121/><U73/><E73/><V0/><F47/><W28/><G135/><T103/><D44/><U39/><E39/><V123/><F123/><W117/><G117/><T3/><D7/><U97/><E42/><V38/><F38/><W107/><G107/><T127/><D94/><U126/><E126/><N who="2" m="48747" /><F9/><W61/><G1/><T80/><D127/><U95/><E17/><N who="2" m="12655" /><F0/><W22/><G34/><T48/><D27/><U78/><E24/><V76/><F76/><W29/><G111/><AGARI ba="0,0" hai="64,66,72,77,82,108,110,111" m="12655,48747" machi="111" ten="30,2000,0" yaku="14,1,18,1" doraHai="58" who="2" fromWho="3" sc="245,0,247,0,261,20,247,-20" /><INIT seed="2,0,0,0,0,116" ten="245,247,281,227" oya="2" hai0="73,135,95,60,85,45,80,70,21,82,71,107,130" hai1="58,132,31,92,102,66,14,112,128,8,48,104,2" hai2="97,63,122,59,46,75,30,123,57,76,32,131,98" hai3="35,13,61,7,15,133,96,44,81,19,108,49,4"/><V103/><F131/><W39/><G39/><T16/><D130/><U126/><E2/><V89/><F32/><W25/><G108/><T12/><D107/><U64/><E104/><V47/><F30/><W20/><G20/><T134/><D95/><U78/><E128/><V41/><F75/><W34/><G133/><N who="0" m="50699" /><D45/><U29/><E132/><V53/><F76/><W84/><G61/><T55/><D73/><U105/><E105/><V113/><F113/><W100/><G34/><T56/><D80/><U51/><E112/><V125/><F125/><W28/><G19/><T52/><D55/><N who="1" m="32103" /><E78/><AGARI ba="0,0" hai="12,16,21,52,56,60,70,71,78,82,85" m="50699" machi="78" ten="30,3900,0" yaku="20,1,54,2" doraHai="116" who="0" fromWho="1" sc="245,39,247,-39,281,0,227,0" /><INIT seed="3,0,0,3,5,15" ten="284,208,281,227" oya="3" hai0="59,53,57,131,32,76,45,99,133,61,78,134,82" hai1="41,33,43,84,38,130,28,86,125,34,26,11,135" hai2="24,112,58,89,16,126,39,36,129,110,1,64,13" hai3="40,73,98,92,94,121,70,75,123,4,63,19,114"/><W77/><G4/><T50/><D32/><U91/><E125/><V79/><F1/><W5/><G5/><T0/><D0/><U25/><E130/><V120/><F112/><W2/><G2/><T37/><D131/><U100/><E135/><V72/><F129/><W14/><G40/><T54/><D37/><U115/><E115/><V29/><F126/><W42/><G42/><T62/><D99/><U74/><E74/><V6/><F6/><W67/><G114/><T103/><D103/><U47/><E100/><V107/><F107/><W105/><G105/><T68/><D68/><U111/><E111/><V22/><F110/><W106/><G106/><T69/><D69/><U96/><E11/><V97/><F120/><W8/><G94/><T52/><D76/><U10/><E10/><V60/><F79/><W132/><G132/><T23/><D23/><U65/><E65/><V118/><F72/><AGARI ba="0,0" hai="45,50,52,53,54,57,59,61,62,72,78,82,133,134" machi="72" ten="40,2600,0" yaku="9,1,54,1" doraHai="15" who="0" fromWho="2" sc="284,26,208,0,281,-26,227,0" owari="310,40.0,208,-29.0,255,6.0,227,-17.0" /></mjloggm>