<mjloggm ver="2.3"><GO type="97" lobby="0"/><UN n0="%47%2D%4B%45%4E" n1="%E3%81%A8%E3%81%8D%E3%82%8F%E8%8D%98%E8%8A%B8%E4%BA%BA" n2="%E3%82%A6%E3%83%AB%E3%83%88%E3%83%A9%E7%AB%8B%E7%9B%B4" n3="%6F%6E%69%72%6F%6B%75" dan="15,13,14,14" rate="1971.43,1944.78,1939.41,1894.68" sx="M,M,M,M"/><TAIKYOKU oya="0"/><INIT seed="0,0,0,4,5,12" ten="250,250,250,250" oya="0" hai0="0,64,104,88,31,113,42,57,90,26,85,18,124" hai1="2,78,16,58,19,70,35,114,134,27,53,3,37" hai2="117,29,111,76,59,135,47,84,41,128,30,48,118" hai3="87,23,65,33,96,123,38,102,6,46,49,80,127"/><T45/><D113/><U67/><E37/><V119/><F111/><W89/><G33/><T121/><D0/><U66/><E114/><V73/><F128/><W86/><G38/><T122/><D104/><U131/><E70/><V92/><F135/><W133/><G127/><T54/><D124/><U99/><E131/><V72/><F59/><W132/><G65/><T105/><D105/><U63/><E134/><N who="3" m="51818" /><G6/><T126/><D64/><U116/><E116/><V91/><F76/><W110/><G110/><T4/><D4/><U28/><E2/><V50/><REACH who="2" step="1"/><F48/><REACH who="2" ten="250,250,240,250" step="2"/><W34/><G123/><T51/><D126/><U71/><E78/><V60/><F60/><W83/><G49/><T69/><D69/><U15/><E3/><V36/><F36/><W8/><G46/><T25/><D122/><U103/><E66/><V20/><F20/><W11/><G23/><N who="0" m="15807" /><D121/><U79/><E79/><V130/><F130/><W1/><G34/><T40/><D45/><U13/><E67/><V82/><F82/><W43/><G1/><T75/><D75/><AGARI ba="0,1" hai="29,30,41,47,50,72,73,75,84,91,92,117,118,119" machi="75" ten="50,3200,0" yaku="1,1,12,1,53,0" doraHai="12" doraHaiUra="93" who="2" fromWho="0" sc="250,-32,250,0,240,42,250,0" /><INIT seed="1,0,0,3,0,33" ten="218,250,282,250" oya="1" hai0="79,31,81,38,10,124,17,24,36,130,43,39,6" hai1="66,27,69,19,30,3,16,25,105,72,32,109,5" hai2="46,0,100,28,4,63,13,116,1,29,75,97,71" hai3="115,94,18,80,133,88,117,40,123,11,50,21,15"/><U26/><E72/><V110/><F13/><W67/><G123/><T55/><D130/><U73/><E73/><V84/><F84/><W101/><G115/><T51/><D124/><U37/><E66/><N who="2" m="41439" /><F28/><W77/><G133/><T60/><D60/><U48/><E48/><V103/><F103/><W90/><G67/><T14/><D43/><U54/><E54/><V59/><F59/><W102/><G117/><T134/><D134/><U128/><E37/><V120/><F120/><W118/><G90/><T112/><D112/><U83/><E69/><V132/><F132/><W82/><G80/><T42/><D17/><N who="1" m="6731" /><E83/><V2/><F116/><W87/><G50/><T52/><D42/><U91/><E91/><V65/><F65/><W41/><G102/><T44/><D55/><U111/><E105/><N who="2" m="63631" /><F110/><N who="1" m="41993" /><E128/><V121/><F121/><W108/><G101/><T125/><D125/><U9/><AGARI ba="0,0" hai="3,5,9,25,26,27,30,32" m="41993,6731" machi="9" ten="30,18000,2" yaku="14,1,10,1,34,2,52,1,54,1" doraHai="33" who="1" fromWho="1" sc="218,-60,250,180,282,-60,250,-60" /><INIT seed="1,1,0,4,0,65" ten="158,430,222,190" oya="1" hai0="89,129,133,18,62,1,130,118,49,84,128,52,80" hai1="132,60,83,38,11,22,34,23,77,86,114,55,71" hai2="79,109,115,36,39,88,10,8,91,12,105,5,127" hai3="28,16,92,47,70,101,58,29,37,135,25,120,45"/><U82/><E132/><V96/><F109/><W51/><G135/><T107/><D133/><U100/><E34/><V31/><F127/><W121/><G70/><T63/><D118/><U30/><E38/><V6/><F115/><W72/><G72/><T15/><D1/><U117/><E114/><V68/><F31/><W116/><G37/><T102/><D102/><U7/><E117/><V90/><F68/><W46/><G121/><T73/><D107/><U126/><E126/><V64/><F64/><W35/><G35/><T103/><D103/><U33/><E33/><V54/><F79/><W87/><G120/><T104/><D104/><U42/><E42/><V119/><F119/><W40/><G40/><T20/><REACH who="0" step="1"/><D73/><REACH who="0" ten="148,430,222,190" step="2"/><U27/><E100/><V124/><F105/><W13/><G101/><T43/><D43/><U24/><E83/><V44/><F124/><W57/><G116/><T4/><D4/><U32/><E27/><V50/><F39/><W131/><G25/><T106/><D106/><U123/><E123/><V2/><F36/><W112/><G112/><T9/><D9/><U69/><E32/><V48/><F8/><N who="3" m="6183" /><G131/><T56/><AGARI ba="1,1" hai="15,18,20,49,52,56,62,63,80,84,89,128,129,130" machi="56" ten="30,7900,0" yaku="1,1,0,1,19,1,54,1,53,0" doraHai="65" doraHaiUra="110" who="0" fromWho="0" sc="148,92,430,-40,222,-21,190,-21" /><INIT seed="2,0,0,3,1,64" ten="240,390,201,169" oya="2" hai0="94,121,48,17,115,106,129,92,44,20,120,66,100" hai1="13,86,12,128,57,26,39,1,107,3,2,76,119" hai2="88,108,96,65,81,43,21,18,27,11,105,33,101" hai3="9,67,133,114,99,123,6,41,134,38,84,34,49"/><V56/><F108/><W95/><G34/><T80/><D115/><U85/><E107/><V32/><F43/><W104/><G104/><T50/><D129/><U70/><E119/><V87/><F56/><W16/><G38/><T116/><D106/><U47/><E70/><V53/><F53/><W98/><G123/><T130/><D130/><U14/><E57/><V109/><F109/><W78/><G67/><T124/><D124/><U113/><E113/><V29/><F65/><W91/><G6/><T36/><D36/><U54/><E128/><V23/><REACH who="2" step="1"/><F11/><REACH who="2" ten="240,390,191,169" step="2"/><W60/><G114/><T5/><D66/><U42/><E54/><V45/><F45/><N who="3" m="25775" /><G60/><T97/><D44/><U55/><E55/><V125/><F125/><W117/><G117/><T40/><D40/><U73/><E73/><V77/><F77/><W112/><G78/><T58/><D116/><U24/><REACH who="1" step="1"/><E76/><REACH who="1" ten="240,380,191,169" step="2"/><V132/><F132/><N who="3" m="50795" /><G112/><T122/><D122/><U82/><E82/><V4/><F4/><W19/><G9/><T135/><D5/><U79/><E79/><V35/><F35/><W52/><G52/><T59/><D135/><U30/><E30/><V25/><AGARI ba="0,2" hai="18,21,23,25,27,29,32,33,81,87,88,96,101,105" machi="25" ten="20,7800,0" yaku="1,1,0,1,7,1,54,1,53,0" doraHai="64" doraHaiUra="131" who="2" fromWho="2" sc="240,-26,380,-26,191,98,169,-26" /><INIT seed="2,1,0,3,5,43" ten="214,354,289,143" oya="2" hai0="111,51,64,1,32,93,133,67,92,58,12,60,48" hai1="104,2,34,118,53,115,107,119,113,105,97,20,63" hai2="108,6,75,37,36,24,127,80,40,28,30,101,10" hai3="110,8,121,88,66,117,103,135,73,98,77,72,56"/><V132/><F127/><W44/><G117/><N who="1" m="44554" /><E20/><V35/><F132/><W116/><G121/><T100/><D133/><U86/><E53/><V94/><F108/><W95/><G110/><T23/><D1/><U50/><E50/><V17/><F30/><W46/><G135/><T134/><D32/><U130/><E63/><V62/><F17/><W83/><G73/><T124/><D134/><U45/><E45/><N who="2" m="23687" /><F94/><W25/><G116/><T96/><D124/><U5/><E5/><V14/><F101/><W120/><G120/><T52/><D111/><U87/><E34/><V69/><F14/><W76/><G76/><T128/><D128/><U123/><E2/><N who="2" m="343" /><F37/><W11/><G25/><T90/><D51/><U70/><E70/><V68/><F62/><W39/><G39/><T54/><D54/><U26/><E26/><V18/><F18/><W102/><G102/><T0/><D0/><U81/><E130/><V49/><F49/><W61/><G103/><T114/><D114/><N who="1" m="43531" /><E123/><V91/><F91/><W71/><REACH who="3" step="1"/><G56/><REACH who="3" ten="214,354,289,133" step="2"/><T4/><D60/><U129/><E129/><V16/><F16/><W29/><G29/><T41/><D4/><U131/><E131/><V33/><F33/><W21/><G21/><T125/><D23/><U15/><E107/><V109/><F109/><W78/><G78/><AGARI ba="1,1" hai="24,28,35,68,69,75,78,80" m="343,23687" machi="78" ten="30,11600,0" yaku="25,1,33,2,52,1" doraHai="43" who="2" fromWho="3" sc="214,0,354,0,289,129,133,-119" /><INIT seed="2,2,0,4,5,14" ten="214,354,418,14" oya="2" hai0="60,20,12,29,44,91,115,9,66,6,117,84,7" hai1="103,17,64,129,70,114,32,13,42,77,52,133,65" hai2="37,87,110,67,4,109,76,2,61,75,86,121,68" hai3="128,19,38,41,25,97,0,58,51,63,81,123,79"/><V54/><F121/><W116/><G0/><T118/><D115/><U45/><E114/><V78/><F37/><W102/><G38/><T94/><D7/><U28/><E129/><V107/><F107/><W50/><G128/><T74/><D74/><U62/><E133/><V3/><F54/><W135/><G135/><T36/><D29/><U85/><E65/><V108/><F4/><W93/><G123/><T71/><D20/><U11/><E103/><V10/><F10/><W24/><G116/><T57/><D71/><U27/><E77/><N who="2" m="29803" /><F75/><W130/><G130/><T134/><REACH who="0" step="1"/><D134/><REACH who="0" ten="204,354,418,14" step="2"/><U23/><E32/><V111/><F111/><W26/><G41/><AGARI ba="2,1" hai="6,9,12,36,41,44,57,60,66,84,91,94,117,118" machi="41" ten="40,8000,1" yaku="1,1,2,1,53,2" doraHai="14" doraHaiUra="112" who="0" fromWho="3" sc="204,96,354,0,418,0,14,-86" owari="300,-10.0,354,15.0,418,52.0,-72,-57.0" /></mjloggm>