<mjloggm ver="2.3"><GO type="97" lobby="0"/><UN n0="%E3%82%A4%E3%83%87%E3%82%B3" n1="%E3%82%A6%E3%83%AB%E3%83%88%E3%83%A9%E7%AB%8B%E7%9B%B4" n2="%5E%6F%5E%40%48%4C%4E" n3="%6E%6F%67%6F%6D%61" dan="13,14,14,14" rate="1876.19,1921.68,1894.32,1925.68" sx="M,M,M,M"/><TAIKYOKU oya="0"/><INIT seed="0,0,0,5,5,10" ten="250,250,250,250" oya="0" hai0="15,107,35,23,41,8,78,133,83,132,121,125,55" hai1="86,64,66,22,110,52,58,30,32,87,115,79,39" hai2="28,34,4,81,51,20,76,59,29,105,89,1,5" hai3="74,7,38,98,9,135,33,123,46,85,75,84,101"/><T70/><D121/><U56/><E32/><V37/><F37/><W106/><G33/><T118/><D118/><U43/><E110/><V16/><F105/><W42/><G123/><T27/><D107/><U50/><E115/><V72/><F34/><W93/><G135/><N who="0" m="51787" /><D125/><U122/><E122/><V12/><F89/><W73/><REACH who="3" step="1"/><G93/><REACH who="3" ten="250,250,250,240" step="2"/><T94/><D94/><U109/><E109/><V31/><REACH who="2" step="1"/><F1/><AGARI ba="0,1" hai="1,7,9,38,42,46,73,74,75,84,85,98,101,106" machi="1" ten="40,2600,0" yaku="1,1,2,1,53,0" doraHai="10" doraHaiUra="127" who="3" fromWho="2" sc="250,0,250,0,250,-26,240,36" /><INIT seed="1,0,0,3,0,77" ten="250,250,224,276" oya="1" hai0="117,21,25,82,132,126,135,78,90,49,12,7,13" hai1="26,62,47,11,38,4,65,127,69,83,103,109,28" hai2="87,101,105,72,130,67,89,18,37,51,71,80,34" hai3="106,9,114,112,94,123,97,120,58,92,111,29,124"/><U86/><E109/><V76/><F37/><W91/><G29/><N who="0" m="17583" /><D126/><U14/><E127/><V46/><F34/><W2/><G124/><T6/><D117/><U107/><E38/><V119/><F130/><W55/><G2/><T10/><D90/><U35/><E47/><V52/><F18/><W68/><G9/><N who="0" m="4151" /><D49/><U102/><REACH who="1" step="1"/><E107/><REACH who="1" ten="250,240,224,276" step="2"/><V70/><F119/><W110/><G106/><T84/><D135/><U24/><E24/><V95/><REACH who="2" step="1"/><F67/><REACH who="2" ten="250,240,214,276" step="2"/><W50/><G110/><T20/><D132/><U63/><E63/><V39/><F39/><W125/><G111/><T66/><D66/><U116/><E116/><V100/><F100/><W79/><G125/><T60/><D60/><U31/><E31/><V53/><F53/><W3/><G55/><T61/><D61/><U104/><E104/><V81/><F81/><W23/><G120/><T118/><D118/><U32/><E32/><V128/><F128/><W131/><G123/><T73/><D73/><U36/><E36/><V41/><F41/><W96/><G131/><T0/><D0/><U99/><E99/><AGARI ba="0,2" hai="46,51,52,70,71,72,76,80,87,89,95,99,101,105" machi="99" ten="40,8000,1" yaku="1,1,24,2,52,1,54,1,53,0" doraHai="77" doraHaiUra="33" who="2" fromWho="1" sc="250,0,240,-80,214,100,276,0" /><INIT seed="2,0,0,5,2,90" ten="250,160,314,276" oya="2" hai0="81,15,56,118,133,112,126,132,42,60,87,122,70" hai1="16,32,31,115,21,82,37,52,123,78,4,109,50" hai2="135,104,1,124,74,98,8,72,30,66,64,18,86" hai3="62,105,114,110,11,125,48,63,22,38,131,19,76"/><V26/><F135/><W45/><G105/><T55/><D122/><U91/><E37/><V129/><F66/><W39/><G76/><T103/><D126/><U88/><E123/><V85/><F124/><W79/><G79/><T47/><D112/><U46/><E115/><V28/><F28/><W36/><G110/><T43/><D103/><U5/><E109/><V84/><F129/><W2/><G131/><T44/><D118/><U116/><E116/><V95/><F64/><W35/><G35/><T3/><D3/><U29/><E29/><V54/><F104/><W13/><G114/><T83/><D70/><U53/><E53/><V9/><F54/><W113/><G113/><T101/><D101/><U67/><E67/><V77/><F72/><W108/><G108/><T0/><D0/><U57/><E46/><V134/><F134/><W27/><G2/><T106/><D106/><U128/><E128/><V94/><F74/><W24/><G125/><T68/><D68/><U127/><E127/><V34/><F9/><W100/><G100/><T65/><D65/><U117/><E117/><V40/><F40/><W61/><G11/><T10/><D47/><U111/><E31/><V49/><F77/><W102/><G102/><T120/><D120/><U25/><E32/><V73/><F73/><W17/><G39/><T75/><D75/><U41/><E41/><V130/><F1/><W80/><G38/><N who="0" m="21591" /><D43/><U121/><E121/><V14/><F130/><W59/><G36/><T51/><D133/><U33/><E33/><V119/><F119/><W97/><G45/><T89/><D132/><RYUUKYOKU ba="0,0" sc="250,0,160,0,314,0,276,0" /><INIT seed="3,1,0,0,3,112" ten="250,160,314,276" oya="3" hai0="2,68,94,53,89,56,101,52,24,81,54,28,50" hai1="29,87,109,113,97,124,38,8,90,7,79,103,86" hai2="23,84,95,110,22,83,134,44,45,91,13,19,126" hai3="70,107,61,100,88,11,105,96,15,92,48,10,114"/><W99/><G114/><T102/><D2/><U67/><E113/><V36/><F126/><W58/><G105/><T73/><D68/><U59/><E124/><V35/><F35/><W60/><G11/><T30/><D30/><U18/><E109/><V76/><F110/><W78/><G78/><T132/><D132/><U42/><E29/><V33/><F33/><W85/><G70/><T40/><D73/><U129/><E129/><V127/><F127/><W1/><G1/><T106/><D106/><U111/><E111/><V62/><F36/><W37/><G37/><T43/><D81/><U120/><E120/><V41/><F62/><N who="3" m="24171" /><G107/><T98/><D101/><U119/><E67/><V63/><F134/><W116/><G116/><T82/><D82/><U64/><E64/><V128/><F128/><W31/><G31/><T122/><D122/><U117/><E59/><V130/><F63/><W121/><G121/><T125/><D125/><U4/><E18/><N who="2" m="10575" /><F41/><N who="0" m="15946" /><D102/><U74/><E103/><V32/><F32/><W47/><G58/><T25/><D28/><U5/><E97/><N who="2" m="57599" /><F130/><W65/><G65/><T0/><D0/><N who="1" m="7" /><E5/><V49/><F49/><W69/><G69/><T14/><D14/><AGARI ba="1,0" hai="14,19,23,44,45,76,83,84" m="57599,10575" machi="14" ten="30,1000,0" yaku="8,1" doraHai="112" who="2" fromWho="0" sc="250,-13,160,0,314,13,276,0" owari="237,-16.0,160,-34.0,327,42.0,276,8.0" /></mjloggm>