<mjloggm ver="2.3"><GO type="97" lobby="0"/><UN n0="%E3%82%A6%E3%83%AB%E3%83%88%E3%83%A9%E7%AB%8B%E7%9B%B4" n1="%4C%65%6D%72%65%73" n2="%E3%81%82%E3%81%96%E3%81%A8%E3%81%99" n3="%E3%82%A6%E3%82%A9%E3%83%BC%E3%82%AB%E3%83%BC" dan="15,14,15,13" rate="2060.32,1833.66,2005.14,1916.60" sx="M,M,M,M"/><TAIKYOKU oya="0"/><INIT seed="0,0,0,1,1,33" ten="250,250,250,250" oya="0" hai0="6,130,60,78,82,20,133,14,58,16,115,10,76" hai1="81,99,131,69,110,2,57,124,91,94,24,101,120" hai2="11,85,22,18,9,108,79,46,96,62,31,68,97" hai3="125,44,50,0,95,114,80,37,93,52,86,21,25"/><T51/><D130/><U112/><E110/><V118/><F108/><W98/><G114/><T53/><D133/><U64/><E112/><V132/><F132/><W111/><G37/><T102/><D115/><U17/><E131/><V116/><F31/><W135/><G111/><T45/><D102/><U3/><E120/><V104/><F46/><W28/><G135/><T100/><D100/><U92/><E81/><V23/><F68/><W90/><G125/><T83/><D78/><U117/><E69/><V38/><F38/><W15/><G0/><T8/><D76/><U39/><E39/><V119/><F62/><W34/><G34/><T40/><REACH who="0" step="1"/><D10/><REACH who="0" ten="240,250,250,250" step="2"/><U84/><E124/><V134/><F11/><W42/><G98/><T7/><D7/><U67/><E117/><V61/><F97/><W12/><G42/><T74/><D74/><U109/><E109/><V72/><F96/><W123/><G123/><T41/><D41/><U66/><E101/><V36/><F72/><W32/><G32/><T129/><D129/><U13/><E99/><V35/><F134/><W87/><G95/><T113/><D113/><U75/><E94/><V121/><F35/><W56/><G44/><T88/><D88/><AGARI ba="0,1" hai="12,15,21,25,28,50,52,56,80,86,87,88,90,93" machi="88" ten="30,7700,0" yaku="7,1,8,1,54,2" doraHai="33" who="3" fromWho="0" sc="240,-77,250,0,250,0,250,87" /><INIT seed="1,0,0,3,1,71" ten="163,250,250,337" oya="1" hai0="91,52,128,31,1,73,122,124,135,108,111,119,70" hai1="11,125,18,105,38,48,36,2,72,89,57,133,54" hai2="102,0,109,66,9,98,81,95,78,58,84,61,94" hai3="45,51,53,97,100,4,42,22,106,35,8,40,32"/><U5/><E105/><V77/><F109/><W47/><G22/><T3/><D52/><U74/><E133/><V23/><F0/><W62/><G62/><T34/><D91/><U41/><E125/><V67/><F9/><W131/><G131/><T120/><D31/><U68/><E68/><V90/><F66/><W104/><G104/><T27/><D27/><U20/><E41/><V79/><REACH who="2" step="1"/><F23/><REACH who="2" ten="163,250,240,337" step="2"/><W13/><REACH who="3" step="1"/><G53/><REACH who="3" ten="163,250,240,327" step="2"/><T76/><D111/><U132/><E54/><V33/><F33/><W50/><AGARI ba="0,2" hai="4,8,13,32,35,40,42,45,47,50,51,97,100,106" machi="50" ten="20,8000,1" yaku="1,1,2,1,0,1,7,1,9,1,53,0" doraHai="71" doraHaiUra="60" who="3" fromWho="3" sc="163,-20,250,-40,240,-20,327,100" /><INIT seed="2,0,0,3,1,103" ten="143,210,220,427" oya="2" hai0="32,9,108,65,38,46,5,68,31,53,134,6,61" hai1="67,20,90,16,33,1,0,28,106,111,99,101,133" hai2="135,27,35,102,13,12,19,14,72,49,92,51,97" hai3="15,36,88,2,118,37,7,123,81,78,73,42,91"/><V21/><F135/><W117/><G123/><T96/><D134/><U55/><E133/><V64/><F72/><W98/><G2/><T110/><D6/><U121/><E111/><V76/><F76/><W84/><G98/><T75/><D53/><U87/><E121/><V127/><F127/><W125/><G125/><T126/><D126/><U3/><E33/><V63/><REACH who="2" step="1"/><F35/><REACH who="2" ten="143,210,210,427" step="2"/><W80/><G118/><T52/><D75/><U116/><E116/><V44/><F44/><W74/><G117/><T131/><D110/><U50/><E0/><V115/><F115/><W100/><G78/><T122/><D108/><U45/><E1/><V57/><AGARI ba="0,1" hai="12,13,14,19,21,27,49,51,57,63,64,92,97,102" machi="57" ten="30,6000,0" yaku="1,1,0,1,8,1,53,0" doraHai="103" doraHaiUra="109" who="2" fromWho="2" sc="143,-20,210,-20,210,70,427,-20" /><INIT seed="2,1,0,2,2,44" ten="123,190,280,407" oya="2" hai0="135,72,97,49,23,124,77,37,133,114,45,43,81" hai1="106,55,65,67,63,111,29,42,39,48,112,38,8" hai2="2,33,99,98,31,82,105,50,100,21,87,122,19" hai3="47,64,78,76,9,6,5,27,129,16,117,35,15"/><V132/><F122/><W94/><G117/><T108/><D114/><U17/><E106/><V58/><F2/><W32/><G129/><T130/><D130/><U126/><E112/><V30/><F33/><W119/><G119/><T75/><D108/><U68/><E29/><V36/><F36/><W102/><G64/><T104/><D124/><U7/><E111/><V103/><F132/><W90/><G102/><T125/><D125/><U121/><E126/><V40/><F87/><W56/><G47/><T86/><D75/><U52/><E121/><V110/><F82/><W70/><G70/><T66/><D66/><U1/><E67/><V10/><F10/><W93/><G56/><T3/><D3/><U91/><E42/><V28/><F110/><W51/><G9/><T60/><D60/><U26/><E91/><V134/><F134/><W22/><G90/><T120/><D120/><U24/><E55/><N who="2" m="32119" /><F40/><W71/><G71/><T14/><D72/><U0/><E0/><V85/><F85/><W54/><G32/><T89/><D37/><U74/><E74/><V127/><F127/><W57/><G35/><T107/><D107/><U92/><E38/><V4/><F4/><N who="3" m="1643" /><G27/><T116/><D116/><U13/><E39/><V113/><F113/><W62/><G62/><T69/><D69/><U118/><E118/><V41/><F41/><W12/><G12/><T79/><D133/><U101/><E1/><V34/><F34/><W96/><G96/><N who="2" m="36905" /><F105/><W59/><G59/><T11/><D135/><U123/><E7/><V115/><F115/><W84/><G84/><T61/><D86/><RYUUKYOKU ba="1,0" sc="123,-15,190,-15,280,15,407,15" hai2="19,21,28,30,31,100,103" hai3="15,16,22,51,54,57,76,78,93,94" /><INIT seed="2,2,0,4,5,111" ten="108,175,295,422" oya="2" hai0="101,95,104,128,72,105,29,131,26,114,81,19,83" hai1="46,60,98,71,63,129,89,78,99,97,122,68,82" hai2="66,67,84,96,90,2,34,133,12,93,27,117,110" hai3="32,10,9,55,73,43,79,87,38,75,120,109,124"/><V86/><F117/><W13/><G120/><T107/><D19/><U17/><E122/><V130/><F2/><W50/><G109/><T59/><D59/><U21/><E89/><V45/><F110/><W5/><G32/><T8/><D8/><U74/><E129/><N who="0" m="49737" /><D26/><U61/><REACH who="1" step="1"/><E46/><REACH who="1" ten="108,165,295,422" step="2"/><V103/><F45/><W100/><G124/><T57/><D57/><U51/><E51/><V37/><F90/><W15/><G50/><T91/><D29/><U92/><E92/><V48/><F93/><W14/><G38/><T7/><D7/><U3/><E3/><V112/><F48/><W18/><G5/><T42/><D42/><U76/><E76/><V1/><F1/><W41/><G43/><T44/><D44/><U39/><E39/><V33/><F37/><W30/><G79/><N who="0" m="44263" /><D83/><U102/><E102/><V108/><F103/><W49/><G100/><T31/><D31/><U28/><E28/><V0/><F0/><W24/><G41/><T126/><D126/><U52/><E52/><V35/><F130/><W134/><G30/><T118/><D118/><U53/><E53/><V56/><F108/><W16/><G55/><T88/><D114/><U115/><E115/><V6/><F112/><W25/><G49/><T85/><D91/><U11/><E11/><V121/><F56/><W54/><G54/><T70/><D70/><U80/><E80/><V62/><F6/><W64/><G64/><T106/><N who="0" m="27136" /><DORA hai="22" /><T77/><D77/><U65/><E65/><V94/><F67/><W47/><G47/><T123/><D101/><U4/><E4/><V20/><F66/><RYUUKYOKU ba="2,1" sc="108,15,165,15,295,-15,422,-15" hai0="85,88,95,123" hai1="17,21,60,61,63,68,71,74,78,82,97,98,99" /><INIT seed="3,3,1,3,0,78" ten="123,180,280,407" oya="3" hai0="114,89,14,131,94,76,10,83,46,37,54,96,86" hai1="77,0,116,51,6,118,103,121,129,45,20,1,67" hai2="28,108,4,123,48,92,126,111,70,62,90,85,100" hai3="60,84,25,130,74,24,135,58,81,80,102,112,63"/><W69/><G102/><T68/><D68/><U55/><E129/><V79/><F126/><W122/><G74/><T104/><D131/><U16/><E121/><V53/><F123/><W120/><G69/><T127/><D127/><U31/><E31/><V59/><F28/><W49/><G49/><T65/><D114/><U27/><E103/><V124/><F124/><W56/><G84/><T9/><D65/><U30/><E67/><V32/><F32/><W125/><G125/><T105/><D37/><U119/><E77/><V109/><F4/><W91/><G91/><T18/><D46/><U132/><E132/><V113/><F113/><W7/><G7/><T106/><D54/><U33/><REACH who="1" step="1"/><E6/><REACH who="1" ten="123,170,280,407" step="2"/><V2/><F79/><W88/><G135/><T110/><D110/><U39/><E39/><V75/><F100/><W52/><G112/><T22/><AGARI ba="3,2" hai="9,10,14,18,22,76,83,86,89,94,96,104,105,106" machi="22" ten="30,2000,0" yaku="0,1,52,1" doraHai="78" who="0" fromWho="0" sc="123,49,170,-8,280,-8,407,-13" owari="172,-23.0,162,-34.0,272,7.0,394,50.0" /></mjloggm>