<mjloggm ver="2.3"><GO type="97" lobby="0"/><UN n0="%E3%82%A6%E3%83%AB%E3%83%88%E3%83%A9%E7%AB%8B%E7%9B%B4" n1="%4D%61%6B%6F%74%6F%44%61" n2="%75%6F%6B%6B%61%34%39%34" n3="%E5%8C%97%E6%B0%B7" dan="13,14,13,14" rate="1880.61,1920.56,1881.82,1926.01" sx="M,M,M,M"/><TAIKYOKU oya="0"/><INIT seed="0,0,0,4,3,0" ten="250,250,250,250" oya="0" hai0="57,49,87,60,59,28,42,13,68,82,77,69,7" hai1="129,3,6,26,23,95,133,44,85,75,120,30,15" hai2="34,12,107,35,128,113,37,130,32,54,123,56,25" hai3="52,83,65,41,134,66,115,109,40,10,55,1,99"/><T86/><D28/><U62/><E75/><V43/><F107/><W58/><G115/><T2/><D2/><U94/><E120/><V47/><F123/><W127/><G99/><T71/><D87/><U132/><E44/><V126/><F113/><W78/><G127/><T114/><D114/><U53/><E85/><V18/><F126/><W22/><G109/><T38/><D38/><U9/><E62/><V45/><F25/><W24/><G134/><N who="1" m="51818" /><E53/><V31/><F31/><W4/><G55/><T70/><N who="0" m="17408" /><DORA hai="117" /><T125/><D125/><U124/><E124/><V63/><REACH who="2" step="1"/><F45/><REACH who="2" ten="250,250,240,250" step="2"/><W5/><G24/><T118/><D118/><U112/><E112/><V64/><F64/><W122/><G122/><T90/><D59/><U111/><E111/><V11/><AGARI ba="0,1" hai="11,12,18,32,34,35,37,43,47,54,56,63,128,130" machi="11" ten="40,2700,0" yaku="1,1,0,1,53,0" doraHai="0,117" doraHaiUra="91,104" who="2" fromWho="2" sc="250,-13,250,-7,240,37,250,-7" /><INIT seed="1,0,0,4,5,71" ten="237,243,277,243" oya="1" hai0="92,109,36,75,22,121,84,113,134,132,82,90,35" hai1="27,115,74,55,98,59,33,7,32,125,101,117,119" hai2="102,45,100,56,10,93,58,44,91,96,108,16,87" hai3="46,99,47,37,77,72,30,1,128,14,67,21,0"/><U120/><E74/><V3/><F108/><W78/><G128/><T64/><D35/><U62/><E115/><V76/><F76/><W34/><G67/><T130/><D113/><U13/><E120/><V26/><F3/><W42/><G99/><T122/><D64/><U40/><E125/><V79/><F79/><W8/><G34/><T49/><D49/><U60/><E33/><V61/><F58/><W23/><G47/><T95/><D22/><U11/><E62/><V123/><F123/><N who="0" m="47114" /><D36/><U43/><E43/><V15/><F26/><W63/><G63/><T124/><D109/><U116/><E40/><V129/><F129/><W20/><G30/><T83/><D130/><U6/><E32/><V107/><REACH who="2" step="1"/><F102/><REACH who="2" ten="237,243,267,243" step="2"/><W70/><G70/><T104/><D124/><U114/><E114/><V106/><F106/><W12/><G78/><N who="0" m="44383" /><D104/><U18/><REACH who="1" step="1"/><E27/><REACH who="1" ten="237,233,267,243" step="2"/><V69/><F69/><W118/><G118/><T38/><D38/><U2/><E2/><V54/><AGARI ba="0,2" hai="10,15,16,44,45,54,56,61,87,91,93,96,100,107" machi="54" ten="20,5200,0" yaku="1,1,0,1,7,1,54,1,53,0" doraHai="71" doraHaiUra="73" who="2" fromWho="2" sc="237,-13,233,-26,267,72,243,-13" /><INIT seed="2,0,0,5,0,64" ten="224,207,339,230" oya="2" hai0="112,94,21,104,86,90,79,68,75,111,55,19,37" hai1="53,76,95,83,106,25,43,124,52,60,74,97,61" hai2="110,38,27,45,0,26,40,130,46,72,115,109,87" hai3="120,51,31,108,70,91,24,119,28,44,5,16,67"/><V69/><F0/><W47/><G119/><T32/><D32/><U7/><E43/><V57/><F115/><W92/><G120/><T129/><D112/><U71/><E124/><V49/><F72/><W100/><G108/><T77/><D37/><U4/><E106/><V125/><F125/><W50/><G100/><T30/><D111/><N who="2" m="42506" /><F130/><W48/><G5/><T36/><D36/><U117/><E117/><V11/><F69/><W54/><G51/><T23/><D68/><U122/><E122/><V103/><F57/><W123/><G123/><T62/><D104/><U131/><E131/><V118/><F118/><W8/><G67/><T42/><D42/><U15/><E25/><V29/><F29/><W107/><G107/><T41/><D41/><U9/><E4/><V13/><F87/><W93/><G70/><T65/><D65/><U12/><E12/><V127/><F103/><W133/><G133/><T6/><D6/><U128/><E128/><V33/><F33/><W3/><G3/><T82/><D75/><U10/><E10/><V132/><F132/><W101/><G101/><T35/><D35/><U134/><E134/><V99/><F99/><N who="3" m="57759" /><G93/><T59/><D94/><U63/><REACH who="1" step="1"/><E71/><REACH who="1" ten="224,197,339,230" step="2"/><V39/><F127/><W114/><G114/><T84/><D129/><U102/><AGARI ba="0,1" hai="7,9,15,52,53,60,61,63,74,76,83,95,97,102" machi="102" ten="30,7900,0" yaku="1,1,2,1,0,1,54,1,53,0" doraHai="64" doraHaiUra="135" who="1" fromWho="1" sc="224,-20,197,89,339,-39,230,-20" /><INIT seed="3,0,0,1,3,122" ten="204,286,300,210" oya="3" hai0="132,5,69,31,92,52,96,7,126,84,112,53,118" hai1="38,50,59,29,30,108,43,117,16,133,131,32,4" hai2="86,83,97,80,82,91,49,76,1,55,103,34,61" hai3="57,22,102,17,27,78,36,135,129,2,104,123,67"/><W24/><G123/><T79/><D69/><U89/><E108/><V42/><F1/><W134/><G129/><T74/><D74/><U65/><E4/><N who="0" m="1609" /><D118/><U48/><E131/><V113/><F113/><W26/><G2/><T107/><D107/><U11/><E117/><V60/><F34/><W125/><G125/><T18/><D126/><U95/><E133/><N who="3" m="50698" /><G36/><T14/><D132/><U51/><E32/><V15/><F42/><W115/><G115/><T87/><D31/><N who="1" m="11787" /><E38/><V66/><F15/><N who="3" m="9535" /><G78/><T111/><D111/><U71/><E71/><V88/><F76/><W6/><G6/><T9/><D112/><U106/><E106/><V12/><F12/><W130/><G130/><T58/><D79/><U100/><E100/><V45/><F66/><W37/><G37/><T63/><D53/><N who="1" m="32167" /><E65/><V62/><F86/><W70/><G70/><T75/><D75/><U41/><E41/><V119/><REACH who="2" step="1"/><F119/><REACH who="2" ten="204,286,290,210" step="2"/><W3/><G3/><T46/><D46/><U40/><E40/><V56/><F56/><W68/><G68/><T127/><D127/><U116/><E43/><V25/><F25/><W94/><G104/><AGARI ba="0,1" hai="45,49,55,60,61,62,80,82,83,88,91,97,103,104" machi="104" ten="40,2600,0" yaku="1,1,54,1,53,0" doraHai="122" doraHaiUra="64" who="2" fromWho="3" sc="204,0,286,0,290,36,210,-26" owari="204,-20.0,286,9.0,326,43.0,184,-32.0" /></mjloggm>