<mjloggm ver="2.3"><GO type="169" lobby="0"/><UN n0="%E3%81%82%E3%83%BC%E3%81%BF%E3%82%93%E2%98%86" n1="%E3%82%A6%E3%83%AB%E3%83%88%E3%83%A9%E7%AB%8B%E7%9B%B4" n2="%E3%81%8A%E8%82%89%E3%81%A1%E3%82%83%E3%82%93" n3="%E3%82%B9%E3%82%B1%E3%83%BC%E3%82%BF%E3%83%BC" dan="17,17,17,17" rate="2145.15,2126.91,2135.46,2144.80" sx="F,M,M,M"/><TAIKYOKU oya="0"/><INIT seed="0,0,0,3,3,45" ten="250,250,250,250" oya="0" hai0="93,135,106,11,20,24,67,131,52,2,53,127,112" hai1="41,15,65,62,103,85,115,96,91,134,21,102,16" hai2="83,26,50,58,122,111,19,3,4,14,100,9,101" hai3="120,46,70,44,79,10,28,107,92,8,22,124,36"/><T51/><D106/><U71/><E115/><V12/><F122/><W76/><G107/><T39/><D112/><U5/><E134/><V0/><F111/><W117/><G70/><T105/><D105/><U88/><E41/><V108/><F108/><W61/><G117/><T87/><D39/><U1/><E1/><V27/><F0/><W99/><G61/><T78/><D135/><U34/><E34/><V49/><F3/><W132/><G132/><T69/><D131/><U43/><E5/><V84/><F58/><W116/><G116/><T6/><D127/><U125/><E125/><V25/><F101/><W94/><G124/><T57/><D69/><U13/><E43/><V114/><F100/><W63/><G63/><T29/><D67/><U90/><E85/><V47/><F47/><W32/><G36/><T109/><D109/><U126/><E126/><V66/><F66/><W110/><G32/><T104/><D104/><U80/><E80/><V64/><F64/><W42/><G110/><T68/><D68/><U77/><E77/><N who="2" m="46191" /><F114/><W121/><G42/><T35/><D35/><U73/><E73/><V31/><F31/><W123/><G123/><T86/><D78/><U82/><E82/><V119/><F119/><W23/><G28/><T18/><D29/><U128/><E128/><V133/><F133/><W130/><G130/><T75/><D75/><U38/><E38/><V56/><F56/><W30/><G30/><T40/><D40/><U98/><E71/><V7/><F7/><W118/><G118/><T129/><D129/><U72/><E65/><V113/><F113/><RYUUKYOKU ba="0,0" sc="250,-15,250,-15,250,15,250,15" hai2="4,9,12,14,19,25,26,27,49,50" hai3="8,10,22,23,44,46,76,79,92,94,99,120,121" /><INIT seed="1,1,0,2,1,109" ten="235,235,265,265" oya="1" hai0="42,54,43,23,52,60,38,116,105,93,92,98,50" hai1="103,58,18,6,55,97,49,67,65,127,20,87,21" hai2="85,117,106,29,33,2,13,32,125,25,48,68,102" hai3="131,119,122,72,133,14,69,75,108,26,40,30,44"/><U112/><E112/><V73/><F73/><W135/><G69/><T9/><D38/><U134/><E127/><V88/><F2/><W34/><G122/><T89/><D105/><U24/><E134/><N who="3" m="51210" /><G108/><T95/><D116/><U59/><E6/><V16/><F68/><W94/><G131/><T129/><D129/><U107/><E59/><V124/><F33/><W76/><G76/><T5/><D23/><U62/><E49/><V77/><F77/><W115/><G119/><T64/><D93/><U41/><E41/><V47/><F102/><W114/><G14/><T130/><D95/><U19/><REACH who="1" step="1"/><E87/><REACH who="1" ten="235,225,265,265" step="2"/><V31/><F117/><W128/><G128/><T83/><D130/><U110/><E110/><V56/><F125/><W101/><G75/><T39/><D43/><U46/><E46/><V7/><F124/><W53/><G72/><T120/><D42/><U118/><E118/><V27/><F7/><W78/><G40/><T81/><D39/><U22/><E22/><BYE who="1" /><V17/><F56/><W11/><G11/><T104/><D9/><U66/><E66/><V79/><F32/><W123/><G34/><UN n1="%E3%82%A6%E3%83%AB%E3%83%88%E3%83%A9%E7%AB%8B%E7%9B%B4" /><T3/><D5/><U74/><E74/><V1/><F48/><W84/><G44/><T35/><D35/><U10/><E10/><V37/><F47/><W51/><G51/><T63/><D64/><U111/><E111/><V80/><F37/><W99/><G115/><T100/><D50/><U61/><E61/><V12/><F85/><W113/><G114/><T132/><D63/><U91/><E91/><V86/><F88/><W45/><G45/><T71/><D132/><RYUUKYOKU ba="1,1" sc="235,-10,225,30,265,-10,265,-10" hai1="18,19,20,21,24,55,58,62,65,67,97,103,107" /><INIT seed="1,2,1,1,3,9" ten="225,255,255,255" oya="1" hai0="131,83,73,63,1,11,105,69,119,100,47,126,118" hai1="21,132,67,5,93,43,90,123,18,71,59,3,7" hai2="91,66,99,12,24,124,36,127,70,62,98,29,110" hai3="97,45,13,54,102,106,85,114,20,56,0,111,75"/><U17/><E71/><V104/><F36/><W133/><G0/><T50/><D131/><U48/><E123/><V129/><F129/><W74/><G114/><T81/><D126/><N who="2" m="48170" /><F110/><W4/><G111/><T72/><D105/><U38/><E38/><V60/><F104/><W44/><G133/><T25/><D100/><U86/><E132/><V122/><F122/><W35/><G35/><T51/><D25/><N who="1" m="14511" /><E3/><V94/><F62/><W101/><G101/><T14/><D1/><U28/><E28/><V76/><F76/><W64/><G64/><T108/><D108/><U79/><E79/><V103/><F12/><W42/><G74/><T134/><D134/><U16/><E67/><V19/><F19/><N who="1" m="7209" /><E59/><V95/><F24/><W130/><G130/><T55/><D69/><U68/><E68/><V34/><F34/><W65/><G75/><T57/><D73/><U135/><E135/><V27/><F27/><W82/><G65/><N who="0" m="39151" /><D72/><U37/><E37/><V84/><F29/><W107/><G106/><T96/><D119/><U87/><E87/><AGARI ba="2,1" hai="60,66,70,84,87,91,94,95,98,99,103" m="48170" machi="87" ten="30,1000,0" yaku="18,1" doraHai="9" who="2" fromWho="1" sc="225,0,255,-16,255,26,255,0" /><INIT seed="2,0,0,4,0,115" ten="225,239,281,255" oya="2" hai0="68,134,59,18,119,124,41,31,98,58,51,2,26" hai1="80,106,64,130,95,22,83,82,77,117,122,30,19" hai2="53,76,17,66,1,107,50,96,101,127,23,10,108" hai3="70,11,25,109,38,48,112,74,71,105,55,56,100"/><V28/><F66/><W75/><G112/><T67/><D68/><U20/><E106/><V9/><F1/><W97/><G109/><T44/><D2/><U89/><E130/><V33/><F33/><W40/><G11/><T123/><D123/><U60/><E122/><V72/><F28/><W133/><G133/><T46/><D124/><U116/><E77/><V65/><F65/><W16/><G71/><T128/><D128/><U121/><E30/><V21/><F21/><W7/><G7/><T62/><D134/><U114/><E114/><V36/><F36/><W45/><REACH who="3" step="1"/><G70/><REACH who="3" ten="225,239,281,245" step="2"/><T29/><D46/><U78/><E121/><V99/><F108/><W135/><G135/><T57/><D59/><U34/><E78/><V13/><F127/><W47/><G47/><T102/><D58/><U129/><E129/><V52/><F9/><W63/><G63/><T125/><D125/><U85/><E34/><V84/><F10/><W14/><G14/><T61/><D62/><U126/><E126/><V131/><F131/><W110/><G110/><T132/><D132/><U54/><E20/><AGARI ba="0,1" hai="16,20,25,38,40,45,48,55,56,74,75,97,100,105" machi="20" ten="40,2600,0" yaku="1,1,54,1,53,0" doraHai="115" doraHaiUra="88" who="3" fromWho="1" sc="225,0,239,-26,281,0,245,36" /><INIT seed="3,0,0,1,1,14" ten="225,213,281,281" oya="3" hai0="133,35,118,11,94,135,89,41,108,1,34,43,92" hai1="106,87,37,119,39,23,112,124,76,101,13,117,61" hai2="4,111,47,126,82,77,15,7,12,9,79,73,21" hai3="62,6,59,30,69,44,36,130,131,103,134,75,63"/><W83/><G134/><T2/><D118/><N who="1" m="45067" /><E112/><V17/><F79/><N who="3" m="44543" /><G103/><T57/><D57/><U74/><E74/><V110/><F126/><W98/><G98/><T90/><REACH who="0" step="1"/><D11/><REACH who="0" ten="215,213,281,281" step="2"/><U10/><E124/><V45/><REACH who="2" step="1"/><F4/><REACH who="2" ten="215,213,271,281" step="2"/><W48/><G6/><T38/><D38/><U88/><E39/><V8/><F8/><W100/><G36/><T46/><D46/><AGARI ba="0,2" hai="7,9,12,15,17,21,45,46,47,73,77,82,110,111" machi="46" ten="40,5200,0" yaku="1,1,52,1,53,1" doraHai="14" doraHaiUra="104" who="2" fromWho="0" sc="215,-52,213,0,271,72,281,0" /><INIT seed="4,0,0,1,5,0" ten="163,213,343,281" oya="0" hai0="128,81,133,33,102,38,45,115,16,86,19,1,65" hai1="61,60,106,36,67,50,37,57,55,89,100,126,108" hai2="91,97,10,88,113,7,31,119,5,20,74,21,62" hai3="94,69,14,107,75,127,43,79,90,129,49,28,26"/><T96/><D115/><U54/><E100/><V134/><F74/><W32/><G107/><T66/><D133/><U29/><E106/><V9/><F113/><W71/><G129/><T118/><D118/><U25/><E89/><V135/><F119/><W77/><G127/><T30/><D128/><U8/><E108/><V111/><F62/><W110/><G110/><T82/><D1/><U72/><E72/><V3/><F111/><W27/><G27/><T109/><D109/><U51/><E8/><V112/><F112/><W63/><G79/><T80/><D86/><U53/><E25/><N who="2" m="16807" /><F21/><W99/><G63/><T103/><D38/><N who="1" m="14955" /><E29/><V130/><F130/><W83/><G43/><T35/><D45/><U22/><E22/><V56/><F56/><W125/><G49/><N who="1" m="18442" /><E126/><V120/><F97/><W122/><G125/><T76/><D76/><U92/><E92/><V104/><F104/><W47/><G94/><T131/><D131/><U117/><E117/><V17/><F17/><N who="0" m="6730" /><D30/><U124/><E124/><V84/><F84/><W87/><G87/><T34/><D96/><U95/><E95/><V70/><F135/><W44/><G75/><T58/><D58/><AGARI ba="0,0" hai="53,54,55,57,58,60,61,67" m="18442,14955" machi="58" ten="30,8000,1" yaku="35,5" doraHai="0" who="1" fromWho="0" sc="163,-80,213,80,343,0,281,0" /><INIT seed="5,0,0,2,2,90" ten="83,293,343,281" oya="1" hai0="109,22,57,115,106,55,119,92,54,113,107,70,84" hai1="21,102,81,133,6,104,108,66,64,100,4,48,43" hai2="78,103,112,32,63,95,60,135,25,29,58,26,73" hai3="51,71,134,110,28,101,105,59,44,9,62,20,24"/><U122/><E122/><V124/><F78/><W5/><G110/><T130/><D70/><U96/><E133/><V45/><F73/><W0/><G134/><T33/><D109/><U42/><E108/><V14/><F135/><W118/><G71/><T65/><D33/><U74/><E74/><V27/><F124/><W18/><G118/><T116/><D22/><U127/><E127/><V93/><F103/><N who="1" m="39465" /><E104/><V98/><F98/><W23/><G105/><T13/><D13/><U53/><E96/><V83/><F112/><W80/><G101/><T49/><D49/><U99/><E99/><V114/><F83/><W76/><G51/><T52/><D57/><U129/><E81/><V34/><F58/><W30/><G44/><T40/><D40/><N who="1" m="15403" /><E21/><V46/><F114/><N who="0" m="43530" /><D65/><N who="1" m="25195" /><E129/><V50/><F32/><W61/><G23/><T56/><D130/><U36/><E36/><V125/><F34/><W132/><G132/><T85/><D56/><AGARI ba="0,0" hai="4,6,48,53,56" m="25195,15403,39465" machi="56" ten="30,1500,0" yaku="8,1" doraHai="90" who="1" fromWho="0" sc="83,-15,293,15,343,0,281,0" /><INIT seed="5,1,0,0,4,87" ten="68,308,343,281" oya="1" hai0="121,78,82,125,115,48,112,54,91,84,77,27,80" hai1="70,122,9,86,24,118,15,100,96,92,40,67,97" hai2="55,47,58,33,65,98,99,126,114,34,49,90,13" hai3="2,11,74,135,110,81,66,116,56,95,69,123,102"/><U52/><E122/><V61/><F126/><W88/><G110/><T36/><D125/><U113/><E118/><V60/><F114/><W7/><G123/><T51/><D36/><U31/><E113/><V64/><F33/><W17/><G69/><T32/><D121/><U1/><E1/><V26/><F13/><W94/><G116/><T131/><D131/><U0/><E0/><V41/><F34/><W43/><G43/><T101/><D101/><U127/><E127/><V10/><F10/><W119/><G119/><T124/><D124/><U79/><E40/><V59/><F26/><W28/><G28/><T62/><D62/><U75/><E75/><V68/><REACH who="2" step="1"/><F90/><REACH who="2" ten="68,308,333,281" step="2"/><W14/><G135/><T37/><D32/><U18/><E9/><V106/><F106/><W63/><G102/><T93/><D27/><U103/><E15/><V19/><F19/><W107/><G107/><T35/><D35/><U105/><E18/><V4/><F4/><W42/><G42/><T129/><D129/><U3/><E3/><V104/><F104/><W20/><REACH who="3" step="1"/><G74/><REACH who="3" ten="68,308,333,271" step="2"/><T38/><D112/><U130/><E105/><V45/><F45/><W83/><G83/><T109/><D115/><U117/><E117/><V111/><F111/><W8/><G8/><T133/><D109/><U21/><E130/><V108/><F108/><W76/><G76/><T22/><D133/><U16/><E31/><V128/><F128/><W57/><G57/><T6/><D82/><U85/><E79/><V44/><F44/><W71/><G71/><T50/><D78/><U134/><E70/><V30/><F30/><RYUUKYOKU ba="1,2" sc="68,-15,308,-15,333,15,271,15" hai2="41,47,49,55,58,59,60,61,64,65,68,98,99" hai3="2,7,11,14,17,20,56,63,66,81,88,94,95" /><INIT seed="6,2,2,3,2,52" ten="53,293,348,286" oya="2" hai0="23,55,60,53,76,48,34,101,50,1,31,14,128" hai1="13,68,63,43,45,131,123,65,90,93,94,87,106" hai2="100,56,46,108,36,89,120,7,17,37,19,11,2" hai3="9,42,80,134,29,119,105,110,41,117,118,116,104"/><V30/><F120/><W39/><G110/><T49/><D1/><U81/><E106/><V112/><F100/><W78/><G134/><T27/><D128/><U82/><E131/><V122/><F122/><W132/><G132/><T40/><D101/><U61/><E123/><V113/><F30/><W84/><G29/><T103/><D103/><U32/><E32/><V85/><F108/><W83/><G118/><T47/><D34/><U129/><E129/><V74/><F74/><W21/><G21/><T99/><D99/><U24/><E24/><V126/><F126/><W70/><G70/><T6/><D76/><U66/><E13/><V96/><F96/><W0/><G83/><T71/><D71/><U91/><E45/><V8/><F46/><W33/><G33/><T114/><D114/><N who="2" m="44138" /><F56/><W51/><G39/><N who="2" m="14921" /><F11/><W59/><G104/><T35/><D35/><U97/><E43/><V44/><F44/><W64/><G105/><T133/><D133/><U69/><AGARI ba="2,2" hai="61,63,65,66,68,69,81,82,87,90,91,93,94,97" machi="69" ten="20,2700,0" yaku="0,1,7,1,9,1" doraHai="52" who="1" fromWho="1" sc="53,-9,293,53,348,-15,286,-9" /><INIT seed="7,0,0,0,0,126" ten="44,346,333,277" oya="3" hai0="129,115,54,75,53,2,21,52,31,8,26,87,97" hai1="128,77,5,135,71,16,94,88,79,102,20,114,99" hai2="14,47,98,18,85,118,67,78,19,36,86,63,42" hai3="64,134,108,121,96,23,51,101,73,25,104,56,0"/><W125/><G121/><T70/><D75/><U131/><E71/><V57/><F118/><W62/><G0/><T3/><D70/><U133/><E5/><V100/><F78/><N who="1" m="29705" /><E114/><V110/><F110/><W124/><G108/><T58/><D115/><U45/><E45/><V12/><F12/><W33/><G73/><T55/><D97/><U132/><E88/><V35/><F35/><W66/><G33/><T105/><D105/><U103/><E103/><V84/><REACH who="2" step="1"/><F14/><AGARI ba="0,0" hai="14,16,20,94,99,102,128,131,132,133,135" m="29705" machi="14" ten="40,8000,1" yaku="20,1,52,2,54,1" doraHai="126" who="1" fromWho="2" sc="44,0,346,80,333,-80,277,0" owari="44,-46.0,426,53.0,253,-15.0,277,8.0" /></mjloggm>