<mjloggm ver="2.3"><GO type="33" lobby="0"/><UN n0="%E5%B0%B1%E6%B4%BB%E7%94%9F%40%E5%B7%9D%E6%9D%91%E8%BB%8D%E5%9B%A3" n1="%64%61%69%6D%61%6F%75" n2="%69%6D%6F%6D%75%63%68%69" n3="%E3%81%8F%E3%81%99%E3%81%AE%E3%81%8D" dan="14,14,13,14" rate="1951.59,1837.58,1838.08,1974.68" sx="M,M,F,M"/><TAIKYOKU oya="0"/><INIT seed="0,0,0,5,5,10" ten="250,250,250,250" oya="0" hai0="70,81,85,108,59,90,58,30,77,53,65,95,96" hai1="123,1,18,73,126,31,42,130,45,21,93,122,83" hai2="63,113,104,72,60,84,71,94,47,115,0,79,117" hai3="67,64,36,14,102,48,66,24,15,5,89,116,61"/><T91/><D70/><U129/><E73/><V132/><F104/><W22/><G36/><T127/><D127/><U20/><E83/><V99/><F72/><W50/><G102/><T131/><D131/><N who="1" m="50187" /><E126/><V74/><F74/><W39/><G39/><T75/><D108/><U107/><E1/><V105/><F105/><W51/><G116/><T2/><D2/><U37/><E107/><V121/><F121/><W124/><G124/><T133/><D133/><U13/><E93/><V111/><F111/><W119/><G119/><T97/><D30/><U100/><E100/><V69/><F117/><W114/><G114/><T106/><D106/><U32/><E32/><V118/><F118/><W12/><G89/><T38/><D38/><U120/><E21/><V40/><F0/><W109/><G109/><T29/><D29/><AGARI ba="0,0" hai="13,18,20,29,31,37,42,45,120,122,123" m="50187" machi="29" ten="40,2600,0" yaku="19,1,52,1" doraHai="10" who="1" fromWho="0" sc="250,-26,250,26,250,0,250,0" /><INIT seed="1,0,0,0,3,15" ten="224,276,250,250" oya="1" hai0="36,6,103,14,38,35,40,46,92,71,1,117,45" hai1="12,113,111,43,88,25,100,19,121,83,20,31,120" hai2="62,63,16,106,13,49,68,118,42,129,41,32,64" hai3="53,21,67,80,26,60,56,59,123,4,2,33,95"/><U7/><E113/><V55/><F118/><W134/><G123/><T84/><D117/><U85/><E100/><V110/><F129/><W72/><G33/><T97/><D71/><U105/><E105/><V127/><F32/><W108/><G108/><T133/><D35/><U126/><E111/><V47/><F110/><W57/><G134/><T99/><D133/><U30/><E7/><V54/><F106/><W116/><G116/><T29/><D29/><U77/><E126/><V10/><F127/><W96/><G4/><T115/><D1/><U98/><E31/><V130/><F130/><W107/><G2/><T65/><D115/><U81/><E43/><V11/><F11/><W66/><G107/><T24/><D24/><U39/><E39/><V18/><F18/><N who="3" m="12599" /><G80/><T8/><D65/><N who="3" m="24585" /><G72/><T17/><D97/><U82/><E82/><V75/><F75/><W124/><G124/><T58/><D84/><U34/><REACH who="1" step="1"/><E98/><REACH who="1" ten="224,266,250,250" step="2"/><V51/><REACH who="2" step="1"/><F62/><REACH who="2" ten="224,266,240,250" step="2"/><W94/><G60/><T23/><D38/><U61/><E61/><V73/><F73/><AGARI ba="0,2" hai="12,19,20,25,30,34,73,77,81,83,85,88,120,121" machi="73" ten="30,11600,0" yaku="1,1,7,1,52,1,54,1,53,0" doraHai="15" doraHaiUra="91" who="1" fromWho="2" sc="224,0,266,136,240,-116,250,0" /><INIT seed="1,1,0,5,4,66" ten="224,402,124,250" oya="1" hai0="43,128,18,6,88,41,106,55,75,48,35,110,103" hai1="67,27,125,15,126,65,81,113,38,99,101,50,116" hai2="21,2,37,63,132,17,134,5,89,108,39,45,135" hai3="23,72,84,107,32,20,86,96,124,117,78,36,16"/><U14/><E38/><V77/><F77/><W123/><G123/><T121/><D75/><U10/><E116/><V64/><F108/><W76/><G32/><T28/><D121/><U74/><E15/><V91/><F5/><W44/><G72/><T102/><D110/><U42/><E27/><V4/><F4/><W95/><G107/><T115/><D115/><U9/><E9/><V90/><F2/><W85/><G124/><N who="1" m="47722" /><E74/><V47/><F39/><W79/><G117/><T61/><D128/><U120/><E81/><V98/><F98/><W129/><G129/><T94/><D106/><N who="1" m="63807" /><E120/><V62/><F37/><W133/><G133/><T33/><D33/><U119/><E113/><V19/><F63/><W49/><G36/><T46/><D35/><U40/><E119/><V7/><F7/><W127/><G127/><T60/><D28/><U82/><E82/><V29/><F29/><W3/><G3/><T11/><D102/><U131/><E131/><V73/><F73/><W114/><G114/><T83/><D103/><U93/><E93/><V53/><F53/><W1/><G1/><T54/><D83/><U0/><E0/><V51/><F21/><W22/><G16/><T12/><D6/><N who="1" m="3415" /><E40/><N who="0" m="15433" /><D55/><U8/><E8/><V100/><F100/><N who="3" m="60447" /><G76/><T71/><D71/><U109/><E109/><V57/><REACH who="2" step="1"/><F47/><AGARI ba="1,0" hai="42,47,50,65,67" m="3415,63807,47722" machi="47" ten="30,1500,0" yaku="18,1" doraHai="66" who="1" fromWho="2" sc="224,0,402,18,124,-18,250,0" /><INIT seed="1,2,0,4,4,122" ten="224,420,106,250" oya="1" hai0="76,27,49,84,30,38,90,33,32,9,7,1,95" hai1="121,114,39,82,18,91,74,45,86,48,89,112,59" hai2="106,115,25,68,70,80,79,117,63,50,44,88,17" hai3="75,65,71,52,85,128,36,72,102,51,5,37,119"/><U53/><E121/><V77/><F117/><W11/><G128/><T40/><D76/><U15/><E112/><V54/><F106/><W73/><G119/><T67/><D67/><U118/><E114/><V41/><F115/><W6/><G102/><T10/><D10/><U96/><E118/><V29/><F17/><W93/><G93/><T103/><D103/><U124/><E74/><V60/><F77/><W0/><G6/><T127/><D38/><U23/><E124/><V22/><F63/><W132/><G132/><T12/><D127/><U43/><REACH who="1" step="1"/><E96/><REACH who="1" ten="224,410,106,250" step="2"/><V20/><F20/><W34/><G75/><T61/><D33/><U35/><E35/><V98/><F98/><W56/><G73/><T8/><D32/><U100/><E100/><V19/><F29/><W16/><G72/><T28/><D28/><U131/><E131/><V46/><F79/><AGARI ba="2,1" hai="15,18,23,39,43,45,48,53,59,79,82,86,89,91" machi="79" ten="30,2900,0" yaku="1,1,7,1,53,0" doraHai="122" doraHaiUra="2" who="1" fromWho="2" sc="224,0,410,45,106,-35,250,0" /><INIT seed="1,3,0,0,5,13" ten="224,455,71,250" oya="1" hai0="117,36,16,111,56,20,107,119,40,57,43,64,82" hai1="132,127,83,77,69,61,9,78,125,72,28,113,120" hai2="90,108,99,110,102,35,52,73,131,0,22,124,121" hai3="50,51,59,104,60,26,58,21,71,88,8,39,14"/><U85/><E120/><V100/><F35/><W29/><G104/><T62/><D107/><U105/><E105/><V67/><F0/><W66/><G39/><T95/><D111/><U24/><E113/><V92/><F121/><W4/><G71/><T17/><D82/><U46/><E78/><V133/><F67/><W49/><G59/><T103/><D56/><U118/><E118/><V41/><F73/><W96/><REACH who="3" step="1"/><G51/><REACH who="3" ten="224,455,71,240" step="2"/><T15/><D117/><U101/><E69/><V65/><F65/><W76/><G76/><T63/><D36/><U89/><E77/><V10/><F131/><W112/><G112/><T23/><D63/><U31/><E61/><V55/><F133/><W33/><G33/><T45/><D45/><U1/><E46/><V87/><F124/><W94/><AGARI ba="3,1" hai="4,8,14,21,26,29,49,50,58,60,66,88,94,96" machi="94" ten="30,8000,1" yaku="1,1,0,1,8,1,54,1,53,1" doraHai="13" doraHaiUra="91" who="3" fromWho="3" sc="224,-23,455,-43,71,-23,240,99" /><INIT seed="2,0,0,4,5,132" ten="201,412,48,339" oya="2" hai0="119,5,99,70,126,86,77,61,108,27,134,96,74" hai1="55,117,75,87,29,15,54,66,38,98,58,56,121" hai2="92,125,49,57,81,110,116,91,104,71,103,35,135" hai3="109,52,24,105,30,26,20,93,3,17,37,41,46"/><V122/><F122/><W16/><G105/><T118/><D5/><U113/><E75/><V67/><F135/><W22/><G3/><T48/><D134/><U19/><E117/><N who="0" m="44553" /><D74/><U36/><E29/><V28/><F116/><W13/><G109/><T106/><D27/><U1/><E66/><V111/><F125/><W112/><G112/><T42/><D108/><N who="2" m="41514" /><F81/><W64/><G64/><N who="0" m="41231" /><D106/><U6/><E1/><V94/><F67/><W53/><REACH who="3" step="1"/><G93/><REACH who="3" ten="201,412,48,329" step="2"/><T4/><D126/><U102/><E113/><V114/><F114/><W44/><G44/><N who="0" m="25623" /><D4/><U123/><E6/><V72/><F72/><W0/><G0/><T83/><AGARI ba="0,1" hai="77,83,86,96,99" m="25623,41231,44553" machi="83" ten="30,1100,0" yaku="12,1" doraHai="132" who="0" fromWho="0" sc="201,21,412,-3,48,-5,329,-3" /><INIT seed="3,0,0,4,3,91" ten="222,409,43,326" oya="3" hai0="51,131,58,88,61,2,104,53,72,111,77,128,115" hai1="110,50,47,87,11,12,76,48,18,55,126,64,120" hai2="90,29,102,100,127,117,83,39,82,103,80,6,54" hai3="19,56,108,5,98,37,106,36,24,70,93,44,49"/><W21/><G70/><T89/><D2/><U81/><E120/><V0/><F39/><W17/><G106/><T66/><D104/><U27/><E126/><V34/><F54/><W121/><G121/><T68/><D115/><U133/><E133/><V15/><F0/><W94/><G108/><T71/><D111/><U52/><E110/><V119/><F127/><W1/><G1/><T41/><D71/><U97/><E55/><V125/><F125/><W95/><G5/><T45/><D72/><U35/><E50/><V8/><F29/><N who="3" m="17551" /><G36/><T3/><D77/><U114/><E114/><V84/><F34/><W42/><G37/><T122/><D122/><U38/><E38/><V30/><F30/><W69/><G69/><T25/><D25/><U4/><E27/><V33/><F33/><W16/><G56/><T43/><D3/><U134/><E35/><V75/><F15/><W85/><G85/><T113/><D113/><U46/><E87/><V116/><F6/><W79/><G79/><T32/><D32/><U99/><E4/><V62/><F62/><W112/><G112/><T67/><D67/><U96/><E134/><V59/><F59/><W26/><G26/><T129/><REACH who="0" step="1"/><D43/><REACH who="0" ten="212,409,43,326" step="2"/><U130/><E12/><V135/><F8/><W124/><G124/><T65/><D65/><U9/><E64/><V78/><REACH who="2" step="1"/><F135/><REACH who="2" ten="212,409,33,326" step="2"/><W31/><G31/><T14/><D14/><U13/><E13/><V23/><F23/><W63/><G63/><AGARI ba="0,2" hai="41,45,51,53,58,61,63,66,68,88,89,128,129,131" machi="63" ten="40,5200,0" yaku="1,1,19,1,54,1,53,0" doraHai="91" doraHaiUra="109" who="0" fromWho="3" sc="212,72,409,0,33,0,326,-52" owari="284,8.0,409,52.0,33,-47.0,274,-13.0" /></mjloggm>