<mjloggm ver="2.3"><GO type="41" lobby="0"/><UN n0="%43%48%41%4E%43%45%21" n1="%E5%86%B7%E9%9D%99" n2="%68%61%6E%64%6F%75%74" n3="%E3%82%A6%E3%83%AB%E3%83%88%E3%83%A9%E7%AB%8B%E7%9B%B4" dan="15,13,13,15" rate="1989.56,1854.73,1832.66,2015.93" sx="M,M,M,M"/><TAIKYOKU oya="0"/><INIT seed="0,0,0,2,3,133" ten="250,250,250,250" oya="0" hai0="107,28,1,83,119,13,72,118,20,135,95,61,35" hai1="75,79,45,66,96,78,100,52,117,32,132,69,14" hai2="9,31,106,56,108,87,127,97,130,11,70,22,54" hai3="21,46,26,48,68,73,23,27,74,94,115,58,121"/><T29/><D107/><U71/><E132/><V17/><F130/><W42/><G68/><T109/><D72/><U38/><E32/><V36/><F36/><W39/><G115/><T43/><D135/><U114/><E117/><N who="0" m="44553" /><D83/><U92/><E114/><V93/><F70/><W90/><G121/><T111/><D95/><U89/><E66/><V64/><F108/><N who="0" m="41546" /><D61/><U12/><E75/><V59/><F106/><W113/><G113/><T80/><D80/><U76/><E71/><V104/><F104/><W10/><G73/><T110/><D43/><U67/><E69/><V25/><F87/><W41/><G41/><T88/><D88/><U3/><E89/><V47/><F47/><W122/><G46/><T103/><D103/><U86/><E100/><V30/><F64/><W81/><G42/><T62/><D62/><U4/><E67/><V128/><F59/><W51/><G94/><T57/><D57/><U44/><E92/><V101/><F56/><W123/><G58/><T116/><N who="0" m="41554" /><T2/><N who="0" m="44561" /><DORA hai="131" /><T77/><DORA hai="91" /><D77/><U37/><E76/><V40/><F128/><W129/><G90/><T50/><D50/><U99/><E78/><V65/><F54/><W7/><G129/><T63/><D63/><U85/><E79/><V60/><F65/><W126/><G81/><T53/><D53/><U102/><E52/><V33/><F60/><W0/><G74/><T55/><D55/><U124/><E102/><V49/><F40/><W120/><G51/><T6/><D35/><U16/><E44/><V24/><F33/><W19/><G48/><T34/><D34/><RYUUKYOKU ba="0,0" sc="250,0,250,0,250,0,250,0" /><INIT seed="1,1,0,0,4,69" ten="250,250,250,250" oya="1" hai0="104,56,46,95,85,130,88,13,77,93,22,38,49" hai1="11,127,68,53,126,1,96,51,60,39,76,128,72" hai2="73,90,42,48,97,114,71,70,86,67,106,54,99" hai3="36,58,28,100,117,105,34,132,20,63,81,10,123"/><U30/><E30/><V33/><F73/><W83/><G34/><T47/><D104/><U31/><E31/><V121/><F33/><W15/><G105/><T29/><D130/><U52/><E128/><V7/><F114/><W9/><G123/><T82/><D93/><U8/><E96/><V16/><F7/><W109/><G109/><T122/><D122/><U57/><E68/><V6/><F6/><W108/><G108/><T55/><D38/><U23/><E39/><V115/><F115/><W98/><G36/><T64/><D64/><U5/><E11/><V19/><F42/><W107/><G132/><T44/><D46/><U14/><E72/><V27/><F27/><W3/><G3/><T2/><D2/><U40/><E76/><V134/><F134/><W25/><G117/><T35/><D35/><U110/><E40/><V131/><F131/><W125/><G125/><N who="1" m="47626" /><E110/><V61/><F71/><W45/><G45/><T74/><D29/><U65/><E51/><V102/><F99/><W17/><G9/><T135/><D135/><U32/><E32/><V78/><F78/><W43/><G43/><T103/><D103/><U37/><E37/><V124/><F124/><W62/><G62/><T91/><D91/><U101/><E101/><V129/><F129/><W84/><G84/><T4/><D4/><U112/><E112/><V111/><F111/><W94/><REACH who="3" step="1"/><G107/><REACH who="3" ten="250,250,250,240" step="2"/><T119/><REACH who="0" step="1"/><D119/><REACH who="0" ten="240,250,250,240" step="2"/><U75/><E75/><V92/><REACH who="2" step="1"/><F121/><REACH who="2" ten="240,250,240,240" step="2"/><W59/><G59/><AGARI ba="1,3" hai="16,19,48,54,59,61,67,70,86,90,92,97,102,106" machi="59" ten="30,7700,0" yaku="1,1,2,1,7,1,54,1,53,0" doraHai="69" doraHaiUra="120" who="2" fromWho="3" sc="240,0,250,0,240,110,240,-80" /><INIT seed="2,0,0,5,1,127" ten="240,250,350,160" oya="2" hai0="125,52,44,83,55,67,73,79,17,113,30,0,118" hai1="135,121,8,126,102,12,111,64,107,60,130,131,70" hai2="36,19,116,24,95,13,66,103,40,59,63,57,106" hai3="69,21,20,78,1,119,108,2,41,7,133,5,6"/><V53/><F106/><W14/><G41/><T98/><D113/><U87/><E111/><V62/><F116/><W23/><G69/><T97/><D0/><N who="3" m="105" /><G78/><T76/><D125/><U75/><E126/><V117/><F117/><W10/><G119/><T32/><D118/><U104/><E121/><V123/><F123/><W128/><G108/><T100/><D79/><U90/><E75/><V81/><F81/><W91/><G91/><T22/><D97/><U112/><E135/><V46/><F24/><W74/><G74/><T85/><D73/><U89/><E112/><V61/><F103/><W51/><G51/><T29/><D32/><U31/><E31/><N who="0" m="11785" /><D67/><U26/><E26/><V84/><F95/><W109/><G109/><T96/><D44/><U35/><E35/><V101/><F84/><W94/><G94/><N who="0" m="58391" /><D98/><N who="1" m="61527" /><E87/><V71/><F101/><W58/><G133/><T115/><D115/><U50/><E50/><N who="2" m="30903" /><F19/><N who="3" m="8663" /><G58/><T86/><D86/><U39/><E39/><V82/><F13/><AGARI ba="0,0" hai="13,17,22,52,55,76,83,85" m="58391,11785" machi="13" ten="30,2000,0" yaku="8,1,54,1" doraHai="127" who="0" fromWho="2" sc="240,20,250,0,350,-20,160,0" /><INIT seed="3,0,0,2,0,81" ten="260,250,330,160" oya="3" hai0="14,118,92,114,0,73,117,133,35,94,27,53,62" hai1="72,61,20,2,105,70,39,128,15,127,108,51,13" hai2="78,97,109,37,67,115,129,131,71,64,112,16,43" hai3="55,38,95,93,29,49,85,83,7,12,99,88,80"/><W110/><G38/><T23/><D73/><U134/><RYUUKYOKU type="yao9" ba="0,0" sc="260,0,250,0,330,0,160,0" hai1="2,13,15,20,39,51,61,70,72,105,108,127,128,134" /><INIT seed="3,1,0,3,4,41" ten="260,250,330,160" oya="3" hai0="122,62,39,43,124,2,44,0,56,125,58,81,114" hai1="110,117,42,33,12,18,78,130,46,5,89,68,87" hai2="16,57,59,131,85,63,50,98,31,27,99,71,135" hai3="129,53,82,70,11,80,97,49,17,106,121,67,30"/><W93/><G106/><T7/><D7/><U29/><E110/><V25/><F131/><W77/><G129/><T107/><D107/><U48/><E78/><V4/><F71/><W20/><G121/><T116/><D62/><U23/><E117/><V69/><F69/><W38/><G38/><T10/><D10/><U28/><E130/><V100/><F4/><W51/><G67/><T128/><D81/><N who="1" m="49391" /><E33/><V127/><F135/><W88/><G70/><T73/><D73/><U72/><E72/><V8/><F85/><W133/><G133/><T101/><D101/><U104/><E104/><V120/><F100/><W36/><G36/><T134/><D128/><U111/><E111/><V26/><F127/><W64/><G64/><T40/><D134/><U102/><E68/><V126/><F126/><W66/><G66/><T119/><D39/><U35/><E35/><V37/><F37/><W60/><G60/><T96/><D96/><U132/><E132/><V61/><F50/><W92/><G51/><T15/><D15/><N who="1" m="9695" /><E102/><V83/><F31/><N who="1" m="11849" /><E5/><V123/><F83/><W55/><G93/><T3/><D3/><U108/><E108/><V19/><F27/><N who="3" m="16743" /><G77/><T6/><D114/><U1/><E1/><V45/><F8/><W109/><G109/><T22/><D122/><U21/><E21/><V47/><AGARI ba="1,0" hai="16,19,25,26,45,47,57,59,61,63,98,99,120,123" machi="47" ten="25,12000,2" yaku="0,1,22,2,52,2,54,1" doraHai="41" who="2" fromWho="2" sc="260,-31,250,-31,330,123,160,-61" /><INIT seed="4,0,0,1,4,116" ten="229,219,453,99" oya="0" hai0="129,85,105,61,2,12,21,114,88,58,32,40,79" hai1="70,1,42,3,124,93,122,96,65,72,53,128,63" hai2="98,37,13,100,20,27,113,46,75,11,101,5,73" hai3="89,39,109,14,18,55,102,74,10,33,81,83,115"/><T41/><D32/><U22/><E72/><V35/><F35/><W36/><G33/><T127/><D2/><U6/><E42/><V68/><F68/><W51/><G109/><T44/><D105/><U15/><E122/><V82/><F37/><W104/><G115/><T66/><D114/><U99/><E124/><V31/><F46/><W8/><G102/><T7/><D127/><U131/><E53/><V95/><F113/><W76/><G104/><T121/><D121/><U106/><E106/><V52/><F101/><W34/><G34/><T86/><D129/><N who="1" m="49739" /><E99/><V126/><F126/><W123/><G123/><T130/><D130/><U43/><E43/><V117/><F117/><W29/><G29/><T60/><D60/><U125/><E125/><V120/><F120/><W50/><G50/><T91/><D44/><U30/><E6/><V4/><F4/><W24/><G24/><T59/><D59/><U38/><E38/><V49/><F82/><W23/><G23/><T47/><D47/><U133/><E133/><V62/><F62/><W119/><G8/><N who="0" m="4127" /><D21/><U90/><E30/><V112/><REACH who="2" step="1"/><F112/><REACH who="2" ten="229,219,443,99" step="2"/><W64/><G119/><T97/><D40/><U92/><E63/><V134/><F134/><W9/><G39/><T84/><D41/><U78/><E70/><V16/><F16/><W77/><G36/><T108/><D108/><U54/><E3/><V132/><F132/><W0/><G0/><T103/><D79/><U25/><E78/><V80/><F80/><N who="3" m="30795" /><G77/><T110/><D110/><U17/><E1/><V107/><F107/><W19/><G76/><T135/><D135/><RYUUKYOKU ba="0,1" sc="229,15,219,-15,443,15,99,-15" hai0="58,61,66,84,85,86,88,91,97,103" hai2="5,11,13,20,27,31,49,52,73,75,95,98,100" /><INIT seed="4,1,1,0,0,50" ten="244,204,458,84" oya="0" hai0="49,99,90,28,2,114,37,116,73,70,8,94,54" hai1="78,7,125,17,66,26,31,81,105,13,86,101,41" hai2="19,97,68,71,110,56,63,21,115,83,51,43,61" hai3="47,122,128,107,112,117,98,55,3,33,52,92,88"/><T6/><D114/><U95/><E105/><V108/><F83/><W35/><G3/><T89/><D116/><U42/><E125/><V25/><F115/><W106/><G112/><T134/><D134/><U75/><E7/><V60/><F97/><W131/><G117/><T103/><D70/><U93/><E66/><V36/><F21/><W67/><G67/><T0/><D73/><U27/><E95/><V111/><F19/><W76/><G76/><T132/><D132/><U57/><E57/><V29/><F29/><W5/><G5/><T129/><D129/><N who="3" m="49737" /><G122/><T38/><D0/><U45/><E75/><V91/><F91/><W23/><G23/><T4/><D4/><U62/><E62/><N who="2" m="24171" /><F25/><N who="1" m="9225" /><E45/><N who="2" m="23783" /><F51/><N who="3" m="28799" /><G55/><AGARI ba="1,1" hai="55,56,63,68,71,108,110,111" m="23783,24171" machi="55" ten="30,3900,0" yaku="34,2,52,1" doraHai="50" who="2" fromWho="3" sc="244,0,204,0,458,52,84,-42" /><INIT seed="5,0,0,1,3,83" ten="244,204,510,42" oya="1" hai0="66,55,99,37,117,106,135,17,5,104,3,6,67" hai1="107,19,90,76,53,31,82,100,34,127,81,54,108" hai2="97,68,20,116,36,44,91,84,75,129,88,134,25" hai3="92,103,78,130,30,125,14,4,18,86,101,22,64"/><U110/><E127/><V15/><F68/><W2/><G125/><T80/><D80/><U38/><E38/><V85/><F129/><W35/><G130/><T72/><D99/><U61/><E19/><V10/><F134/><W96/><G64/><T124/><D55/><U51/><E61/><V109/><F75/><W133/><G133/><T94/><D17/><U89/><E107/><V0/><F0/><W122/><G122/><T50/><D94/><U128/><E100/><V111/><F116/><W87/><G78/><T57/><D57/><U114/><E128/><V59/><F111/><N who="1" m="42537" /><E114/><V120/><F120/><W56/><G56/><T46/><D124/><U48/><E34/><V13/><F36/><W77/><G77/><T8/><D37/><U43/><E31/><N who="2" m="17831" /><F44/><W40/><G40/><T65/><D104/><U70/><E70/><V112/><F112/><W79/><G79/><T49/><D106/><U26/><E26/><V105/><F105/><W47/><G47/><T60/><D46/><N who="1" m="25695" /><E82/><N who="2" m="49175" /><F10/><N who="3" m="2327" /><G103/><T119/><D135/><U102/><E102/><V23/><F109/><W69/><G69/><T121/><D121/><U39/><E39/><V132/><F132/><W73/><G73/><T27/><D117/><U123/><E123/><V41/><F41/><W32/><G32/><T11/><D119/><U115/><E115/><V1/><F1/><W7/><G7/><T74/><D5/><U52/><E51/><V126/><F126/><W33/><G33/><T118/><D6/><U16/><E16/><V45/><F13/><W58/><G58/><T28/><D118/><U24/><E24/><AGARI ba="0,0" hai="14,18,22,24,30,35,86,87,92,96,101" m="2327" machi="24" ten="30,7700,0" yaku="6,1,24,1,52,2" doraHai="83" who="3" fromWho="1" sc="244,0,204,-77,510,0,42,77" /><INIT seed="6,0,0,4,2,111" ten="244,127,510,119" oya="2" hai0="82,116,49,24,93,9,39,99,61,127,12,21,16" hai1="112,71,135,119,47,41,26,68,86,80,74,107,124" hai2="115,76,78,36,23,19,114,50,3,34,57,31,64" hai3="105,110,67,113,134,79,117,133,65,88,73,123,25"/><V44/><F3/><W17/><G105/><T7/><D39/><U53/><E74/><V108/><F36/><W66/><G117/><T13/><D127/><U84/><E119/><V63/><F108/><W1/><G1/><T103/><D116/><U87/><E124/><V126/><F31/><W106/><G106/><T104/><D104/><U42/><E135/><N who="3" m="51722" /><G123/><T77/><D49/><U4/><E107/><V33/><F34/><W100/><G100/><T128/><D128/><U30/><E4/><V40/><F33/><W131/><G131/><T37/><D37/><U0/><E0/><V129/><F129/><W43/><G110/><T97/><D97/><U132/><E132/><V121/><F121/><W45/><G79/><T56/><D82/><U98/><E98/><V15/><REACH who="2" step="1"/><F126/><REACH who="2" ten="244,127,500,119" step="2"/><W22/><G73/><T85/><D77/><AGARI ba="0,1" hai="15,19,23,40,44,50,57,63,64,76,77,78,114,115" machi="77" ten="40,12000,1" yaku="1,1,2,1,52,2,53,0" doraHai="111" doraHaiUra="92" who="2" fromWho="0" sc="244,-120,127,0,500,130,119,0" /><INIT seed="6,1,0,1,4,48" ten="124,127,630,119" oya="2" hai0="22,65,124,135,101,60,46,15,36,76,130,27,56" hai1="41,24,71,49,16,122,134,104,3,100,127,14,92" hai2="114,110,63,107,120,69,54,118,88,43,94,64,34" hai3="33,123,73,7,99,32,18,45,4,67,79,109,53"/><V131/><F118/><W105/><G109/><T29/><D124/><U102/><E3/><V21/><F110/><W98/><G123/><T39/><D130/><U42/><E71/><V5/><F34/><W6/><G67/><T62/><D135/><U20/><E127/><V83/><F131/><W78/><G18/><T96/><D76/><N who="3" m="29225" /><G45/><T103/><D103/><U40/><E134/><V74/><F114/><W82/><G82/><T1/><D1/><U113/><E113/><V44/><F107/><W84/><G84/><T30/><D30/><N who="1" m="17671" /><E104/><V9/><F5/><W80/><G80/><T19/><D60/><U108/><E108/><V116/><F74/><W8/><G8/><T91/><D91/><U126/><E126/><V121/><F9/><W133/><G133/><T50/><D101/><N who="1" m="39019" /><E92/><V70/><F83/><W2/><G2/><T61/><D96/><N who="3" m="36905" /><G73/><T132/><D62/><U51/><E122/><V86/><F116/><W11/><G11/><AGARI ba="1,0" hai="11,14,16,40,41,42,49,51" m="39019,17671" machi="11" ten="30,2000,0" yaku="8,1,54,1" doraHai="48" who="1" fromWho="3" sc="124,0,127,23,630,0,119,-23" /><INIT seed="7,0,0,4,4,126" ten="124,150,630,96" oya="3" hai0="128,81,17,76,40,25,35,109,70,113,100,91,22" hai1="108,82,44,84,4,74,124,121,26,13,11,46,29" hai2="27,71,116,54,5,9,127,24,0,38,135,119,55" hai3="6,97,51,92,134,65,95,63,69,34,14,98,8"/><W122/><G34/><T7/><D70/><U101/><E108/><V58/><F71/><W77/><G134/><T88/><D109/><U94/><E124/><V103/><F127/><W43/><G122/><T12/><D100/><U117/><E117/><V42/><F38/><W18/><G77/><T1/><D113/><U52/><E74/><V62/><F135/><W72/><G72/><T19/><D19/><U86/><E52/><V133/><F42/><W129/><G129/><T115/><D115/><U48/><E48/><V123/><F133/><W78/><G78/><T111/><D111/><U21/><E121/><V110/><F110/><W67/><G67/><T102/><D102/><U106/><E106/><V31/><F103/><W107/><G107/><T80/><D80/><U41/><E41/><V2/><F62/><W36/><G36/><T105/><D105/><U89/><E101/><V96/><F58/><W28/><G28/><N who="0" m="19855" /><D40/><U99/><E86/><V23/><F31/><W16/><G97/><T118/><D128/><U61/><E61/><V37/><F37/><W50/><G50/><T125/><D125/><U39/><E39/><V79/><F123/><W64/><G64/><T66/><D66/><U131/><E131/><V33/><F79/><W85/><G85/><N who="0" m="48295" /><D118/><U114/><E114/><V68/><F116/><W104/><G104/><T10/><AGARI ba="0,0" hai="1,7,10,12,17,22,88,91" m="48295,19855" machi="10" ten="30,2000,0" yaku="24,1,54,1" doraHai="126" who="0" fromWho="0" sc="124,20,150,-5,630,-5,96,-10" owari="144,-26.0,145,-5.0,625,72.0,86,-41.0" /></mjloggm>