<mjloggm ver="2.3"><GO type="97" lobby="0"/><UN n0="%E6%BA%80%E8%B2%AB%E3%83%9F%E3%83%83%E3%83%89%E3%83%8A%E3%82%A4%E3%83%88" n1="%E5%B0%B1%E6%B4%BB%E7%94%9F%40%E5%B7%9D%E6%9D%91%E8%BB%8D%E5%9B%A3" n2="%68%69%72%61%74%73%75" n3="%31%38%34%EF%BC%A0%E5%B7%9D%E6%9D%91%E8%BB%8D%E5%9B%A3" dan="14,13,14,14" rate="1860.14,1905.53,2055.99,1988.37" sx="M,M,M,M"/><TAIKYOKU oya="0"/><INIT seed="0,0,0,4,2,42" ten="250,250,250,250" oya="0" hai0="109,36,13,71,101,130,110,98,73,24,27,94,19" hai1="14,15,61,62,79,85,77,57,8,97,31,76,87" hai2="4,32,34,51,131,114,52,95,66,107,60,5,129" hai3="75,56,89,59,106,104,116,93,10,128,133,134,22"/><T83/><D36/><U28/><E97/><V1/><F107/><W68/><G116/><T29/><D71/><U72/><E72/><V25/><F95/><W74/><G68/><T30/><D130/><N who="2" m="49674" /><F1/><W23/><G128/><T26/><D83/><U11/><E79/><V12/><F12/><W124/><G10/><N who="0" m="6583" /><D73/><N who="3" m="27657" /><G89/><T108/><AGARI ba="0,0" hai="24,26,27,29,30,94,98,101,108,109,110" m="6583" machi="108" ten="40,3900,0" yaku="14,1,10,1" doraHai="42" who="0" fromWho="0" sc="250,39,250,-13,250,-13,250,-13" /><INIT seed="0,1,0,2,5,30" ten="289,237,237,237" oya="0" hai0="88,82,69,117,55,3,118,12,39,85,120,104,73" hai1="124,54,92,77,2,29,34,17,45,58,132,51,87" hai2="67,126,100,93,99,50,65,125,90,102,37,6,97" hai3="123,94,26,112,131,96,128,21,8,18,133,44,63"/><T78/><D69/><U10/><E132/><V25/><F37/><W49/><G112/><T68/><D68/><U9/><E124/><N who="2" m="47723" /><F6/><W74/><G74/><T1/><D39/><U43/><E2/><V108/><F108/><W103/><G133/><T119/><D120/><U129/><E129/><N who="3" m="49738" /><G63/><T111/><D104/><U86/><E34/><V70/><F70/><W5/><G123/><T40/><D40/><U107/><E107/><V75/><F75/><W28/><G5/><T33/><D33/><U14/><E29/><V134/><F50/><W61/><G61/><T59/><D12/><U24/><E24/><V130/><F130/><W62/><G62/><T48/><REACH who="0" step="1"/><D111/><REACH who="0" ten="279,237,237,237" step="2"/><U116/><E116/><V36/><F36/><W32/><G32/><T135/><D135/><U47/><E10/><V76/><F134/><W81/><G8/><T16/><D16/><U106/><E106/><V46/><F25/><W110/><G110/><T79/><D79/><U38/><E38/><V31/><F76/><W127/><G127/><T41/><D41/><U109/><E109/><V95/><F31/><W114/><G18/><T57/><D57/><U66/><E43/><V0/><F0/><W15/><G15/><T11/><D11/><U113/><E77/><V71/><F71/><W60/><G28/><T20/><D20/><U4/><E14/><V56/><F56/><W122/><G21/><T19/><D19/><U35/><E9/><V27/><F27/><W121/><G26/><T72/><D72/><U98/><E17/><V83/><F46/><W105/><G44/><N who="1" m="16970" /><E58/><V22/><F22/><RYUUKYOKU ba="1,1" sc="279,15,237,-15,237,15,237,-15" hai0="1,3,48,55,59,73,78,82,85,88,117,118,119" hai2="65,67,83,90,93,95,97,99,100,102" /><INIT seed="0,2,1,5,2,72" ten="294,222,252,222" oya="0" hai0="93,15,128,17,113,104,76,107,29,2,79,123,24" hai1="42,16,124,65,50,35,4,114,43,62,41,46,112" hai2="109,115,38,55,108,56,100,120,99,78,88,51,39" hai3="90,133,75,85,23,26,102,95,20,68,135,61,119"/><T67/><D2/><U82/><E35/><V32/><F32/><W125/><G119/><T10/><D113/><N who="1" m="43627" /><E124/><V111/><F115/><W122/><G125/><T30/><D123/><U63/><E4/><V9/><F120/><W101/><G75/><T89/><D128/><U18/><E82/><V45/><F9/><W129/><G129/><T57/><D30/><U118/><E118/><V117/><F117/><W47/><G47/><T49/><D107/><U33/><E33/><V36/><F88/><W96/><G122/><T74/><D74/><U22/><E18/><V37/><F78/><N who="0" m="29738" /><D104/><U130/><E130/><V86/><F86/><W106/><G102/><T69/><D69/><N who="1" m="42167" /><E63/><V87/><F87/><W94/><G106/><T66/><D24/><AGARI ba="2,1" hai="16,22,24,41,42,43,46,50" m="42167,43627" machi="24" ten="30,2000,0" yaku="11,1,54,1" doraHai="72" who="1" fromWho="0" sc="294,-26,222,36,252,0,222,0" /><INIT seed="1,0,0,3,5,127" ten="268,258,252,222" oya="1" hai0="109,74,17,54,110,16,3,82,89,77,41,86,32" hai1="23,75,131,42,30,126,47,108,59,72,57,116,123" hai2="95,29,31,130,98,58,27,60,5,78,99,62,90" hai3="25,53,85,92,91,88,19,37,63,70,114,128,113"/><U115/><E116/><V87/><F5/><W133/><G37/><T4/><D32/><U103/><E123/><V8/><F8/><W66/><G133/><T45/><D54/><U36/><E126/><V18/><F62/><W51/><G128/><T39/><D89/><U44/><E115/><V102/><F78/><W119/><G119/><T1/><D86/><U100/><E108/><N who="0" m="41577" /><D1/><U117/><E117/><V69/><F69/><W84/><G25/><T68/><D68/><U96/><E131/><V49/><F49/><W132/><G132/><T28/><D28/><U6/><E6/><V135/><F130/><W9/><G9/><AGARI ba="0,0" hai="3,4,9,16,17,39,41,45,74,77,82" m="41577" machi="9" ten="30,3900,0" yaku="25,1,14,1,54,1" doraHai="127" who="0" fromWho="3" sc="268,39,258,0,252,0,222,-39" /><INIT seed="2,0,0,3,5,109" ten="307,258,252,183" oya="2" hai0="42,130,17,127,16,86,96,133,106,125,75,47,11" hai1="89,53,65,87,62,74,33,0,18,102,90,69,76" hai2="43,98,1,110,40,124,85,54,92,48,122,123,22" hai3="115,83,46,108,131,31,26,32,88,79,114,77,72"/><V13/><F1/><W128/><G108/><T2/><D75/><U119/><E119/><V132/><F110/><W118/><G118/><T50/><D86/><U56/><E74/><V41/><F132/><W68/><G68/><T73/><D73/><U15/><E0/><V93/><F124/><N who="0" m="47690" /><D133/><U70/><E33/><V30/><F123/><W14/><G14/><T36/><D130/><N who="3" m="49705" /><G77/><T95/><D106/><U81/><E102/><V99/><F85/><N who="3" m="50239" /><G46/><N who="0" m="23879" /><D11/><U35/><E35/><V84/><F84/><W24/><G24/><T91/><D2/><U78/><E78/><V10/><F122/><W29/><G29/><T116/><D116/><U134/><E134/><V129/><F129/><W94/><G94/><T63/><D63/><U45/><E70/><V80/><F80/><AGARI ba="0,0" hai="26,31,32,72,79,80,114,115" m="50239,49705" machi="80" ten="30,7700,0" yaku="19,1,52,2,54,1" doraHai="109" who="3" fromWho="2" sc="307,0,258,0,252,-77,183,77" /><INIT seed="3,0,0,0,3,122" ten="307,258,175,260" oya="3" hai0="66,19,24,93,6,9,70,116,74,60,117,80,111" hai1="90,33,12,105,3,38,71,73,132,52,95,96,114" hai2="36,72,106,56,100,77,0,65,21,23,10,112,40" hai3="25,123,8,110,34,83,120,87,125,88,35,131,11"/><W126/><G131/><T39/><D111/><U59/><E3/><V119/><F112/><W47/><G110/><T118/><D39/><U67/><E114/><V54/><F119/><W133/><G133/><T37/><D37/><U98/><E73/><V102/><F65/><W13/><G47/><T57/><D70/><U79/><E79/><V46/><F102/><W32/><G25/><T45/><D45/><U81/><E38/><V31/><F31/><W128/><G128/><T107/><D107/><U84/><E33/><V85/><F85/><W61/><G61/><T76/><D93/><U4/><E105/><V97/><F54/><W2/><G2/><T121/><D121/><U82/><E71/><V68/><F56/><W5/><REACH who="3" step="1"/><G8/><REACH who="3" ten="307,258,175,250" step="2"/><T43/><D43/><U69/><E132/><V86/><F86/><W50/><G50/><T127/><D127/><AGARI ba="0,1" hai="5,11,13,32,34,35,83,87,88,120,123,125,126,127" machi="127" ten="50,9600,0" yaku="1,1,18,1,54,1,53,0" doraHai="122" doraHaiUra="104" who="3" fromWho="0" sc="307,-96,258,0,175,0,250,106" owari="211,-19.0,258,6.0,175,-32.0,356,45.0" /></mjloggm>