<mjloggm ver="2.3"><GO type="193" lobby="0"/><UN n0="%E4%BE%86%EF%BC%8C%E6%88%B0%E5%80%8B%E7%97%9B%EF%BC%81" n1="%E3%83%9E%E3%83%AB%E3%82%B2%E3%83%AA%E3%83%BC%E3%82%BF" n2="%E5%B0%B1%E6%B4%BB%E7%94%9F%40%E5%B7%9D%E6%9D%91%E8%BB%8D%E5%9B%A3" n3="%41%6C%76%65%73" dan="15,13,12,11" rate="1944.08,1799.84,1833.77,1662.18" sx="M,M,M,M"/><TAIKYOKU oya="0"/><INIT seed="0,0,0,2,5,120" ten="250,250,250,250" oya="0" hai0="84,28,39,92,5,41,77,75,20,101,36,83,88" hai1="3,61,27,131,73,15,80,78,10,64,76,12,106" hai2="7,104,124,66,79,57,16,111,94,11,55,128,134" hai3="117,130,98,44,26,14,96,86,81,126,115,105,47"/><T18/><D28/><U114/><E114/><V90/><F104/><W29/><G117/><T1/><D41/><U89/><E131/><V49/><F128/><W6/><G115/><T45/><D45/><U33/><E106/><V116/><F116/><W100/><G126/><T19/><D101/><U8/><E78/><V121/><F124/><W97/><G130/><T13/><REACH who="0" step="1"/><D19/><REACH who="0" ten="240,250,250,250" step="2"/><N who="1" m="8583" /><E33/><V59/><F121/><W31/><G100/><T127/><D127/><U87/><E73/><V132/><F16/><W30/><G44/><T60/><D60/><U103/><E103/><V135/><F79/><W107/><G47/><T51/><D51/><U35/><E35/><V129/><F129/><W133/><G30/><T65/><D65/><U74/><E74/><V99/><F66/><W2/><G31/><T85/><D85/><U37/><E37/><V43/><F43/><W109/><G29/><T48/><D48/><U110/><E76/><V93/><F59/><W113/><G86/><T40/><D40/><U24/><E64/><V21/><F57/><W112/><G113/><T108/><D108/><U72/><E61/><V56/><F111/><W54/><G112/><T23/><D23/><U34/><E34/><V68/><F21/><W53/><G109/><T67/><D67/><U63/><E63/><V122/><F122/><W25/><G97/><T62/><D62/><U95/><E72/><V119/><F119/><W38/><G96/><T91/><D91/><N who="1" m="51687" /><E110/><V123/><F123/><W4/><G98/><T42/><D42/><U32/><E32/><V52/><F56/><W22/><G22/><RYUUKYOKU ba="0,1" sc="240,30,250,-10,250,-10,250,-10" hai0="1,5,13,18,20,36,39,75,77,83,84,88,92" /><INIT seed="0,1,1,0,0,41" ten="270,240,240,240" oya="0" hai0="60,86,70,54,102,6,38,50,18,87,48,98,66" hai1="10,71,37,85,89,14,34,1,28,2,0,83,116" hai2="77,11,117,81,97,44,135,40,84,106,90,131,5" hai3="96,59,32,128,33,61,113,67,57,133,31,124,12"/><T110/><D38/><U4/><E71/><V129/><F117/><W75/><G113/><T39/><D39/><U118/><E37/><N who="2" m="21519" /><F135/><W27/><G124/><T122/><D122/><U64/><E64/><V101/><F90/><W92/><G133/><T79/><D6/><U9/><E83/><V8/><F5/><W20/><G128/><AGARI ba="1,1" hai="8,11,77,81,84,97,101,106,128,129,131" m="21519" machi="128" ten="30,2000,0" yaku="19,1,52,1" doraHai="41" who="2" fromWho="3" sc="270,0,240,0,240,33,240,-23" /><INIT seed="1,0,0,3,0,2" ten="270,240,273,217" oya="1" hai0="110,58,4,79,117,83,112,45,63,49,7,35,30" hai1="19,106,95,80,98,82,29,36,126,92,14,114,17" hai2="57,73,67,104,23,11,96,21,100,108,28,78,41" hai3="50,65,102,66,109,31,12,13,62,125,122,37,22"/><U33/><E36/><V61/><F108/><W70/><G122/><T84/><D112/><U3/><E114/><V44/><F28/><W59/><G109/><T69/><D110/><U8/><E126/><V107/><F107/><W15/><G125/><T39/><D39/><U132/><E106/><V27/><F27/><W0/><G0/><T88/><D69/><U43/><E43/><V38/><F78/><W56/><G37/><T105/><D105/><U86/><E132/><V111/><F73/><W42/><G102/><T115/><D115/><U124/><E124/><V51/><F111/><W131/><G131/><T87/><D30/><U1/><E19/><V32/><F32/><W81/><G81/><N who="0" m="47167" /><D35/><U120/><E120/><V5/><REACH who="2" step="1"/><F38/><REACH who="2" ten="270,240,263,217" step="2"/><W48/><G31/><T134/><D117/><U119/><E29/><V93/><F93/><W85/><G70/><T60/><D134/><U135/><E33/><V26/><F26/><W71/><G71/><T123/><D123/><U16/><E119/><V89/><F89/><W9/><G9/><T116/><D116/><U101/><E135/><V34/><F34/><W54/><G22/><T64/><D63/><U128/><E128/><V99/><F99/><W75/><G75/><T6/><D49/><U68/><E68/><V97/><F97/><W53/><G85/><T127/><D127/><U46/><E92/><V91/><F91/><W103/><G103/><T90/><D90/><N who="1" m="51527" /><E82/><V47/><F47/><AGARI ba="0,1" hai="12,13,15,42,47,48,50,53,54,56,59,62,65,66" machi="47" ten="40,1300,0" yaku="8,1" doraHai="2" who="3" fromWho="2" sc="270,0,240,0,263,-13,217,23" /><AGARI ba="0,0" hai="4,6,7,45,47,58,60,64,83,87,88" m="47167" machi="47" ten="30,8000,1" yaku="8,1,52,3,54,1" doraHai="2" who="0" fromWho="2" sc="270,80,240,0,250,-80,240,0" /><INIT seed="2,0,0,0,0,2" ten="350,240,170,240" oya="2" hai0="71,68,65,132,128,21,1,92,100,35,125,52,110" hai1="120,102,45,91,9,111,104,80,28,126,109,129,123" hai2="74,24,32,47,50,89,49,131,36,67,25,101,14" hai3="54,3,87,15,27,38,133,0,16,8,135,12,97"/><V78/><F131/><W58/><G38/><T59/><D35/><U53/><E28/><V56/><F32/><W20/><G97/><T81/><D128/><U79/><E45/><V134/><F134/><N who="3" m="51211" /><G87/><T60/><D132/><U40/><E40/><V73/><F36/><W31/><G12/><T84/><D1/><U41/><E41/><V18/><F74/><W33/><G33/><T122/><D122/><N who="1" m="46635" /><E53/><N who="2" m="31791" /><F73/><W64/><G64/><T55/><D125/><U90/><E9/><N who="2" m="6479" /><F78/><W4/><G4/><T106/><D106/><U117/><E126/><V75/><F75/><W44/><G44/><T96/><D21/><U77/><E129/><V86/><F101/><W94/><G94/><T43/><D43/><U61/><E61/><AGARI ba="0,0" hai="0,3,8,15,16,20,27,31,54,58,61" m="51211" machi="61" ten="30,2000,0" yaku="20,1,54,1" doraHai="2" who="3" fromWho="1" sc="350,0,240,-20,170,0,240,20" /><INIT seed="3,0,0,5,1,119" ten="350,220,170,260" oya="3" hai0="67,75,46,89,10,95,96,91,93,90,39,43,74" hai1="49,24,34,5,133,65,134,16,29,44,102,48,14" hai2="57,131,71,105,94,108,135,33,100,51,40,36,128" hai3="104,109,78,121,19,12,76,41,92,98,116,9,25"/><W82/><G121/><T73/><D67/><U59/><E102/><V88/><F33/><W3/><G116/><T45/><D10/><N who="1" m="6231" /><E65/><V30/><F71/><W97/><G41/><T72/><N who="0" m="18432" /><DORA hai="124" /><T70/><D70/><U99/><E99/><N who="2" m="61599" /><F30/><W11/><G109/><T2/><D2/><U122/><E59/><V26/><F26/><W129/><G129/><N who="2" m="49737" /><F108/><W18/><G3/><T80/><D80/><U20/><E44/><N who="2" m="23559" /><F135/><N who="1" m="51721" /><E48/><V21/><F21/><W84/><G104/><T87/><D46/><U60/><E49/><V0/><F0/><W6/><G25/><T113/><D113/><U118/><E60/><V47/><F57/><W106/><G106/><T58/><D58/><U13/><E118/><V117/><F117/><W22/><G9/><T101/><AGARI ba="0,0" hai="39,43,45,87,89,90,91,93,95,96,101" m="18432" machi="101" ten="60,2000,0" yaku="0,1" doraHai="119,124" who="0" fromWho="0" sc="350,20,220,-5,170,-5,260,-10" owari="370,46.0,215,-18.0,165,-33.0,250,5.0" /></mjloggm>