<mjloggm ver="2.3"><GO type="1" lobby="0"/><UN n0="%E5%B0%B1%E6%B4%BB%E7%94%9F%40%E5%B7%9D%E6%9D%91%E8%BB%8D%E5%9B%A3" n1="%6F%61%63%6B" n2="%73%6F%77%32%30%31%32" n3="%E3%82%A4%E3%83%AC%E3%82%B0%E3%82%A4%EF%BC%93" dan="4,1,12,11" rate="1603.50,1531.55,1721.11,1679.17" sx="M,M,M,M"/><TAIKYOKU oya="0"/><INIT seed="0,0,0,4,2,5" ten="250,250,250,250" oya="0" hai0="45,21,97,122,70,12,41,105,73,98,44,53,77" hai1="40,34,96,112,22,8,85,54,27,43,56,65,102" hai2="72,115,55,100,101,81,67,114,93,88,133,87,110" hai3="74,103,61,80,113,31,26,33,107,46,95,76,6"/><T63/><D122/><U23/><E112/><V130/><F67/><W52/><G113/><N who="2" m="43017" /><F55/><W92/><G6/><T3/><D3/><U9/><E34/><V124/><F124/><W18/><G18/><T7/><D105/><U128/><E65/><V109/><F133/><W125/><G125/><T51/><D73/><U117/><E117/><V99/><F130/><W62/><G103/><T69/><D77/><U38/><E38/><V121/><F121/><W111/><G107/><T131/><D131/><U25/><E128/><V36/><F36/><W82/><G111/><N who="2" m="42505" /><F72/><W104/><G104/><T20/><D70/><U89/><E96/><N who="0" m="36969" /><D69/><U24/><E102/><AGARI ba="0,0" hai="81,87,88,93,99,100,101,102" m="42505,43017" machi="102" ten="30,7700,0" yaku="14,1,34,2,54,1" doraHai="5" who="2" fromWho="1" sc="250,0,250,-77,250,77,250,0" /><INIT seed="1,0,0,2,0,111" ten="250,173,327,250" oya="1" hai0="62,116,22,132,20,96,11,134,73,101,56,90,89" hai1="53,14,67,9,16,57,5,19,105,78,31,126,131" hai2="110,33,68,128,79,83,97,8,108,15,54,26,61" hai3="76,104,91,21,55,39,120,59,99,80,115,92,112"/><U28/><E105/><V38/><F38/><W48/><G120/><T106/><D73/><U43/><E43/><V94/><F128/><W127/><G39/><T72/><D72/><U41/><E126/><V95/><F68/><W0/><G127/><T58/><D116/><U70/><E131/><V121/><F121/><W102/><G0/><T113/><D11/><U30/><E78/><V65/><F65/><W51/><G21/><T3/><D3/><U133/><E41/><V7/><F97/><W82/><G48/><T49/><D49/><U124/><E124/><V37/><F37/><W17/><G17/><T75/><D75/><U36/><E36/><V87/><F33/><W71/><G71/><T81/><D58/><U18/><E133/><V1/><F1/><W64/><G64/><T4/><D4/><U44/><E70/><V10/><F26/><W135/><G135/><N who="0" m="51755" /><D113/><U84/><E67/><V12/><F54/><W27/><G27/><T100/><D100/><U63/><E84/><V125/><F61/><W50/><G50/><T29/><D29/><U130/><E130/><V74/><F74/><N who="3" m="43031" /><G82/><T85/><D90/><U122/><E122/><V60/><F60/><W88/><G91/><T107/><D107/><U118/><E118/><V77/><F77/><W32/><G32/><T66/><AGARI ba="0,0" hai="20,22,56,62,66,81,85,89,96,101,106" m="51755" machi="66" ten="30,1100,0" yaku="20,1" doraHai="111" who="0" fromWho="0" sc="250,11,173,-5,327,-3,250,-3" /><INIT seed="2,0,0,0,0,102" ten="261,168,324,247" oya="2" hai0="32,23,57,120,124,11,17,47,127,68,8,26,28" hai1="7,92,135,36,18,100,89,70,67,20,73,123,58" hai2="88,44,31,109,96,60,86,54,91,116,114,128,105" hai3="83,29,117,119,104,133,81,50,72,118,22,97,107"/><V51/><F116/><N who="3" m="29699" /><W99/><DORA hai="113" /><G50/><T69/><D120/><U27/><E123/><V40/><F114/><W46/><G22/><T53/><D47/><U3/><E135/><V15/><F128/><W80/><G29/><T43/><D43/><U126/><E126/><V98/><F109/><W130/><G46/><T87/><D68/><U16/><E36/><V110/><F110/><W21/><G21/><T131/><D69/><U95/><E73/><V48/><F31/><W24/><G24/><T41/><D41/><U65/><E70/><V4/><F60/><W38/><G38/><T14/><D131/><U93/><E100/><V10/><F105/><N who="3" m="40523" /><G130/><T61/><D124/><U30/><E3/><V0/><F0/><W37/><G37/><T25/><D127/><U106/><E7/><V34/><F34/><W108/><G108/><T71/><D71/><U52/><E106/><V5/><F5/><W62/><G62/><T45/><D45/><U66/><REACH who="1" step="1"/><E89/><REACH who="1" ten="261,158,324,247" step="2"/><N who="2" m="34379" /><F86/><W90/><G133/><T82/><D87/><U85/><E85/><V122/><F122/><W59/><G59/><AGARI ba="0,1" hai="4,10,15,40,44,48,51,54,59,96,98" m="34379" machi="59" ten="30,2900,0" yaku="8,1,54,1" doraHai="102,113" who="2" fromWho="3" sc="261,0,158,0,324,39,247,-29" /><INIT seed="2,1,0,3,5,39" ten="261,158,363,218" oya="2" hai0="58,43,57,24,119,83,77,84,1,130,52,104,103" hai1="7,51,115,33,116,121,72,126,26,44,99,59,108" hai2="36,106,50,20,30,76,117,79,97,46,120,22,118" hai3="109,15,85,45,3,100,2,55,8,16,74,14,13"/><V92/><F120/><W28/><G109/><T68/><D119/><U47/><E108/><V105/><F36/><W125/><G74/><T86/><D68/><U29/><E115/><V101/><F117/><W133/><G125/><T122/><D122/><U66/><E116/><V135/><F118/><W95/><G133/><T89/><D130/><U21/><E121/><V82/><F135/><W31/><G100/><T65/><D1/><N who="3" m="9" /><G85/><T102/><D104/><U124/><E72/><V6/><F6/><N who="3" m="3223" /><G95/><T90/><D77/><N who="2" m="29770" /><F106/><W34/><G55/><T107/><D107/><U12/><E126/><V19/><F105/><W62/><G45/><T129/><D129/><U91/><E124/><V56/><F82/><W88/><G62/><T70/><D70/><U27/><E33/><V134/><F134/><W71/><G88/><T81/><D65/><U38/><E38/><V10/><F30/><N who="3" m="11307" /><G71/><T132/><D132/><U25/><E47/><V23/><F56/><W80/><G80/><T48/><D24/><U4/><E4/><V18/><F46/><W49/><G49/><T63/><REACH who="0" step="1"/><D43/><REACH who="0" ten="251,158,363,218" step="2"/><U67/><E12/><N who="3" m="4650" /><G34/><T87/><D87/><U128/><E29/><V5/><F50/><W40/><G40/><T78/><D78/><U41/><E128/><V35/><F35/><W37/><G37/><T75/><D75/><U17/><E7/><V11/><F101/><W60/><G60/><T110/><D110/><U111/><E111/><V112/><F97/><W53/><G53/><T98/><D98/><U96/><E96/><V123/><F123/><W54/><G54/><T61/><D61/><RYUUKYOKU ba="1,1" sc="251,15,158,-15,363,-15,218,15" hai0="48,52,57,58,63,81,83,84,86,89,90,102,103" hai3="16" /><INIT seed="3,2,1,1,3,4" ten="266,143,348,233" oya="3" hai0="44,120,49,99,125,10,130,3,41,70,64,112,60" hai1="48,20,88,58,15,101,31,22,133,63,17,11,67" hai2="34,68,39,9,79,80,14,121,129,7,128,105,65" hai3="40,92,83,85,82,106,104,126,54,59,47,21,42"/><W5/><G126/><T109/><D120/><U100/><E133/><V53/><F121/><W25/><G5/><T12/><D109/><U24/><E48/><V43/><F105/><W122/><G122/><T23/><D112/><U102/><E22/><V75/><F34/><W73/><G106/><T37/><D125/><U97/><E88/><V69/><F65/><W62/><G104/><T110/><D130/><N who="2" m="50282" /><F53/><W56/><G73/><T118/><D110/><U1/><E1/><V51/><F51/><N who="3" m="29055" /><G92/><T135/><D135/><U131/><E131/><V86/><F75/><W30/><G85/><T76/><D76/><U6/><E6/><V8/><F8/><W115/><G115/><T71/><D118/><U19/><E19/><V108/><F108/><W0/><G0/><T93/><D3/><U35/><E35/><V66/><F66/><N who="3" m="39239" /><G59/><T72/><D72/><U18/><E18/><V33/><F33/><W81/><AGARI ba="2,1" hai="21,25,30,40,42,81,82,83" m="39239,29055" machi="81" ten="30,1500,0" yaku="8,1" doraHai="4" who="3" fromWho="3" sc="266,-7,143,-7,348,-7,233,31" /><INIT seed="3,3,0,3,2,95" ten="259,136,341,264" oya="3" hai0="102,40,23,12,108,69,77,19,41,58,26,124,43" hai1="18,82,34,127,71,125,84,55,78,67,118,89,105" hai2="93,5,85,54,65,61,64,48,42,97,56,44,133" hai3="116,130,132,10,68,38,111,100,75,7,20,66,115"/><W121/><RYUUKYOKU type="yao9" ba="3,0" sc="259,0,136,0,341,0,264,0" hai3="7,10,20,38,66,68,75,100,111,115,116,121,130,132" /><INIT seed="3,4,0,4,3,75" ten="259,136,341,264" oya="3" hai0="109,82,33,47,52,80,25,131,124,45,22,106,99" hai1="130,54,90,129,27,55,20,42,13,38,6,35,31" hai2="103,30,15,78,107,62,24,57,112,4,7,44,91" hai3="128,56,135,61,74,14,89,5,76,104,64,133,21"/><W73/><G128/><N who="1" m="49258" /><E90/><V94/><F112/><W71/><G104/><T67/><D131/><U28/><E54/><V108/><F108/><W116/><G116/><T66/><D33/><U19/><E42/><V115/><F115/><W93/><G71/><T43/><D124/><U49/><E49/><V102/><F107/><W92/><G5/><T53/><D109/><U34/><E55/><V59/><F44/><W72/><G76/><T2/><D2/><U41/><E41/><V40/><F40/><W110/><G110/><T39/><D106/><U68/><E68/><V100/><F15/><W10/><G21/><T29/><D99/><U9/><E38/><V77/><F62/><W48/><G48/><T37/><D43/><U69/><E69/><V60/><F60/><W0/><G0/><T121/><D22/><U3/><E31/><V125/><F125/><W32/><G32/><T122/><D29/><U8/><E35/><V16/><F30/><W50/><G50/><T113/><REACH who="0" step="1"/><D25/><REACH who="0" ten="249,136,341,264" step="2"/><U84/><E84/><N who="2" m="52583" /><F24/><W88/><BYE who="1" /><G10/><T96/><D96/><U81/><E81/><V126/><F126/><W98/><REACH who="3" step="1"/><G14/><REACH who="3" ten="249,136,341,254" step="2"/><T1/><D1/><U65/><E65/><V123/><F16/><UN n1="%6F%61%63%6B" /><W101/><G101/><T58/><D58/><N who="2" m="22026" /><F123/><W26/><G26/><T79/><D79/><AGARI ba="4,2" hai="4,7,77,78,79,100,102,103" m="22026,52583" machi="79" ten="30,7700,0" yaku="8,1,52,3" doraHai="75" who="2" fromWho="0" sc="249,-89,136,0,341,109,254,0" owari="160,-24.0,136,-36.0,450,55.0,254,5.0" /></mjloggm>