<mjloggm ver="2.3"><GO type="193" lobby="0"/><UN n0="%28%C2%B4%E3%83%BB%CF%89%E3%83%BB%29%EF%BC%8F" n1="%37%E7%A5%9E" n2="%E5%B0%B1%E6%B4%BB%E7%94%9F%40%E5%B7%9D%E6%9D%91%E8%BB%8D%E5%9B%A3" n3="%4E%3F" dan="12,10,11,12" rate="1750.96,1548.21,1765.77,1610.98" sx="M,M,M,M"/><TAIKYOKU oya="0"/><INIT seed="0,0,0,3,4,118" ten="250,250,250,250" oya="0" hai0="125,100,98,134,94,135,114,25,59,3,26,37,1" hai1="81,58,86,33,45,32,52,34,10,108,115,48,70" hai2="38,80,29,109,72,6,64,60,99,22,67,28,87" hai3="13,19,20,49,44,15,55,110,117,83,113,127,11"/><T43/><D37/><U30/><E70/><V111/><F72/><W121/><G113/><T78/><D43/><U18/><E115/><V124/><F38/><W53/><G117/><T57/><D78/><U66/><E108/><N who="2" m="41547" /><F124/><W40/><G110/><T132/><D125/><U9/><E30/><N who="2" m="11883" /><F60/><W90/><G127/><T56/><REACH who="0" step="1"/><D114/><REACH who="0" ten="240,250,250,250" step="2"/><U76/><REACH who="1" step="1"/><E18/><REACH who="1" ten="240,240,250,250" step="2"/><V50/><F6/><W123/><G40/><T21/><D21/><U35/><N who="1" m="8704" /><DORA hai="65" /><U46/><E46/><V51/><F22/><W69/><G69/><T24/><AGARI ba="0,2" hai="1,3,24,25,26,56,57,59,94,98,100,132,134,135" machi="24" ten="40,24000,3" yaku="1,1,0,1,29,2,20,1,53,3" doraHai="118,65" doraHaiUra="68,54" who="0" fromWho="0" sc="240,260,240,-80,250,-80,250,-80" /><INIT seed="0,1,0,1,3,76" ten="500,160,170,170" oya="0" hai0="101,28,54,42,128,25,50,66,65,96,4,58,85" hai1="14,84,88,67,77,117,129,97,73,81,95,44,52" hai2="119,74,56,43,23,33,120,10,122,75,118,39,124" hai3="24,7,19,26,3,16,135,0,103,91,45,5,134"/><T133/><D133/><U100/><E117/><N who="2" m="44555" /><F33/><W64/><G103/><T130/><D4/><N who="3" m="1609" /><G64/><T27/><D85/><U108/><E67/><N who="0" m="25609" /><D42/><U2/><E2/><N who="3" m="554" /><G45/><T69/><D69/><U82/><E14/><V109/><F23/><W46/><G46/><T116/><D28/><U36/><E108/><V15/><F43/><W13/><G91/><T87/><D87/><U40/><REACH who="1" step="1"/><E129/><REACH who="1" ten="500,150,170,170" step="2"/><N who="0" m="49769" /><D116/><U89/><E89/><V47/><F109/><W104/><G13/><T125/><D125/><U79/><E79/><V72/><F124/><W83/><G104/><AGARI ba="1,1" hai="25,27,50,54,58,96,101,104" m="49769,25609" machi="104" ten="30,1500,0" yaku="19,1" doraHai="76" who="0" fromWho="3" sc="500,28,150,0,170,0,170,-18" /><INIT seed="0,2,0,3,2,5" ten="528,150,170,152" oya="0" hai0="86,120,128,20,100,67,60,99,14,37,91,135,71" hai1="51,52,57,89,108,59,13,4,114,119,93,75,6" hai2="16,124,12,0,90,65,82,133,72,83,110,64,17" hai3="50,130,61,15,84,56,77,63,36,47,105,123,46"/><T87/><D128/><U31/><E75/><V113/><F0/><W118/><G105/><T95/><D120/><U23/><E119/><V101/><F113/><W21/><G118/><T125/><D135/><U24/><E114/><V107/><F133/><W29/><G123/><T117/><D117/><U98/><E108/><V109/><F124/><W22/><G130/><T44/><D44/><U103/><E57/><V80/><F72/><W27/><G36/><T2/><D2/><U69/><E13/><V49/><F90/><W94/><G50/><T28/><D37/><U111/><E69/><V53/><F107/><W116/><G116/><T54/><D125/><U85/><REACH who="1" step="1"/><E111/><REACH who="1" ten="528,140,170,152" step="2"/><V25/><F110/><W74/><G74/><T129/><D129/><U76/><E76/><V131/><F109/><W96/><G77/><T33/><D33/><U48/><E48/><V55/><F131/><W1/><G1/><T19/><D28/><U9/><E9/><V132/><F132/><W73/><G73/><T18/><D54/><U70/><E70/><V35/><F53/><W81/><G61/><T66/><D66/><U121/><E121/><V106/><F64/><W26/><G15/><T126/><D126/><U45/><E45/><V79/><F65/><W41/><G41/><T34/><D34/><U7/><E7/><V8/><F79/><W127/><G127/><T32/><D32/><U78/><E78/><V88/><F49/><W40/><G40/><T11/><D100/><U3/><E3/><V104/><F55/><W42/><G42/><T102/><D102/><U92/><AGARI ba="2,1" hai="4,6,23,24,31,51,52,59,85,89,92,93,98,103" machi="92" ten="20,12000,2" yaku="1,1,5,1,0,1,7,1,8,1,54,1,53,0" doraHai="5" doraHaiUra="62" who="1" fromWho="1" sc="528,-62,140,136,170,-32,152,-32" /><INIT seed="1,0,0,4,2,78" ten="466,276,138,120" oya="1" hai0="120,101,21,24,113,132,20,98,6,14,71,65,123" hai1="135,102,95,38,31,115,36,85,76,17,7,10,126" hai2="131,82,55,107,74,127,5,124,37,100,35,133,33" hai3="43,57,58,103,53,91,79,68,30,99,12,51,27"/><U92/><E115/><V26/><F37/><W54/><G68/><T0/><D71/><U93/><E126/><N who="2" m="48171" /><F5/><W22/><G79/><T60/><D113/><U19/><E135/><V25/><F133/><W48/><G43/><T2/><D132/><U114/><E114/><V75/><F131/><W18/><G91/><T111/><D60/><U32/><E102/><V104/><F55/><W119/><G119/><T134/><D65/><U39/><E32/><N who="2" m="12363" /><F100/><W83/><G83/><T105/><D134/><U49/><E31/><V129/><F129/><W121/><G121/><N who="0" m="46667" /><D111/><U96/><E49/><V15/><F15/><W81/><G81/><T11/><D21/><U117/><E117/><V88/><F88/><W130/><G130/><T1/><D1/><U94/><E96/><V23/><F23/><W122/><G122/><T73/><D73/><N who="2" m="27658" /><F82/><W106/><G106/><AGARI ba="0,0" hai="25,26,104,106,107" m="27658,12363,48171" machi="106" ten="40,5200,0" yaku="28,2,18,1" doraHai="78" who="2" fromWho="3" sc="466,0,276,0,138,52,120,-52" /><INIT seed="2,0,0,5,1,32" ten="466,276,190,68" oya="2" hai0="99,20,61,63,129,118,8,89,55,7,11,5,134" hai1="40,23,87,44,27,70,81,39,67,14,56,2,86" hai2="83,47,79,128,21,9,133,1,4,54,78,104,84" hai3="38,3,94,49,88,6,116,30,122,51,17,19,71"/><V110/><F104/><W92/><G116/><T82/><D118/><U48/><E70/><V33/><F33/><W42/><G122/><T80/><D129/><U97/><E2/><V114/><F114/><W77/><G71/><T15/><D134/><U102/><E14/><V60/><F110/><W68/><G68/><T125/><D125/><U69/><E69/><V108/><F108/><W50/><G77/><T103/><D20/><U72/><E72/><V57/><F133/><W13/><G30/><T74/><D74/><U31/><E81/><V29/><F128/><W105/><G105/><T24/><D24/><U96/><E48/><V113/><F113/><W43/><G38/><T107/><D55/><U124/><E124/><V34/><F34/><W93/><G3/><T111/><D111/><U28/><E28/><V10/><F10/><W65/><G65/><T126/><D126/><U100/><E100/><V90/><REACH who="2" step="1"/><F47/><REACH who="2" ten="466,276,180,68" step="2"/><W22/><G6/><T59/><D59/><U121/><E121/><V120/><F120/><W109/><G109/><T35/><D35/><U75/><E75/><V52/><F52/><W0/><G0/><T25/><D107/><U73/><E73/><V115/><F115/><W131/><G131/><T64/><D11/><U135/><E135/><V58/><F58/><W85/><REACH who="3" step="1"/><G19/><REACH who="3" ten="466,276,180,58" step="2"/><T37/><D5/><U26/><E27/><AGARI ba="0,2" hai="1,4,9,21,27,29,54,57,60,78,79,83,84,90" machi="27" ten="40,3900,0" yaku="1,1,52,1,53,0" doraHai="32" doraHaiUra="36" who="2" fromWho="1" sc="466,0,276,-39,180,59,58,0" /><INIT seed="2,1,0,4,3,27" ten="466,237,239,58" oya="2" hai0="83,80,69,103,85,17,58,67,65,77,106,118,99" hai1="119,46,86,11,39,0,127,7,111,132,22,117,56" hai2="36,13,10,74,107,44,32,133,52,62,29,122,68" hai3="35,97,108,33,87,94,6,34,53,28,54,105,5"/><V37/><F122/><W59/><G108/><T31/><D118/><U55/><E119/><V78/><F107/><W129/><G129/><T116/><D69/><U130/><E117/><V4/><F133/><W109/><G109/><T131/><D131/><U102/><E111/><V88/><F68/><W92/><G105/><T48/><D116/><U45/><E130/><V93/><F78/><W40/><G40/><T61/><D65/><U8/><E132/><V18/><F74/><W16/><G87/><T79/><D48/><U89/><E127/><V30/><F32/><W57/><G34/><T113/><D113/><U72/><E72/><V51/><F62/><W71/><G71/><T101/><D101/><U95/><E102/><V104/><F104/><W135/><G135/><T115/><D115/><U114/><E39/><V2/><F37/><W21/><G97/><T26/><D17/><U23/><E114/><V76/><F76/><W124/><G124/><T98/><D98/><U100/><E100/><V90/><F36/><W3/><G3/><T14/><D14/><U125/><E11/><V24/><F90/><W12/><G28/><T96/><D96/><U70/><E125/><V19/><F2/><W82/><G82/><T84/><D31/><N who="2" m="11786" /><F24/><AGARI ba="1,0" hai="24,26,58,61,67,77,79,80,83,84,85,99,103,106" machi="24" ten="40,1300,0" yaku="9,1" doraHai="27" who="0" fromWho="2" sc="466,16,237,0,239,-16,58,0" /><INIT seed="3,0,0,0,1,110" ten="482,237,223,58" oya="3" hai0="71,11,9,42,112,102,46,6,105,116,14,103,39" hai1="83,124,73,25,111,89,15,53,113,58,7,127,47" hai2="49,48,90,109,88,1,78,40,79,44,121,57,19" hai3="93,61,62,17,85,128,38,67,34,80,21,29,50"/><W2/><G38/><T56/><D116/><U18/><E111/><V99/><F1/><W104/><G2/><T41/><D105/><U74/><E47/><N who="2" m="25703" /><F109/><W96/><G104/><T91/><D42/><U37/><E37/><V101/><F121/><W5/><G128/><T119/><D71/><U30/><E7/><V117/><F117/><W4/><G50/><T122/><D112/><U70/><E70/><V32/><F32/><W12/><G62/><T69/><D69/><U45/><E45/><V135/><F135/><W13/><G34/><T60/><D122/><U132/><E132/><V63/><F101/><W129/><G129/><T76/><D76/><N who="2" m="29226" /><F19/><W75/><G13/><T118/><D119/><U0/><E0/><V33/><F99/><W35/><G29/><T84/><D11/><U55/><E113/><V16/><F16/><W100/><G35/><T65/><D118/><U126/><E89/><V28/><F28/><W131/><G131/><T106/><D106/><U31/><E83/><AGARI ba="0,0" hai="6,9,14,39,41,46,56,60,65,83,84,91,102,103" machi="83" ten="30,1000,0" yaku="7,1" doraHai="110" who="0" fromWho="1" sc="482,10,237,-10,223,0,58,0" owari="492,59.0,227,3.0,223,-18.0,58,-44.0" /></mjloggm>