<mjloggm ver="2.3"><GO type="41" lobby="0"/><UN n0="%73%6F%72%65%63%68%61%69" n1="%62%61%74%61%70%69" n2="%E5%B0%B1%E6%B4%BB%E7%94%9F%40%E5%B7%9D%E6%9D%91%E8%BB%8D%E5%9B%A3" n3="%49%61%70%65%74%75%73" dan="14,13,15,15" rate="1837.60,1877.92,1977.10,2032.55" sx="M,M,M,M"/><TAIKYOKU oya="0"/><INIT seed="0,0,0,5,2,111" ten="250,250,250,250" oya="0" hai0="87,18,0,57,78,63,88,128,68,35,120,127,133" hai1="41,44,108,129,51,102,116,16,20,113,19,118,37" hai2="5,90,79,64,73,52,119,126,82,122,15,43,13" hai3="33,17,91,6,60,9,53,38,29,71,131,39,12"/><T10/><D120/><U61/><E108/><V59/><F122/><W123/><G131/><T28/><D78/><U46/><E129/><V97/><F119/><W25/><G123/><T23/><D128/><U76/><E19/><V117/><F117/><W121/><G121/><T34/><D68/><U21/><E21/><V101/><F126/><W69/><G91/><T80/><D127/><U3/><E3/><V81/><F64/><W1/><G71/><T105/><D105/><U50/><E37/><V48/><F43/><W89/><G89/><T125/><D28/><U49/><E49/><V96/><F5/><W26/><G26/><T65/><D125/><U4/><E4/><V94/><REACH who="2" step="1"/><F82/><REACH who="2" ten="250,250,240,250" step="2"/><W30/><G69/><T36/><D133/><U84/><E118/><V55/><F55/><W32/><G53/><T75/><D0/><U62/><E116/><V95/><AGARI ba="0,1" hai="13,15,48,52,59,73,79,81,90,94,95,96,97,101" machi="95" ten="20,5200,0" yaku="1,1,0,1,7,1,54,1,53,0" doraHai="111" doraHaiUra="70" who="2" fromWho="2" sc="250,-26,250,-13,240,62,250,-13" /><INIT seed="1,0,0,2,3,28" ten="224,237,302,237" oya="1" hai0="60,6,62,12,33,91,109,119,41,40,118,23,100" hai1="121,90,107,18,8,22,82,112,27,127,74,38,49" hai2="50,39,94,2,34,129,29,89,114,35,24,132,105" hai3="96,20,9,98,69,104,25,0,42,108,46,83,16"/><U102/><E121/><V135/><F105/><W115/><G108/><T47/><D100/><U116/><E38/><V78/><F39/><W71/><G115/><T11/><D109/><U124/><E116/><V19/><F2/><W128/><G128/><T64/><D91/><U3/><E112/><V26/><F78/><W86/><G96/><T84/><D84/><U67/><E67/><V80/><F80/><W32/><G32/><N who="2" m="12329" /><F114/><W88/><G104/><T57/><D33/><U7/><E107/><V63/><F29/><W123/><G123/><T97/><D97/><U55/><E102/><V52/><F19/><W68/><G98/><T93/><D93/><U56/><REACH who="1" step="1"/><E90/><REACH who="1" ten="224,227,302,237" step="2"/><V110/><F129/><W85/><G88/><T51/><D119/><U111/><E111/><V95/><F110/><W54/><G71/><T99/><D118/><U106/><E106/><V131/><F131/><W117/><G69/><T122/><D122/><U14/><E14/><V61/><F94/><W72/><G68/><T76/><D76/><AGARI ba="0,1" hai="3,7,8,18,22,27,49,55,56,74,76,82,124,127" machi="76" ten="40,2000,0" yaku="1,1,53,0" doraHai="28" doraHaiUra="103" who="1" fromWho="0" sc="224,-20,227,30,302,0,237,0" /><INIT seed="1,1,0,3,3,3" ten="204,257,302,237" oya="1" hai0="36,93,108,100,25,21,96,104,44,1,12,29,61" hai1="134,16,99,22,95,9,70,38,32,66,28,20,35" hai2="84,26,91,45,56,59,131,106,2,13,65,83,40" hai3="103,89,105,125,6,102,132,0,37,71,17,130,128"/><U118/><E38/><V67/><F2/><W135/><G37/><T112/><D1/><U115/><E118/><V120/><F106/><W10/><G71/><T76/><D112/><U123/><E115/><V33/><F120/><W49/><G49/><T64/><D108/><U74/><E74/><V43/><F131/><N who="3" m="50219" /><G89/><T23/><D76/><U15/><E123/><V7/><F33/><W46/><G46/><T114/><D114/><U121/><E121/><V117/><F26/><W68/><G68/><T42/><D12/><U24/><E35/><V94/><F117/><W57/><G57/><N who="2" m="22089" /><F83/><W4/><G17/><T80/><D80/><U110/><E110/><V119/><F119/><W34/><G6/><T133/><D104/><U109/><E109/><V54/><F54/><W51/><G51/><T127/><D21/><U79/><E79/><V27/><F27/><W111/><G111/><T81/><D81/><U31/><E31/><V75/><F75/><W78/><G78/><T129/><D129/><U126/><E66/><N who="2" m="25099" /><F45/><W124/><G34/><T69/><D133/><N who="3" m="51273" /><G105/><T11/><REACH who="0" step="1"/><D11/><AGARI ba="1,0" hai="7,11,13,40,43,84,91,94" m="25099,22089" machi="11" ten="30,2000,0" yaku="8,1,52,1" doraHai="3" who="2" fromWho="0" sc="204,-23,257,0,302,23,237,0" /><INIT seed="2,0,0,5,0,67" ten="181,257,325,237" oya="2" hai0="22,109,118,6,38,23,60,72,86,55,87,102,29" hai1="98,25,133,10,5,47,88,17,41,13,77,59,106" hai2="123,2,93,122,65,132,39,0,68,45,85,100,57" hai3="96,95,37,11,73,119,20,74,4,111,49,125,110"/><V3/><F132/><W101/><G119/><T54/><D38/><U32/><E133/><V51/><F39/><W76/><G125/><T18/><D118/><U131/><E131/><V120/><F57/><W104/><G37/><T46/><D72/><U66/><E77/><V117/><F117/><W48/><G20/><T108/><D6/><U129/><E106/><V14/><F14/><W99/><G48/><T15/><D102/><U82/><E32/><V26/><F26/><W79/><G49/><T16/><D29/><U103/><E103/><V75/><F75/><N who="3" m="28683" /><G11/><T114/><D114/><U64/><E129/><V34/><F34/><W1/><G4/><T91/><D60/><N who="1" m="37919" /><E66/><V134/><F134/><W94/><G1/><T30/><D30/><U92/><E82/><V127/><F127/><W52/><G52/><N who="0" m="20011" /><D91/><U43/><E47/><V70/><F65/><W33/><G33/><T58/><D58/><U24/><E5/><V27/><F27/><AGARI ba="0,0" hai="10,13,17,24,25,27,41,43,88,92,98" m="37919" machi="27" ten="30,2000,0" yaku="8,1,54,1" doraHai="67" who="1" fromWho="2" sc="181,0,257,20,325,-20,237,0" /><INIT seed="3,0,0,3,4,76" ten="181,277,305,237" oya="3" hai0="12,102,103,106,26,19,55,5,110,131,121,40,1" hai1="125,9,112,35,79,134,66,94,46,119,39,32,62" hai2="20,104,25,78,15,96,82,77,111,34,68,122,60" hai3="41,116,88,109,92,99,75,93,135,130,133,74,2"/><W7/><G116/><T10/><D121/><U49/><E112/><V84/><F111/><W86/><G41/><T47/><D110/><U30/><E39/><V100/><F122/><W73/><G7/><T45/><D131/><U123/><E119/><V13/><F77/><W54/><G2/><T118/><D118/><U22/><E123/><V108/><F108/><W105/><G54/><T64/><D64/><U90/><E79/><V17/><F34/><W8/><G8/><T120/><D120/><U27/><E9/><V114/><F114/><W113/><G109/><T52/><D106/><U24/><E24/><V3/><F3/><W65/><G65/><T115/><D115/><U67/><E67/><V126/><F126/><W128/><G113/><T37/><D26/><U117/><E117/><V80/><F68/><W72/><N who="3" m="18944" /><DORA hai="11" /><W85/><G105/><T14/><D55/><U69/><E125/><V23/><F60/><W38/><G38/><T101/><D19/><U50/><E49/><V98/><F82/><W63/><G63/><T132/><D132/><N who="3" m="50761" /><G85/><T48/><AGARI ba="0,0" hai="1,5,10,12,14,37,40,45,47,48,52,101,102,103" machi="48" ten="30,7900,0" yaku="0,1,52,2,54,1" doraHai="76,11" who="0" fromWho="0" sc="181,79,277,-20,305,-20,237,-39" /><INIT seed="4,0,0,5,5,116" ten="260,257,285,198" oya="0" hai0="88,135,49,17,86,67,13,39,85,59,11,90,10" hai1="101,20,44,119,33,126,14,4,52,115,5,56,72" hai2="120,91,7,68,47,71,114,22,113,134,127,30,128" hai3="103,53,25,75,80,117,26,99,78,48,42,6,36"/><T60/><D39/><U110/><E33/><V82/><F7/><W16/><G117/><T43/><D135/><U104/><E119/><V125/><F30/><W132/><G132/><T133/><D133/><U89/><E110/><V3/><F3/><W111/><G111/><T73/><D73/><U57/><E72/><V76/><F22/><W1/><G42/><T66/><D66/><U40/><E126/><N who="2" m="48139" /><F134/><W64/><G64/><T106/><D106/><U112/><E40/><V8/><F8/><W65/><G65/><T74/><D74/><U27/><E89/><N who="0" m="34409" /><D10/><N who="1" m="4423" /><E101/><V105/><F105/><W97/><G36/><T96/><D96/><U18/><E104/><V118/><F118/><W29/><G6/><T46/><AGARI ba="0,0" hai="11,13,17,43,46,49,59,60,67,85,86" m="34409" machi="46" ten="30,3000,0" yaku="8,1,54,1" doraHai="116" who="0" fromWho="0" sc="260,30,257,-10,285,-10,198,-10" /><INIT seed="4,1,0,3,0,40" ten="290,247,275,188" oya="0" hai0="31,51,46,125,6,102,63,67,135,73,12,59,60" hai1="127,26,85,105,80,21,93,119,61,13,133,62,103" hai2="122,132,15,34,77,7,57,97,53,47,64,74,42" hai3="23,58,110,96,71,20,56,72,90,55,89,117,33"/><T70/><D73/><U43/><E119/><V18/><F132/><W4/><G110/><T88/><D135/><U36/><E105/><V28/><F122/><W1/><G117/><T10/><D125/><U2/><E2/><V116/><F116/><W86/><G33/><T81/><D102/><U16/><E133/><V76/><F64/><W24/><G72/><T118/><D118/><U87/><E127/><V91/><F7/><W128/><G128/><T27/><D63/><U22/><E36/><V8/><F74/><W50/><G71/><T98/><D70/><U131/><E43/><V25/><F91/><W5/><G1/><T92/><D81/><U124/><E124/><V108/><F97/><W52/><G96/><T99/><D99/><U48/><E48/><V45/><F108/><W109/><G109/><T30/><D27/><U66/><E66/><V17/><F17/><W11/><G11/><T101/><D101/><U129/><E131/><V134/><F134/><W3/><G3/><T126/><D126/><U49/><E49/><V111/><F111/><W9/><G9/><T121/><D121/><U104/><E104/><V95/><F95/><W75/><G75/><T39/><D39/><U123/><E123/><V54/><F54/><AGARI ba="1,0" hai="6,10,12,30,31,46,51,54,59,60,67,88,92,98" machi="54" ten="30,11600,0" yaku="7,1,8,1,52,1,54,1" doraHai="40" who="0" fromWho="2" sc="290,119,247,0,275,-119,188,0" /><INIT seed="4,2,0,2,3,47" ten="409,247,156,188" oya="0" hai0="124,42,91,57,24,64,95,128,131,89,23,4,127" hai1="54,100,92,59,2,52,116,93,58,13,0,114,26" hai2="15,76,16,132,50,115,71,62,9,99,25,101,14" hai3="118,34,107,33,11,43,81,12,125,60,79,104,45"/><T1/><D42/><U67/><E116/><V68/><F115/><W78/><G118/><T28/><D4/><U122/><E114/><V53/><F132/><W134/><G125/><N who="0" m="48203" /><D1/><U117/><E122/><V38/><F38/><W65/><G134/><T87/><D64/><U29/><E117/><V119/><F119/><W35/><G60/><T135/><D57/><U49/><E67/><V32/><F76/><W73/><G65/><T129/><D91/><U98/><E92/><V40/><F40/><W86/><G78/><T56/><D56/><U103/><E103/><V88/><F62/><W110/><G73/><T17/><D28/><U133/><E13/><V80/><F15/><W74/><G74/><T130/><D130/><U94/><E94/><N who="2" m="58615" /><F25/><W63/><G63/><T97/><D97/><U108/><E108/><V85/><F32/><W51/><REACH who="3" step="1"/><G110/><REACH who="3" ten="409,247,156,178" step="2"/><T75/><D75/><U41/><E133/><AGARI ba="2,1" hai="17,23,24,87,89,95,128,129,131,133,135" m="48203" machi="133" ten="40,12000,1" yaku="30,2,19,1,18,1" doraHai="47" who="0" fromWho="1" sc="409,136,247,-126,156,0,178,0" /><INIT seed="4,3,0,0,3,91" ten="545,121,156,178" oya="0" hai0="121,17,41,81,127,9,74,50,114,130,24,87,12" hai1="79,89,105,32,123,45,8,3,88,92,111,47,42" hai2="43,70,51,93,57,132,126,73,117,118,21,40,23" hai3="13,26,36,101,98,28,122,38,78,11,119,90,27"/><T19/><D121/><U103/><E123/><V49/><F70/><W5/><G119/><N who="2" m="45577" /><F73/><W37/><G122/><T10/><D114/><U59/><E111/><V129/><F129/><W1/><G78/><T55/><D130/><U54/><E32/><V56/><F132/><W33/><G26/><T52/><D74/><U6/><E79/><V14/><F126/><W128/><G128/><T58/><D127/><U68/><E105/><V31/><F31/><W16/><G90/><T80/><D41/><N who="2" m="15946" /><F14/><W15/><G15/><T44/><D24/><U67/><E68/><V109/><F93/><N who="3" m="58575" /><G36/><T2/><D2/><U83/><E67/><V112/><F112/><W133/><G133/><T108/><D108/><U53/><E53/><N who="2" m="31791" /><F109/><W94/><G94/><T7/><D9/><U96/><E83/><V104/><F104/><W131/><G131/><T29/><D29/><U64/><E64/><V0/><F0/><W72/><G72/><T60/><D81/><U66/><E66/><V34/><F34/><W95/><G95/><T69/><D69/><U4/><E4/><V135/><F135/><W48/><G48/><T20/><D20/><AGARI ba="3,0" hai="1,5,11,13,16,20,27,28,33,37,38" m="58575" machi="20" ten="30,3900,0" yaku="24,1,52,1,54,1" doraHai="91" who="3" fromWho="0" sc="545,-48,121,0,156,0,178,48" /><INIT seed="5,0,0,3,2,49" ten="497,121,156,226" oya="1" hai0="65,20,78,16,76,83,5,31,28,117,99,27,51" hai1="1,43,35,127,80,61,109,116,13,100,62,98,119" hai2="0,29,82,81,75,87,122,15,104,34,14,26,63" hai3="88,135,131,25,72,67,68,70,89,22,60,69,11"/><U40/><E109/><V18/><F122/><W23/><G135/><T47/><D65/><U134/><E1/><V57/><F104/><W4/><G131/><T126/><D126/><U6/><E134/><V58/><F0/><W125/><G125/><T66/><D66/><U74/><E127/><V39/><F39/><W36/><G36/><T115/><D115/><U17/><E35/><V73/><F58/><W129/><G129/><T59/><D59/><U55/><E6/><V32/><F32/><W52/><G72/><T85/><D5/><U53/><E119/><V130/><F130/><W42/><G42/><N who="1" m="15914" /><E74/><V91/><F15/><W96/><G22/><T101/><D117/><U112/><E116/><V24/><F24/><W48/><G69/><T107/><D78/><U103/><E112/><V102/><F102/><N who="1" m="38953" /><E98/><V108/><F82/><W114/><G96/><T33/><D33/><U2/><E2/><V56/><F56/><W121/><G114/><T37/><D37/><U132/><E80/><V84/><F84/><W3/><G121/><T124/><D124/><U64/><E132/><V41/><F41/><AGARI ba="0,0" hai="16,20,27,28,31,41,47,51,76,83,85,99,101,107" machi="41" ten="30,2000,0" yaku="7,1,54,1" doraHai="49" who="0" fromWho="2" sc="497,20,121,0,156,-20,226,0" /><INIT seed="6,0,0,0,3,117" ten="517,121,136,226" oya="2" hai0="123,35,48,30,36,122,70,83,105,24,116,21,57" hai1="119,132,25,32,103,110,77,63,109,74,125,85,27" hai2="82,131,112,55,60,49,120,98,69,54,59,45,31" hai3="15,118,107,121,87,34,129,1,62,47,134,101,12"/><V89/><F112/><W75/><G121/><T16/><D105/><U28/><E119/><V113/><F131/><W96/><G118/><T79/><D70/><U124/><E85/><V37/><F113/><W67/><G134/><T97/><D36/><U33/><E77/><V41/><F31/><W115/><G115/><T111/><D111/><U7/><E74/><V90/><F120/><W91/><G129/><T43/><D97/><U102/><E63/><V51/><F98/><W42/><G34/><T5/><D5/><U93/><E93/><V23/><F23/><W78/><G1/><T4/><D4/><U17/><E103/><V81/><F81/><W14/><G14/><T22/><D116/><U40/><E40/><V13/><F82/><N who="3" m="45407" /><G47/><T100/><D35/><U3/><E102/><V76/><F76/><W68/><G42/><T46/><D57/><U126/><E132/><V95/><F13/><W64/><G64/><T114/><D100/><U58/><E58/><N who="2" m="33103" /><F95/><AGARI ba="0,0" hai="12,15,62,67,68,87,91,95,96,101,107" m="45407" machi="95" ten="30,1000,0" yaku="24,1" doraHai="117" who="3" fromWho="2" sc="517,0,121,0,136,-10,226,10" /><INIT seed="7,0,0,3,1,115" ten="517,121,126,236" oya="3" hai0="45,12,122,24,97,108,111,96,71,2,18,46,43" hai1="101,6,113,112,135,129,114,131,110,17,79,89,118" hai2="20,33,5,54,21,128,102,93,23,123,125,55,7" hai3="99,49,53,81,84,48,80,107,78,15,37,10,11"/><W120/><G120/><T9/><D71/><U73/><E17/><V47/><F33/><W116/><G116/><T119/><D122/><U28/><E28/><V126/><F123/><W105/><G37/><T90/><D119/><U88/><E6/><N who="2" m="2059" /><F128/><N who="1" m="49225" /><E118/><V1/><F1/><W58/><G99/><T19/><D2/><U95/><E110/><V3/><F3/><W41/><G10/><T82/><D111/><U65/><E65/><V30/><F30/><W32/><G32/><T26/><D108/><U39/><E39/><V4/><N who="2" m="2067" /><V66/><DORA hai="100" /><F66/><W91/><G41/><T14/><D43/><U61/><E61/><V64/><F64/><W68/><G68/><T0/><D0/><U121/><E121/><V44/><F93/><W87/><REACH who="3" step="1"/><G48/><REACH who="3" ten="517,121,126,226" step="2"/><T132/><D97/><N who="1" m="59583" /><E135/><V117/><F117/><W92/><G92/><T77/><D132/><U86/><E73/><V104/><F102/><W27/><G27/><T51/><D96/><U16/><E16/><AGARI ba="0,1" hai="11,15,16,49,53,58,78,80,81,84,87,91,105,107" machi="16" ten="30,12000,1" yaku="1,1,7,1,52,2,54,1,53,0" doraHai="115,100" doraHaiUra="94,62" who="3" fromWho="1" sc="517,0,121,-120,126,0,226,130" /><INIT seed="7,1,0,4,1,15" ten="517,1,126,356" oya="3" hai0="88,100,49,129,115,6,67,73,26,114,40,99,85" hai1="1,35,72,82,30,109,68,75,47,37,130,3,65" hai2="44,93,48,64,112,119,127,121,7,46,118,128,43" hai3="131,71,83,16,95,86,98,21,105,132,34,101,4"/><W76/><G132/><T39/><D73/><U19/><E130/><V126/><F7/><W104/><G131/><T125/><D129/><U5/><E19/><V42/><F93/><W9/><G71/><T97/><D125/><U14/><E14/><V18/><F128/><W124/><G34/><T80/><D39/><U0/><E109/><V27/><F27/><W29/><G29/><T94/><D6/><U92/><E92/><V22/><F22/><W69/><G69/><T31/><D67/><U117/><E117/><V54/><F18/><W25/><REACH who="3" step="1"/><G124/><REACH who="3" ten="517,1,126,346" step="2"/><T79/><D115/><U96/><E5/><V106/><F112/><W90/><G90/><T135/><D114/><U81/><E96/><V87/><F119/><W36/><G36/><T62/><D135/><U38/><E82/><V53/><F118/><W10/><G10/><T78/><D78/><U123/><E123/><V28/><F126/><W120/><G120/><T102/><D79/><U63/><E81/><V122/><F28/><W32/><G32/><T55/><D102/><U58/><E58/><V61/><F127/><W33/><G33/><T116/><D116/><U50/><E50/><V41/><F122/><W59/><G59/><T56/><D100/><U11/><E11/><V91/><F121/><W103/><G103/><T108/><D80/><U111/><E111/><V70/><F91/><W133/><G133/><T110/><D108/><U52/><E52/><V66/><F70/><W60/><G60/><T8/><D110/><U51/><E51/><V13/><F54/><W12/><AGARI ba="1,1" hai="4,9,12,16,21,25,76,83,86,95,98,101,104,105" machi="12" ten="20,18000,2" yaku="1,1,0,1,7,1,52,1,54,1,53,1" doraHai="15" doraHaiUra="77" who="3" fromWho="3" sc="517,-61,1,-61,126,-61,346,193" owari="456,26.0,-60,-56.0,65,-33.0,539,63.0" /></mjloggm>