<mjloggm ver="2.3"><GO type="105" lobby="0"/><UN n0="%E5%B0%B1%E6%B4%BB%E7%94%9F%40%E5%B7%9D%E6%9D%91%E8%BB%8D%E5%9B%A3" n1="%E3%81%88%E3%82%93%E3%81%A8%E3%82%8D%E3%81%B4%E3%81%83" n2="%E3%81%AD%E3%81%8A%E3%83%BB%E3%81%98%E3%82%83%E3%81%A3%E3%81%8D%E3%83%BC" n3="%E3%81%A0%E3%82%81%E3%81%A0%E3%82%81%E3%81%AA%E3%81%93" dan="15,14,14,15" rate="2016.28,1923.97,1943.14,1964.12" sx="M,M,M,M"/><TAIKYOKU oya="0"/><INIT seed="0,0,0,5,5,23" ten="250,250,250,250" oya="0" hai0="90,65,135,110,78,77,10,74,102,96,64,92,89" hai1="54,29,72,108,113,130,0,97,126,94,93,115,50" hai2="106,86,34,42,37,13,53,58,116,5,38,129,11" hai3="76,6,123,20,84,100,1,57,60,117,67,134,68"/><T2/><D135/><U104/><E108/><V25/><F116/><W119/><G134/><T12/><D2/><U127/><E72/><V3/><F106/><W17/><G123/><T24/><D110/><U16/><E0/><V41/><F129/><W118/><G100/><T120/><D120/><U40/><E130/><V109/><F109/><W132/><G132/><T114/><D114/><N who="1" m="43531" /><E29/><V128/><F128/><W131/><G131/><T31/><D74/><U55/><E16/><V47/><F3/><W91/><G76/><T22/><D78/><U26/><E26/><V101/><F101/><W103/><G103/><T44/><D77/><U81/><E81/><V28/><F86/><W80/><G6/><T45/><D45/><N who="1" m="25895" /><E104/><V70/><F70/><W21/><G1/><T112/><D44/><U87/><E87/><V27/><F27/><W33/><G33/><T125/><D125/><N who="1" m="47627" /><E94/><V82/><F82/><W75/><G75/><T59/><D112/><U121/><E121/><V19/><F19/><W52/><REACH who="3" step="1"/><G17/><REACH who="3" ten="250,250,250,240" step="2"/><N who="0" m="8343" /><D102/><AGARI ba="0,1" hai="54,55,93,97,102" m="47627,25895,43531" machi="102" ten="30,2000,0" yaku="11,1,18,1" doraHai="23" who="1" fromWho="0" sc="250,-20,250,30,250,0,240,0" /><INIT seed="1,0,0,0,1,79" ten="230,280,250,240" oya="1" hai0="73,21,58,57,84,50,80,59,101,75,125,10,92" hai1="6,51,83,46,131,74,60,7,23,33,93,41,81" hai2="85,82,129,72,54,61,52,132,105,9,127,29,123" hai3="71,40,112,22,32,106,42,78,116,5,94,48,20"/><U30/><E33/><V96/><F123/><W120/><G32/><T8/><D125/><U133/><E133/><V27/><F127/><W108/><G106/><T64/><D75/><U62/><E131/><V99/><F129/><W97/><G112/><T90/><D64/><U67/><E74/><V77/><F132/><W18/><G71/><T55/><D21/><U31/><E93/><V53/><F9/><N who="0" m="3690" /><D73/><U100/><E100/><V113/><F113/><W63/><G5/><N who="1" m="1546" /><E23/><N who="2" m="15615" /><F72/><W126/><G22/><T24/><D24/><U44/><E44/><V28/><F105/><W135/><G120/><T128/><D128/><U69/><E69/><V130/><F130/><W47/><G135/><T3/><D3/><U122/><E122/><V35/><F35/><W134/><G134/><T103/><D92/><U56/><E62/><V68/><F68/><W43/><G126/><T14/><D14/><U2/><E2/><V114/><F114/><W91/><G63/><T86/><D86/><U34/><E34/><V37/><F37/><W98/><G97/><N who="2" m="37449" /><F28/><AGARI ba="0,0" hai="28,30,31,41,46,51,56,60,67,81,83" m="1546" machi="28" ten="30,5800,0" yaku="8,1,52,2" doraHai="79" who="1" fromWho="2" sc="230,0,280,58,250,-58,240,0" /><INIT seed="1,1,0,3,1,88" ten="230,338,192,240" oya="1" hai0="98,20,99,107,21,42,84,40,80,37,41,29,55" hai1="81,14,12,10,73,127,28,124,111,71,134,48,97" hai2="130,102,3,16,32,75,114,101,45,103,15,26,6" hai3="34,36,89,100,70,77,30,116,2,66,63,61,110"/><U1/><E71/><V65/><F130/><W91/><G110/><T129/><D37/><U74/><E111/><V4/><F75/><W86/><G36/><T87/><D129/><U121/><E121/><V18/><F114/><W44/><G2/><T46/><D107/><U106/><E28/><V13/><F65/><W5/><G5/><T38/><D38/><U119/><E119/><V31/><F45/><W123/><G123/><T104/><D104/><U56/><E134/><V67/><F67/><W94/><G61/><T76/><D87/><U118/><E118/><V120/><F120/><W0/><G0/><T24/><D20/><U125/><E1/><V54/><F54/><W35/><G100/><T25/><D24/><U85/><E97/><V131/><F131/><W90/><G77/><T122/><D122/><U96/><E96/><V53/><F53/><W133/><G133/><T11/><D11/><U83/><E83/><V19/><REACH who="2" step="1"/><F3/><REACH who="2" ten="230,338,182,240" step="2"/><W109/><G109/><T117/><D117/><U93/><E74/><V105/><F105/><W51/><G116/><T47/><D47/><U23/><E73/><V22/><F22/><W43/><REACH who="3" step="1"/><G30/><REACH who="3" ten="230,338,182,230" step="2"/><T132/><D132/><U58/><E124/><V39/><F39/><W82/><G82/><T7/><D80/><U126/><E81/><V8/><F8/><W69/><G69/><T27/><D29/><U68/><E68/><V78/><F78/><W52/><G52/><T17/><D76/><U79/><E79/><V72/><F72/><W128/><G128/><T9/><D55/><N who="1" m="31847" /><E127/><V135/><F135/><W59/><G59/><RYUUKYOKU ba="1,2" sc="230,-15,338,-15,182,15,230,15" hai2="4,6,13,15,16,18,19,26,31,32,101,102,103" hai3="34,35,43,44,51,63,66,70,86,89,90,91,94" /><INIT seed="2,2,2,5,3,95" ten="215,323,197,245" oya="2" hai0="97,99,118,40,127,23,52,85,82,74,66,130,8" hai1="3,69,60,45,5,102,120,134,71,109,64,49,47" hai2="28,43,61,78,89,27,62,30,41,32,56,132,55" hai3="17,119,70,126,111,12,21,96,67,73,115,129,105"/><V77/><F132/><W65/><G111/><T117/><D74/><U108/><E3/><V68/><F30/><W39/><G119/><N who="0" m="45579" /><D130/><U87/><E5/><V101/><F101/><W19/><G39/><T128/><D128/><U88/><E71/><V80/><F89/><W63/><G73/><T100/><D127/><U4/><E4/><V26/><F26/><W57/><G129/><T84/><D66/><U44/><E134/><V11/><F11/><W46/><G126/><T113/><D100/><U0/><E0/><V6/><F6/><W79/><G79/><N who="0" m="46175" /><D40/><U38/><E38/><V86/><REACH who="2" step="1"/><F77/><REACH who="2" ten="215,323,187,245" step="2"/><W29/><G29/><T10/><D113/><U37/><E102/><V58/><F58/><W83/><G57/><T9/><D23/><U94/><E120/><V59/><F59/><W125/><G21/><T123/><D123/><U107/><E107/><V106/><F106/><W15/><G125/><T50/><D85/><U98/><E87/><V110/><F110/><N who="1" m="42601" /><E37/><V124/><F124/><W16/><G105/><T33/><D33/><U35/><E35/><V7/><F7/><W131/><G115/><T22/><D22/><U18/><E18/><V90/><F90/><W133/><G19/><T1/><D1/><U14/><E14/><V72/><F72/><W81/><G131/><T2/><D2/><U91/><E91/><V103/><F103/><W93/><G12/><T75/><D75/><U48/><AGARI ba="2,3" hai="44,45,47,48,49,60,64,69,88,94,98" m="42601" machi="48" ten="40,5200,0" yaku="14,1,52,1,54,1" doraHai="95" who="1" fromWho="1" sc="215,-15,323,88,187,-28,245,-15" /><INIT seed="3,0,0,2,4,34" ten="200,411,159,230" oya="3" hai0="109,49,127,12,112,29,32,134,66,26,70,14,84" hai1="121,94,78,20,67,17,91,3,65,128,50,100,76" hai2="22,4,60,74,131,92,62,126,28,1,81,75,99" hai3="130,122,64,95,93,114,71,57,135,33,103,5,106"/><W120/><G114/><T69/><D112/><U101/><E3/><V133/><F131/><W111/><G71/><T7/><D127/><U119/><E121/><V58/><F126/><W102/><G33/><T47/><D134/><U110/><E128/><V45/><F133/><W125/><G130/><T116/><D116/><U27/><E119/><V113/><F113/><W89/><G135/><T36/><D109/><U63/><E110/><V18/><F45/><W90/><G111/><T118/><D36/><U107/><E107/><V15/><F81/><W123/><G125/><T42/><D118/><U8/><E8/><V53/><F62/><W11/><G64/><N who="1" m="24650" /><E50/><V30/><F75/><W25/><G25/><T54/><D66/><U132/><E63/><V88/><REACH who="2" step="1"/><F74/><REACH who="2" ten="200,411,149,230" step="2"/><W24/><G123/><T19/><D70/><U124/><E124/><V55/><F55/><W37/><G122/><T96/><D69/><U117/><E132/><V52/><F52/><W0/><G120/><T23/><D54/><U129/><E117/><V56/><F56/><W48/><G57/><T72/><D72/><U61/><E129/><V97/><F97/><W51/><G37/><T10/><D96/><N who="1" m="57439" /><E61/><V2/><F2/><W43/><G51/><T41/><D84/><U79/><AGARI ba="0,1" hai="17,20,27,76,78,79,100,101" m="57439,24650" machi="79" ten="30,1100,0" yaku="8,1" doraHai="34" who="1" fromWho="1" sc="200,-3,411,21,149,-3,230,-5" /><INIT seed="4,0,0,0,1,93" ten="197,432,146,225" oya="0" hai0="75,58,80,84,116,89,133,28,98,60,83,67,22" hai1="135,124,77,3,107,11,19,74,129,120,36,78,40" hai2="54,105,46,82,7,115,1,44,103,118,41,27,14" hai3="56,16,131,42,61,37,121,12,70,125,97,94,100"/><T62/><D75/><U92/><E78/><V99/><F118/><W127/><G70/><T59/><D116/><U51/><E51/><V50/><F1/><W29/><G29/><T45/><D133/><U8/><E8/><V119/><F115/><W72/><G72/><T48/><D28/><U65/><E107/><V95/><F119/><W102/><G121/><T87/><D22/><U73/><E73/><V114/><F114/><W69/><G69/><T88/><D98/><U20/><E65/><V63/><F27/><W108/><G108/><T23/><D23/><U113/><E129/><V17/><F7/><W122/><G131/><T39/><D39/><U5/><E124/><N who="3" m="47690" /><G122/><T31/><D31/><U13/><E92/><V106/><F82/><W91/><G42/><T10/><D10/><U112/><E120/><V128/><F128/><W111/><G37/><T76/><D76/><U25/><E25/><V132/><F132/><W123/><G123/><T101/><D101/><U2/><E2/><V21/><REACH who="2" step="1"/><F63/><REACH who="2" ten="197,432,136,225" step="2"/><W30/><G111/><T35/><D35/><U18/><E135/><V126/><F126/><W49/><G30/><T47/><REACH who="0" step="1"/><D48/><AGARI ba="0,1" hai="14,17,21,41,44,46,48,50,54,95,99,103,105,106" machi="48" ten="30,3900,0" yaku="1,1,7,1,52,1,53,0" doraHai="93" doraHaiUra="64" who="2" fromWho="0" sc="197,-39,432,0,136,49,225,0" /><INIT seed="5,0,0,0,4,123" ten="158,432,185,225" oya="1" hai0="17,63,130,134,131,26,121,37,98,119,107,72,12" hai1="25,91,70,55,74,96,89,1,60,85,65,59,50" hai2="8,20,52,113,109,118,10,79,2,106,36,54,46" hai3="32,81,53,31,58,101,13,23,117,48,87,43,40"/><U75/><E1/><V84/><F118/><W3/><G3/><T6/><D119/><U29/><E96/><V92/><F106/><W95/><G117/><T80/><D37/><U15/><E15/><V88/><F113/><W133/><G32/><T135/><D121/><U69/><E70/><V47/><F109/><W57/><G133/><N who="0" m="50699" /><D72/><U108/><E108/><V71/><F71/><W38/><G38/><T122/><D122/><U104/><E104/><V42/><F79/><W97/><G58/><T68/><D107/><U45/><E45/><V41/><F20/><W90/><G31/><T124/><D80/><U30/><E30/><V21/><F21/><W115/><G115/><T19/><D98/><U128/><E128/><N who="0" m="49193" /><D63/><U103/><E103/><V127/><F127/><W116/><G116/><T110/><D68/><U24/><E74/><V11/><REACH who="2" step="1"/><F2/><REACH who="2" ten="158,432,175,225" step="2"/><W125/><G125/><T129/><N who="0" m="49201" /><T44/><DORA hai="7" /><D110/><U62/><E69/><V51/><AGARI ba="0,1" hai="8,10,11,36,41,42,46,47,51,52,54,84,88,92" machi="51" ten="30,12000,2" yaku="1,1,0,1,52,3,54,2,53,0" doraHai="123,7" doraHaiUra="93,14" who="2" fromWho="2" sc="158,-30,432,-60,175,130,225,-30" /><INIT seed="6,0,0,4,1,44" ten="128,372,305,195" oya="2" hai0="25,21,55,37,102,119,128,110,75,107,72,56,46" hai1="70,1,85,33,82,65,106,78,12,94,30,2,124" hai2="131,109,34,123,92,74,108,83,71,88,67,52,32" hai3="105,27,84,117,120,7,93,125,60,43,86,58,45"/><V66/><F123/><W53/><G105/><T99/><D119/><U3/><E106/><V15/><F131/><W6/><G117/><T17/><D128/><U0/><E124/><V29/><F74/><W47/><G120/><T87/><D110/><N who="2" m="42602" /><F83/><W98/><G27/><T61/><D37/><U23/><E33/><N who="2" m="12907" /><F29/><W59/><G45/><T97/><D87/><U18/><E30/><V35/><N who="2" m="12915" /><V134/><DORA hai="127" /><F134/><W80/><G59/><T95/><REACH who="0" step="1"/><D46/><REACH who="0" ten="118,372,305,195" step="2"/><U111/><E111/><V132/><F132/><W91/><G86/><T24/><D24/><U112/><E85/><N who="2" m="52239" /><F71/><W20/><G125/><T64/><D64/><U100/><E65/><V121/><F121/><W116/><G116/><T51/><D51/><U31/><E70/><V9/><F52/><W40/><G40/><T130/><D130/><U79/><E79/><V38/><F38/><W90/><G90/><AGARI ba="0,1" hai="17,21,25,55,56,61,72,75,90,95,97,99,102,107" machi="90" ten="30,8000,1" yaku="1,1,7,1,25,2,53,1" doraHai="44,127" doraHaiUra="14,133" who="0" fromWho="3" sc="118,90,372,0,305,0,195,-80" /><INIT seed="7,0,0,4,0,58" ten="208,372,305,115" oya="3" hai0="16,80,2,23,19,76,8,46,130,109,37,67,75" hai1="14,54,24,40,72,127,73,27,63,52,49,96,30" hai2="133,98,129,115,124,34,113,118,90,88,56,85,9" hai3="69,65,3,48,108,44,0,32,74,128,31,50,93"/><W42/><G74/><T131/><D109/><U57/><E127/><V125/><F34/><W120/><G128/><N who="0" m="49195" /><D67/><N who="1" m="39407" /><E72/><V59/><F129/><W7/><G120/><T83/><D83/><U117/><E73/><V105/><F9/><W45/><G108/><T89/><D89/><U123/><E123/><V66/><F118/><W92/><G31/><T122/><D122/><U26/><E30/><V11/><F11/><W132/><G32/><T121/><D121/><U77/><E77/><V51/><F51/><W91/><G132/><T112/><D112/><N who="2" m="43082" /><F133/><W107/><G107/><T39/><D46/><N who="1" m="25799" /><E117/><V114/><F114/><W134/><G134/><T62/><D62/><U86/><E86/><V99/><F66/><W70/><G7/><N who="0" m="1143" /><D19/><U47/><E47/><V64/><F64/><W35/><G35/><T4/><D4/><U111/><E111/><V110/><F110/><W104/><G104/><T6/><D6/><U81/><E81/><N who="2" m="49199" /><F56/><W18/><G18/><T22/><D23/><U82/><E82/><V15/><F59/><W97/><G92/><T36/><D36/><U17/><E96/><V55/><F55/><W33/><G33/><T135/><D135/><U10/><AGARI ba="0,0" hai="10,14,17,24,26,27,52,54" m="25799,39407" machi="10" ten="30,4000,0" yaku="8,1,52,1,54,1" doraHai="58" who="1" fromWho="1" sc="208,-10,372,40,305,-10,115,-20" owari="198,-20.0,412,50.0,295,10.0,95,-40.0" /></mjloggm>