<mjloggm ver="2.3"><GO type="169" lobby="0"/><UN n0="%E3%82%A6%E3%83%AB%E3%83%88%E3%83%A9%E7%AB%8B%E7%9B%B4" n1="%66%72%65%65%7A%65%37" n2="%40%6B%6B%6B%6B" n3="%E3%81%99%E3%81%9F%E3%83%BC%E3%82%89%E3%81%84%E3%81%A8%E3%81%B3%E3%83%BC" dan="17,16,16,16" rate="2143.67,2144.88,2053.94,2185.69" sx="M,M,M,M"/><TAIKYOKU oya="0"/><INIT seed="0,0,0,1,0,120" ten="250,250,250,250" oya="0" hai0="8,29,20,117,18,104,125,127,35,15,12,23,78" hai1="16,31,96,28,46,135,86,6,66,118,22,133,107" hai2="84,17,26,83,41,49,111,38,30,93,67,40,70" hai3="114,129,89,50,3,122,5,74,130,37,65,100,106"/><T25/><D104/><U68/><E118/><V116/><F38/><W87/><G37/><T71/><D71/><U77/><E6/><V4/><F4/><W128/><G74/><T2/><D78/><U21/><E46/><V27/><F67/><W94/><G114/><T109/><D117/><U72/><E72/><V13/><F70/><W55/><G65/><T124/><D109/><U61/><E22/><V19/><F93/><W0/><G5/><N who="0" m="1079" /><D15/><U54/><E54/><V103/><F13/><W121/><G100/><T102/><D102/><U81/><E96/><V123/><F103/><W47/><REACH who="3" step="1"/><G106/><REACH who="3" ten="250,250,250,240" step="2"/><T101/><D101/><U110/><E107/><V97/><F116/><W32/><G32/><AGARI ba="0,1" hai="12,18,20,23,25,29,32,35,124,125,127" m="1079" machi="32" ten="30,5800,0" yaku="18,1,34,2" doraHai="120" who="0" fromWho="3" sc="250,68,250,0,250,0,240,-58" /><INIT seed="0,1,0,3,2,129" ten="318,250,250,182" oya="0" hai0="106,108,41,94,28,56,103,17,114,119,34,49,102" hai1="86,115,83,87,70,47,113,61,98,19,101,58,50" hai2="36,88,89,14,110,132,37,12,99,82,90,93,7" hai3="30,80,96,71,74,43,20,59,16,32,97,111,135"/><T6/><D106/><U128/><E70/><V92/><F110/><W127/><G71/><T8/><D114/><N who="1" m="43531" /><E128/><V123/><F123/><W112/><G112/><T53/><D119/><U73/><E19/><V85/><F132/><W120/><G111/><T22/><D108/><U52/><E83/><V122/><F122/><W24/><G120/><T95/><D41/><N who="1" m="24943" /><E73/><V54/><F54/><W104/><G127/><T72/><D72/><U35/><E35/><V33/><F33/><W4/><G4/><T13/><D28/><U91/><E91/><V46/><F7/><W25/><G43/><T44/><D44/><U134/><E134/><V1/><F1/><W0/><G0/><T5/><D34/><U26/><E26/><V63/><F63/><W9/><G135/><T125/><D125/><U121/><E121/><V133/><F133/><W57/><G9/><T15/><D5/><U84/><E84/><V2/><F2/><W21/><G32/><T55/><D55/><U77/><E77/><V130/><F130/><W3/><G3/><T60/><D60/><U45/><E45/><V105/><F105/><AGARI ba="1,0" hai="52,58,61,86,87,98,101,105" m="24943,43531" machi="105" ten="30,2000,0" yaku="11,1,54,1" doraHai="129" who="1" fromWho="2" sc="318,0,250,23,250,-23,182,0" /><INIT seed="1,0,0,1,4,28" ten="318,273,227,182" oya="1" hai0="112,42,39,86,81,68,32,90,34,31,65,23,114" hai1="93,99,66,135,105,92,83,59,53,61,60,85,106" hai2="102,129,121,133,21,54,25,1,117,36,127,33,130" hai3="101,125,52,3,78,46,40,89,118,96,82,38,50"/><U20/><E135/><V73/><RYUUKYOKU type="yao9" ba="0,0" sc="318,0,273,0,227,0,182,0" hai2="1,21,25,33,36,54,73,102,117,121,127,129,130,133" /><INIT seed="1,1,0,3,5,68" ten="318,273,227,182" oya="1" hai0="47,79,63,109,14,71,119,108,43,105,9,115,60" hai1="10,87,113,66,91,22,12,121,11,81,34,6,64" hai2="55,17,103,51,124,33,48,69,29,110,128,120,23" hai3="30,5,100,126,104,122,37,13,92,65,4,89,39"/><U85/><E113/><V45/><F69/><W19/><G122/><T61/><D105/><U131/><E121/><V73/><F73/><W133/><G133/><T123/><D123/><U117/><E117/><V54/><F120/><W35/><G126/><T24/><D24/><U26/><E131/><V53/><F124/><W59/><G104/><T106/><D106/><U38/><E34/><V97/><F128/><W114/><G100/><T46/><D115/><U74/><E74/><V132/><F132/><W99/><G114/><T95/><D119/><U70/><E38/><V135/><F29/><W57/><G5/><T27/><D27/><U28/><E70/><V118/><F33/><W41/><G4/><T18/><D71/><U101/><E101/><V32/><F32/><W98/><G98/><T40/><D79/><U134/><E134/><V112/><F112/><W82/><G82/><T72/><D95/><U36/><E36/><V2/><F2/><W3/><G3/><T84/><D84/><U90/><E10/><V42/><F118/><W78/><G78/><T44/><D72/><U93/><AGARI ba="1,0" hai="6,11,12,22,26,28,64,66,81,85,87,90,91,93" machi="93" ten="20,3900,0" yaku="0,1,7,1,8,1" doraHai="68" who="1" fromWho="1" sc="318,-14,273,42,227,-14,182,-14" /><INIT seed="1,2,0,4,2,88" ten="304,315,213,168" oya="1" hai0="86,61,65,51,89,31,55,117,60,52,128,8,4" hai1="112,44,103,123,70,58,130,41,124,46,48,132,79" hai2="49,66,115,102,77,69,74,80,42,135,62,97,133" hai3="87,1,7,116,96,120,38,22,53,28,99,121,54"/><U43/><E103/><V71/><F71/><W76/><G116/><T33/><D117/><U131/><E79/><V30/><F115/><W35/><G35/><T101/><D101/><U63/><E123/><V20/><F49/><W47/><G53/><T118/><D118/><U107/><E107/><V68/><F68/><W36/><G36/><T0/><D128/><N who="1" m="49195" /><E112/><V78/><F78/><W59/><G7/><T93/><D55/><N who="1" m="34271" /><E70/><V26/><REACH who="2" step="1"/><F42/><REACH who="2" ten="304,315,203,168" step="2"/><W109/><G76/><T19/><D61/><U91/><E91/><V18/><F18/><W27/><G120/><T5/><D19/><U57/><E132/><V105/><AGARI ba="2,1" hai="20,26,30,62,66,69,74,77,80,97,102,105,133,135" machi="105" ten="30,4000,0" yaku="1,1,0,1,53,1" doraHai="88" doraHaiUra="104" who="2" fromWho="2" sc="304,-12,315,-22,203,56,168,-12" /><INIT seed="2,0,0,2,2,8" ten="292,293,259,156" oya="2" hai0="58,120,126,20,3,0,88,131,37,117,59,76,66" hai1="104,77,98,74,11,101,1,43,29,70,134,73,112" hai2="114,34,44,48,118,81,63,61,38,10,13,91,119" hai3="100,75,110,21,12,45,79,47,130,2,128,135,22"/><V5/><F34/><W65/><G2/><T113/><D37/><U6/><E112/><V121/><F114/><W132/><G100/><T123/><D76/><U55/><E134/><N who="3" m="51242" /><G65/><T86/><D113/><U96/><E43/><V18/><F121/><W95/><G75/><T9/><D126/><U15/><E70/><V87/><F38/><W27/><G79/><T125/><D125/><U116/><E116/><V56/><F5/><W7/><G95/><T51/><D131/><N who="3" m="50217" /><G110/><T127/><D127/><U115/><E115/><V28/><F28/><N who="3" m="17519" /><G7/><T26/><D3/><U62/><E77/><V36/><F36/><W64/><G64/><T41/><D66/><U82/><E82/><V19/><F63/><W14/><G22/><T71/><D71/><U25/><E1/><V49/><F49/><W108/><G108/><T53/><D59/><U102/><E62/><V39/><F39/><W57/><G57/><T93/><D41/><U80/><E80/><V103/><F103/><W107/><G107/><T31/><D117/><U83/><E83/><V16/><F119/><W32/><G32/><T69/><D69/><U124/><E124/><V89/><F89/><W78/><G78/><T133/><D133/><U94/><REACH who="1" step="1"/><E55/><REACH who="1" ten="292,283,259,156" step="2"/><N who="2" m="33951" /><F118/><W109/><G109/><T17/><D0/><U30/><E30/><V122/><F122/><W92/><G92/><T129/><D129/><U68/><E68/><V42/><AGARI ba="0,1" hai="10,13,16,18,19,42,44,48,81,87,91" m="33951" machi="42" ten="30,6000,0" yaku="8,1,52,1,54,1" doraHai="8" who="2" fromWho="2" sc="292,-20,283,-20,259,70,156,-20" /><INIT seed="2,1,0,2,1,1" ten="272,263,329,136" oya="2" hai0="95,135,32,46,36,13,42,124,134,76,19,88,43" hai1="8,69,30,6,96,61,80,90,5,130,118,128,26" hai2="34,39,120,101,125,67,58,131,40,62,22,15,53" hai3="83,63,105,29,51,50,57,132,4,73,92,114,82"/><V49/><F34/><W110/><G105/><T72/><D32/><U10/><E118/><V17/><F120/><W21/><G110/><T12/><D124/><U75/><E75/><V64/><F125/><W47/><G132/><T79/><D43/><U78/><E78/><V93/><F131/><N who="1" m="50217" /><E80/><V70/><F67/><W41/><G114/><T127/><D127/><U56/><E69/><V37/><REACH who="2" step="1"/><F40/><REACH who="2" ten="272,263,319,136" step="2"/><W38/><G41/><T25/><D135/><U14/><E96/><AGARI ba="1,1" hai="15,17,22,37,39,49,53,58,62,64,70,93,96,101" machi="96" ten="40,3900,0" yaku="1,1,2,1,53,0" doraHai="1" doraHaiUra="27" who="2" fromWho="1" sc="272,0,263,-42,319,52,136,0" /><INIT seed="2,2,0,1,4,25" ten="272,221,371,136" oya="2" hai0="127,122,67,101,125,76,73,90,28,55,110,7,10" hai1="80,47,36,39,97,79,81,27,117,83,59,13,77" hai2="107,74,104,57,133,82,2,93,43,4,68,130,42" hai3="9,31,108,72,30,119,26,99,53,19,96,92,132"/><V40/><F68/><W61/><G119/><T116/><D122/><U18/><E117/><V22/><F2/><W89/><G72/><T17/><D101/><U88/><E27/><V118/><F118/><W75/><G75/><T126/><D116/><U128/><E128/><V46/><F4/><W114/><G108/><T48/><D76/><U131/><E131/><V105/><F130/><W60/><G132/><T78/><D78/><U98/><E59/><V124/><F133/><W34/><G114/><T120/><D73/><U11/><E98/><V49/><F124/><W94/><G53/><T45/><D110/><U135/><E135/><V54/><F74/><W20/><G9/><T3/><D120/><U24/><E24/><V65/><F65/><W12/><REACH who="3" step="1"/><G30/><REACH who="3" ten="272,221,371,126" step="2"/><T115/><D115/><U111/><E111/><V21/><F54/><W66/><G66/><T112/><D112/><U113/><E113/><V32/><F42/><W95/><G95/><T6/><D67/><U134/><E134/><V38/><F43/><W37/><G37/><T15/><D28/><U86/><E36/><V69/><F93/><W129/><G129/><T29/><D29/><U23/><E11/><V62/><F107/><W35/><G35/><T51/><D3/><U33/><E33/><V41/><F32/><W56/><G56/><T71/><D71/><U64/><E64/><N who="2" m="41111" /><F38/><W85/><G85/><T14/><D125/><U16/><E97/><V5/><F57/><W123/><G123/><T0/><D127/><U52/><E39/><V50/><F105/><W63/><G63/><T91/><D126/><RYUUKYOKU ba="2,1" sc="272,-10,221,-10,371,-10,126,30" hai3="12,19,20,26,31,34,60,61,89,92,94,96,99" /><INIT seed="3,3,1,0,0,4" ten="262,211,361,156" oya="3" hai0="70,25,69,117,134,94,30,62,88,38,104,67,100" hai1="17,64,55,120,119,29,102,51,63,49,96,99,78" hai2="82,3,85,43,112,83,79,71,115,1,0,32,61" hai3="42,101,132,68,58,7,46,47,23,72,66,127,86"/><W98/><G72/><T35/><D38/><U57/><E120/><V24/><F43/><W122/><G122/><T36/><D36/><U44/><E119/><V10/><F32/><W52/><G132/><T105/><D117/><U28/><E78/><V80/><F24/><W54/><G127/><T6/><D134/><U60/><E17/><V9/><F61/><W5/><G68/><T16/><D6/><U15/><E15/><V75/><F71/><W116/><G116/><T77/><D77/><U87/><E87/><V45/><F45/><W50/><G66/><T40/><D40/><U107/><E99/><V22/><F22/><W8/><G86/><T135/><D135/><U108/><E108/><V13/><F82/><W37/><G23/><T121/><D121/><U103/><E103/><V27/><F27/><W133/><G133/><T131/><D131/><U90/><E90/><V118/><F118/><W92/><REACH who="3" step="1"/><G8/><REACH who="3" ten="262,211,361,146" step="2"/><T81/><D70/><U65/><REACH who="1" step="1"/><E49/><AGARI ba="3,2" hai="5,7,37,42,46,47,49,50,52,54,58,92,98,101" machi="49" ten="30,11600,0" yaku="1,1,2,1,7,1,54,1,53,0" doraHai="4" doraHaiUra="31" who="3" fromWho="1" sc="262,0,211,-125,361,0,146,145" /><INIT seed="3,4,0,3,4,6" ten="262,86,361,291" oya="3" hai0="51,59,65,121,126,128,123,47,69,101,62,38,19" hai1="28,94,20,105,77,15,10,73,135,107,68,122,91" hai2="112,134,34,79,54,56,18,4,132,115,9,30,22" hai3="108,113,23,52,37,58,109,41,104,3,13,119,44"/><W14/><G113/><N who="2" m="43593" /><F56/><W92/><G104/><T31/><D31/><U0/><E122/><V78/><F54/><W84/><G119/><T70/><D101/><U74/><E68/><N who="0" m="26217" /><D19/><U95/><E135/><N who="2" m="51755" /><F30/><W43/><G43/><N who="0" m="23031" /><D126/><U106/><E0/><N who="2" m="135" /><F34/><W29/><G3/><T75/><D75/><U86/><E77/><V55/><F55/><W87/><G29/><T130/><D51/><U49/><E49/><V61/><F61/><W120/><G120/><AGARI ba="4,0" hai="59,62,65,120,121,123,128,130" m="23031,26217" machi="120" ten="30,2000,0" yaku="34,2" doraHai="6" who="0" fromWho="3" sc="262,32,86,0,361,0,291,-32" /><INIT seed="4,0,0,0,2,2" ten="294,86,361,259" oya="0" hai0="104,42,20,107,111,11,16,103,18,75,82,86,45" hai1="94,4,63,119,0,41,67,59,74,135,51,5,96" hai2="46,108,81,22,134,37,109,91,126,66,129,133,127" hai3="48,90,54,112,79,30,113,25,62,106,114,110,39"/><T76/><D111/><N who="2" m="42570" /><F66/><W105/><G110/><T89/><D11/><U50/><E119/><V53/><F81/><W71/><G39/><T35/><D35/><U70/><E74/><V57/><F91/><W87/><G79/><T23/><D23/><U85/><E135/><N who="2" m="51723" /><F22/><W69/><G106/><T68/><D68/><U80/><E80/><V26/><BYE who="1" /><F26/><W14/><G105/><T33/><D33/><U121/><E121/><V17/><F17/><W115/><G62/><UN n1="%66%72%65%65%7A%65%37" /><T7/><D18/><U64/><E85/><V61/><F129/><W73/><G73/><T6/><D107/><U92/><E0/><V1/><F1/><W84/><G14/><T95/><D103/><N who="1" m="60807" /><E70/><V27/><F27/><W15/><G84/><T123/><D104/><U24/><E24/><V49/><F37/><W36/><G36/><T118/><D118/><U131/><E131/><V130/><F130/><W132/><G15/><N who="0" m="9247" /><D123/><U52/><E94/><V43/><AGARI ba="0,0" hai="43,46,49,53,57,61,126,127" m="51723,42570" machi="43" ten="40,5200,0" yaku="20,1,34,2" doraHai="2" who="2" fromWho="2" sc="294,-26,86,-13,361,52,259,-13" /><INIT seed="5,0,0,1,5,13" ten="268,73,413,246" oya="1" hai0="1,75,135,53,10,125,49,74,82,96,30,5,133" hai1="62,81,84,114,103,37,122,61,87,95,115,90,89" hai2="70,79,19,27,93,71,34,45,66,131,35,85,86" hai3="7,64,77,51,57,52,104,65,42,29,118,99,98"/><U55/><E122/><V39/><F131/><W8/><G29/><T18/><D30/><U6/><E37/><V72/><F72/><W130/><G130/><T50/><D50/><U120/><E120/><V15/><F79/><W113/><G113/><N who="1" m="43018" /><E6/><V63/><F71/><W2/><G77/><T48/><D48/><U54/><E103/><V128/><F128/><W11/><G42/><T112/><D112/><U31/><E31/><V12/><F12/><W58/><G118/><T107/><D125/><U21/><E21/><V4/><F4/><W33/><G33/><T108/><D75/><U127/><E127/><V22/><F15/><W91/><G11/><T47/><D74/><U20/><E20/><V121/><F121/><W101/><G58/><T9/><D107/><U129/><E129/><V124/><F124/><W67/><G104/><T69/><D69/><U41/><E41/><V110/><F35/><W78/><G101/><T60/><D5/><U24/><E24/><V40/><F34/><W59/><G59/><T26/><D1/><U126/><E126/><V80/><F80/><W73/><G91/><T56/><D26/><U23/><E23/><V97/><F110/><W76/><G78/><T132/><D10/><U68/><E68/><V106/><F106/><W102/><G102/><AGARI ba="0,0" hai="19,22,27,39,40,45,63,66,70,85,86,93,97,102" machi="102" ten="30,2000,0" yaku="7,1,52,1" doraHai="13" who="2" fromWho="3" sc="268,0,73,0,413,20,246,-20" /><INIT seed="6,0,0,4,3,32" ten="268,73,433,226" oya="2" hai0="11,128,130,28,51,47,43,41,39,64,36,102,135" hai1="12,121,16,95,126,38,129,77,37,22,26,113,69" hai2="105,1,80,20,52,103,14,87,120,119,81,108,61" hai3="112,3,111,31,50,34,54,125,107,99,53,68,96"/><V23/><F120/><W42/><G42/><T10/><D28/><U48/><E69/><V85/><F103/><W115/><G111/><T67/><D102/><U79/><E121/><V101/><F101/><W76/><G76/><T75/><D75/><U110/><E110/><V91/><F105/><W18/><G68/><T45/><D10/><U94/><E113/><V46/><F1/><W109/><G109/><T59/><D11/><U122/><E122/><V21/><F119/><W29/><G107/><T40/><D135/><U2/><E129/><N who="0" m="49769" /><D51/><U58/><E126/><V17/><F108/><W33/><G18/><T90/><D90/><U83/><E2/><V66/><F46/><N who="0" m="17418" /><D59/><U0/><E0/><V104/><F104/><W116/><G50/><T24/><D24/><U93/><E26/><V15/><F15/><W65/><G3/><T118/><D118/><U27/><E27/><V6/><F6/><W89/><G89/><T13/><D13/><U55/><REACH who="1" step="1"/><E79/><REACH who="1" ten="268,63,433,226" step="2"/><V78/><F78/><W131/><G131/><T56/><D56/><U123/><E123/><V63/><F14/><W44/><G116/><T106/><D106/><U132/><E132/><V35/><F35/><W124/><G44/><T92/><D36/><U60/><E60/><V97/><F63/><W74/><G34/><T30/><D39/><U70/><E70/><V4/><F61/><W82/><G115/><T57/><D57/><U127/><E127/><V9/><F66/><N who="0" m="25130" /><D30/><U114/><E114/><V71/><F71/><W8/><G112/><T5/><D40/><U117/><E117/><V7/><F52/><RYUUKYOKU ba="0,1" sc="268,-10,63,30,433,-10,226,-10" hai1="12,16,22,37,38,48,55,58,77,83,93,94,95" /><INIT seed="7,1,1,5,3,80" ten="258,93,423,216" oya="3" hai0="16,62,51,61,22,126,112,129,29,84,77,53,19" hai1="38,52,78,18,120,20,34,114,117,25,48,37,134" hai2="40,125,70,103,0,59,113,35,41,135,121,36,11" hai3="96,88,63,17,109,86,49,131,83,82,3,108,128"/><W1/><G96/><T133/><D126/><U73/><E73/><V15/><BYE who="1" /><F0/><W74/><G63/><N who="0" m="24075" /><D129/><N who="3" m="49737" /><G17/><T46/><D133/><U124/><E124/><V79/><F125/><W75/><G49/><T7/><D112/><UN n1="%66%72%65%65%7A%65%37" /><U104/><E117/><V97/><F113/><W21/><G21/><T10/><D7/><U56/><E114/><V27/><F97/><W30/><G30/><T4/><D4/><U116/><E116/><V45/><F135/><W14/><G14/><T28/><D10/><U92/><E120/><V98/><F121/><W8/><G75/><T127/><D19/><U91/><E134/><V130/><F130/><W32/><G32/><T60/><D60/><U99/><E34/><V33/><F33/><W24/><G24/><N who="0" m="14407" /><D127/><U39/><E78/><V26/><F35/><W9/><G9/><T47/><D47/><U55/><E104/><V115/><F115/><W132/><G132/><T72/><D72/><U90/><REACH who="1" step="1"/><E55/><REACH who="1" ten="258,83,423,216" step="2"/><V31/><F11/><W58/><G8/><T87/><D77/><U69/><E69/><V102/><F70/><W23/><G3/><T68/><D68/><U43/><E43/><V42/><F42/><W95/><G1/><T76/><D76/><U119/><E119/><V12/><F40/><W101/><G74/><T110/><D110/><U13/><E13/><V111/><F111/><W85/><G109/><T5/><D5/><U67/><E67/><V100/><BYE who="1" /><F45/><UN n1="%66%72%65%65%7A%65%37" /><W93/><G108/><T54/><D54/><U6/><E6/><V57/><F41/><W94/><G23/><T65/><D65/><U64/><E64/><RYUUKYOKU ba="1,2" sc="258,15,83,15,423,-15,216,-15" hai0="28,29,46,51,53,84,87" hai1="18,20,25,37,38,39,48,52,56,90,91,92,99" owari="273,7.0,98,-40.0,428,53.0,201,-20.0" /></mjloggm>