<mjloggm ver="2.3"><GO type="193" lobby="0"/><UN n0="%6F%6B%61%70%69%6B%75%6E" n1="%2D%2D%E8%BB%8D%E9%B6%8F%2D%2D" n2="%E3%81%8B%E3%81%8A%E3%82%8A%E3%81%A1%E3%82%83%E3%82%93" n3="%E5%B0%B1%E6%B4%BB%E7%94%9F%40%E5%B7%9D%E6%9D%91%E8%BB%8D%E5%9B%A3" dan="11,11,9,11" rate="1530.04,1822.54,1553.56,1739.37" sx="M,M,F,M"/><TAIKYOKU oya="0"/><INIT seed="0,0,0,3,2,60" ten="250,250,250,250" oya="0" hai0="26,19,25,37,122,105,93,10,121,41,127,0,113" hai1="28,132,106,79,11,36,97,35,64,21,92,30,63" hai2="50,91,68,46,117,18,81,110,5,85,45,76,62" hai3="34,130,51,80,100,65,129,119,58,135,2,24,87"/><T6/><D105/><U95/><E36/><V116/><F110/><W96/><G2/><T31/><D127/><U53/><E79/><V44/><F5/><W103/><G119/><N who="2" m="45641" /><F18/><W48/><G135/><T39/><D113/><U128/><E132/><V9/><F9/><W16/><G129/><T88/><D39/><U61/><E128/><V49/><F91/><W120/><G120/><T43/><D37/><U14/><E53/><V125/><F125/><W70/><G70/><T98/><D121/><U123/><E123/><V4/><F4/><W78/><G130/><T38/><D122/><U15/><E11/><V86/><F86/><W126/><G126/><T84/><D38/><U32/><E21/><V94/><F94/><N who="3" m="58391" /><G34/><T27/><D19/><U23/><E23/><V66/><AGARI ba="0,0" hai="44,45,46,49,50,62,66,68,76,81,85" m="45641" machi="66" ten="40,2700,0" yaku="12,1,52,1" doraHai="60" who="2" fromWho="2" sc="250,-13,250,-7,250,27,250,-7" /><INIT seed="1,0,0,2,4,119" ten="237,243,277,243" oya="1" hai0="76,56,18,10,15,100,0,108,73,102,116,31,57" hai1="23,103,70,120,96,14,106,79,131,24,29,80,69" hai2="25,134,95,83,51,59,6,67,33,91,53,12,32" hai3="27,72,4,125,101,7,5,11,64,34,49,110,1"/><U84/><E120/><V86/><F134/><W65/><G72/><T17/><D31/><U60/><E131/><V78/><F67/><W35/><G110/><T46/><D116/><U48/><E48/><V30/><F6/><W130/><G125/><T99/><D102/><U127/><E127/><V114/><F114/><W77/><G130/><T44/><D108/><U45/><E45/><V92/><F92/><W62/><G77/><T16/><D76/><U8/><REACH who="1" step="1"/><E60/><REACH who="1" ten="237,233,277,243" step="2"/><V9/><F9/><W133/><G133/><T21/><D73/><U71/><E71/><V43/><F43/><W47/><G64/><T63/><D63/><U66/><E66/><V105/><F105/><W115/><G115/><T118/><D118/><U88/><E88/><V13/><REACH who="2" step="1"/><F33/><REACH who="2" ten="237,233,267,243" step="2"/><W82/><G65/><T123/><D123/><U58/><E58/><V61/><F61/><W28/><G62/><T113/><D56/><U52/><E52/><V19/><F19/><AGARI ba="0,2" hai="8,14,19,23,24,29,69,70,79,80,84,96,103,106" machi="19" ten="30,2900,0" yaku="1,1,7,1,53,0" doraHai="119" doraHaiUra="38" who="1" fromWho="2" sc="237,0,233,49,267,-29,243,0" /><INIT seed="1,1,0,5,2,130" ten="237,282,238,243" oya="1" hai0="78,81,106,94,77,93,120,134,31,91,128,131,62" hai1="66,49,89,123,124,103,87,102,28,10,57,60,107" hai2="27,51,35,68,40,55,73,26,90,96,74,92,1" hai3="69,64,46,30,71,13,59,111,9,58,19,117,100"/><U82/><E123/><V23/><F1/><W3/><G117/><T76/><D31/><U22/><E124/><V79/><F68/><W127/><G127/><T43/><D43/><U75/><E75/><V52/><F35/><W63/><G111/><T5/><D5/><U7/><E107/><V126/><F126/><W84/><G3/><T80/><D62/><U135/><E135/><V50/><F40/><W88/><G100/><T2/><D2/><U17/><E49/><V25/><F79/><W133/><G133/><T42/><D42/><U122/><E122/><V86/><F74/><W44/><G30/><T98/><D120/><U56/><E56/><V83/><F73/><W104/><G104/><T105/><D134/><U110/><E110/><V99/><F23/><W39/><G59/><T18/><D18/><U36/><E36/><V11/><F11/><W47/><REACH who="3" step="1"/><G39/><REACH who="3" ten="237,282,238,233" step="2"/><T32/><D32/><U95/><E28/><V29/><F29/><W0/><G0/><T121/><D121/><U48/><E48/><V109/><F109/><W101/><G101/><N who="0" m="62647" /><D106/><U132/><E132/><V24/><N who="2" m="6656" /><DORA hai="54" /><V65/><F65/><W72/><G72/><T45/><D45/><U85/><E103/><N who="2" m="60807" /><F99/><W12/><G12/><T97/><D93/><AGARI ba="1,1" hai="9,13,19,44,46,47,58,63,64,69,71,84,88,93" machi="93" ten="40,5200,0" yaku="1,1,52,1,54,1,53,0" doraHai="130,54" doraHaiUra="125,115" who="3" fromWho="0" sc="237,-55,282,0,238,0,233,65" /><INIT seed="2,0,0,3,4,43" ten="182,282,238,298" oya="2" hai0="15,56,65,84,17,29,88,11,92,42,40,68,13" hai1="28,93,21,132,33,130,5,24,19,62,51,127,107" hai2="38,99,75,32,18,101,114,12,81,103,120,109,66" hai3="36,110,14,53,23,7,44,135,125,10,61,126,20"/><V106/><F114/><W112/><G110/><T100/><D68/><U47/><E107/><V54/><F120/><W85/><G135/><T3/><D100/><U60/><E132/><V64/><F109/><W71/><G112/><T0/><D29/><U86/><E130/><V83/><F32/><W113/><G113/><T128/><D128/><U50/><E127/><N who="3" m="48650" /><G85/><T58/><D58/><U111/><E111/><V2/><F2/><W108/><G108/><T102/><D102/><U133/><E133/><V52/><F38/><W48/><G36/><T6/><D65/><AGARI ba="0,0" hai="7,10,14,20,23,44,48,53,61,65,71" m="48650" machi="65" ten="30,2000,0" yaku="18,1,52,1" doraHai="43" who="3" fromWho="0" sc="182,-20,282,0,238,0,298,20" /><INIT seed="3,0,0,4,2,32" ten="162,282,238,318" oya="3" hai0="67,92,55,110,114,130,104,64,83,12,30,71,72" hai1="107,62,3,63,94,126,129,109,28,108,75,37,86" hai2="100,25,45,134,91,0,74,95,49,18,85,124,113" hai3="2,120,11,51,1,59,90,50,66,73,112,41,34"/><W57/><G120/><T24/><D104/><U20/><E37/><V84/><F113/><W117/><G34/><T88/><D114/><U33/><E75/><V7/><F74/><W53/><G73/><T125/><D130/><U14/><E129/><V39/><F124/><W43/><G112/><T36/><D36/><U15/><E126/><V44/><F134/><W17/><G117/><T35/><D125/><U68/><E107/><V23/><F39/><W119/><G119/><T122/><D122/><U40/><E40/><V89/><F100/><W27/><G43/><T106/><D106/><U61/><E68/><V123/><F123/><W26/><G26/><T97/><D110/><N who="1" m="42603" /><E33/><V98/><F98/><W70/><G70/><T48/><D12/><U10/><E28/><V60/><F60/><W76/><G76/><T99/><D71/><U58/><E20/><V93/><REACH who="2" step="1"/><F49/><REACH who="2" ten="162,282,228,318" step="2"/><W135/><G50/><T21/><D35/><U111/><E111/><V6/><F6/><W5/><G51/><T38/><D38/><U133/><E133/><V77/><F77/><W19/><G5/><T47/><REACH who="0" step="1"/><D97/><REACH who="0" ten="152,282,228,318" step="2"/><U31/><E86/><V22/><F22/><W80/><G80/><T118/><D118/><U105/><E105/><V16/><F16/><W8/><G19/><T131/><D131/><U81/><E63/><V54/><F54/><W56/><G17/><T101/><D101/><U9/><E62/><V128/><F128/><W13/><G53/><T87/><D87/><U4/><E61/><V79/><F79/><AGARI ba="0,2" hai="21,24,30,47,48,55,64,67,72,79,83,88,92,99" machi="79" ten="40,2600,0" yaku="1,1,54,1,53,0" doraHai="32" doraHaiUra="69" who="0" fromWho="2" sc="152,46,282,0,228,-26,318,0" owari="198,-30.0,282,8.0,202,-20.0,318,42.0" /></mjloggm>