<mjloggm ver="2.3"><GO type="41" lobby="0"/><UN n0="%E3%81%BD%E3%82%80%E3%81%8B%E3%82%88" n1="%E3%81%8B%E3%81%A8%E3%82%8C%E3%81%82%E3%82%93" n2="%4F%69%E3%81%AE%E3%81%B6%E5%AD%90" n3="%E3%82%A6%E3%83%AB%E3%83%88%E3%83%A9%E7%AB%8B%E7%9B%B4" dan="15,14,14,15" rate="1946.15,1916.17,1947.88,1976.21" sx="F,M,M,M"/><TAIKYOKU oya="0"/><INIT seed="0,0,0,2,1,32" ten="250,250,250,250" oya="0" hai0="22,37,107,105,112,44,40,86,120,10,36,84,114" hai1="96,30,115,82,6,33,106,131,24,28,83,108,16" hai2="55,54,97,49,61,5,35,91,135,11,64,70,109" hai3="125,25,94,95,1,89,18,63,130,119,13,129,127"/><T74/><D120/><U133/><E115/><V19/><F109/><W122/><G63/><T117/><D117/><U80/><E131/><N who="3" m="50186" /><G25/><T124/><D74/><U100/><E30/><V77/><F135/><W38/><G38/><T62/><D62/><U134/><E108/><V113/><F113/><W73/><G73/><T71/><D71/><U43/><E43/><V118/><F118/><W47/><G47/><T41/><D22/><U59/><E6/><V76/><F35/><W121/><G119/><T99/><D44/><U79/><E59/><V85/><F97/><W34/><G34/><T103/><D99/><U23/><REACH who="1" step="1"/><E79/><REACH who="1" ten="250,240,250,250" step="2"/><V56/><F5/><W2/><G122/><T53/><D114/><U7/><E7/><V51/><F77/><W20/><G121/><T126/><D112/><U0/><E0/><N who="3" m="106" /><G89/><T31/><D31/><U52/><E52/><N who="2" m="20011" /><F76/><W8/><G8/><T4/><D53/><U29/><E29/><V26/><F11/><W14/><G14/><AGARI ba="0,1" hai="14,16,23,24,28,33,80,82,83,96,100,106,133,134" machi="14" ten="40,2600,0" yaku="1,1,54,1,53,0" doraHai="32" doraHaiUra="3" who="1" fromWho="3" sc="250,0,240,36,250,0,250,-26" /><INIT seed="1,0,0,0,1,110" ten="250,276,250,224" oya="1" hai0="52,117,96,36,61,119,90,56,67,23,89,32,125" hai1="75,78,19,104,34,24,101,40,43,6,49,13,11" hai2="69,127,39,33,45,54,95,66,98,73,58,35,109" hai3="47,71,26,94,5,106,28,51,41,27,100,60,107"/><U111/><E111/><V126/><F109/><W85/><G27/><T25/><D32/><U9/><E104/><V42/><F73/><W22/><G5/><T122/><D125/><N who="2" m="47626" /><F69/><W87/><G106/><T128/><D128/><U16/><E101/><N who="2" m="60639" /><F66/><W83/><G107/><T8/><D122/><U50/><E34/><V70/><F70/><W105/><G105/><T10/><D36/><U130/><E130/><V2/><F2/><W15/><G71/><T7/><D67/><U131/><E131/><V14/><F14/><W21/><G60/><AGARI ba="0,0" hai="33,35,39,42,45,54,58,60" m="60639,47626" machi="60" ten="30,1000,0" yaku="18,1" doraHai="110" who="2" fromWho="3" sc="250,0,276,0,250,10,224,-10" /><INIT seed="2,0,0,1,5,40" ten="250,276,260,214" oya="2" hai0="80,41,112,69,20,4,53,134,22,1,5,79,124" hai1="129,32,97,108,19,49,68,14,104,11,67,18,39" hai2="86,117,132,33,71,43,82,37,73,51,127,123,15" hai3="61,35,83,115,26,57,3,125,121,131,59,88,110"/><V74/><F123/><W8/><G3/><T16/><D112/><U84/><E39/><V111/><F117/><W2/><G121/><T100/><D134/><U99/><E129/><V66/><F132/><W106/><G106/><T91/><D124/><U119/><E119/><V103/><F127/><W113/><G125/><T27/><D69/><U98/><E32/><V63/><F111/><W120/><G110/><T60/><D100/><U64/><E108/><V46/><F33/><W47/><G47/><T96/><D41/><U55/><E104/><V76/><F103/><W10/><G131/><T12/><D1/><U90/><E68/><V23/><REACH who="2" step="1"/><F37/><REACH who="2" ten="250,276,250,214" step="2"/><W36/><G36/><T87/><D79/><U17/><E64/><V21/><F21/><W101/><G120/><T54/><D96/><U130/><E67/><V50/><F50/><W56/><G101/><T13/><D13/><U135/><E135/><V28/><F28/><N who="3" m="19863" /><G2/><T78/><D78/><U116/><E116/><V128/><F128/><W58/><G61/><T85/><D60/><U34/><E34/><V102/><F102/><W45/><G10/><T118/><D118/><U95/><REACH who="1" step="1"/><E130/><REACH who="1" ten="250,266,250,214" step="2"/><V126/><F126/><W30/><G115/><T75/><D75/><U48/><E48/><V81/><F81/><W6/><G83/><T94/><D80/><U65/><E65/><V92/><F92/><W31/><G113/><T122/><D94/><U114/><E114/><V89/><F89/><W133/><G88/><T25/><D91/><U44/><AGARI ba="0,2" hai="11,14,17,18,19,44,49,55,84,90,95,97,98,99" machi="44" ten="30,7900,0" yaku="1,1,0,1,8,1,52,1,53,0" doraHai="40" doraHaiUra="72" who="1" fromWho="1" sc="250,-20,266,99,250,-39,214,-20" /><INIT seed="3,0,0,3,1,63" ten="230,365,211,194" oya="3" hai0="71,125,2,23,124,66,27,135,114,5,83,44,121" hai1="103,80,76,75,77,45,65,115,119,122,32,131,82" hai2="94,109,129,132,108,74,60,33,20,134,9,42,34" hai3="127,95,12,85,118,70,69,18,52,99,13,102,92"/><W78/><G127/><N who="0" m="48715" /><D121/><U87/><E32/><N who="2" m="12395" /><F74/><W31/><G31/><T1/><D135/><N who="2" m="51754" /><F42/><W111/><G118/><T38/><D114/><U117/><E65/><V90/><F60/><W55/><G111/><N who="2" m="42569" /><F94/><W128/><G128/><T51/><D38/><U101/><E45/><V46/><F46/><W4/><G70/><T59/><D71/><U26/><E115/><V15/><F90/><N who="3" m="53327" /><G69/><T40/><D83/><U112/><E112/><V104/><F104/><W100/><G78/><T53/><D5/><U29/><E131/><V110/><N who="2" m="42577" /><V107/><DORA hai="61" /><F107/><W0/><G102/><T49/><D66/><U22/><E122/><V113/><F113/><W56/><G95/><T123/><D123/><U48/><E48/><V81/><F81/><W93/><G93/><T133/><D133/><U67/><E67/><V79/><F79/><W35/><G100/><T72/><D72/><U120/><E120/><V86/><F86/><W30/><G99/><T73/><D73/><U39/><E39/><V97/><F97/><W106/><G106/><T62/><D51/><U126/><E126/><V64/><F64/><W54/><G54/><T17/><AGARI ba="0,0" hai="1,2,17,23,27,40,44,49,53,59,62" m="48715" machi="17" ten="30,1100,0" yaku="18,1" doraHai="63,61" who="0" fromWho="0" sc="230,11,365,-3,211,-3,194,-5" /><INIT seed="4,0,0,1,4,99" ten="241,362,208,189" oya="0" hai0="14,121,114,116,52,47,2,107,3,13,10,27,39" hai1="85,118,126,56,81,63,30,17,128,53,28,69,76" hai2="109,133,119,1,65,80,117,135,9,78,108,33,104" hai3="8,38,123,20,54,43,44,11,62,24,49,36,84"/><T70/><D121/><U58/><E118/><N who="2" m="45067" /><F33/><W42/><G123/><T37/><D116/><U96/><E69/><V74/><F65/><W127/><G127/><T110/><D114/><U124/><E128/><V111/><F9/><W34/><G34/><T31/><D110/><N who="2" m="28162" /><V19/><DORA hai="67" /><F1/><W51/><G62/><T83/><D70/><U106/><E124/><V26/><F104/><W12/><G38/><T0/><D107/><U89/><E126/><V72/><F26/><W45/><G12/><T94/><D83/><U15/><E58/><V97/><F19/><W73/><G73/><N who="2" m="28265" /><F97/><W95/><G54/><T5/><D14/><U21/><E106/><V92/><F92/><AGARI ba="0,0" hai="15,17,21,28,30,53,56,63,76,81,85,89,92,96" machi="92" ten="40,1300,0" yaku="8,1" doraHai="99,67" who="1" fromWho="2" sc="241,0,362,13,208,-13,189,0" /><INIT seed="5,0,0,3,5,110" ten="241,375,195,189" oya="1" hai0="86,99,82,126,17,115,53,113,47,69,8,124,78" hai1="119,80,103,74,112,13,4,35,77,96,7,28,16" hai2="48,50,104,55,44,88,34,60,5,129,3,42,30" hai3="51,43,66,68,19,75,2,54,72,134,125,114,41"/><U62/><E119/><V38/><F129/><W102/><G2/><T20/><D69/><U33/><E112/><N who="0" m="43081" /><D8/><U92/><E35/><V123/><F123/><W21/><G75/><T23/><D99/><U24/><REACH who="1" step="1"/><E62/><REACH who="1" ten="241,365,195,189" step="2"/><V14/><F34/><W128/><G114/><T70/><D70/><U111/><E111/><V94/><F104/><W116/><G68/><T100/><D100/><U101/><E101/><V118/><F118/><W15/><G102/><T56/><D47/><U63/><E63/><V32/><F60/><W120/><G116/><T98/><D98/><U65/><E65/><V46/><F32/><W133/><G66/><T49/><D23/><AGARI ba="0,1" hai="4,7,13,16,23,24,28,33,74,77,80,92,96,103" machi="23" ten="30,5800,0" yaku="1,1,7,1,54,1,53,0" doraHai="110" doraHaiUra="84" who="1" fromWho="0" sc="241,-58,365,68,195,0,189,0" /><INIT seed="5,1,0,1,1,3" ten="183,433,195,189" oya="1" hai0="22,0,53,107,88,5,43,89,54,92,60,45,91" hai1="115,133,106,62,21,117,77,105,65,129,118,108,79" hai2="128,18,19,100,116,39,121,67,112,101,114,97,103" hai3="37,98,40,81,86,35,15,57,70,111,41,34,58"/><U93/><E108/><V63/><F39/><W73/><G73/><T85/><D107/><U47/><E47/><V68/><F116/><W135/><G70/><T78/><D78/><U23/><E93/><N who="2" m="58415" /><F121/><W48/><G111/><T76/><D76/><U127/><E62/><V94/><F128/><W55/><G135/><T132/><D132/><U51/><E133/><V4/><F4/><W90/><G35/><T44/><D22/><U82/><E129/><V126/><F126/><W14/><G34/><T38/><D53/><U33/><E33/><V110/><F110/><W29/><G29/><T49/><REACH who="0" step="1"/><D60/><REACH who="0" ten="173,433,195,189" step="2"/><U30/><E79/><V102/><F94/><W50/><G40/><T104/><D104/><U96/><E77/><V46/><F46/><W42/><G42/><T1/><D1/><U74/><E21/><V109/><F109/><W120/><G41/><T83/><D83/><U122/><E23/><V130/><F130/><W10/><G120/><T27/><D27/><U31/><E82/><V69/><F68/><W28/><G28/><T84/><D84/><U72/><E122/><V25/><F25/><W9/><G98/><T6/><D6/><U113/><E96/><V2/><F2/><W124/><G124/><T59/><D59/><U87/><E87/><V95/><F95/><W75/><G75/><T134/><D134/><U61/><E61/><V131/><F131/><W66/><G57/><T99/><D99/><U26/><E127/><V119/><F119/><W32/><G58/><T17/><D17/><U123/><E118/><V125/><F125/><W16/><G55/><RYUUKYOKU ba="1,1" sc="173,15,433,-15,195,15,189,-15" hai0="0,5,38,43,44,45,49,54,85,88,89,91,92" hai2="18,19,63,67,69,101,102,103,112,114" /><INIT seed="6,2,1,0,1,63" ten="188,418,210,174" oya="2" hai0="41,130,131,46,14,127,24,47,32,90,85,101,123" hai1="15,92,58,132,11,48,68,110,43,12,71,51,33" hai2="128,44,108,20,45,78,34,94,18,64,9,100,93" hai3="31,55,118,113,111,77,70,114,27,91,56,79,95"/><V1/><F128/><N who="0" m="49194" /><D123/><U21/><E33/><V4/><F108/><W26/><G70/><T69/><D127/><U62/><E110/><V99/><F34/><W126/><G118/><T98/><D69/><U54/><E132/><V135/><F135/><W122/><G122/><T19/><D32/><U39/><E51/><V10/><F78/><N who="3" m="29707" /><G31/><T36/><D24/><U30/><E92/><V112/><F112/><N who="3" m="43115" /><G126/><T8/><D41/><U67/><E68/><V120/><F120/><W117/><G117/><T50/><D50/><U72/><E72/><V96/><F64/><W49/><G111/><T81/><D36/><U80/><E80/><V134/><F134/><W3/><G3/><T88/><D90/><U52/><E54/><V86/><F86/><AGARI ba="2,1" hai="26,27,49,55,56,86,91,95" m="43115,29707" machi="86" ten="30,2000,0" yaku="15,1,11,1" doraHai="63" who="3" fromWho="2" sc="188,0,418,0,210,-26,174,36" /><INIT seed="7,0,0,0,2,14" ten="188,418,184,210" oya="3" hai0="34,67,65,57,105,127,78,93,47,44,25,107,63" hai1="51,103,17,69,40,116,20,126,61,113,80,90,50" hai2="9,21,131,130,106,92,12,62,73,112,77,128,27" hai3="109,83,3,28,120,86,99,59,75,36,60,45,1"/><W101/><G75/><T58/><D127/><U39/><E126/><V23/><F106/><W35/><G120/><T11/><D78/><U32/><E32/><V129/><N who="2" m="32768" /><DORA hai="108" /><V111/><F111/><W16/><G28/><T124/><D124/><U22/><E103/><V19/><F92/><W87/><G35/><T79/><D79/><U18/><E116/><V81/><F112/><W37/><G37/><T123/><D123/><U85/><E113/><V133/><F133/><W64/><G36/><T76/><D76/><U8/><E8/><V134/><F134/><W70/><G70/><T6/><D93/><U84/><E84/><N who="3" m="32298" /><G1/><T88/><D88/><U43/><E39/><V10/><F62/><W66/><G3/><T56/><D107/><U33/><E61/><V119/><F119/><W0/><G0/><T102/><D102/><U41/><E33/><V30/><AGARI ba="0,0" hai="9,10,12,19,21,23,27,30,73,77,81" m="32768" machi="30" ten="60,7900,0" yaku="0,1,19,1,52,1" doraHai="14,108" who="2" fromWho="2" sc="188,-20,418,-20,184,79,210,-39" owari="168,-33.0,398,50.0,263,6.0,171,-23.0" /></mjloggm>