<mjloggm ver="2.3"><GO type="97" lobby="0"/><UN n0="%74%65%72%72%79%31%33%36" n1="%E5%B0%B1%E6%B4%BB%E7%94%9F%40%E5%B7%9D%E6%9D%91%E8%BB%8D%E5%9B%A3" n2="%E9%A0%88%E4%BD%90%E4%B9%8B%E7%94%B7" n3="%E3%82%82%E3%82%81%E3%82%93%E3%81%AA%E3%81%A1%E3%82%83%E3%81%84" dan="15,13,13,15" rate="2082.51,1907.64,1846.88,2032.17" sx="M,M,M,F"/><TAIKYOKU oya="0"/><INIT seed="0,0,0,4,1,4" ten="250,250,250,250" oya="0" hai0="92,130,56,19,72,96,129,22,29,109,84,64,46" hai1="121,119,128,15,122,135,85,114,58,106,23,134,83" hai2="38,110,108,69,3,125,55,45,107,104,82,9,70" hai3="75,11,66,120,34,65,43,30,33,28,14,98,73"/><T39/><D72/><U32/><E32/><V50/><F125/><W60/><G43/><T80/><D109/><N who="2" m="42090" /><F38/><W117/><G117/><T81/><D29/><U111/><E106/><N who="2" m="40491" /><F82/><W47/><G47/><T88/><D39/><U54/><E111/><V97/><F97/><W49/><G49/><T61/><D46/><U10/><E114/><V76/><F76/><W68/><G120/><T94/><D130/><U87/><E119/><V77/><F77/><W112/><G112/><T16/><D129/><U118/><E118/><V37/><F37/><W123/><G123/><T2/><D2/><U41/><E41/><V113/><F113/><W20/><G98/><T7/><D7/><AGARI ba="0,0" hai="3,7,9,45,50,55,69,70" m="40491,42090" machi="7" ten="30,2000,0" yaku="14,1,52,1" doraHai="4" who="2" fromWho="0" sc="250,-20,250,0,250,20,250,0" /><INIT seed="1,0,0,3,2,76" ten="230,250,270,250" oya="1" hai0="125,4,83,2,9,72,133,13,122,131,50,110,0" hai1="118,5,107,106,39,47,11,23,74,46,82,84,91" hai2="16,105,45,99,43,38,78,100,90,18,44,6,48" hai3="22,80,77,97,115,30,40,112,111,98,21,56,134"/><U93/><E118/><V124/><F124/><W53/><G111/><T25/><D110/><U89/><E23/><V51/><F6/><W102/><G134/><T35/><D50/><U19/><E19/><V130/><F130/><W95/><G40/><T10/><D83/><U42/><E47/><V86/><F78/><W94/><G115/><T69/><D72/><U81/><E74/><V120/><F38/><W68/><G68/><T15/><D69/><U34/><E34/><V104/><F104/><W41/><G41/><T8/><D125/><U3/><REACH who="1" step="1"/><E82/><REACH who="1" ten="230,240,270,250" step="2"/><V64/><F120/><W73/><G112/><T54/><D122/><U119/><E119/><V79/><F79/><W20/><G30/><T101/><D133/><U31/><E31/><V65/><F18/><W126/><G126/><T132/><D132/><U60/><E60/><V32/><F32/><W61/><REACH who="3" step="1"/><G21/><REACH who="3" ten="230,240,270,240" step="2"/><T113/><D113/><U87/><AGARI ba="0,2" hai="3,5,11,39,42,46,81,84,87,89,91,93,106,107" machi="87" ten="20,7800,0" yaku="1,1,0,1,7,1,52,1,53,0" doraHai="76" doraHaiUra="62" who="1" fromWho="1" sc="230,-26,240,98,270,-26,240,-26" /><INIT seed="1,1,0,5,5,57" ten="204,338,244,214" oya="1" hai0="30,86,20,112,79,88,131,89,37,28,38,29,115" hai1="41,6,83,48,45,128,81,90,134,65,8,27,49" hai2="25,12,78,52,18,33,118,70,93,129,127,40,9" hai3="77,69,82,42,119,110,58,105,7,116,125,63,21"/><U80/><E128/><V76/><F118/><N who="3" m="45099" /><G69/><T26/><D131/><U98/><E134/><V10/><F129/><W17/><G105/><T61/><D79/><U126/><E126/><V43/><F127/><W68/><G68/><T67/><D112/><U2/><E65/><V5/><F70/><W117/><N who="3" m="45107" /><W0/><DORA hai="106" /><G125/><T87/><D115/><U103/><E27/><V55/><F93/><W104/><G104/><T120/><D120/><U75/><E49/><V14/><F33/><W108/><G42/><N who="2" m="15913" /><F25/><N who="3" m="14511" /><G7/><T94/><D37/><U130/><E130/><V135/><F135/><W3/><G82/><T71/><REACH who="0" step="1"/><D38/><REACH who="0" ten="194,338,244,214" step="2"/><U66/><E66/><V19/><F5/><W1/><G77/><AGARI ba="1,1" hai="9,10,12,14,18,19,52,55,76,77,78" m="15913" machi="77" ten="30,2000,0" yaku="8,1,54,1" doraHai="57,106" who="2" fromWho="3" sc="194,0,338,0,244,33,214,-23" /><INIT seed="2,0,0,2,5,83" ten="194,338,277,191" oya="2" hai0="19,122,131,95,103,13,92,77,46,58,97,101,134" hai1="37,22,45,47,79,14,56,133,130,35,81,128,0" hai2="80,66,31,67,96,11,39,126,127,73,125,9,2" hai3="52,51,118,76,44,99,108,117,87,90,8,57,110"/><V49/><F39/><W62/><G76/><T72/><D122/><U36/><E35/><V20/><F49/><W21/><G99/><T43/><D134/><U16/><E0/><V89/><F96/><W27/><G8/><N who="2" m="3145" /><F2/><W107/><G107/><T29/><D29/><U75/><E133/><V7/><F7/><W61/><G61/><T40/><D131/><N who="1" m="50219" /><E56/><V106/><F106/><W15/><G15/><T60/><D72/><U17/><E17/><V54/><F54/><N who="3" m="34103" /><G21/><T32/><D32/><U64/><E64/><V74/><F74/><W123/><G27/><T28/><D28/><U102/><E102/><V94/><F80/><N who="3" m="49511" /><G123/><T109/><D77/><U24/><E24/><N who="2" m="16775" /><F73/><W53/><G53/><T116/><D13/><U82/><E82/><V70/><F70/><W114/><G114/><T78/><D78/><U132/><E132/><V5/><F5/><W6/><G6/><T42/><D19/><U91/><E91/><V1/><F1/><W100/><G100/><T12/><D12/><U115/><E115/><V41/><F89/><W26/><G26/><T25/><D25/><U93/><E93/><V119/><F94/><W23/><G23/><T129/><D129/><U34/><E34/><V3/><F3/><W18/><G18/><T85/><D103/><U111/><E111/><AGARI ba="0,0" hai="44,51,52,108,110,111,117,118" m="49511,34103" machi="111" ten="30,3900,0" yaku="14,1,52,1,54,1" doraHai="83" who="3" fromWho="1" sc="194,0,338,-39,277,0,191,39" /><INIT seed="3,0,0,4,3,56" ten="194,299,277,230" oya="3" hai0="92,13,35,62,101,123,120,98,85,14,0,132,70" hai1="80,124,103,12,86,66,24,105,67,122,88,135,18" hai2="96,117,78,37,53,73,97,77,34,52,60,72,79" hai3="111,84,44,50,31,19,82,58,114,49,110,33,32"/><W94/><G114/><T42/><D0/><U47/><E122/><V5/><F117/><W38/><G94/><T108/><D35/><U102/><E135/><V48/><F37/><W22/><G38/><T118/><D118/><U61/><E124/><V90/><F34/><W2/><G2/><T109/><D132/><U1/><E1/><V26/><F5/><W54/><G31/><T75/><D75/><U21/><E105/><V71/><F26/><N who="3" m="14687" /><G50/><T130/><D42/><U65/><E47/><V15/><F15/><N who="0" m="5642" /><D85/><U17/><REACH who="1" step="1"/><E61/><REACH who="1" ten="194,289,277,230" step="2"/><V8/><F60/><W83/><G44/><T126/><D126/><U9/><AGARI ba="0,1" hai="9,12,17,18,21,24,65,66,67,80,86,88,102,103" machi="9" ten="30,8000,1" yaku="1,1,2,1,0,1,8,1,54,1,53,0" doraHai="56" doraHaiUra="29" who="1" fromWho="1" sc="194,-20,289,90,277,-20,230,-40" owari="174,-33.0,379,48.0,257,6.0,190,-21.0" /></mjloggm>