<mjloggm ver="2.3"><GO type="169" lobby="0"/><UN n0="%E3%83%A1%E3%82%A4%E3%82%A2%E3%82%AF%E3%83%88" n1="%72%75%75%72%75%75" n2="%64%6F%6D%65%73%75%31%36" n3="%E3%82%A6%E3%83%AB%E3%83%88%E3%83%A9%E7%AB%8B%E7%9B%B4" dan="16,16,17,16" rate="2138.40,2052.73,2153.03,2138.65" sx="M,M,M,M"/><TAIKYOKU oya="0"/><INIT seed="0,0,0,2,3,43" ten="250,250,250,250" oya="0" hai0="113,118,12,72,116,99,59,0,122,16,114,35,39" hai1="68,65,41,10,119,87,115,15,14,126,130,79,89" hai2="56,121,127,104,6,66,51,133,63,132,24,7,46" hai3="77,57,36,44,60,75,85,22,9,100,5,109,84"/><T26/><D39/><U80/><E119/><V40/><F121/><W101/><G109/><T30/><D72/><U106/><E106/><V117/><F117/><N who="0" m="45162" /><D59/><U25/><E68/><V62/><F104/><W120/><G120/><T131/><D99/><U21/><E65/><V18/><F127/><W58/><G75/><T17/><D122/><U73/><E126/><V125/><F125/><W97/><G77/><T1/><D17/><U55/><E115/><N who="0" m="44041" /><D131/><U27/><E130/><V33/><F62/><W92/><G97/><T135/><D135/><N who="2" m="51786" /><F18/><W42/><G60/><T103/><D103/><U124/><E124/><V4/><F24/><W32/><G101/><T90/><D90/><U95/><E25/><V50/><F33/><W86/><G100/><T134/><D134/><U83/><E79/><V20/><F20/><AGARI ba="0,0" hai="0,1,12,16,20,26,30,35" m="44041,45162" machi="20" ten="30,5800,0" yaku="34,2,54,1" doraHai="43" who="0" fromWho="2" sc="250,58,250,0,250,-58,250,0" /><INIT seed="0,1,0,4,2,112" ten="308,250,192,250" oya="0" hai0="84,68,99,74,5,131,56,130,12,35,129,105,72" hai1="111,96,30,52,26,73,113,67,70,6,15,3,44" hai2="24,80,37,121,40,18,17,65,97,25,69,4,55" hai3="34,28,107,102,59,115,123,41,7,0,114,128,108"/><T38/><D68/><U29/><E111/><V134/><F121/><W64/><G59/><T76/><D35/><U100/><E3/><V11/><F134/><W103/><G41/><T116/><D38/><U14/><E73/><V120/><F120/><W66/><G123/><T16/><D5/><U117/><E117/><V135/><F135/><W110/><G7/><T46/><D46/><U109/><E109/><V90/><F55/><W2/><G28/><T75/><D56/><U45/><E30/><V125/><F125/><W60/><G60/><T126/><D126/><U89/><E89/><V91/><F65/><W39/><G39/><T92/><D116/><U20/><E6/><V51/><F69/><W8/><G8/><T119/><D119/><U93/><E113/><V10/><F37/><W87/><G34/><T47/><D47/><U71/><E71/><V77/><F4/><W19/><G19/><T86/><D105/><U49/><REACH who="1" step="1"/><E44/><REACH who="1" ten="308,240,192,250" step="2"/><V36/><F90/><W98/><G0/><T42/><D76/><U88/><E88/><V22/><F77/><W31/><G2/><T95/><D42/><U94/><E94/><N who="0" m="35881" /><D99/><U23/><E23/><AGARI ba="1,1" hai="12,16,23,72,74,75,84,86,129,130,131" m="35881" machi="23" ten="40,3900,0" yaku="19,1,54,1" doraHai="112" who="0" fromWho="1" sc="308,52,240,-42,192,0,250,0" /><INIT seed="0,2,0,5,5,69" ten="360,198,192,250" oya="0" hai0="110,90,109,48,66,18,108,65,96,17,128,119,97" hai1="67,52,76,56,26,29,7,43,6,106,95,16,24" hai2="1,15,116,79,132,85,53,27,13,113,64,114,72" hai3="62,31,61,81,0,98,126,14,34,44,123,12,57"/><T32/><D32/><U135/><E106/><V105/><F1/><W39/><G0/><T3/><D3/><U59/><E43/><V131/><F105/><W19/><G31/><T124/><D119/><U102/><E135/><V118/><F72/><W55/><G34/><T45/><D124/><U41/><E41/><V11/><F64/><N who="0" m="24682" /><D128/><U4/><E76/><V99/><F131/><W130/><G62/><T25/><D25/><U30/><E67/><V107/><F27/><N who="1" m="10281" /><E16/><N who="0" m="6249" /><D90/><U71/><E71/><V133/><F11/><W10/><G14/><T101/><D101/><U47/><E102/><N who="2" m="62943" /><F13/><W103/><G126/><T23/><D23/><U60/><E95/><V50/><F15/><W70/><G70/><T77/><D77/><U46/><E59/><N who="2" m="33207" /><F113/><W91/><G130/><T35/><D35/><U121/><E121/><V94/><F114/><W42/><G123/><T21/><D21/><U8/><E8/><V83/><F94/><W134/><G103/><T2/><D2/><U104/><E104/><V127/><F127/><W84/><REACH who="3" step="1"/><G98/><REACH who="3" ten="360,198,192,240" step="2"/><T120/><D120/><U68/><E68/><V88/><F116/><W9/><G9/><T122/><D122/><U51/><E60/><V20/><F118/><W80/><G80/><T100/><D100/><U5/><E30/><V38/><F20/><W78/><G78/><T92/><D92/><U89/><E29/><V74/><F132/><AGARI ba="2,1" hai="10,12,19,39,42,44,55,57,61,81,84,91,132,134" machi="132" ten="40,5200,0" yaku="1,1,52,1,53,1" doraHai="69" doraHaiUra="36" who="3" fromWho="2" sc="360,0,198,0,192,-58,240,68" /><INIT seed="1,0,0,3,1,108" ten="360,198,134,308" oya="1" hai0="49,118,94,6,37,119,133,54,82,68,121,128,123" hai1="112,50,52,79,45,127,17,31,105,61,129,34,110" hai2="40,41,69,60,59,14,30,13,76,130,87,134,25" hai3="26,86,113,89,115,64,104,39,102,46,10,65,70"/><U101/><E110/><V3/><F3/><W85/><G102/><T28/><D6/><U106/><E129/><V33/><F134/><W114/><G104/><T111/><D28/><U117/><E117/><V16/><F130/><W62/><G65/><T126/><D128/><U80/><E127/><V38/><F69/><W24/><G86/><T23/><D37/><U83/><E101/><V63/><F38/><W11/><G39/><T43/><D43/><U84/><E112/><V99/><F99/><W73/><G73/><T27/><D68/><U36/><E36/><V72/><F72/><W48/><G11/><T22/><D133/><U78/><E17/><V66/><F13/><W125/><G10/><T131/><D131/><U88/><E61/><V20/><REACH who="2" step="1"/><F63/><REACH who="2" ten="360,198,124,308" step="2"/><W116/><G116/><T100/><D111/><U0/><E0/><V21/><F21/><W107/><G125/><T56/><D23/><U53/><E105/><V71/><F71/><W35/><G35/><T5/><D126/><U74/><E106/><V15/><F15/><W77/><G107/><T8/><D118/><U32/><E32/><V92/><F92/><W122/><G114/><T67/><D119/><U96/><E34/><V97/><F97/><W55/><G113/><T9/><D94/><U44/><E96/><V29/><F29/><W120/><G115/><T2/><D22/><U7/><E31/><V93/><F93/><N who="3" m="54447" /><G122/><T19/><D123/><U135/><E135/><V42/><F42/><W81/><G120/><T95/><D121/><U109/><E74/><V51/><F51/><W57/><G70/><RYUUKYOKU ba="0,1" sc="360,-15,198,-15,124,15,308,15" hai2="14,16,20,25,30,33,40,41,59,60,66,76,87" hai3="24,26,46,48,55,57,62,64,77,81" /><INIT seed="2,1,1,1,0,12" ten="345,183,139,323" oya="2" hai0="77,66,48,135,62,82,50,108,125,101,61,111,1" hai1="71,130,84,90,116,68,51,75,11,39,88,132,4" hai2="44,119,87,53,110,91,3,40,121,100,27,63,131" hai3="54,73,0,109,74,95,105,23,76,29,45,80,115"/><V37/><F121/><W52/><G0/><T2/><D101/><U17/><E39/><V97/><F119/><W60/><G105/><T69/><D125/><U93/><E116/><V58/><F131/><W15/><G109/><N who="0" m="42059" /><D62/><U94/><E75/><V64/><F110/><W38/><G73/><N who="0" m="43311" /><D135/><U22/><E130/><V47/><F3/><AGARI ba="1,1" hai="1,2,3,48,50,61,66,69" m="43311,42059" machi="3" ten="30,1000,0" yaku="14,1" doraHai="12" who="0" fromWho="2" sc="345,23,183,0,139,-13,323,0" /><INIT seed="3,0,0,1,2,75" ten="368,183,126,323" oya="3" hai0="131,53,4,99,46,70,81,67,28,40,8,44,6" hai1="106,42,77,76,74,96,55,120,115,130,11,36,18" hai2="126,14,59,110,88,89,100,98,107,105,64,108,112" hai3="22,118,56,132,2,71,57,27,90,84,86,60,10"/><W127/><G118/><T48/><D28/><U133/><E115/><V39/><F39/><W20/><G127/><T66/><D131/><U21/><E120/><V17/><F112/><W25/><G132/><T80/><D6/><U34/><E34/><V26/><F26/><W121/><G121/><T78/><D81/><U5/><E133/><V0/><F0/><W51/><G71/><T125/><D99/><U61/><E74/><V134/><F134/><W94/><G10/><T1/><D70/><U79/><E130/><V37/><F37/><W15/><G2/><T83/><D83/><U82/><E82/><V128/><F126/><W69/><G69/><T29/><D29/><U43/><E106/><V87/><F128/><W12/><G51/><T19/><D19/><U65/><E96/><V58/><F105/><W35/><G35/><T117/><D117/><U49/><E65/><V38/><F38/><W114/><G114/><T85/><D125/><U93/><E61/><N who="2" m="37943" /><F59/><W30/><G86/><T109/><D109/><N who="2" m="42090" /><F87/><W116/><G116/><T13/><D1/><U91/><E5/><V73/><F73/><W72/><G72/><T47/><D47/><N who="1" m="28095" /><E36/><AGARI ba="0,0" hai="4,8,13,36,40,44,46,48,53,66,67,78,80,85" machi="36" ten="30,2000,0" yaku="7,1,52,1" doraHai="75" who="0" fromWho="1" sc="368,20,183,-20,126,0,323,0" /><INIT seed="4,0,0,0,5,121" ten="388,163,126,323" oya="0" hai0="95,71,14,20,47,79,108,83,42,46,22,118,127" hai1="72,135,19,113,3,1,57,39,69,98,76,131,96" hai2="88,8,134,112,32,11,125,86,16,78,44,29,74" hai3="107,0,43,73,45,124,82,115,48,51,99,12,67"/><T68/><D118/><U49/><E69/><V104/><F104/><W62/><G0/><T102/><D127/><U92/><E131/><V133/><F125/><W35/><G35/><T54/><D71/><U119/><E39/><V13/><F112/><W55/><G124/><T105/><D68/><U90/><E135/><N who="2" m="51723" /><F44/><W100/><G115/><T6/><D105/><U21/><E119/><V65/><F65/><W129/><G129/><T36/><D47/><U106/><E113/><V15/><F74/><W28/><G28/><T75/><D54/><U2/><E49/><V18/><F78/><W123/><G123/><T58/><D58/><U34/><E57/><V50/><F50/><W40/><G51/><T94/><D102/><U110/><E34/><V85/><F85/><W26/><G73/><T103/><D103/><U80/><E106/><V114/><F114/><W63/><G63/><T101/><D101/><U117/><E117/><V77/><F77/><W89/><G62/><T41/><D41/><U5/><E98/><V38/><F38/><W70/><G67/><T93/><D6/><U53/><E5/><V132/><N who="2" m="51731" /><V31/><DORA hai="91" /><F32/><W10/><G70/><T111/><D14/><U126/><E126/><V59/><F59/><W97/><G43/><T23/><AGARI ba="0,0" hai="20,22,23,36,42,46,75,79,83,93,94,95,108,111" machi="23" ten="40,18000,2" yaku="0,1,52,5" doraHai="121,91" who="0" fromWho="0" sc="388,180,163,-60,126,-60,323,-60" /><INIT seed="4,1,0,1,4,5" ten="568,103,66,263" oya="0" hai0="90,14,120,113,25,56,102,112,111,40,121,71,125" hai1="13,110,115,70,130,18,103,68,51,123,4,28,74" hai2="23,72,116,36,42,75,86,64,129,96,37,20,33" hai3="29,78,48,91,133,118,73,66,95,76,114,127,3"/><T1/><D71/><U135/><E4/><V126/><F33/><W41/><G3/><T8/><D102/><U44/><E123/><V59/><F116/><W108/><G66/><T19/><D40/><U12/><E110/><V98/><F126/><W39/><G39/><T69/><D69/><U31/><E130/><V52/><F64/><W106/><G29/><T100/><D100/><U77/><E135/><V0/><F0/><W94/><G48/><T62/><D1/><U122/><E77/><V47/><F37/><W50/><G50/><T60/><D60/><U55/><E74/><V58/><F58/><W89/><G41/><T63/><D63/><U82/><E82/><V26/><F129/><W83/><G106/><T88/><D125/><U7/><E7/><V124/><F124/><W81/><G127/><T38/><D38/><U97/><E13/><V92/><F86/><W30/><G30/><N who="1" m="11306" /><E122/><N who="0" m="47209" /><D25/><U101/><E115/><N who="0" m="44105" /><D111/><U43/><E43/><V107/><F107/><W54/><G114/><T134/><D134/><U9/><E103/><V11/><F11/><W57/><G133/><T104/><D104/><U2/><E2/><V80/><F80/><W128/><G108/><T34/><D34/><U45/><E70/><V22/><F26/><W35/><G35/><T67/><AGARI ba="1,0" hai="8,14,19,56,62,67,88,90" m="44105,47209" machi="67" ten="30,6000,0" yaku="15,1,52,1,54,1" doraHai="5" who="0" fromWho="0" sc="568,63,103,-21,66,-21,263,-21" /><INIT seed="4,2,0,5,5,129" ten="631,82,45,242" oya="0" hai0="92,125,41,60,5,31,18,126,34,6,97,106,132" hai1="108,102,73,128,3,86,75,7,38,35,4,37,14" hai2="21,109,2,25,20,85,89,72,57,54,13,68,135" hai3="65,27,46,55,91,11,116,88,19,32,133,49,100"/><T15/><D106/><U52/><E108/><V83/><F2/><W131/><G100/><T120/><D41/><U8/><E128/><V66/><F109/><W123/><G116/><T48/><D48/><U50/><E35/><V63/><F72/><W104/><G104/><T81/><D81/><U87/><E102/><V39/><F39/><W94/><G91/><T26/><D60/><U12/><E8/><V69/><F69/><W124/><G65/><T43/><D43/><U122/><E50/><V58/><F68/><W9/><G9/><T1/><D120/><U64/><E64/><V59/><F66/><W71/><G71/><T47/><D47/><U70/><E70/><V96/><F96/><W0/><G46/><T76/><D76/><U134/><E52/><V40/><F40/><W29/><G49/><T90/><D132/><U33/><E33/><V111/><F111/><W61/><G55/><T78/><D78/><U99/><E99/><V114/><F114/><W113/><G113/><T28/><D28/><U110/><E110/><V74/><F74/><W119/><G133/><T42/><D42/><U84/><E84/><V23/><F135/><W107/><G61/><T24/><D24/><U112/><E112/><V56/><REACH who="2" step="1"/><F13/><REACH who="2" ten="631,82,35,242" step="2"/><W127/><G123/><T67/><D67/><U30/><E134/><V51/><F51/><W10/><G0/><T82/><D1/><U80/><E3/><V77/><F77/><W62/><G131/><T36/><D36/><U121/><E80/><V95/><F95/><W79/><G94/><T115/><D115/><U22/><E30/><AGARI ba="2,1" hai="20,21,23,25,30,54,56,57,58,59,63,83,85,89" machi="30" ten="40,5200,0" yaku="1,1,6,1,8,1,53,0" doraHai="129" doraHaiUra="101" who="2" fromWho="1" sc="631,0,82,-58,35,68,242,0" /><INIT seed="5,0,0,3,3,62" ten="631,24,103,242" oya="1" hai0="126,102,66,130,35,92,72,127,79,36,71,89,135" hai1="73,61,56,7,10,82,15,83,52,49,21,94,57" hai2="100,128,78,13,16,118,14,53,31,125,113,134,55" hai3="46,6,80,75,106,27,101,18,33,58,32,23,84"/><U41/><E73/><V90/><F118/><W50/><G75/><T29/><D36/><U48/><E48/><V54/><F125/><W47/><G47/><T122/><D122/><U86/><E41/><V1/><F1/><W45/><G45/><T42/><D42/><U110/><E110/><V67/><F67/><W2/><G58/><T87/><D29/><U51/><E51/><V34/><F128/><W97/><G6/><T77/><D35/><U88/><REACH who="1" step="1"/><E21/><REACH who="1" ten="631,14,103,242" step="2"/><V68/><F34/><W111/><G111/><T37/><D72/><U25/><E25/><V26/><F26/><W93/><G50/><T103/><D37/><U109/><E109/><V133/><F134/><W11/><G46/><T107/><D135/><U60/><E60/><V105/><F133/><W69/><G27/><T74/><D74/><U119/><E119/><V4/><F55/><AGARI ba="0,1" hai="7,10,15,49,52,55,56,57,61,82,83,86,88,94" machi="55" ten="30,12000,1" yaku="1,1,7,1,8,1,54,2,53,0" doraHai="62" doraHaiUra="12" who="1" fromWho="2" sc="631,0,14,130,103,-120,242,0" owari="631,74.0,144,-26.0,-17,-52.0,242,4.0" /></mjloggm>