<mjloggm ver="2.3"><GO type="97" lobby="0"/><UN n0="%41%78%69%75%73" n1="%E5%B0%B1%E6%B4%BB%E7%94%9F%40%E5%B7%9D%E6%9D%91%E8%BB%8D%E5%9B%A3" n2="%E3%83%81%E3%83%AD%E3%83%AD%E8%BB%8D%E6%9B%B9" n3="%74%73%61%69%33%31" dan="13,14,15,13" rate="1867.61,1959.22,1999.97,1872.78" sx="M,M,F,M"/><TAIKYOKU oya="0"/><INIT seed="0,0,0,1,5,132" ten="250,250,250,250" oya="0" hai0="100,94,89,73,56,105,34,29,123,86,48,22,26" hai1="41,134,24,31,59,131,97,104,58,98,80,21,40" hai2="14,28,101,50,45,4,69,53,81,67,68,65,49" hai3="113,5,13,66,135,120,63,92,11,36,52,7,79"/><T125/><D73/><U72/><E134/><V44/><F28/><W23/><G36/><T60/><D123/><U90/><E131/><V55/><F101/><W110/><G135/><T46/><D105/><U129/><E129/><V111/><F81/><W12/><G113/><T88/><D100/><U112/><E112/><V25/><F25/><W6/><G120/><T102/><D102/><U121/><E121/><V128/><F14/><W33/><G110/><T43/><D34/><U122/><E122/><V93/><F93/><W82/><G33/><T16/><D89/><U75/><E104/><V130/><F4/><W119/><G119/><T106/><D106/><U71/><E71/><V51/><F51/><W64/><G23/><T62/><D125/><U57/><E75/><V54/><F54/><W9/><G92/><T8/><D56/><U118/><E118/><V91/><F91/><W37/><G37/><T3/><D3/><U17/><E31/><V61/><F111/><W18/><G82/><T126/><D126/><U114/><E90/><V108/><F108/><W95/><G95/><T30/><D8/><U74/><E80/><V78/><F78/><W1/><G79/><T115/><D115/><U83/><E114/><V19/><F19/><N who="3" m="8591" /><G1/><T27/><D27/><U70/><E70/><V124/><F124/><W84/><G84/><T10/><D10/><U35/><E35/><V96/><F96/><N who="1" m="36969" /><E74/><V133/><F133/><W85/><G85/><T47/><REACH who="0" step="1"/><D46/><REACH who="0" ten="240,250,250,250" step="2"/><U32/><E32/><V103/><F103/><W15/><G15/><T107/><D107/><U117/><E117/><RYUUKYOKU ba="0,1" sc="240,0,250,0,250,0,250,0" hai0="16,22,26,29,30,43,47,48,60,62,86,88,94" hai1="17,21,24,40,41,57,58,59,72,83" hai2="44,45,49,50,53,55,61,65,67,68,69,128,130" hai3="5,6,7,11,13,18,52,63,64,66" /><INIT seed="0,1,1,0,0,15" ten="240,250,250,250" oya="0" hai0="24,82,19,65,7,42,85,29,46,129,105,4,87" hai1="103,35,20,91,39,119,6,38,60,25,78,43,134" hai2="12,100,90,132,131,123,10,37,68,133,74,107,41" hai3="126,69,27,128,55,122,70,86,32,130,71,63,94"/><T36/><D129/><U52/><E35/><V30/><F68/><W124/><G122/><T84/><D105/><U3/><E119/><V106/><F74/><W33/><G94/><T8/><D65/><U64/><E134/><V57/><F123/><W79/><G79/><T28/><D82/><U59/><E78/><V13/><F30/><W113/><G86/><T26/><D29/><U125/><E125/><N who="3" m="48234" /><G113/><T53/><D53/><U109/><E109/><V101/><F131/><N who="3" m="50219" /><G27/><T40/><D36/><U73/><E73/><V117/><F117/><W44/><G44/><T77/><D46/><U11/><E103/><V50/><F90/><W93/><G93/><T51/><D77/><U115/><E115/><V121/><F121/><W102/><G102/><T61/><D84/><U45/><E91/><V17/><F100/><W14/><G14/><T58/><D51/><U83/><E83/><V81/><F81/><W1/><G1/><T92/><D85/><U72/><E72/><V97/><F106/><W23/><G23/><T80/><D92/><U22/><E39/><V76/><F76/><W0/><G0/><T118/><D118/><U127/><E127/><V110/><F13/><W49/><G49/><T5/><D28/><U9/><E9/><V54/><F110/><W16/><G16/><T96/><D96/><U48/><E25/><N who="0" m="9833" /><D19/><U21/><E21/><V18/><F18/><W112/><G112/><T111/><D8/><U2/><E2/><V66/><F37/><W88/><G88/><N who="0" m="51303" /><D111/><U116/><E116/><V108/><F108/><W47/><G47/><AGARI ba="1,1" hai="3,6,11,20,22,38,43,45,47,48,52,59,60,64" machi="47" ten="30,2000,0" yaku="7,1,54,1" doraHai="15" who="1" fromWho="3" sc="240,0,250,33,250,0,250,-23" /><INIT seed="1,0,0,4,3,66" ten="240,283,250,227" oya="1" hai0="58,80,133,23,100,24,123,132,11,48,101,8,51" hai1="113,0,10,41,16,97,37,118,3,43,32,117,126" hai2="85,122,20,89,31,34,93,102,127,82,19,57,103" hai3="121,27,90,76,75,129,62,65,45,17,30,63,70"/><U92/><E32/><V131/><F122/><W71/><G121/><T29/><D123/><U18/><E113/><V88/><F127/><W104/><G17/><T14/><D80/><U26/><E126/><V125/><F125/><W95/><G129/><T111/><D111/><U86/><E86/><V1/><F1/><W109/><G109/><T79/><D79/><U44/><E41/><V112/><F131/><W115/><G95/><T40/><D40/><U9/><E26/><V61/><F112/><W59/><G90/><T46/><D46/><U84/><E84/><V22/><F34/><N who="3" m="20831" /><G59/><T28/><D58/><U50/><E37/><V33/><F33/><W74/><G115/><T69/><D14/><U128/><E128/><V68/><F68/><N who="3" m="42039" /><G63/><T64/><D64/><U105/><E105/><V53/><F31/><W39/><G104/><T7/><D7/><U124/><E124/><V60/><F60/><W2/><G2/><T54/><D54/><U77/><E77/><V135/><F135/><W106/><G106/><T5/><D5/><U98/><E43/><V130/><F130/><W4/><G4/><T119/><D119/><U49/><E92/><V114/><F114/><W91/><G91/><T99/><D99/><U42/><E42/><V96/><REACH who="2" step="1"/><F22/><REACH who="2" ten="240,283,240,227" step="2"/><W55/><G55/><T73/><D23/><U94/><E117/><V52/><F52/><W116/><G45/><T67/><D67/><U35/><E118/><V120/><F120/><W107/><G116/><T72/><D24/><AGARI ba="0,1" hai="19,20,24,53,57,61,82,85,88,89,93,96,102,103" machi="24" ten="30,12000,2" yaku="1,1,7,1,25,2,8,1,54,1,53,1" doraHai="66" doraHaiUra="15" who="2" fromWho="0" sc="240,-120,283,0,240,130,227,0" /><INIT seed="2,0,0,1,3,105" ten="120,283,370,227" oya="2" hai0="5,76,131,9,91,17,75,116,54,128,14,26,112" hai1="111,45,15,44,37,64,97,85,22,56,101,58,3" hai2="23,114,60,43,110,72,124,129,134,65,95,127,36" hai3="89,98,6,46,33,12,79,87,62,84,28,118,27"/><V135/><F114/><W39/><G118/><T77/><D116/><U81/><E3/><V25/><F72/><W32/><G32/><T93/><D112/><U42/><E111/><V31/><F110/><W113/><G113/><T104/><D104/><U121/><E121/><V132/><F95/><W74/><G98/><T10/><D54/><U50/><E64/><V125/><F43/><W35/><G35/><T66/><D66/><U11/><E22/><V55/><F55/><W47/><G62/><T99/><D26/><U0/><E0/><V86/><F86/><W68/><G68/><T18/><D18/><U102/><E45/><V40/><F40/><W59/><G59/><T94/><D94/><N who="1" m="58551" /><E102/><V34/><F36/><W19/><G6/><T1/><REACH who="0" step="1"/><D75/><REACH who="0" ten="110,283,370,227" step="2"/><U53/><E53/><V67/><F67/><W115/><G74/><T130/><AGARI ba="0,1" hai="1,5,9,10,14,17,76,77,91,93,99,128,130,131" machi="130" ten="30,7900,0" yaku="1,1,2,1,0,1,19,1,53,0" doraHai="105" doraHaiUra="57" who="0" fromWho="0" sc="110,89,283,-20,370,-39,227,-20" /><INIT seed="3,0,0,2,4,7" ten="199,263,331,207" oya="3" hai0="41,87,9,130,72,61,96,2,132,5,59,3,74" hai1="20,16,94,79,97,51,112,31,18,108,53,86,116" hai2="62,14,4,111,128,15,54,126,35,77,28,75,48" hai3="67,46,68,115,56,50,109,101,11,120,30,119,17"/><W66/><G120/><T135/><D130/><U6/><E112/><V21/><F128/><W78/><G119/><T43/><D96/><U70/><E116/><V42/><F35/><W118/><G118/><T37/><D3/><U52/><E70/><V32/><F32/><W124/><G115/><T104/><D104/><U25/><E108/><V29/><F111/><W117/><G109/><T88/><D37/><U55/><E6/><V95/><F126/><W121/><G117/><T107/><D107/><U26/><E51/><V82/><F42/><N who="0" m="15882" /><D87/><U127/><E127/><V100/><F62/><W33/><G121/><T114/><D88/><N who="1" m="55495" /><E25/><V19/><F100/><W49/><G124/><T36/><D114/><U98/><E98/><V76/><F76/><W125/><G33/><T23/><D23/><U0/><E0/><V27/><F95/><W110/><G68/><T80/><D80/><AGARI ba="0,0" hai="16,18,20,26,31,52,53,55,79,80,86" m="55495" machi="80" ten="30,7700,0" yaku="8,1,54,3" doraHai="7" who="1" fromWho="0" sc="199,-77,263,77,331,0,207,0" owari="122,-38.0,340,44.0,331,13.0,207,-19.0" /></mjloggm>