<mjloggm ver="2.3"><GO type="97" lobby="0"/><UN n0="%E3%82%A6%E3%83%AB%E3%83%88%E3%83%A9%E7%AB%8B%E7%9B%B4" n1="%E3%83%AD%E3%83%99%E3%82%AB%E3%83%AB" n2="%E6%9C%A8%E4%BA%BA" n3="%62%61%6B%61%62%6F%6E%31" dan="14,13,13,13" rate="1955.42,1875.34,1868.53,1848.08" sx="M,M,M,M"/><TAIKYOKU oya="0"/><INIT seed="0,0,0,5,3,25" ten="250,250,250,250" oya="0" hai0="59,58,107,82,132,79,19,106,32,122,18,10,86" hai1="53,14,49,65,51,9,16,133,90,0,118,29,7" hai2="68,62,66,77,72,89,98,39,28,134,84,36,121" hai3="96,24,30,61,13,99,43,57,95,130,46,27,85"/><T35/><D122/><U135/><E118/><V15/><F121/><W88/><G130/><T41/><D132/><N who="1" m="50763" /><E65/><V105/><F134/><W115/><G115/><T114/><D41/><U37/><E37/><V40/><F40/><W92/><G24/><T129/><D129/><U1/><E90/><V6/><F6/><W80/><G13/><T63/><D114/><U23/><E53/><V26/><F15/><W76/><G61/><T70/><D70/><U94/><E94/><V123/><F123/><W108/><G57/><T11/><D79/><U2/><E29/><V5/><F5/><W102/><G108/><T128/><D128/><U17/><E17/><V97/><F97/><W110/><G110/><T113/><D113/><U119/><E119/><V100/><F89/><W60/><G60/><T44/><D63/><U64/><E64/><V78/><F84/><W101/><G43/><T47/><D86/><U81/><E81/><AGARI ba="0,0" hai="10,11,18,19,32,35,44,47,58,59,81,82,106,107" machi="81" ten="25,2400,0" yaku="22,2" doraHai="25" who="0" fromWho="1" sc="250,24,250,-24,250,0,250,0" /><INIT seed="0,1,0,2,2,116" ten="274,226,250,250" oya="0" hai0="26,76,117,52,98,67,56,69,85,46,80,54,24" hai1="3,115,66,113,36,20,129,132,12,87,104,71,75" hai2="90,106,57,127,94,125,88,1,2,58,0,128,86" hai3="19,59,25,123,91,109,103,97,8,6,18,9,30"/><T29/><D69/><U78/><E3/><V114/><F114/><N who="1" m="43529" /><E36/><V45/><F106/><W22/><G109/><T124/><D124/><N who="2" m="47690" /><F128/><W31/><G91/><T4/><D117/><U93/><E75/><V120/><F120/><W13/><G59/><N who="2" m="22537" /><F90/><W53/><G53/><T92/><D4/><U21/><E104/><V122/><F122/><W83/><G83/><T16/><D29/><N who="3" m="10761" /><G97/><T61/><D46/><AGARI ba="1,0" hai="0,1,2,45,46,86,88,94" m="22537,47690" machi="46" ten="40,2600,0" yaku="18,1,54,1" doraHai="116" who="2" fromWho="0" sc="274,-29,226,0,250,29,250,0" /><INIT seed="1,0,0,2,0,39" ten="245,226,279,250" oya="1" hai0="58,82,103,114,26,73,31,122,4,85,7,66,2" hai1="88,97,126,55,63,105,87,5,47,131,68,10,72" hai2="34,123,11,64,48,90,100,94,62,91,89,51,3" hai3="9,17,42,56,75,101,108,125,13,22,96,57,44"/><U92/><E72/><V35/><F123/><W53/><G75/><T133/><D73/><U37/><E131/><V80/><F3/><W83/><G108/><T24/><D114/><U36/><E126/><V124/><F124/><W127/><G125/><T120/><D103/><U74/><E74/><V107/><F11/><W28/><G127/><T45/><D133/><U67/><E55/><V21/><F80/><W128/><G128/><T78/><D2/><U113/><E113/><V95/><F21/><W50/><G83/><T60/><D26/><U18/><E18/><V93/><F107/><W104/><G28/><T46/><D46/><U71/><E71/><V77/><F77/><W132/><G132/><T59/><D59/><U54/><E105/><V20/><F20/><W12/><REACH who="3" step="1"/><G53/><REACH who="3" ten="245,226,279,240" step="2"/><T29/><D29/><U111/><E111/><V6/><F35/><W106/><G106/><T52/><D122/><U40/><E54/><V8/><F34/><W117/><G117/><T69/><D120/><U110/><E110/><V109/><F109/><W33/><G33/><T76/><D76/><U27/><E37/><V23/><F23/><W129/><G129/><T118/><D118/><U116/><E116/><V1/><REACH who="2" step="1"/><F100/><REACH who="2" ten="245,226,269,240" step="2"/><W81/><G81/><T30/><D82/><U115/><E115/><V61/><F61/><W16/><AGARI ba="0,2" hai="9,12,13,16,17,22,42,44,50,56,57,96,101,104" machi="16" ten="20,8000,1" yaku="1,1,0,1,7,1,52,1,54,1,53,0" doraHai="39" doraHaiUra="49" who="3" fromWho="3" sc="245,-20,226,-40,269,-20,240,100" /><INIT seed="2,0,0,5,3,31" ten="225,186,249,340" oya="2" hai0="64,16,116,9,107,12,26,102,20,127,48,72,77" hai1="128,69,96,44,70,80,134,125,65,71,61,24,40" hai2="131,49,2,98,34,59,45,114,79,47,88,21,111" hai3="133,17,86,120,82,15,46,33,51,115,32,123,68"/><V41/><F114/><W35/><G68/><T27/><D127/><U60/><E80/><V74/><F131/><W50/><G115/><T87/><D72/><U67/><E96/><V29/><F59/><W38/><G133/><T36/><D36/><N who="1" m="21511" /><E24/><V1/><F21/><W10/><G38/><T30/><D116/><U121/><E125/><V0/><F47/><W54/><REACH who="3" step="1"/><G51/><REACH who="3" ten="225,186,249,330" step="2"/><T91/><D48/><U83/><E134/><V55/><F111/><W100/><G100/><T135/><D135/><U42/><E128/><V3/><F49/><W73/><G73/><T6/><D102/><U93/><E121/><V5/><F74/><W43/><G43/><T129/><D129/><U92/><E71/><V122/><F41/><W99/><G99/><T110/><D110/><U53/><E70/><V52/><F98/><W23/><G23/><T85/><D85/><U103/><E42/><V118/><F122/><W57/><G57/><T18/><D87/><U104/><E69/><V90/><F45/><W105/><G105/><T113/><D107/><U95/><E104/><V11/><F118/><W130/><G130/><T62/><D113/><U22/><E22/><V7/><F11/><W126/><G126/><T124/><D124/><U78/><E67/><V56/><F56/><W84/><G84/><T14/><D64/><U89/><E65/><V108/><F108/><W112/><G112/><T75/><D75/><N who="1" m="43487" /><E103/><V63/><F55/><W106/><G106/><T76/><D20/><U19/><E53/><V119/><F52/><W37/><G37/><T81/><D9/><U8/><E89/><AGARI ba="0,1" hai="10,15,17,32,33,35,46,50,54,82,86,89,120,123" machi="89" ten="40,16000,3" yaku="1,1,6,1,25,2,52,3,53,3" doraHai="31" doraHaiUra="28" who="3" fromWho="1" sc="225,0,186,-160,249,0,330,170" /><INIT seed="3,0,0,1,0,108" ten="225,26,249,500" oya="3" hai0="52,115,49,41,26,27,46,121,95,98,68,17,57" hai1="72,97,13,127,74,61,53,107,70,58,93,125,9" hai2="2,18,21,85,14,31,67,94,71,64,79,73,113" hai3="30,100,56,87,25,45,80,133,109,34,11,15,10"/><W0/><G133/><T86/><D121/><U110/><E107/><V4/><F73/><W76/><G109/><T132/><D132/><U103/><E70/><V122/><F122/><W82/><G100/><T102/><D68/><U91/><E110/><V81/><F113/><W116/><G116/><T119/><D119/><U106/><E127/><V130/><F130/><W78/><G0/><T43/><D115/><U54/><E125/><V50/><F71/><W118/><G118/><T20/><D86/><U37/><E37/><V96/><F2/><W117/><G117/><T40/><REACH who="0" step="1"/><D27/><REACH who="0" ten="215,26,249,500" step="2"/><U59/><E106/><V88/><F31/><W92/><G92/><T114/><D114/><U135/><E135/><V101/><F4/><W3/><G56/><AGARI ba="0,1" hai="17,20,26,40,41,43,46,49,52,56,57,95,98,102" machi="56" ten="40,5200,0" yaku="1,1,8,1,54,1,53,0" doraHai="108" doraHaiUra="111" who="0" fromWho="3" sc="215,62,26,0,249,0,500,-52" owari="277,8.0,26,-47.0,249,-15.0,448,54.0" /></mjloggm>