<mjloggm ver="2.3"><GO type="97" lobby="0"/><UN n0="%65%6E%64%2D%65%67%67" n1="%E3%81%8B%E3%81%AA%E6%81%B5%E3%82%8B%E3%80%82" n2="%E3%82%B4%E3%83%BC%E3%83%AB%E3%83%87%E3%83%B3%E3%81%B2%E3%82%88%E3%81%93" n3="%E3%82%A6%E3%83%AB%E3%83%88%E3%83%A9%E7%AB%8B%E7%9B%B4" dan="14,15,15,14" rate="1913.29,2046.43,2001.02,1841.50" sx="M,M,M,M"/><TAIKYOKU oya="0"/><INIT seed="0,0,0,3,3,30" ten="250,250,250,250" oya="0" hai0="99,86,36,83,12,60,21,122,109,52,98,24,38" hai1="89,104,43,112,55,50,27,66,40,33,22,91,94" hai2="64,101,129,26,13,68,17,79,58,108,105,88,69" hai3="15,118,54,85,2,37,65,6,125,75,29,19,61"/><T47/><D122/><U87/><E104/><V130/><F108/><W45/><G118/><T113/><D113/><U32/><E112/><V14/><F79/><W102/><G75/><T74/><D74/><U134/><E66/><V1/><F1/><W63/><G125/><T127/><D127/><U76/><E76/><V4/><F4/><W56/><G102/><T3/><D3/><U8/><E8/><V93/><F101/><W49/><G29/><T132/><D12/><U73/><E73/><V110/><F105/><W67/><G37/><T124/><D132/><U7/><E7/><V95/><F110/><W0/><G6/><T48/><D60/><U103/><E103/><V84/><F95/><W53/><G85/><T123/><D123/><U11/><E11/><V90/><F90/><W128/><G128/><N who="2" m="49257" /><F26/><W80/><G80/><T82/><D83/><U34/><E91/><V133/><F133/><W18/><G54/><T62/><D109/><U117/><E117/><V9/><F14/><W59/><REACH who="3" step="1"/><G19/><REACH who="3" ten="250,250,250,240" step="2"/><T44/><D52/><U114/><E134/><V135/><F135/><W126/><G126/><T46/><D124/><U41/><E114/><V92/><F92/><W16/><G16/><T28/><D82/><U97/><E87/><V70/><F64/><W120/><G120/><T35/><D86/><U10/><E55/><V51/><F51/><W81/><G81/><T20/><D48/><U72/><E72/><V107/><F107/><W77/><G77/><T5/><D5/><U106/><E106/><V116/><F116/><W100/><G100/><T23/><D62/><RYUUKYOKU ba="0,1" sc="250,10,250,-30,250,10,240,10" hai0="20,21,23,24,28,35,36,38,44,46,47,98,99" hai2="9,13,17,58,68,69,70,84,88,93" hai3="0,2,15,18,45,49,53,56,59,61,63,65,67" /><INIT seed="0,1,1,0,0,6" ten="260,220,260,250" oya="0" hai0="121,48,115,17,44,45,127,32,55,27,99,34,102" hai1="25,85,57,43,100,68,62,70,65,104,40,0,126" hai2="119,28,135,76,108,11,83,31,71,35,109,130,10" hai3="52,42,78,91,49,120,2,50,20,84,82,61,133"/><T26/><D121/><U21/><E0/><V54/><F71/><W8/><G120/><T37/><D127/><U116/><E116/><V111/><F119/><W77/><G133/><T92/><D115/><U101/><E126/><V5/><F135/><W89/><G61/><T53/><D27/><U30/><E70/><V117/><F117/><W74/><G20/><T39/><D17/><U81/><E68/><V79/><F130/><W80/><G42/><N who="1" m="15914" /><E104/><V41/><F41/><W97/><G97/><T33/><REACH who="0" step="1"/><D26/><REACH who="0" ten="250,220,260,250" step="2"/><U125/><E125/><V86/><F35/><W63/><G63/><T106/><D106/><U4/><E4/><V19/><F19/><W24/><G24/><T18/><D18/><U132/><E132/><V51/><F76/><AGARI ba="1,2" hai="21,25,30,57,62,65,76,81,85,100,101" m="15914" machi="76" ten="30,1000,0" yaku="8,1" doraHai="6" who="1" fromWho="2" sc="250,0,220,33,260,-13,250,0" /><INIT seed="1,0,0,2,3,39" ten="250,253,247,250" oya="1" hai0="35,8,14,74,72,63,22,33,104,0,51,91,83" hai1="57,45,107,1,71,20,29,5,135,94,40,116,12" hai2="123,58,110,84,38,88,90,66,87,111,106,124,48" hai3="26,97,28,69,86,78,76,108,46,118,62,61,50"/><U11/><E107/><V37/><F123/><W32/><G108/><N who="2" m="41513" /><F106/><W68/><G118/><T122/><D104/><U42/><E71/><V30/><F30/><W100/><G69/><T119/><D119/><U23/><E116/><V102/><F102/><W44/><G86/><N who="2" m="32809" /><F124/><W56/><G46/><T121/><D0/><U79/><E135/><V96/><F96/><W60/><G56/><T54/><D63/><U125/><E125/><V64/><F48/><W6/><G6/><T103/><D103/><U9/><E79/><V115/><F115/><W17/><G17/><T59/><D22/><U132/><E132/><V25/><F25/><W98/><G68/><T130/><D51/><U113/><E113/><V53/><F53/><W134/><G134/><T52/><D54/><U19/><E94/><V27/><F27/><W126/><G126/><T10/><D52/><U128/><E29/><V95/><F58/><W89/><G89/><N who="2" m="34409" /><F95/><W105/><REACH who="3" step="1"/><G98/><REACH who="3" ten="250,253,247,240" step="2"/><T92/><D121/><U55/><E57/><V70/><F70/><W36/><G36/><AGARI ba="0,1" hai="36,37,38,64,66" m="34409,32809,41513" machi="36" ten="40,8000,1" yaku="28,2,14,1,54,1" doraHai="39" who="2" fromWho="3" sc="250,0,253,0,247,90,240,-80" /><INIT seed="2,0,0,4,0,65" ten="250,253,337,160" oya="2" hai0="64,32,61,88,106,103,123,102,126,15,81,67,10" hai1="41,71,82,121,58,134,94,37,74,90,105,39,118" hai2="130,80,18,135,20,14,59,53,2,97,117,11,3" hai3="109,56,52,68,116,76,129,44,96,113,9,107,50"/><V73/><F117/><W69/><G116/><T114/><D126/><U101/><E105/><V43/><F130/><W119/><G119/><T25/><D123/><U110/><E118/><V122/><F122/><W57/><G129/><T72/><D114/><U63/><E101/><V4/><F135/><W51/><G113/><T131/><D131/><U132/><E121/><V128/><F128/><W127/><G127/><T66/><D61/><U84/><E110/><V48/><F43/><W8/><G109/><T40/><D40/><U28/><E28/><V45/><F97/><W29/><G29/><T1/><D1/><U19/><E19/><V124/><F124/><W24/><G24/><T6/><D106/><U85/><E74/><V17/><F59/><W125/><G76/><T86/><REACH who="0" step="1"/><D72/><REACH who="0" ten="240,253,337,160" step="2"/><U89/><E41/><V92/><F2/><W54/><G125/><T34/><D34/><U31/><E134/><V87/><F73/><W115/><G115/><T27/><D27/><U62/><E132/><V93/><REACH who="2" step="1"/><F17/><REACH who="2" ten="240,253,327,160" step="2"/><W95/><G107/><T42/><D42/><U112/><E112/><V98/><F98/><W47/><G96/><T7/><D7/><U133/><E133/><V55/><F55/><W111/><G111/><T104/><D104/><U75/><E75/><V33/><F33/><W49/><G54/><T26/><D26/><U35/><E35/><V99/><F99/><W78/><G52/><T0/><D0/><U77/><E31/><AGARI ba="0,2" hai="6,10,15,25,31,32,64,66,67,81,86,88,102,103" machi="31" ten="40,5200,0" yaku="1,1,54,1,53,1" doraHai="65" doraHaiUra="23" who="0" fromWho="1" sc="240,72,253,-52,327,0,160,0" /><INIT seed="3,0,0,3,3,94" ten="312,201,327,160" oya="3" hai0="98,104,8,46,124,35,126,85,32,131,89,5,73" hai1="120,91,1,31,101,90,81,61,78,69,55,113,133" hai2="77,103,87,97,24,114,102,27,14,43,39,109,42" hai3="50,4,13,53,11,65,79,119,0,45,86,18,130"/><W17/><G130/><T28/><D73/><U112/><E120/><V33/><F114/><W72/><G119/><T6/><D131/><U68/><E1/><V36/><F109/><W52/><G72/><T64/><D64/><U12/><E69/><V93/><F36/><W128/><G128/><T134/><D134/><U92/><E133/><V2/><F2/><W16/><G65/><T125/><D46/><U82/><E101/><N who="2" m="60591" /><F39/><W37/><G37/><T23/><D85/><U57/><E68/><V34/><F34/><N who="0" m="12842" /><D8/><U107/><E107/><V111/><F111/><W19/><N who="3" m="4096" /><DORA hai="58" /><W15/><REACH who="3" step="1"/><G53/><REACH who="3" ten="312,201,327,150" step="2"/><T123/><D123/><U74/><E113/><V54/><F54/><W100/><G100/><N who="0" m="62487" /><D89/><U40/><E112/><V80/><F103/><W95/><G95/><T7/><D28/><U56/><E31/><V96/><F33/><W9/><G9/><T38/><D38/><U105/><E91/><V110/><F110/><W63/><G63/><T122/><D122/><U29/><E29/><V118/><F118/><W60/><G60/><T59/><D59/><U106/><E57/><V3/><F102/><W51/><G51/><T121/><D121/><U26/><E105/><V88/><F88/><W115/><G115/><T76/><D76/><U62/><E106/><V132/><F77/><W47/><G47/><T25/><D5/><U22/><E62/><V75/><F75/><W135/><G135/><T67/><D67/><U127/><E74/><V44/><F44/><W99/><G99/><T41/><D41/><U129/><E40/><V116/><F43/><W30/><G30/><RYUUKYOKU ba="0,1" sc="312,15,201,-15,327,-15,150,15" hai0="6,7,23,25,124,125,126" hai3="0,4,11,13,15,45,50,52,79,86" /><INIT seed="3,1,1,5,3,29" ten="327,186,312,165" oya="3" hai0="116,95,86,27,51,2,135,6,0,8,7,79,133" hai1="72,129,106,57,114,92,24,15,76,74,113,55,45" hai2="103,64,69,3,13,122,21,83,82,30,94,93,58" hai3="36,20,16,124,23,40,117,50,35,90,81,33,41"/><W84/><G117/><T59/><D116/><U42/><E106/><V105/><F69/><W119/><G119/><T71/><D71/><U37/><E129/><V52/><F64/><W87/><G124/><T88/><D79/><U1/><E1/><V115/><F3/><W9/><G36/><T89/><D27/><U39/><E39/><V104/><F122/><W118/><G118/><T131/><D131/><U101/><E24/><N who="2" m="16655" /><F105/><W70/><G70/><T19/><D51/><U63/><E15/><V26/><F104/><W134/><G134/><N who="0" m="51211" /><D59/><U102/><E102/><V107/><F107/><W73/><G73/><T80/><D2/><U85/><E74/><V127/><F115/><W91/><G9/><T66/><D66/><U100/><E72/><V61/><F127/><W132/><G132/><T67/><D67/><U98/><E101/><V108/><F108/><W31/><G31/><T56/><D56/><U121/><E121/><V111/><F111/><W54/><G33/><T123/><D0/><U112/><E112/><V125/><F125/><W11/><G35/><T99/><D123/><U120/><E120/><V62/><F26/><N who="3" m="14599" /><G11/><T75/><D75/><U44/><E44/><V17/><F62/><W5/><G5/><T34/><D34/><U97/><E114/><V65/><F65/><W14/><G14/><AGARI ba="1,1" hai="6,7,8,14,19,80,86,88,89,95,99" m="51211" machi="14" ten="30,2000,0" yaku="20,1,54,1" doraHai="29" who="0" fromWho="3" sc="327,33,186,0,312,0,165,-23" owari="360,46.0,186,-21.0,312,11.0,142,-36.0" /></mjloggm>