<mjloggm ver="2.3"><GO type="41" lobby="0"/><UN n0="%E3%82%B8%E3%82%AD%E3%83%AB" n1="%E3%81%BD%E3%82%93%E3%81%8B%E3%82%93" n2="%E5%B0%B1%E6%B4%BB%E7%94%9F%40%E5%B7%9D%E6%9D%91%E8%BB%8D%E5%9B%A3" n3="%62%61%64%61%67%65%30%30" dan="13,13,15,13" rate="1881.40,1862.80,2018.18,1889.42" sx="M,M,M,M"/><TAIKYOKU oya="0"/><INIT seed="0,0,0,4,0,116" ten="250,250,250,250" oya="0" hai0="10,31,7,16,104,122,76,3,83,99,113,54,33" hai1="13,41,121,88,55,28,30,39,110,86,135,46,134" hai2="35,36,42,59,114,125,109,117,133,60,81,47,112" hai3="74,108,43,78,63,49,103,65,77,57,61,130,123"/><T98/><D113/><U128/><E110/><V48/><F35/><W91/><G108/><T79/><D79/><U85/><E128/><V62/><F109/><W27/><G130/><T14/><D104/><U38/><E39/><V132/><F81/><W69/><G74/><T17/><D17/><U102/><E102/><V96/><F96/><W120/><G103/><T101/><D101/><U71/><E71/><V126/><F117/><W24/><G91/><T127/><D127/><N who="2" m="48650" /><F36/><W118/><G118/><T15/><D15/><U68/><E68/><V45/><F45/><N who="3" m="25791" /><G78/><T19/><D19/><U34/><E85/><V9/><F9/><W5/><G5/><T18/><D18/><U82/><E13/><V70/><F70/><W93/><G93/><T92/><D92/><U26/><E30/><V0/><F0/><W40/><G77/><T105/><D105/><U90/><E55/><N who="2" m="33919" /><F62/><N who="3" m="40119" /><G40/><T67/><D31/><U6/><E6/><V4/><F4/><W64/><G63/><T97/><D33/><U58/><E58/><V107/><F107/><W8/><G8/><T1/><D1/><U124/><E124/><V100/><F100/><W2/><G2/><T111/><D111/><U11/><E11/><V50/><F50/><W80/><G80/><T131/><D131/><U52/><E90/><V56/><F56/><W20/><G20/><T106/><D106/><U12/><E12/><V94/><F94/><W29/><G29/><T21/><D83/><U95/><E95/><V129/><F129/><W75/><G75/><T32/><D3/><U89/><E89/><V73/><F73/><RYUUKYOKU ba="0,0" sc="250,-15,250,-15,250,15,250,15" hai2="42,47,48,112,114,132,133" hai3="24,27,57,61,64,120,123" /><INIT seed="1,1,0,4,4,132" ten="235,235,265,265" oya="1" hai0="40,128,86,94,89,62,13,73,96,120,126,34,26" hai1="90,22,23,69,102,122,30,110,134,123,105,76,49" hai2="80,6,21,91,51,67,16,58,106,64,61,127,27" hai3="101,114,3,108,46,2,116,65,82,81,15,78,37"/><U25/><E69/><V133/><F106/><W36/><G114/><T121/><D73/><U4/><E134/><V18/><F133/><W72/><G116/><T104/><D40/><U111/><E76/><V100/><F127/><W52/><G108/><N who="1" m="41514" /><E4/><V55/><F6/><W131/><G131/><T32/><D128/><U63/><E63/><V47/><F100/><W1/><G101/><T42/><D126/><U83/><E49/><V54/><F18/><W44/><G65/><T103/><D62/><U68/><E68/><V11/><F11/><W79/><G15/><T24/><D13/><U88/><E83/><V14/><F27/><N who="0" m="10282" /><D42/><U38/><E38/><V95/><F80/><W70/><G70/><T98/><D98/><AGARI ba="1,0" hai="14,16,21,47,51,54,55,58,61,64,67,91,95,98" machi="98" ten="30,3900,0" yaku="7,1,8,1,54,1" doraHai="132" who="2" fromWho="0" sc="235,-42,235,0,265,42,265,0" /><INIT seed="2,0,0,1,1,51" ten="193,235,307,265" oya="2" hai0="72,24,11,52,127,126,23,38,105,93,50,17,99" hai1="135,21,0,87,90,91,36,113,129,89,6,115,54" hai2="69,66,123,7,29,9,75,62,95,76,64,56,34" hai3="27,73,18,61,25,26,55,8,96,83,67,84,41"/><V37/><F123/><W71/><G73/><T100/><D38/><U59/><E36/><V131/><F37/><W133/><G133/><T101/><D72/><U119/><E119/><V111/><F131/><W116/><G116/><T125/><D11/><U58/><E135/><V78/><F111/><W48/><G41/><T32/><D32/><U108/><E108/><V130/><F130/><W35/><G35/><T107/><REACH who="0" step="1"/><D100/><REACH who="0" ten="183,235,307,265" step="2"/><U88/><E129/><V85/><F34/><W104/><G8/><T94/><D94/><U33/><E33/><V65/><F75/><W40/><G104/><T86/><D86/><U47/><E115/><V45/><F95/><W82/><G96/><T43/><D43/><U2/><E113/><V22/><F85/><W53/><G82/><T117/><D117/><U98/><E98/><V97/><F97/><W10/><G10/><T13/><D13/><U103/><E103/><V121/><F69/><W70/><G70/><T14/><D14/><U118/><E118/><V128/><F121/><W102/><G102/><T60/><D60/><U122/><E122/><V68/><F128/><W12/><G40/><T28/><D28/><U16/><E87/><V112/><F68/><W46/><G84/><T79/><D79/><U132/><E132/><V92/><F112/><W106/><G106/><T77/><D77/><U63/><E63/><V1/><F92/><W134/><G134/><T3/><D3/><U80/><E0/><V39/><F76/><W20/><G83/><T4/><D4/><U124/><E2/><V81/><F1/><W57/><G71/><RYUUKYOKU ba="0,1" sc="183,15,235,-15,307,-15,265,15" hai0="17,23,24,50,52,93,99,101,105,107,125,126,127" hai3="12,18,20,25,26,27,46,48,53,55,57,61,67" /><INIT seed="3,1,1,1,5,120" ten="198,220,292,280" oya="3" hai0="56,68,83,54,41,0,57,73,132,64,61,91,125" hai1="109,93,66,117,39,89,97,118,124,11,63,16,7" hai2="87,135,95,102,8,44,62,49,21,28,17,2,112" hai3="20,103,128,105,84,80,58,25,67,22,78,26,10"/><W27/><G128/><T101/><D0/><U71/><E39/><V6/><F112/><W111/><G10/><T81/><D101/><U70/><E109/><V48/><F135/><W35/><G35/><T45/><D132/><U15/><E124/><V74/><F74/><W65/><G105/><T94/><D125/><U13/><REACH who="1" step="1"/><E71/><REACH who="1" ten="198,210,292,280" step="2"/><V76/><F28/><W133/><G133/><T116/><D68/><U23/><AGARI ba="1,2" hai="7,11,13,15,16,23,63,66,70,89,93,97,117,118" machi="23" ten="30,7900,0" yaku="1,1,2,1,0,1,54,1,53,0" doraHai="120" doraHaiUra="96" who="1" fromWho="1" sc="198,-21,210,102,292,-21,280,-40" /><INIT seed="4,0,0,1,5,116" ten="177,312,271,240" oya="0" hai0="123,19,14,15,43,17,127,62,66,49,109,9,118" hai1="51,7,104,68,5,60,54,122,100,28,53,22,93" hai2="63,1,11,107,61,3,71,131,55,79,75,40,130" hai3="115,78,45,111,33,20,73,72,67,13,117,77,52"/><T96/><D118/><U34/><E104/><V58/><F107/><W128/><G117/><T86/><D127/><U121/><E34/><V10/><F40/><W85/><G33/><T0/><D109/><U21/><E60/><V120/><F75/><W94/><G67/><T30/><D0/><N who="2" m="74" /><F79/><N who="3" m="30219" /><G111/><T95/><D30/><U119/><E119/><V88/><F88/><N who="3" m="53519" /><G13/><T126/><D126/><U48/><E93/><V4/><F4/><W74/><G20/><T25/><D25/><U24/><E24/><V6/><F6/><W112/><G52/><T108/><D108/><U113/><E28/><V97/><F97/><W84/><G45/><T110/><D110/><U124/><E124/><V37/><F37/><W125/><G125/><T36/><D36/><U12/><E12/><V59/><F71/><W87/><G128/><N who="2" m="49193" /><F120/><W23/><G23/><T98/><D123/><U29/><E29/><V16/><F16/><W81/><G81/><T106/><D106/><U102/><E68/><V70/><F70/><W56/><G56/><N who="0" m="37191" /><D17/><U80/><E80/><V39/><F39/><W90/><G90/><N who="0" m="53719" /><D15/><U76/><E76/><V32/><F32/><W50/><G50/><T91/><D91/><U46/><E46/><AGARI ba="0,0" hai="9,14,19,43,46,49,96,98" m="53719,37191" machi="46" ten="30,1500,0" yaku="8,1" doraHai="116" who="0" fromWho="1" sc="177,15,312,-15,271,0,240,0" /><INIT seed="4,1,0,4,3,116" ten="192,297,271,240" oya="0" hai0="77,128,91,69,11,70,60,73,79,16,88,46,65" hai1="103,118,2,120,119,89,67,130,37,112,34,132,25" hai2="24,127,74,98,117,3,9,104,123,108,106,61,84" hai3="80,131,42,29,5,52,0,90,93,40,23,102,113"/><T48/><D128/><U86/><E37/><V7/><F74/><W49/><G113/><T12/><D70/><U38/><E38/><V82/><F117/><W10/><G131/><T35/><D35/><U105/><E2/><V75/><F123/><W57/><G102/><T122/><D122/><U62/><E130/><V33/><F108/><W85/><G29/><T15/><D73/><U110/><E110/><V72/><F127/><W66/><G66/><T59/><D69/><U63/><E103/><V78/><F61/><W99/><REACH who="3" step="1"/><G23/><REACH who="3" ten="192,297,271,230" step="2"/><N who="0" m="11655" /><D77/><U71/><E112/><V115/><F115/><W129/><G129/><T56/><D79/><U55/><E105/><V17/><F72/><W1/><G1/><T54/><D46/><U81/><E120/><V95/><F75/><W26/><G26/><T31/><D31/><U125/><E125/><V47/><F33/><W96/><G96/><T101/><D101/><U20/><E34/><V8/><F24/><W126/><G126/><T121/><D121/><U18/><E132/><V4/><F98/><W43/><G43/><T41/><D41/><U107/><E107/><V97/><F3/><W6/><G6/><AGARI ba="1,1" hai="6,11,15,48,54,56,59,60,65,88,91" m="11655" machi="6" ten="30,5800,0" yaku="8,1,54,2" doraHai="116" who="0" fromWho="3" sc="192,71,297,0,271,0,230,-61" /><INIT seed="4,2,0,1,4,87" ten="263,297,271,169" oya="0" hai0="112,95,55,107,117,29,90,47,105,5,78,121,119" hai1="133,62,92,67,49,75,53,68,25,85,129,74,108" hai2="88,122,115,50,89,126,21,20,63,69,22,40,99" hai3="58,14,130,9,57,15,41,80,35,114,56,73,38"/><T110/><D121/><U104/><E104/><V96/><F115/><W60/><G35/><T2/><D112/><U102/><E108/><V70/><F126/><W94/><G130/><T128/><D29/><U45/><E129/><V59/><F122/><W24/><G114/><T82/><D128/><U84/><E133/><V52/><F70/><W109/><G109/><T131/><D131/><U132/><E132/><V101/><F96/><W30/><G38/><T77/><D110/><U98/><E25/><V37/><F37/><W33/><G41/><T6/><D2/><U134/><E134/><V124/><F124/><W26/><G26/><T51/><D78/><U97/><E98/><V34/><F34/><W4/><G15/><T10/><D105/><U113/><E113/><V27/><F27/><W81/><G73/><T54/><D107/><U123/><E123/><V111/><F111/><W16/><G4/><T66/><D66/><U1/><REACH who="1" step="1"/><E1/><REACH who="1" ten="263,287,271,169" step="2"/><V11/><F11/><W86/><REACH who="3" step="1"/><G60/><REACH who="3" ten="263,287,271,159" step="2"/><T135/><D135/><U125/><E125/><V100/><F100/><W116/><G116/><T32/><D117/><U106/><E106/><V65/><REACH who="2" step="1"/><F40/><REACH who="2" ten="263,287,261,159" step="2"/><W48/><G48/><T93/><D51/><U83/><E83/><V120/><F120/><W12/><G12/><T18/><D82/><U127/><E127/><V76/><F76/><W44/><G44/><T103/><D47/><U79/><E79/><V13/><F13/><W0/><G0/><T61/><D77/><U31/><E31/><V91/><F91/><AGARI ba="2,3" hai="9,14,16,24,30,33,56,57,58,80,81,86,91,94" machi="91" ten="40,5200,0" yaku="1,1,52,1,54,1,53,0" doraHai="87" doraHaiUra="3" who="3" fromWho="2" sc="263,0,287,0,261,-58,159,88" /><INIT seed="5,0,0,5,5,24" ten="263,287,203,247" oya="1" hai0="63,92,39,67,23,38,79,117,35,101,51,102,46" hai1="53,118,105,26,128,16,103,127,134,111,91,72,36" hai2="56,77,131,43,110,83,62,41,95,81,1,90,130" hai3="19,21,69,42,14,133,4,52,60,123,32,88,3"/><U108/><E36/><V25/><F1/><W113/><G123/><T57/><D117/><U87/><E72/><V2/><F2/><W82/><G133/><T29/><D35/><U114/><E118/><V94/><F110/><N who="1" m="42025" /><E134/><V64/><F94/><W120/><G120/><T58/><D79/><U49/><E128/><V78/><F130/><W135/><G135/><T100/><D58/><N who="1" m="33071" /><E114/><V33/><F131/><W96/><G32/><T124/><D124/><U59/><E127/><V48/><F48/><W126/><G126/><T50/><D50/><U80/><E59/><V85/><F25/><W20/><G113/><T97/><D38/><U104/><E103/><V47/><F47/><W70/><G42/><T11/><D39/><U22/><AGARI ba="0,0" hai="16,22,26,80,87,91,104,105" m="33071,42025" machi="22" ten="30,3000,0" yaku="10,1,54,1" doraHai="24" who="1" fromWho="1" sc="263,-10,287,30,203,-10,247,-10" /><INIT seed="5,1,0,5,5,79" ten="253,317,193,237" oya="1" hai0="97,77,102,57,44,61,36,112,75,46,12,129,103" hai1="54,14,98,120,121,6,25,127,106,126,22,95,119" hai2="26,124,49,122,18,33,17,71,91,4,67,3,15" hai3="104,80,88,132,58,27,90,113,8,21,115,0,68"/><U94/><E119/><V30/><F71/><W10/><G132/><T7/><D112/><N who="3" m="43081" /><G104/><T56/><D129/><U110/><E106/><V72/><F67/><W114/><G68/><T50/><D36/><U38/><E38/><V86/><F72/><W65/><G0/><T107/><D102/><U76/><E6/><V19/><F122/><W66/><N who="3" m="43089" /><W130/><DORA hai="131" /><G130/><T32/><D32/><U31/><E14/><V29/><F124/><N who="1" m="47657" /><E54/><V60/><F30/><N who="3" m="17775" /><G90/><T43/><D12/><U47/><E47/><V55/><F60/><N who="3" m="38039" /><G66/><T111/><D107/><U13/><E13/><V28/><F28/><W78/><G78/><T37/><D77/><U73/><E110/><V64/><F64/><W117/><G117/><T1/><D111/><U134/><E134/><V116/><F116/><W109/><G109/><T24/><D1/><U5/><E5/><V84/><F3/><W105/><G105/><T16/><D7/><U53/><E53/><V11/><REACH who="2" step="1"/><F91/><REACH who="2" ten="253,317,183,237" step="2"/><W35/><G35/><T125/><D125/><U39/><E39/><V101/><F101/><W34/><G34/><T45/><D37/><U70/><E70/><V83/><F83/><W108/><G108/><T2/><D2/><U52/><E52/><V123/><F123/><N who="1" m="47177" /><E98/><V135/><F135/><W87/><AGARI ba="1,1" hai="8,10,80,87,88" m="38039,17775,43089" machi="87" ten="40,5200,0" yaku="15,1,52,1,54,1" doraHai="79,131" who="3" fromWho="3" sc="253,-14,317,-27,183,-14,237,65" /><INIT seed="6,0,0,5,1,127" ten="239,290,169,302" oya="2" hai0="111,42,59,132,97,55,114,54,39,14,98,107,91" hai1="78,34,31,88,45,92,101,73,85,124,125,75,81" hai2="25,68,120,66,29,43,24,129,58,20,70,44,23" hai3="10,72,123,117,53,105,35,84,100,15,46,13,87"/><V40/><F120/><W119/><G123/><T52/><D111/><U134/><E34/><V104/><F104/><W30/><G72/><N who="1" m="27722" /><E31/><V0/><F0/><W11/><G105/><T67/><D114/><U99/><E45/><V18/><F129/><W57/><G100/><T135/><D39/><U71/><E71/><V5/><F5/><W9/><G46/><T103/><D42/><U3/><E3/><V60/><REACH who="2" step="1"/><F43/><REACH who="2" ten="239,290,159,302" step="2"/><W50/><G119/><T133/><D107/><N who="1" m="63935" /><E134/><V62/><F62/><W89/><G117/><T83/><D132/><U51/><E51/><AGARI ba="0,1" hai="18,20,23,24,25,29,40,44,51,58,60,66,68,70" machi="51" ten="30,2900,0" yaku="1,1,7,1,53,0" doraHai="127" doraHaiUra="128" who="2" fromWho="1" sc="239,0,290,-29,159,39,302,0" /><INIT seed="6,1,0,5,4,121" ten="239,261,198,302" oya="2" hai0="107,118,132,83,113,122,79,13,109,94,27,110,71" hai1="7,98,131,80,11,41,115,81,93,34,32,105,100" hai2="99,120,89,88,52,70,36,126,58,45,30,102,24" hai3="8,106,37,114,62,31,5,57,66,39,49,77,116"/><V74/><F70/><W51/><G106/><T46/><D107/><U82/><E115/><V0/><F120/><W92/><G116/><T127/><D122/><U23/><E131/><V61/><F74/><W38/><G31/><T101/><D71/><U91/><E23/><V123/><F0/><W75/><G75/><T65/><D65/><U78/><E34/><V130/><F123/><W108/><G77/><T54/><D113/><U134/><E32/><V60/><F130/><W44/><G92/><T40/><D27/><U76/><E41/><V10/><F126/><W53/><G8/><T64/><D64/><U56/><E56/><V69/><F10/><W111/><G5/><T28/><D28/><U1/><E134/><V84/><F84/><W90/><G90/><T104/><D104/><U117/><REACH who="1" step="1"/><E117/><REACH who="1" ten="239,251,198,302" step="2"/><V14/><F14/><W96/><G114/><T35/><D13/><U17/><E17/><V42/><F61/><W128/><G128/><T43/><D132/><U97/><AGARI ba="1,1" hai="1,7,11,76,78,80,81,82,91,93,97,98,100,105" machi="97" ten="30,2000,0" yaku="1,1,0,1,53,0" doraHai="121" doraHaiUra="16" who="1" fromWho="1" sc="239,-6,251,33,198,-11,302,-6" /><INIT seed="7,0,0,5,2,69" ten="233,284,187,296" oya="3" hai0="41,45,93,80,114,113,57,104,75,72,91,28,70" hai1="16,11,13,56,73,116,86,23,63,107,131,94,106" hai2="5,40,42,32,90,66,61,128,87,95,120,9,88" hai3="49,18,76,21,125,98,103,134,50,123,110,29,122"/><W10/><G134/><T39/><D104/><U15/><E131/><V83/><F128/><W108/><G125/><T36/><D70/><U132/><E132/><V121/><F32/><W92/><G76/><N who="0" m="44039" /><D75/><U14/><E116/><V68/><F121/><N who="3" m="46091" /><G29/><T130/><D28/><U58/><E56/><V78/><F120/><W82/><G10/><T26/><D26/><U55/><E73/><V105/><F105/><W126/><G82/><T46/><D46/><U117/><E117/><V52/><F52/><W24/><G126/><T59/><D130/><U4/><E14/><V99/><REACH who="2" step="1"/><F90/><REACH who="2" ten="233,284,177,296" step="2"/><W111/><AGARI ba="0,1" hai="18,21,24,49,50,92,98,103,108,110,111" m="46091" machi="111" ten="40,2100,0" yaku="10,1" doraHai="69" who="3" fromWho="3" sc="233,-7,284,-7,177,-7,296,31" owari="226,-17.0,277,8.0,170,-33.0,327,42.0" /></mjloggm>