<mjloggm ver="2.3"><GO type="97" lobby="0"/><UN n0="%E3%82%A6%E3%83%AB%E3%83%88%E3%83%A9%E7%AB%8B%E7%9B%B4" n1="%74%73%5F%70%69%6E%6B" n2="%E3%81%84%E3%81%9A%E3%81%BF%E3%82%93" n3="%79%61%63%68%69%33%35%38" dan="14,14,15,15" rate="1930.39,1960.07,2011.49,2013.58" sx="M,F,M,M"/><TAIKYOKU oya="0"/><INIT seed="0,0,0,1,1,2" ten="250,250,250,250" oya="0" hai0="87,130,119,27,74,123,76,67,25,85,75,36,99" hai1="70,129,71,125,4,45,109,30,90,133,9,24,64" hai2="62,134,63,95,1,93,91,43,47,97,13,72,0" hai3="120,23,65,77,29,96,58,83,73,5,3,135,118"/><T56/><D36/><U31/><E133/><V126/><F72/><W42/><G118/><T86/><D119/><U41/><E129/><V101/><F134/><W104/><G135/><T57/><D123/><U110/><E125/><V14/><F126/><W46/><G58/><T40/><D130/><U33/><E31/><V34/><F34/><W117/><G65/><T102/><D40/><U131/><E131/><V84/><F1/><W52/><G117/><T37/><D37/><N who="1" m="21679" /><E90/><V78/><F0/><W81/><G81/><T48/><D76/><U79/><E79/><V51/><F78/><W112/><G112/><T35/><D35/><U7/><E64/><V53/><F43/><W22/><G120/><T68/><D68/><N who="1" m="26155" /><E9/><V98/><F98/><W82/><G82/><T103/><D67/><U114/><E114/><V6/><F14/><W69/><G69/><T124/><D124/><U60/><E60/><V94/><F94/><W49/><G29/><T107/><D48/><U116/><E116/><V80/><F95/><W66/><G66/><T19/><D19/><U92/><E92/><V61/><F61/><W12/><G3/><T106/><REACH who="0" step="1"/><D87/><REACH who="0" ten="240,250,250,250" step="2"/><U26/><E26/><V132/><F132/><W44/><G96/><AGARI ba="0,1" hai="25,27,56,57,74,75,85,86,96,99,102,103,106,107" machi="96" ten="25,9600,0" yaku="1,1,2,1,22,2,53,0" doraHai="2" doraHaiUra="121" who="0" fromWho="3" sc="240,106,250,0,250,0,250,-96" /><INIT seed="0,1,0,5,2,61" ten="346,250,250,154" oya="0" hai0="71,89,47,109,65,125,132,102,10,68,9,131,15" hai1="53,1,57,37,117,5,94,127,54,33,38,56,106" hai2="73,81,28,43,25,133,82,39,58,108,21,103,49" hai3="104,64,79,24,96,3,80,78,32,67,76,130,29"/><T92/><D102/><U34/><E106/><V116/><F116/><W23/><G3/><T86/><D125/><U41/><E127/><V31/><F133/><W115/><G115/><T119/><D119/><U128/><E117/><V93/><F39/><W69/><G130/><T129/><D132/><U2/><E128/><N who="0" m="49225" /><D109/><U4/><E94/><V13/><F28/><W0/><G0/><T19/><D47/><U8/><E41/><V63/><F73/><W83/><G69/><N who="0" m="26699" /><D10/><AGARI ba="1,0" hai="1,2,4,5,8,10,33,34,37,38,53,54,56,57" machi="10" ten="25,1600,0" yaku="22,2" doraHai="61" who="1" fromWho="0" sc="346,-19,250,19,250,0,154,0" /><INIT seed="1,0,0,3,4,118" ten="327,269,250,154" oya="1" hai0="90,57,69,106,53,98,120,114,134,119,70,94,18" hai1="45,41,3,91,128,9,54,113,71,14,104,124,112" hai2="122,44,85,59,130,40,55,133,17,75,24,20,2" hai3="50,72,101,0,7,129,73,11,26,8,29,109,15"/><U111/><E104/><V102/><F2/><W31/><G109/><T32/><D32/><U12/><E71/><V99/><F75/><W121/><G101/><T46/><D119/><U37/><E111/><V38/><F133/><W105/><G105/><T79/><D114/><U110/><E110/><V62/><F130/><W107/><G107/><T76/><D106/><U60/><E128/><V56/><F56/><W116/><G116/><T115/><D115/><U97/><E124/><V6/><F6/><N who="3" m="3479" /><G50/><N who="0" m="28887" /><D134/><U86/><E97/><V108/><F108/><W96/><G96/><T52/><D70/><U51/><E60/><V34/><F34/><N who="3" m="20791" /><G129/><T80/><D120/><U65/><E65/><V43/><F43/><W19/><G73/><T5/><D5/><U74/><E74/><V35/><F35/><W81/><G72/><T89/><D18/><U123/><E123/><V127/><F102/><W48/><G81/><T87/><D69/><U13/><E3/><V100/><F122/><W83/><G48/><AGARI ba="0,0" hai="48,52,57,76,79,80,87,89,90,94,98" m="28887" machi="48" ten="30,2000,0" yaku="8,1,54,1" doraHai="118" who="0" fromWho="3" sc="327,20,269,0,250,0,154,-20" /><INIT seed="2,0,0,3,2,91" ten="347,269,250,134" oya="2" hai0="22,49,70,101,86,63,122,103,82,51,74,57,78" hai1="100,117,98,85,1,75,118,66,25,84,119,109,24" hai2="133,11,26,135,55,50,115,73,20,111,53,31,29" hai3="99,30,124,131,129,83,90,88,27,89,60,59,18"/><V47/><F73/><W48/><G48/><N who="0" m="18507" /><D70/><U108/><E75/><V71/><F71/><W28/><G99/><T123/><D74/><U35/><E1/><V81/><F115/><W120/><G120/><T45/><D122/><U96/><E66/><V72/><F111/><N who="1" m="42569" /><E35/><V42/><F31/><N who="3" m="11819" /><G27/><N who="1" m="10314" /><E100/><N who="0" m="38473" /><D123/><U36/><E36/><V5/><F72/><W69/><G69/><T0/><D0/><U93/><E93/><V97/><F81/><W79/><G79/><T23/><D45/><U125/><E125/><V40/><F40/><W104/><G104/><T13/><D13/><U64/><E64/><AGARI ba="0,0" hai="22,23,57,63,64,78,82,86" m="38473,18507" machi="64" ten="30,1000,0" yaku="8,1" doraHai="91" who="0" fromWho="1" sc="347,10,269,-10,250,0,134,0" /><INIT seed="3,0,0,4,4,88" ten="357,259,250,134" oya="3" hai0="52,61,30,54,23,76,110,90,8,115,112,73,87" hai1="43,134,123,32,47,72,67,63,104,59,84,74,128" hai2="3,9,132,126,28,127,34,120,50,81,124,99,10" hai3="55,25,14,22,13,83,80,106,6,0,26,29,2"/><W103/><G106/><T94/><D110/><U27/><E104/><V121/><F81/><W20/><G103/><T41/><D41/><U95/><E123/><N who="2" m="47179" /><F50/><W51/><G83/><N who="0" m="45455" /><D8/><N who="2" m="3178" /><F99/><W33/><G80/><T56/><D30/><U91/><E134/><V96/><F96/><W116/><G116/><T98/><D23/><N who="3" m="8745" /><G51/><T130/><D98/><U1/><E1/><N who="3" m="618" /><G55/><N who="0" m="33951" /><D130/><U135/><E135/><V79/><F79/><W102/><G102/><T68/><D68/><U118/><E128/><V35/><F3/><W17/><G6/><T66/><D66/><U53/><E118/><V78/><F78/><W12/><G25/><T100/><D100/><U89/><E89/><V109/><F132/><W133/><G133/><T62/><D62/><U18/><E67/><V40/><F40/><W37/><G37/><T7/><D7/><U119/><E119/><V31/><F109/><W77/><G77/><T64/><D64/><U58/><E58/><V111/><F111/><W122/><G122/><T65/><D65/><U5/><E5/><V82/><F82/><W42/><G42/><T129/><D129/><U114/><E72/><V60/><F60/><W36/><G36/><T75/><D75/><U108/><E74/><V48/><F48/><W15/><G15/><T16/><D54/><U105/><E105/><V38/><F38/><W117/><G117/><T125/><D52/><U97/><E108/><V107/><F107/><W46/><G46/><T39/><D39/><N who="1" m="22015" /><E97/><V24/><F24/><W69/><G69/><T85/><D85/><U101/><E101/><V49/><F49/><W11/><AGARI ba="0,0" hai="11,12,13,14,17,26,29,33" m="618,8745" machi="11" ten="30,18000,2" yaku="5,1,35,5" doraHai="88" who="3" fromWho="3" sc="357,-60,259,-60,250,-60,134,180" owari="297,10.0,199,-20.0,190,-31.0,314,41.0" /></mjloggm>