<mjloggm ver="2.3"><GO type="41" lobby="0"/><UN n0="%79%6F%73%69%74%6F%6D%69" n1="%E3%82%A6%E3%83%AB%E3%83%88%E3%83%A9%E7%AB%8B%E7%9B%B4" n2="%41%2E%52" n3="%35%33%E4%B8%87%E3%81%AE%E4%BA%BA" dan="14,15,13,15" rate="1914.95,2052.84,1898.35,2048.46" sx="M,M,M,F"/><TAIKYOKU oya="0"/><INIT seed="0,0,0,0,5,1" ten="250,250,250,250" oya="0" hai0="34,26,98,55,50,43,114,85,64,82,126,48,12" hai1="90,81,127,94,124,107,19,113,110,75,9,16,69" hai2="59,53,41,116,45,15,5,86,27,133,63,42,115" hai3="122,111,108,13,105,120,61,18,54,99,88,135,58"/><T30/><D114/><U132/><E69/><V7/><F115/><W78/><G78/><T29/><D126/><N who="1" m="48171" /><E107/><V31/><F133/><W23/><G135/><T97/><D64/><U121/><E121/><N who="3" m="46698" /><G105/><T66/><D66/><U102/><E102/><V36/><F116/><W10/><G10/><T21/><D29/><U49/><E49/><V11/><F86/><W77/><G77/><T22/><D43/><U95/><E132/><V0/><F0/><W25/><G13/><T125/><D125/><U51/><E51/><V123/><F123/><W70/><G70/><T24/><D12/><U118/><E118/><V46/><F36/><W101/><G101/><T14/><D14/><U131/><E113/><V74/><F74/><W117/><G117/><T60/><D60/><U56/><E75/><V79/><F79/><W6/><G6/><N who="2" m="2057" /><F15/><W93/><AGARI ba="0,0" hai="18,23,25,54,58,61,88,93,99,108,111" m="46698" machi="93" ten="30,4000,0" yaku="25,1,13,1,54,1" doraHai="1" who="3" fromWho="3" sc="250,-20,250,-10,250,-10,250,40" /><INIT seed="1,0,0,0,5,91" ten="230,240,240,290" oya="1" hai0="12,19,67,96,94,61,119,89,13,129,39,69,33" hai1="77,53,116,118,45,90,105,10,122,98,102,36,83" hai2="23,41,107,111,3,84,101,65,54,57,79,31,108" hai3="127,125,75,74,95,29,52,135,132,16,112,85,2"/><U68/><E68/><V28/><F3/><W4/><G29/><T25/><D119/><U134/><E122/><V48/><F41/><W92/><G85/><T117/><D117/><U99/><E134/><N who="3" m="51242" /><G112/><T88/><D129/><U38/><E38/><V14/><F107/><W8/><G16/><T109/><D109/><N who="2" m="42058" /><F101/><W133/><G133/><T50/><D39/><U66/><E66/><V58/><F65/><W87/><G87/><T81/><D50/><U82/><E10/><V32/><F32/><W113/><G113/><T115/><D115/><U114/><E114/><V34/><F34/><W60/><G52/><T0/><D0/><U106/><E53/><N who="2" m="31911" /><F23/><W15/><G60/><T130/><D130/><U70/><E70/><V1/><F1/><W40/><G40/><T55/><D55/><U73/><E45/><V110/><F14/><W120/><G120/><T9/><D33/><U30/><E36/><V5/><F5/><W11/><G75/><T104/><D104/><U35/><E35/><V27/><F27/><W124/><G74/><T86/><REACH who="0" step="1"/><D13/><REACH who="0" ten="220,240,240,290" step="2"/><U56/><E106/><V18/><F110/><W20/><G20/><T6/><D6/><U76/><E118/><V43/><F54/><W37/><G37/><T131/><D131/><U21/><E116/><V44/><F43/><W97/><G2/><T123/><D123/><U128/><E128/><V47/><F47/><W103/><G11/><T46/><D46/><U71/><E105/><AGARI ba="0,1" hai="4,8,15,92,95,97,103,105,124,125,127" m="51242" machi="105" ten="40,8000,1" yaku="18,1,20,1,52,2" doraHai="91" who="3" fromWho="1" sc="220,0,240,-80,240,0,290,90" /><INIT seed="2,0,0,0,0,68" ten="220,160,240,380" oya="2" hai0="22,13,30,88,11,115,94,65,105,69,122,117,3" hai1="116,108,42,135,121,14,72,61,41,86,4,53,1" hai2="55,101,50,75,2,91,128,100,32,37,96,43,123" hai3="27,20,129,119,103,92,47,24,77,60,82,95,45"/><V124/><F32/><W73/><G119/><T134/><D122/><U97/><E72/><V51/><F123/><W38/><G129/><T58/><D115/><U71/><E1/><V36/><F128/><W28/><G24/><T25/><D105/><U106/><E116/><V118/><F118/><W7/><G7/><T80/><D134/><U29/><E86/><V130/><F130/><W98/><G38/><T40/><D3/><U85/><E85/><V133/><F75/><W81/><G81/><T111/><D111/><U74/><E14/><V109/><F2/><W8/><G8/><T67/><D69/><U114/><E4/><V78/><F78/><W34/><G34/><T26/><D80/><U16/><E16/><V52/><F133/><W64/><REACH who="3" step="1"/><G95/><REACH who="3" ten="220,160,240,370" step="2"/><T39/><D117/><U12/><E135/><V131/><F131/><W63/><G63/><T56/><D26/><U66/><E61/><V70/><F70/><AGARI ba="0,1" hai="20,27,28,45,47,60,64,70,73,77,82,92,98,103" machi="70" ten="30,2000,0" yaku="1,1,7,1,53,0" doraHai="68" doraHaiUra="120" who="3" fromWho="2" sc="220,0,160,0,240,-20,370,30" /><INIT seed="3,0,0,5,2,27" ten="220,160,220,400" oya="3" hai0="56,3,110,97,126,10,17,64,32,1,44,6,86" hai1="47,26,132,59,119,117,58,46,107,106,123,96,81" hai2="2,54,30,90,51,28,71,115,87,39,36,52,133" hai3="134,109,74,120,68,22,41,83,118,4,111,48,77"/><W79/><G118/><T25/><D110/><N who="3" m="41993" /><G120/><T14/><D126/><U76/><E26/><V45/><F115/><W5/><G68/><T102/><D44/><U121/><E96/><V116/><F116/><W131/><G131/><T108/><D108/><U70/><E81/><V93/><F2/><W100/><G77/><T127/><D127/><U16/><E76/><V62/><F133/><W89/><G100/><T124/><D86/><U75/><E70/><V129/><F129/><W23/><G89/><T33/><D33/><U11/><E11/><V69/><F69/><W9/><G134/><T113/><D113/><U85/><E85/><V18/><F18/><W49/><G41/><T122/><D122/><U63/><E132/><V21/><F21/><N who="3" m="7691" /><G4/><T128/><D128/><U43/><E43/><V29/><REACH who="2" step="1"/><F54/><REACH who="2" ten="220,160,210,400" step="2"/><W61/><G61/><N who="0" m="37927" /><D124/><U82/><E63/><V65/><AGARI ba="0,1" hai="28,29,30,36,39,45,51,52,62,65,71,87,90,93" machi="65" ten="30,12000,2" yaku="1,1,0,1,52,3,54,1,53,1" doraHai="27" doraHaiUra="91" who="2" fromWho="2" sc="220,-30,160,-30,210,130,400,-60" /><INIT seed="4,0,0,3,4,11" ten="190,130,340,340" oya="0" hai0="45,88,131,62,71,54,120,89,15,49,82,125,32" hai1="73,27,44,132,13,74,14,18,0,128,41,8,29" hai2="53,64,10,129,70,123,104,47,35,63,51,133,43" hai3="135,117,77,5,95,106,23,59,12,4,21,33,134"/><T75/><D120/><U3/><E128/><V56/><F129/><W52/><G106/><T112/><D131/><U101/><E132/><N who="3" m="50730" /><G33/><T103/><D112/><U105/><E101/><V22/><F35/><W19/><G117/><T61/><D125/><U116/><E105/><V2/><F104/><W6/><G77/><T93/><D32/><N who="1" m="20543" /><E44/><V118/><F118/><W66/><G66/><T69/><D103/><U79/><E41/><V34/><F34/><W16/><G95/><T81/><D81/><U108/><E79/><V28/><F123/><W39/><G39/><T78/><D15/><N who="1" m="7527" /><E74/><V126/><F126/><W91/><G91/><T86/><REACH who="0" step="1"/><D89/><REACH who="0" ten="180,130,340,340" step="2"/><U68/><E116/><V9/><F133/><W124/><G124/><T83/><D83/><U72/><E72/><V102/><F102/><W7/><G7/><T100/><D100/><U50/><E73/><V130/><F130/><W38/><G4/><T36/><D36/><U127/><E127/><V111/><F2/><N who="1" m="553" /><E68/><AGARI ba="0,1" hai="45,49,54,61,62,68,69,71,75,78,82,86,88,93" machi="68" ten="40,7700,0" yaku="1,1,54,1,53,1" doraHai="11" doraHaiUra="80" who="0" fromWho="1" sc="180,87,130,-77,340,0,340,0" /><INIT seed="4,1,0,2,1,89" ten="267,53,340,340" oya="0" hai0="50,46,66,24,92,100,28,128,23,37,54,14,56" hai1="121,9,132,19,76,44,39,93,1,13,17,129,36" hai2="52,99,78,67,91,106,83,113,34,40,47,82,118" hai3="104,111,22,62,30,107,27,95,125,84,131,6,123"/><T32/><D128/><U10/><E121/><V87/><F118/><W75/><G75/><T31/><D14/><U20/><E129/><V114/><F67/><W3/><G111/><T45/><D37/><U135/><E76/><V57/><F34/><W65/><G131/><T69/><D69/><U94/><E44/><V63/><F99/><W16/><G125/><T90/><D100/><U5/><E20/><V115/><F106/><W4/><G123/><T58/><D32/><U26/><E26/><V120/><F120/><W124/><G124/><T86/><REACH who="0" step="1"/><D28/><REACH who="0" ten="257,53,340,340" step="2"/><U21/><E21/><V59/><F115/><W68/><G30/><T101/><D101/><U81/><E81/><V79/><F83/><W38/><G38/><T51/><D51/><U109/><E109/><V98/><F114/><W73/><G3/><T108/><D108/><U134/><E39/><V11/><F113/><W103/><G103/><T127/><D127/><U29/><E29/><V117/><F117/><W15/><G15/><T12/><D12/><U85/><E36/><V60/><F11/><W102/><G102/><T48/><D48/><U2/><E19/><V80/><F82/><W88/><REACH who="3" step="1"/><G73/><REACH who="3" ten="257,53,340,330" step="2"/><T112/><D112/><U110/><E110/><V74/><F74/><W0/><G0/><T41/><D41/><U77/><E1/><V55/><F98/><W53/><G53/><T7/><D7/><AGARI ba="1,2" hai="4,6,7,16,22,27,62,65,68,84,88,95,104,107" machi="7" ten="40,8000,1" yaku="1,1,52,1,54,2,53,0" doraHai="89" doraHaiUra="35" who="3" fromWho="0" sc="257,-83,53,0,340,0,330,103" /><INIT seed="5,0,0,3,0,87" ten="174,53,340,433" oya="1" hai0="58,84,85,64,6,50,108,10,5,107,94,134,16" hai1="20,32,0,63,4,39,7,71,37,74,117,91,73" hai2="97,125,110,49,52,48,83,113,21,95,24,2,123" hai3="68,106,96,86,33,67,35,54,120,1,133,126,23"/><U93/><E32/><V34/><F123/><W47/><G1/><T3/><D108/><U17/><E117/><V12/><F34/><W121/><G133/><T19/><D107/><U59/><E71/><V75/><F110/><W55/><G126/><T38/><D38/><U45/><E74/><V111/><F2/><W102/><G23/><T62/><D134/><U112/><E73/><V30/><F111/><W114/><G114/><T53/><D6/><U43/><E39/><V61/><F125/><W130/><G130/><T115/><D115/><U46/><E46/><V80/><F75/><W66/><G86/><T99/><D84/><U27/><E112/><V129/><F129/><W72/><G72/><T88/><REACH who="0" step="1"/><D85/><REACH who="0" ten="164,53,340,433" step="2"/><U69/><E0/><V40/><F113/><W31/><G106/><T41/><D41/><U100/><E100/><N who="2" m="60479" /><F40/><W124/><G102/><T28/><D28/><U22/><E69/><AGARI ba="0,1" hai="3,5,10,16,19,50,53,58,62,64,69,88,94,99" machi="69" ten="30,12000,2" yaku="1,1,7,1,52,1,54,2,53,1" doraHai="87" doraHaiUra="65" who="0" fromWho="1" sc="164,130,53,-120,340,0,433,0" owari="294,-11.0,-67,-57.0,340,14.0,433,54.0" /></mjloggm>