<mjloggm ver="2.3"><GO type="41" lobby="0"/><UN n0="%E3%82%A8%E3%83%93%E5%8F%8D%E3%82%8A%E5%B8%AB%E5%8C%A0" n1="%6E%6F%72%69%2D%21%21" n2="%E3%82%A6%E3%83%AB%E3%83%88%E3%83%A9%E7%AB%8B%E7%9B%B4" n3="%E4%BA%BA%E4%BD%93%E5%AE%9F%E9%A8%93" dan="15,13,15,13" rate="1973.90,1835.43,2002.60,2075.64" sx="M,M,M,M"/><TAIKYOKU oya="0"/><INIT seed="0,0,0,1,1,84" ten="250,250,250,250" oya="0" hai0="22,130,48,119,12,51,73,80,113,37,55,64,18" hai1="123,54,35,50,2,20,5,14,44,120,115,96,92" hai2="19,94,45,57,135,6,74,103,28,31,105,89,52" hai3="121,67,75,109,27,7,60,133,33,10,86,111,69"/><T104/><D104/><U132/><E35/><V56/><F74/><W131/><G133/><T66/><D119/><U43/><E132/><V129/><F135/><W128/><G86/><T88/><D113/><U15/><E115/><V79/><F79/><W16/><G75/><T42/><D130/><N who="3" m="49705" /><G121/><T93/><D37/><U25/><E2/><V102/><F6/><W126/><G126/><T39/><D39/><U17/><E123/><V83/><F83/><W101/><G101/><N who="2" m="38409" /><F105/><W124/><G124/><T134/><D134/><U36/><E120/><V62/><F129/><W71/><G71/><T24/><D73/><U99/><E99/><N who="2" m="57807" /><F45/><W65/><G65/><T53/><D80/><U40/><E40/><V87/><F87/><W46/><G46/><N who="0" m="27799" /><D42/><U13/><E5/><V29/><F57/><W97/><G97/><N who="0" m="57511" /><D24/><U47/><REACH who="1" step="1"/><E25/><REACH who="1" ten="250,240,250,250" step="2"/><V32/><F32/><W95/><G33/><T125/><D125/><U85/><E85/><V0/><F0/><W91/><G27/><T38/><D38/><U58/><E58/><AGARI ba="0,1" hai="12,18,22,51,55,58,64,66" m="57511,27799" machi="58" ten="30,5800,0" yaku="8,1,52,1,54,1" doraHai="84" who="0" fromWho="1" sc="250,68,240,-58,250,0,250,0" /><INIT seed="0,1,0,4,1,134" ten="318,182,250,250" oya="0" hai0="76,27,75,119,54,60,13,12,32,62,63,121,91" hai1="41,86,103,107,122,30,3,126,110,10,105,58,16" hai2="24,116,131,14,84,99,102,33,38,111,68,89,42" hai3="125,129,101,67,50,47,93,56,95,69,55,133,128"/><T29/><D121/><U124/><E122/><V0/><F0/><W64/><G101/><T117/><D91/><U46/><E30/><V115/><F115/><W112/><G112/><T1/><D1/><U96/><E110/><V37/><F37/><W6/><G6/><T36/><D36/><U108/><E108/><V106/><F111/><W44/><G93/><T4/><D54/><U113/><E107/><V61/><F131/><N who="3" m="50251" /><G69/><T130/><D130/><U81/><E113/><V53/><F116/><W92/><G95/><T57/><D57/><U45/><E58/><V123/><F123/><W90/><G92/><T82/><D4/><U94/><E105/><V17/><F42/><W65/><G90/><T26/><D26/><U35/><E35/><V39/><F53/><W66/><G133/><T48/><D48/><U88/><E45/><N who="3" m="17482" /><G64/><T18/><D117/><U15/><REACH who="1" step="1"/><E3/><REACH who="1" ten="318,172,250,250" step="2"/><V109/><F109/><W31/><G31/><T7/><D119/><U80/><E80/><V97/><F33/><W2/><G2/><T49/><D32/><U19/><E19/><V72/><F17/><W135/><G135/><T71/><D18/><U83/><E83/><V100/><F106/><W104/><G104/><T9/><D82/><U114/><E114/><V40/><F68/><W11/><G11/><T85/><D71/><U8/><E8/><V59/><F59/><W28/><G28/><T74/><D29/><U127/><E127/><AGARI ba="1,1" hai="50,55,56,65,66,67,125,127" m="17482,50251" machi="127" ten="40,8000,1" yaku="19,1,34,2,52,2" doraHai="134" who="3" fromWho="1" sc="318,0,172,-83,250,0,250,93" /><INIT seed="1,0,0,5,3,23" ten="318,89,250,343" oya="1" hai0="13,132,42,53,116,33,17,97,83,14,18,32,0" hai1="108,75,31,37,72,3,96,103,122,47,52,80,12" hai2="129,27,60,105,121,4,44,74,48,111,86,76,85" hai3="6,100,43,61,78,77,94,8,38,89,39,102,126"/><U24/><E3/><V7/><F105/><W69/><G126/><T93/><D0/><U54/><E122/><V113/><F121/><W34/><G34/><T106/><D106/><U98/><E98/><V135/><F74/><W26/><G69/><T101/><D116/><U128/><E37/><V40/><F111/><W28/><G61/><T124/><D124/><U134/><E12/><V73/><F73/><W22/><G43/><T64/><D64/><U127/><E127/><V68/><F129/><W70/><G70/><T21/><D42/><U92/><E128/><V1/><F1/><W66/><G66/><T114/><D114/><U16/><E75/><V110/><F68/><W82/><G39/><T91/><D132/><U87/><E72/><V133/><F113/><W29/><G29/><T63/><D83/><U62/><E134/><V88/><F110/><W117/><G38/><T56/><D101/><N who="3" m="39017" /><G82/><T30/><D30/><U25/><E108/><V49/><F133/><W107/><G107/><T20/><AGARI ba="0,0" hai="13,14,17,18,20,21,32,33,53,56,63,91,93,97" machi="20" ten="20,2700,0" yaku="0,1,7,1,9,1" doraHai="23" who="0" fromWho="0" sc="318,27,89,-13,250,-7,343,-7" /><INIT seed="2,0,0,0,4,59" ten="345,76,243,336" oya="2" hai0="134,20,94,98,10,93,19,16,80,56,51,70,89" hai1="72,108,57,36,91,115,109,90,50,78,101,106,68" hai2="75,61,111,73,121,74,130,47,48,15,100,118,104" hai3="122,76,102,2,29,28,117,39,37,7,32,58,6"/><V110/><F121/><W84/><G122/><T103/><D70/><U53/><E36/><V45/><F118/><W83/><G117/><T62/><D134/><U99/><E68/><V34/><F34/><W46/><G102/><T11/><D80/><U13/><E115/><V63/><F100/><W25/><G29/><T3/><D51/><U44/><E91/><V71/><F104/><W107/><G107/><T88/><D103/><U64/><E78/><V9/><F71/><W95/><G46/><N who="2" m="17417" /><F48/><W65/><G95/><T1/><D3/><U67/><E72/><V126/><F126/><W18/><G39/><T96/><D1/><U60/><E90/><V42/><F42/><W119/><G119/><T49/><D49/><U114/><E114/><V127/><F127/><W17/><G37/><T33/><D33/><U43/><REACH who="1" step="1"/><E13/><REACH who="1" ten="345,66,243,336" step="2"/><V97/><F97/><W135/><G2/><T86/><D96/><U54/><E54/><V120/><F120/><W105/><G135/><T21/><D98/><U4/><E4/><N who="2" m="3495" /><F130/><W24/><G6/><T82/><D94/><U87/><E87/><V41/><F41/><W124/><G124/><T123/><D123/><U116/><E116/><V30/><F30/><W92/><G105/><T40/><D40/><U77/><E77/><V132/><F132/><W35/><G7/><T12/><D93/><U125/><E125/><V52/><F52/><W129/><G92/><T131/><D131/><U23/><E23/><V79/><F79/><W31/><G129/><T128/><D128/><U27/><E27/><V69/><F69/><W133/><G133/><RYUUKYOKU ba="0,1" sc="345,-30,66,10,243,10,336,10" hai1="43,44,50,53,57,60,64,67,99,101,106,108,109" hai2="61,63,73,74,75,110,111" hai3="17,18,24,25,28,31,32,35,58,65,76,83,84" /><INIT seed="2,1,1,2,0,83" ten="315,76,253,346" oya="2" hai0="63,68,95,91,47,17,116,106,16,112,45,98,77" hai1="103,9,59,24,76,102,5,135,71,13,109,107,132" hai2="62,129,126,22,37,26,117,8,73,66,55,7,110" hai3="69,1,94,23,41,32,130,104,4,131,82,54,12"/><V96/><F37/><W38/><G104/><T64/><D112/><U42/><E71/><V30/><F73/><W133/><G69/><T27/><D116/><U25/><E42/><V39/><F39/><W80/><G32/><T123/><D123/><U75/><E107/><V86/><F117/><W36/><G1/><T115/><D115/><U92/><E75/><V93/><F126/><W111/><G111/><T53/><D77/><U33/><E109/><V35/><F129/><N who="3" m="49163" /><G133/><T40/><D53/><U3/><E76/><V48/><F110/><W89/><G38/><T57/><D68/><U122/><E122/><V29/><F35/><W56/><G36/><T128/><D128/><U20/><E25/><V87/><F30/><W52/><G54/><T65/><D65/><U28/><E59/><N who="2" m="37215" /><F8/><N who="3" m="4103" /><G41/><T127/><D106/><U49/><E49/><V105/><F7/><W81/><G23/><T58/><D58/><U134/><REACH who="1" step="1"/><E92/><REACH who="1" ten="315,66,253,346" step="2"/><V120/><F105/><W85/><G94/><T19/><D40/><U44/><E44/><N who="0" m="16969" /><D127/><U34/><E34/><V108/><F108/><W88/><G89/><T43/><D43/><U79/><E79/><V6/><F120/><W74/><G74/><T114/><D114/><U10/><E10/><V101/><F6/><W113/><G113/><T72/><D72/><U99/><E99/><V18/><F18/><AGARI ba="1,2" hai="3,5,9,13,18,20,24,28,33,102,103,132,134,135" machi="18" ten="40,8000,1" yaku="1,1,24,2,20,1,53,0" doraHai="83" doraHaiUra="121" who="1" fromWho="2" sc="315,0,66,103,253,-83,346,0" /><INIT seed="3,0,0,1,3,98" ten="315,169,170,346" oya="3" hai0="100,85,117,70,83,77,43,12,104,13,128,31,11" hai1="2,17,95,73,65,106,25,8,30,89,114,52,21" hai2="74,126,53,56,64,105,110,97,58,10,109,76,81" hai3="27,63,101,115,133,79,32,119,49,6,37,35,39"/><W33/><G119/><T122/><D117/><U67/><E106/><V82/><F126/><W23/><G133/><T93/><D70/><U47/><E73/><V90/><F64/><W103/><G79/><T135/><D135/><U24/><E114/><V19/><F58/><W92/><G115/><T94/><D122/><U40/><E2/><V60/><F10/><W15/><G63/><T4/><D128/><U132/><E132/><V5/><F5/><W71/><G71/><T29/><D29/><U51/><E40/><V44/><F44/><W116/><G116/><T45/><D31/><U131/><E131/><V22/><F82/><W91/><G49/><N who="0" m="26815" /><D13/><U129/><E129/><V102/><REACH who="2" step="1"/><F90/><REACH who="2" ten="315,169,160,346" step="2"/><W112/><G112/><T55/><D55/><U59/><E47/><V28/><F28/><W84/><G6/><T86/><D11/><U41/><E41/><V87/><F87/><W66/><G66/><T113/><D86/><U68/><E68/><V88/><F88/><W121/><G121/><T111/><D113/><U36/><E36/><V72/><F72/><W78/><G78/><T125/><D125/><U0/><E67/><V48/><F48/><W26/><G39/><T120/><D85/><U99/><E65/><V38/><F38/><W69/><G37/><T124/><D83/><U7/><REACH who="1" step="1"/><E30/><REACH who="1" ten="315,159,160,346" step="2"/><V14/><AGARI ba="0,2" hai="14,19,22,53,56,60,74,76,81,97,102,105,109,110" machi="14" ten="30,7900,0" yaku="1,1,0,1,52,1,53,1" doraHai="98" doraHaiUra="75" who="2" fromWho="2" sc="315,-20,159,-20,160,99,346,-39" /><INIT seed="4,0,0,5,1,120" ten="295,139,259,307" oya="0" hai0="103,67,126,25,83,87,58,57,9,31,69,37,132" hai1="26,118,4,85,94,62,101,18,52,24,56,97,45" hai2="75,23,82,47,11,129,113,68,93,29,17,110,124" hai3="1,22,55,65,61,104,106,71,59,48,100,15,115"/><T44/><D126/><U32/><E118/><V80/><F68/><W40/><G1/><T95/><D132/><U10/><E32/><V117/><F29/><W20/><G115/><T33/><D9/><U39/><E18/><V112/><F11/><W64/><G64/><T102/><D69/><U134/><E134/><V119/><F47/><W30/><G100/><T38/><D38/><U36/><E36/><V8/><F8/><W84/><G30/><T76/><D67/><U130/><E130/><V107/><F107/><W6/><G6/><T28/><D28/><U66/><E85/><V70/><F70/><W91/><G40/><T12/><D12/><U123/><E123/><V16/><F93/><N who="3" m="54503" /><G22/><T92/><D37/><U79/><E79/><V54/><F54/><W121/><G121/><T63/><D44/><U13/><REACH who="1" step="1"/><E66/><REACH who="1" ten="295,129,259,307" step="2"/><V74/><F129/><W86/><G86/><T7/><D87/><U89/><E89/><V116/><F124/><W81/><G81/><N who="2" m="31337" /><F110/><W53/><G55/><T133/><D133/><U88/><E88/><V125/><F125/><W21/><G21/><T49/><D33/><U122/><E122/><V0/><F0/><W34/><G34/><T60/><D76/><U3/><E3/><V51/><F112/><W90/><G90/><T135/><D135/><U46/><E46/><V42/><F113/><W35/><G35/><T50/><D83/><U98/><E98/><V105/><F119/><W5/><G5/><T111/><D7/><U127/><E127/><V96/><F117/><W43/><G43/><AGARI ba="0,1" hai="4,10,13,24,26,39,43,45,52,56,62,94,97,101" machi="43" ten="40,5200,0" yaku="1,1,54,1,53,1" doraHai="120" doraHaiUra="99" who="1" fromWho="3" sc="295,0,129,62,259,0,307,-52" /><INIT seed="5,0,0,3,1,9" ten="295,191,259,255" oya="1" hai0="1,124,66,85,7,55,109,31,121,132,2,0,50" hai1="45,41,21,13,123,100,16,118,117,81,69,116,78" hai2="19,5,133,76,72,87,82,38,35,18,54,113,14" hai3="53,91,25,131,52,49,26,4,114,126,70,77,105"/><U15/><E69/><V58/><F35/><W119/><G114/><T75/><D75/><U89/><E123/><V10/><F38/><W27/><G70/><T12/><D109/><U68/><E68/><V103/><F133/><W23/><G105/><T90/><D132/><U11/><E100/><V17/><F113/><W106/><G106/><T110/><D110/><U29/><E89/><V95/><F72/><W32/><G32/><T44/><D66/><U127/><E127/><V40/><F40/><W101/><G101/><T94/><D124/><U64/><E64/><V36/><F36/><W111/><G126/><T47/><D47/><U39/><E29/><V34/><F34/><W122/><G122/><T51/><D51/><U97/><E97/><N who="2" m="59839" /><F5/><W42/><G4/><T59/><D121/><U84/><REACH who="1" step="1"/><E118/><REACH who="1" ten="295,181,259,255" step="2"/><V57/><F57/><W62/><G119/><T92/><D59/><U3/><E3/><V24/><F24/><W8/><G111/><T86/><D31/><U67/><E67/><V60/><AGARI ba="0,1" hai="10,14,17,18,19,54,58,60,76,82,87" m="59839" machi="60" ten="30,2000,0" yaku="8,1,52,1" doraHai="9" who="2" fromWho="2" sc="295,-5,181,-10,259,30,255,-5" /><INIT seed="6,0,0,2,5,101" ten="290,171,289,250" oya="2" hai0="62,22,88,133,129,78,98,96,76,19,23,100,51" hai1="16,82,27,107,69,80,49,134,84,74,103,56,34" hai2="126,125,6,50,119,55,95,91,93,54,14,24,53" hai3="15,60,21,83,130,47,112,109,33,81,36,12,105"/><V58/><F119/><W118/><G118/><T41/><D129/><U113/><E69/><V87/><F24/><W38/><G109/><T45/><D133/><U94/><E134/><V17/><F6/><W127/><G33/><T115/><D115/><U40/><E113/><V85/><F126/><W120/><G112/><T30/><D62/><U11/><E34/><V43/><F43/><W52/><G127/><T90/><D30/><U97/><E74/><V8/><F125/><W37/><G130/><T67/><D67/><U117/><E117/><V32/><F32/><W10/><G120/><T108/><D108/><U31/><E31/><V61/><F61/><W18/><G105/><T68/><D68/><U29/><E29/><V13/><F13/><W25/><G15/><N who="0" m="9599" /><D23/><N who="1" m="13799" /><E107/><V70/><F70/><W122/><G122/><T77/><D100/><U72/><E72/><V128/><F128/><W111/><G111/><T102/><D102/><U79/><E82/><V116/><F116/><W9/><G9/><T44/><D45/><N who="1" m="25767" /><E11/><V110/><F110/><W123/><G123/><T20/><D20/><U26/><E26/><V4/><F4/><W35/><G35/><T5/><D5/><U135/><E135/><V73/><F73/><W57/><REACH who="3" step="1"/><G47/><REACH who="3" ten="290,171,289,240" step="2"/><T1/><D1/><U99/><E99/><AGARI ba="0,1" hai="41,44,51,76,77,78,88,90,96,98,99" m="9599" machi="99" ten="30,2000,0" yaku="8,1,54,1" doraHai="101" who="0" fromWho="1" sc="290,30,171,-20,289,0,240,0" /><INIT seed="7,0,0,3,0,51" ten="320,151,289,240" oya="3" hai0="95,62,50,73,53,69,133,63,3,103,117,106,120" hai1="90,93,37,99,101,89,5,4,111,41,43,22,94" hai2="54,26,39,109,20,29,19,135,75,55,91,125,70" hai3="80,56,77,83,126,13,2,78,14,134,102,85,130"/><W49/><G2/><T119/><D120/><U84/><E111/><V72/><F70/><W8/><G126/><T32/><D32/><U66/><E66/><V112/><F39/><W100/><G130/><T40/><D3/><U10/><E37/><V25/><F109/><W16/><G134/><T18/><D73/><U27/><E5/><V52/><F125/><W58/><G13/><T68/><D133/><U96/><E101/><V12/><F135/><W118/><G118/><T11/><D106/><U67/><E67/><V124/><F124/><W123/><G123/><T81/><D81/><U98/><E84/><V42/><F42/><W0/><G0/><T28/><D28/><U86/><E86/><V87/><F112/><W30/><G30/><T6/><D40/><U92/><E92/><V97/><F97/><W59/><REACH who="3" step="1"/><G49/><REACH who="3" ten="320,151,289,230" step="2"/><T33/><D119/><U88/><E99/><V48/><F48/><W108/><G108/><T132/><D132/><U38/><E38/><V65/><F26/><W104/><G104/><T113/><D117/><U17/><REACH who="1" step="1"/><E89/><REACH who="1" ten="320,141,289,230" step="2"/><V82/><REACH who="2" step="1"/><F65/><REACH who="2" ten="320,141,279,230" step="2"/><W107/><G107/><T105/><D105/><U46/><E46/><V61/><F61/><W31/><G31/><T57/><D63/><U60/><E60/><V15/><F15/><AGARI ba="0,3" hai="4,10,15,17,22,27,41,43,88,90,93,94,96,98" machi="15" ten="30,12000,2" yaku="1,1,7,1,9,1,8,1,54,1,53,2" doraHai="51" doraHaiUra="36" who="1" fromWho="2" sc="320,0,141,150,279,-120,230,0" owari="320,42.0,291,9.0,159,-34.0,230,-17.0" /></mjloggm>