<mjloggm ver="2.3"><GO type="97" lobby="0"/><UN n0="%E3%82%A6%E3%83%AB%E3%83%88%E3%83%A9%E7%AB%8B%E7%9B%B4" n1="%E3%82%AD%E3%83%AB%E3%83%9F%E3%82%B9%E3%82%BF%E3%83%BC%E3%81%95%E3%82%93" n2="%52%2E%41%2E%59%2E" n3="%79%61%6D%61%77%61%6B%69" dan="13,13,13,13" rate="1869.86,1995.63,1800.67,1809.88" sx="M,M,M,M"/><TAIKYOKU oya="0"/><INIT seed="0,0,0,4,0,117" ten="250,250,250,250" oya="0" hai0="17,123,75,108,122,67,100,59,41,40,89,86,8" hai1="62,82,105,0,106,130,48,132,133,20,42,14,4" hai2="43,58,9,121,61,10,73,109,24,45,69,50,47" hai3="26,1,98,38,101,94,115,78,112,30,96,128,19"/><T60/><D75/><U70/><E0/><V65/><F73/><W76/><G38/><T5/><D100/><U97/><E130/><V11/><F24/><W35/><G128/><T90/><D17/><N who="1" m="10295" /><E4/><V3/><F109/><W64/><G1/><T77/><D77/><U22/><E22/><V66/><F3/><W102/><G115/><T91/><D86/><U110/><E82/><V53/><F11/><W51/><G112/><T56/><D108/><U124/><E110/><V16/><F10/><W95/><G64/><T107/><D107/><U68/><E62/><N who="2" m="40119" /><F16/><W81/><G81/><T55/><D8/><U72/><E72/><V99/><F9/><W88/><G88/><T113/><D5/><U111/><E111/><V34/><F99/><W114/><G114/><T32/><D32/><U7/><E7/><V31/><F31/><W63/><G63/><T39/><D113/><U93/><E106/><V92/><F92/><W2/><G2/><T23/><D23/><U83/><E105/><V120/><F34/><W6/><G6/><T37/><D89/><U44/><E83/><V15/><F15/><W134/><G134/><N who="1" m="51818" /><E124/><V131/><F131/><W135/><G135/><T52/><D60/><U119/><E119/><V25/><F25/><W36/><G26/><T12/><D12/><U29/><E29/><V118/><F118/><W71/><G30/><T28/><D28/><U87/><E87/><V127/><F127/><W18/><G35/><T79/><D79/><U46/><E97/><V129/><F129/><W27/><G94/><T84/><D84/><U125/><E93/><RYUUKYOKU ba="0,0" sc="250,15,250,-15,250,15,250,-15" hai0="37,39,40,41,52,55,56,59,67,90,91,122,123" hai2="43,45,47,50,53,58,61,66,120,121" /><INIT seed="0,1,0,3,3,118" ten="265,235,265,235" oya="0" hai0="1,105,130,45,34,83,69,3,80,13,111,31,5" hai1="60,78,81,74,122,108,22,129,49,42,114,132,40" hai2="120,97,102,99,103,119,36,133,37,2,23,128,48" hai3="79,12,116,121,9,107,47,16,59,55,52,21,91"/><T17/><D69/><U84/><E108/><V18/><F119/><W58/><G116/><T92/><D105/><U25/><E132/><V125/><F133/><W115/><G115/><T19/><D45/><U65/><E114/><V27/><F2/><N who="0" m="522" /><D92/><U6/><E6/><V87/><F128/><W8/><G121/><T7/><D83/><U101/><E129/><V131/><F131/><W15/><G107/><T94/><D94/><U46/><E122/><V61/><F125/><W127/><G127/><T93/><D93/><U86/><E101/><N who="2" m="38411" /><F120/><W72/><G47/><T32/><D80/><U64/><E42/><V35/><F35/><N who="0" m="13354" /><D130/><U50/><E50/><V135/><F135/><W88/><G72/><T51/><D51/><U26/><E64/><V0/><F48/><N who="3" m="30983" /><G79/><T56/><D56/><U71/><E74/><V112/><F0/><W62/><G8/><N who="0" m="6311" /><D111/><U28/><E84/><V75/><F75/><W10/><G10/><T104/><D104/><U30/><E71/><V109/><F112/><W113/><G113/><T76/><D76/><U85/><E85/><V123/><F109/><W24/><G24/><T44/><D44/><U70/><E70/><V117/><F87/><W73/><G73/><T4/><D31/><U29/><E30/><V77/><F117/><W20/><G9/><T100/><D100/><U98/><E29/><V38/><F123/><W63/><G63/><T66/><D66/><U43/><E65/><V126/><F126/><W67/><G67/><T96/><D96/><N who="2" m="36938" /><F77/><W11/><G11/><T110/><D110/><U134/><E78/><V53/><F61/><RYUUKYOKU ba="1,0" sc="265,10,235,-30,265,10,235,10" hai0="4,5,7,19" hai2="18,23,27,36,37,38,53" hai3="12,15,16,20,21,55,59,62,88,91" /><INIT seed="0,2,0,5,2,90" ten="275,205,275,245" oya="0" hai0="26,124,56,63,66,49,71,112,16,3,52,61,60" hai1="33,41,62,65,131,98,132,120,14,11,45,38,8" hai2="97,22,114,24,84,123,86,69,54,5,25,117,102" hai3="37,36,99,48,21,34,121,70,85,72,58,13,100"/><T133/><D3/><U15/><E33/><V113/><F123/><W103/><G70/><T68/><D112/><U104/><E120/><V46/><F69/><N who="0" m="26698" /><D16/><U0/><E0/><V108/><F108/><W67/><G34/><T110/><D26/><U53/><E132/><V18/><F5/><W80/><G121/><T107/><D107/><U47/><E65/><V83/><F54/><W50/><G72/><T43/><D133/><U116/><E116/><V128/><F46/><W12/><G67/><T6/><D6/><U42/><E131/><V9/><F128/><W4/><G4/><T2/><D2/><U101/><E11/><V129/><F129/><W64/><G64/><T122/><D122/><U39/><E8/><V96/><F117/><W88/><G21/><T87/><D87/><U126/><E126/><V30/><F9/><W20/><G85/><T44/><D124/><U106/><E106/><V93/><F97/><W19/><G99/><T77/><D77/><U125/><E125/><V75/><F84/><W111/><G19/><T59/><D110/><U32/><E32/><V92/><F75/><W51/><G111/><T55/><D66/><U35/><E35/><V127/><F127/><W29/><G103/><T23/><D23/><U31/><E31/><V135/><F135/><W73/><G100/><T17/><D17/><U91/><E91/><N who="2" m="53367" /><F83/><W78/><G80/><T79/><D79/><U105/><E105/><V119/><F119/><W82/><G73/><T94/><D94/><U7/><E7/><V28/><F28/><W10/><G29/><T134/><D134/><RYUUKYOKU ba="2,0" sc="275,10,205,10,275,10,245,-30" hai0="43,44,49,52,55,56,59,60,61,63" hai1="14,15,38,39,41,42,45,47,53,62,98,101,104" hai2="18,22,24,25,30,93,96,102,113,114" /><INIT seed="0,3,0,4,5,95" ten="285,215,285,215" oya="0" hai0="27,123,71,100,11,110,9,58,46,40,98,50,28" hai1="56,43,102,22,55,112,118,119,130,122,47,16,97" hai2="103,132,5,74,42,94,44,19,111,93,14,109,80" hai3="116,85,24,10,25,2,108,128,23,107,49,115,35"/><T21/><D71/><U79/><E122/><V65/><F132/><W129/><G107/><T26/><D123/><U101/><E130/><N who="3" m="50282" /><G49/><T0/><D0/><U125/><E125/><V54/><F5/><N who="3" m="1335" /><G85/><T3/><D3/><U48/><E112/><V31/><F31/><N who="3" m="19943" /><G115/><T63/><D27/><U60/><E79/><N who="2" m="44151" /><F65/><W7/><G7/><T64/><D110/><N who="2" m="41994" /><F54/><W32/><G108/><T67/><D67/><U121/><E102/><V39/><F103/><W92/><G92/><AGARI ba="3,0" hai="9,11,21,26,28,40,46,50,58,63,64,92,98,100" machi="92" ten="30,12000,1" yaku="7,1,25,2,8,1,52,1" doraHai="95" who="0" fromWho="3" sc="285,129,215,0,285,0,215,-129" /><INIT seed="0,4,0,0,1,128" ten="414,215,285,86" oya="0" hai0="90,102,92,98,94,55,33,15,39,6,76,126,119" hai1="27,78,65,67,96,46,20,35,11,10,41,83,80" hai2="68,103,44,135,70,125,64,23,122,130,31,48,34" hai3="3,91,109,9,63,19,123,54,82,40,26,104,37"/><T66/><D33/><U112/><E35/><V42/><F130/><W95/><G123/><T51/><D39/><U38/><E112/><V24/><F122/><W114/><G114/><T5/><D119/><U133/><E83/><V30/><F125/><W16/><G109/><T79/><D66/><U49/><E96/><V17/><F135/><W116/><G116/><T43/><D43/><U57/><E133/><V71/><F31/><W0/><G104/><T13/><D126/><U74/><E65/><V107/><F103/><W88/><G37/><T132/><D132/><U89/><E89/><N who="3" m="34378" /><G40/><T84/><D6/><U118/><E118/><V97/><F97/><W77/><G26/><T105/><D105/><U110/><E110/><V131/><F131/><W29/><G9/><T85/><D5/><U117/><E117/><V87/><F87/><W75/><G29/><T99/><D99/><U60/><REACH who="1" step="1"/><E38/><REACH who="1" ten="414,205,285,86" step="2"/><V69/><F107/><W18/><G95/><T111/><D111/><U50/><E50/><V4/><F64/><W73/><G82/><N who="0" m="47199" /><D76/><U8/><E8/><V32/><F32/><W22/><G77/><T101/><D101/><U108/><E108/><V28/><F28/><AGARI ba="4,1" hai="10,11,20,27,28,41,46,49,57,60,67,74,78,80" machi="28" ten="30,3900,0" yaku="1,1,7,1,53,1" doraHai="128" doraHaiUra="52" who="1" fromWho="2" sc="414,0,205,61,285,-51,86,0" /><INIT seed="1,0,0,1,4,11" ten="414,266,234,86" oya="1" hai0="68,59,26,25,130,51,17,82,99,29,90,24,125" hai1="32,16,84,65,107,121,87,69,61,15,39,19,12" hai2="131,49,96,6,21,42,79,53,62,135,126,74,127" hai3="10,37,124,111,101,1,27,44,40,75,64,38,30"/><U56/><E121/><V80/><F6/><N who="3" m="1359" /><G38/><T110/><D68/><U104/><E39/><V36/><F135/><W20/><G20/><T28/><D110/><U86/><E32/><V105/><F131/><W63/><G111/><T95/><D125/><N who="2" m="47626" /><F21/><W67/><G124/><T8/><D82/><U106/><E69/><V123/><F123/><W114/><G67/><T60/><D51/><U112/><E112/><V92/><F105/><W47/><G114/><T118/><D118/><U13/><AGARI ba="0,0" hai="12,13,15,16,19,56,61,65,84,86,87,104,106,107" machi="13" ten="40,18000,2" yaku="0,1,29,2,52,3,54,1" doraHai="11" who="1" fromWho="1" sc="414,-60,266,180,234,-60,86,-60" /><INIT seed="1,1,0,2,3,24" ten="354,446,174,26" oya="1" hai0="27,73,50,26,19,127,15,56,36,103,54,84,117" hai1="111,2,95,14,42,118,76,0,29,12,121,62,5" hai2="38,112,119,87,123,99,109,100,88,1,57,11,71" hai3="69,22,82,35,18,63,70,31,68,97,60,91,110"/><U48/><E121/><V133/><F11/><W10/><G110/><T28/><D73/><U129/><E118/><V128/><F57/><W47/><G47/><T59/><D36/><U93/><E129/><V72/><F88/><W75/><G35/><T53/><D127/><U49/><E111/><V7/><F99/><W89/><G89/><T131/><D131/><U17/><E29/><V94/><F87/><W66/><G60/><T107/><D107/><U79/><E62/><V40/><F94/><W126/><G126/><T104/><D117/><U4/><E17/><V108/><F100/><W78/><G10/><T134/><D134/><U30/><E30/><V81/><F81/><W115/><G115/><T9/><D103/><U124/><E124/><V113/><F40/><AGARI ba="1,0" hai="0,2,4,5,12,14,40,42,48,49,76,79,93,95" machi="40" ten="25,2400,0" yaku="22,2" doraHai="24" who="1" fromWho="2" sc="354,0,446,27,174,-27,26,0" /><INIT seed="1,2,0,5,1,45" ten="354,473,147,26" oya="1" hai0="79,124,9,49,71,44,122,131,85,36,51,53,112" hai1="91,18,62,119,105,97,56,40,34,19,127,64,130" hai2="82,21,70,111,81,89,133,77,116,132,16,80,88" hai3="108,4,106,115,42,37,93,76,22,103,86,67,41"/><U134/><E119/><V75/><F70/><W7/><G67/><T33/><D33/><U1/><E34/><V17/><F116/><W135/><G22/><T31/><D36/><U30/><E30/><V29/><F29/><W39/><G76/><T66/><D112/><U48/><E1/><V5/><F5/><W101/><G93/><T26/><D124/><U121/><E121/><V102/><F111/><W15/><G15/><T99/><D131/><U59/><E127/><V60/><F60/><W54/><G54/><T110/><D110/><U58/><E130/><V72/><F102/><W3/><G3/><T113/><D113/><U120/><E120/><V52/><F21/><W92/><G92/><T73/><D122/><U32/><E32/><V63/><F63/><W23/><G106/><T83/><D73/><U104/><E105/><V55/><F81/><W117/><G23/><N who="0" m="15839" /><D71/><U38/><E104/><V94/><REACH who="2" step="1"/><F94/><REACH who="2" ten="354,473,137,26" step="2"/><W125/><G117/><T78/><D66/><U128/><E64/><V47/><F47/><W61/><G125/><T87/><D9/><U68/><E68/><V69/><F69/><W98/><G61/><T57/><D99/><U28/><E128/><V43/><F43/><W95/><G95/><T12/><D12/><U35/><E40/><V24/><F24/><W74/><G98/><T109/><D109/><U10/><E97/><V0/><F0/><W84/><G108/><T114/><D114/><U25/><E25/><V126/><F126/><W96/><G115/><T27/><D27/><U129/><E129/><V13/><F13/><W90/><G41/><RYUUKYOKU ba="2,1" sc="354,-10,473,-10,137,30,26,-10" hai2="16,17,52,55,72,75,77,80,82,88,89,132,133" /><INIT seed="2,3,1,4,5,91" ten="344,463,167,16" oya="2" hai0="96,50,43,121,29,82,92,84,24,66,53,13,117" hai1="108,131,105,67,90,35,54,76,86,11,122,120,6" hai2="127,94,23,77,69,2,100,133,47,65,102,123,107" hai3="4,64,27,58,97,46,31,56,112,93,71,12,48"/><V52/><F123/><W129/><G112/><T79/><D117/><U110/><E105/><V60/><F133/><W5/><G129/><T128/><D128/><U17/><E35/><V132/><F132/><W49/><G71/><T42/><D121/><N who="1" m="46699" /><E131/><V51/><F127/><W61/><G58/><T72/><D13/><N who="1" m="5367" /><E67/><V74/><F2/><W101/><G12/><T36/><D66/><U99/><E17/><V0/><F0/><W22/><REACH who="3" step="1"/><G49/><REACH who="3" ten="344,463,167,6" step="2"/><T114/><D36/><U32/><E108/><V78/><F74/><W87/><G87/><T1/><D72/><U118/><E86/><V135/><F135/><W73/><G73/><T59/><D1/><U134/><E110/><V95/><F107/><W68/><G68/><T7/><D114/><U38/><E134/><V34/><F34/><W9/><G9/><T44/><D59/><U25/><E32/><V16/><F78/><W75/><G75/><T124/><D124/><U10/><E76/><V37/><F77/><W26/><G26/><T115/><D115/><U83/><E25/><V88/><F37/><W125/><G125/><T21/><REACH who="0" step="1"/><D7/><REACH who="0" ten="334,463,167,6" step="2"/><U109/><E38/><V57/><F69/><W30/><G30/><T130/><D130/><U55/><E109/><V3/><F3/><W106/><G106/><T89/><AGARI ba="3,3" hai="21,24,29,42,43,44,50,53,79,82,84,89,92,96" machi="89" ten="20,8000,1" yaku="1,1,0,1,7,1,8,1,52,1,53,0" doraHai="91" doraHaiUra="119" who="0" fromWho="0" sc="334,119,463,-23,167,-43,6,-23" owari="453,56.0,440,24.0,124,-28.0,-17,-52.0" /></mjloggm>