<mjloggm ver="2.3"><GO type="41" lobby="0"/><UN n0="%E3%82%A6%E3%83%AB%E3%83%88%E3%83%A9%E7%AB%8B%E7%9B%B4" n1="%68%61%6C%79" n2="%4B%2D%59%41%53" n3="%35%65%69%47%4F%36" dan="15,15,15,14" rate="2013.04,1971.94,2056.89,1924.35" sx="M,M,M,M"/><TAIKYOKU oya="0"/><INIT seed="0,0,0,1,3,102" ten="250,250,250,250" oya="0" hai0="94,117,127,16,79,17,39,53,98,38,106,65,105" hai1="130,43,40,82,73,51,54,109,99,87,67,135,119" hai2="121,18,28,46,110,60,107,44,24,76,115,100,97" hai3="7,20,48,75,58,116,111,66,13,32,120,45,69"/><T34/><D34/><U123/><E119/><V85/><F115/><W52/><G32/><T3/><D3/><U80/><E123/><V1/><F121/><W30/><G120/><T56/><D65/><U122/><E122/><V11/><F110/><W29/><G116/><T81/><D117/><U22/><E67/><V37/><F37/><W126/><G75/><T93/><D127/><U83/><E109/><V103/><F103/><W49/><G111/><T113/><D113/><U50/><E73/><V25/><F25/><W96/><G126/><T114/><D114/><U42/><E130/><V57/><F76/><W2/><G2/><T112/><D112/><U101/><E135/><V134/><F85/><W62/><G96/><T55/><D98/><U27/><E87/><V104/><F107/><W108/><G108/><T77/><D56/><N who="1" m="32855" /><E99/><V12/><F1/><W15/><G15/><T35/><D35/><U59/><E101/><V8/><F8/><W118/><G118/><T31/><D31/><N who="1" m="17911" /><E59/><V132/><F134/><W64/><G64/><T61/><D61/><U71/><E71/><V68/><F132/><W128/><G128/><T9/><D9/><U14/><E14/><V33/><REACH who="2" step="1"/><F68/><REACH who="2" ten="250,250,240,250" step="2"/><W63/><G69/><T0/><D0/><U26/><E26/><V84/><F84/><W6/><G7/><T129/><D129/><U91/><E91/><V95/><F95/><W74/><G74/><T124/><D124/><U89/><E89/><V19/><F19/><N who="3" m="10351" /><G6/><T133/><D133/><U70/><E70/><V5/><F5/><W90/><G90/><T125/><D125/><RYUUKYOKU ba="0,1" sc="250,10,250,10,240,10,250,-30" hai0="16,17,38,39,53,55,77,79,81,93,94,105,106" hai1="40,42,43,51,80,82,83" hai2="11,12,18,24,28,33,44,46,57,60,97,100,104" /><INIT seed="0,1,1,1,0,55" ten="260,260,250,220" oya="0" hai0="58,92,116,124,14,3,97,68,128,40,23,79,17" hai1="73,75,120,70,71,19,114,65,115,53,106,51,132" hai2="86,59,30,57,100,50,121,130,119,35,122,102,16" hai3="11,26,131,90,56,77,84,45,107,8,135,129,47"/><T32/><D68/><N who="1" m="26155" /><E19/><V15/><F130/><N who="3" m="49675" /><G107/><T83/><D32/><U0/><E0/><V6/><F6/><W82/><G135/><T7/><D116/><U101/><E65/><V99/><F119/><W37/><G26/><T25/><D124/><U123/><E53/><V81/><F30/><W72/><G56/><N who="2" m="21577" /><F35/><W117/><G117/><T125/><D125/><U39/><E51/><V105/><F105/><W96/><G96/><T76/><D40/><U95/><E132/><V93/><F121/><N who="1" m="46665" /><E39/><V98/><F122/><W9/><G37/><T104/><D104/><U38/><E38/><V22/><F50/><W12/><G12/><T69/><D69/><U13/><E106/><V2/><F2/><W54/><G54/><T46/><D3/><U67/><E13/><V42/><F42/><W41/><G41/><T61/><D128/><U33/><E33/><V52/><F52/><W49/><G49/><T108/><D14/><U10/><E75/><V78/><F99/><W126/><G126/><T113/><D7/><U64/><E73/><V21/><F21/><W29/><G29/><T110/><D58/><U134/><E134/><V89/><AGARI ba="1,1" hai="15,16,22,78,81,86,89,93,98,100,102" m="21577" machi="89" ten="30,8000,1" yaku="8,1,52,3,54,1" doraHai="55" who="2" fromWho="2" sc="260,-41,260,-21,250,93,220,-21" /><INIT seed="1,0,0,4,0,8" ten="219,239,343,199" oya="1" hai0="63,87,108,62,90,78,113,50,4,124,32,111,118" hai1="48,46,21,92,93,71,105,99,39,120,129,76,29" hai2="23,66,101,27,109,40,22,80,12,119,36,25,73" hai3="2,117,72,13,55,35,91,6,61,3,16,17,52"/><U130/><E39/><V70/><F109/><N who="0" m="42058" /><D32/><U59/><E71/><V85/><F73/><W134/><G35/><T98/><D113/><U110/><E110/><V79/><F119/><W104/><G72/><T84/><D118/><U0/><E0/><V44/><F101/><W65/><G117/><T125/><D98/><U54/><E120/><V115/><F115/><W100/><G104/><T64/><D64/><U51/><E76/><V102/><F102/><W135/><G100/><T18/><D4/><U38/><E38/><V123/><F123/><W19/><G91/><T81/><D50/><U106/><E29/><V86/><F86/><W45/><G6/><T31/><D31/><U37/><E37/><V96/><F96/><W56/><G3/><T58/><D18/><N who="3" m="7273" /><G2/><T95/><D62/><U77/><E21/><V103/><F103/><W24/><G24/><T9/><D9/><U41/><E77/><V5/><F23/><N who="3" m="11759" /><G45/><T30/><D30/><U69/><E69/><V133/><F22/><W14/><G14/><T132/><D58/><U67/><E99/><V74/><F74/><W33/><G33/><T11/><D11/><U1/><E1/><V127/><F25/><W121/><G121/><T43/><D124/><U10/><E10/><N who="2" m="4175" /><F127/><W83/><G83/><T75/><D125/><U97/><E97/><V126/><F27/><W20/><G20/><T116/><D75/><U34/><E34/><V47/><F126/><W89/><G89/><T94/><D90/><U7/><E106/><V26/><F26/><W28/><G28/><T112/><D116/><U15/><E105/><RYUUKYOKU ba="0,0" sc="219,-10,239,-10,343,-10,199,30" hai3="52,55,56,61,65,134,135" /><INIT seed="2,1,0,1,0,38" ten="209,229,333,229" oya="2" hai0="24,34,6,49,59,109,96,94,31,101,90,67,44" hai1="66,30,88,130,133,107,126,37,1,41,43,45,127" hai2="110,80,111,8,17,71,118,13,55,72,54,77,99" hai3="121,22,124,53,28,117,102,12,97,70,60,103,128"/><V132/><F118/><W46/><G117/><T11/><D109/><N who="2" m="41482" /><F132/><W85/><G121/><T108/><D108/><U19/><E107/><V47/><F71/><W123/><G123/><T122/><D122/><U27/><E133/><V74/><F74/><W115/><G70/><T92/><D59/><U78/><E78/><V134/><F134/><W105/><G128/><T16/><D67/><U86/><E1/><V63/><F63/><W56/><G102/><T5/><D11/><U39/><E66/><V125/><F125/><N who="1" m="47625" /><E130/><V119/><F119/><W23/><G124/><T2/><D2/><U18/><E27/><V0/><F0/><W33/><G115/><T89/><D16/><N who="1" m="6187" /><E30/><V131/><F131/><W51/><G33/><T112/><D112/><U10/><E10/><V21/><F8/><W104/><G104/><T15/><D15/><U95/><E45/><V76/><F76/><W36/><G12/><T42/><REACH who="0" step="1"/><D101/><REACH who="0" ten="199,229,333,229" step="2"/><U81/><E81/><V65/><F65/><W50/><G56/><T14/><D14/><U9/><E9/><V100/><F47/><W62/><G46/><T3/><D3/><U35/><E35/><V91/><F100/><W83/><G103/><T106/><D106/><U58/><E58/><V20/><F20/><W40/><G22/><T87/><AGARI ba="1,1" hai="5,6,24,31,34,42,44,49,87,89,90,92,94,96" machi="87" ten="20,5200,0" yaku="1,1,0,1,7,1,52,1,53,0" doraHai="38" doraHaiUra="75" who="0" fromWho="0" sc="199,65,229,-14,333,-27,229,-14" /><INIT seed="3,0,0,5,0,22" ten="264,215,306,215" oya="3" hai0="72,84,68,26,103,87,112,132,134,86,82,51,74" hai1="97,2,14,54,111,50,58,0,91,90,123,75,98" hai2="125,34,128,17,1,120,76,18,9,115,28,118,44" hai3="24,35,65,113,29,78,100,48,89,37,60,92,7"/><W12/><G113/><T59/><D68/><U129/><E123/><V43/><F115/><W36/><G78/><T105/><D51/><U46/><E75/><N who="0" m="28713" /><D59/><U4/><E111/><V88/><F118/><W53/><G100/><T135/><D26/><U30/><E129/><V32/><F128/><W80/><G80/><T64/><D64/><U55/><E2/><V61/><F125/><W57/><G7/><T124/><D124/><U15/><E0/><V81/><F120/><W70/><REACH who="3" step="1"/><G12/><REACH who="3" ten="264,215,306,205" step="2"/><T33/><D112/><U8/><E15/><V39/><F1/><W95/><G95/><T101/><D101/><U96/><E14/><V10/><F76/><W47/><G47/><T127/><D127/><U6/><E4/><V41/><F81/><W21/><G21/><T110/><D33/><U119/><E6/><V16/><F44/><W108/><G108/><T62/><D110/><U11/><E119/><V5/><F5/><W109/><G109/><T40/><D103/><U42/><E11/><V38/><F10/><W99/><AGARI ba="0,1" hai="24,29,35,36,37,48,53,57,60,65,70,89,92,99" machi="99" ten="20,7800,0" yaku="1,1,0,1,7,1,52,1,53,0" doraHai="22" doraHaiUra="117" who="3" fromWho="3" sc="264,-26,215,-26,306,-26,205,88" /><INIT seed="3,1,0,3,2,74" ten="238,189,280,293" oya="3" hai0="18,19,40,103,95,35,12,24,55,23,33,118,7" hai1="130,41,91,109,26,43,101,68,99,98,70,87,77" hai2="115,5,22,21,20,25,4,126,61,135,39,111,27" hai3="3,56,97,122,100,48,1,46,34,131,73,108,57"/><W84/><G122/><T92/><D40/><U0/><E0/><V67/><F111/><W129/><G73/><T124/><D95/><U125/><E70/><V54/><F115/><W88/><G34/><T78/><D118/><U82/><E68/><V8/><F39/><W50/><G1/><T105/><D105/><N who="1" m="63671" /><E26/><N who="2" m="9739" /><F135/><W17/><G3/><T37/><D37/><U59/><E59/><N who="3" m="22602" /><G17/><T75/><D55/><U86/><E43/><V90/><F126/><W132/><G46/><T102/><D7/><N who="2" m="2634" /><F67/><W62/><G62/><T107/><D107/><U114/><E41/><V110/><F110/><W121/><G121/><T65/><D65/><U53/><E53/><V71/><F71/><W117/><G117/><T72/><D72/><N who="1" m="43303" /><E109/><V134/><F134/><W113/><G113/><T32/><D92/><N who="1" m="56735" /><E125/><V106/><F54/><W10/><G10/><T133/><D124/><U30/><E30/><V13/><F8/><W60/><G60/><T51/><D51/><U45/><E45/><V76/><F13/><W83/><G132/><T112/><D133/><U38/><E38/><V49/><F20/><W89/><G108/><T29/><D112/><U128/><E114/><V44/><F21/><W66/><G66/><T80/><REACH who="0" step="1"/><D19/><REACH who="0" ten="228,189,280,293" step="2"/><U6/><E6/><V2/><F49/><W81/><G100/><AGARI ba="1,1" hai="12,18,23,24,29,32,33,35,75,78,80,100,102,103" machi="100" ten="40,5200,0" yaku="1,1,2,1,52,1,53,0" doraHai="74" doraHaiUra="63" who="0" fromWho="3" sc="228,65,189,0,280,0,293,-55" /><INIT seed="4,0,0,4,1,32" ten="293,189,280,238" oya="0" hai0="34,23,110,61,104,16,108,113,55,15,58,86,45" hai1="62,105,51,132,133,12,4,38,73,134,13,27,28" hai2="63,70,101,120,24,126,81,74,0,118,102,115,88" hai3="97,117,7,111,103,127,6,54,99,60,114,95,109"/><T19/><D34/><U21/><E38/><V47/><F120/><W9/><G117/><T69/><D104/><U80/><E105/><V43/><F115/><W68/><G114/><T48/><D113/><U52/><E62/><V75/><F126/><W50/><G127/><T46/><D69/><U72/><E4/><V87/><F118/><W56/><G6/><T89/><D19/><U82/><E82/><V121/><F0/><W53/><G68/><T123/><D123/><U128/><E128/><V41/><F121/><W107/><G54/><T76/><D76/><N who="1" m="44039" /><E73/><V93/><F43/><W135/><G60/><T31/><D31/><U65/><E65/><V71/><F24/><W131/><G135/><N who="1" m="34562" /><U129/><DORA hai="78" /><E129/><V90/><F74/><W125/><G125/><T98/><D98/><U25/><E25/><V64/><F75/><W49/><G49/><T84/><D84/><U2/><E2/><V66/><F66/><W26/><G26/><T57/><D108/><U18/><E28/><V124/><F71/><W1/><REACH who="3" step="1"/><G131/><REACH who="3" ten="293,189,280,228" step="2"/><T37/><D37/><U8/><E27/><V112/><F112/><W116/><G116/><T130/><D130/><U20/><E51/><V33/><F124/><W17/><G17/><T94/><D110/><U85/><E52/><AGARI ba="0,1" hai="15,16,23,45,46,48,52,55,57,58,61,86,89,94" machi="52" ten="30,18000,2" yaku="7,1,25,2,8,1,54,2" doraHai="32,78" who="0" fromWho="1" sc="293,190,189,-180,280,0,228,0" /><INIT seed="4,1,0,1,1,8" ten="483,9,280,228" oya="0" hai0="53,69,111,4,82,47,52,67,132,27,61,38,85" hai1="2,114,80,26,35,12,102,40,79,57,68,32,36" hai2="23,6,50,86,100,42,1,60,33,10,99,25,89" hai3="106,135,116,15,84,73,49,31,45,41,112,22,65"/><T101/><D132/><U3/><E68/><V125/><F125/><W104/><G73/><T48/><D111/><U131/><E114/><V92/><F33/><W119/><G112/><T124/><D124/><U77/><E102/><V18/><F60/><W93/><G119/><T71/><D101/><U17/><E131/><V62/><F62/><W9/><G116/><T70/><D4/><U91/><E36/><V118/><F118/><W81/><G135/><T72/><D72/><U95/><E40/><V90/><F42/><W34/><G34/><T122/><D122/><U58/><E3/><V29/><F50/><W74/><G74/><T54/><D27/><U19/><E2/><V133/><F133/><W121/><G121/><T129/><D129/><U51/><E32/><V88/><REACH who="2" step="1"/><F29/><REACH who="2" ten="483,9,270,228" step="2"/><W75/><G65/><T134/><D134/><U7/><E35/><V59/><F59/><N who="1" m="22537" /><E51/><V113/><F113/><W83/><G31/><T63/><D38/><U56/><E56/><V46/><F46/><W24/><G106/><AGARI ba="1,1" hai="1,6,10,18,23,25,86,88,89,90,92,99,100,106" machi="106" ten="30,7700,0" yaku="1,1,7,1,54,1,53,1" doraHai="8" doraHaiUra="21" who="2" fromWho="3" sc="483,0,9,0,270,90,228,-80" /><INIT seed="5,0,0,1,4,131" ten="483,9,360,148" oya="1" hai0="74,123,125,57,80,40,68,52,102,39,118,26,100" hai1="60,70,23,95,59,91,34,117,93,108,18,36,133" hai2="119,11,43,64,124,25,75,58,37,112,88,130,63" hai3="41,4,53,135,92,38,13,65,86,15,8,129,101"/><U132/><E34/><V114/><F119/><W9/><G129/><T33/><D68/><U81/><E70/><V113/><F130/><W54/><G135/><N who="1" m="51786" /><E36/><V120/><F120/><W16/><G65/><T20/><D52/><N who="3" m="20073" /><G38/><T127/><D57/><U105/><E105/><V83/><F124/><W29/><G41/><T98/><D40/><U1/><E117/><V35/><F11/><W87/><G29/><T61/><D61/><U30/><E30/><N who="2" m="19919" /><F88/><N who="3" m="53271" /><G87/><T126/><D33/><U46/><E46/><N who="2" m="23919" /><F83/><W56/><G56/><T7/><D39/><U14/><E1/><V116/><F116/><W104/><G104/><T89/><D123/><U67/><E108/><V84/><F84/><AGARI ba="0,0" hai="14,18,23,59,60,67,81,84,91,93,95" m="51786" machi="84" ten="30,11600,0" yaku="20,1,52,3" doraHai="131" who="1" fromWho="2" sc="483,0,9,116,360,-116,148,0" /><INIT seed="5,1,0,5,4,116" ten="483,125,244,148" oya="1" hai0="101,24,62,111,65,118,2,107,41,56,74,19,97" hai1="69,76,68,14,66,33,15,20,130,108,48,10,43" hai2="98,32,49,82,61,78,92,126,63,13,131,9,71" hai3="122,18,59,40,50,109,25,105,39,89,52,93,106"/><U34/><E76/><V21/><F32/><W86/><G109/><T77/><D2/><U47/><E108/><V117/><F117/><W104/><G39/><T38/><D111/><U60/><E69/><V8/><F131/><W94/><G40/><T23/><D118/><U99/><E130/><V28/><F126/><W53/><G25/><T29/><D41/><U75/><E75/><V67/><F61/><W0/><G0/><T123/><D38/><U134/><E134/><V51/><F28/><W22/><G122/><T12/><D123/><U125/><E125/><V17/><F9/><W4/><G4/><T58/><D77/><U79/><E79/><V70/><F70/><W54/><G106/><T95/><D74/><U31/><E99/><V55/><F55/><W90/><G104/><T46/><D46/><U80/><E80/><V16/><F21/><W133/><G133/><T36/><D36/><U127/><E127/><V83/><F17/><W85/><REACH who="3" step="1"/><G105/><REACH who="3" ten="483,125,244,138" step="2"/><T88/><D107/><U110/><E110/><V113/><F71/><W30/><G30/><T5/><D5/><U45/><E31/><V124/><F124/><W128/><G128/><T84/><D24/><U64/><E34/><V87/><F13/><W3/><G3/><T115/><D29/><U103/><E33/><V73/><F73/><W1/><G1/><T6/><D6/><U26/><E43/><V96/><F78/><W57/><G57/><T7/><D7/><U35/><E35/><V132/><F132/><W100/><G100/><T44/><D58/><N who="1" m="36887" /><E103/><V37/><F37/><W72/><G72/><RYUUKYOKU ba="1,1" sc="483,-10,125,-10,244,-10,138,30" hai3="18,22,50,52,53,54,59,85,86,89,90,93,94" /><INIT seed="6,2,1,4,2,56" ten="473,115,234,168" oya="2" hai0="32,111,36,73,134,26,107,15,82,57,24,67,98" hai1="91,55,17,47,10,39,23,96,100,84,51,83,20" hai2="125,7,93,60,108,48,92,117,59,16,58,135,22" hai3="106,87,97,75,76,44,8,121,19,54,40,70,116"/><V11/><F117/><W72/><G116/><T45/><D15/><U65/><E39/><V42/><F135/><W43/><G121/><T105/><D26/><U113/><E113/><V33/><F33/><W25/><G70/><T90/><D90/><U31/><E31/><V128/><F128/><W18/><G75/><T119/><D57/><U35/><E35/><V53/><F125/><W71/><G71/><T52/><D52/><N who="1" m="29823" /><E65/><N who="2" m="39063" /><F108/><W63/><G72/><T133/><D67/><U129/><E129/><V13/><F42/><W89/><G106/><N who="0" m="40459" /><D98/><U132/><E132/><V78/><F78/><W68/><G76/><N who="0" m="44303" /><D111/><U41/><E41/><V79/><F79/><W2/><G2/><T102/><D102/><U101/><E55/><V74/><F74/><W104/><G104/><T126/><D126/><U3/><E3/><V94/><F94/><W80/><G97/><T66/><D66/><U130/><E130/><V64/><F64/><W123/><G123/><T114/><D114/><U86/><E86/><V69/><F69/><W34/><G43/><N who="0" m="22759" /><D119/><U120/><E120/><V4/><F4/><W12/><G40/><T124/><D124/><U99/><E99/><V14/><AGARI ba="2,1" hai="7,11,13,14,16,22,48,53,59,92,93" m="39063" machi="14" ten="30,6000,0" yaku="8,1,52,1,54,1" doraHai="56" who="2" fromWho="2" sc="473,-22,115,-22,234,76,168,-22" /><INIT seed="6,3,0,0,4,94" ten="451,93,310,146" oya="2" hai0="28,121,47,127,100,113,13,23,91,101,119,67,20" hai1="106,93,18,82,66,75,12,15,77,96,130,111,124" hai2="0,65,85,17,90,4,112,40,61,134,131,43,25" hai3="8,81,33,110,70,128,60,52,45,123,97,32,114"/><V122/><F122/><W133/><G110/><T30/><D121/><U44/><E111/><V120/><F120/><W98/><G123/><T104/><D104/><U38/><E106/><V69/><F112/><W50/><G33/><T105/><D105/><U102/><E130/><V58/><F134/><W53/><G32/><T63/><D113/><U80/><E80/><V6/><F131/><W78/><G128/><T92/><D47/><U39/><E66/><V1/><F1/><W5/><G114/><T35/><D35/><U108/><E108/><V99/><F69/><W117/><G117/><T79/><D79/><U54/><E124/><V125/><F125/><W27/><G27/><T51/><D51/><U10/><REACH who="1" step="1"/><E15/><REACH who="1" ten="451,83,310,146" step="2"/><V89/><F0/><W109/><G109/><T3/><D3/><U19/><E19/><V115/><F115/><W49/><G133/><T62/><D67/><U118/><E118/><V21/><F6/><W2/><G70/><T31/><D119/><U26/><E26/><V132/><F4/><W59/><G60/><N who="0" m="23083" /><D13/><U87/><E87/><AGARI ba="3,1" hai="2,5,8,45,49,50,52,53,59,78,81,87,97,98" machi="87" ten="30,7700,0" yaku="7,1,52,2,54,1" doraHai="94" who="3" fromWho="1" sc="451,0,83,-86,310,0,146,96" owari="451,55.0,-3,-50.0,310,11.0,242,-16.0" /></mjloggm>