<mjloggm ver="2.3"><GO type="97" lobby="0"/><UN n0="%E3%81%82%E3%82%8A%E3%81%8B%E3%81%9F%E3%82%93" n1="%E6%A5%BD%E5%8B%9D%EF%BC%81" n2="%E5%B0%B1%E6%B4%BB%E7%94%9F%40%E5%B7%9D%E6%9D%91%E8%BB%8D%E5%9B%A3" n3="%74%61%6B%65%6F%32" dan="13,15,13,14" rate="1865.27,1973.12,1905.72,1945.33" sx="M,M,M,M"/><TAIKYOKU oya="0"/><INIT seed="0,0,0,2,5,51" ten="250,250,250,250" oya="0" hai0="43,67,8,90,111,17,102,127,80,74,76,85,22" hai1="52,86,37,135,70,36,58,27,23,34,122,124,107" hai2="21,10,45,84,117,125,95,93,121,1,35,97,61" hai3="3,118,123,11,0,89,94,116,60,126,42,40,78"/><T72/><D67/><U49/><E122/><V66/><F35/><W100/><G123/><T106/><D127/><U99/><E70/><V68/><F125/><W39/><G126/><T47/><D8/><U98/><E124/><V115/><F117/><W103/><G78/><T20/><D111/><U38/><E135/><V41/><F121/><W81/><G81/><T130/><D130/><U69/><E69/><V56/><F115/><W134/><G134/><T53/><D53/><U55/><E34/><V87/><F68/><W6/><G0/><T77/><D77/><U30/><E107/><V96/><F21/><W64/><G118/><T25/><D22/><U59/><REACH who="1" step="1"/><E86/><REACH who="1" ten="250,240,250,250" step="2"/><V9/><F87/><W133/><G133/><T88/><D74/><U50/><AGARI ba="0,1" hai="23,27,30,36,37,38,49,50,52,55,58,59,98,99" machi="50" ten="30,12000,2" yaku="1,1,2,1,0,1,9,1,52,2,54,1,53,0" doraHai="51" doraHaiUra="113" who="1" fromWho="1" sc="250,-60,240,130,250,-30,250,-30" /><INIT seed="1,0,0,0,3,23" ten="190,370,220,220" oya="1" hai0="128,16,79,54,85,86,112,71,73,116,63,89,34" hai1="6,103,96,2,66,50,31,74,43,37,20,120,94" hai2="61,11,131,132,0,80,57,87,52,51,83,100,109" hai3="1,70,3,33,77,107,68,64,135,27,41,40,10"/><U28/><E120/><V110/><F131/><W91/><G135/><T104/><D116/><U56/><E74/><V108/><F132/><W13/><G91/><T21/><D112/><U35/><E35/><V55/><F100/><W134/><G134/><T129/><D34/><U97/><E37/><V38/><F38/><W123/><G123/><T69/><D104/><U19/><E6/><N who="2" m="1479" /><F87/><W49/><G107/><T126/><D126/><U113/><E2/><V82/><F82/><W65/><G77/><T125/><D125/><U121/><E121/><V44/><AGARI ba="0,0" hai="44,51,52,55,57,61,80,83,108,109,110" m="1479" machi="44" ten="30,2000,0" yaku="14,1,54,1" doraHai="23" who="2" fromWho="2" sc="190,-5,370,-10,220,20,220,-5" /><INIT seed="2,0,0,3,5,75" ten="185,360,240,215" oya="2" hai0="100,99,62,24,57,52,53,123,113,10,133,35,80" hai1="129,74,97,103,42,58,115,104,41,6,60,118,134" hai2="131,85,39,7,132,135,96,117,29,5,124,21,94" hai3="101,49,1,130,8,56,71,33,70,108,84,127,44"/><V119/><F39/><W95/><G33/><T78/><D113/><U128/><E115/><V37/><F37/><W12/><G1/><T4/><D123/><U17/><E118/><N who="2" m="45067" /><F85/><W120/><G120/><T77/><D133/><N who="2" m="51274" /><F124/><W23/><G127/><T38/><D38/><U26/><E74/><V110/><F131/><N who="1" m="50249" /><E134/><V20/><F110/><W88/><G130/><T92/><D53/><N who="1" m="33871" /><E6/><N who="2" m="2059" /><F29/><W54/><G108/><T69/><D69/><U82/><E82/><V63/><F63/><W65/><G23/><AGARI ba="0,0" hai="17,23,26,41,42,97,103,104" m="33871,50249" machi="23" ten="30,1000,0" yaku="19,1" doraHai="75" who="1" fromWho="3" sc="185,0,360,10,240,0,215,-10" /><INIT seed="3,0,0,0,4,109" ten="185,370,240,205" oya="3" hai0="118,114,95,134,68,30,76,47,20,46,122,43,70" hai1="125,33,73,121,8,82,55,74,89,111,81,27,60" hai2="51,29,40,88,42,7,3,50,37,52,35,115,9" hai3="112,90,72,5,39,69,14,92,4,117,135,96,127"/><W28/><G117/><T87/><D118/><U59/><E121/><V23/><F35/><W124/><G135/><T25/><D122/><U78/><E111/><V65/><F65/><W132/><G132/><T98/><D134/><U34/><E125/><N who="3" m="48202" /><G72/><T49/><D47/><U80/><E8/><V126/><F126/><W94/><G69/><T36/><D36/><U24/><E34/><V18/><F29/><W107/><G39/><T58/><D114/><U16/><E33/><V84/><F115/><W17/><G112/><T21/><D21/><N who="1" m="13351" /><E74/><V101/><F101/><N who="3" m="62887" /><G28/><T6/><D6/><N who="3" m="2665" /><G90/><T1/><D1/><U128/><E73/><V61/><F37/><W62/><G62/><T93/><D58/><U86/><E89/><V22/><F61/><W13/><G13/><T116/><D116/><U15/><E27/><V45/><F51/><W44/><G44/><T133/><D133/><U54/><E15/><V99/><F42/><W129/><G129/><T130/><D130/><U56/><E128/><V79/><F40/><W100/><G100/><T85/><D76/><U38/><E38/><V32/><F79/><W108/><G108/><T123/><D123/><U10/><E10/><AGARI ba="0,0" hai="10,14,17,92,94" m="2665,62887,48202" machi="10" ten="30,1500,0" yaku="18,1" doraHai="109" who="3" fromWho="1" sc="185,0,370,-15,240,0,205,15" /><INIT seed="3,1,0,5,3,91" ten="185,355,240,220" oya="3" hai0="30,20,124,38,55,123,103,79,92,78,89,19,108" hai1="4,67,22,11,54,106,63,95,98,27,115,36,49" hai2="77,104,82,84,57,130,128,129,88,24,21,71,13" hai3="81,100,135,65,50,122,32,9,119,132,85,58,70"/><W96/><G119/><T17/><D123/><U3/><E36/><V59/><F71/><W76/><G122/><T48/><D38/><U2/><E106/><V23/><F104/><W51/><G32/><T26/><D108/><U40/><E40/><V25/><F13/><W37/><G37/><T10/><D124/><U60/><E2/><V94/><F21/><W16/><G70/><T110/><D103/><U97/><E115/><V8/><F8/><W111/><G111/><T90/><D110/><U68/><E63/><V120/><F120/><W18/><G65/><T5/><D90/><U56/><E95/><V105/><F105/><W62/><G62/><T126/><D126/><U72/><E72/><N who="2" m="43303" /><F25/><W6/><G51/><T66/><D66/><U83/><E83/><V43/><F43/><W75/><G75/><T73/><D73/><U33/><E33/><V107/><F107/><W39/><G39/><T29/><D29/><AGARI ba="1,0" hai="3,4,11,22,27,29,49,54,56,60,67,68,97,98" machi="29" ten="30,1000,0" yaku="7,1" doraHai="91" who="1" fromWho="0" sc="185,-13,355,13,240,0,220,0" /><AGARI ba="1,0" hai="23,24,29,57,59,84,88,94,128,129,130" m="43303" machi="29" ten="30,3900,0" yaku="19,1,52,1,54,1" doraHai="91" who="2" fromWho="0" sc="172,-39,368,0,240,39,220,0" owari="133,-37.0,368,47.0,279,8.0,220,-18.0" /></mjloggm>