<mjloggm ver="2.3"><GO type="97" lobby="0"/><UN n0="%E3%82%A6%E3%83%AB%E3%83%88%E3%83%A9%E7%AB%8B%E7%9B%B4" n1="%E7%BE%BD%E7%94%9F%E5%85%AB%E5%86%A0" n2="%61%76%72%69%76%61%61%76" n3="%63%68%75%72%61%69%6D%75" dan="13,14,14,14" rate="1873.73,1951.48,1942.67,1967.45" sx="M,M,F,M"/><TAIKYOKU oya="0"/><INIT seed="0,0,0,0,0,134" ten="250,250,250,250" oya="0" hai0="72,110,0,95,47,55,5,78,86,53,92,57,112" hai1="63,61,9,91,60,132,108,14,119,128,23,10,11" hai2="21,38,42,44,87,30,88,20,22,96,54,80,89" hai3="26,114,135,1,29,59,50,25,120,69,105,118,12"/><T115/><D110/><U6/><E108/><V17/><F30/><W93/><G118/><T70/><D70/><U82/><E132/><V133/><F133/><W94/><G105/><T76/><D72/><U51/><E128/><V106/><F54/><W116/><G116/><T104/><D104/><U131/><E131/><V71/><F71/><W41/><G12/><T36/><D36/><U90/><E119/><V98/><F98/><W62/><G26/><T111/><D111/><U66/><E66/><V113/><F113/><W129/><G50/><T24/><D24/><U8/><E82/><V100/><REACH who="2" step="1"/><F89/><REACH who="2" ten="250,250,240,250" step="2"/><W39/><G69/><T58/><D47/><U75/><E75/><V122/><F122/><W74/><G29/><T101/><D86/><U52/><E23/><V85/><F85/><W7/><G74/><T35/><D35/><U81/><REACH who="1" step="1"/><E81/><REACH who="1" ten="250,240,240,250" step="2"/><V37/><F37/><W43/><G39/><T73/><D73/><U102/><E102/><V97/><F97/><W46/><G135/><T33/><D101/><U126/><E126/><V32/><F32/><W65/><G129/><T34/><D33/><U28/><E28/><V64/><F64/><W13/><G65/><T83/><D34/><U48/><E48/><V117/><F117/><W2/><G120/><T3/><D83/><U99/><E99/><V107/><F107/><W19/><G114/><T130/><D130/><U103/><E103/><V56/><F56/><AGARI ba="0,2" hai="6,8,9,10,11,14,51,52,56,60,61,63,90,91" machi="56" ten="40,5200,0" yaku="1,1,8,1,54,1,53,0" doraHai="134" doraHaiUra="121" who="1" fromWho="2" sc="250,0,240,72,240,-52,250,0" /><INIT seed="1,0,0,2,1,84" ten="250,312,188,250" oya="1" hai0="55,109,38,102,118,75,36,120,28,90,124,31,122" hai1="85,3,88,70,48,128,40,58,89,26,13,96,134" hai2="7,5,79,60,87,113,35,53,66,32,115,59,94" hai3="8,80,24,16,69,78,44,119,37,126,121,45,105"/><U135/><E70/><V33/><F66/><W73/><G121/><N who="0" m="46699" /><D75/><U51/><E3/><V54/><F53/><W129/><G105/><T117/><D102/><U18/><E128/><V2/><F2/><W52/><G69/><T74/><D74/><U86/><E26/><V43/><F43/><W39/><G129/><T22/><D22/><N who="1" m="11599" /><E40/><V77/><F77/><W71/><G71/><T133/><D55/><N who="1" m="32103" /><E96/><V92/><F92/><W23/><G126/><T0/><D0/><U76/><E76/><V17/><F17/><W99/><G119/><N who="0" m="45579" /><D124/><U27/><E27/><V57/><F57/><W131/><G131/><T25/><D25/><U110/><E110/><V97/><F87/><N who="1" m="33289" /><E51/><V20/><F20/><W98/><G37/><N who="0" m="14443" /><D109/><U56/><E56/><V47/><F47/><W130/><G39/><T42/><D42/><U14/><E14/><V6/><F79/><W103/><G130/><T12/><D12/><U106/><E106/><V95/><REACH who="2" step="1"/><F94/><REACH who="2" ten="250,312,178,250" step="2"/><W114/><G78/><T83/><D133/><AGARI ba="0,1" hai="88,89,133,134,135" m="33289,32103,11599" machi="133" ten="30,11600,0" yaku="20,1,52,2,54,1" doraHai="84" who="1" fromWho="0" sc="250,-116,312,126,178,0,250,0" /><INIT seed="1,1,0,3,5,130" ten="134,438,178,250" oya="1" hai0="1,32,121,124,129,94,105,106,111,86,23,108,112" hai1="87,68,4,49,70,127,31,27,61,71,21,134,120" hai2="41,14,50,79,98,115,47,54,67,43,16,116,75" hai3="83,113,72,8,6,58,133,45,69,3,85,60,114"/><U64/><E120/><V78/><F116/><W102/><G69/><T101/><D32/><U20/><E127/><V126/><F126/><W10/><G102/><T91/><D1/><U48/><E4/><V19/><F115/><W81/><G10/><T95/><D124/><U117/><E117/><V22/><F67/><W12/><G3/><T36/><D36/><U82/><E21/><N who="2" m="11415" /><F75/><W76/><G45/><T84/><D23/><U118/><E118/><V80/><F98/><W5/><G133/><T122/><D101/><U97/><E134/><V18/><F18/><W29/><G29/><T39/><D39/><U89/><E97/><V90/><F90/><W35/><G35/><T57/><D57/><U17/><E31/><V100/><F100/><W11/><G11/><T40/><D40/><N who="2" m="15434" /><F80/><W88/><REACH who="3" step="1"/><G5/><REACH who="3" ten="134,438,178,240" step="2"/><T99/><D99/><U55/><E49/><V128/><F128/><W53/><AGARI ba="1,1" hai="6,8,12,53,58,60,72,76,81,83,85,88,113,114" machi="53" ten="20,8000,1" yaku="1,1,2,1,0,1,7,1,54,1,53,0" doraHai="130" doraHaiUra="25" who="3" fromWho="3" sc="134,-21,438,-41,178,-21,240,93" /><INIT seed="2,0,0,1,2,101" ten="113,397,157,333" oya="2" hai0="108,18,20,56,62,109,70,92,65,29,93,32,14" hai1="1,124,37,7,8,48,121,50,31,126,123,80,81" hai2="134,133,116,87,4,76,74,51,22,112,9,111,60" hai3="131,89,75,122,72,127,113,78,129,43,40,16,67"/><V95/><F112/><W106/><G106/><T39/><D39/><U90/><E37/><V47/><F116/><W57/><G122/><N who="1" m="46602" /><E31/><V59/><F74/><N who="3" m="28203" /><G78/><T71/><D29/><U125/><E90/><N who="2" m="53727" /><F76/><W35/><G35/><T135/><D32/><U88/><E81/><V49/><F22/><W110/><G113/><T17/><D135/><N who="2" m="51722" /><F47/><W30/><G30/><T69/><REACH who="0" step="1"/><D18/><REACH who="0" ten="103,397,157,333" step="2"/><U2/><E2/><N who="2" m="151" /><F111/><AGARI ba="0,1" hai="14,17,20,56,62,65,69,70,71,92,93,108,109,111" machi="111" ten="50,6400,0" yaku="1,1,14,1,53,1" doraHai="101" doraHaiUra="12" who="0" fromWho="2" sc="103,74,397,0,157,-64,333,0" /><INIT seed="3,0,0,1,4,102" ten="177,397,93,333" oya="3" hai0="36,43,127,128,69,29,124,115,75,52,32,131,47" hai1="49,98,95,16,106,68,51,65,1,82,25,2,113" hai2="48,118,70,30,19,104,3,8,111,18,93,122,90" hai3="134,76,92,119,99,74,27,88,85,12,89,53,133"/><W94/><G119/><T116/><D75/><U31/><E113/><V120/><F118/><W80/><G53/><T103/><D103/><N who="1" m="62839" /><E82/><V110/><F70/><W96/><G27/><T46/><D29/><U6/><E95/><V91/><F30/><W0/><G12/><T73/><D32/><N who="1" m="20591" /><E16/><N who="2" m="6187" /><F48/><N who="1" m="18505" /><E6/><N who="2" m="1119" /><F104/><W135/><G0/><T22/><D22/><U24/><E24/><V121/><F93/><W108/><G108/><T28/><D69/><U126/><E126/><N who="0" m="48169" /><D73/><AGARI ba="0,0" hai="73,74,76,80,85,88,89,92,94,96,99,133,134,135" machi="73" ten="40,18000,2" yaku="9,1,20,1,34,3,54,1" doraHai="102" who="3" fromWho="0" sc="177,-180,397,0,93,0,333,180" owari="-3,-50.0,397,20.0,93,-31.0,513,61.0" /></mjloggm>