<mjloggm ver="2.3"><GO type="97" lobby="0"/><UN n0="%49%6E%66%74%79" n1="%52%65%65%4C" n2="%E3%82%A6%E3%83%AB%E3%83%88%E3%83%A9%E7%AB%8B%E7%9B%B4" n3="%68%61%70%70%61%39%31%36" dan="15,14,15,14" rate="1988.33,1979.95,1975.00,1942.97" sx="F,M,M,M"/><TAIKYOKU oya="0"/><INIT seed="0,0,0,3,4,22" ten="250,250,250,250" oya="0" hai0="40,117,95,33,130,114,53,7,39,122,96,46,32" hai1="10,74,80,23,90,70,88,134,12,127,116,37,87" hai2="102,55,58,11,119,120,14,13,31,109,106,25,21" hai3="9,2,27,105,75,8,79,107,124,20,92,19,104"/><T59/><D122/><U73/><E37/><V44/><F120/><W65/><G124/><T115/><D117/><U0/><E70/><V94/><F119/><W132/><G132/><T126/><D130/><U15/><E116/><V93/><F109/><W103/><G65/><T98/><D126/><U85/><E0/><V121/><F121/><W71/><G71/><T99/><D7/><U111/><E111/><V50/><F106/><W66/><G66/><T57/><D95/><U4/><E134/><V43/><F102/><W61/><G61/><T56/><REACH who="0" step="1"/><D53/><REACH who="0" ten="240,250,250,250" step="2"/><U54/><E54/><V30/><F93/><W67/><G67/><T97/><N who="0" m="25088" /><DORA hai="78" /><T47/><D47/><U62/><E127/><V64/><F94/><W131/><G131/><T128/><D128/><U89/><E4/><V100/><F100/><W84/><G103/><T113/><AGARI ba="0,1" hai="32,33,39,40,46,56,57,59,113,114,115" m="25088" machi="113" ten="50,12000,1" yaku="1,1,0,1,29,2,53,1" doraHai="22,78" doraHaiUra="49,38" who="0" fromWho="0" sc="240,130,250,-40,250,-40,250,-40" /><INIT seed="0,1,0,2,4,39" ten="370,210,210,210" oya="0" hai0="85,103,75,115,122,77,128,114,84,96,56,135,69" hai1="97,54,25,2,73,99,79,108,134,121,101,93,37" hai2="125,3,129,123,33,89,26,132,95,11,81,40,20" hai3="34,6,5,29,17,28,14,127,112,9,58,12,8"/><T82/><D69/><U78/><E2/><V7/><F123/><W4/><G112/><T44/><D122/><U19/><E121/><V38/><F125/><W36/><G36/><T64/><D64/><U106/><E108/><V13/><F129/><W63/><G127/><T10/><D56/><U43/><E54/><V98/><F132/><W133/><G133/><T62/><D62/><U72/><E134/><V60/><F60/><W118/><G118/><T42/><D135/><U120/><E120/><V1/><F81/><W23/><G58/><T31/><D128/><U102/><E43/><V48/><F48/><W70/><G34/><T21/><D10/><N who="3" m="4201" /><G70/><T53/><D53/><U27/><E37/><V66/><F66/><W30/><G63/><T100/><D115/><U94/><E19/><V67/><F67/><W51/><G51/><T92/><D103/><U32/><REACH who="1" step="1"/><E106/><REACH who="1" ten="370,200,210,210" step="2"/><V131/><F131/><W116/><G116/><T55/><D55/><U91/><E91/><V80/><F40/><W105/><G105/><T126/><D126/><U24/><E24/><AGARI ba="1,1" hai="4,5,6,12,14,17,23,24,28,29,30" m="4201" machi="24" ten="30,12000,2" yaku="8,1,35,5" doraHai="39" who="3" fromWho="1" sc="370,0,200,-123,210,0,210,133" /><INIT seed="1,0,0,4,4,26" ten="370,77,210,343" oya="1" hai0="135,89,24,65,85,86,49,70,37,102,18,68,2" hai1="0,9,48,128,129,66,124,35,19,113,88,15,50" hai2="75,31,99,123,63,42,116,67,46,23,45,58,78" hai3="95,94,107,83,106,41,133,100,4,125,120,52,101"/><U59/><E113/><V80/><F123/><W53/><G41/><T36/><D2/><U79/><E79/><V10/><F116/><W81/><G125/><T61/><D68/><U6/><E35/><V55/><F10/><W21/><G133/><T57/><D86/><U29/><E124/><V25/><F42/><W33/><G33/><T47/><D102/><U1/><E66/><V74/><F74/><W82/><G21/><N who="0" m="13367" /><D70/><U12/><E59/><V73/><F73/><W111/><G111/><T69/><D36/><U34/><E88/><V134/><F134/><W130/><G130/><N who="1" m="50282" /><E48/><V44/><REACH who="2" step="1"/><F99/><REACH who="2" ten="370,77,200,343" step="2"/><W104/><G120/><T13/><D135/><U117/><E50/><AGARI ba="0,1" hai="23,25,31,44,45,46,50,55,58,63,67,75,78,80" machi="50" ten="40,8000,1" yaku="1,1,2,1,52,1,53,1" doraHai="26" doraHaiUra="72" who="2" fromWho="1" sc="370,0,77,-80,200,90,343,0" owari="370,47.0,-3,-50.0,290,-11.0,343,14.0" /></mjloggm>