<mjloggm ver="2.3"><GO type="193" lobby="0"/><UN n0="%E9%8E%9A%E9%89%BE" n1="%E5%B0%B1%E6%B4%BB%E7%94%9F%40%E5%B7%9D%E6%9D%91%E8%BB%8D%E5%9B%A3" n2="%E3%82%A2%E3%83%AB%E3%83%94%E3%82%BD" n3="%45%78%69%73%74" dan="12,12,11,11" rate="1763.47,1818.14,1663.79,1852.60" sx="M,M,M,F"/><TAIKYOKU oya="0"/><INIT seed="0,0,0,1,4,91" ten="250,250,250,250" oya="0" hai0="38,40,43,135,75,67,29,103,111,49,4,26,39" hai1="33,55,72,52,114,110,96,123,62,35,92,105,45" hai2="17,112,115,79,18,24,63,66,2,59,84,3,82" hai3="15,11,133,95,9,32,53,108,1,86,134,93,64"/><T27/><D75/><U106/><E123/><V76/><F76/><W34/><G1/><T109/><D135/><N who="3" m="51721" /><G64/><T116/><D116/><U19/><E72/><V69/><F69/><W127/><G127/><T83/><D103/><U126/><E114/><V23/><REACH who="2" step="1"/><F18/><REACH who="2" ten="250,250,240,250" step="2"/><N who="3" m="8559" /><G108/><T131/><D111/><U73/><E110/><V56/><F56/><W68/><G68/><T10/><D109/><U12/><E126/><V16/><F16/><W7/><G53/><T70/><D70/><U31/><E55/><V120/><F120/><W21/><G21/><T101/><D43/><U128/><E128/><V22/><F22/><W8/><G86/><T41/><D40/><U121/><E121/><V104/><F104/><W87/><G87/><T51/><D41/><U125/><E125/><V13/><F13/><N who="3" m="5279" /><G11/><T28/><D10/><U44/><E105/><V46/><F46/><W119/><G119/><T61/><D131/><U5/><E106/><V94/><F94/><AGARI ba="0,1" hai="32,34,93,94,95" m="5279,8559,51721" machi="94" ten="30,7700,0" yaku="20,1,52,3" doraHai="91" who="3" fromWho="2" sc="250,0,250,0,240,-77,250,87" /><INIT seed="1,0,0,1,4,117" ten="250,250,163,337" oya="1" hai0="135,130,75,2,88,28,31,112,74,121,82,79,103" hai1="106,124,59,125,114,118,76,42,80,54,100,66,62" hai2="93,38,104,97,131,47,99,105,78,0,32,51,50" hai3="83,43,35,92,89,22,9,111,3,132,134,48,133"/><U65/><E118/><V7/><F32/><W21/><G35/><T19/><D112/><U64/><E114/><V95/><F131/><W108/><G83/><T40/><D2/><U26/><E106/><V84/><F38/><W8/><G3/><T45/><D130/><U70/><E100/><V12/><F0/><W122/><G43/><T37/><D75/><U60/><E42/><V6/><F47/><W77/><G77/><T115/><D115/><U58/><E26/><V13/><F78/><W72/><G72/><T107/><D135/><U4/><E4/><V87/><AGARI ba="0,0" hai="6,7,12,13,50,51,84,87,93,95,97,99,104,105" machi="87" ten="25,3200,0" yaku="0,1,22,2" doraHai="117" who="2" fromWho="2" sc="250,-8,250,-16,163,32,337,-8" /><INIT seed="2,0,0,1,0,38" ten="242,234,195,329" oya="2" hai0="3,54,82,119,113,21,31,126,103,104,86,112,95" hai1="58,110,127,53,43,123,78,59,68,122,19,111,130" hai2="80,72,0,88,25,17,115,109,131,55,101,7,20" hai3="133,9,16,36,69,100,50,33,66,37,64,62,94"/><V76/><F101/><W46/><G33/><T48/><D3/><U87/><E78/><V128/><F115/><W24/><G133/><T97/><D126/><U70/><E87/><V132/><F132/><W105/><G66/><T34/><D34/><U108/><E19/><V32/><F32/><W56/><G105/><T98/><D119/><U10/><E10/><V118/><F118/><W18/><G36/><T85/><D98/><U2/><E2/><V71/><F71/><N who="1" m="27177" /><E127/><V99/><F109/><W5/><G24/><T60/><D104/><U23/><E23/><V107/><F107/><W11/><G100/><T27/><D60/><N who="1" m="35919" /><E130/><N who="2" m="49707" /><F55/><N who="3" m="31863" /><G94/><T51/><D112/><U12/><E12/><V116/><F116/><W106/><G106/><T75/><D75/><U96/><E96/><V57/><F57/><W15/><G11/><T83/><D113/><U102/><E102/><V14/><F0/><W129/><G129/><T4/><D4/><U67/><E43/><AGARI ba="0,0" hai="5,9,15,16,18,37,43,46,62,64,69" m="31863" machi="43" ten="30,3900,0" yaku="24,1,52,1,54,1" doraHai="38" who="3" fromWho="1" sc="242,0,234,-39,195,0,329,39" /><INIT seed="3,0,0,3,5,79" ten="242,195,195,368" oya="3" hai0="72,100,73,19,86,83,121,132,110,24,3,88,101" hai1="130,111,119,120,25,104,115,61,69,48,43,18,93" hai2="49,0,6,124,63,15,84,20,112,13,53,46,26" hai3="71,128,42,38,102,92,11,67,94,2,31,113,134"/><W80/><G113/><T78/><D121/><U70/><E104/><V12/><F112/><W45/><G134/><T65/><D3/><U98/><E115/><V60/><F124/><W28/><G128/><T5/><D5/><U10/><E119/><V1/><F1/><W17/><G102/><T36/><D36/><U14/><E120/><V22/><F0/><W57/><G57/><T99/><D132/><U51/><E130/><V125/><F6/><W74/><G17/><T23/><D110/><U122/><E111/><V82/><F125/><W21/><G28/><T118/><D65/><U4/><E122/><V41/><F41/><W87/><G31/><T64/><D64/><U47/><E51/><V37/><F37/><W29/><G29/><T117/><D72/><U62/><E69/><V44/><F46/><W81/><G21/><N who="2" m="8297" /><F26/><W103/><G103/><T58/><D58/><U77/><E70/><V39/><F39/><W133/><G133/><T8/><D8/><U56/><E25/><V59/><F59/><W106/><G106/><T33/><D33/><U131/><E131/><V30/><F30/><W76/><G67/><T40/><D40/><U89/><E61/><V107/><F107/><W126/><G71/><T68/><D68/><U129/><E129/><V16/><F16/><W135/><G126/><T127/><D127/><U55/><E4/><V7/><F7/><N who="3" m="1527" /><G135/><T52/><D117/><U35/><E35/><V9/><F9/><W114/><G114/><T50/><D118/><U105/><E105/><V123/><F123/><W97/><G97/><T96/><D96/><RYUUKYOKU ba="0,0" sc="242,-30,195,10,195,10,368,10" hai1="10,14,18,43,47,48,55,56,62,77,89,93,98" hai2="12,13,15,44,49,53,60,63,82,84" hai3="38,42,45,74,76,80,81,87,92,94" owari="212,1.0,205,-19.0,205,-29.0,378,47.0" /></mjloggm>