<mjloggm ver="2.3"><GO type="169" lobby="0"/><UN n0="%E3%82%A6%E3%83%AB%E3%83%88%E3%83%A9%E7%AB%8B%E7%9B%B4" n1="%47%38%E9%BE%8D%E9%96%80" n2="%E3%81%BE%E3%81%82%E3%81%BC%E3%81%86%E5%A4%A7%E4%BD%90" n3="%E7%86%8A%E7%8C%AB%E5%8C%96%E9%9B%AA" dan="17,16,16,16" rate="2104.29,2031.86,2061.18,2062.00" sx="M,F,F,M"/><TAIKYOKU oya="0"/><INIT seed="0,0,0,2,0,112" ten="250,250,250,250" oya="0" hai0="31,123,20,28,104,98,135,7,74,18,97,62,128" hai1="24,50,40,106,23,47,90,0,94,57,37,61,11" hai2="53,13,14,83,105,95,51,134,70,101,130,8,133" hai3="109,66,92,34,125,89,124,25,55,116,76,27,54"/><T64/><D74/><U30/><E106/><V85/><F70/><W44/><G116/><T75/><D75/><U26/><E26/><V16/><F130/><W120/><G109/><T132/><D123/><U88/><E37/><V21/><F105/><W5/><G120/><T15/><D7/><U63/><E63/><V6/><F101/><W65/><G76/><T68/><D128/><U41/><E41/><V73/><F73/><W22/><G5/><T45/><D45/><U42/><E42/><V48/><F95/><W102/><G102/><N who="0" m="62543" /><D98/><U115/><E115/><V86/><F86/><W110/><G110/><T114/><D114/><U46/><E46/><V81/><F81/><W79/><G44/><T78/><D78/><U32/><E32/><V131/><F131/><W122/><G79/><T12/><D12/><U111/><E111/><V108/><F108/><W19/><G122/><T9/><D9/><U71/><E71/><V113/><F113/><W17/><G34/><T52/><D52/><N who="1" m="33959" /><E0/><V36/><F36/><W72/><G72/><T39/><D39/><U117/><E117/><V82/><F82/><W69/><G69/><T107/><D107/><U3/><E3/><V119/><F119/><W96/><G55/><T29/><D29/><U127/><E127/><N who="3" m="48714" /><G54/><T121/><D121/><U49/><E50/><N who="2" m="18987" /><F53/><W10/><G10/><T67/><D67/><U77/><E77/><V2/><F2/><W91/><G91/><N who="1" m="34858" /><E11/><V103/><F103/><W58/><G66/><T38/><D38/><U129/><E129/><V80/><F83/><W59/><G65/><T60/><D60/><RYUUKYOKU ba="0,0" sc="250,0,250,0,250,0,250,0" hai0="15,18,20,28,31,62,64,68,132,135" hai1="23,24,30,40,47,49,94" hai2="6,8,13,14,16,21,80,85,133,134" hai3="17,19,22,25,27,58,59,89,92,96" /><INIT seed="0,1,0,1,3,93" ten="250,250,250,250" oya="0" hai0="66,124,26,49,85,34,7,72,122,78,27,98,53" hai1="90,62,121,74,5,18,87,57,31,45,119,4,111" hai2="32,16,125,11,9,63,43,24,95,44,69,10,76" hai3="42,94,35,80,126,112,67,65,82,2,110,77,1"/><T115/><D72/><U54/><E121/><V46/><F125/><W84/><G112/><T105/><D122/><U129/><E119/><V73/><F73/><W120/><G120/><T134/><D124/><U113/><E113/><V29/><F76/><W40/><G126/><T79/><D134/><U8/><E129/><V128/><F128/><W30/><G110/><T13/><D115/><U20/><E111/><V0/><F0/><W50/><G35/><T123/><D123/><U41/><E74/><V114/><F114/><W51/><G30/><T81/><D66/><U99/><E31/><V60/><F69/><W38/><G94/><T17/><D7/><U52/><E54/><V86/><F86/><W132/><G84/><T55/><D34/><U116/><E116/><V25/><F95/><W101/><G77/><T39/><D39/><U91/><E8/><N who="2" m="3179" /><F32/><W96/><G38/><T12/><D79/><U64/><E64/><V89/><F89/><W75/><G75/><T47/><D55/><U14/><E99/><V19/><F29/><W83/><G132/><T33/><D33/><U107/><E107/><V15/><F43/><W3/><G96/><T70/><D70/><U22/><E91/><V100/><F100/><W131/><G101/><T59/><D98/><U102/><E102/><V104/><F104/><W106/><G106/><T36/><D105/><U6/><E90/><V71/><F71/><W127/><G131/><T135/><D135/><U56/><E87/><V103/><F103/><W88/><G127/><T109/><D109/><U28/><E28/><V133/><F133/><RYUUKYOKU ba="1,0" sc="250,0,250,0,250,0,250,0" /><INIT seed="1,2,0,3,1,100" ten="250,250,250,250" oya="1" hai0="113,20,13,26,109,14,19,130,106,36,118,89,6" hai1="47,78,24,80,31,79,40,124,62,5,69,49,18" hai2="83,129,2,8,45,32,107,96,54,27,76,86,87" hai3="97,3,39,28,22,0,93,9,101,105,34,51,131"/><U98/><E124/><V59/><F129/><W127/><G39/><T99/><D36/><U46/><E5/><V44/><F32/><W77/><G127/><T55/><D118/><U48/><E98/><V75/><F27/><W37/><G37/><T15/><D113/><U119/><E119/><V67/><F67/><W58/><G34/><T91/><D130/><U57/><E69/><V110/><F110/><W132/><G131/><T21/><D109/><U56/><E18/><V38/><F45/><W111/><G111/><T102/><D55/><U95/><E95/><V64/><F64/><W4/><G132/><T114/><D114/><U81/><E81/><V125/><F125/><W66/><G77/><T33/><D33/><U71/><E71/><V42/><F96/><W115/><G115/><T82/><D82/><U94/><E94/><V90/><F90/><W70/><G70/><T30/><REACH who="0" step="1"/><D6/><REACH who="0" ten="240,250,250,250" step="2"/><U17/><E80/><V84/><F75/><W126/><G126/><T72/><D72/><U10/><E40/><V25/><F83/><W65/><G4/><T52/><D52/><U29/><E79/><V50/><F76/><W117/><G117/><T60/><D60/><U74/><E78/><V23/><F38/><W35/><G35/><T112/><D112/><U134/><E62/><V104/><F42/><W116/><G116/><T41/><D41/><U123/><E74/><V16/><REACH who="2" step="1"/><F59/><REACH who="2" ten="240,250,240,250" step="2"/><W103/><G58/><T43/><D43/><U92/><E57/><V11/><F11/><W53/><G66/><T121/><D121/><U1/><E123/><V85/><F85/><RYUUKYOKU ba="2,2" sc="240,15,250,-15,240,15,250,-15" hai0="13,14,15,19,20,21,26,30,89,91,99,102,106" hai2="2,8,16,23,25,44,50,54,84,86,87,104,107" /><INIT seed="2,3,2,0,3,70" ten="255,235,255,235" oya="2" hai0="106,16,17,76,108,49,77,113,103,53,66,52,119" hai1="135,91,80,43,111,12,83,45,27,3,134,61,112" hai2="57,118,11,67,92,114,84,131,28,117,25,26,99" hai3="98,85,10,86,58,87,31,15,121,35,81,116,88"/><V105/><F105/><W95/><G121/><T6/><D113/><U101/><E112/><V90/><F114/><W109/><G116/><T63/><D119/><U36/><E3/><V132/><F26/><W73/><G109/><T124/><D108/><U60/><E111/><V115/><F115/><W128/><G128/><T47/><D124/><U46/><E101/><N who="2" m="60647" /><F131/><W97/><G31/><T125/><D125/><U69/><E27/><V44/><F44/><W21/><G35/><T100/><D6/><U33/><E33/><V74/><F11/><W19/><G58/><N who="0" m="37239" /><D106/><U68/><E12/><V51/><F74/><W123/><G123/><T8/><D53/><U96/><E96/><N who="3" m="36970" /><G73/><T23/><D8/><U62/><E91/><V122/><F122/><W59/><G59/><T71/><D71/><N who="1" m="27211" /><E46/><V82/><F51/><W4/><G81/><T130/><D130/><U78/><E78/><N who="0" m="30313" /><D17/><U104/><E104/><V72/><F72/><W94/><G94/><T32/><D32/><U120/><E120/><V0/><F0/><W41/><G4/><T13/><AGARI ba="3,2" hai="13,16,23,47,49,52,100,103" m="30313,37239" machi="13" ten="30,4000,0" yaku="8,1,54,2" doraHai="70" who="0" fromWho="0" sc="255,69,235,-13,255,-23,235,-13" /><INIT seed="3,0,0,1,5,84" ten="324,222,232,222" oya="3" hai0="50,15,28,82,48,98,33,39,131,65,107,87,38" hai1="93,31,14,122,34,88,57,109,99,118,69,130,90" hai2="59,101,22,26,46,119,75,106,36,21,55,102,6" hai3="134,83,78,10,124,49,80,108,58,89,1,104,91"/><W92/><G104/><T70/><D131/><U53/><E130/><V123/><F75/><W76/><G124/><T25/><D15/><U30/><E122/><V11/><F119/><W114/><G114/><T79/><D50/><N who="1" m="30903" /><E69/><V8/><F106/><W81/><G134/><T60/><D48/><U68/><E68/><V5/><F36/><W72/><G108/><T4/><D4/><N who="2" m="1642" /><F46/><W19/><G1/><T135/><D135/><U116/><E109/><V94/><F123/><W86/><G72/><T96/><D96/><U3/><E3/><V66/><F66/><W32/><G32/><T103/><AGARI ba="0,0" hai="25,28,33,38,39,60,65,70,79,82,87,98,103,107" machi="103" ten="30,4000,0" yaku="0,1,25,2" doraHai="84" who="0" fromWho="0" sc="324,40,222,-10,232,-10,222,-20" /><INIT seed="4,0,0,4,5,90" ten="364,212,222,202" oya="0" hai0="95,36,10,44,111,64,61,123,114,101,53,89,102" hai1="80,103,35,34,108,74,79,124,47,69,9,65,58" hai2="43,96,46,88,129,110,12,49,31,22,86,119,19" hai3="91,118,84,27,104,17,14,73,51,18,38,75,115"/><T76/><D123/><U93/><E108/><V16/><F129/><W128/><G38/><T56/><D114/><U105/><E124/><V3/><F3/><W59/><G118/><T29/><D111/><U15/><E105/><V106/><F110/><W55/><G115/><T41/><D76/><U57/><E69/><V32/><F32/><W4/><G104/><T40/><D40/><U72/><E72/><V94/><F119/><W78/><G78/><T98/><D29/><U100/><E103/><N who="2" m="60823" /><F106/><W131/><G128/><T127/><D127/><U33/><E65/><V81/><F19/><W126/><G126/><T133/><D133/><U68/><E68/><V125/><F125/><W60/><G131/><T48/><D10/><U107/><E107/><V50/><F50/><W116/><G116/><T5/><D5/><U70/><E70/><AGARI ba="0,0" hai="36,41,44,48,53,56,61,64,70,89,95,98,101,102" machi="70" ten="30,11600,0" yaku="7,1,24,2,52,1" doraHai="90" who="0" fromWho="1" sc="364,116,212,-116,222,0,202,0" /><INIT seed="4,1,0,1,0,29" ten="480,96,222,202" oya="0" hai0="14,51,25,126,104,127,125,124,72,77,11,38,108" hai1="3,63,52,21,26,58,35,20,118,82,30,79,22" hai2="128,15,113,41,56,123,33,69,110,36,84,75,24" hai3="39,19,112,18,66,7,27,102,28,117,40,46,8"/><T4/><D38/><U80/><E118/><V74/><F56/><W87/><G117/><T94/><D104/><U34/><E3/><V1/><F84/><W131/><G112/><T6/><D77/><U88/><E88/><V37/><F15/><W91/><G102/><T43/><D72/><U54/><E82/><V62/><F41/><W5/><G66/><T31/><D51/><U89/><E89/><V92/><F92/><W97/><G97/><T0/><D43/><U59/><E80/><V100/><F100/><W73/><G131/><T111/><D94/><U71/><E79/><V32/><F24/><W101/><G101/><T61/><D61/><U115/><E115/><V103/><F103/><W90/><G73/><T129/><D129/><U95/><E95/><V107/><F107/><W55/><G90/><T135/><D135/><U109/><E109/><V12/><F12/><W47/><G91/><T17/><D124/><U132/><E132/><V114/><F1/><W49/><G87/><T78/><D78/><U98/><E98/><V44/><F44/><W119/><G119/><T93/><D93/><U121/><E121/><V65/><F128/><W130/><G130/><T133/><D133/><U23/><E71/><V70/><F123/><W50/><G5/><N who="0" m="2155" /><D0/><U60/><AGARI ba="1,0" hai="20,21,22,23,26,30,34,35,52,54,58,59,60,63" machi="60" ten="30,8000,1" yaku="0,1,9,1,52,2,54,1" doraHai="29" who="1" fromWho="1" sc="480,-41,96,83,222,-21,202,-21" /><INIT seed="5,0,0,1,5,106" ten="439,179,201,181" oya="1" hai0="26,92,114,93,27,12,99,97,31,10,67,42,81" hai1="54,59,1,79,130,6,4,60,33,103,45,124,105" hai2="62,19,13,57,21,131,84,123,69,120,75,128,90" hai3="14,28,118,129,109,9,8,29,30,111,53,43,65"/><U70/><E33/><V94/><F75/><W133/><G65/><T63/><D42/><U15/><E124/><V16/><F19/><W74/><G43/><T100/><D81/><U40/><E130/><N who="2" m="49707" /><F69/><W108/><G129/><T122/><D114/><U18/><E1/><V39/><F39/><W44/><G74/><T52/><D31/><U17/><E79/><V36/><F36/><W11/><G133/><T134/><D134/><U85/><E85/><V46/><F46/><W91/><G91/><T61/><D52/><AGARI ba="0,0" hai="13,16,21,52,57,62,84,90,94,120,123" m="49707" machi="52" ten="30,3900,0" yaku="19,1,54,2" doraHai="106" who="2" fromWho="0" sc="439,-39,179,0,201,39,181,0" /><INIT seed="6,0,0,4,5,60" ten="400,179,240,181" oya="2" hai0="28,85,102,3,66,118,55,81,21,134,96,76,116" hai1="132,46,86,4,37,1,45,14,67,79,43,71,51" hai2="15,115,95,72,36,107,64,26,25,87,70,124,125" hai3="34,111,110,84,22,57,6,40,38,100,126,41,32"/><V80/><F107/><W130/><G126/><N who="2" m="48745" /><F36/><W53/><G130/><T120/><D3/><U99/><E132/><V49/><F49/><W109/><G6/><T68/><D55/><U30/><E1/><V74/><F15/><W103/><G22/><T101/><D134/><U131/><E131/><V98/><F115/><W77/><G38/><T117/><D120/><U52/><E30/><V89/><F64/><W90/><G77/><T58/><D68/><U83/><E99/><V82/><F70/><W29/><G29/><T106/><D101/><U65/><REACH who="1" step="1"/><E71/><REACH who="1" ten="400,169,240,181" step="2"/><V69/><F69/><W35/><G103/><T48/><D96/><U75/><E75/><N who="2" m="28715" /><F25/><W9/><G100/><T16/><D116/><U108/><E108/><V47/><F26/><W23/><G111/><T78/><D102/><U24/><E24/><V133/><F133/><W56/><G110/><T73/><D73/><U59/><E59/><V123/><F47/><W112/><G109/><T63/><D58/><U20/><E20/><V5/><F123/><W61/><G23/><T94/><D21/><U13/><E13/><V18/><F5/><W33/><G33/><T31/><D118/><U7/><E7/><V12/><F12/><W27/><G27/><T119/><D119/><U129/><E129/><V8/><F18/><W62/><G9/><AGARI ba="0,1" hai="4,9,14,37,43,45,46,51,52,65,67,79,83,86" machi="9" ten="40,8000,1" yaku="1,1,52,2,54,1,53,0" doraHai="60" doraHaiUra="17" who="1" fromWho="3" sc="400,0,169,90,240,0,181,-80" /><INIT seed="7,0,0,0,1,21" ten="400,259,240,101" oya="3" hai0="28,11,125,81,111,98,101,96,56,29,64,46,10" hai1="24,112,121,120,72,14,69,119,44,78,50,90,27" hai2="62,18,89,126,26,70,118,102,35,61,51,39,48" hai3="47,54,4,45,110,131,73,20,105,52,36,93,41"/><W7/><G105/><T68/><D68/><U15/><E69/><V12/><F39/><W2/><G73/><T22/><D125/><U53/><E112/><V86/><F126/><W107/><G107/><T33/><D33/><U66/><E66/><V55/><F118/><W127/><G127/><T71/><D71/><U43/><E119/><V80/><F102/><W65/><G110/><T135/><D22/><U49/><E90/><V74/><F48/><W6/><G2/><T23/><D46/><U8/><E78/><V92/><F92/><W16/><G131/><T113/><D23/><U40/><E72/><V67/><F74/><W124/><G124/><T88/><D81/><U83/><E83/><V5/><F62/><W42/><G93/><T123/><D135/><U94/><E94/><V38/><F38/><W108/><G65/><T60/><D113/><U25/><E121/><V31/><F5/><W57/><G108/><T133/><D133/><U58/><E120/><V34/><F26/><W128/><G128/><T103/><D98/><U79/><E79/><V75/><F31/><N who="0" m="11850" /><D123/><U13/><E40/><V76/><F75/><W77/><G77/><T85/><D96/><U117/><E117/><V134/><F76/><W19/><G57/><T129/><D129/><U115/><E115/><V91/><F134/><W3/><G3/><T106/><D106/><U17/><AGARI ba="0,0" hai="8,13,14,15,17,24,25,27,43,44,49,50,53,58" machi="17" ten="30,8000,1" yaku="0,1,8,1,52,3" doraHai="21" who="1" fromWho="1" sc="400,-20,259,80,240,-20,101,-40" owari="380,48.0,339,14.0,220,-18.0,61,-44.0" /></mjloggm>