<mjloggm ver="2.3"><GO type="97" lobby="0"/><UN n0="%E5%85%8B%E5%B7%B1%E3%81%AE%E9%97%98%E7%89%8C" n1="%E3%82%A6%E3%83%AB%E3%83%88%E3%83%A9%E7%AB%8B%E7%9B%B4" n2="%E2%86%91%E3%81%84%E3%81%A3%E3%81%9F%E3%82%93%E2%86%93" n3="%48%69%72%6F%6D%69%4B" dan="14,15,15,13" rate="1875.30,2005.85,1995.06,1911.87" sx="M,M,M,M"/><TAIKYOKU oya="0"/><INIT seed="0,0,0,1,0,107" ten="250,250,250,250" oya="0" hai0="133,66,84,16,131,9,65,54,98,52,83,99,48" hai1="117,45,129,35,37,36,32,118,68,97,126,3,61" hai2="29,70,120,125,12,72,40,7,6,51,130,90,57" hai3="89,1,0,105,74,116,53,104,135,87,109,59,79"/><T102/><D98/><U121/><E97/><V67/><F70/><W4/><G116/><T86/><D84/><U71/><E61/><V23/><F29/><W124/><G124/><T50/><D50/><U63/><E63/><V123/><F23/><W132/><G4/><T11/><D11/><U96/><E45/><V76/><F12/><W28/><G28/><T77/><D133/><N who="3" m="51273" /><G109/><T91/><D131/><U41/><E96/><V56/><F76/><W60/><G87/><T92/><D102/><U108/><E41/><V115/><F115/><W42/><G42/><T111/><D111/><U81/><E81/><V94/><F40/><W55/><G89/><T22/><D9/><U127/><E108/><V95/><F90/><W17/><G17/><T31/><D31/><U47/><E47/><V33/><F125/><W2/><G55/><T100/><D77/><U18/><E18/><V128/><F33/><W73/><G79/><T82/><D82/><U39/><E39/><V134/><F134/><W80/><G80/><T14/><REACH who="0" step="1"/><D54/><REACH who="0" ten="240,250,250,250" step="2"/><U27/><E129/><V21/><F51/><W15/><G15/><T20/><D20/><U69/><E126/><V24/><F21/><W62/><G62/><T93/><D93/><U114/><E127/><V25/><F128/><W110/><G110/><T106/><D106/><AGARI ba="0,1" hai="0,1,2,53,59,60,73,74,104,105,106" m="51273" machi="106" ten="40,5200,0" yaku="20,1,52,2" doraHai="107" who="3" fromWho="0" sc="240,-52,250,0,250,0,250,62" /><INIT seed="1,0,0,3,0,29" ten="188,250,250,312" oya="1" hai0="35,84,123,73,21,74,19,39,36,22,52,12,62" hai1="42,71,104,112,43,117,108,118,32,105,63,47,9" hai2="3,0,17,20,24,93,1,59,48,99,55,131,87" hai3="46,5,11,50,6,54,96,69,94,67,134,79,119"/><U4/><E112/><V64/><F64/><W124/><G119/><T103/><D123/><U61/><E108/><V90/><REACH who="2" step="1"/><F131/><REACH who="2" ten="188,250,240,312" step="2"/><W28/><G124/><T120/><D120/><U80/><E118/><V44/><F44/><W76/><G134/><T122/><D122/><U77/><E117/><V7/><F7/><W49/><G6/><T95/><D22/><U78/><E47/><V132/><F132/><W102/><G28/><T10/><D21/><U125/><E4/><V30/><F30/><W128/><G128/><T81/><D35/><U100/><E9/><V38/><F38/><W86/><G67/><T83/><D39/><U127/><E71/><V45/><F45/><W88/><G69/><T126/><D36/><U53/><E32/><V23/><F23/><W133/><G133/><T34/><D34/><U135/><E135/><V70/><F70/><W60/><G60/><T101/><D126/><U65/><E65/><V121/><F121/><W66/><G66/><T114/><D114/><U16/><E127/><V57/><F57/><W58/><G50/><T41/><D41/><U92/><E125/><V13/><F13/><N who="3" m="5359" /><G46/><T75/><D95/><AGARI ba="0,1" hai="49,54,58,76,79,86,88,94,95,96,102" m="5359" machi="95" ten="30,2000,0" yaku="8,1,54,1" doraHai="29" who="3" fromWho="0" sc="188,-20,250,0,240,0,312,30" /><INIT seed="2,0,0,0,4,7" ten="168,250,240,342" oya="2" hai0="48,42,92,49,116,128,98,54,82,10,127,104,131" hai1="29,53,85,22,46,130,35,76,43,19,50,6,67" hai2="25,71,114,21,57,11,20,41,45,134,37,101,47" hai3="91,72,100,103,106,117,69,123,107,30,88,65,61"/><V36/><F71/><W73/><G117/><T5/><D116/><U39/><E130/><N who="0" m="49705" /><D104/><U78/><E29/><V64/><F114/><W79/><G123/><T70/><D70/><U17/><E35/><V16/><F134/><W129/><G129/><T119/><D119/><U99/><E6/><V135/><F135/><W12/><G103/><T75/><D127/><U52/><E67/><V66/><F101/><W94/><G107/><T126/><D126/><U9/><E99/><V90/><F90/><W60/><G106/><T55/><D42/><U15/><E39/><V4/><F21/><W110/><G61/><T40/><D40/><U109/><E109/><V32/><F32/><W122/><G122/><T86/><D75/><U51/><E85/><V84/><F84/><W112/><G112/><T89/><D49/><U68/><E68/><V102/><F102/><W118/><G118/><T1/><D48/><U34/><E34/><V120/><F120/><W3/><G73/><T105/><D105/><U33/><E33/><V63/><F45/><W58/><G72/><T62/><D62/><U96/><E96/><V59/><F37/><W14/><G69/><T56/><D56/><N who="1" m="32791" /><E43/><V80/><F80/><W93/><G65/><T24/><D24/><AGARI ba="0,0" hai="9,15,17,19,22,24,46,51,53,76,78" m="32791" machi="24" ten="30,3900,0" yaku="8,1,52,1,54,1" doraHai="7" who="1" fromWho="0" sc="168,-39,250,39,240,0,342,0" /><INIT seed="3,0,0,2,2,133" ten="129,289,240,342" oya="3" hai0="50,18,25,7,130,131,87,23,32,92,103,5,114" hai1="24,88,58,4,104,85,100,34,10,123,74,111,63" hai2="11,9,66,13,62,109,135,61,84,14,128,57,67" hai3="82,113,15,94,112,115,124,132,70,117,91,8,44"/><W69/><G117/><T20/><D114/><U106/><E74/><V27/><F135/><W2/><G132/><T96/><D32/><U83/><E111/><V16/><F109/><W56/><G2/><T37/><D37/><U98/><E123/><V46/><F128/><W72/><G56/><T19/><D131/><U108/><E108/><V134/><F134/><W0/><G0/><T89/><D130/><U17/><E34/><V53/><F27/><W43/><G72/><T41/><D41/><U71/><E71/><V54/><F84/><W97/><G82/><T122/><D122/><U51/><E51/><V105/><F105/><W118/><G118/><T79/><D79/><U45/><E45/><V39/><F39/><W65/><G124/><T129/><D129/><U48/><E48/><V55/><F46/><W40/><G65/><T99/><D50/><U47/><E47/><V125/><F125/><W120/><G120/><T73/><D73/><U64/><E106/><V6/><REACH who="2" step="1"/><F55/><REACH who="2" ten="129,289,230,342" step="2"/><W78/><G115/><T21/><D99/><U31/><E31/><V93/><F93/><W86/><G113/><T38/><D38/><U60/><E24/><V35/><F35/><W102/><G112/><T68/><D68/><AGARI ba="0,1" hai="6,9,11,13,14,16,53,54,57,61,62,66,67,68" machi="68" ten="30,3900,0" yaku="1,1,7,1,54,1,53,0" doraHai="133" doraHaiUra="77" who="2" fromWho="0" sc="129,-39,289,0,230,49,342,0" owari="90,-41.0,289,9.0,279,-12.0,342,44.0" /></mjloggm>