<mjloggm ver="2.3"><GO type="97" lobby="0"/><UN n0="%6F%72%75%74%65%32%30%31" n1="%E3%83%AB%E3%83%B3%E3%83%A1%E3%83%8B%E3%82%B2" n2="%73%61%6E%6D%61%74%73%75" n3="%E3%82%A6%E3%83%AB%E3%83%88%E3%83%A9%E7%AB%8B%E7%9B%B4" dan="13,16,14,14" rate="1885.64,2053.49,1970.42,1936.65" sx="M,M,M,M"/><TAIKYOKU oya="0"/><INIT seed="0,0,0,5,5,33" ten="250,250,250,250" oya="0" hai0="75,89,60,8,10,44,50,54,105,3,45,90,38" hai1="63,21,128,25,68,40,114,91,58,51,103,61,119" hai2="106,92,71,104,108,14,83,7,93,74,81,80,96" hai3="36,88,126,100,130,6,1,65,28,85,94,111,19"/><T101/><D75/><U57/><E119/><V129/><F71/><W20/><G36/><T49/><D3/><U95/><E128/><V73/><F14/><W15/><G130/><T4/><D105/><N who="2" m="40554" /><F7/><W84/><G126/><T112/><D112/><U37/><E114/><V133/><F129/><W123/><G111/><T72/><D72/><N who="2" m="27754" /><F108/><W107/><G123/><T9/><D101/><U102/><E37/><V30/><F30/><W76/><G65/><T52/><D38/><U31/><E68/><V125/><F133/><W24/><G100/><T82/><D4/><U13/><E13/><V120/><F125/><W53/><G107/><T17/><D82/><U2/><E2/><V109/><F109/><W122/><G53/><T87/><D87/><N who="1" m="52735" /><E40/><V11/><F11/><W26/><G122/><T117/><D117/><U22/><E22/><V127/><F127/><W99/><G76/><T131/><D131/><U132/><E132/><V47/><F47/><W56/><G56/><N who="1" m="21610" /><E51/><V70/><F70/><W62/><G62/><AGARI ba="0,0" hai="21,25,31,61,62,63,102,103" m="21610,52735" machi="62" ten="30,1000,0" yaku="8,1" doraHai="33" who="1" fromWho="3" sc="250,0,250,10,250,0,250,-10" /><INIT seed="1,0,0,1,0,55" ten="250,260,250,240" oya="1" hai0="37,5,133,132,98,79,127,106,126,97,119,38,57" hai1="71,35,64,91,14,41,70,89,30,128,93,86,77" hai2="59,17,113,78,50,125,34,54,18,47,74,122,26" hai3="65,83,62,13,0,40,92,28,60,10,32,129,27"/><U94/><E128/><V2/><F122/><W68/><G129/><T87/><D5/><U116/><E116/><V42/><F125/><N who="0" m="47626" /><D119/><U114/><E114/><V84/><F113/><W101/><G40/><T49/><D106/><U121/><E121/><V16/><F74/><W67/><G0/><T6/><D6/><U118/><E118/><V110/><F2/><W48/><G48/><T19/><D19/><U4/><E41/><V72/><F72/><W135/><G135/><T76/><D87/><U56/><E77/><N who="0" m="29769" /><D49/><U115/><E115/><V69/><F69/><W80/><G101/><T51/><D51/><U66/><E71/><V21/><F110/><W24/><G92/><T46/><D46/><U103/><E70/><V134/><F134/><N who="0" m="51818" /><D57/><U33/><E103/><V63/><F34/><W8/><G32/><T96/><AGARI ba="0,0" hai="37,38,96,97,98" m="51818,29769,47626" machi="96" ten="40,8000,1" yaku="28,2,18,1,20,1" doraHai="55" who="0" fromWho="0" sc="250,80,260,-40,250,-20,240,-20" /><INIT seed="2,0,0,5,4,88" ten="330,220,230,220" oya="2" hai0="134,118,5,114,36,1,21,117,104,131,33,44,93" hai1="0,86,110,43,112,7,41,129,53,133,128,102,113" hai2="26,51,4,24,40,61,115,13,35,70,31,45,92" hai3="49,39,11,121,96,119,82,124,91,111,22,42,130"/><V10/><F115/><N who="1" m="44105" /><E7/><V54/><F26/><W34/><G34/><T55/><D104/><U101/><E0/><V105/><F105/><W120/><G39/><T2/><D114/><U67/><E67/><V65/><REACH who="2" step="1"/><F92/><REACH who="2" ten="330,220,220,220" step="2"/><W106/><G106/><T64/><D134/><U109/><E133/><V127/><F127/><W90/><G124/><T9/><D131/><U60/><E129/><V80/><F80/><W46/><G130/><T69/><D118/><U58/><E128/><V116/><F116/><W28/><G119/><T79/><D117/><U48/><E86/><V20/><F20/><W14/><G120/><T59/><D93/><U18/><E102/><V72/><F72/><W19/><G121/><T75/><D21/><U126/><E101/><V107/><F107/><W77/><G111/><T30/><D75/><U62/><E126/><V37/><F37/><W100/><G100/><T135/><D36/><U74/><E74/><V68/><F68/><W8/><G96/><T32/><D69/><U73/><E73/><V16/><F16/><W63/><G28/><T23/><D135/><U29/><E18/><V94/><F94/><W78/><G22/><T25/><D23/><U122/><E29/><V6/><F6/><W15/><G82/><T12/><D5/><U97/><E97/><V84/><F84/><W98/><G98/><T125/><D25/><U123/><E123/><V52/><AGARI ba="0,1" hai="4,10,13,24,31,35,40,45,51,52,54,61,65,70" machi="52" ten="30,11700,0" yaku="1,1,0,1,54,1,53,1" doraHai="88" doraHaiUra="47" who="2" fromWho="2" sc="330,-39,220,-39,220,127,220,-39" /><INIT seed="2,1,0,4,3,8" ten="291,181,347,181" oya="2" hai0="135,64,121,61,81,102,16,48,104,18,4,12,90" hai1="22,98,85,106,47,3,20,26,112,43,24,53,92" hai2="116,5,109,54,115,76,88,9,32,30,113,73,28" hai3="38,71,2,56,70,77,89,82,125,10,60,50,127"/><V58/><F116/><W111/><G38/><T123/><D135/><U15/><E112/><V14/><F109/><W128/><G89/><T130/><D130/><U96/><E3/><V57/><F57/><W52/><G111/><T117/><D117/><U0/><E0/><V1/><F30/><W42/><G128/><T36/><D36/><U107/><E53/><V79/><F76/><W63/><G42/><T37/><D37/><U23/><E85/><V83/><F1/><W95/><G95/><T75/><D104/><U45/><E23/><V99/><F28/><W69/><G10/><T33/><D102/><U131/><E92/><V133/><F32/><W39/><G39/><T7/><D33/><U35/><E35/><V19/><F5/><W6/><G6/><T87/><D75/><U114/><E114/><V134/><F88/><W62/><REACH who="3" step="1"/><G2/><REACH who="3" ten="291,181,347,171" step="2"/><T27/><D4/><U124/><E131/><V55/><F115/><W101/><G101/><T17/><D7/><U25/><E43/><V41/><F41/><W110/><G110/><T72/><D72/><AGARI ba="1,1" hai="50,52,56,60,62,63,69,70,71,72,77,82,125,127" machi="72" ten="50,8000,1" yaku="1,1,54,1,53,3" doraHai="8" doraHaiUra="66" who="3" fromWho="0" sc="291,-83,181,0,347,0,171,93" /><INIT seed="3,0,0,0,1,7" ten="208,181,347,264" oya="3" hai0="60,93,106,17,24,114,102,22,70,86,71,89,61" hai1="117,40,28,132,122,15,77,109,64,19,38,23,30" hai2="118,29,44,21,39,78,69,96,47,111,91,125,88" hai3="94,108,2,98,48,101,95,129,31,66,130,8,76"/><W26/><G76/><T34/><D34/><U131/><E122/><V112/><F118/><W12/><G2/><T46/><D114/><U72/><E117/><V126/><F112/><W32/><G108/><T81/><D106/><U45/><E109/><V18/><F29/><W104/><G48/><T90/><D102/><U82/><E131/><N who="3" m="50186" /><G66/><T116/><D116/><U87/><E132/><V65/><F78/><W36/><G36/><T120/><D120/><U68/><E72/><V135/><F135/><W107/><G94/><T41/><D71/><U0/><E0/><V5/><F5/><AGARI ba="0,0" hai="5,8,12,26,31,32,95,98,101,104,107" m="50186" machi="5" ten="30,2900,0" yaku="19,1,52,1" doraHai="7" who="3" fromWho="2" sc="208,0,181,0,347,-29,264,29" /><INIT seed="3,1,0,5,2,128" ten="208,181,318,293" oya="3" hai0="8,65,109,5,43,14,28,123,59,91,53,23,90" hai1="7,77,88,9,17,27,30,98,117,33,111,87,69" hai2="10,34,46,68,118,58,82,73,116,42,47,55,12" hai3="40,135,45,2,70,22,108,134,4,56,99,85,26"/><W89/><G70/><T92/><D123/><U115/><E115/><V57/><F68/><W86/><G99/><T36/><D109/><U44/><E111/><V75/><F34/><W72/><G72/><T60/><D36/><U13/><E117/><V94/><F94/><W81/><G85/><T25/><D43/><U29/><E69/><V16/><F58/><W80/><G56/><T32/><D32/><U96/><E77/><V20/><F10/><W83/><G108/><T114/><D114/><U37/><E30/><V35/><F35/><W78/><G4/><T133/><D133/><N who="3" m="50697" /><G2/><T112/><D112/><U67/><E67/><V79/><F73/><W41/><G78/><T97/><REACH who="0" step="1"/><D53/><REACH who="0" ten="198,181,318,293" step="2"/><U66/><E66/><V102/><F118/><W63/><G41/><T21/><D21/><U49/><E37/><V18/><F116/><W105/><G105/><T119/><D119/><U15/><E7/><V110/><F42/><W11/><G11/><T113/><D113/><U107/><E107/><V93/><F110/><W106/><G106/><T76/><D76/><U124/><E15/><V3/><F3/><W19/><G63/><T101/><AGARI ba="1,1" hai="5,8,14,23,25,28,59,60,65,90,91,92,97,101" machi="101" ten="20,12000,2" yaku="1,1,0,1,7,1,25,2,8,1,53,1" doraHai="128" doraHaiUra="52" who="0" fromWho="0" sc="198,133,181,-31,318,-31,293,-61" owari="331,43.0,150,-35.0,287,9.0,232,-17.0" /></mjloggm>