<mjloggm ver="2.3"><GO type="41" lobby="0"/><UN n0="%E5%B0%B1%E6%B4%BB%E7%94%9F%40%E5%B7%9D%E6%9D%91%E8%BB%8D%E5%9B%A3" n1="%E3%81%BE%E3%81%95%E3%82%8B%E3%81%95%E3%82%93%E3%80%82%E3%80%82" n2="%6B%65%6E%34%31%30" n3="%E6%9D%89%E6%B5%A6%E7%B6%BE%E4%B9%83%76" dan="15,15,13,15" rate="2032.92,1934.94,1852.83,2052.59" sx="M,M,F,M"/><TAIKYOKU oya="0"/><INIT seed="0,0,0,5,3,56" ten="250,250,250,250" oya="0" hai0="79,37,49,0,109,110,97,33,77,50,103,51,4" hai1="17,66,57,27,133,8,111,28,92,82,58,124,18" hai2="9,38,67,31,43,21,74,105,90,87,42,118,119" hai3="19,23,36,48,113,60,135,25,86,91,81,95,126"/><T130/><D33/><U132/><E111/><N who="0" m="42505" /><D37/><U11/><E124/><V44/><F74/><W94/><G36/><T20/><D130/><U13/><E92/><V3/><F105/><W134/><G113/><T1/><D20/><N who="1" m="15463" /><E82/><V75/><F75/><W39/><G39/><T62/><D62/><N who="1" m="38223" /><E58/><V10/><F43/><W115/><G115/><T61/><D61/><U72/><E72/><V14/><F67/><W104/><G104/><N who="0" m="63599" /><D4/><N who="1" m="3207" /><E11/><V88/><F3/><AGARI ba="0,0" hai="0,1,3,49,50,51,77,79" m="63599,42505" machi="3" ten="40,3900,0" yaku="14,1,10,1" doraHai="56" who="0" fromWho="2" sc="250,39,250,0,250,-39,250,0" /><INIT seed="0,1,0,5,1,77" ten="289,250,211,250" oya="0" hai0="10,124,34,119,92,110,69,123,16,106,22,126,101" hai1="32,25,63,52,85,91,135,45,73,55,71,79,36" hai2="28,99,56,78,102,115,13,61,9,114,118,129,48" hai3="131,112,90,11,18,83,103,43,130,12,89,94,109"/><T122/><D69/><U111/><E73/><V76/><F129/><N who="3" m="49163" /><G112/><T41/><D106/><U121/><E79/><V128/><F128/><W53/><G109/><T60/><D41/><U33/><E71/><V81/><F118/><W64/><G43/><T50/><D50/><U107/><E107/><V23/><F48/><W24/><G64/><T125/><D119/><U38/><E63/><V44/><F44/><W108/><G108/><T26/><D110/><U15/><E15/><V88/><F115/><W3/><G3/><T105/><D105/><U67/><E67/><V35/><F35/><W14/><G103/><T42/><D42/><U96/><E32/><V6/><F114/><W62/><G24/><T39/><D39/><U4/><E25/><N who="2" m="16447" /><F102/><W31/><G31/><N who="0" m="19831" /><D60/><U54/><E45/><V58/><F58/><N who="3" m="35151" /><G14/><N who="0" m="9495" /><D92/><U47/><E47/><V97/><F97/><W8/><G94/><T29/><D101/><U127/><E38/><V133/><F99/><W46/><G46/><T87/><D87/><U40/><E85/><N who="2" m="50223" /><F133/><W132/><G132/><T66/><D66/><AGARI ba="1,0" hai="6,9,13,56,61,66,76,78" m="50223,16447" machi="66" ten="30,3900,0" yaku="8,1,52,1,54,1" doraHai="77" who="2" fromWho="0" sc="289,-42,250,0,211,42,250,0" /><INIT seed="1,0,0,4,1,106" ten="247,250,253,250" oya="1" hai0="18,100,85,81,9,28,60,2,103,26,14,50,102" hai1="98,63,70,92,16,107,84,56,51,78,118,0,94" hai2="130,128,80,108,11,37,59,75,113,125,24,31,52" hai3="46,135,123,64,23,48,83,88,90,44,41,40,69"/><U43/><E70/><V54/><F108/><W104/><G104/><T33/><D2/><U133/><E0/><V7/><F125/><W27/><G123/><T22/><D60/><U111/><E107/><V110/><F110/><W91/><G135/><T96/><D50/><U57/><E133/><V82/><F37/><W8/><G8/><T10/><D33/><U97/><E118/><V55/><F59/><W119/><G119/><T116/><D116/><U93/><E111/><V120/><F120/><W114/><G114/><T72/><D72/><U71/><E71/><V74/><F113/><W117/><G117/><T89/><REACH who="0" step="1"/><D9/><REACH who="0" ten="237,250,253,250" step="2"/><U32/><E32/><V25/><F11/><W4/><G69/><T58/><D58/><U95/><E57/><V5/><F55/><W132/><G132/><T3/><D3/><U112/><E112/><V62/><F62/><W13/><G64/><T134/><D134/><U30/><E51/><V49/><F49/><N who="3" m="26759" /><G4/><T20/><D20/><U126/><E56/><V29/><AGARI ba="0,1" hai="5,7,24,25,29,31,52,54,74,75,80,82,128,130" machi="29" ten="25,12000,2" yaku="0,1,22,2,52,2,54,1" doraHai="106" who="2" fromWho="2" sc="237,-30,250,-60,253,130,250,-30" /><INIT seed="2,0,0,0,0,122" ten="207,190,383,220" oya="2" hai0="56,51,60,83,134,135,57,28,4,14,25,76,69" hai1="68,133,88,120,86,71,48,73,95,10,5,20,39" hai2="24,124,118,104,40,99,7,90,9,84,34,54,27" hai3="109,11,78,92,111,85,102,123,94,127,93,52,41"/><V63/><F118/><W91/><G123/><T38/><D38/><U15/><E39/><V0/><F124/><W8/><G41/><T116/><D116/><U128/><E120/><V81/><F34/><W89/><G127/><T126/><D126/><U119/><E73/><V49/><F40/><W35/><G35/><T70/><D4/><U79/><E119/><V37/><F37/><W97/><G52/><N who="0" m="31775" /><D14/><U12/><E71/><N who="0" m="27145" /><D25/><U47/><E68/><V64/><F99/><N who="3" m="57759" /><G11/><T80/><D76/><U59/><E79/><V46/><F104/><W3/><G8/><T82/><D28/><U18/><E128/><V72/><F72/><W112/><G3/><T117/><D117/><U53/><REACH who="1" step="1"/><E133/><REACH who="1" ten="207,180,383,220" step="2"/><N who="0" m="50697" /><D83/><U19/><E19/><V125/><F125/><W16/><G16/><T58/><D82/><U75/><E75/><V130/><F130/><W77/><G112/><T32/><D80/><U21/><E21/><V115/><F115/><W17/><G17/><T2/><D32/><U108/><E108/><AGARI ba="0,1" hai="77,78,85,89,93,94,97,102,108,109,111" m="57759" machi="108" ten="30,12000,2" yaku="14,1,34,2,52,3" doraHai="122" who="3" fromWho="1" sc="207,0,180,-120,383,0,220,130" /><INIT seed="3,0,0,0,1,68" ten="207,60,383,350" oya="3" hai0="43,69,99,35,42,131,133,0,78,39,6,64,62" hai1="24,59,19,16,52,54,106,120,77,60,117,80,108" hai2="73,89,44,48,20,28,58,38,95,63,51,112,115" hai3="17,91,109,134,135,123,125,4,13,98,102,41,7"/><W36/><G123/><T10/><D131/><U21/><E120/><V127/><F73/><W86/><G125/><T50/><D133/><N who="3" m="50697" /><G109/><T56/><D35/><U12/><E106/><V33/><F33/><W47/><G86/><T40/><D78/><U76/><E117/><V128/><F127/><W55/><G91/><T129/><D129/><U111/><E54/><V83/><F128/><W49/><G55/><T11/><D11/><U37/><E37/><V15/><F83/><W130/><G49/><T70/><D50/><U88/><E88/><V126/><F126/><W66/><G66/><T119/><D119/><U124/><E124/><V93/><F93/><N who="3" m="58703" /><G130/><T2/><D2/><U132/><E132/><V61/><F61/><W34/><G34/><T26/><D39/><U100/><E100/><V82/><F82/><W9/><AGARI ba="0,0" hai="4,7,9,13,17,36,41,47" m="58703,50697" machi="9" ten="30,3000,0" yaku="20,1,52,1" doraHai="68" who="3" fromWho="3" sc="207,-10,60,-10,383,-10,350,30" /><INIT seed="3,1,0,3,5,101" ten="197,50,373,380" oya="3" hai0="109,127,110,70,58,89,71,55,43,5,0,22,41" hai1="28,96,129,95,34,24,1,47,74,124,81,133,25" hai2="108,64,26,65,46,6,72,20,83,12,37,85,107" hai3="102,67,18,113,48,9,117,44,126,125,135,31,94"/><W130/><G113/><T51/><D0/><U39/><E1/><V97/><F108/><N who="0" m="41578" /><D5/><U106/><E95/><V11/><F72/><W14/><G117/><T75/><D75/><U78/><E25/><V123/><F123/><W118/><G118/><T88/><D127/><U38/><E124/><N who="3" m="47722" /><G67/><T115/><D115/><U120/><E47/><V56/><F37/><N who="1" m="13833" /><E129/><V3/><F3/><W79/><G79/><T57/><D22/><U33/><E133/><V111/><F111/><W100/><G135/><T60/><D89/><U132/><E132/><V90/><F46/><W76/><G130/><T59/><D88/><U8/><E8/><V103/><F56/><N who="0" m="21610" /><D60/><U17/><E17/><AGARI ba="1,0" hai="6,11,12,17,20,26,64,65,83,85,90,97,103,107" machi="17" ten="30,2000,0" yaku="7,1,52,1" doraHai="101" who="2" fromWho="1" sc="197,0,50,-23,373,23,380,0" /><INIT seed="4,0,0,5,2,101" ten="197,27,396,380" oya="0" hai0="18,43,68,64,67,80,133,14,75,23,70,33,13" hai1="12,78,10,119,54,102,21,19,88,126,48,16,92" hai2="6,90,41,87,115,103,56,105,42,51,116,106,83" hai3="97,131,30,20,130,107,1,44,72,9,108,17,117"/><T4/><D133/><U94/><E119/><V71/><F71/><W73/><G117/><T121/><D121/><U8/><E126/><V86/><F116/><W113/><G113/><T50/><D33/><U84/><E78/><V60/><F115/><W122/><G122/><T59/><D70/><U128/><E128/><N who="3" m="49194" /><G108/><T63/><D75/><U93/><E102/><V37/><F103/><N who="3" m="62959" /><G30/><T114/><D114/><U46/><E10/><V109/><F109/><W111/><G111/><T27/><D4/><U62/><E62/><V91/><F37/><W89/><G89/><T61/><D80/><U47/><E47/><V134/><F134/><W118/><G118/><T28/><D43/><U57/><E46/><V127/><F127/><W96/><G96/><T95/><D50/><U82/><E82/><V31/><F31/><W35/><G35/><T7/><D7/><U99/><E99/><V65/><F6/><N who="3" m="1231" /><G44/><T0/><D0/><U52/><REACH who="1" step="1"/><E54/><REACH who="1" ten="197,17,396,380" step="2"/><V24/><F41/><W49/><G49/><T69/><D95/><U3/><E3/><V123/><F123/><W120/><G120/><T98/><D98/><U25/><AGARI ba="0,1" hai="8,12,16,19,21,25,48,52,57,84,88,92,93,94" machi="25" ten="20,12000,2" yaku="1,1,0,1,7,1,8,1,54,3,53,0" doraHai="101" doraHaiUra="76" who="1" fromWho="1" sc="197,-60,17,130,396,-30,380,-30" /><INIT seed="5,0,0,5,2,52" ten="137,147,366,350" oya="1" hai0="116,92,133,75,39,120,30,125,93,86,13,95,17" hai1="79,41,96,42,14,53,101,76,61,113,122,107,35" hai2="38,74,0,9,123,71,121,36,48,32,82,124,111" hai3="40,62,66,81,31,12,8,3,63,127,59,100,27"/><U20/><E122/><V109/><F48/><W43/><G3/><T70/><D75/><U117/><E117/><V134/><F124/><W68/><G127/><T131/><D125/><U11/><E35/><V21/><F21/><W10/><G100/><T73/><D73/><U34/><E34/><V110/><F134/><W90/><G8/><T102/><D70/><U5/><E113/><V114/><F114/><W37/><G37/><N who="2" m="14441" /><F71/><W6/><G90/><T15/><D39/><U4/><E41/><V51/><F51/><W33/><REACH who="3" step="1"/><G81/><REACH who="3" ten="137,147,366,340" step="2"/><T54/><D120/><U1/><E1/><V19/><F123/><W77/><G77/><T130/><D102/><U72/><E76/><N who="2" m="44311" /><F121/><W118/><G118/><T67/><D116/><U44/><E79/><V56/><F19/><W50/><G50/><T128/><D17/><U26/><E5/><V119/><F119/><W88/><G88/><T80/><D30/><U135/><E4/><V94/><F111/><W23/><G23/><T28/><D28/><U112/><E20/><V65/><F32/><W18/><G18/><T129/><D133/><U126/><E135/><V64/><F110/><W24/><G24/><T58/><N who="0" m="33280" /><DORA hai="29" /><T115/><D115/><U132/><E26/><V84/><F109/><W98/><G98/><T105/><D80/><U97/><E126/><V16/><F0/><W2/><G2/><T47/><D86/><U60/><E132/><V104/><F9/><W46/><G46/><T103/><D47/><U55/><E44/><V45/><F45/><W25/><G25/><T78/><D78/><U87/><E87/><RYUUKYOKU ba="0,1" sc="137,-10,147,-10,366,-10,340,30" hai3="6,10,12,27,31,33,40,43,59,62,63,66,68" /><INIT seed="6,1,1,1,0,71" ten="127,137,356,370" oya="2" hai0="60,39,120,93,31,74,54,100,7,135,134,33,37" hai1="124,104,125,41,121,15,19,40,20,110,3,129,94" hai2="70,109,46,101,32,130,113,43,30,53,119,127,77" hai3="49,99,12,29,82,61,112,79,27,84,63,21,81"/><V89/><F119/><W75/><G112/><T73/><D120/><U122/><E104/><V11/><F113/><W57/><G99/><N who="0" m="59503" /><D7/><U88/><E3/><V56/><F70/><W123/><G123/><N who="1" m="47114" /><E129/><V105/><F130/><W90/><G49/><T35/><D60/><U133/><E133/><N who="0" m="50697" /><D54/><U13/><E13/><V55/><F127/><N who="1" m="48713" /><E110/><V28/><F109/><W52/><G63/><T67/><D67/><U42/><E42/><V26/><F30/><W126/><G12/><T117/><D117/><U103/><E103/><V51/><F101/><W22/><G126/><T44/><D44/><U25/><E25/><V17/><F77/><W78/><G78/><T80/><D80/><U114/><E114/><V128/><F128/><W0/><G0/><T9/><D9/><U4/><E4/><V96/><F105/><W69/><G69/><T34/><D31/><U91/><E91/><V87/><F96/><AGARI ba="1,1" hai="15,19,20,40,41,88,94,96" m="48713,47114" machi="96" ten="30,3900,0" yaku="13,1,18,1,54,1" doraHai="71" who="1" fromWho="2" sc="127,0,137,52,356,-42,370,0" /><INIT seed="7,0,0,0,2,128" ten="127,189,314,370" oya="3" hai0="63,61,104,10,132,117,84,23,130,14,135,78,89" hai1="3,133,18,30,26,131,129,56,98,101,16,65,100" hai2="113,20,91,36,112,11,105,40,111,2,76,49,34" hai3="72,92,44,115,25,17,60,79,124,74,77,33,43"/><W58/><G74/><T67/><D117/><U87/><E3/><V45/><F111/><W82/><G77/><T114/><D130/><N who="1" m="49675" /><E87/><V123/><F34/><W28/><G115/><N who="2" m="44105" /><F123/><W94/><G17/><N who="1" m="6762" /><E133/><N who="0" m="51273" /><D114/><U107/><E100/><V106/><F76/><W96/><G96/><T97/><D78/><U24/><E30/><V38/><F20/><W90/><G90/><T39/><D39/><N who="2" m="14890" /><F91/><W103/><G103/><N who="0" m="62575" /><D23/><U83/><E83/><V22/><F22/><W9/><G9/><T75/><D75/><U0/><E0/><V48/><F48/><W41/><G124/><T81/><D67/><U102/><E102/><V12/><F2/><W118/><G118/><T66/><D66/><U57/><E65/><V125/><F125/><W88/><G79/><T121/><D121/><U5/><E5/><AGARI ba="0,0" hai="5,11,12,40,45,49,105,106" m="14890,44105" machi="5" ten="30,1000,0" yaku="15,1" doraHai="128" who="2" fromWho="1" sc="127,0,189,-10,314,10,370,0" /><AGARI ba="0,0" hai="5,10,14,61,63,81,84,89" m="62575,51273" machi="5" ten="30,7700,0" yaku="20,1,52,3" doraHai="128" who="0" fromWho="1" sc="127,77,179,-77,324,0,370,0" owari="204,-20.0,102,-40.0,324,12.0,370,48.0" /></mjloggm>