<mjloggm ver="2.3"><GO type="97" lobby="0"/><UN n0="%E3%81%8B%E3%81%97%E3%82%89%E3%81%82" n1="%E3%82%A6%E3%83%AB%E3%83%88%E3%83%A9%E7%AB%8B%E7%9B%B4" n2="%79%75%64%61%69%2E" n3="%65%72%65%63%74%4C%4F" dan="13,15,15,13" rate="1828.30,1978.25,1932.16,1925.14" sx="M,M,M,M"/><TAIKYOKU oya="0"/><INIT seed="0,0,0,0,1,7" ten="250,250,250,250" oya="0" hai0="38,105,93,37,91,133,61,29,59,87,102,98,2" hai1="60,103,21,63,33,107,114,35,36,74,27,126,131" hai2="127,17,71,40,89,70,67,135,13,48,116,9,92" hai3="128,5,26,79,51,129,109,86,31,11,81,25,119"/><T73/><D133/><U77/><E36/><V4/><F135/><W68/><G119/><T106/><D105/><U113/><E77/><V117/><F127/><W84/><G68/><T19/><D29/><U132/><E74/><V62/><F4/><W112/><G112/><N who="1" m="43114" /><E132/><V3/><F3/><W100/><G109/><T80/><D2/><U85/><E85/><V108/><F108/><W76/><G100/><T32/><D19/><N who="1" m="12735" /><E126/><V104/><F104/><W1/><G51/><T75/><D73/><U20/><E20/><V47/><REACH who="2" step="1"/><F71/><REACH who="2" ten="250,250,240,250" step="2"/><W57/><G1/><T12/><D32/><U42/><E33/><V118/><F118/><W41/><G5/><T55/><D12/><U90/><E35/><V49/><F49/><W82/><G31/><T65/><D65/><U14/><E107/><V78/><F78/><AGARI ba="0,1" hai="37,38,55,59,61,75,78,80,87,91,93,98,102,106" machi="78" ten="40,3900,0" yaku="24,2" doraHai="7" who="0" fromWho="2" sc="250,49,250,0,240,-39,250,0" /><INIT seed="0,1,0,0,4,91" ten="299,250,201,250" oya="0" hai0="134,8,2,62,119,125,40,70,23,104,61,55,95" hai1="27,52,5,34,42,51,100,26,11,89,66,85,116" hai2="43,94,68,121,79,86,90,72,123,120,63,14,129" hai3="132,19,54,22,127,73,20,99,126,112,93,30,69"/><T3/><D119/><U24/><E42/><V33/><F33/><W36/><G73/><T124/><D104/><U47/><E66/><V57/><F68/><W50/><G69/><T113/><D113/><U16/><E100/><V130/><F43/><W28/><G36/><T97/><D40/><U77/><E77/><V39/><F39/><W92/><G112/><T122/><D122/><U53/><E53/><V10/><F63/><W81/><G81/><T56/><D134/><U106/><E106/><V133/><F57/><W87/><G87/><T45/><D45/><U131/><E131/><N who="2" m="50187" /><F14/><W29/><G132/><T88/><D23/><U128/><E128/><V101/><F10/><W49/><G49/><T31/><D31/><U76/><E76/><V64/><F64/><W13/><G22/><T7/><D70/><U71/><E71/><V18/><F18/><W82/><G82/><T25/><D25/><U98/><E116/><V111/><F111/><W32/><G32/><T80/><D62/><U60/><E60/><V21/><F21/><W1/><G1/><T75/><D2/><U118/><E118/><V48/><F48/><W117/><G117/><T84/><REACH who="0" step="1"/><D75/><REACH who="0" ten="289,250,201,250" step="2"/><U78/><E34/><V115/><F133/><W46/><REACH who="3" step="1"/><G99/><REACH who="3" ten="289,250,201,240" step="2"/><T59/><D59/><U58/><E98/><N who="2" m="59607" /><F115/><W9/><G9/><T105/><D105/><U35/><E58/><V135/><F135/><W12/><G12/><T107/><D107/><U102/><E35/><V4/><F72/><W103/><G103/><AGARI ba="1,2" hai="3,7,8,55,56,61,80,84,88,95,97,103,124,125" machi="103" ten="40,7700,0" yaku="1,1,52,1,54,1,53,0" doraHai="91" doraHaiUra="17" who="0" fromWho="3" sc="289,100,250,0,201,0,240,-80" /><INIT seed="0,2,0,5,4,102" ten="389,250,201,160" oya="0" hai0="77,105,134,113,67,44,57,45,127,61,79,81,36" hai1="108,43,18,23,20,38,11,28,2,55,99,37,131" hai2="65,133,8,60,0,109,86,110,50,12,75,124,98" hai3="1,47,114,40,120,72,84,85,92,16,49,119,76"/><T6/><D113/><U69/><E69/><V46/><F75/><W62/><G114/><T80/><D127/><U89/><E43/><V126/><F0/><W87/><G1/><T117/><D117/><U52/><E38/><V111/><F86/><W14/><G119/><T116/><D134/><U135/><E37/><V91/><F91/><W104/><G104/><T10/><D105/><U103/><E108/><V70/><F98/><W78/><G120/><T48/><D36/><U115/><E131/><V90/><F90/><W51/><G72/><T4/><D48/><U56/><E135/><V41/><REACH who="2" step="1"/><F133/><REACH who="2" ten="389,250,191,160" step="2"/><W33/><G92/><T73/><D116/><U26/><E89/><V74/><F74/><W9/><G33/><T123/><D123/><U31/><E2/><V121/><F121/><W29/><G29/><T128/><D128/><U83/><E28/><V27/><F27/><W19/><G19/><AGARI ba="2,1" hai="8,12,19,41,46,50,60,65,70,109,110,111,124,126" machi="19" ten="40,5200,0" yaku="1,1,14,1,53,1" doraHai="102" doraHaiUra="15" who="2" fromWho="3" sc="389,0,250,0,191,68,160,-58" /><INIT seed="1,0,0,4,0,117" ten="389,250,259,102" oya="1" hai0="15,41,119,0,87,118,122,107,67,79,91,37,61" hai1="124,116,3,47,44,133,110,8,17,66,83,131,59" hai2="20,108,101,64,32,104,45,72,88,50,114,96,126" hai3="39,65,29,4,77,129,71,132,2,100,123,31,6"/><U36/><E116/><V22/><F108/><W34/><G39/><T18/><D0/><U106/><E106/><V111/><F111/><W86/><G129/><T127/><D107/><U60/><E110/><V13/><F72/><W42/><G132/><T113/><D113/><U63/><E133/><V28/><F126/><W98/><G42/><T95/><D122/><U51/><E124/><V10/><F114/><W40/><G40/><T5/><D5/><U130/><E83/><V128/><F64/><W75/><G86/><T12/><D15/><U7/><E17/><V121/><F128/><N who="1" m="49193" /><E36/><V19/><F32/><W125/><G125/><T9/><D127/><U102/><E102/><V62/><F62/><W115/><G115/><T58/><D79/><U49/><E60/><V52/><F28/><W90/><G90/><T35/><D35/><U23/><E23/><V76/><F76/><W70/><G77/><T53/><D41/><U69/><E59/><V82/><F121/><W112/><G75/><T46/><D37/><U120/><E120/><V43/><F43/><W81/><G112/><T33/><D33/><U16/><E16/><V1/><F1/><W14/><G81/><T11/><D9/><U92/><E92/><V30/><F30/><N who="3" m="11275" /><G34/><T109/><D109/><U134/><E134/><V48/><F48/><AGARI ba="0,0" hai="3,7,8,44,47,48,49,51,63,66,69" m="49193" machi="48" ten="30,1500,0" yaku="19,1" doraHai="117" who="1" fromWho="2" sc="389,0,250,15,259,-15,102,0" /><INIT seed="1,1,0,3,5,28" ten="389,265,244,102" oya="1" hai0="96,132,83,50,129,94,41,119,23,114,82,78,43" hai1="88,97,55,64,95,6,74,65,85,58,17,15,34" hai2="133,116,20,40,30,100,130,111,120,67,44,70,72" hai3="108,107,75,54,4,32,47,60,131,25,79,110,81"/><U123/><E74/><V14/><F116/><W84/><G107/><T19/><D114/><U51/><E123/><V27/><F120/><W26/><G4/><T115/><D119/><U18/><E34/><V128/><F72/><W112/><G112/><T39/><D129/><U101/><E6/><V87/><F133/><W13/><G13/><T127/><D132/><U61/><E15/><V103/><F111/><N who="3" m="42539" /><G75/><T86/><D127/><U80/><REACH who="1" step="1"/><E64/><REACH who="1" ten="389,255,244,102" step="2"/><V33/><F67/><W113/><G113/><T66/><D66/><U68/><AGARI ba="1,1" hai="17,18,51,55,58,61,65,68,80,85,88,95,97,101" machi="68" ten="20,12000,1" yaku="1,1,2,1,0,1,7,1,54,1,53,0" doraHai="28" doraHaiUra="109" who="1" fromWho="1" sc="389,-41,255,133,244,-41,102,-41" /><INIT seed="1,2,0,1,4,36" ten="348,388,203,61" oya="1" hai0="6,112,31,113,30,106,117,116,4,26,28,68,102" hai1="21,82,90,104,37,50,18,91,76,87,85,80,56" hai2="103,79,124,11,48,110,77,22,62,35,100,53,86" hai3="3,99,129,118,32,27,133,16,97,13,25,39,40"/><U108/><E37/><V105/><F105/><W67/><G3/><T134/><D68/><U83/><E104/><V122/><F35/><W51/><G39/><T78/><D106/><U15/><E108/><V20/><F122/><W59/><G118/><N who="0" m="45675" /><D78/><U17/><E17/><V92/><F62/><W109/><G109/><T94/><D94/><U69/><E69/><V63/><F63/><W73/><G73/><T23/><D102/><U24/><E24/><V42/><F42/><W58/><G67/><T126/><D126/><U45/><E56/><N who="3" m="21546" /><G32/><T52/><D52/><N who="1" m="29775" /><E76/><V34/><F34/><W71/><G71/><T1/><D1/><U121/><E121/><V84/><F124/><W127/><G127/><T29/><D134/><U114/><E114/><AGARI ba="2,0" hai="4,6,23,26,28,29,30,31,112,113,114" m="45675" machi="114" ten="40,2600,0" yaku="34,2" doraHai="36" who="0" fromWho="1" sc="348,32,388,-32,203,0,61,0" /><INIT seed="2,0,0,5,3,61" ten="380,356,203,61" oya="2" hai0="39,134,45,21,86,100,15,125,130,13,88,132,14" hai1="42,87,25,109,16,97,69,115,29,20,83,6,64" hai2="0,80,135,120,103,11,112,113,19,121,79,54,114" hai3="24,133,118,65,129,98,108,107,59,56,94,47,77"/><V111/><F54/><W96/><G118/><T17/><D100/><U40/><E109/><V18/><F103/><W52/><G108/><T60/><D39/><U117/><E115/><V48/><F48/><W3/><G3/><T106/><D106/><U127/><E117/><V26/><F111/><W28/><G107/><T33/><D33/><U70/><E127/><V27/><F80/><W126/><G126/><T8/><D125/><U93/><E6/><V72/><F79/><W102/><G77/><T92/><D130/><U66/><E29/><V4/><F72/><W32/><G98/><T55/><D8/><U67/><E69/><V22/><F135/><N who="0" m="51754" /><D45/><U35/><E35/><V38/><F38/><W89/><G133/><T82/><D82/><U116/><E116/><V68/><F68/><W71/><G129/><T36/><D36/><U119/><E70/><V49/><F49/><W23/><G32/><T10/><D10/><U122/><E122/><V58/><F58/><AGARI ba="0,0" hai="13,14,15,17,21,55,58,60,86,88,92" m="51754" machi="58" ten="30,2000,0" yaku="20,1,54,1" doraHai="61" who="0" fromWho="2" sc="380,20,356,0,203,-20,61,0" /><INIT seed="3,0,0,3,1,132" ten="400,356,183,61" oya="3" hai0="17,50,37,105,97,42,22,16,95,60,46,70,59" hai1="86,63,69,61,38,65,113,13,120,101,82,14,84" hai2="129,4,55,25,45,78,124,6,111,52,79,7,115" hai3="81,28,31,100,54,5,19,96,85,130,125,39,68"/><W118/><G68/><T49/><D105/><U108/><E38/><V21/><F115/><W110/><G118/><T102/><D70/><U112/><E120/><V20/><F129/><W89/><G130/><T74/><D74/><U3/><E3/><V66/><F66/><W127/><G39/><T40/><D42/><U43/><E43/><V94/><F111/><W126/><G110/><T12/><D17/><U128/><E108/><V1/><F1/><W93/><G5/><T76/><D76/><N who="2" m="29226" /><F124/><W114/><G114/><T2/><D2/><U122/><E82/><V98/><F45/><W90/><G54/><AGARI ba="0,0" hai="12,16,22,37,40,46,49,50,54,59,60,95,97,102" machi="54" ten="30,2000,0" yaku="7,1,54,1" doraHai="132" who="0" fromWho="3" sc="400,20,356,0,183,0,61,-20" owari="420,52.0,356,16.0,183,-22.0,41,-46.0" /></mjloggm>