<mjloggm ver="2.3"><GO type="97" lobby="0"/><UN n0="%E3%82%A6%E3%83%AB%E3%83%88%E3%83%A9%E7%AB%8B%E7%9B%B4" n1="%E3%81%97%E3%82%85%E3%82%8B" n2="%61%76%72%69%76%61%61%76" n3="%28%2A%30%2A%29" dan="15,13,14,14" rate="1998.49,1874.05,1960.46,1938.28" sx="M,M,F,M"/><TAIKYOKU oya="0"/><INIT seed="0,0,0,2,2,77" ten="250,250,250,250" oya="0" hai0="110,97,3,65,104,4,117,37,9,11,119,14,129" hai1="42,102,7,28,48,54,50,38,126,106,29,133,84" hai2="20,60,62,59,122,113,105,27,56,128,80,24,75" hai3="8,64,1,40,2,16,49,47,5,23,115,51,82"/><T46/><D129/><U130/><E38/><V36/><F122/><W90/><G115/><T118/><D65/><U66/><E130/><V124/><F113/><W63/><G49/><T21/><D97/><U88/><E106/><V116/><F128/><W17/><G1/><T74/><D104/><U0/><E66/><V43/><F124/><W44/><G44/><T39/><D74/><U12/><E0/><V15/><F105/><W35/><G35/><T114/><D114/><U71/><E71/><V73/><F116/><W78/><G90/><T26/><D46/><U99/><E126/><V86/><F15/><W112/><G23/><T31/><D39/><U101/><E99/><V95/><F95/><W52/><G40/><T121/><D37/><U79/><E79/><V109/><F36/><W123/><G112/><T18/><D121/><U135/><E42/><V30/><F43/><W67/><G67/><T87/><D87/><U120/><E120/><V92/><F92/><W34/><G34/><T57/><D57/><U58/><E48/><V132/><F132/><N who="1" m="50761" /><E12/><V72/><F109/><AGARI ba="0,0" hai="3,4,9,11,14,18,21,26,31,109,110,117,118,119" machi="109" ten="50,9600,0" yaku="34,3" doraHai="77" who="0" fromWho="2" sc="250,96,250,0,250,-96,250,0" /><INIT seed="0,1,0,5,5,66" ten="346,250,154,250" oya="0" hai0="50,110,89,119,90,84,101,32,117,57,116,82,72" hai1="55,85,21,109,30,38,93,36,58,108,5,24,8" hai2="118,29,44,47,126,10,96,40,34,74,122,18,78" hai3="6,132,1,13,11,53,62,64,25,75,120,113,65"/><T39/><D39/><U54/><E54/><V42/><F96/><W20/><G113/><T97/><D32/><U70/><E70/><V56/><F18/><W98/><G75/><T60/><D50/><U14/><E93/><V69/><F10/><W87/><G132/><T104/><D57/><U59/><E85/><V4/><F4/><W26/><G120/><T37/><D60/><U100/><E59/><V80/><F56/><N who="3" m="35087" /><G1/><T68/><D68/><U130/><E100/><V134/><F122/><W76/><G98/><T3/><D37/><U16/><E38/><N who="2" m="21527" /><F126/><W41/><G41/><T19/><D19/><U112/><E112/><V128/><F128/><W73/><G73/><T103/><D3/><U129/><E36/><N who="2" m="21959" /><F134/><W51/><G51/><T15/><D15/><N who="1" m="5519" /><E55/><V67/><F118/><W17/><G26/><T88/><D72/><U45/><E45/><V114/><F114/><W23/><G23/><T63/><D63/><U46/><E46/><V115/><F115/><W43/><G43/><T86/><D86/><U127/><E127/><V27/><F67/><W31/><G17/><T81/><D81/><AGARI ba="1,0" hai="6,11,13,20,25,31,64,65,76,81,87" m="35087" machi="81" ten="30,1000,0" yaku="8,1" doraHai="66" who="3" fromWho="0" sc="346,-13,250,0,154,0,250,13" /><INIT seed="1,0,0,4,1,18" ten="333,250,154,263" oya="1" hai0="121,125,37,106,16,81,135,72,10,39,94,9,77" hai1="22,26,53,86,17,11,61,119,100,7,120,107,43" hai2="124,68,115,69,13,63,40,93,113,134,98,57,127" hai3="133,24,131,29,45,65,117,109,0,84,122,21,47"/><U101/><E107/><V1/><F1/><W62/><G122/><T90/><D121/><U88/><E120/><V130/><F13/><W51/><G0/><T85/><D125/><N who="2" m="48202" /><F93/><W82/><G109/><T54/><D135/><U83/><E43/><V25/><F25/><W56/><G133/><T60/><D106/><U48/><E119/><V75/><F98/><W104/><G104/><T128/><D128/><U87/><E61/><V123/><F75/><W71/><G131/><T114/><D114/><N who="2" m="43530" /><F130/><W108/><G108/><T4/><D10/><U41/><E41/><V44/><F123/><W67/><G117/><T31/><D31/><U80/><E7/><V116/><F116/><W55/><G65/><T73/><D16/><N who="1" m="12615" /><E11/><V32/><F32/><W8/><G8/><T12/><D73/><U30/><E30/><V35/><F134/><W28/><REACH who="3" step="1"/><G29/><REACH who="3" ten="333,250,154,253" step="2"/><T49/><D9/><U91/><E17/><V89/><F35/><W14/><G14/><T50/><D12/><U38/><E38/><N who="2" m="21527" /><F89/><AGARI ba="0,1" hai="21,24,28,45,47,51,55,56,62,67,71,82,84,89" machi="89" ten="30,3900,0" yaku="1,1,7,1,52,1,53,0" doraHai="18" doraHaiUra="110" who="3" fromWho="2" sc="333,0,250,0,154,-39,253,49" /><INIT seed="2,0,0,2,3,83" ten="333,250,115,302" oya="2" hai0="58,63,70,108,65,87,107,53,134,112,26,43,0" hai1="95,110,37,8,88,128,100,15,77,54,111,74,29" hai2="101,49,82,10,4,103,42,28,66,57,113,94,47" hai3="59,102,106,121,7,35,104,131,52,71,125,18,72"/><V130/><F113/><W22/><G121/><T21/><D0/><U25/><E37/><V127/><F127/><W86/><G72/><T115/><D107/><U92/><E128/><V16/><F130/><W2/><G131/><T51/><D134/><U90/><E100/><V23/><F28/><W73/><G73/><T46/><D108/><U129/><E129/><V64/><F82/><W120/><G120/><T36/><D87/><U84/><E74/><V56/><F10/><W40/><G71/><T62/><D21/><U132/><E77/><V33/><F4/><W117/><G117/><T3/><D26/><U114/><E114/><V122/><F33/><W81/><G35/><T123/><D3/><U19/><E132/><V27/><F122/><W9/><G40/><T99/><D99/><U44/><E44/><V76/><F76/><W41/><G41/><T105/><D105/><U60/><E60/><N who="2" m="37895" /><F94/><W5/><G5/><T97/><D97/><U14/><E14/><V31/><F31/><W89/><G125/><T80/><D80/><U119/><E119/><V20/><F20/><W38/><G38/><T1/><D1/><U45/><E111/><V12/><F12/><W6/><G6/><T91/><D123/><U98/><E110/><V96/><F96/><W78/><G78/><T55/><D91/><U109/><E29/><V67/><F67/><W93/><G102/><T68/><D68/><U124/><E109/><V17/><F17/><W126/><G81/><T69/><D69/><U135/><E135/><V32/><F32/><W118/><G126/><T34/><D34/><RYUUKYOKU ba="0,0" sc="333,15,250,-15,115,15,302,-15" hai0="36,43,46,51,53,55,58,62,63,65,70,112,115" hai2="16,23,27,42,47,49,57,66,101,103" /><INIT seed="2,1,0,3,3,16" ten="348,235,130,287" oya="2" hai0="84,75,21,107,113,133,44,110,101,2,28,53,51" hai1="38,86,41,10,71,76,120,114,96,27,68,109,56" hai2="0,94,8,54,100,35,118,22,34,127,74,1,80" hai3="92,13,40,135,66,69,48,70,5,18,14,57,45"/><V24/><F118/><W19/><G135/><T37/><D75/><U7/><E120/><V83/><F127/><W132/><G132/><T117/><D2/><U97/><E114/><V89/><F100/><W46/><G5/><T119/><D133/><U64/><E109/><V36/><F36/><W62/><G92/><T78/><D37/><U102/><E38/><V4/><F0/><W108/><G46/><T63/><D63/><U128/><E128/><V12/><F54/><W79/><G79/><T33/><D33/><U105/><E96/><V73/><F74/><W25/><G25/><N who="0" m="16431" /><D84/><U125/><E125/><V106/><F106/><W111/><G18/><T82/><D82/><U9/><E41/><V55/><F55/><W134/><G13/><T32/><D32/><U30/><E10/><V39/><F39/><W99/><G99/><N who="0" m="61887" /><D78/><U126/><E126/><V26/><F26/><W65/><G134/><T49/><D49/><U29/><E29/><N who="2" m="19751" /><F35/><W130/><G130/><T115/><D110/><N who="3" m="42025" /><G66/><T72/><D72/><U67/><E67/><V122/><F73/><W6/><G6/><T17/><D17/><U15/><E76/><V42/><F42/><W112/><G112/><T103/><D103/><U131/><E86/><N who="2" m="52535" /><F122/><W87/><G87/><T104/><D104/><U90/><E131/><V60/><F60/><W61/><G61/><T3/><D3/><U85/><E64/><V52/><F52/><W11/><AGARI ba="1,0" hai="11,14,19,40,45,48,57,62,65,69,70" m="42025" machi="11" ten="30,1100,0" yaku="14,1" doraHai="16" who="3" fromWho="3" sc="348,-4,235,-4,130,-6,287,14" /><INIT seed="3,0,0,1,5,123" ten="344,231,124,301" oya="3" hai0="4,19,31,70,102,135,67,119,25,89,116,133,105" hai1="37,92,124,13,51,76,80,18,114,78,69,48,39" hai2="84,115,111,20,56,41,44,50,7,55,97,16,3" hai3="96,61,109,5,63,28,112,71,64,95,107,49,60"/><W58/><G112/><T17/><D4/><U22/><E69/><V72/><F115/><W8/><G107/><T9/><D67/><U27/><E114/><V52/><F72/><W23/><G109/><T99/><D70/><U57/><E124/><V77/><F55/><W104/><G104/><T134/><D89/><U65/><E39/><V120/><F120/><W74/><G74/><T12/><D19/><U94/><E37/><V40/><F40/><W68/><G68/><T43/><D43/><U131/><E131/><V132/><F132/><W86/><G71/><T0/><D0/><U15/><E76/><V62/><F97/><W82/><G49/><T66/><D66/><U87/><E51/><V98/><F98/><W29/><G29/><T81/><D81/><U129/><E129/><V10/><F84/><W83/><G83/><T121/><D121/><U42/><E42/><V45/><F45/><W88/><G28/><T14/><D14/><U110/><E110/><V127/><F77/><W113/><G113/><T46/><D46/><U79/><E79/><V21/><F127/><W100/><G23/><AGARI ba="0,0" hai="9,12,17,23,25,31,99,102,105,116,119,133,134,135" machi="23" ten="40,1300,0" yaku="20,1" doraHai="123" who="0" fromWho="3" sc="344,13,231,0,124,0,301,-13" owari="357,46.0,231,-17.0,124,-38.0,288,9.0" /></mjloggm>