<mjloggm ver="2.3"><GO type="97" lobby="0"/><UN n0="%54%61%69%6B%6B%69" n1="%E3%82%A2%E3%83%A0%E3%83%94%E3%83%88%E3%83%AA%E3%83%BC%E3%83%86" n2="%E3%81%9D%E3%81%93%E3%82%92%E5%8F%B3%E3%81%A7%E3%81%99" n3="%E3%82%A6%E3%83%AB%E3%83%88%E3%83%A9%E7%AB%8B%E7%9B%B4" dan="13,14,14,14" rate="1858.64,1868.85,1911.86,1918.27" sx="M,M,M,M"/><TAIKYOKU oya="0"/><INIT seed="0,0,0,3,0,45" ten="250,250,250,250" oya="0" hai0="19,27,24,10,72,38,22,7,109,98,74,29,11" hai1="68,122,111,123,120,15,135,56,46,133,119,99,102" hai2="128,124,44,85,2,54,28,115,53,36,134,121,48" hai3="91,14,130,12,23,73,103,13,116,127,86,49,95"/><T20/><D109/><U93/><E119/><V92/><F121/><W80/><G116/><T47/><D38/><U114/><E111/><V31/><F115/><W32/><G32/><T105/><D47/><U96/><E68/><V58/><F128/><W77/><G130/><T59/><D105/><U132/><E56/><V89/><F124/><W61/><G127/><T30/><D98/><U9/><E46/><V94/><F134/><W71/><G23/><T87/><D59/><U40/><E40/><V126/><F2/><W106/><G61/><T81/><D87/><U78/><E9/><V63/><F36/><W21/><G21/><T100/><D81/><U88/><E15/><V101/><F126/><W8/><G71/><T65/><D100/><U64/><E64/><V90/><REACH who="2" step="1"/><F101/><REACH who="2" ten="250,250,240,250" step="2"/><W107/><G103/><T41/><D72/><U34/><E114/><V52/><F52/><W35/><G8/><T6/><D74/><U118/><E120/><V42/><F42/><W66/><G66/><T70/><D41/><U37/><E122/><V16/><F16/><W117/><G117/><T50/><D65/><U0/><E37/><V3/><F3/><W125/><G125/><T18/><D70/><U51/><E0/><V75/><F75/><W129/><G129/><T69/><D69/><U104/><E123/><V33/><F33/><W97/><G35/><T4/><D4/><U17/><E34/><V83/><F83/><W62/><G73/><T26/><D26/><U5/><E17/><V60/><F60/><W43/><G62/><T55/><D55/><U57/><E5/><RYUUKYOKU ba="0,1" sc="250,10,250,-30,240,10,250,10" hai0="6,7,10,11,18,19,20,22,24,27,29,30,50" hai2="28,31,44,48,53,54,58,63,85,89,90,92,94" hai3="12,13,14,43,49,77,80,86,91,95,97,106,107" /><INIT seed="0,1,1,4,1,21" ten="260,220,250,260" oya="0" hai0="112,84,50,94,26,95,87,59,9,69,1,118,68" hai1="79,128,57,65,14,61,121,75,15,54,80,36,30" hai2="81,8,102,2,72,93,6,38,85,113,3,66,10" hai3="63,29,125,64,52,104,5,0,70,122,116,41,40"/><T24/><D118/><U90/><E121/><V105/><F113/><W91/><G104/><T111/><D112/><U60/><E36/><V82/><F66/><W86/><G116/><T78/><D78/><U106/><E106/><V92/><F38/><W126/><G122/><T109/><D1/><U25/><E90/><V51/><F51/><W101/><G101/><T16/><D9/><U88/><E88/><V134/><F134/><W11/><G29/><T58/><D50/><U115/><E115/><V4/><F72/><W47/><G52/><T96/><D96/><U97/><E97/><V83/><F85/><W108/><G108/><T76/><D76/><U100/><E128/><V123/><F123/><W35/><G35/><T135/><D135/><U56/><REACH who="1" step="1"/><E100/><REACH who="1" ten="260,210,250,260" step="2"/><V34/><F105/><W62/><G91/><T18/><AGARI ba="1,2" hai="16,18,24,26,58,59,68,69,84,87,94,95,109,111" machi="18" ten="25,18000,2" yaku="0,1,22,2,52,2,54,1" doraHai="21" who="0" fromWho="0" sc="260,203,210,-61,250,-61,260,-61" /><INIT seed="0,2,0,4,3,93" ten="463,149,189,199" oya="0" hai0="119,126,101,14,108,62,36,112,37,19,54,115,40" hai1="8,123,35,107,4,67,121,63,73,23,77,117,41" hai2="106,91,133,94,68,80,100,89,13,1,125,7,29" hai3="129,82,49,43,42,131,32,31,75,116,69,113,84"/><T26/><D101/><U95/><E117/><V96/><F68/><W27/><G69/><T134/><D26/><U21/><E21/><V104/><F29/><W90/><G113/><T59/><D14/><U86/><E35/><V135/><F1/><W58/><G75/><T60/><D19/><U118/><E107/><N who="2" m="41003" /><F13/><W0/><G0/><T50/><D119/><U3/><E118/><V74/><F7/><W122/><G122/><T48/><D126/><U72/><E23/><V6/><F6/><W2/><G2/><T20/><D20/><U30/><E30/><V103/><F125/><W47/><G116/><T98/><D98/><U5/><E5/><V128/><F128/><N who="3" m="49227" /><G58/><T64/><D134/><N who="2" m="51210" /><F103/><W28/><G28/><T44/><D108/><U38/><E38/><V18/><F18/><W70/><G70/><T114/><D36/><U25/><E3/><V110/><F110/><W99/><G99/><T46/><D60/><U92/><E63/><V16/><F16/><W109/><G109/><T10/><D10/><U33/><E8/><V52/><F52/><AGARI ba="2,0" hai="27,31,32,42,43,47,49,52,82,84,90" m="49227" machi="52" ten="30,2000,0" yaku="19,1,54,1" doraHai="93" who="3" fromWho="2" sc="463,0,149,0,189,-26,199,26" /><INIT seed="1,0,0,4,4,126" ten="463,149,163,225" oya="1" hai0="13,34,122,23,25,0,67,108,116,125,87,35,32" hai1="7,69,62,52,19,134,22,133,100,8,76,57,112" hai2="40,124,6,55,79,37,114,27,28,15,106,117,41" hai3="90,31,74,75,105,60,58,51,9,118,93,71,72"/><U128/><E112/><V36/><F114/><W66/><G105/><T56/><D0/><U46/><E100/><V86/><F117/><W132/><G118/><T89/><D116/><U83/><E69/><V103/><F124/><W53/><G132/><N who="1" m="50794" /><E46/><V11/><F55/><W5/><G31/><T130/><D125/><U1/><E19/><V123/><F123/><W29/><G29/><T94/><D108/><U17/><E17/><V98/><F86/><W21/><G21/><T24/><D122/><U48/><E22/><V26/><F79/><W102/><G102/><T120/><D120/><U107/><E107/><V10/><F10/><W131/><G9/><T99/><D13/><U18/><E18/><V82/><F82/><W70/><G5/><T54/><D67/><U43/><E43/><V16/><F6/><W81/><G71/><T111/><D111/><U96/><E96/><V33/><REACH who="2" step="1"/><F26/><REACH who="2" ten="463,149,153,225" step="2"/><W101/><G81/><T80/><D25/><U30/><E83/><V104/><F104/><W3/><G75/><T73/><D73/><U77/><E76/><V91/><F91/><W12/><G90/><T39/><D80/><U129/><E77/><V97/><F97/><W14/><G74/><T42/><D87/><U115/><E115/><V68/><F68/><W113/><G72/><T78/><D78/><U44/><E30/><V65/><F65/><W135/><G66/><T47/><D24/><U109/><E109/><V64/><F64/><W63/><G70/><T85/><D85/><U45/><E62/><V38/><AGARI ba="0,1" hai="11,15,16,27,28,33,36,37,38,40,41,98,103,106" machi="38" ten="30,7900,0" yaku="1,1,0,1,54,1,53,1" doraHai="126" doraHaiUra="20" who="2" fromWho="2" sc="463,-20,149,-39,153,89,225,-20" /><INIT seed="2,0,0,4,1,60" ten="443,110,242,205" oya="2" hai0="4,10,80,16,133,46,108,96,120,30,29,12,119" hai1="116,44,102,135,22,83,13,91,103,21,124,105,50" hai2="73,45,127,25,56,6,17,98,76,14,67,18,77" hai3="2,7,88,40,62,132,52,58,85,75,36,131,32"/><V49/><F127/><W33/><G75/><T26/><D120/><U87/><E124/><V111/><F98/><W89/><G131/><T61/><D108/><U55/><E135/><V0/><F0/><W42/><G132/><T99/><D133/><U5/><E116/><V64/><F111/><W9/><G33/><T43/><D119/><U8/><E105/><V19/><F73/><W112/><G32/><T104/><D80/><U118/><E118/><V82/><F25/><W27/><G112/><T28/><D61/><U66/><E66/><N who="2" m="25131" /><F56/><W86/><G36/><T123/><D123/><U101/><AGARI ba="0,0" hai="5,8,13,21,22,44,50,55,83,87,91,101,102,103" machi="101" ten="30,2000,0" yaku="0,1,8,1" doraHai="60" who="1" fromWho="1" sc="443,-5,110,20,242,-10,205,-5" /><INIT seed="3,0,0,3,2,44" ten="438,130,232,200" oya="3" hai0="40,16,23,70,135,101,33,55,134,99,7,47,63" hai1="32,106,89,22,66,60,2,129,6,31,120,128,119" hai2="61,73,13,11,72,113,104,12,42,81,90,83,37" hai3="15,96,132,54,3,105,94,93,58,24,118,95,4"/><W78/><G3/><T39/><D33/><U30/><E120/><V0/><F113/><W121/><G132/><N who="0" m="50731" /><D7/><U107/><E119/><V80/><F104/><W131/><G131/><T110/><D110/><U84/><E32/><V85/><F0/><W10/><G105/><T68/><D63/><U51/><E128/><V8/><F61/><W82/><G24/><N who="0" m="14439" /><D55/><U67/><E129/><V34/><F34/><W18/><G4/><T57/><D57/><U46/><E67/><V62/><F62/><W27/><G27/><T112/><D112/><U124/><E124/><V127/><F127/><W38/><G38/><T115/><D115/><U36/><E36/><V122/><F122/><W117/><G121/><T50/><D39/><U87/><E87/><V14/><F37/><W64/><G64/><T133/><D133/><U53/><E6/><V98/><F42/><W19/><G19/><T91/><D91/><U125/><E125/><V111/><F111/><W103/><G117/><T71/><D71/><U20/><E2/><V109/><F109/><W114/><G114/><T29/><D29/><U17/><E20/><V5/><F98/><W86/><REACH who="3" step="1"/><G118/><REACH who="3" ten="438,130,232,190" step="2"/><T48/><D70/><U28/><E17/><V1/><F8/><W59/><G59/><T52/><D68/><U75/><E22/><V26/><F26/><W41/><G41/><T69/><D69/><U43/><E43/><V116/><F116/><W126/><G126/><T74/><D40/><U97/><E107/><V21/><F11/><W130/><G130/><T56/><D56/><U123/><E106/><V102/><F5/><RYUUKYOKU ba="0,1" sc="438,-10,130,-10,232,-10,190,30" hai3="10,15,18,54,58,78,82,86,93,94,95,96,103" /><INIT seed="3,1,1,2,2,82" ten="428,120,222,220" oya="3" hai0="90,122,70,44,81,16,41,3,112,39,55,48,109" hai1="49,5,105,34,115,102,71,113,54,18,119,120,22" hai2="87,92,95,101,68,9,118,2,62,104,108,128,57" hai3="53,31,61,123,129,74,19,45,107,98,26,97,7"/><W77/><G123/><T111/><D122/><U23/><E120/><V116/><F108/><N who="0" m="41546" /><D112/><U80/><E119/><V117/><F68/><W88/><G107/><T12/><D3/><U131/><E131/><V14/><F128/><W78/><G74/><T72/><D70/><U60/><E34/><V50/><F2/><W69/><G69/><T24/><D24/><U79/><E5/><V1/><F1/><W91/><G31/><T30/><D30/><U66/><E22/><V110/><F110/><W76/><G7/><T75/><D81/><U38/><E102/><V59/><F50/><N who="3" m="28879" /><G61/><T63/><D90/><N who="3" m="34345" /><G129/><T106/><D63/><U125/><E105/><V121/><F87/><W100/><G100/><T11/><D106/><U132/><E38/><V0/><F121/><W33/><G33/><T96/><D96/><U52/><E125/><V73/><F73/><W124/><G124/><T35/><D35/><U130/><E130/><V46/><F0/><W32/><G32/><T99/><D99/><U93/><E93/><N who="2" m="35915" /><F101/><W13/><G26/><T25/><D25/><U6/><E6/><N who="2" m="3383" /><F104/><W40/><G40/><T134/><D134/><U37/><E132/><V89/><F89/><W94/><G94/><T8/><D8/><AGARI ba="1,1" hai="8,13,19,76,77,78,97,98" m="34345,28879" machi="8" ten="30,2900,0" yaku="8,1,54,1" doraHai="82" who="3" fromWho="0" sc="428,-32,120,0,222,0,220,42" /><INIT seed="3,2,0,1,3,15" ten="396,120,222,262" oya="3" hai0="116,83,92,133,129,44,2,111,75,20,86,120,93" hai1="69,103,1,132,18,81,53,51,47,123,5,128,31" hai2="45,80,30,58,134,50,54,68,97,32,25,64,101" hai3="63,135,3,36,17,121,61,114,4,49,12,113,124"/><W119/><G36/><T109/><D2/><U77/><E69/><V104/><F134/><W42/><G121/><T73/><D44/><U108/><E132/><V34/><F80/><W131/><G135/><T52/><D133/><U57/><E123/><V100/><F100/><W96/><G119/><T9/><D9/><U7/><E108/><N who="0" m="41545" /><D116/><U117/><E128/><V72/><F72/><W95/><G3/><T16/><D120/><U126/><E117/><V79/><F79/><W105/><G105/><T84/><D129/><U55/><E126/><V78/><F78/><W33/><G33/><T13/><D52/><U37/><E31/><V87/><F34/><W74/><G74/><N who="0" m="28171" /><D84/><U48/><E1/><V102/><F102/><N who="3" m="60703" /><G4/><T98/><D98/><U115/><E115/><V62/><REACH who="2" step="1"/><F87/><REACH who="2" ten="396,120,212,262" step="2"/><W122/><G122/><T29/><D86/><U127/><E103/><V110/><F110/><W6/><G131/><T56/><D83/><U10/><E127/><V82/><F82/><W46/><G124/><T91/><D91/><U14/><REACH who="1" step="1"/><E37/><REACH who="1" ten="396,110,212,262" step="2"/><V85/><F85/><AGARI ba="2,2" hai="5,7,10,14,18,47,48,51,53,55,57,77,81,85" machi="85" ten="30,12000,2" yaku="1,1,2,1,7,1,8,1,52,1,53,1" doraHai="15" doraHaiUra="40" who="1" fromWho="2" sc="396,0,110,146,212,-126,262,0" owari="396,49.0,256,-14.0,86,-41.0,262,6.0" /></mjloggm>