<mjloggm ver="2.3"><GO type="169" lobby="0"/><UN n0="%E3%82%A6%E3%83%AB%E3%83%88%E3%83%A9%E7%AB%8B%E7%9B%B4" n1="%E3%81%8F%E3%83%BC%E3%82%84" n2="%73%68%61%72" n3="%E3%81%99%E3%81%9F%E3%83%BC%E3%82%89%E3%81%84%E3%81%A8%E3%81%B3%E3%83%BC" dan="17,16,18,16" rate="2119.14,2128.51,2212.78,2175.16" sx="M,M,M,M"/><TAIKYOKU oya="0"/><INIT seed="0,0,0,5,0,55" ten="250,250,250,250" oya="0" hai0="23,87,31,18,90,12,33,25,71,113,123,46,52" hai1="103,29,96,67,30,64,27,118,5,128,19,53,129" hai2="34,124,13,131,109,119,54,111,74,94,126,117,112" hai3="115,32,79,81,62,85,39,50,7,44,37,116,41"/><T92/><D71/><U88/><E118/><N who="2" m="45067" /><F74/><W45/><G115/><T122/><D113/><U6/><E19/><V36/><F112/><W60/><G32/><T24/><D24/><U40/><E40/><V89/><F34/><W120/><G120/><T58/><REACH who="0" step="1"/><D46/><REACH who="0" ten="240,250,250,250" step="2"/><U68/><E27/><V65/><F124/><W99/><G116/><T133/><D133/><U59/><E129/><V135/><F126/><W132/><G132/><T38/><D38/><U121/><E128/><V57/><F36/><W70/><G39/><T35/><D35/><U42/><E68/><V78/><F131/><W11/><G70/><T69/><D69/><U43/><E121/><V105/><F135/><W93/><G44/><T100/><D100/><U102/><E102/><V3/><F111/><W77/><G37/><T51/><AGARI ba="0,1" hai="12,18,23,25,31,33,51,52,58,87,90,92,122,123" machi="51" ten="20,24000,3" yaku="1,1,0,1,7,1,25,2,52,1,54,1,53,1" doraHai="55" doraHaiUra="21" who="0" fromWho="0" sc="240,250,250,-80,250,-80,250,-80" /><INIT seed="0,1,0,5,3,121" ten="490,170,170,170" oya="0" hai0="101,69,10,5,52,115,95,86,22,36,42,134,57" hai1="110,53,23,76,90,37,94,127,13,99,72,104,43" hai2="67,105,58,106,102,91,9,82,78,35,89,0,51" hai3="73,129,8,45,3,28,132,7,31,50,44,2,71"/><T32/><D32/><U60/><E127/><V4/><F35/><W113/><G113/><T63/><D115/><U133/><E133/><V93/><F102/><W62/><G132/><T34/><D34/><U100/><E37/><V119/><F119/><W96/><G2/><T25/><D69/><U75/><E43/><V83/><F83/><W68/><G73/><T46/><D134/><U64/><E53/><V39/><F39/><W40/><G129/><T81/><D95/><U116/><E116/><V80/><F80/><W65/><G71/><T1/><D101/><U14/><E23/><V97/><F91/><W92/><REACH who="3" step="1"/><G45/><REACH who="3" ten="490,170,170,160" step="2"/><T12/><D1/><U126/><E75/><V125/><F125/><W16/><G16/><T84/><D81/><U59/><E126/><V30/><F30/><AGARI ba="1,1" hai="5,10,12,22,25,30,36,42,46,52,57,63,84,86" machi="30" ten="30,2900,0" yaku="7,1,54,1" doraHai="121" who="0" fromWho="2" sc="490,42,170,0,170,-32,160,0" /><INIT seed="0,2,0,4,3,13" ten="532,170,138,160" oya="0" hai0="39,32,82,42,99,57,1,7,111,94,118,133,125" hai1="30,55,66,73,92,75,90,9,116,0,12,132,50" hai2="85,124,107,115,119,22,86,93,130,95,2,3,67" hai3="58,120,27,87,76,108,127,72,21,52,123,122,11"/><T68/><D68/><U96/><E0/><V91/><F115/><W121/><G108/><T105/><D32/><U31/><E116/><V54/><F107/><W37/><G37/><T84/><D105/><U33/><E132/><V79/><F67/><W109/><G109/><T40/><D7/><U25/><E66/><V28/><F119/><W61/><G127/><T78/><D1/><U46/><REACH who="1" step="1"/><E31/><REACH who="1" ten="532,160,138,160" step="2"/><V41/><F28/><W80/><G123/><T60/><D133/><U103/><E103/><V16/><F2/><W65/><G65/><T126/><D118/><U112/><E112/><V34/><F3/><W15/><G122/><T53/><D111/><U17/><AGARI ba="2,1" hai="9,12,17,25,30,33,46,50,55,73,75,90,92,96" machi="17" ten="20,5200,0" yaku="1,1,0,1,7,1,52,1,53,0" doraHai="13" doraHaiUra="36" who="1" fromWho="1" sc="532,-28,160,68,138,-15,160,-15" /><INIT seed="1,0,0,5,4,47" ten="504,228,123,145" oya="1" hai0="43,122,69,73,125,130,119,64,123,134,63,3,11" hai1="118,80,53,74,100,92,39,83,34,84,76,117,65" hai2="88,75,133,61,82,19,108,16,22,13,38,12,56" hai3="14,72,41,44,68,109,86,45,31,77,116,70,33"/><U54/><E34/><V132/><F38/><W120/><G120/><T114/><D11/><U113/><E39/><V78/><F108/><W81/><G109/><T89/><D89/><U87/><E65/><V15/><F88/><W55/><G116/><T101/><D101/><U48/><E113/><V9/><REACH who="2" step="1"/><F15/><REACH who="2" ten="504,228,113,145" step="2"/><W90/><G14/><T91/><D91/><U124/><E124/><V135/><F135/><W102/><G102/><T2/><D122/><U37/><E37/><V131/><F131/><W7/><G90/><T21/><D123/><U128/><E128/><V71/><F71/><W62/><G70/><T5/><D69/><U103/><E76/><V126/><F126/><W99/><G68/><T25/><D125/><U105/><E105/><V49/><F49/><W42/><G99/><T50/><D134/><U110/><E110/><V28/><F28/><W67/><G31/><T40/><D50/><U97/><E48/><V60/><F60/><W51/><G62/><T10/><D63/><U35/><E97/><V127/><F127/><W23/><G51/><T115/><D130/><U111/><E111/><V107/><F107/><W32/><G77/><T18/><D115/><U94/><E35/><V93/><F93/><W0/><G33/><T66/><D114/><U96/><E96/><V1/><F1/><W36/><G32/><T6/><D2/><U27/><E27/><V24/><F24/><W112/><G112/><T29/><D25/><U79/><E79/><V95/><F95/><W26/><G26/><N who="0" m="14647" /><D3/><U4/><E4/><V20/><F20/><W57/><G7/><RYUUKYOKU ba="0,1" sc="504,-15,228,15,113,15,145,-15" hai1="53,54,74,80,83,84,87,92,94,100,103,117,118" hai2="9,12,13,16,19,22,56,61,75,78,82,132,133" /><INIT seed="1,1,1,5,3,10" ten="489,243,128,130" oya="1" hai0="40,41,2,42,95,90,18,93,122,34,124,27,73" hai1="135,46,35,26,83,37,86,103,66,7,78,15,14" hai2="4,129,109,123,127,70,36,17,75,5,133,6,48" hai3="0,71,98,92,59,38,121,88,61,76,91,24,51"/><U60/><E135/><V101/><F36/><W107/><G38/><T23/><D2/><U39/><E7/><V110/><F123/><W99/><G0/><T102/><D73/><U80/><E39/><V57/><F70/><W112/><G112/><T33/><D124/><U115/><E115/><V58/><F75/><W52/><G76/><T106/><D106/><U9/><E9/><V114/><F114/><W87/><G121/><T22/><D34/><U125/><E125/><V47/><F127/><W50/><G71/><T108/><D33/><U25/><E37/><V82/><F133/><W128/><G128/><T111/><D122/><U132/><E46/><V62/><F129/><W77/><G77/><T44/><D44/><U94/><E132/><V119/><F119/><W21/><G99/><N who="0" m="59775" /><D111/><N who="2" m="42506" /><F101/><W74/><G74/><T97/><D108/><U19/><E35/><V113/><F113/><W30/><G107/><T32/><D32/><U29/><E29/><V16/><F82/><AGARI ba="1,1" hai="21,24,30,50,51,52,59,61,82,87,88,91,92,98" machi="82" ten="30,7700,0" yaku="7,1,8,1,54,2" doraHai="10" who="3" fromWho="2" sc="489,0,243,0,128,-80,130,90" /><INIT seed="2,0,0,1,0,66" ten="489,243,48,220" oya="2" hai0="82,5,99,69,35,116,119,22,75,88,93,125,128" hai1="1,115,41,31,6,60,86,87,90,94,76,103,30" hai2="135,71,134,38,19,56,98,120,64,53,131,13,102" hai3="105,132,127,133,129,9,14,101,72,51,62,110,8"/><V84/><F120/><W117/><G117/><N who="0" m="45131" /><D35/><U46/><E115/><V28/><F38/><W11/><G72/><T77/><D125/><U20/><E103/><V23/><F28/><W33/><G33/><T68/><D128/><U10/><E60/><V81/><F131/><W32/><G32/><T78/><D5/><U54/><E54/><V12/><F12/><W112/><G62/><T3/><D3/><U57/><E57/><V49/><F64/><W15/><G15/><T2/><D2/><U29/><E76/><V36/><F36/><W122/><G51/><T83/><D22/><U17/><E87/><AGARI ba="0,0" hai="68,69,75,77,78,82,83,87,88,93,99" m="45131" machi="87" ten="30,7700,0" yaku="12,1,52,2,54,1" doraHai="66" who="0" fromWho="1" sc="489,77,243,-77,48,0,220,0" /><INIT seed="3,0,0,3,3,74" ten="566,166,48,220" oya="3" hai0="57,43,114,126,63,97,39,33,16,45,121,81,17" hai1="29,111,56,49,72,101,96,131,6,116,90,59,117" hai2="103,37,25,5,35,44,71,118,94,23,120,54,79" hai3="87,12,88,46,112,3,86,58,75,68,51,21,102"/><W67/><G3/><T7/><D33/><U31/><E72/><V125/><F118/><N who="1" m="45673" /><E111/><V113/><F113/><W80/><G68/><T9/><D126/><U40/><E131/><V48/><F35/><W62/><G102/><T110/><D110/><U91/><E6/><V70/><F37/><W134/><G134/><T28/><D28/><N who="1" m="10827" /><E40/><V122/><F5/><W89/><G75/><T115/><D97/><U77/><E77/><V66/><F125/><W0/><G0/><N who="0" m="231" /><D81/><U124/><E124/><V2/><F2/><W47/><G112/><N who="0" m="43051" /><D121/><N who="2" m="46698" /><F66/><AGARI ba="0,0" hai="16,17,39,43,45,57,63,66" m="43051,231" machi="66" ten="30,2000,0" yaku="11,1,54,1" doraHai="74" who="0" fromWho="2" sc="566,20,166,0,48,-20,220,0" /><INIT seed="4,0,0,5,0,109" ten="586,166,28,220" oya="0" hai0="39,41,81,94,20,85,101,67,57,31,118,72,102" hai1="105,64,22,77,9,26,28,38,24,53,61,36,15" hai2="129,83,95,96,30,130,50,131,0,8,3,17,60" hai3="88,70,134,33,108,135,74,75,62,21,93,11,2"/><T23/><D72/><U125/><E105/><V18/><F30/><W97/><G33/><T84/><D118/><U65/><E125/><V56/><F50/><W122/><G108/><T29/><D41/><U42/><E77/><V127/><F83/><W103/><G122/><T133/><D39/><U6/><E53/><V10/><F127/><W52/><G21/><T92/><D133/><U76/><E76/><V115/><F115/><W120/><G120/><T45/><D45/><U12/><E12/><V116/><F116/><W107/><G11/><T114/><D114/><U124/><E124/><V111/><F111/><W82/><G2/><T5/><D5/><U113/><E113/><V68/><F68/><W126/><G126/><T123/><D123/><U100/><E100/><V128/><N who="2" m="33280" /><DORA hai="86" /><V25/><F25/><W37/><G37/><T40/><D40/><U91/><E91/><N who="2" m="55423" /><F10/><W69/><G69/><T34/><D34/><U119/><E119/><V49/><F49/><W117/><G70/><T32/><D32/><U80/><E80/><V48/><F48/><W19/><G82/><T58/><D81/><U121/><E121/><V43/><F43/><W7/><G117/><T89/><D89/><U87/><E42/><V55/><F8/><W104/><G74/><T14/><D14/><U47/><E38/><V110/><F110/><W44/><G75/><T79/><D79/><U35/><E26/><V99/><F99/><W98/><G98/><T27/><D27/><U78/><E24/><V51/><F51/><W66/><G97/><T132/><D132/><U4/><E36/><RYUUKYOKU ba="0,0" sc="586,15,166,-15,28,15,220,-15" hai0="20,23,29,31,57,58,67,84,85,92,94,101,102" hai2="0,3,17,18,55,56,60" /><INIT seed="4,1,0,3,2,23" ten="601,151,43,205" oya="0" hai0="119,59,99,36,51,2,84,7,58,37,132,82,1" hai1="123,62,127,68,114,121,57,48,12,105,41,120,70" hai2="131,22,90,15,43,28,60,29,8,64,33,19,133" hai3="21,16,101,17,50,126,83,125,111,89,55,128,65"/><T11/><D119/><U116/><E105/><V10/><F33/><W108/><G128/><T115/><D2/><U46/><E12/><V63/><F131/><W4/><G4/><T79/><D132/><U27/><E27/><N who="2" m="14815" /><F133/><W3/><G65/><T34/><D34/><U130/><E116/><V80/><F43/><W35/><G17/><T20/><D115/><U44/><E130/><V124/><F124/><W69/><G101/><T40/><D59/><U95/><E95/><V134/><F134/><W135/><G35/><T86/><D86/><U53/><E127/><N who="3" m="48650" /><G69/><T92/><D20/><U113/><REACH who="1" step="1"/><E46/><REACH who="1" ten="601,141,43,205" step="2"/><V109/><F109/><W103/><G135/><T106/><D106/><U98/><E98/><V97/><F97/><W39/><G3/><T54/><D92/><U81/><E81/><V72/><F15/><W32/><G83/><T13/><D99/><U73/><E73/><V107/><F107/><W30/><G108/><T75/><D75/><U91/><E91/><V71/><F72/><W78/><G89/><T112/><D1/><U102/><E102/><V87/><F8/><W118/><G103/><T9/><D9/><U14/><E14/><V49/><F10/><W61/><G111/><T77/><D77/><U52/><E52/><V94/><F80/><W96/><G55/><T0/><D0/><U104/><E104/><V100/><F100/><W66/><G118/><T67/><D67/><U85/><E85/><V117/><F117/><W122/><G66/><T45/><D112/><AGARI ba="1,1" hai="41,44,48,53,57,62,68,70,112,113,114,120,121,123" machi="112" ten="50,12000,2" yaku="1,1,15,1,11,1,34,3,53,0" doraHai="23" doraHaiUra="6" who="1" fromWho="0" sc="601,-123,141,133,43,0,205,0" /><INIT seed="5,0,0,5,2,2" ten="478,274,43,205" oya="1" hai0="128,126,5,91,127,131,133,14,16,95,24,50,108" hai1="115,43,25,52,65,88,20,59,4,97,118,17,102" hai2="18,106,132,123,86,31,93,119,41,36,66,28,35" hai3="9,89,7,110,105,42,40,80,1,112,6,67,44"/><U46/><E118/><V55/><F119/><W38/><G105/><T130/><D108/><U82/><E65/><V117/><F117/><W22/><G112/><T53/><D24/><U8/><E115/><V60/><F106/><W34/><G34/><T83/><D83/><U61/><E82/><V135/><F123/><W87/><G67/><T56/><D5/><U81/><E81/><V124/><F55/><W125/><G125/><T104/><D104/><U33/><E33/><V73/><F73/><W45/><G22/><N who="0" m="11543" /><D133/><N who="2" m="51274" /><F124/><W27/><G27/><T120/><D120/><U26/><E26/><V63/><F18/><W116/><G116/><T15/><D15/><U70/><E70/><N who="2" m="42311" /><F63/><W113/><G113/><T68/><D68/><U58/><E58/><V32/><F32/><W13/><G1/><T98/><AGARI ba="0,0" hai="50,53,56,91,95,98,126,127,128,130,131" m="11543" machi="98" ten="40,2700,0" yaku="19,1,54,1" doraHai="2" who="0" fromWho="0" sc="478,27,274,-13,43,-7,205,-7" /><INIT seed="6,0,0,3,1,40" ten="505,261,36,198" oya="2" hai0="117,57,20,42,99,97,113,70,88,50,73,78,49" hai1="74,32,133,123,14,135,107,91,36,134,80,41,85" hai2="10,35,31,63,100,47,46,61,75,23,95,39,33" hai3="7,45,65,43,1,54,25,96,116,56,127,15,64"/><V17/><F75/><W92/><G1/><T118/><D70/><U94/><E32/><V109/><F39/><W60/><G127/><T84/><D113/><U55/><E55/><V0/><F35/><W130/><G130/><T48/><D78/><U128/><E14/><N who="2" m="7383" /><F33/><W29/><G116/><T22/><D73/><U28/><E28/><V8/><F8/><N who="3" m="4511" /><G25/><T2/><D57/><U72/><E41/><V110/><F0/><W89/><G29/><T21/><D42/><U82/><E36/><V9/><F9/><W87/><G87/><T125/><D125/><U77/><E128/><V34/><F34/><W5/><G5/><T26/><D26/><U111/><E111/><N who="2" m="42507" /><F23/><W101/><G101/><T67/><D2/><U90/><E123/><V108/><N who="2" m="42515" /><V104/><DORA hai="62" /><F104/><W98/><G98/><T12/><D99/><U4/><E4/><V58/><F31/><W18/><G18/><T119/><D12/><U115/><E115/><V71/><F71/><W59/><G59/><T112/><D112/><U105/><E72/><V53/><F63/><W38/><G38/><T24/><D24/><U76/><E76/><V103/><F95/><W27/><G27/><T37/><D37/><U3/><E3/><V83/><F83/><W126/><G126/><T131/><D131/><U69/><E69/><V51/><F61/><W124/><G124/><T30/><D30/><U66/><E107/><V86/><F86/><W44/><G43/><T129/><D129/><U114/><E105/><V120/><F120/><W121/><G121/><T19/><D84/><N who="1" m="52583" /><E114/><V122/><F122/><RYUUKYOKU ba="0,0" sc="505,-30,261,10,36,10,198,10" hai1="66,74,77,80,82,85,90,133,134,135" hai2="46,47,51,53,58,100,103" hai3="44,45,54,56,60,64,65,89,92,96" /><INIT seed="6,1,0,5,1,80" ten="475,271,46,208" oya="2" hai0="46,38,17,85,118,16,24,2,11,19,34,30,121" hai1="33,115,76,126,57,8,13,94,41,45,73,71,92" hai2="9,56,101,68,129,131,62,98,112,1,47,97,67" hai3="84,77,28,15,91,22,59,35,20,52,134,65,7"/><V125/><F112/><W74/><G74/><T63/><D63/><U69/><E33/><V14/><F1/><W90/><G35/><T54/><D54/><U51/><E115/><V81/><F125/><W61/><G134/><T103/><D103/><U75/><E126/><V106/><F47/><W133/><G133/><T119/><D85/><U0/><E0/><V72/><F98/><W3/><G3/><T23/><D46/><U99/><E94/><V108/><F108/><W128/><G128/><T83/><D83/><U123/><E123/><V32/><F32/><W49/><G77/><T89/><D89/><U78/><E75/><V27/><F27/><W124/><G124/><T55/><D55/><U48/><E73/><V96/><F96/><W42/><G42/><T44/><D44/><U31/><E31/><V58/><F81/><N who="3" m="49423" /><G91/><T102/><D102/><U110/><E110/><V43/><F43/><W104/><G28/><T113/><D38/><U60/><E51/><V53/><F72/><W114/><G114/><T100/><D100/><N who="1" m="60519" /><E69/><V39/><F39/><W36/><G104/><T79/><D79/><U5/><E71/><V64/><F64/><AGARI ba="1,0" hai="5,8,13,41,45,48,57,60,64,76,78" m="60519" machi="64" ten="30,1000,0" yaku="8,1" doraHai="80" who="1" fromWho="2" sc="475,0,271,13,46,-13,208,0" /><INIT seed="7,0,0,5,1,64" ten="475,284,33,208" oya="3" hai0="121,58,83,108,122,14,82,111,23,27,78,16,70" hai1="36,7,2,29,107,28,96,5,61,85,135,68,113" hai2="128,34,72,105,130,40,56,75,15,46,93,22,79" hai3="94,33,73,101,99,124,24,31,129,1,57,77,67"/><W59/><G1/><T104/><D70/><U52/><E135/><V32/><F105/><W102/><G129/><T65/><D104/><U116/><E116/><V88/><F56/><W133/><G133/><T55/><D65/><U132/><E132/><V51/><F79/><W35/><G124/><T47/><D47/><U110/><E36/><V4/><F75/><W76/><G102/><T54/><D54/><U66/><E110/><V18/><F72/><W43/><G43/><T30/><D83/><U114/><E85/><V123/><F123/><W118/><G118/><T9/><D111/><U69/><E69/><V89/><F4/><W13/><G13/><T126/><D126/><U62/><E96/><V0/><F0/><W60/><G59/><T112/><D112/><N who="1" m="43115" /><E107/><V38/><F38/><W125/><G125/><T131/><D131/><U63/><E2/><V19/><F130/><W21/><G73/><T42/><D42/><U20/><E68/><V50/><F128/><W106/><G106/><T17/><D30/><N who="1" m="11883" /><E20/><V87/><F51/><W53/><G53/><T81/><D81/><U84/><E52/><V120/><F120/><W25/><G25/><T11/><D11/><U26/><E26/><V48/><F48/><W109/><G109/><T74/><D108/><U10/><E66/><V6/><F6/><N who="1" m="2057" /><E10/><V98/><REACH who="2" step="1"/><F19/><REACH who="2" ten="475,284,23,208" step="2"/><W80/><G77/><T3/><D3/><U45/><E45/><V49/><F49/><AGARI ba="0,1" hai="9,14,16,17,23,27,49,55,58,74,78,82,121,122" machi="49" ten="30,2000,0" yaku="7,1,54,1" doraHai="64" who="0" fromWho="2" sc="475,30,284,0,23,-20,208,0" owari="505,61.0,284,8.0,3,-50.0,208,-19.0" /></mjloggm>