<mjloggm ver="2.3"><GO type="97" lobby="0"/><UN n0="%73%61%76%65%69" n1="%73%61%72%61%7A%6F" n2="%E3%82%A6%E3%83%AB%E3%83%88%E3%83%A9%E7%AB%8B%E7%9B%B4" n3="%E3%81%9F%E3%83%BC%E3%81%AC" dan="14,15,14,15" rate="1925.93,1910.56,1954.54,1987.00" sx="M,M,M,M"/><TAIKYOKU oya="0"/><INIT seed="0,0,0,4,5,74" ten="250,250,250,250" oya="0" hai0="56,25,104,34,77,113,61,40,85,31,107,99,43" hai1="102,54,12,96,2,14,127,122,133,109,65,100,23" hai2="55,42,1,126,71,87,78,46,4,0,20,101,28" hai3="105,53,135,83,89,72,112,115,18,84,75,9,80"/><T110/><D113/><N who="3" m="43593" /><G53/><T6/><D107/><U24/><E2/><V15/><F71/><W38/><G38/><T30/><D6/><U121/><E102/><V59/><F126/><W119/><G18/><T39/><D39/><U64/><E127/><V3/><F101/><W91/><G9/><T10/><D10/><U21/><E21/><V93/><F28/><W41/><G41/><T106/><D99/><U103/><E103/><V81/><F93/><N who="3" m="54439" /><G105/><T120/><D104/><U132/><E96/><V57/><F55/><W98/><G119/><T48/><D106/><U116/><E100/><V88/><F46/><W60/><G60/><T86/><D61/><U11/><E116/><V63/><F42/><W129/><G129/><T44/><D44/><U5/><E54/><V95/><F63/><W16/><G16/><T97/><D40/><U50/><E14/><V125/><F125/><W36/><G36/><T79/><D43/><U35/><E35/><V68/><F68/><W66/><G66/><T130/><D34/><U67/><E50/><V52/><F52/><W33/><G33/><T114/><D48/><U123/><REACH who="1" step="1"/><E109/><REACH who="1" ten="250,240,250,250" step="2"/><V128/><F128/><W47/><G98/><T26/><D97/><U13/><E13/><V90/><F3/><W22/><G22/><T7/><D130/><U92/><E92/><N who="2" m="54303" /><F1/><W108/><G108/><T94/><D110/><U58/><E58/><V62/><F0/><W51/><G51/><T49/><D56/><N who="2" m="21578" /><F20/><W131/><G131/><T76/><D49/><U37/><E37/><V124/><F15/><W82/><G47/><T8/><D26/><RYUUKYOKU ba="0,1" sc="250,-10,240,30,250,-10,250,-10" hai1="5,11,12,23,24,64,65,67,121,122,123,132,133" /><INIT seed="1,1,1,4,0,38" ten="240,270,240,240" oya="1" hai0="126,73,122,72,74,35,107,39,93,24,4,91,6" hai1="111,43,113,132,19,123,89,87,8,92,1,60,71" hai2="99,2,44,82,66,134,58,34,120,48,84,62,97" hai3="37,104,33,83,55,128,36,81,79,131,25,80,117"/><U78/><E123/><V68/><F34/><W41/><G117/><T26/><D107/><U11/><E113/><V56/><F2/><W75/><G104/><T109/><D122/><U18/><E132/><V59/><F120/><W96/><G96/><T51/><D39/><U57/><E71/><V102/><F134/><W70/><G70/><T21/><D35/><U108/><E78/><V118/><F118/><W64/><G64/><T129/><D109/><N who="1" m="42059" /><E1/><V119/><F119/><W77/><G55/><T12/><D129/><N who="3" m="49737" /><G41/><T23/><D73/><U103/><E103/><V3/><F3/><W9/><G9/><N who="1" m="3658" /><E43/><V90/><REACH who="2" step="1"/><F102/><REACH who="2" ten="240,270,230,240" step="2"/><W112/><G112/><T69/><D72/><U88/><E89/><V22/><F22/><W65/><G75/><T67/><D23/><U32/><E32/><V27/><F27/><W31/><G33/><T124/><D21/><U106/><E106/><V10/><F10/><W110/><G25/><T40/><D24/><U7/><E7/><V45/><F45/><W135/><G110/><T29/><D26/><U100/><E100/><V46/><F46/><W98/><G135/><T14/><D4/><U47/><E47/><V114/><F114/><W61/><G31/><T133/><D29/><U30/><E30/><V116/><F116/><W49/><G77/><T115/><D133/><U0/><E0/><V101/><F101/><W17/><G79/><T130/><D115/><U121/><E121/><V86/><F86/><W13/><G13/><T85/><D74/><U5/><E5/><V127/><F127/><W54/><G17/><T50/><D126/><RYUUKYOKU ba="1,2" sc="240,-15,270,15,230,15,240,-15" hai1="18,19,57,60,87,88,92" hai2="44,48,56,58,59,62,66,68,82,84,90,97,99" /><INIT seed="1,2,2,4,0,18" ten="225,285,245,225" oya="1" hai0="117,103,67,59,125,26,104,31,6,112,19,122,115" hai1="35,80,101,110,68,120,64,55,21,29,135,2,52" hai2="70,42,47,99,133,119,49,98,106,37,48,27,20" hai3="91,123,129,88,108,100,36,54,16,9,60,40,76"/><U81/><E120/><V0/><F0/><W105/><G123/><T33/><D117/><U3/><E35/><V34/><F34/><W28/><G28/><T134/><D122/><U15/><E101/><V51/><F70/><W82/><G36/><T77/><D134/><U45/><E135/><V93/><F119/><W121/><G40/><T83/><D125/><U56/><E68/><V128/><F133/><W86/><G121/><T94/><D6/><U44/><E64/><V23/><F128/><W118/><G118/><T109/><D109/><U22/><E110/><V12/><F106/><W74/><G108/><T5/><D5/><U32/><E32/><V1/><F1/><W8/><G129/><T96/><D19/><N who="1" m="10495" /><E3/><V41/><F41/><W126/><G126/><T131/><D131/><U87/><E2/><V65/><F65/><W85/><G105/><T116/><D116/><U89/><E81/><V7/><F37/><W53/><G100/><T114/><D104/><U24/><E55/><N who="3" m="21002" /><G74/><T90/><D103/><U66/><E66/><V39/><F39/><W113/><G113/><T95/><D67/><U11/><E11/><N who="3" m="4170" /><G60/><AGARI ba="2,2" hai="22,24,29,44,45,52,56,60,80,87,89" m="10495" machi="60" ten="30,11600,0" yaku="8,1,52,2,54,1" doraHai="18" who="1" fromWho="3" sc="225,0,285,142,245,0,225,-122" /><INIT seed="1,3,0,3,2,35" ten="225,427,245,103" oya="1" hai0="133,110,100,75,127,129,111,16,20,14,25,87,65" hai1="71,51,46,2,9,106,81,64,86,73,125,3,95" hai2="118,62,122,88,91,5,92,18,79,45,42,43,126" hai3="57,80,1,104,8,33,130,58,29,34,31,115,105"/><U85/><E106/><V24/><F122/><W28/><G80/><T19/><D75/><U63/><E73/><V96/><F118/><W48/><G48/><T120/><D120/><U44/><E44/><V21/><F126/><W69/><G69/><T124/><D133/><U10/><E125/><N who="0" m="48201" /><D129/><U123/><E123/><V66/><F79/><W90/><G90/><T78/><D65/><U97/><E10/><V113/><F113/><W12/><G115/><T13/><D13/><U38/><E38/><V50/><F5/><W67/><G67/><T11/><D100/><U74/><E74/><V55/><REACH who="2" step="1"/><F91/><REACH who="2" ten="225,427,235,103" step="2"/><W76/><G130/><T114/><D114/><U47/><E71/><AGARI ba="3,1" hai="18,21,24,42,43,45,50,55,62,66,71,88,92,96" machi="71" ten="30,7700,0" yaku="1,1,2,1,7,1,54,1,53,0" doraHai="35" doraHaiUra="30" who="2" fromWho="1" sc="225,0,427,-86,235,96,103,0" /><INIT seed="2,0,0,1,5,7" ten="225,341,331,103" oya="2" hai0="87,77,62,5,32,111,67,92,65,86,19,47,125" hai1="93,132,18,33,55,51,27,115,61,128,64,34,1" hai2="53,24,120,40,91,69,98,131,116,130,11,118,25" hai3="3,35,22,52,85,49,107,75,15,121,95,20,63"/><V101/><F69/><W26/><G107/><T17/><D32/><U44/><E115/><V6/><F40/><W8/><G75/><T36/><D111/><U135/><E128/><N who="2" m="49195" /><F53/><W12/><G121/><T37/><D125/><U76/><E1/><N who="2" m="463" /><F91/><N who="3" m="53743" /><G3/><T124/><D124/><U45/><E45/><V79/><F79/><W123/><G35/><T4/><D47/><U14/><E76/><V105/><F120/><W108/><G108/><T23/><D77/><U2/><E2/><V41/><F41/><W109/><G109/><T78/><D78/><U110/><E110/><V42/><F42/><W90/><G123/><T9/><D92/><U112/><E112/><V114/><F114/><W13/><G63/><T30/><D62/><U119/><E119/><AGARI ba="0,0" hai="24,25,98,101,105,116,118,119" m="463,49195" machi="119" ten="30,2900,0" yaku="19,1,52,1" doraHai="7" who="2" fromWho="1" sc="225,0,341,-29,331,29,103,0" /><INIT seed="2,1,0,4,3,42" ten="225,312,360,103" oya="2" hai0="83,18,26,67,116,31,123,24,59,125,88,71,46" hai1="36,64,40,33,101,13,103,17,70,127,16,131,41" hai2="14,49,128,51,69,89,6,113,110,55,97,43,8" hai3="63,62,132,54,57,72,22,94,108,68,92,107,90"/><V134/><F69/><W126/><G108/><T112/><D123/><U96/><E33/><V1/><F113/><W34/><G107/><T39/><D112/><U85/><E103/><V19/><F128/><W27/><G126/><T100/><D71/><U44/><E127/><V118/><F118/><W91/><G132/><T99/><D125/><U77/><E131/><V37/><F134/><W28/><G72/><T15/><D31/><U79/><E41/><V106/><F110/><W93/><G68/><T45/><D39/><U80/><E70/><V12/><F1/><W117/><G117/><T135/><D116/><U11/><E64/><V4/><F4/><W47/><G34/><T105/><D135/><U29/><E29/><V73/><F73/><W133/><G133/><T76/><D88/><N who="3" m="33833" /><G63/><T48/><D105/><U124/><E124/><V56/><F37/><W130/><G130/><T0/><D0/><U86/><E79/><V9/><F106/><W121/><G121/><T66/><D76/><U122/><E122/><V5/><F19/><W3/><G3/><T25/><D18/><U20/><E17/><V58/><F89/><W82/><G82/><T78/><D83/><U84/><REACH who="1" step="1"/><E11/><REACH who="1" ten="225,302,360,103" step="2"/><V23/><F23/><W102/><G102/><T75/><D78/><U65/><E65/><V52/><F43/><W119/><G119/><T98/><D66/><U7/><E7/><V30/><F30/><W2/><G2/><T104/><D67/><U109/><E109/><V115/><F115/><W60/><G60/><T50/><D100/><U129/><E129/><V111/><F111/><RYUUKYOKU ba="1,1" sc="225,-30,302,10,360,10,103,10" hai1="13,16,20,36,40,44,77,80,84,85,86,96,101" hai2="5,6,8,9,12,14,49,51,52,55,56,58,97" hai3="22,27,28,47,54,57,62,92,93,94" /><INIT seed="2,2,1,5,4,48" ten="195,312,370,113" oya="2" hai0="79,31,60,81,1,20,45,88,99,43,29,107,61" hai1="32,127,51,16,52,72,114,7,126,54,19,26,5" hai2="71,134,118,28,132,27,115,50,21,67,47,87,68" hai3="57,8,121,41,92,25,109,104,38,131,3,128,129"/><V110/><F115/><W76/><G109/><T111/><D1/><U70/><E72/><V66/><F118/><W0/><G121/><T98/><D111/><U6/><E70/><V46/><F110/><W74/><G104/><T4/><D4/><U94/><E114/><V102/><F102/><W96/><G25/><T117/><D107/><U30/><E51/><V112/><F112/><W17/><G38/><T133/><D133/><N who="2" m="51306" /><F87/><W63/><G41/><T119/><D99/><U77/><E77/><V105/><F105/><W80/><G17/><N who="1" m="6730" /><E94/><V130/><F130/><W106/><G8/><T113/><D79/><U86/><E86/><V53/><F47/><W36/><G36/><T62/><D45/><U22/><E32/><V75/><F75/><W123/><G106/><T13/><D113/><U37/><E37/><V83/><F83/><W2/><G123/><T124/><D81/><U95/><E95/><V89/><F89/><W97/><REACH who="3" step="1"/><G92/><REACH who="3" ten="195,312,370,103" step="2"/><N who="0" m="56583" /><D117/><U9/><E9/><V91/><F91/><W125/><G125/><AGARI ba="2,2" hai="5,6,7,22,26,30,52,54,125,126,127" m="6730" machi="125" ten="30,8000,1" yaku="18,1,52,2,54,2" doraHai="48" who="1" fromWho="3" sc="195,0,312,106,370,0,103,-86" /><INIT seed="3,0,0,5,3,124" ten="195,418,370,17" oya="3" hai0="109,28,74,76,36,2,108,95,114,21,39,4,87" hai1="89,52,112,97,70,18,26,37,57,69,43,133,56" hai2="85,102,11,96,129,0,6,27,84,40,10,113,127" hai3="80,100,42,47,51,81,110,5,131,121,91,48,90"/><W35/><G121/><T105/><D74/><U101/><E112/><V106/><F113/><W73/><G35/><T125/><D105/><U19/><E89/><V15/><F127/><W60/><G100/><T103/><D125/><U71/><E133/><V64/><F40/><W107/><G107/><T29/><D114/><U32/><E57/><V44/><F44/><W24/><G24/><T22/><D76/><U23/><E43/><V120/><F120/><W58/><G110/><N who="0" m="42603" /><D4/><U67/><E37/><N who="0" m="14409" /><D2/><U122/><E122/><V116/><F116/><W134/><G134/><T66/><D66/><U77/><E77/><V61/><F129/><W38/><G131/><T93/><D87/><U78/><E78/><V31/><F15/><W12/><G73/><T83/><D83/><N who="3" m="31817" /><G38/><T130/><D130/><U128/><E128/><V88/><F11/><N who="3" m="4207" /><G51/><T72/><D72/><U119/><E119/><V126/><F126/><W62/><G62/><T111/><D111/><U118/><E118/><V3/><F3/><W8/><G8/><T123/><D123/><U33/><E18/><V46/><F46/><W55/><AGARI ba="0,0" hai="42,47,48,55,58,60,90,91" m="4207,31817" machi="55" ten="30,1500,0" yaku="8,1" doraHai="124" who="3" fromWho="3" sc="195,-5,418,-5,370,-5,17,15" /><INIT seed="3,1,0,1,1,3" ten="190,413,365,32" oya="3" hai0="62,32,84,106,24,124,132,115,22,67,68,108,117" hai1="55,7,13,64,83,71,126,101,28,23,105,102,34" hai2="63,52,36,39,19,65,89,94,85,6,70,104,91" hai3="58,72,12,15,122,110,1,92,86,78,20,128,0"/><W66/><G122/><T47/><D108/><U53/><E34/><V56/><F104/><W40/><G110/><T37/><D32/><U96/><E102/><V98/><F19/><W27/><G72/><T120/><D106/><U119/><E119/><V95/><REACH who="2" step="1"/><F6/><REACH who="2" ten="190,413,355,32" step="2"/><W82/><G128/><T61/><D115/><U73/><E7/><V103/><F103/><W49/><G0/><T41/><D61/><AGARI ba="1,1" hai="36,39,52,56,61,63,65,70,85,89,91,94,95,98" machi="61" ten="30,3900,0" yaku="1,1,7,1,54,1,53,0" doraHai="3" doraHaiUra="113" who="2" fromWho="0" sc="190,-42,413,0,355,52,32,0" owari="148,-25.0,413,51.0,407,21.0,32,-47.0" /></mjloggm>