<mjloggm ver="2.3"><GO type="97" lobby="0"/><UN n0="%E3%83%80%E3%83%9E%E3%81%AE%E9%BE%8D" n1="%E3%82%A6%E3%83%AB%E3%83%88%E3%83%A9%E7%AB%8B%E7%9B%B4" n2="%E3%83%8B%E3%83%BC%E3%83%88%E7%A4%BE%E9%95%B7" n3="%E3%81%93%E3%81%A8%E3%82%8A%E3%83%86%E3%83%AC%E3%83%91%E3%82%B7%E3%83%BC" dan="14,15,14,15" rate="1890.60,2029.53,1882.39,1988.05" sx="M,M,M,F"/><TAIKYOKU oya="0"/><INIT seed="0,0,0,5,1,82" ten="250,250,250,250" oya="0" hai0="12,132,105,65,27,124,1,49,94,92,128,56,66" hai1="39,117,112,22,83,96,3,91,123,133,53,30,135" hai2="18,71,60,68,90,61,106,89,13,50,75,28,100" hai3="19,26,2,69,6,67,16,116,126,62,21,103,58"/><T17/><D105/><U0/><E39/><V20/><F75/><W43/><G116/><T59/><D1/><U34/><E34/><V111/><F111/><W101/><G126/><T110/><D124/><U121/><E53/><V35/><F50/><W23/><G43/><T55/><D110/><U57/><E57/><V122/><F122/><W44/><G44/><T87/><D132/><N who="1" m="50763" /><E117/><V36/><F36/><W86/><G69/><T40/><D128/><U115/><E96/><V32/><F106/><W48/><G48/><T84/><D40/><U81/><E91/><V102/><F28/><W113/><G113/><N who="1" m="43594" /><E83/><V73/><F73/><W25/><G86/><N who="0" m="32811" /><D27/><N who="1" m="16759" /><E81/><V109/><F109/><W63/><G62/><N who="0" m="38087" /><D66/><U5/><E5/><V125/><F125/><W119/><G119/><T114/><D114/><U52/><E52/><V46/><F35/><W99/><G99/><T31/><D31/><U70/><E70/><V131/><F32/><W120/><G120/><AGARI ba="0,0" hai="0,3,120,121,123" m="16759,43594,50763" machi="120" ten="40,8000,1" yaku="20,1,11,1,34,2" doraHai="82" who="1" fromWho="3" sc="250,0,250,80,250,0,250,-80" /><INIT seed="1,0,0,5,2,36" ten="250,330,250,170" oya="1" hai0="107,88,86,82,26,49,57,9,77,39,4,21,10" hai1="5,132,17,15,53,125,110,127,11,124,1,30,8" hai2="119,41,100,94,56,92,62,89,68,74,83,120,117" hai3="16,97,65,129,76,106,32,2,31,44,115,81,34"/><U109/><E53/><V48/><F120/><W63/><G16/><T122/><D39/><U96/><E96/><V23/><F74/><W112/><G34/><T75/><D107/><U22/><E132/><V131/><F131/><W43/><G2/><T54/><D122/><U52/><E52/><N who="2" m="34055" /><F68/><W130/><G97/><T95/><REACH who="0" step="1"/><D4/><REACH who="0" ten="240,330,250,170" step="2"/><U12/><E30/><AGARI ba="0,1" hai="9,10,21,26,30,49,54,57,75,77,82,86,88,95" machi="30" ten="30,7700,0" yaku="1,1,2,1,7,1,54,1,53,0" doraHai="36" doraHaiUra="102" who="0" fromWho="1" sc="240,87,330,-77,250,0,170,0" /><INIT seed="2,0,0,5,4,17" ten="327,253,250,170" oya="2" hai0="110,4,30,123,97,67,119,31,81,33,47,51,8" hai1="135,70,46,59,124,115,58,126,12,39,82,27,18" hai2="112,60,14,130,24,21,63,109,7,2,1,34,72" hai3="107,5,35,29,73,44,87,42,40,129,37,13,125"/><V71/><F112/><W3/><G73/><T105/><D123/><U55/><E70/><V89/><F34/><W128/><G107/><T23/><D33/><U79/><E27/><V68/><F72/><W111/><G111/><T131/><D67/><U26/><E26/><V133/><F71/><W20/><G125/><N who="1" m="48234" /><E135/><V45/><F133/><W121/><G121/><T108/><D81/><U66/><E66/><V117/><F117/><W52/><G42/><T84/><D84/><N who="1" m="48223" /><E115/><V76/><F24/><W80/><G35/><T9/><D131/><N who="3" m="50249" /><G3/><T38/><D38/><U122/><E122/><V91/><F1/><W32/><G32/><T100/><D119/><U56/><E39/><V93/><F68/><W85/><G80/><T6/><D6/><U25/><E25/><V118/><F7/><W50/><G29/><T86/><D31/><U113/><E46/><V77/><F45/><N who="3" m="23695" /><G5/><T0/><D8/><U19/><E113/><V96/><F118/><W75/><G75/><T120/><D120/><U83/><E83/><V49/><F130/><W53/><G53/><T41/><D86/><U22/><E19/><AGARI ba="0,0" hai="13,19,20,44,50,52,85,87" m="23695,50249" machi="19" ten="30,3900,0" yaku="19,1,52,1,54,1" doraHai="17" who="3" fromWho="1" sc="327,0,253,-39,250,0,170,39" /><INIT seed="3,0,0,1,0,49" ten="327,214,250,209" oya="3" hai0="90,33,64,23,25,36,127,39,96,35,98,102,51" hai1="80,22,45,130,70,92,78,86,88,55,18,71,54" hai2="7,29,17,44,47,97,89,30,101,61,85,128,14" hai3="126,118,114,62,81,15,132,53,10,19,56,66,52"/><W82/><G118/><T111/><D111/><U2/><E2/><V104/><F7/><W3/><G114/><T59/><D127/><U117/><E130/><V135/><F135/><W67/><G3/><T42/><D36/><U113/><E113/><V31/><F61/><W106/><G106/><T5/><D5/><U120/><E120/><V1/><F1/><W48/><G132/><T27/><D39/><U38/><E117/><V123/><F128/><W63/><G126/><T110/><D110/><U72/><E71/><V11/><F123/><W69/><REACH who="3" step="1"/><G53/><REACH who="3" ten="327,214,250,199" step="2"/><T107/><D64/><U95/><E70/><AGARI ba="0,1" hai="10,15,19,48,52,56,62,63,66,67,69,70,81,82" machi="70" ten="30,18000,2" yaku="1,1,2,1,7,1,9,1,52,1,54,1,53,0" doraHai="49" doraHaiUra="83" who="3" fromWho="1" sc="327,0,214,-180,250,0,199,190" owari="327,13.0,34,-47.0,250,-15.0,389,49.0" /></mjloggm>