<mjloggm ver="2.3"><GO type="97" lobby="0"/><UN n0="%E3%82%A6%E3%83%AB%E3%83%88%E3%83%A9%E7%AB%8B%E7%9B%B4" n1="%E5%85%B5%E8%97%A4" n2="%E8%87%AA%E7%A7%B0%E6%9C%80%E5%BC%B7%E9%9B%80%E5%A3%AB%EF%BC%93" n3="%E6%9C%AB%E6%91%98%E8%8A%B1" dan="13,13,17,16" rate="1897.21,1860.40,2099.09,1955.94" sx="M,M,M,F"/><TAIKYOKU oya="0"/><INIT seed="0,0,0,3,3,23" ten="250,250,250,250" oya="0" hai0="28,30,91,88,130,43,97,111,105,19,32,38,41" hai1="25,83,22,133,60,79,39,61,14,114,73,119,72" hai2="124,0,86,65,40,117,101,42,120,3,126,99,9" hai3="63,33,89,53,106,113,58,34,69,52,116,59,81"/><T71/><D38/><U55/><E119/><V107/><F117/><W67/><G116/><T76/><D71/><U17/><E133/><V98/><F120/><W102/><G113/><T1/><D1/><U112/><E72/><V16/><F65/><W82/><G106/><T85/><D32/><U20/><E39/><V49/><F86/><W134/><G102/><T87/><D105/><U108/><E108/><V54/><F98/><W13/><G134/><T4/><D4/><U36/><E36/><V84/><F84/><N who="0" m="32330" /><D76/><U21/><E21/><V70/><F70/><W5/><G89/><N who="0" m="34379" /><D97/><U6/><E6/><V78/><F78/><W51/><G5/><T129/><D19/><U56/><REACH who="1" step="1"/><E61/><REACH who="1" ten="250,240,250,250" step="2"/><V100/><F3/><W122/><G122/><T66/><D111/><U26/><E26/><V62/><F62/><W90/><G34/><T29/><D66/><U2/><E2/><V80/><F0/><W94/><G33/><T115/><D115/><U10/><E10/><V93/><F107/><W123/><G123/><T132/><D132/><U47/><E47/><V27/><F27/><W103/><G67/><T7/><D7/><U92/><E92/><V68/><F93/><W109/><G109/><T125/><D125/><U45/><E45/><V121/><F126/><W118/><G118/><T127/><D127/><U8/><E8/><V74/><F124/><W128/><G94/><T44/><D44/><U110/><E110/><V104/><F121/><W15/><G82/><T75/><D75/><U46/><E46/><V18/><F74/><W24/><G24/><T64/><D64/><RYUUKYOKU ba="0,1" sc="250,15,240,15,250,-15,250,-15" hai0="28,29,30,41,43,129,130" hai1="14,17,20,22,25,55,56,60,73,79,83,112,114" /><INIT seed="0,1,1,5,4,69" ten="265,255,235,235" oya="0" hai0="6,59,46,50,12,101,37,88,39,18,112,87,76" hai1="25,95,116,29,78,84,77,51,15,49,80,10,4" hai2="0,100,106,75,83,108,42,30,123,107,119,34,125" hai3="79,122,56,102,133,105,94,93,81,27,35,109,103"/><T92/><D112/><U132/><E116/><V45/><F123/><W130/><G122/><T52/><D6/><U64/><E132/><V26/><F108/><W120/><G120/><T129/><D129/><U36/><E64/><V2/><F119/><W66/><G130/><T113/><D113/><U40/><E78/><N who="2" m="44511" /><F125/><W32/><G133/><T28/><D28/><U126/><E126/><V1/><F100/><W44/><G109/><T86/><D101/><U124/><E124/><V89/><F89/><W58/><G105/><T135/><D135/><U20/><REACH who="1" step="1"/><E95/><REACH who="1" ten="265,245,235,235" step="2"/><V17/><F17/><W72/><G79/><T114/><D114/><U21/><E21/><V55/><F55/><W43/><G94/><T63/><D76/><U128/><E128/><V22/><F22/><W19/><G93/><T65/><D86/><U54/><E54/><V14/><F107/><W16/><G72/><T67/><D67/><U8/><E8/><AGARI ba="1,2" hai="8,12,18,37,39,46,50,52,59,63,65,87,88,92" machi="8" ten="30,12000,1" yaku="7,1,52,2,54,2" doraHai="69" who="0" fromWho="1" sc="265,143,245,-123,235,0,235,0" /><INIT seed="0,2,0,1,1,55" ten="408,122,235,235" oya="0" hai0="102,29,11,0,106,126,74,71,46,93,33,1,125" hai1="127,92,6,50,132,70,116,15,113,31,64,2,27" hai2="77,80,26,65,99,22,5,111,135,48,91,73,121" hai3="45,43,20,40,38,30,124,49,67,51,94,54,114"/><T16/><D106/><U75/><E116/><V63/><F121/><W17/><G114/><T129/><D74/><U58/><E2/><V86/><F135/><W44/><G124/><N who="0" m="47723" /><D71/><U96/><E127/><V98/><F5/><W134/><G134/><T13/><D46/><U59/><E132/><V89/><F48/><W76/><G76/><T66/><D66/><U62/><E113/><V78/><F78/><W9/><G67/><T72/><D72/><U120/><E75/><V14/><F14/><W24/><G94/><T19/><D93/><U82/><E82/><V128/><F128/><W95/><G95/><T130/><D102/><U23/><E50/><V4/><F4/><W123/><G123/><T68/><D19/><U103/><REACH who="1" step="1"/><E120/><REACH who="1" ten="408,112,235,235" step="2"/><V12/><F73/><W7/><G38/><T105/><D0/><U39/><E39/><V10/><F80/><W25/><G40/><T53/><D1/><U84/><E84/><V35/><F86/><W87/><G87/><T85/><D85/><U109/><E109/><V131/><F111/><W3/><G51/><T37/><D37/><U81/><E81/><V88/><F77/><W8/><G43/><T117/><D117/><U83/><E83/><V110/><F110/><W112/><G112/><T56/><D130/><U79/><E79/><V133/><F131/><W42/><G42/><T104/><D129/><U69/><E69/><V28/><F133/><W108/><G108/><T119/><D68/><U118/><E118/><V101/><F98/><W34/><G45/><T122/><D119/><U60/><E60/><V115/><F115/><RYUUKYOKU ba="2,1" sc="408,-15,112,15,235,-15,235,15" hai1="6,15,23,27,31,58,59,62,64,70,92,96,103" hai3="3,7,8,9,17,20,24,25,30,34,44,49,54" /><INIT seed="1,3,1,2,3,89" ten="393,127,220,250" oya="1" hai0="107,50,132,106,61,133,38,112,81,58,88,10,36" hai1="119,27,0,105,47,79,99,35,26,67,64,20,23" hai2="42,3,117,22,95,7,93,63,102,90,5,4,109" hai3="94,123,126,55,15,125,75,122,28,104,87,18,29"/><U40/><E119/><V25/><F117/><W19/><G104/><N who="0" m="39979" /><D50/><U2/><E79/><V52/><F42/><W134/><G75/><T62/><D10/><U100/><E35/><V9/><F109/><W39/><G39/><T70/><D70/><U120/><E120/><V118/><F118/><W60/><G134/><N who="0" m="51819" /><D61/><U12/><E12/><V92/><F102/><W96/><G87/><N who="0" m="50287" /><D112/><U66/><E23/><V17/><REACH who="2" step="1"/><F90/><REACH who="2" ten="393,127,210,250" step="2"/><N who="3" m="55383" /><G122/><T124/><D124/><N who="3" m="47721" /><G123/><T108/><D108/><U30/><REACH who="1" step="1"/><E27/><REACH who="1" ten="393,117,210,250" step="2"/><V86/><F86/><W11/><G19/><T31/><D31/><U1/><E1/><V8/><F8/><W44/><G29/><T129/><D129/><U72/><E72/><V53/><F53/><AGARI ba="3,3" hai="36,38,53,58,62" m="50287,51819,39979" machi="53" ten="30,2000,0" yaku="20,1,54,1" doraHai="89" who="0" fromWho="2" sc="393,59,117,0,210,-29,250,0" /><INIT seed="2,0,0,0,0,17" ten="452,117,181,250" oya="2" hai0="74,3,77,35,91,127,42,6,45,119,123,82,73" hai1="78,66,112,117,33,38,128,125,48,92,124,133,99" hai2="44,69,16,132,71,120,8,47,131,56,118,101,50" hai3="85,24,135,97,20,87,9,61,54,21,28,11,29"/><V32/><F120/><W59/><G135/><T27/><D127/><N who="1" m="48715" /><E33/><V89/><F118/><W55/><G97/><T40/><D91/><N who="1" m="55711" /><E38/><V96/><F32/><W25/><G55/><T15/><D15/><U110/><E66/><V2/><F132/><W129/><G129/><T109/><D42/><U23/><E48/><V52/><F131/><W12/><G11/><T37/><D74/><U121/><E23/><V84/><F71/><W4/><AGARI ba="0,0" hai="4,9,12,20,21,24,25,28,29,54,59,61,85,87" machi="4" ten="20,12000,2" yaku="0,1,7,1,9,1,8,1,52,2" doraHai="17" who="3" fromWho="3" sc="452,-30,117,-30,181,-60,250,120" /><INIT seed="3,0,0,5,4,122" ten="422,87,121,370" oya="3" hai0="76,58,102,108,134,130,41,50,2,126,10,99,131" hai1="109,15,57,135,61,107,94,124,79,115,92,75,82" hai2="81,21,43,14,110,47,6,64,133,111,55,36,16" hai3="118,35,38,9,20,52,80,39,56,24,68,127,0"/><W100/><G118/><T105/><D108/><N who="2" m="41514" /><F133/><W5/><G68/><T63/><D76/><U59/><E109/><V22/><F64/><W85/><G100/><T12/><D2/><U3/><E115/><V31/><F6/><W42/><G35/><T48/><D41/><U72/><E3/><V132/><F132/><W18/><G42/><T51/><D126/><U11/><E135/><V17/><F31/><W88/><REACH who="3" step="1"/><G127/><REACH who="3" ten="422,87,121,360" step="2"/><T78/><D134/><U117/><E124/><V129/><F129/><N who="0" m="49162" /><D78/><U87/><E117/><V28/><F28/><W74/><G74/><T128/><D128/><U86/><E107/><V119/><F119/><W32/><G32/><T62/><D58/><U103/><E75/><V93/><F43/><W44/><G44/><T112/><D112/><U26/><E72/><V84/><F47/><W121/><G121/><T49/><N who="0" m="12288" /><DORA hai="123" /><T106/><D106/><U8/><E103/><V19/><F36/><W70/><G70/><T66/><D66/><U53/><E59/><V1/><F55/><W46/><G46/><T7/><AGARI ba="0,1" hai="7,10,12,62,63,99,102,105" m="12288,49162" machi="7" ten="50,1600,0" yaku="19,1" doraHai="122,123" who="0" fromWho="0" sc="422,26,87,-4,121,-4,360,-8" owari="448,55.0,83,-42.0,117,-28.0,352,15.0" /></mjloggm>