<mjloggm ver="2.3"><GO type="169" lobby="0"/><UN n0="%E3%82%BB%E3%82%A4%E3%83%90%E3%83%BC" n1="%73%61%63%68%69%6F" n2="%E3%82%A6%E3%83%AB%E3%83%88%E3%83%A9%E7%AB%8B%E7%9B%B4" n3="%E7%94%B1%E8%89%AF%E6%8B%93%E6%B5%B7" dan="16,16,17,16" rate="2129.51,2148.62,2145.15,2033.15" sx="F,M,M,M"/><TAIKYOKU oya="0"/><INIT seed="0,0,0,4,1,59" ten="250,250,250,250" oya="0" hai0="56,14,5,23,54,9,67,28,80,95,8,16,19" hai1="110,90,74,29,45,94,65,83,129,105,117,108,75" hai2="123,127,34,68,2,48,32,15,39,133,52,126,125" hai3="55,84,92,72,7,109,103,46,131,124,4,25,81"/><T73/><D67/><U128/><E29/><V115/><F2/><W3/><G131/><N who="1" m="50250" /><E45/><V112/><F39/><W98/><G124/><T0/><D28/><U37/><E37/><V58/><F123/><W53/><G109/><N who="1" m="42090" /><E65/><V18/><F68/><W61/><G72/><N who="1" m="27690" /><E83/><V50/><F133/><W35/><G35/><N who="2" m="13353" /><F50/><N who="3" m="28887" /><G3/><T31/><D31/><U49/><E49/><V27/><F27/><W85/><G81/><T134/><D134/><U70/><E70/><V114/><F114/><W62/><G25/><T100/><D80/><U130/><E130/><V113/><F113/><W93/><G55/><T21/><D73/><U96/><E105/><V17/><F17/><W30/><G30/><T64/><D64/><U13/><E13/><V47/><F47/><W26/><G26/><T12/><D0/><U40/><E40/><V89/><F112/><W91/><G4/><T38/><D38/><U41/><E41/><V71/><F71/><W11/><G7/><T97/><D5/><U99/><E99/><V69/><F69/><W42/><G42/><T119/><D119/><AGARI ba="0,0" hai="90,94,96,117,119" m="27690,42090,50250" machi="119" ten="40,8000,1" yaku="19,1,14,1,34,2" doraHai="59" who="1" fromWho="0" sc="250,-80,250,80,250,0,250,0" /><INIT seed="1,0,0,2,0,91" ten="170,330,250,250" oya="1" hai0="46,70,108,102,98,32,11,67,111,124,69,17,25" hai1="87,52,2,24,9,116,103,44,88,16,23,66,133" hai2="4,8,68,36,107,15,7,33,75,104,71,49,94" hai3="56,76,101,3,62,29,58,118,31,63,65,93,27"/><U86/><E133/><V84/><F36/><W109/><G109/><N who="0" m="42059" /><D67/><U120/><E120/><V127/><F33/><W81/><G3/><T132/><D132/><U121/><E121/><V78/><F75/><W51/><G51/><T6/><D46/><U38/><E116/><V55/><F127/><W90/><G101/><T128/><D128/><U96/><E66/><V50/><F78/><W100/><G100/><T43/><D43/><U28/><E2/><V95/><F84/><N who="3" m="48167" /><G27/><T83/><D83/><U35/><E86/><V47/><F15/><W59/><G118/><T112/><D112/><U42/><E9/><V97/><F8/><W74/><G74/><T134/><D134/><U110/><E110/><V13/><F13/><W54/><G59/><T39/><D39/><U114/><E114/><V72/><F72/><W126/><G126/><T1/><D124/><U129/><E129/><V0/><F47/><W30/><G30/><N who="0" m="19535" /><D17/><U99/><E103/><V14/><F55/><W10/><G10/><T123/><D123/><U45/><E52/><V119/><F119/><W34/><G34/><T106/><AGARI ba="0,0" hai="1,6,11,69,70,98,102,106" m="19535,42059" machi="106" ten="30,2000,0" yaku="14,1,23,1" doraHai="91" who="0" fromWho="0" sc="170,20,330,-10,250,-5,250,-5" /><INIT seed="2,0,0,0,5,74" ten="190,320,245,245" oya="2" hai0="41,32,85,105,33,90,13,77,48,21,107,51,52" hai1="46,135,24,64,29,65,9,68,99,71,16,122,45" hai2="60,8,36,6,116,129,106,26,104,57,30,54,55" hai3="62,88,14,130,43,112,86,61,82,102,109,132,100"/><V40/><F129/><W37/><G130/><T58/><D33/><U81/><E135/><V134/><F134/><W94/><G132/><T4/><D32/><U53/><E122/><V27/><F116/><W34/><G109/><T1/><D1/><U80/><E99/><V103/><F103/><W17/><G34/><T133/><D133/><U76/><E53/><V25/><F30/><W101/><G112/><T92/><D77/><U35/><E71/><V15/><F40/><W93/><G37/><T126/><D126/><U117/><E117/><V72/><F36/><W108/><G43/><T12/><D12/><U110/><E110/><V115/><F72/><W96/><G108/><T42/><D42/><U95/><E95/><N who="3" m="36362" /><G96/><T120/><D120/><U73/><E81/><V3/><F115/><W75/><G75/><T66/><D66/><U39/><E39/><V84/><F84/><W44/><G44/><T131/><D131/><U128/><E128/><V113/><F113/><W10/><AGARI ba="0,0" hai="10,14,17,61,62,82,86,88,100,101,102" m="36362" machi="10" ten="30,2000,0" yaku="8,1,54,1" doraHai="74" who="3" fromWho="3" sc="190,-5,320,-5,245,-10,245,20" /><INIT seed="3,0,0,5,1,133" ten="185,315,235,265" oya="3" hai0="5,8,112,134,36,102,92,115,41,35,27,132,129" hai1="96,47,62,94,67,39,81,18,1,98,7,58,74" hai2="128,70,111,4,85,2,63,79,108,121,61,49,116" hai3="57,13,66,103,64,120,123,110,83,19,109,16,31"/><W55/><G103/><T99/><D36/><U71/><E18/><N who="3" m="6698" /><G13/><N who="0" m="5263" /><D41/><N who="1" m="22975" /><E94/><V21/><F21/><W127/><G83/><T65/><D65/><N who="3" m="25193" /><G31/><N who="0" m="19967" /><D129/><U82/><E82/><V0/><F4/><W25/><G25/><T56/><D56/><U53/><E1/><V101/><F101/><W12/><G12/><T100/><D100/><U106/><E7/><V122/><F85/><W88/><G88/><T97/><D97/><U113/><E113/><AGARI ba="0,0" hai="92,99,102,112,113,115,132,134" m="19967,5263" machi="113" ten="30,1000,0" yaku="11,1" doraHai="133" who="0" fromWho="1" sc="185,10,315,-10,235,0,265,0" /><INIT seed="4,0,0,4,5,28" ten="195,305,235,265" oya="0" hai0="85,74,80,54,104,35,33,44,57,122,134,102,75" hai1="14,67,7,8,109,124,117,34,49,5,36,15,3" hai2="110,118,90,130,23,27,11,68,84,6,91,1,115" hai3="88,25,51,94,83,123,0,32,93,70,29,65,95"/><T22/><D122/><U135/><E36/><V131/><F68/><W24/><G0/><T132/><D44/><U112/><E67/><V121/><F121/><W59/><G123/><T86/><D104/><U20/><E49/><V56/><F115/><W69/><G24/><T116/><D116/><U52/><E52/><V78/><F110/><W41/><G41/><T98/><D75/><U50/><E50/><V101/><F101/><W40/><G40/><T60/><D74/><U13/><E109/><V4/><F4/><W38/><G38/><T18/><D98/><U103/><E103/><V45/><F45/><W114/><G114/><T39/><D102/><U100/><E100/><V58/><F78/><W76/><G76/><T62/><D62/><U31/><E112/><V12/><F1/><W133/><G133/><N who="0" m="51307" /><D39/><U119/><E135/><V89/><F84/><N who="0" m="32362" /><D80/><U127/><E5/><V9/><F118/><N who="1" m="45065" /><E20/><V111/><F11/><W97/><G83/><T42/><D42/><U66/><E66/><V2/><F2/><W55/><REACH who="3" step="1"/><G65/><REACH who="3" ten="195,305,235,255" step="2"/><T108/><D108/><U63/><E63/><V120/><F120/><W77/><G77/><T113/><D113/><U21/><E21/><V47/><F111/><W73/><G73/><T125/><D125/><N who="1" m="48203" /><E3/><V37/><F23/><W19/><G19/><T46/><D46/><U126/><E126/><V96/><F47/><W48/><G48/><T10/><D10/><U16/><E16/><N who="2" m="8207" /><F37/><W71/><AGARI ba="0,1" hai="25,29,32,51,55,59,69,70,71,88,93,94,95,97" machi="71" ten="30,7900,0" yaku="1,1,0,1,52,1,54,1,53,0" doraHai="28" doraHaiUra="43" who="3" fromWho="3" sc="195,-39,305,-20,235,-20,255,89" /><INIT seed="5,0,0,0,1,79" ten="156,285,215,344" oya="1" hai0="68,63,121,74,86,55,103,85,135,119,34,77,56" hai1="81,35,5,87,12,106,96,130,120,8,38,71,21" hai2="27,133,2,110,61,14,7,40,20,64,105,95,16" hai3="10,113,94,98,25,88,65,30,115,18,107,53,37"/><U134/><E71/><V17/><F105/><W62/><G37/><T3/><D119/><U44/><E120/><V22/><F110/><W111/><G111/><T36/><D34/><U80/><E35/><V58/><F133/><W114/><G107/><T46/><D135/><U0/><E134/><V49/><F2/><W67/><G18/><T102/><D121/><U73/><E73/><V31/><F95/><W26/><G10/><T42/><D74/><U28/><E130/><V75/><F75/><W126/><G126/><T32/><D32/><U97/><E0/><V128/><F128/><W45/><G30/><T108/><D108/><U101/><E97/><V131/><F131/><W57/><G67/><T132/><D132/><U51/><E38/><V23/><F7/><W116/><G116/><T112/><D112/><U76/><E81/><V43/><REACH who="2" step="1"/><F49/><AGARI ba="0,0" hai="25,26,45,49,53,57,62,65,88,94,98,113,114,115" machi="49" ten="40,2600,0" yaku="15,1,54,1" doraHai="79" who="3" fromWho="2" sc="156,0,285,0,215,-26,344,26" /><INIT seed="6,0,0,1,0,71" ten="156,285,189,370" oya="2" hai0="125,54,74,65,13,40,23,44,94,19,84,59,42" hai1="122,68,7,31,128,72,113,64,118,76,29,135,24" hai2="109,99,133,30,96,63,90,10,95,3,46,0,103" hai3="93,15,105,78,69,110,58,9,37,132,25,18,115"/><V8/><F133/><W5/><G105/><T131/><D125/><U117/><E7/><V111/><F30/><W124/><G69/><T48/><D131/><U129/><E31/><V126/><F126/><W87/><G124/><T130/><D74/><U134/><E113/><V73/><F73/><W20/><G110/><N who="2" m="41993" /><F63/><W70/><G70/><T116/><D130/><N who="1" m="50283" /><E68/><V21/><F21/><W92/><G115/><T45/><D116/><N who="1" m="44651" /><E64/><V85/><F46/><W60/><G132/><N who="1" m="50730" /><E72/><V80/><F99/><W12/><G20/><T27/><D65/><U98/><E98/><V51/><F51/><W106/><G9/><AGARI ba="0,0" hai="0,3,8,9,10,80,85,90,95,96,103" m="41993" machi="9" ten="30,1500,0" yaku="10,1" doraHai="71" who="2" fromWho="3" sc="156,0,285,0,189,15,370,-15" /><INIT seed="6,1,0,5,4,1" ten="156,285,204,355" oya="2" hai0="108,129,35,67,37,80,38,52,50,33,87,46,99" hai1="23,43,83,12,28,6,125,20,14,133,2,78,42" hai2="58,26,21,66,41,13,73,128,112,11,119,106,100" hai3="71,45,51,88,61,111,102,63,47,39,92,110,115"/><V77/><F119/><W27/><G115/><T19/><D108/><U48/><E133/><V40/><F112/><W56/><G102/><T79/><D129/><U94/><E125/><V9/><F128/><W89/><G27/><T131/><D131/><U103/><E2/><V16/><F73/><W122/><G122/><T69/><D38/><U107/><E107/><V132/><F132/><W15/><G15/><T68/><D37/><U98/><E42/><V7/><F77/><W25/><G25/><T127/><D127/><U54/><E43/><N who="2" m="16459" /><F106/><W29/><G29/><T86/><D99/><U93/><E93/><V123/><F123/><W124/><G39/><T59/><D86/><N who="1" m="48503" /><E14/><N who="2" m="5439" /><F100/><W120/><G120/><T97/><D97/><U96/><E96/><V126/><F126/><W31/><G124/><T70/><REACH who="0" step="1"/><D19/><REACH who="0" ten="146,285,204,355" step="2"/><U105/><E105/><V113/><F113/><W44/><G111/><T76/><D76/><U4/><E28/><V22/><F26/><W104/><G31/><T116/><D116/><U130/><E130/><V91/><F91/><W18/><G88/><T5/><D5/><N who="1" m="2155" /><E12/><V84/><F84/><W75/><G110/><T24/><D24/><U3/><E3/><V85/><F85/><W8/><G75/><T49/><D49/><U109/><E109/><V118/><F118/><W53/><G51/><T82/><D82/><U95/><E95/><V0/><F0/><W32/><G92/><T62/><AGARI ba="1,1" hai="33,35,46,50,52,59,62,67,68,69,70,79,80,87" machi="62" ten="40,8000,1" yaku="1,1,0,1,54,1,53,1" doraHai="1" doraHaiUra="55" who="0" fromWho="0" sc="146,93,285,-21,204,-41,355,-21" /><INIT seed="7,0,0,1,4,13" ten="239,264,163,334" oya="3" hai0="134,30,58,126,105,88,27,74,89,73,92,60,17" hai1="125,10,98,69,38,63,77,3,68,53,6,133,122" hai2="110,18,11,25,24,82,116,109,50,76,42,64,22" hai3="79,0,85,36,132,46,4,51,115,5,95,21,35"/><W66/><G35/><T83/><D105/><U87/><E122/><V108/><F64/><W57/><G132/><T71/><D71/><U43/><E133/><V39/><F39/><W7/><G115/><T61/><D134/><U31/><E125/><V103/><F103/><W100/><G36/><T101/><D126/><U65/><E31/><V84/><F116/><W14/><G0/><T54/><D101/><U34/><E34/><V62/><F62/><N who="3" m="38223" /><G21/><N who="0" m="13743" /><D73/><U135/><E135/><V40/><F11/><N who="3" m="4455" /><G79/><T23/><D74/><U120/><E120/><V41/><REACH who="2" step="1"/><F25/><REACH who="2" ten="239,264,153,334" step="2"/><W52/><G100/><T129/><D61/><U33/><E63/><V96/><F96/><W47/><G47/><AGARI ba="0,1" hai="18,22,24,40,41,42,47,50,76,82,84,108,109,110" machi="47" ten="40,2600,0" yaku="1,1,52,1,53,0" doraHai="13" doraHaiUra="113" who="2" fromWho="3" sc="239,0,264,0,153,36,334,-26" owari="239,-16.0,264,6.0,189,-31.0,308,41.0" /></mjloggm>