<mjloggm ver="2.3"><GO type="97" lobby="0"/><UN n0="%E3%81%9B%E3%81%B6%E3%82%93%E3%81%A4%E3%81%84%E3%82%93" n1="%4F%6C%64%38%38" n2="%40%74%6F%72%61" n3="%E3%82%A6%E3%83%AB%E3%83%88%E3%83%A9%E7%AB%8B%E7%9B%B4" dan="15,13,15,13" rate="2028.50,1849.72,1948.77,1863.52" sx="M,M,M,M"/><TAIKYOKU oya="0"/><INIT seed="0,0,0,3,2,129" ten="250,250,250,250" oya="0" hai0="15,64,21,95,94,33,25,11,77,132,105,70,24" hai1="109,82,63,29,37,57,111,18,78,48,108,42,5" hai2="80,121,22,2,0,112,50,44,96,3,30,117,20" hai3="113,134,76,1,125,85,107,9,13,28,47,90,23"/><T128/><D105/><U65/><E29/><V17/><F112/><W74/><G113/><T36/><D36/><U86/><E5/><V126/><F121/><W99/><G1/><T92/><D128/><U93/><E18/><V120/><F120/><W89/><G47/><T32/><D77/><U114/><E114/><V84/><F117/><W8/><G89/><T61/><D132/><U53/><E93/><V118/><F118/><W133/><G125/><T124/><D124/><U102/><E102/><V43/><F126/><W135/><G76/><T91/><D91/><U87/><E87/><V45/><F96/><W59/><G59/><T122/><D122/><U66/><E37/><V98/><F98/><W71/><G71/><T6/><REACH who="0" step="1"/><D25/><REACH who="0" ten="240,250,250,250" step="2"/><U60/><REACH who="1" step="1"/><E42/><REACH who="1" ten="240,240,250,250" step="2"/><V100/><F43/><W51/><G133/><T34/><D34/><U110/><N who="1" m="28160" /><DORA hai="115" /><U14/><E14/><V104/><F0/><W58/><G13/><T88/><D88/><U69/><E69/><V12/><F2/><W46/><G90/><T127/><D127/><U116/><E116/><V40/><F3/><W35/><G135/><T31/><AGARI ba="0,2" hai="6,11,15,21,24,31,32,33,61,64,70,92,94,95" machi="31" ten="30,3000,0" yaku="1,1,0,1,53,0" doraHai="129,115" doraHaiUra="68,103" who="0" fromWho="0" sc="240,50,240,-10,250,-10,250,-10" /><INIT seed="0,1,0,1,4,68" ten="290,230,240,240" oya="0" hai0="111,132,2,6,125,59,81,75,63,83,61,82,66" hai1="35,85,124,15,93,115,45,80,101,105,48,17,108" hai2="90,51,10,3,46,133,29,31,78,53,32,42,129" hai3="14,38,88,96,0,34,49,100,28,130,54,12,4"/><T21/><D132/><U23/><E35/><V50/><F133/><W73/><G73/><T117/><D117/><U89/><E115/><V40/><F32/><W43/><G130/><T128/><D128/><U18/><E124/><V84/><F78/><W118/><G118/><T126/><D75/><U44/><E108/><V64/><F64/><W8/><G28/><T5/><D111/><U58/><E105/><V87/><F129/><W1/><G34/><T91/><D2/><U30/><E30/><V112/><F87/><W95/><G1/><T114/><D114/><U134/><E134/><V36/><F42/><W79/><G79/><T72/><D72/><U120/><E120/><V98/><F50/><W99/><G43/><T57/><D21/><U9/><E58/><N who="0" m="22025" /><D91/><U113/><E113/><V62/><F112/><W24/><G24/><T37/><D37/><U65/><E65/><V123/><F123/><W92/><G38/><T109/><D66/><U67/><E67/><V131/><F131/><W116/><G116/><T110/><D109/><U74/><E74/><V22/><F3/><W106/><REACH who="3" step="1"/><G106/><REACH who="3" ten="290,230,240,230" step="2"/><T47/><D110/><U25/><E48/><V39/><F39/><W107/><G107/><T55/><D125/><U121/><E121/><V41/><F36/><W13/><G13/><T71/><D126/><U86/><REACH who="1" step="1"/><E101/><REACH who="1" ten="290,220,240,230" step="2"/><V11/><F29/><W70/><G70/><T20/><D71/><U76/><AGARI ba="1,2" hai="9,15,17,18,23,25,44,45,76,80,85,86,89,93" machi="76" ten="20,8000,1" yaku="1,1,2,1,0,1,7,1,8,1,53,0" doraHai="68" doraHaiUra="27" who="1" fromWho="1" sc="290,-41,220,103,240,-21,230,-21" /><INIT seed="1,0,0,2,1,16" ten="249,323,219,209" oya="1" hai0="48,38,119,126,100,6,0,105,79,121,83,21,33" hai1="74,60,97,25,12,62,44,109,17,32,61,132,35" hai2="80,27,89,69,7,31,20,37,65,58,75,123,51" hai3="66,124,47,1,102,106,26,13,110,85,125,90,64"/><U127/><E74/><V9/><F37/><W30/><G1/><T128/><D119/><U55/><E132/><V63/><F123/><W82/><G110/><T117/><D117/><U94/><E127/><N who="3" m="48714" /><G13/><T57/><D38/><U86/><E109/><V59/><F51/><W118/><G118/><T36/><D36/><U5/><E5/><V19/><F31/><W116/><G116/><T73/><D33/><U92/><E25/><V91/><F91/><W93/><G106/><T77/><D6/><U71/><E71/><V72/><F72/><W68/><G68/><T107/><D0/><U88/><E44/><V23/><F23/><N who="3" m="15711" /><G47/><T42/><D105/><U43/><E43/><V10/><F10/><W96/><AGARI ba="0,0" hai="64,66,82,85,90,93,96,102" m="15711,48714" machi="96" ten="30,2000,0" yaku="18,1,52,1" doraHai="16" who="3" fromWho="3" sc="249,-5,323,-10,219,-5,209,20" /><INIT seed="2,0,0,3,2,9" ten="244,313,214,229" oya="2" hai0="100,123,4,41,86,53,88,5,26,73,75,24,67" hai1="104,35,83,66,87,135,99,22,29,37,103,30,6" hai2="68,115,7,127,80,28,16,117,94,11,110,61,32" hai3="45,40,23,89,63,54,12,125,111,107,133,51,77"/><V101/><F115/><W90/><G107/><T33/><D123/><U97/><E37/><V113/><F117/><W102/><G111/><T13/><D67/><U82/><E135/><V116/><F116/><W98/><G125/><T69/><D69/><U58/><E35/><V44/><F110/><W124/><G124/><T119/><D33/><U70/><E70/><V50/><F127/><W131/><G131/><T25/><D119/><U92/><E6/><N who="0" m="2665" /><D75/><U129/><E129/><V59/><F68/><W14/><G133/><T132/><D73/><U91/><E22/><V62/><F28/><W52/><G77/><T1/><D41/><U65/><E82/><V85/><F32/><W46/><G102/><T118/><D100/><U84/><E84/><V109/><F109/><W78/><G78/><T2/><D1/><U128/><E128/><V3/><F113/><W134/><G134/><T42/><D42/><U108/><E108/><V20/><F94/><N who="3" m="56655" /><G23/><T60/><D2/><U105/><E105/><V64/><F101/><W126/><G126/><T93/><D132/><U95/><E104/><V112/><F112/><W56/><G90/><T74/><D74/><U120/><E120/><V15/><F62/><W122/><G122/><T72/><D72/><U36/><E36/><V38/><F38/><W17/><G17/><T55/><D118/><U27/><E27/><V57/><F61/><W76/><G76/><T0/><D60/><N who="1" m="38039" /><E66/><V49/><F64/><W43/><G43/><T114/><D114/><U48/><E48/><AGARI ba="0,0" hai="12,14,40,45,46,48,51,52,54,56,63" m="56655" machi="48" ten="30,7700,0" yaku="8,1,52,2,54,1" doraHai="9" who="3" fromWho="1" sc="244,0,313,-77,214,0,229,77" /><INIT seed="3,0,0,3,0,1" ten="244,236,214,306" oya="3" hai0="100,90,48,6,33,111,135,53,49,39,104,7,66" hai1="89,92,87,82,70,132,58,50,47,25,91,125,30" hai2="41,71,23,129,74,110,116,11,57,4,28,43,16" hai3="121,21,124,95,109,107,44,51,122,128,134,56,102"/><W31/><G107/><T108/><D39/><U38/><E132/><V105/><F71/><W98/><G134/><T69/><D33/><U83/><E125/><V2/><F105/><W133/><G133/><T127/><D135/><U29/><E70/><V76/><F116/><W32/><G32/><T10/><D127/><U130/><E130/><V61/><F129/><W24/><G128/><T86/><D10/><U123/><E123/><V34/><F76/><W36/><G124/><T113/><D49/><U17/><E38/><V96/><F96/><W55/><G109/><N who="0" m="42059" /><D113/><U19/><E58/><V115/><F74/><W26/><G36/><T60/><D100/><U37/><E37/><V9/><F9/><W67/><G26/><T65/><D65/><U88/><E30/><V46/><F115/><W114/><G114/><T85/><D104/><U8/><E8/><V15/><F46/><W42/><G42/><T101/><D101/><U27/><E27/><N who="2" m="18719" /><F110/><W18/><G18/><N who="1" m="6666" /><E82/><V119/><F119/><W64/><G64/><AGARI ba="0,0" hai="2,4,11,15,16,23,41,43,57,61,64" m="18719" machi="64" ten="30,3900,0" yaku="24,1,52,1,54,1" doraHai="1" who="2" fromWho="3" sc="244,0,236,0,214,39,306,-39" /><INIT seed="4,0,0,1,5,48" ten="244,236,253,267" oya="0" hai0="58,118,37,72,120,132,38,31,92,121,69,43,36" hai1="95,30,77,134,109,59,125,3,110,42,1,135,27" hai2="41,45,19,100,82,119,81,12,75,127,50,130,133" hai3="128,9,105,117,74,25,10,53,84,51,46,22,63"/><T93/><D72/><U94/><E77/><V18/><F119/><W56/><G105/><T16/><D69/><U129/><E42/><V122/><F122/><W55/><G74/><T114/><D118/><U49/><E49/><V6/><F75/><W98/><G128/><T90/><D31/><U124/><E59/><V85/><F130/><W99/><G84/><N who="0" m="52295" /><D43/><U14/><E95/><V80/><F100/><W4/><G117/><T13/><D114/><U47/><E47/><V106/><F106/><W79/><G79/><T60/><D132/><N who="1" m="50731" /><E94/><V23/><F133/><W126/><G126/><N who="1" m="48746" /><E14/><N who="2" m="9687" /><F127/><W57/><G46/><T96/><D93/><U61/><E61/><V17/><F85/><W131/><G131/><T71/><D96/><U35/><E129/><V76/><F76/><W5/><G98/><T86/><D86/><U7/><E7/><N who="3" m="2634" /><G99/><T83/><D83/><U66/><E66/><V104/><F104/><W78/><G78/><T101/><D71/><U97/><E97/><V103/><F103/><W115/><G115/><T62/><D101/><U70/><E70/><V111/><F81/><W26/><G26/><T54/><D121/><U40/><E40/><V102/><F102/><W28/><AGARI ba="0,0" hai="9,10,22,25,28,51,53,55,56,57,63" m="2634" machi="28" ten="30,4000,0" yaku="8,1,52,2" doraHai="48" who="3" fromWho="3" sc="244,-20,236,-10,253,-10,267,40" owari="224,-28.0,226,-17.0,243,4.0,307,41.0" /></mjloggm>