<mjloggm ver="2.3"><GO type="41" lobby="0"/><UN n0="%E5%8C%97%E5%AE%B6%E5%B8%B8%E9%80%A3" n1="%E3%81%BD%E3%81%BF%E3%82%85" n2="%E3%82%A6%E3%83%AB%E3%83%88%E3%83%A9%E7%AB%8B%E7%9B%B4" n3="%6E%6F%4E%61%6D%65" dan="16,14,15,15" rate="2020.55,1960.29,2013.61,2019.81" sx="M,F,M,M"/><TAIKYOKU oya="0"/><INIT seed="0,0,0,2,5,39" ten="250,250,250,250" oya="0" hai0="40,0,32,131,43,57,84,106,115,96,101,118,77" hai1="22,105,107,37,35,75,69,86,116,93,18,49,129" hai2="99,52,47,5,11,132,71,134,121,95,108,87,27" hai3="67,65,135,28,68,80,41,21,14,3,10,119,51"/><T70/><D118/><U78/><E116/><V83/><F71/><W125/><G119/><T60/><D115/><U19/><E69/><V90/><F27/><W111/><G111/><T61/><D0/><U20/><E35/><V74/><F74/><W63/><G125/><T55/><D131/><U123/><E37/><V79/><F108/><W48/><G135/><T130/><D130/><U126/><E123/><V114/><F114/><W33/><G67/><T44/><D44/><U112/><E112/><V23/><F23/><W29/><G80/><T13/><D32/><U124/><E75/><V120/><F120/><W76/><G76/><T88/><D77/><U54/><E129/><V64/><F64/><W53/><G33/><T17/><D61/><U9/><E105/><V34/><F34/><W42/><G3/><T46/><D46/><U104/><E104/><V100/><F121/><W73/><G73/><T66/><D66/><U56/><E107/><V117/><F117/><W4/><G51/><T12/><D70/><U26/><E9/><V91/><F134/><W6/><G6/><T113/><D113/><U98/><E86/><V59/><F47/><W7/><G7/><T133/><D133/><U94/><E78/><V36/><F36/><W82/><G82/><T25/><D25/><N who="1" m="14487" /><E98/><V8/><F132/><W109/><G109/><T2/><D2/><U89/><E89/><N who="2" m="33803" /><F5/><W81/><G4/><T128/><D128/><U30/><E30/><V122/><F122/><W103/><G29/><T16/><D17/><U58/><E58/><V62/><AGARI ba="0,0" hai="8,11,52,59,62,79,83,87,95,99,100" m="33803" machi="62" ten="30,2000,0" yaku="8,1,54,1" doraHai="39" who="2" fromWho="2" sc="250,-10,250,-5,250,20,250,-5" /><INIT seed="1,0,0,0,2,106" ten="240,245,270,245" oya="1" hai0="85,13,116,3,135,91,64,2,25,57,89,54,77" hai1="69,6,34,118,132,4,123,52,56,8,98,41,55" hai2="31,92,72,101,62,131,122,71,117,10,53,42,51" hai3="19,45,99,83,60,100,7,94,65,78,29,97,81"/><U95/><E123/><V1/><F122/><W40/><G7/><T121/><D116/><U46/><E118/><V127/><F117/><W24/><G19/><T11/><D121/><U48/><E69/><V75/><F31/><W67/><G99/><T37/><D37/><U84/><E34/><V9/><F9/><W93/><G93/><T120/><D120/><U104/><E104/><V113/><F1/><W32/><G60/><T105/><D105/><U66/><E132/><V38/><F10/><W30/><G30/><T126/><D135/><U112/><E112/><V129/><F92/><W17/><G17/><T111/><D126/><U76/><E66/><N who="2" m="41431" /><F101/><W58/><G58/><T21/><D64/><U44/><E76/><V0/><F0/><W102/><G102/><T5/><D77/><U119/><E119/><V59/><F127/><W39/><REACH who="3" step="1"/><G83/><REACH who="3" ten="240,245,270,235" step="2"/><T80/><D3/><U61/><E6/><V27/><F27/><W87/><AGARI ba="0,1" hai="24,29,32,39,40,45,65,67,78,81,87,94,97,100" machi="87" ten="20,5200,0" yaku="1,1,2,1,0,1,7,1,53,0" doraHai="106" doraHaiUra="16" who="3" fromWho="3" sc="240,-13,245,-26,270,-13,235,62" /><INIT seed="2,0,0,4,2,69" ten="227,219,257,297" oya="2" hai0="37,16,68,53,50,61,130,105,70,92,4,108,52" hai1="97,32,88,21,120,71,18,118,36,102,24,111,12" hai2="81,45,83,13,121,20,28,78,1,79,67,8,95" hai3="110,119,39,109,75,98,100,43,87,19,33,125,59"/><V46/><F1/><W64/><G119/><T135/><D105/><U96/><E118/><V126/><F121/><W129/><G75/><T99/><D4/><U127/><E71/><V51/><F126/><W103/><G125/><T57/><D135/><U82/><E127/><V0/><F0/><W132/><G132/><T76/><D76/><U34/><E120/><V107/><F107/><W90/><G129/><T15/><D130/><U38/><E111/><N who="3" m="42506" /><G33/><T73/><D73/><U17/><E34/><V104/><F104/><W3/><G3/><T80/><D80/><N who="2" m="30794" /><F67/><W123/><G123/><T62/><D37/><U134/><E134/><V122/><F122/><W114/><G114/><T63/><D108/><U42/><E42/><N who="2" m="25015" /><F46/><N who="3" m="23935" /><G19/><T49/><D70/><U47/><E47/><V44/><F44/><W115/><G115/><T27/><D68/><U30/><E18/><N who="2" m="8487" /><F95/><N who="3" m="54751" /><G98/><T9/><D27/><AGARI ba="0,0" hai="20,27,28,78,79" m="8487,25015,30794" machi="27" ten="30,1500,0" yaku="8,1" doraHai="69" who="2" fromWho="0" sc="227,-15,219,0,257,15,297,0" /><INIT seed="2,1,0,3,5,80" ten="212,219,272,297" oya="2" hai0="130,62,78,59,21,71,20,90,118,89,133,55,39" hai1="34,77,22,127,86,58,32,26,48,29,132,96,75" hai2="45,81,98,125,84,1,54,112,64,42,43,135,36" hai3="9,124,12,35,73,17,6,44,120,15,134,70,37"/><V111/><F1/><W28/><G73/><T68/><D133/><U0/><E0/><V95/><F112/><W104/><G104/><T87/><D130/><U50/><E75/><V53/><F135/><W25/><G70/><T108/><D118/><U128/><E132/><V115/><F115/><W57/><G57/><T18/><D39/><U10/><E128/><V93/><F125/><W66/><G66/><T101/><D101/><U123/><E127/><V67/><F111/><W46/><G134/><T92/><D108/><U49/><E123/><V7/><F7/><W40/><G46/><T110/><D21/><U117/><E117/><V51/><F36/><W63/><G63/><T47/><D47/><U88/><E10/><V121/><F121/><W41/><G41/><N who="2" m="15369" /><F54/><W74/><G74/><T119/><D78/><U24/><E58/><V94/><F98/><W38/><G124/><T65/><D65/><U72/><E72/><V114/><F114/><W107/><G107/><T2/><D2/><U14/><E14/><V60/><F60/><W33/><G120/><T126/><D126/><U30/><E22/><V61/><F61/><W31/><G38/><T76/><D76/><AGARI ba="1,0" hai="45,51,53,64,67,76,81,84,93,94,95" m="15369" machi="76" ten="30,2900,0" yaku="8,1,52,1" doraHai="80" who="2" fromWho="0" sc="212,-32,219,0,272,32,297,0" /><INIT seed="2,2,0,1,0,131" ten="180,219,304,297" oya="2" hai0="130,83,109,135,85,117,51,72,119,3,58,121,45" hai1="50,13,37,116,66,94,10,33,68,115,55,92,76" hai2="102,96,28,112,42,26,46,73,80,99,23,5,43" hai3="81,8,29,38,27,125,113,110,74,120,20,97,86"/><V44/><F112/><W14/><G120/><T22/><D121/><U19/><E115/><V0/><F0/><W34/><G113/><T52/><D3/><U65/><E37/><V84/><F5/><W123/><G123/><T79/><D130/><U40/><E40/><V12/><F12/><W31/><G110/><T39/><D109/><U60/><E33/><V87/><F73/><W67/><G125/><T71/><D71/><U47/><E116/><V18/><F18/><W114/><G114/><T11/><D11/><U1/><E1/><V126/><F126/><W54/><G38/><T127/><D127/><U64/><E64/><V36/><F80/><W32/><G74/><T104/><D104/><U41/><E41/><V17/><F17/><W70/><G97/><T105/><D105/><U62/><REACH who="1" step="1"/><E76/><REACH who="1" ten="180,209,304,297" step="2"/><V30/><F36/><W25/><G67/><T128/><D128/><U91/><E91/><V63/><F43/><W98/><G34/><T93/><D117/><U106/><E106/><V24/><F42/><W100/><G32/><T16/><D119/><U133/><E133/><V118/><F118/><W101/><G101/><T134/><D39/><U15/><E15/><V35/><F102/><W103/><G100/><T69/><D45/><U48/><E48/><V77/><F77/><W75/><G103/><T78/><D78/><U82/><E82/><V95/><F95/><W89/><G81/><T2/><D2/><U61/><E61/><V57/><F46/><W132/><G89/><N who="0" m="53423" /><D69/><AGARI ba="2,1" hai="10,13,19,47,50,55,60,62,65,66,68,69,92,94" machi="69" ten="30,7700,0" yaku="1,1,7,1,9,1,53,1" doraHai="131" doraHaiUra="49" who="1" fromWho="0" sc="180,-83,209,93,304,0,297,0" /><INIT seed="3,0,0,5,1,96" ten="97,302,304,297" oya="3" hai0="100,42,20,67,85,82,18,115,78,24,47,29,0" hai1="33,107,133,120,81,86,8,41,48,110,92,27,114" hai2="62,112,77,127,105,76,6,80,26,109,23,79,66" hai3="84,21,98,49,7,58,31,65,71,37,68,118,40"/><W63/><G118/><T30/><D115/><U60/><E114/><V95/><F105/><W104/><G7/><T61/><D0/><U83/><E107/><V69/><F112/><W89/><G37/><T22/><D22/><U117/><E120/><V17/><F127/><W43/><G31/><T12/><D24/><U128/><E8/><V91/><F109/><W50/><G21/><T93/><D93/><U34/><E60/><V59/><F69/><W119/><G119/><T57/><REACH who="0" step="1"/><D100/><REACH who="0" ten="87,302,304,297" step="2"/><U4/><E92/><V129/><F129/><W121/><G121/><T135/><D135/><U54/><E117/><V74/><F6/><W45/><G104/><T88/><D88/><U53/><E128/><V14/><F26/><W106/><G106/><T103/><D103/><U90/><E110/><V125/><F125/><W35/><G35/><T64/><D64/><U19/><E33/><V44/><F91/><W111/><G111/><T73/><D73/><U15/><E34/><V2/><F95/><W11/><G11/><T113/><D113/><U75/><E75/><V132/><F2/><W101/><G101/><T16/><D16/><U94/><E27/><V87/><F132/><W124/><G124/><T70/><D70/><U72/><E133/><V97/><F74/><W134/><G134/><T9/><D9/><N who="1" m="4519" /><E19/><V39/><F97/><W51/><G98/><T32/><D32/><U55/><E72/><V116/><F116/><W5/><G71/><T122/><D122/><U108/><E108/><V123/><F123/><W56/><G68/><T36/><AGARI ba="0,1" hai="12,18,20,29,30,36,42,47,57,61,67,78,82,85" machi="36" ten="20,2700,0" yaku="1,1,0,1,7,1,53,0" doraHai="96" doraHaiUra="130" who="0" fromWho="0" sc="87,37,302,-7,304,-7,297,-13" /><INIT seed="4,0,0,2,0,10" ten="124,295,297,284" oya="0" hai0="25,38,7,35,33,63,45,132,106,96,47,21,37" hai1="1,19,3,62,17,22,51,117,134,75,110,88,107" hai2="28,129,124,54,108,118,16,68,46,131,56,66,86" hai3="105,119,120,73,50,81,90,6,94,12,83,71,114"/><T60/><D132/><U8/><E110/><V85/><F108/><W116/><G119/><T40/><D7/><U29/><E107/><V23/><F28/><W41/><G116/><T26/><D106/><U49/><E75/><V64/><F46/><W11/><G114/><T130/><D96/><U32/><E117/><V99/><F99/><W15/><G120/><T84/><D84/><U27/><E134/><V76/><F118/><W67/><G105/><T43/><REACH who="0" step="1"/><D21/><REACH who="0" ten="114,295,297,284" step="2"/><U55/><E32/><V24/><F85/><W93/><G6/><T52/><D52/><U48/><E55/><V97/><F97/><W69/><G73/><T72/><D72/><U87/><E87/><V65/><F86/><W103/><G81/><T89/><D89/><U109/><E109/><V58/><F76/><W91/><G90/><T101/><D101/><U44/><E88/><V125/><F54/><W78/><G91/><T79/><D79/><U133/><E133/><V70/><F125/><W127/><G78/><T53/><D53/><U80/><E80/><V104/><F124/><W20/><G83/><T14/><D14/><U111/><E111/><V36/><F104/><W61/><G15/><T74/><D74/><U128/><E1/><V31/><F23/><W100/><G12/><T30/><D30/><U0/><E29/><V39/><F31/><W82/><G20/><T34/><D34/><U98/><E98/><V18/><F66/><W95/><G82/><T113/><D113/><U59/><E0/><V4/><F4/><W9/><G127/><T122/><D122/><U135/><E135/><RYUUKYOKU ba="0,1" sc="114,15,295,-15,297,15,284,-15" hai0="25,26,33,35,37,38,40,43,45,47,60,63,130" hai2="16,18,24,36,39,56,58,64,65,68,70,129,131" /><INIT seed="4,1,1,5,1,14" ten="129,280,312,269" oya="0" hai0="68,107,5,119,132,106,0,76,114,11,17,56,59" hai1="86,127,124,97,73,67,122,19,26,93,60,62,135" hai2="74,109,102,6,79,58,87,46,37,51,101,69,90" hai3="43,66,48,126,110,85,15,8,88,125,54,49,33"/><T41/><D119/><U23/><E73/><V24/><F69/><W81/><G110/><T3/><D68/><U47/><E122/><V63/><F37/><W7/><G66/><T116/><D116/><U105/><E135/><V12/><F109/><W98/><G98/><T18/><D76/><U133/><E133/><V115/><F79/><W89/><G33/><T120/><D132/><U78/><E47/><V34/><F74/><W130/><G130/><T40/><D11/><U42/><E42/><V131/><F131/><W32/><G32/><T92/><D92/><U45/><E45/><V55/><F115/><W83/><G83/><T30/><D30/><U65/><E105/><V52/><F24/><W29/><G29/><T57/><D5/><U70/><E86/><V35/><F35/><W113/><G113/><T36/><D36/><U27/><E27/><V61/><F61/><W84/><G84/><T94/><D94/><U95/><E78/><V77/><F34/><W99/><G99/><T100/><D100/><U108/><E108/><V1/><F1/><N who="0" m="586" /><D114/><U128/><E128/><V16/><F6/><W80/><G80/><T82/><D82/><U44/><E44/><V10/><F77/><W4/><G4/><T53/><D53/><U25/><E25/><V50/><F63/><W123/><G89/><T28/><D28/><U71/><E95/><AGARI ba="1,1" hai="10,12,16,46,50,51,52,55,58,87,90,95,101,102" machi="95" ten="30,8000,1" yaku="7,1,8,1,52,1,54,2" doraHai="14" who="2" fromWho="1" sc="129,0,280,-83,312,93,269,0" /><INIT seed="5,0,0,4,5,46" ten="129,197,405,269" oya="1" hai0="129,34,61,96,31,37,69,23,128,118,77,70,103" hai1="7,51,29,104,102,2,91,54,109,52,127,107,18" hai2="90,82,81,4,132,63,24,87,62,99,59,95,39" hai3="122,44,49,28,15,30,33,6,94,36,123,111,5"/><U42/><E127/><V56/><F39/><W75/><G111/><T98/><D77/><U113/><E109/><V74/><F74/><W110/><G110/><T85/><D37/><U9/><E113/><V115/><F132/><W73/><G36/><T67/><D70/><U106/><E29/><V105/><F105/><W26/><G94/><T17/><D118/><U58/><E102/><V117/><F117/><W89/><G89/><T48/><D85/><U66/><E91/><V120/><F120/><W108/><G108/><T79/><D79/><U64/><E42/><V21/><F4/><W19/><G30/><T92/><D98/><U20/><REACH who="1" step="1"/><E54/><REACH who="1" ten="129,187,405,269" step="2"/><N who="2" m="34071" /><F115/><W100/><G28/><T25/><D129/><U71/><E71/><V119/><F119/><W0/><G100/><T16/><D128/><U88/><E88/><V3/><F99/><W124/><G124/><T1/><D34/><U13/><AGARI ba="0,1" hai="2,7,9,13,18,20,51,52,58,64,66,104,106,107" machi="13" ten="30,12000,1" yaku="1,1,0,1,52,1,54,1,53,1" doraHai="46" doraHaiUra="47" who="1" fromWho="1" sc="129,-40,187,130,405,-40,269,-40" /><INIT seed="5,1,0,0,1,87" ten="89,317,365,229" oya="1" hai0="122,95,67,30,38,130,25,114,3,72,78,119,69" hai1="10,128,60,37,111,34,52,93,43,55,113,15,108" hai2="68,76,124,102,56,106,66,81,61,36,77,90,105" hai3="32,11,86,104,7,17,89,118,31,116,127,83,40"/><U132/><E34/><V94/><F36/><W80/><G127/><T46/><D95/><U13/><E113/><V53/><F124/><W41/><G104/><T51/><D51/><U91/><E132/><V18/><F102/><W79/><G17/><T123/><D114/><U109/><E128/><V62/><F18/><W5/><G31/><T21/><D130/><U24/><E24/><V85/><REACH who="2" step="1"/><F77/><REACH who="2" ten="89,317,355,229" step="2"/><W50/><G79/><T47/><D119/><U70/><E37/><V58/><F58/><W73/><G116/><T103/><D103/><U42/><E70/><V12/><F12/><N who="1" m="4681" /><E10/><V101/><F101/><W121/><G11/><T71/><D38/><U4/><E4/><V9/><F9/><W33/><G7/><T20/><D3/><U74/><E74/><AGARI ba="1,1" hai="53,56,61,62,66,68,74,76,81,85,90,94,105,106" machi="74" ten="30,7700,0" yaku="1,1,7,1,52,1,53,1" doraHai="87" doraHaiUra="84" who="2" fromWho="1" sc="89,0,317,-80,355,90,229,0" /><INIT seed="6,0,0,3,1,85" ten="89,237,445,229" oya="2" hai0="11,62,119,0,60,127,79,131,72,47,17,2,51" hai1="99,88,56,125,58,43,105,21,132,129,122,49,81" hai2="90,10,114,42,24,33,48,12,111,29,28,44,39" hai3="130,123,120,95,38,1,108,86,18,71,106,20,97"/><V64/><F114/><W110/><G130/><T83/><D119/><U93/><E129/><V100/><F111/><W80/><G1/><T45/><D131/><U116/><E116/><V14/><F100/><W63/><G38/><T37/><D127/><U59/><E125/><V89/><F64/><W54/><G106/><T133/><D2/><U53/><E132/><V121/><F121/><W78/><G108/><T113/><D113/><U52/><E122/><V13/><F10/><W115/><G115/><T101/><D17/><U23/><E105/><V5/><F5/><W94/><G110/><T102/><D133/><U84/><E43/><V75/><F75/><W104/><G104/><T103/><D47/><N who="1" m="27711" /><E53/><V22/><F39/><W41/><G41/><T87/><D51/><U19/><E19/><N who="2" m="12383" /><F33/><W68/><G68/><T9/><D87/><U8/><E8/><V107/><F107/><W74/><G74/><T7/><REACH who="0" step="1"/><D11/><REACH who="0" ten="79,237,445,229" step="2"/><U57/><N who="1" m="14336" /><DORA hai="31" /><U91/><AGARI ba="0,1" hai="21,23,81,84,88,91,93,99" m="14336,27711" machi="91" ten="40,12000,2" yaku="4,1,8,1,52,2,54,2" doraHai="85,31" who="1" fromWho="1" sc="79,-30,237,130,445,-60,229,-30" /><INIT seed="7,0,0,1,2,114" ten="49,367,385,199" oya="3" hai0="78,62,26,123,95,59,69,35,68,94,53,52,19" hai1="31,77,128,83,107,41,16,65,99,127,84,90,119" hai2="130,70,64,93,79,47,49,43,8,109,42,12,116" hai3="86,5,112,129,76,25,126,101,29,4,103,115,89"/><W85/><G126/><T133/><D35/><U11/><E127/><V87/><F116/><W28/><G129/><T23/><D69/><U120/><E120/><V27/><F109/><W72/><G25/><T0/><D68/><U92/><E128/><V7/><F130/><W121/><G89/><T2/><D123/><U38/><E119/><V32/><F64/><W96/><G96/><T6/><D6/><U13/><E107/><V102/><F70/><W46/><G46/><T82/><D133/><U58/><E38/><V73/><F73/><W124/><G124/><T44/><D2/><U39/><E39/><V48/><F48/><W106/><G121/><T33/><D0/><U122/><E122/><V15/><F15/><W81/><G81/><T110/><D33/><U54/><E31/><V100/><F42/><W125/><G125/><T9/><D9/><U113/><E113/><V66/><F66/><W60/><G60/><T75/><D110/><U74/><E65/><V40/><F40/><W117/><G106/><T21/><D21/><U10/><E41/><V56/><F56/><W50/><G50/><T61/><D44/><U97/><E11/><V63/><F63/><AGARI ba="0,0" hai="10,13,16,54,58,63,74,77,83,84,90,92,97,99" machi="63" ten="30,2000,0" yaku="7,1,54,1" doraHai="114" who="1" fromWho="2" sc="49,0,367,20,385,-20,199,0" owari="49,-45.0,387,48.0,365,17.0,199,-20.0" /></mjloggm>