<mjloggm ver="2.3"><GO type="97" lobby="0"/><UN n0="%E3%81%A6%E3%81%A4%E3%81%AE%E3%82%84" n1="%E3%82%A6%E3%83%AB%E3%83%88%E3%83%A9%E7%AB%8B%E7%9B%B4" n2="%4D%2E%4B%65%6E" n3="%E5%AE%87%E5%AE%99%E9%9B%86%E4%BC%9A" dan="13,15,14,15" rate="1849.76,1978.55,1964.28,1938.76" sx="M,M,M,F"/><TAIKYOKU oya="0"/><INIT seed="0,0,0,3,5,116" ten="250,250,250,250" oya="0" hai0="65,117,86,51,67,100,47,127,38,97,120,75,89" hai1="111,57,29,115,126,125,129,33,4,68,83,7,46" hai2="14,122,41,101,60,15,112,62,103,130,56,77,37" hai3="12,43,16,79,72,21,133,9,95,66,90,6,13"/><T80/><D117/><U121/><E68/><V26/><F112/><W108/><G133/><T109/><D127/><N who="1" m="48651" /><E57/><V119/><F119/><W88/><G43/><T73/><D38/><U31/><E46/><V58/><F130/><W1/><G108/><T27/><D120/><U61/><E61/><V5/><F26/><W54/><G66/><T49/><D109/><U11/><E83/><V10/><F77/><W106/><G106/><T82/><D27/><N who="1" m="18623" /><E111/><V134/><F122/><W50/><G72/><T69/><D69/><U74/><E74/><V25/><F25/><W24/><G79/><T48/><D47/><U40/><E40/><V34/><F34/><W30/><G95/><T118/><D118/><U99/><E99/><V105/><F134/><W64/><G64/><T28/><D28/><U123/><E115/><V39/><F41/><W104/><G104/><T44/><D44/><U17/><E31/><V19/><F105/><W98/><G98/><T124/><D124/><U52/><E52/><N who="2" m="33799" /><F39/><W2/><G2/><T114/><D114/><U110/><E110/><V36/><F36/><W128/><G128/><T93/><REACH who="0" step="1"/><D73/><REACH who="0" ten="240,250,250,250" step="2"/><U102/><E129/><V59/><F37/><W76/><G24/><T8/><D8/><U63/><E121/><V22/><F59/><W91/><G9/><T96/><D96/><U92/><E123/><V84/><F84/><W132/><G132/><T45/><D45/><U3/><E11/><V55/><AGARI ba="0,1" hai="5,10,14,15,19,22,55,58,62,101,103" m="33799" machi="55" ten="30,2000,0" yaku="8,1,54,1" doraHai="116" who="2" fromWho="2" sc="240,-10,250,-5,250,30,250,-5" /><INIT seed="1,0,0,5,4,48" ten="230,245,280,245" oya="1" hai0="112,32,96,82,53,87,14,76,124,102,110,52,79" hai1="78,129,66,81,51,57,62,67,117,36,23,13,105" hai2="6,34,98,84,10,8,12,37,22,0,25,31,70" hai3="91,50,43,120,101,29,130,113,128,90,93,41,35"/><U125/><E105/><V95/><F37/><W72/><G72/><T111/><D112/><U132/><E117/><V4/><F70/><W106/><G113/><T77/><D32/><U44/><E36/><V121/><F84/><W134/><G120/><T122/><D124/><U15/><E125/><V38/><F38/><W107/><G134/><T5/><D122/><U21/><E132/><V86/><F86/><W131/><G50/><T45/><D45/><U55/><E129/><N who="3" m="33026" /><W24/><DORA hai="16" /><G101/><T73/><D14/><N who="1" m="5131" /><E78/><N who="0" m="30313" /><D5/><U46/><E81/><V30/><F121/><W1/><G1/><T49/><D49/><N who="1" m="29095" /><E67/><V69/><F69/><W127/><G127/><T88/><D73/><U83/><E83/><V7/><F95/><W27/><G27/><T68/><N who="0" m="30321" /><T64/><DORA hai="97" /><D68/><U119/><E119/><V108/><F98/><N who="3" m="57655" /><G91/><T40/><D64/><U26/><E26/><N who="2" m="18775" /><F108/><N who="0" m="41514" /><D40/><AGARI ba="0,0" hai="21,23,40,46,51,57,62,66" m="29095,5131" machi="40" ten="30,11600,0" yaku="8,1,52,3" doraHai="48,16,97" who="1" fromWho="0" sc="230,-116,245,116,280,0,245,0" /><AGARI ba="0,0" hai="24,29,35,40,41,43,106,107" m="57655,33026" machi="40" ten="40,1300,0" yaku="19,1" doraHai="48,16,97" who="3" fromWho="0" sc="114,-13,361,0,280,0,245,13" /><INIT seed="1,1,0,1,0,132" ten="101,361,280,258" oya="1" hai0="92,68,13,6,134,46,86,100,133,58,21,41,126" hai1="82,87,1,49,71,27,17,88,34,130,53,127,52" hai2="104,108,109,28,105,15,125,45,75,29,48,10,121" hai3="57,89,50,117,19,5,42,69,94,78,9,120,40"/><U3/><E71/><V47/><F75/><W96/><G120/><T115/><D68/><U37/><E37/><V72/><F72/><W73/><G117/><T67/><D115/><U101/><E101/><V4/><F121/><W0/><G69/><T91/><D100/><U84/><E84/><V128/><F47/><W39/><G39/><T30/><D6/><U102/><E102/><V81/><F128/><W26/><G73/><T43/><D43/><U51/><E17/><V116/><F116/><W54/><REACH who="3" step="1"/><G78/><REACH who="3" ten="101,361,280,248" step="2"/><T93/><D92/><U110/><E130/><V131/><F131/><W106/><G106/><T79/><D79/><U7/><E110/><N who="2" m="42603" /><F81/><W66/><G66/><T16/><D30/><N who="2" m="11882" /><F125/><W119/><G119/><T64/><D126/><U103/><E127/><V14/><F105/><W56/><G56/><T118/><D118/><U99/><E82/><V23/><F104/><W22/><AGARI ba="1,1" hai="0,5,9,19,22,26,40,42,50,54,57,89,94,96" machi="22" ten="30,2000,0" yaku="1,1,0,1,53,0" doraHai="132" doraHaiUra="65" who="3" fromWho="3" sc="101,-6,361,-11,280,-6,248,33" /><INIT seed="2,0,0,1,5,116" ten="95,350,274,281" oya="2" hai0="4,125,62,26,65,104,79,10,91,117,55,47,75" hai1="60,51,28,105,39,106,67,22,63,5,69,40,15" hai2="92,37,107,97,131,82,32,68,122,76,9,18,31" hai3="24,16,95,71,109,133,113,25,108,94,66,130,70"/><V129/><F68/><N who="3" m="26155" /><G66/><T46/><D104/><U86/><E63/><V80/><F37/><W99/><G113/><T123/><D117/><U90/><E39/><V33/><F31/><W61/><G61/><T38/><D125/><U44/><E5/><V73/><F82/><W124/><G124/><T59/><D26/><N who="3" m="10345" /><G130/><N who="2" m="49673" /><F107/><W11/><G133/><T23/><D23/><U54/><E28/><V78/><F76/><W81/><G81/><T64/><D79/><U77/><E77/><V29/><F29/><W56/><G56/><T102/><D75/><U83/><E105/><V84/><F73/><W0/><G0/><T27/><D27/><U98/><E106/><V96/><F97/><W50/><G50/><N who="0" m="29143" /><D10/><U7/><E98/><V36/><F36/><W35/><G35/><T17/><D17/><U34/><E34/><V49/><F49/><W58/><G58/><T93/><D4/><U20/><E7/><V88/><F122/><W57/><G57/><T112/><D112/><U115/><E115/><V8/><F8/><W41/><G41/><N who="0" m="22967" /><D102/><U89/><E69/><V42/><F42/><W45/><G45/><T52/><D91/><N who="1" m="51679" /><E40/><V135/><F135/><W126/><G126/><T1/><D93/><N who="3" m="35337" /><G99/><T132/><D1/><U30/><E22/><V128/><N who="2" m="49681" /><V12/><AGARI ba="0,0" hai="9,12,18,32,33,78,80,84,88,92,96" m="49681" machi="12" ten="40,7800,0" yaku="4,1,19,1,54,1" doraHai="116" who="2" fromWho="2" sc="95,-26,350,-26,274,78,281,-26" /><INIT seed="2,1,0,0,5,73" ten="69,324,352,255" oya="2" hai0="47,118,68,43,52,30,49,124,108,72,23,57,3" hai1="42,134,86,45,46,84,113,79,95,128,92,10,85" hai2="48,117,115,63,91,76,82,12,36,11,37,50,19" hai3="22,32,35,24,116,106,61,98,133,65,6,75,55"/><V60/><F117/><W77/><G116/><T64/><D118/><U110/><E113/><V78/><F115/><W70/><G133/><T104/><D72/><U96/><E134/><V28/><F37/><W69/><G6/><T25/><D104/><U33/><E33/><V129/><F36/><W15/><G70/><T29/><D108/><U132/><E132/><V114/><F114/><W99/><G15/><T13/><D3/><U71/><E71/><V135/><F135/><W5/><G5/><T100/><D124/><U17/><E110/><V87/><F28/><W131/><G131/><T80/><D100/><U130/><E130/><V66/><F129/><W93/><G106/><T88/><D13/><N who="1" m="7351" /><E128/><V89/><F89/><W16/><G55/><T74/><D74/><U94/><E96/><V56/><F63/><W90/><REACH who="3" step="1"/><G99/><REACH who="3" ten="69,324,352,245" step="2"/><T54/><D54/><U39/><E42/><V40/><F40/><W119/><G119/><T20/><D68/><U62/><E62/><V58/><F56/><W126/><G126/><T7/><D64/><U125/><E125/><V21/><F11/><W127/><G127/><T111/><D7/><U31/><E46/><V123/><F123/><W109/><G109/><T103/><D111/><U83/><E45/><V38/><F38/><W53/><G53/><T112/><D112/><U14/><E39/><V27/><F12/><W34/><G34/><T26/><D43/><U67/><E14/><V105/><F105/><W81/><AGARI ba="1,1" hai="16,22,24,32,35,61,65,69,75,77,81,90,93,98" machi="81" ten="30,7900,0" yaku="1,1,0,1,52,1,54,1,53,0" doraHai="73" doraHaiUra="51" who="3" fromWho="3" sc="69,-21,324,-21,352,-40,245,92" /><INIT seed="3,0,0,5,2,57" ten="48,303,312,337" oya="3" hai0="7,106,99,10,41,113,53,116,38,1,16,48,5" hai1="78,22,100,121,11,66,46,39,109,124,79,85,28" hai2="104,92,96,4,58,29,51,110,56,30,45,34,15" hai3="35,43,112,128,132,75,91,103,131,20,14,94,63"/><W31/><G112/><T125/><D116/><U49/><E121/><V32/><F104/><W54/><G75/><T18/><D113/><U77/><E39/><V55/><F34/><W0/><G0/><T24/><D125/><U82/><E124/><V71/><F71/><W25/><G132/><T6/><D38/><U80/><E109/><V134/><F134/><W74/><G74/><T76/><D41/><U86/><E100/><V126/><F126/><W83/><G43/><T50/><D76/><U135/><E135/><V23/><F32/><W123/><G123/><T95/><D106/><U111/><E111/><V8/><F110/><W108/><G108/><T133/><D133/><U12/><E66/><V107/><F107/><W33/><G83/><T26/><D1/><U67/><E67/><V69/><F69/><W127/><G127/><T102/><D10/><U97/><E97/><V118/><F118/><W17/><G103/><T84/><D84/><U52/><E22/><V70/><F70/><W9/><G35/><T65/><D65/><U60/><E28/><N who="2" m="10859" /><F23/><W64/><G64/><T19/><REACH who="0" step="1"/><D53/><REACH who="0" ten="38,303,312,337" step="2"/><N who="1" m="29879" /><E85/><V59/><F55/><W122/><G122/><T36/><D36/><U27/><E86/><V89/><F51/><AGARI ba="0,1" hai="5,6,7,16,18,19,24,26,48,50,51,95,99,102" machi="51" ten="40,5200,0" yaku="1,1,8,1,54,1,53,0" doraHai="57" doraHaiUra="72" who="0" fromWho="2" sc="38,62,303,0,312,-52,337,0" owari="100,-40.0,303,10.0,260,-14.0,337,44.0" /></mjloggm>