<mjloggm ver="2.3"><GO type="41" lobby="0"/><UN n0="%72%61%64%65%72" n1="%E5%B0%B1%E6%B4%BB%E7%94%9F%40%E5%B7%9D%E6%9D%91%E8%BB%8D%E5%9B%A3" n2="%E3%81%86%E3%81%A9%E3%82%93%E5%B1%8B" n3="%E9%BB%92%E8%88%B9" dan="15,15,13,14" rate="2010.59,2012.02,1856.12,1981.91" sx="M,M,M,M"/><TAIKYOKU oya="0"/><INIT seed="0,0,0,3,5,87" ten="250,250,250,250" oya="0" hai0="92,70,114,7,117,44,79,38,33,112,31,98,128" hai1="63,89,111,39,103,99,19,61,4,64,84,72,76" hai2="37,23,26,107,134,88,95,21,74,12,126,25,102" hai3="58,120,54,34,109,119,27,82,118,55,93,32,90"/><T13/><D117/><U122/><E122/><V28/><F37/><W68/><G120/><T9/><D70/><U49/><E39/><V113/><F113/><W71/><G109/><T131/><D79/><U24/><E111/><V96/><F74/><W133/><G82/><T42/><D31/><U35/><E72/><V86/><F134/><W65/><G133/><T116/><D33/><U73/><E73/><V59/><F126/><W75/><G75/><T124/><D124/><U14/><E76/><V11/><F59/><W85/><G65/><T5/><D7/><U45/><E4/><V41/><F41/><W81/><G81/><T18/><D18/><U43/><E35/><V29/><F12/><W101/><G101/><T8/><D8/><AGARI ba="0,0" hai="8,11,21,23,25,26,28,29,86,88,95,96,102,107" machi="8" ten="40,5200,0" yaku="9,1,52,1,54,1" doraHai="87" who="2" fromWho="0" sc="250,-52,250,0,250,52,250,0" /><INIT seed="1,0,0,1,5,129" ten="198,250,302,250" oya="1" hai0="105,35,98,107,88,31,24,59,38,11,75,113,62" hai1="131,39,30,123,5,101,1,60,36,2,50,57,118" hai2="130,61,99,127,29,71,49,33,93,103,44,115,9" hai3="48,27,40,20,25,67,8,89,120,34,82,102,53"/><U76/><E123/><V85/><F130/><W112/><G112/><T10/><D75/><U77/><E118/><V14/><F115/><W84/><G120/><T108/><D108/><U91/><E131/><V55/><F127/><W111/><G111/><T97/><D38/><U23/><E101/><V134/><F85/><W80/><G40/><T72/><D72/><U65/><E36/><V126/><F126/><W4/><G67/><T83/><D113/><U13/><E39/><V96/><F96/><W78/><G34/><T110/><D110/><U104/><E104/><V17/><F33/><W135/><G20/><T109/><D109/><U81/><E30/><V26/><F29/><W56/><G135/><T46/><D46/><U94/><E50/><V6/><F71/><W66/><G66/><T95/><D83/><U117/><E117/><V100/><F61/><W64/><G64/><T106/><REACH who="0" step="1"/><D97/><REACH who="0" ten="188,250,302,250" step="2"/><U87/><E76/><V79/><F79/><W21/><G78/><T119/><D119/><U58/><E77/><V73/><F73/><W43/><G80/><T132/><D132/><U45/><E81/><V12/><F99/><W116/><G82/><T125/><D125/><U128/><E128/><V121/><F44/><W0/><G116/><T19/><D19/><U7/><E45/><V63/><F17/><W133/><G133/><T92/><D92/><U54/><E54/><AGARI ba="0,1" hai="10,11,24,31,35,54,59,62,88,95,98,105,106,107" machi="54" ten="40,5200,0" yaku="1,1,54,1,53,1" doraHai="129" doraHaiUra="28" who="0" fromWho="1" sc="188,62,250,-52,302,0,250,0" /><INIT seed="2,0,0,3,4,42" ten="250,198,302,250" oya="2" hai0="88,47,68,89,109,44,51,128,77,83,24,41,57" hai1="22,81,127,98,36,121,123,31,115,8,105,9,40" hai2="111,108,125,30,2,95,93,38,1,3,101,116,70" hai3="54,100,62,85,99,72,73,60,53,78,15,107,50"/><V129/><F70/><W91/><G78/><T130/><D109/><N who="2" m="42058" /><F116/><W10/><G54/><N who="0" m="30055" /><D24/><N who="1" m="16791" /><E115/><V35/><F125/><W104/><G104/><T119/><D57/><U49/><E127/><V39/><F129/><N who="0" m="49770" /><D119/><U37/><E105/><V80/><F80/><W64/><G64/><T59/><D59/><U97/><E49/><V23/><F35/><W56/><G62/><T58/><D58/><U55/><E55/><V33/><F33/><W102/><G60/><T29/><D29/><U16/><E81/><V118/><F118/><W124/><G124/><T0/><D0/><U5/><E40/><V66/><F66/><W65/><G65/><T131/><N who="0" m="49778" /><T82/><DORA hai="26" /><D68/><U20/><E37/><N who="2" m="13835" /><F101/><W113/><G102/><T11/><D11/><N who="1" m="4171" /><E36/><V94/><F23/><W4/><REACH who="3" step="1"/><G113/><REACH who="3" ten="250,198,302,240" step="2"/><T32/><D32/><U75/><E75/><V7/><F7/><W27/><G27/><T28/><D77/><U19/><E5/><V96/><F96/><N who="1" m="36969" /><E20/><V43/><F30/><W12/><G12/><T45/><D28/><U87/><E123/><V92/><F43/><W132/><G132/><T52/><D41/><U21/><E121/><V122/><F122/><W14/><G14/><T34/><D34/><U112/><E112/><V18/><F2/><W25/><G25/><T46/><D52/><U79/><E21/><V90/><F1/><W84/><G84/><N who="0" m="50199" /><D83/><AGARI ba="0,1" hai="4,10,15,50,53,56,72,73,83,85,91,99,100,107" machi="83" ten="30,3900,0" yaku="1,1,7,1,53,1" doraHai="42,26" doraHaiUra="76,17" who="3" fromWho="0" sc="250,-39,198,0,302,0,240,49" /><INIT seed="3,0,0,2,2,104" ten="211,198,302,289" oya="3" hai0="27,78,90,13,49,84,83,1,18,10,53,103,44" hai1="14,2,28,39,125,106,11,65,42,126,99,123,112" hai2="71,107,62,63,73,40,69,16,122,75,133,72,81" hai3="20,132,80,9,67,134,31,79,43,128,86,36,46"/><W51/><G128/><T52/><D103/><N who="1" m="62847" /><E112/><V100/><F40/><W3/><G67/><T56/><D1/><U34/><E123/><V135/><F122/><W115/><G115/><T97/><D27/><N who="1" m="18719" /><E65/><V30/><F30/><W68/><G68/><N who="2" m="26185" /><F81/><W15/><G3/><T57/><D53/><U110/><E110/><V6/><F6/><N who="3" m="3511" /><G36/><T129/><D129/><U92/><E92/><AGARI ba="0,0" hai="10,13,18,44,49,52,56,57,78,83,84,90,92,97" machi="92" ten="40,2600,0" yaku="8,1,54,1" doraHai="104" who="0" fromWho="1" sc="211,26,198,-26,302,0,289,0" /><INIT seed="4,0,0,5,2,75" ten="237,172,302,289" oya="0" hai0="38,114,133,108,96,131,109,85,70,15,81,113,54" hai1="77,64,126,98,80,36,129,125,7,94,63,134,104" hai2="5,45,95,84,8,67,100,112,28,102,72,124,33" hai3="130,21,103,49,82,35,97,120,123,59,11,127,128"/><T117/><D54/><U3/><E36/><V44/><F72/><W40/><G35/><T115/><D15/><U47/><E104/><V101/><F112/><N who="0" m="28674" /><T111/><DORA hai="22" /><D70/><U76/><E129/><N who="3" m="49770" /><G11/><T69/><D69/><N who="1" m="42143" /><E134/><V86/><F124/><N who="1" m="47721" /><E80/><V78/><F67/><W12/><G127/><T79/><D38/><U68/><E68/><V91/><F28/><W31/><G82/><T58/><D131/><U16/><E47/><V48/><F33/><W14/><G14/><T24/><D58/><U17/><E7/><V74/><F45/><N who="3" m="25767" /><G59/><T119/><D133/><U13/><E3/><V107/><F44/><W121/><G12/><T4/><D4/><U1/><E1/><V71/><F5/><W87/><G123/><T29/><D96/><U43/><E43/><V2/><F2/><W88/><G97/><T30/><D30/><U118/><E118/><V132/><F71/><W53/><G53/><T73/><D73/><U10/><E17/><V62/><F74/><W105/><G120/><T37/><D37/><U39/><E39/><V61/><F132/><W89/><G121/><T56/><D56/><U27/><E27/><V90/><F61/><W65/><G65/><T20/><AGARI ba="0,0" hai="20,24,29,79,81,85,108,109,111,117,119" m="28674" machi="20" ten="50,12000,1" yaku="10,1,15,1,52,2" doraHai="75,22" who="0" fromWho="0" sc="237,120,172,-40,302,-40,289,-40" /><INIT seed="4,1,0,3,3,35" ten="357,132,262,249" oya="0" hai0="125,36,123,71,119,29,88,131,104,68,22,7,93" hai1="34,102,118,26,120,124,40,135,51,61,83,42,86" hai2="72,48,46,113,82,114,65,134,74,100,110,111,14" hai3="129,18,127,38,73,107,10,77,87,59,47,33,105"/><T108/><D123/><U96/><E118/><V11/><F134/><W43/><G33/><T121/><D104/><U70/><E120/><V89/><F100/><W128/><G73/><T116/><D68/><U75/><E135/><V54/><F65/><W63/><G127/><T9/><D36/><U62/><E124/><V98/><F98/><W21/><G10/><T12/><D131/><N who="3" m="50249" /><G87/><T81/><D71/><U92/><E75/><N who="2" m="28715" /><F89/><W20/><G77/><T64/><D64/><U27/><E70/><V94/><F94/><W126/><G126/><T85/><D121/><U45/><E40/><V84/><F82/><W13/><G21/><T67/><D67/><AGARI ba="1,0" hai="13,18,20,38,43,47,59,63,67,105,107" m="50249" machi="67" ten="30,1000,0" yaku="19,1" doraHai="35" who="3" fromWho="0" sc="357,-13,132,0,262,0,249,13" /><INIT seed="5,0,0,3,3,110" ten="344,132,262,262" oya="1" hai0="84,131,133,41,65,9,130,53,73,14,49,66,91" hai1="4,127,72,61,128,134,100,11,129,132,83,33,36" hai2="87,64,78,55,48,30,120,121,37,28,109,1,40" hai3="102,111,107,95,2,89,86,46,44,113,104,57,27"/><U125/><E36/><V85/><F109/><W0/><G111/><T21/><D21/><U123/><E123/><V77/><F1/><W76/><G27/><T135/><D41/><U119/><E119/><V16/><F64/><N who="0" m="24682" /><D73/><U3/><E61/><V81/><F40/><W38/><G38/><T96/><D96/><U124/><E100/><V75/><F37/><W79/><G102/><T56/><D91/><U92/><E92/><V90/><F75/><W106/><G57/><T115/><D115/><U24/><E83/><V101/><F101/><W97/><G113/><T18/><D84/><U32/><E72/><V117/><F117/><W71/><G71/><T122/><D122/><U93/><E93/><V67/><F67/><W63/><G63/><T116/><D116/><U50/><E50/><V34/><F34/><N who="1" m="13417" /><E24/><V6/><F77/><W43/><G43/><T126/><D126/><U13/><E13/><V59/><F121/><W29/><G97/><T25/><D25/><U51/><E51/><V70/><F120/><W105/><G105/><T112/><D112/><U45/><E45/><V23/><F70/><W118/><G118/><T98/><D98/><U31/><E31/><V54/><F54/><W88/><G29/><T8/><D49/><U10/><E10/><V108/><F108/><W47/><REACH who="3" step="1"/><G89/><REACH who="3" ten="344,132,262,252" step="2"/><T39/><D39/><U69/><E69/><V58/><F58/><W52/><G52/><T20/><D53/><U99/><E99/><V22/><F55/><W74/><G74/><T103/><D56/><U15/><E3/><AGARI ba="0,1" hai="0,2,3,44,46,47,76,79,86,88,95,104,106,107" machi="3" ten="50,3200,0" yaku="1,1,54,1,53,0" doraHai="110" doraHaiUra="17" who="3" fromWho="1" sc="344,0,132,-32,262,0,252,42" /><INIT seed="6,0,0,3,1,13" ten="344,100,262,294" oya="2" hai0="110,61,3,49,78,18,84,98,109,25,114,89,116" hai1="33,102,66,37,87,81,51,88,45,118,43,48,111" hai2="132,117,64,20,30,31,94,128,79,39,73,113,21" hai3="58,0,120,6,107,100,4,69,46,101,23,126,11"/><V1/><F39/><W41/><G120/><T38/><D3/><U85/><E33/><V59/><F73/><W2/><G69/><T62/><D38/><U80/><E118/><V8/><F79/><W68/><G68/><T32/><D116/><U10/><E111/><V91/><F117/><W108/><G108/><T14/><D62/><U22/><E102/><V12/><F1/><W60/><G126/><T112/><D49/><U77/><E66/><V75/><F75/><W5/><G107/><T44/><D44/><U96/><E96/><V71/><F71/><W86/><G86/><T92/><D61/><U131/><E131/><V105/><F105/><W115/><G115/><N who="0" m="44075" /><D25/><U95/><E95/><V67/><F128/><W82/><G82/><N who="0" m="47191" /><D32/><U124/><E124/><V63/><F67/><W122/><G122/><T24/><D24/><U74/><E74/><V34/><F113/><W35/><G35/><T130/><D130/><U50/><E37/><V56/><F56/><W7/><G2/><T40/><D40/><U127/><E127/><V123/><F123/><W134/><G0/><T57/><D57/><U17/><REACH who="1" step="1"/><E10/><AGARI ba="0,0" hai="10,14,18,89,92,98,109,110" m="47191,44075" machi="10" ten="30,2000,0" yaku="15,1,52,1" doraHai="13" who="0" fromWho="1" sc="344,20,100,-20,262,0,294,0" /><INIT seed="7,0,0,3,3,3" ten="364,80,262,294" oya="3" hai0="31,17,82,124,0,128,95,2,29,15,94,9,19" hai1="23,123,30,115,62,13,49,104,66,52,91,99,40" hai2="77,36,41,134,85,14,93,20,51,47,65,81,79" hai3="44,119,133,28,61,42,116,68,1,6,109,101,33"/><W110/><G101/><T8/><D124/><U35/><E123/><V50/><F134/><W73/><G133/><T103/><D82/><U18/><E115/><V26/><F65/><N who="3" m="41007" /><G73/><T74/><D74/><U75/><E40/><V63/><F63/><W34/><G28/><N who="0" m="10827" /><D128/><U64/><E75/><V67/><F67/><W16/><G44/><T90/><D90/><U122/><E122/><V88/><F79/><W46/><G46/><T12/><D103/><U96/><E66/><V83/><F83/><W130/><G42/><T120/><D95/><U60/><E30/><V11/><F20/><W131/><G16/><N who="0" m="8199" /><D94/><U5/><E35/><N who="3" m="13322" /><G1/><N who="0" m="619" /><D120/><U38/><E38/><V45/><F26/><W118/><G6/><AGARI ba="0,0" hai="6,9,15,17,19" m="619,8199,10827" machi="6" ten="30,12000,2" yaku="35,5,52,1,54,1" doraHai="3" who="0" fromWho="3" sc="364,120,80,0,262,0,294,-120" owari="484,59.0,80,-42.0,262,6.0,174,-23.0" /></mjloggm>