<mjloggm ver="2.3"><GO type="97" lobby="0"/><UN n0="%E3%83%AD%E3%82%B8%E3%82%AB%E3%83%AB" n1="%E3%82%A6%E3%83%AB%E3%83%88%E3%83%A9%E7%AB%8B%E7%9B%B4" n2="%E5%A4%A9%E7%A5%9E%E4%B9%83%E9%9B%80" n3="%E5%B1%B1%E9%87%8E%E3%83%90%E3%83%B3" dan="15,14,14,13" rate="2009.33,1945.41,1869.85,1863.35" sx="M,M,M,M"/><TAIKYOKU oya="0"/><INIT seed="0,0,0,0,2,127" ten="250,250,250,250" oya="0" hai0="106,13,19,130,86,91,119,88,115,79,124,39,66" hai1="73,6,126,112,18,105,125,45,52,5,103,87,76" hai2="132,121,50,84,61,67,98,80,99,63,2,30,44" hai3="65,9,109,107,75,131,101,104,113,54,17,134,20"/><T83/><D39/><U22/><E73/><V111/><F121/><W69/><G101/><T49/><D119/><U41/><E112/><V57/><F2/><W82/><G113/><T8/><D115/><U120/><E120/><V135/><F111/><W15/><G109/><T47/><D106/><U37/><E103/><V77/><F30/><W94/><G94/><T40/><D124/><N who="1" m="47723" /><E105/><V100/><F63/><W118/><G54/><T95/><D66/><U128/><E52/><N who="2" m="29767" /><F100/><W14/><G118/><T34/><D34/><U21/><E87/><V3/><F3/><W59/><G104/><T97/><D130/><U72/><E76/><AGARI ba="0,0" hai="8,13,19,40,47,49,76,79,83,86,88,91,95,97" machi="76" ten="40,3900,0" yaku="8,1,54,1" doraHai="127" who="0" fromWho="1" sc="250,39,250,-39,250,0,250,0" /><INIT seed="0,1,0,3,2,25" ten="289,211,250,250" oya="0" hai0="28,114,110,105,9,89,83,10,36,75,95,29,98" hai1="48,99,3,108,6,57,134,47,24,117,53,42,82" hai2="128,22,123,16,45,51,43,65,112,85,104,135,46" hai3="2,17,55,77,37,127,49,81,11,15,73,69,70"/><T120/><D36/><U106/><E117/><V44/><F123/><W39/><G127/><T119/><D114/><U86/><E108/><V67/><F104/><W30/><G39/><T109/><D120/><U132/><E6/><V121/><F112/><W59/><G37/><T100/><D119/><U116/><E3/><V1/><F1/><W7/><G30/><N who="0" m="11883" /><D75/><U68/><E24/><V103/><F121/><W71/><G70/><T129/><D83/><U74/><E74/><V66/><F128/><W97/><G97/><N who="0" m="57583" /><D129/><U131/><E68/><V4/><F4/><W107/><G107/><T124/><D124/><U40/><E131/><V31/><F31/><W63/><G71/><T102/><D102/><U38/><E116/><V0/><F0/><W12/><G69/><T19/><D19/><U20/><E99/><V79/><F103/><W94/><G17/><T61/><D61/><U62/><E106/><V111/><F135/><W113/><G113/><T60/><D60/><U126/><E126/><V32/><F32/><W13/><G63/><T56/><D56/><U91/><E132/><V21/><F21/><W54/><G2/><T76/><D76/><U33/><E134/><V14/><F111/><AGARI ba="1,0" hai="9,10,98,100,105,109,110,111" m="57583,11883" machi="111" ten="30,12000,1" yaku="14,1,10,1,52,3" doraHai="25" who="0" fromWho="2" sc="289,123,211,0,250,-123,250,0" /><INIT seed="0,2,0,2,2,125" ten="412,211,127,250" oya="0" hai0="86,105,119,4,65,53,89,66,84,48,135,42,83" hai1="107,128,118,92,81,54,57,10,78,74,40,109,22" hai2="46,90,50,12,130,33,35,67,68,134,121,34,101" hai3="23,26,110,108,16,41,124,133,76,85,94,91,114"/><T0/><D105/><U93/><E118/><V59/><F121/><W120/><G114/><T32/><D119/><U69/><E69/><V1/><F130/><W39/><G124/><T103/><D32/><U8/><E107/><V111/><F134/><W55/><G120/><T96/><D135/><U56/><E109/><N who="3" m="42090" /><G76/><T27/><D42/><U2/><E22/><V97/><F68/><W19/><G133/><T3/><D27/><U60/><E128/><V75/><F75/><W15/><G39/><T87/><D3/><U5/><E10/><V24/><F1/><W64/><G41/><T49/><D4/><U102/><E102/><V129/><F129/><W6/><G64/><N who="0" m="24683" /><D0/><U13/><E13/><V51/><F12/><W71/><G71/><T132/><D132/><U77/><E77/><V123/><F123/><W126/><G126/><T9/><D9/><U58/><E56/><V80/><F111/><W43/><G43/><T52/><D103/><U72/><E72/><V14/><F14/><W7/><G55/><N who="0" m="21067" /><D83/><U38/><REACH who="1" step="1"/><E57/><REACH who="1" ten="412,201,127,250" step="2"/><V30/><F59/><W131/><G131/><T36/><D36/><U95/><E95/><AGARI ba="2,1" hai="48,49,84,86,87,89,95,96" m="21067,24683" machi="95" ten="30,2900,0" yaku="8,1,54,1" doraHai="125" who="0" fromWho="1" sc="412,45,201,-35,127,0,250,0" /><INIT seed="0,3,0,3,1,23" ten="457,166,127,250" oya="0" hai0="100,84,134,48,109,95,77,83,75,113,42,57,22" hai1="102,110,114,59,92,2,132,21,11,119,116,105,106" hai2="45,131,61,93,32,5,70,13,46,25,127,12,4" hai3="16,34,68,130,123,103,18,1,49,79,55,62,80"/><T99/><D113/><U24/><E114/><V30/><F127/><W7/><G34/><T26/><D134/><U33/><E33/><V115/><F131/><W129/><G103/><T120/><D120/><U10/><E132/><V71/><F115/><W63/><G7/><T73/><D109/><U121/><E121/><V78/><F78/><W29/><G1/><T51/><D42/><U101/><E110/><V117/><F117/><W37/><G37/><T9/><D9/><U20/><E59/><V94/><F61/><N who="3" m="23051" /><G29/><T111/><D111/><U86/><E92/><V88/><F30/><W69/><G69/><T122/><D122/><U39/><E86/><V124/><F32/><W74/><G68/><T112/><D112/><U82/><E82/><V8/><F124/><W89/><G89/><T40/><D40/><U54/><E54/><V50/><F88/><W128/><G123/><T6/><D6/><U126/><E126/><V3/><F3/><W41/><G41/><T125/><D125/><U72/><E2/><V47/><F8/><W43/><G43/><T97/><D57/><AGARI ba="3,0" hai="16,18,49,55,57,74,79,80,128,129,130" m="23051" machi="57" ten="30,2000,0" yaku="19,1,54,1" doraHai="23" who="3" fromWho="0" sc="457,-29,166,0,127,0,250,29" /><INIT seed="1,0,0,0,0,41" ten="428,166,127,279" oya="1" hai0="54,1,44,82,111,75,88,113,120,124,90,65,121" hai1="39,68,58,59,78,122,63,33,66,20,12,131,123" hai2="60,110,128,3,13,85,130,125,127,16,116,24,57" hai3="81,87,95,129,25,93,50,26,51,92,71,99,4"/><U53/><E33/><V10/><F116/><W56/><G4/><T14/><D1/><U8/><E131/><N who="2" m="50219" /><F85/><W18/><G71/><T108/><D113/><U84/><E39/><V15/><F110/><N who="0" m="42026" /><D65/><U72/><E72/><V34/><F57/><W28/><G18/><T107/><D107/><U69/><E69/><V32/><F60/><W102/><G129/><T119/><D119/><U22/><E68/><V2/><F15/><W11/><G11/><T76/><D124/><N who="2" m="47690" /><F24/><N who="3" m="9323" /><G28/><T43/><D54/><U133/><E133/><V117/><F117/><W109/><G109/><T80/><D14/><U29/><E29/><V6/><F2/><W36/><G36/><N who="0" m="21607" /><D80/><N who="1" m="47127" /><E123/><AGARI ba="0,0" hai="75,76,82,88,90,120,121,123" m="21607,42026" machi="123" ten="30,7700,0" yaku="13,1,14,1,52,1,54,1" doraHai="41" who="0" fromWho="1" sc="428,77,166,-77,127,0,279,0" /><INIT seed="2,0,0,2,3,27" ten="505,89,127,279" oya="2" hai0="122,99,60,103,107,19,12,89,13,112,5,8,18" hai1="16,111,73,47,134,50,34,109,123,106,67,74,3" hai2="102,17,7,97,32,110,37,82,59,41,64,83,11" hai3="101,133,132,31,113,88,10,77,79,84,39,46,51"/><V2/><F32/><W66/><G39/><T69/><D122/><U128/><E50/><V114/><F114/><W131/><G101/><T36/><D112/><U54/><E47/><V91/><F110/><W80/><G113/><T117/><D36/><U29/><E54/><V94/><F41/><N who="3" m="25039" /><G66/><T65/><D117/><U135/><E67/><V71/><F37/><W75/><G75/><N who="1" m="28682" /><E106/><V55/><F64/><W4/><G31/><T24/><D89/><U30/><E3/><V44/><F44/><W48/><G48/><T61/><D61/><U121/><E16/><V9/><F71/><W108/><G131/><T25/><D5/><U76/><E76/><V26/><F102/><W87/><G108/><N who="1" m="41546" /><E128/><V63/><REACH who="2" step="1"/><F11/><AGARI ba="0,0" hai="8,11,12,13,18,19,24,25,60,65,69,99,103,107" machi="11" ten="30,2000,0" yaku="7,1,9,1" doraHai="27" who="0" fromWho="2" sc="505,20,89,0,127,-20,279,0" /><INIT seed="3,0,0,1,5,128" ten="525,89,107,279" oya="3" hai0="2,118,59,16,1,73,113,100,17,98,46,20,109" hai1="84,28,43,14,95,101,129,120,34,106,29,44,72" hai2="3,58,74,41,40,10,45,83,85,50,60,93,27" hai3="127,66,130,0,30,37,69,32,115,19,24,71,25"/><W36/><G130/><T65/><D73/><U121/><E34/><V108/><F74/><W56/><G19/><T88/><D118/><U15/><E72/><V64/><F108/><W99/><G56/><T131/><D109/><U122/><E106/><V78/><F93/><W134/><G127/><T7/><D131/><U123/><N who="1" m="31232" /><DORA hai="117" /><U112/><E112/><V8/><F3/><W104/><G24/><T11/><D2/><U49/><E129/><V52/><F27/><W135/><G0/><T54/><D46/><U96/><REACH who="1" step="1"/><E84/><REACH who="1" ten="525,79,107,279" step="2"/><V89/><F78/><W87/><G115/><T92/><D113/><U70/><E70/><N who="3" m="26634" /><G87/><T132/><D65/><U9/><E9/><AGARI ba="0,1" hai="8,9,10,40,41,45,50,52,58,60,64,83,85,89" machi="9" ten="40,2600,0" yaku="8,1,54,1" doraHai="128,117" who="2" fromWho="1" sc="525,0,79,-26,107,36,279,0" owari="525,63.0,53,-45.0,143,-26.0,279,8.0" /></mjloggm>