<mjloggm ver="2.3"><GO type="97" lobby="0"/><UN n0="%E3%82%A6%E3%83%AB%E3%83%88%E3%83%A9%E7%AB%8B%E7%9B%B4" n1="%48%2D%45%52%4F" n2="%48%65%72%69%6F%73" n3="%4F%7A%61%6B%69%5F%4B%54" dan="14,14,14,14" rate="1949.91,1907.79,1876.30,1874.70" sx="M,M,M,F"/><TAIKYOKU oya="0"/><INIT seed="0,0,0,4,5,32" ten="250,250,250,250" oya="0" hai0="59,95,133,70,100,21,62,50,120,11,3,54,71" hai1="67,126,69,124,81,112,106,79,77,65,92,82,5" hai2="116,19,55,104,63,49,35,61,45,88,47,6,134" hai3="102,115,16,48,103,101,46,57,96,111,110,53,2"/><T0/><D120/><U99/><E112/><V121/><F104/><W105/><G115/><T90/><D100/><N who="1" m="60519" /><E106/><V38/><F121/><W74/><G74/><T52/><D133/><U40/><E40/><V12/><F134/><W73/><G73/><T107/><D107/><U14/><E69/><V78/><F35/><W36/><G105/><T123/><D123/><U1/><E1/><V41/><F78/><N who="1" m="29705" /><E14/><V28/><F28/><W4/><G96/><T15/><D70/><U132/><E132/><V108/><F116/><W114/><G114/><T131/><D131/><U24/><E24/><V72/><F72/><W23/><G36/><T98/><D21/><U39/><E5/><V113/><F113/><W42/><G42/><T117/><D117/><U129/><E39/><V87/><F6/><W33/><G33/><T31/><D31/><U89/><E129/><V29/><F29/><W93/><G93/><T66/><D54/><U91/><E67/><V22/><F108/><N who="3" m="41515" /><G4/><AGARI ba="0,0" hai="0,3,4,11,15,50,52,59,62,66,71,90,95,98" machi="4" ten="30,11600,0" yaku="7,1,52,2,54,1" doraHai="32" who="0" fromWho="3" sc="250,116,250,0,250,0,250,-116" /><INIT seed="0,1,0,3,4,77" ten="366,250,250,134" oya="0" hai0="59,88,92,99,131,107,72,58,41,112,35,123,23" hai1="2,116,69,110,29,31,44,86,106,10,55,75,104" hai2="76,64,17,4,21,1,128,15,13,97,74,84,39" hai3="113,119,89,122,37,96,46,133,101,71,50,121,6"/><T14/><D35/><U65/><E75/><V54/><F39/><W98/><G119/><T87/><D123/><N who="3" m="47113" /><G71/><T26/><D112/><U27/><E116/><V62/><F74/><W47/><G113/><T91/><D131/><U135/><E135/><V48/><F128/><W56/><G133/><T33/><D72/><U126/><E126/><V30/><F97/><W80/><G6/><T93/><D107/><U45/><E110/><V115/><F115/><W129/><G129/><T90/><D33/><U124/><E124/><V7/><F30/><W130/><G130/><T100/><D41/><U5/><E86/><V52/><F1/><W66/><G37/><T49/><D14/><U38/><E45/><N who="3" m="16906" /><G101/><T3/><D3/><U109/><E109/><V95/><F48/><W117/><G117/><T111/><D111/><U63/><E55/><N who="2" m="21035" /><F13/><W105/><G105/><T53/><D59/><U61/><E61/><V103/><F103/><W82/><G50/><T25/><D25/><U94/><E94/><V24/><F24/><W40/><G40/><T18/><AGARI ba="1,0" hai="18,23,26,49,53,58,87,88,90,91,92,93,99,100" machi="18" ten="20,7800,0" yaku="0,1,7,1,8,1,54,1" doraHai="77" who="0" fromWho="0" sc="366,81,250,-27,250,-27,134,-27" /><INIT seed="0,2,0,1,0,24" ten="447,223,223,107" oya="0" hai0="30,15,4,95,34,12,85,109,36,17,114,6,41" hai1="59,71,99,79,128,91,98,127,68,80,43,53,119" hai2="106,23,104,51,107,20,48,117,130,55,120,113,65" hai3="133,32,33,108,94,88,124,74,70,8,105,69,73"/><T61/><D36/><U123/><E123/><V50/><F120/><W76/><G76/><T134/><D114/><U82/><E128/><V103/><F113/><W56/><G56/><T1/><D1/><U77/><E119/><V132/><F130/><W0/><G88/><N who="0" m="53647" /><D34/><N who="3" m="13417" /><G94/><T84/><D109/><U118/><E118/><V62/><F117/><W101/><G108/><T49/><D134/><U92/><E127/><V29/><F132/><W89/><G89/><T9/><D61/><U39/><E79/><V78/><F78/><W52/><G52/><T11/><D84/><U16/><E99/><V102/><F55/><W90/><G90/><T44/><D17/><U25/><E43/><V45/><F45/><W31/><G133/><T14/><D14/><U121/><E121/><V100/><REACH who="2" step="1"/><F29/><AGARI ba="2,0" hai="4,6,9,11,12,15,29,30,41,44,49" m="53647" machi="29" ten="30,11600,0" yaku="8,1,52,2,54,1" doraHai="24" who="0" fromWho="2" sc="447,122,223,0,223,-122,107,0" /><INIT seed="0,3,0,5,4,63" ten="569,223,101,107" oya="0" hai0="40,92,37,134,66,1,107,36,60,11,99,47,79" hai1="28,130,115,94,23,87,110,127,41,106,21,43,27" hai2="69,2,101,131,74,80,44,88,68,84,51,102,32" hai3="46,77,97,120,114,38,65,82,18,129,56,113,59"/><T71/><D134/><U61/><E115/><V72/><F32/><W30/><G114/><T81/><D92/><U4/><E127/><V45/><F2/><W89/><G113/><T58/><D58/><U128/><E110/><V42/><F131/><N who="1" m="50217" /><E106/><V133/><F133/><W95/><G129/><T17/><D17/><U70/><E4/><V35/><F35/><W123/><G30/><T50/><D50/><U20/><E61/><V116/><F116/><W19/><G38/><N who="0" m="21911" /><D81/><U39/><E70/><V90/><F84/><N who="3" m="48207" /><G46/><T75/><D99/><U119/><E119/><V126/><F80/><W26/><G26/><T9/><D9/><U96/><E87/><V62/><F62/><N who="3" m="38087" /><G59/><T64/><D64/><U117/><E117/><V54/><F51/><W98/><G98/><T49/><D49/><U83/><E83/><V73/><F42/><N who="1" m="15881" /><E39/><N who="0" m="14921" /><D79/><U5/><E5/><V104/><F74/><W3/><G3/><T103/><D75/><U91/><AGARI ba="3,0" hai="20,21,23,27,28,91,94,96" m="15881,50217" machi="91" ten="30,1100,0" yaku="19,1" doraHai="63" who="1" fromWho="1" sc="569,-8,223,20,101,-6,107,-6" /><INIT seed="1,0,0,3,0,100" ten="561,243,95,101" oya="1" hai0="98,105,109,46,56,102,40,38,62,7,42,16,111" hai1="3,99,45,47,44,80,112,2,89,130,5,124,64" hai2="114,55,97,26,22,54,123,91,110,106,34,65,75" hai3="104,17,30,103,79,19,87,107,53,61,132,14,66"/><U6/><E112/><V31/><F123/><W27/><G132/><T92/><D7/><U71/><E130/><V25/><F114/><W119/><G119/><T58/><D42/><U128/><E128/><V41/><F75/><W131/><G131/><T50/><D38/><U39/><E124/><V127/><F127/><W69/><G53/><T73/><D73/><U24/><E39/><V0/><F0/><W37/><G37/><T93/><D16/><U59/><E71/><V74/><F41/><W33/><G103/><T36/><D36/><U134/><E134/><V70/><F74/><W13/><G79/><T68/><D68/><U43/><E43/><V122/><F122/><W78/><G78/><T67/><D56/><U23/><E2/><V82/><F82/><W115/><G87/><T21/><D21/><U118/><E3/><V32/><F32/><W83/><G83/><T49/><D49/><U96/><E118/><V63/><F91/><W18/><REACH who="3" step="1"/><G115/><REACH who="3" ten="561,243,95,91" step="2"/><T10/><REACH who="0" step="1"/><D10/><REACH who="0" ten="551,243,95,91" step="2"/><U15/><E80/><V51/><F51/><W108/><G108/><AGARI ba="0,2" hai="40,46,50,58,62,67,92,93,98,102,105,108,109,111" machi="108" ten="40,8000,1" yaku="1,1,2,1,14,1,52,1,53,0" doraHai="100" doraHaiUra="76" who="0" fromWho="3" sc="551,100,243,0,95,0,91,-80" /><INIT seed="2,0,0,1,1,71" ten="651,243,95,11" oya="2" hai0="64,37,39,82,112,126,127,83,78,81,87,44,31" hai1="20,28,117,61,116,100,113,10,48,24,52,72,47" hai2="45,106,33,16,38,103,58,98,124,46,95,57,114" hai3="79,51,105,66,1,119,36,129,3,18,133,80,59"/><V76/><F33/><W60/><G119/><T109/><D112/><U54/><E113/><V69/><F114/><W67/><G67/><T135/><D64/><U74/><E100/><V123/><F123/><W92/><G105/><T13/><D31/><U102/><E102/><V63/><F69/><W11/><G36/><N who="0" m="13899" /><D44/><U9/><E117/><V2/><F2/><W53/><G92/><T19/><D109/><U68/><E116/><V121/><F121/><W32/><G32/><T15/><D135/><U14/><E9/><V89/><F46/><W125/><G133/><T128/><D128/><U93/><E93/><V35/><F35/><W131/><G18/><T8/><D15/><U50/><E68/><V91/><F76/><W134/><G134/><T104/><D104/><U118/><E61/><V132/><F132/><W5/><G1/><T27/><D27/><U90/><E90/><V55/><F89/><W7/><G7/><T22/><D22/><U75/><E118/><V0/><F0/><W43/><G43/><T30/><D30/><U56/><E75/><V115/><F115/><W73/><REACH who="3" step="1"/><G125/><AGARI ba="0,0" hai="8,13,19,78,81,82,83,87,125,126,127" m="13899" machi="125" ten="30,7700,0" yaku="18,1,52,3" doraHai="71" who="0" fromWho="3" sc="651,77,243,0,95,0,11,-77" owari="728,83.0,243,4.0,95,-30.0,-66,-57.0" /></mjloggm>