<mjloggm ver="2.3"><GO type="41" lobby="0"/><UN n0="%E4%B8%80%E9%96%83%E3%81%95%E3%82%93" n1="%2A%E6%AD%8C%E6%99%82%E8%A8%98" n2="%E6%9D%B1%E5%8D%97%E8%B5%A4%E9%80%9F%E5%B0%82%E7%94%A8" n3="%E5%B0%B1%E6%B4%BB%E7%94%9F%40%E5%B7%9D%E6%9D%91%E8%BB%8D%E5%9B%A3" dan="15,14,13,13" rate="1933.67,1958.90,1864.46,1898.68" sx="M,F,M,M"/><TAIKYOKU oya="0"/><INIT seed="0,0,0,0,1,105" ten="250,250,250,250" oya="0" hai0="73,43,55,50,47,92,118,135,6,82,1,0,72" hai1="88,49,25,111,104,61,95,24,121,23,115,79,20" hai2="18,123,57,67,89,128,114,45,86,100,17,58,21" hai3="62,125,107,133,14,2,28,93,5,44,81,87,31"/><T113/><D113/><U70/><E104/><V35/><F35/><W56/><G107/><T78/><D118/><U69/><E115/><V4/><F123/><W127/><G2/><T32/><D32/><U91/><E79/><V119/><F114/><W120/><G120/><T65/><D135/><U46/><E121/><V99/><F128/><W106/><G106/><T39/><D65/><U96/><E91/><V77/><F77/><W11/><G133/><T26/><D26/><U117/><E111/><V130/><F130/><W9/><G9/><T15/><D92/><U110/><E110/><V108/><F108/><W53/><G93/><T51/><D51/><U129/><E129/><V132/><F132/><W52/><G44/><T63/><D63/><U10/><E10/><V102/><F119/><W27/><G53/><T36/><D36/><U116/><E61/><V94/><F4/><W80/><G80/><T7/><D73/><U103/><E103/><V38/><F102/><W109/><G109/><T66/><D66/><U122/><E122/><V64/><F45/><W54/><G54/><T71/><D71/><U8/><E8/><V13/><F18/><W84/><G84/><T76/><D76/><U60/><E60/><V41/><F41/><W112/><G112/><T68/><D68/><N who="1" m="26219" /><E117/><V101/><F101/><W33/><REACH who="3" step="1"/><G31/><REACH who="3" ten="250,250,250,240" step="2"/><T131/><D131/><U16/><E116/><V3/><F3/><W98/><G98/><T37/><D1/><U83/><E83/><N who="2" m="49375" /><F67/><W85/><G85/><T19/><D0/><U48/><E46/><V34/><F64/><W126/><G126/><RYUUKYOKU ba="0,1" sc="250,-15,250,15,250,-15,240,15" hai1="16,20,23,24,25,48,49,88,95,96" hai3="5,11,14,27,28,33,52,56,62,81,87,125,127" /><INIT seed="1,1,1,4,5,105" ten="235,265,235,255" oya="1" hai0="72,16,108,96,4,69,84,103,39,134,6,78,89" hai1="2,46,91,40,15,106,11,62,33,110,87,36,107" hai2="21,132,97,57,65,37,3,122,131,82,32,79,8" hai3="66,52,77,58,125,47,34,20,42,59,61,130,120"/><U119/><E2/><V63/><F122/><W80/><G34/><T17/><D69/><U60/><E119/><V50/><F37/><W70/><G120/><T129/><D39/><U86/><E33/><V29/><F32/><W23/><G125/><T30/><D30/><U123/><E123/><V24/><F131/><W22/><G130/><T124/><D129/><U102/><E87/><V127/><F127/><W92/><G92/><N who="0" m="54311" /><D124/><U74/><E74/><V26/><F132/><W135/><G135/><T90/><D90/><U71/><E71/><V55/><F24/><W1/><G1/><T93/><D134/><U128/><E128/><V31/><F97/><W25/><G25/><T51/><D51/><U111/><E102/><V98/><F98/><W44/><G42/><T10/><D108/><N who="1" m="41515" /><E107/><V109/><F109/><W41/><G41/><T48/><D48/><U81/><E106/><V117/><F117/><W76/><G70/><T13/><D4/><AGARI ba="1,1" hai="4,11,15,36,40,46,60,62,81,86,91" m="41515" machi="4" ten="30,2900,0" yaku="14,1,10,1" doraHai="105" who="1" fromWho="0" sc="235,-32,265,42,235,0,255,0" /><INIT seed="1,2,0,4,3,3" ten="203,307,235,255" oya="1" hai0="57,13,98,2,85,12,131,6,76,123,17,30,71" hai1="128,126,72,28,135,25,31,112,27,8,0,130,78" hai2="109,83,68,11,97,41,120,101,67,110,43,49,119" hai3="45,61,55,20,129,37,53,86,92,24,90,77,66"/><U93/><E112/><V46/><F120/><W106/><G106/><T14/><D71/><U87/><E72/><V70/><F119/><W104/><G104/><T26/><D123/><U60/><E126/><V59/><F83/><W124/><G129/><N who="1" m="49770" /><E60/><N who="2" m="38303" /><F11/><W91/><G124/><T10/><D131/><U21/><E78/><V36/><F97/><W89/><G77/><T52/><D98/><U51/><E51/><V105/><F101/><W88/><G37/><T4/><D2/><U32/><E87/><V99/><F99/><W40/><G40/><T34/><D13/><U50/><E93/><V103/><F103/><W127/><G45/><T108/><D14/><U133/><E50/><V39/><F105/><W73/><G73/><T82/><D108/><N who="2" m="41578" /><F43/><W58/><REACH who="3" step="1"/><G127/><REACH who="3" ten="203,307,235,245" step="2"/><T54/><REACH who="0" step="1"/><D54/><REACH who="0" ten="193,307,235,245" step="2"/><U95/><E135/><V22/><F22/><W81/><G81/><T65/><D65/><U7/><E133/><V62/><F70/><W38/><G38/><T125/><D125/><U116/><E95/><V113/><F113/><W100/><G100/><T23/><D23/><U29/><E116/><V69/><F69/><W75/><G75/><T44/><D44/><U111/><E111/><V117/><F117/><W122/><G122/><T80/><D80/><U118/><E118/><V94/><F94/><W134/><G134/><T56/><D56/><U35/><E31/><AGARI ba="2,2" hai="20,24,31,53,55,58,61,66,86,88,89,90,91,92" machi="31" ten="40,8000,1" yaku="1,1,8,1,54,1,53,1" doraHai="3" doraHaiUra="19" who="3" fromWho="1" sc="193,0,307,-86,235,0,245,106" /><INIT seed="2,0,0,3,5,109" ten="193,221,235,351" oya="2" hai0="89,11,75,22,125,14,63,42,98,61,17,71,36" hai1="41,55,129,30,2,112,124,0,52,15,134,133,96" hai2="20,16,54,28,53,101,37,25,106,82,1,72,31" hai3="57,97,40,117,64,88,77,19,108,58,38,51,84"/><V7/><F37/><W10/><G108/><T67/><D75/><U74/><E74/><V68/><F68/><W3/><G117/><T18/><D125/><U122/><E112/><V132/><F132/><N who="1" m="50793" /><E122/><V99/><F1/><N who="1" m="617" /><E41/><V104/><F7/><W48/><G38/><T13/><D63/><U93/><E30/><V105/><F31/><W119/><G119/><T9/><D22/><U115/><E115/><V79/><F54/><W49/><G40/><T43/><REACH who="0" step="1"/><D36/><REACH who="0" ten="183,221,235,351" step="2"/><U76/><E124/><V130/><F130/><W111/><G111/><T118/><D118/><U45/><E129/><V24/><REACH who="2" step="1"/><F53/><REACH who="2" ten="183,221,225,351" step="2"/><W50/><G64/><T33/><D33/><AGARI ba="0,2" hai="16,20,24,25,28,33,72,79,82,99,101,104,105,106" machi="33" ten="30,11600,0" yaku="1,1,2,1,7,1,54,1,53,0" doraHai="109" doraHaiUra="80" who="2" fromWho="0" sc="183,-116,221,0,225,136,351,0" /><INIT seed="2,1,0,1,3,124" ten="67,221,361,351" oya="2" hai0="127,27,82,25,110,26,119,32,125,103,53,70,105" hai1="1,52,123,58,39,18,99,89,117,83,42,51,92" hai2="67,86,37,81,7,14,48,112,122,126,108,43,56" hai3="95,75,49,46,91,4,47,15,45,62,59,55,40"/><V71/><F122/><W118/><G75/><T31/><D70/><U21/><E123/><V30/><F112/><W11/><REACH who="3" step="1"/><G118/><REACH who="3" ten="67,221,361,341" step="2"/><T130/><D119/><U6/><E117/><V90/><F126/><W73/><G73/><T131/><D125/><U17/><E6/><V69/><F108/><W104/><G104/><T72/><D127/><U13/><E1/><V29/><F71/><W10/><G10/><T35/><D110/><U111/><E111/><V93/><F69/><W114/><G114/><T50/><D105/><U106/><E106/><V85/><F37/><W60/><G60/><T79/><D103/><U109/><E109/><V84/><F7/><W88/><G88/><T3/><D3/><U54/><E39/><V120/><F120/><W94/><G94/><T133/><D133/><U8/><E83/><V38/><F38/><W134/><G134/><T5/><D5/><U115/><E115/><V33/><F81/><W19/><G19/><T68/><D68/><U64/><E64/><V41/><F93/><W129/><G129/><N who="0" m="49163" /><D31/><U20/><E42/><V66/><F41/><W116/><G116/><T28/><D28/><U9/><REACH who="1" step="1"/><E54/><REACH who="1" ten="67,211,361,341" step="2"/><N who="2" m="31815" /><F43/><W101/><G101/><T23/><D23/><U100/><E100/><V0/><F0/><W80/><G80/><T128/><N who="0" m="49171" /><T61/><DORA hai="96" /><D61/><U107/><E107/><V77/><F30/><W121/><G121/><T74/><D74/><U57/><E57/><AGARI ba="1,2" hai="25,26,27,32,35,50,53,57,72,79,82" m="49171" machi="57" ten="40,8000,1" yaku="19,1,52,4" doraHai="124,96" who="0" fromWho="1" sc="67,103,211,-83,361,0,341,0" /><INIT seed="3,0,0,3,2,36" ten="170,128,361,341" oya="3" hai0="61,78,10,127,0,105,12,118,87,2,81,11,23" hai1="93,80,88,30,79,111,7,130,71,125,14,109,70" hai2="26,124,5,17,19,133,52,9,33,95,73,101,62" hai3="28,121,18,20,6,94,72,47,126,75,42,3,123"/><W60/><G28/><T49/><D118/><U107/><E107/><V85/><F73/><W15/><G126/><T120/><D105/><U50/><E125/><V24/><F124/><W115/><G115/><T86/><D120/><U74/><E130/><V129/><F133/><W89/><G75/><T66/><D127/><U112/><E112/><V132/><F132/><W54/><G72/><T22/><D86/><U131/><E131/><V31/><F129/><W21/><G3/><T122/><D122/><U84/><E30/><V91/><F26/><W4/><G21/><T104/><D104/><U135/><E135/><V82/><F101/><W108/><G108/><T34/><D34/><U92/><E92/><V117/><F82/><W45/><G123/><T57/><D49/><U67/><E67/><V76/><F76/><W90/><G121/><T48/><D48/><U128/><E128/><V103/><F103/><W110/><G110/><N who="1" m="41994" /><E50/><V134/><F134/><W83/><G83/><T100/><D100/><U41/><E41/><V63/><F63/><W43/><G90/><T27/><D11/><AGARI ba="0,0" hai="7,11,14,70,71,74,79,80,84,88,93" m="41994" machi="11" ten="30,2000,0" yaku="14,1,54,1" doraHai="36" who="1" fromWho="0" sc="170,-20,128,20,361,0,341,0" /><INIT seed="4,0,0,2,3,7" ten="150,148,361,341" oya="0" hai0="110,34,24,118,17,92,112,49,95,100,86,113,74" hai1="94,37,44,88,109,23,81,117,62,106,50,71,27" hai2="48,121,66,128,4,78,19,28,5,89,1,116,127" hai3="35,10,52,42,69,97,133,73,8,126,21,99,53"/><T60/><D118/><U22/><E117/><V134/><F116/><W31/><G73/><T11/><D74/><U29/><E106/><V39/><F39/><W75/><G35/><T105/><D110/><U119/><E119/><V124/><F121/><W125/><G75/><T18/><D60/><U123/><E123/><V76/><F128/><W51/><G69/><T36/><D36/><U16/><E37/><V98/><F134/><W104/><G133/><T14/><D49/><U55/><E81/><V58/><F28/><W13/><G42/><T114/><D86/><U26/><E109/><V96/><F19/><N who="3" m="10479" /><G31/><N who="0" m="19815" /><D18/><U2/><E2/><V30/><F30/><W108/><G108/><T57/><D57/><U3/><E3/><V87/><F98/><AGARI ba="0,0" hai="11,14,17,92,95,98,100,105,112,113,114" m="19815" machi="98" ten="30,2900,0" yaku="15,1,52,1" doraHai="7" who="0" fromWho="2" sc="150,29,148,0,361,-29,341,0" /><INIT seed="4,1,0,4,2,99" ten="179,148,332,341" oya="0" hai0="76,43,16,40,6,32,33,2,50,111,22,101,68" hai1="46,10,48,106,0,66,73,53,123,131,30,96,133" hai2="31,71,80,60,74,82,87,93,27,100,17,83,39" hai3="8,3,117,88,12,38,110,116,5,62,41,72,129"/><T89/><D68/><U98/><E123/><V45/><F74/><W59/><G110/><T13/><D76/><U81/><E133/><V107/><F107/><W70/><G70/><T97/><D111/><U130/><E66/><V54/><F17/><W52/><G129/><N who="1" m="49162" /><E30/><V44/><F39/><W42/><G72/><T103/><D33/><U21/><E21/><V113/><F113/><W36/><G3/><T56/><D32/><U51/><E106/><V90/><F71/><W109/><G109/><T63/><D2/><U65/><E65/><V108/><F108/><W132/><G132/><T119/><D119/><U61/><E61/><V20/><F100/><N who="0" m="38474" /><D6/><N who="1" m="1351" /><E51/><V77/><F77/><AGARI ba="1,0" hai="46,48,53,73,77,81,96,98" m="1351,49162" machi="77" ten="30,1000,0" yaku="19,1" doraHai="99" who="1" fromWho="2" sc="179,0,148,13,332,-13,341,0" /><INIT seed="5,0,0,4,5,11" ten="179,161,319,341" oya="1" hai0="105,22,124,63,56,15,38,40,98,87,135,49,78" hai1="74,114,112,14,75,123,68,94,41,57,91,54,82" hai2="25,133,115,35,52,58,99,65,46,92,53,111,126" hai3="66,77,72,13,3,128,39,113,19,90,108,59,45"/><U71/><E123/><V73/><F111/><W34/><G3/><T27/><D38/><U0/><E0/><V83/><F133/><W100/><G113/><N who="1" m="43626" /><E41/><V96/><F115/><W55/><G34/><T36/><D36/><U109/><E109/><V43/><F126/><W134/><G108/><T23/><D124/><U106/><E106/><V97/><F92/><W62/><G128/><T80/><D135/><U132/><E132/><V117/><F117/><W119/><G134/><T101/><D23/><U89/><E89/><V121/><F121/><W61/><G119/><T50/><D40/><U104/><E104/><V85/><F73/><N who="1" m="27657" /><E82/><V8/><F8/><W5/><G5/><T122/><D122/><U42/><E42/><V17/><F65/><W120/><G120/><T127/><D127/><U28/><E28/><V79/><F53/><W26/><G100/><T107/><D107/><U86/><E14/><V7/><F43/><W10/><G39/><T21/><D15/><U67/><E67/><V81/><F83/><W95/><G77/><T102/><D102/><U103/><E103/><V88/><F79/><W64/><G72/><T76/><D76/><U2/><E2/><V130/><F85/><N who="3" m="52687" /><G26/><T9/><D27/><U12/><E12/><V30/><F81/><W60/><G64/><T48/><D101/><U31/><E31/><V44/><F25/><W16/><G66/><T51/><D105/><U24/><E24/><V20/><F30/><W4/><G59/><T1/><D56/><U93/><E93/><V47/><F58/><W110/><G110/><T37/><D78/><RYUUKYOKU ba="0,0" sc="179,-15,161,15,319,-15,341,15" hai1="54,57,68,71,86,91,94" hai3="4,10,13,16,19,45,55,60,61,62" /><INIT seed="5,1,0,4,4,19" ten="164,176,304,356" oya="1" hai0="13,70,76,77,106,67,129,94,82,122,51,131,110" hai1="12,24,114,97,96,18,128,117,120,113,87,4,27" hai2="40,107,58,17,43,1,121,53,29,111,23,130,115" hai3="44,89,45,92,85,14,93,5,35,10,54,112,37"/><U6/><E120/><V103/><F1/><W16/><G35/><T95/><D106/><U0/><E117/><V34/><F111/><W32/><G32/><T2/><D2/><U105/><E105/><V38/><F121/><W42/><G112/><N who="1" m="43114" /><E87/><V101/><F115/><W125/><G125/><T68/><D122/><U56/><E128/><N who="0" m="49225" /><D110/><U48/><E97/><V116/><F130/><W64/><G64/><T39/><D39/><U69/><E69/><N who="0" m="26729" /><D67/><U100/><E100/><V61/><F38/><W98/><G45/><T22/><D51/><U26/><E96/><V75/><F107/><W73/><G54/><T90/><D90/><U91/><E91/><V80/><F116/><W31/><G31/><T28/><D77/><U127/><E127/><V134/><F103/><W99/><G73/><N who="0" m="43279" /><D13/><U15/><E56/><V83/><F101/><W86/><G86/><T9/><D9/><N who="1" m="2183" /><E48/><V21/><F75/><W50/><G37/><T62/><D62/><U132/><E132/><V41/><F134/><W81/><G93/><T7/><D7/><U65/><E65/><V126/><F126/><W63/><G63/><T36/><D36/><U8/><E15/><N who="2" m="9407" /><F34/><W135/><G135/><T25/><AGARI ba="1,0" hai="22,25,28,94,95" m="43279,26729,49225" machi="25" ten="40,2700,0" yaku="19,1,52,1" doraHai="19" who="0" fromWho="0" sc="164,30,176,-14,304,-8,356,-8" /><INIT seed="6,0,0,3,4,24" ten="194,162,296,348" oya="2" hai0="56,111,25,105,118,73,44,50,78,54,120,41,119" hai1="65,9,38,69,5,79,130,8,32,35,21,60,63" hai2="10,52,55,117,47,104,108,112,31,132,128,7,67" hai3="57,37,3,82,2,0,26,40,18,83,15,96,66"/><V27/><F104/><W14/><G37/><T23/><D120/><U92/><E38/><V99/><F117/><N who="0" m="44554" /><D105/><U103/><E130/><V1/><F128/><W91/><G40/><T53/><D111/><U22/><E79/><V46/><F108/><W16/><G26/><T122/><D122/><U113/><E113/><V133/><F112/><W135/><G135/><N who="2" m="51785" /><F99/><W64/><G57/><T19/><D56/><U84/><E103/><V43/><F67/><N who="3" m="25643" /><G91/><T116/><N who="0" m="44562" /><T107/><DORA hai="77" /><D107/><U127/><E127/><V71/><F71/><W28/><G96/><T74/><D78/><U4/><E65/><V101/><F101/><W61/><G61/><T76/><D76/><U87/><REACH who="1" step="1"/><E92/><REACH who="1" ten="194,152,296,348" step="2"/><V89/><F89/><W70/><G70/><AGARI ba="0,1" hai="4,5,8,9,21,22,32,35,60,63,69,70,84,87" machi="70" ten="25,6400,0" yaku="1,1,2,1,22,2,53,0" doraHai="24,77" doraHaiUra="114,36" who="1" fromWho="3" sc="194,0,152,74,296,0,348,-64" /><INIT seed="7,0,0,2,5,12" ten="194,226,296,284" oya="3" hai0="79,114,65,33,124,77,133,107,61,54,23,90,134" hai1="99,22,76,131,96,55,25,7,97,17,108,109,87" hai2="32,122,56,125,116,69,71,102,68,62,13,113,16" hai3="105,117,64,31,75,53,37,123,52,28,0,20,103"/><W121/><G75/><T46/><D33/><U86/><E131/><V21/><F32/><W15/><G0/><T85/><D107/><U78/><E7/><V88/><F116/><W36/><G117/><T11/><D124/><U104/><E104/><V47/><F102/><W91/><G105/><T6/><D23/><U101/><E101/><V118/><F118/><W60/><G103/><T24/><D24/><U80/><REACH who="1" step="1"/><E55/><REACH who="1" ten="194,216,296,284" step="2"/><V44/><F125/><W48/><G53/><T112/><D54/><U120/><E120/><V129/><F122/><W30/><G123/><T135/><D46/><U45/><E45/><V83/><F129/><W26/><G121/><T38/><D38/><U130/><E130/><V57/><F47/><W34/><G37/><T14/><D114/><U73/><E73/><V41/><F113/><W126/><G36/><T63/><D112/><U29/><E29/><V40/><F44/><W51/><G126/><T35/><D35/><U1/><E1/><V42/><F62/><N who="0" m="23562" /><D65/><U127/><E127/><V115/><F115/><W5/><G60/><T128/><D128/><U106/><E106/><V18/><F42/><W2/><G64/><T84/><D84/><U92/><E92/><AGARI ba="0,1" hai="6,11,14,77,79,85,90,92,133,134,135" m="23562" machi="92" ten="30,1000,0" yaku="20,1" doraHai="12" who="0" fromWho="1" sc="194,20,216,-10,296,0,284,0" /><INIT seed="8,0,0,5,2,120" ten="214,206,296,284" oya="0" hai0="52,80,66,81,123,102,11,28,92,103,70,75,134" hai1="133,45,98,14,26,48,22,23,24,76,94,2,112" hai2="36,27,17,73,135,56,42,124,132,118,85,16,62" hai3="72,8,29,3,44,116,13,0,38,79,9,125,55"/><T58/><D123/><U71/><E2/><V96/><F73/><W104/><G116/><T4/><D134/><N who="2" m="51242" /><F118/><W83/><G125/><T49/><D28/><U87/><E71/><V7/><F7/><W109/><G109/><T69/><D75/><U47/><E133/><V18/><F124/><W60/><G104/><T12/><D70/><U128/><E128/><V84/><F96/><W82/><G29/><T10/><D10/><U111/><E112/><V115/><F27/><W78/><G9/><T121/><D121/><U108/><E14/><V50/><F50/><W86/><G38/><T32/><D32/><U63/><E63/><V131/><F131/><W20/><G20/><T31/><D31/><U37/><E37/><V34/><F34/><W67/><G55/><T105/><D105/><U117/><E117/><V77/><F77/><W25/><G44/><T19/><D4/><U90/><E76/><V35/><F35/><W54/><G54/><T68/><D68/><U65/><E65/><N who="2" m="39111" /><F115/><W6/><REACH who="3" step="1"/><G25/><REACH who="3" ten="214,206,296,274" step="2"/><T95/><D66/><U57/><E111/><V91/><F36/><W93/><G93/><N who="0" m="35915" /><D69/><AGARI ba="0,1" hai="0,3,6,8,13,60,67,69,72,78,79,82,83,86" machi="69" ten="30,7700,0" yaku="1,1,7,1,53,2" doraHai="120" doraHaiUra="33" who="3" fromWho="0" sc="214,-77,206,0,296,0,274,87" owari="137,-36.0,206,-19.0,296,10.0,361,45.0" /></mjloggm>