<mjloggm ver="2.3"><GO type="41" lobby="0"/><UN n0="%E3%82%A2%E3%82%AB%E3%83%8D%E3%83%9E%E3%83%8B%E3%82%A2%E3%82%AF%E3%82%B9" n1="%E5%B0%B1%E6%B4%BB%E7%94%9F%40%E5%B7%9D%E6%9D%91%E8%BB%8D%E5%9B%A3" n2="%70%69%6E%66%75%74%75%6D" n3="%E3%81%AD%E3%82%8A%E3%82%B4%E3%83%9E" dan="15,15,13,14" rate="2018.05,2050.95,1842.37,1920.97" sx="M,M,M,M"/><TAIKYOKU oya="0"/><INIT seed="0,0,0,4,3,112" ten="250,250,250,250" oya="0" hai0="35,120,133,30,62,13,51,36,57,18,124,40,105" hai1="113,98,92,126,83,103,17,129,28,85,134,97,10" hai2="4,67,7,27,79,111,135,25,9,0,45,81,89" hai3="69,59,114,24,42,68,52,6,8,127,21,12,125"/><T1/><D105/><U23/><E113/><V33/><F135/><W47/><G114/><T3/><D120/><U121/><E121/><V63/><F111/><W118/><G118/><T110/><D36/><U93/><E126/><N who="3" m="48138" /><G47/><T104/><D110/><U43/><E129/><V65/><F89/><W101/><G42/><T132/><D104/><U102/><E134/><N who="0" m="51817" /><D124/><U96/><E43/><V39/><F7/><W22/><G101/><N who="1" m="38410" /><E10/><V58/><F67/><W122/><G122/><T29/><D51/><U34/><E28/><N who="0" m="10857" /><D35/><U49/><E49/><V60/><F33/><W94/><G94/><T80/><D80/><U88/><E34/><V76/><F76/><W46/><G46/><T128/><D128/><U50/><E50/><V15/><F15/><AGARI ba="0,0" hai="15,17,23,83,85,88,92,93,96,97,98" m="38410" machi="15" ten="30,2000,0" yaku="8,1,54,1" doraHai="112" who="1" fromWho="2" sc="250,0,250,20,250,-20,250,0" /><INIT seed="1,0,0,0,1,0" ten="250,270,230,250" oya="1" hai0="107,118,74,72,53,27,112,96,100,63,128,52,25" hai1="34,79,77,7,18,54,42,105,64,48,110,81,26" hai2="57,66,117,19,28,89,68,113,78,15,6,51,86" hai3="10,21,116,30,80,108,101,39,93,43,16,75,20"/><U125/><E105/><V127/><F117/><W131/><G116/><T69/><D112/><U122/><E122/><V134/><F113/><W60/><G108/><T58/><D118/><U41/><E125/><V130/><F127/><W106/><G106/><T24/><D128/><U11/><E110/><V104/><F104/><W132/><G131/><T14/><D69/><U38/><E64/><V44/><F130/><W70/><G132/><T61/><D14/><U83/><E38/><V45/><F134/><W1/><G30/><T84/><D84/><U95/><E95/><V111/><F111/><W56/><G70/><T65/><D65/><U33/><E81/><V55/><F28/><W91/><G91/><T40/><D40/><U88/><E34/><V36/><F78/><N who="3" m="44127" /><G101/><T5/><D5/><U92/><E79/><V67/><F36/><W94/><G21/><T3/><D3/><U12/><E83/><V49/><F68/><W124/><G56/><AGARI ba="0,0" hai="24,25,27,52,53,56,58,61,63,72,74,96,100,107" machi="56" ten="40,2600,0" yaku="9,1,54,1" doraHai="0" who="0" fromWho="3" sc="250,26,270,0,230,0,250,-26" /><INIT seed="2,0,0,2,0,69" ten="276,270,230,224" oya="2" hai0="75,85,87,59,81,113,107,121,131,46,43,129,5" hai1="38,91,72,23,57,30,120,55,108,95,65,78,62" hai2="77,27,67,15,29,86,94,123,134,90,34,126,112" hai3="127,50,31,99,11,76,35,37,66,103,14,36,125"/><V130/><F123/><W63/><G76/><N who="0" m="44191" /><D107/><U7/><E108/><V12/><F112/><W96/><G50/><T132/><D113/><U16/><E120/><V9/><F134/><W56/><G31/><T117/><D121/><U133/><E133/><V122/><F122/><W4/><G35/><T1/><D59/><U39/><E30/><V105/><F105/><W89/><G89/><T97/><D97/><N who="1" m="57599" /><E7/><V21/><F130/><N who="0" m="49674" /><D117/><U111/><E111/><V79/><F126/><N who="3" m="48139" /><G103/><T128/><D132/><U45/><E45/><V3/><F67/><W33/><G33/><T48/><N who="0" m="49682" /><T32/><DORA hai="42" /><D32/><U26/><E65/><V53/><F34/><W41/><G41/><T54/><D54/><U24/><E24/><V51/><F3/><W8/><G11/><AGARI ba="0,0" hai="1,5,11,43,46,48,85,87" m="49682,44191" machi="11" ten="40,2600,0" yaku="19,1,52,1" doraHai="69,42" who="0" fromWho="3" sc="276,26,270,0,230,0,224,-26" /><INIT seed="3,0,0,1,3,30" ten="302,270,230,198" oya="3" hai0="89,2,36,93,82,92,73,13,119,35,106,68,9" hai1="110,10,95,24,98,102,15,116,72,80,32,18,117" hai2="67,112,81,130,51,7,129,60,57,96,65,101,54" hai3="21,34,128,6,53,99,22,94,69,100,85,1,83"/><W0/><G69/><T131/><D68/><U19/><E110/><V40/><F7/><W75/><G75/><T103/><D119/><N who="1" m="45643" /><E72/><V63/><F81/><W76/><G128/><N who="2" m="49257" /><F96/><W33/><G53/><T111/><D36/><U88/><E80/><V14/><F14/><W41/><G41/><T42/><D2/><U124/><E124/><V43/><F101/><W12/><G1/><T58/><D42/><N who="2" m="15914" /><F112/><W126/><G126/><T123/><D111/><U8/><E8/><V97/><F97/><W3/><G3/><T105/><D105/><U44/><E44/><V37/><F37/><W121/><G121/><T39/><D106/><U90/><E19/><V104/><F104/><W79/><G0/><T132/><D39/><U66/><E66/><AGARI ba="0,0" hai="51,54,57,60,63,65,66,67" m="15914,49257" machi="66" ten="30,3900,0" yaku="19,1,34,2" doraHai="30" who="2" fromWho="1" sc="302,0,270,-39,230,39,198,0" /><INIT seed="4,0,0,3,5,31" ten="302,231,269,198" oya="0" hai0="20,4,39,29,127,86,102,59,125,27,107,93,132" hai1="61,83,58,116,2,10,71,119,49,53,117,75,43" hai2="113,15,42,122,73,115,3,19,123,35,120,7,72" hai3="79,55,78,90,100,108,128,118,21,95,88,50,84"/><T135/><D39/><U76/><E2/><V5/><F42/><W36/><G36/><T74/><D74/><U80/><E43/><V26/><F73/><W65/><G108/><T133/><D4/><U48/><E71/><V45/><F45/><W110/><G110/><T54/><D107/><U34/><E34/><V112/><F72/><W124/><G118/><T94/><D102/><U96/><E10/><N who="2" m="6647" /><F3/><W69/><G128/><T109/><D109/><U103/><REACH who="1" step="1"/><E80/><REACH who="1" ten="302,221,269,198" step="2"/><V131/><F131/><W82/><G124/><N who="0" m="47691" /><D86/><U77/><E77/><V51/><F51/><AGARI ba="0,1" hai="20,27,29,51,54,59,93,94,132,133,135" m="47691" machi="51" ten="40,3900,0" yaku="20,1,18,1" doraHai="31" who="0" fromWho="2" sc="302,49,221,0,269,-39,198,0" /><INIT seed="4,1,0,3,3,2" ten="351,221,230,198" oya="0" hai0="123,46,57,94,4,118,96,59,3,113,67,70,38" hai1="45,84,129,103,133,73,82,28,10,64,107,16,127" hai2="65,117,90,104,36,12,23,15,11,1,98,60,5" hai3="87,66,124,0,14,101,76,19,114,122,106,74,128"/><T21/><D118/><U41/><E73/><V61/><F36/><W126/><G0/><T58/><D113/><U97/><E129/><V121/><F117/><W88/><G128/><T37/><D123/><U27/><E127/><N who="3" m="48682" /><G114/><T25/><D70/><U18/><E133/><V85/><F121/><W81/><G122/><T111/><D111/><U22/><E64/><V43/><F43/><W112/><G112/><T55/><D67/><U8/><E8/><V35/><F35/><W13/><G66/><T132/><D132/><U52/><E10/><V135/><F135/><W51/><G51/><T42/><D38/><U26/><E26/><V30/><F61/><W54/><G54/><T80/><D80/><U115/><E115/><V89/><F89/><W79/><G79/><T100/><D3/><U130/><E130/><V34/><F23/><W125/><N who="3" m="48690" /><W50/><DORA hai="120" /><G50/><T116/><D116/><U91/><REACH who="1" step="1"/><E52/><REACH who="1" ten="351,211,230,198" step="2"/><V78/><F11/><W47/><G47/><T75/><D75/><U105/><E105/><V7/><F104/><W71/><G71/><T33/><D55/><U40/><E40/><V77/><F65/><W95/><G19/><T63/><D63/><U109/><E109/><V102/><F60/><W6/><G6/><T93/><D4/><U72/><E72/><V32/><F7/><W48/><G48/><AGARI ba="1,1" hai="16,18,22,27,28,41,45,48,82,84,91,97,103,107" machi="48" ten="30,8000,1" yaku="1,1,7,1,54,1,53,2" doraHai="2,120" doraHaiUra="44,92" who="1" fromWho="3" sc="351,0,211,93,230,0,198,-83" /><INIT seed="5,0,0,0,4,18" ten="351,304,230,115" oya="1" hai0="77,101,115,5,57,36,11,0,133,43,54,69,34" hai1="14,97,30,48,72,111,58,3,49,123,110,113,65" hai2="75,6,32,15,62,38,22,105,134,121,20,35,29" hai3="83,91,44,129,127,19,132,71,13,39,25,124,87"/><U70/><E3/><V93/><F75/><W56/><G71/><T135/><D69/><U8/><E72/><V82/><F105/><W61/><G39/><T4/><D101/><U37/><E37/><V98/><F38/><W112/><G44/><T96/><D96/><U55/><E123/><V9/><F121/><W59/><G25/><T33/><D77/><U130/><E130/><V16/><F134/><N who="0" m="51210" /><D5/><U95/><E113/><V106/><F106/><W45/><G132/><T120/><D120/><U31/><E49/><V7/><F82/><W50/><G112/><T99/><D99/><U128/><E128/><V118/><F118/><W53/><G129/><T26/><D115/><U103/><E65/><V73/><F73/><W117/><G117/><T88/><D88/><U107/><E70/><V68/><F35/><W51/><G51/><N who="0" m="30943" /><D26/><U104/><E104/><V108/><F108/><N who="1" m="41513" /><E107/><V76/><F76/><W12/><G12/><T23/><D23/><U2/><E2/><V116/><F116/><W131/><G131/><T90/><D90/><U41/><E41/><V80/><F80/><W52/><REACH who="3" step="1"/><G59/><REACH who="3" ten="351,304,230,105" step="2"/><T100/><D36/><U122/><E122/><V17/><F68/><W21/><AGARI ba="0,1" hai="13,19,21,45,50,52,53,56,61,83,87,91,124,127" machi="21" ten="30,8000,1" yaku="1,1,2,1,0,1,52,1,54,1,53,0" doraHai="18" doraHaiUra="125" who="3" fromWho="3" sc="351,-20,304,-40,230,-20,105,90" /><INIT seed="6,0,0,2,3,53" ten="331,264,210,195" oya="2" hai0="79,44,101,96,49,63,26,113,40,0,89,112,35" hai1="9,122,118,55,133,15,108,75,99,66,54,126,39" hai2="33,7,120,88,95,130,111,80,61,5,59,90,46" hai3="128,34,52,131,12,47,129,84,29,81,24,21,107"/><V43/><F120/><W117/><G117/><T28/><D0/><U10/><E39/><V16/><F33/><W109/><G107/><T25/><D79/><U32/><E108/><V65/><F111/><W2/><G2/><T17/><D89/><U8/><E32/><V18/><F130/><W45/><G109/><T94/><D17/><N who="2" m="6762" /><F80/><W36/><G34/><T124/><D124/><U72/><E118/><V11/><F11/><W100/><G100/><T83/><D83/><U30/><E122/><V41/><F90/><N who="3" m="51471" /><G12/><T27/><D63/><U74/><E15/><V105/><F105/><W1/><G1/><T48/><D48/><U103/><E126/><V22/><F22/><W60/><G36/><T3/><D3/><U127/><E127/><V106/><F106/><W78/><G78/><T37/><D37/><U91/><E91/><V71/><F71/><W13/><G13/><T20/><D35/><U114/><E72/><V6/><F46/><W73/><G73/><T42/><D42/><U70/><E75/><V62/><F61/><W125/><G125/><T92/><D92/><U134/><E74/><V69/><F69/><W68/><G68/><T31/><D20/><U132/><E70/><V104/><F104/><W98/><G98/><AGARI ba="0,0" hai="5,6,7,41,43,59,62,65,88,95,98" m="6762" machi="98" ten="30,11600,0" yaku="8,1,52,1,54,2" doraHai="53" who="2" fromWho="3" sc="331,0,264,0,210,116,195,-116" /><INIT seed="6,1,0,1,4,55" ten="331,264,326,79" oya="2" hai0="100,106,119,21,98,135,125,41,15,95,122,61,128" hai1="16,118,126,7,13,50,102,112,24,0,80,19,114" hai2="87,8,45,90,83,134,42,94,39,25,2,14,26" hai3="59,96,3,110,23,12,62,115,111,33,113,60,38"/><V65/><F65/><W53/><G38/><T124/><D122/><U71/><E71/><V54/><F134/><W79/><G33/><T105/><D135/><U77/><E118/><V86/><F2/><W36/><G3/><T28/><D119/><U89/><E126/><N who="0" m="48745" /><D41/><U116/><E116/><V74/><F74/><W20/><G36/><T104/><D128/><U123/><E123/><V70/><F70/><W75/><G96/><T57/><D15/><U72/><E102/><V133/><F54/><W17/><G79/><T93/><D93/><U32/><E89/><V6/><REACH who="2" step="1"/><F133/><REACH who="2" ten="331,264,316,79" step="2"/><W73/><G110/><T67/><D105/><U49/><E72/><V31/><F31/><W69/><G111/><T5/><D5/><U97/><E0/><V63/><F63/><W1/><G1/><T132/><D132/><U109/><E7/><V47/><F47/><W68/><G75/><T78/><D78/><AGARI ba="1,1" hai="6,8,14,25,26,39,42,45,78,83,86,87,90,94" machi="78" ten="30,5800,0" yaku="1,1,7,1,53,1" doraHai="55" doraHaiUra="40" who="2" fromWho="0" sc="331,-61,264,0,316,71,79,0" /><INIT seed="6,2,0,5,1,28" ten="270,264,387,79" oya="2" hai0="124,4,122,69,22,127,87,30,53,60,23,134,133" hai1="81,126,64,71,37,8,16,130,67,70,42,129,55" hai2="106,38,92,62,32,68,49,63,7,96,26,89,97" hai3="79,48,66,123,17,6,128,47,104,111,31,11,46"/><V2/><F38/><W50/><G123/><T88/><D122/><U115/><E115/><V114/><F114/><W117/><G117/><T113/><D113/><U34/><E126/><N who="0" m="48169" /><D4/><U56/><E81/><V78/><F78/><W101/><G104/><T12/><D12/><N who="1" m="7175" /><E42/><V100/><F49/><W135/><G111/><T5/><D5/><U29/><E37/><V131/><F131/><N who="1" m="50185" /><E29/><V102/><F89/><W75/><G128/><T52/><D30/><U83/><E83/><V95/><F106/><W109/><G109/><T35/><D35/><U20/><E20/><N who="0" m="7721" /><D69/><N who="1" m="26123" /><E34/><V39/><F39/><W15/><G75/><T25/><D25/><U40/><E40/><V84/><F84/><W19/><G79/><T85/><D85/><U125/><E125/><V116/><F116/><W24/><G31/><T57/><D53/><U1/><E1/><V45/><F26/><W33/><G33/><T103/><D103/><U107/><E107/><V94/><F94/><AGARI ba="2,0" hai="52,57,60,87,88,94,133,134" m="7721,48169" machi="94" ten="30,3900,0" yaku="18,1,54,2" doraHai="28" who="0" fromWho="2" sc="270,45,264,0,387,-45,79,0" /><INIT seed="7,0,0,4,0,98" ten="315,264,342,79" oya="3" hai0="49,67,37,116,127,41,103,16,107,48,118,6,84" hai1="39,60,124,120,74,81,66,56,38,12,94,5,132" hai2="89,26,19,51,113,65,36,123,63,71,72,52,10" hai3="88,3,125,21,85,28,43,40,31,133,69,24,23"/><W114/><G69/><T130/><D6/><U2/><E120/><V46/><F72/><W96/><G3/><T87/><D67/><U73/><E124/><V45/><F123/><W29/><G125/><T47/><D127/><U54/><E132/><V1/><F113/><W119/><G133/><T90/><D130/><U135/><E135/><V14/><F89/><W100/><G119/><T50/><D84/><U129/><E129/><V126/><F126/><W62/><G114/><T131/><D131/><U13/><E2/><V117/><F117/><W97/><G62/><T58/><D58/><U0/><E0/><V93/><F93/><N who="3" m="58383" /><G97/><T104/><D104/><U83/><E94/><V86/><F86/><W77/><G77/><T27/><D107/><U110/><E110/><V53/><F1/><W115/><G115/><T33/><D33/><U64/><E73/><V78/><F78/><W8/><G8/><T91/><D91/><U99/><E99/><V55/><F26/><N who="3" m="16463" /><G31/><T121/><D121/><U30/><E74/><V95/><F95/><AGARI ba="0,0" hai="23,24,29,40,43,85,88,95" m="16463,58383" machi="95" ten="30,5800,0" yaku="8,1,52,1,54,1" doraHai="98" who="3" fromWho="2" sc="315,0,264,0,342,-58,79,58" /><INIT seed="7,1,0,5,0,116" ten="315,264,284,137" oya="3" hai0="2,68,41,20,27,10,115,22,121,50,80,14,94" hai1="128,58,15,71,104,87,82,31,11,42,120,102,110" hai2="38,52,30,4,34,119,112,89,6,64,127,60,75" hai3="57,45,5,78,61,133,72,74,122,24,59,101,37"/><W73/><G133/><T123/><D68/><U13/><E71/><V3/><F75/><W26/><G122/><T44/><D2/><U97/><E110/><V39/><F119/><W70/><G70/><T111/><D111/><U108/><E108/><V36/><F112/><W88/><G101/><T49/><D115/><U92/><E128/><V62/><F127/><W130/><G130/><T105/><D105/><U91/><E31/><V99/><F3/><W25/><G78/><T0/><D0/><U21/><E42/><V32/><F62/><W132/><G132/><T54/><D94/><U65/><E120/><V98/><F98/><W29/><G5/><T124/><D80/><U76/><E21/><V100/><F89/><W90/><G29/><T93/><D93/><U18/><E15/><V131/><F131/><W77/><G77/><T9/><D124/><U85/><E58/><N who="3" m="22026" /><G61/><T12/><D27/><N who="3" m="6913" /><W106/><DORA hai="109" /><G106/><T118/><D118/><U43/><E43/><V1/><F30/><W117/><G117/><T103/><D103/><U23/><E23/><V35/><F64/><W16/><G16/><T33/><D33/><U19/><REACH who="1" step="1"/><E65/><REACH who="1" ten="315,254,284,137" step="2"/><V40/><F40/><W53/><G37/><T63/><D41/><U55/><E55/><V107/><F1/><W134/><G134/><T56/><D56/><U79/><E79/><V81/><F52/><W86/><G86/><T47/><D54/><U51/><E51/><V96/><F60/><AGARI ba="1,1" hai="9,10,12,14,20,22,44,47,49,50,60,63,121,123" machi="60" ten="25,6400,0" yaku="22,2,52,2" doraHai="116,109" who="0" fromWho="2" sc="315,77,254,0,284,-67,137,0" owari="392,49.0,254,5.0,217,-18.0,137,-36.0" /></mjloggm>