<mjloggm ver="2.3"><GO type="41" lobby="0"/><UN n0="%51%75%61%6C%69%61" n1="%31%39%31%34%79%61%73%75" n2="%E5%98%B4" n3="%E5%B0%B1%E6%B4%BB%E7%94%9F%40%E5%B7%9D%E6%9D%91%E8%BB%8D%E5%9B%A3" dan="14,13,13,15" rate="1875.17,1929.96,1889.99,1971.85" sx="M,M,M,M"/><TAIKYOKU oya="0"/><INIT seed="0,0,0,2,5,128" ten="250,250,250,250" oya="0" hai0="105,107,11,116,57,91,13,19,96,77,65,36,62" hai1="28,29,88,42,115,76,93,122,52,118,133,64,129" hai2="44,47,40,15,14,99,70,0,56,103,87,109,74" hai3="85,95,113,53,124,125,2,112,41,101,78,26,21"/><T35/><D36/><U114/><E42/><V123/><F0/><W67/><G2/><T59/><D35/><U100/><E64/><V102/><F74/><W24/><G41/><T7/><D116/><U80/><E118/><V84/><F109/><W92/><G67/><T12/><D77/><U50/><E122/><V106/><F56/><W20/><G53/><T72/><D72/><U5/><E100/><V38/><F123/><W31/><G78/><T63/><D91/><U23/><E5/><V120/><F120/><W8/><G8/><T45/><D45/><U73/><E129/><V16/><F70/><W33/><G85/><T94/><D94/><U60/><E60/><V132/><F40/><W68/><G33/><T54/><REACH who="0" step="1"/><D96/><REACH who="0" ten="240,250,250,250" step="2"/><U130/><E130/><V117/><F99/><W39/><G39/><T51/><D51/><U4/><E88/><V75/><F75/><W69/><REACH who="3" step="1"/><G31/><REACH who="3" ten="240,250,250,240" step="2"/><T22/><AGARI ba="0,2" hai="7,11,12,13,19,22,54,57,59,62,63,65,105,107" machi="22" ten="20,3900,0" yaku="1,1,0,1,7,1,53,0" doraHai="128" doraHaiUra="104" who="0" fromWho="0" sc="240,59,250,-13,250,-13,240,-13" /><INIT seed="0,1,0,2,5,9" ten="299,237,237,227" oya="0" hai0="58,20,37,95,43,64,80,10,93,106,35,16,96" hai1="111,51,69,1,108,116,112,98,79,74,57,101,59" hai2="8,65,3,92,47,67,32,14,53,71,113,125,77" hai3="24,104,124,33,126,44,123,31,110,60,68,134,12"/><T50/><D35/><U42/><E1/><V55/><F113/><W90/><G104/><T76/><D37/><U109/><E69/><V2/><F125/><N who="3" m="48235" /><G68/><T82/><D106/><U54/><E42/><V89/><F32/><W30/><G60/><N who="0" m="37911" /><D10/><U119/><E59/><V39/><F77/><W13/><G123/><T118/><D118/><U86/><E74/><V133/><F133/><W29/><G134/><T129/><D129/><U52/><E54/><V48/><F71/><W7/><G110/><T15/><D76/><U132/><E132/><V99/><F39/><W87/><G44/><N who="0" m="25887" /><D93/><N who="1" m="58575" /><E112/><V78/><F78/><W117/><G7/><T120/><D120/><U97/><E97/><V22/><F2/><W19/><G117/><T75/><D75/><U105/><E105/><V91/><F3/><W17/><G33/><T21/><D21/><U103/><E103/><AGARI ba="1,0" hai="15,16,20,80,82,95,96,103" m="25887,37911" machi="103" ten="30,5800,0" yaku="8,1,52,1,54,1" doraHai="9" who="0" fromWho="1" sc="299,61,237,-61,237,0,227,0" /><INIT seed="0,2,0,0,0,55" ten="360,176,237,227" oya="0" hai0="11,112,54,124,82,67,133,118,15,111,76,12,31" hai1="125,107,132,39,37,91,135,80,75,94,46,20,108" hai2="40,48,34,109,129,27,131,68,24,22,29,44,99" hai3="78,41,25,77,71,51,38,14,21,113,32,114,23"/><T66/><D118/><U42/><E107/><V88/><F68/><W93/><G38/><T73/><D112/><U81/><E75/><V122/><F122/><W83/><G71/><T47/><D124/><U79/><E125/><V1/><F1/><W52/><G41/><T106/><D106/><U69/><E69/><V90/><F109/><W110/><G110/><T28/><D111/><U36/><E108/><V98/><F99/><W96/><G32/><T30/><D133/><U92/><E79/><V116/><F98/><W57/><G14/><T65/><D11/><U123/><E94/><V43/><F43/><W60/><G21/><T10/><D10/><U4/><E4/><V13/><F13/><W50/><G114/><T2/><D2/><U49/><E123/><V85/><F116/><W102/><G113/><T6/><D6/><U103/><E103/><V16/><REACH who="2" step="1"/><F90/><REACH who="2" ten="360,176,227,227" step="2"/><W101/><G101/><T18/><D12/><U105/><E105/><V119/><F119/><W56/><G83/><AGARI ba="2,1" hai="16,22,24,27,29,34,40,44,48,83,85,88,129,131" machi="83" ten="40,5200,0" yaku="1,1,54,2,53,0" doraHai="55" doraHaiUra="97" who="2" fromWho="3" sc="360,0,176,0,227,68,227,-58" /><INIT seed="1,0,0,2,2,104" ten="360,176,295,169" oya="1" hai0="53,19,42,56,12,93,39,48,3,17,130,14,60" hai1="9,121,135,72,132,77,124,58,59,89,110,29,65" hai2="32,27,105,85,79,23,7,10,66,35,76,133,131" hai3="127,4,57,103,112,25,116,24,54,13,15,90,74"/><U73/><E77/><V129/><F105/><W52/><G112/><T68/><D3/><U134/><E121/><V100/><F100/><W1/><G116/><T28/><D130/><N who="2" m="49674" /><F66/><W18/><G127/><T115/><D115/><U40/><E124/><V30/><F133/><W125/><G103/><T44/><D28/><U98/><E29/><V101/><F101/><W86/><G125/><T34/><D34/><N who="2" m="12842" /><F85/><W78/><G1/><AGARI ba="0,0" hai="1,7,10,23,27,30,76,79" m="12842,49674" machi="1" ten="30,1000,0" yaku="19,1" doraHai="104" who="2" fromWho="3" sc="360,0,176,0,295,10,169,-10" /><INIT seed="2,0,0,4,2,18" ten="360,176,305,159" oya="2" hai0="109,60,61,3,100,26,126,129,104,25,31,11,63" hai1="58,114,41,9,107,85,116,120,89,38,0,21,133" hai2="57,16,39,53,83,30,10,5,2,48,46,47,28" hai3="52,77,19,22,43,94,40,49,119,87,23,113,79"/><V62/><F39/><W117/><G113/><T72/><D72/><U12/><E107/><V74/><F47/><N who="3" m="27711" /><G117/><T67/><D109/><U44/><E116/><V7/><F7/><W124/><G119/><T20/><D126/><U128/><E114/><V27/><F83/><N who="3" m="47599" /><G124/><T35/><D129/><U127/><E128/><V108/><F108/><W135/><G135/><T95/><D104/><U112/><E133/><V65/><F74/><W37/><G37/><T101/><D67/><U64/><E112/><V76/><F76/><W81/><G94/><T132/><D132/><U106/><E106/><V45/><F45/><W131/><G131/><T115/><D115/><U33/><E33/><V13/><REACH who="2" step="1"/><F27/><REACH who="2" ten="360,176,295,159" step="2"/><N who="3" m="14815" /><G81/><T8/><D3/><U55/><E127/><V105/><F105/><W68/><G79/><T99/><REACH who="0" step="1"/><D101/><REACH who="0" ten="350,176,295,159" step="2"/><U70/><E0/><V122/><F122/><W82/><G68/><T134/><D134/><U4/><E120/><V51/><F51/><W98/><G98/><T15/><D15/><U54/><E70/><V1/><F1/><W71/><G71/><T123/><D123/><U32/><E64/><V118/><F118/><W78/><G78/><T6/><D6/><U56/><E4/><V24/><F24/><W110/><G110/><T42/><D42/><N who="3" m="15913" /><G82/><T80/><D80/><U69/><E69/><V102/><F102/><W96/><G96/><T75/><D75/><U93/><E41/><V34/><F34/><W66/><G66/><T84/><D84/><U59/><E32/><V97/><F97/><W14/><G14/><T88/><D88/><U90/><E89/><RYUUKYOKU ba="0,2" sc="350,10,176,-30,295,10,159,10" hai0="8,11,20,25,26,31,35,60,61,63,95,99,100" hai2="2,5,10,13,16,28,30,46,48,53,57,62,65" hai3="23" /><INIT seed="2,1,2,4,0,61" ten="360,146,305,169" oya="2" hai0="97,52,53,83,117,12,20,122,63,17,132,9,68" hai1="41,127,72,42,45,105,98,87,11,10,131,86,62" hai2="85,13,27,134,35,88,5,78,101,25,107,39,37" hai3="93,76,116,28,99,133,75,1,2,44,73,64,84"/><V46/><F78/><W90/><G116/><T91/><D117/><U113/><E72/><V123/><F123/><W109/><G133/><T48/><D122/><U56/><E113/><V19/><F134/><W4/><G109/><T130/><D130/><U69/><E69/><V115/><F5/><W15/><G28/><T95/><D132/><U103/><E131/><V79/><F79/><W104/><G44/><N who="0" m="27655" /><D68/><U33/><E127/><V40/><F115/><W121/><G121/><T106/><D106/><U6/><E33/><V82/><F37/><W114/><G114/><T112/><D112/><U135/><E135/><V38/><F38/><W126/><G126/><T43/><D43/><U51/><E42/><V119/><F119/><W120/><G120/><T80/><D9/><U66/><REACH who="1" step="1"/><E11/><REACH who="1" ten="360,136,305,169" step="2"/><V67/><F35/><W108/><G75/><T60/><D63/><U128/><E128/><V94/><F107/><W16/><G73/><T77/><D77/><U111/><E111/><V57/><F40/><W96/><G108/><T65/><D60/><U34/><E34/><V102/><F39/><W3/><G76/><T100/><D20/><U89/><E89/><V26/><F88/><W81/><G104/><T55/><D91/><U8/><E8/><V14/><F101/><W0/><G81/><T70/><D70/><U50/><E50/><V23/><F102/><W30/><G90/><T36/><D36/><U49/><E49/><V124/><F82/><W22/><G84/><T110/><D110/><U58/><E58/><V7/><F57/><W92/><G96/><T125/><D97/><RYUUKYOKU ba="1,3" sc="360,-10,136,30,305,-10,169,-10" hai1="6,10,41,45,51,56,62,66,86,87,98,103,105" /><INIT seed="3,2,3,0,4,72" ten="350,166,295,159" oya="3" hai0="98,116,123,17,5,44,53,94,15,43,90,66,24" hai1="49,118,4,122,50,121,29,28,69,57,112,114,7" hai2="110,9,130,64,22,67,18,80,59,128,103,46,2" hai3="120,1,127,77,129,68,38,41,95,30,45,82,74"/><W78/><G120/><N who="1" m="46186" /><E57/><V52/><F110/><W21/><G129/><N who="2" m="49769" /><F103/><W12/><G127/><T89/><D123/><U97/><E69/><V76/><F46/><W19/><G68/><T99/><D116/><U36/><E36/><V107/><F107/><W34/><G1/><T70/><D5/><N who="1" m="2123" /><E97/><V25/><F9/><W134/><G134/><T113/><D113/><N who="1" m="43627" /><E118/><V105/><F2/><W111/><G111/><T100/><D24/><U60/><E60/><N who="2" m="35943" /><F105/><W108/><G108/><T91/><D70/><U42/><E42/><V6/><F6/><W125/><G125/><T65/><D99/><U37/><E37/><V39/><F39/><W31/><G34/><T35/><D35/><U115/><N who="1" m="43635" /><U132/><DORA hai="92" /><E132/><V88/><F88/><W14/><G14/><T26/><D43/><U61/><E61/><V106/><F106/><W48/><G38/><T84/><D84/><AGARI ba="2,3" hai="18,22,25,64,67,76,80,84" m="35943,49769" machi="84" ten="30,3900,0" yaku="19,1,52,1,54,1" doraHai="72,92" who="2" fromWho="0" sc="350,-45,166,0,295,75,159,0" /><INIT seed="4,0,0,1,2,6" ten="305,166,370,159" oya="0" hai0="62,102,80,92,110,113,120,2,45,78,134,103,10" hai1="0,52,87,91,112,18,64,107,13,115,77,59,27" hai2="118,82,129,4,94,60,72,85,105,38,95,42,7" hai3="26,116,79,16,67,119,55,33,41,108,132,35,24"/><T126/><D120/><U11/><E0/><V71/><F105/><W15/><G79/><T36/><D113/><N who="1" m="43595" /><E77/><V53/><F72/><W127/><G41/><T111/><D126/><U99/><E64/><V122/><F122/><W29/><G67/><T69/><D134/><U117/><E117/><N who="3" m="45130" /><G55/><T70/><D92/><N who="1" m="54399" /><E27/><N who="3" m="10282" /><G108/><N who="0" m="41515" /><D62/><N who="1" m="36199" /><E99/><V97/><F60/><W65/><G65/><T89/><D89/><U31/><E31/><V54/><F97/><W58/><G58/><T123/><D123/><U74/><E74/><V28/><F94/><W57/><G57/><T49/><D36/><U125/><E125/><V25/><F95/><W93/><G93/><T63/><D63/><U8/><E107/><V98/><F38/><W12/><G127/><T14/><D2/><U23/><AGARI ba="0,0" hai="8,11,13,18,23" m="36199,54399,43595" machi="23" ten="30,8000,1" yaku="15,1,11,1,52,2,54,1" doraHai="6" who="1" fromWho="1" sc="305,-40,166,80,370,-20,159,-20" /><INIT seed="5,0,0,5,3,8" ten="265,246,350,139" oya="1" hai0="112,60,95,63,57,117,90,102,82,88,1,113,111" hai1="85,43,14,19,13,12,123,58,15,40,96,69,86" hai2="25,108,100,47,9,126,132,34,128,72,97,24,36" hai3="133,104,101,103,119,74,124,41,129,131,4,2,31"/><U48/><E69/><V44/><F108/><W120/><G41/><N who="1" m="15946" /><E123/><V116/><F36/><W92/><G31/><T52/><D111/><U50/><E96/><V28/><F116/><W109/><G4/><T3/><D117/><U98/><E98/><V22/><F72/><W115/><G92/><T93/><D82/><U71/><E71/><V32/><F126/><W73/><G101/><T64/><D102/><U11/><E58/><V45/><F128/><W61/><G103/><T38/><D38/><U55/><E55/><V29/><F132/><W125/><G61/><T18/><D18/><U21/><E11/><V127/><F127/><W118/><G2/><T42/><D42/><U91/><E86/><V75/><F75/><W121/><G104/><T66/><D57/><U87/><E85/><V110/><F110/><W105/><G109/><T134/><REACH who="0" step="1"/><D52/><REACH who="0" ten="255,246,350,139" step="2"/><U6/><E6/><V80/><F80/><AGARI ba="0,1" hai="12,13,14,15,19,21,48,50,80,87,91" m="15946" machi="80" ten="30,12000,1" yaku="8,1,52,4" doraHai="8" who="1" fromWho="2" sc="255,0,246,130,350,-120,139,0" /><INIT seed="5,1,0,5,0,78" ten="255,376,230,139" oya="1" hai0="48,100,135,124,66,88,86,21,112,110,85,81,92" hai1="37,35,32,49,46,131,75,105,5,90,84,80,65" hai2="83,53,26,58,29,120,31,20,13,38,28,36,54" hai3="47,14,87,63,17,3,106,6,4,122,23,12,50"/><U51/><E105/><V25/><F120/><W104/><G122/><T127/><D66/><U91/><E75/><V18/><F36/><W94/><G106/><T22/><D110/><U34/><E65/><V89/><F38/><W11/><G104/><T77/><D48/><U27/><E131/><V76/><F89/><W111/><G111/><T70/><D70/><U116/><E116/><V126/><F126/><N who="0" m="48170" /><D22/><U43/><E5/><V61/><REACH who="2" step="1"/><F54/><REACH who="2" ten="255,376,220,139" step="2"/><W103/><G3/><T45/><D112/><U64/><E64/><V41/><F41/><W60/><G4/><T128/><D128/><U74/><E37/><V57/><F57/><W72/><G72/><AGARI ba="1,1" hai="13,18,20,25,26,28,29,31,53,58,61,72,76,83" machi="72" ten="40,2600,0" yaku="1,1,52,1,53,0" doraHai="78" doraHaiUra="44" who="2" fromWho="3" sc="255,0,376,0,220,39,139,-29" /><INIT seed="6,0,0,3,1,25" ten="255,376,259,110" oya="2" hai0="101,134,93,33,72,47,68,40,51,110,85,83,119" hai1="42,27,63,43,111,132,46,10,0,24,64,84,23" hai2="75,125,94,26,115,16,89,56,96,55,54,73,71" hai3="98,128,81,99,41,86,80,65,107,66,118,95,79"/><V113/><F71/><W53/><G41/><T127/><D68/><U135/><E27/><V126/><F55/><W91/><G118/><T19/><D110/><U3/><E42/><V97/><F97/><W11/><G128/><T49/><D127/><N who="2" m="48650" /><F26/><W1/><G1/><T77/><D119/><U48/><E10/><V60/><F16/><W123/><G123/><T102/><D33/><U74/><E74/><AGARI ba="0,0" hai="54,56,60,73,74,75,89,94,96,113,115" m="48650" machi="74" ten="30,1500,0" yaku="18,1" doraHai="25" who="2" fromWho="1" sc="255,0,376,-15,259,15,110,0" /><INIT seed="6,1,0,2,0,43" ten="255,361,274,110" oya="2" hai0="13,60,15,111,0,98,110,22,89,12,72,41,56" hai1="129,24,126,80,101,27,42,32,57,120,123,8,26" hai2="50,83,81,66,55,44,115,35,54,109,78,95,106" hai3="134,103,14,99,40,47,130,33,100,132,7,65,34"/><V119/><F35/><W9/><G65/><T74/><D0/><U104/><E32/><V11/><F106/><W96/><G130/><T61/><D41/><U88/><E129/><V135/><F119/><W97/><G34/><T91/><D22/><U114/><E101/><V58/><F115/><W92/><G33/><T127/><D98/><U87/><E104/><V71/><F135/><W49/><REACH who="3" step="1"/><G97/><REACH who="3" ten="255,361,274,100" step="2"/><T124/><D13/><U121/><E114/><V69/><F66/><W76/><G76/><T51/><D56/><U29/><E57/><V85/><F58/><W113/><G113/><T94/><D51/><U19/><E29/><V75/><F50/><W2/><G2/><T84/><D84/><U17/><E126/><V117/><F78/><W128/><G128/><T10/><D10/><U48/><E8/><V23/><F11/><W122/><G122/><T73/><D72/><U107/><E107/><AGARI ba="1,1" hai="7,9,14,40,47,49,92,96,99,100,103,107,132,134" machi="107" ten="40,5200,0" yaku="1,1,52,1,53,1" doraHai="43" doraHaiUra="4" who="3" fromWho="1" sc="255,0,361,-55,274,0,100,65" /><INIT seed="7,0,0,1,1,86" ten="255,306,274,165" oya="3" hai0="14,131,104,7,28,44,101,54,61,69,35,16,112" hai1="80,125,105,64,67,2,87,62,124,29,1,32,24" hai2="42,121,5,39,55,93,128,25,0,70,23,72,8" hai3="99,92,126,113,57,83,49,98,53,119,18,47,75"/><W33/><G119/><T48/><D112/><U58/><E67/><V65/><F128/><W43/><G113/><T31/><D131/><U90/><REACH who="1" step="1"/><E105/><REACH who="1" ten="255,296,274,165" step="2"/><V95/><F65/><W71/><G126/><AGARI ba="0,1" hai="1,2,24,29,32,58,62,64,80,87,90,124,125,126" machi="126" ten="40,8000,1" yaku="1,1,2,1,18,1,52,1,53,1" doraHai="86" doraHaiUra="27" who="1" fromWho="3" sc="255,0,296,90,274,0,165,-80" owari="255,-14.0,386,48.0,274,7.0,85,-41.0" /></mjloggm>