<mjloggm ver="2.3"><GO type="97" lobby="0"/><UN n0="%E3%81%86%E3%81%95%E3%81%8E%E3%81%BE%E3%81%8D" n1="%E3%81%8B%E3%82%89%E3%81%8F%E3%82%8A" n2="%4B%E2%85%A1%5F" n3="%E3%82%A6%E3%83%AB%E3%83%88%E3%83%A9%E7%AB%8B%E7%9B%B4" dan="13,13,15,15" rate="1869.72,1815.92,2041.77,1982.93" sx="M,M,M,M"/><TAIKYOKU oya="0"/><INIT seed="0,0,0,0,0,32" ten="250,250,250,250" oya="0" hai0="4,114,65,107,12,10,70,75,84,88,31,115,50" hai1="45,38,71,118,39,95,133,37,16,76,92,9,69" hai2="0,89,105,17,63,130,91,128,8,21,120,30,47" hai3="125,87,58,62,112,86,124,101,117,68,103,64,77"/><T54/><D75/><U7/><E118/><V94/><F105/><W33/><G33/><T104/><D70/><U102/><E76/><V97/><F120/><W40/><G112/><T122/><D65/><U79/><E79/><V82/><F30/><W61/><G117/><T14/><D122/><U19/><E133/><V29/><F29/><W36/><G40/><T129/><D129/><U90/><E45/><V41/><F63/><W55/><G36/><T67/><D67/><U106/><E106/><V49/><F82/><N who="3" m="47439" /><G87/><T131/><D131/><U1/><E71/><V18/><F89/><W15/><G15/><T109/><D109/><U52/><E69/><V85/><F85/><W57/><G68/><T5/><D31/><U35/><E35/><V132/><F132/><W110/><G110/><T134/><D134/><U135/><E135/><V46/><F47/><W116/><G116/><T74/><D74/><U66/><E66/><V83/><F83/><W99/><G99/><T22/><D115/><U23/><E102/><V119/><F119/><W60/><G60/><T24/><D114/><U2/><E37/><V100/><F100/><W27/><G27/><T111/><D111/><U43/><E38/><V3/><F130/><W96/><G96/><T26/><D107/><U127/><E39/><V126/><F128/><W48/><G62/><T44/><D104/><U20/><E43/><V72/><F72/><W108/><G108/><T28/><D26/><U93/><E20/><V98/><F98/><W113/><G113/><T121/><D121/><U11/><E23/><V13/><F126/><AGARI ba="0,0" hai="48,55,57,58,61,64,101,103,124,125,126" m="47439" machi="126" ten="30,2000,0" yaku="6,1,18,1" doraHai="32" who="3" fromWho="2" sc="250,0,250,0,250,-20,250,20" /><INIT seed="1,0,0,2,1,73" ten="250,250,230,270" oya="1" hai0="70,32,106,82,38,134,108,121,36,86,16,110,5" hai1="28,100,135,64,22,127,21,58,54,119,77,88,39" hai2="0,71,123,53,92,19,40,111,43,4,11,52,107" hai3="85,125,34,81,33,89,132,49,118,83,23,7,128"/><U61/><E119/><V95/><F107/><W9/><G118/><T47/><D32/><U59/><E39/><V62/><F123/><W17/><G125/><T78/><D106/><U129/><E127/><V87/><F111/><N who="0" m="42538" /><D70/><U102/><E129/><V97/><F87/><W67/><G132/><T31/><D121/><U35/><E35/><V42/><F92/><W29/><G128/><T13/><D31/><U1/><E1/><V12/><F62/><W90/><G67/><T99/><D99/><U104/><E77/><V116/><F71/><W18/><G49/><T74/><D134/><U109/><E135/><V27/><F27/><W6/><G6/><T105/><D105/><U65/><E104/><V24/><F24/><W72/><G29/><T75/><D5/><U80/><E109/><V133/><F116/><W60/><G18/><T56/><D56/><U94/><E80/><V79/><F79/><W30/><G30/><T112/><D112/><U20/><E28/><V114/><F114/><W57/><G81/><T131/><D131/><U2/><E2/><V91/><REACH who="2" step="1"/><F133/><REACH who="2" ten="250,250,220,270" step="2"/><W113/><G113/><T63/><D63/><U120/><E120/><V55/><F55/><W51/><G60/><T50/><D75/><U25/><E25/><V115/><F115/><W101/><G72/><T124/><D74/><U26/><E26/><V130/><F130/><W122/><G122/><T45/><D124/><U14/><E61/><V48/><F48/><W96/><G51/><T10/><D50/><U8/><E54/><V69/><F69/><W41/><G85/><T93/><D93/><RYUUKYOKU ba="0,1" sc="250,15,250,-15,220,15,270,-15" hai0="10,13,16,36,38,45,47,78,82,86" hai2="0,4,11,12,19,40,42,43,52,53,91,95,97" /><INIT seed="2,1,1,3,4,16" ten="265,235,235,255" oya="2" hai0="62,58,1,114,94,44,35,124,105,5,27,19,121" hai1="4,24,17,11,45,53,113,96,66,51,25,56,18" hai2="109,93,99,46,43,107,41,108,32,9,6,20,68" hai3="47,33,26,115,78,52,13,103,71,81,0,77,42"/><V30/><F32/><W132/><G71/><T15/><D105/><U102/><E113/><V70/><F107/><W85/><G0/><T84/><D121/><U31/><E24/><N who="2" m="16647" /><F68/><W98/><G132/><T83/><D114/><U39/><E39/><V29/><F29/><W80/><G13/><T69/><D69/><U59/><E66/><V97/><F70/><W126/><G126/><T75/><D75/><U3/><E45/><V2/><F99/><W38/><G115/><T82/><D124/><U22/><REACH who="1" step="1"/><E59/><REACH who="1" ten="265,225,235,255" step="2"/><V92/><F46/><W50/><G26/><T21/><D44/><U131/><E131/><V72/><F72/><W125/><G125/><T73/><D73/><U90/><E90/><N who="2" m="55447" /><F93/><AGARI ba="1,2" hai="3,4,11,17,18,22,25,31,51,53,56,93,96,102" machi="93" ten="30,3900,0" yaku="1,1,7,1,52,1,53,0" doraHai="16" doraHaiUra="134" who="1" fromWho="2" sc="265,0,225,62,235,-42,255,0" /><INIT seed="3,0,0,3,0,130" ten="265,287,193,255" oya="3" hai0="84,55,3,128,69,60,105,5,58,97,21,28,51" hai1="94,27,122,52,13,44,12,100,91,42,30,22,65" hai2="67,77,75,41,85,118,39,101,48,24,124,129,29" hai3="114,102,70,66,74,38,14,95,8,92,17,112,135"/><W7/><G38/><T126/><D128/><U120/><E120/><V78/><F129/><W113/><G74/><T68/><D126/><U117/><E122/><V98/><F124/><W76/><G76/><T6/><D3/><U121/><E121/><V103/><F118/><W50/><G66/><T33/><D33/><U73/><E73/><V133/><F75/><W11/><G70/><T53/><D105/><U96/><E117/><V108/><F39/><W47/><G102/><T72/><D72/><U36/><E65/><V134/><F108/><W61/><G61/><T46/><D97/><U57/><E100/><V90/><F67/><W93/><G135/><N who="2" m="51721" /><F41/><W86/><G86/><T0/><D0/><U107/><E107/><N who="2" m="63927" /><F103/><W35/><G35/><T63/><D84/><U80/><E80/><N who="2" m="49447" /><F48/><AGARI ba="0,0" hai="12,13,22,27,30,36,42,44,48,52,57,91,94,96" machi="48" ten="30,2000,0" yaku="7,1,54,1" doraHai="130" who="1" fromWho="2" sc="265,0,287,20,193,-20,255,0" owari="265,7.0,307,40.0,173,-33.0,255,-14.0" /></mjloggm>