<mjloggm ver="2.3"><GO type="41" lobby="0"/><UN n0="%E3%83%AB%E3%83%93%E3%83%BC%E3%82%B9%E3%82%BF%E3%83%BC" n1="%E3%83%95%E3%82%A7%E3%82%A4%E3%83%88%EF%BC%A0%E7%81%BC%E2%97%8E" n2="%E4%BB%A3%E7%AD%86" n3="%E5%B0%B1%E6%B4%BB%E7%94%9F%40%E5%B7%9D%E6%9D%91%E8%BB%8D%E5%9B%A3" dan="15,14,13,15" rate="1912.82,2033.93,1946.52,1974.93" sx="M,F,M,M"/><TAIKYOKU oya="0"/><INIT seed="0,0,0,5,3,122" ten="250,250,250,250" oya="0" hai0="67,44,129,12,131,130,121,50,76,41,74,36,14" hai1="111,22,75,112,33,66,116,104,110,86,27,40,96" hai2="53,48,15,0,4,62,132,54,91,25,73,59,105" hai3="63,26,68,115,51,79,103,19,32,8,85,125,9"/><T119/><D121/><U13/><E75/><V97/><F132/><W82/><G115/><T55/><D119/><U107/><E116/><V106/><F73/><W17/><G125/><T31/><D31/><U45/><E66/><V39/><F39/><W70/><G103/><T80/><D67/><U72/><E72/><V61/><F0/><W117/><G117/><T20/><REACH who="0" step="1"/><D20/><REACH who="0" ten="240,250,250,250" step="2"/><U52/><E112/><V77/><F106/><W89/><G32/><T49/><D49/><N who="1" m="28719" /><E33/><V57/><F105/><W38/><G38/><T37/><D37/><U100/><E107/><V126/><F48/><W69/><G51/><T95/><D95/><U98/><E104/><V114/><F114/><W18/><G63/><T58/><AGARI ba="0,1" hai="12,14,36,41,44,50,55,58,74,76,80,129,130,131" machi="58" ten="30,6000,0" yaku="1,1,0,1,19,1,53,0" doraHai="122" doraHaiUra="118" who="0" fromWho="0" sc="240,70,250,-20,250,-20,250,-20" /><INIT seed="0,1,0,1,5,76" ten="310,230,230,230" oya="0" hai0="102,124,71,103,128,6,86,115,87,91,116,113,84" hai1="119,36,32,17,125,50,100,130,12,106,38,93,56" hai2="133,19,68,59,11,65,31,74,132,94,55,66,13" hai3="114,24,101,18,0,72,46,85,104,25,34,123,118"/><T40/><D71/><U51/><E125/><V5/><F31/><W89/><G72/><T90/><D40/><U98/><E32/><V112/><F112/><W21/><G0/><T44/><D44/><U2/><E2/><V95/><F74/><W134/><G118/><T126/><D116/><U58/><E130/><V110/><F110/><W47/><G114/><N who="0" m="43531" /><D6/><U30/><E30/><V64/><F5/><W33/><G123/><T37/><D37/><U23/><E106/><V48/><F68/><W117/><G117/><T92/><D128/><U120/><E120/><V63/><F63/><W105/><G134/><AGARI ba="1,0" hai="11,13,19,48,55,59,64,65,66,94,95,132,133,134" machi="134" ten="40,1300,0" yaku="20,1" doraHai="76" who="2" fromWho="3" sc="310,0,230,0,230,16,230,-16" /><INIT seed="1,0,0,4,1,103" ten="310,230,246,214" oya="1" hai0="10,96,46,4,3,74,84,117,112,125,22,70,11" hai1="49,106,14,1,68,5,115,28,116,8,36,45,33" hai2="19,9,67,80,102,72,60,32,118,126,51,130,86" hai3="81,63,119,37,18,82,69,93,34,48,41,42,135"/><U127/><E115/><V13/><F118/><W132/><G37/><T123/><D112/><U73/><E116/><V55/><F32/><W53/><G119/><T61/><D123/><U131/><E127/><V104/><F126/><W66/><G34/><T56/><D70/><U101/><E73/><V0/><F130/><W134/><G18/><T99/><D74/><U79/><E36/><V39/><F39/><W57/><G93/><T88/><D125/><U47/><E68/><V78/><F0/><W21/><G21/><T59/><D59/><U7/><E79/><V15/><F72/><W124/><G124/><T95/><D11/><U64/><E64/><V65/><F60/><W24/><G24/><T31/><D46/><U133/><E45/><V52/><F55/><W30/><G30/><T23/><D117/><U87/><E28/><V27/><F27/><W122/><G122/><T71/><D71/><U76/><E33/><V108/><F108/><W113/><G113/><T89/><D99/><U128/><E1/><V107/><F102/><W120/><G120/><T17/><D31/><U77/><E5/><V105/><REACH who="2" step="1"/><F15/><REACH who="2" ten="310,230,236,214" step="2"/><W50/><G41/><T26/><D3/><U114/><E114/><V98/><F98/><W83/><G42/><T97/><D96/><N who="1" m="61735" /><E133/><V111/><F111/><W75/><G75/><T40/><D40/><N who="1" m="24807" /><E87/><V54/><F54/><W25/><G25/><T44/><D26/><U62/><E62/><AGARI ba="0,1" hai="48,50,53,57,62,63,66,69,81,82,83,132,134,135" machi="62" ten="50,1600,0" yaku="20,1" doraHai="103" who="3" fromWho="1" sc="310,0,230,-16,236,0,214,26" /><INIT seed="2,0,0,1,4,117" ten="310,214,236,240" oya="2" hai0="22,52,15,127,9,91,21,61,42,64,125,0,78" hai1="53,108,55,128,100,92,112,58,68,3,47,32,73" hai2="25,39,88,93,60,110,134,103,116,18,98,11,67" hai3="123,106,59,130,19,124,29,75,41,24,66,20,85"/><V109/><F116/><W102/><G75/><T87/><D0/><U4/><E68/><V119/><F119/><W26/><G124/><N who="0" m="47691" /><D87/><U62/><E32/><V96/><F39/><W90/><G130/><T115/><D78/><U36/><E108/><N who="2" m="41579" /><F134/><W129/><G129/><T104/><D104/><U77/><E36/><V79/><F79/><W37/><G37/><T132/><D115/><U28/><E112/><V101/><F98/><W27/><G41/><T30/><D42/><U56/><E77/><V65/><F65/><W135/><G135/><T69/><D30/><U31/><E73/><V126/><F126/><W84/><G84/><T16/><D91/><U105/><E128/><V97/><F97/><W7/><G7/><T49/><D132/><U133/><E133/><V50/><F50/><W48/><G106/><T12/><D15/><U107/><E105/><V2/><F25/><W122/><G102/><T45/><AGARI ba="0,0" hai="9,12,16,21,22,45,49,52,61,64,69" m="47691" machi="45" ten="30,4000,0" yaku="18,1,54,2" doraHai="117" who="0" fromWho="0" sc="310,40,214,-10,236,-20,240,-10" /><INIT seed="3,0,0,0,1,120" ten="350,204,216,230" oya="3" hai0="25,17,62,79,74,84,27,1,5,18,103,51,43" hai1="63,55,4,0,23,54,59,122,96,38,66,126,45" hai2="80,15,134,106,131,12,68,39,56,2,92,85,105" hai3="20,28,30,113,107,123,108,128,22,93,112,40,89"/><W6/><G107/><T13/><D74/><U118/><E122/><V100/><F68/><W44/><G123/><T110/><D103/><U111/><E0/><V125/><F125/><W133/><G128/><T117/><D62/><U81/><E4/><V130/><F39/><W53/><G133/><T32/><D117/><U99/><E81/><V48/><F2/><W95/><G6/><T102/><D102/><U91/><E23/><V60/><F48/><W29/><G53/><T33/><D51/><U24/><E24/><V88/><F134/><W10/><G10/><T42/><D84/><U83/><E38/><V129/><F12/><W8/><G8/><N who="0" m="2095" /><D79/><U71/><E118/><V3/><F15/><W41/><G108/><T46/><D46/><U35/><E111/><V57/><F3/><W101/><G101/><T77/><D77/><U75/><E45/><V49/><F49/><W36/><G40/><T121/><D121/><U90/><E55/><N who="2" m="33823" /><F57/><W72/><G72/><T52/><D43/><U132/><E132/><V98/><AGARI ba="0,0" hai="80,85,88,92,98,100,105,106,129,130,131" m="33823" machi="98" ten="40,2700,0" yaku="19,1,54,1" doraHai="120" who="2" fromWho="2" sc="350,-7,204,-7,216,27,230,-13" /><INIT seed="4,0,0,5,1,88" ten="343,197,243,217" oya="0" hai0="126,93,133,34,26,81,86,32,122,50,73,13,114" hai1="18,130,54,129,121,103,24,85,56,80,17,67,33" hai2="41,68,71,98,30,58,120,124,112,83,123,36,96" hai3="70,134,95,125,35,111,87,14,2,51,113,101,57"/><T5/><D122/><U76/><E121/><V15/><F112/><W31/><G2/><T23/><D73/><U119/><E119/><V19/><F124/><W62/><G111/><T106/><D106/><U105/><E67/><V25/><F83/><W7/><G113/><T69/><D69/><U110/><E110/><V39/><F58/><W10/><G125/><T116/><D126/><U135/><E135/><V89/><F71/><W99/><G134/><T22/><D133/><U60/><E103/><V3/><F3/><W61/><G70/><T128/><D114/><U63/><E63/><V100/><F68/><W75/><G75/><T109/><D109/><U84/><E84/><V94/><F41/><W49/><G61/><T77/><D116/><U48/><E105/><V74/><F74/><W107/><G31/><N who="0" m="17879" /><D93/><U0/><E0/><V72/><F72/><W37/><G35/><N who="0" m="13355" /><D50/><U108/><E108/><V16/><F39/><W104/><G37/><T59/><D59/><U131/><E48/><V90/><F36/><W92/><G107/><T97/><D97/><U132/><E132/><V53/><F53/><N who="3" m="34095" /><G104/><T65/><D65/><U1/><E1/><V21/><F19/><W44/><G44/><T79/><D79/><U28/><AGARI ba="0,0" hai="17,18,24,28,33,54,56,60,76,80,85,129,130,131" machi="28" ten="40,2700,0" yaku="0,1,19,1" doraHai="88" who="1" fromWho="1" sc="343,-13,197,27,243,-7,217,-7" /><INIT seed="5,0,0,1,4,3" ten="330,224,236,210" oya="1" hai0="62,132,40,120,54,95,104,118,128,20,53,110,122" hai1="41,32,78,51,93,63,7,102,131,90,97,80,30" hai2="38,44,71,89,35,25,29,66,69,87,13,98,74" hai3="22,58,79,5,16,130,47,64,9,50,81,19,48"/><U18/><E131/><V117/><F117/><W61/><G130/><T42/><D104/><U111/><E111/><V12/><F74/><W52/><G48/><T57/><D128/><U15/><E32/><V6/><F38/><W124/><G124/><T100/><D100/><U56/><E30/><V77/><F44/><W55/><G22/><T86/><D20/><U94/><E7/><V125/><F125/><W24/><G24/><T133/><D95/><U107/><E90/><V109/><F109/><W134/><G64/><T27/><D27/><U10/><E51/><V106/><F77/><W31/><G31/><T46/><D86/><U39/><E41/><N who="0" m="15977" /><D110/><U92/><E39/><V59/><F6/><W34/><G34/><T37/><D37/><U91/><E91/><V28/><F28/><W84/><G134/><N who="0" m="51819" /><D118/><U129/><E129/><V1/><F1/><AGARI ba="0,0" hai="1,5,9,16,19,47,50,52,55,58,61,79,81,84" machi="1" ten="30,7700,0" yaku="7,1,52,1,54,2" doraHai="3" who="3" fromWho="2" sc="330,0,224,0,236,-77,210,77" /><INIT seed="6,0,0,4,2,132" ten="330,224,159,287" oya="2" hai0="20,10,45,131,14,113,83,29,17,71,98,122,115" hai1="18,3,105,16,54,40,37,66,60,120,31,90,108" hai2="34,13,1,93,76,96,89,49,104,59,15,56,77" hai3="73,124,127,67,21,94,19,88,103,99,25,80,97"/><V27/><F34/><W33/><G33/><T44/><D71/><U95/><E3/><V112/><F112/><N who="0" m="43082" /><D122/><U8/><E105/><V4/><F27/><W129/><G129/><T134/><D134/><U57/><E108/><V126/><F126/><N who="3" m="48171" /><G67/><T52/><D98/><U125/><E120/><V68/><F68/><W38/><G38/><T86/><D131/><U7/><E37/><V36/><F36/><W55/><G55/><T64/><D64/><U82/><E54/><V92/><F104/><N who="3" m="63599" /><G80/><T51/><D29/><U107/><E31/><V100/><F49/><W53/><G53/><T41/><D41/><U109/><E40/><V63/><F63/><W111/><G73/><T74/><D74/><U0/><E125/><V114/><F114/><W85/><G111/><T11/><D44/><U65/><E109/><V75/><F75/><W39/><G39/><T42/><D42/><U62/><E66/><V106/><F106/><W118/><G99/><T123/><D123/><U24/><E65/><V135/><F135/><W91/><G91/><AGARI ba="0,0" hai="10,11,14,17,20,45,51,52,83,86,91" m="43082" machi="91" ten="30,2000,0" yaku="15,1,54,1" doraHai="132" who="0" fromWho="3" sc="330,20,224,0,159,0,287,-20" /><INIT seed="7,0,0,4,1,101" ten="350,224,159,267" oya="3" hai0="114,53,73,11,0,135,32,128,29,89,1,33,98" hai1="66,56,116,48,50,105,19,129,92,130,117,24,107" hai2="46,127,52,10,7,113,2,39,124,62,54,93,42" hai3="91,25,121,58,8,20,17,40,90,28,133,132,103"/><W63/><G121/><T61/><D73/><U109/><E109/><V41/><F113/><W15/><G40/><T110/><D29/><U67/><E92/><V64/><F93/><W36/><G36/><T69/><D98/><U30/><E19/><V111/><F111/><W102/><G102/><T21/><D89/><U112/><E112/><V72/><F72/><W123/><G103/><T68/><D53/><N who="1" m="31783" /><E50/><V94/><F94/><W45/><G45/><T47/><D61/><U31/><E67/><V125/><REACH who="2" step="1"/><F41/><REACH who="2" ten="350,224,149,267" step="2"/><W65/><REACH who="3" step="1"/><G123/><REACH who="3" ten="350,224,149,257" step="2"/><T5/><D114/><U75/><E117/><V13/><F13/><W134/><AGARI ba="0,2" hai="8,15,17,20,25,28,58,63,65,90,91,132,133,134" machi="134" ten="30,12000,1" yaku="1,1,2,1,0,1,20,1,53,1" doraHai="101" doraHaiUra="57" who="3" fromWho="3" sc="350,-40,224,-40,149,-40,257,140" owari="310,11.0,184,-22.0,109,-39.0,397,50.0" /></mjloggm>