<mjloggm ver="2.3"><GO type="193" lobby="0"/><UN n0="%79%61%6D%61%2D%73%61%6E" n1="%E8%87%AA%E5%8B%95%E6%94%BE%E9%8A%83%E8%A3%85%E7%BD%AE" n2="%E5%B0%B1%E6%B4%BB%E7%94%9F%40%E5%B7%9D%E6%9D%91%E8%BB%8D%E5%9B%A3" n3="%E3%83%AD%E3%82%AD%E3%82%A2%E3%80%82" dan="12,12,11,12" rate="1621.49,1711.92,1727.08,1643.32" sx="M,M,M,F"/><TAIKYOKU oya="0"/><INIT seed="0,0,0,2,2,96" ten="250,250,250,250" oya="0" hai0="70,118,128,22,79,84,103,90,24,46,50,9,6" hai1="56,25,115,111,27,124,47,44,4,40,54,87,91" hai2="1,18,132,114,45,20,29,116,92,122,67,102,11" hai3="49,69,77,75,30,51,68,66,121,39,35,60,101"/><T0/><D118/><U127/><E111/><V108/><F116/><W85/><G39/><T58/><D70/><U8/><E115/><V73/><F114/><W112/><G75/><T3/><D128/><U100/><E100/><V5/><F122/><W129/><G112/><T26/><D79/><U61/><E127/><V78/><F108/><W86/><G121/><T63/><D26/><U52/><E124/><V7/><F132/><W31/><G129/><T107/><D0/><U37/><E47/><V38/><F7/><W41/><G69/><T80/><D107/><U98/><E98/><V71/><F29/><W117/><G117/><T28/><D103/><U99/><E99/><V130/><F130/><W81/><G85/><T93/><D93/><U19/><E19/><V16/><F92/><W33/><G101/><T72/><D72/><U34/><E54/><V48/><F102/><W82/><G41/><T21/><D21/><U55/><E34/><V126/><F126/><W14/><G82/><T59/><REACH who="0" step="1"/><D63/><REACH who="0" ten="240,250,250,250" step="2"/><U134/><E134/><V10/><F78/><W105/><G105/><T64/><D64/><U83/><REACH who="1" step="1"/><E55/><AGARI ba="0,1" hai="3,6,9,22,24,28,46,50,55,58,59,80,84,90" machi="55" ten="30,2900,0" yaku="1,1,7,1,53,0" doraHai="96" doraHaiUra="123" who="0" fromWho="1" sc="240,39,250,-29,250,0,250,0" /><INIT seed="0,1,0,0,0,45" ten="279,221,250,250" oya="0" hai0="56,26,53,21,78,133,57,113,37,118,5,31,111" hai1="127,14,16,79,28,70,17,112,23,100,2,119,66" hai2="12,19,50,90,68,96,62,75,121,74,122,107,36" hai3="102,89,7,83,54,64,72,69,109,15,61,0,77"/><T130/><D118/><U33/><E100/><V18/><F36/><W115/><G115/><T67/><D37/><U108/><E79/><V105/><F68/><W124/><G0/><T35/><D113/><U129/><E70/><V47/><F62/><W34/><G124/><T101/><D133/><U44/><E66/><V20/><F105/><W132/><G132/><T59/><D130/><U55/><E112/><V99/><F99/><W82/><G109/><T63/><D78/><U13/><E119/><V58/><F58/><W76/><G34/><T32/><D101/><U93/><E108/><V22/><F121/><W51/><G89/><T86/><D111/><U131/><E93/><V135/><F135/><W24/><G24/><T116/><D116/><U117/><E117/><V95/><F107/><W41/><G41/><T97/><D5/><U27/><E55/><V4/><F4/><W49/><G102/><T85/><D97/><U1/><E44/><V30/><F30/><W39/><G54/><T25/><D53/><U126/><E2/><V10/><F10/><W114/><G39/><T42/><D42/><U81/><E81/><V92/><F92/><W48/><G114/><T46/><D46/><U103/><E103/><V125/><F125/><N who="1" m="47625" /><E1/><V29/><F29/><W9/><REACH who="3" step="1"/><G72/><REACH who="3" ten="279,221,250,240" step="2"/><T73/><D73/><U3/><E3/><V104/><F104/><W52/><G52/><T84/><REACH who="0" step="1"/><D35/><REACH who="0" ten="269,221,250,240" step="2"/><U87/><E87/><V88/><F122/><W43/><G43/><T128/><D128/><N who="1" m="49227" /><E33/><V60/><F74/><W11/><G11/><T134/><D134/><U71/><E71/><RYUUKYOKU ba="1,2" sc="269,10,221,10,250,-30,240,10" hai0="21,25,26,31,32,56,57,59,63,67,84,85,86" hai1="13,14,16,17,23,27,28" hai3="7,9,15,48,49,51,61,64,69,76,77,82,83" /><INIT seed="0,2,2,1,1,131" ten="279,231,220,250" oya="0" hai0="78,100,133,120,87,83,92,109,63,123,36,34,3" hai1="121,135,32,39,29,50,90,61,84,77,52,5,64" hai2="8,122,31,23,66,40,96,79,103,101,91,1,27" hai3="116,21,16,93,98,102,118,51,24,15,111,53,127"/><T88/><D36/><U46/><E121/><V26/><F122/><W125/><G111/><T18/><D3/><U28/><E77/><V14/><F1/><W110/><G110/><T54/><D109/><U85/><E39/><V17/><F79/><W22/><G22/><T19/><D34/><U82/><E5/><V108/><F108/><W99/><G98/><T9/><D133/><U10/><E10/><V71/><F71/><W13/><G15/><T57/><D100/><U114/><E135/><V2/><F2/><W107/><G107/><T65/><D65/><U69/><E114/><V75/><F75/><W7/><G7/><T119/><D119/><U126/><E126/><N who="3" m="48138" /><G24/><T47/><D47/><AGARI ba="2,2" hai="13,16,21,47,51,53,93,99,102,116,118" m="48138" machi="47" ten="30,2000,0" yaku="18,1,54,1" doraHai="131" who="3" fromWho="0" sc="279,-26,231,0,220,0,250,46" /><INIT seed="1,0,0,2,0,13" ten="253,231,220,296" oya="1" hai0="5,108,67,9,63,25,11,114,118,68,102,125,115" hai1="117,91,69,34,113,58,92,19,16,70,55,54,100" hai2="88,93,111,2,123,116,38,14,71,90,87,106,10" hai3="121,44,135,61,83,24,128,50,86,6,126,22,112"/><U131/><E113/><V124/><F106/><W76/><G112/><T49/><D118/><U110/><E117/><V77/><F123/><W84/><G121/><T122/><D122/><U47/><E100/><V3/><F116/><W46/><G135/><T12/><D108/><U96/><E110/><V109/><F71/><W4/><G128/><T62/><D125/><U56/><E34/><V23/><F124/><W85/><G126/><T134/><D134/><U72/><E131/><V48/><F38/><W120/><G120/><T32/><D102/><U80/><E72/><V36/><F36/><W105/><G105/><T82/><D11/><U130/><E130/><V73/><F109/><W74/><G46/><T26/><D82/><U27/><E70/><V101/><F111/><W37/><G37/><T81/><D81/><U127/><E127/><V89/><F3/><W30/><REACH who="3" step="1"/><G61/><REACH who="3" ten="253,231,220,286" step="2"/><T0/><D62/><N who="1" m="36119" /><E69/><V8/><F2/><W1/><G1/><T97/><D115/><U104/><E104/><V43/><F73/><W59/><G59/><T57/><D114/><U129/><E129/><V78/><F87/><W20/><G20/><T17/><D97/><U40/><E80/><V53/><F53/><AGARI ba="0,1" hai="4,6,22,24,30,44,50,53,74,76,83,84,85,86" machi="53" ten="40,2600,0" yaku="1,1,53,1" doraHai="13" doraHaiUra="42" who="3" fromWho="2" sc="253,0,231,0,220,-26,286,36" /><INIT seed="2,0,0,1,0,92" ten="253,231,194,322" oya="2" hai0="31,89,56,53,18,62,0,69,97,44,104,114,48" hai1="20,49,63,39,4,26,55,46,66,75,12,51,83" hai2="2,67,129,91,77,16,106,133,128,126,52,117,58" hai3="24,131,90,61,19,93,78,30,125,9,60,122,121"/><V105/><F2/><W86/><G131/><T108/><D114/><U6/><E39/><V11/><F117/><W94/><G125/><T110/><D0/><U29/><E75/><V96/><F126/><W64/><G61/><T132/><D132/><U28/><E83/><V59/><F133/><W54/><G78/><T79/><D79/><U43/><E29/><V65/><F77/><W42/><G42/><T115/><D115/><U124/><E124/><V107/><F91/><W14/><G54/><T34/><D69/><U103/><E103/><V1/><F1/><W109/><G109/><N who="0" m="42091" /><D34/><U76/><E76/><V113/><F113/><W88/><G121/><T33/><D33/><U27/><E27/><V99/><F59/><W68/><G122/><T3/><D3/><U102/><E102/><V17/><F67/><W120/><G120/><T123/><D123/><U13/><E6/><V25/><F65/><W81/><REACH who="3" step="1"/><G90/><REACH who="3" ten="253,231,194,312" step="2"/><T72/><D72/><U118/><E118/><V98/><F25/><W116/><G116/><T135/><D135/><U70/><REACH who="1" step="1"/><E4/><REACH who="1" ten="253,221,194,312" step="2"/><V112/><F112/><W130/><G130/><N who="2" m="50281" /><F11/><W32/><AGARI ba="0,2" hai="9,14,19,24,30,32,60,64,68,81,86,88,93,94" machi="32" ten="20,5200,0" yaku="1,1,0,1,7,1,54,1,53,0" doraHai="92" doraHaiUra="95" who="3" fromWho="3" sc="253,-13,221,-13,194,-26,312,72" /><INIT seed="3,0,0,4,5,57" ten="240,208,168,384" oya="3" hai0="74,40,126,82,110,122,67,128,10,43,134,36,19" hai1="17,37,63,16,78,42,52,58,33,0,87,106,102" hai2="73,26,130,49,97,47,4,53,118,7,46,5,76" hai3="131,24,68,55,65,44,111,105,119,3,59,21,96"/><W72/><G119/><T51/><D122/><U125/><E33/><V90/><F118/><W28/><G3/><T1/><D110/><U101/><E0/><V81/><F130/><W99/><G131/><T79/><D128/><U38/><E125/><V30/><F90/><W20/><G111/><T127/><D36/><U35/><E35/><V84/><F73/><W104/><G72/><T15/><D1/><U112/><E112/><V115/><F115/><W91/><G44/><T123/><D123/><U75/><E75/><V92/><F47/><W114/><G114/><T31/><D31/><U135/><E135/><V48/><F48/><W64/><G65/><T61/><D134/><U9/><E42/><V27/><REACH who="2" step="1"/><F30/><REACH who="2" ten="240,208,158,384" step="2"/><W70/><G91/><T133/><D133/><U77/><E38/><V80/><F80/><W54/><G70/><T32/><D32/><U98/><E37/><V94/><F94/><W121/><G68/><T29/><D29/><U14/><E102/><V69/><F69/><W12/><G121/><T2/><D2/><U50/><E50/><V22/><F22/><W95/><G21/><T116/><D116/><U56/><E56/><V129/><F129/><W100/><G59/><T109/><D109/><U66/><E66/><V23/><F23/><W34/><G64/><T25/><D25/><U39/><E39/><V89/><AGARI ba="0,1" hai="4,5,7,26,27,46,49,53,76,81,84,89,92,97" machi="89" ten="30,4000,0" yaku="1,1,0,1,8,1,53,0" doraHai="57" doraHaiUra="132" who="2" fromWho="2" sc="240,-10,208,-10,158,50,384,-20" owari="230,3.0,198,-30.0,208,-19.0,364,46.0" /></mjloggm>