<mjloggm ver="2.3"><GO type="97" lobby="0"/><UN n0="%E3%82%8C%E3%81%8A%E3%81%97%E3%82%87%E3%81%86" n1="%E3%82%A2%E3%83%B3%E3%83%88%E3%83%97%E3%83%AC%E3%83%88%E3%80%82" n2="%E3%82%A6%E3%83%AB%E3%83%88%E3%83%A9%E7%AB%8B%E7%9B%B4" n3="%E3%82%B7%E3%83%BC%E3%83%9E%31%38%36%36" dan="14,13,14,14" rate="1962.46,1833.68,1957.21,1925.58" sx="M,M,M,M"/><TAIKYOKU oya="0"/><INIT seed="0,0,0,5,5,18" ten="250,250,250,250" oya="0" hai0="52,94,9,64,38,55,98,60,101,51,78,91,111" hai1="88,87,8,135,50,126,131,104,29,66,21,47,115" hai2="122,6,67,35,30,48,3,102,2,96,116,134,13" hai3="24,68,127,109,61,123,34,117,14,103,130,45,119"/><T105/><D111/><U25/><E135/><V31/><F48/><W113/><G103/><T26/><D38/><U23/><E104/><V69/><F122/><W79/><G68/><T36/><D36/><U39/><E39/><V133/><F67/><W110/><G79/><T43/><D9/><U62/><E131/><V82/><F82/><W65/><G45/><T75/><D26/><U71/><E126/><V77/><F69/><N who="3" m="42159" /><G14/><T57/><D43/><U46/><E8/><N who="2" m="4247" /><F77/><W74/><G24/><T112/><D112/><U5/><E5/><V37/><F37/><W93/><G93/><T15/><D15/><U84/><E84/><V49/><F49/><W132/><G34/><T99/><D51/><U70/><E70/><V12/><F96/><W41/><G41/><T0/><D0/><N who="2" m="42" /><F102/><W121/><G74/><T10/><D10/><U95/><E115/><V28/><F116/><N who="3" m="44619" /><G127/><T86/><D98/><U72/><E47/><V19/><F35/><W54/><G54/><T120/><D120/><N who="3" m="46153" /><G130/><T129/><D129/><U44/><E72/><V100/><F100/><W92/><G92/><T89/><D89/><U4/><E46/><V7/><F7/><W16/><G132/><N who="2" m="50793" /><F31/><W32/><G32/><T124/><D124/><U17/><E4/><V108/><F108/><N who="3" m="41579" /><G16/><T63/><D63/><U90/><E90/><V76/><F76/><W58/><G58/><T33/><D33/><U128/><E128/><V106/><F106/><W1/><G1/><T97/><D97/><U56/><E71/><V20/><AGARI ba="0,0" hai="12,19,20,28,30" m="50793,42,4247" machi="20" ten="30,7900,0" yaku="20,1,34,2,52,1" doraHai="18" who="2" fromWho="2" sc="250,-39,250,-20,250,79,250,-20" /><INIT seed="1,0,0,1,0,97" ten="211,230,329,230" oya="1" hai0="0,29,31,17,130,133,14,36,88,56,107,6,78" hai1="2,54,15,25,124,72,42,114,65,3,132,55,52" hai2="115,32,125,61,129,11,9,100,37,7,123,49,82" hai3="112,109,43,23,48,85,116,51,30,80,126,86,24"/><U91/><E114/><V18/><F37/><W53/><G112/><T47/><D107/><U62/><E72/><V66/><F32/><W28/><G109/><T74/><D130/><U20/><E132/><V102/><F123/><W81/><G126/><T79/><D133/><U68/><E124/><V58/><F115/><W12/><G116/><T34/><D74/><U64/><E64/><V63/><F125/><W121/><G121/><T60/><D31/><U10/><E42/><V122/><F122/><W40/><G12/><T71/><D71/><U38/><E91/><V95/><F129/><W73/><G73/><T45/><D45/><U33/><E33/><V83/><F7/><W4/><G4/><T44/><D47/><U90/><E90/><V35/><F35/><W103/><G103/><N who="2" m="39465" /><F95/><W111/><G111/><T5/><D5/><U69/><E38/><V76/><F76/><W46/><G30/><T26/><D44/><U75/><E75/><V127/><F127/><W99/><G99/><T39/><D36/><U106/><E106/><V120/><F120/><W19/><G28/><T117/><D39/><U104/><E104/><V41/><F63/><W110/><G110/><T101/><D101/><U92/><E69/><V77/><F77/><N who="3" m="46223" /><G51/><T22/><D117/><U98/><E3/><V135/><F135/><W27/><G27/><T50/><D50/><U94/><E98/><V67/><F49/><W1/><G1/><T119/><D119/><U134/><E134/><V89/><F89/><AGARI ba="0,0" hai="19,23,24,40,43,46,48,53,81,86,89" m="46223" machi="89" ten="30,1000,0" yaku="8,1" doraHai="97" who="3" fromWho="2" sc="211,0,230,0,329,-10,230,10" /><INIT seed="2,0,0,3,3,93" ten="211,230,319,240" oya="2" hai0="77,129,106,80,23,108,109,76,44,16,87,127,74" hai1="7,31,53,4,116,24,34,135,82,134,90,100,59" hai2="132,104,122,115,89,19,18,26,96,6,94,114,118" hai3="54,92,27,35,71,67,61,121,60,65,88,32,47"/><V17/><F122/><W22/><G121/><T101/><D44/><U42/><E116/><V117/><F104/><W1/><G1/><T84/><D127/><U99/><E42/><V125/><F125/><W85/><G47/><T128/><D16/><U105/><E82/><V2/><F132/><N who="1" m="50729" /><E90/><V45/><F26/><W111/><G111/><N who="0" m="42571" /><D23/><U39/><E39/><V13/><F2/><W30/><REACH who="3" step="1"/><G54/><REACH who="3" ten="211,230,319,230" step="2"/><T43/><D43/><U33/><E33/><V29/><F45/><W25/><G25/><T57/><D57/><AGARI ba="0,1" hai="22,27,30,32,35,57,60,61,65,67,71,85,88,92" machi="57" ten="30,7700,0" yaku="1,1,7,1,54,1,53,1" doraHai="93" doraHaiUra="66" who="3" fromWho="0" sc="211,-77,230,0,319,0,230,87" /><INIT seed="3,0,0,0,0,28" ten="134,230,319,317" oya="3" hai0="67,29,111,57,0,87,1,9,94,6,31,130,117" hai1="92,2,69,134,104,103,76,120,51,24,55,48,20" hai2="118,125,21,93,18,83,52,90,85,30,35,37,61" hai3="80,27,62,126,82,32,101,43,115,78,72,44,131"/><W53/><G115/><T133/><D117/><U91/><E120/><V42/><F118/><W96/><G126/><T108/><D130/><U7/><E134/><V22/><F125/><W81/><G131/><T5/><D133/><U114/><E76/><N who="2" m="46311" /><F35/><W102/><G102/><T49/><D67/><U127/><E127/><V50/><F37/><W54/><G62/><T3/><D57/><U46/><E114/><V70/><F70/><W95/><G32/><T65/><D65/><U64/><E2/><V135/><F135/><W63/><G27/><T10/><D49/><U128/><E128/><V113/><F113/><W38/><G63/><T132/><D94/><U88/><E7/><N who="0" m="2569" /><D87/><U89/><E64/><V41/><F61/><W60/><G60/><T56/><D56/><U112/><E112/><V39/><F39/><W11/><G11/><N who="0" m="4107" /><D132/><U110/><E110/><AGARI ba="0,0" hai="0,1,3,29,31,108,110,111" m="4107,2569" machi="110" ten="40,8000,1" yaku="28,2,14,1,34,2" doraHai="28" who="0" fromWho="1" sc="134,80,230,-80,319,0,317,0" owari="214,-19.0,150,-35.0,319,42.0,317,12.0" /></mjloggm>