<mjloggm ver="2.3"><GO type="97" lobby="0"/><UN n0="%73%69%61%6E%40" n1="%70%6F%6E%74%61%6D%6F" n2="%6D%69%CE%B4%69%72%7A" n3="%E3%82%A6%E3%83%AB%E3%83%88%E3%83%A9%E7%AB%8B%E7%9B%B4" dan="13,14,13,15" rate="1855.12,1947.75,1825.62,2030.38" sx="M,M,M,M"/><TAIKYOKU oya="0"/><INIT seed="0,0,0,4,1,108" ten="250,250,250,250" oya="0" hai0="127,116,117,66,73,30,49,98,53,75,47,63,0" hai1="37,76,57,115,39,7,82,94,20,113,40,33,110" hai2="67,72,11,134,55,84,22,12,97,128,42,90,35" hai3="26,88,41,46,50,118,1,3,89,78,2,25,107"/><T120/><D0/><U59/><E33/><V32/><F72/><W92/><G107/><T51/><D30/><U112/><E110/><V21/><F97/><W109/><G118/><T14/><D120/><U123/><E123/><V91/><F91/><W85/><G109/><T5/><D127/><U48/><E94/><V79/><F79/><W81/><REACH who="3" step="1"/><G89/><REACH who="3" ten="250,250,250,240" step="2"/><T44/><D117/><U8/><E20/><V64/><F22/><W56/><G56/><N who="1" m="21578" /><E48/><V80/><F21/><W121/><G121/><T17/><D116/><U101/><E101/><V19/><F35/><W38/><G38/><N who="1" m="14346" /><E40/><V125/><F32/><W106/><G106/><T43/><D51/><U52/><E76/><V104/><F104/><W31/><G31/><T29/><D49/><U62/><E82/><V95/><F80/><W114/><G114/><T126/><D43/><U87/><E87/><AGARI ba="0,1" hai="1,2,3,25,26,41,46,50,78,81,85,87,88,92" machi="87" ten="40,8000,1" yaku="1,1,54,1,53,2" doraHai="108" doraHaiUra="23" who="3" fromWho="1" sc="250,0,250,-80,250,0,240,90" /><INIT seed="1,0,0,5,5,78" ten="250,170,250,330" oya="1" hai0="133,127,128,97,32,13,126,3,19,51,111,135,80" hai1="42,89,60,103,95,130,79,68,20,75,27,119,113" hai2="134,90,56,96,64,122,49,40,29,129,121,109,39" hai3="15,99,102,7,18,47,85,24,9,34,17,46,86"/><U124/><E119/><V125/><F29/><W98/><G34/><T83/><D51/><U44/><E113/><V35/><F96/><N who="3" m="36907" /><G102/><T107/><D111/><U50/><E103/><V0/><F90/><W106/><G106/><T58/><D58/><U116/><BYE who="0" /><E116/><V108/><F64/><W30/><G30/><T11/><D11/><U38/><E124/><V112/><F40/><UN n0="%73%69%61%6E%40" /><W82/><G86/><T94/><D32/><U71/><E130/><V41/><F56/><W100/><G100/><N who="0" m="60471" /><D3/><U114/><E114/><V36/><F41/><W63/><G63/><T5/><D5/><U1/><E1/><V76/><F49/><W12/><G24/><T4/><D4/><U14/><E14/><V69/><F76/><N who="3" m="46279" /><G18/><T8/><D128/><U61/><E38/><V22/><F109/><W131/><G131/><T105/><D107/><U10/><E10/><AGARI ba="0,0" hai="7,9,10,12,15,17,46,47" m="46279,36907" machi="10" ten="30,2000,0" yaku="8,1,52,1" doraHai="78" who="3" fromWho="1" sc="250,0,170,-20,250,0,330,20" /><INIT seed="2,0,0,3,5,47" ten="250,150,250,350" oya="2" hai0="132,2,114,85,49,72,20,78,127,42,110,13,119" hai1="18,59,11,109,67,133,71,61,113,63,29,74,91" hai2="87,0,52,55,111,43,17,37,33,69,103,40,131" hai3="88,81,35,3,79,115,4,53,130,15,32,26,76"/><V25/><F69/><W89/><G3/><T108/><D114/><U102/><E74/><V54/><F0/><W117/><G117/><T9/><D2/><U104/><E113/><V123/><F123/><W95/><G35/><T86/><D119/><U96/><E109/><N who="0" m="42089" /><D132/><U94/><E133/><V105/><F111/><W135/><G135/><T66/><D66/><U14/><E29/><V46/><F43/><W68/><G68/><T5/><D127/><U124/><E124/><V62/><F87/><N who="3" m="50287" /><G32/><T24/><D78/><U128/><E128/><V23/><F33/><W30/><G26/><T64/><D72/><U120/><E120/><V122/><F122/><W12/><G30/><N who="0" m="17671" /><D64/><U36/><E36/><V75/><F75/><W97/><BYE who="0" /><G130/><T93/><D93/><U98/><E63/><V39/><F131/><W99/><G99/><UN n0="%73%69%61%6E%40" /><T45/><AGARI ba="0,0" hai="5,9,13,42,45,49,85,86" m="17671,42089" machi="45" ten="30,2000,0" yaku="14,1,52,1" doraHai="47" who="0" fromWho="0" sc="250,20,150,-5,250,-10,350,-5" /><INIT seed="3,0,0,2,4,3" ten="270,145,240,345" oya="3" hai0="39,18,51,117,25,56,115,55,106,77,19,91,88" hai1="5,75,44,95,49,111,93,57,24,42,104,11,96" hai2="23,82,83,35,122,66,103,1,52,114,81,134,133" hai3="65,47,10,33,108,132,68,7,73,8,27,43,6"/><W70/><G73/><T26/><D117/><U60/><E111/><V87/><F35/><W62/><G70/><T30/><D106/><U14/><E75/><V54/><F66/><W22/><G132/><N who="2" m="50793" /><F114/><W72/><G72/><T71/><D71/><U59/><E104/><V129/><F23/><W0/><G108/><T124/><D124/><U31/><E96/><V15/><F1/><N who="3" m="79" /><G22/><N who="0" m="15671" /><D39/><U101/><E101/><V38/><F38/><N who="3" m="22007" /><G27/><T84/><D77/><U46/><E46/><V125/><F87/><W29/><G29/><T110/><D110/><U112/><E112/><V63/><F122/><W58/><G58/><T121/><D121/><U94/><REACH who="1" step="1"/><E60/><REACH who="1" ten="270,135,240,345" step="2"/><V37/><F103/><W32/><AGARI ba="0,1" hai="0,7,10,32,33,62,65,68" m="22007,79" machi="32" ten="30,11700,0" yaku="33,2,52,2" doraHai="3" who="3" fromWho="3" sc="270,-39,135,-39,240,-39,345,127" owari="231,3.0,96,-40.0,201,-20.0,472,57.0" /></mjloggm>