<mjloggm ver="2.3"><GO type="41" lobby="0"/><UN n0="%61%6C%69%63%65%2E%53" n1="%E5%8D%88%E5%89%8D%E3%81%AE%E7%B4%85%E8%8C%B6" n2="%E3%82%A6%E3%83%AB%E3%83%88%E3%83%A9%E7%AB%8B%E7%9B%B4" n3="%73%75%6D%32%32%35%35" dan="13,15,15,13" rate="1861.82,1980.28,2016.58,1812.62" sx="F,M,M,M"/><TAIKYOKU oya="0"/><INIT seed="0,0,0,5,3,15" ten="250,250,250,250" oya="0" hai0="53,52,5,9,25,0,59,90,67,101,3,128,32" hai1="8,51,22,87,33,13,26,69,130,58,14,41,113" hai2="27,85,96,24,28,43,30,66,75,79,21,125,2" hai3="36,62,117,10,48,55,109,119,42,20,61,12,74"/><T35/><D101/><U98/><E69/><V7/><F75/><W86/><G74/><T80/><D128/><U84/><E130/><V38/><F66/><W63/><G36/><T134/><D134/><U88/><E33/><V57/><F57/><W73/><G73/><T6/><D35/><U100/><E100/><V135/><F96/><W4/><G109/><T129/><D129/><U124/><E124/><V72/><F85/><N who="1" m="32841" /><E8/><N who="2" m="2167" /><F125/><W17/><G42/><T11/><D32/><U46/><E58/><V112/><F112/><W111/><G111/><T82/><D25/><U18/><E113/><V45/><F135/><W39/><G39/><T89/><D67/><U49/><E49/><V95/><F95/><AGARI ba="0,0" hai="13,14,18,22,26,41,46,51,88,95,98" m="32841" machi="95" ten="30,3900,0" yaku="8,1,52,1,54,1" doraHai="15" who="1" fromWho="2" sc="250,0,250,39,250,-39,250,0" /><INIT seed="1,0,0,0,5,109" ten="250,289,211,250" oya="1" hai0="2,23,11,96,43,17,21,115,129,3,47,7,108" hai1="56,88,84,131,5,53,126,34,118,66,100,102,33" hai2="117,79,75,128,30,24,13,123,12,15,107,28,63" hai3="85,113,125,77,35,16,95,70,1,46,62,132,0"/><U67/><E118/><V81/><F107/><W27/><G35/><T60/><D96/><U82/><E5/><V49/><F123/><W130/><G125/><T110/><D60/><U32/><E126/><V41/><F128/><W90/><G130/><T92/><D129/><U97/><E131/><V80/><F117/><W103/><G132/><T8/><D92/><U18/><E18/><V29/><F63/><W99/><G46/><T89/><D89/><U72/><E72/><V111/><F111/><N who="0" m="42538" /><D47/><U4/><E4/><V69/><F69/><W38/><G38/><T101/><D43/><U112/><E112/><V94/><F94/><W64/><G77/><T54/><D54/><U55/><E53/><V37/><F37/><W86/><G86/><T51/><D51/><U26/><E26/><V14/><N who="2" m="3584" /><DORA hai="78" /><V36/><F36/><W22/><REACH who="3" step="1"/><G113/><REACH who="3" ten="250,289,211,240" step="2"/><T68/><D115/><U44/><E44/><N who="2" m="25743" /><F75/><W119/><G119/><T20/><D68/><U39/><E39/><V74/><F74/><W52/><G52/><T6/><D101/><U65/><REACH who="1" step="1"/><E97/><REACH who="1" ten="250,279,211,240" step="2"/><V61/><F61/><AGARI ba="0,2" hai="32,33,34,55,56,61,65,66,67,82,84,88,100,102" machi="61" ten="50,12000,1" yaku="1,1,2,1,52,1,54,1,53,1" doraHai="109,78" doraHaiUra="48,120" who="1" fromWho="2" sc="250,0,279,140,211,-120,240,0" /><INIT seed="1,1,0,3,0,77" ten="250,419,91,240" oya="1" hai0="64,27,84,110,79,36,0,56,66,62,49,31,72" hai1="34,69,82,95,132,37,125,23,87,29,47,94,88" hai2="100,117,12,104,121,46,24,85,52,35,2,86,106" hai3="32,59,70,107,116,92,131,20,60,41,17,7,3"/><U61/><E34/><V122/><F2/><W55/><G107/><T83/><D0/><U25/><E125/><V50/><F117/><W108/><G32/><T30/><D110/><U33/><E33/><V1/><F1/><W124/><G108/><T113/><D36/><U112/><E112/><V103/><F12/><W16/><G124/><T90/><D113/><U45/><E132/><V10/><F24/><W98/><G131/><T97/><D97/><U114/><E114/><V91/><F35/><W67/><G116/><T118/><D118/><U19/><E29/><V18/><F10/><W28/><G41/><T26/><D26/><U119/><E119/><V9/><F9/><W43/><G43/><T123/><D123/><U73/><E73/><V58/><F18/><W74/><G74/><T38/><D38/><U57/><E69/><V13/><F13/><W109/><G109/><T54/><D27/><U39/><E39/><V80/><F58/><W78/><G78/><T130/><D130/><U22/><E22/><V8/><F8/><N who="3" m="2175" /><G55/><T51/><D66/><N who="1" m="39215" /><E37/><V135/><F135/><W101/><G70/><T6/><D6/><U111/><E111/><V44/><F50/><W48/><G48/><T63/><D51/><U68/><E68/><V21/><F21/><W81/><G81/><T99/><D63/><U15/><E25/><AGARI ba="1,0" hai="16,17,20,25,28,59,60,67,92,98,101" m="2175" machi="25" ten="30,2000,0" yaku="25,1,54,1" doraHai="77" who="3" fromWho="1" sc="250,0,419,-23,91,0,240,23" /><INIT seed="2,0,0,3,5,63" ten="250,396,91,263" oya="2" hai0="103,107,134,119,17,109,5,135,57,59,29,16,98" hai1="2,121,73,64,68,76,96,101,40,20,61,99,14" hai2="67,127,42,132,125,44,24,33,0,26,95,105,123" hai3="72,89,70,37,39,22,100,84,118,130,54,34,43"/><V128/><F105/><W3/><G72/><T91/><D109/><U83/><E2/><V116/><F0/><W114/><G118/><T80/><D5/><U102/><E121/><V35/><F95/><W77/><G34/><N who="2" m="12809" /><F116/><W50/><G3/><T85/><D29/><U58/><E40/><V115/><F123/><W69/><G100/><T81/><D119/><U82/><E83/><V92/><F92/><W87/><G22/><T66/><D66/><U78/><E78/><V32/><N who="2" m="12817" /><V52/><DORA hai="45" /><F115/><W31/><G31/><T71/><D71/><N who="3" m="27145" /><G77/><T60/><D80/><U53/><E101/><V93/><F93/><W46/><G89/><T117/><D117/><U88/><E102/><V9/><F9/><W7/><G7/><T23/><D60/><U13/><E88/><V104/><F104/><W12/><G12/><T106/><D106/><U4/><E13/><V124/><F67/><W28/><G28/><T86/><D107/><U74/><E74/><V6/><F6/><W110/><G114/><T41/><D17/><U122/><E122/><V19/><F19/><W10/><G10/><T65/><D103/><U1/><E1/><V38/><F128/><W36/><G130/><T108/><D16/><N who="1" m="10263" /><E4/><V131/><F131/><W94/><G94/><T120/><D120/><U97/><E99/><V112/><F112/><W55/><G110/><T11/><D108/><U111/><E111/><V30/><F30/><W21/><G21/><T56/><D98/><U133/><E97/><V129/><F129/><W27/><G27/><N who="2" m="10281" /><F132/><W113/><G113/><T48/><D135/><RYUUKYOKU ba="0,0" sc="250,-15,396,-15,91,15,263,15" hai2="38,42,44,52,124,125,127" hai3="36,37,39,43,46,50,54,55,84,87" /><INIT seed="2,1,0,4,4,43" ten="235,381,106,278" oya="2" hai0="47,108,30,34,36,134,6,110,32,22,21,52,31" hai1="41,116,3,93,35,45,71,5,95,38,64,90,9" hai2="74,39,63,81,89,78,42,27,4,121,120,61,62" hai3="119,58,113,80,54,92,40,124,112,0,59,122,91"/><V125/><F125/><W10/><G119/><T131/><D6/><U135/><E116/><V73/><F73/><W17/><G122/><T96/><D96/><U98/><E135/><V44/><F89/><W49/><G80/><T100/><D100/><U33/><E71/><V16/><F27/><W12/><G0/><T28/><D131/><U67/><REACH who="1" step="1"/><E95/><REACH who="1" ten="235,371,106,278" step="2"/><V69/><F69/><W87/><G124/><T94/><D134/><U106/><E106/><V101/><F101/><W7/><G113/><T83/><D94/><U53/><E53/><V128/><F128/><W103/><G112/><T57/><D83/><U88/><E88/><V102/><F102/><W129/><G129/><T50/><D34/><AGARI ba="1,1" hai="3,5,9,33,34,35,38,41,45,64,67,90,93,98" machi="34" ten="40,2600,0" yaku="1,1,52,1,53,0" doraHai="43" doraHaiUra="126" who="1" fromWho="0" sc="235,-29,371,39,106,0,278,0" /><INIT seed="3,0,0,2,4,2" ten="206,410,106,278" oya="3" hai0="118,135,1,42,100,41,35,116,19,107,101,56,22" hai1="92,109,25,62,45,122,81,33,16,38,11,58,85" hai2="74,108,15,5,10,114,7,17,31,110,96,73,113" hai3="127,47,71,111,130,123,126,117,55,75,115,79,90"/><W80/><G71/><T68/><D35/><U6/><E122/><V120/><F96/><W49/><G123/><T77/><D68/><U112/><E112/><N who="2" m="43115" /><F74/><W89/><G115/><T61/><D77/><U70/><E70/><V105/><F105/><W14/><G117/><T30/><D30/><U91/><E33/><V18/><F73/><W98/><G130/><T64/><D135/><U32/><E32/><V102/><F102/><W53/><G111/><N who="2" m="42537" /><F120/><W119/><G119/><T95/><D116/><U46/><E38/><V48/><F48/><W9/><G55/><T131/><D131/><U65/><E92/><V125/><F125/><N who="3" m="47627" /><G98/><T50/><D100/><U20/><E109/><V87/><F87/><W88/><G90/><T0/><D107/><U132/><E132/><V28/><F18/><AGARI ba="0,0" hai="9,14,18,47,49,53,75,79,80,88,89" m="47627" machi="18" ten="30,2900,0" yaku="18,1,54,1" doraHai="2" who="3" fromWho="2" sc="206,0,410,0,106,-29,278,29" /><INIT seed="3,1,0,2,3,71" ten="206,410,77,307" oya="3" hai0="102,76,113,83,29,52,127,135,132,82,100,21,47" hai1="94,65,63,22,59,118,19,89,78,4,112,103,96" hai2="93,40,75,49,54,134,24,9,92,39,58,80,85" hai3="41,79,44,10,74,18,7,37,15,45,98,11,64"/><W81/><G64/><T12/><D127/><U53/><E112/><V56/><F134/><N who="0" m="51242" /><D113/><U3/><E78/><V42/><F75/><W51/><G98/><T105/><D105/><U126/><E126/><V2/><F2/><N who="3" m="375" /><G45/><T133/><D12/><U32/><E32/><V124/><F124/><W117/><G51/><N who="0" m="28799" /><D82/><U121/><E121/><V69/><F69/><W26/><G26/><N who="0" m="16591" /><D133/><U95/><E3/><V90/><F39/><W104/><G104/><T62/><D62/><U73/><E73/><AGARI ba="1,0" hai="73,76,83,100,102" m="16591,28799,51242" machi="73" ten="30,2000,0" yaku="20,1,54,1" doraHai="71" who="0" fromWho="1" sc="206,23,410,-23,77,0,307,0" /><INIT seed="4,0,0,3,4,52" ten="229,387,77,307" oya="0" hai0="30,111,61,46,50,40,114,101,17,14,130,81,86" hai1="16,21,4,104,135,78,3,110,126,96,109,22,83" hai2="120,92,62,47,63,119,97,42,8,74,67,93,37" hai3="89,60,23,13,7,53,54,5,84,70,57,44,0"/><T58/><D114/><U36/><E36/><V72/><F120/><W51/><G70/><T56/><D130/><U32/><E32/><V107/><F119/><W33/><G33/><T18/><D111/><U102/><E3/><V118/><F118/><W35/><G35/><T69/><D101/><U106/><E4/><V100/><F92/><W19/><G0/><T65/><D30/><U24/><E135/><V45/><F93/><AGARI ba="0,0" hai="5,7,13,19,23,44,51,53,54,57,60,84,89,93" machi="93" ten="30,3900,0" yaku="7,1,8,1,52,1" doraHai="52" who="3" fromWho="2" sc="229,0,387,0,77,-39,307,39" /><INIT seed="5,0,0,5,3,27" ten="229,387,38,346" oya="1" hai0="123,54,40,121,39,66,135,130,57,100,12,18,108" hai1="72,20,94,104,65,109,71,52,36,32,37,0,35" hai2="50,101,119,38,23,88,43,24,76,67,1,97,45" hai3="120,122,85,9,3,53,59,14,118,117,111,8,134"/><U98/><E104/><V58/><F1/><W13/><G85/><T55/><D100/><U112/><E0/><V87/><F119/><N who="3" m="45579" /><G59/><T7/><D18/><U124/><E72/><V34/><F76/><W115/><G53/><T82/><D12/><N who="3" m="4713" /><G134/><T10/><D7/><U48/><E109/><V129/><F34/><W77/><G77/><T60/><D10/><N who="3" m="4201" /><G3/><T25/><D82/><U44/><E52/><V22/><F38/><W17/><G111/><T86/><D108/><U30/><E37/><V113/><F58/><W93/><G93/><T56/><D86/><U89/><E36/><V69/><F87/><W68/><G68/><T125/><D135/><U29/><E71/><V42/><F69/><W95/><G95/><T26/><D40/><U61/><E94/><V4/><F43/><W31/><G17/><T84/><D39/><U116/><E116/><V46/><F42/><W33/><G115/><T92/><D84/><U106/><E112/><V6/><F113/><W75/><G75/><T99/><D92/><U15/><E106/><V110/><F46/><W102/><G102/><T126/><D99/><U28/><E44/><V62/><F45/><W107/><G107/><T133/><D133/><U128/><E98/><V96/><F96/><W91/><G91/><T2/><D2/><U73/><E89/><V81/><F88/><W132/><G132/><T41/><D41/><U79/><E73/><V78/><F97/><W5/><G5/><T51/><D66/><U114/><E65/><V63/><F67/><W80/><G80/><T47/><D47/><U16/><E114/><RYUUKYOKU ba="0,0" sc="229,-10,387,-10,38,-10,346,30" hai3="31,33,120,122" /><INIT seed="6,1,0,0,4,110" ten="219,377,28,376" oya="2" hai0="22,102,107,124,130,13,75,113,68,90,85,86,123" hai1="17,41,50,7,27,94,103,2,46,57,104,131,122" hai2="120,115,25,56,48,134,129,96,35,18,74,84,55" hai3="20,40,59,79,21,43,16,112,62,37,5,38,105"/><V81/><F120/><W89/><G105/><T1/><D68/><U95/><E2/><V24/><F74/><W63/><G79/><T3/><D75/><U91/><E7/><V117/><F117/><W100/><G100/><T77/><D123/><U87/><E122/><V47/><F129/><W33/><G33/><T34/><D34/><U32/><E32/><V9/><F134/><W121/><G121/><T30/><D1/><U126/><E126/><V66/><F35/><W54/><G5/><T23/><D3/><U101/><E104/><V49/><F96/><W31/><G112/><T64/><D113/><U133/><E133/><V65/><F115/><W82/><G38/><T80/><D130/><U28/><E28/><V11/><F66/><W108/><G63/><T44/><D124/><U42/><E42/><V116/><F116/><W127/><G108/><T45/><D64/><U98/><E103/><V15/><F11/><W36/><G36/><T70/><D70/><U72/><E72/><V19/><F19/><W118/><G37/><T125/><D102/><U109/><E109/><V58/><F58/><W119/><G127/><T10/><D107/><U132/><E132/><V12/><F12/><N who="3" m="9223" /><G118/><T128/><D128/><U135/><E131/><V53/><REACH who="2" step="1"/><F65/><REACH who="2" ten="219,377,18,376" step="2"/><W88/><G119/><T6/><D125/><U14/><E135/><V111/><F111/><W0/><G0/><T83/><D30/><U114/><E114/><V76/><AGARI ba="1,1" hai="9,15,18,24,25,47,48,49,53,55,56,76,81,84" machi="76" ten="20,7800,0" yaku="1,1,0,1,7,1,8,1,53,0" doraHai="110" doraHaiUra="97" who="2" fromWho="2" sc="219,-27,377,-27,18,91,376,-27" /><INIT seed="6,2,0,1,0,58" ten="192,350,109,349" oya="2" hai0="126,75,55,74,134,65,7,71,8,36,10,20,119" hai1="22,110,101,19,90,0,104,40,116,34,86,87,39" hai2="131,72,35,6,111,70,27,37,17,81,85,98,67" hai3="26,38,28,133,63,100,62,23,109,121,15,102,51"/><V2/><F37/><W31/><G38/><T89/><D36/><U42/><E34/><V95/><F72/><W114/><G109/><T125/><D20/><U59/><E116/><V21/><F35/><W80/><G121/><T5/><D119/><U32/><E32/><V108/><F131/><W64/><G133/><T96/><D134/><U24/><E0/><V46/><F6/><N who="0" m="2058" /><D55/><U50/><E39/><V12/><F2/><W123/><G123/><T106/><D65/><U103/><E104/><V113/><F113/><W54/><G64/><T105/><D71/><U127/><E127/><N who="0" m="48649" /><D89/><U97/><E42/><V33/><F46/><N who="3" m="28023" /><G31/><T3/><D96/><U53/><E40/><V132/><F132/><W88/><G114/><T30/><D30/><U124/><E124/><V120/><F120/><W57/><G57/><T13/><D13/><U48/><E48/><V112/><F112/><W78/><G78/><T14/><D14/><U73/><E73/><N who="0" m="27657" /><D3/><U135/><E135/><V107/><F33/><W82/><G15/><T18/><D18/><U52/><E53/><V99/><F12/><W49/><G49/><T44/><D44/><U47/><E47/><V56/><F70/><W79/><G79/><T117/><D117/><U43/><E43/><V92/><F108/><W66/><G66/><T77/><D77/><U130/><E110/><V84/><F111/><W61/><G88/><T93/><D93/><N who="2" m="35914" /><F107/><AGARI ba="2,0" hai="8,10,105,106,107" m="27657,48649,2058" machi="107" ten="40,5200,0" yaku="28,2,18,1" doraHai="58" who="0" fromWho="2" sc="192,58,350,0,109,-58,349,0" /><INIT seed="7,0,0,3,4,69" ten="250,350,51,349" oya="3" hai0="46,20,61,105,87,15,125,3,108,33,129,124,47" hai1="45,113,48,83,84,132,103,98,122,4,51,0,39" hai2="71,63,1,80,37,60,49,64,106,36,101,16,86" hai3="17,91,58,54,57,27,34,55,67,25,44,19,8"/><W12/><G67/><T70/><D3/><U100/><E122/><V102/><F16/><N who="3" m="6219" /><G34/><T24/><D15/><U68/><E68/><N who="2" m="41991" /><F86/><W30/><G91/><T88/><D33/><U117/><E51/><V2/><F80/><W11/><G30/><T94/><D105/><U112/><E132/><V65/><F102/><W35/><G35/><T22/><D108/><U23/><E98/><V38/><F101/><W127/><G127/><T85/><D129/><U26/><E117/><V73/><F73/><W40/><G40/><T114/><D114/><N who="1" m="44139" /><E4/><V110/><F110/><W41/><G41/><T82/><D24/><N who="3" m="9289" /><G44/><T104/><D104/><U90/><E0/><V21/><F21/><W111/><G111/><T5/><D5/><U14/><E14/><V96/><F96/><W31/><G31/><T118/><D118/><U76/><E90/><V53/><F106/><W92/><G92/><T50/><D20/><U9/><E9/><N who="3" m="3658" /><G12/><T32/><D32/><U81/><E81/><V128/><F128/><W59/><AGARI ba="0,0" hai="54,55,57,58,59" m="3658,9289,6219" machi="59" ten="40,12000,1" yaku="28,2,8,1,54,1" doraHai="69" who="3" fromWho="3" sc="250,-40,350,-40,51,-40,349,120" owari="210,-19.0,310,11.0,11,-49.0,469,57.0" /></mjloggm>