<mjloggm ver="2.3"><GO type="41" lobby="0"/><UN n0="%68%69%6B%6F%5F%62%65" n1="%E3%82%AF%E3%83%9E%E3%82%A6%E3%82%B6%E3%83%BC%EF%BC%92%E4%B8%96" n2="%E3%82%A6%E3%83%AB%E3%83%88%E3%83%A9%E7%AB%8B%E7%9B%B4" n3="%6E%61%63%6B%79%32%32%32" dan="16,13,15,14" rate="2046.15,1890.98,2012.18,1949.05" sx="M,F,M,M"/><TAIKYOKU oya="0"/><INIT seed="0,0,0,2,1,46" ten="250,250,250,250" oya="0" hai0="94,67,25,129,35,0,36,15,64,50,74,112,115" hai1="34,111,38,24,124,7,119,88,54,76,39,91,21" hai2="63,103,92,65,58,101,45,10,19,37,123,95,120" hai3="109,93,133,52,20,49,27,29,12,28,131,26,134"/><T73/><D36/><U104/><E119/><V99/><F10/><W77/><G77/><T16/><D0/><U68/><E34/><V6/><F6/><W23/><G131/><T128/><D94/><U61/><E104/><V4/><F4/><W79/><G79/><T30/><D64/><U98/><E7/><V80/><F80/><W126/><G126/><T14/><D67/><U83/><E124/><V43/><F19/><W41/><G41/><T59/><D74/><U44/><E68/><V107/><F107/><W75/><G75/><T32/><D73/><U18/><E111/><V60/><F60/><W57/><G109/><T106/><D106/><U113/><E113/><N who="0" m="43593" /><D59/><N who="1" m="35063" /><E91/><V51/><F37/><W13/><G93/><T114/><D50/><U81/><E44/><V56/><F56/><W127/><G127/><T55/><D55/><U97/><E97/><AGARI ba="0,0" hai="43,45,51,58,63,65,92,95,97,99,101,103,120,123" machi="97" ten="40,2600,0" yaku="9,1,52,1" doraHai="46" who="2" fromWho="1" sc="250,0,250,-26,250,26,250,0" /><INIT seed="1,0,0,0,0,70" ten="250,224,276,250" oya="1" hai0="95,20,111,30,98,46,52,86,2,31,43,89,64" hai1="109,84,50,4,48,21,75,88,37,65,105,113,14" hai2="102,27,123,25,76,45,118,93,83,104,15,90,3" hai3="16,128,69,9,82,57,132,134,63,44,133,126,91"/><U129/><E113/><V94/><F3/><W127/><G69/><T8/><D64/><U85/><E37/><V55/><F104/><W0/><G0/><T77/><D111/><U59/><E75/><V106/><F106/><W29/><G29/><T10/><D2/><U12/><E105/><V28/><F118/><W108/><G108/><T114/><D114/><U107/><E107/><V66/><F66/><W99/><G44/><T23/><D52/><N who="1" m="32151" /><E109/><V19/><F102/><W122/><G122/><T101/><D77/><U33/><E33/><V73/><F123/><W131/><G99/><T96/><D96/><U7/><E129/><N who="3" m="49738" /><G91/><T74/><D89/><U35/><E35/><V18/><F28/><W100/><G100/><T42/><D31/><U135/><E135/><V115/><F90/><W60/><G82/><T26/><D30/><U121/><E121/><V124/><F93/><W119/><G119/><T54/><D95/><N who="1" m="54663" /><E85/><V47/><F94/><W72/><G72/><T92/><D86/><U112/><E112/><V38/><F73/><W80/><G80/><T79/><D92/><U120/><E120/><V116/><F116/><W67/><G60/><T81/><D81/><U78/><E78/><V6/><F83/><W117/><G117/><T61/><D79/><U13/><E65/><V39/><F76/><W68/><G68/><T22/><D74/><U130/><E130/><V103/><F115/><W58/><G58/><T36/><D101/><U97/><E97/><V71/><F103/><W51/><G51/><T1/><D98/><U34/><E48/><N who="2" m="29071" /><F71/><W62/><G62/><RYUUKYOKU ba="0,0" sc="250,-10,224,-10,276,-10,250,30" hai3="9,16,57,63,67,126,127,132,133,134" /><INIT seed="2,1,0,5,1,134" ten="240,214,266,280" oya="2" hai0="13,94,10,58,131,41,55,34,2,26,17,116,63" hai1="117,16,83,71,85,115,122,97,126,88,67,78,35" hai2="43,99,120,86,125,70,110,21,14,128,33,101,28" hai3="104,69,30,27,81,45,72,114,51,82,60,19,53"/><V64/><F120/><W25/><G114/><T7/><D131/><U59/><E115/><V1/><F1/><W127/><G104/><T132/><D132/><U129/><E117/><V57/><F128/><W133/><G133/><T47/><D116/><U62/><E129/><V92/><F110/><W73/><G69/><T20/><D94/><N who="1" m="56519" /><E35/><V76/><F33/><W74/><G60/><T66/><D66/><U23/><E71/><V121/><F70/><W84/><G19/><T68/><D68/><U54/><E122/><V109/><F109/><W112/><G112/><T31/><D47/><U40/><E40/><AGARI ba="1,0" hai="2,7,10,13,17,20,26,31,34,40,41,55,58,63" machi="40" ten="40,2600,0" yaku="24,2" doraHai="134" who="0" fromWho="1" sc="240,29,214,-29,266,0,280,0" /><INIT seed="3,0,0,4,2,96" ten="269,185,266,280" oya="3" hai0="57,63,58,47,44,53,59,106,66,11,22,38,72" hai1="25,52,80,120,15,126,19,17,131,86,62,133,121" hai2="115,98,60,135,109,71,101,16,39,89,18,26,122" hai3="105,64,35,14,67,100,42,125,87,128,36,65,81"/><W116/><G116/><T45/><D72/><U55/><E131/><V30/><F39/><W68/><G35/><T13/><D106/><U132/><E25/><V21/><F115/><W99/><G128/><T0/><D0/><U43/><E43/><V130/><F130/><W112/><G112/><T8/><D38/><U20/><E126/><V34/><F135/><N who="1" m="51785" /><E17/><V91/><F109/><W88/><G125/><T3/><D3/><U74/><E74/><V124/><F122/><N who="1" m="47209" /><E62/><V127/><F127/><W119/><G119/><T33/><D33/><U123/><N who="1" m="47217" /><U93/><DORA hai="108" /><E93/><V73/><F73/><W23/><G68/><T85/><D63/><U83/><E83/><V97/><F124/><W90/><G42/><T12/><D66/><U94/><E94/><V61/><F61/><W110/><G36/><T78/><D53/><U56/><E56/><V117/><F117/><W82/><G110/><T95/><D95/><U9/><E9/><N who="0" m="3657" /><D22/><U79/><AGARI ba="0,0" hai="15,19,20,52,55,79,80,86" m="47217,51785" machi="79" ten="50,3200,0" yaku="20,1,54,1" doraHai="96,108" who="1" fromWho="1" sc="269,-8,185,32,266,-8,280,-16" /><INIT seed="4,0,0,0,4,132" ten="261,217,258,264" oya="0" hai0="48,37,70,12,52,72,126,6,67,108,42,5,30" hai1="104,22,15,31,16,23,110,18,4,73,106,0,69" hai2="36,28,57,135,41,95,90,33,29,59,71,55,50" hai3="77,92,14,83,75,127,85,124,119,101,53,44,58"/><T25/><D72/><U56/><E69/><V20/><F33/><W131/><G44/><T105/><D105/><U112/><E110/><V120/><F71/><W99/><G119/><T118/><D118/><U62/><E73/><V80/><F120/><W27/><G27/><T40/><D108/><U122/><E122/><V38/><F135/><W93/><G14/><T134/><D134/><U86/><E31/><V54/><F80/><N who="3" m="45119" /><G53/><T65/><D37/><U102/><E112/><V64/><F29/><W24/><G58/><N who="2" m="22025" /><F90/><N who="3" m="51519" /><G24/><T123/><D25/><U117/><E117/><V39/><F95/><N who="3" m="58623" /><G131/><T88/><D30/><U87/><E0/><V82/><F20/><W19/><G19/><T109/><D70/><U9/><E4/><V84/><F28/><W45/><G45/><T35/><D35/><U89/><E23/><V11/><F11/><W74/><G74/><T47/><D47/><U8/><E22/><V107/><F64/><W76/><G76/><T133/><D67/><U51/><E18/><V100/><F41/><W34/><G34/><T81/><D65/><U121/><E16/><V94/><F50/><W17/><G17/><T32/><D42/><U78/><E51/><V116/><F54/><W113/><G113/><T68/><D52/><U1/><E9/><V7/><F55/><W79/><G79/><T63/><D68/><U13/><E78/><N who="2" m="46167" /><F7/><W130/><G130/><T61/><D6/><U43/><E8/><V66/><F66/><W97/><G97/><T60/><D48/><U125/><E43/><V49/><F116/><W111/><G111/><T91/><D109/><RYUUKYOKU ba="0,0" sc="261,-10,217,-10,258,-10,264,30" hai3="92,93,124,127" /><INIT seed="5,1,0,1,5,125" ten="251,207,248,294" oya="1" hai0="46,64,29,56,49,122,78,69,55,68,116,6,66" hai1="9,91,84,124,7,106,3,36,114,19,53,92,31" hai2="132,1,41,72,111,25,52,82,76,16,107,58,24" hai3="63,33,103,120,67,47,100,97,99,135,11,12,13"/><U80/><E106/><V127/><F1/><W77/><G33/><T119/><D29/><U61/><E124/><V59/><F107/><W50/><G120/><T2/><D78/><U10/><E36/><V87/><F127/><W37/><G37/><T54/><D2/><U131/><E31/><V73/><F111/><W96/><G135/><T48/><D6/><U95/><E114/><V118/><F118/><N who="0" m="45098" /><D122/><U110/><E110/><V83/><F132/><W28/><G28/><T85/><D85/><U112/><E112/><V51/><F41/><W26/><G26/><T75/><D75/><U35/><E35/><V105/><F105/><W88/><G77/><T102/><D102/><U108/><E108/><V8/><F59/><W128/><G100/><T65/><AGARI ba="1,0" hai="46,48,49,54,55,56,64,65,66,68,69" m="45098" machi="65" ten="30,2000,0" yaku="34,2" doraHai="125" who="0" fromWho="0" sc="251,23,207,-11,248,-6,294,-6" /><INIT seed="6,0,0,0,0,67" ten="274,196,242,288" oya="2" hai0="39,118,25,99,108,75,85,102,103,34,98,95,58" hai1="72,126,127,37,89,33,7,83,135,15,92,49,134" hai2="76,10,113,40,36,91,120,38,60,77,51,107,2" hai3="13,132,130,114,3,31,22,12,46,5,86,17,69"/><V61/><F107/><W70/><G46/><T74/><D108/><U71/><E37/><V119/><F2/><W23/><G3/><T0/><D39/><U73/><E33/><V42/><F10/><W35/><G5/><T109/><D0/><U121/><E49/><V24/><F24/><W129/><G35/><T59/><D109/><U81/><E7/><V133/><F91/><W41/><G41/><T47/><D47/><U93/><E15/><V56/><F56/><W117/><G117/><T29/><D85/><U32/><E32/><V57/><F57/><W105/><G105/><T19/><D118/><U87/><E71/><V90/><F90/><W20/><G31/><T110/><D110/><U80/><E93/><V21/><F21/><W62/><G62/><T63/><D19/><U111/><E111/><V43/><F43/><W1/><G1/><T8/><D8/><U88/><E121/><V106/><F106/><W79/><G114/><T123/><D58/><U14/><E14/><N who="3" m="5738" /><G17/><T11/><D11/><U9/><E9/><V128/><F113/><W44/><G44/><T96/><D123/><U104/><E104/><V4/><F4/><W52/><G52/><N who="0" m="34279" /><D102/><U101/><E101/><V18/><F120/><W115/><G115/><T50/><D50/><U122/><E122/><V124/><F51/><W84/><G132/><N who="1" m="50730" /><E89/><V66/><F133/><W30/><G30/><T27/><D27/><U26/><E26/><V68/><F66/><W54/><G54/><T65/><D65/><U116/><E116/><V94/><F119/><W6/><G6/><T55/><D55/><RYUUKYOKU ba="0,0" sc="274,15,196,15,242,-15,288,-15" hai0="25,29,34,74,75,95,96,98,99,103" hai1="72,73,80,81,83,87,88,92,126,127" /><INIT seed="7,1,0,2,3,97" ten="289,211,227,273" oya="3" hai0="129,4,105,6,16,22,125,92,12,90,122,123,20" hai1="39,0,80,109,13,115,62,58,27,31,56,42,127" hai2="70,49,33,107,30,57,17,47,44,43,124,94,21" hai3="25,83,128,5,100,111,106,15,131,69,46,8,86"/><W79/><G69/><T88/><D105/><U26/><E109/><V54/><F107/><W95/><G111/><T36/><D36/><U63/><E0/><V59/><F70/><W64/><G64/><T32/><D32/><U84/><E115/><V116/><F116/><W67/><G67/><T61/><D129/><N who="3" m="49737" /><G46/><T74/><D74/><U60/><E127/><V87/><F30/><W38/><G38/><T73/><D73/><U91/><E26/><V40/><F33/><W37/><G37/><T52/><D125/><U51/><E39/><V113/><F113/><W19/><G106/><T55/><D123/><U14/><E42/><V82/><F124/><W11/><G25/><T41/><D41/><U3/><E3/><V28/><F28/><W99/><G11/><T103/><D122/><U45/><E45/><V78/><F57/><N who="1" m="22121" /><E51/><V112/><F112/><W121/><G121/><T119/><D119/><U10/><E10/><V72/><F47/><W66/><G66/><T7/><D61/><N who="1" m="15619" /><U101/><DORA hai="71" /><E101/><V76/><F44/><W110/><G110/><T24/><D103/><U85/><E85/><V108/><F108/><W134/><G134/><T102/><D102/><U77/><E77/><V29/><F29/><W65/><G65/><T117/><D117/><U96/><E96/><V132/><F132/><W48/><G48/><T130/><D90/><U120/><E120/><V133/><F133/><W81/><G81/><T126/><D130/><U50/><E50/><V34/><F78/><W9/><G9/><T98/><D126/><U53/><E53/><V93/><F54/><RYUUKYOKU ba="1,0" sc="289,10,211,10,227,-30,273,10" hai0="4,6,7,12,16,20,22,24,52,55,88,92,98" hai1="13,14,27,31,80,84,91" hai3="5,8,15,19,79,83,86,95,99,100" /><INIT seed="7,2,0,3,4,91" ten="299,221,197,283" oya="3" hai0="19,27,78,29,102,49,1,10,31,63,62,3,125" hai1="68,7,22,37,129,40,109,70,113,17,42,77,116" hai2="84,34,89,88,28,117,57,126,53,71,8,56,110" hai3="108,75,44,107,52,115,103,105,93,45,80,85,98"/><W121/><G121/><T104/><D125/><U43/><E109/><V133/><F71/><W76/><G108/><T96/><D3/><U38/><E7/><V39/><F117/><W97/><G115/><T74/><D49/><U6/><E6/><V73/><F73/><W58/><G75/><T86/><D74/><U112/><E77/><V23/><F39/><N who="1" m="14857" /><E116/><V26/><F110/><W15/><G15/><T48/><D48/><U132/><E22/><V35/><F133/><W95/><G107/><T24/><D1/><U134/><E17/><V14/><F126/><W21/><G21/><T66/><D63/><U122/><E122/><V114/><F89/><N who="3" m="55471" /><G105/><T30/><D10/><U79/><E79/><V92/><F114/><N who="1" m="44137" /><E129/><V81/><F81/><W60/><AGARI ba="2,0" hai="44,45,52,58,60,76,80,85,95,98,103" m="55471" machi="60" ten="30,11700,0" yaku="8,1,52,2,54,1" doraHai="91" who="3" fromWho="3" sc="299,-41,221,-41,197,-41,283,123" owari="258,6.0,180,-22.0,156,-34.0,406,50.0" /></mjloggm>