<mjloggm ver="2.3"><GO type="97" lobby="0"/><UN n0="%61%73%61%6A%69%72%6F" n1="%65%EF%BC%BE%63%5F%2C%EF%BC%BE%64" n2="%E3%82%A6%E3%83%AB%E3%83%88%E3%83%A9%E7%AB%8B%E7%9B%B4" n3="%E9%81%8A%E9%A6%AC%31%37" dan="13,14,14,15" rate="1835.45,1935.70,1938.06,1903.19" sx="M,M,M,M"/><TAIKYOKU oya="0"/><INIT seed="0,0,0,0,0,124" ten="250,250,250,250" oya="0" hai0="76,49,36,71,39,134,6,57,87,11,12,131,118" hai1="108,97,100,86,129,102,50,85,35,33,38,44,74" hai2="125,7,114,14,58,34,123,83,45,61,122,47,15" hai3="22,121,64,127,32,99,13,51,5,37,53,77,119"/><T60/><D134/><U52/><E74/><V17/><F34/><W93/><G93/><T23/><D118/><U1/><E1/><V101/><BYE who="3" /><F114/><W135/><G135/><T42/><D131/><U94/><E108/><V30/><F125/><W55/><G55/><T65/><D71/><U82/><E38/><V113/><F113/><W69/><G69/><T4/><D4/><U104/><E129/><V56/><F123/><W25/><G25/><T20/><D39/><U117/><E117/><V81/><F30/><W96/><G96/><T19/><D36/><U8/><E102/><V111/><F111/><W63/><G63/><T59/><D19/><U3/><E104/><V116/><F116/><W31/><G31/><T54/><REACH who="0" step="1"/><D42/><REACH who="0" ten="240,250,250,250" step="2"/><U26/><E3/><V126/><F126/><W110/><G110/><T79/><D79/><U27/><E35/><UN n3="%E9%81%8A%E9%A6%AC%31%37" /><V48/><F7/><W28/><G28/><T46/><D46/><U88/><E33/><V78/><F122/><W16/><G53/><T91/><D91/><U70/><E70/><V105/><F78/><W89/><G99/><T41/><D41/><U130/><E130/><V109/><F109/><W18/><G13/><N who="2" m="4617" /><F17/><W21/><G22/><T66/><D66/><U67/><E67/><N who="2" m="39335" /><F45/><W0/><G51/><T9/><D9/><U133/><E133/><V43/><F58/><W24/><G121/><T106/><D106/><N who="1" m="63759" /><E8/><V128/><F128/><W10/><G0/><T95/><D95/><U103/><E44/><V107/><F107/><W120/><G24/><T80/><AGARI ba="0,1" hai="6,11,12,20,23,49,54,57,59,60,65,76,80,87" machi="80" ten="30,6000,0" yaku="1,1,0,1,8,1,53,0" doraHai="124" doraHaiUra="112" who="0" fromWho="0" sc="240,70,250,-20,250,-20,250,-20" /><INIT seed="0,1,0,3,2,116" ten="310,230,230,230" oya="0" hai0="79,38,85,32,21,42,120,4,80,77,92,117,128" hai1="28,101,36,114,58,50,109,64,131,5,127,59,26" hai2="20,27,41,71,44,69,105,23,8,82,88,73,37" hai3="48,11,122,75,103,61,129,102,118,22,46,13,31"/><T78/><D120/><U93/><E36/><V90/><F105/><W24/><G24/><T132/><D117/><U40/><BYE who="3" /><E109/><V55/><F23/><W107/><G107/><T18/><D32/><U110/><E110/><V49/><F8/><W115/><G115/><T112/><D132/><U97/><E131/><V121/><F73/><W57/><G57/><T119/><D112/><U67/><E127/><V33/><F33/><W9/><G9/><T84/><D119/><U134/><E134/><V45/><F121/><W10/><G10/><T99/><D38/><U130/><E130/><V68/><REACH who="2" step="1"/><F82/><REACH who="2" ten="310,230,220,230" step="2"/><W65/><G65/><T111/><D128/><U30/><E114/><V19/><AGARI ba="1,1" hai="19,20,27,37,41,44,45,49,55,68,69,71,88,90" machi="19" ten="30,12000,2" yaku="1,1,2,1,0,1,54,1,53,2" doraHai="116" doraHaiUra="86" who="2" fromWho="2" sc="310,-61,230,-31,220,133,230,-31" /><INIT seed="1,0,0,5,1,58" ten="249,199,353,199" oya="1" hai0="65,27,44,130,103,125,121,7,12,82,73,88,15" hai1="135,50,116,59,2,70,110,120,99,104,4,34,134" hai2="72,107,10,17,91,55,129,132,36,85,105,62,23" hai3="67,101,118,46,26,63,80,47,37,87,97,61,30"/><U123/><E34/><V13/><F72/><W41/><G41/><T133/><D130/><U18/><E70/><V83/><F36/><W48/><G48/><T77/><D133/><N who="1" m="50699" /><E116/><V124/><F129/><W38/><G38/><T96/><D125/><U98/><E18/><V79/><F124/><W29/><G29/><T16/><D7/><U95/><E104/><V5/><F132/><W68/><G68/><T115/><D115/><U93/><E4/><V0/><F79/><W126/><G126/><T57/><D27/><U25/><E2/><V106/><F55/><W53/><G53/><T84/><D12/><U78/><E25/><V90/><F90/><W86/><G86/><T108/><D108/><U81/><E50/><V22/><F22/><W74/><G74/><T1/><D1/><U100/><E59/><V28/><F28/><W113/><G113/><T89/><D44/><U3/><E3/><V102/><F102/><W128/><G128/><T14/><D14/><U21/><E21/><V119/><F119/><W92/><G92/><N who="0" m="58759" /><D73/><N who="1" m="43215" /><E110/><V43/><F43/><W69/><G69/><T131/><D131/><U71/><E71/><V52/><REACH who="2" step="1"/><F107/><REACH who="2" ten="249,199,343,199" step="2"/><W66/><G66/><T122/><D121/><U117/><E117/><V54/><F54/><W49/><G49/><T35/><D122/><U39/><E39/><V8/><F8/><W56/><G56/><AGARI ba="0,1" hai="0,5,10,13,17,23,52,56,62,83,85,91,105,106" machi="56" ten="40,5200,0" yaku="1,1,52,1,54,1,53,0" doraHai="58" doraHaiUra="94" who="2" fromWho="3" sc="249,0,199,0,343,62,199,-52" /><INIT seed="2,0,0,5,1,83" ten="249,199,405,147" oya="2" hai0="18,51,7,70,112,105,30,24,20,26,19,129,106" hai1="126,117,87,79,3,8,100,35,109,135,55,66,94" hai2="80,116,2,23,123,58,47,13,86,91,97,22,17" hai3="12,88,92,120,75,84,40,118,130,28,128,15,63"/><V95/><F2/><W124/><G124/><T42/><D129/><U132/><E117/><V121/><F116/><W77/><G77/><T10/><D70/><U33/><E126/><V38/><F38/><W82/><G82/><T69/><D69/><U71/><E109/><V31/><F47/><W34/><G34/><T122/><D122/><U39/><E39/><V49/><F121/><W54/><G54/><T64/><D64/><U98/><E55/><N who="2" m="32111" /><F123/><W101/><G101/><T65/><D65/><U62/><E79/><N who="2" m="46367" /><F31/><W96/><G96/><T37/><D37/><U16/><E3/><V78/><F78/><W89/><G89/><T46/><D112/><U1/><E1/><V90/><F23/><W21/><G21/><T50/><D50/><U103/><E35/><V99/><F91/><W107/><G107/><T119/><D119/><U72/><E33/><V6/><F6/><W76/><G76/><T27/><D105/><U125/><E72/><V68/><F68/><W36/><G36/><T81/><D106/><U61/><E125/><V108/><F108/><W53/><G53/><T67/><D67/><U113/><E113/><V85/><AGARI ba="0,0" hai="13,17,22,85,90,95,97,99" m="46367,32111" machi="85" ten="30,11700,0" yaku="25,1,8,1,52,2" doraHai="83" who="2" fromWho="2" sc="249,-39,199,-39,405,117,147,-39" /><INIT seed="2,1,0,2,1,89" ten="210,160,522,108" oya="2" hai0="126,16,97,11,28,77,42,50,57,40,121,5,39" hai1="22,1,6,81,74,116,104,91,62,73,32,124,133" hai2="123,118,61,111,112,59,84,120,103,67,17,93,65" hai3="129,115,49,31,8,72,46,29,101,68,127,23,108"/><V37/><F37/><W78/><G78/><T7/><D121/><U100/><E116/><V12/><F118/><W92/><G92/><T54/><D126/><U85/><E32/><V83/><F112/><W94/><G94/><T15/><D77/><U21/><E124/><V48/><F111/><W71/><G71/><T43/><D28/><U113/><E113/><V64/><F48/><W56/><G56/><T105/><D39/><U51/><E133/><V106/><F106/><W30/><G30/><T88/><REACH who="0" step="1"/><D105/><REACH who="0" ten="200,160,522,108" step="2"/><U44/><E104/><V135/><F123/><W20/><G20/><T66/><D66/><U99/><E22/><V63/><F120/><W45/><G45/><T76/><D76/><U38/><E21/><V131/><F131/><W58/><G58/><T102/><D102/><U109/><E38/><V34/><F34/><W55/><G55/><T0/><D0/><U47/><E1/><V26/><F135/><W35/><G35/><T128/><D128/><U19/><E100/><V117/><F117/><W110/><G110/><T9/><D9/><U36/><E109/><V75/><F65/><W33/><G33/><T24/><D24/><U60/><E36/><V119/><F26/><W25/><G25/><T80/><D80/><U79/><E47/><V13/><F119/><W52/><G52/><T96/><D96/><U130/><E130/><V87/><F67/><W114/><G114/><T90/><D90/><U18/><E99/><N who="2" m="59887" /><F83/><W122/><G122/><T53/><D53/><U95/><E81/><V10/><F75/><W86/><G86/><N who="2" m="32809" /><F13/><W107/><G107/><RYUUKYOKU ba="1,1" sc="200,15,160,-15,522,15,108,-15" hai0="5,7,11,15,16,40,42,43,50,54,57,88,97" hai2="10,12,17,59,61,63,64" /><INIT seed="2,2,1,2,2,130" ten="215,145,537,93" oya="2" hai0="26,72,24,77,129,68,64,45,18,17,131,54,5" hai1="125,107,10,8,38,120,56,133,71,42,33,25,115" hai2="65,108,49,2,78,119,15,74,123,94,113,61,110" hai3="126,103,23,9,0,100,36,29,3,44,27,46,121"/><V96/><F2/><W75/><G75/><T132/><D132/><U4/><E107/><V30/><F123/><W69/><G69/><T55/><D72/><U109/><E115/><V41/><F113/><W50/><G50/><T85/><D5/><U31/><E71/><V116/><F78/><W114/><G114/><T95/><D68/><U14/><E56/><V89/><F74/><W40/><G40/><T80/><D64/><U12/><E42/><V39/><F39/><W101/><G101/><T70/><D70/><U92/><E38/><V82/><F82/><W43/><G43/><T34/><D95/><U48/><E48/><V67/><F30/><W52/><G52/><N who="0" m="20011" /><D45/><U135/><E92/><V93/><F15/><W112/><G112/><T102/><D102/><U35/><E120/><V81/><F81/><W76/><G76/><T91/><D77/><U6/><E109/><N who="2" m="42091" /><F94/><W97/><G97/><T84/><D84/><U79/><E79/><V99/><F99/><W124/><G124/><T83/><D83/><U11/><E125/><V127/><F127/><W22/><G22/><T111/><D111/><U7/><E35/><V105/><F105/><W122/><G122/><T63/><D63/><U62/><E62/><V87/><F87/><W66/><G66/><N who="2" m="25097" /><F61/><W21/><G21/><T73/><D73/><U28/><E28/><V90/><F90/><W51/><G51/><T86/><D86/><U118/><E118/><V37/><F37/><W60/><G60/><T117/><D117/><N who="2" m="45130" /><F49/><W88/><G88/><T19/><D34/><U20/><E33/><V32/><F41/><RYUUKYOKU ba="2,1" sc="215,10,145,10,537,10,93,-30" hai0="17,18,19,24,26,80,85,91,129,131" hai1="4,6,7,8,10,11,12,14,20,25,31,133,135" hai2="32,89,93,96" /><INIT seed="2,3,1,2,2,111" ten="225,155,547,63" oya="2" hai0="52,106,23,8,58,6,47,90,18,61,84,36,120" hai1="55,5,27,116,75,49,118,117,68,121,24,16,12" hai2="32,83,41,88,4,105,104,45,19,96,40,44,42" hai3="115,63,28,101,26,119,22,85,56,125,65,108,93"/><V17/><F32/><W95/><G95/><N who="0" m="54727" /><D106/><U127/><E75/><V122/><F122/><W86/><G86/><T54/><D120/><U34/><E121/><V33/><F33/><W51/><G51/><N who="0" m="28799" /><D36/><U70/><E5/><V74/><F74/><W82/><G82/><T53/><D53/><U91/><E127/><V30/><F30/><W134/><G134/><T64/><D64/><U0/><E91/><V99/><F4/><W62/><G62/><T60/><D6/><U71/><E0/><V97/><F88/><W48/><G48/><N who="0" m="31047" /><D8/><U72/><E72/><V9/><F9/><W20/><G20/><T25/><AGARI ba="3,1" hai="18,23,25,60,61" m="31047,28799,54727" machi="25" ten="30,2000,0" yaku="8,1,54,1" doraHai="111" who="0" fromWho="0" sc="225,39,155,-8,547,-13,63,-8" /><INIT seed="3,0,0,3,0,1" ten="264,147,534,55" oya="3" hai0="79,68,92,118,50,18,115,26,51,46,122,62,14" hai1="84,3,101,96,73,56,57,12,85,5,21,120,10" hai2="71,80,107,34,77,7,130,81,119,128,20,39,24" hai3="32,75,111,42,104,67,108,59,102,69,135,129,121"/><W35/><G35/><T100/><D115/><U116/><E73/><V91/><F34/><W117/><G117/><T15/><D62/><U74/><E120/><V113/><F71/><W8/><G8/><T58/><D26/><U112/><E74/><V133/><F107/><W45/><G45/><T27/><D92/><U38/><E112/><V110/><F110/><W63/><G63/><T25/><D18/><U19/><E38/><V55/><F133/><W4/><G4/><T124/><D100/><U28/><E116/><V33/><F119/><W76/><G76/><T36/><D58/><UN n3="%E9%81%8A%E9%A6%AC%31%37" /><U70/><E70/><V54/><F39/><W131/><G32/><T66/><D36/><U114/><E114/><V40/><F40/><W88/><G59/><T90/><D118/><U83/><E28/><V87/><F7/><W132/><G121/><T82/><D90/><U41/><E85/><N who="2" m="48271" /><F113/><W89/><G75/><T6/><D66/><U98/><E41/><V125/><F33/><W106/><G42/><T9/><D15/><U13/><E3/><V94/><F125/><W22/><G22/><T99/><D51/><U43/><E43/><V127/><F127/><W109/><G67/><T60/><D46/><U86/><E86/><N who="2" m="52599" /><F128/><N who="3" m="49227" /><G69/><T48/><D68/><U53/><E53/><V134/><F134/><N who="3" m="51243" /><G102/><T72/><D60/><U65/><E65/><V61/><F130/><W0/><G0/><T97/><D9/><U37/><E37/><V2/><F2/><W95/><G95/><T78/><D124/><U16/><E5/><V105/><F61/><W23/><G111/><T11/><D122/><RYUUKYOKU ba="0,0" sc="264,0,147,0,534,0,55,0" owari="264,6.0,147,-25.0,534,63.0,55,-44.0" /></mjloggm>