<mjloggm ver="2.3"><GO type="97" lobby="0"/><UN n0="%59%E3%82%B9%E3%82%AE%59" n1="%E3%82%A6%E3%83%AB%E3%83%88%E3%83%A9%E7%AB%8B%E7%9B%B4" n2="%73%66%73%66" n3="%E6%A1%9C%E7%AB%9C%E2%80%A0%E3%82%BF%E3%83%9E" dan="14,13,14,15" rate="1935.54,1838.85,1970.71,2043.55" sx="M,M,M,F"/><TAIKYOKU oya="0"/><INIT seed="0,0,0,5,1,79" ten="250,250,250,250" oya="0" hai0="0,76,74,19,132,123,73,87,116,130,85,44,70" hai1="107,102,33,12,64,111,121,52,83,42,77,135,78" hai2="128,48,81,94,36,43,115,119,28,101,17,8,96" hai3="26,14,72,6,59,103,7,27,4,75,120,53,124"/><T125/><D123/><U63/><E121/><V29/><F115/><W91/><G120/><T84/><D70/><U39/><E78/><V2/><F36/><W105/><G124/><T54/><D116/><U80/><E42/><V11/><F119/><W35/><G14/><T114/><D0/><U108/><E39/><V112/><F112/><W88/><G103/><T9/><D114/><U92/><E77/><V45/><F128/><W56/><G105/><T47/><D130/><U31/><E12/><N who="2" m="7303" /><F2/><W90/><G35/><T32/><D32/><U61/><E92/><V38/><F38/><W50/><REACH who="3" step="1"/><G59/><REACH who="3" ten="250,250,250,240" step="2"/><T5/><D125/><U20/><E33/><V66/><F101/><W57/><G57/><T93/><D132/><U127/><E102/><V117/><F117/><W10/><G10/><T49/><D9/><U24/><E107/><V62/><F11/><W113/><G113/><T133/><D133/><U34/><E34/><V58/><F58/><W106/><G106/><T129/><D129/><U18/><E135/><V55/><F45/><W82/><G82/><T16/><D47/><U71/><E127/><V110/><F81/><W1/><G1/><T25/><D25/><AGARI ba="0,1" hai="4,6,7,25,26,27,50,53,56,72,75,88,90,91" machi="25" ten="40,2600,0" yaku="1,1,54,1,53,0" doraHai="79" doraHaiUra="41" who="3" fromWho="0" sc="250,-26,250,0,250,0,240,36" /><INIT seed="1,0,0,1,4,55" ten="224,250,250,276" oya="1" hai0="116,16,128,60,45,78,14,92,0,42,52,85,90" hai1="9,28,105,3,93,97,2,122,57,1,59,74,130" hai2="102,86,67,27,37,18,36,135,38,30,6,113,87" hai3="106,32,123,10,95,77,44,127,111,58,35,118,131"/><U82/><E105/><V40/><F135/><W132/><G10/><T69/><D128/><U56/><E122/><V68/><F113/><W75/><G58/><T26/><D116/><U4/><E130/><V33/><F6/><W110/><G44/><T7/><D0/><U29/><E74/><V119/><F119/><W49/><G49/><T43/><D78/><U88/><REACH who="1" step="1"/><E82/><REACH who="1" ten="224,240,250,276" step="2"/><V76/><F38/><W101/><G75/><T121/><D121/><U117/><E117/><V84/><F36/><W109/><G118/><T47/><D43/><U115/><E115/><V22/><F37/><W104/><G123/><T46/><D42/><U20/><E20/><V17/><F40/><W41/><G131/><T70/><D69/><U48/><E48/><V133/><F22/><W129/><G41/><T66/><D7/><U114/><E114/><V83/><F68/><W108/><G129/><T54/><REACH who="0" step="1"/><D26/><REACH who="0" ten="214,240,250,276" step="2"/><U62/><E62/><V53/><F27/><W72/><G111/><T100/><D100/><U96/><E96/><V112/><F102/><W80/><G110/><T31/><D31/><AGARI ba="0,2" hai="1,2,3,4,9,28,29,31,56,57,59,88,93,97" machi="31" ten="40,12000,1" yaku="1,1,52,3,54,1,53,0" doraHai="55" doraHaiUra="99" who="1" fromWho="0" sc="214,-120,240,140,250,0,276,0" /><INIT seed="1,1,0,3,1,122" ten="94,380,250,276" oya="1" hai0="125,80,75,89,29,45,134,54,86,34,39,131,60" hai1="121,16,7,133,14,43,38,36,123,66,24,21,79" hai2="33,25,67,77,119,10,13,5,94,49,18,3,41" hai3="95,0,126,6,96,102,57,116,104,9,98,53,11"/><U105/><E105/><V4/><F119/><W93/><G126/><T115/><D125/><U59/><E121/><V19/><F77/><W103/><G116/><T88/><D115/><U109/><E123/><V118/><F67/><W23/><G104/><T30/><D131/><U69/><E69/><V37/><F37/><W81/><G81/><T2/><D134/><U51/><E79/><V70/><F70/><W20/><REACH who="3" step="1"/><G11/><REACH who="3" ten="94,380,250,266" step="2"/><T32/><D34/><U56/><E133/><V108/><F118/><W83/><G83/><T46/><D32/><U110/><E38/><V101/><F10/><W63/><AGARI ba="1,1" hai="0,6,9,20,23,53,57,63,93,95,96,98,102,103" machi="63" ten="20,12000,2" yaku="1,1,0,1,7,1,9,1,53,2" doraHai="122" doraHaiUra="92" who="3" fromWho="3" sc="94,-31,380,-61,250,-31,266,133" /><INIT seed="2,0,0,4,5,29" ten="63,319,219,399" oya="2" hai0="114,89,75,68,9,4,71,62,2,33,56,125,61" hai1="65,19,50,103,64,111,42,121,130,35,10,74,70" hai2="47,46,27,120,97,90,128,0,109,95,110,86,78" hai3="30,5,76,87,99,41,104,44,106,132,53,57,31"/><V16/><F120/><W105/><G132/><T93/><D114/><U83/><E121/><V80/><F0/><W124/><G124/><T13/><D125/><U91/><E103/><V127/><F127/><W117/><G117/><T123/><D123/><U88/><E111/><N who="2" m="42507" /><F128/><W66/><G66/><T45/><D75/><U51/><E130/><V28/><F16/><W58/><G5/><T67/><D45/><U135/><E135/><V131/><F131/><W102/><G58/><T36/><D36/><U98/><E19/><V84/><F84/><W63/><G76/><T18/><D62/><U22/><E10/><V126/><F126/><W122/><G87/><T79/><D79/><U82/><E74/><V85/><F85/><W73/><G73/><T60/><D60/><U107/><E70/><V43/><F43/><W101/><G122/><T48/><D48/><U100/><E42/><V59/><F59/><W37/><G106/><T34/><D71/><U108/><E51/><V32/><AGARI ba="0,0" hai="27,28,32,46,47,78,80,86,90,95,97" m="42507" machi="32" ten="30,6000,0" yaku="14,1,10,1,52,1" doraHai="29" who="2" fromWho="2" sc="63,-20,319,-20,219,60,399,-20" /><INIT seed="2,1,0,3,3,61" ten="43,299,279,379" oya="2" hai0="18,100,39,123,95,75,108,20,89,128,65,111,102" hai1="48,8,78,50,2,121,125,10,43,33,64,117,101" hai2="3,32,41,51,82,69,77,93,49,107,97,1,74" hai3="29,85,22,126,0,96,86,116,13,28,98,53,60"/><V134/><F32/><W72/><G116/><T45/><D123/><U84/><E117/><V23/><F107/><W90/><G0/><T71/><D75/><U99/><E33/><V130/><F69/><W9/><G72/><T19/><D19/><U14/><E2/><V47/><F134/><W21/><G126/><T68/><D128/><U66/><E125/><V114/><F114/><W118/><G118/><T25/><D68/><U113/><E113/><V129/><F51/><N who="1" m="19497" /><E43/><V132/><F132/><W37/><G37/><T62/><D45/><U59/><E59/><V27/><F130/><W76/><G76/><T44/><D44/><U35/><E35/><V83/><F83/><W56/><G86/><T88/><D39/><U40/><E40/><V87/><F74/><W24/><G22/><T70/><D70/><U110/><E110/><V92/><F129/><W5/><G29/><T46/><D46/><U15/><E121/><V42/><F42/><W135/><REACH who="3" step="1"/><G135/><REACH who="3" ten="43,299,279,369" step="2"/><T133/><D133/><U131/><E131/><V11/><F11/><W55/><G55/><T12/><D25/><U7/><E84/><V6/><F1/><W67/><G67/><N who="1" m="25642" /><E78/><V127/><F127/><W4/><G4/><T30/><D30/><U103/><E99/><V124/><F124/><W81/><AGARI ba="1,1" hai="5,9,13,21,24,28,53,56,60,81,85,90,96,98" machi="81" ten="20,5200,0" yaku="1,1,0,1,7,1,8,1,53,0" doraHai="61" doraHaiUra="109" who="3" fromWho="3" sc="43,-14,299,-14,279,-27,369,65" /><INIT seed="3,0,0,4,2,44" ten="29,285,252,434" oya="3" hai0="76,39,42,5,13,121,90,116,36,25,74,103,0" hai1="70,34,118,69,15,104,59,131,18,32,99,9,100" hai2="1,12,46,19,67,56,127,40,92,21,122,50,132" hai3="10,135,81,43,2,14,37,22,95,4,16,75,78"/><W134/><REACH who="3" step="1"/><G95/><REACH who="3" ten="29,285,252,424" step="2"/><T80/><D121/><U117/><E104/><V73/><F122/><W130/><G130/><T29/><D116/><U106/><E131/><V102/><F132/><W6/><G6/><T110/><D110/><U115/><E115/><V112/><F112/><W48/><G48/><T108/><D108/><U38/><E106/><V96/><F127/><W11/><G11/><T45/><D13/><U125/><E15/><V55/><F1/><W82/><G82/><T123/><D90/><U97/><E9/><V126/><F126/><W107/><G107/><T84/><D84/><U68/><E125/><V129/><F129/><W91/><G91/><T98/><D123/><U63/><E118/><V113/><F113/><W72/><G72/><T7/><D7/><U27/><E117/><V26/><F73/><W88/><G88/><T128/><D128/><U47/><E99/><V94/><F94/><W54/><G54/><T77/><D77/><U17/><E97/><V20/><F67/><W28/><G28/><T41/><D98/><U109/><E109/><V87/><F87/><W119/><G119/><T133/><D133/><U3/><E3/><V105/><F105/><W83/><G83/><T93/><D93/><U89/><E89/><V51/><F26/><W79/><G79/><T8/><D103/><U58/><E100/><V85/><F85/><W86/><G86/><T24/><REACH who="0" step="1"/><D29/><REACH who="0" ten="19,285,252,424" step="2"/><U30/><E30/><V111/><REACH who="2" step="1"/><F111/><REACH who="2" ten="19,285,242,424" step="2"/><W120/><G120/><T65/><D65/><U62/><E27/><V61/><F61/><W71/><G71/><T57/><D57/><RYUUKYOKU ba="0,3" sc="19,10,285,-30,242,10,424,10" hai0="0,5,8,24,25,36,39,41,42,45,74,76,80" hai2="12,19,20,21,40,46,50,51,55,56,92,96,102" hai3="2,4,10,14,16,22,37,43,75,78,81,134,135" owari="29,-47.0,255,6.0,252,-15.0,464,56.0" /></mjloggm>