<mjloggm ver="2.3"><GO type="169" lobby="0"/><UN n0="%74%61%6B%75%61%6B%61" n1="%E3%82%A6%E3%83%AB%E3%83%88%E3%83%A9%E7%AB%8B%E7%9B%B4" n2="%E3%81%8A%E3%81%8B%E3%82%82%E3%81%A8" n3="%E7%82%8E%E3%81%AE%E3%82%B7%E3%83%A5%E3%83%AC%E3%83%B3" dan="16,16,18,16" rate="2121.70,2133.97,2258.85,2043.53" sx="M,M,M,M"/><TAIKYOKU oya="0"/><INIT seed="0,0,0,3,5,88" ten="250,250,250,250" oya="0" hai0="77,25,104,14,119,81,68,59,129,57,82,126,69" hai1="33,117,49,106,20,64,63,48,13,47,98,105,16" hai2="83,45,19,87,65,131,101,15,18,29,30,43,34" hai3="80,78,79,96,2,42,118,28,6,60,61,103,5"/><T53/><D119/><U0/><E0/><V3/><F3/><W128/><G118/><T74/><D126/><U10/><E33/><V12/><F131/><W116/><G116/><T111/><D129/><U84/><E117/><V35/><F65/><W75/><G128/><T38/><D104/><U40/><E84/><V114/><F114/><W73/><G28/><T17/><D111/><U91/><E49/><V52/><F101/><W112/><G112/><T124/><D124/><U4/><E91/><V130/><F130/><W92/><G42/><T109/><D109/><U94/><E98/><V51/><F43/><W1/><G1/><T67/><D38/><U90/><E90/><N who="2" m="51583" /><F34/><W125/><G125/><T32/><D82/><U44/><E44/><V89/><F89/><W108/><G108/><T11/><D67/><U26/><REACH who="1" step="1"/><E94/><REACH who="1" ten="250,240,250,250" step="2"/><V115/><F35/><W41/><G2/><T36/><D36/><U113/><E113/><V76/><F115/><W54/><G75/><T39/><D39/><U135/><E135/><V21/><F76/><W102/><G73/><T23/><D32/><U27/><E27/><V7/><F7/><W58/><G78/><T56/><REACH who="0" step="1"/><D53/><REACH who="0" ten="240,240,250,250" step="2"/><U100/><E100/><V8/><AGARI ba="0,2" hai="8,12,15,18,19,21,29,30,45,51,52" m="51583" machi="8" ten="30,4000,0" yaku="25,1,8,1,54,1" doraHai="88" who="2" fromWho="2" sc="240,-20,240,-10,250,60,250,-10" /><INIT seed="1,0,0,1,3,85" ten="220,230,310,240" oya="1" hai0="46,54,29,134,8,20,50,125,23,63,100,70,68" hai1="39,47,71,30,12,10,51,42,5,34,43,78,56" hai2="89,104,118,11,2,26,18,124,97,127,81,44,96" hai3="107,123,130,16,52,99,58,75,31,80,84,103,55"/><U77/><E71/><V21/><F118/><W53/><G123/><T122/><D125/><N who="2" m="48202" /><F104/><W112/><G112/><T93/><D134/><U35/><E30/><V60/><F60/><W0/><G0/><T119/><D119/><U1/><E12/><N who="2" m="7455" /><F2/><W66/><G75/><T98/><D122/><U28/><E28/><N who="2" m="17487" /><F44/><W36/><G36/><T7/><D29/><U79/><E43/><V48/><F48/><W82/><G31/><T109/><D109/><U111/><E111/><V67/><F67/><W45/><G130/><T38/><D38/><U106/><E106/><V15/><F15/><W117/><G45/><T121/><D121/><U105/><E105/><V72/><F89/><W116/><G116/><T25/><D25/><U132/><E132/><V9/><F9/><W59/><G117/><T62/><D70/><U32/><E56/><V110/><F110/><W27/><G66/><T95/><D63/><U88/><REACH who="1" step="1"/><E51/><REACH who="1" ten="220,220,310,240" step="2"/><V74/><F74/><W92/><G107/><T115/><D68/><U114/><E114/><V76/><AGARI ba="0,1" hai="72,76,81,96,97" m="17487,7455,48202" machi="76" ten="30,1100,0" yaku="18,1" doraHai="85" who="2" fromWho="2" sc="220,-3,220,-5,310,21,240,-3" /><INIT seed="2,0,0,5,3,117" ten="217,215,331,237" oya="2" hai0="55,29,134,104,124,8,108,77,45,102,41,131,22" hai1="60,47,13,78,68,97,86,4,111,40,54,81,2" hai2="127,129,44,133,48,56,132,92,72,5,65,89,90" hai3="87,93,71,114,128,46,64,125,94,103,107,50,69"/><V84/><F72/><W0/><G0/><T31/><D108/><U52/><E111/><V126/><F5/><W110/><G110/><T121/><D55/><U113/><E2/><V70/><F70/><W76/><G128/><T30/><D124/><N who="2" m="47658" /><F90/><W38/><G38/><T24/><D134/><N who="2" m="51818" /><F56/><W106/><G125/><T88/><D102/><U25/><E113/><V105/><F105/><W135/><G107/><T39/><D77/><U9/><E97/><V112/><F65/><W63/><G106/><T79/><D79/><U62/><E25/><V115/><F129/><W49/><G71/><T57/><D131/><U96/><E96/><V37/><F37/><W14/><G135/><T18/><D57/><U83/><E83/><V16/><F16/><W33/><G69/><T17/><D104/><U101/><E101/><V43/><AGARI ba="0,0" hai="43,44,48,84,89,92,112,115" m="51818,47658" machi="43" ten="30,3000,0" yaku="18,1,20,1" doraHai="117" who="2" fromWho="2" sc="217,-10,215,-10,331,30,237,-10" /><INIT seed="2,1,0,2,3,32" ten="207,205,361,227" oya="2" hai0="118,62,57,111,102,99,53,8,4,23,82,114,109" hai1="74,42,50,22,127,125,5,124,0,69,119,13,56" hai2="76,11,38,9,1,89,55,98,117,21,113,70,6" hai3="83,135,27,126,122,26,75,95,112,40,123,120,20"/><V2/><F117/><W84/><G112/><T10/><D114/><U41/><E69/><V16/><F113/><W61/><G135/><T77/><D118/><U49/><E74/><V91/><F70/><W25/><G126/><T47/><D23/><U35/><E35/><V28/><F38/><W94/><G40/><N who="1" m="15466" /><E119/><V48/><F76/><W29/><G75/><N who="0" m="43327" /><D47/><U110/><E110/><N who="0" m="41993" /><D4/><U87/><E87/><V30/><F98/><W12/><G61/><T43/><D43/><U67/><E67/><V80/><F30/><W90/><REACH who="3" step="1"/><G29/><REACH who="3" ten="207,205,361,217" step="2"/><T64/><D64/><U63/><E63/><V78/><F28/><W116/><G116/><T106/><AGARI ba="1,1" hai="8,10,53,57,62,99,102,106" m="41993,43327" machi="106" ten="30,1100,0" yaku="14,1" doraHai="32" who="0" fromWho="0" sc="207,24,205,-4,361,-6,217,-4" /><INIT seed="3,0,0,1,1,4" ten="231,201,355,213" oya="3" hai0="126,100,76,94,51,70,74,53,50,132,125,83,6" hai1="79,62,48,127,26,88,105,38,98,9,36,117,15" hai2="32,10,33,2,18,112,21,67,81,109,63,64,91" hai3="7,116,120,128,49,66,37,129,77,78,52,20,115"/><W39/><G116/><T61/><D132/><U23/><E127/><N who="0" m="48649" /><D6/><U89/><E105/><V43/><F112/><W55/><G115/><T118/><D118/><U93/><E79/><N who="3" m="30218" /><G120/><T95/><D100/><U84/><E62/><V42/><F33/><W0/><G66/><N who="0" m="41295" /><D50/><U133/><E133/><V13/><F64/><W99/><G99/><T11/><D11/><U47/><E117/><V54/><F67/><W25/><G7/><T56/><AGARI ba="0,0" hai="51,53,56,74,76,83,94,95" m="41295,48649" machi="56" ten="30,1100,0" yaku="18,1" doraHai="4" who="0" fromWho="0" sc="231,11,201,-3,355,-3,213,-5" /><INIT seed="4,0,0,1,0,74" ten="242,198,352,208" oya="0" hai0="39,129,89,13,120,71,8,93,86,114,48,61,72" hai1="76,73,82,50,1,31,68,59,79,37,20,109,101" hai2="44,17,60,28,56,42,80,51,75,36,27,90,128" hai3="49,67,2,91,38,57,102,113,116,4,117,88,47"/><T46/><D120/><U134/><E1/><V104/><F104/><W78/><G113/><T58/><D129/><U119/><E68/><V135/><F128/><W33/><G102/><T21/><D114/><U19/><E37/><V108/><F108/><W77/><G33/><T30/><D72/><U29/><E109/><V122/><F122/><W84/><G4/><T132/><D39/><U3/><E3/><V69/><F135/><W22/><G2/><T98/><D132/><U52/><E134/><V125/><F17/><W105/><G105/><T106/><D71/><U126/><E119/><V85/><F75/><W123/><G123/><T66/><D106/><U94/><E126/><V35/><F125/><W5/><G5/><T64/><D64/><U34/><E34/><V121/><F69/><W131/><G38/><T43/><D98/><N who="1" m="59607" /><E82/><V6/><F6/><W32/><G32/><T15/><REACH who="0" step="1"/><D8/><REACH who="0" ten="232,198,352,208" step="2"/><U16/><E73/><V70/><F70/><W14/><G131/><T127/><D127/><U12/><E19/><V83/><F121/><W65/><G116/><T99/><D99/><U112/><E112/><V118/><F118/><W63/><G117/><T26/><AGARI ba="0,1" hai="13,15,21,26,30,43,46,48,58,61,66,86,89,93" machi="26" ten="30,11700,0" yaku="1,1,0,1,8,1,53,1" doraHai="74" doraHaiUra="54" who="0" fromWho="0" sc="232,127,198,-39,352,-39,208,-39" /><INIT seed="4,1,0,2,1,36" ten="359,159,313,169" oya="0" hai0="41,30,53,81,108,22,82,100,104,78,89,32,75" hai1="130,38,67,11,93,63,114,134,76,86,135,61,33" hai2="60,70,92,8,80,94,51,62,5,59,132,101,129" hai3="0,40,52,35,83,77,97,123,31,106,56,117,50"/><T128/><D128/><U68/><E33/><V98/><F129/><W118/><G0/><T42/><D32/><U88/><E130/><V66/><F132/><W17/><G123/><T39/><D39/><U43/><E114/><V133/><F133/><N who="1" m="50697" /><E76/><V105/><F80/><W91/><G17/><T3/><D3/><U116/><E116/><V16/><F51/><W57/><G57/><T73/><D108/><U12/><E63/><V110/><F110/><W14/><G14/><T95/><D53/><U47/><E12/><V26/><F5/><W115/><G115/><T85/><D82/><U23/><E23/><V90/><F90/><W119/><G31/><T72/><D30/><U126/><E11/><V113/><F113/><W13/><G13/><T74/><REACH who="0" step="1"/><D22/><REACH who="0" ten="349,159,313,169" step="2"/><U121/><E121/><V107/><F8/><W54/><G35/><T79/><D79/><U19/><E126/><V64/><F66/><W20/><G77/><T125/><D125/><U127/><E127/><V96/><F64/><W124/><G124/><T7/><D7/><U15/><E15/><V69/><F26/><W84/><G20/><T9/><D9/><U120/><E120/><V112/><F112/><W102/><G54/><T131/><D131/><U2/><E2/><V10/><F10/><W48/><G117/><T44/><D44/><U46/><E19/><V45/><F45/><AGARI ba="1,1" hai="38,43,45,46,47,61,67,68,86,88,93" m="50697" machi="45" ten="30,3900,0" yaku="20,1,52,1,54,1" doraHai="36" who="1" fromWho="2" sc="349,0,159,52,313,-42,169,0" /><INIT seed="5,0,0,0,2,36" ten="349,211,271,169" oya="1" hai0="57,27,21,103,46,41,111,60,63,110,94,65,72" hai1="89,88,30,129,13,0,35,109,1,55,120,90,4" hai2="100,123,47,97,6,18,19,125,132,40,50,115,51" hai3="71,112,7,98,53,24,25,121,130,107,131,3,34"/><U14/><E120/><V95/><F123/><W119/><G121/><T62/><D72/><U76/><E129/><N who="3" m="49162" /><G71/><T37/><D62/><U135/><E135/><V105/><F132/><W10/><G107/><T22/><D22/><U68/><E68/><V58/><F125/><W32/><G98/><N who="0" m="59863" /><D60/><U81/><E109/><V66/><F115/><W73/><G73/><T106/><D106/><U78/><E30/><AGARI ba="0,0" hai="21,27,30,37,41,46,57,63,65,110,111" m="59863" machi="30" ten="30,2000,0" yaku="25,1,52,1" doraHai="36" who="0" fromWho="1" sc="349,20,211,-20,271,0,169,0" /><INIT seed="6,0,0,4,0,114" ten="369,191,271,169" oya="2" hai0="127,1,15,77,133,95,4,13,74,39,83,56,2" hai1="68,97,76,46,43,125,128,32,49,94,62,91,21" hai2="61,119,117,37,96,85,34,12,104,123,112,101,69" hai3="126,135,50,64,92,99,14,20,47,110,30,132,108"/><V130/><F123/><W103/><G126/><T55/><D133/><U11/><E32/><V8/><F112/><W120/><G120/><T107/><D107/><U66/><E128/><V3/><F130/><W38/><G38/><T33/><D33/><U87/><E125/><V9/><F85/><W51/><G64/><T19/><D127/><U28/><E11/><V113/><F113/><W106/><G106/><T121/><D121/><U81/><E21/><V78/><F78/><W73/><G73/><T27/><D39/><U124/><E28/><V57/><F37/><W75/><G75/><T134/><D95/><U60/><E60/><V115/><F115/><W129/><G129/><T41/><D41/><U36/><E36/><V79/><F79/><W90/><G103/><T29/><D4/><U54/><E124/><V111/><F111/><W98/><G98/><T6/><D6/><U40/><AGARI ba="0,0" hai="40,43,46,49,54,62,66,68,76,81,87,91,94,97" machi="40" ten="30,1100,0" yaku="0,1" doraHai="114" who="1" fromWho="1" sc="369,-3,191,11,271,-5,169,-3" /><INIT seed="7,0,0,4,4,56" ten="366,202,266,166" oya="3" hai0="97,99,122,116,119,62,85,126,91,127,6,57,31" hai1="28,66,29,45,120,8,117,72,3,48,69,118,87" hai2="130,4,15,133,23,67,38,20,0,17,129,125,76" hai3="115,83,95,111,27,106,9,98,54,78,79,68,19"/><W42/><G106/><T60/><D57/><U51/><E72/><V103/><F125/><N who="0" m="47626" /><D6/><U80/><E120/><V88/><F133/><W112/><G111/><T40/><D40/><U77/><E51/><V110/><F103/><W33/><G68/><T75/><D75/><U12/><E3/><V37/><F76/><W1/><G42/><T89/><D31/><U100/><E100/><V11/><F110/><W70/><G70/><T5/><D5/><U7/><E66/><V16/><F67/><W135/><G135/><T108/><D122/><U104/><E104/><V84/><F129/><W113/><G54/><T59/><D62/><U58/><E58/><V47/><F47/><W114/><N who="3" m="29184" /><DORA hai="36" /><W64/><G64/><N who="0" m="38943" /><D108/><U49/><E49/><V128/><F128/><W109/><G109/><T43/><D43/><N who="1" m="24639" /><E69/><V73/><F130/><W14/><G1/><T105/><D91/><U26/><E29/><V18/><F38/><W32/><G27/><T107/><D107/><U53/><E53/><V93/><F37/><W92/><G92/><N who="0" m="54319" /><D97/><U132/><E132/><V94/><F94/><W22/><G79/><T50/><D50/><U101/><E101/><AGARI ba="0,0" hai="99,101,105,116,119" m="54319,38943,47626" machi="101" ten="30,2000,0" yaku="18,1,52,1" doraHai="56,36" who="0" fromWho="1" sc="366,20,202,-20,266,0,166,0" owari="386,48.0,182,-22.0,266,7.0,166,-33.0" /></mjloggm>