<mjloggm ver="2.3"><GO type="97" lobby="0"/><UN n0="%EF%BC%A0%E3%82%A4%E3%83%83%E3%82%B7%EF%BD%9E%EF%BC%BE%2D%EF%BC%BE" n1="%E3%83%88%E3%83%A0%E3%83%BC" n2="%E3%82%A6%E3%83%AB%E3%83%88%E3%83%A9%E7%AB%8B%E7%9B%B4" n3="%E3%81%93%E3%82%8C%E3%81%AF%E3%82%BC%E3%83%B3%E3%83%84%E3%81%A0%E3%82%8F" dan="13,13,15,14" rate="1957.02,1876.84,1980.74,2036.47" sx="F,F,M,M"/><TAIKYOKU oya="0"/><INIT seed="0,0,0,1,5,72" ten="250,250,250,250" oya="0" hai0="122,18,89,30,85,94,54,98,62,56,75,70,9" hai1="7,28,77,64,58,106,105,107,1,31,11,29,61" hai2="33,53,4,67,84,25,92,116,45,24,52,69,73" hai3="16,74,97,130,80,109,0,120,66,128,119,108,135"/><T39/><D122/><U121/><REACH who="1" step="1"/><E121/><REACH who="1" ten="250,240,250,250" step="2"/><V2/><F116/><W14/><G120/><T51/><D39/><U65/><E65/><V21/><F67/><W79/><G119/><T34/><D75/><U35/><E35/><V50/><F73/><W41/><G135/><T95/><D34/><U112/><E112/><V114/><F114/><W5/><G66/><T23/><D30/><U93/><E93/><V86/><F33/><W90/><G41/><T57/><D70/><U127/><E127/><V123/><F123/><W10/><G97/><T125/><D125/><U63/><E63/><V43/><F69/><W133/><G133/><T19/><D9/><U27/><E27/><V6/><F25/><W48/><G48/><T132/><D132/><U78/><AGARI ba="0,1" hai="1,7,11,28,29,31,58,61,64,77,78,105,106,107" machi="78" ten="40,8000,1" yaku="21,2,0,1,52,2,53,0" doraHai="72" doraHaiUra="129" who="1" fromWho="1" sc="250,-40,240,90,250,-20,250,-20" /><INIT seed="1,0,0,2,4,121" ten="210,330,230,230" oya="1" hai0="9,7,82,96,125,74,21,132,105,33,17,77,45" hai1="46,61,129,127,78,16,29,24,92,99,113,124,66" hai2="65,0,28,14,19,120,134,116,107,6,89,123,94" hai3="30,128,71,11,25,111,102,75,122,38,34,95,115"/><U2/><E113/><V68/><F107/><W62/><G95/><T15/><D33/><U90/><E2/><V119/><F65/><W103/><G102/><T87/><D125/><U47/><E78/><V70/><F68/><W85/><G122/><N who="2" m="46633" /><F70/><W83/><G83/><T12/><D132/><U55/><E129/><V42/><F89/><W106/><G85/><T64/><D64/><U112/><E112/><V88/><F94/><W39/><G115/><T51/><D105/><U60/><E66/><V91/><F88/><W36/><G128/><T22/><D96/><U63/><E29/><V58/><F91/><W37/><G11/><T4/><D74/><U133/><E133/><V126/><F58/><W80/><G39/><T59/><D59/><U73/><E73/><V118/><F42/><W10/><G10/><T81/><D82/><U57/><E57/><V98/><F98/><N who="3" m="61815" /><G62/><T18/><REACH who="0" step="1"/><D9/><REACH who="0" ten="200,330,230,230" step="2"/><U54/><E124/><V108/><F134/><W117/><G75/><T40/><AGARI ba="0,1" hai="4,7,12,15,17,18,21,22,40,45,51,77,81,87" machi="40" ten="20,12000,2" yaku="1,1,2,1,0,1,7,1,9,1,8,1,53,0" doraHai="121" doraHaiUra="27" who="0" fromWho="0" sc="200,130,330,-60,230,-30,230,-30" /><INIT seed="2,0,0,3,5,63" ten="330,270,200,200" oya="2" hai0="48,78,113,6,126,64,84,71,94,69,125,117,8" hai1="3,114,24,51,45,43,97,83,34,12,57,129,50" hai2="82,56,21,134,90,38,36,10,31,23,33,120,0" hai3="17,22,67,49,19,41,28,53,111,107,99,118,110"/><V87/><F120/><W20/><G118/><T122/><D113/><U60/><E114/><V40/><F134/><W46/><G67/><T30/><D122/><U27/><E129/><V106/><F106/><W112/><G112/><T55/><D117/><U95/><E3/><V66/><F33/><W86/><G86/><T68/><D30/><U132/><E132/><V133/><F133/><W131/><G131/><T73/><D73/><U101/><E34/><V105/><F105/><W4/><G4/><T65/><D94/><U35/><E35/><V61/><F38/><W72/><G72/><T70/><D84/><U102/><E83/><V29/><F40/><W37/><G107/><T92/><D92/><U13/><E101/><V39/><F39/><W135/><G135/><T85/><D85/><U116/><E116/><V16/><F36/><W9/><G99/><T62/><D78/><U14/><E51/><V124/><F124/><N who="0" m="47722" /><D62/><U79/><REACH who="1" step="1"/><E79/><REACH who="1" ten="330,260,200,200" step="2"/><V1/><F1/><W96/><G49/><T11/><N who="0" m="17408" /><DORA hai="54" /><T52/><D48/><U18/><E18/><V32/><F32/><W88/><G19/><T5/><D6/><U127/><E127/><V75/><F29/><W128/><G17/><T93/><D93/><U103/><E103/><V81/><F31/><W119/><G28/><T25/><D5/><U123/><E123/><V47/><F0/><W100/><G119/><T109/><D109/><U121/><E121/><V115/><F115/><W2/><G111/><T15/><D25/><U44/><E44/><V89/><F47/><W58/><G110/><T104/><D15/><RYUUKYOKU ba="0,1" sc="330,-10,260,30,200,-10,200,-10" hai1="12,13,14,24,27,43,45,50,57,60,95,97,102" /><INIT seed="3,1,1,4,4,74" ten="320,290,190,190" oya="3" hai0="118,97,81,107,21,62,13,76,29,91,12,96,43" hai1="130,113,50,30,129,84,112,28,60,69,103,10,135" hai2="61,77,120,31,121,133,40,106,117,95,99,116,82" hai3="25,70,0,16,38,66,14,100,98,53,39,3,33"/><W89/><G89/><T126/><D118/><N who="2" m="45674" /><F61/><W80/><G80/><T87/><D126/><U83/><E103/><N who="2" m="62847" /><F40/><W11/><G70/><T59/><D107/><U37/><E37/><V54/><F54/><W34/><G66/><T2/><D2/><U123/><E123/><N who="2" m="47179" /><F31/><N who="1" m="11817" /><E10/><V127/><F127/><W122/><G122/><T20/><D43/><U94/><E50/><V36/><F36/><W22/><G39/><T51/><D51/><U52/><E69/><V23/><F23/><N who="0" m="8778" /><D29/><U4/><E4/><V24/><F24/><W65/><G38/><T88/><D13/><U68/><E68/><V46/><F46/><W9/><G65/><N who="0" m="39135" /><D12/><U102/><E60/><V57/><F57/><W104/><G53/><T18/><D18/><U105/><E52/><V45/><F45/><W134/><G134/><T67/><D67/><U111/><E105/><V119/><N who="2" m="45682" /><V42/><DORA hai="71" /><F42/><W8/><REACH who="3" step="1"/><G34/><REACH who="3" ten="320,290,190,180" step="2"/><T47/><D47/><U90/><E135/><V6/><F133/><W49/><G49/><T115/><D115/><U124/><E124/><V41/><F41/><W114/><G114/><T86/><D91/><U56/><E112/><V75/><F95/><AGARI ba="1,2" hai="76,81,86,87,88,95,96,97" m="39135,8778" machi="95" ten="30,3900,0" yaku="8,1,52,1,54,1" doraHai="74,71" who="0" fromWho="2" sc="320,62,290,0,190,-42,180,0" owari="382,48.0,290,9.0,148,-35.0,180,-22.0" /></mjloggm>