<mjloggm ver="2.3"><GO type="169" lobby="0"/><UN n0="%74%61%6E%69%6D%6F%40" n1="%74%6E%66%73%68%32%30%34" n2="%E3%82%A6%E3%83%AB%E3%83%88%E3%83%A9%E7%AB%8B%E7%9B%B4" n3="%E6%9D%B1%E9%A2%A8%E3%81%B1%E3%81%84%E3%82%93" dan="16,16,16,17" rate="2086.24,2111.91,2090.55,2103.63" sx="M,M,M,M"/><TAIKYOKU oya="0"/><INIT seed="0,0,0,2,4,16" ten="250,250,250,250" oya="0" hai0="82,122,101,5,12,34,56,105,80,75,37,22,125" hai1="98,29,0,32,69,99,115,135,104,49,47,6,109" hai2="44,85,90,9,97,50,40,51,100,93,15,57,87" hai3="28,92,123,76,129,132,107,111,10,48,24,42,119"/><T110/><D34/><U64/><E135/><V103/><F103/><W73/><G107/><T20/><D122/><U63/><E109/><V131/><F131/><W134/><G119/><T120/><D120/><U133/><E133/><V116/><F116/><W46/><G123/><T8/><D37/><U79/><E79/><V23/><F23/><W78/><G111/><T3/><D110/><U112/><E0/><V126/><F126/><W89/><G129/><T43/><D43/><U13/><E6/><V124/><F124/><W66/><G66/><T118/><D118/><U114/><E13/><V84/><F57/><W39/><G39/><T58/><D125/><U102/><E98/><V83/><REACH who="2" step="1"/><F51/><REACH who="2" ten="250,250,240,250" step="2"/><W54/><G48/><T70/><D70/><U4/><E49/><V106/><F106/><W17/><G132/><T7/><D101/><U26/><E4/><AGARI ba="0,1" hai="4,9,15,40,44,50,83,84,85,87,90,93,97,100" machi="4" ten="30,3900,0" yaku="1,1,7,1,8,1,53,0" doraHai="16" doraHaiUra="117" who="2" fromWho="1" sc="250,0,250,-39,240,49,250,0" /><INIT seed="1,0,0,4,4,112" ten="250,211,289,250" oya="1" hai0="110,51,68,8,67,107,29,134,47,114,85,66,82" hai1="61,45,46,117,9,52,26,96,130,57,100,36,23" hai2="35,135,42,69,10,28,122,22,129,24,34,63,120" hai3="48,2,71,53,84,131,115,21,18,43,104,72,80"/><U90/><E117/><V132/><F69/><W101/><G115/><T89/><D114/><U97/><E130/><V79/><F63/><W127/><G71/><T113/><D113/><U20/><E36/><V40/><F79/><W102/><G72/><T94/><D107/><U83/><E9/><V56/><F56/><W41/><G2/><T109/><D134/><N who="2" m="51242" /><F40/><W76/><G127/><T13/><D29/><U73/><E73/><V58/><F58/><W11/><G11/><T92/><D66/><U1/><E1/><V126/><F42/><W103/><G104/><T118/><D118/><U25/><E83/><V123/><F126/><W31/><G31/><T93/><D67/><U4/><E4/><V116/><F129/><W7/><G7/><T119/><D68/><U74/><E74/><V5/><F116/><W6/><G6/><T32/><D32/><U62/><E90/><V121/><F121/><W105/><G105/><T95/><N who="0" m="23552" /><DORA hai="17" /><T50/><D119/><U16/><E61/><V60/><F60/><W0/><G0/><AGARI ba="0,0" hai="0,5,10,22,24,28,34,35,120,122,123" m="51242" machi="0" ten="40,8000,1" yaku="20,1,34,2,52,1" doraHai="112,17" who="2" fromWho="3" sc="250,0,211,0,289,80,250,-80" /><INIT seed="2,0,0,4,1,112" ten="250,211,369,170" oya="2" hai0="14,25,75,47,20,67,45,85,79,106,49,55,61" hai1="128,12,44,120,41,97,2,100,133,34,54,13,71" hai2="94,108,33,26,131,114,86,23,10,37,96,66,42" hai3="31,1,19,135,6,35,16,124,122,81,134,8,62"/><V32/><F114/><W82/><G62/><T7/><D75/><U132/><E34/><V126/><F126/><W22/><G81/><T65/><D106/><U98/><E120/><V68/><F131/><W40/><G82/><T28/><D47/><U60/><E128/><V27/><F108/><W63/><G63/><T104/><D104/><U77/><E2/><V70/><F42/><W53/><G53/><T58/><D79/><U36/><E77/><V93/><F37/><W84/><G84/><T109/><D109/><U21/><E21/><V56/><F10/><W102/><G102/><T46/><D85/><U115/><E115/><V80/><F80/><W30/><G40/><T64/><D61/><U0/><E0/><V38/><F38/><W50/><G50/><T17/><REACH who="0" step="1"/><D7/><REACH who="0" ten="240,211,369,170" step="2"/><U89/><E60/><V74/><F74/><W72/><G72/><T92/><D92/><U15/><E71/><V113/><F86/><W9/><G122/><T90/><D90/><U78/><E78/><V29/><F56/><W39/><G39/><T48/><D48/><U87/><E87/><V24/><F113/><W129/><G129/><T119/><D119/><U123/><E123/><V59/><F94/><W69/><G69/><T101/><D101/><U127/><E89/><V73/><F73/><W83/><G83/><T111/><D111/><U95/><E98/><V121/><F121/><W11/><G6/><T99/><D99/><U88/><E100/><V18/><F93/><W107/><G107/><T51/><D51/><N who="1" m="29031" /><E127/><V125/><F125/><W52/><G124/><T130/><D130/><RYUUKYOKU ba="0,1" sc="240,15,211,15,369,-15,170,-15" hai0="14,17,20,25,28,45,46,49,55,58,64,65,67" hai1="12,13,15,36,41,88,95,97,132,133" /><INIT seed="3,1,1,5,3,93" ten="255,226,354,155" oya="3" hai0="99,69,25,24,87,29,18,114,101,11,95,57,27" hai1="85,104,94,60,67,15,121,14,75,107,129,45,83" hai2="71,96,61,44,54,90,5,82,127,97,9,117,2" hai3="81,115,84,119,91,118,124,92,26,41,88,123,103"/><W8/><G41/><T37/><D69/><U51/><E121/><V109/><F117/><W40/><G40/><T100/><D37/><U55/><E129/><V126/><F109/><W128/><G123/><T21/><D114/><U33/><E33/><V65/><F90/><W58/><G115/><T39/><D39/><U113/><E113/><V0/><F0/><W64/><G128/><T76/><D101/><U63/><E75/><V1/><F1/><W78/><G124/><N who="2" m="47657" /><F82/><W112/><G112/><T49/><D11/><U46/><E104/><V56/><F44/><W68/><G68/><T131/><D131/><U16/><E107/><V98/><F71/><W35/><G119/><T72/><D72/><U34/><E34/><V133/><F133/><W30/><G118/><T120/><D120/><U20/><E67/><AGARI ba="1,1" hai="2,5,9,54,56,61,65,67,96,97,98" m="47657" machi="67" ten="30,7700,0" yaku="18,1,52,3" doraHai="93" who="2" fromWho="1" sc="255,0,226,-80,354,90,155,0" /><INIT seed="4,0,0,2,4,115" ten="255,146,444,155" oya="0" hai0="107,101,129,47,5,61,45,63,87,88,112,130,6" hai1="109,10,59,9,41,21,40,37,93,105,58,99,18" hai2="94,17,0,49,1,29,106,64,119,108,91,74,73" hai3="70,118,98,77,89,83,3,97,46,13,100,14,96"/><T84/><D112/><U51/><E105/><V131/><F29/><W121/><G3/><T11/><D107/><U90/><E109/><V20/><F106/><W19/><G70/><T52/><D101/><U76/><E37/><V15/><F108/><W132/><G132/><T120/><D120/><U24/><E76/><V86/><F131/><N who="0" m="50186" /><D84/><U42/><E51/><V35/><F35/><W67/><G121/><T66/><D45/><U125/><E125/><V2/><F64/><W56/><G46/><T38/><D38/><U124/><E124/><V26/><F26/><W82/><G100/><T78/><D78/><U133/><E133/><V102/><F102/><W126/><G77/><T69/><D11/><AGARI ba="0,0" hai="9,10,11,18,21,24,40,41,42,58,59,90,93,99" machi="11" ten="40,1300,0" yaku="8,1" doraHai="115" who="1" fromWho="0" sc="255,-13,146,13,444,0,155,0" /><INIT seed="5,0,0,2,0,95" ten="242,159,444,155" oya="1" hai0="81,29,23,128,123,64,45,12,78,91,100,76,40" hai1="0,55,35,101,7,122,130,72,120,60,66,4,26" hai2="37,74,86,10,84,115,89,79,11,24,47,109,117" hai3="62,28,132,119,8,77,116,41,39,99,15,114,135"/><U42/><E72/><V82/><F109/><W108/><G108/><T118/><D118/><N who="3" m="45097" /><G28/><T97/><D64/><U67/><E42/><V6/><F117/><W105/><G77/><T71/><D71/><N who="1" m="42439" /><E55/><V107/><F107/><W65/><G114/><T16/><D128/><U88/><E67/><V57/><F115/><W94/><G105/><T75/><D123/><U59/><E59/><V83/><F74/><W52/><G41/><T69/><D69/><U43/><E43/><V34/><F37/><W111/><G39/><T19/><D29/><N who="1" m="19895" /><E130/><V124/><F47/><W93/><G111/><T131/><D131/><U133/><E88/><V106/><F106/><W48/><G93/><T90/><D19/><U20/><E0/><V112/><F112/><W36/><G36/><T127/><D78/><U49/><E120/><V63/><F6/><N who="3" m="3479" /><G62/><T18/><D18/><U21/><E122/><V73/><F73/><W17/><G65/><T87/><D75/><U5/><E49/><V1/><F1/><W56/><G17/><T68/><D68/><U134/><E101/><AGARI ba="0,0" hai="48,52,56,94,99,101,132,135" m="3479,45097" machi="101" ten="30,3900,0" yaku="12,1,52,1,54,1" doraHai="95" who="3" fromWho="1" sc="242,0,159,-39,444,0,155,39" /><INIT seed="6,0,0,5,5,52" ten="242,120,444,194" oya="2" hai0="69,21,123,96,23,95,15,38,60,35,53,18,55" hai1="130,9,45,29,73,101,30,70,135,79,76,82,25" hai2="10,119,122,83,99,100,4,107,102,84,112,37,20" hai3="16,41,77,126,64,78,86,39,27,108,90,132,131"/><V24/><F37/><W113/><G108/><T22/><D35/><U81/><E70/><V46/><F122/><W127/><G132/><T62/><D38/><U88/><E135/><V47/><F102/><W97/><G131/><T72/><D72/><U75/><E130/><V133/><F133/><W128/><G128/><T28/><D123/><U71/><E71/><V124/><F124/><W118/><G118/><T109/><D109/><U66/><E66/><V105/><F105/><W111/><G111/><T36/><D36/><U5/><E101/><V94/><F107/><W40/><G97/><T49/><D69/><U85/><E45/><V121/><F112/><W134/><G64/><T91/><D28/><U92/><REACH who="1" step="1"/><E25/><REACH who="1" ten="242,110,444,194" step="2"/><V43/><F119/><W114/><G134/><T67/><D67/><U26/><E26/><V116/><F116/><W80/><G127/><T44/><D55/><U74/><E74/><V103/><F103/><W89/><G126/><T34/><D44/><U8/><E8/><V58/><F58/><W1/><G40/><T11/><D11/><U98/><E98/><V87/><F121/><W7/><G41/><T19/><D53/><U106/><E106/><V17/><F43/><W129/><G129/><T104/><D104/><U0/><AGARI ba="0,1" hai="0,5,9,29,30,73,75,76,79,81,82,85,88,92" machi="0" ten="20,8000,1" yaku="1,1,0,1,7,1,9,1,54,1,53,0" doraHai="52" doraHaiUra="117" who="1" fromWho="1" sc="242,-20,110,90,444,-40,194,-20" /><INIT seed="7,0,0,4,3,48" ten="222,200,404,174" oya="3" hai0="77,45,51,108,76,49,44,28,13,60,25,80,39" hai1="87,97,124,6,9,130,85,32,134,55,132,127,29" hai2="31,43,131,117,115,122,19,4,98,38,18,111,89" hai3="91,75,92,36,106,114,90,23,15,3,34,84,96"/><W26/><G36/><T71/><D108/><U53/><E97/><V93/><F31/><W79/><G3/><T54/><D39/><U81/><E130/><V125/><F4/><W10/><G114/><T68/><D13/><N who="1" m="5303" /><E32/><V17/><F18/><W24/><G34/><T40/><D60/><U21/><E29/><V112/><F19/><W102/><G23/><T78/><REACH who="0" step="1"/><D80/><REACH who="0" ten="212,200,404,174" step="2"/><U86/><E81/><V46/><F111/><W62/><G62/><T47/><D47/><U99/><E124/><V133/><F125/><W41/><G41/><T7/><D7/><U120/><E127/><V83/><F83/><N who="3" m="45567" /><G90/><T94/><D94/><U113/><E113/><V109/><F109/><W74/><G74/><T116/><D116/><U105/><E120/><V20/><F122/><W128/><G128/><T61/><D61/><U72/><E105/><V119/><F131/><W73/><G73/><T30/><D30/><U104/><E72/><V33/><F115/><W66/><G66/><T11/><D11/><U95/><E104/><V129/><F112/><W64/><G64/><T8/><D8/><U121/><E121/><V126/><F126/><W52/><G52/><T50/><D50/><U135/><E21/><AGARI ba="0,1" hai="21,25,28,40,44,45,49,51,54,68,71,76,77,78" machi="21" ten="40,2600,0" yaku="1,1,52,1,53,0" doraHai="48" doraHaiUra="5" who="0" fromWho="1" sc="212,36,200,-26,404,0,174,0" owari="248,5.0,174,-23.0,404,51.0,174,-33.0" /></mjloggm>