<mjloggm ver="2.3"><GO type="97" lobby="0"/><UN n0="%EF%BC%91%E7%95%AA%E3%82%B7%E3%83%A7%E3%83%BC%E3%83%88" n1="%E3%82%A6%E3%83%AB%E3%83%88%E3%83%A9%E7%AB%8B%E7%9B%B4" n2="%E5%A4%9C%E9%9D%92%E7%AB%9C" n3="%6B%6F%2D%73%68%69%72%6F" dan="14,14,14,14" rate="1905.30,1846.78,1948.30,2014.36" sx="M,M,M,M"/><TAIKYOKU oya="0"/><INIT seed="0,0,0,5,0,134" ten="250,250,250,250" oya="0" hai0="54,51,37,55,77,85,24,113,83,76,67,28,124" hai1="58,135,49,92,116,10,61,9,46,69,78,27,12" hai2="14,119,15,6,84,57,93,79,121,128,122,23,19" hai3="13,110,88,89,64,106,29,32,20,0,132,109,41"/><T104/><D104/><U16/><E69/><V131/><F119/><W18/><G106/><T59/><D113/><U102/><E116/><V3/><F3/><W74/><G74/><T96/><D96/><U94/><E135/><V26/><F57/><W7/><G41/><T1/><D1/><U56/><E78/><V100/><F79/><W43/><G43/><T31/><D37/><U63/><E27/><V39/><F39/><W81/><G64/><T65/><D77/><U42/><E102/><V45/><F45/><W40/><G40/><T53/><D31/><U72/><E72/><V99/><F84/><W8/><G132/><T117/><D117/><U21/><E21/><V97/><F97/><W25/><REACH who="3" step="1"/><G81/><REACH who="3" ten="250,250,250,240" step="2"/><T11/><D65/><N who="1" m="39079" /><E10/><V44/><F44/><W125/><G125/><T107/><D107/><U90/><E90/><AGARI ba="0,1" hai="0,7,8,13,18,20,25,29,32,88,89,90,109,110" machi="90" ten="40,8000,1" yaku="1,1,24,2,54,1,53,0" doraHai="134" doraHaiUra="108" who="3" fromWho="1" sc="250,0,250,-80,250,0,240,90" /><INIT seed="1,0,0,2,0,21" ten="250,170,250,330" oya="1" hai0="78,95,126,13,121,43,71,3,59,32,119,40,47" hai1="11,5,114,94,68,49,135,38,0,20,88,46,24" hai2="110,64,87,125,77,122,83,123,37,128,111,131,1" hai3="109,60,105,23,107,129,115,57,4,82,31,65,41"/><U6/><E68/><V61/><F1/><W75/><G115/><T19/><D3/><U103/><E38/><V72/><F37/><W28/><G129/><N who="2" m="49737" /><F61/><W55/><G109/><N who="2" m="41481" /><F64/><W124/><G124/><T18/><D119/><U62/><E135/><V117/><F117/><W16/><G4/><T27/><D126/><U84/><E114/><V35/><F35/><W8/><G41/><T112/><D71/><U79/><E62/><V10/><F10/><W106/><G8/><T90/><D112/><U54/><E6/><V130/><N who="2" m="49745" /><V73/><DORA hai="63" /><F125/><W113/><G113/><T22/><D59/><U45/><E103/><V34/><F34/><W15/><REACH who="3" step="1"/><G55/><REACH who="3" ten="250,170,250,320" step="2"/><T134/><D43/><U120/><E120/><AGARI ba="0,1" hai="72,73,77,83,87,120,122,123" m="41481,49745" machi="120" ten="50,8000,1" yaku="19,1,14,1,34,2" doraHai="21,63" who="2" fromWho="1" sc="250,0,170,-80,250,90,320,0" /><INIT seed="2,0,0,4,1,19" ten="250,90,340,320" oya="2" hai0="122,39,30,17,63,46,102,125,117,7,83,106,79" hai1="62,71,58,74,47,25,77,101,85,130,68,112,95" hai2="28,43,41,94,73,48,81,69,10,29,11,52,59" hai3="87,36,23,51,20,34,26,42,80,0,119,53,116"/><V1/><F69/><N who="1" m="26697" /><E95/><V103/><F1/><W115/><G0/><T65/><D122/><U9/><E25/><V133/><F73/><W82/><G115/><T22/><D125/><U131/><E9/><N who="2" m="3083" /><F81/><W118/><G36/><T24/><D117/><U134/><E85/><V121/><F121/><W91/><G42/><N who="2" m="15881" /><F133/><W18/><G34/><T45/><D39/><U135/><E101/><V37/><F37/><W120/><G120/><T72/><D7/><U99/><E99/><AGARI ba="0,0" hai="28,29,48,52,59,94,99,103" m="15881,3083" machi="99" ten="30,2900,0" yaku="8,1,54,1" doraHai="19" who="2" fromWho="1" sc="250,0,90,-29,340,29,320,0" /><INIT seed="2,1,0,2,0,96" ten="250,61,369,320" oya="2" hai0="26,126,135,131,17,23,103,81,125,69,3,15,21" hai1="52,7,110,107,39,41,127,61,34,101,31,75,79" hai2="76,72,38,93,40,8,4,133,84,80,49,54,35" hai3="117,114,70,130,29,78,42,97,59,57,77,30,6"/><V51/><F35/><W14/><G117/><T88/><D69/><U134/><E52/><V118/><F118/><W5/><G70/><T58/><D58/><N who="3" m="22025" /><G114/><T25/><D3/><U48/><E48/><V112/><F112/><W113/><G113/><T122/><D122/><U44/><E61/><V33/><F33/><W104/><G130/><T82/><D131/><U50/><E50/><V132/><F38/><W28/><G104/><T94/><D135/><N who="2" m="51786" /><F40/><W85/><G42/><T128/><D128/><U121/><E134/><V91/><F54/><W109/><G97/><T106/><D15/><AGARI ba="1,0" hai="4,8,15,49,51,72,76,80,84,91,93" m="51786" machi="15" ten="30,1500,0" yaku="20,1" doraHai="96" who="2" fromWho="0" sc="250,-18,61,0,369,18,320,0" /><INIT seed="2,2,0,5,4,51" ten="232,61,387,320" oya="2" hai0="96,56,93,35,68,83,105,82,95,85,18,76,116" hai1="114,65,126,90,24,49,128,23,109,14,111,16,43" hai2="31,39,112,102,66,129,59,12,6,117,70,7,69" hai3="10,17,54,42,73,100,87,8,72,32,104,63,44"/><V55/><F39/><W110/><G32/><T84/><D68/><U106/><E114/><V127/><F112/><W98/><G110/><T62/><D35/><U99/><E126/><V123/><F123/><W134/><G134/><T120/><D120/><U113/><E113/><V121/><F121/><W2/><G87/><T57/><D57/><U124/><E124/><V52/><F117/><W88/><G10/><T135/><D135/><U4/><E128/><V108/><F129/><W19/><G72/><T115/><D115/><U75/><E75/><V3/><F127/><W71/><G73/><T61/><D61/><U132/><E132/><V133/><F133/><W46/><G2/><T13/><D116/><U91/><E106/><V15/><F3/><W119/><G119/><T97/><D105/><U40/><E109/><V21/><F108/><W47/><G42/><T101/><D101/><U33/><E111/><V22/><F102/><W37/><G37/><T36/><D36/><U58/><E33/><V130/><F130/><W79/><G79/><N who="0" m="46175" /><D97/><U92/><E90/><V1/><F1/><W86/><G8/><N who="0" m="6439" /><D96/><U34/><E34/><V103/><F103/><W11/><G11/><T20/><D20/><N who="2" m="7786" /><F69/><W60/><G71/><T131/><D131/><U50/><E14/><N who="2" m="5163" /><F70/><W81/><REACH who="3" step="1"/><G63/><REACH who="3" ten="232,61,387,310" step="2"/><T9/><D9/><U41/><E4/><N who="2" m="1579" /><F31/><W45/><N who="3" m="11776" /><DORA hai="89" /><W48/><G48/><T5/><D5/><U80/><E80/><V30/><F30/><W67/><G67/><AGARI ba="2,1" hai="56,62,67,76,83,85,93,95" m="6439,46175" machi="67" ten="30,3900,0" yaku="8,1,52,2" doraHai="51,89" who="0" fromWho="3" sc="232,55,61,0,387,0,310,-45" /><INIT seed="3,0,0,5,0,86" ten="287,61,387,265" oya="3" hai0="118,56,113,1,55,115,67,132,91,2,120,3,78" hai1="123,4,5,47,20,13,19,126,41,101,21,42,8" hai2="121,52,79,82,66,12,133,64,44,75,23,16,130" hai3="128,68,102,90,33,71,135,18,99,35,83,105,96"/><W6/><G6/><T46/><D120/><U104/><E104/><V34/><F121/><W57/><G57/><T48/><D118/><U122/><E101/><V25/><F133/><W129/><G18/><T134/><D78/><U15/><E47/><V77/><F77/><W61/><G61/><N who="0" m="38311" /><D91/><U117/><E42/><V40/><F130/><N who="3" m="50283" /><G135/><AGARI ba="0,0" hai="1,2,3,46,48,55,113,115,132,134,135" m="38311" machi="135" ten="40,1300,0" yaku="20,1" doraHai="86" who="0" fromWho="3" sc="287,13,61,0,387,0,265,-13" owari="300,10.0,61,-44.0,387,49.0,252,-15.0" /></mjloggm>