<mjloggm ver="2.3"><GO type="97" lobby="0"/><UN n0="%E3%81%A9%E3%81%86%E3%81%9F%E3%81%AC%E3%81%8D%EF%BC%8D%EF%BC%91" n1="%E3%83%9E%E3%83%92%E3%83%A3%E3%83%89" n2="%79%6F%75%6B%69%35%35%35" n3="%E3%82%A6%E3%83%AB%E3%83%88%E3%83%A9%E7%AB%8B%E7%9B%B4" dan="16,14,13,14" rate="2049.59,1891.63,1887.22,1940.58" sx="M,F,M,M"/><TAIKYOKU oya="0"/><INIT seed="0,0,0,0,4,110" ten="250,250,250,250" oya="0" hai0="72,9,52,73,19,120,21,23,34,25,68,22,108" hai1="6,106,57,91,86,35,104,109,127,37,123,3,41" hai2="30,92,130,28,66,59,74,75,44,83,70,64,121" hai3="81,26,13,27,18,4,29,24,87,114,58,71,80"/><T98/><D120/><U63/><E35/><V103/><F121/><W119/><G71/><T84/><D68/><U131/><E109/><V107/><F70/><W116/><G58/><T36/><D108/><U126/><E123/><V50/><F103/><W60/><G60/><T122/><D36/><U12/><E3/><V1/><F1/><W89/><G81/><T101/><D34/><U99/><E131/><V54/><F107/><W111/><G111/><T115/><D115/><U46/><E6/><V79/><F92/><W8/><G29/><T53/><D73/><U93/><E12/><V132/><F132/><W33/><G33/><T38/><D72/><U16/><E16/><V65/><F130/><W0/><REACH who="3" step="1"/><G114/><REACH who="3" ten="250,250,250,240" step="2"/><T11/><D122/><U55/><REACH who="1" step="1"/><E99/><REACH who="1" ten="250,240,250,240" step="2"/><V128/><F128/><W20/><AGARI ba="0,2" hai="0,4,8,13,18,20,24,26,27,80,87,89,116,119" machi="20" ten="30,7900,0" yaku="1,1,2,1,0,1,53,1" doraHai="110" doraHaiUra="15" who="3" fromWho="3" sc="250,-39,240,-20,250,-20,240,99" /><BYE who="0" /><UN n0="%E3%81%A9%E3%81%86%E3%81%9F%E3%81%AC%E3%81%8D%EF%BC%8D%EF%BC%91" /><INIT seed="1,0,0,4,0,69" ten="211,220,230,339" oya="1" hai0="54,75,78,45,89,63,14,103,13,101,44,43,56" hai1="112,88,62,123,128,72,87,26,49,33,99,55,85" hai2="109,7,105,25,39,77,52,125,35,113,135,86,119" hai3="80,11,31,94,91,27,29,121,41,134,16,117,95"/><U32/><E112/><V22/><F113/><W126/><G121/><T28/><D45/><U71/><E123/><V46/><F105/><W51/><G126/><T30/><D75/><U34/><E72/><V10/><F119/><W48/><G134/><T4/><D78/><U58/><E128/><V131/><F35/><W0/><G0/><T93/><D28/><N who="3" m="10825" /><G117/><T19/><D30/><U42/><E26/><V65/><F135/><W116/><G116/><T107/><D4/><U24/><E24/><V66/><F131/><W50/><G41/><T102/><D19/><U23/><E23/><V6/><F39/><W133/><G133/><T40/><D107/><U20/><E20/><V110/><F125/><W97/><G80/><T17/><D17/><U2/><E2/><V127/><F127/><W111/><G111/><N who="2" m="42505" /><F86/><W64/><G64/><N who="2" m="24681" /><F77/><W124/><G124/><T76/><D76/><U1/><E1/><V5/><F10/><W12/><G95/><T130/><D130/><U15/><E71/><V92/><F92/><W81/><G81/><T82/><D82/><U108/><E108/><V21/><F25/><AGARI ba="0,0" hai="11,12,16,25,27,48,50,51,91,94,97" m="10825" machi="25" ten="30,2000,0" yaku="8,1,54,1" doraHai="69" who="3" fromWho="2" sc="211,0,220,0,230,-20,339,20" /><INIT seed="2,0,0,3,1,131" ten="211,220,210,359" oya="2" hai0="77,103,60,5,23,12,90,14,43,85,11,6,62" hai1="122,16,81,2,106,31,82,57,95,108,32,15,40" hai2="87,124,58,73,65,68,20,3,126,132,129,130,64" hai3="128,13,88,22,104,67,96,105,61,44,97,38,99"/><V33/><F33/><W107/><G128/><N who="2" m="49257" /><F73/><W101/><G44/><T100/><D43/><U72/><E106/><V63/><F87/><W46/><G46/><T30/><D77/><U47/><E2/><V94/><F94/><W37/><G101/><N who="0" m="38987" /><D30/><U113/><E32/><V41/><F3/><W74/><G74/><T4/><D23/><U51/><E31/><V119/><F20/><W59/><REACH who="3" step="1"/><G88/><REACH who="3" ten="211,220,210,349" step="2"/><T1/><D1/><U56/><E72/><V120/><F120/><W7/><G7/><N who="0" m="3199" /><D14/><U25/><E15/><V18/><F41/><W9/><G9/><T49/><D49/><U0/><E40/><V114/><F114/><W83/><G83/><AGARI ba="0,1" hai="4,5,6,60,62,83,85,90" m="3199,38987" machi="83" ten="30,1000,0" yaku="8,1" doraHai="131" who="0" fromWho="3" sc="211,20,220,0,210,0,349,-10" /><INIT seed="3,0,0,4,2,132" ten="231,220,210,339" oya="3" hai0="90,112,73,9,45,93,94,85,63,28,78,19,67" hai1="130,59,124,55,46,133,69,8,23,134,51,75,122" hai2="18,104,44,53,96,120,48,123,6,83,99,84,15" hai3="95,0,24,111,105,57,30,76,2,115,66,129,20"/><W32/><G105/><T1/><D28/><U65/><E122/><N who="2" m="46635" /><F104/><W126/><G126/><T114/><D45/><U97/><E75/><V64/><F6/><W79/><G115/><T26/><D94/><U72/><E72/><V100/><F64/><W102/><G102/><T5/><BYE who="3" /><D19/><U116/><E124/><V131/><F100/><W25/><G25/><T49/><D26/><U119/><E130/><V3/><F3/><W22/><G22/><T10/><D49/><U41/><E97/><V16/><F131/><W103/><G103/><T54/><D54/><U89/><E8/><N who="2" m="6247" /><F18/><UN n3="%E3%82%A6%E3%83%AB%E3%83%88%E3%83%A9%E7%AB%8B%E7%9B%B4" /><W42/><G2/><T37/><D10/><U92/><E23/><V14/><F14/><W80/><G0/><T71/><D114/><U81/><E81/><V108/><F108/><W77/><G111/><T135/><D112/><U56/><E69/><V127/><F127/><W36/><G95/><T35/><D73/><U61/><E65/><V17/><F17/><W38/><G66/><T40/><D5/><U43/><E43/><V39/><F39/><N who="3" m="14891" /><G42/><T88/><D1/><U118/><E59/><V21/><F21/><W121/><G57/><T31/><D9/><U113/><E113/><V98/><F98/><W52/><G20/><T128/><D128/><U7/><E7/><V58/><F58/><W29/><G129/><T106/><D106/><U109/><E109/><V117/><F117/><W33/><G121/><T47/><D90/><AGARI ba="0,0" hai="44,48,53,83,84,90,96,99" m="6247,46635" machi="90" ten="30,3900,0" yaku="25,1,13,1,54,1" doraHai="132" who="2" fromWho="0" sc="231,-39,220,0,210,39,339,0" owari="192,-31.0,220,-18.0,249,5.0,339,44.0" /></mjloggm>