<mjloggm ver="2.3"><GO type="97" lobby="0"/><UN n0="%E3%82%A6%E3%83%AB%E3%83%88%E3%83%A9%E7%AB%8B%E7%9B%B4" n1="%61%6C%70%68%61%2D%70%73" n2="%E8%85%B0%E7%97%9B%E3%82%82%E3%81%A3%E3%81%A1%E3%83%BC" n3="%E3%81%86%E3%82%8B%E3%81%95%E3%81%84%E3%81%AF%E8%A4%92%E3%82%81%E8%A9%9E" dan="13,13,15,15" rate="1864.57,1821.98,1994.56,1976.69" sx="M,M,M,M"/><TAIKYOKU oya="0"/><INIT seed="0,0,0,1,5,112" ten="250,250,250,250" oya="0" hai0="123,104,65,55,39,36,92,51,40,54,44,32,99" hai1="10,30,46,37,60,38,23,115,135,83,88,126,28" hai2="48,0,61,110,97,8,77,118,35,117,45,75,78" hai3="73,1,41,71,98,31,95,103,18,79,114,22,26"/><T130/><D104/><U11/><E115/><V12/><F35/><W106/><G1/><T116/><D32/><U108/><E108/><V85/><F75/><W56/><G71/><T76/><D123/><U96/><E135/><V91/><F0/><W49/><G114/><T89/><D130/><U21/><E126/><V87/><F97/><W17/><G106/><T47/><D65/><U34/><E60/><V63/><F110/><W100/><G100/><T119/><D76/><N who="2" m="29290" /><F61/><W3/><G3/><T122/><D122/><U94/><E34/><V125/><F63/><W19/><G79/><T69/><D69/><U127/><E127/><V50/><F125/><W16/><G73/><T42/><D55/><U128/><E83/><N who="2" m="49599" /><F87/><W80/><G80/><T74/><D74/><U2/><E2/><V131/><F131/><W121/><G121/><T66/><D66/><U9/><E128/><V105/><F105/><W29/><G41/><T82/><D82/><U134/><E134/><V64/><F64/><W111/><G111/><T102/><D102/><U5/><E5/><N who="2" m="3087" /><F45/><AGARI ba="0,0" hai="36,39,40,42,44,45,47,51,54,89,92,99,116,119" machi="45" ten="30,11600,0" yaku="7,1,9,1,52,2" doraHai="112" who="0" fromWho="2" sc="250,116,250,0,250,-116,250,0" /><INIT seed="0,1,0,1,4,19" ten="366,250,134,250" oya="0" hai0="70,36,45,7,6,75,54,2,62,35,109,102,84" hai1="92,49,15,88,11,114,122,1,67,117,9,21,106" hai2="34,123,103,24,57,113,55,10,30,100,134,63,72" hai3="83,124,107,59,90,127,65,87,129,95,132,108,66"/><T39/><D7/><U94/><E106/><V80/><F113/><W131/><G107/><T68/><D84/><U126/><E126/><N who="3" m="48170" /><G108/><T135/><D102/><U50/><E114/><V8/><F123/><W31/><G31/><T101/><D101/><U116/><E122/><V71/><F71/><W85/><G59/><T20/><D35/><U47/><E1/><V133/><F100/><W44/><G44/><T82/><D39/><U118/><E67/><N who="3" m="25610" /><G132/><N who="2" m="50793" /><F103/><W121/><G121/><T29/><D54/><U0/><E0/><V56/><F56/><W76/><AGARI ba="1,0" hai="76,83,85,87,90,95,129,131" m="25610,48170" machi="76" ten="30,1100,0" yaku="18,1" doraHai="19" who="3" fromWho="3" sc="366,-6,250,-4,134,-4,250,14" /><INIT seed="1,0,0,2,0,57" ten="360,246,130,264" oya="1" hai0="134,2,85,44,133,58,42,41,129,46,5,66,78" hai1="94,54,109,8,11,108,4,25,97,15,12,72,23" hai2="33,113,65,34,79,68,56,82,53,51,81,20,19" hai3="27,73,125,80,116,3,31,84,59,111,107,36,96"/><U38/><E38/><V75/><F113/><W112/><G125/><T88/><D78/><U131/><E72/><V89/><F68/><W13/><G116/><T6/><D129/><U52/><E131/><V39/><F39/><W10/><G3/><T64/><D2/><U45/><E45/><V55/><F65/><W120/><G36/><T118/><D118/><U124/><E124/><V14/><F82/><W37/><G37/><T61/><D66/><U99/><E23/><V26/><F89/><W74/><G111/><N who="1" m="42570" /><E25/><V106/><F106/><W43/><G112/><T98/><D98/><N who="1" m="37387" /><E94/><V95/><F95/><W119/><G96/><T60/><D58/><U102/><E102/><V63/><REACH who="2" step="1"/><F26/><REACH who="2" ten="360,246,120,264" step="2"/><W114/><G27/><T86/><D64/><U121/><E121/><V130/><F130/><W135/><G120/><T24/><D24/><U132/><E132/><V77/><F77/><W67/><G135/><T127/><D127/><U126/><E126/><V69/><F69/><W7/><G114/><T40/><D40/><U123/><E123/><V22/><F22/><W92/><G43/><T9/><D88/><U1/><E1/><V29/><F29/><W49/><G31/><T62/><D42/><U91/><E91/><V104/><F104/><W18/><G107/><T93/><D41/><U100/><E100/><V87/><F87/><W128/><G84/><N who="0" m="32363" /><D93/><U103/><E103/><V48/><F48/><W117/><G92/><T122/><D122/><U35/><E35/><V47/><AGARI ba="0,1" hai="14,19,20,33,34,47,51,53,55,56,63,75,79,81" machi="47" ten="20,5200,0" yaku="1,1,0,1,7,1,52,1,53,0" doraHai="57" doraHaiUra="110" who="2" fromWho="2" sc="360,-13,246,-26,120,62,264,-13" /><INIT seed="2,0,0,5,2,72" ten="347,220,182,251" oya="2" hai0="82,14,97,124,15,104,73,40,123,16,43,5,107" hai1="90,20,41,134,49,63,111,118,34,31,9,44,117" hai2="127,80,3,42,96,62,74,10,128,85,0,133,77" hai3="28,76,110,55,95,94,56,101,131,7,36,93,67"/><V132/><F127/><W112/><G36/><T46/><D123/><U70/><E111/><V60/><F128/><W105/><G131/><T81/><D124/><U79/><E134/><N who="2" m="51819" /><F96/><W57/><G105/><T45/><D97/><U59/><E34/><V84/><F42/><W12/><G28/><T75/><D5/><U26/><E70/><V113/><F113/><W119/><G112/><T58/><D58/><U100/><E9/><V32/><F32/><W102/><G57/><T99/><D99/><U48/><E49/><V18/><F18/><AGARI ba="0,0" hai="14,15,16,18,40,43,45,46,73,75,81,82,104,107" machi="18" ten="25,3200,0" yaku="22,2,54,1" doraHai="72" who="0" fromWho="2" sc="347,32,220,0,182,-32,251,0" /><INIT seed="3,0,0,2,2,87" ten="379,220,150,251" oya="3" hai0="84,113,82,15,7,128,65,53,29,91,103,70,129" hai1="59,108,11,54,116,130,44,131,52,61,42,19,73" hai2="25,9,48,14,23,111,21,122,105,118,8,81,86" hai3="5,46,18,16,10,41,75,100,58,3,36,124,60"/><W99/><G124/><T78/><D103/><U71/><E73/><V102/><F118/><W134/><G75/><T66/><D70/><U56/><E11/><V62/><F122/><W90/><G134/><T31/><D53/><U2/><E2/><V43/><F111/><W33/><G33/><T95/><D113/><U126/><E19/><V133/><F133/><W93/><REACH who="3" step="1"/><G100/><REACH who="3" ten="379,220,150,241" step="2"/><T40/><D129/><U28/><E126/><V107/><F102/><W74/><G74/><T83/><D128/><U63/><E131/><V104/><F62/><W12/><G12/><T47/><D15/><U72/><E130/><V34/><F34/><W50/><G50/><N who="0" m="26983" /><D7/><U22/><E72/><V26/><F26/><W38/><G38/><T89/><D31/><U123/><E63/><V68/><F25/><W20/><G20/><T127/><D29/><U120/><E22/><V57/><F23/><W115/><G115/><T106/><D127/><U0/><E28/><V51/><F21/><W35/><G35/><T49/><D49/><U24/><E61/><V88/><F48/><W79/><G79/><T135/><D135/><U125/><E24/><V85/><F14/><W101/><G101/><T67/><D78/><U98/><E125/><V96/><F51/><W17/><G17/><T64/><D106/><U30/><E30/><V77/><F107/><W1/><G1/><T117/><D117/><U97/><E0/><V37/><F105/><W55/><AGARI ba="0,1" hai="3,5,10,16,18,36,41,46,55,58,60,90,93,99" machi="55" ten="20,12000,1" yaku="1,1,0,1,7,1,52,1,54,1,53,0" doraHai="87" doraHaiUra="110" who="3" fromWho="3" sc="379,-40,220,-40,150,-40,241,130" owari="339,14.0,180,-22.0,110,-39.0,371,47.0" /></mjloggm>