<mjloggm ver="2.3"><GO type="193" lobby="0"/><UN n0="%E5%B0%B1%E6%B4%BB%E7%94%9F%40%E5%B7%9D%E6%9D%91%E8%BB%8D%E5%9B%A3" n1="%EF%BC%A4%EF%BC%B1%EF%BC%91%EF%BC%90%E3%83%97%E3%83%AC%E3%82%A4%E4%B8%AD" n2="%E5%B0%8F%E6%B2%B3%E5%9D%82%E6%AD%8C%E6%BE%84" n3="%E3%82%B0%E3%83%AB%E3%83%BC%E3%83%87%E3%82%A3%E3%82%A2" dan="12,6,12,11" rate="1855.83,1533.83,1797.45,1883.91" sx="M,F,F,M"/><TAIKYOKU oya="0"/><INIT seed="0,0,0,4,0,113" ten="250,250,250,250" oya="0" hai0="42,122,99,23,100,132,7,28,52,48,104,38,46" hai1="85,69,115,53,50,65,11,27,3,80,92,17,39" hai2="116,72,124,123,20,129,86,87,4,22,84,73,49" hai3="114,34,83,51,60,105,77,68,58,29,45,90,18"/><T119/><D122/><U106/><E39/><V134/><F123/><W31/><G105/><T0/><D132/><U54/><E106/><V79/><F134/><W75/><G114/><T32/><D32/><U1/><E115/><V93/><F4/><W130/><G130/><T103/><D103/><U64/><E69/><V121/><F121/><W81/><G68/><T12/><D0/><U71/><E71/><V135/><F135/><W98/><G34/><T47/><D28/><U21/><E3/><V118/><F129/><W125/><G125/><T76/><D76/><U70/><E70/><V24/><F124/><W67/><G18/><T78/><D78/><U35/><E35/><V126/><F126/><W63/><G63/><T30/><D30/><U108/><E108/><V14/><F14/><W40/><REACH who="3" step="1"/><G83/><REACH who="3" ten="250,250,250,240" step="2"/><T61/><D61/><U91/><E80/><N who="2" m="45159" /><F73/><W8/><G8/><T36/><D36/><U82/><E82/><V96/><F24/><W95/><AGARI ba="0,1" hai="29,31,40,45,51,58,60,67,75,77,81,90,95,98" machi="95" ten="30,2000,0" yaku="1,1,0,1,53,0" doraHai="113" doraHaiUra="9" who="3" fromWho="3" sc="250,-10,250,-5,250,-5,240,30" /><INIT seed="1,0,0,0,3,131" ten="240,245,245,270" oya="1" hai0="49,98,105,35,132,43,29,24,65,72,17,70,56" hai1="112,18,125,117,55,46,32,14,85,31,126,80,78" hai2="96,54,62,110,52,111,20,38,135,10,50,84,40" hai3="8,76,64,115,91,11,66,99,113,129,5,16,9"/><U104/><E104/><V121/><F121/><W6/><G129/><T33/><D72/><U0/><E0/><V124/><F124/><N who="1" m="47721" /><E112/><V108/><F10/><W7/><G76/><T71/><D35/><U118/><E31/><V60/><F96/><W45/><G99/><T68/><D17/><U90/><E32/><V44/><F20/><W58/><G45/><N who="0" m="25791" /><D56/><U103/><E103/><V59/><F84/><W27/><G91/><T39/><D39/><U12/><E78/><V88/><F88/><W101/><G101/><N who="0" m="62647" /><D132/><U61/><E14/><V89/><F89/><W94/><G58/><T2/><D2/><U30/><E30/><V87/><F87/><W100/><G100/><T48/><D48/><N who="1" m="29079" /><E61/><AGARI ba="0,0" hai="24,29,33,61,65,68,70,71" m="62647,25791" machi="61" ten="30,1000,0" yaku="25,1" doraHai="131" who="0" fromWho="1" sc="240,10,245,-10,245,0,270,0" /><INIT seed="2,0,0,2,5,121" ten="250,235,245,270" oya="2" hai0="58,39,48,62,43,77,36,71,131,90,26,81,108" hai1="69,14,107,2,60,22,6,37,33,94,104,28,129" hai2="73,120,55,66,84,117,38,11,106,72,31,32,41" hai3="15,103,67,93,52,82,18,80,87,112,59,86,133"/><V44/><F120/><W12/><G112/><T124/><D90/><U61/><E37/><N who="0" m="14409" /><D26/><U122/><E122/><V51/><F117/><W68/><G68/><T100/><D100/><U115/><E115/><V34/><F106/><W24/><G133/><T105/><D105/><U49/><E129/><V75/><F66/><W20/><G67/><N who="0" m="41463" /><D81/><U78/><E78/><V7/><F31/><W10/><G103/><T130/><D77/><U63/><E49/><V56/><REACH who="2" step="1"/><F84/><REACH who="2" ten="250,235,235,270" step="2"/><W23/><G87/><T113/><D113/><U29/><E107/><V3/><AGARI ba="0,1" hai="3,7,11,32,34,38,41,44,51,55,56,72,73,75" machi="3" ten="30,11700,0" yaku="1,1,2,1,0,1,53,1" doraHai="121" doraHaiUra="45" who="2" fromWho="2" sc="250,-39,235,-39,235,127,270,-39" /><INIT seed="2,1,0,4,1,49" ten="211,196,362,231" oya="2" hai0="108,92,3,73,59,114,135,40,76,25,80,4,124" hai1="21,82,104,13,89,112,132,56,55,23,11,116,70" hai2="111,87,109,131,31,121,101,96,105,120,65,53,107" hai3="106,37,103,16,60,102,35,66,113,127,43,88,2"/><V12/><F65/><W126/><G2/><T119/><D114/><U24/><E104/><N who="2" m="63527" /><F53/><W90/><G35/><T7/><D119/><U74/><E70/><V118/><F31/><W75/><G113/><T81/><D124/><U54/><E112/><V68/><F12/><W50/><G37/><T122/><D135/><U5/><E116/><V99/><F68/><W8/><G75/><T33/><D122/><N who="2" m="47210" /><F118/><W94/><G43/><T30/><D80/><U18/><E132/><V125/><F87/><W115/><G115/><T28/><D28/><U26/><E74/><V100/><F125/><W46/><G50/><T45/><D59/><U39/><E39/><V57/><F57/><W14/><G106/><T129/><D129/><U61/><E23/><V84/><F84/><W98/><G98/><T19/><D19/><U44/><E44/><V69/><F69/><W41/><G46/><T117/><D117/><U134/><E134/><V51/><F51/><W72/><G41/><T38/><D92/><U0/><E0/><V58/><F58/><W36/><G36/><T1/><D7/><U52/><E26/><V83/><F83/><W42/><G42/><T123/><D123/><U95/><E82/><V130/><F107/><W93/><G72/><T47/><D47/><U62/><E61/><V110/><AGARI ba="1,0" hai="99,100,105,109,110,111,130,131" m="47210,63527" machi="110" ten="40,12000,1" yaku="14,1,10,1,23,1,34,2" doraHai="49" who="2" fromWho="2" sc="211,-41,196,-41,362,123,231,-41" /><INIT seed="2,2,0,4,1,26" ten="170,155,485,190" oya="2" hai0="61,28,25,3,73,129,35,50,40,69,67,116,6" hai1="8,77,104,110,90,0,54,46,58,125,83,55,45" hai2="88,91,32,98,128,15,47,111,44,10,127,49,131" hai3="2,95,52,135,59,5,80,103,81,96,20,92,12"/><V21/><F32/><W118/><G118/><T97/><D116/><U34/><E104/><V51/><F127/><W16/><G135/><T120/><D129/><N who="2" m="49738" /><F21/><W122/><G122/><T133/><D120/><U29/><E125/><V27/><F27/><W117/><G117/><T76/><D133/><U7/><E110/><V14/><F111/><W79/><G79/><T78/><D73/><U105/><E105/><V71/><F71/><W39/><G39/><T119/><D119/><U38/><E38/><V115/><F98/><W68/><G68/><T106/><D6/><U99/><E55/><V23/><F23/><W65/><G65/><T41/><D3/><U62/><E90/><N who="2" m="34347" /><F115/><W18/><G2/><T84/><D84/><U53/><E53/><V17/><F15/><N who="3" m="9247" /><G92/><T82/><D82/><U121/><E99/><V56/><F56/><W112/><G112/><T100/><D41/><U31/><E121/><V108/><F108/><W9/><G5/><T75/><D75/><U134/><E134/><V30/><F30/><W22/><G9/><T107/><D107/><U36/><E36/><V63/><F63/><AGARI ba="2,0" hai="12,18,22,52,59,63,80,81,95,96,103" m="9247" machi="63" ten="30,3900,0" yaku="8,1,54,2" doraHai="26" who="3" fromWho="2" sc="170,0,155,0,485,-45,190,45" /><INIT seed="3,0,0,3,3,107" ten="170,155,440,235" oya="3" hai0="79,41,4,122,48,63,39,65,55,101,103,47,109" hai1="86,112,26,42,62,37,2,13,23,117,102,132,88" hai2="82,36,57,75,9,76,22,14,35,25,49,43,114" hai3="68,124,18,127,10,135,93,90,106,80,8,0,133"/><W73/><G68/><N who="0" m="42047" /><D122/><U20/><E2/><V61/><F114/><W29/><G29/><T69/><D109/><U5/><E112/><V53/><F35/><W104/><G0/><T87/><D4/><U134/><E117/><V38/><F61/><W71/><G71/><T16/><D16/><N who="1" m="10255" /><E5/><V125/><F43/><W46/><G46/><T3/><D3/><U110/><E102/><V74/><F74/><W51/><G51/><T24/><D24/><U50/><E37/><V66/><F66/><W52/><G18/><T45/><D87/><U121/><E121/><V7/><F125/><N who="3" m="48203" /><G10/><T70/><D79/><U84/><E62/><V89/><F89/><W77/><G52/><N who="0" m="29711" /><D101/><U33/><E33/><V130/><F9/><W58/><G8/><T94/><D94/><N who="1" m="54535" /><E110/><V113/><F7/><W40/><G58/><T108/><D103/><U105/><E105/><N who="3" m="40554" /><G40/><T131/><D108/><U19/><E86/><AGARI ba="0,0" hai="73,77,80,86,90,93,133,135" m="40554,48203" machi="86" ten="30,11600,0" yaku="18,1,34,2,52,1" doraHai="107" who="3" fromWho="1" sc="170,0,155,-116,440,0,235,116" /><INIT seed="3,1,0,0,3,54" ten="170,39,440,351" oya="3" hai0="38,63,17,72,74,123,42,67,52,124,94,9,7" hai1="4,133,104,103,36,29,86,69,6,84,50,95,128" hai2="99,87,3,89,130,121,13,19,47,105,115,26,39" hai3="75,20,48,21,79,14,5,97,70,90,108,92,41"/><W131/><G70/><T1/><BYE who="1" /><D123/><U2/><E2/><V111/><F121/><W11/><G131/><T27/><D124/><U81/><E81/><V132/><F3/><W76/><G108/><T53/><D38/><U113/><E113/><V85/><F115/><W107/><G107/><T22/><D42/><U62/><E62/><V68/><F111/><W134/><G134/><T30/><D94/><U117/><E117/><V101/><F132/><W0/><G75/><T10/><D10/><U12/><E12/><V110/><F130/><W35/><G35/><T88/><D88/><U60/><E60/><V119/><F119/><W98/><G97/><T23/><D74/><U135/><E135/><V25/><F68/><W77/><G0/><T28/><D72/><U83/><E83/><V58/><F110/><W24/><G24/><T129/><D129/><U96/><E96/><V56/><F26/><W91/><G91/><T33/><D23/><U61/><E61/><V32/><F25/><W102/><G102/><T8/><D8/><U34/><E34/><V59/><F32/><W100/><G100/><T65/><D65/><U43/><E43/><V93/><F85/><W15/><G15/><N who="0" m="9535" /><D30/><U82/><E82/><V18/><F13/><W71/><G71/><AGARI ba="1,0" hai="1,7,9,27,28,33,52,53,63,67,71" m="9535" machi="71" ten="30,2000,0" yaku="24,1,54,1" doraHai="54" who="0" fromWho="3" sc="170,23,39,0,440,0,351,-23" owari="193,-21.0,39,-46.0,440,54.0,328,13.0" /></mjloggm>