<mjloggm ver="2.3"><GO type="97" lobby="0"/><UN n0="%E5%B0%B1%E6%B4%BB%E7%94%9F%40%E5%B7%9D%E6%9D%91%E8%BB%8D%E5%9B%A3" n1="%E3%81%A4%E3%81%AD%E3%81%8A" n2="%E3%81%8A%E3%81%8B%E3%82%81%E7%B4%8D%E8%B1%86" n3="%E4%B9%9D%E5%B7%9E%E3%81%AE%E6%98%9F" dan="14,13,15,15" rate="1943.60,1977.16,1955.87,2020.88" sx="M,M,M,M"/><TAIKYOKU oya="0"/><INIT seed="0,0,0,2,5,83" ten="250,250,250,250" oya="0" hai0="42,121,15,37,62,106,85,55,72,25,132,98,21" hai1="94,58,43,115,78,18,88,30,76,102,116,11,51" hai2="110,117,4,114,7,75,73,17,104,27,47,119,35" hai3="77,81,39,28,19,48,66,57,16,10,54,64,56"/><T12/><D72/><U101/><E116/><N who="2" m="44619" /><F104/><W6/><G39/><T40/><D121/><U41/><E30/><N who="2" m="19935" /><F114/><W3/><G28/><T127/><D132/><U126/><E126/><V38/><F17/><W105/><G105/><T111/><D127/><U113/><E11/><V122/><F122/><W45/><G56/><N who="0" m="35103" /><D37/><U131/><E131/><V2/><F7/><W118/><G118/><T79/><D106/><U74/><E18/><V86/><F110/><W128/><G128/><T34/><D98/><N who="1" m="57671" /><E74/><V63/><F63/><W91/><G64/><T1/><D34/><U120/><E120/><V22/><F22/><W24/><G24/><T52/><D1/><U44/><E43/><N who="0" m="16425" /><D111/><U9/><E9/><N who="2" m="2199" /><F38/><W130/><G130/><T134/><D134/><U96/><E58/><V108/><F47/><W60/><REACH who="3" step="1"/><G91/><REACH who="3" ten="250,250,250,240" step="2"/><T67/><D67/><U90/><E90/><V53/><F108/><W82/><G82/><N who="0" m="47327" /><D52/><N who="1" m="29799" /><E115/><V93/><F53/><W125/><G125/><T99/><D99/><U59/><E113/><V8/><F75/><AGARI ba="0,1" hai="3,6,10,16,19,45,48,54,57,60,66,75,77,81" machi="75" ten="30,7700,0" yaku="1,1,7,1,54,1,53,1" doraHai="83" doraHaiUra="32" who="3" fromWho="2" sc="250,0,250,0,250,-77,240,87" /><INIT seed="1,0,0,4,3,19" ten="250,250,173,327" oya="1" hai0="63,26,119,104,103,135,126,111,65,40,64,124,54" hai1="60,122,59,107,10,113,125,132,110,129,76,16,130" hai2="91,120,80,92,112,116,79,82,97,127,96,46,5" hai3="8,32,17,13,70,14,30,12,18,66,109,28,86"/><U52/><E122/><V39/><F120/><W106/><G106/><T41/><D104/><U85/><E113/><V2/><F116/><W29/><G66/><N who="0" m="25707" /><D103/><U42/><E132/><V36/><F112/><W95/><G70/><T114/><D26/><U45/><E107/><V0/><F127/><N who="0" m="48682" /><D114/><U105/><E105/><V21/><F96/><W35/><G86/><T61/><D119/><U25/><E110/><V77/><F82/><W83/><G95/><T90/><D90/><U115/><E115/><V23/><F79/><W87/><G87/><T51/><D135/><U1/><E125/><V123/><F123/><W101/><G83/><T68/><D111/><U31/><E85/><V57/><F57/><W9/><G101/><T99/><D99/><U22/><E76/><V33/><F33/><N who="3" m="12875" /><G109/><T78/><D78/><U44/><E42/><N who="0" m="16489" /><D68/><U133/><E133/><V89/><F89/><W62/><G62/><T37/><D37/><U108/><E108/><V100/><F100/><W121/><G121/><T20/><D20/><U75/><E75/><V56/><F39/><W74/><G74/><T55/><D51/><U118/><E118/><V43/><F56/><W38/><G38/><T102/><D102/><U117/><E117/><V6/><F2/><W128/><G128/><N who="1" m="49258" /><E1/><V94/><F94/><W81/><G81/><T27/><D27/><N who="1" m="14791" /><E10/><AGARI ba="0,0" hai="8,9,10,12,13,14,17,18,28,29,30" m="12875" machi="10" ten="40,12000,2" yaku="28,2,35,5" doraHai="19" who="3" fromWho="1" sc="250,0,250,-120,173,0,327,120" /><INIT seed="2,0,0,0,2,105" ten="250,130,173,447" oya="2" hai0="50,57,132,95,2,83,121,51,41,100,118,128,103" hai1="34,119,70,71,76,117,107,126,94,18,52,39,73" hai2="111,110,125,88,78,61,54,62,3,108,25,35,59" hai3="26,36,22,133,5,48,4,55,90,127,102,114,65"/><V72/><F3/><W63/><G36/><T104/><D121/><U31/><E18/><V66/><F125/><W92/><G114/><T64/><D104/><U30/><E126/><V130/><F130/><W44/><G102/><T135/><D2/><U134/><E107/><V15/><F15/><W116/><G133/><N who="0" m="51275" /><D118/><N who="1" m="45067" /><E94/><V115/><F115/><W53/><G53/><N who="0" m="31927" /><D128/><U33/><E31/><N who="2" m="19951" /><F88/><W101/><G101/><T47/><D64/><U75/><E52/><V99/><F99/><N who="3" m="57751" /><G116/><T16/><D95/><U49/><E49/><N who="2" m="31183" /><F66/><W124/><G127/><T113/><D113/><U10/><E10/><V42/><F42/><W0/><G124/><T45/><D45/><U93/><E93/><V9/><F9/><W38/><G0/><T32/><D32/><N who="1" m="12395" /><E30/><V112/><F112/><W129/><G129/><T81/><D16/><U56/><E56/><V85/><F85/><W24/><G65/><T68/><D68/><N who="1" m="26155" /><E134/><V6/><F6/><W23/><G4/><T21/><D21/><U106/><E106/><V60/><F78/><W17/><G5/><T27/><D27/><U86/><E39/><V7/><F7/><W13/><G38/><T79/><D83/><N who="1" m="45455" /><E86/><AGARI ba="0,0" hai="41,47,51,79,81,86,100,103" m="31927,51275" machi="86" ten="30,1000,0" yaku="20,1" doraHai="105" who="0" fromWho="1" sc="250,10,130,-10,173,0,447,0" /><INIT seed="3,0,0,2,0,11" ten="260,120,173,447" oya="3" hai0="92,46,75,71,62,93,29,6,120,26,91,101,81" hai1="36,53,112,104,33,68,22,107,5,77,135,103,67" hai2="105,31,59,56,30,90,87,2,23,18,51,73,108" hai3="109,14,37,78,100,80,118,117,21,40,95,38,64"/><W82/><G109/><T131/><D120/><U132/><E33/><V129/><F2/><W34/><G34/><T24/><D131/><U7/><E112/><V84/><F73/><W25/><G40/><T114/><D114/><U42/><E77/><V121/><F105/><W74/><G80/><T106/><D106/><U111/><E111/><V4/><F4/><W85/><G14/><T9/><D101/><U115/><E115/><V133/><F108/><W113/><G64/><T1/><D26/><U98/><E104/><V50/><F129/><W35/><G35/><T57/><D71/><U28/><E53/><V124/><F121/><W72/><G72/><T128/><D128/><U94/><E94/><V116/><F116/><W27/><G27/><T39/><D91/><U66/><E66/><V130/><F130/><W41/><G113/><T44/><D44/><U61/><E42/><V32/><F32/><W15/><G41/><N who="0" m="22847" /><D24/><U99/><E36/><V79/><F124/><W45/><G45/><T12/><D29/><N who="2" m="10762" /><F133/><W88/><G100/><T123/><D123/><U16/><E98/><V10/><F10/><W55/><G25/><T65/><D12/><U8/><E28/><V96/><F96/><W49/><G15/><T54/><D65/><U63/><E63/><V119/><F79/><AGARI ba="0,0" hai="1,6,9,54,57,62,75,79,81,92,93" m="22847" machi="79" ten="30,1000,0" yaku="25,1" doraHai="11" who="0" fromWho="2" sc="260,10,120,0,173,-10,447,0" owari="270,7.0,120,-38.0,163,-24.0,447,55.0" /></mjloggm>