<mjloggm ver="2.3"><GO type="97" lobby="0"/><UN n0="%E7%A8%9C%E7%B7%9A%E8%A1%8C" n1="%E3%82%B9%E3%83%AD%E3%83%BC%E3%83%8F%E3%83%B3%E3%83%89" n2="%6B%69%79%6F%6E%61%72%69" n3="%E3%82%A6%E3%83%AB%E3%83%88%E3%83%A9%E7%AB%8B%E7%9B%B4" dan="15,13,14,15" rate="1964.05,1911.98,1953.57,2069.88" sx="M,M,M,M"/><TAIKYOKU oya="0"/><INIT seed="0,0,0,4,2,7" ten="250,250,250,250" oya="0" hai0="60,89,51,34,87,63,101,43,132,128,5,19,85" hai1="58,73,33,91,116,53,38,69,56,2,112,124,59" hai2="3,118,8,42,86,66,52,39,64,98,41,47,120" hai3="49,57,22,97,110,103,9,94,108,44,106,15,74"/><T29/><D132/><U115/><E73/><V27/><F120/><W82/><G57/><N who="1" m="22122" /><E2/><V100/><F118/><W54/><G22/><T77/><D128/><U10/><E33/><V12/><F3/><W88/><G74/><T68/><D34/><U83/><E116/><V119/><F119/><W111/><G82/><N who="0" m="47311" /><D101/><U105/><E105/><V18/><F86/><W45/><G45/><N who="0" m="26047" /><D68/><U67/><E38/><V46/><F27/><W129/><G129/><T17/><D29/><U35/><E35/><V134/><F134/><W113/><G113/><N who="1" m="43594" /><E124/><V13/><F39/><W20/><G20/><T30/><D30/><U78/><E91/><V6/><F66/><W24/><G24/><T133/><D133/><U21/><E21/><N who="2" m="11463" /><F64/><W61/><G61/><N who="0" m="23627" /><D5/><U123/><E123/><V70/><F70/><W71/><G71/><T107/><D107/><U125/><E125/><V127/><F127/><W90/><G106/><T16/><D17/><AGARI ba="0,0" hai="9,15,17,44,49,54,88,90,94,97,103,108,110,111" machi="17" ten="40,5200,0" yaku="14,1,52,1,54,1" doraHai="7" who="3" fromWho="0" sc="250,-52,250,0,250,0,250,52" /><INIT seed="1,0,0,5,4,24" ten="198,250,250,302" oya="1" hai0="20,11,97,9,0,17,106,75,105,130,6,92,59" hai1="127,29,122,25,40,69,94,98,87,4,135,100,56" hai2="133,70,62,21,30,42,128,86,114,99,55,8,63" hai3="68,19,5,88,36,1,31,117,54,82,73,66,47"/><U102/><E122/><V38/><F128/><W35/><G19/><T41/><D75/><U131/><E69/><V39/><F133/><W76/><G54/><T134/><D134/><U34/><E135/><V67/><F114/><W60/><G88/><T93/><D130/><U49/><E131/><V3/><F42/><N who="3" m="22983" /><G117/><T123/><D123/><U83/><E127/><V71/><F99/><W129/><G129/><T116/><D116/><U120/><E120/><V37/><F86/><W95/><G95/><T65/><D41/><U48/><E4/><V107/><F107/><W52/><G52/><T22/><D11/><U115/><E115/><V33/><F33/><W26/><G5/><T53/><D65/><U43/><E102/><V108/><F108/><W74/><G74/><T121/><D121/><U112/><E112/><V2/><F8/><W46/><G46/><T80/><D80/><U16/><E16/><V91/><F91/><W84/><G84/><T81/><D81/><U14/><E14/><V132/><F132/><W119/><G119/><T18/><D18/><U104/><E104/><V15/><F15/><W23/><G23/><T77/><D77/><U124/><E124/><V90/><F90/><W58/><G58/><T12/><D22/><N who="1" m="15543" /><E56/><N who="2" m="35103" /><F71/><W64/><G64/><T111/><D111/><U57/><E34/><V61/><F61/><W126/><G126/><T28/><D28/><U110/><E110/><V89/><F89/><W78/><G78/><T10/><D20/><U32/><E32/><V45/><F45/><W27/><G27/><T85/><D106/><U51/><E57/><RYUUKYOKU ba="0,0" sc="198,-30,250,10,250,10,302,10" hai1="40,43,48,49,51,83,87,94,98,100" hai2="2,3,21,30,37,38,39,63,67,70" hai3="1,26,31,35,60,66,68,73,76,82" /><INIT seed="1,1,0,3,3,46" ten="168,260,260,312" oya="1" hai0="50,36,1,52,98,127,106,65,135,11,82,42,99" hai1="94,85,103,87,117,128,57,59,71,14,121,90,91" hai2="43,30,96,107,8,132,10,3,53,63,47,6,62" hai3="16,74,81,18,101,29,17,24,133,21,25,44,32"/><U22/><E121/><V88/><F132/><W112/><G112/><T0/><D135/><U40/><E71/><V67/><F30/><N who="3" m="19527" /><G101/><T80/><D127/><U69/><E117/><V20/><F20/><N who="3" m="15527" /><G81/><T49/><D36/><U72/><E69/><V39/><F53/><W125/><G44/><N who="0" m="25751" /><D0/><U31/><E72/><V134/><F134/><W79/><G79/><T95/><D106/><U108/><E128/><V109/><F109/><W86/><G86/><N who="1" m="32778" /><E108/><V34/><F34/><W123/><G74/><T9/><D1/><U26/><E40/><V102/><F67/><W23/><G133/><T78/><D65/><U111/><E111/><V55/><F55/><W41/><G41/><T54/><D54/><U113/><E113/><V84/><REACH who="2" step="1"/><F10/><REACH who="2" ten="168,260,250,312" step="2"/><N who="0" m="3594" /><D78/><U2/><E2/><V66/><F66/><W105/><G123/><T92/><D99/><N who="1" m="59895" /><E14/><V122/><F122/><W56/><G125/><T4/><D4/><U51/><E51/><V126/><F126/><W58/><G58/><AGARI ba="1,1" hai="22,26,31,57,58,59,90,91" m="59895,32778" machi="58" ten="30,1500,0" yaku="8,1" doraHai="46" who="1" fromWho="3" sc="168,0,260,28,250,0,312,-18" /><INIT seed="1,2,0,1,3,97" ten="168,288,250,294" oya="1" hai0="15,42,98,47,55,86,19,77,115,10,50,56,106" hai1="25,24,81,52,82,78,135,117,6,69,132,43,33" hai2="32,80,73,20,51,122,104,133,7,21,103,114,129" hai3="76,3,18,70,66,46,120,75,83,125,92,59,85"/><U127/><E117/><V88/><F122/><W2/><G120/><T11/><D115/><U130/><E69/><V99/><F114/><W45/><G70/><T110/><D110/><U65/><E65/><V14/><F32/><W28/><G125/><T108/><D108/><U95/><E43/><V111/><F111/><W100/><G28/><T67/><D11/><U112/><E112/><V40/><F129/><W64/><G3/><T9/><D9/><U124/><E6/><V63/><F133/><N who="1" m="51273" /><E95/><V30/><F30/><W12/><G2/><T49/><D67/><N who="3" m="25641" /><G59/><T0/><D0/><U61/><E33/><V72/><F63/><W113/><G75/><T109/><D109/><U93/><E93/><V38/><F38/><W89/><G113/><T5/><D106/><U90/><E90/><V118/><F118/><W134/><G134/><T74/><D98/><U116/><E116/><V22/><F7/><W17/><G76/><T36/><D74/><N who="1" m="43223" /><E82/><V68/><F68/><W44/><G12/><T16/><D36/><U91/><E91/><V31/><F14/><W107/><G107/><T60/><D60/><U48/><E61/><V41/><F31/><W8/><G8/><T26/><D26/><N who="1" m="10347" /><E130/><V87/><REACH who="2" step="1"/><F40/><REACH who="2" ten="168,288,240,294" step="2"/><W123/><G123/><T58/><D58/><AGARI ba="2,1" hai="48,52,58,124,127" m="10347,43223,51273" machi="58" ten="30,2900,0" yaku="20,1,54,1" doraHai="97" who="1" fromWho="0" sc="168,-35,288,45,240,0,294,0" /><INIT seed="1,3,0,2,4,124" ten="133,333,240,294" oya="1" hai0="12,44,50,69,52,16,72,99,77,92,19,129,82" hai1="109,119,113,127,5,125,112,86,128,65,45,105,26" hai2="133,114,38,102,58,70,88,14,80,8,126,42,93" hai3="47,122,53,73,66,68,76,89,40,55,2,1,4"/><U0/><E65/><V106/><F70/><W46/><G122/><T10/><D69/><U15/><E45/><V117/><F117/><W120/><G120/><T94/><D129/><U41/><E41/><V36/><F126/><N who="1" m="48137" /><E119/><V74/><F133/><W28/><G28/><T49/><D99/><U96/><E86/><N who="2" m="52375" /><F58/><W79/><G66/><T98/><D98/><U34/><E15/><V32/><F42/><W81/><G68/><T63/><D63/><U30/><E109/><V67/><F67/><W84/><G79/><T104/><D104/><U62/><E62/><V134/><F32/><W35/><G35/><T130/><D130/><U9/><E128/><V90/><F90/><W21/><G21/><T116/><D116/><U111/><E111/><V61/><F61/><W24/><G24/><T33/><D33/><U23/><E23/><V22/><F22/><W110/><G47/><T123/><D123/><U107/><E96/><N who="2" m="61767" /><F134/><W85/><G110/><T11/><REACH who="0" step="1"/><D50/><REACH who="0" ten="123,333,240,294" step="2"/><U132/><E132/><V3/><F114/><AGARI ba="3,1" hai="0,5,9,26,30,34,105,107,112,113,114" m="48137" machi="114" ten="30,2900,0" yaku="18,1,23,1" doraHai="124" who="1" fromWho="2" sc="123,0,333,48,240,-38,294,0" /><INIT seed="1,4,0,0,5,47" ten="123,381,202,294" oya="1" hai0="53,104,127,41,8,94,111,106,4,74,13,89,65" hai1="126,1,100,19,79,18,96,33,26,7,69,81,34" hai2="85,55,131,54,45,3,95,0,112,12,11,37,16" hai3="70,109,25,75,115,71,58,72,120,32,78,114,60"/><U82/><E126/><V59/><F131/><W52/><G75/><T92/><D127/><U62/><E19/><V90/><F112/><N who="3" m="43051" /><G25/><T63/><D74/><U31/><E81/><V51/><REACH who="2" step="1"/><F37/><REACH who="2" ten="123,381,192,294" step="2"/><W27/><G27/><T64/><D111/><U97/><E34/><V22/><F22/><W39/><G32/><T101/><D104/><N who="1" m="63495" /><E18/><V124/><F124/><W68/><G72/><T132/><D106/><U46/><E46/><V35/><F35/><W42/><G78/><T67/><D132/><U105/><E105/><V129/><F129/><W125/><G125/><T135/><D135/><U66/><E97/><V99/><F99/><W83/><G83/><T133/><D133/><U76/><E82/><V77/><F77/><W6/><G6/><T15/><D101/><U88/><E88/><V14/><F14/><W128/><G128/><T80/><D15/><U36/><E36/><V38/><F38/><W56/><G109/><T17/><D4/><U44/><E44/><V134/><F134/><W29/><G29/><T93/><D41/><U113/><E113/><V118/><F118/><W130/><G130/><T87/><REACH who="0" step="1"/><D53/><REACH who="0" ten="113,381,192,294" step="2"/><U123/><E123/><V116/><F116/><W40/><G120/><T103/><D103/><U107/><E107/><V10/><F10/><AGARI ba="4,2" hai="1,7,10,26,31,33,62,66,69,76,79" m="63495" machi="10" ten="30,1500,0" yaku="25,1" doraHai="47" who="1" fromWho="2" sc="113,0,381,47,192,-27,294,0" /><INIT seed="1,5,0,5,3,60" ten="113,428,165,294" oya="1" hai0="95,20,63,126,114,29,36,101,107,40,22,33,30" hai1="135,110,129,78,38,54,2,7,87,96,116,80,128" hai2="57,108,3,42,6,94,26,4,118,41,132,8,71" hai3="52,46,32,109,131,70,76,117,83,102,19,65,12"/><U66/><E116/><V77/><F118/><W0/><G117/><T115/><D126/><U103/><E38/><V1/><F71/><W56/><G32/><T67/><D40/><U50/><E135/><V55/><F132/><W59/><G0/><T106/><D36/><U113/><E113/><V73/><F108/><W90/><G109/><T84/><D106/><U93/><E110/><V127/><F127/><W11/><G131/><N who="1" m="50250" /><E2/><V34/><F94/><W104/><G102/><T48/><D48/><U53/><E7/><V88/><F88/><W111/><G104/><T105/><D105/><U18/><E18/><V99/><F99/><W86/><G111/><T81/><D22/><U58/><E54/><V98/><F6/><W112/><G112/><T44/><D44/><U97/><E97/><V75/><F98/><W14/><G14/><T43/><D43/><U16/><E16/><V51/><F3/><W23/><G23/><T91/><D107/><U124/><E124/><V62/><F41/><W45/><G76/><T89/><D101/><U130/><N who="1" m="50258" /><U35/><DORA hai="25" /><E35/><V85/><F42/><W5/><G5/><T82/><D33/><U134/><E134/><V120/><F120/><W100/><G100/><T13/><D114/><U122/><E122/><V10/><F34/><W69/><G46/><T72/><D72/><U9/><E9/><V64/><F10/><W125/><G45/><T21/><D115/><U28/><E28/><N who="0" m="10857" /><D13/><U31/><E31/><V61/><F1/><W74/><G74/><T121/><D121/><U68/><E68/><N who="2" m="41999" /><F73/><W24/><G125/><RYUUKYOKU ba="5,0" sc="113,-10,428,30,165,-10,294,-10" hai1="50,53,58,66,78,80,87,93,96,103" /><INIT seed="1,6,0,5,5,51" ten="103,458,155,284" oya="1" hai0="42,7,65,34,78,131,129,83,132,93,4,16,90" hai1="25,8,67,27,68,24,13,6,23,18,12,109,92" hai2="89,115,96,82,2,72,35,28,15,98,48,105,44" hai3="102,41,119,36,0,80,40,47,85,107,88,59,46"/><U60/><REACH who="1" step="1"/><E92/><REACH who="1" ten="103,448,155,284" step="2"/><V121/><F105/><W86/><G107/><T70/><D132/><U99/><E99/><V49/><F98/><W26/><G119/><T57/><D70/><U125/><E125/><V71/><F96/><W50/><G102/><T66/><D34/><U55/><E55/><V108/><F71/><W62/><G0/><T1/><D1/><U5/><E5/><V120/><F2/><W3/><G3/><T111/><D111/><AGARI ba="6,1" hai="6,8,12,13,18,23,24,25,27,60,67,68,109,111" machi="111" ten="40,3900,0" yaku="21,2,53,0" doraHai="51" doraHaiUra="75" who="1" fromWho="0" sc="103,-57,448,67,155,0,284,0" /><INIT seed="1,7,0,2,1,129" ten="46,515,155,284" oya="1" hai0="111,118,126,38,93,69,23,95,105,22,42,62,4" hai1="9,72,60,75,96,86,58,114,112,132,47,31,125" hai2="107,54,37,71,67,74,20,135,35,25,63,73,109" hai3="108,79,128,34,92,49,94,130,26,57,19,17,44"/><U78/><E125/><V14/><F109/><W120/><G57/><T28/><D118/><U0/><E132/><V36/><F54/><W87/><G120/><T106/><D126/><U123/><E123/><V121/><F121/><W127/><G127/><T80/><D111/><U39/><E96/><V68/><F68/><W43/><G108/><T3/><D80/><N who="1" m="45127" /><E31/><N who="2" m="19951" /><F14/><W13/><G34/><T97/><D28/><U90/><E75/><N who="2" m="28683" /><F20/><N who="0" m="7722" /><D42/><N who="1" m="23007" /><E58/><V51/><F51/><W88/><G79/><T46/><D46/><U124/><E60/><V76/><F76/><W59/><G26/><T18/><D18/><U45/><E45/><V70/><F70/><W10/><G19/><T91/><D38/><N who="2" m="14954" /><F107/><N who="0" m="40970" /><D69/><U100/><E100/><V133/><AGARI ba="7,0" hai="63,67,71,133,135" m="14954,28683,19951" machi="133" ten="40,5200,0" yaku="23,1,52,2" doraHai="129" who="2" fromWho="2" sc="46,-20,515,-33,155,73,284,-20" /><INIT seed="2,0,0,4,3,98" ten="26,482,228,264" oya="2" hai0="128,65,123,4,27,126,103,112,115,5,108,6,68" hai1="94,56,24,93,104,35,120,106,22,76,42,1,69" hai2="31,79,14,57,33,37,66,39,127,88,134,122,34" hai3="41,49,43,81,86,113,92,17,124,133,117,59,87"/><V99/><F122/><W25/><G117/><T47/><D108/><U67/><E1/><V60/><F79/><W78/><G124/><T52/><D123/><U61/><E76/><V110/><F127/><W100/><G133/><T71/><D126/><U121/><E120/><V50/><F134/><W131/><G131/><T118/><D118/><U119/><E121/><V77/><F77/><W109/><G109/><T12/><D128/><U105/><E119/><V75/><F75/><W13/><G25/><T32/><D12/><U7/><E7/><V3/><F3/><W38/><G38/><T73/><D73/><U54/><E42/><V84/><F110/><W74/><G74/><T129/><D129/><U85/><E35/><V46/><F99/><N who="3" m="59495" /><G113/><T89/><D89/><U55/><E69/><V8/><F31/><W96/><G96/><T80/><D80/><U111/><E111/><V107/><F107/><W21/><G86/><T101/><D65/><U48/><E85/><V18/><F34/><W63/><G49/><T70/><D27/><U72/><E72/><V58/><F58/><W15/><G15/><T40/><D32/><U91/><E91/><V16/><F18/><W23/><G23/><T9/><D9/><U130/><E130/><V0/><F0/><W116/><G116/><T62/><D62/><U64/><E64/><AGARI ba="0,0" hai="13,17,21,41,43,59,63,64,78,81,87" m="59495" machi="64" ten="30,2000,0" yaku="8,1,52,1" doraHai="98" who="3" fromWho="1" sc="26,0,482,-20,228,0,264,20" /><INIT seed="3,0,0,4,3,39" ten="26,462,228,284" oya="3" hai0="129,53,99,112,101,10,69,30,20,14,130,4,0" hai1="7,98,80,97,50,113,23,27,83,128,57,36,2" hai2="56,31,106,84,48,59,118,135,19,5,60,103,132" hai3="64,54,15,131,76,12,8,24,107,28,126,38,90"/><W75/><G107/><T58/><D69/><U95/><E36/><V123/><F118/><W82/><G126/><T110/><D110/><U94/><E113/><V73/><F73/><W17/><G131/><N who="0" m="50187" /><D112/><U88/><E2/><V115/><F115/><W122/><G122/><T102/><D99/><U11/><E128/><V121/><F5/><W133/><G133/><T63/><D30/><N who="1" m="17791" /><E7/><V125/><F31/><W104/><G104/><T18/><AGARI ba="0,0" hai="0,4,10,14,18,20,53,58,63,101,102" m="50187" machi="18" ten="30,1100,0" yaku="19,1" doraHai="39" who="0" fromWho="0" sc="26,11,462,-3,228,-3,284,-5" owari="37,-46.0,459,55.0,225,-17.0,279,8.0" /></mjloggm>