<mjloggm ver="2.3"><GO type="97" lobby="0"/><UN n0="%52%75%79" n1="%E3%82%A6%E3%83%AB%E3%83%88%E3%83%A9%E7%AB%8B%E7%9B%B4" n2="%4D%32%E6%9C%80%E5%BC%B7%E8%AA%AC" n3="%4D%61%72%69%63%65" dan="14,14,13,14" rate="1893.84,1836.06,1893.52,1933.45" sx="M,M,M,M"/><TAIKYOKU oya="0"/><INIT seed="0,0,0,4,2,46" ten="250,250,250,250" oya="0" hai0="35,43,49,40,57,51,121,14,116,76,73,54,48" hai1="26,8,59,111,66,53,120,34,4,78,74,25,128" hai2="119,36,105,117,92,29,50,24,91,132,0,109,112" hai3="27,33,99,114,83,1,6,69,63,118,41,67,15"/><T19/><D35/><U108/><E120/><V79/><F36/><W61/><G114/><T52/><D73/><U20/><E128/><V72/><F105/><W101/><G118/><N who="2" m="45065" /><F0/><W70/><G1/><T107/><D107/><U17/><E66/><V7/><F7/><W93/><G41/><N who="0" m="15947" /><D121/><U64/><E64/><V89/><F112/><W10/><G63/><N who="0" m="36263" /><D116/><U75/><E26/><V97/><F132/><W56/><G33/><T9/><D76/><U87/><E34/><V23/><F72/><W71/><G83/><T106/><D106/><U5/><E75/><V45/><F79/><W39/><G39/><T131/><D131/><U130/><E74/><V103/><F109/><W47/><G47/><AGARI ba="0,0" hai="9,14,19,47,48,49,51,54" m="36263,15947" machi="47" ten="30,12000,1" yaku="8,1,52,3,54,1" doraHai="46" who="0" fromWho="3" sc="250,120,250,0,250,0,250,-120" /><INIT seed="0,1,0,5,0,123" ten="370,250,250,130" oya="0" hai0="66,2,113,28,52,120,112,81,33,15,121,128,127" hai1="10,67,9,20,115,114,50,131,49,53,62,97,3" hai2="13,51,38,29,84,118,76,54,0,63,55,64,108" hai3="25,119,80,86,30,96,31,73,102,61,130,27,111"/><T59/><D2/><U14/><E131/><V68/><F0/><W89/><G130/><T90/><D66/><U103/><E20/><V99/><F38/><W88/><G119/><T110/><D128/><U74/><E74/><V47/><F118/><W87/><G73/><T133/><D33/><U12/><E3/><V69/><F29/><W19/><G19/><T16/><D28/><U8/><E62/><V57/><F99/><W116/><G116/><T35/><D35/><U85/><E85/><V7/><F55/><W92/><G111/><T4/><D4/><U104/><E67/><V32/><F32/><W77/><G61/><T65/><D65/><U24/><E24/><V95/><F108/><W46/><G31/><T71/><D71/><U22/><E22/><V93/><F69/><W101/><G30/><T100/><D110/><U75/><E75/><V18/><F7/><W109/><G109/><T122/><D100/><U125/><E125/><V107/><F107/><W94/><G46/><T40/><D40/><U78/><E78/><V129/><F129/><W79/><G96/><T56/><D127/><U5/><E5/><V1/><F68/><W70/><G70/><T106/><D122/><U132/><E132/><V60/><F1/><W91/><G91/><T117/><D133/><U42/><E42/><V43/><F43/><W126/><G126/><T37/><D121/><U58/><REACH who="1" step="1"/><E50/><REACH who="1" ten="370,240,250,130" step="2"/><V48/><F48/><W6/><G6/><T124/><D120/><U44/><E44/><V17/><F60/><W135/><G135/><T45/><D124/><U34/><E34/><RYUUKYOKU ba="1,1" sc="370,-15,240,15,250,-15,130,15" hai1="8,9,10,12,14,49,53,58,97,103,104,114,115" hai3="25,27,77,79,80,86,87,88,89,92,94,101,102" /><INIT seed="1,2,1,3,4,83" ten="355,255,235,145" oya="1" hai0="120,76,130,7,92,80,126,49,104,33,74,133,107" hai1="90,18,42,106,98,29,122,86,62,56,94,16,127" hai2="25,52,41,54,134,93,12,121,81,113,0,70,69" hai3="28,35,117,67,68,73,43,30,100,59,77,46,32"/><U87/><E127/><V10/><F121/><W19/><G117/><T53/><D33/><U27/><E122/><V17/><F0/><W31/><G68/><T95/><D120/><U101/><E42/><V129/><F70/><W84/><G73/><T123/><D123/><U79/><E79/><V22/><F69/><W38/><G100/><T2/><D126/><U44/><E44/><V105/><F105/><W3/><G3/><T65/><D65/><U88/><E106/><V131/><F134/><W23/><G67/><T114/><D114/><U109/><E109/><V13/><F13/><W6/><G6/><T103/><D133/><U47/><E47/><V14/><F14/><W8/><G8/><T34/><D34/><U99/><E99/><V96/><F41/><W71/><G59/><T118/><D118/><U51/><E51/><V9/><F9/><W115/><G71/><T40/><D40/><U75/><E75/><V1/><F1/><W11/><G11/><T89/><D95/><N who="1" m="54687" /><E101/><N who="2" m="60559" /><F81/><W36/><G36/><T20/><D104/><U85/><E29/><N who="2" m="17591" /><F113/><W24/><G115/><T91/><D107/><U37/><E37/><V112/><F112/><W63/><G35/><T5/><D2/><U50/><E50/><V66/><F66/><W108/><G32/><T45/><D49/><U4/><E4/><V111/><F111/><W102/><G108/><T55/><D5/><U110/><E110/><V125/><F125/><W135/><G135/><T21/><D7/><U61/><E27/><V119/><F119/><W60/><G102/><T57/><D103/><U64/><E61/><RYUUKYOKU ba="2,1" sc="355,-30,255,10,235,10,145,10" hai1="16,18,56,62,64,85,86,90,94,98" hai2="10,12,17,52,54,129,131" hai3="19,23,24,28,30,31,38,43,46,60,63,77,84" /><INIT seed="1,3,1,2,2,87" ten="325,265,245,155" oya="1" hai0="72,119,120,110,131,134,65,109,45,96,22,6,125" hai1="78,11,73,74,111,76,80,133,53,82,47,85,29" hai2="71,54,44,21,88,126,68,34,69,60,61,2,9" hai3="35,84,91,52,94,113,13,129,127,101,130,20,58"/><U116/><E116/><V79/><F79/><W27/><G113/><T107/><D119/><U7/><E133/><V41/><F34/><W32/><G127/><T16/><D72/><U67/><E111/><N who="0" m="42505" /><D134/><U114/><E114/><V97/><F126/><W135/><G135/><T56/><D125/><U57/><E29/><V24/><F2/><W95/><G101/><N who="0" m="62887" /><D131/><N who="3" m="50185" /><G95/><T75/><D75/><U66/><E47/><V43/><F9/><W5/><G5/><T100/><D100/><U36/><E36/><V38/><F43/><W93/><G93/><T118/><D118/><U81/><E81/><V23/><F23/><W124/><G13/><T49/><D6/><U62/><REACH who="1" step="1"/><E85/><REACH who="1" ten="325,255,245,155" step="2"/><V51/><F38/><W37/><G37/><T46/><D120/><U108/><E108/><V1/><F41/><W48/><G124/><T31/><D31/><AGARI ba="3,2" hai="20,27,31,32,35,48,52,58,84,91,94" m="50185" machi="31" ten="30,3900,0" yaku="19,1,52,1,54,1" doraHai="87" who="3" fromWho="0" sc="325,-48,255,0,245,0,155,68" /><INIT seed="2,0,0,2,0,64" ten="277,255,245,223" oya="2" hai0="104,62,59,51,79,96,80,23,76,16,99,48,39" hai1="49,2,115,28,131,38,17,68,21,12,40,37,109" hai2="102,113,128,122,31,121,26,107,57,7,61,14,45" hai3="120,27,100,41,98,35,6,97,81,77,25,89,116"/><V123/><F113/><W133/><G120/><T44/><D39/><U112/><E2/><V10/><F45/><W135/><G41/><T90/><D51/><U71/><E28/><V91/><F128/><W5/><G35/><T88/><D104/><U74/><E74/><V118/><F118/><W15/><G116/><T18/><D18/><U33/><E33/><V42/><F42/><W0/><G0/><T53/><D80/><U130/><E49/><V63/><F63/><W54/><G100/><T20/><D20/><U43/><E109/><V106/><F91/><N who="0" m="34858" /><D79/><U19/><E21/><V85/><F85/><W117/><G117/><T111/><D76/><U87/><E12/><V30/><F102/><W82/><G77/><T83/><D83/><U108/><E108/><V92/><F92/><W127/><G89/><T9/><D9/><U67/><E67/><V84/><F84/><AGARI ba="0,0" hai="17,19,37,38,40,43,68,71,84,87,112,115,130,131" machi="84" ten="25,6400,0" yaku="22,2,52,2" doraHai="64" who="1" fromWho="2" sc="277,0,255,64,245,-64,223,0" /><INIT seed="3,0,0,4,0,4" ten="277,319,181,223" oya="3" hai0="15,66,122,109,97,22,77,5,102,48,9,55,52" hai1="39,115,73,127,67,57,53,3,70,30,75,99,82" hai2="87,74,10,42,113,111,108,103,93,31,95,1,120" hai3="58,104,0,60,117,26,45,41,133,83,85,24,6"/><W79/><G117/><T116/><D122/><U88/><E115/><V54/><F113/><W114/><G114/><T28/><D116/><U62/><E127/><V78/><F74/><W38/><G104/><T65/><D109/><U134/><E3/><V14/><F42/><W49/><G38/><T59/><D77/><U124/><E124/><V72/><F72/><W35/><G133/><T110/><D110/><N who="2" m="42026" /><F120/><W98/><G35/><T105/><REACH who="0" step="1"/><D55/><REACH who="0" ten="267,319,181,223" step="2"/><U7/><E53/><V80/><F54/><W94/><G0/><T44/><D44/><U125/><E125/><V12/><F31/><W11/><G60/><T130/><D130/><U63/><E30/><V84/><F84/><W126/><G126/><T106/><D106/><U61/><E63/><V76/><F76/><W2/><REACH who="3" step="1"/><G58/><REACH who="3" ten="267,319,181,213" step="2"/><T100/><D100/><AGARI ba="0,2" hai="2,6,11,24,26,41,45,49,79,83,85,94,98,100" machi="100" ten="30,11600,0" yaku="1,1,2,1,7,1,52,1,53,0" doraHai="4" doraHaiUra="128" who="3" fromWho="0" sc="267,-116,319,0,181,0,213,136" owari="151,-35.0,319,12.0,181,-22.0,349,45.0" /></mjloggm>