<mjloggm ver="2.3"><GO type="193" lobby="0"/><UN n0="%E5%B0%B1%E6%B4%BB%E7%94%9F%40%E5%B7%9D%E6%9D%91%E8%BB%8D%E5%9B%A3" n1="%E9%96%8B%E5%B9%95%E3%83%99%E3%82%BF%E3%82%AA%E3%83%AA" n2="%4D%72%2E%54%44%55" n3="%E4%B8%89%E5%91%B3%E7%B7%9A%E6%84%9A%E9%80%A3%E9%9A%8A" dan="12,12,12,12" rate="1812.36,1734.47,1725.90,1679.51" sx="M,M,M,F"/><TAIKYOKU oya="0"/><INIT seed="0,0,0,2,3,72" ten="250,250,250,250" oya="0" hai0="114,88,74,93,31,125,80,49,129,53,16,92,32" hai1="9,118,4,120,96,116,77,112,30,25,38,33,69" hai2="135,27,60,14,117,52,104,20,68,41,59,21,111" hai3="42,56,46,90,3,45,130,57,36,99,101,82,89"/><T73/><D114/><U70/><E120/><V102/><F111/><W39/><G3/><T97/><D129/><U15/><E112/><V94/><F117/><W63/><G130/><T51/><D125/><U58/><E38/><V87/><F104/><W119/><G119/><T37/><D37/><U61/><E96/><V107/><F135/><W11/><G11/><T34/><D51/><U64/><E77/><V5/><F107/><W113/><G82/><T24/><D34/><U75/><E75/><V54/><F68/><W123/><G57/><T76/><D92/><U79/><E79/><V106/><F106/><W108/><G113/><T65/><D65/><U71/><AGARI ba="0,0" hai="4,9,15,25,30,33,58,61,64,69,70,71,116,118" machi="71" ten="30,1100,0" yaku="0,1" doraHai="72" who="1" fromWho="1" sc="250,-5,250,11,250,-3,250,-3" /><INIT seed="1,0,0,2,2,89" ten="245,261,247,247" oya="1" hai0="71,104,52,83,46,125,100,106,64,124,120,97,116" hai1="30,32,42,24,25,75,129,74,114,105,130,5,4" hai2="31,43,61,3,128,68,119,54,72,17,65,48,92" hai3="27,131,103,99,49,2,132,44,73,117,0,8,101"/><U10/><E114/><V56/><F119/><W14/><G73/><T11/><D116/><U77/><E105/><V55/><F72/><W28/><G103/><T79/><D120/><U63/><E42/><V122/><F122/><W37/><G37/><T126/><D71/><U88/><E77/><V29/><F3/><W102/><G102/><T21/><D64/><U9/><E63/><V113/><F113/><W94/><G132/><T66/><D66/><U69/><E69/><V95/><F128/><N who="1" m="49257" /><E25/><V34/><F17/><W20/><G131/><T134/><D134/><U47/><E47/><V16/><F34/><W39/><G39/><T19/><D11/><N who="1" m="4107" /><E75/><V107/><F107/><W26/><G26/><T33/><D33/><U112/><E74/><V18/><F68/><W57/><G57/><T45/><D104/><U110/><E112/><V84/><F84/><W127/><G127/><T7/><D7/><N who="1" m="2635" /><E88/><V82/><F82/><W22/><G117/><T58/><D83/><U121/><E110/><V93/><F43/><W98/><G98/><T118/><D79/><U111/><E111/><V50/><F65/><W115/><G115/><T15/><REACH who="0" step="1"/><D118/><REACH who="0" ten="235,261,247,247" step="2"/><U60/><E121/><V40/><F40/><W53/><G8/><T59/><D59/><U36/><E36/><V85/><F61/><AGARI ba="0,1" hai="15,19,21,45,46,52,58,61,97,100,106,124,125,126" machi="61" ten="40,8000,1" yaku="1,1,18,1,54,1,53,1" doraHai="89" doraHaiUra="13" who="0" fromWho="2" sc="235,90,261,0,247,-80,247,0" /><INIT seed="2,0,0,5,4,24" ten="325,261,167,247" oya="2" hai0="50,8,94,0,23,121,30,124,91,75,115,81,93" hai1="32,1,26,48,109,21,5,68,83,15,79,58,131" hai2="65,33,132,105,101,67,6,20,90,47,74,125,108" hai3="87,63,64,73,36,102,14,89,55,57,128,35,130"/><V34/><F132/><W13/><G36/><T52/><D115/><U85/><E68/><V117/><F125/><W78/><G35/><T61/><D121/><U19/><E131/><N who="3" m="50218" /><G102/><T31/><D124/><U95/><E109/><V127/><F117/><W112/><G112/><T22/><D0/><U2/><E5/><V66/><F127/><W120/><G120/><T88/><D61/><U135/><E135/><V10/><F108/><W103/><G103/><T111/><D111/><U28/><REACH who="1" step="1"/><E95/><REACH who="1" ten="325,251,167,247" step="2"/><N who="0" m="36361" /><D75/><U92/><E92/><V45/><F105/><W43/><G73/><T126/><D126/><U80/><E80/><V25/><F74/><W70/><G70/><T4/><D4/><U106/><E106/><V29/><F101/><W62/><G78/><T76/><D76/><U129/><E129/><V113/><F113/><W56/><G87/><N who="0" m="50287" /><D91/><U42/><E42/><V16/><F90/><W69/><G89/><T118/><D118/><U46/><E46/><V71/><F71/><W133/><G43/><T37/><D37/><U40/><E40/><V39/><F39/><W119/><G119/><T3/><D3/><U97/><E97/><V107/><F107/><W7/><G7/><T60/><D60/><U84/><E84/><V12/><REACH who="2" step="1"/><F34/><REACH who="2" ten="325,251,157,247" step="2"/><W59/><G133/><T72/><D72/><U49/><E49/><V104/><F104/><W82/><G82/><T18/><D50/><U98/><E98/><V44/><F44/><W123/><G123/><T54/><D54/><AGARI ba="0,2" hai="1,2,15,19,21,26,28,32,48,54,58,79,83,85" machi="54" ten="40,2600,0" yaku="1,1,52,1,53,0" doraHai="24" doraHaiUra="116" who="1" fromWho="0" sc="325,-26,251,46,157,0,247,0" /><INIT seed="3,0,0,2,5,83" ten="299,297,157,247" oya="3" hai0="85,110,103,52,78,86,1,32,22,48,56,95,14" hai1="132,12,20,66,124,60,92,98,50,122,70,59,37" hai2="82,115,63,15,81,6,17,73,27,135,123,3,33" hai3="16,100,4,67,128,58,114,91,29,127,28,35,99"/><W49/><G114/><T24/><D1/><U25/><E122/><V40/><F115/><W2/><G128/><T118/><D118/><U116/><E37/><V108/><F123/><W94/><G127/><T88/><D110/><U13/><E124/><V36/><F108/><W84/><G16/><N who="0" m="12359" /><D32/><U80/><E132/><V117/><F135/><W51/><G35/><T62/><D103/><N who="1" m="60871" /><E116/><V44/><F117/><W71/><G71/><T18/><D78/><U87/><E50/><N who="3" m="18954" /><G4/><T102/><D102/><U45/><E45/><V19/><F63/><N who="3" m="38391" /><G2/><T47/><D47/><U43/><E43/><V111/><F111/><W79/><G79/><T39/><D39/><U96/><E96/><V46/><F46/><W129/><G129/><T8/><D48/><U75/><E75/><V65/><F65/><W133/><G133/><T30/><D30/><N who="1" m="17703" /><E70/><V9/><F73/><W125/><G125/><T120/><D120/><U61/><E61/><V119/><F17/><W57/><G57/><T11/><D11/><U113/><E113/><V0/><F0/><W41/><G41/><T76/><D76/><AGARI ba="0,0" hai="12,13,59,60,66,76,80,87" m="17703,60871" machi="76" ten="30,3900,0" yaku="25,1,8,1,52,1" doraHai="83" who="1" fromWho="0" sc="299,-39,297,39,157,0,247,0" owari="260,6.0,336,43.0,157,-34.0,247,-15.0" /></mjloggm>