<mjloggm ver="2.3"><GO type="193" lobby="0"/><UN n0="%E5%B0%B1%E6%B4%BB%E7%94%9F%40%E5%B7%9D%E6%9D%91%E8%BB%8D%E5%9B%A3" n1="%6E%61%6D%69%6F" n2="%73%74%61%72%70%6F%6C" n3="%52%45%56%59" dan="11,12,12,10" rate="1767.93,1639.49,1681.11,1502.96" sx="M,M,M,M"/><TAIKYOKU oya="0"/><INIT seed="0,0,0,2,2,43" ten="250,250,250,250" oya="0" hai0="54,116,48,76,3,84,120,21,42,59,101,31,53" hai1="20,103,96,67,27,22,106,26,55,35,56,109,30" hai2="10,79,17,65,58,100,44,13,77,64,80,125,33" hai3="6,7,49,61,72,4,11,132,113,122,118,111,97"/><T133/><D116/><U121/><E121/><V74/><F33/><W129/><G118/><T40/><D3/><U110/><E67/><V15/><F125/><W90/><G72/><T131/><D133/><U127/><E127/><V41/><F100/><W60/><G11/><T47/><D120/><U36/><E36/><V91/><F79/><W85/><G97/><T102/><D131/><U8/><E8/><V115/><F115/><W37/><G6/><T34/><D34/><U81/><E81/><V38/><F91/><W88/><G49/><T46/><D31/><U24/><E24/><V71/><F71/><W52/><G90/><T66/><D21/><U14/><E14/><V130/><F130/><W28/><G37/><T93/><D66/><U51/><E35/><V135/><F135/><W19/><G28/><AGARI ba="0,0" hai="20,22,26,27,28,30,51,55,56,96,103,106,109,110" machi="28" ten="40,1300,0" yaku="9,1" doraHai="43" who="1" fromWho="3" sc="250,0,250,13,250,0,250,-13" /><INIT seed="1,0,0,5,2,115" ten="250,263,250,237" oya="1" hai0="27,9,54,132,45,63,122,44,81,22,55,8,116" hai1="86,126,64,5,14,98,17,26,13,73,70,18,6" hai2="88,25,129,110,21,121,80,94,37,3,29,74,99" hai3="82,42,41,92,40,52,135,49,133,105,106,107,28"/><U120/><E73/><V35/><F37/><W59/><G82/><T68/><D122/><U50/><E120/><V111/><F121/><W23/><REACH who="3" step="1"/><G92/><REACH who="3" ten="250,263,250,227" step="2"/><T89/><D81/><U11/><E70/><V15/><F111/><W34/><G34/><T39/><D68/><U75/><E75/><V83/><F110/><W85/><G85/><T19/><D132/><U53/><E86/><V134/><F134/><W127/><G127/><T43/><D39/><U114/><E126/><V97/><F129/><W46/><G46/><T10/><D10/><N who="1" m="4303" /><E114/><V7/><F97/><W109/><G109/><T38/><D9/><U104/><E98/><V128/><F128/><W125/><G125/><T62/><D8/><U58/><E104/><V79/><F80/><W66/><G66/><T108/><D38/><U112/><E112/><V84/><F74/><W123/><G123/><T93/><D108/><U101/><E64/><V67/><F67/><W30/><G30/><T4/><D45/><U87/><E87/><V117/><F3/><W61/><G61/><T56/><D44/><U103/><E6/><V90/><F79/><W72/><G72/><T124/><D4/><U1/><E1/><V47/><F7/><W100/><G100/><T60/><D124/><U24/><E103/><V95/><F83/><W20/><G20/><T91/><D93/><U57/><E101/><V131/><F131/><W33/><G33/><T96/><D96/><U76/><E58/><V0/><F0/><W16/><G16/><N who="1" m="6250" /><E76/><V78/><F35/><W102/><G102/><T32/><D56/><U77/><E77/><RYUUKYOKU ba="0,1" sc="250,-15,263,15,250,-15,227,15" hai1="11,14,24,26,50,53,57" hai3="23,28,40,41,42,49,52,59,105,106,107,133,135" /><INIT seed="1,1,1,0,4,6" ten="235,278,235,242" oya="1" hai0="74,23,17,12,33,54,125,79,5,59,106,16,133" hai1="95,63,134,42,39,58,31,98,55,121,8,89,110" hai2="20,117,41,30,44,124,11,86,120,131,116,84,47" hai3="9,123,97,94,83,65,112,80,132,35,129,85,43"/><U78/><E121/><V99/><F120/><W26/><G132/><T73/><D106/><U25/><E134/><V1/><F131/><W4/><G129/><T14/><D33/><U56/><E78/><V13/><F1/><W29/><G123/><T119/><D133/><U46/><E110/><V50/><F124/><W51/><G112/><T70/><D70/><U40/><E40/><V62/><F62/><W64/><G83/><T38/><D38/><U82/><E56/><V130/><F99/><W127/><G127/><T113/><D125/><U75/><E75/><V135/><F135/><W34/><G34/><T96/><D113/><U57/><E57/><V68/><F68/><W103/><G51/><T24/><D119/><U107/><E107/><V67/><F67/><W128/><G43/><T49/><D96/><U22/><E82/><V28/><F130/><W105/><G105/><T32/><D79/><U7/><E7/><V101/><F101/><W15/><REACH who="3" step="1"/><G128/><REACH who="3" ten="235,278,235,232" step="2"/><T66/><D32/><U27/><REACH who="1" step="1"/><E27/><REACH who="1" ten="235,268,235,232" step="2"/><V37/><F117/><W93/><G93/><T19/><D24/><U48/><E48/><V118/><F116/><W111/><G111/><T91/><D49/><U21/><E21/><V3/><F118/><W72/><G72/><T88/><D23/><U53/><E53/><V92/><F20/><W45/><G45/><T18/><D54/><U77/><E77/><AGARI ba="1,3" hai="4,9,15,26,29,35,64,65,77,80,85,94,97,103" machi="77" ten="30,3900,0" yaku="1,1,7,1,52,1,53,0" doraHai="6" doraHaiUra="114" who="3" fromWho="1" sc="235,0,268,-42,235,0,232,72" /><INIT seed="2,0,0,3,3,68" ten="235,226,235,304" oya="2" hai0="39,21,49,91,6,67,113,90,62,31,121,95,36" hai1="89,86,130,128,122,7,25,70,59,2,18,53,42" hai2="34,61,99,111,112,109,78,17,22,14,43,97,51" hai3="16,131,4,81,9,72,40,32,38,94,55,115,37"/><V119/><F34/><W82/><G131/><N who="1" m="50218" /><E70/><V10/><F119/><W96/><G115/><T47/><D113/><U11/><E25/><V60/><F112/><W79/><G32/><T44/><D121/><U33/><E18/><V102/><F78/><W27/><G82/><T108/><D6/><U58/><E33/><V50/><F10/><W107/><G107/><T101/><D108/><N who="2" m="41546" /><F99/><W69/><G69/><T74/><D74/><U117/><E117/><V45/><F50/><W63/><G40/><T84/><D101/><U103/><E103/><V104/><AGARI ba="0,0" hai="14,17,22,43,45,51,60,61,97,102,104" m="41546" machi="104" ten="30,3000,0" yaku="14,1,10,1" doraHai="68" who="2" fromWho="2" sc="235,-10,226,-10,235,30,304,-10" /><INIT seed="2,1,0,0,3,52" ten="225,216,265,294" oya="2" hai0="40,131,117,132,28,61,99,111,22,106,134,97,70" hai1="54,15,94,56,0,20,122,24,63,39,85,29,44" hai2="95,32,83,109,135,11,81,74,65,21,48,124,2" hai3="75,129,82,110,62,8,119,93,9,72,116,88,64"/><V13/><F32/><W130/><G110/><T87/><D40/><U36/><E0/><V80/><F135/><N who="0" m="51754" /><D117/><N who="3" m="45129" /><G82/><T89/><D111/><U14/><E122/><V30/><F109/><W19/><G19/><T23/><D131/><N who="3" m="50185" /><G9/><T43/><D43/><U91/><E39/><V37/><F124/><W5/><G8/><T4/><D4/><U16/><E29/><V68/><F37/><W90/><G5/><T73/><D73/><N who="3" m="28233" /><G93/><N who="0" m="54463" /><D28/><U103/><E36/><V123/><F123/><W104/><G104/><T57/><D70/><AGARI ba="1,0" hai="62,64,70,88,90" m="28233,50185,45129" machi="70" ten="40,2600,0" yaku="19,1,54,1" doraHai="52" who="3" fromWho="0" sc="225,-29,216,0,265,0,294,29" /><INIT seed="3,0,0,1,5,57" ten="196,216,265,323" oya="3" hai0="73,42,11,92,61,110,131,1,96,20,8,58,45" hai1="56,81,13,113,22,68,114,14,30,75,27,25,134" hai2="79,53,102,37,49,107,38,132,100,65,97,9,18" hai3="34,55,46,99,71,28,93,89,5,6,83,33,62"/><W64/><G83/><T29/><D73/><U7/><E75/><V0/><F132/><W50/><REACH who="3" step="1"/><G28/><REACH who="3" ten="196,216,265,313" step="2"/><T41/><D131/><U44/><E81/><V109/><F109/><W2/><G2/><T117/><D110/><U72/><E72/><V35/><F35/><AGARI ba="0,1" hai="5,6,33,34,35,46,50,55,62,64,71,89,93,99" machi="35" ten="40,7700,0" yaku="1,1,52,1,53,1" doraHai="57" doraHaiUra="47" who="3" fromWho="2" sc="196,0,216,0,265,-77,313,87" owari="196,-20.0,216,2.0,188,-31.0,400,49.0" /></mjloggm>