<mjloggm ver="2.3"><GO type="97" lobby="0"/><UN n0="%E3%83%89%E3%83%A9%E3%83%89%E3%83%A9%E9%89%84%E9%81%93" n1="%E3%82%A6%E3%83%AB%E3%83%88%E3%83%A9%E7%AB%8B%E7%9B%B4" n2="%E3%83%97%E3%83%AB%E3%81%8A" n3="%43%68%61%72%6F%2D%79%61" dan="14,15,15,13" rate="1985.04,2009.60,2028.89,1811.54" sx="M,M,F,M"/><TAIKYOKU oya="0"/><INIT seed="0,0,0,2,1,44" ten="250,250,250,250" oya="0" hai0="97,4,81,22,14,93,63,16,121,85,19,109,134" hai1="71,73,72,18,118,92,100,54,113,28,34,15,47" hai2="94,26,106,53,115,135,122,89,107,125,30,95,82" hai3="37,45,90,10,21,41,23,51,3,130,74,43,13"/><T48/><D121/><U38/><E71/><V91/><F122/><W9/><G130/><T65/><D134/><U12/><E38/><V133/><F53/><W105/><G105/><N who="2" m="39945" /><F26/><W132/><G132/><N who="2" m="50761" /><F30/><W40/><G74/><T102/><D109/><U56/><E73/><V31/><F31/><W2/><G90/><N who="2" m="34313" /><F115/><W39/><G10/><T77/><D48/><U5/><E54/><V32/><F32/><W62/><G51/><T50/><D50/><U60/><E34/><V126/><F82/><W96/><G62/><T99/><D4/><U98/><E5/><V58/><F58/><W36/><G45/><T20/><D63/><U11/><E28/><V69/><F69/><W88/><G13/><N who="0" m="9231" /><D65/><U78/><E56/><V7/><F7/><W79/><G3/><T64/><D64/><U83/><E60/><V1/><F1/><W67/><G67/><T17/><D19/><U8/><E47/><V49/><F49/><W6/><G21/><T52/><D52/><U57/><E57/><V42/><F42/><W117/><G23/><T114/><D114/><U128/><E113/><V87/><F87/><W116/><G37/><T33/><D33/><U76/><E18/><V104/><N who="2" m="39953" /><V59/><DORA hai="46" /><F59/><W29/><G39/><T124/><D22/><U35/><E35/><V119/><F119/><N who="3" m="45643" /><G36/><T68/><D68/><U120/><E118/><V131/><F131/><W25/><G41/><T61/><D61/><U123/><E128/><V103/><F103/><W80/><G40/><T112/><D112/><U127/><E123/><V101/><F101/><W84/><G43/><RYUUKYOKU ba="0,0" sc="250,-10,250,-10,250,30,250,-10" hai2="94,95,125,126" /><INIT seed="1,1,0,1,1,131" ten="240,240,280,240" oya="1" hai0="99,21,124,110,20,28,45,92,37,98,29,115,55" hai1="69,84,2,8,73,39,15,97,107,72,44,51,26" hai2="135,126,14,41,60,121,6,5,65,94,10,48,54" hai3="62,77,9,112,83,102,106,133,30,57,118,91,40"/><U12/><E69/><V113/><F121/><W130/><G130/><T31/><D110/><U109/><E39/><V93/><F135/><W88/><G112/><T19/><D115/><U108/><E2/><V100/><F113/><W82/><G133/><T125/><D19/><U123/><E123/><V27/><F126/><N who="0" m="48746" /><D99/><U46/><E26/><V114/><F114/><W128/><G128/><T25/><D25/><U86/><E97/><V81/><F81/><W49/><G102/><N who="0" m="60743" /><D55/><U105/><E51/><V127/><F127/><W1/><G106/><T67/><D67/><U132/><E8/><V103/><F41/><AGARI ba="1,0" hai="20,21,28,29,31,37,41,45" m="60743,48746" machi="41" ten="30,1000,0" yaku="18,1" doraHai="131" who="0" fromWho="2" sc="240,13,240,0,280,-13,240,0" /><INIT seed="2,0,0,4,2,27" ten="253,240,267,240" oya="2" hai0="10,92,26,7,64,104,55,29,95,56,37,36,58" hai1="16,39,15,78,117,48,86,60,126,108,83,74,72" hai2="38,84,133,124,112,12,42,87,128,30,73,76,49" hai3="51,6,81,32,91,113,61,43,114,79,96,4,54"/><V101/><F112/><N who="3" m="43115" /><G32/><T18/><D104/><U119/><E39/><V47/><F128/><W125/><G125/><T34/><D18/><U33/><E33/><V63/><F124/><W50/><G43/><T40/><D64/><U123/><E126/><V71/><F38/><W22/><G22/><T100/><D40/><U0/><E0/><V5/><F101/><W116/><G116/><T8/><D56/><U130/><E130/><V53/><F133/><W23/><G23/><T109/><D10/><U2/><E2/><V25/><F73/><W94/><G61/><T99/><D92/><U67/><E123/><V127/><F76/><W105/><G105/><T59/><D59/><U21/><E108/><V62/><F127/><W82/><G82/><T9/><D9/><U17/><E17/><V90/><F42/><W68/><G68/><T69/><D69/><U44/><E74/><V70/><F70/><W85/><G51/><T120/><D109/><U31/><E72/><V66/><F63/><W41/><G41/><T110/><D110/><U3/><E3/><V89/><F84/><W1/><G1/><N who="0" m="111" /><D120/><U52/><REACH who="1" step="1"/><E31/><REACH who="1" ten="253,230,267,240" step="2"/><V111/><F111/><W75/><G75/><T135/><D135/><U103/><E103/><V35/><REACH who="2" step="1"/><F87/><REACH who="2" ten="253,230,257,240" step="2"/><W97/><G97/><T132/><D132/><U65/><E65/><V122/><F122/><W24/><G96/><T19/><D36/><U118/><E118/><V121/><F121/><W88/><G85/><T46/><D37/><U102/><E102/><V93/><F93/><W106/><G94/><T115/><D115/><U13/><E13/><RYUUKYOKU ba="0,2" sc="253,-15,230,15,257,15,240,-15" hai1="15,16,21,44,48,52,60,67,78,83,86,117,119" hai2="5,12,25,30,35,47,49,53,62,66,71,89,90" /><INIT seed="2,1,2,3,0,112" ten="238,245,272,225" oya="2" hai0="67,130,83,42,121,47,13,33,116,118,79,89,101" hai1="69,21,43,124,0,16,76,97,74,114,133,41,55" hai2="4,96,102,99,56,18,14,85,32,72,91,60,3" hai3="131,71,58,75,29,59,78,100,95,86,36,90,66"/><V135/><F72/><W125/><G131/><T10/><D33/><U53/><E0/><V24/><F135/><W8/><G125/><T92/><D130/><U7/><E69/><V22/><F102/><W20/><G36/><T15/><D101/><U122/><E74/><V45/><F45/><W109/><G109/><T117/><D67/><U123/><E114/><V28/><F4/><W103/><G71/><T23/><D23/><U40/><E7/><V34/><F3/><W50/><G8/><T129/><D121/><N who="1" m="46091" /><E76/><V68/><F68/><W84/><G75/><N who="0" m="43519" /><D10/><U107/><E124/><V31/><F34/><W111/><G111/><T80/><D80/><U46/><E133/><V61/><F31/><W51/><G59/><T19/><D19/><U108/><E108/><V64/><REACH who="2" step="1"/><F61/><REACH who="2" ten="238,245,262,225" step="2"/><N who="3" m="38199" /><G103/><T44/><D44/><U127/><E127/><V120/><F120/><W110/><G100/><T12/><D129/><U1/><E1/><V126/><F126/><W113/><G113/><T65/><D65/><U57/><E46/><V30/><F30/><W25/><G110/><T17/><D47/><U104/><E104/><V48/><F48/><W26/><G29/><T132/><D132/><U6/><E6/><V119/><F119/><W128/><G128/><T105/><D105/><U37/><E37/><V134/><F134/><W87/><G51/><T54/><D54/><N who="1" m="20491" /><E107/><V38/><F38/><W5/><G5/><T88/><D118/><U2/><E2/><V11/><F11/><W9/><G50/><T35/><D117/><U115/><E115/><V77/><F77/><W62/><G62/><RYUUKYOKU ba="1,3" sc="238,-10,245,-10,262,30,225,-10" hai2="14,18,22,24,28,32,56,60,64,85,91,96,99" /><INIT seed="2,2,3,5,3,8" ten="228,235,292,215" oya="2" hai0="29,56,62,134,5,77,90,47,106,122,100,119,92" hai1="124,117,4,114,109,52,41,95,11,71,129,108,49" hai2="46,34,81,50,105,33,103,15,13,89,63,24,74" hai3="121,131,53,58,18,110,78,126,107,94,84,9,23"/><V65/><F34/><W76/><G121/><T113/><D113/><U51/><E71/><N who="2" m="42431" /><F89/><N who="3" m="53543" /><G107/><T135/><D77/><N who="3" m="29801" /><G110/><N who="1" m="42602" /><E117/><V130/><F81/><W98/><G131/><T104/><D100/><U64/><E64/><V16/><F74/><W37/><G126/><T112/><D112/><U97/><E114/><V21/><F130/><W14/><G37/><T36/><D36/><U116/><E116/><V68/><F68/><W0/><G0/><T123/><D106/><U133/><E133/><V82/><F82/><W6/><G98/><T83/><D104/><U101/><E124/><V25/><F50/><N who="3" m="31031" /><G23/><T19/><D119/><U57/><E129/><V20/><F46/><W127/><G127/><T27/><D47/><U72/><E72/><V39/><F39/><W31/><G31/><T125/><D29/><U55/><E41/><V3/><F3/><W88/><G88/><T54/><D90/><U85/><E85/><V22/><F22/><W26/><G26/><T42/><D27/><U111/><N who="1" m="42610" /><U38/><DORA hai="44" /><E38/><V30/><F20/><W79/><G79/><T32/><D125/><U17/><E97/><AGARI ba="2,3" hai="13,15,16,21,24,25,30,33,97,103,105" m="42431" machi="97" ten="30,11600,0" yaku="25,1,52,2,54,1" doraHai="8,44" who="2" fromWho="1" sc="228,0,235,-122,292,152,215,0" /><INIT seed="2,3,0,4,3,122" ten="228,113,444,215" oya="2" hai0="117,0,52,129,24,41,77,120,73,50,17,65,58" hai1="20,86,9,21,94,109,62,114,121,84,70,101,126" hai2="112,25,82,111,125,14,13,93,3,131,72,95,64" hai3="81,87,34,4,7,29,27,49,67,127,35,134,28"/><V91/><F112/><W11/><G134/><T63/><D120/><U83/><E70/><V10/><F3/><W59/><G127/><T98/><D0/><U19/><E121/><V89/><F125/><W71/><G71/><T6/><D6/><U105/><E126/><V51/><F25/><W8/><G67/><T116/><D98/><U46/><E114/><V61/><F51/><W42/><G59/><N who="0" m="37119" /><D77/><U79/><E105/><V106/><F106/><W26/><G49/><T18/><D73/><U118/><E109/><V119/><F119/><N who="0" m="45642" /><D41/><U57/><E118/><V48/><F111/><W2/><G42/><T124/><D124/><U37/><E37/><V135/><F72/><W44/><G44/><T66/><D66/><U92/><E46/><V32/><F64/><W43/><G43/><T100/><D100/><U107/><E107/><V96/><F91/><W128/><G87/><T40/><D40/><U55/><E94/><V12/><F95/><W5/><G81/><T45/><D45/><U31/><E31/><N who="3" m="11850" /><G128/><T69/><D69/><U76/><E101/><V104/><F82/><W39/><G39/><T30/><D129/><U75/><E75/><V38/><F131/><W108/><G108/><T115/><D115/><U132/><E132/><V88/><F38/><W60/><G60/><T33/><AGARI ba="3,0" hai="17,18,24,30,33,50,52,58" m="45642,37119" machi="33" ten="30,2000,0" yaku="12,1,54,1" doraHai="122" who="0" fromWho="0" sc="228,29,113,-8,444,-13,215,-8" /><INIT seed="3,0,0,5,5,78" ten="257,105,431,207" oya="3" hai0="121,125,31,131,58,55,79,45,52,110,12,105,106" hai1="77,33,71,19,73,59,120,11,94,108,81,22,75" hai2="83,51,36,104,114,96,57,99,46,87,39,21,24" hai3="66,26,49,34,64,61,53,3,44,8,127,62,2"/><W1/><G127/><T92/><D110/><U132/><E71/><V9/><F114/><W17/><G34/><T90/><D79/><U15/><E33/><V56/><F39/><W68/><G26/><T37/><D31/><U27/><E108/><V111/><F9/><W38/><G38/><T18/><D121/><U25/><E132/><V76/><F36/><W91/><G91/><T60/><D131/><U93/><E120/><V29/><F111/><W35/><G35/><T124/><D55/><U129/><E129/><V74/><F74/><W103/><G103/><T10/><D45/><U50/><E73/><V0/><F0/><W70/><REACH who="3" step="1"/><G17/><REACH who="3" ten="257,105,431,197" step="2"/><T95/><D37/><U54/><REACH who="1" step="1"/><E27/><REACH who="1" ten="257,95,431,197" step="2"/><V82/><F104/><W119/><G119/><T69/><D105/><U7/><AGARI ba="0,2" hai="7,11,15,19,22,25,50,54,59,75,77,81,93,94" machi="7" ten="20,8000,1" yaku="1,1,2,1,0,1,7,1,52,1,53,0" doraHai="78" doraHaiUra="98" who="1" fromWho="1" sc="257,-20,95,100,431,-20,197,-40" owari="237,4.0,195,-20.0,411,50.0,157,-34.0" /></mjloggm>