<mjloggm ver="2.3"><GO type="97" lobby="0"/><UN n0="%79%6A%2D%63%68%65%6B%69" n1="%54%41%4B%32%31" n2="%4D%E5%B8%9D%E2%85%A2" n3="%E3%82%A6%E3%83%AB%E3%83%88%E3%83%A9%E7%AB%8B%E7%9B%B4" dan="14,14,14,14" rate="2023.89,1863.53,1922.59,1921.63" sx="M,M,M,M"/><TAIKYOKU oya="0"/><INIT seed="0,0,0,0,2,45" ten="250,250,250,250" oya="0" hai0="33,117,135,26,48,53,84,3,22,80,34,120,13" hai1="63,112,93,86,83,123,118,50,35,5,69,2,12" hai2="110,129,8,51,29,31,49,109,38,87,47,134,27" hai3="101,10,128,75,99,57,73,65,119,36,44,39,46"/><T61/><D3/><U111/><E123/><V127/><F129/><W102/><G128/><T130/><D120/><U18/><E118/><V121/><F121/><W70/><G57/><T40/><D130/><U20/><E35/><V68/><F68/><W116/><G10/><T114/><D117/><U23/><E111/><N who="2" m="42507" /><F29/><W131/><G131/><T115/><D135/><U82/><E69/><V95/><F134/><W107/><G70/><T103/><D103/><U54/><E63/><V126/><F8/><W19/><G65/><T52/><D13/><U72/><E72/><V97/><F87/><W59/><G59/><N who="0" m="35047" /><D40/><U15/><E112/><V62/><F47/><W133/><G99/><T96/><D96/><U79/><E2/><V25/><F38/><W4/><G133/><T106/><D106/><U32/><E32/><V24/><F62/><W100/><G100/><T58/><D115/><U11/><E23/><V21/><F21/><W78/><G107/><T43/><D43/><U67/><E67/><V122/><F31/><W132/><G132/><T85/><D114/><U91/><E79/><V1/><F1/><W124/><G78/><N who="0" m="46103" /><D85/><U28/><E28/><V108/><F122/><W16/><REACH who="3" step="1"/><G124/><REACH who="3" ten="250,250,250,240" step="2"/><N who="2" m="47657" /><F108/><W94/><G94/><T89/><D89/><AGARI ba="0,1" hai="24,25,27,49,51,89,95,97" m="47657,42507" machi="89" ten="40,8000,1" yaku="14,1,18,1,52,2" doraHai="45" who="2" fromWho="0" sc="250,-80,250,0,250,90,240,0" /><INIT seed="1,0,0,5,4,69" ten="170,250,340,240" oya="1" hai0="121,80,93,14,112,25,24,86,1,97,10,126,104" hai1="6,107,45,90,113,62,96,3,78,13,31,122,106" hai2="109,27,92,32,87,101,108,15,30,63,42,125,85" hai3="57,128,114,83,43,119,132,50,73,40,95,99,130"/><U33/><E122/><V124/><F15/><W21/><G114/><T29/><D121/><U39/><E113/><V54/><F42/><W94/><G21/><T71/><D104/><U59/><E3/><V72/><F72/><W127/><G83/><T35/><D71/><U34/><E78/><V12/><F12/><W79/><G79/><T60/><D112/><U68/><E68/><V17/><F17/><W18/><G73/><T116/><D1/><U75/><E75/><V20/><F32/><W105/><G57/><T81/><D116/><U36/><E34/><V49/><F63/><W0/><G50/><T88/><D25/><U82/><E45/><V51/><F87/><W19/><G99/><T53/><D126/><N who="2" m="48746" /><F51/><W77/><G127/><T46/><D97/><U115/><E115/><V84/><F84/><W56/><G119/><T44/><D44/><U64/><E107/><V37/><F37/><W65/><G105/><T4/><REACH who="0" step="1"/><D46/><REACH who="0" ten="160,250,340,240" step="2"/><U41/><E106/><V7/><F27/><W129/><G0/><T120/><D120/><U52/><E96/><V70/><F70/><W74/><G129/><T8/><D8/><N who="1" m="4247" /><E41/><V11/><F11/><W110/><G130/><T89/><D89/><U58/><E33/><V9/><F9/><W47/><G128/><T103/><D103/><U55/><E55/><V111/><F54/><W26/><G47/><T61/><D61/><N who="1" m="36039" /><E31/><V102/><F30/><W117/><G43/><T118/><D118/><U38/><E90/><V67/><F102/><W76/><G40/><T135/><D135/><U134/><E134/><V23/><F101/><RYUUKYOKU ba="0,1" sc="160,15,250,15,340,-15,240,-15" hai0="4,10,14,24,29,35,53,60,80,81,86,88,93" hai1="36,38,39,59,62,64,82" /><INIT seed="1,1,1,4,3,108" ten="175,265,325,225" oya="1" hai0="109,121,24,75,64,54,27,62,57,114,77,18,87" hai1="60,35,20,105,95,134,44,12,130,38,83,122,16" hai2="69,98,116,39,28,126,61,50,68,42,52,133,78" hai3="125,99,6,31,34,107,100,72,11,2,110,9,29"/><U88/><E122/><V70/><F78/><W59/><G110/><T106/><D109/><U66/><E35/><V120/><F28/><W33/><G125/><T91/><D106/><U113/><E105/><V93/><F126/><W92/><G59/><T7/><D121/><U26/><E134/><V0/><F0/><W13/><G92/><T97/><D75/><U118/><E118/><V32/><F32/><W115/><G31/><T127/><D127/><U85/><E130/><V47/><F120/><W94/><G94/><T79/><D7/><U51/><E38/><V55/><F116/><W123/><G123/><T3/><D3/><U5/><E113/><V48/><F133/><W71/><G13/><T76/><D114/><U65/><E60/><V15/><F15/><W23/><G11/><T112/><D112/><U124/><E124/><V86/><F86/><W135/><G115/><T41/><D41/><N who="1" m="24975" /><E95/><V131/><F98/><W128/><G135/><T90/><D97/><U53/><E53/><V96/><F96/><W104/><G128/><T40/><D40/><U36/><E36/><V117/><F93/><W119/><G107/><T111/><D87/><U8/><AGARI ba="1,1" hai="5,8,12,16,20,26,65,66,83,85,88" m="24975" machi="8" ten="30,6000,0" yaku="8,1,54,2" doraHai="108" who="1" fromWho="1" sc="175,-21,265,73,325,-21,225,-21" /><INIT seed="1,2,0,2,3,80" ten="154,338,304,204" oya="1" hai0="11,51,33,90,24,64,12,14,116,105,92,5,87" hai1="13,102,108,78,109,85,44,23,83,65,52,22,98" hai2="63,36,15,56,60,113,119,74,16,30,34,43,77" hai3="29,91,134,17,21,127,4,135,133,93,27,126,10"/><U72/><E65/><V132/><F119/><W86/><REACH who="3" step="1"/><G17/><REACH who="3" ten="154,338,304,194" step="2"/><T120/><D116/><U0/><E0/><AGARI ba="2,1" hai="0,4,10,21,27,29,86,91,93,126,127,133,134,135" machi="0" ten="40,8000,1" yaku="21,2,2,1,20,1,52,1,53,0" doraHai="80" doraHaiUra="100" who="3" fromWho="1" sc="154,0,338,-86,304,0,194,96" /><INIT seed="2,0,0,3,2,96" ten="154,252,304,290" oya="2" hai0="71,120,62,15,48,5,42,8,58,115,50,118,19" hai1="2,84,75,133,66,116,68,80,38,12,63,125,73" hai2="33,92,117,16,53,35,9,78,25,90,100,56,31" hai3="88,28,113,11,64,32,7,1,105,23,101,13,21"/><V61/><F117/><W17/><G113/><T26/><D115/><U60/><E116/><V51/><F78/><W55/><G64/><T102/><D118/><U126/><E2/><V97/><F35/><W20/><G55/><T72/><D71/><U49/><E38/><V128/><F128/><W132/><G88/><T14/><D72/><U111/><E63/><V86/><F9/><N who="3" m="6319" /><G101/><T124/><D120/><U34/><E34/><V77/><F77/><W79/><G105/><T41/><D124/><N who="1" m="47723" /><E133/><V0/><F16/><W127/><G79/><T81/><D26/><U110/><E12/><V87/><F0/><W44/><G44/><T104/><D81/><U107/><E49/><N who="0" m="19049" /><D104/><U70/><E107/><V10/><F10/><N who="3" m="2415" /><G127/><T54/><D102/><U82/><E84/><V98/><F51/><W46/><G46/><T43/><D15/><U69/><E60/><V109/><F87/><W106/><G106/><T36/><D36/><U93/><E93/><V57/><F98/><W114/><G114/><T130/><D130/><U123/><E66/><V85/><F86/><W129/><G129/><T6/><AGARI ba="0,0" hai="5,6,8,14,19,41,42,43,54,58,62" m="19049" machi="6" ten="30,1100,0" yaku="8,1" doraHai="96" who="0" fromWho="0" sc="154,11,252,-3,304,-5,290,-3" /><INIT seed="3,0,0,5,1,6" ten="165,249,299,287" oya="3" hai0="69,88,50,77,70,114,57,31,7,135,62,47,131" hai1="128,56,72,38,25,23,96,85,9,122,49,115,48" hai2="111,67,58,90,0,63,130,2,127,11,101,28,103" hai3="26,60,123,18,106,32,65,10,27,78,20,17,44"/><W107/><G123/><T34/><D114/><U71/><E122/><V121/><F121/><W37/><G78/><T108/><D135/><U132/><E72/><V81/><F28/><W21/><G32/><T68/><D77/><U53/><E71/><V124/><F130/><W79/><G79/><T80/><D131/><U112/><E128/><V43/><F43/><W119/><G119/><T51/><D34/><U5/><E38/><V74/><F111/><W110/><G110/><T113/><D31/><U104/><E132/><V19/><F2/><W42/><G10/><T41/><D113/><U82/><E96/><V83/><F74/><W116/><G116/><T109/><D7/><U100/><E100/><N who="2" m="38475" /><F90/><W98/><G98/><T105/><D105/><U39/><E39/><V97/><F97/><W12/><G12/><T102/><D102/><U30/><E104/><V16/><F0/><W91/><G91/><T134/><D134/><U15/><REACH who="1" step="1"/><E49/><REACH who="1" ten="165,239,299,287" step="2"/><V66/><F127/><W94/><G94/><T117/><D117/><U99/><E99/><V1/><F124/><W75/><G75/><T54/><D88/><AGARI ba="0,1" hai="5,9,15,23,25,30,48,53,56,82,85,88,112,115" machi="88" ten="30,7700,0" yaku="1,1,7,1,52,1,54,1,53,0" doraHai="6" doraHaiUra="33" who="1" fromWho="0" sc="165,-77,239,87,299,0,287,0" owari="88,-41.0,326,42.0,299,10.0,287,-11.0" /></mjloggm>