<mjloggm ver="2.3"><GO type="97" lobby="0"/><UN n0="%E3%82%A6%E3%83%AB%E3%83%88%E3%83%A9%E7%AB%8B%E7%9B%B4" n1="%E3%81%B5%E3%81%A3%E3%81%8D" n2="%E7%A7%98%E6%9B%B8%E4%BF%82" n3="%E3%82%A2%E3%82%B7%E3%83%A5%E3%83%AA%E3%83%BC" dan="13,14,14,14" rate="1910.05,1936.60,1900.83,1939.34" sx="M,M,M,F"/><TAIKYOKU oya="0"/><INIT seed="0,0,0,4,5,14" ten="250,250,250,250" oya="0" hai0="112,20,26,54,15,51,49,129,89,22,52,53,25" hai1="19,93,100,82,98,5,64,71,0,125,115,27,128" hai2="77,126,132,37,3,46,122,121,32,8,12,65,99" hai3="123,107,13,72,48,135,38,101,58,95,119,114,108"/><T81/><D129/><U124/><E128/><V109/><F3/><W94/><G38/><T23/><D112/><U1/><E115/><V9/><F32/><W63/><G72/><T43/><D15/><U11/><E82/><V80/><F126/><W44/><G114/><T24/><D43/><U96/><E96/><V47/><F37/><W21/><G119/><T88/><D81/><U79/><E79/><V7/><F132/><W74/><G74/><T116/><REACH who="0" step="1"/><D116/><REACH who="0" ten="240,250,250,250" step="2"/><U133/><E1/><V50/><F109/><W85/><G108/><T57/><D57/><U69/><E133/><V62/><F122/><W111/><G135/><T131/><D131/><U34/><E0/><V33/><F121/><W92/><G123/><T97/><D97/><U30/><E124/><V66/><F99/><W120/><G120/><T6/><D6/><U35/><E125/><V105/><F7/><W60/><G111/><T67/><D67/><U40/><E64/><V134/><F66/><W29/><G58/><T41/><D41/><U45/><E69/><V104/><F65/><W127/><G127/><T86/><D86/><U31/><E71/><V68/><F68/><W10/><G85/><T36/><D36/><U118/><E118/><V90/><F134/><W91/><G13/><T59/><D59/><U117/><E117/><V56/><F12/><W18/><G44/><T39/><D39/><N who="1" m="21663" /><E5/><V84/><F46/><W73/><G73/><T102/><D102/><U106/><E27/><V76/><F84/><W78/><G101/><T75/><D75/><U2/><E2/><V55/><F47/><RYUUKYOKU ba="0,1" sc="240,30,250,-10,250,-10,250,-10" hai0="20,22,23,24,25,26,49,51,52,53,54,88,89" /><INIT seed="0,1,1,4,3,78" ten="270,240,240,240" oya="0" hai0="36,12,119,96,122,18,69,16,51,103,54,76,42" hai1="81,41,87,124,67,43,86,74,134,129,46,77,79" hai2="21,132,94,121,14,37,1,75,68,64,101,24,28" hai3="15,13,95,114,44,125,17,90,7,83,117,30,58"/><T84/><D69/><U0/><E134/><V52/><F75/><W27/><G117/><T35/><D35/><U6/><E129/><V71/><F37/><W32/><G125/><T133/><D119/><U127/><E67/><V118/><F1/><W72/><G114/><T26/><D122/><U19/><E19/><V120/><F121/><W49/><G58/><T4/><D133/><U105/><E105/><V100/><F120/><W99/><G7/><T91/><D76/><U102/><E102/><V60/><F118/><W25/><G25/><T97/><D42/><U45/><E79/><V8/><F71/><W89/><G72/><T92/><D36/><N who="1" m="21671" /><E86/><V113/><F113/><W3/><G3/><T31/><D31/><U98/><E98/><N who="0" m="37993" /><D26/><U104/><E104/><V126/><F94/><W106/><G106/><T128/><D103/><U56/><E56/><V22/><F22/><W131/><G131/><T61/><D61/><U109/><E109/><V53/><F132/><W66/><G66/><T65/><D65/><U34/><E34/><V38/><F38/><W135/><G135/><T29/><D29/><U70/><E70/><V63/><F126/><N who="1" m="48169" /><E87/><V11/><F60/><W115/><G115/><T40/><D128/><U48/><E6/><V123/><F123/><W20/><G32/><T9/><D40/><U88/><E0/><V112/><F112/><W57/><G30/><T33/><D33/><U82/><E88/><V55/><F11/><W111/><G57/><AGARI ba="1,1" hai="4,9,12,16,18,51,54,57,84,91,92" m="37993" machi="57" ten="30,2900,0" yaku="8,1,54,1" doraHai="78" who="0" fromWho="3" sc="270,42,240,0,240,0,240,-32" /><INIT seed="0,2,0,0,3,117" ten="312,240,240,208" oya="0" hai0="22,101,67,12,15,6,21,88,58,100,96,43,30" hai1="66,27,14,99,8,123,132,75,24,28,34,7,91" hai2="70,31,122,133,35,18,102,94,124,104,85,93,33" hai3="45,118,125,110,82,92,65,51,87,95,127,130,108"/><T80/><D43/><U81/><E66/><V71/><F104/><W84/><G118/><T86/><D6/><U131/><E75/><V90/><F124/><N who="3" m="47691" /><G65/><T89/><D89/><U64/><E64/><V9/><F133/><W3/><G3/><T120/><D120/><U52/><E132/><V134/><F134/><W5/><G5/><T50/><D101/><U68/><E68/><V55/><F122/><W113/><G113/><T32/><D32/><U62/><E123/><V116/><F116/><W129/><G51/><T57/><D57/><U53/><E131/><N who="3" m="50186" /><G45/><T41/><D41/><U61/><E27/><V25/><F35/><W114/><G114/><T98/><D50/><U26/><E26/><V119/><F119/><W76/><G87/><T46/><D46/><U78/><E61/><V112/><F112/><W69/><G69/><T60/><D58/><U10/><E10/><V36/><F36/><W54/><G54/><T19/><D60/><U103/><E62/><V42/><F42/><W59/><G59/><T105/><D67/><U4/><E4/><V11/><F11/><W63/><G63/><T73/><D30/><U40/><E40/><V38/><F38/><W79/><G79/><T37/><D37/><U115/><E115/><V109/><F55/><W2/><G2/><T106/><D21/><U97/><E53/><V1/><F70/><W39/><G39/><T48/><D48/><U44/><E7/><N who="2" m="1263" /><F71/><W23/><G23/><T107/><D22/><U111/><E34/><V20/><F20/><W0/><G0/><T56/><D56/><U135/><E135/><RYUUKYOKU ba="2,0" sc="312,-10,240,-10,240,-10,208,30" hai3="76,82,84,92,95,108,110" /><INIT seed="1,3,0,2,0,116" ten="302,230,230,238" oya="1" hai0="89,114,113,71,33,42,112,80,41,43,98,65,101" hai1="126,59,76,31,124,117,11,12,118,73,95,66,51" hai2="20,46,27,62,79,88,91,105,94,133,83,129,134" hai3="29,78,132,127,38,109,45,4,86,69,32,106,5"/><U90/><E31/><V63/><F105/><W85/><G69/><T48/><D33/><U72/><E76/><V84/><F46/><W96/><G106/><T70/><D89/><U92/><E66/><V87/><F129/><W37/><G109/><T50/><D80/><U0/><E0/><V123/><F123/><W110/><G110/><T49/><D65/><U35/><E35/><V108/><F108/><W2/><G132/><N who="2" m="50793" /><F91/><W97/><G127/><N who="1" m="48682" /><E59/><V47/><F47/><W77/><G29/><AGARI ba="3,0" hai="20,27,29,62,63,79,83,84,87,88,94" m="50793" machi="29" ten="30,2000,0" yaku="20,1,54,1" doraHai="116" who="2" fromWho="3" sc="302,0,230,0,230,29,238,-29" /><INIT seed="2,0,0,1,0,47" ten="302,230,259,209" oya="2" hai0="97,37,19,103,74,3,104,62,80,76,26,73,45" hai1="33,75,93,119,52,78,54,4,115,41,114,130,112" hai2="118,18,84,77,133,128,38,71,69,28,109,23,98" hai3="5,31,85,42,135,101,58,55,36,1,6,94,107"/><V57/><F118/><W68/><G68/><T121/><D121/><U59/><E119/><V21/><F38/><W63/><G107/><T117/><D117/><U30/><E130/><V48/><F128/><W51/><G135/><T39/><D19/><U10/><E41/><V132/><F98/><N who="3" m="59607" /><G36/><T46/><D26/><U0/><E93/><V83/><F28/><W111/><G111/><T53/><D3/><U105/><E105/><V125/><F109/><W27/><G1/><T72/><D62/><U122/><E122/><V35/><F35/><W14/><G85/><T24/><D24/><U116/><E116/><V120/><F120/><W95/><G95/><T108/><D108/><U131/><E131/><V82/><F125/><W40/><G14/><T60/><D60/><U106/><E106/><V81/><F69/><W32/><G32/><T13/><D13/><U92/><E92/><V87/><F71/><W90/><G90/><T124/><D124/><U126/><E126/><V123/><F123/><W70/><G70/><T49/><D39/><U127/><E127/><V29/><F29/><W88/><G88/><T2/><D2/><U7/><E7/><N who="3" m="2570" /><G63/><T129/><D129/><U11/><E11/><V8/><F83/><W102/><G102/><T17/><D72/><U134/><E134/><N who="2" m="51819" /><F8/><W100/><G100/><T110/><D110/><U15/><E0/><V16/><F23/><W34/><G34/><T61/><D74/><U79/><E75/><V89/><F21/><W86/><G86/><T43/><D17/><U20/><E33/><V99/><F99/><W96/><G96/><RYUUKYOKU ba="0,0" sc="302,10,230,-30,259,10,209,10" hai0="37,43,45,46,49,53,61,73,76,80,97,103,104" hai2="16,18,48,57,77,81,82,84,87,89" hai3="27,31,40,42,51,55,58" /><INIT seed="2,1,0,0,1,31" ten="312,200,269,219" oya="2" hai0="105,132,69,134,129,135,40,14,115,83,93,11,112" hai1="25,113,16,43,122,128,10,100,4,17,80,67,29" hai2="102,60,7,52,55,108,62,119,120,47,85,91,130" hai3="15,65,58,111,8,127,45,33,96,89,78,107,73"/><V72/><F119/><W9/><G127/><T71/><D105/><U50/><E113/><N who="0" m="43593" /><D129/><U75/><E122/><V46/><F120/><W99/><G111/><T94/><D83/><U74/><E128/><V0/><F72/><W59/><G73/><T28/><D28/><U109/><E109/><V23/><F130/><W49/><G78/><T37/><D37/><U123/><E123/><V87/><F108/><W106/><G33/><T30/><D30/><U88/><E100/><V18/><F0/><W77/><G77/><T3/><D40/><U110/><E110/><V95/><F7/><W103/><G89/><T36/><D36/><U48/><E67/><V12/><F102/><W1/><G1/><T98/><D3/><U84/><E75/><V22/><F22/><W124/><G124/><T104/><D104/><U68/><E68/><N who="0" m="26185" /><D98/><U13/><E74/><V63/><F87/><W118/><G99/><T114/><N who="0" m="43601" /><T39/><DORA hai="44" /><D39/><U81/><E81/><V54/><AGARI ba="1,0" hai="12,18,23,46,47,52,54,55,60,62,63,85,91,95" machi="54" ten="30,6000,0" yaku="0,1,8,1,54,1" doraHai="31,44" who="2" fromWho="2" sc="312,-21,200,-21,269,63,219,-21" /><INIT seed="2,2,0,1,4,64" ten="291,179,332,198" oya="2" hai0="126,57,89,78,91,95,16,94,42,93,53,111,26" hai1="33,81,87,7,82,35,120,60,90,115,80,71,97" hai2="17,121,86,34,76,18,135,1,96,134,61,62,79" hai3="113,45,74,13,65,4,0,56,128,98,132,14,129"/><V92/><F121/><W19/><G74/><T101/><D111/><U63/><E115/><V55/><F34/><W66/><G113/><T52/><D126/><U104/><E120/><V5/><F1/><W58/><G132/><N who="2" m="50729" /><F5/><W83/><G83/><T51/><D78/><N who="2" m="29738" /><F86/><W22/><G45/><N who="0" m="26039" /><D101/><U3/><E7/><V88/><F61/><W44/><G44/><T54/><D57/><AGARI ba="2,0" hai="17,18,55,57,62,88,92,96" m="29738,50729" machi="57" ten="30,2900,0" yaku="20,1,54,1" doraHai="64" who="2" fromWho="0" sc="291,-35,179,0,332,35,198,0" /><INIT seed="2,3,0,2,0,43" ten="256,179,367,198" oya="2" hai0="68,72,126,71,58,93,37,28,59,1,104,48,120" hai1="99,15,125,90,57,101,86,2,96,73,63,84,108" hai2="13,74,117,69,103,95,55,46,134,61,128,89,132" hai3="113,111,75,106,18,129,62,65,87,25,52,100,8"/><V91/><F74/><W12/><G75/><T118/><D72/><U124/><E2/><V107/><F107/><W7/><G111/><T33/><D1/><U49/><E108/><V35/><F35/><W53/><G129/><T76/><D76/><U78/><E49/><N who="2" m="29111" /><F117/><W21/><G113/><T9/><D33/><U54/><E73/><V24/><F24/><W47/><G47/><T10/><D48/><U6/><E78/><V23/><F69/><W116/><G116/><T20/><D93/><U3/><E3/><V29/><F61/><W51/><G51/><T85/><D28/><U41/><E41/><V22/><F29/><W27/><G27/><T5/><D5/><U70/><E70/><V109/><F109/><W88/><G100/><T34/><D34/><U80/><E86/><V38/><F38/><W105/><G105/><T17/><D85/><U131/><E131/><V56/><F56/><N who="3" m="37063" /><G106/><T112/><D104/><U67/><E67/><V79/><F79/><W115/><G115/><T11/><D37/><U64/><E64/><V39/><F39/><W98/><G98/><T50/><D112/><U110/><E110/><V133/><F128/><W114/><G114/><T121/><D118/><U45/><E101/><V19/><F23/><W30/><G30/><T82/><D68/><U135/><E135/><V122/><F122/><W14/><G25/><N who="0" m="14479" /><D71/><U60/><E60/><V40/><F40/><W97/><G97/><AGARI ba="3,0" hai="13,19,22,89,91,95,97,103,132,133,134" m="29111" machi="97" ten="30,2900,0" yaku="20,1,52,1" doraHai="43" who="2" fromWho="3" sc="256,0,179,0,367,38,198,-38" /><INIT seed="2,4,0,0,4,35" ten="256,179,405,160" oya="2" hai0="70,127,71,61,95,14,24,67,63,59,124,121,3" hai1="8,118,45,21,54,80,23,115,10,40,2,32,5" hai2="99,122,109,9,51,88,75,27,78,49,92,20,132" hai3="68,125,44,82,114,53,135,90,48,112,60,7,94"/><V130/><F122/><W43/><G135/><T89/><D121/><U120/><E118/><V83/><F132/><W65/><G125/><N who="0" m="48203" /><D14/><U77/><E120/><V18/><F130/><W102/><G7/><T38/><D38/><U116/><E115/><N who="3" m="44074" /><G102/><T13/><D13/><U46/><E54/><V84/><F109/><W100/><G100/><T17/><D3/><U93/><E93/><V50/><REACH who="2" step="1"/><F9/><REACH who="2" ten="256,179,395,160" step="2"/><W86/><G94/><T110/><D110/><U106/><E10/><V15/><F15/><W113/><G113/><T1/><D1/><U119/><E8/><V56/><F56/><W0/><G0/><T96/><D70/><U101/><E2/><V126/><F126/><W26/><G26/><T69/><D69/><U91/><E46/><V129/><F129/><W131/><G131/><T103/><D24/><U6/><E45/><V108/><F108/><W41/><AGARI ba="4,1" hai="41,43,44,48,53,60,65,68,82,86,90" m="44074" machi="41" ten="30,1100,0" yaku="11,1" doraHai="35" who="3" fromWho="3" sc="256,-7,179,-7,395,-9,160,33" /><INIT seed="3,0,0,5,4,78" ten="249,172,386,193" oya="3" hai0="49,74,89,92,90,127,135,8,100,39,114,87,16" hai1="42,113,62,67,64,84,10,81,9,34,56,19,97" hai2="38,52,106,96,57,75,54,15,26,59,21,71,93" hai3="70,2,29,123,0,132,104,95,119,77,85,105,110"/><W36/><G36/><T134/><D74/><U79/><E113/><V91/><F75/><W94/><G70/><T6/><D39/><U48/><E34/><V35/><F71/><W124/><G123/><T112/><D127/><U115/><E115/><N who="0" m="44073" /><D16/><U47/><E67/><V20/><F38/><W63/><G63/><T31/><D31/><U7/><E7/><V68/><F68/><W118/><G124/><T99/><D49/><U88/><E19/><N who="2" m="10367" /><F35/><W11/><G29/><T1/><D90/><U133/><E133/><V50/><F106/><AGARI ba="0,0" hai="1,6,8,87,89,92,99,100,106,134,135" m="44073" machi="106" ten="30,1000,0" yaku="11,1" doraHai="78" who="0" fromWho="2" sc="249,10,172,0,386,-10,193,0" owari="259,6.0,172,-33.0,376,48.0,193,-21.0" /></mjloggm>