<mjloggm ver="2.3"><GO type="97" lobby="0"/><UN n0="%48%47%53%54" n1="%53%65%6E%74%69%61%6C" n2="%E3%81%BE%E3%81%A3%E3%81%8E%E3%82%87%E3%81%9F%E3%82%93" n3="%E5%B0%B1%E6%B4%BB%E7%94%9F%40%E5%B7%9D%E6%9D%91%E8%BB%8D%E5%9B%A3" dan="14,13,15,13" rate="1887.49,1896.48,1963.38,1848.18" sx="M,M,M,M"/><TAIKYOKU oya="0"/><INIT seed="0,0,0,2,3,101" ten="250,250,250,250" oya="0" hai0="4,15,104,117,51,21,130,6,89,26,71,46,34" hai1="8,42,113,134,90,106,49,56,19,52,36,27,40" hai2="14,3,131,112,97,29,114,121,50,35,107,135,39" hai3="44,30,65,120,86,28,128,54,62,99,68,111,96"/><T109/><D117/><U76/><E36/><V92/><F121/><W66/><G120/><T59/><D71/><U73/><E113/><V116/><F116/><W55/><G128/><T5/><D130/><U118/><E134/><V115/><F131/><W80/><G111/><T48/><D109/><U103/><E118/><V124/><F135/><W53/><G66/><T85/><D34/><U18/><E73/><V94/><F124/><W95/><G44/><T67/><D104/><U41/><E76/><V78/><F78/><W60/><G60/><N who="0" m="38303" /><D15/><U16/><E27/><V69/><F39/><W82/><G82/><N who="0" m="49335" /><D46/><U61/><E8/><V77/><F3/><W2/><G2/><T33/><D33/><U87/><E103/><V108/><F108/><W11/><G11/><T105/><D105/><U9/><E106/><V79/><F14/><W17/><G17/><AGARI ba="0,0" hai="4,5,6,17,21,26,48,51" m="49335,38303" machi="17" ten="30,1500,0" yaku="8,1" doraHai="101" who="0" fromWho="3" sc="250,15,250,0,250,0,250,-15" /><INIT seed="0,1,0,0,3,69" ten="265,250,250,235" oya="0" hai0="1,96,17,3,95,53,129,10,0,105,132,20,110" hai1="60,75,74,72,99,88,43,71,62,109,24,6,116" hai2="94,15,131,103,127,18,125,87,13,12,80,85,107" hai3="83,119,44,77,90,52,113,54,82,134,101,57,97"/><T79/><D105/><U121/><E116/><V128/><F18/><W76/><G113/><T38/><D79/><U16/><E121/><V41/><F41/><W130/><G119/><T19/><D132/><U135/><E135/><V117/><F117/><W100/><G134/><T104/><D104/><U70/><E43/><V86/><F107/><W89/><G130/><N who="2" m="49705" /><F80/><W36/><G97/><AGARI ba="1,0" hai="12,13,15,85,86,87,94,97,103,125,127" m="49705" machi="97" ten="40,1300,0" yaku="19,1" doraHai="69" who="2" fromWho="3" sc="265,0,250,0,250,16,235,-16" /><INIT seed="1,0,0,4,2,68" ten="265,250,266,219" oya="1" hai0="18,108,17,120,50,35,82,73,20,14,96,86,2" hai1="107,62,10,75,117,42,61,26,91,76,81,103,7" hai2="79,31,5,56,113,45,84,0,63,53,4,132,52" hai3="133,38,24,33,100,59,114,21,23,39,1,47,25"/><U66/><E117/><V9/><F113/><W110/><G1/><T118/><D73/><U131/><E42/><V116/><F116/><W80/><G33/><T71/><D118/><U44/><E44/><V121/><F132/><W30/><G114/><T128/><D71/><U111/><E26/><V104/><F104/><W102/><G133/><T119/><D119/><U123/><E123/><V36/><F121/><W48/><G110/><T99/><D120/><U15/><E111/><V94/><F31/><W6/><G6/><T83/><D108/><U29/><E29/><V74/><F5/><W72/><G59/><T98/><D128/><U67/><E131/><V125/><F125/><W92/><G72/><T57/><D35/><U130/><E130/><V43/><F94/><W127/><G80/><T28/><D2/><U27/><E27/><V11/><F11/><W22/><G127/><T90/><D82/><U65/><E91/><V78/><F84/><W19/><G23/><T85/><D85/><U101/><REACH who="1" step="1"/><E107/><REACH who="1" ten="265,240,266,219" step="2"/><V77/><REACH who="2" step="1"/><F74/><REACH who="2" ten="265,240,256,219" step="2"/><W55/><REACH who="3" step="1"/><G100/><AGARI ba="0,2" hai="7,10,15,61,62,65,66,67,75,76,81,100,101,103" machi="100" ten="40,3900,0" yaku="1,1,2,1,53,0" doraHai="68" doraHaiUra="109" who="1" fromWho="3" sc="265,0,240,59,256,0,219,-39" /><INIT seed="1,1,0,2,4,16" ten="265,299,256,180" oya="1" hai0="89,81,12,29,132,113,49,7,86,92,88,43,70" hai1="126,21,66,57,103,108,56,33,106,41,60,62,11" hai2="131,40,129,122,4,10,32,9,119,109,111,112,79" hai3="101,24,65,121,52,97,84,93,13,20,47,6,0"/><U67/><E33/><V107/><F79/><W120/><G0/><T100/><D113/><U19/><E11/><N who="2" m="4107" /><F40/><W99/><G6/><T63/><D132/><U46/><E126/><V22/><F107/><W31/><G13/><T105/><D29/><U23/><E108/><N who="2" m="41547" /><F4/><W54/><G65/><T95/><D12/><U64/><E66/><V26/><F119/><W124/><G124/><T30/><D7/><U1/><E1/><V104/><F104/><W59/><G97/><T72/><D30/><U25/><E106/><V18/><F112/><W134/><G134/><T36/><D36/><U39/><E103/><V75/><F75/><W37/><G84/><N who="0" m="52231" /><D70/><U69/><REACH who="1" step="1"/><E23/><REACH who="1" ten="265,289,256,180" step="2"/><V17/><F122/><W133/><G133/><T127/><D127/><U91/><E91/><V130/><F32/><W117/><G117/><T5/><D105/><U15/><E15/><V68/><F68/><AGARI ba="1,1" hai="19,21,25,39,41,46,56,57,60,62,64,67,68,69" machi="68" ten="30,12000,1" yaku="1,1,7,1,9,1,52,1,53,1" doraHai="16" doraHaiUra="14" who="1" fromWho="2" sc="265,0,289,133,256,-123,180,0" /><INIT seed="1,2,0,5,1,66" ten="265,422,133,180" oya="1" hai0="30,62,18,15,17,5,28,118,122,113,90,45,96" hai1="132,58,125,116,102,60,52,39,92,124,104,56,61" hai2="70,0,76,35,36,67,99,77,29,20,117,40,19" hai3="26,88,100,79,68,34,50,63,112,55,108,31,74"/><U42/><E104/><V23/><F117/><W86/><G112/><T4/><D45/><N who="1" m="23775" /><E116/><V121/><F121/><W114/><G114/><T48/><D48/><U85/><E102/><V16/><F0/><W119/><G119/><T127/><D62/><U54/><E85/><V101/><F40/><W95/><G108/><T11/><D118/><U89/><E89/><V129/><F36/><W43/><G100/><T3/><D96/><U133/><E92/><V71/><F129/><W82/><G43/><T13/><D90/><U72/><E72/><V115/><F115/><W57/><REACH who="3" step="1"/><G68/><REACH who="3" ten="265,422,133,170" step="2"/><N who="2" m="26153" /><F67/><W105/><G105/><T41/><D41/><U65/><E65/><V107/><F107/><W46/><G46/><T87/><D113/><U84/><E84/><V51/><F101/><W7/><G7/><T130/><D130/><U106/><E106/><V69/><N who="2" m="26161" /><V123/><DORA hai="24" /><F123/><W2/><G2/><T25/><D122/><U131/><E131/><V134/><F134/><AGARI ba="2,1" hai="52,54,56,58,60,61,124,125,132,133,134" m="23775" machi="134" ten="30,11600,0" yaku="20,1,34,2,54,1" doraHai="66,24" who="1" fromWho="2" sc="265,0,422,132,133,-122,170,0" /><INIT seed="1,3,0,4,2,51" ten="265,554,11,170" oya="1" hai0="21,128,44,133,79,42,114,104,96,15,66,7,41" hai1="116,101,29,18,16,58,81,95,6,65,8,129,20" hai2="121,97,118,32,78,84,134,72,43,64,92,86,17" hai3="31,25,63,10,130,59,85,82,87,131,112,127,83"/><U111/><E116/><V126/><F118/><W122/><G122/><T117/><D114/><U23/><E81/><V9/><F121/><W94/><G112/><T62/><D117/><U12/><E101/><V3/><F32/><W61/><G127/><T33/><D33/><U48/><E129/><V113/><F113/><W70/><G70/><T13/><D79/><U88/><E111/><V105/><F126/><W75/><G75/><T24/><D128/><U1/><E29/><V37/><F64/><W52/><G10/><T45/><D133/><U69/><E69/><V28/><F28/><W55/><G94/><T99/><D7/><U123/><E123/><V125/><F125/><W0/><G0/><T39/><D104/><U50/><E65/><V132/><F105/><W11/><G11/><T30/><D99/><U56/><E50/><V14/><F3/><W67/><G130/><T107/><D96/><U90/><E90/><N who="2" m="55447" /><F37/><W106/><G106/><T74/><D74/><U57/><E48/><V38/><F38/><W47/><G131/><T49/><D107/><U91/><REACH who="1" step="1"/><E95/><REACH who="1" ten="265,544,11,170" step="2"/><V27/><F43/><W89/><G47/><T5/><D41/><U19/><E19/><V35/><F35/><W34/><REACH who="3" step="1"/><G63/><REACH who="3" ten="265,544,11,160" step="2"/><T80/><D62/><U53/><E53/><V46/><F46/><W100/><G100/><T26/><D44/><U60/><E60/><V4/><F72/><W68/><G68/><T102/><D45/><U22/><E22/><N who="2" m="13775" /><F78/><AGARI ba="3,2" hai="25,31,34,52,55,59,61,67,78,82,83,85,87,89" machi="78" ten="30,8000,1" yaku="1,1,7,1,52,2,54,1,53,0" doraHai="51" doraHaiUra="115" who="3" fromWho="2" sc="265,0,544,0,11,-89,160,109" owari="265,-13.0,544,64.0,-78,-58.0,269,7.0" /></mjloggm>