<mjloggm ver="2.3"><GO type="97" lobby="0"/><UN n0="%E3%82%B1%E3%83%9F%E3%82%AB%E3%83%AB" n1="%E4%B8%80%E7%99%BA%E3%83%84%E3%83%A2%E3%80%82" n2="%E3%82%A6%E3%83%AB%E3%83%88%E3%83%A9%E7%AB%8B%E7%9B%B4" n3="%4D%69%4D%61%2E" dan="15,14,13,15" rate="2013.58,1968.40,1838.07,1935.61" sx="M,M,M,M"/><TAIKYOKU oya="0"/><INIT seed="0,0,0,3,4,77" ten="250,250,250,250" oya="0" hai0="107,54,45,9,115,47,130,35,79,23,15,126,53" hai1="64,132,76,127,49,110,24,88,98,57,19,20,105" hai2="128,1,82,73,46,28,109,3,6,133,68,62,124" hai3="34,83,37,74,55,18,116,52,75,2,106,125,8"/><T14/><D14/><BYE who="0" /><U29/><E132/><V5/><F124/><UN n0="%E3%82%B1%E3%83%9F%E3%82%AB%E3%83%AB" /><W114/><G106/><T39/><D115/><U61/><E127/><V85/><F133/><W4/><G116/><T81/><D126/><U43/><E110/><V22/><F109/><W70/><G114/><T42/><D107/><U135/><E135/><V13/><F73/><W100/><G70/><T7/><D130/><U113/><E113/><V84/><F128/><W95/><G34/><T38/><D35/><U71/><E76/><V121/><F121/><W92/><G37/><T129/><D129/><U40/><E71/><V119/><F119/><W91/><G100/><T44/><D23/><U72/><E72/><V30/><F68/><W17/><G2/><T11/><D11/><U36/><E36/><V59/><F46/><W96/><G8/><T10/><D10/><U93/><E105/><V33/><F33/><W66/><G96/><T58/><D39/><U25/><REACH who="1" step="1"/><E49/><REACH who="1" ten="250,240,250,250" step="2"/><V103/><F3/><W117/><G117/><T63/><D54/><U97/><E97/><V122/><F1/><W50/><G55/><T86/><AGARI ba="0,1" hai="7,9,15,38,42,44,45,47,53,58,63,79,81,86" machi="86" ten="20,3900,0" yaku="0,1,7,1,52,1" doraHai="77" who="0" fromWho="0" sc="250,49,240,-13,250,-13,250,-13" /><INIT seed="0,1,0,4,0,105" ten="299,227,237,237" oya="0" hai0="21,24,82,107,45,48,50,123,19,129,102,117,51" hai1="16,29,20,67,124,109,134,86,15,81,63,76,77" hai2="55,47,110,79,101,115,104,71,97,9,43,126,113" hai3="40,90,12,95,94,68,32,88,85,35,118,7,96"/><T3/><D123/><U11/><E109/><V108/><F126/><W26/><G118/><T56/><D117/><U106/><E124/><V0/><F55/><W27/><G68/><T84/><D129/><U25/><E134/><V125/><F71/><W89/><G40/><T132/><D132/><U6/><E106/><V36/><F79/><W98/><G35/><T18/><D3/><U116/><E116/><V91/><F91/><W121/><G121/><T10/><D102/><U114/><E114/><N who="2" m="43531" /><F125/><W112/><G32/><T100/><D100/><U65/><E77/><V52/><F52/><W60/><G60/><T72/><D72/><U31/><REACH who="1" step="1"/><E67/><REACH who="1" ten="299,217,237,237" step="2"/><V23/><F108/><W122/><G112/><T2/><D107/><U73/><E73/><V57/><F110/><W22/><G122/><T53/><D45/><U83/><E83/><V103/><F47/><W37/><G37/><T62/><D2/><U127/><E127/><V131/><F0/><W128/><G128/><T17/><D10/><U58/><AGARI ba="1,1" hai="6,11,15,16,20,25,29,31,58,63,65,76,81,86" machi="58" ten="20,8000,1" yaku="1,1,0,1,7,1,8,1,54,1,53,0" doraHai="105" doraHaiUra="133" who="1" fromWho="1" sc="299,-41,217,93,237,-21,237,-21" /><INIT seed="1,0,0,4,0,80" ten="258,310,216,216" oya="1" hai0="55,45,105,13,49,66,70,41,12,98,95,124,127" hai1="6,118,8,121,116,103,102,99,29,4,133,73,82" hai2="43,19,54,22,131,69,93,84,126,51,100,16,76" hai3="114,17,79,15,53,106,123,61,24,107,91,89,23"/><U36/><E121/><V1/><F69/><W7/><G123/><T56/><D105/><U122/><E122/><V25/><F1/><W52/><G114/><T26/><D26/><U81/><E36/><V111/><F111/><W40/><G40/><T85/><D85/><U39/><E39/><V2/><F2/><W119/><G119/><T21/><D21/><U10/><E29/><N who="2" m="17591" /><F126/><N who="0" m="48170" /><D66/><U115/><E99/><N who="2" m="59503" /><F131/><W130/><G130/><T9/><D9/><U3/><E73/><V67/><F43/><W47/><G106/><T27/><D27/><U101/><E115/><V60/><F67/><W35/><G107/><T37/><D70/><U78/><E78/><V117/><F117/><W77/><G35/><T129/><D129/><U5/><E133/><V92/><F19/><W62/><G7/><T28/><D28/><U68/><E68/><V32/><F16/><W33/><G33/><T58/><D58/><U94/><E94/><V20/><F20/><W71/><G71/><T65/><D65/><U120/><E120/><V11/><F11/><N who="1" m="4137" /><E3/><V88/><F32/><W87/><G23/><T125/><N who="0" m="48178" /><T38/><DORA hai="112" /><D38/><U44/><E44/><N who="2" m="28007" /><F76/><W86/><G47/><T0/><D0/><U57/><E57/><V108/><F108/><W134/><G17/><T31/><D31/><U50/><E50/><V74/><F74/><W64/><G64/><T113/><D113/><U42/><E42/><V90/><F90/><AGARI ba="0,0" hai="12,13,37,41,45,49,55,56,90,95,98" m="48178" machi="90" ten="40,1300,0" yaku="18,1" doraHai="80,112" who="0" fromWho="2" sc="258,13,310,0,216,-13,216,0" /><INIT seed="2,0,0,0,4,0" ten="271,310,203,216" oya="2" hai0="105,96,82,103,51,69,27,16,57,23,56,112,47" hai1="114,100,77,61,10,130,93,28,119,67,80,41,128" hai2="107,121,65,35,127,22,44,6,64,83,118,92,34" hai3="87,110,11,19,134,73,45,108,38,5,117,55,60"/><V131/><F107/><W68/><G73/><T48/><D112/><U125/><E114/><V52/><F121/><W123/><G123/><T1/><D1/><U95/><E119/><V106/><F118/><W129/><G117/><T53/><D69/><U15/><E125/><V24/><F106/><W126/><G126/><T76/><REACH who="0" step="1"/><D51/><REACH who="0" ten="261,310,203,216" step="2"/><U13/><E128/><V90/><F131/><W122/><G129/><T62/><D62/><U14/><E130/><V99/><F127/><W25/><G68/><T104/><D104/><U98/><E61/><V84/><F34/><W102/><G122/><T50/><D50/><U124/><E124/><V66/><F35/><W89/><G60/><T109/><D109/><U32/><E32/><V74/><F74/><AGARI ba="0,1" hai="16,23,27,47,48,53,56,57,74,76,82,96,103,105" machi="74" ten="30,7700,0" yaku="1,1,7,1,54,1,53,1" doraHai="0" doraHaiUra="43" who="0" fromWho="2" sc="261,87,310,0,203,-77,216,0" /><INIT seed="3,0,0,0,0,115" ten="348,310,126,216" oya="3" hai0="18,5,56,44,91,130,9,39,123,4,42,21,15" hai1="107,41,99,93,59,85,64,84,38,50,6,125,133" hai2="60,97,46,100,116,71,73,98,105,13,52,8,29" hai3="104,1,134,30,106,103,80,135,90,131,83,108,75"/><W25/><G1/><T129/><D123/><U113/><E113/><V0/><F73/><W57/><G131/><N who="0" m="50187" /><D56/><U128/><E128/><V54/><F0/><W33/><G57/><T58/><D58/><U117/><E125/><V77/><F77/><N who="3" m="44095" /><G103/><T51/><D39/><U101/><E133/><N who="3" m="50698" /><G108/><T28/><D91/><U76/><E38/><V48/><F98/><W78/><G90/><T26/><AGARI ba="0,0" hai="4,5,9,15,18,21,26,28,42,44,51" m="50187" machi="26" ten="30,1100,0" yaku="19,1" doraHai="115" who="0" fromWho="0" sc="348,11,310,-3,126,-3,216,-5" owari="359,46.0,307,11.0,123,-38.0,211,-19.0" /></mjloggm>