<mjloggm ver="2.3"><GO type="41" lobby="0"/><UN n0="%4C%4C%35%36%38" n1="%64%64%64%6F%6E%31%31" n2="%E3%83%AF%E3%82%AF%E3%83%AF%E3%82%AF" n3="%E5%B0%B1%E6%B4%BB%E7%94%9F%40%E5%B7%9D%E6%9D%91%E8%BB%8D%E5%9B%A3" dan="13,15,15,15" rate="1828.08,1984.61,1929.66,1984.68" sx="M,M,M,M"/><TAIKYOKU oya="0"/><INIT seed="0,0,0,4,5,94" ten="250,250,250,250" oya="0" hai0="66,105,128,100,70,127,62,42,71,64,115,3,17" hai1="63,121,125,39,65,23,133,135,113,78,123,36,49" hai2="72,92,73,34,97,111,33,45,24,0,76,81,79" hai3="110,129,80,22,126,47,88,107,25,48,7,46,19"/><T86/><D115/><U119/><E119/><V93/><F111/><W26/><G110/><T108/><D108/><U38/><E78/><V57/><F0/><W89/><G126/><T2/><D42/><U12/><E113/><V37/><F92/><W41/><G129/><T74/><D17/><N who="1" m="10663" /><E49/><V106/><F106/><W101/><G7/><T29/><D86/><U27/><E27/><V44/><F57/><W103/><G26/><T122/><D122/><U28/><E28/><V21/><F76/><W50/><G80/><T114/><D114/><U20/><E20/><V83/><F83/><W112/><G112/><T120/><D120/><U43/><E43/><V6/><F6/><W60/><G60/><N who="0" m="40199" /><D127/><U99/><E99/><V95/><F95/><W56/><G56/><T116/><D116/><U96/><E96/><V87/><F72/><W14/><G25/><T109/><D109/><U1/><E125/><V61/><F61/><W75/><G75/><T18/><D18/><U118/><E1/><V130/><F73/><W4/><G4/><T98/><D128/><U8/><E118/><V59/><F59/><W67/><G67/><T85/><D85/><U117/><E117/><V55/><F130/><W84/><G84/><T30/><D74/><U69/><E8/><V9/><F9/><W40/><G107/><T104/><D30/><U91/><E91/><AGARI ba="0,0" hai="14,19,22,40,41,46,47,48,50,88,89,91,101,103" machi="91" ten="40,5200,0" yaku="9,1,8,1,54,1" doraHai="94" who="3" fromWho="1" sc="250,0,250,-52,250,0,250,52" /><INIT seed="1,0,0,2,2,102" ten="250,198,250,302" oya="1" hai0="23,65,4,68,45,117,6,17,100,83,132,133,81" hai1="55,125,105,85,56,101,114,109,11,91,38,106,79" hai2="24,7,9,42,131,16,97,70,3,18,116,64,63" hai3="46,76,84,57,118,73,12,120,86,90,49,99,2"/><U28/><E114/><V14/><F116/><W103/><G2/><T112/><D117/><U39/><E101/><V113/><F113/><W25/><G118/><T52/><D112/><U15/><E79/><V5/><F131/><W50/><G120/><T21/><D68/><U96/><E96/><V30/><F42/><W122/><G122/><T78/><D65/><U82/><E28/><V69/><F3/><W44/><G57/><T29/><D29/><U47/><E125/><V75/><F75/><W61/><G61/><T130/><D130/><U1/><E1/><V10/><F69/><W43/><G25/><T48/><D100/><U126/><E126/><V94/><F9/><W34/><G34/><T80/><D78/><U108/><E47/><V88/><REACH who="2" step="1"/><F7/><REACH who="2" ten="250,198,240,302" step="2"/><W58/><G73/><T123/><D123/><U128/><E128/><V62/><F62/><W60/><G12/><N who="0" m="9383" /><D23/><AGARI ba="0,1" hai="5,10,14,16,18,23,24,30,63,64,70,88,94,97" machi="23" ten="30,7700,0" yaku="1,1,7,1,54,2,53,0" doraHai="102" doraHaiUra="111" who="2" fromWho="0" sc="250,-77,198,0,240,87,302,0" /><INIT seed="2,0,0,5,5,0" ten="173,198,327,302" oya="2" hai0="43,48,115,117,16,98,103,86,4,87,104,57,35" hai1="46,126,95,20,130,108,28,122,71,51,82,94,63" hai2="68,111,75,70,9,56,84,78,17,33,47,12,74" hai3="55,99,41,89,112,121,91,67,15,128,79,6,26"/><V113/><F113/><W23/><G121/><T123/><D115/><U132/><E108/><V29/><F111/><W53/><G112/><T18/><D123/><U93/><E126/><V19/><F56/><W83/><G128/><T21/><D35/><U118/><E118/><V88/><F19/><W65/><G41/><T116/><D18/><U73/><E132/><V52/><F29/><W110/><G110/><T127/><D127/><U106/><E106/><V135/><F33/><W69/><G69/><T59/><D43/><U3/><E3/><V7/><F135/><W2/><G2/><T8/><D57/><U134/><E134/><V97/><F97/><W72/><G55/><T37/><D37/><U40/><E130/><V62/><F78/><W85/><G53/><T100/><D100/><U109/><E109/><V5/><F70/><W1/><G1/><T105/><D48/><U38/><E38/><V27/><F27/><W42/><G42/><T44/><D44/><U133/><E133/><V34/><F34/><W76/><G72/><T119/><D59/><U13/><E122/><V125/><F125/><W25/><G79/><T101/><D101/><U60/><E71/><V61/><F75/><W129/><G129/><T64/><D64/><N who="3" m="24649" /><G99/><T131/><D131/><U50/><E73/><V58/><F74/><W30/><G26/><N who="0" m="14631" /><D105/><U102/><E102/><V124/><F124/><W24/><G24/><T39/><D39/><U120/><E120/><V10/><F68/><W45/><G45/><T11/><D8/><AGARI ba="0,0" hai="6,8,15,23,25,30,76,83,85,89,91" m="24649" machi="8" ten="30,2000,0" yaku="8,1,52,1" doraHai="0" who="3" fromWho="0" sc="173,-20,198,0,327,0,302,20" /><INIT seed="3,0,0,4,0,49" ten="153,198,327,322" oya="3" hai0="50,2,93,64,28,79,60,17,126,18,130,35,25" hai1="72,59,73,125,104,61,77,71,94,51,127,99,46" hai2="63,22,20,3,116,53,133,83,89,101,69,111,52" hai3="134,15,112,24,103,62,33,91,48,109,56,117,47"/><W8/><G117/><T132/><D79/><U82/><E104/><V115/><F116/><W131/><G112/><T85/><D2/><U34/><E71/><V11/><F115/><W86/><G131/><T95/><D130/><U78/><E34/><V120/><F111/><W6/><G134/><T76/><D132/><U5/><E5/><V21/><F133/><W92/><G109/><T124/><D76/><U0/><E0/><V113/><F101/><W7/><G103/><T31/><D28/><U121/><E78/><V66/><F120/><W57/><G7/><T114/><D114/><U98/><E73/><V39/><F39/><W74/><G74/><T75/><D75/><U40/><E121/><V70/><F70/><W67/><G33/><T105/><D105/><U45/><E45/><V107/><F107/><W13/><G24/><T108/><D108/><U14/><E14/><V4/><REACH who="2" step="1"/><F113/><REACH who="2" ten="153,198,317,322" step="2"/><W26/><G26/><T32/><D35/><U29/><E127/><N who="0" m="48681" /><D85/><AGARI ba="0,1" hai="3,4,11,20,21,22,52,53,63,66,69,83,85,89" machi="85" ten="40,8000,1" yaku="1,1,52,2,54,1,53,0" doraHai="49" doraHaiUra="96" who="2" fromWho="0" sc="153,-80,198,0,317,90,322,0" /><INIT seed="4,0,0,0,4,78" ten="73,198,407,322" oya="0" hai0="115,129,40,9,112,45,35,102,4,13,100,133,103" hai1="66,2,58,56,8,20,110,124,6,77,119,94,65" hai2="89,120,98,86,122,126,41,69,87,17,33,113,38" hai3="10,108,26,28,128,104,18,123,107,5,30,68,99"/><T47/><D35/><U101/><E119/><V111/><F69/><W90/><G123/><T88/><D133/><U22/><E110/><V131/><F33/><W73/><G108/><T82/><D129/><U97/><E77/><V44/><F111/><W36/><G73/><T72/><D72/><U96/><E96/><V21/><F131/><W105/><G128/><T32/><D32/><U114/><E114/><N who="0" m="43561" /><D40/><U127/><E22/><V59/><F113/><W130/><G130/><T134/><D134/><U60/><E20/><V93/><F126/><W50/><G68/><T7/><D4/><U14/><E2/><V117/><F117/><W46/><G36/><T0/><D0/><U42/><E42/><V132/><F132/><W118/><G118/><T12/><D13/><U81/><E81/><V53/><F120/><W25/><G90/><T37/><D37/><U19/><E6/><V83/><F83/><W34/><G99/><T49/><D49/><U75/><E75/><V55/><F122/><W91/><G91/><T95/><D95/><U3/><E3/><V1/><F1/><W15/><G5/><T24/><D24/><U31/><E31/><V79/><F79/><W125/><G125/><N who="1" m="48202" /><E66/><V71/><F71/><AGARI ba="0,0" hai="8,14,19,56,58,60,65,71,94,97,101" m="48202" machi="71" ten="30,1000,0" yaku="18,1" doraHai="78" who="1" fromWho="2" sc="73,0,198,10,407,-10,322,0" /><INIT seed="5,0,0,5,3,107" ten="73,208,397,322" oya="1" hai0="57,58,42,3,135,69,5,82,68,20,115,53,114" hai1="98,52,8,44,22,11,90,100,37,118,134,81,29" hai2="84,27,119,101,7,79,110,45,120,31,55,77,39" hai3="54,73,35,64,116,124,88,78,47,21,108,127,26"/><U40/><E118/><V129/><F110/><W46/><G35/><T93/><D82/><U99/><E134/><V17/><F119/><W103/><G116/><T65/><D93/><U95/><E81/><V74/><F120/><W72/><G108/><T67/><D20/><U18/><E29/><V112/><F74/><W104/><G64/><T111/><D5/><U34/><E34/><V70/><F70/><W83/><G54/><T71/><D3/><U24/><REACH who="1" step="1"/><E52/><REACH who="1" ten="73,198,397,322" step="2"/><V0/><F55/><W50/><G50/><T92/><D135/><U51/><E51/><V106/><F31/><W102/><G47/><T48/><D92/><AGARI ba="0,1" hai="8,11,18,22,24,37,40,44,90,92,95,98,99,100" machi="92" ten="30,2900,0" yaku="1,1,7,1,53,0" doraHai="107" doraHaiUra="128" who="1" fromWho="0" sc="73,-29,198,39,397,0,322,0" /><INIT seed="5,1,0,2,1,58" ten="44,237,397,322" oya="1" hai0="30,130,78,115,26,83,38,29,88,17,1,33,94" hai1="45,59,51,79,3,32,14,104,68,11,54,64,71" hai2="37,105,9,134,35,55,108,46,47,97,52,66,12" hai3="22,91,65,129,13,128,124,44,95,67,133,19,60"/><U120/><E32/><V76/><F108/><W117/><G117/><T90/><D1/><U119/><E104/><V86/><F35/><W57/><G124/><T100/><D38/><U21/><E120/><V7/><F134/><W10/><G133/><T0/><D115/><U127/><E127/><V107/><F66/><W106/><G106/><T18/><D0/><U70/><E119/><V111/><F111/><W80/><G80/><T96/><D130/><N who="3" m="50281" /><G44/><T28/><D33/><U84/><E3/><V72/><F72/><W61/><G10/><T114/><D114/><U16/><E79/><V131/><F131/><W122/><G122/><T126/><D126/><U6/><E84/><V23/><F23/><W69/><G95/><T25/><D78/><U125/><E125/><V109/><F109/><W36/><G91/><T8/><D8/><U39/><E39/><AGARI ba="1,0" hai="13,19,22,36,39,57,60,61,65,67,69" m="50281" machi="39" ten="30,3900,0" yaku="19,1,52,2" doraHai="58" who="3" fromWho="1" sc="44,0,237,-42,397,0,322,42" /><INIT seed="6,0,0,0,1,6" ten="44,195,397,364" oya="2" hai0="86,13,26,127,20,34,83,114,134,27,111,39,58" hai1="104,113,17,93,122,40,133,66,77,48,116,12,28" hai2="121,59,81,16,4,33,57,120,123,41,87,65,80" hai3="119,55,31,101,79,19,50,88,128,68,38,115,8"/><V91/><F33/><W89/><G38/><T69/><D39/><U103/><E116/><V56/><F65/><W60/><G119/><T36/><D69/><U2/><E2/><V118/><F118/><W135/><G115/><T70/><D36/><U5/><E113/><V76/><F4/><W10/><G128/><T124/><D70/><U95/><E104/><V85/><F41/><W100/><G135/><T129/><D114/><U1/><E1/><V90/><F76/><W82/><G68/><T63/><D111/><U67/><E77/><V98/><F98/><W105/><G60/><T73/><D73/><U64/><E28/><V72/><F72/><W54/><G31/><T130/><D34/><U75/><E75/><V92/><F92/><W106/><G19/><AGARI ba="0,0" hai="16,19,56,57,59,80,81,85,87,90,91,120,121,123" machi="19" ten="50,4800,0" yaku="9,1,54,1" doraHai="6" who="2" fromWho="3" sc="44,0,195,0,397,48,364,-48" /><INIT seed="6,1,0,2,5,20" ten="44,195,445,316" oya="2" hai0="68,29,126,35,76,59,107,50,19,93,48,110,52" hai1="70,103,74,30,119,8,69,83,71,67,81,113,92" hai2="4,24,117,122,104,100,12,101,99,111,21,105,135" hai3="64,44,132,47,15,116,112,85,34,51,22,46,94"/><V121/><F117/><W58/><G34/><T10/><D107/><U61/><E119/><V11/><F135/><W115/><G116/><T66/><D110/><U133/><E133/><V40/><F111/><W108/><G132/><T23/><D76/><U57/><E74/><V37/><F37/><W2/><G2/><T87/><D126/><U124/><E124/><V65/><F40/><W129/><G129/><T54/><D68/><U131/><E131/><V127/><F127/><W31/><G108/><T75/><D75/><U73/><E73/><V109/><F109/><W63/><G51/><T42/><D42/><U26/><E8/><V56/><F101/><W49/><G49/><T17/><D66/><U79/><E79/><V43/><F43/><W125/><G125/><T98/><D35/><U130/><E130/><V86/><F86/><W95/><G85/><T45/><D87/><U9/><E9/><V123/><F105/><W3/><G3/><T6/><D6/><U32/><E113/><N who="3" m="43594" /><G31/><T96/><D10/><U18/><E18/><AGARI ba="1,0" hai="15,18,22,44,46,47,58,63,64,94,95" m="43594" machi="18" ten="30,2000,0" yaku="15,1,11,1" doraHai="20" who="3" fromWho="1" sc="44,0,195,-23,445,0,316,23" /><INIT seed="7,0,0,1,4,52" ten="44,172,445,339" oya="3" hai0="69,32,12,48,71,55,59,120,67,16,135,5,35" hai1="40,49,62,124,115,22,54,29,43,86,17,15,77" hai2="129,51,98,118,41,122,82,73,60,45,33,112,6" hai3="103,89,116,117,102,34,133,121,57,111,97,134,50"/><W90/><G34/><T123/><D5/><U27/><E124/><V25/><F118/><N who="3" m="45675" /><G50/><T94/><D35/><U113/><E62/><V99/><F112/><N who="1" m="43081" /><E86/><V88/><F129/><W105/><G57/><T131/><D131/><U11/><E77/><V65/><F122/><W53/><G53/><T64/><D32/><U75/><E75/><V9/><F33/><W39/><G39/><T38/><D94/><U14/><E14/><V128/><F25/><W36/><G36/><T78/><D78/><U31/><E31/><V91/><F128/><W79/><G121/><T0/><D0/><U7/><E7/><V18/><F18/><W47/><G47/><AGARI ba="0,0" hai="11,15,17,22,27,29,40,43,47,49,54" m="43081" machi="47" ten="30,1000,0" yaku="15,1" doraHai="52" who="1" fromWho="3" sc="44,0,172,10,445,0,339,-10" owari="44,-46.0,182,-22.0,445,55.0,329,13.0" /></mjloggm>