<mjloggm ver="2.3"><GO type="169" lobby="0"/><UN n0="%E3%82%8C%E3%82%93%EF%BC%8D%4E%65%77" n1="%74%61%63%6F%73" n2="%E3%82%A6%E3%83%AB%E3%83%88%E3%83%A9%E7%AB%8B%E7%9B%B4" n3="%E3%83%AC%E3%83%87%E3%82%B9%E3%83%9E" dan="16,17,16,16" rate="2020.50,2140.59,2117.79,2139.90" sx="M,M,M,M"/><TAIKYOKU oya="0"/><INIT seed="0,0,0,2,1,4" ten="250,250,250,250" oya="0" hai0="9,28,107,42,30,112,34,63,10,76,50,129,11" hai1="48,15,31,118,57,77,126,46,120,52,114,61,5" hai2="102,123,84,88,24,103,58,62,29,81,45,68,37" hai3="23,101,13,67,39,36,26,109,86,94,6,74,87"/><T97/><D112/><U19/><E120/><V99/><F68/><W38/><G74/><T56/><D34/><U83/><E118/><V113/><F113/><W2/><G2/><T127/><D127/><U60/><E114/><V27/><F123/><W20/><G109/><T133/><D133/><U44/><E31/><V73/><F73/><W82/><G67/><T32/><D32/><U119/><E119/><V25/><F29/><W105/><G105/><T79/><D129/><U41/><E5/><V93/><F37/><W33/><G33/><T12/><D12/><U71/><E126/><V80/><F45/><W111/><G111/><T18/><D18/><U106/><E106/><V90/><REACH who="2" step="1"/><F81/><REACH who="2" ten="250,250,240,250" step="2"/><W121/><G82/><T66/><D28/><U54/><E71/><V125/><F125/><W135/><G39/><T16/><D30/><U108/><E108/><V59/><F59/><W35/><G38/><T132/><D132/><U70/><E70/><V40/><F40/><W122/><G36/><T53/><D42/><U110/><E110/><V17/><F17/><W131/><G135/><T51/><D16/><U100/><E46/><V85/><F85/><W0/><G87/><T21/><D56/><N who="1" m="34823" /><E19/><V130/><F130/><W98/><G131/><T116/><D116/><U1/><E41/><V104/><F104/><W115/><G121/><T72/><D107/><U65/><E44/><V75/><F75/><W14/><G122/><T95/><D72/><U3/><E57/><V89/><F89/><W8/><G115/><T49/><D76/><U92/><E77/><V69/><F69/><RYUUKYOKU ba="0,1" sc="250,-10,250,-10,240,30,250,-10" hai2="24,25,27,58,62,80,84,88,90,93,99,102,103" /><INIT seed="1,1,1,4,0,35" ten="240,240,270,240" oya="1" hai0="69,81,99,89,131,24,120,6,51,91,36,33,83" hai1="135,60,49,4,71,59,10,112,18,3,53,95,27" hai2="123,37,38,109,29,31,114,115,122,68,125,78,7" hai3="57,116,28,87,101,132,17,85,43,15,121,5,26"/><U108/><E112/><N who="2" m="43051" /><F68/><W9/><G121/><N who="2" m="46089" /><F78/><W65/><G132/><T47/><D120/><U73/><E73/><V30/><F125/><W76/><G43/><T44/><D69/><U72/><E72/><V8/><F109/><W117/><G101/><T52/><D6/><U34/><E135/><V110/><F110/><W41/><G5/><T23/><D33/><U42/><E108/><V82/><F82/><W45/><G76/><T103/><D81/><U80/><E80/><V127/><F127/><W105/><G105/><T12/><D83/><U48/><E95/><V93/><F93/><W64/><G57/><T98/><D44/><U50/><E71/><V107/><F107/><W2/><G45/><T126/><D126/><U25/><E42/><V67/><F67/><W32/><G41/><T77/><D77/><U100/><E34/><V0/><AGARI ba="1,1" hai="0,7,8,29,30,31,37,38" m="46089,43051" machi="0" ten="40,2700,0" yaku="11,1,52,1" doraHai="35" who="2" fromWho="2" sc="240,-8,240,-14,270,40,240,-8" /><INIT seed="2,0,0,0,2,96" ten="232,226,310,232" oya="2" hai0="29,33,14,121,125,130,127,37,98,120,112,94,135" hai1="75,128,49,26,85,65,129,55,70,118,2,10,133" hai2="114,66,28,46,81,87,43,18,83,134,79,3,62" hai3="116,89,78,101,40,80,110,0,88,102,117,39,32"/><V11/><F134/><W95/><G32/><T68/><D135/><U115/><E75/><V61/><F114/><W111/><G0/><T100/><D112/><U124/><E118/><N who="3" m="45674" /><G40/><T64/><D37/><U7/><E124/><N who="0" m="47689" /><D130/><N who="1" m="50283" /><E133/><V109/><F109/><N who="3" m="41483" /><G39/><T13/><D29/><U113/><E85/><V82/><F28/><W8/><G8/><T54/><D33/><U60/><E26/><V30/><F30/><W107/><G107/><T4/><D4/><U41/><E41/><V69/><F62/><W24/><G24/><T6/><D6/><U99/><E99/><V15/><REACH who="2" step="1"/><F3/><REACH who="2" ten="232,226,300,232" step="2"/><W21/><G21/><T44/><D120/><U59/><AGARI ba="0,1" hai="2,7,10,49,55,59,60,65,70,113,115" m="50283" machi="59" ten="30,1100,0" yaku="19,1" doraHai="96" who="1" fromWho="1" sc="232,-3,226,21,300,-5,232,-3" /><INIT seed="3,0,0,5,0,121" ten="229,247,295,229" oya="3" hai0="14,66,68,115,2,16,24,43,103,39,128,29,105" hai1="4,129,93,125,122,102,28,48,57,132,72,87,34" hai2="62,40,81,95,12,123,44,98,11,61,127,113,110" hai3="49,117,35,59,1,100,56,85,10,42,124,77,69"/><W32/><G117/><T116/><D2/><U50/><E72/><V94/><F113/><W78/><G69/><T96/><D116/><U75/><E75/><V91/><F127/><W106/><G106/><T31/><D115/><U71/><E71/><V45/><F123/><W55/><G100/><T23/><D43/><U111/><E122/><V47/><F40/><W30/><G42/><T126/><D126/><U33/><E125/><V70/><F70/><W88/><G124/><T97/><D39/><U17/><E4/><V20/><F20/><W5/><G59/><T67/><D68/><U54/><E129/><V90/><F81/><W64/><G64/><T41/><D41/><U76/><E17/><N who="2" m="8351" /><F110/><W114/><G114/><T3/><D3/><U92/><E111/><V38/><F38/><W9/><G9/><T101/><D31/><U52/><E28/><V134/><F134/><W0/><G0/><T53/><D128/><U18/><E132/><V37/><F37/><W135/><G135/><T109/><D53/><U82/><E18/><V112/><F112/><W119/><G119/><T104/><D109/><U84/><E102/><V46/><F46/><W6/><G6/><T131/><D131/><U8/><E8/><AGARI ba="0,0" hai="8,14,16,23,24,29,66,67,96,97,101,103,104,105" machi="8" ten="30,3900,0" yaku="7,1,9,1,54,1" doraHai="121" who="0" fromWho="1" sc="229,39,247,-39,295,0,229,0" /><INIT seed="4,0,0,1,5,44" ten="268,208,295,229" oya="0" hai0="133,134,61,9,100,52,63,51,50,116,123,114,60" hai1="82,48,115,91,45,97,99,80,38,37,57,78,119" hai2="16,26,84,72,13,32,12,120,58,93,49,19,81" hai3="101,103,7,96,112,34,54,59,90,77,85,11,27"/><T15/><D123/><U105/><E119/><V126/><F72/><W88/><G112/><T2/><D2/><U98/><E115/><V10/><F120/><W39/><G39/><T33/><D33/><U70/><E70/><V28/><F93/><W132/><G77/><T20/><D100/><U131/><E131/><V106/><F106/><W64/><G64/><T92/><D92/><U65/><E105/><V122/><F122/><W124/><G124/><T14/><D114/><U29/><E29/><V108/><F108/><W53/><G27/><T102/><D102/><U4/><E4/><V31/><F126/><W75/><G75/><T95/><D95/><U24/><E24/><V25/><F58/><W47/><G34/><T46/><D116/><U8/><E8/><V67/><F67/><W79/><G79/><T94/><D94/><U30/><E30/><V43/><F43/><W56/><G47/><T36/><D36/><U86/><E57/><N who="3" m="22090" /><G96/><T40/><D20/><U22/><E22/><V69/><F69/><W17/><G7/><T0/><D0/><U127/><E65/><V68/><F68/><W1/><G1/><T83/><D9/><U41/><REACH who="1" step="1"/><E127/><REACH who="1" ten="268,198,295,229" step="2"/><V135/><F10/><W104/><G104/><T42/><D46/><U18/><E18/><V6/><F16/><W129/><G17/><T125/><D125/><U113/><E113/><V3/><F19/><W74/><G11/><T121/><D121/><U107/><E107/><V23/><F23/><W130/><G130/><T55/><D61/><U62/><E62/><V87/><F32/><W21/><G129/><RYUUKYOKU ba="0,1" sc="268,15,198,15,295,-15,229,-15" hai0="14,15,40,42,50,51,52,55,60,63,83,133,134" hai1="37,38,41,45,48,78,80,82,86,91,97,98,99" /><INIT seed="4,1,1,0,5,83" ten="283,213,280,214" oya="0" hai0="9,52,69,95,133,36,123,125,16,68,58,106,42" hai1="107,89,24,114,90,0,33,91,12,102,34,14,76" hai2="112,32,130,74,97,55,81,54,5,72,128,40,28" hai3="119,31,85,98,80,39,35,70,61,37,77,27,22"/><T108/><D106/><U100/><E0/><V113/><F5/><W109/><G109/><T17/><D123/><U23/><E76/><V71/><F71/><W56/><G119/><T43/><D36/><U2/><E2/><V11/><F11/><W94/><G70/><T4/><D108/><U93/><E107/><V79/><F40/><W115/><G35/><T30/><D30/><U129/><E129/><N who="2" m="49771" /><F72/><W75/><G75/><T116/><D125/><U49/><E114/><N who="2" m="44139" /><F97/><W41/><G41/><T103/><D42/><U3/><E3/><V66/><F66/><W65/><REACH who="3" step="1"/><G115/><REACH who="3" ten="283,213,280,204" step="2"/><T57/><D43/><U67/><E33/><V6/><F6/><W120/><G120/><T63/><D4/><U1/><E34/><V44/><F32/><W118/><G118/><T96/><D116/><U134/><E134/><V92/><F44/><W99/><G99/><T135/><D68/><U87/><E1/><V20/><F28/><W15/><G15/><T48/><D69/><U19/><E12/><V26/><F26/><W59/><G59/><T78/><D133/><U105/><E14/><V101/><F20/><W13/><G13/><T64/><D135/><U111/><E111/><V86/><F74/><W131/><G131/><T10/><D10/><U62/><E24/><V73/><F73/><W38/><G38/><T45/><D9/><U25/><E25/><V124/><F124/><W117/><G117/><T53/><D58/><N who="1" m="37335" /><E23/><V82/><F82/><W46/><G46/><T60/><D45/><U8/><E8/><V29/><F29/><W50/><G50/><T51/><D48/><RYUUKYOKU ba="1,2" sc="283,-15,213,-15,280,15,204,15" hai2="54,55,79,81,86,92,101" hai3="22,27,31,37,39,56,61,65,77,80,85,94,98" /><INIT seed="5,2,2,4,4,124" ten="268,198,295,219" oya="1" hai0="111,34,126,74,73,12,134,110,13,71,129,130,90" hai1="10,86,18,75,28,103,5,51,85,106,21,114,78" hai2="108,9,128,24,76,99,65,22,35,94,116,119,77" hai3="43,44,67,1,97,32,61,2,88,91,0,60,7"/><U36/><E36/><V16/><F35/><W8/><G32/><T52/><D34/><U56/><E28/><V41/><F108/><W39/><G61/><T81/><D71/><U127/><E127/><V4/><F119/><W29/><G29/><T3/><D3/><U79/><E114/><V122/><F116/><W80/><G91/><T20/><D126/><U47/><E56/><V98/><F122/><W69/><REACH who="3" step="1"/><G80/><REACH who="3" ten="268,198,295,209" step="2"/><T63/><D81/><U14/><E103/><V133/><F77/><N who="1" m="29193" /><E106/><V121/><F76/><W38/><G38/><T15/><D63/><U125/><E75/><V93/><F121/><W96/><G96/><T17/><D73/><U107/><E107/><V113/><F99/><W59/><G59/><T72/><D90/><U57/><E57/><V26/><F98/><W42/><G42/><T68/><D72/><U92/><E125/><V131/><F41/><W37/><G37/><T40/><D74/><U118/><E118/><V49/><F94/><AGARI ba="2,3" hai="0,1,2,7,8,39,43,44,60,67,69,88,94,97" machi="94" ten="40,5200,0" yaku="1,1,54,1,53,1" doraHai="124" doraHaiUra="58" who="3" fromWho="2" sc="268,0,198,0,295,-58,209,88" /><INIT seed="6,0,0,3,0,124" ten="268,198,237,297" oya="2" hai0="116,31,23,86,129,102,57,80,99,7,13,11,59" hai1="109,135,0,2,84,119,90,103,96,71,106,64,97" hai2="108,9,82,14,111,92,3,101,122,4,98,21,35" hai3="1,85,75,130,37,74,63,100,33,83,30,41,34"/><V104/><F122/><W72/><G1/><T36/><D36/><U44/><E119/><V28/><F82/><W61/><G100/><T54/><D116/><U88/><E109/><V87/><F87/><W123/><G123/><T126/><D126/><U127/><E127/><V117/><F117/><W134/><G134/><T47/><D129/><U26/><E135/><V76/><F92/><W67/><G130/><T20/><D47/><U91/><E96/><V52/><F52/><W42/><G37/><T110/><D110/><N who="2" m="42026" /><F76/><W89/><G61/><N who="0" m="36023" /><D59/><U114/><E114/><V79/><F79/><W133/><G133/><T78/><D31/><U55/><E26/><N who="2" m="16463" /><F35/><W132/><G132/><T15/><D99/><U19/><E84/><V105/><F105/><W12/><G34/><T58/><D102/><U81/><E81/><V22/><F22/><W121/><G121/><T69/><D20/><U10/><E55/><V25/><F25/><W18/><G33/><T40/><D23/><U62/><REACH who="1" step="1"/><E44/><REACH who="1" ten="268,188,237,297" step="2"/><V112/><F112/><W32/><G72/><T125/><D86/><U50/><E50/><V60/><F60/><W131/><G75/><T6/><D80/><U27/><E27/><V16/><F3/><W29/><G74/><T8/><D125/><U51/><E51/><V53/><F53/><W38/><G85/><T128/><D128/><U68/><E68/><V39/><F39/><W93/><G38/><T94/><D69/><U17/><E17/><AGARI ba="0,1" hai="4,9,14,16,17,98,101,104" m="16463,42026" machi="17" ten="30,2900,0" yaku="10,1,54,1" doraHai="124" who="2" fromWho="1" sc="268,0,188,-29,237,39,297,0" /><INIT seed="6,1,0,2,4,110" ten="268,159,276,297" oya="2" hai0="58,119,79,103,89,53,104,105,122,6,117,3,114" hai1="21,129,128,7,55,38,127,126,76,27,29,120,73" hai2="85,36,66,135,95,109,8,134,97,82,19,133,72" hai3="33,14,115,40,93,106,64,23,10,30,16,5,4"/><V45/><F72/><W123/><G106/><T63/><D79/><U56/><E38/><V130/><F109/><W99/><G123/><T121/><D89/><U124/><E120/><V61/><F130/><N who="1" m="50281" /><E73/><V13/><F45/><W77/><G77/><T75/><D75/><U108/><E76/><V68/><F36/><W65/><G40/><T112/><D6/><N who="3" m="2665" /><G33/><T91/><D3/><U57/><E108/><V101/><F85/><W88/><G115/><N who="0" m="44075" /><D91/><U25/><E7/><V92/><F82/><W26/><AGARI ba="1,0" hai="10,14,16,23,26,30,64,65,88,93,99" m="2665" machi="26" ten="30,4000,0" yaku="8,1,54,2" doraHai="110" who="3" fromWho="3" sc="268,-11,159,-11,276,-21,297,43" /><INIT seed="7,0,0,5,2,88" ten="257,148,255,340" oya="3" hai0="1,26,120,115,45,129,52,123,7,36,132,67,80" hai1="100,17,51,11,27,3,125,134,113,124,85,6,53" hai2="106,79,2,71,30,63,57,101,90,37,96,130,59" hai3="118,46,50,99,34,81,114,21,83,110,29,86,43"/><W104/><G118/><T42/><D67/><U126/><E113/><V112/><F37/><W28/><G114/><T84/><D115/><U40/><E40/><V58/><F2/><W49/><G34/><T39/><D39/><U89/><E100/><V97/><F112/><W0/><G0/><T78/><D132/><U22/><E134/><V33/><F79/><W102/><G110/><T35/><D129/><U128/><E128/><V116/><F116/><W60/><G60/><T74/><D84/><U23/><E53/><V70/><F130/><W19/><G50/><T12/><D12/><U93/><E51/><V44/><F44/><W5/><G5/><T87/><D87/><U24/><E11/><V69/><F63/><W47/><G47/><T14/><D14/><U135/><E135/><V65/><F65/><W32/><G32/><T133/><D52/><U107/><E107/><V75/><F75/><W122/><G83/><T117/><D133/><U41/><E41/><V103/><F90/><W18/><G43/><T92/><D117/><U61/><E61/><V9/><F9/><W72/><G72/><T77/><D77/><U48/><E48/><V73/><F73/><W16/><G49/><T56/><D56/><U127/><N who="1" m="32256" /><DORA hai="105" /><U31/><REACH who="1" step="1"/><E3/><REACH who="1" ten="257,138,255,340" step="2"/><V108/><F106/><W76/><G104/><T82/><D1/><U13/><E13/><V25/><F108/><W8/><G8/><T10/><D10/><U94/><E94/><V68/><N who="2" m="17408" /><DORA hai="95" /><V55/><F55/><W98/><G102/><T111/><D36/><U62/><E62/><V119/><F119/><RYUUKYOKU ba="0,1" sc="257,-15,138,15,255,15,340,-15" hai1="6,17,22,23,24,27,31,85,89,93" hai2="25,30,33,57,58,59,96,97,101,103" owari="242,-16.0,153,-35.0,270,7.0,335,44.0" /></mjloggm>