<mjloggm ver="2.3"><GO type="41" lobby="0"/><UN n0="%66%61%62%6C%65" n1="%46%41%49%52" n2="%E3%82%A6%E3%83%AB%E3%83%88%E3%83%A9%E7%AB%8B%E7%9B%B4" n3="%E6%AC%A3%E5%B0%86" dan="14,13,15,13" rate="1804.40,1959.51,2013.86,1846.16" sx="M,F,M,M"/><TAIKYOKU oya="0"/><INIT seed="0,0,0,1,4,29" ten="250,250,250,250" oya="0" hai0="73,119,118,101,28,39,19,22,20,57,23,14,27" hai1="12,91,77,126,102,134,41,36,26,81,80,100,58" hai2="96,47,34,87,4,13,21,97,106,18,111,121,11" hai3="112,2,99,133,78,83,15,10,1,40,53,115,98"/><T5/><D73/><U65/><E134/><V32/><F121/><W69/><G69/><T89/><D39/><U49/><E36/><V104/><F47/><W93/><G133/><T68/><D68/><U82/><E91/><V17/><F87/><W60/><G40/><T116/><D101/><U66/><E126/><V94/><F111/><W67/><G99/><T129/><D57/><U59/><E26/><V71/><F71/><W61/><G2/><T130/><D89/><U117/><E12/><V43/><F43/><W114/><G1/><T90/><D90/><U95/><E95/><V76/><F76/><W48/><G67/><T3/><D22/><U109/><E117/><V52/><F52/><W127/><G127/><T128/><D3/><U85/><E41/><V54/><F54/><W122/><G122/><T135/><D5/><U131/><E131/><V8/><F94/><W113/><G113/><T70/><D70/><U38/><E38/><V64/><F64/><N who="1" m="24681" /><E49/><V9/><F97/><W24/><G24/><T30/><D135/><U86/><E109/><V124/><F96/><W62/><G115/><T108/><D108/><U25/><E25/><N who="2" m="14511" /><F104/><W0/><G0/><T46/><D46/><U31/><E31/><AGARI ba="0,0" hai="14,19,20,23,27,28,30,31,116,118,119,128,129,130" machi="31" ten="50,12000,1" yaku="19,1,34,3" doraHai="29" who="0" fromWho="1" sc="250,120,250,-120,250,0,250,0" /><INIT seed="0,1,0,0,4,55" ten="370,130,250,250" oya="0" hai0="20,120,109,67,9,41,100,78,116,75,40,88,68" hai1="91,71,102,134,85,80,74,118,122,125,26,31,105" hai2="59,57,0,65,42,106,36,110,104,128,33,58,51" hai3="18,12,112,25,103,11,46,113,115,135,22,92,29"/><T53/><D120/><U129/><E71/><V13/><F0/><W43/><G135/><T24/><D100/><U130/><E118/><V7/><F33/><W4/><G103/><T27/><D27/><U132/><E122/><V10/><F36/><W99/><G99/><T69/><D9/><U50/><E50/><V17/><F128/><N who="1" m="49257" /><E74/><V107/><F110/><W98/><G98/><T45/><D109/><U119/><E119/><V1/><F65/><W94/><REACH who="3" step="1"/><G4/><REACH who="3" ten="370,130,250,240" step="2"/><T6/><D6/><U15/><E102/><V3/><REACH who="2" step="1"/><F7/><REACH who="2" ten="370,130,240,240" step="2"/><W2/><G2/><T14/><D116/><U19/><E134/><V56/><N who="2" m="14848" /><DORA hai="111" /><V79/><F79/><W82/><G82/><T70/><D78/><U89/><E80/><V83/><F83/><W127/><G127/><T76/><D76/><U72/><E125/><V133/><F133/><W21/><G21/><T38/><D20/><U124/><E124/><V28/><F28/><W64/><G64/><T66/><D66/><U37/><E132/><V126/><F126/><W73/><G73/><T87/><D67/><U123/><E72/><V63/><F63/><W47/><G47/><AGARI ba="1,2" hai="1,3,10,13,17,42,47,51,104,106,107" m="14848" machi="47" ten="60,8000,1" yaku="1,1,52,4,53,0" doraHai="55,111" doraHaiUra="114,90" who="2" fromWho="3" sc="370,0,130,0,240,103,240,-83" /><INIT seed="1,0,0,2,1,85" ten="370,130,343,157" oya="1" hai0="17,5,61,90,15,88,135,92,107,47,46,120,9" hai1="36,48,93,34,115,22,58,98,74,94,62,32,108" hai2="117,7,6,40,69,119,105,43,14,132,70,130,128" hai3="10,56,122,19,113,21,80,18,111,104,11,97,78"/><U13/><E36/><V73/><F14/><W75/><G122/><T4/><D107/><U52/><E74/><V29/><F29/><W25/><G113/><T60/><D135/><U71/><E115/><V8/><F8/><W41/><G111/><T109/><D109/><U59/><E71/><V63/><F63/><N who="0" m="24138" /><D120/><U28/><E108/><V129/><F105/><W87/><G75/><T89/><D92/><U86/><E86/><V3/><F73/><W24/><G104/><T125/><D125/><U1/><E1/><V35/><F35/><W95/><G41/><N who="2" m="15945" /><F3/><W12/><G56/><T100/><D100/><U23/><E94/><V103/><F103/><N who="3" m="60863" /><G25/><T116/><D116/><N who="2" m="44618" /><F132/><W27/><G27/><T91/><D91/><N who="1" m="55615" /><E34/><V57/><F57/><W39/><G39/><T16/><D17/><N who="1" m="10543" /><E32/><V68/><AGARI ba="0,0" hai="6,7,68,69,70,128,129,130" m="44618,15945" machi="68" ten="50,6400,0" yaku="28,2,19,1" doraHai="85" who="2" fromWho="2" sc="370,-16,130,-32,343,64,157,-16" /><INIT seed="2,0,0,0,1,118" ten="354,98,407,141" oya="2" hai0="58,7,133,96,73,35,89,60,100,76,22,95,120" hai1="1,65,13,27,62,74,88,46,131,45,24,17,132" hai2="80,37,129,2,34,97,101,52,64,82,50,23,9" hai3="20,130,70,126,12,56,109,77,135,72,110,16,121"/><V26/><F37/><W59/><G70/><T4/><D35/><U63/><E74/><V125/><F34/><W119/><G119/><T112/><D112/><U5/><E131/><V103/><F129/><W106/><G106/><T84/><D133/><U10/><E132/><V6/><F64/><W94/><G130/><T53/><D120/><U32/><E63/><V29/><F125/><W68/><G68/><T31/><D31/><U40/><E32/><V71/><F71/><W122/><G135/><T81/><REACH who="0" step="1"/><D22/><REACH who="0" ten="344,98,407,141" step="2"/><U57/><E40/><V92/><F103/><W134/><G134/><T104/><AGARI ba="0,1" hai="4,7,53,58,60,73,76,81,84,89,95,96,100,104" machi="104" ten="20,12000,2" yaku="1,1,2,1,0,1,7,1,24,2,53,0" doraHai="118" doraHaiUra="113" who="0" fromWho="0" sc="344,130,98,-30,407,-60,141,-30" /><INIT seed="3,0,0,2,1,47" ten="474,68,347,111" oya="3" hai0="94,135,115,28,100,74,41,13,7,76,59,88,93" hai1="128,37,62,102,38,99,61,10,30,6,127,78,124" hai2="110,98,129,14,29,130,55,11,64,107,84,118,40" hai3="103,70,132,113,90,126,133,46,80,75,87,116,68"/><W123/><G116/><T33/><D115/><U9/><E78/><V23/><F64/><W50/><G123/><T36/><D74/><U45/><E30/><V3/><F40/><W49/><G113/><T104/><D76/><U79/><E79/><V96/><F84/><W2/><G2/><T35/><D104/><U109/><E109/><V77/><F77/><W60/><G75/><T20/><D36/><U56/><E128/><N who="2" m="49259" /><F107/><W69/><G103/><T58/><D41/><N who="1" m="22703" /><E38/><V101/><F101/><W92/><G126/><N who="1" m="48170" /><E61/><V66/><F98/><W44/><G60/><T15/><D28/><U65/><E6/><V31/><F96/><W91/><G92/><AGARI ba="0,0" hai="9,10,56,62,65,92,99,102" m="48170,22703" machi="92" ten="30,1000,0" yaku="18,1" doraHai="47" who="1" fromWho="3" sc="474,0,68,10,347,0,111,-10" /><INIT seed="4,0,0,3,1,46" ten="474,78,347,101" oya="0" hai0="1,44,45,96,82,121,87,134,41,48,4,47,95" hai1="131,32,73,67,52,10,33,54,86,0,42,75,63" hai2="70,13,119,79,61,18,9,133,123,112,104,132,106" hai3="118,30,59,76,71,40,53,97,39,15,22,66,68"/><T127/><D121/><U26/><E131/><V101/><F123/><W92/><G118/><T5/><D127/><U124/><E124/><V78/><F112/><W110/><G110/><T111/><D111/><U91/><E42/><V80/><F119/><W126/><G126/><T14/><D1/><U2/><E10/><V122/><F122/><W98/><G76/><T108/><D134/><N who="2" m="51818" /><F101/><W117/><G117/><T114/><D114/><U17/><E17/><V77/><F80/><W56/><G71/><T55/><D108/><U72/><E2/><V81/><F81/><W36/><G36/><T19/><D44/><U129/><E0/><V8/><F8/><W23/><G39/><T115/><D115/><U93/><E129/><V89/><F89/><N who="3" m="55439" /><G40/><T60/><D60/><U113/><E113/><V29/><F29/><W50/><G68/><T62/><D62/><U7/><E7/><V24/><F24/><N who="3" m="16663" /><G66/><AGARI ba="0,0" hai="9,13,18,61,66,70,77,78,79,104,106" m="51818" machi="66" ten="30,1000,0" yaku="20,1" doraHai="46" who="2" fromWho="3" sc="474,0,78,0,347,10,101,-10" /><INIT seed="5,0,0,0,3,108" ten="474,78,357,91" oya="1" hai0="50,54,96,37,86,85,99,113,105,44,48,66,4" hai1="49,129,11,103,120,15,115,55,124,27,10,119,81" hai2="133,9,31,72,17,43,1,23,80,107,7,3,82" hai3="35,51,5,87,132,6,104,53,90,74,60,56,62"/><U73/><E119/><V126/><F107/><W63/><G35/><T42/><D37/><U110/><E120/><V97/><F82/><W76/><G104/><T116/><D66/><U101/><E124/><V65/><F65/><W123/><G123/><T131/><D116/><U47/><E129/><V16/><F97/><W93/><G74/><T2/><D131/><U118/><E118/><V22/><F43/><W61/><G132/><T21/><D21/><N who="2" m="7690" /><F80/><W77/><N who="3" m="15872" /><DORA hai="39" /><W122/><REACH who="3" step="1"/><G122/><REACH who="3" ten="474,78,357,81" step="2"/><T114/><D105/><U71/><E110/><V88/><F72/><W8/><G8/><T36/><D36/><U25/><E115/><V112/><F133/><W59/><G59/><T84/><D114/><U18/><E71/><V135/><F135/><W13/><G13/><T38/><D38/><U40/><E10/><V41/><F112/><W29/><G29/><T67/><D113/><U19/><E19/><V30/><F126/><W33/><G33/><T127/><D67/><U98/><E55/><V32/><F41/><W130/><G130/><T75/><D127/><U14/><E14/><N who="2" m="5439" /><F88/><W64/><G64/><T57/><D75/><U128/><E128/><V68/><F68/><W45/><G45/><T83/><D54/><U20/><E25/><N who="2" m="18511" /><F31/><W111/><G111/><T102/><D44/><U134/><E134/><V91/><F91/><W95/><G95/><T79/><D42/><U0/><E40/><V70/><F70/><W92/><G92/><T125/><D125/><U121/><E47/><V24/><F24/><W94/><G94/><T12/><D83/><U26/><E121/><RYUUKYOKU ba="0,1" sc="474,-15,78,-15,357,15,81,15" hai2="1,3,16,17" hai3="5,6,51,53,56,76,77,87,90,93" /><INIT seed="6,1,1,1,2,81" ten="459,63,372,96" oya="2" hai0="71,120,35,32,85,135,18,123,36,129,80,95,61" hai1="38,86,132,11,19,87,48,13,30,94,42,88,10" hai2="93,49,51,2,122,15,60,23,39,109,16,79,21" hai3="130,53,45,121,113,52,55,125,128,37,116,75,78"/><V67/><F39/><W17/><G121/><T126/><D36/><U54/><E132/><V73/><F2/><W91/><G116/><T1/><D1/><U9/><E30/><V124/><F122/><W103/><G103/><T97/><D18/><U68/><E68/><V66/><F109/><W101/><G101/><T102/><D61/><U22/><E38/><V26/><F124/><W92/><G125/><T57/><D57/><N who="1" m="32967" /><E42/><V72/><F72/><W46/><G113/><T24/><D80/><U0/><E0/><V83/><F93/><W133/><G133/><T118/><D97/><AGARI ba="1,1" hai="9,10,11,13,19,22,86,87,88,94,97" m="32967" machi="97" ten="30,7700,0" yaku="8,1,52,2,54,1" doraHai="81" who="1" fromWho="0" sc="459,-80,63,90,372,0,96,0" /><INIT seed="7,0,0,0,3,114" ten="379,153,372,96" oya="3" hai0="102,47,55,24,104,110,123,43,120,121,30,99,36" hai1="133,119,72,60,87,7,100,85,124,68,39,128,27" hai2="50,94,129,28,92,53,34,38,44,80,97,61,134" hai3="46,83,59,69,2,106,73,17,25,15,107,11,103"/><W125/><G125/><T117/><D110/><U90/><E72/><V56/><F38/><W108/><G69/><T98/><D117/><U54/><E39/><V48/><F34/><W19/><G108/><T113/><D55/><U116/><E124/><V112/><F112/><W26/><G73/><T64/><D64/><U101/><E27/><V105/><F105/><W63/><G103/><T14/><D14/><U58/><E68/><V65/><F129/><W82/><G107/><T84/><D84/><U45/><E7/><V89/><F134/><W33/><G106/><T23/><D99/><U78/><E45/><N who="2" m="27791" /><F28/><W51/><G2/><T74/><D74/><U31/><E87/><N who="2" m="50407" /><F97/><W22/><G33/><N who="0" m="20679" /><D113/><U41/><E85/><V62/><F62/><W32/><G32/><T52/><D52/><AGARI ba="0,0" hai="44,50,52,56,61,65,92,94" m="50407,27791" machi="52" ten="30,2000,0" yaku="8,1,54,1" doraHai="114" who="2" fromWho="0" sc="379,-20,153,0,372,20,96,0" owari="359,16.0,153,-25.0,392,49.0,96,-40.0" /></mjloggm>