<mjloggm ver="2.3"><GO type="193" lobby="0"/><UN n0="%E5%B0%B1%E6%B4%BB%E7%94%9F%40%E5%B7%9D%E6%9D%91%E8%BB%8D%E5%9B%A3" n1="%74%6F%72%61%6A%69%72%6F" n2="%E8%98%AD%E4%B8%B8" n3="%E5%A4%89%E5%89%87%E7%9A%84%E3%81%AA%E5%8B%95%E3%81%8D" dan="9,12,12,11" rate="1699.47,1640.00,1671.42,1765.15" sx="M,M,M,M"/><TAIKYOKU oya="0"/><INIT seed="0,0,0,5,1,46" ten="250,250,250,250" oya="0" hai0="122,86,58,104,39,75,21,17,120,114,117,70,36" hai1="37,115,29,89,126,129,0,107,102,5,80,73,113" hai2="53,56,4,38,55,94,98,119,16,100,116,47,20" hai3="127,15,34,128,51,31,6,118,133,10,60,74,44"/><T40/><D75/><U92/><E37/><V95/><F4/><W30/><G74/><T41/><D70/><U67/><E67/><V32/><F32/><W121/><G34/><T83/><D104/><U71/><E71/><V42/><F94/><W48/><G127/><T85/><D117/><N who="2" m="45130" /><F56/><W90/><G128/><T33/><D114/><N who="1" m="43531" /><E29/><N who="3" m="10762" /><G133/><T105/><D33/><U26/><E26/><AGARI ba="0,0" hai="16,20,26,38,42,47,53,55,95,98,100" m="45130" machi="26" ten="30,2000,0" yaku="12,1,54,1" doraHai="46" who="2" fromWho="1" sc="250,0,250,-20,250,20,250,0" /><INIT seed="1,0,0,1,4,35" ten="250,230,270,250" oya="1" hai0="60,113,54,95,87,17,68,78,88,91,64,106,127" hai1="93,1,38,43,69,80,109,104,115,98,126,86,75" hai2="29,120,119,135,105,63,92,0,72,23,71,47,89" hai3="129,53,84,6,11,51,62,85,74,58,57,32,39"/><U24/><E69/><V59/><F120/><W134/><G74/><T108/><D106/><U99/><E1/><V67/><F119/><W27/><G39/><T90/><D113/><U20/><E115/><V77/><F105/><W124/><G124/><T81/><D127/><U37/><E126/><V107/><F107/><W130/><G134/><T10/><D108/><U49/><E104/><V9/><F135/><W73/><G73/><T4/><D17/><N who="1" m="12303" /><E75/><V36/><F29/><W56/><G27/><T55/><REACH who="0" step="1"/><D95/><REACH who="0" ten="240,230,270,250" step="2"/><U97/><E97/><V117/><F117/><W45/><G130/><T96/><D96/><N who="1" m="36907" /><E109/><V83/><F92/><W111/><G129/><T110/><D110/><U2/><E38/><V21/><F89/><W34/><G111/><T94/><D94/><U7/><E37/><V122/><F122/><W26/><G85/><T25/><D25/><U121/><E121/><V128/><F128/><W65/><G84/><T16/><D16/><U132/><E132/><V100/><F100/><W125/><G26/><T52/><D52/><U101/><E7/><N who="2" m="1255" /><F71/><W48/><G125/><T123/><D123/><U103/><E93/><V46/><F46/><W28/><G28/><T76/><D76/><N who="1" m="46343" /><E2/><AGARI ba="0,1" hai="2,4,10,54,55,60,64,68,78,81,87,88,90,91" machi="2" ten="40,5200,0" yaku="1,1,52,1,54,1,53,0" doraHai="35" doraHaiUra="70" who="0" fromWho="1" sc="240,62,230,-52,270,0,250,0" /><INIT seed="2,0,0,4,5,80" ten="302,178,270,250" oya="2" hai0="115,52,31,107,1,78,91,43,32,39,12,109,0" hai1="34,40,11,63,3,90,69,85,37,96,48,118,122" hai2="130,35,121,38,14,74,36,110,30,21,134,13,54" hai3="18,86,17,19,133,62,50,68,45,44,47,57,123"/><V46/><F121/><W2/><G2/><T119/><D107/><U26/><E118/><V101/><F74/><W65/><G123/><T98/><D115/><U22/><E122/><V49/><F35/><W117/><G133/><T33/><D119/><U100/><E34/><V71/><F71/><W53/><G117/><T72/><D39/><U51/><E37/><V135/><F130/><W105/><G105/><T76/><D43/><U95/><E3/><V126/><F38/><W127/><G127/><T23/><D109/><U111/><E111/><V125/><F36/><W15/><REACH who="3" step="1"/><G86/><REACH who="3" ten="302,178,270,240" step="2"/><T60/><D1/><U93/><E69/><V83/><F110/><W131/><G131/><T77/><D0/><U20/><E11/><AGARI ba="0,1" hai="11,15,17,18,19,44,45,47,50,53,57,62,65,68" machi="11" ten="40,2600,0" yaku="1,1,53,1" doraHai="80" doraHaiUra="58" who="3" fromWho="1" sc="302,0,178,-26,270,0,240,36" /><INIT seed="3,0,0,1,5,32" ten="302,152,270,276" oya="3" hai0="23,6,135,69,112,129,127,94,102,85,67,36,83" hai1="49,20,75,58,60,105,22,65,79,38,100,98,106" hai2="126,71,50,133,84,114,24,117,51,2,55,66,46" hai3="53,64,76,11,28,109,57,108,18,73,42,118,93"/><W70/><G118/><T44/><D127/><U123/><E123/><V81/><F117/><W124/><G124/><T56/><D129/><U3/><E38/><V16/><F114/><W90/><G28/><T95/><D112/><U4/><E106/><V8/><F126/><W99/><G42/><T116/><D135/><U89/><E49/><V128/><F128/><W34/><G34/><T78/><D69/><U1/><E89/><V115/><F115/><W29/><G29/><T62/><D116/><U59/><E59/><V48/><F133/><W121/><G121/><T27/><D102/><U120/><E120/><V101/><F66/><W134/><G134/><T92/><D6/><U77/><E75/><V26/><F71/><W35/><G35/><T40/><D94/><U132/><E132/><V82/><F101/><W10/><G64/><T130/><D130/><U72/><E4/><V103/><F103/><W43/><G43/><T54/><D67/><U80/><REACH who="1" step="1"/><E79/><REACH who="1" ten="302,142,270,276" step="2"/><V125/><F125/><W25/><G70/><T88/><D78/><U47/><E47/><V12/><F2/><AGARI ba="0,1" hai="1,2,3,20,22,58,60,65,72,77,80,98,100,105" machi="2" ten="40,8000,1" yaku="1,1,52,3,53,0" doraHai="32" doraHaiUra="119" who="1" fromWho="2" sc="302,0,142,90,270,-80,276,0" owari="302,40.0,232,-17.0,190,-31.0,276,8.0" /></mjloggm>