<mjloggm ver="2.3"><GO type="169" lobby="0"/><UN n0="%E6%B0%B7%E6%B2%B3%E9%A2%A8" n1="%E3%81%98%E3%82%83%E3%82%80%E2%99%AD" n2="%E3%83%B4%E3%81%81%E3%81%AB%E3%82%89%E3%81%82%E3%81%84%E3%81%99" n3="%E3%82%A6%E3%83%AB%E3%83%88%E3%83%A9%E7%AB%8B%E7%9B%B4" dan="17,16,17,16" rate="2161.39,2019.64,2147.59,2127.00" sx="M,M,M,M"/><TAIKYOKU oya="0"/><INIT seed="0,0,0,2,5,67" ten="250,250,250,250" oya="0" hai0="15,106,47,93,4,84,18,122,1,76,80,79,41" hai1="36,37,58,27,107,40,86,21,52,97,6,73,68" hai2="9,39,112,132,23,42,17,77,82,28,24,128,104" hai3="33,72,34,121,50,105,69,22,94,75,53,43,38"/><T133/><D122/><U11/><E73/><V116/><F112/><W63/><G105/><T99/><D106/><U25/><E68/><V92/><F116/><W65/><G34/><T98/><D133/><U8/><E86/><V35/><F104/><W51/><G33/><T100/><D99/><U20/><E40/><V64/><F128/><W45/><G51/><N who="0" m="27119" /><D1/><U103/><E37/><V49/><F132/><W61/><G61/><T124/><D124/><U91/><E91/><V135/><F39/><W54/><G54/><T32/><D32/><U115/><E36/><V109/><F109/><W83/><G83/><T62/><D62/><U102/><E102/><V134/><F92/><W59/><G121/><T118/><D118/><U2/><E8/><V89/><F64/><W108/><G108/><T111/><D4/><U113/><E21/><V81/><F9/><W29/><G94/><T30/><D30/><U19/><REACH who="1" step="1"/><E27/><AGARI ba="0,0" hai="22,27,29,38,43,45,50,53,59,63,65,69,72,75" machi="27" ten="40,5200,0" yaku="24,2,52,1" doraHai="67" who="3" fromWho="1" sc="250,0,250,-52,250,0,250,52" /><INIT seed="1,0,0,2,3,10" ten="250,198,250,302" oya="1" hai0="40,115,26,39,68,82,53,130,71,105,119,108,100" hai1="129,24,66,63,55,122,124,62,72,35,15,12,32" hai2="2,91,58,23,43,4,28,27,69,117,81,110,127" hai3="98,84,70,90,37,29,88,85,59,135,7,36,20"/><U14/><E122/><V96/><F69/><W13/><G70/><T16/><D115/><U75/><E124/><V106/><F110/><W78/><G98/><T17/><D119/><U112/><E112/><V41/><F127/><W38/><G78/><T73/><D108/><U5/><E5/><V1/><F117/><W126/><G126/><T18/><D130/><U6/><E6/><V77/><F2/><W76/><G76/><T47/><D53/><U95/><E129/><V107/><F107/><W50/><G135/><T8/><D26/><U92/><E55/><V111/><F111/><W103/><G103/><T93/><D105/><U11/><E11/><V44/><F58/><W45/><G59/><T104/><D104/><U121/><E121/><V67/><F67/><W80/><G29/><T60/><D60/><N who="1" m="23083" /><E24/><V25/><F25/><W30/><G38/><T132/><D132/><U123/><E66/><V116/><F116/><W46/><G36/><T22/><D8/><U118/><E118/><V87/><F106/><W49/><G37/><T52/><D39/><U102/><E102/><V65/><F65/><W31/><G7/><T89/><D100/><U42/><E42/><V101/><F43/><W79/><G20/><T9/><D22/><U113/><E113/><V125/><F101/><W3/><G3/><T131/><D131/><U33/><E123/><V21/><F125/><W114/><G114/><T83/><D68/><U128/><E128/><V57/><F1/><W133/><G133/><T34/><D71/><U109/><E109/><V120/><F4/><W64/><G64/><RYUUKYOKU ba="0,0" sc="250,-10,198,30,250,-10,302,-10" hai1="12,14,15,32,33,35,72,75,92,95" /><INIT seed="1,1,0,2,2,61" ten="240,228,240,292" oya="1" hai0="116,72,73,37,69,98,35,106,105,40,15,32,64" hai1="67,56,6,19,2,80,128,8,99,58,21,70,134" hai2="117,28,78,20,120,33,62,53,96,100,14,25,126" hai3="5,47,102,93,1,22,95,75,41,107,97,81,71"/><U113/><E113/><V63/><F117/><W127/><G71/><T12/><D116/><U34/><E34/><N who="0" m="12841" /><D15/><U29/><E128/><V3/><F120/><W91/><G22/><T9/><D12/><U55/><E29/><V7/><F126/><W88/><G47/><N who="0" m="23951" /><D9/><U51/><E134/><V52/><F78/><N who="3" m="44255" /><G41/><T114/><D114/><U79/><E99/><V4/><F62/><W74/><G5/><T111/><D111/><U108/><E108/><V59/><F3/><W60/><G60/><N who="0" m="40071" /><D98/><U48/><E21/><V101/><F33/><W24/><G24/><T110/><D110/><U83/><E19/><V17/><F53/><W13/><G13/><T130/><D130/><U30/><E30/><V119/><F119/><W82/><G1/><T43/><D43/><U77/><E51/><V85/><F85/><W90/><G127/><T44/><D44/><U123/><E56/><V23/><REACH who="2" step="1"/><F101/><REACH who="2" ten="240,228,230,292" step="2"/><W86/><G74/><AGARI ba="1,1" hai="72,73,74,105,106" m="40071,23951,12841" machi="74" ten="30,3900,0" yaku="33,2,52,1" doraHai="61" who="0" fromWho="3" sc="240,52,228,0,230,0,292,-42" /><INIT seed="2,0,0,4,2,57" ten="292,228,230,250" oya="2" hai0="9,37,77,109,43,32,118,64,61,105,35,65,121" hai1="73,12,102,53,49,110,3,44,2,82,100,123,88" hai2="97,101,84,1,112,27,70,51,130,14,127,10,81" hai3="92,63,75,21,83,131,94,87,29,79,4,48,67"/><V69/><F112/><W25/><G131/><T30/><D121/><U40/><E123/><V19/><F1/><W111/><G111/><T95/><D95/><U68/><E68/><V96/><F130/><W11/><G48/><T52/><D77/><U133/><E110/><V99/><F127/><W103/><G75/><T114/><D105/><U16/><E133/><V120/><F120/><W86/><G86/><T15/><D114/><U33/><E33/><V34/><F101/><W108/><G108/><T31/><D109/><U91/><E2/><V55/><F34/><W134/><G134/><T62/><D43/><U20/><E3/><V38/><F38/><W80/><G80/><T41/><D41/><U54/><E73/><V135/><F27/><W107/><G107/><T24/><D37/><U90/><E82/><V85/><F85/><W78/><G78/><T18/><D118/><U116/><E116/><V106/><F106/><W98/><G92/><T5/><D5/><U115/><E115/><V104/><F104/><W60/><G67/><T36/><D36/><U6/><E6/><V89/><REACH who="2" step="1"/><F135/><REACH who="2" ten="292,228,220,250" step="2"/><W28/><G28/><T76/><D31/><U74/><E74/><V72/><F72/><W56/><G56/><AGARI ba="0,1" hai="10,14,19,51,55,56,69,70,81,84,89,96,97,99" machi="56" ten="40,2000,0" yaku="1,1,53,0" doraHai="57" doraHaiUra="71" who="2" fromWho="3" sc="292,0,228,0,220,30,250,-20" /><INIT seed="2,1,0,1,5,31" ten="292,228,250,230" oya="2" hai0="52,24,71,39,49,129,3,11,123,111,35,68,134" hai1="14,78,132,102,119,85,21,4,96,9,80,122,25" hai2="86,70,95,98,97,32,83,124,53,108,125,77,17" hai3="127,115,61,126,44,79,105,91,57,8,93,99,34"/><V43/><F70/><W90/><G105/><T107/><RYUUKYOKU type="yao9" ba="1,0" sc="292,0,228,0,250,0,230,0" hai0="3,11,24,35,39,49,52,68,71,107,111,123,129,134" /><INIT seed="2,2,0,3,2,103" ten="292,228,250,230" oya="2" hai0="48,116,95,17,132,133,14,23,8,71,20,34,126" hai1="86,43,67,85,98,110,113,7,108,5,11,118,25" hai2="65,1,97,39,24,117,28,51,119,129,76,58,2" hai3="15,54,100,82,9,125,106,63,31,112,37,33,99"/><V3/><F39/><W70/><G37/><T111/><D71/><U36/><E113/><V40/><F76/><W104/><G125/><T35/><D95/><U18/><E118/><V47/><F129/><W92/><G112/><T41/><D48/><U87/><E67/><V79/><F79/><W45/><G82/><T135/><D41/><U57/><E57/><V53/><F65/><W107/><G45/><T19/><D126/><U121/><E121/><V91/><F91/><W81/><G81/><T68/><D68/><U88/><E43/><V49/><REACH who="2" step="1"/><F97/><REACH who="2" ten="292,228,240,230" step="2"/><W80/><G99/><T90/><D90/><U128/><E36/><V42/><F42/><W55/><G80/><T94/><D116/><U72/><E128/><V56/><F56/><W93/><G70/><T74/><D74/><U16/><E72/><V123/><F123/><W4/><G55/><T6/><D132/><U130/><E130/><V46/><F46/><W77/><G77/><T120/><D120/><U115/><E115/><V64/><F64/><W122/><G122/><T89/><D133/><U66/><E66/><V127/><F127/><W134/><G134/><T52/><D89/><U109/><E98/><V12/><F12/><W22/><G54/><T62/><D52/><U83/><E88/><V114/><F114/><W44/><G44/><T101/><D135/><U30/><E83/><V50/><F50/><W124/><G124/><T13/><D13/><U29/><E109/><V73/><F73/><W69/><G15/><T131/><D111/><U21/><E108/><V61/><F61/><W10/><G63/><RYUUKYOKU ba="2,1" sc="292,-10,228,-10,240,30,230,-10" hai2="1,2,3,24,28,40,47,49,51,53,58,117,119" /><INIT seed="2,3,1,4,4,45" ten="282,218,270,220" oya="2" hai0="55,68,96,4,133,76,63,108,59,112,126,132,53" hai1="56,135,62,80,97,85,95,83,122,20,90,13,109" hai2="10,66,18,54,41,11,8,36,127,107,52,32,113" hai3="30,58,37,124,9,100,125,119,98,25,12,43,31"/><V26/><F113/><W94/><G119/><T71/><D112/><U61/><E109/><V103/><F127/><N who="3" m="48715" /><G43/><T116/><D126/><U40/><E135/><N who="0" m="51785" /><D76/><U49/><E122/><V81/><F66/><W87/><G37/><T24/><D4/><U110/><E110/><V64/><F81/><W79/><G25/><T86/><D86/><U21/><E83/><V29/><F41/><W2/><G2/><T27/><D108/><U16/><E21/><V105/><F36/><W114/><G114/><T44/><D96/><U48/><E40/><V106/><F64/><W28/><G58/><N who="0" m="35279" /><D116/><U46/><E46/><V91/><F91/><W92/><G79/><T3/><D3/><U102/><E61/><V47/><F103/><W1/><G1/><T22/><D44/><U120/><E120/><V6/><F18/><N who="3" m="8463" /><G87/><T78/><D78/><U84/><E84/><V51/><REACH who="2" step="1"/><F54/><AGARI ba="3,1" hai="13,16,20,48,49,54,56,62,80,85,90,95,97,102" machi="54" ten="30,8000,1" yaku="7,1,8,1,52,2,54,1" doraHai="45" who="1" fromWho="2" sc="282,0,218,99,270,-89,220,0" /><INIT seed="3,0,0,0,5,60" ten="282,317,181,220" oya="3" hai0="35,86,10,63,128,66,62,24,83,73,122,25,91" hai1="31,101,26,107,53,15,85,56,21,131,38,45,29" hai2="79,16,2,8,71,133,42,120,58,28,93,36,124" hai3="65,23,18,39,33,81,41,80,118,69,126,135,46"/><W129/><G33/><T50/><D122/><U44/><E131/><V104/><F104/><W132/><G118/><T49/><D128/><U103/><E15/><V34/><F71/><W74/><G129/><T114/><D114/><U51/><E29/><V11/><F79/><W84/><G74/><T47/><D73/><U92/><E107/><V75/><F93/><W67/><G126/><T9/><D35/><U94/><E38/><V1/><F58/><W115/><G115/><T96/><D96/><N who="1" m="59527" /><E85/><V90/><F90/><W68/><G68/><T87/><D91/><U123/><E123/><V12/><F75/><W116/><G116/><T30/><D30/><U127/><E127/><V89/><F89/><N who="3" m="51335" /><G81/><T52/><D83/><U19/><E31/><V106/><F106/><W97/><G97/><AGARI ba="0,0" hai="19,21,26,44,45,51,53,56,94,97,103" m="59527" machi="97" ten="30,1000,0" yaku="8,1" doraHai="60" who="1" fromWho="3" sc="282,0,317,10,181,0,220,-10" /><INIT seed="4,0,0,0,3,31" ten="282,327,181,210" oya="0" hai0="70,66,24,109,114,57,8,55,32,29,84,63,124" hai1="46,1,90,106,122,25,77,62,128,14,71,125,58" hai2="16,19,76,39,111,50,67,26,18,56,35,94,115" hai3="101,120,11,130,7,113,53,119,60,68,22,5,82"/><T37/><D114/><U0/><E122/><V126/><F39/><W103/><G119/><T6/><D124/><U121/><E121/><V21/><F115/><W131/><G120/><T100/><D37/><U75/><E71/><V85/><F111/><W134/><G22/><T12/><D109/><U40/><E125/><V79/><F126/><W41/><G41/><T86/><REACH who="0" step="1"/><D100/><REACH who="0" ten="272,327,181,210" step="2"/><U135/><E128/><V108/><F108/><W80/><G113/><T132/><D132/><U89/><E135/><V92/><F35/><W15/><G103/><T13/><D13/><U44/><E14/><V96/><F85/><W88/><G101/><T104/><D104/><U38/><E106/><V78/><F96/><W93/><G134/><T69/><D69/><U49/><E38/><V61/><REACH who="2" step="1"/><F50/><AGARI ba="0,1" hai="6,8,12,24,29,32,50,55,57,63,66,70,84,86" machi="50" ten="30,11600,0" yaku="1,1,7,1,52,1,53,1" doraHai="31" doraHaiUra="54" who="0" fromWho="2" sc="272,126,327,0,181,-116,210,0" /><INIT seed="4,1,0,0,2,38" ten="398,327,65,210" oya="0" hai0="0,129,1,109,124,110,29,104,73,54,115,12,4" hai1="112,135,86,96,44,93,75,77,134,30,32,63,56" hai2="66,127,87,43,50,100,33,91,39,13,3,49,128" hai3="15,74,131,60,19,35,92,130,27,52,97,106,6"/><T118/><D73/><U65/><E112/><V5/><F3/><W61/><G106/><T40/><D104/><U119/><E119/><V25/><F127/><W105/><G74/><T24/><D118/><U10/><E75/><V48/><F100/><W81/><G81/><T23/><D115/><U82/><E10/><N who="2" m="4303" /><F39/><W31/><G105/><T51/><D124/><U9/><E9/><V20/><F33/><W79/><G79/><T78/><D78/><U45/><E30/><N who="2" m="17703" /><F66/><W21/><G6/><T108/><D129/><N who="3" m="49161" /><G52/><T2/><D12/><U58/><E58/><V90/><F128/><W67/><G67/><T70/><D70/><U69/><E69/><V34/><F34/><W83/><G83/><T41/><D4/><U89/><REACH who="1" step="1"/><E32/><REACH who="1" ten="398,317,65,210" step="2"/><V94/><F91/><AGARI ba="1,1" hai="15,19,21,27,31,35,60,61,91,92,97" m="49161" machi="91" ten="30,1000,0" yaku="19,1" doraHai="38" who="3" fromWho="2" sc="398,0,317,0,65,-13,210,23" /><INIT seed="5,0,0,2,3,76" ten="398,317,52,233" oya="1" hai0="109,79,107,133,72,11,60,7,8,59,135,112,110" hai1="115,86,35,14,49,71,12,37,31,125,51,55,105" hai2="111,39,134,88,64,123,6,96,28,129,130,99,29" hai3="33,52,113,53,69,70,1,119,26,0,62,78,92"/><U36/><E105/><V63/><F111/><W21/><G33/><T75/><D107/><U46/><E71/><V2/><F39/><W44/><G113/><T82/><D75/><U40/><E115/><V120/><F134/><N who="0" m="51210" /><D112/><U22/><E125/><V132/><F132/><W95/><G78/><T122/><D122/><U61/><E61/><V50/><F50/><W84/><G62/><T45/><D45/><U48/><E35/><V94/><F99/><W56/><G56/><T67/><D8/><U65/><E65/><V25/><F6/><W128/><G44/><T93/><D93/><U89/><E37/><V87/><F2/><AGARI ba="0,0" hai="2,7,11,59,60,67,72,79,82,109,110" m="51210" machi="2" ten="30,2000,0" yaku="20,1,52,1" doraHai="76" who="0" fromWho="2" sc="398,20,317,0,52,-20,233,0" /><INIT seed="6,0,0,5,2,37" ten="418,317,32,233" oya="2" hai0="83,59,115,20,87,19,44,42,126,75,114,94,17" hai1="111,78,112,122,31,118,134,121,56,86,131,135,43" hai2="32,64,46,16,2,98,13,106,107,81,73,90,50" hai3="66,117,4,128,99,30,62,93,72,88,82,1,47"/><V58/><F32/><W10/><G117/><T14/><D126/><U52/><E118/><V116/><F2/><W113/><G128/><T103/><D75/><U76/><E111/><V92/><F116/><W23/><G113/><N who="0" m="43019" /><D59/><U7/><E112/><V125/><F125/><W71/><G47/><T127/><D127/><U60/><E131/><V5/><F5/><W33/><G33/><T35/><D35/><U36/><E31/><V101/><F64/><W130/><G130/><T97/><D20/><U100/><E100/><V108/><F58/><W54/><G54/><T91/><D14/><U22/><E22/><V85/><F73/><W39/><G39/><AGARI ba="0,0" hai="17,19,39,42,44,83,87,91,94,97,103" m="43019" machi="39" ten="30,2000,0" yaku="15,1,52,1" doraHai="37" who="0" fromWho="3" sc="418,20,317,0,32,0,233,-20" /><INIT seed="7,0,0,4,1,50" ten="438,317,32,213" oya="3" hai0="89,34,127,3,64,41,6,63,16,17,118,82,43" hai1="65,58,45,92,32,15,135,51,22,88,66,71,90" hai2="117,25,73,84,44,52,21,98,78,126,99,130,75" hai3="113,85,94,97,67,56,20,10,76,4,83,31,0"/><W129/><G129/><T132/><D118/><U7/><E32/><V27/><F117/><W80/><G113/><T2/><D34/><U24/><E71/><V105/><F126/><W37/><G37/><T131/><D127/><U124/><E135/><V26/><F21/><W119/><G119/><T40/><D132/><U87/><E124/><V61/><F84/><W53/><G67/><T104/><D104/><U28/><E90/><V77/><F105/><W23/><G31/><T62/><D131/><U133/><E133/><V102/><F130/><W29/><G29/><T19/><D6/><U9/><E58/><V101/><F27/><W11/><G83/><T120/><D120/><U68/><REACH who="1" step="1"/><E68/><REACH who="1" ten="438,307,32,213" step="2"/><V13/><F44/><W115/><G115/><T5/><D89/><U74/><E74/><V60/><REACH who="2" step="1"/><F13/><REACH who="2" ten="438,307,22,213" step="2"/><N who="3" m="5319" /><G11/><T35/><D35/><U69/><E69/><V81/><F81/><W55/><G0/><T125/><D125/><U111/><E111/><V128/><F128/><W79/><G79/><T100/><D82/><U48/><E48/><V49/><F49/><W114/><G114/><T107/><D2/><U123/><E123/><V1/><F1/><W14/><G14/><T30/><D3/><U46/><E46/><V59/><F59/><W108/><G108/><T54/><D100/><U39/><E39/><V106/><F106/><W95/><G56/><T47/><D107/><U116/><E116/><V134/><F134/><W33/><G33/><T93/><D47/><U8/><E8/><V12/><F12/><W57/><G57/><T103/><D103/><U91/><E91/><RYUUKYOKU ba="0,2" sc="438,-15,307,15,22,15,213,-15" hai1="7,9,15,22,24,28,45,51,65,66,87,88,92" hai2="25,26,52,60,61,73,75,77,78,98,99,101,102" owari="443,54.0,322,12.0,37,-46.0,198,-20.0" /></mjloggm>