<mjloggm ver="2.3"><GO type="97" lobby="0"/><UN n0="%70%65%61%63%65%36%39" n1="%E5%9B%A0%E5%B9%A1" n2="%E3%82%A6%E3%83%AB%E3%83%88%E3%83%A9%E7%AB%8B%E7%9B%B4" n3="%E7%99%BE%E5%BC%8F%E8%A6%B3%E9%9F%B3" dan="14,13,13,15" rate="1905.86,1844.42,1828.00,2004.36" sx="M,F,M,M"/><TAIKYOKU oya="0"/><INIT seed="0,0,0,3,1,87" ten="250,250,250,250" oya="0" hai0="93,37,122,96,45,100,2,69,80,120,133,95,104" hai1="61,30,50,10,54,58,131,85,29,56,135,31,121" hai2="8,71,35,123,115,52,117,48,114,4,134,41,91" hai3="3,64,79,81,130,27,14,78,82,107,76,99,128"/><T13/><D2/><U83/><E121/><V77/><F123/><W97/><G3/><T88/><D69/><U57/><E135/><V65/><F35/><W63/><G27/><T118/><D118/><U124/><E131/><N who="3" m="50218" /><G107/><T22/><D37/><U38/><E38/><V110/><F41/><W44/><G44/><T43/><D133/><U15/><E124/><V36/><F36/><W53/><G53/><T102/><D45/><U6/><REACH who="1" step="1"/><E61/><REACH who="1" ten="250,240,250,250" step="2"/><V84/><F134/><W12/><G63/><T16/><D122/><U26/><E26/><V94/><F117/><W9/><G64/><T92/><D120/><U46/><E46/><V7/><F65/><W90/><G12/><T66/><D66/><U68/><E68/><V75/><F71/><W18/><G81/><T70/><D70/><U34/><E34/><V0/><F0/><W74/><G74/><T28/><D80/><U101/><E101/><V19/><F75/><W111/><G111/><T106/><D102/><U25/><E25/><V108/><F108/><W132/><G132/><T126/><D126/><U89/><AGARI ba="0,1" hai="6,10,15,29,30,31,50,54,56,57,58,83,85,89" machi="89" ten="30,7900,0" yaku="1,1,0,1,8,1,52,1,53,0" doraHai="87" doraHaiUra="17" who="1" fromWho="1" sc="250,-39,240,89,250,-20,250,-20" /><INIT seed="1,0,0,3,5,66" ten="211,329,230,230" oya="1" hai0="96,24,45,121,115,55,85,27,90,26,6,59,100" hai1="21,127,52,32,22,39,106,23,68,76,124,110,60" hai2="117,18,4,93,12,111,53,134,92,126,37,61,101" hai3="54,97,28,132,99,14,64,31,78,130,131,56,102"/><U75/><E106/><V49/><F37/><W128/><G64/><T17/><D115/><U38/><E32/><V7/><F117/><W29/><G78/><T82/><D121/><U13/><E13/><V63/><F111/><W69/><G69/><T51/><D6/><N who="2" m="2090" /><F126/><N who="1" m="48169" /><E110/><V43/><F43/><W65/><G65/><T135/><D135/><U8/><E8/><N who="2" m="6407" /><F134/><W46/><G46/><T44/><REACH who="0" step="1"/><D17/><REACH who="0" ten="201,329,230,230" step="2"/><U80/><E68/><V125/><F125/><W112/><G132/><T122/><D122/><U88/><E38/><V89/><F101/><W73/><G112/><T41/><D41/><U20/><E39/><V50/><F50/><W94/><G130/><T81/><D81/><U95/><E60/><V16/><F16/><W77/><G128/><T30/><D30/><U11/><E80/><V58/><F63/><W129/><G131/><T57/><D57/><U71/><E71/><V120/><F61/><W84/><G129/><T10/><D10/><U116/><E11/><V33/><F120/><W15/><G31/><T19/><D19/><U83/><E83/><V118/><F118/><W34/><G29/><T42/><D42/><U36/><E116/><V109/><F109/><W3/><G28/><T74/><D74/><U5/><E75/><V1/><F33/><W25/><G34/><T86/><D86/><U123/><E123/><V72/><F72/><W70/><G73/><T91/><D91/><U108/><E88/><V48/><F89/><W98/><G84/><T40/><D40/><U87/><E108/><V62/><F49/><W107/><G70/><T0/><D0/><RYUUKYOKU ba="0,1" sc="201,30,329,-10,230,-10,230,-10" hai0="24,26,27,44,45,51,55,59,82,85,90,96,100" /><INIT seed="2,1,1,3,4,120" ten="231,319,220,220" oya="2" hai0="37,115,53,133,112,105,123,30,128,11,15,108,32" hai1="117,82,73,25,94,75,58,121,132,21,24,95,84" hai2="16,102,74,116,134,56,64,40,2,36,99,67,8" hai3="89,42,19,29,70,77,100,69,9,34,83,71,97"/><V79/><F116/><W113/><G42/><T109/><D105/><U72/><E117/><V45/><F134/><W39/><G39/><T22/><D37/><U107/><E107/><V65/><F56/><W47/><G47/><T127/><D123/><U78/><E132/><V126/><F126/><W3/><G113/><N who="0" m="43595" /><D53/><U66/><E121/><V50/><F50/><W1/><G29/><T54/><D54/><U31/><REACH who="1" step="1"/><E25/><REACH who="1" ten="231,309,220,220" step="2"/><V81/><F67/><W48/><G69/><T96/><D133/><U14/><E14/><V68/><F68/><W87/><G70/><T110/><D127/><U26/><E26/><V118/><F118/><W122/><G71/><T41/><D128/><U60/><AGARI ba="1,2" hai="21,24,31,58,60,66,72,73,75,78,82,84,94,95" machi="60" ten="40,2700,0" yaku="1,1,0,1,53,0" doraHai="120" doraHaiUra="28" who="1" fromWho="1" sc="231,-8,309,50,220,-14,220,-8" /><INIT seed="3,0,0,2,0,120" ten="223,359,206,212" oya="3" hai0="135,60,99,128,111,126,30,106,54,100,82,8,67" hai1="72,76,5,94,48,40,26,43,92,69,125,28,16" hai2="24,115,41,46,47,98,90,86,50,71,64,63,110" hai3="20,33,118,105,107,113,51,114,22,61,29,73,102"/><W101/><G118/><T15/><D126/><U62/><E5/><V35/><F115/><W45/><G73/><T9/><D135/><U56/><E125/><V80/><F110/><W42/><G29/><T127/><D111/><U108/><E69/><V21/><F98/><W1/><G1/><T0/><D0/><U96/><E16/><V117/><F117/><W104/><G33/><T95/><D106/><U75/><E94/><V97/><F97/><W65/><G22/><T74/><D30/><U7/><E7/><V87/><F35/><W57/><REACH who="3" step="1"/><G20/><REACH who="3" ten="223,359,206,202" step="2"/><T19/><D74/><U37/><E72/><V66/><F21/><W49/><G49/><T13/><D127/><U103/><E48/><V12/><F12/><W77/><G77/><T85/><D13/><U3/><E76/><V25/><F25/><W55/><G55/><T79/><D54/><U11/><E75/><V116/><F24/><W78/><G78/><T88/><D79/><U129/><E28/><V34/><F34/><W121/><G121/><T122/><D122/><U39/><E26/><V83/><F116/><W6/><G6/><T81/><D128/><U10/><E3/><V52/><F66/><W84/><G84/><T130/><D130/><U68/><E129/><V31/><F31/><W44/><G44/><T134/><D67/><U119/><E119/><V123/><F123/><W17/><G17/><T58/><D19/><U124/><E124/><V91/><F47/><W18/><G18/><T53/><D85/><U23/><E23/><V2/><F2/><W112/><AGARI ba="0,1" hai="42,45,51,57,61,65,101,102,104,105,107,112,113,114" machi="112" ten="40,3900,0" yaku="1,1,0,1,53,0" doraHai="120" doraHaiUra="4" who="3" fromWho="3" sc="223,-13,359,-13,206,-13,202,49" /><INIT seed="3,1,0,4,5,131" ten="210,346,193,251" oya="3" hai0="64,81,65,118,124,38,88,41,6,87,90,26,53" hai1="110,134,50,31,27,25,126,39,71,18,43,44,62" hai2="85,109,100,45,106,128,108,103,55,48,35,69,58" hai3="21,20,30,66,1,57,94,120,93,33,56,16,80"/><W7/><G120/><T9/><D118/><U67/><E110/><N who="2" m="42603" /><F35/><W78/><G33/><T74/><D74/><U8/><E134/><V15/><F106/><W113/><G113/><T99/><D124/><U97/><E126/><V96/><F96/><W107/><G107/><T122/><D122/><U10/><E97/><V123/><F123/><W76/><G7/><T32/><D38/><U129/><E129/><V116/><F116/><W42/><G42/><T19/><D41/><U105/><E105/><V83/><F69/><W24/><G1/><T72/><D72/><U95/><E95/><N who="3" m="36362" /><G80/><T37/><D37/><U4/><E39/><V111/><N who="2" m="42611" /><V92/><DORA hai="63" /><F128/><W135/><G135/><T130/><D130/><U117/><E117/><V52/><F92/><W132/><G132/><T11/><D99/><U40/><E40/><N who="2" m="24615" /><F15/><N who="3" m="9247" /><G57/><T98/><D32/><U91/><E71/><V3/><F3/><W86/><G86/><T47/><D87/><U70/><E70/><V101/><F58/><W17/><G30/><T102/><D98/><U82/><E31/><V59/><F59/><W0/><G0/><T84/><D84/><U73/><E82/><V51/><F51/><W133/><G133/><T119/><D81/><U75/><E50/><V46/><F46/><W12/><G12/><T77/><D47/><U14/><E44/><V23/><F23/><W5/><G5/><T115/><D6/><U114/><E4/><V34/><F34/><W29/><G29/><T104/><D115/><U2/><E114/><V68/><F68/><W79/><G56/><T13/><D104/><RYUUKYOKU ba="1,0" sc="210,-15,346,-15,193,15,251,15" hai2="52,55,83,85,100,101,103" hai3="17,21,24,66,76,78,79" /><INIT seed="3,2,0,3,3,107" ten="195,331,208,266" oya="3" hai0="63,30,6,43,126,106,98,50,93,74,115,0,49" hai1="85,14,75,24,26,10,76,62,16,5,84,21,78" hai2="23,28,17,94,67,110,4,73,39,119,129,105,47" hai3="57,97,122,36,69,7,70,22,41,18,100,66,20"/><W34/><G34/><T52/><D74/><U46/><E75/><V131/><F105/><W116/><G116/><T38/><D106/><U79/><E46/><V91/><F73/><W118/><G118/><T32/><D38/><U56/><E26/><V19/><F119/><W133/><G133/><T8/><D126/><U132/><E132/><V135/><F135/><W87/><G122/><T64/><D43/><U1/><E1/><V121/><F121/><W55/><G66/><AGARI ba="2,0" hai="5,10,14,16,21,24,56,62,66,76,78,79,84,85" machi="66" ten="40,2600,0" yaku="8,1,54,1" doraHai="107" who="1" fromWho="3" sc="195,0,331,32,208,0,266,-32" owari="195,-30.0,363,46.0,208,-19.0,234,3.0" /></mjloggm>