<mjloggm ver="2.3"><GO type="97" lobby="0"/><UN n0="%E3%81%AD%E3%81%8A%E3%83%BB%E3%81%98%E3%82%83%E3%81%A3%E3%81%8D%E3%83%BC" n1="%E5%B0%B1%E6%B4%BB%E7%94%9F%40%E5%B7%9D%E6%9D%91%E8%BB%8D%E5%9B%A3" n2="%E3%81%82%E3%82%8B%E3%81%82%E3%82%8B" n3="%E3%82%8C%E3%81%8A%E3%81%97%E3%82%87%E3%81%86" dan="14,15,13,13" rate="1958.62,1976.33,1834.30,1871.74" sx="M,M,M,M"/><TAIKYOKU oya="0"/><INIT seed="0,0,0,2,0,97" ten="250,250,250,250" oya="0" hai0="80,75,105,18,57,86,10,68,84,16,35,60,88" hai1="62,81,99,54,71,85,31,78,83,33,111,110,47" hai2="51,116,66,2,59,42,20,93,131,41,34,82,55" hai3="125,108,8,128,4,106,134,12,92,9,58,25,64"/><T36/><D68/><U100/><E81/><V7/><F34/><W14/><G108/><N who="1" m="41514" /><E31/><V127/><F131/><W56/><G125/><T17/><D75/><U27/><E27/><V123/><F127/><W91/><G128/><T107/><D36/><U46/><E33/><V117/><F123/><W1/><G134/><T73/><D73/><U15/><E15/><V77/><F66/><W6/><G106/><T104/><D35/><U94/><E71/><V52/><F20/><W129/><G129/><T70/><D70/><U119/><E119/><N who="2" m="45643" /><F93/><W40/><G40/><T63/><D10/><U61/><E54/><V120/><F120/><W122/><G122/><T26/><D26/><U130/><E130/><V101/><F101/><W133/><G133/><T118/><D118/><U135/><E135/><V74/><F55/><W124/><G124/><T76/><REACH who="0" step="1"/><D57/><REACH who="0" ten="240,250,250,250" step="2"/><U114/><E114/><V49/><F49/><W126/><G126/><T29/><D29/><U37/><E37/><V48/><F48/><W28/><G1/><T96/><D96/><U90/><E62/><V21/><F21/><N who="3" m="15407" /><G64/><T30/><D30/><U113/><E61/><V5/><F5/><W0/><G0/><T44/><D44/><N who="1" m="16939" /><E113/><V3/><F3/><W53/><G53/><T98/><D98/><AGARI ba="0,1" hai="4,6,8,9,12,14,56,58,91,92,98" m="15407" machi="98" ten="30,1000,0" yaku="8,1" doraHai="97" who="3" fromWho="0" sc="240,-10,250,0,250,0,250,20" /><INIT seed="1,0,0,3,1,59" ten="230,250,250,270" oya="1" hai0="64,84,65,72,85,71,114,0,92,51,89,27,45" hai1="118,14,5,81,62,113,34,8,127,70,112,129,108" hai2="123,91,37,12,33,63,103,110,109,105,73,101,13" hai3="6,25,104,134,128,131,122,119,96,42,76,7,94"/><U3/><E118/><V74/><F33/><W15/><G122/><T78/><D0/><U58/><E70/><V56/><F123/><W20/><G134/><T95/><D114/><U121/><E121/><V50/><F37/><W43/><G104/><T9/><D71/><U57/><E127/><V100/><F105/><W32/><G32/><T115/><D115/><U86/><E129/><N who="3" m="49738" /><G76/><T68/><D68/><U16/><E34/><V52/><F91/><N who="3" m="55391" /><G119/><T67/><D27/><U77/><E58/><V124/><F124/><W93/><G93/><T22/><D22/><U48/><E48/><V83/><F50/><W10/><G6/><T4/><D78/><U24/><E108/><N who="2" m="41579" /><F83/><W18/><AGARI ba="0,0" hai="7,10,15,18,20,25,42,43" m="55391,49738" machi="18" ten="30,1100,0" yaku="19,1" doraHai="59" who="3" fromWho="3" sc="230,-3,250,-5,250,-3,270,11" /><INIT seed="2,0,0,5,3,27" ten="227,245,247,281" oya="2" hai0="132,73,94,72,134,1,119,9,38,90,13,52,126" hai1="43,89,114,70,26,109,93,25,74,6,53,16,59" hai2="133,80,56,50,37,127,46,39,3,35,97,102,125" hai3="124,64,23,99,61,100,0,31,10,128,104,91,107"/><V108/><F3/><W42/><G124/><N who="2" m="47689" /><F35/><W116/><G116/><T110/><D119/><U103/><E70/><V75/><F133/><N who="0" m="51306" /><D1/><U5/><E114/><V92/><F108/><W44/><G128/><T85/><D110/><U51/><E109/><V98/><F56/><W117/><G117/><T22/><D126/><U32/><E74/><V113/><F113/><W8/><G91/><T24/><D38/><U135/><E135/><V55/><F98/><W41/><G107/><T58/><D9/><U12/><E103/><V67/><F67/><W7/><G8/><T54/><D13/><U105/><E105/><V30/><F30/><W88/><G88/><T71/><D71/><U130/><E43/><V129/><F129/><W112/><G112/><T15/><D15/><U47/><E130/><V48/><F48/><W65/><G65/><T34/><D34/><U131/><E131/><V111/><F111/><W101/><G100/><T77/><D77/><AGARI ba="0,0" hai="37,39,46,50,55,75,77,80,92,97,102" m="47689" machi="77" ten="30,1500,0" yaku="18,1" doraHai="27" who="2" fromWho="0" sc="227,-15,245,0,247,15,281,0" /><INIT seed="2,1,0,4,5,33" ten="212,245,262,281" oya="2" hai0="12,47,46,111,127,115,71,17,36,25,51,10,92" hai1="65,76,56,28,67,24,3,109,89,23,125,102,31" hai2="4,103,21,116,60,6,87,99,80,79,14,108,44" hai3="68,130,59,96,37,131,88,123,66,86,16,135,133"/><V40/><F116/><W121/><G37/><T85/><D115/><U118/><E118/><V73/><F108/><W58/><G96/><T84/><D127/><U82/><E125/><V113/><F113/><W54/><G68/><T132/><D111/><U105/><E109/><V39/><F60/><W55/><G66/><T106/><D106/><U18/><E3/><V2/><F87/><W8/><G123/><T30/><D36/><U63/><E89/><V126/><F126/><W38/><G38/><T22/><D132/><N who="3" m="50761" /><G121/><T13/><D71/><U0/><E0/><V104/><REACH who="2" step="1"/><F2/><REACH who="2" ten="212,245,252,281" step="2"/><W57/><G130/><T5/><D85/><U72/><E67/><V32/><F32/><W19/><G131/><T20/><D84/><U61/><E61/><V122/><F122/><W97/><G97/><T77/><D77/><U15/><E63/><V45/><F45/><W110/><G110/><T50/><D92/><U100/><E65/><V70/><F70/><W29/><G8/><T78/><D78/><U35/><E56/><V27/><F27/><W134/><G134/><T120/><D120/><U117/><E117/><V91/><F91/><W128/><G128/><T7/><D47/><U81/><E105/><V62/><F62/><W124/><G124/><T69/><D69/><U90/><E90/><V119/><F119/><W93/><G57/><T42/><D50/><U34/><E82/><V64/><F64/><W11/><G59/><T129/><D129/><U48/><E48/><V95/><F95/><W75/><G58/><T52/><D42/><U1/><E1/><V41/><F41/><RYUUKYOKU ba="1,1" sc="212,10,245,10,252,10,281,-30" hai0="5,7,10,12,13,17,20,22,25,30,46,51,52" hai1="15,18,23,24,28,31,34,35,72,76,81,100,102" hai2="4,6,14,21,39,40,44,73,79,80,99,103,104" /><INIT seed="2,2,1,2,2,67" ten="222,255,262,251" oya="2" hai0="56,23,102,84,52,34,85,28,70,22,113,76,44" hai1="65,26,134,78,114,32,87,39,110,86,122,19,108" hai2="125,29,117,116,135,82,124,37,5,42,3,107,91" hai3="13,90,61,126,73,27,18,115,58,129,7,88,77"/><V133/><F107/><W9/><G126/><N who="2" m="48745" /><F29/><W132/><G129/><T123/><D123/><U98/><E39/><V20/><F20/><W60/><G132/><N who="2" m="50761" /><F42/><W106/><G115/><T130/><D113/><U12/><E114/><V109/><F37/><W47/><G106/><T131/><D102/><U101/><E122/><V94/><F109/><N who="1" m="42089" /><E134/><V51/><F51/><W79/><G47/><T49/><D34/><U36/><E36/><V38/><F38/><W11/><G73/><T4/><D4/><U14/><E65/><V104/><F104/><W81/><G61/><T54/><D70/><U95/><E78/><V83/><F5/><W66/><G77/><T50/><D76/><U71/><E71/><V74/><F3/><W25/><G79/><T100/><D100/><U92/><E92/><V75/><F83/><W62/><G60/><T97/><D97/><U99/><E99/><N who="2" m="57823" /><F82/><W121/><G121/><T120/><D120/><U1/><E1/><V48/><F48/><W53/><G66/><T0/><D0/><U31/><E14/><V43/><F43/><W10/><G81/><T35/><D35/><U8/><AGARI ba="2,1" hai="8,12,19,26,31,32,86,87,95,98,101" m="42089" machi="8" ten="30,1100,0" yaku="14,1" doraHai="67" who="1" fromWho="1" sc="222,-5,255,27,262,-7,251,-5" /><INIT seed="3,0,0,2,2,117" ten="217,282,255,246" oya="3" hai0="70,84,74,46,75,36,71,24,44,43,115,5,95" hai1="38,130,17,88,26,113,8,90,119,35,118,93,132" hai2="102,104,64,106,69,42,79,89,112,97,21,120,37" hai3="3,31,50,6,65,76,129,61,19,107,10,85,127"/><W4/><G127/><T0/><D115/><U52/><E113/><V13/><F112/><W41/><G129/><T15/><D0/><U110/><E38/><V105/><F79/><W78/><G107/><T86/><D95/><U45/><E110/><V124/><F124/><W28/><G6/><T116/><D116/><N who="1" m="44587" /><E130/><V126/><F120/><W67/><G65/><T72/><D24/><U62/><E132/><V125/><F126/><W94/><G19/><T73/><N who="0" m="18944" /><DORA hai="23" /><T16/><D5/><U59/><E45/><V40/><F125/><W27/><G31/><T57/><D44/><U33/><E90/><V99/><F69/><W20/><G50/><T60/><D71/><U133/><E133/><V114/><F64/><W77/><G41/><T80/><D70/><U66/><E66/><V54/><F114/><W34/><G34/><T87/><D80/><U7/><E26/><V131/><F131/><W91/><REACH who="3" step="1"/><G78/><REACH who="3" ten="217,282,255,236" step="2"/><T108/><D108/><U29/><E17/><V121/><F42/><W39/><G39/><T22/><D60/><U134/><E29/><V32/><F32/><W63/><G63/><T68/><D68/><AGARI ba="0,1" hai="3,4,10,20,27,28,61,67,68,76,77,85,91,94" machi="68" ten="30,11600,0" yaku="1,1,7,1,52,1,53,1" doraHai="117,23" doraHaiUra="25,11" who="3" fromWho="0" sc="217,-116,282,0,255,0,236,126" owari="101,-40.0,282,8.0,255,-14.0,362,46.0" /></mjloggm>