<mjloggm ver="2.3"><GO type="97" lobby="0"/><UN n0="%E3%82%A6%E3%83%AB%E3%83%88%E3%83%A9%E7%AB%8B%E7%9B%B4" n1="%E5%8F%97%E3%81%91%E5%B8%AB" n2="%E3%81%9F%E3%82%8B%E3%81%BC%E3%81%8F%E3%82%93" n3="%E5%A0%82" dan="14,13,14,13" rate="1835.54,1876.91,1906.14,1901.08" sx="M,F,M,M"/><TAIKYOKU oya="0"/><INIT seed="0,0,0,3,3,8" ten="250,250,250,250" oya="0" hai0="42,115,54,19,6,99,76,68,100,84,3,112,13" hai1="108,101,33,61,123,119,2,105,117,48,0,93,55" hai2="65,118,79,113,26,132,81,120,49,87,56,60,30" hai3="62,43,95,15,82,20,47,52,10,31,106,70,24"/><T67/><D42/><U14/><E33/><V18/><F120/><W134/><G134/><T135/><D135/><U83/><E105/><V40/><F132/><W12/><G106/><T133/><D133/><U71/><E108/><V57/><F113/><W88/><G82/><T74/><D74/><U128/><E128/><V75/><F75/><W69/><G69/><T39/><D39/><U80/><E123/><V5/><F118/><W11/><G70/><T110/><D3/><U37/><E37/><V86/><F5/><W64/><G64/><T22/><D6/><U7/><E71/><V91/><F18/><W77/><G77/><T29/><D29/><U78/><E78/><V44/><F87/><N who="3" m="52639" /><G43/><T130/><D130/><U85/><E80/><V116/><F116/><W41/><G41/><T111/><D84/><U98/><E85/><V94/><F57/><N who="3" m="35111" /><G47/><T73/><D76/><U4/><E83/><V46/><F46/><W23/><G23/><T114/><D73/><U90/><E0/><V1/><F1/><W104/><G104/><T45/><D67/><U127/><E2/><V21/><REACH who="2" step="1"/><F79/><REACH who="2" ten="250,250,240,250" step="2"/><W122/><G122/><T38/><D68/><U97/><E117/><V25/><F25/><W34/><G34/><T96/><D114/><U36/><E119/><V92/><AGARI ba="0,1" hai="21,26,30,40,44,49,56,60,65,81,86,91,92,94" machi="92" ten="30,8000,1" yaku="1,1,0,1,8,1,53,2" doraHai="8" doraHaiUra="89" who="2" fromWho="2" sc="250,-40,250,-20,240,90,250,-20" /><INIT seed="1,0,0,1,3,42" ten="210,230,330,230" oya="1" hai0="120,26,30,95,5,134,23,25,72,135,43,78,53" hai1="87,41,90,57,49,81,67,112,84,11,99,28,18" hai2="75,127,103,6,15,114,1,9,13,92,10,2,132" hai3="100,55,31,17,69,12,102,106,29,60,21,118,129"/><U130/><E130/><V56/><F75/><W47/><G118/><T117/><D117/><U59/><E112/><V39/><F39/><W85/><G129/><T122/><D78/><U70/><E28/><V19/><F114/><W45/><G106/><T50/><D72/><U82/><E99/><V64/><F127/><W124/><G124/><T68/><D68/><U24/><E70/><V54/><F64/><W65/><G85/><T104/><D104/><U110/><E110/><V63/><F103/><N who="3" m="39467" /><G65/><T89/><D43/><U62/><E57/><V71/><F71/><W109/><G109/><T74/><D5/><U58/><E59/><V126/><F92/><W7/><G69/><T52/><D26/><U22/><E11/><V113/><F126/><W133/><G133/><N who="0" m="50699" /><D74/><U108/><E108/><V35/><F113/><W32/><G32/><T79/><D79/><N who="1" m="46143" /><E41/><V4/><F35/><W3/><G3/><T48/><D89/><U119/><E119/><V61/><F132/><W111/><G111/><T0/><D0/><U88/><E49/><N who="0" m="19049" /><D95/><U66/><E67/><V125/><F63/><W46/><G7/><T37/><D37/><U128/><E128/><V34/><F125/><W76/><G76/><AGARI ba="0,0" hai="18,22,24,58,62,66,76,82,87,88,90" m="46143" machi="76" ten="30,2900,0" yaku="8,1,54,1" doraHai="42" who="1" fromWho="3" sc="210,0,230,29,330,0,230,-29" /><INIT seed="1,1,0,2,5,91" ten="210,259,330,201" oya="1" hai0="119,0,131,39,62,48,47,56,59,61,103,100,68" hai1="122,95,12,118,22,40,49,73,92,135,94,107,104" hai2="8,46,106,51,55,67,76,16,45,54,99,86,4" hai3="11,5,10,29,17,101,81,134,128,33,7,123,41"/><U125/><E118/><V82/><F67/><W121/><G41/><T133/><D0/><U71/><E122/><V58/><F106/><W77/><G134/><T38/><D103/><U83/><E71/><V13/><F99/><W84/><G128/><T57/><D100/><U1/><E1/><V66/><F66/><W44/><G101/><T70/><D119/><U74/><E135/><V78/><F78/><W27/><G44/><N who="2" m="17001" /><F55/><W19/><G84/><T129/><D133/><U93/><E49/><V117/><F117/><W23/><G81/><T98/><D98/><U111/><E40/><V88/><F76/><W65/><G65/><T80/><D80/><U132/><E132/><V28/><F28/><W42/><G42/><N who="0" m="24695" /><D129/><U110/><E125/><V115/><F115/><W130/><G130/><T60/><D131/><U31/><E83/><V102/><F102/><W87/><G87/><T97/><D97/><U24/><N who="1" m="24064" /><DORA hai="52" /><U127/><E127/><V109/><F109/><N who="1" m="41481" /><E12/><V114/><F114/><W25/><G77/><T75/><D75/><AGARI ba="1,0" hai="22,24,31,73,74,75,104,107" m="41481,24064" machi="75" ten="50,18000,2" yaku="14,1,10,1,52,4" doraHai="91,52" who="1" fromWho="0" sc="210,-183,259,183,330,0,201,0" /><INIT seed="1,2,0,0,1,74" ten="27,442,330,201" oya="1" hai0="135,87,21,19,31,62,10,7,97,5,115,30,111" hai1="44,85,66,39,60,126,4,2,6,118,33,1,3" hai2="42,78,94,92,121,72,81,122,24,16,106,36,113" hai3="14,18,84,76,133,89,50,107,37,49,8,79,26"/><U77/><E118/><V99/><F42/><W53/><G107/><T61/><D111/><U108/><E33/><V27/><F36/><W68/><G37/><T102/><D135/><U105/><E105/><V75/><F24/><W13/><G68/><T90/><D115/><U67/><E126/><V88/><F27/><W43/><G133/><T134/><D134/><U52/><E108/><V69/><F69/><W12/><G26/><T83/><D30/><U70/><E66/><V46/><F16/><N who="3" m="8199" /><G43/><T25/><D19/><U93/><E93/><V104/><F46/><N who="3" m="27831" /><G50/><T41/><D41/><U129/><E39/><V112/><F75/><W98/><G98/><T124/><D124/><U116/><E116/><V65/><F94/><N who="3" m="54567" /><G14/><T91/><D91/><U58/><E44/><V86/><F65/><W9/><AGARI ba="2,0" hai="9,13,18,76,79" m="54567,27831,8199" machi="9" ten="30,7900,0" yaku="8,1,52,2,54,1" doraHai="74" who="3" fromWho="3" sc="27,-22,442,-41,330,-22,201,85" /><INIT seed="2,0,0,5,0,96" ten="5,401,308,286" oya="2" hai0="71,18,135,74,29,52,95,84,122,9,45,79,87" hai1="112,91,47,60,7,103,32,2,128,27,99,94,33" hai2="4,70,19,37,51,114,106,64,21,89,36,90,16" hai3="100,133,28,68,34,17,119,55,10,20,129,97,42"/><V109/><F106/><W5/><G119/><T12/><D71/><U3/><E112/><V120/><F120/><W13/><G68/><T62/><D74/><U123/><E123/><V98/><F114/><W26/><G129/><T92/><D122/><U125/><E128/><V58/><F109/><W105/><G133/><T76/><D135/><U118/><E118/><V48/><F70/><W46/><G55/><T130/><D130/><U31/><E125/><V40/><F37/><W57/><G57/><N who="0" m="35111" /><D45/><U22/><E60/><N who="2" m="37911" /><F36/><W61/><G61/><T35/><D29/><U117/><E117/><V78/><F78/><N who="0" m="29738" /><D35/><U54/><E32/><V132/><F132/><W83/><G83/><T104/><D104/><U81/><E33/><V25/><F4/><W110/><G110/><T85/><AGARI ba="0,0" hai="9,12,18,84,85,87,92,95" m="29738,35111" machi="85" ten="30,2000,0" yaku="8,1,54,1" doraHai="96" who="0" fromWho="0" sc="5,20,401,-5,308,-10,286,-5" /><INIT seed="3,0,0,3,1,17" ten="25,396,298,281" oya="3" hai0="16,109,74,101,77,65,66,105,93,122,133,97,131" hai1="119,117,130,132,69,7,85,29,126,102,11,20,37" hai2="98,51,25,89,15,39,83,57,114,110,50,3,87" hai3="113,2,88,107,92,55,104,99,19,106,124,47,68"/><W100/><G113/><T22/><D66/><U59/><E69/><V8/><F39/><W27/><G68/><T84/><D65/><U70/><E70/><V14/><F114/><W41/><G2/><T48/><D48/><U0/><E37/><V63/><F110/><W103/><G124/><T95/><D122/><U121/><E121/><V49/><F3/><W128/><G128/><T46/><D46/><U28/><E126/><V24/><F98/><W43/><G55/><T42/><D131/><U44/><E44/><V94/><F94/><W75/><G75/><T129/><D42/><U52/><E132/><V96/><F96/><W90/><G90/><T135/><D129/><U78/><E102/><V72/><F72/><W4/><G4/><T115/><D109/><U61/><E130/><V45/><F45/><W54/><G54/><T13/><D115/><U76/><E29/><V10/><F10/><W111/><G111/><T108/><D108/><U127/><E127/><V6/><REACH who="2" step="1"/><F15/><REACH who="2" ten="25,396,288,281" step="2"/><W71/><G71/><T26/><D13/><U1/><E0/><V116/><F116/><N who="1" m="44617" /><E85/><V53/><AGARI ba="0,1" hai="6,8,14,24,25,49,50,51,53,57,63,83,87,89" machi="53" ten="30,7900,0" yaku="1,1,0,1,8,1,53,1" doraHai="17" doraHaiUra="82" who="2" fromWho="2" sc="25,-20,396,-20,288,89,281,-39" owari="5,-49.0,376,18.0,377,47.0,242,-16.0" /></mjloggm>