<mjloggm ver="2.3"><GO type="41" lobby="0"/><UN n0="%E3%82%B5%E3%83%A0%E3%83%A9%E3%82%A4%E3%83%80%E3%83%BC%E3%80%82" n1="%E5%B0%B1%E6%B4%BB%E7%94%9F%40%E5%B7%9D%E6%9D%91%E8%BB%8D%E5%9B%A3" n2="%E4%BA%8C%E9%9A%8E%E5%A0%82%E6%AF%94%E9%9C%B2" n3="%E5%A4%A9%E7%9A%87%E9%99%9B%E4%B8%8B" dan="15,15,15,13" rate="1975.26,1973.80,1973.43,1907.36" sx="M,M,M,M"/><TAIKYOKU oya="0"/><INIT seed="0,0,0,2,1,21" ten="250,250,250,250" oya="0" hai0="80,62,74,45,89,109,90,52,103,33,15,25,66" hai1="68,76,54,123,106,34,81,7,126,108,65,61,70" hai2="18,51,48,8,10,93,31,112,2,86,69,26,32" hai3="38,13,73,94,119,101,57,11,16,87,120,27,28"/><T116/><D116/><U124/><E106/><V19/><F69/><W133/><G133/><T0/><D0/><U113/><E123/><V102/><F51/><W63/><G120/><T82/><D109/><U29/><E7/><N who="2" m="1143" /><F48/><W104/><G119/><T91/><D15/><U115/><E108/><V79/><F79/><W9/><G73/><T71/><D103/><U43/><E43/><V84/><F86/><W130/><G130/><T121/><D121/><U64/><E34/><V20/><F84/><W67/><G38/><T58/><D45/><U55/><E29/><V88/><F88/><N who="3" m="53535" /><G104/><T100/><D100/><U131/><E81/><V118/><F93/><W49/><G101/><T59/><D71/><U40/><E76/><V117/><F102/><W97/><G97/><T41/><D41/><U105/><E105/><V12/><F112/><N who="1" m="43081" /><E40/><V47/><F47/><W17/><G49/><T85/><D74/><U135/><E135/><V30/><F30/><W50/><G50/><T37/><D37/><U77/><E77/><V46/><F46/><W22/><G28/><T23/><D33/><U107/><E107/><V134/><F134/><W44/><G44/><T132/><D132/><U3/><E3/><V60/><F60/><W35/><G35/><T75/><D75/><U110/><E110/><V122/><F122/><W1/><G1/><T92/><D82/><U78/><E131/><V36/><F36/><W95/><G95/><T53/><D92/><U98/><E98/><V5/><F5/><W6/><G6/><T72/><D72/><U114/><N who="1" m="43089" /><U14/><DORA hai="128" /><E70/><RYUUKYOKU ba="0,0" sc="250,-15,250,-15,250,15,250,15" hai2="10,12,18,19,20,26,31,32,117,118" hai3="9,11,13,16,17,22,27,57,63,67" /><INIT seed="1,1,0,5,1,78" ten="235,235,265,265" oya="1" hai0="92,91,5,38,105,32,117,116,101,30,19,23,72" hai1="10,130,107,64,41,37,26,89,53,60,99,126,95" hai2="39,6,119,69,114,113,16,111,0,52,1,104,85" hai3="76,96,13,3,35,40,27,50,115,67,21,88,82"/><U45/><E126/><V71/><F85/><W93/><G115/><T54/><D38/><U74/><E130/><V125/><F6/><W18/><G3/><T118/><D5/><U51/><E74/><V31/><F31/><W42/><G67/><T132/><D132/><U94/><E107/><V47/><F47/><W62/><G62/><T84/><D32/><U56/><E10/><V79/><F79/><W28/><REACH who="3" step="1"/><G50/><REACH who="3" ten="235,235,265,255" step="2"/><T108/><D117/><U59/><E26/><V100/><F119/><W29/><G29/><T77/><D30/><U134/><E134/><V57/><F114/><W133/><G133/><T109/><D116/><U110/><E110/><V80/><F111/><W9/><G9/><T33/><D118/><U68/><REACH who="1" step="1"/><E95/><REACH who="1" ten="235,225,265,255" step="2"/><V7/><F113/><W17/><G17/><T128/><D108/><U70/><AGARI ba="1,2" hai="37,41,45,51,53,56,59,60,64,68,70,89,94,99" machi="70" ten="30,11700,0" yaku="1,1,2,1,0,1,53,1" doraHai="78" doraHaiUra="90" who="1" fromWho="1" sc="235,-40,225,140,265,-40,255,-40" /><INIT seed="1,2,0,5,4,86" ten="195,365,225,215" oya="1" hai0="87,26,122,89,48,119,39,30,114,36,20,73,85" hai1="88,2,34,13,101,27,130,113,59,62,117,37,53" hai2="80,84,25,28,110,135,131,105,76,33,126,54,9" hai3="21,7,72,31,42,43,12,134,66,10,8,83,41"/><U4/><E2/><V16/><F110/><W106/><G134/><T46/><D119/><U14/><E117/><V90/><F135/><W24/><G106/><T74/><D114/><U124/><E113/><V1/><F131/><W5/><G72/><T115/><D115/><U102/><E37/><V82/><F126/><W132/><G66/><T51/><D122/><U70/><E130/><V3/><F105/><W104/><G104/><T0/><D0/><U112/><E124/><V129/><F129/><W52/><G132/><T92/><D39/><U60/><E112/><V40/><F40/><W93/><G93/><T133/><D36/><U23/><E34/><V94/><F54/><W61/><G83/><T58/><D133/><U78/><E78/><V47/><F47/><W65/><G65/><T100/><D100/><N who="1" m="38507" /><E70/><V69/><F69/><W125/><G125/><T109/><D109/><U35/><E4/><N who="3" m="1610" /><G12/><T96/><D74/><U68/><E35/><V57/><F80/><W50/><G61/><T108/><D73/><U99/><E60/><V103/><F103/><W38/><G38/><T116/><D108/><U79/><E79/><V95/><F76/><W63/><G63/><T121/><D121/><U29/><E68/><V118/><F118/><W81/><G81/><T107/><D107/><U71/><E71/><V45/><F1/><W32/><G32/><T75/><D75/><U6/><E6/><N who="2" m="1247" /><F45/><AGARI ba="2,0" hai="8,10,21,24,31,41,42,43,45,50,52" m="1610" machi="45" ten="30,2000,0" yaku="8,1,54,1" doraHai="86" who="3" fromWho="2" sc="195,0,365,0,225,-26,215,26" /><INIT seed="2,0,0,5,0,116" ten="195,365,199,241" oya="2" hai0="14,114,76,59,96,43,88,10,40,127,92,35,17" hai1="61,66,72,36,106,94,89,46,58,7,56,112,5" hai2="2,1,124,68,105,32,69,108,131,119,16,26,65" hai3="86,39,48,113,21,9,45,81,23,15,74,11,90"/><V85/><F105/><W34/><G34/><T44/><D114/><U41/><E112/><V55/><F119/><W93/><G39/><T110/><D35/><U22/><E106/><V84/><F124/><W129/><G129/><T121/><D127/><U109/><E72/><V30/><F131/><W24/><G113/><T107/><D110/><U73/><E109/><V75/><F75/><W135/><G135/><T64/><D107/><U70/><E73/><V57/><F108/><W12/><G74/><T63/><D76/><U18/><E58/><V117/><F117/><W130/><G130/><T49/><REACH who="0" step="1"/><D121/><REACH who="0" ten="185,365,199,241" step="2"/><U82/><E70/><V20/><F68/><W123/><G123/><T52/><AGARI ba="0,1" hai="10,14,17,40,43,44,49,52,59,63,64,88,92,96" machi="52" ten="20,16000,3" yaku="1,1,2,1,0,1,7,1,8,1,54,2,53,1" doraHai="116" doraHaiUra="51" who="0" fromWho="0" sc="185,170,365,-40,199,-80,241,-40" /><INIT seed="3,0,0,1,1,47" ten="355,325,119,201" oya="3" hai0="13,133,103,24,54,87,18,131,57,96,16,19,5" hai1="80,106,75,21,25,33,101,93,119,77,6,134,135" hai2="22,124,79,26,109,111,100,30,118,94,104,110,17" hai3="15,67,48,126,98,122,62,70,89,130,132,41,78"/><W29/><G122/><T14/><D133/><N who="1" m="50699" /><E33/><V51/><F118/><W55/><G126/><T50/><D131/><U12/><E119/><V39/><F39/><W36/><G130/><T125/><D125/><U91/><E6/><V35/><F124/><W20/><G132/><T42/><D5/><U66/><E66/><V69/><F69/><W1/><G1/><T95/><D24/><U10/><E106/><V37/><F37/><W34/><G34/><T58/><D42/><U74/><E101/><V84/><F104/><W116/><G116/><T56/><D87/><N who="1" m="48527" /><E12/><AGARI ba="0,0" hai="12,13,14,16,18,19,50,54,56,57,58,95,96,103" machi="12" ten="40,5200,0" yaku="8,1,52,1,54,1" doraHai="47" who="0" fromWho="1" sc="355,52,325,-52,119,0,201,0" /><INIT seed="4,0,0,3,0,91" ten="407,273,119,201" oya="0" hai0="18,70,105,101,60,97,46,84,53,127,81,89,85" hai1="49,43,71,59,111,107,129,113,135,68,126,1,12" hai2="86,45,98,6,52,65,63,88,114,104,77,115,110" hai3="128,27,14,123,82,80,112,120,47,108,51,132,55"/><T62/><D127/><U48/><E12/><V58/><F110/><W40/><G108/><T119/><D119/><U79/><E79/><V26/><F77/><W20/><G128/><T133/><D133/><U130/><E1/><V87/><F6/><W73/><G132/><T35/><D35/><U92/><E107/><V93/><F104/><W134/><G112/><T31/><D31/><U19/><E19/><V5/><F5/><W94/><G134/><T67/><D18/><U121/><E92/><V37/><F26/><W124/><G14/><T2/><D2/><U16/><E16/><V118/><F118/><W3/><G3/><T131/><D131/><U39/><E111/><V117/><F117/><W9/><G9/><T125/><D125/><U34/><E34/><V56/><F115/><W100/><G73/><T90/><D62/><U83/><E83/><V7/><F7/><W30/><G124/><T21/><D21/><U32/><E32/><V50/><F114/><W28/><G28/><T75/><D75/><U36/><E113/><V4/><F4/><W44/><G123/><T23/><D23/><U57/><E126/><V109/><F109/><W33/><G33/><T17/><D17/><U64/><E135/><V29/><F29/><W69/><G69/><T78/><D85/><U66/><REACH who="1" step="1"/><E43/><REACH who="1" ten="407,263,119,201" step="2"/><V0/><REACH who="2" step="1"/><F0/><REACH who="2" ten="407,263,109,201" step="2"/><W72/><G120/><AGARI ba="0,2" hai="36,39,48,49,57,59,64,66,68,71,120,121,129,130" machi="120" ten="25,12000,2" yaku="1,1,2,1,22,2,34,3,53,0" doraHai="91" doraHaiUra="13" who="1" fromWho="3" sc="407,0,263,140,109,0,201,-120" /><INIT seed="5,0,0,4,1,34" ten="407,403,109,81" oya="1" hai0="95,11,1,113,68,92,102,101,24,65,78,52,7" hai1="53,103,135,39,51,48,129,106,90,94,38,3,30" hai2="119,62,82,88,107,45,26,81,58,19,80,22,93" hai3="29,50,2,6,27,108,115,66,120,130,41,31,123"/><U104/><E30/><V75/><F119/><W47/><G108/><T76/><D113/><U117/><E117/><V60/><F107/><W121/><G115/><T87/><D68/><U85/><E135/><V99/><F75/><W125/><G125/><T4/><D65/><U36/><E129/><V83/><N who="2" m="20992" /><DORA hai="55" /><V124/><F124/><W64/><G130/><T59/><D24/><U20/><E3/><V43/><REACH who="2" step="1"/><F58/><REACH who="2" ten="407,403,99,81" step="2"/><W79/><G79/><T16/><D78/><U12/><E104/><V70/><F70/><W37/><G37/><AGARI ba="0,1" hai="19,22,26,37,43,45,60,62,88,93,99" m="20992" machi="37" ten="50,6400,0" yaku="1,1,54,1,53,1" doraHai="34,55" doraHaiUra="97,84" who="2" fromWho="3" sc="407,0,403,0,99,74,81,-64" /><INIT seed="6,0,0,5,0,105" ten="407,403,173,17" oya="2" hai0="38,45,84,57,13,53,41,56,67,88,51,58,28" hai1="11,21,93,29,101,35,81,25,50,66,46,26,99" hai2="89,130,32,116,98,43,2,16,117,96,114,131,134" hai3="19,119,8,70,22,44,78,102,107,121,12,37,80"/><V64/><F43/><W52/><G119/><N who="2" m="45641" /><F32/><W124/><G121/><T47/><D28/><U77/><E11/><V23/><F2/><W55/><G124/><T87/><D13/><U123/><E66/><V122/><F64/><W6/><G70/><T112/><D112/><U61/><E123/><V17/><F122/><W7/><G6/><T69/><D87/><U31/><E61/><V42/><F42/><W20/><G20/><T39/><D84/><U40/><E81/><V118/><F118/><W90/><G90/><T75/><D88/><U108/><E108/><V18/><F89/><W79/><G78/><T49/><D75/><U85/><E77/><V74/><F23/><W106/><G55/><T36/><D69/><U72/><REACH who="1" step="1"/><E85/><REACH who="1" ten="407,393,173,17" step="2"/><V76/><F76/><W1/><G102/><T110/><D110/><U65/><E65/><AGARI ba="0,1" hai="36,38,39,41,45,47,49,51,53,56,57,58,65,67" machi="65" ten="50,12000,2" yaku="35,6" doraHai="105" who="0" fromWho="1" sc="407,130,393,-120,173,0,17,0" /><INIT seed="7,0,0,5,3,38" ten="537,273,173,17" oya="3" hai0="27,113,88,59,77,115,92,99,90,72,52,50,61" hai1="120,83,42,128,124,67,89,2,7,5,9,3,80" hai2="16,69,10,14,71,55,86,47,85,51,70,54,78" hai3="102,79,108,112,123,94,17,109,45,116,111,97,29"/><W44/><G123/><T60/><D27/><U4/><E120/><V20/><F55/><W73/><G116/><T129/><D129/><U24/><E124/><V26/><REACH who="2" step="1"/><F78/><REACH who="2" ten="537,273,163,17" step="2"/><W118/><G118/><T64/><D77/><U49/><E3/><V105/><F105/><W126/><G112/><N who="0" m="43083" /><D72/><U40/><E2/><V41/><F41/><W117/><G117/><T75/><D75/><U28/><E67/><V134/><F134/><W91/><G126/><T132/><D132/><U18/><E128/><V98/><F98/><N who="3" m="57695" /><G17/><AGARI ba="0,1" hai="10,14,16,17,20,26,47,51,54,69,70,71,85,86" machi="17" ten="40,2600,0" yaku="1,1,54,1,53,0" doraHai="38" doraHaiUra="106" who="2" fromWho="3" sc="537,0,273,0,163,36,17,-26" owari="537,64.0,273,7.0,199,-20.0,-9,-51.0" /></mjloggm>