<mjloggm ver="2.3"><GO type="97" lobby="0"/><UN n0="%6B%6F%75%2D%79" n1="%6E%69%67%68%74%2D%62%6F" n2="%6F%7A%75%6D%69" n3="%E3%82%A6%E3%83%AB%E3%83%88%E3%83%A9%E7%AB%8B%E7%9B%B4" dan="13,13,13,14" rate="1842.28,2048.59,1915.59,1960.15" sx="M,M,M,M"/><TAIKYOKU oya="0"/><INIT seed="0,0,0,4,5,99" ten="250,250,250,250" oya="0" hai0="12,18,60,42,3,90,127,59,126,66,15,20,102" hai1="52,61,48,122,125,120,9,77,35,38,70,37,11" hai2="65,53,115,96,51,47,30,27,63,135,45,134,94" hai3="64,34,36,57,29,14,31,58,79,2,24,67,104"/><T105/><D3/><U121/><E35/><V133/><F115/><W50/><G2/><T80/><D42/><U103/><E77/><V69/><F27/><W130/><G36/><T113/><D113/><U85/><E85/><V21/><F30/><N who="3" m="11275" /><G104/><T43/><D43/><U68/><E103/><V84/><F21/><W112/><G34/><T44/><D44/><N who="1" m="27655" /><E9/><V92/><F84/><W116/><G116/><T131/><D131/><U93/><E93/><V91/><F94/><W17/><G130/><T40/><D40/><U10/><E11/><V81/><F47/><W55/><G112/><T110/><D110/><U117/><E10/><V87/><REACH who="2" step="1"/><F134/><REACH who="2" ten="250,250,240,250" step="2"/><W73/><G24/><T89/><D127/><U119/><E125/><V28/><F28/><W108/><G108/><T62/><D126/><U129/><E129/><V46/><F46/><N who="3" m="28119" /><G73/><T54/><D105/><U98/><E119/><V0/><F0/><W118/><G118/><T123/><D123/><U22/><E117/><V78/><AGARI ba="0,1" hai="45,51,53,63,65,69,78,81,87,91,92,96,133,135" machi="78" ten="30,4000,0" yaku="1,1,0,1,53,1" doraHai="99" doraHaiUra="49" who="2" fromWho="2" sc="250,-20,250,-10,240,50,250,-10" /><INIT seed="1,0,0,4,3,21" ten="230,240,290,240" oya="1" hai0="10,33,92,135,50,123,44,52,120,109,3,133,25" hai1="56,63,111,61,87,57,110,115,31,40,64,74,12" hai2="84,19,14,26,86,93,78,76,13,124,0,48,94" hai3="20,77,59,73,127,70,80,116,45,121,72,81,71"/><U89/><E74/><V82/><F124/><W58/><G121/><N who="0" m="46667" /><D109/><N who="1" m="41483" /><E115/><V126/><F0/><W9/><G127/><T113/><D92/><N who="1" m="54335" /><E40/><V23/><F126/><W43/><G116/><T37/><D37/><U6/><E31/><V96/><F48/><W68/><G20/><T16/><D113/><U66/><E12/><V100/><REACH who="2" step="1"/><F94/><REACH who="2" ten="230,240,280,240" step="2"/><W108/><G108/><T91/><D3/><U129/><E6/><V30/><F30/><W46/><G43/><T4/><D4/><U95/><E95/><V85/><F85/><W83/><G73/><T69/><D135/><U88/><E129/><V38/><F38/><W42/><G42/><T35/><D133/><U17/><E17/><V55/><F55/><W118/><G72/><T53/><D53/><U18/><E18/><V132/><F132/><W51/><G118/><T90/><D10/><U102/><E102/><V39/><F39/><W32/><G9/><T62/><D35/><U101/><E101/><V29/><F29/><W41/><G32/><T79/><D33/><U22/><E22/><V122/><F122/><W128/><G128/><T60/><D16/><U107/><E107/><V8/><F8/><W97/><G41/><T119/><D119/><U125/><E125/><V2/><F2/><W54/><G54/><T36/><D36/><U34/><E34/><V103/><F103/><W7/><G7/><T5/><D5/><U104/><E104/><V1/><F1/><W49/><G97/><T134/><D52/><U65/><E64/><V112/><F112/><W98/><G98/><T75/><D134/><U130/><E130/><RYUUKYOKU ba="0,1" sc="230,-15,240,15,280,15,240,-15" hai1="56,57,61,63,65,66,88" hai2="13,14,19,23,26,76,78,82,84,86,93,96,100" /><INIT seed="1,1,1,5,3,27" ten="215,255,295,225" oya="1" hai0="29,13,19,84,66,88,48,79,111,86,16,65,122" hai1="103,63,85,21,114,56,75,73,3,69,109,28,108" hai2="102,129,4,95,59,121,17,38,60,99,6,116,12" hai3="41,119,135,71,70,92,10,23,53,77,30,32,55"/><U80/><E3/><V132/><F116/><W130/><G32/><T31/><D122/><U33/><E33/><V97/><F38/><W57/><G119/><T0/><D0/><U43/><E43/><V107/><F129/><W54/><G130/><T126/><D126/><U39/><E39/><V50/><F121/><W67/><G135/><T72/><D72/><U74/><E114/><V36/><F36/><W26/><G41/><T131/><D131/><U37/><E37/><V125/><F132/><W51/><G77/><T124/><D124/><U115/><E103/><V100/><F125/><W82/><G82/><N who="0" m="47199" /><D111/><N who="1" m="42571" /><E115/><V22/><F50/><W113/><G113/><T25/><D48/><U134/><E134/><V112/><F112/><W42/><G92/><N who="0" m="54295" /><D25/><N who="1" m="16431" /><E69/><V128/><F128/><W1/><G71/><T68/><D68/><U90/><E73/><V120/><F120/><W20/><G70/><T5/><D5/><U87/><E87/><V35/><F35/><W89/><G1/><T49/><D19/><U78/><E78/><V14/><F14/><W24/><G42/><T58/><D49/><U15/><E15/><V123/><F123/><W34/><G51/><T133/><D133/><U106/><E106/><V40/><F40/><W96/><G96/><T101/><D101/><U118/><E118/><V46/><F46/><W81/><G89/><T104/><D58/><U47/><E47/><V105/><F95/><W98/><G57/><T110/><D104/><U2/><E2/><V127/><REACH who="2" step="1"/><F127/><REACH who="2" ten="215,255,285,225" step="2"/><W93/><G34/><T64/><D110/><U83/><E80/><V52/><AGARI ba="1,2" hai="4,6,12,17,22,52,59,60,97,99,100,102,105,107" machi="52" ten="20,12000,2" yaku="1,1,2,1,5,1,0,1,7,1,9,1,54,1,53,0" doraHai="27" doraHaiUra="44" who="2" fromWho="2" sc="215,-31,255,-61,285,143,225,-31" /><INIT seed="2,0,0,5,2,39" ten="184,194,428,194" oya="2" hai0="128,112,93,28,52,133,40,80,111,78,10,129,104" hai1="47,88,14,99,114,82,51,61,59,43,68,34,73" hai2="116,94,132,123,121,53,33,54,29,107,81,62,55" hai3="69,45,31,84,67,5,74,134,120,71,37,79,26"/><V46/><F116/><W91/><G120/><N who="2" m="46153" /><F107/><W50/><G134/><T126/><D40/><U56/><E114/><V3/><F81/><W95/><G37/><T101/><D28/><U66/><E34/><V75/><F94/><W21/><G67/><T23/><D23/><U76/><E14/><V124/><F75/><W122/><G122/><T20/><D20/><U105/><REACH who="1" step="1"/><E88/><REACH who="1" ten="184,184,428,194" step="2"/><V24/><F33/><W15/><G15/><T11/><D112/><U60/><E60/><V92/><F3/><W115/><G115/><T113/><D113/><U4/><E4/><V18/><F24/><W125/><G5/><T38/><D133/><U130/><E130/><V83/><F18/><W108/><G108/><T77/><D111/><U41/><E41/><V63/><F29/><W89/><G89/><T7/><D7/><U119/><E119/><V127/><F83/><W32/><G32/><T100/><D80/><U48/><E48/><V65/><F92/><W72/><G79/><T90/><D90/><U42/><E42/><V96/><F96/><W102/><G102/><AGARI ba="0,1" hai="43,47,51,56,59,61,66,68,73,76,82,99,102,105" machi="102" ten="40,5200,0" yaku="1,1,52,1,53,1" doraHai="39" doraHaiUra="98" who="1" fromWho="3" sc="184,0,184,62,428,0,194,-52" /><INIT seed="3,0,0,1,3,110" ten="184,246,428,142" oya="3" hai0="21,123,116,128,28,45,20,97,39,92,23,14,90" hai1="125,75,129,60,135,108,122,38,50,35,16,102,130" hai2="43,91,127,109,48,62,85,41,71,8,124,5,36" hai3="65,87,88,52,126,19,79,59,103,0,27,117,7"/><W6/><G117/><T49/><D116/><U81/><E108/><V107/><F107/><W2/><G126/><N who="2" m="48169" /><F109/><W131/><G131/><T11/><D128/><U82/><E16/><V115/><F36/><W100/><G79/><T99/><D39/><U73/><E50/><V83/><F115/><W25/><G65/><T111/><D111/><U63/><E102/><N who="3" m="38954" /><G2/><T12/><D123/><U55/><E55/><V106/><F106/><W93/><G0/><T113/><D113/><U95/><E95/><V134/><F134/><W57/><G57/><T96/><D28/><U10/><E125/><V13/><F48/><N who="3" m="31111" /><G19/><N who="0" m="8607" /><D14/><U54/><E122/><V17/><F17/><W4/><AGARI ba="0,0" hai="4,6,7,25,27,87,88,93" m="31111,38954" machi="4" ten="30,6000,0" yaku="8,1,54,2" doraHai="110" who="3" fromWho="3" sc="184,-20,246,-20,428,-20,142,60" /><INIT seed="3,1,0,2,0,100" ten="164,226,408,202" oya="3" hai0="27,127,20,25,48,19,53,92,123,35,135,64,34" hai1="94,44,70,69,14,45,8,30,97,55,84,65,50" hai2="66,72,95,93,105,133,125,40,130,24,28,91,59" hai3="0,60,108,56,43,75,11,85,80,109,47,26,15"/><W110/><G0/><T119/><D123/><U12/><E30/><V88/><F130/><W54/><G75/><T113/><D119/><U103/><E69/><V58/><F72/><W41/><G26/><T33/><D113/><U128/><E128/><V114/><F133/><W2/><G2/><T122/><D122/><U134/><E134/><V37/><F125/><W68/><G68/><T131/><D135/><U13/><E70/><V111/><F114/><W38/><G43/><T112/><D112/><U118/><E65/><V99/><F111/><W98/><G98/><T23/><D131/><U74/><E74/><V29/><F40/><W6/><G85/><T49/><D127/><U42/><E84/><V117/><F37/><W115/><G80/><T78/><D78/><U124/><E118/><V101/><F117/><W32/><REACH who="3" step="1"/><G115/><REACH who="3" ten="164,226,408,192" step="2"/><T63/><D92/><U1/><E1/><V61/><F24/><W126/><G126/><T3/><D3/><U82/><E82/><V132/><F132/><W102/><G102/><T18/><REACH who="0" step="1"/><D53/><REACH who="0" ten="154,226,408,192" step="2"/><U71/><E124/><V90/><F95/><W81/><G81/><T107/><D107/><U39/><E71/><AGARI ba="1,2" hai="18,19,20,23,25,27,33,34,35,48,49,63,64,71" machi="71" ten="40,2600,0" yaku="1,1,9,1,53,0" doraHai="100" doraHaiUra="89" who="0" fromWho="1" sc="154,49,226,-29,408,0,192,0" owari="203,0.0,197,-20.0,408,51.0,192,-31.0" /></mjloggm>