<mjloggm ver="2.3"><GO type="169" lobby="0"/><UN n0="%E3%81%82%E3%81%B2%E3%82%8B%E3%81%95%E3%82%93" n1="%E3%81%82%E3%81%A3%E3%81%8F%E3%82%93%32" n2="%E3%82%A6%E3%83%AB%E3%83%88%E3%83%A9%E7%AB%8B%E7%9B%B4" n3="%7A%65%6C%64%65%6E" dan="17,16,16,16" rate="2094.31,2117.01,2132.03,2072.57" sx="M,M,M,M"/><TAIKYOKU oya="0"/><INIT seed="0,0,0,3,1,53" ten="250,250,250,250" oya="0" hai0="106,14,23,121,92,82,91,70,8,31,83,108,46" hai1="52,13,95,50,12,27,96,36,105,54,111,42,16" hai2="63,88,120,17,62,28,69,98,10,100,135,132,64" hai3="78,41,0,85,65,11,38,79,20,25,89,18,66"/><T133/><D121/><U126/><E105/><V2/><F120/><W130/><G130/><T81/><D106/><U103/><E111/><V59/><F28/><W9/><G38/><T129/><D70/><U115/><E36/><V74/><F74/><W22/><G41/><T34/><D34/><U125/><E115/><V86/><F2/><W26/><G78/><T119/><D119/><U67/><E67/><N who="3" m="25610" /><G79/><T40/><D133/><N who="2" m="51274" /><F63/><W47/><G47/><T101/><D101/><U73/><E73/><V87/><F87/><W72/><G72/><T109/><D129/><U37/><E37/><V35/><F35/><W57/><G57/><T116/><D116/><U32/><E32/><V68/><F10/><W84/><G0/><T60/><D60/><U76/><E76/><V102/><F17/><N who="3" m="12431" /><G85/><N who="0" m="52335" /><D46/><N who="1" m="25943" /><E125/><V5/><F5/><W94/><AGARI ba="0,0" hai="9,11,18,22,26,84,89,94" m="12431,25610" machi="94" ten="30,1100,0" yaku="8,1" doraHai="53" who="3" fromWho="3" sc="250,-5,250,-3,250,-3,250,11" /><INIT seed="1,0,0,4,3,101" ten="245,247,247,261" oya="1" hai0="90,20,112,69,58,44,104,125,106,74,61,31,55" hai1="16,91,94,40,87,82,30,70,117,6,42,54,73" hai2="11,57,39,79,116,13,37,41,123,12,3,4,18" hai3="119,96,107,124,115,49,45,76,35,63,102,83,68"/><U1/><E70/><V34/><F39/><W50/><G115/><T93/><D112/><U92/><E117/><V81/><F116/><W21/><G119/><T71/><D74/><U126/><E126/><V67/><F34/><W121/><G124/><T53/><D125/><U56/><E73/><V80/><F80/><W25/><G121/><T103/><D103/><U120/><E120/><V14/><F123/><W129/><G129/><T29/><D71/><U27/><E1/><V131/><F131/><W0/><G0/><T2/><D2/><U105/><E105/><V114/><F114/><W113/><G113/><T86/><D69/><U19/><E6/><V108/><F108/><W99/><G99/><T8/><D8/><U122/><E122/><V17/><F57/><W97/><G97/><T132/><D132/><U66/><E66/><V22/><F67/><N who="3" m="41087" /><G21/><T111/><D111/><U75/><E75/><N who="2" m="43263" /><F22/><W26/><G26/><T64/><D20/><N who="1" m="13703" /><E30/><V38/><F38/><W109/><G45/><AGARI ba="0,0" hai="3,4,11,12,13,14,17,18,37,41,45" m="43263" machi="45" ten="30,1000,0" yaku="25,1" doraHai="101" who="2" fromWho="3" sc="245,0,247,0,247,10,261,-10" /><INIT seed="2,0,0,1,2,66" ten="245,247,257,251" oya="2" hai0="77,78,19,44,126,112,90,71,15,28,104,74,46" hai1="118,30,13,21,132,131,68,79,35,54,98,70,85" hai2="99,20,23,128,94,134,119,117,60,110,41,58,49" hai3="124,84,121,86,69,105,130,55,12,26,114,32,39"/><V37/><F37/><W17/><G121/><T31/><D104/><U3/><E3/><V33/><F33/><W82/><G39/><T4/><D126/><U2/><E2/><V93/><F128/><W14/><G124/><T10/><D112/><U106/><E118/><V83/><F134/><W92/><G105/><T7/><D74/><U43/><E132/><V103/><F110/><W101/><G130/><T42/><D90/><U96/><E131/><V50/><F83/><W107/><G107/><T22/><D4/><U65/><E65/><V64/><F94/><W127/><G69/><T102/><D102/><U97/><E106/><V56/><F119/><W81/><G114/><T87/><D71/><U9/><E43/><V89/><F89/><N who="3" m="51351" /><G32/><T40/><D40/><U73/><E35/><V36/><F117/><W75/><G75/><T24/><D46/><U18/><E73/><V72/><F72/><W38/><G55/><T135/><D135/><U25/><REACH who="1" step="1"/><E54/><REACH who="1" ten="245,237,257,251" step="2"/><N who="2" m="31831" /><F36/><W95/><G38/><T59/><D42/><U48/><E48/><V57/><F41/><W108/><G127/><T5/><D44/><U129/><E129/><V115/><F115/><W116/><G116/><T6/><D59/><U100/><E100/><V52/><AGARI ba="0,1" hai="20,23,49,52,57,58,60,64,93,99,103" m="31831" machi="52" ten="30,3000,0" yaku="8,1,54,1" doraHai="66" who="2" fromWho="2" sc="245,-10,237,-10,257,40,251,-10" /><INIT seed="2,1,0,5,0,87" ten="235,227,297,241" oya="2" hai0="23,3,64,105,60,80,112,50,122,57,10,98,40" hai1="59,44,19,16,39,134,12,128,92,0,132,81,4" hai2="113,85,103,2,131,114,133,13,14,97,61,42,94" hai3="89,45,109,43,110,74,91,135,27,72,47,76,34"/><V130/><F2/><W35/><G135/><N who="1" m="51754" /><E0/><V6/><F133/><W62/><G62/><T18/><D122/><U11/><E128/><N who="2" m="49195" /><F42/><W36/><G76/><T78/><D112/><N who="2" m="43114" /><F6/><W65/><G65/><T38/><D38/><U115/><E115/><V1/><F1/><W46/><G43/><T69/><D3/><U101/><E39/><V48/><F48/><W119/><G36/><T121/><D121/><U104/><E104/><V9/><F9/><W117/><G47/><T127/><D10/><U116/><E44/><V79/><F61/><W86/><G86/><T95/><D105/><U15/><E116/><V29/><F29/><W99/><G99/><T125/><D40/><U124/><E124/><V102/><F102/><W90/><G90/><T31/><D31/><U37/><E37/><V58/><F58/><W93/><G93/><T41/><D41/><U123/><E123/><V53/><F53/><W32/><G32/><T107/><D127/><U54/><E12/><V126/><F126/><W118/><G118/><T17/><D125/><U66/><E66/><V111/><F111/><W71/><G27/><T106/><D64/><U77/><E59/><V33/><F33/><W22/><G22/><T96/><D23/><U51/><E51/><V5/><F5/><W108/><G108/><T56/><D50/><U120/><E54/><V75/><F75/><W55/><G55/><T52/><D57/><U100/><E120/><V7/><F7/><W129/><G129/><T20/><D52/><U25/><E4/><V84/><F84/><W70/><AGARI ba="1,0" hai="34,35,45,46,70,71,72,74,89,91,109,110,117,119" machi="70" ten="25,8000,1" yaku="0,1,22,2,52,2" doraHai="87" who="3" fromWho="3" sc="235,-21,227,-21,297,-41,241,83" /><INIT seed="3,0,0,2,4,101" ten="214,206,256,324" oya="3" hai0="36,39,115,66,83,61,6,8,0,78,132,54,55" hai1="87,22,119,97,20,19,73,17,52,127,47,28,46" hai2="59,40,51,110,109,4,21,77,118,3,53,13,111" hai3="102,108,62,10,84,85,56,45,72,134,120,86,74"/><W125/><G120/><T49/><D132/><U11/><E73/><V30/><F118/><W23/><G134/><T105/><D115/><U133/><E119/><V92/><F77/><W98/><G125/><T16/><D55/><U69/><E69/><V116/><F116/><W79/><G108/><T123/><D123/><U135/><E127/><V57/><F40/><W121/><G121/><T107/><D39/><U75/><E75/><V89/><F3/><W64/><G79/><T112/><D36/><U2/><E2/><V91/><F59/><W24/><G10/><T38/><D38/><U1/><E1/><V35/><F35/><W88/><G45/><T106/><D112/><U65/><E65/><V96/><F89/><W26/><G26/><T12/><D61/><U114/><E114/><V43/><F43/><W94/><REACH who="3" step="1"/><G102/><REACH who="3" ten="214,206,256,314" step="2"/><T93/><D78/><U117/><E11/><V15/><F4/><W34/><G34/><T95/><D6/><U80/><E133/><V44/><F44/><W81/><G81/><T7/><D83/><U48/><E135/><V100/><F100/><W90/><G90/><T14/><D0/><U68/><E46/><V9/><F9/><W103/><G103/><T60/><D12/><U122/><E122/><V82/><F82/><W31/><AGARI ba="0,1" hai="23,24,31,56,62,64,72,74,84,85,86,88,94,98" machi="31" ten="30,6000,0" yaku="1,1,0,1,54,1,53,0" doraHai="101" doraHaiUra="37" who="3" fromWho="3" sc="214,-20,206,-20,256,-20,314,70" /><INIT seed="3,1,0,0,4,35" ten="194,186,236,384" oya="3" hai0="30,3,123,97,96,135,26,130,25,105,41,102,82" hai1="104,113,59,128,87,92,44,118,79,58,72,57,112" hai2="15,134,126,111,21,95,47,66,28,43,62,60,117" hai3="122,116,98,76,69,0,120,17,78,81,40,119,125"/><W99/><G69/><T10/><D123/><N who="3" m="47145" /><G40/><T73/><D135/><U101/><E104/><V85/><F134/><W8/><G17/><T84/><D73/><U49/><E118/><V18/><F117/><W74/><G8/><T27/><D130/><U121/><E128/><V103/><F126/><W24/><G24/><T65/><D41/><U124/><E121/><V50/><F28/><W71/><G0/><T6/><D65/><U132/><E132/><V31/><F31/><W68/><G68/><T88/><REACH who="0" step="1"/><D97/><REACH who="0" ten="184,186,236,384" step="2"/><U110/><E72/><V80/><F66/><W33/><G98/><T55/><D55/><U89/><E124/><V37/><F37/><W42/><G42/><T34/><AGARI ba="1,1" hai="3,6,10,25,26,27,30,34,82,84,88,96,102,105" machi="34" ten="20,8000,1" yaku="1,1,0,1,7,1,52,1,54,1,53,0" doraHai="35" doraHaiUra="46" who="0" fromWho="0" sc="184,93,186,-21,236,-21,384,-41" /><INIT seed="4,0,0,3,5,17" ten="277,165,215,343" oya="0" hai0="126,19,15,129,110,25,21,53,18,113,114,121,7" hai1="1,123,48,5,44,127,57,38,40,94,11,55,46" hai2="73,83,22,41,92,93,49,120,35,39,85,59,96" hai3="87,104,43,68,69,58,116,64,60,124,3,78,107"/><T75/><D75/><U84/><E123/><V67/><F35/><W30/><G116/><T95/><D121/><U111/><E111/><V106/><F39/><W34/><G3/><T50/><D129/><U16/><E127/><V103/><F120/><W79/><G124/><T2/><D126/><U26/><E84/><V4/><F4/><W61/><G43/><T37/><D37/><U23/><REACH who="1" step="1"/><E94/><REACH who="1" ten="277,155,215,343" step="2"/><V112/><F73/><W125/><G87/><T135/><D110/><U12/><E12/><V102/><F106/><W118/><G104/><T77/><D95/><U45/><AGARI ba="0,1" hai="1,5,11,16,23,26,38,40,44,45,46,48,55,57" machi="45" ten="30,8000,1" yaku="1,1,0,1,52,1,54,1,53,1" doraHai="17" doraHaiUra="32" who="1" fromWho="1" sc="277,-40,155,90,215,-20,343,-20" /><INIT seed="5,0,0,4,0,53" ten="237,245,195,323" oya="1" hai0="12,114,106,105,25,27,1,38,74,26,20,39,132" hai1="29,62,22,117,67,113,75,8,116,123,85,51,71" hai2="28,126,90,131,44,37,101,93,82,108,30,95,18" hai3="102,52,9,104,79,14,120,64,81,128,127,47,11"/><U109/><E75/><V94/><F108/><W17/><G120/><T99/><D1/><U69/><E123/><V100/><F37/><W78/><G127/><T54/><D74/><U107/><E107/><V5/><F5/><W42/><G128/><T87/><D114/><U88/><E71/><V60/><F126/><W73/><G78/><T119/><D119/><U92/><E109/><V15/><F44/><W32/><G32/><T58/><D132/><U134/><E134/><V130/><F60/><W36/><G64/><T4/><D39/><U0/><E113/><V72/><F28/><W70/><G70/><T50/><D38/><U65/><E65/><V49/><F49/><W96/><G52/><T111/><D111/><U3/><E51/><V125/><F30/><W66/><G66/><T34/><D34/><U46/><E46/><V135/><F135/><W43/><G43/><T124/><D124/><U84/><E84/><N who="2" m="50455" /><F125/><W63/><G63/><T21/><D106/><U80/><E80/><V133/><F133/><W112/><G112/><T86/><D105/><U35/><E35/><V121/><F121/><W45/><G45/><T91/><D99/><U122/><E122/><V57/><F72/><W6/><G6/><T41/><D41/><U76/><E76/><V31/><F130/><W103/><G103/><N who="2" m="39497" /><F131/><W24/><G24/><T7/><D7/><N who="1" m="1127" /><E3/><V55/><F31/><W115/><G115/><T13/><D4/><U97/><E97/><V48/><F95/><W129/><G129/><T83/><D87/><U77/><E77/><V118/><F118/><W16/><G17/><RYUUKYOKU ba="0,0" sc="237,0,245,0,195,0,323,0" hai0="12,13,20,21,25,26,27,50,54,58,83,86,91" hai1="22,29,62,67,69,85,88,92,116,117" hai2="15,18,48,55,57,93,94" hai3="9,11,14,16,36,42,47,73,79,81,96,102,104" /><INIT seed="5,1,0,2,1,40" ten="237,245,195,323" oya="1" hai0="43,130,18,75,122,123,50,87,36,34,120,77,70" hai1="51,25,105,24,90,88,64,103,106,57,124,101,58" hai2="96,79,80,12,0,1,8,131,84,99,110,115,72" hai3="109,126,104,117,9,15,33,78,92,29,132,7,4"/><U35/><E35/><V83/><F110/><W49/><G104/><T13/><D70/><U5/><E5/><V41/><F131/><W127/><G109/><T119/><D119/><U125/><E51/><V23/><F115/><W27/><G132/><T19/><D34/><U133/><REACH who="1" step="1"/><E64/><REACH who="1" ten="237,235,195,323" step="2"/><V118/><F118/><W73/><G117/><T135/><D122/><U65/><E65/><V22/><F0/><W66/><G66/><T52/><D123/><U67/><E67/><V97/><F1/><W10/><G49/><T86/><D120/><U48/><E48/><V47/><F41/><W134/><G7/><T42/><D42/><U44/><E44/><V100/><F47/><W111/><G4/><T114/><D43/><U94/><E94/><V108/><F108/><W112/><G92/><T61/><D50/><U28/><E28/><V39/><F39/><W16/><G111/><T21/><D36/><U6/><E6/><V31/><F31/><W54/><G33/><T128/><D128/><U113/><E113/><V63/><F63/><W71/><G29/><T2/><D61/><U74/><E74/><V116/><F116/><W17/><G73/><T81/><D75/><U37/><E37/><V55/><F72/><W14/><G112/><T46/><D114/><U60/><E60/><V95/><F55/><W93/><G93/><T129/><D52/><U59/><E59/><V69/><F97/><W32/><G54/><T20/><D2/><U26/><E26/><V56/><F96/><W30/><G32/><T38/><D38/><U85/><E85/><V62/><F84/><RYUUKYOKU ba="1,1" sc="237,-10,235,30,195,-10,323,-10" hai1="24,25,57,58,88,90,101,103,105,106,124,125,133" /><INIT seed="5,2,1,4,3,16" ten="227,265,185,313" oya="1" hai0="113,117,121,129,22,119,132,95,106,65,61,20,35" hai1="34,50,83,28,114,72,17,101,33,55,12,41,10" hai2="68,45,87,86,4,60,134,99,52,32,3,19,90" hai3="79,27,76,118,39,24,66,54,48,128,9,70,94"/><U84/><E72/><V37/><F32/><W49/><G39/><T1/><D1/><U31/><E101/><V78/><F4/><W59/><G128/><T111/><D111/><U82/><E114/><V110/><F3/><W14/><G118/><T103/><D35/><U8/><E8/><V11/><F110/><W80/><G70/><T42/><D106/><U116/><E116/><V89/><F134/><W125/><G125/><T133/><D42/><U23/><E41/><V73/><F73/><W96/><G66/><T92/><D113/><U2/><E2/><V98/><F78/><N who="3" m="29739" /><G49/><T25/><D25/><N who="1" m="16447" /><E82/><N who="2" m="49367" /><F68/><W100/><G80/><T56/><D129/><U51/><E51/><N who="2" m="28783" /><F60/><W109/><G109/><T108/><D108/><U57/><E33/><V58/><F37/><W107/><G107/><T124/><D124/><U15/><E34/><V18/><F58/><W81/><G81/><T0/><D0/><U71/><E71/><V88/><F90/><W105/><G105/><T122/><D119/><U63/><E31/><V135/><F135/><N who="0" m="51786" /><D117/><U64/><E64/><V131/><F131/><W102/><G102/><T62/><D62/><U115/><E115/><V6/><F6/><AGARI ba="2,1" hai="6,9,14,24,27,48,54,59,94,96,100" m="29739" machi="6" ten="30,1000,0" yaku="8,1" doraHai="16" who="3" fromWho="2" sc="227,0,265,0,185,-16,313,26" /><INIT seed="6,0,0,2,2,99" ten="227,265,169,339" oya="2" hai0="9,120,34,18,96,52,62,116,50,1,0,23,15" hai1="131,89,25,60,45,12,48,106,61,40,10,110,51" hai2="26,24,39,14,135,58,129,7,104,122,16,109,113" hai3="91,47,80,118,79,125,17,72,35,108,105,119,83"/><V68/><F68/><W55/><G35/><T19/><D34/><U31/><E106/><V93/><F104/><W115/><G108/><T112/><D120/><U67/><E110/><V82/><F39/><W2/><G2/><T38/><D38/><U65/><E131/><V81/><F122/><W30/><G30/><T13/><D112/><U127/><E127/><V121/><F7/><W54/><G105/><T57/><D116/><U97/><E51/><V5/><F5/><W53/><G115/><T95/><REACH who="0" step="1"/><D50/><REACH who="0" ten="217,265,169,339" step="2"/><U130/><E60/><V94/><F113/><W103/><G118/><T46/><D46/><U90/><E61/><V132/><F121/><W73/><G47/><T124/><D124/><U28/><E48/><V84/><F129/><W69/><G125/><T133/><D133/><U29/><E45/><V77/><F109/><W56/><G119/><T126/><D126/><U100/><E130/><V134/><F58/><W128/><G56/><T78/><D78/><U4/><E40/><V22/><F82/><W63/><G80/><T87/><D87/><U75/><E75/><V111/><F111/><W49/><G73/><T27/><D27/><AGARI ba="0,1" hai="14,16,22,24,26,27,77,81,84,93,94,132,134,135" machi="27" ten="40,3900,0" yaku="20,1,54,1" doraHai="99" who="2" fromWho="0" sc="217,-39,265,0,169,49,339,0" /><INIT seed="6,1,0,4,1,89" ten="178,265,218,339" oya="2" hai0="61,88,15,28,16,102,129,75,33,71,34,38,74" hai1="10,107,30,21,11,24,43,39,87,79,101,52,60" hai2="132,80,45,118,73,64,9,70,59,131,46,47,5" hai3="31,14,106,2,25,93,124,81,53,85,108,8,35"/><V0/><F118/><W134/><G108/><T115/><D38/><U1/><E1/><V27/><F131/><W100/><G106/><T109/><D109/><U76/><E39/><V135/><F70/><W62/><G2/><T84/><D115/><U63/><E43/><V57/><F64/><W90/><G124/><T17/><D129/><U42/><E42/><V97/><F73/><W113/><G134/><N who="2" m="51241" /><F80/><W103/><G113/><T99/><D74/><U32/><E32/><V22/><F97/><W92/><G100/><T91/><D75/><U120/><E120/><V128/><F128/><W7/><G103/><T12/><D71/><U72/><E72/><V66/><F66/><W125/><G125/><T133/><D133/><U55/><E107/><V127/><F127/><W104/><G104/><T77/><D77/><N who="1" m="29771" /><E101/><V44/><N who="2" m="11264" /><DORA hai="37" /><V94/><F94/><W116/><G116/><T18/><D61/><N who="1" m="23627" /><E87/><V119/><F119/><W105/><G105/><T114/><D114/><U126/><E126/><V58/><F58/><W95/><G62/><T78/><D78/><U49/><E49/><V6/><F6/><W50/><G81/><T96/><D84/><U4/><E4/><V130/><F130/><W121/><G121/><T98/><D102/><U112/><E112/><V86/><F86/><W68/><G68/><T117/><D117/><U13/><E13/><N who="0" m="5193" /><D28/><AGARI ba="1,0" hai="0,5,9,22,27,28,57,59" m="11264,51241" machi="28" ten="40,2000,0" yaku="20,1" doraHai="89,37" who="2" fromWho="0" sc="178,-23,265,0,218,23,339,0" /><INIT seed="6,2,0,3,0,60" ten="155,265,241,339" oya="2" hai0="1,101,128,41,129,27,19,124,29,110,88,72,6" hai1="68,89,94,14,102,54,80,56,122,91,65,67,82" hai2="105,83,59,61,53,7,46,36,8,86,85,111,45" hai3="120,76,47,87,75,44,90,115,123,11,33,114,130"/><V55/><F105/><W0/><G33/><T125/><D72/><U84/><E68/><V49/><F111/><W10/><G75/><T121/><D101/><U100/><E122/><V50/><F36/><W34/><G76/><T21/><D41/><U51/><E14/><V4/><F8/><N who="3" m="3115" /><G34/><N who="0" m="20799" /><D88/><N who="1" m="51223" /><E80/><V132/><F132/><W66/><G66/><N who="1" m="25098" /><E91/><N who="2" m="51647" /><F86/><AGARI ba="2,0" hai="51,54,56,86,89,94,100,102" m="25098,51223" machi="86" ten="30,8000,1" yaku="8,1,52,3,54,1" doraHai="60" who="1" fromWho="2" sc="155,0,265,86,241,-86,339,0" /><INIT seed="7,0,0,2,2,112" ten="155,351,155,339" oya="3" hai0="129,87,16,101,103,60,118,41,43,49,96,34,114" hai1="1,97,63,135,58,67,3,108,125,39,120,62,35" hai2="64,15,44,83,48,122,10,17,5,50,92,52,90" hai3="75,80,85,107,110,94,22,14,115,21,28,93,74"/><W37/><G37/><T113/><D34/><U29/><E120/><V100/><F64/><W53/><G107/><N who="0" m="63911" /><D103/><U2/><E108/><V102/><F122/><W91/><G115/><N who="0" m="44043" /><D129/><U81/><E39/><V98/><F83/><W8/><G110/><T117/><D60/><U88/><E63/><V46/><F5/><N who="3" m="3343" /><G75/><T78/><D16/><U99/><E125/><V24/><F24/><N who="3" m="16399" /><G74/><T86/><D78/><U126/><E126/><V30/><F30/><W82/><G22/><T23/><D23/><U77/><E135/><V25/><F25/><W76/><G76/><T56/><D41/><AGARI ba="0,0" hai="10,15,17,41,44,46,48,50,52,90,92,98,100,102" machi="41" ten="30,3900,0" yaku="7,1,8,1,54,1" doraHai="112" who="2" fromWho="0" sc="155,-39,351,0,155,39,339,0" owari="116,-38.0,351,45.0,194,-21.0,339,14.0" /></mjloggm>