<mjloggm ver="2.3"><GO type="169" lobby="0"/><UN n0="%53%69%6D%6F%6F%6E" n1="%E3%82%A6%E3%83%AB%E3%83%88%E3%83%A9%E7%AB%8B%E7%9B%B4" n2="%66%61%62%65%72%67%65" n3="%E3%81%82%E3%83%BC%E3%81%BF%E3%82%93%E2%98%86" dan="16,17,16,17" rate="2133.74,2169.35,2090.46,2142.37" sx="M,M,M,F"/><TAIKYOKU oya="0"/><INIT seed="0,0,0,4,5,21" ten="250,250,250,250" oya="0" hai0="80,44,62,130,98,43,55,17,35,88,73,64,15" hai1="48,75,118,97,38,134,27,32,57,19,87,107,9" hai2="41,103,72,90,0,70,23,12,14,131,42,67,2" hai3="34,10,3,74,54,68,99,49,135,93,126,104,123"/><T5/><D130/><U30/><E75/><V85/><F72/><W65/><G74/><T94/><D35/><U120/><E38/><V95/><F131/><W81/><G104/><T46/><D5/><U122/><E118/><V109/><F109/><W77/><G135/><T119/><D119/><U47/><E134/><V76/><F76/><W125/><G34/><T66/><D73/><U86/><E57/><V116/><F103/><W91/><G123/><T84/><D55/><U6/><E97/><V127/><F116/><W115/><G115/><T63/><D63/><U40/><E107/><V45/><F127/><W58/><G81/><T31/><D31/><U106/><E106/><V56/><F70/><W83/><G83/><T25/><D25/><U132/><E132/><V59/><F42/><W20/><G68/><T11/><D62/><U71/><E71/><V121/><F121/><W36/><G54/><T100/><REACH who="0" step="1"/><D46/><REACH who="0" ten="240,250,250,250" step="2"/><U89/><E120/><V114/><F114/><W82/><G125/><T33/><D33/><U79/><E122/><V96/><F45/><W133/><G126/><T105/><D105/><U110/><E6/><V51/><F67/><W113/><G65/><T78/><D78/><U26/><E30/><V61/><F61/><W60/><G77/><T8/><D8/><U92/><E32/><V53/><F53/><W1/><G10/><T101/><D101/><U117/><E117/><V7/><F7/><W18/><G133/><T112/><D112/><U28/><E28/><V69/><F41/><W39/><G113/><T129/><D129/><U102/><E40/><RYUUKYOKU ba="0,1" sc="240,30,250,-10,250,-10,250,-10" hai0="11,15,17,43,44,64,66,80,84,88,94,98,100" /><INIT seed="0,1,1,1,3,54" ten="270,240,240,240" oya="0" hai0="19,70,60,88,105,50,13,7,34,35,61,100,94" hai1="99,120,28,27,82,21,32,130,44,112,0,102,56" hai2="17,133,69,68,84,106,10,111,4,22,117,93,59" hai3="107,131,1,103,122,124,134,41,113,96,42,75,23"/><T47/><D7/><U108/><E0/><V91/><F106/><W3/><G113/><T81/><D105/><U6/><E6/><V132/><F111/><W90/><G134/><N who="2" m="51817" /><F117/><W58/><G131/><T74/><D100/><U29/><E130/><V53/><F22/><W121/><G124/><T85/><D70/><U9/><E9/><V125/><F17/><W73/><G90/><T12/><D35/><U40/><E108/><V129/><F129/><W64/><G23/><T95/><D34/><U78/><E29/><V31/><F31/><W45/><G41/><N who="0" m="24943" /><D74/><U66/><E120/><N who="3" m="46186" /><G75/><T123/><D123/><U86/><E112/><V92/><F92/><N who="0" m="35370" /><D12/><U127/><E127/><V8/><F125/><W5/><G5/><T104/><D104/><U97/><E32/><V114/><F114/><W110/><G73/><T118/><D118/><U51/><REACH who="1" step="1"/><E102/><REACH who="1" ten="270,230,240,240" step="2"/><V52/><F8/><AGARI ba="1,2" hai="8,13,19,60,61,81,85,88" m="35370,24943" machi="8" ten="30,2900,0" yaku="8,1,54,1" doraHai="54" who="0" fromWho="2" sc="270,52,230,0,240,-32,240,0" /><INIT seed="0,2,0,1,0,103" ten="322,230,208,240" oya="0" hai0="41,123,0,106,81,55,104,91,27,6,4,77,74" hai1="39,108,38,56,51,113,64,107,124,105,20,115,78" hai2="114,15,88,80,32,90,10,99,62,3,23,43,24" hai3="128,84,53,85,8,116,7,52,14,11,98,112,30"/><T75/><D123/><U28/><E78/><V101/><F114/><N who="1" m="43529" /><E124/><V31/><F43/><W67/><G116/><T73/><D41/><U72/><E72/><V120/><F120/><W118/><G118/><T93/><D73/><U61/><E51/><V42/><F42/><W16/><G128/><T26/><D75/><U48/><E48/><V46/><F46/><W100/><G30/><T35/><D55/><U13/><E108/><V134/><F134/><W37/><G37/><N who="1" m="13834" /><E13/><V82/><F62/><W96/><G67/><T17/><D27/><AGARI ba="2,0" hai="20,27,28,56,61,64,105,107" m="13834,43529" machi="27" ten="30,3900,0" yaku="11,1,52,2" doraHai="103" who="1" fromWho="0" sc="322,-45,230,45,208,0,240,0" /><INIT seed="1,0,0,5,1,126" ten="277,275,208,240" oya="1" hai0="52,59,47,33,78,40,76,93,105,44,107,129,38" hai1="89,11,31,114,53,18,132,41,55,39,19,50,32" hai2="69,113,23,60,90,94,118,68,121,123,82,77,83" hai3="112,4,100,67,71,49,117,101,98,92,26,119,96"/><U131/><E114/><V124/><F118/><W36/><G36/><T88/><D33/><U95/><E39/><V116/><F116/><W61/><G4/><T6/><D47/><U103/><E103/><V24/><F124/><W66/><G112/><T102/><D6/><U85/><E132/><V57/><F113/><W72/><G72/><T51/><D129/><U29/><E131/><V43/><F43/><W135/><G135/><T46/><D46/><N who="1" m="25935" /><E32/><V115/><F115/><W28/><G49/><T25/><D25/><U54/><E11/><V84/><F69/><W125/><G67/><T58/><D58/><U86/><E86/><V97/><F68/><W5/><G5/><T75/><D75/><U109/><E109/><V7/><F7/><W0/><G0/><T99/><REACH who="0" step="1"/><D107/><REACH who="0" ten="267,275,208,240" step="2"/><U22/><E18/><V48/><F24/><AGARI ba="0,1" hai="19,22,24,29,31,53,54,55,85,89,95" m="25935" machi="24" ten="30,1500,0" yaku="8,1" doraHai="126" who="1" fromWho="2" sc="267,0,275,25,208,-15,240,0" /><INIT seed="1,1,0,5,4,25" ten="267,300,193,240" oya="1" hai0="72,62,29,41,2,38,47,98,107,5,0,20,6" hai1="36,106,35,85,134,84,96,42,108,19,27,53,33" hai2="71,97,128,102,21,58,23,78,68,9,55,93,76" hai3="22,40,43,101,63,94,46,89,24,3,81,104,91"/><U74/><E42/><V10/><F128/><W80/><G3/><T75/><D6/><U124/><E36/><V15/><F71/><W30/><G104/><T49/><D62/><U83/><E74/><V48/><F68/><W4/><G4/><T7/><D7/><U57/><E124/><V73/><F73/><W13/><G13/><T115/><D115/><U79/><E134/><V1/><F1/><W69/><G101/><T109/><D109/><U135/><E135/><V132/><F132/><W119/><G119/><T82/><D82/><U116/><E116/><V26/><F21/><W99/><G91/><T65/><D65/><U66/><E66/><V133/><F133/><W110/><G110/><T61/><D61/><U54/><E85/><V17/><REACH who="2" step="1"/><F9/><REACH who="2" ten="267,300,183,240" step="2"/><W52/><G69/><T123/><D75/><U87/><E108/><V103/><F103/><W121/><G121/><T126/><D72/><U130/><E130/><V39/><F39/><W56/><G43/><T86/><D2/><U127/><E33/><V60/><F60/><W51/><AGARI ba="1,1" hai="22,24,30,40,46,51,52,56,63,80,81,89,94,99" machi="51" ten="20,8000,1" yaku="0,1,7,1,8,1,52,1,54,1" doraHai="25" who="3" fromWho="3" sc="267,-21,300,-41,183,-21,240,93" /><INIT seed="2,0,0,5,2,133" ten="246,259,162,333" oya="2" hai0="113,86,103,111,45,78,49,83,81,107,51,20,77" hai1="60,44,135,119,96,125,75,12,41,68,38,64,6" hai2="93,40,127,16,72,91,99,65,52,79,70,108,102" hai3="31,116,54,22,50,35,43,8,98,10,47,89,100"/><V95/><F40/><W5/><G35/><T94/><D113/><U132/><E75/><V88/><F108/><W63/><G89/><T104/><D111/><U48/><E119/><V19/><F127/><W58/><G116/><T21/><D94/><U67/><E96/><V29/><F29/><W131/><G131/><T2/><D2/><U112/><E12/><V115/><F115/><W123/><G123/><T130/><D130/><U3/><E6/><V128/><F128/><W69/><G69/><T1/><D1/><U109/><E3/><V13/><F70/><W34/><G34/><T74/><D103/><U129/><E129/><V122/><F122/><W124/><G124/><T110/><D110/><U39/><E125/><V46/><F65/><W114/><G5/><T134/><D134/><N who="1" m="51243" /><E112/><V62/><F95/><N who="3" m="58463" /><G114/><T118/><D118/><U14/><E14/><V30/><F30/><W25/><AGARI ba="0,0" hai="8,10,22,25,31,43,47,50,54,58,63" m="58463" machi="25" ten="30,1100,0" yaku="8,1" doraHai="133" who="3" fromWho="3" sc="246,-3,259,-3,162,-5,333,11" /><INIT seed="3,0,0,3,4,61" ten="243,256,157,344" oya="3" hai0="103,86,59,25,116,46,10,55,88,47,49,77,128" hai1="123,63,15,130,9,69,12,94,50,52,132,102,65" hai2="22,18,31,45,83,79,97,6,84,64,119,44,134" hai3="16,93,57,92,111,29,66,135,36,11,114,87,120"/><W14/><G36/><T1/><D116/><U89/><E123/><V129/><F119/><W78/><G114/><T38/><D128/><U48/><E130/><V33/><F129/><W37/><G37/><T13/><D1/><U32/><E32/><V122/><F122/><W4/><G135/><T121/><D121/><U5/><E132/><V20/><F33/><W81/><G120/><T28/><D103/><U30/><E30/><V43/><F6/><W60/><G111/><T58/><D77/><U133/><E50/><V117/><F117/><W101/><G101/><T131/><D47/><U98/><E133/><V41/><F134/><W34/><REACH who="3" step="1"/><G4/><REACH who="3" ten="243,256,157,334" step="2"/><N who="0" m="3271" /><D38/><U95/><E102/><V100/><F100/><W19/><G19/><T21/><D131/><U85/><E98/><V54/><F97/><W8/><G8/><T127/><D127/><U108/><E108/><V74/><F18/><W80/><G80/><AGARI ba="0,1" hai="21,25,28,46,49,55,58,59,80,86,88" m="3271" machi="80" ten="30,2000,0" yaku="8,1,54,1" doraHai="61" who="0" fromWho="3" sc="243,30,256,0,157,0,334,-20" /><INIT seed="4,0,0,5,5,68" ten="273,256,157,314" oya="0" hai0="66,76,4,46,74,92,82,81,116,72,127,112,79" hai1="35,86,97,119,109,124,105,13,85,126,131,111,22" hai2="133,80,103,32,39,23,104,121,5,36,135,101,49" hai3="52,130,59,88,125,134,93,118,44,132,18,2,113"/><T94/><D116/><U75/><E35/><V62/><F121/><W33/><G113/><T10/><D112/><U120/><E13/><V69/><F32/><W55/><G2/><T58/><D127/><N who="1" m="48683" /><E22/><V53/><F5/><W70/><G70/><T90/><D90/><U54/><E54/><V14/><F80/><W48/><G33/><T21/><D21/><U19/><E19/><N who="2" m="10743" /><F62/><W78/><G78/><T26/><D26/><U16/><E16/><V45/><F69/><W30/><G30/><T98/><D98/><U64/><E64/><V38/><F104/><W42/><G118/><T57/><D46/><U41/><E41/><V40/><F40/><W24/><G130/><T37/><D37/><U128/><E120/><V47/><F47/><W7/><G7/><T1/><D66/><U89/><E75/><V27/><F27/><W31/><G125/><T15/><D1/><U60/><E60/><V102/><F53/><W3/><G3/><T20/><D20/><U129/><E119/><V34/><F34/><W96/><G31/><T56/><AGARI ba="0,0" hai="4,10,15,56,57,58,72,74,76,79,81,82,92,94" machi="56" ten="30,3000,0" yaku="0,1,9,1" doraHai="68" who="0" fromWho="0" sc="273,30,256,-10,157,-10,314,-10" /><INIT seed="4,1,0,4,0,128" ten="303,246,147,304" oya="0" hai0="125,13,72,131,16,50,98,46,94,24,84,77,86" hai1="53,42,133,28,103,25,39,120,22,109,122,36,30" hai2="71,93,15,101,23,78,61,56,45,18,64,33,54" hai3="3,121,21,134,75,130,105,26,100,8,129,95,107"/><T87/><D131/><N who="3" m="50185" /><G75/><T47/><D125/><U92/><E109/><V27/><F78/><W62/><G62/><T38/><D72/><U80/><E80/><V37/><F101/><W102/><G95/><T5/><D77/><U106/><E106/><V60/><F93/><W17/><G121/><T58/><D5/><U96/><E30/><V90/><F90/><W57/><G57/><T0/><D0/><U43/><E53/><V124/><F124/><W127/><G127/><T7/><D7/><U44/><E133/><V35/><REACH who="2" step="1"/><F27/><REACH who="2" ten="303,246,137,304" step="2"/><W70/><G105/><T55/><D24/><U73/><E73/><V88/><F88/><W117/><G102/><N who="0" m="60759" /><D38/><U12/><E12/><V20/><F20/><AGARI ba="1,1" hai="13,16,20,46,47,50,55,58,84,86,87" m="60759" machi="20" ten="30,2900,0" yaku="8,1,54,1" doraHai="128" who="0" fromWho="2" sc="303,42,246,0,137,-32,304,0" /><INIT seed="4,2,0,2,2,11" ten="345,246,105,304" oya="0" hai0="113,4,70,43,123,59,51,60,89,116,90,111,52" hai1="31,82,80,3,75,102,91,117,77,6,110,62,127" hai2="7,93,68,73,122,13,40,56,25,114,112,64,106" hai3="57,67,133,15,132,0,92,101,44,131,37,129,19"/><T120/><D116/><U115/><E117/><V95/><F122/><W42/><G0/><T58/><D4/><U30/><E110/><V17/><F106/><W28/><G28/><T78/><D78/><U29/><E127/><V18/><F73/><W36/><G36/><T38/><D89/><U27/><E102/><V108/><F108/><W34/><G34/><T41/><D90/><U100/><E100/><V24/><F68/><W9/><G57/><T61/><D111/><U85/><E115/><N who="2" m="44075" /><F7/><W135/><G67/><N who="0" m="41327" /><D113/><U23/><E62/><N who="2" m="37959" /><F40/><N who="0" m="15434" /><D38/><U134/><E134/><V121/><F121/><W1/><G1/><T86/><D86/><U79/><E91/><V63/><F63/><W21/><G21/><T47/><D59/><U98/><E98/><AGARI ba="2,0" hai="9,15,19,37,42,44,92,98,101,129,131,132,133,135" machi="98" ten="50,3200,0" yaku="20,1,52,1" doraHai="11" who="3" fromWho="1" sc="345,0,246,-38,105,0,304,38" /><INIT seed="5,0,0,5,2,106" ten="345,208,105,342" oya="1" hai0="42,93,68,117,48,77,39,79,128,29,131,105,6" hai1="13,44,19,80,9,83,126,52,91,62,72,25,92" hai2="75,47,90,135,99,124,71,100,96,112,63,14,59" hai3="116,104,132,108,32,85,5,110,26,70,34,95,40"/><U134/><E126/><V58/><F124/><W130/><G104/><T88/><D105/><U109/><E134/><V113/><F135/><W133/><G70/><T125/><D39/><U115/><E115/><N who="2" m="44107" /><F47/><W2/><G40/><T11/><D68/><U51/><E109/><V31/><F31/><W114/><G130/><N who="0" m="49707" /><D117/><U18/><E72/><V1/><F1/><W41/><G2/><N who="0" m="471" /><D29/><U38/><E38/><V49/><F49/><W33/><G116/><T12/><D12/><U17/><E62/><V84/><F14/><W15/><G15/><T28/><D28/><U16/><REACH who="1" step="1"/><E25/><REACH who="1" ten="345,198,105,342" step="2"/><V21/><F75/><W0/><G26/><T122/><D125/><U50/><E50/><V22/><F71/><W57/><G132/><T35/><D48/><U65/><E65/><N who="2" m="39159" /><F59/><W120/><G57/><T66/><D66/><U61/><E61/><V103/><F103/><W94/><G133/><T45/><D45/><U118/><E118/><V76/><F76/><W10/><G110/><T46/><D79/><U3/><E3/><V129/><F129/><W30/><G108/><T123/><D77/><U74/><E74/><V27/><F100/><W24/><G114/><T56/><D46/><U107/><E107/><V121/><F121/><W37/><G120/><T8/><D123/><U102/><E102/><V69/><F69/><W127/><G127/><T64/><D122/><U4/><E4/><V55/><F27/><W7/><G24/><T119/><D64/><U73/><E73/><V89/><F55/><W23/><G0/><T81/><D119/><U101/><E101/><V54/><F54/><RYUUKYOKU ba="0,1" sc="345,-10,198,30,105,-10,342,-10" hai1="9,13,16,17,18,19,44,51,52,80,83,91,92" /><INIT seed="5,1,1,3,2,47" ten="335,228,95,332" oya="1" hai0="32,113,0,22,13,34,90,109,98,18,48,110,60" hai1="58,116,119,23,4,86,132,10,21,99,36,123,106" hai2="75,50,19,93,127,115,85,80,6,70,82,125,37" hai3="71,129,77,41,72,89,121,128,11,67,17,24,96"/><U81/><E123/><V33/><F37/><W118/><G41/><T134/><D0/><U135/><E36/><V66/><F33/><W68/><G67/><T49/><D113/><U29/><E58/><V7/><F115/><W79/><G118/><T55/><D134/><N who="1" m="51243" /><E99/><V88/><F19/><W8/><G121/><T40/><D34/><U44/><E44/><V105/><F105/><W94/><G24/><T57/><D32/><U133/><E106/><V61/><F50/><N who="0" m="19562" /><D110/><U43/><E43/><V35/><F35/><W111/><G111/><T131/><D131/><U112/><N who="1" m="51251" /><U15/><DORA hai="53" /><E112/><V63/><F63/><W69/><G71/><T100/><D109/><U117/><E29/><V31/><F31/><W59/><G69/><T97/><D40/><U92/><E92/><V1/><F1/><W108/><G94/><N who="0" m="56535" /><D98/><U84/><E84/><V114/><F114/><W124/><G96/><T39/><D39/><U12/><E12/><V45/><F45/><W56/><G68/><T16/><D18/><U51/><E51/><V74/><F74/><W42/><G72/><T101/><AGARI ba="1,1" hai="13,16,22,55,57,60,100,101" m="56535,19562" machi="101" ten="30,12000,2" yaku="8,1,52,4,54,1" doraHai="47,53" who="0" fromWho="0" sc="335,133,228,-61,95,-31,332,-31" /><INIT seed="6,0,0,1,5,34" ten="468,167,64,301" oya="2" hai0="23,56,22,21,75,25,69,3,106,17,120,7,95" hai1="8,40,41,111,93,125,97,19,100,104,108,105,65" hai2="74,9,18,29,48,15,73,0,63,115,45,67,134" hai3="26,16,14,98,32,129,12,6,117,44,89,50,94"/><V86/><F115/><W1/><G1/><T114/><D106/><U82/><E65/><V90/><F134/><W24/><G32/><T109/><D69/><U5/><E19/><V13/><F13/><W60/><G60/><T135/><D75/><U51/><E82/><V4/><F29/><W78/><G78/><T39/><D39/><U88/><E125/><V54/><F18/><W102/><G102/><T62/><D109/><U53/><E41/><V37/><F37/><W64/><G64/><T33/><D33/><U28/><E40/><V80/><REACH who="2" step="1"/><F15/><REACH who="2" ten="468,167,54,301" step="2"/><W119/><G14/><T61/><D17/><U58/><E28/><V87/><F87/><W122/><G16/><T128/><D114/><U127/><E127/><V66/><F66/><W70/><G12/><T52/><D135/><U10/><E111/><V35/><F35/><W72/><G26/><T91/><D25/><U27/><E27/><V84/><F84/><W132/><G24/><T103/><D120/><U59/><E108/><V92/><F92/><W133/><G94/><T101/><D95/><U112/><E112/><V77/><F77/><W116/><G122/><T31/><D31/><U85/><E105/><V57/><AGARI ba="0,1" hai="0,4,9,45,48,54,57,63,67,73,74,80,86,90" machi="57" ten="20,12000,1" yaku="1,1,0,1,7,1,52,1,53,1" doraHai="34" doraHaiUra="79" who="2" fromWho="2" sc="468,-40,167,-40,54,130,301,-40" /><INIT seed="6,1,0,3,4,39" ten="428,127,184,261" oya="2" hai0="92,46,102,98,93,38,33,80,58,7,44,12,79" hai1="75,73,4,40,117,11,14,32,61,127,103,66,89" hai2="119,17,82,41,86,91,2,84,95,104,31,69,27" hai3="118,124,125,26,105,68,55,71,48,13,22,35,28"/><V114/><F119/><W15/><G105/><T18/><D33/><U72/><E32/><V49/><F104/><W16/><G13/><T94/><D7/><U78/><E117/><V135/><F69/><W20/><G20/><T90/><D58/><U53/><E103/><V96/><F2/><W111/><G111/><T59/><D59/><U9/><E127/><N who="3" m="48714" /><G118/><T63/><D63/><U131/><E131/><V116/><F116/><W110/><G110/><T50/><D38/><U0/><E53/><V25/><F114/><W43/><G43/><N who="0" m="24863" /><D46/><AGARI ba="1,0" hai="15,16,22,26,28,35,46,48,55,68,71" m="48714" machi="46" ten="30,2000,0" yaku="18,1,54,1" doraHai="39" who="3" fromWho="0" sc="428,-23,127,0,184,0,261,23" /><INIT seed="7,0,0,2,2,131" ten="405,127,184,284" oya="3" hai0="34,70,117,52,53,18,56,97,68,64,78,23,27" hai1="22,33,79,92,93,51,107,42,50,39,109,102,25" hai2="24,21,80,10,58,30,114,84,35,118,135,14,87" hai3="54,123,41,82,9,46,66,49,26,57,73,125,48"/><W67/><G123/><T17/><D117/><U81/><E109/><V12/><F135/><W88/><G125/><T5/><D34/><U19/><E33/><V32/><F118/><W130/><G130/><T112/><D112/><U62/><E107/><V101/><F114/><W72/><G72/><T104/><D78/><U100/><E39/><V90/><F101/><W89/><G73/><T43/><D43/><U111/><E111/><V36/><F36/><W60/><G26/><T38/><D38/><U44/><E62/><V7/><F14/><W4/><G82/><T40/><D40/><U77/><E51/><V116/><F116/><W59/><REACH who="3" step="1"/><G67/><REACH who="3" ten="405,127,184,274" step="2"/><T113/><D64/><U134/><E134/><V96/><F96/><W0/><AGARI ba="0,1" hai="0,4,9,41,46,48,49,54,57,59,60,66,88,89" machi="0" ten="20,18000,2" yaku="1,1,2,1,0,1,7,1,54,1,53,2" doraHai="131" doraHaiUra="85" who="3" fromWho="3" sc="405,-60,127,-60,184,-60,274,190" owari="345,15.0,67,-43.0,124,-28.0,464,56.0" /></mjloggm>