<mjloggm ver="2.3"><GO type="97" lobby="0"/><UN n0="%E3%82%AD%E3%83%AB%E3%83%9F%E3%82%B9%E3%82%BF%E3%83%BC%E3%81%95%E3%82%93" n1="%E3%82%B3%E3%83%88%E3%83%AA" n2="%E3%82%A6%E3%83%AB%E3%83%88%E3%83%A9%E7%AB%8B%E7%9B%B4" n3="%73%35%38%30%39%31%37" dan="13,14,13,14" rate="1974.75,1923.92,1906.58,1954.33" sx="M,M,M,M"/><TAIKYOKU oya="0"/><INIT seed="0,0,0,1,1,42" ten="250,250,250,250" oya="0" hai0="124,74,130,103,111,56,85,89,59,22,133,47,73" hai1="112,114,107,16,69,31,117,98,105,15,54,38,50" hai2="122,45,43,113,81,11,34,40,93,55,41,129,21" hai3="37,14,3,80,110,71,121,115,61,49,58,118,131"/><T19/><D133/><U6/><E38/><V13/><F34/><W48/><G118/><T104/><D124/><U76/><E6/><N who="2" m="3319" /><F129/><W66/><G3/><T32/><D32/><U26/><E76/><V23/><F122/><W92/><G80/><T24/><D130/><U134/><E69/><V10/><F113/><N who="1" m="43625" /><E117/><V20/><F81/><W96/><G115/><T95/><D111/><U108/><E108/><V60/><F10/><W51/><G37/><T36/><D103/><U18/><E134/><V125/><F125/><W0/><G0/><T35/><D35/><N who="1" m="20983" /><E98/><V99/><F60/><W62/><G131/><T5/><D5/><U100/><E100/><N who="2" m="60527" /><F55/><W67/><G110/><T27/><D104/><N who="1" m="40011" /><E15/><V12/><F12/><W82/><G14/><T2/><D27/><U63/><E63/><V106/><F106/><W90/><REACH who="3" step="1"/><G82/><REACH who="3" ten="250,250,250,240" step="2"/><T88/><D2/><U94/><E94/><V97/><F97/><W123/><AGARI ba="0,1" hai="48,49,51,58,61,62,66,67,71,90,92,96,121,123" machi="123" ten="30,7900,0" yaku="1,1,2,1,0,1,53,1" doraHai="42" doraHaiUra="91" who="3" fromWho="3" sc="250,-39,250,-20,250,-20,240,89" /><INIT seed="1,0,0,3,0,60" ten="211,230,230,329" oya="1" hai0="112,135,39,75,78,127,71,28,104,69,134,83,115" hai1="133,23,55,36,76,2,56,32,102,53,109,77,88" hai2="13,100,111,58,119,17,87,9,34,45,41,73,48" hai3="68,3,8,99,130,29,125,118,94,24,113,25,105"/><U84/><E32/><V108/><F73/><W72/><G68/><N who="0" m="26187" /><D28/><U31/><E2/><V57/><F34/><W40/><G72/><T117/><D117/><U64/><E36/><V66/><F119/><W131/><G118/><T11/><D11/><U10/><E10/><V121/><F121/><W114/><G105/><T93/><D93/><U61/><E133/><N who="0" m="50697" /><D39/><U1/><E1/><V120/><F120/><W18/><G25/><T63/><D63/><U54/><E102/><V128/><F128/><W80/><G80/><T129/><D129/><U122/><E109/><N who="2" m="42059" /><F100/><W91/><G130/><T43/><D43/><U22/><E122/><V7/><F7/><W123/><G40/><T51/><D51/><U96/><E96/><V126/><F87/><W16/><G131/><T98/><D127/><U82/><REACH who="1" step="1"/><E31/><REACH who="1" ten="211,220,230,329" step="2"/><V6/><F126/><W124/><G125/><T21/><D21/><AGARI ba="0,1" hai="21,22,23,53,54,55,56,61,64,76,77,82,84,88" machi="21" ten="40,12000,1" yaku="1,1,2,1,8,1,52,1,54,1,53,0" doraHai="60" doraHaiUra="30" who="1" fromWho="0" sc="211,-120,220,130,230,0,329,0" /><INIT seed="1,1,0,4,3,75" ten="91,350,230,329" oya="1" hai0="37,84,20,59,70,69,50,41,49,10,67,128,13" hai1="129,61,107,92,7,17,19,66,121,8,119,35,44" hai2="126,76,64,116,97,51,15,77,94,114,58,124,48" hai3="36,25,96,3,54,89,55,43,26,133,85,102,83"/><U22/><E107/><V45/><F116/><W38/><G3/><T18/><D128/><U109/><E35/><V0/><F0/><W56/><G133/><T123/><D123/><U108/><E119/><V60/><F15/><W79/><G89/><T68/><D37/><U117/><E117/><V87/><F87/><W81/><G81/><T104/><D104/><U9/><E121/><V40/><F51/><W72/><G72/><T78/><D41/><U28/><E44/><V127/><F114/><W57/><G57/><T32/><D32/><U111/><E129/><V132/><F132/><W110/><G110/><T29/><D67/><U103/><E28/><V71/><F71/><W131/><G131/><T112/><D59/><U99/><E22/><V63/><F63/><W118/><G118/><T30/><D112/><U52/><E52/><V90/><AGARI ba="1,0" hai="40,45,48,58,60,64,76,77,90,94,97,124,126,127" machi="90" ten="30,7900,0" yaku="0,1,18,1,52,2" doraHai="75" who="2" fromWho="2" sc="91,-21,350,-40,230,82,329,-21" /><INIT seed="2,0,0,0,0,55" ten="70,310,312,308" oya="2" hai0="18,82,131,31,108,35,60,93,25,71,99,102,135" hai1="42,125,127,51,32,3,44,90,34,73,114,94,64" hai2="50,96,70,29,67,97,106,75,110,86,66,4,68" hai3="120,8,116,0,27,95,63,30,132,103,111,49,100"/><V5/><F86/><W92/><G120/><T81/><D108/><U61/><E73/><V107/><F50/><W17/><G116/><T124/><D131/><U89/><E3/><V14/><F14/><W11/><G111/><T2/><D2/><U10/><E10/><V48/><F48/><W101/><G132/><T122/><D135/><U91/><E114/><V88/><F29/><W23/><G0/><T20/><D122/><U76/><E76/><V112/><F110/><W80/><G63/><T16/><D124/><N who="1" m="47691" /><E94/><N who="3" m="35882" /><G80/><T87/><D87/><U72/><E72/><V41/><F75/><W12/><G49/><T47/><D47/><U40/><E40/><V134/><F41/><W126/><G126/><T77/><D77/><U85/><E85/><V53/><F134/><W74/><G74/><T119/><D119/><U22/><E22/><AGARI ba="0,0" hai="8,11,12,17,22,23,27,30,100,101,103" m="35882" machi="22" ten="30,1000,0" yaku="8,1" doraHai="55" who="3" fromWho="1" sc="70,0,310,-10,312,0,308,10" /><INIT seed="3,0,0,0,4,63" ten="70,300,312,318" oya="3" hai0="31,96,10,22,116,56,80,99,40,29,131,109,58" hai1="133,128,102,95,36,44,35,88,124,14,27,16,7" hai2="134,67,132,111,123,55,66,87,12,46,23,110,0" hai3="100,59,30,119,33,65,9,13,120,125,105,126,48"/><W92/><G120/><T74/><D116/><U39/><E133/><N who="2" m="51307" /><F0/><W77/><G119/><T129/><D109/><N who="2" m="41482" /><F123/><W112/><G112/><T50/><D10/><U1/><E128/><V17/><F87/><W86/><G105/><T18/><D74/><U62/><E124/><N who="3" m="47722" /><G100/><T5/><D5/><U79/><E102/><V24/><F24/><N who="3" m="18631" /><G92/><T25/><D80/><U107/><E79/><V84/><F84/><W130/><G130/><T135/><D135/><U82/><E82/><V70/><F70/><W43/><G86/><T91/><D129/><U122/><E107/><V45/><F45/><N who="3" m="25663" /><G77/><T89/><D131/><U121/><E1/><V106/><F106/><W60/><G13/><T15/><D15/><U42/><E36/><V94/><F94/><W51/><G51/><AGARI ba="0,0" hai="12,17,23,46,51,55,66,67" m="41482,51307" machi="51" ten="30,7700,0" yaku="20,1,14,1,52,2" doraHai="63" who="2" fromWho="3" sc="70,0,300,0,312,77,318,-77" owari="70,-43.0,300,10.0,389,49.0,241,-16.0" /></mjloggm>