<mjloggm ver="2.3"><GO type="41" lobby="0"/><UN n0="%E4%B8%89%E9%83%8E%44%58" n1="%4E%6F%63%74%75%72%6E%65" n2="%6C%61%77%6C%69%67%68%74" n3="%E5%B0%B1%E6%B4%BB%E7%94%9F%40%E5%B7%9D%E6%9D%91%E8%BB%8D%E5%9B%A3" dan="14,13,13,15" rate="2035.76,1826.65,1923.95,1979.79" sx="M,M,M,M"/><TAIKYOKU oya="0"/><INIT seed="0,0,0,2,1,29" ten="250,250,250,250" oya="0" hai0="72,22,80,30,88,101,105,34,120,126,84,82,57" hai1="51,133,98,119,0,15,27,36,118,93,42,10,103" hai2="35,107,81,4,108,121,56,43,131,129,52,5,40" hai3="8,96,24,37,90,61,62,65,117,95,116,130,6"/><T14/><D120/><U99/><E133/><V21/><F121/><W85/><G37/><T113/><D113/><U132/><E132/><V13/><F107/><W19/><G130/><N who="2" m="49673" /><F108/><W53/><G61/><T124/><D72/><U50/><E0/><V58/><F58/><W77/><G53/><T46/><D46/><U33/><E36/><V86/><F35/><W94/><G24/><N who="0" m="18759" /><D57/><U31/><E99/><V45/><F21/><W100/><G19/><N who="0" m="10615" /><D101/><U32/><E32/><V1/><F1/><W68/><G77/><T20/><D20/><U48/><REACH who="1" step="1"/><E42/><REACH who="1" ten="250,240,250,250" step="2"/><V7/><F43/><W3/><AGARI ba="0,1" hai="3,6,8,62,65,68,85,90,94,95,96,100,116,117" machi="3" ten="20,1500,0" yaku="0,1,7,1" doraHai="29" who="3" fromWho="3" sc="250,-7,240,-4,250,-4,250,25" /><INIT seed="1,0,0,2,1,130" ten="243,236,246,275" oya="1" hai0="47,19,108,48,131,6,38,75,103,41,54,26,121" hai1="134,8,16,53,92,100,127,110,111,122,12,60,33" hai2="114,14,18,106,27,70,78,125,102,119,9,24,62" hai3="81,15,36,87,135,107,40,37,61,89,99,22,11"/><U90/><E122/><V101/><F119/><W69/><G22/><T86/><D131/><U115/><E115/><V82/><F125/><W39/><G40/><T21/><D121/><U72/><E72/><V83/><F114/><W88/><G135/><T55/><D75/><U113/><E113/><V120/><F120/><W10/><G10/><T0/><D108/><N who="1" m="41515" /><E127/><V116/><F116/><W17/><G107/><T3/><D103/><U29/><E100/><V63/><F82/><W65/><REACH who="3" step="1"/><G99/><REACH who="3" ten="243,236,246,265" step="2"/><T71/><D21/><U57/><E134/><V43/><F106/><W5/><G5/><T95/><D6/><U56/><E33/><V64/><F43/><W59/><G59/><T74/><D41/><U7/><E7/><V93/><F9/><W132/><G132/><T112/><D71/><U124/><E124/><V80/><F70/><W109/><G109/><T2/><D112/><U4/><E4/><V67/><F27/><W128/><G128/><T28/><D26/><U35/><E35/><V84/><F24/><W94/><G94/><T31/><D95/><U97/><E57/><V77/><F93/><W96/><G96/><T118/><D47/><U58/><E58/><V104/><F104/><W46/><G46/><T42/><D118/><U32/><E32/><V68/><F68/><W117/><G117/><T85/><D42/><U25/><E25/><V79/><F83/><W66/><G66/><T13/><D2/><U52/><E53/><V45/><F64/><W123/><G123/><T30/><D54/><U20/><E20/><N who="2" m="11351" /><F45/><W129/><G129/><T44/><D55/><RYUUKYOKU ba="0,1" sc="243,-15,236,15,246,-15,265,15" hai1="8,12,16,29,52,56,60,90,92,97" hai3="11,15,17,36,37,39,61,65,69,81,87,88,89" /><INIT seed="1,1,1,5,1,79" ten="228,251,231,280" oya="1" hai0="110,93,38,74,5,0,60,20,78,56,119,129,61" hai1="3,28,86,112,126,124,116,32,15,53,76,66,52" hai2="111,88,102,19,26,92,4,89,101,50,94,17,72" hai3="80,25,65,77,71,99,109,64,106,125,21,68,24"/><U33/><E116/><V133/><F111/><W44/><G109/><T122/><D110/><U51/><E112/><V96/><F133/><W47/><G125/><N who="1" m="48234" /><E3/><V14/><F72/><W10/><G10/><T91/><D119/><U120/><E120/><V49/><F4/><W12/><G12/><T97/><D38/><U98/><E98/><V31/><F31/><W55/><G24/><T103/><D122/><U123/><E123/><V118/><F118/><W8/><G8/><T121/><D121/><U48/><E66/><V40/><F40/><W9/><G9/><T37/><D37/><U113/><E113/><V130/><F130/><W63/><G65/><T73/><D73/><U46/><E15/><V11/><F26/><W81/><G71/><T27/><D129/><U84/><E28/><V128/><F128/><W131/><G77/><T82/><D0/><U90/><E76/><V135/><F135/><W22/><G131/><T42/><D5/><U45/><E86/><V59/><F17/><W95/><G106/><T7/><D42/><U43/><E43/><V62/><F102/><N who="3" m="60799" /><G21/><T100/><D7/><U36/><E36/><V104/><F104/><W75/><G75/><T6/><D6/><U41/><E41/><V127/><F127/><W85/><G85/><T70/><D70/><U54/><E54/><N who="2" m="34167" /><F101/><W69/><G69/><T67/><D61/><U16/><E16/><AGARI ba="1,1" hai="16,20,27,56,60,67,74,78,82,91,93,97,100,103" machi="16" ten="30,3900,0" yaku="7,1,52,1,54,1" doraHai="79" who="0" fromWho="1" sc="228,52,251,-42,231,0,280,0" /><INIT seed="2,0,0,4,3,122" ten="280,209,231,280" oya="2" hai0="114,69,97,93,135,6,96,100,77,48,87,25,17" hai1="94,99,115,64,33,50,39,88,98,60,101,40,85" hai2="81,23,8,38,75,58,12,123,37,134,112,120,7" hai3="22,92,119,71,76,102,72,89,36,103,46,4,43"/><V90/><F112/><W61/><G119/><T28/><D69/><U80/><E115/><V79/><F134/><W54/><G72/><T91/><D114/><U19/><E33/><V63/><F90/><W118/><G76/><T31/><D135/><U13/><E39/><V55/><REACH who="2" step="1"/><F23/><REACH who="2" ten="280,209,221,280" step="2"/><W107/><G118/><T84/><D91/><U105/><E40/><V65/><F65/><W127/><G22/><T57/><D100/><U35/><E35/><V52/><F52/><W133/><G103/><T56/><D77/><U59/><E50/><V15/><F15/><W44/><G102/><T108/><D48/><U74/><E74/><V5/><F5/><W34/><G54/><T30/><D6/><U117/><E117/><V26/><F26/><W78/><G4/><T18/><D25/><U14/><REACH who="1" step="1"/><E19/><REACH who="1" ten="280,199,221,280" step="2"/><V83/><F83/><W126/><G43/><T62/><D18/><U41/><E41/><V109/><F109/><W82/><G34/><T20/><D17/><U128/><E128/><V95/><F95/><W16/><G92/><T67/><D93/><U27/><E27/><V47/><F47/><W0/><G16/><T132/><D108/><U10/><E10/><V2/><F2/><W73/><G44/><T1/><D31/><U53/><E53/><V106/><F106/><W70/><G46/><T113/><D28/><U116/><E116/><V111/><F111/><W110/><G107/><T124/><D30/><U29/><E29/><V129/><F129/><W24/><G110/><T131/><D113/><U68/><E68/><N who="3" m="26154" /><G0/><T21/><D131/><U11/><E11/><RYUUKYOKU ba="0,2" sc="280,-15,199,15,221,15,280,-15" hai1="13,14,59,60,64,80,85,88,94,98,99,101,105" hai2="7,8,12,37,38,55,58,63,75,79,81,120,123" /><INIT seed="2,1,2,5,4,64" ten="265,214,236,265" oya="2" hai0="125,95,32,85,30,101,121,74,84,90,52,20,19" hai1="119,66,118,98,33,62,13,11,56,134,65,79,44" hai2="27,103,55,111,21,131,102,8,83,68,2,122,132" hai3="49,16,29,123,63,126,116,81,96,4,34,42,108"/><V7/><F122/><W106/><G116/><T117/><D121/><U23/><E33/><V54/><F131/><W109/><G123/><T91/><D74/><U59/><E134/><V129/><F132/><W45/><G126/><T48/><D117/><U86/><E44/><V10/><F129/><W37/><G4/><T78/><D125/><U77/><E23/><V124/><F124/><W72/><G34/><T113/><D113/><U51/><E51/><V87/><F111/><N who="3" m="42571" /><G29/><T99/><D78/><U115/><E115/><V14/><F68/><W46/><G63/><T57/><D32/><U6/><E98/><V50/><F54/><N who="3" m="29999" /><G16/><T97/><D30/><U38/><E38/><V80/><F21/><W110/><G110/><T69/><D101/><U17/><E6/><V133/><F27/><W128/><G128/><T94/><D69/><U22/><E22/><V26/><F26/><AGARI ba="1,2" hai="19,20,26,48,52,57,84,85,90,91,94,95,97,99" machi="26" ten="30,7700,0" yaku="7,1,9,1,8,1,54,1" doraHai="64" who="0" fromWho="2" sc="265,100,214,0,236,-80,265,0" /><INIT seed="3,0,0,3,2,109" ten="365,214,156,265" oya="3" hai0="7,0,129,52,121,6,24,70,41,80,40,34,64" hai1="71,84,117,53,61,118,96,30,36,122,29,67,42" hai2="43,114,92,89,48,99,28,8,2,132,91,76,56" hai3="135,68,44,130,14,78,133,13,98,85,55,88,113"/><W54/><G113/><T83/><D121/><U38/><E122/><V75/><F132/><N who="3" m="50763" /><G68/><T116/><D116/><N who="1" m="44651" /><E96/><V120/><F120/><W127/><G127/><T25/><D129/><U93/><E93/><V90/><F28/><N who="1" m="10857" /><E84/><V102/><F114/><W106/><G130/><T17/><D70/><U134/><E134/><V12/><F2/><W58/><G44/><T50/><D64/><U95/><E95/><V32/><F32/><W18/><G78/><T105/><D34/><U86/><E86/><V62/><F75/><W35/><G35/><T4/><D105/><U104/><E104/><V21/><F21/><N who="3" m="11471" /><G14/><T37/><D0/><U108/><E108/><V81/><F76/><W128/><G128/><T103/><D103/><U46/><E53/><V123/><F123/><W111/><G111/><T72/><D37/><AGARI ba="0,0" hai="36,37,38,42,46,61,67,71" m="10857,44651" machi="37" ten="30,1000,0" yaku="12,1" doraHai="109" who="1" fromWho="0" sc="365,-10,214,10,156,0,265,0" /><INIT seed="4,0,0,0,2,134" ten="355,224,156,265" oya="0" hai0="0,19,106,52,9,132,79,95,74,12,133,44,8" hai1="10,55,96,73,120,36,21,60,59,81,88,18,5" hai2="6,25,16,85,83,86,116,42,33,65,87,102,104" hai3="31,64,124,7,26,130,107,91,75,2,105,101,68"/><T119/><D106/><U89/><E120/><V115/><F116/><W114/><G91/><T15/><D119/><U122/><E122/><V69/><F115/><W40/><G40/><T13/><D0/><U123/><E123/><V98/><F6/><W103/><G114/><T66/><D66/><U20/><E36/><V28/><F42/><W93/><G93/><T51/><D74/><U56/><E73/><V131/><F131/><W49/><G49/><T127/><D79/><U50/><E81/><V43/><F43/><W82/><G103/><T1/><D1/><U57/><E57/><V112/><F112/><W53/><G53/><T118/><D118/><U90/><E96/><V117/><F117/><W113/><G113/><T62/><D62/><U35/><E35/><V108/><F108/><W39/><G39/><T32/><D32/><U110/><E110/><V125/><F83/><W17/><G17/><N who="0" m="8327" /><D13/><N who="1" m="5327" /><E18/><V14/><F125/><W46/><G124/><T38/><D95/><U48/><E48/><V24/><F24/><W37/><G2/><T29/><D29/><U84/><E84/><V11/><REACH who="2" step="1"/><F87/><REACH who="2" ten="355,224,146,265" step="2"/><W72/><G75/><T63/><D127/><U45/><E45/><V77/><F77/><W47/><G72/><T135/><D132/><U92/><E92/><V111/><F111/><W23/><G105/><T4/><D133/><U71/><E71/><V129/><F129/><W61/><G107/><T78/><D135/><U128/><E128/><V41/><F41/><W22/><G130/><T109/><D4/><U126/><E126/><V58/><F58/><N who="3" m="36919" /><G7/><T97/><D109/><RYUUKYOKU ba="0,1" sc="355,-15,224,15,146,15,265,-15" hai1="20,21,50,55,56,59,60,88,89,90" hai2="11,14,16,25,28,33,65,69,85,86,98,102,104" /><INIT seed="5,1,1,2,4,127" ten="340,239,161,250" oya="1" hai0="126,86,134,103,61,33,124,9,28,77,113,38,82" hai1="0,80,111,83,35,13,52,107,51,118,112,30,17" hai2="104,110,32,67,63,50,108,29,89,121,96,8,62" hai3="34,78,58,116,95,132,66,129,48,100,42,125,106"/><U55/><E118/><V5/><F121/><W3/><G3/><T79/><D38/><U133/><E112/><V54/><F29/><W23/><G34/><T60/><D113/><U101/><E133/><V120/><F32/><W72/><G106/><T40/><D134/><U68/><E68/><V49/><F120/><W117/><G125/><N who="0" m="48235" /><D103/><U92/><E0/><V102/><F89/><W20/><G132/><T94/><D40/><U1/><E1/><V87/><F87/><W22/><G72/><T56/><D9/><U4/><E4/><V88/><F50/><W31/><G78/><N who="0" m="46423" /><D94/><U81/><E111/><V122/><F122/><W84/><G31/><T123/><D123/><U73/><E73/><V7/><F7/><W2/><G2/><T76/><D56/><U70/><E70/><V18/><F110/><W19/><G19/><T36/><D36/><U74/><E74/><V6/><F108/><W59/><G42/><T14/><D14/><U65/><E65/><V24/><F88/><N who="3" m="53639" /><G100/><T91/><D91/><U90/><E107/><V135/><F135/><W131/><G59/><T16/><D16/><U75/><E75/><V119/><F119/><N who="3" m="45643" /><G48/><T44/><D44/><U98/><E101/><V97/><F49/><W25/><G25/><AGARI ba="1,1" hai="25,28,33,60,61,76,77,79" m="46423,48235" machi="25" ten="30,1000,0" yaku="18,1" doraHai="127" who="0" fromWho="3" sc="340,23,239,0,161,0,250,-13" /><INIT seed="6,0,0,0,1,63" ten="363,239,161,237" oya="2" hai0="102,60,23,87,108,126,45,61,100,135,93,117,78" hai1="55,30,133,54,47,103,113,28,50,75,17,74,15" hai2="11,40,98,85,123,39,53,69,99,9,88,31,16" hai3="112,5,90,22,76,36,48,72,3,111,94,70,57"/><V33/><F123/><W42/><G70/><T26/><D108/><U119/><E119/><V132/><F69/><W80/><G111/><T107/><D117/><U68/><E113/><V14/><F132/><W24/><G112/><T121/><D107/><U120/><E120/><V6/><F39/><W106/><G106/><T67/><D121/><U131/><E133/><V84/><F40/><W62/><G3/><T89/><D135/><U116/><E116/><V59/><F85/><W32/><G5/><T79/><D126/><U1/><E1/><V81/><F31/><W77/><G32/><T127/><D127/><U25/><E131/><V18/><F33/><W27/><G36/><T91/><D91/><U71/><E103/><N who="0" m="39465" /><D45/><U2/><E2/><V114/><F114/><W97/><G76/><N who="0" m="29227" /><D67/><U92/><E92/><V86/><F86/><W52/><G24/><T134/><D134/><U109/><E109/><V41/><F41/><W124/><G124/><T19/><AGARI ba="0,0" hai="19,23,26,60,61,87,89,93" m="29227,39465" machi="19" ten="30,1100,0" yaku="8,1" doraHai="63" who="0" fromWho="0" sc="363,11,239,-3,161,-5,237,-3" /><INIT seed="7,0,0,0,2,35" ten="374,236,156,234" oya="3" hai0="26,38,18,77,6,108,119,114,97,9,27,79,88" hai1="104,31,40,69,103,24,44,49,10,57,13,2,67" hai2="80,70,118,46,62,43,129,73,135,47,94,33,8" hai3="128,76,106,99,20,3,85,36,132,133,23,39,113"/><W61/><G113/><T120/><D119/><U25/><E2/><V29/><F118/><W52/><G128/><T131/><D120/><U100/><E69/><V55/><F129/><W95/><G106/><T53/><D131/><U101/><E104/><V111/><F111/><W92/><G3/><T112/><D108/><U34/><E34/><V98/><F135/><N who="3" m="51787" /><G76/><N who="0" m="29259" /><D38/><N who="3" m="14377" /><G85/><T109/><D18/><N who="1" m="8503" /><E31/><V126/><F55/><W65/><G52/><T63/><D109/><U83/><E83/><V81/><F8/><W78/><G78/><T58/><D88/><U82/><E82/><V107/><F81/><W37/><N who="3" m="14385" /><W124/><DORA hai="11" /><G124/><T72/><D97/><U64/><E64/><V7/><F98/><W71/><G95/><T110/><D72/><U130/><E130/><V66/><F126/><W16/><G16/><T87/><D110/><U134/><E134/><V1/><F107/><W56/><G71/><T28/><D87/><U21/><E21/><V14/><F70/><W74/><G74/><T123/><D28/><U122/><E122/><V4/><F29/><W125/><G125/><T19/><D123/><U0/><E0/><V86/><F1/><W60/><G60/><AGARI ba="0,0" hai="24,25,40,44,49,57,60,67,100,101,103" m="8503" machi="60" ten="30,2000,0" yaku="8,1,52,1" doraHai="35,11" who="1" fromWho="3" sc="374,0,236,20,156,0,234,-20" owari="374,47.0,256,6.0,156,-34.0,214,-19.0" /></mjloggm>