<mjloggm ver="2.3"><GO type="97" lobby="0"/><UN n0="%73%69%6E%6F%72%61%6E" n1="%E3%82%A6%E3%83%AB%E3%83%88%E3%83%A9%E7%AB%8B%E7%9B%B4" n2="%E3%82%AA%E3%83%BC%E3%83%88%E3%83%9E%E3%83%88%E3%83%B3" n3="%E3%81%B2%E3%81%9F%E3%81%99%E3%82%89%E9%98%B2%E5%BE%A1" dan="13,15,13,13" rate="1855.61,1954.02,1959.30,1921.23" sx="M,M,M,F"/><TAIKYOKU oya="0"/><INIT seed="0,0,0,1,2,70" ten="250,250,250,250" oya="0" hai0="72,52,62,35,127,21,8,73,103,59,17,54,4" hai1="128,107,46,117,40,89,32,130,84,112,7,44,110" hai2="124,134,37,36,22,5,121,34,60,9,76,42,132" hai3="49,48,41,39,31,30,51,125,24,90,85,11,26"/><T99/><D35/><U15/><E107/><V126/><F34/><W61/><G125/><N who="2" m="48233" /><F121/><W28/><G61/><T88/><D127/><U29/><E117/><V104/><F104/><W33/><G33/><T108/><D54/><U77/><E77/><V65/><F42/><W6/><G41/><T100/><D108/><U92/><E110/><V3/><F22/><W75/><G39/><N who="2" m="14921" /><F76/><W69/><G69/><AGARI ba="0,0" hai="3,5,9,60,65,69,132,134" m="14921,48233" machi="69" ten="30,8000,1" yaku="18,1,23,1,52,3" doraHai="70" who="2" fromWho="3" sc="250,0,250,0,250,80,250,-80" /><INIT seed="1,0,0,5,5,11" ten="250,250,330,170" oya="1" hai0="132,50,58,45,39,63,51,38,10,4,36,82,5" hai1="1,44,41,27,97,21,133,81,67,119,43,89,33" hai2="107,88,94,32,131,18,9,102,15,113,19,126,61" hai3="64,65,127,13,59,121,0,124,135,93,37,57,98"/><U56/><E1/><V115/><F32/><W46/><G121/><T110/><D110/><U31/><E119/><V80/><F126/><N who="3" m="48171" /><G135/><T112/><D112/><N who="2" m="43082" /><F131/><W47/><G37/><T77/><D132/><U76/><E133/><V72/><F102/><W84/><G93/><T96/><D96/><U79/><E33/><V54/><F107/><W83/><G98/><T73/><D4/><U109/><E109/><V28/><F28/><W118/><G13/><T48/><D45/><N who="3" m="16905" /><G0/><T40/><D40/><U85/><E97/><V134/><F134/><W114/><G118/><T24/><D24/><U8/><E8/><V125/><F80/><W71/><G114/><T30/><D30/><U55/><E67/><N who="3" m="25674" /><G84/><T92/><D92/><U99/><E99/><N who="2" m="57799" /><F72/><W106/><G83/><T29/><D29/><U12/><E12/><V60/><F125/><W74/><G74/><T62/><REACH who="0" step="1"/><D58/><REACH who="0" ten="240,250,330,170" step="2"/><N who="3" m="22025" /><G106/><T23/><D23/><U14/><E14/><AGARI ba="0,1" hai="5,10,14,36,38,39,48,50,51,62,63,73,77,82" machi="14" ten="50,6400,0" yaku="1,1,52,1,53,1" doraHai="11" doraHaiUra="2" who="0" fromWho="1" sc="240,74,250,-64,330,0,170,0" /><INIT seed="2,0,0,2,3,21" ten="314,186,330,170" oya="2" hai0="109,81,93,128,120,23,82,115,102,119,135,98,92" hai1="27,121,72,131,122,77,105,52,80,25,58,36,116" hai2="19,133,103,42,44,3,49,56,17,12,134,127,99" hai3="43,129,111,11,34,88,15,85,75,20,60,69,4"/><V29/><F3/><W84/><G75/><T95/><D23/><U1/><E105/><V28/><F56/><W126/><G126/><T40/><D40/><U48/><E116/><V96/><F19/><W41/><G111/><T59/><D59/><U37/><E1/><V30/><F127/><W9/><G129/><T117/><D109/><U0/><E0/><V100/><F96/><W61/><G34/><T106/><D128/><U18/><E18/><V47/><F47/><W13/><G69/><T45/><D45/><U71/><E71/><V51/><F51/><W78/><G20/><T101/><D120/><N who="1" m="46187" /><E131/><V123/><F123/><W132/><G132/><N who="2" m="50793" /><F99/><W86/><G78/><T2/><D2/><U50/><E50/><V113/><F113/><W33/><G33/><T67/><D67/><U74/><E74/><V125/><F125/><W118/><G118/><N who="0" m="45067" /><D135/><U26/><AGARI ba="0,0" hai="25,26,27,36,37,48,52,58,72,77,80" m="46187" machi="26" ten="30,8000,1" yaku="13,1,52,3,54,1" doraHai="21" who="1" fromWho="1" sc="314,-20,186,80,330,-40,170,-20" /><INIT seed="3,0,0,1,5,36" ten="294,266,290,150" oya="3" hai0="71,79,104,29,17,5,24,86,11,75,130,44,107" hai1="88,76,13,26,117,111,77,66,84,95,118,73,22" hai2="121,8,60,4,132,34,74,99,37,32,62,101,69" hai3="68,2,67,96,64,31,123,46,100,128,15,124,23"/><W40/><G123/><T21/><D71/><U65/><E13/><V63/><F121/><W116/><G124/><T97/><D130/><U6/><E6/><V12/><F69/><W61/><G116/><N who="1" m="44650" /><E111/><V3/><F37/><W51/><G67/><N who="1" m="25610" /><E73/><V87/><F74/><W49/><G128/><T56/><D56/><U55/><E55/><V16/><F132/><W131/><G51/><T89/><D75/><U135/><E135/><V43/><F87/><W108/><G131/><T114/><D79/><U120/><E120/><V122/><F122/><W20/><G108/><T53/><D114/><U83/><E83/><V115/><F115/><W82/><G2/><T59/><D44/><U109/><E109/><V112/><F112/><W30/><G82/><T106/><D29/><AGARI ba="0,0" hai="22,26,29,76,77,84,88,95" m="25610,44650" machi="29" ten="30,2000,0" yaku="12,1,54,1" doraHai="36" who="1" fromWho="0" sc="294,-20,266,20,290,0,150,0" /><INIT seed="4,0,0,0,3,2" ten="274,286,290,150" oya="0" hai0="3,87,41,53,86,103,95,125,26,75,118,63,71" hai1="128,126,61,9,64,29,14,89,17,20,120,35,108" hai2="101,38,7,40,104,82,97,0,21,73,37,30,48" hai3="55,1,106,23,62,57,90,46,130,25,135,123,13"/><T119/><D3/><U34/><E120/><V111/><F111/><W32/><G135/><T43/><D125/><U45/><E108/><V134/><F134/><W59/><G130/><T6/><D75/><U114/><E128/><V22/><F48/><W42/><G123/><T24/><D119/><U11/><E126/><V33/><F33/><W19/><G106/><T91/><D118/><U65/><E114/><V44/><F30/><W98/><G1/><T122/><D122/><U10/><E35/><V107/><F38/><W93/><G32/><T129/><D6/><N who="1" m="3383" /><E29/><V70/><F70/><W105/><G59/><T78/><D129/><U4/><E4/><V131/><F131/><W12/><REACH who="3" step="1"/><G105/><REACH who="3" ten="274,286,290,140" step="2"/><T83/><D71/><U127/><E34/><V117/><F107/><W51/><AGARI ba="0,1" hai="12,13,19,23,25,42,46,51,55,57,62,90,93,98" machi="51" ten="20,12000,2" yaku="1,1,2,1,0,1,7,1,25,2,8,1,53,0" doraHai="2" doraHaiUra="81" who="3" fromWho="3" sc="274,-60,286,-30,290,-30,140,130" /><INIT seed="5,0,0,3,3,65" ten="214,256,260,270" oya="1" hai0="117,123,0,95,120,15,1,89,64,80,9,90,98" hai1="131,94,26,21,33,96,54,31,97,125,129,48,77" hai2="113,87,78,105,58,34,36,44,116,13,19,118,11" hai3="35,29,41,57,67,70,121,28,12,37,17,127,8"/><U85/><E125/><V133/><F105/><W25/><G127/><T130/><D117/><U82/><E33/><V23/><F34/><W102/><G121/><N who="0" m="46667" /><D130/><U55/><E97/><V115/><F133/><W124/><G124/><T14/><D14/><U7/><E7/><V75/><F75/><W119/><G29/><T73/><D64/><U38/><E38/><V76/><F58/><W114/><G114/><N who="2" m="43529" /><F87/><W63/><G119/><N who="2" m="45609" /><F11/><W91/><G91/><T110/><D110/><U32/><E32/><V68/><F68/><W92/><G41/><AGARI ba="0,0" hai="13,19,23,36,41,44,76,78" m="45609,43529" machi="41" ten="30,2000,0" yaku="15,1,11,1" doraHai="65" who="2" fromWho="3" sc="214,0,256,0,260,20,270,-20" /><INIT seed="6,0,0,5,3,115" ten="214,256,280,250" oya="2" hai0="109,121,24,63,17,93,110,103,57,42,106,90,55" hai1="81,77,76,51,123,33,45,86,0,3,129,99,101" hai2="132,13,18,84,47,131,116,83,105,127,75,61,96" hai3="135,44,14,59,128,92,50,65,12,107,82,124,48"/><V69/><F116/><W43/><G107/><T68/><D121/><U118/><E33/><V52/><F75/><W85/><G124/><T20/><D42/><U100/><E118/><V111/><F127/><W60/><G128/><T73/><D73/><U46/><E129/><V119/><F119/><W64/><G135/><T4/><D4/><U30/><E30/><V117/><F117/><W9/><G92/><T16/><D68/><U34/><E34/><V80/><F131/><W87/><G65/><T102/><D17/><U126/><E126/><V112/><F83/><W38/><G82/><T56/><D106/><U41/><E77/><V27/><F27/><W37/><G37/><T2/><D2/><U74/><E100/><N who="2" m="62599" /><F61/><W114/><G114/><T15/><D15/><N who="3" m="5673" /><G38/><T40/><D40/><U108/><E74/><V95/><F95/><W120/><G50/><T26/><D26/><U125/><E125/><V21/><F69/><W6/><G120/><T67/><D110/><U35/><E108/><V66/><F66/><W22/><G22/><T113/><D109/><U19/><E35/><V31/><F111/><W1/><G1/><T58/><D113/><U11/><E123/><V104/><F104/><W71/><G71/><T94/><D94/><N who="1" m="58615" /><E3/><V39/><F132/><W130/><G130/><T54/><D58/><U79/><E0/><V25/><F39/><W32/><G32/><T49/><REACH who="0" step="1"/><D67/><REACH who="0" ten="204,256,280,250" step="2"/><U53/><E41/><V91/><F112/><W122/><G122/><T8/><D8/><U10/><E10/><V36/><F36/><W70/><G70/><T62/><D62/><RYUUKYOKU ba="0,1" sc="204,15,256,-15,280,-15,250,15" hai0="16,20,24,49,54,55,56,57,63,90,93,102,103" hai3="6,9,43,44,48,59,60,64,85,87" /><INIT seed="7,1,1,2,3,48" ten="219,241,265,265" oya="3" hai0="104,81,111,66,49,132,77,116,91,2,11,126,63" hai1="10,78,95,123,134,105,85,32,93,72,106,73,23" hai2="101,12,33,44,47,114,62,29,30,125,98,84,5" hai3="97,79,45,18,16,43,37,90,31,34,121,42,83"/><W70/><G121/><T9/><D104/><N who="1" m="40043" /><E23/><V6/><F114/><W115/><G43/><T55/><D116/><U38/><E10/><N who="2" m="4175" /><F33/><W17/><G70/><T88/><D111/><U118/><E32/><V135/><F125/><W24/><G115/><T80/><D126/><U130/><E38/><V102/><F135/><W7/><G7/><T119/><D132/><U122/><E134/><V71/><F6/><W35/><G35/><T21/><D2/><U128/><E118/><V64/><F71/><W120/><G120/><N who="1" m="46122" /><E85/><V131/><F84/><W60/><G60/><T86/><D119/><U1/><E1/><V124/><F62/><W103/><G90/><T13/><D21/><U28/><E28/><V52/><F64/><W74/><REACH who="3" step="1"/><G18/><REACH who="3" ten="219,241,265,255" step="2"/><T92/><D91/><U36/><E36/><V40/><F124/><W76/><G76/><T82/><D77/><U96/><E78/><V3/><F40/><W59/><G59/><N who="0" m="37247" /><D13/><U67/><E128/><V87/><F131/><W54/><G54/><T22/><D22/><U65/><E130/><V61/><F52/><W53/><G53/><T109/><D109/><U4/><E4/><V14/><F61/><W27/><G27/><T19/><D19/><U41/><E41/><V15/><F15/><W58/><G58/><AGARI ba="1,2" hai="9,11,49,55,58,80,81,82,86,88,92" m="37247" machi="58" ten="30,3900,0" yaku="8,1,52,1,54,1" doraHai="48" who="0" fromWho="3" sc="219,62,241,0,265,0,255,-42" owari="281,38.0,241,-16.0,265,7.0,213,-29.0" /></mjloggm>