<mjloggm ver="2.3"><GO type="97" lobby="0"/><UN n0="%E3%81%A4%E3%81%A0%E3%81%88%E3%81%B3" n1="%E3%82%A6%E3%83%AB%E3%83%88%E3%83%A9%E7%AB%8B%E7%9B%B4" n2="%E3%81%A9%E3%81%86%E3%81%9E%E3%81%94%E8%87%AA%E7%94%B1%E3%81%AB" n3="%73%65%6E%64%6F%75" dan="15,15,16,14" rate="1976.82,2059.95,1984.40,1999.46" sx="M,M,M,M"/><TAIKYOKU oya="0"/><INIT seed="0,0,0,5,3,120" ten="250,250,250,250" oya="0" hai0="11,49,44,91,54,130,105,68,15,115,32,56,6" hai1="114,30,85,132,35,75,5,59,7,73,124,22,117" hai2="47,83,43,69,20,16,42,8,71,101,107,103,128" hai3="1,51,125,39,36,108,74,61,106,82,19,33,67"/><T110/><D115/><U98/><E85/><V18/><F128/><W127/><G74/><T78/><D130/><U123/><E59/><V93/><F107/><W66/><G1/><T121/><D121/><U89/><E89/><V90/><F83/><W72/><G72/><T134/><D134/><U77/><E98/><V96/><F71/><W112/><G112/><T118/><D118/><U2/><E77/><V21/><F69/><W17/><G33/><T65/><D105/><U95/><E95/><V0/><F8/><W104/><G82/><T111/><D78/><U57/><E57/><V52/><F0/><W81/><G81/><T92/><D32/><U14/><E30/><V27/><F101/><W70/><G108/><N who="0" m="41515" /><D56/><U64/><E35/><V50/><F103/><W58/><G106/><T41/><D65/><U99/><E64/><V34/><F34/><W37/><G104/><T88/><D68/><U45/><E132/><V31/><F31/><W79/><G79/><T63/><D63/><U135/><E135/><V13/><AGARI ba="0,0" hai="13,16,18,20,21,27,42,43,47,50,52,90,93,96" machi="13" ten="20,8000,1" yaku="0,1,7,1,8,1,54,2" doraHai="120" who="2" fromWho="2" sc="250,-40,250,-20,250,80,250,-20" /><INIT seed="1,0,0,2,3,100" ten="210,230,330,230" oya="1" hai0="93,54,33,2,51,102,80,101,112,40,38,4,115" hai1="111,119,39,59,89,19,120,92,57,108,94,91,125" hai2="133,45,66,18,29,22,117,113,12,132,129,46,34" hai3="6,43,28,49,50,35,30,67,31,95,121,107,69"/><U9/><E39/><V63/><F117/><W32/><G121/><T71/><D33/><U26/><E120/><V47/><F129/><W5/><G107/><T83/><D71/><U72/><E72/><V14/><F113/><W16/><G69/><T7/><D40/><U1/><E119/><V36/><F36/><W65/><G43/><T70/><D70/><U77/><E77/><V27/><F14/><W123/><G123/><T82/><D38/><U90/><E125/><V55/><F55/><W44/><G95/><N who="1" m="36394" /><E26/><V124/><F124/><W56/><G56/><N who="1" m="21578" /><E9/><V3/><F3/><W0/><G44/><T10/><D93/><U106/><E1/><V24/><F27/><W61/><G0/><T78/><D78/><U96/><E19/><V114/><F114/><W58/><G67/><T110/><D115/><U130/><E130/><V86/><F86/><W76/><G76/><T97/><D112/><U8/><E8/><V64/><F63/><W135/><G135/><AGARI ba="0,0" hai="12,18,22,24,29,34,45,46,47,64,66,132,133,135" machi="135" ten="40,1300,0" yaku="20,1" doraHai="100" who="2" fromWho="3" sc="210,0,230,0,330,13,230,-13" /><INIT seed="2,0,0,1,0,25" ten="210,230,343,217" oya="2" hai0="43,100,66,110,15,105,67,109,89,71,117,135,107" hai1="18,64,103,3,102,69,4,126,74,120,27,23,10" hai2="37,57,65,26,28,86,16,94,40,87,36,116,108" hai3="98,2,70,54,13,61,115,88,56,30,75,63,90"/><V125/><F116/><W106/><G75/><T79/><D117/><U47/><E74/><V45/><F125/><W5/><G70/><T95/><D135/><U122/><E126/><V51/><F108/><N who="0" m="41578" /><D79/><U78/><E78/><V124/><F124/><W72/><G106/><N who="0" m="40459" /><D100/><U41/><E64/><V44/><F37/><W129/><G72/><T58/><D71/><U21/><E69/><V20/><F94/><W97/><G2/><T133/><D133/><U130/><E130/><V38/><F36/><W114/><G129/><T112/><D112/><N who="3" m="43049" /><G5/><T85/><D43/><U131/><E131/><V60/><REACH who="2" step="1"/><F16/><REACH who="2" ten="210,230,333,217" step="2"/><W77/><G77/><T34/><D15/><U12/><E122/><V118/><F118/><W68/><G68/><T92/><D95/><U8/><E120/><V80/><F80/><W33/><G33/><T123/><D34/><U11/><E103/><V0/><F0/><W55/><G13/><T132/><D132/><U35/><E102/><V14/><F14/><W50/><G30/><T127/><D127/><U24/><E35/><V82/><F82/><W31/><G31/><T48/><D123/><U96/><E3/><V17/><F17/><W6/><G6/><T104/><D104/><U39/><E96/><N who="3" m="36970" /><G50/><T84/><D84/><U22/><E22/><V32/><F32/><W81/><G81/><T93/><D93/><U73/><E73/><V99/><F99/><W19/><G19/><AGARI ba="0,1" hai="4,8,10,11,12,18,19,21,23,24,27,39,41,47" machi="19" ten="30,2000,0" yaku="7,1,9,1" doraHai="25" who="1" fromWho="3" sc="210,0,230,30,333,0,217,-20" /><INIT seed="3,0,0,4,0,29" ten="210,260,333,197" oya="3" hai0="25,10,12,72,69,106,90,47,76,132,111,127,77" hai1="56,134,18,81,135,61,74,112,55,32,6,79,87" hai2="71,39,65,109,84,113,73,11,38,121,52,16,23" hai3="117,9,68,95,13,43,116,19,129,63,33,17,82"/><W4/><G68/><T44/><D106/><U49/><E6/><V85/><F73/><W104/><G104/><T41/><D111/><U114/><E18/><V122/><F113/><W86/><G43/><T62/><D132/><N who="1" m="50731" /><E32/><V92/><F109/><W60/><G95/><T2/><D127/><U94/><E74/><V67/><F71/><W36/><G36/><T50/><D2/><U103/><E103/><V80/><F11/><W107/><G107/><T48/><D25/><U64/><E94/><V99/><F39/><W133/><G133/><T70/><D72/><U88/><E79/><V89/><F38/><W21/><G129/><T35/><D35/><U110/><E110/><V125/><F125/><W28/><G116/><T100/><D90/><U0/><E0/><V42/><F42/><W14/><G117/><T7/><D100/><U126/><E126/><V118/><F118/><W101/><G19/><T131/><D131/><U24/><E24/><N who="2" m="14439" /><F84/><W53/><G53/><T97/><D97/><U93/><E93/><V58/><F122/><W130/><G130/><T120/><D120/><U5/><E5/><V119/><F119/><W66/><G101/><T26/><D26/><U46/><AGARI ba="0,0" hai="46,49,55,56,61,64,81,87,88,112,114" m="50731" machi="46" ten="30,2000,0" yaku="20,1,54,1" doraHai="29" who="1" fromWho="1" sc="210,-5,260,20,333,-5,197,-10" owari="205,-19.0,280,8.0,328,42.0,187,-31.0" /></mjloggm>