<mjloggm ver="2.3"><GO type="97" lobby="0"/><UN n0="%E9%AB%98%E9%80%9F%E8%BF%B7%E5%AD%90" n1="%52%41%44%49%41%4E%43%45" n2="%E2%94%90%28%27%EF%BD%9E%60%EF%BC%9B%29%E2%94%8C" n3="%E5%B0%B1%E6%B4%BB%E7%94%9F%40%E5%B7%9D%E6%9D%91%E8%BB%8D%E5%9B%A3" dan="16,15,14,13" rate="2067.37,2006.25,1917.66,1817.88" sx="M,M,M,M"/><TAIKYOKU oya="0"/><INIT seed="0,0,0,3,2,22" ten="250,250,250,250" oya="0" hai0="15,49,14,101,2,95,12,20,45,60,61,111,41" hai1="107,100,52,87,128,10,7,34,21,73,53,133,17" hai2="121,71,98,31,11,59,50,112,72,85,80,105,58" hai3="29,125,119,43,63,135,117,76,116,86,13,79,120"/><T36/><D2/><U90/><E73/><V33/><F71/><W93/><G120/><T96/><D111/><U130/><E34/><V47/><F72/><W62/><G125/><T131/><D131/><N who="1" m="50219" /><E100/><V66/><F112/><W67/><G135/><T74/><D74/><U40/><E40/><V68/><F121/><W6/><G43/><T99/><D36/><U118/><E107/><V55/><F11/><W103/><G29/><T123/><D123/><U9/><E118/><V109/><F109/><W0/><G0/><T30/><D99/><U83/><E133/><V126/><F126/><W27/><G63/><T26/><AGARI ba="0,0" hai="12,14,15,20,26,30,41,45,49,60,61,95,96,101" machi="26" ten="30,6000,0" yaku="0,1,8,1,52,1" doraHai="22" who="0" fromWho="0" sc="250,60,250,-20,250,-20,250,-20" /><INIT seed="0,1,0,0,0,86" ten="310,230,230,230" oya="0" hai0="122,129,64,127,58,103,71,90,35,46,40,76,7" hai1="23,109,36,123,10,45,91,78,18,102,133,49,54" hai2="67,100,12,74,31,55,121,14,117,104,38,97,134" hai3="95,88,20,83,116,61,108,13,5,94,96,25,125"/><T119/><D119/><U93/><E123/><V41/><F121/><W33/><G116/><T112/><D112/><U70/><E70/><V128/><F74/><W131/><G108/><T26/><D7/><U77/><E109/><V39/><F117/><W110/><G33/><T85/><D71/><U84/><E36/><V0/><F0/><W60/><G125/><T79/><D129/><U82/><E133/><V47/><F134/><W63/><G131/><T89/><D103/><U27/><E10/><V34/><F39/><W92/><G110/><T111/><D127/><U81/><E82/><V69/><F55/><W30/><REACH who="3" step="1"/><G83/><REACH who="3" ten="310,230,230,220" step="2"/><T68/><D111/><U22/><E81/><V16/><F128/><W6/><G6/><T99/><D122/><U52/><E102/><V105/><F34/><W120/><G120/><T118/><D35/><U56/><REACH who="1" step="1"/><E22/><REACH who="1" ten="310,220,230,220" step="2"/><V48/><F100/><W53/><G53/><T106/><D118/><U107/><E107/><V1/><F104/><W17/><G17/><T28/><D106/><U98/><E98/><V43/><F97/><W126/><G126/><T57/><D99/><U62/><AGARI ba="1,2" hai="18,23,27,45,49,52,54,56,62,77,78,84,91,93" machi="62" ten="20,12000,2" yaku="1,1,0,1,7,1,8,1,52,1,54,1,53,0" doraHai="86" doraHaiUra="24" who="1" fromWho="1" sc="310,-61,220,143,230,-31,220,-31" /><INIT seed="1,0,0,5,0,35" ten="249,363,199,189" oya="1" hai0="88,11,3,115,82,20,37,94,132,86,18,52,89" hai1="70,68,69,5,62,75,104,7,127,113,25,129,63" hai2="17,109,40,66,83,95,64,92,60,61,9,77,8" hai3="10,119,117,36,116,112,80,41,46,99,19,96,54"/><U0/><E113/><V105/><F105/><W33/><G33/><T74/><D37/><U135/><E104/><V126/><F109/><W93/><G112/><T72/><D115/><U110/><E110/><V4/><F126/><W39/><G39/><T122/><D122/><U13/><E75/><V124/><F124/><W103/><G96/><T34/><D34/><U31/><E127/><V120/><F120/><W42/><G80/><T43/><D132/><U30/><E135/><V21/><F40/><W67/><G67/><T107/><D43/><U97/><E97/><V128/><F128/><W51/><REACH who="3" step="1"/><G36/><REACH who="3" ten="249,363,199,179" step="2"/><T91/><D107/><U71/><E129/><V111/><F111/><W108/><G108/><T53/><D82/><U2/><E71/><V125/><F125/><W59/><G59/><T14/><D74/><U58/><E58/><V6/><F83/><W55/><G55/><T22/><D72/><U24/><E70/><V101/><F101/><W27/><G27/><T130/><D53/><U118/><E69/><V98/><F98/><W50/><G50/><T123/><D52/><U15/><E68/><V85/><F85/><W114/><G114/><T90/><D130/><U29/><E31/><V26/><F26/><W12/><AGARI ba="0,1" hai="10,12,19,41,42,46,51,54,93,99,103,116,117,119" machi="12" ten="40,8000,1" yaku="1,1,0,1,12,1,53,1" doraHai="35" doraHaiUra="45" who="3" fromWho="3" sc="249,-20,363,-40,199,-20,179,90" /><INIT seed="2,0,0,3,3,0" ten="229,323,179,269" oya="2" hai0="133,44,58,64,28,102,119,66,121,124,2,3,92" hai1="100,84,108,29,59,97,104,60,1,83,21,82,130" hai2="26,70,9,20,99,98,87,111,61,49,107,48,86" hai3="57,16,74,122,31,95,90,62,109,80,32,96,19"/><V73/><F73/><W56/><G122/><T113/><D121/><U114/><E114/><V78/><F111/><W15/><G109/><T127/><D113/><U52/><E108/><V76/><F70/><W11/><G32/><T6/><D28/><U132/><E132/><V43/><F61/><W134/><G134/><T30/><D30/><U55/><E130/><V45/><F9/><W36/><G36/><T101/><D44/><U125/><E125/><V18/><F107/><W14/><G31/><T47/><D47/><U50/><E1/><V5/><F49/><W128/><G128/><T129/><D129/><U120/><E120/><V126/><F126/><W116/><G116/><T81/><D133/><U25/><E84/><N who="2" m="32299" /><F5/><W35/><G35/><T40/><D6/><U42/><E42/><V103/><F103/><W67/><G74/><T118/><D40/><U7/><E7/><V53/><F43/><W22/><REACH who="3" step="1"/><G80/><REACH who="3" ten="229,323,179,259" step="2"/><T106/><D81/><U89/><E82/><V117/><F117/><W69/><AGARI ba="0,1" hai="11,14,15,16,19,22,56,57,62,67,69,90,95,96" machi="69" ten="20,8000,1" yaku="1,1,2,1,0,1,7,1,54,1,53,0" doraHai="0" doraHaiUra="131" who="3" fromWho="3" sc="229,-20,323,-20,179,-40,259,90" /><INIT seed="3,0,0,5,3,86" ten="209,303,139,349" oya="3" hai0="46,107,115,21,100,93,125,35,23,48,26,56,45" hai1="74,33,111,50,77,96,19,15,119,7,49,37,9" hai2="89,83,91,62,34,113,40,121,103,3,129,53,135" hai3="5,30,70,4,42,94,106,98,36,28,55,134,64"/><W25/><G106/><T95/><D107/><U97/><E37/><V92/><F113/><W118/><G118/><T123/><D123/><U73/><E119/><V79/><F3/><W124/><G124/><T11/><D35/><U85/><E33/><V29/><F121/><W57/><G134/><T6/><D125/><U27/><E111/><V24/><F135/><W120/><G120/><T12/><D115/><U78/><E74/><V51/><F129/><W54/><G70/><T126/><D21/><U82/><E73/><V87/><F40/><W130/><G130/><T20/><D20/><U52/><E77/><V116/><F116/><W32/><G30/><T31/><D126/><U10/><E49/><V1/><F1/><W13/><G36/><T61/><D100/><U58/><REACH who="1" step="1"/><E27/><REACH who="1" ten="209,293,139,349" step="2"/><V99/><REACH who="2" step="1"/><F62/><REACH who="2" ten="209,293,129,349" step="2"/><N who="3" m="37967" /><G32/><T117/><D117/><U39/><E39/><V84/><F84/><W128/><G128/><T72/><D72/><U68/><E68/><V112/><F112/><W63/><G63/><T38/><D38/><U67/><E67/><V41/><F41/><W108/><G108/><T104/><D61/><U16/><E16/><V0/><F0/><AGARI ba="0,2" hai="0,7,9,10,15,19,50,52,58,78,82,85,96,97" machi="0" ten="30,3900,0" yaku="1,1,7,1,54,1,53,0" doraHai="86" doraHaiUra="109" who="1" fromWho="2" sc="209,0,293,59,129,-39,349,0" owari="209,-19.0,352,45.0,90,-41.0,349,15.0" /></mjloggm>