<mjloggm ver="2.3"><GO type="97" lobby="0"/><UN n0="%E3%82%A6%E3%83%AB%E3%83%88%E3%83%A9%E7%AB%8B%E7%9B%B4" n1="%E5%B0%8F%E3%81%95%E3%81%98%E2%99%AA" n2="%73%61%76%65%69" n3="%E3%82%B1%E3%83%AD%E3%83%B3%E3%83%91%E3%82%B9" dan="14,13,14,15" rate="1926.29,1887.18,1931.44,1976.23" sx="M,M,M,F"/><TAIKYOKU oya="0"/><INIT seed="0,0,0,2,1,50" ten="250,250,250,250" oya="0" hai0="58,21,64,129,7,0,53,61,130,5,113,122,51" hai1="36,47,127,55,48,133,9,13,114,115,22,29,104" hai2="108,102,121,34,26,19,120,11,18,76,2,86,119" hai3="24,45,71,103,95,72,132,85,84,88,49,33,126"/><T44/><D122/><U110/><E104/><V73/><F73/><W69/><G72/><T100/><D113/><N who="1" m="43019" /><E133/><V99/><F108/><W123/><G132/><T30/><D100/><U131/><E131/><N who="0" m="50185" /><D0/><U82/><E82/><V40/><F40/><W124/><G123/><T111/><D111/><U135/><E135/><V83/><F119/><W128/><G128/><T4/><D30/><U25/><E110/><V66/><F18/><W118/><G118/><T90/><D21/><U31/><E127/><N who="3" m="48682" /><G103/><T62/><D62/><U27/><E36/><V43/><F102/><W87/><G33/><T96/><D96/><U37/><E37/><V52/><F99/><N who="3" m="57831" /><G24/><N who="1" m="9290" /><E22/><V80/><F34/><W112/><G112/><T67/><D90/><U125/><E125/><V56/><F26/><W109/><G109/><T106/><D106/><U98/><E98/><V10/><F120/><W42/><AGARI ba="0,0" hai="42,45,49,69,71,84,85,87" m="57831,48682" machi="42" ten="30,2000,0" yaku="18,1,54,1" doraHai="50" who="3" fromWho="3" sc="250,-10,250,-5,250,-5,250,20" /><INIT seed="1,0,0,4,5,99" ten="240,245,245,270" oya="1" hai0="122,120,77,87,26,28,12,15,38,29,107,88,116" hai1="135,14,93,31,98,92,114,109,42,106,82,80,27" hai2="63,59,52,79,40,108,115,117,81,19,45,58,57" hai3="32,89,101,75,18,97,55,65,16,35,20,23,74"/><U84/><E114/><V7/><F117/><W22/><G65/><T5/><D38/><U133/><E42/><V103/><F108/><W60/><G89/><T36/><D36/><U100/><E14/><N who="0" m="5161" /><D107/><U46/><E46/><V90/><F7/><W8/><G35/><T70/><D70/><U11/><E11/><V0/><F0/><W39/><G39/><T50/><D5/><U37/><E37/><V134/><F19/><W105/><G32/><T6/><D6/><U76/><E109/><V62/><F90/><W68/><G8/><T30/><D50/><U49/><E49/><N who="2" m="26791" /><F134/><N who="1" m="51209" /><E82/><V95/><F115/><W125/><G125/><T24/><D77/><U3/><E3/><V113/><F113/><W132/><G132/><T111/><D116/><U53/><E53/><N who="2" m="34095" /><F58/><W47/><G68/><T118/><D118/><U126/><E126/><V71/><F71/><W127/><G127/><T10/><D10/><U4/><E4/><V41/><F41/><W73/><G47/><T33/><D111/><U69/><E69/><V61/><F59/><W130/><G60/><T104/><D122/><U25/><E25/><V56/><F63/><W102/><G55/><T124/><D120/><U110/><E110/><V66/><F61/><W2/><G2/><T72/><D124/><U86/><E86/><N who="2" m="48447" /><F52/><W91/><G75/><T96/><D72/><U128/><E128/><V121/><F56/><W131/><G74/><T78/><D26/><U119/><E119/><V83/><F121/><W67/><G73/><T21/><D24/><U43/><E43/><V64/><F83/><W1/><G130/><RYUUKYOKU ba="0,0" sc="240,-15,245,15,245,15,270,-15" hai1="27,31,76,80,84,92,93,98,100,106" hai2="64,66,95,103" /><INIT seed="1,1,0,4,1,9" ten="225,260,260,255" oya="1" hai0="81,125,48,28,34,97,22,64,53,128,38,119,121" hai1="94,58,43,51,88,89,18,24,69,116,60,13,111" hai2="87,75,132,112,68,123,5,27,62,0,19,77,35" hai3="134,8,70,1,73,80,127,113,3,96,63,95,45"/><U129/><E116/><V4/><F123/><W52/><G113/><T109/><D119/><U102/><E129/><V130/><F130/><W103/><G127/><T107/><D38/><U120/><E120/><V12/><F112/><W55/><G134/><T71/><D128/><U50/><E69/><V82/><F132/><W29/><G29/><T79/><D109/><U41/><E24/><V30/><F68/><W115/><G115/><T92/><D125/><U37/><E37/><V105/><F105/><W44/><G3/><T46/><D107/><U21/><E102/><V76/><F62/><W14/><G1/><T16/><D121/><U135/><E135/><V15/><F15/><W133/><G133/><T61/><D28/><U118/><E118/><V131/><F131/><W40/><G45/><T20/><D34/><U39/><E39/><V124/><F124/><W49/><G73/><T86/><REACH who="0" step="1"/><D16/><REACH who="0" ten="215,260,260,255" step="2"/><U93/><E111/><V33/><F35/><W83/><G70/><T25/><D25/><U66/><E18/><V42/><F19/><N who="3" m="8647" /><G63/><T54/><D54/><AGARI ba="1,1" hai="40,44,49,52,54,55,80,83,95,96,103" m="8647" machi="54" ten="30,3900,0" yaku="8,1,52,1,54,1" doraHai="9" who="3" fromWho="0" sc="215,-42,260,0,260,0,255,52" /><INIT seed="2,0,0,1,4,50" ten="173,260,260,307" oya="2" hai0="68,46,13,80,122,117,109,123,57,134,100,102,106" hai1="62,130,132,12,8,30,25,98,69,63,26,128,31" hai2="76,127,67,107,37,64,79,38,74,35,58,6,42" hai3="22,118,81,93,108,44,16,87,94,88,129,83,60"/><V10/><F107/><W36/><G118/><T56/><D117/><U47/><E47/><V59/><F35/><W95/><G108/><T110/><D80/><N who="3" m="30793" /><G36/><T82/><D82/><U24/><E98/><V32/><F32/><W21/><G129/><N who="1" m="49770" /><E69/><V96/><F96/><W133/><G133/><T34/><D13/><U39/><E39/><V89/><F89/><W92/><G16/><T103/><D46/><U5/><E132/><V2/><F127/><W48/><G60/><AGARI ba="0,0" hai="5,8,12,24,25,26,30,31,60,62,63" m="49770" machi="60" ten="30,1000,0" yaku="19,1" doraHai="50" who="1" fromWho="3" sc="173,0,260,10,260,0,307,-10" /><INIT seed="3,0,0,3,1,33" ten="173,270,260,297" oya="3" hai0="130,103,52,109,25,14,4,86,68,42,73,108,46" hai1="37,24,51,19,57,79,17,78,101,0,62,15,28" hai2="70,115,44,75,2,35,131,71,72,30,132,122,34" hai3="50,119,99,67,92,11,116,21,117,38,12,47,43"/><W23/><G67/><T3/><D73/><N who="2" m="28234" /><F122/><W18/><REACH who="3" step="1"/><G38/><REACH who="3" ten="173,270,260,287" step="2"/><N who="0" m="21847" /><D68/><U10/><E37/><V128/><F70/><W134/><G134/><T84/><D130/><U56/><E62/><V65/><F132/><W120/><G120/><T5/><D103/><AGARI ba="0,1" hai="11,12,18,21,23,43,47,50,92,99,103,116,117,119" machi="103" ten="40,2000,0" yaku="1,1,53,0" doraHai="33" doraHaiUra="58" who="3" fromWho="0" sc="173,-20,270,0,260,0,287,30" owari="153,-35.0,270,7.0,260,-14.0,317,42.0" /></mjloggm>