<mjloggm ver="2.3"><GO type="169" lobby="0"/><UN n0="%E3%81%B3%E3%82%8A%E3%81%B3%E3%82%8A%E2%98%86%E3%83%93%E3%83%AA%E3%83%BC" n1="%E4%BC%8F%E8%99%8E" n2="%E8%B5%A4%E3%82%A6%E3%83%BC%E3%81%B5%E3%82%8A%E3%81%93%E3%81%BF%E3%82%93" n3="%E3%82%A6%E3%83%AB%E3%83%88%E3%83%A9%E7%AB%8B%E7%9B%B4" dan="17,17,16,17" rate="2210.05,2226.15,2042.57,2182.45" sx="M,M,F,M"/><TAIKYOKU oya="0"/><INIT seed="0,0,0,2,3,97" ten="250,250,250,250" oya="0" hai0="37,59,79,30,31,125,32,36,11,62,133,77,29" hai1="121,130,101,110,82,78,65,119,9,8,87,39,68" hai2="42,99,132,69,117,50,23,108,13,67,96,5,134" hai3="34,64,107,49,71,24,90,91,22,72,27,26,123"/><T105/><D105/><U52/><E119/><V48/><F117/><W112/><G72/><T6/><D32/><U18/><E121/><V129/><F108/><W16/><G112/><T19/><D133/><U63/><E39/><V75/><F75/><W47/><G123/><T124/><D19/><U89/><E110/><V1/><F1/><W122/><G122/><T38/><D79/><U58/><E130/><V0/><F0/><W104/><G107/><T43/><D77/><U135/><E135/><V53/><F129/><W3/><G3/><T70/><D70/><U61/><E18/><V100/><F42/><W21/><G104/><T106/><D106/><U40/><E40/><V46/><F50/><W81/><G34/><T44/><D11/><U80/><REACH who="1" step="1"/><E101/><REACH who="1" ten="250,240,250,250" step="2"/><V25/><F100/><W57/><G16/><T92/><D6/><U115/><E115/><V60/><F134/><W114/><G114/><T83/><D38/><U127/><E127/><N who="0" m="48713" /><D37/><U20/><E20/><V12/><F132/><W17/><G22/><T7/><D7/><U128/><E128/><V116/><F116/><W73/><G21/><T118/><D118/><U51/><E51/><V84/><F5/><W85/><G17/><T131/><D131/><U111/><E111/><V94/><F23/><W33/><G33/><T76/><D31/><U55/><E55/><V103/><F53/><W45/><G26/><T10/><D10/><U98/><E98/><V66/><F99/><W54/><G24/><T109/><D109/><U113/><E113/><V2/><F25/><W86/><G27/><T41/><D41/><RYUUKYOKU ba="0,1" sc="250,-10,240,30,250,-10,250,-10" hai1="8,9,52,58,61,63,65,68,78,80,82,87,89" /><INIT seed="1,1,1,4,3,37" ten="240,270,240,240" oya="1" hai0="89,15,35,63,14,74,124,87,102,78,117,52,16" hai1="62,72,83,51,134,27,98,44,30,95,114,50,120" hai2="1,81,40,115,80,104,7,121,86,57,9,31,26" hai3="58,110,71,48,61,88,56,69,113,8,125,64,54"/><U23/><E114/><V105/><F121/><W82/><G113/><T100/><D117/><U49/><E120/><V41/><F115/><W127/><G110/><T45/><D35/><U129/><E129/><V84/><F57/><W94/><G82/><N who="0" m="47575" /><D74/><U101/><E134/><V75/><F75/><W116/><G8/><N who="0" m="6215" /><D124/><N who="3" m="47689" /><G116/><T126/><D126/><U53/><E72/><V39/><F39/><W4/><G4/><T25/><D25/><U34/><E34/><V22/><F105/><W13/><G13/><T17/><D89/><U55/><E83/><V6/><F6/><W99/><AGARI ba="1,1" hai="48,54,56,58,61,64,69,71,88,94,99" m="47689" machi="99" ten="30,2000,0" yaku="18,1,54,1" doraHai="37" who="3" fromWho="3" sc="240,-6,270,-11,240,-6,240,33" /><INIT seed="2,0,0,2,0,64" ten="234,259,234,273" oya="2" hai0="81,31,109,117,7,104,1,38,127,105,26,112,56" hai1="103,75,111,83,115,17,135,49,29,27,18,101,5" hai2="44,106,76,19,122,125,46,100,0,98,79,72,91" hai3="8,40,39,61,89,95,13,10,129,78,2,114,126"/><V133/><F122/><W77/><G126/><T55/><D38/><U20/><E115/><V53/><F125/><W85/><G114/><T28/><D112/><U50/><E135/><V23/><F133/><W48/><G129/><T71/><D31/><U60/><E5/><V33/><F33/><W134/><G39/><T4/><D127/><U68/><E111/><V80/><F0/><W116/><G116/><T74/><D109/><U3/><E3/><V73/><F91/><W99/><G8/><T47/><D47/><U110/><E110/><V86/><F53/><W108/><G2/><T119/><D81/><U41/><E18/><V90/><F79/><W118/><G118/><N who="0" m="45067" /><D74/><U62/><E29/><V35/><F35/><W132/><G108/><T63/><D71/><U92/><E41/><V43/><F43/><W9/><G9/><N who="0" m="2191" /><D7/><U16/><E75/><V102/><F102/><W25/><G10/><T11/><D11/><U57/><E83/><V82/><REACH who="2" step="1"/><F72/><REACH who="2" ten="234,259,224,273" step="2"/><W128/><G134/><T21/><AGARI ba="0,1" hai="21,26,28,55,56,63,104,105" m="2191,45067" machi="21" ten="30,1100,0" yaku="12,1" doraHai="64" who="0" fromWho="0" sc="234,21,259,-3,224,-5,273,-3" /><INIT seed="3,0,0,5,5,60" ten="255,256,219,270" oya="3" hai0="66,123,12,109,88,7,98,20,41,63,121,61,102" hai1="101,46,55,65,110,50,14,99,58,100,21,0,106" hai2="36,33,91,35,47,51,135,22,82,127,40,2,27" hai3="133,124,126,81,25,118,44,111,112,24,74,115,94"/><W5/><G118/><T3/><D3/><U114/><E0/><V56/><F2/><W122/><G122/><T89/><D109/><U93/><E114/><V85/><F135/><W52/><G5/><T62/><D41/><U80/><E110/><V30/><REACH who="2" step="1"/><F127/><REACH who="2" ten="255,256,209,270" step="2"/><W120/><G111/><T19/><D123/><U8/><E106/><V119/><F119/><W90/><G133/><T73/><D121/><U11/><E101/><V87/><F87/><W116/><G116/><T13/><D73/><U97/><E97/><V54/><AGARI ba="0,1" hai="22,27,30,33,35,36,40,47,51,54,56,82,85,91" machi="54" ten="30,2000,0" yaku="1,1,0,1,53,0" doraHai="60" doraHaiUra="128" who="2" fromWho="2" sc="255,-5,256,-5,209,30,270,-10" /><INIT seed="4,0,0,0,0,17" ten="250,251,239,260" oya="0" hai0="107,68,127,62,90,60,109,73,55,41,7,9,58" hai1="25,47,32,130,120,8,40,79,52,83,57,112,75" hai2="129,94,37,4,82,105,34,72,91,56,117,95,132" hai3="45,89,99,59,13,85,70,118,30,115,20,131,38"/><T26/><D73/><U64/><E120/><V51/><F37/><W23/><G70/><T96/><D127/><U18/><E130/><V84/><F34/><W100/><G118/><T81/><D109/><U114/><E64/><V27/><F105/><W5/><G131/><T102/><D41/><U31/><E18/><V106/><F106/><W1/><G1/><T36/><D36/><U65/><E65/><V135/><F129/><W110/><G110/><T125/><D125/><U71/><E71/><V108/><F108/><W101/><G38/><T61/><D68/><U49/><REACH who="1" step="1"/><E8/><REACH who="1" ten="250,241,239,260" step="2"/><V76/><F117/><W48/><G30/><T33/><D9/><U10/><E10/><V123/><F123/><W77/><G5/><T116/><D7/><U122/><E122/><V16/><F4/><W74/><G74/><T97/><D116/><U29/><E29/><V67/><F67/><W43/><G115/><T54/><D107/><U14/><E14/><V87/><F16/><W92/><G13/><T134/><D26/><U98/><E98/><V28/><F27/><W11/><G11/><T44/><D97/><U104/><E104/><V2/><F28/><W19/><G19/><T53/><D96/><U15/><E15/><V39/><F2/><W6/><G6/><T128/><D128/><U42/><E42/><V66/><F66/><W69/><G69/><T88/><D55/><U133/><E133/><V35/><F135/><W93/><G99/><T12/><D134/><U86/><E86/><V121/><F84/><W3/><G85/><T78/><D12/><U119/><E119/><RYUUKYOKU ba="0,1" sc="250,-10,241,30,239,-10,260,-10" hai1="25,31,32,40,47,49,52,57,75,79,83,112,114" /><INIT seed="5,1,1,3,3,1" ten="240,271,229,250" oya="1" hai0="85,40,13,97,126,133,105,60,65,135,96,45,77" hai1="119,72,57,108,66,19,90,69,36,43,124,53,111" hai2="39,122,118,79,59,134,12,52,76,15,6,32,54" hai3="68,56,33,29,5,132,64,101,112,16,82,28,23"/><U109/><E72/><V11/><F118/><W128/><G68/><T8/><D105/><U41/><E90/><V58/><F122/><W99/><G33/><T3/><D3/><U2/><E2/><V91/><F39/><W120/><G120/><T71/><D77/><N who="2" m="29770" /><F32/><W78/><G128/><T87/><D126/><U80/><E80/><V27/><F27/><W42/><G42/><T34/><D34/><U131/><E19/><V49/><F134/><N who="0" m="51210" /><D97/><U47/><E119/><V44/><F15/><W9/><G112/><T20/><D20/><U0/><E0/><V25/><F25/><N who="3" m="14567" /><G132/><T94/><D13/><U31/><E31/><V104/><F104/><W24/><G24/><T4/><D4/><U10/><E124/><V121/><F121/><W67/><G29/><T74/><D8/><U100/><E10/><V22/><F22/><W73/><G28/><T113/><D113/><U46/><E100/><V17/><F6/><W103/><G103/><N who="0" m="60823" /><D74/><U14/><E14/><V51/><F91/><W84/><G73/><T106/><D106/><U125/><E125/><V123/><F123/><W62/><G5/><T83/><D83/><U117/><E117/><V7/><F7/><W95/><G9/><T48/><AGARI ba="1,1" hai="40,45,48,60,65,71,85,87" m="60823,51210" machi="48" ten="30,1100,0" yaku="20,1" doraHai="1" who="0" fromWho="0" sc="240,24,271,-6,229,-4,250,-4" /><INIT seed="6,0,0,1,1,47" ten="264,265,225,246" oya="2" hai0="6,102,135,37,109,28,15,115,82,10,95,98,11" hai1="114,38,105,32,107,75,42,18,119,45,50,113,97" hai2="26,121,0,127,81,120,90,117,27,22,48,78,31" hai3="99,122,108,59,92,70,68,93,126,88,33,73,91"/><V14/><F117/><W71/><G33/><T34/><D109/><U55/><E119/><V19/><F127/><W124/><G108/><T57/><D37/><U40/><E75/><V101/><F0/><W123/><G73/><T128/><D115/><N who="1" m="44043" /><E32/><V17/><F101/><W35/><G35/><T24/><D128/><U134/><E134/><V52/><F90/><W65/><G65/><T58/><D135/><U36/><E18/><V84/><F19/><W46/><G59/><T89/><D11/><U110/><E110/><V66/><F66/><W12/><G12/><T53/><D53/><U69/><E69/><V72/><F72/><W44/><G71/><T3/><D3/><U100/><E107/><V79/><F79/><W20/><G20/><T104/><D82/><U16/><E16/><V125/><F125/><W130/><REACH who="3" step="1"/><G99/><AGARI ba="0,0" hai="6,10,15,24,28,34,57,58,89,95,98,99,102,104" machi="99" ten="30,1000,0" yaku="7,1" doraHai="47" who="0" fromWho="3" sc="264,10,265,0,225,0,246,-10" /><INIT seed="7,0,0,4,4,101" ten="274,265,225,236" oya="3" hai0="64,48,117,6,2,27,46,42,107,115,49,102,90" hai1="71,53,54,63,134,70,86,122,39,44,92,23,62" hai2="20,120,113,87,29,97,14,89,126,59,0,128,93" hai3="69,60,61,66,51,37,58,75,1,83,77,91,129"/><W24/><G37/><T112/><D117/><U110/><E23/><V105/><F0/><W127/><G1/><T26/><D64/><U3/><E3/><V125/><F113/><N who="0" m="43594" /><D6/><U111/><E86/><V103/><F128/><W32/><G32/><T84/><D2/><U16/><E16/><N who="2" m="10263" /><F29/><W5/><G5/><T104/><D49/><U34/><E92/><V114/><F114/><W79/><G127/><N who="2" m="48649" /><F59/><W55/><G24/><N who="0" m="9259" /><D102/><U95/><E34/><V30/><F30/><W40/><G129/><T36/><D36/><U131/><E131/><V65/><F65/><W9/><G61/><T109/><D109/><U47/><E39/><V35/><F35/><W99/><G66/><T116/><D116/><U108/><E108/><V133/><F133/><W7/><G60/><T135/><D135/><U28/><E134/><V98/><F120/><W76/><G69/><T22/><D22/><U21/><E21/><V18/><F18/><W50/><G9/><T106/><D106/><U118/><E28/><V132/><F132/><W68/><G7/><T25/><D25/><U100/><E118/><V96/><AGARI ba="0,0" hai="87,89,93,96,97,98,103,105" m="48649,10263" machi="96" ten="30,4000,0" yaku="18,1,52,1,54,1" doraHai="101" who="2" fromWho="2" sc="274,-10,265,-10,225,40,236,-20" /><INIT seed="8,0,0,3,3,112" ten="264,255,265,216" oya="0" hai0="11,117,54,119,32,113,56,110,76,38,80,111,60" hai1="89,58,19,70,68,97,35,65,129,66,10,0,46" hai2="109,122,74,43,87,115,18,67,20,55,51,78,23" hai3="16,4,114,124,62,126,7,79,95,102,135,44,13"/><T53/><D113/><U130/><E35/><V2/><F109/><N who="0" m="41482" /><D32/><U31/><E31/><V86/><F2/><W100/><G114/><T21/><D38/><U12/><E0/><V103/><F74/><W41/><G79/><T36/><D36/><U81/><E46/><V107/><F43/><W98/><G102/><T26/><D11/><U49/><E49/><V90/><F78/><W132/><G62/><T108/><D54/><U42/><E42/><V25/><F67/><W92/><G92/><T94/><D94/><N who="1" m="56527" /><E81/><V118/><F23/><N who="3" m="11663" /><G4/><T50/><D50/><U3/><E3/><V48/><F48/><N who="3" m="26639" /><G7/><T131/><D108/><U82/><E82/><V24/><F115/><W128/><G128/><N who="1" m="49258" /><E66/><V69/><F51/><W83/><G83/><T22/><D131/><U133/><E133/><AGARI ba="0,0" hai="95,98,100,124,126,132,133,135" m="26639,11663" machi="133" ten="30,2000,0" yaku="20,1,54,1" doraHai="112" who="3" fromWho="1" sc="264,0,255,-20,265,0,216,20" /><INIT seed="9,0,0,1,2,133" ten="264,235,265,236" oya="1" hai0="121,118,36,111,55,128,115,44,134,119,5,53,93" hai1="90,73,82,52,89,108,25,48,56,125,62,35,126" hai2="120,68,26,57,37,132,8,9,14,72,83,7,40" hai3="39,67,74,34,61,17,135,102,41,87,97,117,18"/><U2/><E2/><V131/><F68/><W84/><G74/><T45/><D5/><U81/><E108/><V116/><F116/><N who="0" m="44586" /><D93/><U12/><E12/><V58/><F120/><W30/><G135/><T106/><D106/><U92/><E89/><V15/><F132/><W75/><G75/><T104/><D104/><U124/><E73/><V1/><F26/><N who="3" m="18775" /><G41/><N who="0" m="22567" /><D134/><U64/><E25/><V20/><F20/><W71/><G39/><T22/><D22/><U112/><E35/><V16/><F1/><W129/><G129/><T79/><D79/><U122/><E122/><V54/><F72/><W13/><G117/><T31/><D31/><U63/><E112/><V91/><F37/><W80/><G80/><N who="1" m="30826" /><E64/><V107/><F107/><N who="3" m="63951" /><G18/><T59/><D115/><U49/><E49/><V27/><F131/><W96/><G96/><AGARI ba="0,0" hai="48,52,56,62,63,90,92,96,124,125,126" m="30826" machi="96" ten="30,12000,1" yaku="18,1,52,3,54,1" doraHai="133" who="1" fromWho="3" sc="264,0,235,120,265,0,236,-120" owari="264,-14.0,355,45.0,265,7.0,116,-38.0" /></mjloggm>