<mjloggm ver="2.3"><GO type="193" lobby="0"/><UN n0="%E9%BB%84%E7%A0%82" n1="%46%4E%43" n2="%E5%B0%B1%E6%B4%BB%E7%94%9F%40%E5%B7%9D%E6%9D%91%E8%BB%8D%E5%9B%A3" n3="%E8%87%AD%E8%8D%98%EF%BC%A0%E5%B7%9D%E6%9D%91%E8%BB%8D%E5%9B%A3" dan="12,11,10,11" rate="1637.58,1570.54,1829.51,1682.47" sx="F,M,M,M"/><TAIKYOKU oya="0"/><INIT seed="0,0,0,3,4,2" ten="250,250,250,250" oya="0" hai0="104,47,41,85,74,101,52,38,1,3,46,14,75" hai1="43,66,39,71,53,90,117,58,40,81,35,8,72" hai2="0,87,59,62,107,127,94,63,114,113,16,6,20" hai3="7,132,45,36,116,124,11,4,25,73,120,76,121"/><T111/><D14/><U109/><E35/><V92/><F107/><W69/><G116/><T67/><D85/><U112/><E72/><N who="0" m="27689" /><D52/><U21/><E81/><V98/><F127/><W18/><G69/><T55/><D47/><N who="1" m="23967" /><E21/><V24/><F0/><N who="0" m="74" /><D55/><U131/><E8/><V83/><F6/><W22/><G124/><T23/><D23/><U12/><E12/><V68/><F68/><W9/><G132/><T65/><D65/><U102/><E102/><V10/><F10/><W26/><G76/><T108/><D67/><U17/><E17/><V89/><F94/><W115/><G73/><T27/><D27/><U105/><E105/><V51/><F51/><W49/><G36/><T61/><D61/><N who="1" m="40399" /><E90/><V37/><F37/><W33/><G115/><T82/><D82/><U86/><E86/><V57/><F113/><W95/><G95/><T96/><AGARI ba="0,0" hai="38,41,46,96,101,104,108,111" m="74,27689" machi="96" ten="40,2100,0" yaku="23,1" doraHai="2" who="0" fromWho="0" sc="250,21,250,-7,250,-7,250,-7" /><INIT seed="0,1,0,0,4,115" ten="271,243,243,243" oya="0" hai0="29,38,9,92,45,109,33,76,125,13,102,124,91" hai1="40,114,98,35,17,46,34,66,130,39,23,19,69" hai2="84,30,107,53,80,90,62,88,49,97,47,131,87" hai3="26,133,3,119,100,52,101,129,51,70,89,126,7"/><T22/><D33/><U106/><E130/><V8/><F131/><W120/><G70/><T77/><D102/><U123/><E114/><V50/><F107/><W67/><G129/><T118/><D118/><U78/><E123/><V127/><F127/><N who="0" m="48714" /><D109/><U68/><E78/><N who="0" m="30313" /><D38/><U0/><E0/><V61/><F97/><W18/><G119/><T14/><D45/><U75/><E75/><V64/><F30/><W108/><G126/><T41/><D41/><U25/><E69/><V117/><F117/><W113/><G113/><T20/><D29/><N who="1" m="19759" /><E23/><N who="0" m="8745" /><D9/><U79/><E35/><V44/><F64/><W85/><G120/><T24/><D24/><U2/><E2/><V28/><F28/><W132/><G108/><T116/><D116/><U93/><E93/><V95/><F8/><W110/><G67/><T111/><D111/><U99/><E99/><AGARI ba="1,0" hai="13,14,91,92,99" m="8745,30313,48714" machi="99" ten="30,1500,0" yaku="18,1" doraHai="115" who="0" fromWho="1" sc="271,18,243,-18,243,0,243,0" /><INIT seed="0,2,0,2,4,17" ten="289,225,243,243" oya="0" hai0="54,3,34,135,50,119,130,2,88,18,32,121,46" hai1="133,43,49,57,21,53,58,67,29,6,76,70,28" hai2="61,132,89,15,124,103,63,111,91,65,123,23,4" hai3="37,35,112,64,96,48,73,85,11,108,14,27,25"/><T72/><D121/><U10/><E133/><V126/><F123/><W42/><G73/><T109/><D119/><U36/><E36/><V55/><F132/><W7/><G37/><T30/><D135/><U115/><E115/><V134/><F134/><W71/><G112/><T12/><D72/><U106/><E106/><V113/><F113/><W26/><G71/><T99/><D34/><U105/><E105/><V102/><F111/><W20/><G64/><T9/><D109/><U98/><E76/><V13/><F55/><W116/><G108/><T90/><D130/><U107/><E107/><V33/><F33/><W75/><G116/><T117/><D117/><U74/><E74/><V94/><F94/><W100/><G75/><T39/><D39/><U44/><E98/><V97/><F97/><W41/><G85/><T101/><D99/><U110/><E110/><V81/><F81/><W66/><G66/><T24/><REACH who="0" step="1"/><D101/><REACH who="0" ten="279,225,243,243" step="2"/><U60/><E29/><V52/><F103/><W31/><G35/><T120/><D120/><U125/><E28/><V78/><F102/><W62/><G100/><T79/><D79/><U82/><E125/><V86/><F78/><W95/><G96/><T127/><D127/><U8/><E82/><V16/><F126/><W68/><G95/><T128/><D128/><U131/><E131/><V5/><F124/><W19/><G31/><T129/><D129/><U45/><E70/><V80/><F80/><W118/><G118/><T84/><D84/><U38/><E45/><V92/><F86/><W40/><G68/><T83/><D83/><U122/><E122/><RYUUKYOKU ba="2,1" sc="279,30,225,-10,243,-10,243,-10" hai0="2,3,9,12,18,24,30,32,46,50,54,88,90" /><INIT seed="0,3,1,5,3,79" ten="309,215,233,233" oya="0" hai0="28,102,32,19,107,118,96,110,75,89,51,59,24" hai1="73,109,20,58,52,33,18,66,40,92,126,38,91" hai2="74,120,41,121,63,3,26,50,27,43,49,6,88" hai3="97,71,93,42,64,122,35,68,70,31,125,30,25"/><T134/><D118/><U72/><E126/><V123/><F74/><W45/><G125/><T132/><D75/><U78/><E109/><V69/><F3/><W95/><G30/><T55/><D110/><U77/><E33/><V0/><F0/><W115/><G115/><T128/><D19/><U98/><E66/><V65/><F6/><W82/><G122/><T34/><D128/><U105/><E105/><V85/><F49/><W124/><G124/><T53/><D53/><U56/><E56/><V60/><F60/><W127/><G127/><T119/><D119/><U108/><E108/><V135/><F135/><N who="0" m="51754" /><D89/><U130/><E130/><V48/><F48/><W21/><G35/><AGARI ba="3,1" hai="24,28,32,34,35,51,55,59,96,102,107" m="51754" machi="35" ten="30,1500,0" yaku="20,1" doraHai="79" who="0" fromWho="3" sc="309,34,215,0,233,0,233,-24" /><INIT seed="0,4,0,4,1,53" ten="343,215,233,209" oya="0" hai0="38,49,12,30,85,92,90,73,14,72,44,107,111" hai1="15,119,47,115,98,108,17,48,45,55,95,126,112" hai2="74,88,81,122,35,57,84,102,34,99,129,78,4" hai3="123,54,7,63,127,32,70,1,80,103,130,79,28"/><T133/><D107/><U24/><E126/><V131/><F122/><W76/><G127/><T105/><D105/><U135/><E135/><V87/><F4/><W42/><G79/><T118/><D118/><U25/><E119/><V40/><F40/><W6/><G130/><N who="2" m="49673" /><F57/><W110/><G123/><T11/><D38/><U94/><E108/><V134/><F134/><W43/><G110/><T77/><D133/><U132/><E132/><V75/><F75/><W18/><G103/><T116/><D116/><U101/><E95/><N who="2" m="54663" /><F87/><W60/><G6/><T3/><D111/><U51/><E115/><V125/><F125/><W109/><G7/><T56/><D72/><U23/><REACH who="1" step="1"/><E112/><REACH who="1" ten="343,205,233,209" step="2"/><V39/><F39/><W67/><G109/><T104/><D73/><U10/><E10/><V62/><F62/><W117/><G63/><T89/><D11/><U93/><E93/><AGARI ba="4,1" hai="34,35,74,78,81,93,99,102" m="54663,49673" machi="93" ten="30,2000,0" yaku="19,1,54,1" doraHai="53" who="2" fromWho="1" sc="343,0,205,-32,233,42,209,0" /><INIT seed="1,0,0,3,3,21" ten="343,173,275,209" oya="1" hai0="42,79,40,91,86,90,53,85,39,105,111,118,117" hai1="126,130,18,24,43,104,128,58,1,32,124,64,110" hai2="26,49,61,89,41,93,98,74,56,28,22,94,127" hai3="129,65,66,131,121,44,115,120,80,46,102,113,0"/><U59/><E104/><V119/><F74/><W101/><REACH who="3" step="1"/><G80/><REACH who="3" ten="343,173,275,199" step="2"/><T71/><D39/><U95/><E24/><V73/><F119/><W87/><G87/><N who="0" m="33291" /><D79/><U50/><E95/><V15/><F73/><W17/><G17/><T77/><D77/><U68/><E32/><V109/><F109/><W30/><G30/><T34/><D111/><U62/><E18/><V76/><F127/><N who="1" m="48681" /><E1/><AGARI ba="0,1" hai="0,1,44,46,65,66,101,102,113,115,120,121,129,131" machi="1" ten="25,6400,0" yaku="21,2,22,2,53,0" doraHai="21" doraHaiUra="54" who="3" fromWho="1" sc="343,0,173,-64,275,0,199,74" /><INIT seed="2,0,0,5,2,29" ten="343,109,275,273" oya="2" hai0="112,99,111,27,89,37,133,117,7,83,94,114,52" hai1="19,31,6,58,96,20,108,126,78,18,22,36,88" hai2="105,13,118,14,130,79,42,30,81,43,35,46,132" hai3="113,67,109,91,28,73,40,23,65,33,128,4,115"/><V77/><F118/><W100/><G73/><T123/><D123/><U90/><E36/><V68/><F68/><W82/><G40/><T16/><D37/><U1/><E78/><V75/><F130/><W120/><G4/><T44/><D7/><U53/><E126/><V48/><F105/><W101/><G120/><T47/><D117/><U5/><E1/><V8/><F79/><W64/><G128/><T92/><D114/><N who="3" m="43529" /><G109/><T129/><D112/><U71/><E71/><V69/><F69/><W54/><G23/><N who="0" m="13799" /><D129/><U38/><E38/><V9/><F132/><W104/><G104/><T61/><D133/><U34/><E34/><V2/><F2/><W15/><G15/><T131/><D131/><U50/><E108/><V127/><F127/><W60/><G54/><T93/><D111/><U106/><E106/><V32/><F43/><W57/><G91/><N who="1" m="34858" /><E96/><V12/><REACH who="2" step="1"/><F30/><REACH who="2" ten="343,109,265,273" step="2"/><W59/><G82/><T119/><D83/><U17/><E31/><V63/><F63/><W103/><G28/><T39/><D61/><U72/><E72/><V110/><F110/><W85/><G60/><T116/><D119/><U26/><E26/><V102/><F102/><W24/><G85/><T122/><D116/><U87/><E87/><V121/><F121/><W45/><G100/><T76/><D122/><U80/><E80/><V86/><F86/><W11/><G101/><T51/><D39/><U124/><E124/><V25/><F25/><W55/><G24/><T66/><D66/><U41/><E41/><V107/><F107/><W98/><G67/><T10/><D10/><AGARI ba="0,1" hai="8,9,10,12,13,14,32,35,42,46,48,75,77,81" machi="10" ten="40,7700,0" yaku="1,1,52,2,53,0" doraHai="29" doraHaiUra="56" who="2" fromWho="0" sc="343,-77,109,0,265,87,273,0" /><INIT seed="2,1,0,5,1,43" ten="266,109,352,273" oya="2" hai0="116,86,130,102,55,108,104,53,111,105,54,117,4" hai1="31,121,3,39,65,29,48,106,69,13,82,72,66" hai2="80,79,118,100,58,10,71,88,94,42,93,113,34" hai3="87,1,24,21,57,20,135,123,36,49,12,16,41"/><V115/><F71/><W122/><G1/><T6/><D102/><U114/><E121/><V59/><F34/><W124/><G36/><T92/><D92/><U125/><E125/><V89/><F118/><N who="0" m="45674" /><D86/><U126/><E126/><V28/><F28/><W96/><G124/><T74/><D130/><U67/><E114/><V131/><F131/><W76/><G123/><T17/><D17/><U25/><E106/><N who="0" m="41065" /><D74/><U95/><E69/><V81/><F42/><W8/><G122/><T83/><D83/><U107/><E107/><V109/><F10/><W99/><G21/><T9/><D9/><U45/><E39/><V127/><F127/><W11/><G11/><T73/><D73/><U97/><E3/><V129/><F129/><W23/><G23/><T0/><D0/><U98/><E72/><V119/><F119/><W2/><G2/><T62/><D62/><U132/><E82/><V84/><F109/><AGARI ba="1,0" hai="4,6,53,54,55,108,109,111" m="41065,45674" machi="109" ten="40,8000,1" yaku="28,2,14,1,12,1" doraHai="43" who="0" fromWho="2" sc="266,83,109,0,352,-83,273,0" /><INIT seed="3,0,0,5,2,123" ten="349,109,269,273" oya="3" hai0="21,120,42,12,5,17,38,46,88,63,73,99,69" hai1="8,134,20,108,64,117,101,105,78,95,96,40,13" hai2="53,135,104,114,15,7,76,72,118,97,85,6,125" hai3="103,74,57,98,126,59,131,90,129,26,128,25,36"/><W32/><G36/><T44/><D120/><U33/><E33/><V19/><F114/><W31/><G74/><T52/><D73/><U130/><E130/><V66/><F118/><W112/><G112/><T116/><D5/><U16/><E117/><V93/><F125/><W55/><G126/><T107/><D116/><U29/><E134/><V45/><F135/><W60/><G25/><T133/><D133/><U75/><E75/><V115/><F115/><W119/><G90/><T30/><D30/><U113/><E113/><V11/><F104/><N who="3" m="63607" /><G119/><T18/><D18/><U110/><E78/><V22/><F72/><W121/><G57/><T132/><D132/><U94/><E64/><V0/><F66/><W51/><G121/><T124/><D124/><U67/><E67/><V100/><F7/><W3/><G3/><T68/><D107/><U37/><E37/><V65/><F65/><W89/><G89/><T71/><D46/><U14/><E29/><V92/><F76/><W24/><G24/><T111/><D111/><N who="1" m="42539" /><E40/><V127/><F127/><W56/><G56/><T48/><D48/><AGARI ba="0,0" hai="26,31,32,48,51,55,59,60,128,129,131" m="63607" machi="48" ten="30,1500,0" yaku="19,1" doraHai="123" who="3" fromWho="0" sc="349,-15,109,0,269,0,273,15" /><INIT seed="3,1,0,1,2,72" ten="334,109,269,288" oya="3" hai0="115,51,89,46,111,57,124,21,112,90,40,80,54" hai1="93,38,35,91,116,36,92,1,30,76,52,17,132" hai2="104,43,105,42,53,97,88,98,31,19,2,59,0" hai3="66,25,117,7,125,9,69,10,77,110,101,62,49"/><W108/><G117/><T18/><D124/><U33/><E132/><V70/><F70/><W5/><G125/><T127/><D111/><N who="3" m="42537" /><G101/><T4/><D127/><U95/><E116/><V13/><F31/><W56/><G25/><N who="0" m="14519" /><D4/><U24/><E24/><V118/><F118/><W78/><G49/><N who="0" m="30927" /><D80/><U16/><E30/><V81/><F105/><W26/><G26/><T34/><D34/><N who="1" m="12811" /><E91/><V74/><F74/><W28/><G28/><T58/><D58/><U79/><E52/><V87/><F104/><W94/><G94/><N who="1" m="24066" /><U130/><DORA hai="103" /><E130/><V27/><F27/><W75/><G75/><T73/><D73/><U107/><E1/><V114/><F0/><N who="3" m="167" /><G69/><T85/><D85/><U14/><E14/><AGARI ba="1,0" hai="7,10,14,56,62,66,77,78" m="167,42537" machi="14" ten="30,11600,0" yaku="14,1,10,1,52,2" doraHai="72,103" who="3" fromWho="1" sc="334,0,109,-119,269,0,288,119" owari="334,13.0,-10,-51.0,269,-13.0,407,51.0" /></mjloggm>