<mjloggm ver="2.3"><GO type="169" lobby="0"/><UN n0="%72%79%6F%E2%80%A6%31%35" n1="%E3%82%AB%E3%83%9C%E3%83%81%E3%83%A3%E3%82%BF%E3%83%8D" n2="%E3%83%99%E3%82%BF%E3%82%AA%E3%83%AA%E3%82%BA%E3%83%A0" n3="%E3%82%A6%E3%83%AB%E3%83%88%E3%83%A9%E7%AB%8B%E7%9B%B4" dan="16,16,16,17" rate="2069.23,2142.01,2110.42,2179.20" sx="M,M,M,M"/><TAIKYOKU oya="0"/><INIT seed="0,0,0,1,2,28" ten="250,250,250,250" oya="0" hai0="97,48,11,37,33,89,52,9,126,123,117,19,88" hai1="53,113,38,82,13,114,68,5,94,69,78,120,40" hai2="22,70,66,108,84,115,14,4,96,35,36,125,76" hai3="26,133,55,56,24,2,85,91,58,86,99,93,27"/><T111/><D117/><U74/><E120/><V128/><F115/><N who="1" m="44041" /><E53/><V106/><F36/><W87/><G2/><T50/><D123/><U131/><E131/><V17/><F108/><W32/><G133/><T44/><D37/><U46/><E94/><V21/><F125/><W121/><G121/><T90/><D126/><U116/><E116/><V130/><F4/><W109/><G109/><T43/><D33/><U0/><E13/><V61/><F22/><W64/><G64/><T81/><D111/><U10/><AGARI ba="0,0" hai="0,5,10,38,40,46,68,69,74,78,82" m="44041" machi="10" ten="30,4000,0" yaku="25,1,11,1,23,1" doraHai="28" who="1" fromWho="1" sc="250,-20,250,40,250,-10,250,-10" /><INIT seed="1,0,0,4,0,123" ten="230,290,240,240" oya="1" hai0="103,124,119,97,40,125,28,78,60,132,66,62,32" hai1="0,29,114,4,58,37,27,98,131,17,94,64,70" hai2="135,16,95,7,80,134,113,13,99,117,88,87,24" hai3="100,120,53,73,79,2,109,23,108,104,11,8,18"/><U84/><E114/><V51/><F117/><W20/><G120/><T22/><D119/><U25/><E37/><V77/><F113/><W128/><G100/><T68/><D132/><N who="2" m="50730" /><F51/><W46/><G104/><N who="0" m="63599" /><D62/><U118/><E118/><V116/><F116/><W112/><G112/><T82/><D40/><U54/><E131/><V111/><F24/><W26/><G128/><T126/><D22/><U61/><E84/><V92/><F7/><W107/><G107/><T83/><D78/><U75/><E4/><V12/><F92/><W127/><G127/><T65/><D65/><U121/><E0/><V1/><F1/><W71/><G71/><T93/><D93/><U89/><E121/><V96/><F13/><W81/><G23/><T130/><D130/><U50/><E29/><V9/><F111/><N who="3" m="42571" /><G2/><T56/><D68/><U14/><E75/><AGARI ba="0,0" hai="9,12,16,75,77,80,87,88,95,96,99" m="50730" machi="75" ten="30,3900,0" yaku="20,1,54,2" doraHai="123" who="2" fromWho="1" sc="230,0,290,-39,240,39,240,0" /><INIT seed="2,0,0,1,5,123" ten="230,251,279,240" oya="2" hai0="1,33,19,131,107,124,38,48,111,97,70,130,81" hai1="79,55,21,36,135,125,83,93,62,80,132,29,54" hai2="121,17,129,100,84,8,74,32,86,91,88,43,66" hai3="40,120,126,57,134,127,53,85,76,96,44,72,31"/><V90/><F121/><W47/><G72/><T39/><D1/><U119/><E119/><V2/><F74/><W27/><G120/><T28/><D70/><U116/><E116/><V56/><F32/><W45/><G96/><T105/><D124/><N who="3" m="47657" /><G134/><N who="1" m="51242" /><E125/><V69/><F69/><W12/><G12/><T26/><D81/><U52/><E36/><N who="0" m="13865" /><D48/><U7/><E7/><V61/><F129/><N who="0" m="49162" /><D19/><U117/><E117/><V42/><F100/><W101/><G101/><N who="0" m="62639" /><D107/><U75/><E80/><V22/><F8/><W67/><G85/><N who="2" m="32873" /><F2/><W77/><G77/><T6/><D6/><U89/><E62/><V24/><AGARI ba="0,0" hai="17,22,24,42,43,56,61,66,88,90,91" m="32873" machi="24" ten="30,3000,0" yaku="8,1,54,1" doraHai="123" who="2" fromWho="2" sc="230,-10,251,-10,279,30,240,-10" /><INIT seed="2,1,0,5,0,92" ten="220,241,309,230" oya="2" hai0="126,37,86,40,114,98,77,71,23,21,39,68,60" hai1="16,56,65,2,1,51,119,5,124,6,79,67,106" hai2="44,63,105,90,113,72,28,3,87,103,17,33,102" hai3="121,83,46,20,127,61,59,34,110,101,66,76,89"/><V31/><F113/><W128/><G34/><T18/><D114/><U125/><E119/><V122/><F122/><W25/><G121/><T99/><D126/><N who="1" m="48747" /><E79/><V49/><F72/><W14/><G127/><T117/><D117/><U118/><E118/><V41/><F3/><N who="1" m="1033" /><E106/><V47/><F33/><W81/><G110/><T24/><D39/><U50/><E16/><V91/><F91/><W134/><G101/><N who="2" m="38409" /><F105/><W48/><G128/><T70/><D60/><U11/><E11/><V29/><F63/><W74/><G134/><T116/><D116/><U58/><E51/><N who="2" m="27023" /><F17/><W64/><G66/><N who="1" m="25098" /><E50/><V43/><F31/><W97/><G76/><T13/><D37/><U45/><E45/><V112/><F112/><W130/><G74/><T42/><D40/><U73/><E73/><V27/><F27/><W100/><G14/><T85/><D42/><U7/><AGARI ba="1,0" hai="5,6,7,56,58" m="25098,1033,48747" machi="7" ten="40,5200,0" yaku="28,2,18,1" doraHai="92" who="1" fromWho="1" sc="220,-14,241,55,309,-27,230,-14" /><INIT seed="3,0,0,3,1,109" ten="206,296,282,216" oya="3" hai0="53,64,98,11,4,119,28,110,18,12,70,81,31" hai1="23,117,67,112,59,121,35,22,5,52,84,118,29" hai2="7,133,114,37,13,106,82,116,40,78,92,128,48" hai3="72,101,45,91,103,95,131,51,44,97,0,75,16"/><W27/><G0/><T107/><D119/><N who="1" m="45579" /><E121/><V125/><F116/><W26/><G131/><T25/><D110/><U135/><E67/><V124/><F106/><W30/><G75/><T115/><D81/><U39/><E39/><V41/><F37/><W24/><G72/><T50/><D70/><U15/><E135/><V88/><F133/><W9/><G30/><T96/><D64/><U132/><E132/><V58/><F128/><W87/><G101/><T76/><D76/><U79/><E112/><V65/><F114/><W17/><G9/><T54/><D115/><U68/><E68/><V71/><F71/><W129/><G129/><T86/><D86/><U102/><E102/><V61/><F7/><W122/><G122/><T49/><D107/><U10/><E35/><V127/><F13/><W55/><REACH who="3" step="1"/><G45/><REACH who="3" ten="206,296,282,206" step="2"/><N who="0" m="27823" /><D28/><U111/><E29/><V85/><REACH who="2" step="1"/><F48/><REACH who="2" ten="206,296,272,206" step="2"/><W6/><G6/><T83/><D4/><U126/><E111/><V1/><F1/><W56/><G56/><T20/><D50/><U8/><E5/><V47/><F47/><W60/><G60/><T32/><D32/><U63/><E63/><V36/><F36/><W80/><AGARI ba="0,2" hai="16,17,24,26,27,44,51,55,80,87,91,95,97,103" machi="80" ten="30,12000,1" yaku="1,1,0,1,8,1,54,1,53,1" doraHai="109" doraHaiUra="99" who="3" fromWho="3" sc="206,-40,296,-40,272,-40,206,140" /><INIT seed="3,1,0,2,1,135" ten="166,256,232,346" oya="3" hai0="50,48,8,54,52,121,64,51,99,41,133,114,76" hai1="128,38,18,30,28,91,98,101,131,103,96,116,14" hai2="36,83,0,100,81,107,1,6,130,89,25,12,97" hai3="66,47,110,56,123,31,16,69,80,19,10,125,44"/><W129/><G69/><T78/><D133/><U15/><E38/><V23/><F36/><W132/><G123/><T92/><D121/><U93/><E116/><V4/><F130/><N who="1" m="49705" /><E15/><V63/><F1/><W79/><G31/><N who="1" m="11818" /><E98/><V82/><F0/><W120/><G120/><T65/><D41/><U58/><E58/><V61/><F12/><W27/><G27/><T17/><D17/><U73/><E73/><V2/><F2/><W74/><G132/><T88/><D8/><AGARI ba="1,0" hai="8,14,18,91,93,96,101,103" m="11818,49705" machi="8" ten="30,1000,0" yaku="19,1" doraHai="135" who="1" fromWho="0" sc="166,-13,256,13,232,0,346,0" /><INIT seed="4,0,0,3,1,17" ten="153,269,232,346" oya="0" hai0="135,67,48,6,131,105,88,70,2,95,16,75,12" hai1="15,101,32,34,104,23,38,76,85,110,44,37,13" hai2="3,117,69,112,62,116,20,90,91,27,107,61,24" hai3="122,106,89,46,108,39,129,84,125,41,126,0,66"/><T120/><D105/><U49/><E110/><V19/><F3/><W26/><G106/><T58/><D120/><U57/><E104/><V5/><F107/><W96/><G0/><T134/><D75/><U53/><E101/><V83/><F5/><W50/><G96/><T77/><D77/><U43/><E37/><V25/><F112/><W56/><G108/><T99/><D131/><U8/><E15/><N who="2" m="9343" /><F83/><W81/><G129/><T14/><D70/><U86/><E76/><V63/><F69/><W4/><G4/><T82/><D82/><U103/><E103/><V54/><F54/><W118/><G118/><AGARI ba="0,0" hai="24,25,27,61,62,63,90,91,116,117,118" m="9343" machi="118" ten="40,2600,0" yaku="12,1,52,1" doraHai="17" who="2" fromWho="3" sc="153,0,269,0,232,26,346,-26" /><INIT seed="5,0,0,5,3,13" ten="153,269,258,320" oya="1" hai0="44,6,68,47,135,123,35,56,48,132,116,84,15" hai1="105,49,79,120,0,85,62,42,67,55,98,72,23" hai2="52,77,118,86,99,107,104,17,89,78,87,119,38" hai3="81,57,69,92,75,18,32,112,96,61,117,95,7"/><U131/><E0/><V130/><F38/><W8/><G32/><T60/><D35/><U63/><E120/><V103/><F130/><W29/><G29/><T127/><D84/><U27/><E42/><V108/><F108/><W71/><G95/><T3/><D3/><U25/><E72/><V133/><F133/><N who="0" m="51274" /><D6/><U1/><E1/><V58/><F104/><W113/><G117/><T125/><D15/><U115/><E131/><V46/><F46/><N who="0" m="17450" /><D116/><U54/><E27/><V2/><F2/><W59/><G7/><T124/><D123/><U102/><E62/><V93/><F118/><W40/><G61/><T100/><D100/><U22/><E49/><V37/><F37/><W83/><G83/><T111/><D111/><U43/><E43/><V109/><F109/><W26/><G40/><T4/><D4/><U80/><E23/><V16/><F119/><W64/><G81/><T19/><D19/><U134/><E134/><V39/><F39/><W122/><G18/><N who="2" m="7273" /><F107/><W91/><G75/><T51/><D68/><U110/><E110/><V129/><F129/><W11/><G71/><T21/><D21/><U94/><E105/><V9/><F9/><W12/><G11/><T41/><D41/><U128/><E128/><V73/><F73/><W88/><G69/><T114/><D114/><U34/><E115/><V20/><F20/><W82/><G113/><T97/><D97/><U101/><E34/><V90/><F87/><N who="3" m="50295" /><G112/><T121/><D121/><U36/><E36/><V30/><F30/><W50/><G8/><T14/><D14/><U126/><E98/><V45/><F99/><RYUUKYOKU ba="0,0" sc="153,30,269,-10,258,-10,320,-10" hai0="48,51,56,60,124,125,127" /><INIT seed="6,1,0,5,2,63" ten="183,259,248,310" oya="2" hai0="17,109,110,127,84,89,130,51,57,55,81,61,93" hai1="126,97,95,94,41,38,103,66,27,75,44,36,23" hai2="134,124,42,74,115,83,133,47,35,32,125,82,120" hai3="86,40,76,90,10,112,131,121,99,108,21,96,48"/><V28/><F120/><W88/><G108/><T50/><D130/><U132/><E132/><N who="2" m="50795" /><F115/><W1/><G1/><T24/><D127/><N who="2" m="48714" /><F28/><W79/><G131/><T54/><D109/><U53/><E126/><V49/><F74/><W39/><G39/><T105/><D105/><U26/><E75/><V22/><F22/><W5/><G121/><T65/><D110/><U20/><E36/><V29/><F29/><W31/><G112/><T67/><D81/><AGARI ba="1,0" hai="32,35,42,47,49,81,82,83" m="48714,50795" machi="81" ten="30,2900,0" yaku="20,1,18,1" doraHai="63" who="2" fromWho="0" sc="183,-32,259,0,248,32,310,0" /><INIT seed="6,2,0,4,0,7" ten="151,259,280,310" oya="2" hai0="39,62,101,121,55,89,49,47,113,66,130,120,21" hai1="15,64,53,80,4,135,2,70,14,109,40,119,48" hai2="93,68,102,98,26,73,90,83,58,79,114,45,76" hai3="125,0,112,52,107,63,71,122,35,91,23,57,12"/><V124/><F68/><W60/><G35/><T43/><D101/><U103/><E109/><V96/><F114/><W77/><G0/><T20/><D89/><U75/><E119/><V72/><F45/><W99/><G122/><T100/><D100/><U74/><E40/><V6/><F26/><W108/><G108/><T30/><D113/><U10/><E135/><V81/><F6/><W88/><G112/><T29/><D30/><U116/><E116/><V44/><F44/><W110/><G110/><T59/><D130/><U46/><E103/><V37/><F37/><W111/><G107/><T95/><D95/><U82/><E74/><N who="2" m="28779" /><F58/><N who="3" m="34887" /><G71/><T16/><D29/><U25/><E75/><V18/><F18/><N who="3" m="10695" /><G111/><T54/><D54/><U85/><E80/><N who="2" m="30795" /><F124/><W19/><G125/><T13/><REACH who="0" step="1"/><D21/><REACH who="0" ten="141,259,280,310" step="2"/><U69/><E53/><V61/><F61/><W133/><G63/><T1/><D1/><U105/><E2/><V92/><AGARI ba="2,1" hai="76,79,90,92,93,96,98,102" m="30795,28779" machi="92" ten="30,12000,1" yaku="35,5" doraHai="7" who="2" fromWho="2" sc="141,-42,259,-42,280,136,310,-42" /><INIT seed="6,3,0,2,5,62" ten="99,217,416,268" oya="2" hai0="96,8,64,44,133,34,30,84,67,129,20,134,71" hai1="125,58,33,90,61,98,31,91,19,43,15,18,12" hai2="4,56,120,101,132,81,114,42,55,47,32,127,121" hai3="27,87,65,35,50,115,79,38,69,119,37,108,102"/><V51/><F32/><W99/><G108/><T110/><D110/><U83/><E125/><V107/><F127/><W9/><G119/><T75/><D75/><U112/><E112/><V1/><F114/><W40/><G9/><T6/><D34/><U54/><E33/><V95/><F107/><W24/><G24/><N who="0" m="16647" /><D71/><U72/><E31/><V10/><F132/><N who="0" m="50794" /><D129/><U45/><E72/><V85/><F95/><W26/><G26/><T22/><D22/><N who="1" m="11591" /><E98/><V80/><F101/><W25/><G25/><T5/><D96/><U3/><E3/><V7/><F7/><N who="0" m="2570" /><D8/><N who="1" m="6631" /><E83/><V17/><F17/><W41/><G27/><T130/><D130/><U78/><E78/><V53/><F80/><W74/><G79/><T92/><D44/><U88/><E45/><V105/><F105/><W82/><G74/><T103/><D103/><U57/><E57/><V77/><F56/><W0/><G82/><T21/><D21/><U123/><E123/><V118/><F118/><W111/><G99/><T14/><D14/><U11/><E11/><V104/><F104/><W16/><G102/><T52/><D52/><N who="1" m="33991" /><E43/><V28/><F28/><W86/><G41/><T89/><AGARI ba="3,0" hai="64,67,84,89,92" m="2570,50794,16647" machi="89" ten="30,4000,0" yaku="20,1,52,2" doraHai="62" who="0" fromWho="0" sc="99,49,217,-13,416,-23,268,-13" /><INIT seed="7,0,0,4,4,71" ten="148,204,393,255" oya="3" hai0="79,20,42,61,127,124,123,93,56,66,45,96,88" hai1="2,110,34,107,103,27,73,133,54,109,111,102,0" hai2="101,53,11,39,65,15,130,9,37,25,12,89,82" hai3="1,64,43,7,33,72,86,28,78,108,16,129,31"/><W87/><G64/><T40/><D123/><U36/><E54/><V119/><F65/><W32/><G43/><T131/><D131/><U26/><E133/><V118/><F101/><W135/><G72/><T6/><D42/><U47/><E73/><V132/><F25/><W60/><G78/><T105/><D79/><U52/><E36/><V29/><F29/><W22/><G60/><T30/><D6/><U95/><E107/><V125/><F125/><W13/><G129/><T115/><D115/><U97/><E103/><V77/><F89/><W114/><G114/><T84/><D30/><U116/><E116/><V121/><F130/><W59/><G59/><T21/><D105/><U94/><E94/><V134/><F77/><W70/><G70/><T55/><D66/><U68/><E68/><V50/><F50/><W62/><G62/><T41/><D41/><U38/><E38/><V69/><F69/><W3/><G135/><T57/><D57/><U112/><E112/><V98/><F53/><W126/><G86/><T90/><D127/><U5/><E34/><V128/><F128/><W19/><G87/><T104/><D104/><U117/><E117/><V8/><F82/><W74/><G74/><T4/><D4/><U80/><E80/><V51/><F51/><W14/><G126/><T106/><D106/><U10/><REACH who="1" step="1"/><E2/><REACH who="1" ten="148,194,393,255" step="2"/><V81/><F81/><W49/><G3/><T18/><D124/><U24/><E24/><V67/><F132/><W100/><G1/><T85/><D96/><U99/><E99/><V122/><F134/><W63/><G33/><T48/><D18/><RYUUKYOKU ba="0,1" sc="148,15,194,15,393,-15,255,-15" hai0="20,21,40,45,48,55,56,61,84,85,88,90,93" hai1="0,5,10,26,27,47,52,95,97,102,109,110,111" owari="163,-34.0,209,-19.0,388,49.0,240,4.0" /></mjloggm>