<mjloggm ver="2.3"><GO type="97" lobby="0"/><UN n0="%E6%A5%BD%E5%8B%9D%EF%BC%81" n1="%4A%4F%48%4E%2E%54" n2="%E5%B0%B1%E6%B4%BB%E7%94%9F%40%E5%B7%9D%E6%9D%91%E8%BB%8D%E5%9B%A3" n3="%41%44%45%4C%48%45%49%44" dan="15,14,13,15" rate="1978.79,1970.85,1910.34,1975.27" sx="M,M,M,M"/><TAIKYOKU oya="0"/><INIT seed="0,0,0,2,5,6" ten="250,250,250,250" oya="0" hai0="90,94,81,115,123,119,95,35,16,56,96,104,86" hai1="128,80,10,13,106,55,30,101,120,36,84,91,47" hai2="75,82,88,63,42,27,21,33,100,108,20,68,107" hai3="74,109,15,26,3,14,25,58,59,50,45,65,52"/><T99/><D35/><U112/><E128/><V73/><F108/><W77/><G3/><T72/><D115/><U122/><E30/><N who="2" m="19679" /><F42/><W113/><G109/><T126/><D119/><U60/><E112/><V71/><F71/><W43/><G113/><T121/><D56/><U17/><E60/><V9/><F75/><W130/><G77/><N who="0" m="44199" /><D16/><N who="1" m="8247" /><E36/><V78/><F88/><W102/><G74/><T61/><D61/><U83/><E83/><V2/><F2/><W54/><G130/><T29/><D29/><U105/><E17/><V125/><F9/><W37/><G102/><N who="0" m="62559" /><D126/><U39/><E39/><V62/><F62/><W38/><G26/><T132/><D132/><U97/><E105/><V64/><F125/><W32/><G65/><T118/><D118/><U5/><E5/><V1/><F1/><W57/><G38/><T103/><AGARI ba="0,0" hai="86,90,94,95,96,103,121,123" m="62559,44199" machi="103" ten="30,6000,0" yaku="24,1,34,2" doraHai="6" who="0" fromWho="0" sc="250,60,250,-20,250,-20,250,-20" /><INIT seed="0,1,0,1,2,113" ten="310,230,230,230" oya="0" hai0="29,73,25,111,11,99,19,51,1,104,69,83,129" hai1="20,23,57,18,117,130,91,112,107,30,40,89,131" hai2="59,84,44,5,4,118,79,75,115,21,12,85,94" hai3="15,103,80,6,22,81,26,67,33,24,66,121,3"/><T86/><D69/><U95/><E107/><V92/><F115/><W125/><G121/><T97/><D73/><U122/><E122/><V87/><F75/><W14/><G125/><T132/><D129/><U126/><E40/><V54/><F79/><W100/><G3/><T27/><D132/><U60/><E126/><V98/><F44/><W58/><G33/><T105/><D111/><U47/><E47/><V71/><F71/><W110/><G110/><T49/><D105/><U52/><E112/><V7/><F118/><W90/><G58/><T36/><D36/><U13/><E117/><V135/><F135/><W0/><G0/><T45/><D104/><U9/><E91/><V65/><F65/><W38/><G38/><T134/><D134/><U50/><E60/><V88/><F21/><W128/><G22/><N who="0" m="15607" /><D1/><U108/><E108/><V42/><F42/><W77/><G6/><T55/><D49/><U133/><E133/><V70/><F70/><W35/><G35/><T119/><D119/><U37/><E37/><V63/><REACH who="2" step="1"/><F12/><REACH who="2" ten="310,230,220,230" step="2"/><W31/><G77/><N who="0" m="46447" /><D25/><N who="1" m="16679" /><E9/><V76/><F76/><W74/><G74/><T48/><D11/><U82/><E131/><V43/><F43/><W106/><G128/><T114/><D114/><U41/><E41/><V28/><F28/><W124/><G106/><T46/><D45/><U10/><E10/><V53/><F53/><W39/><G31/><T127/><D46/><U123/><E130/><V120/><F120/><W16/><G39/><T78/><D78/><U68/><E123/><V62/><F62/><W34/><G124/><T8/><D127/><RYUUKYOKU ba="1,1" sc="310,-10,230,-10,220,30,230,-10" hai2="4,5,7,54,59,63,84,85,87,88,92,94,98" /><INIT seed="1,2,1,2,3,8" ten="300,220,250,220" oya="1" hai0="121,21,72,44,81,70,128,47,23,61,36,109,15" hai1="28,56,18,98,127,87,29,86,111,14,11,73,24" hai2="93,118,50,124,1,135,71,55,90,113,17,88,48" hai3="41,31,117,85,39,46,6,76,58,100,10,126,65"/><U89/><E127/><V3/><F118/><W37/><G126/><T57/><D109/><U130/><E73/><V54/><F124/><W82/><G117/><T132/><D70/><U101/><E130/><V80/><F71/><W4/><G100/><T116/><D116/><U33/><E111/><V12/><F113/><W131/><G131/><T95/><D128/><U69/><E69/><V62/><F135/><W92/><G92/><T122/><D132/><U74/><E74/><V49/><F3/><W25/><G39/><T96/><D36/><U64/><E29/><V91/><F1/><W84/><G6/><T104/><D104/><U108/><E108/><V77/><F93/><W13/><G58/><T38/><D81/><U45/><E45/><N who="0" m="17481" /><D72/><U133/><E133/><V134/><F62/><W63/><G63/><T7/><D38/><U32/><E32/><V20/><REACH who="2" step="1"/><F134/><REACH who="2" ten="300,220,240,220" step="2"/><W106/><G106/><T94/><D95/><U119/><E119/><V30/><F30/><W129/><G129/><T43/><D94/><U112/><E112/><V2/><F2/><W53/><G65/><T40/><D61/><U105/><E64/><V19/><F19/><W59/><G85/><AGARI ba="2,2" hai="12,17,20,48,49,50,54,55,77,80,85,88,90,91" machi="85" ten="40,8000,1" yaku="1,1,8,1,52,1,54,1,53,0" doraHai="8" doraHaiUra="42" who="2" fromWho="3" sc="300,0,220,0,240,106,220,-86" /><INIT seed="2,0,0,1,3,53" ten="300,220,346,134" oya="2" hai0="126,55,63,79,116,20,42,10,82,61,103,49,114" hai1="64,16,40,76,12,83,5,95,9,120,105,74,122" hai2="88,125,36,65,39,17,111,60,101,99,118,135,57" hai3="4,106,7,70,130,69,51,90,0,132,50,30,44"/><V93/><F118/><W104/><G132/><T31/><D114/><U127/><E105/><V102/><F135/><W128/><G30/><T123/><D123/><U117/><E127/><V18/><F125/><W6/><G44/><T98/><D116/><U85/><E117/><V35/><F35/><W37/><G90/><T59/><D126/><U26/><E64/><V32/><F32/><W87/><G87/><T92/><D42/><U113/><E113/><V67/><F111/><W24/><G24/><T28/><D10/><U81/><E95/><V77/><F77/><W8/><G8/><T2/><D2/><U131/><E40/><V21/><F17/><W80/><G80/><T121/><D121/><U66/><E66/><V73/><F73/><W75/><G37/><T72/><REACH who="0" step="1"/><D20/><REACH who="0" ten="290,220,346,134" step="2"/><U52/><E122/><V29/><F39/><W11/><G11/><T96/><D96/><U109/><E120/><V115/><F36/><W91/><G0/><T48/><D48/><U3/><E3/><V15/><F115/><W33/><G33/><T27/><D27/><U108/><E26/><N who="2" m="16591" /><F65/><W71/><G75/><T47/><D47/><U129/><E109/><V134/><F134/><W86/><G51/><T46/><D46/><U112/><E108/><V25/><F25/><W41/><G50/><T43/><D43/><U14/><E112/><V124/><F124/><W54/><G41/><T100/><D100/><U23/><E23/><AGARI ba="0,1" hai="15,18,23,57,60,67,88,93,99,101,102" m="16591" machi="23" ten="30,5800,0" yaku="8,1,52,1,54,1" doraHai="53" who="2" fromWho="1" sc="290,0,220,-58,346,68,134,0" /><INIT seed="2,1,0,5,5,49" ten="290,162,414,134" oya="2" hai0="120,54,1,112,108,52,16,91,70,101,84,77,107" hai1="59,127,132,114,96,73,88,18,33,78,64,40,47" hai2="116,36,45,39,82,30,48,19,57,71,41,35,109" hai3="97,131,51,68,62,65,32,34,74,38,21,121,76"/><V42/><F35/><W115/><G121/><T24/><D112/><U2/><E2/><V104/><F104/><W6/><G115/><T20/><D120/><U80/><E33/><V129/><F30/><W7/><G131/><T111/><D70/><U23/><E127/><V14/><F116/><W53/><G38/><T12/><D1/><U50/><E132/><V75/><F129/><W106/><G76/><T103/><D77/><U90/><E114/><V66/><F109/><N who="0" m="42058" /><D24/><U83/><E83/><V26/><F26/><W37/><G74/><T113/><D113/><U130/><E130/><V29/><F29/><W126/><G126/><T92/><D107/><U95/><E64/><V63/><F75/><W44/><G34/><T98/><D98/><U43/><E59/><V117/><F117/><W122/><G122/><T5/><D5/><U67/><E67/><V72/><F41/><W56/><G32/><T100/><AGARI ba="1,0" hai="12,16,20,52,54,84,91,92,100,101,103" m="42058" machi="100" ten="30,8000,1" yaku="14,1,52,2,54,2" doraHai="49" who="0" fromWho="0" sc="290,83,162,-21,414,-41,134,-21" /><INIT seed="3,0,0,2,3,62" ten="373,141,373,113" oya="3" hai0="39,17,78,5,79,44,29,71,98,92,111,95,90" hai1="56,80,66,20,102,84,135,126,107,112,4,26,67" hai2="124,7,104,100,23,21,99,69,13,65,45,134,48" hai3="116,96,76,10,16,73,11,47,72,85,54,24,125"/><W34/><G116/><T55/><D111/><U127/><E112/><V117/><F117/><W133/><G125/><N who="1" m="47626" /><E135/><V27/><F124/><W1/><G133/><T35/><D71/><U106/><E4/><V120/><F120/><W75/><G96/><T121/><D5/><U74/><E74/><V57/><F134/><W109/><G109/><T31/><D95/><U61/><E67/><V2/><F2/><W70/><G70/><T9/><D92/><U58/><E58/><V12/><F69/><W123/><G123/><T38/><D44/><U131/><E102/><V103/><F7/><W110/><G110/><T22/><D121/><U37/><E37/><V89/><F23/><W122/><G122/><T83/><D22/><U40/><E40/><N who="2" m="24615" /><F104/><W113/><G113/><T94/><D38/><U6/><E6/><V81/><F103/><W36/><G1/><T97/><D39/><U68/><E68/><V43/><F43/><N who="3" m="23015" /><G54/><T8/><D55/><U51/><E51/><V128/><F128/><W108/><G108/><T114/><D114/><U3/><E131/><V130/><F130/><W33/><G33/><T25/><D35/><U105/><E3/><V91/><F100/><W77/><G34/><T41/><D41/><U63/><E63/><N who="2" m="38127" /><F99/><W42/><G42/><T59/><D98/><U19/><E107/><V64/><F64/><W115/><G115/><T50/><D97/><U118/><E118/><V18/><F89/><AGARI ba="0,0" hai="19,20,26,56,61,66,80,84,89,105,106" m="47626" machi="89" ten="30,2000,0" yaku="18,1,52,1" doraHai="62" who="1" fromWho="2" sc="373,0,141,20,373,-20,113,0" owari="373,48.0,161,-24.0,353,15.0,113,-39.0" /></mjloggm>