<mjloggm ver="2.3"><GO type="193" lobby="0"/><UN n0="%E8%87%AD%E8%8D%98%EF%BC%A0%E5%B7%9D%E6%9D%91%E8%BB%8D%E5%9B%A3" n1="%70%65%61%63%65%36%39" n2="%70%66%63%74%67%66" n3="%E5%B0%B1%E6%B4%BB%E7%94%9F%40%E5%B7%9D%E6%9D%91%E8%BB%8D%E5%9B%A3" dan="11,13,12,10" rate="1695.69,1769.27,1735.87,1804.58" sx="M,M,F,M"/><TAIKYOKU oya="0"/><INIT seed="0,0,0,0,3,90" ten="250,250,250,250" oya="0" hai0="109,55,91,83,119,71,24,10,85,33,63,19,68" hai1="122,125,16,80,103,92,20,50,22,13,18,100,127" hai2="17,76,42,58,56,135,123,5,66,129,116,7,62" hai3="78,11,37,45,108,97,99,111,110,112,15,35,79"/><T25/><D119/><U86/><E122/><V39/><F116/><W1/><G35/><T94/><D109/><U84/><E50/><V104/><F104/><W105/><G1/><T87/><D71/><U81/><E13/><V77/><F123/><W27/><G27/><T0/><D0/><U31/><E31/><V70/><F129/><W75/><G112/><T30/><D25/><U88/><E92/><V8/><F135/><W65/><G65/><T118/><D118/><U101/><E101/><V124/><F124/><W26/><G26/><T113/><D113/><U49/><E49/><V133/><F133/><W32/><G32/><T72/><D72/><U107/><E107/><V115/><F115/><W57/><G57/><T121/><D121/><U52/><E52/><V126/><F126/><W74/><G45/><T132/><D132/><U67/><E67/><V53/><F39/><W117/><G37/><T51/><D68/><U21/><E21/><V44/><F70/><W12/><G117/><T54/><D63/><U69/><E69/><V106/><F106/><W114/><G105/><T98/><D55/><U3/><E3/><V131/><F131/><W59/><G59/><T28/><D28/><U38/><E38/><V64/><F64/><W93/><G114/><T134/><D134/><U96/><E96/><V89/><F66/><W61/><G61/><T95/><D10/><U60/><E60/><V120/><F120/><W130/><G111/><T43/><D43/><U2/><E2/><V29/><F62/><W47/><G130/><T41/><D41/><U23/><E23/><RYUUKYOKU ba="0,0" sc="250,-10,250,30,250,-10,250,-10" hai1="16,18,20,22,80,81,84,86,88,100,103,125,127" /><INIT seed="1,1,0,2,1,107" ten="240,280,240,240" oya="1" hai0="34,84,32,48,14,17,114,100,95,128,73,112,98" hai1="4,40,67,117,83,61,131,101,87,41,36,1,42" hai2="30,52,51,109,13,126,46,115,11,29,85,50,18" hai3="133,91,5,55,66,78,60,62,124,25,79,119,22"/><U123/><E117/><V71/><F71/><W43/><G119/><T127/><D127/><U130/><E36/><V129/><F126/><W0/><G133/><T99/><D128/><N who="1" m="49195" /><E101/><V49/><F129/><W134/><G124/><T96/><D114/><U113/><E113/><V38/><F115/><W121/><G121/><T102/><D112/><U93/><E93/><V135/><F109/><W8/><G134/><T20/><D34/><U28/><E28/><V44/><F135/><W92/><G43/><T82/><D32/><U103/><E103/><V27/><F38/><W2/><G2/><T45/><D73/><U132/><E132/><V12/><F85/><W58/><G62/><T19/><D19/><U57/><E123/><V56/><F13/><W120/><G120/><T86/><D86/><U76/><E41/><V69/><F69/><W7/><G66/><T80/><D80/><U122/><E122/><V81/><F81/><W9/><G9/><AGARI ba="1,0" hai="1,4,9,40,42,57,61,67,76,83,87" m="49195" machi="9" ten="30,1500,0" yaku="19,1" doraHai="107" who="1" fromWho="3" sc="240,0,280,18,240,0,240,-18" /><INIT seed="1,2,0,0,1,93" ten="240,298,240,222" oya="1" hai0="87,134,80,90,125,111,48,96,121,19,122,30,49" hai1="54,91,105,83,36,106,52,14,123,34,68,82,115" hai2="72,40,63,42,92,128,101,44,129,33,16,108,37" hai3="58,103,1,81,41,99,75,59,4,97,116,51,7"/><U104/><E34/><V53/><F72/><W78/><G116/><T26/><D134/><U95/><E36/><V57/><F33/><W23/><G58/><T43/><D125/><U55/><E68/><V11/><F42/><W131/><G131/><N who="2" m="50249" /><F108/><W25/><G1/><T71/><D71/><U132/><E115/><V8/><F16/><W5/><G103/><T0/><D0/><U109/><E132/><V45/><F45/><W70/><G70/><T15/><D111/><U29/><E29/><V85/><F85/><W124/><G124/><T27/><D27/><U73/><E73/><V47/><F47/><W112/><G112/><T77/><D43/><U39/><E39/><V74/><F74/><W66/><G41/><T65/><D65/><U107/><E109/><V89/><F89/><W28/><REACH who="3" step="1"/><G51/><REACH who="3" ten="240,298,240,212" step="2"/><T135/><D135/><U46/><E46/><V38/><F38/><W35/><G35/><T119/><D119/><U118/><E118/><V17/><F101/><W62/><AGARI ba="2,1" hai="4,5,7,23,25,28,59,62,66,75,78,81,97,99" machi="62" ten="30,12000,2" yaku="1,1,0,1,52,2,53,3" doraHai="93" doraHaiUra="2" who="3" fromWho="3" sc="240,-32,298,-62,240,-32,212,136" /><INIT seed="2,0,0,5,3,5" ten="208,236,208,348" oya="2" hai0="36,14,79,56,125,35,23,100,61,66,127,82,81" hai1="131,10,78,101,32,12,89,84,18,113,1,15,96" hai2="99,39,9,72,2,42,11,104,0,105,103,27,126" hai3="71,112,16,63,87,20,88,102,24,34,114,22,121"/><V108/><F72/><W118/><G121/><T31/><D36/><U110/><E32/><V132/><F132/><W51/><G118/><T93/><D35/><U91/><E113/><N who="3" m="43626" /><G34/><T115/><D115/><U50/><E1/><V52/><F105/><W43/><G102/><T135/><D135/><U54/><E131/><V55/><F108/><W58/><G71/><T26/><D14/><U97/><E110/><V46/><F126/><N who="0" m="48138" /><D79/><U62/><E62/><V4/><REACH who="2" step="1"/><F27/><REACH who="2" ten="208,236,198,348" step="2"/><W64/><G22/><T106/><D106/><U119/><E119/><V76/><F76/><W19/><G43/><T122/><D122/><U67/><E78/><V75/><F75/><W80/><G51/><T21/><D21/><U41/><E50/><V3/><F3/><W44/><G44/><T45/><D45/><U49/><E41/><V94/><F94/><W95/><G95/><T47/><D47/><U28/><E49/><V133/><F133/><W69/><G69/><T98/><AGARI ba="0,1" hai="23,26,31,56,61,66,81,82,93,98,100" m="48138" machi="98" ten="30,2000,0" yaku="25,1,18,1" doraHai="5" who="0" fromWho="0" sc="208,30,236,-5,198,-10,348,-5" /><INIT seed="3,0,0,4,2,2" ten="238,231,188,343" oya="3" hai0="29,118,25,72,79,114,120,17,97,58,76,80,27" hai1="53,63,106,26,75,124,51,89,123,14,47,134,127" hai2="19,90,66,54,56,9,40,38,99,67,3,28,52" hai3="131,135,43,129,77,45,86,111,70,39,125,21,12"/><W78/><G70/><T0/><D118/><U22/><E75/><V20/><F28/><W46/><G125/><N who="1" m="48202" /><E106/><V59/><F38/><W110/><G135/><T41/><D120/><U5/><E134/><V4/><F40/><N who="3" m="22687" /><G21/><T15/><D0/><U93/><E123/><V91/><F67/><W18/><G18/><T112/><D41/><U88/><E63/><V92/><F66/><W121/><G12/><T98/><D79/><N who="3" m="30217" /><G86/><T36/><D58/><U42/><E42/><V7/><F91/><W57/><G57/><T64/><D64/><U115/><E115/><N who="0" m="44073" /><D36/><U87/><E87/><V130/><F130/><N who="3" m="49675" /><G121/><T48/><D48/><AGARI ba="0,0" hai="43,46,48,110,111" m="49675,30217,22687" machi="48" ten="30,1500,0" yaku="19,1" doraHai="2" who="3" fromWho="0" sc="238,-15,231,0,188,0,343,15" owari="223,-18.0,231,3.0,188,-31.0,358,46.0" /></mjloggm>