<mjloggm ver="2.3"><GO type="33" lobby="0"/><UN n0="%E5%B7%9D%E6%9D%91%E6%99%83%E8%A3%95%EF%BC%88%E4%B8%A1%E6%96%B9%EF%BC%89" n1="%E5%B0%B1%E6%B4%BB%E7%94%9F%40%E5%B7%9D%E6%9D%91%E8%BB%8D%E5%9B%A3" n2="%E6%94%BE%E9%8A%83%4B%69%6E%67" n3="%74%65%74%73%75%6D%6A" dan="14,13,13,14" rate="1985.45,1914.02,1830.27,1937.97" sx="M,M,M,M"/><TAIKYOKU oya="0"/><INIT seed="0,0,0,0,0,133" ten="250,250,250,250" oya="0" hai0="106,22,112,104,16,114,57,52,24,41,97,73,56" hai1="132,101,68,62,110,76,15,34,10,117,32,28,80" hai2="9,84,37,53,18,81,7,25,128,126,90,113,91" hai3="2,78,127,14,107,44,94,82,66,67,60,96,23"/><T135/><D135/><U30/><E132/><V47/><F113/><W95/><G2/><T119/><D119/><U87/><E117/><V36/><F126/><W65/><G60/><T64/><D73/><U109/><E101/><V100/><F100/><W29/><G107/><T42/><D112/><U4/><E62/><V105/><F105/><W40/><G127/><T11/><D114/><U50/><E68/><V45/><F128/><W3/><G3/><T121/><D121/><U21/><E50/><V20/><F37/><W102/><G94/><T93/><D106/><U12/><E30/><V88/><F45/><W59/><G59/><T55/><D104/><U33/><E28/><V38/><F38/><W99/><G96/><T85/><D85/><U26/><E26/><V125/><F125/><W69/><G69/><T49/><D11/><U51/><E21/><V77/><F36/><W43/><G44/><T129/><D64/><U111/><REACH who="1" step="1"/><E51/><REACH who="1" ten="250,240,250,250" step="2"/><N who="2" m="28927" /><F77/><W48/><G78/><T54/><D129/><U58/><E58/><N who="0" m="22633" /><D49/><U6/><E6/><V124/><F124/><W17/><G48/><T79/><D79/><U86/><E86/><V108/><F7/><W123/><G123/><T39/><D39/><U1/><AGARI ba="0,1" hai="1,4,10,12,15,32,33,34,76,80,87,109,110,111" machi="1" ten="40,5200,0" yaku="1,1,0,1,14,1,53,0" doraHai="133" doraHaiUra="63" who="1" fromWho="1" sc="250,-26,240,62,250,-13,250,-13" /><INIT seed="1,0,0,4,0,121" ten="224,302,237,237" oya="1" hai0="29,40,66,21,122,123,24,51,103,76,70,128,104" hai1="64,92,27,115,37,82,58,45,39,63,61,30,31" hai2="78,18,109,28,42,10,108,17,50,132,120,6,111" hai3="116,23,135,38,33,73,59,125,36,107,1,55,16"/><U102/><E115/><V97/><F120/><N who="0" m="46122" /><D128/><U129/><E129/><V62/><F78/><W95/><G33/><T126/><D126/><U98/><E31/><V53/><F132/><W90/><G107/><T8/><D76/><U118/><E118/><V96/><F28/><W99/><G73/><T75/><D75/><U71/><E82/><V68/><F42/><W2/><G135/><T26/><D8/><U69/><E45/><N who="2" m="27855" /><F62/><W20/><G125/><T88/><D26/><U12/><E12/><N who="2" m="5207" /><F68/><W4/><G116/><T106/><D103/><U60/><E60/><V41/><F41/><W22/><G1/><T25/><D70/><U56/><E71/><V15/><F18/><W124/><G124/><T46/><D66/><U19/><E19/><V113/><F113/><W89/><G90/><T94/><D25/><U83/><E69/><V44/><F44/><W85/><G2/><T74/><D74/><U49/><E49/><V134/><F134/><W47/><G4/><T81/><D81/><U67/><REACH who="1" step="1"/><E83/><REACH who="1" ten="224,292,237,237" step="2"/><V11/><AGARI ba="0,1" hai="11,15,17,96,97,108,109,111" m="5207,27855" machi="11" ten="30,7900,0" yaku="14,1,52,3" doraHai="121" who="2" fromWho="2" sc="224,-20,292,-39,237,89,237,-20" /><INIT seed="2,0,0,0,1,119" ten="204,253,326,217" oya="2" hai0="99,93,85,26,9,12,43,37,104,7,66,98,130" hai1="89,65,30,53,102,54,15,74,116,47,50,123,48" hai2="106,29,108,109,41,44,28,23,82,70,77,113,5" hai3="129,35,86,122,10,115,38,31,0,88,80,17,6"/><V40/><F106/><W49/><G38/><T24/><D130/><U18/><E116/><V121/><F70/><W83/><G129/><T79/><D66/><U81/><E102/><V76/><F113/><W114/><G122/><T131/><D131/><U95/><E65/><V51/><F40/><W3/><G3/><T20/><D104/><U46/><E30/><V117/><F117/><W105/><G105/><T13/><D37/><U36/><E36/><V22/><F5/><W128/><G128/><T78/><D43/><U71/><E71/><V27/><F121/><W97/><G97/><N who="0" m="36875" /><D13/><U111/><E111/><N who="2" m="42571" /><F82/><W45/><G17/><N who="0" m="12303" /><D26/><AGARI ba="0,0" hai="22,23,26,27,28,29,41,44,51,76,77" m="42571" machi="26" ten="30,2900,0" yaku="14,1,10,1" doraHai="119" who="2" fromWho="0" sc="204,-29,253,0,326,29,217,0" /><INIT seed="2,1,0,3,4,117" ten="175,253,355,217" oya="2" hai0="132,47,42,134,62,19,4,83,23,58,84,74,131" hai1="72,67,90,129,21,128,34,73,45,85,35,109,126" hai2="122,51,52,119,29,94,101,105,7,87,113,56,5" hai3="33,116,107,95,81,9,80,37,66,30,97,93,79"/><V32/><F105/><W104/><G116/><T125/><D74/><N who="1" m="28779" /><E67/><V76/><F113/><W103/><G37/><T110/><D4/><U38/><E126/><V69/><F69/><W39/><G39/><N who="0" m="21983" /><D125/><U92/><E21/><V88/><F119/><W13/><G66/><N who="0" m="39255" /><D23/><U112/><E112/><V27/><F122/><W14/><G95/><T61/><D19/><U86/><E109/><V121/><F121/><W60/><G14/><T70/><D84/><U11/><E11/><V96/><REACH who="2" step="1"/><F76/><REACH who="2" ten="175,253,345,217" step="2"/><W53/><G79/><T63/><D70/><U127/><E127/><V1/><F1/><W3/><G3/><T40/><D110/><U120/><E120/><V75/><F75/><W16/><G104/><T133/><D83/><U64/><E92/><V55/><F55/><W2/><G107/><T17/><D17/><U28/><E28/><V44/><F44/><W89/><G2/><T12/><D12/><U130/><E45/><V8/><F8/><W111/><G111/><T77/><D77/><U18/><E18/><V98/><F98/><W10/><G10/><T50/><D131/><U102/><E129/><V20/><F20/><W71/><G71/><T59/><D40/><U123/><E130/><V65/><F65/><W91/><G9/><T6/><D6/><U135/><E123/><V31/><F31/><W15/><G30/><T0/><D0/><U118/><E118/><V106/><AGARI ba="1,1" hai="5,7,27,29,32,51,52,56,87,88,94,96,101,106" machi="106" ten="20,18000,2" yaku="1,1,0,1,7,1,54,2,53,1" doraHai="117" doraHaiUra="26" who="2" fromWho="2" sc="175,-61,253,-61,345,193,217,-61" /><INIT seed="2,2,0,1,0,116" ten="114,192,538,156" oya="2" hai0="87,49,102,30,132,110,69,73,38,58,5,80,134" hai1="68,77,82,112,74,35,107,79,18,91,129,93,42" hai2="44,84,98,118,19,105,59,1,106,39,125,33,47" hai3="29,115,12,62,108,120,76,103,20,34,32,92,28"/><V53/><F118/><W101/><G108/><T99/><D69/><U78/><E68/><V11/><F33/><W114/><G76/><N who="0" m="44047" /><D38/><U17/><E112/><N who="3" m="43050" /><G120/><T100/><D5/><U55/><E107/><V81/><F125/><W22/><G62/><T119/><D30/><N who="3" m="11881" /><G92/><N who="0" m="58471" /><D119/><U46/><E35/><N who="3" m="13354" /><G12/><T94/><D49/><U4/><E74/><V0/><F39/><W51/><G51/><T113/><D58/><U36/><E55/><V8/><F106/><W6/><G6/><T27/><D27/><U67/><E4/><V15/><F105/><W97/><G97/><N who="0" m="59703" /><D113/><U54/><E54/><V24/><F47/><W130/><G130/><T109/><D87/><U86/><E129/><V65/><F44/><W26/><G26/><T88/><D88/><U52/><E67/><V124/><F65/><W57/><G57/><T9/><D9/><U96/><REACH who="1" step="1"/><E52/><REACH who="1" ten="114,182,538,156" step="2"/><V13/><F53/><W135/><G135/><AGARI ba="2,1" hai="109,110,132,134,135" m="59703,58471,44047" machi="135" ten="30,3900,0" yaku="20,1,34,2" doraHai="116" who="0" fromWho="3" sc="114,55,182,0,538,0,156,-45" /><INIT seed="3,0,0,5,0,75" ten="169,182,538,111" oya="3" hai0="131,97,115,64,60,6,109,119,44,130,58,14,59" hai1="4,68,73,95,88,35,0,63,12,7,133,71,102" hai2="122,20,57,77,101,89,78,41,42,16,91,121,113" hai3="106,86,43,126,40,17,33,52,110,9,51,107,1"/><W45/><G33/><T34/><D119/><U111/><E35/><V15/><F113/><W104/><G126/><T84/><D34/><U69/><E73/><V21/><F57/><W27/><G110/><T3/><D109/><U128/><E111/><V114/><F114/><W38/><G86/><T72/><D72/><U80/><E0/><V123/><F101/><W25/><G43/><N who="2" m="16393" /><F21/><W134/><G134/><T10/><D115/><U24/><E80/><V13/><F13/><W94/><G94/><T46/><D97/><U96/><E128/><N who="0" m="49193" /><D59/><U11/><E133/><V129/><F129/><W47/><REACH who="3" step="1"/><G17/><REACH who="3" ten="169,182,538,101" step="2"/><N who="0" m="8407" /><D84/><U92/><E7/><AGARI ba="0,1" hai="1,7,9,25,27,38,40,45,47,51,52,104,106,107" machi="7" ten="40,7700,0" yaku="1,1,54,1,53,1" doraHai="75" doraHaiUra="37" who="3" fromWho="1" sc="169,0,182,-77,538,0,101,87" /><INIT seed="3,1,0,5,4,28" ten="169,105,538,188" oya="3" hai0="67,33,45,89,52,91,10,116,35,92,8,105,120" hai1="86,5,48,11,103,95,123,37,77,21,64,106,73" hai2="3,7,58,108,38,15,104,107,134,56,102,83,66" hai3="71,99,122,55,133,130,62,93,2,84,97,17,6"/><W111/><G122/><T57/><D105/><U113/><E37/><V129/><F108/><W60/><G111/><T20/><D116/><U115/><E106/><V0/><F38/><W13/><G130/><T31/><D33/><U50/><E123/><V82/><F129/><W18/><G133/><T80/><D35/><U124/><E73/><V4/><F102/><W88/><G2/><T119/><D119/><U29/><E124/><V65/><F15/><W76/><G71/><T63/><D120/><U69/><E69/><V1/><REACH who="2" step="1"/><F3/><REACH who="2" ten="169,105,528,188" step="2"/><W22/><G13/><T54/><D8/><U25/><E115/><V96/><F96/><W135/><G99/><T61/><D10/><U32/><E113/><V131/><F131/><W53/><G97/><T128/><D128/><U40/><E103/><V51/><F51/><W24/><G60/><T27/><D63/><U72/><E72/><V79/><F79/><W98/><G76/><T26/><D61/><U85/><E64/><V132/><AGARI ba="1,1" hai="0,1,4,7,56,58,65,66,82,83,104,107,132,134" machi="132" ten="25,6400,0" yaku="1,1,0,1,22,2,53,0" doraHai="28" doraHaiUra="74" who="2" fromWho="2" sc="169,-17,105,-17,528,77,188,-33" owari="152,-25.0,88,-41.0,605,70.0,155,-4.0" /></mjloggm>