<mjloggm ver="2.3"><GO type="97" lobby="0"/><UN n0="%E3%82%8F%E3%82%93%E3%82%8F%E3%82%93%E3%81%8A%EF%BC%81%EF%BC%81" n1="%E3%81%82%E3%81%96%E3%82%80%E3%81%8F%E3%82%93" n2="%E5%B0%B1%E6%B4%BB%E7%94%9F%40%E5%B7%9D%E6%9D%91%E8%BB%8D%E5%9B%A3" n3="%E5%90%89%E8%A1%8C%E5%BF%97%E9%A6%99%E5%AD%90" dan="13,14,13,13" rate="1856.83,1975.84,1824.57,1945.53" sx="M,M,M,M"/><TAIKYOKU oya="0"/><INIT seed="0,0,0,4,4,70" ten="250,250,250,250" oya="0" hai0="95,3,27,42,127,90,77,78,23,52,41,29,71" hai1="11,91,119,107,43,87,22,6,63,96,128,85,69" hai2="79,5,97,100,35,129,125,18,122,36,60,8,109" hai3="50,89,33,61,113,80,30,104,124,54,19,13,48"/><T111/><D3/><U135/><E119/><V38/><F122/><W105/><G113/><T9/><D71/><U74/><E74/><V0/><F125/><W16/><G124/><T37/><D127/><U45/><E135/><V1/><F129/><W130/><G130/><T39/><D9/><U28/><E128/><V32/><F109/><W34/><G13/><T98/><D111/><U55/><E28/><V58/><F79/><W20/><G61/><T123/><D123/><U14/><E22/><V4/><F18/><W83/><G20/><T118/><D118/><U31/><E31/><V64/><F4/><W106/><G30/><T116/><D116/><U121/><E121/><V92/><REACH who="2" step="1"/><F1/><REACH who="2" ten="250,250,240,250" step="2"/><W57/><G19/><T86/><D77/><U114/><E114/><V94/><F94/><W46/><G16/><T108/><D108/><U110/><E110/><V93/><F93/><W102/><G104/><T82/><REACH who="0" step="1"/><D52/><REACH who="0" ten="240,250,240,250" step="2"/><U59/><E55/><V76/><F76/><W84/><G54/><T25/><D25/><U56/><E107/><V68/><F68/><W99/><G106/><T126/><D126/><U101/><E69/><V67/><F67/><W103/><G105/><T131/><D131/><U72/><E72/><V66/><F66/><W51/><G46/><T12/><D12/><U17/><E45/><V88/><F88/><W7/><G89/><T26/><D26/><U47/><E91/><V44/><F44/><W53/><G102/><T24/><D24/><U62/><E101/><V112/><F112/><W132/><G103/><T49/><D49/><U117/><E47/><RYUUKYOKU ba="0,2" sc="240,15,250,-15,240,15,250,-15" hai0="23,27,29,37,39,41,42,78,82,86,90,95,98" hai2="0,5,8,32,35,36,38,58,60,64,92,97,100" /><INIT seed="0,1,2,3,5,122" ten="255,235,255,235" oya="0" hai0="62,109,58,8,112,83,53,85,57,32,24,11,12" hai1="7,89,56,80,98,94,35,71,19,52,44,101,74" hai2="67,97,5,125,21,132,45,31,14,36,65,37,120" hai3="99,26,128,81,66,0,76,116,129,130,92,4,110"/><T93/><D112/><U79/><E71/><V30/><F120/><W33/><G116/><T131/><D131/><U84/><E35/><V20/><F125/><W78/><G66/><T38/><D38/><U135/><E135/><V117/><F117/><W91/><G4/><T59/><D93/><U46/><E19/><V2/><F132/><W42/><G0/><T133/><D133/><U25/><E25/><V118/><F118/><W111/><G42/><T55/><D8/><U61/><REACH who="1" step="1"/><E7/><REACH who="1" ten="255,225,255,235" step="2"/><V34/><F34/><W6/><G6/><T90/><D24/><U10/><E10/><V70/><F70/><W124/><G124/><T82/><D32/><U49/><E49/><V73/><F30/><N who="3" m="19671" /><G76/><T63/><D11/><U102/><E102/><V126/><F126/><W15/><G15/><T54/><D12/><U88/><E88/><V113/><F31/><W27/><G27/><T115/><D115/><U16/><E16/><V134/><F113/><W119/><G119/><T23/><D23/><U96/><E96/><V51/><F21/><W17/><G17/><T121/><D121/><U48/><E48/><V77/><F20/><W3/><G3/><T68/><D68/><U95/><AGARI ba="1,3" hai="44,46,52,56,61,74,79,80,84,89,94,95,98,101" machi="95" ten="20,5200,0" yaku="1,1,0,1,7,1,54,1,53,0" doraHai="122" doraHaiUra="13" who="1" fromWho="1" sc="255,-27,225,85,255,-14,235,-14" /><INIT seed="1,0,0,1,1,44" ten="228,310,241,221" oya="1" hai0="110,7,131,85,18,78,121,31,88,101,102,76,13" hai1="52,70,73,69,119,8,126,16,65,107,22,20,84" hai2="56,29,12,123,94,14,117,36,1,28,33,128,113" hai3="66,59,82,53,63,42,112,91,21,40,54,114,106"/><U79/><E107/><V68/><F68/><W98/><G112/><T90/><D121/><U15/><E119/><V24/><F117/><W97/><G114/><T6/><D131/><U11/><E73/><V96/><F123/><W115/><G115/><T26/><D110/><U49/><E126/><V48/><F113/><W132/><G132/><T87/><D31/><U129/><E129/><V30/><F128/><W67/><G106/><T74/><D74/><U83/><E65/><N who="3" m="24586" /><G53/><T75/><D75/><U104/><E104/><V41/><F1/><W64/><G64/><T9/><D26/><U62/><E62/><V5/><F33/><W124/><G124/><T72/><D72/><U0/><E0/><V25/><F41/><N who="3" m="15979" /><G21/><N who="1" m="8298" /><E69/><V127/><F36/><W122/><G122/><T92/><D76/><U120/><E70/><V17/><F127/><W46/><G46/><T2/><D78/><U27/><E27/><N who="2" m="10315" /><F5/><N who="0" m="1546" /><D2/><U51/><E120/><V58/><F17/><W86/><AGARI ba="0,0" hai="54,59,63,82,86,91,97,98" m="15979,24586" machi="86" ten="30,1100,0" yaku="8,1" doraHai="44" who="3" fromWho="3" sc="228,-3,310,-5,241,-3,221,11" /><INIT seed="2,0,0,4,2,83" ten="225,305,238,232" oya="2" hai0="128,82,97,105,20,90,89,8,34,64,21,63,3" hai1="48,1,98,75,114,45,135,124,25,118,46,108,31" hai2="9,23,35,54,51,71,70,2,42,50,115,88,95" hai3="123,79,17,132,131,120,104,32,18,11,74,133,91"/><V113/><F35/><W66/><G104/><T4/><D34/><U112/><E118/><V30/><F42/><W109/><G32/><T53/><D128/><U60/><E1/><V6/><F51/><W78/><G131/><T130/><D130/><U10/><E75/><V72/><F72/><W40/><G109/><T73/><D53/><U67/><E108/><V81/><F81/><N who="3" m="45271" /><G79/><T80/><D80/><U129/><E129/><V110/><F110/><W87/><G66/><T61/><D61/><U56/><E135/><N who="3" m="51786" /><G40/><T85/><D73/><U94/><E124/><V52/><F54/><W47/><G47/><T24/><D24/><U57/><E10/><V103/><F103/><W39/><G39/><T125/><D125/><U27/><E114/><V12/><F70/><W36/><G36/><T68/><REACH who="0" step="1"/><D90/><REACH who="0" ten="215,305,238,232" step="2"/><N who="1" m="55639" /><E112/><V116/><F116/><W96/><G91/><T26/><D26/><N who="1" m="9739" /><E31/><V86/><F71/><W106/><G120/><T93/><D93/><U77/><E77/><V41/><F41/><W58/><G123/><T59/><D59/><U126/><E126/><V55/><F55/><AGARI ba="0,1" hai="45,46,48,55,56,57,60,67" m="9739,55639" machi="55" ten="30,1000,0" yaku="8,1" doraHai="83" who="1" fromWho="2" sc="215,0,305,20,238,-10,232,0" /><INIT seed="3,0,0,4,3,43" ten="215,325,228,232" oya="3" hai0="11,8,40,46,125,66,33,79,29,39,57,119,134" hai1="9,108,12,113,28,88,35,84,48,118,0,68,91" hai2="10,92,27,51,26,76,34,75,20,78,19,74,42" hai3="96,123,121,2,61,64,45,99,60,117,32,16,1"/><W63/><G117/><T83/><D119/><U81/><E68/><V62/><F34/><W59/><G32/><T41/><D125/><U50/><E113/><V110/><F110/><W127/><G127/><T80/><D134/><U77/><E0/><V44/><F75/><W95/><G2/><T107/><D107/><U23/><E35/><V94/><F26/><W72/><G72/><T120/><D120/><U97/><E108/><V93/><F74/><W3/><G3/><T54/><D66/><U25/><E118/><V13/><REACH who="2" step="1"/><F62/><REACH who="2" ten="215,325,218,232" step="2"/><N who="3" m="37983" /><G121/><T17/><D29/><AGARI ba="0,1" hai="10,13,19,20,27,29,42,44,51,76,78,92,93,94" machi="29" ten="40,5200,0" yaku="1,1,8,1,52,1,53,0" doraHai="43" doraHaiUra="105" who="2" fromWho="0" sc="215,-52,325,0,218,62,232,0" owari="163,-34.0,325,43.0,280,8.0,232,-17.0" /></mjloggm>