<mjloggm ver="2.3"><GO type="97" lobby="0"/><UN n0="%61%7A%75" n1="%E6%A1%9C%E3%81%AE%E8%A3%95" n2="%E5%B0%B1%E6%B4%BB%E7%94%9F%40%E5%B7%9D%E6%9D%91%E8%BB%8D%E5%9B%A3" n3="%E3%83%AD%E3%83%83%E3%82%AD%E3%83%BC%E5%90%9B" dan="13,14,13,14" rate="1857.18,1993.38,1888.98,1878.54" sx="M,F,M,M"/><TAIKYOKU oya="0"/><INIT seed="0,0,0,5,2,55" ten="250,250,250,250" oya="0" hai0="98,131,39,28,109,34,70,25,36,73,127,106,26" hai1="30,126,41,96,4,104,2,116,79,119,13,45,51" hai2="65,110,5,47,1,62,81,7,124,46,121,85,53" hai3="125,6,77,101,66,69,107,11,75,115,76,27,19"/><T35/><D127/><U44/><E2/><V16/><F121/><W94/><G125/><T58/><D131/><U12/><E126/><V43/><F110/><W130/><G115/><T72/><D109/><U9/><E30/><V50/><F124/><W63/><G130/><T122/><D122/><U113/><E113/><V10/><F7/><W99/><G94/><T0/><D58/><U56/><E45/><V37/><F16/><W102/><G102/><T54/><D54/><U84/><E13/><V15/><F1/><W82/><G19/><T68/><D0/><U105/><E56/><V88/><F62/><W17/><G17/><T24/><D28/><U120/><E120/><V132/><F65/><W95/><G95/><T103/><D25/><U71/><E71/><N who="0" m="27177" /><D26/><U49/><E49/><V57/><REACH who="2" step="1"/><F46/><REACH who="2" ten="250,250,240,250" step="2"/><W100/><G27/><T97/><D24/><U129/><E129/><V112/><F112/><W114/><G114/><T59/><D59/><U90/><E116/><V133/><AGARI ba="0,1" hai="5,10,15,37,43,47,50,53,57,81,85,88,132,133" machi="133" ten="30,7900,0" yaku="1,1,0,1,52,1,54,1,53,0" doraHai="55" doraHaiUra="14" who="2" fromWho="2" sc="250,-39,250,-20,240,89,250,-20" /><INIT seed="1,0,0,3,0,50" ten="211,230,329,230" oya="1" hai0="25,133,77,18,1,20,113,126,94,83,66,8,96" hai1="11,122,105,54,9,119,35,16,102,99,125,17,7" hai2="107,26,101,52,44,111,93,129,134,109,82,57,56" hai3="75,67,47,118,12,97,24,34,100,130,74,69,0"/><U43/><E122/><V61/><F107/><W39/><G130/><T13/><D113/><U128/><E119/><V14/><F129/><W60/><G118/><T92/><D66/><U131/><E125/><V63/><F134/><W90/><G90/><T116/><D126/><U31/><E43/><V98/><F44/><W108/><G108/><N who="2" m="41545" /><F14/><W23/><G12/><T10/><D116/><U72/><E72/><V64/><F82/><W121/><G121/><T135/><D1/><U103/><E103/><V95/><F95/><W27/><G27/><AGARI ba="0,0" hai="26,27,52,56,57,61,63,64,93,98,101" m="41545" machi="27" ten="30,3900,0" yaku="14,1,52,1,54,1" doraHai="50" who="2" fromWho="3" sc="211,0,230,0,329,39,230,-39" /><INIT seed="2,0,0,0,1,34" ten="211,230,368,191" oya="2" hai0="116,89,36,17,112,117,75,53,60,61,100,24,126" hai1="45,79,51,2,10,32,91,134,71,120,9,76,109" hai2="64,85,4,42,92,30,41,11,129,83,40,55,127" hai3="0,6,96,87,107,29,78,58,119,128,81,39,62"/><V86/><F127/><W108/><G119/><T28/><D36/><U52/><E109/><V25/><F129/><W48/><G128/><T43/><D43/><U115/><E134/><V84/><F64/><W3/><G108/><T57/><D75/><U131/><E115/><V95/><F83/><W74/><G39/><T101/><D112/><U27/><E131/><V15/><REACH who="2" step="1"/><F55/><REACH who="2" ten="211,230,358,191" step="2"/><W65/><G6/><T98/><D126/><U26/><E120/><V59/><F59/><W63/><G29/><T104/><D117/><U12/><E71/><V50/><F50/><W124/><G124/><T121/><D116/><U133/><E133/><V37/><F37/><W102/><G48/><T56/><D121/><U66/><E66/><V18/><F18/><W114/><G114/><T38/><D38/><U16/><E91/><V68/><F68/><W5/><G5/><T70/><D70/><U67/><E67/><V47/><F47/><W13/><G63/><T93/><D104/><U22/><E32/><AGARI ba="0,1" hai="4,11,15,25,30,32,40,41,42,84,85,86,92,95" machi="32" ten="40,12000,1" yaku="1,1,53,3" doraHai="34" doraHaiUra="82" who="2" fromWho="1" sc="211,0,230,-120,358,130,191,0" /><INIT seed="2,1,0,4,0,35" ten="211,110,488,191" oya="2" hai0="50,19,55,26,69,66,68,119,108,110,86,96,62" hai1="109,130,4,29,13,84,124,91,103,49,1,92,5" hai2="129,32,7,133,128,2,57,102,58,18,48,37,28" hai3="20,17,16,116,79,9,122,15,94,65,72,98,54"/><V95/><F37/><W97/><G122/><T36/><D119/><U45/><E109/><V14/><F133/><W60/><G116/><T77/><D96/><U106/><E124/><V135/><F135/><W131/><G131/><N who="2" m="50249" /><F32/><W30/><G30/><T107/><D107/><U41/><E130/><V59/><F28/><W93/><G72/><T99/><D99/><U127/><E127/><V3/><F7/><W70/><G79/><T22/><D69/><U134/><E134/><V85/><F48/><W0/><G54/><T120/><D36/><U38/><E38/><V39/><F39/><W10/><G10/><T125/><D120/><U67/><E67/><V80/><F95/><W111/><G111/><N who="0" m="42539" /><D86/><U117/><E117/><V75/><F102/><W90/><G0/><N who="2" m="41" /><F75/><W87/><G93/><T115/><D125/><U118/><E118/><V6/><F6/><W61/><G61/><T11/><D11/><U112/><E112/><V24/><F24/><AGARI ba="1,0" hai="9,15,16,17,20,24,60,65,70,87,90,94,97,98" machi="24" ten="30,2000,0" yaku="7,1,54,1" doraHai="35" who="3" fromWho="2" sc="211,0,110,0,488,-23,191,23" /><INIT seed="3,0,0,0,5,75" ten="211,110,465,214" oya="3" hai0="107,130,123,42,19,87,112,9,63,61,124,26,120" hai1="17,79,113,77,90,97,76,95,101,43,22,57,35" hai2="122,88,70,73,39,102,86,59,131,110,62,89,85" hai3="117,6,23,21,44,82,33,10,106,37,56,34,55"/><W4/><G106/><T72/><D72/><U8/><E113/><V27/><F73/><W48/><G117/><T41/><D107/><U92/><E35/><V3/><F70/><W45/><G37/><T38/><D112/><U91/><E43/><V50/><F3/><W15/><G34/><T32/><D124/><U96/><E8/><V84/><F39/><W46/><G33/><T31/><D130/><U103/><REACH who="1" step="1"/><E57/><REACH who="1" ten="211,100,465,214" step="2"/><V133/><F59/><W47/><G6/><T11/><D38/><U52/><E52/><V36/><F131/><W20/><N who="3" m="11264" /><DORA hai="94" /><W78/><REACH who="3" step="1"/><G23/><REACH who="3" ten="211,100,465,204" step="2"/><N who="0" m="13695" /><D120/><U128/><E128/><V12/><F36/><W28/><G28/><T24/><D123/><U100/><E100/><V108/><F102/><W14/><G14/><AGARI ba="0,2" hai="14,17,22,76,77,79,90,91,92,95,96,97,101,103" machi="14" ten="40,16000,3" yaku="1,1,9,1,8,1,52,5,53,0" doraHai="75,94" doraHaiUra="132,0" who="1" fromWho="3" sc="211,0,100,180,465,0,204,-160" owari="211,-19.0,280,8.0,465,57.0,44,-46.0" /></mjloggm>