<mjloggm ver="2.3"><GO type="97" lobby="0"/><UN n0="%E3%81%AF%E3%82%93%E3%81%BE%30%30%30" n1="%E5%B0%B1%E6%B4%BB%E7%94%9F%40%E5%B7%9D%E6%9D%91%E8%BB%8D%E5%9B%A3" n2="%6E%65%6B%61%6D%61" n3="%E7%A5%9E%E8%8A%9D%E5%B1%85" dan="15,13,14,15" rate="1908.05,1896.69,1957.71,2025.15" sx="M,M,M,M"/><TAIKYOKU oya="0"/><INIT seed="0,0,0,1,0,5" ten="250,250,250,250" oya="0" hai0="90,134,46,56,116,77,119,74,115,93,38,42,69" hai1="18,130,59,61,36,50,105,30,108,52,87,17,20" hai2="72,97,75,55,3,21,124,99,120,57,114,54,65" hai3="102,123,10,125,8,88,22,71,86,113,29,37,111"/><T1/><D115/><U62/><E36/><V85/><F114/><W28/><G113/><T53/><D69/><U48/><E105/><V70/><F120/><W84/><G71/><T40/><D134/><U126/><E126/><V9/><F124/><W34/><G34/><T0/><D42/><U107/><E107/><V44/><F70/><W104/><G37/><T4/><D77/><U81/><E130/><V19/><F65/><W95/><G125/><T2/><D74/><U118/><E118/><V109/><F44/><W121/><G111/><T112/><D4/><U25/><E108/><V64/><F64/><W91/><G102/><T73/><D73/><U110/><E110/><V67/><F67/><W43/><G43/><T41/><D41/><U96/><E96/><V129/><F109/><W117/><G104/><T31/><D31/><N who="3" m="11849" /><G22/><T12/><D12/><U33/><E50/><V66/><F66/><W60/><G60/><N who="1" m="23146" /><E33/><V51/><F129/><W106/><G106/><T14/><D14/><U47/><E47/><V39/><F39/><W83/><G117/><T122/><D122/><AGARI ba="0,0" hai="8,10,83,84,86,88,91,95,121,122,123" m="11849" machi="122" ten="30,7700,0" yaku="13,1,52,2,54,1" doraHai="5" who="3" fromWho="0" sc="250,-77,250,0,250,0,250,77" /><INIT seed="1,0,0,2,3,115" ten="173,250,250,327" oya="1" hai0="55,2,93,121,73,19,118,91,61,112,129,100,35" hai1="90,101,125,12,27,106,26,50,69,32,133,43,75" hai2="14,54,64,18,86,45,25,0,88,126,51,77,114" hai3="95,42,13,123,82,104,22,56,66,29,7,97,130"/><U67/><E125/><V71/><F0/><W98/><G104/><T79/><D112/><U113/><E113/><V59/><F114/><W80/><G42/><T102/><D121/><U23/><E133/><V16/><F126/><W84/><G130/><T49/><D129/><U83/><E32/><V78/><F71/><W57/><G82/><T5/><D35/><U85/><E75/><V40/><F64/><W107/><G107/><T3/><D19/><U52/><E43/><V15/><F25/><N who="3" m="16567" /><G66/><T38/><D38/><U127/><E127/><V110/><F110/><W17/><G7/><T94/><D61/><U134/><E134/><V108/><F108/><W6/><G6/><T132/><D79/><U63/><E106/><V9/><F40/><W89/><G97/><T20/><D73/><U92/><E101/><V111/><F111/><W96/><G96/><T119/><D102/><U131/><E131/><V33/><F33/><W28/><G28/><T34/><D100/><U117/><E117/><V70/><F70/><W103/><G123/><T21/><D5/><U48/><E48/><V120/><F120/><W99/><G99/><T24/><D34/><U65/><E65/><V72/><F72/><W4/><G4/><T60/><D132/><U81/><E26/><V11/><F59/><W109/><G109/><T58/><D24/><U62/><E62/><V44/><F44/><W8/><AGARI ba="0,0" hai="8,13,17,56,57,80,84,89,95,98,103" m="16567" machi="8" ten="30,1100,0" yaku="8,1" doraHai="115" who="3" fromWho="3" sc="173,-3,250,-5,250,-3,327,11" /><INIT seed="2,0,0,3,0,47" ten="170,245,247,338" oya="2" hai0="38,31,11,8,61,88,91,60,93,42,34,110,17" hai1="0,103,125,2,78,99,64,55,114,24,43,72,84" hai2="71,7,82,105,66,10,21,96,95,101,40,28,39" hai3="118,37,14,135,123,52,90,5,25,97,50,111,75"/><V27/><F82/><W104/><G37/><T134/><D110/><U68/><E72/><V74/><F74/><W127/><G118/><T9/><D134/><U65/><E114/><V76/><F76/><W102/><G123/><T86/><D38/><U62/><E125/><V106/><F40/><W129/><G75/><T116/><D42/><U20/><E65/><V16/><F39/><W26/><G111/><T1/><D116/><U23/><E43/><V67/><F71/><W58/><G129/><T119/><D119/><U85/><E55/><V54/><F28/><W53/><G127/><T130/><D1/><U108/><E108/><V107/><REACH who="2" step="1"/><F54/><REACH who="2" ten="170,245,237,338" step="2"/><W46/><G53/><T73/><D130/><U44/><E78/><V49/><F49/><W133/><G52/><T120/><D73/><U59/><E68/><V13/><AGARI ba="0,1" hai="7,10,13,16,21,27,66,67,95,96,101,105,106,107" machi="13" ten="30,6000,0" yaku="1,1,0,1,54,1,53,0" doraHai="47" doraHaiUra="56" who="2" fromWho="2" sc="170,-20,245,-20,237,70,338,-20" /><INIT seed="2,1,0,4,4,101" ten="150,225,307,318" oya="2" hai0="128,107,111,84,26,55,36,47,109,131,89,67,27" hai1="73,24,50,3,64,33,5,65,53,71,42,97,94" hai2="29,45,123,125,31,56,68,90,44,126,135,77,93" hai3="134,115,8,6,116,15,120,70,25,121,39,46,103"/><V76/><F123/><W104/><G116/><T86/><D67/><U96/><E73/><V130/><F68/><W57/><G57/><T80/><D86/><U117/><E117/><V72/><F72/><W100/><G100/><T87/><D87/><U63/><E65/><V108/><F135/><W11/><G70/><T82/><D82/><U85/><E42/><V60/><F130/><N who="0" m="49706" /><D55/><U48/><E48/><V20/><F20/><W105/><G11/><T30/><D47/><N who="2" m="17994" /><F108/><N who="0" m="41546" /><D36/><U34/><E85/><V59/><F59/><W0/><G15/><T2/><D2/><U43/><E43/><V22/><F22/><W88/><G88/><T38/><D38/><U99/><E94/><V32/><F32/><W18/><G134/><T133/><D133/><U124/><E5/><V23/><F23/><W61/><G61/><T91/><D91/><U40/><E3/><V35/><F35/><W21/><G115/><T17/><D17/><U92/><E40/><V37/><F37/><W74/><G103/><T118/><D118/><U7/><E7/><V81/><F81/><W79/><G39/><T1/><D1/><U41/><E41/><V83/><F83/><N who="3" m="45559" /><G46/><T9/><D9/><U122/><E71/><V19/><F19/><W112/><G112/><T95/><D95/><U51/><E64/><N who="2" m="38919" /><F93/><W69/><G69/><T28/><D107/><N who="3" m="41033" /><G121/><T102/><D102/><U4/><E92/><V54/><F90/><W13/><G120/><T110/><N who="0" m="41554" /><T16/><DORA hai="14" /><D27/><U113/><E24/><V78/><F54/><W52/><G52/><T127/><D127/><AGARI ba="1,0" hai="29,31,76,77,78,125,126,127" m="38919,17994" machi="127" ten="30,1500,0" yaku="18,1" doraHai="101,14" who="2" fromWho="0" sc="150,-18,225,0,307,18,318,0" /><INIT seed="2,2,0,5,2,37" ten="132,225,325,318" oya="2" hai0="34,23,72,6,87,124,24,71,98,66,84,85,115" hai1="104,83,54,9,69,67,77,46,27,41,53,96,131" hai2="122,61,113,63,22,13,68,128,44,99,47,25,125" hai3="21,20,28,42,103,15,114,81,107,7,120,119,105"/><V48/><F122/><W64/><G119/><T50/><D115/><U95/><E131/><V32/><F113/><W110/><G120/><T130/><D130/><U18/><E104/><V39/><F128/><W100/><G110/><T60/><D34/><U56/><E69/><V121/><F121/><W89/><G105/><T17/><D124/><U55/><E67/><V35/><F125/><W19/><G107/><T2/><D72/><U79/><E83/><V4/><F39/><W123/><G123/><T117/><D117/><U8/><E56/><V91/><F44/><W75/><G75/><T129/><D129/><U90/><E9/><V38/><F38/><W29/><G64/><T76/><D76/><U127/><E127/><V108/><F108/><W94/><G7/><T101/><D50/><U10/><E10/><N who="2" m="4295" /><F35/><W74/><G74/><T65/><D65/><U88/><E90/><V106/><F32/><W86/><G114/><T70/><D70/><U126/><E126/><V1/><F1/><W58/><G58/><T102/><REACH who="0" step="1"/><D98/><REACH who="0" ten="122,225,325,318" step="2"/><U49/><REACH who="1" step="1"/><E27/><REACH who="1" ten="122,215,325,318" step="2"/><V14/><F68/><W62/><G62/><T109/><D109/><U45/><E45/><V112/><F25/><W31/><G29/><T33/><D33/><U11/><E11/><AGARI ba="2,2" hai="2,6,11,17,23,24,60,66,71,84,85,87,101,102" machi="11" ten="40,1300,0" yaku="1,1,53,0" doraHai="37" doraHaiUra="40" who="0" fromWho="1" sc="122,39,215,-19,325,0,318,0" /><INIT seed="3,0,0,3,1,113" ten="161,196,325,318" oya="3" hai0="128,83,18,61,68,92,67,29,54,94,9,40,95" hai1="71,89,87,122,1,25,135,4,84,32,126,24,91" hai2="57,21,127,99,108,104,36,45,66,31,77,38,19" hai3="41,93,30,46,12,43,60,35,109,50,26,120,115"/><W10/><G115/><T111/><D128/><U85/><E71/><V52/><F108/><W48/><G120/><T123/><D111/><U119/><E122/><V102/><F127/><W105/><G105/><T72/><D123/><U121/><E121/><V34/><F77/><W11/><G109/><T97/><D40/><U80/><E126/><V75/><F75/><W53/><G60/><T55/><D29/><U59/><E135/><V130/><F130/><W129/><G129/><T3/><D97/><U39/><E39/><V42/><F66/><W78/><G78/><T23/><D72/><U0/><E119/><V33/><F31/><W107/><G107/><T133/><D133/><U117/><E117/><V15/><F38/><W20/><G35/><T69/><D69/><U124/><E124/><V100/><F102/><W98/><G50/><AGARI ba="0,0" hai="15,19,21,33,34,36,42,45,50,52,57,99,100,104" machi="50" ten="30,2000,0" yaku="7,1,54,1" doraHai="113" who="2" fromWho="3" sc="161,0,196,0,325,20,318,-20" owari="161,-34.0,196,-20.0,345,44.0,298,10.0" /></mjloggm>