<mjloggm ver="2.3"><GO type="97" lobby="0"/><UN n0="%42%46%41" n1="%6A%6F%76%69%61%6E%39" n2="%52%52%6B%6B" n3="%E3%82%A6%E3%83%AB%E3%83%88%E3%83%A9%E7%AB%8B%E7%9B%B4" dan="13,13,13,13" rate="1910.09,1862.42,1913.91,1835.70" sx="M,M,M,M"/><TAIKYOKU oya="0"/><INIT seed="0,0,0,1,4,57" ten="250,250,250,250" oya="0" hai0="84,61,127,3,132,14,48,83,131,116,100,12,118" hai1="119,62,87,134,64,18,28,82,74,124,81,71,135" hai2="110,33,130,7,96,53,35,1,73,89,0,4,106" hai3="27,31,95,34,97,17,85,69,76,23,38,112,24"/><T113/><D3/><U30/><E119/><V88/><F73/><W125/><G38/><T133/><D100/><U45/><E74/><V52/><F106/><W99/><G112/><T78/><D113/><U25/><E124/><V9/><F96/><W56/><G69/><T21/><D48/><U36/><E82/><V107/><F107/><W40/><G125/><T86/><D127/><U75/><E75/><V103/><F103/><W101/><G40/><T55/><D86/><U43/><E18/><V58/><F9/><W105/><G56/><T122/><D122/><U128/><E128/><V80/><F80/><W32/><G85/><T11/><D21/><U94/><E94/><V114/><F114/><W16/><G76/><T6/><D14/><U121/><E121/><V46/><F58/><W59/><G59/><T79/><D79/><U19/><E19/><V126/><F126/><W90/><G17/><T5/><D5/><U108/><E108/><V109/><F46/><W65/><G65/><T77/><D77/><U49/><E49/><V123/><F123/><W120/><REACH who="3" step="1"/><G120/><REACH who="3" ten="250,250,250,240" step="2"/><T2/><D131/><AGARI ba="0,1" hai="0,1,4,7,33,35,52,53,88,89,109,110,130,131" machi="131" ten="25,6400,0" yaku="22,2,54,2" doraHai="57" who="2" fromWho="0" sc="250,-64,250,0,250,74,240,0" /><INIT seed="1,0,0,2,1,17" ten="186,250,324,240" oya="1" hai0="110,106,81,96,22,15,50,18,73,51,80,83,88" hai1="12,21,54,98,114,93,129,126,49,97,67,105,29" hai2="123,45,1,56,84,85,102,66,46,75,55,26,2" hai3="13,79,131,111,61,5,47,53,103,72,91,108,40"/><U76/><E114/><V48/><F123/><W112/><G112/><T7/><D110/><N who="3" m="42025" /><G103/><T3/><D3/><U9/><E129/><V6/><F75/><W19/><G131/><T89/><D7/><U43/><E76/><V33/><F1/><W42/><G5/><T113/><D113/><U30/><E105/><V74/><F74/><W78/><G91/><T87/><D73/><U127/><E67/><V116/><F116/><W128/><G128/><T41/><D41/><N who="3" m="15977" /><G72/><T36/><D36/><U134/><E43/><V99/><F2/><W59/><G47/><T107/><D107/><U27/><E30/><V23/><F33/><W135/><G135/><T20/><D106/><U28/><E28/><N who="2" m="17503" /><F6/><W38/><G38/><T69/><D69/><U11/><E134/><V94/><F66/><W4/><G4/><T35/><D35/><U70/><E70/><V39/><F39/><W34/><G34/><T25/><D96/><U60/><E98/><V57/><F45/><W71/><G71/><T122/><D122/><U130/><E130/><V8/><F8/><AGARI ba="0,0" hai="8,13,19,53,59,61,78,79" m="15977,42025" machi="8" ten="30,1000,0" yaku="14,1" doraHai="17" who="3" fromWho="2" sc="186,0,250,0,324,-10,240,10" /><INIT seed="2,0,0,1,4,115" ten="186,250,314,250" oya="2" hai0="108,107,40,65,33,126,106,116,112,113,45,62,42" hai1="6,90,91,30,15,31,14,25,105,22,27,54,78" hai2="121,19,4,111,97,0,9,131,127,36,84,74,79" hai3="64,101,132,129,119,7,83,28,43,47,53,133,125"/><V59/><F121/><W48/><G125/><T104/><D42/><U1/><E105/><V98/><F36/><W110/><G110/><T70/><D108/><U50/><E78/><V18/><F111/><W49/><G129/><T32/><D126/><U92/><E90/><V86/><F127/><W102/><G64/><T117/><D113/><U134/><E134/><N who="3" m="51818" /><G28/><T72/><D72/><U68/><E68/><V51/><F74/><W5/><G83/><T99/><D99/><U41/><E41/><V120/><F120/><W55/><G119/><N who="0" m="45643" /><D112/><U85/><E1/><V24/><F131/><W12/><G43/><T114/><D114/><U35/><REACH who="1" step="1"/><E6/><REACH who="1" ten="186,240,314,250" step="2"/><V3/><F3/><W39/><G7/><T76/><D76/><U69/><E69/><V20/><F79/><W63/><G5/><T82/><D82/><U26/><E26/><V80/><F0/><W118/><G12/><T109/><D109/><U56/><AGARI ba="0,1" hai="14,15,22,25,27,30,31,35,50,54,56,85,91,92" machi="56" ten="20,2700,0" yaku="1,1,0,1,7,1,53,0" doraHai="115" doraHaiUra="67" who="1" fromWho="1" sc="186,-7,240,37,314,-13,250,-7" /><INIT seed="3,0,0,2,5,43" ten="179,277,301,243" oya="3" hai0="123,10,2,114,23,39,3,41,38,128,77,109,82" hai1="85,24,19,89,1,31,66,14,33,106,111,127,107" hai2="20,130,16,8,97,100,94,15,129,132,105,79,120" hai3="27,56,17,53,90,21,113,55,50,87,5,92,54"/><W36/><G36/><N who="0" m="13867" /><D123/><U12/><E111/><V64/><F132/><W60/><G113/><T48/><D23/><U101/><E1/><V124/><F124/><W83/><G5/><N who="0" m="1335" /><D3/><U0/><E127/><V13/><F120/><W71/><G71/><T30/><D30/><U42/><E0/><V84/><F64/><W75/><G75/><N who="0" m="43327" /><D48/><U65/><E42/><V95/><F84/><W44/><G83/><T118/><D114/><U46/><E14/><N who="2" m="9239" /><F79/><W37/><G37/><T73/><D109/><U69/><E69/><V67/><F67/><AGARI ba="0,0" hai="17,21,27,44,50,53,54,55,56,60,67,87,90,92" machi="67" ten="30,5800,0" yaku="7,1,8,1,52,1" doraHai="43" who="3" fromWho="2" sc="179,0,277,0,301,-58,243,58" owari="179,-32.0,277,8.0,243,-16.0,301,40.0" /></mjloggm>