<mjloggm ver="2.3"><GO type="97" lobby="0"/><UN n0="%73%75%6D%32%32%35%35" n1="%E3%83%9F%E3%82%BF%E3%83%A2%E3%83%B3" n2="%E7%99%BD%E7%81%AB" n3="%E3%82%A6%E3%83%AB%E3%83%88%E3%83%A9%E7%AB%8B%E7%9B%B4" dan="13,14,15,14" rate="1873.15,1938.25,1987.98,1938.60" sx="M,M,M,M"/><TAIKYOKU oya="0"/><INIT seed="0,0,0,5,3,71" ten="250,250,250,250" oya="0" hai0="120,8,42,85,20,89,9,12,80,41,46,86,53" hai1="115,44,76,82,93,132,114,87,78,31,37,83,3" hai2="122,77,107,30,27,18,52,102,84,70,79,34,62" hai3="97,48,104,59,64,40,21,23,29,38,92,96,60"/><T73/><D73/><U11/><E31/><V61/><F122/><W69/><G104/><T130/><D120/><U113/><E132/><V39/><F18/><W35/><G35/><T14/><D130/><U24/><E24/><V16/><F39/><W134/><G134/><T19/><D20/><U119/><E119/><V47/><F16/><W101/><G29/><T22/><D22/><U63/><E11/><V17/><F17/><W133/><G133/><T116/><D116/><U98/><E3/><V118/><F84/><W32/><G32/><T57/><D86/><U131/><E131/><V109/><F109/><W126/><G126/><T55/><D46/><U0/><E0/><V90/><F90/><W6/><G6/><T4/><D55/><U33/><E63/><AGARI ba="0,0" hai="4,8,9,12,14,19,41,42,53,57,63,80,85,89" machi="63" ten="30,2900,0" yaku="7,1,8,1" doraHai="71" who="0" fromWho="1" sc="250,29,250,-29,250,0,250,0" /><INIT seed="0,1,0,0,4,3" ten="279,221,250,250" oya="0" hai0="53,115,95,81,78,9,46,97,68,89,4,57,8" hai1="31,10,5,44,90,84,91,20,120,114,49,32,74" hai2="24,47,122,13,1,12,87,111,16,35,71,19,22" hai3="11,110,0,76,80,103,100,88,94,72,75,128,132"/><T96/><D68/><U108/><E120/><V63/><F111/><W56/><G0/><T21/><D115/><U34/><E108/><V39/><F122/><W28/><G110/><T7/><D46/><U105/><E105/><V33/><F1/><W101/><G28/><T119/><D119/><U117/><E117/><V126/><F126/><W30/><G30/><T104/><D21/><U99/><E74/><N who="3" m="28202" /><G11/><N who="0" m="4171" /><D104/><U112/><E34/><V54/><F87/><N who="3" m="48519" /><G56/><T82/><D97/><U66/><E66/><V79/><F35/><W102/><G128/><T6/><D78/><U50/><E32/><V106/><F33/><W86/><G132/><T61/><AGARI ba="1,0" hai="4,6,7,53,57,61,81,82,89,95,96" m="4171" machi="61" ten="30,11700,0" yaku="8,1,52,3" doraHai="3" who="0" fromWho="0" sc="279,120,221,-40,250,-40,250,-40" /><INIT seed="0,2,0,5,1,2" ten="399,181,210,210" oya="0" hai0="37,108,128,18,50,43,28,36,23,1,19,25,31" hai1="39,88,14,61,100,20,104,125,95,16,26,97,118" hai2="35,113,11,84,58,127,55,71,59,22,66,21,63" hai3="13,132,5,60,78,92,131,0,130,115,126,90,7"/><T123/><D123/><U48/><E118/><V99/><F127/><W54/><G0/><T81/><D128/><N who="3" m="49193" /><G115/><T46/><D108/><U112/><E125/><V52/><F35/><W27/><G126/><T64/><D64/><U94/><E112/><V3/><F99/><N who="3" m="57751" /><G132/><T89/><D1/><U29/><E39/><V47/><F84/><W73/><G13/><T85/><D37/><U40/><E61/><V135/><F135/><W9/><G9/><T106/><D106/><U72/><E72/><V114/><F11/><W83/><G27/><T86/><D36/><U57/><E95/><V67/><F3/><W134/><G134/><T109/><D109/><U74/><E74/><V105/><F105/><W32/><G32/><T45/><D45/><U91/><E104/><V116/><F47/><W53/><G60/><T41/><D41/><U34/><REACH who="1" step="1"/><E57/><REACH who="1" ten="399,171,210,210" step="2"/><V8/><F116/><W56/><G56/><T68/><D68/><U103/><E103/><V124/><F71/><W70/><G70/><T79/><D31/><U122/><E122/><V24/><F124/><W4/><AGARI ba="2,1" hai="4,5,7,53,54,73,78,83" m="57751,49193" machi="4" ten="30,7900,0" yaku="19,1,52,3" doraHai="2" who="3" fromWho="3" sc="399,-41,171,-22,210,-22,210,95" /><INIT seed="1,0,0,0,1,98" ten="358,149,188,305" oya="1" hai0="122,130,49,73,40,88,19,65,128,60,43,6,4" hai1="77,127,10,79,76,50,26,101,25,13,123,1,99" hai2="55,84,16,114,3,104,102,36,56,115,87,39,29" hai3="95,28,120,117,96,44,126,82,54,67,92,129,23"/><U111/><E123/><V83/><F3/><W89/><G120/><T47/><D73/><U107/><E127/><V46/><F29/><W38/><G126/><T105/><D122/><U0/><E111/><V94/><F104/><W21/><G117/><T97/><D40/><U14/><E50/><V72/><F72/><W78/><G129/><N who="0" m="49771" /><D19/><U91/><E91/><V90/><F46/><W12/><G67/><T68/><D105/><U45/><E45/><V93/><F16/><W62/><G28/><T85/><D97/><U34/><E34/><V58/><F102/><W103/><G12/><T80/><AGARI ba="0,0" hai="4,6,43,47,49,60,65,68,80,85,88" m="49771" machi="80" ten="30,2000,0" yaku="19,1,54,1" doraHai="98" who="0" fromWho="0" sc="358,20,149,-10,188,-5,305,-5" /><INIT seed="2,0,0,3,1,97" ten="378,139,183,300" oya="2" hai0="15,124,76,94,116,18,33,58,87,88,90,50,30" hai1="26,55,74,27,133,29,38,67,2,126,17,24,101" hai2="68,59,110,117,28,127,98,86,83,78,106,20,81" hai3="60,47,135,134,102,64,132,35,109,61,125,73,25"/><V122/><F117/><W44/><G73/><T108/><D116/><U40/><E74/><V22/><F122/><W99/><G125/><T89/><D124/><U57/><E126/><V130/><F68/><N who="3" m="41991" /><G61/><T11/><D108/><U114/><E2/><V72/><F127/><W70/><G70/><T21/><D33/><U123/><E114/><V85/><F110/><W43/><G43/><T32/><D32/><U14/><E123/><V80/><F59/><W54/><G54/><N who="0" m="32087" /><D76/><U31/><E133/><V82/><F28/><N who="3" m="19855" /><G109/><T6/><D30/><U45/><E67/><V111/><F111/><W105/><AGARI ba="0,0" hai="44,47,99,102,105,132,134,135" m="19855,41991" machi="105" ten="30,4000,0" yaku="25,1,20,1,52,1" doraHai="97" who="3" fromWho="3" sc="378,-10,139,-10,183,-20,300,40" /><INIT seed="3,0,0,2,3,90" ten="368,129,163,340" oya="3" hai0="72,115,102,118,32,99,81,14,36,78,34,70,111" hai1="4,9,107,84,96,57,86,104,97,10,46,66,73" hai2="85,117,82,8,37,116,105,40,26,131,41,88,79" hai3="1,52,35,64,31,63,123,6,42,19,121,44,18"/><W75/><G19/><T109/><D14/><U69/><E73/><V51/><F105/><W89/><G75/><T50/><D50/><U122/><E122/><V54/><F26/><W22/><G31/><T53/><D53/><U30/><E69/><V128/><F8/><W65/><G35/><N who="0" m="13355" /><D118/><U103/><E30/><V83/><F37/><W33/><G33/><T67/><D115/><U112/><E112/><V130/><F116/><W11/><G89/><T77/><D77/><U49/><E66/><V27/><F27/><W45/><G65/><T68/><D36/><U39/><E39/><V55/><F117/><W133/><G133/><T3/><D3/><U95/><E57/><N who="2" m="32991" /><F55/><W61/><G42/><T119/><D119/><U56/><E56/><V106/><F106/><W129/><G129/><T28/><D28/><U98/><E98/><V13/><F13/><W5/><G5/><T2/><D2/><U0/><E96/><V21/><F21/><W114/><G114/><T124/><D124/><U108/><E108/><N who="0" m="41545" /><D67/><U127/><E127/><V7/><F7/><W20/><G20/><T17/><D17/><U126/><E126/><V23/><F23/><W110/><G110/><T58/><D58/><U91/><E84/><AGARI ba="0,0" hai="40,41,79,82,83,84,85,88,128,130,131" m="32991" machi="84" ten="30,2000,0" yaku="19,1,54,1" doraHai="90" who="2" fromWho="1" sc="368,0,129,-20,163,20,340,0" owari="368,47.0,109,-39.0,183,-22.0,340,14.0" /></mjloggm>