<mjloggm ver="2.3"><GO type="169" lobby="0"/><UN n0="%E3%82%A6%E3%83%AB%E3%83%88%E3%83%A9%E7%AB%8B%E7%9B%B4" n1="%6B%65%69%6B%69" n2="%E3%80%90%E3%81%A1%E3%82%85%E3%81%AE%E3%81%A0%E3%80%91" n3="%E7%8A%AC%E4%BE%8D" dan="17,17,17,16" rate="2192.95,2118.13,2142.85,2147.40" sx="M,M,M,M"/><TAIKYOKU oya="0"/><INIT seed="0,0,0,4,5,40" ten="250,250,250,250" oya="0" hai0="64,17,132,60,65,56,96,131,57,91,79,115,76" hai1="43,83,42,128,99,118,24,78,70,51,55,107,23" hai2="100,75,27,62,119,95,125,108,54,19,97,37,94" hai3="38,112,117,72,122,2,22,3,20,1,110,44,101"/><T98/><D131/><U71/><E128/><V129/><F75/><W6/><G112/><T59/><D132/><U58/><E118/><V106/><F129/><W130/><G130/><T33/><D33/><U11/><E70/><V103/><F37/><W93/><G117/><T5/><D5/><U84/><E71/><V126/><F119/><W67/><G67/><N who="0" m="25675" /><D115/><U14/><E107/><V80/><F80/><W133/><G133/><T12/><D60/><U109/><E109/><V13/><F27/><W82/><G110/><T25/><D25/><U9/><E99/><N who="0" m="37929" /><D91/><U63/><E63/><V41/><F103/><W47/><G38/><T39/><D39/><U29/><REACH who="1" step="1"/><E9/><AGARI ba="0,0" hai="9,12,17,56,57,59,76,79" m="37929,25675" machi="9" ten="30,1500,0" yaku="8,1" doraHai="40" who="0" fromWho="1" sc="250,15,250,-15,250,0,250,0" /><INIT seed="0,1,0,1,2,44" ten="265,235,250,250" oya="0" hai0="1,31,97,57,120,99,15,93,17,2,46,77,135" hai1="119,88,49,27,71,55,22,56,98,68,61,96,38" hai2="64,67,23,30,117,133,6,101,4,5,130,8,50" hai3="92,3,0,41,19,70,94,40,108,90,32,76,95"/><T47/><D120/><U83/><E119/><V104/><F117/><W63/><G108/><T121/><D121/><U59/><E38/><V122/><F122/><W116/><G116/><T16/><D31/><U25/><E68/><V13/><F130/><W111/><G111/><T72/><D77/><U80/><E71/><V128/><F128/><W69/><G76/><T103/><D72/><U112/><E112/><V28/><F133/><W82/><G69/><T62/><D135/><U7/><E7/><N who="2" m="3231" /><F101/><W78/><G90/><T132/><D132/><U131/><E131/><V10/><F10/><W81/><G32/><T26/><D26/><U45/><E25/><N who="2" m="16447" /><F104/><W20/><G3/><T51/><D99/><U43/><E59/><V66/><F30/><W39/><G0/><T73/><D73/><U52/><E43/><V114/><F114/><W48/><G39/><T65/><D46/><U9/><E9/><V105/><F105/><W37/><G37/><T124/><D124/><U53/><E53/><V84/><F84/><W110/><G110/><T34/><D34/><U107/><E107/><V91/><F91/><W100/><G100/><T109/><D109/><U118/><E118/><V74/><F74/><W36/><G36/><T106/><D106/><U89/><E89/><V60/><F60/><W54/><G63/><T12/><D2/><U11/><E11/><V18/><F18/><N who="0" m="7274" /><D1/><U87/><E83/><N who="3" m="31754" /><G70/><T134/><D134/><U86/><E86/><V33/><F33/><W115/><G115/><T75/><D75/><U14/><E14/><V29/><F29/><AGARI ba="1,0" hai="22,27,29,45,49,52,55,56,61,80,87,88,96,98" machi="29" ten="30,8000,1" yaku="7,1,8,1,52,1,54,2" doraHai="44" who="1" fromWho="2" sc="265,0,235,83,250,-83,250,0" /><INIT seed="1,0,0,2,3,132" ten="265,318,167,250" oya="1" hai0="55,95,28,24,81,79,39,67,111,49,61,109,113" hai1="27,107,59,72,82,100,62,134,98,38,96,58,43" hai2="45,41,34,91,8,10,17,7,99,108,32,21,11" hai3="1,35,89,26,9,30,3,130,44,52,16,66,75"/><U85/><E134/><V48/><F108/><W57/><G75/><T127/><D39/><U14/><E72/><V50/><F7/><W71/><G130/><T22/><D113/><U2/><E2/><V37/><F37/><W112/><G112/><T74/><D95/><U93/><E27/><V133/><F133/><W78/><G78/><T42/><D42/><U54/><E14/><V102/><F91/><W122/><G122/><T101/><D101/><U114/><E114/><V73/><F73/><W97/><G44/><T20/><D20/><U128/><E128/><V119/><F50/><W64/><G71/><T12/><D12/><U87/><E82/><V105/><REACH who="2" step="1"/><F119/><REACH who="2" ten="265,318,157,250" step="2"/><W84/><G3/><T56/><D111/><U125/><E38/><V88/><F88/><W23/><G97/><T40/><D109/><U104/><E96/><V80/><F80/><W83/><G1/><T65/><D49/><U86/><E43/><V115/><F115/><W33/><G33/><T131/><D40/><U76/><E76/><V121/><F121/><W90/><G90/><T36/><D36/><U118/><E118/><V70/><F70/><W106/><G35/><T103/><D131/><U135/><E135/><V129/><F129/><W63/><G89/><T15/><D79/><U120/><E120/><V0/><F0/><W18/><G83/><T94/><D81/><U124/><REACH who="1" step="1"/><E59/><REACH who="1" ten="265,308,157,250" step="2"/><V4/><F4/><W110/><G110/><T116/><D74/><U51/><E51/><V47/><F47/><W5/><G57/><T6/><D56/><U31/><E31/><V29/><F29/><RYUUKYOKU ba="0,2" sc="265,-15,308,15,157,15,250,-15" hai1="54,58,62,85,86,87,93,98,100,104,107,124,125" hai2="8,10,11,17,21,32,34,41,45,48,99,102,105" /><INIT seed="1,1,2,5,5,49" ten="250,323,172,235" oya="1" hai0="14,24,30,7,61,43,9,130,92,74,34,5,35" hai1="42,65,94,66,90,39,36,98,79,67,69,60,40" hai2="95,120,103,44,31,82,28,26,62,86,29,27,48" hai3="45,51,71,119,89,134,83,18,32,59,10,33,68"/><U1/><E1/><V129/><F120/><W85/><G134/><T118/><D74/><U127/><E127/><V73/><F73/><W12/><G119/><T81/><D118/><U16/><E79/><V70/><F70/><W84/><G59/><T101/><D130/><U108/><E108/><V11/><F62/><W20/><G71/><T113/><D113/><U52/><E69/><V4/><F129/><W76/><G68/><T47/><D81/><U96/><E36/><V72/><F72/><W75/><G75/><T109/><D109/><U131/><E39/><V106/><F106/><W111/><G111/><T56/><D35/><U22/><E98/><N who="2" m="59871" /><F11/><W50/><G50/><T124/><D124/><U55/><E131/><V91/><F4/><W25/><G85/><T132/><D132/><U135/><E135/><V114/><F114/><W117/><G117/><T58/><D7/><U8/><E8/><V125/><F125/><W104/><G104/><T126/><D126/><U88/><E90/><V37/><F37/><W128/><G128/><T123/><D123/><U15/><REACH who="1" step="1"/><E60/><REACH who="1" ten="250,313,172,235" step="2"/><V0/><F0/><W80/><G76/><T99/><D61/><U6/><E6/><V77/><F77/><W97/><G97/><T64/><D99/><U2/><E2/><V87/><F86/><W46/><G84/><T93/><D9/><U78/><E78/><V63/><F63/><W53/><G89/><T107/><D5/><U133/><E133/><V41/><AGARI ba="1,3" hai="26,27,28,29,31,41,44,48,82,87,91" m="59871" machi="41" ten="30,1100,0" yaku="8,1" doraHai="49" who="2" fromWho="2" sc="250,-4,313,-6,172,44,235,-4" /><INIT seed="2,0,0,1,3,108" ten="246,307,216,231" oya="2" hai0="17,102,132,110,3,15,54,118,44,95,126,64,1" hai1="46,10,90,21,42,24,31,25,114,9,2,116,68" hai2="11,120,14,12,66,18,112,111,37,86,80,98,60" hai3="30,82,61,84,113,73,101,97,67,50,123,74,53"/><V96/><F120/><W8/><G123/><T16/><D110/><U69/><E116/><V89/><F37/><W128/><G128/><T33/><D33/><U129/><E129/><V51/><F111/><W105/><G8/><T40/><D118/><U83/><E9/><V13/><F112/><W135/><G135/><T29/><D29/><U4/><E114/><V121/><F121/><W23/><G113/><T57/><D132/><U115/><E115/><V49/><F13/><W45/><G23/><T48/><D126/><U55/><E55/><V43/><F14/><W34/><G30/><T85/><D64/><U6/><E6/><V47/><REACH who="2" step="1"/><F51/><REACH who="2" ten="246,307,206,231" step="2"/><W106/><G50/><T26/><D3/><U79/><E24/><V94/><F94/><W0/><G106/><T88/><D1/><U92/><E92/><V125/><F125/><W22/><G0/><T75/><D26/><U100/><E100/><V130/><F130/><W28/><G101/><T109/><D109/><U77/><E90/><V27/><F27/><W63/><G105/><T19/><D102/><U93/><E93/><V117/><F117/><W5/><G82/><T78/><D78/><U39/><REACH who="1" step="1"/><E77/><REACH who="1" ten="246,297,206,231" step="2"/><V104/><F104/><W72/><G28/><T134/><D134/><U58/><E58/><AGARI ba="0,2" hai="11,12,18,43,47,49,58,60,66,80,86,89,96,98" machi="58" ten="30,11600,0" yaku="1,1,7,1,8,1,53,1" doraHai="108" doraHaiUra="38" who="2" fromWho="1" sc="246,0,297,-116,206,136,231,0" /><INIT seed="2,1,0,3,0,13" ten="246,181,342,231" oya="2" hai0="30,36,118,68,133,111,41,97,23,66,89,126,103" hai1="123,29,64,135,37,92,8,121,109,31,85,81,127" hai2="71,19,130,113,122,73,42,14,80,52,99,105,44" hai3="32,21,120,48,100,88,98,43,116,47,60,28,96"/><V39/><F113/><W84/><G116/><T51/><D36/><U50/><E37/><V94/><F105/><W67/><G120/><T107/><D66/><U2/><E64/><V70/><F122/><W59/><G32/><T53/><D68/><U6/><E127/><V108/><F130/><W114/><G114/><T79/><D41/><U124/><E124/><V58/><F108/><W112/><G100/><T56/><D111/><U61/><E109/><V104/><F104/><W119/><G112/><T4/><D126/><U16/><E135/><V65/><F65/><W86/><G86/><T83/><D133/><U69/><E69/><V74/><F74/><W22/><G119/><T7/><D118/><U38/><E38/><V125/><F125/><W110/><G110/><T101/><D101/><U33/><E61/><V45/><F45/><W11/><G11/><T78/><D78/><U82/><E92/><V62/><F80/><W102/><G102/><T63/><D63/><U1/><E1/><V17/><F73/><W3/><G3/><T26/><D89/><U55/><E82/><V20/><F19/><W10/><G10/><T76/><D76/><U91/><E121/><V25/><F14/><W5/><G5/><T18/><REACH who="0" step="1"/><D30/><REACH who="0" ten="236,181,342,231" step="2"/><U117/><E123/><V34/><F70/><W46/><G28/><N who="1" m="10826" /><E117/><V106/><F71/><W87/><G67/><T77/><D77/><U27/><E33/><V57/><F34/><W15/><G88/><T95/><D95/><U132/><E132/><V35/><F35/><W134/><G43/><T40/><D40/><U93/><E93/><RYUUKYOKU ba="1,1" sc="236,30,181,-10,342,-10,231,-10" hai0="4,7,18,23,26,51,53,56,79,83,97,103,107" /><INIT seed="3,2,1,1,3,10" ten="266,171,332,221" oya="3" hai0="82,35,121,33,116,77,111,75,108,94,115,134,66" hai1="53,49,37,11,87,3,9,45,119,84,125,120,106" hai2="71,56,86,41,52,4,7,103,89,65,16,31,54" hai3="61,63,34,42,36,69,0,83,43,1,104,112,18"/><W79/><G112/><T44/><D121/><U62/><E106/><V93/><F71/><W57/><G104/><T30/><D116/><U85/><E120/><V97/><F31/><W68/><G34/><T13/><D115/><U12/><E119/><V5/><F41/><W23/><G0/><T91/><D134/><U48/><E125/><V32/><F32/><W131/><G1/><T17/><D66/><U117/><E117/><V72/><F72/><W109/><G131/><T78/><D78/><U105/><E105/><V95/><F16/><W47/><G43/><T92/><D44/><U127/><E127/><V60/><AGARI ba="2,1" hai="4,5,7,52,54,56,60,65,86,89,93,95,97,103" machi="60" ten="30,4000,0" yaku="0,1,8,1,54,1" doraHai="10" who="2" fromWho="2" sc="266,-12,171,-12,332,56,221,-22" /><INIT seed="4,0,0,5,1,7" ten="254,159,388,199" oya="0" hai0="59,42,29,122,112,50,90,33,97,73,106,61,36" hai1="65,54,49,22,51,132,130,60,68,119,32,53,116" hai2="102,16,30,129,23,67,128,15,2,45,89,76,35" hai3="125,27,71,70,28,98,17,41,115,1,95,38,118"/><T34/><D73/><U58/><E32/><V55/><F2/><W87/><G118/><T99/><D122/><U81/><E81/><V72/><F102/><W26/><G115/><T88/><D36/><U75/><E75/><V131/><F67/><W9/><G125/><T126/><D126/><U44/><E22/><V12/><F35/><W31/><G87/><T92/><D112/><U105/><E105/><V10/><F89/><W13/><G1/><T56/><D29/><U0/><E0/><V80/><F30/><W84/><G84/><T103/><D90/><U104/><E104/><V46/><F55/><W127/><G127/><T64/><REACH who="0" step="1"/><D59/><REACH who="0" ten="244,159,388,199" step="2"/><U6/><E6/><AGARI ba="0,1" hai="6,10,12,15,16,23,45,46,72,76,80,128,129,131" machi="6" ten="40,5200,0" yaku="19,1,52,1,54,1" doraHai="7" who="2" fromWho="1" sc="244,0,159,-52,388,62,199,0" /><INIT seed="5,0,0,2,4,62" ten="244,107,450,199" oya="1" hai0="37,106,101,125,52,109,102,98,91,94,118,12,68" hai1="114,51,123,112,135,11,53,25,22,93,31,5,61" hai2="82,45,56,7,77,95,43,119,67,60,84,24,127" hai3="132,26,100,19,29,49,107,74,15,59,2,47,33"/><U23/><E123/><V14/><F119/><W4/><G74/><T133/><D37/><U75/><E75/><V16/><F127/><W113/><G113/><T0/><D0/><U90/><E135/><V79/><F95/><W89/><G132/><T39/><D39/><U21/><E112/><V76/><F24/><W57/><G89/><T111/><D68/><U46/><E114/><V69/><F7/><W110/><G110/><T105/><D133/><U86/><REACH who="1" step="1"/><E61/><REACH who="1" ten="244,97,450,199" step="2"/><V10/><F69/><W130/><G130/><T71/><D111/><U131/><E131/><V66/><F66/><W63/><G63/><T128/><D109/><U20/><E20/><V85/><F60/><W126/><G126/><T70/><D125/><U3/><AGARI ba="0,1" hai="3,5,11,21,22,23,25,31,46,51,53,86,90,93" machi="3" ten="20,7800,0" yaku="1,1,0,1,7,1,53,1" doraHai="62" doraHaiUra="6" who="1" fromWho="1" sc="244,-26,97,88,450,-26,199,-26" /><INIT seed="5,1,0,2,2,28" ten="218,185,424,173" oya="1" hai0="18,2,128,133,81,38,3,47,69,9,27,6,48" hai1="30,20,32,82,42,44,125,129,43,22,102,64,126" hai2="107,86,37,5,53,127,92,120,134,40,95,80,109" hai3="61,75,85,132,124,93,89,122,94,96,112,103,23"/><U24/><E129/><V50/><F107/><W15/><G122/><T10/><D69/><U70/><E102/><V29/><F120/><W121/><G121/><T1/><D38/><U106/><E106/><V16/><F5/><W73/><G112/><T97/><D128/><U77/><E70/><V115/><F29/><W57/><G124/><N who="1" m="47722" /><E64/><V119/><F119/><W67/><G132/><T60/><D133/><U123/><E123/><V7/><F7/><W100/><G100/><T116/><D116/><U78/><E43/><V98/><F40/><W25/><REACH who="3" step="1"/><G15/><REACH who="3" ten="218,185,424,163" step="2"/><T17/><D2/><U0/><E0/><V63/><F134/><W88/><G88/><T46/><D1/><U114/><E114/><V59/><F115/><W65/><G65/><T49/><D3/><U26/><E26/><V79/><F127/><W58/><G58/><T99/><D27/><U74/><E78/><V68/><F79/><W8/><G8/><T52/><D10/><U105/><E105/><V39/><F68/><W130/><G130/><T31/><D9/><U113/><E113/><V104/><F104/><W110/><G110/><T4/><D47/><U111/><E111/><V13/><F59/><W45/><G45/><T90/><D46/><U108/><E108/><V71/><F71/><W21/><G21/><T62/><D90/><U41/><E41/><V72/><F109/><W36/><G36/><AGARI ba="1,1" hai="20,22,24,30,32,36,42,44,74,77,82" m="47722" machi="36" ten="30,2900,0" yaku="18,1,52,1" doraHai="28" who="1" fromWho="3" sc="218,0,185,42,424,0,163,-32" /><INIT seed="5,2,0,0,3,15" ten="218,227,424,131" oya="1" hai0="18,21,102,31,10,14,4,11,114,37,63,103,125" hai1="91,112,57,53,40,123,93,33,34,49,111,108,99" hai2="3,55,107,60,46,58,109,81,98,106,70,96,115" hai3="97,104,85,56,7,80,82,95,44,13,6,50,100"/><U61/><E123/><V134/><F3/><W45/><G104/><T77/><D37/><U110/><E112/><V23/><F109/><W72/><G72/><T79/><D114/><U8/><E40/><V90/><F134/><W75/><G75/><T36/><D36/><U89/><E89/><V69/><F115/><W73/><G73/><T71/><D125/><U127/><E127/><V29/><F46/><W39/><G39/><T32/><D11/><U9/><E9/><V83/><F29/><W19/><G56/><T87/><D63/><U117/><E117/><V128/><F23/><W120/><G120/><T76/><D71/><U0/><E61/><V59/><F60/><W17/><G45/><T94/><D87/><U66/><E66/><V2/><F2/><W68/><G68/><T92/><D103/><U5/><AGARI ba="2,0" hai="0,5,8,33,34,49,53,57,91,93,99,108,110,111" machi="5" ten="40,3900,0" yaku="0,1,10,1" doraHai="15" who="1" fromWho="1" sc="218,-15,227,45,424,-15,131,-15" /><INIT seed="5,3,0,2,5,114" ten="203,272,409,116" oya="1" hai0="55,65,2,53,113,4,56,9,35,120,118,80,98" hai1="101,97,48,102,29,122,40,64,34,10,49,72,74" hai2="18,61,66,14,99,108,135,22,60,26,117,52,111" hai3="59,119,1,0,90,73,36,107,81,62,105,44,6"/><U21/><E21/><V3/><F117/><W92/><G119/><T127/><D118/><U89/><E89/><V131/><F3/><W32/><G32/><T100/><D35/><U43/><E29/><V130/><F135/><W25/><G25/><T41/><D113/><U8/><E97/><V33/><F99/><W121/><G121/><T126/><D120/><U75/><E34/><V109/><F33/><W50/><G36/><T132/><D132/><U78/><E78/><V79/><F79/><W94/><G94/><T116/><D116/><U125/><E122/><V39/><F39/><W85/><G92/><T58/><D80/><U24/><E24/><V133/><F26/><W54/><G73/><T19/><D19/><U84/><E84/><V30/><F30/><W38/><G38/><T95/><D41/><N who="1" m="15947" /><E125/><V128/><F133/><W83/><G83/><T93/><D93/><U104/><E104/><V87/><F87/><W28/><G28/><T17/><D17/><U16/><E16/><V88/><F88/><W37/><G37/><T51/><D127/><U91/><E91/><V15/><F15/><W134/><G134/><T12/><D126/><U11/><E64/><V69/><F111/><W71/><G6/><T68/><D2/><N who="3" m="1129" /><G71/><T67/><D68/><U115/><E115/><V5/><F5/><W57/><G107/><T96/><D96/><U7/><E7/><V129/><F129/><W86/><G105/><T124/><D124/><U27/><E27/><V82/><F82/><W106/><G106/><T77/><D77/><U123/><E123/><V63/><F130/><RYUUKYOKU ba="3,0" sc="203,15,272,15,409,-15,116,-15" hai0="4,9,12,51,53,55,56,58,65,67,95,98,100" hai1="8,10,11,48,49,72,74,75,101,102" /><INIT seed="5,4,0,2,0,9" ten="218,287,394,101" oya="1" hai0="94,110,120,41,5,115,49,88,16,116,121,48,60" hai1="33,6,29,98,30,103,15,134,21,63,82,68,71" hai2="19,127,118,44,95,50,37,74,96,36,62,14,1" hai3="2,97,84,43,83,107,46,93,7,109,39,112,54"/><U87/><E134/><V85/><F1/><W129/><G109/><T10/><D110/><U69/><E33/><V57/><F85/><W111/><G111/><T73/><D73/><U13/><E6/><V3/><F3/><W32/><G32/><T102/><D102/><U122/><E122/><N who="0" m="47209" /><D116/><U22/><E63/><V75/><F75/><W11/><G112/><T90/><D115/><U26/><E29/><V47/><F74/><W59/><G129/><T31/><D31/><U34/><E22/><V18/><F18/><W38/><G107/><T67/><D5/><U35/><E35/><V125/><F47/><W64/><G64/><T66/><D66/><U72/><E72/><V12/><F118/><W92/><G39/><N who="2" m="14921" /><F19/><W100/><G93/><T135/><D135/><U99/><E34/><V79/><F79/><W4/><G4/><T117/><D117/><U53/><E53/><N who="2" m="34095" /><F95/><W123/><G123/><T81/><D81/><U42/><E42/><N who="2" m="24855" /><F96/><W25/><G25/><T114/><D114/><U86/><E98/><V105/><F105/><W70/><G84/><N who="0" m="52487" /><D90/><U40/><E40/><V76/><F76/><W20/><G83/><T128/><D41/><U80/><E86/><V45/><F45/><W119/><G119/><T58/><D128/><U131/><E131/><V101/><F101/><W108/><G108/><T104/><D104/><U8/><E82/><V65/><F65/><W24/><G100/><T132/><D132/><U78/><REACH who="1" step="1"/><E8/><REACH who="1" ten="218,277,394,101" step="2"/><V27/><F127/><W23/><G11/><T91/><D91/><U133/><E133/><V55/><F125/><W126/><G126/><RYUUKYOKU ba="4,1" sc="218,15,277,15,394,-15,101,-15" hai0="10,16,48,49,58,60,67" hai1="13,15,21,26,30,68,69,71,78,80,87,99,103" /><INIT seed="5,5,1,2,2,43" ten="233,292,379,86" oya="1" hai0="23,51,40,94,129,27,114,41,47,75,117,46,8" hai1="17,11,0,134,69,14,67,87,106,120,28,80,33" hai2="97,45,31,100,12,113,135,130,121,86,90,88,105" hai3="21,52,112,111,5,59,124,22,4,9,99,37,58"/><U60/><E106/><V13/><F121/><W83/><G111/><T77/><D117/><U62/><E120/><V15/><F130/><W93/><G112/><T66/><D114/><U39/><E39/><V82/><F113/><W18/><G124/><T16/><D129/><U49/><E134/><V72/><F72/><W95/><G37/><T126/><D126/><U61/><E0/><V125/><F125/><W35/><G35/><T98/><D66/><U53/><E33/><V36/><F31/><W32/><G32/><T1/><D77/><U56/><E28/><V19/><F135/><W133/><G133/><T115/><D75/><U78/><AGARI ba="5,1" hai="11,14,17,49,53,56,60,61,62,67,69,78,80,87" machi="78" ten="20,2100,0" yaku="0,1,7,1" doraHai="43" who="1" fromWho="1" sc="233,-12,292,46,379,-12,86,-12" /><INIT seed="5,6,0,1,3,54" ten="221,338,367,74" oya="1" hai0="88,10,29,37,5,40,92,73,120,42,95,132,46" hai1="26,122,87,67,0,128,127,58,93,112,123,71,24" hai2="74,111,44,129,77,65,121,50,107,70,68,53,9" hai3="100,119,103,32,33,12,63,14,79,19,89,99,76"/><U69/><E0/><V2/><F121/><W134/><G134/><T126/><D120/><U55/><E127/><V21/><F111/><W72/><G119/><T16/><D132/><U27/><E128/><V20/><F107/><W56/><G89/><T98/><D73/><U52/><E112/><V51/><F129/><W133/><G133/><T130/><D130/><U13/><E122/><V115/><F115/><W48/><G48/><T23/><D29/><U109/><E123/><V45/><F77/><W28/><G72/><T47/><D126/><U64/><E109/><V8/><F74/><W91/><G91/><T84/><D10/><U113/><E113/><V80/><F80/><W124/><G124/><T36/><D5/><U11/><E69/><V49/><F49/><W7/><G7/><T78/><D78/><U105/><E71/><V39/><F39/><W62/><G99/><T31/><D31/><U6/><E105/><V131/><F131/><W59/><REACH who="3" step="1"/><G28/><REACH who="3" ten="221,338,367,64" step="2"/><T108/><D108/><U17/><E6/><V30/><F30/><W97/><G97/><T66/><D98/><U117/><E117/><V90/><F90/><W15/><G15/><T101/><D101/><U35/><E87/><V116/><F116/><W38/><G38/><T22/><D84/><U82/><E82/><V60/><F50/><W85/><G85/><T3/><D88/><U25/><E25/><V34/><F51/><W86/><G86/><T106/><D37/><U4/><E4/><V104/><F2/><W118/><G118/><T57/><D3/><U1/><E1/><V18/><F45/><RYUUKYOKU ba="6,1" sc="221,-10,338,-10,367,-10,64,30" hai3="12,14,19,32,33,56,59,62,63,76,79,100,103" /><INIT seed="6,7,1,3,0,78" ten="211,328,357,94" oya="2" hai0="21,13,31,50,106,104,38,0,124,85,102,20,107" hai1="92,64,28,68,16,57,126,90,5,100,15,40,65" hai2="118,88,44,24,96,76,17,114,134,84,63,89,18" hai3="111,23,36,45,60,39,43,123,22,67,115,3,119"/><V97/><F118/><W56/><G3/><T27/><D38/><U48/><E68/><V98/><F114/><W95/><G119/><T11/><D124/><U69/><E69/><V10/><F134/><W132/><G111/><T99/><D0/><U122/><E126/><V112/><F112/><W74/><G74/><T1/><D1/><U83/><E28/><V81/><F63/><W14/><G115/><T103/><D21/><N who="1" m="11423" /><E5/><V131/><F131/><W101/><G123/><T34/><D34/><U135/><E135/><V75/><F75/><W47/><G132/><T77/><D50/><U94/><E122/><V109/><F109/><W133/><G133/><T108/><D108/><U9/><E9/><V121/><F121/><W129/><G129/><T91/><D77/><U116/><E116/><V53/><F10/><W113/><G113/><T71/><D102/><U8/><E8/><V55/><F17/><W19/><G23/><T120/><D71/><U125/><E125/><V2/><F2/><W127/><G127/><T25/><D25/><U12/><E12/><V117/><F117/><W59/><G59/><T93/><D120/><U80/><E100/><V86/><F44/><W51/><REACH who="3" step="1"/><G47/><REACH who="3" ten="211,328,357,84" step="2"/><T37/><D37/><U46/><E57/><V130/><F130/><W66/><G66/><T52/><D11/><U7/><E65/><V6/><F6/><W62/><G62/><T33/><D20/><U87/><E64/><V79/><F24/><W4/><G4/><T82/><D13/><U128/><E7/><V70/><F70/><W42/><G42/><T32/><D32/><RYUUKYOKU ba="7,2" sc="211,15,328,-15,357,-15,84,15" hai0="27,31,33,52,82,85,91,93,99,103,104,106,107" hai3="14,19,22,36,39,43,45,51,56,60,67,95,101" /><INIT seed="7,8,2,0,5,4" ten="226,313,342,99" oya="3" hai0="65,84,36,13,105,93,117,34,14,107,49,20,25" hai1="68,91,1,109,72,113,51,37,60,55,97,108,125" hai2="83,17,120,135,71,31,24,43,19,127,82,10,81" hai3="2,41,29,73,33,56,123,96,48,76,119,52,61"/><W78/><G119/><T30/><D36/><U16/><E1/><V12/><F71/><W110/><G123/><T59/><D117/><U92/><E72/><V131/><F120/><W114/><G2/><T7/><D105/><U102/><E37/><V23/><F127/><W58/><G114/><T100/><D107/><U130/><E113/><V38/><F131/><W54/><G110/><T63/><D34/><U79/><E79/><V15/><F135/><W86/><G73/><T103/><D49/><U74/><E74/><V57/><F57/><W104/><G41/><T66/><D66/><U90/><E68/><V62/><F62/><W115/><G115/><T47/><D47/><U111/><E60/><V8/><F38/><W3/><G3/><T11/><D14/><U116/><E116/><V118/><F118/><W94/><G104/><T77/><D77/><U40/><E40/><AGARI ba="8,2" hai="8,10,12,15,17,19,23,24,31,40,43,81,82,83" machi="40" ten="40,8000,1" yaku="9,1,8,1,52,2" doraHai="4" who="2" fromWho="1" sc="226,0,313,-104,342,124,99,0" owari="226,3.0,209,-19.0,466,56.0,99,-40.0" /></mjloggm>