<mjloggm ver="2.3"><GO type="41" lobby="0"/><UN n0="%E3%83%88%E3%83%A9%E3%83%83%E3%82%AF%E3%83%91%E3%83%91" n1="%59%48%30%37" n2="%E5%B0%B1%E6%B4%BB%E7%94%9F%40%E5%B7%9D%E6%9D%91%E8%BB%8D%E5%9B%A3" n3="%E4%BA%94%E5%8D%81%E5%86%86" dan="14,14,15,14" rate="1973.69,1963.07,1978.34,1865.35" sx="M,M,M,M"/><TAIKYOKU oya="0"/><INIT seed="0,0,0,5,0,94" ten="250,250,250,250" oya="0" hai0="106,95,42,70,119,2,74,127,110,100,105,60,44" hai1="108,10,93,54,80,5,123,135,32,55,120,29,36" hai2="134,103,68,6,130,66,11,121,107,26,102,79,24" hai3="78,117,128,45,57,90,129,76,15,124,37,131,7"/><T50/><D119/><U21/><E36/><V65/><F121/><W4/><G117/><T97/><D74/><U61/><E32/><V132/><F130/><W71/><G71/><T112/><D2/><U69/><E108/><V19/><F79/><N who="3" m="30251" /><G124/><T22/><D127/><U53/><E80/><V39/><F39/><W99/><G57/><T96/><D112/><U101/><E135/><N who="2" m="51755" /><F68/><W77/><N who="3" m="30259" /><W62/><DORA hai="73" /><G62/><T31/><D110/><U115/><E21/><N who="2" m="13375" /><F26/><W82/><G15/><T114/><D114/><U111/><E29/><V126/><F126/><W83/><G37/><T47/><D47/><U25/><E111/><V86/><F86/><W43/><G43/><T40/><D40/><U8/><E115/><V23/><F23/><W34/><G34/><T38/><D38/><U33/><E69/><V122/><F122/><W28/><G45/><T46/><D46/><U14/><E33/><V30/><F30/><W75/><G28/><T49/><D49/><U3/><E25/><V72/><F72/><W98/><G75/><T13/><D70/><U52/><E123/><V56/><F56/><W63/><G63/><T87/><D60/><U18/><E120/><V17/><F17/><W12/><G12/><T35/><D35/><U0/><E61/><V84/><F107/><W59/><G59/><T51/><D51/><U67/><E18/><V64/><F84/><N who="3" m="50455" /><G83/><T88/><D106/><U113/><E113/><V85/><F85/><W89/><G89/><T20/><D31/><U41/><E0/><AGARI ba="0,0" hai="0,6,11,64,65,66,102,103" m="13375,51755" machi="0" ten="30,1000,0" yaku="20,1" doraHai="94,73" who="2" fromWho="1" sc="250,0,250,-10,250,10,250,0" /><INIT seed="1,0,0,0,5,132" ten="250,240,260,250" oya="1" hai0="31,94,110,121,39,76,9,134,84,11,26,75,64" hai1="41,91,30,130,79,62,33,19,57,22,87,99,5" hai2="58,129,103,4,128,55,119,131,116,34,90,56,25" hai3="89,66,48,27,77,107,69,47,13,54,126,40,71"/><U92/><E130/><V43/><F4/><W133/><G133/><T42/><D134/><U21/><E33/><V61/><F43/><W49/><G107/><T7/><D121/><U68/><E68/><N who="3" m="26186" /><G77/><T52/><D110/><U32/><E32/><V20/><F34/><W24/><G13/><T53/><D75/><U95/><E79/><V78/><F78/><W73/><G73/><T70/><D11/><U6/><E41/><V44/><F44/><N who="3" m="27943" /><G89/><T51/><D39/><U67/><E30/><V88/><F103/><W3/><G3/><T18/><D18/><U12/><REACH who="1" step="1"/><E22/><REACH who="1" ten="250,230,260,250" step="2"/><V46/><F116/><W29/><G29/><T108/><D42/><U117/><E117/><V59/><F119/><W118/><G118/><T14/><D108/><U100/><AGARI ba="0,1" hai="5,6,12,19,21,57,62,67,87,91,92,95,99,100" machi="100" ten="20,12000,1" yaku="1,1,0,1,7,1,8,1,53,1" doraHai="132" doraHaiUra="81" who="1" fromWho="1" sc="250,-40,230,130,260,-40,250,-40" /><INIT seed="1,1,0,2,4,5" ten="210,360,220,210" oya="1" hai0="94,123,32,124,59,50,86,69,53,130,79,18,127" hai1="122,13,60,17,38,29,102,121,81,65,105,133,35" hai2="37,95,101,128,77,117,89,108,22,93,98,116,74" hai3="134,26,33,106,25,111,103,83,67,16,9,126,0"/><U15/><E38/><V61/><F37/><W20/><G111/><T30/><D123/><U88/><E133/><V125/><F22/><W48/><G134/><T55/><D69/><U63/><E63/><V51/><F51/><W75/><G126/><T14/><D130/><U28/><E105/><V66/><F128/><W96/><G67/><T70/><D70/><U11/><E102/><V85/><F125/><W1/><G9/><T41/><D127/><U87/><E15/><V110/><F61/><W113/><G113/><T132/><D124/><U21/><E35/><V6/><F66/><W47/><G33/><T97/><D132/><U109/><E109/><N who="2" m="42091" /><F6/><W2/><G83/><AGARI ba="1,0" hai="74,77,83,85,89,93,95,98,101,116,117" m="42091" machi="83" ten="30,3900,0" yaku="14,1,34,2" doraHai="5" who="2" fromWho="3" sc="210,0,360,0,220,42,210,-42" /><INIT seed="2,0,0,2,1,57" ten="210,360,262,168" oya="2" hai0="115,75,17,35,45,38,43,78,114,41,28,86,59" hai1="103,72,77,10,48,84,8,99,132,67,109,113,129" hai2="127,92,7,4,40,13,34,135,110,60,128,124,95" hai3="97,96,126,23,24,74,39,65,112,108,93,120,14"/><V123/><F34/><W119/><G119/><T131/><D131/><U30/><E113/><V53/><F123/><W33/><G120/><T3/><D3/><U80/><E72/><V125/><F128/><W26/><G112/><T133/><D133/><U2/><E129/><V91/><F110/><W82/><G39/><T36/><D75/><U83/><E83/><V22/><F135/><W71/><G96/><T29/><D35/><U37/><E37/><V79/><F79/><W101/><G126/><T42/><D17/><U88/><E77/><V87/><F40/><W54/><G54/><T94/><D78/><U116/><E116/><V70/><F95/><W66/><G108/><T32/><D32/><U117/><E117/><V73/><F73/><W89/><G74/><T15/><D115/><U134/><E2/><V52/><F70/><W63/><G66/><T12/><D114/><U121/><E67/><V64/><F64/><W55/><G55/><N who="2" m="21065" /><F60/><W20/><G33/><T69/><D69/><U21/><E121/><V102/><F102/><W18/><REACH who="3" step="1"/><G23/><REACH who="3" ten="210,360,262,158" step="2"/><T122/><D122/><U107/><E21/><V0/><F0/><W27/><G27/><T50/><D38/><U5/><E134/><V118/><F118/><W56/><G56/><T98/><D86/><AGARI ba="0,1" hai="14,18,20,24,26,63,65,71,82,86,89,93,97,101" machi="86" ten="40,2600,0" yaku="1,1,52,1,53,0" doraHai="57" doraHaiUra="100" who="3" fromWho="0" sc="210,-26,360,0,262,0,158,36" /><INIT seed="3,0,0,0,0,25" ten="184,360,262,194" oya="3" hai0="1,54,24,87,97,129,12,18,20,6,39,30,63" hai1="53,26,101,128,88,15,96,56,57,105,29,74,9" hai2="3,89,32,125,86,55,10,121,19,104,75,131,78" hai3="126,21,27,69,127,77,122,59,99,118,31,94,37"/><W111/><G69/><T5/><D129/><U103/><E128/><V123/><F104/><W2/><G118/><T71/><D39/><U61/><E74/><V76/><F131/><W83/><G122/><N who="2" m="46601" /><F75/><W7/><G37/><T14/><D97/><U50/><E103/><V36/><F125/><W79/><G111/><T119/><D87/><U13/><E9/><V80/><F32/><W35/><G59/><T98/><D119/><U72/><E72/><V109/><F109/><W115/><G115/><T114/><D114/><U85/><E50/><V33/><F33/><W70/><G70/><T117/><D117/><U62/><E62/><V81/><F36/><W34/><G7/><T40/><D40/><U48/><E48/><V44/><F80/><W47/><G47/><T107/><D1/><U17/><E17/><V92/><F81/><W108/><G108/><T60/><D12/><U124/><E57/><V84/><F84/><W73/><G79/><T132/><D132/><U82/><E124/><N who="3" m="47658" /><G2/><T65/><D54/><U64/><E53/><V116/><F116/><W0/><G0/><T120/><D60/><U49/><E49/><N who="2" m="29095" /><F3/><W8/><G8/><T46/><D46/><U112/><E112/><V100/><F100/><AGARI ba="0,0" hai="21,27,31,34,35,73,77,83,94,99,100" m="47658" machi="100" ten="30,2900,0" yaku="18,1,52,1" doraHai="25" who="3" fromWho="2" sc="184,0,360,0,262,-29,194,29" /><INIT seed="3,1,0,1,5,68" ten="184,360,233,223" oya="3" hai0="102,29,134,39,26,20,135,104,38,3,62,96,67" hai1="88,98,32,34,9,78,109,73,28,44,119,37,36" hai2="129,91,100,23,2,132,7,121,47,19,18,60,71" hai3="123,110,50,131,76,64,105,116,99,77,133,10,89"/><W48/><G116/><T58/><REACH who="0" step="1"/><D3/><REACH who="0" ten="174,360,233,223" step="2"/><U103/><E119/><V92/><F2/><W87/><G123/><T1/><D1/><U59/><E109/><V94/><F121/><W85/><G131/><T69/><D69/><U24/><E59/><V112/><F71/><W93/><G110/><T84/><D84/><N who="3" m="32329" /><G133/><AGARI ba="1,1" hai="20,26,29,38,39,58,62,67,96,102,104,133,134,135" machi="133" ten="40,8000,1" yaku="21,2,20,1,52,2,53,0" doraHai="68" doraHaiUra="74" who="0" fromWho="3" sc="174,93,360,0,233,0,223,-83" /><INIT seed="4,0,0,1,0,41" ten="267,360,233,140" oya="0" hai0="79,126,116,98,121,105,135,82,2,6,124,93,45" hai1="85,115,25,10,34,26,97,95,114,125,69,102,57" hai2="111,15,66,99,64,60,50,84,8,128,130,53,62" hai3="54,72,96,38,11,23,80,94,91,27,108,104,30"/><T87/><D121/><U107/><E69/><V89/><F111/><W17/><G108/><T42/><D116/><U16/><E125/><N who="0" m="48233" /><D135/><U47/><E57/><V110/><F99/><W92/><G104/><T52/><D105/><U74/><E74/><V32/><F110/><W119/><G119/><T59/><D6/><U118/><E118/><V33/><F62/><W131/><G131/><N who="2" m="50217" /><F64/><W19/><G38/><N who="0" m="21719" /><D2/><U18/><E34/><V127/><F127/><W103/><G11/><T100/><D59/><U101/><E101/><V43/><F43/><W12/><G12/><T13/><D13/><N who="1" m="7223" /><E18/><N who="2" m="8551" /><F66/><W113/><G113/><N who="1" m="43018" /><E47/><N who="2" m="27871" /><F60/><W31/><G31/><T134/><D134/><U120/><E120/><V70/><F70/><W22/><G22/><T29/><D29/><U65/><E65/><V71/><F71/><W24/><G24/><T78/><D78/><U49/><E49/><V67/><F67/><W61/><G19/><T123/><D123/><U20/><E20/><V75/><F75/><W35/><G17/><T14/><D14/><U133/><E133/><V5/><F5/><W63/><G23/><T44/><D44/><U48/><E48/><V88/><F89/><AGARI ba="0,0" hai="25,26,85,89,95,97,102,107" m="43018,7223" machi="89" ten="30,3900,0" yaku="15,1,11,1,54,1" doraHai="41" who="1" fromWho="2" sc="267,0,360,39,233,-39,140,0" /><INIT seed="5,0,0,1,5,32" ten="267,399,194,140" oya="1" hai0="63,24,4,112,125,11,18,97,3,56,111,59,89" hai1="51,81,13,79,94,38,17,114,121,50,95,66,60" hai2="129,35,131,45,83,46,39,54,130,77,90,117,123" hai3="57,27,52,103,101,1,14,104,85,75,74,10,36"/><U49/><E114/><V58/><F35/><W23/><G36/><T34/><D112/><U82/><E38/><V80/><F123/><W41/><G41/><T86/><D111/><U25/><E25/><V107/><F117/><W69/><G69/><T64/><D125/><U84/><E82/><V72/><F107/><W115/><G115/><T2/><D97/><U120/><E120/><V44/><F83/><W122/><G122/><T67/><D34/><U124/><E124/><V7/><F7/><W29/><G85/><T108/><D108/><U105/><E105/><V9/><F9/><W15/><G1/><T96/><D96/><U109/><E109/><V6/><F6/><W31/><G31/><T53/><D2/><U87/><E87/><V0/><F90/><W78/><G15/><T119/><D119/><U37/><E37/><V5/><F39/><W61/><G104/><T128/><D128/><U106/><E106/><V65/><F65/><W68/><G68/><T99/><D99/><U55/><E55/><V22/><F22/><W19/><REACH who="3" step="1"/><G78/><REACH who="3" ten="267,399,194,130" step="2"/><T62/><D53/><U21/><E79/><V42/><F5/><W118/><G118/><T26/><REACH who="0" step="1"/><D18/><REACH who="0" ten="257,399,194,130" step="2"/><U43/><E17/><V73/><F0/><W127/><G127/><T12/><D12/><U30/><E13/><V100/><F42/><W20/><G20/><T48/><D48/><U113/><E21/><V47/><N who="2" m="11776" /><DORA hai="116" /><V91/><F130/><W110/><G110/><T134/><D134/><U133/><E43/><V92/><F131/><W135/><G135/><T102/><D102/><AGARI ba="0,2" hai="10,14,19,23,27,29,52,57,61,74,75,101,102,103" machi="102" ten="40,2600,0" yaku="1,1,54,1,53,0" doraHai="32,116" doraHaiUra="93,88" who="3" fromWho="0" sc="257,-26,399,0,194,0,130,46" /><INIT seed="6,0,0,2,4,72" ten="231,399,194,176" oya="2" hai0="107,124,50,15,95,28,26,29,76,36,44,34,92" hai1="35,75,10,113,42,58,17,109,65,111,12,27,86" hai2="116,33,6,79,14,55,103,30,132,66,71,53,22" hai3="114,99,119,56,73,32,88,43,64,46,82,13,1"/><V91/><F116/><W63/><G119/><T125/><D107/><U135/><E75/><V49/><F132/><W98/><G1/><T83/><D36/><U101/><E135/><V108/><F33/><W37/><G32/><T112/><D112/><U61/><E113/><V115/><F108/><W129/><G129/><T4/><D29/><U134/><E134/><V122/><F115/><W68/><G114/><T52/><D15/><U105/><E42/><V0/><F122/><W85/><G13/><T121/><D4/><U126/><E126/><N who="0" m="48745" /><D121/><U7/><E86/><AGARI ba="0,0" hai="26,28,34,44,50,52,76,83,86,92,95" m="48745" machi="86" ten="30,3900,0" yaku="18,1,52,1,54,1" doraHai="72" who="0" fromWho="1" sc="231,39,399,-39,194,0,176,0" /><INIT seed="7,0,0,4,3,57" ten="270,360,194,176" oya="3" hai0="94,116,25,77,124,47,39,31,43,67,42,18,29" hai1="37,33,81,100,41,52,85,12,56,46,82,118,49" hai2="121,99,84,61,53,127,3,72,133,93,6,110,59" hai3="90,54,134,2,44,117,80,102,103,86,76,11,113"/><W131/><G117/><T129/><D129/><U28/><E33/><V125/><F72/><W9/><G131/><T115/><D115/><U120/><E28/><V55/><F121/><W104/><G113/><T51/><D124/><N who="2" m="47690" /><F110/><W64/><G64/><T114/><D116/><U79/><E82/><V78/><F133/><W73/><G134/><T128/><D114/><U30/><E12/><V88/><F3/><W123/><G123/><T23/><D128/><U71/><E71/><V40/><F40/><W16/><G2/><T20/><D77/><U34/><E100/><N who="2" m="60527" /><F6/><W58/><G44/><T111/><D111/><U70/><E70/><V87/><F78/><W112/><G112/><T10/><D94/><U65/><E81/><N who="2" m="49167" /><F87/><W108/><G108/><T7/><D67/><AGARI ba="0,0" hai="53,55,59,61,67" m="49167,60527,47690" machi="67" ten="30,3900,0" yaku="18,1,52,1,54,1" doraHai="57" who="2" fromWho="0" sc="270,-39,360,0,194,39,176,0" owari="231,-17.0,360,46.0,233,3.0,176,-32.0" /></mjloggm>