<mjloggm ver="2.3"><GO type="193" lobby="0"/><UN n0="%64%6E%62" n1="%52%E3%83%BB%52" n2="%E5%B0%B1%E6%B4%BB%E7%94%9F%40%E5%B7%9D%E6%9D%91%E8%BB%8D%E5%9B%A3" n3="%E3%81%A6%E3%82%89%E3%81%8D%E3%81%8A%E3%82%93" dan="10,11,11,12" rate="1683.01,1497.97,1795.56,1686.69" sx="M,F,M,M"/><TAIKYOKU oya="0"/><INIT seed="0,0,0,3,4,104" ten="250,250,250,250" oya="0" hai0="133,17,31,103,68,4,101,42,125,41,89,84,135" hai1="124,40,64,113,76,26,109,53,82,85,70,24,123" hai2="88,55,43,44,93,38,1,51,5,22,100,27,94" hai3="114,78,35,21,80,49,108,0,33,20,96,92,69"/><T111/><D68/><U37/><E123/><V129/><F129/><W81/><G0/><T29/><D4/><U36/><E124/><V50/><F1/><W67/><G69/><T6/><D6/><U115/><E109/><V91/><F5/><W77/><G67/><T83/><D125/><U62/><E53/><V86/><F100/><W10/><G114/><T61/><D61/><U71/><E71/><V12/><F12/><W79/><G10/><T97/><D111/><U118/><E118/><V8/><F8/><W112/><G112/><N who="1" m="43082" /><E40/><N who="0" m="15465" /><D17/><U66/><E66/><V16/><REACH who="2" step="1"/><F55/><REACH who="2" ten="250,250,240,250" step="2"/><W105/><G108/><T117/><D103/><U32/><E24/><V3/><F3/><W72/><G105/><N who="0" m="63663" /><D117/><U90/><E26/><V120/><F120/><W106/><G106/><T57/><D135/><U95/><E32/><V131/><F131/><W18/><G35/><T56/><D133/><U132/><E132/><V98/><AGARI ba="0,1" hai="16,22,27,38,43,44,50,51,86,88,91,93,94,98" machi="98" ten="20,12000,2" yaku="1,1,0,1,7,1,54,2,53,1" doraHai="104" doraHaiUra="19" who="2" fromWho="2" sc="250,-60,250,-30,240,130,250,-30" /><INIT seed="1,0,0,5,5,57" ten="190,220,370,220" oya="1" hai0="70,5,59,3,0,131,114,107,64,74,102,50,2" hai1="89,67,80,115,69,13,110,4,26,31,23,48,36" hai2="11,49,98,118,71,30,27,8,128,106,105,101,62" hai3="97,55,53,126,73,28,10,61,14,51,135,116,92"/><U20/><E115/><V78/><F118/><W45/><G73/><T19/><D74/><U121/><E36/><V33/><F128/><W21/><G126/><T109/><D131/><U103/><E121/><V24/><F106/><W95/><G116/><T76/><D114/><U56/><E103/><V12/><F27/><N who="3" m="16495" /><G97/><T93/><D107/><U85/><E69/><V54/><F78/><W17/><G135/><T100/><D76/><U88/><E110/><V96/><F96/><W32/><G32/><T79/><D79/><U130/><E130/><V66/><F12/><W72/><G72/><T68/><D5/><U86/><E4/><V65/><F65/><W123/><G123/><T120/><D120/><U81/><E13/><V117/><F117/><W127/><G127/><T18/><D109/><U132/><E132/><V83/><F83/><W6/><G6/><T84/><D50/><U42/><E23/><V46/><AGARI ba="0,0" hai="8,11,24,30,33,46,49,54,62,66,71,98,101,105" machi="46" ten="20,8000,1" yaku="0,1,7,1,25,2,52,1" doraHai="57" who="2" fromWho="2" sc="190,-20,220,-40,370,80,220,-20" /><INIT seed="2,0,0,3,5,129" ten="170,180,450,200" oya="2" hai0="92,59,96,10,76,80,46,106,14,57,118,108,67" hai1="42,105,72,130,0,2,66,16,104,133,86,101,88" hai2="4,18,32,75,121,98,71,9,99,7,107,6,8" hai3="90,79,56,69,11,103,25,31,85,33,38,115,70"/><V94/><F71/><W120/><G38/><T28/><D106/><U36/><E130/><V114/><F75/><W91/><G120/><T41/><D118/><U122/><E122/><V116/><F32/><W17/><G103/><T123/><D123/><U125/><E72/><V84/><F116/><W82/><G70/><T132/><D28/><U47/><E104/><V89/><F114/><W83/><G69/><T44/><D108/><U5/><E66/><V63/><F121/><W1/><G56/><T73/><D44/><U64/><E64/><V54/><F107/><W26/><G1/><T20/><D20/><U68/><E68/><V52/><F63/><W110/><G110/><T43/><D43/><U61/><E61/><V134/><F134/><W74/><G91/><T3/><D3/><U45/><E45/><V95/><F84/><W49/><G49/><T135/><D67/><U19/><E125/><V55/><F18/><W35/><G115/><T81/><D81/><U40/><E40/><V102/><AGARI ba="0,0" hai="4,6,7,8,9,52,54,55,89,94,95,98,99,102" machi="102" ten="30,6000,0" yaku="0,1,8,1,54,1" doraHai="129" who="2" fromWho="2" sc="170,-20,180,-20,450,60,200,-20" /><INIT seed="2,1,0,5,2,20" ten="150,160,510,180" oya="2" hai0="9,74,100,82,11,134,108,22,98,61,63,3,65" hai1="52,26,116,17,1,30,29,101,39,69,87,72,33" hai2="131,58,124,75,57,59,44,93,4,77,5,123,21" hai3="125,67,112,109,18,54,46,76,118,132,34,78,66"/><V84/><F123/><W56/><G34/><T128/><D134/><U133/><E116/><V62/><F75/><W6/><G109/><T115/><D128/><U7/><E133/><V127/><F131/><W25/><G132/><T64/><D115/><U111/><E111/><V92/><F62/><W12/><G125/><T23/><D108/><U10/><E69/><V94/><F44/><W90/><G118/><T24/><D23/><U86/><E39/><V0/><F0/><W15/><G46/><T103/><D103/><U129/><E129/><V135/><F135/><W60/><G90/><T105/><D63/><U2/><E72/><V88/><F77/><N who="3" m="29803" /><G25/><T85/><D74/><U37/><E37/><V53/><F53/><W68/><G68/><T13/><D3/><U110/><E101/><V35/><F35/><W120/><G120/><T55/><D55/><U91/><E2/><V49/><F49/><W106/><G106/><T99/><D99/><U117/><E117/><V79/><F79/><W27/><G27/><T19/><D9/><U104/><E91/><V73/><F73/><W45/><G45/><T121/><D121/><U89/><E110/><V16/><F124/><W80/><G80/><T43/><D43/><U114/><E30/><V51/><F51/><W32/><G32/><T70/><D65/><U36/><E104/><V126/><F126/><W38/><G38/><T50/><D50/><U14/><E36/><V31/><F127/><W48/><G48/><T122/><D122/><U95/><E87/><V47/><F47/><W83/><G83/><T42/><D82/><RYUUKYOKU ba="1,0" sc="150,0,160,0,510,0,180,0" /><INIT seed="3,2,0,2,3,48" ten="150,160,510,180" oya="3" hai0="84,113,72,105,6,26,99,62,46,103,100,82,123" hai1="74,23,122,95,73,13,14,129,66,47,128,104,17" hai2="117,131,89,80,132,83,59,41,18,1,91,88,51" hai3="42,69,107,21,120,102,97,37,0,78,124,36,63"/><W92/><G0/><T108/><D123/><U58/><E104/><V119/><F1/><W111/><G120/><T16/><D113/><U106/><E122/><V94/><F131/><W53/><G78/><T52/><D108/><U110/><E106/><V101/><F132/><W7/><G7/><T135/><D72/><U35/><E110/><V125/><F125/><W25/><G124/><T30/><D135/><U70/><E35/><V3/><F3/><W12/><G42/><T118/><D118/><U76/><E70/><V134/><F134/><W9/><G107/><T55/><D100/><U43/><E73/><V71/><F71/><W57/><G69/><T115/><D115/><U79/><E74/><V33/><F33/><W96/><G97/><T121/><D121/><U31/><E95/><V20/><F117/><W29/><G111/><T4/><D62/><N who="1" m="38231" /><E13/><N who="2" m="9295" /><F119/><W114/><G114/><T22/><D46/><U130/><E31/><V45/><F59/><W40/><G40/><T93/><D30/><U8/><E8/><V85/><F80/><W54/><G53/><N who="0" m="20555" /><D105/><U61/><E61/><V86/><F101/><W126/><G126/><T50/><D50/><U56/><E56/><V39/><F39/><W127/><G127/><T49/><D49/><U65/><E65/><V112/><F112/><W98/><G98/><T116/><D116/><U19/><E19/><V28/><F28/><W67/><G67/><T15/><D26/><U68/><E68/><V133/><F133/><W60/><G60/><T90/><AGARI ba="2,0" hai="4,6,15,16,22,82,84,90,93,99,103" m="20555" machi="90" ten="30,12000,2" yaku="8,1,52,3,54,2" doraHai="48" who="0" fromWho="0" sc="150,126,160,-32,510,-32,180,-62" owari="276,8.0,128,-27.0,478,57.0,118,-38.0" /></mjloggm>