<mjloggm ver="2.3"><GO type="41" lobby="0"/><UN n0="%E3%83%96%E3%83%AA%E3%83%86%E3%82%A3" n1="%73%6F%75%64%61%72%6F%3F" n2="%6C%63%63%63%63%63" n3="%E5%B0%B1%E6%B4%BB%E7%94%9F%40%E5%B7%9D%E6%9D%91%E8%BB%8D%E5%9B%A3" dan="15,14,14,15" rate="1987.01,1924.85,1964.08,1994.14" sx="M,M,M,M"/><TAIKYOKU oya="0"/><INIT seed="0,0,0,2,1,89" ten="250,250,250,250" oya="0" hai0="94,2,36,82,50,3,64,41,98,65,20,9,100" hai1="103,26,34,110,119,4,87,55,83,78,56,40,17" hai2="31,16,8,18,12,13,39,99,59,35,37,19,74" hai3="121,88,107,85,30,129,11,47,114,108,48,75,66"/><T60/><D36/><U38/><E119/><V22/><F74/><W120/><G75/><T67/><D60/><U76/><E4/><V29/><F59/><W101/><G108/><T49/><D82/><U124/><E124/><V10/><F99/><N who="3" m="61887" /><G30/><N who="2" m="11273" /><F37/><W97/><G66/><T6/><D20/><U131/><E110/><V28/><F39/><W118/><G11/><N who="2" m="4137" /><F35/><W116/><G48/><T62/><D62/><U53/><E34/><V21/><N who="2" m="11281" /><V45/><DORA hai="46" /><F45/><W61/><G61/><T54/><D41/><U128/><E78/><V106/><F106/><W5/><G5/><T79/><D79/><U0/><E0/><V96/><F96/><W126/><G47/><T132/><D132/><U1/><E1/><V32/><F32/><W86/><G126/><T130/><D2/><U104/><E38/><V80/><F80/><W93/><G129/><T91/><D130/><U134/><E40/><V81/><F81/><W63/><G63/><T52/><REACH who="0" step="1"/><D100/><REACH who="0" ten="240,250,250,250" step="2"/><U77/><E77/><V105/><F105/><W95/><G114/><T27/><D27/><U58/><E134/><V111/><F111/><W127/><G127/><T51/><AGARI ba="0,1" hai="3,6,9,49,50,51,52,54,64,65,67,91,94,98" machi="51" ten="30,18000,2" yaku="1,1,0,1,52,4,54,1,53,0" doraHai="89,46" doraHaiUra="14,125" who="0" fromWho="0" sc="240,190,250,-60,250,-60,250,-60" /><INIT seed="0,1,0,5,5,113" ten="430,190,190,190" oya="0" hai0="52,17,41,59,69,38,111,18,2,32,125,43,10" hai1="71,8,126,40,122,108,25,106,97,5,85,30,129" hai2="78,73,96,134,112,103,29,39,70,88,135,81,89" hai3="44,54,91,98,127,36,102,65,124,26,109,20,68"/><T46/><D69/><U79/><E40/><V67/><F39/><W92/><G109/><T82/><D32/><U63/><E122/><V55/><F112/><W77/><G77/><T4/><D111/><U83/><E108/><V22/><F55/><W53/><G68/><T50/><D125/><N who="3" m="48201" /><G65/><T57/><D43/><U34/><E126/><V64/><F29/><N who="3" m="17607" /><G102/><T49/><D82/><U66/><E129/><V45/><F45/><W37/><G44/><T11/><D11/><U24/><E24/><V9/><F70/><W116/><G116/><T120/><D120/><U1/><E97/><V33/><F33/><W133/><G133/><N who="2" m="50697" /><F9/><W27/><G27/><T51/><REACH who="0" step="1"/><D59/><REACH who="0" ten="420,190,190,190" step="2"/><U107/><AGARI ba="1,1" hai="1,5,8,25,30,34,63,66,71,79,83,85,106,107" machi="107" ten="30,1100,0" yaku="0,1" doraHai="113" who="1" fromWho="1" sc="420,-6,190,24,190,-4,190,-4" /><INIT seed="1,0,0,4,2,6" ten="414,214,186,186" oya="1" hai0="60,50,16,19,3,33,96,101,39,114,123,70,92" hai1="126,66,73,24,109,4,46,115,29,117,55,120,54" hai2="121,42,10,113,86,82,20,116,111,89,124,12,84" hai3="41,122,45,112,9,107,94,83,74,135,5,11,32"/><U47/><E73/><V72/><F116/><W125/><G107/><T99/><D39/><U23/><E117/><V98/><F121/><W37/><G122/><T118/><D118/><U128/><E115/><V27/><F111/><W36/><G112/><T110/><D123/><U53/><E120/><V30/><F124/><W49/><G125/><T133/><D33/><U106/><E106/><V0/><F0/><W130/><G32/><T64/><D114/><U61/><E126/><V28/><F113/><W71/><G71/><T119/><D119/><U75/><E75/><V63/><F72/><W91/><G130/><T90/><D110/><U80/><E109/><V34/><F63/><W77/><G135/><T38/><D38/><U13/><E80/><V26/><F98/><W79/><G79/><T40/><D3/><U31/><E31/><V88/><F42/><W100/><G100/><T35/><D35/><U58/><E128/><V127/><F127/><W48/><G37/><T102/><D133/><U18/><REACH who="1" step="1"/><E4/><REACH who="1" ten="414,204,186,186" step="2"/><V134/><F134/><W105/><G105/><T7/><D7/><U68/><E68/><V67/><F34/><AGARI ba="0,1" hai="13,18,23,24,29,34,46,47,53,54,55,58,61,66" machi="34" ten="40,2000,0" yaku="1,1,53,0" doraHai="6" doraHaiUra="129" who="1" fromWho="2" sc="414,0,204,30,186,-20,186,0" /><INIT seed="1,1,0,1,3,15" ten="414,234,166,186" oya="1" hai0="90,59,49,102,63,94,119,64,53,17,35,46,101" hai1="130,129,127,88,72,1,135,87,23,65,106,6,16" hai2="96,110,32,37,100,134,116,54,83,132,51,58,8" hai3="74,89,117,10,14,61,21,40,31,92,5,55,43"/><U115/><E115/><V44/><F32/><W82/><G117/><T122/><D119/><U30/><E72/><V38/><F116/><W84/><G74/><T78/><D35/><U3/><E106/><V45/><F110/><W123/><G123/><T120/><D78/><U22/><E65/><V109/><F109/><W13/><G82/><T34/><D34/><U66/><E66/><V68/><F68/><W20/><G14/><T97/><REACH who="0" step="1"/><D17/><REACH who="0" ten="404,234,166,186" step="2"/><U85/><E6/><V131/><F131/><W98/><G31/><T112/><D112/><U79/><E30/><V57/><F132/><W11/><G11/><T99/><D99/><U52/><E23/><V114/><F114/><W128/><G128/><N who="1" m="49258" /><E135/><V36/><F134/><W48/><G21/><T104/><D104/><U118/><E118/><V76/><F8/><W41/><G20/><T93/><D93/><N who="1" m="54415" /><E127/><V71/><F76/><W80/><G98/><T62/><D62/><U26/><E79/><V0/><F96/><W19/><G61/><T86/><D86/><U81/><E87/><V9/><F9/><W39/><G39/><T125/><D125/><U28/><E81/><V126/><F126/><W50/><G50/><T25/><D25/><U29/><E29/><V70/><F83/><W7/><REACH who="3" step="1"/><G92/><REACH who="3" ten="404,234,166,176" step="2"/><T69/><D69/><U18/><E1/><V33/><F0/><W27/><G27/><T121/><AGARI ba="1,2" hai="46,49,53,59,63,64,90,94,97,101,102,120,121,122" machi="121" ten="30,7900,0" yaku="1,1,0,1,13,1,53,1" doraHai="15" doraHaiUra="42" who="0" fromWho="0" sc="404,102,234,-40,166,-21,176,-21" /><INIT seed="2,0,0,5,0,17" ten="506,194,145,155" oya="2" hai0="71,45,105,121,1,119,124,82,58,108,111,29,99" hai1="19,118,34,12,90,37,91,87,75,80,126,113,74" hai2="30,36,59,56,7,92,89,63,39,110,133,18,128" hai3="109,27,120,79,4,49,131,97,72,25,47,81,13"/><V76/><F128/><W10/><G109/><T84/><D71/><U51/><E37/><V86/><F133/><W104/><G120/><T112/><D1/><U70/><E70/><V95/><F30/><W66/><G131/><T57/><D112/><U65/><E34/><V85/><F7/><W127/><G127/><T38/><D121/><U28/><E126/><V52/><F110/><W115/><G66/><T23/><D124/><U122/><E65/><V88/><F76/><W78/><G78/><T16/><D29/><U24/><E118/><V22/><F59/><W73/><G73/><T64/><D119/><U26/><E122/><V69/><REACH who="2" step="1"/><F69/><REACH who="2" ten="506,194,135,155" step="2"/><W123/><G123/><T44/><D58/><U98/><E113/><V41/><F41/><W125/><G115/><T93/><D57/><U94/><E28/><V116/><F116/><W5/><G125/><T67/><D111/><U9/><E75/><V60/><F60/><W103/><G4/><T20/><D108/><U61/><E74/><V106/><F106/><W15/><G15/><AGARI ba="0,1" hai="15,18,22,36,39,52,56,63,85,86,88,89,92,95" machi="15" ten="30,24000,3" yaku="1,1,7,1,9,1,52,1,54,2,53,2" doraHai="17" doraHaiUra="83" who="2" fromWho="3" sc="506,0,194,0,135,250,155,-240" owari="506,61.0,194,-21.0,385,19.0,-85,-59.0" /></mjloggm>