<mjloggm ver="2.3"><GO type="41" lobby="0"/><UN n0="%62%65%72%6E%73%74%65%6C" n1="%E3%82%A6%E3%83%AB%E3%83%88%E3%83%A9%E7%AB%8B%E7%9B%B4" n2="%E7%95%AA%E7%8A%AC%E5%90%9B" n3="%E7%AD%92%E9%A6%99%E3%82%8A" dan="14,15,14,13" rate="1891.75,2019.14,2010.66,1906.70" sx="M,M,M,M"/><TAIKYOKU oya="0"/><INIT seed="0,0,0,4,2,54" ten="250,250,250,250" oya="0" hai0="66,120,121,28,65,82,78,40,13,60,84,94,50" hai1="25,107,44,115,87,14,48,81,29,30,97,53,117" hai2="106,64,68,55,100,93,101,132,45,32,123,15,16" hai3="17,23,31,111,35,38,112,98,11,116,71,128,37"/><T92/><D65/><U122/><E122/><V124/><F32/><W3/><G116/><T91/><D94/><U125/><E117/><V2/><F2/><W39/><G112/><T89/><D91/><U70/><E70/><V76/><F123/><W12/><G71/><T85/><D28/><U73/><E73/><V99/><F124/><W129/><G111/><T0/><D0/><U49/><E125/><V33/><F33/><W105/><G105/><T7/><D60/><U58/><E115/><V79/><F132/><W113/><G113/><T114/><D66/><U95/><E107/><V134/><F134/><W6/><REACH who="3" step="1"/><G98/><REACH who="3" ten="250,250,250,240" step="2"/><T96/><D96/><U19/><E97/><V86/><F106/><W47/><G47/><N who="0" m="25959" /><D114/><U51/><E95/><V1/><F93/><W21/><G21/><T46/><D46/><U26/><E44/><V27/><F45/><W131/><G131/><T67/><D120/><U103/><E81/><V75/><F99/><W4/><G4/><T77/><D7/><U72/><E103/><V133/><F133/><W52/><G52/><T126/><D126/><U109/><E109/><V24/><F55/><W74/><G74/><T69/><D121/><U61/><E72/><V10/><F75/><W104/><G104/><T43/><D69/><U42/><E87/><V119/><F86/><W62/><G62/><T118/><D118/><U20/><E42/><V88/><F119/><W9/><G9/><T80/><D43/><U5/><E5/><V8/><F100/><W22/><G22/><T34/><D85/><U135/><E135/><V110/><F101/><RYUUKYOKU ba="0,1" sc="250,-15,250,15,250,-15,240,15" hai1="14,19,20,25,26,29,30,48,49,51,53,58,61" hai3="3,6,11,12,17,23,31,35,37,38,39,128,129" /><INIT seed="1,1,1,0,0,11" ten="235,265,235,255" oya="1" hai0="34,10,42,103,67,126,35,110,89,104,74,16,83" hai1="96,71,116,78,41,32,100,63,120,87,64,114,23" hai2="94,17,40,57,105,132,99,52,90,58,7,26,3" hai3="30,108,24,14,109,98,28,88,60,46,107,20,55"/><U97/><E120/><V123/><F123/><W13/><G30/><T111/><D42/><U44/><E116/><V6/><F132/><W65/><G107/><T115/><D115/><U127/><E114/><V101/><F40/><W95/><G46/><T33/><D67/><U73/><E127/><V5/><F3/><W85/><G55/><T102/><D126/><U92/><E73/><V72/><F72/><W76/><G76/><N who="0" m="44439" /><D89/><U106/><E32/><V53/><F105/><W31/><G31/><T117/><D117/><U82/><E23/><N who="2" m="13679" /><F101/><N who="0" m="38410" /><D104/><U68/><E97/><V25/><F25/><W79/><G98/><T38/><D38/><U77/><E106/><V8/><F8/><W27/><G79/><T93/><D93/><U37/><REACH who="1" step="1"/><E78/><REACH who="1" ten="235,255,235,255" step="2"/><V66/><F57/><AGARI ba="1,2" hai="37,41,44,57,63,64,68,71,77,82,87,92,96,100" machi="57" ten="30,5800,0" yaku="1,1,2,1,7,1,53,0" doraHai="11" doraHaiUra="124" who="1" fromWho="2" sc="235,0,255,81,235,-61,255,0" /><INIT seed="1,2,0,3,3,94" ten="235,336,174,255" oya="1" hai0="78,25,21,9,70,0,122,123,121,36,7,51,53" hai1="95,42,119,116,103,28,15,88,22,57,71,14,81" hai2="67,100,124,13,26,44,66,40,58,32,97,18,5" hai3="64,17,117,133,120,90,4,107,77,114,118,92,109"/><U62/><E71/><V2/><F124/><W31/><G120/><T102/><D36/><U23/><E42/><V11/><F58/><W84/><G114/><T111/><D78/><U52/><E116/><N who="3" m="44650" /><G4/><T79/><D79/><U126/><E126/><V110/><F110/><W80/><G31/><T56/><D111/><U38/><E38/><V59/><F59/><W3/><G109/><T85/><D85/><N who="1" m="50223" /><E119/><V12/><F12/><N who="1" m="4649" /><E28/><V30/><F44/><W16/><G3/><T61/><D70/><U1/><E1/><V135/><F40/><W24/><G107/><T20/><D61/><U8/><E8/><V101/><F101/><W41/><G41/><T43/><D43/><U50/><E50/><V134/><F134/><W86/><G133/><T6/><D6/><U48/><E48/><V74/><F74/><W108/><G108/><T128/><D51/><U54/><E54/><V129/><F135/><W113/><G113/><T49/><D49/><U37/><E37/><V60/><F60/><W106/><G106/><T29/><D53/><U89/><E103/><V47/><F47/><W63/><G24/><N who="0" m="16519" /><D102/><U87/><AGARI ba="2,0" hai="22,23,52,57,62,87,89,95" m="4649,50223" machi="87" ten="30,6000,0" yaku="8,1,54,2" doraHai="94" who="1" fromWho="1" sc="235,-22,336,66,174,-22,255,-22" /><INIT seed="1,3,0,3,2,94" ten="213,402,152,233" oya="1" hai0="17,22,134,15,57,2,120,54,27,30,50,108,44" hai1="100,89,6,12,70,49,121,127,103,5,19,88,40" hai2="4,75,124,9,33,83,24,113,59,135,47,60,1" hai3="29,16,38,61,8,106,52,92,64,87,56,93,46"/><U114/><E70/><V21/><F113/><W119/><G106/><T25/><D134/><U129/><E127/><V31/><F124/><W109/><G29/><T0/><D120/><U84/><E129/><V73/><F135/><W76/><G109/><T78/><D27/><U115/><E121/><V107/><F107/><W3/><G3/><T104/><D78/><U110/><E110/><V14/><F83/><N who="3" m="47591" /><G38/><T36/><D104/><U122/><E122/><V48/><F48/><N who="3" m="28695" /><G119/><T117/><D117/><U123/><E123/><V13/><F47/><W41/><G41/><T97/><D36/><U51/><E40/><V71/><F71/><W130/><G130/><T58/><D0/><U101/><E115/><V81/><F81/><W43/><G43/><T20/><D2/><U72/><E72/><V74/><REACH who="2" step="1"/><F33/><REACH who="2" ten="213,402,142,233" step="2"/><W111/><G111/><T11/><D108/><U112/><E112/><V42/><F42/><W65/><G65/><AGARI ba="3,1" hai="1,4,9,13,14,21,24,31,59,60,65,73,74,75" machi="65" ten="40,8000,1" yaku="1,1,53,3" doraHai="94" doraHaiUra="105" who="2" fromWho="3" sc="213,0,402,0,142,99,233,-89" /><INIT seed="2,0,0,0,1,28" ten="213,402,241,144" oya="2" hai0="124,86,103,48,75,78,43,134,59,38,9,41,123" hai1="39,34,131,94,135,84,6,37,22,67,83,98,91" hai2="120,14,54,40,24,10,115,104,77,63,18,62,117" hai3="97,72,2,105,69,15,119,66,109,49,0,125,76"/><V29/><F115/><W53/><G119/><T89/><D123/><U118/><E118/><V112/><F112/><W101/><G72/><T33/><D38/><U95/><E34/><V56/><F117/><W19/><G76/><T52/><D103/><U111/><E6/><V127/><F104/><W82/><G82/><T42/><D124/><U113/><E113/><V7/><F127/><W110/><G125/><T12/><D134/><U16/><E135/><V80/><F40/><W5/><G5/><T64/><D75/><U17/><E111/><N who="3" m="42506" /><G66/><T122/><D122/><U126/><E126/><V85/><F120/><W100/><G100/><T47/><D33/><U106/><E106/><V13/><F62/><W30/><G69/><T87/><D78/><U107/><E107/><V96/><F96/><W114/><G30/><T44/><D86/><U81/><E67/><V99/><F99/><W36/><G36/><T21/><D64/><U55/><E39/><V74/><F74/><W8/><G114/><T128/><D21/><U31/><E37/><V90/><F77/><W121/><G121/><T133/><D133/><U88/><E55/><V132/><F132/><W93/><G105/><T116/><D116/><U68/><E68/><V3/><REACH who="2" step="1"/><F18/><REACH who="2" ten="213,402,231,144" step="2"/><N who="1" m="7273" /><E131/><V130/><F130/><W71/><G19/><N who="0" m="8591" /><D128/><U1/><E98/><V46/><F46/><W73/><G73/><T60/><D47/><U27/><E84/><V20/><AGARI ba="0,1" hai="3,7,10,13,14,20,24,29,54,56,63,80,85,90" machi="20" ten="20,12000,1" yaku="1,1,0,1,7,1,53,2" doraHai="28" doraHaiUra="11" who="2" fromWho="2" sc="213,-40,402,-40,231,130,144,-40" /><INIT seed="2,1,0,0,5,54" ten="173,362,361,104" oya="2" hai0="25,125,107,60,21,65,58,95,29,1,82,123,38" hai1="53,17,35,24,63,73,105,6,92,23,7,111,110" hai2="59,126,18,134,97,112,64,45,100,55,16,128,41" hai3="99,120,57,30,129,122,27,11,133,85,50,32,31"/><V76/><F112/><W104/><G11/><T66/><D123/><U127/><E105/><V44/><F76/><W115/><G31/><T28/><D38/><U94/><E73/><V113/><F113/><W81/><G115/><T130/><D125/><U98/><E35/><V67/><F128/><W106/><G133/><T90/><D107/><U124/><E94/><N who="2" m="58423" /><F126/><N who="1" m="48169" /><E53/><V96/><F96/><W20/><G129/><T37/><D37/><U131/><E63/><N who="2" m="36351" /><F134/><W69/><G69/><T114/><D1/><U8/><E131/><V42/><F45/><W56/><G32/><T19/><D114/><U22/><E92/><V121/><F121/><W15/><G15/><T0/><D0/><U33/><E98/><V75/><F75/><W3/><G3/><T101/><D130/><U48/><E48/><N who="2" m="26639" /><F42/><W34/><G34/><T39/><D39/><U14/><E33/><V47/><F47/><W36/><G36/><T40/><D40/><U12/><E6/><V52/><F52/><W70/><G70/><T86/><D65/><AGARI ba="1,0" hai="16,18,64,65,67" m="26639,36351,58423" machi="65" ten="30,5800,0" yaku="8,1,52,1,54,1" doraHai="54" who="2" fromWho="0" sc="173,-61,362,0,361,61,104,0" /><INIT seed="2,2,0,0,1,116" ten="112,362,422,104" oya="2" hai0="89,83,70,54,122,32,87,60,55,80,104,4,2" hai1="107,51,117,121,37,82,7,34,26,95,12,129,111" hai2="99,133,50,31,69,40,101,17,28,94,35,130,38" hai3="90,10,112,96,65,91,115,93,110,131,118,24,109"/><V43/><F69/><W66/><G118/><T45/><D104/><U6/><E37/><V19/><F38/><W72/><G10/><T119/><D119/><U33/><E107/><V56/><F130/><W98/><G24/><T108/><D32/><U64/><E64/><V25/><F133/><W128/><REACH who="3" step="1"/><G93/><REACH who="3" ten="112,362,422,94" step="2"/><T15/><D2/><U16/><E95/><V105/><F105/><W29/><G29/><T30/><D30/><U58/><E26/><V103/><F28/><W22/><G22/><T132/><D15/><U47/><E12/><V124/><F25/><W125/><G125/><T77/><D4/><U85/><E6/><V18/><F31/><W106/><G106/><T61/><D132/><U41/><E7/><V63/><F94/><W135/><G135/><T1/><D1/><U27/><E27/><V13/><F13/><W123/><G123/><T42/><D122/><U73/><E121/><V39/><F124/><W46/><G46/><T113/><D45/><U53/><E47/><V79/><F35/><W52/><G52/><N who="0" m="20011" /><D42/><U102/><E53/><V114/><F40/><W49/><G49/><T71/><D61/><U86/><E41/><V57/><F50/><W97/><G97/><T9/><D9/><U5/><E51/><V23/><F43/><W84/><G84/><N who="0" m="48143" /><D60/><U21/><E34/><V78/><F39/><W92/><G92/><T81/><D81/><U59/><E82/><V67/><F63/><W44/><G44/><T48/><D48/><U3/><E33/><V11/><F23/><W76/><G76/><T14/><D14/><U88/><E117/><RYUUKYOKU ba="2,1" sc="112,-10,362,-10,422,-10,94,30" hai3="65,66,72,90,91,96,98,109,110,112,115,128,131" /><INIT seed="3,3,1,2,2,134" ten="102,352,412,124" oya="3" hai0="92,57,98,75,13,124,79,69,101,116,51,122,56" hai1="129,78,91,16,80,126,109,58,11,100,119,20,85" hai2="71,135,83,22,68,90,43,128,86,34,9,46,52" hai3="77,33,121,111,114,47,104,108,48,42,59,113,6"/><W66/><G121/><T70/><D116/><U8/><E119/><V106/><F34/><W26/><G104/><T88/><D122/><U3/><E3/><V30/><F106/><W123/><G123/><T1/><D1/><U55/><E129/><V87/><F128/><W40/><G77/><T62/><D75/><U76/><E109/><N who="3" m="42058" /><G6/><T84/><D79/><N who="1" m="30251" /><E126/><V107/><F107/><W95/><G95/><T38/><D38/><U130/><E100/><V65/><F65/><W60/><G42/><T24/><D24/><N who="1" m="14343" /><E130/><V110/><F110/><W99/><G99/><T39/><D39/><U81/><E81/><V50/><F135/><W21/><G33/><T36/><D36/><U18/><E18/><AGARI ba="3,1" hai="18,21,26,40,47,48,59,60,66,113,114" m="42058" machi="18" ten="30,2900,0" yaku="14,1,10,1" doraHai="134" who="3" fromWho="1" sc="102,0,352,-38,412,0,124,48" /><INIT seed="3,4,0,2,2,117" ten="102,314,412,172" oya="3" hai0="98,74,86,49,92,64,36,13,128,43,9,39,63" hai1="102,118,100,65,82,23,78,87,113,45,12,124,119" hai2="91,83,104,61,0,95,48,51,126,22,4,19,110" hai3="85,112,97,79,21,103,96,47,30,28,132,76,46"/><W57/><G112/><T33/><D33/><U42/><E113/><V94/><F104/><W122/><G132/><T20/><D74/><U25/><E65/><V108/><F126/><W105/><G57/><T7/><D128/><U88/><E124/><V17/><F61/><W121/><G21/><T106/><D106/><U2/><E2/><V41/><F0/><W90/><G105/><T111/><D111/><N who="2" m="42538" /><F4/><W134/><G134/><T54/><D43/><U27/><E12/><N who="2" m="9511" /><F19/><W26/><G26/><T114/><D86/><U34/><E34/><V11/><F11/><W72/><G85/><T75/><D75/><U71/><E71/><V10/><F10/><W29/><G72/><T40/><D40/><U84/><E118/><V59/><F48/><W120/><G90/><T15/><D15/><U56/><E56/><V32/><F32/><W37/><G37/><T115/><D20/><U18/><E27/><V1/><F1/><W89/><G89/><T70/><D39/><U133/><E133/><V66/><F66/><W55/><G55/><T101/><D36/><U129/><E129/><V135/><F59/><W68/><G68/><T99/><D115/><U73/><E119/><V107/><F107/><W3/><G3/><T38/><D38/><N who="1" m="21719" /><E73/><V77/><F91/><W127/><G127/><T116/><D116/><U6/><E6/><V69/><F69/><W50/><G103/><T16/><D7/><U62/><E62/><V60/><F60/><W80/><G80/><T31/><D114/><U109/><E109/><V93/><F135/><W35/><G35/><T125/><D125/><RYUUKYOKU ba="4,0" sc="102,-10,314,30,412,-10,172,-10" hai1="18,23,25,78,82,84,87,88,100,102" /><INIT seed="4,5,0,3,4,24" ten="92,344,402,162" oya="0" hai0="43,88,86,124,130,42,14,125,68,96,71,50,32" hai1="33,91,13,51,10,39,82,92,60,118,135,41,72" hai2="52,113,63,53,26,133,108,27,101,83,0,111,109" hai3="49,121,54,48,35,85,4,131,99,40,127,74,122"/><T20/><D32/><U16/><E118/><V69/><F0/><W34/><G74/><T5/><D130/><U44/><E135/><V129/><F101/><W132/><G132/><T119/><D119/><U61/><E33/><V95/><F95/><W89/><G131/><T107/><D107/><U98/><E39/><V120/><F120/><N who="3" m="46187" /><G127/><N who="0" m="48715" /><D96/><U115/><E115/><V116/><F116/><W73/><G73/><T22/><D20/><U36/><E36/><V9/><F9/><W59/><G4/><T25/><D50/><U64/><E64/><V6/><F6/><W84/><G99/><T78/><D78/><U102/><E72/><V126/><F126/><W105/><G105/><T81/><D14/><U38/><E38/><V134/><F113/><W11/><G11/><T1/><D1/><U104/><E104/><V31/><F26/><W97/><G97/><T12/><D12/><U58/><E102/><V112/><F112/><W56/><G56/><T123/><D5/><U87/><E58/><V94/><F129/><W117/><G117/><T23/><D123/><U2/><E2/><V103/><F133/><W66/><G66/><T21/><D25/><U7/><E7/><V30/><F27/><W75/><G75/><T37/><D37/><U77/><AGARI ba="5,0" hai="10,13,16,41,44,51,60,61,77,82,87,91,92,98" machi="77" ten="20,5200,0" yaku="0,1,7,1,8,1,54,1" doraHai="24" who="1" fromWho="1" sc="92,-31,344,67,402,-18,162,-18" /><INIT seed="5,0,0,0,2,20" ten="61,411,384,144" oya="1" hai0="9,50,68,116,88,55,97,92,5,120,94,98,41" hai1="37,14,49,61,119,118,25,46,15,129,64,31,59" hai2="63,132,43,42,70,60,83,32,12,117,23,84,133" hai3="16,36,86,28,75,135,85,131,47,72,110,77,106"/><U52/><E129/><V33/><F117/><W56/><G110/><T35/><D68/><U111/><E111/><V11/><F23/><W10/><G106/><T102/><D116/><U34/><E15/><V114/><F114/><W2/><G131/><T73/><D73/><U51/><E37/><V90/><F42/><W17/><G28/><T4/><D120/><U126/><E126/><V80/><F80/><W99/><G99/><T48/><D41/><U30/><E30/><V0/><F0/><W107/><G107/><T39/><D39/><U6/><E6/><V87/><F87/><W45/><G135/><N who="2" m="51785" /><F43/><W54/><G36/><T7/><D35/><N who="2" m="13386" /><F70/><W124/><G2/><T67/><D67/><U26/><E26/><V78/><F78/><W1/><G77/><T76/><D76/><U91/><E14/><V115/><F115/><W101/><G85/><T96/><D96/><U93/><E51/><V95/><F83/><W40/><G86/><AGARI ba="0,0" hai="25,31,34,46,49,52,59,61,64,86,91,93,118,119" machi="86" ten="30,5800,0" yaku="7,1,52,1,54,1" doraHai="20" who="1" fromWho="3" sc="61,0,411,58,384,0,144,-58" /><INIT seed="5,1,0,2,1,36" ten="61,469,384,86" oya="1" hai0="54,121,29,103,100,93,72,55,45,1,3,26,50" hai1="16,43,112,61,92,9,18,6,37,66,19,64,46" hai2="28,94,120,78,10,30,58,88,68,108,12,119,128" hai3="113,14,51,130,39,116,27,57,91,87,102,83,126"/><U129/><E112/><V63/><F68/><W4/><G113/><T60/><D72/><U82/><E129/><V127/><F119/><W33/><G39/><T65/><D121/><U40/><E40/><V44/><F120/><W23/><G130/><T53/><D103/><U2/><E92/><V95/><F128/><W118/><G126/><T34/><D1/><U17/><N who="1" m="4608" /><DORA hai="15" /><U135/><E135/><V96/><F78/><W32/><G32/><T69/><D3/><U47/><E47/><V98/><F44/><W75/><G33/><T13/><D13/><U22/><E61/><V31/><F108/><W67/><G75/><T111/><D111/><U71/><E71/><V11/><F12/><W89/><G14/><T79/><D79/><U42/><E42/><V125/><F125/><W99/><G116/><T7/><D7/><U70/><E70/><V48/><F48/><W97/><G4/><T114/><D114/><U101/><E101/><N who="2" m="60567" /><F127/><W59/><G118/><T52/><D53/><AGARI ba="1,0" hai="10,11,28,30,31,53,58,63,88,95,98" m="60567" machi="53" ten="30,2000,0" yaku="8,1,54,1" doraHai="36,15" who="2" fromWho="0" sc="61,-23,469,0,384,23,86,0" /><INIT seed="6,0,0,2,4,129" ten="38,469,407,86" oya="2" hai0="2,113,81,22,61,73,23,0,83,100,8,17,15" hai1="34,54,131,70,98,72,78,6,10,27,135,71,12" hai2="90,117,11,92,115,1,69,44,128,32,109,41,130" hai3="39,13,87,76,51,103,94,37,20,31,64,59,38"/><V111/><F69/><W125/><G125/><T48/><D113/><U133/><E78/><V79/><F79/><W93/><G103/><T56/><D0/><U30/><E72/><V122/><F32/><W104/><G104/><T80/><D100/><U127/><E127/><V3/><F117/><W124/><G124/><T114/><D114/><U108/><E108/><N who="2" m="41547" /><F122/><W35/><G35/><T58/><D73/><U33/><E33/><V7/><F115/><W40/><G76/><T21/><D2/><U120/><E120/><V67/><F67/><W16/><G64/><T74/><D74/><U132/><E131/><N who="2" m="50219" /><F1/><W49/><G39/><T4/><D4/><U99/><E54/><V63/><F63/><W82/><G38/><T24/><D61/><U57/><E57/><V134/><F134/><W96/><G59/><N who="0" m="22571" /><D48/><U102/><E98/><N who="2" m="57623" /><F44/><W119/><G119/><T123/><D123/><U60/><E60/><V112/><F112/><W18/><G37/><T84/><D24/><U50/><E50/><V43/><AGARI ba="0,0" hai="3,7,11,41,43" m="57623,50219,41547" machi="43" ten="40,3900,0" yaku="10,1,19,1" doraHai="129" who="2" fromWho="2" sc="38,-13,469,-13,407,39,86,-13" /><INIT seed="6,1,0,2,1,27" ten="25,456,446,73" oya="2" hai0="101,122,54,60,108,96,56,41,109,48,87,45,38" hai1="4,16,61,126,92,75,114,2,58,132,23,69,103" hai2="125,70,53,116,106,71,64,28,37,6,43,73,49" hai3="107,76,72,55,120,86,0,57,63,17,62,13,34"/><V117/><F73/><W50/><G120/><T7/><D7/><U74/><E69/><N who="2" m="26123" /><F6/><W121/><G121/><T123/><D87/><U118/><E118/><V18/><F18/><W130/><G72/><T91/><D91/><U44/><E4/><V1/><F1/><W98/><G0/><T77/><D77/><U12/><E2/><V115/><F28/><W82/><G34/><T95/><D123/><U97/><E126/><V99/><F99/><W5/><G5/><T112/><D122/><U11/><E11/><V8/><F8/><W88/><G130/><T22/><D22/><U25/><E12/><V89/><F89/><W51/><G107/><T46/><REACH who="0" step="1"/><D112/><REACH who="0" ten="15,456,446,73" step="2"/><U131/><E114/><V67/><F115/><W127/><G127/><T80/><D80/><U134/><E74/><V59/><F125/><W19/><G76/><T15/><D15/><U52/><E75/><V40/><F116/><W39/><G13/><T32/><D32/><U10/><E10/><V33/><F33/><W124/><G124/><T21/><D21/><U20/><E20/><V128/><F117/><W84/><G84/><T113/><D113/><U26/><E26/><V42/><F128/><W31/><G82/><T110/><D110/><U85/><E131/><V105/><F106/><W133/><G86/><T111/><D111/><U30/><E85/><V35/><F35/><W9/><G88/><T119/><D119/><U93/><E93/><V83/><F83/><W29/><G98/><T3/><D3/><U36/><E16/><V66/><F105/><W79/><G19/><T78/><D78/><RYUUKYOKU ba="1,1" sc="15,10,456,10,446,10,73,-30" hai0="38,41,45,46,48,54,56,60,95,96,101,108,109" hai1="23,25,30,36,44,52,58,61,92,97,103,132,134" hai2="37,40,42,43,49,53,59,64,66,67" /><INIT seed="6,2,1,4,1,116" ten="25,466,456,43" oya="2" hai0="34,97,12,103,16,120,14,68,23,55,84,4,39" hai1="27,131,60,95,101,100,8,112,20,7,49,67,134" hai2="122,87,78,109,125,64,62,90,9,135,86,108,18" hai3="1,105,113,10,2,94,126,92,79,82,75,51,56"/><V106/><F106/><W5/><G105/><T3/><D3/><U37/><E37/><V0/><F125/><W25/><G1/><T118/><D34/><U76/><E112/><V77/><F135/><W81/><G126/><T72/><D72/><U11/><E134/><V15/><F0/><W107/><G107/><T54/><D118/><U6/><E76/><V45/><F45/><W28/><G113/><T73/><D73/><U53/><E131/><V93/><F122/><W33/><REACH who="3" step="1"/><G82/><REACH who="3" ten="25,466,456,33" step="2"/><T50/><D39/><U44/><E95/><V70/><REACH who="2" step="1"/><F86/><REACH who="2" ten="25,466,446,33" step="2"/><W88/><G88/><T42/><D84/><U22/><E101/><V66/><F66/><W69/><G69/><T41/><D68/><U17/><E100/><V74/><F74/><W119/><G119/><T85/><D85/><U129/><E129/><V35/><F35/><W133/><G133/><T59/><D103/><U63/><E67/><V21/><F21/><W65/><G65/><T61/><D23/><U71/><E22/><V52/><F52/><AGARI ba="2,3" hai="2,5,10,25,28,33,51,52,56,75,79,81,92,94" machi="52" ten="40,2600,0" yaku="1,1,54,1,53,0" doraHai="116" doraHaiUra="38" who="3" fromWho="2" sc="25,0,466,0,446,-32,33,62" /><INIT seed="7,0,0,1,0,58" ten="25,466,414,95" oya="3" hai0="97,88,123,50,107,79,80,28,85,108,60,127,56" hai1="24,23,81,105,98,10,0,45,62,71,63,112,87" hai2="38,37,125,43,8,1,51,39,41,53,67,35,114" hai3="102,6,34,115,21,106,134,82,73,95,18,44,14"/><W36/><G34/><T64/><D108/><U109/><E71/><V78/><F35/><W61/><G106/><T31/><D127/><U15/><E0/><V84/><F125/><W16/><G115/><T128/><D128/><U132/><E109/><V68/><F8/><W9/><G6/><T103/><D123/><U94/><E105/><V19/><F19/><W59/><G134/><T92/><REACH who="0" step="1"/><D50/><REACH who="0" ten="15,466,414,95" step="2"/><U120/><E120/><V99/><F1/><W47/><G36/><T42/><D42/><N who="2" m="15882" /><F99/><AGARI ba="0,1" hai="28,31,56,60,64,79,80,85,88,92,97,99,103,107" machi="99" ten="30,7700,0" yaku="1,1,7,1,52,1,54,1,53,0" doraHai="58" doraHaiUra="12" who="0" fromWho="2" sc="15,87,466,0,414,-77,95,0" owari="102,-30.0,466,56.0,337,14.0,95,-40.0" /></mjloggm>