<mjloggm ver="2.3"><GO type="33" lobby="0"/><UN n0="%67%78%72%76" n1="%E5%B0%B1%E6%B4%BB%E7%94%9F%40%E5%B7%9D%E6%9D%91%E8%BB%8D%E5%9B%A3" n2="%E3%81%8D%E3%81%BF%E3%81%9F%E3%81%BE%E3%81%94" n3="%E5%B7%9D%E6%9D%91%E6%99%83%E8%A3%95%EF%BC%88%E4%B8%A1%E6%96%B9%EF%BC%89" dan="14,14,15,15" rate="1880.62,1982.85,2033.23,2020.94" sx="M,M,M,M"/><TAIKYOKU oya="0"/><INIT seed="0,0,0,5,1,38" ten="250,250,250,250" oya="0" hai0="104,111,20,47,24,4,69,48,85,108,92,103,26" hai1="73,37,118,84,101,75,42,72,31,79,52,55,128" hai2="106,0,3,67,13,29,135,93,127,21,43,131,78" hai3="44,7,6,121,90,94,107,35,77,81,119,88,102"/><T34/><D69/><U53/><E118/><V8/><F106/><W66/><G35/><T74/><D74/><U117/><E117/><V22/><F78/><W122/><G119/><T41/><D104/><U56/><E128/><V33/><F67/><W71/><G107/><T30/><D4/><N who="3" m="1577" /><G44/><T12/><D12/><U59/><E31/><V54/><F93/><W11/><G11/><T116/><D116/><U125/><E125/><V61/><F33/><W36/><G36/><T87/><D103/><U91/><E79/><V130/><F3/><W132/><G132/><T1/><D1/><U89/><E101/><V64/><F0/><W82/><G102/><T112/><D112/><U129/><E129/><N who="2" m="49163" /><F54/><W65/><G71/><T45/><D45/><U63/><E84/><V105/><F105/><W40/><G94/><T60/><D92/><U9/><E9/><V18/><F127/><W100/><G100/><T10/><D10/><U46/><REACH who="1" step="1"/><E59/><REACH who="1" ten="250,240,250,250" step="2"/><N who="2" m="36927" /><F29/><W2/><G77/><T120/><D85/><U14/><E14/><V57/><F135/><W83/><G2/><T96/><D87/><U114/><E114/><V17/><F57/><W86/><G86/><T68/><D96/><U27/><E27/><N who="2" m="14767" /><F8/><W134/><G134/><T97/><D97/><U70/><E70/><V113/><F113/><W115/><G115/><T109/><D68/><U133/><E133/><V50/><F50/><W98/><G98/><T123/><D60/><U76/><E76/><V58/><F58/><W110/><G81/><T80/><D80/><U95/><E95/><V28/><F28/><AGARI ba="0,1" hai="20,24,26,28,30,34,41,47,48,108,109,111,120,123" machi="28" ten="40,7700,0" yaku="14,1,10,1,52,1" doraHai="38" who="0" fromWho="2" sc="250,87,240,0,250,-77,250,0" /><INIT seed="0,1,0,1,0,8" ten="337,240,173,250" oya="0" hai0="24,23,13,110,46,89,113,103,82,45,84,73,20" hai1="74,106,131,64,12,130,108,100,14,105,98,10,72" hai2="83,123,79,121,80,35,38,118,132,47,60,117,32" hai3="7,57,41,78,109,116,31,4,134,119,135,17,36"/><T93/><D113/><U65/><E108/><V15/><F60/><W75/><G109/><T42/><D110/><U9/><E98/><V68/><F47/><N who="3" m="23975" /><G31/><T3/><D3/><U29/><E29/><V59/><F59/><W67/><G17/><N who="0" m="10287" /><D73/><U112/><REACH who="1" step="1"/><E100/><REACH who="1" ten="337,230,173,250" step="2"/><V50/><F121/><W120/><G120/><T43/><D103/><U114/><AGARI ba="1,1" hai="9,10,12,14,64,65,72,74,105,106,112,114,130,131" machi="114" ten="25,12000,2" yaku="1,1,2,1,0,1,22,2,52,2,53,0" doraHai="8" doraHaiUra="54" who="1" fromWho="1" sc="337,-61,230,133,173,-31,250,-31" /><INIT seed="1,0,0,5,5,88" ten="276,363,142,219" oya="1" hai0="54,115,69,32,128,116,77,38,13,93,129,18,102" hai1="15,134,78,28,91,82,122,43,120,75,87,63,56" hai2="133,107,132,34,19,72,119,3,114,105,61,9,135" hai3="95,62,6,100,27,30,79,59,12,104,101,130,81"/><U92/><E134/><N who="2" m="51819" /><F19/><W80/><G104/><N who="2" m="40009" /><F61/><W76/><G130/><N who="0" m="50283" /><D115/><U90/><E43/><V24/><N who="2" m="51827" /><V52/><DORA hai="53" /><F52/><N who="3" m="34151" /><G27/><T22/><D116/><U68/><E68/><V125/><F72/><W66/><G30/><T29/><D38/><U108/><E28/><N who="2" m="19719" /><F125/><W10/><G66/><T35/><D29/><U110/><E15/><V7/><F114/><W124/><G124/><T2/><D69/><U97/><E56/><V118/><AGARI ba="0,0" hai="3,7,9,118,119" m="19719,40009,51827" machi="118" ten="50,3200,0" yaku="20,1,23,1" doraHai="88,53" who="2" fromWho="2" sc="276,-8,363,-16,142,32,219,-8" /><INIT seed="2,0,0,1,4,72" ten="268,347,174,211" oya="2" hai0="109,107,125,61,73,7,82,110,106,129,11,118,89" hai1="48,105,77,43,92,86,104,16,135,59,8,133,124" hai2="117,62,52,33,121,13,132,3,5,6,66,56,93" hai3="29,58,120,111,44,37,115,36,41,25,85,51,30"/><V46/><F33/><W19/><G120/><T91/><D129/><U90/><E124/><V75/><F75/><W12/><G111/><N who="0" m="42507" /><D125/><U63/><E43/><V39/><F121/><W68/><G68/><T98/><D118/><U101/><E48/><N who="2" m="28695" /><F3/><W35/><G30/><T31/><D31/><U54/><E101/><V21/><F39/><W70/><G70/><T0/><D61/><U81/><E8/><V65/><F117/><W1/><G1/><T71/><D71/><U32/><E32/><V127/><F132/><N who="1" m="50761" /><E16/><N who="2" m="10383" /><F127/><W83/><G58/><T42/><D42/><U119/><E119/><V79/><F79/><W95/><G95/><N who="0" m="56687" /><D91/><U102/><E102/><V28/><F28/><W74/><G74/><AGARI ba="0,0" hai="54,59,63,74,77,81,86,90,92,104,105" m="50761" machi="74" ten="30,2000,0" yaku="20,1,52,1" doraHai="72" who="1" fromWho="3" sc="268,0,347,20,174,0,211,-20" /><INIT seed="3,0,0,2,4,51" ten="268,367,174,191" oya="3" hai0="67,107,9,95,17,21,45,49,27,46,113,32,135" hai1="72,130,114,120,64,73,96,61,87,20,128,134,26" hai2="68,22,15,34,30,93,91,123,80,70,78,133,36" hai3="101,1,99,127,100,50,117,62,75,119,76,66,111"/><W43/><G1/><T38/><D107/><U88/><E120/><V115/><F36/><W3/><G3/><T42/><D135/><U5/><E114/><V39/><F39/><W90/><G127/><T23/><D113/><U59/><E5/><V105/><F105/><W118/><G111/><T85/><D67/><U35/><E96/><N who="2" m="57407" /><F34/><W57/><G90/><T86/><D32/><U18/><E35/><V106/><F106/><W40/><G99/><T25/><D9/><U7/><E7/><V122/><F115/><W11/><G11/><T13/><D95/><U47/><E47/><V28/><F133/><W31/><G31/><N who="2" m="11817" /><F22/><W63/><G63/><T132/><D132/><U24/><E134/><V116/><F15/><W82/><REACH who="3" step="1"/><G50/><REACH who="3" ten="268,367,174,181" step="2"/><T4/><D38/><U103/><E103/><AGARI ba="0,1" hai="40,43,57,62,66,75,76,82,100,101,103,117,118,119" machi="103" ten="40,3900,0" yaku="1,1,2,1,53,0" doraHai="51" doraHaiUra="84" who="3" fromWho="1" sc="268,0,367,-39,174,0,181,49" /><INIT seed="3,1,0,3,4,59" ten="268,328,174,230" oya="3" hai0="53,81,62,17,117,128,39,57,80,4,114,58,121" hai1="74,48,76,88,45,87,72,82,19,23,49,15,122" hai2="118,5,110,134,56,27,18,41,2,116,125,106,37" hai3="127,65,43,124,44,46,69,107,50,13,86,8,102"/><W38/><G86/><T66/><D117/><U84/><E122/><V79/><F56/><W60/><G102/><T71/><D121/><U67/><E67/><V126/><F79/><W30/><G30/><T89/><D39/><U109/><E109/><V77/><F77/><W22/><G22/><T105/><D105/><U36/><E36/><V32/><F41/><N who="3" m="22583" /><G13/><T24/><D114/><U40/><E49/><V21/><F37/><N who="3" m="21871" /><G8/><T31/><D71/><U16/><E19/><V28/><F106/><W95/><G95/><AGARI ba="1,0" hai="15,16,23,40,45,48,72,74,76,82,84,87,88,95" machi="95" ten="30,3900,0" yaku="7,1,54,2" doraHai="59" who="1" fromWho="3" sc="268,0,328,42,174,0,230,-42" owari="268,7.0,370,47.0,174,-33.0,188,-21.0" /></mjloggm>