<mjloggm ver="2.3"><GO type="193" lobby="0"/><UN n0="%E5%B0%B1%E6%B4%BB%E7%94%9F%40%E5%B7%9D%E6%9D%91%E8%BB%8D%E5%9B%A3" n1="%E3%81%AA%E3%82%80%E3%81%AB%E3%81%8F" n2="%E9%8A%80%E7%BF%BC" n3="%E3%83%9E%E3%83%AA%E3%83%BC%E3%83%8D%E3%83%A9%E3%82%A4%E3%82%BF%E3%83%BC" dan="12,11,12,11" rate="1797.48,1754.46,1781.63,1530.41" sx="M,M,M,M"/><TAIKYOKU oya="0"/><INIT seed="0,0,0,5,3,113" ten="250,250,250,250" oya="0" hai0="30,122,72,88,132,18,23,71,135,130,48,98,80" hai1="24,109,40,69,20,66,103,127,82,117,126,85,119" hai2="12,41,128,17,22,44,53,100,11,15,60,70,118" hai3="61,134,110,33,81,29,67,92,26,49,52,106,57"/><T27/><D122/><U0/><E0/><V63/><F128/><W54/><G110/><T51/><D130/><U75/><E75/><V59/><F100/><W79/><G106/><T64/><D72/><U78/><E40/><V115/><F115/><W21/><G134/><N who="0" m="51243" /><D71/><U34/><E34/><V90/><F90/><W62/><G33/><T2/><D64/><U93/><E69/><V13/><F118/><W121/><G121/><T96/><D2/><U16/><E66/><V1/><F70/><W43/><G92/><N who="0" m="56327" /><D98/><N who="1" m="59855" /><E109/><V89/><F89/><W42/><G62/><T97/><D97/><U94/><E94/><V35/><F35/><W58/><REACH who="3" step="1"/><G54/><REACH who="3" ten="250,250,250,240" step="2"/><T95/><D95/><U104/><E104/><V108/><F63/><W5/><G5/><T131/><D131/><U65/><E65/><V55/><F108/><W111/><G111/><T39/><D80/><U46/><E46/><V116/><F55/><W6/><G6/><T102/><D39/><U73/><E73/><AGARI ba="0,1" hai="21,26,29,42,43,49,52,57,58,61,67,73,79,81" machi="73" ten="30,3900,0" yaku="1,1,7,1,54,1,53,0" doraHai="113" doraHaiUra="8" who="3" fromWho="1" sc="250,0,250,-39,250,0,240,49" /><INIT seed="1,0,0,0,4,86" ten="250,211,250,289" oya="1" hai0="67,98,113,55,127,39,65,4,74,102,47,132,79" hai1="0,72,70,34,11,3,61,51,37,46,130,44,71" hai2="81,114,27,107,101,119,121,57,36,89,106,48,32" hai3="23,33,94,109,22,14,2,59,123,58,24,64,128"/><U62/><E62/><V77/><F36/><W18/><G123/><T111/><D113/><U105/><E34/><V45/><F119/><W15/><G109/><T9/><D127/><U131/><E72/><V75/><F121/><W87/><G128/><N who="1" m="49194" /><E105/><V50/><F114/><W83/><G2/><N who="1" m="554" /><E11/><V52/><F101/><W78/><G94/><T35/><D35/><U134/><E61/><V115/><F115/><W10/><G33/><T110/><D74/><U122/><E122/><V112/><F112/><W54/><G64/><T12/><D79/><U129/><E129/><V30/><REACH who="2" step="1"/><F89/><REACH who="2" ten="250,211,240,289" step="2"/><W80/><G54/><AGARI ba="0,1" hai="27,30,32,45,48,50,52,54,57,75,77,81,106,107" machi="54" ten="30,7700,0" yaku="1,1,2,1,7,1,54,1,53,0" doraHai="86" doraHaiUra="16" who="2" fromWho="3" sc="250,0,211,0,240,87,289,-77" /><INIT seed="2,0,0,3,5,40" ten="250,211,327,212" oya="2" hai0="82,30,83,95,98,117,71,18,60,37,24,35,46" hai1="72,45,43,39,126,70,132,111,13,10,17,66,125" hai2="32,74,19,0,81,87,38,53,52,64,105,127,113" hai3="65,85,36,69,28,11,4,21,89,79,131,130,84"/><V99/><F32/><W44/><G79/><T7/><D117/><U121/><E72/><V22/><F0/><W133/><G28/><T2/><D18/><U93/><E121/><V47/><F74/><W122/><G122/><T59/><D71/><U75/><E75/><V12/><F113/><W15/><G133/><T128/><D128/><N who="3" m="49193" /><G21/><T3/><D82/><U135/><E93/><V103/><F64/><W116/><G116/><T20/><D83/><U77/><E77/><V97/><F97/><W14/><G89/><T115/><D35/><U109/><E70/><V110/><F110/><N who="1" m="41993" /><E66/><V80/><F80/><W102/><G102/><N who="0" m="60767" /><D7/><U16/><E17/><V100/><F100/><W86/><G69/><T51/><D115/><U120/><E120/><V8/><F22/><W119/><G119/><T94/><D94/><U112/><E112/><V118/><F118/><W55/><G65/><N who="0" m="39071" /><D37/><U42/><E39/><V134/><F81/><W114/><G114/><T78/><D78/><U106/><E106/><V108/><F105/><W9/><G36/><T61/><D61/><U5/><E5/><V57/><F38/><W31/><G31/><T92/><D92/><U76/><E76/><V1/><F108/><W41/><G41/><AGARI ba="0,0" hai="2,3,20,24,30,41,46,51" m="39071,60767" machi="41" ten="30,2000,0" yaku="25,1,52,1" doraHai="40" who="0" fromWho="3" sc="250,20,211,0,327,0,212,-20" /><INIT seed="3,0,0,2,1,31" ten="270,211,327,192" oya="3" hai0="10,54,9,125,43,77,61,72,15,115,122,39,65" hai1="85,86,57,110,11,3,99,51,114,44,55,14,127" hai2="84,40,128,2,124,60,16,88,71,23,64,135,131" hai3="30,87,48,98,46,109,50,112,63,19,47,94,119"/><W121/><G119/><T106/><D122/><U97/><E3/><V37/><F2/><W59/><G121/><T126/><D106/><U95/><E114/><V96/><F96/><W81/><G112/><T8/><D115/><U89/><E127/><V13/><F124/><W18/><G109/><T75/><D54/><U134/><E134/><V5/><F5/><W68/><G68/><T117/><D117/><U38/><E38/><V105/><F105/><W52/><G30/><T35/><D35/><U1/><E1/><V133/><F40/><W73/><G73/><T62/><D125/><U102/><E110/><V132/><F37/><W78/><G98/><T12/><D126/><U123/><E123/><V29/><F29/><W36/><G36/><T100/><D100/><U67/><E67/><V74/><F74/><W27/><G94/><AGARI ba="0,0" hai="13,16,23,60,64,71,84,88,94,128,131,132,133,135" machi="94" ten="40,5200,0" yaku="20,1,54,2" doraHai="31" who="2" fromWho="3" sc="270,0,211,0,327,52,192,-52" owari="270,7.0,211,-19.0,379,48.0,140,-36.0" /></mjloggm>