<mjloggm ver="2.3"><GO type="97" lobby="0"/><UN n0="%E3%83%8B%E3%83%A2%E3%83%AB" n1="%E9%88%8D%E5%99%A8%E9%A0%AC%E6%89%8B" n2="%72%65%64%73%72%65%64%73" n3="%E3%82%A6%E3%83%AB%E3%83%88%E3%83%A9%E7%AB%8B%E7%9B%B4" dan="13,13,15,13" rate="1883.07,1857.30,1908.41,1845.80" sx="M,M,M,M"/><TAIKYOKU oya="0"/><INIT seed="0,0,0,4,1,108" ten="250,250,250,250" oya="0" hai0="59,14,4,93,45,22,75,32,44,31,20,58,111" hai1="56,46,123,65,124,0,133,85,131,95,13,83,35" hai2="110,17,74,10,106,103,69,112,28,113,118,55,94" hai3="36,52,125,2,21,33,60,3,23,68,117,134,81"/><T96/><D75/><U41/><E123/><V73/><F106/><W29/><G36/><T72/><D32/><U61/><E0/><V122/><F122/><W121/><G117/><T24/><D72/><U109/><E109/><V18/><F69/><W1/><G121/><T49/><D111/><U87/><E35/><V7/><F110/><W120/><G120/><T30/><D30/><U11/><E133/><V130/><F28/><W48/><G134/><T82/><D82/><U71/><E131/><V90/><F103/><W47/><G125/><T92/><D92/><U100/><E124/><V97/><F74/><W84/><G68/><T12/><D12/><U80/><E71/><V8/><F73/><W57/><G29/><T77/><D77/><N who="1" m="46223" /><E46/><N who="0" m="18025" /><D49/><U43/><E100/><V19/><F130/><W34/><G34/><T126/><D126/><U54/><E65/><V79/><F79/><W99/><G33/><T101/><D20/><U76/><E95/><V16/><F118/><W128/><G128/><T9/><AGARI ba="0,0" hai="4,9,14,22,24,31,58,59,93,96,101" m="18025" machi="9" ten="30,1500,0" yaku="8,1" doraHai="108" who="0" fromWho="0" sc="250,15,250,-5,250,-5,250,-5" /><INIT seed="0,1,0,0,2,45" ten="265,245,245,245" oya="0" hai0="77,32,89,121,11,34,78,84,93,65,64,43,74" hai1="99,114,38,22,122,24,23,91,85,106,110,35,50" hai2="97,109,2,33,8,82,112,80,135,14,104,101,42" hai3="71,13,7,115,36,105,51,120,59,12,94,67,15"/><T123/><D121/><U4/><E110/><V20/><F33/><W103/><G105/><T37/><D123/><U86/><E122/><V125/><F112/><W57/><G36/><T124/><D32/><U98/><E38/><V58/><F2/><W95/><G115/><T41/><D34/><U111/><E111/><V76/><F109/><W26/><G120/><T56/><D124/><U100/><E114/><V113/><F113/><W79/><G79/><N who="0" m="30219" /><D74/><U128/><E128/><V17/><F135/><W118/><G118/><T83/><D37/><U96/><E4/><V102/><F102/><W28/><G7/><T25/><D25/><U9/><E9/><V6/><F42/><N who="0" m="15882" /><D83/><U129/><E129/><V61/><F76/><W19/><G26/><T30/><D30/><U31/><E106/><V108/><F125/><W5/><G28/><T69/><D69/><U126/><E126/><V92/><F104/><W48/><G71/><T40/><N who="0" m="15890" /><T66/><DORA hai="55" /><D11/><U70/><E70/><V18/><F108/><W133/><G133/><T21/><D21/><N who="1" m="15759" /><E100/><V60/><F20/><N who="1" m="7721" /><E35/><V72/><F72/><W73/><G73/><T46/><D46/><U63/><E63/><AGARI ba="1,0" hai="56,63,64,65,66,84,89,93" m="15890,30219" machi="63" ten="40,3900,0" yaku="8,1,52,1" doraHai="45,55" who="0" fromWho="1" sc="265,42,245,-42,245,0,245,0" /><INIT seed="0,2,0,0,3,6" ten="307,203,245,245" oya="0" hai0="98,40,56,28,89,128,76,11,34,79,106,16,121" hai1="132,0,129,35,70,73,22,119,68,105,122,55,114" hai2="124,123,71,109,29,110,20,133,43,53,135,131,46" hai3="61,58,115,52,126,48,65,134,27,14,72,63,4"/><T31/><D121/><U44/><E22/><V97/><F123/><W60/><G72/><T103/><D128/><U59/><E59/><V19/><F71/><W18/><G115/><T54/><D40/><U99/><E55/><V117/><F131/><W30/><G126/><T74/><D74/><U125/><E44/><V33/><F124/><W57/><G4/><T95/><D34/><U5/><E5/><V92/><F53/><W24/><G134/><N who="2" m="51209" /><F29/><N who="0" m="11338" /><D103/><U8/><E8/><V102/><F33/><W21/><REACH who="3" step="1"/><G27/><REACH who="3" ten="307,203,245,235" step="2"/><T104/><D106/><U1/><E1/><V90/><F117/><W91/><G91/><T75/><D104/><U32/><E32/><AGARI ba="2,1" hai="14,18,21,24,30,32,48,52,57,58,60,61,63,65" machi="32" ten="30,7700,0" yaku="1,1,7,1,54,1,53,1" doraHai="6" doraHaiUra="13" who="3" fromWho="1" sc="307,0,203,-83,245,0,235,93" /><INIT seed="1,0,0,1,0,92" ten="307,120,245,328" oya="1" hai0="43,78,64,85,99,117,74,62,94,124,116,21,47" hai1="108,90,68,40,32,105,82,107,4,46,3,18,35" hai2="24,127,30,75,72,53,33,102,67,104,12,14,39" hai3="98,42,112,36,119,132,56,49,100,59,17,123,77"/><U66/><E3/><V70/><F39/><W101/><G112/><T50/><D74/><N who="2" m="28202" /><F53/><W38/><G77/><T87/><D124/><U41/><E4/><V115/><F127/><W55/><G123/><T13/><D117/><U58/><E68/><V0/><F0/><W134/><G119/><T16/><D116/><U76/><E76/><V97/><F115/><W122/><G122/><T51/><D51/><U60/><E108/><V27/><F27/><W34/><G34/><T6/><D6/><U86/><E18/><V131/><F131/><W114/><G114/><T93/><D78/><U129/><E129/><V135/><F135/><N who="3" m="51755" /><G101/><N who="0" m="60655" /><D94/><U121/><E121/><V128/><F128/><W111/><G111/><T80/><D80/><U73/><E73/><V5/><F5/><W15/><G59/><AGARI ba="0,0" hai="13,16,21,43,47,50,59,62,64,85,87" m="60655" machi="59" ten="30,3900,0" yaku="8,1,52,1,54,1" doraHai="92" who="0" fromWho="3" sc="307,39,120,0,245,0,328,-39" /><INIT seed="2,0,0,5,4,109" ten="346,120,245,289" oya="2" hai0="100,71,0,135,120,51,110,82,8,70,105,78,121" hai1="10,18,130,129,116,69,79,29,7,48,81,19,43" hai2="3,67,76,15,39,90,75,74,26,61,12,133,95" hai3="132,104,64,128,16,28,9,30,17,38,125,80,106"/><V93/><F3/><W62/><G38/><T122/><D110/><U14/><E116/><V65/><F39/><W86/><G125/><T68/><D135/><U84/><E69/><V37/><F37/><W107/><G132/><T50/><D50/><U85/><E29/><V103/><F133/><W72/><G72/><T31/><D31/><U117/><E117/><V20/><F76/><W118/><G118/><T41/><D51/><U102/><E102/><V53/><F75/><W134/><G134/><T111/><D111/><U55/><E130/><V2/><F2/><W96/><G96/><T5/><D41/><U13/><E129/><V58/><F74/><W92/><G92/><N who="2" m="35401" /><F90/><W112/><G128/><T115/><D100/><U35/><E35/><V94/><N who="2" m="35409" /><V91/><DORA hai="99" /><F91/><N who="3" m="51655" /><G104/><T32/><D32/><U57/><E43/><V98/><F98/><W34/><G106/><T6/><D6/><U88/><REACH who="1" step="1"/><E14/><REACH who="1" ten="346,110,245,289" step="2"/><N who="2" m="5163" /><F103/><W63/><G34/><T113/><REACH who="0" step="1"/><D105/><REACH who="0" ten="336,110,245,289" step="2"/><U77/><E77/><V42/><F42/><W54/><G107/><T101/><D101/><U21/><E21/><V11/><F11/><W27/><G9/><T40/><D40/><U56/><E56/><V73/><F73/><AGARI ba="0,2" hai="0,5,8,68,70,71,73,78,82,113,115,120,121,122" machi="73" ten="50,12000,2" yaku="1,1,23,2,52,2,53,1" doraHai="109,99" doraHaiUra="23,33" who="0" fromWho="2" sc="336,140,110,0,245,-120,289,0" /><INIT seed="3,0,0,1,1,91" ten="476,110,125,289" oya="3" hai0="85,114,83,120,130,50,119,66,35,80,81,19,95" hai1="135,107,60,29,56,123,121,75,45,78,44,3,7" hai2="6,79,118,115,32,112,111,86,28,113,82,110,48" hai3="122,106,116,37,76,132,124,25,71,55,129,2,1"/><W94/><G55/><T54/><D35/><U105/><E29/><V100/><F118/><W134/><G25/><T102/><D120/><U40/><E135/><V43/><F6/><W18/><G18/><T20/><D119/><U21/><E21/><V67/><F100/><W58/><G58/><N who="0" m="33111" /><D130/><U46/><E40/><V93/><F93/><W62/><G62/><T64/><D114/><U127/><E127/><V74/><F67/><N who="0" m="25642" /><D95/><U117/><E117/><V87/><F28/><W33/><G94/><T65/><D65/><U11/><E60/><V22/><F32/><W109/><G76/><N who="0" m="46215" /><D102/><U14/><E56/><V126/><F126/><W0/><G0/><T98/><D98/><U8/><E75/><V41/><F41/><W104/><G2/><T63/><D63/><U97/><E78/><V30/><F43/><W59/><G59/><T38/><D38/><U70/><E70/><V57/><F57/><W68/><G68/><T5/><D5/><U49/><E49/><V16/><F30/><W13/><G13/><AGARI ba="0,0" hai="13,19,20,81,83" m="46215,25642,33111" machi="13" ten="30,1000,0" yaku="8,1" doraHai="91" who="0" fromWho="3" sc="476,10,110,0,125,0,289,-10" owari="486,58.0,110,-39.0,125,-27.0,279,8.0" /></mjloggm>