<mjloggm ver="2.3"><GO type="193" lobby="0"/><UN n0="%6B%6F%75%6A%69%32%37" n1="%46%6F%72%6D%65%72%41" n2="%E5%B0%B1%E6%B4%BB%E7%94%9F%40%E5%B7%9D%E6%9D%91%E8%BB%8D%E5%9B%A3" n3="%E9%BB%92%E2%80%90%E3%83%98%E3%82%A4%E2%80%90" dan="13,11,11,12" rate="1755.83,1651.17,1782.09,1670.45" sx="M,M,M,M"/><TAIKYOKU oya="0"/><INIT seed="0,0,0,2,2,91" ten="250,250,250,250" oya="0" hai0="61,118,92,88,128,26,76,77,67,49,5,57,125" hai1="135,52,9,21,83,16,62,84,15,7,38,29,71" hai2="34,101,79,59,129,108,30,43,113,18,95,17,123" hai3="10,78,28,45,87,13,120,74,6,35,65,37,131"/><T39/><D118/><U11/><E135/><V46/><F123/><W24/><G120/><T114/><D114/><U126/><E38/><V81/><F113/><W134/><G131/><T40/><D128/><U27/><E126/><V32/><F129/><W47/><G134/><T58/><D125/><U8/><E71/><V85/><F108/><W109/><G65/><T105/><D105/><U112/><E112/><V1/><F1/><W66/><G66/><T115/><D115/><U117/><E117/><V132/><F132/><W104/><G104/><T80/><D39/><U119/><E119/><V4/><F4/><W107/><G107/><T20/><D5/><U70/><E70/><V41/><F59/><W121/><G109/><T48/><D40/><U75/><E75/><V96/><F43/><W42/><G121/><T94/><D57/><N who="1" m="35111" /><E7/><V72/><F72/><W90/><G47/><T3/><D3/><U23/><E23/><V82/><F82/><W93/><G78/><AGARI ba="0,0" hai="8,9,11,15,16,21,27,29,78,83,84" m="35111" machi="78" ten="30,3900,0" yaku="8,1,54,2" doraHai="91" who="1" fromWho="3" sc="250,0,250,39,250,0,250,-39" /><INIT seed="1,0,0,3,0,127" ten="250,289,250,211" oya="1" hai0="110,66,111,116,6,74,77,19,115,97,123,11,52" hai1="17,119,128,112,124,25,78,33,64,102,70,46,84" hai2="85,62,54,29,24,90,79,132,65,44,94,27,23" hai3="8,129,134,21,18,117,49,130,36,53,122,48,55"/><U37/><E124/><V69/><F132/><W34/><G122/><T103/><D66/><U41/><E119/><V5/><F5/><W101/><G34/><T76/><D19/><U67/><E112/><V93/><F79/><N who="0" m="30282" /><D52/><N who="3" m="20041" /><G36/><T88/><D11/><U61/><E67/><V68/><F68/><W22/><G134/><T31/><D31/><N who="1" m="19695" /><E17/><V32/><F54/><W133/><G101/><T118/><D6/><U43/><E43/><V20/><F44/><W58/><G133/><T9/><D9/><U56/><E84/><V81/><REACH who="2" step="1"/><F32/><REACH who="2" ten="250,289,240,211" step="2"/><W10/><G117/><N who="0" m="45163" /><D123/><U106/><E78/><V0/><F0/><W109/><G58/><T39/><D115/><U12/><E56/><V104/><F104/><W86/><G109/><N who="0" m="41483" /><D39/><U80/><E12/><V131/><F131/><N who="3" m="50187" /><G86/><T96/><D74/><U2/><E128/><V83/><F83/><W13/><G22/><T72/><D72/><U35/><E80/><V42/><F42/><W95/><G95/><T82/><D103/><U60/><E35/><V120/><F120/><W126/><G126/><T75/><D75/><U14/><E14/><V1/><F1/><W105/><G105/><T7/><D7/><U57/><E57/><V4/><F4/><W45/><G45/><T108/><D108/><U15/><E15/><V28/><AGARI ba="0,1" hai="20,23,24,27,28,29,62,65,69,81,85,90,93,94" machi="28" ten="20,5200,0" yaku="1,1,0,1,7,1,9,1,53,0" doraHai="127" doraHaiUra="100" who="2" fromWho="2" sc="250,-13,289,-26,240,62,211,-13" /><INIT seed="2,0,0,2,3,15" ten="237,263,302,198" oya="2" hai0="3,47,130,77,79,115,36,12,112,30,42,70,117" hai1="23,54,55,49,92,91,109,121,62,86,78,73,123" hai2="88,100,2,132,32,50,68,118,85,72,61,14,97" hai3="21,34,46,39,48,31,127,1,28,107,82,134,22"/><V20/><F2/><W94/><G107/><T18/><D3/><U11/><E109/><V60/><F72/><W76/><G127/><T81/><D117/><U59/><E73/><V8/><F32/><W129/><G134/><T90/><D70/><U58/><E78/><V44/><F118/><W40/><G129/><T75/><D130/><U104/><E104/><V53/><F132/><W25/><G1/><T133/><D133/><U64/><E64/><V69/><F20/><W16/><G39/><T43/><D43/><U19/><REACH who="1" step="1"/><E11/><REACH who="1" ten="237,253,302,198" step="2"/><V122/><F122/><W93/><G31/><T29/><D79/><U57/><E57/><V106/><F69/><W45/><G45/><T83/><D115/><U84/><E84/><V120/><F68/><W9/><G34/><T74/><D112/><U71/><E71/><V37/><F120/><W111/><G9/><T135/><D135/><U24/><AGARI ba="0,1" hai="19,23,24,49,54,55,58,59,62,86,91,92,121,123" machi="24" ten="30,4000,0" yaku="1,1,0,1,52,1,53,0" doraHai="15" doraHaiUra="102" who="1" fromWho="1" sc="237,-10,253,50,302,-20,198,-10" /><INIT seed="3,0,0,0,4,44" ten="227,303,282,188" oya="3" hai0="18,27,113,8,127,119,91,15,36,1,121,50,70" hai1="22,25,77,87,128,124,85,89,79,17,12,100,126" hai2="104,129,83,58,29,117,0,134,111,88,97,51,32" hai3="46,135,24,92,59,118,42,75,71,68,105,28,5"/><W33/><G118/><T60/><D121/><U39/><E39/><V72/><F0/><W63/><G135/><T40/><D119/><U26/><E100/><V21/><F117/><W90/><G105/><T74/><D113/><U103/><E103/><V116/><F32/><W125/><G75/><T3/><D127/><N who="1" m="48683" /><E128/><V16/><F116/><W62/><G5/><T109/><D109/><U48/><E48/><V123/><F111/><W38/><G63/><T35/><D36/><U73/><E73/><V131/><F123/><W56/><G56/><T23/><D74/><U67/><E67/><V86/><F72/><W108/><G108/><T93/><D35/><U10/><E26/><N who="2" m="14631" /><F29/><W82/><G82/><T66/><D40/><U14/><E14/><V106/><F97/><W94/><G94/><T84/><REACH who="0" step="1"/><D50/><REACH who="0" ten="217,303,282,188" step="2"/><U54/><E54/><N who="2" m="32095" /><F134/><W34/><G34/><T80/><D80/><N who="1" m="49319" /><E87/><V112/><F112/><W107/><G107/><T45/><D45/><U20/><E22/><V120/><F120/><W65/><REACH who="3" step="1"/><G125/><REACH who="3" ten="217,303,282,178" step="2"/><T13/><D13/><U30/><AGARI ba="0,2" hai="10,12,17,20,25,30,77,79" m="49319,48683" machi="30" ten="30,1100,0" yaku="18,1" doraHai="44" who="1" fromWho="1" sc="217,-3,303,31,282,-3,178,-5" owari="214,-19.0,334,44.0,279,8.0,173,-33.0" /></mjloggm>