<mjloggm ver="2.3"><GO type="169" lobby="0"/><UN n0="%E3%82%A6%E3%83%AB%E3%83%88%E3%83%A9%E7%AB%8B%E7%9B%B4" n1="%E3%81%91%E3%82%93%31%39%37%30" n2="%E3%81%8B%E3%81%97%E3%81%8B%E3%81%8A" n3="%E3%83%AD%E3%83%B3%E3%83%96%E3%83%BC%EF%BC%91%E5%8F%B7" dan="16,17,17,16" rate="2113.84,2140.22,2181.40,2071.97" sx="M,M,M,M"/><TAIKYOKU oya="0"/><INIT seed="0,0,0,4,4,108" ten="250,250,250,250" oya="0" hai0="95,14,101,88,100,83,110,13,75,70,19,132,27" hai1="80,3,67,113,123,36,86,46,4,17,63,20,127" hai2="116,34,51,10,56,32,96,112,11,121,81,48,38" hai3="39,105,111,54,37,118,128,22,117,31,93,107,84"/><T41/><D70/><U0/><E123/><V26/><F38/><W29/><G111/><T64/><D110/><U97/><E127/><V129/><F121/><W94/><G128/><T135/><D64/><U25/><E4/><V82/><F96/><W69/><G22/><N who="0" m="13791" /><D41/><U106/><E36/><V8/><F129/><W98/><G84/><N who="0" m="50207" /><D75/><U90/><E46/><V99/><F99/><W131/><G131/><T16/><D13/><U125/><E125/><V52/><F116/><W43/><G98/><T115/><D95/><U89/><E113/><V126/><F126/><W66/><G43/><T133/><D115/><U50/><E106/><V78/><F112/><W55/><G66/><T76/><D76/><U79/><E97/><V45/><F26/><W122/><REACH who="3" step="1"/><G69/><REACH who="3" ten="250,250,250,240" step="2"/><T23/><AGARI ba="0,1" hai="14,16,23,100,101,132,133,135" m="50207,13791" machi="23" ten="30,6000,0" yaku="20,1,54,2" doraHai="108" who="0" fromWho="0" sc="250,70,250,-20,250,-20,240,-20" /><INIT seed="0,1,0,3,5,34" ten="320,230,230,220" oya="0" hai0="37,130,108,4,116,78,52,82,90,17,5,42,28" hai1="66,71,89,79,81,77,67,122,29,124,50,86,45" hai2="0,12,121,83,128,60,40,91,135,44,109,10,30" hai3="26,23,58,61,117,6,131,123,47,125,19,93,53"/><T95/><D116/><U15/><E122/><V63/><F121/><W103/><G123/><T70/><D70/><U76/><E124/><V72/><F30/><W69/><G117/><T48/><D28/><U99/><E71/><V80/><F109/><W119/><G119/><T51/><D37/><U3/><E29/><V85/><F135/><W27/><G69/><T14/><D130/><U20/><E3/><V96/><F96/><N who="3" m="59791" /><G131/><T43/><D82/><U126/><E126/><V118/><F118/><W92/><G6/><N who="0" m="2667" /><D51/><U115/><E99/><V46/><F128/><W31/><G125/><T75/><D78/><U113/><E20/><V97/><F97/><W100/><G47/><N who="2" m="17961" /><F0/><W18/><G27/><T133/><D75/><U68/><E15/><V87/><F72/><W11/><G11/><N who="0" m="6367" /><D133/><U112/><REACH who="1" step="1"/><E68/><REACH who="1" ten="320,220,230,220" step="2"/><V9/><F9/><W25/><G26/><T65/><D108/><U55/><AGARI ba="1,1" hai="45,50,55,66,67,76,77,79,81,86,89,112,113,115" machi="55" ten="40,8000,1" yaku="1,1,2,1,0,1,11,1,53,0" doraHai="34" doraHaiUra="64" who="1" fromWho="1" sc="320,-41,220,93,230,-21,220,-21" /><INIT seed="1,0,0,0,3,28" ten="279,313,209,199" oya="1" hai0="13,129,37,42,75,17,57,108,87,121,30,123,12" hai1="6,79,4,111,132,81,82,21,67,84,85,72,35" hai2="56,78,103,91,124,58,114,23,109,92,62,33,89" hai3="27,105,52,15,101,53,31,39,73,29,100,55,98"/><U122/><E122/><V106/><F78/><W46/><G73/><T60/><D75/><U32/><E72/><V20/><F106/><W18/><G100/><T113/><D30/><U97/><E67/><V5/><F5/><W22/><G39/><T134/><D113/><U41/><E41/><V44/><F114/><W3/><G3/><T10/><D108/><U47/><E47/><V36/><F109/><W25/><G46/><T64/><D129/><U50/><E50/><V16/><F124/><W119/><G119/><T112/><D112/><U74/><E74/><V77/><F77/><W130/><G130/><T117/><D117/><U90/><E111/><V48/><F36/><W19/><G27/><T80/><D134/><U69/><E69/><V125/><F125/><W68/><G68/><T61/><D61/><U94/><E21/><V115/><F23/><W70/><G70/><T76/><D13/><U0/><E132/><V104/><F104/><W110/><G110/><T127/><D127/><U7/><REACH who="1" step="1"/><E0/><REACH who="1" ten="279,303,209,199" step="2"/><V9/><F20/><W1/><G1/><T102/><D37/><U116/><E116/><V107/><F48/><W120/><G120/><N who="0" m="46155" /><D42/><U86/><E86/><V63/><F44/><W45/><G45/><T40/><D40/><U133/><E133/><V99/><F115/><W51/><G51/><T118/><D118/><U2/><E2/><V38/><F38/><W93/><G55/><T131/><D131/><U65/><E65/><V43/><F43/><W54/><G53/><T88/><D64/><U24/><E24/><V66/><F62/><W26/><G54/><RYUUKYOKU ba="0,1" sc="279,-10,303,30,209,-10,199,-10" hai1="4,6,7,32,35,79,81,82,84,85,90,94,97" /><INIT seed="1,1,1,4,5,25" ten="269,333,199,189" oya="1" hai0="29,118,49,113,1,30,97,80,44,79,125,99,2" hai1="112,129,5,10,16,131,69,120,126,111,98,127,66" hai2="78,6,35,21,51,55,67,53,114,92,34,13,8" hai3="15,50,73,11,48,72,89,63,14,57,65,19,20"/><U47/><E112/><V101/><F114/><W43/><G73/><T70/><D118/><U27/><E69/><V107/><F107/><W33/><G72/><T37/><D37/><U32/><E66/><V116/><F116/><W88/><G33/><T60/><D125/><N who="1" m="47627" /><E47/><V119/><F119/><W68/><G68/><T93/><D2/><N who="1" m="311" /><E98/><V103/><F67/><W18/><G43/><T12/><D1/><U96/><E96/><V39/><F39/><W62/><G63/><T85/><D97/><U82/><E82/><V26/><F78/><W77/><REACH who="3" step="1"/><G77/><REACH who="3" ten="269,333,199,179" step="2"/><T64/><D113/><U124/><E124/><V104/><F34/><W52/><G52/><T58/><D70/><U128/><E120/><V56/><F35/><W123/><G123/><T86/><D64/><U106/><E106/><V83/><F104/><W42/><G42/><T100/><D60/><U94/><E111/><V59/><F83/><W36/><G36/><T91/><D79/><U46/><E94/><V17/><F92/><W41/><G41/><T87/><D80/><U84/><E32/><V133/><F133/><W3/><G3/><T102/><D93/><U130/><E130/><V121/><F121/><W61/><G61/><AGARI ba="1,2" hai="6,8,13,17,21,26,51,53,55,56,59,61,101,103" machi="61" ten="30,2000,0" yaku="7,1,8,1" doraHai="25" who="2" fromWho="3" sc="269,0,333,0,199,43,179,-23" /><INIT seed="2,0,0,5,1,10" ten="269,333,242,156" oya="2" hai0="91,36,47,94,53,102,118,113,69,81,83,15,18" hai1="98,46,43,112,37,73,101,42,64,57,66,34,2" hai2="89,86,93,28,25,99,23,11,12,104,49,106,55" hai3="33,122,130,95,131,71,1,115,79,29,65,48,110"/><V9/><F9/><W134/><G1/><T61/><D113/><U59/><E34/><V16/><REACH who="2" step="1"/><F99/><REACH who="2" ten="269,333,232,156" step="2"/><W90/><G122/><T111/><D118/><U6/><E98/><V84/><F84/><W87/><G115/><T39/><D111/><U0/><E112/><V107/><F107/><W96/><G110/><T60/><D102/><U76/><E101/><V5/><F5/><W97/><G97/><T62/><D69/><U24/><E6/><V14/><F14/><W108/><G96/><N who="0" m="57439" /><D39/><U119/><E119/><V31/><F31/><W133/><G108/><T56/><D36/><U126/><E37/><V54/><F54/><W74/><G29/><T32/><D15/><U22/><E2/><V78/><F78/><W72/><G79/><T45/><D18/><U100/><E0/><V114/><F114/><W124/><G87/><T38/><D38/><U123/><E100/><V67/><F67/><W135/><G65/><T8/><D8/><U70/><E123/><V35/><F35/><W51/><G33/><T103/><D32/><U7/><E7/><V116/><F116/><W117/><G117/><T109/><D103/><U82/><E66/><V121/><F121/><W120/><G120/><T127/><D109/><U58/><E64/><V85/><F85/><N who="3" m="52687" /><G71/><T80/><D127/><U92/><E126/><V125/><F125/><W77/><G124/><T44/><AGARI ba="0,1" hai="44,45,47,53,56,60,61,62,80,81,83" m="57439" machi="44" ten="30,1100,0" yaku="8,1" doraHai="10" who="0" fromWho="0" sc="269,21,333,-3,232,-5,156,-3" /><INIT seed="3,0,0,2,3,24" ten="290,330,227,153" oya="3" hai0="134,116,112,10,66,16,32,36,57,45,91,43,34" hai1="97,4,21,83,130,37,77,101,23,54,132,106,119" hai2="88,75,92,123,86,53,94,3,35,44,6,118,12" hai3="81,48,109,108,128,87,104,96,102,55,50,63,114"/><W60/><G114/><T120/><D112/><U27/><E37/><V72/><F35/><W113/><G113/><T62/><D120/><U22/><E130/><V11/><F118/><W68/><G128/><T67/><D116/><U51/><E132/><V30/><F123/><W90/><G68/><T131/><D131/><U18/><E4/><V1/><F30/><W69/><G69/><T85/><D67/><U39/><E39/><V110/><F110/><N who="3" m="42603" /><G48/><T13/><REACH who="0" step="1"/><D134/><REACH who="0" ten="280,330,227,153" step="2"/><U17/><E119/><V64/><F64/><W61/><G61/><T2/><D2/><U135/><E135/><V80/><F1/><W42/><G42/><T58/><D58/><AGARI ba="0,1" hai="50,55,58,60,63,81,87,90,96,102,104" m="42603" machi="58" ten="30,2900,0" yaku="14,1,10,1" doraHai="24" who="3" fromWho="0" sc="280,-29,330,0,227,0,153,39" /><INIT seed="3,1,0,5,2,58" ten="251,330,227,192" oya="3" hai0="93,67,119,12,60,47,46,76,126,28,4,27,17" hai1="56,95,52,103,43,69,128,72,106,34,101,2,108" hai2="33,104,6,37,59,82,18,96,48,45,115,0,100" hai3="64,116,53,38,71,8,65,9,98,7,25,55,99"/><W50/><G116/><T121/><D121/><U24/><E69/><V70/><F70/><W26/><G38/><T120/><D120/><U63/><E2/><V105/><F33/><W129/><G71/><T42/><D126/><U133/><E72/><V32/><F32/><W113/><G129/><T22/><D76/><U54/><E106/><V73/><F105/><W97/><G113/><T122/><D122/><U79/><E79/><V125/><F115/><W89/><G89/><T66/><D66/><N who="3" m="25705" /><G7/><T107/><D107/><U21/><E43/><V13/><F125/><W16/><G50/><T109/><D109/><U35/><E108/><V91/><F37/><W29/><G29/><T92/><D4/><U74/><E74/><V49/><F6/><W130/><G130/><T135/><D135/><U30/><E133/><V117/><F0/><W111/><G111/><T3/><D3/><U110/><E110/><V83/><F117/><W114/><G114/><T40/><D119/><U127/><E127/><V15/><F73/><W57/><G26/><T112/><D112/><U44/><E128/><V62/><F49/><N who="3" m="30895" /><G55/><T36/><D27/><U86/><E34/><V88/><F83/><W134/><G134/><T102/><D28/><U85/><E35/><V132/><F132/><W20/><AGARI ba="1,0" hai="8,9,16,20,25,97,98,99" m="30895,25705" machi="20" ten="30,3000,0" yaku="8,1,54,1" doraHai="58" who="3" fromWho="3" sc="251,-11,330,-11,227,-11,192,33" /><INIT seed="3,2,0,5,3,55" ten="240,319,216,225" oya="3" hai0="14,18,117,70,133,131,38,121,46,126,23,99,90" hai1="127,108,20,79,75,125,105,112,37,57,12,2,52" hai2="25,43,6,95,39,120,82,106,15,78,130,87,50" hai3="129,110,53,64,89,103,118,24,71,21,88,3,28"/><W92/><G118/><T123/><D70/><U36/><E2/><V60/><F106/><W116/><G116/><T5/><D117/><U48/><E105/><V8/><F39/><W11/><G129/><T9/><D131/><U67/><E112/><V61/><F130/><W1/><G103/><T132/><D90/><U86/><E75/><V111/><F111/><W47/><G89/><T63/><D99/><U22/><E108/><V115/><F115/><W32/><G110/><T30/><D63/><U83/><E67/><V44/><F120/><W16/><G64/><T7/><D46/><U34/><E34/><V85/><F25/><W41/><G71/><T10/><D38/><N who="1" m="14955" /><E12/><V65/><F65/><W107/><G107/><T135/><D126/><AGARI ba="2,0" hai="20,22,48,52,57,79,83,86,125,126,127" m="14955" machi="126" ten="30,3900,0" yaku="18,1,52,1,54,1" doraHai="55" who="1" fromWho="0" sc="240,-45,319,45,216,0,225,0" /><INIT seed="4,0,0,0,5,117" ten="195,364,216,225" oya="0" hai0="11,34,73,54,86,84,18,22,24,93,33,52,67" hai1="37,38,23,16,110,46,127,105,20,57,25,32,90" hai2="119,97,48,9,61,124,29,1,118,70,51,13,62" hai3="72,21,43,40,100,14,111,5,107,98,135,42,80"/><T81/><D67/><U91/><E110/><V71/><F1/><W28/><G111/><T123/><D123/><U3/><E105/><V132/><F29/><W59/><G135/><T101/><D73/><U106/><E106/><V103/><F132/><W126/><G126/><T129/><D129/><U36/><E3/><V55/><F124/><W66/><G72/><T47/><D34/><U60/><E32/><V128/><F128/><W7/><G80/><T130/><D33/><U45/><E127/><V15/><F97/><W115/><G115/><T41/><D130/><U65/><E91/><V83/><F83/><W79/><G79/><T87/><D81/><U30/><REACH who="1" step="1"/><E90/><REACH who="1" ten="195,354,216,225" step="2"/><V102/><F118/><W131/><G131/><T74/><D74/><U12/><AGARI ba="0,1" hai="12,16,20,23,25,30,36,37,38,45,46,57,60,65" machi="12" ten="30,12000,2" yaku="1,1,2,1,0,1,54,1,53,3" doraHai="117" doraHaiUra="69" who="1" fromWho="1" sc="195,-60,354,130,216,-30,225,-30" /><INIT seed="5,0,0,1,4,77" ten="135,484,186,195" oya="1" hai0="45,97,25,61,72,11,134,132,31,22,80,79,56" hai1="47,39,89,75,74,40,124,27,66,2,98,35,101" hai2="14,84,76,65,90,63,3,73,10,114,17,49,5" hai3="96,130,6,110,94,51,120,13,46,37,41,29,42"/><U43/><E2/><V102/><F102/><W131/><G120/><T8/><D45/><U83/><E124/><V34/><F34/><W106/><G110/><T127/><D127/><U32/><E66/><V108/><F108/><W21/><G106/><T28/><D28/><U50/><E39/><V115/><F49/><W26/><G37/><T59/><D59/><U93/><E43/><V100/><F100/><W92/><G42/><T19/><D97/><U87/><E75/><V119/><F119/><W30/><G30/><T85/><D72/><U82/><E27/><V129/><F129/><N who="3" m="49163" /><G96/><T117/><D117/><U23/><E23/><V112/><F76/><W95/><G13/><T67/><REACH who="0" step="1"/><D31/><REACH who="0" ten="125,484,186,195" step="2"/><U107/><E74/><V38/><F73/><W78/><G29/><T104/><D104/><U62/><E62/><V111/><F111/><W36/><G46/><T125/><D125/><U58/><E58/><V121/><F121/><W57/><G57/><T69/><D69/><U7/><E32/><V0/><F38/><W16/><G36/><T86/><D86/><U133/><E35/><V91/><F84/><W123/><G123/><T4/><D4/><U64/><E7/><V122/><F122/><W99/><G6/><T15/><D15/><U20/><E87/><V54/><F54/><W52/><G99/><T109/><D109/><U70/><E98/><V103/><F103/><W113/><G52/><T105/><D105/><U12/><E101/><V24/><F0/><W53/><G53/><T88/><D88/><U18/><E107/><V128/><F3/><W71/><G71/><RYUUKYOKU ba="0,1" sc="125,30,484,-10,186,-10,195,-10" hai0="8,11,19,22,25,56,61,67,79,80,85,132,134" /><INIT seed="6,1,1,0,2,106" ten="155,474,176,185" oya="2" hai0="80,115,9,15,3,76,90,103,73,32,23,54,50" hai1="129,119,102,59,51,99,68,47,6,79,11,37,10" hai2="108,57,113,101,38,43,39,12,120,41,125,98,21" hai3="94,60,87,93,83,116,72,56,16,95,75,62,61"/><V26/><F120/><W109/><G109/><T84/><D32/><U66/><E129/><V65/><F108/><W134/><G116/><T53/><D115/><U126/><E126/><V4/><F125/><W45/><G56/><T96/><D3/><U117/><E68/><V122/><F122/><W111/><G111/><T91/><D23/><U127/><E37/><V67/><F113/><W128/><G128/><T27/><D27/><U85/><E11/><N who="2" m="4199" /><F39/><W36/><G134/><T133/><D133/><U104/><E127/><V18/><F38/><W44/><G16/><T110/><D110/><U22/><E104/><V82/><F82/><W24/><G24/><T86/><D73/><U78/><E79/><V71/><F71/><W5/><G5/><T123/><D123/><U107/><E78/><V49/><F98/><W0/><G0/><T64/><D64/><N who="2" m="24650" /><F101/><W92/><N who="3" m="23552" /><DORA hai="131" /><W20/><G20/><T25/><D76/><U14/><E99/><V121/><F121/><W70/><G70/><T33/><D96/><U124/><E102/><V97/><F97/><W28/><G36/><T40/><D103/><U19/><E107/><V42/><F57/><W35/><G35/><T46/><D86/><U1/><E124/><V7/><F7/><W31/><G87/><T13/><D91/><U74/><E74/><N who="3" m="28202" /><G83/><T17/><D15/><U100/><E85/><V34/><F34/><W112/><G112/><T58/><D58/><U55/><E100/><V114/><F114/><W105/><G105/><T52/><D33/><U81/><E81/><V132/><F132/><W29/><AGARI ba="1,1" hai="28,29,31,44,45,60,61,62" m="28202,23552" machi="29" ten="50,16000,3" yaku="5,1,29,2,28,2,52,3" doraHai="106,131" who="3" fromWho="3" sc="155,-41,474,-41,176,-81,185,173" /><INIT seed="7,0,0,4,1,34" ten="114,433,95,358" oya="3" hai0="125,71,104,50,64,101,105,103,47,49,28,3,17" hai1="30,46,20,98,72,110,12,31,21,88,35,33,40" hai2="108,107,86,62,66,9,15,85,99,112,11,41,19" hai3="23,2,44,111,63,61,93,16,133,81,52,130,0"/><W59/><G133/><T7/><D3/><U69/><E72/><V89/><F108/><W100/><G111/><T13/><D7/><U78/><E69/><V14/><F112/><W90/><G130/><T76/><D28/><U67/><E78/><V120/><F41/><W96/><G44/><T18/><D76/><U124/><E67/><V91/><F120/><W119/><G119/><T83/><D83/><U75/><E75/><V32/><F32/><W118/><G118/><T109/><D64/><U129/><E110/><V134/><F134/><W77/><G63/><T55/><D71/><U102/><E33/><V37/><F37/><W128/><G100/><N who="0" m="38475" /><D109/><U45/><E35/><V115/><F115/><W39/><G39/><T94/><D94/><N who="1" m="56647" /><E102/><V54/><F107/><W42/><G42/><N who="0" m="24823" /><D125/><U43/><E124/><V123/><F123/><W29/><G29/><N who="1" m="10762" /><E129/><V36/><F36/><W8/><G8/><N who="0" m="6311" /><D104/><U5/><E43/><V6/><F54/><W48/><G128/><T26/><D105/><U74/><E74/><V56/><F99/><W70/><G70/><T58/><D18/><U73/><E73/><V25/><F25/><AGARI ba="0,0" hai="25,26,50,55,58" m="6311,24823,38475" machi="25" ten="30,1000,0" yaku="8,1" doraHai="34" who="0" fromWho="2" sc="114,10,433,0,95,-10,358,0" owari="124,-28.0,433,53.0,85,-41.0,358,16.0" /></mjloggm>