<mjloggm ver="2.3"><GO type="97" lobby="0"/><UN n0="%E3%82%A6%E3%83%AB%E3%83%88%E3%83%A9%E7%AB%8B%E7%9B%B4" n1="%74%6F%73%69" n2="%6B%69%6E%74%61%32" n3="%71%75%61%69%6C" dan="14,13,15,14" rate="1946.03,1886.45,1931.18,1955.05" sx="M,M,M,M"/><TAIKYOKU oya="0"/><INIT seed="0,0,0,2,3,42" ten="250,250,250,250" oya="0" hai0="60,12,37,107,91,100,127,30,111,40,7,113,8" hai1="120,125,80,126,67,98,82,128,93,47,88,55,10" hai2="105,5,112,52,27,50,13,99,133,122,86,72,95" hai3="34,109,68,36,32,92,43,25,121,90,24,2,114"/><T77/><D113/><U96/><E120/><V71/><F72/><W18/><G114/><T66/><D127/><N who="1" m="48651" /><E67/><V87/><F71/><W118/><G109/><T53/><D111/><U49/><E128/><V56/><F105/><W108/><G108/><T11/><D30/><U85/><E10/><V73/><F73/><W15/><G2/><T63/><D77/><N who="1" m="46223" /><E82/><V39/><F39/><W101/><G121/><T62/><D53/><U22/><E22/><V117/><F117/><W26/><G68/><T29/><D29/><U64/><E64/><V79/><F122/><W48/><G118/><T81/><D11/><U94/><E94/><V116/><F116/><W124/><G36/><T106/><D66/><U115/><E115/><V1/><F1/><W57/><G124/><T103/><D106/><U35/><E98/><V51/><F112/><W78/><G32/><AGARI ba="0,0" hai="32,35,47,49,55,88,93,96" m="46223,48651" machi="32" ten="30,3900,0" yaku="18,1,52,1,54,1" doraHai="42" who="1" fromWho="3" sc="250,0,250,39,250,0,250,-39" /><INIT seed="1,0,0,2,3,0" ten="250,289,250,211" oya="1" hai0="108,28,113,12,1,19,42,128,87,133,110,124,80" hai1="43,131,117,91,14,40,20,120,85,103,125,31,82" hai2="76,2,127,129,32,56,60,70,51,55,50,61,49" hai3="24,93,52,71,101,105,9,44,23,34,106,38,96"/><U54/><E120/><V58/><F32/><W119/><G71/><T36/><D1/><U86/><E117/><V67/><F2/><W59/><G119/><T66/><D113/><U102/><E131/><V22/><F76/><W111/><G111/><N who="0" m="42539" /><D28/><U63/><E125/><V99/><F127/><W46/><G34/><T10/><D124/><U89/><E14/><V78/><F78/><W26/><G106/><T72/><D72/><U68/><E68/><V30/><F129/><W35/><G35/><T121/><D121/><U5/><E5/><V37/><F99/><W21/><G38/><T57/><D36/><U92/><E63/><V18/><F18/><W11/><G105/><T27/><D27/><N who="3" m="10281" /><G9/><T130/><D12/><U123/><E123/><V15/><F15/><W81/><G11/><T100/><D10/><U4/><E4/><V25/><F37/><W95/><G81/><T77/><D80/><U112/><E112/><V126/><REACH who="2" step="1"/><F126/><REACH who="2" ten="250,289,240,211" step="2"/><W107/><G96/><T134/><D130/><U29/><E31/><V83/><F83/><W64/><G107/><T79/><D128/><U118/><E118/><V33/><F33/><W16/><G95/><T94/><D94/><U97/><E97/><V13/><F13/><W48/><G93/><T7/><D19/><U6/><E6/><V45/><F45/><W73/><G16/><T65/><D7/><U84/><E29/><V132/><F132/><W116/><G44/><T109/><N who="0" m="42547" /><T39/><DORA hai="47" /><D134/><U135/><E135/><V3/><F3/><W114/><G116/><T115/><D133/><U75/><E92/><RYUUKYOKU ba="0,1" sc="250,-10,289,-10,240,30,211,-10" hai2="22,25,30,49,50,51,55,56,58,60,61,67,70" /><INIT seed="2,1,1,3,0,130" ten="240,279,270,201" oya="2" hai0="114,126,112,91,70,84,66,30,120,50,102,116,96" hai1="57,17,83,41,26,61,76,123,73,127,110,38,81" hai2="68,10,16,22,62,8,134,129,63,45,39,87,131" hai3="109,23,77,107,105,104,54,79,69,48,40,55,128"/><V13/><F134/><W133/><G69/><T18/><D120/><U64/><E127/><V32/><F32/><W97/><G109/><T28/><D126/><U93/><E123/><V15/><F22/><W29/><G133/><T103/><D116/><U9/><E110/><V42/><F87/><W52/><G128/><N who="2" m="49225" /><F68/><W5/><G5/><AGARI ba="1,1" hai="5,8,10,13,15,16,39,42,45,62,63" m="49225" machi="5" ten="30,2900,0" yaku="19,1,54,1" doraHai="130" who="2" fromWho="3" sc="240,0,279,0,270,42,201,-32" /><INIT seed="2,2,0,3,1,126" ten="240,279,312,169" oya="2" hai0="97,26,75,124,90,19,103,43,72,127,51,4,86" hai1="28,84,135,68,58,129,114,80,122,42,105,125,111" hai2="69,49,74,61,109,41,110,17,73,87,81,10,15" hai3="120,130,99,48,7,57,45,70,20,83,100,46,133"/><V106/><F106/><W77/><G70/><T117/><D4/><U6/><E105/><V85/><F85/><W56/><G120/><T12/><D26/><U132/><E68/><V123/><F123/><W21/><G133/><T34/><D34/><U71/><E71/><V82/><F82/><W37/><G37/><T131/><D117/><U64/><E122/><V2/><F2/><W76/><G48/><T27/><D27/><U115/><E28/><V102/><F102/><W23/><G7/><T54/><D43/><U16/><E6/><V30/><F30/><W88/><G130/><T14/><D97/><U108/><E42/><V104/><F104/><W95/><G46/><N who="0" m="28023" /><D103/><U98/><E98/><V89/><F69/><W107/><G45/><T66/><D66/><U52/><E16/><V5/><F61/><W24/><G24/><T119/><D119/><U65/><E84/><V1/><F49/><W134/><G134/><N who="1" m="51242" /><E80/><V13/><F13/><W38/><G38/><T112/><D12/><U121/><E129/><V3/><F41/><W118/><G118/><T25/><D131/><U47/><E125/><N who="0" m="48201" /><D25/><U78/><E78/><V31/><F31/><W53/><G53/><T92/><D112/><N who="1" m="43051" /><E47/><V22/><REACH who="2" step="1"/><F3/><REACH who="2" ten="240,279,302,169" step="2"/><W18/><G107/><T40/><D40/><U32/><E121/><V9/><F9/><AGARI ba="2,1" hai="9,14,19,72,75,86,90,92" m="48201,28023" machi="9" ten="30,1000,0" yaku="18,1" doraHai="126" who="0" fromWho="2" sc="240,26,279,0,302,-16,169,0" /><INIT seed="3,0,0,4,4,134" ten="266,279,286,169" oya="3" hai0="3,27,116,135,6,68,38,75,73,122,82,85,19" hai1="87,102,94,79,121,39,125,47,60,5,51,78,18" hai2="106,43,42,17,127,119,110,86,81,32,80,56,55" hai3="117,99,25,128,72,123,118,57,100,101,65,111,70"/><W2/><G2/><T33/><D6/><U96/><E121/><V13/><F119/><W66/><G123/><T14/><D122/><U64/><E39/><V113/><F113/><W108/><G72/><T95/><D116/><N who="3" m="44649" /><G70/><T40/><D68/><U69/><E125/><V133/><F127/><W74/><G74/><T12/><D3/><U21/><E64/><N who="3" m="24682" /><G25/><T107/><D107/><U132/><E5/><V131/><F106/><W130/><G57/><T103/><D33/><U88/><E132/><V76/><F133/><W49/><G49/><T59/><D135/><U11/><E60/><V1/><F1/><W97/><G97/><N who="0" m="59839" /><D75/><U84/><E11/><V50/><F32/><W67/><G99/><T7/><D73/><U46/><E69/><V115/><F115/><W104/><N who="3" m="24690" /><W63/><DORA hai="20" /><G63/><T52/><D27/><N who="1" m="14775" /><E84/><V10/><F131/><N who="3" m="50219" /><G104/><T45/><D85/><U105/><E105/><V0/><F0/><W112/><G112/><T58/><D82/><N who="1" m="49271" /><E47/><V8/><F81/><W92/><G92/><T30/><D58/><U29/><E29/><V23/><F43/><AGARI ba="0,0" hai="43,46,51,78,79,94,96,102" m="49271,14775" machi="43" ten="30,3900,0" yaku="8,1,52,1,54,1" doraHai="134,20" who="1" fromWho="2" sc="266,0,279,39,286,-39,169,0" owari="266,7.0,318,41.0,247,-15.0,169,-33.0" /></mjloggm>