<mjloggm ver="2.3"><GO type="41" lobby="0"/><UN n0="%E3%81%86%E3%82%8B%E3%81%95%E3%81%84%E3%81%AF%E8%A4%92%E3%82%81%E8%A9%9E" n1="%E3%81%84%E3%81%8A%E3%81%AA%E3%81%A1%E3%81%A1" n2="%E5%B0%B1%E6%B4%BB%E7%94%9F%40%E5%B7%9D%E6%9D%91%E8%BB%8D%E5%9B%A3" n3="%E3%81%98%E3%82%83%E3%83%BC%E3%81%B3%E3%81%99" dan="15,15,15,13" rate="1937.04,1952.96,1955.73,1833.49" sx="M,M,M,M"/><TAIKYOKU oya="0"/><INIT seed="0,0,0,1,1,97" ten="250,250,250,250" oya="0" hai0="99,90,98,111,124,123,30,59,134,105,129,45,82" hai1="68,73,128,112,4,26,60,19,33,67,47,48,83" hai2="14,87,32,53,29,34,109,22,11,66,125,126,71" hai3="89,15,80,116,63,117,7,55,95,132,39,79,42"/><T27/><D123/><U113/><E19/><N who="2" m="8671" /><F71/><W44/><G132/><T51/><D134/><U10/><E128/><V119/><F66/><W88/><G89/><T35/><D124/><N who="2" m="47722" /><F87/><W96/><G116/><T5/><D129/><U84/><E73/><V21/><F53/><W103/><G117/><T127/><D127/><U65/><E65/><V41/><F41/><W6/><G79/><T102/><D111/><U40/><E33/><N who="2" m="12907" /><F119/><W78/><G55/><T57/><D5/><U135/><E26/><N who="2" m="16591" /><F22/><W13/><G63/><T3/><D82/><U94/><E135/><V131/><F109/><W38/><G39/><T114/><D3/><U25/><E25/><V54/><F54/><W108/><G108/><T50/><D59/><U92/><E113/><V17/><F17/><W86/><REACH who="3" step="1"/><G78/><REACH who="3" ten="250,250,250,240" step="2"/><T81/><D114/><U85/><E112/><V43/><F43/><W91/><G91/><T70/><D90/><U106/><E60/><V72/><F72/><W49/><G49/><T8/><D50/><U56/><E68/><V58/><F58/><W69/><G69/><T75/><D57/><U24/><E56/><V1/><F131/><W61/><G61/><T31/><D70/><U62/><E62/><V2/><AGARI ba="0,1" hai="1,2" m="16591,12907,47722,8671" machi="2" ten="40,5200,0" yaku="18,1,34,2" doraHai="97" who="2" fromWho="2" sc="250,-26,250,-13,250,62,240,-13" /><INIT seed="1,0,0,1,4,42" ten="224,237,312,227" oya="1" hai0="68,8,87,104,107,11,101,47,23,130,22,71,66" hai1="6,92,132,54,124,123,99,112,79,93,34,108,1" hai2="53,91,15,116,2,125,48,44,122,57,74,82,41" hai3="45,55,16,69,3,113,77,65,28,119,33,88,100"/><U133/><E123/><V89/><F2/><W121/><G121/><T95/><D87/><U84/><E112/><V40/><F122/><W39/><G113/><T36/><D95/><U31/><E124/><V43/><F116/><W81/><G119/><T83/><D83/><N who="1" m="47231" /><E54/><V21/><F125/><W105/><G3/><T17/><D130/><U0/><E108/><V18/><REACH who="2" step="1"/><F57/><REACH who="2" ten="224,237,302,227" step="2"/><W32/><G69/><T103/><D71/><U29/><E0/><V111/><F111/><W70/><G70/><T30/><D68/><U90/><E34/><V115/><F115/><W67/><G33/><T126/><D126/><U60/><E1/><V46/><F46/><W56/><G32/><T96/><D47/><U78/><E6/><V118/><F118/><W63/><G39/><T114/><D36/><U58/><E58/><V51/><F51/><W5/><G45/><T80/><D114/><U59/><E59/><V61/><F61/><W38/><G38/><T110/><D110/><U97/><E60/><V120/><F120/><W62/><G63/><T13/><D66/><U19/><E19/><V76/><AGARI ba="0,1" hai="15,18,21,40,41,43,44,48,53,74,76,82,89,91" machi="76" ten="30,4000,0" yaku="1,1,0,1,52,1,53,0" doraHai="42" doraHaiUra="128" who="2" fromWho="2" sc="224,-10,237,-20,302,50,227,-10" /><INIT seed="2,0,0,5,1,68" ten="214,217,352,217" oya="2" hai0="33,120,128,108,57,51,2,0,118,37,31,39,126" hai1="84,115,40,129,79,107,11,55,106,74,71,92,134" hai2="125,93,42,35,10,130,12,103,63,86,64,4,53" hai3="105,95,133,121,97,94,80,75,73,70,122,87,19"/><V26/><F125/><W72/><G70/><T102/><D57/><U99/><E115/><V44/><F130/><W14/><G133/><T29/><D51/><U7/><E71/><V17/><F53/><W48/><G48/><T117/><D102/><U127/><E134/><V32/><F26/><W25/><G25/><T59/><D59/><U54/><E129/><V43/><F43/><W88/><G19/><T24/><D128/><U62/><E127/><V1/><F103/><N who="3" m="62703" /><G14/><T113/><D126/><U100/><E107/><V47/><F93/><AGARI ba="0,0" hai="72,73,75,80,87,88,93,94,95,121,122" m="62703" machi="93" ten="30,3900,0" yaku="34,2,54,1" doraHai="68" who="3" fromWho="2" sc="214,0,217,0,352,-39,217,39" /><INIT seed="3,0,0,0,0,71" ten="214,217,313,256" oya="3" hai0="16,111,121,27,118,15,9,44,32,13,14,101,1" hai1="52,81,10,112,82,47,56,110,89,117,8,70,53" hai2="28,90,73,36,57,76,116,24,91,38,5,64,23" hai3="75,58,99,97,107,68,61,19,0,34,88,94,60"/><W92/><G0/><T109/><D101/><U84/><E112/><V54/><F116/><W50/><G34/><T129/><D44/><U6/><E110/><N who="0" m="41993" /><D118/><U131/><E70/><V77/><F64/><W100/><G75/><T62/><D62/><U130/><E82/><V80/><F5/><W102/><G68/><T86/><D86/><U85/><E85/><V59/><F59/><W132/><G132/><T126/><D121/><U83/><E83/><V3/><F3/><W98/><G19/><T46/><D46/><U22/><E22/><V42/><F77/><W127/><G127/><T43/><D43/><U26/><E26/><V30/><F30/><W49/><G61/><T65/><D65/><AGARI ba="0,0" hai="49,50,58,60,65,88,92,94,97,98,99,100,102,107" machi="65" ten="30,2900,0" yaku="7,1,54,1" doraHai="71" who="3" fromWho="0" sc="214,-29,217,0,313,0,256,29" /><INIT seed="3,1,0,0,2,0" ten="185,217,313,285" oya="3" hai0="15,90,82,57,32,95,47,99,79,72,74,132,12" hai1="58,106,117,122,130,112,71,116,93,125,18,91,101" hai2="46,25,34,4,104,7,107,75,65,105,113,6,89" hai3="76,69,22,124,1,42,28,126,120,62,66,115,109"/><W17/><G120/><T40/><D132/><U52/><E122/><V43/><F75/><W53/><G115/><T23/><D32/><U14/><E112/><V9/><F113/><W61/><G109/><T123/><D123/><U37/><E71/><V108/><F108/><W96/><G1/><T2/><D72/><U80/><E37/><V45/><F9/><W121/><G121/><T33/><D33/><U56/><E56/><V44/><F65/><W110/><G76/><T31/><D57/><U36/><E36/><V59/><F59/><W5/><G5/><T41/><D40/><U73/><E130/><V84/><F34/><W97/><G28/><T11/><D23/><N who="1" m="11735" /><E125/><N who="3" m="48234" /><G42/><T26/><D26/><U133/><E133/><V114/><F114/><W8/><G8/><T119/><D31/><U77/><E101/><V63/><F25/><N who="3" m="14543" /><G110/><T38/><D119/><N who="1" m="45643" /><E106/><V103/><F63/><W64/><G53/><T50/><D50/><N who="1" m="30999" /><E93/><V118/><F118/><W27/><G27/><T134/><D134/><U35/><E35/><V29/><F29/><W92/><G92/><T55/><D55/><U60/><E60/><V39/><REACH who="2" step="1"/><F103/><REACH who="2" ten="185,217,303,285" step="2"/><W83/><G62/><T21/><D21/><U129/><E129/><V85/><F85/><W30/><G30/><T88/><D90/><AGARI ba="1,1" hai="73,77,80,90,91" m="30999,45643,11735" machi="90" ten="30,2000,0" yaku="12,1,54,1" doraHai="0" who="1" fromWho="0" sc="185,-23,217,33,303,0,285,0" /><INIT seed="4,0,0,0,5,135" ten="162,250,303,285" oya="0" hai0="7,41,23,15,14,114,89,22,29,109,78,85,59" hai1="102,20,110,65,124,126,18,83,0,55,37,4,120" hai2="105,115,127,54,25,3,76,31,35,97,2,107,61" hai3="77,12,75,28,67,92,113,95,69,34,26,99,47"/><T49/><D114/><U1/><E110/><V94/><F115/><W106/><G113/><T81/><D109/><U52/><E37/><V122/><F122/><W60/><G47/><T72/><D72/><U51/><E65/><V134/><F134/><W9/><G77/><T70/><D70/><U101/><E83/><V17/><F76/><W19/><REACH who="3" step="1"/><G75/><REACH who="3" ten="162,250,303,275" step="2"/><T6/><D78/><U48/><E120/><V13/><F2/><W108/><G108/><T104/><D104/><U116/><E116/><V100/><F3/><W46/><G46/><T36/><D36/><U88/><E0/><V63/><F107/><W132/><G132/><T125/><D125/><N who="1" m="48235" /><E1/><V58/><F127/><W128/><G128/><T32/><D41/><U86/><E4/><V68/><F105/><W112/><G112/><T64/><D7/><U131/><E131/><V90/><F68/><W5/><G5/><T50/><D6/><U84/><E84/><V129/><F129/><W74/><G74/><T96/><D96/><U82/><E102/><AGARI ba="0,1" hai="9,12,19,26,28,34,60,67,69,92,95,99,102,106" machi="102" ten="40,8000,1" yaku="1,1,25,2,53,1" doraHai="135" doraHaiUra="56" who="3" fromWho="1" sc="162,0,250,-80,303,0,275,90" /><INIT seed="5,0,0,1,2,63" ten="162,170,303,365" oya="1" hai0="97,101,25,135,34,31,114,105,115,96,52,65,38" hai1="51,113,128,60,24,85,44,9,33,69,14,77,12" hai2="86,20,91,22,99,58,88,103,94,36,131,30,37" hai3="107,64,127,119,82,95,6,47,23,126,3,104,75"/><U120/><E120/><V79/><F131/><W125/><G119/><T124/><D38/><U15/><E128/><V41/><F36/><W10/><G47/><T61/><D124/><U67/><E113/><V121/><F121/><W59/><G23/><N who="2" m="8745" /><F37/><W73/><G95/><T18/><D18/><U93/><E33/><V19/><F30/><W70/><G59/><T8/><D8/><U62/><E24/><V13/><F41/><W129/><G129/><T28/><D28/><U26/><E26/><V68/><F68/><W117/><G117/><T98/><D135/><U53/><E62/><V71/><F71/><W11/><G10/><T106/><D52/><U130/><E130/><V112/><F112/><N who="0" m="43050" /><D106/><N who="3" m="40489" /><G82/><T66/><D66/><U122/><E122/><V1/><F1/><W45/><G45/><T46/><D46/><U100/><E100/><V102/><F58/><AGARI ba="0,0" hai="25,31,34,58,61,65,96,97,98,101,105" m="43050" machi="58" ten="30,2000,0" yaku="15,1,52,1" doraHai="63" who="0" fromWho="2" sc="162,20,170,0,303,-20,365,0" /><INIT seed="6,0,0,1,1,116" ten="182,170,283,365" oya="2" hai0="107,18,28,8,106,68,85,96,103,64,70,127,12" hai1="48,129,131,118,31,3,132,91,27,75,82,102,57" hai2="60,29,134,7,30,121,125,50,76,97,83,15,36" hai3="124,88,59,105,98,81,62,79,44,26,126,128,10"/><V71/><F36/><W73/><G128/><T40/><D127/><N who="3" m="48681" /><G44/><T21/><D107/><U123/><E118/><V49/><F125/><W19/><G105/><T117/><D117/><U66/><E102/><V69/><F134/><W110/><G110/><T46/><D85/><N who="1" m="50615" /><E3/><V54/><F97/><W23/><G10/><T47/><D46/><U2/><E2/><V56/><F71/><W39/><G39/><T42/><D42/><U133/><E75/><V67/><F121/><W9/><G9/><T113/><D64/><U20/><E66/><V101/><F101/><W65/><G98/><T53/><D53/><N who="1" m="31911" /><E123/><V4/><F50/><W11/><G11/><T115/><D68/><U94/><E94/><V35/><F15/><W109/><G109/><T114/><D70/><U111/><E111/><V1/><F1/><W99/><G99/><T120/><D120/><U51/><E51/><V92/><F92/><W93/><G93/><T16/><D28/><U80/><E80/><V78/><F78/><W33/><G33/><T37/><REACH who="0" step="1"/><D21/><REACH who="0" ten="172,170,283,365" step="2"/><U6/><E6/><AGARI ba="0,1" hai="6,8,12,16,18,37,40,47,96,103,106,113,114,115" machi="6" ten="40,8000,1" yaku="1,1,2,1,15,1,54,1,53,0" doraHai="116" doraHaiUra="63" who="0" fromWho="1" sc="172,90,170,-80,283,0,365,0" /><INIT seed="7,0,0,1,5,7" ten="262,90,283,365" oya="3" hai0="6,28,107,35,95,87,3,123,121,2,109,5,19" hai1="58,16,129,69,67,65,66,46,127,1,13,82,115" hai2="63,114,73,14,61,72,34,103,50,111,39,55,122" hai3="53,118,42,70,20,76,119,49,32,10,124,91,75"/><W4/><G32/><T54/><D54/><U47/><E1/><N who="0" m="9" /><D95/><U117/><E129/><V77/><F39/><W21/><G70/><T120/><D87/><U97/><E115/><V15/><F111/><W81/><G124/><T74/><D107/><U9/><E117/><V38/><F34/><W57/><G118/><T84/><D84/><U83/><E127/><V99/><F38/><W135/><G135/><T85/><D85/><U89/><E69/><V100/><F122/><W92/><G42/><T112/><D74/><U51/><E58/><V29/><F114/><W52/><G53/><T80/><D80/><U130/><E130/><V96/><F29/><W0/><G119/><T43/><D43/><U44/><E51/><V17/><F17/><W93/><G93/><T11/><D109/><U41/><E41/><V128/><F55/><W108/><G108/><T125/><D112/><U110/><E110/><V12/><F128/><W37/><G37/><T30/><D125/><U98/><REACH who="1" step="1"/><E89/><REACH who="1" ten="262,80,283,365" step="2"/><V116/><F116/><W102/><G91/><T8/><D35/><U31/><E31/><N who="0" m="11817" /><D19/><U26/><E26/><V78/><F50/><W71/><G71/><T33/><D33/><U94/><E94/><V132/><F132/><W60/><G49/><T25/><D25/><U106/><E106/><V79/><F72/><W86/><G75/><T48/><D48/><U64/><N who="1" m="16896" /><DORA hai="40" /><U23/><E23/><V68/><F68/><W45/><G21/><T56/><D56/><U131/><E131/><V104/><F73/><W59/><G59/><T101/><D101/><N who="2" m="38986" /><F104/><W88/><G20/><RYUUKYOKU ba="0,1" sc="262,10,80,10,283,10,365,-30" hai0="5,6,8,11,120,121,123" hai1="9,13,16,44,46,47,82,83,97,98" hai2="12,14,15,61,63,77,78,79,96,99" owari="272,-13.0,90,-41.0,293,9.0,345,45.0" /></mjloggm>