<mjloggm ver="2.3"><GO type="169" lobby="0"/><UN n0="%E3%82%A6%E3%83%AB%E3%83%88%E3%83%A9%E7%AB%8B%E7%9B%B4" n1="%6D%6F%6E%65%79%2E%2E%2E" n2="%E3%81%94%E3%82%8A%E3%81%94%E3%82%8A%E3%81%94%E3%82%8A%E3%82%89" n3="%4D%72%2E%6E%69%6B%75%39" dan="17,17,16,17" rate="2116.25,2230.71,2090.54,2184.76" sx="M,M,M,F"/><TAIKYOKU oya="0"/><INIT seed="0,0,0,3,1,128" ten="250,250,250,250" oya="0" hai0="108,85,87,62,12,51,35,113,58,66,78,60,29" hai1="76,3,82,92,118,134,11,28,53,107,10,106,80" hai2="96,20,0,97,23,132,39,21,109,90,48,32,64" hai3="54,104,86,126,46,65,98,63,56,75,69,38,40"/><T127/><D113/><U74/><E118/><V47/><F39/><W27/><G126/><T33/><D127/><U125/><E125/><V41/><F0/><W111/><G111/><T120/><D120/><U24/><E80/><V102/><F32/><W117/><G117/><T123/><D123/><U71/><E71/><V100/><F109/><W99/><G75/><T49/><D108/><U68/><E68/><V30/><F30/><W72/><G72/><T55/><D33/><U57/><E92/><V131/><F64/><W95/><G104/><T89/><D29/><U44/><E44/><V15/><F131/><W112/><G112/><T36/><D35/><U105/><E3/><V7/><F132/><W17/><G86/><T61/><D36/><U31/><E31/><V2/><F2/><W14/><G27/><T94/><D12/><U22/><REACH who="1" step="1"/><E134/><REACH who="1" ten="250,240,250,250" step="2"/><V121/><F121/><W114/><G95/><T26/><D78/><U37/><E37/><V83/><F83/><W101/><G114/><T133/><D133/><U34/><E34/><V91/><F47/><W79/><G79/><T43/><D87/><U13/><E13/><V19/><F15/><W115/><G115/><T8/><D26/><U122/><E122/><V119/><F119/><W16/><G101/><T93/><D93/><U130/><E130/><V135/><F102/><W18/><REACH who="3" step="1"/><G14/><REACH who="3" ten="250,240,250,240" step="2"/><T59/><D94/><U84/><E84/><V103/><F100/><W77/><G77/><T5/><D85/><U25/><E25/><N who="2" m="14495" /><F103/><W129/><G129/><T42/><D89/><U70/><E70/><V110/><F135/><RYUUKYOKU ba="0,2" sc="250,-15,240,15,250,-15,240,15" hai1="10,11,22,24,28,53,57,74,76,82,105,106,107" hai3="16,17,18,38,40,46,54,56,63,65,69,98,99" /><INIT seed="1,1,2,0,5,7" ten="235,255,235,255" oya="1" hai0="78,33,56,122,112,35,52,96,98,63,118,101,20" hai1="6,0,104,82,84,38,10,108,50,120,129,22,93" hai2="3,54,92,43,14,68,125,24,74,110,26,48,91" hai3="40,11,69,72,80,86,124,83,32,25,109,64,97"/><U1/><E104/><V90/><F3/><W94/><G109/><T79/><D118/><U117/><E38/><V16/><F68/><W77/><G124/><T17/><D112/><U95/><E117/><V132/><F125/><W103/><G40/><T45/><D122/><U134/><E120/><V99/><F132/><W2/><G69/><T105/><D96/><U47/><E134/><V19/><F74/><W121/><G64/><T34/><REACH who="0" step="1"/><D45/><REACH who="0" ten="225,255,235,255" step="2"/><U128/><E108/><V21/><F110/><W67/><G121/><T27/><AGARI ba="1,3" hai="17,20,27,33,34,35,52,56,63,78,79,98,101,105" machi="27" ten="30,7900,0" yaku="1,1,2,1,0,1,54,1,53,0" doraHai="7" doraHaiUra="5" who="0" fromWho="0" sc="225,112,255,-40,235,-21,255,-21" /><INIT seed="2,0,0,4,3,127" ten="337,215,214,234" oya="2" hai0="89,81,114,86,49,16,18,116,52,130,134,62,122" hai1="31,75,27,44,45,102,14,90,79,91,131,98,35" hai2="17,77,133,25,53,42,57,56,78,24,22,12,11" hai3="101,103,29,67,9,72,64,105,121,46,2,110,109"/><V129/><F133/><W115/><G121/><T88/><D122/><U82/><E90/><N who="0" m="34921" /><D130/><U13/><E131/><V4/><F129/><W111/><G115/><T112/><D112/><U70/><E70/><V126/><F126/><W59/><G72/><T34/><D34/><U68/><E68/><V104/><F104/><W76/><G76/><N who="0" m="46375" /><D134/><U21/><E91/><V38/><F57/><W63/><G67/><T85/><D85/><U8/><E35/><V60/><REACH who="2" step="1"/><F24/><REACH who="2" ten="337,215,204,234" step="2"/><W28/><G105/><T117/><D114/><U33/><E27/><V87/><F87/><W48/><G110/><T30/><D62/><U55/><E75/><V125/><F125/><W80/><G111/><T66/><D66/><U108/><E108/><V73/><F73/><W37/><G109/><T135/><D135/><U36/><E98/><V92/><F92/><W124/><G124/><T3/><D117/><U118/><E118/><V83/><F83/><W99/><G80/><T19/><D116/><U100/><E82/><V94/><F94/><W107/><G99/><T97/><D97/><U20/><E44/><AGARI ba="0,1" hai="4,11,12,17,22,25,38,42,44,53,56,60,77,78" machi="44" ten="40,3900,0" yaku="1,1,53,1" doraHai="127" doraHaiUra="7" who="2" fromWho="1" sc="337,0,215,-39,204,49,234,0" /><INIT seed="2,1,0,3,4,131" ten="337,176,253,234" oya="2" hai0="108,25,98,40,122,92,64,99,50,105,110,120,95" hai1="78,5,113,37,127,73,26,15,32,88,103,93,65" hai2="107,10,9,56,74,7,45,2,97,115,20,72,17" hai3="59,132,123,133,69,80,76,46,27,96,89,94,8"/><V36/><F10/><W60/><G123/><T104/><D25/><U38/><E113/><V86/><F115/><W100/><G69/><T44/><D64/><U63/><E103/><V12/><F86/><N who="3" m="52535" /><G46/><T43/><D50/><U30/><E127/><V117/><F117/><W29/><G8/><T87/><D87/><U1/><E1/><V91/><F56/><W54/><G29/><T52/><D44/><U112/><E112/><V84/><F97/><W79/><G27/><T4/><D4/><U109/><E109/><V129/><F107/><N who="3" m="63879" /><G79/><T47/><D47/><U83/><E15/><V126/><F129/><W49/><G60/><T121/><D121/><U35/><E35/><V71/><F71/><W62/><G49/><T16/><D16/><U70/><REACH who="1" step="1"/><E5/><REACH who="1" ten="337,166,253,234" step="2"/><V125/><F126/><W61/><G61/><T77/><D122/><U3/><E3/><V28/><F125/><W11/><G11/><T14/><D120/><U68/><E68/><V0/><F2/><W135/><G135/><T66/><D14/><U55/><E55/><V41/><REACH who="2" step="1"/><F28/><REACH who="2" ten="337,166,243,234" step="2"/><W75/><AGARI ba="1,2" hai="54,59,62,75,76,80,132,133" m="63879,52535" machi="75" ten="30,4000,0" yaku="24,1,52,2" doraHai="131" who="3" fromWho="3" sc="337,-11,166,-11,243,-21,234,63" /><INIT seed="3,0,0,0,1,113" ten="326,155,222,297" oya="3" hai0="9,25,94,120,62,49,76,43,105,131,7,54,74" hai1="63,117,103,0,14,135,61,119,30,126,11,31,21" hai2="80,33,3,59,104,81,28,110,87,16,39,72,2" hai3="4,71,5,115,133,98,46,26,34,38,77,123,41"/><W44/><G115/><T122/><D105/><U56/><E126/><V13/><F104/><W109/><G123/><T60/><D74/><U58/><E135/><V18/><F39/><W68/><G133/><T100/><D76/><U10/><E21/><V129/><F72/><W85/><G109/><T1/><D43/><U132/><E132/><V125/><F125/><W99/><G34/><T53/><D131/><U111/><E111/><V127/><F127/><W86/><G26/><T40/><D40/><U91/><E91/><V79/><F110/><W17/><G17/><T45/><D62/><U8/><E14/><V55/><F81/><W130/><G41/><T134/><D134/><U15/><E15/><V64/><F64/><W22/><G22/><T19/><D60/><N who="1" m="23115" /><E103/><V92/><F129/><W102/><G102/><T73/><D73/><U118/><E0/><V57/><F33/><W108/><G108/><T6/><D6/><U112/><E112/><V95/><F2/><W88/><G77/><T66/><D19/><U51/><E51/><V37/><F3/><W48/><G48/><T35/><D35/><U36/><E36/><V67/><F37/><W12/><G12/><T24/><D122/><U69/><E69/><V50/><F18/><W121/><G38/><T97/><D120/><U75/><E75/><V106/><F28/><AGARI ba="0,0" hai="8,10,11,28,30,31,56,58,117,118,119" m="23115" machi="28" ten="40,12000,2" yaku="28,2,12,1,52,3" doraHai="113" who="1" fromWho="2" sc="326,0,155,120,222,-120,297,0" /><INIT seed="4,0,0,3,2,126" ten="326,275,102,297" oya="0" hai0="47,90,133,118,129,104,26,114,60,27,98,30,108" hai1="105,58,2,25,44,7,4,113,134,117,128,28,120" hai2="49,107,19,79,36,10,123,68,132,75,121,66,83" hai3="72,62,24,63,13,1,116,102,39,23,20,43,73"/><T42/><D118/><U69/><E58/><V12/><F107/><W33/><G1/><T119/><D119/><U52/><E52/><V103/><F36/><W41/><G33/><T130/><D108/><U22/><E44/><V112/><F112/><W100/><G13/><T115/><D133/><U56/><E56/><V9/><F132/><W11/><G24/><T50/><D60/><U17/><E69/><V127/><F127/><W40/><G39/><T65/><D65/><U21/><E105/><V37/><F37/><W16/><G11/><T99/><D27/><U97/><E97/><N who="0" m="36873" /><D90/><U3/><E117/><V78/><F103/><W61/><G116/><T111/><D104/><U6/><E134/><V67/><F68/><W46/><G46/><T29/><D29/><U59/><E59/><V15/><F49/><W135/><G135/><T0/><D0/><N who="1" m="43" /><E120/><V131/><F83/><W5/><G5/><T54/><D42/><U14/><E113/><N who="0" m="43017" /><D111/><U110/><E110/><V57/><F57/><W8/><G73/><T85/><D85/><U84/><E84/><V93/><F75/><W74/><G72/><T92/><D92/><U70/><E70/><V34/><F93/><W96/><G74/><T31/><D31/><U94/><E94/><V95/><F95/><N who="3" m="58399" /><G102/><T125/><D125/><U87/><E87/><V76/><F34/><AGARI ba="0,0" hai="26,30,34,47,50,54,129,130" m="43017,36873" machi="34" ten="30,5800,0" yaku="15,1,52,2" doraHai="126" who="0" fromWho="2" sc="326,58,275,0,102,-58,297,0" /><INIT seed="4,1,0,3,2,37" ten="384,275,44,297" oya="0" hai0="55,34,66,128,14,35,127,61,47,3,95,5,52" hai1="21,48,102,132,33,133,97,82,18,89,10,12,29" hai2="59,119,70,41,76,126,115,31,16,8,129,1,46" hai3="50,117,135,30,32,124,13,88,81,104,40,67,79"/><T36/><D3/><U87/><E33/><V68/><F115/><W99/><G117/><T122/><D122/><U38/><E38/><V51/><F119/><W62/><G135/><T0/><D0/><U73/><E73/><V60/><F126/><W42/><G124/><T22/><D127/><U131/><E131/><V49/><F76/><W20/><G50/><T85/><D128/><U103/><E48/><V93/><F129/><W44/><G44/><T118/><D118/><U120/><E120/><V92/><F51/><W113/><G20/><T15/><D15/><U106/><E103/><V71/><F31/><W84/><G13/><T45/><D45/><U39/><E39/><V24/><F1/><W69/><G113/><T75/><D75/><U57/><E57/><V109/><F109/><W130/><G130/><T86/><D86/><U78/><E78/><V6/><F6/><W11/><G11/><T28/><D5/><U7/><REACH who="1" step="1"/><E29/><REACH who="1" ten="384,265,44,297" step="2"/><V98/><F98/><W65/><G65/><T112/><D28/><U110/><E110/><V94/><F8/><W91/><G91/><N who="0" m="53743" /><D35/><U9/><E9/><V2/><F2/><AGARI ba="1,1" hai="2,7,10,12,18,21,82,87,89,97,102,106,132,133" machi="2" ten="40,1300,0" yaku="1,1,53,0" doraHai="37" doraHaiUra="27" who="1" fromWho="2" sc="384,0,265,26,44,-16,297,0" /><INIT seed="5,0,0,1,2,52" ten="384,291,28,297" oya="1" hai0="123,90,107,67,6,63,43,65,45,108,114,15,94" hai1="101,26,44,120,128,1,88,127,55,57,84,100,11" hai2="31,96,29,118,119,25,58,16,117,89,54,8,95" hai3="81,9,28,12,0,30,115,61,49,41,111,19,40"/><U21/><E120/><V56/><F56/><W53/><G111/><T18/><D107/><U48/><E127/><V13/><REACH who="2" step="1"/><F25/><REACH who="2" ten="384,291,18,297" step="2"/><W73/><G115/><T42/><D114/><U69/><E69/><V121/><F121/><W133/><G133/><T37/><D123/><U99/><E128/><V93/><F93/><W83/><G83/><T71/><D108/><U92/><E1/><V62/><AGARI ba="0,1" hai="8,13,16,29,31,54,58,62,89,95,96,117,118,119" machi="62" ten="30,7900,0" yaku="1,1,0,1,52,1,54,1,53,0" doraHai="52" doraHaiUra="125" who="2" fromWho="2" sc="384,-20,291,-39,18,89,297,-20" /><INIT seed="6,0,0,1,2,116" ten="364,252,107,277" oya="2" hai0="71,37,48,131,103,107,91,100,109,125,124,85,57" hai1="60,39,46,88,93,4,105,135,122,36,74,63,83" hai2="59,80,66,126,92,86,45,9,96,65,69,104,42" hai3="2,128,5,8,44,108,19,95,18,26,64,73,0"/><V54/><F126/><N who="0" m="48746" /><D71/><U133/><E105/><V53/><F104/><W31/><G73/><T6/><D37/><N who="1" m="14411" /><E46/><V55/><F69/><W58/><G44/><T17/><D131/><U81/><E4/><V89/><F9/><N who="3" m="2231" /><G95/><T51/><D109/><U90/><E122/><V32/><F32/><N who="3" m="20599" /><G64/><T21/><D6/><U49/><E49/><N who="0" m="19017" /><D57/><U99/><E74/><V25/><F25/><W123/><G58/><T67/><D67/><U76/><E76/><V3/><F3/><W84/><G84/><T97/><D97/><U10/><E10/><V75/><F75/><W20/><G108/><T28/><D28/><U12/><E12/><V15/><F15/><N who="3" m="7527" /><G0/><T134/><D107/><U47/><E47/><V110/><F110/><W77/><G77/><T33/><D85/><N who="1" m="50239" /><E81/><V94/><F59/><W72/><G72/><T29/><D91/><U78/><E78/><V68/><F68/><W23/><G128/><T119/><D100/><U112/><E63/><V87/><F86/><W40/><G40/><T1/><D103/><U106/><E60/><V14/><F14/><N who="3" m="9335" /><G123/><T98/><D98/><N who="1" m="57655" /><E112/><V22/><F22/><AGARI ba="0,0" hai="22,23" m="9335,7527,20599,2231" machi="22" ten="30,12000,2" yaku="24,1,35,5" doraHai="116" who="3" fromWho="2" sc="364,0,252,0,107,-120,277,120" owari="364,16.0,252,-15.0,-13,-51.0,397,50.0" /></mjloggm>