<mjloggm ver="2.3"><GO type="41" lobby="0"/><UN n0="%67%65%68%65%68%65%77" n1="%64%61%6D%6D%62%61%72%61" n2="%E3%81%82%E3%82%93%E3%83%89%E3%83%BC%E3%83%8A%E3%83%84" n3="%E5%B0%B1%E6%B4%BB%E7%94%9F%40%E5%B7%9D%E6%9D%91%E8%BB%8D%E5%9B%A3" dan="14,13,15,15" rate="1839.68,1816.59,1966.73,1996.70" sx="M,M,M,M"/><TAIKYOKU oya="0"/><INIT seed="0,0,0,5,0,116" ten="250,250,250,250" oya="0" hai0="113,58,45,108,32,81,127,16,36,97,38,23,98" hai1="130,34,133,73,47,65,64,9,57,70,20,67,40" hai2="42,50,103,109,71,89,120,48,80,15,78,131,0" hai3="112,121,43,44,72,54,83,59,27,24,77,55,96"/><T110/><D113/><U56/><E130/><V66/><F0/><W21/><G112/><T76/><D32/><U1/><E73/><V37/><F37/><W11/><G96/><T104/><D127/><U118/><E34/><V135/><F103/><W46/><G46/><T4/><D4/><U49/><E20/><V61/><F131/><W13/><G121/><T28/><D58/><N who="1" m="22635" /><E9/><V18/><F48/><W51/><G21/><T14/><D28/><U75/><E75/><V95/><F50/><W88/><G88/><T7/><D7/><U26/><E26/><V101/><F101/><W100/><G100/><T19/><D104/><U128/><E128/><V91/><F42/><W99/><G99/><N who="0" m="37899" /><D19/><U94/><E94/><V132/><F95/><W60/><G54/><T35/><D35/><U25/><E25/><V3/><F3/><W117/><G117/><T105/><D105/><U123/><E118/><V84/><F120/><W52/><G55/><T69/><D69/><U126/><E1/><V2/><F2/><W93/><G93/><T22/><D22/><U62/><E126/><V39/><F39/><W17/><AGARI ba="0,0" hai="11,13,17,24,27,43,44,51,52,59,60,72,77,83" machi="17" ten="20,2700,0" yaku="0,1,7,1,54,1" doraHai="116" who="3" fromWho="3" sc="250,-13,250,-7,250,-7,250,27" /><INIT seed="1,0,0,4,3,33" ten="237,243,243,277" oya="1" hai0="77,62,70,2,72,88,9,85,26,83,30,56,21" hai1="89,135,131,5,101,41,53,31,130,27,19,117,102" hai2="81,100,122,76,29,118,114,47,111,32,46,58,86" hai3="36,121,39,23,28,78,55,132,71,97,124,113,82"/><U127/><E117/><V34/><F122/><W115/><G121/><T3/><D70/><U90/><E5/><V95/><F118/><W24/><G71/><T6/><D6/><U129/><E41/><V64/><F111/><W13/><G132/><T87/><D9/><U15/><E53/><V69/><F114/><W14/><G124/><T37/><D37/><U74/><E74/><V120/><F120/><W106/><G39/><T104/><D104/><U63/><E63/><V49/><F69/><W96/><G36/><T125/><D125/><U128/><N who="1" m="33280" /><DORA hai="68" /><U45/><E45/><V52/><F29/><W57/><G113/><T73/><D85/><U22/><E127/><V4/><F4/><W80/><G115/><T35/><D35/><U20/><REACH who="1" step="1"/><E135/><REACH who="1" ten="237,233,243,277" step="2"/><V116/><F116/><W54/><G54/><T108/><D108/><U43/><E43/><V0/><F46/><W11/><G55/><T8/><D73/><U44/><E44/><V105/><F52/><W65/><G65/><T67/><REACH who="0" step="1"/><D8/><REACH who="0" ten="227,233,243,277" step="2"/><U99/><E99/><V134/><F134/><W18/><G96/><T61/><D61/><U110/><E110/><V91/><F86/><W7/><G97/><T84/><D84/><U1/><E1/><V12/><F0/><W126/><G126/><T123/><D123/><U93/><E93/><AGARI ba="0,2" hai="2,3,21,26,30,56,62,67,72,77,83,87,88,93" machi="93" ten="30,12000,2" yaku="1,1,7,1,52,2,54,1,53,1" doraHai="33,68" doraHaiUra="98,25" who="0" fromWho="1" sc="227,140,233,-120,243,0,277,0" /><INIT seed="2,0,0,1,3,129" ten="367,113,243,277" oya="2" hai0="32,68,51,98,52,118,45,46,120,117,6,16,71" hai1="106,96,35,91,37,50,85,67,75,34,21,23,62" hai2="114,81,73,4,87,105,41,5,58,15,60,116,70" hai3="27,59,113,90,83,7,112,8,3,82,66,28,102"/><V99/><F116/><N who="0" m="44650" /><D32/><U26/><E75/><V78/><F114/><N who="3" m="44139" /><G102/><T2/><D120/><U124/><E37/><V131/><F131/><W39/><G39/><T17/><D98/><U54/><E124/><V43/><F70/><N who="0" m="26666" /><D46/><U79/><E79/><V122/><F122/><W101/><G101/><T123/><D123/><U30/><E21/><V86/><F4/><W65/><G90/><T18/><D6/><U88/><E91/><V29/><F29/><W24/><G24/><T110/><D110/><U42/><E42/><V33/><F33/><N who="3" m="20639" /><G59/><T0/><AGARI ba="0,0" hai="0,2,16,17,18,45,51,52" m="26666,44650" machi="0" ten="40,5200,0" yaku="12,1,54,2" doraHai="129" who="0" fromWho="0" sc="367,52,113,-13,243,-26,277,-13" /><INIT seed="3,0,0,4,3,57" ten="419,100,217,264" oya="3" hai0="55,73,35,67,101,72,40,87,70,46,56,75,84" hai1="133,125,31,25,28,11,109,7,104,45,68,24,74" hai2="53,77,42,110,12,21,16,51,76,105,26,58,17" hai3="14,128,2,50,15,44,0,65,8,49,135,93,113"/><W88/><G113/><T103/><D35/><U61/><E109/><V131/><F110/><W126/><G128/><T64/><D70/><U115/><E115/><V121/><F105/><W102/><G102/><T119/><D119/><U38/><E104/><V106/><F106/><W99/><G126/><T23/><D23/><U32/><E125/><V132/><F132/><W96/><G135/><T33/><D33/><U43/><E133/><V81/><F131/><W78/><G78/><T10/><D10/><U117/><E74/><V111/><F111/><W6/><G99/><T92/><D67/><U41/><E41/><V4/><F121/><W19/><G65/><T52/><D64/><U80/><E80/><V91/><F91/><W20/><REACH who="3" step="1"/><G49/><REACH who="3" ten="419,100,217,254" step="2"/><T82/><D101/><U69/><E117/><V83/><F77/><W13/><G13/><T85/><D103/><U98/><E98/><V89/><F76/><W90/><G90/><T130/><D130/><U59/><E25/><V5/><F89/><W37/><G37/><T122/><D122/><U66/><REACH who="1" step="1"/><E31/><REACH who="1" ten="419,90,217,254" step="2"/><V3/><F26/><W116/><G116/><T47/><D82/><U60/><E60/><V30/><F83/><W71/><G71/><T97/><D97/><U114/><E114/><V129/><F30/><W134/><G134/><T22/><D72/><U108/><E108/><V9/><F81/><W27/><G27/><T54/><D73/><U95/><E95/><V34/><F129/><W63/><G63/><N who="0" m="36231" /><D92/><U124/><E124/><V123/><F123/><W29/><G29/><T112/><D75/><U39/><E39/><RYUUKYOKU ba="0,2" sc="419,-15,90,15,217,-15,254,15" hai1="7,11,24,28,32,38,43,45,59,61,66,68,69" hai3="0,2,6,8,14,15,19,20,44,50,88,93,96" /><INIT seed="3,1,2,3,4,41" ten="404,105,202,269" oya="3" hai0="127,12,125,15,68,21,111,67,52,58,44,7,54" hai1="91,86,28,55,45,130,69,72,78,131,20,108,90" hai2="74,73,107,124,49,132,64,83,25,26,2,117,38" hai3="42,5,61,60,94,34,56,33,18,80,10,22,102"/><W99/><G42/><T16/><D111/><U93/><E69/><V71/><F26/><W123/><G123/><T97/><D68/><U135/><E108/><V48/><F25/><W70/><G70/><T1/><D1/><U14/><E135/><V36/><F83/><W133/><G133/><T88/><D67/><U6/><E91/><V50/><F2/><W57/><G34/><T63/><D7/><U9/><E130/><V114/><F107/><W112/><G33/><T104/><D104/><U43/><E131/><V92/><F92/><W96/><G80/><T66/><D12/><U13/><E55/><V59/><F74/><W3/><G96/><T89/><D66/><U4/><E20/><V109/><F73/><W29/><G29/><T85/><D97/><U17/><E28/><V120/><F109/><W100/><G112/><T27/><D27/><U128/><E17/><V126/><F132/><W40/><G40/><T23/><D23/><U121/><E6/><V119/><F120/><W32/><G32/><T95/><D89/><U81/><E121/><V8/><F8/><W134/><G134/><T62/><D63/><N who="3" m="24137" /><G102/><T51/><AGARI ba="1,2" hai="15,16,21,44,51,52,54,58,62,85,88,95,125,127" machi="51" ten="30,8000,1" yaku="0,1,52,1,54,3" doraHai="41" who="0" fromWho="0" sc="404,103,105,-21,202,-21,269,-41" /><INIT seed="4,0,0,4,4,68" ten="507,84,181,228" oya="0" hai0="30,104,119,84,38,58,19,87,109,2,135,112,110" hai1="48,132,134,8,73,123,46,9,118,55,11,22,63" hai2="39,3,49,85,36,57,59,96,56,74,133,5,71" hai3="131,64,111,72,88,102,21,14,20,35,47,115,32"/><T65/><D119/><U122/><E73/><V93/><F74/><W25/><G72/><T91/><D104/><U42/><E22/><V127/><F71/><W101/><G111/><T61/><D30/><U53/><E118/><V76/><F133/><W15/><G131/><T43/><D2/><U31/><E31/><V27/><F127/><W17/><G115/><T77/><D135/><N who="1" m="51755" /><E63/><V29/><F49/><W28/><G64/><T24/><D112/><U81/><E81/><V97/><F5/><W116/><G116/><T4/><D4/><U79/><E79/><V100/><F3/><W83/><G47/><N who="0" m="24055" /><D91/><U120/><AGARI ba="0,0" hai="8,9,11,42,46,48,53,55,120,122,123" m="51755" machi="120" ten="40,1500,0" yaku="20,1" doraHai="68" who="1" fromWho="1" sc="507,-7,84,15,181,-4,228,-4" /><INIT seed="5,0,0,5,2,67" ten="500,99,177,224" oya="1" hai0="10,58,73,81,42,85,36,16,8,39,103,93,115" hai1="132,134,20,108,118,133,120,102,117,122,11,23,121" hai2="9,76,48,79,99,27,69,50,91,7,107,84,100" hai3="41,28,63,101,34,65,17,78,59,106,75,116,46"/><U112/><E102/><V33/><F50/><W123/><G116/><T21/><D73/><U22/><E11/><V88/><F91/><W72/><G123/><T4/><D36/><U43/><E43/><V127/><F127/><W126/><G126/><T77/><D39/><U113/><REACH who="1" step="1"/><E108/><REACH who="1" ten="500,89,177,224" step="2"/><V6/><F9/><W62/><G101/><T111/><D42/><U1/><E1/><V87/><F100/><W119/><G41/><T5/><D115/><AGARI ba="0,1" hai="20,22,23,112,113,115,117,118,120,121,122,132,133,134" machi="115" ten="60,24000,3" yaku="1,1,29,2,28,2,15,1,20,1,34,3,53,0" doraHai="67" doraHaiUra="25" who="1" fromWho="0" sc="500,-240,89,250,177,0,224,0" /><INIT seed="5,1,0,0,2,46" ten="260,339,177,224" oya="1" hai0="68,74,2,71,35,42,92,134,122,133,34,81,80" hai1="75,5,105,66,64,111,127,33,70,29,102,38,103" hai2="18,88,100,19,130,4,11,9,14,53,123,132,12" hai3="125,69,72,24,131,128,58,15,62,116,0,44,108"/><U40/><E75/><V61/><F132/><N who="0" m="50794" /><D2/><U73/><E73/><V78/><F78/><W54/><G0/><T96/><D42/><U16/><E105/><V49/><F130/><N who="3" m="49707" /><G72/><T37/><D122/><U7/><E70/><N who="0" m="26665" /><D37/><U48/><E38/><V115/><F123/><W119/><G24/><T83/><D74/><U79/><E79/><V25/><F115/><W89/><G89/><T36/><D36/><U20/><E127/><V82/><F100/><N who="1" m="38441" /><E111/><V91/><F25/><W13/><G125/><T121/><D121/><U94/><E33/><N who="0" m="12297" /><D92/><U32/><E32/><V30/><F30/><W118/><G108/><T47/><D47/><N who="1" m="25703" /><E29/><V126/><F126/><W113/><G113/><T98/><AGARI ba="1,0" hai="80,81,83,96,98" m="12297,26665,50794" machi="98" ten="40,5200,0" yaku="28,2,20,1" doraHai="46" who="0" fromWho="0" sc="260,55,339,-27,177,-14,224,-14" /><INIT seed="6,0,0,4,4,54" ten="315,312,163,210" oya="2" hai0="37,111,117,38,95,66,102,27,134,101,129,4,112" hai1="103,59,84,127,55,24,73,56,130,21,29,47,81" hai2="64,3,71,9,41,125,123,78,32,97,13,122,105" hai3="40,118,69,92,120,52,88,119,114,36,94,35,6"/><V31/><F125/><W23/><G120/><T17/><D111/><U48/><E130/><V60/><F78/><W77/><G35/><T30/><D4/><U1/><E1/><V65/><F65/><W2/><G69/><T90/><D129/><U12/><E73/><V42/><F42/><W15/><G114/><T16/><D117/><U7/><E103/><N who="2" m="62703" /><F41/><W51/><G77/><T39/><D112/><U49/><E49/><V34/><F34/><W10/><G92/><T46/><D66/><U43/><E43/><V87/><F87/><N who="3" m="52511" /><G40/><T104/><D46/><U132/><E132/><V14/><F14/><W25/><G36/><T110/><D110/><U135/><E135/><V82/><F82/><W107/><G107/><T91/><D91/><N who="1" m="51599" /><E127/><V28/><F28/><N who="3" m="17471" /><G119/><T62/><D134/><U126/><E126/><V133/><F133/><W99/><G118/><T5/><D102/><U79/><E79/><V72/><F72/><W67/><G67/><T98/><D5/><U74/><E74/><V86/><F86/><W8/><G2/><T85/><REACH who="0" step="1"/><D62/><REACH who="0" ten="305,312,163,210" step="2"/><U106/><E106/><V100/><F100/><W93/><G6/><T70/><D70/><U33/><E33/><AGARI ba="0,1" hai="16,17,27,30,33,37,38,39,85,90,95,98,101,104" machi="33" ten="40,5200,0" yaku="1,1,54,1,53,1" doraHai="54" doraHaiUra="83" who="0" fromWho="1" sc="305,62,312,-52,163,0,210,0" /><INIT seed="7,0,0,1,4,54" ten="367,260,163,210" oya="3" hai0="65,9,32,96,50,63,7,103,86,121,107,27,135" hai1="114,109,74,110,26,106,16,115,60,97,85,120,128" hai2="119,10,56,36,105,95,0,24,1,78,72,88,59" hai3="29,34,126,28,77,90,123,73,18,91,5,4,51"/><W130/><G123/><T33/><D121/><U49/><E120/><V125/><F36/><W17/><G73/><T47/><D135/><U15/><E26/><V58/><F119/><W42/><G34/><T100/><D100/><U66/><E49/><V62/><F105/><W133/><G133/><T25/><D86/><U6/><E6/><N who="3" m="2666" /><G126/><T13/><D33/><U89/><E74/><V122/><F122/><W117/><G130/><T2/><D13/><U116/><E97/><V108/><F108/><W118/><G77/><T67/><D32/><U55/><E55/><V3/><F125/><W84/><G84/><T46/><D46/><U48/><E48/><V22/><F10/><W98/><G98/><T14/><D14/><U8/><E106/><V82/><F62/><W23/><G23/><T39/><D39/><U43/><E43/><V41/><F41/><W113/><G113/><N who="1" m="43018" /><E128/><V92/><REACH who="2" step="1"/><F88/><REACH who="2" ten="367,260,153,210" step="2"/><N who="3" m="33835" /><G117/><T44/><D44/><U69/><E116/><V132/><F132/><W129/><G118/><T99/><D99/><U35/><E35/><V71/><F71/><W75/><G129/><T111/><D111/><U94/><AGARI ba="0,1" hai="8,15,16,60,66,69,85,89,94,109,110" m="43018" machi="94" ten="30,2000,0" yaku="15,1,54,1" doraHai="54" who="1" fromWho="1" sc="367,-5,260,30,153,-5,210,-10" owari="362,46.0,290,9.0,148,-35.0,200,-20.0" /></mjloggm>