<mjloggm ver="2.3"><GO type="97" lobby="0"/><UN n0="%E9%B7%B9%E5%B1%B1" n1="%E3%81%AA%E3%81%B9%E3%81%AA%E3%81%B9%E3%82%AD%E3%83%B3%E3%82%B0" n2="%E5%B0%B1%E6%B4%BB%E7%94%9F%40%E5%B7%9D%E6%9D%91%E8%BB%8D%E5%9B%A3" n3="%79%61%6D%61%64%61%35%35" dan="14,13,13,14" rate="1925.66,1844.24,1873.11,1994.21" sx="M,M,M,M"/><TAIKYOKU oya="0"/><INIT seed="0,0,0,0,3,99" ten="250,250,250,250" oya="0" hai0="33,15,2,107,78,64,40,34,77,96,36,80,90" hai1="105,91,24,52,16,86,7,85,134,100,60,18,75" hai2="44,0,135,48,128,130,95,84,126,129,109,37,14" hai3="71,26,112,56,6,53,114,103,39,5,8,81,69"/><T51/><D2/><U38/><E75/><V9/><F0/><W88/><G39/><T65/><D36/><U57/><E38/><V21/><F37/><W82/><G71/><T49/><D77/><U11/><E86/><V31/><F126/><W23/><G69/><T45/><D51/><U22/><E134/><V124/><F124/><W61/><G112/><T73/><D33/><U119/><E119/><V63/><F135/><W132/><G132/><T17/><D34/><U125/><E125/><V87/><F109/><W92/><G114/><T122/><D122/><U76/><E76/><V111/><F111/><W46/><G46/><T66/><D66/><U62/><E62/><V41/><F63/><W4/><G103/><T97/><D97/><U35/><E35/><V113/><F113/><W89/><G8/><T19/><D19/><U72/><E72/><V70/><F70/><W104/><G104/><T106/><D106/><U74/><E74/><V94/><F84/><W83/><REACH who="3" step="1"/><G92/><REACH who="3" ten="250,250,250,240" step="2"/><T1/><D1/><U102/><E105/><V32/><F95/><W28/><AGARI ba="0,1" hai="4,5,6,23,26,28,53,56,61,81,82,83,88,89" machi="28" ten="30,12000,2" yaku="1,1,2,1,0,1,8,1,54,1,53,1" doraHai="99" doraHaiUra="50" who="3" fromWho="3" sc="250,-60,250,-30,250,-30,240,130" /><INIT seed="1,0,0,1,2,134" ten="190,220,220,370" oya="1" hai0="124,96,2,50,103,70,110,108,25,5,28,46,6" hai1="64,26,111,107,133,71,75,31,72,85,127,33,67" hai2="23,100,53,113,114,76,69,94,102,35,8,129,38" hai3="57,36,86,88,104,132,135,34,24,117,20,51,9"/><U37/><E85/><V74/><F35/><W43/><G36/><T47/><D70/><U63/><E67/><V73/><F69/><W122/><G104/><T77/><D77/><U66/><E66/><V80/><F38/><W61/><G122/><T16/><D47/><U81/><E133/><N who="3" m="51274" /><G117/><T15/><D124/><U90/><E127/><V78/><F129/><W121/><G121/><T68/><D68/><U97/><E90/><V13/><F23/><W99/><G99/><T79/><D79/><U87/><E87/><V19/><F53/><W101/><G101/><T7/><D2/><U120/><E120/><V128/><F128/><W32/><G9/><T41/><D110/><U0/><E111/><V60/><F60/><W55/><G43/><T10/><D108/><U91/><E91/><V92/><F102/><W130/><G61/><T98/><REACH who="0" step="1"/><D103/><REACH who="0" ten="180,220,220,370" step="2"/><N who="1" m="62959" /><E0/><V11/><F100/><W56/><G130/><T131/><D131/><U105/><E105/><V12/><F80/><N who="3" m="49223" /><G57/><T93/><D93/><U126/><E81/><V39/><F39/><W59/><G59/><T30/><D30/><AGARI ba="0,1" hai="20,24,30,32,34,51,55,56" m="49223,51274" machi="30" ten="30,2000,0" yaku="20,1,54,1" doraHai="134" who="3" fromWho="0" sc="180,-20,220,0,220,0,370,30" /><INIT seed="2,0,0,1,2,132" ten="160,220,220,400" oya="2" hai0="34,41,126,97,12,121,35,78,135,76,131,113,66" hai1="112,108,93,31,73,128,88,30,39,21,129,11,58" hai2="17,63,24,82,105,49,42,20,100,7,56,64,96" hai3="110,84,47,8,53,98,92,95,99,18,36,4,14"/><V94/><F7/><W25/><G110/><T80/><D121/><U15/><E39/><V55/><F42/><W115/><G115/><T68/><D113/><U91/><E73/><V6/><F6/><W38/><G38/><T117/><D76/><U125/><E112/><V16/><F82/><W1/><G25/><T44/><D135/><U111/><E58/><V13/><F105/><W101/><G84/><T3/><D3/><U102/><E102/><V134/><F134/><W28/><G28/><T10/><D131/><U45/><E45/><V67/><F49/><W70/><G70/><T57/><D68/><U54/><E54/><V22/><AGARI ba="0,0" hai="13,16,17,20,22,24,55,56,63,64,67,94,96,100" machi="22" ten="20,7800,0" yaku="0,1,7,1,8,1,54,1" doraHai="132" who="2" fromWho="2" sc="160,-26,220,-26,220,78,400,-26" /><INIT seed="2,1,0,2,0,115" ten="134,194,298,374" oya="2" hai0="53,23,3,0,78,54,84,64,1,43,95,38,79" hai1="106,50,61,77,62,113,96,129,41,90,57,13,52" hai2="10,33,68,7,92,55,14,124,98,101,74,2,112" hai3="9,132,73,104,128,34,45,5,85,17,94,18,69"/><V39/><F74/><W31/><G104/><T91/><D38/><U111/><E113/><V122/><F112/><W110/><G73/><T29/><D43/><U120/><E111/><V130/><F122/><W16/><G69/><T103/><D64/><U82/><E120/><V81/><F124/><W28/><G110/><T87/><D103/><U11/><E129/><V15/><F130/><W134/><G128/><T107/><D107/><U121/><E121/><V44/><F68/><W133/><G45/><T72/><D72/><U116/><E116/><V19/><F33/><W24/><G31/><T71/><D71/><U114/><E114/><V86/><F19/><W46/><G46/><T88/><D29/><U12/><E12/><V93/><F93/><W89/><REACH who="3" step="1"/><G18/><REACH who="3" ten="134,194,298,364" step="2"/><T25/><D25/><U127/><E106/><V118/><F118/><W26/><G26/><T102/><D23/><U47/><E127/><V49/><REACH who="2" step="1"/><F39/><REACH who="2" ten="134,194,288,364" step="2"/><W40/><G40/><T66/><D102/><U80/><E41/><V75/><F75/><W70/><G70/><T22/><D22/><U119/><E119/><V51/><F51/><W8/><G8/><T58/><D66/><U30/><E11/><V35/><F35/><W135/><N who="3" m="34304" /><DORA hai="65" /><W100/><G100/><T105/><D105/><U125/><E50/><V123/><F123/><W56/><G56/><T83/><REACH who="0" step="1"/><D58/><REACH who="0" ten="124,194,288,364" step="2"/><N who="1" m="35015" /><E125/><V97/><F97/><W126/><G126/><T4/><D4/><U59/><E96/><V60/><F60/><W99/><G99/><T131/><D131/><U20/><E62/><V21/><F21/><W63/><G63/><RYUUKYOKU ba="1,3" sc="124,10,194,-30,288,10,364,10" hai0="0,1,3,53,54,78,79,83,84,87,88,91,95" hai2="2,7,10,14,15,44,49,55,81,86,92,98,101" hai3="5,9,16,17,24,28,34,85,89,94" /><INIT seed="2,2,3,2,0,47" ten="134,164,298,374" oya="2" hai0="46,23,104,0,30,45,125,53,116,70,8,6,44" hai1="29,77,15,7,35,98,5,89,10,9,50,119,68" hai2="120,31,25,69,105,101,103,112,13,43,76,61,49" hai3="117,87,93,40,95,54,67,130,64,17,74,99,123"/><V124/><F120/><W48/><G74/><T72/><D70/><U59/><E68/><V38/><F112/><W134/><G123/><T66/><D72/><U42/><E119/><V1/><F1/><W16/><G117/><T135/><D104/><U83/><E35/><V3/><F3/><W52/><G134/><T110/><D135/><U62/><E29/><V97/><F124/><W11/><G130/><T118/><D125/><U75/><E98/><V108/><F103/><W55/><G87/><T56/><D110/><U81/><E89/><V36/><F108/><W122/><G122/><T91/><D91/><U12/><E81/><V96/><F96/><W14/><G17/><T71/><D71/><U113/><E113/><V20/><F76/><W127/><G127/><T111/><D111/><U82/><E82/><V26/><F26/><W65/><G99/><T2/><D66/><U100/><E100/><V33/><F20/><W129/><G129/><T73/><D73/><U121/><E121/><V115/><F13/><W79/><G79/><T90/><D90/><U41/><E50/><V34/><F34/><W24/><G24/><N who="0" m="16671" /><D0/><U4/><REACH who="1" step="1"/><E5/><REACH who="1" ten="134,154,298,374" step="2"/><V132/><F132/><W22/><G48/><N who="0" m="30759" /><D44/><U32/><E32/><V84/><F115/><W18/><G40/><T78/><D78/><U28/><E28/><V85/><F36/><W107/><G107/><T37/><D37/><U60/><E60/><V19/><F38/><W114/><G114/><T94/><D94/><U86/><E86/><V88/><F84/><W63/><G63/><T102/><D102/><U126/><E126/><RYUUKYOKU ba="2,4" sc="134,10,154,10,298,-30,374,10" hai0="2,6,8,45,46,116,118" hai1="4,7,9,10,12,15,41,42,59,62,75,77,83" hai3="11,14,16,18,22,52,54,55,64,65,67,93,95" /><INIT seed="3,3,4,0,1,38" ten="144,164,268,384" oya="3" hai0="31,19,116,51,96,111,135,52,14,64,115,125,82" hai1="68,61,7,66,129,49,128,36,54,121,70,30,24" hai2="41,132,17,59,87,50,45,134,62,122,93,60,55" hai3="81,48,33,105,113,43,117,39,22,99,23,67,89"/><W12/><G33/><T44/><D116/><U74/><E74/><V97/><F122/><W124/><G39/><T73/><D111/><U103/><E103/><V18/><F132/><W118/><G113/><T29/><D135/><U130/><E7/><V110/><F134/><W15/><G124/><T32/><D32/><U120/><E24/><V21/><F110/><W40/><G67/><T91/><D125/><U27/><E30/><N who="0" m="11273" /><D73/><U71/><E27/><V65/><F87/><W98/><G105/><T112/><D64/><U90/><E90/><V46/><F21/><N who="3" m="7691" /><G117/><T0/><D0/><U79/><E79/><V119/><F119/><W56/><G118/><T8/><D115/><U77/><E77/><V86/><F86/><N who="3" m="50383" /><G56/><N who="0" m="32799" /><D112/><U16/><E16/><V6/><F6/><W80/><G80/><T37/><D37/><U34/><E34/><V53/><F53/><W95/><G48/><T109/><D109/><U114/><E114/><V2/><F2/><W11/><G15/><T72/><D72/><U92/><E92/><V131/><F131/><W25/><G25/><T84/><D44/><N who="1" m="27943" /><E36/><V104/><F104/><W63/><G95/><T28/><N who="0" m="11281" /><T26/><DORA hai="107" /><D26/><U4/><E4/><V35/><F35/><W101/><G11/><T5/><D96/><U83/><E83/><V42/><F62/><W108/><G98/><T69/><D69/><AGARI ba="3,4" hai="61,66,68,69,70,71,120,121,128,129,130" m="27943" machi="69" ten="40,5200,0" yaku="19,1,34,2" doraHai="38,107" who="1" fromWho="0" sc="144,-61,164,101,268,0,384,0" owari="83,-42.0,265,-13.0,268,7.0,384,48.0" /></mjloggm>