<mjloggm ver="2.3"><GO type="41" lobby="0"/><UN n0="%E5%B0%B1%E6%B4%BB%E7%94%9F%40%E5%B7%9D%E6%9D%91%E8%BB%8D%E5%9B%A3" n1="%E3%82%B1%E3%83%B3%E5%9D%8A" n2="%73%65%69%6E%75" n3="%E3%81%8A%E9%A1%98%E3%81%84%E3%81%97%E3%81%BE%E3%81%99" dan="15,13,15,14" rate="2015.84,1891.97,2003.83,1901.71" sx="M,M,M,M"/><TAIKYOKU oya="0"/><INIT seed="0,0,0,2,2,28" ten="250,250,250,250" oya="0" hai0="89,54,100,56,103,43,25,101,96,1,31,71,110" hai1="50,63,127,79,99,102,108,65,40,133,20,92,32" hai2="115,78,90,16,114,109,128,74,38,93,106,41,95" hai3="129,44,29,121,26,11,132,111,70,87,27,59,15"/><T97/><D71/><U125/><E133/><V120/><F106/><W85/><G132/><T49/><D1/><U124/><E108/><V24/><F109/><W13/><G70/><T126/><D126/><U57/><E79/><V68/><F68/><W66/><G111/><T107/><D110/><U51/><E40/><V123/><F128/><W117/><G129/><T88/><D43/><U130/><E130/><V91/><F41/><W64/><G44/><T69/><D69/><U62/><E62/><V55/><F24/><W6/><G121/><T4/><D4/><U7/><E7/><V76/><F55/><W86/><G117/><T135/><D135/><U39/><E39/><V47/><F47/><W122/><G122/><T48/><D48/><U67/><E67/><N who="3" m="25642" /><G15/><T3/><D3/><U9/><E9/><V60/><F60/><W18/><G29/><T94/><REACH who="0" step="1"/><D103/><REACH who="0" ten="240,250,250,250" step="2"/><U46/><E51/><V33/><F38/><W14/><G59/><T30/><D30/><U118/><E118/><V104/><F120/><W19/><G6/><T12/><D12/><U0/><E0/><V134/><F123/><W35/><G35/><AGARI ba="0,1" hai="25,31,35,49,54,56,88,89,94,96,97,100,101,107" machi="35" ten="30,11600,0" yaku="1,1,7,1,52,1,54,1,53,0" doraHai="28" doraHaiUra="61" who="0" fromWho="3" sc="240,126,250,0,250,0,250,-116" /><INIT seed="0,1,0,0,3,120" ten="366,250,250,134" oya="0" hai0="5,59,127,23,102,121,92,21,8,65,115,104,55" hai1="13,66,25,126,56,68,9,84,10,99,88,34,79" hai2="81,0,43,19,18,94,70,53,54,95,58,61,60" hai3="30,41,73,20,76,116,7,45,40,44,80,11,36"/><T101/><D104/><U75/><E68/><V91/><F70/><W107/><G30/><T109/><D121/><U16/><E126/><V77/><F0/><W64/><G20/><T69/><D115/><U124/><E124/><V72/><F43/><W131/><G64/><T51/><D127/><U31/><E99/><V63/><F95/><W125/><G125/><T123/><D123/><U82/><E66/><V129/><F129/><W103/><G131/><T67/><D109/><U1/><E1/><V71/><F71/><W108/><G108/><T122/><D122/><U86/><E56/><V96/><F63/><W134/><G134/><T26/><D23/><U100/><E100/><V112/><F112/><W14/><G116/><T22/><D22/><U6/><REACH who="1" step="1"/><E88/><REACH who="1" ten="366,240,250,134" step="2"/><V35/><REACH who="2" step="1"/><F35/><REACH who="2" ten="366,240,240,134" step="2"/><W130/><G130/><T32/><D69/><U119/><E119/><V39/><F39/><W12/><G103/><T132/><D32/><U113/><E113/><V4/><F4/><W105/><G40/><T133/><D102/><U47/><E47/><V15/><F15/><W83/><G44/><T118/><D101/><U37/><E37/><V98/><F98/><W110/><G83/><T50/><D5/><U48/><E48/><V87/><F87/><W128/><G128/><T33/><D51/><U38/><E38/><V89/><F89/><W97/><G97/><T27/><D33/><U106/><E106/><V3/><F3/><W74/><G74/><T52/><D50/><U135/><E135/><V28/><F28/><W93/><G93/><T17/><D132/><U42/><E42/><RYUUKYOKU ba="1,2" sc="366,-15,240,15,240,15,134,-15" hai1="6,9,10,13,16,25,31,34,75,79,82,84,86" hai2="18,19,53,54,58,60,61,72,77,81,91,94,96" /><INIT seed="1,2,2,5,3,135" ten="351,255,255,119" oya="1" hai0="47,56,117,54,91,105,16,106,18,2,37,132,35" hai1="113,99,42,69,64,31,128,45,89,95,100,78,9" hai2="43,11,10,108,39,118,112,40,84,53,30,65,114" hai3="33,130,22,107,1,83,102,122,73,110,52,115,63"/><U19/><E113/><N who="2" m="43627" /><F108/><W24/><G33/><T96/><D2/><U12/><E128/><V67/><F118/><W85/><G73/><T133/><D35/><U70/><E64/><N who="2" m="24651" /><F30/><W98/><G110/><T127/><D117/><U15/><E78/><V131/><F131/><W14/><G122/><T101/><D106/><U71/><E31/><V57/><F84/><W119/><G119/><T62/><D91/><U7/><E100/><V116/><F116/><W32/><G130/><T134/><D127/><U92/><E92/><V97/><F97/><W120/><G120/><T79/><D79/><U34/><E34/><V104/><F104/><W90/><G32/><T66/><D37/><U80/><E80/><V55/><F39/><W17/><G115/><T129/><D129/><U60/><E60/><V28/><F28/><W27/><REACH who="3" step="1"/><G1/><REACH who="3" ten="351,255,255,109" step="2"/><T86/><D133/><U29/><E29/><V8/><F57/><AGARI ba="2,3" hai="14,17,22,24,27,52,57,63,83,85,90,98,102,107" machi="57" ten="40,8000,1" yaku="1,1,2,1,54,1,53,2" doraHai="135" doraHaiUra="23" who="3" fromWho="2" sc="351,0,255,0,255,-86,109,116" /><INIT seed="2,0,0,5,5,93" ten="351,255,169,225" oya="2" hai0="39,51,11,111,16,10,38,29,42,6,28,32,45" hai1="70,115,34,113,60,62,95,114,15,97,21,99,1" hai2="78,46,68,122,53,33,61,69,123,103,57,9,110" hai3="77,17,124,83,59,26,56,101,36,40,13,76,2"/><V116/><F33/><W94/><G2/><T91/><D111/><U24/><E1/><V85/><F110/><W47/><G124/><T80/><D11/><U90/><E34/><V7/><F116/><W130/><G130/><T37/><D32/><U82/><E70/><V119/><F119/><W102/><G77/><T129/><D129/><U18/><E82/><V73/><F73/><W131/><G131/><T107/><D107/><U74/><E74/><V64/><F103/><W20/><G101/><T117/><D117/><U12/><E12/><V125/><F125/><W104/><G104/><T31/><D16/><U128/><E128/><V79/><F46/><W135/><G13/><T118/><D118/><U44/><E44/><V92/><F92/><W48/><G36/><T4/><D10/><U71/><E71/><V72/><F72/><W58/><G135/><T35/><D35/><U14/><E14/><V3/><F85/><W89/><G102/><T54/><D42/><U84/><REACH who="1" step="1"/><E15/><REACH who="1" ten="351,245,169,225" step="2"/><V112/><F69/><W133/><G133/><T108/><D108/><U121/><E121/><V127/><F127/><W30/><G59/><T96/><D80/><U49/><E49/><V25/><F25/><W23/><G83/><T86/><D51/><U106/><E106/><V100/><F122/><W67/><G76/><N who="2" m="29225" /><F123/><W50/><G26/><T109/><D45/><U5/><E5/><V81/><F81/><W8/><G47/><T88/><D6/><U27/><E27/><V120/><F120/><W87/><G48/><T66/><D4/><U105/><E105/><V55/><F68/><RYUUKYOKU ba="0,1" sc="351,-10,245,30,169,-10,225,-10" hai1="18,21,24,60,62,84,90,95,97,99,113,114,115" /><INIT seed="3,1,1,2,5,45" ten="341,275,159,215" oya="3" hai0="24,34,123,93,16,14,79,3,97,106,110,17,89" hai1="83,28,128,70,58,10,27,62,54,49,4,52,18" hai2="120,95,53,72,59,57,33,21,68,73,64,6,76" hai3="90,127,36,7,74,101,114,102,111,84,126,104,116"/><W44/><G74/><T31/><D123/><U107/><E107/><V103/><F120/><W40/><G104/><T112/><D3/><U85/><E128/><V0/><F33/><W118/><G114/><T130/><D130/><U119/><E70/><V80/><F68/><W51/><G36/><T37/><D37/><U71/><E71/><V88/><F103/><N who="3" m="39435" /><G111/><T1/><D1/><U66/><E119/><V77/><F0/><W129/><G7/><T50/><D112/><U87/><E87/><V134/><F134/><W117/><G129/><T100/><D110/><U25/><E28/><V9/><F64/><W75/><G75/><T121/><D79/><N who="1" m="46335" /><E4/><V19/><F6/><W55/><G40/><T20/><D121/><U32/><E32/><V39/><F39/><W65/><G65/><T133/><D133/><U69/><E69/><V108/><F108/><W63/><G63/><T42/><D17/><U48/><E27/><V125/><F53/><N who="1" m="20585" /><E25/><V94/><F72/><W122/><G118/><T46/><D106/><U26/><E26/><V22/><F73/><W47/><G122/><T11/><REACH who="0" step="1"/><D100/><REACH who="0" ten="331,275,159,215" step="2"/><U61/><E18/><V2/><F19/><W99/><G117/><T8/><AGARI ba="1,2" hai="8,11,14,16,20,24,31,34,42,46,50,89,93,97" machi="8" ten="30,8000,1" yaku="1,1,2,1,0,1,52,1,54,1,53,0" doraHai="45" doraHaiUra="60" who="0" fromWho="0" sc="331,103,275,-21,159,-21,215,-41" /><INIT seed="4,0,0,3,4,97" ten="434,254,138,174" oya="0" hai0="78,108,20,64,117,31,62,34,7,91,88,75,99" hai1="63,106,72,111,112,13,51,74,37,38,95,39,121" hai2="107,42,4,40,83,89,11,67,59,21,109,24,43" hai3="105,17,54,48,33,10,18,71,104,122,14,73,98"/><T133/><D34/><U44/><E111/><V52/><F107/><W96/><G33/><T79/><D108/><U2/><E121/><V45/><F109/><W35/><G35/><T69/><D133/><U50/><E2/><V19/><F67/><W9/><G71/><T103/><D7/><U132/><E132/><V131/><F131/><W61/><G61/><T47/><D47/><U57/><E106/><V27/><F45/><W77/><G122/><T41/><D41/><N who="1" m="22575" /><E13/><V124/><F124/><W84/><G84/><T82/><D78/><U134/><E95/><V119/><F119/><W86/><G86/><T49/><D49/><N who="1" m="18443" /><E72/><V60/><F83/><W76/><G73/><T135/><D135/><U15/><E15/><N who="2" m="5607" /><F89/><W23/><G14/><AGARI ba="0,0" hai="14,19,21,24,27,40,42,43,52,59,60" m="5607" machi="14" ten="30,2000,0" yaku="8,1,54,1" doraHai="97" who="2" fromWho="3" sc="434,0,254,0,138,20,174,-20" /><INIT seed="5,0,0,0,2,118" ten="434,254,158,154" oya="1" hai0="100,95,27,126,96,62,104,110,85,15,32,26,132" hai1="12,30,4,116,98,65,64,106,89,16,42,1,7" hai2="14,37,13,3,25,71,41,5,23,103,61,24,22" hai3="83,60,29,80,70,63,109,31,48,130,54,115,9"/><U94/><E116/><V34/><F71/><W134/><G70/><T75/><D110/><U47/><E106/><V38/><F41/><W76/><G115/><T125/><D75/><U135/><E135/><V120/><F103/><W87/><G134/><T129/><D132/><U21/><E30/><N who="3" m="11274" /><G109/><T97/><D32/><U113/><E113/><V133/><F61/><W35/><G35/><T10/><D85/><U101/><E1/><V33/><F133/><W43/><G130/><T131/><D62/><U117/><E117/><V0/><REACH who="2" step="1"/><F5/><REACH who="2" ten="434,254,148,154" step="2"/><W40/><G63/><T114/><D129/><U84/><E7/><V108/><F108/><W2/><G60/><T50/><D131/><U105/><REACH who="1" step="1"/><E4/><REACH who="1" ten="434,244,148,154" step="2"/><V81/><F81/><W55/><G80/><T124/><D114/><U56/><E56/><V119/><F119/><W39/><G2/><T59/><D59/><U73/><E73/><V52/><F52/><W72/><G72/><T11/><D125/><U77/><E77/><V121/><AGARI ba="0,2" hai="0,3,13,14,22,23,24,25,33,34,37,38,120,121" machi="121" ten="25,12000,2" yaku="1,1,0,1,22,2,52,2,53,0" doraHai="118" doraHaiUra="44" who="2" fromWho="2" sc="434,-30,244,-60,148,140,154,-30" /><INIT seed="6,0,0,5,1,31" ten="404,184,288,124" oya="2" hai0="48,109,32,3,132,34,101,128,24,85,26,44,12" hai1="100,78,79,99,14,88,64,47,25,106,8,41,117" hai2="63,54,58,133,105,50,71,97,94,110,120,112,51" hai3="70,20,107,7,129,72,60,38,124,84,91,131,83"/><V55/><F105/><W73/><G107/><T52/><D3/><U49/><E117/><V108/><F120/><W87/><G38/><T40/><D109/><N who="2" m="42090" /><F112/><W9/><G124/><T81/><D101/><U135/><E135/><V104/><F104/><W15/><G20/><T116/><D132/><U123/><E123/><V93/><F133/><W82/><G70/><T98/><D116/><U17/><E64/><N who="2" m="41375" /><F97/><W122/><G60/><T126/><D98/><U4/><E88/><V61/><F61/><W68/><G68/><T114/><D12/><U45/><E25/><V125/><F125/><W76/><REACH who="3" step="1"/><G122/><REACH who="3" ten="404,184,288,114" step="2"/><T1/><D126/><U86/><E106/><V59/><AGARI ba="0,1" hai="50,51,54,55,58,59,93,94" m="41375,42090" machi="59" ten="30,1500,0" yaku="10,1" doraHai="31" who="2" fromWho="2" sc="404,-5,184,-5,288,25,114,-5" /><INIT seed="6,1,0,2,3,125" ten="399,179,313,109" oya="2" hai0="95,3,51,29,59,31,119,57,70,107,34,77,116" hai1="94,26,46,129,111,121,124,27,24,33,75,12,82" hai2="68,54,135,118,117,32,23,83,96,55,78,19,47" hai3="120,123,4,11,41,115,73,28,100,39,97,18,52"/><V43/><F32/><W66/><G73/><T131/><D70/><U49/><E111/><V5/><F68/><W25/><G66/><T14/><D107/><U42/><E124/><V71/><F71/><W89/><G89/><T110/><D3/><U9/><E121/><V30/><F30/><N who="0" m="11274" /><D131/><U133/><E133/><V106/><F135/><W67/><G67/><T44/><D34/><U15/><E33/><V13/><F5/><W79/><G79/><T45/><D110/><U104/><E104/><V64/><F64/><W99/><G115/><T36/><D36/><U84/><E75/><V127/><F127/><W37/><G37/><T102/><D77/><U61/><E61/><V85/><F96/><W53/><G99/><N who="0" m="59775" /><D45/><U10/><E129/><V0/><F0/><W17/><G39/><T2/><D2/><U126/><E126/><V105/><F105/><W65/><G65/><T88/><D88/><N who="1" m="51223" /><E94/><V38/><REACH who="2" step="1"/><F106/><REACH who="2" ten="399,179,303,109" step="2"/><W86/><G123/><T16/><D119/><AGARI ba="1,1" hai="13,19,23,38,43,47,54,55,78,83,85,117,118,119" machi="119" ten="40,3900,0" yaku="1,1,2,1,53,0" doraHai="125" doraHaiUra="98" who="2" fromWho="0" sc="399,-42,179,0,303,52,109,0" /><INIT seed="6,2,0,5,3,122" ten="357,179,355,109" oya="2" hai0="39,47,60,22,59,101,112,85,80,53,50,37,129" hai1="131,69,29,90,25,95,23,114,3,107,33,58,16" hai2="30,121,7,44,64,124,68,100,65,1,48,67,119" hai3="71,118,105,12,14,43,103,15,82,81,51,130,76"/><V10/><F121/><W120/><G71/><T40/><D112/><U35/><E107/><V116/><F100/><W11/><G120/><T88/><D129/><U27/><E69/><V128/><F68/><W61/><G61/><T104/><D104/><U20/><E58/><V34/><F128/><W109/><G118/><T96/><D96/><U21/><E90/><V38/><F38/><W79/><G130/><T84/><D101/><U17/><E95/><V99/><F99/><W123/><G123/><T31/><D31/><N who="1" m="19695" /><E131/><V56/><F124/><W108/><G11/><T70/><D22/><U9/><E114/><V91/><F91/><W74/><G103/><T66/><D85/><U57/><E57/><V89/><F89/><W78/><G105/><T73/><D73/><U75/><E75/><V18/><F56/><W42/><G74/><T63/><AGARI ba="2,0" hai="37,39,40,47,50,53,59,60,63,66,70,80,84,88" machi="63" ten="20,2700,0" yaku="0,1,7,1,54,1" doraHai="122" who="0" fromWho="0" sc="357,33,179,-9,355,-15,109,-9" /><INIT seed="7,0,0,0,4,65" ten="390,170,340,100" oya="3" hai0="11,58,27,29,90,8,45,84,34,88,52,46,32" hai1="48,42,86,10,44,100,81,7,129,18,111,70,96" hai2="93,35,56,72,127,135,114,64,92,103,80,2,41" hai3="130,49,6,40,1,131,99,21,68,53,122,71,39"/><W116/><G122/><T126/><D126/><U14/><E111/><V16/><F35/><W104/><G116/><T128/><D34/><U110/><E110/><V30/><F2/><W132/><G1/><T3/><D128/><N who="3" m="49193" /><G6/><T37/><D90/><U61/><E129/><V87/><F127/><W13/><G39/><T134/><D134/><U113/><E113/><V51/><F135/><W85/><G40/><T15/><D3/><U75/><E75/><V62/><F72/><W69/><G132/><T12/><D37/><U5/><E70/><N who="3" m="27242" /><G85/><T118/><D118/><U77/><REACH who="1" step="1"/><E61/><REACH who="1" ten="390,160,340,100" step="2"/><V43/><F62/><W36/><G104/><AGARI ba="0,1" hai="5,7,10,14,18,42,44,48,77,81,86,96,100,104" machi="104" ten="30,3900,0" yaku="1,1,2,1,7,1,53,0" doraHai="65" doraHaiUra="125" who="1" fromWho="3" sc="390,0,160,49,340,0,100,-39" owari="390,49.0,209,-19.0,340,14.0,61,-44.0" /></mjloggm>