<mjloggm ver="2.3"><GO type="41" lobby="0"/><UN n0="%EF%BC%88%EF%BC%9A%E3%80%82%EF%BC%89%E3%83%9F" n1="%28%E3%80%8C%E3%83%BB%60%CF%89%E3%83%BB%29%E3%80%8C" n2="%E5%B0%B1%E6%B4%BB%E7%94%9F%40%E5%B7%9D%E6%9D%91%E8%BB%8D%E5%9B%A3" n3="%4E%65%77%57%61%76%65" dan="14,15,15,14" rate="1954.71,2034.22,2003.98,1941.92" sx="M,M,M,M"/><TAIKYOKU oya="0"/><INIT seed="0,0,0,3,1,104" ten="250,250,250,250" oya="0" hai0="14,56,47,46,110,105,81,25,16,89,76,57,17" hai1="44,23,29,36,106,134,32,15,50,6,126,13,8" hai2="102,5,93,99,61,51,96,114,64,73,128,108,11" hai3="58,135,84,3,112,119,39,20,24,133,69,75,97"/><T109/><D105/><U45/><E106/><V55/><F114/><W37/><G69/><T131/><D131/><U118/><E118/><V88/><F108/><N who="0" m="41578" /><D89/><U116/><E116/><V49/><F128/><W7/><G3/><T2/><D2/><U0/><E126/><V77/><F77/><W38/><G7/><T26/><D17/><U132/><E36/><V100/><F73/><W65/><G119/><T124/><D124/><U22/><E44/><N who="0" m="16937" /><D25/><N who="1" m="18479" /><E50/><V98/><F51/><W87/><G112/><T33/><D26/><U41/><E45/><V40/><F40/><W67/><G24/><T4/><D4/><U34/><E34/><V31/><F31/><W127/><G127/><T18/><D33/><U107/><E107/><V80/><F49/><W10/><G39/><T66/><D66/><U60/><E41/><V121/><F121/><W123/><G38/><T111/><N who="0" m="41586" /><T42/><DORA hai="27" /><D42/><U9/><E60/><V59/><F64/><W101/><G65/><T115/><D115/><U90/><E90/><V53/><F53/><W12/><G67/><T63/><D63/><U43/><E43/><V19/><F19/><N who="0" m="7210" /><D14/><N who="1" m="5131" /><E9/><V129/><F129/><W74/><G10/><T95/><D95/><U21/><AGARI ba="0,0" hai="0,6,8,21,22,23,132,134" m="5131,18479" machi="21" ten="30,4000,0" yaku="34,2,52,1" doraHai="104,27" who="1" fromWho="1" sc="250,-20,250,40,250,-10,250,-10" /><INIT seed="1,0,0,4,3,52" ten="230,290,240,240" oya="1" hai0="26,84,76,78,55,70,98,44,50,22,42,131,34" hai1="108,54,35,37,119,15,32,8,40,24,5,105,25" hai2="133,87,7,57,122,103,99,28,73,101,82,129,36" hai3="27,16,120,51,90,61,43,71,91,49,125,77,85"/><U46/><E119/><V104/><F36/><W41/><G120/><T4/><D34/><U134/><E105/><V66/><F122/><W31/><G125/><T12/><D131/><U116/><E116/><V95/><F129/><W109/><G109/><T53/><D70/><U126/><E126/><V96/><F133/><W60/><G71/><T33/><D33/><U106/><E106/><V83/><F7/><W69/><G69/><T1/><D1/><U97/><E134/><V113/><F113/><W20/><G31/><T58/><D98/><U21/><E108/><V100/><F28/><W107/><G107/><T81/><D78/><U13/><E13/><V72/><F66/><W17/><G17/><T88/><D76/><U123/><E123/><V62/><F62/><N who="3" m="24171" /><G77/><T29/><D4/><U74/><E74/><N who="2" m="28779" /><F57/><W38/><G38/><T11/><REACH who="0" step="1"/><D58/><REACH who="0" ten="220,290,240,240" step="2"/><U124/><E124/><V63/><F63/><W92/><G91/><T115/><D115/><U128/><E128/><V130/><F130/><W112/><G112/><T64/><D64/><U75/><E75/><V118/><F118/><W111/><G111/><T59/><D59/><U114/><E114/><V89/><F101/><W110/><G110/><T2/><D2/><U56/><E35/><V65/><F65/><W67/><G67/><T94/><D94/><AGARI ba="0,1" hai="82,83,87,89,94,95,96,99,100,103,104" m="28779" machi="94" ten="30,8000,1" yaku="35,5" doraHai="52" who="2" fromWho="0" sc="220,-80,290,0,240,90,240,0" /><INIT seed="2,0,0,3,3,5" ten="140,290,330,240" oya="2" hai0="56,2,105,31,61,131,125,37,22,94,115,103,129" hai1="70,65,92,1,63,47,23,16,81,126,134,20,109" hai2="51,106,39,24,42,30,60,34,73,26,54,33,12" hai3="80,124,28,95,11,78,76,3,117,97,90,83,96"/><V130/><F73/><N who="3" m="43023" /><G11/><T86/><D37/><U118/><E1/><V62/><F106/><W7/><G7/><T27/><D115/><U113/><E113/><V98/><F130/><W132/><G3/><T127/><D105/><U48/><E118/><V119/><F119/><W102/><G28/><T114/><D114/><U45/><E109/><V128/><F128/><N who="0" m="49226" /><D2/><U79/><E126/><N who="0" m="48137" /><D86/><U10/><E134/><V46/><F98/><W64/><G132/><T29/><D94/><U91/><E92/><V40/><F40/><W121/><G64/><N who="0" m="38951" /><D103/><U32/><E65/><V82/><F82/><W122/><G124/><T71/><D71/><U116/><E70/><V17/><F26/><W110/><G117/><T133/><D31/><U89/><E116/><V85/><F85/><N who="3" m="48375" /><G110/><T99/><D99/><U19/><E81/><V108/><F108/><W50/><G50/><T104/><D104/><AGARI ba="0,0" hai="90,95,96,97,102,104,121,122" m="48375,43023" machi="104" ten="30,2000,0" yaku="34,2" doraHai="5" who="3" fromWho="0" sc="140,-20,290,0,330,0,240,20" /><INIT seed="3,0,0,1,2,74" ten="120,290,330,260" oya="3" hai0="125,57,21,46,128,69,77,0,31,7,126,64,114" hai1="81,34,123,56,117,1,88,27,66,124,101,38,54" hai2="37,6,97,65,4,42,17,95,58,75,63,3,96" hai3="130,33,41,135,129,43,13,44,90,116,67,105,59"/><W39/><G105/><T35/><D35/><U131/><E123/><V61/><F75/><W70/><G33/><T52/><D69/><U100/><E1/><V82/><F96/><W73/><G73/><T108/><D77/><U47/><E117/><V76/><F3/><W53/><G13/><T89/><D114/><U104/><E104/><V36/><F61/><N who="3" m="40303" /><G90/><T8/><D128/><N who="3" m="49257" /><G116/><T115/><D108/><U132/><E66/><V118/><F118/><W2/><G2/><T78/><D78/><U32/><E27/><V10/><F17/><W9/><G9/><T119/><D119/><U84/><E32/><V30/><F30/><W51/><G41/><T109/><D109/><U103/><E34/><V86/><F42/><W122/><G135/><T83/><D115/><U24/><E24/><V11/><F37/><W72/><G72/><T127/><D31/><U79/><E79/><V107/><F107/><W102/><G102/><T55/><D21/><U121/><E132/><V49/><F36/><W19/><G19/><T110/><D110/><U98/><E38/><V134/><F134/><W80/><G80/><T62/><D83/><U133/><E133/><V18/><F18/><W28/><G28/><T71/><D89/><U20/><E103/><N who="2" m="60863" /><F49/><W50/><G50/><N who="0" m="28759" /><D71/><U93/><E101/><V14/><F14/><W87/><G87/><T94/><D94/><U23/><E131/><V111/><F111/><W91/><G91/><T112/><D112/><U60/><E93/><V99/><F99/><W29/><G29/><T120/><D120/><AGARI ba="0,0" hai="39,43,44,51,53,59,120,122" m="49257,40303" machi="120" ten="30,11600,0" yaku="24,1,19,1,34,2" doraHai="74" who="3" fromWho="0" sc="120,-116,290,0,330,0,260,116" /><INIT seed="3,1,0,2,4,46" ten="4,290,330,376" oya="3" hai0="20,40,71,120,83,26,111,130,104,96,70,117,112" hai1="61,14,91,125,36,42,113,135,8,0,109,50,98" hai2="106,121,6,47,51,115,2,27,67,7,17,24,84" hai3="89,38,49,5,63,86,35,95,126,108,66,107,99"/><W105/><G38/><T34/><D20/><U10/><E113/><V69/><F115/><W124/><G35/><T25/><D25/><U93/><E109/><V133/><F121/><W97/><G5/><T119/><D83/><U33/><E33/><V43/><F133/><W64/><G108/><T101/><D112/><U28/><E135/><V37/><F106/><N who="3" m="40459" /><G49/><T123/><D111/><U74/><E74/><V22/><F2/><W68/><G64/><T65/><D130/><U31/><E36/><V110/><F110/><W114/><G114/><T13/><D13/><U11/><E0/><V4/><F27/><W92/><G92/><T73/><D73/><U18/><E61/><V62/><F37/><W30/><G30/><N who="1" m="11306" /><E125/><AGARI ba="1,0" hai="63,66,68,86,89,95,97,99,124,125,126" m="40459" machi="125" ten="30,1500,0" yaku="18,1" doraHai="46" who="3" fromWho="1" sc="4,0,290,-18,330,0,376,18" /><INIT seed="3,2,0,1,2,96" ten="4,272,330,394" oya="3" hai0="50,130,48,87,5,7,53,3,114,120,62,37,14" hai1="103,108,116,6,49,85,81,39,121,58,83,20,26" hai2="117,86,23,95,61,9,126,78,47,18,133,1,127" hai3="66,105,67,65,94,59,122,40,104,92,38,55,72"/><W69/><G122/><T73/><D37/><U77/><E39/><V13/><F117/><W4/><G4/><N who="0" m="1611" /><D3/><U135/><E108/><V10/><F1/><W33/><G33/><T31/><D73/><U115/><E135/><V21/><F133/><W32/><G32/><T15/><D120/><U134/><E134/><V68/><F23/><W29/><G29/><T43/><D130/><U84/><E115/><V128/><F128/><W119/><G119/><T102/><D114/><U90/><E6/><V124/><F47/><N who="3" m="23959" /><G72/><T132/><D132/><U107/><E116/><V70/><F78/><W89/><G92/><T98/><D31/><U17/><E121/><V113/><F113/><W25/><G25/><T71/><D71/><N who="2" m="27178" /><F61/><N who="3" m="36095" /><G89/><AGARI ba="2,0" hai="9,10,13,18,21,86,89,95,124,126,127" m="27178" machi="89" ten="40,1300,0" yaku="18,1" doraHai="96" who="2" fromWho="3" sc="4,0,272,0,330,19,394,-19" /><INIT seed="4,0,0,3,3,22" ten="4,272,349,375" oya="0" hai0="5,101,104,12,56,114,119,103,98,122,107,30,96" hai1="13,117,40,6,28,113,63,73,27,15,51,75,4" hai2="35,58,121,126,24,21,131,25,120,87,132,127,57" hai3="68,116,53,45,108,67,37,128,115,55,48,47,95"/><T125/><D122/><N who="2" m="47210" /><F35/><W112/><G95/><T83/><D119/><U66/><E117/><V89/><F131/><W18/><G18/><T84/><D125/><N who="2" m="47626" /><F132/><W16/><G16/><T54/><D114/><N who="3" m="43561" /><G116/><T71/><D71/><U97/><E113/><V62/><F21/><W102/><G102/><T91/><D30/><U38/><E38/><V94/><F58/><W86/><G86/><T60/><D12/><U90/><E75/><V72/><F72/><W77/><G77/><T69/><D69/><U133/><E73/><V29/><F29/><W124/><G124/><T43/><D43/><U39/><E39/><V36/><F36/><W61/><G128/><T129/><D129/><U20/><E133/><V33/><F33/><W1/><G1/><T78/><D5/><U14/><E97/><V93/><F94/><W46/><G37/><T42/><D42/><U2/><E2/><V59/><F59/><N who="3" m="33191" /><G55/><AGARI ba="0,0" hai="24,25,55,57,62,87,89,93" m="47626,47210" machi="55" ten="30,3900,0" yaku="18,1,52,2" doraHai="22" who="2" fromWho="3" sc="4,0,272,0,349,39,375,-39" /><INIT seed="5,0,0,0,3,7" ten="4,272,388,336" oya="1" hai0="72,9,88,41,61,29,135,19,31,21,17,12,97" hai1="104,54,60,114,118,47,73,133,62,95,80,22,96" hai2="101,107,48,5,59,35,77,11,110,23,131,30,86" hai3="116,94,74,24,36,46,83,109,2,112,120,91,18"/><U105/><E118/><V106/><F35/><W130/><G2/><T32/><D72/><U115/><E133/><V1/><F131/><W84/><G120/><T75/><D75/><U76/><E22/><V44/><F110/><W111/><G116/><T15/><D135/><U3/><E3/><V8/><F101/><W56/><G112/><N who="1" m="43050" /><E47/><V34/><F34/><W99/><G130/><T6/><D41/><U69/><E54/><V126/><F126/><W52/><G74/><T20/><D61/><N who="1" m="23659" /><E69/><V132/><F59/><W71/><G71/><T121/><D121/><U81/><E81/><V55/><F132/><W89/><G46/><T43/><D43/><U102/><E105/><V16/><F30/><N who="0" m="11274" /><D97/><U127/><E104/><V92/><F5/><W39/><G111/><T13/><D88/><U25/><E25/><N who="2" m="14567" /><F1/><W87/><G87/><T108/><D108/><U90/><E127/><V65/><F106/><W33/><G109/><T51/><D51/><U93/><E93/><V58/><F107/><W85/><G84/><T128/><D128/><U64/><E64/><V129/><F129/><W124/><G124/><T125/><D125/><U82/><E82/><N who="2" m="47439" /><F65/><W4/><G33/><AGARI ba="0,0" hai="6,9,12,13,15,17,19,20,21,32,33" m="11274" machi="33" ten="30,12000,2" yaku="35,5,52,1" doraHai="7" who="0" fromWho="3" sc="4,120,272,0,388,0,336,-120" /><INIT seed="6,0,0,3,1,48" ten="124,272,388,216" oya="2" hai0="124,60,7,15,16,113,26,36,73,89,57,80,74" hai1="119,108,117,132,106,6,96,21,62,41,110,70,118" hai2="23,127,40,81,8,0,33,31,107,72,123,109,85" hai3="69,2,45,27,19,24,61,13,121,25,50,129,128"/><V66/><F72/><W112/><G2/><T46/><D124/><U98/><E21/><V68/><F107/><W135/><G121/><T20/><D113/><U93/><E6/><V53/><F33/><W103/><G103/><T56/><D56/><U49/><E132/><V44/><F123/><W32/><G112/><T35/><D46/><U104/><E49/><V122/><F122/><W4/><G4/><T51/><D51/><U55/><E41/><V79/><F109/><W11/><G135/><T100/><D36/><U47/><E47/><V111/><F111/><W9/><G11/><T17/><D100/><U87/><E70/><V38/><F127/><W10/><G9/><T58/><D58/><U86/><E119/><V63/><F53/><W65/><REACH who="3" step="1"/><G32/><REACH who="3" ten="124,272,388,206" step="2"/><T83/><D35/><U82/><E118/><V95/><F8/><W34/><G34/><T115/><D7/><U97/><E117/><V78/><F0/><W52/><AGARI ba="0,1" hai="10,13,19,24,25,27,45,50,52,61,65,69,128,129" machi="52" ten="30,7900,0" yaku="1,1,0,1,52,1,54,1,53,0" doraHai="48" doraHaiUra="18" who="3" fromWho="3" sc="124,-20,272,-20,388,-39,206,89" /><INIT seed="7,0,0,2,3,114" ten="104,252,349,295" oya="3" hai0="32,134,3,118,84,101,70,20,34,89,11,7,103" hai1="111,90,104,119,99,91,77,69,131,82,105,51,38" hai2="112,27,108,97,58,106,36,19,5,87,47,122,15" hai3="13,16,93,40,33,107,128,120,124,17,35,109,57"/><W61/><G107/><N who="1" m="41034" /><E51/><V73/><F108/><W50/><G120/><T81/><D70/><U117/><E69/><V88/><F73/><W116/><G109/><T66/><D66/><U22/><E22/><V41/><F122/><W100/><G116/><N who="1" m="44618" /><E111/><V113/><F58/><W80/><G124/><T46/><D46/><U92/><E38/><V55/><F55/><W130/><G128/><T126/><D118/><U9/><E9/><V133/><F5/><W14/><G80/><T21/><D126/><U53/><E53/><V25/><F106/><W68/><G130/><T64/><D64/><U59/><E59/><V49/><F36/><W72/><G72/><T65/><D65/><U24/><E24/><V96/><F27/><W42/><G68/><T63/><D63/><U115/><E131/><V39/><F25/><W44/><G42/><T75/><D11/><U98/><E115/><N who="2" m="44107" /><F133/><W110/><G110/><T6/><D134/><U62/><E62/><V102/><F102/><W129/><G129/><T31/><D75/><N who="1" m="43327" /><E99/><V29/><F39/><W8/><G57/><T76/><D31/><U45/><E45/><V37/><F29/><W74/><G61/><T125/><D125/><U28/><E28/><V4/><F37/><W48/><G50/><T78/><D81/><U1/><E1/><V85/><F49/><W67/><G67/><T60/><D60/><U54/><E54/><V123/><F47/><W52/><G52/><T0/><REACH who="0" step="1"/><D84/><REACH who="0" ten="94,252,349,295" step="2"/><U121/><E121/><V83/><F87/><W26/><G44/><T10/><D10/><U23/><E23/><V56/><F85/><RYUUKYOKU ba="0,1" sc="94,15,252,15,349,-15,295,-15" hai0="0,3,6,7,20,21,32,34,76,78,89,101,103" hai1="90,91,92,98" owari="109,-39.0,267,-13.0,344,44.0,280,8.0" /></mjloggm>