<mjloggm ver="2.3"><GO type="97" lobby="0"/><UN n0="%6E%6F%66%61%63%65" n1="%35%E5%9B%9E%E7%9B%AE%E3%81%AE%E6%AD%A3%E7%9B%B4" n2="%E3%82%A6%E3%83%AB%E3%83%88%E3%83%A9%E7%AB%8B%E7%9B%B4" n3="%4E%6F%4E%61%6D%65%E3%81%86%E3%81%A0" dan="14,14,14,14" rate="1907.44,2001.40,1979.67,1895.56" sx="M,M,M,M"/><TAIKYOKU oya="0"/><INIT seed="0,0,0,2,1,9" ten="250,250,250,250" oya="0" hai0="95,29,35,66,4,72,118,17,44,20,89,15,57" hai1="127,121,51,65,123,22,125,8,13,59,1,119,94" hai2="98,132,0,106,31,75,3,14,42,49,12,16,133" hai3="134,108,61,46,105,117,99,2,47,83,115,53,54"/><T87/><D118/><U41/><E119/><V6/><F75/><W19/><G117/><T63/><D72/><U58/><E1/><V85/><F31/><W27/><G2/><T113/><D113/><U97/><E22/><N who="2" m="11527" /><F85/><W37/><G115/><T11/><D44/><N who="1" m="25999" /><E121/><V64/><F64/><W56/><G83/><T67/><D35/><U62/><E123/><V92/><F106/><W38/><G105/><T48/><D48/><U69/><E69/><V43/><F3/><W24/><G99/><T28/><REACH who="0" step="1"/><D67/><REACH who="0" ten="240,250,250,250" step="2"/><U84/><E65/><V110/><F49/><W30/><G47/><T91/><D91/><N who="1" m="53607" /><E127/><V120/><F120/><W102/><G46/><T32/><D32/><U93/><E125/><V23/><F133/><W45/><G134/><T77/><D77/><U103/><E62/><V73/><F132/><W70/><G61/><T79/><D79/><U55/><E55/><V107/><F73/><W109/><G53/><T86/><D86/><U39/><E39/><V101/><F43/><W82/><G38/><T21/><D21/><U40/><E40/><V52/><F52/><W96/><G37/><T116/><D116/><U130/><E130/><V126/><F42/><W88/><G54/><T5/><D5/><AGARI ba="0,1" hai="5,8,13,58,59,93,97,103" m="53607,25999" machi="5" ten="30,2000,0" yaku="8,1,52,1" doraHai="9" who="1" fromWho="0" sc="240,-20,250,30,250,0,250,0" /><INIT seed="1,0,0,3,0,91" ten="220,280,250,250" oya="1" hai0="62,96,9,104,48,27,89,121,83,40,45,116,38" hai1="78,76,90,4,94,34,5,26,20,113,17,53,107" hai2="115,71,57,3,88,77,59,108,125,19,114,58,50" hai3="126,123,95,128,102,10,12,129,82,135,55,42,44"/><U8/><E113/><N who="2" m="43019" /><F3/><W74/><G123/><T118/><D121/><U86/><E107/><V68/><F77/><N who="1" m="29801" /><E34/><V105/><F105/><W81/><G55/><T63/><D116/><U92/><E8/><V97/><F108/><W80/><G74/><T13/><D118/><U46/><E46/><V66/><F125/><W39/><G126/><T23/><D38/><U2/><E2/><V93/><F66/><W60/><G60/><T35/><D35/><U132/><E53/><N who="2" m="31927" /><F19/><W61/><G61/><T124/><D124/><U79/><E79/><V109/><F109/><W56/><G56/><AGARI ba="0,0" hai="56,58,59,68,71,88,93,97" m="31927,43019" machi="56" ten="30,3900,0" yaku="11,1,52,1,54,1" doraHai="91" who="2" fromWho="3" sc="220,0,280,0,250,39,250,-39" /><INIT seed="2,0,0,1,4,75" ten="220,280,289,211" oya="2" hai0="130,45,36,80,6,67,23,68,27,99,8,64,58" hai1="134,1,11,73,29,15,46,2,94,83,86,89,17" hai2="32,22,95,35,16,126,47,55,81,20,79,13,105" hai3="102,51,131,50,59,125,30,26,107,108,129,113,122"/><V40/><F105/><W38/><G107/><T120/><D120/><U91/><E134/><V57/><F95/><W93/><G122/><T110/><D110/><U66/><E66/><V74/><F126/><W12/><G108/><T60/><D130/><N who="3" m="49673" /><G38/><T62/><D99/><U76/><E29/><V115/><F115/><W53/><G125/><T117/><D117/><U128/><E128/><V21/><F21/><N who="3" m="15695" /><G113/><T31/><D80/><U33/><E33/><V85/><F74/><W135/><G135/><T132/><D132/><U14/><E89/><V123/><F123/><W28/><G12/><T43/><D6/><U114/><E114/><V42/><F22/><W118/><G28/><T39/><REACH who="0" step="1"/><D8/><REACH who="0" ten="210,280,289,211" step="2"/><U124/><E124/><V48/><F42/><W98/><G118/><T65/><D65/><U10/><E46/><V106/><F106/><W41/><G41/><T88/><D88/><U24/><E24/><V18/><F18/><AGARI ba="0,1" hai="1,2,10,11,14,15,17,18,73,76,83,86,91,94" machi="18" ten="30,3900,0" yaku="7,1,9,1,52,1" doraHai="75" who="1" fromWho="2" sc="210,0,280,49,289,-39,211,0" /><INIT seed="3,0,0,0,1,66" ten="210,329,250,211" oya="3" hai0="29,38,22,5,17,124,109,26,114,58,67,13,55" hai1="121,37,95,99,129,54,131,24,120,112,35,6,31" hai2="48,113,115,46,118,40,133,0,97,25,69,132,23" hai3="30,45,82,122,101,56,47,94,42,21,64,110,134"/><W2/><G122/><T16/><D38/><U63/><E37/><V84/><F0/><W111/><G2/><T93/><D67/><U59/><E6/><V10/><F118/><W103/><G134/><N who="2" m="51817" /><F69/><W91/><G82/><T88/><D114/><U62/><E62/><V102/><F84/><N who="3" m="52583" /><G30/><T4/><D124/><U106/><E106/><N who="2" m="63823" /><F10/><W68/><G21/><N who="0" m="11407" /><D109/><N who="3" m="41481" /><G56/><T87/><D29/><AGARI ba="0,0" hai="23,25,29,40,46,48,113,115" m="63823,51817" machi="29" ten="30,1000,0" yaku="20,1" doraHai="66" who="2" fromWho="0" sc="210,-10,329,0,250,10,211,0" owari="200,-30.0,329,43.0,260,6.0,211,-19.0" /></mjloggm>