<mjloggm ver="2.3"><GO type="169" lobby="0"/><UN n0="%E8%BF%91%E3%82%AA%E3%83%AA%E5%85%9A" n1="%E9%AD%94%E8%A1%93%E5%B8%AB%E3%83%A1%E3%83%AA%E3%83%BC" n2="%E3%82%A6%E3%83%AB%E3%83%88%E3%83%A9%E7%AB%8B%E7%9B%B4" n3="%E3%83%9E%E3%82%AA%E3%83%8A%E3%83%A2%E3%83%9F" dan="16,17,17,16" rate="2109.40,2130.18,2134.01,2073.14" sx="M,F,M,M"/><TAIKYOKU oya="0"/><INIT seed="0,0,0,2,0,8" ten="250,250,250,250" oya="0" hai0="110,100,124,36,71,130,135,50,91,38,129,125,108" hai1="52,44,95,63,131,11,107,7,42,114,99,105,120" hai2="16,92,0,119,10,85,31,6,1,18,60,65,113" hai3="78,116,54,27,123,67,132,76,62,28,45,83,40"/><T88/><D100/><U104/><E120/><V101/><F113/><W25/><G123/><T103/><D103/><U29/><E131/><N who="0" m="50185" /><D50/><U66/><E114/><V127/><F127/><N who="0" m="48714" /><D71/><U93/><E29/><V14/><F31/><W134/><G116/><T90/><D135/><U74/><E74/><V34/><F34/><W17/><G28/><T30/><D30/><U51/><E42/><V41/><F119/><W75/><G40/><T56/><D56/><U115/><E99/><V5/><F41/><W23/><G62/><T80/><D80/><U61/><E115/><V69/><F101/><W9/><G83/><T37/><AGARI ba="0,0" hai="36,37,38,88,90,91,108,110" m="48714,50185" machi="37" ten="50,12000,1" yaku="28,2,19,1,18,1,54,1" doraHai="8" who="0" fromWho="0" sc="250,120,250,-40,250,-40,250,-40" /><INIT seed="0,1,0,0,0,57" ten="370,210,210,210" oya="0" hai0="10,85,52,30,63,75,123,64,92,94,60,55,1" hai1="27,124,119,49,21,34,133,114,81,116,4,98,26" hai2="56,118,54,70,129,74,88,113,62,71,12,66,93" hai3="97,23,104,115,2,105,61,58,83,109,51,122,112"/><T125/><D75/><U87/><E124/><V25/><F74/><W103/><G2/><T117/><D123/><U14/><E34/><V130/><F113/><W36/><G36/><T42/><D117/><U72/><E72/><V0/><F0/><W6/><G6/><T120/><D120/><U69/><E69/><V17/><F25/><W86/><G104/><T65/><D125/><U37/><E37/><V127/><F118/><W35/><G35/><T15/><D1/><U32/><E32/><V22/><F127/><W8/><G8/><T68/><D42/><U16/><E133/><V108/><F108/><W19/><G109/><T121/><D30/><U111/><E111/><V47/><F47/><W110/><G51/><T9/><D121/><U100/><E49/><V78/><F78/><W82/><G82/><T89/><D94/><U90/><E114/><V101/><F101/><W40/><G40/><T106/><D106/><U18/><E4/><V20/><F20/><W134/><G134/><T91/><D91/><U73/><E73/><V48/><REACH who="2" step="1"/><F71/><REACH who="2" ten="370,210,200,210" step="2"/><W59/><G110/><T13/><D13/><N who="1" m="9423" /><E119/><V128/><F128/><W135/><G135/><T84/><D10/><N who="1" m="6231" /><E116/><V102/><F102/><W5/><G122/><T41/><D15/><U7/><E7/><V76/><F76/><N who="3" m="46439" /><G5/><T24/><D9/><U44/><E44/><V11/><F11/><W29/><G112/><T45/><D68/><U95/><AGARI ba="1,1" hai="26,27,81,87,90,95,98,100" m="6231,9423" machi="95" ten="30,2000,0" yaku="8,1,54,1" doraHai="57" who="1" fromWho="1" sc="370,-11,210,33,200,-6,210,-6" /><INIT seed="1,0,0,2,3,14" ten="359,243,194,204" oya="1" hai0="81,98,130,72,103,71,93,102,15,123,51,11,94" hai1="128,68,118,50,70,113,13,104,95,6,84,28,27" hai2="42,44,117,2,65,20,121,26,32,73,96,46,45" hai3="127,22,88,53,3,85,86,74,54,61,114,25,79"/><U80/><E104/><V62/><F2/><W133/><G114/><T39/><D71/><U17/><E6/><V90/><F73/><W21/><G3/><T132/><D39/><U48/><E118/><V119/><F32/><W58/><G133/><T122/><D132/><U59/><E113/><V69/><F121/><N who="0" m="46090" /><D51/><U63/><E95/><V100/><F90/><W78/><G127/><T111/><D130/><U64/><E128/><V120/><F120/><W87/><G74/><T91/><D111/><U12/><E12/><V109/><F109/><W0/><G0/><T66/><D66/><U33/><E68/><V75/><F75/><W5/><G5/><N who="0" m="3567" /><D94/><U67/><E64/><V60/><F60/><W105/><G105/><T16/><D16/><U47/><E70/><V7/><F7/><W129/><G129/><T134/><D134/><U31/><E28/><V1/><F1/><W57/><G22/><T106/><D106/><U52/><E67/><V35/><F42/><W76/><G57/><T99/><D99/><U97/><E97/><V19/><REACH who="2" step="1"/><F35/><REACH who="2" ten="359,243,184,204" step="2"/><W9/><G61/><T36/><D36/><U89/><REACH who="1" step="1"/><E47/><REACH who="1" ten="359,233,184,204" step="2"/><V126/><F126/><W56/><G58/><T10/><D103/><U110/><E110/><V107/><AGARI ba="0,2" hai="19,20,26,44,45,46,62,65,69,96,100,107,117,119" machi="107" ten="30,4000,0" yaku="1,1,0,1,52,1,53,0" doraHai="14" doraHaiUra="38" who="2" fromWho="2" sc="359,-10,233,-20,184,60,204,-10" /><INIT seed="2,0,0,3,2,7" ten="349,213,244,194" oya="2" hai0="74,22,123,114,76,121,10,125,83,16,37,30,128" hai1="75,81,133,8,35,40,99,26,73,110,68,69,28" hai2="132,0,135,44,12,88,31,57,17,101,116,93,29" hai3="53,130,62,5,85,97,14,80,109,19,71,67,105"/><V18/><F0/><W61/><G109/><T64/><D114/><U77/><E73/><V104/><F116/><W36/><G36/><T79/><D125/><U95/><E110/><V118/><F118/><W21/><G130/><T119/><D128/><U46/><E133/><N who="2" m="51275" /><F44/><W48/><G62/><T98/><D119/><U108/><E108/><V59/><F101/><W122/><G122/><T27/><D37/><U131/><E131/><V86/><F104/><W50/><G5/><T102/><D76/><U82/><E8/><N who="2" m="6279" /><F18/><W63/><G61/><T1/><D64/><U120/><E82/><V129/><F129/><W55/><G105/><T24/><D1/><U34/><E34/><V56/><AGARI ba="0,0" hai="29,31,56,57,59,86,88,93" m="6279,51275" machi="56" ten="30,6000,0" yaku="20,1,52,1,54,1" doraHai="7" who="2" fromWho="2" sc="349,-20,213,-20,244,60,194,-20" /><INIT seed="2,1,0,1,1,123" ten="329,193,304,174" oya="2" hai0="122,51,115,52,87,24,17,14,120,124,97,76,84" hai1="94,132,47,45,112,31,89,74,90,12,109,117,71" hai2="19,69,116,105,98,126,8,88,43,129,108,101,49" hai3="95,100,131,41,83,96,63,46,39,36,0,92,57"/><V33/><F33/><W59/><G131/><T15/><D115/><U106/><E106/><V34/><F34/><W121/><G121/><T66/><D124/><U26/><E117/><V125/><F69/><W11/><G39/><T70/><D122/><U1/><E1/><V104/><F104/><W134/><G134/><T18/><D120/><U55/><E112/><V20/><F8/><W9/><G92/><T79/><D97/><U111/><E74/><V6/><F6/><W118/><G118/><T133/><D133/><U54/><E71/><V3/><F3/><W91/><G0/><T99/><D99/><U128/><E12/><V119/><F88/><N who="1" m="33897" /><E128/><V67/><F129/><W110/><G59/><T29/><D66/><U22/><E94/><V10/><F67/><W58/><G58/><T78/><D70/><U38/><E132/><V103/><F10/><W48/><G36/><T40/><D40/><U5/><E5/><V65/><F65/><N who="3" m="39151" /><G11/><N who="0" m="6367" /><D24/><U37/><E37/><V32/><F32/><W56/><G56/><N who="0" m="32799" /><D29/><U64/><E64/><V75/><F75/><W130/><G9/><AGARI ba="1,0" hai="9,15,18,76,78,79,84,87" m="32799,6367" machi="9" ten="30,2000,0" yaku="8,1,54,1" doraHai="123" who="0" fromWho="3" sc="329,23,193,0,304,0,174,-23" /><INIT seed="3,0,0,0,3,8" ten="352,193,304,151" oya="3" hai0="9,31,94,74,126,21,33,133,73,46,109,117,19" hai1="29,83,42,54,131,66,4,23,51,101,105,50,134" hai2="64,28,59,121,93,84,120,82,55,58,122,79,53" hai3="18,112,113,68,118,20,69,57,12,89,60,86,115"/><W63/><G118/><T1/><D117/><U49/><E131/><V5/><F28/><W61/><REACH who="3" step="1"/><G57/><REACH who="3" ten="352,193,304,141" step="2"/><T44/><D126/><U108/><E134/><V39/><F59/><W41/><G41/><T75/><D133/><U30/><E42/><V76/><F58/><W124/><G124/><T47/><D109/><U128/><E108/><V62/><F122/><W32/><G32/><T15/><D33/><U96/><E128/><V35/><F35/><W81/><AGARI ba="0,1" hai="12,18,20,60,61,63,68,69,81,86,89,112,113,115" machi="81" ten="40,7800,0" yaku="1,1,0,1,52,1,53,0" doraHai="8" doraHaiUra="132" who="3" fromWho="3" sc="352,-26,193,-26,304,-26,141,88" /><INIT seed="3,1,0,5,2,108" ten="326,167,278,229" oya="3" hai0="3,91,87,39,36,79,72,85,33,106,100,55,77" hai1="45,130,56,129,88,109,95,0,133,41,110,4,20" hai2="102,76,127,69,75,99,52,53,17,8,58,131,78" hai3="63,103,15,126,27,48,125,119,6,47,54,66,61"/><W32/><G119/><T18/><D33/><U67/><E133/><V101/><F69/><W26/><G103/><T115/><D3/><U70/><E70/><V120/><F127/><N who="3" m="48651" /><G32/><T134/><D134/><U117/><E117/><V43/><F43/><W25/><G66/><T68/><D68/><U12/><E0/><V60/><F131/><N who="1" m="50185" /><E56/><V111/><F111/><N who="1" m="42505" /><E67/><V9/><F120/><W135/><G135/><T89/><D72/><U2/><E2/><V124/><F124/><W1/><G1/><T51/><D100/><U38/><E4/><V40/><F101/><W28/><G28/><T81/><D106/><U46/><E46/><V29/><F29/><W24/><N who="3" m="6144" /><DORA hai="7" /><W94/><G94/><T90/><D39/><U98/><E12/><V92/><F17/><W112/><G6/><T19/><D36/><U122/><E20/><V30/><F30/><W62/><G15/><T16/><D19/><U132/><E132/><V96/><F75/><W118/><G118/><T80/><D18/><U93/><E93/><V13/><F13/><W64/><G64/><T11/><D16/><U84/><E122/><V50/><F92/><W65/><G65/><T113/><D11/><U86/><AGARI ba="1,0" hai="38,41,45,84,86,88,95,98" m="42505,50185" machi="86" ten="40,5200,0" yaku="19,1,14,1,54,1" doraHai="108,7" who="1" fromWho="1" sc="326,-14,167,55,278,-14,229,-27" /><INIT seed="4,0,0,2,3,88" ten="312,222,264,202" oya="0" hai0="19,89,133,6,33,52,20,111,53,10,3,101,114" hai1="57,117,134,11,110,68,103,67,7,4,48,131,91" hai2="32,61,23,16,41,54,35,123,80,79,36,69,56" hai3="66,97,102,45,72,83,30,47,62,50,29,58,129"/><T73/><D73/><U70/><E117/><V113/><F113/><W12/><G129/><T127/><D114/><U109/><E103/><V108/><F108/><W132/><G132/><T55/><D111/><U24/><E134/><V44/><F69/><W28/><G12/><T74/><D133/><U65/><E131/><V119/><F119/><W39/><G39/><T128/><D74/><U99/><E24/><V34/><F123/><W46/><G72/><T63/><D128/><U38/><E38/><V125/><F125/><W122/><G122/><T96/><D89/><U40/><E40/><V37/><F37/><W93/><REACH who="3" step="1"/><G83/><REACH who="3" ten="312,222,264,192" step="2"/><T0/><D0/><N who="1" m="391" /><E110/><V105/><F80/><W116/><G116/><T15/><D127/><U106/><E109/><V115/><F115/><W120/><G120/><T26/><D3/><U78/><E91/><V13/><F79/><W98/><G98/><T22/><D96/><U94/><E99/><V18/><F36/><W75/><G75/><T71/><D101/><U77/><E78/><V49/><F105/><W92/><G92/><T76/><D76/><U27/><E77/><V17/><AGARI ba="0,1" hai="13,16,17,18,23,32,34,35,41,44,49,54,56,61" machi="17" ten="40,2700,0" yaku="0,1,54,1" doraHai="88" who="2" fromWho="2" sc="312,-13,222,-7,264,37,192,-7" /><INIT seed="5,0,0,3,0,76" ten="299,215,301,185" oya="1" hai0="96,79,109,8,26,61,33,69,34,65,120,17,98" hai1="122,71,92,24,15,94,66,41,77,28,11,132,42" hai2="21,111,4,85,60,36,103,58,86,83,59,47,3" hai3="87,133,91,44,90,115,105,84,123,37,40,1,135"/><U82/><E122/><V49/><F36/><W25/><G123/><T23/><D120/><U68/><E132/><N who="3" m="50762" /><G105/><T72/><D109/><U128/><E128/><V116/><F111/><W106/><G106/><T46/><D72/><U78/><E78/><V0/><F116/><W110/><G110/><T107/><D79/><U12/><E42/><V126/><F103/><W89/><G1/><T29/><D34/><U10/><E41/><V2/><F126/><W70/><G70/><T112/><D112/><U62/><E71/><V124/><F124/><W102/><G102/><T38/><D8/><U53/><E53/><V31/><F4/><W9/><G9/><T43/><REACH who="0" step="1"/><D107/><REACH who="0" ten="289,215,301,185" step="2"/><U30/><E10/><V95/><F2/><W54/><G115/><T117/><D117/><U75/><E11/><V51/><F0/><W93/><G54/><T99/><D99/><U22/><REACH who="1" step="1"/><E28/><REACH who="1" ten="289,205,301,185" step="2"/><V56/><F31/><W73/><G73/><T14/><AGARI ba="0,2" hai="14,17,23,26,29,33,38,43,46,61,65,69,96,98" machi="14" ten="20,2700,0" yaku="1,1,0,1,7,1,53,0" doraHai="76" doraHaiUra="101" who="0" fromWho="0" sc="289,47,205,-13,301,-7,185,-7" /><INIT seed="6,0,0,3,2,133" ten="336,192,294,178" oya="2" hai0="18,102,76,127,64,0,45,9,121,37,123,112,42" hai1="110,40,52,2,111,86,56,78,38,15,65,125,68" hai2="34,12,107,118,80,55,99,60,41,79,46,5,81" hai3="61,63,26,30,70,88,27,10,124,130,44,131,48"/><V58/><F34/><W92/><G70/><T67/><D112/><U105/><E2/><V83/><F118/><W98/><G10/><T71/><D102/><U91/><E78/><V6/><F107/><W117/><G117/><T21/><D76/><U20/><E105/><V59/><F99/><W4/><G4/><T49/><D67/><U16/><E68/><V73/><F5/><W77/><G77/><T29/><D29/><U97/><E65/><V54/><F12/><W22/><G27/><T103/><D103/><U13/><E97/><V36/><F6/><W74/><G74/><T95/><D95/><N who="1" m="54775" /><E15/><V96/><REACH who="2" step="1"/><F96/><REACH who="2" ten="336,192,284,178" step="2"/><W33/><G33/><T28/><D0/><U8/><E111/><V93/><F93/><W85/><G98/><T84/><D123/><U120/><E110/><V108/><F108/><W1/><G1/><T119/><D119/><U43/><E120/><V104/><F104/><W62/><REACH who="3" step="1"/><G124/><REACH who="3" ten="336,192,284,168" step="2"/><T106/><D127/><U25/><E125/><V32/><F32/><W35/><G35/><T50/><D121/><U132/><E8/><V134/><F134/><W114/><G114/><T116/><D116/><U90/><E132/><V57/><F57/><W94/><G94/><T129/><D106/><U122/><E122/><V89/><F89/><W113/><G113/><T126/><D126/><U75/><E90/><V39/><F39/><W101/><G101/><T72/><D37/><U53/><E38/><V69/><F69/><W23/><G23/><T24/><D71/><U109/><E109/><V135/><F135/><W115/><G115/><T82/><D21/><RYUUKYOKU ba="0,2" sc="336,-15,192,-15,284,15,168,15" hai2="36,41,46,54,55,58,59,60,73,79,80,81,83" hai3="22,26,30,44,48,61,62,63,85,88,92,130,131" /><INIT seed="6,1,2,2,0,53" ten="321,177,299,183" oya="2" hai0="42,29,94,133,55,59,49,28,62,20,35,119,33" hai1="2,46,39,98,75,66,84,109,82,17,9,8,111" hai2="131,101,97,122,135,91,79,52,67,70,50,99,41" hai3="30,81,13,27,108,72,106,18,125,40,76,25,26"/><V74/><F122/><W51/><G108/><T104/><D104/><U89/><E66/><V24/><F131/><W61/><G125/><T71/><D119/><U129/><E129/><V1/><F1/><W56/><G106/><T73/><D73/><U60/><E60/><V123/><F123/><W58/><G30/><T130/><D130/><U124/><E124/><V116/><F116/><W65/><G40/><T47/><D133/><U57/><E57/><V92/><F135/><W32/><G32/><T85/><D71/><U127/><E127/><V112/><F112/><W134/><G134/><T121/><D121/><U77/><E98/><V54/><F79/><W14/><REACH who="3" step="1"/><G18/><REACH who="3" ten="321,177,299,173" step="2"/><T0/><D35/><U102/><E17/><V96/><F101/><W118/><G118/><T38/><D33/><U3/><E102/><V64/><F41/><W100/><G100/><T11/><D29/><U16/><E109/><V68/><F68/><W114/><G114/><T95/><D28/><U120/><E111/><V126/><F126/><W107/><G107/><T34/><D34/><U86/><E16/><V10/><F70/><W44/><G44/><T63/><D42/><N who="1" m="22879" /><E120/><V31/><F31/><W4/><G4/><T12/><D47/><U43/><E43/><V132/><F132/><W37/><G37/><T80/><D38/><U15/><E9/><V90/><F10/><W6/><G6/><T19/><D11/><U36/><E36/><V22/><F22/><W103/><G103/><T83/><D19/><N who="1" m="8679" /><E75/><V113/><F74/><W87/><G87/><T110/><D85/><N who="1" m="32875" /><E77/><V21/><F113/><RYUUKYOKU ba="1,3" sc="321,-15,177,15,299,-15,173,15" hai1="2,3,82,89" hai3="13,14,25,26,27,51,56,58,61,65,72,76,81" /><INIT seed="7,2,3,4,2,94" ten="306,192,284,188" oya="3" hai0="125,39,93,60,70,32,12,102,26,124,16,17,74" hai1="111,47,103,84,90,131,57,34,128,72,83,56,76" hai2="37,18,135,42,38,7,113,30,101,134,117,77,45" hai3="41,86,92,66,79,114,122,89,35,23,31,14,119"/><W97/><G119/><T61/><D39/><U4/><E34/><V121/><F117/><W58/><G122/><T21/><D74/><U68/><E68/><V65/><F121/><W118/><G118/><T48/><D48/><U133/><E111/><V1/><F113/><W100/><G35/><T109/><D109/><U87/><E4/><V6/><F30/><W63/><G114/><T24/><D70/><U22/><E103/><V28/><F28/><W106/><G41/><T112/><D112/><U98/><E133/><N who="2" m="50699" /><F1/><W9/><G31/><T36/><D36/><U99/><E22/><V11/><F38/><W96/><G23/><N who="0" m="13415" /><D32/><U80/><E47/><V123/><F123/><W19/><REACH who="3" step="1"/><G79/><REACH who="3" ten="306,192,284,178" step="2"/><T82/><D124/><U27/><E76/><V67/><F77/><W78/><G78/><T29/><D125/><U52/><E72/><V40/><F40/><W127/><G127/><T50/><D29/><U20/><E20/><V5/><F101/><W129/><G129/><T43/><D21/><U54/><E90/><V15/><AGARI ba="2,4" hai="5,6,7,11,15,18,37,42,45,65,67" m="50699" machi="15" ten="40,1500,0" yaku="20,1" doraHai="94" who="2" fromWho="2" sc="306,-6,192,-6,284,61,178,-9" owari="300,10.0,186,-21.0,345,44.0,169,-33.0" /></mjloggm>