<mjloggm ver="2.3"><GO type="97" lobby="0"/><UN n0="%6A%61%6B%61" n1="%E3%83%95%E3%82%AB%E3%83%92%E3%83%AC%4E%65%6F" n2="%65%69%6B%69%36" n3="%E3%82%A6%E3%83%AB%E3%83%88%E3%83%A9%E7%AB%8B%E7%9B%B4" dan="16,13,15,14" rate="2043.81,1897.17,2020.85,1937.48" sx="M,M,M,M"/><TAIKYOKU oya="0"/><INIT seed="0,0,0,1,1,13" ten="250,250,250,250" oya="0" hai0="102,44,125,22,135,121,7,55,111,18,51,2,123" hai1="87,84,66,85,9,92,114,4,88,43,15,116,86" hai2="109,1,73,41,61,93,52,69,5,32,62,127,14" hai3="96,47,67,25,75,105,81,106,71,117,19,26,134"/><T108/><D125/><U76/><E116/><V30/><F73/><W124/><G117/><T38/><D135/><U82/><E114/><V29/><F1/><W17/><G67/><T89/><D38/><U74/><E66/><V31/><F127/><W50/><G71/><T28/><D28/><U27/><E43/><V48/><F41/><W10/><G75/><T77/><D77/><U23/><REACH who="1" step="1"/><E74/><REACH who="1" ten="250,240,250,250" step="2"/><V107/><F32/><W104/><G124/><T37/><D121/><U90/><E90/><V33/><F33/><W12/><G134/><T39/><D89/><U70/><E70/><V58/><F69/><W131/><G131/><T133/><D123/><U126/><E126/><V79/><F79/><W57/><G105/><T40/><D133/><U132/><E132/><V98/><F107/><W8/><G106/><T72/><D72/><U97/><E97/><V118/><F118/><W24/><G96/><T110/><D102/><U94/><E94/><V83/><F109/><W36/><G104/><T63/><D40/><U45/><E45/><V78/><F78/><W54/><G81/><T115/><D115/><U56/><E56/><V129/><F83/><W46/><G36/><T6/><D63/><U11/><E11/><N who="2" m="4463" /><F129/><W113/><G113/><T95/><D95/><U130/><E130/><V35/><F35/><W42/><G42/><T64/><D64/><U112/><E112/><V16/><F62/><W34/><G34/><T100/><D100/><U122/><E122/><V0/><F61/><W103/><G103/><T99/><D108/><U21/><E21/><V119/><F119/><RYUUKYOKU ba="0,1" sc="250,-15,240,15,250,-15,250,15" hai1="4,9,15,23,27,76,82,84,85,86,87,88,92" hai3="8,10,12,17,19,24,25,26,46,47,50,54,57" /><INIT seed="1,1,1,1,5,51" ten="235,255,235,265" oya="1" hai0="58,42,105,96,3,12,32,103,123,120,44,98,60" hai1="10,65,25,35,94,64,56,92,114,129,17,33,85" hai2="31,84,27,23,29,80,91,116,47,130,121,113,112" hai3="18,7,118,97,59,40,41,63,101,4,78,57,134"/><U9/><E114/><V89/><F121/><N who="0" m="46666" /><D3/><U15/><E129/><V128/><F116/><W49/><G134/><T30/><D98/><U93/><E33/><V102/><F102/><W74/><G78/><T108/><D108/><U6/><E35/><V62/><F62/><W73/><G73/><T107/><D12/><N who="1" m="5175" /><E25/><V126/><F126/><W13/><G74/><T48/><D107/><U122/><E122/><V37/><F37/><W95/><G118/><T76/><D76/><U88/><E56/><N who="3" m="21578" /><G63/><T100/><D100/><U34/><E34/><V66/><F66/><AGARI ba="1,1" hai="10,15,17,64,65,66,85,88,92,93,94" m="5175" machi="66" ten="30,2900,0" yaku="8,1,54,1" doraHai="51" who="1" fromWho="2" sc="235,0,255,42,235,-32,265,0" /><INIT seed="1,2,0,3,1,60" ten="235,297,203,265" oya="1" hai0="101,18,43,104,84,11,36,2,124,42,24,16,10" hai1="120,87,79,34,99,121,119,69,8,71,122,13,20" hai2="57,134,127,14,116,75,94,55,31,100,81,89,38" hai3="61,85,51,29,128,73,37,117,1,86,19,95,132"/><U27/><E119/><V52/><F38/><W0/><G37/><T30/><D124/><U115/><E115/><V98/><F116/><W26/><G73/><T40/><D36/><U45/><E34/><V41/><F41/><W70/><G117/><T90/><D101/><U112/><E112/><V53/><F127/><W83/><G128/><T111/><D104/><U33/><E33/><V5/><F134/><W68/><G132/><T88/><D111/><U91/><E45/><V131/><F131/><W6/><G19/><T63/><D63/><U59/><E59/><V103/><F31/><W126/><G126/><T114/><D114/><U125/><E125/><V80/><F75/><W106/><G106/><T76/><D76/><U15/><E99/><V74/><F74/><W82/><G51/><T7/><D11/><U25/><E79/><V133/><F133/><W109/><G109/><T66/><D66/><U77/><E77/><V108/><F108/><W12/><G1/><T58/><D58/><U123/><N who="1" m="31232" /><DORA hai="50" /><U32/><E32/><V135/><F57/><W48/><G0/><T47/><D47/><U54/><E54/><N who="2" m="13827" /><V17/><DORA hai="22" /><F5/><W97/><G6/><T62/><D62/><U107/><E107/><V113/><F113/><W39/><G61/><T93/><REACH who="0" step="1"/><D90/><REACH who="0" ten="225,297,203,265" step="2"/><U105/><E105/><V118/><F118/><W96/><G39/><T92/><D92/><U49/><E8/><N who="2" m="6343" /><F135/><W78/><G68/><T129/><D129/><U130/><E130/><V65/><F65/><W56/><G70/><T72/><D72/><U3/><E69/><V67/><F67/><RYUUKYOKU ba="2,1" sc="225,15,297,-15,203,15,265,-15" hai0="2,7,10,16,18,24,30,40,42,43,84,88,93" hai2="80,81,89,94,98,100,103" /><INIT seed="2,3,1,5,5,55" ten="240,282,218,250" oya="2" hai0="92,33,38,115,67,100,46,37,119,103,131,85,83" hai1="25,16,15,24,73,107,17,28,6,65,41,77,108" hai2="69,86,82,21,61,72,128,51,98,0,104,1,39" hai3="81,54,105,133,3,63,26,4,126,34,31,40,80"/><V97/><F39/><W109/><G105/><T129/><D119/><U130/><E107/><V43/><F72/><W36/><G81/><T111/><D115/><U44/><E108/><V64/><F21/><W30/><G30/><T106/><D111/><U127/><E127/><V11/><F128/><N who="0" m="49226" /><D33/><U7/><E130/><V9/><F104/><W18/><G109/><T13/><D67/><U62/><E73/><V76/><F9/><W120/><G120/><T49/><D13/><U88/><E77/><V19/><F19/><W123/><G123/><T95/><D106/><U124/><E124/><V132/><F132/><W60/><G126/><T20/><D20/><U22/><E88/><V113/><F113/><W70/><G133/><T112/><D112/><U125/><E125/><V12/><F1/><W99/><G4/><T2/><D2/><U118/><E118/><V116/><F0/><W52/><G3/><T74/><D74/><U53/><E53/><V89/><F116/><W23/><G34/><T32/><D32/><U35/><E44/><N who="2" m="26015" /><F89/><W79/><G70/><T102/><D38/><U93/><E93/><V56/><F69/><W14/><G80/><T117/><D37/><U48/><E48/><V84/><F84/><W29/><G79/><N who="0" m="46335" /><D117/><U134/><E41/><AGARI ba="3,1" hai="41,46,49,92,95,100,102,103" m="46335,49226" machi="41" ten="30,1000,0" yaku="19,1" doraHai="55" who="0" fromWho="1" sc="240,29,282,-19,218,0,250,0" /><INIT seed="3,0,0,1,2,55" ten="269,263,218,250" oya="3" hai0="4,17,119,58,118,83,82,134,127,75,132,13,8" hai1="10,128,109,98,131,44,87,30,39,35,88,46,116" hai2="81,15,56,2,114,11,23,34,96,24,65,122,86" hai3="27,53,29,113,26,76,31,107,102,126,7,36,111"/><W94/><G107/><T74/><D127/><U133/><E109/><V42/><F122/><W129/><G36/><T125/><D125/><U99/><E133/><N who="0" m="51305" /><D4/><U84/><E10/><V69/><F69/><W60/><G126/><T47/><D47/><U92/><E116/><N who="0" m="44585" /><D58/><U117/><E117/><V21/><F114/><W95/><G113/><T50/><D50/><U105/><E35/><V9/><F2/><W112/><G112/><T121/><D121/><U63/><E30/><N who="3" m="11274" /><G129/><N who="1" m="49738" /><E63/><N who="2" m="38119" /><F34/><W38/><G38/><T68/><D68/><U80/><E39/><V6/><F42/><W3/><G3/><T78/><D82/><N who="1" m="49175" /><E44/><V100/><F24/><N who="3" m="9259" /><G7/><T73/><AGARI ba="0,0" hai="8,13,17,73,74,75,78,83" m="44585,51305" machi="73" ten="40,1500,0" yaku="20,1" doraHai="55" who="0" fromWho="0" sc="269,15,263,-4,218,-4,250,-7" /><INIT seed="4,0,0,3,4,95" ten="284,259,214,243" oya="0" hai0="97,56,16,38,37,59,12,90,3,36,25,7,43" hai1="68,120,78,10,62,134,32,70,130,102,0,113,84" hai2="99,19,115,71,108,112,100,82,103,6,11,55,85" hai3="131,73,133,53,86,126,117,40,46,94,124,35,22"/><T101/><D25/><U54/><E120/><V127/><F71/><W1/><G35/><T75/><D75/><U42/><E42/><V52/><F108/><W76/><G73/><T8/><D43/><U125/><E32/><V14/><F100/><W118/><G1/><T81/><D90/><U106/><E125/><N who="3" m="48234" /><G53/><T26/><D81/><U49/><E130/><V88/><F127/><W34/><G34/><T24/><D24/><U74/><E74/><V135/><F135/><W47/><G133/><T9/><REACH who="0" step="1"/><D26/><REACH who="0" ten="274,259,214,243" step="2"/><U21/><E134/><V27/><F27/><W20/><G40/><T28/><D28/><U91/><E91/><V66/><F66/><W63/><G76/><T31/><D31/><U69/><E78/><V64/><F64/><W111/><G117/><T23/><D23/><U60/><E21/><V72/><F72/><W4/><G20/><T87/><D87/><U116/><E84/><V29/><F29/><W105/><G22/><T98/><D98/><U80/><E116/><V57/><F19/><W2/><G118/><T65/><D65/><U104/><E80/><V58/><F58/><W92/><G86/><T50/><D50/><U121/><E49/><V79/><F79/><W114/><G63/><T5/><D5/><U109/><E60/><V30/><F30/><W44/><G4/><T61/><D61/><U96/><E62/><V13/><F13/><W41/><G41/><T33/><D33/><U18/><E18/><V128/><F128/><W110/><G131/><T132/><D132/><U39/><E96/><V17/><F17/><W93/><G111/><RYUUKYOKU ba="0,1" sc="274,30,259,-10,214,-10,243,-10" hai0="3,7,8,9,12,16,36,37,38,56,59,97,101" owari="314,42.0,249,5.0,204,-30.0,233,-17.0" /></mjloggm>