<mjloggm ver="2.3"><GO type="97" lobby="0"/><UN n0="%E3%81%98%E3%82%87%E3%82%93%E3%82%8D%E3%83%BC" n1="%E5%B0%B1%E6%B4%BB%E7%94%9F%40%E5%B7%9D%E6%9D%91%E8%BB%8D%E5%9B%A3" n2="%54%54%4E%4D" n3="%6A%75%6C%69%65%74" dan="14,14,14,13" rate="2014.98,1957.11,1995.06,1947.12" sx="M,M,M,M"/><TAIKYOKU oya="0"/><INIT seed="0,0,0,3,0,72" ten="250,250,250,250" oya="0" hai0="103,26,121,68,4,17,130,129,11,80,91,67,52" hai1="34,114,37,44,14,116,13,29,82,119,3,117,131" hai2="49,113,96,23,99,106,111,31,133,58,101,94,0" hai3="63,84,57,76,15,20,22,62,2,40,27,8,122"/><T88/><D121/><U45/><E114/><V134/><F113/><W127/><G122/><T47/><D103/><U51/><E3/><V90/><F0/><W28/><G127/><T53/><D67/><U110/><E131/><N who="0" m="50185" /><D68/><U83/><E110/><V38/><F38/><W123/><G123/><T16/><D26/><U109/><E109/><V48/><F111/><W64/><G2/><N who="0" m="407" /><D53/><U39/><E34/><V73/><F73/><W5/><G40/><T69/><D69/><U86/><E29/><V56/><F23/><N who="3" m="15487" /><G62/><T21/><D21/><N who="3" m="8297" /><G84/><N who="0" m="50183" /><D91/><U30/><E30/><V50/><REACH who="2" step="1"/><F31/><REACH who="2" ten="250,250,240,250" step="2"/><W42/><G42/><T107/><D107/><U120/><E120/><V78/><F78/><AGARI ba="0,1" hai="5,8,15,57,63,64,76,78" m="8297,15487" machi="78" ten="30,3900,0" yaku="8,1,52,2" doraHai="72" who="3" fromWho="2" sc="250,0,250,0,240,-39,250,49" /><INIT seed="1,0,0,3,0,50" ten="250,250,201,299" oya="1" hai0="131,9,11,87,25,3,68,90,19,72,69,76,92" hai1="123,18,13,42,34,133,31,44,43,7,48,28,37" hai2="55,60,56,97,54,4,114,93,16,102,105,132,51" hai3="79,58,15,47,26,75,95,88,91,65,96,134,0"/><U14/><E123/><V127/><F127/><W125/><G0/><T59/><D131/><U104/><E104/><V2/><F132/><W38/><G125/><T61/><D69/><U77/><E133/><V113/><F4/><W52/><G134/><T115/><D68/><U110/><E110/><V35/><F2/><W12/><G75/><T17/><D3/><U81/><E34/><V64/><F35/><W103/><G79/><T124/><D124/><U70/><E70/><V24/><F105/><W101/><G26/><T71/><D71/><U32/><E32/><V62/><F24/><W78/><G78/><T89/><D115/><N who="2" m="44042" /><F16/><N who="0" m="6218" /><D72/><U6/><E42/><V86/><F64/><W99/><G65/><T30/><D30/><U49/><E13/><N who="3" m="5194" /><G38/><T111/><D111/><U5/><E31/><V118/><F118/><W100/><G47/><T108/><D108/><U40/><E28/><V63/><F86/><N who="3" m="52631" /><G91/><N who="0" m="53375" /><D76/><U10/><REACH who="1" step="1"/><E43/><REACH who="1" ten="250,240,201,299" step="2"/><V45/><AGARI ba="0,1" hai="45,51,54,55,56,60,62,63,93,97,102" m="44042" machi="45" ten="30,4000,0" yaku="11,1,52,2" doraHai="50" who="2" fromWho="2" sc="250,-10,240,-20,201,50,299,-10" /><INIT seed="2,0,0,0,5,37" ten="240,220,251,289" oya="2" hai0="124,35,114,51,53,102,116,127,97,21,30,49,14" hai1="26,24,67,57,62,8,126,78,111,133,112,99,63" hai2="6,41,12,29,32,44,95,47,61,42,18,90,39" hai3="130,118,103,43,27,31,7,86,52,2,9,101,105"/><V77/><F6/><W19/><G118/><T16/><D114/><U40/><E112/><V117/><F117/><W88/><G130/><T79/><D116/><U96/><E126/><N who="0" m="48169" /><D79/><U0/><E133/><V73/><F61/><W56/><G105/><N who="0" m="63695" /><D53/><U80/><E111/><V15/><F29/><W1/><G1/><T38/><D38/><U25/><E0/><V84/><F32/><W33/><G19/><T46/><D46/><U91/><E8/><V58/><F58/><W120/><G120/><T98/><D98/><U5/><E5/><V121/><F121/><W45/><G52/><T85/><D85/><U134/><E134/><V76/><F15/><W122/><G56/><T92/><D92/><U94/><E63/><V48/><F73/><W104/><G104/><T11/><D35/><U129/><E129/><V107/><F107/><W119/><G119/><T106/><D106/><U74/><REACH who="1" step="1"/><E96/><REACH who="1" ten="240,210,251,289" step="2"/><V20/><AGARI ba="0,1" hai="12,18,20,39,41,42,44,47,48,76,77,84,90,95" machi="20" ten="20,7800,0" yaku="0,1,7,1,52,2" doraHai="37" who="2" fromWho="2" sc="240,-26,210,-26,251,88,289,-26" /><INIT seed="2,1,0,4,1,115" ten="214,184,339,263" oya="2" hai0="60,51,116,46,28,134,49,0,79,20,57,47,2" hai1="110,77,1,93,112,120,94,121,15,106,111,128,103" hai2="22,72,123,38,64,7,10,68,102,114,90,16,61" hai3="35,85,42,105,30,14,131,59,43,119,39,99,109"/><V84/><F114/><W29/><G39/><T18/><D28/><U41/><E1/><V9/><F72/><W5/><G131/><T101/><D134/><U96/><E41/><V107/><F38/><W135/><G135/><T36/><D36/><U124/><E15/><V75/><F75/><W33/><G109/><N who="1" m="41482" /><E112/><V86/><F123/><N who="1" m="47177" /><E128/><V104/><F102/><W118/><G105/><T66/><D101/><U23/><E23/><V95/><F86/><W3/><G99/><T92/><D92/><N who="1" m="35435" /><E77/><V126/><F126/><AGARI ba="1,0" hai="96,103,106,124,126" m="35435,47177,41482" machi="126" ten="40,8000,1" yaku="14,1,13,1,34,2" doraHai="115" who="1" fromWho="2" sc="214,0,184,83,339,-83,263,0" /><INIT seed="3,0,0,5,3,127" ten="214,267,256,263" oya="3" hai0="78,96,37,74,133,113,53,94,15,77,14,23,89" hai1="101,90,134,55,126,1,104,72,59,45,9,129,57" hai2="35,63,118,80,49,99,117,93,122,5,12,32,105" hai3="18,61,3,68,21,56,82,131,70,108,88,95,110"/><W85/><G3/><T87/><D37/><U22/><E126/><V120/><F105/><W81/><G131/><T0/><D0/><U10/><E129/><V2/><F2/><W69/><G21/><T130/><D130/><U42/><E72/><V50/><F80/><W124/><G18/><T13/><D133/><U67/><E134/><V11/><F63/><W64/><G124/><T128/><D128/><U31/><E1/><V8/><F93/><W19/><G19/><T119/><D113/><U27/><E67/><V17/><F99/><W25/><G25/><T43/><D43/><U6/><E59/><V47/><F47/><W100/><G100/><T16/><D119/><N who="2" m="45578" /><F50/><W109/><AGARI ba="0,0" hai="56,61,64,68,69,70,81,82,85,88,95,108,109,110" machi="109" ten="40,12000,1" yaku="0,1,14,1,10,1,54,1" doraHai="127" who="3" fromWho="3" sc="214,-40,267,-40,256,-40,263,120" owari="174,-33.0,227,3.0,216,-18.0,383,48.0" /></mjloggm>