<mjloggm ver="2.3"><GO type="97" lobby="0"/><UN n0="%41%6C%73%6C%70%6E" n1="%41%43%49%44%4D%41%4E%2D" n2="%E3%82%B9%E3%83%88%E3%83%BC%E3%82%AF%E3%82%B7%E3%83%86%E3%82%A3" n3="%E5%B0%B1%E6%B4%BB%E7%94%9F%40%E5%B7%9D%E6%9D%91%E8%BB%8D%E5%9B%A3" dan="13,15,13,13" rate="1943.59,1971.54,2096.01,1873.86" sx="M,M,M,M"/><TAIKYOKU oya="0"/><INIT seed="0,0,0,0,5,114" ten="250,250,250,250" oya="0" hai0="67,27,107,106,26,5,63,120,15,122,86,88,103" hai1="31,104,30,12,82,49,3,34,127,108,74,51,71" hai2="13,57,59,111,92,42,118,47,125,56,39,4,64" hai3="112,20,29,11,76,8,21,24,96,33,10,70,6"/><T22/><D5/><U7/><E3/><V37/><F37/><W9/><G70/><T19/><D120/><U83/><E104/><V77/><F77/><W40/><G112/><T69/><D122/><U97/><E97/><V16/><F4/><W110/><G110/><T105/><REACH who="0" step="1"/><D103/><REACH who="0" ten="240,250,250,250" step="2"/><U0/><E0/><V81/><F111/><W115/><G115/><T132/><D132/><U113/><E108/><V135/><F135/><W75/><G6/><T62/><D62/><U28/><E113/><V17/><F125/><W126/><G126/><T93/><AGARI ba="0,1" hai="15,19,22,26,27,63,67,69,86,88,93,105,106,107" machi="93" ten="30,6000,0" yaku="1,1,0,1,54,1,53,0" doraHai="114" doraHaiUra="25" who="0" fromWho="0" sc="240,70,250,-20,250,-20,250,-20" /><INIT seed="0,1,0,4,5,2" ten="310,230,230,230" oya="0" hai0="66,51,1,75,115,89,70,135,57,111,79,59,43" hai1="28,8,129,18,63,131,114,106,94,36,35,53,0" hai2="9,124,27,56,14,112,90,48,55,10,23,20,72" hai3="97,93,118,122,120,4,125,33,104,13,76,45,25"/><T107/><D107/><U84/><E106/><V58/><F72/><W11/><G104/><T105/><D105/><U103/><E36/><V74/><F74/><W91/><G118/><T99/><D1/><U82/><E114/><V21/><F124/><W85/><G125/><T96/><D79/><U30/><E35/><V15/><F112/><W130/><G130/><N who="1" m="49674" /><E94/><V109/><F109/><W110/><G110/><T32/><D32/><U50/><E63/><V88/><F27/><W69/><G69/><T117/><D75/><U3/><E103/><V22/><F58/><W60/><G60/><T73/><D73/><U46/><E3/><V31/><F31/><W39/><G25/><T77/><D115/><U95/><E95/><V92/><F92/><W78/><G33/><T100/><D117/><U67/><E67/><V12/><F23/><W6/><G97/><T16/><D66/><U68/><E68/><V128/><F128/><W81/><G93/><T38/><D38/><U134/><E134/><V47/><F47/><W123/><G45/><N who="0" m="26047" /><D70/><U83/><E83/><V116/><F116/><W126/><G39/><T42/><D99/><U40/><E40/><V61/><F61/><W98/><G126/><T132/><D100/><U133/><E133/><N who="0" m="51273" /><D42/><U49/><E0/><V71/><F71/><W34/><G34/><T65/><D65/><U119/><E119/><V44/><F44/><W24/><G98/><T7/><D96/><U5/><E30/><V102/><F102/><W41/><G41/><T101/><D101/><U54/><E28/><V86/><F86/><W113/><G113/><RYUUKYOKU ba="1,0" sc="310,-10,230,-10,230,30,230,-10" hai2="9,10,12,14,15,20,21,22,48,55,56,88,90" /><INIT seed="1,2,0,2,4,21" ten="300,220,260,220" oya="1" hai0="23,72,70,88,135,104,128,113,0,114,9,96,51" hai1="87,109,40,101,93,42,12,77,10,32,6,76,62" hai2="123,130,74,14,5,19,134,45,94,80,54,66,41" hai3="52,46,103,34,92,55,35,117,20,75,102,56,86"/><U90/><E32/><V120/><F5/><W11/><G75/><T124/><D70/><U43/><E109/><V129/><F66/><W85/><G117/><T4/><D72/><U99/><REACH who="1" step="1"/><E62/><REACH who="1" ten="300,210,260,220" step="2"/><V125/><F123/><W73/><G73/><T18/><D114/><U64/><E64/><V63/><F120/><W107/><G107/><AGARI ba="2,1" hai="6,10,12,40,42,43,76,77,87,90,93,99,101,107" machi="107" ten="40,3900,0" yaku="1,1,53,1" doraHai="21" doraHaiUra="91" who="1" fromWho="3" sc="300,0,210,55,260,0,220,-45" /><INIT seed="1,3,0,5,4,6" ten="300,265,260,175" oya="1" hai0="32,25,55,118,52,117,73,124,56,11,8,38,103" hai1="47,34,66,7,69,126,93,86,111,119,105,123,27" hai2="51,15,2,99,65,14,48,39,135,78,122,125,97" hai3="116,90,127,84,44,12,91,120,9,92,40,88,35"/><U61/><E126/><V54/><F65/><W62/><G127/><T114/><D124/><U3/><E123/><V74/><F78/><W104/><G120/><T83/><D38/><U31/><E119/><V85/><F85/><W129/><G104/><T102/><D32/><U130/><E130/><V33/><F125/><W115/><G35/><T22/><D83/><U18/><E111/><V4/><F4/><N who="3" m="3111" /><G115/><T26/><D22/><U128/><E128/><V53/><F33/><W19/><G129/><T43/><D56/><U46/><E105/><V49/><F122/><W106/><G106/><T131/><D131/><U5/><E5/><V30/><F30/><W17/><G116/><T24/><D24/><U81/><E93/><V108/><F39/><W21/><G62/><T13/><D13/><U36/><E36/><V68/><F68/><W98/><G21/><T0/><D43/><U100/><E100/><V80/><F80/><N who="3" m="49159" /><G90/><T70/><D70/><U77/><REACH who="1" step="1"/><E18/><REACH who="1" ten="300,255,260,175" step="2"/><V107/><F108/><W60/><G60/><T112/><D0/><U89/><E89/><V101/><F107/><W29/><G29/><T72/><AGARI ba="3,1" hai="8,11,25,26,52,55,72,73,102,103,112,114,117,118" machi="72" ten="25,12000,2" yaku="0,1,22,2,52,2,54,1" doraHai="6" who="0" fromWho="0" sc="300,139,255,-63,260,-33,175,-33" /><INIT seed="2,0,0,1,3,130" ten="439,192,227,142" oya="2" hai0="1,2,47,41,73,58,92,110,52,107,0,30,100" hai1="7,49,124,28,17,78,72,54,27,53,117,90,64" hai2="32,91,119,134,37,113,115,127,103,129,66,29,12" hai3="39,99,5,125,67,14,108,10,93,79,34,98,88"/><V84/><F37/><W96/><G108/><T122/><D73/><U102/><E117/><V75/><F32/><W76/><G125/><T16/><D30/><U128/><E128/><V71/><F71/><W118/><G118/><T86/><D107/><U70/><E124/><V43/><F29/><W56/><G39/><T11/><D110/><U22/><E102/><V38/><F38/><W85/><REACH who="3" step="1"/><G34/><REACH who="3" ten="439,192,227,132" step="2"/><T135/><D122/><U69/><E78/><V104/><F119/><W126/><G126/><T31/><D31/><U81/><E72/><V74/><F127/><W68/><G68/><T109/><D109/><U106/><E70/><V123/><F129/><W133/><G133/><T105/><D135/><U59/><E69/><V87/><F134/><W4/><G4/><T48/><D105/><U95/><E7/><V120/><F104/><W3/><G3/><T33/><D33/><U40/><E106/><V26/><F123/><W20/><G20/><T94/><D100/><U116/><E116/><V57/><F103/><W83/><G83/><T97/><D2/><U9/><E81/><V19/><F120/><W55/><G55/><T63/><D0/><U15/><E53/><V121/><F121/><W82/><G82/><T50/><D94/><U45/><E40/><V46/><F43/><W101/><G101/><T24/><D1/><U51/><E64/><V61/><F66/><W132/><G132/><T62/><D92/><U44/><E51/><V77/><F74/><W25/><G25/><T131/><D131/><U80/><E80/><V23/><F75/><W21/><G21/><RYUUKYOKU ba="0,1" sc="439,-15,192,15,227,-15,132,15" hai1="9,15,17,22,27,28,44,45,49,54,59,90,95" hai3="5,10,14,56,67,76,79,85,88,93,96,98,99" /><INIT seed="3,1,1,4,2,94" ten="424,207,212,147" oya="3" hai0="11,12,86,110,91,53,128,130,22,117,124,43,62" hai1="46,101,44,58,38,102,70,18,1,20,52,24,16" hai2="51,34,75,19,42,134,121,65,99,77,49,98,129" hai3="63,85,81,107,92,95,45,6,118,135,2,103,72"/><W48/><G118/><T132/><D117/><U111/><E70/><V29/><F34/><W112/><G112/><T109/><D43/><U40/><E1/><V15/><F75/><W119/><G119/><T54/><D22/><U37/><E111/><N who="0" m="42505" /><D132/><U74/><E74/><V8/><F129/><N who="0" m="49770" /><D62/><U4/><E4/><V61/><F77/><N who="3" m="46255" /><G135/><T23/><D23/><U97/><E101/><V96/><F29/><W39/><G72/><T69/><D69/><U82/><E82/><V28/><F28/><W93/><G39/><T68/><D124/><U105/><E44/><V47/><F134/><W100/><G107/><T114/><D68/><U115/><E37/><V90/><F121/><W126/><G126/><T113/><D113/><U125/><E125/><V32/><F32/><W106/><G106/><T122/><D122/><U17/><E115/><V10/><F10/><W0/><G0/><T104/><D104/><U36/><E36/><V57/><REACH who="2" step="1"/><F51/><AGARI ba="1,1" hai="16,17,18,20,24,38,40,46,51,52,58,97,102,105" machi="51" ten="30,7700,0" yaku="7,1,52,1,54,2" doraHai="94" who="1" fromWho="2" sc="424,0,207,90,212,-80,147,0" owari="424,52.0,297,10.0,132,-37.0,147,-25.0" /></mjloggm>