<mjloggm ver="2.3"><GO type="193" lobby="0"/><UN n0="%E3%83%AA%E3%83%88%E3%82%81%E3%81%8C%E3%81%AD" n1="%E5%B0%B1%E6%B4%BB%E7%94%9F%40%E5%B7%9D%E6%9D%91%E8%BB%8D%E5%9B%A3" n2="%E3%83%AC%E3%82%AC%E3%83%83%E3%82%BF" n3="%E3%81%A8%E3%82%88%E3%81%BE%E3%82%8B" dan="12,11,10,12" rate="1719.52,1829.57,1793.41,1827.13" sx="M,M,M,M"/><TAIKYOKU oya="0"/><INIT seed="0,0,0,2,1,87" ten="250,250,250,250" oya="0" hai0="42,12,81,44,101,120,18,64,96,34,117,46,20" hai1="100,85,93,37,125,106,72,111,38,10,108,41,55" hai2="45,98,70,116,6,99,23,97,67,39,2,65,104" hai3="86,112,27,76,22,128,4,71,109,17,105,84,40"/><T36/><D120/><U110/><E72/><V130/><F130/><W129/><G112/><T33/><D117/><U11/><E106/><V114/><F114/><W28/><G109/><T126/><D126/><U78/><E125/><V135/><F116/><W132/><G132/><T62/><D46/><U113/><E113/><V21/><F135/><W90/><G71/><T5/><D5/><U115/><E115/><V74/><F74/><W94/><G105/><T75/><D75/><U53/><E78/><V121/><F121/><W92/><G4/><T61/><D81/><U80/><E80/><V124/><F124/><W47/><G28/><T68/><REACH who="0" step="1"/><D62/><REACH who="0" ten="240,250,250,250" step="2"/><U14/><E38/><V13/><F39/><W95/><G76/><T25/><D25/><U56/><E37/><V35/><F45/><W50/><REACH who="3" step="1"/><G86/><REACH who="3" ten="240,250,250,240" step="2"/><T57/><D57/><U26/><E56/><V48/><F99/><W133/><G133/><T79/><D79/><U73/><E85/><V31/><F98/><W83/><AGARI ba="0,2" hai="17,22,27,40,47,50,83,84,90,92,94,95,128,129" machi="83" ten="30,4000,0" yaku="1,1,0,1,52,1,53,0" doraHai="87" doraHaiUra="102" who="3" fromWho="3" sc="240,-20,250,-10,250,-10,240,60" /><INIT seed="1,0,0,4,5,106" ten="220,240,240,300" oya="1" hai0="70,133,40,101,91,49,90,45,37,65,94,119,11" hai1="102,32,50,128,95,36,74,58,103,68,51,3,25" hai2="109,19,41,61,135,67,43,1,10,46,79,88,78" hai3="111,98,96,114,30,55,23,9,13,85,54,118,122"/><U27/><E36/><V108/><F135/><W52/><G114/><T63/><D133/><U107/><E3/><V18/><F1/><W80/><G122/><T100/><D119/><U14/><E68/><V112/><F112/><W81/><G118/><T44/><D11/><U16/><E107/><V113/><F113/><W86/><G111/><T125/><D125/><U132/><E132/><V28/><F28/><W24/><G81/><T69/><D69/><U7/><E128/><V42/><F46/><W20/><G20/><T34/><D34/><U35/><E74/><V104/><F104/><W17/><REACH who="3" step="1"/><G85/><REACH who="3" ten="220,240,240,290" step="2"/><T131/><D131/><U57/><E32/><V116/><F116/><W124/><G124/><T89/><REACH who="0" step="1"/><D94/><REACH who="0" ten="210,240,240,290" step="2"/><U75/><E35/><V121/><F10/><W129/><G129/><T117/><D117/><U126/><E95/><V12/><F121/><W92/><G92/><T0/><D0/><U73/><E126/><V56/><F109/><W66/><G66/><T5/><D5/><U26/><E102/><V2/><F2/><W115/><G115/><T21/><D21/><U99/><E103/><V120/><F120/><W76/><AGARI ba="0,2" hai="9,13,17,23,24,30,52,54,55,76,80,86,96,98" machi="76" ten="30,7900,0" yaku="1,1,0,1,8,1,54,1,53,0" doraHai="106" doraHaiUra="53" who="3" fromWho="3" sc="210,-20,240,-39,240,-20,290,99" /><INIT seed="2,0,0,1,3,112" ten="190,201,220,389" oya="2" hai0="87,14,135,133,100,78,58,107,94,111,54,88,117" hai1="113,20,3,27,102,18,129,93,89,19,55,1,97" hai2="10,118,77,131,26,96,34,49,72,101,8,74,109" hai3="121,73,0,36,95,71,39,29,16,59,33,30,116"/><V106/><F118/><W114/><G121/><T69/><D111/><U119/><E113/><V48/><F74/><W108/><G71/><T99/><D69/><U11/><E119/><V43/><F109/><W61/><G114/><T46/><D117/><U98/><E129/><V63/><F63/><W92/><G108/><T105/><D46/><U6/><E55/><V47/><F131/><W104/><G116/><T42/><D42/><U84/><E98/><V83/><F49/><W56/><G104/><T64/><D64/><U68/><E68/><V120/><F120/><W52/><G73/><T45/><D45/><U128/><E128/><V75/><F75/><W123/><G123/><T12/><D107/><U67/><E67/><V9/><F34/><W124/><G124/><T132/><REACH who="0" step="1"/><D78/><REACH who="0" ten="180,201,220,389" step="2"/><U31/><E1/><V66/><F66/><W7/><G39/><T32/><D32/><U40/><E40/><V81/><F81/><AGARI ba="0,1" hai="3,6,11,18,19,20,27,31,81,84,89,93,97,102" machi="81" ten="30,1000,0" yaku="7,1" doraHai="112" who="1" fromWho="2" sc="180,0,201,20,220,-10,389,0" /><INIT seed="3,0,0,1,4,6" ten="180,221,210,389" oya="3" hai0="126,20,38,33,10,81,89,75,98,37,130,30,87" hai1="121,8,61,118,86,2,51,79,125,112,114,59,76" hai2="95,94,55,45,1,84,36,11,124,103,27,9,24" hai3="96,64,129,35,58,134,108,69,77,71,80,34,40"/><W19/><G129/><T82/><D130/><U50/><E121/><V52/><F124/><W131/><G131/><T78/><D126/><U44/><E125/><V5/><F103/><W115/><G115/><T41/><D33/><U29/><E118/><V65/><F65/><W73/><G134/><T91/><D10/><U48/><E29/><V111/><F111/><W116/><G116/><T15/><D41/><U99/><E99/><V62/><F9/><W57/><G108/><T109/><D109/><U47/><E112/><V14/><F1/><W53/><G35/><T107/><D30/><U26/><E114/><V117/><F117/><W97/><G34/><T122/><D122/><U25/><E2/><V132/><F132/><W18/><G40/><T66/><D66/><N who="1" m="39231" /><E8/><V68/><F68/><W4/><G4/><T42/><D42/><N who="1" m="24599" /><E86/><V67/><F67/><W101/><G97/><T32/><D32/><U54/><E51/><V63/><F84/><W88/><G88/><T83/><D20/><U3/><E3/><V127/><F127/><W123/><G123/><T93/><D15/><U49/><E49/><V100/><F100/><W7/><G7/><T135/><D38/><U72/><E72/><V74/><F74/><W128/><G128/><T110/><D37/><U28/><E28/><V120/><F36/><W56/><G64/><T60/><D60/><N who="2" m="23082" /><F120/><W16/><G53/><N who="2" m="20553" /><F45/><W39/><G39/><T133/><D110/><U85/><E85/><V70/><F70/><W46/><G46/><T12/><D12/><U90/><E90/><N who="0" m="34313" /><D133/><U105/><E105/><V17/><F5/><RYUUKYOKU ba="0,0" sc="180,-30,221,10,210,10,389,10" hai1="25,26,47,50,54,76,79" hai2="11,14,17,24,27,94,95" hai3="16,18,19,56,57,58,69,71,73,77,80,96,101" owari="150,-35.0,231,3.0,220,-18.0,399,50.0" /></mjloggm>