<mjloggm ver="2.3"><GO type="193" lobby="0"/><UN n0="%E5%A0%95%E5%A4%A9%E4%BD%BF%E3%83%95%E3%83%AD%E3%83%B3" n1="%E5%B0%B1%E6%B4%BB%E7%94%9F%40%E5%B7%9D%E6%9D%91%E8%BB%8D%E5%9B%A3" n2="%E3%82%8B%E3%82%93%28%70%61%66%65%29" n3="%E3%81%8F%E3%81%95%E3%81%AE" dan="11,11,14,11" rate="1787.74,1760.52,1711.36,1514.52" sx="F,M,M,M"/><TAIKYOKU oya="0"/><INIT seed="0,0,0,0,0,13" ten="250,250,250,250" oya="0" hai0="55,108,123,96,59,31,66,44,17,14,52,115,75" hai1="102,54,111,88,127,129,89,92,8,117,94,116,112" hai2="77,50,20,33,72,80,74,82,29,40,105,38,48" hai3="126,16,10,35,73,114,87,95,78,61,21,6,91"/><T62/><D115/><U43/><E112/><V53/><F38/><W109/><G35/><T36/><D75/><U93/><E43/><V45/><F33/><W69/><G109/><T0/><D0/><U19/><E111/><V122/><F105/><W56/><G126/><T11/><D123/><U110/><E110/><V133/><F133/><W101/><G69/><T12/><D31/><U85/><E127/><V46/><F122/><W49/><G49/><N who="0" m="29095" /><D36/><U27/><E129/><V90/><F29/><W131/><G101/><T107/><D107/><U4/><E116/><V68/><F68/><W32/><G32/><T15/><D108/><U22/><E117/><V99/><F74/><W124/><G131/><T18/><D11/><U30/><E54/><V24/><F72/><W1/><G124/><T84/><D96/><U9/><E4/><V81/><F99/><W34/><G34/><T104/><D104/><U118/><E118/><V128/><F128/><W23/><G23/><T135/><D135/><U60/><E60/><V64/><F77/><W47/><G47/><T63/><D84/><N who="1" m="52231" /><E30/><N who="2" m="17671" /><F64/><W130/><G130/><T67/><D66/><U106/><E106/><V76/><F76/><W119/><G119/><T26/><D26/><U3/><E3/><V28/><F28/><W42/><G42/><T86/><D86/><AGARI ba="0,0" hai="40,45,46,48,50,53,80,81,82,86,90" m="17671" machi="86" ten="30,1000,0" yaku="8,1" doraHai="13" who="2" fromWho="0" sc="250,-10,250,0,250,10,250,0" /><INIT seed="1,0,0,3,5,89" ten="240,250,260,250" oya="1" hai0="17,135,19,6,27,39,127,90,65,3,126,7,1" hai1="50,119,52,88,115,44,118,31,15,58,92,36,35" hai2="87,23,111,63,124,13,128,121,114,43,54,25,33" hai3="98,79,95,131,14,82,29,103,10,77,5,116,45"/><U101/><E115/><V122/><F114/><W69/><G69/><T91/><D65/><U68/><E68/><V46/><F111/><W64/><G131/><T57/><D57/><U110/><E110/><V47/><F33/><W102/><G64/><T30/><D39/><U4/><E101/><V28/><F124/><N who="0" m="47658" /><D135/><U34/><E118/><V99/><F128/><W56/><G29/><T100/><D100/><U42/><E119/><V59/><F99/><W0/><G116/><T120/><D120/><U84/><REACH who="1" step="1"/><E31/><REACH who="1" ten="240,240,260,250" step="2"/><V37/><F121/><W108/><G103/><T75/><D75/><U107/><E107/><V80/><F122/><W22/><G108/><T130/><D130/><U61/><E61/><V71/><F71/><W94/><G102/><T60/><D60/><U18/><E18/><N who="0" m="6665" /><D91/><U117/><E117/><V76/><F37/><W32/><G32/><N who="0" m="20575" /><D90/><U93/><E93/><V9/><F43/><W73/><G95/><T133/><D133/><U96/><E96/><V21/><F21/><W20/><G98/><T85/><D85/><U24/><E24/><V49/><F63/><W125/><G94/><T48/><D48/><U41/><E41/><V129/><F129/><W51/><G125/><T105/><D105/><U113/><E113/><V104/><F104/><W112/><G112/><T72/><D72/><U132/><E132/><V62/><F62/><W66/><G73/><T109/><D109/><U81/><E81/><V123/><F123/><W16/><G82/><T2/><AGARI ba="0,1" hai="1,2,3,6,7" m="20575,6665,47658" machi="2" ten="40,5200,0" yaku="18,1,34,2" doraHai="89" who="0" fromWho="0" sc="240,62,240,-26,260,-13,250,-13" /><INIT seed="2,0,0,2,3,72" ten="302,214,247,237" oya="2" hai0="123,135,23,17,6,61,124,22,45,15,56,84,106" hai1="108,109,101,90,10,83,129,80,58,118,25,7,76" hai2="122,52,119,38,87,51,126,121,57,28,74,64,39" hai3="71,65,111,88,92,42,78,104,112,8,14,115,27"/><V89/><F74/><W3/><G104/><T99/><D123/><U130/><E118/><V43/><F119/><W34/><G3/><T132/><D106/><U12/><E101/><V100/><F100/><W29/><G42/><T13/><D124/><U11/><E11/><V19/><F126/><W55/><G111/><N who="1" m="42570" /><E25/><V103/><F103/><W1/><G1/><T94/><D84/><N who="1" m="50439" /><E58/><V37/><F28/><W117/><G117/><T70/><D70/><U44/><E44/><V97/><F97/><N who="3" m="57479" /><G78/><T18/><D45/><U31/><E31/><V113/><F43/><W116/><G116/><T2/><D2/><U20/><E20/><V41/><F41/><W67/><G55/><T33/><D33/><U62/><E62/><V79/><F79/><W54/><G54/><T21/><D21/><U9/><E9/><V46/><F122/><W50/><G50/><T73/><D73/><AGARI ba="0,0" hai="7,10,12,73,76,83,129,130" m="50439,42570" machi="73" ten="30,2000,0" yaku="14,1,52,1" doraHai="72" who="1" fromWho="0" sc="302,-20,214,20,247,0,237,0" /><INIT seed="3,0,0,1,5,113" ten="282,234,247,237" oya="3" hai0="84,4,115,95,118,110,22,120,106,62,122,67,134" hai1="102,36,17,103,44,56,73,49,10,104,66,111,55" hai2="101,19,121,90,35,81,39,74,114,98,130,63,116" hai3="131,6,123,82,91,100,94,7,124,129,24,88,60"/><W72/><G123/><T133/><D106/><U47/><E73/><V30/><F114/><W78/><G60/><T108/><D115/><U15/><E111/><N who="0" m="42537" /><D4/><U33/><E33/><V5/><F5/><W135/><G24/><T105/><D105/><U20/><E104/><V112/><F30/><W48/><G48/><T18/><D84/><U127/><E127/><V11/><F35/><W65/><G65/><T53/><D53/><U80/><E80/><V89/><F81/><N who="3" m="45255" /><G7/><T52/><D52/><U13/><E36/><V37/><F37/><W76/><G6/><T50/><D50/><U38/><E38/><V43/><F39/><W40/><G40/><T45/><D45/><N who="1" m="17483" /><E66/><V75/><F43/><W46/><G46/><T41/><D41/><U77/><E77/><V28/><F121/><N who="0" m="46698" /><D95/><U92/><E92/><N who="2" m="58567" /><F112/><W0/><G135/><N who="0" m="51723" /><D18/><AGARI ba="0,0" hai="10,13,15,17,18,20,49,55,56,102,103" m="17483" machi="18" ten="30,1000,0" yaku="8,1" doraHai="113" who="1" fromWho="0" sc="282,-10,234,10,247,0,237,0" /><INIT seed="4,0,0,0,4,108" ten="272,244,247,237" oya="0" hai0="37,67,79,26,65,58,127,16,15,36,100,71,102" hai1="113,80,132,54,29,94,42,13,84,75,30,126,128" hai2="110,101,18,24,38,8,86,107,4,31,35,123,103" hai3="50,43,114,119,87,105,39,23,53,111,55,98,81"/><T96/><D127/><U68/><E75/><V117/><F110/><W0/><G119/><T34/><D71/><U69/><E126/><V25/><F38/><W2/><G111/><T115/><D37/><U133/><E42/><V88/><F107/><W3/><G23/><T112/><D36/><U12/><E94/><V124/><F123/><W14/><G14/><N who="1" m="5738" /><E128/><V120/><F120/><W57/><G53/><T19/><D79/><N who="1" m="46111" /><E54/><V135/><F117/><W6/><G114/><N who="0" m="43563" /><D58/><U72/><E72/><V97/><F135/><N who="1" m="51785" /><E113/><V5/><F5/><W82/><G6/><T83/><D83/><U59/><E59/><V134/><F4/><W85/><G98/><T66/><D96/><U116/><E116/><V92/><F97/><W90/><G105/><T93/><D93/><U33/><E33/><N who="2" m="20711" /><F124/><W64/><G64/><N who="0" m="16387" /><T51/><DORA hai="129" /><D51/><U7/><E7/><V32/><F32/><W91/><REACH who="3" step="1"/><G39/><REACH who="3" ten="272,244,247,227" step="2"/><T49/><D49/><U122/><E122/><V40/><F35/><W109/><G109/><T62/><D62/><U121/><E121/><V9/><F134/><W48/><G48/><T70/><D70/><AGARI ba="0,1" hai="29,30,68,69,70" m="51785,46111,5738" machi="70" ten="30,7700,0" yaku="20,1,52,3" doraHai="108,129" who="1" fromWho="0" sc="272,-77,244,87,247,0,227,0" owari="195,-30.0,331,42.0,247,5.0,227,-17.0" /></mjloggm>