<mjloggm ver="2.3"><GO type="97" lobby="0"/><UN n0="%78%E3%82%89%E2%86%92%E3%81%8F%78" n1="%E9%A0%85%E7%BE%BD%E3%81%A8%55%46%4F" n2="%6B%69%6E%6E%74%79%6F%75" n3="%E5%B0%B1%E6%B4%BB%E7%94%9F%40%E5%B7%9D%E6%9D%91%E8%BB%8D%E5%9B%A3" dan="14,15,14,14" rate="1893.73,1979.45,1961.72,1959.19" sx="M,M,M,M"/><TAIKYOKU oya="0"/><INIT seed="0,0,0,0,5,52" ten="250,250,250,250" oya="0" hai0="15,2,70,31,101,64,37,115,120,61,110,81,134" hai1="21,47,36,58,17,92,103,26,117,50,45,43,68" hai2="84,13,7,56,85,16,100,51,6,49,12,129,27" hai3="35,53,18,94,40,133,114,99,124,116,79,123,41"/><T59/><D115/><U9/><E68/><V38/><F38/><W75/><G114/><T128/><D120/><U62/><E117/><V4/><F129/><W122/><G35/><T106/><D128/><U8/><E103/><V119/><F100/><W63/><G116/><T55/><D2/><U88/><E36/><V69/><F69/><W130/><G130/><T71/><D134/><U80/><E80/><V46/><F119/><W72/><G124/><T0/><D0/><U83/><E83/><V131/><F131/><W20/><G133/><T90/><D37/><U127/><E45/><V121/><F121/><N who="3" m="46091" /><G79/><T30/><D110/><U118/><E118/><V74/><F74/><N who="3" m="28203" /><G53/><T29/><D106/><U33/><E33/><V98/><F98/><W28/><G63/><T10/><D101/><U82/><E82/><V112/><F112/><W24/><G18/><T11/><D71/><U125/><E125/><V5/><F27/><W77/><G77/><T135/><D135/><U14/><E127/><V60/><F46/><W32/><G32/><T87/><REACH who="0" step="1"/><D15/><REACH who="0" ten="240,250,250,250" step="2"/><U54/><E14/><V126/><F12/><W132/><G132/><T93/><D93/><U44/><E44/><V109/><F109/><W25/><G25/><T96/><D96/><AGARI ba="0,1" hai="8,9,17,21,26,43,47,50,54,58,62,88,92,96" machi="96" ten="30,12000,2" yaku="7,1,25,2,8,1,52,1,54,1" doraHai="52" who="1" fromWho="0" sc="240,-120,250,130,250,0,250,0" /><INIT seed="1,0,0,0,2,23" ten="120,380,250,250" oya="1" hai0="62,100,34,64,76,89,26,13,77,130,102,30,57" hai1="27,109,21,2,71,54,114,84,99,49,131,87,122" hai2="18,96,70,52,116,107,3,39,44,45,31,86,33" hai3="104,38,69,1,134,56,61,47,85,68,63,5,93"/><U12/><E114/><V72/><F116/><W25/><G104/><T79/><D130/><U53/><E122/><V126/><F72/><W22/><G134/><T65/><D65/><U42/><E131/><V106/><F70/><W110/><G110/><T11/><REACH who="0" step="1"/><D89/><REACH who="0" ten="110,380,250,250" step="2"/><U28/><E109/><V67/><F67/><W115/><G115/><T103/><D103/><U24/><E71/><V10/><F126/><W82/><G69/><T19/><AGARI ba="0,1" hai="11,13,19,26,30,34,57,62,64,76,77,79,100,102" machi="19" ten="30,4000,0" yaku="1,1,0,1,52,1,53,0" doraHai="23" doraHaiUra="48" who="0" fromWho="0" sc="110,50,380,-20,250,-10,250,-10" /><INIT seed="2,0,0,5,5,5" ten="160,360,240,240" oya="2" hai0="6,0,11,112,119,65,21,131,55,38,121,125,120" hai1="51,2,86,96,22,123,42,71,4,53,61,19,17" hai2="69,98,12,93,91,49,52,48,36,126,116,45,56" hai3="66,28,58,16,107,8,100,104,85,70,32,132,109"/><V113/><F116/><W79/><G132/><T77/><D38/><U134/><E123/><N who="0" m="47177" /><D77/><U118/><E134/><V18/><F113/><W128/><G128/><T89/><D65/><U20/><E118/><V9/><F36/><W99/><G109/><T102/><D102/><U68/><E42/><V124/><REACH who="2" step="1"/><F69/><REACH who="2" ten="160,360,230,240" step="2"/><W35/><G70/><T62/><D119/><U135/><E71/><V94/><F94/><W129/><G107/><T13/><D112/><U105/><E105/><V80/><F80/><W72/><G104/><T114/><D114/><U27/><E68/><V26/><F26/><W106/><G106/><T10/><D131/><U78/><E27/><V76/><F76/><W15/><G129/><T37/><D37/><U97/><E78/><V73/><F73/><W81/><G72/><T29/><D125/><U122/><E135/><V34/><F34/><W57/><G35/><T101/><D101/><U54/><E122/><V90/><F90/><W44/><G81/><T108/><D89/><U117/><E117/><V50/><F50/><W115/><G79/><T111/><D108/><U110/><E51/><V60/><F60/><W64/><G115/><T25/><D111/><U59/><E61/><V92/><F92/><W130/><G32/><T82/><D82/><U31/><E110/><V23/><F23/><W67/><G100/><T24/><D62/><U133/><E22/><V83/><F83/><W39/><G39/><T103/><D103/><U30/><E133/><V87/><F87/><W14/><G85/><T3/><D25/><N who="1" m="16679" /><E86/><V33/><F33/><W43/><G130/><RYUUKYOKU ba="0,1" sc="160,-10,360,-10,230,30,240,-10" hai2="9,12,18,45,48,49,52,56,91,93,98,124,126" /><INIT seed="2,1,1,5,3,129" ten="150,350,260,230" oya="2" hai0="39,50,85,6,15,83,5,24,71,48,36,77,67" hai1="117,3,95,111,55,94,23,29,125,90,72,107,37" hai2="44,76,42,14,1,53,64,86,123,118,120,41,124" hai3="70,103,47,122,18,60,32,133,113,21,73,58,57"/><V78/><F118/><W65/><G32/><T81/><D67/><U20/><E107/><V97/><F1/><W101/><G73/><T109/><D109/><U0/><E111/><V30/><F124/><W31/><G122/><T134/><D71/><U128/><E125/><V66/><F30/><W89/><G113/><T17/><D24/><U8/><E128/><V91/><F97/><W35/><G35/><T92/><D92/><U43/><E72/><V80/><F123/><W110/><G31/><T51/><D36/><U26/><E55/><V82/><F120/><W52/><G110/><T7/><D39/><U4/><E94/><V22/><F53/><W132/><G89/><T93/><D93/><U108/><E108/><V56/><F56/><W87/><G87/><T105/><D105/><U126/><E126/><V62/><F62/><W61/><G47/><T33/><D33/><U130/><E23/><V69/><F69/><W54/><G65/><N who="2" m="25193" /><F44/><W74/><G74/><T38/><D38/><U88/><E3/><V16/><F82/><W114/><G70/><T104/><D104/><U27/><E117/><V25/><F25/><W75/><G75/><T28/><D28/><U19/><E27/><V34/><F34/><W127/><G114/><T49/><D83/><U112/><E112/><V2/><F2/><W98/><G127/><T115/><N who="0" m="12800" /><DORA hai="9" /><T10/><REACH who="0" step="1"/><D115/><REACH who="0" ten="140,350,260,230" step="2"/><U59/><E29/><V131/><F131/><W119/><G119/><T135/><AGARI ba="1,2" hai="5,6,7,10,15,17,77,81,85,134,135" m="12800" machi="135" ten="50,16000,3" yaku="1,1,2,1,0,1,52,3,53,4" doraHai="129,9" doraHaiUra="46,68" who="0" fromWho="0" sc="140,183,350,-41,260,-81,230,-41" /><INIT seed="3,0,0,5,3,56" ten="323,309,179,189" oya="3" hai0="43,131,44,116,37,95,132,66,123,71,14,26,45" hai1="27,8,87,6,31,78,19,92,18,48,35,33,135" hai2="29,22,119,10,91,5,46,103,117,106,7,34,57" hai3="25,133,98,118,113,97,42,11,40,28,24,74,114"/><W108/><G118/><T3/><D131/><U13/><E135/><V82/><F34/><W21/><G74/><T63/><D132/><U86/><E35/><V49/><F117/><W59/><G133/><T76/><D3/><U79/><E48/><V130/><F106/><W39/><G108/><T32/><D123/><U128/><E128/><V54/><F119/><W109/><G109/><T61/><D76/><U77/><E92/><V17/><F130/><W51/><G39/><T55/><D95/><U121/><E121/><V134/><F134/><W68/><G68/><T62/><D14/><U107/><E107/><V83/><F103/><W110/><G110/><T90/><D90/><U38/><E38/><V105/><F105/><W115/><G11/><T69/><D26/><U73/><E73/><V126/><F126/><W16/><G42/><N who="0" m="22607" /><D32/><U111/><E111/><V94/><F29/><W102/><G102/><T120/><D116/><U64/><E64/><V41/><F10/><W101/><G101/><T124/><D120/><U96/><E96/><N who="2" m="57439" /><F7/><W53/><REACH who="3" step="1"/><G40/><REACH who="3" ten="323,309,179,179" step="2"/><T122/><D122/><U1/><E19/><V129/><F5/><W88/><G88/><T112/><D124/><U58/><E78/><V15/><F129/><W52/><G52/><T65/><D55/><U47/><E77/><V4/><F4/><W12/><G12/><T2/><D71/><U81/><E79/><V100/><F100/><W36/><G36/><T127/><D69/><U80/><E13/><V89/><F89/><W93/><G93/><T23/><D127/><U125/><E125/><V84/><F84/><RYUUKYOKU ba="0,1" sc="323,-15,309,-15,179,15,179,15" hai2="15,17,22,41,46,49,54,57,82,83" hai3="16,21,24,25,28,51,53,59,97,98,113,114,115" /><INIT seed="3,1,1,5,5,118" ten="308,294,194,194" oya="3" hai0="130,71,14,24,123,121,42,40,114,69,87,49,105" hai1="41,67,82,5,101,34,77,13,62,83,33,0,128" hai2="56,99,8,20,43,97,76,116,72,108,25,85,27" hai3="81,48,134,107,125,30,89,31,111,117,96,126,22"/><W95/><G117/><T102/><D130/><U88/><E128/><V6/><F116/><W51/><G134/><T38/><D38/><U35/><E101/><V80/><F72/><W135/><G135/><T52/><D105/><U103/><E103/><V57/><F108/><W18/><G111/><T122/><D102/><U98/><E0/><V119/><F119/><W66/><G107/><T11/><D87/><U2/><E2/><V63/><F43/><N who="0" m="16426" /><D24/><N who="2" m="9290" /><F20/><W129/><G66/><T90/><D90/><U3/><E41/><V55/><F57/><W36/><G36/><T73/><D14/><AGARI ba="1,1" hai="6,8,14,55,56,63,76,80,85,97,99" m="9290" machi="14" ten="30,1000,0" yaku="8,1" doraHai="118" who="2" fromWho="0" sc="308,-13,294,0,194,23,194,0" /><INIT seed="4,0,0,0,0,84" ten="295,294,217,194" oya="0" hai0="75,90,1,128,88,44,28,131,89,59,101,106,16" hai1="104,49,2,5,66,38,127,110,102,100,25,133,93" hai2="30,126,57,53,96,79,98,132,81,135,7,39,56" hai3="47,70,91,8,41,40,69,54,123,118,0,80,117"/><T18/><D1/><U23/><E110/><V112/><F39/><W95/><G123/><T82/><D28/><U19/><E38/><V72/><F112/><W99/><G117/><T130/><D59/><U121/><E121/><V87/><F7/><W77/><G118/><T50/><D101/><U9/><E104/><V63/><F30/><W24/><G24/><T68/><D106/><U71/><E127/><V32/><F126/><W26/><G26/><T107/><D107/><U42/><E133/><N who="2" m="51275" /><F32/><W31/><G31/><T12/><D68/><U48/><E71/><V4/><F4/><W105/><G105/><T103/><D103/><U15/><E66/><N who="2" m="39271" /><F72/><W129/><G129/><T67/><D67/><U10/><E93/><V20/><F20/><W29/><G29/><T3/><D3/><U125/><E125/><V37/><F37/><W45/><G54/><N who="0" m="30023" /><D12/><N who="1" m="7567" /><E2/><V22/><F22/><W122/><G122/><T55/><D55/><U92/><E42/><V113/><F113/><W119/><G119/><T116/><D116/><U27/><E27/><V97/><F97/><W134/><G134/><T61/><D61/><AGARI ba="0,0" hai="53,57,61,79,81,87,96,98" m="39271,51275" machi="61" ten="30,1000,0" yaku="20,1" doraHai="84" who="2" fromWho="0" sc="295,-10,294,0,217,10,194,0" /><INIT seed="5,0,0,3,3,65" ten="285,294,227,194" oya="1" hai0="59,48,39,125,90,67,72,60,102,83,82,68,41" hai1="130,122,133,134,61,114,101,110,29,105,76,4,77" hai2="64,54,95,108,131,2,49,55,57,121,84,128,85" hai3="135,93,6,109,11,103,62,17,124,36,38,5,23"/><U42/><E122/><V120/><F2/><W1/><G124/><T30/><D125/><U70/><E110/><V127/><F127/><W117/><G109/><T92/><D102/><U118/><E118/><V74/><F74/><W89/><G117/><T37/><D30/><U58/><E70/><V100/><F108/><W80/><G135/><N who="1" m="51722" /><E114/><V3/><F3/><W113/><G113/><T53/><D72/><U116/><E116/><V28/><F28/><W123/><G6/><T43/><D43/><U51/><E130/><N who="2" m="49707" /><F64/><W27/><G123/><N who="2" m="47177" /><F55/><W129/><G129/><T50/><D50/><U112/><E112/><V79/><F79/><W31/><G103/><T8/><D8/><U63/><E29/><V20/><F20/><W94/><G94/><T56/><D56/><U22/><E22/><V18/><F18/><W111/><G80/><T40/><D40/><U12/><E105/><V88/><F100/><W13/><G111/><T52/><D53/><N who="1" m="32063" /><E101/><V14/><F14/><W97/><REACH who="3" step="1"/><G62/><REACH who="3" ten="285,294,227,184" step="2"/><T106/><D106/><U24/><E63/><V91/><F91/><W98/><G98/><AGARI ba="0,1" hai="49,54,57,84,85,88,95,98" m="47177,49707" machi="98" ten="30,2000,0" yaku="19,1,54,1" doraHai="65" who="2" fromWho="3" sc="285,0,294,0,227,30,184,-20" /><INIT seed="6,0,0,1,3,26" ten="285,294,257,164" oya="2" hai0="119,115,110,101,18,19,114,126,82,107,30,1,134" hai1="50,99,84,34,42,113,102,79,55,117,66,112,57" hai2="16,60,72,130,13,96,43,54,68,121,98,4,36" hai3="14,25,21,81,109,91,111,73,24,8,118,106,22"/><V28/><F121/><W40/><G106/><T45/><D110/><U88/><E117/><V100/><F72/><W87/><G118/><T56/><D119/><U7/><E34/><V5/><F130/><W83/><G40/><T67/><D1/><U74/><E7/><V3/><F3/><W70/><G70/><T116/><D116/><U132/><E132/><V108/><F108/><W90/><G109/><T89/><D134/><U20/><E20/><V15/><F28/><W58/><G111/><T53/><D126/><U11/><E11/><N who="2" m="6207" /><F68/><W76/><G58/><T93/><D82/><N who="1" m="45431" /><E66/><V124/><F43/><W10/><G90/><T94/><D107/><N who="1" m="63967" /><E42/><V37/><F37/><W31/><REACH who="3" step="1"/><G14/><REACH who="3" ten="285,294,257,154" step="2"/><T59/><D59/><U69/><E69/><V62/><F15/><W103/><G103/><T49/><D101/><U80/><E57/><N who="2" m="34871" /><F124/><W95/><G95/><T127/><D94/><N who="1" m="54535" /><E55/><V135/><F135/><W29/><AGARI ba="0,1" hai="8,10,21,22,24,25,29,31,73,76,81,83,87,91" machi="29" ten="20,12000,2" yaku="1,1,0,1,7,1,9,1,52,2,53,0" doraHai="26" doraHaiUra="123" who="3" fromWho="3" sc="285,-30,294,-30,257,-60,154,130" /><INIT seed="7,0,0,2,2,54" ten="255,264,197,284" oya="3" hai0="6,75,121,71,123,63,40,127,84,74,11,9,1" hai1="59,103,43,4,16,55,26,132,134,24,117,91,69" hai2="115,60,36,25,100,20,35,23,15,85,79,126,19" hai3="135,33,90,120,114,49,58,112,73,10,105,129,128"/><W83/><G105/><T14/><D40/><U110/><E110/><V64/><F36/><W62/><G33/><T37/><D37/><U13/><E69/><V32/><F115/><N who="3" m="44075" /><G120/><T67/><D127/><U12/><E117/><V86/><F126/><W65/><G135/><N who="1" m="51754" /><E103/><V53/><F100/><W38/><G38/><T95/><D95/><U118/><E43/><V82/><F53/><N who="3" m="32047" /><G10/><T99/><D84/><U111/><E111/><V3/><F86/><N who="3" m="50527" /><G73/><T88/><D75/><U92/><E118/><V29/><REACH who="2" step="1"/><F3/><REACH who="2" ten="255,264,187,284" step="2"/><W27/><G27/><T77/><D1/><U47/><E26/><V56/><AGARI ba="0,1" hai="15,19,20,23,25,29,32,35,56,60,64,79,82,85" machi="56" ten="20,12000,2" yaku="1,1,2,1,0,1,7,1,52,1,53,1" doraHai="54" doraHaiUra="57" who="2" fromWho="2" sc="255,-30,264,-30,187,130,284,-60" owari="225,-17.0,234,3.0,317,42.0,224,-28.0" /></mjloggm>