<mjloggm ver="2.3"><GO type="41" lobby="0"/><UN n0="%EF%BD%8C%59%41%53%55%EF%BD%8C" n1="%E5%87%B1%E7%AB%A0" n2="%74%2E%61%2E%6B%2E" n3="%E5%B0%B1%E6%B4%BB%E7%94%9F%40%E5%B7%9D%E6%9D%91%E8%BB%8D%E5%9B%A3" dan="13,15,15,15" rate="1861.95,2063.19,2030.22,2005.79" sx="M,M,M,M"/><TAIKYOKU oya="0"/><INIT seed="0,0,0,1,0,131" ten="250,250,250,250" oya="0" hai0="124,97,29,24,109,103,123,30,71,53,107,83,37" hai1="81,100,67,56,11,59,22,26,45,0,95,16,52" hai2="125,102,77,48,63,51,57,14,5,44,89,104,111" hai3="92,21,18,106,15,98,128,76,72,93,28,49,75"/><T90/><D123/><U13/><E0/><V78/><F111/><W61/><G128/><T12/><D109/><U50/><E67/><V27/><F125/><W10/><G106/><T129/><D129/><U66/><E66/><V135/><F102/><W25/><G93/><T114/><D114/><U60/><E60/><V113/><F104/><W17/><G76/><T86/><D124/><U58/><E81/><V64/><F27/><W4/><G72/><T33/><D30/><U39/><E39/><V47/><F113/><W36/><G36/><T68/><D37/><U108/><E108/><V117/><F117/><W130/><G75/><T134/><D134/><U3/><E3/><V8/><F89/><W1/><G130/><T96/><D96/><U121/><E121/><V127/><F135/><W94/><G94/><T31/><D31/><U126/><E126/><V85/><F127/><W62/><G49/><N who="2" m="19017" /><F85/><W73/><G73/><T70/><D53/><U105/><E105/><V32/><F32/><W20/><REACH who="3" step="1"/><G18/><REACH who="3" ten="250,250,250,240" step="2"/><T7/><D7/><U116/><E116/><V42/><F42/><W120/><G120/><T41/><D41/><U43/><E95/><V133/><F78/><W119/><G119/><T19/><REACH who="0" step="1"/><D71/><REACH who="0" ten="240,250,250,240" step="2"/><U74/><E43/><V69/><F69/><W34/><G34/><T132/><D132/><U101/><E74/><V84/><F133/><W40/><G40/><T88/><D88/><AGARI ba="0,2" hai="1,4,10,15,17,20,21,25,28,61,62,88,92,98" machi="88" ten="30,3900,0" yaku="1,1,7,1,54,1,53,0" doraHai="131" doraHaiUra="122" who="3" fromWho="0" sc="240,-39,250,0,250,0,240,59" /><INIT seed="1,0,0,2,4,124" ten="201,250,250,299" oya="1" hai0="114,122,84,11,36,16,67,128,76,20,29,10,13" hai1="74,49,39,27,72,8,31,125,121,64,85,73,130" hai2="108,46,3,32,113,41,43,115,37,51,5,40,118" hai3="123,12,99,55,119,21,66,105,70,22,98,50,87"/><U93/><E121/><V38/><F32/><W132/><G119/><T30/><D122/><U131/><E39/><N who="2" m="14859" /><F5/><W104/><G123/><T68/><D36/><U2/><E125/><V97/><F97/><W77/><G132/><T57/><D68/><U45/><E64/><V111/><F3/><W126/><G126/><T102/><D114/><N who="2" m="43530" /><F118/><W23/><G70/><T82/><D102/><U94/><E8/><N who="0" m="3113" /><D128/><N who="1" m="49195" /><E2/><V1/><F1/><W62/><G12/><T100/><D100/><U89/><E93/><V24/><F24/><W103/><G77/><T79/><D79/><U117/><E117/><V7/><F7/><W101/><G87/><T78/><D78/><U19/><E19/><V69/><F69/><W58/><REACH who="3" step="1"/><G50/><REACH who="3" ten="201,250,250,289" step="2"/><T48/><D48/><U80/><E80/><V9/><F9/><W71/><G71/><T35/><D35/><N who="1" m="20991" /><E74/><V91/><F91/><W28/><G28/><T96/><D30/><U53/><AGARI ba="0,1" hai="45,49,53,72,73,85,89,94" m="20991,49195" machi="53" ten="30,11700,0" yaku="19,1,52,3" doraHai="124" who="1" fromWho="1" sc="201,-39,250,127,250,-39,289,-39" /><INIT seed="1,1,0,0,4,70" ten="162,377,211,250" oya="1" hai0="123,5,32,92,80,13,1,48,8,28,91,118,16" hai1="79,133,97,67,134,61,55,26,77,69,49,36,105" hai2="62,86,41,4,19,64,124,27,17,76,116,29,60" hai3="59,0,84,40,21,12,18,96,58,42,99,125,87"/><U11/><E26/><V122/><F116/><W106/><G0/><T68/><D118/><U50/><E11/><V44/><F122/><W56/><G125/><T24/><D123/><U73/><E97/><V10/><F124/><W74/><G74/><T115/><D68/><U119/><E105/><V113/><F113/><W23/><G106/><T104/><D104/><U63/><E119/><V100/><F100/><W51/><G51/><N who="1" m="19466" /><E73/><V127/><F127/><W83/><G23/><N who="0" m="11663" /><D115/><U46/><E77/><V132/><F132/><N who="1" m="50793" /><E79/><V89/><F76/><W95/><G96/><N who="0" m="57375" /><D48/><N who="1" m="29079" /><E61/><V72/><F60/><W14/><G14/><T117/><D117/><U82/><E82/><AGARI ba="1,0" hai="1,5,8,24,28,32,80,82" m="57375,11663" machi="82" ten="30,2000,0" yaku="24,1,54,1" doraHai="70" who="0" fromWho="1" sc="162,23,377,-23,211,0,250,0" /><INIT seed="2,0,0,1,3,41" ten="185,354,211,250" oya="2" hai0="15,91,37,129,65,36,122,108,95,128,102,3,1" hai1="56,71,57,93,126,42,111,51,83,43,123,20,50" hai2="70,26,18,109,52,101,25,17,8,79,80,114,73" hai3="87,5,6,72,131,124,96,13,88,100,110,86,60"/><V64/><F114/><W55/><G72/><T11/><D122/><U82/><E71/><V28/><F101/><W59/><G110/><T21/><D108/><U61/><E111/><V130/><F130/><N who="0" m="50282" /><D102/><U132/><E123/><V7/><F109/><W39/><G124/><T107/><D107/><U97/><E126/><V16/><F64/><W119/><G119/><T90/><D65/><U81/><E132/><V99/><F70/><W10/><G131/><T117/><D117/><U45/><E20/><V23/><F99/><W66/><G39/><N who="0" m="14923" /><D21/><U118/><E118/><V63/><F26/><W53/><G87/><N who="0" m="52703" /><D91/><N who="1" m="55487" /><E61/><V49/><F63/><W32/><G32/><T89/><D89/><U69/><E69/><V76/><F79/><W127/><G127/><T116/><D116/><U115/><E115/><V75/><F75/><W62/><G62/><T74/><D74/><U4/><E4/><AGARI ba="0,0" hai="1,3,4,11,15" m="52703,14923,50282" machi="4" ten="30,1000,0" yaku="19,1" doraHai="41" who="0" fromWho="1" sc="185,10,354,-10,211,0,250,0" /><INIT seed="3,0,0,5,3,58" ten="195,344,211,250" oya="3" hai0="55,2,16,4,57,50,5,95,80,84,96,81,71" hai1="53,39,77,76,67,28,91,41,33,123,90,7,131" hai2="56,75,108,68,118,74,72,38,78,94,44,45,114" hai3="64,25,15,99,116,101,121,9,135,100,35,70,37"/><W119/><G121/><T6/><D2/><U98/><E123/><V122/><F122/><W107/><G37/><T103/><D71/><U36/><E7/><V20/><F114/><W133/><G101/><T85/><D85/><U132/><E131/><V40/><F118/><W22/><G70/><T29/><D29/><U111/><E132/><N who="3" m="50762" /><G35/><T49/><D49/><U23/><E33/><V93/><F68/><W82/><G64/><T128/><D128/><U17/><E67/><V18/><F108/><W3/><G3/><T32/><D32/><U12/><E28/><V97/><F45/><W30/><G82/><T106/><D106/><U10/><E39/><V0/><F0/><W113/><G113/><T62/><D50/><U110/><E111/><V43/><F43/><W26/><G26/><T24/><D84/><U124/><E124/><V8/><F78/><W83/><G83/><T102/><D102/><U34/><E34/><V60/><F93/><W92/><G107/><T88/><D103/><U120/><E120/><V1/><F1/><W104/><G104/><T54/><D54/><U63/><E110/><V87/><F75/><W51/><G51/><T69/><D69/><U109/><E36/><V105/><F74/><W89/><G100/><T127/><D127/><U31/><E41/><V21/><F72/><W52/><G52/><T134/><D134/><U117/><E109/><V46/><F40/><W59/><G59/><T42/><D42/><U125/><E125/><V79/><F38/><W115/><G115/><T61/><D61/><U47/><E63/><V27/><F60/><RYUUKYOKU ba="0,0" sc="195,15,344,-15,211,-15,250,15" hai0="4,5,6,16,24,55,57,62,80,81,88,95,96" hai3="9,15,22,25,30,89,92,99,116,119" /><INIT seed="3,1,0,1,5,53" ten="210,329,196,265" oya="3" hai0="49,1,29,109,84,58,74,88,113,105,135,37,47" hai1="57,31,81,121,41,97,28,3,91,128,36,80,131" hai2="59,17,112,94,20,79,42,34,87,15,51,16,55" hai3="132,82,122,102,106,62,11,73,65,14,25,133,116"/><W123/><G106/><T75/><D109/><U99/><E3/><V70/><F70/><W77/><G102/><T10/><D105/><U111/><E121/><V0/><F0/><W64/><G116/><T104/><D104/><U114/><E114/><V7/><F34/><W6/><G25/><T61/><D113/><U46/><E111/><V39/><F112/><W83/><G83/><N who="1" m="31818" /><E57/><V95/><F79/><W27/><G27/><T12/><D135/><N who="3" m="51785" /><G65/><T48/><D37/><U21/><E21/><V129/><F129/><N who="1" m="49737" /><E91/><V30/><F30/><AGARI ba="1,0" hai="28,30,31,36,41,46,97,99" m="49737,31818" machi="30" ten="30,1000,0" yaku="19,1" doraHai="53" who="1" fromWho="2" sc="210,0,329,13,196,-13,265,0" /><INIT seed="4,0,0,1,5,9" ten="210,342,183,265" oya="0" hai0="51,96,80,108,66,122,56,109,28,16,113,85,104" hai1="125,110,0,105,111,47,63,132,58,27,12,24,78" hai2="84,23,115,79,19,86,64,30,116,106,25,31,49" hai3="74,52,72,45,44,94,6,90,11,26,87,48,1"/><T17/><D122/><U120/><E105/><V41/><F106/><W133/><G133/><T77/><D113/><U130/><E78/><V92/><F115/><W121/><G121/><T32/><D32/><U8/><E0/><V22/><F64/><W7/><G7/><T54/><D28/><U53/><E120/><V35/><F116/><W21/><REACH who="3" step="1"/><G45/><REACH who="3" ten="210,342,183,255" step="2"/><T36/><D36/><U129/><E132/><V112/><F112/><W61/><G61/><T81/><D108/><U107/><E47/><V71/><F35/><W76/><G76/><T13/><D109/><U97/><E110/><V127/><F127/><W29/><AGARI ba="0,1" hai="1,6,11,21,26,29,44,48,52,72,74,87,90,94" machi="29" ten="20,8000,1" yaku="1,1,0,1,7,1,54,1,53,1" doraHai="9" doraHaiUra="33" who="3" fromWho="3" sc="210,-40,342,-20,183,-20,255,90" /><INIT seed="5,0,0,5,3,53" ten="170,322,163,345" oya="1" hai0="25,29,2,75,93,97,84,18,16,131,108,72,24" hai1="33,64,121,42,118,122,5,52,74,102,17,27,129" hai2="96,104,59,125,35,19,61,107,92,88,128,4,39" hai3="133,115,116,37,76,21,54,31,26,134,81,127,20"/><U124/><E74/><V111/><F111/><W77/><G37/><T117/><D2/><U58/><E118/><V9/><F39/><W41/><G116/><T23/><D108/><U36/><E64/><V22/><F35/><W7/><G41/><T135/><D117/><U70/><E70/><V6/><F128/><W126/><G7/><T73/><D135/><N who="3" m="51721" /><G115/><T55/><D131/><U68/><E68/><V120/><F125/><N who="3" m="47627" /><G54/><T60/><D84/><U11/><E129/><V82/><F82/><W83/><G21/><T38/><D38/><U47/><E102/><V95/><F95/><W89/><G83/><T66/><D55/><U63/><E124/><V86/><F86/><AGARI ba="0,0" hai="20,26,31,76,77,81,86,89" m="47627,51721" machi="86" ten="30,2000,0" yaku="20,1,18,1" doraHai="53" who="3" fromWho="2" sc="170,0,322,0,163,-20,345,20" /><INIT seed="6,0,0,3,3,27" ten="170,322,143,365" oya="2" hai0="7,78,49,107,1,95,75,82,85,4,111,28,98" hai1="5,90,33,67,100,106,134,102,131,135,108,124,19" hai2="71,52,50,25,116,9,61,132,109,57,73,29,53" hai3="20,129,123,127,86,65,17,70,119,130,23,121,72"/><V69/><F73/><W110/><G72/><T120/><D120/><N who="3" m="46153" /><G70/><T126/><D126/><U22/><E5/><V83/><F116/><W60/><G119/><T114/><D114/><U21/><E67/><V2/><F109/><W97/><G97/><T44/><D111/><U62/><E33/><V16/><F132/><N who="1" m="50729" /><E62/><V41/><F41/><W46/><G46/><T101/><D1/><U93/><E108/><V112/><F112/><W31/><G86/><T118/><D118/><U15/><E106/><V91/><F91/><W47/><G47/><T40/><D28/><U92/><E124/><V113/><F113/><W103/><G103/><N who="1" m="39466" /><E131/><N who="3" m="50186" /><G60/><T81/><REACH who="0" step="1"/><D81/><REACH who="0" ten="160,322,143,365" step="2"/><U37/><E37/><V26/><F83/><W54/><G31/><T0/><D0/><U96/><E92/><V38/><F2/><W55/><G127/><T51/><D51/><U84/><E96/><V43/><F38/><W30/><G110/><T88/><AGARI ba="0,1" hai="4,7,40,44,49,75,78,82,85,88,95,98,101,107" machi="88" ten="30,12000,2" yaku="1,1,0,1,24,2,54,1,53,1" doraHai="27" doraHaiUra="39" who="0" fromWho="0" sc="160,130,322,-30,143,-60,365,-30" /><INIT seed="7,0,0,1,2,83" ten="290,292,83,335" oya="3" hai0="59,49,72,95,12,87,111,65,6,107,78,51,31" hai1="81,102,23,38,54,14,57,29,58,99,130,50,75" hai2="110,71,132,76,15,19,80,53,40,73,1,120,109" hai3="68,27,82,33,118,32,39,94,36,108,2,115,128"/><W105/><RYUUKYOKU type="yao9" ba="0,0" sc="290,0,292,0,83,0,335,0" hai3="2,27,32,33,36,39,68,82,94,105,108,115,118,128" /><INIT seed="7,1,0,0,4,78" ten="290,292,83,335" oya="3" hai0="71,91,66,103,4,43,19,7,38,10,24,131,51" hai1="30,72,123,125,128,18,80,6,119,15,34,1,40" hai2="96,32,83,59,73,133,37,112,101,49,102,33,115" hai3="97,41,11,118,134,113,86,28,81,127,107,64,117"/><W124/><G41/><T98/><D38/><U114/><E123/><V58/><F49/><W27/><G11/><T20/><D131/><U99/><E128/><V8/><F8/><W108/><G64/><T14/><D91/><U62/><E119/><V95/><F95/><W79/><G113/><T23/><D71/><U109/><E109/><V60/><F60/><W116/><G108/><T110/><D110/><U21/><E114/><V39/><F96/><W84/><G134/><T5/><D66/><U46/><E62/><V92/><F92/><W50/><G50/><T76/><D76/><N who="1" m="44039" /><E99/><V42/><F42/><W104/><G86/><T67/><D67/><U88/><E125/><N who="3" m="48202" /><G97/><T77/><D77/><U35/><E88/><V3/><F3/><W82/><G82/><T2/><D51/><U56/><E56/><V120/><F120/><W74/><G74/><T54/><D54/><U69/><E30/><V87/><F87/><W105/><G105/><T9/><D43/><U130/><E69/><V25/><F25/><W0/><G0/><N who="0" m="135" /><D103/><U106/><E130/><V129/><F129/><W63/><G63/><T111/><D98/><U121/><E106/><V75/><REACH who="2" step="1"/><F133/><REACH who="2" ten="290,292,73,335" step="2"/><W135/><G135/><T55/><D111/><U85/><E121/><V93/><F93/><W16/><G118/><T100/><D100/><U68/><E85/><V126/><F126/><W29/><G117/><T89/><D89/><U12/><E68/><V70/><F70/><W57/><G116/><T22/><D55/><U13/><E40/><V94/><F94/><W90/><G84/><T53/><D53/><RYUUKYOKU ba="1,1" sc="290,15,292,-15,73,15,335,-15" hai0="2,5,7,10,14,19,20,22,23,24" hai2="32,33,37,39,58,59,73,75,83,101,102,112,115" owari="305,11.0,277,-12.0,88,-41.0,330,42.0" /></mjloggm>