<mjloggm ver="2.3"><GO type="169" lobby="0"/><UN n0="%46%75%72%75%79%61" n1="%43%52%41%5A%59%42%45%45" n2="%E3%82%BB%E3%82%A4%E3%83%90%E3%83%BC" n3="%E3%82%A6%E3%83%AB%E3%83%88%E3%83%A9%E7%AB%8B%E7%9B%B4" dan="16,17,16,16" rate="2130.76,2162.43,2069.01,2113.59" sx="M,M,F,M"/><TAIKYOKU oya="0"/><INIT seed="0,0,0,1,2,47" ten="250,250,250,250" oya="0" hai0="129,0,99,76,123,67,84,130,80,37,105,66,91" hai1="82,34,120,32,79,118,106,72,10,45,50,101,71" hai2="100,133,115,93,33,114,46,52,57,25,1,81,29" hai3="17,23,119,51,30,49,125,48,36,59,56,53,74"/><T28/><D37/><U107/><E120/><V69/><F1/><W64/><G74/><T104/><D0/><U7/><E118/><V6/><F69/><W116/><G30/><T13/><D28/><U19/><E71/><V3/><F133/><W24/><G36/><T18/><D123/><U21/><E106/><N who="0" m="41065" /><D99/><U89/><E89/><V87/><F46/><W12/><G125/><T97/><D97/><U109/><E101/><V126/><F93/><W78/><G78/><T8/><D91/><U43/><E107/><V110/><F100/><W35/><G35/><T54/><D54/><U132/><E132/><V88/><F126/><W2/><G2/><T61/><D61/><U38/><E38/><V85/><F85/><W68/><G68/><T26/><D26/><U124/><E124/><V94/><F94/><W11/><G119/><T111/><D111/><U55/><E55/><V92/><F92/><W117/><G117/><T90/><D90/><U73/><E109/><V95/><F95/><W44/><G116/><T22/><D8/><U75/><E10/><V4/><F110/><W70/><G70/><T77/><D77/><U128/><E79/><V112/><REACH who="2" step="1"/><F3/><REACH who="2" ten="250,250,240,250" step="2"/><W113/><G44/><T134/><D134/><U86/><E45/><V27/><F27/><W31/><G113/><T14/><D14/><U83/><E86/><V40/><F40/><W20/><G11/><T15/><D15/><U131/><E43/><V98/><F98/><W63/><AGARI ba="0,1" hai="12,17,20,23,24,31,48,49,51,53,56,59,63,64" machi="63" ten="30,8000,1" yaku="0,1,8,1,52,3" doraHai="47" who="3" fromWho="3" sc="250,-40,250,-20,240,-20,250,90" /><INIT seed="1,0,0,1,5,34" ten="210,230,220,340" oya="1" hai0="5,49,74,12,85,44,77,33,13,47,40,98,128" hai1="110,63,43,115,97,38,54,18,0,135,132,67,89" hai2="27,57,125,124,11,118,59,41,76,81,121,29,92" hai3="66,65,51,68,104,46,10,106,73,82,16,1,72"/><U8/><E115/><V91/><F118/><W79/><G73/><T103/><D128/><U37/><E54/><V112/><F121/><W35/><G35/><T134/><D134/><N who="1" m="51243" /><E43/><V88/><F41/><W127/><G127/><N who="2" m="48713" /><F11/><W96/><G96/><T15/><D33/><U48/><E48/><V3/><F3/><W129/><G129/><T14/><D74/><U58/><E110/><V24/><F112/><W56/><G56/><N who="2" m="21577" /><F29/><W30/><G30/><T119/><D119/><U95/><E18/><V61/><F61/><W6/><G16/><T64/><D64/><U111/><E111/><V7/><F7/><AGARI ba="0,0" hai="0,7,8,37,38,58,63,67,89,95,97" m="51243" machi="7" ten="30,2900,0" yaku="20,1,52,1" doraHai="34" who="1" fromWho="2" sc="210,0,230,29,220,-29,340,0" /><INIT seed="1,1,0,4,2,135" ten="210,259,191,340" oya="1" hai0="36,130,127,120,37,39,97,76,61,102,63,13,114" hai1="110,98,28,96,30,10,2,115,128,84,94,58,67" hai2="64,33,22,104,51,56,40,14,11,90,17,50,0" hai3="65,68,54,117,8,118,99,23,111,66,109,69,72"/><U60/><E115/><V93/><F33/><W100/><G72/><T89/><D114/><U133/><E133/><V126/><F104/><W134/><G23/><T35/><D130/><U7/><E128/><V70/><F70/><N who="3" m="27243" /><G8/><T38/><D35/><U131/><E131/><V27/><F0/><W34/><G34/><T132/><D132/><U46/><E84/><V71/><F71/><W18/><G18/><T86/><D120/><U103/><E110/><N who="3" m="41994" /><G134/><T25/><D76/><U9/><E10/><V74/><F74/><W122/><G122/><T113/><D113/><U47/><E98/><V80/><F80/><W59/><G100/><T6/><D25/><U73/><E73/><V32/><F32/><W101/><G101/><T31/><D31/><U5/><E5/><V15/><F15/><W106/><G99/><T105/><D6/><U91/><E103/><V43/><F14/><W82/><G106/><T129/><D13/><U45/><AGARI ba="1,0" hai="2,7,9,28,30,45,46,47,58,60,67,91,94,96" machi="45" ten="30,1500,0" yaku="0,1" doraHai="135" who="1" fromWho="1" sc="210,-6,259,18,191,-6,340,-6" /><INIT seed="1,2,0,5,4,94" ten="204,277,185,334" oya="1" hai0="39,0,24,34,18,133,12,111,120,10,49,87,70" hai1="102,115,117,5,19,56,48,21,15,101,52,60,109" hai2="114,27,43,83,51,22,78,37,108,40,106,89,130" hai3="72,88,42,105,110,98,99,79,17,61,7,20,14"/><U53/><E117/><V30/><F108/><W26/><G105/><T112/><D111/><U64/><E109/><V8/><F37/><W32/><G79/><T45/><D39/><U91/><E115/><V118/><F118/><W82/><G72/><T129/><D112/><U107/><E53/><V69/><F69/><W44/><G61/><T33/><D129/><U92/><E5/><V75/><F114/><W124/><G124/><T104/><D104/><U97/><REACH who="1" step="1"/><E107/><REACH who="1" ten="204,267,185,334" step="2"/><V81/><F106/><W47/><G110/><T122/><D122/><U31/><E31/><V36/><F130/><W63/><G7/><T135/><D120/><U55/><E55/><V6/><F40/><W127/><G127/><T128/><D128/><U100/><E100/><V11/><F6/><W1/><G42/><T80/><D135/><U66/><E66/><V4/><F4/><W121/><G121/><T57/><D133/><U73/><E73/><V58/><F43/><W68/><G1/><T41/><D0/><U74/><E74/><V131/><F131/><W13/><G44/><AGARI ba="2,1" hai="15,19,21,44,48,52,56,60,64,91,92,97,101,102" machi="44" ten="30,12000,1" yaku="1,1,7,1,8,1,52,1,54,1,53,0" doraHai="94" doraHaiUra="77" who="1" fromWho="3" sc="204,0,267,136,185,0,334,-126" /><INIT seed="1,3,0,2,4,122" ten="204,403,185,208" oya="1" hai0="56,39,104,95,3,17,61,81,26,27,7,53,25" hai1="114,76,110,48,16,74,88,106,72,63,28,10,22" hai2="60,4,9,66,130,73,92,121,134,19,109,96,79" hai3="35,46,12,131,99,112,97,77,124,132,101,23,83"/><U38/><E38/><V8/><F121/><W1/><G1/><T115/><D104/><U84/><E114/><V6/><F130/><W127/><G35/><T78/><D115/><U86/><E106/><V18/><F134/><W43/><G112/><T67/><D39/><U13/><E76/><V32/><F32/><W98/><G23/><T71/><D3/><U29/><E86/><V20/><F109/><W11/><G132/><T31/><D7/><N who="1" m="3295" /><E74/><V93/><F79/><W24/><G24/><T128/><D128/><U91/><E72/><V40/><F40/><W21/><G21/><T75/><D95/><N who="1" m="54663" /><E110/><V64/><F73/><W42/><G131/><T85/><D75/><U108/><E108/><V49/><F20/><W59/><G83/><T102/><D31/><U113/><E91/><V0/><F0/><W87/><G77/><T33/><D33/><U50/><E63/><V36/><F36/><W34/><G87/><T111/><D111/><U45/><E113/><V14/><F60/><W90/><G34/><T133/><D133/><U80/><E80/><V55/><F93/><W69/><G90/><T89/><D89/><U5/><E5/><V116/><F116/><W62/><G101/><T44/><D102/><U123/><E123/><V120/><F120/><W52/><G69/><T119/><D119/><U51/><E45/><N who="2" m="28079" /><F6/><N who="3" m="3191" /><G46/><T41/><D71/><U82/><E82/><V58/><F58/><W65/><G65/><N who="2" m="25193" /><F8/><W2/><G2/><T103/><D103/><AGARI ba="3,0" hai="4,9,14,18,19,92,96,103" m="25193,28079" machi="103" ten="30,1000,0" yaku="8,1" doraHai="122" who="2" fromWho="0" sc="204,-19,403,0,185,19,208,0" /><INIT seed="2,0,0,3,3,48" ten="185,403,204,208" oya="2" hai0="62,57,0,113,30,4,105,86,60,43,2,100,122" hai1="128,15,132,114,119,50,90,89,38,64,10,131,110" hai2="59,24,111,103,126,56,85,68,67,36,96,75,104" hai3="83,95,107,99,108,82,97,17,28,44,91,1,45"/><V116/><F75/><W58/><G1/><T37/><D113/><U61/><E38/><V134/><F116/><W21/><G28/><T9/><D122/><U78/><E114/><V51/><F36/><W92/><G107/><T19/><D2/><U29/><E110/><V8/><F8/><W118/><G118/><T42/><D30/><U133/><E78/><V39/><F39/><W76/><G58/><T20/><D37/><U117/><E29/><V65/><F24/><W16/><G108/><T129/><D129/><N who="1" m="49739" /><E50/><V35/><F35/><W112/><G112/><T120/><D60/><U40/><E40/><V77/><F126/><W88/><G76/><T84/><D120/><U127/><E119/><V31/><F134/><N who="1" m="51817" /><E127/><V23/><F111/><W74/><REACH who="3" step="1"/><G21/><REACH who="3" ten="185,403,204,198" step="2"/><T27/><D105/><U115/><E115/><V121/><F121/><W71/><G71/><T79/><D79/><U101/><E117/><V124/><F124/><W32/><G32/><T14/><D0/><U94/><E10/><V13/><F31/><W54/><G54/><T130/><D130/><U70/><E70/><V34/><F34/><W26/><G26/><T106/><D106/><U125/><E125/><V11/><F23/><W55/><G55/><T49/><D20/><U72/><E64/><V63/><F67/><W98/><G98/><T41/><D27/><U87/><E15/><V53/><F68/><W66/><G66/><T69/><D69/><U46/><E72/><AGARI ba="0,1" hai="16,17,44,45,72,74,82,83,88,91,92,95,97,99" machi="72" ten="25,8000,1" yaku="1,1,22,2,54,2,53,0" doraHai="48" doraHaiUra="73" who="3" fromWho="1" sc="185,0,403,-80,204,0,198,90" /><INIT seed="3,0,0,0,5,13" ten="185,323,204,288" oya="3" hai0="81,50,43,4,74,57,102,105,22,15,97,114,1" hai1="29,128,34,94,58,30,77,61,129,46,62,17,31" hai2="7,82,25,96,87,126,68,55,107,16,47,124,121" hai3="108,103,118,18,59,39,125,84,9,104,26,85,10"/><W60/><G39/><T63/><D114/><U32/><E77/><V70/><F7/><W54/><G118/><T122/><D122/><U53/><E94/><V123/><F47/><W72/><G72/><T135/><D135/><U5/><E5/><V6/><F55/><W111/><G125/><N who="2" m="48233" /><F6/><W11/><G103/><T86/><D74/><U51/><E17/><V48/><F48/><W24/><G104/><T75/><D75/><U33/><REACH who="1" step="1"/><E62/><REACH who="1" ten="185,313,204,288" step="2"/><V73/><F73/><W42/><G18/><T131/><D4/><U117/><E117/><V0/><F0/><W49/><G60/><T69/><D1/><U113/><E113/><V79/><F107/><W19/><G19/><T132/><D63/><U64/><AGARI ba="0,1" hai="29,30,31,32,33,34,46,51,53,58,61,64,128,129" machi="64" ten="40,8000,1" yaku="1,1,0,1,53,3" doraHai="13" doraHaiUra="27" who="1" fromWho="1" sc="185,-20,313,90,204,-20,288,-40" /><INIT seed="4,0,0,5,2,112" ten="165,403,184,248" oya="0" hai0="87,122,78,82,98,1,89,27,81,109,123,47,114" hai1="135,41,106,119,118,104,79,26,63,6,14,31,70" hai2="46,50,61,32,91,86,105,24,4,42,124,132,74" hai3="57,92,101,133,99,52,115,12,68,49,116,53,125"/><T97/><D1/><U131/><E41/><V8/><F74/><W96/><G68/><T66/><D66/><U36/><E36/><V7/><F105/><W21/><G115/><T48/><D114/><U60/><E79/><V44/><F132/><W51/><G125/><T88/><D27/><U65/><E135/><V67/><F124/><W40/><G116/><T15/><D15/><U100/><E63/><V129/><F129/><W76/><G40/><T43/><D109/><U29/><E31/><V17/><F46/><W56/><G76/><T77/><D77/><U37/><E37/><V33/><F33/><W2/><G2/><T107/><D89/><U72/><E72/><V16/><F32/><W127/><G127/><T20/><D20/><U28/><E28/><V35/><F35/><W126/><G126/><T55/><D43/><U90/><E131/><V134/><F134/><W64/><G64/><T59/><D47/><U117/><E90/><V93/><F24/><W111/><G111/><T58/><D58/><U23/><E100/><V39/><F39/><W110/><G110/><T9/><D9/><U34/><E34/><V19/><REACH who="2" step="1"/><F8/><REACH who="2" ten="165,403,174,248" step="2"/><W84/><G133/><T38/><D38/><U71/><E119/><V128/><F128/><W5/><G21/><T45/><D45/><U94/><E118/><V83/><F83/><W120/><G120/><N who="0" m="46123" /><D107/><U10/><E117/><V3/><F3/><W18/><G12/><T69/><D69/><AGARI ba="0,1" hai="4,7,16,17,19,42,44,50,61,67,69,86,91,93" machi="69" ten="40,2600,0" yaku="1,1,54,1,53,0" doraHai="112" doraHaiUra="11" who="2" fromWho="0" sc="165,-26,403,0,174,36,248,0" /><INIT seed="5,0,0,5,3,39" ten="139,403,210,248" oya="1" hai0="90,19,33,93,11,46,73,68,85,27,6,89,100" hai1="119,91,132,54,108,15,5,99,52,55,31,71,88" hai2="107,72,118,29,28,96,97,12,64,13,87,110,101" hai3="30,122,45,18,47,36,16,57,44,94,86,23,134"/><U123/><E119/><V81/><F118/><W17/><G122/><T69/><D73/><U32/><E123/><V35/><F72/><W129/><G129/><T7/><D100/><U78/><E71/><V128/><F128/><W116/><G116/><T34/><D7/><U80/><E132/><V40/><F110/><W14/><G134/><T22/><D90/><U76/><E108/><V42/><F64/><W0/><G0/><T98/><D98/><N who="2" m="37994" /><F107/><W24/><G36/><T82/><D82/><U61/><E61/><V41/><F35/><W63/><G94/><T2/><D34/><U62/><E62/><V126/><F126/><W3/><G86/><T102/><D102/><U58/><E58/><V51/><F101/><W125/><G3/><T111/><D111/><U21/><E32/><V103/><F103/><W20/><REACH who="3" step="1"/><G125/><REACH who="3" ten="139,403,210,238" step="2"/><T26/><REACH who="0" step="1"/><D46/><REACH who="0" ten="129,403,210,238" step="2"/><U75/><E75/><V49/><F81/><W83/><G83/><T95/><D95/><U133/><E133/><V124/><F87/><W115/><G115/><T114/><D114/><U8/><E99/><V104/><F104/><W106/><G106/><T1/><D1/><U25/><E80/><V38/><F124/><W9/><G9/><T105/><D105/><U135/><E135/><V92/><F92/><W60/><G60/><T66/><D66/><AGARI ba="0,2" hai="14,16,17,18,20,23,24,30,44,45,47,57,63,66" machi="66" ten="40,5200,0" yaku="1,1,8,1,54,1,53,0" doraHai="39" doraHaiUra="4" who="3" fromWho="0" sc="129,-52,403,0,210,0,238,72" /><INIT seed="6,0,0,3,0,89" ten="77,403,210,310" oya="2" hai0="118,52,31,38,8,77,114,105,58,124,16,2,87" hai1="19,39,72,18,67,122,81,54,62,7,24,119,133" hai2="98,132,74,106,42,101,71,44,22,131,28,121,51" hai3="14,110,11,33,43,21,94,83,75,103,32,12,5"/><V1/><F121/><W45/><G110/><T26/><D114/><U64/><E119/><V73/><F1/><W4/><G75/><T47/><D124/><U46/><E122/><V107/><F107/><W30/><G83/><T84/><D118/><U29/><E7/><V82/><F71/><W108/><G108/><T78/><D105/><U90/><E133/><V53/><F132/><W99/><G30/><T37/><D37/><U79/><E67/><V104/><F104/><W96/><G96/><T109/><D109/><U17/><E90/><V23/><F131/><W80/><G80/><T50/><D2/><U65/><E62/><V97/><F97/><W68/><G68/><T6/><D6/><U27/><E27/><V13/><F82/><W93/><G93/><T86/><D38/><U41/><REACH who="1" step="1"/><E54/><REACH who="1" ten="77,393,210,310" step="2"/><V60/><F60/><W127/><G5/><T111/><D111/><U115/><E115/><V112/><F112/><W20/><G127/><T113/><D113/><U49/><E49/><V128/><F128/><W34/><REACH who="3" step="1"/><G14/><REACH who="3" ten="77,393,210,300" step="2"/><N who="0" m="7239" /><D47/><U92/><E92/><V61/><F13/><W15/><G15/><T117/><D117/><U88/><E88/><V48/><F61/><W120/><G120/><T35/><D26/><U129/><E129/><V102/><F102/><W70/><G70/><T57/><D78/><U69/><E69/><V63/><F63/><W123/><G123/><T10/><D77/><U135/><E135/><V76/><F76/><W36/><AGARI ba="0,2" hai="4,11,12,20,21,32,33,34,36,43,45,94,99,103" machi="36" ten="30,4000,0" yaku="1,1,0,1,52,1,53,0" doraHai="89" doraHaiUra="100" who="3" fromWho="3" sc="77,-10,393,-10,210,-20,300,60" /><INIT seed="7,0,0,0,2,115" ten="67,383,190,360" oya="3" hai0="80,62,91,97,26,73,34,81,3,90,104,1,101" hai1="98,59,60,48,22,126,75,37,68,95,32,96,46" hai2="111,63,8,71,127,43,38,128,83,87,82,89,45" hai3="53,13,72,116,20,61,119,100,42,7,31,112,92"/><W4/><G72/><T23/><D23/><U123/><E32/><V58/><F111/><W47/><G112/><T9/><D9/><U99/><E123/><V54/><F127/><W79/><G79/><T78/><D1/><U19/><E75/><V114/><F128/><W118/><G7/><T105/><D3/><U122/><E126/><V131/><F131/><W44/><G61/><T27/><D27/><N who="1" m="14815" /><E37/><V94/><F114/><W74/><G74/><T110/><D110/><U113/><E68/><V85/><F8/><W24/><G53/><T120/><D120/><U10/><E10/><V2/><F2/><W41/><G13/><T107/><D62/><U21/><E21/><V0/><F0/><W134/><G4/><T124/><D26/><U67/><E122/><V108/><F108/><W12/><G12/><T25/><D25/><U93/><E113/><V29/><F29/><W121/><G121/><T84/><D34/><U66/><E66/><V5/><F5/><W76/><G76/><T70/><D70/><U52/><AGARI ba="0,0" hai="46,48,52,59,60,67,93,95,96,98,99" m="14815" machi="52" ten="30,2000,0" yaku="8,1,54,1" doraHai="115" who="1" fromWho="1" sc="67,-5,383,20,190,-5,360,-10" owari="62,-44.0,403,50.0,185,-21.0,350,15.0" /></mjloggm>