<mjloggm ver="2.3"><GO type="169" lobby="0"/><UN n0="%6E%65%75%74%72%6F%6E" n1="%6B%65%6E%79%61%30%31" n2="%E5%B8%B8%E5%A4%8F%E3%83%91%E3%82%A4%E5%8A%A9" n3="%E3%82%A6%E3%83%AB%E3%83%88%E3%83%A9%E7%AB%8B%E7%9B%B4" dan="16,16,16,17" rate="2062.08,2079.05,2047.57,2125.00" sx="M,M,F,M"/><TAIKYOKU oya="0"/><INIT seed="0,0,0,3,1,2" ten="250,250,250,250" oya="0" hai0="83,44,93,85,79,91,39,22,48,59,53,0,8" hai1="49,88,124,127,10,31,40,19,66,103,62,35,108" hai2="125,74,106,122,71,99,92,110,69,50,123,76,89" hai3="134,81,107,101,47,51,4,72,61,29,46,23,114"/><T129/><D129/><U45/><E103/><N who="2" m="62847" /><F50/><W95/><G107/><T75/><D22/><U9/><E108/><V15/><F15/><W117/><G117/><T3/><D8/><U43/><E43/><V118/><F110/><W84/><G134/><T55/><D39/><U36/><E36/><V82/><F118/><W6/><G72/><T97/><D75/><U104/><E104/><V119/><F119/><W126/><G126/><N who="1" m="48170" /><E19/><V58/><F58/><W109/><G109/><T130/><D130/><U41/><E41/><V65/><F125/><W113/><G61/><AGARI ba="0,0" hai="0,3,44,48,53,55,59,61,79,83,85,91,93,97" machi="61" ten="30,1500,0" yaku="7,1" doraHai="2" who="0" fromWho="3" sc="250,15,250,0,250,0,250,-15" /><INIT seed="0,1,0,0,3,49" ten="265,250,250,235" oya="0" hai0="117,12,25,61,57,8,85,124,109,5,39,35,47" hai1="46,128,70,107,3,100,60,116,113,76,112,41,104" hai2="99,120,31,7,72,62,43,6,30,21,1,82,55" hai3="101,20,131,106,28,68,98,24,69,37,67,10,19"/><T133/><D117/><U38/><E116/><V97/><F120/><W83/><G37/><T13/><D124/><U95/><E128/><V54/><F43/><W16/><G131/><T2/><D133/><U121/><E121/><V50/><F1/><W27/><G67/><T84/><D84/><U78/><E3/><V135/><F135/><W42/><G42/><T66/><D109/><U52/><E95/><V94/><F72/><W9/><G83/><T114/><D114/><N who="1" m="44139" /><E70/><V11/><F82/><W74/><G74/><T36/><D85/><U45/><E45/><N who="2" m="27983" /><F11/><W102/><G102/><T125/><D125/><U87/><E87/><V22/><F99/><W18/><REACH who="3" step="1"/><G24/><REACH who="3" ten="265,250,250,225" step="2"/><T115/><D115/><U48/><E38/><V103/><F103/><W108/><G108/><T26/><D36/><U123/><E123/><V73/><F73/><W81/><G81/><T93/><D25/><U59/><E100/><V44/><F55/><W34/><G34/><T65/><D35/><U17/><E17/><V110/><F110/><W0/><G0/><T134/><D26/><U4/><E4/><V29/><F6/><W79/><G79/><AGARI ba="1,1" hai="41,46,48,52,59,60,76,78,79,104,107" m="44139" machi="79" ten="30,3900,0" yaku="11,1,52,1,54,1" doraHai="49" who="1" fromWho="3" sc="265,0,250,52,250,0,225,-42" /><INIT seed="1,0,0,4,1,58" ten="265,302,250,183" oya="1" hai0="124,26,81,37,16,31,29,45,131,133,21,119,46" hai1="20,105,38,70,132,103,34,84,65,15,32,41,9" hai2="76,51,135,1,23,80,69,60,71,63,122,68,2" hai3="18,3,116,125,86,55,73,6,5,42,102,4,107"/><U33/><E132/><V40/><F122/><W104/><G73/><T13/><D119/><U62/><E38/><V134/><F23/><W66/><G125/><T43/><D124/><U118/><E118/><V108/><F108/><W47/><G116/><T44/><D131/><U28/><E41/><V110/><F110/><W79/><G66/><T109/><D109/><U82/><E103/><V92/><F92/><W74/><G55/><T50/><D133/><N who="2" m="50698" /><F40/><W64/><G64/><T90/><D37/><U129/><E105/><V130/><F51/><W87/><G18/><T14/><D14/><U101/><E101/><V54/><F54/><W30/><G30/><T77/><D90/><U123/><E123/><V25/><F25/><W67/><G67/><T98/><D98/><U111/><E111/><V49/><F49/><W112/><G104/><T127/><D127/><U100/><E100/><V97/><F97/><W121/><G121/><T120/><D120/><U12/><E129/><V0/><F130/><W78/><G102/><T114/><D31/><U52/><E52/><V19/><F19/><W59/><G107/><T91/><D91/><U95/><E95/><V56/><F56/><W89/><G59/><T24/><D24/><U113/><E113/><V61/><F71/><W22/><G42/><T106/><D106/><U17/><E28/><V39/><F39/><W88/><G112/><T117/><D114/><U57/><E70/><V27/><F27/><W35/><G22/><N who="0" m="15575" /><D117/><U72/><E20/><V99/><F99/><W85/><G5/><T11/><D21/><U53/><E33/><RYUUKYOKU ba="0,0" sc="265,15,302,-15,250,15,183,-15" hai0="11,13,16,43,44,45,46,50,77,81" hai2="0,1,2,60,61,63,68,69,76,80" /><INIT seed="2,1,0,4,3,83" ten="280,287,265,168" oya="2" hai0="77,51,57,7,62,107,90,122,87,96,127,13,80" hai1="30,105,18,63,116,26,89,20,132,25,29,81,71" hai2="118,40,8,35,42,85,32,28,84,109,101,88,59" hai3="16,3,39,22,1,36,130,124,48,115,12,50,15"/><V94/><F118/><W125/><G22/><T82/><D122/><U111/><E116/><V131/><F101/><W67/><G67/><T91/><D127/><U53/><E105/><V21/><F35/><W72/><G72/><T108/><D51/><U117/><E117/><V135/><F32/><W129/><REACH who="3" step="1"/><G16/><REACH who="3" ten="280,287,265,158" step="2"/><T119/><D119/><U110/><E18/><V69/><F69/><W24/><G24/><T74/><D7/><U128/><E20/><V100/><F100/><W37/><G37/><T93/><D108/><U66/><E66/><V52/><F109/><W133/><G133/><T23/><D23/><U55/><E71/><V0/><F135/><W98/><G98/><T19/><D19/><U34/><E132/><V49/><F8/><W64/><G64/><T79/><D13/><U112/><E34/><V73/><F73/><W41/><G41/><N who="2" m="15977" /><F0/><W76/><G76/><T126/><D126/><U70/><E70/><V86/><F131/><W95/><G95/><T65/><D107/><U92/><E92/><V134/><F134/><W14/><G14/><T99/><D99/><U102/><E128/><V106/><F106/><W10/><G10/><T56/><D74/><U38/><E102/><V6/><F6/><W9/><G9/><T75/><D75/><U104/><E104/><V27/><AGARI ba="1,1" hai="21,27,28,49,52,59,84,85,86,88,94" m="15977" machi="27" ten="30,18000,2" yaku="8,1,52,3,54,2" doraHai="83" who="2" fromWho="2" sc="280,-61,287,-61,265,193,158,-61" /><INIT seed="2,2,0,1,3,49" ten="219,226,458,97" oya="2" hai0="129,116,70,65,69,25,33,10,56,37,39,100,30" hai1="96,23,71,24,109,46,21,38,0,94,128,77,86" hai2="20,111,130,66,3,103,8,114,110,119,36,125,27" hai3="106,61,74,51,68,80,22,42,81,104,107,6,124"/><V50/><F36/><W131/><G124/><T4/><D129/><U88/><E71/><V64/><F114/><W40/><G131/><T13/><D116/><U112/><E112/><V79/><F119/><W43/><G6/><T84/><D100/><U75/><E128/><V97/><F125/><W9/><G9/><T76/><D70/><U7/><E109/><N who="2" m="41483" /><F79/><W90/><G74/><T14/><D69/><U134/><E134/><V63/><F63/><W121/><G121/><T54/><D65/><U72/><E72/><V73/><F73/><W83/><G61/><T48/><D14/><U45/><E75/><V132/><F132/><W117/><G68/><T32/><D32/><U31/><E38/><V108/><F130/><W102/><G117/><T1/><D1/><U11/><REACH who="1" step="1"/><E21/><REACH who="1" ten="219,216,458,97" step="2"/><V92/><F20/><W78/><G22/><T18/><D37/><U55/><E55/><V67/><F108/><W113/><G113/><T135/><D39/><U118/><E118/><V91/><F67/><W16/><G40/><T126/><D135/><U98/><E98/><V127/><F97/><W52/><G42/><T89/><D126/><U17/><E17/><V34/><F66/><W62/><G16/><T95/><D18/><U5/><E5/><V2/><F64/><W19/><G19/><T29/><D29/><U101/><E101/><V53/><F103/><W115/><G102/><T99/><D99/><U28/><E28/><V82/><F127/><W57/><G115/><T120/><D120/><U44/><E44/><V87/><F27/><W105/><N who="3" m="26624" /><DORA hai="85" /><W12/><G43/><RYUUKYOKU ba="2,1" sc="219,15,216,15,458,-15,97,-15" hai0="4,10,13,25,30,33,48,54,56,76,84,89,95" hai1="0,7,11,23,24,31,45,46,77,86,88,94,96" /><INIT seed="3,3,1,1,1,121" ten="234,231,443,82" oya="3" hai0="75,80,9,28,77,12,47,39,56,17,43,96,118" hai1="25,92,7,59,115,62,18,87,73,6,119,117,110" hai2="135,65,107,4,29,32,99,86,68,103,120,105,14" hai3="42,131,82,2,81,134,44,124,40,50,54,122,88"/><W13/><G2/><T67/><D118/><N who="1" m="45067" /><E73/><V16/><F135/><W57/><G122/><T129/><D129/><U10/><E115/><V95/><F4/><W108/><G134/><T116/><D116/><U93/><E110/><V52/><F120/><W126/><G131/><T8/><D28/><U113/><E113/><V123/><F123/><W71/><G71/><T70/><D70/><U55/><E87/><V21/><F86/><N who="3" m="50255" /><G13/><T46/><D46/><U51/><E62/><V24/><F107/><W22/><G22/><T76/><D76/><U27/><E6/><V90/><F68/><W45/><G82/><T130/><D130/><U111/><E111/><V61/><F65/><W60/><G108/><T127/><D127/><N who="3" m="48681" /><G45/><T19/><D96/><U98/><E18/><V132/><F132/><W100/><G100/><T97/><D97/><U114/><E114/><V74/><F103/><W37/><G37/><T101/><D101/><N who="1" m="60615" /><E93/><V36/><F95/><W91/><G91/><T31/><D31/><U3/><AGARI ba="3,1" hai="3,7,10,25,27,51,55,59" m="60615,45067" machi="3" ten="30,1100,0" yaku="12,1" doraHai="121" who="1" fromWho="1" sc="234,-6,231,30,443,-6,82,-8" /><INIT seed="4,0,0,1,1,104" ten="228,261,437,74" oya="0" hai0="76,112,24,105,39,71,3,131,22,57,108,5,97" hai1="14,11,73,56,123,118,23,8,15,129,90,133,101" hai2="35,28,92,82,12,134,106,80,50,42,40,1,54" hai3="31,125,51,119,95,115,4,78,10,109,32,127,20"/><T6/><D71/><U111/><E101/><V68/><F106/><W2/><G51/><T61/><D39/><U135/><E111/><V38/><F1/><W34/><G95/><T27/><D27/><U44/><E118/><V77/><F68/><W45/><G45/><T9/><D108/><U46/><E23/><V64/><F38/><W55/><G55/><T41/><D41/><U63/><E123/><V124/><F64/><W0/><G78/><T33/><D33/><N who="3" m="12905" /><G109/><T43/><D43/><U37/><E37/><V122/><F54/><W91/><G91/><T87/><D6/><U72/><E90/><V98/><F92/><W17/><G119/><T128/><D87/><U84/><E84/><V67/><F42/><W18/><G0/><T53/><D76/><U126/><E56/><V121/><F77/><W13/><G31/><T107/><D97/><U25/><E25/><V69/><F98/><W81/><G81/><T99/><D99/><U110/><E110/><V116/><F82/><W114/><G18/><N who="0" m="12375" /><D112/><AGARI ba="0,0" hai="2,4,10,13,17,20,112,114,115,125,127" m="12905" machi="112" ten="30,3900,0" yaku="15,1,34,2" doraHai="104" who="3" fromWho="0" sc="228,-39,261,0,437,0,74,39" /><INIT seed="5,0,0,2,2,10" ten="189,261,437,113" oya="1" hai0="3,58,129,72,101,82,42,123,65,34,22,11,130" hai1="5,15,44,132,126,63,127,36,111,96,0,12,66" hai2="69,23,17,14,100,24,55,16,97,135,18,33,74" hai3="110,60,98,113,70,71,31,133,77,115,86,121,61"/><U38/><E5/><V85/><F74/><W79/><G86/><T103/><D123/><U54/><E0/><V56/><F69/><W21/><G98/><T2/><D34/><U119/><E119/><V9/><F33/><W29/><G21/><T4/><D42/><U108/><E96/><V48/><F85/><W35/><G35/><T109/><D109/><N who="1" m="42059" /><E132/><V43/><F43/><W50/><G110/><T67/><D2/><U81/><E81/><V32/><F32/><W131/><G50/><T102/><D22/><U46/><E54/><V112/><F135/><W40/><G40/><T95/><D95/><U37/><E63/><V87/><F55/><W107/><G133/><T53/><D72/><U62/><E62/><V106/><F97/><W90/><G107/><T83/><D83/><U49/><E49/><V13/><F48/><W118/><G118/><T52/><D82/><U45/><E66/><V104/><F104/><W93/><G93/><T57/><D57/><U51/><E51/><V20/><F56/><W124/><G61/><N who="0" m="36039" /><D53/><U78/><E78/><V6/><F106/><W116/><G60/><T92/><D92/><U28/><E28/><V1/><F1/><W120/><G116/><T8/><D8/><U73/><E73/><V7/><F9/><W91/><G29/><T64/><D130/><U39/><E39/><V117/><F117/><W19/><G31/><T134/><D129/><U88/><E88/><V84/><F7/><W41/><G131/><T68/><D134/><U99/><E99/><V30/><F6/><W94/><G41/><T114/><D68/><RYUUKYOKU ba="0,0" sc="189,15,261,15,437,-15,113,-15" hai0="3,4,11,64,65,67,101,102,103,114" hai1="12,15,36,37,38,44,45,46,126,127" /><INIT seed="5,1,0,2,5,112" ten="204,276,422,98" oya="1" hai0="17,134,68,66,84,93,63,106,15,26,19,40,42" hai1="127,116,118,13,16,11,113,23,61,55,83,105,78" hai2="45,97,4,58,115,80,132,18,76,108,102,1,44" hai3="5,89,85,71,3,130,62,103,52,22,49,57,110"/><U67/><E113/><V48/><F115/><W69/><G110/><T99/><D106/><U28/><E105/><V107/><F132/><W122/><G122/><T117/><D134/><U47/><E127/><V24/><F108/><W82/><G130/><T51/><D84/><U30/><E55/><V53/><F4/><W86/><G103/><T96/><D96/><U54/><E54/><V36/><F1/><W14/><G3/><T101/><D26/><U109/><E109/><V75/><F36/><W121/><G121/><T2/><D2/><U35/><E35/><V100/><F100/><W34/><G34/><T88/><D101/><U20/><E47/><V0/><F0/><W37/><G37/><T135/><D135/><U92/><E92/><V31/><F18/><W123/><G123/><T33/><D33/><AGARI ba="1,0" hai="24,31,33,44,45,48,53,58,75,76,80,97,102,107" machi="33" ten="30,1000,0" yaku="7,1" doraHai="112" who="2" fromWho="0" sc="204,-13,276,0,422,13,98,0" /><INIT seed="6,0,0,0,1,12" ten="191,276,435,98" oya="2" hai0="111,118,15,66,42,98,22,37,29,34,71,55,125" hai1="69,40,39,104,121,35,83,103,50,17,99,21,11" hai2="74,56,72,119,54,94,67,85,117,19,116,129,130" hai3="88,9,97,36,124,52,80,65,20,1,64,62,10"/><V90/><F67/><W2/><G36/><T120/><D111/><U77/><E35/><V43/><F43/><W46/><G124/><T132/><D120/><U95/><E69/><V7/><F7/><W24/><G2/><T115/><D34/><U105/><E39/><V41/><F41/><W91/><G1/><T3/><D29/><U107/><E11/><N who="3" m="4106" /><G80/><T106/><D15/><U70/><E70/><V79/><F79/><W63/><G63/><T59/><D22/><U127/><E127/><V113/><F116/><W114/><G114/><T108/><D98/><U86/><E121/><V32/><F117/><W84/><G97/><T51/><D106/><U38/><E38/><V23/><F113/><W123/><G123/><T53/><D3/><U5/><E5/><V126/><F126/><W31/><G91/><T27/><D27/><U128/><E128/><V57/><F90/><W131/><G131/><T101/><D101/><U122/><E122/><V68/><F32/><W110/><G110/><T93/><D108/><U133/><E133/><V112/><F112/><W33/><G33/><T6/><D132/><U58/><E107/><V49/><F119/><W26/><G26/><T47/><D118/><U30/><E105/><V92/><F130/><W28/><G28/><T100/><D115/><U48/><E104/><V82/><F129/><W109/><G109/><T13/><D125/><U78/><E30/><V25/><F68/><W44/><G52/><N who="0" m="32159" /><D71/><U18/><E99/><V75/><F54/><W102/><G102/><T96/><D66/><N who="3" m="25705" /><G62/><T61/><D61/><U60/><E60/><RYUUKYOKU ba="0,0" sc="191,15,276,-15,435,-15,98,15" hai0="6,13,37,42,47,53,55,93,96,100" hai3="20,24,31,44,46,84,88" /><INIT seed="7,1,0,4,0,72" ten="206,261,420,113" oya="3" hai0="126,124,131,35,117,54,10,73,23,62,18,93,79" hai1="34,102,97,45,16,41,14,36,70,0,95,33,59" hai2="119,46,125,64,71,8,111,7,47,52,94,115,53" hai3="88,2,104,134,49,50,11,116,31,4,66,30,121"/><W100/><G134/><T130/><D117/><U37/><E0/><V42/><F119/><W101/><G116/><T85/><D35/><U3/><E3/><V20/><F115/><W63/><G121/><T17/><D10/><U57/><E70/><V15/><F125/><N who="0" m="48234" /><D73/><U76/><E76/><V77/><F77/><W98/><G101/><T51/><D62/><U90/><E36/><V69/><F64/><W80/><G49/><T28/><D28/><U65/><E57/><V87/><F71/><W107/><G50/><T127/><D127/><U32/><E59/><V96/><F69/><W84/><REACH who="3" step="1"/><G104/><REACH who="3" ten="206,261,420,103" step="2"/><T21/><D51/><U48/><E48/><V86/><F47/><W78/><G78/><T112/><D112/><U27/><E102/><V120/><F46/><W29/><G29/><T133/><D133/><U92/><E45/><V61/><F120/><W135/><G135/><T22/><D79/><U74/><E74/><V56/><F42/><W38/><G38/><T114/><D114/><U9/><E41/><V132/><F132/><W19/><G19/><T110/><D17/><U26/><E37/><V12/><F7/><W44/><G44/><T5/><D18/><U99/><E16/><V113/><F113/><W6/><G6/><T118/><D5/><U25/><E9/><V75/><F8/><W89/><G89/><N who="0" m="53423" /><D118/><U39/><E39/><V58/><F75/><W68/><AGARI ba="1,1" hai="2,4,11,30,31,63,66,68,80,84,88,98,100,107" machi="68" ten="20,7800,0" yaku="1,1,0,1,7,1,54,1,53,0" doraHai="72" doraHaiUra="128" who="3" fromWho="3" sc="206,-27,261,-27,420,-27,103,91" /><INIT seed="7,2,0,4,3,86" ten="179,234,393,194" oya="3" hai0="28,90,95,40,30,106,110,11,114,62,97,55,59" hai1="76,85,108,125,8,23,87,91,0,33,56,100,82" hai2="60,58,26,98,134,52,10,107,135,88,128,54,53" hai3="57,66,72,32,124,39,84,102,112,18,51,9,113"/><W111/><G72/><T126/><D110/><U68/><E33/><V130/><F26/><W20/><G39/><T19/><D106/><U119/><E68/><V14/><F88/><W74/><G74/><T133/><D133/><N who="2" m="50698" /><F98/><W13/><G32/><T67/><D126/><U129/><E125/><V105/><F107/><W36/><G36/><T25/><D114/><N who="3" m="44137" /><G124/><T43/><D67/><U3/><E87/><V16/><F105/><W89/><G102/><T35/><D35/><U118/><E0/><V80/><F80/><N who="3" m="49287" /><G111/><T5/><D5/><U115/><E23/><V15/><F15/><W7/><G66/><AGARI ba="2,0" hai="10,14,16,52,53,54,58,60,66,128,130" m="50698" machi="66" ten="30,3900,0" yaku="20,1,54,2" doraHai="86" who="2" fromWho="3" sc="179,0,234,0,393,45,194,-45" owari="179,-22.0,234,3.0,438,54.0,149,-35.0" /></mjloggm>