<mjloggm ver="2.3"><GO type="97" lobby="0"/><UN n0="%E3%82%A6%E3%83%AB%E3%83%88%E3%83%A9%E7%AB%8B%E7%9B%B4" n1="%E3%83%9E%E3%83%A1%E3%83%9D%E3%82%B3" n2="%E3%81%A9%E3%81%90%E3%81%95%E3%82%8C%E3%81%86%E3%81%AA%E3%81%8E" n3="%E5%8B%87%E5%88%A9%E3%81%8C%E6%9C%89%E5%88%A9" dan="15,14,14,15" rate="1979.73,1922.05,1926.20,1897.77" sx="M,M,M,M"/><TAIKYOKU oya="0"/><INIT seed="0,0,0,3,5,88" ten="250,250,250,250" oya="0" hai0="26,60,44,115,78,24,81,7,23,123,43,84,99" hai1="36,9,90,12,76,93,10,111,87,33,31,1,133" hai2="4,18,106,50,91,120,104,125,40,6,3,25,116" hai3="89,95,42,34,135,41,86,39,14,98,117,107,105"/><T96/><D123/><U38/><E111/><V30/><F120/><W54/><G34/><T70/><D115/><U51/><E133/><V56/><F125/><W61/><G135/><T85/><D7/><U19/><E76/><V97/><F18/><W124/><G124/><T119/><D119/><U29/><E51/><V69/><F69/><W59/><G117/><T94/><D70/><U16/><E33/><V27/><F116/><W45/><G41/><T5/><D5/><U113/><E113/><V66/><F66/><W101/><REACH who="3" step="1"/><G14/><REACH who="3" ten="250,250,250,240" step="2"/><T15/><D15/><U21/><E1/><V82/><F40/><W129/><G129/><T62/><D26/><U13/><REACH who="1" step="1"/><E21/><REACH who="1" ten="250,240,250,240" step="2"/><V37/><F3/><W74/><G74/><T83/><D23/><U103/><E103/><V72/><F72/><W68/><G68/><T52/><D24/><U65/><E65/><V58/><F25/><W67/><G67/><T80/><D43/><U0/><E0/><V126/><F27/><W73/><G73/><T92/><D78/><U53/><E53/><V112/><F112/><W110/><G110/><T2/><D2/><U77/><E77/><V22/><F22/><W114/><G114/><T134/><D134/><U63/><E63/><V32/><F126/><W118/><G118/><T49/><D62/><U109/><E109/><V122/><F32/><W71/><G71/><T64/><D64/><U17/><E17/><V48/><F122/><W128/><G128/><T75/><D60/><U108/><E108/><V132/><F132/><W130/><G130/><T127/><D127/><U8/><E8/><RYUUKYOKU ba="0,2" sc="250,-15,240,15,250,-15,240,15" hai1="9,10,12,13,16,19,29,31,36,38,87,90,93" hai3="39,42,45,54,59,61,86,89,95,98,101,105,107" /><INIT seed="1,1,2,4,4,101" ten="235,255,235,255" oya="1" hai0="2,64,0,123,5,110,73,48,82,61,41,23,130" hai1="32,127,133,38,53,67,43,62,9,76,117,118,35" hai2="12,31,114,42,97,25,106,122,15,54,6,69,19" hai3="107,55,88,96,60,7,95,74,87,113,33,116,24"/><U119/><E76/><V21/><F122/><W91/><G113/><T120/><D5/><U46/><E9/><V70/><F114/><W75/><G116/><T81/><D23/><U66/><E35/><V102/><F42/><W68/><G7/><T105/><D105/><U47/><E32/><V134/><F134/><W86/><G86/><T58/><D110/><U51/><E133/><V22/><F6/><W72/><G55/><N who="0" m="32103" /><D41/><U98/><E98/><V16/><REACH who="2" step="1"/><F54/><REACH who="2" ten="235,255,225,255" step="2"/><W57/><G74/><T92/><D73/><U77/><E77/><V78/><F78/><W37/><G75/><T135/><D135/><U44/><E127/><V132/><F132/><W14/><G72/><T56/><D123/><U71/><E67/><V85/><F85/><W131/><G87/><T121/><D120/><U79/><E79/><V93/><F93/><W52/><G95/><T129/><D92/><U34/><E34/><AGARI ba="1,3" hai="12,15,16,19,21,22,25,31,34,69,70,97,102,106" machi="34" ten="30,12000,2" yaku="1,1,7,1,9,1,52,1,54,1,53,1" doraHai="101" doraHaiUra="29" who="2" fromWho="1" sc="235,0,255,-123,225,153,255,0" /><INIT seed="2,0,0,5,1,135" ten="235,132,378,255" oya="2" hai0="47,102,50,85,63,56,118,30,114,115,32,74,22" hai1="83,125,45,59,4,24,104,40,98,80,0,79,110" hai2="73,3,44,89,17,131,61,97,21,20,69,58,126" hai3="64,57,93,96,106,42,11,94,87,38,12,39,113"/><V10/><F126/><W82/><G113/><T120/><D74/><U116/><E116/><V81/><F131/><W122/><G122/><T67/><D32/><U33/><E110/><V70/><F44/><W46/><G106/><T43/><D120/><U31/><E83/><V16/><F10/><W99/><G64/><T76/><D118/><U1/><E59/><V78/><F3/><W62/><G62/><T8/><D8/><U71/><E125/><V60/><F60/><W19/><G57/><T52/><D102/><U15/><E15/><V13/><F89/><W35/><G35/><T105/><D105/><U55/><E55/><V119/><F97/><W54/><G54/><T23/><D114/><U65/><E4/><V100/><F100/><W90/><G39/><T36/><D30/><U95/><E95/><V53/><F119/><W27/><G27/><AGARI ba="0,0" hai="13,16,17,20,21,27,53,58,61,69,70,73,78,81" machi="27" ten="30,2900,0" yaku="7,1,54,1" doraHai="135" who="2" fromWho="3" sc="235,0,132,0,378,29,255,-29" /><INIT seed="2,1,0,2,5,93" ten="235,132,407,226" oya="2" hai0="123,55,72,74,30,95,14,41,15,24,133,60,19" hai1="115,121,11,129,97,117,20,54,114,4,71,76,90" hai2="57,126,36,53,125,9,105,29,118,130,82,2,88" hai3="110,42,132,67,116,28,131,128,18,63,86,13,51"/><V113/><F118/><W124/><G116/><T43/><D123/><U38/><E117/><V73/><F36/><W134/><G28/><T77/><D133/><N who="3" m="51305" /><G110/><T127/><D127/><U47/><E71/><V39/><F39/><W26/><G124/><T64/><D77/><U17/><E76/><V16/><F29/><W1/><G1/><T99/><D74/><U58/><E121/><V6/><F130/><W12/><G26/><T5/><D5/><U83/><E129/><V31/><F31/><W79/><G79/><T40/><D72/><U78/><E78/><V61/><F73/><W66/><G86/><T122/><D55/><U84/><E38/><V27/><F105/><W35/><G35/><T106/><D106/><U44/><E114/><V81/><F113/><W25/><G25/><T119/><D19/><U62/><E115/><V107/><F107/><W8/><G13/><T22/><D122/><U112/><E112/><V94/><F125/><W80/><G80/><T91/><REACH who="0" step="1"/><D119/><REACH who="0" ten="225,132,407,226" step="2"/><U10/><E4/><V104/><F6/><W96/><G128/><T33/><D33/><U135/><E135/><V92/><F104/><W120/><G120/><T0/><D0/><U34/><E34/><V70/><F2/><W75/><G75/><T50/><D50/><U45/><REACH who="1" step="1"/><E97/><REACH who="1" ten="225,122,407,226" step="2"/><V103/><F126/><W69/><G96/><T52/><D52/><U49/><E49/><V101/><F53/><W102/><G131/><T98/><D98/><U3/><E3/><V100/><F61/><W89/><G63/><T7/><D7/><U85/><E85/><V48/><F48/><RYUUKYOKU ba="1,2" sc="225,15,122,15,407,-15,226,-15" hai0="14,15,22,24,30,40,41,43,60,64,91,95,99" hai1="10,11,17,20,44,45,47,54,58,62,83,84,90" /><INIT seed="3,2,2,3,0,107" ten="240,137,392,211" oya="3" hai0="119,45,37,70,95,86,123,56,72,57,121,87,134" hai1="39,78,46,128,50,58,63,22,82,94,41,24,2" hai2="27,111,124,38,129,42,85,15,80,99,62,40,135" hai3="106,51,88,96,18,109,14,75,9,33,81,0,126"/><W108/><G33/><T71/><D72/><U3/><E128/><V130/><F111/><N who="3" m="42571" /><G126/><T4/><D4/><U60/><E39/><V28/><F135/><W89/><G0/><T115/><D95/><U52/><E63/><V48/><F38/><W31/><G31/><T25/><D25/><U1/><E94/><V17/><F124/><W7/><G7/><T35/><D45/><U13/><E13/><V90/><F28/><W66/><G66/><T127/><D37/><U61/><E61/><V122/><F122/><W83/><G51/><T23/><D35/><U104/><E104/><V59/><F48/><W19/><G19/><T98/><D127/><U79/><REACH who="1" step="1"/><E82/><REACH who="1" ten="240,127,392,211" step="2"/><V64/><F129/><W77/><G83/><T103/><D123/><U32/><E32/><V112/><F80/><W131/><G131/><T8/><D121/><U43/><E43/><V125/><F125/><W76/><G76/><T101/><D115/><U16/><AGARI ba="2,3" hai="1,2,3,16,22,24,41,46,50,52,58,60,78,79" machi="16" ten="30,7900,0" yaku="1,1,0,1,54,2,53,0" doraHai="107" doraHaiUra="30" who="1" fromWho="1" sc="240,-22,127,115,392,-22,211,-41" owari="218,-18.0,242,4.0,370,47.0,170,-33.0" /></mjloggm>