<mjloggm ver="2.3"><GO type="169" lobby="0"/><UN n0="%E3%81%8A%E3%81%8B%E3%82%82%E3%81%A8" n1="%E3%82%A6%E3%83%AB%E3%83%88%E3%83%A9%E7%AB%8B%E7%9B%B4" n2="%72%75%6C%79%30%32%30%38" n3="%43%52%41%5A%59%42%45%45" dan="18,16,16,18" rate="2253.91,2130.04,2019.23,2149.28" sx="M,M,M,M"/><TAIKYOKU oya="0"/><INIT seed="0,0,0,0,5,69" ten="250,250,250,250" oya="0" hai0="81,0,122,43,119,42,8,79,95,74,40,131,93" hai1="5,45,133,88,25,64,106,116,28,48,98,103,21" hai2="126,70,41,73,84,68,15,111,124,50,31,37,85" hai3="47,110,10,97,53,100,112,130,121,123,6,38,1"/><T113/><D119/><U61/><E133/><V2/><F2/><W55/><G112/><T86/><D113/><U44/><E116/><V101/><F73/><W108/><G130/><T115/><D115/><U12/><E48/><V33/><F101/><W78/><G78/><T7/><D122/><N who="3" m="46601" /><G55/><T60/><D131/><U132/><E132/><V36/><F111/><N who="3" m="42539" /><G53/><T9/><D60/><U102/><E102/><V66/><F15/><W4/><G4/><T72/><D8/><U135/><E135/><V51/><F31/><W76/><G76/><T67/><D67/><U125/><E44/><V107/><F66/><W62/><G62/><T24/><D93/><U59/><E45/><V94/><F33/><W56/><G56/><T26/><REACH who="0" step="1"/><D74/><REACH who="0" ten="240,250,250,250" step="2"/><U52/><E64/><V16/><F107/><N who="3" m="63887" /><G47/><T13/><D13/><U117/><E117/><V114/><F114/><W82/><G82/><T18/><D18/><U80/><E12/><V54/><F16/><W17/><G17/><T127/><D127/><U11/><E125/><V46/><F126/><W75/><G75/><T129/><D129/><U91/><E80/><V87/><F124/><W105/><G105/><T32/><D32/><U30/><E30/><V99/><F94/><W128/><G128/><T27/><D27/><U77/><E5/><V58/><F46/><W3/><G1/><T14/><D14/><U118/><E118/><V92/><F92/><W90/><G3/><T65/><D65/><U19/><E19/><V134/><F41/><W104/><G6/><T23/><D23/><U22/><E22/><V109/><F109/><RYUUKYOKU ba="0,1" sc="240,30,250,-10,250,-10,250,-10" hai0="0,7,9,24,26,40,42,43,72,79,81,86,95" /><INIT seed="0,1,1,5,3,50" ten="270,240,240,240" oya="0" hai0="28,88,83,54,108,8,133,106,56,21,20,92,115" hai1="70,78,7,82,77,80,49,109,121,55,61,64,135" hai2="24,131,119,1,123,110,40,12,79,72,91,58,103" hai3="33,93,51,65,23,46,130,98,53,74,69,132,27"/><T14/><D115/><U120/><E109/><V63/><F1/><W129/><G33/><T71/><D71/><U19/><E7/><V6/><F123/><W118/><G118/><T117/><D106/><U86/><E19/><V116/><F110/><W90/><G74/><T85/><D117/><U45/><REACH who="1" step="1"/><E135/><REACH who="1" ten="270,230,240,240" step="2"/><V124/><F119/><W62/><REACH who="3" step="1"/><G132/><REACH who="3" ten="270,230,240,230" step="2"/><T96/><D133/><U17/><E17/><AGARI ba="1,3" hai="17,23,27,46,51,53,62,65,69,90,93,98,129,130" machi="17" ten="40,5200,0" yaku="1,1,2,1,52,1,53,0" doraHai="50" doraHaiUra="39" who="3" fromWho="1" sc="270,0,230,-55,240,0,230,85" /><INIT seed="1,0,0,1,0,77" ten="270,175,240,315" oya="1" hai0="68,45,25,121,42,75,6,5,3,85,69,90,21" hai1="26,51,115,98,12,81,92,125,133,53,110,23,88" hai2="126,76,83,108,114,15,43,80,31,13,18,67,37" hai3="123,57,112,39,47,96,117,84,116,60,124,36,82"/><U86/><E125/><V35/><F108/><W19/><G123/><T119/><D75/><U132/><E115/><V97/><F126/><W74/><G124/><T61/><D119/><N who="3" m="45641" /><G74/><T58/><D121/><U118/><E12/><V71/><F114/><W130/><G112/><T109/><D109/><U4/><E4/><V120/><F120/><W65/><G130/><T62/><D62/><U27/><E118/><V56/><F71/><W20/><G96/><T93/><D3/><U14/><E14/><V104/><F35/><W95/><G95/><T2/><D68/><U111/><E111/><V50/><F37/><W70/><G47/><T101/><D101/><U40/><E40/><V0/><F0/><W129/><G70/><T48/><D69/><U91/><E110/><V89/><F31/><W8/><G8/><T72/><D72/><U16/><REACH who="1" step="1"/><E27/><REACH who="1" ten="270,165,240,315" step="2"/><V94/><F43/><W73/><G129/><T59/><D2/><U135/><E135/><V11/><F13/><N who="3" m="9327" /><G73/><T44/><D5/><U1/><E1/><V113/><F113/><W46/><G36/><T100/><D6/><U66/><E66/><V107/><F67/><W63/><G39/><T30/><D42/><U99/><E99/><V7/><F97/><W122/><G122/><T79/><D25/><U106/><E106/><V52/><F107/><W131/><G131/><T105/><D105/><U134/><E134/><V34/><F104/><W55/><G65/><T28/><D100/><U24/><E24/><V87/><F7/><W78/><G55/><T10/><D10/><U127/><E127/><V49/><F11/><RYUUKYOKU ba="0,1" sc="270,-10,165,30,240,-10,315,-10" hai1="16,23,26,51,53,81,86,88,91,92,98,132,133" /><INIT seed="1,1,1,4,1,95" ten="260,195,230,305" oya="1" hai0="89,105,51,73,58,1,121,60,48,83,129,6,72" hai1="109,64,76,71,3,38,134,0,84,123,81,108,99" hai2="93,36,86,54,117,135,106,7,102,8,90,120,80" hai3="69,10,82,33,66,92,9,12,2,125,126,77,94"/><U41/><E123/><V118/><F120/><W57/><G69/><T87/><D105/><U132/><E41/><V17/><F135/><N who="1" m="51753" /><E38/><V85/><F36/><W28/><G2/><N who="1" m="554" /><E64/><V104/><F17/><N who="3" m="8335" /><G10/><T128/><D121/><U21/><E71/><V16/><F54/><W100/><G100/><T46/><D6/><U88/><E21/><V74/><F7/><W96/><G66/><N who="0" m="39191" /><D1/><U59/><E59/><V14/><F74/><N who="0" m="28778" /><D46/><U29/><E29/><V23/><F8/><W26/><G57/><T113/><D113/><U18/><E18/><V15/><F15/><W22/><G22/><T110/><D110/><U70/><E70/><V130/><F130/><AGARI ba="1,1" hai="48,51,83,87,89,128,129,130" m="28778,39191" machi="130" ten="30,1000,0" yaku="19,1" doraHai="95" who="0" fromWho="2" sc="260,23,195,0,230,-13,305,0" /><INIT seed="2,0,0,1,2,83" ten="283,195,217,305" oya="2" hai0="13,9,60,20,36,15,128,75,105,82,64,95,77" hai1="106,44,69,102,96,45,7,56,70,48,100,84,122" hai2="123,80,133,29,74,135,11,79,59,10,121,114,30" hai3="113,89,111,124,1,3,39,107,67,110,32,38,31"/><V108/><F114/><W23/><G113/><T22/><D105/><U19/><E122/><N who="2" m="46603" /><F59/><W18/><G107/><T8/><D36/><U92/><E7/><V51/><F51/><W34/><G67/><T117/><D128/><U21/><E45/><V25/><F108/><N who="3" m="41515" /><G124/><T94/><D117/><U12/><E102/><V93/><F93/><W103/><G103/><T53/><D53/><U90/><REACH who="1" step="1"/><E56/><REACH who="1" ten="283,185,217,305" step="2"/><V65/><F135/><W119/><G119/><T0/><D0/><U62/><E62/><V57/><F57/><W49/><G1/><T40/><D60/><U120/><E120/><V68/><F133/><W52/><G3/><T99/><D40/><AGARI ba="0,1" hai="12,19,21,40,44,48,69,70,84,90,92,96,100,106" machi="40" ten="30,7700,0" yaku="1,1,7,1,52,1,53,1" doraHai="83" doraHaiUra="47" who="1" fromWho="0" sc="283,-77,185,87,217,0,305,0" /><INIT seed="3,0,0,2,0,60" ten="206,272,217,305" oya="3" hai0="64,125,123,87,19,3,129,96,117,18,130,74,83" hai1="16,106,66,62,31,51,1,8,119,21,15,28,72" hai2="12,39,112,86,23,35,53,92,24,49,42,6,110" hai3="133,84,95,97,48,82,58,81,29,33,75,100,4"/><W128/><G4/><T114/><D123/><U103/><E72/><V79/><F112/><W98/><G33/><T43/><D117/><U127/><E127/><V5/><F110/><W69/><G69/><T70/><D114/><U2/><E103/><V47/><F35/><W14/><G29/><T44/><D125/><U67/><E106/><V102/><F102/><W46/><G133/><T52/><D74/><U63/><E51/><N who="2" m="27127" /><F12/><W80/><G128/><N who="0" m="49259" /><D96/><U116/><E21/><V56/><F39/><W90/><G58/><T50/><D43/><U17/><REACH who="1" step="1"/><E15/><REACH who="1" ten="206,262,217,305" step="2"/><V26/><F23/><W118/><G14/><T89/><D3/><U85/><E85/><V34/><F86/><W135/><G75/><T94/><D83/><U134/><E134/><V61/><F49/><W71/><G135/><T65/><D70/><U54/><E54/><V111/><F53/><N who="3" m="29847" /><G71/><T57/><D44/><U109/><E109/><V113/><F111/><W36/><G36/><T40/><D40/><U38/><E38/><V121/><F113/><W0/><G0/><T132/><D132/><U108/><E108/><V59/><F34/><W68/><G68/><T25/><D25/><U76/><E76/><V104/><F79/><N who="3" m="46111" /><G118/><T30/><D30/><U13/><E13/><V107/><F24/><W55/><G55/><T131/><D131/><U99/><E99/><V41/><F26/><W37/><G37/><T122/><D122/><U10/><AGARI ba="0,1" hai="1,2,8,10,16,17,28,31,62,63,66,67,116,119" machi="10" ten="25,12000,2" yaku="1,1,0,1,22,2,52,2,54,1,53,0" doraHai="60" doraHaiUra="11" who="1" fromWho="1" sc="206,-30,262,130,217,-30,305,-60" /><INIT seed="4,0,0,3,5,128" ten="176,392,187,245" oya="0" hai0="81,9,76,50,5,108,2,73,90,111,134,80,10" hai1="39,100,26,29,124,31,67,44,83,1,106,69,123" hai2="107,68,23,32,88,60,14,36,0,84,51,129,79" hai3="40,55,94,35,122,121,115,19,95,66,41,54,99"/><T20/><D20/><U49/><E39/><V42/><F0/><W114/><G66/><T21/><D21/><U116/><E1/><V109/><F32/><W6/><G6/><T119/><D119/><U25/><E123/><V16/><F109/><N who="0" m="42058" /><D134/><U71/><E100/><V7/><F107/><W15/><G15/><T101/><D101/><U62/><E106/><V89/><F36/><W43/><G35/><T78/><D10/><U61/><E83/><N who="0" m="31817" /><D73/><U77/><E116/><V98/><F98/><W45/><G99/><T133/><D133/><U64/><E77/><N who="0" m="29801" /><D50/><U82/><E82/><V112/><F51/><W120/><G120/><T38/><D38/><U28/><E49/><V8/><F23/><W30/><G122/><T72/><D72/><U34/><E44/><V11/><F11/><W52/><G45/><T27/><D90/><U33/><E29/><V127/><F89/><W65/><G30/><T132/><D132/><U102/><E102/><V86/><F88/><W125/><G121/><T57/><D57/><U96/><E96/><V53/><F79/><W97/><G97/><T18/><D18/><U87/><E87/><V110/><F84/><W105/><G19/><T24/><AGARI ba="0,0" hai="2,5,9,24,27" m="29801,31817,42058" machi="24" ten="40,2100,0" yaku="10,1" doraHai="128" who="0" fromWho="0" sc="176,21,392,-7,187,-7,245,-7" /><INIT seed="4,1,0,1,1,107" ten="197,385,180,238" oya="0" hai0="36,132,118,109,67,134,111,112,17,64,102,77,23" hai1="97,10,27,105,135,115,117,76,33,88,15,18,100" hai2="62,113,29,51,91,45,66,48,3,12,104,80,11" hai3="121,82,90,83,37,99,35,57,22,13,41,108,92"/><T131/><D118/><U55/><E117/><V89/><F104/><W43/><G35/><T6/><D36/><U94/><E135/><N who="0" m="51753" /><D102/><U95/><E115/><V123/><F123/><W61/><G108/><N who="0" m="41547" /><D112/><U16/><E76/><V50/><F3/><W53/><G121/><T42/><D42/><N who="3" m="15881" /><G37/><T98/><D98/><N who="1" m="57671" /><E33/><V47/><F29/><W49/><G61/><T106/><D106/><U68/><E68/><V101/><F101/><W31/><G31/><T78/><D6/><U26/><E105/><V21/><F21/><W122/><G122/><T126/><D126/><U58/><E18/><AGARI ba="1,0" hai="13,18,22,49,53,57,82,83,90,92,99" m="15881" machi="18" ten="30,1000,0" yaku="8,1" doraHai="107" who="3" fromWho="1" sc="197,0,385,-13,180,0,238,13" /><INIT seed="5,0,0,0,4,16" ten="197,372,180,251" oya="1" hai0="62,24,81,114,50,97,87,108,65,72,122,36,124" hai1="80,42,67,48,23,76,18,68,89,19,8,106,78" hai2="125,123,20,126,21,33,47,38,34,119,79,60,41" hai3="52,25,61,56,59,29,88,86,17,71,14,96,134"/><U40/><E106/><V90/><F119/><W10/><G134/><T49/><D108/><U3/><E3/><V1/><F123/><W53/><G71/><T109/><D109/><U31/><E31/><V44/><F1/><W105/><G105/><T54/><D36/><U130/><E130/><V94/><F79/><W66/><G96/><T28/><D72/><U4/><E4/><V102/><F102/><W112/><G112/><T5/><D114/><U131/><E131/><V39/><F60/><W120/><G59/><T57/><D124/><N who="2" m="47722" /><F47/><W111/><G120/><T135/><D135/><U13/><E67/><V45/><F45/><W46/><G46/><T92/><D5/><U101/><E101/><V55/><F55/><W107/><G107/><T11/><D11/><U133/><E68/><V32/><F38/><W93/><REACH who="3" step="1"/><G111/><REACH who="3" ten="197,372,180,241" step="2"/><T58/><D122/><U12/><E133/><V128/><F128/><W99/><G99/><AGARI ba="0,1" hai="20,21,32,33,34,39,41,44,90,94,99" m="47722" machi="99" ten="40,5200,0" yaku="18,1,52,2" doraHai="16" who="2" fromWho="3" sc="197,0,372,0,180,62,241,-52" /><INIT seed="6,0,0,5,3,108" ten="197,372,242,189" oya="2" hai0="115,70,44,93,22,46,69,112,86,128,101,2,116" hai1="34,19,37,10,23,90,133,114,58,96,33,120,17" hai2="35,66,111,38,59,14,6,29,49,131,1,62,122" hai3="39,45,80,126,78,47,83,31,60,32,109,100,42"/><V64/><F38/><W74/><G109/><T16/><D2/><U87/><E37/><V127/><F1/><W50/><G100/><T85/><D128/><U57/><E96/><V110/><F122/><W3/><G3/><T25/><D116/><U26/><E133/><V130/><F29/><W43/><G126/><T99/><D69/><U52/><E58/><V53/><F35/><W18/><G60/><T134/><D70/><U102/><E102/><V68/><F127/><W12/><G80/><T7/><D7/><U4/><E19/><V95/><F95/><W15/><REACH who="3" step="1"/><G18/><REACH who="3" ten="197,372,242,179" step="2"/><T88/><D134/><U30/><E17/><V51/><F62/><W132/><G132/><T124/><D124/><U56/><E120/><V61/><F61/><W103/><G103/><T54/><D85/><U89/><E87/><V107/><F111/><W76/><G76/><T11/><D11/><U84/><E84/><V24/><F110/><W125/><G125/><T98/><D98/><U9/><E9/><V92/><F131/><W63/><G63/><T106/><REACH who="0" step="1"/><D54/><REACH who="0" ten="187,372,242,179" step="2"/><U5/><E52/><V121/><F53/><W104/><G104/><T113/><AGARI ba="0,2" hai="16,22,25,44,46,86,88,93,99,101,106,112,113,115" machi="113" ten="30,16000,3" yaku="1,1,2,1,0,1,15,1,52,3,54,2,53,1" doraHai="108" doraHaiUra="91" who="0" fromWho="0" sc="187,180,372,-40,242,-80,179,-40" /><INIT seed="7,0,0,5,4,68" ten="367,332,162,139" oya="3" hai0="70,23,99,52,95,100,88,105,6,74,43,3,4" hai1="9,56,82,54,81,125,0,10,106,79,73,71,46" hai2="123,80,20,122,86,49,27,84,18,76,35,67,120" hai3="29,128,2,14,83,19,24,94,101,38,59,33,116"/><W61/><G116/><T53/><D70/><U111/><E106/><V57/><F35/><W31/><G2/><T55/><D43/><U63/><E111/><V1/><F1/><W85/><G29/><T92/><D74/><U115/><E115/><V131/><F131/><W16/><G128/><T48/><D105/><U127/><E71/><V34/><F34/><W113/><G113/><T17/><D48/><U8/><E0/><V50/><F86/><W7/><G38/><T119/><D119/><U39/><E82/><V13/><F27/><W110/><G110/><T132/><D132/><U44/><E44/><V15/><F15/><W134/><G134/><T129/><D129/><U58/><E58/><V117/><F117/><W114/><G114/><T108/><D108/><U36/><E46/><V26/><F26/><W22/><G7/><T90/><D3/><U118/><E118/><V40/><F40/><W37/><G37/><T87/><D100/><U78/><E78/><V133/><F133/><W112/><G112/><T42/><D42/><U104/><E104/><V89/><F76/><N who="3" m="46311" /><G19/><T96/><D87/><U60/><E60/><AGARI ba="0,0" hai="13,18,20,49,50,57,60,67,80,84,89,120,122,123" machi="60" ten="40,1300,0" yaku="13,1" doraHai="68" who="2" fromWho="1" sc="367,0,332,-13,162,13,139,0" owari="367,46.0,319,12.0,175,-22.0,139,-36.0" /></mjloggm>