<mjloggm ver="2.3"><GO type="41" lobby="0"/><UN n0="%E3%82%B3%E3%83%AB%E3%82%B2%E3%83%B3" n1="%E5%AE%87%E5%96%9C%E5%A4%9A%E4%B8%87%E9%87%8C%E9%A6%99" n2="%E5%B0%B1%E6%B4%BB%E7%94%9F%40%E5%B7%9D%E6%9D%91%E8%BB%8D%E5%9B%A3" n3="%42%65%6E%6E%79%4A%65%74" dan="14,15,15,13" rate="1891.31,2065.41,2009.88,1875.30" sx="F,M,M,M"/><TAIKYOKU oya="0"/><INIT seed="0,0,0,4,3,17" ten="250,250,250,250" oya="0" hai0="12,84,58,16,34,128,68,14,66,63,59,94,119" hai1="122,69,133,46,103,85,24,90,51,21,112,125,101" hai2="50,19,134,120,57,107,37,2,67,129,15,123,61" hai3="92,81,38,117,65,8,109,56,25,75,89,111,62"/><T13/><D119/><U95/><E122/><V76/><F2/><W27/><G38/><T11/><D34/><U82/><E69/><V104/><F37/><W96/><G117/><T53/><D128/><U41/><E112/><V124/><F129/><W23/><G8/><T113/><D113/><U4/><E133/><V80/><F134/><W43/><G43/><T73/><D73/><U116/><E116/><V28/><F124/><W3/><G3/><T78/><D68/><U108/><E125/><V22/><F28/><W131/><G131/><T40/><D40/><U86/><E4/><V105/><REACH who="2" step="1"/><F50/><REACH who="2" ten="250,250,240,250" step="2"/><W39/><G39/><T55/><D66/><U91/><REACH who="1" step="1"/><E108/><REACH who="1" ten="250,240,240,250" step="2"/><V48/><F48/><W6/><G111/><T9/><D9/><U10/><E10/><V26/><F26/><W135/><G109/><T127/><D127/><U72/><E72/><AGARI ba="0,2" hai="15,19,22,57,61,67,72,76,80,104,105,107,120,123" machi="72" ten="40,2600,0" yaku="1,1,52,1,53,0" doraHai="17" doraHaiUra="49" who="2" fromWho="1" sc="250,0,240,-26,240,46,250,0" /><INIT seed="1,0,0,3,0,100" ten="250,214,286,250" oya="1" hai0="7,90,54,13,14,52,130,132,107,134,12,75,26" hai1="117,35,33,86,55,48,125,34,73,21,91,6,79" hai2="30,58,11,88,94,116,47,74,2,49,81,60,57" hai3="61,85,121,40,4,105,62,39,24,67,122,17,89"/><U8/><E117/><V29/><F116/><W99/><G4/><T97/><D75/><U5/><E79/><V83/><F2/><W18/><G62/><T50/><D26/><U37/><E37/><V106/><F106/><W108/><G108/><T120/><D120/><U82/><E73/><V10/><F74/><W126/><G126/><T131/><D90/><U20/><E125/><V42/><F58/><W98/><G99/><T78/><D78/><U104/><E104/><V128/><F128/><N who="0" m="49194" /><D7/><U103/><E103/><V92/><F92/><W84/><G85/><T32/><D32/><U71/><E71/><V36/><F36/><W80/><G18/><T96/><D50/><U64/><E64/><V3/><F3/><W124/><G124/><T129/><D129/><U1/><REACH who="1" step="1"/><E5/><REACH who="1" ten="250,204,286,250" step="2"/><V41/><F30/><W59/><G121/><T45/><D107/><U109/><E109/><V27/><F29/><W114/><G122/><T63/><D97/><U127/><E127/><V69/><F69/><W72/><G98/><T31/><D96/><U68/><E68/><V77/><F77/><W112/><G105/><T25/><D134/><U135/><E135/><V101/><F101/><W43/><G72/><T23/><D132/><U87/><E87/><V65/><F65/><W56/><G39/><T111/><D111/><U16/><E16/><V15/><F88/><W133/><G17/><T93/><D31/><U118/><E118/><V46/><F42/><W51/><G133/><T110/><D110/><U115/><E115/><V44/><F41/><W28/><G112/><T19/><D19/><RYUUKYOKU ba="0,1" sc="250,-10,204,30,286,-10,250,-10" hai1="1,6,8,20,21,33,34,35,48,55,82,86,91" /><INIT seed="1,1,1,4,5,93" ten="240,234,276,240" oya="1" hai0="135,52,78,50,18,131,105,100,127,47,21,23,40" hai1="34,33,73,26,79,53,29,0,41,86,11,111,68" hai2="59,130,54,32,112,97,43,6,4,27,28,58,94" hai3="16,61,109,20,22,38,10,69,55,31,90,75,12"/><U42/><E68/><V25/><F130/><W101/><G38/><T45/><D131/><U66/><E66/><V99/><F112/><W81/><G109/><T88/><D78/><U8/><E73/><V126/><F126/><W2/><G2/><T107/><D135/><U110/><E34/><V134/><F134/><W118/><G118/><T44/><D44/><U17/><E53/><V106/><F43/><N who="1" m="16393" /><E0/><V82/><F82/><W83/><G101/><T65/><D65/><U80/><E17/><V117/><F117/><W115/><G115/><T113/><D113/><U116/><E116/><V72/><F72/><W89/><G75/><T129/><D127/><U123/><E123/><V62/><F27/><N who="3" m="16871" /><G22/><T48/><D23/><U46/><E46/><V121/><F121/><W77/><G69/><T14/><D129/><U85/><E85/><V49/><F106/><W124/><G124/><T9/><D21/><U108/><AGARI ba="1,1" hai="8,11,26,29,33,79,80,86,108,110,111" m="16393" machi="108" ten="40,3900,0" yaku="14,1,10,1" doraHai="93" who="1" fromWho="1" sc="240,-14,234,52,276,-14,240,-14" /><INIT seed="1,2,0,2,3,30" ten="226,286,262,226" oya="1" hai0="58,106,63,121,29,122,91,88,135,104,46,117,40" hai1="102,5,134,2,68,52,14,8,51,48,27,49,127" hai2="9,92,55,18,25,84,34,123,115,97,76,74,43" hai3="118,65,125,81,11,72,45,24,133,35,95,66,59"/><U113/><E113/><V89/><F123/><W12/><G118/><T6/><D6/><U114/><E114/><V42/><F115/><W32/><G133/><T21/><D117/><U17/><E68/><V15/><F74/><W77/><G125/><T93/><D135/><U44/><E127/><V128/><F128/><W103/><G24/><T20/><D91/><U87/><E134/><V3/><F3/><W53/><G45/><T80/><D80/><U96/><E87/><V129/><F129/><W132/><G132/><T86/><D122/><U56/><E44/><V50/><F34/><W4/><G66/><T110/><D121/><U130/><E130/><V90/><F25/><W69/><G65/><T126/><D126/><U119/><E119/><V73/><F73/><W64/><G64/><T47/><D40/><U108/><E108/><V54/><F54/><W85/><G69/><T109/><D86/><U82/><E82/><N who="2" m="49303" /><F76/><W116/><G116/><T120/><D120/><U131/><E131/><V67/><F67/><W41/><G41/><T79/><D110/><U57/><E57/><AGARI ba="2,0" hai="9,15,18,42,43,50,55,57,90,92,97" m="49303" machi="57" ten="30,1000,0" yaku="8,1" doraHai="30" who="2" fromWho="1" sc="226,0,286,-16,262,16,226,0" /><INIT seed="2,0,0,5,5,28" ten="226,270,278,226" oya="2" hai0="47,23,88,50,19,49,75,87,70,129,20,92,73" hai1="43,27,35,44,101,125,95,10,97,102,74,12,89" hai2="3,86,77,51,66,33,112,52,91,82,117,37,67" hai3="118,69,115,13,107,32,93,55,4,85,59,128,63"/><V11/><F37/><W64/><G118/><T36/><D70/><U60/><E74/><V61/><F117/><W81/><G32/><T65/><D36/><U30/><E125/><V56/><F112/><W0/><G0/><T114/><D65/><U5/><REACH who="1" step="1"/><E60/><REACH who="1" ten="226,260,278,226" step="2"/><V29/><F67/><W7/><G115/><T14/><D114/><U134/><E134/><V9/><F3/><W133/><G133/><T90/><D73/><U53/><E53/><V42/><F42/><W127/><G64/><T45/><D75/><U22/><E22/><V105/><F105/><W100/><G63/><T109/><D23/><U72/><E72/><V132/><F132/><W113/><G127/><T40/><D129/><U25/><E25/><V17/><F17/><W104/><G113/><T108/><REACH who="0" step="1"/><D90/><REACH who="0" ten="216,260,278,226" step="2"/><U130/><E130/><V126/><F91/><W58/><G128/><T24/><D24/><U31/><E31/><V54/><F126/><W103/><G69/><T135/><D135/><U119/><E119/><V41/><F66/><W39/><G39/><AGARI ba="0,2" hai="5,10,12,27,30,35,39,43,44,89,95,97,101,102" machi="39" ten="30,3900,0" yaku="1,1,7,1,52,1,53,0" doraHai="28" doraHaiUra="18" who="1" fromWho="3" sc="216,0,260,59,278,0,226,-39" /><INIT seed="3,0,0,3,1,30" ten="216,319,278,187" oya="3" hai0="127,72,3,114,5,135,105,74,132,15,38,104,81" hai1="62,32,109,70,110,22,79,73,100,108,1,63,34" hai2="31,53,117,116,4,77,118,8,21,57,123,120,9" hai3="0,39,27,71,112,87,99,47,24,52,7,95,131"/><W17/><G112/><T18/><D18/><U134/><E1/><N who="2" m="15" /><F77/><W107/><G71/><T26/><D15/><U51/><E134/><N who="0" m="51241" /><D26/><U25/><E100/><V129/><F129/><W59/><G107/><N who="0" m="41035" /><D81/><N who="1" m="45295" /><E51/><V75/><F75/><N who="0" m="28714" /><D114/><U23/><E23/><V102/><F102/><W16/><G131/><T36/><D127/><U19/><E70/><V124/><F57/><W33/><G33/><AGARI ba="0,0" hai="19,22,25,32,33,34,62,63,108,109,110" m="45295" machi="33" ten="40,8000,1" yaku="14,1,52,3" doraHai="30" who="1" fromWho="3" sc="216,0,319,80,278,0,187,-80" /><INIT seed="4,0,0,2,3,89" ten="216,399,278,107" oya="0" hai0="44,75,52,119,47,6,103,73,18,4,46,94,111" hai1="9,23,35,88,43,98,22,110,24,93,102,121,86" hai2="67,116,26,91,117,12,133,59,19,7,129,76,127" hai3="0,118,134,126,8,48,96,13,90,60,81,33,70"/><T79/><D119/><N who="2" m="45642" /><F76/><W131/><G118/><T32/><D32/><U113/><E121/><V21/><F127/><W10/><G33/><T128/><D111/><U49/><E110/><V97/><F129/><W130/><G126/><T114/><D128/><N who="3" m="49193" /><G134/><T65/><D65/><U132/><E132/><V112/><F133/><W100/><G0/><T2/><D18/><U56/><E9/><N who="2" m="4159" /><F112/><W101/><G48/><T66/><D66/><U107/><E113/><V55/><F67/><N who="3" m="41319" /><G10/><T92/><D79/><U39/><E39/><V57/><F55/><W85/><G96/><T3/><D114/><U82/><E107/><V62/><F62/><W84/><G85/><T5/><D103/><U36/><E36/><V50/><F50/><W16/><AGARI ba="0,0" hai="8,13,16,81,84,90,100,101" m="41319,49193" machi="16" ten="30,2000,0" yaku="19,1,54,1" doraHai="89" who="3" fromWho="3" sc="216,-10,399,-5,278,-5,107,20" /><INIT seed="5,0,0,4,5,37" ten="206,394,273,127" oya="1" hai0="128,47,94,122,0,62,24,2,64,109,106,108,104" hai1="90,31,134,50,14,41,68,3,133,63,28,32,101" hai2="132,5,56,123,113,81,131,115,12,57,83,93,51" hai3="20,53,103,44,19,16,100,95,42,118,135,10,127"/><U69/><E3/><V61/><F123/><W88/><G118/><T59/><D94/><U70/><E63/><V77/><F131/><W124/><G135/><N who="1" m="51722" /><E101/><N who="3" m="38986" /><G53/><T114/><D59/><U119/><E119/><V105/><F105/><W60/><G10/><T121/><D62/><U13/><E90/><V76/><F132/><W30/><G60/><T80/><D64/><U84/><E84/><V48/><F93/><W107/><G107/><N who="0" m="41003" /><D80/><U35/><E41/><V8/><F113/><W99/><G30/><N who="1" m="11306" /><E50/><V130/><F115/><W36/><G20/><T7/><D114/><U129/><E129/><V91/><F130/><W117/><G117/><T49/><D128/><U27/><E27/><V92/><F81/><W11/><G11/><T22/><D24/><U110/><E110/><V98/><F57/><W85/><G85/><T58/><D58/><U29/><N who="1" m="11314" /><U6/><DORA hai="1" /><E6/><V67/><REACH who="2" step="1"/><F77/><REACH who="2" ten="206,394,263,127" step="2"/><W65/><G65/><T120/><D120/><U86/><E86/><AGARI ba="0,1" hai="5,8,12,48,51,56,61,67,76,83,86,91,92,98" machi="86" ten="30,16000,3" yaku="1,1,2,1,7,1,8,1,52,1,53,3" doraHai="37,1" doraHaiUra="52,46" who="2" fromWho="1" sc="206,0,394,-160,263,170,127,0" /><INIT seed="6,0,0,3,5,36" ten="206,234,433,127" oya="2" hai0="125,92,46,9,104,121,17,21,110,123,52,23,58" hai1="56,49,50,10,64,62,18,42,109,44,45,69,130" hai2="87,93,2,31,65,122,83,79,103,73,3,80,78" hai3="102,94,98,5,112,95,0,25,113,114,106,20,60"/><V55/><F122/><W85/><G0/><T89/><D104/><U1/><E1/><V118/><F118/><W29/><G5/><T35/><D35/><U135/><E18/><V124/><F124/><W30/><G30/><T63/><D125/><U116/><E10/><V99/><F65/><W86/><REACH who="3" step="1"/><G60/><REACH who="3" ten="206,234,433,117" step="2"/><T77/><D110/><U61/><E116/><V33/><F33/><W119/><G119/><T70/><D123/><U68/><E109/><V39/><F31/><W74/><G74/><T72/><D121/><U108/><E108/><V40/><F2/><W90/><G90/><T76/><D72/><U107/><E62/><V43/><F3/><W22/><G22/><T59/><D77/><U88/><E88/><V47/><F39/><W51/><G51/><T120/><D76/><U129/><E135/><V66/><F66/><W100/><G100/><T71/><D120/><U57/><E107/><V26/><F26/><W127/><G127/><T126/><D126/><U131/><E69/><V132/><F132/><W4/><G4/><T6/><D6/><U11/><E11/><V7/><F7/><W75/><G75/><T28/><D28/><U67/><E67/><V115/><F115/><W16/><G16/><T15/><D71/><U97/><E97/><V54/><F47/><W117/><G117/><T84/><D70/><U133/><E133/><V41/><AGARI ba="0,1" hai="40,41,43,54,55,73,78,79,80,83,87,93,99,103" machi="41" ten="30,11700,0" yaku="0,1,52,3" doraHai="36" who="2" fromWho="2" sc="206,-39,234,-39,433,127,117,-39" /><INIT seed="6,1,0,4,2,69" ten="167,195,560,78" oya="2" hai0="33,19,101,76,119,79,72,125,94,50,10,29,95" hai1="66,3,86,81,20,43,111,23,120,107,7,9,15" hai2="83,84,44,49,12,27,48,24,70,53,46,75,8" hai3="128,37,60,130,91,25,59,87,99,133,73,71,118"/><V97/><F70/><W89/><G118/><T54/><D119/><U102/><E111/><V45/><F75/><W31/><G73/><T116/><D116/><U105/><E120/><V80/><F97/><W41/><G71/><T96/><D29/><U57/><E43/><V113/><F113/><W124/><G99/><T2/><D33/><U93/><E105/><V100/><F100/><W109/><G109/><T65/><D65/><U122/><E107/><V36/><F36/><W40/><G40/><T92/><D72/><U4/><E4/><V78/><F83/><W5/><G5/><T103/><D125/><U104/><E104/><V61/><F61/><W18/><G18/><T90/><D2/><U115/><E3/><V135/><F135/><W56/><G133/><T16/><D10/><U38/><E38/><V30/><F30/><W62/><G124/><T121/><D121/><U127/><E115/><V1/><F1/><W21/><G87/><T34/><D34/><U108/><E127/><V0/><F0/><W77/><G77/><T68/><D68/><U129/><E108/><V17/><REACH who="2" step="1"/><F46/><REACH who="2" ten="167,195,550,78" step="2"/><W112/><G112/><T35/><D103/><U67/><E102/><V123/><F123/><W51/><G31/><T6/><D101/><U106/><E122/><V26/><F26/><W88/><G25/><T13/><D96/><U11/><E81/><V14/><F14/><W32/><G37/><T134/><D13/><U117/><E15/><V131/><F131/><W39/><G39/><T74/><D134/><U52/><E129/><V132/><F132/><W98/><G130/><RYUUKYOKU ba="1,1" sc="167,-10,195,-10,550,30,78,-10" hai2="8,12,17,24,27,44,45,48,49,53,78,80,84" /><INIT seed="6,2,1,3,0,2" ten="157,185,580,68" oya="2" hai0="77,0,22,112,133,13,115,62,109,10,130,121,108" hai1="48,135,11,89,36,82,99,78,14,57,107,117,44" hai2="81,7,42,19,84,58,134,118,24,49,54,33,114" hai3="126,9,87,37,28,96,73,127,71,69,91,129,88"/><V132/><F118/><W75/><G37/><T94/><D77/><U29/><E117/><V5/><F114/><N who="0" m="43562" /><D94/><U27/><E36/><V18/><F42/><W56/><G28/><T31/><D62/><U21/><E135/><N who="2" m="51755" /><F33/><W41/><G41/><T55/><D55/><U116/><E116/><V26/><F26/><W1/><G56/><T23/><D133/><U68/><E68/><N who="3" m="26186" /><G129/><T32/><D130/><U131/><E57/><V101/><F101/><W124/><G96/><T45/><D45/><U39/><E39/><V17/><F24/><W63/><G63/><T59/><D59/><U60/><E60/><V111/><F111/><N who="0" m="42570" /><D0/><U8/><E131/><V74/><F74/><N who="3" m="28171" /><G87/><T70/><D70/><U43/><E99/><V103/><F103/><W38/><G38/><T76/><D76/><AGARI ba="2,1" hai="5,7,17,18,19,49,54,58,76,81,84" m="51755" machi="76" ten="30,5800,0" yaku="20,1,52,2" doraHai="2" who="2" fromWho="0" sc="157,-64,185,0,580,74,68,0" /><INIT seed="6,3,0,4,3,74" ten="93,185,654,68" oya="2" hai0="32,126,38,66,65,130,57,25,20,115,48,63,10" hai1="21,97,24,3,4,0,80,31,75,34,81,84,69" hai2="55,42,92,36,8,98,19,99,56,116,123,121,28" hai3="71,14,62,54,129,27,23,127,135,18,52,133,109"/><V107/><F107/><W93/><G109/><T78/><D38/><U79/><E69/><V68/><F116/><W111/><G111/><T118/><D118/><U88/><E4/><V67/><F68/><W87/><G127/><T96/><D126/><U101/><REACH who="1" step="1"/><E34/><REACH who="1" ten="93,175,654,68" step="2"/><V86/><F121/><W40/><G71/><T64/><D32/><U89/><E89/><V106/><F123/><W85/><G135/><T15/><D130/><U103/><E103/><V95/><F106/><AGARI ba="3,1" hai="0,3,21,24,31,75,79,80,81,84,88,97,101,106" machi="106" ten="30,8000,1" yaku="1,1,7,1,52,1,54,1,53,1" doraHai="74" doraHaiUra="16" who="1" fromWho="2" sc="93,0,175,99,654,-89,68,0" /><INIT seed="7,0,0,5,4,134" ten="93,274,565,68" oya="3" hai0="63,30,101,89,65,17,103,64,48,102,120,1,46" hai1="124,86,5,112,118,14,40,21,22,111,135,36,130" hai2="42,0,52,10,77,131,49,78,80,104,24,127,66" hai3="85,116,122,11,105,125,62,37,74,90,56,16,6"/><W109/><G122/><T38/><D120/><U81/><E111/><V71/><F127/><W58/><G116/><T19/><D1/><U79/><E124/><V132/><F131/><W92/><G109/><T47/><D38/><U126/><E126/><V76/><F132/><W97/><G125/><T12/><D89/><U91/><E135/><V60/><F104/><W20/><G37/><T55/><D30/><U83/><E130/><V73/><F42/><W34/><G34/><T43/><D43/><U41/><E118/><V72/><F24/><W114/><G74/><T108/><D108/><U26/><E36/><V13/><F0/><W107/><G114/><T98/><D98/><U9/><E112/><V119/><F119/><W99/><G107/><T67/><D12/><U15/><E15/><V28/><F28/><W25/><G105/><T29/><D29/><U95/><E22/><V121/><F121/><W87/><G87/><T129/><D129/><U4/><E4/><V8/><F73/><W54/><G58/><T23/><D23/><U7/><E7/><V128/><F128/><W70/><G70/><T106/><D106/><U32/><E32/><V44/><F10/><W68/><G68/><T93/><D93/><U3/><E3/><AGARI ba="0,0" hai="3,6,11,16,20,25,54,56,62,85,90,92,97,99" machi="3" ten="30,2900,0" yaku="7,1,54,1" doraHai="134" who="3" fromWho="1" sc="93,0,274,-29,565,0,68,29" /><INIT seed="7,1,0,3,4,115" ten="93,245,565,97" oya="3" hai0="46,9,101,130,72,43,89,47,42,105,29,124,97" hai1="83,125,91,119,65,21,1,34,128,74,28,118,25" hai2="4,77,85,48,99,39,111,41,87,24,75,54,7" hai3="120,67,57,27,121,16,45,104,96,103,90,122,134"/><W126/><G134/><T44/><D72/><U70/><E1/><V38/><F111/><W49/><G126/><T107/><D124/><U78/><E125/><V93/><F75/><W17/><G90/><T64/><D64/><U8/><E128/><V31/><F41/><W15/><G27/><T108/><D29/><U79/><E79/><V110/><F110/><W52/><G67/><T53/><D108/><U68/><E8/><V95/><F39/><W55/><REACH who="3" step="1"/><G15/><REACH who="3" ten="93,245,565,87" step="2"/><T100/><D130/><U22/><E91/><V63/><F24/><W73/><G73/><T123/><D89/><U32/><E65/><V94/><F77/><W23/><G23/><T2/><D123/><U5/><E21/><V135/><F31/><W60/><AGARI ba="1,1" hai="16,17,45,49,52,55,57,60,96,103,104,120,121,122" machi="60" ten="30,18000,2" yaku="1,1,0,1,54,2,53,2" doraHai="115" doraHaiUra="12" who="3" fromWho="3" sc="93,-61,245,-61,565,-61,87,193" /><INIT seed="7,2,0,0,2,122" ten="32,184,504,280" oya="3" hai0="74,117,59,134,128,35,102,51,119,40,7,58,18" hai1="4,16,65,94,9,107,104,31,49,0,86,100,62" hai2="56,89,88,57,87,131,43,13,81,33,11,125,42" hai3="53,44,77,114,108,14,6,61,52,96,17,28,92"/><W15/><G114/><T19/><D35/><U93/><E31/><V113/><F113/><W37/><G77/><T80/><D102/><U101/><E49/><V82/><F33/><W135/><G28/><T63/><D51/><U46/><E46/><V55/><F125/><W130/><G6/><T121/><D7/><U34/><E34/><V22/><F131/><W12/><G130/><T112/><D128/><U106/><E16/><N who="2" m="8255" /><F22/><W25/><G135/><T32/><D32/><U23/><E23/><V109/><F109/><W64/><G108/><T76/><D112/><U26/><E26/><V120/><F120/><W38/><G37/><T105/><D105/><U24/><E24/><V79/><F57/><N who="3" m="36911" /><G38/><T70/><D70/><U67/><E86/><N who="2" m="50255" /><F79/><W1/><G1/><T45/><D121/><U8/><E8/><V116/><F116/><W97/><G44/><T110/><D45/><U98/><E62/><AGARI ba="2,0" hai="42,43,55,56,62,82,87,89" m="50255,8255" machi="62" ten="30,3900,0" yaku="8,1,54,2" doraHai="122" who="2" fromWho="1" sc="32,0,184,-45,504,45,280,0" owari="32,-47.0,139,-26.0,549,65.0,280,8.0" /></mjloggm>