<mjloggm ver="2.3"><GO type="1" lobby="0"/><UN n0="%E5%B0%B1%E6%B4%BB%E7%94%9F%40%E5%B7%9D%E6%9D%91%E8%BB%8D%E5%9B%A3" n1="%73%6B%2D%61%74%6F%6D" n2="%4E%6F%4E%61%6D%65" n3="%6A%6F%6B%65%72%30%37%32" dan="7,1,0,11" rate="1677.59,1469.40,1500.00,1692.21" sx="M,M,M,M"/><TAIKYOKU oya="0"/><INIT seed="0,0,0,2,0,6" ten="250,250,250,250" oya="0" hai0="102,120,69,31,118,101,39,16,32,18,28,60,75" hai1="45,105,122,24,99,96,10,121,4,50,80,81,13" hai2="88,109,59,116,92,41,128,17,135,98,103,107,64" hai3="110,127,40,25,53,62,82,1,87,113,106,130,77"/><T112/><D75/><U126/><E126/><V56/><F116/><W76/><G127/><T46/><D118/><U42/><E24/><V71/><F109/><W43/><G113/><T3/><D112/><U100/><REACH who="1" step="1"/><E99/><REACH who="1" ten="250,240,250,250" step="2"/><V21/><F135/><W9/><G106/><T108/><D120/><AGARI ba="0,1" hai="4,10,13,42,45,50,80,81,96,100,105,120,121,122" machi="120" ten="40,5200,0" yaku="1,1,2,1,52,1,53,0" doraHai="6" doraHaiUra="51" who="1" fromWho="0" sc="250,-52,240,62,250,0,250,0" /><INIT seed="1,0,0,5,2,63" ten="198,302,250,250" oya="1" hai0="133,44,54,6,30,131,36,22,29,14,67,70,134" hai1="91,117,21,35,76,112,57,78,33,125,120,27,109" hai2="116,49,43,59,92,16,119,13,96,0,50,32,68" hai3="129,19,88,40,5,64,105,66,62,53,90,1,127"/><U65/><E125/><V107/><F68/><W38/><G127/><T10/><D131/><U113/><E120/><V85/><F32/><W7/><G129/><T26/><D30/><U72/><E117/><V87/><F0/><W61/><G105/><T101/><D101/><U108/><E91/><V2/><F2/><W94/><G38/><T89/><D89/><U51/><E72/><V77/><F77/><W31/><G31/><T130/><D130/><U103/><E103/><V110/><F110/><W23/><G1/><T56/><D70/><U4/><E65/><V71/><F71/><W126/><G126/><T60/><REACH who="0" step="1"/><D54/><REACH who="0" ten="188,302,250,250" step="2"/><U100/><E100/><V104/><F119/><W123/><G40/><AGARI ba="0,1" hai="6,10,14,22,26,29,36,40,44,56,60,67,133,134" machi="40" ten="40,8000,1" yaku="1,1,2,1,52,1,53,1" doraHai="63" doraHaiUra="37" who="0" fromWho="3" sc="188,90,302,0,250,0,250,-80" /><INIT seed="2,0,0,3,2,1" ten="278,302,250,170" oya="2" hai0="51,114,67,88,93,77,53,89,2,17,40,100,55" hai1="41,78,131,30,71,64,9,43,130,101,39,90,0" hai2="46,24,23,73,14,104,32,4,20,49,28,121,52" hai3="102,111,113,76,65,69,3,34,115,35,42,124,97"/><V91/><F121/><W83/><G124/><T92/><D114/><N who="3" m="43529" /><G111/><T12/><D2/><U134/><E134/><V15/><F73/><N who="3" m="43407" /><G42/><T70/><D77/><U127/><E127/><V21/><F91/><W129/><G129/><T128/><D128/><U84/><E30/><V45/><F104/><N who="3" m="63567" /><G3/><T25/><D25/><U110/><E110/><V112/><F112/><W66/><G66/><T63/><D100/><U38/><E78/><V61/><F61/><AGARI ba="0,0" hai="34,35,61,65,69" m="63567,43407,43529" machi="61" ten="30,2000,0" yaku="11,1,23,1" doraHai="1" who="3" fromWho="2" sc="278,0,302,0,250,-20,170,20" /><INIT seed="3,0,0,2,0,117" ten="278,302,230,190" oya="3" hai0="37,108,6,35,38,90,122,68,126,57,81,54,16" hai1="99,118,52,96,82,120,5,65,113,43,84,42,129" hai2="33,94,93,85,11,63,133,111,56,53,134,102,116" hai3="72,48,44,19,25,86,58,40,27,95,75,123,76"/><W135/><G123/><T3/><D68/><U7/><E129/><V50/><F116/><W104/><G135/><N who="2" m="51721" /><F33/><W39/><G104/><T98/><D108/><U26/><E120/><V31/><F111/><W91/><G76/><T1/><D122/><U67/><E113/><V0/><F0/><W124/><G124/><T8/><D35/><U107/><E118/><V2/><F2/><W21/><G27/><T36/><D126/><U10/><E7/><V112/><F112/><W132/><G132/><T79/><D98/><U78/><E96/><V114/><F114/><W9/><G9/><T51/><D90/><U45/><E26/><V22/><F11/><W100/><G100/><T115/><D115/><U89/><E107/><V74/><F74/><W34/><G34/><T28/><D28/><U127/><E127/><V55/><F102/><W49/><G39/><T80/><D80/><U32/><E32/><V59/><F85/><W17/><G17/><T62/><D3/><U60/><E67/><V110/><F110/><W30/><G30/><T14/><D1/><U106/><E106/><V87/><F87/><W101/><G101/><T121/><D121/><U18/><E18/><V73/><F73/><W77/><G77/><T61/><REACH who="0" step="1"/><D6/><REACH who="0" ten="268,302,230,190" step="2"/><U119/><E119/><V29/><F22/><W125/><REACH who="3" step="1"/><G125/><REACH who="3" ten="268,302,230,180" step="2"/><T4/><D4/><U23/><E5/><V103/><F103/><W20/><G20/><T105/><D105/><U12/><E78/><V130/><F130/><W83/><G83/><T47/><D47/><U46/><E99/><V131/><F131/><W66/><G66/><RYUUKYOKU ba="0,2" sc="268,10,302,-30,230,10,180,10" hai0="8,14,16,36,37,38,51,54,57,61,62,79,81" hai2="29,31,50,53,55,56,59,63,93,94" hai3="19,21,25,40,44,48,49,58,72,75,86,91,95" /><INIT seed="3,1,2,5,5,54" ten="278,272,240,190" oya="3" hai0="121,69,101,77,39,88,100,55,103,94,46,112,116" hai1="3,50,22,0,128,66,72,25,16,111,132,23,52" hai2="19,40,17,6,87,44,97,24,45,80,18,84,93" hai3="92,56,42,28,122,64,117,96,124,135,7,57,114"/><W11/><G122/><T82/><D69/><U70/><E132/><V130/><F6/><W73/><G117/><T95/><D112/><U118/><E128/><V65/><F65/><W48/><G114/><T110/><D116/><U47/><E118/><V1/><F1/><W13/><G73/><T12/><D121/><U119/><E111/><V67/><F67/><W125/><G135/><T78/><D110/><U102/><E119/><V8/><F8/><W30/><G64/><T43/><D55/><U51/><E102/><V99/><F130/><W109/><G109/><T81/><D12/><U98/><E72/><V2/><F2/><W36/><G36/><T131/><D131/><U91/><E23/><V134/><F134/><W105/><G105/><T76/><REACH who="0" step="1"/><D95/><REACH who="0" ten="268,272,240,190" step="2"/><U61/><REACH who="1" step="1"/><E51/><REACH who="1" ten="268,262,240,190" step="2"/><N who="2" m="27015" /><F45/><N who="3" m="25655" /><G124/><T21/><D21/><U58/><E58/><N who="3" m="22634" /><G125/><T15/><D15/><U5/><E5/><V133/><F133/><W35/><G35/><T63/><D63/><U32/><E32/><V86/><F24/><W37/><G37/><T89/><D89/><AGARI ba="1,4" hai="7,11,13,28,30,89,92,96" m="22634,25655" machi="89" ten="30,11600,0" yaku="8,1,52,3" doraHai="54" who="3" fromWho="0" sc="268,-119,262,0,240,0,190,159" owari="149,-35.0,262,6.0,240,-16.0,349,45.0" /></mjloggm>