<mjloggm ver="2.3"><GO type="169" lobby="0"/><UN n0="%E3%82%AF%E3%83%AD%E3%83%8E%E3%82%B9%40" n1="%E3%82%A6%E3%83%AB%E3%83%88%E3%83%A9%E7%AB%8B%E7%9B%B4" n2="%E6%AD%A6%E5%89%87%E8%BC%9D%E6%B5%B7" n3="%4F%5A%4B%59" dan="18,16,16,16" rate="2173.36,2106.18,2056.20,2104.17" sx="M,M,M,M"/><TAIKYOKU oya="0"/><INIT seed="0,0,0,1,0,123" ten="250,250,250,250" oya="0" hai0="56,93,116,7,29,98,25,69,8,97,23,38,64" hai1="73,101,53,106,111,118,1,133,11,26,135,13,109" hai2="62,22,63,88,95,31,96,43,60,65,71,81,32" hai3="115,122,35,77,82,47,70,28,49,92,124,85,55"/><T24/><D116/><U68/><E73/><V9/><F32/><W44/><G115/><T15/><D38/><U61/><E1/><V46/><F9/><W134/><G70/><T50/><D69/><U66/><E118/><V125/><F125/><W87/><G124/><T12/><D97/><N who="1" m="61743" /><E26/><V52/><F31/><W128/><G122/><T67/><D25/><U100/><E53/><V91/><F22/><W16/><G128/><T127/><D127/><U132/><E100/><V17/><F17/><AGARI ba="0,0" hai="11,13,17,61,66,68,109,111,132,133,135" m="61743" machi="17" ten="30,3900,0" yaku="20,1,52,2" doraHai="123" who="1" fromWho="2" sc="250,0,250,39,250,-39,250,0" /><INIT seed="1,0,0,0,0,131" ten="250,289,211,250" oya="1" hai0="104,79,49,95,76,77,133,10,74,7,60,51,84" hai1="70,89,92,43,123,59,110,33,64,22,121,135,118" hai2="117,66,96,44,129,32,71,16,17,38,126,27,128" hai3="68,106,113,14,100,48,61,93,37,127,90,94,26"/><U125/><E33/><V57/><F117/><W103/><G113/><T42/><D104/><U50/><E22/><V86/><F57/><W19/><G37/><T109/><D109/><U73/><E73/><V122/><F122/><W9/><G127/><T21/><D74/><U54/><E89/><V30/><F126/><W12/><G26/><T85/><D133/><U99/><E92/><V102/><F86/><W1/><G1/><T55/><D60/><N who="1" m="40199" /><E99/><V101/><F44/><W124/><G124/><T80/><D21/><U72/><E72/><V65/><F38/><W132/><G132/><T82/><D42/><U62/><E125/><V119/><F119/><W69/><G48/><T53/><D95/><U28/><E28/><V98/><F71/><W56/><G106/><T23/><D23/><U20/><E20/><V108/><F108/><W88/><G19/><T115/><D115/><U31/><E31/><V3/><F30/><W116/><G9/><T78/><D10/><U81/><E81/><V58/><F58/><W29/><G56/><N who="0" m="32815" /><D7/><U13/><E118/><V15/><F3/><W35/><G29/><T83/><N who="0" m="19968" /><DORA hai="112" /><T2/><D2/><U75/><E75/><V8/><F8/><W6/><G116/><T39/><D39/><U24/><E110/><V87/><F15/><W45/><G6/><T0/><D0/><U47/><E135/><V36/><F36/><W120/><G35/><T134/><D134/><U18/><E24/><V41/><F32/><W130/><G12/><T25/><D25/><U11/><E121/><V52/><F27/><W97/><G120/><RYUUKYOKU ba="0,0" sc="250,15,289,15,211,-15,250,-15" hai0="51,55,80,82,83,84,85" hai1="11,13,18,43,47,50,54,59,62,123" /><INIT seed="1,1,0,2,2,108" ten="265,304,196,235" oya="1" hai0="40,10,102,44,56,99,131,123,82,134,105,76,41" hai1="57,91,88,25,61,32,114,62,116,38,107,135,35" hai2="121,89,36,50,39,11,53,21,66,117,125,51,20" hai3="16,26,5,6,113,34,37,75,67,78,17,4,112"/><U129/><E107/><V65/><F121/><W95/><G37/><T92/><D123/><U2/><E2/><V43/><F11/><W128/><G67/><N who="2" m="25609" /><F89/><W93/><G128/><T126/><D131/><U8/><E38/><N who="2" m="14379" /><F21/><W74/><G34/><T12/><D134/><U52/><E116/><V47/><F20/><W90/><G78/><T130/><D126/><U84/><E135/><V133/><F133/><W3/><G3/><T79/><D130/><U31/><E129/><V111/><F111/><W119/><G119/><T97/><D44/><U100/><E100/><V124/><F117/><W77/><G77/><T0/><D56/><AGARI ba="1,0" hai="43,47,50,51,53,56,124,125" m="14379,25609" machi="56" ten="30,2000,0" yaku="34,2" doraHai="108" who="2" fromWho="0" sc="265,-23,304,0,196,23,235,0" /><INIT seed="2,0,0,4,3,107" ten="242,304,219,235" oya="2" hai0="73,133,130,26,103,89,76,47,84,31,105,13,52" hai1="83,41,28,23,6,117,116,18,121,24,68,122,53" hai2="85,111,37,87,2,61,88,50,124,75,27,43,98" hai3="22,9,129,113,91,60,64,1,110,25,44,93,102"/><V126/><F2/><W108/><G129/><T56/><D133/><U99/><E68/><V69/><F37/><W8/><G113/><T125/><D125/><N who="2" m="48234" /><F27/><W38/><G102/><T97/><D47/><U94/><E41/><V14/><F14/><W0/><G9/><T71/><D71/><U81/><E6/><V3/><F3/><W67/><G38/><T55/><D130/><U86/><E28/><V51/><F111/><N who="3" m="42539" /><G44/><T119/><D13/><U78/><E83/><V20/><F20/><W96/><G8/><T7/><D7/><U77/><E77/><V114/><F114/><W30/><G67/><T131/><D56/><AGARI ba="0,0" hai="0,1,22,25,30,56,60,64,91,93,96" m="42539" machi="56" ten="30,1000,0" yaku="14,1" doraHai="107" who="3" fromWho="0" sc="242,-10,304,0,219,0,235,10" /><INIT seed="3,0,0,1,1,108" ten="232,304,219,245" oya="3" hai0="104,72,81,74,101,125,83,64,127,94,17,79,3" hai1="57,2,51,24,33,31,56,126,25,85,76,120,119" hai2="90,45,73,123,12,135,54,41,109,88,1,4,134" hai3="14,38,95,15,53,49,42,129,8,75,82,11,117"/><W80/><G117/><T106/><D3/><U62/><E2/><V114/><F109/><W35/><G35/><T13/><D64/><U132/><E120/><V105/><F105/><N who="0" m="40554" /><D13/><U133/><E126/><N who="0" m="48137" /><D17/><U43/><E119/><V19/><F73/><N who="0" m="28266" /><D79/><U68/><E24/><V110/><F54/><W21/><G21/><T107/><N who="0" m="40562" /><T40/><DORA hai="71" /><D40/><U87/><E76/><V69/><F69/><W30/><G42/><T44/><D44/><N who="1" m="26015" /><E68/><V118/><F118/><W58/><G30/><T60/><D60/><U39/><E57/><V77/><F77/><W18/><G75/><T130/><D130/><U97/><E56/><V66/><F66/><W131/><G38/><T67/><D67/><U26/><E39/><V65/><F65/><W50/><G50/><T59/><D59/><U10/><E26/><V84/><F1/><W124/><G124/><T23/><D23/><U22/><E62/><V121/><F45/><W63/><G49/><T128/><D128/><U98/><E22/><V100/><F41/><W32/><G32/><T61/><D61/><U103/><E25/><V52/><F19/><N who="3" m="8647" /><G131/><T102/><D94/><U86/><E31/><V93/><F93/><W0/><G129/><T112/><D112/><U116/><E33/><V37/><F114/><W28/><G0/><T96/><D96/><U7/><E116/><V36/><F36/><W89/><G28/><T115/><D115/><U34/><E34/><V20/><F37/><W27/><G27/><T29/><D29/><U48/><E48/><V16/><F20/><W5/><G5/><T55/><D55/><RYUUKYOKU ba="0,0" sc="232,15,304,-15,219,-15,245,15" hai0="81,83,101,102" hai3="11,15,18,53,58,63,80,82,89,95" /><INIT seed="3,1,0,3,5,76" ten="247,289,204,260" oya="3" hai0="102,133,98,126,107,11,50,132,80,45,28,106,108" hai1="25,38,56,10,32,66,128,91,89,111,2,69,64" hai2="129,70,121,113,71,115,92,16,119,52,84,15,86" hai3="57,20,114,18,46,134,135,77,41,24,110,82,14"/><W63/><G114/><T79/><D108/><U112/><E69/><V123/><F119/><W12/><G110/><T44/><D126/><U122/><E38/><V118/><F118/><W116/><G116/><T62/><D28/><U96/><E66/><V43/><F43/><W55/><G135/><N who="0" m="51787" /><D62/><U37/><E91/><V31/><F31/><W117/><G117/><T23/><D23/><U6/><E37/><V3/><F3/><W73/><REACH who="3" step="1"/><G134/><REACH who="3" ten="247,289,204,250" step="2"/><T9/><D107/><U93/><E111/><V48/><F115/><W59/><G59/><T94/><D106/><U87/><E56/><V100/><F113/><W8/><G8/><N who="0" m="3147" /><D50/><AGARI ba="1,1" hai="12,14,18,20,24,41,46,50,55,57,63,73,77,82" machi="50" ten="30,5800,0" yaku="1,1,7,1,52,1,53,0" doraHai="76" doraHaiUra="65" who="3" fromWho="0" sc="247,-61,289,0,204,0,250,71" /><INIT seed="3,2,0,3,4,74" ten="186,289,204,321" oya="3" hai0="80,58,105,16,37,42,26,110,68,91,73,104,55" hai1="8,78,65,1,7,62,72,13,29,75,43,106,92" hai2="41,125,132,87,134,126,83,36,111,112,3,45,123" hai3="94,88,76,52,119,20,9,103,33,2,38,97,19"/><W81/><G38/><T18/><D68/><U5/><E106/><V107/><F3/><W53/><G33/><T24/><D110/><U121/><E121/><V115/><F107/><W60/><G119/><T102/><D37/><U28/><E43/><V129/><F111/><W48/><G60/><T59/><D42/><U34/><E92/><V39/><F39/><W114/><G114/><T44/><D44/><U66/><E13/><V17/><F17/><W89/><G9/><T57/><D55/><N who="3" m="21065" /><G48/><T70/><D70/><U118/><E62/><V32/><F32/><W130/><G130/><T79/><D91/><U101/><E8/><V86/><F123/><W133/><G2/><T50/><D50/><U120/><E34/><V84/><F129/><W127/><G133/><N who="2" m="51305" /><F83/><W10/><G10/><T135/><D135/><U108/><E1/><V82/><F82/><W113/><G127/><AGARI ba="2,0" hai="36,41,45,84,86,87,112,115,125,126,127" m="51305" machi="127" ten="40,2600,0" yaku="18,1,20,1" doraHai="74" who="2" fromWho="3" sc="186,0,289,0,204,32,321,-32" /><INIT seed="4,0,0,1,2,76" ten="186,289,236,289" oya="0" hai0="109,10,60,23,30,110,19,80,129,122,20,46,91" hai1="8,45,32,50,70,58,108,115,120,22,15,0,33" hai2="64,48,14,87,81,128,57,25,5,43,86,90,132" hai3="71,34,93,100,117,74,103,27,124,29,21,111,18"/><T24/><D122/><U63/><E108/><N who="0" m="41577" /><D129/><U3/><E70/><V72/><F72/><W97/><G111/><T40/><D10/><U51/><E51/><V107/><F107/><W73/><G117/><T69/><D69/><U4/><E120/><V49/><F128/><W65/><G124/><T88/><D60/><U31/><E115/><V47/><F132/><W125/><G103/><T123/><D123/><U96/><E96/><V126/><F126/><W37/><G37/><N who="0" m="21775" /><D80/><U101/><E101/><V39/><F64/><W16/><G125/><T68/><D68/><U85/><E3/><V131/><F131/><W75/><REACH who="3" step="1"/><G34/><REACH who="3" ten="186,289,236,279" step="2"/><T89/><D23/><U133/><E32/><V42/><F39/><W38/><G38/><T6/><D6/><U82/><E133/><V95/><F5/><W61/><AGARI ba="0,1" hai="16,18,21,27,29,61,65,71,73,74,75,93,97,100" machi="61" ten="40,5200,0" yaku="1,1,0,1,54,1,53,0" doraHai="76" doraHaiUra="52" who="3" fromWho="3" sc="186,-26,289,-13,236,-13,279,62" /><INIT seed="5,0,0,4,5,125" ten="160,276,223,341" oya="1" hai0="129,16,111,113,72,73,75,131,25,81,83,15,19" hai1="53,44,28,88,79,14,13,63,22,114,55,89,2" hai2="50,32,85,12,98,43,102,41,11,37,24,52,1" hai3="118,7,93,39,77,67,116,95,40,60,48,29,101"/><U35/><E2/><V120/><F120/><W76/><G39/><T38/><D111/><U71/><E35/><V117/><F117/><N who="3" m="45163" /><G7/><T42/><D113/><U69/><E79/><V119/><F119/><W135/><G29/><T49/><D38/><U121/><E121/><V128/><F1/><W105/><G105/><T122/><D122/><U134/><E134/><V100/><F37/><W36/><G36/><T127/><D127/><U115/><E28/><V68/><F68/><N who="1" m="26185" /><E22/><V5/><F102/><W51/><G135/><T94/><D94/><N who="3" m="35849" /><G101/><T103/><D103/><U70/><E44/><V108/><F108/><W21/><G21/><N who="0" m="13479" /><D49/><N who="3" m="19017" /><G40/><T27/><D42/><U74/><E74/><V64/><F43/><W66/><G66/><T54/><D54/><N who="1" m="20491" /><E63/><V47/><F100/><W8/><G8/><N who="0" m="6631" /><D27/><U10/><E10/><V30/><F41/><W90/><G90/><N who="1" m="34922" /><E70/><AGARI ba="0,0" hai="60,67,70,76,77" m="19017,35849,45163" machi="70" ten="30,1000,0" yaku="12,1" doraHai="125" who="3" fromWho="1" sc="160,0,276,-10,223,0,341,10" /><INIT seed="6,0,0,2,0,56" ten="160,266,223,351" oya="2" hai0="18,83,61,58,133,12,30,51,94,6,3,28,78" hai1="0,84,98,91,49,134,128,22,46,124,99,20,129" hai2="118,69,120,77,73,97,126,108,8,67,125,26,76" hai3="95,66,7,5,100,110,37,24,123,121,90,92,115"/><V32/><F120/><W106/><G110/><T43/><D133/><U42/><E0/><V105/><F118/><W36/><G24/><T122/><D122/><U59/><E124/><N who="2" m="47723" /><F8/><W74/><G90/><T127/><D127/><U109/><E109/><V116/><F116/><W15/><G15/><T31/><D3/><U44/><E134/><V50/><F50/><W63/><G74/><T82/><D6/><U89/><E59/><V132/><F108/><W70/><G115/><T88/><D78/><U62/><E49/><V11/><F11/><W114/><G114/><T79/><D79/><U54/><E42/><V45/><F45/><W81/><G81/><T27/><D27/><U41/><E41/><V33/><F132/><W75/><G75/><T55/><D43/><U131/><E131/><V10/><F10/><W47/><G106/><T111/><D111/><U57/><E57/><V2/><F2/><W85/><G47/><T130/><D130/><U80/><E54/><V68/><F68/><W23/><G70/><T104/><D104/><U60/><E80/><N who="0" m="30761" /><D51/><U72/><E84/><V52/><F73/><AGARI ba="0,0" hai="20,22,44,46,60,62,72,73,89,91,98,99,128,129" machi="73" ten="25,6400,0" yaku="22,2,52,2" doraHai="56" who="1" fromWho="2" sc="160,0,266,64,223,-64,351,0" /><INIT seed="7,0,0,4,4,13" ten="160,330,159,351" oya="3" hai0="3,112,124,73,4,107,98,80,59,7,106,105,66" hai1="16,76,115,19,24,17,91,41,8,120,71,70,36" hai2="0,14,62,100,27,68,1,75,63,110,97,38,42" hai3="6,74,50,53,101,57,28,40,83,111,95,72,121"/><W61/><G121/><T55/><D66/><U93/><E120/><V79/><F110/><W37/><G37/><T2/><D98/><U103/><E70/><V128/><F14/><W52/><G40/><T81/><D124/><U122/><E71/><V96/><F96/><W131/><G28/><T12/><D112/><U114/><E122/><V48/><F48/><W129/><G6/><N who="0" m="2091" /><D12/><N who="1" m="7175" /><E103/><V21/><F63/><W92/><G111/><T64/><D64/><U94/><E76/><V32/><F21/><W9/><G9/><T5/><D5/><U60/><E60/><V117/><F117/><W125/><G125/><T67/><D67/><U10/><E10/><V34/><F62/><W22/><G22/><T133/><D133/><U43/><E24/><V87/><F87/><W126/><G126/><T49/><D73/><U15/><E15/><V26/><F26/><W31/><G31/><T108/><D108/><U89/><E43/><V123/><F68/><W84/><G101/><T51/><D3/><U58/><E58/><V119/><F119/><W25/><G25/><T54/><D2/><N who="2" m="1130" /><F123/><W85/><G74/><T23/><D23/><U44/><E93/><V86/><F86/><W82/><G72/><T69/><D69/><U39/><E39/><V118/><F118/><W104/><G104/><T113/><D113/><N who="1" m="43019" /><E94/><V109/><F109/><W135/><G95/><T78/><D78/><U116/><E116/><V30/><F34/><W127/><G92/><T132/><D132/><U46/><E46/><N who="2" m="23895" /><F128/><N who="3" m="49227" /><G135/><T56/><D107/><U102/><E102/><V77/><F75/><W18/><G127/><RYUUKYOKU ba="0,0" sc="160,10,330,10,159,10,351,-30" hai0="49,51,54,55,56,59,80,81,105,106" hai1="17,19,36,41,44,89,91" hai2="27,30,32,77,79,97,100" owari="170,-23.0,340,44.0,169,-33.0,321,12.0" /></mjloggm>