<mjloggm ver="2.3"><GO type="97" lobby="0"/><UN n0="%E5%B0%B1%E6%B4%BB%E7%94%9F%40%E5%B7%9D%E6%9D%91%E8%BB%8D%E5%9B%A3" n1="%E3%82%BF%E3%83%B3%E3%83%A4%E7%8E%8B" n2="%64%59%77%2E%45%7A%6F" n3="%E2%98%85%E9%BA%BB%E5%B0%86%E7%AB%B6%E6%8A%80%E6%84%9B%E5%A5%BD%E8%80%85" dan="14,13,15,14" rate="1959.01,1905.82,1993.04,2050.68" sx="M,M,M,M"/><TAIKYOKU oya="0"/><INIT seed="0,0,0,3,2,69" ten="250,250,250,250" oya="0" hai0="29,38,42,1,133,103,4,98,84,11,87,102,129" hai1="6,92,22,93,18,67,61,43,19,104,40,114,51" hai2="76,81,96,122,132,54,57,33,52,31,130,44,27" hai3="0,70,108,39,48,59,72,45,135,120,66,28,25"/><T7/><D129/><U77/><E104/><V58/><F122/><W117/><G117/><T41/><D133/><U115/><E6/><V88/><F130/><W12/><G0/><T32/><D7/><U17/><E77/><V110/><F132/><W119/><G119/><T64/><D64/><U123/><E123/><V75/><F110/><W111/><G72/><T74/><D74/><U35/><E35/><V95/><F54/><N who="3" m="32199" /><G12/><T34/><D103/><U5/><E5/><V15/><F15/><W128/><G128/><T80/><D84/><U79/><E79/><V55/><F55/><W73/><G73/><T23/><D23/><U20/><E51/><V8/><F8/><W109/><G135/><T126/><D126/><U82/><E82/><V99/><F99/><W10/><G10/><T118/><D118/><U113/><E61/><V16/><F16/><W125/><G120/><T53/><D53/><U121/><E67/><V21/><F33/><N who="3" m="20623" /><G45/><T36/><D41/><N who="1" m="15947" /><E121/><V78/><F78/><W2/><G2/><T100/><D100/><U56/><E56/><V62/><F58/><W97/><G97/><T50/><D50/><U94/><AGARI ba="0,0" hai="17,18,19,20,22,92,93,94,113,114,115" m="15947" machi="94" ten="40,8000,1" yaku="29,2,28,2,11,1" doraHai="69" who="1" fromWho="1" sc="250,-40,250,80,250,-20,250,-20" /><INIT seed="1,0,0,4,5,38" ten="210,330,230,230" oya="1" hai0="89,61,9,47,73,86,108,67,106,60,66,131,114" hai1="27,51,129,103,132,62,113,135,5,17,49,81,2" hai2="88,101,36,85,11,87,72,115,44,30,33,100,78" hai3="109,94,119,70,104,37,13,65,56,0,24,120,90"/><U102/><E113/><V71/><F71/><W93/><G0/><T52/><D73/><U46/><E129/><V121/><F121/><W111/><G104/><T117/><D106/><U32/><E62/><N who="0" m="24169" /><D117/><U82/><E5/><V92/><F72/><W64/><G94/><N who="0" m="54583" /><D131/><U55/><E2/><V1/><F115/><W8/><G24/><T126/><D114/><U107/><E17/><V118/><F118/><W42/><G120/><T40/><D126/><U23/><E32/><V80/><F33/><W127/><G56/><T91/><D108/><N who="3" m="41545" /><G127/><T54/><D91/><U76/><E107/><V112/><F112/><W96/><G70/><T26/><D9/><U53/><E132/><V10/><F30/><W22/><G22/><T83/><D83/><U123/><E135/><V34/><F34/><W43/><G37/><T79/><D79/><U25/><E123/><V41/><REACH who="2" step="1"/><F11/><REACH who="2" ten="210,330,220,230" step="2"/><W125/><G125/><T68/><D68/><U105/><E105/><V128/><F128/><W16/><G119/><T57/><D67/><AGARI ba="0,1" hai="8,13,16,42,43,64,65,67,90,93,96" m="41545" machi="67" ten="30,7700,0" yaku="14,1,52,2,54,1" doraHai="38" who="3" fromWho="0" sc="210,-77,330,0,220,0,230,87" /><INIT seed="2,0,0,1,0,25" ten="133,330,220,317" oya="2" hai0="71,17,98,11,110,90,32,13,95,125,0,63,75" hai1="116,94,59,27,109,43,61,79,7,36,26,131,22" hai2="52,31,66,133,99,121,117,57,35,91,100,6,80" hai3="1,129,30,60,123,46,40,107,39,8,103,82,97"/><V84/><F117/><W70/><G129/><T104/><D110/><U122/><E116/><V132/><F121/><W127/><G127/><T120/><D120/><U20/><E122/><V64/><F6/><W51/><G51/><T74/><D125/><U73/><E109/><V83/><F83/><W72/><G123/><T92/><D104/><U65/><E131/><V41/><F41/><W128/><G128/><T9/><D32/><U4/><E73/><V2/><F2/><W105/><G30/><T58/><D71/><U102/><E79/><V111/><F111/><W55/><G55/><T106/><D106/><U38/><E43/><V48/><F99/><W115/><G60/><T93/><D74/><U14/><E38/><V88/><F91/><W50/><G50/><T85/><D75/><U118/><E36/><V15/><F15/><W76/><G107/><T81/><D0/><U130/><E118/><V44/><F44/><W126/><G115/><T16/><D17/><N who="1" m="12559" /><E14/><V47/><F47/><W12/><G12/><T53/><REACH who="0" step="1"/><D11/><REACH who="0" ten="123,330,220,317" step="2"/><U28/><E130/><V68/><F68/><W119/><G126/><T87/><D87/><U86/><E86/><V5/><F133/><W62/><G119/><T101/><AGARI ba="0,1" hai="9,13,16,53,58,63,81,85,90,92,93,95,98,101" machi="101" ten="20,8000,1" yaku="1,1,0,1,7,1,8,1,54,1,53,0" doraHai="25" doraHaiUra="29" who="0" fromWho="0" sc="123,90,330,-20,220,-40,317,-20" /><INIT seed="3,0,0,3,2,112" ten="213,310,180,297" oya="3" hai0="5,44,55,39,79,129,96,75,45,16,48,9,113" hai1="2,85,53,127,78,131,97,35,7,59,116,42,8" hai2="87,107,29,86,71,130,101,128,117,109,43,46,26" hai3="90,81,25,82,38,28,73,11,110,98,115,50,77"/><W31/><G115/><T134/><D113/><U4/><E35/><V111/><F71/><W36/><G31/><T92/><D134/><U56/><E127/><V13/><F101/><W21/><G110/><N who="2" m="41993" /><F107/><W15/><G50/><T74/><D129/><N who="2" m="49770" /><F13/><W72/><G72/><T20/><D39/><U0/><E131/><V88/><F86/><W100/><G90/><T94/><D79/><U124/><E78/><V114/><F114/><W103/><G82/><T18/><D75/><U105/><E85/><V70/><F70/><W69/><G69/><T49/><D74/><U54/><E105/><V52/><F43/><W132/><G132/><T33/><D33/><U84/><E84/><V93/><F26/><W63/><G63/><T99/><D5/><U60/><E42/><V95/><F29/><W37/><REACH who="3" step="1"/><G98/><REACH who="3" ten="213,310,180,287" step="2"/><T89/><D48/><U1/><E124/><V91/><F91/><W64/><G64/><T62/><D96/><U27/><E97/><V6/><F6/><AGARI ba="0,1" hai="6,11,15,21,25,28,36,37,38,73,77,81,100,103" machi="6" ten="40,2000,0" yaku="1,1,53,0" doraHai="112" doraHaiUra="102" who="3" fromWho="2" sc="213,0,310,0,180,-20,287,30" owari="213,-19.0,310,11.0,160,-34.0,317,42.0" /></mjloggm>