<mjloggm ver="2.3"><GO type="65" lobby="0"/><UN n0="%2D%52%55%55%2D" n1="%E5%B0%B1%E6%B4%BB%E7%94%9F%40%E5%B7%9D%E6%9D%91%E8%BB%8D%E5%9B%A3" n2="%4E%6F%4E%61%6D%65" n3="%E2%98%85%E9%9C%9C%E6%9C%88%EF%BC%92%EF%BC%95%E2%98%85" dan="8,7,0,0" rate="1519.74,1647.54,1500.00,1484.44" sx="F,M,M,M"/><TAIKYOKU oya="0"/><INIT seed="0,0,0,0,1,41" ten="250,250,250,250" oya="0" hai0="38,96,105,116,22,131,135,89,7,10,58,49,19" hai1="134,37,0,114,112,67,128,90,82,104,11,84,69" hai2="34,39,83,54,47,51,127,4,9,14,62,117,108" hai3="81,88,91,23,133,33,85,70,24,3,56,61,77"/><T45/><D116/><U113/><E104/><V48/><F83/><W15/><G133/><T110/><D38/><U130/><E37/><V79/><F34/><W129/><G33/><T80/><D131/><U59/><E69/><V103/><F117/><W65/><G70/><T16/><D135/><U99/><E134/><V31/><F127/><W25/><G3/><T32/><D110/><U109/><E109/><V13/><F108/><W119/><G129/><N who="1" m="49770" /><E67/><V102/><F79/><W1/><G1/><T36/><D32/><U35/><E35/><V42/><F31/><W121/><G119/><T50/><D36/><U76/><E59/><V111/><F111/><W97/><G121/><T17/><D105/><U132/><E132/><V29/><F29/><W44/><G97/><T55/><D96/><U74/><E11/><V66/><F14/><W73/><G73/><T2/><D80/><N who="1" m="49415" /><E0/><V21/><F21/><W118/><G118/><T52/><REACH who="0" step="1"/><D89/><REACH who="0" ten="240,250,250,250" step="2"/><U125/><E99/><V126/><F126/><AGARI ba="0,1" hai="74,76,82,112,113,114,125,126" m="49415,49770" machi="126" ten="40,8000,1" yaku="11,1,19,1,34,2" doraHai="41" who="1" fromWho="2" sc="240,0,250,90,250,-80,250,0" /><INIT seed="1,0,0,2,4,83" ten="240,340,170,250" oya="1" hai0="56,108,41,101,123,38,71,14,5,132,115,61,133" hai1="31,32,80,47,27,118,12,8,67,79,68,48,100" hai2="23,81,20,97,106,113,9,111,26,37,0,126,43" hai3="42,75,2,24,36,17,35,18,122,94,76,120,103"/><U25/><E118/><V82/><F113/><W95/><G122/><T128/><D115/><U96/><E27/><V109/><F126/><W130/><G130/><T74/><D74/><U124/><E124/><V4/><F106/><W13/><G120/><T70/><D101/><U77/><E68/><N who="0" m="26153" /><D5/><U69/><E69/><V105/><F97/><W58/><G2/><T85/><D14/><U51/><E67/><V107/><F26/><W127/><G127/><T1/><D1/><U16/><E48/><V93/><F93/><W22/><G35/><T53/><D123/><U102/><E96/><V66/><F66/><W50/><G75/><T15/><D15/><U33/><E33/><V54/><F54/><W57/><G36/><T19/><D19/><U44/><E44/><V21/><F37/><W52/><G76/><T49/><D128/><U10/><E10/><V119/><F43/><W110/><G42/><T99/><D99/><U135/><E135/><N who="0" m="51785" /><D85/><U73/><REACH who="1" step="1"/><E79/><REACH who="1" ten="240,330,170,250" step="2"/><V84/><F119/><W6/><G110/><N who="2" m="41993" /><F81/><W89/><G103/><T86/><D108/><U55/><AGARI ba="0,1" hai="8,12,16,25,31,32,47,51,55,73,77,80,100,102" machi="55" ten="20,7800,0" yaku="1,1,0,1,7,1,54,1,53,0" doraHai="83" doraHaiUra="91" who="1" fromWho="1" sc="240,-26,330,88,170,-26,250,-26" /><INIT seed="1,1,0,4,2,74" ten="214,418,144,224" oya="1" hai0="19,32,66,42,28,101,58,105,12,9,125,126,120" hai1="5,107,16,80,130,37,59,18,55,65,33,44,10" hai2="57,81,115,99,50,69,43,39,71,41,108,35,6" hai3="134,31,36,20,68,122,0,88,62,103,14,110,47"/><U92/><E33/><V117/><F35/><W132/><G122/><T83/><D42/><U86/><E107/><V1/><F6/><W133/><G110/><T23/><D58/><U51/><E130/><V102/><F1/><W123/><G103/><T7/><D66/><U97/><E37/><V63/><F81/><W79/><G0/><N who="0" m="231" /><D83/><U22/><E65/><V93/><F117/><W60/><G123/><T3/><D101/><U118/><E118/><V129/><F115/><W73/><G68/><T40/><D40/><U84/><E44/><V116/><F129/><W109/><G109/><T70/><D70/><U94/><E94/><V135/><F116/><W15/><G31/><T52/><D105/><U82/><E86/><V119/><F135/><W49/><G36/><T8/><D52/><U46/><E59/><V25/><F119/><W98/><G98/><T77/><D77/><U131/><E131/><V48/><F108/><W38/><G38/><T64/><D64/><U27/><E84/><V13/><F25/><W61/><G20/><T75/><D75/><U54/><E54/><V29/><F29/><W127/><G127/><N who="0" m="48651" /><D120/><U111/><E111/><V53/><F13/><W113/><G113/><T87/><D87/><U128/><E128/><V91/><F102/><W11/><G73/><T30/><D32/><U90/><REACH who="1" step="1"/><E18/><REACH who="1" ten="214,408,144,224" step="2"/><V100/><F100/><W114/><G114/><T34/><D34/><U45/><E45/><N who="2" m="23743" /><F43/><W124/><G124/><T26/><D3/><AGARI ba="1,1" hai="3,5,10,16,22,27,46,51,55,80,82,90,92,97" machi="3" ten="30,12000,1" yaku="1,1,7,1,54,1,53,2" doraHai="74" doraHaiUra="78" who="1" fromWho="0" sc="214,-123,408,133,144,0,224,0" /><INIT seed="1,2,0,0,3,12" ten="91,541,144,224" oya="1" hai0="100,43,122,55,86,0,106,121,134,96,101,29,110" hai1="62,64,5,8,113,125,37,104,133,89,49,85,47" hai2="91,129,44,6,1,103,57,51,24,126,54,76,83" hai3="30,73,23,53,81,42,84,2,117,107,7,45,79"/><U35/><E104/><V109/><F126/><W20/><G107/><T87/><D43/><U128/><E37/><V116/><F109/><W38/><G117/><T34/><D0/><U56/><E113/><V10/><F116/><W80/><G30/><T75/><D29/><U59/><E35/><V58/><F129/><W39/><G53/><T123/><D55/><U114/><E114/><V72/><F103/><W60/><G38/><T95/><D34/><U92/><E128/><V41/><F91/><W70/><G70/><T18/><D18/><U82/><E133/><V61/><REACH who="2" step="1"/><F24/><REACH who="2" ten="91,541,134,224" step="2"/><W63/><G23/><T108/><D134/><U132/><E125/><V4/><F4/><W25/><G25/><T67/><D101/><U66/><E132/><V111/><F111/><N who="0" m="42538" /><D67/><U94/><E66/><V14/><F14/><W135/><G20/><T16/><D75/><U130/><E130/><V32/><F32/><W19/><G19/><T99/><D16/><U13/><E5/><V28/><F28/><W46/><G135/><T48/><D48/><U74/><E13/><V27/><F27/><W9/><G46/><T31/><D31/><U124/><E47/><V33/><F33/><W88/><AGARI ba="2,1" hai="2,7,9,39,42,45,60,63,73,79,80,81,84,88" machi="88" ten="20,8000,1" yaku="0,1,7,1,25,2,54,1" doraHai="12" who="3" fromWho="3" sc="91,-22,541,-42,134,-22,224,96" /><INIT seed="2,0,0,0,5,78" ten="69,499,112,320" oya="2" hai0="131,90,12,62,4,35,88,22,116,81,120,45,49" hai1="102,106,77,9,27,39,123,89,54,73,69,98,26" hai2="37,104,71,127,34,58,51,14,38,74,29,130,84" hai3="93,107,33,10,68,44,135,56,16,79,80,97,28"/><V15/><F127/><W50/><G135/><T61/><D116/><U121/><E69/><V31/><F104/><W124/><G107/><T55/><D120/><N who="1" m="46155" /><E39/><V7/><F74/><W48/><G68/><T0/><D35/><U13/><E89/><V19/><F130/><W47/><G33/><T24/><D131/><U118/><E118/><V67/><F84/><W43/><G124/><T108/><D108/><U2/><E2/><V109/><F71/><W8/><G56/><T30/><D0/><U86/><E86/><V36/><F67/><W94/><G28/><T92/><D4/><N who="1" m="3239" /><E77/><V75/><F75/><W99/><G43/><T40/><D12/><U122/><N who="1" m="46163" /><U129/><DORA hai="53" /><E129/><V32/><F58/><W76/><G16/><T117/><D117/><U128/><E128/><V23/><F51/><W70/><G70/><T112/><D112/><U87/><E87/><V96/><F109/><W1/><G1/><T65/><D40/><U59/><E73/><V134/><F96/><W64/><G64/><T72/><D72/><U3/><E3/><V83/><F134/><W119/><G119/><T17/><D30/><U103/><E103/><V114/><F83/><AGARI ba="0,0" hai="8,10,44,47,48,50,76,79,80,83,93,94,97,99" machi="83" ten="25,8000,1" yaku="22,2,8,1,52,2" doraHai="78,53" who="3" fromWho="2" sc="69,0,499,0,112,-80,320,80" /><INIT seed="3,0,0,5,0,0" ten="69,499,32,400" oya="3" hai0="37,2,52,82,14,127,4,43,96,9,63,68,129" hai1="128,114,103,119,85,16,98,65,23,101,61,111,124" hai2="77,19,58,41,106,26,135,66,15,29,56,35,69" hai3="40,3,27,18,87,67,83,70,84,1,115,99,53"/><W57/><G115/><T33/><D129/><U97/><E119/><V89/><F77/><W60/><G1/><T22/><D127/><U64/><E114/><V48/><F89/><W42/><G3/><T73/><D22/><U107/><E124/><V93/><F106/><W110/><G110/><T132/><D132/><U10/><E111/><V130/><F93/><W17/><G27/><T49/><D33/><U78/><E128/><V76/><F130/><W46/><G40/><T126/><D126/><U25/><E78/><V39/><F135/><W100/><G100/><T44/><D96/><U51/><E85/><V24/><F76/><W55/><G99/><T8/><D68/><U92/><E61/><V125/><F125/><W11/><G87/><T45/><D63/><U72/><E72/><V7/><F39/><W31/><G31/><T5/><D82/><U123/><E123/><V131/><F69/><W133/><G133/><T47/><REACH who="0" step="1"/><D73/><REACH who="0" ten="59,499,32,400" step="2"/><U95/><E98/><V34/><F131/><W91/><G11/><T79/><D79/><U86/><E97/><V13/><F66/><W32/><G32/><T113/><D113/><U121/><E65/><V90/><F90/><W30/><G30/><T74/><D74/><U108/><E64/><V12/><F41/><W28/><G28/><T81/><D81/><U20/><E107/><V38/><F38/><N who="3" m="21847" /><G53/><T80/><D80/><U54/><E103/><V117/><F117/><W109/><G109/><T59/><AGARI ba="0,1" hai="2,4,5,8,9,14,37,43,44,45,47,49,52,59" machi="59" ten="20,12000,2" yaku="1,1,0,1,7,1,52,2,54,1,53,0" doraHai="0" doraHaiUra="102" who="0" fromWho="0" sc="59,130,499,-30,32,-30,400,-60" owari="189,-21.0,469,57.0,2,-50.0,340,14.0" /></mjloggm>