<mjloggm ver="2.3"><GO type="97" lobby="0"/><UN n0="%E7%84%A1%E7%87%88" n1="%E6%9C%AC%E6%9D%A5%E7%84%A1%E4%B8%80%E7%89%A9" n2="%E3%82%AA%E3%83%BC%E3%83%88%E3%83%9E%E3%83%88%E3%83%B3" n3="%E3%82%A6%E3%83%AB%E3%83%88%E3%83%A9%E7%AB%8B%E7%9B%B4" dan="14,14,13,15" rate="1987.73,1856.82,1909.92,1958.69" sx="M,M,M,M"/><TAIKYOKU oya="0"/><INIT seed="0,0,0,5,5,122" ten="250,250,250,250" oya="0" hai0="114,67,30,118,24,20,80,116,120,83,82,57,87" hai1="10,78,26,90,92,47,21,28,81,9,102,12,63" hai2="25,70,101,131,112,1,77,19,5,66,94,79,15" hai3="95,109,97,29,93,33,52,6,4,17,22,62,134"/><T43/><D120/><U135/><E135/><V117/><F112/><W125/><G134/><T42/><D114/><U71/><E71/><V130/><F117/><W3/><G3/><T72/><D72/><U32/><E63/><N who="2" m="40287" /><F1/><W110/><G125/><T35/><D35/><U123/><E123/><V119/><F5/><W100/><G95/><T73/><D73/><U13/><E32/><V61/><F61/><W0/><G29/><T75/><D75/><U16/><E102/><V44/><F44/><W45/><G33/><T23/><D23/><U37/><E37/><V108/><F25/><W115/><G115/><T18/><D18/><U56/><E47/><V111/><F94/><W11/><G6/><T68/><D68/><U55/><E78/><N who="2" m="29707" /><F101/><W107/><G93/><T58/><D118/><U39/><E81/><N who="0" m="31337" /><D116/><U34/><E39/><V89/><F89/><W69/><G69/><T128/><D128/><N who="2" m="49194" /><F119/><W98/><G98/><T124/><D124/><U106/><E106/><V127/><F127/><W105/><G105/><T96/><D96/><U113/><E113/><V64/><F64/><W36/><G36/><T51/><D67/><U40/><E40/><N who="0" m="15401" /><D51/><U84/><E12/><V99/><F99/><W132/><G132/><T41/><D41/><U54/><E54/><V133/><F133/><W85/><G85/><T59/><N who="0" m="31345" /><T50/><DORA hai="91" /><D50/><N who="1" m="30839" /><E34/><V76/><N who="2" m="29715" /><V129/><N who="2" m="49202" /><DORA hai="46" /><V60/><DORA hai="86" /><F60/><W14/><REACH who="3" step="1"/><G62/><REACH who="3" ten="250,250,250,240" step="2"/><T31/><D87/><U49/><E28/><V104/><F104/><W8/><G8/><AGARI ba="0,1" hai="8,15,19,108,111" m="49202,29715,40287" machi="8" ten="50,6400,0" yaku="19,1,52,2" doraHai="122,91,46,86" who="2" fromWho="3" sc="250,0,250,0,250,74,240,-64" /><INIT seed="1,0,0,3,0,24" ten="250,250,324,176" oya="1" hai0="114,32,27,115,75,38,71,55,85,125,5,50,17" hai1="106,59,116,132,80,53,87,108,14,74,43,121,96" hai2="124,93,60,26,103,23,33,2,56,41,112,13,94" hai3="3,48,6,128,131,68,36,88,10,52,119,129,73"/><U16/><E116/><V47/><F2/><W109/><G68/><T84/><D75/><U45/><E121/><V90/><F124/><W98/><G73/><T126/><D38/><U22/><E74/><V29/><F103/><W7/><G36/><T89/><D71/><U57/><E106/><V58/><F58/><N who="3" m="33031" /><G7/><T20/><D5/><U102/><E132/><V21/><F13/><W40/><G40/><T72/><D32/><U76/><E108/><V61/><F61/><W1/><G109/><T91/><D72/><U99/><E102/><V12/><F12/><N who="3" m="5207" /><G119/><T64/><D64/><U44/><E44/><V11/><F11/><W77/><G77/><T105/><D105/><U92/><E92/><AGARI ba="0,0" hai="1,3,88,92,98,128,129,131" m="5207,33031" machi="92" ten="30,3900,0" yaku="19,1,54,2" doraHai="24" who="3" fromWho="1" sc="250,0,250,-39,324,0,176,39" /><INIT seed="2,0,0,3,3,90" ten="250,211,324,215" oya="2" hai0="132,123,14,128,99,38,39,9,11,81,2,60,125" hai1="135,111,28,124,34,68,98,76,127,31,126,117,48" hai2="65,106,5,41,16,46,134,109,130,6,70,12,122" hai3="8,74,73,43,102,114,112,19,80,87,77,75,105"/><V121/><F106/><W96/><G43/><T1/><D123/><U115/><E68/><V82/><F130/><W30/><G30/><T131/><D125/><U23/><E76/><V33/><F33/><W85/><G19/><T119/><D81/><U120/><E120/><V50/><F134/><W3/><G8/><N who="0" m="3147" /><D14/><U94/><E135/><V84/><F109/><W97/><G3/><N who="0" m="1035" /><D60/><U40/><E111/><V110/><F110/><W25/><G25/><T118/><D99/><U100/><E115/><V0/><F0/><W108/><G108/><T129/><D132/><U15/><E117/><AGARI ba="0,0" hai="38,39,117,118,119,128,129,131" m="1035,3147" machi="117" ten="40,8000,1" yaku="28,2,12,1,19,1" doraHai="90" who="0" fromWho="1" sc="250,80,211,-80,324,0,215,0" /><INIT seed="3,0,0,5,1,36" ten="330,131,324,215" oya="3" hai0="23,4,60,25,127,120,106,54,75,32,61,9,44" hai1="34,50,92,2,81,109,52,13,108,117,135,122,49" hai2="48,100,6,56,104,38,5,98,47,22,64,113,31" hai3="101,102,40,43,26,33,115,110,65,7,83,93,126"/><W125/><G115/><T114/><D120/><U8/><E34/><V79/><F113/><W116/><G116/><T78/><D32/><U21/><E117/><V0/><F0/><W134/><G7/><T86/><D106/><U55/><E122/><V77/><F38/><W63/><G83/><T85/><D75/><U37/><E37/><V128/><F128/><W130/><G130/><T30/><D114/><U14/><E135/><V72/><F72/><W10/><G10/><T82/><D85/><U42/><E42/><N who="3" m="15914" /><G93/><T46/><D127/><N who="3" m="48649" /><G134/><T112/><D112/><U99/><E2/><V15/><F6/><W39/><G39/><T62/><D54/><U96/><E81/><V3/><F3/><W29/><G110/><N who="1" m="42602" /><E92/><N who="2" m="58439" /><F5/><W19/><G19/><T45/><D4/><U24/><E8/><AGARI ba="0,0" hai="8,9,23,25,30,44,45,46,60,61,62,78,82,86" machi="8" ten="40,1300,0" yaku="8,1" doraHai="36" who="0" fromWho="1" sc="330,13,131,-13,324,0,215,0" owari="343,44.0,118,-38.0,324,12.0,215,-18.0" /></mjloggm>