<mjloggm ver="2.3"><GO type="169" lobby="0"/><UN n0="%E5%B0%8F%E7%AC%A0%E5%8E%9F%E7%89%B9%E6%80%A5" n1="%EF%BC%9D%E4%BC%8A%E8%97%A4%E3%81%8B%E3%81%AA%E6%81%B5%EF%BC%9D" n2="%E3%82%A6%E3%83%AB%E3%83%88%E3%83%A9%E7%AB%8B%E7%9B%B4" n3="%62%75%67%79%61%77%69" dan="16,17,17,17" rate="2080.59,2119.02,2180.44,2175.39" sx="F,F,M,M"/><TAIKYOKU oya="0"/><INIT seed="0,0,0,2,2,20" ten="250,250,250,250" oya="0" hai0="58,82,102,89,45,130,0,91,51,96,26,25,40" hai1="6,56,62,67,103,111,104,55,35,121,87,70,15" hai2="12,23,81,80,88,129,79,135,14,120,54,118,73" hai3="100,24,61,36,50,18,9,4,33,48,122,1,71"/><T90/><D0/><U19/><E111/><V94/><F120/><W131/><G36/><T108/><D130/><U53/><E121/><V99/><F118/><W7/><G122/><T37/><D108/><U34/><E6/><V17/><F129/><W16/><G131/><T77/><D37/><U29/><E87/><V84/><F135/><W11/><G100/><T115/><D58/><U38/><E38/><V93/><F54/><W65/><G50/><T66/><D66/><U101/><E55/><V74/><F74/><W57/><G48/><T30/><D30/><U75/><E75/><V46/><F46/><W28/><G71/><T5/><D5/><U78/><E78/><V72/><F72/><W13/><AGARI ba="0,0" hai="1,4,7,9,11,13,16,18,24,28,33,57,61,65" machi="13" ten="20,5200,0" yaku="0,1,7,1,52,1,54,1" doraHai="20" who="3" fromWho="3" sc="250,-26,250,-13,250,-13,250,52" /><INIT seed="1,0,0,2,5,61" ten="224,237,237,302" oya="1" hai0="98,112,128,62,6,81,57,103,47,17,83,67,118" hai1="133,35,134,26,113,28,130,55,106,84,22,52,0" hai2="108,92,30,39,72,23,5,60,68,115,48,44,64" hai3="8,11,132,34,95,117,70,4,49,109,82,71,99"/><U63/><E113/><V93/><F72/><W42/><G34/><T21/><D118/><U53/><E130/><V116/><F116/><W7/><G117/><T9/><D128/><U86/><E106/><V41/><F108/><W54/><G42/><T125/><D125/><U50/><E0/><V14/><F115/><W96/><G109/><T76/><D47/><U105/><E105/><V78/><F78/><W3/><G82/><T101/><D112/><U135/><E63/><V20/><F20/><W32/><G32/><T2/><D98/><U69/><E69/><V56/><F30/><W77/><G77/><T127/><D127/><U85/><REACH who="1" step="1"/><E35/><REACH who="1" ten="224,227,237,302" step="2"/><V59/><F68/><W15/><G70/><T27/><REACH who="0" step="1"/><D83/><REACH who="0" ten="214,227,237,302" step="2"/><U124/><E124/><V79/><F93/><W37/><G95/><T25/><D25/><U107/><E107/><V75/><F92/><W45/><G71/><T94/><D94/><U38/><E38/><V43/><F39/><W51/><G37/><T1/><D1/><U16/><E16/><V120/><F5/><W131/><G131/><T10/><D10/><U40/><E40/><V122/><F41/><N who="3" m="24751" /><G11/><T74/><AGARI ba="0,2" hai="2,6,9,17,21,27,57,62,67,74,76,81,101,103" machi="74" ten="20,5200,0" yaku="1,1,0,1,7,1,52,1,53,0" doraHai="61" doraHaiUra="46" who="0" fromWho="0" sc="214,72,227,-26,237,-13,302,-13" /><INIT seed="2,0,0,5,1,21" ten="286,201,224,289" oya="2" hai0="6,13,107,64,0,116,128,18,26,1,12,65,56" hai1="10,113,79,110,80,51,125,129,90,92,93,4,114" hai2="41,105,38,23,104,47,95,96,130,61,74,82,135" hai3="75,91,117,112,67,102,121,70,122,20,76,59,5"/><V55/><F130/><W83/><G117/><T29/><D107/><U32/><E110/><V97/><F135/><W109/><G70/><T22/><D128/><U126/><E129/><V115/><F115/><W28/><G109/><T99/><D116/><U27/><E51/><V37/><F37/><W86/><G112/><T120/><D120/><U17/><E113/><V127/><F127/><N who="1" m="48649" /><E114/><V100/><F97/><W62/><G5/><T45/><D45/><U85/><E79/><V78/><F23/><W123/><G102/><T72/><D72/><U50/><E50/><V94/><F94/><W16/><G28/><T89/><D99/><U63/><E63/><V84/><F74/><W39/><G39/><T8/><D89/><U58/><E58/><V57/><AGARI ba="0,0" hai="38,41,47,55,57,61,78,82,84,95,96,100,104,105" machi="57" ten="30,1500,0" yaku="0,1" doraHai="21" who="2" fromWho="2" sc="286,-5,201,-5,224,15,289,-5" /><INIT seed="2,1,0,0,2,133" ten="281,196,239,284" oya="2" hai0="134,70,53,65,38,124,57,119,5,32,95,84,29" hai1="60,117,64,106,94,51,12,13,92,2,6,107,130" hai2="24,19,75,101,35,25,120,88,85,111,37,90,81" hai3="116,129,82,39,36,10,50,9,31,26,108,43,34"/><V48/><F37/><W109/><G116/><T47/><D119/><U44/><E117/><V125/><F75/><W123/><G123/><T45/><D134/><U112/><E112/><V52/><F120/><W49/><G82/><T66/><D5/><U46/><E2/><V62/><F111/><N who="3" m="42571" /><G129/><T14/><D14/><U59/><E130/><V121/><F121/><W126/><G126/><T74/><D74/><U110/><E110/><V16/><F125/><W100/><G100/><T103/><D29/><U18/><E106/><V61/><F101/><W7/><G10/><T21/><D21/><N who="1" m="11463" /><E107/><V63/><F90/><W23/><G23/><T30/><D30/><U78/><E78/><V113/><F113/><W20/><G20/><T86/><D32/><U42/><E46/><N who="2" m="27671" /><F35/><W98/><G98/><T87/><D124/><U93/><E13/><V122/><F122/><W97/><G97/><N who="0" m="59839" /><D70/><U15/><E92/><V114/><F114/><W83/><G83/><T58/><D38/><N who="3" m="14377" /><G43/><T41/><D41/><U131/><E131/><V89/><F89/><W128/><G128/><T3/><D3/><AGARI ba="1,0" hai="3,7,9,26,31,34,49,50" m="14377,42571" machi="3" ten="30,1000,0" yaku="14,1" doraHai="133" who="3" fromWho="0" sc="281,-13,196,0,239,0,284,13" /><INIT seed="3,0,0,3,5,92" ten="268,196,239,297" oya="3" hai0="69,38,20,85,58,62,70,131,93,56,61,16,6" hai1="106,128,27,53,113,14,94,130,125,101,127,40,73" hai2="54,84,107,77,60,33,81,132,51,42,80,79,43" hai3="133,0,82,105,65,87,91,99,35,75,7,21,71"/><W97/><G35/><T5/><D38/><U120/><E120/><V8/><F33/><W12/><G0/><T37/><D37/><U55/><E113/><V116/><F116/><W3/><G3/><T121/><D121/><U119/><E119/><V76/><F107/><W109/><G105/><T118/><D118/><U126/><E106/><V96/><F132/><W66/><G75/><T88/><D131/><N who="1" m="50219" /><E73/><V90/><F8/><N who="3" m="4127" /><G71/><T9/><D69/><U18/><E27/><V25/><F25/><W63/><G133/><T122/><D70/><U39/><E40/><N who="2" m="15403" /><F60/><N who="0" m="23146" /><D122/><U36/><E36/><V114/><F114/><W89/><G63/><T135/><D135/><U24/><E24/><V26/><F26/><W95/><G21/><T41/><D41/><U22/><E39/><V64/><F64/><N who="3" m="24683" /><G109/><T74/><D74/><U44/><E44/><N who="2" m="28007" /><F81/><W46/><G46/><T111/><D111/><U112/><E112/><V117/><F117/><W67/><N who="3" m="24691" /><W32/><DORA hai="110" /><G32/><T17/><D20/><U47/><E47/><V45/><F45/><W124/><G124/><N who="1" m="31746" /><U72/><DORA hai="23" /><E72/><V129/><F129/><W98/><AGARI ba="0,0" hai="82,87,89,91,95,97,98,99" m="24691,4127" machi="98" ten="40,12000,1" yaku="8,1,52,3" doraHai="92,110,23" who="3" fromWho="3" sc="268,-40,196,-40,239,-40,297,120" /><INIT seed="3,1,0,0,4,69" ten="228,156,199,417" oya="3" hai0="42,96,78,28,125,37,32,26,60,102,7,66,18" hai1="13,56,112,132,113,59,128,38,40,34,106,30,129" hai2="86,55,11,98,4,3,70,74,45,101,88,52,51" hai3="85,80,134,5,116,10,64,63,97,105,99,8,107"/><W35/><G35/><T62/><D125/><U25/><E106/><V94/><F70/><W44/><G116/><T49/><D78/><U130/><E132/><V50/><F74/><W20/><G134/><T23/><D7/><U68/><E68/><V14/><F3/><W12/><G20/><T41/><D49/><U71/><E71/><V91/><REACH who="2" step="1"/><F86/><REACH who="2" ten="228,156,189,417" step="2"/><W118/><G85/><T95/><D66/><U126/><E126/><V119/><F119/><W6/><G64/><T22/><D32/><U48/><E112/><V90/><F90/><W109/><G118/><T92/><D92/><U43/><E113/><V100/><F100/><W31/><G107/><T122/><D122/><U1/><E1/><V131/><F131/><W133/><G105/><T110/><D110/><U93/><E93/><V61/><F61/><W81/><G133/><T83/><D83/><U17/><E128/><V115/><F115/><W84/><G63/><T123/><D62/><U53/><E129/><V79/><F79/><W21/><G81/><T47/><D60/><U77/><E130/><V114/><F114/><W104/><G104/><T57/><D123/><U108/><E77/><V46/><AGARI ba="1,1" hai="4,11,14,45,46,50,51,52,55,88,91,94,98,101" machi="46" ten="20,12000,2" yaku="1,1,0,1,7,1,9,1,8,1,54,2,53,0" doraHai="69" doraHaiUra="111" who="2" fromWho="2" sc="228,-31,156,-31,189,133,417,-61" /><INIT seed="4,0,0,1,4,39" ten="197,125,322,356" oya="0" hai0="66,33,11,90,124,74,64,65,95,93,15,123,46" hai1="2,21,108,10,113,133,132,43,111,23,18,75,92" hai2="50,103,80,112,53,81,44,40,115,25,129,122,47" hai3="13,17,78,52,83,5,76,8,79,97,36,106,4"/><T38/><D123/><U63/><E75/><V34/><F122/><W60/><G36/><T131/><D74/><U49/><E63/><V70/><F70/><W51/><G60/><T116/><D116/><U87/><E113/><N who="2" m="43595" /><F103/><W134/><G134/><N who="1" m="51818" /><E92/><V72/><F72/><W117/><G117/><T20/><D33/><U28/><E87/><V130/><F25/><W84/><G106/><T101/><D101/><U104/><E104/><V16/><F16/><N who="3" m="8231" /><G97/><T6/><D124/><U89/><E89/><V19/><F19/><W96/><G17/><T88/><D131/><N who="2" m="50186" /><F34/><W14/><G96/><T121/><D121/><U109/><E28/><V82/><F47/><N who="3" m="27775" /><G14/><T118/><D118/><U26/><E23/><V94/><F94/><W125/><G125/><T22/><D22/><U35/><E35/><V127/><F127/><W86/><G86/><T73/><D20/><U135/><N who="1" m="51826" /><U48/><DORA hai="110" /><E2/><V24/><F24/><W68/><G68/><T54/><D73/><U37/><E10/><V12/><F12/><W85/><G85/><T128/><D128/><U71/><E71/><V30/><F30/><W98/><G98/><T0/><D0/><U45/><AGARI ba="0,0" hai="18,21,26,37,43,45,48,49,108,109,111" m="51826" machi="45" ten="50,3200,0" yaku="20,1,52,1" doraHai="39,110" who="1" fromWho="1" sc="197,-16,125,32,322,-8,356,-8" /><INIT seed="5,0,0,0,2,8" ten="181,157,314,348" oya="1" hai0="126,79,109,56,80,90,129,89,25,105,104,100,82" hai1="74,111,27,117,7,2,54,21,12,68,40,118,95" hai2="55,96,57,114,30,101,32,60,67,14,83,128,130" hai3="107,115,134,16,20,0,48,116,61,59,13,135,87"/><U124/><E74/><V26/><F114/><W73/><G73/><N who="0" m="43119" /><D56/><U28/><E68/><V113/><F113/><W52/><G0/><T102/><D25/><U86/><E40/><V53/><F83/><W9/><G107/><N who="0" m="41035" /><D109/><U64/><E64/><V122/><F122/><W85/><G116/><T1/><D1/><U15/><E111/><V78/><F78/><W43/><G115/><T70/><D70/><U39/><E39/><V6/><F55/><N who="3" m="34047" /><G43/><T106/><D126/><U47/><E124/><V99/><F53/><W119/><G119/><T29/><D29/><U127/><E127/><V94/><F99/><W10/><G134/><T103/><D129/><U42/><E117/><V5/><F5/><N who="3" m="3247" /><G10/><T75/><N who="0" m="41043" /><T45/><DORA hai="65" /><D45/><U69/><E69/><V71/><F71/><W18/><G135/><T125/><D125/><U46/><E118/><V34/><F34/><W131/><G131/><N who="2" m="50217" /><F6/><W51/><G51/><T88/><D75/><U133/><E133/><V93/><F32/><W44/><G18/><T35/><D35/><U23/><E2/><V66/><F66/><W120/><G120/><T112/><D112/><U49/><E7/><V81/><F30/><W91/><G91/><T77/><D77/><U41/><E23/><V22/><F67/><W92/><G20/><T76/><D76/><U38/><REACH who="1" step="1"/><E42/><REACH who="1" ten="181,147,314,348" step="2"/><V19/><F22/><W72/><G72/><T33/><D33/><U24/><E24/><V110/><F26/><W98/><G16/><T132/><D132/><U123/><E123/><V4/><F4/><W3/><G3/><T84/><AGARI ba="0,1" hai="82,84,88,89,90,100,102,103" m="41043,43119" machi="84" ten="50,12000,2" yaku="5,1,35,5,54,1" doraHai="8,65" who="0" fromWho="0" sc="181,130,147,-60,314,-30,348,-30" /><INIT seed="6,0,0,5,3,34" ten="311,87,284,318" oya="2" hai0="122,90,73,80,22,68,25,12,129,17,91,39,48" hai1="61,58,42,133,84,62,2,64,40,71,92,54,30" hai2="121,5,31,18,13,33,52,1,66,119,50,98,134" hai3="49,47,76,126,24,86,106,16,8,81,9,94,3"/><V6/><F121/><W29/><G106/><T101/><D122/><U89/><E133/><V78/><F119/><W32/><G126/><T110/><D110/><U55/><E30/><V107/><F134/><W115/><G115/><T23/><D39/><U130/><E130/><V100/><F66/><W53/><G3/><T15/><D68/><U102/><E102/><V45/><F1/><W38/><G38/><T44/><D129/><U77/><E2/><V35/><F78/><W72/><G72/><T69/><D69/><U57/><E71/><V83/><F83/><W127/><G127/><T70/><D70/><U59/><REACH who="1" step="1"/><E77/><REACH who="1" ten="311,77,284,318" step="2"/><V116/><F116/><W131/><G131/><T75/><D101/><U95/><E95/><V14/><F31/><W124/><G124/><T128/><D128/><U93/><E93/><V112/><F112/><W113/><G113/><T109/><D109/><U36/><E36/><V4/><F35/><W0/><G0/><T135/><D135/><U99/><E99/><V67/><F33/><W41/><G94/><T104/><D104/><U132/><E132/><V120/><F120/><W46/><G32/><T10/><D91/><U82/><E82/><V87/><F98/><W28/><G29/><N who="0" m="17591" /><D90/><U105/><E105/><V108/><F107/><W60/><G28/><T37/><D37/><U51/><AGARI ba="0,1" hai="40,42,51,54,55,57,58,59,61,62,64,84,89,92" machi="51" ten="20,5200,0" yaku="1,1,0,1,7,1,8,1,53,0" doraHai="34" doraHaiUra="103" who="1" fromWho="1" sc="311,-13,77,62,284,-26,318,-13" /><INIT seed="7,0,0,4,2,43" ten="298,139,258,305" oya="3" hai0="79,8,84,10,47,129,119,35,25,109,83,104,95" hai1="38,39,90,125,106,54,61,96,112,9,49,120,52" hai2="113,77,3,36,68,76,72,89,6,57,70,127,82" hai3="91,117,108,74,26,37,130,41,133,62,86,55,53"/><W134/><G117/><T7/><D109/><U34/><E120/><V92/><F127/><W23/><G74/><T2/><D104/><U115/><E34/><V30/><F113/><N who="1" m="43593" /><E125/><V80/><F30/><N who="3" m="17759" /><G108/><T102/><D119/><U116/><E116/><V51/><F36/><N who="1" m="13865" /><E9/><V85/><F6/><W131/><G62/><T93/><D129/><N who="3" m="49161" /><G41/><T32/><D8/><U29/><E29/><V12/><F12/><W105/><G37/><T124/><D124/><U46/><E106/><V40/><F3/><W22/><G105/><T0/><D0/><U50/><E96/><V31/><F31/><W81/><G22/><T19/><D102/><U11/><E11/><V110/><F110/><W67/><G67/><T63/><D35/><U28/><E28/><V59/><F59/><W42/><G42/><T114/><D32/><U88/><E61/><V126/><F126/><W73/><G73/><T135/><D63/><U107/><E107/><V100/><F100/><W48/><G55/><T132/><D114/><U128/><E128/><V111/><F111/><W99/><G99/><T97/><D97/><U71/><E71/><V69/><F69/><W15/><G15/><T78/><D78/><U21/><E21/><V45/><REACH who="2" step="1"/><F57/><AGARI ba="0,0" hai="48,53,57,81,86,91,133,134" m="49161,17759" machi="57" ten="30,1500,0" yaku="19,1" doraHai="43" who="3" fromWho="2" sc="298,0,139,0,258,-15,305,15" /><AGARI ba="0,0" hai="46,49,50,52,54,57,88,90" m="13865,43593" machi="57" ten="30,7700,0" yaku="15,1,52,1,54,2" doraHai="43" who="1" fromWho="2" sc="298,0,139,77,243,-77,320,0" owari="298,10.0,216,-18.0,166,-33.0,320,41.0" /></mjloggm>