<mjloggm ver="2.3"><GO type="97" lobby="0"/><UN n0="%71%75%40%72%74%7A" n1="%53%6F%6E%6F%74%69%74%65" n2="%E3%82%A6%E3%83%AB%E3%83%88%E3%83%A9%E7%AB%8B%E7%9B%B4" n3="%E3%83%96%E3%83%AD%E3%83%87%E3%82%A3" dan="13,14,15,13" rate="1876.84,1916.29,1987.26,1933.03" sx="M,M,M,M"/><TAIKYOKU oya="0"/><INIT seed="0,0,0,2,0,117" ten="250,250,250,250" oya="0" hai0="2,96,11,101,124,13,126,115,8,95,23,26,135" hai1="24,44,78,34,7,21,80,22,120,64,107,32,98" hai2="49,125,121,100,61,27,68,60,87,76,133,20,130" hai3="83,104,74,99,90,88,67,106,5,19,94,71,56"/><T70/><D115/><U112/><E112/><V36/><F36/><W65/><G71/><T93/><D70/><U97/><E107/><V40/><F100/><W129/><G129/><T6/><D135/><U16/><E7/><V29/><F61/><W79/><G5/><T109/><D93/><U131/><E131/><V35/><F35/><W59/><G19/><T45/><D45/><U54/><E64/><V108/><F130/><W134/><G134/><T91/><D101/><U69/><E69/><V25/><F25/><W122/><G122/><T77/><D77/><U17/><E120/><V58/><F133/><W10/><G10/><T116/><D116/><U14/><E34/><V66/><F108/><W3/><G3/><T119/><D119/><U86/><E32/><V50/><F125/><N who="0" m="48234" /><D8/><U39/><E39/><V12/><F68/><W72/><G72/><T73/><D73/><U84/><E84/><V62/><F40/><W4/><G106/><T47/><D47/><U89/><E78/><V38/><F38/><W82/><G104/><T41/><D41/><U48/><AGARI ba="0,0" hai="14,16,17,21,22,24,44,48,54,80,86,89,97,98" machi="48" ten="30,4000,0" yaku="0,1,8,1,54,1" doraHai="117" who="1" fromWho="1" sc="250,-20,250,40,250,-10,250,-10" /><INIT seed="1,0,0,0,5,10" ten="230,290,240,240" oya="1" hai0="16,55,59,81,100,19,25,125,29,53,108,72,64" hai1="20,131,133,31,37,124,9,92,73,88,30,13,32" hai2="4,126,120,46,2,97,12,56,116,135,14,54,76" hai3="101,63,24,57,71,113,38,98,118,115,85,17,96"/><U134/><E73/><V3/><F116/><W26/><G38/><T95/><D72/><U123/><E37/><V77/><F120/><W52/><G118/><T86/><D64/><U69/><E123/><V34/><F34/><W99/><G101/><T48/><D55/><U5/><E69/><V82/><F2/><W119/><G119/><T107/><D107/><U74/><E74/><V83/><F3/><W23/><G71/><T40/><D40/><U68/><E68/><V41/><F4/><W122/><G122/><T132/><D100/><U90/><E124/><V104/><F135/><N who="1" m="51721" /><E131/><V103/><F126/><W33/><G85/><T27/><D95/><U117/><E117/><V112/><F112/><W35/><REACH who="3" step="1"/><G24/><REACH who="3" ten="230,290,240,230" step="2"/><T50/><D132/><U65/><E32/><AGARI ba="0,1" hai="17,23,26,32,33,35,52,57,63,96,98,99,113,115" machi="32" ten="40,8000,1" yaku="1,1,2,1,54,1,53,1" doraHai="10" doraHaiUra="15" who="3" fromWho="1" sc="230,0,290,-80,240,0,230,90" /><INIT seed="2,0,0,1,5,5" ten="230,210,240,320" oya="2" hai0="96,19,58,10,113,125,6,33,49,69,131,64,106" hai1="3,56,70,61,85,102,26,32,55,122,72,89,87" hai2="27,88,1,79,22,54,2,15,62,119,126,47,86" hai3="105,9,8,121,30,21,57,112,114,92,65,81,43"/><V31/><F119/><W18/><G105/><T52/><D113/><N who="3" m="43625" /><G30/><T45/><D33/><U93/><E72/><V28/><F126/><W115/><G121/><T71/><D19/><U78/><E3/><V127/><F127/><W95/><G43/><T118/><D125/><U91/><E70/><V107/><F107/><W67/><G81/><T41/><D106/><U101/><E122/><V104/><F104/><W77/><G77/><T34/><D34/><U20/><E32/><V132/><F132/><W117/><G117/><T48/><D118/><U66/><E78/><V120/><F120/><W111/><G111/><T7/><D131/><U38/><E38/><V123/><F123/><W24/><G115/><T124/><D124/><U11/><E11/><N who="3" m="4170" /><G67/><T60/><D96/><U90/><E66/><V13/><F79/><W116/><G116/><T68/><D7/><U36/><E36/><V133/><F133/><W84/><G84/><T128/><D128/><U82/><REACH who="1" step="1"/><E91/><REACH who="1" ten="230,200,240,320" step="2"/><V37/><F37/><W53/><G65/><T135/><D135/><U17/><AGARI ba="0,1" hai="17,20,26,55,56,61,82,85,87,89,90,93,101,102" machi="17" ten="20,8000,1" yaku="1,1,2,1,0,1,7,1,8,1,53,0" doraHai="5" doraHaiUra="0" who="1" fromWho="1" sc="230,-20,200,90,240,-40,320,-20" /><INIT seed="3,0,0,2,4,53" ten="210,290,200,300" oya="3" hai0="105,61,99,44,30,135,97,108,35,110,6,67,64" hai1="123,27,29,46,106,104,32,23,114,124,43,56,16" hai2="13,63,90,68,79,52,98,17,128,59,70,7,0" hai3="4,81,107,102,14,55,18,34,42,115,94,113,82"/><W121/><G34/><T66/><D105/><U49/><E123/><V111/><F111/><N who="0" m="42538" /><D6/><U133/><E114/><V28/><F128/><W116/><G107/><T36/><D30/><U93/><E124/><V2/><F79/><W20/><G121/><T22/><D35/><U51/><E133/><V54/><F28/><W120/><G120/><T45/><D22/><U85/><E85/><V78/><F78/><W25/><G116/><T48/><D36/><U26/><E93/><N who="2" m="56631" /><F68/><W71/><G71/><T1/><D1/><U131/><E131/><V112/><F70/><W86/><G42/><N who="0" m="24599" /><D135/><U47/><E56/><N who="2" m="35207" /><F2/><W12/><G115/><T72/><D72/><U109/><E109/><V74/><F74/><W50/><G113/><T88/><D99/><U129/><E129/><V118/><F0/><W21/><G102/><T39/><D39/><U132/><E132/><V96/><F118/><W117/><G117/><T87/><D45/><U134/><E134/><V75/><F75/><W8/><G94/><N who="0" m="54559" /><D97/><U60/><E60/><AGARI ba="0,0" hai="60,61,64,66,67" m="54559,24599,42538" machi="60" ten="30,2000,0" yaku="14,1,54,1" doraHai="53" who="0" fromWho="1" sc="210,20,290,-20,200,0,300,0" owari="230,-17.0,270,7.0,200,-30.0,300,40.0" /></mjloggm>