<mjloggm ver="2.3"><GO type="97" lobby="0"/><UN n0="%E7%B4%85%E3%81%AE%E8%B5%A4%E3%83%89%E3%83%A9" n1="%E3%81%BB%E3%81%BC%E9%AB%98%E7%9F%A5" n2="%E3%82%A6%E3%83%AB%E3%83%88%E3%83%A9%E7%AB%8B%E7%9B%B4" n3="%E3%83%A9%E3%82%A4%E3%83%88%E3%83%8B%E3%83%B3%E3%82%B0" dan="14,15,13,14" rate="1923.37,2031.35,1879.83,2017.67" sx="M,M,M,M"/><TAIKYOKU oya="0"/><INIT seed="0,0,0,4,3,65" ten="250,250,250,250" oya="0" hai0="46,130,129,80,3,74,81,44,33,34,12,132,87" hai1="110,38,27,20,78,114,47,31,10,122,35,30,36" hai2="88,9,54,134,37,86,84,72,100,123,98,41,73" hai3="92,71,90,68,103,58,50,22,63,7,105,53,94"/><T124/><D3/><U118/><E122/><V1/><F123/><W127/><G7/><T91/><D132/><U131/><E118/><V57/><F134/><W117/><G117/><T76/><D124/><U28/><E110/><V43/><F73/><W62/><G127/><T21/><D12/><U89/><E131/><N who="0" m="50185" /><D21/><U59/><E78/><V64/><F72/><W60/><G105/><T115/><D115/><U96/><E114/><V119/><F119/><W19/><G103/><T11/><D11/><U85/><E10/><V120/><F120/><W75/><G75/><T14/><D14/><U133/><E133/><V61/><F9/><W83/><G83/><T4/><D4/><U51/><E96/><V17/><F17/><W135/><G135/><T24/><D24/><U107/><E107/><V101/><F1/><W116/><G116/><T93/><D93/><U42/><E35/><AGARI ba="0,0" hai="33,34,35,44,46,74,76,80,81,87,91" m="50185" machi="35" ten="30,1500,0" yaku="19,1" doraHai="65" who="0" fromWho="1" sc="250,15,250,-15,250,0,250,0" /><INIT seed="0,1,0,3,0,70" ten="265,235,250,250" oya="0" hai0="2,41,38,125,52,48,85,131,24,88,110,60,11" hai1="19,54,43,128,99,22,100,39,92,112,67,72,121" hai2="84,56,126,51,127,34,59,97,82,109,50,36,132" hai3="133,104,68,116,71,94,28,46,13,14,90,135,15"/><T35/><D131/><U69/><E121/><V9/><F34/><W32/><G104/><T107/><D107/><U5/><E72/><V73/><F73/><W113/><G116/><T23/><D35/><U95/><E128/><V58/><F97/><W118/><G118/><T89/><D125/><N who="2" m="47626" /><F109/><W76/><G76/><T3/><D60/><U40/><E112/><V63/><F132/><N who="3" m="50763" /><G113/><T12/><D110/><U4/><E54/><V96/><F96/><N who="3" m="57431" /><G46/><T102/><D102/><U47/><E43/><V120/><F120/><W20/><G32/><T10/><D41/><U91/><E67/><V130/><F130/><W64/><G64/><T0/><D38/><U123/><E69/><N who="3" m="26698" /><G28/><T78/><D78/><U62/><E62/><V115/><F115/><W29/><G29/><T25/><D89/><U106/><E123/><V87/><F63/><W134/><N who="3" m="50771" /><W117/><DORA hai="129" /><G117/><T93/><D23/><AGARI ba="1,0" hai="13,14,15,20,23" m="26698,57431,50771" machi="23" ten="50,8000,1" yaku="20,1,52,4" doraHai="70,129" who="3" fromWho="0" sc="265,-83,235,0,250,0,250,83" /><INIT seed="1,0,0,4,0,37" ten="182,235,250,333" oya="1" hai0="47,9,70,33,10,6,93,27,121,130,124,109,41" hai1="106,46,44,87,26,83,45,28,76,48,65,49,57" hai2="104,14,85,18,8,80,2,64,62,21,99,91,55" hai3="115,74,3,96,58,118,73,25,116,53,97,131,105"/><U122/><E122/><V75/><F75/><N who="3" m="28683" /><G3/><T23/><D121/><U22/><E106/><V19/><F55/><W54/><G115/><T42/><D70/><U86/><E87/><V71/><F104/><W120/><G120/><T30/><D109/><U35/><E35/><V82/><F99/><N who="3" m="37963" /><G105/><T43/><D130/><U128/><E128/><V117/><F117/><N who="3" m="45163" /><G131/><T129/><D129/><U16/><REACH who="1" step="1"/><E28/><REACH who="1" ten="182,225,250,333" step="2"/><V52/><F85/><W90/><G90/><T11/><D124/><U17/><E17/><V66/><F91/><W92/><G92/><T113/><D113/><U123/><E123/><V56/><F82/><W24/><G58/><T126/><D126/><U88/><E88/><V69/><F80/><W36/><G36/><T89/><D33/><U100/><E100/><V125/><F125/><W134/><G134/><T112/><D112/><U135/><E135/><V102/><F102/><W1/><G1/><T77/><D77/><U5/><E5/><V32/><F32/><W95/><G95/><T68/><D6/><U4/><E4/><V15/><F2/><W7/><G7/><T40/><D68/><U60/><AGARI ba="0,1" hai="16,22,26,44,45,46,48,49,57,60,65,76,83,86" machi="60" ten="30,11700,0" yaku="1,1,0,1,8,1,54,1,53,0" doraHai="37" doraHaiUra="39" who="1" fromWho="1" sc="182,-39,225,127,250,-39,333,-39" /><INIT seed="1,1,0,0,4,78" ten="143,352,211,294" oya="1" hai0="2,36,54,84,50,133,77,98,0,43,30,110,59" hai1="13,104,35,27,130,69,22,48,81,71,63,93,124" hai2="87,1,11,94,10,70,132,107,40,95,96,42,8" hai3="118,5,23,102,134,100,120,126,99,29,72,6,12"/><U111/><E104/><V18/><F70/><W14/><G72/><T67/><D110/><U125/><E130/><V28/><F1/><W65/><G120/><T4/><D133/><U44/><E111/><V41/><F132/><W103/><G134/><T121/><D121/><U119/><E119/><V68/><F68/><W89/><G65/><T21/><D98/><U86/><E93/><V20/><F28/><W90/><G118/><T53/><D67/><U115/><E13/><N who="3" m="5226" /><G126/><N who="1" m="48746" /><E63/><V45/><F45/><W38/><G38/><T26/><D4/><N who="3" m="1641" /><G99/><T32/><D32/><U116/><E35/><V83/><F96/><W60/><G60/><T7/><D7/><U92/><E92/><V127/><F127/><W62/><G62/><T52/><D54/><N who="1" m="29959" /><E115/><V106/><F106/><W85/><G85/><T88/><D77/><N who="1" m="46383" /><E116/><V19/><F107/><W39/><G39/><T33/><D33/><U79/><E79/><N who="2" m="46591" /><F19/><AGARI ba="1,0" hai="19,22,27,69,71" m="46383,29959,48746" machi="19" ten="30,2900,0" yaku="18,1,52,1" doraHai="78" who="1" fromWho="2" sc="143,0,352,32,211,-32,294,0" /><INIT seed="1,2,0,5,2,86" ten="143,384,179,294" oya="1" hai0="107,92,70,135,66,1,3,4,112,80,106,50,125" hai1="44,83,53,52,0,132,47,33,128,29,87,19,82" hai2="77,113,46,56,93,74,99,34,57,54,117,100,11" hai3="65,43,20,72,30,68,37,22,89,31,38,81,110"/><U60/><E0/><V123/><F11/><W91/><G81/><T41/><D112/><U45/><E132/><V127/><F34/><W133/><G133/><T88/><D135/><U27/><E128/><V16/><F123/><W101/><G68/><T73/><D125/><U69/><E19/><V102/><F117/><W6/><G65/><T2/><D66/><U59/><E69/><V62/><F127/><W21/><G6/><T32/><D32/><U8/><E8/><V104/><F113/><W58/><G72/><T36/><D70/><U84/><E53/><N who="2" m="34063" /><F104/><W64/><G101/><T98/><D36/><U63/><E63/><N who="2" m="36279" /><F77/><W10/><G10/><T121/><D121/><U13/><E13/><V126/><F74/><W97/><G97/><T35/><D35/><U130/><E130/><V111/><F111/><W17/><G17/><T118/><D118/><U18/><E18/><V39/><F39/><W23/><G110/><T109/><D4/><U124/><E124/><V67/><F67/><W95/><G23/><T26/><D26/><U5/><E5/><V120/><F120/><W42/><G22/><T122/><D122/><U12/><E12/><V9/><F126/><W115/><G64/><T49/><D109/><U96/><E96/><V108/><F108/><W71/><G71/><T78/><REACH who="0" step="1"/><D41/><REACH who="0" ten="133,384,179,294" step="2"/><U90/><E45/><V79/><F46/><W14/><G115/><T24/><D24/><U105/><E44/><V61/><F61/><W114/><G114/><T7/><D7/><U134/><E47/><V94/><F102/><W48/><G38/><T76/><D76/><RYUUKYOKU ba="2,1" sc="133,30,384,-10,179,-10,294,-10" hai0="1,2,3,49,50,73,78,80,88,92,98,106,107" /><INIT seed="2,3,1,3,4,42" ten="163,374,169,284" oya="2" hai0="37,130,40,77,72,122,121,34,104,51,96,0,30" hai1="84,26,123,15,19,99,82,112,93,79,91,124,16" hai2="23,53,44,90,78,97,41,128,87,111,18,109,47" hai3="54,88,64,57,86,12,46,45,39,125,129,17,71"/><V110/><F128/><W114/><G129/><T103/><D51/><U61/><E112/><V22/><F41/><W20/><G39/><T25/><D130/><U31/><E124/><V73/><F97/><W120/><G120/><T62/><D62/><U58/><E123/><V11/><F11/><W100/><G71/><T81/><REACH who="0" step="1"/><D0/><REACH who="0" ten="153,374,169,284" step="2"/><U132/><E132/><V68/><F68/><W85/><G114/><T4/><D4/><U13/><E61/><V48/><F48/><N who="3" m="30919" /><G125/><T27/><D27/><U9/><E58/><V74/><F53/><W2/><G2/><T126/><D126/><U119/><E119/><V115/><F115/><W98/><G64/><T24/><D24/><U69/><E69/><V32/><F32/><W80/><G86/><T63/><D63/><U36/><E36/><V21/><F18/><W105/><G105/><T50/><D50/><U59/><E59/><V108/><N who="2" m="27648" /><DORA hai="75" /><V76/><F74/><W106/><G106/><T83/><D83/><U107/><E107/><V33/><F33/><W3/><G3/><T127/><D127/><U94/><E94/><N who="2" m="54623" /><F73/><W56/><G56/><T35/><D35/><U14/><E19/><V116/><F116/><W1/><G1/><T10/><D10/><U92/><E92/><V67/><F67/><W131/><G131/><T95/><D95/><U102/><E102/><V134/><F134/><W5/><G5/><T52/><D52/><U135/><E135/><V117/><F117/><W113/><G113/><T70/><D70/><U43/><E43/><V101/><F101/><W8/><G8/><T29/><D29/><RYUUKYOKU ba="3,2" sc="153,0,374,0,169,0,284,0" hai0="25,30,34,37,40,72,77,81,96,103,104,121,122" hai1="9,13,14,15,16,26,31,79,82,84,91,93,99" hai2="21,22,23,44,47,76,78" hai3="12,17,20,45,46,80,85,88,98,100" /><INIT seed="2,4,2,1,4,30" ten="153,374,169,284" oya="2" hai0="40,103,12,53,52,20,72,70,120,71,48,14,100" hai1="57,22,126,82,132,9,92,51,46,91,101,96,113" hai2="44,93,11,83,66,18,56,76,10,21,114,118,90" hai3="78,112,74,85,54,23,109,107,119,38,36,5,8"/><V63/><F118/><W124/><G119/><T130/><D72/><U117/><E117/><V115/><F115/><W111/><G107/><T64/><D40/><U95/><E113/><V122/><F122/><W61/><G112/><T6/><D120/><U41/><E132/><V129/><F129/><W73/><G23/><T62/><D130/><U50/><E126/><V7/><F114/><W17/><G17/><T84/><D70/><U32/><E32/><V102/><F102/><W37/><G85/><T135/><D135/><U94/><E9/><V77/><F44/><W42/><G42/><T110/><D110/><N who="3" m="41993" /><G78/><N who="2" m="30313" /><F83/><W98/><G98/><T97/><D84/><N who="1" m="50583" /><E22/><V106/><F106/><W99/><G99/><T67/><D67/><U89/><E101/><V116/><F116/><W4/><G124/><T43/><D103/><U26/><E26/><N who="2" m="14647" /><F7/><N who="3" m="2635" /><G8/><T29/><D6/><U13/><E13/><V33/><F33/><W25/><G25/><T131/><D131/><U2/><E2/><V128/><F128/><W108/><N who="3" m="42001" /><W31/><DORA hai="47" /><G31/><T79/><D79/><U19/><E19/><V80/><F80/><W0/><G0/><T49/><D43/><U86/><E96/><AGARI ba="4,2" hai="10,11,56,63,66,90,93,96" m="14647,30313" machi="96" ten="30,1500,0" yaku="8,1" doraHai="30,47" who="2" fromWho="1" sc="153,0,374,-27,169,47,284,0" /><INIT seed="2,5,0,4,1,74" ten="153,347,216,284" oya="2" hai0="39,100,20,110,63,61,65,75,76,30,121,128,67" hai1="82,14,42,104,23,125,46,85,5,84,21,112,2" hai2="22,64,58,8,34,60,103,99,131,72,81,94,52" hai3="36,29,109,33,73,66,32,101,78,77,105,92,47"/><V97/><F34/><W134/><G73/><T59/><D121/><U54/><E112/><V118/><F118/><W127/><G105/><T38/><D110/><U89/><E104/><V108/><F108/><W10/><G109/><T4/><D4/><U96/><E2/><V106/><F131/><W111/><G111/><T25/><D128/><U50/><E96/><V18/><F8/><W57/><G10/><T13/><D13/><U6/><E125/><V7/><F7/><N who="1" m="2569" /><E84/><V90/><F81/><W43/><G127/><T1/><D1/><U11/><E11/><V40/><F40/><W37/><G37/><T79/><D100/><U12/><E12/><V16/><F72/><W56/><G134/><T48/><D48/><N who="1" m="26711" /><E14/><V123/><F123/><W130/><G130/><T55/><D55/><U49/><E49/><V88/><F22/><W86/><G29/><T68/><REACH who="0" step="1"/><D75/><REACH who="0" ten="143,347,216,284" step="2"/><U71/><E71/><V87/><F64/><W116/><G101/><T0/><D0/><U41/><E41/><V107/><F107/><W120/><G66/><T17/><D17/><U119/><E119/><V19/><F106/><W114/><G120/><T135/><D135/><U102/><E102/><V126/><F126/><W95/><G116/><T122/><D122/><U83/><E54/><V26/><F26/><W117/><G117/><T35/><D35/><U70/><E70/><V9/><F9/><W53/><G33/><T24/><D24/><U62/><E50/><V80/><F103/><W45/><G53/><T3/><D3/><U69/><E69/><V113/><F113/><W98/><G32/><RYUUKYOKU ba="5,1" sc="143,15,347,-15,216,15,284,-15" hai0="20,25,30,38,39,59,61,63,65,67,68,76,79" hai2="16,18,19,52,58,60,80,87,88,90,94,97,99" /><INIT seed="2,6,1,5,2,41" ten="158,332,231,269" oya="2" hai0="71,111,2,50,103,101,0,98,125,133,15,131,78" hai1="31,75,54,128,83,104,9,94,16,97,10,127,27" hai2="113,43,14,63,134,91,86,42,92,44,61,81,11" hai3="69,135,38,62,48,116,5,60,29,24,7,23,102"/><V22/><F134/><W100/><G38/><T49/><D71/><U105/><E128/><V74/><F113/><W107/><G116/><T84/><D131/><U77/><E127/><V117/><F117/><W132/><G48/><T99/><D125/><U58/><E10/><V68/><F68/><W122/><G122/><T19/><D133/><N who="3" m="51273" /><G69/><T56/><D111/><U30/><E104/><V34/><F22/><W40/><G40/><T108/><D108/><U129/><E105/><V13/><F34/><W112/><G112/><T126/><D126/><U20/><E9/><V66/><F43/><W73/><G73/><T17/><D78/><U18/><E31/><V110/><F110/><W87/><G87/><T80/><D80/><U12/><E12/><V59/><F63/><N who="3" m="24107" /><G107/><T28/><D84/><N who="1" m="48239" /><E129/><V72/><F81/><W53/><G53/><T119/><D119/><U25/><E25/><V33/><F33/><W109/><G109/><T21/><D28/><U106/><E106/><V57/><F57/><W124/><G124/><T45/><D56/><U36/><E36/><V90/><F90/><W55/><G55/><T96/><D19/><U46/><E46/><V32/><F32/><W123/><G123/><T3/><REACH who="0" step="1"/><D49/><REACH who="0" ten="148,332,231,269" step="2"/><N who="1" m="31055" /><E75/><V64/><F74/><W121/><G121/><T118/><D118/><U67/><E67/><V115/><F72/><W95/><G95/><T51/><D51/><U4/><E4/><AGARI ba="6,2" hai="4,5,7,23,24,29,100,102" m="24107,51273" machi="4" ten="30,1000,0" yaku="20,1" doraHai="41" who="3" fromWho="1" sc="148,0,332,-28,231,0,269,48" /><INIT seed="3,0,0,5,1,77" ten="148,304,231,317" oya="3" hai0="79,56,101,24,121,84,47,67,32,1,109,5,7" hai1="51,103,43,21,8,78,15,49,54,0,36,12,25" hai2="125,39,94,29,108,53,129,110,44,69,50,130,126" hai3="72,60,41,93,127,52,31,3,65,104,80,118,90"/><W76/><G3/><T16/><D121/><U111/><E36/><V102/><F29/><W58/><G104/><T45/><D109/><N who="2" m="42090" /><F94/><W74/><G118/><T107/><D107/><U88/><E111/><V9/><F9/><W119/><G119/><T124/><D124/><N who="2" m="47722" /><F102/><W131/><G131/><N who="2" m="50185" /><F39/><W63/><G31/><T66/><D101/><U13/><E103/><V26/><F26/><W18/><G18/><T120/><D120/><U10/><E0/><V75/><F75/><W97/><G127/><T35/><D1/><U87/><E78/><V112/><F69/><W89/><G89/><T105/><D105/><U122/><E43/><V106/><F106/><W100/><G41/><T46/><D79/><U14/><N who="1" m="3584" /><DORA hai="62" /><U116/><E116/><V82/><F82/><W33/><G33/><T113/><D113/><AGARI ba="0,0" hai="44,50,53,112,113" m="50185,47722,42090" machi="113" ten="40,8000,1" yaku="14,1,18,1,19,1,34,2" doraHai="77,62" who="2" fromWho="0" sc="148,-80,304,0,231,80,317,0" owari="68,-43.0,304,-10.0,311,11.0,317,42.0" /></mjloggm>