<mjloggm ver="2.3"><GO type="193" lobby="0"/><UN n0="%E5%B0%B1%E6%B4%BB%E7%94%9F%40%E5%B7%9D%E6%9D%91%E8%BB%8D%E5%9B%A3" n1="%E3%82%BB%E3%82%A4%E3%83%88%E3%82%B9" n2="%68%69%72%61%64%61%69" n3="%64%72%61%6D%74" dan="12,12,11,12" rate="1813.47,1611.43,1690.03,1848.19" sx="M,M,M,M"/><TAIKYOKU oya="0"/><INIT seed="0,0,0,3,1,50" ten="250,250,250,250" oya="0" hai0="9,135,62,28,53,92,17,66,8,88,23,39,68" hai1="70,35,121,111,38,2,81,116,56,5,77,127,73" hai2="91,78,134,104,72,40,84,125,119,106,93,30,126" hai3="37,112,42,1,86,80,124,54,51,65,95,94,129"/><T12/><D135/><U61/><RYUUKYOKU type="yao9" ba="0,0" sc="250,0,250,0,250,0,250,0" hai1="2,5,35,38,56,61,70,73,77,81,111,116,121,127" /><INIT seed="0,1,0,3,5,31" ten="250,250,250,250" oya="0" hai0="95,53,85,55,122,134,108,87,11,10,117,23,28" hai1="6,83,1,14,3,38,64,135,2,116,125,97,103" hai2="69,99,127,22,130,101,82,32,30,96,71,131,109" hai3="60,133,105,107,54,88,48,123,59,72,65,67,20"/><T44/><D122/><U15/><E116/><V56/><F82/><W70/><G72/><T114/><D117/><U81/><E38/><V19/><F127/><W119/><G119/><T84/><D114/><U120/><E120/><V76/><F76/><W91/><G123/><T78/><D134/><U4/><E125/><V80/><F80/><N who="1" m="30793" /><E64/><V132/><F132/><W35/><G35/><T129/><D129/><U50/><E50/><V26/><F56/><W12/><G67/><T121/><D121/><U52/><E135/><V9/><F9/><W18/><REACH who="3" step="1"/><G133/><REACH who="3" ten="250,250,250,240" step="2"/><T29/><D108/><U77/><E77/><V79/><F109/><W118/><G118/><T63/><D78/><U73/><E73/><V124/><F79/><W36/><G36/><T27/><D29/><U75/><E75/><V68/><F124/><W98/><G98/><T86/><D95/><U24/><E97/><V90/><F99/><W89/><AGARI ba="1,1" hai="12,18,20,48,54,59,60,65,70,88,89,91,105,107" machi="89" ten="30,4000,0" yaku="1,1,0,1,54,1,53,0" doraHai="31" doraHaiUra="42" who="3" fromWho="3" sc="250,-21,250,-11,250,-11,240,53" /><INIT seed="1,0,0,2,2,65" ten="229,239,239,293" oya="1" hai0="125,5,132,74,2,79,40,103,100,82,66,11,108" hai1="124,90,0,7,106,37,134,98,16,120,32,17,9" hai2="94,78,31,24,48,62,41,86,56,87,128,18,57" hai3="123,81,84,85,28,53,3,49,35,64,77,30,10"/><U33/><E120/><V50/><F128/><W107/><G107/><T20/><D125/><U89/><E37/><V70/><F18/><W126/><G123/><T1/><D1/><U52/><E124/><V133/><F133/><W51/><G35/><T93/><D132/><U22/><E134/><V83/><F87/><W44/><G64/><T43/><D108/><U80/><E17/><V36/><F36/><W110/><G110/><T109/><D109/><U19/><E19/><V95/><F50/><W8/><G85/><T45/><D40/><U99/><E90/><V47/><F57/><W59/><G126/><T12/><D66/><U46/><E99/><V29/><F29/><N who="3" m="11371" /><G3/><T121/><D121/><U15/><E106/><V111/><F70/><W118/><G118/><T102/><D20/><U6/><E6/><V14/><F14/><W21/><G21/><T61/><D61/><U92/><E80/><V119/><F119/><W58/><G58/><T63/><D63/><U91/><E91/><V26/><F26/><W39/><G39/><N who="0" m="21759" /><D12/><U112/><E112/><V73/><F73/><W71/><G71/><T88/><D103/><U116/><REACH who="1" step="1"/><E116/><REACH who="1" ten="229,229,239,293" step="2"/><V129/><F111/><W75/><G77/><T117/><D117/><U130/><E130/><V97/><F129/><W67/><G81/><T69/><D102/><U25/><E25/><V101/><F101/><W113/><G113/><T27/><D100/><U34/><E34/><V114/><F114/><W72/><G8/><T23/><D27/><U42/><E42/><V38/><F38/><W122/><G10/><T115/><D115/><RYUUKYOKU ba="0,1" sc="229,-10,229,30,239,-10,293,-10" hai1="0,7,9,15,16,22,32,33,46,52,89,92,98" /><INIT seed="1,1,1,3,5,116" ten="219,259,229,283" oya="1" hai0="34,89,122,74,5,19,18,100,65,27,67,60,79" hai1="22,111,3,95,46,99,58,117,114,44,75,61,17" hai2="108,15,129,87,133,127,124,69,121,118,40,81,32" hai3="86,50,35,0,123,56,26,104,14,125,52,66,1"/><U120/><E117/><V30/><F118/><W102/><G104/><T78/><D5/><U131/><E114/><V132/><F69/><W53/><G66/><T57/><D100/><U105/><E105/><V25/><F40/><W103/><G35/><T77/><D74/><U128/><E75/><V76/><F108/><W83/><G26/><T71/><D71/><U33/><E33/><V36/><F36/><W130/><G1/><T38/><D38/><U96/><E96/><V31/><F15/><W93/><G0/><T62/><D89/><N who="1" m="55791" /><E3/><V115/><F115/><W10/><G123/><T98/><D98/><U54/><E111/><V63/><F63/><W47/><G93/><T94/><D94/><U28/><E28/><V70/><F70/><W13/><G13/><T49/><D49/><U7/><E7/><V20/><F20/><W82/><G82/><T85/><D85/><U84/><E84/><V135/><F121/><W64/><G102/><T112/><D112/><U41/><E120/><V91/><F76/><W6/><G103/><T12/><D122/><U39/><E46/><V42/><F42/><W11/><G11/><T21/><D34/><U37/><E37/><V43/><F43/><W97/><G97/><T107/><D107/><U88/><E88/><V59/><F59/><W68/><G68/><T90/><D90/><U29/><E29/><V109/><F31/><W119/><G119/><T106/><D106/><U80/><E80/><V110/><F129/><W9/><G130/><T55/><D62/><U92/><E92/><V113/><F113/><W45/><G45/><RYUUKYOKU ba="1,1" sc="219,10,259,10,229,10,283,-30" hai0="12,18,19,21,27,55,57,60,65,67,77,78,79" hai1="17,22,39,41,44,54,58,61,128,131" hai2="25,30,32,81,87,91,109,110,124,127,132,133,135" /><INIT seed="1,2,1,1,1,9" ten="229,269,239,253" oya="1" hai0="75,32,37,1,106,120,12,23,101,10,62,39,86" hai1="42,59,117,70,29,78,28,84,124,19,119,31,14" hai2="27,91,128,107,11,108,104,93,99,65,113,16,34" hai3="50,64,72,25,41,76,26,82,97,110,94,46,73"/><U35/><E70/><V3/><F108/><W98/><G110/><T53/><D120/><U85/><E35/><V61/><F113/><W63/><G73/><T8/><D32/><U133/><E42/><V132/><F132/><W58/><REACH who="3" step="1"/><G98/><REACH who="3" ten="229,269,239,243" step="2"/><T49/><D75/><U111/><E111/><V54/><F128/><W89/><AGARI ba="2,2" hai="25,26,41,46,50,58,63,64,72,76,82,89,94,97" machi="89" ten="20,8000,1" yaku="1,1,2,1,0,1,7,1,53,1" doraHai="9" doraHaiUra="92" who="3" fromWho="3" sc="229,-22,269,-42,239,-22,243,106" /><INIT seed="2,0,0,4,5,55" ten="207,227,217,349" oya="2" hai0="79,53,91,42,73,37,17,26,48,74,43,72,107" hai1="18,114,40,21,1,129,47,33,131,9,50,93,121" hai2="99,0,128,117,86,23,10,35,104,19,20,56,41" hai3="112,32,62,6,22,81,109,80,124,64,16,54,51"/><V12/><F117/><W44/><G109/><T126/><D126/><U8/><E33/><V87/><F35/><W63/><G32/><T15/><D107/><U134/><E114/><V75/><F75/><W118/><G124/><T115/><D115/><U7/><E9/><V13/><F0/><W133/><G133/><T78/><D26/><U108/><E108/><V3/><F3/><W94/><G6/><T25/><D25/><U119/><E119/><V92/><F104/><W2/><G2/><T31/><D31/><U97/><E134/><V5/><F128/><W95/><G63/><T45/><D91/><U71/><E71/><V85/><F41/><W36/><G36/><T46/><REACH who="0" step="1"/><D43/><REACH who="0" ten="197,227,217,349" step="2"/><U132/><E132/><V111/><F111/><W127/><G127/><T59/><D59/><U125/><E125/><V61/><F23/><AGARI ba="0,1" hai="15,17,23,37,42,45,46,48,53,72,73,74,78,79" machi="23" ten="40,1300,0" yaku="1,1,53,0" doraHai="55" doraHaiUra="113" who="0" fromWho="2" sc="197,23,227,0,217,-13,349,0" /><INIT seed="3,0,0,4,3,24" ten="220,227,204,349" oya="3" hai0="130,45,36,109,81,43,86,40,90,6,54,50,22" hai1="37,52,31,70,115,10,21,98,88,0,120,131,18" hai2="133,91,32,105,5,25,39,77,110,34,49,89,3" hai3="74,112,103,95,1,119,67,128,97,108,33,102,7"/><W101/><G33/><T116/><D109/><U99/><E70/><V9/><F110/><W73/><G67/><T122/><D130/><U46/><E37/><V123/><F133/><W29/><G29/><T44/><D122/><U60/><E115/><V71/><F71/><W85/><G85/><T2/><D116/><U42/><E120/><V16/><F105/><W107/><G7/><T80/><D6/><U111/><E111/><V106/><F106/><W19/><G19/><T63/><D2/><U61/><E131/><V114/><F123/><W53/><G53/><T69/><D22/><U83/><E0/><V48/><F39/><W96/><G102/><T27/><D27/><N who="1" m="16879" /><E42/><V79/><F114/><W15/><G1/><T47/><D69/><U94/><E99/><V121/><F121/><W13/><G97/><T76/><D63/><U72/><E72/><V62/><F62/><W38/><G96/><T55/><D45/><U51/><E83/><V11/><F3/><W75/><G75/><AGARI ba="0,0" hai="36,40,43,44,47,50,54,55,75,76,80,81,86,90" machi="75" ten="30,1000,0" yaku="7,1" doraHai="24" who="0" fromWho="3" sc="220,10,227,0,204,0,349,-10" owari="230,3.0,227,-17.0,204,-30.0,339,44.0" /></mjloggm>