<mjloggm ver="2.3"><GO type="97" lobby="0"/><UN n0="%E3%83%99%E3%82%B8%E3%82%BF%E3%83%AA%E3%82%A2%E3%83%B3%EF%BC%92%E4%B8%96" n1="%63%68%69%6B%5F%75%77%61" n2="%E3%82%A6%E3%83%AB%E3%83%88%E3%83%A9%E7%AB%8B%E7%9B%B4" n3="%6D%61%73%73%61%31%39" dan="13,13,14,14" rate="1963.35,1970.56,1920.40,1834.20" sx="F,M,M,M"/><TAIKYOKU oya="0"/><INIT seed="0,0,0,1,3,64" ten="250,250,250,250" oya="0" hai0="12,89,100,17,74,30,132,34,133,95,38,119,112" hai1="20,0,16,13,88,125,83,98,109,6,28,106,102" hai2="44,128,53,5,40,124,24,36,62,35,86,77,3" hai3="110,57,32,69,58,71,49,14,85,37,66,127,93"/><T120/><D74/><U8/><E125/><V121/><F121/><W27/><G110/><T18/><D38/><U10/><E109/><V134/><F5/><W96/><G37/><T130/><D112/><U90/><E83/><V29/><F3/><W65/><G127/><T114/><D119/><U23/><E20/><V41/><F124/><W113/><G113/><T105/><D114/><U42/><E42/><V91/><F128/><W1/><G1/><T68/><D120/><U31/><E10/><V76/><F41/><W60/><G85/><T7/><D68/><U103/><REACH who="1" step="1"/><E103/><REACH who="1" ten="250,240,250,250" step="2"/><V52/><F134/><W70/><G32/><T84/><D133/><U50/><E50/><V54/><REACH who="2" step="1"/><F62/><REACH who="2" ten="250,240,240,250" step="2"/><W135/><G135/><T107/><D132/><U56/><E56/><V101/><F101/><W67/><G60/><T25/><D130/><U94/><E94/><AGARI ba="0,2" hai="24,29,35,36,40,44,52,53,54,76,77,86,91,94" machi="94" ten="40,8000,1" yaku="1,1,54,1,53,3" doraHai="64" doraHaiUra="48" who="2" fromWho="1" sc="250,0,240,-80,240,100,250,0" /><INIT seed="1,0,0,3,2,86" ten="250,160,340,250" oya="1" hai0="44,62,11,7,113,24,95,118,51,109,39,71,100" hai1="14,1,52,102,53,120,131,105,32,61,26,58,33" hai2="43,89,76,111,129,13,4,79,6,22,96,70,40" hai3="38,30,127,29,46,12,125,64,57,18,108,87,106"/><U92/><E1/><V135/><F70/><W34/><G108/><T126/><D109/><U16/><E120/><V60/><F60/><N who="3" m="37903" /><G106/><T82/><D126/><N who="3" m="48137" /><G34/><T84/><D39/><U69/><E131/><V42/><F135/><W50/><G38/><T83/><D113/><U9/><E105/><V90/><F129/><W68/><G68/><T56/><D71/><U74/><E74/><V5/><F96/><W128/><G128/><T19/><D118/><U110/><E110/><V123/><F123/><W23/><G87/><T28/><D19/><N who="1" m="8655" /><E33/><V77/><F111/><W66/><G66/><T54/><D100/><U17/><E32/><V65/><F65/><W81/><G81/><T2/><D95/><U78/><E69/><V49/><F49/><W91/><G91/><T75/><D84/><U27/><E53/><AGARI ba="0,0" hai="12,18,23,29,30,46,50,53" m="48137,37903" machi="53" ten="30,1000,0" yaku="18,1" doraHai="86" who="3" fromWho="1" sc="250,0,160,-10,340,0,250,10" /><INIT seed="2,0,0,4,5,125" ten="250,150,340,260" oya="2" hai0="22,34,45,39,126,64,25,29,86,27,122,41,67" hai1="18,78,91,68,85,52,73,16,129,14,133,107,112" hai2="72,131,109,66,40,9,102,10,83,117,1,114,69" hai3="90,82,96,3,20,132,94,135,48,59,43,55,87"/><V110/><F117/><W26/><G3/><T105/><D105/><U121/><E112/><V124/><F114/><W81/><G43/><T118/><D126/><U51/><E121/><V79/><F124/><W100/><REACH who="3" step="1"/><G82/><REACH who="3" ten="250,150,340,250" step="2"/><T88/><D122/><U31/><E133/><V53/><F40/><W47/><G47/><T7/><D118/><U104/><E129/><V92/><F131/><W38/><G38/><T89/><D89/><U93/><E68/><V120/><F120/><W32/><G32/><T63/><D7/><U36/><E36/><V8/><F1/><W99/><G99/><T106/><D63/><U56/><E78/><V12/><F83/><W28/><AGARI ba="0,1" hai="20,26,28,48,55,59,81,87,90,94,96,100,132,135" machi="28" ten="30,4000,0" yaku="1,1,0,1,53,1" doraHai="125" doraHaiUra="76" who="3" fromWho="3" sc="250,-10,150,-10,340,-20,250,50" /><INIT seed="3,0,0,0,3,62" ten="240,140,320,300" oya="3" hai0="59,30,104,113,24,127,11,18,122,87,13,114,107" hai1="71,78,120,4,5,49,132,40,0,23,7,42,123" hai2="21,75,85,25,17,74,79,26,51,39,76,116,10" hai3="20,82,81,101,110,8,1,133,14,41,65,45,98"/><W99/><G1/><T53/><D122/><U106/><E78/><N who="2" m="29739" /><F39/><W58/><G133/><T64/><D127/><U29/><E132/><V96/><F116/><W73/><G73/><T16/><D87/><U32/><E106/><V90/><F96/><W56/><G110/><T43/><D43/><U61/><E71/><V60/><F75/><W108/><G108/><T118/><D18/><U35/><E61/><V6/><F74/><W34/><G34/><T19/><D19/><U94/><E94/><N who="2" m="54607" /><F60/><N who="3" m="38023" /><G58/><T102/><D64/><U100/><E100/><V54/><F10/><W36/><G36/><T27/><D27/><U80/><E80/><N who="3" m="30826" /><G20/><T89/><D118/><U57/><E57/><N who="2" m="32991" /><F6/><N who="3" m="3351" /><G101/><T46/><D102/><U128/><E128/><V12/><AGARI ba="0,0" hai="12,17,21,25,26" m="32991,54607,29739" machi="12" ten="30,2000,0" yaku="25,1,8,1" doraHai="62" who="2" fromWho="2" sc="240,-5,140,-5,320,20,300,-10" owari="235,-16.0,135,-36.0,340,43.0,290,9.0" /></mjloggm>