<mjloggm ver="2.3"><GO type="169" lobby="0"/><UN n0="%73%61%63%68%69%6F" n1="%E4%B8%8D%E8%81%B4%E7%89%8C%E3%83%AA%E3%83%BC%E3%83%81" n2="%E8%A1%A8%E8%A3%8F%E8%A3%8F" n3="%E3%82%A6%E3%83%AB%E3%83%88%E3%83%A9%E7%AB%8B%E7%9B%B4" dan="16,17,17,16" rate="2157.42,2117.17,2173.42,2105.79" sx="M,M,M,M"/><TAIKYOKU oya="0"/><INIT seed="0,0,0,3,2,50" ten="250,250,250,250" oya="0" hai0="73,98,105,24,35,120,111,68,69,54,22,6,101" hai1="13,128,115,96,37,33,26,99,55,131,66,63,17" hai2="48,130,109,100,23,107,52,56,53,88,29,16,113" hai3="72,124,45,59,103,106,78,36,15,30,132,135,71"/><T122/><D73/><U5/><E37/><V75/><F113/><W67/><G30/><T25/><D6/><U102/><E115/><V11/><F75/><W31/><G31/><T85/><D35/><U80/><E5/><V94/><F130/><N who="1" m="49705" /><E26/><N who="2" m="16607" /><F107/><W123/><G15/><T0/><D0/><U87/><E102/><V112/><F112/><W49/><G78/><T133/><D133/><U60/><E33/><V95/><F109/><W2/><G103/><T9/><D9/><N who="1" m="6319" /><E55/><N who="2" m="31847" /><F100/><W27/><G106/><T126/><D126/><U12/><E12/><N who="2" m="7199" /><F95/><W39/><G2/><T77/><D25/><U121/><E121/><V41/><F41/><W28/><G27/><T19/><D111/><U79/><E60/><V51/><F51/><W81/><G72/><T47/><D122/><U1/><E1/><V38/><F38/><W34/><G36/><T58/><D120/><U57/><AGARI ba="0,0" hai="57,63,66,79,80,87,96,99" m="6319,49705" machi="57" ten="30,1100,0" yaku="19,1" doraHai="50" who="1" fromWho="1" sc="250,-5,250,11,250,-3,250,-3" /><INIT seed="1,0,0,1,4,21" ten="245,261,247,247" oya="1" hai0="63,100,129,85,127,28,131,109,12,11,119,45,60" hai1="80,37,115,35,38,9,95,61,134,88,2,99,118" hai2="16,6,72,70,98,106,82,121,135,66,64,102,96" hai3="51,62,79,26,75,29,90,33,30,113,101,10,40"/><U36/><E35/><V104/><F121/><W117/><G101/><T44/><D119/><U130/><E118/><V68/><F135/><W52/><G79/><T42/><D109/><U5/><E115/><V108/><F108/><W65/><G75/><T22/><D100/><U97/><E134/><V67/><F6/><W81/><G40/><T58/><D127/><U93/><E130/><V46/><F46/><W13/><G30/><T59/><D45/><U69/><E80/><V128/><F128/><W126/><G126/><T17/><D129/><U34/><E34/><V20/><F98/><W1/><G1/><T43/><D131/><U133/><E133/><V74/><F104/><W24/><G29/><T15/><D15/><U125/><E125/><V4/><F4/><N who="3" m="3271" /><G33/><T14/><D14/><U122/><E122/><V18/><F18/><W0/><G0/><T57/><D85/><U103/><REACH who="1" step="1"/><E38/><REACH who="1" ten="245,251,247,247" step="2"/><V49/><F82/><W39/><G39/><T120/><D120/><U47/><E47/><V25/><F74/><W56/><G117/><T31/><D44/><U86/><E86/><V73/><F72/><W41/><G113/><T78/><D78/><U71/><E71/><V48/><F73/><W94/><G81/><T53/><D59/><U89/><E89/><V55/><F70/><W110/><G110/><T87/><D87/><U123/><E123/><V7/><F68/><N who="3" m="42039" /><G41/><N who="0" m="15371" /><D11/><U83/><E83/><V91/><F91/><W54/><G90/><T116/><D116/><U77/><E77/><V124/><F124/><W92/><G56/><T105/><D105/><U27/><E27/><RYUUKYOKU ba="0,1" sc="245,15,251,15,247,-15,247,-15" hai0="12,17,22,28,31,53,57,58,60,63" hai1="2,5,9,36,37,61,69,88,93,95,97,99,103" /><INIT seed="1,1,1,1,5,39" ten="260,266,232,232" oya="1" hai0="122,10,102,55,34,23,86,49,87,117,125,67,107" hai1="26,85,51,48,98,89,79,101,130,7,84,62,127" hai2="16,78,99,133,15,30,11,52,113,112,95,109,43" hai3="47,110,22,2,76,120,74,24,135,132,61,54,25"/><U57/><E130/><V108/><F133/><N who="3" m="51275" /><G2/><T5/><D34/><U35/><E127/><V29/><F78/><W77/><G120/><T50/><D117/><U116/><E116/><V66/><F66/><W32/><G74/><T72/><D72/><U60/><E7/><V114/><F43/><W80/><G80/><T118/><D118/><U19/><E79/><V46/><F46/><W96/><G32/><T59/><D125/><U91/><E35/><V9/><F52/><W38/><G25/><T81/><D87/><U106/><E60/><V42/><F42/><N who="3" m="22999" /><G96/><T58/><D122/><U64/><E26/><V40/><F40/><W103/><G103/><T90/><D67/><U31/><E31/><N who="2" m="11787" /><F11/><W27/><G54/><N who="0" m="32079" /><D102/><AGARI ba="1,1" hai="9,15,16,95,99,102,108,109,112,113,114" m="11787" machi="102" ten="40,2600,0" yaku="11,1,54,1" doraHai="39" who="2" fromWho="0" sc="260,-29,266,0,232,39,232,0" /><INIT seed="2,0,0,2,0,34" ten="231,266,271,232" oya="2" hai0="73,79,39,62,100,104,60,133,18,45,58,129,114" hai1="40,44,57,47,85,43,94,132,103,20,41,68,35" hai2="101,84,78,11,28,23,33,0,8,32,46,107,128" hai3="37,125,96,54,53,30,124,120,70,49,98,95,26"/><V36/><F128/><W65/><G37/><T126/><D114/><U1/><E35/><V108/><F108/><W119/><G119/><T59/><D104/><U106/><E68/><V19/><F107/><W14/><G65/><T56/><D100/><U51/><E106/><V24/><F101/><W122/><G70/><T13/><D129/><U29/><E1/><V112/><F112/><W15/><G26/><T134/><D79/><U52/><E132/><N who="0" m="50793" /><D73/><U16/><E29/><V113/><F113/><W102/><G30/><T110/><D110/><U50/><E47/><V111/><F111/><W42/><G42/><N who="0" m="22751" /><D126/><U25/><REACH who="1" step="1"/><E85/><REACH who="1" ten="231,256,271,232" step="2"/><V3/><F33/><W82/><G124/><T64/><D64/><U4/><E4/><V92/><F32/><W12/><G125/><T121/><D121/><U86/><E86/><V5/><F28/><W72/><G122/><T91/><D91/><U61/><E61/><V67/><F84/><W88/><G120/><T55/><D62/><U71/><E71/><V90/><F90/><W66/><G66/><T74/><D74/><U38/><E38/><V117/><F67/><W89/><G89/><T123/><D123/><U83/><E83/><V22/><F36/><W76/><G49/><T81/><D81/><U99/><AGARI ba="0,1" hai="16,20,25,40,41,43,44,50,51,52,57,94,99,103" machi="99" ten="30,8000,1" yaku="1,1,0,1,8,1,54,2,53,0" doraHai="34" doraHaiUra="105" who="1" fromWho="1" sc="231,-20,256,90,271,-40,232,-20" /><INIT seed="3,0,0,5,1,7" ten="211,346,231,212" oya="3" hai0="93,118,34,36,52,66,116,103,105,15,78,89,17" hai1="112,5,84,45,42,124,21,14,25,68,64,63,55" hai2="130,82,90,110,41,10,131,47,3,94,60,135,92" hai3="51,115,127,72,8,39,65,59,58,37,79,117,107"/><W97/><G79/><T121/><D121/><U18/><E112/><V129/><F135/><W88/><G72/><T96/><D36/><U43/><E124/><V1/><F110/><W32/><G32/><T74/><D34/><U104/><E104/><V87/><F60/><W125/><G115/><T91/><D66/><U61/><E84/><V29/><F29/><W134/><G117/><T75/><D91/><U23/><E5/><N who="2" m="1327" /><F3/><W122/><G122/><T70/><D70/><U40/><E68/><V100/><F100/><W27/><G27/><T9/><D52/><U113/><E64/><V46/><F46/><W67/><G134/><T53/><D53/><U2/><E2/><V111/><F111/><W54/><G107/><T77/><D77/><U31/><E113/><V102/><F102/><W123/><G123/><T83/><REACH who="0" step="1"/><D74/><REACH who="0" ten="201,346,231,212" step="2"/><U12/><E55/><V73/><F73/><W56/><G39/><AGARI ba="0,1" hai="39,41,47,82,87,90,92,94,129,130,131" m="1327" machi="39" ten="30,2000,0" yaku="19,1,52,1" doraHai="7" who="2" fromWho="3" sc="201,0,346,0,231,30,212,-20" /><INIT seed="4,0,0,4,2,10" ten="201,346,261,192" oya="0" hai0="74,98,44,93,106,39,65,60,114,71,81,113,75" hai1="18,78,88,121,55,57,42,58,63,110,132,52,7" hai2="91,5,56,38,22,119,17,41,85,21,19,51,102" hai3="47,92,59,120,32,43,104,13,11,67,134,100,53"/><T124/><D124/><U76/><E121/><V1/><F119/><W84/><G32/><T28/><D81/><U31/><E110/><V101/><F38/><W130/><G104/><T2/><D2/><U0/><E42/><V27/><F1/><W122/><G67/><T128/><D128/><U4/><E31/><V99/><F5/><N who="1" m="2121" /><E132/><V72/><F72/><W73/><G73/><T6/><D6/><U107/><E107/><V9/><F9/><W133/><G13/><T123/><D123/><N who="3" m="47145" /><G11/><T97/><D97/><U30/><E30/><V14/><F99/><N who="3" m="59495" /><G84/><T26/><D44/><U117/><E117/><V36/><F36/><N who="3" m="21991" /><G130/><T112/><D39/><U116/><E116/><V34/><F34/><W79/><G79/><T3/><D3/><U94/><E18/><V83/><F41/><W135/><G135/><T111/><D111/><U108/><E108/><V45/><F45/><W96/><G96/><T48/><D48/><AGARI ba="0,0" hai="48,53,59,133,134" m="21991,59495,47145" machi="48" ten="30,1000,0" yaku="13,1" doraHai="10" who="3" fromWho="0" sc="201,-10,346,0,261,0,192,10" /><INIT seed="5,0,0,0,4,65" ten="191,346,261,202" oya="1" hai0="116,39,32,90,51,40,43,55,9,101,98,86,35" hai1="67,111,89,122,8,30,10,58,34,102,77,128,115" hai2="62,31,7,28,33,76,132,4,63,23,50,16,12" hai3="19,20,87,97,2,82,130,14,85,112,125,118,99"/><U131/><E77/><V25/><F132/><W92/><G2/><T52/><D116/><U71/><E102/><V0/><F76/><W73/><G73/><T41/><D39/><U100/><E100/><V93/><F28/><W45/><G125/><T26/><D9/><U13/><E58/><V74/><F74/><W120/><G120/><T57/><D55/><U107/><E107/><V78/><F78/><W123/><G123/><T134/><D134/><U84/><E122/><V37/><F37/><W18/><G130/><T110/><D26/><U79/><E79/><V42/><F93/><W113/><G118/><T48/><D48/><U64/><E111/><V27/><F27/><W94/><G45/><T109/><D109/><U29/><E84/><V103/><F103/><W44/><G44/><T15/><D15/><U38/><E38/><V66/><F66/><W114/><G82/><T135/><D110/><U104/><E104/><V53/><F42/><W126/><G126/><T6/><D6/><N who="2" m="2090" /><F0/><W108/><G108/><T72/><D72/><U75/><E75/><V54/><F54/><W70/><G113/><T17/><D17/><U83/><E115/><V21/><F33/><W88/><G14/><T36/><D36/><U105/><E34/><V5/><F5/><W81/><G81/><T68/><D68/><U96/><E71/><V22/><F22/><W124/><G70/><T119/><D135/><U56/><E13/><V47/><AGARI ba="0,0" hai="12,16,21,23,25,31,47,50,53,62,63" m="2090" machi="47" ten="30,2000,0" yaku="8,1,54,1" doraHai="65" who="2" fromWho="2" sc="191,-5,346,-10,261,20,202,-5" /><INIT seed="6,0,0,2,2,28" ten="186,336,281,197" oya="2" hai0="76,104,37,85,12,95,101,33,22,74,72,120,130" hai1="100,129,57,42,49,96,124,44,35,13,59,4,45" hai2="40,50,102,128,10,24,34,111,15,93,43,61,51" hai3="41,108,113,117,118,119,17,68,107,11,75,21,133"/><V1/><F1/><W122/><G68/><T92/><D120/><U29/><E129/><V114/><F114/><W127/><G107/><T6/><D37/><U19/><E4/><V98/><F128/><W126/><G75/><T78/><D130/><U87/><E124/><N who="3" m="47658" /><G41/><T131/><D131/><U67/><E67/><V60/><F43/><W86/><G86/><T71/><D71/><U70/><E70/><V25/><F40/><W47/><G47/><T58/><D58/><U89/><E45/><V38/><F38/><W2/><G122/><T135/><D22/><U73/><E73/><N who="0" m="28265" /><D12/><U132/><E132/><V125/><F111/><W31/><G108/><T18/><D18/><U97/><E59/><V8/><F60/><W39/><G39/><T54/><D6/><U116/><E57/><V36/><F98/><W7/><G133/><T112/><D54/><U106/><E96/><V32/><F61/><W90/><G90/><N who="0" m="53327" /><D33/><U88/><E35/><V27/><F36/><W20/><G31/><T63/><D63/><U123/><E29/><V84/><F51/><W94/><G21/><T121/><D121/><U56/><E56/><V69/><F34/><W79/><G20/><T26/><D26/><U65/><E65/><V3/><F32/><W99/><G17/><T53/><D53/><U16/><E19/><V55/><F69/><W0/><G0/><T48/><D135/><U52/><E123/><V105/><F3/><W83/><G118/><T66/><D104/><U109/><E42/><V115/><F125/><W91/><G113/><T46/><D112/><U30/><E116/><RYUUKYOKU ba="0,0" sc="186,-10,336,-10,281,-10,197,30" hai3="2,7,11,79,83,91,94,99,117,119" /><INIT seed="7,1,0,3,2,86" ten="176,326,271,227" oya="3" hai0="98,24,53,111,104,81,39,70,131,74,51,82,118" hai1="128,17,115,18,79,60,1,71,65,119,37,62,72" hai2="109,21,84,135,122,125,31,110,10,113,55,58,45" hai3="28,106,11,76,25,63,2,48,43,57,117,114,75"/><W35/><G106/><T93/><D118/><U66/><E119/><V105/><F105/><W130/><G117/><T22/><D111/><U102/><E37/><V73/><F73/><W8/><G2/><T94/><D39/><U78/><E1/><V89/><F122/><W121/><G121/><T52/><D70/><U64/><E102/><V4/><F45/><W80/><G114/><T97/><D104/><U120/><E120/><V41/><F41/><W38/><G38/><T40/><D40/><U123/><E123/><V0/><F31/><W101/><G101/><N who="0" m="60591" /><D74/><U127/><E115/><V112/><F21/><W67/><G130/><T27/><D53/><U5/><E128/><V126/><F112/><W14/><G43/><T77/><D77/><U88/><E64/><V6/><F113/><W34/><G34/><T49/><D49/><U129/><E129/><V134/><F55/><W83/><G48/><T7/><D7/><U96/><E5/><V61/><F6/><W50/><G50/><T13/><D13/><U108/><E108/><V29/><F4/><W85/><G14/><T33/><D33/><U99/><E72/><V91/><F0/><W44/><REACH who="3" step="1"/><G44/><REACH who="3" ten="176,326,271,217" step="2"/><N who="0" m="27751" /><D131/><U36/><E36/><V107/><F109/><W95/><G95/><T116/><D116/><U69/><E62/><V46/><F110/><W103/><G103/><N who="0" m="60887" /><D27/><U68/><E60/><V30/><F61/><W56/><G56/><T47/><D47/><U124/><E68/><V87/><F107/><W32/><G32/><T133/><D133/><U42/><E42/><V12/><F135/><W19/><G19/><AGARI ba="1,1" hai="19,22,24,81,82" m="60887,27751,60591" machi="19" ten="30,3900,0" yaku="6,1,8,1,54,1" doraHai="86" who="0" fromWho="3" sc="176,52,326,0,271,0,217,-42" owari="228,-17.0,326,42.0,271,7.0,175,-32.0" /></mjloggm>