<mjloggm ver="2.3"><GO type="97" lobby="0"/><UN n0="%73%68%69%6D%6D%61" n1="%53%68%69%67%65%7A%6F" n2="%E9%9B%80%E9%AC%BC%E8%94%B5%E6%88%B8" n3="%E3%82%A6%E3%83%AB%E3%83%88%E3%83%A9%E7%AB%8B%E7%9B%B4" dan="15,13,14,15" rate="1956.77,1879.04,1935.28,1959.44" sx="M,M,M,M"/><TAIKYOKU oya="0"/><INIT seed="0,0,0,5,2,43" ten="250,250,250,250" oya="0" hai0="33,29,66,106,91,125,2,77,110,8,80,96,21" hai1="118,126,54,116,105,45,39,74,14,90,109,104,84" hai2="101,42,103,70,56,13,69,48,131,130,36,100,4" hai3="75,123,135,64,121,28,85,58,34,0,3,16,40"/><T6/><D125/><U117/><E109/><V63/><F36/><W41/><G75/><T23/><D66/><U114/><E74/><V44/><F4/><W71/><G71/><T98/><D110/><U94/><E126/><V61/><F13/><W88/><G28/><T17/><D91/><U92/><E92/><V15/><F15/><W129/><G34/><T99/><D106/><U47/><E39/><V120/><F120/><N who="3" m="46155" /><G129/><N who="2" m="49161" /><F61/><N who="3" m="37943" /><G135/><T76/><D76/><U35/><E35/><V65/><AGARI ba="0,0" hai="42,44,48,56,63,65,69,70,100,101,103" m="49161" machi="65" ten="30,2000,0" yaku="19,1,52,1" doraHai="43" who="2" fromWho="2" sc="250,-10,250,-5,250,20,250,-5" /><INIT seed="1,0,0,4,1,28" ten="240,245,270,245" oya="1" hai0="26,116,88,49,110,77,81,89,112,12,106,47,2" hai1="132,13,43,41,118,38,83,69,30,96,120,57,31" hai2="121,84,3,125,63,60,73,109,36,65,126,51,102" hai3="133,1,108,135,9,131,93,86,48,130,20,61,78"/><U58/><E120/><V70/><F73/><W82/><G61/><T103/><D2/><U16/><E69/><V0/><F36/><W114/><G48/><T105/><D26/><U92/><E38/><V74/><F74/><W91/><G20/><T64/><D64/><U122/><E122/><V85/><F121/><W44/><G44/><T111/><D12/><U98/><E83/><V40/><F102/><W97/><G9/><T4/><D4/><U101/><E132/><N who="3" m="50762" /><G1/><T21/><D21/><N who="1" m="11407" /><E98/><V127/><F109/><N who="0" m="41482" /><D112/><U24/><E118/><V128/><F128/><N who="3" m="49195" /><G108/><T54/><D116/><U29/><E24/><V134/><F134/><W15/><G15/><T18/><D18/><U71/><E71/><V95/><F63/><W90/><G114/><T35/><D35/><U56/><AGARI ba="0,0" hai="29,30,31,41,43,56,57,58,92,96,101" m="11407" machi="56" ten="30,3000,0" yaku="8,1,54,1" doraHai="28" who="1" fromWho="1" sc="240,-10,245,30,270,-10,245,-10" /><INIT seed="1,1,0,4,5,30" ten="230,275,260,235" oya="1" hai0="0,93,122,55,42,65,41,101,92,62,59,36,64" hai1="125,117,17,84,87,82,39,74,112,120,19,121,88" hai2="119,23,24,32,8,57,25,69,100,13,15,33,90" hai3="104,97,40,99,76,116,11,44,73,79,130,31,118"/><U105/><E39/><V71/><F100/><W78/><G31/><T61/><D0/><U26/><E117/><N who="3" m="45162" /><G11/><T46/><D101/><U20/><E112/><V5/><F119/><W95/><G44/><N who="0" m="23591" /><D93/><U96/><E125/><V54/><F90/><N who="3" m="55543" /><G40/><T110/><D92/><N who="1" m="54279" /><E87/><V124/><F124/><W16/><G16/><T47/><D122/><U134/><E134/><V18/><F69/><W132/><G132/><T29/><D29/><U22/><E22/><V91/><F91/><W51/><G51/><N who="0" m="29183" /><D110/><U28/><E121/><V123/><F123/><W108/><G108/><T37/><D62/><U115/><E115/><V128/><F71/><W43/><G43/><T10/><D10/><U52/><E52/><AGARI ba="1,0" hai="37,42,46,52,59,61,64,65" m="29183,23591" machi="52" ten="30,12000,2" yaku="35,5,54,1" doraHai="30" who="0" fromWho="1" sc="230,123,275,-123,260,0,235,0" /><INIT seed="2,0,0,3,4,90" ten="353,152,260,235" oya="2" hai0="9,125,131,3,6,132,47,11,130,74,98,89,124" hai1="52,93,21,116,112,71,19,135,33,27,78,22,25" hai2="40,65,26,1,16,79,57,64,5,103,114,101,18" hai3="110,15,34,91,117,56,66,68,115,80,105,122,51"/><V96/><F79/><W83/><G15/><T128/><D74/><U63/><E33/><V85/><F1/><W43/><G56/><T99/><D132/><U119/><E112/><V53/><F40/><W17/><G51/><T12/><D47/><U69/><E78/><V49/><F5/><W73/><G17/><N who="0" m="8335" /><D89/><U77/><E77/><V0/><F0/><W10/><G66/><N who="2" m="25705" /><F114/><W95/><G10/><T118/><D118/><U24/><E135/><V106/><F106/><W70/><G43/><T94/><D94/><U84/><E119/><V86/><F96/><AGARI ba="0,0" hai="3,6,11,96,98,99,124,125,128,130,131" m="8335" machi="96" ten="40,1300,0" yaku="19,1" doraHai="90" who="0" fromWho="2" sc="353,13,152,0,260,-13,235,0" /><INIT seed="3,0,0,4,0,115" ten="366,152,247,235" oya="3" hai0="54,112,31,117,29,105,40,39,103,84,8,106,6" hai1="24,5,87,93,33,0,82,2,62,37,55,90,41" hai2="57,49,71,73,13,14,66,63,124,25,80,78,83" hai3="125,46,48,9,109,75,51,70,60,110,98,50,131"/><W15/><G75/><T11/><D117/><U68/><E5/><V67/><F124/><W4/><G125/><T111/><D112/><U94/><E37/><V44/><F67/><N who="3" m="41319" /><G98/><T127/><D127/><U118/><E41/><V86/><F71/><W53/><G15/><T34/><D40/><U30/><E94/><V81/><F25/><W52/><G9/><T45/><D39/><U16/><E68/><V134/><F134/><W107/><G4/><T19/><D45/><U64/><E64/><V96/><F96/><W129/><G107/><T92/><D54/><N who="3" m="21097" /><G46/><T122/><D84/><U65/><E65/><V17/><F73/><W77/><G77/><T102/><D92/><U101/><E101/><V95/><F95/><W22/><G22/><T56/><D19/><U38/><E38/><V69/><F69/><W3/><G3/><T128/><D6/><U88/><E16/><V59/><F14/><W47/><G47/><T43/><D34/><U130/><E130/><AGARI ba="0,0" hai="48,50,51,109,110,129,130,131" m="21097,41319" machi="130" ten="40,12000,1" yaku="19,1,34,2,54,1" doraHai="115" who="3" fromWho="1" sc="366,0,152,-120,247,0,235,120" /><INIT seed="3,1,0,2,2,19" ten="366,32,247,355" oya="3" hai0="7,106,8,118,9,42,75,115,5,117,21,76,64" hai1="99,60,32,96,17,120,89,70,16,31,95,43,105" hai2="91,61,86,45,62,41,81,49,88,103,10,116,97" hai3="100,34,3,130,87,11,55,133,15,1,36,52,14"/><W78/><G36/><T23/><D106/><U94/><E43/><V26/><F116/><N who="0" m="44650" /><D64/><U123/><E123/><V79/><F26/><W47/><G34/><T71/><D42/><U0/><E0/><N who="3" m="74" /><G100/><T84/><D84/><U37/><E37/><V90/><F10/><N who="0" m="4202" /><D76/><U69/><E120/><V93/><AGARI ba="1,0" hai="41,45,49,61,62,79,81,86,88,90,91,93,97,103" machi="93" ten="30,4000,0" yaku="0,1,8,1,54,1" doraHai="19" who="2" fromWho="2" sc="366,-11,32,-11,247,43,355,-21" owari="355,46.0,21,-48.0,290,-11.0,334,13.0" /></mjloggm>