<mjloggm ver="2.3"><GO type="41" lobby="0"/><UN n0="%E3%81%AF%E3%81%A8%E3%81%95%E3%81%B6%E3%82%8C" n1="%73%61%6B%69%36%33%34%32" n2="%E3%82%A6%E3%83%AB%E3%83%88%E3%83%A9%E7%AB%8B%E7%9B%B4" n3="%E5%A4%A2%E5%90%8D" dan="16,14,15,13" rate="2104.72,1912.69,2045.62,1902.45" sx="M,M,M,F"/><TAIKYOKU oya="0"/><INIT seed="0,0,0,5,4,116" ten="250,250,250,250" oya="0" hai0="63,32,70,37,95,9,8,26,54,131,36,127,74" hai1="19,6,38,134,57,33,124,133,78,113,27,99,96" hai2="75,115,84,107,111,59,65,44,80,86,130,87,82" hai3="42,72,0,123,90,23,109,7,79,98,29,68,108"/><T67/><D74/><U40/><E78/><N who="2" m="44127" /><F59/><W89/><G68/><T56/><D56/><U1/><E6/><V2/><F44/><W122/><G42/><T39/><D54/><U83/><E1/><V34/><F34/><W64/><G64/><T18/><D131/><U30/><E83/><V15/><F15/><W31/><G72/><T114/><D114/><U60/><E124/><V41/><F41/><W28/><G79/><T97/><D127/><U69/><E113/><V5/><F5/><W53/><G53/><T61/><D61/><U3/><E3/><V91/><F2/><W94/><G89/><T118/><D118/><U121/><E121/><N who="3" m="46090" /><G23/><T48/><D48/><U17/><E40/><V62/><F62/><W16/><G16/><T126/><D126/><U50/><E19/><V11/><F65/><W117/><G117/><T66/><D66/><U43/><E17/><V77/><F115/><W129/><G129/><T125/><D125/><U81/><E69/><V46/><F130/><W73/><G73/><T93/><D18/><U10/><E43/><V24/><F91/><W103/><G90/><T4/><D4/><U105/><E33/><V22/><F22/><W106/><G106/><T128/><D128/><U49/><E105/><V71/><F107/><W45/><G45/><T119/><D119/><U25/><E30/><V76/><F46/><W92/><G92/><T104/><D95/><U132/><E133/><V35/><F71/><W13/><G13/><T58/><D104/><U20/><E134/><V51/><F77/><W85/><G85/><N who="2" m="21761" /><V135/><DORA hai="52" /><F76/><RYUUKYOKU ba="0,0" sc="250,-10,250,-10,250,-10,250,30" hai3="0,7,28,29,31,94,98,103,108,109" /><INIT seed="1,1,0,1,1,44" ten="240,240,240,280" oya="1" hai0="25,45,69,46,24,133,87,127,34,29,20,95,52" hai1="91,117,43,49,41,36,92,56,30,115,131,123,86" hai2="31,111,38,2,19,104,18,135,14,93,125,72,68" hai3="65,99,122,84,101,58,3,11,64,67,85,132,134"/><U5/><E123/><V112/><F93/><W103/><G122/><T35/><D69/><U57/><E117/><V110/><F14/><W40/><G40/><N who="1" m="15434" /><E36/><V54/><F54/><W39/><G39/><T82/><D133/><U63/><E115/><V51/><F51/><W118/><G118/><T47/><D95/><U119/><E119/><V66/><F66/><W80/><G3/><T108/><D108/><U126/><E126/><V27/><F27/><W59/><G11/><T4/><D4/><U61/><E131/><V130/><F31/><W53/><G58/><N who="1" m="22634" /><E49/><V81/><F18/><W55/><G55/><T109/><D127/><U105/><E105/><V16/><F19/><W26/><G132/><T0/><D109/><U77/><E30/><V23/><F16/><W21/><G134/><T42/><D42/><U88/><E77/><V70/><F23/><W128/><G21/><T94/><D0/><U28/><E28/><V9/><F9/><W97/><G128/><T120/><D120/><U74/><E74/><V15/><F70/><W98/><G64/><T107/><D107/><U96/><E5/><V60/><F60/><W37/><G37/><T73/><D73/><U1/><E1/><V71/><F71/><W32/><G65/><T121/><D121/><U76/><E76/><V12/><F68/><W8/><G67/><T116/><D116/><U13/><E13/><V102/><F111/><W50/><G53/><T48/><D25/><U83/><AGARI ba="1,0" hai="61,63,83,86,88,91,92,96" m="22634,15434" machi="83" ten="30,3000,0" yaku="8,1,54,1" doraHai="44" who="1" fromWho="1" sc="240,-11,240,33,240,-11,280,-11" /><INIT seed="1,2,0,0,2,2" ten="229,273,229,269" oya="1" hai0="40,3,6,51,107,105,54,94,61,19,127,81,8" hai1="24,18,26,76,98,32,30,79,95,73,131,11,29" hai2="60,119,135,38,85,1,10,111,83,90,123,80,128" hai3="71,116,106,75,124,25,34,44,42,49,133,45,39"/><U103/><E131/><V110/><F38/><W125/><G106/><T33/><D127/><U13/><REACH who="1" step="1"/><E73/><REACH who="1" ten="229,263,229,269" step="2"/><V134/><F128/><W12/><G75/><T23/><D33/><AGARI ba="2,1" hai="11,13,18,24,26,29,30,32,33,76,79,95,98,103" machi="33" ten="30,12000,1" yaku="1,1,2,1,7,1,9,1,53,1" doraHai="2" doraHaiUra="15" who="1" fromWho="0" sc="229,-126,263,136,229,0,269,0" /><INIT seed="1,3,0,1,5,123" ten="103,399,229,269" oya="1" hai0="84,74,27,124,12,112,40,119,15,113,34,8,3" hai1="99,36,87,70,134,89,95,108,54,13,90,133,94" hai2="25,49,47,96,29,85,44,43,30,93,131,106,110" hai3="98,77,60,52,11,57,4,120,126,73,121,14,125"/><U41/><E70/><V56/><F106/><W28/><G98/><T72/><D40/><U26/><E36/><V116/><F116/><W104/><G104/><T19/><D119/><U9/><E41/><V7/><F131/><W68/><G28/><T132/><D84/><U82/><E26/><V62/><F47/><W23/><G23/><T91/><D91/><U46/><E108/><V135/><F135/><W65/><G77/><T118/><D132/><U6/><REACH who="1" step="1"/><E82/><REACH who="1" ten="103,389,229,269" step="2"/><V59/><F110/><W18/><G120/><T2/><D27/><U39/><E39/><V33/><F25/><W103/><G121/><T76/><D118/><U115/><E115/><V55/><F43/><W71/><G68/><T35/><D113/><U1/><E1/><V67/><F33/><W66/><G71/><T24/><D24/><U31/><E31/><V16/><F30/><W0/><G0/><T111/><D112/><U63/><E63/><V101/><F29/><W97/><G60/><T50/><D111/><U53/><E53/><V81/><F62/><W22/><G52/><T48/><D124/><U64/><E64/><V114/><F67/><W128/><G65/><T86/><D3/><U130/><E130/><V129/><F129/><W17/><G66/><T20/><D2/><U69/><E69/><V5/><F114/><W102/><G125/><T10/><D35/><U88/><E88/><V32/><F32/><W42/><G126/><T122/><D34/><U127/><E127/><V80/><F80/><W109/><G128/><T21/><D122/><U38/><E38/><V78/><F81/><RYUUKYOKU ba="3,1" sc="103,-10,389,30,229,-10,269,-10" hai1="6,9,13,46,54,87,89,90,94,95,99,133,134" /><INIT seed="1,4,1,4,2,106" ten="93,419,219,259" oya="1" hai0="102,135,97,38,15,105,133,49,13,88,74,126,37" hai1="10,17,26,123,0,59,36,68,114,79,43,61,118" hai2="52,127,129,8,95,29,91,21,121,81,124,58,4" hai3="23,82,19,92,77,40,44,47,108,24,5,111,128"/><U48/><E123/><V11/><F129/><W1/><G92/><T87/><D49/><U73/><E118/><V28/><F121/><W125/><G128/><T34/><D34/><U134/><E114/><V84/><F95/><W50/><G125/><N who="2" m="48201" /><F21/><W117/><G117/><T7/><D126/><U66/><E134/><N who="0" m="51209" /><D13/><U103/><E103/><V20/><F20/><W64/><G64/><T53/><D53/><U33/><E36/><V93/><F93/><W35/><G35/><T90/><D15/><U32/><E26/><V3/><F11/><W110/><G47/><T2/><D2/><U131/><E131/><V51/><AGARI ba="4,1" hai="3,4,8,28,29,51,52,58,81,84,91" m="48201" machi="51" ten="30,2000,0" yaku="18,1,54,1" doraHai="106" who="2" fromWho="2" sc="93,-9,419,-14,219,42,259,-9" /><INIT seed="2,0,0,4,0,62" ten="84,405,261,250" oya="2" hai0="74,3,37,2,115,0,1,34,125,26,119,120,67" hai1="15,12,24,113,31,8,22,96,95,129,19,134,64" hai2="90,101,14,117,10,112,100,131,54,7,50,75,106" hai3="91,32,55,47,128,103,17,29,76,65,61,83,25"/><V49/><F75/><W94/><G103/><T102/><D115/><U89/><E113/><V21/><F117/><W45/><G17/><T108/><D120/><U116/><E116/><V127/><F112/><W99/><G55/><T123/><D123/><U79/><E134/><V48/><F127/><W38/><G38/><T87/><D108/><U77/><E129/><V92/><F131/><W46/><G128/><T18/><D119/><U58/><E15/><V85/><F106/><W41/><G41/><T59/><D74/><U109/><E109/><V33/><F33/><W126/><G126/><T135/><D37/><U9/><E9/><V82/><F54/><W28/><G28/><T39/><D39/><U78/><E58/><V124/><F124/><W6/><G6/><T71/><D59/><U40/><E40/><V36/><F36/><W69/><REACH who="3" step="1"/><G45/><REACH who="3" ten="84,405,261,240" step="2"/><T13/><D125/><U63/><E31/><V73/><F100/><W4/><G4/><T114/><D102/><U11/><E19/><V105/><F105/><W5/><G5/><T111/><D114/><U35/><E35/><V56/><F101/><W66/><G66/><T107/><D107/><U88/><E64/><V98/><F7/><W86/><AGARI ba="0,1" hai="25,29,32,46,47,61,65,69,76,83,86,91,94,99" machi="86" ten="20,5200,0" yaku="1,1,0,1,7,1,52,1,53,0" doraHai="62" doraHaiUra="44" who="3" fromWho="3" sc="84,-13,405,-13,261,-26,240,62" /><INIT seed="3,0,0,3,0,27" ten="71,392,235,302" oya="3" hai0="3,15,40,125,50,102,133,61,135,43,55,128,126" hai1="49,88,41,2,44,67,14,10,84,7,92,109,51" hai2="113,0,38,33,45,81,74,77,1,30,78,71,58" hai3="47,123,53,87,69,134,110,24,83,11,107,17,20"/><W64/><G123/><T94/><D3/><N who="2" m="1098" /><F58/><W72/><G72/><T57/><D15/><U37/><E109/><V42/><F78/><W103/><G110/><T82/><D82/><U108/><E108/><V32/><F113/><W132/><G11/><T97/><D94/><U59/><E2/><V127/><F127/><N who="0" m="48650" /><D97/><U118/><E118/><V117/><F117/><W85/><G103/><T18/><D18/><U115/><E115/><V76/><F76/><W19/><G107/><T48/><D102/><U79/><E79/><V62/><F30/><N who="3" m="17671" /><G64/><AGARI ba="0,0" hai="32,33,38,42,45,62,64,71,74,77,81" m="1098" machi="64" ten="30,2000,0" yaku="33,2" doraHai="27" who="2" fromWho="3" sc="71,0,392,0,235,20,302,-20" /><INIT seed="4,0,0,0,3,51" ten="71,392,255,282" oya="0" hai0="4,22,111,61,5,12,121,73,8,55,124,123,122" hai1="26,108,36,95,63,84,30,134,129,81,76,53,31" hai2="25,17,15,126,66,87,85,39,47,114,131,37,68" hai3="97,79,71,135,103,24,112,18,0,120,45,44,105"/><T83/><D124/><U128/><E36/><V2/><F2/><W89/><G0/><T52/><D111/><U34/><E108/><V75/><F75/><W118/><G71/><T49/><D22/><U80/><E134/><V29/><F66/><W64/><G64/><T116/><D116/><U117/><E117/><V91/><F68/><W77/><G118/><T43/><D4/><U41/><E41/><V54/><F126/><W33/><G33/><T78/><REACH who="0" step="1"/><D61/><REACH who="0" ten="61,392,255,282" step="2"/><U62/><E62/><V115/><F131/><W67/><G135/><T96/><D96/><U23/><E129/><V82/><F114/><W100/><G97/><T104/><D104/><U13/><E128/><V92/><F115/><W50/><G105/><T28/><D28/><U40/><E31/><V101/><F29/><W127/><G127/><T130/><D130/><U16/><E34/><V110/><F110/><W21/><G21/><T38/><D38/><U9/><E30/><V90/><F39/><W59/><G112/><T106/><D106/><U99/><E23/><V72/><F37/><W35/><G35/><T86/><D86/><U93/><E99/><V48/><F72/><W10/><G120/><T60/><D60/><U94/><E84/><V98/><F25/><W132/><G132/><T57/><D57/><U11/><E26/><V19/><F98/><W69/><G59/><T107/><D107/><U70/><E63/><V74/><F74/><W42/><G44/><AGARI ba="0,1" hai="5,8,12,43,44,49,52,55,73,78,83,121,122,123" machi="44" ten="40,12000,1" yaku="1,1,52,2,54,1,53,0" doraHai="51" doraHaiUra="58" who="0" fromWho="3" sc="61,130,392,0,255,0,282,-120" /><INIT seed="4,1,0,5,3,87" ten="191,392,255,162" oya="0" hai0="85,8,129,11,89,59,67,60,107,58,41,3,110" hai1="132,86,31,9,119,106,61,131,53,19,83,14,88" hai2="32,75,99,39,78,18,114,94,135,65,20,30,50" hai3="69,96,74,126,43,95,105,92,0,25,91,111,56"/><T66/><D107/><U103/><E132/><V90/><F39/><W24/><G74/><T45/><D129/><U124/><E131/><V117/><F135/><W15/><G69/><T29/><D29/><U79/><E124/><V125/><F125/><W80/><G0/><T55/><D110/><U47/><E119/><V108/><F108/><W101/><G111/><T100/><D100/><U27/><E106/><V5/><F30/><W102/><G126/><T26/><D26/><U40/><E103/><V51/><F32/><W134/><G134/><T122/><D122/><U115/><E115/><V63/><F114/><W35/><G43/><T123/><D123/><U42/><E79/><V44/><F5/><W68/><G68/><T93/><D3/><U22/><E61/><V10/><F10/><W52/><G101/><T33/><D33/><U28/><E28/><V6/><F6/><W48/><G80/><T116/><D116/><U73/><E73/><V12/><F117/><W82/><G82/><T37/><REACH who="0" step="1"/><D67/><REACH who="0" ten="181,392,255,162" step="2"/><U49/><AGARI ba="1,1" hai="9,14,19,22,27,31,40,42,47,49,53,83,86,88" machi="49" ten="30,12000,2" yaku="0,1,25,2,8,1,52,1,54,1" doraHai="87" who="1" fromWho="1" sc="181,-61,392,133,255,-31,162,-31" /><INIT seed="5,0,0,3,1,114" ten="120,525,224,131" oya="1" hai0="113,39,111,56,116,1,28,48,54,88,63,128,73" hai1="5,75,60,3,13,108,100,104,34,53,103,20,102" hai2="134,12,69,40,67,131,92,43,96,105,15,25,41" hai3="47,50,10,135,29,30,59,79,115,97,16,87,130"/><U119/><E34/><V121/><F105/><W2/><G2/><T95/><D111/><U61/><E108/><V7/><F121/><W132/><G115/><T8/><D113/><U78/><E75/><V33/><F69/><W21/><G10/><T62/><D73/><U6/><E78/><V120/><F120/><W11/><G11/><T82/><D82/><U94/><E104/><V85/><F7/><N who="1" m="2569" /><E3/><V23/><F33/><W93/><G59/><T117/><D1/><U38/><E38/><V9/><F9/><W133/><G130/><T84/><D8/><U71/><E71/><V17/><F134/><W112/><G112/><T101/><D39/><U19/><E119/><V127/><F127/><W65/><G65/><T110/><D110/><U32/><E32/><V107/><F107/><W55/><G87/><T123/><D123/><U52/><E94/><V35/><F35/><W31/><G79/><T45/><D128/><U4/><E4/><V18/><F131/><W58/><G58/><T90/><D28/><U80/><E80/><V72/><F72/><W27/><G31/><T49/><D101/><AGARI ba="0,0" hai="16,21,27,29,30,47,50,55,93,97,101,132,133,135" machi="101" ten="40,2600,0" yaku="20,1,54,1" doraHai="114" who="3" fromWho="0" sc="120,-26,525,0,224,0,131,26" /><INIT seed="6,0,0,1,4,119" ten="94,525,224,157" oya="2" hai0="57,95,106,59,132,128,6,49,99,23,113,118,14" hai1="88,48,3,108,47,8,25,117,44,18,65,37,68" hai2="135,12,102,83,28,78,134,112,92,52,123,104,29" hai3="35,10,124,103,13,89,1,20,50,100,105,94,77"/><V62/><F104/><W110/><G35/><T55/><D113/><U126/><E117/><V86/><F12/><W69/><G69/><T85/><D118/><U114/><E37/><V64/><F112/><W63/><G77/><T54/><D132/><N who="2" m="50730" /><F123/><W41/><G1/><T19/><D128/><U115/><E18/><V30/><F52/><W58/><G41/><T11/><D106/><U121/><E8/><V61/><F64/><W72/><G10/><T87/><D55/><U45/><E25/><V17/><F17/><W116/><G13/><T16/><D59/><U76/><E3/><V15/><F15/><W73/><G58/><T5/><D87/><U36/><E65/><V2/><F2/><W125/><G72/><T98/><D19/><U130/><E115/><V93/><F102/><W22/><G100/><T0/><REACH who="0" step="1"/><D5/><REACH who="0" ten="84,525,224,157" step="2"/><U96/><E114/><V56/><F56/><W67/><G116/><T60/><D60/><AGARI ba="0,1" hai="28,29,30,60,61,62,78,83,86,92,93" m="50730" machi="60" ten="30,1500,0" yaku="20,1" doraHai="119" who="2" fromWho="0" sc="84,-15,525,0,224,25,157,0" /><INIT seed="6,1,0,3,5,38" ten="69,525,249,157" oya="2" hai0="66,108,92,73,46,134,10,29,80,53,75,94,17" hai1="36,126,20,112,82,62,35,72,83,90,122,6,45" hai2="65,114,116,27,93,111,58,117,121,130,96,91,101" hai3="63,110,15,107,99,113,98,51,133,123,84,128,3"/><V0/><F0/><W77/><G3/><T42/><D42/><U39/><E35/><V7/><F7/><W9/><G107/><T87/><D87/><U43/><E90/><V127/><F27/><W120/><G51/><T50/><D50/><U109/><E62/><N who="2" m="38103" /><F121/><W124/><G120/><T76/><D76/><U78/><E6/><V23/><F23/><W8/><G123/><T12/><D12/><U14/><E20/><V34/><F34/><W118/><G15/><T71/><D108/><U11/><E14/><V57/><F57/><W40/><G9/><T2/><D134/><U81/><E11/><V5/><F5/><W100/><G8/><T129/><D29/><U30/><E36/><V67/><F67/><W18/><G110/><T102/><D17/><U132/><E30/><V79/><F79/><W55/><G77/><T41/><D2/><U31/><E39/><V24/><F24/><W26/><G26/><T13/><D13/><U115/><E78/><V61/><F61/><W4/><G63/><T32/><D32/><U37/><E37/><V135/><F111/><W48/><G4/><T85/><D75/><U16/><E109/><V56/><F135/><W86/><G133/><T106/><D73/><U44/><E132/><V22/><F22/><W25/><G25/><T69/><D10/><U33/><E33/><V1/><F1/><W125/><G18/><T68/><D69/><U105/><E122/><V70/><F70/><W89/><G124/><T54/><D71/><U19/><E126/><V47/><F127/><W64/><G125/><T131/><D68/><RYUUKYOKU ba="1,0" sc="69,0,525,0,249,0,157,0" /><INIT seed="7,2,0,2,4,7" ten="69,525,249,157" oya="3" hai0="135,41,31,52,27,75,90,94,122,104,109,12,78" hai1="53,0,96,114,24,48,131,119,117,105,60,99,108" hai2="3,103,77,101,128,133,82,16,86,4,11,79,21" hai3="112,81,34,106,115,69,19,62,100,50,125,43,44"/><W56/><G34/><T127/><D122/><U15/><E108/><V71/><F71/><W67/><G81/><T97/><D109/><U92/><E114/><N who="3" m="43562" /><G100/><T74/><D41/><U73/><E131/><V20/><F128/><W17/><G106/><T120/><D120/><U10/><E0/><V61/><F133/><W29/><G29/><T40/><D127/><U55/><E73/><V107/><F107/><W2/><G2/><T111/><D40/><U8/><E24/><V130/><F130/><W83/><G83/><T87/><D111/><U30/><E30/><V9/><F61/><W98/><G98/><N who="1" m="37418" /><E92/><V124/><F124/><W132/><G132/><T49/><D135/><U72/><E72/><V25/><F79/><W59/><G125/><T123/><D12/><U33/><E33/><V126/><F126/><W129/><G129/><T85/><D123/><U110/><E105/><V102/><F3/><W14/><G19/><T63/><D87/><U23/><E110/><V70/><F4/><W32/><G32/><T51/><D63/><U84/><E84/><V22/><F70/><W89/><G89/><T26/><D78/><U113/><E113/><V36/><F36/><W13/><G13/><T88/><D26/><U95/><E60/><V54/><F54/><N who="1" m="20489" /><E95/><V46/><F46/><W28/><G28/><T37/><D37/><U80/><E80/><V93/><F93/><W35/><G35/><N who="0" m="20991" /><D49/><U121/><E48/><V38/><F38/><W57/><G69/><T1/><D1/><U76/><E121/><V39/><F39/><W116/><G43/><T5/><D104/><RYUUKYOKU ba="2,0" sc="69,-10,525,-10,249,30,157,-10" hai2="9,11,16,20,21,22,25,77,82,86,101,102,103" owari="59,-44.0,515,61.0,279,8.0,147,-25.0" /></mjloggm>