<mjloggm ver="2.3"><GO type="169" lobby="0"/><UN n0="%E3%82%A6%E3%83%AB%E3%83%88%E3%83%A9%E7%AB%8B%E7%9B%B4" n1="%46%43%50%54%4B" n2="%E5%A4%AA%E3%81%8F%E3%81%AA%E3%81%84%E3%81%8A" n3="%74%6B%38%38" dan="17,16,17,16" rate="2154.18,2122.94,2144.69,2078.14" sx="M,M,M,M"/><TAIKYOKU oya="0"/><INIT seed="0,0,0,5,2,135" ten="250,250,250,250" oya="0" hai0="83,38,120,121,122,117,26,110,96,104,99,128,18" hai1="32,92,59,7,118,91,55,106,97,65,80,35,109" hai2="69,132,58,67,108,28,89,113,116,16,4,17,94" hai3="79,42,49,134,84,5,34,63,45,105,73,100,15"/><T40/><D117/><U30/><E118/><V39/><F116/><W6/><G34/><T47/><D128/><U41/><E65/><V14/><F113/><W61/><G134/><T11/><D104/><U103/><E41/><V66/><F69/><W56/><G73/><T2/><D110/><U37/><E37/><V20/><F39/><W29/><G105/><T70/><D70/><U86/><E109/><V126/><F132/><W124/><G29/><T112/><D112/><U50/><E30/><V101/><F101/><W3/><G3/><T111/><D111/><U95/><E7/><V131/><F131/><W74/><G74/><T0/><D0/><U88/><REACH who="1" step="1"/><E106/><REACH who="1" ten="250,240,250,250" step="2"/><V53/><F4/><W33/><G6/><T76/><D120/><U87/><AGARI ba="0,1" hai="32,35,50,55,59,80,86,87,88,91,92,95,97,103" machi="87" ten="20,8000,1" yaku="1,1,2,1,0,1,7,1,54,1,53,0" doraHai="135" doraHaiUra="115" who="1" fromWho="1" sc="250,-40,240,90,250,-20,250,-20" /><INIT seed="1,0,0,2,5,118" ten="210,330,230,230" oya="1" hai0="44,5,42,72,11,102,48,28,63,14,41,93,107" hai1="68,112,12,82,2,90,61,91,115,1,124,20,64" hai2="46,69,49,52,0,43,30,134,99,60,39,84,97" hai3="58,81,76,74,129,106,123,17,109,27,127,88,31"/><U117/><E117/><V16/><F0/><W79/><G109/><T98/><D72/><U121/><E124/><V53/><F134/><W111/><G111/><T103/><D28/><U35/><E35/><V40/><F30/><W10/><G127/><T13/><D107/><U133/><E133/><V110/><F110/><W130/><G106/><T56/><D14/><U50/><E121/><V114/><F114/><W65/><G123/><T29/><D29/><U45/><E115/><V51/><F39/><W125/><G125/><T54/><REACH who="0" step="1"/><D103/><REACH who="0" ten="200,330,230,230" step="2"/><U21/><E112/><V70/><F99/><W104/><G104/><T101/><D101/><U105/><E105/><V95/><F97/><W113/><G113/><T62/><D62/><U71/><E61/><V23/><F60/><N who="3" m="38039" /><G74/><T80/><D80/><U119/><E119/><V122/><F122/><W15/><G31/><T73/><D73/><U100/><E100/><V86/><F86/><N who="3" m="50255" /><G27/><T78/><D78/><U75/><E75/><V32/><F32/><W120/><G120/><T22/><D22/><U7/><E21/><V38/><F23/><W6/><G79/><T96/><D96/><U85/><E20/><V55/><F84/><W126/><G76/><T87/><D87/><U66/><E2/><V25/><F25/><W57/><G126/><T59/><D59/><U24/><E1/><V26/><F26/><W37/><G57/><T33/><D33/><U77/><E24/><V36/><F70/><W92/><G92/><T3/><D3/><U47/><E71/><V83/><F69/><W18/><G37/><N who="2" m="14441" /><F95/><W108/><G108/><RYUUKYOKU ba="0,1" sc="200,15,330,-15,230,-15,230,15" hai0="5,11,13,41,42,44,48,54,56,63,93,98,102" hai3="6,10,15,17,18,129,130" /><INIT seed="2,1,1,0,5,15" ten="215,315,215,245" oya="2" hai0="49,63,8,17,76,110,84,62,122,30,47,57,120" hai1="115,124,87,59,111,107,108,0,101,51,10,134,93" hai2="45,6,85,9,69,74,81,13,126,43,34,98,60" hai3="130,106,37,29,25,21,72,52,79,41,44,112,56"/><V131/><F34/><W77/><G106/><T129/><D129/><U48/><E115/><V66/><F131/><W127/><G130/><T83/><D110/><U86/><E107/><V125/><F98/><W109/><G109/><T114/><D114/><U54/><E101/><V67/><F67/><W65/><G112/><T33/><D62/><U90/><E124/><V23/><F23/><W73/><G127/><T24/><D8/><U102/><E102/><V119/><F119/><W89/><G65/><T78/><D78/><U1/><E134/><V46/><F46/><W123/><G123/><T82/><D82/><U22/><E22/><V32/><F32/><W121/><G121/><T61/><D63/><U11/><E93/><V16/><F74/><W40/><G40/><T42/><REACH who="0" step="1"/><D17/><REACH who="0" ten="205,315,215,245" step="2"/><U58/><E111/><V39/><REACH who="2" step="1"/><F6/><REACH who="2" ten="205,315,205,245" step="2"/><W36/><G73/><T20/><D20/><U92/><E108/><V99/><F99/><W38/><G72/><T97/><D97/><U88/><E87/><V91/><AGARI ba="1,3" hai="9,13,16,39,43,45,60,66,69,81,85,91,125,126" machi="91" ten="30,11700,0" yaku="1,1,0,1,52,1,54,1,53,0" doraHai="15" doraHaiUra="118" who="2" fromWho="2" sc="205,-40,315,-40,205,150,245,-40" /><INIT seed="2,2,0,1,3,4" ten="165,275,355,205" oya="2" hai0="64,67,10,114,63,96,37,43,82,109,122,33,38" hai1="119,68,120,102,18,81,35,52,124,83,103,34,32" hai2="1,78,92,115,44,65,133,107,29,93,6,95,9" hai3="16,108,106,88,101,62,76,121,117,13,128,73,47"/><V80/><F115/><W36/><G121/><T66/><D33/><U75/><E119/><V90/><F107/><W71/><G117/><T21/><D114/><U89/><E68/><V59/><F133/><W25/><G128/><T112/><D112/><U55/><E120/><V3/><F29/><W27/><G76/><T100/><D122/><U19/><E75/><V11/><F44/><W42/><G73/><T97/><D109/><U61/><E61/><V60/><F3/><W91/><G108/><T126/><D126/><U50/><E124/><V118/><F118/><W70/><G70/><T125/><D125/><U0/><E0/><V72/><REACH who="2" step="1"/><F11/><REACH who="2" ten="165,275,345,205" step="2"/><W17/><G106/><T87/><D10/><U110/><E110/><V31/><F31/><W49/><G36/><T54/><D38/><U53/><E50/><V45/><F45/><W12/><G49/><T127/><D127/><U84/><REACH who="1" step="1"/><E83/><REACH who="1" ten="165,265,345,205" step="2"/><V20/><F20/><W116/><G116/><T2/><D21/><U69/><E69/><V56/><F56/><W51/><G71/><T79/><D2/><U40/><E40/><V58/><F58/><W39/><G39/><T111/><D43/><U77/><E77/><V131/><F131/><W23/><G42/><T15/><D37/><U135/><E135/><V113/><F113/><W74/><G47/><T98/><D111/><U85/><E85/><AGARI ba="2,2" hai="1,6,9,59,60,65,72,78,80,85,90,92,93,95" machi="85" ten="30,5800,0" yaku="1,1,7,1,52,1,53,0" doraHai="4" doraHaiUra="46" who="2" fromWho="1" sc="165,0,265,-64,345,84,205,0" /><INIT seed="2,3,0,3,2,5" ten="165,201,429,205" oya="2" hai0="27,37,72,35,134,103,68,16,125,113,4,94,71" hai1="24,97,95,22,130,73,98,52,101,14,19,107,23" hai2="31,100,17,56,78,127,60,8,34,2,65,33,32" hai3="15,102,104,36,115,81,59,13,116,119,43,132,135"/><V70/><F127/><W89/><G43/><T96/><D37/><U57/><E73/><V55/><F78/><W0/><G0/><T86/><D72/><U77/><E77/><V45/><F100/><W51/><G36/><T18/><D113/><U1/><E1/><V126/><F126/><W133/><G115/><T63/><D125/><U131/><E107/><V117/><F117/><N who="3" m="45131" /><G104/><T120/><D120/><U74/><E74/><V123/><F123/><W47/><G102/><T6/><D134/><U3/><E3/><V69/><F31/><W112/><G112/><T7/><D86/><U46/><E46/><V88/><F88/><W11/><G59/><T50/><D50/><U49/><REACH who="1" step="1"/><E98/><REACH who="1" ten="165,191,429,205" step="2"/><V99/><F99/><W26/><G47/><T90/><D96/><U67/><E67/><V92/><F45/><W111/><G135/><T66/><D66/><U124/><E124/><V122/><F122/><W20/><G133/><T118/><D118/><U76/><E76/><V39/><F65/><W61/><G132/><T54/><D68/><U85/><E85/><V10/><F2/><W48/><G111/><T82/><D71/><U41/><E41/><V91/><F55/><W30/><G81/><T58/><D82/><U12/><E12/><V75/><F75/><W64/><G15/><T83/><D83/><U21/><E21/><V79/><F79/><W42/><G42/><T53/><D53/><U128/><E128/><V121/><F121/><W62/><G64/><T106/><D106/><U109/><E109/><V40/><F40/><W38/><G13/><T84/><D54/><RYUUKYOKU ba="3,1" sc="165,-10,191,30,429,-10,205,-10" hai1="14,19,22,23,24,49,52,57,95,97,101,130,131" /><INIT seed="3,4,1,1,5,71" ten="155,221,419,195" oya="3" hai0="92,29,61,93,6,72,97,84,52,20,80,68,26" hai1="57,9,100,87,67,81,63,103,17,32,53,86,132" hai2="7,64,66,126,131,119,113,70,122,108,2,91,74" hai3="37,44,19,24,120,51,48,4,102,116,58,124,12"/><W79/><G120/><T89/><D6/><U60/><E32/><V36/><RYUUKYOKU type="yao9" ba="4,1" sc="155,0,221,0,419,0,195,0" hai2="2,7,36,64,66,70,74,91,108,113,119,122,126,131" /><INIT seed="3,5,1,5,5,115" ten="155,221,419,195" oya="3" hai0="30,63,51,39,90,102,22,95,82,127,14,41,54" hai1="97,10,128,124,87,35,80,101,119,118,58,114,74" hai2="71,99,9,94,133,13,111,24,100,129,107,55,108" hai3="46,12,1,125,60,48,112,76,37,59,69,21,105"/><W70/><G112/><T132/><D39/><U85/><E114/><V106/><F71/><W53/><G105/><T20/><D127/><U36/><E35/><V3/><F3/><W50/><G1/><T6/><D132/><U27/><E36/><V93/><F133/><W96/><G96/><N who="0" m="59679" /><D30/><U77/><E124/><V72/><F72/><W89/><G125/><T110/><D110/><N who="2" m="42026" /><F129/><W123/><G123/><T126/><D126/><U131/><E27/><V40/><F40/><W117/><G76/><T52/><D63/><U19/><E10/><V57/><F24/><W67/><G89/><T16/><D6/><U45/><E45/><V28/><F28/><W0/><G0/><T92/><D82/><U103/><E19/><N who="2" m="8623" /><F107/><W121/><G121/><T33/><D33/><U31/><E31/><V116/><F116/><N who="1" m="44585" /><E58/><V61/><AGARI ba="5,1" hai="55,57,61,93,94,99,100,106" m="8623,42026" machi="61" ten="30,1100,0" yaku="14,1" doraHai="115" who="2" fromWho="2" sc="155,-8,221,-8,419,36,195,-10" /><INIT seed="4,0,0,2,1,13" ten="147,213,455,185" oya="0" hai0="78,92,129,30,103,27,21,4,53,110,82,86,38" hai1="127,108,113,45,25,9,19,74,117,105,134,93,69" hai2="112,24,12,32,73,81,80,133,33,10,60,42,61" hai3="47,114,96,120,6,100,41,130,118,67,106,132,16"/><T122/><D38/><U15/><E108/><V31/><F112/><W102/><G114/><T35/><D122/><U125/><E117/><V58/><F133/><W55/><G118/><T54/><D110/><U85/><E105/><V68/><F42/><W39/><G132/><T51/><D129/><U79/><E113/><V95/><F33/><W121/><G130/><T97/><D4/><U109/><E109/><V70/><F95/><W111/><G6/><T22/><REACH who="0" step="1"/><D54/><REACH who="0" ten="137,213,455,185" step="2"/><U52/><E134/><V77/><F80/><W119/><G111/><T59/><AGARI ba="0,1" hai="21,22,27,30,35,51,53,59,78,82,86,92,97,103" machi="59" ten="20,12000,1" yaku="1,1,2,1,0,1,7,1,53,1" doraHai="13" doraHaiUra="76" who="0" fromWho="0" sc="137,130,213,-40,455,-40,185,-40" /><INIT seed="4,1,0,1,3,114" ten="267,173,415,145" oya="0" hai0="34,89,6,88,84,132,23,64,57,46,55,103,20" hai1="44,25,50,28,126,95,4,124,2,128,40,43,105" hai2="38,42,68,62,94,8,33,17,35,15,104,37,79" hai3="99,75,83,22,121,14,1,26,30,85,66,91,108"/><T130/><D34/><U63/><E105/><V65/><F104/><W80/><G108/><T60/><D130/><U127/><E128/><V16/><F79/><W58/><G1/><T86/><D132/><U135/><E135/><V41/><F94/><W77/><G121/><T3/><D103/><U36/><E63/><V59/><F68/><W118/><G118/><T10/><D46/><U72/><E72/><V87/><F87/><W49/><G99/><T129/><D129/><U98/><E2/><V21/><F41/><W81/><G49/><T96/><D96/><U48/><E4/><V54/><F54/><W131/><G131/><T52/><D55/><U106/><E106/><V32/><REACH who="2" step="1"/><F42/><REACH who="2" ten="267,173,405,145" step="2"/><W13/><G75/><T93/><D64/><U24/><E43/><V92/><F92/><AGARI ba="1,1" hai="3,6,10,20,23,52,57,60,84,86,88,89,92,93" machi="92" ten="30,11600,0" yaku="7,1,9,1,54,2" doraHai="114" who="0" fromWho="2" sc="267,129,173,0,405,-119,145,0" /><INIT seed="4,2,0,0,4,12" ten="396,173,286,145" oya="0" hai0="77,38,59,31,82,33,119,116,92,110,61,10,72" hai1="63,7,40,115,27,90,103,85,2,76,48,113,106" hai2="88,66,111,102,98,104,62,6,95,30,68,134,99" hai3="93,20,3,19,60,15,23,124,51,75,47,17,41"/><T70/><D70/><U49/><E76/><V86/><F111/><W132/><G75/><T78/><D38/><U125/><E125/><V100/><F134/><W112/><G124/><T108/><D31/><U79/><E79/><V37/><F37/><W43/><G132/><T57/><D33/><U55/><E106/><V101/><F6/><W71/><G112/><N who="1" m="43082" /><E103/><V120/><F120/><W54/><G3/><T0/><D77/><U35/><E40/><V96/><REACH who="2" step="1"/><F30/><REACH who="2" ten="396,173,276,145" step="2"/><W129/><G129/><T135/><D135/><U69/><E2/><V13/><F13/><W58/><G71/><T107/><D0/><U64/><E7/><V91/><F91/><W83/><G83/><T52/><D82/><N who="1" m="49463" /><E55/><V16/><F16/><N who="3" m="6219" /><G15/><T121/><D72/><U18/><E18/><V34/><F34/><W67/><G93/><T131/><D92/><U46/><E46/><V133/><F133/><W126/><G126/><T122/><D107/><AGARI ba="2,1" hai="62,66,68,86,88,95,96,98,99,100,101,102,104,107" machi="107" ten="40,5200,0" yaku="1,1,54,1,53,1" doraHai="12" doraHaiUra="81" who="2" fromWho="0" sc="396,-58,173,0,276,68,145,0" /><INIT seed="5,0,0,4,4,29" ten="338,173,344,145" oya="1" hai0="64,119,78,43,92,122,55,100,109,87,21,118,62" hai1="81,42,113,27,31,116,24,128,7,70,40,25,132" hai2="130,46,61,75,104,82,124,101,80,91,96,26,89" hai3="6,45,133,74,95,63,69,76,106,99,66,34,4"/><U98/><E116/><V67/><F124/><W127/><G127/><T35/><D35/><U10/><E70/><V59/><F130/><W108/><G108/><T50/><D109/><U110/><E110/><V57/><F46/><W53/><G34/><T97/><D43/><U126/><E126/><V105/><F105/><W32/><G32/><T83/><D122/><U125/><E125/><V12/><F26/><W33/><G33/><T115/><D115/><U129/><E113/><V51/><F12/><W77/><G106/><T103/><D103/><U22/><E132/><V11/><F11/><W41/><G133/><T0/><D0/><U8/><E98/><V86/><F75/><W36/><G74/><T52/><D55/><U48/><E81/><V135/><F135/><W65/><G65/><T93/><D93/><U20/><E48/><V38/><F38/><W72/><G72/><T49/><D21/><U120/><E120/><V114/><F114/><W71/><G71/><T54/><D54/><U68/><E68/><V9/><F9/><N who="1" m="3689" /><E7/><V121/><F121/><W73/><G73/><T17/><D49/><U102/><E102/><V44/><F59/><W3/><G3/><T134/><D134/><U94/><E94/><V23/><F51/><W85/><G53/><T1/><D119/><U60/><E60/><V28/><F44/><W84/><G4/><T112/><D118/><U15/><E15/><V90/><F82/><W88/><REACH who="3" step="1"/><G6/><REACH who="3" ten="338,173,344,135" step="2"/><T37/><D112/><U56/><E128/><V111/><F111/><W5/><G5/><T47/><D1/><U131/><E131/><RYUUKYOKU ba="0,1" sc="338,-15,173,-15,344,15,135,15" hai2="23,28,57,61,67,80,86,89,90,91,96,101,104" hai3="36,41,45,63,66,69,76,77,84,85,88,95,99" /><INIT seed="6,1,1,2,4,124" ten="323,158,359,150" oya="2" hai0="117,25,110,0,131,53,4,106,9,104,42,71,89" hai1="68,52,2,95,44,18,34,10,51,60,123,70,13" hai2="119,86,50,97,32,79,101,108,128,90,22,58,37" hai3="75,78,121,28,82,55,45,41,19,116,1,132,105"/><V21/><F37/><W56/><G105/><T92/><D71/><U114/><E34/><V31/><F79/><W120/><G1/><T15/><D110/><U43/><E114/><V99/><F119/><W129/><G116/><T6/><D42/><U46/><E123/><V24/><F99/><W39/><G132/><T103/><D103/><U12/><E2/><V69/><F69/><W84/><G28/><T88/><D89/><U49/><E60/><V130/><F108/><W61/><G129/><N who="2" m="49769" /><F50/><W23/><G75/><T14/><D117/><U126/><E126/><V122/><F58/><W67/><G67/><T91/><D106/><U80/><E95/><N who="2" m="54743" /><F122/><W3/><G3/><T87/><D0/><U17/><REACH who="1" step="1"/><E80/><REACH who="1" ten="323,148,359,150" step="2"/><V96/><F96/><W72/><REACH who="3" step="1"/><G72/><REACH who="3" ten="323,148,359,140" step="2"/><T134/><D131/><U38/><E38/><V85/><F85/><W76/><G76/><T40/><D87/><U83/><E83/><V62/><F62/><W100/><G100/><T35/><D134/><U81/><E81/><V133/><F133/><W48/><G48/><T8/><D104/><AGARI ba="1,3" hai="21,22,24,31,32,97,101,104" m="54743,49769" machi="104" ten="30,11600,0" yaku="19,1,52,3" doraHai="124" who="2" fromWho="0" sc="323,-119,148,0,359,149,140,0" /><INIT seed="6,2,0,3,1,3" ten="204,148,508,140" oya="2" hai0="101,24,82,4,92,19,30,73,90,27,67,83,23" hai1="100,0,86,63,60,109,87,78,120,20,135,76,123" hai2="102,84,47,75,110,80,42,41,59,31,99,46,66" hai3="51,81,15,97,124,107,69,116,89,106,134,93,22"/><V131/><F75/><W104/><G134/><T132/><D132/><U96/><E135/><V105/><F131/><W130/><G130/><T44/><D101/><U125/><E0/><V11/><F110/><W126/><G116/><T85/><D73/><U12/><E109/><V58/><F31/><W29/><G69/><T57/><D44/><U52/><E125/><N who="3" m="48234" /><G81/><T121/><D4/><U65/><E87/><V33/><F33/><W1/><G51/><T36/><D36/><U128/><E128/><V45/><F11/><W53/><G53/><T10/><D10/><U17/><E86/><V133/><F133/><W40/><G40/><T32/><D121/><N who="1" m="46667" /><E52/><V77/><F66/><W21/><G1/><T68/><D68/><N who="1" m="42023" /><E63/><V95/><F105/><AGARI ba="2,0" hai="12,17,20,76,78,96,100,105" m="42023,46667" machi="105" ten="30,1000,0" yaku="13,1" doraHai="3" who="1" fromWho="2" sc="204,0,148,16,508,-16,140,0" /><INIT seed="7,0,0,2,4,116" ten="204,164,492,140" oya="3" hai0="69,42,127,56,86,87,99,128,58,92,7,75,61" hai1="44,102,12,15,9,63,105,37,97,53,125,64,117" hai2="123,43,36,2,62,29,8,17,28,26,10,67,21" hai3="0,94,70,66,50,22,27,25,11,39,91,3,90"/><W65/><G39/><T104/><D104/><U113/><E117/><V115/><F115/><W79/><G79/><T120/><D120/><U84/><E113/><V59/><F123/><W1/><G11/><N who="2" m="4137" /><F36/><W131/><G131/><T81/><D87/><U78/><E125/><V71/><F71/><W108/><G108/><T83/><D83/><U122/><E53/><V31/><F2/><W82/><G50/><T119/><D61/><U96/><E84/><V41/><AGARI ba="0,0" hai="17,21,26,28,29,31,41,43,59,62,67" m="4137" machi="41" ten="30,1100,0" yaku="8,1" doraHai="116" who="2" fromWho="2" sc="204,-3,164,-3,492,11,140,-5" owari="201,0.0,161,-24.0,503,60.0,135,-36.0" /></mjloggm>