<mjloggm ver="2.3"><GO type="65" lobby="0"/><UN n0="%E5%B0%B1%E6%B4%BB%E7%94%9F%40%E5%B7%9D%E6%9D%91%E8%BB%8D%E5%9B%A3" n1="%41%6F%73%68%69" n2="%E9%A3%9B%E3%81%B3%E3%81%A4%E3%81%8D%E9%80%86%E5%8D%81%E5%AD%97" n3="%62%61%72%75%38%32%33%39" dan="8,10,8,11" rate="1617.10,1513.16,1656.68,1690.81" sx="M,M,M,F"/><TAIKYOKU oya="0"/><INIT seed="0,0,0,1,5,28" ten="250,250,250,250" oya="0" hai0="25,49,80,72,85,41,55,90,63,29,47,57,33" hai1="92,69,59,6,95,2,114,111,122,34,124,134,127" hai2="23,86,62,1,32,35,18,120,7,112,130,5,19" hai3="31,88,103,101,104,123,64,52,37,110,129,98,22"/><T43/><REACH who="0" step="1"/><D72/><REACH who="0" ten="240,250,250,250" step="2"/><U26/><E26/><N who="2" m="14711" /><F62/><W42/><G123/><T44/><D44/><U36/><E59/><V115/><F86/><W50/><G110/><T15/><D15/><U30/><E6/><N who="2" m="2059" /><F120/><W66/><G101/><T60/><D60/><U3/><E30/><V105/><F105/><W20/><G129/><T61/><D61/><U78/><E78/><V16/><F130/><W102/><G37/><T73/><D73/><U109/><E69/><V71/><F71/><W38/><G102/><T65/><AGARI ba="0,1" hai="25,29,33,41,43,47,49,55,57,63,65,80,85,90" machi="65" ten="20,18000,2" yaku="21,2,0,1,7,1,52,1,53,1" doraHai="28" doraHaiUra="46" who="0" fromWho="0" sc="240,190,250,-60,250,-60,250,-60" /><INIT seed="0,1,0,4,5,87" ten="430,190,190,190" oya="0" hai0="19,24,106,64,56,31,135,84,46,36,8,7,35" hai1="113,58,25,1,74,43,120,125,3,15,97,76,14" hai2="95,37,108,92,12,50,16,128,21,54,73,28,105" hai3="107,49,83,5,61,117,32,59,124,94,39,62,60"/><T67/><D135/><U118/><E120/><V33/><F73/><W48/><G117/><T122/><D106/><U47/><E118/><V131/><F37/><W71/><G107/><T42/><D122/><U20/><E125/><V134/><F105/><W22/><G124/><T126/><D126/><U53/><E97/><V78/><F78/><W100/><G32/><T4/><D4/><U51/><E113/><V70/><F70/><W34/><G34/><T18/><D84/><U52/><E74/><V99/><F95/><W0/><G71/><T79/><D79/><U115/><E76/><V63/><F63/><W65/><G39/><T10/><D10/><U90/><E90/><N who="2" m="55703" /><F134/><W110/><G0/><T80/><D80/><U132/><E132/><V23/><F33/><W6/><G110/><T127/><D127/><U45/><E115/><V30/><F108/><W26/><G83/><T123/><D123/><U114/><E114/><V66/><F23/><W93/><G100/><T133/><D133/><U82/><E82/><V89/><F66/><W119/><G119/><T40/><D67/><U57/><E1/><V2/><F89/><W55/><G65/><T112/><D64/><U77/><E77/><V9/><F9/><W129/><G129/><N who="2" m="49737" /><F2/><W104/><G104/><T41/><D36/><U109/><E3/><V85/><F85/><W130/><G130/><T88/><D35/><U68/><E109/><V91/><F91/><W44/><G49/><T72/><D112/><U102/><E68/><V103/><F103/><W111/><G111/><T75/><D72/><U121/><E102/><RYUUKYOKU ba="1,0" sc="430,-10,190,-10,190,30,190,-10" hai2="12,16,21,28,30,50,54" /><INIT seed="1,2,0,3,2,15" ten="420,180,220,180" oya="1" hai0="43,103,54,68,58,119,21,105,41,2,92,91,45" hai1="24,25,126,116,76,78,123,107,77,111,55,51,17" hai2="60,64,35,125,29,108,67,101,48,122,73,13,12" hai3="46,133,90,79,5,100,18,132,61,104,129,124,22"/><U49/><E116/><V71/><F122/><W81/><G104/><T97/><D68/><U53/><E123/><V59/><F73/><W39/><G100/><T131/><D2/><U57/><E17/><V27/><F108/><W62/><G90/><T121/><D119/><U72/><E126/><V102/><F125/><W117/><G39/><T84/><D121/><U120/><E120/><V26/><F27/><N who="1" m="10313" /><E107/><V114/><F114/><W83/><G124/><T31/><D131/><U42/><E111/><V52/><F67/><W93/><G117/><T135/><D135/><N who="3" m="51785" /><G93/><T118/><D118/><U99/><E72/><V69/><F71/><W20/><G46/><T95/><D105/><U56/><E42/><V14/><AGARI ba="2,0" hai="12,13,14,26,29,35,48,52,59,60,64,69,101,102" machi="14" ten="30,2000,0" yaku="0,1,54,1" doraHai="15" who="2" fromWho="2" sc="420,-7,180,-12,220,26,180,-7" /><INIT seed="2,0,0,0,1,88" ten="413,168,246,173" oya="2" hai0="131,109,32,87,94,54,55,115,26,4,114,7,66" hai1="41,21,61,16,28,110,63,68,116,112,69,6,2" hai2="75,52,83,130,96,64,104,72,125,1,44,51,103" hai3="122,98,128,81,14,121,102,113,86,13,10,8,79"/><V107/><F1/><W31/><G128/><T53/><D109/><U23/><E116/><V18/><F130/><W45/><G113/><T106/><D106/><U119/><E119/><V46/><F107/><W84/><G122/><T74/><D74/><U35/><E112/><V56/><F64/><W17/><G121/><T34/><D131/><U5/><E41/><V101/><F75/><W127/><G127/><T105/><D105/><U77/><E110/><V42/><F125/><W33/><G31/><T9/><D66/><U108/><E108/><V50/><F103/><W100/><G33/><T57/><D57/><U24/><E77/><V67/><F67/><W126/><G98/><T48/><D48/><U30/><E2/><V65/><F65/><W80/><G126/><T91/><D7/><N who="1" m="2571" /><E35/><V11/><F44/><W62/><G62/><N who="1" m="23562" /><E16/><V92/><F104/><W59/><G59/><T60/><D60/><U43/><E43/><V82/><F72/><W20/><G45/><T47/><D47/><U70/><E24/><V120/><F120/><W117/><G117/><T58/><D58/><U76/><E76/><V71/><F71/><N who="1" m="18177" /><U85/><DORA hai="3" /><E85/><V135/><REACH who="2" step="1"/><F135/><REACH who="2" ten="413,168,236,173" step="2"/><W133/><G133/><T78/><D115/><U15/><E15/><AGARI ba="0,1" hai="11,15,18,42,46,50,51,52,56,82,83,92,96,101" machi="15" ten="40,18000,2" yaku="1,1,2,1,8,1,52,1,54,1,53,1" doraHai="88,3" doraHaiUra="99,111" who="2" fromWho="1" sc="413,0,168,-180,236,190,173,0" owari="413,21.0,-12,-51.0,426,53.0,173,-23.0" /></mjloggm>