<mjloggm ver="2.3"><GO type="41" lobby="0"/><UN n0="%53%49%E2%98%86%E3%82%B7%E3%83%A3%E3%82%A4%E3%83%B3" n1="%E3%82%A6%E3%83%AB%E3%83%88%E3%83%A9%E7%AB%8B%E7%9B%B4" n2="%70%69%65%72%72%65%5F%41" n3="%E3%83%96%E3%83%84%E3%83%AA%E3%83%BC" dan="15,15,14,14" rate="1938.05,2029.99,1974.19,1872.43" sx="F,M,M,M"/><TAIKYOKU oya="0"/><INIT seed="0,0,0,2,0,124" ten="250,250,250,250" oya="0" hai0="46,11,56,110,92,90,36,18,131,87,93,2,57" hai1="120,64,24,25,48,95,135,63,109,108,8,1,35" hai2="105,47,44,13,22,54,6,50,42,31,72,67,125" hai3="26,86,16,51,119,82,107,74,89,41,12,32,66"/><T49/><D110/><N who="1" m="42603" /><E120/><V23/><F105/><W79/><G107/><T111/><D111/><U100/><E35/><V68/><F72/><W29/><G66/><T52/><D131/><U91/><E100/><V101/><F125/><W3/><G3/><T102/><D36/><U69/><E48/><V59/><F101/><W127/><G127/><T134/><D134/><U132/><E8/><V104/><F104/><W88/><G74/><T60/><D60/><U30/><E1/><V112/><F44/><W38/><G38/><T0/><D0/><U9/><E9/><V114/><F31/><W115/><G115/><T40/><D40/><U97/><E30/><V62/><F23/><W55/><G41/><T39/><D39/><U116/><E116/><V70/><F70/><W84/><G119/><T28/><D28/><U94/><E94/><V20/><F20/><W113/><G113/><T21/><D2/><U85/><E85/><V129/><F129/><W19/><G86/><T78/><D11/><U43/><E43/><V75/><F75/><W98/><G98/><N who="0" m="59719" /><D78/><U130/><E130/><V118/><F118/><W5/><G5/><T17/><D18/><U10/><E10/><V123/><F123/><W133/><G19/><T76/><D76/><U73/><E73/><V83/><F83/><W45/><G133/><AGARI ba="0,0" hai="24,25,63,64,69,91,95,97,132,133,135" m="42603" machi="133" ten="30,2000,0" yaku="20,1,14,1" doraHai="124" who="1" fromWho="3" sc="250,0,250,20,250,0,250,-20" /><INIT seed="1,0,0,5,2,2" ten="250,270,250,230" oya="1" hai0="119,37,15,33,134,68,3,104,36,13,107,21,47" hai1="112,94,76,23,35,126,91,82,95,60,106,20,65" hai2="1,11,84,57,32,111,127,16,51,22,73,75,98" hai3="17,100,114,42,62,121,63,49,87,103,83,10,79"/><U101/><E35/><V54/><F32/><W53/><G114/><T102/><D119/><U81/><E112/><V18/><F127/><W115/><G121/><T5/><D33/><U72/><E126/><V122/><F111/><W70/><G70/><T130/><D68/><U29/><E29/><V125/><F125/><W80/><G80/><T55/><D134/><U108/><E108/><V113/><F113/><W45/><G115/><T4/><D3/><U24/><E24/><V34/><F34/><W86/><G86/><T88/><D130/><U135/><E135/><V89/><F122/><W28/><G28/><T105/><D102/><N who="3" m="38953" /><G53/><T74/><D74/><U48/><E48/><V77/><F98/><W71/><G71/><T61/><D88/><U99/><E60/><V52/><F77/><W67/><G67/><T31/><D37/><U40/><E65/><V59/><F22/><W96/><G96/><T0/><D0/><U58/><E58/><V6/><F75/><W12/><AGARI ba="0,0" hai="10,12,17,42,45,49,62,63,79,83,87" m="38953" machi="12" ten="30,1100,0" yaku="8,1" doraHai="2" who="3" fromWho="3" sc="250,-3,270,-5,250,-3,230,11" /><INIT seed="2,0,0,0,0,124" ten="247,265,247,241" oya="2" hai0="35,115,3,4,135,122,7,111,129,134,21,76,118" hai1="103,59,71,23,13,6,117,70,77,68,110,18,73" hai2="121,130,38,28,24,131,49,9,61,67,60,98,81" hai3="34,48,66,43,82,19,10,94,101,100,78,85,31"/><V17/><F121/><W91/><G66/><T69/><RYUUKYOKU type="yao9" ba="0,0" sc="247,0,265,0,247,0,241,0" hai0="3,4,7,21,35,69,76,111,115,118,122,129,134,135" /><INIT seed="2,1,0,5,0,9" ten="247,265,247,241" oya="2" hai0="24,1,81,50,16,43,56,49,6,36,103,89,32" hai1="127,130,13,132,80,42,58,101,111,55,20,131,0" hai2="98,120,11,96,2,107,69,72,25,95,106,94,27" hai3="59,45,117,7,126,17,123,64,125,38,53,26,21"/><V90/><F120/><W8/><G123/><T77/><D103/><U5/><E0/><V93/><F69/><W134/><G64/><T35/><D36/><U22/><E42/><V34/><F72/><W44/><G134/><T82/><D1/><U62/><E132/><V135/><F135/><W14/><G117/><T37/><D6/><U121/><E121/><V61/><F61/><W54/><G38/><T86/><D37/><U29/><E127/><N who="3" m="48650" /><G54/><T85/><D49/><AGARI ba="1,0" hai="7,8,14,17,21,26,44,45,49,53,59" m="48650" machi="49" ten="30,2000,0" yaku="18,1,52,1" doraHai="9" who="3" fromWho="0" sc="247,-23,265,0,247,0,241,23" /><INIT seed="3,0,0,2,0,47" ten="224,265,247,264" oya="3" hai0="13,129,10,122,34,109,42,102,67,18,86,101,106" hai1="64,63,118,16,73,43,81,112,84,120,96,4,9" hai2="71,79,134,57,14,5,54,0,126,23,113,68,60" hai3="104,25,78,65,37,28,87,46,90,53,50,75,76"/><W8/><G104/><T59/><D122/><U24/><E73/><V98/><F113/><W114/><G114/><T121/><D121/><U51/><E118/><V110/><F110/><W128/><G128/><T44/><D129/><U32/><E120/><V36/><F36/><W27/><G65/><T135/><D109/><U89/><E112/><V66/><F126/><W82/><G37/><T103/><D34/><U45/><E96/><V127/><F127/><W49/><G8/><T30/><D30/><U21/><E32/><V93/><F134/><W91/><G91/><T6/><D135/><U124/><E124/><V26/><F79/><N who="3" m="30251" /><G28/><T117/><D117/><U116/><E116/><V22/><F0/><W15/><G15/><T69/><D69/><U38/><E38/><V17/><F5/><W77/><G77/><T39/><D86/><U40/><E40/><V80/><F80/><W55/><G75/><T61/><REACH who="0" step="1"/><D6/><REACH who="0" ten="214,265,247,264" step="2"/><U56/><E4/><V31/><REACH who="2" step="1"/><F54/><REACH who="2" ten="214,265,237,264" step="2"/><W74/><G74/><T130/><D130/><U100/><E81/><V97/><F97/><AGARI ba="0,2" hai="10,13,18,39,42,44,59,61,67,97,101,102,103,106" machi="97" ten="40,1300,0" yaku="1,1,53,0" doraHai="47" doraHaiUra="107" who="0" fromWho="2" sc="214,33,265,0,237,-13,264,0" /><INIT seed="4,0,0,4,4,11" ten="247,265,224,264" oya="0" hai0="92,114,79,15,75,56,19,97,35,93,6,5,104" hai1="42,84,16,120,94,25,116,70,135,109,46,33,113" hai2="125,41,48,130,103,36,37,74,3,2,121,45,80" hai3="100,17,119,126,50,20,60,117,99,78,83,108,118"/><T67/><D114/><U9/><E70/><V96/><F121/><W21/><G108/><T59/><D35/><U12/><E120/><V134/><F130/><W1/><G1/><T123/><D123/><U13/><E116/><V76/><F134/><W73/><G126/><T27/><D104/><U88/><E109/><V22/><F125/><W30/><G50/><T85/><D75/><U111/><E111/><V77/><F22/><W102/><G60/><N who="0" m="38279" /><D27/><U101/><E135/><V26/><F26/><W107/><G100/><N who="0" m="60455" /><D59/><U66/><E66/><V14/><F14/><W69/><G69/><T124/><D124/><U43/><E113/><V82/><F48/><W65/><G65/><T68/><D68/><U81/><E33/><V51/><F51/><W10/><G30/><T28/><D28/><U112/><E25/><V115/><F115/><W32/><G32/><T24/><D24/><U47/><E112/><V90/><F90/><W131/><G131/><T23/><D79/><U0/><E0/><V58/><F58/><W95/><G107/><T34/><D34/><U91/><E101/><V39/><F37/><W40/><G40/><N who="1" m="15402" /><E13/><V86/><REACH who="2" step="1"/><F39/><REACH who="2" ten="247,265,214,264" step="2"/><W57/><G117/><T4/><D4/><U87/><AGARI ba="0,1" hai="9,12,16,46,47,81,84,87,88,91,94" m="15402" machi="87" ten="30,7900,0" yaku="8,1,52,1,54,2" doraHai="11" who="1" fromWho="1" sc="247,-39,265,89,214,-20,264,-20" /><INIT seed="5,0,0,0,5,26" ten="208,354,194,244" oya="1" hai0="74,97,29,18,42,87,116,25,82,126,71,122,67" hai1="115,17,98,77,32,14,48,61,106,121,96,68,85" hai2="75,47,46,103,1,20,59,28,31,104,124,23,51" hai3="95,102,57,22,11,65,113,69,120,73,112,84,72"/><U91/><E32/><V101/><F1/><W81/><G69/><T64/><D116/><U111/><E121/><V34/><F75/><W109/><G109/><T10/><D74/><U132/><E115/><N who="3" m="44106" /><G11/><T55/><D126/><U9/><E132/><V19/><F124/><W114/><G22/><T7/><D42/><U36/><E36/><V93/><F104/><W89/><G120/><T107/><D18/><U16/><E77/><V30/><F34/><W58/><G114/><T66/><D55/><U60/><E111/><V70/><F70/><W0/><G0/><T80/><D71/><U76/><E76/><V134/><F134/><W4/><G4/><T94/><D107/><U3/><E3/><V118/><F118/><W41/><G41/><T27/><D27/><U8/><E8/><V56/><F20/><W37/><G37/><T39/><D39/><U38/><E38/><V63/><F93/><W108/><G65/><T88/><D122/><U45/><E17/><V130/><F130/><W44/><G44/><N who="2" m="16937" /><F51/><W135/><G135/><T127/><D127/><U6/><E6/><V99/><F99/><N who="1" m="37929" /><E106/><V133/><F133/><W43/><G108/><T35/><REACH who="0" step="1"/><D97/><REACH who="0" ten="198,354,194,244" step="2"/><U105/><E105/><V78/><F78/><W119/><G72/><T40/><D40/><N who="1" m="24615" /><E68/><V92/><F92/><AGARI ba="0,1" hai="9,14,16,60,61,85,91,92" m="24615,37929" machi="92" ten="30,2900,0" yaku="8,1,54,1" doraHai="26" who="1" fromWho="2" sc="198,0,354,39,194,-29,244,0" /><INIT seed="5,1,0,0,1,2" ten="198,393,165,244" oya="1" hai0="11,85,94,134,65,23,103,120,81,67,52,16,57" hai1="76,24,62,31,92,118,127,116,25,14,29,58,110" hai2="3,119,44,111,36,86,53,42,74,114,100,104,48" hai3="121,32,26,80,43,130,129,63,123,109,91,40,75"/><U35/><E127/><V126/><F111/><W89/><G109/><T55/><D120/><U96/><E110/><V128/><F119/><W135/><G135/><T4/><D134/><U122/><E76/><V133/><F126/><W102/><G102/><T21/><D21/><U71/><E71/><V6/><F133/><W47/><G63/><N who="0" m="36263" /><D55/><U90/><E14/><V69/><F128/><N who="3" m="49259" /><G26/><N who="0" m="14695" /><D94/><U70/><E70/><V15/><F114/><W18/><G32/><T64/><D103/><U97/><E97/><V101/><F74/><W20/><G80/><T88/><D11/><U41/><E41/><N who="3" m="15946" /><G47/><T79/><D4/><U30/><E122/><V28/><F3/><W49/><G75/><T105/><D105/><U83/><E83/><V9/><F69/><W106/><G106/><T45/><D45/><U34/><E31/><V51/><F36/><W84/><G20/><T27/><D27/><U61/><E61/><V50/><F104/><W93/><G18/><T7/><D7/><U108/><E108/><V10/><F28/><W60/><G60/><T113/><D113/><U82/><E82/><V38/><F10/><W95/><G49/><T22/><D22/><U13/><E13/><V78/><REACH who="2" step="1"/><F53/><AGARI ba="1,0" hai="24,25,29,30,34,35,53,58,62,90,92,96,116,118" machi="53" ten="30,2900,0" yaku="7,1,9,1" doraHai="2" who="1" fromWho="2" sc="198,0,393,32,165,-32,244,0" /><INIT seed="5,2,0,5,4,131" ten="198,425,133,244" oya="1" hai0="51,18,106,29,102,41,79,130,73,68,11,107,126" hai1="28,125,118,85,100,76,108,63,69,32,75,89,81" hai2="46,98,0,53,121,54,109,88,59,83,71,10,43" hai3="110,97,132,128,99,4,13,86,3,42,65,36,91"/><U92/><E69/><V17/><F71/><W14/><G110/><T48/><D130/><U104/><E28/><V58/><F109/><W105/><G65/><T64/><D29/><U111/><E32/><V114/><F121/><W49/><G36/><T47/><D79/><U44/><E63/><V67/><F114/><W66/><G66/><T124/><D73/><U72/><E44/><V50/><F67/><W62/><G62/><T8/><D48/><U57/><E57/><V38/><F0/><W31/><G31/><T2/><D2/><U34/><E34/><V94/><F83/><W15/><G105/><T30/><D30/><U22/><E22/><V55/><REACH who="2" step="1"/><F38/><REACH who="2" ten="198,425,123,244" step="2"/><W40/><G3/><T23/><D64/><U24/><E81/><V1/><F1/><W16/><G128/><T117/><D68/><U77/><E111/><V93/><F93/><W45/><G4/><T101/><D107/><U12/><E104/><V129/><F129/><W39/><G39/><T5/><D106/><U25/><E92/><V120/><F120/><W96/><G97/><T103/><D124/><U116/><E125/><V74/><F74/><W27/><G96/><T95/><D126/><U26/><E108/><V133/><F133/><W134/><G99/><T6/><D95/><U78/><E75/><V20/><F20/><N who="3" m="13703" /><G132/><T84/><D5/><U112/><E72/><V21/><F21/><W123/><G134/><T56/><D6/><U87/><E112/><V60/><F60/><W80/><G123/><T82/><D23/><U119/><E119/><V52/><N who="2" m="13824" /><DORA hai="113" /><V122/><F122/><RYUUKYOKU ba="2,1" sc="198,-15,425,-15,123,15,244,15" hai2="10,17,43,46,50,58,59,88,94,98" hai3="13,14,15,40,42,45,49,80,86,91" /><INIT seed="6,3,1,3,4,10" ten="183,410,138,259" oya="2" hai0="2,33,72,87,32,26,44,65,0,110,21,74,134" hai1="7,62,52,118,3,4,24,58,111,25,9,55,20" hai2="106,107,116,103,18,76,31,40,89,99,83,93,51" hai3="133,79,94,112,120,131,96,1,17,128,64,119,59"/><V8/><F116/><W14/><G1/><T54/><D110/><U63/><E111/><V127/><F127/><W11/><G120/><T13/><D134/><U125/><E118/><V12/><F31/><W108/><G133/><T27/><D65/><U16/><E125/><V68/><F68/><W101/><G119/><T135/><D135/><U115/><E115/><V100/><F106/><W95/><G112/><T105/><D105/><U6/><E25/><V86/><REACH who="2" step="1"/><F107/><REACH who="2" ten="183,410,128,259" step="2"/><W82/><G108/><T61/><D33/><U67/><E55/><V48/><F48/><W19/><G128/><T132/><D32/><U50/><E63/><V80/><F80/><W39/><G82/><T130/><D132/><U22/><E50/><V35/><F35/><W36/><G131/><T23/><D61/><U121/><E121/><V77/><F77/><W97/><G79/><T122/><D130/><U69/><E69/><V75/><F75/><W41/><G39/><T98/><D74/><U109/><E109/><V43/><F43/><W92/><G41/><T53/><D72/><U117/><E117/><V47/><AGARI ba="3,2" hai="8,12,18,40,47,51,76,83,86,89,93,99,100,103" machi="47" ten="30,11700,0" yaku="1,1,0,1,8,1,52,1,53,0" doraHai="10" doraHaiUra="49" who="2" fromWho="2" sc="183,-42,410,-42,128,146,259,-42" /><INIT seed="6,4,0,5,3,87" ten="141,368,274,217" oya="2" hai0="92,100,40,120,26,131,7,94,73,47,107,56,16" hai1="69,3,46,112,19,79,65,13,21,89,104,81,117" hai2="60,15,20,105,9,135,77,111,72,62,25,36,126" hai3="30,17,122,93,51,90,39,22,1,27,132,48,41"/><V52/><F36/><W106/><G132/><T0/><D120/><U61/><E3/><V10/><F135/><W12/><G106/><T42/><D73/><U110/><E110/><V5/><F126/><W97/><G1/><T114/><D131/><U83/><E104/><V54/><F105/><W55/><G122/><T37/><D114/><U102/><E102/><V123/><F123/><W85/><G39/><T2/><D42/><U49/><E117/><V44/><F111/><W66/><G66/><T129/><D129/><U4/><E4/><V18/><F10/><N who="3" m="6295" /><G41/><T76/><D76/><U14/><E14/><V88/><F72/><W11/><G11/><T23/><D56/><U59/><E69/><V101/><F101/><N who="3" m="60591" /><G55/><N who="2" m="21033" /><F77/><W95/><AGARI ba="4,0" hai="22,27,30,48,51,85,90,95" m="60591,6295" machi="95" ten="30,2000,0" yaku="8,1,52,1" doraHai="87" who="3" fromWho="3" sc="141,-9,368,-9,274,-14,217,32" /><INIT seed="7,0,0,4,3,13" ten="132,359,260,249" oya="3" hai0="15,39,126,132,134,114,29,16,123,75,105,3,133" hai1="30,122,12,121,14,24,2,56,131,17,27,98,61" hai2="18,109,22,19,130,71,49,62,102,95,43,25,83" hai3="80,103,58,47,45,6,108,78,88,127,76,96,81"/><W116/><G127/><T46/><D123/><U64/><E2/><V60/><F109/><W4/><G116/><T77/><D126/><U50/><E131/><V93/><F130/><W7/><G58/><T57/><D3/><U79/><E14/><V41/><F71/><W9/><G9/><T1/><D1/><U69/><E79/><N who="3" m="30250" /><G103/><T128/><D128/><U99/><E69/><V66/><F66/><W73/><G73/><T112/><D105/><U115/><E115/><N who="0" m="44073" /><D29/><U100/><E50/><V55/><F83/><N who="3" m="31819" /><G108/><T72/><D57/><U91/><E100/><V111/><F111/><W68/><G68/><T94/><D94/><AGARI ba="0,0" hai="4,6,7,45,47,88,94,96" m="31819,30250" machi="94" ten="30,2900,0" yaku="8,1,54,1" doraHai="13" who="3" fromWho="0" sc="132,-29,359,0,260,0,249,29" /><INIT seed="7,1,0,1,2,96" ten="103,359,260,278" oya="3" hai0="123,83,53,33,79,65,135,49,111,2,109,26,93" hai1="87,51,115,24,94,61,70,92,118,17,72,102,27" hai2="5,63,113,81,101,85,57,99,21,22,129,59,112" hai3="48,84,97,9,127,28,106,67,80,120,107,37,38"/><W54/><G28/><T50/><D123/><U134/><E72/><V62/><F5/><W130/><G67/><T117/><D117/><U71/><E94/><V30/><F129/><W36/><G130/><T119/><D119/><U66/><E87/><V88/><F30/><W77/><G127/><T82/><D135/><U76/><E115/><V35/><F35/><W104/><G9/><T18/><D2/><U105/><E61/><V114/><F62/><W73/><G120/><T75/><D65/><U13/><E27/><V69/><F69/><W98/><G84/><T126/><D126/><U52/><E17/><V90/><F90/><W44/><AGARI ba="1,0" hai="36,37,38,44,48,54,73,77,80,97,98,104,106,107" machi="44" ten="40,2100,0" yaku="0,1" doraHai="96" who="3" fromWho="3" sc="103,-8,359,-8,260,-8,278,24" /><INIT seed="7,2,0,2,0,132" ten="95,351,252,302" oya="3" hai0="92,82,68,60,121,97,107,1,21,40,29,48,81" hai1="6,104,123,99,120,14,57,86,37,111,51,95,49" hai2="125,118,114,23,87,93,56,32,33,15,8,110,18" hai3="19,5,2,129,91,94,128,115,77,45,26,133,50"/><W89/><G133/><T52/><D121/><U53/><E37/><V67/><F67/><W122/><G122/><T46/><D1/><U9/><E111/><V47/><F47/><W7/><G115/><T35/><D35/><U22/><E104/><V30/><F56/><W55/><G77/><T113/><D113/><U58/><E86/><V54/><F54/><W3/><G91/><T108/><D108/><U28/><E28/><V36/><F36/><W76/><G76/><T117/><D117/><U44/><E22/><N who="2" m="11615" /><F93/><W79/><G79/><T75/><D75/><U109/><E109/><V41/><F87/><N who="3" m="52543" /><G26/><T72/><D72/><U20/><E20/><V12/><F41/><W34/><G19/><T17/><D29/><U38/><E38/><V27/><F114/><W119/><G34/><N who="2" m="13417" /><F118/><W134/><G119/><T0/><D0/><U4/><E123/><V62/><F62/><W96/><G134/><T64/><D107/><U65/><E120/><V25/><F110/><W88/><G2/><T11/><D11/><U106/><E106/><V69/><F69/><W39/><G3/><T10/><D10/><U71/><E71/><V131/><F131/><N who="3" m="50251" /><G39/><T63/><D63/><N who="1" m="38127" /><E95/><AGARI ba="2,0" hai="5,7,45,50,55,88,95,96" m="50251,52543" machi="95" ten="30,2900,0" yaku="19,1,54,1" doraHai="132" who="3" fromWho="1" sc="95,0,351,-35,252,0,302,35" owari="95,-40.0,316,12.0,252,-15.0,337,43.0" /></mjloggm>