<mjloggm ver="2.3"><GO type="97" lobby="0"/><UN n0="%73%75%6D%69%6F%6F" n1="%E3%82%A6%E3%83%AB%E3%83%88%E3%83%A9%E7%AB%8B%E7%9B%B4" n2="%E9%A3%9B%E6%9C%AB%E6%AD%A6%E5%BF%97" n3="%73%69%6E%74%65%74%73%75" dan="13,15,14,14" rate="1856.05,2072.86,1934.03,2033.16" sx="M,M,M,M"/><TAIKYOKU oya="0"/><INIT seed="0,0,0,4,3,98" ten="250,250,250,250" oya="0" hai0="129,124,65,12,17,121,40,119,29,92,118,58,53" hai1="52,41,34,50,85,36,39,88,79,38,54,48,27" hai2="94,120,8,132,67,71,6,60,59,70,122,13,62" hai3="91,42,95,43,1,115,31,109,20,75,78,86,11"/><T125/><D29/><U2/><E2/><V56/><F132/><W49/><G109/><T97/><D121/><U130/><E79/><V15/><F94/><W100/><G115/><T107/><D107/><U84/><E130/><V87/><F87/><W82/><G11/><T73/><D73/><U81/><E34/><V99/><F99/><W23/><G1/><T57/><D40/><U110/><E110/><V80/><F80/><W64/><G64/><T77/><D77/><U105/><E105/><V72/><F72/><W66/><G66/><T126/><D65/><U116/><E116/><N who="0" m="44585" /><D129/><U76/><E27/><V22/><F22/><W103/><G23/><N who="0" m="11687" /><D53/><U128/><E128/><V46/><F46/><W74/><G74/><T25/><D25/><U96/><E96/><V131/><F131/><W33/><G33/><T51/><D51/><U90/><E76/><V63/><F63/><W83/><G83/><T68/><D68/><U61/><E61/><V113/><F113/><W16/><G31/><T104/><D104/><U114/><E114/><V10/><F67/><W5/><G5/><AGARI ba="0,0" hai="5,6,8,10,13,15,56,59,60,62,70,71,120,122" machi="5" ten="25,1600,0" yaku="22,2" doraHai="98" who="2" fromWho="3" sc="250,0,250,0,250,16,250,-16" /><INIT seed="1,0,0,4,1,7" ten="250,250,266,234" oya="1" hai0="57,15,22,38,9,129,93,95,37,66,24,49,46" hai1="53,40,16,3,127,76,111,11,45,112,18,56,4" hai2="70,39,47,27,118,29,89,110,61,35,12,98,116" hai3="41,123,32,100,101,80,86,6,64,1,131,60,28"/><U106/><E106/><V114/><F110/><W71/><G131/><T73/><D129/><U121/><E121/><V72/><F114/><W91/><G123/><T67/><D73/><U54/><E112/><V90/><F72/><W128/><G128/><T0/><D0/><U87/><E111/><V119/><F98/><W48/><G32/><T135/><D135/><U36/><E127/><V130/><F130/><W43/><G28/><N who="0" m="17431" /><D37/><U17/><E76/><V19/><F47/><W79/><G48/><T83/><D38/><U120/><E120/><V92/><F39/><W26/><G26/><T23/><D83/><U88/><REACH who="1" step="1"/><E56/><REACH who="1" ten="250,240,266,234" step="2"/><V2/><F119/><W99/><G79/><T75/><D57/><U82/><AGARI ba="0,1" hai="3,4,11,16,17,18,36,40,45,53,54,82,87,88" machi="82" ten="30,24000,3" yaku="1,1,2,1,0,1,52,1,54,2,53,2" doraHai="7" doraHaiUra="50" who="1" fromWho="1" sc="250,-80,240,250,266,-80,234,-80" /><INIT seed="1,1,0,1,0,85" ten="170,490,186,154" oya="1" hai0="1,111,120,2,39,91,81,49,48,38,94,116,36" hai1="20,29,28,14,62,110,32,80,10,6,105,44,115" hai2="86,33,87,126,22,124,4,41,35,15,73,76,106" hai3="135,125,47,5,89,9,112,27,123,25,75,90,134"/><U7/><E105/><V11/><F106/><W31/><G123/><T57/><D120/><U93/><E32/><N who="2" m="12363" /><F41/><W40/><G112/><T52/><D116/><U24/><E115/><V59/><F59/><W129/><G129/><T82/><D111/><U122/><E110/><V84/><F73/><W78/><G125/><N who="2" m="48233" /><F22/><W67/><G67/><T117/><D117/><U64/><E122/><V18/><F4/><W133/><G78/><AGARI ba="1,0" hai="11,15,18,76,78,84,86,87" m="48233,12363" machi="78" ten="40,1300,0" yaku="18,1" doraHai="85" who="2" fromWho="3" sc="170,0,490,0,186,16,154,-16" /><INIT seed="2,0,0,5,1,80" ten="170,490,202,138" oya="2" hai0="28,87,5,10,76,27,55,60,121,25,83,24,7" hai1="110,132,53,67,106,46,96,105,130,120,16,66,78" hai2="26,54,134,81,58,103,17,82,128,9,109,71,85" hai3="124,6,118,1,33,8,100,62,50,13,115,65,107"/><V40/><F128/><W119/><G124/><T31/><D121/><U133/><E78/><V95/><F71/><W21/><G115/><T92/><D10/><U63/><E110/><V22/><F134/><W97/><G50/><T101/><D101/><U112/><E112/><V14/><F109/><W117/><G21/><T89/><D5/><U102/><E106/><V51/><F40/><W131/><G13/><T98/><REACH who="0" step="1"/><D7/><REACH who="0" ten="160,490,202,138" step="2"/><U37/><E120/><V47/><F103/><W15/><G15/><T125/><D125/><U42/><E130/><V23/><F9/><W12/><G12/><T94/><D94/><U84/><E53/><V86/><F95/><W129/><REACH who="3" step="1"/><G33/><REACH who="3" ten="160,490,202,128" step="2"/><T135/><D135/><U44/><E133/><V91/><F14/><W126/><G126/><T69/><D69/><AGARI ba="0,2" hai="1,6,8,62,65,69,97,100,107,117,118,119,129,131" machi="69" ten="40,5200,0" yaku="1,1,23,2,53,0" doraHai="80" doraHaiUra="52" who="3" fromWho="0" sc="160,-52,490,0,202,0,128,72" /><INIT seed="3,0,0,5,5,47" ten="108,490,202,200" oya="3" hai0="76,36,134,96,66,86,84,31,23,122,4,75,133" hai1="110,46,109,7,89,102,50,24,9,55,64,124,40" hai2="90,67,99,91,72,65,104,79,92,16,62,28,93" hai3="32,114,19,49,43,68,6,30,45,80,57,27,119"/><W130/><G119/><T44/><D122/><U131/><E102/><V128/><F128/><W26/><G130/><T101/><D4/><U98/><E131/><V33/><F33/><W77/><G114/><T59/><D66/><U3/><E64/><V34/><F104/><W54/><G68/><T113/><D59/><U103/><E89/><V129/><F129/><W115/><G115/><T106/><D44/><U63/><E24/><V94/><F28/><W88/><G6/><T37/><D31/><U121/><E121/><V13/><F34/><W39/><G26/><T73/><D23/><U22/><E22/><V123/><F123/><W95/><G19/><T112/><D36/><U85/><E85/><N who="0" m="32873" /><D37/><U116/><E124/><V70/><F65/><W105/><G105/><T82/><D73/><U25/><E25/><V52/><F72/><W78/><G80/><T38/><D38/><U48/><E63/><V100/><F79/><W69/><G69/><T56/><D56/><U35/><E35/><V97/><F70/><W5/><G5/><T74/><D74/><U8/><E8/><N who="2" m="6183" /><F67/><W108/><REACH who="3" step="1"/><G108/><REACH who="3" ten="108,490,202,190" step="2"/><T15/><D112/><U132/><E116/><V17/><F17/><W14/><G14/><T111/><D113/><U29/><E110/><V125/><F125/><W51/><G51/><T126/><D111/><U58/><E109/><V42/><F42/><W60/><G60/><T71/><D126/><U61/><E61/><V20/><F62/><W127/><G127/><T11/><D71/><U53/><E40/><V21/><F100/><W117/><G117/><T0/><D0/><RYUUKYOKU ba="0,1" sc="108,15,490,-15,202,-15,190,15" hai0="11,15,75,76,82,96,101,106,133,134" hai3="27,30,32,39,43,45,49,54,57,77,78,88,95" /><INIT seed="3,1,1,5,5,91" ten="123,475,187,205" oya="3" hai0="129,48,66,118,15,41,113,22,117,100,59,88,25" hai1="10,51,46,96,5,126,40,114,65,68,99,26,19" hai2="54,43,125,28,38,45,82,73,102,135,116,80,79" hai3="44,64,112,21,92,33,12,111,24,18,103,90,89"/><W70/><G112/><T93/><D113/><U2/><E126/><V16/><F125/><W72/><G72/><T7/><D129/><U1/><E1/><V57/><F135/><W42/><G111/><T37/><D37/><U49/><E114/><V32/><F116/><W131/><G131/><T34/><D34/><U85/><E65/><V120/><F120/><W78/><G78/><T77/><D118/><U36/><E68/><V104/><F82/><W74/><G74/><T62/><D117/><U134/><E134/><V63/><F32/><W76/><G76/><T8/><D77/><U75/><E75/><V128/><F28/><W87/><G90/><T109/><D109/><U107/><E85/><V11/><F128/><W29/><G64/><T98/><D41/><U105/><E96/><V133/><F133/><W127/><G127/><T30/><REACH who="0" step="1"/><D48/><REACH who="0" ten="113,475,187,205" step="2"/><U119/><E19/><V50/><F38/><W3/><G3/><T17/><D17/><U83/><E83/><V56/><F16/><W52/><G18/><T27/><D27/><U132/><E132/><V13/><F79/><W53/><G24/><T106/><D106/><U97/><E46/><V124/><F104/><W14/><G44/><T67/><D67/><U130/><E2/><V101/><F124/><W94/><G42/><T61/><D61/><U122/><E99/><V39/><F63/><W86/><G33/><T81/><D81/><U84/><E84/><V69/><F80/><W123/><G87/><T108/><D108/><U35/><E10/><V115/><F115/><W95/><G86/><T31/><D31/><RYUUKYOKU ba="1,2" sc="113,30,475,-10,187,-10,205,-10" hai0="7,8,15,22,25,30,59,62,66,88,93,98,100" owari="143,-36.0,485,58.0,177,-22.0,195,0.0" /></mjloggm>