<mjloggm ver="2.3"><GO type="97" lobby="0"/><UN n0="%43%4C%53%43" n1="%6E%61%67%6F%63%68%69" n2="%E5%8B%87%E5%88%A9%E3%81%8C%E6%9C%89%E5%88%A9" n3="%E3%82%A6%E3%83%AB%E3%83%88%E3%83%A9%E7%AB%8B%E7%9B%B4" dan="14,14,15,15" rate="1884.45,1962.66,1933.96,1980.63" sx="M,M,M,M"/><TAIKYOKU oya="0"/><INIT seed="0,0,0,4,4,81" ten="250,250,250,250" oya="0" hai0="59,126,115,0,107,100,52,77,25,85,114,133,79" hai1="14,109,10,130,61,74,86,88,2,50,128,73,23" hai2="51,101,68,105,76,12,31,75,111,5,65,99,24" hai3="34,6,22,102,58,21,108,87,98,84,82,104,43"/><T97/><D0/><U55/><E109/><V29/><F111/><W91/><G34/><T123/><D123/><U113/><E61/><V53/><F75/><W89/><G108/><T19/><D133/><U118/><E2/><V42/><F42/><W36/><G6/><T56/><D126/><U11/><E118/><V28/><F76/><W129/><G129/><N who="1" m="49770" /><E23/><V7/><F12/><W62/><G43/><T135/><D135/><U35/><E35/><V18/><F18/><W71/><G71/><T46/><D46/><N who="1" m="28119" /><E113/><V70/><F24/><W131/><G36/><T4/><D4/><N who="1" m="3399" /><E11/><V39/><F39/><W64/><G131/><T67/><D67/><U20/><E20/><V116/><F116/><W60/><G60/><T132/><D132/><U17/><E17/><V122/><F65/><W96/><REACH who="3" step="1"/><G98/><REACH who="3" ten="250,250,250,240" step="2"/><T49/><D115/><U125/><E125/><V80/><F7/><W134/><G134/><T72/><D114/><U90/><E90/><V41/><F5/><W38/><G38/><T127/><D127/><U57/><E57/><V15/><F70/><W121/><G121/><T63/><D56/><U83/><AGARI ba="0,1" hai="73,74,83,86,88" m="3399,28119,49770" machi="83" ten="30,4000,0" yaku="19,1,52,1,54,1" doraHai="81" who="1" fromWho="1" sc="250,-20,250,50,250,-10,240,-10" /><INIT seed="1,0,0,1,4,11" ten="230,300,240,230" oya="1" hai0="78,132,82,0,119,34,98,1,37,101,108,65,103" hai1="51,109,10,9,12,84,129,42,20,110,14,36,22" hai2="66,24,40,16,125,93,117,127,112,97,124,58,61" hai3="67,45,116,48,88,95,30,59,63,72,128,39,90"/><U100/><E36/><V99/><F117/><W70/><G72/><T28/><D119/><U4/><E129/><V79/><F79/><W41/><G128/><T46/><D103/><U17/><E100/><V62/><F40/><W69/><G116/><T115/><D115/><U89/><E51/><V74/><F74/><W31/><G90/><T44/><D44/><U35/><E35/><V71/><F112/><W49/><G49/><T7/><D65/><U83/><REACH who="1" step="1"/><E42/><REACH who="1" ten="230,290,240,230" step="2"/><V38/><F38/><W87/><G69/><T92/><D34/><U104/><E104/><V121/><F121/><W54/><AGARI ba="0,1" hai="30,31,39,41,45,48,54,59,63,67,70,87,88,95" machi="54" ten="30,7900,0" yaku="0,1,24,2,54,1" doraHai="11" who="3" fromWho="3" sc="230,-20,290,-39,240,-20,230,89" /><INIT seed="2,0,0,0,4,0" ten="210,251,220,319" oya="2" hai0="24,110,74,132,20,65,19,80,33,47,68,79,92" hai1="26,114,34,5,9,12,122,42,36,41,85,88,48" hai2="102,73,39,7,67,72,16,37,22,15,120,100,76" hai3="97,119,117,70,75,126,84,69,61,131,101,133,125"/><V4/><F120/><W43/><G75/><T115/><D115/><U82/><E114/><V49/><F37/><W109/><G109/><T60/><D110/><U28/><E36/><V87/><F39/><W66/><G43/><T63/><D132/><U116/><E116/><V135/><F135/><W40/><G40/><T105/><D105/><U129/><E129/><V50/><F72/><W55/><G133/><T6/><D33/><U8/><E122/><V25/><F73/><W108/><G108/><T11/><D47/><U44/><E9/><N who="2" m="6255" /><F67/><W30/><G70/><T10/><D10/><U52/><AGARI ba="0,0" hai="5,8,12,26,28,34,41,42,44,48,52,82,85,88" machi="52" ten="20,8000,1" yaku="0,1,7,1,52,1,54,2" doraHai="0" who="1" fromWho="1" sc="210,-20,251,80,220,-40,319,-20" /><INIT seed="3,0,0,1,0,129" ten="190,331,180,299" oya="3" hai0="71,37,15,38,47,0,23,49,54,87,24,30,124" hai1="60,96,69,31,108,8,79,55,51,56,92,123,45" hai2="44,5,99,75,36,26,27,72,64,83,90,128,13" hai3="126,53,59,135,107,63,77,22,16,134,11,85,20"/><W40/><G107/><T116/><D116/><U110/><E123/><V120/><F128/><W74/><G74/><T14/><D0/><U76/><E31/><V4/><F120/><W57/><G40/><T21/><D71/><U86/><E8/><N who="2" m="4231" /><F72/><W132/><G126/><T52/><D124/><U28/><E28/><V111/><F75/><W114/><G114/><T122/><D122/><U93/><E69/><V121/><F121/><W32/><G32/><T73/><D73/><U43/><E92/><N who="2" m="56727" /><F36/><W91/><G77/><T112/><D112/><U94/><E94/><V119/><F119/><W88/><G11/><T118/><D118/><U65/><E65/><V61/><F5/><W18/><G85/><T58/><D87/><U46/><E46/><V35/><F35/><W42/><G42/><T117/><D117/><U41/><E41/><V98/><F44/><W25/><G59/><T89/><D89/><N who="1" m="55343" /><E86/><V2/><F2/><W62/><G62/><T130/><D130/><U113/><E113/><V34/><F34/><W127/><G127/><T97/><D97/><U104/><E104/><V33/><F33/><W70/><G70/><T101/><D101/><U6/><E6/><V39/><F39/><W115/><G115/><T66/><D66/><U80/><E80/><V67/><F83/><W50/><G63/><T1/><D1/><U10/><E10/><V78/><F67/><W17/><G17/><T81/><D81/><U68/><E68/><N who="2" m="41999" /><F78/><W9/><G9/><T82/><D82/><U125/><E125/><V19/><F19/><W12/><AGARI ba="0,0" hai="12,16,18,20,22,25,50,53,57,88,91,132,134,135" machi="12" ten="30,18000,2" yaku="0,1,20,1,52,3,54,2" doraHai="129" who="3" fromWho="3" sc="190,-60,331,-60,180,-60,299,180" owari="130,-27.0,271,7.0,120,-38.0,479,58.0" /></mjloggm>