<mjloggm ver="2.3"><GO type="169" lobby="0"/><UN n0="%73%5F%6F%6B" n1="%6D%6F%6E%65%79%2E%2E%2E" n2="%E3%83%86%E3%83%AC%E3%83%93%E3%81%A3%E5%AD%90" n3="%E3%82%A6%E3%83%AB%E3%83%88%E3%83%A9%E7%AB%8B%E7%9B%B4" dan="17,17,16,17" rate="2123.30,2186.36,2070.53,2139.97" sx="M,M,M,M"/><TAIKYOKU oya="0"/><INIT seed="0,0,0,3,4,23" ten="250,250,250,250" oya="0" hai0="123,40,94,45,112,49,47,115,31,3,68,16,128" hai1="24,64,67,131,54,84,120,6,33,8,50,62,17" hai2="100,41,103,119,1,32,106,25,55,30,70,39,80" hai3="15,7,72,2,114,88,71,53,44,126,59,10,79"/><T134/><D3/><U76/><E120/><V0/><F119/><W75/><G71/><T124/><D123/><U42/><E131/><V99/><F103/><W83/><G114/><T82/><D68/><U51/><E42/><V77/><F55/><W66/><G126/><T48/><D124/><U85/><E76/><V109/><F109/><W52/><G75/><T133/><D31/><U129/><E129/><V91/><F91/><W38/><G15/><T125/><D125/><U35/><E35/><V108/><F108/><W5/><G5/><T28/><D28/><U18/><E33/><V36/><F70/><W58/><G58/><T56/><D94/><U95/><E95/><V89/><F89/><W110/><G110/><T63/><D82/><U92/><E92/><V12/><F12/><W93/><G59/><T90/><D90/><U34/><E34/><V20/><F20/><W116/><G66/><N who="0" m="39271" /><D16/><U9/><E6/><V65/><F65/><W4/><G4/><T132/><D128/><U37/><E37/><V26/><F26/><W22/><G22/><T78/><D78/><U46/><E24/><V96/><F96/><N who="3" m="57383" /><G116/><T104/><D104/><U86/><E18/><V97/><F97/><W81/><G81/><T14/><D14/><U69/><E17/><V98/><F98/><W60/><G60/><T113/><D113/><U11/><E64/><V57/><F36/><W73/><G73/><T121/><D121/><U122/><E122/><V107/><F107/><W130/><G130/><T27/><D27/><U29/><E29/><V102/><F39/><W74/><G74/><RYUUKYOKU ba="0,0" sc="250,10,250,10,250,-30,250,10" hai0="40,45,47,48,49,112,115,132,133,134" hai1="8,9,11,46,50,51,54,62,67,69,84,85,86" hai3="2,7,10,38,44,52,53,72,79,83" /><INIT seed="0,1,0,4,2,134" ten="260,260,220,260" oya="0" hai0="65,7,94,56,75,50,70,28,110,111,130,11,62" hai1="103,82,27,40,104,125,15,20,86,25,9,116,71" hai2="124,59,32,87,126,30,58,21,91,0,85,34,90" hai3="46,12,42,108,16,53,105,14,80,131,72,128,64"/><T122/><D122/><U60/><E116/><V2/><REACH who="2" step="1"/><F21/><REACH who="2" ten="260,260,210,260" step="2"/><N who="3" m="11399" /><G105/><T133/><D133/><U36/><E20/><V1/><F1/><W118/><G118/><T33/><D130/><U35/><E104/><V47/><F47/><W41/><G128/><T88/><D33/><U66/><E35/><V81/><F81/><W127/><G131/><T83/><D28/><AGARI ba="1,1" hai="0,2,28,30,32,34,58,59,85,87,90,91,124,126" machi="28" ten="25,12000,2" yaku="21,2,22,2,52,2,53,0" doraHai="134" doraHaiUra="48" who="2" fromWho="0" sc="260,-123,260,0,210,133,260,0" /><INIT seed="1,0,0,1,4,15" ten="137,260,343,260" oya="1" hai0="25,8,9,20,106,109,5,54,6,76,82,32,55" hai1="75,89,44,101,14,107,120,1,50,62,17,64,3" hai2="65,111,66,28,69,116,33,131,81,80,108,56,24" hai3="27,34,13,87,38,78,98,113,0,125,35,134,40"/><U117/><E117/><V114/><F116/><W43/><G0/><T23/><D106/><U71/><E75/><V99/><F114/><W58/><G113/><T104/><D104/><U45/><E45/><V92/><F69/><W83/><G125/><T90/><D90/><U67/><E67/><V129/><F80/><W103/><G134/><T11/><D109/><N who="2" m="42058" /><F81/><W46/><G43/><T53/><D32/><U77/><E77/><V21/><F33/><W29/><G13/><T127/><D127/><U30/><E3/><V128/><F56/><W42/><G42/><T18/><REACH who="0" step="1"/><D20/><REACH who="0" ten="127,260,343,260" step="2"/><U72/><E89/><AGARI ba="0,1" hai="21,24,28,65,66,89,92,99,128,129,131" m="42058" machi="89" ten="40,2600,0" yaku="19,1,14,1" doraHai="15" who="2" fromWho="1" sc="127,0,260,-26,343,36,260,0" /><INIT seed="2,0,0,5,3,12" ten="127,234,379,260" oya="2" hai0="52,76,51,94,134,69,90,62,47,30,35,32,53" hai1="80,13,105,75,122,103,83,55,118,22,56,111,67" hai2="44,106,27,17,40,19,25,3,4,43,48,37,130" hai3="89,2,135,115,101,110,38,73,64,108,129,117,41"/><V59/><F106/><W54/><G73/><T72/><D134/><U15/><E118/><V88/><F130/><W113/><G2/><T45/><D30/><U84/><E111/><N who="3" m="42538" /><G101/><T31/><D31/><U131/><E67/><V87/><F3/><W99/><G99/><T102/><D102/><U120/><E75/><V123/><F123/><W46/><G89/><T114/><D114/><N who="3" m="43529" /><G129/><T16/><D76/><U33/><E33/><V5/><F37/><W119/><G135/><T107/><D107/><U85/><E131/><V93/><F43/><W42/><G42/><T86/><D72/><U49/><E103/><V29/><F59/><W21/><G21/><T6/><D6/><N who="2" m="2666" /><F29/><W121/><G64/><T104/><D104/><U112/><E105/><V96/><F96/><W77/><G77/><T9/><D35/><U98/><E98/><V100/><F100/><W82/><G82/><T26/><D32/><U74/><E74/><V61/><F61/><W20/><G20/><N who="0" m="13575" /><D69/><U65/><E112/><V34/><F34/><W128/><G128/><T11/><D62/><N who="1" m="38087" /><E120/><V68/><F68/><W79/><G79/><T39/><D39/><U81/><E122/><V78/><F78/><W124/><G121/><T126/><D126/><U116/><E116/><N who="3" m="44618" /><G54/><T57/><D53/><U58/><E22/><V66/><F66/><W50/><G124/><T95/><D95/><U14/><AGARI ba="0,0" hai="13,14,15,49,55,58,80,81,83,84,85" m="38087" machi="14" ten="30,1100,0" yaku="8,1" doraHai="12" who="1" fromWho="1" sc="127,-3,234,11,379,-5,260,-3" /><INIT seed="3,0,0,3,1,96" ten="124,245,374,257" oya="3" hai0="9,115,129,85,37,75,45,51,2,16,116,132,3" hai1="126,87,24,18,49,47,99,69,58,81,91,98,55" hai2="134,78,113,68,6,53,35,36,42,29,80,101,7" hai3="25,33,109,88,52,133,15,38,93,59,22,130,108"/><W124/><G38/><T70/><D116/><U50/><E69/><V23/><F68/><W54/><G124/><T74/><D37/><U119/><E126/><V56/><F35/><W39/><G39/><T110/><D110/><N who="3" m="42601" /><G130/><T20/><D129/><U122/><E122/><V8/><F134/><W83/><G83/><T0/><D70/><U66/><E119/><V123/><F123/><W117/><G117/><T77/><D132/><U14/><E24/><V57/><F113/><W12/><G33/><T62/><D62/><U106/><E106/><V1/><F6/><W84/><G133/><T21/><D115/><U34/><E34/><V128/><F128/><W10/><G10/><T4/><D21/><U30/><E30/><V63/><F57/><W65/><G65/><T86/><D86/><U28/><E28/><V107/><F23/><W32/><G32/><T127/><D127/><U103/><E103/><V17/><F17/><N who="3" m="12495" /><G54/><T71/><D71/><U114/><E114/><V100/><F36/><W89/><G89/><T111/><D111/><U82/><E82/><V46/><F80/><W76/><G76/><T73/><D77/><U5/><E5/><V61/><F78/><W13/><G13/><T11/><D11/><N who="1" m="6495" /><E66/><V19/><F53/><AGARI ba="0,0" hai="47,49,50,53,55,58,81,87,91,98,99" m="6495" machi="53" ten="30,2000,0" yaku="25,1,8,1" doraHai="96" who="1" fromWho="2" sc="124,0,245,20,374,-20,257,0" /><INIT seed="4,0,0,5,4,3" ten="124,265,354,257" oya="0" hai0="66,0,109,88,95,20,50,102,22,97,21,57,39" hai1="106,60,110,128,96,37,131,55,74,16,122,12,108" hai2="94,118,100,43,23,121,65,64,132,117,119,123,81" hai3="15,28,56,11,9,72,53,58,90,76,111,36,93"/><T112/><D39/><U18/><E74/><V41/><F81/><W101/><G36/><T24/><D112/><U46/><E122/><N who="2" m="46603" /><F23/><N who="0" m="8778" /><D0/><U116/><E116/><V126/><F132/><W73/><G11/><T134/><D134/><U125/><E125/><V33/><F33/><W86/><G111/><N who="1" m="42538" /><E18/><V85/><F126/><W29/><G101/><T42/><D109/><U99/><E60/><V82/><F94/><W79/><G73/><T135/><D135/><U84/><E84/><V113/><F100/><W63/><G58/><T129/><D129/><N who="1" m="49739" /><E106/><V38/><F113/><W44/><G44/><N who="0" m="25879" /><D102/><U107/><E107/><V62/><F38/><W32/><G32/><T98/><D98/><U103/><E103/><V5/><F85/><W105/><G105/><T31/><D57/><U49/><E37/><V34/><F82/><W69/><G69/><T77/><D66/><U45/><E45/><V2/><F64/><W48/><G72/><T91/><D91/><U83/><E83/><V124/><F124/><W52/><G76/><AGARI ba="0,0" hai="22,24,31,76,77,88,95,97" m="25879,8778" machi="76" ten="30,2900,0" yaku="8,1,54,1" doraHai="3" who="0" fromWho="3" sc="124,29,265,0,354,0,257,-29" /><INIT seed="4,1,0,0,0,15" ten="153,265,354,228" oya="0" hai0="92,38,14,128,130,5,10,105,72,28,49,127,102" hai1="131,25,121,53,118,126,79,13,106,87,81,61,116" hai2="71,134,60,104,44,112,18,85,42,50,69,68,55" hai3="8,52,30,107,66,84,117,101,40,11,41,17,51"/><T64/><D38/><U1/><E1/><V23/><F104/><W89/><G117/><T6/><D72/><U29/><E121/><V2/><F2/><W59/><G30/><T21/><D105/><U108/><E106/><V90/><F134/><W98/><G66/><T120/><D120/><U83/><E108/><V75/><F75/><W125/><G125/><T91/><D102/><U62/><E126/><V86/><F112/><W103/><G103/><T19/><D127/><U99/><E99/><V43/><F60/><W80/><G11/><T74/><D74/><U78/><E13/><V58/><F58/><W97/><G97/><T133/><D133/><U39/><E39/><V132/><F132/><W4/><REACH who="3" step="1"/><G17/><REACH who="3" ten="153,265,354,218" step="2"/><N who="0" m="8407" /><D64/><U24/><E29/><V114/><F114/><W22/><G22/><T16/><D28/><U31/><E31/><V35/><F35/><W67/><G67/><T113/><D113/><U124/><E124/><V88/><F18/><N who="0" m="6698" /><D21/><U115/><E115/><V37/><F23/><W12/><AGARI ba="1,1" hai="4,8,12,40,41,51,52,59,80,84,89,98,101,107" machi="12" ten="20,5200,0" yaku="1,1,0,1,7,1,54,1,53,0" doraHai="15" doraHaiUra="109" who="3" fromWho="3" sc="153,-27,265,-14,354,-14,218,65" /><INIT seed="5,0,0,4,3,75" ten="126,251,340,283" oya="1" hai0="18,56,4,102,119,118,130,15,133,74,135,132,58" hai1="95,40,24,39,80,52,25,61,72,97,92,31,100" hai2="121,117,99,10,28,27,26,131,86,1,34,49,65" hai3="87,23,116,51,78,83,89,11,13,82,36,33,38"/><U129/><E129/><V96/><F131/><W41/><G33/><T2/><D102/><U104/><E24/><V125/><F125/><W90/><G23/><N who="0" m="11743" /><D74/><U50/><E39/><V64/><F121/><W84/><G116/><N who="0" m="44587" /><D58/><U76/><E61/><V62/><F117/><W107/><G107/><T77/><D56/><U46/><REACH who="1" step="1"/><E40/><REACH who="1" ten="126,241,340,283" step="2"/><V9/><F27/><W7/><G41/><T98/><D130/><U81/><E81/><V124/><F62/><W67/><G67/><T79/><D98/><U16/><E16/><V122/><F64/><W73/><G51/><T0/><D4/><U35/><AGARI ba="0,1" hai="25,31,35,46,50,52,72,76,80,92,95,97,100,104" machi="35" ten="20,12000,1" yaku="1,1,0,1,7,1,52,1,54,1,53,0" doraHai="75" doraHaiUra="69" who="1" fromWho="1" sc="126,-40,241,130,340,-40,283,-40" /><INIT seed="5,1,0,3,4,52" ten="86,371,300,243" oya="1" hai0="82,119,90,59,71,39,28,117,0,4,131,67,88" hai1="40,37,7,20,19,3,123,107,36,2,12,86,63" hai2="5,76,68,105,108,74,106,32,73,34,113,45,70" hai3="94,104,9,18,48,43,31,103,114,11,41,6,66"/><U57/><E107/><V25/><F25/><W30/><G104/><N who="2" m="40041" /><F45/><W15/><G114/><T72/><D71/><N who="2" m="27178" /><F5/><W56/><G43/><T62/><D131/><U84/><E123/><V78/><F113/><W100/><G41/><T115/><D115/><U60/><E60/><V112/><F112/><W132/><G132/><T69/><D69/><U49/><E49/><V46/><F46/><W13/><G100/><T77/><D28/><U128/><E128/><V95/><F95/><W64/><G64/><T109/><D109/><U93/><E40/><V102/><F102/><W96/><G48/><T61/><D39/><U91/><E84/><V122/><F108/><W130/><G130/><T51/><D62/><AGARI ba="1,0" hai="6,9,11,13,15,18,30,31,56,62,66,94,96,103" machi="62" ten="40,2600,0" yaku="8,1,52,1" doraHai="52" who="3" fromWho="0" sc="86,-29,371,0,300,0,243,29" /><INIT seed="6,0,0,5,5,79" ten="57,371,300,272" oya="2" hai0="80,117,36,23,46,44,21,102,132,63,95,53,88" hai1="7,116,13,69,76,22,93,82,52,24,104,127,50" hai2="67,27,96,57,123,14,119,84,81,77,55,72,39" hai3="61,48,18,98,5,9,4,125,86,31,112,60,56"/><V130/><F130/><W15/><G112/><T25/><D132/><U8/><E104/><V3/><F3/><W92/><G125/><T131/><D131/><U121/><E69/><V105/><F39/><W59/><G31/><T106/><D106/><U68/><E68/><V41/><F41/><W120/><G120/><T118/><D36/><U114/><E127/><V128/><F119/><W109/><G109/><T11/><D118/><U107/><E107/><V87/><F123/><W101/><G48/><T40/><D117/><U17/><E114/><V51/><F128/><W1/><G1/><T85/><D11/><U32/><E121/><V0/><F0/><W113/><G113/><T108/><D108/><U74/><E93/><V126/><F126/><W110/><G110/><T83/><D102/><U134/><E134/><V122/><F122/><W100/><G100/><T124/><D124/><U43/><E43/><V58/><F27/><W26/><G26/><T62/><D21/><U6/><E32/><V30/><F30/><W97/><G97/><T66/><D53/><U45/><E116/><V71/><F71/><W99/><G99/><T28/><D63/><U10/><E10/><V75/><F75/><W133/><G133/><T129/><D129/><U42/><E42/><V94/><F14/><W35/><G35/><T34/><D34/><U29/><AGARI ba="0,0" hai="6,7,8,13,17,22,24,29,45,50,52,74,76,82" machi="29" ten="20,5200,0" yaku="0,1,7,1,52,1,54,1" doraHai="79" who="1" fromWho="1" sc="57,-13,371,52,300,-26,272,-13" /><INIT seed="7,0,0,0,0,130" ten="44,423,274,259" oya="3" hai0="81,35,69,120,125,42,39,124,0,123,109,121,128" hai1="44,80,117,11,131,87,72,74,134,28,135,18,27" hai2="3,10,88,7,107,53,98,30,32,101,105,15,4" hai3="103,14,60,21,47,129,56,94,75,8,78,96,2"/><W31/><G129/><T77/><D81/><U108/><E108/><V76/><F76/><W111/><G111/><T126/><D77/><U133/><E117/><V90/><F107/><W6/><G78/><T102/><D102/><U118/><E118/><V100/><F100/><W5/><G75/><T84/><D84/><U112/><E112/><V82/><F82/><W116/><G116/><T26/><D128/><U43/><E131/><V119/><F119/><W40/><G2/><T49/><D49/><N who="1" m="26783" /><E18/><V89/><F53/><W97/><G97/><T54/><D54/><U62/><E11/><V59/><F59/><W12/><G6/><T71/><D109/><U115/><E62/><V23/><F7/><W29/><G14/><T68/><D0/><U50/><E50/><V92/><F105/><W16/><G5/><T85/><D85/><U83/><E115/><V127/><F127/><W79/><G79/><T57/><D57/><U73/><E87/><V58/><F58/><W61/><G61/><T99/><D99/><U25/><E25/><N who="2" m="18511" /><F101/><W37/><REACH who="3" step="1"/><G8/><REACH who="3" ten="44,423,274,249" step="2"/><T48/><D48/><U91/><E91/><V38/><F38/><W34/><G34/><AGARI ba="0,1" hai="27,28,34,72,73,74,80,83,133,134,135" m="26783" machi="34" ten="40,8000,1" yaku="20,1,52,3" doraHai="130" who="1" fromWho="3" sc="44,0,423,90,274,0,249,-80" owari="44,-46.0,513,62.0,274,7.0,169,-23.0" /></mjloggm>