<mjloggm ver="2.3"><GO type="41" lobby="0"/><UN n0="%CE%BC%6B%61%70%70%75" n1="%E5%B0%B1%E6%B4%BB%E7%94%9F%40%E5%B7%9D%E6%9D%91%E8%BB%8D%E5%9B%A3" n2="%E8%8A%B9%E6%91%98" n3="%E3%83%9A%E3%83%A4%E3%83%B3%E3%82%B0" dan="14,14,15,14" rate="1959.62,1968.40,2001.95,1949.43" sx="M,M,M,M"/><TAIKYOKU oya="0"/><INIT seed="0,0,0,4,4,19" ten="250,250,250,250" oya="0" hai0="7,92,125,134,81,123,14,5,79,0,8,58,37" hai1="68,98,99,27,20,48,31,129,1,67,43,94,40" hai2="106,3,57,115,56,107,66,2,36,91,41,21,50" hai3="114,127,104,97,46,89,10,69,44,17,9,13,111"/><T93/><D123/><U101/><E1/><V26/><F115/><W28/><G114/><T110/><D37/><U85/><E129/><V109/><F109/><W25/><G111/><T23/><D110/><U15/><E68/><V122/><F122/><W32/><G69/><T83/><D81/><U12/><E67/><V70/><F3/><W124/><G9/><T71/><D71/><U76/><E98/><V105/><F2/><W49/><G49/><T74/><D125/><U126/><E126/><V16/><F36/><W24/><G127/><T90/><D134/><U103/><E103/><V108/><F108/><W130/><G124/><T113/><D113/><U11/><E48/><V135/><F135/><W34/><G130/><T88/><D58/><U72/><E72/><V128/><F128/><W18/><G104/><T95/><D7/><U45/><E45/><V51/><F51/><W65/><G65/><T84/><D74/><U100/><E100/><V64/><F64/><W118/><G118/><T82/><D83/><N who="1" m="47335" /><E15/><V60/><REACH who="2" step="1"/><F91/><REACH who="2" ten="250,250,240,250" step="2"/><W52/><G89/><T102/><D102/><U55/><E55/><V42/><F42/><W38/><G52/><T29/><REACH who="0" step="1"/><D0/><REACH who="0" ten="240,250,240,250" step="2"/><U112/><E112/><V35/><F35/><W77/><G34/><T87/><D87/><U133/><E133/><V120/><F120/><W121/><G32/><T75/><D75/><U61/><E61/><V4/><F4/><AGARI ba="0,2" hai="4,11,12,20,27,31,40,43,94,99,101" m="47335" machi="4" ten="30,2000,0" yaku="8,1,52,1" doraHai="19" who="1" fromWho="2" sc="240,0,250,40,240,-20,250,0" /><INIT seed="1,0,0,1,1,114" ten="240,290,220,250" oya="1" hai0="38,93,18,10,73,66,135,89,29,56,49,68,72" hai1="5,131,121,21,35,12,58,98,123,43,108,122,103" hai2="37,27,55,42,81,25,59,129,78,19,128,105,2" hai3="28,120,54,65,16,111,46,15,17,133,0,31,92"/><U116/><E35/><V1/><F105/><W8/><G120/><T67/><D38/><U30/><E108/><V101/><F101/><W127/><G111/><T26/><D68/><U64/><E131/><N who="2" m="50251" /><F37/><W83/><G0/><N who="2" m="105" /><F42/><W99/><G133/><T34/><D135/><U57/><E43/><V125/><F125/><W82/><G65/><T91/><D89/><U63/><E58/><V50/><F19/><W134/><G127/><T119/><D67/><U13/><E5/><V7/><F7/><W77/><G17/><T53/><D66/><U106/><E116/><V115/><F115/><W62/><G134/><T51/><D119/><U113/><E113/><V87/><AGARI ba="0,0" hai="25,27,50,55,59,78,81,87" m="105,50251" machi="87" ten="30,1100,0" yaku="19,1" doraHai="114" who="2" fromWho="2" sc="240,-3,290,-5,220,11,250,-3" /><INIT seed="2,0,0,2,5,46" ten="237,285,231,247" oya="2" hai0="50,20,28,31,65,54,94,68,14,36,32,11,83" hai1="1,63,130,12,13,86,22,104,43,38,67,88,97" hai2="34,78,111,53,106,25,81,90,98,84,70,69,89" hai3="10,134,47,4,56,18,85,8,59,118,9,76,23"/><V100/><F111/><W112/><G118/><T117/><D36/><U96/><E1/><V91/><REACH who="2" step="1"/><F53/><REACH who="2" ten="237,285,221,247" step="2"/><W113/><G112/><T115/><D115/><U62/><E130/><V5/><F5/><W102/><G113/><T52/><D117/><U21/><E104/><V135/><F135/><W93/><G134/><T122/><D54/><U123/><E123/><V105/><F105/><W58/><G4/><T108/><D122/><U24/><E67/><V71/><F71/><W2/><G2/><T48/><D108/><U16/><E43/><V40/><F40/><W0/><G0/><T75/><D65/><U7/><E7/><V26/><F26/><W128/><G128/><T80/><D68/><U44/><E24/><V110/><F110/><W87/><G47/><T79/><D52/><U6/><E6/><V74/><F74/><W45/><G45/><T15/><D75/><U42/><E62/><V51/><F51/><W64/><G64/><T30/><D48/><U35/><E63/><V41/><F41/><W49/><G49/><T55/><D50/><U121/><E121/><V120/><F120/><W127/><G127/><T124/><D55/><U131/><E131/><V114/><F114/><W73/><G73/><T126/><D124/><U19/><E35/><V132/><F132/><W29/><G59/><T27/><D32/><U57/><E57/><V37/><F37/><W72/><G58/><T82/><D126/><U101/><E101/><V129/><F129/><W99/><G56/><T60/><D60/><U133/><E133/><V109/><F109/><W39/><G39/><RYUUKYOKU ba="0,1" sc="237,-15,285,15,221,15,247,-15" hai1="12,13,16,19,21,22,38,42,44,86,88,96,97" hai2="25,34,69,70,78,81,84,89,90,91,98,100,106" /><INIT seed="2,1,1,2,3,11" ten="222,300,236,232" oya="2" hai0="23,129,107,63,117,101,82,126,2,67,14,106,25" hai1="46,99,79,44,37,112,64,5,54,131,85,110,74" hai2="105,94,58,75,15,56,31,24,55,16,113,83,41" hai3="81,90,50,97,35,120,78,13,121,29,124,96,18"/><V59/><F105/><W53/><G124/><T47/><D2/><U48/><E74/><V103/><F113/><W115/><G115/><T114/><D114/><U69/><E112/><V86/><F75/><W49/><G49/><T8/><D126/><U84/><E131/><V77/><F41/><W57/><G29/><T3/><D129/><U109/><E5/><V38/><F38/><W102/><G35/><T89/><D3/><U12/><E99/><N who="2" m="59895" /><F24/><W40/><G90/><T92/><D117/><U76/><E69/><V39/><F39/><W62/><G40/><T68/><D47/><U98/><E98/><V66/><F66/><W0/><G0/><T19/><D82/><U21/><E64/><V87/><F31/><W133/><G133/><T119/><D101/><U36/><E21/><N who="2" m="11423" /><F86/><W128/><G128/><T45/><D45/><U42/><E84/><V71/><F71/><W118/><G118/><T88/><D89/><U33/><E33/><V51/><AGARI ba="1,1" hai="51,55,56,58,59,77,83,87" m="11423,59895" machi="51" ten="30,6000,0" yaku="8,1,52,1,54,1" doraHai="11" who="2" fromWho="2" sc="222,-21,300,-21,236,73,232,-21" /><INIT seed="2,2,0,3,5,50" ten="201,279,309,211" oya="2" hai0="58,131,125,30,111,81,73,3,64,37,43,90,38" hai1="36,94,16,44,93,68,100,4,118,52,47,62,103" hai2="11,2,26,23,76,0,120,71,8,12,95,46,134" hai3="77,56,40,130,22,69,63,107,97,54,65,55,57"/><V87/><F71/><W112/><G77/><T135/><D3/><U91/><E118/><V32/><F76/><W105/><G40/><T84/><D73/><U51/><E4/><V41/><F120/><W85/><G85/><T132/><D111/><U66/><E93/><V83/><F134/><N who="0" m="51242" /><D125/><U15/><E44/><V79/><F95/><W61/><G130/><T92/><D131/><U98/><E36/><V78/><F78/><W86/><G86/><T101/><D30/><U14/><E14/><V133/><F32/><W17/><G97/><N who="0" m="59559" /><D43/><U96/><E96/><V10/><F133/><W115/><G65/><T114/><D114/><N who="3" m="43561" /><G69/><T13/><D13/><AGARI ba="2,0" hai="13,17,22,54,55,56,57,61,63,105,107" m="43561" machi="13" ten="30,3900,0" yaku="11,1,52,2" doraHai="50" who="3" fromWho="0" sc="201,-45,279,0,309,0,211,45" /><INIT seed="3,0,0,0,0,35" ten="156,279,309,256" oya="3" hai0="129,26,5,98,85,115,60,97,55,116,128,42,2" hai1="102,52,83,1,126,64,24,69,127,103,81,57,87" hai2="28,84,33,101,7,118,86,63,9,76,4,70,62" hai3="90,72,6,56,77,123,73,114,80,75,49,0,27"/><W74/><G123/><T132/><D116/><U18/><E69/><V54/><F118/><W48/><G114/><T29/><D42/><U99/><E64/><V36/><F36/><W131/><G131/><N who="0" m="50251" /><D115/><U113/><E113/><V14/><F101/><W89/><G27/><T17/><D17/><U13/><E1/><V44/><F33/><W51/><REACH who="3" step="1"/><G56/><REACH who="3" ten="156,279,309,246" step="2"/><T109/><D132/><U91/><E126/><V133/><F133/><W134/><G134/><T108/><D26/><U121/><E127/><V105/><F70/><W50/><N who="3" m="12800" /><DORA hai="39" /><W93/><G93/><T8/><D29/><U40/><E24/><V45/><F105/><W117/><G117/><T111/><D55/><U15/><E57/><V61/><F54/><W67/><G67/><T130/><D60/><U37/><E52/><V59/><F59/><W100/><G100/><T120/><D120/><U46/><E103/><V11/><F62/><W3/><G3/><T94/><D130/><U58/><E121/><V107/><F107/><W66/><G66/><T31/><D31/><U30/><E58/><V12/><F28/><W112/><G112/><T104/><D104/><U95/><E30/><V122/><F122/><W10/><AGARI ba="0,1" hai="0,6,10,72,73,74,75,77,80,89,90" m="12800" machi="10" ten="50,9600,0" yaku="1,1,0,1,52,1,53,0" doraHai="35,39" doraHaiUra="22,21" who="3" fromWho="3" sc="156,-32,279,-32,309,-32,246,106" /><INIT seed="3,1,0,4,5,32" ten="124,247,277,352" oya="3" hai0="107,82,116,125,17,108,127,26,46,68,114,81,7" hai1="45,42,36,16,38,49,126,96,19,93,63,59,4" hai2="130,56,66,22,85,29,73,132,91,25,118,79,54" hai3="87,11,23,62,12,128,33,67,1,100,57,44,64"/><W80/><G33/><T50/><D107/><U75/><E75/><V31/><F118/><W88/><G128/><T69/><D116/><U0/><E126/><N who="0" m="48137" /><D108/><U97/><E38/><V24/><F130/><W134/><G134/><T94/><D114/><U55/><E96/><V37/><F132/><W35/><G35/><T65/><D7/><U131/><E131/><V102/><F37/><W13/><G1/><T21/><D94/><U84/><E84/><V123/><F123/><W15/><G100/><T135/><D135/><U28/><E28/><V70/><F102/><W106/><G106/><T98/><D98/><U71/><E4/><V34/><F73/><W129/><G129/><T6/><D6/><U3/><E19/><V105/><F105/><W47/><G23/><T78/><D65/><N who="3" m="25161" /><G11/><T120/><D120/><U30/><E30/><V95/><F79/><W86/><G86/><N who="0" m="48439" /><D82/><U115/><E115/><V18/><F66/><AGARI ba="1,0" hai="12,13,15,44,47,57,62,66,80,87,88" m="25161" machi="66" ten="30,2900,0" yaku="8,1,54,1" doraHai="32" who="3" fromWho="2" sc="124,0,247,0,277,-32,352,32" /><INIT seed="3,2,0,5,4,17" ten="124,247,245,384" oya="3" hai0="6,23,89,0,127,67,115,128,97,130,63,24,112" hai1="34,8,117,114,105,27,131,32,9,51,87,48,4" hai2="123,86,65,12,98,121,90,62,46,11,91,76,25" hai3="49,129,19,77,5,119,75,1,74,28,57,56,126"/><W37/><G119/><T16/><D127/><U120/><E105/><V135/><F135/><W45/><G126/><T53/><D53/><U40/><E120/><N who="2" m="46155" /><F46/><W88/><G37/><T122/><D122/><U94/><E114/><N who="0" m="43561" /><D6/><U15/><E117/><V43/><F43/><W92/><G28/><T21/><D0/><U54/><E131/><N who="0" m="50217" /><D89/><N who="1" m="53567" /><E32/><V55/><F55/><W133/><G133/><T132/><D132/><U59/><E34/><V30/><F98/><W38/><G129/><T73/><D23/><U125/><E125/><V39/><F39/><W109/><G5/><T60/><D73/><U104/><E104/><V118/><F76/><W13/><G1/><T44/><D44/><N who="1" m="25607" /><E9/><V14/><F118/><W26/><G75/><T7/><D7/><U50/><E27/><V66/><F66/><W78/><G26/><T100/><D67/><U61/><AGARI ba="2,0" hai="4,8,15,50,51,54,59,61" m="25607,53567" machi="61" ten="30,1100,0" yaku="8,1" doraHai="17" who="1" fromWho="1" sc="124,-5,247,17,245,-5,384,-7" /><INIT seed="4,0,0,4,5,64" ten="119,264,240,377" oya="0" hai0="105,83,116,69,111,86,18,92,7,66,20,91,2" hai1="31,68,48,45,129,26,10,72,109,74,12,9,77" hai2="124,106,81,110,22,29,47,67,108,62,118,56,43" hai3="59,130,126,65,61,23,38,132,104,55,1,101,25"/><T80/><D105/><U16/><E129/><V19/><F106/><W122/><G130/><T36/><D116/><U52/><E109/><V27/><F118/><W35/><G132/><T0/><D36/><U95/><E68/><V79/><F124/><W6/><G126/><T71/><D80/><U49/><E77/><V114/><F114/><W84/><G38/><T33/><D33/><U89/><E10/><V42/><F42/><W28/><G122/><T82/><D83/><U115/><E48/><V50/><REACH who="2" step="1"/><F29/><REACH who="2" ten="119,264,230,377" step="2"/><W5/><G104/><T40/><D40/><U8/><E115/><V96/><F96/><W99/><G28/><T123/><D123/><U76/><E76/><V17/><F17/><W133/><G99/><T135/><D111/><U121/><E121/><V119/><F119/><W13/><G133/><T100/><D135/><U58/><E72/><AGARI ba="0,1" hai="19,22,27,43,47,50,56,62,67,72,79,81,108,110" machi="72" ten="30,2000,0" yaku="1,1,7,1,53,0" doraHai="64" doraHaiUra="134" who="2" fromWho="1" sc="119,0,264,-20,230,30,377,0" /><INIT seed="5,0,0,5,0,93" ten="119,244,260,377" oya="1" hai0="72,35,52,61,2,25,124,20,119,24,114,116,14" hai1="100,8,130,80,104,22,51,30,109,75,84,6,125" hai2="97,63,0,120,49,64,86,133,122,112,33,94,117" hai3="132,77,41,65,110,57,32,85,28,66,82,46,113"/><U106/><E75/><V96/><F33/><W115/><G110/><T12/><D72/><U19/><E109/><V43/><F0/><W34/><G132/><T91/><D2/><U39/><E39/><V27/><F117/><W7/><G7/><T102/><D35/><U37/><E37/><V81/><F27/><W87/><G87/><T47/><D25/><U69/><E69/><V15/><F112/><N who="3" m="43083" /><G57/><T10/><D114/><U5/><E30/><V59/><F133/><W89/><G77/><T26/><D26/><U74/><E74/><V16/><F94/><W4/><G4/><T50/><D124/><U111/><E111/><V131/><F131/><W9/><G9/><T128/><D128/><U121/><E121/><V62/><F62/><W11/><G11/><T129/><D129/><U101/><E125/><V40/><F122/><W79/><G79/><T36/><D36/><U48/><E130/><V90/><F120/><W60/><G60/><T99/><D91/><U73/><E73/><V70/><F70/><W67/><G28/><T3/><D3/><U54/><E6/><V76/><F76/><W105/><G105/><T42/><D61/><U83/><E5/><V108/><F108/><W107/><G107/><T56/><D119/><U135/><E8/><N who="2" m="6247" /><F49/><AGARI ba="0,0" hai="32,34,41,46,49,65,66,67,82,85,89" m="43083" machi="49" ten="30,1000,0" yaku="15,1" doraHai="93" who="3" fromWho="2" sc="119,0,244,0,260,-10,377,10" /><INIT seed="6,0,0,2,5,41" ten="119,244,250,387" oya="2" hai0="87,131,17,53,52,35,8,106,69,25,23,46,115" hai1="60,1,132,81,14,73,16,70,94,109,48,104,34" hai2="93,5,114,47,50,39,62,118,9,15,2,49,38" hai3="90,113,135,120,11,83,68,108,37,84,116,98,91"/><V63/><F118/><W20/><G68/><T28/><D69/><U110/><E104/><V61/><F114/><W27/><G37/><T103/><D115/><U3/><E34/><V12/><F50/><W102/><G113/><T19/><D131/><U22/><E132/><V124/><F124/><W45/><G108/><T76/><D103/><U125/><E125/><V105/><F105/><W26/><G120/><T95/><D106/><U130/><E130/><V29/><F29/><W127/><G127/><T129/><D129/><U107/><E107/><V79/><F79/><W75/><G75/><T6/><D19/><U122/><E122/><V54/><REACH who="2" step="1"/><F93/><REACH who="2" ten="119,244,240,387" step="2"/><W128/><G116/><T36/><D95/><U123/><E123/><V0/><F0/><W126/><G126/><T82/><D28/><U43/><E1/><V59/><F59/><W65/><G135/><T55/><D35/><U85/><E3/><V51/><F51/><W31/><G128/><T119/><D119/><U117/><E117/><V30/><F30/><W134/><G134/><T74/><D36/><AGARI ba="0,1" hai="2,5,9,12,15,36,38,39,47,49,54,61,62,63" machi="36" ten="40,3900,0" yaku="1,1,52,1,53,0" doraHai="41" doraHaiUra="121" who="2" fromWho="0" sc="119,-39,244,0,240,49,387,0" /><INIT seed="6,1,0,3,2,103" ten="80,244,289,387" oya="2" hai0="27,23,4,15,93,88,109,21,22,65,37,129,8" hai1="101,118,17,127,135,7,90,11,96,131,43,51,44" hai2="13,99,113,87,36,35,29,5,39,10,110,50,107" hai3="73,60,91,62,111,120,54,94,95,78,16,81,134"/><V28/><F113/><W24/><G120/><T116/><D37/><U74/><E118/><V31/><F35/><W52/><G111/><T100/><D109/><U115/><E74/><V71/><F110/><W70/><G134/><T98/><D116/><U1/><E115/><V33/><F33/><W122/><G122/><T126/><D129/><U46/><E135/><V61/><F87/><W38/><G38/><T133/><D126/><U124/><E131/><V47/><F39/><W121/><G121/><T97/><D133/><U105/><E90/><V72/><F36/><W117/><G117/><T125/><D125/><U80/><E44/><V106/><F99/><W59/><G95/><T6/><D65/><U69/><E69/><V85/><F85/><W9/><G70/><T2/><D2/><U82/><E124/><V18/><F72/><W75/><G75/><T130/><D130/><U102/><E127/><V56/><F71/><W86/><G9/><T55/><D55/><U104/><E17/><V119/><F119/><W79/><G79/><T20/><D4/><U25/><E25/><V32/><F32/><W89/><G89/><T132/><D132/><U12/><E1/><V108/><F108/><W26/><G16/><T53/><D53/><U58/><E58/><AGARI ba="1,0" hai="24,26,52,54,58,59,60,62,73,78,81,86,91,94" machi="58" ten="40,2600,0" yaku="9,1,54,1" doraHai="103" who="3" fromWho="1" sc="80,0,244,-29,289,0,387,29" /><INIT seed="7,0,0,1,1,110" ten="80,215,289,416" oya="3" hai0="102,41,45,92,48,59,93,71,23,44,119,131,1" hai1="18,50,121,108,88,42,104,20,58,11,94,13,55" hai2="62,43,14,27,124,85,97,21,38,22,89,68,37" hai3="127,29,126,4,46,123,3,10,19,9,118,79,69"/><W129/><G69/><T64/><D1/><U53/><E108/><V78/><F124/><W66/><G66/><T35/><D35/><U114/><E104/><V83/><F43/><W33/><G118/><T116/><D23/><U67/><E121/><V133/><F133/><W101/><G129/><T80/><D80/><U103/><E103/><V132/><F22/><W107/><G79/><T120/><D102/><U57/><E114/><V63/><F97/><N who="3" m="61871" /><G123/><T47/><D93/><U54/><E11/><V134/><F89/><W24/><G46/><T28/><D28/><U84/><E42/><V61/><F68/><W72/><G10/><T7/><D92/><U60/><AGARI ba="0,0" hai="13,18,20,50,53,54,55,57,58,60,67,84,88,94" machi="60" ten="30,8000,1" yaku="0,1,25,2,8,1,54,1" doraHai="110" who="1" fromWho="1" sc="80,-20,215,80,289,-20,416,-40" owari="60,-44.0,295,10.0,269,-13.0,376,47.0" /></mjloggm>