<mjloggm ver="2.3"><GO type="41" lobby="0"/><UN n0="%76%68%69%73%61%76" n1="%E5%B0%B1%E6%B4%BB%E7%94%9F%40%E5%B7%9D%E6%9D%91%E8%BB%8D%E5%9B%A3" n2="%E7%99%BE%E8%88%8C%E9%B3%A5%E5%89%B5" n3="%73%75%6E%61%30%30%30" dan="13,15,13,14" rate="1923.99,1989.67,1932.77,1945.22" sx="M,M,M,M"/><TAIKYOKU oya="0"/><INIT seed="0,0,0,0,2,28" ten="250,250,250,250" oya="0" hai0="84,44,113,79,97,115,43,126,71,119,9,117,76" hai1="68,60,118,82,62,74,121,53,8,125,107,109,101" hai2="1,32,81,83,65,37,30,57,29,106,34,98,120" hai3="73,40,47,0,90,69,33,56,86,91,46,130,45"/><T114/><D71/><U6/><E118/><V36/><F120/><W133/><G69/><T13/><D126/><U7/><E121/><V131/><F1/><W103/><G73/><T11/><D97/><U95/><E109/><V61/><F131/><W66/><G33/><T102/><D102/><U127/><E107/><V88/><F106/><W96/><G0/><T99/><D99/><U42/><E42/><V12/><F12/><W31/><G31/><T41/><D84/><U78/><E7/><V80/><F29/><W122/><G122/><T38/><D41/><U27/><E27/><V124/><F30/><W15/><G130/><T48/><D38/><U23/><E23/><V55/><F124/><N who="1" m="47689" /><E53/><V10/><F10/><W4/><G133/><T77/><REACH who="0" step="1"/><D13/><REACH who="0" ten="240,250,250,250" step="2"/><N who="1" m="5271" /><E68/><V129/><F129/><W20/><G103/><T35/><D35/><U49/><E101/><V64/><F36/><W104/><G96/><T72/><D72/><U94/><E94/><V2/><F37/><W5/><G104/><T132/><D132/><U18/><E95/><V92/><F2/><W85/><G86/><T16/><D16/><U21/><E18/><V39/><F39/><W93/><G40/><T63/><D63/><N who="1" m="24107" /><E49/><V105/><F105/><W111/><G85/><T110/><D110/><U100/><E100/><V128/><F128/><W134/><G111/><T26/><D26/><U59/><E21/><V17/><F17/><W116/><G20/><T25/><D25/><U19/><E19/><V52/><F65/><W75/><G134/><T89/><D89/><U112/><E112/><V51/><F64/><RYUUKYOKU ba="0,1" sc="240,10,250,10,250,10,250,-30" hai0="9,11,43,44,48,76,77,79,113,114,115,117,119" hai1="59,74,78,82" hai2="32,34,51,52,55,57,61,80,81,83,88,92,98" /><INIT seed="0,1,1,1,1,12" ten="250,260,260,220" oya="0" hai0="28,69,29,62,134,9,120,124,53,104,111,112,14" hai1="71,91,122,18,89,19,95,51,103,66,44,22,54" hai2="83,23,30,34,41,61,85,132,123,3,109,93,67" hai3="92,36,57,77,16,56,127,5,121,27,87,86,81"/><T32/><D120/><U75/><E122/><V43/><F123/><W49/><G36/><T73/><D112/><U118/><E75/><V105/><F3/><W40/><G121/><T80/><D124/><U99/><E118/><V64/><F105/><W94/><G5/><T63/><D134/><U58/><E71/><V129/><F132/><W101/><G127/><T55/><D104/><U115/><E115/><V68/><F129/><W0/><G0/><T7/><D111/><U82/><E82/><V26/><F109/><W13/><G27/><T48/><D69/><U21/><E66/><V107/><F107/><W37/><G37/><T20/><D32/><U98/><E44/><V130/><F130/><W72/><G72/><T126/><D126/><U74/><E74/><V31/><F67/><W25/><G25/><T117/><D117/><U38/><E38/><V114/><F114/><W131/><G131/><T17/><D73/><U88/><E99/><V8/><F8/><W2/><G2/><T65/><D65/><U1/><E1/><V24/><F93/><W52/><G40/><T45/><D80/><U42/><E42/><V60/><F60/><N who="0" m="23082" /><D55/><U78/><E78/><AGARI ba="1,1" hai="23,24,26,30,31,34,41,43,61,64,68,78,83,85" machi="78" ten="30,1000,0" yaku="7,1" doraHai="12" who="2" fromWho="1" sc="250,0,260,-13,260,23,220,0" /><INIT seed="1,0,0,5,0,88" ten="250,247,283,220" oya="1" hai0="18,50,13,110,82,135,113,120,132,44,86,121,81" hai1="126,94,25,46,7,98,108,79,57,112,16,19,131" hai2="128,32,10,9,3,106,125,6,49,24,22,95,61" hai3="27,91,111,62,124,26,30,115,52,130,11,78,84"/><U96/><E112/><V72/><F72/><W31/><G115/><T40/><D113/><U28/><E126/><V64/><F106/><W92/><G124/><T12/><D110/><U74/><E74/><V101/><F125/><W103/><G111/><T107/><D107/><U5/><E108/><V17/><F128/><W100/><G130/><T39/><D39/><U134/><E131/><V42/><F10/><W122/><G11/><T63/><D63/><U56/><E79/><V47/><F32/><W105/><G122/><T60/><D60/><U133/><E46/><V14/><F3/><W4/><G4/><N who="1" m="1610" /><E96/><V70/><F101/><W117/><G117/><T99/><D99/><U85/><E85/><V2/><F2/><W109/><G109/><T66/><D66/><U75/><E75/><V55/><REACH who="2" step="1"/><F95/><REACH who="2" ten="250,247,273,220" step="2"/><W90/><G105/><T116/><D116/><U127/><E127/><V97/><F97/><W69/><G103/><T54/><D81/><U123/><E123/><V33/><F33/><W20/><G100/><T58/><D121/><U48/><E134/><N who="0" m="51241" /><D120/><U102/><E133/><V83/><F83/><W36/><G92/><T35/><D35/><U76/><E76/><V0/><F0/><W8/><G78/><N who="0" m="46423" /><D18/><N who="1" m="6699" /><E48/><V37/><F37/><W43/><G36/><T59/><D50/><U89/><E102/><V114/><F114/><W71/><G91/><T68/><D13/><U1/><E1/><V23/><F23/><AGARI ba="0,1" hai="23,25,28,56,57,89,94,98" m="6699,1610" machi="23" ten="30,5800,0" yaku="8,1,52,1,54,1" doraHai="88" who="1" fromWho="2" sc="250,0,247,68,273,-58,220,0" /><INIT seed="1,1,0,2,4,78" ten="250,315,215,220" oya="1" hai0="77,28,25,35,79,66,63,34,56,92,10,120,36" hai1="45,3,61,94,50,65,96,85,43,1,6,117,112" hai2="16,72,26,17,22,37,69,41,18,126,83,33,30" hai3="8,105,123,64,124,11,12,60,127,47,39,15,29"/><U7/><E117/><V19/><F69/><W9/><G105/><T52/><D36/><U93/><E112/><V102/><F102/><W99/><G123/><T48/><D120/><U24/><E3/><V2/><F41/><W135/><G29/><T110/><D110/><U58/><E1/><V103/><F37/><W121/><G121/><T87/><D35/><U97/><E85/><V134/><F103/><W32/><G32/><T82/><D92/><U91/><REACH who="1" step="1"/><E24/><REACH who="1" ten="250,305,215,220" step="2"/><V73/><F2/><W108/><G108/><T118/><D118/><U84/><E84/><V132/><F126/><W49/><G99/><T111/><D111/><U5/><E5/><V70/><F70/><W101/><G127/><T31/><D28/><U42/><E42/><V27/><REACH who="2" step="1"/><F83/><REACH who="2" ten="250,305,205,220" step="2"/><W109/><G124/><T44/><REACH who="0" step="1"/><D10/><REACH who="0" ten="240,305,205,220" step="2"/><U62/><E62/><V129/><F129/><W51/><G109/><T80/><D80/><U74/><E74/><AGARI ba="1,3" hai="16,17,18,19,22,26,27,30,33,72,73,74,132,134" machi="74" ten="40,2600,0" yaku="1,1,54,1,53,0" doraHai="78" doraHaiUra="125" who="2" fromWho="1" sc="240,0,305,-29,205,59,220,0" /><INIT seed="2,0,0,4,5,34" ten="240,276,264,220" oya="2" hai0="122,26,64,41,51,47,36,65,60,48,74,39,100" hai1="90,103,125,105,56,99,3,8,135,127,116,55,92" hai2="45,96,38,124,80,112,130,19,1,113,57,21,86" hai3="44,63,43,62,22,73,82,49,129,83,46,97,33"/><V126/><F1/><W70/><G33/><T18/><D74/><U95/><E116/><V32/><F32/><W78/><G129/><T66/><D100/><U31/><E135/><V23/><F130/><W107/><G83/><T111/><D26/><U68/><E31/><V81/><F96/><W54/><G70/><T42/><D122/><U0/><E68/><V13/><F57/><W84/><G73/><T50/><D18/><U59/><E59/><V87/><F45/><W17/><G97/><T2/><D2/><N who="1" m="555" /><E8/><V14/><REACH who="2" step="1"/><F19/><REACH who="2" ten="240,276,254,220" step="2"/><W28/><G28/><T37/><D111/><U24/><E99/><V71/><F71/><W11/><G107/><T98/><D98/><U128/><E105/><V109/><F109/><W115/><G115/><T117/><D117/><U12/><E128/><V118/><F118/><W93/><G63/><T6/><D6/><U77/><E56/><V108/><F108/><W10/><G62/><T102/><D102/><U123/><E103/><V91/><F91/><W67/><G67/><N who="0" m="25675" /><D47/><U4/><E90/><V121/><F121/><W106/><G106/><T61/><D60/><U58/><E123/><V69/><F69/><AGARI ba="0,1" hai="36,37,39,41,42,48,50,51,61,66,69" m="25675" machi="69" ten="40,8000,1" yaku="35,5" doraHai="34" who="0" fromWho="2" sc="240,90,276,0,254,-80,220,0" /><INIT seed="3,0,0,0,5,33" ten="330,276,174,220" oya="3" hai0="57,74,101,73,105,128,65,60,32,97,95,104,12" hai1="87,31,53,25,91,20,79,24,125,115,35,66,132" hai2="5,42,102,63,131,29,72,106,13,22,48,26,110" hai3="27,103,41,3,100,88,70,46,111,62,52,135,82"/><W98/><G135/><T37/><D37/><U89/><E115/><V7/><F72/><W68/><G111/><T34/><D128/><U54/><E132/><V36/><F131/><W123/><G123/><T4/><D4/><U108/><E108/><V85/><F110/><W6/><G27/><T58/><D12/><U78/><E125/><V96/><F36/><W11/><G70/><N who="0" m="42279" /><D95/><U44/><E66/><V80/><F63/><W50/><G68/><T133/><D58/><U121/><E91/><V71/><F71/><W43/><G62/><T55/><D105/><U112/><E112/><V9/><F42/><W10/><G10/><T0/><D133/><U45/><E121/><V122/><F48/><W126/><G126/><T76/><D55/><N who="1" m="21003" /><E25/><V56/><F56/><W119/><G119/><T93/><D57/><U117/><E117/><V90/><REACH who="2" step="1"/><F122/><REACH who="2" ten="330,276,164,220" step="2"/><W59/><G59/><T39/><D39/><U86/><E45/><V14/><F14/><W134/><G134/><T51/><D51/><U113/><E44/><V94/><F94/><W84/><G103/><T8/><D93/><AGARI ba="0,1" hai="3,6,11,41,43,46,50,52,82,84,88,93,98,100" machi="93" ten="30,11600,0" yaku="7,1,52,1,54,2" doraHai="33" who="3" fromWho="0" sc="330,-116,276,0,164,0,220,126" /><INIT seed="3,1,0,0,1,42" ten="214,276,164,346" oya="3" hai0="22,65,66,21,98,101,100,134,131,77,104,10,97" hai1="35,123,106,86,20,82,27,51,16,85,25,52,48" hai2="2,107,64,68,127,3,50,34,11,53,47,110,117" hai3="63,75,94,124,26,116,120,129,46,119,37,36,132"/><W17/><G120/><T61/><D131/><U56/><E106/><V24/><F117/><W133/><G75/><T32/><D32/><U28/><E123/><V59/><F110/><W102/><G129/><T30/><D134/><N who="3" m="51817" /><G124/><T7/><D77/><U130/><E130/><V105/><F127/><W23/><G63/><T83/><D83/><U114/><E114/><V54/><F11/><W69/><G69/><T45/><D45/><U43/><E43/><V103/><F59/><W93/><G102/><T29/><D66/><U87/><REACH who="1" step="1"/><E48/><REACH who="1" ten="214,266,164,346" step="2"/><V95/><F107/><W112/><G112/><T109/><D109/><U115/><E115/><V122/><F122/><W14/><G116/><T71/><D30/><U8/><E8/><V12/><F105/><W108/><G119/><T81/><D29/><U0/><E0/><V121/><F2/><W91/><G108/><T128/><D128/><U111/><E111/><V19/><F3/><W5/><G37/><T135/><D135/><U6/><E6/><V44/><F121/><W31/><G5/><T84/><D104/><U33/><E33/><V99/><F34/><W113/><G113/><T78/><D7/><U125/><E125/><V18/><F24/><W13/><G36/><T67/><D10/><U80/><AGARI ba="1,1" hai="16,20,25,27,28,35,51,52,56,80,82,85,86,87" machi="80" ten="30,7900,0" yaku="1,1,0,1,54,2,53,0" doraHai="42" doraHaiUra="9" who="1" fromWho="1" sc="214,-21,266,92,164,-21,346,-40" /><INIT seed="4,0,0,3,1,47" ten="193,358,143,306" oya="0" hai0="60,86,88,50,34,95,36,52,92,19,72,24,109" hai1="55,54,81,40,10,98,107,75,22,67,79,97,5" hai2="114,133,42,93,26,17,41,16,70,73,85,71,20" hai3="131,38,127,103,115,65,122,58,48,102,21,110,90"/><T108/><D72/><U128/><E128/><V121/><F73/><W78/><G38/><T118/><D118/><U129/><E129/><V94/><F121/><W12/><G131/><T113/><D36/><U59/><E67/><V45/><F114/><W57/><G115/><T130/><D130/><U4/><E4/><V51/><F133/><W91/><G110/><N who="0" m="42603" /><D60/><U116/><E116/><V80/><F70/><W111/><G111/><T62/><D62/><U125/><E125/><V18/><F71/><W35/><G35/><T1/><D1/><U6/><E6/><V61/><F61/><W53/><G127/><T8/><D113/><U56/><E40/><V112/><F112/><W69/><G69/><T11/><D92/><N who="2" m="35434" /><F41/><W29/><G78/><AGARI ba="0,0" hai="16,17,18,20,26,42,45,51,78,80,85" m="35434" machi="78" ten="30,3900,0" yaku="8,1,52,1,54,1" doraHai="47" who="2" fromWho="3" sc="193,0,358,0,143,39,306,-39" /><INIT seed="5,0,0,0,1,133" ten="193,358,182,267" oya="1" hai0="93,134,15,110,8,108,46,84,35,31,26,16,25" hai1="52,81,87,47,113,51,116,49,128,6,111,20,11" hai2="91,23,33,73,99,96,127,61,89,104,54,21,125" hai3="100,56,29,92,36,124,39,57,105,28,94,17,71"/><U37/><E116/><V50/><F73/><W82/><G71/><T130/><D134/><U107/><E111/><V70/><F33/><W126/><G82/><T58/><D130/><U53/><E37/><V44/><F104/><W68/><G68/><T77/><D58/><N who="3" m="22633" /><G17/><T7/><D46/><U117/><E128/><V74/><F74/><W120/><G100/><T86/><D93/><N who="3" m="35945" /><G105/><T106/><D106/><U14/><E107/><V79/><F79/><W1/><G1/><N who="0" m="111" /><D84/><U10/><E113/><V64/><F99/><W62/><G62/><T135/><D86/><U24/><E117/><V109/><F109/><N who="0" m="42090" /><D77/><N who="1" m="46511" /><E11/><V119/><F119/><W63/><G63/><T59/><D59/><U72/><E72/><V90/><REACH who="2" step="1"/><F96/><REACH who="2" ten="193,358,172,267" step="2"/><W43/><G120/><T95/><D135/><U75/><E75/><V13/><F13/><W83/><G83/><T101/><D101/><U3/><E3/><V32/><F32/><W22/><G22/><AGARI ba="0,1" hai="21,22,23,44,50,54,61,64,70,89,90,91,125,127" machi="22" ten="40,12000,2" yaku="1,1,52,2,53,3" doraHai="133" doraHaiUra="19" who="2" fromWho="3" sc="193,0,358,0,172,130,267,-120" /><INIT seed="6,0,0,1,4,41" ten="193,358,302,147" oya="2" hai0="40,85,93,92,66,87,113,56,76,67,34,68,46" hai1="44,17,88,105,72,125,124,24,33,51,14,115,106" hai2="28,49,13,32,83,116,57,10,99,60,37,19,84" hai3="36,20,134,102,128,78,91,71,18,35,54,127,135"/><V16/><F37/><W131/><G35/><T22/><D34/><U47/><E72/><V126/><F116/><W98/><G71/><T119/><D119/><U70/><E115/><V117/><F117/><W133/><G36/><T6/><D6/><U129/><E70/><V130/><F130/><N who="3" m="49707" /><G78/><T110/><D110/><U9/><E129/><V39/><F39/><W112/><G91/><T62/><D113/><U3/><E3/><V23/><F126/><N who="1" m="48745" /><E88/><V38/><F38/><W121/><G127/><T77/><D67/><U61/><E61/><V111/><F111/><W26/><G54/><T97/><D68/><U63/><E63/><V55/><F28/><W4/><G112/><T101/><D22/><N who="1" m="13391" /><E33/><V7/><F32/><W81/><G81/><T50/><D87/><U74/><E74/><V118/><F99/><W43/><G43/><T94/><REACH who="0" step="1"/><D85/><REACH who="0" ten="183,358,302,147" step="2"/><U104/><E51/><V52/><F118/><W107/><G4/><AGARI ba="0,1" hai="4,9,14,44,47,104,105,106" m="13391,48745" machi="4" ten="40,5200,0" yaku="18,1,52,2" doraHai="41" who="1" fromWho="3" sc="183,0,358,62,302,0,147,-52" /><INIT seed="7,0,0,3,3,95" ten="183,420,302,95" oya="3" hai0="24,135,15,115,98,83,10,125,72,46,3,62,134" hai1="84,51,66,55,114,47,127,7,108,37,42,79,49" hai2="76,78,14,102,100,1,121,116,67,105,119,74,26" hai3="33,107,86,101,30,32,18,106,80,85,92,89,8"/><W112/><G112/><T44/><D115/><U28/><E114/><V126/><F1/><W19/><G106/><T129/><D129/><U113/><E108/><V34/><F14/><W45/><G107/><T122/><D122/><U61/><E7/><V71/><F121/><W120/><G101/><T31/><D125/><U60/><E28/><V23/><F23/><W93/><G120/><T27/><D3/><U57/><E113/><V82/><F76/><W73/><G73/><T111/><D111/><U12/><E12/><V59/><F59/><W68/><G68/><T132/><D62/><U11/><E11/><V110/><F110/><W133/><G133/><T41/><D98/><U131/><E131/><V17/><F17/><W13/><G19/><N who="0" m="8695" /><D41/><U39/><E127/><V52/><F52/><W58/><G45/><N who="0" m="17515" /><D31/><U43/><E84/><V91/><F91/><W81/><G58/><T25/><D83/><U63/><E79/><V118/><F102/><W96/><G81/><T22/><D22/><U97/><E97/><V77/><F77/><W109/><G109/><T123/><D123/><U56/><E42/><V4/><F4/><W20/><G30/><T90/><D90/><U70/><E61/><V36/><F126/><W65/><G65/><AGARI ba="0,0" hai="37,39,43,47,49,51,55,56,57,60,63,65,66,70" machi="65" ten="30,12000,2" yaku="7,1,35,6" doraHai="95" who="1" fromWho="3" sc="183,0,420,120,302,0,95,-120" owari="183,-22.0,540,65.0,302,10.0,-25,-53.0" /></mjloggm>