<mjloggm ver="2.3"><GO type="169" lobby="0"/><UN n0="%E7%8A%AC%E4%BE%8D" n1="%E3%82%A6%E3%83%AB%E3%83%88%E3%83%A9%E7%AB%8B%E7%9B%B4" n2="%E3%81%8B%E3%81%AB%E3%83%9E%E3%82%B8%E3%83%B3" n3="%66%72%65%65%7A%65%37" dan="16,17,18,16" rate="2131.08,2143.82,2222.57,2129.48" sx="M,M,M,M"/><TAIKYOKU oya="0"/><INIT seed="0,0,0,3,2,55" ten="250,250,250,250" oya="0" hai0="105,88,23,73,113,14,109,134,95,67,7,5,96" hai1="1,116,93,38,86,66,108,114,56,35,45,28,89" hai2="47,77,110,34,131,43,115,33,16,81,50,20,122" hai3="44,92,40,120,83,117,49,52,125,21,98,71,12"/><T79/><D113/><U126/><E1/><V104/><F122/><W30/><G117/><T74/><D105/><U59/><E116/><V13/><F115/><W102/><G120/><T129/><D134/><U19/><E108/><V124/><F104/><W3/><G3/><T58/><D109/><U60/><E114/><V91/><F110/><W76/><G71/><T41/><D129/><U51/><E126/><V61/><F131/><W80/><G125/><T42/><D74/><U68/><E38/><V15/><F124/><W63/><G76/><T103/><D103/><U31/><E19/><V2/><F2/><W8/><G21/><T84/><D73/><U75/><E75/><V37/><F91/><W123/><G30/><T29/><D96/><U118/><E118/><V65/><F13/><W18/><REACH who="3" step="1"/><G123/><REACH who="3" ten="250,250,250,240" step="2"/><T62/><D79/><U133/><E133/><V72/><F37/><W27/><G27/><N who="0" m="16639" /><D14/><U69/><E69/><AGARI ba="0,1" hai="15,16,20,33,34,43,47,50,61,65,69,72,77,81" machi="69" ten="30,2000,0" yaku="7,1,54,1" doraHai="55" who="2" fromWho="1" sc="250,0,250,-20,250,30,240,0" /><INIT seed="1,0,0,0,2,80" ten="250,230,280,240" oya="1" hai0="107,40,2,110,108,48,70,71,102,35,9,4,52" hai1="31,41,50,5,112,27,122,113,73,126,131,18,121" hai2="51,7,117,22,43,46,101,19,28,45,111,93,109" hai3="130,57,67,95,82,90,58,65,123,116,25,1,79"/><U134/><E73/><V89/><F117/><W56/><G123/><N who="1" m="47114" /><E50/><V84/><F7/><W115/><G115/><N who="1" m="44106" /><E41/><V97/><F28/><W99/><G1/><T53/><D35/><N who="1" m="20991" /><E126/><V87/><F46/><W132/><G116/><T61/><D40/><U133/><E5/><V68/><F68/><N who="0" m="26154" /><D61/><U55/><E55/><V92/><REACH who="2" step="1"/><F87/><REACH who="2" ten="250,230,270,240" step="2"/><N who="3" m="48607" /><G130/><T42/><D4/><U86/><E131/><V77/><F77/><W114/><G114/><T76/><D76/><U127/><E86/><V21/><F21/><W62/><G132/><N who="1" m="50794" /><E127/><V66/><F66/><N who="3" m="25099" /><G25/><AGARI ba="0,1" hai="19,22,25,43,45,51,84,89,92,93,97,101,109,111" machi="25" ten="40,2600,0" yaku="1,1,52,1,53,0" doraHai="80" doraHaiUra="135" who="2" fromWho="3" sc="250,0,230,0,270,36,240,-26" /><INIT seed="2,0,0,0,5,107" ten="250,230,306,214" oya="2" hai0="9,70,12,2,83,104,120,90,14,53,39,69,52" hai1="23,58,57,85,113,110,76,112,3,87,95,49,65" hai2="13,78,5,77,118,105,63,108,31,6,134,4,80" hai3="45,116,75,128,50,135,121,74,19,67,40,124,98"/><V32/><F118/><W119/><G121/><T38/><D120/><U133/><E3/><V25/><F105/><W91/><G135/><T17/><D104/><U22/><E76/><V46/><F134/><W1/><G128/><T101/><D101/><U28/><E133/><V37/><F78/><W106/><G124/><T30/><D30/><U96/><E110/><V60/><F108/><W33/><G33/><T115/><D2/><U35/><E35/><V8/><F46/><W66/><G1/><T64/><D115/><U68/><E68/><V15/><F37/><W126/><G126/><T102/><D102/><U47/><E113/><V11/><REACH who="2" step="1"/><F4/><REACH who="2" ten="250,230,296,214" step="2"/><W18/><G119/><T36/><D36/><U0/><E47/><V72/><AGARI ba="0,1" hai="5,6,8,11,13,15,25,31,32,60,63,72,77,80" machi="72" ten="20,18000,2" yaku="1,1,2,1,0,1,7,1,9,1,52,1,53,0" doraHai="107" doraHaiUra="131" who="2" fromWho="2" sc="250,-60,230,-60,296,190,214,-60" /><INIT seed="2,1,0,2,4,26" ten="190,170,486,154" oya="2" hai0="52,3,64,42,22,50,115,133,6,31,4,127,57" hai1="74,88,49,103,89,77,58,81,34,55,96,98,48" hai2="29,129,85,66,12,69,70,5,53,20,116,100,106" hai3="79,118,30,86,119,120,113,101,132,37,39,110,59"/><V1/><F116/><W73/><G120/><T105/><D115/><U112/><E112/><V90/><F129/><W33/><G113/><T0/><D105/><U78/><E34/><V40/><F40/><W2/><G2/><T41/><D127/><U117/><E117/><V72/><F72/><W76/><G110/><T114/><D133/><U56/><E78/><V75/><F75/><W122/><G122/><T135/><D135/><U121/><E121/><V11/><F66/><W35/><G73/><T71/><D3/><U93/><E96/><V131/><F131/><W68/><G68/><T65/><D0/><U9/><E9/><V36/><F36/><W128/><G128/><T104/><D104/><U17/><E17/><V7/><F7/><N who="0" m="2602" /><D71/><U10/><E10/><V21/><F21/><W108/><G108/><T14/><D114/><U45/><REACH who="1" step="1"/><E58/><REACH who="1" ten="190,160,486,154" step="2"/><V23/><F70/><W94/><G35/><T60/><D57/><U38/><E38/><V28/><F69/><W87/><G33/><T130/><D130/><U95/><E95/><V13/><F106/><W46/><G39/><T16/><D16/><U24/><E24/><V107/><F107/><W25/><G37/><T125/><D125/><U32/><E32/><V91/><F1/><W109/><G109/><T44/><D14/><U102/><E102/><V83/><F100/><W47/><G119/><T43/><D22/><N who="2" m="8234" /><F12/><W111/><G111/><T67/><D60/><U63/><E63/><V51/><F91/><W126/><G118/><T62/><D62/><U124/><E124/><V82/><F83/><W99/><G126/><RYUUKYOKU type="nm" ba="1,1" sc="190,-20,160,-20,486,-40,154,80" hai0="31,41,42,43,44,50,52,64,65,67" hai1="45,48,49,55,56,74,77,81,88,89,93,98,103" hai2="5,11,13,28,29,51,53,82,85,90" /><INIT seed="2,2,1,0,1,72" ten="170,140,446,234" oya="2" hai0="45,117,8,64,73,59,131,31,129,21,51,66,36" hai1="57,85,56,86,50,75,103,112,52,108,34,91,63" hai2="114,88,71,53,47,135,35,105,61,109,134,126,100" hai3="90,96,107,127,4,84,17,33,38,111,39,110,43"/><V77/><F114/><W26/><G127/><T25/><D36/><U37/><E37/><V78/><F35/><W60/><G4/><T62/><D117/><U118/><E75/><V69/><F126/><W32/><G60/><T93/><D73/><U98/><E34/><V22/><F109/><N who="3" m="41483" /><G43/><N who="0" m="25023" /><D8/><U11/><E108/><V87/><F22/><N who="3" m="13647" /><G96/><T123/><D123/><U24/><E118/><V29/><F29/><W27/><G107/><T54/><D93/><U23/><E11/><V99/><F69/><W28/><G33/><T101/><D101/><U67/><E91/><V106/><F106/><W13/><G13/><T12/><D12/><U76/><E76/><V97/><F97/><W6/><G6/><T10/><D10/><U3/><E3/><V19/><F19/><W124/><G124/><T42/><D42/><U16/><REACH who="1" step="1"/><E112/><REACH who="1" ten="170,130,446,234" step="2"/><V30/><F77/><W70/><G70/><T89/><D89/><U121/><E121/><V122/><F78/><W2/><G2/><T0/><D0/><U55/><E55/><V18/><F122/><W40/><G40/><T14/><D54/><U104/><AGARI ba="2,2" hai="16,23,24,50,52,56,57,63,67,85,86,98,103,104" machi="104" ten="20,8000,1" yaku="1,1,0,1,7,1,54,2,53,0" doraHai="72" doraHaiUra="41" who="1" fromWho="1" sc="170,-22,130,106,446,-42,234,-22" /><INIT seed="3,0,0,1,5,67" ten="148,236,404,212" oya="3" hai0="96,131,47,115,44,127,55,1,59,58,61,0,126" hai1="94,63,27,128,32,111,120,78,110,51,130,124,50" hai2="18,71,16,114,74,83,53,40,109,108,122,81,75" hai3="135,132,79,42,69,72,104,92,54,82,134,38,35"/><W103/><G35/><T87/><D96/><U17/><E120/><V113/><F40/><W15/><G15/><T118/><D118/><U107/><E107/><V102/><F102/><W11/><G11/><T25/><D131/><U112/><E112/><V76/><F53/><W57/><G104/><T105/><D105/><U129/><E78/><V93/><F93/><W10/><G10/><T43/><D115/><U116/><E116/><V106/><F106/><W3/><G3/><T37/><D47/><U86/><E63/><V5/><F5/><W80/><G80/><T46/><D46/><U119/><E119/><V65/><F76/><W30/><G30/><T95/><D25/><U23/><E32/><V90/><F90/><W8/><G8/><T29/><D29/><U98/><E86/><V84/><F84/><W26/><G26/><T121/><D121/><U13/><E27/><V70/><F65/><W39/><G69/><T33/><D33/><U133/><E94/><V9/><F9/><W101/><G42/><T28/><D28/><U117/><E98/><V77/><F77/><W88/><G103/><T4/><D4/><U48/><E117/><V91/><F91/><W60/><G101/><T52/><D1/><U24/><E124/><N who="0" m="47657" /><D0/><U62/><E133/><V2/><F2/><W6/><G6/><T7/><D7/><U12/><E62/><V66/><F66/><W73/><G73/><T34/><D34/><U14/><AGARI ba="0,0" hai="12,13,14,17,23,24,48,50,51,110,111,128,129,130" machi="14" ten="40,8000,1" yaku="0,1,29,2,19,1" doraHai="67" who="1" fromWho="1" sc="148,-20,236,80,404,-20,212,-40" /><INIT seed="4,0,0,2,0,40" ten="128,316,384,172" oya="0" hai0="98,20,44,8,49,120,123,125,48,34,119,32,95" hai1="13,62,67,15,85,38,46,53,110,54,29,77,14" hai2="27,16,127,37,68,58,35,42,128,106,93,78,25" hai3="11,12,71,99,88,97,82,112,81,43,64,6,121"/><T17/><D119/><U92/><E110/><V18/><F106/><W9/><G112/><T131/><D125/><U30/><E77/><V107/><F107/><W103/><G121/><T57/><D131/><U24/><E92/><V114/><F68/><W79/><G43/><T2/><D2/><U28/><E85/><V21/><F114/><W126/><G126/><T55/><D8/><U109/><E109/><V47/><F128/><W102/><G71/><T41/><D123/><U50/><E38/><V117/><F127/><W89/><G64/><T69/><D69/><U19/><E19/><V63/><F78/><W73/><G9/><T60/><D120/><U61/><E67/><V66/><F93/><W33/><G33/><T124/><D124/><U80/><E80/><V31/><F117/><W132/><G132/><T87/><D60/><N who="1" m="23147" /><E24/><V56/><F56/><W108/><G108/><T83/><D83/><U104/><E104/><V96/><F96/><W72/><G12/><T0/><D0/><U5/><E5/><V113/><F113/><W10/><G6/><T23/><D87/><U115/><E115/><V105/><F105/><W130/><G79/><T52/><D41/><AGARI ba="0,0" hai="13,14,15,28,29,30,41,46,50,53,54" m="23147" machi="41" ten="30,2000,0" yaku="8,1,52,1" doraHai="40" who="1" fromWho="0" sc="128,-20,316,20,384,0,172,0" /><INIT seed="5,0,0,3,5,73" ten="108,336,384,172" oya="1" hai0="31,132,66,2,58,85,63,110,72,123,109,3,17" hai1="32,101,95,92,81,94,83,34,122,55,90,108,88" hai2="23,26,70,28,91,116,113,25,44,69,65,10,131" hai3="22,125,41,21,27,11,127,0,46,134,106,9,80"/><U64/><E122/><V48/><F116/><W89/><G106/><T12/><D72/><U107/><E64/><V5/><F131/><W68/><G68/><T104/><D104/><U57/><E108/><V29/><F113/><W45/><G134/><T115/><D115/><U119/><E119/><V77/><F91/><N who="1" m="34857" /><E32/><V98/><F98/><W61/><G61/><T33/><D132/><U6/><E34/><V56/><F56/><W82/><G89/><T93/><D123/><U15/><E107/><V19/><F77/><W71/><G71/><T121/><D121/><U130/><E130/><V105/><F105/><W37/><G27/><T42/><D93/><U60/><E101/><V133/><F133/><W76/><G0/><T67/><D67/><U79/><E79/><V124/><F124/><W30/><G30/><T118/><D118/><U52/><E55/><V78/><F78/><W59/><G76/><T103/><D103/><U35/><E35/><V20/><F19/><W120/><G120/><T102/><D85/><U39/><E39/><V114/><F65/><W54/><G54/><T117/><D102/><U38/><E38/><V87/><F87/><W50/><G37/><T4/><D117/><U129/><E129/><V47/><F114/><W16/><G41/><T75/><D42/><U74/><E74/><V13/><F47/><W24/><G59/><T126/><D75/><U112/><E112/><V51/><F44/><W96/><G96/><T43/><D43/><U7/><E7/><V14/><F5/><W53/><G53/><N who="0" m="34255" /><D4/><U128/><E128/><V1/><F1/><RYUUKYOKU ba="0,0" sc="108,-15,336,15,384,15,172,-15" hai1="6,15,52,57,60,81,83,92,94,95" hai2="10,13,14,20,23,25,26,28,29,48,51,69,70" /><INIT seed="5,1,0,3,5,100" ten="93,351,399,157" oya="1" hai0="53,12,7,118,43,119,49,31,128,91,36,132,47" hai1="90,56,24,27,41,8,11,122,28,89,103,96,9" hai2="61,42,23,110,66,32,46,59,101,95,114,78,16" hai3="62,13,106,129,111,51,45,76,125,113,115,5,104"/><U98/><E122/><V77/><F32/><W34/><G111/><T40/><D128/><U19/><E41/><V99/><F110/><W82/><G34/><T48/><D132/><U135/><E135/><V80/><F114/><N who="3" m="43531" /><G129/><T72/><D31/><U134/><E134/><V117/><F117/><W75/><G125/><T55/><D72/><U37/><E37/><V33/><F33/><W123/><G123/><T58/><D91/><N who="1" m="34827" /><E28/><V35/><F35/><W69/><G5/><T84/><D84/><U102/><E56/><V52/><F66/><N who="3" m="41175" /><G13/><T30/><D30/><U133/><E133/><V63/><F63/><W74/><G74/><T94/><D94/><N who="1" m="58647" /><E19/><V2/><F80/><W85/><G85/><T70/><D70/><U64/><E64/><V15/><REACH who="2" step="1"/><F2/><REACH who="2" ten="93,351,389,157" step="2"/><W126/><G126/><T79/><D118/><U29/><E29/><V38/><AGARI ba="1,1" hai="15,16,23,38,42,46,52,59,61,77,78,95,99,101" machi="38" ten="20,12000,2" yaku="1,1,2,1,0,1,7,1,54,2,53,1" doraHai="100" doraHaiUra="18" who="2" fromWho="2" sc="93,-31,351,-61,389,133,157,-31" /><INIT seed="6,0,0,2,5,39" ten="62,290,522,126" oya="2" hai0="74,91,30,9,81,106,107,130,101,34,69,11,72" hai1="114,128,52,21,22,12,33,23,117,79,113,53,78" hai2="129,57,77,42,119,15,103,48,16,105,0,60,135" hai3="93,94,18,108,126,29,40,24,82,73,83,88,47"/><V6/><F119/><W64/><G108/><T46/><D69/><U25/><E117/><V44/><F129/><W61/><G126/><T70/><D70/><U122/><E122/><V36/><F135/><W86/><G73/><T98/><D107/><U71/><E71/><V109/><F109/><W133/><G133/><T80/><D130/><U127/><E128/><V124/><F124/><W14/><G82/><T50/><D30/><U19/><E127/><V112/><F112/><N who="1" m="43113" /><E33/><V110/><F110/><W37/><G61/><T131/><D34/><U43/><E43/><V66/><F77/><N who="1" m="29193" /><E25/><V134/><F134/><W4/><G4/><T116/><D131/><U38/><E38/><V75/><F75/><W87/><G64/><T7/><D116/><U89/><E89/><V63/><F63/><W51/><G86/><T115/><D115/><U27/><E27/><V54/><F0/><W121/><G37/><T26/><D26/><U1/><E1/><V96/><F6/><W31/><G121/><T3/><D74/><U84/><E84/><V132/><F132/><W67/><G67/><T58/><D72/><U100/><E100/><V85/><F85/><W125/><G125/><T59/><D11/><AGARI ba="0,0" hai="11,12,19,21,22,23,52,53" m="29193,43113" machi="11" ten="30,2000,0" yaku="15,1,54,1" doraHai="39" who="1" fromWho="0" sc="62,-20,290,20,522,0,126,0" /><INIT seed="7,0,0,5,0,113" ten="42,310,522,126" oya="3" hai0="15,103,111,120,10,81,80,33,88,3,24,134,110" hai1="11,46,127,76,135,0,2,82,27,85,56,96,6" hai2="9,92,54,67,43,49,131,52,35,108,105,65,32" hai3="106,99,130,107,20,47,18,74,45,39,129,14,62"/><W26/><G74/><T44/><D120/><U128/><E127/><V79/><F131/><N who="3" m="50187" /><G62/><T71/><D71/><U40/><E135/><V17/><F105/><N who="3" m="39947" /><G99/><T63/><D103/><U102/><E128/><V73/><F108/><W84/><G84/><T7/><D134/><U132/><E132/><V100/><F73/><W83/><G83/><T37/><D63/><U21/><E56/><V28/><F79/><W98/><G98/><T124/><D124/><U42/><E2/><V64/><F92/><W125/><G125/><T31/><D81/><U57/><E57/><V75/><F75/><W121/><G121/><T34/><D34/><U119/><E96/><V94/><F32/><W25/><G39/><T23/><D44/><AGARI ba="0,0" hai="14,18,20,25,26,44,45,47" m="39947,50187" machi="44" ten="30,1500,0" yaku="19,1" doraHai="113" who="3" fromWho="0" sc="42,-15,310,0,522,0,126,15" /><INIT seed="7,1,0,1,5,20" ten="27,310,522,141" oya="3" hai0="129,49,101,57,69,0,58,102,103,50,8,134,100" hai1="59,124,73,105,41,108,104,121,70,76,4,88,36" hai2="3,37,123,116,24,28,80,107,111,110,27,93,97" hai3="46,86,126,131,87,119,115,29,133,74,92,94,25"/><W56/><G115/><T42/><D69/><U34/><E88/><V67/><F116/><W78/><G119/><T63/><D129/><U75/><E59/><V31/><F3/><W53/><G131/><T95/><D134/><U65/><E4/><V9/><F9/><W40/><G133/><T113/><D113/><U17/><E65/><V51/><F37/><W71/><G71/><T22/><D0/><U48/><E17/><V45/><F107/><W62/><G126/><T33/><D33/><U84/><E48/><V30/><F67/><W72/><G72/><T10/><N who="0" m="25600" /><DORA hai="39" /><T125/><D125/><U38/><E84/><V2/><F80/><W6/><G74/><T43/><D95/><U1/><E76/><V128/><F2/><W18/><G78/><T81/><D81/><U79/><E79/><V7/><F128/><W60/><G94/><T15/><D15/><U44/><E1/><V98/><F93/><W61/><G92/><T23/><D63/><U14/><E70/><V91/><F91/><W132/><G62/><T55/><D10/><U99/><E124/><V19/><F97/><W106/><G61/><T85/><D8/><U82/><E105/><V117/><F7/><W130/><G60/><T114/><D85/><U26/><E104/><V52/><F98/><W109/><G87/><T21/><D114/><U77/><E82/><V112/><F112/><W122/><G86/><T13/><D13/><U135/><E99/><V68/><F68/><W47/><G132/><T54/><AGARI ba="1,0" hai="21,22,23,42,43,49,50,54,55,57,58" m="25600" machi="54" ten="50,8000,1" yaku="0,1,9,1,8,1,52,2" doraHai="20,39" who="0" fromWho="0" sc="27,83,310,-21,522,-21,141,-41" owari="110,-29.0,289,9.0,501,60.0,100,-40.0" /></mjloggm>