<mjloggm ver="2.3"><GO type="97" lobby="0"/><UN n0="%73%75%73%75%6D%75%2D%66" n1="%E5%A4%A9%E4%B8%8B%E7%88%B6%E6%AF%8D%E5%BF%83" n2="%E3%82%A6%E3%83%AB%E3%83%88%E3%83%A9%E7%AB%8B%E7%9B%B4" n3="%42%65%6C%69%65%66" dan="13,14,13,14" rate="1884.85,1912.26,1886.11,1996.48" sx="M,M,M,F"/><TAIKYOKU oya="0"/><INIT seed="0,0,0,1,1,24" ten="250,250,250,250" oya="0" hai0="44,88,110,87,125,13,131,49,92,66,134,47,36" hai1="46,35,54,37,60,117,67,95,16,42,64,112,126" hai2="78,51,8,101,93,100,127,59,98,75,70,6,83" hai3="61,25,73,41,77,48,63,2,31,23,43,96,68"/><T123/><D123/><U103/><E117/><V116/><F70/><W17/><G2/><T109/><D134/><U11/><E112/><V7/><F116/><W14/><G73/><T114/><D114/><U53/><E126/><V27/><F127/><W4/><G77/><T105/><D125/><U32/><E35/><V18/><F101/><W124/><G4/><T122/><D122/><U52/><E32/><V71/><F71/><W38/><G38/><T99/><D131/><U72/><E72/><V5/><F27/><W130/><G130/><T19/><D66/><U1/><E1/><V9/><F18/><W135/><G135/><T97/><D36/><U79/><E79/><V28/><F28/><W58/><G124/><T121/><D121/><U74/><E74/><V57/><F59/><W80/><G80/><T89/><D47/><U3/><E60/><N who="3" m="23114" /><G96/><T119/><D119/><U65/><E103/><V133/><F133/><W84/><G84/><T111/><D89/><U15/><E3/><V91/><F91/><W50/><G68/><T33/><D33/><U76/><E76/><V0/><F0/><W26/><G26/><T115/><D105/><U30/><REACH who="1" step="1"/><E95/><REACH who="1" ten="250,240,250,250" step="2"/><V120/><F120/><W82/><G82/><T40/><REACH who="0" step="1"/><D115/><REACH who="0" ten="240,240,250,250" step="2"/><U29/><AGARI ba="0,2" hai="11,15,16,29,30,37,42,46,52,53,54,64,65,67" machi="29" ten="40,12000,2" yaku="1,1,2,1,0,1,52,2,54,2,53,0" doraHai="24" doraHaiUra="113" who="1" fromWho="1" sc="240,-60,240,140,250,-30,250,-30" /><INIT seed="1,0,0,1,2,125" ten="180,380,220,220" oya="1" hai0="95,82,37,78,8,16,20,131,69,12,101,77,97" hai1="81,109,19,56,43,18,99,73,51,110,47,29,126" hai2="121,53,117,106,133,130,107,127,38,86,62,113,24" hai3="15,60,91,3,75,67,17,118,92,21,44,27,57"/><U96/><E126/><V123/><F24/><W88/><G118/><T40/><D69/><U79/><E29/><V34/><F53/><W102/><G75/><T122/><D122/><U54/><E99/><V41/><F62/><W119/><G119/><T2/><D78/><U48/><REACH who="1" step="1"/><E96/><REACH who="1" ten="180,370,220,220" step="2"/><V98/><F98/><N who="3" m="59719" /><G3/><T89/><D101/><U26/><E26/><V116/><F127/><W90/><G44/><T135/><D135/><U6/><E6/><V84/><F133/><W30/><G30/><T55/><D2/><U13/><E13/><AGARI ba="0,1" hai="13,15,17,21,27,57,60,67,88,90,91" m="59719" machi="13" ten="30,2000,0" yaku="8,1,54,1" doraHai="125" who="3" fromWho="1" sc="180,0,370,-20,220,0,220,30" /><INIT seed="2,0,0,4,5,4" ten="180,350,220,250" oya="2" hai0="94,66,44,106,110,67,65,122,81,47,113,123,62" hai1="132,105,108,79,18,107,23,85,86,72,96,124,134" hai2="57,70,21,25,114,87,16,50,126,38,77,19,17" hai3="56,133,34,101,53,12,117,45,90,13,54,111,127"/><V82/><F70/><W102/><G117/><T103/><D113/><U58/><E108/><V100/><F38/><W84/><G111/><T37/><D110/><U125/><E58/><V30/><F114/><W112/><G127/><N who="1" m="48714" /><E18/><V15/><F126/><W95/><G133/><N who="1" m="51306" /><E23/><V11/><F100/><N who="3" m="38507" /><G112/><T36/><D106/><N who="1" m="40459" /><E96/><V14/><F14/><W52/><G34/><T118/><D118/><U40/><E40/><V29/><F29/><W26/><G26/><T5/><D5/><U131/><E131/><V80/><F57/><W55/><G45/><T3/><D3/><U60/><E60/><AGARI ba="0,0" hai="12,13,52,53,54,55,56,60,84,90,95" m="38507" machi="60" ten="30,2000,0" yaku="8,1,54,1" doraHai="4" who="3" fromWho="1" sc="180,0,350,-20,220,0,250,20" /><INIT seed="3,0,0,5,3,50" ten="180,330,220,270" oya="3" hai0="106,77,12,63,18,2,107,84,97,52,100,110,120" hai1="118,109,33,108,71,13,73,124,101,76,115,99,11" hai2="21,4,30,38,66,90,128,65,58,6,123,64,20" hai3="37,70,119,8,10,127,53,85,5,61,45,105,28"/><W80/><G105/><T89/><D120/><U46/><E115/><V72/><F38/><W121/><G121/><T35/><D110/><N who="1" m="42603" /><E118/><V9/><F72/><W14/><G119/><T7/><D35/><U81/><E124/><V75/><F75/><W95/><G127/><T69/><D77/><U47/><E33/><V49/><F128/><W41/><G28/><T91/><D107/><N who="1" m="63935" /><E71/><V113/><F113/><W17/><G95/><T112/><D112/><U26/><E26/><V79/><F79/><W92/><G92/><T102/><D102/><U59/><E59/><V122/><F122/><W126/><G126/><T40/><D40/><U25/><E25/><V87/><F30/><W16/><G70/><T117/><D117/><U24/><E24/><V135/><F123/><W56/><G8/><T131/><D131/><U111/><E111/><V51/><F9/><W48/><G37/><T60/><D69/><U34/><E34/><V0/><F0/><W96/><G96/><T15/><D2/><U42/><E42/><V39/><F39/><W86/><G85/><T83/><D7/><AGARI ba="0,0" hai="7,11,13,46,47,73,76,81" m="63935,42603" machi="7" ten="30,1000,0" yaku="14,1" doraHai="50" who="1" fromWho="0" sc="180,-10,330,10,220,0,270,0" owari="170,-33.0,340,44.0,220,-18.0,270,7.0" /></mjloggm>