<mjloggm ver="2.3"><GO type="193" lobby="0"/><UN n0="%E5%B0%B1%E6%B4%BB%E7%94%9F%40%E5%B7%9D%E6%9D%91%E8%BB%8D%E5%9B%A3" n1="%E6%9C%80%E7%B5%82%E5%85%B5%E5%99%A8%E3%81%AA%E3%81%81%E3%82%84%E3%82%93" n2="%E3%82%86%E3%82%8A%50%4F%4E" n3="%62%73%63%54%70" dan="12,10,12,10" rate="1835.65,1675.06,1757.36,1527.07" sx="M,F,M,M"/><TAIKYOKU oya="0"/><INIT seed="0,0,0,5,4,27" ten="250,250,250,250" oya="0" hai0="31,60,123,121,69,74,12,64,20,50,128,71,46" hai1="32,104,109,3,34,89,15,5,36,103,57,79,61" hai2="81,107,35,102,106,51,42,80,100,8,84,25,33" hai3="129,68,132,26,29,49,115,41,95,93,53,134,118"/><T43/><D74/><U122/><E36/><V58/><F81/><W56/><G118/><T70/><D128/><U13/><E79/><V14/><F33/><W131/><G115/><T72/><D72/><U110/><E122/><V38/><F38/><W73/><G73/><T85/><D121/><U18/><E3/><V11/><F11/><W130/><G68/><T19/><D123/><U87/><E5/><V92/><F107/><W124/><G41/><T40/><D40/><U126/><E126/><V30/><F106/><W78/><G78/><T77/><D31/><U67/><E103/><V90/><F92/><W47/><G47/><T66/><D66/><U99/><E99/><V23/><F35/><N who="1" m="13353" /><E104/><V21/><F21/><N who="3" m="15567" /><G124/><T97/><D97/><U98/><E18/><V16/><F58/><W83/><G83/><T59/><D85/><U1/><E1/><V76/><REACH who="2" step="1"/><F90/><REACH who="2" ten="250,250,240,250" step="2"/><W65/><G65/><T24/><D77/><U63/><E67/><V127/><F127/><W108/><G108/><T48/><REACH who="0" step="1"/><D24/><REACH who="0" ten="240,250,240,250" step="2"/><U101/><E109/><V112/><F112/><W10/><G10/><T7/><D7/><U9/><E110/><V105/><F105/><W91/><G91/><T120/><D120/><U114/><E89/><V119/><F119/><W111/><G111/><T44/><D44/><AGARI ba="0,2" hai="8,14,16,23,25,30,42,44,51,76,80,84,100,102" machi="44" ten="40,8000,1" yaku="1,1,8,1,52,1,54,1,53,0" doraHai="27" doraHaiUra="2" who="2" fromWho="0" sc="240,-80,250,0,240,100,250,0" /><INIT seed="1,0,0,1,1,127" ten="160,250,340,250" oya="1" hai0="135,86,32,12,125,119,60,126,88,47,7,84,35" hai1="116,102,107,96,118,62,50,81,111,28,92,82,3" hai2="133,101,2,71,49,122,48,115,34,121,114,11,75" hai3="95,109,24,10,93,97,105,14,64,26,17,66,106"/><U69/><E3/><V45/><F75/><W25/><G109/><T124/><D119/><U0/><E0/><V130/><F133/><W67/><REACH who="3" step="1"/><G97/><REACH who="3" ten="160,250,340,240" step="2"/><T30/><D135/><U31/><E111/><V98/><F122/><W61/><G61/><T57/><D84/><U73/><E116/><V23/><F121/><W51/><G51/><T5/><D47/><U90/><E118/><V128/><F49/><W83/><G83/><T79/><D79/><U39/><E39/><V100/><F98/><W29/><G29/><T22/><D35/><U112/><E50/><V42/><F34/><W40/><G40/><T103/><D32/><U33/><E33/><V37/><F37/><W54/><G54/><T117/><D117/><U59/><E28/><V87/><F48/><W58/><G58/><T132/><D132/><U36/><E31/><V80/><F45/><W38/><G38/><T91/><D103/><U110/><E36/><V120/><F80/><W85/><G85/><T52/><D91/><U43/><E110/><V9/><F87/><W113/><G113/><T129/><D129/><U16/><E81/><V134/><F120/><W65/><N who="3" m="16896" /><DORA hai="27" /><W6/><G6/><T68/><D68/><U41/><E69/><V104/><F71/><W20/><G20/><T8/><D5/><U19/><E112/><V56/><F134/><W53/><G53/><T1/><D1/><U72/><E82/><V63/><F56/><W74/><G74/><N who="1" m="28778" /><E43/><V78/><F42/><W46/><G46/><T4/><D4/><U123/><E41/><V77/><F63/><W55/><G55/><RYUUKYOKU ba="0,1" sc="160,-10,250,-10,340,-10,240,30" hai3="10,14,17,24,25,26,93,95,105,106" /><INIT seed="2,1,1,1,2,20" ten="150,240,330,270" oya="2" hai0="65,86,123,52,100,74,103,71,11,85,88,67,29" hai1="53,110,135,84,47,78,68,37,5,109,48,92,46" hai2="129,28,39,38,12,4,83,93,23,34,131,64,119" hai3="58,99,66,81,19,6,70,120,97,76,49,87,102"/><V91/><F119/><W133/><G120/><T22/><D74/><U63/><E135/><V77/><F34/><W8/><G70/><T125/><D123/><U10/><E68/><V33/><F64/><N who="0" m="24650" /><D71/><U98/><E63/><V82/><F33/><W127/><G133/><T18/><D125/><U36/><E46/><V32/><F32/><W130/><G127/><T55/><D85/><U14/><E84/><N who="2" m="48207" /><F83/><W2/><G130/><N who="2" m="49673" /><F4/><W116/><G116/><T108/><D11/><U31/><E31/><V56/><F56/><W40/><G66/><T80/><D29/><U3/><E78/><V79/><F79/><W50/><G19/><T69/><D69/><U128/><E128/><V95/><F12/><W15/><G2/><T43/><D43/><U21/><E21/><V122/><F122/><W72/><G72/><T118/><D118/><U75/><E75/><V7/><F7/><W41/><G97/><T35/><D35/><U106/><E3/><V115/><F115/><W90/><G90/><T61/><D108/><N who="1" m="41579" /><E106/><V27/><F91/><AGARI ba="1,1" hai="5,10,14,36,37,47,48,53,91,92,98" m="41579" machi="91" ten="30,1000,0" yaku="14,1" doraHai="20" who="1" fromWho="2" sc="150,0,240,23,330,-13,270,0" /><INIT seed="3,0,0,5,1,41" ten="150,263,317,270" oya="3" hai0="88,127,4,12,123,47,27,114,131,48,15,133,116" hai1="112,54,34,130,59,125,98,13,45,69,44,64,95" hai2="111,73,37,63,92,87,70,134,81,42,23,35,118" hai3="68,129,121,3,56,1,53,11,14,60,119,66,72"/><W115/><G121/><T46/><D116/><U19/><E112/><V84/><F35/><W25/><G119/><T107/><D107/><U83/><E34/><V2/><F73/><W86/><G115/><T0/><D123/><U85/><E125/><V101/><F2/><W74/><G129/><T108/><D114/><U91/><E130/><V77/><F134/><W40/><G40/><N who="0" m="24647" /><D131/><U124/><E64/><V61/><F111/><W99/><G25/><T132/><D0/><U102/><E69/><V105/><F105/><W90/><G99/><T50/><D108/><U78/><E124/><V75/><F70/><W6/><G72/><T135/><D4/><U97/><E97/><V21/><F75/><W24/><G24/><T71/><D71/><U33/><E33/><V29/><F101/><W80/><G74/><T67/><D27/><U51/><REACH who="1" step="1"/><E78/><REACH who="1" ten="150,253,317,270" step="2"/><N who="2" m="46135" /><F118/><W32/><G32/><T109/><D109/><U94/><E94/><V96/><F77/><W65/><G65/><T8/><D67/><U100/><E100/><V30/><F96/><W31/><G31/><T62/><D127/><U126/><E126/><V93/><F92/><W39/><G39/><T9/><D9/><AGARI ba="0,1" hai="9,13,19,44,45,51,54,59,83,85,91,95,98,102" machi="9" ten="30,8000,1" yaku="1,1,7,1,8,1,52,2,53,0" doraHai="41" doraHaiUra="20" who="1" fromWho="0" sc="150,-80,253,90,317,0,270,0" owari="70,-43.0,343,44.0,317,12.0,270,-13.0" /></mjloggm>