<mjloggm ver="2.3"><GO type="97" lobby="0"/><UN n0="%E6%B8%8B%E8%B0%B7%E3%83%8F%E3%82%B3%E3%82%B9" n1="%E3%81%86%E3%81%95%E3%81%8E%E3%82%92%E8%83%8C%E8%B2%A0%E3%81%A3%E3%81%A6" n2="%E3%82%A6%E3%83%AB%E3%83%88%E3%83%A9%E7%AB%8B%E7%9B%B4" n3="%54%41%59%4C%4F%52%E6%96%B0%E6%BD%9F" dan="14,14,15,14" rate="1958.84,1947.64,2049.90,1869.00" sx="F,M,M,M"/><TAIKYOKU oya="0"/><INIT seed="0,0,0,3,3,76" ten="250,250,250,250" oya="0" hai0="81,25,37,106,118,101,88,58,94,19,68,61,91" hai1="5,89,111,92,22,124,4,132,35,32,39,87,116" hai2="2,78,14,67,70,69,134,11,38,98,17,79,74" hai3="29,28,96,9,121,123,77,52,1,45,43,3,113"/><T64/><D118/><U80/><E116/><V16/><F38/><W107/><G113/><T47/><D68/><U66/><E39/><V57/><F2/><W85/><G107/><T26/><D106/><U56/><E111/><V18/><F134/><W127/><G96/><T34/><D101/><U126/><E22/><V103/><F70/><W97/><G97/><N who="0" m="57543" /><D34/><U13/><E132/><V60/><F69/><W49/><G127/><N who="1" m="48682" /><E92/><N who="2" m="58823" /><F74/><W33/><G33/><N who="1" m="12874" /><E13/><V130/><F130/><W119/><G119/><T40/><D37/><U84/><E84/><V50/><F50/><W23/><G23/><N who="0" m="13567" /><D26/><U75/><E75/><V93/><F93/><W105/><G105/><T86/><D47/><U24/><E24/><V109/><F109/><W115/><G115/><T63/><D63/><AGARI ba="0,0" hai="4,5,56,63,66,80,87,89" m="12874,48682" machi="63" ten="30,2000,0" yaku="18,1,52,1" doraHai="76" who="1" fromWho="0" sc="250,-20,250,20,250,0,250,0" /><INIT seed="1,0,0,4,0,77" ten="230,270,250,250" oya="1" hai0="80,19,7,89,18,33,95,120,135,26,119,23,73" hai1="98,114,52,31,105,88,123,69,128,127,28,75,44" hai2="84,121,66,46,94,100,12,91,49,83,71,124,13" hai3="42,93,74,47,45,10,6,36,125,15,92,61,64"/><U57/><E123/><V39/><F39/><W34/><G125/><T111/><D119/><U90/><E114/><V102/><F121/><W5/><G34/><T59/><D120/><U129/><E69/><V115/><F115/><W99/><G45/><T43/><D111/><U8/><E127/><V30/><F124/><W54/><G6/><T117/><D117/><U25/><E44/><V85/><F30/><W103/><G54/><T48/><D33/><U24/><E75/><V131/><F131/><N who="1" m="50249" /><E8/><V40/><F66/><W122/><G122/><T41/><D7/><U106/><E25/><V11/><F71/><W9/><G9/><T53/><D135/><U1/><E1/><V134/><F134/><W113/><G113/><T96/><REACH who="0" step="1"/><D19/><REACH who="0" ten="220,270,250,250" step="2"/><U70/><E70/><V133/><F133/><W51/><G36/><T37/><D37/><U107/><E98/><V76/><F13/><W58/><G74/><T126/><D126/><U65/><E65/><V0/><F0/><W68/><G68/><T109/><D109/><U101/><E101/><V62/><F62/><W112/><G112/><T38/><D38/><U67/><E67/><V56/><F56/><W55/><G64/><T63/><D63/><N who="1" m="36263" /><E31/><V29/><F29/><W32/><G32/><AGARI ba="0,1" hai="24,28,32,88,90,105,106,107" m="36263,50249" machi="32" ten="40,7700,0" yaku="19,1,54,2" doraHai="77" who="1" fromWho="3" sc="220,0,270,87,250,0,250,-77" /><INIT seed="1,1,0,5,0,115" ten="220,357,250,173" oya="1" hai0="114,82,66,100,128,41,6,92,119,85,69,64,109" hai1="56,96,21,84,126,11,116,99,102,54,20,26,74" hai2="132,19,121,120,97,89,103,13,77,131,48,60,70" hai3="135,98,44,134,129,43,28,40,14,88,52,4,39"/><U81/><E116/><V30/><F77/><W9/><G28/><T49/><D114/><U55/><E74/><V10/><F89/><W72/><G72/><T93/><D128/><U75/><E75/><V18/><F131/><W78/><G78/><T73/><D73/><U50/><E126/><V106/><F132/><N who="3" m="50731" /><G129/><T53/><D41/><U63/><E11/><V118/><F118/><W110/><G110/><T46/><D119/><U68/><E68/><V16/><F48/><N who="3" m="28679" /><G39/><T104/><D104/><U130/><E130/><V65/><REACH who="2" step="1"/><F30/><REACH who="2" ten="220,357,240,173" step="2"/><W101/><G101/><T7/><D100/><U31/><E102/><V67/><F67/><W24/><G98/><T87/><D66/><U94/><E99/><V79/><F79/><W5/><G88/><T35/><D64/><U80/><E96/><V2/><F2/><W76/><G76/><T42/><D87/><U27/><E84/><V113/><F113/><W124/><G124/><T107/><D107/><U59/><E94/><V0/><F0/><W57/><G43/><T47/><D92/><U71/><E71/><V90/><F90/><W83/><G40/><T37/><D93/><U15/><REACH who="1" step="1"/><E15/><REACH who="1" ten="220,347,240,173" step="2"/><V8/><F8/><W123/><G123/><AGARI ba="1,2" hai="10,13,16,18,19,60,65,70,97,103,106,120,121,123" machi="123" ten="40,2600,0" yaku="1,1,54,1,53,0" doraHai="115" doraHaiUra="127" who="2" fromWho="3" sc="220,0,347,0,240,49,173,-29" /><INIT seed="2,0,0,2,5,100" ten="220,347,289,144" oya="2" hai0="25,50,81,57,63,70,38,105,20,95,65,37,3" hai1="18,135,103,98,122,26,43,99,77,88,24,61,12" hai2="116,82,133,58,84,14,79,108,10,83,13,51,46" hai3="27,53,48,115,80,34,90,76,21,49,31,67,126"/><V68/><F68/><W11/><G126/><T22/><D3/><U41/><E77/><V72/><F116/><W35/><G67/><T92/><D105/><U8/><E135/><V75/><F133/><W121/><G121/><T74/><D37/><U117/><E117/><V97/><F108/><W106/><G106/><T87/><D38/><U131/><E131/><V130/><F130/><W19/><G115/><T55/><D74/><U64/><E122/><V109/><F109/><W78/><G90/><T54/><D55/><U62/><E103/><V86/><F58/><W44/><G49/><T9/><D9/><U85/><E99/><V42/><F97/><W128/><G128/><T40/><D40/><N who="1" m="15435" /><E98/><V32/><F14/><W114/><G114/><T119/><D119/><U0/><E0/><V111/><F32/><W118/><G118/><T102/><D102/><U29/><E29/><V96/><F96/><W91/><G91/><T45/><D70/><U71/><E71/><V52/><F111/><W94/><G94/><N who="0" m="35883" /><D20/><U113/><E113/><V120/><F120/><W110/><G110/><T15/><D15/><U17/><E64/><V23/><F23/><W4/><G31/><T16/><D87/><U39/><E39/><V123/><F123/><W33/><REACH who="3" step="1"/><G80/><AGARI ba="0,0" hai="16,22,25,45,50,54,57,63,65,80,81" m="35883" machi="80" ten="30,2000,0" yaku="8,1,54,1" doraHai="100" who="0" fromWho="3" sc="220,20,347,0,289,0,144,-20" /><INIT seed="3,0,0,0,2,82" ten="240,347,289,124" oya="3" hai0="33,103,113,55,2,123,52,28,1,64,91,79,17" hai1="128,46,130,32,47,49,31,53,117,73,99,34,9" hai2="61,63,41,24,81,97,21,0,11,92,7,4,51" hai3="101,115,112,134,86,70,12,111,118,84,38,125,135"/><W108/><G70/><T109/><D123/><U29/><E73/><V3/><F41/><W25/><G38/><T116/><D116/><U122/><E122/><V89/><F51/><W98/><G118/><T68/><D79/><U50/><E117/><V62/><F81/><W10/><G25/><T107/><D113/><U57/><E99/><V56/><F7/><W93/><G125/><T54/><D109/><N who="3" m="42057" /><G12/><T6/><D6/><U69/><E9/><V18/><REACH who="2" step="1"/><F0/><REACH who="2" ten="240,347,279,124" step="2"/><W95/><G10/><T60/><D91/><U110/><E49/><V127/><F127/><W22/><G22/><T67/><D67/><AGARI ba="0,1" hai="3,4,11,18,21,24,56,61,62,63,67,89,92,97" machi="67" ten="30,2000,0" yaku="1,1,7,1,53,0" doraHai="82" doraHaiUra="40" who="2" fromWho="0" sc="240,-20,347,0,279,30,124,0" owari="220,-18.0,347,45.0,309,11.0,124,-38.0" /></mjloggm>