<mjloggm ver="2.3"><GO type="169" lobby="0"/><UN n0="%67%69%68%72%65%6E" n1="%6D%69%6E%32%30%30%32" n2="%E3%82%A6%E3%83%AB%E3%83%88%E3%83%A9%E7%AB%8B%E7%9B%B4" n3="%E3%82%B1%E3%82%A4%EF%BC%91%EF%BC%93" dan="16,16,17,16" rate="2072.68,2059.66,2174.79,2094.60" sx="M,F,M,M"/><TAIKYOKU oya="0"/><INIT seed="0,0,0,4,4,24" ten="250,250,250,250" oya="0" hai0="63,67,53,17,92,109,4,135,81,6,101,105,2" hai1="78,49,76,88,117,64,11,80,73,29,128,22,8" hai2="44,40,134,89,50,47,70,129,23,87,118,74,10" hai3="57,114,132,121,119,91,116,77,65,62,30,7,103"/><T31/><D105/><U84/><E117/><V48/><F74/><W34/><G114/><T75/><D135/><U0/><E128/><V35/><F35/><W33/><G33/><T9/><D109/><U99/><E0/><V21/><F70/><W104/><G132/><T66/><D6/><U126/><E126/><V130/><F134/><W16/><G7/><T131/><D131/><N who="2" m="50186" /><F10/><N who="1" m="3625" /><E73/><V26/><F26/><W79/><G16/><T58/><D17/><U71/><E71/><V41/><F118/><W120/><G91/><T68/><D68/><U96/><E64/><V39/><F39/><W86/><G86/><T42/><D42/><U106/><E106/><V127/><F127/><W72/><G72/><T124/><D124/><U112/><E112/><V122/><F122/><N who="3" m="47211" /><G77/><N who="1" m="29802" /><E49/><V51/><F50/><W37/><G79/><T12/><D75/><U55/><E55/><V83/><AGARI ba="0,0" hai="21,23,40,41,44,47,48,51,83,87,89" m="50186" machi="83" ten="30,1100,0" yaku="19,1" doraHai="24" who="2" fromWho="2" sc="250,-5,250,-3,250,11,250,-3" /><INIT seed="1,0,0,3,2,71" ten="245,247,261,247" oya="1" hai0="31,20,8,0,131,56,28,119,95,73,90,11,126" hai1="34,109,52,104,6,54,124,42,115,19,59,83,76" hai2="108,69,85,102,101,22,127,60,75,133,91,14,15" hai3="92,81,18,107,12,98,123,55,120,80,112,114,27"/><U30/><E115/><V130/><F75/><W121/><G107/><T39/><D73/><U86/><E104/><V43/><F127/><W9/><G80/><T82/><D119/><U24/><E124/><V45/><F130/><W16/><G81/><T88/><D126/><U70/><E70/><V38/><F133/><W40/><G27/><T134/><D134/><U87/><E109/><V74/><F74/><W25/><G40/><T110/><D110/><U93/><E6/><V106/><F108/><W65/><G65/><T13/><D131/><U10/><E42/><V7/><F106/><W53/><G55/><T79/><D39/><U113/><E113/><V97/><F97/><W33/><G53/><T1/><D56/><U125/><E125/><V94/><F15/><W58/><G58/><T116/><D116/><U3/><E3/><V41/><F43/><W64/><G64/><T47/><D47/><U72/><E93/><V57/><F69/><W48/><G48/><T96/><D90/><U103/><E103/><V77/><F77/><W2/><G2/><T63/><D63/><U44/><E44/><V49/><F38/><W21/><REACH who="3" step="1"/><G33/><REACH who="3" ten="245,247,261,237" step="2"/><T78/><D1/><U66/><E66/><V26/><F57/><W62/><G62/><T118/><D0/><U29/><E54/><V68/><F60/><W46/><G46/><T51/><D51/><U135/><E135/><V67/><F67/><W105/><G105/><T111/><D82/><U61/><E30/><N who="2" m="17751" /><F68/><W132/><G132/><T32/><D111/><U17/><E61/><V84/><F45/><W50/><G50/><RYUUKYOKU ba="0,1" sc="245,-10,247,-10,261,-10,237,30" hai3="9,12,16,18,21,25,92,98,112,114,120,121,123" /><INIT seed="2,1,1,3,4,115" ten="235,237,251,267" oya="2" hai0="57,94,65,41,101,132,135,31,117,109,116,24,28" hai1="72,87,90,34,63,86,45,2,81,33,4,133,38" hai2="78,98,12,50,91,75,71,73,39,83,40,23,123" hai3="125,27,1,92,110,60,19,9,85,47,128,99,77"/><V88/><F39/><W82/><G128/><T26/><D41/><U80/><E72/><V70/><F123/><W7/><G110/><T35/><D109/><U102/><E133/><N who="0" m="51273" /><D101/><U97/><E63/><V113/><F113/><W5/><G125/><T21/><D94/><U29/><E29/><V11/><F73/><W120/><G7/><T122/><D122/><U32/><E4/><V96/><F23/><W69/><G120/><T14/><D14/><U49/><E2/><V16/><F96/><W62/><G69/><T126/><D126/><U107/><E38/><V104/><F104/><W129/><G129/><T68/><D68/><U105/><E105/><V106/><F91/><W89/><G19/><T95/><D95/><U20/><E20/><V127/><F127/><W119/><G27/><T112/><D112/><U111/><E111/><V43/><F40/><W58/><G47/><T55/><D65/><U3/><E3/><V61/><F61/><AGARI ba="1,1" hai="21,24,26,28,31,35,55,57,61,116,117" m="51273" machi="61" ten="30,3900,0" yaku="20,1,52,2" doraHai="115" who="0" fromWho="2" sc="235,52,237,0,251,-42,267,0" /><INIT seed="3,0,0,0,0,76" ten="287,237,209,267" oya="3" hai0="60,120,38,23,31,101,112,115,34,3,71,78,8" hai1="4,109,129,19,2,35,63,125,65,30,14,87,12" hai2="134,119,92,121,84,32,17,88,13,46,52,86,27" hai3="39,117,96,64,102,29,47,111,89,69,94,74,122"/><W37/><G74/><T24/><D120/><U21/><E109/><V45/><F134/><W114/><G122/><T82/><D38/><U75/><E75/><V77/><F119/><W110/><G117/><T56/><D71/><U22/><E129/><V28/><F121/><W133/><G114/><T18/><D101/><U59/><E125/><V16/><F17/><W1/><G1/><T106/><D106/><U48/><E2/><V107/><F107/><W26/><G89/><T95/><D95/><U10/><E35/><V132/><F132/><W62/><G133/><T81/><D78/><U100/><E100/><V41/><F41/><W91/><G91/><T72/><D72/><U85/><REACH who="1" step="1"/><E48/><REACH who="1" ten="287,227,209,267" step="2"/><V103/><F103/><W83/><G83/><N who="0" m="31755" /><D3/><U93/><E93/><V90/><F77/><W61/><G110/><T25/><D112/><U131/><E131/><V99/><F90/><W0/><G111/><T128/><D128/><U15/><E15/><V57/><F86/><W44/><G0/><T79/><D115/><U49/><E49/><V80/><F92/><W7/><G37/><T36/><D36/><U130/><E130/><V11/><F99/><W116/><G39/><T127/><D127/><U55/><E55/><V54/><F54/><W53/><G116/><T124/><D124/><U20/><E20/><V40/><F40/><W108/><G108/><T9/><D34/><U43/><E43/><V6/><F6/><W104/><G7/><T113/><D23/><U105/><E105/><V42/><F42/><W123/><G94/><T68/><D113/><U67/><E67/><RYUUKYOKU ba="0,1" sc="287,-15,227,15,209,15,267,-15" hai1="4,10,12,14,19,21,22,30,59,63,65,85,87" hai2="11,13,16,27,28,32,45,46,52,57,80,84,88" /><INIT seed="4,1,1,1,1,114" ten="272,242,224,252" oya="0" hai0="19,67,36,18,102,9,40,23,50,111,22,53,39" hai1="84,64,133,95,4,99,106,51,131,17,73,31,8" hai2="33,69,29,70,103,71,85,132,58,109,129,2,46" hai3="90,124,41,130,55,21,119,54,105,62,44,13,10"/><T116/><D67/><U60/><E73/><V94/><F2/><W117/><G105/><T75/><D75/><U123/><E123/><V27/><F109/><W52/><G62/><T12/><D102/><U63/><E133/><V77/><F132/><W97/><G21/><T121/><D121/><U74/><E74/><V30/><F30/><W6/><G130/><T15/><D111/><U88/><E131/><V1/><F1/><W72/><G72/><T76/><D76/><U113/><E113/><V122/><F122/><W110/><G110/><T28/><D116/><U14/><E31/><V82/><F129/><W83/><G124/><T45/><D40/><U57/><E106/><V25/><F27/><W112/><G112/><T0/><REACH who="0" step="1"/><D28/><REACH who="0" ten="262,242,224,252" step="2"/><U100/><E64/><V32/><F103/><W128/><G128/><T68/><D68/><U127/><E127/><V20/><F70/><W49/><REACH who="3" step="1"/><G83/><REACH who="3" ten="262,242,224,242" step="2"/><T48/><D48/><U134/><E134/><V35/><F82/><W101/><G101/><T92/><D92/><AGARI ba="1,3" hai="6,10,13,41,44,49,52,54,55,90,92,97,117,119" machi="92" ten="40,8000,1" yaku="1,1,52,2,54,1,53,0" doraHai="114" doraHaiUra="108" who="3" fromWho="0" sc="262,-83,242,0,224,0,242,113" /><INIT seed="5,0,0,2,1,132" ten="179,242,224,355" oya="1" hai0="31,82,125,92,114,36,121,9,64,7,94,108,49" hai1="105,2,111,58,76,123,117,17,75,0,61,56,86" hai2="65,60,97,115,59,14,80,90,57,128,73,48,25" hai3="120,35,42,55,38,81,23,18,27,16,29,66,32"/><U30/><E75/><V72/><F128/><W67/><G120/><T93/><D36/><U122/><E105/><V40/><F115/><W119/><G119/><T54/><D114/><U3/><E117/><V101/><F14/><W116/><G116/><T4/><D108/><U84/><E111/><V12/><F12/><W70/><G16/><T68/><D121/><U87/><E76/><V19/><F90/><W102/><G18/><T47/><D31/><U78/><E78/><V15/><F25/><W110/><G27/><T95/><D82/><U62/><E30/><V46/><F80/><W106/><G55/><T1/><D7/><U8/><E17/><V45/><F45/><W126/><G66/><T100/><N who="0" m="23552" /><DORA hai="26" /><T52/><D100/><U11/><E122/><V133/><F133/><W113/><G67/><T104/><D104/><U53/><E123/><V28/><F28/><W131/><G70/><T103/><D103/><U39/><E39/><V34/><F34/><W6/><G38/><T33/><D33/><U74/><E74/><V109/><F109/><W51/><G102/><T20/><D20/><U85/><N who="1" m="21504" /><DORA hai="88" /><U44/><REACH who="1" step="1"/><E44/><REACH who="1" ten="179,232,224,355" step="2"/><V50/><F73/><W13/><G110/><T24/><D24/><U69/><E69/><V10/><F72/><W43/><G106/><T77/><D77/><U99/><E99/><V37/><F97/><W5/><G29/><T134/><D68/><U91/><E91/><V89/><F89/><W129/><G35/><T124/><D134/><U96/><E96/><V83/><F101/><W135/><G32/><T63/><D47/><RYUUKYOKU ba="0,1" sc="179,-10,232,30,224,-10,355,-10" hai1="0,2,3,8,11,53,56,58,61,62" /><INIT seed="5,1,1,2,4,28" ten="169,262,214,345" oya="1" hai0="133,109,69,108,66,44,25,31,95,107,47,83,100" hai1="43,16,42,59,110,48,39,27,26,125,98,75,11" hai2="19,65,61,30,33,123,76,120,102,111,99,22,67" hai3="3,18,51,116,50,41,56,121,82,93,128,77,64"/><U92/><E75/><V97/><F111/><W6/><G116/><T52/><D107/><U70/><E70/><V115/><F76/><W124/><G6/><T131/><D131/><U68/><E68/><V9/><F9/><W132/><G3/><T130/><D133/><U15/><E39/><V17/><F115/><W71/><G71/><T53/><D130/><U91/><E125/><V49/><F49/><W85/><G51/><T7/><D7/><U126/><E126/><V135/><F30/><W23/><G50/><T88/><D100/><U60/><E110/><V119/><F22/><W57/><G93/><T81/><D69/><U114/><E114/><V90/><F90/><W103/><G64/><T34/><D66/><N who="1" m="39199" /><E43/><V118/><F102/><W0/><G121/><T101/><D101/><U1/><E1/><V87/><F87/><W89/><G103/><T62/><D109/><U32/><E32/><V5/><F5/><W105/><G85/><T55/><D108/><U113/><E113/><V13/><F61/><W106/><G89/><T12/><D62/><U35/><E35/><V122/><F122/><W45/><G41/><T63/><D63/><U78/><E78/><V40/><F40/><W36/><G77/><T96/><REACH who="0" step="1"/><D12/><REACH who="0" ten="159,262,214,345" step="2"/><U4/><E4/><V117/><F119/><W24/><G128/><T14/><D14/><U127/><E127/><V112/><F13/><W72/><G124/><T84/><D84/><U46/><AGARI ba="1,2" hai="11,15,16,26,27,42,46,48,91,92,98" m="39199" machi="46" ten="30,3000,0" yaku="8,1,54,1" doraHai="28" who="1" fromWho="1" sc="159,-11,262,53,214,-11,345,-11" /><INIT seed="5,2,0,1,0,16" ten="148,315,203,334" oya="1" hai0="129,45,122,26,10,20,30,18,17,72,109,58,59" hai1="49,40,28,97,84,9,4,31,47,25,61,96,29" hai2="124,73,50,13,110,115,39,57,11,6,27,64,22" hai3="81,100,82,35,76,15,134,90,132,103,125,52,135"/><U128/><E128/><V65/><F73/><W62/><G35/><T14/><D109/><U92/><E25/><V113/><F39/><W3/><G3/><T117/><D72/><U85/><E61/><V133/><F110/><W79/><G125/><T34/><D129/><U33/><E33/><V86/><F124/><W51/><G62/><T46/><D122/><U80/><E92/><V75/><F75/><W0/><G15/><T101/><D117/><U37/><E37/><V63/><F133/><W87/><G0/><T98/><D46/><U102/><E102/><V70/><F86/><W95/><G82/><T55/><D45/><U130/><E130/><V104/><F104/><W66/><G66/><T56/><D55/><U71/><E71/><V69/><F50/><W41/><G41/><T78/><D78/><N who="3" m="29737" /><G95/><T123/><D123/><U60/><E60/><V94/><F94/><W111/><G111/><T38/><D38/><U107/><E107/><V48/><F48/><W77/><N who="3" m="29745" /><W126/><DORA hai="32" /><G126/><T43/><D43/><U131/><E131/><V116/><F116/><W36/><G36/><T23/><REACH who="0" step="1"/><D18/><REACH who="0" ten="138,315,203,334" step="2"/><U42/><E42/><V112/><F65/><W7/><G7/><T99/><D99/><U12/><E85/><V44/><F44/><AGARI ba="2,1" hai="44,51,52,81,87,90,100,103,132,134,135" m="29745" machi="44" ten="40,2600,0" yaku="20,1,54,1" doraHai="16,32" who="3" fromWho="2" sc="138,0,315,0,203,-32,334,42" /><INIT seed="6,0,0,1,1,122" ten="138,315,171,376" oya="2" hai0="126,119,27,24,90,19,99,112,49,22,116,65,55" hai1="64,60,133,26,88,102,56,5,39,70,50,98,111" hai2="53,117,69,14,74,16,135,66,31,92,35,89,71" hai3="131,68,118,101,87,85,46,52,0,81,108,100,10"/><V73/><F135/><W18/><G68/><T123/><D123/><U95/><E133/><V29/><F117/><N who="0" m="45130" /><D112/><U41/><E39/><V134/><F134/><W80/><G108/><T20/><D126/><U67/><E111/><V17/><F66/><W104/><G131/><T2/><D2/><U76/><E76/><V37/><F37/><W109/><G109/><T96/><D65/><U33/><E5/><V62/><F69/><W44/><G0/><T82/><D82/><U63/><E41/><V13/><F71/><W36/><G52/><T47/><D90/><U6/><E6/><V21/><F35/><W132/><G18/><AGARI ba="0,0" hai="18,19,20,22,24,27,47,49,55,96,99" m="45130" machi="18" ten="30,1000,0" yaku="12,1" doraHai="122" who="0" fromWho="3" sc="138,10,315,0,171,0,376,-10" /><INIT seed="7,0,0,2,2,51" ten="148,315,171,366" oya="3" hai0="12,33,113,129,3,114,103,132,83,26,133,96,62" hai1="93,24,99,107,11,47,40,124,39,63,110,22,54" hai2="48,92,71,117,82,0,13,95,29,101,20,122,130" hai3="44,100,58,108,52,77,64,123,134,27,91,75,34"/><W55/><G123/><T94/><D3/><U17/><E110/><V61/><F0/><W36/><G75/><T9/><D129/><U43/><E124/><V1/><F95/><W86/><G77/><T105/><D83/><U73/><E73/><V60/><F1/><W67/><G100/><T127/><D127/><U135/><E135/><N who="0" m="51785" /><D33/><U42/><E107/><V46/><F61/><W10/><G10/><T15/><D26/><U2/><E2/><V87/><F130/><W98/><G55/><T120/><D120/><U21/><E11/><V45/><F45/><W97/><G58/><T116/><D116/><U121/><E121/><V131/><F122/><W32/><G98/><N who="0" m="61687" /><D62/><U6/><E6/><V65/><F117/><W80/><G91/><N who="0" m="55391" /><D9/><U69/><E22/><V28/><F131/><W49/><G27/><T118/><D118/><U88/><E69/><V19/><F29/><W7/><G80/><T79/><D79/><U126/><E126/><V56/><F28/><W16/><G34/><T31/><D31/><U106/><E106/><V76/><F71/><W109/><G108/><T18/><D18/><U66/><E66/><V30/><F30/><W23/><G67/><T74/><D74/><U59/><AGARI ba="0,0" hai="17,21,24,39,40,42,43,47,54,59,63,88,93,99" machi="59" ten="30,8000,1" yaku="0,1,25,2,52,1,54,1" doraHai="51" who="1" fromWho="1" sc="148,-20,315,80,171,-20,366,-40" owari="128,-37.0,395,49.0,151,-25.0,326,13.0" /></mjloggm>