<mjloggm ver="2.3"><GO type="97" lobby="0"/><UN n0="%76%69%66" n1="%E3%82%BD%E3%83%BC%E3%83%8A%E3%83%B3%E3%82%B9" n2="%42%61%79%6D%6F%6F%6E" n3="%E3%82%A6%E3%83%AB%E3%83%88%E3%83%A9%E7%AB%8B%E7%9B%B4" dan="14,14,13,15" rate="1911.90,1934.56,1926.14,2035.87" sx="M,M,M,M"/><TAIKYOKU oya="0"/><INIT seed="0,0,0,2,2,12" ten="250,250,250,250" oya="0" hai0="5,13,57,3,103,91,10,64,128,25,76,43,96" hai1="92,80,119,34,114,74,65,2,18,135,116,90,85" hai2="101,71,31,120,123,118,21,27,48,22,78,107,87" hai3="108,20,58,52,33,72,68,69,7,133,125,130,66"/><T44/><D76/><U82/><E34/><V100/><F71/><W117/><G33/><T81/><D128/><U97/><E2/><V124/><F118/><N who="1" m="45097" /><E18/><V38/><F38/><W4/><G72/><T37/><D91/><N who="1" m="51623" /><E65/><V102/><F107/><W134/><G117/><T11/><D81/><U99/><E135/><N who="3" m="51722" /><G66/><T50/><D25/><U75/><E114/><V132/><F132/><W77/><G77/><T106/><D64/><U46/><E46/><V104/><F104/><W35/><G35/><T19/><REACH who="0" step="1"/><D57/><REACH who="0" ten="240,250,250,250" step="2"/><U73/><E99/><V53/><F27/><W61/><G130/><T131/><D131/><U40/><E40/><V94/><F123/><W122/><G122/><T70/><D70/><U14/><E14/><V30/><F120/><W1/><G69/><T109/><D109/><U45/><E45/><V63/><F31/><W23/><G68/><T98/><D98/><U41/><E41/><V121/><F30/><W9/><G108/><T54/><D54/><U127/><E127/><V84/><F124/><W59/><G125/><T6/><D6/><U16/><E16/><V36/><F121/><W86/><G7/><T129/><D129/><U55/><E55/><V24/><F53/><N who="3" m="33999" /><G86/><T51/><AGARI ba="0,1" hai="3,5,10,11,13,19,37,43,44,50,51,96,103,106" machi="51" ten="30,6000,0" yaku="1,1,0,1,52,1,53,0" doraHai="12" doraHaiUra="112" who="0" fromWho="0" sc="240,70,250,-20,250,-20,250,-20" /><INIT seed="0,1,0,2,2,70" ten="310,230,230,230" oya="0" hai0="95,134,114,110,0,39,85,73,50,47,91,46,57" hai1="107,21,44,113,45,103,72,122,116,15,11,123,2" hai2="132,135,108,119,43,102,31,125,109,35,63,124,97" hai3="86,126,98,61,75,9,34,49,55,1,41,29,74"/><T62/><D0/><U54/><E116/><V17/><F43/><W87/><G34/><T118/><D114/><U104/><E72/><V71/><F17/><W4/><G29/><T6/><D118/><U130/><E113/><V3/><F3/><W68/><G126/><N who="2" m="48745" /><F31/><W18/><G98/><T51/><D6/><U66/><E2/><V93/><F35/><W36/><G86/><T111/><D73/><U99/><E123/><V106/><F63/><W24/><G87/><T33/><D33/><U115/><E122/><V82/><F71/><W22/><G61/><T69/><D69/><U101/><E115/><V7/><F7/><W92/><G92/><T23/><D23/><U19/><E66/><V26/><F26/><W28/><G68/><T10/><D10/><U13/><E130/><V27/><F27/><W105/><G105/><T77/><D77/><U100/><E54/><V64/><F64/><W40/><G28/><T128/><D128/><U20/><E20/><V65/><F65/><W133/><G133/><N who="2" m="51273" /><F82/><W127/><G127/><T88/><D134/><U56/><E56/><V129/><F119/><W60/><G60/><T117/><D117/><U25/><E45/><N who="0" m="16905" /><D39/><U80/><E44/><V76/><F76/><W89/><G40/><T96/><D62/><U42/><E42/><V120/><F120/><W90/><G36/><T30/><D30/><U16/><E80/><V131/><F106/><W79/><G41/><T37/><D37/><U67/><E67/><V84/><F84/><W94/><G79/><T5/><D5/><N who="1" m="3311" /><E107/><V38/><F38/><W32/><G1/><RYUUKYOKU ba="1,0" sc="310,-15,230,15,230,15,230,-15" hai1="15,16,19,21,25,99,100,101,103,104" hai2="93,97,102,108,109,129,131" /><INIT seed="1,2,0,4,3,68" ten="295,245,245,215" oya="1" hai0="95,44,111,41,122,45,61,132,97,90,36,74,4" hai1="79,110,82,80,85,105,119,2,52,91,27,133,50" hai2="28,102,75,49,77,58,63,60,19,53,104,59,55" hai3="130,16,35,65,11,66,12,106,112,30,83,40,48"/><U7/><E119/><V118/><F118/><W14/><G106/><T123/><D74/><U67/><E105/><V24/><F19/><W46/><G112/><T31/><D31/><U93/><E133/><V70/><F77/><W100/><G130/><T51/><D132/><U15/><E110/><V92/><F75/><W5/><G100/><T109/><D4/><U64/><E2/><V10/><F10/><W99/><G99/><T113/><D113/><U29/><E80/><V86/><F104/><W103/><G103/><T22/><D22/><U115/><E115/><V134/><F134/><W73/><G30/><T47/><D61/><U18/><E7/><V3/><F3/><W21/><G35/><T96/><D96/><N who="1" m="57407" /><E27/><V8/><F8/><W57/><G73/><T25/><D25/><U87/><E87/><V26/><F70/><W101/><G101/><T23/><D23/><N who="1" m="11743" /><E29/><V20/><F26/><W43/><G43/><N who="0" m="22631" /><D47/><AGARI ba="2,0" hai="47,50,52,64,67,79,82,85" m="11743,57407" machi="47" ten="30,2900,0" yaku="8,1,54,1" doraHai="68" who="1" fromWho="0" sc="295,-35,245,35,245,0,215,0" /><INIT seed="1,3,0,4,4,71" ten="260,280,245,215" oya="1" hai0="25,36,47,41,122,8,127,113,100,86,80,56,90" hai1="16,83,6,93,81,118,9,14,61,105,129,134,115" hai2="2,19,85,89,72,123,121,101,46,30,97,66,20" hai3="40,126,18,77,44,27,70,21,73,109,114,34,135"/><U23/><E118/><V53/><F72/><W17/><G70/><T91/><D113/><U3/><E105/><V65/><F2/><W4/><G114/><T50/><D122/><U69/><E115/><V51/><F30/><W63/><G34/><T26/><D100/><U31/><E134/><V102/><F121/><W120/><G120/><T22/><D127/><U54/><E69/><V29/><F29/><W49/><G126/><T78/><D8/><U75/><E75/><V12/><F123/><W92/><G109/><T58/><D26/><U119/><E119/><V64/><REACH who="2" step="1"/><F97/><REACH who="2" ten="260,280,235,215" step="2"/><W43/><G73/><T42/><D42/><U52/><E129/><V103/><F103/><W82/><G43/><T84/><D91/><U1/><E1/><V33/><F33/><W5/><G135/><T131/><D131/><U67/><E31/><V48/><F48/><W57/><G77/><T35/><D35/><U15/><E3/><V94/><AGARI ba="3,1" hai="12,19,20,46,51,53,64,65,66,85,89,94,101,102" machi="94" ten="30,4000,0" yaku="1,1,0,1,8,1,53,0" doraHai="71" doraHaiUra="112" who="2" fromWho="2" sc="260,-13,280,-23,235,59,215,-13" /><INIT seed="2,0,0,1,2,106" ten="247,257,294,202" oya="2" hai0="41,17,132,13,77,79,60,16,118,131,56,30,83" hai1="99,51,69,73,27,66,31,48,6,3,42,107,53" hai2="125,32,108,96,33,124,105,5,85,43,116,10,110" hai3="61,18,127,95,135,115,84,78,29,80,39,40,9"/><V93/><F105/><W55/><G115/><T120/><D120/><U114/><E114/><V112/><F85/><W67/><G127/><N who="2" m="48713" /><F43/><W37/><G135/><T54/><D132/><U97/><E42/><V44/><F44/><W63/><G40/><T75/><D118/><U94/><E6/><V7/><F112/><W101/><G29/><T70/><D70/><U26/><E3/><N who="2" m="319" /><F116/><W2/><G2/><T104/><D104/><U86/><E66/><V98/><F98/><W21/><G9/><T20/><D41/><U103/><E69/><V24/><F7/><W91/><G101/><T58/><D131/><U35/><E26/><V36/><F36/><W102/><G102/><T129/><D129/><U1/><E1/><V57/><F57/><W45/><G39/><T88/><D58/><U19/><E19/><V90/><F24/><W62/><G37/><T119/><D119/><U34/><E34/><AGARI ba="0,0" hai="32,33,34,90,93,96,108,110" m="319,48713" machi="34" ten="40,2000,0" yaku="18,1" doraHai="106" who="2" fromWho="1" sc="247,0,257,-20,294,20,202,0" /><INIT seed="2,1,0,3,4,104" ten="247,237,314,202" oya="2" hai0="80,51,52,48,90,76,71,35,112,19,24,62,88" hai1="89,72,108,36,12,26,30,57,107,93,9,15,23" hai2="50,31,66,42,20,5,129,130,7,64,113,49,45" hai3="63,86,17,101,83,29,102,127,79,33,135,116,10"/><V4/><F113/><W69/><G116/><T122/><D112/><U11/><E36/><V53/><F31/><W59/><G127/><T133/><D122/><U56/><E107/><V103/><F103/><W132/><G69/><T46/><D133/><U99/><E108/><V44/><REACH who="2" step="1"/><F20/><REACH who="2" ten="247,237,304,202" step="2"/><W65/><G132/><T120/><D120/><U75/><E75/><V134/><F134/><W78/><G135/><T1/><D35/><U119/><E119/><V92/><F92/><W85/><G29/><T87/><D80/><U96/><E72/><V43/><F43/><W68/><G33/><T105/><D105/><U125/><E125/><V25/><F25/><W94/><G102/><T111/><D24/><U13/><E99/><V60/><F60/><W117/><G117/><T124/><D62/><U18/><REACH who="1" step="1"/><E30/><REACH who="1" ten="247,227,304,202" step="2"/><V14/><F14/><W109/><G109/><T91/><D111/><U97/><E97/><V70/><F70/><W61/><G68/><T32/><D71/><U16/><E16/><V77/><F77/><W34/><G79/><T100/><D19/><U128/><E128/><AGARI ba="1,2" hai="4,5,7,42,44,45,49,50,53,64,66,128,129,130" machi="128" ten="40,12000,1" yaku="1,1,19,1,53,2" doraHai="104" doraHaiUra="41" who="2" fromWho="1" sc="247,0,227,-123,304,143,202,0" /><INIT seed="2,2,0,2,3,54" ten="247,104,447,202" oya="2" hai0="95,82,127,121,92,31,2,9,125,96,25,85,110" hai1="33,72,8,73,86,62,130,46,37,56,65,76,26" hai2="42,41,50,97,64,68,21,51,5,20,84,16,100" hai3="116,88,131,126,35,53,114,69,6,19,18,105,91"/><V134/><F5/><W45/><G105/><T15/><D121/><U120/><E130/><V30/><F134/><W17/><G35/><T4/><D110/><U49/><E120/><V10/><F68/><W23/><G69/><T52/><D2/><U79/><E37/><V34/><F64/><W57/><G116/><T29/><D29/><U89/><E72/><V61/><F61/><N who="3" m="36015" /><G126/><N who="0" m="48139" /><D52/><U108/><E73/><V47/><F34/><W12/><G131/><T94/><D96/><U112/><E108/><V59/><F84/><W99/><G114/><T115/><D115/><U3/><E112/><V27/><F10/><N who="3" m="4183" /><G45/><T124/><N who="0" m="48147" /><T128/><DORA hai="13" /><D128/><U11/><E3/><V133/><F133/><W111/><G111/><T36/><D36/><U70/><E70/><V107/><F42/><W103/><G103/><T83/><D85/><U58/><E33/><AGARI ba="2,0" hai="4,9,15,25,31,33,82,83,92,94,95" m="48147" machi="33" ten="40,1300,0" yaku="18,1" doraHai="54,13" who="0" fromWho="1" sc="247,19,104,-19,447,0,202,0" /><INIT seed="3,0,0,4,3,50" ten="266,85,447,202" oya="3" hai0="109,112,41,46,58,130,114,110,113,43,18,39,38" hai1="115,122,1,36,56,85,100,31,125,24,88,73,95" hai2="133,117,81,98,2,45,74,64,90,44,84,7,118" hai3="126,80,111,62,26,29,93,82,15,16,71,89,28"/><W48/><G126/><T128/><D18/><U108/><E125/><V96/><F74/><W14/><G14/><T65/><D65/><U40/><E36/><V51/><F64/><W20/><G111/><N who="0" m="42507" /><D58/><U70/><E1/><V21/><F133/><W83/><G71/><T124/><D124/><U53/><E70/><V32/><F32/><W69/><G69/><T19/><D19/><U104/><E122/><V37/><F37/><N who="0" m="13834" /><D46/><U67/><E115/><V49/><F21/><W131/><G131/><AGARI ba="0,0" hai="41,43,112,113,114,128,130,131" m="13834,42507" machi="131" ten="40,12000,2" yaku="28,2,11,1,19,1,14,1,34,2" doraHai="50" who="0" fromWho="3" sc="266,120,85,0,447,0,202,-120" owari="386,19.0,85,-31.0,447,54.0,82,-42.0" /></mjloggm>