<mjloggm ver="2.3"><GO type="97" lobby="0"/><UN n0="%79%6F%64%61%6B%61" n1="%E3%82%A6%E3%83%AB%E3%83%88%E3%83%A9%E7%AB%8B%E7%9B%B4" n2="%E3%83%81%E3%83%A3%E3%82%AA%E5%B8%AB%E5%8C%A0" n3="%E6%B0%B8%E9%81%A0%E3%81%AB%E3%81%92%E3%82%93%E3%81%9F%E3%82%8D" dan="14,15,13,13" rate="1963.04,1964.93,1866.24,1882.59" sx="M,M,M,M"/><TAIKYOKU oya="0"/><INIT seed="0,0,0,5,0,28" ten="250,250,250,250" oya="0" hai0="10,81,14,117,4,104,129,74,69,56,87,38,85" hai1="8,112,37,102,101,94,126,109,119,29,35,134,41" hai2="50,22,57,108,45,110,40,11,95,46,123,63,16" hai3="115,3,54,64,91,70,84,43,1,60,128,121,77"/><T98/><D69/><U66/><E41/><V18/><F123/><W89/><G115/><T61/><D38/><U105/><E94/><V135/><F135/><W55/><G121/><T83/><D117/><U111/><E66/><V49/><F11/><W113/><G113/><T44/><D44/><U2/><E101/><V51/><F95/><W53/><G128/><T116/><D116/><U17/><E17/><V65/><F18/><W62/><G62/><T88/><D74/><U82/><E82/><V120/><F120/><W19/><G43/><T97/><D104/><U48/><E48/><V72/><F72/><W21/><G77/><T133/><D129/><U23/><E23/><V130/><F130/><W20/><G20/><T106/><D106/><U13/><E13/><V79/><F79/><W5/><G5/><T27/><D27/><U80/><E80/><V25/><REACH who="2" step="1"/><F46/><REACH who="2" ten="250,250,240,250" step="2"/><W32/><G21/><T132/><D132/><U9/><E9/><V26/><F26/><W67/><G19/><T58/><D133/><U122/><E8/><V103/><F103/><W131/><G131/><T73/><D73/><U36/><E102/><V12/><F12/><W114/><G114/><T39/><D39/><AGARI ba="0,1" hai="16,22,25,39,40,45,49,50,51,57,63,65,108,110" machi="39" ten="40,2600,0" yaku="1,1,54,1,53,0" doraHai="28" doraHaiUra="30" who="2" fromWho="0" sc="250,-26,250,0,240,36,250,0" /><INIT seed="1,0,0,4,2,125" ten="224,250,276,250" oya="1" hai0="25,4,76,44,2,78,104,28,97,5,105,96,38" hai1="116,59,32,20,94,54,26,102,49,43,46,115,91" hai2="3,132,9,11,77,62,98,72,103,30,126,128,122" hai3="50,74,92,71,37,117,99,68,81,85,90,42,101"/><U17/><E32/><V135/><F122/><W58/><G74/><T6/><D2/><U120/><E120/><V127/><F30/><W12/><G117/><T129/><D38/><U23/><E116/><V13/><F3/><W114/><G114/><T67/><D44/><U8/><E115/><V86/><F72/><W109/><G109/><T119/><D119/><U69/><E69/><V31/><F31/><W73/><G73/><T19/><D67/><U82/><E82/><V124/><F62/><W10/><G37/><T133/><D28/><U84/><E102/><V56/><F56/><W118/><G118/><T79/><D133/><N who="2" m="51274" /><F13/><W61/><G50/><T52/><D52/><U113/><E113/><V80/><F128/><W60/><G42/><T57/><D57/><U131/><E131/><V22/><F22/><W0/><G0/><T35/><D35/><U47/><E23/><V33/><F33/><W95/><G81/><T93/><D93/><AGARI ba="0,0" hai="9,11,77,80,86,93,98,103,124,126,127" m="51274" machi="93" ten="40,2600,0" yaku="18,1,20,1" doraHai="125" who="2" fromWho="0" sc="224,-26,250,0,276,26,250,0" /><INIT seed="2,0,0,2,0,116" ten="198,250,302,250" oya="2" hai0="52,57,46,114,22,21,81,43,35,123,60,67,112" hai1="8,82,84,36,118,80,122,95,65,61,16,83,40" hai2="127,4,54,77,31,134,13,92,128,117,45,76,19" hai3="119,101,9,29,86,15,47,44,121,17,132,66,14"/><V64/><F117/><W108/><G119/><T91/><D35/><U53/><E118/><V1/><F128/><W0/><G0/><T72/><D123/><U42/><E53/><V107/><F107/><W79/><G121/><T2/><D2/><U25/><E122/><V26/><F64/><W94/><G108/><T74/><D74/><U124/><E124/><V98/><F134/><W102/><G132/><T109/><D109/><U37/><E37/><V7/><F1/><W70/><G29/><T56/><D21/><U71/><E36/><V93/><F77/><W129/><G129/><T50/><D22/><U41/><E95/><V125/><F76/><W133/><G133/><T111/><D72/><U110/><E110/><V105/><F105/><W55/><G70/><T24/><D24/><U88/><REACH who="1" step="1"/><E25/><REACH who="1" ten="198,240,302,250" step="2"/><V120/><F93/><W58/><G55/><T113/><D81/><U33/><E33/><V59/><F120/><W89/><G94/><T106/><D106/><U63/><E63/><V10/><F127/><W38/><G38/><N who="0" m="21879" /><D91/><U23/><E23/><N who="2" m="15839" /><F125/><W85/><G89/><T99/><D99/><U87/><E87/><V30/><F92/><W12/><G85/><T48/><D111/><U90/><E90/><V11/><F98/><W104/><G104/><T5/><D5/><U68/><E68/><V78/><F4/><W130/><G130/><T32/><D32/><U39/><E39/><V20/><F7/><W49/><G86/><T100/><D100/><U3/><E3/><V97/><F97/><W75/><G101/><T28/><D28/><U115/><E115/><RYUUKYOKU ba="0,1" sc="198,15,240,15,302,-15,250,-15" hai0="48,50,52,56,57,60,67,112,113,114" hai1="8,16,40,41,42,61,65,71,80,82,83,84,88" /><INIT seed="3,1,1,5,4,113" ten="213,255,287,235" oya="3" hai0="86,66,133,110,129,49,50,118,48,11,79,20,54" hai1="114,109,132,123,89,72,90,97,112,52,35,39,80" hai2="116,74,61,8,38,107,56,64,76,128,40,1,22" hai3="71,28,62,27,9,91,75,85,120,7,103,2,69"/><W105/><G120/><T135/><D20/><U36/><E35/><V111/><F107/><W6/><G75/><T0/><D86/><N who="1" m="50375" /><E52/><V124/><F22/><W59/><G7/><T63/><D11/><U33/><E33/><V17/><F17/><W55/><G103/><T21/><D21/><U106/><E39/><V92/><F116/><W82/><G105/><T73/><D79/><U19/><E19/><V93/><F92/><W99/><G99/><T29/><D29/><U94/><E36/><V87/><F93/><W4/><G4/><T102/><D102/><N who="1" m="62799" /><E123/><V130/><F38/><W117/><G117/><T43/><D73/><U5/><E5/><V10/><F74/><W121/><G121/><T125/><D0/><U16/><E16/><V23/><F1/><W3/><G3/><T18/><D18/><U12/><E12/><V134/><F23/><AGARI ba="1,1" hai="2,6,9,23,27,28,55,59,62,69,71,82,85,91" machi="23" ten="30,1500,0" yaku="7,1" doraHai="113" who="3" fromWho="2" sc="213,0,255,0,287,-18,235,28" /><INIT seed="3,2,0,3,4,84" ten="213,255,269,263" oya="3" hai0="44,87,72,54,19,116,10,133,55,130,125,28,86" hai1="12,53,119,85,70,5,11,108,3,30,91,99,126" hai2="120,69,111,14,78,80,45,98,115,62,75,40,105" hai3="104,0,96,74,8,22,64,60,59,76,26,93,56"/><W73/><G104/><T58/><D72/><U42/><E70/><V36/><F115/><W61/><G76/><T94/><D116/><U97/><E119/><V29/><F111/><W114/><G114/><T110/><D110/><U129/><E108/><V37/><F37/><W38/><G38/><T67/><D28/><U9/><E126/><V100/><F120/><W113/><G113/><T106/><D106/><U89/><E42/><V39/><F39/><W48/><G48/><T49/><D125/><U83/><E30/><V24/><F14/><W63/><G63/><T107/><D107/><U132/><E132/><V17/><F17/><W52/><G8/><T21/><D67/><U27/><E27/><V121/><F121/><W46/><G46/><T43/><D10/><U66/><E66/><V82/><F82/><W68/><G0/><T23/><D133/><U112/><E112/><V7/><F7/><W92/><G68/><T15/><D130/><U41/><E41/><V127/><F127/><W51/><G51/><T31/><D55/><U122/><E122/><V13/><F13/><W2/><G2/><T135/><D135/><U90/><E129/><V47/><F47/><W6/><G6/><T71/><D71/><U134/><E134/><V103/><F62/><W4/><G4/><T102/><D31/><U123/><E123/><V33/><F69/><W101/><G92/><T77/><D77/><N who="1" m="46319" /><E53/><V128/><F128/><W34/><G34/><T20/><D102/><U16/><E3/><V35/><F103/><W117/><G117/><T79/><D87/><U109/><E109/><RYUUKYOKU ba="2,0" sc="213,-30,255,10,269,10,263,10" hai1="5,9,11,12,16,89,90,91,97,99" hai2="24,29,33,35,36,40,45,75,78,80,98,100,105" hai3="22,26,52,56,59,60,61,64,73,74,93,96,101" /><INIT seed="3,3,0,3,1,67" ten="183,265,279,273" oya="3" hai0="130,86,4,47,104,5,29,77,114,43,81,68,102" hai1="42,35,111,105,92,52,19,39,109,90,65,55,93" hai2="78,128,64,76,74,40,34,32,6,60,1,110,24" hai3="54,13,70,85,82,123,46,8,30,58,125,17,2"/><W38/><G123/><T106/><D130/><U107/><E35/><V59/><F128/><W97/><G125/><T72/><D114/><U3/><E3/><V134/><F134/><W101/><G2/><T10/><D5/><U22/><E65/><V50/><F110/><N who="1" m="41993" /><E42/><V28/><F34/><W69/><G30/><T7/><D7/><U79/><E79/><V12/><F1/><W116/><G116/><T27/><D86/><N who="1" m="52311" /><E93/><V51/><F74/><W75/><G75/><T122/><D122/><U80/><E80/><V71/><F71/><W21/><G8/><T15/><D102/><U49/><E39/><V108/><F108/><W135/><G135/><T94/><D94/><U98/><E98/><V131/><F131/><W115/><G115/><T83/><D83/><U129/><E129/><V23/><F32/><W14/><G14/><T88/><D88/><U36/><E36/><V103/><F103/><W20/><G20/><T63/><D63/><U25/><E55/><V31/><F31/><W113/><G113/><T126/><D126/><U44/><AGARI ba="3,0" hai="19,22,25,44,49,52,105,107" m="52311,41993" machi="44" ten="30,2000,0" yaku="14,1,54,1" doraHai="67" who="1" fromWho="1" sc="183,-8,265,29,279,-8,273,-13" /><INIT seed="4,0,0,5,1,92" ten="175,294,271,260" oya="0" hai0="28,33,71,135,57,43,49,58,66,88,8,121,104" hai1="35,38,23,48,30,62,46,55,94,134,76,65,117" hai2="109,100,75,44,41,118,51,91,3,110,12,34,103" hai3="105,40,64,132,128,60,106,56,7,59,96,67,111"/><T5/><D104/><U78/><E35/><V90/><F3/><W19/><G111/><T80/><D121/><U4/><E134/><V68/><F68/><W18/><G132/><T126/><D71/><U84/><E38/><V25/><F118/><W81/><G7/><T26/><D135/><U82/><E4/><V37/><F75/><W21/><G128/><T114/><D114/><U61/><E117/><V123/><F123/><W102/><G40/><T16/><D126/><U54/><E76/><V87/><F91/><W83/><G105/><T130/><D130/><U2/><E2/><V32/><F37/><W45/><G45/><T112/><D112/><U129/><E129/><V89/><F89/><W42/><G42/><T10/><D66/><U50/><E94/><V122/><F122/><W95/><G106/><T63/><D63/><U107/><E107/><V108/><F12/><N who="3" m="9415" /><G19/><T11/><D5/><U120/><E120/><V9/><F9/><W98/><G98/><T125/><D125/><U1/><E1/><V52/><F41/><W29/><G29/><T131/><D131/><U124/><E124/><V14/><F14/><W36/><G36/><T116/><D116/><U6/><E6/><V86/><F86/><W15/><G15/><T47/><REACH who="0" step="1"/><D16/><REACH who="0" ten="165,294,271,260" step="2"/><U73/><E65/><V53/><F109/><W99/><G64/><T31/><D31/><U17/><E30/><N who="2" m="19535" /><F110/><W70/><G70/><T27/><D27/><N who="1" m="14831" /><E61/><V115/><F108/><W119/><G119/><T127/><D127/><U39/><E62/><V97/><F115/><W133/><G133/><T77/><D77/><RYUUKYOKU ba="0,1" sc="165,30,294,-10,271,-10,260,-10" hai0="8,10,11,26,28,33,43,47,49,57,58,80,88" /><INIT seed="4,1,1,4,3,28" ten="195,284,261,250" oya="0" hai0="102,114,89,31,79,22,56,113,91,118,104,47,64" hai1="97,110,40,80,125,69,74,130,103,6,107,93,96" hai2="122,131,29,32,81,106,55,27,12,73,20,127,92" hai3="77,72,134,98,19,94,35,86,116,13,67,95,60"/><T48/><D118/><U129/><E69/><V53/><F106/><W39/><G116/><T11/><D79/><N who="1" m="44151" /><E40/><V38/><F122/><W63/><G39/><T62/><D11/><U4/><E110/><V68/><F68/><W7/><G134/><T117/><D117/><U57/><E57/><V109/><F109/><W45/><G72/><T23/><D104/><U33/><E33/><V46/><F131/><N who="1" m="50185" /><E125/><V44/><F92/><W26/><G45/><T126/><D102/><AGARI ba="1,1" hai="4,6,93,96,97,102,103,107" m="50185,44151" machi="102" ten="30,1000,0" yaku="19,1" doraHai="28" who="1" fromWho="0" sc="195,-13,284,23,261,0,250,0" owari="182,-32.0,307,41.0,261,6.0,250,-15.0" /></mjloggm>