<mjloggm ver="2.3"><GO type="97" lobby="0"/><UN n0="%E5%8B%9D%E4%B9%9F" n1="%E3%82%BF%E3%82%B1%E3%83%8E%E3%82%B3%E5%A7%AB" n2="%E3%82%A6%E3%83%AB%E3%83%88%E3%83%A9%E7%AB%8B%E7%9B%B4" n3="%E9%87%8C%E4%B8%AD%E4%BA%9C%E7%9F%A2%E5%AD%90" dan="13,15,14,15" rate="1878.76,1996.90,1962.69,1999.58" sx="M,F,M,F"/><TAIKYOKU oya="0"/><INIT seed="0,0,0,2,1,99" ten="250,250,250,250" oya="0" hai0="89,56,57,38,18,32,82,120,65,123,116,58,72" hai1="42,93,109,127,23,85,47,40,104,119,67,44,132" hai2="75,81,121,27,15,122,105,19,79,34,91,51,26" hai3="31,83,107,45,4,103,77,78,59,60,12,88,14"/><T133/><D116/><U5/><E104/><V62/><F105/><W90/><G31/><T94/><D38/><U64/><E119/><V13/><F27/><W53/><G45/><T6/><D32/><U0/><E109/><V7/><F7/><W54/><G54/><T66/><D6/><U106/><E106/><V68/><F15/><W36/><G36/><T70/><D133/><U100/><E132/><V112/><F112/><W61/><G61/><T2/><D2/><U11/><E127/><V50/><F50/><W9/><G77/><T28/><D28/><U73/><E73/><V92/><F51/><W63/><G63/><T24/><D72/><U98/><E85/><V25/><F26/><W74/><REACH who="3" step="1"/><G12/><REACH who="3" ten="250,250,250,240" step="2"/><T55/><D66/><U126/><E126/><V46/><F46/><W30/><G30/><T117/><D117/><U86/><E44/><V37/><F37/><W10/><G10/><T125/><D125/><U101/><E42/><V131/><F25/><W118/><G118/><T22/><D55/><U33/><E33/><V16/><F34/><W102/><G102/><T129/><D129/><U48/><E100/><V114/><F131/><W69/><G69/><T135/><D135/><U52/><E40/><V3/><F114/><W97/><AGARI ba="0,1" hai="4,9,14,53,59,60,74,78,83,88,90,97,103,107" machi="97" ten="30,8000,1" yaku="1,1,0,1,52,1,54,1,53,1" doraHai="99" doraHaiUra="8" who="3" fromWho="3" sc="250,-40,250,-20,250,-20,240,90" /><INIT seed="1,0,0,5,2,35" ten="210,230,230,330" oya="1" hai0="65,38,71,12,50,61,11,127,15,69,41,22,45" hai1="63,119,126,128,39,120,123,110,101,117,111,23,34" hai2="99,131,81,33,94,13,66,5,103,89,19,43,97" hai3="134,92,57,86,72,62,107,70,100,84,54,25,59"/><U82/><E39/><V96/><F33/><W36/><G72/><T2/><D127/><U68/><E101/><V130/><F66/><W24/><G36/><T133/><D133/><U91/><E34/><V121/><F43/><W1/><G1/><T85/><D71/><U132/><E23/><V8/><F121/><N who="1" m="46665" /><E132/><V74/><F74/><W10/><G70/><T75/><D75/><U4/><E4/><V135/><F135/><W44/><G134/><T17/><D85/><N who="1" m="50615" /><E63/><V114/><F114/><W104/><G44/><T83/><D83/><U122/><N who="1" m="46673" /><U46/><DORA hai="37" /><E46/><V129/><F81/><W116/><G10/><T79/><D79/><U55/><E55/><V67/><F67/><W112/><G54/><T77/><D77/><U109/><E68/><V125/><F125/><W73/><G62/><T30/><D30/><U56/><E56/><V53/><F53/><W93/><G73/><T105/><D105/><U48/><E48/><V47/><F47/><W78/><G78/><T14/><REACH who="0" step="1"/><D38/><REACH who="0" ten="200,230,230,330" step="2"/><U106/><E106/><V98/><F103/><W115/><G116/><N who="1" m="44618" /><E126/><V18/><AGARI ba="0,1" hai="5,8,13,18,19,89,94,96,97,98,99,129,130,131" machi="18" ten="40,2700,0" yaku="0,1,19,1" doraHai="35,37" who="2" fromWho="2" sc="200,-7,230,-13,230,37,330,-7" /><INIT seed="2,0,0,0,5,54" ten="193,217,267,323" oya="2" hai0="50,39,13,69,9,105,52,27,46,45,121,17,29" hai1="112,42,64,90,95,79,31,101,92,88,32,113,135" hai2="12,55,67,103,130,59,10,120,61,93,37,96,122" hai3="73,11,6,72,99,53,41,20,44,63,100,2,123"/><V22/><F37/><W124/><G123/><T58/><D121/><U131/><E42/><V127/><F127/><W115/><G124/><T133/><D69/><U102/><E64/><V57/><F130/><W98/><G115/><N who="1" m="44106" /><E31/><V38/><F38/><N who="3" m="21559" /><G53/><T71/><D71/><U51/><E51/><V117/><F117/><W86/><G63/><T34/><D105/><U68/><E68/><V85/><F22/><W75/><G86/><T40/><REACH who="0" step="1"/><D133/><REACH who="0" ten="183,217,267,323" step="2"/><U76/><E135/><V91/><F120/><W111/><G111/><T7/><D7/><U89/><E131/><V62/><F122/><W82/><G6/><T80/><D80/><U30/><E95/><V36/><F36/><W5/><G82/><T47/><AGARI ba="0,1" hai="9,13,17,27,29,34,39,40,45,46,47,50,52,58" machi="47" ten="30,7900,0" yaku="1,1,0,1,52,1,54,1,53,0" doraHai="54" doraHaiUra="60" who="0" fromWho="0" sc="183,89,217,-20,267,-39,323,-20" /><INIT seed="3,0,0,1,0,5" ten="272,197,228,303" oya="3" hai0="50,135,76,1,10,99,87,7,13,98,37,53,75" hai1="120,34,15,78,22,65,125,64,17,90,110,92,118" hai2="96,56,68,72,57,47,46,27,59,119,41,35,55" hai3="97,36,101,74,45,23,117,102,16,91,95,114,81"/><W132/><G114/><T122/><D122/><U124/><E120/><V103/><F72/><W105/><G117/><T121/><D121/><U25/><E118/><V115/><F115/><W88/><G132/><T61/><D37/><U111/><E78/><V39/><F119/><W126/><G126/><T18/><D135/><U63/><E65/><V106/><F68/><W54/><G54/><T33/><D75/><U32/><E64/><V31/><REACH who="2" step="1"/><F47/><REACH who="2" ten="272,197,218,303" step="2"/><W0/><G74/><T67/><D33/><U29/><E34/><V62/><AGARI ba="0,1" hai="27,31,35,39,41,46,55,56,57,59,62,96,103,106" machi="62" ten="20,5200,0" yaku="1,1,2,1,0,1,7,1,53,0" doraHai="5" doraHaiUra="4" who="2" fromWho="2" sc="272,-13,197,-13,218,62,303,-26" /><INIT seed="4,0,0,0,5,6" ten="259,184,280,277" oya="0" hai0="84,36,68,16,96,128,78,10,52,108,14,110,113" hai1="30,57,55,26,93,64,77,65,127,112,95,31,59" hai2="24,11,76,135,89,53,121,71,104,46,56,134,83" hai3="45,20,8,18,1,17,131,54,67,4,103,82,90"/><T32/><D32/><U60/><E127/><V23/><F71/><W97/><G131/><T132/><D68/><U3/><E3/><V61/><F89/><W13/><G67/><T74/><D36/><U72/><E30/><N who="2" m="17695" /><F104/><W109/><G109/><N who="0" m="42091" /><D74/><U94/><E112/><V41/><F121/><W80/><G90/><T21/><D113/><U79/><E72/><V125/><F125/><W117/><G117/><T98/><D132/><N who="2" m="50730" /><F83/><W115/><G115/><T12/><D128/><U35/><REACH who="1" step="1"/><E64/><REACH who="1" ten="259,174,280,277" step="2"/><V130/><F130/><W73/><G73/><T37/><D37/><U0/><E0/><V85/><F76/><W102/><G1/><T58/><D78/><U40/><E40/><V51/><F85/><W44/><G54/><T99/><D84/><U43/><E43/><V119/><F119/><W9/><G80/><T111/><D111/><U42/><E42/><V124/><F124/><W29/><G82/><T87/><D87/><U75/><E75/><V81/><F81/><W2/><G2/><T120/><D120/><U86/><E86/><V7/><F41/><W50/><G97/><T39/><D39/><U19/><E19/><V49/><F46/><W25/><G44/><T34/><D34/><U118/><E118/><V62/><F53/><N who="3" m="29903" /><G17/><N who="0" m="8343" /><D99/><U69/><E69/><V101/><F56/><W5/><G18/><T38/><D38/><U27/><E27/><V47/><F47/><W105/><G4/><T114/><D114/><U48/><AGARI ba="0,1" hai="26,31,35,48,55,57,59,60,65,77,79,93,94,95" machi="48" ten="30,2000,0" yaku="1,1,0,1,53,0" doraHai="6" doraHaiUra="126" who="1" fromWho="1" sc="259,-10,174,30,280,-5,277,-5" /><INIT seed="5,0,0,1,2,84" ten="249,204,275,272" oya="1" hai0="52,68,127,91,83,13,34,104,120,6,80,119,77" hai1="95,123,61,17,89,117,70,49,88,47,101,60,50" hai2="69,20,18,97,109,4,55,15,81,63,51,103,82" hai3="43,75,5,39,73,106,21,59,23,102,62,118,133"/><U129/><E117/><V79/><F109/><W76/><G118/><T1/><D119/><U96/><E123/><V98/><F4/><W99/><G133/><T24/><D68/><U107/><E107/><V3/><F3/><W33/><G33/><T125/><D104/><U45/><E129/><V8/><F69/><W7/><G43/><T9/><D1/><U35/><E35/><V113/><F113/><W128/><G39/><T58/><D120/><U116/><E116/><V31/><F63/><N who="1" m="24137" /><E17/><V53/><F55/><W37/><G37/><T134/><D134/><U122/><E70/><V121/><F121/><W66/><G128/><T16/><D34/><U14/><E14/><V27/><F103/><W28/><G76/><T105/><D24/><U112/><E112/><V41/><F41/><W78/><G78/><T85/><D105/><U111/><E111/><V93/><F79/><W38/><G38/><T90/><D6/><U71/><E71/><V108/><F108/><W135/><G135/><T30/><D30/><U42/><E122/><V130/><F130/><W25/><REACH who="3" step="1"/><G21/><REACH who="3" ten="249,204,275,262" step="2"/><T126/><REACH who="0" step="1"/><D83/><REACH who="0" ten="239,204,275,262" step="2"/><U115/><E115/><V2/><F82/><W72/><AGARI ba="0,2" hai="5,7,23,25,28,59,62,66,72,73,75,99,102,106" machi="72" ten="30,7900,0" yaku="1,1,2,1,0,1,53,1" doraHai="84" doraHaiUra="22" who="3" fromWho="3" sc="239,-20,204,-39,275,-20,262,99" owari="219,-18.0,165,-33.0,255,6.0,361,45.0" /></mjloggm>