<mjloggm ver="2.3"><GO type="97" lobby="0"/><UN n0="%6B%6F%2D%73%68%69%72%6F" n1="%6B%69%6E%6E%74%79%6F%75" n2="%6E%65%77%6E%65%77" n3="%E3%82%A6%E3%83%AB%E3%83%88%E3%83%A9%E7%AB%8B%E7%9B%B4" dan="14,15,15,13" rate="1952.98,2017.32,1995.33,1865.76" sx="M,M,M,M"/><TAIKYOKU oya="0"/><INIT seed="0,0,0,1,5,61" ten="250,250,250,250" oya="0" hai0="118,84,28,80,90,51,60,19,128,121,13,69,14" hai1="5,15,82,104,105,91,130,38,93,6,71,123,124" hai2="95,37,125,88,133,2,4,3,107,64,49,39,97" hai3="32,132,116,126,70,55,22,53,40,21,42,65,87"/><T41/><D121/><U72/><E71/><V99/><F133/><W103/><G32/><T68/><D118/><U11/><E38/><V1/><F4/><W112/><G103/><T85/><D128/><U46/><E130/><V7/><F7/><W59/><G87/><T16/><D28/><U63/><E123/><V10/><F10/><W52/><G70/><T54/><D85/><U76/><E46/><V27/><F125/><W119/><G112/><T115/><D115/><U36/><E36/><V62/><F49/><W43/><G126/><T33/><D33/><U17/><E124/><V81/><F81/><W26/><G132/><T56/><D41/><U83/><E83/><V78/><F78/><W67/><G59/><T86/><D86/><U98/><E63/><V77/><F77/><W73/><G73/><T23/><D60/><U111/><E111/><V102/><REACH who="2" step="1"/><F27/><REACH who="2" ten="250,250,240,250" step="2"/><W96/><G119/><T122/><D122/><U134/><E134/><V129/><F129/><W35/><G116/><T24/><D24/><U57/><E6/><V66/><F66/><N who="3" m="25099" /><G35/><T48/><D51/><U12/><E57/><AGARI ba="0,1" hai="1,2,3,37,39,57,62,64,88,95,97,99,102,107" machi="57" ten="40,5200,0" yaku="1,1,52,1,54,1,53,0" doraHai="61" doraHaiUra="9" who="2" fromWho="1" sc="250,0,250,-52,240,62,250,0" /><INIT seed="1,0,0,1,0,80" ten="250,198,302,250" oya="1" hai0="67,17,97,44,16,25,107,31,23,122,111,7,3" hai1="81,52,101,82,102,50,100,133,93,8,103,95,131" hai2="41,4,108,42,96,45,118,129,105,19,110,114,77" hai3="99,39,12,85,121,13,57,73,90,58,29,116,15"/><U6/><E133/><V125/><F118/><W34/><G73/><T65/><D122/><U37/><E37/><V70/><F70/><W106/><G39/><T22/><D111/><U54/><E131/><V43/><F129/><W2/><G2/><T5/><D44/><U75/><E75/><V18/><F125/><W87/><G121/><T78/><D78/><U63/><E63/><V84/><F4/><W32/><G116/><T49/><D49/><U53/><E50/><V68/><F45/><W69/><G69/><T61/><D3/><U56/><E56/><N who="3" m="21610" /><G90/><T20/><D107/><U127/><E127/><V28/><F28/><W119/><G29/><T64/><D97/><U117/><E117/><V79/><F68/><W98/><G106/><T66/><N who="0" m="16896" /><DORA hai="35" /><T24/><D61/><U74/><E74/><V51/><F51/><W9/><G9/><T83/><REACH who="0" step="1"/><D83/><REACH who="0" ten="240,198,302,250" step="2"/><U33/><E82/><N who="2" m="47183" /><F79/><W36/><G36/><T59/><D59/><U1/><E81/><V38/><F38/><W120/><G120/><T55/><D55/><U135/><E135/><V86/><F114/><W134/><G134/><T130/><D130/><U47/><E47/><V46/><F46/><W71/><G119/><T11/><D11/><U88/><E95/><V126/><F126/><W132/><G132/><T89/><D89/><U21/><E103/><V76/><F96/><N who="3" m="36907" /><G71/><T0/><D0/><U91/><E91/><V104/><F104/><W10/><G10/><T124/><D124/><U30/><E102/><V115/><F105/><W27/><G27/><AGARI ba="0,1" hai="5,7,16,17,20,22,23,24,25,27,31" m="16896" machi="27" ten="50,8000,1" yaku="1,1,9,1,8,1,54,1,53,1" doraHai="80,35" doraHaiUra="26,113" who="0" fromWho="3" sc="240,90,198,0,302,0,250,-80" /><INIT seed="2,0,0,3,1,78" ten="330,198,302,170" oya="2" hai0="128,65,114,51,104,118,126,60,21,123,54,87,70" hai1="38,133,1,112,7,130,9,46,83,73,27,77,55" hai2="3,34,135,131,8,42,82,72,17,58,6,26,81" hai3="110,45,56,28,93,86,47,53,111,16,97,80,5"/><V113/><F113/><W101/><G28/><T109/><D104/><U48/><E112/><V75/><F131/><W13/><G5/><T50/><D114/><U67/><E130/><V107/><F107/><W79/><G110/><T105/><D128/><U124/><E124/><V36/><F135/><W122/><G111/><T103/><D109/><U132/><E67/><V134/><F134/><N who="1" m="51817" /><E27/><V108/><F58/><W119/><G119/><T35/><D35/><U33/><E33/><V23/><F108/><W63/><REACH who="3" step="1"/><G122/><REACH who="3" ten="330,198,302,160" step="2"/><T19/><D123/><U99/><E99/><V24/><F72/><W61/><G61/><T25/><D118/><U115/><E115/><V117/><F117/><W29/><G29/><T90/><D126/><U88/><E38/><V96/><F75/><W30/><G30/><T84/><D54/><U66/><E66/><V0/><F34/><W52/><G52/><T44/><D44/><U4/><E4/><V32/><F32/><W95/><G95/><T74/><D74/><U59/><E46/><V37/><F3/><W91/><G91/><AGARI ba="0,1" hai="1,7,9,48,55,59,73,77,83,88,91" m="51817" machi="91" ten="30,3900,0" yaku="20,1,52,1,54,1" doraHai="78" who="1" fromWho="3" sc="330,0,198,49,302,0,160,-39" /><INIT seed="3,0,0,2,5,72" ten="330,247,302,121" oya="3" hai0="128,94,81,58,108,112,29,40,83,125,34,100,23" hai1="10,8,90,61,30,21,52,84,51,126,102,46,50" hai2="7,120,69,89,54,3,13,134,77,60,35,68,115" hai3="59,99,113,106,133,11,88,17,24,19,49,70,124"/><W15/><G70/><T55/><D108/><U101/><E126/><V119/><F35/><W9/><G124/><T48/><D125/><U71/><E71/><V18/><F120/><W14/><G113/><T25/><D128/><U67/><E67/><V33/><F119/><W118/><G118/><T65/><D112/><U129/><E129/><V27/><F115/><W87/><G133/><T92/><D34/><U121/><E121/><V37/><F37/><W26/><G99/><N who="0" m="59495" /><D40/><U12/><E61/><V85/><F134/><W75/><G106/><T66/><D94/><U93/><E51/><V91/><F68/><W2/><G2/><T122/><D122/><U135/><E135/><V110/><F110/><W131/><G131/><T114/><D114/><U45/><E45/><V132/><F69/><W117/><G75/><T80/><AGARI ba="0,0" hai="23,25,29,48,55,58,65,66,80,81,83" m="59495" machi="80" ten="30,1100,0" yaku="8,1" doraHai="72" who="0" fromWho="0" sc="330,11,247,-3,302,-3,121,-5" owari="341,44.0,244,-16.0,299,10.0,116,-38.0" /></mjloggm>