<mjloggm ver="2.3"><GO type="169" lobby="0"/><UN n0="%E3%80%90%E3%81%A1%E3%82%85%E3%81%AE%E3%81%A0%E3%80%91" n1="%E8%A1%A8%E8%A3%8F%E8%A3%8F" n2="%77%61%64%6F%70%72%6F" n3="%E3%82%A6%E3%83%AB%E3%83%88%E3%83%A9%E7%AB%8B%E7%9B%B4" dan="17,17,16,17" rate="2141.38,2149.65,2107.86,2186.91" sx="M,M,M,M"/><TAIKYOKU oya="0"/><INIT seed="0,0,0,4,4,31" ten="250,250,250,250" oya="0" hai0="30,35,33,61,67,49,108,36,45,130,126,81,100" hai1="99,60,73,117,22,57,55,131,47,63,116,0,9" hai2="97,87,44,120,95,37,65,115,79,91,46,53,21" hai3="111,71,109,23,128,34,62,92,107,19,129,58,16"/><T114/><D114/><U18/><E131/><N who="3" m="50250" /><G107/><T29/><D130/><U52/><E73/><V122/><F115/><W84/><G71/><T123/><D36/><U103/><E0/><V11/><F65/><W2/><G2/><T7/><D123/><U72/><E9/><V132/><F132/><W78/><G34/><T134/><D134/><U59/><E72/><V104/><F11/><W74/><G74/><T118/><D118/><U93/><REACH who="1" step="1"/><E47/><REACH who="1" ten="250,240,250,250" step="2"/><V113/><F46/><W8/><G8/><T3/><D45/><U50/><E50/><V28/><F37/><W135/><G135/><T41/><D49/><U110/><E110/><V124/><F113/><W68/><G111/><T96/><D3/><U24/><AGARI ba="0,1" hai="18,22,24,52,55,57,59,60,63,93,99,103,116,117" machi="24" ten="20,8000,1" yaku="1,1,0,1,7,1,9,1,54,1,53,0" doraHai="31" doraHaiUra="86" who="1" fromWho="1" sc="250,-40,240,90,250,-20,250,-20" /><INIT seed="1,0,0,2,2,15" ten="210,330,230,230" oya="1" hai0="129,97,6,57,106,133,19,114,49,84,26,104,119" hai1="117,7,120,82,83,40,107,23,96,76,123,62,0" hai2="35,128,54,116,101,22,99,100,71,1,92,98,73" hai3="88,60,43,34,20,102,94,78,65,135,91,68,93"/><U109/><E117/><V11/><F35/><W8/><G34/><T87/><D119/><U18/><E40/><V51/><F116/><W28/><G135/><T32/><D114/><U50/><E109/><V66/><F73/><W115/><G115/><T125/><D6/><U39/><E39/><V24/><F128/><W90/><G78/><T75/><D75/><U67/><E50/><V13/><F1/><W4/><G43/><T105/><D129/><U118/><E118/><V81/><F81/><W77/><G77/><T63/><D125/><U9/><E107/><V111/><F111/><W2/><REACH who="3" step="1"/><G102/><REACH who="3" ten="210,330,230,220" step="2"/><T74/><D133/><U132/><E76/><V21/><F101/><W27/><AGARI ba="0,1" hai="2,4,8,20,27,28,60,65,68,88,90,91,93,94" machi="27" ten="30,7900,0" yaku="1,1,2,1,0,1,54,1,53,0" doraHai="15" doraHaiUra="37" who="3" fromWho="3" sc="210,-20,330,-39,230,-20,220,89" /><INIT seed="2,0,0,2,3,33" ten="190,291,210,309" oya="2" hai0="12,32,25,49,44,11,50,61,18,82,97,66,85" hai1="31,89,76,134,104,46,110,68,57,6,45,118,17" hai2="108,126,128,127,35,102,38,20,65,27,78,19,96" hai3="59,116,21,8,13,106,37,112,1,72,117,54,71"/><V14/><F38/><W74/><G71/><T107/><D32/><U121/><E68/><V63/><F78/><W120/><G106/><T77/><D25/><U131/><E104/><N who="2" m="63559" /><F128/><W58/><G37/><T86/><D86/><U129/><E76/><V130/><F130/><W62/><G120/><T84/><D84/><U123/><E89/><V115/><F115/><W111/><G112/><T103/><REACH who="0" step="1"/><D44/><REACH who="0" ten="180,291,210,309" step="2"/><U22/><E45/><V30/><F108/><W55/><G111/><T101/><D101/><U109/><E46/><V60/><F65/><W99/><G99/><T28/><D28/><U15/><E110/><V79/><F79/><W80/><G80/><T91/><D91/><U24/><E109/><V73/><F73/><W47/><G47/><T90/><D90/><U70/><E123/><V10/><F35/><W98/><G98/><T23/><D23/><U113/><E121/><V125/><AGARI ba="0,1" hai="10,14,19,20,27,30,60,63,125,126,127" m="63559" machi="125" ten="30,1500,0" yaku="18,1" doraHai="33" who="2" fromWho="2" sc="180,-5,291,-5,210,25,309,-5" /><INIT seed="2,1,0,3,2,109" ten="175,286,235,304" oya="2" hai0="27,43,126,37,98,120,58,49,42,108,33,107,7" hai1="90,25,23,89,112,29,15,70,53,51,104,82,3" hai2="68,20,74,61,38,97,132,64,124,84,63,129,10" hai3="127,35,114,44,118,117,18,69,96,40,94,103,135"/><V119/><F74/><W100/><G35/><T116/><D120/><U60/><E3/><V32/><F32/><W5/><G69/><T128/><D108/><U45/><E104/><V2/><F119/><W83/><G5/><T34/><D116/><U26/><E112/><V28/><F38/><W102/><G127/><T85/><D126/><U93/><E70/><V78/><F124/><W133/><G18/><T72/><D72/><U4/><E60/><V66/><F132/><N who="3" m="50763" /><G83/><T24/><D128/><U122/><E122/><V16/><F129/><W19/><G19/><T91/><D7/><U30/><E82/><V131/><F131/><W39/><G114/><T73/><D73/><U105/><E105/><V59/><F28/><N who="1" m="10857" /><E23/><V36/><F36/><W67/><G67/><T12/><D37/><U80/><E80/><V121/><F121/><W92/><G92/><T75/><D75/><U55/><E55/><V9/><F2/><W47/><G44/><T14/><D34/><U41/><E41/><N who="0" m="15369" /><D107/><U88/><E93/><V0/><F0/><W13/><G118/><T62/><D33/><U106/><E106/><V81/><REACH who="2" step="1"/><F97/><REACH who="2" ten="175,286,225,304" step="2"/><W46/><G117/><T113/><D98/><U87/><E87/><V8/><F8/><AGARI ba="1,1" hai="4,8,15,25,26,45,51,53,88,89,90" m="10857" machi="8" ten="30,2000,0" yaku="8,1,54,1" doraHai="109" who="1" fromWho="2" sc="175,0,286,33,225,-23,304,0" /><INIT seed="3,0,0,3,5,22" ten="175,319,202,304" oya="3" hai0="74,80,112,117,108,69,104,4,86,119,134,89,129" hai1="36,87,127,32,91,30,34,39,131,85,25,9,19" hai2="3,31,52,40,128,81,116,107,97,37,109,123,56" hai3="54,114,125,72,16,68,130,83,1,62,6,20,126"/><W21/><G114/><T113/><D69/><U29/><E131/><V14/><F3/><W41/><G130/><T121/><D129/><U75/><E75/><V49/><F128/><W58/><G41/><T100/><D4/><U132/><E132/><V95/><F116/><N who="0" m="44618" /><D121/><U111/><E127/><N who="3" m="48650" /><G68/><T33/><D33/><U46/><E111/><V115/><F109/><W99/><G99/><N who="0" m="61471" /><D108/><U70/><E70/><V71/><F115/><N who="0" m="44106" /><D74/><U27/><E46/><V96/><F123/><W47/><G47/><T10/><D10/><U0/><E0/><V106/><F71/><W101/><G21/><T118/><N who="0" m="44626" /><T98/><DORA hai="28" /><D98/><U88/><E19/><V12/><F40/><W92/><G6/><T67/><D67/><U45/><E45/><V135/><F37/><W42/><G42/><T73/><D73/><U78/><E9/><V94/><F31/><W5/><G5/><T133/><AGARI ba="0,0" hai="80,86,89,133,134" m="44106,61471,44626" machi="133" ten="50,6400,0" yaku="11,1,34,2" doraHai="22,28" who="0" fromWho="0" sc="175,64,319,-16,202,-16,304,-32" /><INIT seed="4,0,0,3,0,106" ten="239,303,186,272" oya="0" hai0="111,25,28,44,83,62,63,8,88,2,43,17,14" hai1="48,116,59,120,31,69,12,122,19,96,24,121,93" hai2="78,100,45,50,58,108,110,125,133,97,74,65,35" hai3="9,55,54,36,130,81,135,51,71,30,76,94,47"/><T124/><D2/><U123/><E69/><V87/><F35/><W20/><G71/><T64/><D124/><U39/><E39/><V41/><F74/><W107/><G107/><T60/><D111/><U23/><E116/><V84/><F125/><W95/><G36/><T46/><D64/><U40/><E121/><V33/><F33/><W29/><G130/><T27/><D43/><U1/><E1/><V18/><F133/><W73/><G135/><T11/><D11/><U114/><E114/><V89/><F78/><W10/><G55/><T85/><REACH who="0" step="1"/><D27/><REACH who="0" ten="229,303,186,272" step="2"/><N who="1" m="16895" /><E40/><V4/><F110/><W99/><G9/><T90/><D90/><N who="1" m="55351" /><E24/><V126/><F108/><W67/><G67/><T102/><D102/><U37/><E123/><V128/><F126/><W15/><G10/><T77/><D77/><U26/><E26/><V22/><F89/><W80/><G76/><T34/><AGARI ba="0,1" hai="8,14,17,25,28,34,44,46,60,62,63,83,85,88" machi="34" ten="30,12000,1" yaku="1,1,0,1,54,1,53,2" doraHai="106" doraHaiUra="42" who="0" fromWho="0" sc="229,130,303,-40,186,-40,272,-40" /><INIT seed="4,1,0,0,5,16" ten="359,263,146,232" oya="0" hai0="85,135,3,61,47,15,59,24,44,109,2,98,41" hai1="89,77,94,23,87,42,108,68,10,45,32,72,99" hai2="120,29,51,107,96,27,26,90,97,131,22,82,8" hai3="122,46,133,38,64,95,79,111,0,1,129,105,117"/><T81/><D135/><U75/><E32/><V43/><F120/><W127/><RYUUKYOKU type="yao9" ba="1,0" sc="359,0,263,0,146,0,232,0" hai3="0,1,38,46,64,79,95,105,111,117,122,127,129,133" /><INIT seed="4,2,0,1,2,114" ten="359,263,146,232" oya="0" hai0="30,38,92,12,125,28,95,9,130,74,17,32,6" hai1="41,88,64,14,21,0,50,123,116,29,134,99,94" hai2="35,129,119,108,67,112,133,128,104,19,49,105,93" hai3="124,85,1,25,109,131,40,52,18,16,55,10,3"/><T78/><D38/><U117/><E0/><V44/><F108/><W100/><G109/><T60/><D125/><U77/><E123/><V53/><F112/><W61/><G124/><T120/><D120/><U42/><E77/><V51/><F35/><W47/><G131/><N who="2" m="50249" /><F133/><W36/><G100/><T7/><D130/><U76/><E76/><V24/><F67/><W23/><G85/><T27/><D30/><U91/><E134/><V75/><F75/><W43/><G43/><T83/><D60/><U111/><E111/><V103/><F51/><W5/><G3/><T57/><D57/><U132/><E132/><V73/><F73/><W80/><G80/><T11/><REACH who="0" step="1"/><D17/><REACH who="0" ten="349,263,146,232" step="2"/><N who="1" m="10423" /><E50/><V22/><F19/><W113/><G113/><T2/><AGARI ba="2,1" hai="2,6,7,9,11,12,27,28,32,74,78,83,92,95" machi="2" ten="20,3900,0" yaku="1,1,0,1,7,1,53,0" doraHai="114" doraHaiUra="70" who="0" fromWho="0" sc="349,55,263,-15,146,-15,232,-15" /><INIT seed="4,3,0,2,0,72" ten="404,248,131,217" oya="0" hai0="91,121,7,124,13,67,95,71,130,44,94,27,29" hai1="51,16,105,107,49,14,43,18,80,101,48,32,108" hai2="47,106,2,57,21,85,64,81,88,41,73,102,1" hai3="78,12,3,98,53,111,46,104,117,26,115,69,109"/><T39/><D121/><U38/><E108/><V74/><F64/><W75/><G12/><T134/><D134/><U50/><E32/><V116/><F116/><W119/><G26/><T45/><D124/><U4/><E38/><V15/><F57/><W92/><G53/><T20/><D130/><U33/><E33/><V11/><F21/><W68/><G46/><T8/><D39/><U36/><E36/><V83/><F102/><N who="3" m="62551" /><G3/><T87/><D71/><U31/><E31/><V99/><F99/><W0/><G0/><T5/><D67/><U58/><E101/><V22/><F22/><W112/><G92/><N who="0" m="35371" /><D5/><U17/><E80/><AGARI ba="3,0" hai="7,8,13,20,27,29,44,45,80,87,91" m="35371" machi="80" ten="30,1500,0" yaku="8,1" doraHai="72" who="0" fromWho="1" sc="404,24,248,-24,131,0,217,0" /><INIT seed="4,4,0,0,0,127" ten="428,224,131,217" oya="0" hai0="32,15,33,82,132,20,119,26,74,134,30,23,103" hai1="114,11,47,44,133,122,55,48,6,118,40,95,81" hai2="86,98,97,100,65,14,124,129,45,3,4,52,121" hai3="50,68,120,88,25,37,42,111,63,105,91,27,84"/><T85/><D74/><U17/><E122/><V29/><F121/><W96/><G37/><T101/><D119/><U38/><E118/><V75/><F75/><W107/><G120/><T46/><D46/><U60/><E133/><N who="0" m="51305" /><D20/><U8/><E114/><V1/><F124/><W9/><G111/><T135/><D135/><U99/><E81/><V19/><F29/><W76/><G76/><N who="0" m="46279" /><D15/><N who="1" m="5527" /><E38/><V66/><F1/><W128/><G9/><T24/><D32/><U104/><E104/><V62/><F4/><W89/><G107/><T92/><D92/><U36/><E36/><V31/><F3/><W73/><G73/><T116/><D116/><U112/><E112/><V56/><F31/><AGARI ba="4,0" hai="23,24,26,30,31,33,101,103" m="46279,51305" machi="31" ten="30,1500,0" yaku="20,1" doraHai="127" who="0" fromWho="2" sc="428,27,224,0,131,-27,217,0" /><INIT seed="4,5,0,0,1,68" ten="455,224,104,217" oya="0" hai0="33,95,79,39,102,117,18,135,66,120,94,34,93" hai1="90,48,119,19,56,11,1,81,3,2,58,126,128" hai2="16,51,27,131,133,24,73,130,105,97,113,12,100" hai3="110,38,31,80,83,47,74,13,62,6,103,123,134"/><T67/><D117/><U84/><E119/><V96/><F73/><W118/><G118/><T111/><D102/><U92/><E128/><N who="2" m="49195" /><F133/><W22/><G110/><T37/><D135/><U63/><E126/><V21/><F113/><W99/><G123/><T132/><D132/><U85/><E48/><V75/><F75/><W44/><G134/><T61/><D79/><U71/><E71/><V15/><F97/><W87/><G80/><T104/><D104/><U101/><E101/><V30/><F51/><W50/><G62/><T53/><D18/><U98/><E98/><V129/><N who="2" m="49203" /><V49/><DORA hai="112" /><F49/><W5/><G74/><T40/><D94/><U54/><E56/><V121/><F121/><W124/><G124/><T89/><D120/><U127/><E127/><V115/><F115/><W59/><G59/><T36/><D40/><U32/><E85/><V65/><F65/><W91/><G47/><T72/><D72/><U4/><E81/><V82/><F82/><W86/><G86/><T35/><D61/><U0/><E54/><V43/><F43/><W116/><G50/><T41/><D53/><U46/><E63/><V7/><F7/><W76/><G5/><T108/><D41/><U20/><E46/><V114/><F114/><W70/><G6/><T14/><D93/><U88/><E58/><V26/><F15/><W52/><G13/><T55/><D14/><N who="1" m="9335" /><E90/><V77/><F77/><W42/><G91/><T60/><D55/><U9/><E4/><V125/><F125/><W45/><G70/><N who="0" m="42311" /><D67/><U64/><N who="1" m="0" /><DORA hai="10" /><U107/><E64/><V69/><F69/><RYUUKYOKU ba="5,0" sc="455,15,224,-15,104,15,217,-15" hai0="33,34,35,36,37,39,89,95,108,111" hai2="12,16,21,24,26,27,30,96,100,105" /><INIT seed="4,6,0,2,0,56" ten="470,209,119,202" oya="0" hai0="85,125,11,80,12,102,28,105,134,124,24,22,14" hai1="58,117,35,92,18,38,34,82,46,63,69,66,20" hai2="43,94,59,76,47,36,75,79,119,88,91,52,57" hai3="54,123,7,100,8,42,65,16,62,41,64,77,51"/><T72/><D72/><U108/><E108/><V93/><F119/><W96/><G77/><T131/><D134/><U30/><E117/><V2/><F2/><W90/><G90/><T84/><D131/><U39/><E82/><V109/><F109/><W40/><G123/><T6/><D14/><U122/><E122/><V126/><F126/><N who="0" m="48746" /><D80/><U99/><E30/><V71/><F71/><W112/><G112/><T101/><D105/><U97/><E97/><V67/><F75/><W9/><G64/><T21/><D21/><U98/><E98/><N who="2" m="57639" /><F36/><W118/><G118/><T68/><D68/><U23/><E69/><V15/><F15/><W129/><G129/><T26/><D26/><U81/><E81/><V17/><F17/><W55/><G7/><T78/><D78/><N who="2" m="29738" /><F43/><W103/><G9/><T0/><D0/><U106/><E18/><V5/><F5/><W135/><G135/><T74/><D74/><U53/><E106/><V50/><F67/><W115/><G16/><T104/><D104/><U111/><E111/><V4/><F4/><W127/><G8/><T45/><D84/><AGARI ba="6,0" hai="47,50,52,57,59,84,91,94" m="29738,57639" machi="84" ten="30,3900,0" yaku="8,1,54,2" doraHai="56" who="2" fromWho="0" sc="470,-57,209,0,119,57,202,0" /><INIT seed="5,0,0,4,1,3" ten="413,209,176,202" oya="1" hai0="59,58,122,26,56,91,33,35,63,51,85,69,90" hai1="89,48,120,99,86,11,130,50,134,22,103,118,135" hai2="132,108,65,30,52,116,67,71,41,77,29,21,17" hai3="92,113,0,76,12,70,83,115,36,107,28,98,25"/><U10/><E120/><V82/><F108/><W124/><G0/><T32/><D122/><U23/><E118/><V131/><F116/><W31/><G107/><T47/><D26/><U88/><E103/><V102/><F132/><N who="1" m="50729" /><E99/><V8/><F131/><W54/><G36/><T94/><D90/><N who="1" m="34923" /><E86/><V101/><F101/><W37/><G37/><T13/><D69/><U68/><E68/><V123/><F71/><W74/><G70/><T60/><D13/><U9/><E130/><V121/><F102/><W106/><G106/><T57/><D57/><U80/><E80/><V18/><F82/><W24/><G92/><T44/><D44/><U2/><E2/><V87/><F87/><W7/><G98/><T1/><D1/><U73/><E73/><V15/><F123/><W114/><G83/><T55/><AGARI ba="0,0" hai="32,33,35,47,51,55,56,58,59,60,63,85,91,94" machi="55" ten="40,1500,0" yaku="0,1" doraHai="3" who="0" fromWho="0" sc="413,15,209,-7,176,-4,202,-4" /><INIT seed="6,0,0,2,5,78" ten="428,202,172,198" oya="2" hai0="87,108,106,70,89,82,129,75,34,119,35,74,73" hai1="101,80,40,65,104,58,54,126,110,50,91,72,1" hai2="26,103,123,4,122,37,63,67,109,12,94,28,97" hai3="44,31,38,83,105,46,120,61,81,51,93,42,117"/><V56/><F37/><W131/><G105/><T24/><D70/><U77/><E110/><V135/><F135/><W15/><G120/><T134/><D106/><U127/><E1/><V96/><F109/><W5/><G117/><T64/><D64/><U39/><E65/><V92/><F12/><W14/><G131/><T132/><D129/><U22/><E22/><V115/><F4/><W66/><G31/><T10/><D108/><U11/><E11/><V20/><REACH who="2" step="1"/><F115/><REACH who="2" ten="428,202,162,198" step="2"/><W17/><G5/><T49/><D132/><U113/><E113/><V57/><F57/><W90/><G14/><T47/><D134/><U9/><E39/><V3/><F3/><W45/><G38/><T116/><D116/><U71/><E58/><V30/><F30/><W69/><G45/><T16/><D47/><U55/><E71/><V114/><F114/><W107/><G46/><T59/><D59/><U68/><E68/><V86/><F86/><W79/><G15/><T100/><D87/><U48/><E127/><V52/><F52/><W95/><G17/><T53/><D53/><U88/><E126/><V25/><F25/><W18/><G18/><T60/><D24/><U33/><E54/><V23/><F23/><W43/><G43/><T62/><D16/><U98/><E55/><V124/><F124/><W8/><G42/><T41/><D41/><U0/><E40/><V99/><F99/><W121/><G44/><T19/><D19/><U36/><E36/><V102/><AGARI ba="0,1" hai="20,26,28,56,63,67,92,94,96,97,102,103,122,123" machi="102" ten="20,18000,2" yaku="1,1,0,1,7,1,9,1,25,2,53,1" doraHai="78" doraHaiUra="21" who="2" fromWho="2" sc="428,-60,202,-60,162,190,198,-60" /><INIT seed="6,1,0,0,5,58" ten="368,142,352,138" oya="2" hai0="42,10,130,79,72,109,53,133,75,50,49,6,55" hai1="69,54,123,14,90,93,96,129,84,41,126,77,128" hai2="115,117,15,37,12,46,70,18,34,111,113,102,48" hai3="87,76,7,24,30,100,94,20,86,23,104,135,78"/><V65/><F117/><W33/><G135/><T80/><D109/><U85/><E123/><V114/><F34/><W88/><G7/><T26/><D133/><U120/><E120/><V5/><F111/><W71/><G71/><T97/><D130/><N who="1" m="50283" /><E126/><V21/><F37/><W43/><G43/><T3/><D75/><U17/><E69/><V40/><F102/><W11/><G11/><T62/><D42/><U52/><E41/><V99/><F99/><W118/><G118/><T106/><D26/><U16/><E17/><V125/><F125/><W1/><G1/><T95/><D106/><U91/><E77/><V103/><F103/><W122/><G122/><T32/><D32/><U64/><E64/><V82/><F82/><W116/><G116/><T68/><D55/><N who="1" m="21035" /><E91/><V27/><REACH who="2" step="1"/><F5/><REACH who="2" ten="368,142,342,138" step="2"/><W47/><G100/><T22/><D50/><U9/><AGARI ba="1,1" hai="9,14,16,84,85,90,93,96" m="21035,50283" machi="9" ten="30,4000,0" yaku="19,1,54,2" doraHai="58" who="1" fromWho="1" sc="368,-11,142,53,342,-21,138,-11" /><INIT seed="7,0,0,5,0,24" ten="357,195,321,127" oya="3" hai0="8,1,39,75,41,91,44,37,81,25,80,106,19" hai1="105,93,5,121,130,125,31,62,120,16,17,29,82" hai2="108,74,45,128,84,87,7,102,78,109,6,118,15" hai3="26,61,23,66,68,122,20,115,132,49,73,50,83"/><W55/><G132/><T85/><D106/><U57/><E105/><V13/><F45/><W110/><G115/><T2/><D39/><U101/><E121/><V86/><F78/><W114/><G114/><T69/><D69/><U104/><E104/><V124/><F74/><W94/><G122/><T56/><D56/><U92/><E120/><V96/><F118/><W58/><G110/><T22/><D8/><U116/><E116/><V51/><F51/><W10/><G10/><T48/><D48/><U117/><E117/><V107/><F128/><W89/><G50/><T21/><D21/><U35/><E125/><V4/><F124/><W97/><REACH who="3" step="1"/><G26/><REACH who="3" ten="357,195,321,117" step="2"/><T38/><D37/><U34/><E130/><V30/><F109/><W99/><G99/><T131/><D131/><U67/><E5/><V46/><F108/><W95/><G95/><T65/><D25/><U77/><E92/><V100/><F96/><W40/><G40/><T127/><D127/><U12/><E93/><V36/><F107/><W63/><G63/><T79/><D38/><U76/><E62/><V11/><F11/><W123/><G123/><T90/><D41/><U28/><E82/><V71/><F36/><W134/><G134/><T32/><D81/><U9/><E9/><V112/><F112/><W54/><G54/><T59/><D80/><U119/><E119/><V52/><F4/><W64/><G64/><T3/><D65/><U14/><E67/><V72/><F6/><W70/><G70/><T43/><D43/><U111/><E111/><V135/><F7/><W18/><G18/><T42/><D19/><RYUUKYOKU ba="0,1" sc="357,-10,195,-10,321,-10,117,30" hai3="20,23,49,55,58,61,66,68,73,83,89,94,97" /><INIT seed="7,1,1,0,5,116" ten="347,185,311,147" oya="3" hai0="121,132,65,73,108,45,4,30,103,14,82,7,57" hai1="77,29,44,55,20,17,9,80,35,63,43,50,53" hai2="52,72,5,122,56,120,74,25,94,128,129,133,26" hai3="100,28,19,89,125,86,68,78,15,110,115,58,8"/><W104/><G68/><T21/><D121/><N who="2" m="46698" /><F133/><W6/><G110/><T0/><D132/><U11/><E35/><V27/><F5/><N who="0" m="2122" /><D0/><U117/><E117/><V126/><F126/><W135/><G125/><T3/><D73/><N who="2" m="28266" /><F94/><W92/><G135/><T107/><D107/><U99/><E29/><V69/><F69/><W47/><G115/><T13/><D3/><U106/><E99/><V40/><F40/><W87/><G104/><T105/><D105/><U83/><E106/><V84/><F84/><W39/><G100/><T75/><D75/><U85/><E80/><V2/><F2/><W93/><G28/><T42/><D103/><U79/><E79/><V113/><F113/><W130/><G130/><T112/><D82/><U64/><E53/><V51/><AGARI ba="1,1" hai="25,26,27,51,52,56,128,129" m="28266,46698" machi="51" ten="40,8000,1" yaku="13,1,52,3,54,1" doraHai="116" who="2" fromWho="2" sc="347,-21,185,-21,311,93,147,-41" owari="326,13.0,164,-24.0,404,50.0,106,-39.0" /></mjloggm>