<mjloggm ver="2.3"><GO type="41" lobby="0"/><UN n0="%6D%69%79%61%63%68%75" n1="%6B%69%6D%6B%6F%75" n2="%E3%82%A6%E3%83%AB%E3%83%88%E3%83%A9%E7%AB%8B%E7%9B%B4" n3="%E3%82%BF%E3%83%BC%E3%83%A4" dan="14,14,15,15" rate="1927.87,1943.12,2023.25,2046.42" sx="M,M,M,M"/><TAIKYOKU oya="0"/><INIT seed="0,0,0,4,1,71" ten="250,250,250,250" oya="0" hai0="112,50,0,97,44,22,85,90,101,86,19,43,12" hai1="24,20,73,108,118,55,16,66,126,122,94,125,41" hai2="96,1,114,15,72,3,27,63,14,26,119,67,121" hai3="65,30,28,47,70,134,75,59,31,130,8,133,123"/><T115/><D0/><U110/><E122/><V104/><F72/><W32/><G32/><T80/><REACH who="0" step="1"/><D86/><REACH who="0" ten="240,250,250,250" step="2"/><U35/><E73/><V11/><F3/><W56/><G75/><T9/><D9/><U107/><E118/><V39/><F11/><W64/><G123/><T98/><D98/><U116/><E116/><V62/><F1/><W120/><G120/><T88/><D88/><U29/><E126/><V4/><F96/><W33/><G8/><T77/><D77/><U46/><E125/><V54/><F121/><W58/><G33/><T111/><D111/><U18/><E35/><V117/><F117/><W82/><G130/><T57/><D57/><U10/><E10/><V69/><F119/><W128/><G128/><T135/><D135/><N who="3" m="51721" /><G70/><T74/><D74/><U100/><E110/><V84/><F69/><W45/><G82/><T5/><D5/><U76/><E108/><V51/><F4/><W89/><G89/><T81/><D81/><U40/><E76/><V92/><F84/><W93/><G93/><AGARI ba="0,1" hai="12,19,22,43,44,50,80,85,90,93,97,101,112,115" machi="93" ten="30,5800,0" yaku="1,1,7,1,53,1" doraHai="71" doraHaiUra="79" who="0" fromWho="3" sc="240,68,250,0,250,0,250,-58" /><INIT seed="0,1,0,2,1,42" ten="308,250,250,192" oya="0" hai0="85,10,25,101,88,39,20,109,69,49,115,59,131" hai1="58,97,95,55,37,82,38,4,110,9,23,24,72" hai2="32,125,135,128,99,73,71,66,65,54,123,77,18" hai3="89,17,75,43,107,51,3,83,5,48,114,12,68"/><T14/><D115/><U96/><E110/><V129/><F123/><W53/><G68/><T103/><D69/><U16/><E72/><V134/><F32/><W30/><G30/><N who="0" m="17703" /><D39/><U63/><E82/><V41/><F77/><W56/><G107/><T22/><D22/><U44/><E96/><V1/><F1/><W62/><G114/><T127/><D127/><U34/><E34/><V36/><F73/><W64/><G3/><T78/><D78/><U60/><E60/><V132/><F18/><W19/><G75/><T33/><D33/><U76/><E76/><V67/><F99/><W45/><G5/><N who="0" m="3407" /><D131/><N who="2" m="50250" /><F54/><W47/><G12/><T79/><D79/><U111/><E111/><V81/><F81/><W98/><G83/><N who="0" m="49215" /><D109/><U27/><E27/><V70/><F125/><W130/><REACH who="3" step="1"/><G130/><REACH who="3" ten="308,250,250,182" step="2"/><T8/><D8/><U121/><E121/><V124/><F124/><W46/><G46/><AGARI ba="1,1" hai="36,41,46,65,66,67,70,71,132,134,135" m="50250" machi="46" ten="40,8000,1" yaku="20,1,19,1,34,2,52,1" doraHai="42" who="2" fromWho="3" sc="308,0,250,0,250,93,182,-83" /><INIT seed="1,0,0,2,3,15" ten="308,250,343,99" oya="1" hai0="65,54,98,77,47,82,69,131,91,72,96,43,129" hai1="125,88,73,20,71,115,12,31,61,130,55,64,104" hai2="66,16,57,25,76,5,120,119,67,40,121,29,39" hai3="94,22,118,85,21,37,56,117,10,106,28,30,41"/><U19/><E104/><V48/><F119/><W100/><G106/><T124/><D124/><U81/><E125/><V38/><F76/><W86/><G56/><T92/><D54/><U108/><E115/><V109/><F5/><W122/><G94/><T52/><D65/><U24/><E130/><N who="0" m="49673" /><D69/><U23/><E108/><V59/><F29/><W13/><G13/><T74/><D72/><U123/><E123/><V80/><F80/><W36/><G122/><T11/><D11/><U44/><E55/><V97/><F97/><W9/><REACH who="3" step="1"/><G41/><REACH who="3" ten="308,250,343,89" step="2"/><T14/><D14/><U51/><E44/><V58/><F58/><W126/><G126/><T17/><D43/><U70/><E70/><V49/><F40/><W75/><G75/><T105/><D105/><U107/><E107/><V34/><F109/><W87/><G87/><T4/><D74/><U1/><E1/><V95/><F95/><W32/><G32/><T68/><D92/><U128/><E128/><V60/><F34/><W101/><AGARI ba="0,1" hai="9,10,21,22,28,30,36,37,85,86,100,101,117,118" machi="101" ten="25,6400,0" yaku="1,1,0,1,22,2,53,0" doraHai="15" doraHaiUra="93" who="3" fromWho="3" sc="308,-16,250,-32,343,-16,89,74" /><INIT seed="2,0,0,4,5,21" ten="292,218,327,163" oya="2" hai0="93,18,4,129,114,124,112,83,107,32,128,75,125" hai1="10,15,90,28,55,72,0,7,40,106,77,84,38" hai2="44,42,99,47,73,62,64,12,52,134,105,23,119" hai3="61,8,111,54,102,58,127,74,29,3,31,46,56"/><V37/><F73/><W50/><G74/><T13/><D107/><U57/><E106/><V95/><F105/><W121/><G121/><T87/><D32/><U86/><E28/><V96/><F119/><W132/><G132/><T104/><D104/><U85/><E15/><V39/><F134/><W34/><G34/><T45/><D45/><U69/><E69/><V133/><F133/><W116/><G116/><T65/><D65/><U53/><E57/><V118/><F118/><W20/><G127/><N who="0" m="48715" /><D4/><U71/><E90/><V94/><F12/><W22/><G111/><T110/><D93/><U120/><E71/><V109/><F109/><W91/><G102/><T17/><D75/><U131/><E120/><V49/><F23/><W51/><G91/><N who="0" m="51711" /><D110/><U30/><E30/><N who="3" m="11274" /><G8/><N who="0" m="6311" /><D18/><U9/><E7/><V76/><F76/><W16/><G16/><T41/><D41/><U79/><E40/><V78/><F78/><W66/><G3/><T67/><D67/><U36/><E0/><V1/><F1/><W70/><G70/><T101/><D101/><U27/><E79/><V135/><F135/><W63/><G46/><T14/><D14/><U122/><E77/><V48/><F95/><W81/><G81/><T2/><D2/><U19/><E122/><V80/><F80/><W26/><G20/><T97/><D97/><N who="2" m="37450" /><F94/><W103/><G103/><T113/><AGARI ba="0,0" hai="112,113,114,128,129" m="6311,51711,48715" machi="113" ten="40,1500,0" yaku="18,1" doraHai="21" who="0" fromWho="0" sc="292,15,218,-4,327,-7,163,-4" /><INIT seed="3,0,0,3,3,20" ten="307,214,320,159" oya="3" hai0="77,120,121,29,94,84,111,1,113,82,56,67,0" hai1="63,32,93,75,90,54,23,118,117,53,125,89,40" hai2="18,43,14,6,71,9,102,107,134,62,109,58,95" hai3="69,16,59,131,112,4,2,130,8,36,78,51,126"/><W65/><G36/><T92/><D111/><U101/><E32/><V87/><F71/><W110/><G112/><T76/><D29/><U91/><E75/><V3/><F134/><W48/><G126/><T105/><D105/><U35/><E125/><V24/><F109/><W72/><G110/><T28/><D28/><U124/><E124/><V64/><F43/><W85/><G72/><T86/><D56/><U34/><E40/><V45/><F45/><W47/><G69/><T46/><D46/><U106/><E106/><V81/><F107/><W10/><G85/><T38/><D38/><U88/><E101/><V44/><F44/><W100/><G100/><T26/><D67/><U57/><E54/><V30/><F95/><W116/><G78/><T79/><D79/><U5/><E5/><V129/><F102/><W13/><G116/><T60/><D60/><U37/><E37/><V115/><F115/><W80/><G80/><T49/><D82/><U108/><E108/><V12/><F129/><W7/><G7/><T11/><D113/><U42/><E42/><V39/><F39/><W83/><G83/><T123/><D123/><U127/><E127/><V128/><F18/><W104/><G104/><T68/><D68/><U98/><REACH who="1" step="1"/><E23/><REACH who="1" ten="307,204,320,159" step="2"/><V50/><F128/><N who="3" m="49195" /><G47/><T41/><D121/><U133/><E133/><V96/><F6/><W114/><G114/><T15/><D120/><U17/><E17/><V135/><F135/><W61/><AGARI ba="0,1" hai="2,4,8,10,13,16,48,51,59,61,65" m="49195" machi="61" ten="30,3000,0" yaku="19,1,54,1" doraHai="20" who="3" fromWho="3" sc="307,-10,204,-10,320,-10,159,40" /><INIT seed="3,1,0,1,4,49" ten="297,194,310,199" oya="3" hai0="51,100,25,36,68,3,6,16,72,37,28,58,104" hai1="60,45,90,31,92,29,10,69,112,74,98,87,61" hai2="131,96,62,132,56,4,9,66,0,79,84,86,26" hai3="134,67,120,93,78,55,65,30,115,126,2,22,47"/><W108/><G120/><T95/><D68/><U12/><E74/><V70/><F132/><W17/><G2/><T89/><D72/><U101/><E112/><V121/><F131/><W48/><G115/><T19/><D104/><U97/><E97/><V5/><F121/><W128/><G128/><T64/><D100/><U38/><E69/><V133/><F133/><W63/><G134/><T103/><D103/><U114/><E114/><V109/><F109/><W14/><G126/><T111/><D111/><U39/><E31/><V20/><F5/><W53/><G108/><T85/><D3/><U82/><E29/><V59/><F96/><W123/><G123/><T13/><D36/><U118/><E118/><V106/><F106/><W7/><G7/><T117/><D37/><U83/><E83/><V46/><F46/><W75/><G30/><T73/><D73/><U125/><E125/><V33/><F33/><W127/><G127/><T102/><D102/><U54/><E39/><V34/><F34/><W119/><G119/><T135/><D135/><U44/><E38/><V40/><F40/><W88/><G78/><T27/><D117/><U81/><E81/><V8/><F8/><W43/><G75/><T124/><D124/><U15/><E15/><V1/><F1/><W77/><G77/><T41/><D13/><U113/><E113/><V32/><F32/><W42/><G42/><T21/><D41/><U52/><E45/><V50/><F79/><W91/><G91/><T80/><D89/><U57/><E44/><V23/><F0/><W105/><G105/><T24/><D28/><RYUUKYOKU ba="1,0" sc="297,0,194,0,310,0,199,0" /><INIT seed="4,2,0,5,3,121" ten="297,194,310,199" oya="0" hai0="128,71,2,0,21,108,59,92,43,28,46,64,86" hai1="103,25,20,68,127,66,62,51,41,4,106,53,95" hai2="29,3,126,24,101,58,11,32,118,124,67,9,60" hai3="63,80,91,102,89,50,113,8,19,130,107,112,31"/><T17/><D128/><U85/><E106/><V22/><F118/><W57/><G130/><T109/><D71/><U44/><E127/><N who="2" m="48683" /><F3/><W14/><G31/><T40/><D28/><U13/><E13/><V104/><F32/><W69/><G69/><T5/><D5/><U105/><E4/><V99/><AGARI ba="2,0" hai="9,11,22,24,29,58,60,67,99,101,104" m="48683" machi="99" ten="30,1100,0" yaku="18,1" doraHai="121" who="2" fromWho="2" sc="297,-7,194,-5,310,17,199,-5" /><INIT seed="5,0,0,1,5,62" ten="290,189,327,194" oya="1" hai0="88,72,24,0,22,15,113,32,17,12,97,90,42" hai1="40,13,82,3,49,133,52,41,99,68,56,35,45" hai2="23,101,43,71,73,127,14,51,111,50,37,121,116" hai3="77,96,39,5,16,89,128,2,31,6,36,55,135"/><U120/><E120/><V10/><F73/><W59/><G31/><T132/><D0/><U112/><E35/><V66/><F116/><W18/><G135/><T98/><D72/><U86/><E133/><V64/><F71/><W107/><G77/><T47/><D132/><U20/><E3/><V29/><F37/><W26/><G128/><T75/><D75/><U106/><E68/><V92/><F111/><W19/><G26/><T46/><D113/><U28/><E112/><V60/><F60/><W109/><G109/><T114/><D114/><U61/><E106/><V115/><F127/><W118/><G118/><T103/><D32/><U58/><E99/><N who="0" m="37897" /><D103/><U87/><E58/><V104/><F104/><W34/><G34/><T129/><D129/><U83/><E83/><V117/><F117/><W25/><G25/><T122/><D122/><U78/><E41/><V63/><F63/><W110/><G110/><T119/><D119/><U130/><E130/><V30/><F121/><W100/><G89/><N who="0" m="34411" /><D42/><U67/><E40/><V134/><F134/><W27/><G27/><T44/><AGARI ba="0,0" hai="12,15,17,22,24,44,46,47" m="34411,37897" machi="44" ten="30,2000,0" yaku="8,1,54,1" doraHai="62" who="0" fromWho="0" sc="290,20,189,-10,327,-5,194,-5" /><INIT seed="6,0,0,2,2,7" ten="310,179,322,189" oya="2" hai0="66,72,60,25,125,24,26,91,112,121,41,28,0" hai1="69,106,44,62,31,94,107,109,54,90,37,3,117" hai2="124,15,10,79,110,83,134,12,70,34,129,9,67" hai3="96,65,77,53,32,73,16,127,49,2,43,92,135"/><V88/><F34/><W87/><G32/><T99/><D121/><U19/><E117/><V30/><F30/><W68/><G73/><T52/><D112/><U116/><E116/><V13/><F70/><W82/><G127/><T115/><D115/><U74/><E109/><V38/><F38/><W85/><G135/><T114/><D114/><U86/><E74/><V39/><F39/><W95/><G43/><T8/><D72/><U123/><E3/><V48/><F67/><W80/><G2/><T36/><D125/><U133/><E123/><V33/><F33/><W119/><G119/><T23/><D36/><U57/><E133/><V122/><F122/><W50/><G50/><T78/><D41/><U128/><E69/><V56/><F124/><W20/><G65/><T101/><D78/><U1/><E1/><V89/><F129/><W18/><G68/><T71/><D91/><N who="2" m="34890" /><F134/><W102/><G92/><T81/><D81/><U105/><E128/><V76/><F110/><W5/><G5/><T27/><D27/><U21/><E37/><V111/><F111/><W35/><G35/><T63/><D99/><U55/><E107/><V6/><F6/><W108/><G108/><T104/><D101/><U14/><E31/><V61/><F61/><W97/><G97/><T126/><D104/><U51/><AGARI ba="0,0" hai="14,19,21,44,51,54,55,57,62,86,90,94,105,106" machi="51" ten="30,1100,0" yaku="0,1" doraHai="7" who="1" fromWho="1" sc="310,-3,179,11,322,-5,189,-3" /><INIT seed="7,0,0,5,3,41" ten="307,190,317,186" oya="3" hai0="33,30,67,70,18,114,134,4,58,64,104,38,135" hai1="106,15,54,71,76,80,132,53,96,111,121,20,59" hai2="102,48,123,108,73,103,90,40,56,57,62,34,27" hai3="25,83,61,11,7,86,31,100,2,125,51,5,63"/><W29/><G125/><T88/><D114/><U91/><E121/><V84/><F73/><W16/><G100/><T36/><D104/><U49/><E71/><V122/><F108/><W128/><G128/><T75/><D75/><U42/><E111/><V6/><F6/><W130/><G130/><T24/><D70/><U35/><E35/><V118/><F118/><W113/><G113/><T74/><D74/><U127/><E127/><V95/><F34/><W69/><G69/><T92/><D4/><N who="3" m="1609" /><G2/><T55/><D18/><U77/><E42/><V45/><F57/><W120/><G120/><N who="2" m="46121" /><F27/><W116/><G116/><T79/><D79/><U124/><E124/><V97/><F97/><W81/><G51/><N who="0" m="31103" /><D38/><U78/><E96/><V23/><F23/><N who="3" m="13543" /><G11/><T105/><D36/><U21/><E106/><V126/><F126/><W99/><G99/><N who="0" m="57735" /><D105/><U119/><E119/><V87/><F87/><W17/><G17/><T107/><D107/><U37/><E37/><V93/><F93/><W14/><G14/><T98/><D98/><U19/><E15/><V46/><F46/><W50/><G50/><T68/><D68/><U101/><E49/><V94/><F94/><W12/><G12/><T9/><D9/><U10/><E19/><V115/><F115/><W28/><G83/><T112/><D112/><U89/><E80/><V117/><F117/><W129/><G129/><T39/><D39/><U22/><E10/><V32/><F32/><W3/><G3/><T85/><D85/><U8/><E8/><V131/><F131/><W43/><G43/><T133/><AGARI ba="0,0" hai="24,30,33,64,67,133,134,135" m="57735,31103" machi="133" ten="30,2000,0" yaku="20,1,54,1" doraHai="41" who="0" fromWho="0" sc="307,20,190,-5,317,-5,186,-10" owari="327,42.0,185,-21.0,312,11.0,176,-32.0" /></mjloggm>