<mjloggm ver="2.3"><GO type="97" lobby="0"/><UN n0="%E8%97%A4%E7%94%B0%E5%92%B2" n1="%E3%81%B5%E3%81%86%E3%81%8C%E2%99%AA" n2="%E5%B0%B1%E6%B4%BB%E7%94%9F%40%E5%B7%9D%E6%9D%91%E8%BB%8D%E5%9B%A3" n3="%59%61%69%74%6F%68" dan="13,14,13,14" rate="1851.65,1942.49,1870.72,1869.64" sx="M,M,M,M"/><TAIKYOKU oya="0"/><INIT seed="0,0,0,3,2,90" ten="250,250,250,250" oya="0" hai0="112,33,77,60,94,69,71,28,133,21,87,38,55" hai1="88,32,2,103,19,100,74,81,116,29,40,41,26" hai2="62,46,12,7,54,101,110,13,80,122,22,127,123" hai3="102,98,73,10,49,82,108,18,84,31,37,125,104"/><T105/><D105/><U0/><E116/><V99/><F110/><W5/><G37/><T92/><D33/><U52/><E19/><V34/><F127/><W36/><G36/><T75/><D75/><U20/><E32/><V57/><F34/><W119/><G119/><T120/><D120/><U91/><E0/><V96/><F96/><W58/><G108/><T48/><D112/><U24/><E2/><V95/><F80/><W14/><G125/><T50/><D38/><U6/><E6/><V35/><F35/><W129/><G129/><T63/><D71/><U70/><E26/><V113/><F113/><W85/><G31/><T117/><D69/><U121/><E70/><V131/><F131/><W89/><G73/><T93/><D117/><U67/><E67/><V56/><F46/><W17/><G58/><N who="0" m="34911" /><D133/><U132/><E132/><V9/><REACH who="2" step="1"/><F57/><REACH who="2" ten="250,250,240,250" step="2"/><W106/><G106/><T3/><D3/><U42/><E121/><V135/><F135/><W45/><REACH who="3" step="1"/><G85/><REACH who="3" ten="250,250,240,240" step="2"/><T44/><D87/><N who="1" m="50287" /><E74/><V30/><F30/><W25/><G25/><T68/><D28/><U118/><E24/><V76/><F76/><W64/><G64/><T114/><D77/><U16/><E29/><V27/><F27/><W97/><G97/><T79/><D79/><U65/><E118/><V115/><F115/><W86/><G86/><T78/><D78/><U83/><E65/><V134/><F134/><W130/><G130/><T111/><D114/><U39/><E39/><V53/><F53/><AGARI ba="0,2" hai="5,10,14,17,18,45,49,53,82,84,89,98,102,104" machi="53" ten="30,3900,0" yaku="1,1,7,1,53,1" doraHai="90" doraHaiUra="4" who="3" fromWho="2" sc="250,0,250,0,240,-39,240,59" /><INIT seed="1,0,0,1,5,56" ten="250,250,201,299" oya="1" hai0="48,54,62,51,91,23,4,84,97,20,87,34,88" hai1="72,99,36,107,90,73,125,124,61,115,100,126,117" hai2="58,104,53,30,74,57,6,24,94,112,116,19,39" hai3="106,76,111,64,108,114,96,35,52,26,33,85,63"/><U46/><E117/><V83/><F104/><W55/><G114/><T21/><D34/><U135/><E115/><V120/><F39/><W42/><G42/><T69/><D4/><U109/><E135/><V11/><F120/><W71/><G106/><T60/><D69/><U67/><E109/><N who="3" m="42058" /><G96/><T3/><D3/><U101/><E101/><V92/><F112/><W78/><G35/><T59/><D97/><U81/><E90/><N who="0" m="34345" /><D51/><U43/><REACH who="1" step="1"/><E81/><REACH who="1" ten="250,240,201,299" step="2"/><V0/><F83/><N who="3" m="47335" /><G78/><T93/><D93/><U49/><E49/><V80/><F116/><W10/><G10/><T113/><D113/><U128/><E128/><V47/><F80/><W70/><G70/><AGARI ba="0,1" hai="36,43,46,61,67,70,72,73,99,100,107,124,125,126" machi="70" ten="40,24000,3" yaku="1,1,18,1,23,2,52,1,53,3" doraHai="56" doraHaiUra="134" who="1" fromWho="3" sc="250,0,240,250,201,0,299,-240" /><INIT seed="1,1,0,1,2,60" ten="250,490,201,59" oya="1" hai0="97,28,26,105,63,48,23,92,19,134,4,110,77" hai1="49,67,18,20,125,99,1,78,76,112,126,111,83" hai2="94,72,44,79,81,129,7,37,70,0,133,71,8" hai3="9,80,52,123,88,122,91,15,62,131,117,124,69"/><U14/><E112/><V120/><F120/><W108/><G117/><T29/><D105/><U107/><E1/><V115/><F115/><W75/><G108/><T6/><D77/><U86/><E111/><V2/><F2/><W41/><G131/><T106/><D106/><U21/><E49/><V113/><F113/><W128/><G128/><T30/><D110/><U43/><E43/><V16/><F129/><W95/><G124/><T35/><D35/><U132/><E132/><V57/><F133/><W5/><G41/><T130/><D130/><U96/><E107/><V98/><F57/><W47/><G47/><T31/><D134/><U104/><E104/><V45/><F16/><W116/><G116/><T127/><D127/><U89/><E18/><V102/><F44/><W56/><G69/><T11/><D63/><U25/><E25/><V22/><F22/><W17/><G5/><N who="0" m="2155" /><D48/><U100/><E14/><V36/><F37/><W87/><REACH who="3" step="1"/><G75/><REACH who="3" ten="250,490,201,49" step="2"/><T40/><D40/><AGARI ba="1,1" hai="0,7,8,36,40,45,70,71,72,79,81,94,98,102" machi="40" ten="40,2600,0" yaku="25,2" doraHai="60" who="2" fromWho="0" sc="250,-29,490,0,201,39,49,0" /><INIT seed="2,0,0,2,3,1" ten="221,490,240,49" oya="2" hai0="15,77,50,51,55,75,17,124,30,133,0,61,123" hai1="84,90,131,111,91,103,78,22,23,25,96,114,135" hai2="99,35,57,93,43,64,89,5,28,58,59,54,118" hai3="37,63,71,24,29,69,76,130,112,4,113,72,45"/><V13/><F118/><W60/><G130/><T122/><D0/><U125/><E114/><V134/><F134/><W68/><G72/><T47/><D133/><U48/><E111/><V115/><F115/><N who="3" m="44107" /><G76/><T44/><D30/><U108/><E108/><V19/><F43/><N who="3" m="22767" /><G4/><T41/><D77/><U49/><E125/><V40/><F40/><W98/><G98/><T80/><D75/><U7/><E7/><V132/><F132/><W53/><G53/><T10/><D80/><U105/><E131/><V126/><F126/><W32/><AGARI ba="0,0" hai="24,29,32,60,63,68,69,71" m="22767,44107" machi="32" ten="40,1500,0" yaku="11,1" doraHai="1" who="3" fromWho="3" sc="221,-4,490,-4,240,-7,49,15" /><INIT seed="3,0,0,4,1,96" ten="217,486,233,64" oya="3" hai0="82,2,115,23,93,92,76,9,94,65,61,57,59" hai1="80,97,63,48,51,129,107,15,13,32,73,18,111" hai2="114,119,35,132,5,130,122,36,131,69,128,77,89" hai3="121,112,38,71,19,3,68,95,110,21,17,27,79"/><W16/><G121/><T39/><D39/><U108/><E32/><V42/><F122/><W54/><G112/><T103/><D115/><U127/><E129/><V106/><F119/><W53/><G38/><T134/><D2/><U46/><E63/><V1/><F114/><W86/><G3/><T113/><D113/><U49/><E46/><N who="2" m="23879" /><F132/><W83/><G110/><T62/><D134/><U7/><E127/><V25/><F106/><W8/><G68/><T116/><D116/><U52/><E7/><V45/><F77/><W10/><G71/><T56/><D9/><N who="3" m="3689" /><G95/><T109/><D109/><U135/><E73/><V58/><F69/><W26/><G26/><T85/><D23/><U41/><E80/><V99/><F1/><W33/><G33/><T40/><D40/><U34/><E34/><V101/><F5/><W87/><G87/><T100/><REACH who="0" step="1"/><D59/><REACH who="0" ten="207,486,233,64" step="2"/><N who="1" m="33159" /><E135/><V91/><F58/><W24/><G24/><T70/><D70/><U31/><E41/><V11/><F11/><W78/><G78/><T124/><D124/><U118/><E111/><V29/><F45/><W126/><G126/><T117/><D117/><U81/><E108/><V37/><F37/><W105/><G105/><T64/><AGARI ba="0,1" hai="56,57,61,62,64,65,76,82,85,92,93,94,100,103" machi="64" ten="30,12000,2" yaku="1,1,0,1,9,1,8,1,52,2,53,0" doraHai="96" doraHaiUra="50" who="0" fromWho="0" sc="207,130,486,-30,233,-30,64,-60" owari="337,14.0,456,56.0,203,-20.0,4,-50.0" /></mjloggm>