<mjloggm ver="2.3"><GO type="97" lobby="0"/><UN n0="%E3%82%A6%E3%83%AB%E3%83%88%E3%83%A9%E7%AB%8B%E7%9B%B4" n1="%E2%86%91%E3%81%84%E3%81%A3%E3%81%9F%E3%82%93%E2%86%93" n2="%6E%6F%6E%65%69%6D%75" n3="%E3%83%9F%E3%83%AB%E3%82%B3%E3%82%AF%E3%83%AD%E3%82%B3%E3%83%83%E3%83%97" dan="15,14,14,15" rate="2008.70,1939.85,1963.02,1989.00" sx="M,M,M,M"/><TAIKYOKU oya="0"/><INIT seed="0,0,0,5,0,39" ten="250,250,250,250" oya="0" hai0="47,42,10,4,41,71,134,127,104,113,81,73,95" hai1="111,87,78,17,128,70,115,60,36,97,67,1,101" hai2="30,84,29,5,130,49,90,8,46,6,106,56,93" hai3="57,13,24,7,125,3,33,123,20,103,25,114,43"/><T27/><D113/><U82/><E115/><V34/><F106/><W132/><G114/><T107/><D71/><U135/><E111/><V121/><F121/><W83/><G123/><T105/><D127/><U16/><E128/><V80/><F130/><W58/><G103/><T74/><D134/><U54/><E135/><V109/><F109/><W99/><G3/><T50/><D81/><U75/><E1/><V120/><F120/><W91/><G125/><T129/><D129/><U96/><E36/><V77/><F34/><W35/><G35/><T66/><D66/><U53/><E75/><V117/><F56/><W9/><G33/><T37/><D95/><U22/><E97/><N who="2" m="57527" /><F117/><W76/><G25/><T88/><D88/><U0/><E0/><V68/><F68/><W119/><G119/><T40/><D27/><U98/><E98/><V26/><F26/><W108/><G108/><T62/><D62/><U124/><E124/><V102/><F102/><W18/><G132/><T14/><REACH who="0" step="1"/><D37/><REACH who="0" ten="240,250,250,250" step="2"/><U126/><E126/><V31/><F8/><W118/><G118/><T55/><AGARI ba="0,1" hai="4,10,14,40,41,42,47,50,55,73,74,104,105,107" machi="55" ten="40,18000,2" yaku="1,1,2,1,0,1,52,3,53,1" doraHai="39" doraHaiUra="11" who="0" fromWho="0" sc="240,190,250,-60,250,-60,250,-60" /><INIT seed="0,1,0,2,1,28" ten="430,190,190,190" oya="0" hai0="94,7,58,89,57,95,71,23,45,12,17,44,127" hai1="22,93,46,88,5,130,61,124,39,29,101,129,21" hai2="103,24,55,98,84,37,77,49,64,19,133,90,68" hai3="105,69,74,108,109,122,118,34,54,131,80,134,70"/><T123/><D71/><U110/><E110/><V107/><F37/><W83/><G54/><T115/><D115/><U25/><E124/><V4/><F4/><W16/><G16/><T1/><D1/><U56/><E101/><V81/><F133/><W41/><G41/><T73/><D73/><U97/><E5/><V8/><F64/><W96/><G96/><T113/><D113/><U60/><E60/><V2/><F68/><W11/><G11/><T31/><D127/><U85/><E97/><V126/><F126/><W59/><G59/><T10/><D31/><U0/><E0/><V91/><F2/><W62/><G62/><T82/><D82/><U53/><REACH who="1" step="1"/><E22/><REACH who="1" ten="430,180,190,190" step="2"/><V75/><F8/><W119/><G109/><T100/><D100/><U106/><E106/><V135/><F135/><W35/><G35/><T33/><D33/><U13/><E13/><V20/><REACH who="2" step="1"/><F75/><REACH who="2" ten="430,180,180,190" step="2"/><W9/><G74/><T36/><D7/><U42/><AGARI ba="1,2" hai="21,25,29,39,42,46,53,56,61,85,88,93,129,130" machi="42" ten="30,4000,0" yaku="1,1,0,1,54,1,53,0" doraHai="28" doraHaiUra="32" who="1" fromWho="1" sc="430,-21,180,63,180,-11,190,-11" /><INIT seed="1,0,0,1,4,110" ten="409,243,169,179" oya="1" hai0="120,75,29,103,6,39,19,125,8,28,86,106,65" hai1="105,111,123,102,5,21,117,132,79,0,66,122,128" hai2="81,38,13,135,71,92,9,78,112,119,74,104,73" hai3="43,88,17,113,61,4,126,55,70,34,15,87,108"/><U114/><E117/><V32/><F104/><W121/><G34/><T14/><D75/><U91/><E111/><V115/><F119/><W93/><G108/><T77/><D39/><U37/><E37/><V45/><F71/><W54/><G121/><T52/><D106/><U98/><E128/><V107/><F107/><W35/><G35/><T47/><D103/><U18/><E132/><V44/><F92/><W20/><G126/><T48/><D125/><U82/><E91/><V50/><F32/><W62/><G43/><T16/><D65/><U7/><E66/><V76/><F135/><W85/><G70/><T26/><D120/><U94/><E105/><V68/><F68/><W31/><G31/><N who="0" m="11851" /><D26/><U12/><E114/><N who="2" m="43563" /><F38/><W25/><G113/><T83/><AGARI ba="0,0" hai="6,8,14,16,19,47,48,52,77,83,86" m="11851" machi="83" ten="30,4000,0" yaku="8,1,54,2" doraHai="110" who="0" fromWho="0" sc="409,40,243,-20,169,-10,179,-10" /><INIT seed="2,0,0,4,3,115" ten="449,223,159,169" oya="2" hai0="21,105,18,13,124,22,87,29,4,126,92,86,91" hai1="82,110,71,119,5,97,68,46,10,130,103,104,106" hai2="76,73,84,25,26,24,51,98,14,75,38,31,80" hai3="53,107,7,20,83,1,3,135,28,52,54,40,125"/><V127/><F38/><W42/><G107/><T39/><D105/><U9/><E106/><V49/><F127/><N who="0" m="48682" /><D4/><U37/><E130/><V45/><F98/><W57/><G125/><T61/><D61/><U89/><E71/><V36/><F31/><W2/><G135/><T59/><D59/><U67/><E68/><V47/><F36/><W56/><G7/><T90/><D39/><U131/><E37/><V58/><F14/><W60/><G83/><N who="0" m="49503" /><D29/><U19/><E131/><V63/><F75/><W94/><G94/><T93/><D93/><U112/><E5/><V17/><F17/><W8/><G8/><AGARI ba="0,0" hai="8,13,18,21,22,87,91,92" m="49503,48682" machi="8" ten="30,1000,0" yaku="18,1" doraHai="115" who="0" fromWho="3" sc="449,10,223,0,159,0,169,-10" /><INIT seed="3,0,0,2,1,81" ten="459,223,159,159" oya="3" hai0="45,120,134,93,39,112,103,33,123,46,78,122,79" hai1="99,12,88,107,98,17,133,44,77,7,24,65,21" hai2="5,80,109,74,43,92,128,127,57,91,38,4,10" hai3="20,97,135,30,64,18,54,125,61,132,85,41,76"/><W108/><G125/><T19/><D19/><U105/><E77/><N who="0" m="29193" /><D39/><U95/><E65/><V50/><F109/><W72/><G30/><T87/><D33/><U84/><E105/><V116/><F116/><W51/><G108/><T130/><D46/><U53/><E107/><V63/><F127/><W121/><G41/><T28/><D45/><U126/><E133/><N who="3" m="51274" /><G121/><T25/><D25/><U1/><E1/><V47/><F74/><W62/><G72/><T83/><D28/><N who="1" m="17423" /><E7/><V56/><F128/><W3/><G3/><T118/><D134/><U26/><E26/><V100/><F100/><W0/><G0/><T2/><D2/><U94/><E126/><V15/><F80/><N who="3" m="47239" /><G97/><N who="0" m="59823" /><D130/><U110/><E99/><N who="2" m="57759" /><F38/><W68/><G68/><T114/><D118/><U32/><E32/><V117/><F117/><W67/><G67/><T104/><D104/><U111/><E110/><V71/><F71/><W8/><G8/><T52/><D52/><U27/><E111/><V89/><F89/><AGARI ba="0,0" hai="83,87,89,112,114,120,122,123" m="59823,29193" machi="89" ten="40,5200,0" yaku="34,2,52,1" doraHai="81" who="0" fromWho="2" sc="459,52,223,0,159,-52,159,0" owari="511,61.0,223,2.0,107,-39.0,159,-24.0" /></mjloggm>