<mjloggm ver="2.3"><GO type="169" lobby="0"/><UN n0="%E3%83%98%E3%82%AF%E3%82%B5%E3%83%BC" n1="%E3%82%A6%E3%83%AB%E3%83%88%E3%83%A9%E7%AB%8B%E7%9B%B4" n2="%74%61%63%6F%73" n3="%E8%B5%A4%E6%9C%A8%E3%81%97%E3%81%92%E3%82%8C" dan="18,17,16,16" rate="2191.31,2212.31,2064.50,2058.53" sx="M,M,M,M"/><TAIKYOKU oya="0"/><INIT seed="0,0,0,3,4,117" ten="250,250,250,250" oya="0" hai0="88,78,56,23,115,89,111,94,10,39,48,92,97" hai1="28,127,70,65,86,46,79,67,80,20,93,100,91" hai2="83,101,17,135,41,98,68,103,34,5,60,13,45" hai3="0,26,24,69,124,53,87,19,18,109,47,95,32"/><T27/><D39/><U42/><E127/><V74/><F34/><W7/><G69/><T8/><D115/><U9/><E70/><V105/><F5/><W129/><G124/><T126/><D126/><U99/><E9/><V57/><F103/><W77/><G109/><T58/><D78/><U108/><E108/><V131/><F68/><W104/><G104/><T15/><D111/><U38/><E28/><V62/><F131/><W130/><G7/><T16/><D48/><U73/><REACH who="1" step="1"/><E20/><REACH who="1" ten="250,240,250,250" step="2"/><V6/><F6/><W49/><G129/><T36/><D36/><U54/><E54/><V112/><F112/><W75/><G130/><T2/><D2/><U85/><E85/><V114/><F114/><W29/><G87/><N who="0" m="52255" /><D8/><U1/><E1/><V107/><F74/><W35/><G0/><T59/><D59/><U82/><AGARI ba="0,1" hai="38,42,46,65,67,73,79,80,82,86,91,93,99,100" machi="82" ten="20,2700,0" yaku="1,1,0,1,7,1,53,0" doraHai="117" doraHaiUra="55" who="1" fromWho="1" sc="250,-13,240,37,250,-7,250,-7" /><INIT seed="1,0,0,0,1,102" ten="237,277,243,243" oya="1" hai0="123,23,5,12,126,108,20,47,89,64,2,101,14" hai1="92,29,125,71,77,93,17,46,95,40,6,88,9" hai2="25,109,80,41,15,55,122,28,26,1,57,13,74" hai3="61,24,44,69,124,132,62,49,27,7,131,114,4"/><U75/><E71/><V30/><F122/><W54/><G114/><T10/><D101/><U60/><E125/><V94/><F1/><W45/><G124/><T39/><D64/><U59/><E29/><V86/><F41/><W51/><G69/><T58/><D58/><U63/><E17/><V21/><F74/><W37/><G37/><T97/><D126/><U34/><E34/><V105/><F94/><W72/><G72/><T67/><D67/><U0/><E59/><V33/><F105/><W48/><G131/><T117/><D117/><U129/><E129/><V90/><REACH who="2" step="1"/><F109/><REACH who="2" ten="237,277,233,243" step="2"/><W68/><G68/><T84/><D108/><U104/><E104/><V32/><F32/><W50/><G132/><T134/><D134/><U106/><E106/><V98/><F98/><W119/><G119/><T133/><D123/><U52/><E93/><V11/><F11/><W56/><G44/><T118/><D97/><U112/><E92/><V73/><F73/><W70/><G45/><T87/><D133/><U121/><E121/><V81/><F81/><W22/><G70/><T135/><D135/><U82/><E112/><V83/><F83/><W36/><G36/><T79/><D118/><U31/><E40/><V3/><F3/><W96/><G96/><T18/><D39/><U16/><E82/><V53/><F53/><W120/><G120/><T100/><D47/><U113/><E46/><V110/><F110/><W66/><G54/><T42/><D42/><U8/><E113/><V103/><F103/><W85/><G66/><T130/><D100/><U78/><E52/><V128/><F128/><RYUUKYOKU ba="0,1" sc="237,-10,277,-10,233,30,243,-10" hai2="13,15,21,25,26,28,30,33,55,57,80,86,90" /><INIT seed="2,1,1,3,0,107" ten="227,267,263,233" oya="2" hai0="44,14,21,91,55,17,16,86,83,5,29,65,123" hai1="102,2,10,100,109,52,7,45,59,127,35,122,41" hai2="68,93,117,69,40,129,118,19,121,104,130,82,75" hai3="9,54,24,120,62,43,34,92,71,22,28,47,134"/><V73/><F104/><W49/><G120/><T53/><D123/><U56/><E35/><V15/><F40/><W25/><G134/><T30/><D65/><U97/><E122/><V103/><F121/><W33/><G9/><T124/><D124/><U126/><E109/><V96/><F68/><W61/><G61/><T13/><D5/><U85/><E85/><V106/><F69/><W26/><G34/><T3/><D3/><U70/><E70/><V113/><F113/><W116/><G116/><N who="2" m="44649" /><F82/><W74/><G74/><N who="2" m="28169" /><F15/><W72/><G72/><T57/><D44/><U80/><E80/><V110/><F19/><W46/><G71/><T94/><D83/><U131/><E127/><V128/><F106/><W76/><G43/><T125/><D125/><U133/><E126/><V99/><F99/><W0/><G0/><T27/><D27/><U67/><E97/><V78/><F110/><W31/><G26/><T81/><D81/><U63/><E102/><V66/><F66/><W135/><G25/><T84/><D84/><U32/><E100/><V42/><F42/><W88/><G24/><T108/><D108/><U37/><E67/><V36/><F36/><W95/><G31/><T6/><D6/><U77/><E7/><V79/><AGARI ba="1,1" hai="78,79,93,96,103,128,129,130" m="28169,44649" machi="79" ten="40,18000,2" yaku="19,1,34,2,52,3" doraHai="107" who="2" fromWho="2" sc="227,-61,267,-61,263,193,233,-61" /><INIT seed="2,2,0,2,5,3" ten="166,206,456,172" oya="2" hai0="47,20,42,34,100,83,39,32,35,7,18,64,48" hai1="69,31,30,75,23,46,86,27,77,91,127,122,28" hai2="0,101,123,54,70,134,40,13,109,78,106,50,82" hai3="73,126,81,49,117,45,12,17,71,26,15,55,60"/><V21/><F0/><W113/><G117/><T112/><D112/><U79/><E69/><V52/><F70/><W19/><G113/><T9/><D100/><U119/><E119/><V114/><F114/><W84/><G73/><T56/><D83/><U33/><E127/><V68/><F68/><W74/><G74/><T128/><D128/><U135/><E135/><V66/><F66/><W85/><G126/><T120/><D120/><U36/><E122/><V38/><F38/><W10/><G26/><T58/><D58/><U105/><E105/><V1/><F1/><W57/><G71/><T59/><D39/><U24/><E75/><V111/><F134/><W118/><G118/><T121/><D64/><U107/><E107/><V131/><F40/><W99/><G99/><T133/><D133/><U62/><E30/><V92/><F92/><W132/><G132/><T95/><D95/><U125/><E125/><V104/><F131/><W115/><G115/><T103/><D103/><U25/><E25/><V53/><F101/><W41/><REACH who="3" step="1"/><G81/><REACH who="3" ten="166,206,456,162" step="2"/><T61/><D121/><U130/><E130/><V98/><F123/><W72/><G72/><T97/><D97/><U87/><E27/><V37/><F98/><W43/><G43/><T8/><D42/><N who="1" m="22855" /><E28/><V11/><F82/><W44/><G44/><T93/><D47/><U129/><E129/><V88/><F104/><W65/><G65/><T4/><D93/><U110/><E24/><V5/><F106/><W90/><G90/><T29/><D29/><U94/><E31/><V80/><F80/><W124/><G124/><T14/><D35/><RYUUKYOKU ba="2,1" sc="166,-10,206,-10,456,-10,162,30" hai3="10,12,15,17,19,41,45,49,55,57,60,84,85" /><INIT seed="3,3,1,2,1,116" ten="156,196,446,192" oya="3" hai0="108,25,81,30,125,73,84,121,10,91,27,40,61" hai1="76,44,92,83,126,4,107,104,72,56,106,11,52" hai2="98,82,117,24,124,105,60,18,22,43,35,31,51" hai3="101,58,15,9,118,77,23,42,109,127,59,34,57"/><W1/><G118/><T133/><D108/><U2/><E126/><V79/><F117/><W48/><G34/><T17/><D125/><U71/><E71/><V53/><F124/><W80/><G127/><T54/><D73/><U64/><E64/><V33/><F43/><W62/><G1/><T37/><D37/><U19/><E19/><V103/><F60/><W97/><G23/><N who="0" m="15679" /><D133/><U8/><E8/><V41/><F41/><W114/><G114/><T38/><D38/><U45/><REACH who="1" step="1"/><E92/><REACH who="1" ten="156,186,446,192" step="2"/><V63/><F18/><N who="3" m="8559" /><G109/><T21/><D10/><U119/><E119/><V13/><F105/><W110/><G110/><T123/><D121/><U46/><E46/><V20/><F31/><W88/><G62/><AGARI ba="3,2" hai="2,4,11,44,45,52,56,62,72,76,83,104,106,107" machi="62" ten="40,2600,0" yaku="1,1,54,1,53,0" doraHai="116" doraHaiUra="131" who="1" fromWho="3" sc="156,0,186,55,446,0,192,-35" /><INIT seed="4,0,0,1,2,80" ten="156,241,446,157" oya="0" hai0="57,74,30,24,10,127,101,33,98,96,55,22,70" hai1="133,2,45,46,65,28,61,94,64,43,123,134,125" hai2="128,21,132,88,25,90,6,4,31,63,71,85,32" hai3="41,48,37,0,82,1,13,50,116,9,20,47,108"/><T131/><D70/><U11/><E123/><V76/><F128/><W7/><G116/><T15/><D74/><U40/><E28/><V59/><F71/><W104/><G108/><T109/><D131/><U115/><E11/><V95/><F132/><W51/><G104/><T60/><D127/><U66/><E2/><V87/><F76/><W73/><G0/><T100/><D109/><U19/><E19/><V54/><F32/><W72/><G72/><T118/><D118/><U3/><E3/><V89/><F89/><W26/><G13/><T39/><D39/><U81/><E81/><AGARI ba="0,0" hai="4,6,21,25,31,54,59,63,81,85,87,88,90,95" machi="81" ten="30,8000,1" yaku="7,1,8,1,52,2,54,1" doraHai="80" who="2" fromWho="1" sc="156,0,241,-80,446,80,157,0" /><INIT seed="5,0,0,0,5,101" ten="156,161,526,157" oya="1" hai0="2,69,103,24,36,11,87,53,27,67,10,18,79" hai1="95,124,112,126,102,121,77,9,37,39,52,15,57" hai2="120,65,129,93,12,92,133,13,34,114,25,0,117" hai3="1,104,45,61,59,7,119,22,63,3,122,30,62"/><U113/><E77/><V128/><F0/><W54/><G122/><T50/><D36/><N who="1" m="13899" /><E121/><V84/><F120/><W16/><G119/><T46/><D2/><U5/><E95/><V125/><F117/><W118/><G118/><T32/><D32/><U35/><E102/><V31/><F65/><W80/><G30/><T47/><D69/><U55/><E35/><V66/><F66/><W72/><G104/><T86/><D103/><U81/><E81/><V48/><F48/><W26/><G45/><N who="0" m="16907" /><D67/><U56/><E57/><V127/><F92/><W19/><G1/><T74/><D74/><U105/><E105/><V14/><F93/><W78/><REACH who="3" step="1"/><G19/><REACH who="3" ten="156,161,526,147" step="2"/><T130/><D18/><U29/><E29/><V33/><F31/><W28/><G28/><T110/><D110/><U99/><E99/><V109/><F109/><W49/><G49/><T123/><D123/><U76/><E76/><V4/><F33/><W6/><G6/><T97/><D97/><U43/><E43/><V115/><F4/><W71/><G71/><T58/><D79/><U90/><E56/><V111/><F111/><W132/><G132/><T20/><D58/><U73/><E5/><V41/><F133/><W51/><G51/><T96/><D50/><U131/><E124/><V60/><F34/><W23/><G23/><T40/><D20/><U106/><E126/><V88/><F125/><W68/><G68/><T42/><D96/><U91/><E106/><V98/><F127/><W94/><G94/><T64/><D40/><U82/><E82/><V107/><F98/><W134/><G134/><T8/><D42/><RYUUKYOKU ba="0,1" sc="156,-10,161,-10,526,-10,147,30" hai3="3,7,16,22,26,54,59,61,62,63,72,78,80" /><INIT seed="6,1,1,2,4,20" ten="146,151,516,177" oya="2" hai0="1,80,10,31,52,42,59,85,49,86,12,4,89" hai1="2,127,38,124,96,68,21,115,44,36,16,132,48" hai2="92,97,129,73,39,102,87,74,111,70,34,18,47" hai3="116,114,130,24,81,56,58,8,112,110,113,90,11"/><V9/><F34/><W37/><G116/><T104/><D104/><U119/><E68/><V75/><F70/><W51/><G37/><T23/><D42/><N who="1" m="24599" /><E2/><V64/><F64/><W32/><G130/><T79/><D1/><U54/><E119/><V99/><F39/><W67/><G110/><T77/><REACH who="0" step="1"/><D86/><REACH who="0" ten="136,151,516,177" step="2"/><U94/><E132/><V46/><F87/><W29/><G114/><T76/><D76/><U55/><E38/><V61/><F74/><W25/><G113/><T30/><D30/><U107/><E107/><V22/><F73/><W7/><G112/><T103/><D103/><N who="1" m="60823" /><E36/><V43/><F75/><W69/><G29/><T45/><D45/><U33/><E115/><V53/><F46/><W60/><G32/><T27/><AGARI ba="1,2" hai="4,10,12,23,27,31,49,52,59,77,79,80,85,89" machi="27" ten="30,12000,2" yaku="1,1,0,1,8,1,52,1,54,1,53,1" doraHai="20" doraHaiUra="26" who="0" fromWho="0" sc="136,143,151,-31,516,-61,177,-31" /><INIT seed="7,0,0,5,2,56" ten="279,120,455,146" oya="3" hai0="121,94,26,41,24,14,36,65,132,87,6,54,112" hai1="9,66,10,83,4,92,28,113,1,47,40,23,39" hai2="88,67,124,7,25,27,43,74,42,15,60,38,76" hai3="46,79,80,63,128,61,72,64,30,103,20,102,2"/><W135/><G2/><T85/><D85/><U122/><E122/><V115/><F38/><W134/><G128/><T91/><D24/><U45/><E113/><V75/><F115/><W106/><G46/><T17/><D26/><U62/><E10/><N who="2" m="4575" /><F76/><W89/><G30/><T73/><D6/><U99/><E47/><V100/><F100/><N who="3" m="38443" /><G106/><T22/><D54/><U86/><E23/><V109/><F109/><W18/><G64/><T111/><D87/><U125/><E28/><V33/><F33/><W0/><G89/><T95/><D91/><U35/><E35/><V78/><F78/><W50/><G50/><T32/><D65/><U58/><E125/><V114/><F114/><W49/><G49/><T84/><D112/><U5/><E5/><V104/><F104/><W130/><G0/><T21/><D121/><U11/><E11/><V116/><F124/><W68/><G68/><T8/><D95/><U120/><E120/><V52/><F67/><W107/><G107/><T97/><D97/><U123/><E123/><V108/><F108/><W96/><G96/><T48/><D41/><U118/><E118/><V51/><F42/><W70/><G70/><T13/><D48/><U55/><E66/><V127/><F51/><W57/><G130/><T98/><D98/><U69/><E69/><V119/><F43/><W34/><G34/><T31/><D32/><U93/><E99/><V37/><F116/><W44/><G44/><T81/><D31/><U105/><E105/><V90/><F119/><W129/><G129/><T29/><D29/><U126/><E126/><V19/><F127/><RYUUKYOKU ba="0,0" sc="279,-10,120,30,455,-10,146,-10" hai1="1,4,9,39,40,45,55,58,62,83,86,92,93" owari="269,7.0,150,-25.0,445,54.0,136,-36.0" /></mjloggm>