<mjloggm ver="2.3"><GO type="1" lobby="0"/><UN n0="%6F%66%75%74%6F%6E" n1="%E5%B0%B1%E6%B4%BB%E7%94%9F%40%E5%B7%9D%E6%9D%91%E8%BB%8D%E5%9B%A3" n2="%E3%82%B9%E3%82%AB%E3%82%A4%EF%BC%A0" n3="%67%65%65%74%65%63%68" dan="3,8,5,1" rate="1522.55,1655.84,1395.65,1459.02" sx="M,M,M,M"/><TAIKYOKU oya="0"/><INIT seed="0,0,0,2,4,83" ten="250,250,250,250" oya="0" hai0="127,58,38,12,105,107,14,5,22,81,85,109,13" hai1="97,3,49,43,101,70,21,93,114,120,34,92,77" hai2="64,131,68,16,71,96,65,33,17,113,31,134,15" hai3="86,116,1,75,99,95,82,128,2,55,32,8,19"/><T130/><D127/><U74/><E34/><V111/><F113/><W135/><G116/><T27/><D130/><U24/><E3/><V29/><F134/><W66/><G32/><T87/><D109/><U90/><E70/><V10/><F111/><W48/><G75/><T44/><D58/><U47/><E120/><V6/><F96/><W104/><G104/><T41/><D5/><U9/><E114/><V78/><F78/><W0/><G135/><T18/><REACH who="0" step="1"/><D81/><REACH who="0" ten="240,250,250,250" step="2"/><U67/><E67/><V50/><F131/><W79/><G128/><T102/><D102/><U25/><E74/><V112/><F33/><W129/><G129/><T53/><D53/><U98/><E77/><V118/><F112/><W39/><G39/><T60/><D60/><U54/><E54/><V7/><F50/><W84/><G66/><N who="2" m="25705" /><F118/><W108/><G108/><T103/><D103/><U123/><E123/><V11/><F15/><W23/><G2/><T45/><D45/><U115/><E115/><V106/><F106/><AGARI ba="0,1" hai="12,13,14,18,22,27,38,41,44,85,87,105,106,107" machi="106" ten="40,12000,1" yaku="1,1,52,2,53,1" doraHai="83" doraHaiUra="20" who="0" fromWho="2" sc="240,130,250,0,250,-120,250,0" /><INIT seed="0,1,0,2,1,50" ten="370,250,130,250" oya="0" hai0="133,82,30,117,129,88,4,112,90,115,97,22,125" hai1="46,0,20,67,101,2,9,106,107,68,72,96,31" hai2="65,8,38,28,61,47,85,95,14,84,127,49,32" hai3="128,56,114,25,35,18,53,105,121,78,77,132,3"/><T122/><D117/><U71/><E72/><V80/><F127/><W86/><G114/><T62/><D122/><U12/><E107/><V63/><F38/><W108/><G3/><T48/><D125/><U37/><E2/><V99/><F65/><W55/><G105/><T87/><D129/><U113/><E113/><V102/><F32/><W34/><G121/><T33/><D133/><U134/><E134/><V75/><F75/><W93/><G132/><T123/><D123/><U7/><E67/><V98/><F28/><W73/><G128/><T79/><D33/><U41/><E31/><V24/><F24/><W23/><G73/><T45/><D115/><U83/><E20/><V5/><F85/><W126/><G126/><T100/><D112/><U103/><E12/><V52/><REACH who="2" step="1"/><F99/><REACH who="2" ten="370,250,120,250" step="2"/><W89/><G108/><T92/><D30/><U81/><E71/><V131/><F131/><W26/><G35/><T70/><D22/><U76/><E68/><V29/><F29/><W69/><G69/><T11/><D11/><U1/><E96/><V109/><F109/><W120/><G120/><T116/><D116/><U111/><E9/><V104/><F104/><W58/><G34/><T13/><D13/><U74/><E106/><V110/><F110/><W135/><G135/><T21/><D21/><U64/><E74/><V39/><F39/><W60/><REACH who="3" step="1"/><G26/><REACH who="3" ten="370,250,120,240" step="2"/><T130/><D130/><U19/><E1/><V44/><F44/><W43/><G43/><T27/><D45/><U17/><E0/><V16/><F16/><W66/><G66/><T119/><D119/><U54/><E64/><RYUUKYOKU ba="1,2" sc="370,-15,250,-15,120,15,240,15" hai2="5,8,14,47,49,52,61,63,80,84,95,98,102" hai3="18,23,25,53,55,56,58,60,77,78,86,89,93" /><INIT seed="1,2,2,4,0,67" ten="355,235,135,255" oya="1" hai0="71,128,33,75,68,134,98,30,31,46,85,36,121" hai1="7,49,92,34,113,104,127,16,103,1,91,106,77" hai2="69,9,28,6,108,58,105,135,65,89,93,14,86" hai3="42,66,114,40,111,100,50,51,74,102,83,12,87"/><U117/><E34/><V55/><F108/><W64/><G114/><T52/><D121/><U132/><E117/><V4/><F135/><W94/><G74/><T123/><D123/><U122/><E113/><V73/><F73/><W125/><G111/><T115/><D115/><U90/><E132/><V81/><F28/><W126/><G83/><T107/><D134/><U19/><E122/><V101/><F105/><W45/><G12/><T96/><D128/><U88/><E127/><N who="3" m="48650" /><G87/><T17/><D75/><U120/><E120/><V39/><F39/><W63/><G94/><T25/><D31/><U13/><E77/><V21/><F101/><N who="3" m="39019" /><G63/><T23/><D36/><U131/><E131/><V95/><F65/><N who="3" m="25195" /><G45/><T5/><D5/><U29/><E104/><V24/><F69/><W15/><G15/><T44/><D85/><U109/><E106/><V43/><F43/><AGARI ba="2,2" hai="40,42,43,50,51" m="25195,39019,48650" machi="43" ten="30,3900,0" yaku="28,2,18,1" doraHai="67" who="3" fromWho="2" sc="355,0,235,0,135,-45,255,65" /><INIT seed="2,0,0,1,2,90" ten="355,235,90,320" oya="2" hai0="92,4,117,75,8,73,116,128,100,102,133,22,132" hai1="32,47,97,81,51,126,88,115,46,79,57,114,60" hai2="42,24,58,52,109,30,14,86,5,33,82,125,19" hai3="84,21,130,25,9,45,48,62,118,0,120,31,15"/><V76/><F125/><W56/><G118/><N who="0" m="45675" /><D22/><U101/><E126/><V10/><F42/><W131/><G120/><T74/><D4/><U27/><E115/><V105/><F109/><W122/><G122/><T110/><D8/><U50/><E114/><V108/><F108/><W39/><G0/><T129/><D110/><U127/><E127/><V38/><F38/><W112/><G39/><T91/><D100/><U106/><E32/><V77/><F105/><W26/><G112/><T98/><D102/><U3/><E3/><V134/><F134/><AGARI ba="0,0" hai="73,74,75,91,92,98,128,129,132,133,134" m="45675" machi="134" ten="40,8000,1" yaku="20,1,12,1,34,2,52,1" doraHai="90" who="0" fromWho="2" sc="355,80,235,0,90,-80,320,0" /><INIT seed="3,0,0,5,0,95" ten="435,235,10,320" oya="3" hai0="99,87,75,0,86,6,26,117,92,57,110,17,72" hai1="46,13,33,61,135,69,81,115,23,83,24,88,28" hai2="27,12,14,93,16,108,25,122,101,125,60,34,79" hai3="129,121,111,21,132,80,91,40,113,114,119,134,36"/><W74/><G80/><T128/><D117/><U73/><E115/><N who="3" m="44042" /><G91/><T65/><D110/><U126/><E126/><V4/><F60/><W54/><G40/><T39/><D39/><U8/><E135/><N who="3" m="51754" /><G21/><T30/><D128/><U44/><E33/><V37/><F37/><W42/><G54/><T100/><D17/><U130/><E130/><V107/><F107/><W38/><BYE who="2" /><G42/><T103/><D0/><U78/><E69/><V59/><F59/><W120/><G129/><UN n2="%E3%82%B9%E3%82%AB%E3%82%A4%EF%BC%A0" /><T52/><D6/><U123/><E123/><N who="3" m="47178" /><G111/><T49/><D65/><U50/><E61/><V29/><F122/><W112/><G74/><T53/><D72/><U133/><E133/><V124/><F108/><W10/><G10/><T31/><D75/><U2/><E2/><V43/><F79/><W9/><N who="3" m="44050" /><W35/><DORA hai="51" /><G9/><T63/><D53/><U68/><E68/><V82/><F82/><W11/><G11/><T105/><D105/><U116/><E83/><V32/><F101/><W127/><G127/><T98/><D26/><U70/><E70/><V3/><F125/><W20/><G20/><T89/><D100/><U106/><E23/><V94/><F124/><W1/><G119/><T118/><D118/><U90/><E81/><V131/><F131/><W96/><G96/><T19/><D103/><U22/><E73/><V62/><F62/><W64/><G64/><T56/><D99/><U45/><E90/><V77/><F77/><W47/><G47/><BYE who="2" /><T5/><D63/><U84/><E78/><V76/><F76/><W71/><G71/><T104/><D104/><U85/><E106/><RYUUKYOKU ba="0,0" sc="435,0,235,0,10,0,320,0" owari="435,53.0,235,-16.0,10,-49.0,320,12.0" /></mjloggm>