<mjloggm ver="2.3"><GO type="97" lobby="0"/><UN n0="%E3%82%A6%E3%83%AB%E3%83%88%E3%83%A9%E7%AB%8B%E7%9B%B4" n1="%E3%81%B5%E3%81%A8%E3%81%BE%E3%82%86%E3%81%8B%E3%82%8A%E3%82%93" n2="%EF%BC%AD%EF%BC%A6%E3%83%99%E3%83%83%E3%82%AB%E3%83%A0" n3="%E3%82%B9%E3%83%AD%E3%82%A6%E3%82%AC" dan="14,14,14,14" rate="1960.11,1902.50,1912.32,1894.17" sx="M,M,F,F"/><TAIKYOKU oya="0"/><INIT seed="0,0,0,4,1,1" ten="250,250,250,250" oya="0" hai0="62,105,61,121,6,66,3,14,96,0,129,31,15" hai1="56,23,114,115,69,112,102,131,89,47,55,86,75" hai2="37,36,85,67,80,101,79,60,87,32,71,91,72" hai3="106,22,128,11,130,48,13,100,104,68,103,19,88"/><T63/><D121/><U124/><E75/><V49/><F32/><W134/><G68/><T93/><D105/><N who="3" m="40553" /><G48/><T76/><D129/><N who="3" m="49769" /><G134/><T39/><D39/><U81/><E69/><V29/><F101/><W94/><G22/><T2/><D76/><U34/><E102/><V27/><F49/><W58/><G58/><T123/><D123/><U97/><E56/><V70/><F70/><W95/><G95/><T113/><D113/><U50/><E23/><V127/><F127/><W8/><G8/><T122/><D122/><U82/><E124/><V107/><F107/><W135/><G135/><T117/><D117/><U99/><E131/><V59/><F71/><W5/><G19/><T38/><D38/><U53/><E34/><V132/><F132/><W40/><G40/><T7/><D31/><U120/><E120/><V46/><F46/><W9/><G9/><T20/><D66/><U57/><REACH who="1" step="1"/><E82/><REACH who="1" ten="250,240,250,250" step="2"/><V41/><F41/><W98/><AGARI ba="0,1" hai="5,11,13,88,94,98,100,103" m="49769,40553" machi="98" ten="30,4000,0" yaku="19,1,52,1,54,1" doraHai="1" who="3" fromWho="3" sc="250,-20,240,-10,250,-10,250,50" /><INIT seed="1,0,0,1,4,109" ten="230,230,240,300" oya="1" hai0="48,57,112,14,77,111,58,9,103,59,85,63,68" hai1="12,39,132,32,73,10,66,71,43,106,91,31,2" hai2="45,3,13,102,81,115,96,29,42,127,50,118,52" hai3="8,11,89,86,27,26,92,135,122,36,113,22,69"/><U30/><E91/><V37/><F3/><W79/><G36/><T5/><D111/><U120/><E30/><V0/><F0/><W72/><G69/><T78/><D68/><U47/><E120/><V60/><F118/><W55/><G72/><T88/><D103/><U110/><E110/><V1/><F1/><W23/><G79/><N who="0" m="30219" /><D112/><U82/><E132/><V83/><F127/><W70/><G55/><N who="0" m="31975" /><D63/><N who="1" m="40415" /><E12/><V107/><F29/><W90/><G70/><T130/><D130/><U35/><E31/><V61/><F115/><W104/><G104/><T95/><AGARI ba="0,0" hai="5,9,14,58,59,85,88,95" m="31975,30219" machi="95" ten="30,2000,0" yaku="8,1,54,1" doraHai="109" who="0" fromWho="0" sc="230,20,230,-10,240,-5,300,-5" /><INIT seed="2,0,0,3,3,67" ten="250,220,235,295" oya="2" hai0="86,135,104,131,29,49,25,89,53,134,112,13,97" hai1="26,123,98,69,23,8,45,51,130,27,116,40,128" hai2="108,94,61,60,109,42,110,15,55,121,87,127,24" hai3="124,44,76,58,62,10,16,48,14,91,81,100,47"/><V1/><F1/><W107/><G124/><T19/><D97/><U46/><E116/><V68/><F121/><W54/><G100/><T0/><D104/><U74/><E123/><V36/><F127/><W119/><G119/><T75/><D75/><U22/><E74/><V126/><F126/><W113/><G91/><T129/><D0/><U80/><E80/><V84/><F60/><W65/><G107/><T35/><D112/><U111/><E111/><V101/><F24/><N who="1" m="9257" /><E98/><N who="2" m="59607" /><F15/><W6/><G113/><T37/><D37/><N who="1" m="21647" /><E8/><V63/><F63/><W102/><G102/><T41/><D41/><N who="1" m="25039" /><E69/><V115/><F115/><W3/><G44/><T132/><D53/><U33/><E33/><V7/><F7/><W50/><G47/><T133/><N who="0" m="34304" /><DORA hai="64" /><T105/><D49/><U95/><E95/><V120/><F120/><W4/><G3/><T106/><D106/><U12/><E12/><V72/><F42/><W18/><G4/><T56/><D105/><U96/><E96/><V66/><F36/><W52/><G48/><T93/><REACH who="0" step="1"/><D56/><REACH who="0" ten="240,220,235,295" step="2"/><U92/><E92/><V20/><F55/><N who="3" m="21035" /><G50/><T79/><D79/><U34/><E34/><V78/><F20/><AGARI ba="0,1" hai="13,19,20,25,29,35,86,89,93,129,131" m="34304" machi="20" ten="70,8000,1" yaku="1,1,20,1,53,1" doraHai="67,64" doraHaiUra="30,117" who="0" fromWho="2" sc="240,90,220,0,235,-80,295,0" /><INIT seed="3,0,0,4,2,9" ten="330,220,155,295" oya="3" hai0="62,88,59,8,83,80,78,100,119,14,130,51,45" hai1="28,84,122,86,27,41,38,46,57,101,54,15,97" hai2="81,37,12,61,129,75,50,19,104,111,133,21,67" hai3="135,30,39,79,42,99,26,20,6,66,29,108,98"/><W107/><G107/><T3/><D3/><U105/><E122/><V48/><F37/><W102/><G102/><T63/><D100/><U35/><E15/><V1/><F104/><W114/><G114/><T33/><D33/><U25/><E25/><V24/><F1/><W43/><G39/><T18/><D119/><U91/><E91/><V32/><F129/><W87/><G66/><T106/><D106/><U124/><E124/><V113/><F113/><W17/><G6/><T40/><D130/><U117/><E117/><V85/><F75/><W10/><G135/><T77/><D63/><AGARI ba="0,0" hai="27,28,35,38,41,46,54,57,63,84,86,97,101,105" machi="63" ten="30,1000,0" yaku="7,1" doraHai="9" who="1" fromWho="0" sc="330,-10,220,10,155,0,295,0" owari="320,41.0,230,-17.0,155,-34.0,295,10.0" /></mjloggm>