<mjloggm ver="2.3"><GO type="97" lobby="0"/><UN n0="%E3%81%86%E3%81%95%E3%81%8E%E3%81%BE%E3%81%8D" n1="%E3%83%8F%E3%83%AB%E3%82%A6%E3%83%A9%E3%83%A9%E2%98%86%E5%BD%A1" n2="%E3%82%A6%E3%83%AB%E3%83%88%E3%83%A9%E7%AB%8B%E7%9B%B4" n3="%E3%81%AA%E3%82%81%E3%81%91" dan="13,14,15,13" rate="1854.83,1982.21,2036.49,1852.15" sx="M,M,M,M"/><TAIKYOKU oya="0"/><INIT seed="0,0,0,5,0,101" ten="250,250,250,250" oya="0" hai0="22,16,122,42,103,131,14,99,25,107,59,3,124" hai1="88,43,17,114,44,80,94,123,33,113,104,76,50" hai2="111,7,15,29,134,84,65,11,127,85,70,5,53" hai3="58,46,81,35,12,20,26,6,83,69,2,10,96"/><T126/><D3/><U129/><E104/><V24/><F70/><W13/><G69/><T75/><D122/><U1/><E123/><V89/><F65/><W31/><G83/><T23/><D75/><N who="1" m="43039" /><E33/><V118/><F118/><W18/><G46/><T121/><D121/><U128/><E1/><V55/><F111/><W73/><G73/><T45/><D59/><U105/><E17/><V119/><F119/><W117/><G117/><T32/><D32/><U86/><E105/><V30/><F127/><N who="0" m="48682" /><D131/><AGARI ba="0,0" hai="43,44,50,86,88,94,113,114,128,129,131" m="43039" machi="131" ten="30,2000,0" yaku="19,1,54,1" doraHai="101" who="1" fromWho="0" sc="250,-20,250,20,250,0,250,0" /><INIT seed="1,0,0,5,0,111" ten="230,270,250,250" oya="1" hai0="32,117,114,15,103,34,80,61,50,72,91,16,132" hai1="74,86,65,93,108,59,54,22,109,113,97,64,131" hai2="124,106,107,18,121,118,69,71,68,130,73,78,55" hai3="29,92,100,115,123,5,7,60,4,82,89,39,31"/><U76/><E131/><V57/><F121/><W20/><G123/><T127/><D117/><U2/><E2/><V27/><F118/><W99/><G39/><T8/><D127/><U125/><E125/><V9/><F124/><W83/><G115/><T62/><D132/><U1/><E1/><V98/><F130/><W38/><G38/><T87/><D72/><U79/><E113/><V45/><F73/><W10/><G10/><T126/><D114/><U122/><E122/><V84/><F45/><W37/><G37/><T135/><D135/><U70/><E70/><V120/><F120/><W48/><G83/><T128/><D126/><U90/><E22/><V129/><F84/><W24/><G48/><T67/><D50/><U30/><E30/><V56/><F78/><W43/><G43/><T101/><D128/><U42/><E42/><V6/><F129/><W26/><G60/><N who="0" m="23147" /><D34/><U53/><E53/><V52/><F18/><W94/><G82/><T116/><D32/><U81/><E76/><V36/><F27/><W23/><REACH who="3" step="1"/><G5/><REACH who="3" ten="230,270,250,240" step="2"/><T33/><D116/><U133/><E133/><V25/><F36/><W112/><G112/><T77/><D33/><U41/><E41/><V19/><F6/><W46/><G46/><T14/><D14/><U75/><E75/><V11/><F11/><W47/><G47/><T110/><D110/><N who="1" m="42603" /><E74/><V40/><F9/><W66/><G66/><T119/><D67/><U49/><AGARI ba="0,1" hai="49,54,59,64,65,79,81,86,90,93,97" m="42603" machi="49" ten="30,3000,0" yaku="14,1,10,1" doraHai="111" who="1" fromWho="1" sc="230,-10,270,40,250,-10,240,-10" /><INIT seed="1,1,0,4,2,62" ten="220,310,240,230" oya="1" hai0="41,35,73,48,15,101,58,60,26,79,23,128,134" hai1="57,49,125,104,13,3,108,82,2,16,126,38,44" hai2="52,5,54,112,53,8,70,107,50,109,94,115,28" hai3="119,78,64,74,9,7,65,77,105,130,36,84,17"/><U6/><E104/><V20/><F107/><W34/><G34/><T106/><D35/><U111/><E38/><V88/><F109/><N who="1" m="42057" /><E82/><V42/><F70/><W22/><G36/><T61/><D134/><U37/><E37/><V72/><F72/><W1/><G74/><T135/><D135/><U4/><E57/><V83/><F83/><W46/><G105/><T45/><D106/><U127/><E49/><V81/><F81/><W18/><G46/><T96/><D128/><U99/><E99/><V56/><F20/><W24/><G130/><T67/><D73/><U89/><E89/><V116/><F28/><W114/><G114/><N who="2" m="43561" /><F116/><W87/><G119/><T25/><D79/><U75/><E44/><V10/><F42/><W133/><G133/><T102/><D96/><U47/><E47/><V132/><F132/><W66/><REACH who="3" step="1"/><G18/><REACH who="3" ten="220,310,240,220" step="2"/><N who="0" m="10719" /><D60/><U92/><E75/><V31/><F31/><W123/><G123/><T113/><D113/><U32/><E32/><V98/><F5/><N who="1" m="2153" /><E92/><V97/><F97/><W29/><G29/><T27/><AGARI ba="1,1" hai="25,26,27,41,45,48,58,61,67,101,102" m="10719" machi="27" ten="30,2000,0" yaku="8,1,52,1" doraHai="62" who="0" fromWho="0" sc="220,33,310,-11,240,-6,220,-6" /><INIT seed="2,0,0,2,4,97" ten="253,299,234,214" oya="2" hai0="24,117,87,33,119,84,13,40,78,124,37,114,67" hai1="48,22,36,126,74,47,57,26,18,39,120,23,116" hai2="5,76,34,77,69,71,107,12,90,98,82,30,106" hai3="113,85,42,61,9,45,49,100,60,91,53,135,25"/><V112/><F12/><W11/><G135/><T20/><D33/><U121/><E74/><V80/><F5/><W105/><G113/><T2/><D2/><U64/><E116/><N who="0" m="44617" /><D24/><U43/><E126/><V70/><F112/><W81/><G105/><N who="2" m="39945" /><F98/><W75/><G75/><T17/><D124/><U94/><E94/><V63/><F90/><W32/><G100/><T79/><D67/><U128/><E128/><V68/><F63/><N who="3" m="24139" /><G32/><T66/><D66/><U4/><E4/><V125/><F125/><W72/><G72/><T96/><D96/><U62/><REACH who="1" step="1"/><E23/><REACH who="1" ten="253,289,234,214" step="2"/><V99/><F34/><W28/><G81/><T52/><D114/><U51/><E51/><V55/><F82/><W0/><G49/><T122/><D122/><AGARI ba="0,1" hai="18,22,26,36,39,43,47,48,57,62,64,120,121,122" machi="122" ten="40,2600,0" yaku="1,1,13,1,53,0" doraHai="97" doraHaiUra="111" who="1" fromWho="0" sc="253,-26,289,36,234,0,214,0" /><INIT seed="3,0,0,5,3,95" ten="227,325,234,214" oya="3" hai0="127,89,39,32,123,1,6,110,82,80,92,9,111" hai1="71,2,104,60,11,42,13,73,69,65,108,135,97" hai2="101,83,26,29,68,98,70,120,125,17,109,118,113" hai3="132,124,96,7,43,130,45,66,57,12,99,77,28"/><W24/><G77/><T87/><D39/><U59/><E73/><V106/><F113/><W119/><G119/><T16/><D123/><U90/><E2/><V38/><F38/><W116/><G116/><T122/><D122/><U75/><E75/><V72/><F118/><W48/><G132/><T3/><D32/><U61/><E42/><V34/><F120/><W63/><G130/><T115/><D115/><U40/><E40/><V107/><F17/><W134/><G134/><T41/><D41/><U22/><E135/><V51/><F51/><W36/><G124/><T128/><D128/><U49/><E22/><V0/><F125/><W112/><G112/><T20/><D127/><U84/><E49/><V91/><F109/><N who="0" m="41482" /><D1/><U4/><E71/><V105/><F91/><W33/><G7/><T78/><D78/><U46/><E69/><N who="2" m="26731" /><F0/><W5/><REACH who="3" step="1"/><G36/><REACH who="3" ten="227,325,234,204" step="2"/><T54/><D54/><U21/><E4/><V10/><F10/><AGARI ba="0,1" hai="5,10,12,24,28,33,43,45,48,57,63,66,96,99" machi="10" ten="40,12000,1" yaku="1,1,2,1,52,2,53,0" doraHai="95" doraHaiUra="19" who="3" fromWho="2" sc="227,0,325,0,234,-120,204,130" owari="227,-17.0,325,13.0,114,-39.0,334,43.0" /></mjloggm>