<mjloggm ver="2.3"><GO type="97" lobby="0"/><UN n0="%E5%B0%B1%E6%B4%BB%E7%94%9F%40%E5%B7%9D%E6%9D%91%E8%BB%8D%E5%9B%A3" n1="%73%73%74%61%72%6F" n2="%E3%83%81%E3%83%AD%E3%83%AD%E8%BB%8D%E6%9B%B9" n3="%6B%6E%6F%32%31%33%34" dan="14,17,15,13" rate="1967.05,2120.79,1981.42,1883.65" sx="M,M,F,M"/><TAIKYOKU oya="0"/><INIT seed="0,0,0,2,3,23" ten="250,250,250,250" oya="0" hai0="95,25,52,91,42,114,126,131,45,16,6,115,20" hai1="110,130,103,85,94,53,11,74,34,48,100,101,64" hai2="19,30,70,77,66,14,68,9,76,5,7,97,46" hai3="51,79,58,50,134,90,128,54,125,12,67,1,38"/><T33/><D126/><U121/><E121/><V88/><F30/><W63/><G1/><T24/><D131/><U39/><E39/><V118/><F118/><W93/><G128/><T65/><D65/><U102/><E130/><V99/><F46/><W75/><G125/><T41/><D6/><U17/><E110/><V26/><F68/><W60/><G134/><T47/><D33/><U56/><E34/><V80/><F70/><W29/><G38/><T36/><D25/><U124/><E124/><V92/><F66/><W28/><G12/><T4/><D4/><U116/><E74/><V59/><F59/><N who="3" m="37279" /><G75/><T108/><D108/><U96/><E116/><V113/><F113/><W32/><G79/><T61/><D42/><U98/><E64/><V10/><F97/><N who="3" m="57527" /><G32/><T86/><D47/><U3/><E85/><V133/><F133/><W84/><G84/><T123/><D123/><U49/><E96/><V57/><F57/><W127/><G127/><T117/><REACH who="0" step="1"/><D117/><REACH who="0" ten="240,250,250,250" step="2"/><U106/><E106/><V119/><F119/><W35/><G35/><T37/><D37/><U72/><E3/><V18/><F7/><W107/><G107/><T43/><D43/><U62/><E72/><V111/><F5/><W44/><G44/><T15/><D15/><AGARI ba="0,1" hai="11,15,17,48,49,53,56,62,94,98,100,101,102,103" machi="15" ten="40,1300,0" yaku="8,1" doraHai="23" who="1" fromWho="0" sc="240,-13,250,23,250,0,250,0" /><INIT seed="1,0,0,4,0,57" ten="227,273,250,250" oya="1" hai0="104,121,19,73,112,133,71,68,82,89,22,129,90" hai1="81,63,87,42,113,32,92,34,107,122,118,37,52" hai2="54,88,65,114,31,29,62,61,125,108,128,23,79" hai3="105,39,97,47,25,60,12,5,75,0,78,120,67"/><U86/><E122/><V69/><F108/><W83/><G120/><T17/><D104/><U40/><E107/><V3/><F3/><W33/><G12/><T110/><D112/><U15/><E113/><V106/><F114/><W70/><G0/><T103/><D121/><U41/><E118/><V91/><F106/><W56/><G5/><T135/><D103/><U46/><E37/><V18/><F79/><W45/><G56/><T117/><D117/><U80/><E34/><V72/><F72/><W98/><G39/><T102/><D102/><U76/><E32/><V1/><F1/><W77/><G77/><N who="0" m="44335" /><D19/><U16/><E92/><V58/><F125/><W7/><G7/><T55/><D55/><U6/><E6/><V14/><REACH who="2" step="1"/><F128/><REACH who="2" ten="227,273,240,250" step="2"/><W100/><REACH who="3" step="1"/><G98/><REACH who="3" ten="227,273,240,240" step="2"/><T13/><D129/><U49/><E76/><V109/><F109/><W59/><G59/><T10/><D110/><U11/><E87/><V119/><F119/><W123/><G123/><T35/><D71/><U94/><E86/><V21/><F21/><W96/><G96/><T38/><D68/><U51/><E11/><V85/><F85/><W44/><G44/><T93/><D22/><U9/><E9/><V26/><F26/><W116/><G116/><T134/><D10/><U43/><E46/><V27/><F27/><W84/><G84/><T132/><D133/><U101/><E81/><V124/><F124/><W53/><G53/><T95/><D135/><U28/><E52/><V131/><F131/><W8/><G8/><N who="0" m="6311" /><D132/><U24/><E80/><V30/><AGARI ba="0,2" hai="14,18,23,29,30,31,54,58,61,62,65,69,88,91" machi="30" ten="30,8000,1" yaku="1,1,0,1,52,2,54,1,53,0" doraHai="57" doraHaiUra="99" who="2" fromWho="2" sc="227,-20,273,-40,240,100,240,-20" /><INIT seed="2,0,0,3,3,22" ten="207,233,340,220" oya="2" hai0="113,47,39,11,63,134,100,26,20,93,115,15,132" hai1="50,131,61,9,95,12,66,122,99,21,34,2,7" hai2="37,118,43,98,107,78,114,57,84,48,106,126,31" hai3="41,111,74,76,40,33,28,14,91,83,135,23,75"/><V69/><F69/><W54/><G135/><N who="0" m="51755" /><D39/><U108/><E108/><V123/><F114/><N who="0" m="43530" /><D47/><U13/><E34/><V82/><F118/><W80/><G111/><T53/><D53/><U70/><E122/><V109/><F109/><W92/><G33/><T119/><D63/><U49/><E131/><V19/><F123/><W38/><G54/><T65/><D65/><U110/><E110/><V45/><F126/><W103/><G103/><T97/><D119/><U86/><E86/><V56/><F31/><W96/><G38/><T18/><D100/><U59/><E70/><V94/><F19/><W29/><G14/><T3/><D93/><U4/><E2/><V64/><F37/><W58/><G58/><T77/><D97/><U117/><E117/><V88/><F57/><W73/><G76/><T44/><D44/><U130/><E130/><V0/><F0/><W36/><G36/><T55/><D77/><U67/><E67/><V112/><F112/><W1/><G1/><T71/><D55/><U62/><E62/><V60/><AGARI ba="0,0" hai="43,45,48,56,60,64,78,82,84,88,94,98,106,107" machi="60" ten="30,3000,0" yaku="0,1,54,1" doraHai="22" who="2" fromWho="2" sc="207,-10,233,-10,340,30,220,-10" /><INIT seed="2,1,0,4,2,115" ten="197,223,370,210" oya="2" hai0="1,33,114,31,42,2,84,43,73,21,58,57,8" hai1="47,64,122,86,100,48,77,38,89,39,134,132,24" hai2="129,29,53,118,9,35,7,106,78,4,62,54,6" hai3="116,65,113,66,67,128,27,121,82,99,61,23,119"/><V111/><F106/><W49/><G121/><T13/><D73/><U90/><E122/><V41/><F129/><W103/><G128/><T74/><D114/><U3/><E3/><V85/><F41/><W83/><G113/><T52/><D74/><U69/><E100/><V30/><F111/><W79/><G61/><T15/><D33/><U19/><E77/><V80/><F118/><W94/><G49/><T22/><D84/><U97/><E97/><V107/><F107/><W45/><G45/><T55/><REACH who="0" step="1"/><D8/><REACH who="0" ten="187,223,370,210" step="2"/><U108/><E86/><V5/><F35/><W0/><G0/><T16/><D16/><U25/><E19/><V125/><F9/><W88/><G116/><T14/><D14/><U120/><E120/><V72/><F72/><W37/><G119/><T51/><D51/><U70/><E48/><V123/><F123/><W50/><G37/><T127/><D127/><U98/><E39/><V44/><F125/><W34/><G50/><T20/><D20/><U117/><E38/><V10/><F10/><W131/><G34/><T126/><D126/><U12/><E12/><V60/><F7/><W32/><G32/><T124/><D124/><U59/><E47/><V105/><F44/><W109/><G131/><T91/><D91/><U68/><E90/><V133/><F6/><W95/><G109/><T63/><D63/><N who="1" m="38015" /><E108/><V56/><F5/><W93/><G79/><T102/><D102/><U18/><E117/><V11/><F4/><W110/><G110/><T71/><D71/><U81/><E18/><V40/><F78/><W87/><G82/><T104/><D104/><RYUUKYOKU ba="1,1" sc="187,15,223,-15,370,-15,210,15" hai0="1,2,13,15,21,22,31,42,43,52,55,57,58" hai3="23,27,65,66,67,83,87,88,93,94,95,99,103" /><INIT seed="3,2,1,2,0,120" ten="202,208,355,225" oya="3" hai0="81,22,43,70,105,69,60,42,49,41,45,110,20" hai1="74,83,1,4,108,44,71,82,8,50,127,7,94" hai2="78,32,92,35,30,16,84,131,106,135,38,24,124" hai3="25,109,121,9,113,36,90,91,117,100,29,80,53"/><W115/><G121/><T34/><D105/><U26/><E108/><V31/><F106/><W39/><G117/><T33/><D110/><U15/><E127/><V5/><F38/><W59/><G109/><T119/><D119/><U13/><E71/><V52/><F124/><W61/><G100/><T3/><D3/><U111/><E111/><V64/><F131/><W88/><G80/><N who="1" m="30762" /><E74/><V125/><F125/><W37/><REACH who="3" step="1"/><G9/><REACH who="3" ten="202,208,355,215" step="2"/><T79/><D69/><U72/><E8/><V102/><F102/><W114/><G114/><T19/><D70/><U40/><E1/><V95/><F78/><W66/><G66/><T54/><D60/><U93/><E72/><V118/><F64/><W12/><G12/><T103/><D103/><U123/><E123/><V122/><F118/><W62/><G62/><T67/><D67/><U0/><E0/><V77/><F122/><W28/><G28/><T47/><D81/><U58/><E15/><V10/><F77/><W73/><G73/><T107/><D79/><U85/><E13/><V56/><F30/><W11/><G11/><T65/><D107/><U130/><E130/><V129/><F10/><W128/><G128/><T89/><D65/><U99/><E26/><V14/><F129/><W134/><G134/><T51/><D89/><U68/><E68/><V133/><F135/><W21/><AGARI ba="2,2" hai="21,25,29,36,37,39,53,59,61,88,90,91,113,115" machi="21" ten="40,12000,1" yaku="1,1,0,1,54,1,53,1" doraHai="120" doraHaiUra="27" who="3" fromWho="3" sc="202,-42,208,-42,355,-42,215,146" owari="160,-34.0,166,-23.0,313,11.0,361,46.0" /></mjloggm>