<mjloggm ver="2.3"><GO type="169" lobby="0"/><UN n0="%E3%83%AC%E3%83%9F%E3%83%AA%E3%82%A2%E3%81%AF%E4%BF%BA%E3%81%AE%E5%AB%81" n1="%E3%82%A6%E3%83%AB%E3%83%88%E3%83%A9%E7%AB%8B%E7%9B%B4" n2="%4B%49%52%49" n3="%74%61%6E%69%6D%6F%40" dan="16,17,16,17" rate="2112.69,2200.14,2029.35,2150.10" sx="M,M,M,M"/><TAIKYOKU oya="0"/><INIT seed="0,0,0,4,5,124" ten="250,250,250,250" oya="0" hai0="113,8,32,100,46,65,37,79,34,103,51,83,130" hai1="77,45,20,43,38,42,10,63,75,117,94,69,123" hai2="105,129,23,5,4,74,87,64,107,106,72,127,112" hai3="39,44,29,134,115,52,102,18,62,31,40,73,3"/><T53/><D113/><U57/><E117/><V108/><F112/><W121/><G102/><T12/><D65/><U114/><E123/><V119/><F127/><W28/><G3/><T82/><D37/><U81/><E114/><V104/><F119/><W110/><G115/><T80/><D130/><U27/><E43/><V66/><F129/><W89/><G73/><N who="2" m="28265" /><F87/><W11/><G121/><T96/><D79/><U7/><E94/><V88/><N who="2" m="26624" /><DORA hai="22" /><V78/><F78/><W1/><G31/><T30/><D30/><U92/><E92/><V71/><F23/><W111/><G29/><T109/><D109/><U49/><E49/><V126/><F126/><W36/><G28/><T95/><REACH who="0" step="1"/><D103/><REACH who="0" ten="240,250,250,250" step="2"/><U68/><E68/><V24/><F71/><W48/><G39/><T98/><D98/><U61/><E69/><V55/><F108/><W2/><G36/><T47/><D47/><U59/><E59/><V56/><F56/><W6/><G110/><T76/><D76/><U133/><E57/><V116/><F116/><W21/><G111/><T50/><D50/><U14/><E133/><V35/><F66/><W13/><G134/><T128/><D128/><U67/><E67/><V41/><F64/><W135/><G135/><T93/><D93/><U122/><E122/><V70/><F70/><W16/><G44/><T86/><D86/><U60/><E60/><V17/><F88/><W25/><G89/><T26/><D26/><U58/><E58/><V131/><F24/><W33/><G62/><T99/><D99/><U101/><E101/><V132/><F131/><W19/><G25/><RYUUKYOKU ba="0,1" sc="240,15,250,15,250,-15,250,-15" hai0="8,12,32,34,46,51,53,80,82,83,95,96,100" hai1="7,10,14,20,27,38,42,45,61,63,75,77,81" /><INIT seed="0,1,1,4,2,103" ten="255,265,235,235" oya="0" hai0="70,29,39,113,72,46,53,58,65,47,81,83,2" hai1="13,3,12,120,19,44,118,57,10,99,117,90,37" hai2="135,124,85,109,25,21,91,88,79,4,42,92,41" hai3="62,14,129,56,76,77,115,106,75,98,0,126,48"/><T84/><D113/><U114/><E3/><V52/><F109/><W111/><G0/><T93/><D2/><U71/><E71/><V8/><F135/><W27/><G115/><T107/><D107/><U74/><E74/><V69/><F124/><W17/><G126/><T38/><D29/><U127/><E120/><V32/><F32/><W51/><G75/><T123/><D123/><U11/><E127/><V9/><F69/><W67/><G27/><T43/><D72/><U89/><E114/><V132/><F132/><W96/><G111/><T55/><D93/><U50/><E57/><V121/><F121/><W49/><G129/><T73/><D73/><U102/><E37/><V110/><F110/><W68/><G68/><T33/><D33/><U35/><E35/><V15/><F9/><W101/><REACH who="3" step="1"/><G98/><REACH who="3" ten="255,265,235,225" step="2"/><T63/><D70/><U23/><E118/><V40/><F25/><W26/><G26/><T95/><D84/><U36/><E117/><V105/><F85/><W60/><G60/><T5/><D63/><U100/><E99/><V125/><F125/><W80/><G80/><T133/><D133/><U34/><E34/><V1/><F1/><W122/><G122/><T61/><D81/><U66/><E13/><V130/><F15/><W24/><G24/><T6/><D83/><U97/><E12/><V22/><F130/><W82/><G82/><T16/><D61/><U104/><E97/><V116/><F116/><W128/><G128/><T31/><D31/><U18/><E36/><V131/><F131/><W64/><G64/><T54/><D39/><U108/><E66/><RYUUKYOKU ba="1,2" sc="255,-10,265,-10,235,-10,225,30" hai3="14,17,48,49,51,56,62,67,76,77,96,101,106" /><INIT seed="1,2,2,2,3,32" ten="245,255,225,255" oya="1" hai0="98,80,134,61,117,126,3,34,69,107,29,76,36" hai1="40,113,111,87,102,44,46,0,25,92,114,64,24" hai2="38,84,50,55,106,119,14,7,52,121,129,120,77" hai3="123,41,20,66,71,94,125,103,16,127,89,86,78"/><U48/><E111/><V67/><F119/><W109/><G41/><T70/><D117/><U79/><E0/><V49/><F38/><W122/><G71/><T56/><D56/><U88/><E64/><V1/><F106/><W12/><G66/><T115/><D134/><U27/><E102/><V73/><F73/><W83/><G103/><N who="0" m="62967" /><D126/><N who="3" m="48137" /><G109/><T105/><D61/><U91/><E79/><V53/><F67/><W11/><G20/><T135/><D115/><U99/><REACH who="1" step="1"/><E46/><REACH who="1" ten="245,245,225,255" step="2"/><V62/><F77/><W128/><G128/><T54/><D76/><U101/><E101/><V100/><F100/><W43/><G43/><T75/><D135/><U130/><E130/><V93/><F129/><W19/><G19/><T28/><D70/><U2/><E2/><V15/><F1/><W17/><G17/><T47/><D3/><U42/><E42/><V39/><F120/><W97/><AGARI ba="2,3" hai="11,12,16,78,83,86,89,94,97,122,123" m="48137" machi="97" ten="30,2000,0" yaku="18,1,54,1" doraHai="32" who="3" fromWho="3" sc="245,-7,245,-12,225,-7,255,56" /><INIT seed="2,0,0,3,3,101" ten="238,233,218,311" oya="2" hai0="0,134,29,127,7,12,45,109,24,81,20,62,118" hai1="107,18,11,74,26,97,34,23,13,51,100,25,85" hai2="108,117,113,1,93,4,43,83,95,128,64,76,79" hai3="39,90,115,80,65,104,73,42,122,19,96,54,50"/><V119/><F64/><W22/><G65/><T92/><D109/><U123/><E74/><N who="2" m="43415" /><F43/><W55/><G39/><T46/><D134/><U84/><E123/><V44/><F44/><W41/><G55/><T2/><D127/><U124/><E124/><V125/><F4/><W88/><G122/><T5/><D2/><U71/><E71/><V67/><F67/><W94/><G115/><T6/><D0/><U68/><E68/><V102/><F1/><W106/><G42/><T56/><D118/><N who="2" m="45066" /><F125/><W131/><G41/><T57/><D81/><U121/><E121/><V27/><F27/><W129/><G54/><N who="0" m="34071" /><D92/><U30/><REACH who="1" step="1"/><E51/><REACH who="1" ten="238,223,218,311" step="2"/><V98/><F113/><W61/><G50/><T86/><D7/><AGARI ba="0,1" hai="7,11,13,18,23,25,26,30,34,84,85,97,100,107" machi="7" ten="30,7700,0" yaku="1,1,2,1,7,1,52,1,53,0" doraHai="101" doraHaiUra="66" who="1" fromWho="0" sc="238,-77,223,87,218,0,311,0" /><INIT seed="3,0,0,4,1,47" ten="161,310,218,311" oya="3" hai0="79,128,106,81,32,75,105,98,131,1,109,103,37" hai1="38,92,41,21,86,2,91,95,51,33,5,123,73" hai2="43,82,94,118,127,120,48,113,13,133,9,129,45" hai3="11,66,112,18,57,26,6,27,61,67,3,52,83"/><W124/><G112/><T19/><D37/><U132/><E73/><V108/><F118/><W117/><G117/><T102/><D32/><U10/><E33/><V96/><F113/><W71/><G124/><T93/><D1/><U70/><E70/><V111/><F127/><W55/><G67/><T90/><D109/><N who="2" m="42058" /><F129/><N who="0" m="49738" /><D19/><U116/><E123/><V16/><F133/><W17/><G55/><T76/><D76/><U58/><E116/><V101/><F82/><W114/><G114/><T8/><D8/><U126/><E132/><V29/><F29/><W119/><G119/><T130/><N who="0" m="49746" /><T69/><DORA hai="4" /><D69/><U64/><E38/><V68/><F68/><W104/><G104/><AGARI ba="0,0" hai="75,79,81,90,93,98,102,103,104,105,106" m="49746" machi="104" ten="40,5200,0" yaku="19,1,34,2" doraHai="47,4" who="0" fromWho="3" sc="161,52,310,0,218,0,311,-52" /><INIT seed="4,0,0,4,2,51" ten="213,310,218,259" oya="0" hai0="29,4,123,25,32,20,125,3,92,45,90,31,33" hai1="57,133,10,93,62,76,122,1,99,130,64,65,60" hai2="15,98,91,73,124,103,127,86,67,2,95,42,21" hai3="128,8,111,79,14,26,12,58,27,30,50,135,94"/><T48/><D123/><U23/><E122/><V119/><F2/><W63/><G79/><T9/><D125/><N who="2" m="48202" /><F73/><W87/><G111/><T61/><D61/><U74/><E130/><V97/><F119/><W66/><G128/><T53/><REACH who="0" step="1"/><D31/><REACH who="0" ten="203,310,218,259" step="2"/><U6/><E62/><V47/><F67/><W36/><G66/><T18/><D18/><U19/><E65/><V107/><F107/><W105/><G63/><T46/><D46/><U116/><E116/><V22/><F47/><W132/><G105/><T7/><D7/><U69/><E60/><V112/><F112/><W131/><G30/><T81/><D81/><U80/><E64/><V59/><F95/><W117/><G117/><T75/><D75/><U126/><E19/><V28/><F28/><W102/><G131/><T52/><D52/><U114/><E80/><V88/><F42/><W49/><G132/><T0/><D0/><U71/><E1/><V82/><F82/><W37/><G135/><T115/><D115/><U5/><E114/><V110/><F110/><W104/><G94/><T134/><D134/><U100/><E133/><V84/><F59/><W43/><G104/><T17/><D17/><U39/><E57/><V44/><F44/><W68/><G58/><T129/><D129/><U89/><E126/><V16/><F16/><W109/><G43/><T113/><D113/><U121/><E6/><V70/><F70/><W106/><G68/><T41/><D41/><U35/><E71/><V24/><F15/><W118/><G109/><T72/><D72/><U96/><E69/><V40/><F40/><W85/><G14/><RYUUKYOKU ba="0,1" sc="203,30,310,-10,218,-10,259,-10" hai0="3,4,9,20,25,29,32,33,45,48,53,90,92" /><INIT seed="4,1,1,3,2,4" ten="233,300,208,249" oya="0" hai0="80,102,39,75,108,18,44,14,73,72,24,131,16" hai1="130,104,20,58,57,28,37,52,71,56,85,79,77" hai2="31,35,84,124,115,50,5,134,121,11,127,111,46" hai3="126,32,30,17,42,89,88,100,133,90,82,10,128"/><T110/><D131/><U70/><E37/><V83/><F111/><N who="0" m="42538" /><D102/><U103/><E71/><V7/><F115/><W98/><G42/><N who="0" m="22623" /><D80/><U43/><E70/><V91/><F121/><W22/><G128/><T65/><D65/><U125/><E130/><V3/><F7/><W54/><G82/><T48/><D48/><U33/><E43/><V122/><F134/><W66/><G133/><T78/><D78/><U15/><E103/><V86/><F122/><W25/><G66/><T12/><D24/><N who="1" m="16391" /><E104/><V51/><F86/><W53/><G126/><N who="2" m="48169" /><F46/><W62/><G62/><T74/><D74/><U19/><E85/><V68/><F68/><W55/><G100/><T41/><D41/><U94/><E125/><V1/><F1/><W99/><G32/><T13/><AGARI ba="1,1" hai="12,13,14,16,18,72,73,75" m="22623,42538" machi="13" ten="40,3900,0" yaku="10,1,54,1" doraHai="4" who="0" fromWho="0" sc="233,52,300,-14,208,-14,249,-14" /><INIT seed="4,2,0,1,4,23" ten="285,286,194,235" oya="0" hai0="34,70,122,121,126,30,29,87,3,108,66,11,24" hai1="55,2,38,103,57,105,61,58,33,82,91,117,60" hai2="109,6,18,104,96,100,119,54,95,120,20,25,76" hai3="110,67,44,130,114,102,39,28,26,41,36,124,59"/><T89/><D126/><U127/><E38/><V125/><F109/><W88/><G102/><T79/><D108/><U75/><E2/><V111/><F111/><W80/><G110/><T12/><D3/><U50/><E117/><V71/><F120/><W135/><G39/><T9/><D30/><U134/><E127/><V84/><F125/><W74/><G124/><T72/><D11/><U5/><E5/><V115/><F119/><W131/><G74/><T128/><D128/><U132/><E33/><V0/><F115/><W78/><G78/><T53/><D72/><U56/><E103/><V62/><F6/><W118/><G118/><T8/><D8/><U1/><E105/><V97/><F0/><W45/><G44/><T52/><D79/><N who="1" m="44415" /><E91/><V35/><F35/><W77/><G77/><T112/><D112/><U37/><E37/><V101/><F76/><W94/><G80/><T133/><D70/><U123/><E1/><V14/><F84/><W40/><G114/><T113/><D66/><U73/><E73/><V47/><F71/><W81/><G81/><T7/><D113/><U69/><E69/><V129/><F129/><W16/><G130/><T13/><D13/><U32/><E32/><V43/><F14/><W107/><G36/><T98/><D122/><U4/><E4/><V116/><F116/><W93/><G131/><T22/><D34/><U27/><E123/><V21/><F21/><W49/><G107/><T48/><D121/><U99/><E134/><V85/><F85/><W86/><G135/><T15/><D133/><U83/><E132/><V68/><F68/><RYUUKYOKU ba="2,0" sc="285,0,286,0,194,0,235,0" /><INIT seed="5,3,0,0,0,41" ten="285,286,194,235" oya="1" hai0="92,30,84,117,130,3,67,36,46,8,89,125,97" hai1="132,25,2,44,52,37,60,75,39,107,38,124,110" hai2="111,34,42,51,99,80,91,65,106,133,90,77,9" hai3="23,7,114,88,128,40,74,104,53,16,123,86,21"/><U12/><E2/><V135/><F111/><W122/><G74/><T49/><D117/><U134/><E107/><V108/><F108/><W33/><G33/><T95/><D130/><U126/><E75/><N who="2" m="43071" /><F34/><W43/><G104/><T15/><D125/><N who="1" m="48235" /><E110/><V61/><F9/><W22/><G7/><T11/><D30/><U83/><E83/><V27/><F27/><W71/><G71/><T57/><D36/><U100/><E100/><N who="2" m="62751" /><F51/><W0/><G128/><T68/><D68/><U120/><E12/><V70/><F42/><W14/><G0/><T35/><D3/><U48/><E120/><V78/><F78/><W28/><G122/><T58/><D35/><U112/><E25/><V119/><F119/><W18/><G123/><T115/><D11/><U64/><E112/><V13/><F13/><N who="3" m="9359" /><G114/><T5/><D67/><U129/><E129/><V116/><F116/><W59/><G23/><T96/><D115/><U50/><E50/><V56/><F70/><AGARI ba="3,0" hai="37,38,39,44,48,52,60,64,70,132,134" m="48235" machi="70" ten="40,12000,1" yaku="18,1,34,2,52,1,54,1" doraHai="41" who="1" fromWho="2" sc="285,0,286,129,194,-129,235,0" /><INIT seed="5,4,0,0,4,135" ten="285,415,65,235" oya="1" hai0="29,7,5,72,99,68,85,114,125,74,10,115,124" hai1="87,43,19,111,129,132,96,113,32,3,91,60,26" hai2="66,2,116,61,58,79,9,55,84,78,51,1,118" hai3="107,128,90,0,77,97,39,119,4,64,81,103,93"/><U41/><E3/><V28/><F28/><W23/><G64/><T33/><D68/><U54/><E113/><N who="0" m="43017" /><D85/><U108/><E132/><V27/><F27/><W122/><G39/><T106/><D33/><U88/><E96/><V121/><F121/><W89/><G0/><N who="0" m="295" /><D7/><U101/><E101/><V62/><F2/><W127/><G4/><T95/><D106/><U36/><E91/><V71/><F1/><W82/><G23/><T133/><D29/><U21/><E32/><V57/><F9/><W117/><G122/><T35/><D35/><U15/><E26/><V45/><F84/><W134/><G134/><T130/><D130/><U22/><E22/><V12/><F12/><W14/><G14/><T112/><D112/><U24/><E24/><V105/><F105/><W67/><G128/><T50/><D50/><U46/><E129/><V63/><F79/><W65/><G107/><T42/><D42/><U100/><E43/><V37/><F78/><W16/><G77/><T8/><D8/><U126/><E41/><N who="2" m="22703" /><F116/><W6/><G6/><T94/><D94/><U34/><E87/><V86/><F86/><W17/><G93/><T83/><D83/><U131/><E34/><V70/><F118/><W18/><G18/><T73/><D133/><U92/><E19/><V48/><F62/><W110/><G97/><T13/><D13/><U56/><E15/><V25/><F25/><W52/><G103/><AGARI ba="4,0" hai="72,73,74,95,99,103,124,125" m="295,43017" machi="103" ten="40,5200,0" yaku="15,1,52,2" doraHai="135" who="0" fromWho="3" sc="285,64,415,0,65,0,235,-64" /><INIT seed="6,0,0,3,1,14" ten="349,415,65,171" oya="2" hai0="59,135,26,107,108,4,51,93,103,132,36,23,122" hai1="120,110,70,1,31,35,86,20,43,121,119,78,17" hai2="32,57,90,0,58,94,64,54,89,129,49,111,18" hai3="71,87,85,96,48,25,76,82,95,46,128,80,88"/><V3/><F129/><W7/><G71/><T5/><D36/><U11/><E70/><V91/><F32/><W15/><G128/><T100/><D107/><U12/><E43/><V65/><F111/><W134/><G134/><N who="0" m="51243" /><D122/><U118/><E86/><V125/><F125/><W133/><G133/><T106/><D106/><U22/><E78/><V60/><F65/><W24/><G7/><N who="0" m="2635" /><D93/><U97/><E97/><V34/><F34/><W27/><G15/><T77/><D77/><U113/><E113/><V63/><F63/><W61/><G61/><T114/><D114/><U126/><E126/><V8/><REACH who="2" step="1"/><F94/><REACH who="2" ten="349,415,55,171" step="2"/><W38/><G38/><T28/><D108/><U13/><E110/><V92/><F92/><W16/><G96/><T131/><D131/><U72/><E35/><V30/><F30/><W105/><G105/><T37/><D28/><U69/><E31/><V68/><F68/><W130/><G130/><T124/><D124/><U74/><E69/><V62/><F62/><W39/><G39/><T55/><D37/><U98/><E120/><V47/><F47/><W6/><G95/><T9/><D59/><U102/><E121/><V81/><F81/><W115/><G115/><T109/><D109/><U101/><E98/><V123/><F123/><W40/><G6/><T127/><D127/><U29/><E29/><V66/><F66/><W75/><G75/><T10/><D51/><U83/><E74/><V117/><F117/><W42/><G48/><T41/><D41/><N who="3" m="15977" /><G46/><T56/><D56/><U73/><E73/><V116/><F116/><W50/><G50/><T45/><D45/><RYUUKYOKU ba="0,1" sc="349,-15,415,-15,55,15,171,15" hai2="0,3,8,18,49,54,57,58,60,64,89,90,91" hai3="16,24,25,27,76,80,82,85,87,88" /><INIT seed="6,1,1,0,0,84" ten="334,400,70,186" oya="2" hai0="46,36,83,14,54,33,20,110,10,37,113,44,133" hai1="86,124,123,18,67,112,120,92,26,55,128,95,79" hai2="0,25,114,21,60,11,53,72,94,115,107,4,69" hai3="106,8,40,127,43,3,75,30,52,13,117,109,89"/><V5/><F107/><W122/><G75/><T98/><D33/><U16/><E67/><N who="2" m="41191" /><F72/><W41/><G106/><T24/><D98/><U100/><E112/><N who="2" m="43051" /><F5/><W91/><G117/><T81/><D110/><U65/><E65/><V85/><F53/><W101/><G122/><T29/><D133/><U97/><E124/><V42/><F42/><W47/><G3/><T48/><D44/><U108/><E128/><V88/><F21/><W61/><G127/><T118/><D118/><U32/><E108/><V70/><F70/><W22/><G101/><T45/><D45/><U90/><E55/><V125/><F125/><W2/><G2/><T62/><D113/><U135/><E135/><V134/><F134/><W78/><G78/><T63/><D63/><U76/><E76/><V73/><F73/><W9/><G109/><T7/><D62/><U68/><E79/><V23/><F23/><W31/><G22/><T74/><D74/><U15/><E68/><V12/><F25/><W105/><G105/><T1/><D1/><AGARI ba="1,1" hai="0,1,4,11,12,85,88,94" m="43051,41191" machi="1" ten="30,5800,0" yaku="15,1,52,1,54,1" doraHai="84" who="2" fromWho="0" sc="334,-61,400,0,70,71,186,0" /><INIT seed="6,2,0,3,0,2" ten="273,400,141,186" oya="2" hai0="55,6,97,93,100,127,119,82,95,32,28,67,115" hai1="128,5,7,23,52,101,74,35,38,126,16,15,98" hai2="117,87,8,25,4,83,20,104,24,53,57,113,99" hai3="13,121,120,94,107,9,58,22,112,40,80,3,11"/><V124/><F117/><W85/><G107/><T75/><D115/><U123/><E35/><V72/><F72/><W92/><G40/><T114/><D127/><U88/><E74/><V31/><F113/><W71/><G71/><T12/><D119/><U47/><E126/><V59/><F124/><W70/><G70/><T44/><D67/><U48/><E38/><V50/><F25/><W125/><G125/><T90/><D114/><U84/><E128/><V77/><F59/><W118/><G118/><T116/><D32/><U105/><E123/><V96/><REACH who="2" step="1"/><F104/><REACH who="2" ten="273,400,131,186" step="2"/><W10/><G94/><AGARI ba="2,1" hai="5,7,15,16,23,47,48,52,84,88,94,98,101,105" machi="94" ten="30,12000,2" yaku="7,1,52,2,54,3" doraHai="2" who="1" fromWho="3" sc="273,0,400,136,131,0,186,-126" /><INIT seed="7,0,0,3,1,85" ten="273,536,131,60" oya="3" hai0="12,123,120,109,71,41,97,37,43,0,80,107,132" hai1="92,110,103,60,63,29,45,36,69,134,119,59,99" hai2="67,47,26,66,5,112,108,64,15,87,32,124,72" hai3="28,61,55,129,127,44,93,38,7,40,9,33,102"/><W104/><G33/><T133/><D109/><U130/><E69/><V117/><F108/><W35/><G127/><T121/><D0/><U50/><E36/><V95/><F72/><W57/><G129/><T14/><D71/><U8/><E110/><V111/><F117/><W65/><G104/><T20/><D80/><U51/><E119/><V68/><F68/><W128/><G128/><T11/><D20/><U116/><E29/><V19/><F112/><W2/><G35/><T3/><D3/><U122/><E134/><N who="0" m="51817" /><D37/><U27/><E51/><V74/><F74/><W31/><G102/><N who="0" m="62927" /><D14/><U46/><E27/><V42/><F32/><W82/><G55/><T10/><D10/><U54/><E46/><V17/><F124/><W53/><G53/><T88/><D88/><U23/><E60/><V79/><F111/><W78/><REACH who="3" step="1"/><G93/><REACH who="3" ten="273,536,131,50" step="2"/><T52/><D52/><U13/><E92/><V100/><F95/><W101/><G101/><T113/><D113/><U84/><E103/><V22/><F100/><W58/><G58/><T91/><D121/><U96/><E54/><V6/><F42/><W105/><G105/><T49/><D123/><U115/><E59/><V1/><F47/><W131/><G131/><T16/><D120/><U48/><E45/><V77/><F66/><W24/><G24/><T75/><D43/><U118/><E130/><V94/><F67/><W90/><G90/><T86/><D41/><U18/><E122/><V125/><F64/><W126/><G126/><T81/><D91/><U135/><E118/><V25/><F125/><W98/><G98/><T83/><D49/><RYUUKYOKU ba="0,1" sc="273,-10,536,-10,131,-10,50,30" hai3="2,7,9,28,31,38,40,44,57,61,65,78,82" /><INIT seed="7,1,1,0,5,76" ten="263,526,121,80" oya="3" hai0="18,9,123,114,88,104,77,72,93,130,95,39,64" hai1="44,49,108,59,67,69,92,8,56,5,100,3,37" hai2="14,79,46,102,103,83,109,16,7,22,71,32,96" hai3="82,101,20,75,126,15,80,129,34,30,125,78,11"/><W118/><G118/><T54/><D104/><U73/><E73/><V111/><F32/><W65/><G101/><T85/><D64/><U87/><E108/><V26/><F71/><W94/><G65/><T29/><D29/><U28/><E28/><V135/><F135/><W52/><G94/><T115/><D39/><U51/><E51/><V58/><F46/><W90/><G34/><T13/><D130/><U45/><E45/><V43/><F43/><W41/><G41/><T110/><D110/><U12/><E37/><V134/><F134/><W24/><G129/><T1/><D123/><U99/><E3/><V50/><F109/><W60/><G90/><T33/><D1/><U36/><E36/><V131/><F131/><W0/><G0/><T70/><D70/><U124/><E124/><N who="3" m="47722" /><G78/><T21/><D95/><N who="1" m="58495" /><E69/><V113/><F111/><W122/><G75/><T74/><D115/><U120/><E67/><V112/><F112/><W91/><G91/><T86/><D88/><N who="1" m="53279" /><E120/><V66/><F113/><W48/><G60/><T121/><D93/><U27/><E49/><V68/><F68/><W119/><G119/><T106/><D54/><U55/><E55/><N who="2" m="32119" /><F66/><W25/><G122/><T57/><D33/><U81/><E44/><V61/><F61/><W23/><G48/><T17/><D114/><U53/><E53/><V63/><F63/><W105/><G105/><T31/><D106/><U133/><E133/><V2/><F2/><W116/><G116/><T107/><D107/><U127/><E127/><V35/><F35/><W84/><G52/><T6/><D121/><U42/><E42/><RYUUKYOKU ba="1,1" sc="263,0,526,0,121,0,80,0" owari="263,6.0,536,64.0,121,-28.0,80,-42.0" /></mjloggm>