<mjloggm ver="2.3"><GO type="97" lobby="0"/><UN n0="%E5%85%A8%E3%81%A6%E3%81%8C%E8%A6%AA%E6%8C%87" n1="%74%79%64%79" n2="%E5%B0%B1%E6%B4%BB%E7%94%9F%40%E5%B7%9D%E6%9D%91%E8%BB%8D%E5%9B%A3" n3="%E6%B5%B7%E6%9C%88%E3%81%AE%E3%81%8F%E3%81%9B%E3%81%AB%E3%80%82" dan="13,14,13,13" rate="1817.05,1894.99,1908.37,1897.42" sx="M,M,M,M"/><TAIKYOKU oya="0"/><INIT seed="0,0,0,5,0,45" ten="250,250,250,250" oya="0" hai0="39,62,120,50,29,40,110,68,2,43,134,59,82" hai1="90,6,109,47,100,85,60,32,126,123,35,79,78" hai2="41,96,130,114,26,53,57,8,10,111,17,83,76" hai3="125,11,101,128,54,87,77,70,7,73,75,12,16"/><T24/><D82/><U122/><E109/><V131/><F111/><W63/><G128/><T132/><D2/><U18/><E100/><V104/><F114/><W14/><G125/><T55/><D110/><U72/><E126/><V97/><F41/><N who="0" m="15946" /><D120/><U95/><E6/><V21/><F130/><W92/><G101/><T112/><D39/><U64/><E18/><V13/><F104/><W81/><G92/><T88/><D112/><U133/><E47/><V102/><F102/><W37/><G37/><T34/><D68/><U66/><E66/><V67/><F67/><W89/><G77/><T113/><D113/><U58/><E78/><V135/><F10/><W27/><G27/><T121/><D121/><U124/><E124/><V80/><F135/><N who="0" m="51754" /><D88/><U28/><E133/><V91/><F131/><W86/><G86/><T52/><D55/><U99/><E123/><V71/><F71/><W19/><G7/><T74/><D74/><U116/><E72/><V15/><F76/><W93/><G81/><T9/><D9/><U129/><E122/><V46/><F91/><W65/><REACH who="3" step="1"/><G54/><REACH who="3" ten="250,250,250,240" step="2"/><T84/><D84/><U98/><E129/><V31/><F83/><W30/><G30/><T23/><D34/><U117/><E35/><V106/><F80/><W61/><G61/><AGARI ba="0,1" hai="23,24,29,50,52,59,61,62" m="51754,15946" machi="61" ten="30,5800,0" yaku="20,1,52,1,54,1" doraHai="45" who="0" fromWho="3" sc="250,68,250,0,250,0,240,-58" /><INIT seed="0,1,0,2,2,100" ten="318,250,250,182" oya="0" hai0="60,86,128,17,132,54,129,37,78,49,71,26,82" hai1="11,85,61,58,70,31,6,93,110,116,101,135,124" hai2="102,113,121,29,36,91,42,64,30,57,118,8,9" hai3="24,48,1,99,14,38,131,4,55,2,87,59,28"/><T77/><D37/><U122/><E116/><V127/><F113/><W0/><G38/><T83/><D132/><U106/><E122/><V76/><F121/><W68/><G68/><T96/><D96/><U32/><E135/><V126/><F118/><W5/><G131/><N who="0" m="50251" /><D60/><U98/><E110/><V133/><F76/><N who="0" m="29290" /><D71/><U22/><E70/><V44/><F102/><W134/><G134/><T103/><D103/><U130/><E130/><V66/><F91/><W88/><G99/><T74/><D74/><U33/><E124/><N who="2" m="47659" /><F133/><W90/><G14/><T34/><D86/><U12/><E85/><V10/><F57/><W67/><G90/><T52/><D54/><U65/><REACH who="1" step="1"/><E106/><REACH who="1" ten="318,240,250,182" step="2"/><V123/><F123/><W81/><REACH who="3" step="1"/><G67/><AGARI ba="1,1" hai="8,9,10,29,30,36,42,44,64,66,67" m="47659" machi="67" ten="30,1000,0" yaku="18,1" doraHai="100" who="2" fromWho="3" sc="318,0,240,0,250,23,182,-13" /><INIT seed="1,0,0,2,2,30" ten="318,240,273,169" oya="1" hai0="39,59,57,87,65,48,5,69,66,94,6,26,36" hai1="62,17,55,2,32,80,90,113,124,133,44,129,28" hai2="89,24,10,118,132,42,116,122,130,54,33,101,97" hai3="102,63,117,134,123,7,23,37,114,50,78,82,19"/><U58/><E113/><V106/><F122/><W15/><G123/><T47/><D69/><U29/><E2/><V3/><F130/><W76/><G114/><T91/><D39/><U9/><E129/><V20/><F132/><W4/><G134/><T25/><D36/><U109/><E133/><V98/><F42/><W70/><G117/><T112/><D112/><U0/><E124/><V40/><F40/><W16/><G37/><T83/><D26/><U27/><E29/><V81/><F33/><W31/><G31/><T60/><D25/><U103/><E103/><V71/><F71/><W53/><G102/><T84/><D59/><U41/><E109/><V52/><F3/><W88/><G70/><T45/><D66/><U99/><E0/><V75/><F10/><N who="3" m="6263" /><G63/><T96/><D96/><U14/><E99/><V125/><F125/><W61/><G61/><T68/><D68/><U104/><E104/><V11/><F11/><W92/><G82/><T79/><REACH who="0" step="1"/><D45/><REACH who="0" ten="308,240,273,169" step="2"/><U49/><REACH who="1" step="1"/><E80/><REACH who="1" ten="308,230,273,169" step="2"/><V8/><F81/><W115/><G115/><T74/><D74/><U85/><E85/><V119/><F98/><N who="3" m="57607" /><G78/><T72/><D72/><U12/><E12/><V108/><F75/><W131/><G76/><T126/><D126/><U38/><E38/><V22/><F97/><W105/><G105/><T51/><D51/><U1/><E1/><V13/><F106/><W43/><G131/><T128/><D128/><U100/><E100/><V95/><F101/><W56/><G43/><AGARI ba="0,2" hai="5,6,43,47,48,57,60,65,79,83,84,87,91,94" machi="43" ten="30,3900,0" yaku="1,1,7,1,8,1,53,0" doraHai="30" doraHaiUra="110" who="0" fromWho="3" sc="308,59,230,0,273,0,169,-39" /><INIT seed="2,0,0,3,3,38" ten="367,230,273,130" oya="2" hai0="20,2,67,55,134,125,64,6,72,93,42,9,39" hai1="58,16,63,85,70,30,49,113,133,96,27,52,114" hai2="41,75,115,112,54,106,124,40,61,7,66,80,34" hai3="37,100,21,89,97,118,119,32,105,103,109,120,107"/><V44/><F106/><W110/><G32/><T65/><D55/><U1/><E1/><V92/><F34/><W123/><G37/><T68/><D134/><U71/><E133/><V88/><F124/><W48/><G48/><T25/><D125/><U12/><E96/><V0/><F112/><W3/><G21/><T121/><D121/><U101/><E101/><V132/><F115/><W74/><G3/><T23/><D25/><U126/><E126/><V62/><F132/><W31/><G31/><T59/><D59/><U43/><E71/><V135/><F135/><W46/><G46/><N who="0" m="23903" /><D93/><U4/><E4/><V78/><F0/><W83/><G97/><T98/><D98/><U26/><E85/><V33/><F7/><W108/><G89/><T86/><D86/><U128/><E70/><V11/><F11/><W45/><G45/><T87/><D87/><U19/><E114/><V116/><F33/><W84/><G84/><T17/><D17/><U15/><E113/><V69/><F116/><W29/><G29/><T130/><D68/><U111/><E27/><V94/><F88/><W10/><G10/><T77/><D130/><U5/><E128/><V35/><F35/><W47/><G47/><T81/><AGARI ba="0,0" hai="2,6,9,20,23,64,65,67,72,77,81" m="23903" machi="81" ten="30,2000,0" yaku="25,1,52,1" doraHai="38" who="0" fromWho="0" sc="367,20,230,-5,273,-10,130,-5" /><INIT seed="3,0,0,3,0,53" ten="387,225,263,125" oya="3" hai0="50,108,91,2,72,45,43,120,124,10,33,54,90" hai1="75,1,42,46,121,37,12,34,81,51,31,87,30" hai2="111,106,11,85,40,61,96,78,5,68,113,116,128" hai3="9,38,117,131,84,125,132,119,123,134,127,82,56"/><W28/><G9/><T95/><D72/><U101/><E121/><V118/><F113/><W26/><G38/><T18/><D120/><U27/><E31/><V66/><F111/><W8/><G8/><T126/><D108/><U14/><E101/><V65/><F128/><W39/><G39/><T44/><D33/><U15/><E1/><V71/><F40/><W24/><G123/><T115/><D115/><U70/><E70/><V0/><F85/><W129/><G56/><T60/><D60/><U49/><REACH who="1" step="1"/><E75/><REACH who="1" ten="387,215,263,125" step="2"/><V59/><F71/><W35/><G26/><T41/><D2/><U36/><E36/><V133/><F68/><W47/><G47/><T52/><D18/><U63/><E63/><V57/><F118/><W19/><G19/><T122/><D10/><U107/><E107/><V73/><F116/><N who="3" m="44619" /><G82/><T130/><D130/><N who="3" m="49673" /><G84/><T97/><D97/><U86/><E86/><V13/><F73/><W22/><G35/><T16/><D45/><U114/><E114/><V76/><F106/><W32/><G32/><T7/><D54/><U67/><E67/><V23/><F66/><W92/><G92/><T80/><D80/><U21/><E21/><V88/><F65/><W20/><G20/><T98/><D95/><U25/><E25/><V102/><F23/><W62/><G62/><T3/><D44/><U58/><E58/><V94/><F61/><W6/><G6/><T4/><D7/><U135/><E135/><AGARI ba="0,1" hai="22,24,28,125,127,132,134,135" m="49673,44619" machi="135" ten="40,18000,2" yaku="30,2,20,1,19,1,34,2" doraHai="53" who="3" fromWho="1" sc="387,0,215,-180,263,0,125,190" /><INIT seed="3,1,0,2,2,53" ten="387,35,263,315" oya="3" hai0="72,13,83,86,10,102,55,68,38,62,106,99,82" hai1="52,46,16,118,74,6,73,75,49,128,78,71,131" hai2="57,29,59,110,91,81,3,63,64,87,42,132,66" hai3="88,89,1,19,35,23,24,47,11,113,0,111,22"/><W20/><G113/><T105/><D38/><U40/><E71/><V17/><F110/><W50/><G111/><T2/><D2/><U127/><E118/><V7/><F132/><W45/><G35/><T70/><D106/><U98/><E6/><V34/><F42/><W101/><G101/><T133/><D133/><U80/><E98/><V32/><F17/><W114/><G114/><T125/><D125/><U79/><E127/><V48/><F29/><W41/><G23/><T5/><D72/><U65/><E65/><V44/><F44/><W43/><G22/><T21/><D21/><U28/><E28/><V96/><F96/><W103/><G103/><T4/><D4/><U56/><E78/><V95/><F81/><W36/><REACH who="3" step="1"/><G11/><REACH who="3" ten="387,35,263,305" step="2"/><T109/><D109/><U12/><E131/><V85/><F32/><W130/><G130/><T9/><D9/><U8/><REACH who="1" step="1"/><E128/><REACH who="1" ten="387,25,263,305" step="2"/><V14/><F34/><W123/><G123/><T27/><D102/><U122/><E122/><V25/><F7/><W97/><G97/><T33/><D10/><U120/><E120/><V124/><F124/><W60/><G60/><AGARI ba="1,2" hai="8,12,16,40,46,49,52,56,60,73,74,75,79,80" machi="60" ten="30,16000,3" yaku="1,1,7,1,52,1,54,2,53,3" doraHai="53" doraHaiUra="107" who="1" fromWho="3" sc="387,0,25,183,263,0,305,-163" owari="387,49.0,208,-19.0,263,6.0,142,-36.0" /></mjloggm>