<mjloggm ver="2.3"><GO type="105" lobby="0"/><UN n0="%65%78%63%65%6C%2E" n1="%E3%83%95%E3%83%AA%E3%83%BC%E9%9B%80%E5%A3%AB" n2="%E3%83%AC%E3%82%B8%E3%82%B9%E3%82%BF%E3%83%B3" n3="%E5%B0%B1%E6%B4%BB%E7%94%9F%40%E5%B7%9D%E6%9D%91%E8%BB%8D%E5%9B%A3" dan="13,13,14,15" rate="1901.60,1891.09,2003.52,1990.55" sx="M,M,M,M"/><TAIKYOKU oya="0"/><INIT seed="0,0,0,0,1,55" ten="250,250,250,250" oya="0" hai0="125,95,80,82,54,56,70,86,101,112,36,128,81" hai1="17,91,116,78,71,37,53,44,120,90,49,103,10" hai2="46,13,104,58,31,50,12,74,69,45,60,122,126" hai3="3,18,85,51,8,72,40,5,7,15,77,111,99"/><T88/><D70/><U135/><E71/><V2/><F122/><W32/><G111/><T133/><D112/><U105/><E120/><V39/><F104/><W108/><G108/><T89/><D36/><U117/><E135/><V6/><F74/><W106/><G72/><T35/><D35/><U26/><E78/><V63/><F2/><W1/><G32/><T61/><D133/><U67/><E67/><V19/><F126/><W76/><G7/><T75/><D75/><U29/><E37/><V100/><F100/><W38/><G38/><T59/><D125/><U21/><E103/><V96/><F96/><W83/><G76/><T42/><D42/><U23/><E105/><V124/><F124/><W34/><G34/><T27/><D27/><U98/><E10/><V14/><F31/><W110/><G110/><T0/><D0/><U73/><E73/><V41/><F6/><W131/><G131/><T33/><D33/><U113/><E113/><V28/><F28/><W97/><G106/><T57/><D128/><U47/><E47/><V134/><F134/><W9/><G3/><T20/><D20/><U64/><E64/><N who="2" m="41095" /><F63/><W79/><G79/><T129/><D129/><U84/><E98/><V16/><F45/><W94/><G94/><N who="0" m="54551" /><D101/><U102/><E102/><V92/><F92/><W62/><G40/><T25/><D25/><U66/><E66/><V123/><F123/><W65/><REACH who="3" step="1"/><G51/><REACH who="3" ten="250,250,250,240" step="2"/><T30/><D30/><U93/><E117/><V24/><F24/><W107/><G107/><T22/><D22/><U130/><E116/><V118/><F118/><W43/><G43/><RYUUKYOKU ba="0,1" sc="250,10,250,-30,250,10,240,10" hai0="54,56,57,59,61,80,81,82,89,95" hai2="12,13,14,16,19,39,41,46,50,58" hai3="1,5,8,9,15,18,62,65,77,83,85,97,99" /><INIT seed="0,1,1,5,5,69" ten="260,220,260,250" oya="0" hai0="24,86,87,13,41,84,34,21,77,50,88,54,37" hai1="73,11,64,12,128,98,118,91,115,70,3,40,14" hai2="23,0,48,117,83,92,106,132,18,76,19,110,30" hai3="131,101,62,25,45,78,75,120,119,66,126,51,44"/><T56/><D77/><U59/><E73/><V36/><F106/><W6/><G119/><T32/><D34/><U39/><E118/><V65/><F0/><W35/><G120/><T124/><D32/><U63/><E3/><V111/><F117/><W9/><G126/><T27/><D27/><U15/><E115/><V109/><F65/><W60/><G131/><T93/><D124/><U107/><E128/><V58/><F132/><W31/><G101/><T125/><D125/><U33/><E33/><V74/><F92/><W28/><G28/><T133/><D133/><U89/><E89/><V8/><F8/><W85/><G75/><T16/><D24/><U105/><E105/><V79/><F79/><W46/><G78/><T104/><D104/><U22/><E22/><V68/><F68/><W17/><G85/><T123/><D123/><U103/><E91/><V42/><F23/><W95/><G17/><T52/><D54/><U96/><E98/><V49/><F30/><W71/><G95/><T43/><D43/><U134/><E134/><V82/><F82/><W97/><G62/><T2/><D2/><U122/><E122/><V81/><F81/><W116/><G97/><T67/><D67/><U129/><E129/><V114/><F114/><W94/><G94/><T130/><D130/><U4/><E70/><V72/><F72/><W80/><G80/><T102/><D102/><U121/><E121/><V47/><F58/><W135/><G135/><T26/><D26/><U100/><E103/><V61/><F61/><W7/><G116/><T99/><D99/><U5/><E5/><RYUUKYOKU ba="1,1" sc="260,10,220,10,260,10,250,-30" hai0="13,16,21,37,41,50,52,56,84,86,87,88,93" hai1="4,11,12,14,15,39,40,59,63,64,96,100,107" hai2="18,19,36,42,47,48,49,74,76,83,109,110,111" /><INIT seed="0,2,1,1,5,22" ten="270,230,270,220" oya="0" hai0="132,60,56,81,99,5,103,127,96,134,43,108,72" hai1="115,25,84,41,19,133,94,73,78,9,30,93,63" hai2="91,80,1,100,118,17,88,51,62,130,37,123,87" hai3="16,69,90,67,116,120,40,32,23,79,29,122,20"/><T119/><D119/><U66/><E73/><V8/><F123/><N who="3" m="47147" /><G116/><T105/><D96/><U129/><E115/><V121/><F37/><W45/><G32/><T54/><D43/><U65/><E133/><V13/><F130/><W77/><G29/><T49/><D127/><U42/><E129/><V6/><F100/><W76/><G90/><T11/><D108/><U85/><E78/><N who="3" m="19970" /><W101/><DORA hai="107" /><G101/><T106/><D81/><U33/><E33/><V83/><F62/><N who="3" m="40183" /><G16/><T4/><D106/><U102/><E102/><V55/><F118/><W131/><G131/><T27/><D4/><U98/><E30/><V75/><F75/><W53/><G53/><T125/><D72/><U28/><E28/><V68/><F68/><W47/><G47/><T74/><D74/><U31/><E31/><V26/><F121/><W86/><G86/><T126/><D60/><U38/><E63/><V95/><F91/><W104/><G104/><T39/><D39/><AGARI ba="2,1" hai="20,23,39,40,45" m="40183,19970,47147" machi="39" ten="40,1300,0" yaku="13,1" doraHai="22,107" who="3" fromWho="0" sc="270,-19,230,0,270,0,220,29" /><INIT seed="1,0,0,2,3,6" ten="251,230,270,249" oya="1" hai0="91,109,96,25,53,38,69,50,78,110,119,20,115" hai1="5,124,26,65,88,81,94,80,54,49,68,46,31" hai2="127,41,30,105,58,22,45,93,102,43,55,121,23" hai3="17,83,63,12,9,37,87,118,2,1,97,104,66"/><U130/><E130/><V117/><F105/><W3/><G37/><T107/><D115/><U106/><E106/><V34/><F121/><W7/><G118/><T95/><D119/><U28/><E124/><V18/><F117/><W42/><G42/><T70/><D107/><U116/><E116/><V16/><F34/><W33/><G33/><T74/><D78/><U86/><E5/><V44/><F30/><W32/><G32/><T14/><D14/><U103/><E103/><V13/><F127/><W82/><G82/><T48/><D50/><U0/><E0/><V39/><F93/><W101/><G83/><T67/><D67/><U19/><E65/><V90/><F90/><W60/><G87/><T113/><D38/><U89/><E68/><V79/><F79/><W52/><G63/><T71/><D74/><U62/><E62/><V85/><F85/><W29/><G29/><N who="1" m="11338" /><E89/><V128/><F102/><W64/><REACH who="3" step="1"/><G7/><REACH who="3" ten="251,230,270,239" step="2"/><T72/><D72/><U126/><E126/><V131/><F39/><W92/><G92/><T125/><D125/><U24/><E81/><V57/><F55/><W99/><G99/><T114/><D113/><U98/><E80/><V15/><AGARI ba="0,1" hai="13,15,16,18,22,23,41,43,44,45,57,58,128,131" machi="15" ten="25,6400,0" yaku="0,1,22,2,54,1" doraHai="6" who="2" fromWho="2" sc="251,-16,230,-32,270,74,239,-16" /><INIT seed="2,0,0,5,2,123" ten="235,198,344,223" oya="2" hai0="0,127,64,76,16,63,11,44,22,96,5,99,3" hai1="126,86,13,95,108,114,62,132,68,122,77,18,49" hai2="57,38,32,80,115,55,110,82,70,106,9,100,1" hai3="25,67,128,97,94,29,48,79,130,134,118,71,104"/><V117/><F117/><W20/><G104/><T65/><D127/><U31/><E122/><V24/><F115/><W23/><G118/><T54/><D0/><U124/><E114/><V72/><F38/><W131/><G134/><T81/><D65/><U45/><E132/><V37/><F37/><W7/><G7/><T93/><D93/><U2/><E2/><V88/><F70/><W92/><G79/><T87/><D54/><U69/><E31/><V27/><F72/><W125/><G125/><N who="1" m="48234" /><E62/><V8/><F32/><W17/><G48/><T102/><D44/><U83/><E95/><V52/><F1/><W50/><G50/><T121/><D102/><U129/><E129/><V43/><F43/><W60/><REACH who="3" step="1"/><G97/><REACH who="3" ten="235,198,344,213" step="2"/><T35/><D121/><U73/><E49/><V98/><F106/><W12/><AGARI ba="0,1" hai="12,17,20,23,25,29,60,67,71,92,94,128,130,131" machi="12" ten="30,7900,0" yaku="1,1,2,1,0,1,19,1,53,0" doraHai="123" doraHaiUra="28" who="3" fromWho="3" sc="235,-20,198,-20,344,-39,213,89" /><INIT seed="3,0,0,2,2,52" ten="215,178,305,302" oya="3" hai0="131,87,83,100,13,130,86,3,84,97,99,74,108" hai1="61,25,12,0,125,134,8,116,76,110,98,101,57" hai2="80,119,56,50,34,111,5,30,59,63,29,92,85" hai3="121,81,75,70,1,127,39,91,93,112,67,38,89"/><W118/><G121/><T26/><D3/><U47/><E116/><V11/><F119/><W16/><G112/><T132/><D26/><U53/><E0/><V113/><F113/><W14/><G1/><T133/><D108/><U23/><E110/><V62/><F111/><W46/><G118/><T58/><D13/><U15/><E134/><N who="0" m="51817" /><D58/><N who="2" m="22058" /><F50/><W123/><G123/><T78/><D100/><U114/><E114/><V54/><F54/><W88/><G127/><T51/><D51/><U17/><E125/><V107/><F107/><W28/><G28/><N who="2" m="10857" /><F34/><W96/><G96/><AGARI ba="0,0" hai="74,78,83,84,86,87,96,97,99,130,131" m="51817" machi="96" ten="40,5200,0" yaku="20,1,34,2" doraHai="52" who="0" fromWho="3" sc="215,52,178,0,305,0,302,-52" /><INIT seed="4,0,0,5,1,4" ten="267,178,305,250" oya="0" hai0="63,46,81,100,134,11,17,38,95,42,60,94,113" hai1="96,23,39,126,130,114,66,34,28,53,121,119,99" hai2="19,13,89,12,9,75,91,51,58,52,6,16,22" hai3="97,86,61,131,90,10,74,104,7,67,82,14,41"/><T2/><D134/><U20/><E121/><V33/><F75/><W56/><G131/><T48/><D113/><U120/><E120/><V105/><F105/><W133/><G133/><T25/><D95/><U21/><E130/><V18/><F33/><W87/><G74/><T37/><D37/><U135/><E135/><V0/><F0/><W65/><G41/><T118/><D118/><U92/><E39/><V128/><F128/><W40/><G40/><T84/><D25/><U50/><E114/><V122/><F122/><W71/><G71/><T64/><D64/><U27/><E119/><V117/><F117/><W132/><G132/><T85/><D38/><U107/><E66/><V1/><F19/><W70/><G70/><T108/><D108/><U31/><E31/><V123/><F123/><W127/><G127/><T69/><D69/><U36/><E36/><V101/><REACH who="2" step="1"/><F101/><REACH who="2" ten="267,178,295,250" step="2"/><W115/><G115/><T83/><D2/><U116/><E116/><V32/><F32/><W49/><G104/><T26/><D100/><U57/><E107/><V8/><AGARI ba="0,1" hai="1,6,8,9,12,13,16,18,22,51,52,58,89,91" machi="8" ten="20,12000,2" yaku="1,1,0,1,7,1,52,2,54,2,53,0" doraHai="4" doraHaiUra="112" who="2" fromWho="2" sc="267,-60,178,-30,295,130,250,-30" /><INIT seed="5,0,0,5,3,51" ten="207,148,425,220" oya="1" hai0="42,10,46,75,119,108,36,41,110,43,113,101,31" hai1="26,115,45,9,55,133,90,77,53,34,98,73,112" hai2="104,5,105,37,78,22,102,123,13,38,87,21,61" hai3="70,109,14,106,83,0,65,29,99,127,6,122,117"/><U85/><E34/><V24/><F123/><W35/><G35/><T49/><D75/><U95/><E133/><V125/><F125/><W27/><G117/><T80/><D31/><U62/><E62/><V7/><F61/><W89/><G122/><T3/><D101/><U18/><E45/><V50/><F50/><W2/><G65/><T94/><D94/><U64/><E64/><V47/><F47/><W84/><G70/><T67/><D119/><U12/><E26/><V134/><F134/><W69/><G109/><T103/><D103/><U11/><E11/><V20/><F102/><W23/><G69/><T60/><D80/><N who="1" m="45103" /><E98/><V118/><F13/><W68/><G68/><N who="0" m="42087" /><D10/><U107/><E107/><V54/><F118/><W130/><G127/><T81/><D81/><U126/><E126/><V92/><F22/><W17/><G6/><T1/><D3/><N who="3" m="1065" /><G99/><T132/><D1/><U19/><E18/><V100/><F100/><W56/><G56/><T48/><D132/><U121/><E121/><V8/><F8/><N who="3" m="6343" /><G106/><T91/><D91/><U86/><E85/><V66/><F66/><W82/><G82/><T52/><D113/><AGARI ba="0,0" hai="9,12,19,53,55,86,90,95,112,113,115" m="45103" machi="113" ten="30,5800,0" yaku="15,1,52,2" doraHai="51" who="1" fromWho="0" sc="207,-58,148,58,425,0,220,0" /><INIT seed="5,1,0,5,0,92" ten="149,206,425,220" oya="1" hai0="7,12,64,108,18,84,98,46,88,118,102,28,16" hai1="82,31,55,37,83,100,79,69,0,73,89,26,66" hai2="23,113,44,41,116,126,91,106,54,36,25,99,48" hai3="105,60,4,103,86,110,9,62,20,132,14,65,109"/><U122/><E122/><V63/><F116/><W80/><G132/><T68/><D118/><U129/><E37/><V61/><F126/><W58/><G105/><T115/><D108/><U22/><E0/><V119/><F119/><W96/><G20/><T52/><D28/><U39/><E39/><V43/><F43/><W59/><G103/><T112/><D64/><U85/><E129/><V76/><F76/><W135/><G135/><T127/><D68/><U133/><E133/><V71/><F113/><N who="0" m="43594" /><D127/><U70/><E66/><V53/><F53/><W34/><G34/><T13/><D7/><U90/><E90/><V77/><F77/><W24/><G24/><T93/><D12/><U81/><E81/><V95/><F106/><W94/><G94/><N who="0" m="58711" /><D13/><U114/><E114/><V40/><F71/><W121/><G121/><T117/><D117/><U97/><REACH who="1" step="1"/><E55/><REACH who="1" ten="149,196,425,220" step="2"/><V56/><F40/><W120/><G120/><T74/><D74/><U8/><E8/><V6/><REACH who="2" step="1"/><F6/><REACH who="2" ten="149,196,415,220" step="2"/><W57/><G109/><T130/><D130/><U128/><E128/><V27/><F27/><W30/><G110/><T67/><D67/><U29/><E29/><AGARI ba="1,2" hai="23,25,29,36,41,44,48,54,56,61,63,91,95,99" machi="29" ten="30,3900,0" yaku="1,1,7,1,52,1,53,0" doraHai="92" doraHaiUra="32" who="2" fromWho="1" sc="149,0,196,-42,415,62,220,0" /><INIT seed="6,0,0,3,2,36" ten="149,154,477,220" oya="2" hai0="0,40,69,12,27,51,132,42,35,60,131,98,82" hai1="125,64,116,101,56,85,97,110,80,105,44,1,108" hai2="55,112,58,4,66,128,87,3,109,84,121,78,135" hai3="45,41,6,18,129,37,68,54,123,57,52,76,95"/><V94/><F121/><W62/><G123/><T92/><D0/><U102/><E1/><V38/><F112/><W70/><G129/><T93/><D131/><U71/><E71/><V107/><F128/><W74/><G6/><T33/><D69/><U88/><E116/><V86/><F107/><W28/><G28/><T63/><D132/><U119/><E119/><V31/><F38/><W32/><G32/><T13/><D98/><U39/><E125/><V72/><F72/><W49/><G95/><T22/><D22/><U14/><E14/><V83/><F135/><W122/><G122/><T79/><D79/><U127/><E127/><V2/><F109/><W30/><G30/><T104/><D104/><U34/><E34/><V7/><F66/><W130/><G130/><T11/><D11/><U134/><E134/><V47/><F47/><W100/><G100/><T46/><D46/><U90/><E102/><V29/><F94/><W103/><G103/><T120/><D120/><U81/><E56/><V17/><F17/><W61/><G18/><T73/><D73/><U91/><E64/><V106/><F106/><W48/><G76/><T114/><D114/><U126/><E126/><V15/><F3/><W59/><G74/><T65/><D65/><U113/><E113/><V10/><F4/><W77/><G77/><T115/><D115/><U20/><E20/><V111/><F2/><W89/><G89/><N who="1" m="34410" /><E81/><V9/><F111/><W8/><G8/><T50/><D27/><U19/><E19/><V21/><F9/><W24/><G24/><T75/><D75/><U96/><E97/><RYUUKYOKU ba="0,0" sc="149,10,154,10,477,-30,220,10" hai0="12,13,33,35,40,42,50,51,60,63,82,92,93" hai1="39,44,80,85,91,96,101,105,108,110" hai3="37,41,45,48,49,52,54,57,59,61,62,68,70" /><INIT seed="7,1,0,2,5,7" ten="159,164,447,230" oya="3" hai0="19,122,129,20,128,62,111,9,34,127,38,50,44" hai1="48,32,117,55,81,78,43,31,89,60,46,53,5" hai2="59,36,125,108,15,39,66,80,123,102,1,71,65" hai3="99,106,30,28,72,70,91,26,73,29,64,83,63"/><W69/><G69/><T27/><D122/><U96/><E117/><V116/><F1/><W61/><G61/><T105/><D111/><U67/><E31/><V41/><F15/><W22/><G73/><T97/><D38/><U33/><E32/><V12/><F12/><W134/><G134/><T84/><D84/><U13/><E33/><V68/><F102/><W17/><G72/><T76/><D76/><U92/><E13/><V132/><F80/><W121/><G121/><T119/><D119/><U112/><E5/><V135/><F116/><W52/><G83/><T101/><D62/><U98/><E98/><V24/><F24/><W2/><G2/><T120/><D120/><U49/><E48/><V23/><F23/><W104/><G70/><T56/><D56/><U8/><E8/><V6/><F6/><W109/><G64/><T74/><D74/><U94/><E94/><V57/><F123/><W14/><G14/><T124/><D9/><U88/><E89/><V107/><F107/><W130/><G130/><N who="0" m="50283" /><D34/><U79/><E112/><V100/><F100/><W4/><G109/><T85/><D85/><N who="1" m="48311" /><E79/><V87/><F87/><W90/><G4/><T21/><D21/><U16/><E16/><V37/><F108/><W93/><G90/><T35/><D35/><U126/><E126/><V0/><F125/><W86/><G86/><T95/><D105/><U110/><E110/><V133/><F133/><W131/><G131/><T51/><D51/><U115/><E115/><V54/><F132/><W75/><G104/><T82/><D82/><U45/><E46/><V113/><F135/><RYUUKYOKU ba="1,0" sc="159,15,164,15,447,-15,230,-15" hai0="19,20,27,44,50,95,97,101,124,127" hai1="43,45,49,53,55,60,67,88,92,96" owari="174,-33.0,179,-22.0,432,53.0,215,2.0" /></mjloggm>