<mjloggm ver="2.3"><GO type="169" lobby="0"/><UN n0="%73%68%69%6E%6F%21%21" n1="%EF%BC%88%EF%BC%BE%D0%94%EF%BC%BE%EF%BC%89" n2="%E3%82%A6%E3%83%AB%E3%83%88%E3%83%A9%E7%AB%8B%E7%9B%B4" n3="%E5%A4%A9%E9%BC%93" dan="17,16,17,16" rate="2203.59,2119.88,2111.14,2056.77" sx="M,M,M,M"/><TAIKYOKU oya="0"/><INIT seed="0,0,0,2,3,35" ten="250,250,250,250" oya="0" hai0="51,103,58,120,34,79,102,37,85,93,26,36,111" hai1="61,75,126,124,98,105,82,101,31,131,14,97,45" hai2="20,77,59,100,21,86,115,112,43,23,42,52,50" hai3="5,67,30,55,117,96,71,1,62,40,99,90,63"/><T17/><D120/><U16/><E31/><V54/><F100/><W80/><G117/><T125/><D125/><N who="1" m="48235" /><E131/><V88/><F77/><W11/><G40/><T119/><D119/><U73/><E98/><V114/><REACH who="2" step="1"/><F54/><REACH who="2" ten="250,250,240,250" step="2"/><W44/><G55/><T83/><D103/><U47/><E101/><V24/><F24/><W78/><G90/><T134/><D102/><U29/><E105/><V41/><F41/><W0/><G78/><T25/><D25/><U65/><E75/><V28/><F28/><W106/><G30/><T129/><D26/><U27/><E27/><V12/><F12/><W123/><G106/><T53/><D53/><U107/><E29/><V109/><F109/><W122/><G122/><T84/><D111/><U87/><E107/><V113/><N who="2" m="28672" /><DORA hai="46" /><V60/><F60/><W69/><G123/><T89/><D79/><U72/><E73/><V92/><AGARI ba="0,1" hai="20,21,23,42,43,50,52,59,86,88,92" m="28672" machi="92" ten="60,12000,2" yaku="1,1,0,1,52,1,54,2,53,2" doraHai="35,46" doraHaiUra="76,38" who="2" fromWho="2" sc="250,-60,250,-30,240,130,250,-30" /><INIT seed="1,0,0,5,0,23" ten="190,220,370,220" oya="1" hai0="35,98,40,73,122,112,1,16,66,92,119,31,63" hai1="123,76,82,111,107,102,19,91,77,17,4,58,128" hai2="113,67,89,95,86,110,71,25,116,94,74,64,26" hai3="61,42,50,37,69,8,44,6,55,21,62,135,56"/><U90/><E123/><V120/><F74/><W2/><G135/><T47/><D112/><U127/><E4/><V22/><F116/><W14/><G2/><T43/><D73/><U13/><E17/><V88/><F120/><W28/><G69/><T3/><D119/><U129/><E19/><V87/><F71/><W51/><G37/><T75/><D75/><N who="1" m="43295" /><E13/><V68/><F68/><W125/><G125/><T79/><D79/><U39/><E58/><V84/><F113/><W134/><G134/><T105/><D105/><U83/><E39/><V32/><F32/><W104/><G104/><T78/><D78/><U93/><E127/><V10/><F10/><W100/><G100/><T115/><D122/><U0/><E0/><V81/><F110/><W65/><G65/><N who="2" m="25161" /><F22/><W133/><G133/><T12/><D115/><U24/><E107/><V59/><F59/><W15/><G15/><T118/><D118/><U41/><E24/><AGARI ba="0,0" hai="6,8,14,21,24,28,42,44,50,51,55,56,61,62" machi="24" ten="40,2600,0" yaku="8,1,52,1" doraHai="23" who="3" fromWho="1" sc="190,0,220,-26,370,0,220,26" /><INIT seed="2,0,0,1,5,106" ten="190,194,370,246" oya="2" hai0="94,32,42,30,86,61,88,103,105,135,63,37,29" hai1="96,97,110,125,79,57,104,27,128,116,35,2,120" hai2="50,0,52,44,18,6,19,14,9,16,77,75,117" hai3="60,36,131,7,119,56,53,59,80,102,39,127,76"/><V12/><REACH who="2" step="1"/><F117/><REACH who="2" ten="190,194,360,246" step="2"/><W3/><G119/><T126/><D126/><U28/><E125/><V99/><F99/><W34/><G127/><T91/><D135/><U22/><E97/><V69/><F69/><W113/><G113/><T132/><D132/><U68/><E96/><V123/><F123/><W93/><G131/><T70/><D70/><U74/><E68/><V54/><F54/><W64/><G53/><T78/><D42/><U13/><E128/><V58/><F58/><W8/><G59/><T108/><D108/><U46/><E57/><V98/><F98/><W72/><G102/><T20/><D103/><U1/><E120/><V112/><F112/><W45/><G45/><T40/><D40/><U73/><E46/><V23/><F23/><W100/><G100/><T87/><D20/><U84/><E22/><V122/><F122/><W17/><G34/><T92/><D32/><U71/><E110/><V111/><F111/><W67/><G67/><T115/><D115/><U65/><E116/><V24/><F24/><W26/><G26/><T48/><D105/><U43/><E104/><V49/><F49/><W41/><G41/><T47/><D47/><U114/><E43/><V51/><F51/><W130/><G130/><T90/><D48/><U109/><E114/><V38/><F38/><W124/><G124/><T62/><D37/><U133/><E109/><V89/><F89/><W33/><G33/><T55/><D55/><U121/><E133/><V10/><F10/><N who="3" m="2431" /><G93/><N who="0" m="35947" /><D78/><U134/><E121/><V129/><F129/><W21/><G21/><T5/><D91/><U66/><E35/><RYUUKYOKU ba="0,1" sc="190,-15,194,-15,360,15,246,15" hai2="0,6,9,12,14,16,18,19,44,50,52,75,77" hai3="8,17,36,39,56,60,64,72,76,80" /><INIT seed="2,1,1,3,5,30" ten="175,179,375,261" oya="2" hai0="128,50,93,100,125,12,118,17,60,77,25,98,101" hai1="52,92,20,24,57,69,2,84,72,95,71,15,7" hai2="56,29,10,49,74,135,126,42,41,132,27,55,131" hai3="34,22,40,94,82,21,1,19,68,123,91,73,63"/><V53/><F74/><W32/><G123/><T86/><D118/><U54/><E2/><V31/><F31/><W110/><G1/><T133/><D133/><N who="2" m="51274" /><F126/><W96/><G22/><T64/><D125/><U23/><E72/><V67/><F67/><W59/><G68/><T90/><D128/><U3/><E3/><V18/><F131/><W9/><G9/><T5/><D50/><U51/><E71/><V4/><F18/><W121/><G40/><T129/><D129/><U107/><E107/><V8/><F53/><W108/><G121/><T48/><D48/><N who="1" m="30855" /><E69/><V87/><F87/><W114/><G114/><T81/><D5/><U112/><E112/><V36/><F4/><W75/><G75/><T26/><D101/><U88/><E95/><V33/><F41/><W102/><G108/><T39/><D39/><U99/><E84/><V47/><AGARI ba="1,1" hai="8,10,27,29,33,36,42,47,49,55,56" m="51274" machi="47" ten="30,3000,0" yaku="20,1,52,1" doraHai="30" who="2" fromWho="2" sc="175,-11,179,-11,375,43,261,-11" /><INIT seed="2,2,0,3,0,35" ten="164,168,418,250" oya="2" hai0="132,48,38,24,73,101,67,125,47,11,44,50,68" hai1="6,33,12,115,69,83,85,4,71,122,72,2,81" hai2="60,109,53,74,32,94,84,110,31,120,19,92,89" hai3="5,79,29,104,57,27,82,21,15,135,112,43,121"/><V55/><F74/><W1/><G121/><T105/><D73/><U25/><E72/><V58/><F120/><W3/><G104/><T36/><D24/><U52/><E115/><V90/><F31/><W127/><G57/><T114/><D11/><U7/><E12/><V63/><F32/><W61/><G61/><N who="0" m="40047" /><D101/><U78/><E83/><V37/><F37/><N who="0" m="14442" /><D105/><U102/><E122/><V134/><F134/><W28/><G135/><T70/><D132/><U13/><E102/><V108/><F19/><W128/><G29/><T40/><D70/><U9/><E13/><V124/><F90/><W103/><G103/><T113/><D125/><U100/><E100/><V14/><F14/><W126/><G128/><T42/><AGARI ba="2,0" hai="40,42,44,47,48,50,113,114" m="14442,40047" machi="42" ten="30,2000,0" yaku="34,2" doraHai="35" who="0" fromWho="0" sc="164,26,168,-7,418,-12,250,-7" /><INIT seed="3,0,0,1,2,106" ten="190,161,406,243" oya="3" hai0="48,107,113,1,130,39,2,37,56,111,61,30,87" hai1="83,94,57,53,108,103,97,36,62,78,8,86,25" hai2="31,77,41,132,27,44,15,114,75,98,74,117,52" hai3="73,59,120,51,60,127,6,93,119,71,19,91,88"/><W49/><G120/><T21/><D107/><U110/><E36/><V10/><F114/><W38/><G119/><T81/><D113/><U122/><E122/><V84/><F117/><W131/><G38/><T14/><D111/><U125/><E125/><V16/><F132/><W109/><G71/><T13/><D130/><U105/><E8/><V29/><F29/><W72/><G6/><T118/><D118/><U134/><E134/><V128/><F98/><W135/><G135/><T80/><D48/><U133/><E133/><V7/><F52/><N who="3" m="33895" /><G91/><T11/><D87/><U102/><E102/><V101/><F101/><W35/><G35/><T23/><D56/><U126/><E126/><V50/><F128/><W55/><G131/><T64/><D11/><U95/><REACH who="1" step="1"/><E25/><REACH who="1" ten="190,151,406,243" step="2"/><V18/><F27/><W76/><G127/><T46/><D39/><U63/><E63/><V82/><F31/><W100/><G100/><T112/><D61/><U43/><E43/><V17/><AGARI ba="0,1" hai="7,10,15,16,17,18,41,44,50,74,75,77,82,84" machi="17" ten="30,12000,2" yaku="0,1,25,2,52,2,54,1" doraHai="106" who="2" fromWho="2" sc="190,-30,151,-30,406,130,243,-60" /><INIT seed="4,0,0,2,4,71" ten="160,121,536,183" oya="0" hai0="131,5,128,9,99,41,14,83,8,44,40,50,17" hai1="31,86,2,59,15,66,54,55,98,130,11,26,78" hai2="27,93,134,75,73,47,85,84,117,82,45,12,16" hai3="42,107,3,20,109,124,115,88,94,30,72,6,133"/><T101/><D83/><U48/><E2/><V23/><F134/><W135/><G107/><T77/><D77/><U49/><E130/><V32/><F117/><W79/><G109/><T33/><D33/><U129/><E129/><V92/><F32/><W127/><G115/><T100/><D41/><U70/><E70/><V110/><F110/><W43/><G6/><T118/><D118/><U74/><E74/><V64/><F64/><W112/><G3/><T21/><D9/><U1/><E66/><V53/><F84/><W36/><G112/><T37/><D50/><U39/><E39/><V69/><F69/><W89/><G89/><T125/><D125/><N who="3" m="48201" /><G30/><T62/><D62/><U52/><E1/><V56/><F93/><W25/><G25/><T60/><D60/><U51/><E98/><V105/><F105/><W81/><G20/><T28/><D28/><U65/><E65/><V18/><F92/><W102/><G102/><T96/><D101/><U113/><E113/><V80/><F80/><W63/><G63/><T22/><D22/><N who="1" m="15831" /><E59/><V111/><F75/><W68/><G68/><T61/><D61/><U57/><E57/><V104/><F104/><W126/><G126/><T7/><D99/><U116/><E116/><V67/><F67/><W24/><G24/><N who="0" m="14383" /><D5/><N who="1" m="3567" /><E78/><N who="2" m="46295" /><F73/><W97/><G36/><T91/><D100/><U114/><E114/><V122/><F111/><W106/><G106/><T95/><D131/><U13/><E86/><V108/><F108/><W123/><G123/><T121/><D128/><U87/><E87/><V34/><F122/><W58/><G58/><T119/><D121/><RYUUKYOKU ba="0,0" sc="160,10,121,10,536,-30,183,10" hai0="7,8,14,37,40,44,91,95,96,119" hai1="13,48,49,51,52,54,55" hai3="42,43,72,79,81,88,94,97,133,135" /><INIT seed="4,1,0,5,5,33" ten="170,131,506,193" oya="0" hai0="113,48,61,87,43,92,12,97,120,109,63,35,40" hai1="30,21,46,6,24,19,118,81,10,96,126,38,125" hai2="122,85,23,110,100,11,129,16,44,123,47,57,116" hai3="26,121,124,78,102,99,36,130,90,106,94,108,107"/><T4/><D109/><U55/><E118/><V112/><F129/><W39/><G108/><T72/><D72/><U60/><E96/><V86/><F110/><W45/><G107/><T1/><D35/><U89/><E60/><V117/><F100/><W15/><G130/><T95/><D120/><U65/><E65/><V32/><F57/><W22/><G124/><N who="1" m="47722" /><E30/><V31/><F11/><W101/><G15/><T79/><D113/><U9/><E6/><V73/><F31/><W51/><G78/><T88/><D1/><U119/><E119/><N who="2" m="45643" /><F32/><W0/><G0/><T134/><D134/><U132/><E132/><V131/><F131/><W52/><G121/><N who="2" m="46089" /><F112/><W82/><G101/><N who="0" m="60583" /><D79/><U14/><E24/><N who="2" m="14439" /><F73/><W59/><G59/><T50/><D63/><U17/><E17/><V104/><F104/><W74/><G74/><T20/><D61/><U115/><E115/><V58/><F58/><W133/><G133/><T69/><D69/><U29/><E29/><V127/><F127/><W80/><G106/><T68/><D68/><U91/><E9/><V105/><F105/><W53/><G102/><T93/><D4/><U76/><E10/><V37/><F37/><W18/><G39/><T2/><D2/><U77/><E38/><V114/><F114/><W111/><G36/><T13/><D50/><U83/><E19/><V66/><F66/><W3/><G3/><T7/><D48/><N who="1" m="29079" /><E21/><V67/><F67/><W25/><G25/><T135/><D135/><U128/><E128/><V103/><F103/><W84/><G111/><T41/><D20/><U42/><E14/><N who="0" m="5737" /><D7/><U98/><E98/><RYUUKYOKU ba="1,0" sc="170,15,131,-15,506,15,193,-15" hai0="40,41,43,87,88,93,95" hai2="44,47,85,86" /><INIT seed="4,2,0,4,4,125" ten="185,116,521,178" oya="0" hai0="107,72,61,127,40,48,67,101,5,46,53,70,66" hai1="68,86,51,135,112,118,91,114,38,129,104,103,108" hai2="3,13,85,50,42,2,134,58,47,100,45,124,6" hai3="10,39,4,78,15,84,18,60,132,63,54,59,12"/><T90/><D72/><U82/><E38/><V19/><F124/><W98/><G39/><T35/><D35/><U29/><E68/><V26/><F6/><W96/><G132/><T17/><D127/><U126/><E126/><V32/><F134/><W7/><G7/><T122/><D67/><U1/><E135/><V57/><F57/><W0/><G0/><T28/><D28/><U65/><E65/><V99/><F58/><W31/><G31/><T71/><D122/><U8/><E29/><V16/><F26/><W102/><G102/><T113/><D113/><N who="1" m="43627" /><E8/><V128/><F19/><W88/><G78/><T93/><D5/><U55/><E1/><V23/><F32/><W9/><REACH who="3" step="1"/><G63/><REACH who="3" ten="185,116,521,168" step="2"/><N who="0" m="40287" /><D101/><U121/><E103/><V97/><F100/><W11/><G11/><T34/><D61/><U110/><E104/><V73/><F2/><W24/><G24/><T25/><D25/><U52/><E110/><V116/><F3/><W49/><G49/><T106/><D48/><U79/><E108/><V131/><F73/><W120/><G120/><T133/><D133/><U123/><E51/><V92/><F116/><W94/><AGARI ba="2,1" hai="4,9,10,12,15,18,54,59,60,84,88,94,96,98" machi="94" ten="20,12000,2" yaku="1,1,0,1,7,1,8,1,54,1,53,1" doraHai="125" doraHaiUra="80" who="3" fromWho="3" sc="185,-62,116,-32,521,-32,168,136" /><INIT seed="5,0,0,3,3,96" ten="123,84,489,304" oya="1" hai0="54,68,36,11,135,16,50,108,102,73,39,70,10" hai1="113,77,62,123,66,65,88,124,92,132,125,15,55" hai2="37,0,76,71,119,4,56,126,1,75,60,107,130" hai3="80,18,40,41,49,69,25,86,61,44,23,79,120"/><U47/><E123/><V13/><F13/><W97/><G120/><T109/><D73/><U78/><E113/><V103/><F60/><W87/><G69/><T31/><D31/><U95/><E95/><V53/><F56/><W58/><G97/><T43/><D135/><U32/><E32/><V34/><F53/><N who="3" m="29863" /><G86/><T22/><D102/><U26/><E132/><V81/><F103/><W111/><G111/><T48/><D22/><U17/><E26/><V46/><F4/><W128/><G128/><T82/><D54/><AGARI ba="0,0" hai="18,23,25,40,41,54,58,61,79,80,87" m="29863" machi="54" ten="30,1000,0" yaku="8,1" doraHai="96" who="3" fromWho="0" sc="123,-10,84,0,489,0,304,10" /><INIT seed="6,0,0,4,3,133" ten="113,84,489,314" oya="2" hai0="122,84,74,15,3,78,42,90,8,110,127,13,66" hai1="1,51,114,83,4,28,113,57,17,54,106,16,134" hai2="41,46,100,12,103,27,26,86,104,64,79,81,85" hai3="21,89,45,63,37,56,71,36,5,68,14,31,107"/><V23/><F64/><W18/><G107/><T25/><D110/><U126/><E134/><V22/><F104/><W39/><G45/><T135/><D122/><U35/><E106/><V50/><F12/><W53/><G31/><T55/><D135/><U20/><E35/><V115/><F115/><N who="1" m="44041" /><E83/><V59/><F59/><W124/><G124/><T88/><D127/><U2/><E126/><V108/><F85/><W121/><G121/><T30/><D42/><U11/><E2/><V72/><F72/><W52/><G53/><T96/><D66/><U118/><E118/><V70/><F70/><W94/><REACH who="3" step="1"/><G5/><REACH who="3" ten="113,84,489,304" step="2"/><T65/><D55/><U80/><E80/><V33/><F108/><W77/><G77/><T58/><D78/><U67/><E67/><V69/><F33/><W61/><G61/><T0/><D65/><U99/><E99/><AGARI ba="0,1" hai="14,18,21,36,37,39,52,56,63,68,71,89,94,99" machi="99" ten="40,2600,0" yaku="1,1,54,1,53,0" doraHai="133" doraHaiUra="128" who="3" fromWho="1" sc="113,0,84,-26,489,0,304,36" /><INIT seed="7,0,0,0,2,22" ten="113,58,489,340" oya="3" hai0="84,103,69,20,112,132,26,109,97,66,45,41,17" hai1="47,50,42,134,129,57,44,71,73,126,133,9,98" hai2="91,99,118,59,116,102,28,131,86,94,51,29,43" hai3="110,52,6,101,12,68,119,30,27,11,106,67,122"/><W62/><G119/><T48/><D109/><U123/><E73/><V1/><F1/><W55/><G122/><T108/><D108/><U19/><E98/><V18/><F131/><W93/><G93/><T79/><D132/><N who="1" m="50795" /><E19/><V54/><F43/><W46/><G46/><T90/><D79/><U36/><E9/><V8/><F116/><W64/><G64/><T5/><D5/><U114/><E123/><V40/><F40/><W82/><G82/><T35/><D35/><U124/><E71/><V85/><F85/><W56/><G56/><T127/><D127/><N who="1" m="48683" /><E129/><V4/><F4/><W10/><G10/><T60/><D112/><U3/><E3/><V78/><F78/><W63/><G63/><T89/><D84/><U135/><N who="1" m="50803" /><U37/><DORA hai="21" /><E114/><V58/><F58/><W39/><G39/><N who="1" m="14922" /><E42/><V95/><F118/><W117/><G110/><T100/><D100/><U120/><E120/><V0/><F0/><W49/><G49/><T13/><D13/><AGARI ba="0,0" hai="8,13,18,28,29,51,54,59,86,91,94,95,99,102" machi="13" ten="40,1300,0" yaku="8,1" doraHai="22,21" who="2" fromWho="0" sc="113,-13,58,0,489,13,340,0" owari="100,-30.0,58,-44.0,502,60.0,340,14.0" /></mjloggm>