<mjloggm ver="2.3"><GO type="97" lobby="0"/><UN n0="%6D%61%73%73%61%31%39" n1="%6B%65%6E%6B%65%6E%32" n2="%E3%82%A6%E3%83%AB%E3%83%88%E3%83%A9%E7%AB%8B%E7%9B%B4" n3="%E3%83%94%E3%83%A9%E3%81%99%E3%81%91%E2%98%86" dan="13,15,14,14" rate="1857.48,1993.77,1950.40,1957.14" sx="M,M,M,M"/><TAIKYOKU oya="0"/><INIT seed="0,0,0,3,2,66" ten="250,250,250,250" oya="0" hai0="23,104,28,123,36,35,114,77,79,50,88,11,134" hai1="85,67,124,14,3,135,54,51,110,0,30,122,13" hai2="49,15,56,70,32,128,111,45,83,42,103,1,10" hai3="12,73,55,92,106,9,129,46,80,37,125,94,19"/><T69/><D36/><U72/><E72/><V59/><F32/><W98/><G106/><T27/><D123/><U65/><E122/><V93/><F1/><W101/><G129/><T71/><D114/><U76/><E0/><V7/><F70/><W81/><G125/><T38/><D38/><U116/><E3/><V119/><F119/><W74/><G92/><T29/><D134/><U90/><E76/><V53/><F111/><W8/><G8/><T16/><D104/><U43/><E43/><V24/><F128/><W97/><G98/><T78/><D28/><U117/><E110/><V118/><F118/><W39/><G80/><T95/><D50/><U96/><E135/><V5/><F5/><W105/><G105/><T22/><D11/><U132/><E124/><V82/><F24/><W4/><G4/><T68/><REACH who="0" step="1"/><D16/><REACH who="0" ten="240,250,250,250" step="2"/><U121/><E30/><V57/><F42/><W48/><G19/><T64/><D64/><U62/><E132/><V47/><F47/><W6/><G9/><T34/><D34/><U26/><E67/><V87/><F103/><W131/><G39/><T21/><D21/><U133/><E133/><V120/><F120/><W18/><G37/><T41/><D41/><U2/><E121/><V63/><F63/><W115/><G18/><T52/><D52/><U20/><E116/><V58/><F45/><W130/><G46/><T40/><D40/><U109/><E62/><V102/><F102/><W31/><G115/><T84/><AGARI ba="0,1" hai="22,23,27,29,35,68,69,71,77,78,79,84,88,95" machi="84" ten="40,18000,2" yaku="1,1,0,1,52,3,54,1,53,0" doraHai="66" doraHaiUra="44" who="0" fromWho="0" sc="240,190,250,-60,250,-60,250,-60" /><INIT seed="0,1,0,0,1,113" ten="430,190,190,190" oya="0" hai0="1,53,82,50,111,51,62,98,56,83,101,91,85" hai1="131,44,67,45,73,6,114,93,19,76,77,130,100" hai2="124,4,20,123,30,127,25,64,99,59,79,126,43" hai3="66,75,48,129,11,92,118,94,26,52,135,110,38"/><T125/><D1/><U65/><E114/><V122/><F79/><N who="1" m="30281" /><E73/><V16/><F43/><W24/><G38/><T21/><D125/><U115/><E115/><V10/><F99/><W72/><G75/><T57/><D111/><U68/><E6/><V39/><F39/><W61/><G110/><T15/><D83/><U95/><E19/><V33/><F59/><W120/><G72/><T47/><D51/><U34/><E34/><V128/><F64/><N who="1" m="24649" /><E100/><V58/><F58/><W0/><G135/><T5/><D101/><U29/><E29/><V46/><F46/><N who="1" m="18025" /><E68/><V108/><F108/><W18/><G120/><T69/><D5/><U112/><E112/><V119/><F119/><W132/><G132/><T81/><D69/><U32/><E32/><V103/><F103/><W54/><G18/><N who="0" m="10463" /><D81/><U28/><E28/><V90/><F90/><W121/><G121/><N who="2" m="46089" /><F30/><W97/><G24/><T35/><D35/><U40/><E40/><V89/><F89/><W74/><G26/><T37/><D37/><U104/><E104/><V134/><F33/><W2/><G0/><T109/><D109/><U22/><E22/><V105/><F134/><W96/><G2/><T36/><D36/><U133/><E133/><V87/><F105/><W9/><G74/><T12/><D62/><U27/><E27/><V55/><F126/><W3/><G3/><T42/><D12/><U88/><E88/><V17/><F127/><W23/><G66/><T41/><D41/><U31/><E31/><V70/><F124/><W60/><G61/><N who="0" m="35983" /><D57/><U80/><E80/><V14/><F70/><W84/><G60/><RYUUKYOKU ba="1,0" sc="430,15,190,15,190,-15,190,-15" hai0="42,47,50,82,85,91,98" hai1="93,95,130,131" /><INIT seed="0,2,0,5,2,86" ten="445,205,175,175" oya="0" hai0="26,66,105,22,29,1,125,13,127,11,61,72,132" hai1="79,23,76,83,98,16,41,82,37,9,99,6,17" hai2="56,89,77,119,109,111,68,34,58,4,85,53,134" hai3="93,91,30,35,74,55,25,65,15,60,24,2,73"/><T124/><D72/><U106/><E37/><V130/><F68/><W114/><G114/><T103/><D1/><U118/><E41/><V97/><F34/><W64/><G2/><T87/><D132/><U69/><E69/><V47/><F134/><W18/><G25/><T71/><D87/><U123/><E123/><V0/><F130/><W128/><G55/><T101/><REACH who="0" step="1"/><D105/><REACH who="0" ten="435,205,175,175" step="2"/><U117/><E106/><V122/><F85/><W44/><G73/><T121/><D121/><U96/><E118/><V49/><F119/><W70/><G74/><T36/><D36/><U21/><E117/><V104/><F104/><W84/><G84/><T92/><D92/><U75/><E75/><V31/><F122/><W50/><G93/><T46/><D46/><U5/><E99/><V42/><F47/><W67/><G44/><T95/><D95/><U48/><E82/><V100/><F97/><W107/><G107/><T116/><D116/><U94/><E94/><V32/><F77/><W110/><G128/><T33/><D33/><U80/><E80/><V113/><F32/><W40/><G35/><T8/><D8/><U3/><E83/><V90/><F0/><W38/><G38/><T112/><D112/><U43/><E3/><V20/><F113/><W120/><G120/><T129/><D129/><U81/><E81/><V108/><F108/><W12/><G110/><T62/><D62/><U27/><E9/><V28/><F111/><W14/><G60/><T51/><D51/><U45/><E98/><V115/><F109/><W39/><G39/><T135/><D135/><U78/><E96/><RYUUKYOKU ba="2,1" sc="435,15,205,15,175,-15,175,-15" hai0="11,13,22,26,29,61,66,71,101,103,124,125,127" hai1="5,6,16,17,21,23,27,43,45,48,76,78,79" /><INIT seed="0,3,1,4,0,100" ten="450,220,160,160" oya="0" hai0="12,120,70,132,41,122,44,30,96,133,33,109,85" hai1="71,32,104,60,76,90,103,68,84,89,118,101,7" hai2="57,20,62,77,135,38,17,35,28,1,27,55,64" hai3="22,43,86,94,78,105,128,31,46,111,95,53,34"/><T16/><D70/><U112/><E118/><V19/><F135/><N who="0" m="51786" /><D109/><U130/><E32/><V63/><F1/><W92/><G34/><T21/><D96/><U2/><E76/><V124/><F38/><W126/><G111/><T127/><D127/><U59/><E90/><V134/><F134/><W6/><G126/><T117/><D117/><U82/><E130/><V58/><F124/><W18/><G128/><T108/><D108/><U24/><E24/><V73/><F35/><W11/><G31/><T0/><D0/><U74/><E74/><V3/><F3/><W113/><G113/><T61/><D61/><U80/><E80/><V54/><F73/><W102/><G105/><T8/><D85/><U106/><E71/><V56/><F77/><W91/><G78/><T25/><D8/><U93/><E68/><V119/><F119/><W13/><G102/><T51/><AGARI ba="3,1" hai="12,16,21,25,30,33,41,44,51,120,122" m="51786" machi="51" ten="30,3000,0" yaku="20,1,54,1" doraHai="100" who="0" fromWho="0" sc="450,49,220,-13,160,-13,160,-13" /><INIT seed="0,4,0,0,3,53" ten="499,207,147,147" oya="0" hai0="5,58,9,26,72,65,81,25,55,106,8,132,127" hai1="105,50,89,60,94,17,13,21,107,16,117,20,66" hai2="88,134,47,91,67,118,96,111,125,95,90,122,71" hai3="59,112,51,93,29,102,63,110,12,100,30,35,57"/><T46/><D106/><U135/><E50/><V40/><F122/><W49/><G112/><T103/><D132/><U52/><E135/><V126/><F134/><W115/><G115/><T23/><D103/><U116/><E107/><V6/><F111/><W78/><G110/><T83/><D127/><N who="2" m="48650" /><F6/><W77/><G12/><N who="0" m="5135" /><D9/><U1/><E105/><V123/><F123/><W27/><G35/><T70/><D72/><U74/><E74/><V84/><F118/><W36/><G36/><T73/><D70/><U33/><E33/><V38/><F84/><W104/><G104/><T120/><D73/><U34/><E34/><V22/><F22/><W82/><G27/><N who="0" m="10251" /><D23/><U133/><E1/><V11/><F11/><W14/><G14/><T124/><D124/><U85/><E133/><V119/><F119/><W97/><G100/><T54/><D120/><U61/><E117/><V108/><F108/><W0/><G0/><T2/><D2/><U68/><E116/><V86/><F86/><N who="3" m="48463" /><G78/><T10/><D10/><U99/><E17/><V129/><F129/><W3/><G3/><T109/><D109/><U130/><E130/><V41/><F96/><W19/><G19/><T48/><D65/><U39/><E21/><V44/><F67/><N who="3" m="39407" /><G51/><AGARI ba="4,0" hai="46,48,51,54,55,58,81,83" m="10251,5135" machi="51" ten="30,2900,0" yaku="8,1,52,1" doraHai="53" who="0" fromWho="3" sc="499,41,207,0,147,0,147,-41" /><INIT seed="0,5,0,1,1,47" ten="540,207,147,106" oya="0" hai0="76,15,115,37,23,103,49,58,50,97,25,30,83" hai1="17,80,42,112,1,64,79,77,2,46,87,59,12" hai2="54,111,6,35,53,43,119,19,100,34,52,62,24" hai3="117,5,88,86,113,69,45,66,31,51,81,124,82"/><T36/><D115/><U4/><E112/><V135/><F111/><W106/><G113/><T7/><D37/><U39/><E4/><V14/><F135/><W78/><G117/><T133/><D36/><U120/><E120/><V56/><F119/><W92/><G106/><T40/><D133/><U134/><E134/><V21/><F100/><W94/><G124/><T128/><D128/><U27/><E27/><V89/><F43/><W125/><G125/><T9/><D40/><U74/><E79/><V13/><F35/><W130/><G130/><T85/><REACH who="0" step="1"/><D58/><REACH who="0" ten="530,207,147,106" step="2"/><U61/><E74/><V60/><F56/><W104/><G69/><T16/><D16/><U75/><E75/><V132/><F132/><W11/><G31/><T101/><D101/><U22/><AGARI ba="5,1" hai="1,2,12,17,22,39,42,46,59,61,64,77,80,87" machi="22" ten="20,1500,0" yaku="0,1,7,1" doraHai="47" who="1" fromWho="1" sc="530,-12,207,40,147,-9,106,-9" /><INIT seed="1,0,0,5,1,112" ten="518,247,138,97" oya="1" hai0="58,119,41,20,50,125,64,45,96,111,110,78,122" hai1="134,120,53,129,106,92,98,57,51,90,116,131,32" hai2="18,35,115,55,19,23,86,72,1,88,52,56,74" hai3="14,100,80,38,109,87,108,95,84,0,33,126,73"/><U54/><E120/><V130/><F35/><W118/><G0/><T63/><D78/><U40/><E32/><V83/><F1/><W128/><G33/><T66/><D96/><U107/><E40/><V133/><F130/><N who="1" m="49673" /><E134/><V104/><F104/><N who="1" m="39977" /><E54/><V65/><F133/><W26/><G38/><T17/><D20/><U127/><E127/><V103/><F103/><W101/><G126/><T34/><D17/><U97/><E97/><V22/><F115/><W39/><G128/><T60/><D34/><U70/><E70/><V6/><F6/><W37/><G73/><T2/><D2/><U105/><E105/><V9/><F65/><W28/><G28/><T61/><D125/><U75/><E75/><V93/><F72/><W8/><G26/><T24/><D24/><U113/><E113/><V124/><F124/><W71/><G71/><N who="0" m="42375" /><D119/><AGARI ba="0,0" hai="51,53,57,90,92,98,116,119" m="39977,49673" machi="119" ten="30,5800,0" yaku="19,1,52,2" doraHai="112" who="1" fromWho="0" sc="518,-58,247,58,138,0,97,0" /><INIT seed="1,1,0,3,4,16" ten="460,305,138,97" oya="1" hai0="34,106,104,108,125,45,126,127,112,48,17,13,11" hai1="87,68,72,80,61,24,30,3,98,114,132,101,74" hai2="47,81,118,103,71,39,36,12,76,79,119,129,90" hai3="128,86,53,38,121,134,110,120,62,73,124,55,60"/><U1/><E114/><V33/><F71/><W131/><G73/><T130/><D108/><U135/><E68/><V117/><F33/><W99/><G99/><T85/><D112/><U95/><E61/><N who="3" m="23658" /><G86/><T116/><D116/><U8/><E72/><V96/><F129/><N who="3" m="49739" /><G110/><T50/><D34/><U6/><E74/><V9/><F90/><W77/><G77/><T43/><D130/><U78/><REACH who="1" step="1"/><E1/><REACH who="1" ten="460,295,138,97" step="2"/><V21/><F117/><W82/><G134/><T5/><D127/><U75/><E75/><V100/><F119/><W35/><G124/><T15/><D126/><U42/><E42/><V92/><F118/><W51/><G120/><T111/><D125/><U32/><AGARI ba="1,1" hai="3,6,8,24,30,32,78,80,87,95,98,101,132,135" machi="32" ten="30,3000,0" yaku="1,1,0,1,53,0" doraHai="16" doraHaiUra="123" who="1" fromWho="1" sc="460,-11,295,43,138,-11,97,-11" /><INIT seed="1,2,0,0,3,7" ten="449,338,127,86" oya="1" hai0="88,113,49,131,22,101,121,126,128,20,66,96,94" hai1="125,48,30,18,115,92,53,57,34,110,67,27,50" hai2="13,44,19,1,32,12,38,55,5,63,84,8,36" hai3="87,111,59,124,2,58,37,116,95,127,76,78,46"/><U123/><E123/><V74/><F74/><W72/><G2/><T64/><D113/><U100/><E115/><V119/><F32/><W80/><G111/><T104/><D126/><N who="3" m="48169" /><G116/><T62/><D121/><U132/><E125/><V4/><F119/><W107/><G107/><T42/><D42/><U106/><E110/><V17/><F1/><W98/><G76/><T117/><D49/><U89/><E132/><V15/><F38/><W43/><G72/><T71/><D66/><U102/><E106/><V73/><F73/><W31/><G31/><T14/><D117/><U56/><E18/><N who="2" m="6667" /><F36/><W70/><G70/><T52/><D52/><U90/><E90/><AGARI ba="2,0" hai="37,43,46,58,59,78,80,87,90,95,98" m="48169" machi="90" ten="30,1000,0" yaku="18,1" doraHai="7" who="3" fromWho="1" sc="449,0,338,-16,127,0,86,16" /><INIT seed="2,0,0,1,3,18" ten="449,322,127,102" oya="2" hai0="67,114,4,119,98,77,12,15,17,134,61,62,83" hai1="53,33,35,5,50,110,20,66,131,135,37,129,60" hai2="103,30,11,1,95,68,19,111,121,91,125,117,43" hai3="56,123,96,79,108,41,73,22,16,13,85,26,120"/><V127/><F68/><W118/><G118/><T101/><D114/><U105/><E37/><V8/><F117/><W100/><G73/><T133/><D119/><U57/><E105/><V27/><F103/><W130/><G108/><T45/><D45/><U28/><E5/><V7/><F43/><W94/><G130/><N who="1" m="49674" /><E135/><N who="0" m="51721" /><D4/><U81/><E81/><V132/><F132/><W6/><G41/><T93/><D17/><U76/><E76/><V107/><F107/><W34/><G56/><N who="0" m="37287" /><D62/><U84/><E84/><AGARI ba="0,0" hai="12,15,77,83,84,93,98,101" m="37287,51721" machi="84" ten="30,1000,0" yaku="20,1" doraHai="18" who="0" fromWho="1" sc="449,10,322,-10,127,0,102,0" /><INIT seed="3,0,0,3,3,125" ten="459,312,127,102" oya="3" hai0="101,40,77,81,54,129,22,30,100,111,46,116,98" hai1="59,3,13,64,2,133,112,32,16,97,66,38,43" hai2="33,68,35,102,75,24,56,123,50,8,26,53,103" hai3="51,44,124,34,41,39,78,127,94,74,121,62,86"/><W88/><G121/><T99/><D111/><U120/><E32/><V27/><F68/><W10/><G34/><T126/><D129/><U118/><E112/><V95/><F75/><W61/><G10/><T119/><D126/><N who="3" m="48169" /><G39/><T49/><D99/><U69/><E69/><V1/><F1/><W63/><G74/><T90/><D119/><U122/><E133/><V104/><F104/><W15/><G15/><T110/><D110/><U58/><E2/><V89/><F35/><W93/><G78/><T80/><D54/><U92/><E3/><V113/><F33/><W91/><G91/><T67/><D67/><U57/><E43/><V115/><F123/><W134/><G134/><T105/><D101/><U108/><E38/><V55/><F115/><W42/><G41/><T132/><D132/><U107/><E118/><V11/><F113/><W19/><G19/><T72/><D116/><U29/><E29/><V70/><F11/><W14/><G14/><T83/><D90/><U6/><E6/><V87/><F8/><W82/><AGARI ba="0,0" hai="42,44,51,61,62,63,82,86,88,93,94" m="48169" machi="82" ten="30,3000,0" yaku="18,1,54,1" doraHai="125" who="3" fromWho="3" sc="459,-10,312,-10,127,-10,102,30" /><INIT seed="3,1,0,2,2,104" ten="449,302,117,132" oya="3" hai0="94,17,122,114,2,29,60,68,62,73,120,38,106" hai1="115,4,67,43,88,0,103,117,10,42,82,1,52" hai2="80,111,71,85,105,66,98,14,63,129,28,46,34" hai3="97,31,76,37,90,126,102,59,124,16,93,26,40"/><W35/><G76/><T24/><D94/><U45/><E115/><V77/><F129/><W87/><G59/><T48/><D17/><U134/><E117/><V113/><F111/><W127/><G40/><T107/><D24/><U109/><E109/><V92/><F113/><W19/><REACH who="3" step="1"/><G37/><REACH who="3" ten="449,302,117,122" step="2"/><T99/><D38/><U5/><E43/><V74/><F46/><W20/><G20/><T89/><D114/><U8/><E42/><V112/><F112/><W61/><G61/><T96/><D62/><U25/><E45/><V7/><F63/><W125/><N who="3" m="31744" /><DORA hai="119" /><W91/><G91/><T47/><D60/><U81/><E88/><N who="2" m="53263" /><F71/><W41/><G41/><T84/><D68/><U78/><E78/><V49/><F49/><W27/><G27/><T12/><D48/><U95/><E25/><V54/><F54/><W56/><G56/><T44/><D89/><U83/><E52/><V6/><F66/><W15/><G15/><T50/><D12/><U70/><E67/><V55/><F55/><W118/><G118/><T86/><D50/><U22/><E70/><V11/><F14/><W51/><G51/><T128/><D2/><U13/><E22/><V133/><F11/><W36/><G36/><T57/><D57/><U23/><E23/><V108/><F108/><W131/><G131/><T123/><D128/><U53/><E53/><V69/><F69/><W18/><G18/><T75/><D123/><U100/><E13/><V79/><F79/><W30/><G30/><AGARI ba="1,1" hai="29,30,44,47,73,75,84,86,96,99,106,107,120,122" machi="30" ten="25,12000,2" yaku="22,2,52,4" doraHai="104,119" who="0" fromWho="3" sc="449,133,302,0,117,0,122,-123" owari="582,68.0,302,10.0,117,-28.0,-1,-50.0" /></mjloggm>