<mjloggm ver="2.3"><GO type="97" lobby="0"/><UN n0="%6F%61%6F%61%6F%61" n1="%E3%83%89%E3%83%A9%E3%83%89%E3%83%A9%E9%89%84%E9%81%93" n2="%E5%B0%B1%E6%B4%BB%E7%94%9F%40%E5%B7%9D%E6%9D%91%E8%BB%8D%E5%9B%A3" n3="%6D%61%65%75%74%69" dan="13,15,13,14" rate="1838.32,2039.45,1861.88,1917.81" sx="M,M,M,M"/><TAIKYOKU oya="0"/><INIT seed="0,0,0,0,3,63" ten="250,250,250,250" oya="0" hai0="16,112,94,22,72,59,122,132,79,43,81,125,10" hai1="74,77,66,61,9,3,41,55,117,105,134,120,27" hai2="64,113,98,110,91,23,83,71,24,109,124,67,6" hai3="75,115,99,47,65,87,30,85,80,11,38,127,104"/><T53/><D122/><U93/><E117/><V102/><F71/><W21/><G115/><T114/><D125/><U18/><E120/><V119/><F113/><W86/><G127/><T39/><D132/><U12/><E105/><V28/><F119/><W111/><G111/><N who="2" m="42505" /><F6/><W15/><G75/><T121/><D121/><U106/><E106/><N who="2" m="63831" /><F124/><W69/><G104/><T56/><D56/><U118/><E134/><V49/><F49/><W131/><G131/><T130/><D130/><U36/><E36/><V20/><F20/><W34/><G99/><T33/><D33/><U45/><E41/><V90/><F90/><W95/><G21/><T7/><D43/><U52/><E3/><V126/><F126/><W2/><G2/><T1/><D94/><U57/><E93/><V25/><F25/><W48/><G95/><T88/><D88/><U26/><E118/><V29/><F29/><W32/><G38/><T51/><REACH who="0" step="1"/><D39/><REACH who="0" ten="240,250,250,250" step="2"/><U135/><E135/><V84/><AGARI ba="0,1" hai="23,24,28,64,67,83,84,91" m="63831,42505" machi="84" ten="30,4000,0" yaku="14,1,52,2" doraHai="63" who="2" fromWho="2" sc="240,-20,250,-10,250,50,250,-10" /><INIT seed="1,0,0,1,2,20" ten="220,240,300,240" oya="1" hai0="49,109,35,58,115,46,29,4,50,51,66,33,2" hai1="120,128,130,111,9,69,18,24,48,123,84,124,86" hai2="10,82,129,27,30,39,7,116,5,15,95,104,110" hai3="21,37,105,97,64,77,134,59,11,107,42,76,44"/><U61/><E48/><V133/><F104/><W73/><G134/><T102/><D115/><U112/><E112/><V126/><F116/><W91/><G77/><T92/><D29/><U38/><E38/><V122/><F122/><N who="1" m="46633" /><E69/><V96/><F39/><W19/><G91/><T23/><D66/><U70/><E70/><V28/><F126/><W45/><G44/><T56/><D58/><U100/><E61/><V34/><F129/><N who="1" m="49769" /><E100/><V89/><F133/><W67/><G11/><T80/><D56/><U57/><E57/><V114/><F114/><W53/><G64/><T119/><D46/><U31/><E124/><V6/><F110/><W32/><G67/><T55/><D109/><U1/><E111/><V127/><F127/><W13/><G32/><T54/><D119/><U74/><E74/><V135/><F135/><W90/><G73/><T65/><D102/><U14/><E1/><V8/><F30/><W88/><G76/><T101/><D2/><U78/><E78/><V98/><F82/><W68/><G68/><T118/><D65/><U81/><E81/><V47/><F47/><W121/><G121/><T25/><D51/><U94/><E94/><V103/><F103/><W62/><REACH who="3" step="1"/><G90/><REACH who="3" ten="220,240,300,230" step="2"/><T93/><D101/><U87/><E87/><V75/><F75/><W43/><G43/><T113/><D113/><U63/><E63/><V72/><F72/><W106/><G106/><T79/><D79/><U132/><E132/><V131/><F131/><W52/><G52/><T22/><D55/><U60/><E60/><V83/><F89/><W16/><G16/><T117/><D54/><RYUUKYOKU ba="0,1" sc="220,-15,240,15,300,-15,230,15" hai1="9,14,18,24,31,84,86" hai3="13,19,21,37,42,45,53,59,62,88,97,105,107" /><INIT seed="1,1,1,5,0,25" ten="205,255,285,245" oya="1" hai0="92,97,18,7,100,69,0,77,48,5,61,31,17" hai1="67,134,71,54,19,118,36,59,30,13,14,23,12" hai2="83,73,38,105,91,42,41,110,51,125,116,127,37" hai3="1,87,80,26,117,79,76,6,103,15,85,29,99"/><U123/><E123/><V121/><F105/><W63/><G117/><T55/><D0/><U104/><E118/><V75/><F116/><W86/><G1/><T126/><D126/><N who="2" m="48138" /><F121/><W16/><G6/><N who="0" m="2059" /><D69/><U35/><E36/><N who="2" m="13931" /><F110/><W128/><G128/><T70/><D70/><U33/><E134/><V129/><F129/><W47/><G63/><T90/><D61/><U24/><E104/><V122/><F122/><W101/><G47/><N who="0" m="28063" /><D77/><N who="3" m="29769" /><G99/><T27/><D100/><N who="3" m="38473" /><G80/><T64/><D64/><U53/><E71/><V34/><F34/><W111/><G111/><T11/><D11/><N who="1" m="6559" /><E35/><V21/><F21/><N who="3" m="15567" /><G87/><T65/><D65/><U95/><E33/><V8/><F8/><AGARI ba="1,1" hai="8,15,16,85,86" m="15567,38473,29769" machi="8" ten="30,3900,0" yaku="8,1,52,1,54,1" doraHai="25" who="3" fromWho="2" sc="205,0,255,0,285,-42,245,52" /><INIT seed="2,0,0,5,5,1" ten="205,255,243,297" oya="2" hai0="19,61,8,47,26,42,45,59,48,93,9,86,128" hai1="18,0,83,5,34,115,16,101,95,49,51,52,130" hai2="79,88,116,23,54,78,66,92,64,11,43,4,12" hai3="50,127,90,33,103,53,31,30,24,68,82,99,20"/><V32/><F116/><W131/><G68/><T73/><D73/><U107/><E107/><V118/><F32/><W105/><G131/><T27/><D128/><U91/><E130/><V65/><F118/><W71/><G127/><T62/><D86/><U109/><E34/><V119/><F119/><W76/><G71/><T25/><D93/><U120/><E109/><V28/><F43/><W35/><G31/><T41/><D19/><U70/><E70/><V81/><F54/><W126/><G90/><T74/><D74/><U89/><E115/><V40/><F40/><W87/><G126/><T2/><D2/><U94/><E83/><V22/><F28/><W114/><G114/><T46/><D59/><AGARI ba="0,0" hai="20,24,30,33,35,50,53,59,76,82,87,99,103,105" machi="59" ten="30,1000,0" yaku="7,1" doraHai="1" who="3" fromWho="0" sc="205,-10,255,0,243,0,297,10" /><INIT seed="3,0,0,3,2,35" ten="195,255,243,307" oya="3" hai0="27,87,99,89,96,97,81,30,117,130,60,40,5" hai1="53,51,66,17,15,63,73,94,98,36,71,79,20" hai2="8,75,28,32,88,64,80,18,43,23,52,113,44" hai3="126,85,90,49,111,131,110,134,21,7,56,16,55"/><W12/><G126/><T0/><D117/><U59/><E36/><V119/><F113/><W78/><G134/><T33/><D130/><U84/><E73/><V101/><F119/><W19/><G131/><T127/><D127/><U37/><E37/><V39/><F64/><W108/><G78/><T133/><D133/><U57/><E71/><V100/><F32/><W14/><G7/><T72/><D72/><U70/><E70/><V58/><F28/><W11/><G11/><T4/><D40/><U103/><E84/><V102/><F8/><W135/><G135/><T68/><D68/><U50/><E79/><V48/><F75/><W124/><G124/><T26/><D60/><AGARI ba="0,0" hai="15,17,20,50,51,53,57,59,60,63,66,94,98,103" machi="60" ten="30,2000,0" yaku="7,1,8,1" doraHai="35" who="1" fromWho="0" sc="195,-20,255,20,243,0,307,0" owari="175,-32.0,275,8.0,243,-16.0,307,40.0" /></mjloggm>