<mjloggm ver="2.3"><GO type="97" lobby="0"/><UN n0="%E3%81%A7%E3%82%93%E3%81%A7%E3%82%93%E2%99%AA" n1="%69%72%6F%61%6B%69%79%32" n2="%4E%6F%4E%61%6D%65%E3%81%86%E3%81%A0" n3="%E3%82%A6%E3%83%AB%E3%83%88%E3%83%A9%E7%AB%8B%E7%9B%B4" dan="15,14,13,14" rate="1987.51,1935.45,1832.81,1957.25" sx="F,M,M,M"/><TAIKYOKU oya="0"/><INIT seed="0,0,0,2,3,14" ten="250,250,250,250" oya="0" hai0="72,42,126,110,105,116,108,122,5,3,35,61,66" hai1="36,88,25,41,43,27,107,69,123,132,115,17,111" hai2="73,6,7,34,19,121,89,28,96,16,9,74,33" hai3="125,129,100,106,124,79,81,85,118,32,1,103,109"/><T59/><D116/><U12/><E111/><N who="0" m="42537" /><D122/><U49/><E123/><V24/><F74/><W63/><G109/><T128/><D35/><N who="2" m="13322" /><F89/><W50/><G1/><T13/><D3/><U65/><E107/><V56/><F56/><W2/><G2/><T87/><D72/><U119/><E119/><V46/><F96/><W76/><G32/><T0/><D0/><U104/><E104/><V62/><F46/><W68/><G118/><T92/><D105/><U98/><E132/><V45/><F62/><W37/><G37/><T112/><D112/><U52/><E65/><V67/><F45/><W135/><G135/><T38/><D128/><U48/><E69/><V84/><F67/><W4/><G68/><T78/><D126/><U15/><E36/><V94/><F84/><W133/><G129/><T10/><D38/><U102/><E102/><V20/><F94/><W95/><G106/><T70/><D42/><N who="1" m="15883" /><E15/><N who="2" m="7663" /><F73/><W91/><G133/><T71/><D78/><U23/><E49/><V99/><F99/><W55/><G125/><T44/><D44/><N who="1" m="27655" /><E115/><V8/><F121/><W53/><G124/><T77/><D77/><U29/><E98/><V114/><F114/><W39/><G39/><T130/><D130/><U134/><E134/><V22/><F8/><W90/><G79/><T60/><D60/><U57/><E57/><V64/><F64/><W11/><G76/><T93/><D93/><U26/><E88/><AGARI ba="0,0" hai="5,10,13,59,61,66,70,71,87,88,92" m="42537" machi="88" ten="30,5800,0" yaku="14,1,10,1,54,1" doraHai="14" who="0" fromWho="1" sc="250,58,250,-58,250,0,250,0" /><INIT seed="0,1,0,2,1,86" ten="308,192,250,250" oya="0" hai0="15,69,110,70,121,123,54,18,85,128,25,82,129" hai1="135,27,17,79,63,51,94,134,64,75,43,89,83" hai2="96,106,107,132,42,47,95,48,120,61,81,49,62" hai3="78,117,30,33,53,108,105,98,46,122,40,68,57"/><T1/><D1/><U58/><E27/><V28/><F120/><N who="0" m="46154" /><D25/><U66/><E17/><V35/><F132/><N who="1" m="50729" /><E43/><V97/><F81/><W3/><G53/><T100/><D100/><U93/><E51/><V65/><F35/><W44/><G57/><T87/><D54/><N who="1" m="34263" /><E93/><V2/><F28/><W14/><G46/><T7/><D7/><U77/><E77/><V24/><F2/><W90/><G14/><T23/><D110/><U11/><E11/><V59/><F24/><W29/><G29/><T16/><D18/><U119/><E119/><V130/><F130/><N who="0" m="50282" /><D87/><AGARI ba="1,0" hai="64,66,75,79,83,87,89,94" m="34263,50729" machi="87" ten="30,2000,0" yaku="20,1,52,1" doraHai="86" who="1" fromWho="0" sc="308,-23,192,23,250,0,250,0" /><INIT seed="1,0,0,1,4,110" ten="285,215,250,250" oya="1" hai0="71,127,58,67,49,88,36,30,4,83,103,68,132" hai1="108,109,59,33,62,101,56,35,78,51,98,93,122" hai2="42,92,118,107,7,6,119,13,22,125,85,135,117" hai3="84,32,27,19,64,41,79,69,111,50,104,57,91"/><U1/><E122/><V80/><F107/><W9/><G104/><T25/><D36/><U114/><E114/><V34/><F42/><W0/><G111/><N who="1" m="42570" /><E1/><V11/><F92/><W106/><G106/><T40/><D127/><U75/><E51/><V89/><F34/><N who="1" m="12809" /><E62/><V16/><F125/><W55/><G79/><T46/><D132/><U133/><E133/><V73/><F135/><W8/><G41/><T126/><D126/><U17/><E17/><V39/><F39/><W105/><G0/><T65/><D103/><U5/><E5/><V52/><F73/><W76/><G32/><T20/><D4/><U87/><E75/><V130/><F130/><W82/><G69/><T3/><D3/><U77/><E87/><V96/><F96/><W60/><G105/><T112/><D112/><U99/><E99/><V116/><N who="2" m="29696" /><DORA hai="61" /><V123/><F123/><W131/><G131/><T124/><D124/><U74/><E74/><V53/><REACH who="2" step="1"/><F6/><REACH who="2" ten="285,215,240,250" step="2"/><W94/><G94/><T31/><D31/><U23/><E23/><V44/><F44/><N who="3" m="28103" /><G76/><AGARI ba="0,1" hai="56,59,76,77,78,93,98,101" m="12809,42570" machi="76" ten="30,2900,0" yaku="14,1,10,1" doraHai="110,61" who="1" fromWho="3" sc="285,0,215,39,240,0,250,-29" /><INIT seed="1,1,0,2,5,5" ten="285,254,240,221" oya="1" hai0="4,81,63,9,59,69,37,124,84,32,101,132,12" hai1="123,58,103,85,3,36,99,119,29,120,78,115,73" hai2="76,54,102,79,89,50,110,6,66,24,56,64,105" hai3="126,22,75,0,114,38,44,53,117,122,97,70,15"/><U109/><E3/><V42/><F110/><W91/><G70/><T135/><D69/><U10/><E36/><V86/><F105/><W27/><G122/><T96/><D37/><U88/><E119/><V80/><F102/><W93/><G117/><T20/><D32/><U108/><E115/><V62/><F24/><W13/><G114/><T100/><D20/><U57/><E29/><V94/><F6/><W31/><G126/><T23/><D23/><U14/><E78/><V104/><F104/><W17/><G75/><T72/><D72/><U19/><E73/><V34/><F34/><W48/><G0/><T7/><D7/><U46/><E46/><V68/><F66/><W125/><G125/><T45/><D45/><U129/><E129/><V90/><F42/><W61/><G38/><T92/><D101/><U77/><E77/><V118/><REACH who="2" step="1"/><F118/><REACH who="2" ten="285,254,230,221" step="2"/><W111/><G111/><N who="1" m="42570" /><E120/><V128/><F128/><W49/><G31/><T41/><D41/><U74/><E123/><V107/><F107/><W39/><G39/><T71/><D71/><U2/><E2/><V55/><F55/><W98/><G27/><T113/><D113/><U130/><E130/><V35/><F35/><W26/><G26/><T87/><D124/><U65/><E65/><V30/><F30/><W83/><G53/><N who="0" m="34287" /><D81/><N who="1" m="49199" /><E74/><V40/><F40/><N who="3" m="24583" /><G83/><T28/><D28/><U47/><E47/><V112/><F112/><W95/><G17/><T51/><D4/><U67/><E67/><V21/><F21/><W1/><G22/><T16/><D16/><U8/><E8/><V33/><F33/><W121/><G121/><RYUUKYOKU ba="1,1" sc="285,-15,254,15,230,15,221,-15" hai1="10,14,19,57,58,99,103" hai2="50,54,56,62,64,68,76,79,80,86,89,90,94" /><INIT seed="1,2,1,5,3,82" ten="270,269,245,206" oya="1" hai0="101,95,110,8,10,97,78,109,26,33,16,79,88" hai1="24,60,62,65,55,13,99,27,117,29,6,7,51" hai2="83,41,81,135,118,116,5,93,124,108,85,49,69" hai3="94,19,52,74,127,84,107,64,59,18,119,1,126"/><U92/><E117/><N who="2" m="45163" /><F69/><W44/><G107/><T106/><D33/><U68/><E62/><V3/><F5/><W54/><G74/><T132/><D8/><U34/><E27/><V11/><F11/><W63/><G1/><T50/><D50/><U56/><REACH who="1" step="1"/><E13/><REACH who="1" ten="270,259,245,206" step="2"/><V130/><F3/><W31/><G119/><T67/><D132/><U89/><AGARI ba="2,2" hai="6,7,24,29,34,51,55,56,60,65,68,89,92,99" machi="89" ten="20,7800,0" yaku="1,1,2,1,0,1,7,1,53,0" doraHai="82" doraHaiUra="14" who="1" fromWho="1" sc="270,-28,259,104,245,-28,206,-28" /><INIT seed="1,3,0,0,5,25" ten="242,363,217,178" oya="1" hai0="72,108,133,37,132,63,87,83,106,15,124,100,30" hai1="61,59,82,117,127,8,101,102,27,131,123,68,89" hai2="115,43,49,80,17,35,116,134,4,81,70,31,113" hai3="62,22,46,55,19,104,50,78,107,13,5,38,47"/><U71/><E117/><V95/><F70/><W66/><G78/><T74/><D37/><U18/><E123/><V0/><F116/><W36/><G5/><T88/><D108/><U96/><E127/><V52/><F43/><W84/><G38/><T58/><D15/><N who="1" m="7527" /><E131/><V110/><F110/><W1/><G1/><T33/><D124/><U2/><E2/><V79/><F17/><W3/><G3/><T64/><D100/><N who="1" m="38507" /><E68/><V119/><F119/><W9/><G36/><T6/><D6/><U28/><E28/><V103/><F4/><W130/><G130/><T94/><D106/><U48/><E27/><N who="2" m="18943" /><F0/><W99/><G22/><T92/><D72/><U23/><E23/><V29/><F134/><N who="0" m="51818" /><D74/><U65/><E71/><V56/><F29/><W121/><G121/><T93/><D33/><U60/><E60/><V125/><F125/><W7/><G7/><T128/><D128/><U111/><E48/><V45/><F45/><W76/><G47/><T42/><D42/><U77/><E77/><V129/><F129/><W11/><G11/><T69/><D69/><U126/><E111/><V98/><F79/><W57/><G76/><T114/><D114/><AGARI ba="3,0" hai="49,52,56,80,81,95,98,103,113,114,115" m="18943" machi="114" ten="30,3900,0" yaku="11,1,52,1,54,1" doraHai="25" who="2" fromWho="0" sc="242,-48,363,0,217,48,178,0" /><INIT seed="2,0,0,0,5,46" ten="194,363,265,178" oya="2" hai0="3,50,27,65,119,13,72,70,107,81,0,64,78" hai1="60,63,39,134,53,14,101,125,121,31,66,122,17" hai2="126,5,93,85,130,132,98,57,109,113,11,124,47" hai3="73,131,29,2,61,69,127,54,114,7,22,34,38"/><V41/><F113/><W104/><RYUUKYOKU type="yao9" ba="0,0" sc="194,0,363,0,265,0,178,0" hai3="2,7,22,29,34,38,54,61,69,73,104,114,127,131" /><INIT seed="2,1,0,1,1,128" ten="194,363,265,178" oya="2" hai0="99,70,123,51,1,89,69,68,46,14,15,83,71" hai1="47,80,24,131,108,121,129,42,103,56,3,12,78" hai2="54,135,2,41,134,25,105,106,28,16,64,9,115" hai3="37,59,13,124,117,81,90,7,111,6,98,88,116"/><V100/><F115/><W67/><G37/><T104/><D123/><U77/><E108/><V21/><F64/><W53/><G111/><T132/><D1/><U82/><E121/><V36/><F54/><W130/><G117/><T109/><D109/><U101/><E3/><V23/><F41/><W75/><G116/><T33/><D33/><U102/><E56/><V96/><F36/><W114/><G114/><T62/><D62/><U55/><E55/><V133/><F2/><W74/><G130/><N who="1" m="49674" /><E12/><N who="2" m="7183" /><F21/><W29/><G124/><T17/><D14/><U95/><E24/><V44/><F44/><W125/><G125/><T87/><D99/><N who="1" m="59647" /><E47/><V91/><F91/><W110/><G110/><T63/><D63/><U127/><E42/><V79/><F79/><N who="1" m="30217" /><E127/><V4/><F4/><W122/><G7/><T66/><D66/><U92/><E92/><AGARI ba="1,0" hai="23,25,28,92,96,100,105,106,133,134,135" m="7183" machi="92" ten="30,12000,1" yaku="20,1,52,3,54,1" doraHai="128" who="2" fromWho="1" sc="194,0,363,-123,265,123,178,0" /><INIT seed="2,2,0,4,5,57" ten="194,240,388,178" oya="2" hai0="106,14,15,126,23,66,61,0,72,62,132,56,124" hai1="110,98,3,96,88,117,113,116,2,97,76,54,52" hai2="99,30,65,16,121,24,120,101,51,70,50,81,130" hai3="35,74,94,27,17,83,33,119,134,95,114,111,86"/><V102/><F130/><W109/><G119/><N who="1" m="45642" /><E110/><V93/><F102/><W92/><G74/><T40/><D106/><U90/><E76/><V75/><F51/><W12/><G134/><T48/><D72/><U127/><E127/><N who="0" m="48681" /><D0/><N who="1" m="43" /><E113/><V20/><F50/><W29/><G114/><T79/><D79/><U1/><E1/><V34/><F75/><W69/><G35/><T18/><D132/><U107/><E107/><N who="2" m="63935" /><F81/><W38/><G38/><T22/><D40/><U133/><E133/><V59/><F59/><W26/><G26/><T67/><D48/><U115/><E115/><V68/><F93/><W53/><G53/><AGARI ba="2,0" hai="52,53,54,88,90,96,97,98" m="43,45642" machi="53" ten="40,8000,1" yaku="28,2,54,2" doraHai="57" who="1" fromWho="3" sc="194,0,240,86,388,0,178,-86" /><INIT seed="3,0,0,5,5,123" ten="194,326,388,92" oya="3" hai0="100,113,116,82,31,55,90,3,96,127,118,2,15" hai1="112,23,8,40,74,57,79,115,80,135,5,28,76" hai2="75,58,9,69,36,10,4,130,129,78,98,106,51" hai3="0,93,32,83,131,128,92,59,132,54,35,122,52"/><W7/><G122/><T22/><D127/><U99/><E135/><V60/><F36/><W108/><G83/><T105/><D113/><U124/><E124/><V133/><F69/><W27/><G132/><T87/><D55/><N who="3" m="21033" /><G59/><T67/><D67/><U89/><E40/><V26/><F51/><W61/><G61/><T71/><D71/><U43/><E43/><V11/><F78/><W62/><G62/><T126/><D126/><U42/><E42/><V81/><F81/><W72/><G72/><T117/><REACH who="0" step="1"/><D15/><REACH who="0" ten="184,326,388,92" step="2"/><U121/><E112/><V77/><F133/><W109/><G7/><T103/><D103/><U63/><E115/><V47/><F4/><W86/><G0/><T66/><D66/><U125/><E125/><V73/><F129/><N who="3" m="49739" /><G35/><T18/><D18/><U85/><E121/><V30/><F130/><W49/><G49/><T114/><D114/><U20/><E63/><V70/><F60/><W56/><G56/><T33/><D33/><U95/><E57/><V24/><F58/><W19/><G86/><T84/><D84/><U134/><E134/><V1/><F70/><W102/><G102/><T44/><D44/><U88/><E74/><V38/><F47/><W65/><G65/><T21/><D21/><U45/><E23/><V64/><F75/><W37/><G37/><T46/><D46/><U48/><E45/><V16/><F73/><W110/><G32/><T29/><D29/><U53/><E28/><V25/><F38/><W97/><G97/><T104/><D104/><U101/><E20/><AGARI ba="0,1" hai="19,20,27,92,93,108,109,110" m="49739,21033" machi="20" ten="40,18000,2" yaku="14,1,10,1,19,1,52,3,54,1" doraHai="123" who="3" fromWho="1" sc="184,0,326,-180,388,0,92,190" /><INIT seed="3,1,0,0,0,73" ten="184,146,388,282" oya="3" hai0="96,50,23,66,55,103,71,35,105,104,110,84,20" hai1="1,78,21,125,61,114,3,85,108,4,44,79,32" hai2="127,25,57,18,47,128,126,10,72,39,117,27,102" hai3="119,56,115,41,76,82,92,132,2,80,49,46,111"/><W68/><G68/><T118/><D118/><U52/><E32/><V67/><F117/><W95/><G119/><T54/><D35/><U17/><E108/><V94/><F72/><W122/><G122/><T19/><D110/><U81/><E114/><V60/><F128/><W63/><G115/><T15/><D105/><U99/><E125/><N who="2" m="47627" /><F39/><W14/><G2/><T74/><D74/><U0/><E4/><V112/><F112/><W42/><G132/><T22/><D71/><U64/><E99/><N who="2" m="59767" /><F47/><W91/><G111/><T6/><D6/><U98/><E98/><V31/><F31/><W38/><G38/><T77/><D66/><U51/><E78/><V75/><F75/><W70/><G70/><T29/><D29/><U123/><E123/><V134/><F134/><W135/><G135/><T87/><D55/><U24/><REACH who="1" step="1"/><E1/><REACH who="1" ten="184,136,388,282" step="2"/><V26/><F10/><W28/><G76/><T130/><D130/><U124/><E124/><V45/><F45/><W83/><G91/><T53/><D96/><U89/><E89/><V48/><F18/><W59/><G28/><T30/><D77/><U129/><E129/><V116/><F116/><W65/><G14/><T100/><D30/><U40/><E40/><V101/><F101/><W93/><G41/><T9/><D100/><U62/><E62/><V13/><F13/><W90/><G90/><T97/><D50/><AGARI ba="1,1" hai="25,26,27,48,50,57,60,67" m="59767,47627" machi="50" ten="30,1000,0" yaku="18,1" doraHai="73" who="2" fromWho="0" sc="184,-13,136,0,388,23,282,0" owari="171,-23.0,136,-36.0,411,51.0,282,8.0" /></mjloggm>