<mjloggm ver="2.3"><GO type="41" lobby="0"/><UN n0="%E4%B8%B9%E7%BE%BD" n1="%E2%80%A0%58%54%45%4E%44%E2%80%A0" n2="%E3%81%92%E3%81%98%E3%81%BE%E3%82%86%E5%85%88%E7%94%9F" n3="%E5%B0%B1%E6%B4%BB%E7%94%9F%40%E5%B7%9D%E6%9D%91%E8%BB%8D%E5%9B%A3" dan="13,13,14,15" rate="1832.30,1861.09,1987.42,2055.36" sx="M,M,M,M"/><TAIKYOKU oya="0"/><INIT seed="0,0,0,3,5,85" ten="250,250,250,250" oya="0" hai0="84,33,107,127,103,53,120,63,121,17,128,111,20" hai1="64,116,86,3,68,44,87,49,131,123,100,88,5" hai2="124,109,114,46,130,0,8,34,99,65,9,28,12" hai3="91,29,95,51,54,133,35,24,81,72,45,101,25"/><T19/><D33/><U6/><E123/><V89/><F114/><W31/><G133/><T42/><D42/><U117/><E100/><V75/><F109/><W18/><G18/><T113/><D113/><U4/><E3/><V118/><F75/><W97/><G72/><T55/><D111/><U93/><E131/><V112/><F112/><W43/><G81/><T102/><D84/><U96/><E64/><V1/><F130/><W132/><G132/><T39/><D128/><U7/><E68/><V37/><F124/><W56/><G101/><T67/><D127/><U135/><E135/><V59/><F28/><W62/><G25/><T69/><D39/><U82/><N who="1" m="1024" /><DORA hai="83" /><U50/><E50/><V73/><F34/><W122/><G31/><T74/><D74/><U104/><E104/><V129/><F73/><W94/><G94/><T57/><D19/><U32/><E32/><V27/><F27/><W76/><G76/><T30/><D30/><U36/><E36/><V52/><F65/><W2/><G2/><T98/><D103/><U126/><E126/><V16/><F118/><W66/><G122/><T40/><D40/><U108/><E108/><V23/><F0/><W26/><G26/><T21/><D21/><U14/><E14/><V119/><F119/><W115/><G115/><T78/><D78/><N who="1" m="46423" /><E116/><V134/><F134/><W60/><REACH who="3" step="1"/><G66/><REACH who="3" ten="250,250,250,240" step="2"/><T38/><D67/><U79/><E117/><V125/><F125/><W90/><G90/><T80/><D120/><U92/><E79/><V15/><F129/><W22/><G22/><T106/><D121/><U47/><E93/><RYUUKYOKU ba="0,1" sc="250,-10,250,-10,250,-10,240,30" hai3="24,29,35,43,45,51,54,56,60,62,91,95,97" /><INIT seed="1,1,1,2,4,106" ten="240,240,240,270" oya="1" hai0="8,107,127,64,126,83,47,87,62,40,48,49,37" hai1="67,102,17,51,100,45,53,104,105,58,38,91,9" hai2="10,73,88,113,68,81,42,134,35,24,118,72,0" hai3="86,50,95,65,44,63,82,92,25,33,57,7,54"/><U26/><E91/><V11/><F118/><W94/><G7/><T61/><D107/><U80/><E105/><V115/><F68/><W30/><REACH who="3" step="1"/><G95/><REACH who="3" ten="240,240,240,260" step="2"/><T32/><D32/><U120/><E104/><V135/><F0/><W71/><G71/><T75/><D126/><U129/><E120/><V21/><F35/><W52/><G52/><T43/><D127/><U90/><E53/><V5/><F42/><W23/><G23/><T110/><D110/><U116/><E116/><V76/><F5/><W41/><G41/><T22/><D22/><U117/><E117/><V101/><F101/><W12/><G12/><T131/><D43/><U130/><E102/><V74/><F10/><W112/><G112/><N who="2" m="43081" /><F11/><W59/><G59/><T84/><D8/><U114/><E100/><V125/><F125/><W31/><G31/><T46/><D40/><U36/><E58/><V93/><F21/><W99/><G99/><T39/><D64/><U133/><E67/><V2/><F2/><W119/><G119/><T128/><REACH who="0" step="1"/><D83/><REACH who="0" ten="230,240,240,260" step="2"/><U122/><E80/><V28/><F28/><W16/><G16/><T69/><D69/><U78/><E17/><V77/><F24/><W111/><G111/><T55/><D55/><U70/><E26/><V6/><F81/><W109/><G109/><T96/><D96/><U29/><E114/><V4/><F4/><W132/><G132/><N who="2" m="50729" /><F6/><W60/><G60/><T124/><D124/><U123/><E133/><V13/><F13/><W89/><AGARI ba="1,3" hai="25,30,33,44,50,54,57,63,65,82,86,89,92,94" machi="89" ten="20,5200,0" yaku="1,1,0,1,7,1,53,1" doraHai="106" doraHaiUra="20" who="3" fromWho="3" sc="230,-14,240,-27,240,-14,260,85" /><INIT seed="2,0,0,5,2,95" ten="216,213,226,345" oya="2" hai0="91,10,76,127,13,115,30,18,35,59,68,66,28" hai1="126,22,101,19,24,120,11,52,17,51,57,111,14" hai2="133,117,119,121,94,114,23,134,64,71,46,32,110" hai3="9,104,116,108,26,63,85,84,87,82,65,37,27"/><V44/><F32/><W15/><G108/><T6/><D115/><U0/><E111/><V97/><F110/><W98/><G116/><N who="2" m="44617" /><F114/><W73/><G37/><T61/><D127/><U31/><E126/><V135/><F23/><W50/><G73/><T3/><D76/><U34/><E120/><V88/><F121/><W89/><G50/><T62/><D35/><U45/><E101/><V25/><F25/><W69/><G82/><T36/><D36/><U96/><E96/><V7/><F7/><W47/><G47/><N who="2" m="17961" /><F64/><W83/><G83/><T72/><D72/><U56/><REACH who="1" step="1"/><E19/><REACH who="1" ten="216,203,226,345" step="2"/><V105/><F105/><W93/><REACH who="3" step="1"/><G104/><REACH who="3" ten="216,203,226,335" step="2"/><T8/><REACH who="0" step="1"/><D91/><REACH who="0" ten="206,203,226,335" step="2"/><U40/><E40/><V113/><F113/><W86/><N who="3" m="22016" /><DORA hai="70" /><W106/><G106/><T12/><D12/><U124/><E124/><V99/><F71/><W1/><G1/><T112/><D112/><U79/><E79/><V4/><F135/><W67/><G67/><AGARI ba="0,3" hai="3,6,8,10,13,18,28,30,59,61,62,66,67,68" machi="67" ten="30,2000,0" yaku="1,1,7,1,53,0" doraHai="95,70" doraHaiUra="131,77" who="0" fromWho="3" sc="206,50,203,0,226,0,335,-20" /><INIT seed="3,0,0,0,3,122" ten="256,203,226,315" oya="3" hai0="135,5,117,40,127,22,36,115,49,59,90,69,35" hai1="113,31,101,72,134,82,106,91,9,26,56,48,2" hai2="126,67,83,65,124,50,37,62,76,10,64,107,46" hai3="14,44,63,108,19,86,54,27,125,55,1,42,3"/><W51/><G125/><N who="2" m="48233" /><F107/><W88/><G27/><T121/><D5/><U58/><E113/><V130/><F130/><W111/><G3/><T89/><D22/><U97/><E134/><V28/><F28/><W99/><G99/><T32/><D59/><U20/><E48/><V119/><F10/><N who="3" m="6615" /><G1/><T73/><D49/><U96/><E2/><V80/><F119/><W60/><G42/><T129/><D40/><U41/><E41/><N who="2" m="24911" /><F37/><W38/><G38/><T23/><D23/><U53/><E9/><V112/><F112/><W104/><G104/><T131/><D36/><U30/><E30/><V92/><F92/><W61/><G55/><T100/><D127/><U24/><E53/><V16/><F16/><W98/><G98/><T43/><D43/><U81/><E97/><V103/><F103/><W8/><G8/><T120/><D100/><U95/><E26/><V114/><F114/><W12/><G12/><T93/><D115/><U71/><E106/><V47/><F47/><W33/><G33/><T118/><D93/><U15/><E101/><V13/><F13/><W133/><G133/><T11/><D11/><U18/><E15/><V29/><F29/><W57/><G57/><T17/><D17/><U68/><E18/><V84/><F80/><AGARI ba="0,0" hai="44,51,54,60,61,63,80,86,88,108,111" m="6615" machi="80" ten="30,11600,0" yaku="25,1,52,2,54,1" doraHai="122" who="3" fromWho="2" sc="256,0,203,0,226,-116,315,116" /><INIT seed="3,1,0,1,5,24" ten="256,203,110,431" oya="3" hai0="22,79,122,105,4,104,51,19,25,7,108,13,75" hai1="69,58,1,83,61,64,87,124,29,60,103,99,130" hai2="49,56,20,40,31,78,66,28,2,118,88,106,94" hai3="6,21,11,57,5,114,67,115,0,41,50,113,86"/><W44/><G6/><T55/><D122/><U38/><E38/><V85/><F118/><W125/><G125/><T98/><D108/><U77/><E124/><V35/><F2/><W116/><G116/><T119/><D119/><U68/><E130/><V97/><F35/><W81/><G21/><T123/><D123/><U45/><E1/><V18/><F106/><W34/><G34/><T16/><D75/><U48/><E61/><N who="2" m="38183" /><F40/><W89/><G57/><T10/><D79/><U110/><E110/><V73/><F73/><W109/><G109/><T12/><D104/><U71/><E29/><N who="2" m="11339" /><F49/><W59/><G41/><T72/><D72/><U82/><E69/><V9/><F9/><W76/><G50/><T53/><D25/><U127/><E127/><V26/><F78/><W70/><G76/><T117/><D117/><U32/><E32/><V80/><F97/><W132/><G11/><T37/><D37/><U65/><E48/><V84/><F84/><W90/><G86/><T121/><D121/><U54/><E87/><V17/><F17/><W52/><G0/><T92/><D105/><U134/><E77/><V46/><F46/><W33/><G44/><N who="0" m="27879" /><D55/><U131/><E45/><V128/><F128/><W126/><G52/><T36/><D36/><U47/><E47/><V39/><F39/><W93/><G126/><T91/><AGARI ba="1,0" hai="4,7,10,12,13,16,19,22,91,92,98" m="27879" machi="91" ten="30,2000,0" yaku="8,1,54,1" doraHai="24" who="0" fromWho="0" sc="256,23,203,-6,110,-6,431,-11" /><INIT seed="4,0,0,3,0,3" ten="279,197,104,420" oya="0" hai0="65,108,109,110,87,132,90,29,127,122,63,102,46" hai1="30,120,35,83,133,60,125,119,8,78,34,104,43" hai2="22,52,73,82,89,117,103,105,47,48,14,53,23" hai3="76,107,123,41,129,79,81,19,51,114,50,113,128"/><T4/><D122/><U62/><E120/><V97/><F117/><W1/><G107/><T75/><D75/><U85/><E104/><V131/><F131/><N who="3" m="50251" /><G1/><T13/><D132/><U67/><E119/><V61/><F14/><W55/><G123/><T27/><D46/><U38/><E133/><V91/><F91/><W2/><G2/><T16/><D102/><U106/><E106/><V130/><F130/><W118/><G118/><T5/><D127/><U9/><E125/><V116/><F116/><W111/><G111/><T124/><D124/><U74/><E74/><V92/><F61/><W56/><G19/><T6/><D27/><U66/><E62/><V44/><F53/><N who="3" m="31799" /><G41/><T40/><D29/><U28/><E28/><V134/><F134/><W12/><G12/><T95/><D40/><U59/><E30/><V31/><F31/><W20/><G20/><N who="0" m="11279" /><D6/><U54/><E43/><V15/><F15/><W101/><G101/><T64/><D64/><U25/><E25/><V70/><F70/><AGARI ba="0,0" hai="4,5,63,65,70,87,90,95,108,109,110" m="11279" machi="70" ten="30,11600,0" yaku="10,1,52,2,54,1" doraHai="3" who="0" fromWho="2" sc="279,116,197,0,104,-116,420,0" owari="395,20.0,197,-20.0,-12,-51.0,420,51.0" /></mjloggm>