<mjloggm ver="2.3"><GO type="41" lobby="0"/><UN n0="%E3%83%A1%E3%83%AB%E3%82%AF" n1="%E5%AD%91%E5%AD%91" n2="%40%E3%82%86%E3%81%A8%E3%82%8A%E3%81%99%E3%81%9A%E3%82%81%40" n3="%E5%B0%B1%E6%B4%BB%E7%94%9F%40%E5%B7%9D%E6%9D%91%E8%BB%8D%E5%9B%A3" dan="15,15,15,15" rate="1934.31,2056.74,2092.42,1992.00" sx="M,F,M,M"/><TAIKYOKU oya="0"/><INIT seed="0,0,0,2,5,39" ten="250,250,250,250" oya="0" hai0="73,14,68,26,127,128,80,83,86,35,85,58,115" hai1="131,109,12,60,59,32,114,47,129,121,119,120,126" hai2="29,17,40,50,125,124,9,102,122,45,28,51,41" hai3="130,20,99,19,89,106,74,93,10,111,24,71,56"/><T113/><D68/><U95/><E32/><V25/><F122/><W72/><G71/><T13/><D73/><U62/><E119/><V135/><F102/><W105/><G130/><T11/><D128/><U98/><E109/><V69/><F69/><W23/><G111/><T87/><D58/><U91/><E126/><N who="2" m="48747" /><F135/><W94/><G10/><T21/><D35/><U61/><E114/><V117/><F117/><W134/><G134/><T82/><D127/><U31/><E31/><V76/><F76/><W79/><G79/><T70/><D70/><U7/><E59/><V88/><F88/><W103/><G105/><T16/><REACH who="0" step="1"/><D13/><REACH who="0" ten="240,250,250,250" step="2"/><U55/><E131/><V3/><F3/><W97/><G56/><T2/><D2/><U4/><E129/><V22/><F9/><W100/><G23/><T123/><D123/><U52/><E120/><V112/><F112/><W108/><G108/><T96/><D96/><AGARI ba="0,1" hai="19,20,24,72,74,89,93,94,96,97,99,100,103,106" machi="96" ten="30,1000,0" yaku="7,1" doraHai="39" who="3" fromWho="0" sc="240,-10,250,0,250,0,250,20" /><INIT seed="1,0,0,0,4,53" ten="230,250,250,270" oya="1" hai0="98,82,85,30,134,81,24,103,15,130,33,68,102" hai1="110,87,22,121,113,27,25,31,29,114,104,64,78" hai2="28,126,112,20,105,111,93,71,95,32,124,66,108" hai3="46,54,50,115,41,132,97,106,83,79,19,116,118"/><U9/><E104/><V52/><F105/><W16/><G115/><T56/><D68/><U91/><E121/><V0/><F32/><W123/><G123/><T4/><D134/><U58/><E78/><V65/><F0/><W1/><G1/><T13/><D130/><U127/><E127/><V119/><F119/><N who="3" m="45611" /><G132/><T14/><D4/><U109/><E9/><V75/><F75/><N who="3" m="43519" /><G106/><T76/><D98/><U99/><E99/><V44/><F112/><W61/><G97/><T133/><D133/><U80/><E64/><N who="2" m="24683" /><F71/><W69/><G69/><T55/><REACH who="0" step="1"/><D82/><REACH who="0" ten="220,250,250,270" step="2"/><U128/><E128/><V12/><F126/><W89/><G89/><T107/><D107/><U92/><E80/><V5/><F124/><W135/><G135/><T47/><D47/><U43/><E113/><V59/><F44/><N who="3" m="27975" /><G61/><AGARI ba="0,1" hai="13,14,15,24,30,33,55,56,61,76,81,85,102,103" machi="61" ten="40,5200,0" yaku="1,1,52,1,53,1" doraHai="53" doraHaiUra="77" who="0" fromWho="3" sc="220,62,250,0,250,0,270,-52" /><INIT seed="2,0,0,1,0,81" ten="282,250,250,218" oya="2" hai0="19,32,88,107,105,130,45,85,4,76,77,120,61" hai1="37,132,46,14,50,98,29,126,114,34,36,95,125" hai2="44,104,60,28,54,72,33,119,51,13,94,96,128" hai3="48,56,113,39,124,52,25,89,16,68,64,108,20"/><V12/><F119/><W102/><G39/><T110/><D120/><U43/><E114/><V127/><F72/><W17/><G113/><T67/><D110/><U1/><E1/><V101/><F127/><W3/><G124/><T2/><D32/><U6/><E132/><V15/><F128/><W109/><G3/><T87/><D130/><U116/><E116/><V10/><F104/><W47/><G102/><T92/><D45/><U35/><E125/><V40/><F33/><W111/><G68/><T91/><D19/><U58/><E126/><V82/><F28/><W112/><G112/><T74/><D4/><U55/><E29/><V5/><F82/><W99/><G17/><T27/><D27/><U63/><E37/><V18/><F5/><W90/><G99/><T66/><D2/><U8/><REACH who="1" step="1"/><E36/><REACH who="1" ten="282,240,250,218" step="2"/><V80/><F18/><W70/><G70/><T123/><D123/><U133/><E133/><V31/><F31/><W0/><G0/><T122/><D122/><U57/><E57/><V49/><F44/><W9/><G9/><T65/><D61/><AGARI ba="0,1" hai="16,20,25,47,48,52,56,61,64,89,90,108,109,111" machi="61" ten="40,5200,0" yaku="14,1,54,2" doraHai="81" who="3" fromWho="0" sc="282,-52,240,0,250,0,218,62" /><INIT seed="3,0,0,1,5,121" ten="230,240,250,280" oya="3" hai0="1,85,32,23,124,9,53,130,40,55,84,115,43" hai1="111,14,22,90,11,134,102,122,16,105,128,59,33" hai2="63,62,83,78,18,82,76,127,107,73,51,50,133" hai3="93,12,27,92,56,0,88,13,52,125,98,106,29"/><W118/><G0/><T103/><D115/><U58/><E122/><V6/><F107/><W68/><G106/><T31/><D130/><U104/><E33/><V89/><F133/><W4/><G68/><T123/><D123/><U38/><E38/><V69/><F127/><W20/><G118/><T61/><D124/><U70/><E70/><V37/><F37/><W60/><G125/><T112/><D112/><U97/><E134/><V36/><F36/><W108/><G108/><T24/><D32/><U21/><E111/><V34/><F34/><W126/><G126/><T96/><D1/><U41/><E41/><N who="0" m="15945" /><D9/><U72/><E72/><V95/><F6/><W81/><G4/><T120/><D120/><U86/><E105/><V101/><F101/><N who="3" m="60615" /><G81/><T129/><D129/><U71/><E71/><V30/><F82/><W119/><G119/><T67/><D67/><U26/><E128/><V10/><F83/><W116/><G116/><T5/><D5/><U65/><E65/><V109/><F109/><W44/><G44/><T66/><D66/><U39/><E39/><V80/><F80/><W131/><G131/><T79/><D79/><U28/><E22/><V75/><F69/><W17/><G29/><T2/><D2/><U64/><E64/><V46/><F30/><W19/><G19/><T54/><D61/><N who="2" m="23050" /><F73/><W15/><G15/><T100/><D100/><U48/><E48/><N who="2" m="18475" /><F75/><W110/><G110/><T135/><D135/><U74/><E74/><V57/><F78/><W91/><G91/><T87/><D103/><U114/><E114/><V132/><F76/><W49/><G49/><RYUUKYOKU ba="0,0" sc="230,10,240,10,250,-30,280,10" hai0="23,24,31,53,54,55,84,85,87,96" hai1="11,14,16,21,26,28,58,59,86,90,97,102,104" hai3="12,13,17,20,27,52,56,60,88,93" /><INIT seed="3,1,0,0,1,32" ten="240,250,220,290" oya="3" hai0="120,81,9,53,128,73,75,12,25,7,35,82,24" hai1="114,27,46,45,80,3,85,38,39,125,61,119,135" hai2="31,20,131,6,0,89,126,51,96,42,107,101,77" hai3="4,130,113,1,8,92,122,108,34,50,44,83,78"/><W16/><G34/><T84/><D120/><U127/><E114/><V28/><F126/><W15/><G122/><T86/><D128/><U115/><E115/><V26/><F131/><W99/><G113/><T94/><D94/><U110/><E110/><V74/><F89/><W36/><G130/><T21/><D53/><U123/><E123/><V70/><F70/><W60/><G108/><T132/><D132/><U57/><E135/><V49/><F42/><W91/><G36/><T41/><D41/><U64/><E119/><V98/><F98/><W79/><G60/><T5/><D35/><U43/><E27/><V2/><F31/><W13/><G13/><T118/><D118/><U55/><E3/><V87/><F87/><W30/><G30/><T103/><D103/><U40/><E85/><V105/><F105/><W48/><G44/><T134/><D134/><U102/><E102/><V22/><F22/><W111/><G111/><T76/><D5/><U56/><E80/><V104/><F104/><W109/><G109/><T19/><REACH who="0" step="1"/><D25/><REACH who="0" ten="230,250,220,290" step="2"/><U18/><E18/><V17/><F17/><W59/><G59/><T33/><D33/><U69/><E56/><V71/><F71/><W93/><G93/><T62/><D62/><BYE who="2" /><AGARI ba="1,1" hai="38,39,40,43,45,46,55,57,61,62,64,69,125,127" machi="62" ten="40,8000,1" yaku="9,1,34,3" doraHai="32" who="1" fromWho="0" sc="230,-83,250,93,220,0,290,0" /><UN n2="%40%E3%82%86%E3%81%A8%E3%82%8A%E3%81%99%E3%81%9A%E3%82%81%40" /><INIT seed="4,0,0,5,5,115" ten="147,343,220,290" oya="0" hai0="41,84,111,103,58,24,46,135,123,81,53,64,65" hai1="101,28,96,70,0,1,92,132,112,12,55,116,59" hai2="90,130,83,26,125,67,8,34,131,38,30,120,87" hai3="9,105,43,82,32,14,37,88,23,121,2,99,71"/><T89/><D123/><U80/><E70/><V119/><F120/><W117/><G32/><T5/><D135/><U15/><E132/><V134/><F134/><W127/><G121/><T3/><D111/><U6/><E28/><V10/><F38/><W47/><G71/><T42/><D103/><U61/><E116/><V78/><F125/><W20/><G117/><T56/><D24/><U60/><E112/><V98/><F67/><W69/><G2/><T18/><D18/><U133/><E133/><V76/><F119/><W44/><G69/><T75/><D75/><U39/><E39/><V126/><F126/><W77/><G127/><T108/><D108/><U22/><E60/><V97/><F97/><W27/><G47/><T109/><D109/><U86/><E15/><V17/><F98/><W128/><G128/><N who="2" m="49193" /><F17/><W114/><G114/><T104/><D104/><U118/><E118/><V124/><F124/><W106/><G106/><T33/><D33/><U79/><REACH who="1" step="1"/><E22/><REACH who="1" ten="147,333,220,290" step="2"/><V95/><F30/><W11/><G23/><T50/><D3/><U16/><E16/><V63/><F63/><W91/><G14/><T21/><D21/><U29/><E29/><V52/><F34/><W72/><G11/><AGARI ba="0,1" hai="0,1,6,11,12,55,59,61,79,80,86,92,96,101" machi="11" ten="40,1300,0" yaku="1,1,53,0" doraHai="115" doraHaiUra="110" who="1" fromWho="3" sc="147,0,333,23,220,0,290,-13" /><INIT seed="5,0,0,3,5,123" ten="147,356,220,277" oya="1" hai0="128,83,132,95,7,37,100,4,60,53,92,13,69" hai1="109,50,48,52,120,28,67,124,40,2,27,126,26" hai2="55,115,57,85,39,86,61,0,113,21,78,36,111" hai3="114,6,105,118,65,17,32,14,97,35,29,133,108"/><U3/><E120/><V31/><F0/><W131/><G105/><T5/><D37/><U63/><E109/><V64/><F111/><W42/><G42/><T129/><D132/><U76/><E76/><V47/><F31/><W125/><G65/><T44/><D83/><U11/><E40/><N who="2" m="22919" /><F21/><W96/><G114/><N who="2" m="43529" /><F78/><W117/><G96/><T73/><D73/><U107/><E107/><V93/><F39/><W104/><G97/><T8/><D69/><U25/><E28/><V12/><F12/><W106/><G106/><T127/><D127/><N who="1" m="48683" /><E11/><V80/><F80/><W1/><G104/><T34/><D34/><N who="3" m="12841" /><G108/><T66/><D66/><U49/><E67/><V89/><F64/><W98/><G98/><AGARI ba="0,0" hai="55,57,61,85,86,89,93,98" m="43529,22919" machi="98" ten="30,2000,0" yaku="15,1,11,1" doraHai="123" who="2" fromWho="3" sc="147,0,356,0,220,20,277,-20" /><INIT seed="6,0,0,0,1,110" ten="147,356,240,257" oya="2" hai0="106,60,111,77,4,103,115,26,135,51,112,108,72" hai1="24,76,44,3,122,19,28,117,86,120,36,95,23" hai2="128,2,123,30,90,5,17,68,109,79,47,87,66" hai3="101,83,78,40,12,63,62,70,9,93,54,89,13"/><V55/><F123/><W121/><G121/><T81/><D135/><U49/><E36/><V45/><F109/><N who="0" m="42058" /><D4/><U129/><E129/><V73/><F128/><W126/><G101/><T118/><D51/><U41/><E3/><V46/><F30/><W85/><G126/><T107/><D26/><U58/><E117/><V57/><F73/><W10/><G40/><T33/><D33/><U130/><E130/><V37/><F79/><W0/><G0/><T43/><D43/><U99/><E58/><V53/><F37/><W38/><G38/><T15/><D15/><N who="3" m="5705" /><G70/><T21/><D21/><U104/><E104/><N who="0" m="39977" /><D60/><N who="3" m="23081" /><G54/><T134/><D118/><U11/><E11/><V56/><F68/><W59/><G59/><N who="2" m="22601" /><F66/><W98/><AGARI ba="0,0" hai="9,10,78,83,85,89,93,98" m="23081,5705" machi="98" ten="30,1100,0" yaku="8,1" doraHai="110" who="3" fromWho="3" sc="147,-3,356,-3,240,-5,257,11" /><INIT seed="7,0,0,4,5,83" ten="144,353,235,268" oya="3" hai0="56,135,11,116,70,72,55,31,64,33,48,123,102" hai1="119,47,85,38,80,93,121,125,30,128,61,76,79" hai2="113,105,29,104,8,92,126,94,134,88,17,49,22" hai3="69,68,16,111,32,115,4,7,112,6,26,133,71"/><W82/><G111/><T59/><D72/><U124/><E121/><V84/><F113/><N who="3" m="43595" /><G133/><T77/><D123/><U44/><E128/><V73/><F73/><W58/><G58/><T39/><D39/><U28/><E119/><V27/><F126/><W21/><G32/><T130/><D116/><U9/><E9/><V95/><F134/><W81/><AGARI ba="0,0" hai="4,6,7,16,21,26,68,69,71,81,82" m="43595" machi="81" ten="40,3900,0" yaku="15,1,54,1" doraHai="83" who="3" fromWho="3" sc="144,-13,353,-13,235,-13,268,39" /><INIT seed="7,1,0,2,5,45" ten="131,340,222,307" oya="3" hai0="73,6,47,87,9,41,98,52,26,3,135,0,27" hai1="21,77,38,99,56,2,61,75,109,10,115,124,70" hai2="19,11,40,5,125,49,100,53,29,83,35,112,92" hai3="42,91,28,23,111,76,84,123,79,133,7,120,130"/><W103/><G111/><T67/><D73/><U121/><E38/><V134/><F35/><W24/><G130/><T58/><D135/><U101/><E70/><V117/><F117/><W90/><G133/><T128/><D128/><U113/><E109/><V14/><F134/><W48/><G103/><T72/><D72/><U4/><E124/><V8/><F125/><W54/><G42/><T106/><D67/><U62/><E121/><V32/><F112/><N who="1" m="43081" /><E21/><V46/><F83/><W132/><G132/><T57/><D87/><U64/><E62/><V85/><F32/><W22/><G7/><T82/><D82/><N who="1" m="45375" /><E101/><V39/><F29/><W127/><G127/><T119/><D119/><U13/><E99/><N who="2" m="59495" /><F39/><W66/><G66/><T18/><D0/><AGARI ba="1,0" hai="0,2,4,10,13,56,61,64" m="45375,43081" machi="0" ten="30,1000,0" yaku="15,1" doraHai="45" who="1" fromWho="0" sc="131,-13,340,13,222,0,307,0" owari="118,-38.0,353,45.0,222,-18.0,307,11.0" /></mjloggm>