<mjloggm ver="2.3"><GO type="97" lobby="0"/><UN n0="%74%73%75%62%75%61%6E" n1="%74%61%6B%65%63%63%63" n2="%E3%82%A6%E3%83%AB%E3%83%88%E3%83%A9%E7%AB%8B%E7%9B%B4" n3="%E6%98%8E%E6%97%A5%E3%81%8B%E3%82%89%E9%9B%80%E9%BE%8D%E9%96%80" dan="13,15,15,15" rate="1882.27,2015.66,1994.35,2039.58" sx="M,M,M,M"/><TAIKYOKU oya="0"/><INIT seed="0,0,0,0,0,119" ten="250,250,250,250" oya="0" hai0="31,99,92,106,126,43,64,111,81,108,33,110,15" hai1="56,62,21,95,6,49,45,93,104,59,103,72,25" hai2="52,94,132,79,17,42,71,75,86,50,66,3,27" hai3="85,34,5,115,87,0,14,1,128,118,113,73,129"/><T16/><D126/><U117/><E117/><V107/><F3/><N who="3" m="1099" /><G73/><T135/><D135/><U60/><E72/><V37/><F107/><W125/><G118/><T40/><D106/><U23/><E6/><V130/><F75/><W70/><G70/><T7/><D81/><U90/><E104/><V8/><F79/><W120/><G34/><T44/><D7/><U83/><E83/><V74/><F86/><N who="3" m="32779" /><G125/><T88/><D64/><U19/><E103/><V67/><F94/><W12/><G120/><T13/><D33/><U101/><E101/><V68/><F67/><W32/><G32/><T134/><D134/><U24/><E90/><V109/><F71/><W53/><G53/><T9/><D31/><U100/><E100/><V54/><F54/><W89/><G89/><T112/><D112/><N who="3" m="43081" /><G5/><N who="0" m="3247" /><D44/><U121/><E45/><V78/><F78/><W84/><N who="3" m="32787" /><W38/><DORA hai="35" /><G38/><T10/><AGARI ba="0,0" hai="10,15,16,40,43,88,92,99,108,110,111" m="3247" machi="10" ten="30,11700,0" yaku="14,1,10,1,54,2" doraHai="119,35" who="0" fromWho="0" sc="250,117,250,-39,250,-39,250,-39" /><INIT seed="0,1,0,2,5,100" ten="367,211,211,211" oya="0" hai0="65,24,130,102,43,109,99,83,35,77,88,46,23" hai1="98,14,97,2,56,53,39,104,76,135,4,16,126" hai2="22,62,55,61,131,86,31,134,27,105,66,68,70" hai3="122,115,29,132,121,33,45,81,113,67,21,96,5"/><T30/><D130/><U51/><E39/><V71/><F131/><W12/><G33/><T120/><D120/><N who="3" m="46185" /><G132/><T128/><D128/><U108/><E108/><V111/><F111/><W6/><G67/><T63/><D109/><U114/><E114/><V80/><F134/><W13/><G81/><T25/><D77/><U93/><E76/><V8/><F8/><W118/><G45/><T20/><D24/><U91/><E126/><V133/><F133/><W85/><G85/><T92/><D83/><U36/><E36/><V18/><F105/><W32/><G32/><T41/><D102/><U95/><E104/><V72/><F72/><W50/><G50/><T3/><D3/><U54/><E54/><V49/><F31/><W0/><G96/><T125/><D125/><U28/><E28/><V74/><F74/><W112/><G118/><T26/><D26/><U9/><E135/><V90/><F62/><W38/><G38/><T110/><D110/><U84/><REACH who="1" step="1"/><E95/><REACH who="1" ten="367,201,211,211" step="2"/><V58/><AGARI ba="1,1" hai="18,22,27,49,55,58,61,66,68,70,71,80,86,90" machi="58" ten="20,1500,0" yaku="0,1,7,1" doraHai="100" who="2" fromWho="2" sc="367,-8,201,-5,211,28,211,-5" /><INIT seed="1,0,0,3,0,47" ten="359,196,239,206" oya="1" hai0="127,134,131,18,55,84,49,114,5,67,83,95,57" hai1="89,37,0,70,90,9,19,75,41,101,109,35,12" hai2="7,99,125,98,29,42,51,110,105,4,44,24,115" hai3="43,45,77,30,123,94,56,33,86,107,3,73,97"/><U78/><E70/><V113/><F110/><W58/><G123/><T28/><D114/><N who="2" m="43530" /><F125/><W72/><G3/><T117/><D117/><U112/><E35/><N who="2" m="20903" /><F105/><W62/><G107/><T121/><D121/><U91/><E112/><V52/><F42/><W104/><G104/><T61/><D131/><U25/><E109/><V60/><F60/><W11/><G11/><T17/><D127/><U38/><E0/><V111/><F111/><W106/><G106/><T124/><D124/><U48/><E38/><V93/><F99/><W53/><G33/><T108/><D108/><U8/><E37/><V102/><AGARI ba="0,0" hai="4,7,44,51,52,93,98,102" m="20903,43530" machi="102" ten="30,4000,0" yaku="11,1,52,1,54,1" doraHai="47" who="2" fromWho="2" sc="359,-10,196,-20,239,40,206,-10" /><INIT seed="2,0,0,5,4,87" ten="349,176,279,196" oya="2" hai0="77,47,34,29,48,25,14,55,32,96,23,2,98" hai1="67,4,64,80,39,37,94,27,82,57,112,1,15" hai2="35,106,70,93,28,11,90,118,85,97,134,102,131" hai3="36,121,132,130,111,21,65,63,129,84,73,26,78"/><V56/><F118/><W110/><G121/><T3/><D3/><U0/><E112/><V20/><F70/><W18/><G73/><T41/><D77/><U24/><E57/><V30/><F35/><W79/><G36/><T16/><D2/><U72/><E4/><V58/><F131/><N who="3" m="50187" /><G132/><T42/><REACH who="0" step="1"/><D34/><REACH who="0" ten="339,176,279,196" step="2"/><U135/><E135/><V127/><F134/><W107/><G78/><T50/><D50/><U31/><E1/><V117/><F117/><W128/><G128/><T133/><D133/><U54/><E0/><V74/><F127/><W119/><G119/><T46/><D46/><U6/><E72/><V88/><F74/><W51/><G51/><T101/><D101/><U13/><E39/><V114/><F114/><W89/><G79/><T125/><D125/><U43/><E37/><V60/><F102/><W68/><G107/><T59/><D59/><U100/><E100/><V124/><F58/><W113/><G113/><T116/><D116/><U66/><E43/><AGARI ba="0,1" hai="14,16,23,25,29,32,41,42,43,47,48,55,96,98" machi="43" ten="40,2600,0" yaku="1,1,54,1,53,0" doraHai="87" doraHaiUra="62" who="0" fromWho="1" sc="339,36,176,-26,279,0,196,0" /><INIT seed="3,0,0,0,5,128" ten="375,150,279,196" oya="3" hai0="134,3,88,75,97,5,73,107,42,100,103,11,129" hai1="99,33,130,86,72,8,58,78,21,69,83,120,110" hai2="117,2,13,116,115,84,70,68,4,123,133,94,14" hai3="36,38,51,101,49,16,127,109,28,34,32,55,104"/><W74/><G74/><T56/><D134/><U43/><E69/><V66/><F94/><W24/><G127/><T6/><D129/><U92/><E33/><V126/><F84/><W106/><G34/><T113/><D113/><U111/><E43/><V10/><F66/><W118/><G51/><T119/><D119/><U71/><E71/><V65/><F65/><W80/><G118/><T15/><D6/><U1/><E1/><V22/><F68/><W121/><G121/><T54/><D42/><U19/><E8/><V9/><F70/><W77/><G109/><T25/><D103/><U30/><E30/><V62/><F62/><W41/><G101/><T0/><D0/><U82/><E58/><V18/><F115/><W63/><G106/><T98/><D3/><U53/><E53/><V79/><F79/><W112/><G104/><T135/><D135/><U57/><E57/><V122/><F126/><W29/><G112/><T95/><D25/><U131/><E120/><N who="2" m="46123" /><F133/><W44/><G29/><T89/><D89/><U76/><E19/><AGARI ba="0,0" hai="2,4,9,10,13,14,18,19,22,116,117" m="46123" machi="19" ten="30,3900,0" yaku="13,1,34,2" doraHai="128" who="2" fromWho="1" sc="375,0,150,-39,279,39,196,0" owari="375,47.0,111,-39.0,318,12.0,196,-20.0" /></mjloggm>