<mjloggm ver="2.3"><GO type="169" lobby="0"/><UN n0="%6D%65%24%6F" n1="%E7%84%A1%E7%A5%9E%E8%AB%96%E8%80%85" n2="%E3%82%A6%E3%83%AB%E3%83%88%E3%83%A9%E7%AB%8B%E7%9B%B4" n3="%E3%82%8C%E3%81%A3%E3%81%A6%E3%82%8B" dan="17,16,16,16" rate="2116.73,2111.77,2113.89,2078.98" sx="M,M,M,M"/><TAIKYOKU oya="0"/><INIT seed="0,0,0,2,5,118" ten="250,250,250,250" oya="0" hai0="16,64,10,130,15,117,79,25,128,63,126,69,80" hai1="14,33,32,105,8,11,28,42,113,74,92,116,52" hai2="41,88,81,4,45,43,27,75,5,20,89,3,125" hai3="46,71,22,83,115,23,119,120,114,50,131,124,9"/><T21/><D117/><U58/><E105/><V39/><F125/><W99/><G119/><T102/><D102/><U54/><E116/><V18/><F43/><W53/><G71/><T35/><D35/><U60/><E74/><V12/><F5/><W94/><G9/><T26/><D126/><U100/><E33/><V48/><F12/><W87/><G124/><T84/><REACH who="0" step="1"/><D26/><REACH who="0" ten="240,250,250,250" step="2"/><U31/><E32/><V49/><F27/><W104/><G114/><T91/><D91/><U112/><E112/><V36/><F89/><W44/><G115/><T66/><D66/><U90/><E100/><V127/><F127/><W62/><G104/><T101/><D101/><U59/><E113/><V82/><F88/><W34/><G34/><T132/><D132/><U73/><E31/><AGARI ba="0,1" hai="10,15,16,21,25,31,63,64,69,79,80,84,128,130" machi="31" ten="40,3900,0" yaku="1,1,54,1,53,0" doraHai="118" doraHaiUra="121" who="0" fromWho="1" sc="240,49,250,-39,250,0,250,0" /><INIT seed="0,1,0,0,1,88" ten="289,211,250,250" oya="0" hai0="57,114,102,91,108,101,36,66,43,115,4,94,2" hai1="40,58,99,53,31,55,82,86,50,119,104,111,20" hai2="65,5,9,64,48,116,23,90,69,3,123,1,84" hai3="11,44,132,71,16,134,10,127,100,129,85,78,13"/><T80/><D80/><U67/><E119/><V92/><F123/><W37/><G71/><T54/><D66/><U29/><E111/><V42/><F116/><W12/><G100/><T38/><D108/><U97/><E104/><V96/><F69/><W72/><G129/><T61/><D101/><U93/><E99/><V22/><F3/><W45/><G127/><T121/><D102/><N who="1" m="60719" /><E40/><V56/><F23/><W70/><G70/><T126/><D126/><U59/><E20/><V120/><F120/><W35/><G35/><T18/><D121/><U25/><E25/><V68/><F68/><W27/><G27/><T89/><D89/><N who="1" m="51415" /><E67/><V30/><F30/><W52/><G72/><T19/><D43/><U83/><E83/><V17/><F96/><W60/><G37/><T130/><D130/><U103/><E103/><V125/><F125/><W47/><G78/><T21/><D36/><U122/><E122/><V87/><F87/><W46/><G85/><T112/><D38/><U32/><E32/><V109/><F109/><W135/><N who="3" m="11264" /><DORA hai="8" /><W7/><REACH who="3" step="1"/><G60/><AGARI ba="1,0" hai="29,31,50,53,55,58,59,60" m="51415,60719" machi="60" ten="30,2000,0" yaku="8,1,52,1" doraHai="88,8" who="1" fromWho="3" sc="289,0,211,23,250,0,250,-23" /><INIT seed="1,0,0,1,3,17" ten="289,234,250,227" oya="1" hai0="81,135,51,95,62,89,45,78,67,22,52,72,83" hai1="66,33,37,105,31,99,111,108,127,76,69,109,73" hai2="88,24,28,77,100,91,10,27,5,106,113,53,132" hai3="38,115,119,129,120,11,41,2,61,48,12,43,80"/><U39/><E127/><V36/><F36/><N who="1" m="13897" /><E76/><V87/><F132/><W124/><G2/><T65/><D135/><U128/><E73/><V94/><F113/><W70/><G129/><T35/><D35/><U23/><E128/><V117/><F117/><W26/><G120/><T0/><D0/><U93/><E105/><V40/><F40/><W114/><G38/><T125/><D125/><U103/><E33/><V85/><F77/><W21/><G119/><T112/><D112/><U116/><E116/><V102/><F53/><W71/><G124/><T131/><D131/><U122/><E122/><V98/><F28/><W34/><G34/><T134/><D134/><U97/><E97/><V90/><F102/><W84/><G71/><T63/><D81/><U68/><E66/><V47/><F47/><N who="3" m="25727" /><G41/><T44/><D44/><U75/><E75/><V57/><F91/><W30/><G70/><T123/><D123/><U8/><E8/><V4/><F57/><W74/><G74/><T32/><D32/><U50/><E50/><V18/><F18/><W16/><G114/><T104/><D104/><U92/><E92/><V82/><F5/><N who="3" m="3183" /><G115/><T1/><D1/><AGARI ba="0,0" hai="1,4,10,24,27,82,85,87,88,90,94,98,100,106" machi="1" ten="30,2000,0" yaku="7,1,54,1" doraHai="17" who="2" fromWho="0" sc="289,-20,234,0,250,20,227,0" /><INIT seed="2,0,0,5,0,135" ten="269,234,270,227" oya="2" hai0="24,31,113,110,108,35,4,14,101,16,22,131,83" hai1="8,86,48,106,71,73,19,13,111,112,20,69,109" hai2="26,7,98,0,25,75,29,130,128,39,44,62,34" hai3="102,68,120,126,40,41,114,84,33,77,59,99,46"/><V15/><F75/><W85/><G68/><T63/><D101/><U52/><E112/><V115/><F115/><W58/><G114/><T43/><D113/><U88/><E73/><V38/><F0/><W9/><G33/><T27/><D43/><U45/><E20/><V122/><F122/><W1/><G1/><T79/><D63/><U80/><E106/><V95/><F62/><W93/><G41/><T103/><D103/><U107/><E107/><V72/><F72/><W67/><G9/><N who="0" m="4391" /><D83/><U5/><E5/><V32/><F7/><W119/><G119/><T65/><D65/><U56/><E56/><V81/><F15/><W118/><G118/><T123/><D79/><U105/><E105/><V2/><F81/><W36/><G77/><T87/><D87/><U100/><E100/><V60/><F2/><W133/><G133/><T49/><D49/><U134/><E134/><V96/><F60/><W70/><G70/><AGARI ba="0,0" hai="8,13,19,45,48,52,69,70,71,80,86,88,109,111" machi="70" ten="40,8000,1" yaku="25,2,54,2" doraHai="135" who="1" fromWho="3" sc="269,0,234,80,270,0,227,-80" /><INIT seed="3,0,0,0,0,79" ten="269,314,270,147" oya="3" hai0="7,72,30,21,121,50,123,69,44,105,54,119,82" hai1="58,9,106,100,104,65,67,18,97,124,15,33,8" hai2="45,5,4,40,62,37,12,127,41,99,68,114,131" hai3="89,42,26,47,116,28,126,32,2,125,27,51,35"/><W29/><G2/><T73/><D105/><U113/><E113/><V85/><F114/><W36/><G116/><T22/><D119/><U78/><E33/><V0/><F0/><W11/><G11/><T74/><D69/><U10/><E106/><V24/><F127/><W93/><REACH who="3" step="1"/><G36/><REACH who="3" ten="269,314,270,137" step="2"/><T31/><D123/><U128/><E8/><V111/><F37/><W115/><G115/><T77/><D121/><U120/><E9/><V66/><F131/><W133/><G133/><T122/><D122/><U19/><E120/><V102/><F5/><W98/><AGARI ba="0,1" hai="26,27,28,29,32,35,42,47,51,89,93,98,125,126" machi="98" ten="30,6000,0" yaku="1,1,0,1,9,1,53,0" doraHai="79" doraHaiUra="71" who="3" fromWho="3" sc="269,-20,314,-20,270,-20,137,70" /><INIT seed="3,1,0,4,2,31" ten="249,294,250,207" oya="3" hai0="40,26,78,13,92,2,6,83,41,70,80,109,34" hai1="106,85,23,75,135,124,64,134,63,119,66,51,0" hai2="60,121,132,57,94,48,3,112,18,125,27,128,20" hai3="69,84,107,62,17,42,21,117,120,108,53,110,12"/><W123/><G107/><T24/><D70/><U59/><E75/><V116/><F3/><W96/><G117/><T46/><D2/><U7/><E106/><V88/><F112/><W77/><G42/><T122/><D122/><U100/><E100/><V11/><F116/><W45/><G96/><T89/><D109/><N who="3" m="42089" /><G69/><T79/><D6/><U98/><E124/><V15/><F125/><W39/><G39/><T36/><D13/><U76/><E98/><V56/><F128/><W91/><G77/><T10/><D10/><U9/><E66/><V82/><F132/><W55/><G62/><T43/><D36/><U65/><E119/><V22/><F82/><N who="3" m="49559" /><G45/><T35/><D46/><U50/><E134/><V81/><F81/><W30/><G30/><T73/><D80/><U102/><E135/><V38/><F38/><W74/><G74/><T118/><D78/><U114/><E76/><V61/><F121/><AGARI ba="1,0" hai="12,17,21,53,55,120,121,123" m="49559,42089" machi="121" ten="30,2900,0" yaku="14,1,10,1" doraHai="31" who="3" fromWho="2" sc="249,0,294,0,250,-32,207,32" /><INIT seed="3,2,0,4,3,36" ten="249,294,218,239" oya="3" hai0="77,94,88,14,28,19,45,2,117,104,30,82,26" hai1="4,39,7,70,58,54,120,71,21,52,47,56,0" hai2="127,132,75,32,95,48,129,57,43,107,87,31,101" hai3="61,108,125,68,20,111,91,37,96,15,40,114,27"/><W98/><G114/><T44/><D104/><U110/><E120/><V66/><F75/><W33/><G15/><T11/><D2/><U80/><E21/><V34/><F107/><W5/><G5/><T59/><D117/><U134/><E80/><V102/><F34/><W3/><G3/><T128/><D128/><U17/><E17/><V8/><F31/><N who="3" m="19711" /><G20/><T109/><D109/><N who="3" m="42057" /><G91/><T62/><D82/><U50/><E110/><V46/><F129/><W85/><G85/><N who="0" m="52495" /><D77/><U16/><E4/><V12/><F32/><W29/><G29/><N who="0" m="11371" /><D26/><U41/><E7/><V24/><F24/><W123/><G123/><T89/><D89/><U25/><E25/><V23/><F23/><W100/><G100/><T22/><D22/><U124/><E0/><V6/><F102/><W105/><G105/><T73/><D73/><U81/><E16/><V10/><F101/><W78/><G78/><T38/><D38/><U35/><E35/><V84/><F84/><W92/><G92/><T69/><D69/><N who="1" m="26123" /><E81/><V126/><F87/><W64/><G125/><T97/><D97/><U42/><E124/><V72/><F95/><W74/><G74/><T135/><D19/><U113/><E113/><V121/><F72/><W130/><G130/><T49/><D14/><U131/><E131/><V103/><F121/><W90/><G90/><T122/><D122/><U79/><E79/><V63/><F103/><W86/><G86/><T13/><D13/><U112/><E112/><V116/><F127/><W119/><G119/><T51/><D11/><U115/><E115/><V118/><F126/><W55/><G55/><RYUUKYOKU ba="2,0" sc="249,-10,294,-10,218,-10,239,30" hai3="37,40,61,64,68,96,98" /><INIT seed="3,3,0,1,0,84" ten="239,284,208,269" oya="3" hai0="38,116,73,76,50,107,123,54,71,19,24,96,87" hai1="117,92,82,35,40,6,129,102,42,27,23,61,113" hai2="8,0,104,68,32,88,4,31,55,91,41,16,49" hai3="57,12,72,69,93,120,99,22,110,94,124,37,65"/><W130/><G120/><T109/><D123/><U45/><E35/><V51/><F68/><W78/><G37/><T112/><D38/><U33/><E33/><V134/><F104/><W108/><G69/><T67/><D73/><U18/><E113/><V118/><F118/><W97/><G72/><T34/><D116/><U56/><E129/><V64/><F64/><W103/><G78/><T115/><D109/><U26/><E6/><V126/><F126/><W121/><G121/><T98/><D67/><U46/><E82/><V36/><F36/><W133/><G133/><T131/><D71/><U47/><E26/><V111/><F111/><N who="3" m="42539" /><G130/><T90/><D131/><U30/><E18/><V13/><F134/><W95/><G124/><T128/><D76/><U9/><E9/><V20/><F41/><W81/><G81/><N who="0" m="49519" /><D107/><U1/><E1/><V101/><F101/><W75/><G75/><T60/><D60/><U85/><E117/><V80/><F51/><W132/><G132/><T25/><D128/><U106/><E106/><V86/><F80/><W125/><G125/><T119/><D119/><U66/><E102/><V15/><F86/><W39/><G39/><T43/><D43/><U79/><E79/><V29/><F0/><W5/><G99/><T74/><D74/><U3/><E3/><V59/><F32/><W127/><G127/><T114/><D34/><U44/><N who="1" m="11264" /><DORA hai="100" /><U28/><E40/><V2/><F2/><W58/><G65/><T122/><D122/><U63/><E42/><V89/><AGARI ba="3,0" hai="4,8,13,15,16,20,29,31,49,55,59,88,89,91" machi="89" ten="30,12000,2" yaku="0,1,8,1,52,3,54,2" doraHai="84,100" who="2" fromWho="2" sc="239,-33,284,-33,208,129,269,-63" /><INIT seed="4,0,0,5,0,110" ten="206,251,337,206" oya="0" hai0="34,14,81,60,102,117,56,31,65,97,7,20,75" hai1="123,73,39,88,92,111,113,36,43,126,40,46,77" hai2="29,98,100,68,55,44,128,61,71,27,89,119,94" hai3="74,114,121,95,30,116,78,105,122,37,83,112,127"/><T58/><D117/><U93/><E111/><V118/><F128/><W104/><G37/><T38/><D38/><U54/><E123/><N who="3" m="47114" /><G30/><T79/><D34/><U70/><E70/><V59/><F44/><W103/><G127/><T62/><D7/><U9/><E126/><V129/><F129/><W42/><G42/><T1/><D1/><U13/><E54/><V24/><F24/><W106/><G116/><N who="2" m="44585" /><F89/><W26/><G26/><T76/><D76/><U35/><E35/><AGARI ba="0,0" hai="27,29,35,55,59,61,68,71,94,98,100" m="44585" machi="35" ten="30,1000,0" yaku="12,1" doraHai="110" who="2" fromWho="1" sc="206,0,251,-10,337,10,206,0" /><INIT seed="5,0,0,3,5,114" ten="206,241,347,206" oya="1" hai0="132,28,126,86,4,36,48,13,90,3,102,45,92" hai1="66,31,97,84,110,34,49,67,81,57,59,94,106" hai2="74,29,35,129,123,44,24,78,17,58,80,1,33" hai3="128,46,55,88,20,122,62,64,11,133,72,96,39"/><U47/><E106/><V16/><F1/><W104/><G122/><T8/><D36/><U69/><E34/><V98/><F123/><W54/><G72/><T89/><D126/><U0/><E0/><V101/><F129/><W105/><G11/><T6/><D132/><U56/><E31/><V107/><F35/><W77/><G77/><T116/><D28/><U23/><E69/><V124/><F124/><W99/><G133/><T15/><D102/><N who="1" m="60727" /><E23/><V50/><F58/><W103/><G128/><T109/><D109/><U95/><E95/><V37/><F37/><W121/><G121/><T82/><D116/><U40/><E110/><V32/><F32/><W18/><G39/><T134/><D134/><U12/><E12/><V5/><F5/><W118/><G118/><T14/><D4/><U9/><E9/><V68/><F68/><W115/><G115/><T117/><D117/><U73/><E73/><V60/><F60/><W41/><G62/><T119/><D119/><U22/><E22/><V93/><F107/><W42/><G20/><T2/><D2/><U111/><E111/><V131/><F131/><W25/><G105/><T51/><REACH who="0" step="1"/><D45/><REACH who="0" ten="196,241,347,206" step="2"/><U53/><E40/><AGARI ba="0,1" hai="16,17,24,29,33,40,44,50,74,78,80,93,98,101" machi="40" ten="30,2000,0" yaku="7,1,54,1" doraHai="114" who="2" fromWho="1" sc="196,0,241,-20,347,30,206,0" /><INIT seed="6,0,0,2,5,126" ten="196,221,377,206" oya="2" hai0="49,77,26,69,18,103,54,101,124,110,8,81,45" hai1="96,47,24,82,16,93,1,117,23,48,39,130,51" hai2="60,108,38,55,86,31,5,40,32,7,41,17,67" hai3="97,73,76,111,85,46,71,56,121,50,112,63,64"/><V68/><F17/><W114/><G111/><T94/><D110/><U87/><E117/><V116/><F31/><W44/><G121/><T98/><D69/><U59/><E1/><V72/><F86/><W127/><G127/><T134/><D124/><U22/><E130/><V118/><F7/><W92/><G73/><T11/><D134/><U57/><E39/><V131/><F5/><W129/><G129/><T36/><D36/><U58/><E22/><V28/><F28/><W105/><G105/><T133/><D133/><U74/><E47/><V42/><F72/><W14/><G71/><T75/><D103/><N who="1" m="60815" /><E74/><V107/><F32/><W15/><G46/><T102/><D102/><U37/><E37/><V30/><F30/><W70/><G70/><T21/><AGARI ba="0,0" hai="8,11,18,21,26,45,49,54,75,77,81,94,98,101" machi="21" ten="30,1100,0" yaku="0,1" doraHai="126" who="0" fromWho="0" sc="196,11,221,-3,377,-5,206,-3" /><INIT seed="7,0,0,1,0,89" ten="207,218,372,203" oya="3" hai0="15,13,31,109,3,113,39,62,81,40,45,63,59" hai1="127,20,84,16,2,135,64,115,121,134,48,6,68" hai2="122,37,25,24,125,119,5,95,100,66,96,71,78" hai3="124,112,43,17,53,130,79,83,19,56,49,91,93"/><W38/><G112/><T88/><D3/><U123/><E115/><V74/><F37/><W107/><G107/><T22/><D109/><U14/><E127/><V57/><F71/><W128/><G124/><T85/><D113/><U7/><E48/><V52/><F66/><W105/><G105/><T108/><D108/><U11/><E6/><V18/><F5/><W41/><G38/><T133/><D133/><N who="1" m="50699" /><E84/><V126/><F119/><W34/><G34/><T1/><D1/><U129/><E129/><N who="3" m="49770" /><G83/><T42/><D62/><AGARI ba="0,0" hai="2,7,11,14,16,20,62,64,68,121,123" m="50699" machi="62" ten="30,2000,0" yaku="20,1,54,1" doraHai="89" who="1" fromWho="0" sc="207,-20,218,20,372,0,203,0" owari="187,-31.0,238,4.0,372,47.0,203,-20.0" /></mjloggm>