<mjloggm ver="2.3"><GO type="97" lobby="0"/><UN n0="%E3%82%A6%E3%83%AB%E3%83%88%E3%83%A9%E7%AB%8B%E7%9B%B4" n1="%6D%79%6F%67%61" n2="%6B%61%73%75%6B%65" n3="%74%61%6B%65%63%63%63" dan="15,14,13,14" rate="1950.61,1960.48,1884.88,2015.67" sx="M,M,M,M"/><TAIKYOKU oya="0"/><INIT seed="0,0,0,2,4,88" ten="250,250,250,250" oya="0" hai0="18,116,62,53,68,40,114,115,61,60,67,32,49" hai1="81,8,109,134,108,4,6,71,128,85,84,98,99" hai2="87,89,35,24,12,117,122,72,23,76,133,96,79" hai3="41,47,36,111,130,65,51,48,118,82,66,119,11"/><T39/><D32/><U113/><E71/><V5/><F122/><W43/><G82/><T104/><D104/><U45/><E45/><V54/><F35/><W22/><G22/><T27/><D27/><U94/><E8/><V102/><F117/><W37/><G11/><T101/><D18/><U26/><E26/><V55/><F5/><W120/><G47/><N who="0" m="23967" /><D101/><U2/><E2/><V19/><F12/><W30/><G30/><T123/><D123/><U100/><E113/><N who="0" m="43017" /><D116/><U131/><E6/><V92/><F133/><W13/><G13/><T16/><D16/><U73/><E134/><V52/><REACH who="2" step="1"/><F72/><REACH who="2" ten="250,250,240,250" step="2"/><W33/><G120/><T1/><D1/><U97/><E4/><V14/><F14/><W110/><G33/><T112/><D112/><U91/><E73/><V59/><F59/><AGARI ba="0,1" hai="49,53,59,60,61,62,67,68" m="43017,23967" machi="59" ten="30,5800,0" yaku="24,1,34,2" doraHai="88" who="0" fromWho="2" sc="250,68,250,0,240,-58,250,0" /><INIT seed="0,1,0,3,4,14" ten="318,250,182,250" oya="0" hai0="70,26,107,59,61,73,90,99,12,95,130,87,71" hai1="30,3,19,129,135,7,86,50,134,31,77,109,121" hai2="114,89,92,102,93,82,2,53,55,29,57,56,0" hai3="98,83,33,67,37,44,111,72,68,34,46,128,65"/><T108/><D73/><U11/><E121/><V85/><F114/><W101/><G46/><T80/><D130/><U5/><E129/><V36/><F36/><W4/><G67/><T100/><D108/><U16/><E50/><V91/><F29/><N who="1" m="10761" /><E86/><V119/><F102/><W1/><G128/><T94/><D26/><U88/><E88/><V124/><F124/><W45/><G45/><T24/><D24/><U38/><E77/><V105/><F105/><W133/><G98/><T22/><D107/><U132/><E38/><V112/><F112/><W131/><G101/><T54/><D95/><U35/><E109/><V15/><F15/><W6/><G6/><T120/><D120/><U117/><E35/><V116/><F85/><W81/><G81/><AGARI ba="1,0" hai="0,2,53,55,56,57,81,82,89,91,92,93,116,119" machi="81" ten="25,1600,0" yaku="22,2" doraHai="14" who="2" fromWho="3" sc="318,0,250,0,182,19,250,-19" /><INIT seed="1,0,0,0,2,124" ten="318,250,201,231" oya="1" hai0="27,55,18,40,57,35,125,59,71,98,43,89,122" hai1="58,111,127,86,49,99,129,119,123,3,130,87,64" hai2="68,115,34,93,24,51,28,109,103,1,95,126,14" hai3="6,54,4,7,37,30,31,85,22,50,44,112,105"/><U134/><E3/><V113/><F68/><W62/><G105/><T79/><D71/><U36/><E36/><V10/><F126/><W46/><G112/><T16/><D125/><U60/><E127/><V106/><F106/><W94/><G37/><T9/><D79/><U23/><E123/><V121/><F121/><W39/><G39/><T32/><D32/><U102/><E119/><V53/><F1/><W11/><G62/><T101/><D89/><U90/><E134/><V42/><F42/><W77/><G46/><T76/><D76/><U114/><E114/><V100/><F109/><W132/><G132/><T21/><D35/><U8/><E8/><V116/><F116/><W26/><G11/><T19/><D59/><U52/><E111/><V131/><F115/><W91/><REACH who="3" step="1"/><G77/><REACH who="3" ten="318,250,201,221" step="2"/><T81/><D122/><U97/><E23/><V69/><F113/><W74/><G74/><T133/><D133/><U70/><E102/><V80/><F103/><W17/><AGARI ba="0,1" hai="4,6,7,17,22,26,30,31,44,50,54,85,91,94" machi="17" ten="30,7900,0" yaku="1,1,0,1,8,1,53,1" doraHai="124" doraHaiUra="82" who="3" fromWho="3" sc="318,-20,250,-39,201,-20,221,89" /><INIT seed="2,0,0,0,4,8" ten="298,211,181,310" oya="2" hai0="4,63,107,103,117,95,111,108,75,104,17,125,24" hai1="0,68,43,85,60,77,67,109,102,135,62,44,2" hai2="25,126,52,89,30,130,40,74,50,61,10,87,127" hai3="100,20,34,91,6,132,27,121,115,28,79,41,101"/><V123/><F123/><W72/><G121/><T51/><D75/><U82/><E135/><V71/><F74/><W21/><G132/><T33/><D4/><U59/><E109/><N who="0" m="42057" /><D125/><N who="2" m="47626" /><F40/><W18/><G6/><T19/><D117/><U23/><E102/><V65/><F130/><W92/><G34/><T56/><D51/><U47/><E47/><V13/><F87/><W58/><G41/><T122/><D122/><U128/><E128/><V120/><F89/><W83/><G115/><T38/><D38/><U15/><E62/><V45/><F120/><W36/><G58/><T88/><D33/><U113/><E68/><V26/><F30/><W22/><G36/><T76/><D76/><U39/><REACH who="1" step="1"/><E113/><REACH who="1" ten="298,201,181,310" step="2"/><V55/><F55/><W99/><G101/><T57/><D103/><U105/><E105/><V134/><F134/><W116/><G116/><T32/><D107/><U97/><E97/><V37/><F37/><W31/><G100/><T94/><D104/><U84/><E84/><V73/><F73/><W5/><G72/><T110/><D110/><U46/><E46/><V106/><F106/><W12/><G99/><T98/><D63/><U53/><E53/><V16/><AGARI ba="0,1" hai="10,13,16,25,26,45,50,52,61,65,71" m="47626" machi="16" ten="30,11700,0" yaku="18,1,52,1,54,2" doraHai="8" who="2" fromWho="2" sc="298,-39,201,-39,181,127,310,-39" /><INIT seed="2,1,0,1,0,97" ten="259,162,308,271" oya="2" hai0="16,56,121,59,92,78,100,9,104,17,74,88,80" hai1="39,49,85,106,126,98,37,29,20,94,45,32,43" hai2="103,23,91,76,30,53,65,34,52,129,77,13,1" hai3="90,127,124,114,11,99,5,42,79,61,111,125,123"/><V113/><F1/><W10/><G123/><T62/><D121/><U38/><E32/><V93/><F113/><W70/><G79/><T14/><D17/><U96/><E106/><V24/><F65/><W26/><G42/><T101/><D104/><U2/><E2/><V8/><F34/><W33/><G114/><T108/><D108/><U82/><E126/><V105/><F105/><W75/><G75/><T86/><D59/><U27/><E96/><N who="2" m="59791" /><F91/><W131/><G111/><T44/><D44/><U69/><E69/><V119/><F129/><W51/><G51/><T25/><D25/><U4/><E4/><N who="2" m="3207" /><F119/><W48/><G131/><T130/><D130/><U0/><E0/><V21/><F21/><W116/><G116/><T50/><D50/><U89/><REACH who="1" step="1"/><E49/><REACH who="1" ten="259,152,308,271" step="2"/><V84/><F84/><W109/><G48/><T60/><D60/><U67/><E67/><AGARI ba="1,1" hai="9,14,16,56,62,67,74,78,80,86,88,92,100,101" machi="67" ten="30,8000,1" yaku="7,1,52,2,54,2" doraHai="97" who="0" fromWho="1" sc="259,93,152,-83,308,0,271,0" /><INIT seed="3,0,0,4,3,41" ten="352,69,308,271" oya="3" hai0="135,43,123,129,84,113,40,77,102,118,85,46,27" hai1="99,112,90,125,107,44,97,89,24,106,12,18,7" hai2="20,13,54,100,33,93,65,69,131,19,25,1,109" hai3="117,42,66,114,81,72,70,73,110,120,64,50,3"/><W122/><G3/><T115/><D118/><U61/><E7/><V56/><F131/><W60/><G117/><T71/><D71/><U119/><E24/><V35/><F109/><W9/><G110/><T47/><D123/><U11/><E119/><V57/><F69/><W108/><G66/><T67/><D67/><U127/><E61/><V105/><F105/><W91/><G108/><T121/><D121/><U86/><E18/><V111/><F111/><W80/><G9/><T31/><D102/><U51/><E51/><V133/><F1/><W15/><G15/><T17/><D17/><U116/><E12/><V63/><F133/><W8/><G8/><T101/><D101/><U68/><E68/><V5/><F35/><W126/><G126/><T4/><D4/><U2/><E116/><V134/><F134/><W55/><G42/><T104/><D104/><U82/><E11/><V76/><F76/><W16/><G16/><T94/><D129/><U36/><E2/><V6/><F33/><W98/><G122/><T30/><D135/><U128/><E128/><V95/><F13/><W0/><G0/><T52/><D52/><U87/><E36/><V49/><F93/><N who="3" m="56639" /><G114/><T29/><D27/><U75/><E44/><N who="0" m="16937" /><D43/><U23/><E23/><V34/><F34/><W28/><G120/><T88/><D40/><U10/><E10/><V45/><F56/><N who="3" m="32887" /><G28/><T124/><D124/><U79/><E112/><N who="0" m="43081" /><D77/><U130/><E130/><V14/><REACH who="2" step="1"/><F14/><REACH who="2" ten="352,69,298,271" step="2"/><W32/><G32/><T62/><D62/><U59/><E59/><V74/><F74/><W39/><G39/><T38/><D38/><RYUUKYOKU ba="0,1" sc="352,10,69,-30,298,10,271,10" hai0="29,30,31,84,85,88,94" hai2="5,6,19,20,25,45,49,54,57,63,65,95,100" hai3="60,64,70,72,73,80,81" /><INIT seed="3,1,1,2,2,22" ten="362,39,308,281" oya="3" hai0="67,41,14,94,135,58,83,45,26,76,116,46,21" hai1="28,13,43,106,54,35,69,95,33,88,130,7,73" hai2="104,109,86,117,71,77,68,75,125,103,112,47,100" hai3="79,99,60,64,120,1,85,40,72,78,124,53,97"/><W131/><G1/><T105/><D105/><U32/><E43/><V11/><F112/><W102/><G72/><T19/><D116/><U93/><E54/><V31/><F117/><W52/><G120/><T50/><D135/><U16/><E106/><V30/><F125/><W110/><G124/><T4/><D94/><U70/><E73/><V81/><F109/><W51/><G40/><T134/><D134/><U96/><E130/><V122/><F122/><W34/><G34/><T66/><D58/><U25/><E7/><V42/><F71/><W6/><G6/><T48/><D48/><U55/><E55/><N who="3" m="21066" /><G131/><T18/><D46/><U119/><E119/><V133/><F68/><W80/><G51/><T114/><D4/><U84/><E69/><V132/><F133/><W29/><G110/><T44/><D44/><U118/><E70/><V74/><F74/><W61/><G64/><T37/><D37/><U36/><E36/><V121/><F121/><W82/><G29/><T129/><D129/><U20/><REACH who="1" step="1"/><E118/><REACH who="1" ten="362,29,308,281" step="2"/><V111/><F132/><W63/><G102/><AGARI ba="1,2" hai="13,16,20,25,28,32,33,35,84,88,93,95,96,102" machi="102" ten="30,12000,2" yaku="1,1,2,1,7,1,52,1,54,2,53,0" doraHai="22" doraHaiUra="115" who="1" fromWho="3" sc="362,0,29,143,308,0,281,-123" owari="362,46.0,172,-23.0,308,11.0,158,-34.0" /></mjloggm>