<mjloggm ver="2.3"><GO type="97" lobby="0"/><UN n0="%E3%82%A6%E3%83%AB%E3%83%88%E3%83%A9%E7%AB%8B%E7%9B%B4" n1="%58%69" n2="%E3%81%BE%E3%81%99%E3%82%89" n3="%63%6F%6E%64%75%63%74" dan="15,15,14,13" rate="2051.82,2003.39,1908.10,1909.66" sx="M,M,M,M"/><TAIKYOKU oya="0"/><INIT seed="0,0,0,0,3,35" ten="250,250,250,250" oya="0" hai0="123,1,113,83,108,56,17,49,3,77,91,62,66" hai1="119,98,79,58,20,13,29,104,125,23,103,89,7" hai2="44,102,121,126,24,55,122,25,9,69,16,15,63" hai3="72,134,57,92,60,43,12,120,109,130,71,127,112"/><T61/><D123/><U131/><E119/><V94/><F126/><W93/><G12/><T33/><D33/><U87/><E125/><V41/><F25/><W19/><G19/><T46/><D113/><U34/><E79/><V73/><F73/><W27/><G27/><T74/><D108/><U40/><E40/><V88/><F102/><W8/><G8/><T105/><D105/><U36/><E36/><V42/><F24/><W11/><G11/><T132/><D132/><U99/><E99/><V95/><F95/><W80/><G57/><T78/><D78/><U21/><E131/><V70/><F70/><W117/><G93/><T18/><D91/><U22/><E34/><V31/><F31/><W115/><G92/><T84/><D74/><U47/><E47/><V111/><F111/><W14/><G80/><T90/><D77/><U86/><E86/><V101/><F101/><W96/><G14/><T128/><D128/><U67/><E87/><V39/><F41/><W51/><G51/><T107/><D107/><U5/><E89/><V133/><F133/><W50/><G50/><T0/><REACH who="0" step="1"/><D62/><REACH who="0" ten="240,250,250,250" step="2"/><N who="1" m="38359" /><E29/><V129/><F129/><W28/><G60/><T10/><D10/><U37/><E104/><V100/><F100/><W53/><G28/><T68/><D68/><U110/><E110/><V81/><F69/><W32/><G109/><T114/><D114/><U64/><E103/><V2/><F63/><W26/><G112/><T97/><D97/><U75/><E98/><V135/><F121/><W106/><G120/><T45/><D45/><U48/><E75/><V85/><F122/><RYUUKYOKU ba="0,1" sc="240,30,250,-10,250,-10,250,-10" hai0="0,1,3,17,18,46,49,56,61,66,83,84,90" /><INIT seed="0,1,1,3,5,8" ten="270,240,240,240" oya="0" hai0="20,0,57,33,71,76,17,37,32,123,11,42,116" hai1="56,91,104,113,23,84,111,115,4,3,82,102,92" hai2="98,60,83,99,121,79,34,68,39,45,87,107,31" hai3="114,95,90,75,58,124,40,62,110,29,89,133,54"/><T130/><D71/><U46/><E104/><V126/><F126/><W117/><G114/><T6/><D123/><U118/><E118/><V134/><F134/><W69/><G117/><T38/><D116/><U96/><E111/><V28/><F121/><W106/><G124/><T52/><D130/><U44/><E56/><V2/><F2/><W94/><G110/><T49/><D76/><U77/><E23/><V132/><F132/><W131/><G106/><T22/><D22/><U86/><E4/><V81/><F107/><W100/><G133/><T5/><D5/><U73/><E3/><V88/><F39/><W67/><G131/><T48/><D48/><U63/><E63/><V50/><F34/><W108/><G75/><T59/><D59/><U103/><E46/><V64/><F98/><W66/><G108/><T51/><D51/><U97/><E44/><V47/><F47/><W74/><G74/><T25/><REACH who="0" step="1"/><D42/><REACH who="0" ten="260,240,240,240" step="2"/><U35/><E35/><AGARI ba="1,2" hai="0,6,11,17,20,25,32,33,35,37,38,49,52,57" machi="35" ten="40,12000,1" yaku="1,1,2,1,54,1,53,1" doraHai="8" doraHaiUra="16" who="0" fromWho="1" sc="260,143,240,-123,240,0,240,0" /><INIT seed="0,2,0,2,4,86" ten="403,117,240,240" oya="0" hai0="114,3,87,92,102,31,55,58,125,53,111,10,89" hai1="19,5,68,17,29,132,22,30,26,116,52,4,90" hai2="9,63,108,106,59,16,50,112,65,2,34,47,104" hai3="83,103,129,124,46,96,131,73,20,79,33,84,121"/><T14/><D114/><U82/><E68/><V91/><F112/><W119/><G33/><T126/><D3/><U43/><E116/><V94/><F108/><W72/><G46/><T13/><D111/><U21/><E43/><V113/><F113/><W97/><G20/><T93/><D31/><U48/><E132/><V80/><F34/><W36/><G36/><T109/><D109/><U66/><E66/><V61/><F61/><W25/><G25/><T56/><D56/><N who="1" m="32775" /><E5/><V117/><F117/><W37/><G37/><T85/><D102/><U107/><E107/><V88/><F80/><W78/><G119/><T71/><D71/><U45/><E45/><V57/><F57/><W122/><G124/><T38/><D38/><U76/><E76/><V1/><F1/><W35/><G35/><T41/><D41/><U128/><E4/><V115/><F115/><W118/><G118/><T18/><D14/><N who="1" m="9399" /><E128/><N who="3" m="49226" /><G96/><T81/><D55/><U70/><E70/><V62/><F62/><W101/><G103/><T32/><D32/><U134/><E134/><V110/><F110/><W77/><G72/><T99/><D99/><U40/><E40/><V123/><F123/><N who="3" m="47115" /><G73/><T42/><D42/><U54/><E54/><V11/><F2/><W60/><G60/><N who="0" m="35919" /><D87/><AGARI ba="2,0" hai="19,22,26,29,30,82,87,90" m="9399,32775" machi="87" ten="30,3900,0" yaku="8,1,52,1,54,1" doraHai="86" who="1" fromWho="0" sc="403,-45,117,45,240,0,240,0" /><INIT seed="1,0,0,0,1,112" ten="358,162,240,240" oya="1" hai0="83,12,89,117,114,32,67,69,39,60,111,115,41" hai1="61,110,113,127,22,5,82,49,87,68,126,11,85" hai2="86,135,134,106,63,54,13,96,107,124,123,104,53" hai3="27,43,18,7,71,29,34,62,91,105,33,20,48"/><U103/><E113/><V15/><F123/><W79/><G105/><T118/><D89/><U108/><E103/><V46/><F46/><W1/><G79/><T116/><D12/><N who="2" m="4682" /><F86/><W58/><G71/><T66/><D83/><U0/><E22/><V100/><F63/><W44/><G91/><T128/><D32/><U3/><E3/><V16/><F124/><N who="1" m="47657" /><E49/><V38/><F38/><W25/><G1/><T133/><D133/><N who="2" m="50698" /><F16/><W102/><G102/><T80/><D80/><U77/><E61/><V26/><F26/><W30/><G7/><T132/><D132/><U98/><E98/><V73/><F73/><W10/><G10/><T64/><D128/><U88/><E68/><V75/><F75/><W6/><G6/><T72/><D72/><U24/><E24/><V52/><AGARI ba="0,0" hai="52,53,54,96,100,104,106,107" m="50698,4682" machi="52" ten="40,2700,0" yaku="20,1,54,1" doraHai="112" who="2" fromWho="2" sc="358,-7,162,-13,240,27,240,-7" /><INIT seed="2,0,0,1,2,37" ten="351,149,267,233" oya="2" hai0="115,134,89,48,43,85,100,38,98,34,29,42,81" hai1="92,95,120,2,69,96,24,55,135,119,125,56,51" hai2="108,79,78,28,1,60,71,57,13,131,26,111,124" hai3="101,106,39,6,8,17,114,5,130,58,128,129,90"/><V117/><F117/><W123/><G123/><T113/><D134/><U65/><E119/><V22/><F1/><W118/><G118/><T116/><D116/><U87/><E2/><V25/><F124/><W40/><G114/><T61/><D38/><U46/><E135/><V110/><F131/><W16/><G90/><T30/><D113/><U88/><E125/><V132/><F132/><W91/><G91/><T21/><D34/><U112/><E120/><V74/><F71/><W15/><G58/><T50/><D61/><U52/><E112/><V54/><F74/><W14/><G101/><T63/><D63/><U11/><E69/><V99/><F13/><W133/><G106/><T0/><D0/><U44/><E65/><V47/><F47/><N who="3" m="23967" /><G133/><T27/><D30/><U33/><E11/><AGARI ba="0,0" hai="5,6,8,11,14,15,16,17,128,129,130" m="23967" machi="11" ten="30,3900,0" yaku="19,1,52,1,54,1" doraHai="37" who="3" fromWho="1" sc="351,0,149,-39,267,0,233,39" /><INIT seed="3,0,0,2,2,123" ten="351,110,267,272" oya="3" hai0="86,7,16,94,26,18,54,67,104,128,42,135,33" hai1="68,78,87,108,4,69,122,14,133,65,113,85,63" hai2="92,106,116,97,102,99,53,125,96,30,73,118,79" hai3="64,55,8,82,12,109,111,41,51,93,27,13,103"/><W77/><G27/><T24/><D104/><U61/><E113/><V52/><F30/><W120/><G120/><T29/><D42/><U60/><E122/><V70/><F70/><W121/><G121/><T47/><D67/><U129/><E129/><V50/><F125/><W10/><G64/><T126/><D126/><U80/><E133/><V107/><F53/><W75/><G41/><T132/><D7/><U124/><E124/><V127/><F127/><W5/><G103/><T117/><D117/><N who="2" m="45162" /><F50/><W76/><G93/><T119/><D119/><U56/><E68/><V57/><F57/><W105/><G105/><N who="2" m="39945" /><F52/><W34/><G34/><T72/><D54/><U35/><E35/><V84/><F73/><W95/><G95/><T88/><D47/><U46/><E46/><V83/><AGARI ba="0,0" hai="79,83,84,92,96,97,99,102" m="39945,45162" machi="83" ten="40,2700,0" yaku="34,2" doraHai="123" who="2" fromWho="2" sc="351,-7,110,-7,267,27,272,-13" owari="344,45.0,103,-40.0,294,9.0,259,-14.0" /></mjloggm>