<mjloggm ver="2.3"><GO type="193" lobby="0"/><UN n0="%77%61%67%61%21%21" n1="%E5%B0%B1%E6%B4%BB%E7%94%9F%40%E5%B7%9D%E6%9D%91%E8%BB%8D%E5%9B%A3" n2="%68%61%6E%61%6D%61%72%6F" n3="%E9%BE%8D%E5%8F%A3" dan="12,11,10,12" rate="1776.37,1754.20,1677.74,1680.24" sx="M,M,F,M"/><TAIKYOKU oya="0"/><INIT seed="0,0,0,0,5,70" ten="250,250,250,250" oya="0" hai0="55,53,19,69,127,15,71,35,28,61,0,78,46" hai1="118,24,2,72,36,122,109,42,37,125,115,133,14" hai2="7,66,13,134,77,4,26,39,116,131,98,38,128" hai3="110,34,88,81,102,91,126,111,21,60,58,107,73"/><T45/><D0/><U23/><RYUUKYOKU type="yao9" ba="0,0" sc="250,0,250,0,250,0,250,0" hai1="2,14,23,24,36,37,42,72,109,115,118,122,125,133" /><INIT seed="0,1,0,2,0,69" ten="250,250,250,250" oya="0" hai0="33,16,83,71,63,123,110,15,38,70,11,98,113" hai1="46,3,84,13,89,68,88,76,120,40,109,41,49" hai2="66,73,50,112,106,94,62,131,56,34,99,130,72" hai3="134,121,45,48,24,117,36,1,12,96,18,122,32"/><T133/><D113/><U60/><E3/><V20/><F34/><W39/><G117/><T23/><D123/><N who="3" m="47113" /><G1/><T90/><D33/><U65/><E120/><V35/><F35/><W105/><G134/><T119/><D119/><U17/><E109/><V58/><F106/><W25/><G32/><T92/><D110/><U87/><E41/><V7/><F7/><W78/><G78/><T74/><D133/><U79/><E87/><V91/><F20/><W47/><G47/><T128/><D128/><N who="2" m="49194" /><F112/><W111/><G111/><T75/><D38/><N who="3" m="14377" /><G96/><T28/><D63/><U8/><REACH who="1" step="1"/><E89/><REACH who="1" ten="250,240,250,250" step="2"/><V129/><F129/><W5/><G105/><T55/><D75/><U107/><E107/><V93/><F94/><AGARI ba="1,1" hai="8,13,17,40,46,49,60,65,68,76,79,84,88,94" machi="94" ten="30,3900,0" yaku="1,1,7,1,54,1,53,0" doraHai="69" doraHaiUra="124" who="1" fromWho="2" sc="250,0,240,52,250,-42,250,0" /><INIT seed="1,0,0,3,1,125" ten="250,292,208,250" oya="1" hai0="15,24,53,114,120,25,1,56,105,22,36,88,121" hai1="135,35,94,6,132,82,20,54,55,51,100,44,63" hai2="87,119,27,57,130,96,62,99,117,106,12,41,126" hai3="84,42,68,109,48,83,67,45,90,37,107,4,76"/><U113/><E35/><V85/><F106/><W118/><G118/><T34/><D1/><U129/><E113/><V128/><F126/><W32/><G32/><T127/><D36/><U21/><E6/><V110/><F41/><W123/><G123/><N who="0" m="47179" /><D105/><U31/><E82/><V65/><F27/><W26/><G107/><T70/><D70/><U66/><E55/><V30/><F30/><W74/><G109/><T124/><D114/><U17/><E31/><V23/><F110/><W10/><G26/><T91/><D127/><U38/><E38/><V13/><F23/><W39/><G39/><T89/><D124/><U102/><E94/><V101/><F101/><W59/><G59/><T29/><D15/><U52/><E54/><V9/><F9/><W46/><G67/><T97/><D97/><U79/><E79/><V8/><F8/><W33/><G68/><T86/><D25/><U112/><E112/><V95/><F95/><W47/><G33/><T98/><D98/><U7/><E7/><V73/><F73/><W3/><G48/><N who="0" m="30759" /><D34/><U11/><E11/><V93/><F93/><AGARI ba="0,0" hai="3,4,10,37,42,45,46,47,74,76,83,84,90,93" machi="93" ten="30,3900,0" yaku="7,1,25,2" doraHai="125" who="3" fromWho="2" sc="250,0,292,0,208,-39,250,39" /><AGARI ba="0,0" hai="22,24,29,86,88,89,91,93" m="30759,47179" machi="93" ten="30,2000,0" yaku="13,1,54,1" doraHai="125" who="0" fromWho="2" sc="250,20,292,0,169,-20,289,0" /><INIT seed="2,0,0,1,4,72" ten="270,292,149,289" oya="2" hai0="84,89,65,75,104,135,103,37,55,1,33,90,20" hai1="59,80,87,130,128,92,36,66,21,102,114,69,57" hai2="5,86,63,17,79,24,18,105,0,129,94,27,54" hai3="52,111,42,133,35,67,39,48,29,43,53,82,73"/><V46/><F105/><W40/><G133/><T22/><D33/><U115/><E36/><V81/><F0/><W125/><G29/><T15/><D1/><U97/><E69/><V49/><F5/><W60/><G35/><T23/><D37/><U100/><E21/><V71/><F129/><N who="1" m="49769" /><E66/><V108/><F108/><W8/><G8/><T85/><D65/><U10/><E10/><V58/><F71/><N who="3" m="42471" /><G82/><T4/><D75/><U11/><E11/><V110/><F110/><W95/><G95/><T30/><D135/><U112/><E102/><V9/><F94/><W83/><G83/><T99/><D55/><N who="3" m="21065" /><G73/><T132/><D132/><U61/><E61/><V70/><F70/><W14/><G14/><T120/><D120/><U117/><E117/><V25/><REACH who="2" step="1"/><F9/><REACH who="2" ten="270,292,139,289" step="2"/><W12/><G111/><T98/><D104/><U28/><E112/><V64/><AGARI ba="0,1" hai="17,18,24,25,27,46,49,54,58,63,64,79,81,86" machi="64" ten="30,12000,1" yaku="1,1,2,1,0,1,8,1,52,1,53,0" doraHai="72" doraHaiUra="91" who="2" fromWho="2" sc="270,-40,292,-40,139,130,289,-40" /><INIT seed="2,1,0,2,0,11" ten="230,252,269,249" oya="2" hai0="108,95,89,107,126,81,85,102,90,134,21,75,12" hai1="24,22,118,19,116,114,131,4,124,135,98,45,93" hai2="17,26,63,83,8,78,87,86,35,43,62,60,48" hai3="10,109,61,79,94,127,27,73,130,67,54,42,72"/><V2/><F2/><W133/><G109/><T123/><D21/><U69/><E69/><V33/><F33/><W77/><G127/><T101/><D12/><U18/><E114/><V100/><F35/><W55/><G130/><T111/><D123/><U57/><E124/><V121/><F121/><W44/><G133/><T106/><D126/><U13/><E131/><V30/><F30/><W92/><G73/><T88/><D134/><U41/><E135/><V129/><F129/><W53/><G72/><T28/><D28/><U29/><E57/><V52/><F100/><N who="0" m="38506" /><D75/><U47/><E4/><V6/><F6/><W76/><G27/><T91/><D95/><U0/><E0/><V32/><F32/><W25/><G25/><T59/><D59/><U16/><E13/><N who="2" m="7335" /><F26/><W39/><REACH who="3" step="1"/><G10/><REACH who="3" ten="230,252,269,239" step="2"/><T1/><D1/><U15/><E118/><V117/><F117/><W84/><G84/><T96/><D96/><U51/><E116/><V66/><F87/><W58/><AGARI ba="1,1" hai="39,42,44,53,54,55,58,61,67,76,77,79,92,94" machi="58" ten="30,2000,0" yaku="1,1,0,1,53,0" doraHai="11" doraHaiUra="31" who="3" fromWho="3" sc="230,-6,252,-6,269,-11,239,33" /><INIT seed="3,0,0,5,4,29" ten="224,246,258,272" oya="3" hai0="15,124,19,130,77,72,63,46,119,113,100,69,86" hai1="64,1,80,104,78,71,49,76,20,134,61,45,2" hai2="53,67,98,18,127,34,21,114,54,62,85,88,117" hai3="58,73,57,108,23,26,9,97,81,101,128,22,35"/><W10/><G128/><T41/><D119/><U110/><E104/><V109/><F114/><W16/><G81/><T37/><D113/><U95/><E134/><V43/><F117/><W118/><G73/><T59/><D69/><U68/><E110/><V11/><F43/><W125/><G118/><T116/><D116/><U135/><E135/><V7/><F109/><W17/><G108/><T133/><D133/><U48/><E71/><V121/><F98/><W91/><G91/><T44/><D72/><U42/><E95/><V13/><F34/><W83/><G83/><N who="0" m="47471" /><D37/><U131/><E131/><V120/><F127/><W102/><G125/><T66/><D124/><U89/><E89/><V56/><F120/><W8/><G35/><T36/><D36/><U39/><E20/><V60/><F60/><W105/><REACH who="3" step="1"/><G102/><REACH who="3" ten="224,246,258,262" step="2"/><T79/><D130/><U123/><E123/><V74/><F74/><W92/><G92/><T4/><D100/><U106/><E106/><V30/><F121/><W126/><G126/><T90/><D79/><U31/><E78/><V28/><F30/><W99/><G99/><T82/><D41/><U14/><E80/><V40/><F28/><W115/><G115/><T70/><D70/><U25/><E76/><V5/><F40/><W6/><G6/><T32/><D4/><U52/><E39/><V84/><F5/><W87/><G87/><N who="2" m="33353" /><F88/><W33/><G33/><T103/><D103/><U24/><E42/><V112/><F112/><W47/><G47/><T12/><D32/><U129/><E68/><V111/><F111/><W65/><G65/><T132/><D132/><RYUUKYOKU ba="0,1" sc="224,-15,246,-15,258,15,262,15" hai2="7,11,13,18,21,53,54,56,62,67" hai3="8,9,10,16,17,22,23,26,57,58,97,101,105" /><INIT seed="3,1,1,2,4,95" ten="209,231,273,277" oya="3" hai0="74,55,35,86,76,49,114,69,53,101,36,84,27" hai1="9,105,94,106,39,2,61,45,64,7,131,117,58" hai2="112,110,103,102,125,93,52,19,134,31,50,14,8" hai3="80,100,79,44,132,135,5,41,133,130,70,73,1"/><W12/><G12/><T124/><D36/><U0/><E117/><V29/><F112/><W4/><G100/><N who="2" m="38441" /><F110/><W90/><G90/><T71/><D114/><U82/><E131/><V66/><F66/><W28/><G28/><T30/><D124/><U16/><E2/><V104/><F104/><W57/><G57/><T108/><D108/><U77/><E94/><V81/><F134/><W121/><G121/><T78/><D74/><U43/><REACH who="1" step="1"/><E16/><REACH who="1" ten="209,221,273,277" step="2"/><V6/><F125/><W65/><G130/><T83/><D101/><U72/><AGARI ba="1,2" hai="0,7,9,39,43,45,58,61,64,72,77,82,105,106" machi="72" ten="20,12000,2" yaku="1,1,2,1,0,1,7,1,25,2,53,1" doraHai="95" doraHaiUra="62" who="1" fromWho="1" sc="209,-31,221,143,273,-31,277,-61" owari="178,-32.0,364,46.0,242,4.0,216,-18.0" /></mjloggm>