<mjloggm ver="2.3"><GO type="97" lobby="0"/><UN n0="%E7%94%98%E7%B2%95%E3%81%A4%E3%81%B0%E3%82%81" n1="%E5%B0%B1%E6%B4%BB%E7%94%9F%40%E5%B7%9D%E6%9D%91%E8%BB%8D%E5%9B%A3" n2="%E3%81%9F%E3%83%BC%E3%81%8F%E3%82%8B" n3="%E5%88%9D%E5%BF%83%E8%80%85%EF%BC%A3%EF%BC%AF" dan="14,15,13,14" rate="1891.37,1998.46,1867.84,1948.67" sx="F,M,M,M"/><TAIKYOKU oya="0"/><INIT seed="0,0,0,0,5,6" ten="250,250,250,250" oya="0" hai0="38,60,90,75,13,121,0,27,88,35,7,41,92" hai1="102,46,26,36,125,12,40,97,52,86,78,130,77" hai2="76,72,111,105,74,118,16,42,84,115,15,20,66" hai3="104,112,98,61,113,59,117,19,65,87,39,93,82"/><T30/><D121/><U132/><E125/><V114/><F105/><W1/><G117/><T32/><D75/><U100/><E130/><V108/><F84/><W48/><G39/><T107/><D107/><U17/><E132/><V45/><F66/><W106/><G106/><T99/><D0/><U58/><E26/><V68/><F68/><W79/><G104/><T70/><D38/><U56/><E56/><V80/><F74/><W94/><G48/><T47/><D60/><U34/><E34/><V29/><F29/><W131/><G131/><T51/><D70/><U135/><E135/><V37/><REACH who="2" step="1"/><F118/><REACH who="2" ten="250,250,240,250" step="2"/><W25/><G112/><AGARI ba="0,1" hai="15,16,20,37,42,45,72,76,80,108,111,112,114,115" machi="112" ten="40,5200,0" yaku="1,1,2,1,54,1,53,0" doraHai="6" doraHaiUra="5" who="2" fromWho="3" sc="250,0,250,0,240,62,250,-52" /><INIT seed="1,0,0,3,3,13" ten="250,250,302,198" oya="1" hai0="44,60,47,96,53,50,16,88,78,74,94,114,3" hai1="46,106,110,52,67,6,10,54,101,42,38,39,35" hai2="77,73,80,45,118,12,1,36,79,43,93,111,64" hai3="4,121,32,22,57,134,116,117,85,97,66,68,8"/><U14/><E35/><V30/><F118/><W63/><G32/><T129/><D114/><U128/><E128/><V89/><F30/><W87/><G121/><T19/><D3/><U125/><E125/><V58/><F111/><W69/><G134/><T75/><D129/><U9/><E110/><V56/><F1/><W15/><G97/><T18/><D78/><U72/><E72/><V25/><F25/><W92/><G22/><T104/><D104/><U28/><E39/><V108/><F108/><W112/><G112/><T82/><D82/><U2/><E2/><V65/><F77/><W59/><G59/><T40/><REACH who="0" step="1"/><D60/><REACH who="0" ten="240,250,302,198" step="2"/><U131/><E131/><V49/><F79/><W17/><G117/><T105/><D105/><U76/><E76/><V24/><F80/><W41/><G116/><T100/><D100/><U48/><E101/><V133/><F89/><W107/><G107/><T109/><D109/><U135/><E106/><V5/><F93/><W122/><G92/><T102/><D102/><U113/><E113/><V86/><F86/><W91/><G85/><T7/><D7/><U132/><E135/><V29/><F133/><W127/><G91/><T115/><D115/><U62/><E132/><V33/><F73/><W71/><G87/><T98/><D98/><U70/><E28/><V119/><F119/><W99/><G99/><T81/><D81/><U51/><E6/><V61/><F29/><W0/><G0/><T103/><D103/><U124/><E124/><V11/><F61/><W84/><G127/><T27/><D27/><U37/><E62/><V20/><F24/><RYUUKYOKU ba="0,1" sc="240,30,250,-10,302,-10,198,-10" hai0="16,18,19,40,44,47,50,53,74,75,88,94,96" /><INIT seed="2,1,1,5,1,122" ten="270,240,292,188" oya="2" hai0="124,68,64,7,19,126,123,6,132,103,74,49,37" hai1="128,57,92,106,58,80,33,105,53,111,61,87,14" hai2="125,97,8,0,44,114,20,36,76,26,42,95,81" hai3="102,25,96,4,45,107,134,72,29,48,54,131,69"/><V35/><F114/><W110/><G72/><T127/><D132/><U21/><E33/><V13/><F125/><W71/><G134/><T11/><D123/><U133/><E133/><V104/><F104/><W67/><G131/><T121/><D121/><U38/><E128/><V18/><F35/><W24/><G4/><T135/><D37/><U73/><E38/><V130/><F0/><W59/><G59/><T82/><D135/><U3/><E3/><V30/><F130/><W116/><G116/><T9/><D103/><U99/><E73/><V52/><F52/><W2/><G2/><T15/><D49/><U90/><E58/><V101/><REACH who="2" step="1"/><F81/><REACH who="2" ten="270,240,282,188" step="2"/><W84/><G107/><T85/><D82/><U16/><REACH who="1" step="1"/><E111/><REACH who="1" ten="270,230,282,188" step="2"/><V50/><F50/><W100/><G110/><T41/><D124/><U118/><E118/><V55/><F55/><W120/><G54/><T94/><D126/><U78/><AGARI ba="1,3" hai="14,16,21,53,57,61,78,80,87,90,92,99,105,106" machi="78" ten="20,8000,1" yaku="1,1,0,1,7,1,54,1,53,1" doraHai="122" doraHaiUra="79" who="1" fromWho="1" sc="270,-21,230,113,282,-41,188,-21" /><INIT seed="3,0,0,5,4,133" ten="249,343,241,167" oya="3" hai0="87,6,129,46,34,103,130,119,93,65,62,2,7" hai1="24,20,100,70,68,69,124,75,5,31,122,83,86" hai2="127,80,112,134,49,51,53,4,37,105,36,63,0" hai3="106,45,71,16,121,118,128,81,17,58,91,47,114"/><W61/><G71/><T56/><D119/><U27/><E75/><V60/><F134/><W74/><G118/><T52/><D34/><U35/><E122/><V10/><F105/><W116/><G116/><T42/><D65/><U26/><E5/><V135/><F135/><W55/><G114/><T14/><D14/><U21/><E100/><V48/><F112/><W107/><G121/><T123/><D2/><U88/><E124/><V39/><F127/><W12/><G128/><N who="0" m="49259" /><D123/><U117/><E117/><V38/><N who="2" m="9728" /><DORA hai="82" /><V41/><F41/><W109/><G106/><T92/><D92/><U72/><E72/><V94/><F94/><W95/><G107/><T19/><D19/><U78/><E78/><V25/><F25/><W97/><G17/><T1/><D1/><U120/><E120/><V85/><REACH who="2" step="1"/><F53/><REACH who="2" ten="249,343,231,167" step="2"/><W104/><G104/><T9/><D93/><U23/><AGARI ba="0,1" hai="20,21,23,24,26,27,31,35,68,69,70,83,86,88" machi="23" ten="40,5200,0" yaku="0,1,52,1,54,1" doraHai="133,82" who="1" fromWho="1" sc="249,-13,343,62,231,-13,167,-26" owari="236,4.0,405,50.0,218,-18.0,141,-36.0" /></mjloggm>