<mjloggm ver="2.3"><GO type="41" lobby="0"/><UN n0="%E3%82%A6%E3%83%AB%E3%83%88%E3%83%A9%E7%AB%8B%E7%9B%B4" n1="%31%36%31%35%32%36%31%33" n2="%E3%82%A2%E3%82%A4%E3%82%B9%E3%81%A6%E3%81%83%E3%83%BC" n3="%34%38%34%38" dan="15,14,15,15" rate="2017.93,1954.54,1977.78,1998.95" sx="M,M,M,M"/><TAIKYOKU oya="0"/><INIT seed="0,0,0,4,0,57" ten="250,250,250,250" oya="0" hai0="105,102,12,73,133,54,113,42,80,69,86,47,84" hai1="53,61,65,67,6,107,135,132,74,35,95,1,5" hai2="126,62,82,20,46,98,103,122,118,50,96,72,44" hai3="131,101,111,22,85,127,81,36,75,16,79,110,41"/><T52/><D113/><U0/><E107/><V124/><F122/><W8/><G131/><T9/><D133/><N who="1" m="51275" /><E74/><V51/><F20/><W134/><G134/><T91/><D73/><U34/><E95/><V100/><F118/><W17/><G101/><T93/><D69/><U4/><E53/><V77/><F72/><W114/><G114/><T109/><D105/><U115/><E115/><V123/><F123/><W87/><G8/><T48/><D109/><N who="3" m="41481" /><G127/><T112/><D112/><U18/><E18/><N who="3" m="7274" /><G22/><T23/><D23/><U71/><E67/><V2/><F2/><AGARI ba="0,0" hai="0,1,2,4,5,6,34,35,61,65,71" m="51275" machi="2" ten="40,2600,0" yaku="20,1,52,1" doraHai="57" who="1" fromWho="2" sc="250,0,250,26,250,-26,250,0" /><INIT seed="1,0,0,4,0,95" ten="250,276,224,250" oya="1" hai0="113,33,22,26,84,87,127,7,99,83,42,78,89" hai1="55,63,2,116,40,81,97,102,103,32,74,34,122" hai2="27,6,114,124,98,21,90,118,38,77,65,47,130" hai3="104,14,1,100,29,105,24,86,52,82,71,108,79"/><U132/><E116/><V31/><F114/><W17/><G1/><T111/><D33/><U131/><E122/><V23/><F124/><W69/><G108/><T48/><D111/><U85/><E2/><V16/><F130/><W67/><G67/><T35/><D35/><U12/><E74/><V109/><F118/><W59/><G71/><T25/><D127/><U93/><E40/><V106/><F65/><W28/><G69/><T37/><D37/><U43/><E43/><V88/><F109/><W36/><G36/><T92/><D7/><U80/><E131/><V75/><F6/><W41/><G41/><T72/><D113/><U64/><E55/><V121/><F121/><W94/><G105/><T11/><D11/><U49/><E132/><V68/><F68/><W91/><G100/><T128/><D128/><U120/><E49/><V66/><F66/><W46/><G104/><T57/><D25/><U3/><E3/><V135/><F135/><W58/><G46/><T133/><D133/><U107/><E120/><V96/><F47/><W115/><G59/><T8/><D8/><U20/><E81/><V125/><F38/><W117/><G24/><T54/><D42/><U4/><E20/><V18/><F125/><W51/><G117/><T45/><D45/><U123/><E123/><V50/><F50/><W60/><G51/><T76/><D76/><N who="1" m="46215" /><E4/><V62/><F23/><N who="3" m="11703" /><G115/><T44/><D44/><U110/><E12/><V101/><F62/><W56/><G56/><T10/><D10/><U53/><E110/><V61/><F61/><W9/><G9/><T134/><D134/><RYUUKYOKU ba="0,0" sc="250,15,276,-15,224,-15,250,15" hai0="22,26,48,54,57,72,78,83,84,87,89,92,99" hai3="28,29,52,58,60,79,82,86,91,94" /><INIT seed="2,1,0,3,3,25" ten="265,261,209,265" oya="2" hai0="79,31,11,135,49,9,75,126,73,14,78,88,0" hai1="110,114,52,28,82,47,62,123,44,6,119,99,38" hai2="16,84,60,36,37,40,108,23,100,46,116,66,127" hai3="98,90,133,26,54,105,111,51,132,125,104,53,71"/><V48/><F116/><W43/><G71/><T19/><D126/><U45/><E114/><V61/><F127/><W24/><G125/><T107/><D107/><N who="3" m="41033" /><G43/><T91/><D135/><N who="3" m="51785" /><G111/><T96/><D0/><U64/><E119/><V12/><F108/><W69/><G69/><T118/><D118/><U21/><E110/><V70/><F100/><W134/><N who="3" m="51793" /><W10/><DORA hai="92" /><G10/><T58/><D58/><N who="1" m="36951" /><E123/><V112/><F112/><W74/><G74/><T65/><D11/><U39/><E38/><V95/><REACH who="2" step="1"/><F60/><REACH who="2" ten="265,261,199,265" step="2"/><W50/><G50/><T29/><D49/><N who="1" m="28711" /><E39/><V32/><F32/><W2/><G51/><T55/><D75/><U97/><E6/><V93/><F93/><N who="3" m="56631" /><G2/><T1/><D73/><U81/><E45/><V113/><F113/><W109/><G109/><T72/><D72/><U129/><E47/><V94/><F94/><W106/><G106/><T83/><D1/><U63/><E63/><V59/><F59/><W124/><G124/><T18/><D65/><U121/><E121/><V102/><F102/><W130/><G130/><T5/><D5/><U128/><E128/><V34/><F34/><W27/><AGARI ba="1,1" hai="24,26,27,53,54" m="56631,51793,41033" machi="27" ten="50,3200,0" yaku="20,1,52,1" doraHai="25,92" who="3" fromWho="3" sc="265,-9,261,-9,199,-17,265,45" /><INIT seed="3,0,0,1,1,34" ten="256,252,182,310" oya="3" hai0="128,97,73,124,84,46,63,129,60,81,71,90,44" hai1="13,37,38,82,131,40,95,39,86,28,105,3,41" hai2="32,116,120,94,25,72,121,79,1,36,106,68,49" hai3="118,31,92,135,123,78,33,109,117,23,111,99,43"/><W89/><G43/><T85/><D73/><U8/><E105/><V122/><F116/><N who="3" m="44651" /><G33/><T47/><D124/><U65/><E131/><N who="0" m="50249" /><D71/><U87/><E65/><V113/><F113/><W115/><G31/><T59/><D59/><U14/><E28/><V29/><F36/><W80/><G23/><T61/><D97/><U133/><E133/><V119/><F119/><W54/><G54/><T22/><D22/><U6/><E95/><V51/><F68/><W58/><G58/><T2/><D85/><U93/><E93/><V107/><F1/><AGARI ba="0,0" hai="1,2,44,46,47,60,61,63,81,84,90" m="50249" machi="1" ten="40,5200,0" yaku="19,1,52,2" doraHai="34" who="0" fromWho="2" sc="256,52,252,0,182,-52,310,0" /><INIT seed="4,0,0,5,2,114" ten="308,252,130,310" oya="0" hai0="121,129,119,57,16,116,46,103,111,93,81,127,105" hai1="64,97,12,135,110,88,26,124,123,49,24,99,89" hai2="109,96,58,38,44,47,91,122,8,94,22,41,107" hai3="112,0,101,2,18,60,106,61,72,104,95,108,132"/><T11/><D121/><U32/><E123/><V133/><F109/><W37/><G112/><T39/><D105/><U6/><E110/><V29/><F122/><W68/><G108/><T75/><D111/><U134/><E124/><V30/><F133/><N who="1" m="50697" /><E64/><V19/><F107/><W48/><G132/><T74/><D46/><U50/><E32/><V62/><F8/><W90/><G72/><T77/><D39/><U118/><E118/><N who="0" m="45097" /><D57/><U67/><E67/><V100/><F100/><W65/><G37/><T43/><D43/><U5/><E12/><V130/><F47/><W35/><G48/><N who="1" m="18538" /><E26/><V131/><F131/><W42/><G42/><T71/><D71/><U31/><E31/><V87/><F87/><W10/><G35/><T76/><D16/><U4/><E24/><V92/><F92/><W70/><G18/><T102/><D11/><U120/><E120/><V69/><F69/><W53/><G10/><T115/><D115/><U79/><E79/><N who="0" m="30281" /><D129/><U113/><E113/><V36/><F36/><W98/><G70/><T82/><D127/><U9/><E9/><V34/><F34/><W27/><G106/><T25/><D25/><U83/><E83/><N who="0" m="31753" /><D93/><U33/><E33/><V14/><F130/><W1/><G27/><T51/><D51/><U84/><E84/><V86/><F86/><W128/><G128/><T80/><N who="0" m="31761" /><T20/><DORA hai="73" /><D20/><U21/><E21/><V125/><F125/><W13/><G13/><T66/><D66/><AGARI ba="0,0" hai="14,19,22,29,30,38,41,44,58,62,66,91,94,96" machi="66" ten="30,1000,0" yaku="7,1" doraHai="114,73" who="2" fromWho="0" sc="308,-10,252,0,130,10,310,0" /><INIT seed="5,0,0,0,5,16" ten="298,252,140,310" oya="1" hai0="21,81,46,34,113,130,10,88,27,101,77,59,73" hai1="2,111,45,30,121,103,42,96,17,66,116,24,43" hai2="51,57,4,119,49,93,74,110,126,6,72,79,71" hai3="11,120,47,90,104,129,70,68,114,124,112,92,63"/><U1/><E116/><V87/><F110/><W106/><G120/><T82/><D34/><U100/><E121/><V91/><F126/><W56/><G47/><T85/><D113/><U122/><E122/><V39/><F39/><W41/><G41/><T135/><D130/><U26/><E66/><V83/><F71/><W54/><G129/><T128/><D135/><U7/><E111/><V19/><F74/><W107/><G124/><T20/><D128/><U115/><E115/><V98/><F119/><W108/><G108/><T40/><D101/><U62/><E62/><V95/><F51/><W97/><G114/><T133/><D133/><U134/><E134/><V23/><F49/><W78/><G112/><T52/><D27/><U3/><E7/><V36/><F57/><W33/><G33/><T5/><D46/><U99/><E17/><V53/><F53/><W37/><G37/><T44/><D44/><U58/><E58/><V13/><REACH who="2" step="1"/><F36/><REACH who="2" ten="298,252,130,310" step="2"/><W109/><G109/><T28/><D40/><N who="1" m="15403" /><E45/><V89/><AGARI ba="0,1" hai="4,6,13,19,23,72,79,83,87,89,91,93,95,98" machi="89" ten="20,8000,1" yaku="1,1,0,1,7,1,52,1,53,1" doraHai="16" doraHaiUra="18" who="2" fromWho="2" sc="298,-20,252,-40,130,90,310,-20" /><INIT seed="6,0,0,1,0,52" ten="278,212,220,290" oya="2" hai0="61,59,100,110,105,103,47,1,35,79,44,128,10" hai1="49,99,98,12,45,53,31,121,46,112,83,129,72" hai2="131,40,36,107,85,37,3,104,75,84,69,66,22" hai3="58,77,63,109,39,13,48,96,113,70,5,38,60"/><V54/><F75/><W133/><G133/><T127/><D35/><U120/><E121/><V51/><F3/><W65/><G113/><T97/><D110/><U76/><E120/><V115/><F107/><W111/><G77/><T81/><D127/><U92/><E112/><V2/><F2/><W25/><G25/><T123/><D103/><U32/><E129/><V95/><F104/><W93/><G13/><T34/><D34/><U108/><E108/><N who="3" m="41546" /><G93/><T132/><D132/><U116/><E116/><V68/><F115/><W74/><G96/><T30/><D30/><U0/><E0/><V94/><F22/><W16/><G16/><T23/><D23/><U102/><E12/><V117/><F117/><W4/><G4/><T11/><D128/><U27/><REACH who="1" step="1"/><E99/><REACH who="1" ten="278,202,220,290" step="2"/><V87/><F131/><W89/><G74/><T71/><D123/><U90/><E90/><V20/><F95/><W101/><G89/><T125/><D97/><U80/><E80/><V17/><F94/><W7/><G101/><T26/><D100/><U8/><E8/><V15/><F87/><W62/><G5/><T126/><D105/><U9/><E9/><V21/><F85/><W118/><G7/><T91/><D11/><U124/><E124/><V28/><F84/><W78/><G78/><T19/><D10/><U29/><E29/><V14/><F28/><W57/><G118/><T24/><D126/><U119/><E119/><V50/><F17/><W135/><G135/><T106/><D19/><U86/><E86/><V55/><F40/><W88/><G88/><T73/><D91/><U134/><E134/><RYUUKYOKU ba="0,1" sc="278,-15,202,15,220,15,290,-15" hai1="27,31,32,45,46,49,53,72,76,83,92,98,102" hai2="14,15,20,21,36,37,50,51,54,55,66,68,69" /><INIT seed="6,1,1,0,3,52" ten="263,217,235,275" oya="2" hai0="32,86,103,17,113,47,51,106,7,76,117,33,94" hai1="134,101,100,50,111,116,22,25,34,71,26,18,48" hai2="46,129,2,27,12,84,49,128,23,125,91,56,11" hai3="98,43,60,102,58,75,44,122,109,92,30,45,21"/><V1/><F125/><W135/><G122/><T133/><D7/><U107/><E116/><V13/><F13/><W119/><G109/><T104/><D17/><U88/><E111/><V96/><F96/><W68/><G68/><T130/><D33/><U124/><E134/><V78/><F78/><W89/><G75/><T16/><D16/><U108/><E108/><V24/><F24/><N who="3" m="16655" /><G119/><T67/><D32/><U95/><E124/><V132/><F132/><W35/><G35/><T8/><D8/><U3/><E71/><V57/><F2/><W99/><G43/><T93/><D133/><U69/><E69/><V87/><F1/><W29/><G29/><T62/><D117/><U118/><E3/><V73/><F73/><W90/><G135/><T42/><D130/><N who="2" m="50282" /><F87/><W80/><G80/><T0/><D0/><U19/><E118/><V123/><F123/><W79/><G79/><T36/><D86/><N who="1" m="52631" /><E107/><V85/><F85/><W83/><G83/><T37/><D76/><U59/><E34/><V110/><F110/><W6/><G6/><T114/><D106/><U115/><E115/><V14/><F23/><W131/><G131/><T63/><D114/><U15/><E26/><V64/><F27/><W53/><G99/><T31/><D113/><U9/><E48/><V4/><F64/><W120/><G120/><T112/><D67/><U54/><AGARI ba="1,1" hai="9,15,18,19,22,25,50,54,59,100,101" m="52631" machi="54" ten="30,4000,0" yaku="8,1,52,1,54,1" doraHai="52" who="1" fromWho="1" sc="263,-11,217,53,235,-21,275,-11" /><INIT seed="7,0,0,0,3,13" ten="252,270,214,264" oya="3" hai0="131,68,86,87,40,16,115,51,78,107,41,64,14" hai1="71,125,73,69,98,39,103,134,21,108,0,28,42" hai2="97,129,53,8,36,25,46,118,57,116,105,102,23" hai3="26,74,82,35,63,120,61,3,119,114,10,6,58"/><W24/><G119/><T65/><D107/><U38/><E108/><V76/><F129/><W89/><G120/><T11/><D68/><U30/><E0/><V94/><F76/><W79/><G114/><T124/><D131/><U128/><E73/><V95/><F105/><W88/><G35/><T123/><D123/><U90/><E128/><V96/><F8/><W111/><G63/><T20/><D124/><U109/><E109/><V59/><F59/><W126/><G126/><T84/><D115/><U56/><E125/><V99/><F99/><W112/><G112/><T130/><D130/><U101/><E134/><V92/><F92/><W7/><G7/><N who="0" m="3455" /><D78/><U110/><E110/><V52/><F53/><W5/><G5/><T29/><D29/><U22/><E56/><V19/><F46/><W60/><G60/><T121/><D121/><U18/><E42/><N who="0" m="16489" /><D51/><U15/><E90/><V34/><F34/><W67/><G111/><T44/><D44/><U50/><E50/><V127/><F36/><W93/><G89/><T9/><D9/><U133/><E133/><V27/><F127/><W70/><G70/><T45/><D45/><U54/><E54/><V66/><F66/><W1/><G3/><T104/><D104/><U62/><E62/><N who="2" m="36135" /><F27/><AGARI ba="0,0" hai="16,20,27,64,65,84,86,87" m="16489,3455" machi="27" ten="30,3900,0" yaku="8,1,52,1,54,1" doraHai="13" who="0" fromWho="2" sc="252,39,270,0,214,-39,264,0" /><INIT seed="8,0,0,5,0,35" ten="291,270,175,264" oya="0" hai0="21,129,133,84,42,101,71,59,102,94,28,109,107" hai1="117,27,75,112,120,72,110,127,50,63,104,111,14" hai2="41,82,92,9,99,88,38,40,57,85,115,116,1" hai3="0,122,80,5,76,100,114,70,97,12,31,52,58"/><T134/><D71/><U81/><E120/><V54/><F115/><W25/><G70/><T24/><D107/><U15/><E117/><V73/><F73/><W30/><G114/><T48/><D129/><U53/><E112/><V44/><F116/><W108/><G108/><T89/><D109/><U20/><E127/><V66/><F66/><W17/><G122/><T74/><D74/><U90/><E104/><V123/><F123/><W36/><G36/><T18/><D28/><U6/><E111/><V118/><F118/><W65/><G65/><T47/><D59/><U79/><E110/><V95/><F41/><W67/><G67/><T128/><D128/><U131/><E72/><V23/><F23/><W86/><G0/><T13/><D24/><U11/><E131/><V46/><F46/><W62/><G5/><T56/><D56/><U130/><E90/><V4/><REACH who="2" step="1"/><F99/><REACH who="2" ten="291,270,165,264" step="2"/><W2/><G97/><T135/><AGARI ba="0,1" hai="13,18,21,42,47,48,84,89,94,101,102,133,134,135" machi="135" ten="30,3000,0" yaku="0,1,20,1" doraHai="35" who="0" fromWho="0" sc="291,40,270,-10,165,-10,264,-10" owari="331,43.0,260,6.0,155,-34.0,254,-15.0" /></mjloggm>