<mjloggm ver="2.3"><GO type="97" lobby="0"/><UN n0="%6E%61%62%61%74%61%6D%65" n1="%E3%82%A6%E3%83%AB%E3%83%88%E3%83%A9%E7%AB%8B%E7%9B%B4" n2="%E5%8C%97%E9%83%BD%E5%8D%97" n3="%E7%A7%80%E5%96%84" dan="13,15,14,13" rate="1841.78,1987.77,1960.32,1828.09" sx="F,M,F,M"/><TAIKYOKU oya="0"/><INIT seed="0,0,0,5,4,96" ten="250,250,250,250" oya="0" hai0="19,105,71,56,36,34,12,28,47,87,2,65,134" hai1="133,59,113,91,1,46,8,35,22,106,77,24,16" hai2="66,0,50,25,84,95,129,124,42,117,128,14,99" hai3="125,15,135,110,67,72,27,54,20,115,7,49,85"/><T81/><D105/><U79/><E133/><V92/><F0/><W18/><G72/><T118/><D134/><U9/><E106/><V31/><F66/><W121/><G115/><T82/><D118/><U100/><E35/><V68/><F68/><W45/><G121/><T109/><D2/><U102/><E113/><V10/><F117/><W97/><G110/><T90/><D71/><U94/><E59/><V64/><F64/><W108/><G67/><T83/><D109/><U62/><E62/><V119/><F119/><W93/><G125/><T6/><D6/><U21/><E46/><N who="2" m="25943" /><F84/><W132/><G108/><T130/><D130/><N who="2" m="50282" /><F124/><W4/><G135/><T73/><D73/><U76/><E22/><N who="2" m="15799" /><F99/><W52/><G132/><T101/><D65/><U107/><E107/><V57/><F57/><W30/><G85/><T60/><D56/><U86/><E1/><V103/><F103/><AGARI ba="0,0" hai="8,9,16,21,24,76,77,79,86,91,94,100,102,103" machi="103" ten="40,8000,1" yaku="8,1,52,3,54,1" doraHai="96" who="1" fromWho="2" sc="250,0,250,80,250,-80,250,0" /><INIT seed="1,0,0,1,1,99" ten="250,330,170,250" oya="1" hai0="34,95,93,20,83,106,87,0,26,71,32,68,117" hai1="28,21,101,97,45,85,113,1,100,4,66,49,44" hai2="56,115,6,107,30,33,119,80,105,63,94,55,25" hai3="48,126,131,98,29,5,18,58,52,2,8,37,73"/><U76/><E1/><V84/><F119/><W41/><G126/><T7/><D117/><U128/><E4/><V42/><F42/><W64/><G131/><T86/><D106/><U31/><E113/><V59/><F6/><W110/><G110/><T122/><D122/><U65/><E97/><V40/><F40/><W62/><G29/><N who="1" m="11338" /><E21/><V51/><F94/><W9/><G73/><T39/><D39/><U135/><E135/><V116/><F116/><W112/><G112/><T109/><D109/><U129/><E129/><V82/><F82/><W130/><G130/><T12/><D83/><N who="1" m="47335" /><E128/><V92/><F92/><W57/><G98/><T50/><D7/><U23/><E23/><V22/><F33/><W88/><G88/><T47/><D0/><U125/><E125/><V15/><F15/><W77/><G77/><T24/><D12/><U16/><E16/><V123/><F115/><W36/><REACH who="3" step="1"/><G41/><REACH who="3" ten="250,330,170,240" step="2"/><T43/><D43/><N who="1" m="24735" /><E45/><V118/><F118/><W96/><G96/><T75/><D47/><U81/><E81/><V70/><F123/><W53/><G53/><T74/><D75/><U111/><E111/><V108/><F108/><W133/><G133/><T127/><D74/><U124/><E124/><V103/><F103/><AGARI ba="0,1" hai="65,66,100,101,103" m="24735,47335,11338" machi="103" ten="30,11600,0" yaku="8,1,52,3" doraHai="99" who="1" fromWho="2" sc="250,0,330,126,170,-116,240,0" /><INIT seed="1,1,0,3,1,81" ten="250,456,54,240" oya="1" hai0="113,32,134,57,17,110,85,116,100,47,98,121,14" hai1="118,70,105,38,91,46,13,6,80,108,58,0,68" hai2="69,115,76,7,94,117,26,102,96,53,112,34,43" hai3="54,9,72,77,55,25,78,73,37,89,44,83,130"/><U107/><E13/><V22/><F117/><W16/><G130/><T12/><D32/><U61/><E6/><V19/><F69/><W10/><G37/><T82/><D116/><U74/><E46/><V133/><F133/><W132/><G132/><T87/><D121/><U3/><E58/><V129/><F129/><W104/><G89/><T39/><D113/><U8/><E61/><V30/><F7/><W135/><G135/><T33/><D134/><U18/><E18/><V64/><F64/><W97/><G104/><T35/><D110/><U41/><E8/><V109/><F109/><W42/><G97/><T50/><D39/><U48/><E91/><V49/><F43/><W99/><G99/><T65/><D17/><U5/><E5/><V122/><F76/><W29/><G55/><T24/><D24/><U56/><E56/><V106/><F106/><W27/><G54/><T120/><D120/><U1/><E118/><V21/><F122/><W31/><G83/><T79/><D82/><U51/><E48/><V66/><F66/><W95/><G95/><T28/><D98/><U40/><E51/><V127/><F127/><W71/><G71/><N who="1" m="27178" /><E40/><V75/><F75/><W88/><G88/><T59/><D50/><U15/><E41/><V103/><F103/><W36/><G16/><T90/><D100/><U86/><E38/><V20/><F19/><W124/><G42/><T92/><D47/><U125/><E74/><V62/><REACH who="2" step="1"/><F62/><REACH who="2" ten="250,456,44,240" step="2"/><W111/><G124/><T45/><D79/><N who="1" m="46367" /><E125/><V67/><F67/><W126/><G126/><T23/><D65/><U131/><E131/><RYUUKYOKU ba="1,1" sc="250,-10,456,-10,44,30,240,-10" hai2="20,21,22,26,30,34,49,53,94,96,102,112,115" /><INIT seed="2,2,1,3,0,108" ten="240,446,74,230" oya="2" hai0="28,130,92,128,41,123,115,43,127,126,31,53,46" hai1="134,93,70,72,45,121,16,89,8,12,109,95,120" hai2="11,33,32,106,37,60,131,84,119,61,129,14,68" hai3="48,2,107,90,21,85,15,117,77,10,66,99,65"/><V79/><F37/><W9/><G117/><T42/><D123/><N who="1" m="47179" /><E70/><V86/><F106/><W35/><G35/><N who="2" m="13385" /><F119/><W97/><G2/><T105/><D105/><U24/><E72/><V50/><F50/><W71/><G71/><T59/><D46/><U36/><E93/><V17/><F68/><W20/><G107/><T5/><D5/><U91/><E91/><V0/><F0/><W18/><G77/><T75/><D75/><U78/><E78/><V100/><F100/><W83/><G48/><N who="0" m="31143" /><D92/><U82/><E82/><N who="2" m="47199" /><F86/><W22/><G9/><T88/><D88/><U49/><E36/><V30/><F30/><N who="0" m="11306" /><D115/><U44/><E49/><V58/><F58/><W39/><G39/><T52/><D52/><U110/><E110/><V125/><F125/><AGARI ba="2,1" hai="41,42,43,125,126,127,128,130" m="11306,31143" machi="125" ten="40,1300,0" yaku="18,1" doraHai="108" who="0" fromWho="2" sc="240,29,446,0,74,-19,230,0" /><INIT seed="3,0,0,3,0,58" ten="269,446,55,230" oya="3" hai0="114,101,127,26,44,120,67,102,8,19,25,66,84" hai1="62,48,100,86,112,56,103,52,82,29,30,28,10" hai2="53,73,91,71,124,6,35,40,24,107,20,119,17" hai3="51,83,111,104,41,33,34,77,65,36,4,113,109"/><W106/><G113/><T64/><D120/><U81/><E112/><V63/><F73/><N who="3" m="43439" /><G65/><T131/><D114/><U21/><E10/><V54/><F119/><W61/><G61/><T70/><D70/><U122/><E122/><V12/><F40/><W0/><G51/><T46/><D131/><U2/><E2/><V134/><F134/><W87/><G87/><T72/><D72/><U31/><E31/><V9/><F124/><W55/><G55/><T47/><D127/><U50/><E21/><V42/><F42/><W5/><G5/><T7/><D19/><U32/><E32/><N who="3" m="12394" /><G4/><T76/><D76/><N who="1" m="46375" /><E82/><V16/><F35/><W95/><G95/><T135/><D135/><U132/><E132/><V117/><F117/><W75/><G0/><T126/><D126/><U97/><E97/><V90/><F107/><N who="3" m="41003" /><G75/><T27/><D84/><U45/><E50/><V14/><F71/><W49/><G49/><T59/><D59/><U69/><E69/><V99/><F99/><W15/><G15/><AGARI ba="0,0" hai="7,8,15,25,26,27,44,46,47,64,66,67,101,102" machi="15" ten="50,6400,0" yaku="29,2,8,1" doraHai="58" who="0" fromWho="3" sc="269,64,446,0,55,0,230,-64" owari="333,13.0,446,54.0,55,-44.0,166,-23.0" /></mjloggm>