<mjloggm ver="2.3"><GO type="41" lobby="0"/><UN n0="%E5%B0%B1%E6%B4%BB%E7%94%9F%40%E5%B7%9D%E6%9D%91%E8%BB%8D%E5%9B%A3" n1="%E4%B8%96%E7%B4%80%E6%9C%AB%E6%95%91%E4%B8%96%E4%B8%BB%E4%BC%9D%E8%AA%AC" n2="%E5%A4%A9%E7%B4%85" n3="%67%6B%63" dan="15,14,13,14" rate="1960.33,2144.13,1825.39,1901.63" sx="M,M,M,M"/><TAIKYOKU oya="0"/><INIT seed="0,0,0,3,4,130" ten="250,250,250,250" oya="0" hai0="1,119,17,125,105,101,91,54,28,103,4,83,51" hai1="31,79,110,10,3,32,85,76,12,126,63,111,18" hai2="57,39,0,107,115,96,53,88,48,71,26,127,82" hai3="59,37,14,22,86,6,78,94,104,80,108,73,134"/><T114/><D119/><U11/><E85/><V113/><F39/><W112/><G104/><T116/><D114/><U87/><E87/><V7/><F71/><W45/><G112/><T66/><D116/><U77/><E63/><V38/><F38/><W92/><G37/><T52/><D125/><U34/><E126/><V56/><F127/><W69/><G69/><T41/><D28/><U131/><E131/><V44/><F26/><W29/><G45/><T132/><D66/><U67/><E67/><V98/><F0/><W117/><G29/><T133/><D17/><U40/><E40/><V135/><F7/><W20/><G6/><T81/><D4/><U128/><E128/><V24/><F24/><W109/><G94/><T95/><D1/><U9/><E3/><V121/><F121/><W64/><G14/><T74/><D41/><U55/><E55/><V123/><F123/><W13/><G117/><T27/><D27/><U106/><E106/><V42/><F135/><N who="0" m="51786" /><D105/><U65/><E65/><V50/><F107/><W25/><G25/><T124/><D124/><U90/><E90/><V43/><F115/><W15/><G134/><T16/><D16/><U19/><E31/><V100/><F113/><W46/><G15/><T61/><D61/><U35/><E12/><V60/><F100/><N who="0" m="38474" /><D74/><U102/><E102/><V49/><F60/><W33/><G13/><T2/><D2/><U21/><E21/><V129/><F43/><W93/><G73/><T8/><D8/><U118/><E118/><V58/><F129/><W23/><G23/><T122/><D122/><U47/><E10/><RYUUKYOKU ba="0,0" sc="250,0,250,0,250,0,250,0" /><INIT seed="1,1,0,1,5,127" ten="250,250,250,250" oya="1" hai0="97,9,2,59,87,111,48,69,6,63,66,26,81" hai1="109,51,94,56,91,3,133,74,118,131,10,50,16" hai2="128,49,129,35,60,120,73,121,33,34,93,36,5" hai3="65,103,78,130,22,64,28,8,21,124,102,18,108"/><U1/><E74/><V101/><F36/><W110/><G130/><N who="2" m="50281" /><F73/><W67/><G124/><T85/><D111/><N who="3" m="42537" /><G78/><T44/><D69/><U76/><E131/><V83/><F5/><W25/><G8/><T95/><D26/><AGARI ba="1,0" hai="18,21,22,25,26,28,64,65,67,102,103" m="42537" machi="26" ten="30,1000,0" yaku="14,1" doraHai="127" who="3" fromWho="0" sc="250,-13,250,0,250,0,250,13" /><INIT seed="2,0,0,3,5,24" ten="237,250,250,263" oya="2" hai0="64,111,89,78,121,118,124,57,134,110,50,13,28" hai1="120,113,49,128,18,36,112,103,123,86,83,130,135" hai2="76,1,80,132,61,43,12,9,16,74,56,22,70" hai3="79,34,125,51,104,116,39,47,96,32,20,84,52"/><V95/><F132/><W44/><G116/><T115/><D78/><U131/><E36/><V33/><F43/><W15/><G34/><T108/><D118/><U126/><E49/><V7/><F33/><W60/><G39/><T94/><D121/><N who="1" m="46667" /><E135/><V55/><F95/><W81/><G32/><T27/><D115/><N who="1" m="44107" /><E18/><V100/><F100/><W85/><G47/><T87/><D134/><U21/><E21/><V4/><F4/><W25/><G104/><T62/><D124/><U119/><E119/><V11/><F70/><W48/><G125/><T17/><D50/><U67/><E67/><V29/><F29/><W37/><G37/><T26/><REACH who="0" step="1"/><D28/><REACH who="0" ten="227,250,250,263" step="2"/><U92/><E126/><V109/><F109/><W2/><G51/><T0/><D0/><U23/><E23/><AGARI ba="0,1" hai="13,17,23,26,27,57,62,64,87,89,94,108,110,111" machi="23" ten="40,2600,0" yaku="1,1,14,1,53,0" doraHai="24" doraHaiUra="72" who="0" fromWho="1" sc="227,36,250,-26,250,0,263,0" /><INIT seed="3,0,0,4,4,49" ten="263,224,250,263" oya="3" hai0="72,59,75,23,119,53,69,106,109,101,107,46,29" hai1="92,95,42,48,35,25,133,17,104,80,81,62,79" hai2="76,68,27,15,51,97,73,20,45,32,47,8,110" hai3="10,7,50,1,135,43,14,94,128,99,130,103,83"/><W105/><G135/><T55/><D69/><U34/><E104/><V38/><F68/><W56/><G83/><T129/><D119/><U90/><E62/><V96/><F110/><W33/><G33/><T112/><D109/><U126/><E133/><V125/><F32/><W13/><G43/><T12/><D112/><U116/><E48/><V123/><F123/><W114/><G114/><T70/><D70/><U77/><E25/><V100/><F125/><W54/><REACH who="3" step="1"/><G105/><REACH who="3" ten="263,224,250,253" step="2"/><T67/><D107/><U84/><E42/><V115/><F115/><W102/><G102/><T36/><D106/><U30/><E116/><V64/><F100/><W65/><G65/><T52/><D101/><U122/><E122/><V132/><F64/><W89/><G89/><T4/><D75/><U93/><E126/><V22/><F132/><W5/><G5/><T120/><D72/><U6/><E6/><V118/><F118/><W11/><G11/><N who="0" m="4199" /><D120/><U3/><E90/><V82/><F73/><W26/><G26/><N who="0" m="16607" /><D36/><U40/><E40/><V108/><F38/><W57/><G57/><T31/><D129/><AGARI ba="0,1" hai="1,7,10,13,14,50,54,56,94,99,103,128,129,130" machi="129" ten="40,7700,0" yaku="1,1,19,1,52,1,53,0" doraHai="49" doraHaiUra="74" who="3" fromWho="0" sc="263,-77,224,0,250,0,253,87" /><INIT seed="3,1,0,4,5,10" ten="186,224,250,340" oya="3" hai0="129,65,131,89,102,93,95,9,110,28,125,83,23" hai1="74,1,45,92,46,15,55,32,79,18,121,96,4" hai2="5,91,41,126,85,0,61,109,78,7,82,106,68" hai3="87,66,127,19,88,56,115,62,24,98,42,59,49"/><W119/><G127/><T77/><D65/><U27/><E121/><V135/><F126/><W113/><G119/><T69/><D69/><U99/><E79/><V54/><F106/><W117/><G117/><T86/><D28/><U14/><E74/><V13/><F135/><W75/><G75/><N who="0" m="43455" /><D23/><U70/><E70/><V63/><F109/><W44/><G24/><T16/><D110/><U12/><E1/><V90/><F41/><W76/><G59/><T6/><D6/><N who="2" m="2058" /><F0/><W67/><G67/><T114/><D125/><U108/><E32/><V107/><F107/><W20/><G113/><T8/><D8/><N who="1" m="4103" /><E108/><V52/><F68/><W118/><G115/><T84/><D114/><U22/><E99/><V60/><F13/><N who="1" m="4617" /><E55/><AGARI ba="1,0" hai="52,54,55,60,61,63,78,82,85,90,91" m="2058" machi="55" ten="30,2000,0" yaku="8,1,54,1" doraHai="10" who="2" fromWho="1" sc="186,0,224,-23,250,23,340,0" /><INIT seed="4,0,0,2,2,118" ten="186,201,273,340" oya="0" hai0="3,98,57,44,107,82,101,99,23,112,104,53,129" hai1="114,52,67,72,126,84,73,8,54,115,45,78,121" hai2="43,47,68,51,63,109,60,135,34,81,92,36,2" hai3="131,80,6,26,76,119,83,74,103,75,16,17,105"/><T94/><D3/><U55/><E67/><V20/><F34/><W50/><G119/><T14/><D112/><N who="1" m="43051" /><E126/><V127/><F2/><W85/><G131/><T122/><D129/><U96/><E96/><V0/><F0/><W32/><G6/><T110/><D110/><U89/><E45/><V59/><F109/><W41/><G32/><T25/><D122/><U120/><E8/><V12/><F127/><W77/><G105/><T31/><D44/><U113/><E113/><V28/><F135/><W133/><G103/><T71/><D71/><U91/><E78/><V64/><F92/><W70/><G70/><T27/><D27/><U38/><E38/><V13/><F81/><W65/><G26/><T108/><D108/><U49/><E49/><V24/><F36/><W69/><G69/><T134/><D134/><U37/><E37/><V93/><F93/><W33/><G33/><T61/><D99/><U48/><E48/><V88/><F88/><N who="1" m="33865" /><E84/><V42/><F42/><W90/><G65/><AGARI ba="0,0" hai="12,13,20,24,28,43,47,51,59,60,63,64,65,68" machi="65" ten="30,1000,0" yaku="7,1" doraHai="118" who="2" fromWho="3" sc="186,0,201,0,273,10,340,-10" /><INIT seed="5,0,0,5,5,96" ten="186,201,283,330" oya="1" hai0="52,92,44,59,130,68,104,90,115,131,121,45,18" hai1="9,73,82,133,93,30,107,118,42,31,60,39,95" hai2="81,122,20,21,58,102,41,63,4,84,2,69,50" hai3="74,46,32,100,43,111,6,88,123,61,5,66,37"/><U113/><E107/><V35/><F122/><W129/><G74/><T135/><D104/><U89/><E118/><V91/><F35/><W53/><G123/><T101/><D68/><U7/><E133/><V29/><F69/><W10/><G32/><T128/><D121/><U70/><E113/><V120/><F120/><W19/><G111/><T0/><D0/><U1/><E93/><V99/><F2/><W22/><G100/><T12/><D115/><U134/><E134/><V85/><F4/><W15/><G6/><T86/><D135/><U28/><E60/><V80/><F29/><W27/><G53/><T64/><D64/><U62/><BYE who="0" /><E62/><V87/><F41/><W65/><G129/><T56/><D56/><U75/><E70/><V105/><F50/><W38/><G38/><T67/><D67/><U117/><E117/><V36/><F36/><W47/><G47/><T72/><D72/><U79/><E75/><V114/><F114/><W26/><G26/><T103/><D103/><U57/><E57/><V25/><F25/><W14/><G27/><T124/><D124/><U98/><REACH who="1" step="1"/><E31/><REACH who="1" ten="186,191,283,330" step="2"/><UN n0="%E5%B0%B1%E6%B4%BB%E7%94%9F%40%E5%B7%9D%E6%9D%91%E8%BB%8D%E5%9B%A3" /><V116/><F116/><W24/><G61/><N who="0" m="36071" /><D101/><U83/><E83/><V127/><F127/><W11/><G66/><T110/><D110/><U112/><E112/><V16/><F63/><W54/><G65/><T106/><D106/><U76/><E76/><V8/><F58/><W17/><G46/><AGARI ba="0,1" hai="1,7,9,28,30,39,42,46,73,79,82,89,95,98" machi="46" ten="40,7700,0" yaku="1,1,25,2,53,0" doraHai="96" doraHaiUra="119" who="1" fromWho="3" sc="186,0,191,87,283,0,330,-77" /><INIT seed="5,1,0,0,4,11" ten="186,278,283,253" oya="1" hai0="50,97,108,79,70,3,23,68,7,125,84,46,104" hai1="20,32,33,19,30,59,117,86,110,45,13,111,82" hai2="63,49,126,21,81,101,64,53,99,72,78,116,61" hai3="133,95,120,10,62,35,122,54,113,102,2,127,77"/><U4/><E59/><V124/><F116/><W57/><G35/><T66/><D108/><N who="1" m="41515" /><E45/><V12/><F64/><W134/><G127/><N who="2" m="48681" /><F21/><W56/><G113/><T103/><D23/><U88/><E117/><V22/><F22/><W39/><G77/><T123/><D125/><U132/><E132/><N who="3" m="50794" /><G39/><T69/><D123/><U44/><E44/><N who="2" m="27815" /><F12/><W15/><G2/><T100/><D66/><U48/><E48/><V114/><F114/><W58/><G95/><AGARI ba="1,0" hai="61,63,72,78,81,95,99,101" m="27815,48681" machi="95" ten="30,1000,0" yaku="18,1" doraHai="11" who="2" fromWho="3" sc="186,0,278,0,283,13,253,-13" /><INIT seed="6,0,0,0,5,75" ten="186,278,296,240" oya="2" hai0="9,103,120,79,57,86,62,28,24,78,13,115,35" hai1="4,111,106,93,50,117,6,127,66,95,131,128,116" hai2="47,123,97,33,44,100,88,118,0,112,1,22,41" hai3="52,114,113,132,130,37,110,54,102,51,63,90,15"/><V36/><F123/><W2/><G2/><T76/><D120/><U55/><E66/><V124/><F118/><N who="1" m="45673" /><E50/><V73/><F73/><W101/><G110/><T17/><D115/><N who="3" m="44041" /><G132/><T30/><D30/><U49/><E49/><V92/><F112/><W74/><G74/><T16/><D103/><U18/><E18/><V11/><F33/><W43/><G130/><N who="1" m="49706" /><E111/><V133/><F133/><W121/><G121/><T105/><D105/><U119/><N who="1" m="45681" /><U14/><DORA hai="27" /><E14/><V72/><F124/><W80/><G15/><T89/><D17/><U65/><E65/><V58/><F72/><W85/><G37/><T25/><D35/><U53/><E106/><V42/><F58/><N who="3" m="35271" /><G43/><T91/><D28/><U134/><E134/><V59/><F59/><AGARI ba="0,0" hai="51,54,59,80,85,90,101,102" m="35271,44041" machi="59" ten="30,3900,0" yaku="15,1,11,1,54,1" doraHai="75,27" who="3" fromWho="2" sc="186,0,278,0,296,-39,240,39" /><INIT seed="7,0,0,2,1,76" ten="186,278,257,279" oya="3" hai0="114,121,36,37,12,107,77,40,46,16,66,97,118" hai1="96,88,4,49,22,95,109,9,45,75,93,99,87" hai2="81,41,23,115,32,30,59,21,1,68,5,10,58" hai3="3,72,130,126,24,104,51,100,56,15,103,134,67"/><W111/><G3/><T108/><D121/><U38/><E38/><V7/><F68/><W14/><G72/><T55/><D108/><U61/><E75/><V2/><F41/><W91/><G111/><T80/><D118/><U85/><E109/><V35/><F115/><W57/><G91/><T110/><D114/><U79/><E61/><V131/><F131/><W47/><G130/><T127/><D110/><U11/><E22/><V117/><F117/><W119/><G119/><T33/><D33/><U28/><E28/><V86/><F59/><W83/><G24/><T62/><D127/><U101/><E79/><V113/><F113/><W13/><G104/><T105/><D55/><U123/><E123/><V73/><F73/><W70/><G70/><T122/><D37/><U44/><E44/><V31/><F58/><W60/><G57/><T0/><D0/><N who="2" m="106" /><F86/><W34/><G34/><N who="2" m="12841" /><F81/><W78/><G126/><T112/><D112/><U135/><E135/><V29/><F10/><W129/><G134/><T54/><D122/><U50/><E50/><V17/><F23/><W106/><G106/><T52/><D97/><U39/><E39/><V102/><F102/><W132/><G132/><T6/><D6/><U74/><E74/><V82/><F82/><W92/><G92/><T120/><D120/><U84/><E4/><V42/><F42/><AGARI ba="0,0" hai="9,11,42,45,49,84,85,87,88,93,95,96,99,101" machi="42" ten="40,2600,0" yaku="8,1,54,1" doraHai="76" who="1" fromWho="2" sc="186,0,278,26,257,-26,279,0" owari="186,-31.0,304,40.0,231,-17.0,279,8.0" /></mjloggm>