<mjloggm ver="2.3"><GO type="97" lobby="0"/><UN n0="%E3%81%99%E3%81%86%E3%81%83%E3%81%BF%E3%83%BC" n1="%E5%B0%B1%E6%B4%BB%E7%94%9F%40%E5%B7%9D%E6%9D%91%E8%BB%8D%E5%9B%A3" n2="%E6%A0%84%E5%86%A0" n3="%6B%6E%75%64%33%71%32%34" dan="13,14,14,14" rate="1896.72,1961.16,1961.51,1923.84" sx="M,M,M,M"/><TAIKYOKU oya="0"/><INIT seed="0,0,0,4,5,51" ten="250,250,250,250" oya="0" hai0="55,50,45,8,12,103,131,104,27,44,54,22,86" hai1="74,122,34,53,77,59,106,38,87,33,43,7,75" hai2="126,119,37,96,25,82,68,80,91,29,28,135,11" hai3="72,65,24,134,110,76,3,14,95,124,94,90,49"/><T67/><D131/><U97/><E122/><V99/><F37/><W47/><G3/><T128/><D128/><U115/><E115/><V121/><F68/><W35/><G72/><T62/><D104/><U32/><E7/><V84/><F121/><W113/><G76/><T16/><D103/><U13/><E13/><V102/><F126/><W92/><G113/><T9/><D86/><U21/><E21/><V60/><F135/><W40/><G124/><T4/><D45/><U19/><E19/><V127/><F127/><W26/><G134/><T78/><D78/><U71/><E71/><V98/><F119/><W41/><G65/><T112/><D9/><U58/><E58/><V109/><F109/><W118/><G110/><T130/><D112/><U6/><E6/><V42/><F102/><W107/><G107/><T132/><D132/><U2/><E2/><V70/><F25/><W73/><G73/><T108/><D108/><U120/><E120/><V63/><F42/><W88/><G35/><T105/><D105/><U36/><E43/><V46/><F46/><W93/><G118/><T89/><D89/><N who="3" m="34409" /><G41/><N who="0" m="24847" /><D130/><U129/><E129/><V64/><F11/><W56/><G56/><AGARI ba="0,0" hai="4,8,12,16,22,27,54,55,56,62,67" m="24847" machi="56" ten="30,11600,0" yaku="8,1,52,2,54,1" doraHai="51" who="0" fromWho="3" sc="250,116,250,0,250,0,250,-116" /><INIT seed="0,1,0,0,2,123" ten="366,250,250,134" oya="0" hai0="122,132,22,62,117,47,86,75,126,36,78,134,9" hai1="52,45,133,116,99,26,104,29,98,102,106,4,6" hai2="18,46,121,92,84,30,48,87,40,65,128,37,51" hai3="35,19,72,97,114,112,39,55,107,14,13,124,20"/><T130/><D122/><U120/><E116/><V83/><F128/><W15/><G39/><T5/><D117/><U74/><E74/><V67/><F121/><W70/><G72/><T0/><D130/><U50/><E133/><N who="0" m="51305" /><D126/><U131/><E131/><V93/><F30/><W23/><G70/><T127/><D127/><U76/><E76/><V11/><F37/><W85/><G124/><T63/><D86/><U33/><E120/><V103/><F51/><W38/><G35/><T66/><D22/><U60/><E60/><V108/><F87/><W53/><G38/><T90/><D90/><U31/><E31/><V27/><F108/><W111/><G85/><T109/><D109/><U73/><E73/><V43/><F43/><W21/><G111/><T54/><D54/><U56/><REACH who="1" step="1"/><E45/><REACH who="1" ten="366,240,250,134" step="2"/><V61/><F61/><W79/><G79/><T7/><D78/><U49/><E49/><V89/><F48/><W125/><G125/><T3/><D75/><U10/><E10/><V96/><F46/><W94/><G19/><T42/><D63/><U1/><E1/><V17/><F11/><W80/><G107/><T88/><D3/><U16/><E16/><V12/><F18/><W28/><G28/><T44/><D44/><U105/><E105/><V81/><F17/><W34/><G34/><T2/><D2/><U59/><E59/><V57/><F57/><W58/><G58/><N who="0" m="37207" /><D9/><U129/><E129/><V119/><F119/><W115/><REACH who="3" step="1"/><G80/><REACH who="3" ten="366,240,250,124" step="2"/><T101/><D36/><U8/><E8/><V91/><F83/><W100/><AGARI ba="1,2" hai="13,14,15,20,21,23,53,55,94,97,100,112,114,115" machi="100" ten="40,8000,1" yaku="1,1,2,1,0,1,29,2,53,0" doraHai="123" doraHaiUra="118" who="3" fromWho="3" sc="366,-41,240,-21,250,-21,124,103" /><INIT seed="1,0,0,2,5,94" ten="325,219,229,227" oya="1" hai0="6,93,99,56,20,24,79,41,113,127,115,47,83" hai1="33,58,98,100,84,74,109,38,31,126,61,63,128" hai2="12,130,57,53,96,134,50,29,81,8,92,28,117" hai3="13,68,75,54,16,129,40,7,3,55,116,70,77"/><U118/><E38/><V104/><F130/><W42/><G3/><T18/><D6/><U66/><E118/><V90/><F134/><W0/><G116/><T78/><D127/><U122/><E74/><V44/><F117/><W43/><G129/><T71/><D71/><U108/><E122/><V5/><F104/><W111/><G0/><T37/><D56/><U36/><E36/><V135/><F135/><W112/><G7/><T39/><D39/><U133/><E133/><V27/><F27/><W107/><G107/><T80/><D80/><U48/><E126/><V67/><F81/><W95/><G112/><T88/><REACH who="0" step="1"/><D79/><REACH who="0" ten="315,219,229,227" step="2"/><U103/><E128/><V34/><F34/><W131/><G77/><T10/><D10/><U105/><E61/><AGARI ba="0,1" hai="5,8,12,28,29,44,50,53,57,61,67,90,92,96" machi="61" ten="40,2600,0" yaku="8,1,52,1" doraHai="94" who="2" fromWho="1" sc="315,0,219,-26,229,36,227,0" /><INIT seed="2,0,0,2,5,19" ten="315,193,265,227" oya="2" hai0="74,65,94,109,66,9,47,108,115,71,110,41,92" hai1="29,123,68,126,133,102,125,75,128,119,32,44,46" hai2="10,104,38,99,97,80,45,76,120,1,116,70,6" hai3="106,2,114,40,20,42,25,86,3,28,91,78,121"/><V122/><F99/><W56/><G121/><T18/><D74/><U95/><E75/><V85/><F116/><W15/><G106/><T21/><D115/><U30/><E32/><V39/><F70/><W43/><G78/><T34/><D34/><U16/><E68/><V31/><F31/><N who="1" m="11785" /><E119/><V107/><F107/><W87/><G114/><T51/><D9/><U118/><E118/><V72/><F85/><W105/><G105/><T0/><D0/><U27/><E123/><V77/><F77/><W131/><G131/><T93/><D71/><U12/><E27/><AGARI ba="0,0" hai="18,21,27,41,47,51,65,66,92,93,94,108,109,110" machi="27" ten="50,3200,0" yaku="14,1,52,1" doraHai="19" who="0" fromWho="1" sc="315,32,193,-32,265,0,227,0" /><INIT seed="3,0,0,0,1,63" ten="347,161,265,227" oya="3" hai0="125,85,34,131,90,31,58,79,11,61,96,122,115" hai1="6,70,135,36,17,22,28,103,3,95,8,52,30" hai2="35,43,128,9,42,134,83,93,14,81,19,97,18" hai3="26,94,45,75,88,74,38,132,118,127,1,2,108"/><W44/><G118/><T84/><D122/><U76/><E135/><V120/><F128/><W129/><G38/><T49/><D131/><U29/><E36/><V46/><F134/><W89/><G129/><T62/><D125/><U113/><E113/><V64/><F35/><W12/><G132/><T111/><D111/><U55/><E70/><V16/><F120/><W77/><G77/><T13/><D34/><U121/><E121/><V68/><F64/><W110/><G127/><T114/><D31/><U41/><E76/><V25/><F68/><W109/><G26/><T7/><D79/><U23/><E41/><V60/><F60/><W50/><G12/><T5/><D5/><U10/><E103/><V57/><F57/><W47/><G50/><T107/><D49/><U53/><E95/><V80/><F46/><W54/><G54/><N who="0" m="34007" /><D62/><U116/><E116/><V32/><F32/><W21/><G21/><T99/><D107/><U104/><E104/><V71/><F71/><W4/><G4/><T39/><D39/><U119/><E119/><V112/><F112/><N who="0" m="43050" /><D85/><U40/><E40/><N who="2" m="15403" /><F25/><W48/><G48/><T0/><D0/><N who="3" m="105" /><G89/><AGARI ba="0,0" hai="9,14,16,18,19,80,81,83,89,93,97" m="15403" machi="89" ten="30,2000,0" yaku="8,1,54,1" doraHai="63" who="2" fromWho="3" sc="347,0,161,0,265,20,227,-20" owari="347,44.0,161,-34.0,285,9.0,207,-19.0" /></mjloggm>