<mjloggm ver="2.3"><GO type="97" lobby="0"/><UN n0="%E3%81%97%E3%81%8B%E3%81%8F%E3%81%9F%E3%81%AB" n1="%E3%81%97%E3%81%8A%E3%81%BE%E3%81%AD%E3%81%8D" n2="%E3%81%A8%E3%81%93%E3%81%93" n3="%E3%82%A6%E3%83%AB%E3%83%88%E3%83%A9%E7%AB%8B%E7%9B%B4" dan="14,15,14,14" rate="1917.39,1991.88,2003.93,1944.07" sx="M,M,F,M"/><TAIKYOKU oya="0"/><INIT seed="0,0,0,3,0,49" ten="250,250,250,250" oya="0" hai0="5,6,44,64,62,126,121,1,11,73,102,124,54" hai1="90,71,103,95,114,59,115,87,92,13,15,91,133" hai2="48,27,97,96,8,74,86,50,111,109,84,105,24" hai3="127,76,39,135,47,128,134,45,98,29,72,12,61"/><T43/><D6/><U21/><E71/><V58/><F8/><W66/><G76/><T57/><D121/><U65/><E133/><N who="3" m="50698" /><G72/><T79/><D102/><U32/><E32/><V28/><F58/><N who="3" m="37175" /><G29/><T9/><D9/><U20/><E103/><V37/><F37/><W41/><G12/><T0/><D0/><U82/><E59/><V46/><F46/><N who="3" m="23871" /><G98/><T10/><D10/><U94/><E65/><V88/><F74/><W4/><G4/><T106/><D106/><U118/><E118/><V100/><F100/><W119/><G119/><T56/><D56/><U108/><E15/><V123/><F123/><W55/><G128/><T125/><D64/><U67/><E67/><V23/><F28/><W131/><G131/><T18/><D18/><U129/><E129/><V36/><F36/><W17/><G17/><T26/><D26/><U130/><E13/><V19/><F24/><W85/><G85/><T104/><D104/><U101/><E130/><V25/><F25/><W113/><G113/><T22/><D22/><U68/><E115/><V34/><F84/><W120/><G120/><T132/><D132/><U35/><E114/><V42/><F86/><W110/><G110/><T99/><D99/><U53/><E108/><N who="2" m="41547" /><F105/><W16/><G16/><T69/><D69/><U80/><E68/><V112/><F97/><W117/><G117/><T51/><D73/><U14/><E101/><V83/><F112/><W52/><G127/><T31/><D79/><U2/><E87/><N who="2" m="50303" /><F96/><W30/><G30/><AGARI ba="0,0" hai="1,5,11,30,31,43,44,51,54,57,62,124,125,126" machi="30" ten="40,3900,0" yaku="18,1,52,1" doraHai="49" who="0" fromWho="3" sc="250,39,250,0,250,0,250,-39" /><INIT seed="0,1,0,0,3,98" ten="289,250,250,211" oya="0" hai0="95,49,46,90,108,66,105,93,45,32,127,36,81" hai1="60,61,48,128,55,88,8,20,74,114,0,83,42" hai2="106,29,112,119,99,85,122,5,69,71,78,7,87" hai3="125,70,115,25,14,82,33,41,79,26,113,38,47"/><T65/><D105/><U124/><E74/><V4/><F112/><W118/><G118/><T135/><D36/><U92/><E83/><V57/><F122/><W23/><G125/><T104/><D104/><U121/><E42/><V73/><F119/><W30/><G14/><T117/><D117/><U22/><E128/><V16/><F29/><W96/><G70/><T39/><D39/><U28/><E124/><V134/><F134/><W24/><G26/><T52/><D32/><U3/><E8/><V72/><F57/><W27/><G27/><T68/><D127/><U77/><E77/><V111/><F111/><W37/><G37/><T34/><D34/><U91/><E48/><V86/><F78/><W51/><G38/><T56/><D135/><U58/><E58/><V40/><F40/><W103/><G25/><T129/><D129/><U102/><E92/><N who="0" m="35401" /><D68/><U63/><E61/><V123/><F123/><W19/><G33/><T9/><D9/><U131/><E131/><V50/><F69/><W31/><G113/><T75/><D75/><U126/><E126/><V116/><F71/><W12/><G115/><T94/><D81/><U67/><E114/><V1/><F116/><W130/><G130/><T64/><D108/><U59/><E121/><V53/><F72/><W35/><G30/><T17/><D17/><U100/><E28/><V43/><F73/><W80/><REACH who="3" step="1"/><G79/><REACH who="3" ten="289,250,250,201" step="2"/><T15/><D15/><U133/><E133/><V109/><F109/><W76/><G76/><T101/><D90/><U120/><E120/><V44/><F1/><W54/><G54/><T21/><D52/><RYUUKYOKU ba="1,1" sc="289,-10,250,-10,250,-10,201,30" hai3="12,19,23,24,31,35,41,47,51,80,82,96,103" /><INIT seed="1,2,1,1,0,29" ten="279,240,240,231" oya="1" hai0="112,71,12,16,100,26,59,60,123,38,46,79,106" hai1="103,65,52,98,70,39,135,128,73,53,10,61,14" hai2="87,83,124,132,54,93,27,25,56,63,9,32,107" hai3="116,58,108,6,22,81,20,42,48,86,119,72,89"/><U50/><E39/><V7/><F107/><W95/><G108/><T8/><D71/><U36/><E36/><V76/><F132/><W110/><G6/><T105/><D112/><U114/><E73/><V88/><F124/><W102/><G110/><T94/><D79/><U84/><E114/><V28/><F27/><W125/><G125/><T13/><D123/><U74/><E74/><V111/><F111/><W41/><G102/><T85/><D26/><U15/><E135/><V44/><F44/><N who="3" m="25615" /><G58/><T43/><D13/><U109/><E15/><V127/><F127/><W68/><G42/><T92/><D92/><U21/><E21/><V62/><F62/><W117/><G68/><T99/><REACH who="0" step="1"/><D85/><REACH who="0" ten="269,240,240,231" step="2"/><U18/><E109/><V19/><F76/><AGARI ba="2,2" hai="20,22,72,76,81,86,89,95,116,117,119" m="25615" machi="76" ten="30,1000,0" yaku="12,1" doraHai="29" who="3" fromWho="2" sc="269,0,240,0,240,-16,231,36" /><INIT seed="2,0,0,3,2,107" ten="269,240,224,267" oya="2" hai0="100,76,26,112,110,123,50,103,77,127,19,113,124" hai1="64,80,14,97,18,117,54,135,95,9,24,2,13" hai2="116,30,27,56,91,48,39,84,105,61,119,66,32" hai3="133,73,12,44,22,65,34,15,53,58,118,99,70"/><V89/><F105/><W86/><G34/><T88/><D50/><U4/><E135/><V83/><F39/><W132/><G118/><T126/><D26/><U114/><E117/><V87/><REACH who="2" step="1"/><F48/><REACH who="2" ten="269,240,214,267" step="2"/><W25/><G132/><T45/><D123/><U82/><E114/><V68/><F68/><W8/><G70/><T49/><D110/><U10/><E64/><V63/><F63/><W36/><G133/><T59/><D113/><U47/><E2/><V122/><F122/><W120/><G36/><T62/><D112/><U5/><E47/><V17/><F17/><W43/><G44/><T57/><D19/><U29/><E54/><V38/><F38/><W20/><G65/><T37/><D37/><U28/><E18/><V6/><F6/><W85/><G53/><T42/><D49/><U67/><E67/><V21/><F21/><W98/><G58/><T96/><D62/><U128/><E128/><V134/><F134/><W52/><G52/><T92/><D45/><U51/><E51/><V115/><F115/><W11/><G120/><T125/><D125/><U69/><E69/><V35/><F35/><W33/><G33/><T104/><D42/><U46/><E46/><V78/><F78/><N who="0" m="30314" /><D104/><U79/><E79/><V75/><F75/><W1/><G43/><T16/><D16/><U60/><E60/><V121/><F121/><W94/><G73/><T129/><D129/><U109/><E109/><V55/><F55/><W74/><G74/><T102/><AGARI ba="0,1" hai="57,59,88,92,96,100,102,103,124,126,127" m="30314" machi="102" ten="40,2700,0" yaku="18,1,54,1" doraHai="107" who="0" fromWho="0" sc="269,37,240,-7,214,-13,267,-7" /><INIT seed="3,0,0,3,3,69" ten="306,233,201,260" oya="3" hai0="2,5,61,117,27,106,134,92,51,68,91,120,29" hai1="110,32,86,54,53,99,38,121,129,46,94,76,131" hai2="133,82,63,125,77,93,42,66,58,127,57,35,67" hai3="21,40,45,33,122,74,97,84,116,64,112,118,89"/><W37/><G74/><T101/><D2/><U13/><E32/><V107/><F107/><W6/><G33/><T50/><D5/><U132/><E121/><V96/><F35/><W24/><G122/><T108/><D120/><U79/><E13/><V3/><F3/><W78/><G112/><T20/><D117/><U11/><E11/><V43/><F133/><W75/><G64/><N who="2" m="24617" /><F82/><W102/><G6/><T70/><D61/><U59/><E86/><V109/><F77/><W48/><G48/><T124/><D134/><U39/><E132/><V90/><F109/><W16/><G78/><T10/><D10/><U105/><E105/><V119/><F119/><W62/><G62/><T7/><D7/><U130/><E110/><V100/><F100/><W128/><G75/><T103/><D108/><U34/><E34/><V14/><F14/><W19/><G128/><T4/><D4/><U26/><E26/><V12/><F12/><W28/><G116/><T88/><D106/><U22/><E22/><V9/><F9/><W56/><G118/><T18/><D29/><U114/><E114/><V98/><F98/><W81/><G56/><N who="2" m="21609" /><F63/><W71/><G71/><T72/><D72/><U55/><E59/><V8/><F8/><W60/><G60/><T25/><D70/><U23/><E79/><V126/><F96/><W123/><G123/><T135/><D68/><U104/><E104/><AGARI ba="0,0" hai="16,19,21,24,28,37,40,45,81,84,89,97,102,104" machi="104" ten="30,5800,0" yaku="7,1,52,1,54,1" doraHai="69" who="3" fromWho="1" sc="306,0,233,-58,201,0,260,58" owari="306,11.0,175,-32.0,201,-20.0,318,41.0" /></mjloggm>