<mjloggm ver="2.3"><GO type="97" lobby="0"/><UN n0="%EF%BC%A1%EF%BC%AB%EF%BC%B2%33%2E%37" n1="%E8%8C%A8%E3%81%AE%E5%90%9B" n2="%E3%83%92%E3%83%AD%E7%86%8A" n3="%E3%82%A6%E3%83%AB%E3%83%88%E3%83%A9%E7%AB%8B%E7%9B%B4" dan="14,15,13,14" rate="1899.73,2031.27,1900.00,1943.47" sx="M,M,M,M"/><TAIKYOKU oya="0"/><INIT seed="0,0,0,2,3,58" ten="250,250,250,250" oya="0" hai0="86,102,60,123,66,56,71,67,48,51,70,115,93" hai1="57,104,15,38,65,47,82,25,11,35,50,53,76" hai2="62,99,36,41,84,113,78,75,28,119,26,7,61" hai3="2,42,54,27,40,90,111,131,5,19,106,94,18"/><T135/><D123/><U92/><E104/><V37/><F113/><W88/><G106/><T29/><D115/><U134/><E134/><V127/><F127/><W103/><G131/><T24/><D135/><U9/><E92/><V85/><F7/><W44/><G111/><T17/><D17/><U114/><E114/><V55/><F75/><W100/><G5/><T14/><D14/><U126/><E126/><V31/><F78/><W34/><G2/><T74/><D74/><U130/><E130/><V64/><F99/><W133/><G133/><T124/><D124/><U117/><E117/><V107/><F26/><W110/><G110/><T132/><D132/><U73/><E38/><N who="2" m="14955" /><F55/><W72/><G72/><T30/><D56/><U63/><REACH who="1" step="1"/><E15/><REACH who="1" ten="250,240,250,250" step="2"/><V12/><F107/><W97/><G94/><T116/><D116/><U96/><E96/><V81/><F12/><W8/><G97/><T91/><D102/><U80/><E80/><V122/><F81/><W89/><G100/><T125/><D125/><U0/><E0/><V79/><F119/><W68/><G103/><T118/><D118/><U98/><E98/><V112/><F112/><W77/><G27/><T13/><D13/><U10/><E10/><V87/><F122/><W20/><G8/><T109/><D109/><U43/><E43/><V52/><F41/><W23/><G42/><T45/><D30/><AGARI ba="0,1" hai="9,11,25,30,35,47,50,53,57,63,65,73,76,82" machi="30" ten="40,5200,0" yaku="1,1,52,1,53,1" doraHai="58" doraHaiUra="49" who="1" fromWho="0" sc="250,-52,240,62,250,0,250,0" /><INIT seed="1,0,0,4,1,75" ten="198,302,250,250" oya="1" hai0="82,22,93,121,24,28,95,135,85,122,77,84,19" hai1="43,36,98,2,46,38,47,54,111,70,30,104,62" hai2="114,57,1,37,45,8,80,39,65,120,31,96,134" hai3="48,9,116,71,91,94,61,110,73,81,133,99,123"/><U32/><E2/><V108/><F120/><W27/><BYE who="0" /><G123/><T11/><D11/><U112/><E112/><V59/><F108/><W7/><G110/><T64/><D64/><N who="1" m="41239" /><E111/><V58/><F31/><W42/><G133/><T0/><D0/><U89/><E89/><V109/><F109/><W35/><G116/><T125/><D125/><U67/><E98/><V130/><F8/><W124/><G124/><T92/><D92/><U25/><E104/><V72/><F1/><W113/><G113/><T117/><D117/><U66/><E25/><V16/><F114/><W74/><G71/><T52/><D52/><U78/><E78/><V26/><F134/><W10/><G61/><T18/><D18/><U106/><E30/><V34/><F130/><W127/><G127/><T41/><D41/><N who="1" m="22823" /><E106/><V107/><F72/><W115/><G115/><T118/><D118/><U3/><E32/><V5/><F80/><W51/><G10/><T33/><D33/><U53/><E3/><V12/><F5/><W63/><G9/><T49/><D49/><N who="3" m="19017" /><G27/><T86/><D86/><U69/><E69/><V128/><F128/><W131/><G131/><T14/><D14/><U88/><E88/><V90/><F107/><W13/><G35/><T103/><D103/><U83/><E83/><V129/><F129/><W119/><G119/><T79/><D79/><U87/><E87/><V21/><F34/><W76/><G74/><T6/><D6/><U20/><E20/><V60/><F37/><UN n0="%EF%BC%A1%EF%BC%AB%EF%BC%B2%33%2E%37" /><W126/><G7/><T50/><D135/><U105/><E105/><V4/><F4/><W44/><G126/><RYUUKYOKU ba="0,0" sc="198,-10,302,30,250,-10,250,-10" hai1="38,43,47,53,54,66,67" /><INIT seed="1,1,0,3,2,65" ten="188,332,240,240" oya="1" hai0="135,33,119,128,29,34,13,53,11,32,47,43,8" hai1="132,118,85,21,22,17,115,110,20,108,95,52,82" hai2="70,77,38,114,44,81,48,99,63,54,92,71,84" hai3="42,83,109,134,0,98,124,103,127,113,94,73,59"/><U39/><E118/><V87/><F114/><W18/><G0/><T64/><D119/><U12/><E115/><V60/><F60/><W86/><G113/><T5/><D53/><U126/><E39/><V116/><F116/><W41/><G73/><T68/><D135/><U25/><E132/><V62/><F62/><W90/><G134/><T26/><D128/><U9/><E95/><V130/><F130/><W24/><G59/><T4/><D64/><U125/><E52/><V72/><F38/><W30/><G18/><T89/><D89/><U78/><REACH who="1" step="1"/><E25/><REACH who="1" ten="188,322,240,240" step="2"/><V67/><F71/><W31/><G41/><T1/><D43/><U50/><E50/><V129/><REACH who="2" step="1"/><F129/><REACH who="2" ten="188,322,230,240" step="2"/><W58/><G42/><T105/><D68/><U121/><E121/><V15/><F15/><W106/><G24/><T28/><D105/><U104/><E104/><V51/><F51/><W61/><G106/><T75/><D47/><U14/><E14/><V97/><F97/><W10/><G98/><T56/><D56/><U123/><E123/><V102/><AGARI ba="1,2" hai="44,48,54,63,67,70,72,77,81,84,87,92,99,102" machi="102" ten="20,8000,1" yaku="1,1,0,1,7,1,52,1,53,1" doraHai="65" doraHaiUra="46" who="2" fromWho="2" sc="188,-21,322,-41,230,103,240,-21" /><INIT seed="2,0,0,0,0,116" ten="167,281,333,219" oya="2" hai0="45,55,47,95,39,102,27,112,126,130,40,86,60" hai1="43,133,5,13,50,28,25,122,128,35,108,124,80" hai2="20,120,33,63,125,121,15,89,67,98,49,73,17" hai3="72,1,12,32,75,65,96,61,18,127,107,2,54"/><V44/><F33/><W92/><G127/><T76/><D112/><U16/><E124/><V111/><F73/><W85/><G72/><T70/><D126/><U91/><E108/><V41/><F125/><W81/><G75/><T34/><D130/><U56/><E128/><V100/><F89/><W36/><G36/><T24/><D34/><U71/><E71/><V74/><F74/><W59/><G32/><T90/><D102/><U37/><E37/><V77/><F77/><W105/><G107/><T103/><D103/><U78/><E133/><V123/><F111/><W104/><G105/><T118/><D76/><U119/><E119/><V19/><F19/><W53/><G104/><T23/><D118/><U30/><E5/><V64/><REACH who="2" step="1"/><F63/><REACH who="2" ten="167,281,323,219" step="2"/><W52/><G81/><T42/><D60/><U94/><E30/><V22/><F22/><W0/><G85/><T134/><D23/><U29/><E28/><V58/><F58/><W10/><G96/><T21/><D70/><U113/><E56/><V88/><F88/><W87/><G87/><T129/><D21/><U62/><E62/><V51/><F51/><W11/><REACH who="3" step="1"/><G92/><AGARI ba="0,1" hai="15,17,20,41,44,49,64,67,92,98,100,120,121,123" machi="92" ten="40,12000,1" yaku="1,1,52,3,53,0" doraHai="116" doraHaiUra="110" who="2" fromWho="3" sc="167,0,281,0,323,130,219,-120" /><INIT seed="2,1,0,1,2,90" ten="167,281,453,99" oya="2" hai0="111,72,102,44,106,89,85,63,43,112,97,118,18" hai1="88,130,51,26,133,36,47,20,54,33,53,100,1" hai2="35,17,60,40,61,107,59,121,19,48,98,30,64" hai3="4,115,9,6,129,55,12,135,34,16,62,113,49"/><V41/><F121/><W104/><G104/><T50/><D112/><N who="3" m="43081" /><G62/><T8/><D72/><U75/><E33/><V27/><F40/><W37/><G37/><T86/><D86/><U10/><E75/><V128/><F128/><W38/><G38/><T84/><D84/><U78/><E78/><V124/><F124/><W127/><G34/><T29/><D29/><U92/><E130/><V95/><F107/><W66/><G129/><T109/><D118/><U132/><E100/><V117/><F117/><W87/><G66/><T134/><D63/><U116/><E36/><V73/><F73/><W93/><G127/><T65/><D65/><U52/><E116/><V22/><F35/><W58/><G135/><N who="1" m="51786" /><E10/><V57/><F48/><W122/><G122/><T79/><D79/><U39/><E1/><V42/><F41/><W131/><G131/><T82/><D134/><U70/><E70/><V96/><F42/><W77/><G77/><T15/><AGARI ba="1,0" hai="8,15,18,43,44,50,82,85,89,97,102,106,109,111" machi="15" ten="30,1100,0" yaku="0,1" doraHai="90" who="0" fromWho="0" sc="167,14,281,-4,453,-6,99,-4" /><INIT seed="3,0,0,4,5,120" ten="181,277,447,95" oya="3" hai0="119,5,2,81,76,20,16,43,107,15,22,106,98" hai1="122,63,93,18,109,94,80,61,52,11,12,124,49" hai2="50,40,65,132,96,28,133,117,90,0,84,48,79" hai3="121,123,72,118,32,78,116,8,83,31,17,27,10"/><W26/><G83/><T73/><D119/><U129/><E122/><V68/><F0/><W67/><G78/><T82/><D82/><U108/><E124/><V86/><F28/><W89/><G89/><T70/><D70/><U97/><E129/><V128/><F117/><W113/><G67/><T91/><D43/><U105/><E105/><V42/><F128/><W35/><G72/><T126/><D126/><U56/><E80/><V41/><F79/><W55/><G55/><T131/><D131/><U114/><E114/><V102/><F65/><W66/><G66/><T19/><D5/><U101/><E93/><V7/><F7/><W23/><G23/><T110/><D2/><U14/><E14/><V30/><F30/><W75/><G75/><T62/><D110/><AGARI ba="0,0" hai="11,12,18,49,52,56,61,63,94,97,101,108,109,110" machi="110" ten="40,8000,1" yaku="14,1,52,3,54,1" doraHai="120" who="1" fromWho="0" sc="181,-80,277,80,447,0,95,0" owari="101,-30.0,357,16.0,447,54.0,95,-40.0" /></mjloggm>