<mjloggm ver="2.3"><GO type="97" lobby="0"/><UN n0="%74%61%62%69%6B%61%6B%65" n1="%72%61%70%75%6E%7A%65%6C" n2="%E3%82%A6%E3%83%AB%E3%83%88%E3%83%A9%E7%AB%8B%E7%9B%B4" n3="%41%73%61%67%61%6B%69" dan="14,14,13,14" rate="1972.41,1919.89,1858.35,1951.80" sx="M,M,M,M"/><TAIKYOKU oya="0"/><INIT seed="0,0,0,5,5,77" ten="250,250,250,250" oya="0" hai0="96,31,6,133,85,73,33,17,63,23,28,99,88" hai1="42,24,1,92,14,72,93,101,94,19,55,90,70" hai2="100,46,121,98,52,51,120,21,47,109,126,53,68" hai3="118,127,82,132,8,41,0,69,110,112,30,135,37"/><T106/><D73/><U57/><E70/><V58/><F68/><W50/><G30/><N who="0" m="11307" /><D33/><U119/><E119/><V76/><F109/><W74/><G110/><T25/><D106/><U102/><E1/><V104/><F126/><W54/><G127/><T38/><D38/><U44/><E24/><V117/><F117/><W111/><G111/><T26/><D6/><U130/><E130/><V43/><F21/><W122/><G118/><T91/><D133/><N who="3" m="51273" /><G112/><T83/><D63/><U108/><E108/><V15/><F15/><W97/><G122/><T34/><D34/><U61/><E72/><V62/><REACH who="2" step="1"/><F76/><REACH who="2" ten="250,250,240,250" step="2"/><W81/><G69/><T105/><D105/><U20/><REACH who="1" step="1"/><E90/><REACH who="1" ten="250,240,240,250" step="2"/><V9/><F9/><W39/><G8/><T10/><D91/><U65/><E65/><V35/><F35/><W12/><G0/><T60/><D26/><U4/><E4/><V115/><F115/><W128/><G12/><T125/><D125/><U22/><E22/><V103/><F103/><W67/><G67/><T107/><D10/><U11/><E11/><V27/><F27/><W2/><G2/><T48/><D25/><U114/><E114/><V7/><F7/><W80/><G128/><T59/><D88/><U116/><E116/><V32/><F32/><W29/><G29/><T75/><D23/><U71/><E71/><V13/><F13/><W5/><G5/><T49/><D107/><U3/><E3/><V79/><F79/><W86/><G74/><T56/><D75/><U124/><E124/><V95/><F95/><W89/><G89/><T134/><D134/><U129/><E129/><RYUUKYOKU ba="0,2" sc="250,-15,240,15,240,15,250,-15" hai1="14,19,20,42,44,55,57,61,92,93,94,101,102" hai2="43,46,47,51,52,53,58,62,98,100,104,120,121" /><INIT seed="1,1,2,0,4,56" ten="235,255,255,235" oya="1" hai0="86,63,67,92,98,36,1,20,91,53,89,77,18" hai1="124,112,29,102,76,94,131,115,15,24,88,23,132" hai2="70,40,66,126,114,22,123,54,60,96,135,118,49" hai3="58,133,50,0,10,120,28,37,57,119,44,74,19"/><U7/><E115/><V110/><F123/><W108/><G120/><T99/><D36/><U81/><E112/><V62/><F114/><W97/><G108/><T73/><D1/><U68/><E68/><V25/><F118/><W83/><G119/><T39/><D39/><U34/><E132/><V5/><F110/><W93/><G133/><T128/><D73/><U103/><E131/><V13/><F135/><W87/><G74/><T130/><D77/><U4/><E124/><V2/><F2/><W16/><G37/><T122/><D122/><U107/><E107/><V79/><F66/><W85/><G28/><T78/><D78/><U43/><E43/><V32/><F32/><W9/><G0/><T52/><D99/><U17/><E81/><V48/><F70/><W116/><G9/><T26/><D130/><U38/><E38/><V100/><F79/><N who="3" m="46335" /><G87/><T72/><D72/><U41/><E41/><V121/><F121/><W101/><G116/><T8/><D8/><U12/><E76/><V3/><F3/><W111/><G111/><T30/><D30/><U109/><E109/><V95/><F126/><W27/><G27/><T65/><D128/><U117/><E117/><V106/><F106/><W105/><G105/><T104/><D104/><U42/><E42/><V35/><F35/><W45/><G45/><T80/><D67/><U21/><E34/><V55/><F25/><W14/><G19/><T127/><D127/><U75/><E75/><V69/><F69/><AGARI ba="1,2" hai="18,20,26,52,53,63,65,69,80,86,89,91,92,98" machi="69" ten="30,3900,0" yaku="7,1,52,1,54,1" doraHai="56" who="0" fromWho="2" sc="235,62,255,0,255,-42,235,0" /><INIT seed="2,0,0,1,3,107" ten="297,255,213,235" oya="2" hai0="86,1,0,26,102,93,64,116,101,22,100,43,52" hai1="44,40,82,50,2,111,31,118,110,78,96,11,98" hai2="81,38,45,83,58,94,17,8,104,72,133,48,127" hai3="56,112,15,67,61,32,80,121,4,41,117,90,55"/><V10/><F104/><W59/><G117/><T79/><D116/><U63/><E118/><V89/><F127/><W99/><G121/><T46/><D64/><U74/><E31/><V66/><F133/><W114/><G32/><T108/><D108/><N who="1" m="41515" /><E63/><N who="2" m="38263" /><F72/><W125/><G125/><T62/><D62/><U132/><E132/><V35/><F35/><W85/><G41/><T3/><D43/><U42/><E42/><N who="2" m="24631" /><F38/><W24/><G24/><T53/><D46/><U115/><E115/><N who="3" m="44074" /><G99/><T105/><D105/><U12/><E2/><V87/><F10/><N who="3" m="4551" /><G55/><T65/><D65/><U103/><E103/><V36/><F36/><W23/><G23/><T123/><D123/><U60/><E60/><V68/><F68/><AGARI ba="0,0" hai="56,59,61,67,68,80,85,90" m="4551,44074" machi="68" ten="30,1000,0" yaku="11,1" doraHai="107" who="3" fromWho="2" sc="297,0,255,0,213,-10,235,10" /><INIT seed="3,0,0,1,1,20" ten="297,255,203,245" oya="3" hai0="21,64,76,18,39,47,102,96,11,128,100,121,54" hai1="87,122,52,7,50,107,129,27,0,77,5,22,59" hai2="84,70,83,6,41,48,55,97,46,58,88,71,3" hai3="13,78,61,101,38,72,25,103,135,23,66,31,2"/><W15/><G2/><T67/><D121/><U119/><E122/><V68/><F6/><W65/><G38/><T33/><D33/><U116/><E107/><V36/><F3/><W98/><G135/><T91/><D76/><U93/><E129/><V108/><F108/><W120/><G120/><T10/><D128/><U132/><E132/><V126/><F126/><W80/><G66/><N who="0" m="25131" /><D39/><U1/><E1/><V4/><F4/><W8/><G8/><N who="0" m="3115" /><D91/><U81/><E0/><V94/><REACH who="2" step="1"/><F71/><REACH who="2" ten="297,255,193,245" step="2"/><W49/><G49/><N who="0" m="28991" /><D96/><U90/><E7/><V37/><F37/><W16/><G98/><T12/><AGARI ba="0,1" hai="12,18,21,100,102" m="28991,3115,25131" machi="12" ten="30,1100,0" yaku="8,1" doraHai="20" who="0" fromWho="0" sc="297,21,255,-3,193,-3,245,-5" owari="318,42.0,252,5.0,190,-31.0,240,-16.0" /></mjloggm>