<mjloggm ver="2.3"><GO type="97" lobby="0"/><UN n0="%E6%B0%B4%E5%B7%AE%E3%81%97%E5%9B%B2%E3%81%84%E5%8E%A8" n1="%E6%98%9F%E6%B5%81%EF%BC%A0%53%65%69%52%75" n2="%E3%82%BF%E3%83%B3%E3%83%9D%E3%83%9D" n3="%E5%B0%B1%E6%B4%BB%E7%94%9F%40%E5%B7%9D%E6%9D%91%E8%BB%8D%E5%9B%A3" dan="15,15,15,14" rate="2025.75,1986.98,2060.59,1957.78" sx="F,F,M,M"/><TAIKYOKU oya="0"/><INIT seed="0,0,0,4,5,120" ten="250,250,250,250" oya="0" hai0="36,45,11,107,41,12,17,89,88,3,127,79,82" hai1="20,63,34,42,65,104,130,40,93,76,105,109,27" hai2="94,69,103,81,112,118,106,0,85,77,95,47,67" hai3="55,19,115,78,48,35,43,14,5,99,9,98,68"/><T87/><D127/><U31/><E130/><V32/><F0/><W49/><G115/><T59/><D107/><U74/><E93/><V73/><F32/><W15/><G68/><T71/><D71/><U46/><E109/><V91/><F47/><N who="3" m="25727" /><G35/><T18/><D59/><U72/><E20/><V39/><F39/><W116/><G116/><T114/><D114/><U119/><E119/><V113/><F67/><W29/><G29/><T86/><D3/><U1/><E1/><V13/><F69/><W129/><G78/><T10/><D87/><U111/><E111/><V30/><F30/><W66/><G66/><T28/><REACH who="0" step="1"/><D28/><REACH who="0" ten="240,250,250,250" step="2"/><U8/><E104/><V135/><F118/><W84/><G84/><T108/><D108/><U97/><E105/><V122/><F122/><W33/><G129/><T133/><D133/><U2/><E74/><V101/><F135/><W75/><G75/><T64/><D64/><U131/><E72/><V92/><F13/><AGARI ba="0,1" hai="10,11,12,13,17,18,36,41,45,79,82,86,88,89" machi="13" ten="40,7700,0" yaku="1,1,9,1,54,1,53,0" doraHai="120" doraHaiUra="51" who="0" fromWho="2" sc="240,87,250,0,250,-77,250,0" /><INIT seed="0,1,0,0,3,66" ten="327,250,173,250" oya="0" hai0="39,47,60,134,133,88,1,120,72,78,11,12,56" hai1="89,101,44,103,132,99,35,105,87,94,119,18,14" hai2="74,33,76,122,23,126,54,0,97,59,42,28,95" hai3="43,80,73,41,118,93,70,20,85,108,29,124,129"/><T58/><D1/><U51/><E132/><N who="0" m="50793" /><D120/><U10/><E101/><V2/><F33/><W57/><G118/><T109/><D109/><U86/><E35/><V92/><F122/><W104/><G104/><T128/><D128/><U135/><E135/><V117/><F117/><W83/><G124/><T113/><D113/><U17/><E119/><V15/><F126/><W25/><G108/><T50/><D39/><U38/><E38/><V68/><F42/><W13/><G129/><T40/><D60/><U46/><E46/><V69/><F76/><W131/><G131/><T98/><D78/><U106/><E105/><V49/><F74/><W71/><G73/><T127/><D72/><U67/><E67/><V79/><F79/><W52/><G93/><N who="0" m="56615" /><D127/><U82/><E18/><AGARI ba="1,0" hai="11,12,18,40,47,50,56,58" m="56615,50793" machi="18" ten="30,2900,0" yaku="20,1,54,1" doraHai="66" who="0" fromWho="1" sc="327,32,250,-32,173,0,250,0" /><INIT seed="0,2,0,3,3,12" ten="359,218,173,250" oya="0" hai0="41,73,57,93,27,70,126,104,72,20,64,2,67" hai1="21,77,6,48,5,59,16,100,75,96,86,122,49" hai2="42,97,58,19,68,38,110,34,39,84,102,28,120" hai3="23,83,95,107,50,43,127,91,33,92,47,54,22"/><T128/><D126/><U7/><E75/><V61/><F110/><W36/><G107/><T14/><D2/><U85/><E122/><V134/><F120/><W35/><G127/><T103/><D70/><U3/><E3/><V87/><F134/><W130/><G130/><T29/><D104/><U10/><E10/><V45/><F68/><W98/><G23/><T55/><D128/><U90/><E77/><V56/><F38/><W109/><G109/><T101/><D41/><U123/><E123/><V53/><F19/><W32/><G83/><T30/><D72/><U37/><E37/><V81/><F58/><W52/><G95/><T108/><D73/><U94/><E59/><V9/><F9/><W51/><G22/><T113/><D113/><U24/><REACH who="1" step="1"/><E85/><REACH who="1" ten="359,208,173,250" step="2"/><V111/><F111/><W17/><G36/><T80/><D108/><U18/><E18/><V125/><F125/><W89/><G17/><T40/><D30/><U132/><E132/><V121/><F121/><W44/><REACH who="3" step="1"/><G43/><REACH who="3" ten="359,208,173,240" step="2"/><T11/><D40/><U135/><E135/><V65/><F28/><W124/><G124/><T118/><D29/><U76/><E76/><V1/><F42/><W112/><G112/><T8/><D27/><U60/><E60/><V31/><F39/><W71/><G71/><T78/><D78/><U117/><E117/><V105/><F31/><W46/><G46/><T69/><D118/><U88/><E88/><AGARI ba="2,2" hai="32,33,35,44,47,50,51,52,54,88,89,91,92,98" machi="88" ten="40,8000,1" yaku="1,1,9,1,54,2,53,0" doraHai="12" doraHaiUra="116" who="3" fromWho="1" sc="359,0,208,-86,173,0,240,106" /><INIT seed="1,0,0,3,2,124" ten="359,122,173,346" oya="1" hai0="113,10,31,37,85,72,11,52,134,26,20,89,6" hai1="25,76,7,101,102,104,34,13,97,48,127,63,18" hai2="84,16,39,82,0,83,132,114,94,27,35,107,77" hai3="98,33,95,116,40,64,50,93,73,86,17,22,70"/><U80/><E127/><V3/><F107/><W53/><G73/><T129/><D134/><U66/><E101/><V87/><F132/><W1/><G33/><T2/><D113/><U55/><E7/><V103/><F114/><W131/><G1/><T100/><D72/><U9/><E48/><V36/><F35/><W108/><G116/><T128/><D37/><U122/><E55/><V69/><F69/><W46/><G108/><T119/><D100/><U29/><E122/><V125/><F125/><W81/><G70/><T30/><D119/><U8/><E8/><V123/><F123/><W112/><G64/><T61/><D10/><U133/><E133/><V47/><F103/><W120/><G112/><T90/><D31/><U109/><E109/><V71/><F94/><W106/><G106/><T91/><REACH who="0" step="1"/><D85/><REACH who="0" ten="349,122,173,346" step="2"/><U4/><E4/><V111/><F111/><W92/><G120/><T110/><D110/><U44/><E44/><V54/><F39/><W32/><G32/><T105/><D105/><U24/><E24/><V42/><F36/><W99/><G99/><T15/><D15/><U65/><REACH who="1" step="1"/><E63/><REACH who="1" ten="349,112,173,346" step="2"/><V57/><F3/><W58/><G98/><T126/><D126/><U38/><E38/><V74/><F0/><W49/><G86/><AGARI ba="0,2" hai="9,13,18,25,29,34,65,66,76,80,86,97,102,104" machi="86" ten="30,2900,0" yaku="1,1,7,1,53,0" doraHai="124" doraHaiUra="118" who="1" fromWho="3" sc="349,0,112,49,173,0,346,-29" /><INIT seed="1,1,0,1,2,134" ten="349,161,173,317" oya="1" hai0="19,22,102,65,82,16,0,110,63,42,98,51,112" hai1="24,20,73,48,129,27,78,47,108,46,68,26,69" hai2="2,55,99,87,52,133,31,38,107,123,36,45,9" hai3="66,128,89,57,75,121,39,83,53,88,29,85,41"/><U18/><E129/><V103/><F133/><W17/><G121/><T72/><D110/><U131/><E131/><V117/><F123/><W96/><G128/><T3/><D112/><U54/><E108/><V56/><F117/><W126/><G126/><T92/><D19/><U7/><E7/><V90/><F31/><W50/><G75/><T6/><D6/><U33/><E78/><V28/><F28/><W122/><G122/><T5/><D5/><U15/><E73/><V113/><F113/><W104/><G29/><T79/><D51/><U11/><E33/><V132/><F132/><W119/><G119/><T130/><D42/><U100/><E100/><V95/><F2/><W14/><G66/><T106/><D130/><U61/><E11/><V86/><F9/><W62/><G39/><T25/><D106/><U35/><E35/><V94/><F45/><N who="3" m="25903" /><G104/><T76/><REACH who="0" step="1"/><D76/><REACH who="0" ten="339,161,173,317" step="2"/><U125/><E125/><V23/><F23/><N who="3" m="11703" /><G96/><T12/><D12/><U93/><E46/><V58/><F107/><W40/><G40/><T32/><D32/><U71/><REACH who="1" step="1"/><E93/><REACH who="1" ten="339,151,173,317" step="2"/><V64/><F95/><W77/><AGARI ba="1,2" hai="53,57,62,77,83,85,88,89" m="11703,25903" machi="77" ten="30,2000,0" yaku="8,1,54,1" doraHai="134" who="3" fromWho="3" sc="339,-6,151,-11,173,-6,317,43" /><INIT seed="2,0,0,0,3,118" ten="333,140,167,360" oya="2" hai0="72,28,55,7,85,97,0,35,77,116,54,135,111" hai1="46,34,21,131,86,121,115,9,2,125,82,134,88" hai2="71,47,103,114,4,40,117,127,81,123,58,38,37" hai3="3,94,14,95,44,70,98,45,73,50,133,105,106"/><V119/><F114/><W91/><G3/><T32/><D111/><U108/><E115/><V22/><F103/><W30/><G70/><T74/><D116/><N who="2" m="44618" /><F81/><W5/><G73/><T126/><D85/><U29/><E34/><V26/><F4/><W64/><G133/><T33/><D28/><U101/><E108/><V12/><F12/><W109/><G64/><T27/><D135/><U13/><E134/><V24/><F22/><W68/><G68/><T129/><D27/><N who="1" m="16623" /><E2/><V66/><F26/><W90/><G109/><T83/><D97/><U128/><E125/><V59/><F24/><W49/><G30/><T1/><D126/><U57/><E101/><V56/><F127/><W79/><G79/><T16/><D7/><N who="1" m="3263" /><E57/><N who="2" m="14595" /><V18/><DORA hai="112" /><F18/><W120/><G5/><T93/><D16/><U15/><E15/><V107/><F107/><W113/><G14/><T63/><D83/><U53/><E121/><V11/><F11/><W8/><G113/><T132/><D132/><U43/><E43/><V52/><F52/><W39/><G8/><T61/><D35/><U67/><E67/><V51/><F123/><W62/><G105/><T36/><D77/><U89/><E89/><V41/><F41/><W102/><G106/><T60/><D33/><U110/><E110/><V69/><F69/><W25/><G91/><T100/><D32/><U19/><E19/><V6/><F6/><W23/><G90/><T92/><D100/><U84/><E84/><V78/><F78/><W130/><G102/><T104/><D104/><U80/><E80/><V48/><F48/><W96/><G49/><RYUUKYOKU ba="0,0" sc="333,-15,140,15,167,15,360,-15" hai1="46,53,82,86,88,128,131" hai2="37,38,40,47,51,66,71" /><INIT seed="2,1,0,3,3,50" ten="318,155,182,345" oya="2" hai0="85,61,134,72,91,32,59,28,31,93,54,83,1" hai1="119,9,41,75,38,76,116,89,29,34,56,47,64" hai2="118,112,2,19,128,104,40,57,33,96,22,53,0" hai3="97,105,10,35,62,69,25,98,58,124,82,23,84"/><V63/><F118/><W110/><G69/><T80/><D134/><U92/><E9/><V99/><F112/><W88/><G35/><T120/><D120/><U100/><E100/><V71/><F33/><W51/><G124/><T13/><D1/><U70/><E70/><V133/><F128/><W125/><G105/><T6/><D72/><U18/><E18/><V3/><F133/><W30/><G110/><T37/><D37/><U127/><E127/><V86/><F104/><W21/><G125/><T81/><D32/><U16/><E16/><V109/><F109/><W44/><G21/><T46/><D46/><U113/><E113/><V45/><F86/><W14/><G58/><T87/><D85/><U42/><E42/><V7/><F7/><W126/><G62/><T114/><D114/><U130/><E130/><V131/><F71/><W67/><G67/><T79/><D79/><U55/><E64/><V68/><F68/><W73/><G73/><T129/><D129/><U103/><E103/><V106/><F106/><W52/><G126/><T12/><D6/><AGARI ba="1,0" hai="6,10,14,23,25,30,44,51,52,82,84,88,97,98" machi="6" ten="30,8000,1" yaku="7,1,8,1,52,1,54,2" doraHai="50" who="3" fromWho="0" sc="318,-83,155,0,182,0,345,83" /><INIT seed="3,0,0,3,4,83" ten="235,155,182,428" oya="3" hai0="95,133,113,54,44,102,129,103,53,66,8,108,112" hai1="121,92,72,65,84,4,6,130,89,60,25,38,101" hai2="82,21,12,43,73,71,67,35,118,9,135,40,125" hai3="55,20,94,117,49,50,1,99,58,28,75,81,41"/><W17/><G1/><T63/><D129/><U32/><E121/><V19/><F35/><W39/><G117/><T96/><D133/><U115/><E115/><N who="0" m="44105" /><D108/><U80/><E38/><V100/><F118/><W86/><G75/><T120/><D120/><U111/><E111/><V127/><F135/><W126/><G126/><N who="2" m="48137" /><F100/><N who="3" m="60535" /><G39/><T31/><D31/><U109/><E109/><V45/><F71/><W85/><G28/><T134/><D134/><U79/><E130/><V52/><F67/><W77/><G85/><T78/><D78/><U18/><E101/><V42/><F73/><W105/><G105/><T70/><D102/><U116/><E116/><V97/><F97/><W46/><G20/><T90/><D103/><U131/><E131/><V91/><F21/><W10/><G17/><T23/><D23/><U22/><REACH who="1" step="1"/><E32/><REACH who="1" ten="235,145,182,428" step="2"/><V7/><F7/><W68/><G68/><AGARI ba="0,1" hai="4,6,18,22,25,60,65,68,72,79,80,84,89,92" machi="68" ten="30,8000,1" yaku="1,1,2,1,7,1,52,1,53,1" doraHai="83" doraHaiUra="88" who="1" fromWho="3" sc="235,0,145,90,182,0,428,-80" owari="235,4.0,235,-16.0,182,-32.0,348,44.0" /></mjloggm>