<mjloggm ver="2.3"><GO type="97" lobby="0"/><UN n0="%75%6F%6B%6B%61%34%39%34" n1="%E9%BA%A6%E9%87%8E%E6%B2%88%E5%88%A9" n2="%E3%81%BE%E3%81%99%E3%81%AE%E3%81%99%E3%81%97" n3="%E3%82%A6%E3%83%AB%E3%83%88%E3%83%A9%E7%AB%8B%E7%9B%B4" dan="15,14,15,14" rate="2003.21,1958.46,2006.77,1943.24" sx="M,F,M,M"/><TAIKYOKU oya="0"/><INIT seed="0,0,0,5,3,86" ten="250,250,250,250" oya="0" hai0="26,46,34,92,55,67,73,120,87,75,113,94,82" hai1="40,108,133,127,76,96,18,115,125,124,134,29,43" hai2="119,91,15,52,44,123,33,117,28,70,16,4,84" hai3="132,58,11,13,99,130,38,95,97,101,10,126,20"/><T78/><D120/><U103/><E108/><V32/><F123/><W65/><G38/><T83/><D113/><U17/><E115/><V54/><F70/><W25/><G126/><T100/><D67/><U88/><E76/><V72/><F72/><W50/><G132/><N who="1" m="50794" /><E29/><V21/><F4/><W62/><G130/><T14/><D34/><N who="2" m="13418" /><F44/><W59/><G13/><T111/><D111/><U2/><E2/><V131/><F28/><W35/><G35/><T24/><D14/><U47/><E103/><V6/><F6/><W7/><G7/><T85/><D78/><U93/><E43/><V22/><F22/><W114/><G114/><T56/><D46/><U30/><E30/><V1/><F1/><W9/><G99/><T81/><D81/><U69/><E69/><V3/><F3/><W102/><G102/><T116/><D100/><U31/><E31/><V51/><F51/><AGARI ba="0,0" hai="17,18,40,47,51,88,93,96,124,125,127" m="50794" machi="51" ten="40,8000,1" yaku="18,1,20,1,52,1,54,1" doraHai="86" who="1" fromWho="2" sc="250,0,250,80,250,-80,250,0" /><INIT seed="1,0,0,5,0,110" ten="250,330,170,250" oya="1" hai0="0,6,4,80,75,17,101,25,67,28,1,69,59" hai1="30,10,56,21,42,35,61,23,126,22,33,90,50" hai2="5,27,93,100,85,74,39,81,122,87,36,88,8" hai3="53,121,132,95,98,86,112,76,118,94,3,18,49"/><U31/><E126/><V38/><F122/><W119/><G3/><T116/><D69/><U71/><E10/><V26/><F74/><W12/><G121/><T135/><D101/><U40/><E71/><V34/><F34/><W130/><G130/><T82/><D67/><N who="1" m="39335" /><E35/><V107/><F107/><W62/><G132/><T19/><D59/><U108/><E33/><V48/><F48/><W2/><G2/><T44/><D44/><N who="1" m="25863" /><E42/><V29/><F29/><W79/><G62/><T89/><D28/><U52/><E108/><V73/><F73/><W109/><G109/><T128/><D75/><U115/><E115/><V113/><F113/><W55/><G112/><T70/><D70/><U46/><E90/><V24/><F100/><W106/><G106/><T57/><D57/><U103/><E103/><V13/><REACH who="2" step="1"/><F81/><REACH who="2" ten="250,330,160,250" step="2"/><W96/><G49/><AGARI ba="0,1" hai="21,22,23,30,31,46,49,52" m="25863,39335" machi="49" ten="30,2900,0" yaku="8,1,54,1" doraHai="110" who="1" fromWho="3" sc="250,0,330,39,160,0,250,-29" /><INIT seed="1,1,0,3,0,60" ten="250,369,160,221" oya="1" hai0="4,55,51,42,39,115,78,12,106,102,69,1,100" hai1="95,54,77,35,118,132,26,46,31,11,110,80,56" hai2="83,107,64,116,16,41,96,20,32,67,19,123,38" hai3="111,75,27,59,66,37,101,21,82,97,125,7,5"/><U94/><E118/><V61/><F123/><W0/><G37/><T134/><D115/><U48/><E132/><V34/><F116/><W120/><G120/><T74/><D69/><U29/><E110/><V18/><F20/><W131/><G111/><T33/><D33/><U85/><E31/><V92/><F107/><W127/><G131/><T30/><D134/><U117/><E117/><V105/><F105/><W43/><G43/><T70/><D30/><U6/><REACH who="1" step="1"/><E46/><REACH who="1" ten="250,359,160,221" step="2"/><V49/><F34/><W45/><G45/><T47/><D47/><U36/><E36/><V91/><F32/><W14/><G127/><T88/><D39/><U79/><E79/><V90/><F38/><W93/><G125/><T89/><D78/><U99/><E99/><V113/><F113/><W15/><G0/><AGARI ba="1,1" hai="0,6,11,26,29,35,48,54,56,77,80,85,94,95" machi="0" ten="30,2900,0" yaku="1,1,7,1,53,0" doraHai="60" doraHaiUra="8" who="1" fromWho="3" sc="250,0,359,42,160,0,221,-32" /><INIT seed="1,2,0,3,1,109" ten="250,401,160,189" oya="1" hai0="131,106,52,28,2,111,73,23,9,49,10,24,88" hai1="13,36,130,107,70,35,55,75,122,5,47,1,22" hai2="71,0,72,114,119,108,54,46,92,30,94,58,84" hai3="118,56,26,91,134,67,78,32,90,129,60,128,6"/><U34/><E122/><V3/><F119/><W31/><G118/><T104/><D73/><U11/><E107/><V42/><F72/><W15/><G134/><T57/><D111/><U48/><E75/><V33/><F71/><W8/><REACH who="3" step="1"/><G78/><REACH who="3" ten="250,401,160,179" step="2"/><T64/><D131/><AGARI ba="2,1" hai="6,8,15,26,31,32,56,60,67,90,91,128,129,131" machi="131" ten="40,5200,0" yaku="1,1,2,1,19,1,53,0" doraHai="109" doraHaiUra="121" who="3" fromWho="0" sc="250,-58,401,0,160,0,179,68" /><INIT seed="2,0,0,1,4,37" ten="192,401,160,247" oya="2" hai0="13,112,24,7,55,44,49,113,121,88,42,3,46" hai1="1,10,125,11,80,127,41,110,30,22,39,58,4" hai2="43,99,35,93,67,19,69,123,33,12,103,84,5" hai3="83,0,63,65,124,70,105,20,73,52,87,28,36"/><V34/><F123/><W54/><G105/><T108/><D121/><U95/><E11/><V26/><F5/><W56/><G124/><N who="1" m="47690" /><E110/><V135/><F135/><W92/><G0/><T6/><D3/><U23/><E30/><V72/><F72/><W76/><G36/><T116/><D116/><U38/><E80/><V119/><F119/><W51/><G54/><T89/><D108/><U91/><E58/><V18/><F43/><W109/><G109/><T85/><D24/><U78/><E78/><V45/><F45/><W21/><G28/><T77/><D77/><U60/><E60/><V59/><F69/><W79/><G76/><T50/><D89/><U82/><E82/><V126/><F126/><W32/><G32/><T62/><D62/><U17/><E41/><V90/><F67/><W104/><G104/><T97/><D97/><N who="1" m="57599" /><E23/><V25/><F59/><W132/><G132/><T64/><D64/><U74/><E74/><V15/><F15/><AGARI ba="0,0" hai="1,4,10,15,17,22,38,39" m="57599,47690" machi="15" ten="30,1000,0" yaku="18,1" doraHai="37" who="1" fromWho="2" sc="192,0,401,10,160,-10,247,0" /><INIT seed="3,0,0,4,0,24" ten="192,411,150,247" oya="3" hai0="94,55,75,127,98,86,89,5,119,28,60,27,29" hai1="120,115,41,56,106,104,78,102,14,118,77,82,83" hai2="132,70,21,126,69,46,112,122,88,36,113,32,25" hai3="108,40,4,17,111,130,35,121,18,7,52,66,61"/><W97/><G35/><T85/><D119/><U96/><E120/><V37/><F32/><W23/><G40/><T133/><D75/><U50/><E115/><V12/><F12/><W57/><G121/><T8/><D127/><U59/><E106/><V9/><F9/><W58/><G130/><T123/><D123/><U87/><E118/><V2/><F2/><W38/><G38/><T103/><D133/><U22/><E41/><V16/><F122/><W135/><G135/><T80/><D85/><U1/><E1/><V129/><F132/><W34/><G34/><T6/><D27/><U99/><E99/><V105/><F105/><W110/><G97/><T65/><D55/><U49/><E56/><V3/><F3/><W93/><G93/><T76/><D103/><U84/><E59/><V64/><F126/><W67/><G67/><T51/><D51/><U45/><E45/><V114/><F129/><W90/><G90/><T74/><D74/><U19/><AGARI ba="0,0" hai="14,19,22,49,50,77,78,82,83,84,87,96,102,104" machi="19" ten="30,2000,0" yaku="0,1,9,1" doraHai="24" who="1" fromWho="1" sc="192,-5,411,20,150,-5,247,-10" owari="187,-21.0,431,52.0,145,-35.0,237,4.0" /></mjloggm>