<mjloggm ver="2.3"><GO type="97" lobby="0"/><UN n0="%74%65%6E%67%6F%6B%75" n1="%6B%6F%2D%73%68%69%72%6F" n2="%E5%A4%A7%E6%8E%88" n3="%E3%82%A6%E3%83%AB%E3%83%88%E3%83%A9%E7%AB%8B%E7%9B%B4" dan="15,14,13,13" rate="1996.62,1950.58,1846.67,1898.99" sx="M,M,M,M"/><TAIKYOKU oya="0"/><INIT seed="0,0,0,0,5,6" ten="250,250,250,250" oya="0" hai0="44,93,60,106,95,29,79,82,99,86,24,4,73" hai1="9,124,91,37,36,132,72,46,115,112,87,74,96" hai2="52,56,120,11,5,8,66,105,27,77,84,118,12" hai3="111,20,133,71,81,63,116,7,59,42,126,97,38"/><T57/><D44/><U64/><E132/><V31/><F120/><W18/><G116/><T16/><D4/><U67/><E124/><V114/><F118/><W76/><G133/><T75/><D106/><U122/><E122/><V25/><F114/><W94/><G126/><T39/><D39/><U40/><E37/><V100/><F105/><W34/><G34/><T102/><D93/><U61/><E96/><V121/><F121/><W58/><G111/><T10/><D29/><U78/><E9/><N who="2" m="4143" /><F100/><W23/><G7/><T68/><D68/><U130/><E130/><V109/><F109/><W22/><G42/><T80/><D80/><U123/><E123/><V49/><F66/><W98/><G38/><T135/><D135/><U2/><E2/><V43/><F43/><W88/><G97/><T17/><D24/><N who="2" m="9290" /><F31/><W85/><REACH who="3" step="1"/><G18/><REACH who="3" ten="250,250,250,240" step="2"/><T113/><D17/><U92/><E64/><AGARI ba="0,1" hai="20,22,23,58,59,63,64,71,76,81,85,88,94,98" machi="64" ten="40,5200,0" yaku="1,1,2,1,54,1,53,0" doraHai="6" doraHaiUra="47" who="3" fromWho="1" sc="250,0,250,-52,250,0,240,62" /><INIT seed="1,0,0,4,2,70" ten="250,198,250,302" oya="1" hai0="64,75,44,5,26,89,122,126,74,48,3,69,88" hai1="94,34,19,101,85,54,17,87,65,102,60,51,23" hai2="92,108,8,36,118,9,57,46,59,43,100,6,42" hai3="13,130,30,81,80,27,37,73,39,83,120,40,84"/><U56/><E34/><V132/><F108/><W127/><G120/><T41/><D126/><U105/><E105/><V97/><F118/><W103/><G73/><T106/><D106/><U29/><E29/><V14/><F132/><W123/><G123/><T90/><D122/><U112/><E112/><V22/><F22/><W78/><G78/><T20/><D64/><U55/><E55/><V115/><F115/><W91/><G103/><T33/><D69/><U15/><E17/><V2/><REACH who="2" step="1"/><F43/><REACH who="2" ten="250,198,240,302" step="2"/><W71/><G40/><T133/><D133/><U135/><E135/><V25/><F25/><W124/><G27/><T49/><D33/><U53/><E53/><V134/><F134/><W18/><G124/><T35/><D35/><U12/><E12/><V77/><F77/><W47/><G13/><T125/><D125/><U50/><E50/><V11/><F11/><W129/><G127/><T38/><D49/><U113/><E113/><V16/><AGARI ba="0,1" hai="2,6,8,9,14,16,36,42,46,57,59,92,97,100" machi="16" ten="20,8000,1" yaku="1,1,0,1,7,1,52,1,54,1,53,0" doraHai="70" doraHaiUra="82" who="2" fromWho="2" sc="250,-20,198,-40,240,90,302,-20" /><INIT seed="2,0,0,0,3,113" ten="230,158,330,282" oya="2" hai0="135,69,88,23,70,49,15,25,36,74,91,89,122" hai1="121,0,63,71,21,40,11,50,24,60,109,62,133" hai2="85,90,47,1,120,31,104,112,95,92,76,39,131" hai3="99,93,103,26,86,32,111,106,82,10,51,105,116"/><V48/><F120/><W12/><G111/><T5/><D74/><U67/><E121/><V115/><F1/><W38/><G38/><T17/><D122/><U13/><E109/><V14/><F131/><W54/><G116/><T75/><D75/><U110/><E133/><V132/><F39/><W44/><G26/><T8/><D36/><U7/><E110/><V102/><F31/><W126/><G32/><T98/><D135/><U125/><E125/><V87/><F14/><W129/><G129/><T117/><D117/><U56/><E0/><V43/><F132/><W59/><G59/><T128/><D128/><U81/><E81/><V58/><F76/><W100/><G100/><T20/><D98/><U61/><E71/><V16/><F104/><W57/><G57/><T79/><D79/><U73/><E73/><V94/><F58/><W41/><G126/><T78/><D78/><U108/><E108/><V6/><F6/><W29/><G29/><T52/><REACH who="0" step="1"/><D23/><REACH who="0" ten="220,158,330,282" step="2"/><U35/><E35/><V30/><F115/><W72/><G72/><T77/><D77/><U37/><E37/><V2/><F112/><W42/><G105/><T84/><D84/><U22/><REACH who="1" step="1"/><E24/><REACH who="1" ten="220,148,330,282" step="2"/><V118/><F118/><W107/><G82/><T34/><D34/><U124/><E124/><V127/><F127/><W18/><G107/><T134/><D134/><U97/><E97/><V119/><F119/><W123/><G123/><T55/><D55/><U66/><E66/><V9/><F85/><W4/><G86/><T45/><AGARI ba="0,2" hai="5,8,15,17,20,25,45,49,52,69,70,88,89,91" machi="45" ten="30,12000,2" yaku="1,1,0,1,54,2,53,2" doraHai="113" doraHaiUra="64" who="0" fromWho="0" sc="220,140,148,-30,330,-60,282,-30" /><INIT seed="3,0,0,3,2,132" ten="360,118,270,252" oya="3" hai0="15,21,78,71,62,65,100,83,122,127,120,57,130" hai1="5,109,97,55,19,73,103,28,53,108,17,115,104" hai2="3,76,49,13,116,51,135,66,118,61,22,75,24" hai3="107,121,125,80,60,69,72,12,39,77,110,29,9"/><W128/><G107/><T52/><D127/><U134/><E134/><V6/><F135/><W131/><G39/><T14/><D100/><U16/><E115/><V31/><F75/><W113/><G113/><T87/><D130/><N who="3" m="49705" /><G29/><T46/><D46/><U56/><E73/><V47/><F3/><W34/><G34/><T2/><D2/><U98/><E5/><V41/><F118/><W25/><G25/><T123/><REACH who="0" step="1"/><D21/><REACH who="0" ten="350,118,270,252" step="2"/><U82/><E28/><V10/><F116/><W27/><G27/><T117/><D117/><U70/><E70/><V114/><F114/><W4/><G121/><T58/><D58/><U88/><E56/><N who="2" m="37159" /><F76/><W42/><G42/><T81/><D81/><U40/><E40/><V50/><AGARI ba="0,1" hai="6,10,13,22,24,31,41,47,49,50,51" m="37159" machi="50" ten="30,1100,0" yaku="8,1" doraHai="132" who="2" fromWho="2" sc="350,-3,118,-3,270,21,252,-5" owari="347,44.0,115,-38.0,291,9.0,247,-15.0" /></mjloggm>