<mjloggm ver="2.3"><GO type="169" lobby="0"/><UN n0="%E7%8A%AC%E4%BE%8D" n1="%E3%83%8E%E3%83%B3%E3%83%A9%E3%82%B9%E6%89%93%E6%B3%95" n2="%4C%61%6E%63%65%74" n3="%E3%82%A6%E3%83%AB%E3%83%88%E3%83%A9%E7%AB%8B%E7%9B%B4" dan="16,17,16,16" rate="2123.03,2174.28,2051.98,2098.76" sx="M,M,M,M"/><TAIKYOKU oya="0"/><INIT seed="0,0,0,3,2,57" ten="250,250,250,250" oya="0" hai0="45,85,47,97,60,125,89,126,52,105,50,49,18" hai1="117,86,83,58,96,27,17,41,73,9,61,93,78" hai2="7,25,55,51,121,132,12,39,53,116,112,56,95" hai3="48,115,79,103,28,114,31,20,107,4,43,21,22"/><T2/><D2/><U127/><E117/><V128/><F39/><W99/><G79/><T3/><D3/><U8/><E127/><N who="0" m="48649" /><D18/><U63/><E41/><V54/><F128/><W66/><G4/><T13/><D13/><U124/><E73/><V130/><F132/><W82/><G82/><N who="0" m="49335" /><D60/><N who="1" m="23115" /><E124/><V71/><F121/><W100/><G66/><T35/><D35/><U65/><E65/><V131/><F116/><W111/><G43/><N who="0" m="24767" /><D105/><U37/><E37/><V30/><F130/><W64/><G64/><T76/><D97/><U6/><E58/><V110/><F56/><W135/><G99/><T91/><D91/><N who="1" m="55359" /><E6/><V16/><F7/><W113/><G107/><T129/><D129/><U87/><E87/><V101/><F131/><W23/><G115/><T102/><D76/><U69/><E69/><V120/><F71/><W5/><G114/><T74/><D74/><U70/><E70/><V44/><F112/><W0/><G5/><T134/><D134/><U29/><E29/><V11/><F30/><W59/><G135/><T104/><D104/><U84/><E84/><V75/><F75/><W118/><G0/><T94/><D94/><U77/><E77/><V10/><F95/><W33/><G31/><T26/><D102/><U80/><E80/><V68/><F101/><W88/><G103/><T122/><D122/><U32/><E32/><V81/><F68/><W108/><G33/><T15/><D15/><U67/><E67/><V109/><F12/><W36/><G28/><T38/><D38/><U123/><E123/><V90/><F120/><W92/><N who="3" m="5120" /><DORA hai="133" /><W14/><G36/><RYUUKYOKU ba="0,0" sc="250,15,250,15,250,-15,250,-15" hai0="26,47,50,52" hai1="8,9,17,27,78,83,86" /><INIT seed="0,1,0,4,2,66" ten="265,265,235,235" oya="0" hai0="27,109,76,108,106,51,57,132,81,58,116,52,71" hai1="3,126,68,75,118,21,127,47,63,117,39,69,4" hai2="46,34,19,40,73,9,98,104,120,64,135,107,30" hai3="105,45,129,102,119,20,86,22,79,43,31,123,121"/><T128/><D116/><N who="1" m="44651" /><E63/><V6/><F73/><W29/><G102/><T56/><D106/><U62/><E62/><V41/><F64/><W50/><G105/><T17/><D128/><U74/><E21/><V103/><F19/><W38/><G38/><T42/><D132/><U88/><E4/><V13/><F41/><W93/><G129/><T90/><D42/><N who="1" m="23007" /><E3/><V87/><F135/><W28/><G119/><T2/><D2/><U78/><E88/><V113/><F107/><W60/><G60/><T96/><D96/><U11/><E11/><V124/><F34/><W95/><G79/><T134/><D134/><U112/><E112/><V15/><F113/><W83/><G83/><T37/><D90/><U114/><E114/><V54/><F30/><W53/><G43/><T23/><D37/><U97/><E97/><V91/><F40/><W77/><G77/><T131/><D131/><U80/><E75/><V133/><F133/><W111/><G86/><T100/><D100/><U35/><E35/><V85/><F87/><W25/><G111/><N who="0" m="42571" /><D71/><AGARI ba="1,0" hai="68,69,71,74,78,80,126,127" m="23007,44651" machi="71" ten="30,7700,0" yaku="23,1,52,3" doraHai="66" who="1" fromWho="0" sc="265,-80,265,80,235,0,235,0" /><INIT seed="1,0,0,3,5,60" ten="185,345,235,235" oya="1" hai0="18,79,37,0,56,89,20,101,47,127,88,126,98" hai1="109,74,73,91,3,61,14,66,7,6,29,9,129" hai2="72,135,116,38,5,112,120,113,119,35,34,54,58" hai3="63,33,95,46,15,8,50,75,103,11,45,125,122"/><U39/><E39/><V23/><F72/><W110/><G33/><N who="2" m="12297" /><F38/><W106/><G75/><T82/><D0/><U10/><E29/><V133/><F5/><W118/><G106/><T123/><D123/><U121/><E121/><V115/><F23/><W24/><G122/><T4/><D4/><U134/><E134/><N who="2" m="51211" /><F120/><W48/><G110/><T77/><D77/><U21/><E21/><V108/><F108/><W94/><G24/><T114/><D114/><U53/><E129/><V131/><F131/><W32/><G32/><T76/><D76/><U64/><E109/><V130/><F130/><W16/><G118/><T70/><D70/><U22/><E22/><V97/><F97/><W69/><G103/><T87/><D47/><U107/><E107/><V57/><F54/><W49/><G11/><T132/><D37/><U80/><E73/><V51/><F51/><W65/><REACH who="3" step="1"/><G125/><REACH who="3" ten="185,345,235,225" step="2"/><T102/><D132/><U105/><E105/><V81/><F81/><W30/><G30/><T36/><D127/><U17/><E74/><V40/><F40/><W27/><G27/><T12/><D126/><U42/><E42/><V85/><F85/><W43/><G43/><T96/><D36/><U68/><E9/><V71/><F71/><W90/><G90/><T93/><REACH who="0" step="1"/><D56/><AGARI ba="0,1" hai="56,57,58,112,113,115,116,119" m="51211,12297" machi="56" ten="40,8000,1" yaku="28,2,11,1,20,1" doraHai="60" who="2" fromWho="0" sc="185,-80,345,0,235,90,225,0" /><INIT seed="2,0,0,0,1,18" ten="105,345,325,225" oya="2" hai0="105,93,106,69,75,90,131,34,36,65,91,104,100" hai1="16,14,10,128,112,38,9,54,74,126,59,50,71" hai2="101,120,37,28,72,13,4,135,80,92,2,61,39" hai3="86,107,3,11,122,53,89,0,52,108,134,118,22"/><V43/><F2/><W57/><G107/><T77/><D36/><U83/><E112/><V117/><F28/><W60/><G118/><T15/><D34/><U26/><E38/><V84/><F72/><W102/><G122/><T62/><D131/><U42/><E42/><V64/><F43/><W21/><G102/><T119/><D119/><U20/><E71/><V5/><F135/><W44/><G134/><T97/><D75/><U73/><E128/><V115/><F115/><W79/><G79/><T51/><D77/><U48/><E48/><V113/><F113/><W35/><G35/><T114/><D114/><U24/><E126/><V33/><F33/><W56/><G44/><T85/><D51/><U6/><E26/><V58/><F120/><W1/><G11/><T70/><D70/><U132/><E132/><V55/><F37/><W29/><G29/><T49/><D49/><U124/><E124/><V88/><F39/><W87/><G108/><T25/><D25/><U110/><E110/><V45/><F13/><W103/><G103/><T67/><D67/><U68/><E68/><V121/><F121/><W99/><G99/><T130/><D130/><U98/><E98/><N who="2" m="59591" /><F117/><W94/><G87/><T125/><D125/><U116/><E116/><V81/><F81/><W19/><G19/><T129/><D129/><U23/><E83/><V40/><F40/><W82/><G82/><T127/><D127/><U27/><E10/><V76/><F76/><W66/><G66/><T63/><D15/><U31/><AGARI ba="0,0" hai="6,9,14,16,20,23,24,27,31,50,54,59,73,74" machi="31" ten="20,8000,1" yaku="0,1,7,1,52,2,54,1" doraHai="18" who="1" fromWho="1" sc="105,-20,345,80,325,-40,225,-20" /><INIT seed="3,0,0,4,3,10" ten="85,425,285,205" oya="3" hai0="54,21,87,62,85,7,58,92,116,126,119,8,57" hai1="107,19,81,43,102,132,93,28,111,118,20,33,56" hai2="11,45,13,133,108,104,14,15,83,80,0,103,25" hai3="124,98,128,46,59,129,68,99,79,41,125,64,60"/><W106/><G79/><T112/><D126/><N who="3" m="48745" /><G106/><T40/><D40/><U55/><E111/><V120/><F108/><W27/><G98/><T17/><D112/><U24/><E132/><V96/><F133/><W1/><G99/><T86/><D92/><U97/><E118/><V16/><F120/><W31/><G1/><T131/><D131/><N who="3" m="50249" /><G27/><T5/><D58/><U26/><E43/><V38/><F0/><W122/><G31/><T39/><D39/><U89/><E81/><V88/><F45/><W30/><G30/><T3/><REACH who="0" step="1"/><D5/><REACH who="0" ten="75,425,285,205" step="2"/><U84/><E56/><V18/><F38/><N who="3" m="21815" /><G122/><T32/><D32/><U105/><E105/><V74/><F104/><W52/><G68/><T49/><D49/><U36/><E36/><V109/><F109/><W51/><G64/><T42/><D42/><U37/><E37/><V110/><F110/><W91/><G91/><T9/><D9/><U134/><E134/><V100/><F11/><W6/><G6/><T44/><D44/><U29/><E33/><V130/><F130/><W95/><G95/><T123/><D123/><U22/><E107/><V75/><F103/><W121/><G121/><T78/><D78/><U35/><E35/><V47/><F47/><W94/><G94/><T115/><D115/><U71/><E102/><V90/><F100/><W61/><AGARI ba="0,1" hai="51,52,59,60,61" m="21815,50249,48745" machi="61" ten="40,12000,1" yaku="18,1,19,1,34,2,54,1" doraHai="10" who="3" fromWho="3" sc="75,-40,425,-40,285,-40,205,130" /><INIT seed="3,1,0,5,1,90" ten="35,385,245,335" oya="3" hai0="23,132,60,122,119,25,73,87,12,103,107,135,82" hai1="68,96,116,133,14,35,76,127,21,2,40,1,74" hai2="134,42,80,100,105,113,17,86,53,24,37,125,104" hai3="108,3,41,18,81,29,0,13,97,11,128,98,118"/><W84/><G118/><T91/><D119/><U8/><E35/><V120/><F113/><W112/><G112/><T99/><D122/><U44/><E116/><V62/><F42/><W70/><G70/><T48/><D60/><U78/><E68/><V46/><F37/><W33/><G128/><T56/><D12/><U32/><E32/><V129/><F134/><W28/><G41/><T47/><D56/><U61/><E21/><V88/><F125/><W16/><G97/><T31/><REACH who="0" step="1"/><D73/><REACH who="0" ten="25,385,245,335" step="2"/><U63/><E61/><V66/><F129/><W55/><G13/><T9/><D9/><U22/><E63/><V85/><F120/><W49/><G11/><T6/><D6/><U123/><E74/><V4/><F4/><W92/><G3/><T65/><D65/><U15/><E14/><V34/><F66/><W95/><G0/><T110/><D110/><U89/><E15/><V72/><F62/><W131/><G108/><T130/><D130/><U39/><E8/><V64/><F72/><W83/><G131/><T5/><D5/><U52/><E2/><V111/><F64/><W79/><G33/><T43/><AGARI ba="1,1" hai="23,25,31,43,47,48,82,87,91,99,103,107,132,135" machi="43" ten="30,2000,0" yaku="1,1,0,1,53,0" doraHai="90" doraHaiUra="115" who="0" fromWho="0" sc="25,33,385,-6,245,-6,335,-11" /><INIT seed="4,0,0,0,0,134" ten="58,379,239,324" oya="0" hai0="43,83,10,94,27,128,129,44,132,121,25,107,126" hai1="36,42,14,64,62,8,95,60,109,39,11,96,98" hai2="31,103,48,18,57,33,15,59,41,85,51,91,114" hai3="23,115,0,19,119,74,101,3,78,100,104,54,21"/><T16/><D107/><U61/><E109/><V37/><F37/><W90/><G100/><T9/><D121/><U71/><E11/><V7/><F7/><W26/><G78/><T5/><D132/><U108/><E108/><V50/><F103/><W88/><G74/><T47/><D94/><U135/><E135/><V65/><F65/><W35/><G35/><T2/><D126/><U97/><E95/><V6/><F6/><W67/><G67/><T52/><D83/><U34/><E34/><V122/><F114/><W24/><G115/><T111/><D111/><U28/><E28/><V133/><F133/><W75/><G75/><T56/><D10/><U38/><REACH who="1" step="1"/><E42/><REACH who="1" ten="58,369,239,324" step="2"/><V125/><F41/><W70/><G104/><T63/><D43/><U81/><E81/><V118/><F31/><W102/><G19/><AGARI ba="0,1" hai="8,14,19,36,38,39,60,61,62,64,71,96,97,98" machi="19" ten="50,8000,1" yaku="1,1,53,3" doraHai="134" doraHaiUra="68" who="1" fromWho="3" sc="58,0,369,90,239,0,324,-80" /><INIT seed="5,0,0,3,3,131" ten="58,459,239,244" oya="1" hai0="91,92,45,33,132,15,102,100,5,54,115,95,125" hai1="34,49,38,25,123,44,50,78,121,9,86,7,76" hai2="61,10,112,57,39,13,60,93,55,130,70,12,47" hai3="28,58,75,117,23,127,46,66,83,30,105,18,1"/><U101/><E38/><V64/><F13/><W56/><G105/><T89/><D33/><U24/><E101/><V134/><F134/><W103/><G103/><T98/><D115/><U113/><E50/><V129/><F112/><W128/><G1/><T0/><D0/><U81/><E76/><V32/><F32/><W108/><G108/><T118/><D118/><U35/><E35/><V22/><F22/><W119/><G128/><N who="2" m="49257" /><F93/><W88/><G46/><T73/><D73/><U99/><E99/><V124/><F124/><W51/><G127/><T3/><D3/><U40/><E113/><V16/><F47/><W53/><G75/><T43/><D125/><U122/><REACH who="1" step="1"/><E34/><REACH who="1" ten="58,449,239,244" step="2"/><V17/><F39/><W107/><G119/><T65/><D132/><U8/><E8/><V21/><F21/><W19/><G117/><T104/><D104/><U71/><E71/><V85/><F85/><W82/><G23/><T31/><D31/><U109/><E109/><V26/><F10/><W62/><G107/><T111/><D111/><U116/><E116/><V48/><F48/><W96/><G30/><T90/><D5/><U94/><E94/><V2/><F70/><W72/><G28/><T20/><D20/><U77/><E77/><V120/><F61/><W67/><G72/><T36/><D15/><AGARI ba="0,1" hai="7,9,15,24,25,40,44,49,78,81,86,121,122,123" machi="15" ten="40,12000,1" yaku="1,1,25,2,53,1" doraHai="131" doraHaiUra="79" who="1" fromWho="0" sc="58,-120,449,130,239,0,244,0" owari="-62,-56.0,579,68.0,239,-16.0,244,4.0" /></mjloggm>