<mjloggm ver="2.3"><GO type="41" lobby="0"/><UN n0="%E5%B0%B1%E6%B4%BB%E7%94%9F%40%E5%B7%9D%E6%9D%91%E8%BB%8D%E5%9B%A3" n1="%E2%98%86%E3%81%82%E3%81%9A%E3%81%AB%E3%82%83%E3%82%93%E2%98%86" n2="%E3%81%AB%E3%81%9B%E6%82%9F%E7%A9%BA" n3="%E3%83%99%E3%83%AA%E3%83%AB" dan="15,13,15,15" rate="1999.02,1880.41,2003.83,1938.72" sx="M,M,M,M"/><TAIKYOKU oya="0"/><INIT seed="0,0,0,3,3,7" ten="250,250,250,250" oya="0" hai0="19,83,31,46,132,79,130,63,60,2,118,120,76" hai1="14,26,58,105,88,95,101,102,68,98,61,59,45" hai2="53,44,49,47,32,74,103,30,22,39,75,93,1" hai3="106,9,51,34,36,78,82,94,124,62,109,71,134"/><T8/><D120/><U57/><E45/><V42/><F1/><W90/><G106/><T97/><D118/><U64/><E26/><V24/><REACH who="2" step="1"/><F32/><REACH who="2" ten="250,250,240,250" step="2"/><W128/><G34/><T43/><D2/><U54/><E105/><V119/><F119/><W29/><G134/><T65/><D132/><U12/><REACH who="1" step="1"/><E54/><REACH who="1" ten="250,240,240,250" step="2"/><V107/><F107/><W131/><G131/><T40/><D130/><U87/><E87/><V56/><F56/><W72/><G128/><T52/><D52/><U111/><E111/><V113/><F113/><W129/><G109/><T11/><D43/><U6/><E6/><V89/><F89/><W126/><G129/><T37/><D40/><U55/><E55/><V85/><F85/><W108/><G108/><T114/><D79/><U80/><E80/><V3/><F3/><W33/><G82/><T5/><D83/><U81/><E81/><V66/><F66/><W50/><G78/><T23/><D76/><U86/><E86/><V18/><F18/><W123/><G123/><T125/><D19/><U25/><E25/><V96/><AGARI ba="0,2" hai="22,24,30,39,42,44,47,49,53,74,75,93,96,103" machi="96" ten="30,4000,0" yaku="1,1,0,1,53,1" doraHai="7" doraHaiUra="70" who="2" fromWho="2" sc="250,-20,240,-10,240,60,250,-10" /><INIT seed="1,0,0,0,4,129" ten="230,230,300,240" oya="1" hai0="61,64,21,130,5,78,57,134,52,86,125,126,30" hai1="96,105,27,110,117,60,135,20,42,131,50,90,101" hai2="85,72,31,26,91,19,99,48,100,43,81,113,84" hai3="13,98,120,80,77,32,133,87,34,108,112,111,124"/><U9/><E117/><V59/><F113/><W89/><G120/><T38/><D130/><U33/><E131/><V116/><F116/><W7/><G112/><T106/><D106/><U71/><E33/><V69/><F69/><W1/><G1/><T22/><D38/><U82/><E135/><V83/><F72/><W132/><G124/><N who="0" m="47723" /><D134/><N who="3" m="51817" /><G98/><T103/><D103/><U62/><E9/><V56/><F19/><W44/><G44/><T127/><N who="0" m="47731" /><T58/><DORA hai="16" /><D5/><U41/><E110/><N who="3" m="42026" /><G77/><T123/><D30/><U28/><E71/><V8/><F31/><W67/><G67/><T0/><D0/><U70/><E70/><V36/><F99/><W15/><G7/><T102/><D102/><U37/><E37/><V14/><F36/><W11/><G11/><T76/><D123/><U53/><E41/><V118/><F43/><W73/><G73/><T3/><D3/><U23/><E42/><V74/><F8/><W25/><G25/><T17/><D86/><U114/><E114/><V12/><F85/><W88/><G89/><T54/><D64/><U65/><E65/><V10/><F91/><W115/><G115/><T68/><D68/><U66/><E66/><V2/><F2/><W79/><G79/><N who="0" m="30251" /><D17/><U121/><E121/><V109/><F109/><W6/><G6/><T49/><AGARI ba="0,0" hai="21,22,49,52,54,57,58,61" m="30251,47731" machi="49" ten="40,8000,1" yaku="18,1,52,2,54,1" doraHai="129,16" who="0" fromWho="0" sc="230,80,230,-40,300,-20,240,-20" /><INIT seed="2,0,0,4,2,122" ten="310,190,280,220" oya="2" hai0="129,0,27,62,111,124,87,43,104,96,123,101,65" hai1="68,37,28,25,133,8,126,118,75,128,91,88,78" hai2="1,58,134,127,107,24,18,135,112,120,113,77,31" hai3="34,10,99,94,17,121,79,73,42,63,41,97,106"/><V130/><F107/><W12/><G106/><T48/><D123/><U83/><E118/><V98/><F98/><W30/><G121/><T52/><D0/><U89/><E126/><V50/><F120/><W35/><G99/><T102/><D124/><U2/><E133/><N who="2" m="50699" /><F50/><W60/><G60/><T15/><D129/><U71/><E128/><V119/><F58/><W103/><G63/><T54/><D102/><U132/><E37/><V22/><F77/><W95/><G95/><T39/><D39/><U16/><E132/><V69/><F69/><W81/><G30/><T29/><D15/><U84/><E75/><V19/><F130/><W32/><AGARI ba="0,0" hai="10,12,17,32,34,35,41,42,73,79,81,94,97,103" machi="32" ten="30,1100,0" yaku="0,1" doraHai="122" who="3" fromWho="3" sc="310,-3,190,-3,280,-5,220,11" /><INIT seed="3,0,0,2,0,130" ten="307,187,275,231" oya="3" hai0="38,56,43,30,10,107,37,59,88,26,72,125,123" hai1="41,15,122,129,39,2,78,1,57,32,101,121,44" hai2="5,115,99,80,128,110,0,33,109,105,134,63,49" hai3="133,16,113,36,79,98,83,84,18,60,71,77,87"/><W124/><G113/><T93/><D123/><U112/><E129/><V92/><F115/><W86/><G36/><T69/><D107/><U3/><E112/><V75/><F128/><W31/><G124/><T23/><D72/><U117/><E117/><V119/><F105/><W85/><G31/><T40/><D69/><U135/><E32/><V22/><F119/><W114/><G114/><T108/><D108/><N who="2" m="41578" /><F33/><W19/><G98/><N who="0" m="57639" /><D125/><U120/><E101/><V14/><F0/><W29/><G29/><T70/><D70/><U131/><E131/><V97/><F75/><W21/><G21/><T28/><D38/><U67/><E78/><V61/><F22/><W81/><G133/><T48/><D37/><U95/><E95/><V89/><F80/><W94/><G94/><T13/><D30/><U82/><E82/><V34/><F134/><W52/><G71/><T24/><D24/><U46/><E46/><V25/><F99/><W12/><G12/><T104/><D104/><U102/><E102/><V64/><F14/><W65/><G65/><T27/><D27/><U42/><E42/><N who="0" m="15913" /><D48/><U35/><E35/><V111/><F25/><W76/><N who="3" m="22016" /><DORA hai="103" /><W74/><G74/><T90/><D90/><U17/><E135/><V68/><F34/><W91/><G91/><T9/><D9/><U54/><E67/><V51/><F111/><W62/><G62/><T127/><D127/><U11/><REACH who="1" step="1"/><E122/><REACH who="1" ten="307,177,275,231" step="2"/><V73/><F92/><W50/><G60/><AGARI ba="0,1" hai="1,2,3,11,15,17,39,41,44,54,57,60,120,121" machi="60" ten="40,5200,0" yaku="1,1,2,1,53,1" doraHai="130,103" doraHaiUra="47,4" who="1" fromWho="3" sc="307,0,177,62,275,0,231,-52" /><INIT seed="4,0,0,4,1,69" ten="307,239,275,179" oya="0" hai0="49,78,17,101,14,95,58,11,36,62,40,39,99" hai1="116,122,128,121,16,22,28,37,0,92,125,68,30" hai2="67,47,118,74,135,117,7,111,80,84,9,98,70" hai3="12,43,112,56,54,102,64,53,31,63,18,123,46"/><T127/><D127/><U103/><E68/><V83/><F111/><W134/><G112/><T94/><D78/><U88/><E116/><N who="2" m="44651" /><F135/><W23/><G134/><T93/><D49/><U132/><E132/><V21/><F74/><W60/><G123/><T26/><D26/><U129/><E125/><V71/><F21/><W77/><G77/><T76/><D76/><U19/><E103/><V82/><F98/><W72/><G72/><T106/><REACH who="0" step="1"/><D40/><REACH who="0" ten="297,239,275,179" step="2"/><U29/><E121/><V24/><F24/><W61/><G61/><T100/><D100/><U75/><E122/><V15/><F71/><W89/><G102/><T42/><D42/><U33/><E129/><V81/><F70/><W57/><G31/><T27/><D27/><U107/><E128/><V91/><F91/><W45/><G89/><T1/><D1/><U38/><E0/><V25/><F25/><W35/><G43/><T109/><D109/><U10/><E33/><V97/><F15/><W115/><G35/><T52/><AGARI ba="0,1" hai="11,14,17,36,39,52,58,62,93,94,95,99,101,106" machi="52" ten="30,12000,1" yaku="1,1,0,1,52,2,54,1,53,0" doraHai="69" doraHaiUra="66" who="0" fromWho="0" sc="297,130,239,-40,275,-40,179,-40" /><INIT seed="4,1,0,3,1,63" ten="427,199,235,139" oya="0" hai0="129,83,92,9,119,1,24,4,115,74,124,45,39" hai1="118,79,108,64,89,112,133,101,41,65,132,3,70" hai2="111,128,68,71,81,80,35,31,60,42,21,59,38" hai3="6,11,120,17,44,84,73,126,56,51,14,25,52"/><T67/><D119/><U36/><E3/><V127/><F35/><W69/><G69/><T100/><D115/><U0/><E0/><V66/><F31/><W103/><G73/><T93/><D124/><U55/><E79/><V76/><F21/><W113/><G113/><T86/><D129/><U30/><E30/><V87/><F111/><W107/><G126/><T29/><D100/><U135/><E101/><V117/><F127/><W94/><G107/><T53/><D67/><N who="1" m="25675" /><E89/><V37/><F128/><W48/><G120/><T78/><D86/><U123/><E112/><V12/><F117/><W43/><G25/><T116/><D116/><U16/><E118/><V105/><F105/><W27/><G27/><T85/><D85/><U61/><E123/><V40/><F12/><W58/><G58/><T10/><D10/><U90/><E108/><V97/><F97/><W114/><G114/><T121/><D121/><U8/><E90/><V110/><F110/><W96/><G84/><T34/><D53/><U19/><E8/><V18/><F81/><W15/><G15/><T131/><D131/><U32/><E32/><V125/><F125/><W7/><AGARI ba="1,0" hai="6,7,11,14,17,43,44,48,51,52,56,94,96,103" machi="7" ten="30,4000,0" yaku="0,1,8,1,54,1" doraHai="63" who="3" fromWho="3" sc="427,-21,199,-11,235,-11,139,43" /><INIT seed="5,0,0,2,3,91" ten="406,188,224,182" oya="1" hai0="112,110,14,98,123,52,40,104,35,85,124,77,25" hai1="70,82,45,50,128,42,87,66,0,125,99,7,57" hai2="54,71,134,55,4,64,23,97,11,81,48,94,68" hai3="18,5,32,117,101,96,129,83,106,22,15,26,69"/><U6/><E125/><V127/><F127/><W73/><G129/><T9/><D124/><U46/><E128/><V118/><F118/><W102/><G102/><T59/><D110/><U109/><E109/><V86/><F134/><W31/><G117/><T122/><D112/><U62/><E0/><V16/><F64/><W115/><G115/><T13/><D40/><U90/><E99/><V113/><F113/><W130/><G130/><T132/><D132/><U107/><E107/><V111/><F111/><W135/><G135/><T100/><D77/><U39/><REACH who="1" step="1"/><E70/><REACH who="1" ten="406,178,224,182" step="2"/><V12/><F71/><W19/><G69/><T47/><D123/><U72/><E72/><V41/><F68/><W29/><G73/><T56/><D98/><U93/><E93/><V78/><F41/><AGARI ba="0,1" hai="6,7,39,41,42,45,46,50,57,62,66,82,87,90" machi="41" ten="30,2900,0" yaku="1,1,7,1,53,0" doraHai="91" doraHaiUra="88" who="1" fromWho="2" sc="406,0,178,39,224,-29,182,0" /><INIT seed="5,1,0,4,4,83" ten="406,217,195,182" oya="1" hai0="97,67,90,120,43,76,122,121,20,15,30,21,42" hai1="26,62,32,0,5,133,53,2,10,81,101,35,16" hai2="134,103,80,4,82,9,116,66,113,31,46,55,72" hai3="68,95,75,64,104,110,56,106,37,79,123,57,59"/><U58/><E133/><V135/><F116/><W108/><G37/><T111/><D111/><U91/><E0/><V44/><F66/><W107/><G123/><T24/><D76/><U60/><E101/><V73/><F31/><W132/><G132/><N who="2" m="50729" /><F103/><W8/><G95/><N who="0" m="56567" /><D67/><U86/><REACH who="1" step="1"/><E62/><REACH who="1" ten="406,207,195,182" step="2"/><V129/><F129/><W117/><G110/><T70/><D70/><U25/><E25/><V7/><F113/><W94/><G108/><T105/><D105/><U47/><E47/><V52/><F46/><W41/><G68/><T61/><D61/><U12/><E12/><V118/><F44/><W93/><G117/><T18/><AGARI ba="1,1" hai="15,18,20,21,24,30,42,43,120,121,122" m="56567" machi="18" ten="40,1500,0" yaku="13,1" doraHai="83" who="0" fromWho="0" sc="406,28,207,-8,195,-5,182,-5" /><INIT seed="6,0,0,5,4,12" ten="434,199,190,177" oya="2" hai0="29,105,59,55,35,53,51,126,47,28,60,93,22" hai1="86,68,73,3,8,75,72,77,54,27,49,123,84" hai2="92,32,14,11,26,119,99,115,120,109,89,62,30" hai3="102,108,4,106,110,69,127,82,124,63,135,97,96"/><V15/><F119/><W132/><G69/><T52/><D105/><U36/><E36/><V78/><F120/><W71/><G71/><T114/><D35/><U121/><E68/><V117/><F117/><W48/><G4/><T91/><D114/><U17/><E77/><V57/><F115/><W24/><G24/><N who="0" m="16407" /><D126/><N who="3" m="48169" /><G63/><T88/><D29/><U33/><E33/><V94/><F109/><N who="3" m="42091" /><G48/><N who="0" m="28703" /><D93/><U0/><E0/><V23/><F32/><W9/><G9/><T42/><D42/><U74/><N who="1" m="18944" /><DORA hai="116" /><U133/><E133/><N who="3" m="51274" /><G82/><T134/><D134/><U103/><E103/><V111/><F111/><W45/><G45/><AGARI ba="0,0" hai="45,51,53,55,59,60,88,91" m="28703,16407" machi="45" ten="30,3900,0" yaku="8,1,54,2" doraHai="12,116" who="0" fromWho="3" sc="434,39,199,0,190,0,177,-39" /><INIT seed="7,0,0,5,2,86" ten="473,199,190,138" oya="3" hai0="23,26,33,97,52,14,92,70,1,124,3,35,129" hai1="81,7,13,31,79,111,48,36,122,82,75,91,51" hai2="28,120,58,68,103,6,108,27,109,74,53,54,69" hai3="71,65,125,133,99,80,135,17,90,42,10,113,55"/><W5/><G42/><T63/><D124/><U61/><E111/><V117/><F74/><W49/><G113/><T0/><D129/><U116/><E122/><V29/><F117/><W110/><G17/><T59/><D70/><U94/><E36/><V107/><F6/><W130/><G125/><T88/><REACH who="0" step="1"/><D14/><REACH who="0" ten="463,199,190,138" step="2"/><U85/><E116/><V127/><F68/><W119/><G130/><T25/><D25/><U9/><E13/><V106/><F69/><W60/><G119/><T40/><D40/><U19/><E75/><V11/><F127/><W100/><G110/><T18/><AGARI ba="0,1" hai="0,1,3,18,23,26,33,35,52,59,63,88,92,97" machi="18" ten="30,12000,2" yaku="1,1,0,1,25,2,52,1,54,2,53,0" doraHai="86" doraHaiUra="83" who="0" fromWho="0" sc="463,130,199,-30,190,-30,138,-60" owari="593,69.0,169,-3.0,160,-24.0,78,-42.0" /></mjloggm>