<mjloggm ver="2.3"><GO type="97" lobby="0"/><UN n0="%E2%97%86%E3%82%82%E3%81%86%E3%82%89%E2%97%86" n1="%E3%82%A6%E3%83%AB%E3%83%88%E3%83%A9%E7%AB%8B%E7%9B%B4" n2="%4B%45%52%4F%47%47" n3="%61%62%65%6C" dan="14,14,15,13" rate="1994.18,1958.18,1965.94,1842.63" sx="M,M,M,M"/><TAIKYOKU oya="0"/><INIT seed="0,0,0,2,2,104" ten="250,250,250,250" oya="0" hai0="62,44,52,21,122,33,113,134,69,100,0,84,124" hai1="49,64,123,75,95,116,101,86,92,34,18,32,129" hai2="14,54,3,81,117,109,53,17,29,118,19,127,42" hai3="131,27,94,47,73,72,10,45,61,23,130,93,59"/><T35/><D122/><U28/><E123/><V120/><F120/><W80/><G10/><T107/><D113/><U43/><E28/><V114/><F3/><W106/><G106/><T48/><D0/><U55/><E34/><V87/><F114/><W128/><G23/><T83/><D134/><U112/><E32/><V74/><F74/><N who="3" m="28779" /><G80/><T30/><D124/><U68/><E75/><V9/><F127/><W91/><G27/><T78/><D30/><U103/><E68/><V79/><F29/><W7/><G7/><T36/><D21/><U56/><E116/><N who="2" m="44651" /><F42/><W77/><G77/><T99/><REACH who="0" step="1"/><D36/><REACH who="0" ten="240,250,250,250" step="2"/><U102/><E112/><V71/><F71/><W67/><G93/><T58/><D58/><U115/><E115/><V82/><F81/><W37/><G37/><T133/><D133/><U1/><E1/><V85/><F82/><W97/><AGARI ba="0,1" hai="45,47,59,61,67,91,94,97,128,130,131" m="28779" machi="97" ten="40,8000,1" yaku="19,1,52,3" doraHai="104" who="3" fromWho="3" sc="240,-40,250,-20,250,-20,250,90" /><INIT seed="1,0,0,1,0,102" ten="200,230,230,340" oya="1" hai0="92,58,91,24,28,43,20,44,38,63,56,95,99" hai1="6,111,66,83,10,3,30,37,104,51,90,89,119" hai2="16,45,61,59,5,85,133,108,118,87,18,117,82" hai3="110,115,17,15,7,71,42,109,1,75,130,113,55"/><U81/><E119/><V9/><F108/><N who="3" m="41579" /><G75/><T57/><REACH who="0" step="1"/><D95/><REACH who="0" ten="190,230,230,340" step="2"/><U132/><E132/><V41/><F133/><W114/><G130/><T60/><AGARI ba="0,1" hai="20,24,28,38,43,44,56,57,58,60,63,91,92,99" machi="60" ten="30,4000,0" yaku="1,1,2,1,0,1,53,0" doraHai="102" doraHaiUra="100" who="0" fromWho="0" sc="190,50,230,-20,230,-10,340,-10" /><INIT seed="2,0,0,0,3,32" ten="240,210,220,330" oya="2" hai0="112,61,12,55,44,71,69,67,49,64,26,46,79" hai1="99,73,31,120,47,1,115,134,133,127,30,83,29" hai2="15,13,102,24,65,106,9,113,96,104,75,2,107" hai3="39,25,123,28,132,117,53,78,100,45,128,126,119"/><V110/><F113/><W51/><G123/><T84/><D26/><U56/><E120/><V20/><F75/><W59/><G132/><N who="1" m="50794" /><E115/><V63/><F110/><W5/><G128/><T34/><D34/><U19/><E127/><V76/><F76/><W77/><G126/><T43/><D12/><U16/><E56/><V21/><F2/><W18/><G100/><T40/><D84/><U81/><E99/><V74/><F74/><W89/><G5/><T6/><D6/><U58/><E58/><V42/><F42/><N who="0" m="15914" /><D79/><N who="1" m="44271" /><E47/><N who="0" m="17961" /><D112/><U35/><E35/><V33/><F20/><W82/><G119/><T62/><D49/><U88/><E1/><V129/><F129/><W125/><G125/><T72/><D72/><U60/><E60/><N who="0" m="23145" /><D55/><U54/><E54/><V122/><F122/><W41/><G117/><T105/><D105/><U94/><E94/><V130/><F130/><W111/><G18/><T48/><D48/><U118/><E118/><V121/><F121/><W90/><G77/><T4/><D4/><U86/><AGARI ba="0,0" hai="16,19,29,30,31,83,86,88" m="44271,50794" machi="86" ten="40,5200,0" yaku="20,1,54,2" doraHai="32" who="1" fromWho="1" sc="240,-13,210,52,220,-26,330,-13" /><INIT seed="3,0,0,0,3,126" ten="227,262,194,317" oya="3" hai0="112,103,128,91,21,118,84,11,30,110,129,35,96" hai1="76,38,62,39,1,73,105,79,69,22,89,32,31" hai2="51,83,16,34,6,120,90,42,24,134,109,60,107" hai3="36,58,23,86,19,104,78,49,57,41,116,119,13"/><W70/><G104/><T65/><D35/><U15/><E89/><V29/><F107/><W123/><G70/><T135/><D118/><U37/><E79/><V18/><F120/><W2/><G123/><T127/><D112/><U40/><E22/><V26/><F109/><W33/><G2/><T10/><D110/><U5/><E15/><V27/><F134/><W52/><G33/><T53/><D65/><U25/><E105/><V94/><F83/><W99/><G99/><T85/><D135/><U82/><E62/><V97/><F6/><W117/><G36/><T28/><D127/><U98/><E98/><V125/><F125/><W50/><G41/><T66/><D66/><U3/><E69/><V7/><F7/><W108/><G108/><T72/><D72/><U46/><E1/><V55/><F29/><N who="0" m="11370" /><D21/><U132/><E132/><V77/><F77/><W68/><G68/><T124/><D53/><U106/><E106/><V63/><F34/><W17/><G17/><N who="2" m="6761" /><F42/><W102/><G102/><T88/><D96/><U59/><E59/><V133/><F133/><W122/><G122/><T67/><D103/><U4/><E4/><V45/><F63/><W43/><G43/><T80/><D67/><U81/><E81/><V114/><F114/><W48/><G58/><T93/><D124/><U8/><AGARI ba="0,0" hai="3,5,8,25,31,32,37,38,39,40,46,73,76,82" machi="8" ten="30,12000,2" yaku="0,1,25,2,33,3" doraHai="126" who="1" fromWho="1" sc="227,-30,262,120,194,-30,317,-60" owari="197,-20.0,382,48.0,164,-34.0,257,6.0" /></mjloggm>