<mjloggm ver="2.3"><GO type="169" lobby="0"/><UN n0="%E3%81%8A%E3%81%98%E3%81%95%E3%82%93" n1="%6D%65%24%6F" n2="%E3%82%A6%E3%83%AB%E3%83%88%E3%83%A9%E7%AB%8B%E7%9B%B4" n3="%E3%81%8C%E3%82%84%54" dan="16,17,16,16" rate="2139.12,2117.20,2113.79,2105.39" sx="M,M,M,M"/><TAIKYOKU oya="0"/><INIT seed="0,0,0,2,3,30" ten="250,250,250,250" oya="0" hai0="120,90,95,37,49,39,7,8,131,43,91,119,40" hai1="27,98,60,128,59,26,35,20,78,81,84,34,6" hai2="133,130,88,79,61,86,104,80,36,73,18,63,51" hai3="114,46,16,74,54,100,5,22,72,102,17,53,58"/><T126/><D119/><U99/><E6/><V28/><F36/><W127/><G114/><T23/><D120/><U33/><E128/><V97/><F28/><W112/><G112/><T2/><D126/><U103/><E20/><V62/><F133/><W4/><G46/><T42/><D131/><U92/><REACH who="1" step="1"/><E99/><REACH who="1" ten="250,240,250,250" step="2"/><V48/><F130/><W82/><G22/><T105/><D23/><U94/><E94/><N who="2" m="54551" /><F18/><W124/><G82/><T13/><D105/><U108/><E108/><V50/><F104/><W115/><G115/><T93/><D93/><U19/><E19/><V70/><F97/><W132/><REACH who="3" step="1"/><G58/><REACH who="3" ten="250,240,250,240" step="2"/><T0/><D8/><U55/><AGARI ba="0,2" hai="26,27,33,34,35,55,59,60,78,81,84,92,98,103" machi="55" ten="30,8000,1" yaku="1,1,0,1,52,3,53,0" doraHai="30" doraHaiUra="12" who="1" fromWho="1" sc="250,-40,240,100,250,-20,240,-20" /><INIT seed="1,0,0,3,2,19" ten="210,340,230,220" oya="1" hai0="68,58,54,71,1,20,70,69,132,118,104,115,56" hai1="17,79,65,82,22,78,96,40,80,35,29,107,25" hai2="72,106,97,52,31,105,91,33,10,50,46,109,60" hai3="16,112,41,47,8,63,119,111,74,7,45,126,24"/><U88/><E40/><V83/><F109/><W4/><G74/><T44/><D104/><U3/><E3/><V87/><F31/><W18/><G112/><T95/><D115/><U26/><E65/><V55/><F33/><W5/><G111/><T75/><D75/><U43/><E43/><V59/><F72/><W77/><G77/><T53/><D1/><U135/><E135/><V121/><F121/><W76/><G76/><T101/><D118/><U99/><E107/><V12/><REACH who="2" step="1"/><F97/><REACH who="2" ten="210,340,220,220" step="2"/><W9/><G119/><T127/><D132/><U123/><E123/><V85/><F85/><W64/><G126/><T38/><D127/><U122/><E122/><V120/><F120/><W62/><G4/><AGARI ba="0,1" hai="4,10,12,46,50,52,55,59,60,83,87,91,105,106" machi="4" ten="30,3900,0" yaku="1,1,7,1,54,1,53,0" doraHai="19" doraHaiUra="28" who="2" fromWho="3" sc="210,0,340,0,220,49,220,-39" /><INIT seed="2,0,0,3,2,117" ten="210,340,269,181" oya="2" hai0="97,45,61,3,25,54,70,41,119,35,121,116,37" hai1="52,69,127,128,93,21,75,82,71,20,50,83,60" hai2="105,92,22,84,28,109,13,4,112,33,66,129,81" hai3="39,15,7,29,23,125,76,77,34,12,17,72,122"/><V18/><F105/><W132/><G132/><T24/><D3/><U96/><E127/><V102/><F112/><W104/><G125/><T120/><D97/><U103/><E128/><V0/><F66/><W94/><G104/><T98/><D98/><U113/><E113/><V131/><F92/><W8/><G39/><T10/><D10/><U130/><E130/><N who="2" m="49675" /><F102/><W135/><G135/><T59/><D70/><U57/><E71/><V106/><F106/><W16/><G122/><N who="0" m="47211" /><D35/><U89/><E75/><V64/><F64/><W32/><G94/><T79/><D79/><U26/><E69/><V115/><F84/><W9/><G72/><T44/><D24/><U100/><E20/><V47/><F81/><N who="1" m="30729" /><E50/><V85/><F85/><W11/><G77/><T118/><D25/><U95/><E95/><V90/><F90/><W108/><G76/><T123/><N who="0" m="47219" /><T78/><DORA hai="58" /><D78/><U107/><E107/><V99/><F99/><W67/><G67/><T55/><D45/><U65/><E65/><AGARI ba="0,0" hai="37,41,44,54,55,59,61,65,116,118,119" m="47219" machi="65" ten="50,16000,3" yaku="12,1,34,2,52,5" doraHai="117,58" who="0" fromWho="1" sc="210,160,340,-160,269,0,181,0" /><INIT seed="3,0,0,5,0,126" ten="370,180,269,181" oya="3" hai0="92,97,130,73,21,39,124,3,30,55,123,78,5" hai1="45,109,13,68,63,116,119,83,25,110,37,59,66" hai2="20,57,105,23,74,11,100,115,71,93,88,19,102" hai3="89,47,41,65,85,17,2,50,87,16,103,24,118"/><W10/><G118/><N who="1" m="45098" /><E25/><V95/><F71/><W8/><G103/><T62/><D123/><U53/><E13/><V114/><F74/><W132/><G132/><T52/><D39/><U15/><E15/><V32/><F57/><W84/><G65/><T121/><D121/><U48/><E83/><V44/><F11/><N who="3" m="4139" /><G2/><T133/><D5/><U104/><E104/><V60/><F44/><W12/><G24/><T99/><D3/><U35/><E35/><V75/><F75/><W117/><G117/><T27/><D124/><U86/><E86/><N who="3" m="33386" /><G12/><T80/><D133/><U18/><E18/><V129/><F19/><W131/><G131/><T81/><D130/><U49/><E37/><V120/><F32/><W122/><G122/><T82/><D73/><U7/><E7/><V0/><F0/><W26/><G26/><T113/><D78/><U28/><E28/><V29/><F29/><W70/><G70/><T40/><D30/><U54/><AGARI ba="0,0" hai="45,48,49,53,54,59,63,66,68,109,110" m="45098" machi="54" ten="30,4000,0" yaku="12,1,34,2" doraHai="126" who="1" fromWho="1" sc="370,-10,180,40,269,-10,181,-20" /><INIT seed="4,0,0,0,5,61" ten="360,220,259,161" oya="0" hai0="73,79,13,74,104,91,19,54,51,2,88,111,32" hai1="43,83,93,5,84,20,52,46,27,14,82,22,64" hai2="85,101,62,95,134,3,87,117,94,10,42,105,31" hai3="60,69,70,90,41,107,76,72,99,29,77,11,118"/><T135/><D2/><U128/><E128/><V16/><F31/><W35/><G118/><T126/><D32/><U8/><E64/><V40/><F3/><W75/><G41/><N who="2" m="15977" /><F105/><W92/><G107/><T130/><D104/><U110/><E110/><V4/><F4/><W123/><G123/><T102/><D102/><U103/><E43/><V133/><F62/><W106/><G106/><T58/><D111/><U113/><E113/><V89/><F16/><W116/><G116/><T65/><D126/><U112/><E112/><V114/><F10/><W38/><G38/><T78/><D135/><N who="2" m="51722" /><F114/><W0/><G0/><T47/><D130/><U55/><E20/><V81/><F117/><W127/><G11/><N who="0" m="6591" /><D74/><U1/><E1/><V24/><F24/><W129/><G129/><T6/><D6/><U28/><E55/><V108/><F108/><W119/><G119/><T15/><D73/><U21/><E21/><V63/><F63/><W132/><G60/><N who="0" m="38039" /><D15/><U45/><E14/><V67/><F67/><W100/><G132/><T97/><D97/><N who="1" m="59823" /><E5/><V39/><F39/><W125/><G125/><T12/><D12/><U122/><E8/><V26/><F26/><W33/><G127/><T98/><D98/><U23/><E27/><V86/><F101/><W71/><G100/><T57/><D57/><U44/><E22/><V68/><F68/><W50/><G33/><T66/><D66/><U18/><E23/><V25/><F25/><N who="3" m="18863" /><G75/><T37/><D37/><U30/><E30/><V121/><F121/><W49/><G72/><T36/><D36/><U59/><E122/><V17/><F17/><RYUUKYOKU ba="0,0" sc="360,10,220,-30,259,10,161,10" hai0="47,51,54,78,79,88,91" hai2="81,85,86,87,89,94,95" hai3="49,50,69,70,71,76,77,90,92,99" /><INIT seed="4,1,0,4,0,115" ten="370,190,269,171" oya="0" hai0="132,125,30,109,77,26,31,41,69,108,54,74,34" hai1="81,49,93,133,51,114,4,103,122,71,84,64,16" hai2="39,50,86,75,126,45,100,36,29,57,96,35,32" hai3="0,40,119,89,8,56,3,42,53,48,130,70,121"/><T68/><D125/><U97/><E122/><V94/><F75/><W88/><G121/><T107/><D132/><U11/><E133/><V59/><F35/><W9/><G70/><T20/><D107/><U67/><E114/><V13/><F29/><W52/><G56/><T72/><D41/><U7/><E51/><V6/><F32/><W91/><G48/><T82/><D74/><U83/><E49/><V90/><F39/><W98/><G98/><T127/><D127/><U46/><E46/><V73/><F73/><W102/><G102/><T95/><D95/><U61/><E67/><V33/><F33/><W12/><G12/><T25/><REACH who="0" step="1"/><D54/><REACH who="0" ten="360,190,269,171" step="2"/><N who="3" m="21097" /><G130/><T76/><D76/><U79/><E83/><V66/><F126/><W105/><G105/><T22/><D22/><U27/><E11/><N who="3" m="4170" /><G119/><T85/><D85/><U5/><E84/><V129/><F129/><W134/><G134/><T111/><AGARI ba="1,1" hai="20,25,26,30,31,34,68,69,72,77,82,108,109,111" machi="111" ten="30,6000,0" yaku="1,1,0,1,10,1,53,0" doraHai="115" doraHaiUra="55" who="0" fromWho="0" sc="360,73,190,-21,269,-21,171,-21" /><INIT seed="4,2,0,4,3,4" ten="433,169,248,150" oya="0" hai0="52,109,135,58,102,72,87,96,103,20,32,53,65" hai1="25,126,120,77,69,113,26,60,39,31,37,105,40" hai2="125,81,115,71,97,108,64,116,29,92,98,41,130" hai3="89,2,104,48,78,82,101,18,49,124,74,129,50"/><T117/><D117/><U67/><E120/><V68/><F41/><W12/><G129/><T73/><D32/><N who="1" m="20591" /><E26/><V17/><F17/><W80/><G2/><T8/><D135/><U9/><E126/><V84/><F64/><W21/><G124/><T94/><D109/><U79/><E79/><V56/><F29/><W59/><G104/><T114/><D114/><U1/><E77/><V3/><F56/><W70/><G70/><T134/><D134/><U131/><E131/><V42/><F42/><W99/><G82/><T51/><D73/><U11/><E11/><V47/><F3/><W19/><G19/><T36/><D36/><N who="1" m="13899" /><E40/><V28/><F130/><W46/><G59/><N who="0" m="33183" /><D72/><U121/><E121/><V33/><F47/><W119/><G119/><T13/><D65/><U45/><E45/><V93/><F33/><W127/><G127/><T44/><D44/><U86/><E86/><V61/><F84/><W83/><G83/><T123/><D20/><U23/><E23/><V111/><F81/><W54/><REACH who="3" step="1"/><G101/><REACH who="3" ten="433,169,248,140" step="2"/><N who="0" m="60567" /><D123/><U90/><E105/><V85/><F125/><W24/><G24/><T0/><D0/><U76/><E1/><V62/><F116/><W34/><G34/><T107/><D107/><U128/><E128/><V22/><F111/><W27/><G27/><T55/><D103/><U95/><E69/><V15/><F108/><W91/><G91/><T106/><D102/><U16/><E90/><N who="2" m="53327" /><F71/><W57/><G57/><T35/><D106/><U63/><E16/><N who="2" m="10527" /><F68/><W30/><G30/><T6/><D58/><U132/><E132/><V10/><F28/><W100/><G100/><RYUUKYOKU ba="2,1" sc="433,-10,169,-10,248,-10,140,30" hai3="12,18,21,46,48,49,50,54,74,78,80,89,99" /><INIT seed="5,3,1,3,5,31" ten="423,159,238,170" oya="1" hai0="117,75,39,72,66,61,21,112,92,47,46,95,4" hai1="49,40,110,55,54,8,86,35,76,37,121,13,129" hai2="6,0,41,108,9,24,101,62,27,17,91,128,12" hai3="11,122,126,90,43,7,87,125,98,64,84,36,63"/><U19/><E121/><V94/><F101/><W38/><G122/><T70/><D117/><U28/><E129/><V30/><F108/><W96/><G96/><T52/><D4/><U88/><E76/><V127/><F41/><W32/><G98/><T106/><D106/><U102/><E102/><V1/><F91/><W115/><G32/><T74/><D112/><U132/><E110/><V33/><F94/><N who="3" m="54599" /><G87/><T22/><D47/><U80/><E132/><V15/><F62/><W89/><G89/><T124/><D124/><N who="3" m="47721" /><G43/><T104/><D104/><U120/><E120/><V59/><F59/><N who="3" m="36991" /><G115/><T18/><D22/><U134/><E134/><V99/><F99/><W116/><G116/><T44/><D44/><U123/><E123/><V20/><F127/><W71/><G71/><T14/><D39/><U23/><E37/><V34/><F128/><W67/><G67/><T118/><D118/><U77/><E77/><V130/><F130/><W57/><G57/><T60/><D60/><U97/><E97/><V79/><F79/><W133/><G133/><T51/><AGARI ba="3,1" hai="14,18,21,46,51,52,61,66,70,72,74,75,92,95" machi="51" ten="40,2700,0" yaku="0,1,54,1" doraHai="31" who="0" fromWho="0" sc="423,46,159,-16,238,-10,170,-10" /><INIT seed="6,0,0,5,2,70" ten="469,143,228,160" oya="2" hai0="95,92,30,27,111,3,133,7,99,2,87,104,135" hai1="20,82,123,77,21,4,117,63,110,1,108,81,127" hai2="106,11,47,52,116,38,46,60,132,86,126,88,57" hai3="96,73,89,124,128,48,71,23,13,40,98,134,41"/><V43/><F106/><W72/><G71/><T5/><D111/><U53/><E117/><V37/><F116/><W84/><G134/><N who="0" m="51211" /><D87/><U25/><E127/><V14/><F132/><W64/><G64/><T50/><D50/><U75/><E123/><V29/><F29/><W54/><G124/><T24/><D95/><U105/><E105/><V62/><F62/><W79/><G128/><T55/><D55/><U0/><E81/><V94/><F126/><W45/><G79/><T80/><D80/><U129/><E129/><V103/><F103/><W101/><G72/><T56/><D56/><U109/><E4/><N who="0" m="1609" /><D27/><U10/><E53/><V6/><F47/><W19/><G73/><T9/><D9/><U22/><E63/><V115/><F115/><W49/><G101/><N who="0" m="60647" /><D104/><U26/><REACH who="1" step="1"/><E10/><REACH who="1" ten="469,133,228,160" step="2"/><V34/><F34/><AGARI ba="0,1" hai="2,3,24,30,34" m="60647,1609,51211" machi="34" ten="30,1000,0" yaku="20,1" doraHai="70" who="0" fromWho="2" sc="469,20,133,0,228,-10,160,0" /><INIT seed="7,0,0,1,3,64" ten="489,133,218,160" oya="3" hai0="129,130,87,11,122,26,70,36,40,97,43,126,98" hai1="28,72,51,32,12,30,67,102,103,65,63,15,89" hai2="14,83,39,71,128,53,44,117,75,69,54,7,66" hai3="19,9,41,84,45,8,13,108,82,105,21,17,74"/><W134/><G105/><T10/><D126/><U127/><E127/><V77/><F117/><W38/><G134/><T131/><D122/><U93/><E72/><V100/><F100/><W31/><G108/><T34/><D70/><U62/><E51/><V35/><F35/><W27/><G74/><T73/><D73/><U80/><E80/><V86/><F69/><W58/><G58/><T23/><D34/><U4/><E32/><V0/><F14/><W24/><G24/><T110/><D87/><U121/><E4/><V112/><F71/><W123/><G123/><T135/><D135/><U99/><E121/><V114/><F66/><W94/><G94/><T61/><D61/><U91/><E93/><V55/><F86/><W124/><G124/><T48/><D48/><U59/><E59/><V57/><F57/><W133/><G133/><T125/><D125/><U79/><E99/><N who="0" m="37897" /><D110/><U111/><REACH who="1" step="1"/><E111/><REACH who="1" ten="489,123,218,160" step="2"/><V68/><F68/><W42/><G42/><N who="0" m="15915" /><D36/><U47/><E47/><V25/><F44/><W29/><G8/><T90/><D90/><AGARI ba="0,1" hai="9,13,17,19,21,27,29,31,38,41,45,82,84,90" machi="90" ten="30,1500,0" yaku="7,1" doraHai="64" who="3" fromWho="0" sc="489,-15,123,0,218,0,160,25" /><INIT seed="7,1,0,3,1,54" ten="474,123,218,185" oya="3" hai0="7,1,79,125,62,45,43,29,64,89,90,66,84" hai1="69,135,39,71,13,74,85,72,38,98,4,86,113" hai2="104,76,127,47,8,24,10,58,25,78,77,15,106" hai3="16,132,0,63,73,105,92,122,121,95,97,26,51"/><W75/><G0/><T48/><D125/><U108/><E108/><V50/><F58/><W33/><G105/><T22/><D1/><U123/><E123/><V12/><F50/><W57/><G132/><T52/><D7/><U37/><E135/><V5/><F47/><W42/><G92/><T23/><D79/><U34/><E34/><V93/><F93/><W53/><G33/><T82/><D90/><U124/><E98/><V2/><F2/><W88/><G42/><T112/><D112/><U40/><E40/><V126/><F76/><W83/><G51/><N who="0" m="27071" /><D62/><U120/><E120/><N who="3" m="46186" /><G83/><T27/><D23/><AGARI ba="1,0" hai="16,23,26,53,57,63,73,75,88,95,97" m="46186" machi="23" ten="30,11600,0" yaku="25,1,52,1,54,2" doraHai="54" who="3" fromWho="0" sc="474,-119,123,0,218,0,185,119" /><INIT seed="7,2,0,0,1,88" ten="355,123,218,304" oya="3" hai0="23,60,0,92,106,15,17,135,37,42,21,63,110" hai1="111,30,26,29,6,131,39,83,13,90,7,128,34" hai2="40,127,59,3,54,134,10,44,8,46,11,64,66" hai3="12,22,123,27,48,72,118,4,84,126,101,81,109"/><W105/><G123/><T120/><D106/><U125/><E39/><V133/><F3/><W69/><G118/><T18/><D0/><U51/><E51/><V61/><F127/><W53/><G69/><T82/><D120/><U129/><E125/><V91/><F91/><W67/><G126/><T79/><D110/><U115/><E111/><V114/><F114/><W5/><G109/><T124/><D124/><U52/><E115/><V100/><F100/><W36/><G36/><T107/><D107/><U35/><E13/><V50/><F46/><W99/><G67/><T2/><D2/><U77/><E90/><V73/><F73/><W130/><G72/><T71/><D71/><U43/><E43/><V24/><F24/><W95/><G105/><T119/><D119/><U49/><E30/><V55/><F66/><W9/><G130/><T98/><D42/><U117/><E35/><V20/><F20/><W65/><G65/><T78/><D37/><U103/><E103/><V28/><F28/><N who="3" m="17527" /><G12/><N who="0" m="9383" /><D135/><AGARI ba="2,0" hai="8,10,11,40,44,50,54,55,59,61,64,133,134,135" machi="135" ten="40,1300,0" yaku="20,1" doraHai="88" who="2" fromWho="0" sc="355,-19,123,0,218,19,304,0" owari="336,44.0,123,-38.0,237,-16.0,304,10.0" /></mjloggm>