<mjloggm ver="2.3"><GO type="169" lobby="0"/><UN n0="%E3%81%84%E3%81%A1%E3%81%8B%E3%82%8F%E2%99%AA" n1="%E3%81%8A%E3%83%BC%E3%81%84%E3%81%8A%E8%8C%B6" n2="%E3%82%A6%E3%83%AB%E3%83%88%E3%83%A9%E7%AB%8B%E7%9B%B4" n3="%28%E3%80%8C%EF%BF%A3%D0%94%EF%BF%A3%29%E3%80%8C" dan="17,16,17,16" rate="2129.47,2104.39,2210.62,2055.84" sx="M,F,M,F"/><TAIKYOKU oya="0"/><INIT seed="0,0,0,1,3,54" ten="250,250,250,250" oya="0" hai0="24,44,37,27,43,50,130,105,20,29,51,75,32" hai1="53,14,45,40,90,30,96,58,94,59,68,10,113" hai2="99,89,22,124,15,85,117,93,69,11,101,103,108" hai3="63,88,25,60,56,121,118,133,95,16,97,120,111"/><T115/><D105/><U61/><E68/><V41/><F69/><W74/><G118/><T23/><D75/><U87/><E113/><V38/><F117/><W78/><G74/><T81/><D130/><U102/><E102/><BYE who="1" /><UN n1="%E3%81%8A%E3%83%BC%E3%81%84%E3%81%8A%E8%8C%B6" /><V128/><F108/><W86/><G133/><T64/><D115/><U12/><E30/><V42/><F128/><W66/><G63/><T72/><D64/><N who="1" m="38967" /><E40/><V33/><F33/><W7/><G7/><T100/><D100/><N who="1" m="60439" /><E45/><V1/><F124/><W49/><G111/><T132/><D32/><U62/><E10/><V131/><F131/><W112/><G49/><T71/><D71/><U84/><E84/><V116/><F116/><W18/><G112/><T129/><D129/><U110/><E110/><V47/><F42/><W127/><G127/><T35/><D35/><U57/><E57/><V67/><F67/><W48/><G48/><T114/><D114/><U8/><E8/><V4/><F85/><W125/><G125/><T135/><D81/><AGARI ba="0,0" hai="12,14,53,59,62,81,87,90" m="60439,38967" machi="81" ten="30,3900,0" yaku="8,1,52,2" doraHai="54" who="1" fromWho="0" sc="250,-39,250,39,250,0,250,0" /><INIT seed="1,0,0,0,0,117" ten="211,289,250,250" oya="1" hai0="77,88,24,38,43,31,6,75,25,51,78,41,29" hai1="36,59,4,132,8,47,124,91,45,92,11,71,23" hai2="129,28,10,60,93,107,67,130,81,37,18,101,86" hai3="52,27,127,85,22,0,80,102,98,96,90,134,46"/><U133/><E71/><V135/><F37/><W110/><G110/><T87/><D6/><U70/><E70/><V9/><F107/><W1/><G134/><N who="1" m="51818" /><E124/><V49/><F28/><N who="0" m="10826" /><D38/><U48/><E23/><V62/><F49/><W109/><G109/><T97/><D97/><N who="1" m="57503" /><E36/><V94/><F135/><W128/><G128/><T20/><D75/><U113/><E113/><V83/><F86/><W13/><G13/><T26/><D20/><U76/><E76/><N who="0" m="29289" /><D51/><U19/><E19/><V56/><F101/><W95/><G127/><T131/><D131/><U100/><E100/><V66/><REACH who="2" step="1"/><F18/><REACH who="2" ten="211,289,240,250" step="2"/><N who="3" m="12759" /><G0/><T34/><D34/><U120/><E120/><V15/><F15/><W14/><G14/><T125/><D125/><U108/><E108/><V3/><F3/><W21/><G1/><T42/><D26/><U40/><E48/><V53/><F53/><W106/><G106/><T68/><D68/><U57/><E40/><V35/><F35/><W103/><G52/><T99/><D87/><U121/><E121/><V74/><F74/><W72/><G72/><T112/><D112/><U118/><E118/><V69/><F69/><W30/><G85/><T119/><D119/><U115/><E115/><V2/><F2/><W50/><G50/><T5/><D25/><U79/><E79/><V73/><F73/><W65/><G98/><T64/><D24/><U84/><E84/><V111/><F111/><W55/><G55/><T44/><D43/><U105/><E105/><V39/><F39/><W7/><G96/><T33/><D42/><U82/><E4/><V116/><F116/><W63/><G103/><RYUUKYOKU ba="0,1" sc="211,-10,289,-10,240,30,250,-10" hai2="9,10,56,60,62,66,67,81,83,93,94,129,130" /><INIT seed="2,1,1,4,5,126" ten="201,279,270,240" oya="2" hai0="120,70,67,89,125,85,27,133,36,41,104,130,62" hai1="26,76,57,29,50,134,131,96,87,78,55,15,63" hai2="97,117,72,21,5,18,48,17,116,84,8,47,122" hai3="64,94,105,9,93,2,23,65,100,98,7,28,12"/><V37/><F72/><W34/><G94/><T31/><D104/><U106/><E134/><V45/><F122/><W30/><G105/><T35/><D125/><U0/><E0/><V108/><F108/><W13/><G28/><T38/><D133/><U118/><E118/><BYE who="1" /><V119/><F97/><W121/><G121/><T60/><D60/><UN n1="%E3%81%8A%E3%83%BC%E3%81%84%E3%81%8A%E8%8C%B6" /><U24/><E24/><V81/><F37/><W124/><G124/><T58/><D120/><U103/><E131/><V56/><F56/><W114/><G114/><T115/><D115/><U77/><E15/><V52/><F45/><W6/><G6/><T135/><D135/><U132/><E132/><V110/><F110/><W102/><G13/><T127/><D127/><U90/><E50/><V10/><F21/><W128/><G128/><T111/><D111/><U1/><E1/><V86/><F86/><W40/><G40/><T4/><D4/><U79/><E79/><V16/><REACH who="2" step="1"/><F5/><REACH who="2" ten="201,279,260,240" step="2"/><W75/><G75/><T71/><D130/><U123/><E123/><V91/><AGARI ba="1,2" hai="8,10,16,17,18,47,48,52,81,84,91,116,117,119" machi="91" ten="40,12000,1" yaku="1,1,2,1,0,1,54,2,53,0" doraHai="126" doraHaiUra="101" who="2" fromWho="2" sc="201,-41,279,-41,260,143,240,-41" /><INIT seed="2,2,0,4,4,7" ten="160,238,403,199" oya="2" hai0="44,19,16,60,133,76,87,23,96,119,50,49,3" hai1="74,110,107,101,46,41,111,126,79,0,36,122,128" hai2="18,20,65,45,34,124,27,125,83,104,116,12,80" hai3="32,93,33,102,6,69,106,15,92,89,94,55,130"/><V72/><F104/><W30/><G69/><T2/><D119/><U48/><E122/><V105/><F105/><W40/><G40/><T97/><D133/><U37/><E128/><V57/><F116/><W100/><G130/><T114/><D60/><U131/><E131/><V5/><F45/><W134/><G134/><T108/><D108/><N who="1" m="41515" /><E126/><N who="2" m="48747" /><F72/><W115/><G115/><T35/><D35/><U68/><E68/><V109/><F109/><W117/><G30/><T67/><D67/><U63/><E0/><V4/><F34/><W98/><G55/><T78/><D87/><U59/><E101/><V8/><F4/><W113/><G102/><T56/><D23/><U25/><E107/><V123/><F123/><W77/><G113/><T118/><D56/><U129/><E129/><V14/><F27/><W103/><G103/><T135/><D135/><U84/><E25/><V47/><F47/><W112/><G112/><T132/><D132/><U11/><E74/><V42/><F42/><W95/><G106/><T86/><D114/><U24/><E24/><V99/><F99/><W70/><G70/><T1/><D1/><U28/><E28/><V43/><F43/><W10/><G117/><T88/><D118/><U81/><E37/><V26/><F26/><W82/><REACH who="3" step="1"/><G100/><REACH who="3" ten="160,238,403,189" step="2"/><T13/><D44/><U127/><E127/><V52/><F65/><W31/><G31/><T21/><D76/><U51/><E36/><V66/><F66/><W39/><G39/><T121/><D78/><U90/><E79/><V62/><AGARI ba="2,1" hai="5,8,12,14,18,20,52,57,62,80,83" m="48747" machi="62" ten="30,6000,0" yaku="18,1,52,1,54,1" doraHai="7" who="2" fromWho="2" sc="160,-22,238,-22,403,76,189,-22" /><INIT seed="2,3,0,1,0,64" ten="138,216,479,167" oya="2" hai0="78,68,114,11,112,127,132,50,85,104,87,84,3" hai1="13,135,61,12,44,120,23,15,26,128,124,55,108" hai2="51,83,116,94,131,134,102,71,45,111,90,30,9" hai3="41,86,118,92,63,43,35,31,20,32,21,109,34"/><V24/><F116/><W17/><G109/><T7/><D104/><U98/><E108/><V18/><F131/><W33/><G118/><T93/><D78/><U60/><E128/><V113/><F134/><W100/><G63/><N who="1" m="24138" /><E135/><V14/><F71/><W39/><G39/><T49/><D132/><U67/><E67/><V122/><F113/><W126/><G126/><T70/><D127/><U5/><E124/><V106/><F106/><W119/><G119/><T129/><D93/><U38/><E38/><V36/><F36/><W133/><G133/><T10/><D129/><U56/><E120/><V80/><F102/><W88/><G100/><T47/><D47/><U96/><E44/><V57/><F57/><W75/><G75/><T130/><D130/><U117/><E5/><V95/><F94/><W28/><N who="3" m="8192" /><DORA hai="74" /><W65/><G65/><T66/><D66/><U37/><E37/><V76/><F122/><W27/><REACH who="3" step="1"/><G31/><REACH who="3" ten="138,216,479,157" step="2"/><T54/><D114/><U91/><E117/><V25/><F30/><W110/><G110/><T0/><D112/><U62/><E91/><V69/><F111/><W107/><G107/><T101/><D101/><U40/><E40/><V19/><F90/><W8/><G8/><T103/><D103/><U89/><E89/><V123/><F9/><N who="0" m="3082" /><D7/><U2/><E2/><V58/><F123/><W46/><G46/><T4/><D4/><U1/><E1/><N who="0" m="585" /><D54/><U82/><E55/><V72/><F45/><W105/><G105/><T16/><D16/><U79/><E62/><V59/><F19/><W52/><G52/><T115/><D115/><U73/><E56/><RYUUKYOKU ba="3,1" sc="138,10,216,10,479,-30,157,10" hai0="49,50,68,70,84,85,87" hai1="12,13,15,23,26,73,79,82,96,98" hai3="17,20,21,27,28,41,43,86,88,92" /><INIT seed="3,4,1,2,5,36" ten="148,226,449,167" oya="3" hai0="47,79,124,117,92,26,35,126,76,103,7,11,55" hai1="123,4,132,130,29,28,75,98,33,116,32,85,131" hai2="39,13,62,121,49,133,19,78,100,107,70,23,125" hai3="17,119,68,94,41,0,93,3,53,59,115,84,60"/><W95/><G115/><T110/><D117/><U45/><E123/><V56/><F39/><W9/><G119/><T81/><D110/><U111/><E111/><V12/><F107/><W46/><G68/><T109/><D109/><U128/><E75/><V108/><F70/><W114/><G114/><T54/><D79/><U1/><E116/><V73/><F100/><W64/><G64/><T44/><D92/><U80/><E132/><V127/><F108/><W58/><G58/><T74/><D103/><U48/><E98/><V42/><F133/><W37/><REACH who="3" step="1"/><G84/><REACH who="3" ten="148,226,449,157" step="2"/><N who="0" m="48167" /><D47/><U97/><E45/><V67/><F56/><W14/><AGARI ba="4,2" hai="0,3,9,14,17,37,41,46,53,59,60,93,94,95" machi="14" ten="30,6000,0" yaku="1,1,0,1,52,1,53,0" doraHai="36" doraHaiUra="20" who="3" fromWho="3" sc="148,-24,226,-24,449,-24,157,92" /><INIT seed="3,5,0,4,1,120" ten="124,202,425,249" oya="3" hai0="9,17,94,18,118,89,109,133,74,87,10,22,124" hai1="16,34,69,21,134,82,64,47,55,92,51,129,52" hai2="38,98,117,49,127,5,59,35,20,36,40,73,3" hai3="7,126,108,26,39,104,4,113,135,61,114,90,57"/><W77/><G104/><T42/><D74/><U70/><E34/><V53/><F35/><W122/><G39/><T32/><D32/><U56/><E129/><V86/><F73/><W79/><G122/><T45/><D118/><U66/><E134/><V24/><F117/><W110/><G26/><T100/><D100/><U31/><E31/><V41/><F127/><W102/><G102/><T123/><D123/><U83/><E92/><V2/><F98/><W11/><G126/><T116/><D116/><U130/><E130/><V84/><F3/><N who="3" m="415" /><G7/><T71/><D71/><U29/><E29/><V14/><F2/><W58/><G90/><T112/><D124/><U23/><E23/><V72/><F38/><W62/><G135/><T121/><D121/><U132/><E132/><V96/><F36/><W131/><G131/><T75/><D75/><U6/><E6/><V125/><F24/><W119/><G119/><T48/><D112/><N who="3" m="43113" /><G79/><T65/><D65/><N who="1" m="25195" /><E83/><V111/><BYE who="1" /><F5/><W1/><G77/><UN n1="%E3%81%8A%E3%83%BC%E3%81%84%E3%81%8A%E8%8C%B6" /><T37/><D37/><U97/><E82/><V128/><F125/><W27/><G27/><T81/><D133/><U76/><E76/><V60/><F128/><W115/><G1/><T88/><D89/><U101/><E101/><V0/><F0/><W63/><N who="3" m="43121" /><W93/><DORA hai="103" /><G93/><T46/><D81/><U28/><E28/><V106/><F106/><W8/><G8/><T43/><D9/><U50/><E97/><V25/><F96/><W85/><G85/><T67/><D10/><U68/><E68/><V33/><F84/><W105/><G105/><T107/><D107/><RYUUKYOKU ba="5,0" sc="124,-15,202,15,425,-15,249,15" hai1="16,21,47,50,51,52,55,56,69,70" hai3="57,58,61,62,63,108,110" /><INIT seed="3,6,0,1,0,30" ten="109,217,410,264" oya="3" hai0="125,68,118,51,127,66,44,1,129,71,56,38,75" hai1="93,92,90,135,13,20,28,107,85,89,77,122,35" hai2="84,31,62,24,9,100,15,45,42,88,32,48,123" hai3="17,101,12,55,111,46,21,98,70,72,19,60,120"/><W91/><G120/><T73/><D1/><U5/><E122/><V134/><F134/><W4/><G72/><N who="0" m="27723" /><D38/><U121/><E121/><V124/><F124/><N who="0" m="47690" /><D129/><U11/><E107/><V8/><F123/><W69/><G4/><T26/><D118/><U126/><E126/><V108/><F108/><W23/><G111/><T53/><D26/><U81/><E135/><V59/><F100/><W50/><G91/><T34/><D34/><U16/><E35/><V114/><F15/><W39/><G60/><AGARI ba="6,0" hai="44,51,53,56,60,66,68,71" m="47690,27723" machi="60" ten="30,1000,0" yaku="18,1" doraHai="30" who="0" fromWho="3" sc="109,28,217,0,410,0,264,-28" /><INIT seed="4,0,0,2,1,82" ten="137,217,410,236" oya="0" hai0="7,64,25,102,84,76,80,41,70,117,46,109,106" hai1="85,36,22,10,39,59,29,88,78,110,99,97,124" hai2="1,61,79,118,49,123,57,133,52,4,5,105,38" hai3="63,16,34,116,132,19,107,96,24,60,31,45,108"/><T40/><D117/><U90/><E110/><V128/><F105/><W104/><G108/><T111/><D25/><N who="1" m="16567" /><E36/><V56/><F38/><W62/><G116/><T17/><D41/><U125/><E39/><V126/><F1/><W113/><G132/><T89/><D7/><U98/><E10/><V129/><F123/><W23/><G45/><T68/><D17/><U65/><E65/><N who="2" m="39079" /><F118/><W87/><G113/><T103/><D70/><U119/><E59/><V74/><F133/><W81/><G96/><T73/><D64/><U75/><E75/><V8/><F8/><W86/><G81/><T101/><D68/><U83/><E119/><V67/><F67/><W35/><G31/><T92/><REACH who="0" step="1"/><D106/><REACH who="0" ten="127,217,410,236" step="2"/><U51/><E125/><V121/><F126/><W94/><G19/><T14/><D14/><U71/><E71/><V21/><F5/><W131/><G107/><T127/><D127/><U15/><E15/><V47/><F4/><W37/><G104/><T130/><D130/><U9/><E124/><V18/><F129/><W2/><G131/><T3/><D3/><U135/><E135/><V13/><F128/><W112/><G2/><T120/><D120/><U11/><E11/><V6/><F121/><W55/><G16/><T42/><D42/><U54/><E9/><V43/><F6/><W77/><G24/><T0/><D0/><U115/><E115/><V33/><F43/><W91/><G112/><T44/><D44/><U114/><E114/><V12/><F47/><W50/><G37/><AGARI ba="0,1" hai="37,40,46,73,76,80,84,89,92,101,102,103,109,111" machi="37" ten="40,3900,0" yaku="1,1,52,1,53,0" doraHai="82" doraHaiUra="30" who="0" fromWho="3" sc="127,49,217,0,410,0,236,-39" /><INIT seed="4,1,0,2,4,16" ten="176,217,410,197" oya="0" hai0="128,76,74,53,101,30,7,12,13,103,88,62,80" hai1="124,87,2,44,113,45,127,24,86,71,112,48,56" hai2="82,97,92,64,110,122,90,37,106,94,96,25,58" hai3="3,59,98,107,100,28,41,129,14,1,78,83,60"/><T8/><D128/><U32/><E2/><V116/><F37/><W26/><G129/><T40/><D40/><U105/><E105/><V50/><F106/><W43/><G14/><T132/><D132/><U125/><E71/><V35/><F110/><W15/><G15/><T55/><D13/><U65/><E32/><V38/><F38/><W18/><G18/><T47/><D30/><U118/><E24/><V79/><F122/><W93/><G93/><T63/><D88/><U51/><E118/><V27/><F35/><W84/><G3/><T66/><D63/><N who="1" m="38119" /><E86/><N who="2" m="48479" /><F116/><W33/><G1/><T126/><D126/><U102/><E87/><V54/><F64/><AGARI ba="1,0" hai="26,28,33,41,43,59,60,64,78,83,84,98,100,107" machi="64" ten="30,1000,0" yaku="7,1" doraHai="16" who="3" fromWho="2" sc="176,0,217,0,410,-13,197,13" /><INIT seed="5,0,0,0,4,112" ten="176,217,397,210" oya="1" hai0="16,17,126,34,15,76,10,19,40,39,127,106,78" hai1="101,65,31,123,134,53,85,54,12,14,113,132,117" hai2="6,50,30,33,11,95,21,69,75,133,36,77,0" hai3="64,108,46,38,80,63,97,87,59,52,135,102,98"/><U8/><E123/><V9/><F36/><W23/><G135/><N who="1" m="51754" /><E113/><V86/><F69/><W119/><G108/><T26/><D106/><U73/><E73/><V93/><F75/><W105/><G98/><T115/><D115/><U130/><E130/><V47/><F33/><W66/><G23/><N who="0" m="13671" /><D19/><N who="1" m="8583" /><E31/><V24/><F11/><W128/><G128/><T129/><D34/><U68/><E117/><V27/><F27/><W29/><G29/><T43/><D129/><U96/><E85/><V114/><F114/><W51/><G38/><T84/><D39/><U61/><E14/><N who="2" m="5431" /><F133/><W124/><G124/><N who="0" m="47659" /><D84/><U70/><E70/><V5/><F5/><W57/><G57/><T91/><D91/><U48/><E48/><V20/><F20/><W18/><G18/><T81/><D81/><U111/><E111/><V67/><F0/><W55/><REACH who="3" step="1"/><G119/><REACH who="3" ten="176,217,397,200" step="2"/><T13/><D13/><U62/><E62/><V122/><F21/><W1/><G1/><T41/><AGARI ba="0,1" hai="10,15,17,40,41,43,76,78" m="47659,13671" machi="41" ten="30,2000,0" yaku="18,1,54,1" doraHai="112" who="0" fromWho="0" sc="176,30,217,-10,397,-5,200,-5" /><INIT seed="6,0,0,1,5,44" ten="206,207,392,195" oya="2" hai0="43,99,3,74,66,90,120,41,57,21,45,12,29" hai1="96,77,64,42,91,54,115,63,101,31,15,107,98" hai2="128,111,51,81,58,7,19,56,106,32,38,6,68" hai3="55,119,112,94,5,78,59,37,11,122,97,48,49"/><V34/><F81/><W47/><G122/><T80/><D3/><U39/><E77/><V71/><F19/><W104/><G119/><T33/><D33/><U40/><E115/><V23/><F23/><W60/><G104/><T62/><D74/><U70/><E39/><V8/><F8/><W9/><G78/><T85/><D120/><U30/><E15/><V25/><F25/><W132/><G132/><T92/><D45/><U22/><E54/><V26/><F26/><W126/><G126/><T75/><D75/><U124/><E124/><V130/><F106/><W14/><G9/><T17/><REACH who="0" step="1"/><D29/><REACH who="0" ten="196,207,392,195" step="2"/><U1/><E1/><V13/><F34/><W27/><G112/><T18/><D18/><U129/><E31/><V4/><F32/><W35/><G35/><T52/><D52/><U127/><E127/><V20/><F6/><W82/><G27/><T103/><AGARI ba="0,1" hai="12,17,21,41,43,57,62,66,80,85,90,92,99,103" machi="103" ten="20,5200,0" yaku="1,1,0,1,7,1,8,1,53,0" doraHai="44" doraHaiUra="118" who="0" fromWho="0" sc="196,62,207,-13,392,-26,195,-13" /><INIT seed="7,0,0,0,2,116" ten="258,194,366,182" oya="3" hai0="46,3,33,1,79,123,118,15,124,0,52,29,59" hai1="115,69,26,119,88,80,47,7,105,34,100,108,86" hai2="97,117,75,130,63,74,42,28,18,104,16,14,85" hai3="25,55,98,41,128,38,50,82,43,61,68,17,81"/><W99/><G38/><T11/><D123/><U65/><E108/><V4/><F18/><W110/><G110/><T54/><D79/><U58/><E119/><V129/><F28/><W107/><G107/><T13/><D13/><U45/><E58/><V36/><F4/><W73/><G73/><T70/><D70/><U8/><E115/><V62/><F85/><W49/><G68/><T44/><D54/><U23/><E8/><V22/><F117/><W131/><G61/><T101/><D101/><U5/><E47/><N who="2" m="24007" /><F63/><W121/><G55/><T53/><D124/><U122/><E45/><V40/><F40/><W106/><G106/><T92/><D92/><U32/><E122/><V10/><F10/><W91/><G121/><T76/><D76/><U84/><E84/><V51/><F51/><W71/><G71/><T72/><D72/><U66/><E66/><V87/><F87/><W35/><G17/><T109/><D109/><U12/><E12/><V83/><F83/><W132/><G132/><T64/><D53/><U102/><E32/><V57/><F57/><W78/><G78/><T30/><D64/><U120/><E120/><V48/><F48/><W39/><G35/><T60/><D118/><U94/><E34/><V21/><F62/><W126/><G39/><T77/><D77/><N who="1" m="46351" /><E69/><V134/><F134/><W2/><G2/><T6/><REACH who="0" step="1"/><D30/><REACH who="0" ten="248,194,366,182" step="2"/><N who="1" m="17759" /><E65/><V103/><F75/><W95/><G126/><T135/><D135/><U27/><E105/><V90/><F74/><W93/><G91/><T9/><D9/><U96/><E27/><AGARI ba="0,1" hai="25,27,41,43,49,50,81,82,93,95,98,99,128,131" machi="27" ten="25,2400,0" yaku="22,2" doraHai="116" who="3" fromWho="1" sc="248,0,194,-24,366,0,182,34" /><AGARI ba="0,0" hai="0,1,3,6,11,15,27,29,33,44,46,52,59,60" machi="27" ten="40,2600,0" yaku="1,1,54,1,53,0" doraHai="116" doraHaiUra="113" who="0" fromWho="1" sc="248,26,170,-26,366,0,216,0" /><INIT seed="7,1,0,0,2,22" ten="274,144,366,216" oya="3" hai0="1,120,97,90,24,62,39,96,47,114,19,26,21" hai1="45,51,8,109,133,113,98,125,76,29,128,6,2" hai2="10,91,35,68,86,108,44,104,54,78,50,41,25" hai3="66,84,126,110,46,36,111,94,82,30,56,130,107"/><W89/><G107/><T71/><D1/><U63/><E109/><N who="3" m="41482" /><G126/><T28/><D120/><U33/><E125/><V95/><F104/><W58/><G130/><T135/><D135/><U93/><E133/><V134/><F68/><W27/><G66/><T60/><D114/><U42/><E128/><V74/><F74/><W85/><G46/><T70/><D70/><U69/><E113/><V123/><F44/><W116/><G36/><T53/><D71/><U38/><E76/><V73/><F54/><W18/><G18/><T119/><D119/><U81/><E81/><V55/><F55/><W132/><G132/><T57/><D60/><U32/><E29/><V131/><F41/><W92/><G92/><T122/><D90/><U65/><REACH who="1" step="1"/><E38/><REACH who="1" ten="274,134,366,216" step="2"/><V77/><F134/><W9/><G116/><T100/><D122/><U67/><E67/><V106/><F77/><N who="3" m="46159" /><G9/><T3/><D39/><U11/><E11/><V48/><F10/><W15/><G15/><T31/><D3/><U112/><E112/><V129/><F129/><W17/><G17/><T80/><D80/><U37/><E37/><V103/><F131/><W88/><G89/><AGARI ba="1,1" hai="2,6,8,32,33,42,45,51,63,65,69,89,93,98" machi="89" ten="30,2000,0" yaku="1,1,7,1,53,0" doraHai="22" doraHaiUra="75" who="1" fromWho="3" sc="274,0,134,33,366,0,216,-23" owari="274,7.0,167,-33.0,366,47.0,193,-21.0" /></mjloggm>