<mjloggm ver="2.3"><GO type="97" lobby="0"/><UN n0="%E2%80%A0%E3%83%9E%E3%83%9B%E3%81%9F%EF%BD%8E%E2%80%A0" n1="%67%61%63%68%69%33" n2="%E3%82%A6%E3%83%AB%E3%83%88%E3%83%A9%E7%AB%8B%E7%9B%B4" n3="%E4%B8%80%E9%80%A3%E5%8D%93%E4%B8%8A" dan="14,13,14,15" rate="1993.77,1825.17,1942.55,1954.95" sx="F,M,M,M"/><TAIKYOKU oya="0"/><INIT seed="0,0,0,3,0,43" ten="250,250,250,250" oya="0" hai0="77,101,66,103,78,32,97,49,113,64,106,41,18" hai1="1,81,56,70,27,91,131,25,71,133,51,53,63" hai2="28,76,75,126,85,54,58,4,19,26,90,3,84" hai3="48,104,61,29,37,127,95,125,21,67,107,8,15"/><T98/><D32/><U73/><E133/><V52/><F126/><N who="3" m="48139" /><G37/><T24/><D113/><U74/><E131/><V68/><F68/><N who="3" m="42095" /><G95/><T31/><D18/><U69/><E1/><V17/><F75/><W30/><G48/><T112/><D112/><U50/><E50/><V10/><F76/><W83/><G83/><T132/><D132/><U122/><E122/><V59/><F59/><W65/><G65/><T128/><D128/><U117/><E117/><V20/><F54/><W135/><G135/><T14/><D14/><U82/><E82/><V0/><F0/><W42/><G42/><T108/><D108/><U124/><E124/><V102/><F102/><BYE who="2" /><W46/><G46/><T79/><D49/><U118/><E118/><V134/><F134/><W16/><G8/><T60/><D41/><U36/><E36/><V23/><F23/><W92/><G92/><UN n2="%E3%82%A6%E3%83%AB%E3%83%88%E3%83%A9%E7%AB%8B%E7%9B%B4" /><T116/><D116/><U62/><E62/><V5/><F5/><W93/><G93/><T57/><D66/><U123/><E123/><V96/><F96/><W109/><G109/><T45/><D45/><U11/><E11/><V39/><F39/><W2/><G2/><T100/><REACH who="0" step="1"/><D106/><AGARI ba="0,0" hai="15,16,21,29,30,104,106,107" m="42095,48139" machi="106" ten="30,2000,0" yaku="18,1,54,1" doraHai="43" who="3" fromWho="0" sc="250,-20,250,0,250,0,250,20" /><INIT seed="1,0,0,4,1,46" ten="230,250,250,270" oya="1" hai0="88,56,108,38,126,97,90,66,4,104,121,16,74" hai1="48,81,64,47,30,34,57,17,54,70,125,84,28" hai2="19,112,69,85,119,26,31,132,102,35,100,93,14" hai3="122,130,116,41,52,21,22,23,73,114,82,15,75"/><U118/><E118/><V127/><F119/><W12/><G114/><T96/><D38/><U63/><E125/><V5/><F127/><W131/><G116/><T106/><D126/><U27/><E34/><V24/><F132/><W110/><G122/><T1/><D74/><U40/><E27/><V50/><F69/><W36/><G110/><T111/><D121/><U10/><E17/><V43/><F112/><W77/><G75/><T62/><D4/><U133/><E10/><N who="2" m="4431" /><F35/><W51/><G41/><T20/><D1/><U58/><E133/><V98/><F31/><W60/><G60/><T113/><D113/><U86/><E86/><V78/><F100/><W94/><G94/><N who="0" m="56391" /><D90/><U44/><E44/><N who="2" m="25887" /><F19/><W105/><G105/><T3/><D3/><U45/><E45/><V11/><F11/><W68/><G36/><T37/><D97/><U9/><E9/><V13/><F13/><W99/><G99/><T109/><D37/><N who="1" m="21903" /><E58/><V117/><F117/><W128/><G68/><T25/><AGARI ba="0,0" hai="16,20,25,56,62,66,104,106,108,109,111" m="56391" machi="25" ten="30,4000,0" yaku="14,1,54,2" doraHai="46" who="0" fromWho="0" sc="230,40,250,-20,250,-10,270,-10" /><INIT seed="2,0,0,4,3,118" ten="270,230,240,260" oya="2" hai0="55,123,1,31,97,15,14,87,51,101,95,92,70" hai1="50,115,9,99,54,83,86,94,64,5,2,63,76" hai2="20,25,41,132,17,104,40,75,117,74,8,105,13" hai3="10,98,45,106,26,67,103,107,32,131,18,11,47"/><V135/><F117/><W89/><G131/><T71/><D123/><U122/><E115/><V46/><F104/><W129/><G129/><T73/><D1/><U16/><E122/><V85/><F105/><W78/><G106/><T36/><D36/><U56/><E16/><V79/><F85/><W91/><G78/><T125/><D73/><U19/><E19/><V133/><F79/><W111/><G111/><T58/><D125/><U84/><E99/><V114/><F114/><W39/><G67/><T53/><D31/><U72/><REACH who="1" step="1"/><E94/><REACH who="1" ten="270,220,240,260" step="2"/><V116/><F116/><W52/><G18/><T113/><D95/><U130/><E130/><V33/><F33/><W134/><G32/><T23/><D92/><U82/><E82/><V108/><F108/><W88/><G26/><T43/><D97/><U0/><E0/><V77/><F77/><W110/><G110/><T100/><D113/><U27/><E27/><V7/><REACH who="2" step="1"/><F41/><REACH who="2" ten="270,220,230,260" step="2"/><W48/><G107/><T42/><D42/><U29/><E29/><V3/><F3/><W120/><G98/><T6/><D43/><U109/><E109/><V61/><F61/><W66/><G39/><AGARI ba="0,2" hai="7,8,13,17,20,25,39,40,46,74,75,132,133,135" machi="39" ten="40,3900,0" yaku="1,1,20,1,53,0" doraHai="118" doraHaiUra="57" who="2" fromWho="3" sc="270,0,220,0,230,59,260,-39" /><INIT seed="2,1,0,5,0,93" ten="270,220,289,221" oya="2" hai0="45,3,46,4,58,101,68,95,70,39,117,65,87" hai1="15,28,75,49,56,19,36,78,84,122,47,134,133" hai2="9,72,114,82,5,132,0,128,16,110,135,102,124" hai3="2,83,48,111,24,64,26,20,73,108,116,27,61"/><V107/><F114/><W8/><G116/><T119/><D4/><U35/><E122/><V59/><F124/><W52/><G73/><T44/><D3/><U38/><E75/><V100/><F128/><W130/><G130/><T51/><D87/><U33/><E33/><V7/><F110/><N who="3" m="42027" /><G83/><T71/><D95/><U43/><E56/><V86/><F72/><W103/><G103/><T18/><D18/><U81/><E28/><V12/><F59/><N who="3" m="33159" /><G8/><T55/><D101/><N who="2" m="39018" /><F107/><W98/><G2/><T106/><D106/><U62/><E62/><V94/><F94/><W21/><G98/><T40/><D65/><U66/><E66/><V74/><F74/><W34/><G34/><T120/><D120/><U79/><E79/><N who="2" m="46431" /><F0/><W17/><G17/><T63/><D63/><U11/><E35/><V77/><F77/><W96/><G96/><T97/><D97/><U85/><E85/><V42/><F7/><W121/><G121/><T54/><D54/><U60/><E60/><V105/><F105/><W89/><G89/><T53/><D53/><U129/><E129/><V88/><F88/><W76/><G76/><T6/><D6/><U91/><E78/><V22/><F22/><W10/><G10/><T30/><D30/><U13/><E13/><V37/><F5/><W25/><N who="3" m="6656" /><DORA hai="69" /><W104/><G104/><T113/><D113/><U126/><E126/><V112/><F112/><W50/><G50/><T127/><D127/><U109/><E38/><V23/><F9/><W125/><G125/><T1/><D1/><U118/><E109/><V131/><F131/><W31/><G31/><RYUUKYOKU ba="1,0" sc="270,10,220,-30,289,10,221,10" hai0="39,40,44,45,46,51,55,58,68,70,71,117,119" hai2="12,16,23,37,42,132,135" hai3="20,21,61,64" /><INIT seed="2,2,0,2,1,18" ten="280,190,299,231" oya="2" hai0="133,125,62,46,89,19,43,30,12,35,26,0,36" hai1="109,84,66,118,40,11,7,9,25,71,135,96,14" hai2="60,70,34,123,92,45,6,69,132,102,56,108,126" hai3="5,99,73,68,50,115,63,48,20,52,101,42,98"/><V128/><F34/><W37/><G73/><T74/><D0/><U24/><E118/><V86/><F123/><W31/><G115/><T27/><D74/><U87/><E135/><V127/><F132/><W57/><G5/><T76/><D133/><U88/><E109/><V16/><F6/><W130/><G130/><T129/><D76/><U80/><E96/><N who="3" m="36906" /><G68/><N who="2" m="26217" /><F102/><W112/><G112/><T117/><D89/><U44/><E71/><V91/><F108/><W119/><G37/><T131/><D117/><U8/><E66/><N who="2" m="39175" /><F16/><W116/><G116/><T82/><D82/><U83/><E9/><V72/><F72/><W103/><G119/><T120/><D120/><U124/><E124/><N who="2" m="47659" /><F45/><N who="3" m="25655" /><G63/><T100/><D125/><U17/><E17/><V39/><F39/><W38/><G38/><T1/><D1/><U134/><E134/><V114/><F128/><N who="0" m="49226" /><D100/><U79/><E11/><V53/><F53/><W59/><G59/><T10/><D27/><AGARI ba="2,0" hai="20,27,31,50,52,57,101,103" m="25655,36906" machi="27" ten="30,3900,0" yaku="8,1,52,1,54,1" doraHai="18" who="3" fromWho="0" sc="280,-45,190,0,299,0,231,45" /><INIT seed="3,0,0,1,0,116" ten="235,190,299,276" oya="3" hai0="82,53,113,28,126,67,107,101,72,15,69,9,22" hai1="46,111,40,85,41,118,87,125,95,3,51,88,108" hai2="52,134,104,135,132,56,97,8,73,38,127,7,26" hai3="91,16,86,96,99,57,115,102,74,54,31,110,27"/><W58/><G74/><T77/><D126/><U39/><E3/><N who="2" m="127" /><F38/><W94/><G115/><T112/><D53/><U30/><E125/><V20/><F73/><W84/><G110/><N who="1" m="42026" /><E118/><V117/><F117/><W62/><G57/><T131/><D131/><U59/><E30/><N who="2" m="17735" /><F127/><W0/><G0/><T120/><D120/><U23/><E23/><V124/><F124/><W55/><G55/><T34/><D34/><U78/><E78/><V37/><F37/><W32/><REACH who="3" step="1"/><G16/><REACH who="3" ten="235,190,299,266" step="2"/><T21/><D69/><U130/><E59/><V100/><F100/><W24/><BYE who="2" /><G24/><T70/><D101/><U65/><E130/><V63/><F63/><W19/><G19/><T68/><D68/><U79/><E65/><V128/><F128/><W103/><G103/><UN n2="%E3%82%A6%E3%83%AB%E3%83%88%E3%83%A9%E7%AB%8B%E7%9B%B4" /><T109/><D70/><U114/><E114/><V71/><F71/><W2/><G2/><T4/><D113/><U75/><E75/><V106/><F52/><W42/><G42/><T133/><D112/><U48/><E40/><V47/><F56/><W33/><G33/><T83/><D109/><U50/><E79/><V98/><F47/><W10/><G10/><T43/><D9/><U44/><E44/><V36/><F36/><W89/><G89/><T92/><D77/><U90/><E90/><V80/><F80/><W1/><G1/><T12/><D83/><U129/><E129/><V13/><F13/><W121/><G121/><T45/><D15/><U64/><E64/><V93/><F93/><AGARI ba="0,1" hai="27,31,32,54,58,62,84,86,91,93,94,96,99,102" machi="93" ten="30,11600,0" yaku="1,1,7,1,53,2" doraHai="116" doraHaiUra="81" who="3" fromWho="2" sc="235,0,190,0,299,-116,266,126" owari="235,4.0,190,-21.0,183,-32.0,392,49.0" /></mjloggm>