<mjloggm ver="2.3"><GO type="41" lobby="0"/><UN n0="%E3%82%A6%E3%83%AB%E3%83%88%E3%83%A9%E7%AB%8B%E7%9B%B4" n1="%E5%AE%9D%E7%AE%B1" n2="%6D%69%73%64%6F%21" n3="%79%6F%73%68%69%31%30%32" dan="15,13,15,13" rate="1990.65,1895.13,2206.00,1811.48" sx="M,M,M,M"/><TAIKYOKU oya="0"/><INIT seed="0,0,0,1,1,93" ten="250,250,250,250" oya="0" hai0="92,54,20,85,127,119,102,8,22,55,117,125,30" hai1="115,32,131,118,97,16,76,73,27,1,114,38,59" hai2="17,62,113,126,135,108,67,33,25,37,6,40,103" hai3="31,133,5,105,44,34,3,35,70,7,89,56,2"/><T112/><D8/><U91/><E118/><V13/><F113/><N who="1" m="43017" /><E38/><V18/><F108/><W23/><G70/><T0/><D112/><U82/><E1/><V49/><F37/><W42/><G105/><T101/><D92/><N who="1" m="56479" /><E59/><V52/><F40/><W72/><G72/><T10/><D10/><U83/><E131/><V106/><F135/><W124/><G56/><T110/><D85/><U129/><E129/><V132/><F132/><W130/><G130/><T68/><D68/><U95/><E95/><V104/><F126/><W19/><G89/><T123/><D30/><U69/><E69/><V122/><F122/><W29/><G133/><T90/><D90/><U43/><E43/><V111/><F106/><W71/><G71/><T74/><D74/><U65/><E65/><V11/><F104/><W39/><G124/><T46/><D46/><U64/><E64/><V96/><F67/><W14/><G39/><T9/><D9/><U51/><E51/><V41/><F41/><W121/><G42/><T98/><D0/><N who="3" m="41" /><G44/><T47/><D47/><U58/><E58/><V50/><F50/><W107/><G107/><T80/><D123/><U28/><E83/><V75/><F62/><W48/><G48/><T57/><D80/><U53/><E53/><V45/><F49/><W94/><G94/><T15/><D57/><U26/><E26/><V109/><F25/><W100/><G100/><T36/><D36/><U88/><E88/><V128/><F52/><W12/><G121/><T4/><D125/><U24/><E24/><V79/><F128/><W116/><G116/><T81/><D127/><RYUUKYOKU ba="0,0" sc="250,-10,250,30,250,-10,250,-10" hai1="16,27,28,32,73,76,82" /><INIT seed="1,1,0,4,0,37" ten="240,280,240,240" oya="1" hai0="97,27,96,78,90,86,19,70,73,84,132,122,43" hai1="59,72,100,13,9,74,30,133,17,87,20,102,85" hai2="116,77,71,60,99,109,10,48,135,105,14,63,117" hai3="22,53,28,80,42,89,57,18,55,39,129,5,44"/><U98/><E133/><V92/><F105/><W56/><G129/><T106/><D70/><U3/><E59/><V31/><F135/><W49/><G28/><T34/><D132/><U113/><E113/><V120/><F120/><W36/><G5/><T32/><D32/><U115/><E115/><V110/><F77/><W66/><G66/><T95/><D34/><U11/><E3/><V82/><F82/><W62/><G80/><N who="0" m="45135" /><D27/><U79/><E79/><V21/><F48/><W131/><G131/><T12/><D12/><U88/><E72/><V23/><F31/><W7/><G7/><T33/><D43/><U0/><E74/><V26/><F26/><W64/><G89/><N who="0" m="53671" /><D19/><U124/><E0/><V45/><F71/><W41/><G22/><T6/><D6/><U81/><E124/><V91/><F45/><N who="3" m="23719" /><G18/><T52/><D52/><N who="3" m="20041" /><G39/><T8/><D8/><N who="1" m="3147" /><E30/><V38/><F38/><W123/><G123/><T61/><D33/><U50/><E50/><V29/><F29/><W114/><G114/><T128/><D128/><U134/><E134/><V94/><F10/><W58/><AGARI ba="1,0" hai="42,44,49,56,57,58,62,64" m="20041,23719" machi="58" ten="30,16000,3" yaku="35,5,52,2,54,1" doraHai="37" who="3" fromWho="3" sc="240,-41,280,-81,240,-41,240,163" /><INIT seed="2,0,0,5,1,42" ten="199,199,199,403" oya="2" hai0="23,115,72,45,19,99,125,7,130,123,94,33,35" hai1="102,86,30,12,61,66,119,70,120,128,6,10,92" hai2="62,108,64,93,49,117,116,22,90,48,131,133,0" hai3="96,98,69,60,111,16,56,68,103,50,4,65,110"/><V75/><F75/><W58/><G58/><T113/><D72/><U74/><E119/><V71/><F0/><W87/><G4/><T89/><D123/><U118/><E74/><V51/><F133/><W105/><G96/><T121/><D121/><U44/><E118/><V79/><F79/><W8/><G87/><T82/><D125/><U38/><E120/><V39/><F39/><W27/><G50/><T67/><D130/><U15/><E128/><V85/><F131/><W54/><G54/><T36/><D33/><U101/><E30/><V84/><F84/><W1/><G1/><T9/><D35/><U122/><E122/><V21/><F117/><W28/><G8/><T57/><D82/><U40/><REACH who="1" step="1"/><E15/><REACH who="1" ten="199,189,199,403" step="2"/><V46/><F116/><W83/><G110/><T14/><D115/><U134/><E134/><V135/><F108/><W124/><G111/><T106/><D113/><U127/><E127/><V5/><F135/><W47/><G124/><T129/><D129/><U81/><E81/><V43/><REACH who="2" step="1"/><F5/><REACH who="2" ten="199,189,189,403" step="2"/><W32/><G83/><T53/><D7/><U20/><E20/><V52/><F52/><W126/><G126/><T37/><D23/><U29/><E29/><V55/><F55/><W80/><G80/><T132/><D132/><U114/><E114/><V95/><F95/><W18/><G105/><T63/><D106/><U107/><E107/><V26/><F26/><W88/><G69/><T11/><D53/><U24/><E24/><V100/><F100/><W25/><G25/><T91/><D67/><U34/><E34/><V13/><F13/><W3/><G3/><RYUUKYOKU ba="0,2" sc="199,-15,189,15,189,15,403,-15" hai1="6,10,12,38,40,44,61,66,70,86,92,101,102" hai2="21,22,43,46,48,49,51,62,64,71,85,90,93" /><INIT seed="2,1,2,3,1,29" ten="184,204,204,388" oya="2" hai0="78,1,68,69,33,45,27,31,116,28,55,49,36" hai1="22,35,19,81,60,24,39,70,76,79,99,6,17" hai2="134,47,15,97,103,67,84,130,101,112,52,124,83" hai3="94,51,86,34,95,75,122,77,56,37,54,127,5"/><V135/><F112/><W126/><G122/><T82/><D116/><U42/><E6/><V121/><F121/><W107/><G107/><T72/><D1/><U74/><E79/><V14/><F67/><W32/><G37/><T43/><REACH who="0" step="1"/><D31/><REACH who="0" ten="174,204,204,388" step="2"/><U16/><E39/><V7/><F130/><W114/><G114/><T87/><D87/><U13/><E74/><V88/><F124/><W38/><G75/><T21/><D21/><U30/><E99/><V9/><F97/><W20/><G20/><T8/><D8/><U92/><E22/><V131/><F131/><W3/><G3/><T110/><D110/><U62/><E35/><V98/><F98/><W102/><G126/><T132/><D132/><N who="2" m="50730" /><F15/><W64/><G127/><T120/><D120/><U50/><E13/><V10/><F10/><W109/><G109/><T46/><AGARI ba="1,3" hai="27,28,33,36,43,45,46,49,55,68,69,72,78,82" machi="46" ten="20,5200,0" yaku="1,1,0,1,7,1,52,1,53,0" doraHai="29" doraHaiUra="0" who="0" fromWho="0" sc="174,85,204,-14,204,-27,388,-14" /><INIT seed="3,0,0,1,2,26" ten="259,190,177,374" oya="3" hai0="132,81,112,106,91,116,7,6,80,30,1,87,121" hai1="37,57,119,109,59,105,0,63,32,101,86,60,3" hai2="19,103,31,131,16,113,68,88,5,38,44,104,93" hai3="120,10,13,4,128,53,11,126,15,129,99,66,96"/><W58/><G66/><T111/><D106/><U12/><E37/><V89/><F113/><W2/><G2/><T78/><D116/><U74/><E32/><V36/><F68/><W71/><G71/><T22/><D121/><U114/><E74/><V84/><F5/><W123/><G126/><T39/><D39/><U92/><E119/><V50/><F131/><W62/><G99/><T47/><D111/><U133/><E114/><V42/><F103/><W107/><G107/><T29/><D132/><U122/><E122/><V135/><F104/><W41/><G41/><T77/><D112/><U124/><E133/><V35/><F135/><W23/><G23/><T115/><D115/><U25/><E109/><V73/><F73/><W52/><G53/><T46/><D22/><U110/><E110/><V97/><F38/><W20/><G20/><T67/><D91/><U45/><E124/><V40/><F40/><W28/><G96/><T102/><D102/><U90/><E25/><V85/><F36/><W64/><G64/><T82/><D67/><U94/><E45/><N who="0" m="16905" /><D1/><U56/><E105/><V75/><F75/><W79/><G79/><N who="0" m="30219" /><D87/><U69/><E69/><V117/><F117/><W70/><G70/><T108/><D108/><U134/><E134/><V17/><REACH who="2" step="1"/><F89/><REACH who="2" ten="259,190,167,374" step="2"/><W95/><G120/><T8/><D6/><U48/><E101/><V100/><F100/><W24/><G123/><T51/><D7/><U98/><E90/><V125/><F125/><W127/><G127/><T76/><D76/><U118/><E118/><V18/><N who="2" m="4608" /><DORA hai="21" /><V83/><F83/><N who="0" m="21250" /><T130/><DORA hai="61" /><D130/><RYUUKYOKU ba="0,1" sc="259,-10,190,-10,167,30,374,-10" hai2="31,35,42,44,50,84,85,88,93,97" /><INIT seed="4,1,1,0,3,52" ten="249,180,197,364" oya="0" hai0="122,121,5,26,125,37,76,27,23,130,84,11,28" hai1="117,74,113,35,13,129,47,24,43,70,99,4,3" hai2="42,25,106,32,39,104,0,34,36,116,45,101,64" hai3="111,107,127,19,51,75,81,128,38,118,105,83,77"/><T22/><D37/><U57/><E74/><V110/><F110/><W98/><G111/><T93/><D125/><U2/><E70/><V12/><F0/><W20/><BYE who="1" /><G38/><T56/><D130/><U78/><E78/><V133/><F39/><UN n1="%E5%AE%9D%E7%AE%B1" /><W31/><G118/><T72/><D72/><U100/><E117/><V115/><F116/><W63/><G31/><T126/><D126/><U29/><E129/><V48/><F115/><W112/><G63/><T18/><D56/><U108/><E108/><V59/><F133/><W123/><G127/><T90/><REACH who="0" step="1"/><D76/><REACH who="0" ten="239,180,197,364" step="2"/><U109/><E109/><V1/><F36/><W132/><G128/><T49/><D49/><U58/><E113/><V92/><F59/><W44/><G123/><T85/><D85/><U14/><E2/><AGARI ba="1,2" hai="2,5,11,18,22,23,26,27,28,84,90,93,121,122" machi="2" ten="30,5800,0" yaku="1,1,7,1,53,1" doraHai="52" doraHaiUra="86" who="0" fromWho="1" sc="239,81,180,-61,197,0,364,0" /><INIT seed="4,2,0,1,4,23" ten="320,119,197,364" oya="0" hai0="26,33,4,69,45,10,49,129,43,22,19,110,133" hai1="91,80,61,120,99,102,59,39,1,50,95,115,96" hai2="14,119,27,94,92,114,62,3,86,63,40,124,131" hai3="107,89,128,134,113,17,58,15,11,54,105,24,127"/><T29/><D69/><U32/><E1/><V60/><F3/><W57/><G113/><T77/><D129/><U90/><E32/><V130/><F114/><W117/><G117/><T106/><D106/><U76/><E39/><V101/><F119/><W8/><G128/><N who="2" m="49193" /><F40/><W122/><G127/><T83/><D133/><U5/><E120/><V88/><F124/><W87/><G122/><T21/><D110/><U25/><E115/><V6/><F101/><W100/><G134/><T7/><D19/><U12/><E50/><V71/><F71/><W123/><G123/><T47/><D47/><U30/><E12/><V103/><F103/><W56/><G11/><T0/><D7/><U75/><E5/><V28/><F14/><W64/><G64/><T35/><REACH who="0" step="1"/><D33/><REACH who="0" ten="310,119,197,364" step="2"/><U135/><E135/><V93/><F6/><W66/><G105/><T52/><D52/><U68/><E68/><V125/><F125/><W46/><G66/><T112/><D112/><U36/><E36/><V37/><F37/><W44/><G107/><T97/><D97/><U126/><E126/><V73/><F73/><AGARI ba="2,1" hai="0,4,10,21,22,26,29,35,43,45,49,73,77,83" machi="73" ten="30,5800,0" yaku="1,1,7,1,52,1,53,0" doraHai="23" doraHaiUra="70" who="0" fromWho="2" sc="310,74,119,0,197,-64,364,0" /><INIT seed="4,3,0,0,3,104" ten="384,119,133,364" oya="0" hai0="26,18,65,61,19,34,38,36,4,74,133,43,2" hai1="86,23,134,46,93,112,12,54,100,59,132,27,79" hai2="76,97,109,67,120,32,94,92,44,39,128,85,96" hai3="28,7,48,1,99,124,16,106,108,116,52,40,11"/><T121/><D121/><U41/><E112/><V117/><F32/><W71/><G108/><T122/><D122/><U31/><E12/><V130/><F67/><W17/><G116/><T25/><D133/><N who="1" m="51307" /><E100/><V70/><F70/><W29/><G71/><N who="0" m="42415" /><D19/><U30/><E93/><N who="2" m="35947" /><F44/><W95/><G124/><T91/><D91/><U131/><E131/><N who="2" m="50219" /><F39/><W13/><G106/><T88/><D88/><U113/><E113/><V119/><F109/><W5/><G40/><T15/><D15/><U66/><E66/><V64/><F64/><W83/><G7/><T56/><D18/><U90/><E79/><V57/><F57/><W6/><G83/><T111/><D56/><U68/><E68/><V24/><F24/><W75/><G6/><T3/><D26/><U80/><E30/><V0/><F0/><W14/><G75/><T135/><D135/><U37/><E59/><V42/><F120/><W118/><G1/><N who="0" m="11" /><D4/><U123/><E123/><V105/><F42/><W58/><G5/><T110/><D110/><U107/><E54/><V115/><F115/><W69/><G69/><T51/><D51/><U82/><E107/><V78/><F105/><W62/><G62/><T125/><D111/><U50/><E37/><N who="0" m="14441" /><D43/><U101/><E82/><N who="2" m="47303" /><F78/><W114/><G114/><T8/><D25/><U33/><E23/><V55/><F55/><W47/><G58/><T9/><D34/><U127/><E101/><V22/><F22/><N who="3" m="11535" /><G118/><AGARI ba="3,0" hai="96,97,117,118,119" m="47303,50219,35947" machi="118" ten="30,7700,0" yaku="12,1,19,1,34,2" doraHai="104" who="2" fromWho="3" sc="384,0,119,0,133,86,364,-86" /><INIT seed="5,0,0,0,0,53" ten="384,119,219,278" oya="1" hai0="28,62,1,64,50,99,56,46,112,22,81,109,43" hai1="87,65,77,124,89,120,127,76,49,7,32,95,111" hai2="52,26,33,85,102,84,34,58,14,128,67,103,100" hai3="12,105,113,20,101,9,51,23,98,121,10,68,19"/><U63/><E120/><V125/><F128/><W35/><G113/><T29/><D1/><U3/><E32/><V83/><F67/><W60/><G35/><T13/><D112/><U55/><E111/><V11/><F125/><N who="1" m="48201" /><E7/><V47/><F47/><W5/><G121/><T130/><D130/><U133/><E3/><V78/><F85/><W16/><G51/><T118/><D118/><U30/><E30/><V18/><REACH who="2" step="1"/><F26/><REACH who="2" ten="384,119,209,278" step="2"/><W135/><G135/><T37/><D109/><U129/><E133/><V48/><AGARI ba="0,1" hai="11,14,18,33,34,48,52,58,78,83,84,100,102,103" machi="48" ten="30,8000,1" yaku="1,1,2,1,0,1,52,1,54,1,53,0" doraHai="53" doraHaiUra="25" who="2" fromWho="2" sc="384,-20,119,-40,209,90,278,-20" /><INIT seed="6,0,0,0,2,125" ten="364,79,299,258" oya="2" hai0="76,121,43,112,83,129,56,45,39,11,52,99,68" hai1="58,122,78,10,5,0,106,21,70,8,81,98,50" hai2="75,123,132,86,91,77,49,97,4,134,16,47,127" hai3="18,109,30,9,69,126,38,57,84,33,102,29,53"/><V94/><F127/><W128/><G109/><T120/><D68/><U51/><E70/><V1/><F123/><W67/><G38/><T74/><D112/><U124/><E122/><V116/><F116/><W101/><G128/><T135/><D135/><N who="2" m="51754" /><F4/><W61/><G126/><T80/><D129/><U110/><E124/><V13/><F1/><W7/><G18/><T66/><D66/><U22/><E110/><V17/><F75/><W93/><G33/><T95/><D83/><U41/><E10/><N who="2" m="6199" /><F17/><W111/><G111/><T2/><D2/><U55/><E106/><V73/><F73/><W79/><G102/><T103/><REACH who="0" step="1"/><D11/><REACH who="0" ten="354,79,299,258" step="2"/><U118/><E118/><V62/><F77/><W63/><G79/><T42/><D42/><U92/><E41/><N who="2" m="24815" /><F62/><AGARI ba="0,1" hai="39,43,45,52,56,62,74,76,80,95,99,103,120,121" machi="62" ten="30,7700,0" yaku="1,1,7,1,54,1,53,1" doraHai="125" doraHaiUra="59" who="0" fromWho="2" sc="354,87,79,0,299,-77,258,0" /><INIT seed="7,0,0,3,0,73" ten="441,79,222,258" oya="3" hai0="112,59,81,118,124,101,63,114,4,90,5,21,10" hai1="130,82,14,15,49,132,45,58,75,94,91,7,105" hai2="29,37,44,28,68,27,61,69,13,87,131,1,60" hai3="48,38,24,77,95,71,42,76,96,33,88,32,84"/><W123/><G123/><T43/><D118/><U39/><E132/><V126/><F1/><W102/><G38/><T122/><D122/><U46/><E130/><V119/><F119/><W98/><G71/><T104/><D43/><U129/><E105/><V111/><F131/><W50/><G33/><T65/><D101/><U103/><E129/><V62/><F111/><W120/><G120/><T16/><D104/><U8/><E75/><V25/><F126/><W83/><G32/><T22/><D22/><U109/><E109/><V135/><F135/><W121/><G121/><T70/><D70/><U107/><E107/><V64/><F13/><W26/><G96/><T127/><D90/><U0/><E39/><V113/><F113/><N who="0" m="43626" /><D81/><U36/><E36/><V97/><F97/><W78/><G42/><T2/><D5/><U57/><E103/><V106/><F106/><W86/><G86/><T31/><D31/><U47/><E0/><V40/><F87/><W117/><G117/><T35/><D35/><U100/><E100/><V12/><F12/><AGARI ba="0,0" hai="2,4,10,12,16,21,59,63,65,124,127" m="43626" machi="12" ten="30,3900,0" yaku="15,1,11,1,54,1" doraHai="73" who="0" fromWho="2" sc="441,39,79,0,222,-39,258,0" owari="480,58.0,79,-42.0,183,-22.0,258,6.0" /></mjloggm>