<mjloggm ver="2.3"><GO type="97" lobby="0"/><UN n0="%E3%82%A6%E3%83%AB%E3%83%88%E3%83%A9%E7%AB%8B%E7%9B%B4" n1="%E3%81%B5%E3%81%81%E3%81%AB%EF%BD%9E%E3%81%AB%E3%82%87" n2="%E3%81%AA%E3%81%8E%E3%81%AA%E3%81%9F%E6%88%A6%E5%A3%AB" n3="%EF%BC%88%E3%80%87%EF%BC%89%EF%BC%88%E2%98%86%EF%BC%89" dan="14,15,14,13" rate="1918.03,2008.55,1955.30,2169.87" sx="M,M,F,M"/><TAIKYOKU oya="0"/><INIT seed="0,0,0,4,0,18" ten="250,250,250,250" oya="0" hai0="114,73,116,34,8,27,24,94,117,91,107,53,109" hai1="104,88,44,14,96,70,31,64,82,56,118,20,22" hai2="69,121,90,129,52,76,84,30,1,65,80,110,68" hai3="29,119,101,55,45,99,87,111,126,37,46,38,134"/><T15/><D107/><U11/><E70/><V83/><F1/><W23/><G119/><T125/><D73/><U49/><E118/><V124/><F121/><W16/><G29/><T85/><D114/><U39/><E39/><V50/><F110/><W131/><G111/><T59/><D109/><U127/><E31/><V9/><F9/><W79/><G45/><T112/><D112/><U103/><E127/><V132/><F124/><W25/><G126/><T26/><D34/><U48/><E64/><V5/><F5/><W128/><G134/><T67/><D67/><U75/><E56/><V89/><F132/><W92/><G87/><T93/><D125/><U6/><E49/><V106/><F106/><W86/><G86/><T35/><D35/><U63/><E63/><V3/><F3/><W130/><G79/><T77/><D77/><U62/><E62/><V115/><F115/><W17/><G17/><T74/><D74/><U123/><E123/><V60/><F69/><W41/><G55/><T0/><D0/><U135/><E135/><V120/><F120/><W108/><G108/><T122/><D122/><U113/><E113/><V78/><F30/><W71/><G71/><T47/><D47/><U54/><REACH who="1" step="1"/><E75/><REACH who="1" ten="250,240,250,250" step="2"/><V21/><F68/><W105/><G37/><T133/><D117/><U61/><E61/><V43/><F60/><W12/><G25/><T28/><D116/><U97/><E97/><V95/><F65/><W4/><G4/><N who="0" m="3463" /><D133/><U40/><E40/><V100/><F43/><W66/><G66/><T19/><D28/><U7/><E7/><V72/><F72/><RYUUKYOKU ba="0,1" sc="250,-15,240,15,250,-15,250,15" hai1="6,11,14,20,22,44,48,54,82,88,96,103,104" hai3="12,16,23,38,41,46,92,99,101,105,128,130,131" /><INIT seed="1,1,1,5,1,4" ten="235,255,235,265" oya="1" hai0="18,51,134,7,89,56,0,52,6,104,103,88,80" hai1="38,111,45,36,86,128,27,133,123,87,14,130,28" hai2="10,107,109,24,110,9,116,41,73,35,120,47,23" hai3="19,50,26,74,119,49,1,93,91,46,29,32,101"/><U63/><E123/><V3/><F116/><W17/><G119/><T64/><D134/><U40/><E133/><V34/><F120/><W131/><G74/><T118/><D118/><U92/><E111/><N who="2" m="42507" /><F73/><W57/><G101/><T59/><D104/><U102/><E38/><N who="2" m="21943" /><F107/><W99/><G1/><T60/><D103/><U72/><E72/><V43/><F43/><W94/><G131/><N who="1" m="50218" /><E63/><V8/><F3/><W122/><G122/><T97/><D0/><U121/><E121/><V95/><F95/><W81/><G81/><T22/><D80/><U25/><E14/><V83/><F83/><W16/><G94/><N who="0" m="56519" /><D89/><U48/><E48/><V33/><F33/><W76/><G76/><T21/><D21/><N who="1" m="15407" /><E27/><AGARI ba="1,1" hai="6,7,18,22,27,51,52,56,59,60,64" m="56519" machi="27" ten="30,3900,0" yaku="8,1,54,2" doraHai="4" who="0" fromWho="1" sc="235,52,255,-42,235,0,265,0" /><INIT seed="2,0,0,5,2,69" ten="287,213,235,265" oya="2" hai0="74,58,40,72,34,48,61,56,104,86,122,0,80" hai1="3,50,20,101,49,22,92,93,57,81,35,82,119" hai2="38,25,71,73,47,88,68,85,111,107,12,120,110" hai3="28,99,36,29,131,14,30,27,63,59,78,91,115"/><V84/><F120/><W37/><G78/><T114/><D104/><U117/><E35/><V60/><F107/><W130/><G115/><T129/><D0/><U95/><E3/><V18/><F73/><W13/><G27/><T76/><D34/><U32/><E32/><V24/><F84/><W16/><G99/><T43/><D122/><U83/><E101/><V44/><F60/><W128/><G91/><T125/><D114/><U9/><E9/><N who="2" m="6415" /><F68/><W127/><G127/><T112/><D112/><U121/><E121/><V10/><F71/><W109/><G109/><N who="2" m="41481" /><F10/><N who="3" m="6199" /><G14/><T52/><D74/><U39/><E57/><V100/><F100/><W96/><G96/><T54/><D72/><U70/><E70/><V118/><F118/><W97/><G97/><T21/><D125/><U4/><E4/><V98/><F98/><W77/><G77/><T2/><D2/><U19/><E119/><V79/><F79/><W94/><G94/><T108/><D108/><U5/><E117/><V103/><F103/><W132/><G132/><T134/><D134/><U1/><E5/><V133/><F133/><W41/><G41/><T33/><D43/><U135/><E135/><V67/><F67/><AGARI ba="0,0" hai="28,29,30,36,37,59,63,67,128,130,131" m="6199" machi="67" ten="40,8000,1" yaku="19,1,52,2,54,1" doraHai="69" who="3" fromWho="2" sc="287,0,213,0,235,-80,265,80" /><INIT seed="3,0,0,4,1,100" ten="287,213,155,345" oya="3" hai0="56,36,33,14,128,58,67,2,102,52,25,31,62" hai1="3,112,12,131,37,85,133,121,43,13,98,44,78" hai2="68,134,10,57,119,96,117,71,17,28,6,90,80" hai3="89,11,107,135,59,113,94,20,15,103,129,79,45"/><W63/><G113/><T110/><D2/><U82/><E121/><V126/><F126/><W19/><G79/><T125/><D36/><U77/><E112/><V1/><F134/><W39/><G135/><T130/><D125/><U66/><E133/><V30/><F117/><W64/><G129/><T48/><D110/><U124/><E124/><V18/><F119/><W84/><G39/><T16/><REACH who="0" step="1"/><D102/><REACH who="0" ten="277,213,155,345" step="2"/><U61/><E3/><V32/><F68/><W83/><G103/><T87/><D87/><U116/><E116/><V38/><F71/><W115/><G115/><T8/><AGARI ba="0,1" hai="8,14,16,25,31,33,48,52,56,58,62,67,128,130" machi="8" ten="30,7900,0" yaku="1,1,0,1,54,2,53,0" doraHai="100" doraHaiUra="92" who="0" fromWho="0" sc="277,89,213,-20,155,-20,345,-39" owari="366,46.0,193,-21.0,135,-36.0,306,11.0" /></mjloggm>