<mjloggm ver="2.3"><GO type="193" lobby="0"/><UN n0="%73%79%74%6C" n1="%6D%79%6E%33%33%31" n2="%E9%B3%A9%E6%98%A5%E7%A7%8B" n3="%E5%B0%B1%E6%B4%BB%E7%94%9F%40%E5%B7%9D%E6%9D%91%E8%BB%8D%E5%9B%A3" dan="9,10,10,12" rate="1447.45,1440.02,1435.81,1837.22" sx="F,M,M,M"/><TAIKYOKU oya="0"/><INIT seed="0,0,0,2,4,51" ten="250,250,250,250" oya="0" hai0="54,123,130,53,66,73,91,9,48,47,58,27,102" hai1="56,113,57,2,13,80,78,15,67,77,121,61,39" hai2="84,19,49,6,99,122,104,106,133,74,94,10,37" hai3="45,124,4,71,127,29,42,110,93,68,117,114,52"/><T132/><D123/><U86/><E2/><V96/><F122/><W92/><G117/><T35/><D35/><U20/><E121/><V0/><F19/><W64/><G114/><T26/><D130/><U120/><E39/><V70/><F70/><W103/><G110/><T101/><D132/><U81/><E120/><V115/><F115/><W65/><G4/><T17/><D73/><U111/><E20/><V108/><F133/><W62/><G29/><T55/><D66/><U63/><E113/><V75/><F37/><W112/><G112/><T30/><D9/><U131/><E131/><V100/><F108/><W21/><G21/><T3/><D3/><U118/><E111/><V72/><F49/><N who="3" m="28719" /><G103/><N who="0" m="39435" /><D17/><U38/><E118/><V109/><F109/><W5/><G5/><T60/><D91/><U8/><E38/><V128/><F128/><W59/><G92/><T107/><D107/><N who="2" m="41002" /><F0/><W12/><G93/><T126/><D30/><U90/><E8/><V43/><F43/><W125/><G12/><T18/><D18/><U24/><E24/><N who="0" m="9257" /><D54/><U89/><REACH who="1" step="1"/><E67/><REACH who="1" ten="250,240,250,250" step="2"/><V76/><F6/><W129/><G129/><T32/><D32/><U83/><E83/><N who="2" m="45447" /><F10/><W135/><G135/><T88/><D88/><U46/><E46/><V22/><F22/><W79/><G65/><T31/><D31/><U28/><E28/><V40/><F40/><W119/><G119/><T7/><D7/><U105/><E105/><N who="2" m="63623" /><F84/><AGARI ba="0,1" hai="13,15,56,57,61,63,77,78,80,81,84,86,89,90" machi="84" ten="25,12000,2" yaku="1,1,22,2,8,1,53,2" doraHai="51" doraHaiUra="11" who="1" fromWho="2" sc="250,0,240,130,250,-120,250,0" /><INIT seed="1,0,0,1,5,14" ten="250,370,130,250" oya="1" hai0="102,54,117,0,17,13,61,124,92,96,51,24,59" hai1="118,8,125,101,82,57,122,35,106,38,27,20,120" hai2="114,85,56,109,105,50,48,75,112,62,89,4,115" hai3="16,55,86,88,131,64,18,100,66,79,22,7,77"/><U36/><E57/><V65/><F75/><W93/><G131/><T72/><D117/><U10/><E82/><V26/><F105/><W121/><G121/><T95/><D72/><U63/><E63/><V46/><F4/><W42/><G42/><T34/><D0/><U15/><E118/><V84/><F26/><N who="3" m="14663" /><G7/><T9/><D124/><U41/><E125/><V30/><F30/><W80/><G55/><T43/><D43/><U67/><E67/><N who="3" m="25642" /><G18/><T123/><D123/><U44/><E35/><V135/><F135/><W104/><G104/><T76/><D76/><N who="3" m="29257" /><G100/><T21/><D34/><U103/><E106/><V6/><F6/><W33/><G33/><T87/><D87/><U31/><E10/><V29/><F29/><W94/><AGARI ba="0,0" hai="80,86,88,93,94" m="29257,25642,14663" machi="94" ten="30,7900,0" yaku="8,1,52,1,54,2" doraHai="14" who="3" fromWho="3" sc="250,-20,370,-39,130,-20,250,79" /><INIT seed="2,0,0,4,0,125" ten="230,331,110,329" oya="2" hai0="37,98,2,34,70,84,65,120,110,63,80,49,85" hai1="66,107,117,116,5,59,52,124,108,86,134,42,115" hai2="111,122,71,77,23,28,48,54,81,83,26,87,88" hai3="79,128,82,11,47,129,7,75,29,127,61,67,114"/><V135/><F122/><W99/><G127/><T130/><D120/><U22/><E107/><V10/><F71/><W112/><G29/><T57/><D2/><U18/><E86/><V46/><F135/><W4/><G47/><T44/><D34/><U62/><E5/><V27/><F10/><W16/><G99/><T104/><D110/><U13/><E115/><N who="3" m="44074" /><G16/><T36/><D104/><U51/><E124/><V25/><REACH who="2" step="1"/><F111/><REACH who="2" ten="230,331,100,329" step="2"/><W69/><G7/><T96/><D36/><U56/><E108/><V64/><F64/><W93/><G93/><T91/><D37/><U50/><REACH who="1" step="1"/><E134/><REACH who="1" ten="230,321,100,329" step="2"/><V106/><F106/><W94/><G94/><T6/><D70/><U89/><E89/><V60/><F60/><W131/><G131/><T133/><D133/><U33/><E33/><V105/><F105/><W0/><AGARI ba="0,2" hai="0,4,11,61,67,69,75,79,82,128,129" m="44074" machi="0" ten="30,7900,0" yaku="11,1,23,1,52,2" doraHai="125" who="3" fromWho="3" sc="230,-20,321,-20,100,-39,329,99" /><INIT seed="3,0,0,2,4,74" ten="210,301,61,428" oya="3" hai0="24,11,20,58,57,33,119,65,105,32,7,78,17" hai1="61,79,86,12,132,6,112,104,109,96,111,131,44" hai2="63,15,103,75,68,40,31,26,121,90,93,29,130" hai3="106,81,51,14,25,45,21,125,128,135,16,94,98"/><W59/><G106/><T43/><D119/><U113/><E61/><V39/><F130/><W126/><G128/><T10/><D105/><U69/><E44/><V110/><F121/><W53/><G135/><T124/><D124/><N who="3" m="47721" /><G81/><T70/><D70/><U47/><E69/><V9/><F110/><N who="1" m="41993" /><E47/><V8/><F75/><W56/><G25/><T50/><D78/><U83/><E12/><V3/><F103/><AGARI ba="0,0" hai="14,16,21,45,51,53,56,59,94,98,103" m="47721" machi="103" ten="30,2900,0" yaku="18,1,54,1" doraHai="74" who="3" fromWho="2" sc="210,0,301,0,61,-29,428,29" owari="210,-19.0,301,10.0,32,-47.0,457,56.0" /></mjloggm>