<mjloggm ver="2.3"><GO type="41" lobby="0"/><UN n0="%E3%82%A6%E3%83%AB%E3%83%88%E3%83%A9%E7%AB%8B%E7%9B%B4" n1="%68%6F%73%68%69%63%61%74" n2="%E5%8D%88%E5%89%8D%E3%81%AE%E7%B4%85%E8%8C%B6" n3="%41%4C%4C%5F%4C%41%53%54" dan="15,15,15,13" rate="1996.88,1886.99,1973.99,1810.12" sx="M,M,M,M"/><TAIKYOKU oya="0"/><INIT seed="0,0,0,1,3,36" ten="250,250,250,250" oya="0" hai0="13,121,103,20,25,108,99,18,112,31,63,83,23" hai1="105,92,127,65,110,118,82,113,33,11,29,74,88" hai2="7,38,87,72,48,56,79,21,128,91,107,75,6" hai3="94,117,59,19,42,84,81,49,35,47,97,27,26"/><T78/><D121/><U77/><E105/><V93/><F107/><W66/><G117/><T120/><D120/><U24/><E118/><V116/><F116/><W37/><G35/><T126/><D112/><U17/><E113/><V9/><F38/><W98/><G37/><T111/><D126/><U44/><E44/><V10/><F128/><W100/><G97/><T123/><D123/><U0/><E127/><V106/><F106/><W58/><G66/><T132/><D132/><U70/><E110/><V135/><F135/><W67/><G67/><T129/><D129/><U16/><E65/><V4/><F79/><W46/><G19/><T71/><D63/><U12/><E70/><V80/><F80/><W104/><G104/><T95/><REACH who="0" step="1"/><D71/><REACH who="0" ten="240,250,250,250" step="2"/><U1/><REACH who="1" step="1"/><E17/><REACH who="1" ten="240,240,250,250" step="2"/><V43/><F6/><W125/><G125/><T64/><D64/><U89/><E89/><V134/><F7/><W122/><G122/><T54/><D54/><U73/><E73/><AGARI ba="0,2" hai="13,18,20,23,25,31,73,78,83,95,99,103,108,111" machi="73" ten="40,2000,0" yaku="1,1,53,0" doraHai="36" doraHaiUra="114" who="0" fromWho="1" sc="240,40,240,-20,250,0,250,0" /><INIT seed="0,1,0,5,3,67" ten="280,220,250,250" oya="0" hai0="29,19,58,71,89,125,23,115,66,84,118,18,24" hai1="27,87,70,128,15,62,85,22,5,83,16,3,134" hai2="9,44,59,88,46,54,31,100,39,14,86,120,34" hai3="17,36,51,109,114,68,126,41,98,119,20,21,40"/><T48/><D118/><U38/><E38/><V122/><F100/><W74/><G119/><T42/><D115/><U1/><E134/><V133/><F133/><W10/><G114/><T95/><D125/><U131/><E87/><V104/><F104/><W107/><G74/><T110/><D110/><U94/><E94/><V135/><F135/><W61/><G109/><T103/><D103/><U25/><E5/><V60/><F34/><W81/><G126/><T49/><D71/><U80/><E80/><V53/><F31/><W47/><G107/><T124/><D124/><U7/><E7/><V0/><F0/><W108/><G108/><T64/><D49/><U106/><E106/><V6/><F39/><W65/><G98/><T28/><D28/><U75/><E75/><V91/><F91/><W2/><G81/><T82/><D82/><U117/><E117/><V13/><F13/><W132/><G132/><T96/><D96/><U73/><E73/><V92/><REACH who="2" step="1"/><F53/><REACH who="2" ten="280,220,240,250" step="2"/><W57/><G2/><T50/><D42/><U26/><E1/><V30/><F30/><W116/><G40/><T97/><D29/><U78/><E3/><V72/><F72/><W55/><G116/><T101/><D19/><U127/><E127/><V11/><F11/><W102/><G102/><T37/><D37/><U129/><E27/><V93/><F93/><W35/><G35/><T130/><D101/><U8/><E8/><V90/><F90/><W113/><G113/><T111/><D89/><U56/><E26/><V99/><F99/><W76/><G76/><T45/><D97/><U69/><E25/><RYUUKYOKU ba="1,1" sc="280,-30,220,10,240,10,250,10" hai1="15,16,22,56,62,69,70,78,83,85,128,129,131" hai2="6,9,14,44,46,54,59,60,86,88,92,120,122" hai3="10,17,20,21,36,41,47,51,55,57,61,65,68" /><INIT seed="1,2,1,0,3,64" ten="250,230,250,260" oya="1" hai0="82,69,106,19,123,91,134,129,13,102,76,133,103" hai1="108,16,30,110,122,50,131,68,98,55,12,71,37" hai2="29,40,18,58,77,86,99,85,41,94,38,35,124" hai3="63,114,56,59,60,33,65,57,75,24,45,2,52"/><U72/><E72/><V44/><F124/><W67/><G75/><T39/><D39/><U14/><E122/><V121/><F121/><W135/><G2/><T80/><D123/><U0/><E0/><V6/><F40/><W46/><G33/><T126/><D69/><N who="1" m="26699" /><E37/><V128/><F6/><W73/><G73/><T132/><D126/><U54/><E30/><V21/><F35/><W31/><G135/><T79/><D19/><U81/><E81/><N who="0" m="31337" /><D13/><N who="1" m="5227" /><E16/><V112/><F29/><W5/><G114/><T92/><D106/><U96/><E50/><V62/><F112/><W120/><G5/><T36/><D36/><U127/><E131/><V116/><F128/><W34/><REACH who="3" step="1"/><G120/><REACH who="3" ten="250,230,250,250" step="2"/><T9/><D129/><U23/><E127/><V22/><F21/><W130/><G130/><T51/><D9/><U95/><E23/><V115/><F22/><W27/><G27/><T93/><D51/><AGARI ba="2,2" hai="24,31,34,45,46,51,52,56,57,59,60,63,65,67" machi="51" ten="30,7700,0" yaku="1,1,7,1,9,1,54,1,53,0" doraHai="64" doraHaiUra="87" who="3" fromWho="0" sc="250,-83,230,0,250,0,250,103" /><INIT seed="2,0,0,4,3,7" ten="167,230,250,353" oya="2" hai0="22,124,14,18,26,134,32,102,94,97,60,119,68" hai1="47,40,72,48,130,57,25,88,63,105,15,77,70" hai2="23,71,125,86,65,101,58,31,6,46,113,55,36" hai3="41,49,5,53,100,85,35,115,108,118,123,8,9"/><V43/><F113/><W54/><G123/><T114/><D114/><U61/><E105/><V109/><F101/><W66/><G108/><T110/><D110/><U95/><E130/><V93/><F109/><W34/><G118/><T74/><D74/><U37/><E25/><V111/><F111/><W33/><G66/><T122/><D122/><U50/><E72/><V10/><F125/><W103/><G115/><T76/><D124/><U106/><E77/><V62/><F31/><W127/><G5/><T92/><D134/><U90/><E106/><V121/><F23/><W28/><G28/><T126/><D76/><U69/><E90/><V19/><F19/><W42/><G85/><T29/><D126/><U4/><E63/><V120/><F86/><W51/><G35/><T3/><D3/><U52/><E50/><N who="2" m="31095" /><F93/><W82/><G127/><T78/><D78/><U1/><E1/><AGARI ba="0,0" hai="1,6,10,36,43,46,62,65,71,120,121" m="31095" machi="1" ten="30,2900,0" yaku="24,1,52,1" doraHai="7" who="2" fromWho="1" sc="167,0,230,-29,250,29,353,0" /><INIT seed="2,1,0,0,3,78" ten="167,201,279,353" oya="2" hai0="49,34,102,16,2,123,7,25,124,93,54,63,56" hai1="120,46,122,61,71,95,28,26,67,30,70,101,119" hai2="39,23,9,116,96,135,60,74,75,32,44,53,24" hai3="88,45,77,14,5,6,64,40,125,52,99,92,59"/><V111/><F116/><W18/><G125/><T48/><D123/><N who="1" m="47147" /><E119/><V29/><F135/><W66/><G77/><T35/><D124/><U113/><E46/><V1/><F111/><W0/><G0/><T73/><D73/><U17/><E113/><V91/><F39/><W38/><G5/><T13/><D7/><U110/><E110/><V37/><F37/><W84/><G99/><T55/><D2/><U117/><E71/><V65/><F44/><W11/><G6/><T22/><D63/><AGARI ba="1,0" hai="11,14,18,38,40,45,52,59,63,64,66,84,88,92" machi="63" ten="30,3900,0" yaku="7,1,54,2" doraHai="78" who="3" fromWho="0" sc="167,-42,201,0,279,0,353,42" /><INIT seed="3,0,0,2,5,51" ten="125,201,279,395" oya="3" hai0="64,76,15,117,105,55,41,25,43,40,60,22,101" hai1="103,109,12,20,104,36,11,52,130,63,90,99,54" hai2="17,85,128,49,80,82,93,33,59,98,86,119,24" hai3="112,89,116,6,81,4,87,9,110,92,13,94,3"/><W118/><G112/><T95/><D117/><U56/><E36/><V23/><F119/><W28/><G28/><T14/><D105/><U32/><E32/><V10/><F128/><W102/><G118/><T16/><D76/><U127/><E130/><V106/><F106/><W129/><G116/><T53/><D15/><U122/><E122/><V100/><F33/><W61/><G129/><T134/><D134/><U121/><E121/><V113/><F113/><W39/><G39/><T88/><D101/><U114/><E114/><V31/><F10/><W35/><G35/><T125/><D125/><U111/><E127/><V96/><F98/><W65/><G3/><T131/><D131/><U26/><E90/><V34/><F34/><W78/><G102/><T47/><D47/><U69/><E69/><V18/><F49/><W2/><G2/><T84/><REACH who="0" step="1"/><D25/><REACH who="0" ten="115,201,279,395" step="2"/><U115/><E115/><V97/><F100/><W5/><G78/><T42/><N who="0" m="10752" /><DORA hai="44" /><T120/><D120/><U74/><E74/><V83/><F24/><W75/><G13/><T62/><D62/><U50/><E26/><V0/><F0/><W70/><G75/><T133/><D133/><U48/><E63/><V27/><F27/><W37/><G61/><T21/><D21/><U73/><E20/><V77/><F23/><W107/><G107/><T108/><D108/><U38/><E73/><V72/><F72/><W1/><G110/><N who="1" m="41994" /><E38/><V7/><F77/><W79/><G37/><T58/><AGARI ba="0,1" hai="14,16,22,53,55,58,60,64,84,88,95" m="10752" machi="58" ten="40,16000,3" yaku="1,1,0,1,8,1,52,2,54,2,53,1" doraHai="51,44" doraHaiUra="8,68" who="0" fromWho="0" sc="115,170,201,-40,279,-40,395,-80" /><INIT seed="4,0,0,4,3,85" ten="285,161,239,315" oya="0" hai0="4,18,50,71,24,68,21,103,125,105,25,129,52" hai1="37,26,88,131,92,72,87,119,5,12,16,53,31" hai2="91,122,73,127,132,74,32,28,61,116,115,112,6" hai3="43,49,95,109,79,2,64,54,117,96,20,42,102"/><T47/><D125/><U41/><E119/><V46/><F122/><W51/><G117/><T17/><D129/><U62/><E72/><V89/><F116/><W22/><G109/><T94/><D105/><U108/><E108/><V56/><F6/><W58/><G2/><T130/><D130/><U77/><E77/><V38/><F127/><W63/><G79/><T93/><D4/><U33/><E131/><V30/><F132/><W124/><G124/><T101/><D68/><U80/><E5/><V83/><F83/><W7/><G7/><T76/><D76/><U100/><E37/><V39/><F32/><W81/><G81/><T106/><D71/><U35/><E100/><N who="0" m="38473" /><D106/><U13/><E41/><N who="3" m="15370" /><G51/><T121/><D121/><U59/><E80/><V45/><F61/><W8/><G8/><T120/><D120/><U23/><REACH who="1" step="1"/><E12/><REACH who="1" ten="285,151,239,315" step="2"/><V66/><F39/><W15/><G15/><T98/><D94/><U9/><AGARI ba="0,1" hai="9,13,16,23,26,31,33,35,53,59,62,87,88,92" machi="9" ten="20,16000,3" yaku="1,1,2,1,0,1,7,1,52,1,54,2,53,1" doraHai="85" doraHaiUra="10" who="1" fromWho="1" sc="285,-80,151,170,239,-40,315,-40" /><INIT seed="5,0,0,1,1,79" ten="205,321,199,275" oya="1" hai0="56,38,26,103,16,101,115,62,130,10,88,37,97" hai1="106,18,34,124,117,72,82,78,125,100,126,0,96" hai2="105,113,77,108,68,86,23,45,1,107,94,39,21" hai3="133,119,123,67,83,89,59,2,5,14,11,57,111"/><U43/><E34/><V118/><F108/><W42/><G111/><T9/><D115/><U69/><E43/><V132/><F68/><W120/><G123/><T36/><D36/><U91/><E0/><V58/><F118/><W114/><G120/><T31/><D130/><U65/><E117/><V12/><F1/><W52/><G114/><T13/><D38/><U25/><E65/><V99/><F113/><W84/><G119/><T41/><D41/><U47/><E69/><V17/><F132/><W6/><G133/><T7/><D37/><U53/><E53/><V128/><F128/><W71/><G2/><T22/><D31/><U27/><E47/><V90/><F39/><W95/><G71/><T30/><D10/><U127/><E127/><V29/><F45/><W3/><G3/><T129/><D30/><U49/><E49/><V51/><F29/><W70/><G70/><T81/><D129/><U33/><E33/><V92/><F77/><N who="3" m="46191" /><G42/><T102/><D102/><U28/><E28/><V93/><F93/><W60/><G5/><T75/><D75/><U8/><E91/><N who="2" m="55775" /><F23/><W116/><G116/><T61/><D61/><U109/><E109/><V112/><F112/><W15/><G15/><AGARI ba="0,0" hai="8,15,18,25,27,72,78,82,96,100,106,124,125,126" machi="15" ten="40,3900,0" yaku="18,1,52,1" doraHai="79" who="1" fromWho="3" sc="205,0,321,39,199,0,275,-39" /><INIT seed="5,1,0,0,3,58" ten="205,360,199,236" oya="1" hai0="11,83,104,64,15,110,60,51,47,27,1,50,75" hai1="56,65,91,98,40,4,30,86,54,69,88,124,20" hai2="135,120,46,24,29,45,70,92,105,34,130,81,95" hai3="132,35,38,119,55,84,99,61,13,93,101,71,67"/><U103/><E4/><V32/><F120/><W3/><G38/><T108/><D104/><U52/><E40/><V53/><F105/><W33/><G35/><T18/><D1/><U36/><E36/><V12/><F32/><W49/><G33/><T117/><D117/><U134/><E134/><V82/><F135/><W6/><G132/><T26/><D108/><U79/><E124/><V19/><F70/><W43/><G119/><T5/><D110/><U112/><E69/><V116/><F116/><W127/><G127/><T48/><D47/><U42/><E42/><V63/><F130/><W89/><G3/><T128/><D128/><U44/><E44/><V109/><F109/><W114/><G114/><T68/><D75/><U76/><E112/><V97/><F46/><W126/><G126/><T17/><REACH who="0" step="1"/><D83/><REACH who="0" ten="195,360,199,236" step="2"/><N who="1" m="49247" /><E76/><V9/><F45/><W7/><G43/><T23/><D23/><U28/><E79/><V94/><F34/><W90/><G49/><T131/><D131/><U37/><E37/><V133/><F133/><W100/><G55/><N who="1" m="21034" /><E20/><V66/><F53/><W121/><G121/><T21/><D21/><U78/><E78/><V123/><F123/><W102/><G13/><T57/><D57/><U74/><E56/><V10/><F12/><W72/><REACH who="3" step="1"/><G72/><REACH who="3" ten="195,360,199,226" step="2"/><T73/><D73/><U59/><E74/><V8/><F9/><W41/><G41/><T62/><D62/><U129/><E129/><V122/><F8/><W111/><G111/><T107/><D107/><U2/><E2/><V125/><F125/><W96/><G96/><T39/><D39/><U77/><E98/><RYUUKYOKU ba="1,2" sc="195,15,360,-15,199,-15,226,15" hai0="5,11,15,17,18,26,27,48,50,51,60,64,68" hai3="6,7,61,67,71,84,89,90,93,99,100,101,102" /><INIT seed="6,2,2,0,3,97" ten="210,345,184,241" oya="2" hai0="120,103,23,32,87,127,13,48,130,76,99,21,37" hai1="83,91,134,126,47,35,116,29,106,113,50,31,86" hai2="98,101,111,112,118,78,0,131,39,80,19,123,69" hai3="27,88,22,11,82,38,115,56,63,110,84,65,1"/><V15/><F123/><W10/><G110/><T44/><D32/><U49/><E106/><V33/><F118/><W100/><G38/><T53/><D37/><U26/><E116/><V12/><F0/><W128/><G1/><T122/><D127/><U40/><E126/><V92/><F39/><W73/><G73/><T41/><D130/><U59/><E134/><V4/><F33/><W79/><G128/><T85/><D122/><U20/><E113/><V125/><F131/><W36/><G36/><T9/><D120/><U24/><E59/><V42/><F125/><W77/><G115/><T132/><D53/><U75/><E75/><V18/><F112/><W55/><G55/><T30/><D132/><U133/><E133/><V46/><F69/><W129/><G129/><T58/><D58/><U104/><E104/><V102/><F111/><W7/><G10/><T114/><D114/><U64/><E64/><V135/><F135/><W71/><G71/><T81/><D87/><U54/><E54/><V52/><F42/><W95/><G11/><T124/><D30/><U34/><E20/><N who="2" m="11335" /><F4/><W67/><G7/><N who="0" m="3263" /><D124/><U28/><E28/><V107/><F107/><AGARI ba="2,2" hai="21,23,41,44,48,76,81,85,99,103,107" m="3263" machi="107" ten="30,2000,0" yaku="25,1,52,1" doraHai="97" who="0" fromWho="2" sc="210,46,345,0,184,-26,241,0" /><INIT seed="7,0,0,4,3,76" ten="256,345,158,241" oya="3" hai0="63,95,60,41,100,67,114,82,115,78,126,119,10" hai1="27,106,121,94,40,83,90,11,99,77,92,98,125" hai2="130,13,19,6,59,22,85,50,18,42,56,43,133" hai3="35,135,31,20,55,132,61,113,74,117,17,102,108"/><W116/><G74/><N who="0" m="43351" /><D119/><N who="3" m="45641" /><G102/><T25/><D41/><U81/><E40/><V66/><F133/><N who="3" m="51275" /><G61/><T127/><D25/><U105/><E27/><V24/><F130/><W88/><G55/><T45/><D10/><U57/><E11/><V39/><F39/><W79/><G79/><T68/><D45/><U131/><E57/><V37/><F37/><W54/><G54/><T38/><D38/><U111/><E111/><V14/><F66/><W64/><G64/><T87/><D63/><U89/><E131/><V9/><F85/><W71/><G71/><T15/><D100/><U104/><E121/><V84/><F84/><W107/><G107/><T134/><D134/><U7/><E7/><V0/><F0/><W124/><G35/><T80/><D95/><U69/><E69/><V75/><F75/><W129/><G31/><T36/><D36/><U118/><E118/><V44/><REACH who="2" step="1"/><F43/><REACH who="2" ten="256,345,148,241" step="2"/><W110/><G129/><T4/><D67/><U91/><E77/><V28/><F28/><W16/><G113/><T3/><D115/><U51/><E106/><V32/><F32/><W1/><G1/><T12/><D114/><U33/><E33/><V101/><F101/><W21/><G124/><T123/><D3/><U23/><E125/><V86/><F86/><W97/><G110/><T62/><D127/><U34/><E34/><V112/><F112/><W128/><G108/><T8/><D126/><U73/><E105/><V120/><F120/><W103/><G128/><T2/><D87/><U65/><E65/><V72/><F72/><W47/><G103/><T46/><D123/><U109/><E104/><RYUUKYOKU ba="0,1" sc="256,-10,345,-10,148,30,241,-10" hai2="6,9,13,14,18,19,22,24,42,44,50,56,59" owari="246,5.0,345,44.0,178,-32.0,231,-17.0" /></mjloggm>