<mjloggm ver="2.3"><GO type="97" lobby="0"/><UN n0="%E3%82%AA%E3%82%AB%E3%83%87%E3%82%B8%E9%9B%80%E5%A3%AB" n1="%E5%8F%8C%E5%AD%90%E3%81%AE%E3%83%AC%E3%83%B3" n2="%E3%82%A6%E3%83%AB%E3%83%88%E3%83%A9%E7%AB%8B%E7%9B%B4" n3="%E3%81%99%E3%81%AC%E3%81%AC%E3%81%85" dan="15,13,14,14" rate="2034.95,1911.18,1950.33,1872.50" sx="M,M,M,M"/><TAIKYOKU oya="0"/><INIT seed="0,0,0,5,1,106" ten="250,250,250,250" oya="0" hai0="0,124,111,76,39,101,129,127,108,42,35,22,51" hai1="92,114,110,91,96,32,36,93,16,37,128,45,77" hai2="119,25,48,83,100,125,55,65,94,20,59,46,87" hai3="118,79,58,126,72,109,34,15,43,116,84,121,60"/><T61/><D35/><U56/><E32/><V78/><F125/><N who="0" m="48202" /><D0/><U24/><E128/><V115/><F115/><W89/><G34/><T12/><D129/><U63/><E110/><N who="0" m="42025" /><D101/><U11/><E114/><V81/><F119/><W102/><G43/><T105/><D105/><U5/><E45/><V130/><F130/><W86/><G15/><T2/><D2/><U122/><E122/><V68/><F100/><W80/><G58/><T131/><D131/><U107/><E107/><V52/><F68/><W23/><G23/><T98/><D98/><U134/><E134/><V112/><F112/><W97/><G60/><T17/><D76/><U21/><E77/><V19/><F78/><W3/><G3/><T71/><D39/><U4/><E93/><V9/><F9/><W31/><G109/><T50/><D42/><U57/><E5/><V38/><F38/><W88/><G126/><T70/><D70/><U62/><E37/><V44/><F94/><N who="3" m="58679" /><G121/><T14/><D14/><U28/><E36/><V47/><F83/><N who="3" m="49375" /><G31/><T104/><D104/><U26/><E4/><V135/><F135/><W64/><G64/><AGARI ba="0,0" hai="12,17,22,50,51,61,64,71" m="42025,48202" machi="64" ten="30,5800,0" yaku="18,1,14,1,10,1" doraHai="106" who="0" fromWho="3" sc="250,58,250,0,250,0,250,-58" /><INIT seed="0,1,0,3,0,24" ten="308,250,250,192" oya="0" hai0="7,76,75,52,35,42,1,112,23,118,129,61,28" hai1="33,27,66,92,64,116,80,91,103,10,95,59,60" hai2="108,106,123,11,20,102,130,104,107,122,135,30,74" hai3="113,128,90,9,117,40,124,54,16,120,78,38,82"/><T100/><D129/><U109/><E116/><V63/><F74/><W98/><G128/><T87/><D118/><U47/><E109/><V115/><F130/><W121/><G124/><T17/><D112/><U132/><E132/><V2/><F115/><W15/><G113/><T45/><D100/><U58/><E80/><V43/><F102/><W71/><G71/><T46/><D75/><U105/><E47/><V37/><F63/><W29/><G117/><T68/><D46/><U25/><E33/><V62/><F62/><W6/><G40/><T67/><D52/><N who="1" m="33863" /><E105/><V57/><F57/><W65/><G38/><T101/><D101/><U88/><E10/><V51/><F51/><W44/><G65/><N who="1" m="25194" /><E59/><V131/><F20/><W5/><G9/><T21/><D45/><U19/><E19/><V12/><F107/><W3/><G16/><T86/><D42/><U39/><E39/><V32/><F106/><W53/><G82/><T89/><D35/><U73/><E73/><V96/><F104/><W56/><G44/><T134/><D134/><U31/><E103/><V49/><F43/><W85/><G56/><T4/><D1/><U55/><E55/><V50/><F2/><W48/><G54/><T114/><D114/><U84/><E31/><V97/><F37/><W119/><G53/><T13/><D28/><U83/><E83/><V110/><F131/><W99/><G29/><T18/><D18/><U0/><E0/><V77/><F135/><W8/><G119/><T93/><D23/><U133/><E133/><V81/><F30/><W111/><G3/><T41/><D41/><RYUUKYOKU ba="1,0" sc="308,15,250,15,250,-15,192,-15" hai0="4,7,13,17,21,61,67,68,76,86,87,89,93" hai1="25,27,84,88,91,92,95" /><INIT seed="0,2,0,0,3,73" ten="323,265,235,177" oya="0" hai0="79,0,89,80,53,101,46,112,123,6,22,74,113" hai1="54,106,91,85,58,104,39,30,12,84,71,61,132" hai2="128,15,124,42,88,67,129,119,66,115,55,48,96" hai3="131,26,41,43,23,49,130,13,35,99,81,10,3"/><T19/><D123/><U52/><E39/><V1/><F1/><W28/><G49/><T127/><D101/><U7/><E71/><V76/><F115/><W92/><G81/><T135/><D89/><U8/><E132/><V90/><F42/><W109/><G109/><T75/><D75/><U38/><E38/><V20/><F124/><W40/><G3/><T118/><D118/><U105/><E30/><V25/><F15/><W45/><G45/><T18/><D127/><U2/><E2/><V122/><F122/><W87/><G87/><T9/><D135/><U31/><E31/><V83/><F119/><W117/><G23/><T33/><D33/><U17/><E7/><V70/><F70/><W111/><G111/><T72/><D72/><U29/><E29/><V34/><F34/><W69/><G69/><T27/><REACH who="0" step="1"/><D19/><REACH who="0" ten="313,265,235,177" step="2"/><U62/><E91/><V103/><F103/><W121/><G117/><T86/><D86/><U114/><E114/><V108/><F108/><W11/><G121/><T65/><D65/><U94/><E94/><N who="2" m="56391" /><F90/><W63/><G92/><T77/><D77/><U126/><E126/><V125/><F125/><W64/><G64/><T107/><D107/><U47/><E106/><V50/><F67/><W37/><G35/><T97/><D97/><U56/><E105/><V60/><F66/><W93/><G99/><T44/><D44/><U36/><E104/><V59/><F83/><W16/><G93/><T14/><D14/><U21/><E47/><V5/><F76/><W78/><G78/><T95/><D95/><U57/><E17/><N who="2" m="12431" /><F5/><W24/><G37/><RYUUKYOKU ba="2,1" sc="313,15,265,-15,235,15,177,-15" hai0="0,6,9,18,22,27,46,53,74,79,80,112,113" hai2="48,50,55,59,60,128,129" /><INIT seed="0,3,1,0,4,121" ten="328,250,250,162" oya="0" hai0="103,88,40,24,18,93,3,135,101,90,61,35,26" hai1="11,27,51,60,70,47,117,4,53,108,1,64,125" hai2="110,16,20,68,118,29,119,25,97,42,95,80,7" hai3="69,71,85,73,9,86,114,19,36,82,57,94,32"/><T107/><D135/><U113/><E117/><N who="2" m="44555" /><F68/><W5/><G73/><T0/><D40/><U77/><E125/><V115/><F115/><W126/><G126/><T78/><D78/><U52/><E113/><V98/><F7/><W30/><G36/><T132/><D132/><U102/><E102/><V99/><F42/><W124/><G124/><T33/><D61/><U2/><E77/><V43/><F43/><W48/><G19/><T67/><D67/><U31/><E53/><V128/><F128/><W84/><G94/><T109/><D18/><U74/><E74/><V6/><F6/><W21/><G21/><T8/><D8/><U56/><E108/><V122/><F122/><W75/><G48/><T131/><D93/><U120/><E120/><V105/><F105/><W100/><G57/><T45/><D45/><U34/><REACH who="1" step="1"/><E70/><REACH who="1" ten="328,240,250,162" step="2"/><V15/><F110/><W44/><G71/><T66/><D109/><U134/><E134/><V112/><F112/><W54/><G69/><T83/><D66/><U129/><E129/><V41/><F41/><W38/><G100/><T87/><D131/><U62/><E62/><V58/><F58/><W76/><G114/><T17/><D107/><U28/><E28/><V22/><F80/><W46/><G82/><T81/><D87/><U92/><E92/><AGARI ba="3,2" hai="15,16,20,22,25,29,92,95,97,98,99" m="44555" machi="92" ten="30,2000,0" yaku="12,1,54,1" doraHai="121" who="2" fromWho="1" sc="328,0,240,-29,250,49,162,0" /><INIT seed="1,0,0,5,0,89" ten="328,211,299,162" oya="1" hai0="3,131,62,58,132,25,119,118,109,59,26,125,67" hai1="82,120,128,36,100,71,102,2,129,56,60,18,40" hai2="134,105,103,101,16,116,32,126,20,8,79,47,69" hai3="38,91,31,57,46,124,114,22,64,90,39,17,127"/><U98/><E71/><V75/><F32/><W107/><G107/><T77/><D3/><U9/><E120/><V30/><F69/><W53/><G114/><T5/><D5/><U41/><E82/><V65/><F105/><W113/><G31/><T7/><D7/><U95/><E36/><N who="3" m="13866" /><G64/><T13/><D77/><U27/><E102/><V52/><F75/><W97/><G97/><T92/><D13/><U121/><E121/><V11/><F116/><W50/><G57/><T68/><D62/><U10/><E2/><V84/><F126/><N who="3" m="48171" /><G113/><T133/><D125/><U123/><E123/><V49/><F65/><W86/><G86/><T45/><D67/><N who="1" m="39303" /><E129/><V74/><F74/><W94/><G94/><T34/><D68/><U55/><E128/><V87/><F101/><W108/><G108/><T33/><D131/><U85/><E85/><V43/><F103/><W115/><G115/><T37/><D37/><U14/><E55/><V28/><F87/><W21/><G21/><T112/><D112/><U19/><E10/><V122/><F11/><W15/><AGARI ba="0,0" hai="15,17,22,46,50,53,90,91" m="48171,13866" machi="15" ten="30,1100,0" yaku="18,1" doraHai="89" who="3" fromWho="3" sc="328,-3,211,-5,299,-3,162,11" /><INIT seed="2,0,0,4,4,84" ten="325,206,296,173" oya="2" hai0="25,104,56,40,16,32,112,114,90,115,52,44,64" hai1="106,19,123,13,110,120,51,87,12,102,35,26,122" hai2="67,10,88,119,113,96,108,85,100,97,65,89,49" hai3="68,69,60,70,34,63,118,24,27,98,99,15,101"/><V14/><F113/><W55/><G118/><T73/><D73/><U81/><E110/><V134/><F108/><W3/><G3/><T8/><D64/><N who="2" m="24650" /><F119/><W130/><G130/><T20/><D104/><U131/><E131/><V72/><F72/><W50/><G15/><T133/><D8/><U48/><E106/><V132/><F100/><W43/><G43/><T82/><D32/><U94/><E13/><V116/><F116/><W6/><G6/><T74/><D133/><N who="2" m="51306" /><F49/><W83/><G34/><T18/><D74/><U17/><E35/><V2/><F2/><W124/><G101/><T11/><D11/><N who="1" m="6303" /><E102/><V22/><F22/><W107/><G107/><T21/><D44/><U37/><E37/><V7/><F89/><W95/><G50/><T76/><D40/><U128/><E128/><V86/><F86/><W42/><G70/><T36/><D36/><U28/><E94/><AGARI ba="0,0" hai="7,10,14,85,88,94,96,97" m="51306,24650" machi="94" ten="30,5800,0" yaku="20,1,52,1,54,1" doraHai="84" who="2" fromWho="1" sc="325,0,206,-58,296,58,173,0" /><INIT seed="2,1,0,5,4,6" ten="325,148,354,173" oya="2" hai0="21,1,59,37,92,5,16,14,125,114,57,19,102" hai1="118,55,11,66,69,73,95,27,58,109,9,119,122" hai2="15,108,100,12,3,126,80,18,71,103,42,44,20" hai3="132,121,117,107,35,2,98,70,62,4,54,22,32"/><V101/><F3/><W113/><G54/><T67/><D37/><U104/><E104/><V50/><F71/><W85/><G85/><T79/><D114/><U86/><E73/><V13/><F126/><W47/><G22/><T93/><D125/><U65/><E122/><V30/><F108/><W115/><G121/><T90/><D79/><U112/><E109/><V88/><F30/><W49/><G49/><T48/><D5/><U106/><E106/><V131/><F131/><W24/><G47/><T111/><D1/><U87/><E112/><N who="3" m="43082" /><G24/><N who="0" m="14399" /><D111/><U40/><E40/><V96/><F80/><W75/><G75/><T124/><D124/><U127/><E127/><V89/><F96/><W29/><G29/><T129/><D129/><U94/><E27/><AGARI ba="1,0" hai="12,13,15,18,20,27,42,44,50,88,89,100,101,103" machi="27" ten="40,3900,0" yaku="8,1,54,1" doraHai="6" who="2" fromWho="1" sc="325,0,148,-42,354,42,173,0" /><INIT seed="2,2,0,2,3,130" ten="325,106,396,173" oya="2" hai0="117,72,120,74,83,30,69,86,109,82,58,107,99" hai1="77,25,50,70,93,2,22,36,18,59,14,45,110" hai2="7,56,38,129,89,54,131,73,112,118,101,87,100" hai3="134,8,95,6,92,115,108,60,0,75,31,132,90"/><V16/><F38/><W35/><G75/><N who="0" m="28715" /><D58/><U102/><E110/><V96/><F73/><W76/><G108/><T124/><D30/><U42/><E2/><V53/><F118/><W128/><G76/><T119/><D69/><U46/><E77/><V64/><F64/><W67/><G128/><N who="2" m="49225" /><F112/><W41/><G41/><T28/><D28/><U125/><E125/><V81/><F7/><W55/><G55/><N who="2" m="21001" /><F56/><W133/><G90/><T5/><D109/><U24/><E70/><V97/><F16/><W1/><G1/><T71/><D5/><U127/><E127/><V10/><F10/><W19/><G19/><T51/><D71/><U17/><E59/><V47/><F47/><W23/><G35/><T78/><D51/><U61/><E18/><V84/><F84/><W44/><G44/><T103/><D124/><U39/><E46/><V26/><F26/><N who="3" m="16863" /><G115/><T104/><D120/><U27/><E36/><V79/><F89/><W11/><G11/><T37/><D37/><U52/><E39/><V113/><F113/><W122/><G122/><T114/><D114/><U57/><E102/><AGARI ba="2,0" hai="79,81,87,96,97,100,101,102" m="21001,49225" machi="102" ten="30,1500,0" yaku="19,1" doraHai="130" who="2" fromWho="1" sc="325,0,106,-21,396,21,173,0" /><INIT seed="2,3,0,5,4,79" ten="325,85,417,173" oya="2" hai0="96,55,18,73,33,133,111,12,104,89,0,127,131" hai1="44,20,114,29,66,6,67,38,115,81,48,23,31" hai2="91,51,61,130,41,87,46,15,117,134,21,97,120" hai3="135,10,17,90,14,9,107,27,78,70,54,28,88"/><V64/><F120/><W60/><G107/><T16/><D33/><U39/><E6/><V76/><F117/><W128/><G128/><T45/><D0/><U53/><E44/><V26/><F130/><W40/><G40/><T93/><D131/><U50/><REACH who="1" step="1"/><E53/><REACH who="1" ten="325,75,417,173" step="2"/><V24/><F134/><W80/><G135/><T56/><D133/><U57/><E57/><V82/><F64/><W86/><G54/><T19/><D45/><U112/><E112/><V63/><F63/><W43/><G43/><T126/><D111/><U34/><E34/><V94/><F61/><W122/><G122/><T32/><D32/><U42/><E42/><V1/><F1/><W119/><G119/><T58/><D58/><U92/><E92/><V99/><F41/><W129/><G129/><T65/><D104/><U35/><E35/><V102/><F46/><W108/><G108/><T110/><D65/><U74/><E74/><V109/><F109/><W132/><G132/><T105/><D110/><U85/><E85/><V125/><F51/><W36/><G70/><T11/><D105/><U22/><E22/><V3/><F3/><W75/><G60/><N who="0" m="35871" /><D73/><U95/><E95/><N who="2" m="58687" /><F125/><AGARI ba="3,1" hai="11,12,16,18,19,89,93,96,125,126,127" m="35871" machi="125" ten="30,2000,0" yaku="18,1,54,1" doraHai="79" who="0" fromWho="2" sc="325,39,75,0,417,-29,173,0" /><INIT seed="3,0,0,5,1,101" ten="364,75,388,173" oya="3" hai0="126,44,87,64,54,25,35,52,22,28,29,103,100" hai1="38,116,124,88,16,86,48,134,123,39,109,55,9" hai2="129,53,30,106,10,131,70,112,108,59,34,125,49" hai3="20,2,122,33,105,94,62,46,132,79,43,40,26"/><W128/><G105/><T72/><D72/><U114/><E123/><V42/><F106/><W89/><G33/><T84/><D126/><U71/><E116/><V8/><F112/><W119/><G2/><T104/><D64/><U37/><E71/><V68/><F125/><W3/><G3/><T66/><D66/><U76/><E124/><V63/><F108/><W77/><G132/><T14/><D103/><U121/><E121/><V107/><F107/><W21/><G128/><N who="2" m="49225" /><F30/><W12/><G62/><T36/><D36/><U51/><E114/><V133/><F34/><W92/><G20/><T32/><D14/><U127/><E127/><V135/><F8/><W23/><G23/><T96/><D22/><U0/><E109/><V120/><F10/><W41/><G92/><T56/><D44/><U13/><E134/><N who="2" m="51211" /><F120/><W58/><G46/><AGARI ba="0,0" hai="42,46,49,53,59,63,68,70" m="51211,49225" machi="46" ten="30,7700,0" yaku="19,1,20,1,34,2" doraHai="101" who="2" fromWho="3" sc="364,0,75,0,388,77,173,-77" owari="364,16.0,75,-42.0,465,56.0,96,-30.0" /></mjloggm>