<mjloggm ver="2.3"><GO type="97" lobby="0"/><UN n0="%E3%81%BB%E3%81%A3%E3%81%99%E3%82%93" n1="%53%6F%6E%6F%74%69%74%65" n2="%E3%81%8D%E3%82%87%E3%81%86%E3%81%95%E3%81%BE" n3="%E3%82%A6%E3%83%AB%E3%83%88%E3%83%A9%E7%AB%8B%E7%9B%B4" dan="13,13,14,14" rate="1880.23,1898.14,1967.89,1952.41" sx="M,M,M,M"/><TAIKYOKU oya="0"/><INIT seed="0,0,0,5,3,95" ten="250,250,250,250" oya="0" hai0="80,83,49,38,48,20,113,132,93,2,24,98,133" hai1="127,120,119,13,45,97,27,34,36,43,114,121,3" hai2="124,58,29,42,128,75,61,1,5,135,26,87,73" hai3="0,85,35,18,117,129,28,106,126,23,111,94,99"/><T51/><D38/><U130/><E119/><V86/><F1/><W59/><G117/><T88/><D2/><U39/><E3/><V63/><F5/><W17/><G106/><T30/><REACH who="0" step="1"/><D113/><REACH who="0" ten="240,250,250,250" step="2"/><U72/><E36/><V32/><F124/><W8/><G126/><T116/><D116/><U112/><E114/><V102/><F128/><W31/><G129/><T100/><D100/><U57/><E112/><V37/><F37/><W92/><G0/><T15/><D15/><U14/><E14/><V76/><F135/><AGARI ba="0,1" hai="20,24,30,48,49,51,80,83,88,93,98,132,133,135" machi="135" ten="40,12000,1" yaku="1,1,20,1,52,1,54,1,53,0" doraHai="95" doraHaiUra="81" who="0" fromWho="2" sc="240,130,250,0,250,-120,250,0" /><INIT seed="0,1,0,2,0,92" ten="370,250,130,250" oya="0" hai0="14,93,71,56,3,38,103,100,108,49,17,125,124" hai1="94,27,50,18,88,129,135,80,23,67,76,63,117" hai2="2,79,81,132,41,55,51,1,15,105,29,114,0" hai3="5,85,19,96,6,90,37,112,32,10,130,26,72"/><T66/><D38/><U34/><E34/><V128/><F105/><W97/><G72/><T113/><D3/><U44/><E117/><V48/><F114/><W43/><G112/><T107/><D113/><U21/><E129/><V22/><F132/><W8/><G130/><T116/><D116/><U87/><E135/><V86/><F128/><W42/><G32/><T16/><D107/><U95/><E76/><V77/><F79/><W46/><G26/><T109/><D71/><U60/><E23/><V78/><F78/><W58/><G58/><T9/><D66/><U123/><E123/><V12/><F41/><W111/><G19/><T82/><D82/><U91/><E80/><V75/><F75/><W73/><G73/><T35/><D35/><U53/><E67/><V106/><F106/><W65/><G65/><T13/><D93/><U24/><E24/><V110/><F110/><N who="0" m="42602" /><D49/><U121/><E121/><V11/><F51/><W54/><G111/><T25/><D56/><U118/><E118/><V45/><REACH who="2" step="1"/><F11/><REACH who="2" ten="370,250,120,250" step="2"/><W28/><G10/><N who="0" m="6199" /><D25/><AGARI ba="1,1" hai="0,1,2,12,15,22,25,29,45,48,55,77,81,86" machi="25" ten="40,1300,0" yaku="1,1,53,0" doraHai="92" doraHaiUra="31" who="2" fromWho="0" sc="370,-16,250,0,120,26,250,0" /><INIT seed="1,0,0,4,0,19" ten="354,250,146,250" oya="1" hai0="130,21,118,48,91,42,72,41,85,104,80,28,4" hai1="113,18,33,97,79,93,74,44,121,83,108,7,88" hai2="135,116,102,122,73,70,13,87,103,119,123,15,71" hai3="68,106,124,82,50,100,131,8,43,94,86,14,101"/><U16/><E121/><N who="2" m="46091" /><F87/><W92/><G106/><T36/><D118/><N who="2" m="45098" /><F73/><W59/><G68/><N who="2" m="26153" /><F135/><W54/><G43/><T105/><D130/><U46/><E113/><V17/><F17/><N who="3" m="8391" /><G124/><T126/><D72/><U98/><E108/><V37/><F37/><W25/><G131/><T132/><D126/><U127/><E127/><V31/><F31/><W128/><G128/><T60/><D36/><U110/><E110/><V3/><F3/><W69/><G69/><T66/><D28/><U32/><E7/><V45/><F45/><W81/><G81/><T134/><D4/><U40/><E44/><V53/><F53/><W129/><G129/><T77/><D134/><U114/><E114/><V22/><F22/><W51/><G94/><T57/><D21/><U52/><E52/><V56/><F56/><W67/><G92/><T75/><D132/><U47/><E47/><V65/><F65/><W5/><G5/><T112/><D112/><U64/><E64/><V76/><F76/><W1/><G1/><T6/><D6/><U95/><E46/><V38/><F38/><W30/><G67/><T107/><REACH who="0" step="1"/><D48/><REACH who="0" ten="344,250,146,250" step="2"/><U125/><E125/><V120/><N who="2" m="46099" /><V84/><DORA hai="90" /><F84/><W9/><G51/><T23/><D23/><U62/><E62/><V12/><AGARI ba="0,1" hai="12,13,15,102,103" m="26153,45098,46099" machi="12" ten="50,3200,0" yaku="28,2" doraHai="19,90" who="2" fromWho="2" sc="344,-8,250,-16,146,42,250,-8" /><INIT seed="2,0,0,3,0,56" ten="336,234,188,242" oya="2" hai0="76,31,44,24,83,64,50,102,4,126,20,38,58" hai1="7,81,135,96,26,112,69,57,68,3,78,114,36" hai2="101,22,109,124,33,62,27,18,89,42,25,120,132" hai3="19,80,28,97,14,117,128,71,122,127,12,2,92"/><V5/><F120/><W52/><G2/><T86/><D38/><U9/><E36/><V107/><F42/><W47/><G71/><T133/><D126/><U21/><E135/><V85/><F132/><W87/><G28/><T98/><D133/><U43/><E43/><V6/><F124/><W100/><G127/><T110/><D4/><U74/><E96/><V45/><F109/><W13/><G128/><T121/><D121/><U84/><E74/><V32/><F101/><W8/><G117/><T63/><D110/><U105/><E105/><V54/><F107/><W70/><G70/><T79/><D44/><U11/><E11/><V16/><F32/><W111/><G111/><T123/><D123/><U41/><E41/><V39/><F39/><W67/><G67/><T15/><D15/><U125/><E125/><V17/><F33/><W119/><G119/><T93/><REACH who="0" step="1"/><D50/><REACH who="0" ten="326,234,188,242" step="2"/><U0/><E112/><V82/><F25/><W113/><G122/><T104/><D104/><U108/><E114/><V129/><F129/><W34/><G113/><T94/><D94/><U40/><E108/><V59/><F45/><W106/><G106/><T90/><AGARI ba="0,1" hai="20,24,31,58,63,64,76,79,83,86,90,93,98,102" machi="90" ten="20,12000,2" yaku="1,1,0,1,7,1,25,2,8,1,52,1,53,0" doraHai="56" doraHaiUra="118" who="0" fromWho="0" sc="326,130,234,-30,188,-60,242,-30" /><INIT seed="3,0,0,2,0,67" ten="456,204,128,212" oya="3" hai0="112,17,91,69,12,88,65,122,81,98,117,57,50" hai1="121,61,109,58,126,129,97,68,42,103,70,9,31" hai2="100,125,25,124,29,11,90,33,118,21,108,60,13" hai3="116,94,35,99,96,134,27,49,53,10,44,40,0"/><W43/><G116/><T128/><D128/><U114/><E121/><V45/><F100/><W111/><G134/><T120/><D69/><U92/><E114/><V131/><F118/><W73/><G73/><T28/><D117/><U22/><E129/><V71/><F131/><W89/><G111/><T79/><D28/><U8/><E109/><V41/><F108/><W106/><G0/><T2/><D2/><U101/><E101/><V24/><F90/><W5/><G35/><T102/><D112/><U4/><E42/><V78/><F78/><W133/><G133/><T110/><D110/><U74/><E74/><V76/><F76/><W119/><G119/><T66/><D66/><N who="1" m="39223" /><E126/><V80/><F80/><W3/><G27/><T55/><D65/><U19/><E19/><V47/><F41/><W20/><G20/><T16/><D17/><U51/><E51/><V56/><F124/><W95/><G106/><T48/><D48/><U113/><E113/><V104/><F104/><W77/><G77/><T72/><D122/><U123/><E123/><V23/><F33/><W82/><G82/><T34/><D34/><U26/><E8/><V59/><F71/><W7/><G7/><T93/><D120/><U130/><E130/><V83/><F83/><W87/><G87/><T64/><D64/><U85/><E85/><V38/><F38/><W36/><G36/><T63/><D63/><U32/><E32/><V132/><F132/><W135/><G135/><T6/><D6/><U115/><E115/><V39/><F39/><W86/><G86/><T15/><D15/><AGARI ba="0,0" hai="4,9,15,22,26,31,68,70,92,97,103" m="39223" machi="15" ten="30,3900,0" yaku="25,1,52,2" doraHai="67" who="1" fromWho="0" sc="456,-39,204,39,128,0,212,0" owari="417,52.0,243,4.0,128,-37.0,212,-19.0" /></mjloggm>