<mjloggm ver="2.3"><GO type="97" lobby="0"/><UN n0="%E5%B0%B1%E6%B4%BB%E7%94%9F%40%E5%B7%9D%E6%9D%91%E8%BB%8D%E5%9B%A3" n1="%65%71%6D%6D" n2="%E9%9B%80%E8%8D%98%E3%81%8B%E3%81%82" n3="%E3%83%88%E3%83%AA%E3%82%A2%E3%83%8E%E3%83%B3%E2%99%AA" dan="13,15,14,15" rate="1887.13,1894.95,1881.09,2053.74" sx="M,M,M,M"/><TAIKYOKU oya="0"/><INIT seed="0,0,0,3,5,14" ten="250,250,250,250" oya="0" hai0="116,26,48,5,64,18,131,39,24,38,87,30,72" hai1="125,41,76,91,47,128,31,55,89,77,27,54,100" hai2="28,6,56,82,70,45,93,110,120,134,113,29,62" hai3="8,15,35,17,95,22,60,99,19,86,58,118,123"/><T65/><D72/><U11/><E125/><V34/><F120/><W53/><G118/><T80/><D116/><U51/><E128/><V105/><F113/><W129/><G35/><T106/><D106/><U81/><E100/><V13/><F105/><W50/><G129/><T107/><D107/><U90/><E11/><V40/><F70/><W132/><G132/><T44/><D131/><U78/><REACH who="1" step="1"/><E81/><REACH who="1" ten="250,240,250,250" step="2"/><V83/><F134/><W92/><G123/><T36/><D5/><U37/><E37/><V109/><F34/><AGARI ba="0,1" hai="27,31,34,41,47,51,54,55,76,77,78,89,90,91" machi="34" ten="40,1300,0" yaku="1,1,53,0" doraHai="14" doraHaiUra="61" who="1" fromWho="2" sc="250,0,240,23,250,-13,250,0" /><INIT seed="1,0,0,5,1,33" ten="250,263,237,250" oya="1" hai0="80,48,117,11,119,44,78,120,23,35,24,95,65" hai1="17,121,67,18,112,98,27,61,76,99,49,85,83" hai2="110,39,79,125,21,10,81,101,87,100,115,47,69" hai3="51,70,63,94,43,52,118,37,124,88,7,1,89"/><U126/><E112/><V46/><F69/><W4/><G124/><T90/><D35/><U135/><E121/><V29/><F125/><W106/><G106/><T13/><D120/><U3/><E126/><V75/><F75/><W96/><G118/><T31/><D119/><U64/><E135/><V108/><F115/><W71/><G89/><T36/><D117/><U97/><E3/><V113/><F113/><W34/><G34/><T86/><D36/><U72/><E72/><V133/><F10/><W30/><G30/><T41/><D65/><U109/><E109/><N who="2" m="42091" /><F133/><W60/><G60/><T123/><D123/><U68/><E64/><V12/><F12/><W54/><G7/><T55/><D95/><U5/><E5/><V59/><F59/><W82/><G82/><T66/><D66/><U2/><E2/><V53/><F53/><W15/><G15/><T42/><REACH who="0" step="1"/><D78/><REACH who="0" ten="240,263,237,250" step="2"/><U25/><E76/><V111/><F111/><W28/><G37/><T104/><D104/><U26/><E67/><V20/><F39/><W8/><G71/><T134/><D134/><U84/><E68/><V122/><F122/><W127/><G70/><T50/><D50/><U114/><E49/><V40/><F79/><W105/><G127/><T128/><D128/><U103/><E114/><V6/><F81/><W91/><G63/><T62/><D62/><U16/><E61/><V116/><F116/><W14/><G51/><T92/><D92/><N who="1" m="58791" /><E83/><V45/><F40/><W22/><G105/><T9/><D9/><U130/><E130/><V132/><F132/><W32/><G43/><T74/><D74/><RYUUKYOKU ba="0,1" sc="240,15,263,15,237,-15,250,-15" hai0="11,13,23,24,31,41,42,44,48,55,80,86,90" hai1="16,17,18,25,26,27,84,85,98,99" /><INIT seed="1,1,1,0,2,45" ten="255,278,222,235" oya="1" hai0="115,129,47,16,110,116,74,0,97,106,6,133,65" hai1="51,66,34,122,93,121,55,132,38,94,78,52,75" hai2="36,135,15,83,49,117,127,41,98,58,40,53,91" hai3="9,99,18,7,20,37,100,25,114,92,77,85,39"/><U61/><E38/><V8/><F117/><W23/><G114/><T31/><D74/><U123/><E34/><V44/><F135/><W22/><G39/><T130/><D115/><U68/><E132/><V89/><F127/><W125/><G37/><T118/><D133/><U5/><E5/><V124/><F41/><W128/><G128/><N who="0" m="49259" /><D31/><U103/><E55/><V84/><F98/><W88/><G77/><T82/><D110/><U95/><E103/><V43/><F43/><W28/><G28/><T107/><D65/><U21/><E21/><V79/><REACH who="2" step="1"/><F124/><REACH who="2" ten="255,278,212,235" step="2"/><W90/><G125/><T30/><D97/><U96/><E96/><V119/><F119/><W72/><G72/><T48/><D116/><U60/><E121/><V3/><F3/><W109/><G109/><T134/><D118/><U86/><E75/><V57/><F57/><W26/><G26/><T111/><D134/><U17/><E122/><V101/><F101/><W71/><G71/><T24/><D0/><U46/><E68/><V2/><F2/><W63/><G100/><T29/><D107/><U10/><E123/><V112/><F112/><W131/><G131/><T81/><D106/><U69/><E69/><V12/><F12/><W19/><G25/><T64/><D24/><U14/><E66/><V126/><F126/><W13/><REACH who="3" step="1"/><G63/><REACH who="3" ten="255,278,212,225" step="2"/><T33/><D33/><U54/><E54/><V4/><AGARI ba="1,3" hai="4,8,15,36,40,44,49,53,58,79,83,84,89,91" machi="4" ten="20,5200,0" yaku="1,1,0,1,7,1,52,1,53,0" doraHai="45" doraHaiUra="35" who="2" fromWho="2" sc="255,-14,278,-27,212,85,225,-14" /><INIT seed="2,0,0,4,1,123" ten="241,251,297,211" oya="2" hai0="25,61,36,88,135,34,20,94,27,64,114,107,70" hai1="85,102,132,21,30,23,113,15,49,92,84,76,117" hai2="122,14,66,78,26,87,58,31,28,62,125,82,81" hai3="2,10,128,56,8,115,29,104,118,73,7,69,53"/><V40/><F122/><W55/><G118/><T18/><D114/><U1/><E117/><V120/><F120/><W119/><G119/><T103/><D135/><U72/><E1/><V39/><F39/><W116/><G116/><T57/><D36/><U3/><E3/><V17/><F40/><W109/><G69/><T134/><D134/><U99/><E132/><V130/><F130/><W77/><G104/><T110/><D110/><U90/><E113/><V133/><F133/><W74/><G115/><T16/><D107/><U105/><E49/><V50/><F50/><W19/><G29/><T24/><D103/><U45/><E45/><V121/><F121/><W89/><G128/><T44/><D34/><U43/><E43/><V93/><F93/><W46/><G46/><T38/><D70/><U112/><E112/><V108/><F125/><W67/><G109/><T68/><D68/><U91/><E30/><V54/><F108/><W41/><G41/><T97/><D38/><U65/><E65/><V9/><F82/><W101/><G101/><T4/><D4/><U96/><E15/><V131/><F131/><W35/><G35/><T37/><D37/><U22/><E90/><V95/><F95/><W60/><G89/><T80/><D44/><U124/><E124/><V12/><F12/><W13/><G77/><T127/><D127/><U100/><E100/><V129/><F129/><W48/><G67/><T63/><D63/><U83/><AGARI ba="0,0" hai="21,22,23,72,76,83,84,85,91,92,96,99,102,105" machi="83" ten="30,1100,0" yaku="0,1" doraHai="123" who="1" fromWho="1" sc="241,-3,251,11,297,-5,211,-3" /><INIT seed="3,0,0,4,2,23" ten="238,262,292,208" oya="3" hai0="45,123,106,88,35,94,59,132,8,84,57,74,108" hai1="28,120,5,75,87,111,69,96,36,128,26,0,67" hai2="82,14,50,66,92,53,24,56,55,12,119,113,37" hai3="48,54,65,13,135,72,110,11,61,86,20,63,7"/><W68/><G72/><T114/><D123/><U31/><E31/><V124/><F37/><W51/><G135/><T10/><D35/><N who="1" m="20887" /><E87/><V81/><F119/><W6/><G6/><T21/><D106/><U121/><E111/><V27/><F124/><W46/><G110/><T90/><D74/><U131/><E96/><V40/><F40/><W109/><G109/><T64/><D114/><U107/><E107/><V77/><F66/><W29/><G86/><T122/><D122/><U133/><E133/><V85/><F113/><W71/><G51/><T126/><D126/><U101/><E101/><V60/><F92/><W30/><REACH who="3" step="1"/><G20/><REACH who="3" ten="238,262,292,198" step="2"/><T19/><D108/><U79/><E36/><V33/><F33/><W103/><G103/><T89/><D132/><U49/><E49/><V2/><F82/><W32/><G32/><T97/><D84/><U70/><E121/><V17/><F2/><W115/><G115/><T73/><D73/><U105/><E5/><V62/><F62/><W39/><G39/><T22/><D22/><U15/><E0/><V95/><F60/><W127/><G127/><T130/><D10/><U112/><E112/><V104/><F50/><W43/><G43/><T3/><D8/><U25/><E120/><V76/><F104/><W38/><G38/><T129/><D3/><U116/><E105/><V98/><F85/><W42/><G42/><T80/><D21/><U41/><E41/><V34/><F34/><W93/><G93/><T134/><D94/><U47/><E75/><V117/><F95/><W100/><G100/><T83/><D134/><U9/><E9/><RYUUKYOKU ba="0,1" sc="238,-10,262,-10,292,-10,198,30" hai3="7,11,13,29,30,46,48,54,61,63,65,68,71" /><INIT seed="3,1,1,5,5,10" ten="228,252,282,228" oya="3" hai0="9,12,0,19,119,25,64,91,114,122,115,31,101" hai1="40,95,34,43,7,28,118,4,69,68,57,6,83" hai2="36,81,73,39,26,121,128,135,35,15,1,117,76" hai3="38,53,85,58,20,2,67,66,108,134,63,130,37"/><W46/><G2/><T129/><D119/><U62/><E118/><V132/><F117/><W42/><G85/><T112/><D122/><U33/><E83/><V74/><F74/><W3/><G3/><T11/><D129/><U99/><E28/><N who="2" m="19863" /><F121/><W65/><G20/><N who="0" m="15783" /><D101/><U125/><E125/><V71/><F71/><N who="3" m="42431" /><G130/><T50/><D64/><N who="3" m="24617" /><G134/><N who="2" m="51241" /><F128/><W45/><G108/><T106/><D50/><U82/><E68/><V120/><F120/><W79/><G79/><T105/><D91/><U84/><E69/><V13/><F1/><W60/><G45/><T17/><D0/><U24/><E34/><V87/><F87/><W18/><G18/><T52/><D52/><N who="1" m="34087" /><E33/><V97/><F97/><W51/><AGARI ba="1,1" hai="37,38,42,46,51,53,58,60" m="24617,42431" machi="51" ten="30,12000,1" yaku="35,5" doraHai="10" who="3" fromWho="3" sc="228,-41,252,-41,282,-41,228,133" owari="187,-31.0,211,-19.0,241,4.0,361,46.0" /></mjloggm>