<mjloggm ver="2.3"><GO type="97" lobby="0"/><UN n0="%E6%82%A0%79%6F%75" n1="%E3%81%B2%E3%81%9F%E3%81%99%E3%82%89%E9%98%B2%E5%BE%A1" n2="%E3%82%A6%E3%83%AB%E3%83%88%E3%83%A9%E7%AB%8B%E7%9B%B4" n3="%E3%83%A1%E3%83%B3%E3%83%98%E3%83%A9" dan="15,13,15,14" rate="1989.88,1894.39,1961.72,1955.42" sx="M,F,M,M"/><TAIKYOKU oya="0"/><INIT seed="0,0,0,0,2,2" ten="250,250,250,250" oya="0" hai0="67,8,129,53,21,90,36,31,63,120,123,17,92" hai1="32,86,30,121,77,85,14,72,133,79,98,110,41" hai2="101,7,13,70,61,69,40,29,9,52,66,131,65" hai3="16,51,45,104,80,38,15,118,60,39,99,54,46"/><T11/><D36/><U0/><E121/><V4/><F131/><W20/><G118/><T27/><D129/><U58/><E110/><V62/><F40/><W135/><G135/><T76/><D76/><N who="1" m="29259" /><E72/><V93/><F29/><W126/><G80/><T111/><D111/><U23/><E32/><V97/><F52/><W88/><G126/><T127/><D127/><U5/><E0/><V78/><REACH who="2" step="1"/><F78/><REACH who="2" ten="250,250,240,250" step="2"/><W6/><G60/><T115/><D53/><U102/><E41/><V105/><F105/><W33/><G104/><T3/><D31/><U47/><E30/><V42/><F42/><W134/><G134/><T122/><D115/><U82/><E133/><V89/><F89/><W125/><G125/><T64/><D67/><U43/><E43/><V34/><F34/><W119/><G33/><T96/><REACH who="0" step="1"/><D3/><REACH who="0" ten="240,250,240,250" step="2"/><U56/><E102/><V84/><F84/><W124/><G124/><T130/><D130/><U48/><E85/><V95/><F95/><N who="3" m="56807" /><G39/><T87/><D87/><U37/><E86/><V94/><F94/><W128/><G38/><T71/><AGARI ba="0,2" hai="8,11,17,21,27,63,64,71,90,92,96,120,122,123" machi="71" ten="30,6000,0" yaku="1,1,0,1,53,1" doraHai="2" doraHaiUra="57" who="0" fromWho="0" sc="240,80,250,-20,240,-20,250,-20" /><INIT seed="0,1,0,0,0,88" ten="320,230,220,230" oya="0" hai0="80,109,20,59,25,115,57,8,125,16,17,67,73" hai1="19,75,135,26,44,22,101,46,62,96,50,49,42" hai2="102,119,27,35,21,3,131,74,103,23,104,98,48" hai3="134,45,12,76,106,124,58,64,7,108,15,107,4"/><T132/><D115/><U69/><E75/><V63/><F3/><W30/><G30/><T87/><D73/><U55/><E135/><V82/><F131/><W71/><G71/><T126/><D132/><U53/><E69/><V129/><F129/><W128/><G134/><T123/><D123/><U39/><E39/><V34/><F119/><W79/><G128/><T14/><D109/><U116/><E116/><V5/><F5/><W110/><G45/><T99/><D99/><U1/><E1/><V105/><F48/><W51/><G124/><N who="0" m="47723" /><D67/><U40/><REACH who="1" step="1"/><E62/><REACH who="1" ten="320,220,220,230" step="2"/><V54/><F63/><W100/><G51/><T9/><D9/><U130/><E130/><V11/><F11/><W93/><G64/><T111/><D111/><U113/><E113/><V92/><F74/><W122/><G122/><T68/><D68/><U84/><E84/><V72/><F72/><W60/><G60/><T112/><D112/><U41/><E41/><V85/><F85/><W10/><G10/><T127/><D127/><U77/><E77/><AGARI ba="1,1" hai="8,14,16,17,20,25,57,59,77,80,87" m="47723" machi="77" ten="30,2900,0" yaku="18,1,54,1" doraHai="88" who="0" fromWho="1" sc="320,42,220,-32,220,0,230,0" /><INIT seed="0,2,0,5,3,70" ten="362,188,220,230" oya="0" hai0="39,59,103,118,117,11,72,126,41,82,45,3,29" hai1="97,63,95,57,67,50,10,26,96,104,13,115,64" hai2="21,17,27,99,89,1,73,58,37,105,79,54,84" hai3="120,108,6,100,18,12,106,132,122,112,65,77,53"/><T92/><D126/><U102/><E115/><V7/><F7/><W113/><G65/><T24/><D59/><U128/><E128/><V111/><F1/><W86/><G6/><N who="0" m="1503" /><D92/><U56/><E26/><V69/><F69/><W124/><G124/><T36/><D103/><U55/><E10/><V61/><F111/><W75/><G108/><T0/><D0/><U20/><E20/><V8/><F8/><W15/><G53/><T121/><D121/><N who="3" m="46697" /><G18/><T83/><D83/><U14/><REACH who="1" step="1"/><E67/><REACH who="1" ten="362,178,220,230" step="2"/><V127/><F127/><W91/><G113/><T31/><D118/><U134/><E134/><V109/><F109/><W80/><G132/><T107/><D117/><U47/><E47/><V71/><F21/><W135/><G135/><T43/><D24/><U25/><E25/><V40/><F27/><W98/><G112/><T23/><D23/><U60/><E60/><V87/><F61/><W44/><G44/><N who="0" m="23591" /><D107/><U51/><E51/><V49/><F49/><W48/><G48/><T133/><D133/><U131/><E131/><V9/><F105/><W46/><G46/><T30/><D30/><U88/><AGARI ba="2,1" hai="13,14,50,55,56,57,63,64,88,95,96,97,102,104" machi="88" ten="20,12000,2" yaku="1,1,0,1,7,1,54,1,53,2" doraHai="70" doraHaiUra="52" who="1" fromWho="1" sc="362,-62,178,136,220,-32,230,-32" /><INIT seed="1,0,0,3,3,37" ten="300,314,188,198" oya="1" hai0="83,31,110,82,18,90,34,105,130,11,98,69,39" hai1="56,1,44,45,19,108,134,122,57,59,68,16,96" hai2="119,112,36,81,53,10,109,3,88,17,58,102,84" hai3="127,115,89,117,129,40,121,113,78,85,79,62,60"/><U46/><E68/><V99/><F119/><W32/><G32/><T28/><D69/><U87/><E122/><V51/><F109/><W47/><G121/><T131/><D110/><U52/><E134/><V118/><F118/><W111/><G111/><T92/><D39/><U65/><E65/><V23/><F112/><W22/><G117/><T21/><D105/><U107/><E108/><V100/><F36/><W71/><G71/><T43/><D43/><U13/><E1/><V94/><F3/><W72/><G72/><T63/><D63/><N who="1" m="36231" /><E107/><V67/><F10/><W12/><G129/><N who="0" m="49163" /><D11/><N who="1" m="6207" /><E19/><V132/><F132/><W73/><G127/><T2/><D2/><U20/><E20/><V80/><F67/><W33/><G73/><T42/><D42/><U55/><E96/><V15/><REACH who="2" step="1"/><F81/><REACH who="2" ten="300,314,178,198" step="2"/><N who="0" m="30730" /><D34/><U35/><E35/><V133/><F133/><W38/><G115/><T126/><D126/><U24/><E24/><AGARI ba="0,1" hai="18,21,24,28,31,90,92,98" m="30730,49163" machi="24" ten="30,1000,0" yaku="19,1" doraHai="37" who="0" fromWho="1" sc="300,20,314,-10,178,0,198,0" /><INIT seed="2,0,0,2,2,85" ten="320,304,178,198" oya="2" hai0="121,62,118,48,130,86,83,7,120,112,76,91,25" hai1="17,65,125,132,13,75,47,39,56,98,42,69,57" hai2="35,11,19,27,60,129,96,84,135,108,28,90,115" hai3="80,30,104,126,8,61,59,116,40,10,29,74,31"/><V55/><F115/><W73/><G116/><T22/><D112/><U127/><E75/><V133/><F96/><W124/><G104/><T43/><D118/><U1/><E1/><V105/><F105/><W78/><G40/><T119/><D119/><U20/><E132/><N who="2" m="50763" /><F129/><W41/><G41/><T94/><D130/><U33/><E33/><V99/><F99/><W111/><G111/><T79/><D121/><U88/><E69/><V32/><F108/><W134/><G134/><T77/><D120/><U123/><E65/><V95/><F35/><W102/><G102/><T68/><D68/><U3/><E3/><V131/><F131/><W16/><G74/><T128/><D128/><U103/><E103/><V87/><F60/><W18/><G10/><T92/><D62/><U63/><E63/><V15/><F84/><W6/><G6/><T34/><D7/><U49/><E49/><V53/><AGARI ba="0,0" hai="11,15,19,27,28,32,53,55,87,90,95" m="50763" machi="53" ten="30,3000,0" yaku="20,1,52,1" doraHai="85" who="2" fromWho="2" sc="320,-10,304,-10,178,30,198,-10" /><INIT seed="2,1,0,4,5,90" ten="310,294,208,188" oya="2" hai0="131,43,61,91,98,52,19,51,119,35,121,6,74" hai1="56,125,84,64,116,77,135,36,78,127,34,72,112" hai2="49,86,89,118,0,58,47,11,8,96,94,109,45" hai3="30,18,110,53,129,17,117,13,37,115,83,40,111"/><V133/><F133/><W5/><G117/><T15/><D74/><U124/><E135/><V59/><F118/><W102/><G129/><T107/><D121/><U3/><E3/><V1/><F1/><W114/><G30/><T92/><D107/><U57/><E112/><N who="3" m="43050" /><G83/><T88/><D119/><U130/><E130/><V120/><F120/><W67/><G67/><T28/><D35/><U21/><E116/><V7/><F109/><N who="3" m="41483" /><G102/><T20/><D131/><U126/><E126/><V31/><F31/><W33/><G33/><T123/><D123/><U16/><E34/><V132/><F132/><W95/><G40/><T82/><D43/><U93/><E36/><V105/><F11/><N who="3" m="4335" /><G37/><T23/><D6/><U26/><E72/><V113/><F113/><W65/><G65/><T50/><D28/><U106/><E106/><V10/><F10/><W27/><G53/><T101/><D23/><U55/><E64/><V103/><F47/><W29/><G95/><T54/><D82/><N who="1" m="47183" /><E78/><V108/><F108/><W134/><G134/><T25/><D61/><N who="1" m="35999" /><E57/><V24/><F24/><W12/><G29/><T87/><D87/><U32/><E32/><V68/><F68/><W97/><G97/><T70/><D70/><U100/><E100/><V41/><AGARI ba="1,0" hai="0,7,8,41,45,49,58,59,86,89,94,96,103,105" machi="41" ten="20,3900,0" yaku="0,1,7,1,52,1" doraHai="90" who="2" fromWho="2" sc="310,-14,294,-14,208,42,188,-14" /><INIT seed="2,2,0,4,3,87" ten="296,280,250,174" oya="2" hai0="103,74,64,2,86,65,52,110,27,34,83,14,20" hai1="119,95,21,125,132,121,108,6,112,15,89,7,129" hai2="111,8,88,128,40,122,39,43,55,12,75,13,97" hai3="63,18,85,61,47,59,30,116,53,114,126,38,133"/><V109/><F75/><W16/><G116/><T78/><D110/><N who="2" m="41994" /><F122/><W42/><G133/><T50/><D2/><U25/><E108/><V104/><F128/><W81/><G114/><T68/><D68/><U69/><E112/><V73/><F73/><W37/><G126/><T32/><D103/><U72/><E69/><V92/><F104/><W90/><G38/><T98/><D98/><N who="1" m="57711" /><E72/><V28/><F28/><W11/><G11/><T135/><D135/><U76/><E119/><V77/><F77/><W106/><G106/><T82/><D14/><N who="2" m="5738" /><F39/><W22/><REACH who="3" step="1"/><G61/><REACH who="3" ten="296,280,250,164" step="2"/><T58/><D34/><U19/><E132/><V91/><F8/><W48/><G48/><T51/><D50/><U127/><E121/><V99/><F55/><W3/><G3/><T124/><D32/><U115/><E115/><V57/><F57/><W35/><G35/><T84/><D74/><U46/><E129/><V80/><F40/><W9/><G9/><T101/><D124/><N who="1" m="47691" /><E76/><V10/><F43/><W29/><G29/><N who="0" m="17639" /><D101/><U26/><E46/><V31/><F31/><W66/><G66/><T118/><D118/><U1/><E1/><V45/><F45/><W105/><G105/><T44/><D44/><U41/><E41/><V120/><F10/><W56/><G56/><T54/><D54/><U4/><AGARI ba="2,1" hai="4,6,7,15,19,21,25,26" m="47691,57711" machi="4" ten="30,2000,0" yaku="18,1,52,1" doraHai="87" who="1" fromWho="1" sc="296,-7,280,36,250,-12,164,-7" /><INIT seed="3,0,0,2,5,114" ten="289,316,238,157" oya="3" hai0="82,107,97,24,30,26,9,10,18,77,11,102,67" hai1="122,100,95,93,59,31,71,12,68,64,55,130,29" hai2="53,98,108,105,6,85,104,86,84,14,58,13,3" hai3="132,61,27,8,75,44,131,115,91,52,69,50,7"/><W127/><G115/><T17/><D67/><U109/><E109/><V60/><F108/><W34/><G75/><T38/><D38/><U19/><E122/><V133/><F3/><W40/><G127/><T117/><D117/><U65/><E130/><V124/><F124/><W72/><G72/><T110/><D110/><U1/><E55/><V76/><F133/><W33/><G131/><T112/><D112/><U125/><E59/><V56/><F76/><W90/><G132/><T106/><D106/><U36/><E19/><V32/><F32/><W16/><G33/><T25/><REACH who="0" step="1"/><D30/><REACH who="0" ten="279,316,238,157" step="2"/><U0/><E36/><V49/><F6/><W15/><G69/><T66/><D66/><U70/><E70/><V23/><F105/><W119/><G119/><T4/><D4/><U116/><E116/><V20/><F98/><W28/><REACH who="3" step="1"/><G7/><REACH who="3" ten="279,316,238,147" step="2"/><T2/><D2/><U101/><E125/><V48/><F104/><W78/><G78/><T96/><D96/><U37/><E37/><V73/><F73/><AGARI ba="0,2" hai="9,10,11,17,18,24,25,26,73,77,82,97,102,107" machi="73" ten="40,8000,1" yaku="1,1,53,3" doraHai="114" doraHaiUra="22" who="0" fromWho="2" sc="279,100,316,0,238,-80,147,0" owari="379,47.0,316,12.0,158,-24.0,147,-35.0" /></mjloggm>