<mjloggm ver="2.3"><GO type="169" lobby="0"/><UN n0="%E3%81%82%E3%81%B2%E3%82%8B%E3%81%95%E3%82%93" n1="%E5%A4%AA%E3%81%8F%E3%81%AA%E3%81%84%E3%81%8A" n2="%E3%83%94%E3%82%AB%E5%90%BE%E9%83%8E" n3="%E3%82%A6%E3%83%AB%E3%83%88%E3%83%A9%E7%AB%8B%E7%9B%B4" dan="16,17,16,17" rate="2103.97,2219.34,2139.09,2155.31" sx="M,M,M,M"/><TAIKYOKU oya="0"/><INIT seed="0,0,0,4,1,82" ten="250,250,250,250" oya="0" hai0="117,118,26,21,75,98,105,44,71,79,97,76,12" hai1="10,57,52,60,92,96,132,63,55,73,72,58,114" hai2="14,124,37,81,85,110,115,126,113,66,2,19,1" hai3="22,62,67,89,108,134,54,109,86,130,27,48,78"/><T17/><D71/><U49/><E132/><V90/><F66/><W59/><G78/><T41/><D75/><U84/><E114/><N who="2" m="43531" /><F37/><W7/><G7/><T4/><D117/><U6/><E49/><V77/><F90/><W43/><G43/><T133/><D118/><U102/><REACH who="1" step="1"/><E84/><REACH who="1" ten="250,240,250,250" step="2"/><V15/><F110/><W50/><G134/><T31/><D133/><U13/><AGARI ba="0,1" hai="6,10,13,52,55,57,58,60,63,72,73,92,96,102" machi="13" ten="20,12000,2" yaku="1,1,2,1,0,1,7,1,9,1,54,1,53,0" doraHai="82" doraHaiUra="80" who="1" fromWho="1" sc="250,-60,240,130,250,-30,250,-30" /><INIT seed="1,0,0,1,0,72" ten="190,370,220,220" oya="1" hai0="132,79,6,10,56,30,8,31,39,54,126,13,34" hai1="70,17,26,104,81,85,117,113,89,74,47,99,87" hai2="84,40,62,66,42,43,119,45,36,32,133,130,2" hai3="103,23,44,91,0,28,21,9,95,46,14,112,65"/><U12/><E113/><V90/><F2/><W109/><G0/><T18/><D39/><U98/><E117/><V67/><F32/><W124/><G112/><T115/><D115/><U11/><E70/><V120/><F120/><W68/><G124/><T88/><D132/><U77/><E104/><V125/><F119/><W122/><G109/><T49/><D126/><U38/><E74/><V128/><F125/><W114/><G114/><T63/><D34/><U80/><REACH who="1" step="1"/><E26/><REACH who="1" ten="190,360,220,220" step="2"/><V73/><F133/><W57/><G68/><T41/><D31/><U135/><E135/><V96/><F73/><W48/><G28/><T106/><D30/><U129/><E129/><V71/><F128/><W5/><G122/><T101/><D106/><U3/><E3/><V1/><F1/><W64/><G103/><T121/><D101/><U69/><E69/><V94/><F130/><W19/><G65/><T59/><D121/><U15/><E15/><V50/><F67/><W78/><G64/><T111/><D13/><U100/><E100/><V37/><F37/><W25/><G25/><T92/><D111/><U24/><E24/><V86/><F36/><W16/><G14/><T20/><D6/><U102/><E102/><V4/><F4/><W52/><G5/><T7/><D7/><U116/><E116/><V93/><F71/><W105/><G105/><T123/><D123/><U27/><E27/><V60/><F66/><W110/><G110/><T33/><D33/><U82/><E82/><V61/><F93/><W134/><G95/><T75/><D92/><U53/><E53/><AGARI ba="0,1" hai="40,42,43,45,50,53,60,61,62,84,86,90,94,96" machi="53" ten="40,1300,0" yaku="8,1" doraHai="72" who="2" fromWho="1" sc="190,0,360,-13,220,23,220,0" /><INIT seed="2,0,0,0,4,35" ten="190,347,243,220" oya="2" hai0="43,78,4,108,69,7,126,90,74,10,41,34,87" hai1="93,76,45,50,17,77,62,112,16,133,61,97,19" hai2="49,8,81,82,6,127,121,70,84,86,132,15,29" hai3="12,23,32,13,104,66,83,125,57,60,130,54,67"/><V116/><F70/><W122/><G32/><T64/><D34/><U31/><E133/><V36/><F36/><W120/><G104/><T118/><D108/><U106/><E106/><V38/><F38/><W75/><G125/><T128/><D128/><U85/><E31/><V46/><F29/><W99/><G130/><T58/><D69/><U101/><E112/><V98/><F127/><W71/><G67/><T18/><D126/><U65/><E85/><V72/><F72/><W48/><G99/><T114/><D114/><U5/><E5/><V44/><F132/><W24/><G83/><T113/><D113/><U42/><REACH who="1" step="1"/><E62/><REACH who="1" ten="190,337,243,220" step="2"/><V59/><F116/><W21/><G75/><T1/><D74/><U79/><E79/><N who="2" m="46143" /><F98/><W96/><G96/><T33/><D78/><U9/><E9/><V55/><F121/><W37/><G122/><T27/><D118/><U92/><E92/><V115/><F115/><W110/><G120/><T51/><D7/><U73/><E73/><V107/><F107/><W105/><G105/><T135/><D135/><U47/><E47/><V124/><F124/><W95/><G95/><T0/><D4/><U88/><E88/><AGARI ba="0,1" hai="6,8,15,44,46,49,55,59,82,86,88" m="46143" machi="88" ten="30,2900,0" yaku="8,1,54,1" doraHai="35" who="2" fromWho="1" sc="190,0,337,-29,243,39,220,0" /><INIT seed="2,1,0,2,4,40" ten="190,308,282,220" oya="2" hai0="54,70,115,38,23,50,59,128,106,72,124,89,15" hai1="81,3,16,18,6,4,95,46,42,74,61,57,66" hai2="112,64,132,93,52,105,114,32,75,0,131,14,130" hai3="126,134,88,35,125,127,47,87,30,96,55,120,51"/><V102/><F0/><W69/><G69/><T33/><D33/><U103/><E103/><V60/><F32/><W48/><G120/><T104/><D72/><U110/><E110/><V99/><F75/><W90/><G134/><T34/><D34/><U79/><E95/><V118/><F118/><W83/><G30/><T39/><D70/><U21/><E3/><V24/><F24/><W62/><G35/><T67/><D115/><U49/><REACH who="1" step="1"/><E18/><REACH who="1" ten="190,298,282,220" step="2"/><V133/><F114/><W109/><G109/><T2/><D2/><U111/><E111/><V11/><F93/><N who="3" m="56359" /><G62/><T85/><D106/><U31/><E31/><V80/><F112/><W12/><G12/><AGARI ba="1,1" hai="4,6,12,16,21,42,46,49,57,61,66,74,79,81" machi="12" ten="30,8000,1" yaku="1,1,7,1,52,1,54,1,53,1" doraHai="40" doraHaiUra="58" who="1" fromWho="3" sc="190,0,298,93,282,0,220,-83" /><INIT seed="3,0,0,2,5,105" ten="190,391,282,137" oya="3" hai0="112,130,66,125,52,18,28,97,15,3,108,46,22" hai1="17,38,94,67,39,128,133,43,64,119,91,96,24" hai2="109,1,120,86,75,57,115,2,10,113,74,114,63" hai3="71,84,82,69,44,4,51,8,117,16,76,93,27"/><W88/><G117/><T26/><D3/><U68/><E119/><V118/><F118/><W6/><G71/><T11/><D108/><U40/><E133/><V37/><F37/><W55/><G69/><T20/><D130/><U59/><E68/><V79/><F109/><W47/><G47/><T81/><D125/><U12/><E128/><V25/><F120/><W127/><G127/><T61/><D112/><U54/><E39/><V122/><F122/><W14/><REACH who="3" step="1"/><G27/><REACH who="3" ten="190,391,282,127" step="2"/><T100/><D26/><U30/><E24/><V29/><F115/><W32/><G32/><T111/><D46/><U7/><E30/><V92/><F113/><W58/><G58/><T103/><D28/><U73/><E38/><V13/><F114/><W35/><G35/><T65/><D111/><U98/><E59/><V107/><F25/><W78/><G78/><T42/><D66/><U101/><E67/><V95/><F29/><W134/><G134/><T99/><D65/><U33/><E64/><V126/><F57/><W87/><AGARI ba="0,1" hai="4,6,8,14,16,44,51,55,76,82,84,87,88,93" machi="87" ten="20,18000,2" yaku="1,1,0,1,7,1,8,1,54,2,53,1" doraHai="105" doraHaiUra="89" who="3" fromWho="3" sc="190,-60,391,-60,282,-60,127,190" /><INIT seed="3,1,0,5,2,38" ten="130,331,222,317" oya="3" hai0="82,55,121,91,72,52,131,78,47,98,86,128,15" hai1="97,117,127,63,49,77,24,31,88,17,53,101,116" hai2="29,111,0,42,44,69,132,110,126,5,93,51,10" hai3="81,14,3,105,65,16,8,36,39,60,107,13,124"/><W28/><G3/><T119/><D119/><N who="1" m="45643" /><E127/><V76/><F69/><W103/><G124/><T50/><D121/><U108/><E108/><N who="2" m="41515" /><F126/><W11/><G28/><T114/><D114/><U135/><E135/><V58/><F132/><W118/><G118/><T87/><D72/><U106/><E106/><BYE who="1" /><V73/><F93/><W12/><G12/><T85/><D98/><U30/><E30/><V48/><F29/><W96/><G81/><T92/><D86/><U27/><E27/><V1/><F1/><W56/><REACH who="3" step="1"/><G107/><REACH who="3" ten="130,331,222,307" step="2"/><T45/><REACH who="0" step="1"/><D15/><REACH who="0" ten="120,331,222,307" step="2"/><U57/><E57/><V43/><F58/><W7/><AGARI ba="1,2" hai="7,8,11,13,14,16,36,39,56,60,65,96,103,105" machi="7" ten="20,18000,2" yaku="1,1,2,1,0,1,7,1,54,1,53,1" doraHai="38" doraHaiUra="94" who="3" fromWho="3" sc="120,-61,331,-61,222,-61,307,203" /><UN n1="%E5%A4%AA%E3%81%8F%E3%81%AA%E3%81%84%E3%81%8A" /><INIT seed="3,2,0,0,4,57" ten="59,270,161,510" oya="3" hai0="70,79,94,86,123,115,66,2,108,20,84,54,52" hai1="117,88,37,125,17,98,114,7,13,56,53,35,135" hai2="68,55,47,65,89,41,126,81,72,132,45,19,96" hai3="119,73,12,131,78,113,120,105,80,124,133,32,15"/><W26/><RYUUKYOKU type="yao9" ba="2,0" sc="59,0,270,0,161,0,510,0" hai3="12,15,26,32,73,78,80,105,113,119,120,124,131,133" /><INIT seed="3,3,0,2,2,15" ten="59,270,161,510" oya="3" hai0="79,70,57,23,8,108,87,93,56,113,102,31,42" hai1="60,64,116,112,29,51,135,119,13,130,22,10,48" hai2="101,131,68,40,132,2,121,16,90,6,124,3,100" hai3="82,30,11,125,110,44,95,118,59,133,99,35,84"/><W67/><G118/><N who="1" m="45098" /><E135/><V103/><F68/><W83/><G35/><T69/><D108/><U104/><E130/><V115/><F115/><W76/><G30/><T107/><D107/><U14/><E104/><V19/><F131/><W33/><G33/><T0/><D113/><U7/><E112/><V65/><F65/><W74/><G133/><T105/><D105/><U72/><E72/><V47/><F132/><W27/><G27/><T32/><D32/><U128/><E128/><V20/><F124/><W89/><G44/><T55/><D70/><N who="1" m="42247" /><E14/><V46/><F121/><W34/><G34/><T21/><D69/><U63/><E63/><V38/><F6/><W66/><G110/><T75/><D75/><U96/><E96/><V37/><F20/><W58/><G11/><T91/><D8/><U61/><E61/><V98/><F98/><W28/><G125/><T114/><D0/><U9/><E10/><V129/><F129/><W92/><G66/><T106/><D106/><U43/><E43/><V111/><F111/><W24/><G67/><T127/><D42/><U120/><E120/><V85/><F38/><W126/><G126/><T25/><D127/><U71/><E71/><V94/><REACH who="2" step="1"/><F47/><REACH who="2" ten="59,270,151,510" step="2"/><W12/><G99/><T109/><D114/><U62/><E7/><V73/><F73/><W45/><G45/><T134/><D109/><U1/><E22/><V5/><F5/><W81/><G74/><T49/><D134/><U53/><E9/><V117/><F117/><W41/><G84/><N who="0" m="52455" /><D21/><U122/><E122/><V88/><F88/><W78/><G89/><T77/><D87/><RYUUKYOKU ba="3,1" sc="59,-10,270,-10,151,30,510,-10" hai2="2,3,16,19,37,40,46,85,90,94,100,101,103" /><INIT seed="4,4,1,5,2,70" ten="49,260,181,500" oya="0" hai0="55,60,119,106,88,59,117,24,73,17,1,50,123" hai1="29,66,25,96,121,122,22,3,103,54,97,28,94" hai2="126,95,36,86,61,41,7,83,91,80,71,115,16" hai3="13,93,18,79,44,111,57,120,102,99,84,118,30"/><T125/><D123/><U58/><E3/><V27/><F7/><W98/><G111/><T19/><D1/><U53/><E29/><V12/><F115/><W72/><G72/><T48/><D73/><U40/><E40/><V43/><F126/><W62/><G30/><T67/><D106/><U11/><E11/><V37/><F27/><W104/><G118/><T128/><D128/><U9/><E9/><V38/><F83/><W112/><G112/><T15/><D125/><U34/><E34/><V129/><F129/><W110/><G110/><T21/><D50/><U45/><E45/><V20/><REACH who="2" step="1"/><F80/><REACH who="2" ten="49,260,171,500" step="2"/><W114/><G114/><T108/><D108/><U90/><E122/><V5/><F5/><W56/><G120/><T8/><REACH who="0" step="1"/><D88/><REACH who="0" ten="39,260,171,500" step="2"/><U49/><E121/><V63/><F63/><W6/><G62/><T127/><D127/><U64/><E90/><V89/><F89/><W75/><G104/><T134/><D134/><U39/><E94/><V74/><F74/><W47/><G75/><T101/><D101/><U51/><E103/><V2/><F2/><W133/><G102/><T76/><D76/><U23/><E97/><V65/><AGARI ba="4,3" hai="12,16,20,36,37,38,41,43,61,65,71,86,91,95" machi="65" ten="40,12000,2" yaku="1,1,0,1,52,3,54,1,53,0" doraHai="70" doraHaiUra="132" who="2" fromWho="2" sc="39,-64,260,-34,171,162,500,-34" owari="-25,-53.0,226,-17.0,333,13.0,466,57.0" /></mjloggm>