<mjloggm ver="2.3"><GO type="97" lobby="0"/><UN n0="%65%62%69%6F%73%75" n1="%E3%82%A6%E3%83%AB%E3%83%88%E3%83%A9%E7%AB%8B%E7%9B%B4" n2="%6D%69%74%61" n3="%E6%9D%91%E5%A8%98%EF%BC%A0%E3%83%89%E3%82%AF%E3%82%AA%E2%99%AA" dan="14,14,14,13" rate="1897.68,1907.66,1973.02,1911.90" sx="M,M,M,M"/><TAIKYOKU oya="0"/><INIT seed="0,0,0,5,1,35" ten="250,250,250,250" oya="0" hai0="62,94,90,46,40,52,110,86,93,22,25,101,8" hai1="126,121,48,107,11,99,2,114,23,125,124,56,9" hai2="44,28,76,29,1,102,53,61,74,34,14,96,72" hai3="6,20,64,33,31,26,65,57,122,111,10,36,120"/><T128/><D128/><U132/><E121/><N who="3" m="46698" /><G36/><T15/><D110/><U50/><E114/><V108/><F108/><W59/><G111/><T70/><D70/><U27/><E132/><V116/><F116/><W118/><G118/><T18/><D101/><N who="1" m="62911" /><E56/><N who="3" m="21578" /><G33/><T88/><D62/><U55/><E55/><V103/><F34/><W4/><G4/><T100/><D100/><U58/><E58/><V127/><F61/><W37/><G37/><T105/><D105/><U109/><E109/><V7/><F127/><W16/><G31/><T82/><D40/><U77/><E77/><V129/><F76/><W117/><G117/><T131/><D131/><U106/><E106/><V73/><F129/><W0/><AGARI ba="0,0" hai="0,6,10,16,20,26,64,65" m="21578,46698" machi="0" ten="30,4000,0" yaku="13,1,52,1,54,1" doraHai="35" who="3" fromWho="3" sc="250,-20,250,-10,250,-10,250,40" /><INIT seed="1,0,0,2,1,10" ten="230,240,240,290" oya="1" hai0="98,127,108,84,41,124,62,30,131,8,105,64,100" hai1="27,59,36,119,86,88,39,94,21,4,96,97,78" hai2="135,111,33,7,32,132,115,38,129,75,51,76,122" hai3="25,134,116,126,22,110,52,28,79,133,82,6,34"/><U72/><E119/><V9/><F51/><W63/><G116/><T70/><D108/><U130/><E130/><V2/><F122/><W113/><G113/><T48/><D131/><U66/><E72/><V24/><F24/><W11/><G110/><T69/><D69/><U123/><E123/><V1/><F38/><W77/><G34/><N who="2" m="13417" /><F76/><W101/><G101/><T55/><D41/><U61/><E4/><V118/><F75/><W104/><G104/><T49/><D30/><U50/><E50/><V80/><F80/><W19/><G28/><T3/><D84/><U125/><E125/><N who="0" m="48201" /><D55/><U43/><E43/><V54/><F54/><W109/><G109/><T44/><D44/><U45/><E45/><V0/><F118/><W23/><G23/><T81/><D81/><U20/><E78/><V102/><F129/><W29/><G29/><T106/><D105/><U83/><E21/><V40/><F40/><W74/><G79/><T71/><D70/><U107/><E107/><V12/><F102/><W87/><G74/><T47/><D47/><U112/><E112/><V53/><F53/><W42/><G42/><T68/><D71/><U67/><E67/><V58/><F115/><W26/><G126/><T16/><D3/><U18/><REACH who="1" step="1"/><E97/><REACH who="1" ten="230,230,240,290" step="2"/><V56/><F111/><W89/><G77/><T120/><D120/><U35/><E35/><V15/><F15/><AGARI ba="0,1" hai="8,15,16,48,49,62,64,68,98,100,106" m="48201" machi="15" ten="30,3900,0" yaku="18,1,52,1,54,1" doraHai="10" who="0" fromWho="2" sc="230,49,230,0,240,-39,290,0" /><INIT seed="2,0,0,4,2,109" ten="279,230,201,290" oya="2" hai0="47,4,105,129,133,1,60,76,84,21,10,101,18" hai1="43,9,3,126,97,111,58,41,11,31,112,81,91" hai2="75,45,62,128,121,13,104,64,51,134,93,63,119" hai3="56,42,99,72,90,127,107,117,66,98,94,17,8"/><V57/><F75/><W114/><G117/><T34/><D129/><U32/><E111/><V68/><F104/><W82/><G42/><T29/><D133/><U67/><E32/><V78/><F121/><W61/><G127/><T19/><D19/><U88/><E3/><V80/><F119/><W108/><G108/><T70/><D47/><U102/><E31/><V124/><F134/><W95/><G107/><T26/><D76/><U115/><E126/><V100/><F124/><W28/><G28/><T89/><D84/><U131/><E131/><V52/><F128/><W27/><G72/><T24/><D89/><U65/><E58/><V30/><F30/><W120/><G120/><T71/><REACH who="0" step="1"/><D60/><REACH who="0" ten="269,230,201,290" step="2"/><U69/><E102/><V92/><F100/><W116/><G90/><T40/><D40/><U123/><E123/><V87/><REACH who="2" step="1"/><F13/><REACH who="2" ten="269,230,191,290" step="2"/><W135/><G116/><T74/><D74/><U83/><E97/><AGARI ba="0,2" hai="1,4,10,18,21,24,26,29,34,70,71,97,101,105" machi="97" ten="40,1300,0" yaku="1,1,53,0" doraHai="109" doraHaiUra="85" who="0" fromWho="1" sc="269,33,230,-13,191,0,290,0" /><INIT seed="3,0,0,0,2,102" ten="302,217,191,290" oya="3" hai0="6,32,122,10,52,132,117,120,34,13,1,94,54" hai1="33,67,59,95,71,11,86,133,40,9,105,8,29" hai2="135,46,83,28,30,134,121,16,69,41,4,126,80" hai3="61,107,42,3,108,31,56,36,89,20,75,106,37"/><W7/><G75/><T82/><D117/><U23/><E33/><V77/><F69/><W44/><G89/><T53/><D132/><N who="2" m="50730" /><F4/><W81/><G81/><N who="2" m="31305" /><F121/><W26/><G37/><T91/><D82/><U118/><E71/><V76/><F126/><W97/><G97/><T88/><D1/><U111/><E118/><V27/><F16/><W48/><G36/><T2/><D13/><U119/><E119/><V60/><F60/><W19/><G31/><N who="2" m="11817" /><F27/><W21/><G21/><T70/><D70/><U112/><E133/><V127/><F127/><W43/><G43/><T57/><D120/><U12/><E40/><V103/><F103/><W68/><G68/><T123/><D122/><U109/><E112/><V124/><F124/><W130/><G130/><T63/><D123/><U25/><E12/><V47/><F41/><W92/><G92/><T62/><D63/><N who="1" m="38399" /><E95/><V115/><F115/><W125/><G125/><T73/><D94/><U65/><E65/><V110/><F110/><N who="1" m="41993" /><E86/><V87/><F87/><W98/><G98/><T0/><D73/><U39/><E39/><V93/><F93/><W49/><G49/><T100/><D0/><U15/><E15/><V129/><F129/><W55/><G108/><T17/><D100/><U84/><E84/><V24/><F24/><W50/><G50/><T131/><D131/><U128/><E128/><V90/><F90/><N who="0" m="34346" /><D17/><U114/><E114/><V79/><AGARI ba="0,0" hai="46,47,76,77,79" m="11817,31305,50730" machi="79" ten="40,5200,0" yaku="28,2,20,1" doraHai="102" who="2" fromWho="2" sc="302,-13,217,-13,191,52,290,-26" /><INIT seed="4,0,0,0,0,3" ten="289,204,243,264" oya="0" hai0="62,93,16,129,15,5,55,61,37,7,73,81,82" hai1="87,92,99,132,111,133,17,131,13,0,118,39,11" hai2="58,49,38,128,72,4,75,94,115,42,25,59,106" hai3="18,74,23,45,91,110,80,68,70,28,52,10,85"/><T124/><D37/><U12/><E39/><V109/><F106/><W130/><G110/><T34/><D34/><U98/><E118/><V67/><F109/><W56/><G130/><T65/><D129/><U125/><E131/><V78/><F128/><W32/><G74/><T44/><D73/><U84/><E0/><V19/><F38/><W122/><G122/><T20/><D124/><U33/><E33/><V105/><F105/><W117/><G117/><T35/><D35/><U60/><E125/><V120/><F115/><W134/><G134/><N who="1" m="51818" /><E111/><V112/><F72/><W90/><G90/><T31/><D31/><U66/><E13/><V121/><F4/><N who="0" m="1610" /><D93/><U51/><E51/><V97/><F112/><W107/><G107/><T46/><D65/><U71/><E98/><V63/><F121/><W96/><G32/><T83/><D55/><U89/><AGARI ba="0,0" hai="11,12,17,60,66,71,84,87,89,92,99" m="51818" machi="89" ten="30,1100,0" yaku="20,1" doraHai="3" who="1" fromWho="1" sc="289,-5,204,11,243,-3,264,-3" /><INIT seed="5,0,0,4,1,133" ten="284,215,240,261" oya="1" hai0="130,5,38,30,35,6,33,131,80,104,115,113,19" hai1="84,56,71,111,13,100,60,68,96,29,90,126,52" hai2="15,89,3,18,107,10,91,39,40,67,108,2,66" hai3="32,4,112,42,114,73,14,70,28,11,92,81,23"/><U102/><E111/><V20/><F107/><W72/><G70/><T65/><D104/><U86/><E126/><V44/><F108/><W58/><G32/><N who="0" m="12363" /><D38/><U76/><E29/><V93/><F91/><W8/><G58/><T21/><D30/><U135/><E135/><V116/><F116/><W125/><G92/><T101/><D101/><N who="1" m="39019" /><E71/><V0/><REACH who="2" step="1"/><F10/><REACH who="2" ten="284,215,230,261" step="2"/><W121/><G8/><T53/><D130/><U41/><E76/><V57/><F57/><W75/><G121/><T59/><D131/><U63/><E68/><V83/><F83/><W103/><G81/><T45/><D80/><U9/><E63/><V34/><F34/><W17/><G103/><T22/><D59/><U49/><E96/><AGARI ba="0,1" hai="0,2,3,15,18,20,39,40,44,66,67,89,93,96" machi="96" ten="40,1300,0" yaku="1,1,53,0" doraHai="133" doraHaiUra="109" who="2" fromWho="1" sc="284,0,215,-13,230,23,261,0" /><INIT seed="6,0,0,5,2,1" ten="284,202,253,261" oya="2" hai0="23,93,122,28,22,66,109,91,67,126,68,71,64" hai1="119,131,62,100,118,20,11,26,99,113,70,2,61" hai2="14,96,6,94,31,81,4,97,102,90,121,39,8" hai3="129,47,35,104,106,25,125,72,89,41,86,58,92"/><V65/><F121/><W73/><G129/><T117/><D122/><U7/><E131/><V135/><F39/><W32/><G125/><T53/><D109/><U37/><E37/><V133/><F65/><W87/><G58/><T51/><D126/><U110/><E110/><V54/><F31/><W127/><G127/><T46/><D117/><U3/><E3/><V130/><F130/><W120/><G120/><T103/><D103/><U79/><E79/><V75/><F54/><W40/><G92/><T0/><D0/><U114/><E119/><V95/><F75/><W44/><REACH who="3" step="1"/><G89/><REACH who="3" ten="284,202,253,251" step="2"/><T107/><D107/><U19/><E118/><V60/><F60/><W30/><G30/><T42/><D28/><U45/><E45/><V74/><F74/><W85/><G85/><T27/><D91/><U98/><E98/><V12/><F81/><W10/><G10/><AGARI ba="0,1" hai="4,6,8,10,12,14,90,94,95,96,97,102,133,135" machi="10" ten="40,7700,0" yaku="9,1,52,2" doraHai="1" who="2" fromWho="3" sc="284,0,202,0,253,87,251,-77" owari="284,8.0,202,-20.0,340,45.0,174,-33.0" /></mjloggm>