<mjloggm ver="2.3"><GO type="97" lobby="0"/><UN n0="%4E%42%4F%33" n1="%6D%61%65%75%74%69" n2="%E8%88%AC%E5%8D%93%E6%B0%91%E3%81%AE%E6%9C%9D%E3%81%AF%E6%97%A9%E3%81%84" n3="%E3%82%A6%E3%83%AB%E3%83%88%E3%83%A9%E7%AB%8B%E7%9B%B4" dan="14,14,13,14" rate="1890.27,2018.53,1835.47,1945.23" sx="M,M,F,M"/><TAIKYOKU oya="0"/><INIT seed="0,0,0,0,0,117" ten="250,250,250,250" oya="0" hai0="30,23,18,7,132,131,28,85,76,68,19,101,74" hai1="29,34,119,47,75,111,32,14,71,103,87,3,67" hai2="52,114,128,41,20,58,94,106,102,109,60,104,35" hai3="65,118,134,77,129,57,120,6,91,105,127,16,80"/><T130/><D68/><U92/><E119/><V39/><F35/><W12/><G105/><T100/><D74/><U122/><E3/><V99/><F114/><W4/><G118/><T89/><D76/><U44/><E122/><V37/><F128/><N who="0" m="49194" /><D7/><U88/><E111/><V27/><F109/><W107/><G107/><T82/><D132/><U96/><E75/><V31/><REACH who="2" step="1"/><F39/><REACH who="2" ten="250,250,240,250" step="2"/><W25/><G129/><T56/><D56/><U72/><E72/><V2/><F2/><W9/><G134/><T53/><D53/><U112/><E112/><V8/><F8/><W61/><G127/><T40/><D40/><U135/><E135/><V66/><F66/><W46/><G120/><T81/><D81/><U62/><E34/><V33/><F33/><W1/><G1/><T13/><D100/><U116/><E116/><V84/><F84/><W133/><G133/><T73/><D101/><U110/><E110/><V50/><F50/><W126/><G126/><T26/><D73/><U51/><E51/><V63/><F63/><W86/><G46/><AGARI ba="0,1" hai="20,27,31,37,41,46,52,58,60,94,99,102,104,106" machi="46" ten="40,2600,0" yaku="1,1,54,1,53,0" doraHai="117" doraHaiUra="64" who="2" fromWho="3" sc="250,0,250,0,240,36,250,-26" /><INIT seed="1,0,0,2,2,94" ten="250,250,276,224" oya="1" hai0="135,2,82,38,23,59,31,116,41,66,62,95,132" hai1="106,93,60,102,131,72,11,114,52,129,63,43,103" hai2="55,49,45,75,47,10,81,20,118,16,89,112,130" hai3="26,97,120,0,3,1,91,32,101,86,125,121,69"/><U104/><E114/><V74/><F118/><W48/><G69/><T17/><D116/><U50/><E43/><V14/><F130/><N who="1" m="49673" /><E72/><V28/><F112/><W80/><G125/><T108/><D2/><U133/><E11/><V111/><F111/><W22/><G32/><T21/><D108/><U83/><E83/><V68/><F68/><W24/><G48/><T44/><D82/><U13/><E13/><V73/><F89/><W99/><G26/><T33/><D33/><U46/><E133/><N who="0" m="51273" /><D31/><U127/><E127/><V8/><F81/><W128/><G128/><T107/><D107/><N who="1" m="41003" /><E102/><V65/><F8/><W78/><G78/><T70/><D70/><U34/><E34/><V124/><F124/><W58/><G58/><T88/><D17/><U19/><E19/><V27/><REACH who="2" step="1"/><F65/><REACH who="2" ten="250,250,266,224" step="2"/><W42/><G42/><T61/><D61/><N who="1" m="23627" /><E103/><V39/><F39/><W90/><G90/><T134/><N who="0" m="51281" /><T36/><DORA hai="30" /><D36/><U126/><E126/><V51/><F51/><W25/><G101/><T123/><D123/><U71/><E71/><V76/><F76/><W113/><G113/><T85/><AGARI ba="0,1" hai="21,23,38,41,44,59,62,66,85,88,95" m="51281" machi="85" ten="40,2700,0" yaku="20,1,54,1" doraHai="94,30" who="0" fromWho="0" sc="250,37,250,-13,266,-7,224,-7" /><INIT seed="2,0,0,2,1,30" ten="287,237,259,217" oya="2" hai0="87,51,118,25,128,44,7,16,99,91,41,80,54" hai1="131,27,105,90,78,107,4,84,17,123,101,29,79" hai2="71,20,69,57,67,47,112,115,56,59,86,65,31" hai3="5,40,70,22,26,53,100,114,103,88,124,0,58"/><V55/><F20/><W109/><G70/><N who="2" m="26633" /><F31/><W82/><G109/><T11/><D118/><U89/><E123/><V49/><F86/><N who="3" m="50263" /><G0/><T21/><D128/><U60/><E131/><V2/><F2/><W24/><G124/><T61/><D99/><U76/><E4/><V125/><F125/><W72/><G72/><T74/><D74/><U38/><E17/><V8/><F8/><W121/><G121/><T126/><D126/><U133/><E133/><V106/><F106/><W28/><G114/><AGARI ba="0,0" hai="47,49,55,56,57,59,65,67,112,114,115" m="26633" machi="114" ten="40,3900,0" yaku="34,2" doraHai="30" who="2" fromWho="3" sc="287,0,237,0,259,39,217,-39" /><INIT seed="2,1,0,5,2,103" ten="287,237,298,178" oya="2" hai0="25,118,81,46,33,22,91,79,5,47,109,74,132" hai1="98,18,31,39,114,52,56,83,101,28,32,49,112" hai2="16,9,90,73,58,30,120,110,6,4,0,51,19" hai3="43,66,100,42,3,2,128,108,87,68,106,77,115"/><V14/><F120/><W40/><G108/><T50/><D33/><U60/><E39/><V124/><F73/><W21/><G66/><T88/><D109/><U119/><E119/><V45/><F124/><W1/><G68/><T41/><D118/><U67/><E83/><V61/><F90/><W130/><G21/><T95/><D132/><U125/><E125/><V89/><F89/><W44/><G44/><T75/><D5/><U69/><E18/><V53/><F30/><W35/><G35/><T63/><D63/><U7/><E7/><V29/><F29/><W64/><G64/><T10/><D10/><U134/><E134/><V111/><F19/><W86/><G77/><T71/><D71/><U105/><REACH who="1" step="1"/><E31/><REACH who="1" ten="287,227,298,178" step="2"/><V62/><F110/><W27/><G27/><AGARI ba="1,1" hai="27,28,32,49,52,56,60,67,69,98,101,105,112,114" machi="27" ten="40,12000,2" yaku="1,1,2,1,25,2,52,1,54,1,53,1" doraHai="103" doraHaiUra="93" who="1" fromWho="3" sc="287,0,227,133,298,0,178,-123" /><INIT seed="3,0,0,0,1,113" ten="287,360,298,55" oya="3" hai0="89,30,25,114,62,15,80,111,13,72,11,110,101" hai1="119,127,67,29,32,87,129,43,100,84,76,131,135" hai2="74,16,130,59,60,92,9,45,27,116,94,105,61" hai3="18,77,78,70,64,47,73,33,63,7,83,99,57"/><W0/><G33/><T126/><D101/><U36/><E127/><V97/><F74/><W128/><G128/><N who="1" m="49226" /><E135/><V20/><F130/><W120/><G120/><T3/><D126/><U125/><E119/><V102/><F116/><W54/><G7/><N who="0" m="1535" /><D62/><U6/><E6/><V108/><F108/><N who="0" m="41514" /><D72/><U66/><E100/><V52/><F9/><W82/><G0/><T112/><D80/><U109/><E125/><V37/><REACH who="2" step="1"/><F61/><REACH who="2" ten="287,360,288,55" step="2"/><W22/><G99/><T65/><D65/><U121/><E67/><V4/><F4/><W5/><G5/><T79/><D79/><U86/><E66/><V132/><F132/><W8/><G8/><T46/><D46/><U35/><E76/><V10/><F10/><W51/><G70/><T69/><D69/><U106/><E109/><V98/><F98/><W115/><G115/><N who="0" m="44075" /><D89/><U103/><E87/><V123/><F123/><W117/><G117/><T23/><AGARI ba="0,1" hai="13,15,23,25,30" m="44075,41514,1535" machi="23" ten="30,7900,0" yaku="14,1,11,1,34,2" doraHai="113" who="0" fromWho="0" sc="287,89,360,-20,288,-20,55,-39" owari="376,47.0,340,14.0,268,-13.0,16,-48.0" /></mjloggm>