<mjloggm ver="2.3"><GO type="169" lobby="0"/><UN n0="%E3%83%A1%E3%83%A9%E3%82%BE%E4%B8%80%E3%83%9E" n1="%72%79%6F%E2%80%A6%31%35" n2="%E3%82%A6%E3%83%AB%E3%83%88%E3%83%A9%E7%AB%8B%E7%9B%B4" n3="%E3%81%97%E3%81%8A%E3%81%BE%E3%81%AD%E3%81%8D" dan="16,16,17,17" rate="2083.17,2067.26,2172.23,2160.00" sx="M,M,M,M"/><TAIKYOKU oya="0"/><INIT seed="0,0,0,4,5,15" ten="250,250,250,250" oya="0" hai0="52,125,21,35,78,28,102,116,8,88,87,32,110" hai1="131,44,69,95,18,76,26,80,107,50,134,75,20" hai2="13,3,14,53,39,29,72,45,91,101,59,66,109" hai3="121,27,68,113,36,58,31,61,51,132,12,128,133"/><T105/><D116/><U40/><E107/><V0/><F72/><W122/><G36/><T63/><D125/><U94/><E134/><N who="3" m="51818" /><G51/><T106/><D78/><U64/><E131/><V98/><F3/><W129/><G68/><T56/><D110/><U92/><E64/><V25/><F0/><W38/><G12/><T37/><D37/><U81/><E81/><V60/><F109/><W70/><G70/><T22/><D8/><U135/><REACH who="1" step="1"/><E135/><REACH who="1" ten="250,240,250,250" step="2"/><V46/><F66/><N who="3" m="39223" /><G38/><T79/><D106/><U104/><E104/><V126/><F39/><W93/><G93/><T120/><D120/><N who="3" m="46185" /><G113/><T100/><D105/><U57/><E57/><V7/><F59/><W42/><G42/><T114/><D114/><U67/><E67/><V47/><F47/><W97/><G97/><T55/><D56/><U82/><E82/><V90/><F46/><W30/><G129/><T123/><D123/><U73/><E73/><V62/><F45/><W99/><G128/><T96/><D63/><U17/><E17/><V49/><F62/><W33/><G99/><T89/><D96/><U23/><E23/><V24/><F60/><W4/><G31/><T112/><D28/><U48/><E48/><V85/><F49/><W5/><AGARI ba="0,1" hai="4,5,27,30,33" m="46185,39223,51818" machi="5" ten="40,2700,0" yaku="20,1,13,1" doraHai="15" who="3" fromWho="3" sc="250,-13,240,-7,250,-7,250,37" /><INIT seed="1,0,0,2,4,98" ten="237,233,243,287" oya="1" hai0="103,22,94,21,112,53,1,46,80,116,124,67,57" hai1="49,11,59,131,74,40,47,117,55,12,111,3,32" hai2="62,118,18,64,121,0,4,15,129,16,34,35,110" hai3="42,65,37,119,63,93,41,8,130,128,91,66,7"/><U29/><E117/><V30/><F62/><W43/><G119/><T101/><D116/><U33/><E74/><V50/><F50/><W54/><G54/><T115/><D1/><U61/><E3/><V84/><F84/><N who="3" m="52455" /><G37/><T2/><D2/><U27/><E131/><N who="3" m="50218" /><G63/><T78/><D124/><U95/><E111/><V36/><F64/><N who="3" m="24683" /><G8/><T87/><D67/><U107/><E95/><V56/><F56/><W132/><G7/><T17/><D46/><U70/><E70/><V20/><F36/><W90/><G90/><T105/><D105/><U125/><E125/><V72/><F72/><W13/><G13/><T25/><D22/><U76/><E107/><V51/><F51/><W89/><G89/><T122/><D122/><U134/><E76/><V44/><F44/><W92/><G92/><T31/><D31/><U100/><E134/><AGARI ba="0,0" hai="41,42,43,132,134" m="24683,50218,52455" machi="134" ten="40,1300,0" yaku="19,1" doraHai="98" who="3" fromWho="1" sc="237,0,233,-13,243,0,287,13" /><INIT seed="2,0,0,0,2,6" ten="237,220,243,300" oya="2" hai0="111,124,14,115,98,59,17,1,129,10,123,81,36" hai1="26,29,46,27,105,135,107,106,5,22,90,60,110" hai2="122,24,102,83,116,54,11,34,101,37,51,133,48" hai3="32,44,66,31,13,43,96,128,30,80,42,21,41"/><V53/><F37/><W97/><G128/><T39/><D123/><U127/><E110/><V131/><F122/><W113/><G113/><T82/><D115/><U56/><E127/><V87/><F116/><W68/><G32/><T35/><D111/><U71/><E71/><V88/><F131/><W86/><G66/><T134/><D129/><U9/><E135/><V16/><F34/><W109/><G68/><T125/><D134/><U85/><E46/><N who="2" m="27799" /><F133/><W120/><G109/><T52/><D35/><U112/><E27/><V40/><F40/><W49/><G120/><T4/><D98/><N who="3" m="37993" /><G31/><T73/><D36/><U104/><E112/><V93/><F83/><W89/><G30/><T92/><D92/><U63/><E104/><V57/><F24/><W78/><G78/><T64/><D64/><U121/><E121/><V69/><F69/><W91/><G89/><T99/><D99/><U47/><E47/><V72/><F72/><W28/><G28/><T77/><D81/><U61/><E56/><V108/><F108/><W2/><G2/><T95/><D95/><U67/><E67/><V62/><F51/><W75/><G75/><T114/><D39/><U130/><E130/><V74/><F74/><W33/><G33/><T3/><D114/><U79/><E79/><V117/><F117/><W132/><G132/><T76/><D76/><U118/><E118/><V8/><F16/><AGARI ba="0,0" hai="13,16,21,41,42,43,44,49,80,86,91" m="37993" machi="16" ten="30,2000,0" yaku="8,1,54,1" doraHai="6" who="3" fromWho="2" sc="237,0,220,0,243,-20,300,20" /><INIT seed="3,0,0,3,4,103" ten="237,220,223,320" oya="3" hai0="98,2,74,126,14,60,46,130,27,43,39,38,91" hai1="65,52,110,100,62,95,50,121,94,70,80,117,12" hai2="7,120,29,96,22,133,18,25,48,69,51,56,87" hai3="67,83,30,35,31,81,128,122,125,68,10,79,105"/><W82/><G128/><T21/><D2/><U16/><E121/><V11/><F69/><W66/><G125/><T6/><D126/><U135/><E110/><V88/><F133/><W3/><G122/><T53/><D74/><U54/><E135/><V15/><F120/><W123/><G123/><T116/><D116/><U19/><E117/><V131/><F131/><W64/><G105/><T32/><D32/><U132/><E132/><V78/><F78/><W76/><G68/><T106/><D130/><U104/><E80/><V59/><F96/><W118/><G118/><T90/><D39/><U93/><E104/><V34/><F56/><W92/><G92/><T47/><D14/><U33/><E33/><V0/><F59/><W84/><G35/><T97/><D6/><U37/><E37/><V26/><F26/><W71/><G71/><T24/><D24/><U17/><E100/><V109/><F109/><W40/><G40/><T77/><D77/><U85/><E85/><V134/><F134/><W102/><G102/><T49/><D60/><U42/><REACH who="1" step="1"/><E12/><REACH who="1" ten="237,210,223,320" step="2"/><V20/><F22/><W8/><G84/><T9/><D106/><U108/><E108/><V23/><F23/><W28/><REACH who="3" step="1"/><G3/><REACH who="3" ten="237,210,223,310" step="2"/><T129/><D129/><U86/><E86/><V57/><F57/><W99/><G99/><T55/><D98/><U75/><E75/><V119/><F119/><W73/><G73/><T13/><D97/><U89/><E89/><V4/><F88/><W112/><G112/><T41/><D91/><U45/><AGARI ba="0,2" hai="16,17,19,42,45,50,52,54,62,65,70,93,94,95" machi="45" ten="40,8000,1" yaku="1,1,0,1,54,2,53,0" doraHai="103" doraHaiUra="124" who="1" fromWho="1" sc="237,-20,210,100,223,-20,310,-40" /><INIT seed="4,0,0,0,1,74" ten="217,310,203,270" oya="0" hai0="92,11,52,134,79,18,16,75,109,34,38,126,3" hai1="64,94,121,90,14,97,67,70,91,80,100,78,114" hai2="77,17,29,54,25,57,51,31,62,87,33,22,15" hai3="133,115,107,131,116,21,47,110,99,50,111,73,68"/><T0/><D38/><U93/><E121/><V88/><F31/><W69/><G73/><T102/><D34/><U83/><E70/><V128/><F128/><W96/><G115/><T76/><D109/><U132/><E114/><V63/><REACH who="2" step="1"/><F77/><REACH who="2" ten="217,310,193,270" step="2"/><N who="0" m="29770" /><D75/><U37/><E78/><V66/><F66/><W49/><G131/><T86/><D0/><U84/><E64/><V2/><F2/><W12/><G116/><T9/><D3/><U32/><E67/><V10/><F10/><N who="0" m="3594" /><D134/><U71/><E132/><V101/><F101/><W35/><G133/><T104/><D126/><U43/><E100/><V82/><AGARI ba="0,1" hai="15,17,22,25,29,33,51,54,57,62,63,82,87,88" machi="82" ten="20,8000,1" yaku="1,1,0,1,7,1,54,1,53,1" doraHai="74" doraHaiUra="24" who="2" fromWho="2" sc="217,-40,310,-20,193,90,270,-20" /><INIT seed="5,0,0,4,2,133" ten="177,290,283,250" oya="1" hai0="75,39,131,47,3,27,109,18,134,112,73,37,78" hai1="106,72,42,65,56,30,97,111,49,22,46,80,122" hai2="64,88,25,102,81,96,100,87,2,98,91,127,92" hai3="54,35,76,128,130,28,62,103,124,129,86,90,5"/><U114/><E122/><V34/><F2/><W23/><G35/><T31/><D109/><U67/><E111/><V82/><F64/><W16/><G28/><T132/><D112/><U14/><E114/><V83/><F34/><W36/><G36/><T48/><D131/><U93/><E106/><N who="2" m="63751" /><F25/><N who="3" m="14567" /><G5/><T29/><D3/><U108/><E108/><V43/><F43/><W60/><G103/><T74/><D78/><U0/><E0/><V40/><F40/><W6/><G6/><T126/><D126/><U15/><E72/><V58/><F58/><N who="3" m="34903" /><G76/><T12/><D29/><U53/><E80/><N who="2" m="30827" /><F127/><W4/><G4/><T89/><D27/><N who="1" m="16759" /><E42/><V117/><F117/><W8/><G8/><T38/><D31/><U57/><E57/><V13/><F13/><N who="1" m="4617" /><E56/><V26/><F26/><W41/><G41/><T105/><D134/><U55/><E55/><V11/><F11/><W107/><G62/><T59/><D132/><U7/><E7/><V125/><F125/><W61/><G61/><T123/><D59/><U115/><E115/><V21/><F21/><W135/><G135/><T24/><D38/><U9/><E9/><V10/><F10/><W84/><G124/><T32/><D37/><U50/><E50/><V44/><F44/><W104/><G84/><T20/><D39/><U99/><E99/><V119/><F119/><W19/><G19/><T120/><D18/><U1/><E1/><V77/><AGARI ba="0,0" hai="77,83,87,88,91,92,98,102" m="30827,63751" machi="77" ten="30,12000,2" yaku="35,5,54,1" doraHai="133" who="2" fromWho="2" sc="177,-30,290,-60,283,120,250,-30" /><INIT seed="6,0,0,0,1,133" ten="147,230,403,220" oya="2" hai0="39,68,54,114,121,3,6,29,135,97,132,23,83" hai1="82,0,93,43,95,34,47,53,99,77,20,116,14" hai2="59,38,109,92,128,98,75,87,117,13,35,15,45" hai3="127,7,72,94,30,118,66,108,130,76,8,56,103"/><V9/><F75/><W61/><G118/><T33/><D68/><U101/><E34/><V19/><F35/><W32/><G108/><T81/><D39/><U5/><E116/><V67/><F117/><W48/><G130/><T129/><D121/><U26/><E53/><V125/><F109/><W115/><G115/><T122/><D122/><U89/><E0/><V10/><F38/><W78/><G30/><T63/><D129/><U46/><E5/><V60/><F87/><W106/><G106/><T55/><D114/><U111/><E14/><V2/><F2/><W18/><G32/><T11/><D33/><U12/><E12/><V105/><F105/><W91/><G103/><T21/><D97/><U86/><E43/><V58/><F45/><W123/><G123/><T100/><D100/><U80/><E80/><V131/><F59/><W85/><G18/><T107/><D107/><U70/><E70/><V16/><F125/><W124/><G48/><T112/><D112/><U90/><E101/><AGARI ba="0,0" hai="9,10,13,15,16,19,58,60,67,92,98,101,128,131" machi="101" ten="40,3900,0" yaku="9,1,54,1" doraHai="133" who="2" fromWho="1" sc="147,0,230,-39,403,39,220,0" /><INIT seed="6,1,0,4,5,36" ten="147,191,442,220" oya="2" hai0="81,80,104,59,103,108,124,43,29,131,93,115,77" hai1="39,9,37,98,74,79,53,38,117,63,44,109,13" hai2="22,17,70,96,60,47,19,52,49,122,48,110,102" hai3="127,32,92,25,126,10,130,78,28,57,33,128,14"/><V85/><F122/><W82/><G92/><T4/><D108/><U68/><E109/><V45/><F110/><W119/><G57/><T54/><D131/><N who="3" m="50217" /><G119/><T58/><D124/><N who="3" m="47657" /><G82/><T112/><D104/><U40/><E98/><V120/><F120/><W30/><G78/><T75/><D4/><U99/><E99/><V134/><F85/><W27/><G14/><T50/><D29/><N who="3" m="11369" /><G10/><T56/><D81/><U15/><E15/><V8/><F96/><W129/><N who="3" m="50225" /><W65/><DORA hai="31" /><G65/><T7/><D93/><U62/><E79/><V123/><F60/><W73/><G73/><T133/><D103/><U132/><E13/><V86/><F86/><W18/><G18/><T101/><D101/><U21/><E9/><V61/><F61/><W1/><G1/><T87/><D75/><U34/><E63/><V76/><F76/><W113/><G113/><T118/><D59/><U90/><E62/><V3/><F19/><W55/><G55/><T66/><D66/><U6/><E53/><V2/><F52/><W46/><G46/><T12/><D58/><U0/><E44/><V16/><F47/><W72/><G72/><T111/><D111/><U42/><E117/><V41/><F45/><W135/><G135/><T11/><D133/><U64/><E132/><V116/><F134/><W23/><G23/><T83/><D118/><U95/><E21/><V51/><F22/><W94/><G94/><T71/><D83/><U121/><E39/><V107/><F2/><W89/><G89/><T125/><D125/><U84/><E38/><V100/><F3/><W105/><G105/><RYUUKYOKU ba="1,0" sc="147,-10,191,-10,442,-10,220,30" hai3="25,27,32,33" /><INIT seed="7,2,0,3,2,68" ten="137,181,432,250" oya="3" hai0="114,112,20,25,2,5,106,83,4,49,57,102,60" hai1="108,74,120,52,35,10,128,17,63,22,113,45,38" hai2="77,48,130,107,27,101,91,71,62,96,81,54,75" hai3="123,40,111,92,14,73,115,55,116,1,82,30,105"/><W110/><G105/><T78/><D49/><U104/><E74/><V64/><F130/><W3/><G55/><T41/><D41/><U86/><E128/><V51/><F54/><W32/><G92/><T24/><D102/><U94/><E35/><V0/><F0/><W47/><G14/><T135/><D106/><U69/><E108/><N who="3" m="41514" /><G115/><N who="0" m="44075" /><D135/><U61/><E104/><V72/><F72/><W56/><G56/><T134/><D134/><U84/><E69/><V7/><F7/><N who="0" m="2634" /><D20/><U127/><E22/><V29/><F91/><W19/><G82/><T88/><D2/><U43/><E113/><V28/><F28/><W66/><G3/><T46/><D46/><U90/><E120/><V11/><F11/><W33/><G123/><T89/><D24/><U21/><E10/><V8/><F8/><W37/><G1/><T59/><D25/><U13/><E127/><V97/><F97/><W23/><G73/><N who="0" m="43471" /><D57/><U119/><E63/><V36/><F36/><W85/><G37/><T133/><D133/><U39/><E39/><V9/><F9/><W80/><G40/><T126/><D126/><U95/><E61/><V109/><F109/><W15/><G47/><T121/><D121/><U34/><E34/><AGARI ba="2,0" hai="27,29,34,48,51,62,64,71,75,77,81,96,101,107" machi="34" ten="30,3900,0" yaku="7,1,25,2" doraHai="68" who="2" fromWho="1" sc="137,0,181,-45,432,45,250,0" owari="137,-26.0,136,-36.0,477,57.0,250,5.0" /></mjloggm>