<mjloggm ver="2.3"><GO type="169" lobby="0"/><UN n0="%E3%81%97%E3%81%8A%E3%82%84%E3%81%A0%E3%82%93" n1="%E3%83%A1%E3%82%AD%E3%83%AD%E3%82%B9" n2="%E3%82%AB%E3%83%9D%E3%83%8D%E5%9B%A3%E3%81%AE%E5%85%84%E8%B2%B4" n3="%E3%82%A6%E3%83%AB%E3%83%88%E3%83%A9%E7%AB%8B%E7%9B%B4" dan="17,16,18,17" rate="2186.49,2047.66,2236.65,2218.88" sx="F,M,M,M"/><TAIKYOKU oya="0"/><INIT seed="0,0,0,0,3,65" ten="250,250,250,250" oya="0" hai0="3,104,119,16,92,33,74,21,10,59,66,34,71" hai1="68,83,117,90,4,23,127,131,30,53,45,62,120" hai2="9,69,14,57,102,115,113,111,36,60,134,49,84" hai3="26,132,58,52,54,72,129,112,51,80,107,95,116"/><T46/><D104/><U39/><E117/><V78/><F36/><W99/><G107/><T29/><D74/><U91/><E120/><V2/><F2/><W125/><G116/><T103/><D119/><U1/><E1/><V86/><F102/><W41/><G112/><T93/><D29/><U133/><E4/><V38/><F38/><W43/><G125/><T64/><D46/><U13/><E53/><V101/><F101/><W31/><G129/><T109/><D109/><U75/><E91/><V121/><F121/><W37/><G37/><T100/><D59/><U70/><E62/><V130/><F111/><W22/><G132/><T82/><D82/><U17/><E133/><V108/><F108/><W0/><G0/><T61/><D66/><U63/><E63/><V44/><F134/><W88/><REACH who="3" step="1"/><G54/><REACH who="3" ten="250,250,250,240" step="2"/><T24/><D100/><U20/><E131/><V98/><F130/><W85/><G85/><T28/><D103/><U6/><E127/><V48/><F86/><W42/><G42/><T5/><REACH who="0" step="1"/><D34/><REACH who="0" ten="240,250,250,240" step="2"/><U87/><E75/><V89/><F113/><W128/><G128/><T94/><D94/><U106/><E106/><V122/><F115/><W27/><G27/><AGARI ba="0,2" hai="3,5,10,16,21,24,27,28,33,61,64,71,92,93" machi="27" ten="30,12000,1" yaku="1,1,7,1,52,1,54,1,53,1" doraHai="65" doraHaiUra="56" who="0" fromWho="3" sc="240,140,250,0,250,0,240,-120" /><INIT seed="0,1,0,5,4,36" ten="380,250,250,120" oya="0" hai0="10,59,8,24,92,54,46,2,96,111,18,0,80" hai1="99,129,105,123,26,45,125,43,12,77,42,28,121" hai2="39,118,107,84,116,115,71,93,53,108,86,57,63" hai3="14,102,9,97,120,32,68,17,50,44,117,7,3"/><T52/><D111/><U132/><E132/><V109/><F107/><W82/><G68/><T101/><D0/><U78/><E129/><V127/><F39/><W51/><G117/><N who="2" m="45161" /><F115/><W98/><G50/><T69/><D2/><U81/><E125/><V119/><N who="2" m="45169" /><V30/><DORA hai="106" /><F127/><W128/><G128/><T95/><D69/><U74/><E78/><V64/><F30/><W1/><G32/><T5/><D5/><U27/><E26/><V20/><F20/><W85/><G120/><T75/><D95/><U34/><E12/><V100/><F100/><W135/><G135/><T134/><D134/><U15/><E15/><V48/><F93/><W16/><G3/><T87/><D75/><U89/><E89/><V88/><F88/><N who="3" m="51255" /><G1/><T21/><D54/><U94/><E94/><V61/><F84/><W33/><G33/><T66/><D66/><U62/><E62/><N who="2" m="40343" /><F86/><W40/><G102/><T55/><D55/><U13/><E105/><V35/><F35/><W56/><G56/><T91/><REACH who="0" step="1"/><D46/><REACH who="0" ten="370,250,250,120" step="2"/><U130/><E45/><V112/><F112/><W90/><G98/><T47/><D47/><U65/><E99/><V11/><F11/><W29/><G29/><T104/><D104/><U124/><E28/><V114/><F114/><W58/><G58/><T60/><AGARI ba="1,1" hai="8,10,18,21,24,52,59,60,80,87,91,92,96,101" machi="60" ten="20,12000,1" yaku="1,1,0,1,7,1,8,1,54,1,53,0" doraHai="36,106" doraHaiUra="113,37" who="0" fromWho="0" sc="370,133,250,-41,250,-41,120,-41" /><INIT seed="0,2,0,1,4,107" ten="503,209,209,79" oya="0" hai0="119,29,49,63,52,105,67,36,62,12,65,73,83" hai1="14,71,112,1,23,3,97,32,26,59,118,103,111" hai2="134,57,130,53,17,5,117,95,55,116,19,76,81" hai3="75,64,25,61,9,20,102,110,82,27,11,77,120"/><T2/><D2/><U90/><E71/><V34/><F34/><W85/><G120/><T84/><D105/><U70/><E70/><V124/><F5/><W42/><G110/><T6/><D119/><N who="2" m="45642" /><F134/><W51/><G102/><T104/><D36/><U78/><E90/><V126/><F95/><W56/><G27/><T43/><D104/><U38/><E78/><V16/><F130/><W114/><G114/><T123/><D43/><U4/><E111/><V92/><F92/><W99/><G99/><T50/><D29/><U40/><E14/><V54/><F57/><W79/><G79/><T41/><D123/><U18/><E4/><V98/><F98/><W22/><G20/><T8/><D41/><U87/><E40/><V125/><F76/><W109/><G109/><T28/><D28/><U113/><E38/><V39/><F81/><W7/><G7/><T44/><D50/><U100/><E3/><V96/><F96/><W46/><REACH who="3" step="1"/><G85/><REACH who="3" ten="503,209,209,69" step="2"/><T135/><D135/><U69/><E87/><V48/><F39/><W131/><G131/><T31/><D31/><AGARI ba="2,1" hai="9,11,22,25,31,42,46,51,56,61,64,75,77,82" machi="31" ten="30,7700,0" yaku="1,1,7,1,52,1,53,1" doraHai="107" doraHaiUra="58" who="3" fromWho="0" sc="503,-83,209,0,209,0,69,93" /><INIT seed="1,0,0,3,5,131" ten="420,209,209,162" oya="1" hai0="126,3,61,62,123,99,91,101,94,40,96,15,65" hai1="88,97,76,9,98,100,86,36,132,114,69,108,56" hai2="58,18,8,48,105,78,55,106,68,19,104,84,129" hai3="49,67,125,4,44,28,90,95,52,134,5,122,57"/><U85/><E69/><V119/><F119/><W54/><G122/><T128/><D3/><U116/><E36/><V47/><F68/><W81/><G125/><T82/><D123/><U35/><E35/><V121/><F121/><W107/><G107/><T17/><D128/><U66/><E116/><V118/><F118/><W42/><G81/><T72/><D126/><U59/><E114/><V7/><F129/><W71/><G28/><T93/><D40/><U29/><E132/><V120/><F120/><W0/><G134/><T109/><D109/><U113/><E113/><V1/><F78/><W22/><G22/><T25/><D25/><U64/><E108/><V77/><F77/><W87/><G0/><T115/><D115/><U6/><E29/><V38/><REACH who="2" step="1"/><F84/><REACH who="2" ten="420,209,199,162" step="2"/><W12/><G71/><T13/><D72/><U73/><E85/><V103/><F103/><W50/><G67/><T33/><D65/><U10/><E100/><V39/><F39/><W70/><G70/><T16/><D101/><U31/><E76/><V130/><F130/><W80/><G87/><T60/><D91/><U2/><E73/><V32/><F32/><W34/><G90/><T23/><D33/><U75/><E75/><V79/><F79/><W102/><G102/><T45/><D82/><N who="1" m="49239" /><E64/><V124/><F124/><W41/><G80/><T11/><D94/><U53/><E66/><V110/><F110/><W63/><G95/><T27/><D93/><U43/><E98/><V133/><F133/><W51/><G34/><T21/><D99/><U135/><E97/><V20/><F20/><W26/><G41/><AGARI ba="0,1" hai="1,7,8,18,19,38,41,47,48,55,58,104,105,106" machi="41" ten="40,5200,0" yaku="1,1,6,1,53,1" doraHai="131" doraHaiUra="37" who="2" fromWho="3" sc="420,0,209,0,199,62,162,-52" /><INIT seed="2,0,0,1,3,122" ten="420,209,261,110" oya="2" hai0="20,63,52,50,89,67,35,3,14,90,32,87,19" hai1="10,103,135,119,76,95,84,85,107,53,86,118,77" hai2="123,18,42,125,37,44,75,45,4,39,106,92,120" hai3="124,128,33,102,49,130,91,117,46,66,8,15,79"/><V56/><F106/><W13/><G33/><T134/><D3/><U94/><E10/><V6/><F75/><W96/><G117/><N who="1" m="44554" /><E53/><V65/><F92/><N who="1" m="35369" /><E135/><V109/><F18/><W59/><G91/><T9/><D134/><U25/><E25/><V26/><F26/><W121/><G79/><N who="1" m="30282" /><E107/><V105/><F105/><W108/><G15/><T133/><D133/><U43/><E43/><V24/><F24/><W55/><G13/><T116/><D9/><U17/><E17/><V68/><F42/><W16/><G55/><T41/><D41/><U64/><E64/><V81/><F65/><W127/><G16/><T11/><D11/><U88/><E103/><V97/><F56/><W71/><G59/><T48/><D63/><U60/><E60/><V23/><F23/><W27/><G8/><T98/><D52/><U80/><AGARI ba="0,0" hai="80,84,85,86,88" m="30282,35369,44554" machi="80" ten="30,4000,0" yaku="34,2,54,1" doraHai="122" who="1" fromWho="1" sc="420,-10,209,40,261,-20,110,-10" /><INIT seed="3,0,0,5,3,65" ten="410,249,241,100" oya="3" hai0="47,126,78,124,55,75,36,82,92,34,28,3,77" hai1="73,64,23,5,101,132,61,58,83,37,52,2,106" hai2="11,18,125,123,33,20,81,56,21,59,72,53,108" hai3="45,76,35,127,67,96,99,94,9,103,40,116,98"/><W15/><G35/><T88/><D77/><U25/><E37/><V130/><F33/><W1/><G1/><T100/><D100/><U121/><E121/><V24/><F125/><N who="0" m="48234" /><D3/><U135/><E106/><V46/><F123/><W93/><G127/><T87/><D28/><U113/><E101/><V13/><F108/><W90/><G116/><T122/><D34/><U112/><E83/><V119/><F119/><W10/><G76/><T86/><D122/><U22/><E73/><V51/><F130/><W41/><G10/><T42/><D55/><U79/><E23/><V102/><F102/><W63/><G98/><AGARI ba="0,0" hai="36,42,47,75,78,82,86,87,88,92,98" m="48234" machi="98" ten="30,2000,0" yaku="18,1,54,1" doraHai="65" who="0" fromWho="3" sc="410,20,249,0,241,0,100,-20" /><INIT seed="4,0,0,0,5,117" ten="430,249,241,80" oya="0" hai0="45,74,90,114,78,32,4,71,37,17,6,77,79" hai1="99,31,119,110,108,128,2,73,24,86,62,42,131" hai2="19,39,38,55,67,85,56,69,125,50,44,70,0" hai3="59,28,34,20,109,106,95,8,107,80,127,36,113"/><T26/><D114/><U41/><E73/><V7/><F0/><W103/><G36/><N who="2" m="13865" /><F7/><W5/><G34/><T10/><D71/><N who="2" m="27146" /><F19/><W15/><G109/><T53/><D74/><U89/><E62/><N who="2" m="38343" /><F85/><W87/><G127/><T72/><D72/><U81/><E99/><V104/><F104/><W111/><G111/><T35/><D4/><U101/><E101/><V11/><F11/><W83/><G107/><T133/><D90/><U9/><E2/><V57/><F125/><W49/><G106/><T135/><D17/><U14/><E9/><V48/><F48/><W22/><G83/><T134/><D26/><U21/><E14/><V129/><F129/><W64/><G28/><T120/><D37/><U23/><E108/><V60/><F60/><W25/><G25/><T30/><D30/><U27/><E110/><V116/><F116/><W54/><G22/><T97/><D97/><U92/><E119/><V130/><F130/><N who="1" m="49705" /><E92/><V76/><F76/><W102/><G20/><T13/><D35/><U126/><E126/><V58/><AGARI ba="0,0" hai="44,50,55,57,58" m="38343,27146,13865" machi="58" ten="40,8000,1" yaku="35,5" doraHai="117" who="2" fromWho="2" sc="430,-40,249,-20,241,80,80,-20" /><INIT seed="5,0,0,4,5,90" ten="390,229,321,60" oya="1" hai0="135,13,128,70,43,29,89,72,53,56,83,134,110" hai1="131,34,85,80,7,71,130,11,6,82,113,14,64" hai2="106,60,99,121,69,37,102,50,124,65,47,81,61" hai3="74,114,100,15,88,18,98,86,49,17,30,51,93"/><U21/><E34/><V38/><F121/><W97/><G74/><T48/><D70/><U104/><E104/><V10/><F124/><W66/><G114/><T28/><D110/><U92/><E113/><V123/><F123/><W24/><G66/><T55/><D128/><N who="1" m="49195" /><E71/><V26/><F60/><W122/><G122/><T9/><D43/><U63/><E7/><V129/><F81/><N who="1" m="31337" /><E21/><V27/><F129/><W67/><G67/><T111/><D111/><U32/><E32/><V20/><F10/><W12/><G24/><T22/><D22/><U31/><E31/><V52/><F26/><W107/><G30/><AGARI ba="0,0" hai="20,27,30,37,38,47,50,52,61,65,69,99,102,106" machi="30" ten="30,2000,0" yaku="7,1,54,1" doraHai="90" who="2" fromWho="3" sc="390,0,229,0,321,20,60,-20" /><INIT seed="6,0,0,3,2,77" ten="390,229,341,40" oya="2" hai0="112,59,48,14,86,18,30,39,1,10,78,83,62" hai1="34,8,89,0,131,27,12,57,100,46,60,91,36" hai2="64,105,52,37,103,42,118,74,82,44,5,11,65" hai3="79,72,111,55,19,81,93,56,54,109,66,121,2"/><V21/><F118/><W29/><G2/><T98/><D39/><U53/><E0/><N who="2" m="423" /><F103/><W104/><G104/><T101/><D1/><U76/><E131/><V51/><F105/><W17/><G29/><T125/><D30/><U80/><E27/><V97/><F97/><W75/><G121/><T26/><D26/><U94/><E34/><V114/><F21/><W67/><G93/><N who="0" m="58575" /><D125/><U92/><E36/><V40/><F40/><W43/><G43/><T41/><D112/><U7/><E46/><N who="2" m="27767" /><F114/><W135/><G79/><AGARI ba="0,0" hai="37,42,44,64,65,74,79,82" m="27767,423" machi="79" ten="30,5800,0" yaku="25,1,52,1,54,1" doraHai="77" who="2" fromWho="3" sc="390,0,229,0,341,58,40,-58" owari="390,19.0,229,-17.0,399,50.0,-18,-52.0" /></mjloggm>