<mjloggm ver="2.3"><GO type="41" lobby="0"/><UN n0="%E3%81%BA%E3%81%8E%E3%81%BF%E3%82%93" n1="%EF%BD%9E%E5%90%89%E7%95%99%E6%9C%AA%E6%98%A5%EF%BD%9E" n2="%E3%82%A6%E3%83%AB%E3%83%88%E3%83%A9%E7%AB%8B%E7%9B%B4" n3="%E4%B8%8D%E8%81%B4%E7%89%8C%E3%83%AA%E3%83%BC%E3%83%81" dan="16,14,15,15" rate="2033.04,1962.75,2005.80,2039.05" sx="M,M,M,M"/><TAIKYOKU oya="0"/><INIT seed="0,0,0,0,4,87" ten="250,250,250,250" oya="0" hai0="52,22,58,10,18,109,61,95,47,56,134,72,100" hai1="6,120,51,3,50,135,24,31,69,74,5,118,113" hai2="102,39,101,7,68,67,86,41,119,125,45,9,63" hai3="46,32,16,106,43,114,80,104,66,36,27,105,20"/><T49/><D72/><U130/><E120/><V48/><F125/><W116/><G116/><T97/><D134/><U0/><E118/><V81/><F39/><W35/><G114/><T82/><D109/><U70/><E74/><V89/><REACH who="2" step="1"/><F119/><REACH who="2" ten="250,250,240,250" step="2"/><W15/><G66/><T26/><D82/><U17/><E135/><V28/><F28/><W65/><G65/><T21/><D58/><U33/><E113/><V4/><F4/><W94/><G80/><T19/><D10/><U131/><E17/><V108/><F108/><W110/><G110/><T96/><D96/><U59/><E59/><V64/><F64/><W115/><G115/><T132/><D132/><U123/><E123/><V42/><F42/><W14/><G43/><T62/><REACH who="0" step="1"/><D56/><REACH who="0" ten="240,250,240,250" step="2"/><U88/><E70/><V38/><F38/><W85/><G36/><T133/><D133/><U93/><E69/><V53/><F53/><W23/><G46/><T29/><D29/><U122/><E122/><V128/><F128/><W83/><G83/><T112/><D112/><U98/><E3/><AGARI ba="0,2" hai="3,7,9,41,45,48,63,67,68,81,86,89,101,102" machi="3" ten="30,3900,0" yaku="1,1,7,1,52,1,53,0" doraHai="87" doraHaiUra="54" who="2" fromWho="1" sc="240,0,250,-39,240,59,250,0" /><INIT seed="1,0,0,3,2,35" ten="240,211,299,250" oya="1" hai0="20,129,119,18,78,75,58,77,84,38,70,4,74" hai1="82,62,66,104,112,57,39,37,116,59,99,53,91" hai2="135,12,76,7,2,19,92,113,87,68,127,21,100" hai3="50,42,71,48,15,28,69,107,88,81,131,95,102"/><U17/><E116/><V44/><F68/><W5/><G28/><T52/><D70/><U108/><E112/><V80/><F127/><W110/><G107/><T6/><D38/><U40/><E40/><V56/><F135/><W94/><G71/><T90/><D119/><U72/><E108/><V130/><F130/><W23/><G69/><T16/><D75/><U0/><E0/><V98/><F113/><W22/><G110/><T45/><D18/><U126/><E126/><V13/><F44/><N who="3" m="25623" /><G81/><T31/><D31/><U133/><E133/><V33/><F33/><W85/><G131/><T122/><D45/><U25/><E72/><V120/><F120/><W89/><G102/><T36/><D36/><U105/><E104/><V29/><F29/><W32/><G50/><N who="0" m="30999" /><D74/><U125/><E125/><V124/><F124/><W46/><G46/><T3/><D3/><U73/><E73/><V96/><F2/><W79/><G79/><N who="0" m="30219" /><D122/><U109/><E109/><V10/><F56/><W1/><G32/><T14/><D129/><U34/><E39/><V114/><F114/><W47/><G47/><T27/><D27/><U8/><E37/><V134/><F134/><W67/><G67/><T86/><D86/><N who="1" m="50647" /><E34/><V65/><F65/><W9/><G1/><T54/><D54/><U60/><E105/><V24/><F24/><W64/><G64/><T117/><D117/><U61/><E61/><V132/><F132/><W49/><G49/><T55/><D55/><U106/><E106/><V115/><F115/><W128/><G128/><T103/><D103/><U97/><E25/><V83/><F83/><AGARI ba="0,0" hai="4,6,14,16,20,83,84,90" m="30219,30999" machi="83" ten="30,7700,0" yaku="6,1,8,1,54,2" doraHai="35" who="0" fromWho="2" sc="240,77,211,0,299,-77,250,0" /><INIT seed="2,0,0,5,1,102" ten="317,211,222,250" oya="2" hai0="131,127,49,6,72,45,92,25,91,111,118,68,50" hai1="117,63,20,17,26,93,14,135,11,115,74,110,119" hai2="12,95,55,51,39,122,62,97,98,96,86,59,61" hai3="3,34,33,1,44,121,31,65,41,88,107,8,36"/><V13/><F39/><W134/><G121/><T71/><D72/><U124/><E74/><V10/><F122/><W57/><G134/><T0/><D111/><U66/><E115/><V46/><F13/><W18/><G31/><T52/><D127/><U106/><E106/><V47/><F47/><W126/><G126/><T24/><D131/><U54/><E110/><V32/><F32/><W58/><G107/><T21/><D118/><U80/><E124/><V5/><F86/><W82/><G1/><T4/><D0/><U89/><E135/><V108/><F108/><W87/><G3/><T90/><D68/><U130/><E80/><V2/><F2/><W70/><G70/><T37/><D71/><U123/><E130/><V114/><F114/><W105/><G105/><T23/><D37/><U30/><E123/><V116/><F116/><W64/><G58/><T128/><D128/><U113/><E54/><V40/><REACH who="2" step="1"/><F62/><REACH who="2" ten="317,211,212,250" step="2"/><W83/><G34/><T29/><D50/><U9/><E113/><V48/><F48/><W99/><G33/><T84/><REACH who="0" step="1"/><D91/><AGARI ba="0,1" hai="5,10,12,40,46,51,55,59,61,91,95,96,97,98" machi="91" ten="30,5800,0" yaku="1,1,7,1,8,1,53,0" doraHai="102" doraHaiUra="133" who="2" fromWho="0" sc="317,-58,211,0,212,68,250,0" /><INIT seed="2,1,0,1,5,115" ten="259,211,280,250" oya="2" hai0="54,3,58,101,18,96,31,50,39,4,28,48,110" hai1="20,22,131,13,32,106,36,88,25,83,27,7,51" hai2="117,122,60,26,65,120,16,85,8,105,2,37,35" hai3="6,118,29,119,24,114,33,46,130,19,55,21,67"/><V124/><F37/><W15/><G67/><T63/><D39/><U73/><E36/><V80/><F105/><W132/><G114/><T62/><D110/><U9/><E32/><V77/><F124/><W12/><G46/><T14/><D4/><U123/><E106/><V78/><F117/><N who="3" m="44555" /><G55/><T99/><D3/><U79/><E123/><V40/><F40/><W129/><G132/><T133/><D133/><U64/><E64/><V44/><F44/><W72/><G72/><T30/><D50/><U61/><E131/><N who="3" m="50186" /><G6/><T86/><D86/><U92/><E51/><V109/><F60/><N who="0" m="23082" /><D101/><U74/><E61/><V43/><F65/><W93/><G93/><T91/><D91/><U103/><E103/><V87/><F43/><W113/><G113/><T59/><D59/><U135/><E135/><V128/><F128/><W112/><G112/><T53/><D53/><U47/><E47/><V45/><F45/><W102/><G102/><T126/><D126/><U42/><E42/><V52/><F52/><W121/><G121/><T84/><D84/><U97/><REACH who="1" step="1"/><E74/><REACH who="1" ten="259,201,280,250" step="2"/><V71/><F122/><W134/><G134/><T38/><D38/><U11/><E11/><AGARI ba="1,1" hai="11,14,18,28,30,31,48,54,58,96,99" m="23082" machi="11" ten="30,1000,0" yaku="8,1" doraHai="115" who="0" fromWho="1" sc="259,23,201,-13,280,0,250,0" /><INIT seed="3,0,0,3,2,60" ten="282,188,280,250" oya="3" hai0="101,43,88,5,17,105,131,132,71,91,64,122,124" hai1="11,120,108,34,8,72,21,1,30,112,13,22,42" hai2="107,32,65,20,63,38,15,97,51,133,79,99,18" hai3="110,3,96,93,81,104,121,92,48,89,9,95,116"/><W100/><G3/><T24/><D122/><U119/><E72/><V2/><F38/><W55/><G121/><T134/><D5/><N who="1" m="1071" /><E42/><V86/><F2/><W80/><G116/><T135/><D43/><U62/><E120/><V41/><F32/><W117/><G117/><T6/><D6/><N who="1" m="3319" /><E62/><V98/><F107/><W78/><G9/><T129/><D71/><U46/><E119/><V14/><F133/><W75/><G110/><T27/><D64/><U40/><E46/><V7/><F7/><W29/><G29/><T36/><D36/><U45/><E45/><V115/><F15/><W123/><G123/><T35/><D124/><U84/><E84/><V128/><F115/><W31/><G31/><N who="0" m="19943" /><D101/><U77/><E77/><V69/><F128/><N who="0" m="49226" /><D105/><U28/><E40/><V126/><F126/><W33/><G33/><T12/><D27/><N who="1" m="18783" /><E108/><V73/><F73/><W53/><G53/><T76/><D76/><U111/><E111/><V127/><F127/><W58/><REACH who="3" step="1"/><G81/><REACH who="3" ten="282,188,280,240" step="2"/><T49/><D135/><U83/><E83/><V67/><F41/><W109/><G109/><T4/><D134/><U19/><E112/><V114/><F114/><W70/><G70/><T44/><D132/><U57/><E28/><V56/><F69/><W68/><G68/><T74/><D4/><U23/><E57/><V47/><F56/><W82/><G82/><T39/><D44/><U26/><AGARI ba="0,1" hai="19,21,22,23,26" m="18783,3319,1071" machi="26" ten="30,8000,1" yaku="35,5" doraHai="60" who="1" fromWho="1" sc="282,-20,188,90,280,-20,240,-40" /><INIT seed="4,0,0,0,2,73" ten="262,278,260,200" oya="0" hai0="34,115,107,43,3,134,82,110,100,104,13,80,123" hai1="114,16,9,52,67,65,48,49,30,60,26,122,59" hai2="62,39,2,21,40,15,57,10,103,53,68,120,95" hai3="121,7,81,87,41,71,117,46,35,125,63,128,12"/><T111/><D3/><U14/><E122/><V24/><F2/><W64/><G128/><T85/><D34/><U94/><E114/><V58/><F120/><W135/><G135/><T84/><D43/><U101/><E101/><V113/><F113/><W76/><G125/><T83/><D13/><U50/><REACH who="1" step="1"/><E94/><REACH who="1" ten="262,268,260,200" step="2"/><V11/><F95/><W69/><G121/><T77/><D123/><U18/><E18/><V36/><F103/><W74/><G117/><T29/><D29/><U78/><E78/><V96/><F39/><W129/><G129/><T8/><D8/><U19/><E19/><V90/><F11/><W105/><G105/><N who="0" m="40523" /><D115/><U98/><E98/><V132/><F96/><W131/><G131/><T6/><D6/><U1/><E1/><V22/><F10/><W17/><G7/><T55/><D100/><U33/><AGARI ba="0,1" hai="9,14,16,26,30,33,48,49,50,52,59,60,65,67" machi="33" ten="30,7900,0" yaku="1,1,0,1,54,2,53,0" doraHai="73" doraHaiUra="70" who="1" fromWho="1" sc="262,-39,268,89,260,-20,200,-20" /><INIT seed="5,0,0,0,5,76" ten="223,357,240,180" oya="1" hai0="34,96,51,5,113,41,50,101,3,97,132,85,119" hai1="89,59,95,22,19,102,11,110,48,4,68,55,70" hai2="135,81,108,13,111,80,94,126,8,78,125,74,82" hai3="17,77,109,71,26,24,105,114,124,46,18,107,127"/><U16/><E110/><N who="2" m="42027" /><F13/><W123/><G109/><T25/><D132/><U91/><E68/><V14/><F135/><W130/><G77/><T62/><D119/><U27/><E70/><V87/><F14/><W10/><G71/><T115/><D62/><U43/><E43/><V63/><F63/><W49/><G123/><T103/><D85/><U23/><E102/><N who="0" m="38921" /><D41/><U45/><E45/><V120/><F8/><W32/><G32/><T100/><D100/><U12/><REACH who="1" step="1"/><E95/><REACH who="1" ten="223,347,240,180" step="2"/><V2/><F120/><W128/><G46/><T129/><D115/><U64/><E64/><V57/><F57/><W1/><G107/><T75/><D113/><U44/><E44/><V72/><F2/><AGARI ba="0,1" hai="2,4,11,12,16,19,22,23,27,48,55,59,89,91" machi="2" ten="30,5800,0" yaku="1,1,7,1,54,1,53,0" doraHai="76" doraHaiUra="122" who="1" fromWho="2" sc="223,0,347,68,240,-58,180,0" /><INIT seed="5,1,0,1,4,88" ten="223,415,182,180" oya="1" hai0="24,95,14,100,4,70,71,10,121,133,23,120,49" hai1="91,55,82,66,110,119,124,64,132,15,107,17,48" hai2="45,44,97,127,113,117,39,76,103,101,59,93,11" hai3="81,115,36,65,85,126,67,31,106,83,131,0,27"/><U42/><E107/><V26/><F127/><W30/><G106/><T77/><D133/><U12/><E119/><V104/><F117/><W123/><G36/><T116/><D116/><U21/><E124/><V96/><F113/><W79/><G0/><T29/><D77/><U32/><E32/><V19/><F39/><W34/><G126/><T69/><REACH who="0" step="1"/><D49/><REACH who="0" ten="213,415,182,180" step="2"/><U41/><E132/><V51/><F76/><W16/><G115/><T89/><D89/><U47/><E110/><V111/><F111/><W105/><G79/><T75/><D75/><U90/><E91/><V56/><F44/><W57/><G131/><T1/><D1/><U129/><E129/><V73/><F73/><W74/><G74/><T92/><D92/><U43/><E90/><V98/><F98/><AGARI ba="1,1" hai="4,10,14,23,24,29,69,70,71,95,98,100,120,121" machi="98" ten="50,3200,0" yaku="1,1,52,1,53,0" doraHai="88" doraHaiUra="50" who="0" fromWho="2" sc="213,45,415,0,182,-35,180,0" /><INIT seed="6,0,0,3,4,47" ten="258,415,147,180" oya="2" hai0="121,118,27,15,116,52,17,37,85,54,19,102,79" hai1="113,34,16,56,51,90,130,41,96,24,25,53,55" hai2="76,133,46,45,87,22,13,65,5,36,75,84,77" hai3="72,125,128,26,1,111,106,4,92,104,70,33,50"/><V71/><F71/><W14/><G92/><T67/><D37/><U114/><E130/><V117/><F36/><W100/><G14/><T91/><D79/><N who="2" m="30282" /><F75/><W60/><G72/><T8/><D67/><U29/><E41/><V20/><F117/><N who="0" m="45162" /><D102/><U48/><E90/><V110/><F133/><W124/><G60/><T127/><D121/><U18/><E96/><V61/><F110/><W9/><G9/><T21/><D127/><U49/><E25/><V82/><F61/><W95/><G26/><T28/><D28/><U81/><E81/><AGARI ba="0,0" hai="8,15,17,19,21,27,52,54,81,85,91" m="45162" machi="81" ten="30,2000,0" yaku="12,1,54,1" doraHai="47" who="0" fromWho="1" sc="258,20,415,-20,147,0,180,0" /><INIT seed="7,0,0,2,2,29" ten="278,395,147,180" oya="3" hai0="10,118,0,115,31,1,92,38,131,67,45,19,12" hai1="128,15,117,5,129,35,95,84,99,103,13,6,87" hai2="51,124,127,90,62,42,132,80,68,73,100,74,77" hai3="61,8,17,66,56,25,85,27,98,14,43,114,75"/><W52/><G75/><T76/><D118/><U123/><E35/><V11/><F74/><W2/><G114/><T69/><D115/><U86/><E123/><V126/><F132/><W97/><G2/><T39/><D131/><N who="1" m="50251" /><E117/><V46/><F100/><W50/><G43/><T3/><D76/><U113/><E113/><V48/><F90/><W33/><G33/><T64/><D31/><U37/><E37/><V49/><F68/><W47/><G27/><T110/><D110/><U119/><E119/><V58/><REACH who="2" step="1"/><F11/><REACH who="2" ten="278,395,137,180" step="2"/><W26/><G97/><T116/><D10/><U111/><E111/><V28/><F28/><W121/><G121/><T94/><D69/><U55/><E55/><V18/><F18/><W65/><G65/><T88/><D67/><U107/><E95/><V91/><F91/><W96/><G96/><T41/><D88/><U72/><E15/><V134/><F134/><W32/><G98/><T122/><D19/><U63/><E6/><V22/><F22/><W133/><G133/><T109/><D92/><U89/><E63/><V102/><F102/><W34/><G85/><T9/><D94/><N who="1" m="54591" /><E72/><V135/><F135/><W59/><G66/><T36/><D9/><AGARI ba="0,1" hai="5,9,13,84,86,99,103,107" m="54591,50251" machi="9" ten="30,1000,0" yaku="19,1" doraHai="29" who="1" fromWho="0" sc="278,-10,395,20,137,0,180,0" owari="268,7.0,415,51.0,137,-36.0,180,-22.0" /></mjloggm>