<mjloggm ver="2.3"><GO type="97" lobby="0"/><UN n0="%74%61%6B%65%63%63%63" n1="%E5%85%AB%E6%84%8F%E6%B7%BB%E8%8A%B1" n2="%E3%82%A6%E3%83%AB%E3%83%88%E3%83%A9%E7%AB%8B%E7%9B%B4" n3="%49%42%4E%35%31%30%30" dan="14,13,14,13" rate="1928.20,1823.29,1966.34,1860.80" sx="M,F,M,M"/><TAIKYOKU oya="0"/><INIT seed="0,0,0,4,1,31" ten="250,250,250,250" oya="0" hai0="57,36,27,83,75,20,114,98,113,63,44,12,21" hai1="94,24,115,108,25,117,47,4,1,84,110,127,2" hai2="73,59,56,3,35,66,85,88,92,50,125,34,19" hai3="29,72,97,78,126,100,26,95,65,7,55,122,38"/><T8/><D98/><U82/><E94/><V133/><F3/><N who="1" m="1033" /><E47/><V71/><F73/><W43/><G122/><T58/><D83/><U10/><E84/><V14/><F125/><W64/><G126/><T28/><D75/><U128/><E82/><V37/><F37/><W119/><G119/><T132/><D132/><U15/><E127/><V30/><F133/><W11/><G72/><T13/><D36/><U0/><E117/><V77/><F30/><W67/><G78/><T123/><D44/><U124/><E124/><V42/><F77/><W107/><G107/><T102/><D102/><U89/><E89/><V80/><F80/><W52/><G38/><T40/><D40/><U112/><E128/><V129/><F129/><W32/><REACH who="3" step="1"/><G43/><REACH who="3" ten="250,250,250,240" step="2"/><T135/><D135/><U41/><E41/><V5/><F42/><W91/><G91/><T16/><D123/><U33/><E0/><AGARI ba="0,1" hai="0,7,11,26,29,32,52,55,64,65,67,95,97,100" machi="0" ten="40,8000,1" yaku="1,1,52,1,54,1,53,1" doraHai="31" doraHaiUra="23" who="3" fromWho="1" sc="250,0,250,-80,250,0,240,90" /><INIT seed="1,0,0,2,4,128" ten="250,170,250,330" oya="1" hai0="36,9,76,106,30,64,56,22,105,54,126,3,12" hai1="82,117,93,92,107,21,70,118,91,129,100,116,108" hai2="20,16,133,110,69,114,61,119,28,124,90,102,58" hai3="84,2,86,32,8,47,103,122,95,66,17,79,6"/><U75/><E70/><V83/><F119/><N who="1" m="30465" /><U27/><DORA hai="120" /><E21/><V132/><F69/><W88/><G122/><T23/><D36/><U39/><E27/><V109/><F28/><W33/><G66/><T14/><D64/><U24/><E39/><V81/><F102/><W18/><G103/><T131/><D3/><U48/><E24/><N who="2" m="14343" /><F114/><W72/><G72/><T7/><D30/><U67/><E48/><V51/><F51/><W99/><G47/><T101/><D22/><U104/><E67/><N who="2" m="39351" /><F124/><W59/><G59/><T87/><D126/><U13/><E13/><V41/><F41/><W73/><G73/><T40/><D40/><U49/><E129/><V94/><F81/><W46/><G46/><T0/><D131/><U52/><E52/><V25/><F83/><W71/><G71/><T112/><D112/><U1/><E49/><V57/><F57/><W35/><REACH who="3" step="1"/><G79/><REACH who="3" ten="250,170,250,320" step="2"/><T34/><D76/><N who="1" m="44319" /><E1/><V97/><F25/><W115/><G115/><T77/><D0/><U111/><E100/><V63/><F63/><W98/><G98/><T113/><D101/><U134/><E134/><AGARI ba="0,1" hai="90,94,97,109,110,132,133,134" m="39351,14343" machi="134" ten="30,12000,2" yaku="20,1,52,5,54,1" doraHai="128,120" who="2" fromWho="1" sc="250,0,170,-120,250,130,320,0" /><INIT seed="2,0,0,5,4,17" ten="250,50,380,320" oya="2" hai0="75,82,69,63,21,38,95,84,72,23,129,117,70" hai1="6,131,55,60,130,83,125,9,29,40,110,87,112" hai2="94,43,124,114,99,13,73,108,118,4,53,16,44" hai3="103,96,61,78,76,30,10,35,8,58,77,126,48"/><V115/><F73/><W89/><G35/><T123/><D38/><U106/><E106/><V100/><F118/><W98/><G126/><T121/><D117/><U122/><E125/><V135/><F124/><W19/><G48/><T113/><D113/><U134/><E122/><V62/><F135/><W46/><G46/><T24/><D24/><U104/><E134/><V1/><F108/><W64/><G96/><T105/><D105/><U31/><E104/><V107/><F107/><W67/><G67/><T49/><D49/><U93/><E110/><V22/><F4/><W90/><G90/><T88/><D129/><U101/><E112/><V11/><F1/><W133/><G133/><T91/><D123/><U12/><E131/><V41/><F115/><W120/><G120/><T56/><D69/><U26/><E130/><V37/><F114/><W5/><G5/><T28/><D70/><U33/><E40/><V52/><F43/><W25/><G89/><T27/><D121/><U59/><E33/><V102/><F102/><W51/><G51/><T39/><D39/><U32/><E32/><V97/><F97/><W20/><G19/><T42/><D42/><U54/><E54/><V86/><F86/><W36/><REACH who="3" step="1"/><G36/><REACH who="3" ten="250,50,380,310" step="2"/><T127/><D127/><U50/><E50/><N who="2" m="26895" /><F62/><W34/><G34/><T85/><REACH who="0" step="1"/><D23/><REACH who="0" ten="240,50,380,310" step="2"/><U128/><E128/><V81/><F37/><W109/><G109/><T57/><D57/><U71/><E71/><V66/><F22/><W0/><G0/><T7/><D7/><U3/><E3/><V119/><F119/><W15/><G15/><T68/><D68/><RYUUKYOKU ba="0,2" sc="240,15,50,-15,380,-15,310,15" hai0="21,27,28,56,63,72,75,82,84,85,88,91,95" hai3="8,10,20,25,30,58,61,64,76,77,78,98,103" /><INIT seed="3,1,2,2,2,43" ten="255,35,365,325" oya="3" hai0="20,49,9,117,76,42,25,105,54,78,37,99,5" hai1="41,68,13,48,71,134,70,4,75,69,1,35,60" hai2="53,51,23,24,0,30,6,83,132,104,58,110,130" hai3="50,46,95,2,10,59,128,121,22,125,34,47,81"/><W129/><G121/><T88/><D117/><U118/><N who="1" m="17920" /><DORA hai="133" /><U19/><E75/><V45/><F104/><W29/><G34/><T102/><D42/><U93/><E134/><V39/><F132/><W38/><G38/><T120/><D37/><U72/><E118/><V62/><F130/><N who="3" m="50283" /><G2/><T106/><D105/><U111/><E72/><V36/><F110/><W32/><G32/><T131/><D131/><U98/><E111/><V33/><F33/><W79/><G10/><T91/><D78/><U87/><E35/><V122/><F122/><W101/><G125/><T16/><D76/><U124/><E1/><V107/><F0/><W94/><G59/><T82/><D82/><U84/><E4/><V113/><F6/><W12/><G50/><T103/><D103/><U108/><E108/><V3/><F3/><W66/><G66/><T89/><D120/><U7/><E7/><V64/><F113/><W31/><G31/><T18/><D5/><U40/><E60/><V90/><F107/><W21/><G21/><T74/><D74/><U26/><E26/><V112/><F112/><W56/><G56/><T86/><D9/><U61/><E61/><V15/><F15/><W97/><G95/><T100/><D100/><U52/><E124/><V92/><F83/><W63/><G63/><T123/><D123/><U8/><E87/><AGARI ba="1,2" hai="23,24,30,36,39,45,51,53,58,62,64,87,90,92" machi="87" ten="30,2000,0" yaku="7,1,52,1" doraHai="43,133" who="2" fromWho="1" sc="255,0,35,-23,365,43,325,0" owari="255,-14.0,12,-49.0,408,50.0,325,13.0" /></mjloggm>