<mjloggm ver="2.3"><GO type="169" lobby="0"/><UN n0="%E7%AB%B9%E7%94%B0%E8%AA%A0%E5%BF%97" n1="%6D%6F%6E%65%79%2E%2E%2E" n2="%E3%81%97%E3%81%8A%E3%82%84%E3%81%A0%E3%82%93" n3="%E3%82%A6%E3%83%AB%E3%83%88%E3%83%A9%E7%AB%8B%E7%9B%B4" dan="17,17,16,17" rate="2093.71,2225.18,2088.46,2114.16" sx="M,M,F,M"/><TAIKYOKU oya="0"/><INIT seed="0,0,0,2,5,126" ten="250,250,250,250" oya="0" hai0="121,134,106,82,12,23,98,115,91,28,73,89,20" hai1="61,71,22,77,38,86,111,133,108,51,92,125,101" hai2="2,127,84,54,7,36,99,30,11,131,104,85,117" hai3="16,8,52,34,60,64,76,109,94,75,87,67,10"/><T114/><D121/><U110/><E38/><V25/><F36/><W4/><G34/><T48/><D134/><U45/><E125/><V63/><F127/><W17/><G75/><T57/><D73/><U112/><E133/><V0/><F117/><W32/><G32/><T35/><D35/><U14/><E112/><V27/><F0/><W97/><G109/><T130/><D28/><U33/><E33/><V46/><F27/><W95/><G87/><T119/><D119/><U44/><E101/><V26/><F26/><W124/><G76/><T59/><D48/><U93/><E61/><V113/><F113/><W50/><G95/><T123/><D123/><U81/><E71/><V120/><F120/><W43/><G43/><T74/><D74/><U42/><E45/><V90/><F104/><W68/><G64/><T128/><D12/><U15/><E15/><V3/><F3/><W122/><G122/><T66/><D66/><U37/><E37/><V9/><F9/><W21/><G4/><T40/><D40/><U41/><E41/><V72/><F72/><W62/><G62/><T1/><D1/><U105/><E105/><V83/><F63/><W31/><G31/><T39/><D39/><U96/><E96/><V80/><F99/><W118/><G17/><AGARI ba="0,0" hai="14,17,22,42,44,51,77,81,86,92,93,108,110,111" machi="17" ten="40,1300,0" yaku="14,1" doraHai="126" who="1" fromWho="3" sc="250,0,250,13,250,0,250,-13" /><INIT seed="1,0,0,5,2,52" ten="250,263,250,237" oya="1" hai0="83,59,108,133,11,128,6,80,119,22,114,53,79" hai1="76,101,68,23,18,124,51,32,54,63,97,104,39" hai2="113,65,100,15,99,5,47,64,121,118,86,91,25" hai3="66,95,102,21,50,16,72,27,125,94,106,19,42"/><U55/><E32/><V110/><F121/><W115/><G72/><T129/><D114/><U9/><E39/><V34/><F113/><W20/><G115/><T73/><D119/><U13/><E124/><V3/><F118/><W46/><G125/><T132/><D108/><U87/><E68/><V48/><F3/><W123/><G123/><T126/><D22/><U117/><E117/><V71/><F71/><W130/><G130/><N who="0" m="50283" /><D83/><U37/><E37/><V30/><F110/><W69/><G106/><T14/><D126/><U33/><E33/><V45/><F45/><W49/><G102/><T127/><D127/><U8/><E76/><V35/><F35/><W7/><G7/><T89/><D89/><U70/><E87/><V1/><F1/><W78/><G78/><T61/><AGARI ba="0,0" hai="6,11,14,53,59,61,73,79,80,132,133" m="50283" machi="61" ten="30,2000,0" yaku="19,1,52,1" doraHai="52" who="0" fromWho="0" sc="250,20,263,-10,250,-5,237,-5" /><INIT seed="2,0,0,2,0,98" ten="270,253,245,232" oya="2" hai0="131,19,4,21,25,58,86,62,69,91,81,50,42" hai1="122,133,5,105,17,94,56,45,10,80,100,3,24" hai2="47,117,26,120,103,14,30,12,36,16,60,109,22" hai3="2,123,31,128,55,13,112,66,38,82,41,78,92"/><V125/><F120/><W72/><G123/><T0/><D131/><U106/><E122/><V1/><F117/><W70/><G128/><T57/><D69/><U32/><E133/><V79/><F125/><W68/><G112/><T126/><D126/><U64/><E45/><V111/><F79/><W20/><G2/><T83/><D0/><U134/><E134/><V77/><F77/><W29/><G68/><T124/><D4/><U37/><E37/><V104/><F60/><W46/><G29/><T115/><D115/><U6/><E80/><V8/><F47/><W95/><G31/><T65/><D124/><U34/><E6/><N who="2" m="1103" /><F36/><W102/><G102/><T85/><D42/><U99/><E105/><V89/><F89/><W67/><G55/><N who="0" m="31991" /><D85/><U54/><E64/><V93/><F93/><AGARI ba="0,0" hai="19,21,25,58,62,65,81,83,86,91,93" m="31991" machi="93" ten="30,1000,0" yaku="8,1" doraHai="98" who="0" fromWho="2" sc="270,10,253,0,245,-10,232,0" /><INIT seed="3,0,0,4,4,111" ten="280,253,235,232" oya="3" hai0="36,60,4,107,132,7,48,47,104,135,23,1,20" hai1="51,85,110,14,40,79,78,30,129,87,42,112,99" hai2="83,113,53,122,27,22,54,35,61,55,33,97,34" hai3="116,38,24,26,49,75,0,77,131,91,28,59,6"/><W72/><G38/><T58/><D36/><U52/><E110/><V84/><F113/><W21/><G116/><T128/><D128/><U50/><E112/><V3/><F3/><W10/><G131/><T105/><D58/><N who="1" m="33047" /><E30/><V120/><F97/><W17/><G77/><N who="1" m="29194" /><E129/><V93/><F93/><W115/><G115/><T18/><D60/><U133/><E133/><V2/><F2/><W89/><G59/><T19/><D107/><U119/><E119/><V5/><F5/><W134/><G134/><T114/><D114/><U56/><E14/><V86/><F61/><W88/><REACH who="3" step="1"/><G49/><REACH who="3" ten="280,253,235,222" step="2"/><T69/><D48/><U117/><E117/><V106/><F120/><W25/><G25/><T100/><D135/><U81/><E56/><V98/><F122/><W95/><G95/><T101/><D132/><U94/><E51/><V108/><F108/><W74/><G74/><T125/><D105/><U123/><E123/><V82/><F106/><W46/><G46/><T102/><D47/><U39/><E39/><V124/><F27/><W70/><G70/><T65/><D69/><U41/><E81/><V76/><F83/><W121/><G121/><T8/><D104/><U80/><E80/><V90/><F82/><W103/><G103/><AGARI ba="0,1" hai="40,41,42,85,87,94,99,103" m="29194,33047" machi="103" ten="30,2000,0" yaku="8,1,54,1" doraHai="111" who="1" fromWho="3" sc="280,0,253,30,235,0,222,-20" /><INIT seed="4,0,0,1,4,81" ten="280,283,235,202" oya="0" hai0="20,104,117,127,19,38,55,96,27,4,48,124,2" hai1="108,125,73,99,85,87,74,56,126,88,128,50,26" hai2="91,89,22,67,90,62,65,98,83,110,64,1,25" hai3="129,28,57,68,114,119,8,12,84,59,13,66,51"/><T44/><D117/><U132/><E108/><V120/><F1/><W49/><G119/><T33/><D38/><U61/><E128/><V78/><F120/><W105/><G105/><T100/><REACH who="0" step="1"/><D33/><REACH who="0" ten="270,283,235,202" step="2"/><U40/><E132/><V130/><F130/><W21/><G129/><T35/><D35/><U107/><E107/><V77/><F110/><W15/><G114/><T3/><D3/><U42/><E73/><V60/><F98/><W116/><G116/><T94/><D94/><N who="1" m="56775" /><E74/><V95/><F95/><W69/><G8/><AGARI ba="0,1" hai="2,4,8,19,20,27,44,48,55,96,100,104,124,127" machi="8" ten="40,2000,0" yaku="1,1,53,0" doraHai="81" doraHaiUra="11" who="0" fromWho="3" sc="270,30,283,0,235,0,202,-20" /><INIT seed="4,1,0,5,0,14" ten="300,283,235,182" oya="0" hai0="16,94,97,17,61,13,8,91,90,19,84,18,88" hai1="92,80,59,77,40,48,50,110,81,11,112,121,1" hai2="105,35,79,44,57,71,135,131,41,93,27,123,36" hai3="115,74,2,85,82,108,96,76,56,104,122,124,52"/><T99/><D61/><U24/><E110/><V73/><F105/><W120/><G2/><T6/><D6/><U86/><E121/><N who="3" m="46698" /><G108/><T113/><D113/><U7/><E112/><V9/><F73/><W39/><G39/><T51/><D51/><U0/><E50/><V28/><F71/><W128/><G115/><T29/><D29/><U42/><E80/><V12/><F79/><W5/><G5/><T78/><D78/><U89/><E24/><V98/><F123/><W119/><G119/><T49/><D49/><U66/><E1/><V114/><F114/><W101/><G124/><T125/><D125/><U31/><E31/><V34/><F34/><W107/><G128/><T118/><D118/><U67/><E42/><V32/><F32/><W64/><G64/><T127/><D127/><U111/><E111/><V117/><F117/><W83/><G56/><T132/><D132/><U95/><E95/><V25/><F131/><W33/><G52/><T53/><D53/><U100/><E100/><V133/><F57/><W102/><G33/><T43/><D43/><U26/><E59/><V45/><F45/><W65/><G65/><T129/><D129/><U38/><E48/><V10/><F133/><W87/><G83/><T23/><D8/><U126/><E126/><V68/><F135/><W4/><G4/><T37/><D37/><U20/><E40/><V3/><F68/><W62/><G62/><T106/><D106/><U72/><E38/><V58/><F36/><W103/><G104/><T54/><D54/><U46/><E46/><V116/><F116/><W109/><G109/><RYUUKYOKU ba="1,0" sc="300,10,283,10,235,-30,182,10" hai0="13,16,17,18,19,23,84,88,90,91,94,97,99" hai1="0,7,11,20,26,66,67,72,77,81,86,89,92" hai3="74,76,82,85,87,96,101,102,103,107" /><INIT seed="4,2,0,3,4,60" ten="310,293,205,192" oya="0" hai0="12,133,0,4,100,43,80,114,16,96,83,45,82" hai1="67,94,98,21,130,92,58,63,5,22,115,118,121" hai2="95,64,29,2,61,54,120,65,101,106,75,79,48" hai3="53,24,31,71,85,40,74,68,125,103,90,52,26"/><T109/><D114/><U46/><E118/><V112/><F2/><W18/><G74/><T76/><D133/><U44/><E121/><V37/><F37/><W126/><G103/><T131/><D131/><U49/><E130/><V129/><F106/><W86/><G18/><T47/><D109/><U88/><E115/><V55/><F129/><W17/><G17/><T51/><D47/><N who="1" m="17963" /><E5/><V93/><F112/><W59/><G40/><T117/><D117/><U84/><E49/><V11/><F48/><W15/><G15/><T28/><D28/><U73/><E73/><V135/><F11/><W107/><G107/><T77/><D4/><U7/><E7/><V102/><F135/><W78/><G78/><T23/><REACH who="0" step="1"/><D0/><REACH who="0" ten="300,293,205,192" step="2"/><U42/><E42/><V14/><F29/><W123/><G123/><T127/><D127/><U97/><E97/><V39/><F120/><W132/><G132/><T25/><D25/><U91/><AGARI ba="2,1" hai="21,22,58,63,67,84,88,91,92,94,98" m="17963" machi="91" ten="30,4000,0" yaku="8,1,52,1,54,1" doraHai="60" who="1" fromWho="1" sc="300,-22,293,56,205,-12,192,-12" /><INIT seed="5,0,0,0,5,109" ten="278,349,193,180" oya="1" hai0="42,125,68,124,66,33,6,131,78,21,1,48,123" hai1="18,85,19,16,57,20,69,103,62,92,64,41,110" hai2="74,73,53,55,81,128,96,99,60,101,90,88,56" hai3="0,134,29,108,17,91,119,104,100,23,9,61,95"/><U77/><E110/><V117/><F117/><W46/><G108/><T59/><D33/><U89/><E41/><V98/><F128/><W83/><G134/><T105/><D105/><U43/><E43/><V112/><F112/><W106/><G119/><T65/><D123/><U11/><E11/><V24/><F101/><W86/><G29/><T84/><D131/><U82/><E103/><V32/><F32/><W35/><G35/><T115/><D115/><U31/><E69/><V39/><F39/><W44/><G104/><T52/><D42/><U28/><REACH who="1" step="1"/><E20/><REACH who="1" ten="278,339,193,180" step="2"/><V25/><F81/><W5/><G83/><N who="0" m="47223" /><D21/><U130/><E130/><V30/><F30/><W135/><G135/><T2/><D68/><U10/><E10/><V94/><F94/><W49/><G100/><T113/><D113/><U15/><E15/><V50/><F24/><W93/><G93/><T45/><D1/><U127/><E127/><V133/><F25/><W47/><G106/><T22/><D22/><U118/><E118/><V4/><F133/><W3/><G3/><T27/><D27/><U102/><E102/><V51/><F4/><W14/><G23/><T79/><D6/><U80/><E80/><V26/><F26/><W58/><G5/><T120/><D2/><U13/><E13/><V34/><F34/><W76/><G0/><T67/><D125/><U72/><AGARI ba="0,1" hai="16,18,19,28,31,57,62,64,72,77,82,85,89,92" machi="72" ten="30,6000,0" yaku="1,1,0,1,54,1,53,0" doraHai="109" doraHaiUra="122" who="1" fromWho="1" sc="278,-20,339,70,193,-20,180,-20" /><INIT seed="5,1,0,4,1,29" ten="258,409,173,160" oya="1" hai0="120,109,73,62,41,77,122,121,65,125,30,96,25" hai1="133,61,90,100,70,19,4,134,92,57,48,53,66" hai2="135,11,112,83,23,6,14,38,58,15,69,101,89" hai3="44,34,114,18,24,1,39,128,87,64,40,75,79"/><U111/><E111/><V93/><F69/><W54/><G128/><T118/><D109/><U98/><E4/><V21/><F38/><W5/><G87/><T91/><D118/><U86/><REACH who="1" step="1"/><E19/><REACH who="1" ten="258,399,173,160" step="2"/><V132/><F132/><W130/><G18/><T32/><D120/><U99/><E99/><V31/><F135/><W27/><G130/><T107/><D96/><U94/><AGARI ba="1,1" hai="48,53,57,61,66,70,86,90,92,94,98,100,133,134" machi="94" ten="30,6000,0" yaku="1,1,0,1,53,1" doraHai="29" doraHaiUra="81" who="1" fromWho="1" sc="258,-21,399,73,173,-21,160,-21" /><INIT seed="5,2,0,1,0,2" ten="237,472,152,139" oya="1" hai0="74,83,51,69,20,46,24,129,70,76,63,78,75" hai1="4,85,9,32,132,35,115,48,39,56,134,6,37" hai2="52,13,125,126,133,31,8,67,15,59,98,40,121" hai3="94,79,71,50,100,122,26,118,116,108,58,7,73"/><U36/><E115/><V1/><F121/><W57/><G71/><T110/><D110/><U84/><E48/><V0/><F31/><W16/><G108/><T23/><D129/><U107/><E56/><V10/><F40/><W86/><G73/><T66/><D70/><U42/><E42/><V113/><F67/><W45/><G122/><T96/><D96/><U90/><E107/><V95/><F133/><N who="1" m="51305" /><E9/><V114/><F13/><W102/><G7/><N who="1" m="2602" /><E85/><V61/><F10/><W60/><G60/><T80/><D75/><U55/><E55/><V43/><F43/><W14/><G58/><T106/><D106/><U22/><E22/><V119/><F1/><W53/><G57/><T29/><D20/><U17/><E17/><N who="2" m="8423" /><F0/><W54/><G54/><T131/><D74/><U101/><E101/><N who="2" m="60639" /><F119/><W65/><G118/><T25/><D23/><U135/><E135/><V18/><F18/><W28/><G116/><T44/><D69/><U62/><E62/><V130/><F130/><W38/><G16/><T5/><D63/><U104/><E104/><V112/><AGARI ba="2,0" hai="52,59,61,112,113,114,125,126" m="60639,8423" machi="112" ten="40,5200,0" yaku="15,1,11,1,54,1" doraHai="2" who="2" fromWho="2" sc="237,-15,472,-28,152,58,139,-15" /><INIT seed="6,0,0,4,4,82" ten="222,444,210,124" oya="2" hai0="36,41,30,73,83,60,121,91,128,105,18,44,129" hai1="56,7,32,95,97,65,126,127,100,98,106,94,132" hai2="6,31,13,49,15,102,67,110,84,11,39,63,74" hai3="61,0,117,35,115,87,23,85,62,38,101,112,71"/><V14/><F39/><W42/><G35/><T47/><D121/><U55/><E32/><V50/><F74/><W9/><G117/><T130/><D105/><U131/><E132/><V45/><F102/><W12/><G101/><T21/><D30/><U120/><E120/><V52/><F110/><W103/><G103/><T28/><D28/><U70/><E131/><V2/><F31/><W25/><G0/><T64/><D47/><U75/><E75/><V34/><F34/><W29/><G42/><T80/><D91/><U92/><E7/><V134/><F50/><W16/><G38/><T135/><D73/><U58/><E98/><V114/><F114/><N who="3" m="43563" /><G62/><T88/><D88/><U27/><E97/><V54/><F134/><W86/><G61/><T51/><D51/><U81/><E100/><V5/><F5/><W133/><G133/><T122/><D122/><U37/><E106/><V8/><F54/><W124/><G124/><T118/><D118/><U24/><E55/><V17/><REACH who="2" step="1"/><F84/><REACH who="2" ten="222,444,200,124" step="2"/><N who="3" m="21507" /><W19/><DORA hai="10" /><G29/><T93/><D135/><U4/><E37/><V33/><F33/><W119/><G119/><T104/><D36/><U46/><E126/><V66/><F66/><W48/><G48/><T22/><D130/><U76/><E65/><V26/><F26/><W20/><G9/><T96/><D129/><U57/><E127/><V43/><F43/><W79/><G79/><T99/><D41/><U89/><E76/><V111/><F111/><W68/><AGARI ba="0,1" hai="12,16,19,20,23,25,68,71" m="21507,43563" machi="68" ten="40,16000,3" yaku="15,1,11,1,52,5,54,1" doraHai="82,10" who="3" fromWho="3" sc="222,-40,444,-40,200,-80,124,170" /><INIT seed="7,0,0,3,3,97" ten="182,404,120,294" oya="3" hai0="58,23,120,115,24,134,54,94,111,80,39,34,68" hai1="96,49,51,55,47,27,32,26,36,74,122,102,22" hai2="37,129,45,103,9,83,0,91,4,1,107,90,5" hai3="53,71,73,128,93,10,88,13,132,43,78,65,112"/><W133/><G43/><T121/><D68/><U3/><E36/><V106/><F129/><W89/><G65/><T85/><D111/><U30/><E3/><V81/><F37/><W79/><G71/><T46/><D34/><U135/><E74/><V11/><F45/><W59/><G112/><T41/><D94/><U29/><E135/><N who="3" m="51786" /><G89/><T77/><D115/><U69/><E69/><V92/><F92/><W38/><G38/><T6/><D6/><U109/><E109/><V57/><F57/><W8/><G8/><T119/><D119/><U31/><E49/><V114/><F114/><W105/><G73/><T101/><D134/><U118/><E118/><V42/><F42/><W110/><G110/><T75/><D75/><U126/><E122/><V21/><F21/><W104/><G128/><T18/><D101/><AGARI ba="0,0" hai="0,1,4,5,9,11,81,83,90,91,101,103,106,107" machi="101" ten="25,6400,0" yaku="22,2,52,2" doraHai="97" who="2" fromWho="0" sc="182,-64,404,0,120,64,294,0" owari="118,-38.0,404,51.0,184,-22.0,294,9.0" /></mjloggm>