<mjloggm ver="2.3"><GO type="97" lobby="0"/><UN n0="%64%65%61%69%75%70%2E%63" n1="%67%65%6D" n2="%6B%6F%69%74%73%75" n3="%E5%B0%B1%E6%B4%BB%E7%94%9F%40%E5%B7%9D%E6%9D%91%E8%BB%8D%E5%9B%A3" dan="15,13,13,15" rate="1934.76,1906.96,1834.80,1979.31" sx="M,F,M,M"/><TAIKYOKU oya="0"/><INIT seed="0,0,0,5,3,15" ten="250,250,250,250" oya="0" hai0="101,109,47,59,36,58,25,45,13,129,17,89,120" hai1="111,105,94,30,95,9,77,19,1,84,104,76,123" hai2="70,71,79,34,48,27,119,78,73,122,60,44,82" hai3="66,0,33,106,87,56,38,86,124,62,113,20,125"/><T11/><D120/><U99/><E30/><V114/><F114/><W93/><G33/><T22/><D129/><U6/><E123/><V91/><F122/><W116/><G106/><T107/><D107/><U126/><E126/><N who="3" m="48746" /><G113/><T26/><D101/><U131/><E131/><V130/><F130/><W63/><G38/><T115/><D115/><U42/><E42/><V55/><F119/><W53/><G0/><T18/><D109/><U132/><E132/><V29/><F78/><W23/><G116/><T65/><D36/><U108/><E95/><V24/><F24/><W35/><G35/><T75/><D75/><U96/><E84/><N who="3" m="32298" /><G93/><T135/><D135/><U118/><E118/><V4/><F91/><W85/><N who="3" m="32306" /><W37/><DORA hai="134" /><G37/><T8/><D89/><U54/><E54/><V127/><F55/><W81/><G81/><T43/><D43/><U14/><E105/><V69/><F82/><W39/><G39/><T68/><D26/><U83/><E104/><V12/><F27/><W110/><G110/><N who="1" m="42026" /><E83/><V98/><F34/><W51/><G63/><T50/><D25/><U21/><E99/><V133/><F60/><W57/><AGARI ba="0,0" hai="20,23,51,53,56,57,62,66" m="32306,48746" machi="57" ten="40,8000,1" yaku="18,1,52,3" doraHai="15,134" who="3" fromWho="3" sc="250,-40,250,-20,250,-20,250,80" /><INIT seed="1,0,0,2,1,64" ten="210,230,230,330" oya="1" hai0="121,1,22,109,105,104,107,9,129,33,70,28,112" hai1="25,46,97,36,94,0,43,31,55,124,85,24,67" hai2="18,91,134,88,101,79,89,132,98,14,133,35,113" hai3="42,8,37,62,54,123,21,26,80,32,74,10,20"/><U29/><E0/><V130/><F35/><W12/><G123/><T2/><D112/><U115/><E115/><V83/><F113/><W120/><G120/><T45/><D121/><U44/><E124/><V59/><F59/><W11/><G32/><T110/><D22/><U57/><E67/><V135/><N who="2" m="33792" /><DORA hai="111" /><V6/><F6/><W87/><G74/><T39/><D129/><U60/><E85/><N who="2" m="48383" /><F18/><N who="3" m="10311" /><G42/><N who="0" m="22751" /><D70/><U5/><E5/><V99/><F14/><W126/><G37/><T58/><D58/><U63/><E63/><V81/><F130/><W65/><G126/><T106/><N who="0" m="26624" /><DORA hai="27" /><T4/><D2/><U84/><E84/><N who="2" m="50191" /><F99/><W75/><G65/><T117/><D117/><U131/><E131/><V19/><F19/><N who="3" m="12607" /><G75/><T122/><D122/><U125/><E125/><V41/><F41/><W17/><G17/><T92/><D92/><AGARI ba="0,0" hai="89,91,92,98,101" m="50191,48383,33792" machi="92" ten="60,8000,1" yaku="20,1,34,2,54,1" doraHai="64,111,27" who="2" fromWho="0" sc="210,-80,230,0,230,80,330,0" /><INIT seed="2,0,0,0,5,108" ten="130,230,310,330" oya="2" hai0="110,99,112,125,95,122,36,61,120,118,94,34,100" hai1="72,106,62,88,87,44,103,55,52,18,8,42,91" hai2="92,22,49,85,134,29,82,119,13,60,1,77,12" hai3="37,96,47,40,33,98,109,25,89,67,30,71,53"/><V19/><F119/><W65/><G109/><T32/><D110/><U50/><E72/><V2/><F2/><W43/><G43/><T4/><D36/><U81/><E106/><V31/><F1/><W111/><G111/><T101/><D118/><U76/><E103/><V70/><F134/><W14/><G53/><N who="1" m="20554" /><E62/><V26/><F13/><AGARI ba="0,0" hai="8,13,18,42,44,50,76,81,87,88,91" m="20554" machi="13" ten="30,3900,0" yaku="8,1,54,2" doraHai="108" who="1" fromWho="2" sc="130,0,230,39,310,-39,330,0" /><INIT seed="3,0,0,4,3,27" ten="130,269,271,330" oya="3" hai0="60,65,112,64,118,90,63,57,28,18,97,74,69" hai1="46,1,124,84,3,15,53,32,121,87,51,96,105" hai2="116,10,128,77,73,103,109,123,104,45,25,68,132" hai3="9,99,122,113,71,5,30,102,4,61,41,47,115"/><W106/><G122/><T76/><D118/><U0/><E121/><V133/><F116/><W40/><G40/><T94/><D112/><U52/><E32/><V134/><F109/><W7/><G9/><T13/><D74/><U80/><E124/><V8/><F128/><W127/><G127/><T2/><D2/><U108/><E108/><V56/><F123/><W48/><G30/><T66/><D76/><U21/><E105/><V86/><F73/><W117/><REACH who="3" step="1"/><G117/><REACH who="3" ten="130,269,271,320" step="2"/><T100/><D66/><AGARI ba="0,1" hai="4,5,7,41,47,48,61,66,71,99,102,106,113,115" machi="66" ten="40,3900,0" yaku="1,1,2,1,53,0" doraHai="27" doraHaiUra="75" who="3" fromWho="0" sc="130,-39,269,0,271,0,320,49" owari="91,-41.0,269,-13.0,271,7.0,369,47.0" /></mjloggm>