<mjloggm ver="2.3"><GO type="105" lobby="0"/><UN n0="%E3%82%A2%E3%83%89%E3%83%AA%E3%83%96%E2%98%86%E7%8E%8B%E5%AD%90" n1="%74%61%6E%6F%73%65%6E" n2="%70%75%74%61" n3="%E5%B0%B1%E6%B4%BB%E7%94%9F%40%E5%B7%9D%E6%9D%91%E8%BB%8D%E5%9B%A3" dan="15,15,14,15" rate="1951.93,2020.32,1906.12,1979.14" sx="M,F,M,M"/><TAIKYOKU oya="0"/><INIT seed="0,0,0,2,1,86" ten="250,250,250,250" oya="0" hai0="20,4,42,14,95,89,58,19,68,125,109,69,18" hai1="16,38,17,129,2,22,34,32,94,78,72,24,9" hai2="12,132,60,43,113,73,79,100,15,56,116,63,52" hai3="26,77,130,123,121,133,93,59,134,35,118,1,13"/><T25/><D125/><U45/><E129/><V120/><F113/><W64/><G77/><T110/><D4/><U8/><E72/><V54/><F120/><N who="3" m="46155" /><G64/><T23/><D42/><U128/><E128/><V99/><F132/><N who="3" m="50795" /><G59/><T57/><D68/><U112/><E112/><V103/><F43/><W98/><G1/><T126/><D126/><U46/><E78/><V11/><F79/><W55/><G118/><T124/><D69/><U127/><E127/><V87/><F87/><W33/><G130/><T105/><D105/><U27/><E38/><V101/><F73/><W84/><G55/><T37/><D37/><U10/><E94/><V115/><F115/><W49/><G49/><T85/><D124/><U40/><E40/><V108/><F108/><AGARI ba="0,0" hai="14,18,19,20,23,25,57,58,85,89,95,108,109,110" machi="108" ten="40,7700,0" yaku="14,1,10,1,52,1" doraHai="86" who="0" fromWho="2" sc="250,77,250,0,250,-77,250,0" /><INIT seed="0,1,0,0,2,67" ten="327,250,173,250" oya="0" hai0="94,6,50,134,97,49,85,53,86,68,96,103,58" hai1="52,135,109,130,71,10,104,13,56,121,7,35,22" hai2="114,123,76,36,129,26,83,5,46,89,111,100,87" hai3="77,34,45,61,133,80,18,119,116,126,65,112,102"/><T9/><D134/><U16/><E121/><V106/><F114/><W78/><G34/><T3/><D68/><U127/><E135/><V2/><F123/><W73/><G133/><T70/><D70/><U23/><E130/><V43/><F129/><W12/><G112/><T15/><D3/><U8/><E109/><V81/><F111/><W91/><G126/><T38/><D38/><U57/><E127/><V40/><F40/><W39/><G102/><T66/><D66/><U124/><E71/><V21/><F100/><W131/><G131/><T48/><REACH who="0" step="1"/><D97/><REACH who="0" ten="317,250,173,250" step="2"/><U37/><E124/><V82/><F106/><W120/><G120/><T108/><D108/><U118/><E37/><V113/><F113/><W92/><G39/><T74/><D74/><U84/><E84/><AGARI ba="1,1" hai="6,9,15,48,49,50,53,58,84,85,86,94,96,103" machi="84" ten="40,3900,0" yaku="1,1,8,1,53,0" doraHai="67" doraHaiUra="20" who="0" fromWho="1" sc="317,52,250,-42,173,0,250,0" /><INIT seed="0,2,0,3,3,5" ten="369,208,173,250" oya="0" hai0="45,96,118,17,101,6,95,25,82,66,105,129,135" hai1="15,133,51,35,115,60,41,32,73,49,126,134,31" hai2="54,57,29,9,48,58,76,120,52,104,59,22,18" hai3="8,3,80,72,1,64,78,99,24,81,43,107,63"/><T124/><D118/><U117/><E117/><V110/><F120/><W34/><G80/><T94/><D6/><U37/><E73/><V30/><F104/><W92/><G43/><T4/><D82/><U46/><E126/><V16/><F76/><W119/><G119/><T47/><D124/><U112/><E35/><V10/><F110/><W69/><G8/><N who="2" m="3177" /><F22/><W55/><G55/><N who="2" m="21033" /><F48/><N who="1" m="18505" /><E15/><V21/><F21/><W7/><G7/><T39/><D47/><U111/><E31/><AGARI ba="2,0" hai="16,18,29,30,31,57,58,59" m="21033,3177" machi="31" ten="30,16000,3" yaku="28,2,8,1,52,3,54,2" doraHai="5" who="2" fromWho="1" sc="369,0,208,-166,173,166,250,0" /><INIT seed="1,0,0,1,1,32" ten="369,42,339,250" oya="1" hai0="14,60,65,21,51,64,30,25,123,74,117,94,96" hai1="71,17,4,133,112,61,37,39,104,73,79,106,70" hai2="43,22,84,100,118,54,11,75,52,53,46,18,101" hai3="92,128,38,58,102,6,109,50,130,77,103,129,110"/><U35/><E112/><V116/><F75/><W42/><G6/><T134/><D117/><U88/><E133/><V132/><F132/><W0/><G0/><T111/><D134/><U80/><E35/><V48/><F11/><W16/><G77/><T81/><D111/><N who="3" m="42505" /><G38/><T24/><D123/><U85/><E4/><V121/><F121/><W125/><G125/><T76/><D25/><U44/><E39/><V135/><F135/><W124/><G124/><T95/><D51/><U23/><E37/><V41/><F41/><W114/><G114/><T20/><D95/><U29/><E44/><V93/><F116/><W131/><N who="3" m="33280" /><DORA hai="57" /><W67/><G92/><T115/><D115/><U9/><E29/><V33/><F33/><W90/><G90/><T49/><D49/><U59/><E9/><V86/><F118/><W8/><G42/><T120/><D120/><U55/><E106/><V127/><F127/><W28/><G28/><T56/><D65/><U62/><E104/><V47/><F47/><W27/><G50/><T99/><REACH who="0" step="1"/><D94/><REACH who="0" ten="359,42,339,250" step="2"/><U89/><E62/><V105/><F105/><W5/><G27/><T13/><D13/><U108/><E108/><V69/><F69/><W40/><G40/><T122/><D122/><U26/><REACH who="1" step="1"/><E89/><REACH who="1" ten="359,32,339,250" step="2"/><V83/><F100/><W97/><G103/><T1/><D1/><U98/><E98/><N who="2" m="59599" /><F83/><AGARI ba="0,2" hai="17,23,26,55,59,61,70,71,73,79,80,83,85,88" machi="83" ten="30,12000,1" yaku="1,1,7,1,52,1,54,1,53,1" doraHai="32,57" doraHaiUra="2,82" who="1" fromWho="2" sc="359,0,32,140,339,-120,250,0" /><INIT seed="1,1,0,0,2,127" ten="359,172,219,250" oya="1" hai0="105,96,26,13,62,123,53,78,97,2,23,126,94" hai1="7,93,135,49,70,61,11,119,64,10,63,92,100" hai2="25,0,129,73,102,36,31,33,15,79,124,84,6" hai3="20,47,131,1,57,101,120,58,46,34,99,125,112"/><U43/><E119/><V27/><F102/><W29/><G34/><T107/><D2/><U111/><E135/><V80/><F124/><W72/><G1/><T55/><D126/><U81/><E111/><V128/><F27/><W82/><G125/><T22/><D123/><U18/><E63/><V24/><F25/><N who="3" m="16551" /><G120/><T122/><D122/><U65/><E64/><V32/><F36/><W104/><G112/><T69/><D78/><U117/><E117/><V60/><F84/><W133/><G133/><T30/><D55/><U28/><E28/><V103/><F103/><W85/><G72/><T19/><D97/><U35/><E35/><V3/><F33/><W52/><G131/><N who="2" m="50249" /><F60/><N who="3" m="35879" /><G104/><T88/><REACH who="0" step="1"/><D53/><REACH who="0" ten="349,172,219,250" step="2"/><U12/><E43/><V50/><F50/><W110/><G110/><T118/><D118/><U59/><E49/><V77/><F79/><N who="3" m="46303" /><G99/><T132/><D132/><U48/><E48/><V86/><F73/><W74/><G74/><T71/><D71/><U106/><E70/><V115/><F115/><W45/><G101/><T44/><D44/><U8/><E106/><V108/><F108/><W109/><G109/><T121/><D121/><U21/><E7/><V67/><F67/><AGARI ba="1,1" hai="13,19,22,23,26,30,62,67,69,88,94,96,105,107" machi="67" ten="40,2600,0" yaku="1,1,54,1,53,0" doraHai="127" doraHaiUra="116" who="0" fromWho="2" sc="349,39,172,0,219,-29,250,0" /><INIT seed="2,0,0,1,1,28" ten="388,172,190,250" oya="2" hai0="7,53,61,42,66,2,93,34,46,11,38,134,76" hai1="91,56,52,105,108,19,128,45,63,87,12,122,113" hai2="86,129,26,95,67,48,116,88,126,40,33,104,115" hai3="64,90,43,68,27,96,82,18,94,39,70,79,75"/><V15/><F116/><W132/><G132/><T73/><D93/><U106/><E113/><V49/><F115/><W4/><G4/><T5/><D7/><U80/><E108/><V99/><F129/><W44/><G64/><T118/><D118/><U10/><E128/><V22/><F67/><W14/><REACH who="3" step="1"/><G27/><REACH who="3" ten="388,172,190,240" step="2"/><T124/><D134/><U23/><E122/><V29/><F126/><W100/><G100/><T58/><D124/><U127/><E127/><V89/><F40/><W130/><G130/><T121/><D121/><U119/><E119/><V47/><F104/><W13/><G13/><T0/><D0/><U21/><E106/><V35/><F15/><W1/><G1/><T117/><D117/><U112/><E105/><V123/><F123/><W92/><G92/><T30/><D66/><U62/><E112/><V97/><F97/><W37/><G37/><T31/><D34/><U101/><E101/><V110/><F110/><W98/><G98/><T85/><REACH who="0" step="1"/><D85/><REACH who="0" ten="378,172,190,240" step="2"/><U32/><E32/><V57/><F35/><W55/><G55/><T16/><D16/><U54/><E54/><N who="2" m="31943" /><F33/><W6/><G6/><T131/><D131/><U77/><E52/><N who="2" m="29759" /><F86/><W8/><AGARI ba="0,2" hai="8,14,18,39,43,44,68,70,75,79,82,90,94,96" machi="8" ten="20,2700,0" yaku="1,1,0,1,7,1,53,0" doraHai="28" doraHaiUra="59" who="3" fromWho="3" sc="378,-7,172,-7,190,-13,240,47" /><INIT seed="3,0,0,3,4,118" ten="371,165,177,287" oya="3" hai0="75,99,115,42,5,78,65,129,128,94,57,108,7" hai1="111,104,17,61,125,37,46,35,62,73,68,0,10" hai2="69,33,74,83,52,29,92,53,124,32,64,70,134" hai3="49,105,15,54,21,93,102,31,39,38,96,40,16"/><W135/><G135/><T82/><D115/><U116/><RYUUKYOKU type="yao9" ba="0,0" sc="371,0,165,0,177,0,287,0" hai1="0,10,17,35,37,46,61,62,68,73,104,111,116,125" /><INIT seed="3,1,0,0,4,99" ten="371,165,177,287" oya="3" hai0="116,119,67,124,127,43,51,77,16,40,31,17,125" hai1="66,36,120,34,91,128,28,102,57,103,8,7,101" hai2="58,126,37,62,12,47,52,108,68,75,81,30,48" hai3="56,132,113,60,20,86,118,88,105,21,122,83,18"/><W22/><G118/><T98/><D31/><U94/><E120/><V134/><F75/><W4/><G122/><T130/><D130/><U61/><E128/><V100/><F30/><W69/><G113/><T72/><D67/><U107/><E107/><V24/><F134/><W93/><G69/><T23/><D17/><U26/><E36/><V35/><F35/><W44/><G105/><T55/><D98/><U29/><E29/><V106/><F126/><W13/><G132/><T14/><D77/><U39/><E39/><V114/><F24/><W10/><G44/><N who="0" m="28135" /><D72/><U96/><REACH who="1" step="1"/><E103/><REACH who="1" ten="371,155,177,287" step="2"/><V129/><F37/><W46/><G46/><T112/><D112/><U133/><E133/><V25/><F114/><W45/><G45/><T87/><D119/><U5/><E5/><V15/><F129/><W74/><G74/><T6/><D116/><U42/><E42/><V11/><F100/><W64/><REACH who="3" step="1"/><G83/><REACH who="3" ten="371,155,177,277" step="2"/><T19/><D127/><U65/><E65/><V27/><F81/><W33/><G33/><T71/><D125/><U76/><E76/><V80/><F106/><W79/><G79/><T121/><D124/><U53/><E53/><V54/><F80/><W82/><G82/><T131/><D71/><U104/><E104/><V3/><F68/><W85/><G85/><T49/><D131/><U95/><E95/><V110/><F3/><AGARI ba="1,2" hai="3,4,10,13,18,20,21,22,56,60,64,86,88,93" machi="3" ten="30,11600,0" yaku="1,1,7,1,54,1,53,1" doraHai="99" doraHaiUra="32" who="3" fromWho="2" sc="371,0,155,0,177,-119,277,139" /><AGARI ba="1,0" hai="3,7,8,26,28,34,57,61,66,91,94,96,101,102" machi="3" ten="30,8000,1" yaku="1,1,7,1,52,2,53,1" doraHai="99" doraHaiUra="32" who="1" fromWho="2" sc="371,0,155,80,58,-80,416,0" owari="371,17.0,235,-16.0,-22,-52.0,416,51.0" /></mjloggm>