<mjloggm ver="2.3"><GO type="41" lobby="0"/><UN n0="%E3%82%A6%E3%83%AB%E3%83%88%E3%83%A9%E7%AB%8B%E7%9B%B4" n1="%41%4B%42%53%4B%45" n2="%6B%6F%6D%61%70%69%61" n3="%E8%BC%AA%E5%93%AD" dan="15,14,14,14" rate="2028.60,1951.30,1944.16,1919.32" sx="M,M,M,M"/><TAIKYOKU oya="0"/><INIT seed="0,0,0,0,2,39" ten="250,250,250,250" oya="0" hai0="78,44,0,55,9,11,104,101,108,57,64,19,16" hai1="79,92,73,91,22,83,48,66,86,4,112,134,110" hai2="2,96,109,13,21,69,103,121,15,3,62,42,135" hai3="116,56,118,31,40,87,106,107,124,115,53,99,114"/><T129/><D104/><N who="3" m="39977" /><G31/><T89/><D101/><U23/><E112/><N who="3" m="43050" /><G56/><T1/><D78/><U71/><E134/><V38/><F135/><W50/><G50/><T46/><D89/><U12/><E110/><V30/><F30/><W76/><G53/><T32/><D57/><U130/><E130/><V47/><F109/><W6/><G6/><T80/><D80/><U27/><E48/><V43/><F121/><W111/><G111/><T126/><D108/><U29/><E71/><V10/><F21/><W5/><G5/><T36/><D129/><U67/><REACH who="1" step="1"/><E22/><REACH who="1" ten="250,240,250,250" step="2"/><V123/><F123/><W49/><G124/><T65/><D36/><U63/><E63/><V68/><F62/><W60/><G60/><T128/><D128/><U125/><E125/><V131/><F131/><W24/><G49/><T74/><D126/><U20/><E20/><V34/><F38/><W26/><G118/><T90/><D74/><U102/><E102/><V93/><F103/><W84/><G116/><T17/><D32/><U59/><E59/><V54/><F34/><W8/><G8/><AGARI ba="0,1" hai="4,8,12,23,27,29,66,67,73,79,83,86,91,92" machi="8" ten="40,2600,0" yaku="1,1,53,1" doraHai="39" doraHaiUra="7" who="1" fromWho="3" sc="250,0,240,36,250,0,250,-26" /><INIT seed="1,0,0,1,2,97" ten="250,276,250,224" oya="1" hai0="102,67,115,120,30,13,78,16,87,64,129,116,89" hai1="105,40,79,93,28,33,90,57,19,3,56,117,36" hai2="73,83,55,106,25,114,27,50,95,86,9,10,47" hai3="126,71,0,130,26,101,37,125,107,46,127,91,81"/><U42/><E117/><V35/><F106/><W92/><G71/><T45/><D115/><U85/><E3/><V124/><F124/><W111/><G0/><T11/><D116/><U41/><E36/><V39/><F39/><W51/><G37/><T119/><D119/><U60/><E105/><V17/><F114/><W128/><G26/><T21/><D129/><N who="3" m="49769" /><G51/><T4/><D120/><U1/><E1/><V18/><F95/><W110/><G46/><T96/><D78/><U112/><E112/><V134/><F73/><W69/><G69/><T44/><D30/><U53/><E79/><V100/><F100/><W23/><G23/><T82/><D45/><U121/><E121/><V61/><F61/><W74/><G74/><T75/><D44/><U8/><E33/><V52/><F134/><W131/><N who="3" m="49777" /><W12/><DORA hai="135" /><G12/><T113/><D75/><U62/><E28/><V108/><F35/><W15/><G15/><N who="0" m="9375" /><D113/><U24/><E8/><V14/><F55/><W122/><G122/><T76/><D76/><U48/><E56/><V29/><F29/><W109/><G81/><T123/><D123/><U94/><E94/><AGARI ba="0,0" hai="4,11,13,64,67,82,87,89,94,96,102" m="9375" machi="94" ten="30,3900,0" yaku="8,1,52,1,54,1" doraHai="97,135" who="0" fromWho="1" sc="250,39,276,-39,250,0,224,0" /><INIT seed="2,0,0,3,5,86" ten="289,237,250,224" oya="2" hai0="126,119,110,21,92,84,65,120,42,5,78,73,87" hai1="1,9,99,39,83,12,56,67,36,59,52,82,44" hai2="135,75,48,85,6,103,11,118,37,114,27,93,55" hai3="18,62,95,35,108,45,49,64,132,63,100,61,134"/><V51/><F37/><W124/><G35/><T50/><D65/><U17/><E1/><V20/><F75/><W25/><G100/><T58/><D58/><U111/><E111/><V41/><F118/><W57/><G25/><T26/><D50/><U89/><E39/><V47/><F135/><N who="3" m="51755" /><G18/><T69/><D21/><U74/><E36/><V68/><F68/><W60/><G95/><T46/><D26/><U105/><E74/><V0/><F114/><W133/><N who="3" m="51763" /><W79/><DORA hai="3" /><G79/><T32/><D46/><U113/><E113/><V109/><F109/><W96/><G96/><T112/><D42/><U94/><E105/><V128/><F128/><W2/><G2/><T116/><D78/><U115/><E115/><V97/><F85/><W54/><G108/><T66/><D66/><U28/><E28/><V16/><REACH who="2" step="1"/><F51/><REACH who="2" ten="289,237,240,224" step="2"/><N who="3" m="29039" /><G124/><T10/><D126/><U107/><E107/><V102/><F102/><W8/><G49/><T53/><D110/><U125/><E125/><V123/><F123/><W106/><G106/><T33/><D120/><U101/><E101/><V34/><F34/><W88/><G8/><T14/><D33/><U122/><E122/><V23/><F23/><W38/><G38/><T130/><D119/><U77/><E67/><V19/><F19/><W4/><G4/><T24/><D116/><U129/><E129/><V131/><F131/><W76/><G76/><T80/><D32/><U72/><E82/><V43/><AGARI ba="0,1" hai="0,6,11,16,20,27,41,43,47,48,55,93,97,103" machi="43" ten="30,11700,0" yaku="1,1,0,1,52,1,54,1,53,0" doraHai="86,3" doraHaiUra="81,104" who="2" fromWho="2" sc="289,-39,237,-39,240,127,224,-39" /><INIT seed="2,1,0,1,4,133" ten="250,198,367,185" oya="2" hai0="89,108,66,112,1,57,9,72,60,98,79,124,49" hai1="97,41,96,65,16,55,90,80,40,130,3,74,64" hai2="128,14,37,51,33,17,61,126,10,56,32,5,68" hai3="110,115,70,44,132,45,100,63,95,111,127,76,20"/><V120/><F120/><W6/><G6/><T24/><D112/><U88/><E3/><V38/><F128/><W35/><G35/><T46/><D108/><U131/><E55/><V18/><F126/><W94/><G76/><T107/><D79/><U53/><E53/><V19/><F51/><W101/><G20/><T102/><D72/><U129/><E74/><V25/><F68/><W117/><G70/><T62/><D24/><U82/><E129/><V119/><F119/><W8/><G8/><T85/><D62/><U92/><E92/><V121/><F121/><W113/><G63/><T43/><D9/><U26/><E26/><V7/><F7/><W123/><G123/><T86/><D1/><U58/><E58/><V104/><F104/><W0/><G0/><T69/><D124/><U75/><E75/><V84/><F84/><W34/><G34/><T103/><D103/><U28/><E28/><V116/><F116/><W118/><REACH who="3" step="1"/><G132/><REACH who="3" ten="250,198,367,175" step="2"/><T42/><D69/><U106/><REACH who="1" step="1"/><E106/><REACH who="1" ten="250,188,367,175" step="2"/><V13/><F33/><W87/><G87/><T23/><D23/><U99/><E99/><V114/><F32/><W11/><G11/><T109/><D109/><U2/><E2/><V52/><F10/><W21/><G21/><T71/><D71/><U50/><E50/><V134/><F37/><W47/><G47/><T77/><D77/><U39/><E39/><V135/><F38/><W105/><G105/><T15/><D86/><U29/><E29/><V83/><F134/><W91/><G91/><T125/><D125/><AGARI ba="1,2" hai="44,45,94,95,100,101,110,111,113,115,117,118,125,127" machi="125" ten="25,12000,2" yaku="1,1,22,2,52,2,53,2" doraHai="133" doraHaiUra="122" who="3" fromWho="0" sc="250,-123,188,0,367,0,175,143" /><INIT seed="3,0,0,0,0,111" ten="127,188,367,318" oya="3" hai0="29,104,116,44,68,1,135,63,81,69,16,65,86" hai1="131,33,127,95,103,125,3,85,39,20,92,106,58" hai2="34,14,71,119,122,97,99,45,30,0,118,94,67" hai3="112,59,50,93,89,115,51,74,17,10,107,126,78"/><W18/><G107/><T77/><D104/><U12/><E3/><V61/><F0/><W24/><G78/><T38/><D1/><U82/><E39/><V114/><F122/><W26/><G74/><T120/><D120/><U37/><E37/><V79/><F79/><W25/><G126/><T55/><D29/><U40/><E40/><V57/><F14/><W52/><G50/><T75/><D116/><U91/><E33/><V60/><F45/><W48/><G48/><T53/><D135/><U88/><E58/><V5/><F5/><W117/><G117/><T13/><D69/><U49/><E49/><V19/><F19/><W123/><G123/><T46/><D75/><U11/><E20/><V9/><F9/><W113/><REACH who="3" step="1"/><G10/><REACH who="3" ten="127,188,367,308" step="2"/><T80/><D44/><U62/><E62/><V15/><F60/><W84/><AGARI ba="0,1" hai="17,18,24,25,26,51,52,59,84,89,93,112,113,115" machi="84" ten="40,24000,3" yaku="1,1,2,1,0,1,52,3,54,1,53,3" doraHai="111" doraHaiUra="108" who="3" fromWho="3" sc="127,-80,188,-80,367,-80,308,250" /><INIT seed="3,1,0,1,3,25" ten="47,108,287,558" oya="3" hai0="108,22,103,100,92,35,9,124,4,105,14,106,133" hai1="28,79,74,39,125,114,117,62,91,97,95,55,10" hai2="119,81,53,118,83,128,77,88,89,8,65,130,72" hai3="102,69,127,93,27,116,19,21,36,20,48,101,33"/><W87/><G36/><T37/><D35/><U115/><E39/><V80/><F53/><W132/><G69/><T70/><D70/><U122/><E117/><N who="2" m="44555" /><F65/><W0/><G0/><T40/><D108/><U112/><E122/><V76/><F8/><W60/><G116/><T67/><D67/><U131/><E131/><N who="2" m="50219" /><F72/><W3/><G3/><T41/><D124/><U31/><E125/><V32/><F32/><W71/><G132/><T16/><D133/><U63/><E10/><V59/><F59/><W82/><G60/><T64/><D64/><U86/><E74/><V99/><F99/><W7/><G71/><T68/><D68/><U2/><E2/><V90/><AGARI ba="1,0" hai="76,77,80,81,83,88,89,90" m="50219,44555" machi="90" ten="40,12000,2" yaku="28,2,19,1,34,2,54,1" doraHai="25" who="2" fromWho="2" sc="47,-31,108,-31,287,123,558,-61" /><INIT seed="4,0,0,2,0,42" ten="16,77,410,497" oya="0" hai0="83,40,15,78,92,55,29,17,121,79,6,96,107" hai1="37,87,30,67,9,66,57,61,101,120,135,60,13" hai2="86,84,10,132,64,104,50,126,80,18,89,113,28" hai3="8,119,73,32,53,133,21,72,62,63,94,81,125"/><T103/><D121/><U27/><E120/><V77/><F104/><W110/><G119/><T112/><D112/><U14/><E37/><V12/><F113/><W91/><G32/><T16/><D29/><U38/><E38/><V25/><F132/><W123/><G123/><T45/><D55/><U100/><E135/><V134/><F126/><W122/><G122/><T7/><D107/><U23/><E87/><V44/><F64/><W39/><G39/><T82/><D82/><U108/><E108/><V111/><F111/><W71/><G71/><T58/><D58/><U124/><E124/><V1/><F1/><W74/><G72/><T106/><D106/><U52/><E67/><V59/><F59/><W118/><G73/><T117/><D117/><U11/><E66/><V88/><F86/><W36/><G36/><T68/><D68/><U51/><E60/><V47/><F134/><W31/><G74/><T33/><D33/><U131/><E61/><V24/><F50/><W102/><G110/><T76/><D83/><U22/><E22/><N who="2" m="15383" /><F25/><W0/><G0/><T34/><D34/><U65/><E65/><V105/><F105/><W26/><G118/><T3/><D3/><U116/><E116/><V98/><F98/><W19/><G133/><T75/><D75/><U5/><E131/><V85/><F77/><N who="0" m="19714" /><T70/><DORA hai="129" /><D70/><U128/><REACH who="1" step="1"/><E128/><REACH who="1" ten="16,67,410,497" step="2"/><V114/><F114/><W127/><G127/><T48/><D17/><AGARI ba="0,1" hai="5,9,11,13,14,17,23,27,30,51,52,57,100,101" machi="17" ten="30,8000,1" yaku="1,1,2,1,7,1,8,1,54,1,53,0" doraHai="42,129" doraHaiUra="69,56" who="1" fromWho="0" sc="16,-80,67,90,410,0,497,0" owari="-64,-56.0,157,-24.0,410,21.0,497,59.0" /></mjloggm>