<mjloggm ver="2.3"><GO type="97" lobby="0"/><UN n0="%E3%81%BE%E3%83%BC%E3%81%94%E3%82%8D%E3%83%BC" n1="%E5%85%B5%E8%97%A4" n2="%E3%82%AA%E3%82%AF%E3%83%A9%E3%82%B2%E3%83%AD%E6%98%9F%E4%BA%BA" n3="%E5%B0%B1%E6%B4%BB%E7%94%9F%40%E5%B7%9D%E6%9D%91%E8%BB%8D%E5%9B%A3" dan="14,15,14,15" rate="1892.91,1938.48,1940.69,2004.85" sx="M,M,M,M"/><TAIKYOKU oya="0"/><INIT seed="0,0,0,2,1,37" ten="250,250,250,250" oya="0" hai0="76,9,86,15,131,16,48,50,133,96,47,53,99" hai1="87,39,128,27,55,127,93,117,57,121,30,42,110" hai2="109,46,34,61,67,6,12,28,24,107,130,41,89" hai3="108,98,45,83,124,70,33,72,123,77,3,2,44"/><T73/><D131/><U43/><E117/><V0/><F107/><W64/><G124/><T18/><D73/><U10/><E121/><V21/><F130/><W91/><G123/><T36/><D36/><U94/><E127/><V1/><F109/><W112/><G108/><T126/><D126/><U60/><E110/><V58/><F89/><W125/><G112/><T32/><D32/><U103/><E128/><V26/><F12/><W25/><G125/><T100/><D133/><U95/><E39/><V111/><F6/><W115/><G115/><T8/><D48/><U68/><E68/><V80/><F80/><W63/><G44/><T11/><D18/><U81/><E10/><N who="0" m="4201" /><D100/><U78/><REACH who="1" step="1"/><E103/><REACH who="1" ten="250,240,250,250" step="2"/><V119/><F119/><W31/><G91/><T129/><D129/><U132/><E132/><V40/><F111/><W51/><REACH who="3" step="1"/><G98/><REACH who="3" ten="250,240,250,240" step="2"/><T20/><D96/><U118/><E118/><V7/><F7/><W19/><G19/><N who="0" m="8703" /><D99/><U85/><E85/><V66/><F1/><W35/><G35/><AGARI ba="0,2" hai="27,30,35,42,43,55,57,60,78,81,87,93,94,95" machi="35" ten="40,5200,0" yaku="1,1,52,2,53,0" doraHai="37" doraHaiUra="102" who="1" fromWho="3" sc="250,0,240,72,250,0,240,-52" /><INIT seed="1,0,0,5,0,119" ten="250,312,250,188" oya="1" hai0="20,70,97,87,39,103,73,85,108,36,98,115,83" hai1="84,77,55,75,29,35,38,65,10,52,80,9,94" hai2="124,116,118,125,48,25,26,71,27,11,47,4,19" hai3="121,106,21,90,59,101,102,92,32,89,95,64,45"/><U12/><E38/><V18/><F71/><W42/><G32/><T79/><D70/><U22/><E35/><V131/><F131/><W41/><G106/><T0/><D0/><U93/><E65/><V127/><F48/><W2/><G2/><T58/><D115/><U43/><E43/><V88/><F88/><W14/><G14/><T53/><D108/><U69/><E69/><V68/><F68/><W72/><G72/><T60/><D98/><U46/><E75/><V114/><F47/><W63/><G21/><T109/><D109/><U112/><E112/><V134/><F134/><W105/><G105/><T110/><D110/><U54/><E46/><V67/><F67/><W81/><G81/><T76/><D76/><U44/><E44/><V130/><F130/><W117/><G117/><N who="2" m="45161" /><F114/><W61/><G45/><T74/><D74/><U3/><E3/><AGARI ba="0,0" hai="3,4,11,18,19,25,26,27,124,125,127" m="45161" machi="3" ten="40,5200,0" yaku="18,1,34,2" doraHai="119" who="2" fromWho="1" sc="250,0,312,-52,250,52,188,0" /><INIT seed="2,0,0,4,2,69" ten="250,260,302,188" oya="2" hai0="49,128,125,58,7,59,89,127,6,113,88,57,107" hai1="43,67,44,121,91,123,25,9,36,117,68,17,112" hai2="61,99,135,119,79,75,74,111,30,131,63,80,53" hai3="118,71,103,34,32,29,3,26,33,105,64,109,46"/><V22/><F119/><W66/><G118/><T108/><D107/><U83/><E117/><V87/><F135/><W70/><G109/><T120/><D120/><N who="1" m="46155" /><E112/><V14/><F131/><W31/><G3/><T0/><D113/><U40/><E40/><V51/><F111/><W1/><G1/><T122/><D108/><U104/><E104/><V82/><F99/><N who="3" m="61695" /><G31/><T130/><D0/><U85/><E9/><V8/><F22/><W10/><G10/><T96/><D49/><U65/><E68/><V38/><F30/><W19/><G19/><T45/><D45/><U52/><E52/><V4/><F38/><W21/><G21/><AGARI ba="0,0" hai="17,21,25,36,43,44,65,67,83,85,91" m="46155" machi="21" ten="30,2000,0" yaku="13,1,52,1" doraHai="69" who="1" fromWho="3" sc="250,0,260,20,302,0,188,-20" /><INIT seed="3,0,0,5,3,102" ten="250,280,302,168" oya="3" hai0="39,36,65,56,131,95,92,129,4,108,70,26,106" hai1="9,84,66,72,112,43,115,17,132,98,46,97,38" hai2="27,114,96,104,119,93,29,22,44,99,59,110,123" hai3="35,52,124,78,49,67,3,53,28,34,63,73,14"/><W68/><G124/><T61/><D108/><U8/><E72/><V80/><F123/><W100/><G3/><T7/><D70/><U47/><E132/><V109/><F119/><W91/><G91/><T86/><D26/><U88/><E66/><V130/><F114/><W116/><G116/><T85/><D56/><U20/><E46/><V83/><F130/><W5/><G100/><T128/><D65/><U23/><E112/><V15/><F104/><W71/><G71/><T121/><D61/><U90/><E115/><V64/><F44/><W74/><G53/><T2/><D2/><U50/><E38/><V10/><F64/><W126/><G126/><T75/><D75/><U69/><E69/><V82/><F59/><W51/><G49/><T135/><D131/><U55/><E43/><V24/><F24/><W107/><G107/><T118/><D118/><U40/><E40/><V32/><F32/><W54/><G54/><T122/><REACH who="0" step="1"/><D106/><REACH who="0" ten="240,280,302,168" step="2"/><U134/><E134/><AGARI ba="0,1" hai="4,7,36,39,85,86,92,95,121,122,128,129,134,135" machi="134" ten="25,6400,0" yaku="1,1,2,1,22,2,53,0" doraHai="102" doraHaiUra="76" who="0" fromWho="1" sc="240,74,280,-64,302,0,168,0" owari="314,41.0,216,-18.0,302,10.0,168,-33.0" /></mjloggm>