<mjloggm ver="2.3"><GO type="97" lobby="0"/><UN n0="%E3%82%A6%E3%83%92%E3%83%A7%E5%8A%A9" n1="%6E%67%6E%62%6B%74" n2="%72%61%72%66%69%6C%65" n3="%E5%B0%B1%E6%B4%BB%E7%94%9F%40%E5%B7%9D%E6%9D%91%E8%BB%8D%E5%9B%A3" dan="14,15,13,15" rate="1901.71,1989.07,1865.65,1992.19" sx="M,M,M,M"/><TAIKYOKU oya="0"/><INIT seed="0,0,0,0,4,125" ten="250,250,250,250" oya="0" hai0="53,113,23,132,46,82,10,28,30,67,19,15,52" hai1="7,29,56,26,83,126,61,131,95,4,17,48,116" hai2="1,34,21,6,102,16,111,103,0,85,87,54,74" hai3="73,80,3,79,22,94,8,36,89,115,108,9,123"/><T127/><D127/><U119/><E126/><V14/><F74/><W47/><G115/><T35/><D113/><U77/><E119/><V69/><F69/><W120/><G108/><T39/><D35/><U92/><E116/><V100/><F34/><W63/><G22/><T104/><D132/><U32/><E92/><V122/><F111/><W99/><G63/><T68/><D104/><U58/><E58/><V64/><F64/><W76/><G76/><T101/><D82/><U51/><E51/><V93/><F122/><N who="3" m="46635" /><G3/><T135/><D101/><U72/><E48/><V97/><F54/><W106/><G106/><T49/><D135/><U44/><E44/><V5/><F0/><W43/><AGARI ba="0,0" hai="8,9,36,43,47,73,79,80,89,94,99" m="46635" machi="43" ten="30,1100,0" yaku="13,1" doraHai="125" who="3" fromWho="3" sc="250,-5,250,-3,250,-3,250,11" /><INIT seed="1,0,0,4,5,39" ten="245,247,247,261" oya="1" hai0="128,2,15,29,132,117,98,105,75,59,56,53,0" hai1="114,103,86,12,16,7,3,92,90,70,116,82,21" hai2="69,104,109,88,43,60,95,22,106,33,1,73,49" hai3="28,74,66,37,97,81,40,115,50,10,71,32,55"/><U51/><E114/><V68/><F33/><W83/><G115/><T87/><D75/><U84/><E116/><V107/><F1/><W30/><G32/><T17/><D117/><U58/><E70/><V91/><F73/><W44/><G97/><T111/><D132/><U120/><E120/><V11/><F11/><W100/><G100/><T77/><D128/><U46/><E3/><V67/><F69/><W8/><G74/><T72/><D72/><U131/><E131/><V42/><F109/><W123/><G123/><T78/><D29/><U61/><E7/><V118/><F118/><W65/><G71/><T124/><D111/><U79/><E103/><V41/><F49/><N who="3" m="26759" /><G8/><T101/><D124/><U52/><E61/><V113/><F113/><W26/><G10/><T34/><D34/><U135/><REACH who="1" step="1"/><E46/><REACH who="1" ten="245,237,247,261" step="2"/><V119/><F119/><W13/><G13/><T45/><D59/><U47/><E47/><V93/><REACH who="2" step="1"/><F22/><REACH who="2" ten="245,237,237,261" step="2"/><N who="3" m="15447" /><G37/><T127/><D45/><U5/><E5/><V9/><F9/><W76/><G66/><T102/><D2/><U14/><E14/><V94/><AGARI ba="0,2" hai="41,42,43,60,67,68,88,91,93,94,95,104,106,107" machi="94" ten="40,16000,3" yaku="1,1,0,1,29,2,52,3,54,1,53,1" doraHai="39" doraHaiUra="64" who="2" fromWho="2" sc="245,-40,237,-80,237,180,261,-40" /><INIT seed="2,0,0,0,4,80" ten="205,157,417,221" oya="2" hai0="129,13,96,54,117,37,108,75,56,7,120,48,27" hai1="25,50,30,86,109,1,123,14,72,6,2,133,42" hai2="33,39,130,71,93,38,82,34,98,97,73,90,85" hai3="43,118,22,79,51,111,124,5,87,35,3,88,28"/><V69/><F73/><W112/><G35/><T70/><D120/><U21/><E72/><V135/><F135/><W0/><G112/><T122/><D117/><U36/><E36/><V64/><F130/><W99/><G118/><T40/><D122/><U81/><E123/><V8/><F8/><W52/><G124/><T92/><D75/><U132/><E109/><V106/><F106/><W57/><G111/><T102/><D70/><U46/><E133/><V91/><F64/><W74/><G74/><T95/><D129/><U134/><E134/><V41/><F41/><W23/><G43/><T66/><D108/><U114/><E114/><V24/><F24/><W4/><G3/><T83/><D83/><U107/><E107/><V55/><F55/><W104/><G0/><T18/><D37/><U47/><E47/><V116/><F116/><W32/><G32/><T44/><D7/><N who="3" m="2633" /><G28/><T53/><D27/><U76/><REACH who="1" step="1"/><E132/><REACH who="1" ten="205,147,417,221" step="2"/><V9/><F39/><W126/><G104/><T59/><D66/><U89/><E89/><V121/><F38/><W20/><G126/><T94/><D44/><U101/><E101/><V63/><F121/><W31/><G31/><T16/><D40/><U78/><E78/><V105/><F91/><W19/><G79/><T119/><D119/><U62/><E62/><V65/><F90/><W113/><G113/><T128/><D128/><U11/><AGARI ba="0,1" hai="1,2,6,11,14,21,25,30,42,46,50,76,81,86" machi="11" ten="30,8000,1" yaku="1,1,0,1,25,2,52,1,53,0" doraHai="80" doraHaiUra="12" who="1" fromWho="1" sc="205,-20,147,90,417,-40,221,-20" /><INIT seed="3,0,0,0,0,82" ten="185,237,377,201" oya="3" hai0="84,116,130,89,98,118,16,32,20,108,107,110,122" hai1="68,115,104,26,120,30,41,117,48,58,134,47,35" hai2="23,44,128,109,46,114,113,13,2,9,96,93,4" hai3="0,105,121,67,81,59,80,51,55,70,92,50,90"/><W8/><G105/><T85/><D122/><U56/><E120/><V123/><F123/><W34/><G121/><T76/><D76/><U18/><E115/><V12/><F128/><W22/><G34/><T86/><D130/><U15/><E68/><V124/><F124/><W60/><G0/><T73/><D73/><U91/><E104/><V5/><F109/><N who="0" m="42090" /><D32/><U1/><E1/><V25/><F2/><W83/><G8/><T39/><D39/><U126/><E134/><V74/><F74/><W17/><G51/><T52/><D52/><U53/><E126/><V133/><F133/><W135/><G135/><T10/><D10/><U29/><E53/><V88/><F13/><W101/><G101/><N who="0" m="62903" /><D89/><U95/><E117/><V103/><F4/><W6/><G6/><T99/><D99/><U87/><E30/><V77/><F77/><W66/><G66/><T119/><D119/><U11/><AGARI ba="0,0" hai="11,15,18,26,29,35,41,47,48,56,58,87,91,95" machi="11" ten="20,2700,0" yaku="0,1,7,1,52,1" doraHai="82" who="1" fromWho="1" sc="185,-7,237,27,377,-7,201,-13" owari="178,-32.0,264,6.0,370,47.0,188,-21.0" /></mjloggm>