<mjloggm ver="2.3"><GO type="97" lobby="0"/><UN n0="%E3%82%A6%E3%83%AB%E3%83%88%E3%83%A9%E7%AB%8B%E7%9B%B4" n1="%E5%87%8C%E3%81%8E%E3%81%AE%E3%82%BF%E3%83%B3%E3%82%AF%E3%83%AD%E3%83%BC" n2="%68%69%67%61%6D%6F%6E" n3="%36%4E%39" dan="15,15,13,14" rate="1949.08,2068.91,1923.60,1941.81" sx="M,M,M,M"/><TAIKYOKU oya="0"/><INIT seed="0,0,0,5,2,76" ten="250,250,250,250" oya="0" hai0="115,101,57,7,56,46,116,83,31,111,112,100,32" hai1="75,19,129,55,74,82,124,132,43,21,44,99,20" hai2="40,27,113,118,96,92,54,110,67,8,98,88,134" hai3="12,1,84,72,106,29,22,50,102,135,103,114,117"/><T0/><D116/><U36/><E124/><V47/><F118/><W62/><G135/><T35/><D0/><U42/><E132/><V65/><F113/><W122/><G114/><T15/><D7/><U120/><E120/><V53/><F134/><W39/><G117/><T130/><D15/><U23/><E129/><V41/><F110/><W3/><G122/><T71/><D46/><U25/><E43/><V108/><F108/><W9/><G72/><T33/><D111/><U70/><E70/><V69/><F69/><W77/><G39/><T24/><D71/><U49/><E99/><V30/><F8/><W38/><G38/><T48/><D130/><U37/><E37/><V94/><F30/><W97/><G103/><T64/><D112/><U85/><E74/><V13/><F13/><W34/><G34/><T26/><D115/><U128/><E75/><V4/><F4/><W18/><G62/><T52/><D35/><U6/><E6/><V107/><F27/><W81/><REACH who="3" step="1"/><G50/><REACH who="3" ten="250,250,250,240" step="2"/><T68/><D101/><U73/><E73/><V126/><F126/><W66/><G66/><T86/><D100/><U5/><E128/><V17/><F107/><W14/><G14/><T109/><D109/><U105/><E105/><V104/><F104/><W2/><G2/><T79/><D68/><U119/><E119/><V121/><F121/><W59/><G59/><T51/><D64/><U89/><E5/><V131/><F131/><W95/><G95/><T127/><D127/><U78/><E89/><V63/><F63/><W93/><G93/><T16/><D48/><N who="1" m="29063" /><E36/><V11/><F67/><RYUUKYOKU ba="0,1" sc="250,-15,250,15,250,-15,240,15" hai1="19,20,21,23,25,42,49,78,82,85" hai3="1,3,9,12,18,22,29,77,81,84,97,102,106" /><INIT seed="1,1,1,2,1,96" ten="235,265,235,255" oya="1" hai0="45,112,3,106,131,130,113,121,41,134,2,109,64" hai1="76,66,24,100,126,43,49,35,12,81,63,95,56" hai2="124,6,99,83,44,101,94,52,20,79,13,71,90" hai3="54,107,33,50,122,51,132,15,108,91,86,34,115"/><U17/><E126/><V97/><F71/><W67/><G108/><T27/><D27/><U116/><E116/><V29/><F124/><W133/><G122/><T125/><D64/><U25/><E35/><V14/><F6/><W78/><G115/><T4/><D4/><U42/><E42/><V37/><F37/><W19/><G107/><T65/><D65/><U72/><E43/><V21/><F29/><W135/><G78/><T9/><D9/><U40/><E40/><V119/><F119/><W102/><G67/><T93/><D93/><U57/><E57/><V73/><F21/><W105/><G102/><T88/><D88/><U48/><E49/><V110/><F20/><W32/><G105/><T129/><D125/><U114/><E48/><V18/><F110/><W61/><G61/><T55/><D109/><U118/><E114/><N who="0" m="44137" /><D55/><U68/><E68/><V5/><F5/><W84/><G51/><N who="0" m="27055" /><D134/><U26/><E118/><V69/><F69/><W53/><G54/><T22/><D22/><U74/><E74/><V58/><F44/><N who="3" m="27847" /><G91/><T120/><D106/><U39/><E39/><V8/><F14/><W123/><G123/><AGARI ba="1,1" hai="2,3,120,121,123,129,130,131" m="27055,44137" machi="123" ten="40,2600,0" yaku="13,1,19,1" doraHai="96" who="0" fromWho="3" sc="235,39,265,0,235,0,255,-29" /><INIT seed="2,0,0,3,5,56" ten="274,265,235,226" oya="2" hai0="87,118,82,62,83,41,45,12,6,70,47,105,66" hai1="32,52,121,37,115,102,72,2,59,24,76,119,101" hai2="30,67,7,26,77,132,98,51,135,113,92,68,34" hai3="90,91,21,117,44,100,108,14,75,50,57,16,79"/><V71/><F113/><W10/><G108/><T49/><D105/><U33/><E37/><V126/><F77/><W123/><G123/><T42/><D118/><U69/><E69/><V48/><F7/><W64/><G117/><T43/><D83/><U73/><E2/><V88/><F126/><W15/><G100/><T127/><D127/><U28/><E119/><V3/><F3/><W25/><G75/><T96/><D96/><U4/><E4/><V86/><F86/><W19/><G79/><N who="0" m="46559" /><D45/><U89/><E33/><V130/><F130/><W84/><G25/><T103/><D103/><U99/><E115/><V39/><F39/><W120/><G120/><T55/><D55/><U8/><E102/><V128/><F128/><W17/><G90/><T35/><D35/><U74/><E89/><V53/><F67/><W22/><G64/><T85/><D85/><U36/><E36/><V27/><F27/><W81/><G57/><T11/><AGARI ba="0,0" hai="6,11,12,41,42,43,47,49,62,66,70" m="46559" machi="11" ten="30,2000,0" yaku="25,1,52,1" doraHai="56" who="0" fromWho="0" sc="274,20,265,-5,235,-10,226,-5" /><INIT seed="3,0,0,2,1,36" ten="294,260,225,221" oya="3" hai0="100,112,40,45,56,104,68,135,58,31,134,8,24" hai1="7,131,60,105,114,37,22,63,41,44,6,101,91" hai2="95,18,57,5,16,28,64,21,132,3,84,43,32" hai3="77,51,92,133,35,26,9,107,75,30,111,4,124"/><W120/><G111/><T123/><D68/><U125/><E114/><V80/><F132/><N who="0" m="50730" /><D123/><U71/><E125/><V128/><F32/><W110/><G133/><T73/><D73/><U108/><E108/><V97/><F128/><W50/><G124/><T129/><D129/><U126/><E126/><V81/><F3/><W34/><G120/><T99/><D8/><U61/><E71/><V88/><F5/><W25/><G110/><T94/><D104/><U118/><E131/><V74/><F74/><W19/><G107/><T90/><D90/><U55/><E118/><V10/><F80/><W29/><G92/><T39/><D112/><U130/><E130/><V93/><F10/><W62/><G19/><T113/><D113/><U53/><E101/><V13/><F95/><W76/><G62/><T49/><D49/><U65/><E105/><V82/><F82/><W1/><REACH who="3" step="1"/><G75/><REACH who="3" ten="294,260,225,211" step="2"/><T72/><D72/><U119/><E63/><N who="2" m="37999" /><F18/><W15/><G15/><T52/><D94/><U20/><E61/><V17/><F17/><W122/><G122/><T14/><D14/><U117/><E60/><V85/><F28/><W106/><G106/><T87/><D31/><U78/><E119/><V54/><F54/><W12/><G12/><T23/><D52/><U70/><E55/><V109/><F109/><W103/><G103/><T27/><D100/><U66/><E53/><V86/><F81/><W42/><G42/><AGARI ba="0,1" hai="13,16,21,42,43,84,85,86,88,93,97" m="37999" machi="42" ten="30,8000,1" yaku="8,1,52,2,54,2" doraHai="36" who="2" fromWho="3" sc="294,0,260,0,225,90,211,-80" owari="294,9.0,260,-14.0,315,42.0,131,-37.0" /></mjloggm>