<mjloggm ver="2.3"><GO type="41" lobby="0"/><UN n0="%E3%83%87%E3%82%B8%E3%82%BF%E3%83%AB%E3%81%BE%E3%83%BC%E3%81%A1%E3%82%83" n1="%61%69%67%69%6E%61" n2="%E3%83%8F%E3%83%A0%E3%81%95%E3%81%84%E3%81%A6%E3%82%87" n3="%E5%B0%B1%E6%B4%BB%E7%94%9F%40%E5%B7%9D%E6%9D%91%E8%BB%8D%E5%9B%A3" dan="14,14,13,14" rate="1975.24,1900.66,1931.56,1991.91" sx="M,M,M,M"/><TAIKYOKU oya="0"/><INIT seed="0,0,0,0,4,66" ten="250,250,250,250" oya="0" hai0="91,6,61,112,22,73,104,120,79,119,106,122,44" hai1="38,67,118,24,0,50,52,13,29,134,69,72,109" hai2="55,35,18,63,80,98,16,78,28,84,103,102,5" hai3="9,43,58,48,101,45,47,23,115,27,59,123,85"/><T133/><D119/><U19/><E38/><V90/><F5/><W94/><G115/><T92/><D112/><U64/><E0/><V74/><F28/><W108/><G123/><T11/><D133/><U86/><E118/><V110/><F35/><W40/><G108/><T49/><D22/><U14/><E109/><V56/><F110/><W132/><G132/><T20/><D20/><U37/><E134/><V3/><F3/><W96/><G9/><T127/><D127/><U129/><E37/><V113/><F113/><W124/><G124/><T15/><D79/><U54/><E72/><V71/><F71/><W93/><G85/><T128/><D73/><U111/><E129/><V17/><REACH who="2" step="1"/><F98/><REACH who="2" ten="250,250,240,250" step="2"/><W1/><G1/><T130/><D120/><U116/><E111/><V32/><F32/><W65/><G65/><T31/><D122/><U36/><E116/><V99/><F99/><W126/><G126/><T76/><D31/><U95/><E29/><V88/><F88/><W53/><G96/><N who="0" m="57375" /><D76/><U125/><E69/><V4/><F4/><W60/><G101/><T46/><D130/><U81/><E125/><V42/><F42/><W2/><G2/><T57/><D128/><U25/><E67/><V51/><F51/><W33/><G33/><T70/><D70/><U39/><E64/><V7/><F7/><W10/><G43/><T83/><D49/><U62/><E50/><V77/><F77/><W97/><G48/><T34/><D34/><U26/><E39/><V82/><AGARI ba="0,1" hai="16,17,18,55,56,63,74,78,80,82,84,90,102,103" machi="82" ten="30,4000,0" yaku="1,1,0,1,54,1,53,0" doraHai="66" doraHaiUra="131" who="2" fromWho="2" sc="250,-20,250,-10,240,50,250,-10" /><INIT seed="1,0,0,2,4,99" ten="230,240,290,240" oya="1" hai0="68,32,22,28,7,112,2,49,21,26,89,50,82" hai1="20,110,126,96,85,116,9,25,53,120,76,122,29" hai2="108,134,45,81,52,121,24,93,14,34,17,35,128" hai3="54,6,105,11,90,115,113,59,56,92,16,27,111"/><U36/><E116/><V15/><F121/><W33/><G105/><T88/><D112/><U95/><E36/><V23/><F108/><W72/><G72/><T129/><D68/><U64/><E126/><V73/><F134/><W123/><G123/><T43/><D2/><U109/><E64/><V77/><F128/><W30/><G111/><N who="1" m="42506" /><E76/><V79/><F79/><W63/><G59/><T60/><D129/><U12/><E85/><V84/><F35/><W102/><G102/><T1/><D82/><U55/><E122/><V57/><F45/><W97/><G16/><T80/><D89/><N who="1" m="55407" /><E120/><V51/><F34/><W19/><G19/><AGARI ba="0,0" hai="9,12,19,20,25,29,53,55" m="55407,42506" machi="19" ten="30,2900,0" yaku="14,1,10,1" doraHai="99" who="1" fromWho="3" sc="230,0,240,29,290,0,240,-29" /><INIT seed="1,1,0,5,3,4" ten="230,269,290,211" oya="1" hai0="133,124,20,68,31,78,127,77,60,96,21,49,87" hai1="84,95,50,44,128,15,71,126,33,61,79,86,90" hai2="51,37,81,55,85,56,35,29,5,26,97,9,113" hai3="109,101,123,131,13,116,121,10,8,0,107,22,38"/><U1/><E33/><V115/><F37/><W135/><G38/><T12/><D133/><U27/><E128/><V70/><F70/><W63/><G107/><T54/><D96/><U122/><E122/><N who="3" m="46602" /><G63/><T76/><D87/><U129/><E1/><V125/><F97/><W6/><G101/><T110/><D110/><U46/><E129/><V105/><F105/><W28/><G131/><T66/><D31/><U45/><E126/><N who="0" m="48169" /><D12/><U2/><E2/><V36/><F36/><W7/><G135/><T30/><D30/><U104/><E104/><V41/><F41/><W112/><G112/><T14/><D14/><U130/><E130/><V119/><F119/><W24/><G109/><T52/><D54/><U58/><E71/><V134/><F134/><W83/><G83/><T74/><D74/><U3/><E3/><V53/><F53/><W88/><G88/><T118/><D118/><AGARI ba="1,0" hai="0,6,7,8,10,13,22,24,28,116,118" m="46602" machi="118" ten="30,7700,0" yaku="34,2,52,2" doraHai="4" who="3" fromWho="0" sc="230,-80,269,0,290,0,211,80" /><INIT seed="2,0,0,1,3,116" ten="150,269,290,291" oya="2" hai0="55,60,121,26,108,53,34,75,30,135,85,92,103" hai1="7,67,24,79,78,125,48,0,16,42,56,77,126" hai2="68,61,50,37,113,114,22,49,33,109,39,52,69" hai3="46,107,12,127,134,117,8,94,124,83,51,100,133"/><V59/><F33/><W90/><G107/><T6/><D75/><U101/><E101/><V111/><F22/><W99/><G117/><T9/><D108/><N who="2" m="41546" /><F50/><W64/><G64/><T66/><D121/><U123/><E0/><V45/><F69/><W119/><G119/><T105/><D135/><N who="3" m="51721" /><G83/><T87/><D105/><U10/><E7/><V35/><F35/><W70/><G90/><T43/><D43/><U112/><E112/><N who="2" m="43115" /><F68/><W62/><G62/><T47/><D47/><N who="1" m="25719" /><E56/><V95/><F95/><W132/><G70/><T54/><D103/><U80/><E67/><AGARI ba="0,0" hai="37,39,45,49,52,59,61,67" m="43115,41546" machi="67" ten="30,12000,1" yaku="14,1,10,1,34,2,54,1" doraHai="116" who="2" fromWho="1" sc="150,0,269,-120,290,120,291,0" /><INIT seed="2,1,0,3,2,56" ten="150,149,410,291" oya="2" hai0="2,37,67,13,118,24,88,94,59,103,98,127,80" hai1="25,29,38,115,121,81,50,49,43,130,61,15,104" hai2="17,64,41,100,6,135,101,1,89,30,58,122,71" hai3="11,66,39,40,20,86,0,31,65,52,18,48,55"/><V128/><F122/><W120/><G120/><T69/><D37/><U19/><E115/><V74/><F74/><W117/><G117/><T10/><D2/><U95/><E121/><V36/><F128/><W92/><G39/><T70/><D127/><U27/><E104/><V105/><F30/><W90/><G31/><T72/><D118/><U57/><E130/><V60/><F135/><W131/><G131/><T132/><D132/><U62/><E38/><V28/><F28/><W79/><G79/><T76/><D24/><N who="1" m="9291" /><E29/><V119/><F119/><W53/><G11/><T14/><D14/><U4/><E81/><V35/><F35/><W82/><G0/><T124/><D103/><U112/><E112/><V8/><F17/><W85/><G40/><T42/><D42/><U16/><E95/><V46/><F105/><W84/><G48/><N who="1" m="18538" /><E43/><V63/><REACH who="2" step="1"/><F89/><REACH who="2" ten="150,149,400,291" step="2"/><W97/><G82/><T7/><REACH who="0" step="1"/><D124/><REACH who="0" ten="140,149,400,291" step="2"/><U123/><E123/><V9/><F9/><W23/><G18/><N who="1" m="6698" /><E57/><V77/><F77/><W78/><G78/><T133/><D133/><U73/><E73/><V116/><F116/><W93/><G93/><T99/><D99/><U68/><E68/><V45/><F45/><W51/><G51/><T22/><D22/><AGARI ba="1,2" hai="20,22,23,52,53,55,65,66,84,85,86,90,92,97" machi="22" ten="40,2600,0" yaku="8,1,54,1" doraHai="56" who="3" fromWho="0" sc="140,-29,149,0,400,0,291,49" /><INIT seed="3,0,0,5,0,4" ten="111,149,400,340" oya="3" hai0="46,115,132,122,53,83,30,56,84,109,95,31,129" hai1="71,10,50,5,79,90,41,73,80,61,1,21,68" hai2="60,8,85,133,102,72,65,103,124,20,32,111,34" hai3="114,74,18,130,9,45,116,120,42,112,78,19,38"/><W51/><G120/><T113/><D115/><U14/><E90/><V6/><F72/><W131/><G74/><T135/><D113/><N who="3" m="43625" /><G78/><T3/><D122/><U13/><E61/><V110/><F133/><W54/><G116/><T47/><D109/><N who="2" m="41482" /><F124/><W70/><G70/><T35/><D3/><U57/><E21/><V7/><F85/><W36/><G9/><T37/><D95/><U105/><E105/><V75/><F75/><W27/><G27/><T17/><D35/><N who="2" m="13354" /><F20/><W108/><G18/><T117/><D37/><N who="3" m="14441" /><G19/><T107/><D17/><U69/><REACH who="1" step="1"/><E41/><REACH who="1" ten="111,139,400,340" step="2"/><V66/><F60/><W97/><G97/><T22/><D135/><U98/><E98/><V82/><F82/><W96/><G96/><T25/><D107/><U67/><E67/><N who="2" m="25611" /><F8/><W62/><G108/><T59/><D132/><U52/><AGARI ba="0,1" hai="1,5,10,13,14,50,52,57,68,69,71,73,79,80" machi="52" ten="40,8000,1" yaku="1,1,0,1,52,1,54,1,53,1" doraHai="4" doraHaiUra="33" who="1" fromWho="1" sc="111,-20,139,90,400,-20,340,-40" /><INIT seed="4,0,0,3,2,67" ten="91,229,380,300" oya="0" hai0="13,94,72,129,86,28,88,126,59,50,33,74,105" hai1="66,89,1,112,48,95,119,7,99,14,22,6,107" hai2="65,21,83,68,29,131,20,35,58,39,128,47,118" hai3="116,53,31,16,135,78,84,71,10,133,11,26,12"/><T90/><D129/><N who="2" m="49738" /><F118/><W61/><G116/><T60/><D126/><U76/><E119/><V62/><F83/><N who="3" m="47223" /><G53/><T36/><D105/><U101/><E1/><V122/><F122/><W18/><G61/><T120/><D36/><U96/><E112/><V69/><F35/><N who="3" m="20983" /><G71/><N who="2" m="27209" /><F29/><W3/><G3/><T63/><D120/><U92/><E66/><V17/><F17/><N who="3" m="6763" /><G12/><T0/><D0/><U127/><E76/><V37/><F37/><W5/><G5/><T40/><D40/><AGARI ba="0,0" hai="20,21,39,40,47,58,62,65" m="27209,49738" machi="40" ten="30,7700,0" yaku="19,1,52,3" doraHai="67" who="2" fromWho="0" sc="91,-77,229,0,380,77,300,0" /><INIT seed="5,0,0,1,5,5" ten="14,229,457,300" oya="1" hai0="78,16,77,51,36,58,112,18,113,66,7,91,44" hai1="49,47,21,75,63,124,122,103,89,132,6,80,4" hai2="96,9,24,32,65,92,3,98,54,83,0,23,114" hai3="35,130,116,43,52,50,127,13,119,1,101,88,123"/><U125/><E122/><V25/><F114/><N who="0" m="44138" /><D36/><U26/><E103/><V108/><F108/><W59/><G1/><T106/><D7/><U70/><E70/><V134/><F134/><W11/><G35/><T2/><D106/><U48/><E132/><V121/><F121/><W19/><G123/><T115/><D91/><U41/><E63/><V72/><F65/><W29/><G101/><T17/><D2/><U8/><E49/><V12/><F54/><W71/><G71/><T97/><N who="0" m="44146" /><T39/><DORA hai="34" /><D97/><U15/><E75/><V10/><F32/><W37/><G29/><T14/><D39/><U74/><E74/><V87/><F72/><W109/><G109/><T46/><D66/><U117/><E117/><N who="3" m="45130" /><G130/><T73/><D58/><U76/><E76/><N who="0" m="29289" /><D73/><U118/><E118/><V126/><F126/><N who="1" m="48745" /><E89/><V95/><F83/><W53/><G127/><T107/><D107/><U110/><E80/><V84/><REACH who="2" step="1"/><F12/><REACH who="2" ten="14,229,447,300" step="2"/><W64/><G64/><T81/><D81/><U100/><E110/><V85/><F85/><W128/><G128/><T38/><D38/><U28/><E100/><V105/><F105/><W56/><G37/><T61/><D61/><U82/><E82/><V102/><F102/><W133/><G133/><T111/><D111/><U94/><E94/><V120/><F120/><W86/><G56/><T60/><D60/><U30/><E30/><V67/><F67/><W135/><G135/><T69/><D69/><U33/><E33/><V27/><F27/><W20/><G59/><T79/><N who="0" m="29297" /><T40/><DORA hai="42" /><D44/><U45/><E45/><V55/><F55/><RYUUKYOKU ba="0,1" sc="14,10,229,10,447,10,300,-30" hai0="14,16,17,18,40,46,51" hai1="4,6,8,15,21,26,28,41,47,48" hai2="0,3,9,10,23,24,25,84,87,92,95,96,98" /><INIT seed="5,1,1,5,3,43" ten="24,239,457,270" oya="1" hai0="37,123,47,117,73,53,133,87,33,111,131,21,101" hai1="100,10,82,63,61,29,98,5,62,116,55,46,132" hai2="124,31,42,104,11,125,119,79,115,59,97,121,135" hai3="68,52,93,58,8,118,15,35,2,24,36,92,91"/><U105/><E116/><V50/><F119/><W120/><G68/><T94/><D47/><U96/><E132/><V95/><F121/><W81/><G2/><T90/><D53/><U69/><E29/><V54/><F135/><W80/><G120/><T17/><D21/><U108/><E69/><V99/><F115/><W6/><G36/><T64/><D64/><U25/><E25/><V66/><F31/><W9/><G118/><T113/><D17/><U106/><E82/><V13/><F79/><W65/><G65/><T18/><D18/><U107/><E108/><V40/><F66/><W22/><G92/><T28/><D28/><U1/><E98/><V48/><F104/><W56/><G56/><T110/><D101/><U109/><E109/><V14/><F99/><N who="3" m="57791" /><G35/><T44/><D90/><U30/><E30/><V84/><F84/><W78/><G78/><T88/><D44/><U102/><REACH who="1" step="1"/><E96/><REACH who="1" ten="24,229,457,270" step="2"/><V86/><F97/><W134/><G81/><T83/><D88/><U75/><E75/><V34/><F95/><W128/><G80/><T12/><D94/><U60/><N who="1" m="15872" /><DORA hai="57" /><U74/><E74/><V49/><F86/><W20/><G24/><T89/><D87/><U41/><E41/><V4/><F42/><W0/><G134/><T72/><D89/><U71/><E71/><V3/><F40/><W85/><G85/><T103/><D83/><U19/><E19/><V70/><F70/><W114/><G6/><T129/><D103/><U112/><E112/><V26/><F26/><W27/><G114/><T127/><D110/><U45/><E45/><V7/><F7/><RYUUKYOKU ba="1,2" sc="24,-10,229,30,457,-10,270,-10" hai1="1,5,10,46,55,100,102,105,106,107" /><INIT seed="5,2,2,2,1,115" ten="14,259,447,260" oya="1" hai0="4,119,124,107,106,27,104,125,2,9,93,110,112" hai1="121,95,52,20,84,83,73,51,98,131,133,49,130" hai2="97,22,21,63,70,99,8,134,53,11,135,64,101" hai3="118,108,59,109,120,16,100,24,47,6,13,58,18"/><U34/><E121/><V129/><F129/><N who="1" m="49161" /><E73/><V75/><F75/><W7/><G120/><T31/><D112/><U81/><E34/><V66/><F53/><W3/><G100/><T79/><D79/><N who="1" m="46143" /><E133/><N who="2" m="50699" /><F64/><W0/><G47/><T68/><D68/><U72/><E20/><N who="2" m="7787" /><F97/><W39/><G39/><T57/><D110/><U88/><E52/><V1/><F1/><W77/><G77/><AGARI ba="2,2" hai="49,51,72,77,83,88,95,98" m="46143,49161" machi="77" ten="30,2900,0" yaku="19,1,54,1" doraHai="115" who="1" fromWho="3" sc="14,0,259,55,447,0,260,-35" /><INIT seed="5,3,0,2,3,73" ten="14,314,447,225" oya="1" hai0="25,62,122,106,31,38,97,111,51,81,2,89,26" hai1="33,101,71,70,20,56,132,59,15,115,36,64,11" hai2="35,135,92,126,118,131,28,40,102,108,130,9,78" hai3="113,84,10,119,100,43,58,121,34,112,110,129,14"/><U74/><E36/><V4/><F108/><W39/><G34/><T90/><D111/><U48/><E74/><V18/><F118/><W72/><G72/><T55/><D38/><U37/><E33/><V45/><F135/><W134/><G100/><T7/><D2/><U77/><E37/><V24/><F126/><W127/><G84/><T57/><D7/><U32/><E132/><V41/><F18/><W116/><G58/><T12/><D122/><U54/><E32/><V88/><F102/><W30/><G43/><T27/><D12/><U86/><E115/><V94/><F78/><W44/><G44/><T69/><D69/><U76/><E101/><V93/><F88/><W16/><G39/><T46/><D31/><U104/><E104/><V17/><F17/><W125/><G110/><T103/><REACH who="0" step="1"/><D81/><REACH who="0" ten="4,314,447,225" step="2"/><U75/><E71/><V22/><F35/><W0/><G30/><T42/><AGARI ba="3,1" hai="25,26,27,42,46,51,55,57,62,89,90,97,103,106" machi="42" ten="30,4000,0" yaku="1,1,2,1,0,1,53,0" doraHai="73" doraHaiUra="68" who="0" fromWho="0" sc="4,59,314,-23,447,-13,225,-13" /><INIT seed="6,0,0,4,2,38" ten="63,291,434,212" oya="2" hai0="49,73,96,14,55,108,48,82,51,125,76,52,59" hai1="98,45,47,120,29,7,64,68,19,126,110,111,37" hai2="46,17,21,86,56,11,129,43,88,122,77,114,119" hai3="81,24,102,79,27,40,8,90,103,3,93,71,35"/><V112/><F122/><W130/><G71/><T91/><D108/><U65/><E120/><V132/><F119/><W1/><G130/><T16/><D125/><U128/><E98/><V67/><F132/><W54/><G54/><T70/><D70/><U99/><E99/><V92/><F129/><W39/><G93/><T87/><D96/><U118/><E128/><V83/><F11/><W131/><G90/><T107/><D107/><U18/><E29/><V66/><F56/><W31/><G27/><T28/><D28/><U89/><E7/><V53/><F53/><W117/><G3/><T69/><D69/><U6/><E68/><V13/><F114/><W41/><G131/><T30/><D30/><U9/><E89/><V100/><F100/><W34/><G34/><T58/><D73/><U12/><E118/><V101/><F101/><W26/><G26/><T15/><D15/><U10/><E126/><V75/><F112/><W109/><G109/><T50/><REACH who="0" step="1"/><D76/><REACH who="0" ten="53,291,434,212" step="2"/><U94/><E94/><V84/><REACH who="2" step="1"/><F75/><REACH who="2" ten="53,291,424,212" step="2"/><W36/><G103/><T20/><AGARI ba="0,2" hai="14,16,20,48,49,50,51,52,55,58,59,82,87,91" machi="20" ten="20,16000,3" yaku="1,1,2,1,0,1,7,1,9,1,8,1,54,2,53,1" doraHai="38" doraHaiUra="80" who="0" fromWho="0" sc="53,180,291,-40,424,-80,212,-40" /><INIT seed="7,0,0,5,2,91" ten="233,251,344,172" oya="3" hai0="117,104,56,122,102,51,131,99,59,108,92,112,34" hai1="55,46,4,18,107,128,7,98,68,26,45,85,42" hai2="65,135,20,74,129,114,37,10,80,134,87,84,111" hai3="89,71,79,19,33,16,44,126,2,123,30,1,118"/><W95/><G71/><T130/><D122/><U90/><E68/><V83/><F111/><W103/><G123/><T110/><D108/><U109/><E109/><V75/><F37/><W120/><G120/><T67/><D110/><U72/><E128/><N who="0" m="49193" /><D34/><U82/><E72/><V132/><F129/><W28/><G118/><T105/><D117/><U100/><E46/><V60/><F20/><W113/><G113/><T58/><D112/><U15/><E26/><V86/><F10/><W127/><G103/><T21/><D21/><U27/><E27/><V24/><F24/><N who="3" m="18567" /><G79/><T23/><D23/><U76/><E76/><V125/><F114/><W6/><G30/><T35/><D35/><U31/><E31/><V106/><F106/><N who="0" m="41066" /><D51/><U40/><E40/><V0/><F0/><N who="3" m="107" /><G6/><T43/><D43/><U101/><E101/><V25/><F25/><W124/><G44/><T121/><D121/><U3/><E3/><V14/><F14/><W78/><G78/><T47/><D47/><U13/><E13/><V32/><F32/><W81/><G81/><N who="2" m="31305" /><F125/><N who="3" m="32003" /><W116/><DORA hai="54" /><G116/><T12/><D12/><U50/><REACH who="1" step="1"/><E42/><REACH who="1" ten="233,241,344,172" step="2"/><V94/><F135/><W73/><G73/><T29/><D29/><U57/><E57/><V88/><F134/><W39/><G39/><T70/><D70/><U64/><E64/><AGARI ba="0,1" hai="56,58,59,64,67,92,99,102" m="41066,49193" machi="64" ten="40,8000,1" yaku="19,1,52,4" doraHai="91,54" who="0" fromWho="1" sc="233,90,241,-80,344,0,172,0" owari="323,12.0,161,-34.0,344,45.0,172,-23.0" /></mjloggm>