<mjloggm ver="2.3"><GO type="41" lobby="0"/><UN n0="%E5%B0%B1%E6%B4%BB%E7%94%9F%40%E5%B7%9D%E6%9D%91%E8%BB%8D%E5%9B%A3" n1="%30%37%32%31%30%37%32%31" n2="%E3%81%AE%E3%81%A9%E3%81%94%E3%81%97%E3%80%88%E7%94%9F%E3%80%89" n3="%4E%6F%63%74%75%72%6E%65" dan="15,13,15,13" rate="1996.93,1868.23,1991.91,1806.13" sx="M,M,M,M"/><TAIKYOKU oya="0"/><INIT seed="0,0,0,0,5,94" ten="250,250,250,250" oya="0" hai0="64,120,69,4,45,13,110,1,35,93,32,55,98" hai1="28,38,60,6,109,7,131,107,30,126,29,127,50" hai2="46,27,124,102,39,48,76,37,57,116,79,85,70" hai3="101,21,87,56,88,43,106,117,96,119,86,67,134"/><T95/><D1/><U5/><E107/><V65/><F70/><W73/><G134/><T115/><D120/><U49/><E38/><V103/><F116/><W41/><G73/><T74/><D115/><U10/><E60/><V90/><F124/><N who="1" m="47657" /><E50/><V118/><F27/><W125/><G125/><T83/><D110/><U92/><E49/><V82/><F39/><W100/><G100/><T23/><D93/><U104/><E104/><V33/><F33/><W51/><G21/><T9/><D45/><U44/><E44/><V40/><F118/><W72/><G72/><T66/><D55/><U84/><E84/><V133/><F133/><W113/><G113/><T105/><D105/><U59/><E59/><V130/><F130/><W14/><G14/><T58/><D69/><U17/><E92/><V108/><F108/><W15/><G15/><T80/><D35/><U129/><E109/><V12/><F12/><AGARI ba="0,0" hai="5,6,7,10,12,17,28,29,30,129,131" m="47657" machi="12" ten="40,5200,0" yaku="18,1,34,2" doraHai="94" who="1" fromWho="2" sc="250,0,250,52,250,-52,250,0" /><INIT seed="1,0,0,5,1,13" ten="250,302,198,250" oya="1" hai0="42,50,104,110,14,48,103,102,62,7,24,12,124" hai1="133,8,106,94,134,16,119,100,135,130,30,25,43" hai2="120,22,10,49,114,21,116,6,92,17,121,56,31" hai3="35,77,82,44,99,29,90,53,27,107,95,5,71"/><U74/><E74/><V19/><F116/><W60/><G107/><T117/><D117/><U79/><E106/><V118/><F118/><W87/><G5/><T96/><D124/><U20/><E119/><V72/><F72/><W64/><G44/><T93/><D110/><U41/><E130/><V125/><F125/><W86/><REACH who="3" step="1"/><G53/><REACH who="3" ten="250,302,198,240" step="2"/><T111/><D111/><U3/><E79/><V115/><F120/><W39/><G39/><T88/><D42/><U28/><E43/><V51/><F121/><W81/><G81/><T129/><D129/><U4/><E41/><V122/><F122/><W97/><AGARI ba="0,1" hai="27,29,35,60,64,71,77,82,86,87,90,95,97,99" machi="97" ten="30,2000,0" yaku="1,1,0,1,53,0" doraHai="13" doraHaiUra="55" who="3" fromWho="3" sc="250,-5,302,-10,198,-5,240,30" /><INIT seed="2,0,0,2,3,133" ten="245,292,193,270" oya="2" hai0="118,55,81,82,95,129,31,99,106,92,12,97,41" hai1="88,80,33,65,85,105,47,66,93,56,91,84,102" hai2="83,94,28,49,122,70,132,128,51,11,107,116,86" hai3="73,15,14,38,24,135,113,108,16,134,109,127,43"/><V54/><F107/><W6/><G73/><T98/><D118/><U3/><E33/><V45/><F70/><W58/><G38/><T110/><D106/><U17/><E3/><V62/><F122/><W61/><G43/><T36/><D36/><U34/><E34/><V101/><F116/><W96/><G96/><T53/><D41/><U103/><E47/><V40/><F132/><N who="3" m="50731" /><G58/><T27/><D129/><U76/><E56/><V13/><F128/><W1/><G61/><T64/><D64/><U10/><E105/><V112/><F112/><W26/><G113/><T69/><D69/><U68/><E68/><V30/><F62/><W90/><G90/><T50/><D110/><N who="3" m="42601" /><G127/><T74/><D74/><U23/><E10/><V20/><F20/><N who="3" m="11287" /><G15/><T46/><D12/><N who="1" m="9639" /><E76/><V0/><F0/><W8/><AGARI ba="0,0" hai="1,6,8,24,26" m="11287,42601,50731" machi="8" ten="40,8000,1" yaku="20,1,14,1,34,2,54,1" doraHai="133" who="3" fromWho="3" sc="245,-20,292,-20,193,-40,270,80" /><INIT seed="3,0,0,1,4,13" ten="225,272,153,350" oya="3" hai0="5,102,14,93,9,90,123,133,65,53,96,129,15" hai1="43,134,88,50,132,76,28,105,113,121,34,84,51" hai2="39,97,69,56,33,25,117,101,38,85,81,48,104" hai3="73,4,45,92,130,66,12,2,11,100,79,126,108"/><W119/><G119/><T27/><D123/><U3/><E121/><V125/><F125/><W131/><G126/><T31/><D129/><N who="3" m="49161" /><G66/><T52/><D133/><U20/><E105/><V6/><F117/><W42/><G108/><T44/><D65/><U74/><E113/><V22/><F33/><W19/><G79/><T135/><D15/><U77/><E3/><V68/><F6/><W83/><G83/><T1/><D1/><U80/><E34/><V86/><F86/><W70/><G70/><T75/><D75/><U111/><E111/><V120/><F68/><W99/><G73/><T128/><D128/><U10/><E10/><V122/><F69/><W127/><G127/><T0/><D0/><U118/><E118/><V82/><F82/><W114/><G114/><T55/><D135/><N who="1" m="51755" /><E43/><V35/><F35/><W62/><G62/><T71/><D71/><U89/><E74/><V59/><F120/><W7/><G2/><T103/><D44/><U87/><E76/><V18/><F122/><W91/><G100/><T16/><REACH who="0" step="1"/><D5/><REACH who="0" ten="215,272,153,350" step="2"/><U8/><E8/><V29/><F59/><W46/><G46/><T106/><D106/><U95/><E77/><V61/><F56/><W32/><G32/><AGARI ba="0,1" hai="9,14,16,27,31,32,52,53,55,90,93,96,102,103" machi="32" ten="40,8000,1" yaku="1,1,52,1,54,2,53,0" doraHai="13" doraHaiUra="58" who="0" fromWho="3" sc="215,90,272,0,153,0,350,-80" /><INIT seed="4,0,0,5,2,23" ten="305,272,153,270" oya="0" hai0="55,115,110,41,61,17,91,26,124,43,94,44,53" hai1="96,117,77,88,34,87,83,13,69,29,106,72,59" hai2="47,56,32,134,111,4,51,127,20,5,54,122,71" hai3="67,68,90,22,109,125,64,114,101,103,11,63,123"/><T89/><D110/><U108/><E117/><V132/><F32/><W1/><G109/><T119/><D119/><U84/><E69/><V24/><F71/><W15/><G114/><T49/><D115/><U104/><E108/><V42/><F127/><W86/><G125/><T118/><D124/><U92/><E59/><V9/><F122/><W28/><G123/><T99/><D118/><U65/><E13/><V36/><F111/><W98/><G1/><T19/><D91/><U81/><E65/><V80/><F80/><W30/><G22/><N who="0" m="13647" /><D19/><U85/><E29/><V58/><F58/><AGARI ba="0,0" hai="41,43,44,49,53,55,58,61,89,94,99" m="13647" machi="58" ten="30,5800,0" yaku="25,1,8,1,52,1" doraHai="23" who="0" fromWho="2" sc="305,58,272,0,153,-58,270,0" /><INIT seed="4,1,0,5,3,42" ten="363,272,95,270" oya="0" hai0="9,8,11,0,41,19,94,14,101,82,110,100,120" hai1="47,126,129,79,5,64,27,43,115,69,68,52,72" hai2="76,51,111,132,38,87,67,30,116,4,24,86,44" hai3="39,119,37,59,95,34,73,22,117,96,48,58,91"/><T35/><D120/><U118/><E118/><V74/><F132/><W81/><G34/><T53/><D35/><U66/><E5/><V17/><F111/><W1/><G1/><T7/><D110/><U70/><E27/><V128/><F116/><W65/><G119/><T104/><D104/><U127/><E79/><V32/><F128/><W99/><G117/><T28/><D28/><U20/><E20/><V6/><F38/><W25/><G39/><T45/><D82/><U3/><E3/><V12/><F67/><N who="1" m="25641" /><E72/><V135/><F135/><W89/><G37/><T102/><D53/><U133/><E133/><V80/><F86/><W121/><G121/><T122/><D122/><U124/><E129/><V90/><F76/><W105/><G105/><T134/><D134/><U55/><E115/><V21/><REACH who="2" step="1"/><F74/><REACH who="2" ten="363,272,85,270" step="2"/><W56/><G73/><T103/><D94/><U107/><E107/><V63/><F63/><W88/><G81/><T49/><N who="0" m="26112" /><DORA hai="108" /><T78/><REACH who="0" step="1"/><D78/><REACH who="0" ten="353,272,85,270" step="2"/><U130/><E130/><V57/><F57/><W84/><G65/><T23/><AGARI ba="1,2" hai="0,7,8,9,11,14,19,23,41,45,49" m="26112" machi="23" ten="40,18000,2" yaku="1,1,2,1,0,1,52,1,53,2" doraHai="42,108" doraHaiUra="40,33" who="0" fromWho="0" sc="353,203,272,-61,85,-61,270,-61" /><INIT seed="4,2,0,4,4,2" ten="556,211,24,209" oya="0" hai0="127,72,107,56,91,108,51,77,112,96,34,113,49" hai1="43,111,35,132,5,36,53,110,65,0,121,87,106" hai2="27,94,104,25,11,29,98,59,85,80,21,63,125" hai3="50,20,123,10,69,64,135,4,15,134,17,39,42"/><T33/><D108/><U52/><E106/><V22/><F125/><W116/><G116/><T82/><D127/><U40/><E35/><V44/><F104/><W30/><G39/><T126/><D126/><U62/><E121/><V14/><F44/><N who="3" m="25879" /><G123/><T95/><D107/><U75/><E75/><V89/><F22/><W118/><G118/><T48/><REACH who="0" step="1"/><D56/><REACH who="0" ten="546,211,24,209" step="2"/><U109/><E111/><V119/><F119/><W93/><G69/><T101/><D101/><U90/><E110/><V88/><F25/><N who="3" m="16679" /><G93/><T3/><D3/><U66/><E109/><V68/><F68/><W81/><G81/><T47/><D47/><U97/><E0/><V117/><F117/><W131/><G131/><T115/><AGARI ba="2,1" hai="33,34,48,49,51,72,77,82,91,95,96,112,113,115" machi="115" ten="40,12000,1" yaku="1,1,0,1,15,1,53,2" doraHai="2" doraHaiUra="31" who="0" fromWho="0" sc="546,136,211,-42,24,-42,209,-42" owari="682,78.0,169,-3.0,-18,-52.0,167,-23.0" /></mjloggm>