<mjloggm ver="2.3"><GO type="193" lobby="0"/><UN n0="%4C%4C%53%2E" n1="%61%69%6E%79%61%6E" n2="%E3%82%81%E3%81%84%E3%81%B3%E3%81%99" n3="%E5%B0%B1%E6%B4%BB%E7%94%9F%40%E5%B7%9D%E6%9D%91%E8%BB%8D%E5%9B%A3" dan="12,12,11,11" rate="1832.47,1583.60,1731.31,1748.03" sx="M,F,M,M"/><TAIKYOKU oya="0"/><INIT seed="0,0,0,1,2,42" ten="250,250,250,250" oya="0" hai0="10,22,13,89,2,93,94,20,92,76,35,105,118" hai1="134,116,90,55,44,74,8,101,124,103,130,0,14" hai2="30,49,100,65,48,58,126,17,61,56,47,112,19" hai3="69,132,75,62,3,24,115,7,104,18,5,68,72"/><T122/><D105/><U34/><E116/><V45/><F112/><W36/><G115/><T108/><D35/><U1/><E74/><V29/><F126/><W71/><G132/><T4/><D118/><U50/><E124/><V95/><F56/><W83/><G104/><T119/><D122/><U26/><E34/><V70/><F70/><W78/><G36/><T123/><D123/><U52/><E130/><V23/><F100/><W97/><G75/><T43/><D119/><U120/><E120/><V39/><F39/><W129/><G129/><T96/><D108/><U41/><E134/><V113/><F113/><W107/><G62/><T6/><D76/><U63/><E26/><N who="2" m="14719" /><F95/><W59/><G3/><T85/><D2/><U11/><E0/><V82/><F82/><W28/><G59/><T51/><D6/><U27/><E27/><V37/><F37/><W127/><G18/><T121/><D121/><U135/><E135/><V79/><F17/><W99/><G127/><T117/><D117/><U60/><E1/><V102/><F102/><N who="1" m="38921" /><E90/><V16/><F16/><W128/><G128/><T67/><D67/><U21/><E21/><N who="0" m="8297" /><D85/><U77/><E77/><V25/><F79/><W38/><G38/><T46/><AGARI ba="0,0" hai="4,10,13,43,46,51,89,92,93,94,96" m="8297" machi="46" ten="30,3000,0" yaku="8,1,52,1" doraHai="42" who="0" fromWho="0" sc="250,30,250,-10,250,-10,250,-10" /><INIT seed="0,1,0,2,4,15" ten="280,240,240,240" oya="0" hai0="44,129,59,72,77,68,19,37,42,63,58,48,14" hai1="20,130,65,40,75,100,135,26,13,66,81,84,123" hai2="125,89,95,99,0,69,29,36,118,121,22,1,106" hai3="21,62,38,78,79,127,120,80,105,2,47,76,27"/><T92/><D129/><U18/><E123/><V134/><F121/><W25/><G120/><T109/><D109/><U126/><E130/><V113/><F113/><W51/><G2/><T34/><D34/><U85/><E75/><V50/><F36/><W12/><G38/><T108/><D108/><U16/><E40/><V33/><F33/><W82/><G105/><T96/><D77/><N who="1" m="46127" /><E126/><V6/><F69/><W94/><G127/><T32/><D32/><U35/><E135/><V88/><F125/><W5/><G62/><T112/><D112/><U56/><E35/><V73/><F73/><W131/><G94/><T46/><D72/><U90/><E100/><V103/><F134/><W55/><G131/><T133/><D133/><U111/><E111/><V98/><F118/><W104/><G104/><T39/><D59/><U67/><E56/><V4/><F0/><W74/><G74/><T61/><D46/><U57/><E57/><V24/><F1/><W122/><G122/><T54/><D61/><U52/><E52/><V93/><REACH who="2" step="1"/><F50/><REACH who="2" ten="280,240,230,240" step="2"/><W30/><G27/><T102/><REACH who="0" step="1"/><D68/><REACH who="0" ten="270,240,230,240" step="2"/><U31/><E66/><V117/><F117/><W8/><AGARI ba="1,2" hai="5,8,12,21,25,30,47,51,55,76,78,79,80,82" machi="8" ten="30,2000,0" yaku="0,1,8,1" doraHai="15" who="3" fromWho="3" sc="270,-11,240,-6,230,-6,240,43" /><INIT seed="1,0,0,0,3,91" ten="259,234,224,283" oya="1" hai0="128,8,23,105,104,132,115,24,29,25,19,41,1" hai1="22,123,34,74,103,134,55,37,6,70,77,5,48" hai2="10,36,21,90,88,60,14,54,106,43,67,126,39" hai3="15,47,64,26,129,130,62,110,112,2,98,122,96"/><U120/><E123/><V9/><F106/><W84/><G2/><T0/><D41/><U76/><E120/><V109/><F109/><W18/><G122/><T59/><D105/><U71/><E37/><V107/><F107/><W75/><G75/><T27/><D104/><U61/><E34/><V135/><F135/><W79/><G112/><T46/><D46/><U65/><E71/><V35/><F35/><W56/><G26/><N who="0" m="14719" /><D59/><U30/><E77/><V13/><F126/><W3/><G3/><N who="0" m="1099" /><D115/><U81/><E134/><V101/><F101/><W72/><G72/><T100/><D132/><U89/><E103/><V94/><F54/><W86/><G110/><T51/><D100/><U80/><E30/><V42/><F90/><W82/><G84/><T32/><D51/><U97/><E81/><V4/><F21/><W33/><G33/><T113/><D113/><U16/><E97/><N who="2" m="57543" /><F39/><W57/><G57/><T125/><D125/><U95/><E48/><V69/><F36/><W92/><G47/><T28/><D128/><N who="3" m="49257" /><G92/><T45/><D45/><U83/><E55/><V63/><F69/><W20/><AGARI ba="0,0" hai="15,18,20,56,62,64,79,82,86,96,98" m="49257" machi="20" ten="30,1100,0" yaku="19,1" doraHai="91" who="3" fromWho="3" sc="259,-3,234,-5,224,-3,283,11" /><INIT seed="2,0,0,1,5,28" ten="256,229,221,294" oya="2" hai0="14,113,21,69,62,66,43,3,109,79,7,18,51" hai1="53,83,39,82,5,114,9,106,73,13,4,24,40" hai2="38,105,95,84,101,86,67,97,122,27,58,37,29" hai3="55,77,112,6,35,33,72,131,11,30,121,126,132"/><V88/><F122/><W129/><G121/><T100/><D113/><U127/><E114/><V2/><F2/><N who="3" m="471" /><G112/><T45/><D109/><U70/><E106/><V119/><F119/><W93/><G126/><T124/><D124/><U0/><E70/><V80/><F67/><W68/><G132/><T20/><D7/><U102/><E127/><V12/><F12/><W107/><G107/><T133/><D3/><U46/><E24/><V26/><F58/><W31/><G68/><T110/><D110/><U81/><E73/><V75/><F26/><W108/><G108/><T74/><D133/><U15/><E0/><V98/><F75/><W41/><G55/><T42/><D100/><U135/><E102/><V23/><REACH who="2" step="1"/><F86/><REACH who="2" ten="256,229,211,294" step="2"/><W59/><G59/><T44/><D74/><U49/><E135/><V50/><F50/><W71/><G72/><T116/><D116/><U130/><E130/><V47/><F47/><W52/><G71/><T125/><D125/><U65/><E65/><V128/><F128/><W104/><G131/><T63/><D63/><U10/><REACH who="1" step="1"/><E83/><REACH who="1" ten="256,219,211,294" step="2"/><V91/><AGARI ba="0,2" hai="23,27,29,37,38,80,84,88,91,95,97,98,101,105" machi="91" ten="20,12000,1" yaku="1,1,0,1,7,1,54,1,53,1" doraHai="28" doraHaiUra="99" who="2" fromWho="2" sc="256,-40,219,-40,211,140,294,-40" /><INIT seed="2,1,0,1,0,94" ten="216,179,351,254" oya="2" hai0="89,49,64,111,25,96,9,46,23,42,107,11,34" hai1="15,1,134,70,54,5,129,99,82,8,20,92,130" hai2="63,31,71,7,131,135,69,77,100,86,59,66,21" hai3="12,41,67,0,120,122,3,127,27,44,91,33,114"/><V78/><F131/><N who="1" m="50185" /><E70/><V80/><F135/><W110/><G114/><T108/><D34/><U17/><E82/><V84/><F7/><W103/><G103/><T50/><D50/><U106/><E106/><V115/><F115/><W132/><G132/><T119/><D119/><U73/><E73/><V13/><F100/><W58/><G110/><T38/><D38/><U112/><E112/><V79/><F86/><W4/><G127/><T104/><D104/><U39/><E39/><V60/><F71/><W32/><G3/><T35/><D35/><U72/><E72/><V95/><F95/><W128/><G0/><T75/><D75/><U76/><E76/><V101/><F101/><W51/><G128/><T85/><D64/><U29/><E29/><V109/><F109/><N who="0" m="42058" /><D107/><U22/><E54/><V45/><F45/><W18/><G120/><T37/><D37/><U98/><E134/><V105/><F105/><W36/><G122/><T113/><D113/><U56/><E56/><V55/><REACH who="2" step="1"/><F13/><REACH who="2" ten="216,179,341,254" step="2"/><W6/><G4/><T10/><D85/><U116/><E116/><V102/><F102/><W81/><G6/><T30/><D89/><N who="1" m="55567" /><E99/><AGARI ba="1,1" hai="9,10,11,23,25,30,42,46,49,96,99" m="42058" machi="99" ten="30,3900,0" yaku="14,1,52,2" doraHai="94" who="0" fromWho="1" sc="216,52,179,-42,341,0,254,0" /><INIT seed="3,0,0,5,5,75" ten="268,137,341,254" oya="3" hai0="79,59,106,65,19,51,117,107,6,112,58,68,127" hai1="85,135,91,17,46,83,101,134,56,61,93,111,122" hai2="89,35,36,54,86,30,73,115,118,128,77,74,20" hai3="3,116,108,90,105,1,113,69,48,95,110,133,131"/><W10/><G69/><T100/><D117/><U4/><E122/><V71/><F118/><W47/><G105/><T104/><D68/><U119/><E119/><V23/><F115/><W33/><G33/><T102/><D112/><U76/><E46/><V120/><F71/><W2/><G116/><T18/><D6/><U50/><E4/><V60/><F36/><W27/><G113/><T70/><D70/><U49/><E17/><N who="0" m="6153" /><D51/><U84/><E111/><N who="3" m="42538" /><G131/><T52/><D65/><U121/><E121/><V22/><F120/><W81/><G133/><N who="1" m="50698" /><E56/><N who="0" m="21545" /><D127/><U123/><E123/><V40/><F128/><W94/><G27/><T130/><D130/><U44/><E61/><V16/><F60/><W31/><G31/><T63/><D63/><U32/><E85/><V98/><F86/><N who="3" m="50511" /><G10/><T99/><D52/><AGARI ba="0,0" hai="1,2,3,47,48,52,94,95" m="50511,42538" machi="52" ten="40,7700,0" yaku="14,1,10,1,54,1" doraHai="75" who="3" fromWho="0" sc="268,-77,137,0,341,0,254,77" /><INIT seed="3,1,0,0,3,18" ten="191,137,341,331" oya="3" hai0="86,22,20,89,91,46,25,71,133,123,102,92,100" hai1="62,95,121,1,88,55,129,94,74,69,75,39,96" hai2="2,12,61,59,125,128,98,30,40,68,77,52,103" hai3="105,117,106,34,50,5,108,66,97,107,120,93,24"/><W26/><G117/><T11/><D123/><U109/><E121/><V85/><F2/><W4/><G120/><T41/><D133/><U29/><E39/><V9/><F128/><W84/><G108/><T76/><D71/><U31/><E1/><V99/><F125/><W28/><G84/><T45/><D11/><U122/><E122/><V65/><F40/><W38/><G38/><T57/><D57/><U115/><E115/><V33/><F33/><W111/><G111/><T119/><D119/><U32/><E109/><V81/><F30/><W73/><G73/><T37/><D76/><U127/><E129/><V130/><F130/><W134/><G134/><T14/><D46/><U113/><E127/><V110/><F110/><W70/><G26/><T58/><D58/><U35/><E113/><V51/><F103/><W8/><G50/><T3/><D3/><U10/><E55/><V83/><F81/><W15/><G66/><T19/><REACH who="0" step="1"/><D91/><REACH who="0" ten="181,137,341,331" step="2"/><U56/><E69/><V54/><F54/><W72/><G70/><T64/><D64/><U124/><E56/><V13/><F68/><W116/><G116/><T114/><D114/><U6/><E124/><V67/><F65/><W82/><G72/><T0/><D0/><U27/><E10/><V132/><F132/><W47/><G47/><T49/><D49/><U36/><E36/><V60/><F51/><W63/><G63/><T48/><D48/><U16/><E62/><V101/><F61/><W44/><G44/><T80/><D80/><U79/><E79/><V23/><F77/><W126/><G126/><T43/><D43/><RYUUKYOKU ba="1,1" sc="181,30,137,-10,341,-10,331,-10" hai0="14,19,20,22,25,37,41,45,86,89,92,100,102" owari="211,-19.0,127,-37.0,341,44.0,321,12.0" /></mjloggm>