<mjloggm ver="2.3"><GO type="97" lobby="0"/><UN n0="%E3%82%A4%E3%83%B3%E3%83%89%E8%B1%A1" n1="%EF%BC%A0%E3%82%A4%E3%83%83%E3%82%B7%EF%BD%9E%EF%BC%BE%2D%EF%BC%BE" n2="%E3%82%A6%E3%83%AB%E3%83%88%E3%83%A9%E7%AB%8B%E7%9B%B4" n3="%E5%8D%88%E5%89%8D%E9%9B%B6%E6%99%82" dan="15,13,15,15" rate="1931.44,1961.80,1974.66,2001.40" sx="M,F,M,M"/><TAIKYOKU oya="0"/><INIT seed="0,0,0,0,0,64" ten="250,250,250,250" oya="0" hai0="25,26,12,117,3,19,56,120,41,28,73,115,114" hai1="50,121,65,32,20,62,101,33,113,89,97,21,30" hai2="112,103,24,11,92,2,61,93,72,55,6,45,76" hai3="90,79,99,125,135,108,37,69,118,18,130,38,34"/><T1/><D120/><U131/><E121/><V67/><F112/><W124/><G34/><T77/><D41/><U60/><E113/><V107/><F107/><W8/><G118/><T43/><D43/><U133/><E131/><V123/><F123/><W7/><G18/><T71/><D56/><U78/><E133/><V128/><F128/><W23/><G23/><T53/><D53/><U132/><E132/><V106/><F106/><W87/><G130/><T105/><D105/><U17/><E78/><V40/><F55/><W13/><G135/><T52/><D52/><U35/><E50/><V39/><F103/><W84/><G108/><T46/><D46/><U134/><E134/><V74/><F24/><W83/><G99/><T91/><D91/><U129/><E129/><V81/><REACH who="2" step="1"/><F72/><REACH who="2" ten="250,250,240,250" step="2"/><W47/><G124/><T68/><D117/><U14/><E101/><V59/><AGARI ba="0,1" hai="2,6,11,39,40,45,59,61,67,74,76,81,92,93" machi="59" ten="20,12000,2" yaku="1,1,2,1,0,1,7,1,25,2,53,0" doraHai="64" doraHaiUra="110" who="2" fromWho="2" sc="250,-60,250,-30,240,130,250,-30" /><INIT seed="1,0,0,3,5,36" ten="190,220,370,220" oya="1" hai0="108,122,109,42,22,14,114,118,46,69,67,47,31" hai1="73,16,6,11,61,103,104,12,43,60,65,24,55" hai2="93,84,83,53,117,48,17,71,32,96,38,50,86" hai3="63,87,13,106,20,3,80,2,19,66,5,92,102"/><U7/><E73/><V115/><F38/><W44/><G106/><T110/><D31/><U125/><E125/><V51/><F32/><W18/><G5/><T10/><D22/><U94/><E104/><V91/><F71/><W82/><G44/><T0/><D0/><U98/><E6/><V68/><F68/><W127/><G127/><T113/><D67/><U129/><E129/><V40/><F117/><W88/><G18/><T128/><D69/><U64/><E43/><V72/><F72/><W121/><G121/><T49/><D128/><U45/><E45/><V15/><F115/><W76/><G102/><T85/><D85/><N who="2" m="32874" /><F83/><W120/><G120/><T105/><D105/><U131/><E131/><V39/><F39/><W79/><G80/><T33/><D33/><U26/><E7/><V111/><F111/><W9/><G20/><T56/><D56/><N who="1" m="34847" /><E61/><V132/><F132/><W130/><G130/><T124/><D124/><U126/><E126/><V119/><F119/><W58/><REACH who="3" step="1"/><G79/><REACH who="3" ten="190,220,370,210" step="2"/><T30/><D122/><U134/><E134/><V97/><F40/><W74/><AGARI ba="0,1" hai="2,3,9,13,19,58,63,66,74,76,82,87,88,92" machi="74" ten="20,8000,1" yaku="1,1,2,1,0,1,7,1,54,1,53,0" doraHai="36" doraHaiUra="101" who="3" fromWho="3" sc="190,-20,220,-40,370,-20,210,90" /><INIT seed="2,0,0,1,2,106" ten="170,180,350,300" oya="2" hai0="27,54,73,3,32,23,125,91,129,99,101,72,26" hai1="36,64,134,120,11,19,4,53,29,104,88,65,123" hai2="48,115,56,83,1,112,67,132,84,98,35,55,22" hai3="38,94,6,135,12,79,21,30,118,9,77,7,114"/><V131/><F35/><W97/><G118/><T24/><D3/><U78/><E36/><V89/><F1/><W44/><G135/><T82/><D32/><U2/><E104/><V80/><F132/><W0/><G114/><T86/><D125/><U100/><E134/><V20/><F131/><W46/><G0/><T60/><D129/><U128/><E128/><V109/><F109/><W45/><G38/><T51/><D60/><U10/><E100/><V93/><F67/><W113/><G113/><T62/><D62/><U16/><E29/><V59/><F59/><W116/><G116/><T126/><D23/><U43/><E43/><V75/><F115/><W18/><G30/><T68/><D68/><U90/><E78/><V102/><F112/><W52/><G52/><T66/><D66/><U5/><E53/><V95/><F75/><W117/><G117/><T28/><D28/><U50/><E50/><V74/><F74/><W111/><G111/><T49/><D49/><U127/><REACH who="1" step="1"/><E2/><REACH who="1" ten="170,170,350,300" step="2"/><V25/><F20/><W92/><G21/><T33/><D33/><U69/><E69/><V96/><F22/><W103/><G79/><T34/><D34/><U13/><E13/><V110/><F25/><W124/><G77/><T87/><D126/><AGARI ba="0,1" hai="4,5,10,11,16,19,64,65,88,90,120,123,126,127" machi="126" ten="25,8000,1" yaku="1,1,22,2,54,2,53,0" doraHai="106" doraHaiUra="130" who="1" fromWho="0" sc="170,-80,170,90,350,0,300,0" /><INIT seed="3,0,0,0,3,11" ten="90,260,350,300" oya="3" hai0="87,103,74,26,67,1,40,134,60,110,50,94,38" hai1="127,80,79,63,51,25,37,9,109,118,101,53,68" hai2="91,75,86,112,48,16,108,133,84,116,5,100,6" hai3="131,8,132,0,39,98,7,18,76,121,42,135,24"/><W73/><G121/><T125/><D125/><U19/><E127/><V106/><F100/><W115/><G115/><T17/><D17/><U81/><E37/><V29/><F106/><W66/><G66/><T113/><D113/><U49/><E109/><V90/><F29/><W122/><G122/><T114/><D114/><U59/><E118/><V120/><F75/><W130/><G98/><T31/><D31/><U55/><E101/><V58/><F112/><W102/><G102/><T3/><D3/><U92/><E92/><N who="2" m="54343" /><F133/><N who="3" m="51275" /><G24/><T27/><D27/><U93/><E93/><N who="2" m="54519" /><F108/><W64/><G64/><T71/><D71/><U57/><E68/><V61/><F116/><W111/><G111/><T82/><D82/><U44/><E25/><V4/><F120/><W69/><G69/><T28/><D28/><U85/><E80/><V47/><F16/><W20/><G20/><T23/><D23/><U10/><REACH who="1" step="1"/><E19/><REACH who="1" ten="90,250,350,300" step="2"/><V62/><F58/><W30/><G18/><T77/><D77/><U35/><E35/><V41/><AGARI ba="0,1" hai="4,5,6,41,47,48,61,62" m="54519,54343" machi="41" ten="30,1100,0" yaku="8,1" doraHai="11" who="2" fromWho="2" sc="90,-3,250,-3,350,21,300,-5" owari="87,-41.0,247,-15.0,371,46.0,295,10.0" /></mjloggm>