<mjloggm ver="2.3"><GO type="97" lobby="0"/><UN n0="%6D%6F%6D%30%31" n1="%E3%82%A6%E3%83%AB%E3%83%88%E3%83%A9%E7%AB%8B%E7%9B%B4" n2="%66%72%6E%62" n3="%E3%81%AB%E3%82%83%E3%81%82%E3%81%AB%E3%82%83" dan="13,15,13,13" rate="1829.64,1960.18,1809.57,1889.01" sx="M,M,M,M"/><TAIKYOKU oya="0"/><INIT seed="0,0,0,5,4,87" ten="250,250,250,250" oya="0" hai0="132,111,91,18,73,13,57,39,72,40,97,17,27" hai1="88,83,64,14,122,129,51,42,74,128,90,2,65" hai2="11,130,56,101,116,62,29,110,16,43,85,126,6" hai3="104,10,117,105,68,49,3,89,93,98,0,94,112"/><T120/><D120/><U100/><E2/><V59/><F116/><W121/><G117/><T134/><D111/><U15/><E122/><V46/><F130/><N who="1" m="50281" /><E100/><V76/><F110/><W33/><G121/><T4/><D4/><U20/><E74/><V127/><F101/><W92/><G112/><T80/><D40/><U9/><E83/><N who="2" m="47335" /><F29/><W113/><G113/><T63/><D39/><U36/><E36/><V66/><F6/><W25/><G68/><T48/><D48/><U67/><E20/><V70/><F11/><W34/><G49/><T5/><D5/><N who="1" m="3375" /><E15/><V109/><F109/><W103/><G105/><T31/><D18/><U77/><E77/><V23/><F46/><AGARI ba="0,0" hai="42,46,51,64,65,67,88,90" m="3375,50281" machi="46" ten="30,7700,0" yaku="19,1,52,2,54,1" doraHai="87" who="1" fromWho="2" sc="250,0,250,77,250,-77,250,0" /><INIT seed="1,0,0,0,4,87" ten="250,327,173,250" oya="1" hai0="121,71,49,68,91,6,95,73,77,50,103,94,98" hai1="118,15,101,42,80,93,43,46,59,26,69,34,23" hai2="7,114,1,25,78,88,131,29,117,48,86,62,3" hai3="99,119,9,58,90,40,52,14,113,44,64,16,105"/><U36/><E69/><V111/><F117/><W128/><G113/><T116/><D116/><U134/><E118/><V55/><F131/><W100/><G119/><T45/><D121/><U11/><E34/><V107/><F107/><W79/><G128/><T133/><D77/><U70/><E70/><V89/><F111/><W5/><G79/><T120/><D73/><U39/><E80/><V126/><F114/><W47/><G64/><T82/><D120/><U109/><E109/><V35/><F126/><W8/><G90/><T102/><D82/><U28/><E59/><V19/><F62/><W108/><G108/><T56/><D6/><U110/><E110/><V74/><F74/><W31/><G31/><T27/><D103/><U10/><E134/><V12/><F7/><W127/><G127/><T54/><D27/><U123/><E123/><V85/><F1/><W84/><G84/><T66/><D66/><U20/><E101/><V33/><F3/><W115/><G115/><T22/><D22/><U41/><E93/><V124/><F124/><W132/><G132/><T0/><D0/><U65/><E65/><V17/><F35/><W76/><G76/><T63/><D63/><U24/><E15/><V96/><F96/><W122/><G122/><T72/><D72/><U67/><E67/><V83/><F19/><W51/><G40/><T92/><D92/><U112/><E112/><V38/><F38/><W32/><G32/><T129/><D133/><U53/><E39/><V2/><F2/><AGARI ba="0,0" hai="2,5,8,9,14,16,44,47,51,52,58,99,100,105" machi="2" ten="30,3900,0" yaku="7,1,54,2" doraHai="87" who="3" fromWho="2" sc="250,0,327,0,173,-39,250,39" /><INIT seed="2,0,0,2,3,66" ten="250,327,134,289" oya="2" hai0="119,58,111,49,94,11,65,15,57,4,115,84,133" hai1="60,31,69,112,79,14,47,130,102,92,0,116,113" hai2="72,77,38,51,91,50,28,108,56,82,42,62,103" hai3="100,32,124,52,127,87,97,125,48,105,5,7,131"/><V27/><F103/><W89/><G131/><T118/><D115/><U19/><E0/><V23/><F108/><W114/><G114/><T70/><D111/><U36/><E116/><N who="0" m="44585" /><D133/><U120/><E130/><V17/><F38/><W122/><G32/><T61/><D49/><U30/><E120/><V128/><F128/><W90/><G122/><T1/><D1/><U24/><E30/><V126/><F126/><W104/><G104/><T96/><D84/><U83/><E92/><V129/><F129/><W107/><G107/><T80/><D80/><U6/><E47/><V3/><F3/><W18/><G18/><T98/><D98/><U12/><E36/><V106/><F106/><W81/><G90/><AGARI ba="0,0" hai="4,11,15,57,58,61,65,70,90,94,96" m="44585" machi="90" ten="30,2000,0" yaku="12,1,52,1" doraHai="66" who="0" fromWho="3" sc="250,20,327,0,134,0,289,-20" /><INIT seed="3,0,0,5,2,14" ten="270,327,134,269" oya="3" hai0="2,54,29,128,10,45,134,60,117,51,13,130,122" hai1="4,43,93,73,120,56,123,33,79,72,101,42,88" hai2="24,32,53,104,47,126,84,91,124,95,20,129,40" hai3="112,61,6,64,115,49,106,52,48,36,90,74,89"/><W83/><G36/><T68/><D117/><U0/><E33/><V39/><F32/><W105/><G6/><T11/><D122/><U113/><E4/><V76/><F104/><W94/><G115/><T12/><D134/><U82/><E0/><V96/><F129/><N who="0" m="49770" /><D29/><U125/><E43/><V111/><F53/><W16/><G112/><T9/><D2/><U22/><E42/><V78/><F111/><W67/><G106/><T55/><D68/><U28/><E113/><V133/><F133/><W62/><G105/><T71/><D71/><U97/><E72/><V75/><F75/><W114/><G114/><T63/><D55/><U103/><E56/><V34/><F34/><W57/><G74/><T132/><D132/><U98/><E22/><V127/><F84/><N who="3" m="50335" /><G48/><T1/><D1/><U109/><E28/><V3/><F3/><W119/><G119/><T7/><D7/><U8/><E109/><V59/><F59/><W35/><G35/><T66/><D66/><N who="3" m="25129" /><G16/><T19/><D19/><U99/><E8/><V18/><F78/><W85/><AGARI ba="0,0" hai="49,52,57,61,62,85,90,94" m="25129,50335" machi="85" ten="30,3000,0" yaku="8,1,54,1" doraHai="14" who="3" fromWho="3" sc="270,-10,327,-10,134,-10,269,30" /><INIT seed="3,1,0,2,2,74" ten="260,317,124,299" oya="3" hai0="17,112,55,114,46,76,12,73,0,127,108,13,81" hai1="11,71,1,66,23,110,120,26,69,117,68,27,61" hai2="44,113,125,10,24,130,92,118,34,104,8,98,124" hai3="51,53,38,31,19,2,84,9,40,32,94,93,87"/><W80/><G32/><T123/><D123/><U63/><E120/><V41/><F113/><N who="0" m="43626" /><D108/><U3/><E110/><V6/><F118/><W36/><G31/><T16/><D127/><U132/><E132/><V30/><F130/><W89/><G40/><T28/><D28/><U99/><E117/><V101/><F10/><W65/><G65/><T58/><D0/><U116/><E116/><V88/><F92/><W107/><G94/><T25/><D46/><U48/><E68/><V119/><F119/><W86/><G107/><T90/><D90/><U7/><E99/><V91/><F125/><W100/><G100/><T77/><D77/><U42/><E3/><V122/><F122/><W29/><G29/><T78/><D78/><U83/><E83/><V106/><F124/><W111/><G111/><T109/><D109/><U50/><E42/><V72/><F72/><W39/><G2/><T129/><D129/><U45/><E45/><V62/><F62/><W57/><REACH who="3" step="1"/><G80/><REACH who="3" ten="260,317,124,289" step="2"/><T133/><D133/><U35/><E35/><V95/><F106/><W49/><G49/><N who="0" m="31087" /><D25/><U85/><E27/><V20/><F95/><W14/><AGARI ba="1,1" hai="9,14,19,36,38,39,51,53,57,84,86,87,89,93" machi="14" ten="40,7800,0" yaku="1,1,0,1,53,1" doraHai="74" doraHaiUra="4" who="3" fromWho="3" sc="260,-27,317,-27,124,-27,289,91" owari="233,-17.0,290,9.0,97,-40.0,380,48.0" /></mjloggm>