<mjloggm ver="2.3"><GO type="169" lobby="0"/><UN n0="%E3%82%A6%E3%83%AB%E3%83%88%E3%83%A9%E7%AB%8B%E7%9B%B4" n1="%E9%BB%92%E6%B2%A2%E7%A5%90%E4%B8%80" n2="%E6%B9%98%E5%8C%97%E2%91%AD%E4%B8%89%E4%BA%95%E5%AF%BF" n3="%77%61%64%6F%70%72%6F" dan="17,16,16,16" rate="2214.89,2145.89,2116.97,2109.86" sx="M,M,M,M"/><TAIKYOKU oya="0"/><INIT seed="0,0,0,4,0,36" ten="250,250,250,250" oya="0" hai0="74,124,109,66,29,76,2,35,31,3,55,1,87" hai1="61,71,70,64,63,11,119,111,21,39,28,14,115" hai2="15,10,25,13,20,81,78,4,83,86,41,129,126" hai3="37,58,59,94,7,34,104,92,26,62,52,134,125"/><T113/><D113/><U43/><E119/><V17/><F126/><W12/><G104/><T18/><D74/><U54/><E115/><V51/><F129/><W131/><G125/><T99/><D124/><U68/><E111/><V130/><F130/><W75/><G131/><T116/><D116/><U44/><E28/><V38/><F38/><W8/><G134/><T23/><D66/><N who="1" m="41039" /><E21/><V56/><F83/><W19/><G75/><T100/><D35/><U88/><E88/><V106/><F106/><W98/><G37/><T16/><D109/><U123/><E14/><N who="2" m="5447" /><F56/><W128/><G128/><T110/><D110/><U133/><E11/><V108/><F108/><W96/><G34/><T65/><D18/><U30/><E30/><V118/><F118/><W121/><G121/><T6/><D6/><U132/><E123/><V90/><F90/><N who="3" m="55319" /><G59/><T69/><D87/><U9/><E9/><V84/><F86/><W24/><G7/><T32/><D32/><U47/><E71/><V33/><F33/><W102/><AGARI ba="0,0" hai="8,12,19,24,26,52,58,62,94,98,102" m="55319" machi="102" ten="30,2000,0" yaku="8,1,54,1" doraHai="36" who="3" fromWho="3" sc="250,-10,250,-5,250,-5,250,20" /><INIT seed="1,0,0,2,0,92" ten="240,245,245,270" oya="1" hai0="96,54,122,1,130,31,20,53,26,111,101,3,124" hai1="0,88,30,119,70,108,43,112,69,134,74,18,90" hai2="61,105,33,86,46,123,109,21,4,121,66,42,135" hai3="9,68,32,58,95,89,40,22,13,8,94,48,114"/><U10/><E119/><V107/><F33/><W87/><G32/><T34/><D111/><U77/><E112/><V16/><F109/><W133/><G68/><T75/><D75/><U28/><E108/><V98/><F4/><W129/><G114/><T36/><D36/><U125/><E18/><V104/><F86/><W56/><G133/><T73/><D73/><U76/><E43/><V126/><F135/><W12/><G129/><T27/><D130/><U118/><E134/><V132/><F132/><W99/><G22/><T39/><D39/><U11/><E74/><V7/><F7/><N who="3" m="3103" /><G40/><T6/><D124/><U17/><E17/><V37/><F126/><W57/><G48/><T50/><D122/><U81/><E81/><V59/><REACH who="2" step="1"/><F98/><REACH who="2" ten="240,245,235,270" step="2"/><W83/><G99/><T60/><D6/><AGARI ba="0,1" hai="6,9,13,56,57,58,83,87,89,94,95" m="3103" machi="6" ten="30,1000,0" yaku="8,1" doraHai="92" who="3" fromWho="0" sc="240,-10,245,0,235,0,270,20" /><INIT seed="2,0,0,0,4,25" ten="230,245,235,290" oya="2" hai0="62,119,20,106,129,74,49,21,121,51,39,48,60" hai1="14,64,110,92,17,95,82,125,11,99,81,63,78" hai2="107,1,34,40,76,98,37,127,94,135,16,6,88" hai3="30,44,7,42,61,70,13,5,85,100,123,77,28"/><V71/><F71/><W22/><G123/><T108/><D39/><U84/><E110/><V58/><F34/><W111/><G111/><T89/><D108/><U27/><E125/><V134/><F127/><W8/><G100/><T12/><D121/><U9/><E9/><N who="2" m="2255" /><F107/><W53/><G5/><T36/><D36/><U55/><E55/><V122/><F122/><W54/><G22/><N who="0" m="8811" /><D74/><U56/><E27/><V101/><F101/><W47/><G70/><T130/><D106/><U19/><E82/><V126/><F126/><W102/><G102/><T124/><D124/><U133/><E133/><N who="2" m="50699" /><F58/><N who="3" m="35023" /><G54/><T73/><D73/><U66/><E66/><V131/><F76/><W96/><G96/><T75/><D12/><U112/><E112/><V4/><F4/><W105/><G105/><T29/><D60/><U132/><E132/><V10/><F131/><N who="0" m="50186" /><D62/><U43/><E43/><V32/><F32/><W45/><G42/><T18/><D119/><U23/><E99/><V50/><F37/><W90/><G77/><T65/><D65/><U68/><E68/><V67/><F67/><W118/><G118/><T0/><D51/><U86/><E86/><V115/><F115/><W59/><G59/><T97/><D48/><U31/><E84/><V38/><F38/><W46/><N who="3" m="11264" /><DORA hai="87" /><W52/><G52/><T93/><D49/><U113/><E113/><V120/><F120/><W83/><AGARI ba="0,0" hai="7,8,13,28,30,83,85,90" m="11264,35023" machi="83" ten="40,8000,1" yaku="8,1,52,3" doraHai="25,87" who="3" fromWho="3" sc="230,-20,245,-20,235,-40,290,80" /><INIT seed="3,0,0,3,2,102" ten="210,225,195,370" oya="3" hai0="73,35,131,32,127,69,29,92,79,30,47,86,52" hai1="67,122,31,17,100,11,76,8,39,90,75,121,116" hai2="58,16,63,128,78,84,101,70,123,45,135,88,66" hai3="42,96,1,9,118,57,0,5,93,27,124,3,44"/><W25/><G118/><T26/><D69/><U34/><E39/><V28/><F123/><W91/><G57/><T7/><D73/><U48/><E76/><V114/><F114/><W15/><REACH who="3" step="1"/><G124/><REACH who="3" ten="210,225,195,360" step="2"/><T134/><D127/><U110/><E116/><V64/><F70/><W83/><G83/><T119/><D119/><U68/><E121/><V113/><F113/><W98/><G98/><T56/><D56/><U51/><E122/><V13/><F66/><W53/><G53/><T129/><D52/><U126/><E67/><V109/><F64/><W41/><G41/><T59/><D59/><U130/><E126/><V106/><F58/><W36/><AGARI ba="0,1" hai="0,1,3,5,9,15,25,27,36,42,44,91,93,96" machi="36" ten="30,6000,0" yaku="1,1,0,1,53,1" doraHai="102" doraHaiUra="89" who="3" fromWho="3" sc="210,-20,225,-20,195,-20,360,70" /><INIT seed="3,1,0,1,5,47" ten="190,205,175,430" oya="3" hai0="123,113,53,14,30,102,13,67,133,7,116,56,1" hai1="76,100,18,88,3,114,108,115,19,5,39,111,31" hai2="85,22,60,52,122,46,94,125,4,96,2,78,129" hai3="89,65,10,93,83,35,74,134,80,99,124,40,95"/><W106/><G35/><T55/><D123/><U109/><E39/><V51/><F122/><W58/><G134/><T8/><D116/><U43/><E100/><V62/><F125/><W86/><G124/><T110/><D133/><U12/><E76/><V118/><F118/><W64/><G106/><T70/><D110/><U117/><E117/><V105/><F105/><W69/><G69/><T68/><D102/><U101/><E101/><N who="2" m="60567" /><F129/><W121/><G121/><T112/><D30/><U23/><E43/><V57/><F2/><W45/><G10/><T92/><D92/><U36/><E36/><V90/><F78/><W63/><G65/><T81/><D81/><U9/><E88/><V79/><F79/><W0/><G0/><T73/><D73/><U50/><E50/><N who="2" m="30871" /><F22/><W66/><G74/><T17/><D1/><U44/><E44/><V87/><F4/><W72/><G72/><T97/><D68/><U33/><E19/><V54/><F87/><W59/><G86/><T15/><D70/><U84/><E84/><V128/><F128/><W29/><G99/><T6/><D6/><U126/><E126/><V49/><F51/><W135/><G135/><T103/><D7/><U24/><AGARI ba="1,0" hai="3,5,9,12,18,23,24,31,33,108,109,111,114,115" machi="24" ten="40,12000,2" yaku="0,1,24,2,14,1,34,3" doraHai="47" who="1" fromWho="1" sc="190,-31,205,123,175,-31,430,-61" /><INIT seed="4,0,0,4,0,9" ten="159,328,144,369" oya="0" hai0="68,122,132,46,36,76,86,118,95,34,54,119,38" hai1="131,115,73,135,133,113,55,21,40,12,92,41,128" hai2="100,60,123,84,27,83,85,31,72,52,14,19,112" hai3="1,77,62,99,57,53,18,111,63,97,88,30,75"/><T44/><D34/><U59/><E73/><V43/><F123/><W8/><G111/><T61/><D76/><U23/><E92/><V117/><F112/><N who="1" m="43081" /><E21/><N who="2" m="15855" /><F72/><W56/><G30/><T127/><D86/><U3/><E3/><V134/><F117/><N who="0" m="44554" /><D95/><U65/><E65/><V82/><F134/><N who="1" m="51209" /><E12/><V98/><F43/><N who="1" m="16457" /><E23/><N who="2" m="11767" /><F98/><W74/><G1/><T96/><D96/><U11/><E11/><V116/><F100/><W5/><G5/><T4/><D4/><U69/><E69/><V79/><F116/><W130/><G8/><T28/><D28/><U91/><E91/><V64/><F64/><W104/><G88/><T121/><D132/><U20/><E20/><V50/><F60/><AGARI ba="0,0" hai="55,59,60,128,131" m="16457,51209,43081" machi="60" ten="40,8000,1" yaku="15,1,11,1,20,1,34,2" doraHai="9" who="1" fromWho="2" sc="159,0,328,80,144,-80,369,0" /><INIT seed="5,0,0,3,3,50" ten="159,408,64,369" oya="1" hai0="81,89,52,83,30,22,94,69,38,119,82,84,96" hai1="128,123,117,7,64,20,71,15,115,60,104,65,122" hai2="78,4,25,17,53,100,110,74,34,40,76,58,51" hai3="31,66,101,126,8,105,130,121,57,5,23,21,118"/><U91/><E104/><V127/><F110/><W70/><G121/><T125/><D69/><U3/><E117/><V10/><F127/><W68/><G105/><T107/><D38/><U112/><E3/><V14/><F100/><W28/><G101/><T29/><D107/><U88/><E128/><V114/><F114/><N who="1" m="43561" /><E65/><V92/><F92/><W102/><G102/><N who="0" m="60695" /><D125/><U12/><E20/><V35/><F40/><W80/><G80/><N who="0" m="49287" /><D119/><U75/><E75/><V39/><F39/><W95/><G23/><T67/><D67/><U55/><E12/><V1/><F74/><W109/><G21/><T46/><D22/><U72/><E72/><V49/><F34/><W54/><G66/><T61/><D46/><U59/><E122/><V131/><F131/><W120/><G70/><T47/><D47/><U18/><E123/><V32/><F35/><W111/><G68/><T134/><D134/><U13/><E71/><V36/><F36/><W56/><G118/><T2/><D2/><U90/><E64/><V27/><F1/><W103/><G130/><T33/><D33/><U24/><E24/><N who="2" m="9291" /><F32/><W26/><G26/><T73/><D73/><U42/><E59/><AGARI ba="0,0" hai="29,30,52,59,61,81,82,83" m="49287,60695" machi="59" ten="30,3900,0" yaku="8,1,52,1,54,1" doraHai="50" who="0" fromWho="1" sc="159,39,408,-39,64,0,369,0" /><INIT seed="6,0,0,5,3,108" ten="198,369,64,369" oya="2" hai0="32,43,59,41,119,26,96,27,38,86,0,72,8" hai1="90,121,36,93,85,17,134,92,128,117,58,69,77" hai2="34,37,50,87,15,120,24,54,4,82,110,122,111" hai3="62,88,133,79,135,39,2,6,61,71,20,132,22"/><V44/><F37/><W23/><G39/><T101/><D27/><U29/><E69/><V65/><F65/><W60/><G79/><T81/><D86/><U102/><E36/><V97/><F97/><W91/><G71/><T105/><D59/><U28/><E77/><V74/><F74/><W112/><G112/><T21/><D21/><U114/><E114/><V73/><F73/><W124/><G124/><T103/><D43/><U40/><E40/><V55/><F55/><W35/><G35/><T126/><D103/><U7/><E7/><V68/><F68/><W12/><G12/><T106/><D126/><U84/><E134/><V99/><F99/><W18/><G18/><T56/><D56/><U10/><E128/><V89/><F34/><W113/><G113/><T67/><D67/><U94/><E84/><V14/><F24/><W5/><G2/><T123/><D123/><N who="2" m="47146" /><F4/><AGARI ba="0,0" hai="4,5,6,20,22,23,60,61,62,88,91,132,133,135" machi="4" ten="50,12000,2" yaku="29,2,28,2,20,1,54,1" doraHai="108" who="3" fromWho="2" sc="198,0,369,0,64,-120,369,120" owari="198,-20.0,369,17.0,-56,-56.0,489,59.0" /></mjloggm>