<mjloggm ver="2.3"><GO type="97" lobby="0"/><UN n0="%E2%98%85%E9%9B%85%E2%98%85" n1="%E3%82%A6%E3%83%AB%E3%83%88%E3%83%A9%E7%AB%8B%E7%9B%B4" n2="%E3%82%86%E3%81%86%E5%A0%95%E5%A4%A9%E4%BD%BF" n3="%E3%82%A2%E3%83%B4%E3%82%A1%E3%83%AD%E3%83%B3" dan="14,14,15,14" rate="1957.69,1936.72,1989.12,2027.20" sx="M,M,F,M"/><TAIKYOKU oya="0"/><INIT seed="0,0,0,4,2,107" ten="250,250,250,250" oya="0" hai0="20,50,51,114,61,73,63,105,47,116,87,131,82" hai1="19,40,29,9,11,43,7,27,94,59,106,79,102" hai2="46,120,62,133,22,8,71,135,85,66,48,54,104" hai3="92,111,122,109,128,26,72,33,60,99,15,77,115"/><T30/><D116/><U110/><E106/><V121/><F104/><W95/><G115/><T101/><D114/><U4/><E79/><V126/><F22/><W38/><G38/><T124/><D124/><U68/><E68/><V81/><F8/><N who="1" m="3145" /><E59/><V39/><F126/><W45/><G15/><T83/><D131/><U67/><E67/><V24/><F24/><W127/><G128/><T119/><D119/><U53/><E53/><V84/><F84/><W55/><G127/><T80/><D105/><U70/><E19/><V56/><F85/><W132/><G132/><N who="2" m="50761" /><F81/><N who="3" m="45223" /><G99/><T57/><D101/><U25/><E70/><V113/><F113/><W90/><G90/><T16/><D30/><U52/><E52/><V134/><F134/><W74/><G74/><T58/><D73/><U44/><E110/><N who="3" m="41994" /><G122/><T65/><D87/><U5/><E29/><V130/><F130/><W35/><G26/><N who="1" m="9738" /><E44/><V3/><F3/><W32/><G45/><T125/><D125/><U6/><N who="1" m="1536" /><DORA hai="1" /><U75/><E75/><V49/><F49/><N who="0" m="18442" /><D47/><U76/><E76/><V42/><AGARI ba="0,0" hai="39,42,46,48,54,56,62,66,71,120,121" m="50761" machi="42" ten="30,7900,0" yaku="24,1,20,1,34,2" doraHai="107,1" who="2" fromWho="2" sc="250,-39,250,-20,250,79,250,-20" /><INIT seed="1,0,0,3,0,74" ten="211,230,329,230" oya="1" hai0="61,46,6,48,91,90,133,41,50,109,15,44,89" hai1="29,32,81,80,26,24,101,68,70,53,42,75,131" hai2="82,104,19,111,113,55,114,122,38,63,4,49,35" hai3="58,16,98,115,126,135,132,129,12,18,72,88,9"/><U123/><E123/><V73/><F104/><W97/><G115/><N who="2" m="44041" /><F38/><W45/><G72/><T7/><D109/><U125/><E125/><V10/><F35/><W56/><G45/><T1/><D1/><U119/><E119/><V83/><F122/><W66/><G126/><T92/><D133/><N who="3" m="51273" /><G129/><T3/><D3/><U94/><E131/><V108/><F63/><N who="3" m="38247" /><G58/><T76/><D61/><U64/><E42/><V121/><F19/><N who="3" m="8591" /><G98/><T69/><D69/><U86/><E75/><V31/><F31/><W36/><G36/><T8/><D7/><U5/><E5/><V134/><F121/><W22/><G22/><T105/><D105/><U67/><E70/><V118/><F118/><W34/><G34/><T57/><D57/><U17/><E68/><V2/><F134/><W39/><G39/><T103/><D103/><U37/><E37/><V110/><F73/><W127/><G127/><T59/><D59/><AGARI ba="0,0" hai="2,4,10,49,55,59,82,83,108,110,111" m="44041" machi="59" ten="40,2600,0" yaku="14,1,11,1" doraHai="74" who="2" fromWho="0" sc="211,-26,230,0,329,26,230,0" /><INIT seed="2,0,0,0,4,109" ten="185,230,355,230" oya="2" hai0="73,46,62,56,98,37,80,126,31,84,44,99,53" hai1="2,134,131,39,127,17,25,106,96,94,76,1,67" hai2="57,20,75,13,79,118,82,77,69,123,83,113,74" hai3="15,66,101,30,55,33,14,11,58,135,0,71,32"/><V52/><F123/><W104/><G0/><T26/><D126/><U86/><E106/><V47/><F118/><W18/><G135/><T105/><D73/><U102/><E39/><V90/><F69/><W4/><G66/><T9/><D105/><U41/><E2/><V89/><F47/><W92/><G71/><T51/><D37/><U22/><E1/><V85/><F113/><W128/><G128/><T124/><D44/><U121/><E121/><V5/><F85/><W48/><G104/><T129/><D129/><U35/><E35/><V125/><F125/><W12/><G30/><T120/><D120/><U81/><E131/><V7/><F20/><W97/><G15/><T59/><D59/><U112/><E134/><V8/><F5/><W29/><G29/><T133/><D133/><U111/><E111/><V68/><F68/><W54/><G55/><T21/><D9/><AGARI ba="0,0" hai="4,9,11,12,14,18,32,33,48,54,58,92,97,101" machi="9" ten="30,1000,0" yaku="7,1" doraHai="109" who="3" fromWho="0" sc="185,-10,230,0,355,0,230,10" /><INIT seed="3,0,0,3,1,76" ten="175,230,355,240" oya="3" hai0="63,61,13,10,112,67,11,109,66,43,2,16,78" hai1="90,97,22,124,21,4,110,116,94,30,104,92,52" hai2="33,70,80,24,81,19,125,130,56,77,41,0,99" hai3="34,3,105,68,14,117,28,48,75,83,79,32,123"/><W49/><G3/><T53/><D109/><U9/><E104/><V71/><F0/><W62/><G117/><T40/><D112/><U57/><E110/><V120/><F41/><W127/><G127/><T86/><D2/><U1/><E124/><V64/><F130/><W18/><G105/><T25/><D25/><U45/><E116/><V115/><F56/><W98/><G98/><T100/><D53/><U27/><E45/><V42/><F77/><W129/><G129/><T119/><D10/><U58/><E52/><V44/><F44/><W74/><G74/><T54/><D54/><U26/><E94/><V114/><F99/><W59/><G123/><T82/><D100/><U85/><E97/><V126/><F64/><W60/><G28/><AGARI ba="0,0" hai="1,4,9,21,22,26,27,28,30,57,58,85,90,92" machi="28" ten="30,2000,0" yaku="7,1,9,1" doraHai="76" who="1" fromWho="3" sc="175,0,230,20,355,0,240,-20" owari="175,-32.0,250,5.0,355,45.0,220,-18.0" /></mjloggm>