<mjloggm ver="2.3"><GO type="169" lobby="0"/><UN n0="%E3%82%A6%E3%83%AB%E3%83%88%E3%83%A9%E7%AB%8B%E7%9B%B4" n1="%E7%A2%BA%E8%AA%8D%E4%BA%8B%E9%A0%85" n2="%EF%BF%A1%E3%81%BA%E3%82%93%E3%81%BA%E3%82%93%EF%BF%A1" n3="%E2%98%86%E3%82%BF%E3%82%AD%E3%82%AA%E3%83%B3%E2%98%85" dan="16,17,18,16" rate="2130.60,2163.79,2218.66,2141.25" sx="M,M,M,M"/><TAIKYOKU oya="0"/><INIT seed="0,0,0,2,4,67" ten="250,250,250,250" oya="0" hai0="52,43,115,17,123,119,100,90,95,13,36,130,133" hai1="41,97,59,94,14,20,106,129,86,105,45,80,112" hai2="23,111,92,15,6,1,79,82,87,116,24,135,54" hai3="37,113,65,46,50,74,117,125,31,8,69,107,0"/><T5/><D123/><U77/><E129/><V110/><F135/><W120/><RYUUKYOKU type="yao9" ba="0,0" sc="250,0,250,0,250,0,250,0" hai3="0,8,31,37,46,50,65,69,74,107,113,117,120,125" /><INIT seed="0,1,0,5,3,60" ten="250,250,250,250" oya="0" hai0="90,80,66,95,76,1,71,101,16,46,5,79,82" hai1="32,123,36,28,4,61,114,11,93,134,50,47,109" hai2="40,25,65,98,7,89,102,9,48,87,111,118,122" hai3="119,30,86,18,52,115,131,57,72,39,6,73,15"/><T91/><D5/><U135/><E109/><V56/><F111/><W128/><G115/><T64/><D1/><U67/><E123/><V41/><F122/><W19/><G119/><T63/><D46/><U126/><E36/><V69/><F69/><W121/><G121/><T51/><D51/><U132/><E114/><V55/><F25/><W38/><G30/><T14/><D101/><U17/><E126/><V10/><F118/><W110/><G110/><T97/><D90/><U94/><E17/><V75/><F75/><W116/><G116/><T58/><D71/><U133/><E133/><V29/><F29/><W130/><G6/><T124/><D124/><U3/><E28/><V77/><F77/><N who="0" m="29770" /><D66/><U49/><E32/><V62/><F98/><W83/><G38/><T23/><AGARI ba="1,0" hai="14,16,23,58,63,64,80,82,91,95,97" m="29770" machi="23" ten="30,6000,0" yaku="8,1,52,1,54,1" doraHai="60" who="0" fromWho="0" sc="250,63,250,-21,250,-21,250,-21" /><INIT seed="0,2,0,4,1,30" ten="313,229,229,229" oya="0" hai0="131,46,57,100,33,81,108,115,123,17,99,69,126" hai1="39,113,20,118,132,125,112,1,74,34,78,128,13" hai2="62,44,116,37,14,129,83,82,5,130,109,28,67" hai3="22,60,110,48,135,102,80,2,66,38,92,52,124"/><T53/><D69/><U45/><RYUUKYOKU type="yao9" ba="2,0" sc="313,0,229,0,229,0,229,0" hai1="1,13,20,34,39,45,74,78,112,113,118,125,128,132" /><INIT seed="0,3,0,4,5,134" ten="313,229,229,229" oya="0" hai0="54,29,56,43,22,76,47,3,33,46,52,41,25" hai1="28,80,24,18,55,81,26,73,128,79,36,102,121" hai2="91,12,131,82,117,127,53,68,0,63,104,58,13" hai3="123,40,57,90,1,129,108,97,93,8,85,31,16"/><T15/><D3/><U100/><E121/><V130/><F104/><W72/><G72/><T132/><D132/><U71/><E128/><N who="2" m="49195" /><F117/><W42/><G129/><T19/><D76/><U6/><E36/><V61/><F0/><W74/><G74/><T135/><D135/><U7/><E71/><V37/><F37/><W133/><G133/><T69/><D69/><U67/><E67/><N who="2" m="41087" /><F127/><W65/><G108/><T75/><D75/><U48/><E18/><V84/><AGARI ba="3,0" hai="12,13,53,58,61,82,84,91" m="41087,49195" machi="84" ten="30,1100,0" yaku="19,1" doraHai="134" who="2" fromWho="2" sc="313,-8,229,-6,229,20,229,-6" /><INIT seed="1,0,0,0,3,114" ten="305,223,249,223" oya="1" hai0="119,113,115,131,117,91,112,55,96,122,70,57,29" hai1="99,13,111,69,34,8,33,44,88,132,1,28,45" hai2="61,79,21,101,35,97,12,11,50,47,84,19,43" hai3="103,77,32,90,53,135,68,23,102,76,73,49,31"/><U52/><E69/><V81/><F35/><W22/><G68/><T109/><D70/><U118/><E1/><V46/><F61/><W60/><G135/><T104/><D29/><U83/><E132/><V107/><F47/><W67/><G32/><T2/><D2/><U116/><E111/><V94/><REACH who="2" step="1"/><F107/><REACH who="2" ten="305,223,239,223" step="2"/><W93/><G60/><T27/><D104/><U18/><E44/><V10/><AGARI ba="0,1" hai="10,11,12,19,21,43,46,50,79,81,84,94,97,101" machi="10" ten="30,7900,0" yaku="1,1,2,1,0,1,8,1,53,0" doraHai="114" doraHaiUra="100" who="2" fromWho="2" sc="305,-20,223,-39,239,89,223,-20" /><INIT seed="2,0,0,5,0,80" ten="285,184,328,203" oya="2" hai0="63,124,127,62,51,39,26,121,73,4,60,10,45" hai1="18,98,38,132,44,17,23,99,120,1,118,49,11" hai2="6,90,36,59,72,91,89,55,83,86,119,128,27" hai3="87,74,92,107,112,40,82,69,77,57,88,56,35"/><V126/><F119/><W95/><G69/><T75/><D26/><U22/><E118/><V116/><F36/><W106/><G35/><T76/><D39/><U68/><E132/><V58/><F116/><W0/><G0/><T16/><D121/><U42/><E120/><V46/><F72/><W85/><G40/><T2/><D76/><U105/><E68/><V66/><F128/><W125/><G125/><N who="0" m="48203" /><D16/><U37/><E1/><V34/><F6/><W70/><G70/><T78/><D78/><U114/><E11/><V50/><F126/><W113/><G56/><T43/><AGARI ba="0,0" hai="2,4,10,43,45,51,60,62,63,73,75" m="48203" machi="43" ten="30,1100,0" yaku="18,1" doraHai="80" who="0" fromWho="0" sc="285,11,184,-3,328,-5,203,-3" /><INIT seed="3,0,0,2,5,100" ten="296,181,323,200" oya="3" hai0="51,130,72,103,96,31,85,49,42,125,111,2,121" hai1="63,29,93,39,112,129,54,26,6,36,59,21,27" hai2="15,65,119,105,64,19,18,4,91,12,86,25,9" hai3="131,126,92,68,46,1,98,123,122,101,78,34,57"/><W84/><G68/><T114/><D72/><U108/><E112/><V28/><F105/><W120/><G34/><T47/><D2/><U70/><E108/><V80/><F119/><W53/><G1/><T17/><D121/><U88/><E129/><V55/><F55/><W94/><G126/><T104/><D31/><U83/><E6/><V89/><F89/><W127/><G127/><T13/><D125/><U43/><E83/><V74/><F74/><W110/><G131/><T40/><D111/><U5/><E5/><V73/><F73/><W95/><G110/><T116/><D116/><U10/><E10/><V22/><REACH who="2" step="1"/><F4/><REACH who="2" ten="296,181,313,200" step="2"/><W50/><G78/><T82/><D130/><U79/><E79/><V7/><F7/><W60/><REACH who="3" step="1"/><G84/><REACH who="3" ten="296,181,313,190" step="2"/><T107/><D114/><U38/><E70/><V52/><F52/><AGARI ba="0,2" hai="46,50,52,53,57,60,92,94,95,98,101,120,122,123" machi="52" ten="40,12000,1" yaku="1,1,2,1,54,1,53,1" doraHai="100" doraHaiUra="58" who="3" fromWho="2" sc="296,0,181,0,313,-120,190,140" /><INIT seed="3,1,0,0,2,7" ten="296,181,193,330" oya="3" hai0="60,123,92,85,40,132,86,96,36,135,74,41,25" hai1="83,10,115,118,11,21,43,91,56,0,63,12,73" hai2="65,9,52,8,87,39,94,102,46,76,131,37,19" hai3="29,30,116,88,107,1,90,2,23,20,68,59,51"/><W62/><G116/><T48/><D74/><U108/><E115/><V16/><F65/><W93/><G107/><T128/><D123/><U32/><E32/><V98/><F131/><W75/><G75/><T4/><D36/><U113/><E113/><V82/><F37/><W33/><G68/><T13/><D25/><U110/><E118/><V70/><F70/><W58/><G33/><T18/><D4/><U134/><E134/><N who="0" m="51241" /><D60/><U5/><E43/><N who="0" m="16457" /><D48/><U122/><E21/><V104/><F104/><W38/><G38/><T22/><D128/><U34/><E34/><V14/><F39/><W27/><G51/><T84/><D84/><N who="1" m="50591" /><E73/><V42/><F42/><W114/><G114/><T71/><D71/><U47/><E47/><V101/><F101/><AGARI ba="1,0" hai="13,18,22,85,86,92,96,101" m="16457,51241" machi="101" ten="30,1000,0" yaku="20,1" doraHai="7" who="0" fromWho="2" sc="296,13,181,0,193,-13,330,0" /><INIT seed="4,0,0,2,4,106" ten="309,181,180,330" oya="0" hai0="109,134,91,97,78,40,76,121,100,45,73,66,87" hai1="17,30,22,128,135,32,95,65,48,108,86,11,28" hai2="16,111,104,39,37,63,15,116,122,60,117,49,23" hai3="5,120,21,58,129,41,77,10,94,3,98,59,119"/><T112/><D121/><U110/><E65/><V13/><F111/><W43/><G119/><N who="2" m="45641" /><F104/><W85/><G129/><T68/><D112/><U102/><E128/><V57/><F122/><W29/><G120/><T14/><D134/><U127/><E135/><V72/><F72/><W54/><G59/><T24/><D73/><U101/><E127/><V8/><F49/><W67/><G67/><T132/><D132/><U113/><E113/><V103/><F103/><W93/><G29/><T83/><D24/><U12/><E32/><V1/><F1/><W90/><G21/><T6/><D109/><U27/><E48/><V130/><F130/><W70/><G70/><T18/><D6/><N who="1" m="3191" /><E108/><V107/><F107/><W52/><G54/><T31/><D31/><N who="1" m="11819" /><E110/><V131/><F131/><W126/><G126/><T51/><D66/><U9/><E9/><V71/><F71/><W2/><G2/><T80/><D68/><U125/><E125/><V118/><N who="2" m="45649" /><V79/><DORA hai="56" /><F79/><W47/><G47/><T20/><D83/><U89/><AGARI ba="0,0" hai="17,22,27,86,89,95,101,102" m="11819,3191" machi="89" ten="30,1100,0" yaku="8,1" doraHai="106,56" who="1" fromWho="1" sc="309,-5,181,11,180,-3,330,-3" /><INIT seed="5,0,0,0,5,36" ten="304,192,177,327" oya="1" hai0="85,50,70,74,10,122,87,126,64,26,14,51,21" hai1="79,134,76,107,67,113,19,109,96,135,32,88,116" hai2="114,125,97,115,9,81,11,121,56,72,63,127,4" hai3="124,130,110,33,39,90,68,53,20,119,73,132,42"/><U62/><E116/><V123/><F97/><W94/><RYUUKYOKU type="yao9" ba="0,0" sc="304,0,192,0,177,0,327,0" hai3="20,33,39,42,53,68,73,90,94,110,119,124,130,132" /><INIT seed="5,1,0,0,1,50" ten="304,192,177,327" oya="1" hai0="69,15,20,66,74,3,30,135,45,8,44,134,124" hai1="18,55,17,28,2,115,105,63,130,56,36,46,42" hai2="94,93,118,80,96,114,6,12,65,62,39,106,103" hai3="121,89,51,23,7,48,83,9,117,120,5,54,100"/><U1/><E115/><V86/><F118/><W111/><G111/><T84/><D74/><U107/><E28/><V13/><F39/><W22/><G117/><T128/><D66/><U27/><E130/><V97/><F114/><W72/><G100/><T67/><D67/><U70/><E70/><V71/><F6/><W47/><G7/><T32/><D3/><U24/><E24/><V4/><F4/><W132/><G132/><T58/><D32/><U79/><E79/><V87/><F106/><W126/><G126/><T60/><D69/><U53/><E105/><V77/><REACH who="2" step="1"/><F86/><REACH who="2" ten="304,192,167,327" step="2"/><W37/><G37/><T113/><D113/><U38/><E107/><V78/><F78/><W123/><G5/><T91/><D124/><U129/><E129/><V21/><F21/><W26/><G22/><T82/><D128/><U59/><E36/><V0/><F0/><W14/><G23/><T49/><D20/><U88/><E1/><V102/><AGARI ba="1,1" hai="12,13,62,65,71,77,80,87,93,94,96,97,102,103" machi="102" ten="20,5200,0" yaku="1,1,0,1,7,1,9,1,53,0" doraHai="50" doraHaiUra="16" who="2" fromWho="2" sc="304,-14,192,-27,167,65,327,-14" /><INIT seed="6,0,0,3,3,54" ten="290,165,232,313" oya="2" hai0="88,86,62,129,20,60,107,17,11,59,57,110,42" hai1="116,81,98,108,124,106,45,90,65,80,46,118,95" hai2="89,103,83,34,113,47,37,94,28,13,7,120,52" hai3="4,53,30,31,3,68,72,5,50,8,32,21,0"/><V79/><F120/><W104/><G32/><T78/><D107/><U115/><E65/><V26/><F103/><W67/><G72/><T100/><D100/><N who="1" m="62743" /><E46/><V134/><F113/><W92/><G104/><T69/><D69/><U102/><E45/><V66/><F134/><W6/><G92/><N who="0" m="54295" /><D78/><U131/><E108/><V70/><F66/><W128/><G128/><T16/><D42/><U82/><E115/><V132/><F132/><W73/><G73/><T58/><D129/><U101/><E131/><V22/><F70/><W127/><G127/><T38/><D38/><U99/><E124/><V71/><F71/><W23/><G67/><T114/><D114/><U121/><E121/><V18/><F7/><N who="3" m="2635" /><G50/><T133/><D133/><U109/><E109/><V74/><F37/><W2/><G53/><T44/><D44/><U75/><E118/><V76/><F76/><W119/><G68/><T40/><D40/><U87/><E116/><V85/><F47/><W96/><G96/><T77/><D77/><N who="1" m="44095" /><E101/><V64/><F64/><W1/><G119/><T15/><D110/><U97/><E97/><V41/><F52/><W9/><G9/><T111/><D111/><U130/><E130/><V126/><F126/><W33/><G33/><T122/><D122/><U84/><E84/><V112/><F112/><W12/><N who="3" m="512" /><DORA hai="117" /><W61/><G61/><T43/><D43/><U10/><E10/><V51/><F41/><W49/><G49/><T27/><AGARI ba="0,0" hai="11,15,16,17,20,27,57,58,59,60,62" m="54295" machi="27" ten="30,12000,2" yaku="8,1,52,3,54,2" doraHai="54,117" who="0" fromWho="0" sc="290,120,165,-30,232,-60,313,-30" /><INIT seed="7,0,0,0,0,18" ten="410,135,172,283" oya="3" hai0="71,46,109,78,111,38,75,112,68,135,54,87,90" hai1="118,51,132,89,86,52,30,15,39,40,66,76,96" hai2="94,33,3,13,44,49,11,61,1,55,108,104,21" hai3="125,36,127,47,58,12,73,43,107,119,128,16,53"/><W79/><G119/><T45/><D78/><U28/><E118/><V35/><F104/><W42/><G107/><T81/><D75/><U103/><E132/><V14/><F108/><W100/><G100/><T27/><D46/><N who="1" m="27767" /><E39/><V63/><F33/><W93/><G43/><T9/><D27/><U59/><E40/><V60/><F35/><W97/><G128/><T124/><D9/><U32/><E32/><V130/><F130/><W19/><G79/><T37/><D37/><U133/><E76/><V31/><F3/><W4/><G4/><T2/><D2/><U105/><E133/><V48/><F1/><W20/><G73/><T117/><D112/><U85/><E15/><V82/><F82/><W88/><REACH who="3" step="1"/><G19/><REACH who="3" ten="410,135,172,273" step="2"/><T26/><D117/><U102/><E105/><V106/><F106/><W83/><G83/><T115/><D81/><U50/><E103/><V34/><F94/><W116/><G116/><T10/><D135/><U126/><E102/><V5/><F5/><W98/><G98/><T113/><D113/><U95/><E96/><V24/><F11/><W62/><AGARI ba="0,1" hai="12,16,20,36,42,47,53,58,62,88,93,97,125,127" machi="62" ten="30,18000,2" yaku="1,1,0,1,52,1,54,2,53,1" doraHai="18" doraHaiUra="56" who="3" fromWho="3" sc="410,-60,135,-60,172,-60,273,190" owari="350,15.0,75,-42.0,112,-29.0,463,56.0" /></mjloggm>