<mjloggm ver="2.3"><GO type="97" lobby="0"/><UN n0="%E3%81%BF%E3%81%8B%E3%82%93%E3%82%BF%E3%82%A4%E3%83%A0" n1="%E3%82%A6%E3%83%AB%E3%83%88%E3%83%A9%E7%AB%8B%E7%9B%B4" n2="%76%66%6C%64" n3="%68%61%6D%5F%55%5F" dan="15,14,13,15" rate="1941.20,1924.72,1846.94,1974.26" sx="M,M,M,M"/><TAIKYOKU oya="0"/><INIT seed="0,0,0,0,4,85" ten="250,250,250,250" oya="0" hai0="115,20,46,86,51,134,17,118,35,77,4,53,0" hai1="29,22,41,96,21,75,114,47,110,90,73,23,135" hai2="52,130,32,87,38,102,36,83,28,82,93,57,105" hai3="97,94,113,76,37,107,12,10,111,15,92,88,74"/><T71/><D118/><U58/><E114/><V40/><F105/><W131/><G37/><T6/><D115/><U129/><E29/><V84/><F32/><W65/><G113/><T27/><D71/><U33/><E33/><V104/><F104/><W3/><G111/><T79/><D134/><U45/><E110/><V39/><F28/><W127/><G127/><T121/><D121/><U24/><E24/><V42/><F130/><W112/><G112/><T91/><D35/><U101/><E129/><V2/><F2/><W56/><G131/><T119/><D119/><U26/><E26/><V49/><F93/><N who="3" m="56487" /><G74/><T62/><D0/><U89/><E75/><V25/><F102/><W126/><G3/><T68/><D68/><U69/><E73/><V59/><F25/><W108/><G108/><T50/><D62/><U125/><E69/><V78/><REACH who="2" step="1"/><F59/><REACH who="2" ten="250,250,240,250" step="2"/><W34/><G107/><T103/><D103/><U81/><E58/><V122/><F122/><W18/><G34/><T117/><D117/><U7/><E101/><V95/><F95/><W66/><G94/><N who="0" m="54647" /><D51/><U132/><E132/><V70/><F70/><W123/><G123/><T99/><D99/><U9/><E135/><V16/><F16/><W116/><G18/><T14/><D27/><U8/><E96/><V72/><F72/><W44/><G116/><T106/><D106/><U61/><E61/><V19/><F19/><W43/><G92/><T67/><D67/><U63/><E63/><V124/><F124/><W98/><G66/><T1/><D1/><N who="1" m="111" /><E125/><V109/><F109/><W100/><G65/><T60/><D60/><RYUUKYOKU ba="0,1" sc="250,15,250,-15,240,15,250,-15" hai0="4,6,14,17,20,46,50,53,77,79" hai2="36,38,39,40,42,49,52,57,78,82,83,84,87" /><INIT seed="0,1,1,3,0,4" ten="265,235,255,235" oya="0" hai0="64,81,80,33,101,48,56,3,47,95,105,6,114" hai1="22,108,107,91,10,118,51,85,113,61,76,111,39" hai2="135,59,71,35,19,130,25,116,126,83,74,46,109" hai3="57,7,132,8,70,78,17,86,36,29,63,24,77"/><T73/><D114/><U45/><E107/><V99/><F46/><W66/><G36/><T31/><D105/><U123/><E39/><V96/><F59/><W65/><G132/><T106/><D106/><U102/><E102/><V55/><F55/><W50/><G70/><T110/><D31/><U43/><E123/><V100/><F83/><W131/><G131/><T30/><D30/><U58/><E118/><V1/><F99/><W125/><G125/><T5/><D33/><U14/><E22/><V62/><F96/><W38/><G38/><T32/><D32/><U26/><E26/><V18/><F62/><W0/><G17/><T40/><D110/><U82/><E91/><V127/><F100/><W88/><G50/><T84/><D73/><U128/><E128/><V16/><F74/><W97/><G97/><N who="0" m="59583" /><D3/><U93/><E93/><V20/><F71/><W121/><G66/><T75/><D75/><U23/><E23/><V79/><F79/><W28/><G121/><T112/><D112/><U69/><E113/><V67/><F67/><W21/><G29/><T129/><D81/><AGARI ba="1,1" hai="0,7,8,21,24,28,57,63,65,77,78,81,86,88" machi="81" ten="30,3900,0" yaku="7,1,52,1,54,1" doraHai="4" who="3" fromWho="0" sc="265,-42,235,0,255,0,235,52" /><INIT seed="1,0,0,0,3,23" ten="223,235,255,287" oya="1" hai0="62,115,72,32,92,102,78,61,117,93,8,87,113" hai1="1,68,63,123,48,18,44,46,9,6,80,34,91" hai2="21,122,94,67,74,55,25,96,82,16,22,128,17" hai3="0,101,131,26,79,119,103,60,59,90,132,127,121"/><U134/><E123/><V83/><F122/><W129/><G121/><T84/><D117/><U107/><E107/><V30/><F67/><W13/><G0/><T98/><D32/><U47/><E134/><V100/><F128/><W130/><G119/><T114/><D8/><U39/><E34/><V88/><F74/><W43/><G132/><T86/><D62/><U29/><E29/><V57/><F30/><W70/><G70/><T15/><D61/><U14/><E39/><V31/><F100/><W51/><G127/><T24/><D24/><U19/><E68/><V27/><F31/><W118/><G118/><T108/><D15/><U111/><E111/><V116/><F116/><W56/><G13/><T53/><D53/><U58/><E1/><V65/><F65/><N who="3" m="39047" /><G79/><T54/><D54/><N who="1" m="32071" /><E63/><AGARI ba="0,0" hai="16,17,21,22,25,27,55,57,63,82,83,88,94,96" machi="63" ten="30,16000,3" yaku="7,1,9,1,25,2,8,1,52,2,54,2" doraHai="23" who="2" fromWho="1" sc="223,0,235,-160,255,160,287,0" /><INIT seed="2,0,0,3,4,1" ten="223,75,415,287" oya="2" hai0="52,100,26,116,120,61,95,59,31,112,107,22,97" hai1="20,17,45,127,66,40,88,106,18,21,37,73,8" hai2="111,6,118,62,108,69,93,23,114,117,87,50,15" hai3="57,44,119,29,85,12,4,131,81,48,76,46,91"/><V89/><F50/><W123/><G123/><T109/><D116/><U128/><E73/><V34/><F34/><W42/><G131/><T10/><D109/><N who="2" m="42058" /><F114/><W98/><G29/><T96/><D112/><U11/><E106/><V24/><F69/><W70/><G70/><T25/><D10/><U32/><E66/><V16/><F62/><W65/><G119/><T134/><D134/><U101/><E101/><V130/><F130/><W79/><G46/><T67/><D120/><U60/><E60/><V78/><F78/><W80/><G65/><T5/><D5/><U103/><E103/><V94/><F93/><W41/><G57/><T64/><REACH who="0" step="1"/><D26/><REACH who="0" ten="213,75,415,287" step="2"/><U72/><E128/><V90/><F90/><AGARI ba="0,1" hai="22,25,31,52,59,61,64,67,90,95,96,97,100,107" machi="90" ten="30,7700,0" yaku="1,1,2,1,7,1,54,1,53,0" doraHai="1" doraHaiUra="0" who="0" fromWho="2" sc="213,87,75,0,415,-77,287,0" /><INIT seed="3,0,0,2,2,74" ten="300,75,338,287" oya="3" hai0="17,7,46,42,108,55,31,50,13,60,90,80,112" hai1="9,77,133,19,58,16,64,94,45,73,11,66,39" hai2="125,63,96,59,89,65,35,82,12,23,116,56,98" hai3="27,47,70,81,86,72,131,105,61,135,117,91,32"/><W2/><G117/><T18/><D108/><U53/><E133/><V114/><F35/><W100/><G135/><T10/><D112/><U123/><E123/><V26/><F116/><W22/><G2/><T132/><D132/><U104/><E104/><V87/><F114/><W41/><G32/><T68/><D31/><U62/><E73/><V110/><F110/><W83/><G131/><T85/><D68/><U6/><E39/><V24/><F125/><W99/><G70/><T111/><D111/><U36/><E36/><V78/><F12/><W130/><G130/><T120/><D120/><U122/><E122/><V75/><F56/><W119/><G119/><T113/><D113/><U14/><E94/><V67/><F67/><W126/><G126/><T37/><REACH who="0" step="1"/><D60/><REACH who="0" ten="290,75,338,287" step="2"/><U21/><E45/><AGARI ba="0,1" hai="7,10,13,17,18,37,42,45,46,50,55,80,85,90" machi="45" ten="30,3900,0" yaku="1,1,2,1,7,1,53,0" doraHai="74" doraHaiUra="29" who="0" fromWho="1" sc="290,49,75,-39,338,0,287,0" owari="339,43.0,36,-46.0,338,14.0,287,-11.0" /></mjloggm>