<mjloggm ver="2.3"><GO type="97" lobby="0"/><UN n0="%E3%82%A2%E3%83%AB%E3%83%87%E3%83%90%E3%83%A9%E3%83%B3" n1="%48%4F%48" n2="%E3%82%A6%E3%83%AB%E3%83%88%E3%83%A9%E7%AB%8B%E7%9B%B4" n3="%E7%8C%AB%E4%BD%BF%E3%81%84" dan="14,15,13,14" rate="1972.40,1941.95,1840.34,1911.41" sx="M,M,M,F"/><TAIKYOKU oya="0"/><INIT seed="0,0,0,4,4,59" ten="250,250,250,250" oya="0" hai0="96,14,72,92,23,70,121,48,5,18,129,15,102" hai1="61,88,17,2,0,84,22,46,98,3,66,34,82" hai2="39,45,29,54,107,89,104,80,56,57,9,65,111" hai3="117,79,8,19,135,99,127,100,118,58,122,75,67"/><T108/><D121/><U25/><E46/><V113/><F113/><W42/><G122/><T78/><D70/><U16/><E34/><V11/><F111/><W90/><G79/><T112/><D112/><U13/><E98/><V30/><F80/><W105/><G75/><T128/><D48/><U33/><E33/><V40/><F89/><W130/><G42/><T103/><D102/><U4/><E4/><V36/><F65/><W24/><G90/><T124/><D124/><U10/><E0/><V21/><F21/><W49/><G127/><T52/><D52/><U26/><E26/><V131/><F54/><W64/><G64/><T86/><D72/><U94/><E82/><V32/><F32/><W123/><G123/><T115/><D115/><U83/><E83/><V27/><F27/><W28/><G49/><T47/><D47/><U97/><E97/><V77/><F45/><W50/><G50/><T125/><D125/><U109/><E109/><V31/><F131/><N who="0" m="50250" /><D108/><U12/><E25/><V41/><REACH who="2" step="1"/><F31/><REACH who="2" ten="250,250,240,250" step="2"/><W20/><G130/><T93/><D78/><AGARI ba="0,1" hai="9,11,29,30,36,39,40,41,56,57,77,78,104,107" machi="78" ten="25,6400,0" yaku="1,1,2,1,22,2,53,0" doraHai="59" doraHaiUra="76" who="2" fromWho="0" sc="250,-64,250,0,240,74,250,0" /><INIT seed="1,0,0,0,2,128" ten="186,250,314,250" oya="1" hai0="1,107,122,34,86,60,75,114,53,54,27,112,130" hai1="62,69,101,47,48,118,30,2,93,96,131,77,21" hai2="7,74,67,26,84,45,14,50,99,41,95,31,87" hai3="132,57,135,94,117,85,81,92,23,109,44,72,22"/><U121/><E2/><V56/><F74/><W10/><G109/><T59/><D107/><U65/><E121/><V98/><F98/><W80/><G10/><T103/><D75/><U61/><E131/><V82/><F14/><W105/><G105/><T116/><D116/><U0/><E0/><V133/><F7/><W120/><G120/><T126/><D1/><U97/><E118/><V68/><F68/><W55/><G44/><T18/><D122/><U51/><E51/><V3/><F3/><W19/><G72/><T129/><D129/><U110/><E110/><V58/><F133/><N who="3" m="51275" /><G117/><T9/><D130/><U40/><E96/><V11/><F11/><W35/><G35/><T108/><D108/><U42/><E62/><V113/><F113/><W25/><G23/><T91/><D103/><U20/><E77/><V64/><F58/><W78/><G81/><T17/><D34/><U124/><E124/><V29/><F82/><W39/><G39/><T111/><D111/><U36/><E36/><V88/><F56/><W123/><G123/><T89/><D126/><U100/><E20/><V38/><F38/><W24/><G24/><T71/><D114/><U28/><E21/><V16/><F26/><W52/><G52/><T106/><D112/><U5/><E42/><V115/><F115/><W73/><G73/><T12/><D106/><U37/><E37/><V76/><F41/><W66/><G66/><T90/><D53/><U32/><E32/><V104/><F67/><W43/><G43/><T15/><D27/><U125/><E125/><V8/><F64/><W6/><G6/><RYUUKYOKU ba="0,0" sc="186,-10,250,-10,314,-10,250,30" hai3="19,22,25,55,57,78,80,85,92,94" /><INIT seed="2,1,0,4,3,85" ten="176,240,304,280" oya="2" hai0="22,2,103,83,38,111,20,44,121,132,49,90,67" hai1="25,10,13,119,16,62,52,30,113,34,93,57,19" hai2="59,24,100,120,65,106,92,135,55,37,107,63,31" hai3="15,45,54,33,129,126,69,81,75,60,3,98,87"/><V36/><F120/><W68/><G3/><T74/><D121/><U48/><E19/><V118/><F118/><W35/><G75/><T131/><D103/><U50/><E119/><V23/><F135/><W109/><G109/><T8/><D38/><N who="2" m="14954" /><F55/><W96/><G35/><T134/><D67/><U39/><E39/><V88/><F88/><W95/><G33/><T53/><D111/><U84/><E113/><V114/><F114/><W1/><G1/><T110/><D110/><U99/><E84/><V124/><F124/><W47/><G126/><T32/><D32/><U71/><E71/><V40/><F40/><W51/><G47/><T64/><D64/><U82/><E82/><V0/><F0/><W17/><G60/><T86/><D74/><U7/><E7/><V43/><F43/><W5/><G5/><N who="0" m="1079" /><D131/><U73/><E73/><V116/><F116/><W46/><G129/><T127/><D127/><U61/><E61/><V4/><F4/><W80/><G46/><T102/><D102/><AGARI ba="1,0" hai="10,13,16,25,30,34,48,50,52,57,62,93,99,102" machi="102" ten="30,3900,0" yaku="7,1,54,2" doraHai="85" who="1" fromWho="0" sc="176,-42,240,42,304,0,280,0" /><INIT seed="3,0,0,4,3,134" ten="134,282,304,280" oya="3" hai0="20,98,88,39,60,57,9,72,129,30,28,59,109" hai1="80,70,23,86,18,82,50,83,104,106,85,22,54" hai2="52,49,1,79,87,38,2,113,25,46,36,47,48" hai3="6,68,101,110,0,94,93,102,41,115,90,92,69"/><W14/><G115/><T64/><D39/><U119/><E70/><V84/><F25/><W117/><G117/><T95/><D72/><U4/><E119/><V81/><F113/><W77/><G0/><T133/><D109/><U123/><E123/><V108/><F108/><W105/><G110/><T40/><D40/><U11/><E104/><V32/><F32/><W42/><G77/><T53/><D133/><U45/><E106/><V17/><F17/><W120/><G120/><T19/><D9/><U7/><E23/><V75/><F75/><W135/><G135/><T103/><D103/><U10/><E10/><V97/><F97/><W125/><G105/><T74/><D74/><U67/><E67/><V100/><F100/><W62/><G90/><T61/><REACH who="0" step="1"/><D129/><REACH who="0" ten="124,282,304,280" step="2"/><U71/><E11/><V99/><F38/><W58/><G102/><T21/><D21/><U121/><E121/><V130/><F36/><W35/><G101/><T8/><D8/><U15/><E71/><V124/><F130/><W107/><G69/><T34/><D34/><U96/><E96/><V27/><F99/><W76/><G68/><T89/><D89/><U5/><AGARI ba="0,1" hai="4,5,7,15,18,22,45,50,54,80,82,83,85,86" machi="5" ten="30,2000,0" yaku="0,1,8,1" doraHai="134" who="1" fromWho="1" sc="124,-5,282,30,304,-5,280,-10" owari="119,-38.0,312,41.0,299,10.0,270,-13.0" /></mjloggm>