<mjloggm ver="2.3"><GO type="193" lobby="0"/><UN n0="%6D%69%63%63%68%69%69%69" n1="%E6%9D%B1%E4%BA%AC%E7%89%B9%E8%A8%B1%E8%A8%B1%E5%8F%AF%E5%B1%80" n2="%E3%81%9B%E3%81%AA%E3%81%AE%E3%81%88" n3="%E5%B0%B1%E6%B4%BB%E7%94%9F%40%E5%B7%9D%E6%9D%91%E8%BB%8D%E5%9B%A3" dan="12,12,10,12" rate="1685.11,1659.29,1584.95,1849.37" sx="F,F,M,M"/><TAIKYOKU oya="0"/><INIT seed="0,0,0,0,4,84" ten="250,250,250,250" oya="0" hai0="83,128,133,7,0,54,73,86,42,82,63,49,92" hai1="69,4,76,71,85,77,2,44,22,50,56,126,104" hai2="24,35,122,65,27,15,18,45,6,40,111,47,1" hai3="26,31,106,58,30,74,103,107,96,48,41,3,21"/><T52/><D133/><U28/><E104/><V43/><F122/><W39/><G3/><T13/><D128/><U112/><E126/><V109/><F65/><W20/><G39/><T116/><D116/><U32/><E112/><V97/><F97/><W99/><G74/><T33/><D33/><U17/><E32/><V10/><F45/><W81/><G81/><T113/><D113/><U118/><E28/><V80/><F80/><W72/><G72/><T88/><D0/><U23/><E23/><V102/><F102/><W79/><G79/><T132/><D132/><U60/><E118/><V5/><F6/><W98/><G107/><T57/><D73/><U117/><E117/><V64/><F64/><W37/><G37/><T121/><D42/><U46/><E4/><V25/><F47/><W61/><G48/><T66/><D121/><U93/><E2/><V55/><F55/><W125/><G41/><T38/><D38/><U95/><E69/><V19/><F40/><W127/><G21/><T90/><D66/><N who="1" m="39175" /><E71/><V75/><F75/><W29/><G103/><T78/><D92/><N who="1" m="35403" /><E85/><V134/><F43/><W123/><G106/><T68/><D83/><U119/><E119/><V70/><F70/><W12/><G123/><T53/><D68/><U62/><E62/><V14/><F134/><W101/><G101/><T91/><D63/><U120/><E120/><V129/><F129/><W8/><G125/><T16/><D7/><U11/><E11/><AGARI ba="0,0" hai="11,13,16,49,52,53,54,57,78,82,86,88,90,91" machi="11" ten="40,18000,2" yaku="8,1,52,3,54,3" doraHai="84" who="0" fromWho="1" sc="250,180,250,-180,250,0,250,0" /><INIT seed="0,1,0,2,4,110" ten="430,70,250,250" oya="0" hai0="2,7,64,4,3,9,73,71,125,23,129,40,39" hai1="119,92,126,132,57,77,78,63,50,44,113,14,20" hai2="49,51,107,94,80,97,56,34,37,83,96,67,28" hai3="131,88,130,13,33,68,5,22,30,100,16,70,36"/><T133/><BYE who="1" /><D73/><U116/><E116/><V84/><F37/><W127/><G36/><T79/><D71/><U122/><E122/><V76/><F34/><W102/><G127/><T1/><D64/><U61/><E61/><V25/><F107/><W115/><G5/><T103/><D103/><N who="3" m="39465" /><G33/><T59/><D39/><U31/><E31/><V48/><F83/><W6/><G30/><T26/><D40/><U134/><E134/><V82/><F82/><W45/><G45/><T65/><D79/><U123/><E123/><V117/><F117/><W81/><G6/><T52/><D65/><U17/><E17/><V89/><F96/><W108/><G108/><T87/><D133/><U95/><E95/><V121/><F67/><W19/><G19/><T85/><D129/><N who="3" m="49161" /><G115/><T135/><D135/><U109/><E109/><V62/><F62/><W69/><G69/><T91/><D125/><U105/><E105/><V120/><F121/><W38/><G38/><T42/><D42/><U128/><E128/><V98/><F56/><W101/><N who="3" m="39473" /><W0/><DORA hai="29" /><G0/><T15/><D87/><AGARI ba="1,0" hai="13,16,22,68,70,81,87,88" m="49161,39473" machi="87" ten="40,5200,0" yaku="19,1,54,2" doraHai="110,29" who="3" fromWho="0" sc="430,-55,70,0,250,0,250,55" /><INIT seed="1,0,0,0,4,80" ten="375,70,250,305" oya="1" hai0="99,41,92,9,19,134,28,121,97,63,32,87,129" hai1="0,85,38,12,61,102,46,40,91,20,18,83,105" hai2="27,78,33,50,88,122,57,62,34,94,132,103,131" hai3="53,71,44,23,96,73,116,13,30,111,47,107,120"/><U15/><E15/><V126/><F122/><W17/><G71/><T6/><D121/><U117/><E117/><V31/><F78/><W123/><G73/><T118/><D118/><U16/><E16/><V56/><F103/><W49/><G116/><T114/><D114/><U93/><E93/><V2/><F2/><W35/><G111/><T43/><D134/><U81/><E81/><V82/><F132/><W65/><G65/><T66/><D129/><U11/><E11/><V135/><F82/><W22/><G35/><T29/><D32/><U110/><E110/><V115/><F115/><W128/><G128/><T106/><D106/><U64/><E64/><V52/><F131/><W25/><G107/><T86/><D99/><U54/><E54/><V119/><F119/><W45/><G96/><T101/><D6/><U100/><E100/><V59/><F34/><W21/><G120/><T70/><D70/><U104/><E104/><V14/><F135/><W109/><G109/><T26/><D66/><U130/><E130/><V133/><F126/><W76/><G76/><T127/><D63/><U68/><E68/><V124/><F124/><W89/><G89/><T42/><D127/><U3/><E3/><V75/><F75/><W4/><G4/><T10/><D10/><U125/><E125/><V36/><F36/><W98/><G98/><T58/><D58/><U113/><E113/><V84/><F133/><W108/><G108/><T74/><D74/><U77/><E77/><V48/><F14/><W37/><G123/><T1/><D1/><U24/><E24/><V69/><F69/><RYUUKYOKU ba="0,0" sc="375,-10,70,-10,250,30,305,-10" hai2="27,31,33,48,50,52,56,57,59,62,84,88,94" /><INIT seed="2,1,0,3,4,127" ten="365,60,280,295" oya="2" hai0="106,104,69,21,108,27,2,6,0,17,31,40,93" hai1="19,50,42,98,123,95,71,59,73,130,67,97,46" hai2="33,26,49,109,91,5,15,120,78,34,115,55,99" hai3="41,111,29,65,134,53,88,116,16,113,56,63,58"/><V81/><F115/><W23/><G116/><T25/><D108/><U121/><E121/><V11/><F120/><W30/><G113/><T83/><D69/><U76/><E76/><V8/><F109/><W64/><G111/><T4/><D40/><U118/><E118/><V54/><F55/><W77/><G77/><T133/><D133/><U100/><E100/><V114/><F114/><W39/><G134/><T60/><D60/><U43/><E43/><V38/><F38/><W124/><G124/><T112/><D112/><U48/><E48/><V47/><F26/><N who="3" m="14695" /><G41/><T32/><D83/><U51/><E51/><V105/><F105/><W135/><G39/><T80/><D80/><U92/><E92/><V131/><F131/><W20/><G20/><T62/><D62/><U1/><E1/><N who="0" m="617" /><D93/><U125/><E125/><V10/><F34/><W57/><G135/><T12/><D106/><U7/><E7/><N who="0" m="2601" /><D104/><U103/><E103/><V94/><F33/><W13/><G13/><AGARI ba="1,0" hai="12,13,17,21,25,27,31,32" m="2601,617" machi="13" ten="30,8000,1" yaku="35,5" doraHai="127" who="0" fromWho="3" sc="365,83,60,0,280,0,295,-83" /><INIT seed="3,0,0,4,4,71" ten="448,60,280,212" oya="3" hai0="111,112,118,128,19,77,126,70,131,129,94,85,25" hai1="35,109,18,8,21,100,83,124,65,92,17,53,56" hai2="98,106,93,108,96,119,117,89,90,6,102,33,13" hai3="2,67,62,28,123,45,64,34,114,110,121,20,103"/><W125/><G2/><T31/><D70/><U54/><E54/><V52/><F33/><W101/><G34/><T81/><D94/><U49/><E49/><V69/><F69/><W63/><G114/><T55/><D118/><U47/><E47/><V10/><F108/><W72/><G72/><T80/><D112/><U41/><E41/><V9/><F90/><W84/><G45/><T1/><D111/><U38/><E38/><V91/><F89/><W76/><G76/><T40/><D1/><U39/><E39/><V58/><F9/><W99/><G84/><T29/><D40/><U44/><E44/><V3/><REACH who="2" step="1"/><F3/><REACH who="2" ten="448,60,270,212" step="2"/><W27/><G110/><T79/><D126/><U7/><E7/><V42/><F42/><W46/><G125/><T130/><D130/><U36/><E36/><V50/><AGARI ba="0,1" hai="6,10,13,50,52,58,91,93,96,98,102,106,117,119" machi="50" ten="20,5200,0" yaku="1,1,0,1,7,1,54,1,53,0" doraHai="71" doraHaiUra="37" who="2" fromWho="2" sc="448,-13,60,-13,270,62,212,-26" owari="435,53.0,47,-45.0,332,13.0,186,-21.0" /></mjloggm>