<mjloggm ver="2.3"><GO type="97" lobby="0"/><UN n0="%E3%81%95%E3%82%89%E3%81%A7%E3%81%83%E3%81%82" n1="%E3%82%A6%E3%83%AB%E3%83%88%E3%83%A9%E7%AB%8B%E7%9B%B4" n2="%E7%B4%A0%E4%BA%BA%E9%BA%BB%E9%9B%80" n3="%E3%81%BE%E3%81%99%E3%81%AE%E3%81%99%E3%81%97" dan="14,14,15,14" rate="1839.57,1928.47,2113.82,1939.61" sx="F,M,M,M"/><TAIKYOKU oya="0"/><INIT seed="0,0,0,5,0,108" ten="250,250,250,250" oya="0" hai0="48,82,35,101,70,7,129,29,51,111,71,24,92" hai1="121,114,0,23,76,116,118,66,127,10,64,33,20" hai2="74,113,26,103,1,88,58,16,59,19,27,9,3" hai3="69,93,85,123,32,107,42,40,115,87,109,47,67"/><T99/><D129/><U134/><E76/><V53/><F74/><W112/><G107/><T104/><D111/><U52/><E33/><V73/><F73/><W22/><G109/><T78/><D92/><U131/><E0/><V86/><F103/><W68/><G32/><T8/><D51/><U36/><E10/><V80/><F113/><W133/><G22/><T49/><D49/><U45/><E23/><V25/><F58/><W97/><G133/><T75/><D48/><N who="1" m="28687" /><E20/><V132/><F132/><W102/><G123/><T12/><AGARI ba="0,0" hai="7,8,12,24,29,35,70,71,75,78,82,99,101,104" machi="12" ten="20,2100,0" yaku="0,1,7,1" doraHai="108" who="0" fromWho="0" sc="250,21,250,-7,250,-7,250,-7" /><INIT seed="0,1,0,5,4,119" ten="271,243,243,243" oya="0" hai0="33,44,74,106,107,2,111,98,54,57,31,76,8" hai1="124,26,104,113,116,71,45,25,66,41,38,46,87" hai2="40,95,11,101,27,64,24,99,1,130,51,68,35" hai3="28,63,9,61,122,6,102,0,3,97,134,50,15"/><T82/><D44/><U72/><E72/><V30/><F130/><W20/><G134/><T109/><D98/><U79/><E104/><V123/><F123/><W120/><G50/><T94/><D94/><U18/><E116/><V80/><F80/><W93/><G28/><T89/><D89/><U19/><E113/><V47/><F24/><W17/><REACH who="3" step="1"/><G0/><REACH who="3" ten="271,243,243,233" step="2"/><T13/><D2/><U29/><E29/><V48/><F1/><W110/><G110/><N who="0" m="41995" /><D31/><U84/><E41/><V37/><F51/><W117/><G117/><T21/><D33/><U131/><E124/><V121/><F48/><W78/><G78/><T34/><D34/><U86/><E79/><V65/><F35/><W127/><G127/><T36/><D36/><U4/><E38/><V7/><F30/><W67/><G67/><T23/><D107/><U77/><E77/><V91/><F65/><W115/><G115/><T43/><D106/><U16/><E66/><V55/><F64/><W42/><G42/><T39/><D43/><U22/><E71/><V58/><F68/><W5/><G5/><N who="0" m="3215" /><D39/><U118/><E118/><V133/><F40/><W129/><G129/><T49/><AGARI ba="1,1" hai="21,23,49,54,57,74,76,82" m="3215,41995" machi="49" ten="30,3000,0" yaku="14,1,10,1" doraHai="119" who="0" fromWho="0" sc="271,43,243,-11,243,-11,233,-11" /><INIT seed="0,2,0,2,3,53" ten="314,232,232,222" oya="0" hai0="6,3,72,26,46,54,126,55,115,109,52,65,47" hai1="60,49,61,82,28,62,100,135,32,9,22,12,125" hai2="37,110,13,129,117,23,106,86,24,120,85,33,0" hai3="78,88,4,51,71,97,8,127,92,30,124,119,93"/><T63/><D115/><U68/><E125/><N who="3" m="48202" /><G119/><T36/><D72/><U107/><E135/><V87/><F117/><W69/><G30/><T118/><D26/><N who="1" m="16471" /><E107/><V50/><F106/><W40/><G78/><T130/><D6/><N who="1" m="3127" /><E68/><V123/><F37/><W105/><G105/><T2/><D118/><U7/><E32/><V20/><F50/><W25/><G25/><T102/><D102/><U31/><E31/><V57/><F33/><W41/><G93/><T58/><D2/><U103/><E7/><V64/><F0/><N who="3" m="7" /><G41/><T34/><D34/><U79/><E49/><V99/><F120/><W17/><G17/><T74/><D74/><U39/><E39/><V134/><F123/><W91/><G91/><T128/><D3/><U111/><E111/><V48/><F110/><W67/><G67/><T44/><D126/><U89/><E79/><V18/><F134/><W27/><G27/><T70/><D109/><U19/><E19/><N who="2" m="12319" /><F64/><W98/><G97/><T121/><D121/><U43/><E43/><V10/><F99/><W101/><G101/><T66/><D36/><U114/><E114/><V16/><F18/><W21/><G21/><T133/><D133/><U42/><E42/><V96/><F96/><W75/><G75/><T108/><D108/><U29/><E29/><V1/><F1/><W73/><G73/><T132/><D132/><U45/><E103/><V81/><F23/><W35/><G35/><T14/><D14/><U15/><E100/><V94/><F10/><W80/><G80/><T84/><D84/><N who="1" m="50327" /><E15/><V11/><F13/><W95/><G95/><T5/><D5/><RYUUKYOKU ba="2,0" sc="314,10,232,10,232,-30,222,10" hai0="44,46,47,52,54,55,58,63,65,66,70,128,130" hai1="45,60,61,62" hai3="40,51,69,71,88,92,98" /><INIT seed="0,3,0,0,5,9" ten="324,242,202,232" oya="0" hai0="65,7,98,30,114,124,96,103,113,74,44,130,0" hai1="42,27,83,119,110,125,88,45,56,72,76,13,50" hai2="122,37,39,59,89,41,123,78,8,5,58,132,34" hai3="128,111,116,60,77,22,55,108,127,117,12,95,66"/><T135/><D74/><U62/><E119/><V67/><F34/><W15/><G127/><T99/><D124/><U126/><E110/><N who="3" m="42026" /><G128/><T57/><D135/><U28/><E13/><N who="3" m="5194" /><G22/><T14/><D0/><U121/><E121/><V131/><F132/><W49/><G77/><T24/><D130/><U52/><REACH who="1" step="1"/><E88/><REACH who="1" ten="324,232,202,232" step="2"/><V101/><F89/><W70/><G95/><N who="0" m="58783" /><D114/><U54/><E54/><V81/><F131/><W79/><G79/><T51/><D113/><U10/><E10/><V86/><F8/><W115/><G115/><T6/><D14/><U23/><AGARI ba="3,1" hai="23,27,28,42,45,50,52,56,62,72,76,83,125,126" machi="23" ten="30,4000,0" yaku="1,1,0,1,54,1,53,0" doraHai="9" doraHaiUra="85" who="1" fromWho="1" sc="324,-23,232,59,202,-13,232,-13" /><INIT seed="1,0,0,2,4,56" ten="301,291,189,219" oya="1" hai0="68,42,40,85,116,29,102,58,75,39,133,14,87" hai1="51,107,120,8,86,48,41,119,17,78,71,1,9" hai2="125,57,124,130,67,134,61,20,19,18,62,118,88" hai3="98,35,110,69,84,2,5,122,74,127,54,38,12"/><U23/><E107/><V70/><F118/><W36/><G122/><T45/><D68/><U24/><E120/><V72/><F72/><W21/><G74/><T66/><D75/><U33/><E119/><V11/><F134/><W32/><G2/><T97/><D116/><U129/><E129/><V132/><F132/><W47/><G69/><T100/><D133/><U15/><E71/><V131/><F11/><N who="1" m="4169" /><E33/><V106/><F106/><W63/><G5/><T53/><D14/><U22/><E1/><V83/><F83/><W90/><G98/><T93/><D40/><U94/><E41/><V30/><F30/><W114/><G114/><T77/><D29/><N who="1" m="17559" /><E78/><V27/><F18/><W44/><G110/><T103/><D66/><U50/><E50/><V0/><F0/><W60/><G127/><N who="2" m="48713" /><F88/><AGARI ba="0,0" hai="15,17,23,48,51,86,88,94" m="17559,4169" machi="88" ten="30,2900,0" yaku="8,1,54,1" doraHai="56" who="1" fromWho="2" sc="301,0,291,29,189,-29,219,0" /><INIT seed="1,1,0,3,2,131" ten="301,320,160,219" oya="1" hai0="32,89,25,85,120,62,33,67,130,106,4,71,44" hai1="97,79,112,135,87,46,104,69,133,39,48,101,122" hai2="3,78,50,2,10,6,29,119,126,9,65,123,18" hai3="54,86,124,91,88,1,70,84,75,59,114,93,113"/><U102/><E69/><V96/><F119/><W19/><G75/><T51/><D130/><U127/><E39/><V61/><F126/><W98/><G70/><T20/><D106/><U108/><E122/><V40/><F123/><W23/><G124/><T63/><D120/><U14/><E127/><V8/><F78/><W36/><G1/><T47/><D63/><U56/><E112/><V72/><F72/><W11/><G11/><T30/><D4/><U28/><E28/><V74/><F74/><W26/><G36/><T111/><D111/><U92/><E56/><V27/><F96/><W110/><G110/><T35/><REACH who="0" step="1"/><D51/><REACH who="0" ten="291,320,160,219" step="2"/><U13/><E108/><V0/><F50/><W81/><REACH who="3" step="1"/><G98/><REACH who="3" ten="291,320,160,209" step="2"/><T76/><D76/><U52/><E79/><V105/><F0/><W5/><G5/><T73/><D73/><U58/><E87/><V37/><F6/><W129/><G129/><T82/><AGARI ba="1,2" hai="20,25,30,32,33,35,44,47,62,67,71,82,85,89" machi="82" ten="30,2000,0" yaku="1,1,0,1,53,0" doraHai="131" doraHaiUra="103" who="0" fromWho="0" sc="291,43,320,-11,160,-6,209,-6" /><INIT seed="2,0,0,2,2,24" ten="334,309,154,203" oya="2" hai0="132,62,112,120,13,103,67,14,39,2,32,100,55" hai1="31,52,106,97,58,20,122,85,66,126,123,78,115" hai2="27,46,35,3,29,1,26,59,45,87,48,33,65" hai3="16,71,8,47,124,68,42,69,36,133,22,15,121"/><V76/><F46/><W104/><G121/><N who="1" m="46090" /><E115/><V18/><F76/><W11/><G104/><T41/><D120/><U84/><E126/><V127/><F127/><W118/><G124/><T5/><D112/><U128/><E128/><V113/><F113/><W17/><G118/><T98/><D32/><U110/><E66/><V111/><F111/><W25/><REACH who="3" step="1"/><G133/><REACH who="3" ten="334,309,154,193" step="2"/><T21/><D132/><U134/><E110/><V88/><F65/><W9/><AGARI ba="0,1" hai="8,9,11,15,16,17,22,25,36,42,47,68,69,71" machi="9" ten="40,8000,1" yaku="1,1,2,1,0,1,54,1,53,0" doraHai="24" doraHaiUra="80" who="3" fromWho="3" sc="334,-20,309,-20,154,-40,193,90" /><INIT seed="3,0,0,3,4,48" ten="314,289,114,283" oya="3" hai0="104,102,65,106,73,53,71,44,8,15,62,23,49" hai1="22,87,78,0,60,55,131,107,70,59,4,26,45" hai2="96,56,35,124,57,31,54,81,21,50,133,115,17" hai3="86,122,95,119,118,42,108,117,84,27,67,88,33"/><W82/><G122/><T83/><D23/><U101/><E70/><V98/><F115/><W10/><G67/><T41/><D102/><U36/><E131/><V120/><F120/><W116/><G116/><T34/><D34/><U129/><E129/><V7/><F133/><W1/><G42/><T91/><D41/><U100/><E107/><V24/><F124/><W90/><G108/><T61/><D61/><U93/><E0/><V2/><F81/><W69/><G69/><T92/><D73/><U72/><E72/><V28/><F28/><W18/><G33/><T6/><D83/><N who="1" m="47607" /><E36/><V105/><F105/><W64/><G64/><T14/><D15/><U125/><E125/><V9/><REACH who="2" step="1"/><F57/><REACH who="2" ten="314,289,104,283" step="2"/><W3/><REACH who="3" step="1"/><G10/><REACH who="3" ten="314,289,104,273" step="2"/><T58/><D71/><U80/><E80/><V12/><AGARI ba="0,2" hai="2,7,9,12,17,21,24,31,35,50,54,56,96,98" machi="12" ten="20,12000,2" yaku="1,1,2,1,0,1,7,1,24,2,52,1,53,0" doraHai="48" doraHaiUra="43" who="2" fromWho="2" sc="314,-30,289,-30,104,140,273,-60" /><INIT seed="4,0,0,0,2,101" ten="284,259,244,213" oya="0" hai0="66,95,41,116,114,25,104,33,37,44,19,105,109" hai1="2,111,129,102,16,9,108,68,83,106,18,112,17" hai2="0,26,74,85,130,110,20,69,49,45,81,3,98" hai3="31,60,76,48,82,34,7,14,5,35,96,63,94"/><T113/><D116/><U126/><E68/><V92/><F74/><W1/><G1/><T32/><D109/><N who="1" m="42059" /><E83/><V40/><F130/><W127/><G127/><T115/><D66/><U28/><E102/><V21/><F69/><W4/><G14/><T15/><D95/><U119/><E106/><N who="0" m="41065" /><D25/><U29/><E119/><V89/><F21/><AGARI ba="0,0" hai="15,19,21,32,33,37,41,44,113,114,115" m="41065" machi="21" ten="40,12000,1" yaku="15,1,52,3" doraHai="101" who="0" fromWho="2" sc="284,120,259,0,244,-120,213,0" owari="404,51.0,259,6.0,124,-38.0,213,-19.0" /></mjloggm>