<mjloggm ver="2.3"><GO type="97" lobby="0"/><UN n0="%6D%6D%75%75%72%72%61%61" n1="%E3%81%BF%E3%81%86" n2="%E3%82%A6%E3%83%AB%E3%83%88%E3%83%A9%E7%AB%8B%E7%9B%B4" n3="%E3%81%86%E3%81%95%E3%81%8E%E3%81%AE%E6%B6%99" dan="13,14,15,14" rate="2028.32,1953.17,2003.22,2003.91" sx="M,M,M,M"/><TAIKYOKU oya="0"/><INIT seed="0,0,0,0,1,78" ten="250,250,250,250" oya="0" hai0="79,133,67,58,80,128,37,127,27,106,68,73,54" hai1="130,2,64,14,114,121,123,100,11,9,39,83,132" hai2="103,82,15,24,101,71,90,18,59,75,34,21,38" hai3="47,22,1,84,62,99,86,129,115,88,57,107,55"/><T112/><D112/><U8/><E64/><V61/><F38/><W117/><G115/><T40/><D106/><U13/><E114/><V31/><F71/><W35/><G117/><T56/><D127/><U66/><E100/><V134/><F134/><W104/><G35/><T17/><D133/><U87/><E66/><V116/><F116/><W6/><G129/><T43/><D128/><U118/><E39/><V77/><REACH who="2" step="1"/><F90/><REACH who="2" ten="250,250,240,250" step="2"/><W98/><G88/><T50/><D37/><U45/><E132/><V122/><F122/><W63/><G104/><T48/><D68/><U32/><E130/><V41/><F41/><W12/><G107/><T46/><D40/><U85/><E118/><V4/><F4/><W70/><G6/><T135/><D135/><U29/><E123/><V109/><F109/><W92/><G70/><T33/><D67/><AGARI ba="0,1" hai="15,18,21,24,31,34,59,61,67,75,77,82,101,103" machi="67" ten="30,3900,0" yaku="1,1,7,1,52,1,53,0" doraHai="78" doraHaiUra="81" who="2" fromWho="0" sc="250,-39,250,0,240,49,250,0" /><INIT seed="1,0,0,0,5,48" ten="211,250,289,250" oya="1" hai0="84,30,127,43,74,121,60,58,23,131,114,21,32" hai1="64,49,45,103,17,34,50,66,3,22,1,113,13" hai2="4,117,78,95,52,135,15,133,68,126,73,130,124" hai3="100,71,116,41,8,63,10,79,86,125,111,122,31"/><U40/><E113/><V19/><F68/><W39/><G122/><T44/><D74/><U54/><E34/><V53/><F117/><W36/><G116/><T129/><D114/><U20/><E3/><V109/><F109/><W94/><G111/><T24/><D121/><U11/><E103/><V119/><F119/><W56/><G71/><T115/><D115/><U9/><E1/><V93/><F4/><W2/><G31/><T0/><D0/><U27/><E66/><V72/><F130/><W99/><G125/><N who="2" m="48233" /><F93/><W77/><G79/><T7/><D127/><U75/><E64/><V85/><F95/><W12/><G2/><T37/><D7/><U16/><E75/><N who="2" m="28747" /><F85/><W104/><G41/><T108/><D108/><U118/><E118/><V83/><F83/><W46/><G46/><AGARI ba="0,0" hai="9,11,13,16,17,20,22,27,40,45,46,49,50,54" machi="46" ten="30,11600,0" yaku="7,1,8,1,52,1,54,1" doraHai="48" who="1" fromWho="3" sc="211,0,250,116,289,0,250,-116" /><INIT seed="1,1,0,1,5,92" ten="211,366,289,134" oya="1" hai0="31,102,75,29,97,63,98,104,5,4,110,50,66" hai1="11,129,105,94,89,107,43,130,96,20,85,26,99" hai2="53,78,30,86,38,0,10,35,57,1,9,74,112" hai3="46,134,121,67,71,23,76,8,61,87,47,60,68"/><U72/><E43/><V6/><F74/><W45/><G121/><T118/><D75/><U51/><E51/><V103/><F38/><W52/><G134/><T19/><D118/><U13/><E72/><V7/><F103/><W132/><G132/><T64/><D110/><U131/><E107/><V41/><F41/><W58/><G8/><T117/><D117/><U126/><E126/><V37/><F37/><W40/><G23/><T36/><D36/><U91/><E105/><V95/><F112/><W16/><G16/><T54/><D19/><N who="1" m="12575" /><E91/><V73/><F73/><W69/><G87/><T24/><D104/><U15/><E15/><V28/><F35/><W115/><G115/><T42/><D42/><U113/><E113/><V120/><F120/><W133/><G76/><T25/><D102/><U79/><E79/><V2/><F2/><W100/><G100/><T49/><D54/><U70/><E70/><N who="3" m="27242" /><G133/><T84/><D84/><U88/><E89/><V27/><F27/><W122/><G122/><T123/><D123/><U81/><E81/><V125/><F125/><W93/><G93/><T127/><D63/><U33/><E33/><V124/><F124/><AGARI ba="1,0" hai="4,5,24,25,29,31,49,50,64,66,97,98,124,127" machi="124" ten="25,6400,0" yaku="22,2,52,2" doraHai="92" who="0" fromWho="2" sc="211,67,366,0,289,-67,134,0" /><INIT seed="2,0,0,5,2,131" ten="278,366,222,134" oya="2" hai0="17,19,89,49,25,9,15,119,74,56,39,22,59" hai1="101,80,67,8,70,62,51,24,107,10,32,23,123" hai2="129,86,97,29,1,76,134,87,18,84,111,31,114" hai3="60,109,63,69,104,53,72,13,66,37,40,41,45"/><V94/><F1/><W133/><G104/><T115/><D74/><U125/><E23/><V91/><F114/><W93/><G72/><T58/><D39/><U82/><E125/><V122/><F122/><W120/><G120/><T98/><D115/><U124/><E51/><V28/><F129/><W135/><G109/><T34/><D34/><U121/><E124/><V20/><F111/><W44/><G93/><T27/><D119/><U73/><E10/><V48/><F48/><N who="3" m="26631" /><G13/><T106/><D106/><U6/><E82/><V90/><F76/><W3/><G3/><T46/><D27/><U38/><E38/><V113/><F113/><W14/><G14/><T2/><D2/><N who="1" m="87" /><E80/><V78/><F78/><W99/><G99/><T35/><D35/><U11/><E11/><V117/><F117/><W88/><G88/><T43/><D89/><U12/><E12/><V96/><F96/><AGARI ba="0,0" hai="9,15,17,19,22,25,43,46,49,56,58,59,96,98" machi="96" ten="40,1300,0" yaku="8,1" doraHai="131" who="0" fromWho="2" sc="278,13,366,0,222,-13,134,0" /><INIT seed="3,0,0,0,4,20" ten="291,366,209,134" oya="3" hai0="87,88,123,110,60,72,15,2,81,118,63,21,6" hai1="23,32,41,30,89,80,134,28,7,106,31,17,102" hai2="8,73,49,104,131,95,3,47,37,64,115,71,84" hai3="40,128,97,22,85,125,51,46,33,34,119,14,50"/><W26/><G119/><T112/><D118/><U76/><E32/><V77/><F104/><W113/><G113/><T61/><D123/><U19/><E41/><V70/><F131/><W62/><G128/><T101/><D112/><U121/><E121/><V98/><F64/><W120/><G120/><T126/><D126/><U52/><E7/><V103/><F115/><W114/><G114/><T9/><D110/><U0/><E0/><V43/><F84/><W86/><G125/><T111/><D111/><U109/><E109/><V130/><F49/><N who="3" m="26823" /><G34/><T45/><D72/><U39/><E39/><V122/><F122/><W12/><G33/><T1/><D101/><U69/><E69/><V67/><F67/><W35/><G35/><T100/><D100/><U4/><E4/><N who="2" m="1055" /><F130/><W99/><G62/><T105/><D105/><U117/><E102/><V108/><F108/><W65/><G65/><T16/><D45/><U132/><E106/><V57/><F57/><W127/><G127/><T96/><D96/><N who="3" m="36937" /><G51/><T91/><REACH who="0" step="1"/><D1/><REACH who="0" ten="281,366,209,134" step="2"/><U83/><E117/><V24/><F71/><W54/><G86/><T13/><D13/><U25/><E134/><V133/><F70/><W68/><G85/><T10/><D10/><U38/><E132/><V59/><F133/><W74/><G68/><T53/><D53/><U5/><E52/><V107/><F59/><N who="3" m="33239" /><G74/><T18/><D18/><AGARI ba="0,1" hai="12,14,18,22,26" m="33239,36937,26823" machi="18" ten="30,2900,0" yaku="8,1,52,1" doraHai="20" who="3" fromWho="0" sc="281,-29,366,0,209,0,134,39" /><INIT seed="3,1,0,1,5,129" ten="252,366,209,173" oya="3" hai0="104,97,92,47,29,99,113,27,44,6,63,77,0" hai1="123,42,93,53,130,135,109,127,35,95,16,50,11" hai2="52,5,20,67,132,73,105,84,23,103,1,72,71" hai3="102,33,81,106,69,51,133,128,21,108,28,3,49"/><W56/><G69/><T126/><D113/><U112/><E123/><V107/><F84/><W78/><G33/><T57/><D126/><U111/><E35/><V54/><F5/><W18/><G28/><T15/><D0/><U25/><E112/><V66/><F1/><W46/><G3/><T119/><D119/><U83/><E127/><V31/><F103/><W39/><G128/><T41/><D104/><U48/><E42/><V98/><F98/><W59/><G39/><T101/><D97/><U110/><E130/><V26/><F26/><W65/><G108/><T62/><D77/><U32/><E83/><V94/><F94/><N who="1" m="35849" /><E53/><V120/><F31/><W2/><G2/><T87/><D87/><U45/><E45/><V85/><F85/><N who="3" m="48311" /><G133/><T14/><D6/><U82/><E82/><V89/><F89/><W117/><G117/><T64/><D63/><U131/><E135/><V58/><F58/><W90/><G106/><T13/><D41/><U60/><E60/><V22/><F22/><AGARI ba="1,0" hai="13,14,15,22,27,29,44,47,57,62,64,92,99,101" machi="22" ten="40,5200,0" yaku="25,2,8,1" doraHai="129" who="0" fromWho="2" sc="252,55,366,0,209,-55,173,0" owari="307,11.0,366,47.0,154,-35.0,173,-23.0" /></mjloggm>