<mjloggm ver="2.3"><GO type="97" lobby="0"/><UN n0="%38%37%6D%6B%63%54" n1="%E3%81%A8%E3%82%82%E3%81%8D%E3%82%85%E3%82%93%E2%99%AA" n2="%54%45%4E%48%4F%55" n3="%E3%82%A6%E3%83%AB%E3%83%88%E3%83%A9%E7%AB%8B%E7%9B%B4" dan="13,14,13,15" rate="1846.17,1951.97,1997.08,1972.01" sx="M,F,F,M"/><TAIKYOKU oya="0"/><INIT seed="0,0,0,4,4,47" ten="250,250,250,250" oya="0" hai0="91,133,83,97,64,51,15,86,71,45,126,107,118" hai1="78,34,90,13,112,76,3,61,9,6,4,110,113" hai2="111,19,87,79,92,27,84,105,46,28,41,65,40" hai3="127,70,14,128,22,100,37,7,98,52,131,58,62"/><T20/><D118/><U119/><E119/><V93/><F105/><W85/><G37/><T31/><D126/><U82/><E110/><V123/><F111/><W135/><G70/><T94/><D133/><U134/><E134/><V95/><F123/><W12/><G135/><T103/><D107/><U66/><E34/><V108/><F108/><W77/><G127/><T17/><D71/><U8/><E90/><V129/><F129/><N who="3" m="49739" /><G7/><T132/><D132/><U59/><REACH who="1" step="1"/><E78/><REACH who="1" ten="250,240,250,250" step="2"/><V56/><F79/><W5/><G77/><T23/><D31/><U60/><E60/><V1/><F1/><W106/><G5/><T39/><D39/><U38/><E38/><V21/><F28/><W89/><G22/><N who="0" m="11583" /><D64/><U18/><E18/><V24/><F19/><W10/><G10/><T57/><D57/><U121/><E121/><V54/><F65/><W67/><G67/><T88/><D91/><U29/><E29/><V124/><F124/><W48/><G62/><T69/><D69/><U53/><E53/><AGARI ba="0,1" hai="20,23,45,51,53,83,86,88,94,97,103" m="11583" machi="53" ten="30,5800,0" yaku="8,1,52,1,54,1" doraHai="47" who="0" fromWho="1" sc="250,68,240,-58,250,0,250,0" /><INIT seed="0,1,0,1,2,97" ten="318,182,250,250" oya="0" hai0="50,68,81,5,34,101,26,123,61,108,27,115,15" hai1="66,14,124,9,76,62,7,113,65,77,43,18,70" hai2="71,119,6,57,103,111,126,37,83,130,35,135,30" hai3="51,85,133,25,94,84,128,12,53,87,58,93,80"/><T28/><D123/><U2/><E124/><V90/><F71/><W16/><G128/><T134/><D115/><U56/><E113/><V78/><F37/><W86/><G25/><T122/><D122/><U105/><E105/><V40/><F126/><W69/><G69/><T127/><D134/><U31/><E31/><V91/><F130/><W52/><G53/><T44/><D127/><U20/><E43/><V117/><F135/><W67/><G67/><T1/><D1/><U107/><REACH who="1" step="1"/><E107/><REACH who="1" ten="318,172,250,250" step="2"/><V33/><F40/><W11/><G133/><T3/><D28/><U96/><E96/><V23/><F30/><W49/><G49/><T89/><D34/><U54/><E54/><V120/><F120/><W104/><G104/><T41/><D41/><U109/><E109/><V46/><F111/><W8/><G8/><T75/><D108/><U125/><E125/><V129/><F129/><W114/><G114/><T24/><D68/><U21/><E21/><V102/><F23/><W38/><G38/><T92/><D61/><AGARI ba="1,1" hai="2,7,9,14,18,20,56,61,62,65,66,70,76,77" machi="61" ten="40,2600,0" yaku="1,1,53,1" doraHai="97" doraHaiUra="32" who="1" fromWho="0" sc="318,-29,172,39,250,0,250,0" /><INIT seed="1,0,0,3,3,99" ten="289,211,250,250" oya="1" hai0="135,124,91,119,21,103,117,29,19,76,93,133,62" hai1="68,55,118,58,50,132,131,57,36,35,66,121,56" hai2="23,104,43,95,78,42,12,59,127,2,87,31,126" hai3="112,28,109,70,27,3,130,128,16,17,30,82,44"/><U115/><E35/><V60/><F2/><W102/><G70/><T40/><D40/><U100/><E100/><V108/><F104/><W79/><G3/><T48/><D29/><U49/><E121/><V34/><F108/><W71/><G71/><T51/><D76/><U129/><E118/><N who="0" m="45065" /><D62/><N who="1" m="40023" /><E115/><V134/><F134/><N who="0" m="51210" /><D124/><N who="2" m="47658" /><F34/><W88/><G44/><T85/><D103/><U86/><E86/><V24/><F12/><AGARI ba="0,0" hai="12,19,21,48,51,85,91,93" m="51210,45065" machi="12" ten="30,1000,0" yaku="20,1" doraHai="99" who="0" fromWho="2" sc="289,10,211,0,250,-10,250,0" /><INIT seed="2,0,0,5,1,98" ten="299,211,240,250" oya="2" hai0="56,87,123,49,63,12,25,11,130,61,82,18,85" hai1="54,104,100,9,91,113,69,40,119,53,93,86,70" hai2="47,78,126,133,51,124,71,34,2,135,109,0,72" hai3="80,52,23,89,81,29,125,128,64,112,46,7,84"/><V83/><F34/><W43/><G112/><T58/><D123/><U94/><E119/><V35/><F35/><W22/><G125/><N who="2" m="48233" /><F71/><W103/><G128/><T131/><D130/><U44/><E113/><V4/><F109/><W30/><G64/><T59/><D131/><U92/><E104/><V129/><F129/><W88/><G7/><T21/><D49/><N who="1" m="26759" /><E69/><V42/><F4/><W10/><G10/><T50/><D50/><U28/><E70/><V26/><F26/><W121/><G121/><T39/><D39/><U20/><E9/><V117/><F117/><W6/><G6/><N who="0" m="3191" /><D87/><U97/><E28/><V55/><F55/><N who="1" m="21001" /><E20/><V60/><F60/><W1/><G1/><AGARI ba="0,0" hai="0,1,2,42,47,51,72,78,83,133,135" m="48233" machi="1" ten="30,1500,0" yaku="18,1" doraHai="98" who="2" fromWho="3" sc="299,0,211,0,240,15,250,-15" /><INIT seed="2,1,0,1,0,82" ten="299,211,255,235" oya="2" hai0="25,112,63,114,31,98,106,5,88,52,0,133,79" hai1="36,105,30,81,125,35,116,15,113,56,40,4,69" hai2="117,53,24,107,37,18,34,123,19,78,8,135,13" hai3="109,120,22,2,44,58,110,94,67,101,93,99,122"/><V87/><F117/><W47/><G2/><T42/><D79/><U27/><E69/><V103/><F123/><W128/><G22/><T21/><D42/><U60/><E116/><V54/><F37/><W75/><G75/><T72/><D72/><U65/><E113/><V16/><F135/><W3/><G3/><T57/><D0/><U124/><E105/><V9/><F107/><W84/><G58/><T104/><D5/><U10/><E36/><V38/><F38/><W102/><G67/><T32/><D133/><U95/><E40/><V127/><F103/><W17/><G17/><T33/><D106/><U39/><E39/><V131/><F127/><W74/><G74/><T20/><D33/><U100/><E100/><V55/><F131/><W119/><G119/><T83/><D104/><U64/><E95/><V115/><F115/><W118/><G118/><T6/><D6/><U29/><E29/><V77/><F13/><W89/><G47/><T86/><D112/><U71/><REACH who="1" step="1"/><E81/><REACH who="1" ten="299,201,255,235" step="2"/><V66/><F34/><W80/><G128/><T14/><D114/><U129/><E129/><V61/><F24/><W46/><G122/><T132/><D32/><U28/><E28/><V62/><F66/><W45/><G120/><T111/><D132/><U134/><E134/><V121/><F121/><W11/><G101/><T126/><D126/><U70/><E70/><V90/><F8/><W92/><REACH who="3" step="1"/><G11/><REACH who="3" ten="299,201,255,225" step="2"/><T68/><D31/><U73/><E73/><V130/><F9/><W97/><G97/><T49/><D98/><U108/><E108/><AGARI ba="1,2" hai="44,45,46,80,84,89,92,93,94,99,102,108,109,110" machi="108" ten="40,8000,1" yaku="1,1,14,1,52,1,53,1" doraHai="82" doraHaiUra="85" who="3" fromWho="1" sc="299,0,201,-83,255,0,225,103" /><INIT seed="3,0,0,2,0,23" ten="299,118,255,328" oya="3" hai0="89,36,121,129,29,79,27,104,84,5,6,86,14" hai1="108,47,116,19,69,59,35,80,3,75,15,18,2" hai2="41,113,40,0,16,33,131,83,102,28,110,62,109" hai3="49,65,37,118,114,50,132,105,95,111,91,97,4"/><W45/><G105/><T8/><D36/><U67/><E47/><V124/><F113/><W30/><G118/><T60/><D121/><U125/><E59/><V127/><F0/><W61/><G114/><T22/><D104/><U12/><E67/><V117/><F117/><W66/><G132/><T92/><D129/><U81/><E69/><V17/><F102/><W7/><G37/><T53/><D79/><U85/><E116/><V46/><F62/><W90/><G30/><T31/><D31/><U55/><E55/><V106/><F106/><W9/><G111/><N who="2" m="42505" /><F83/><W135/><G135/><T126/><D126/><N who="2" m="48170" /><F131/><W63/><G63/><T100/><D100/><U101/><E101/><V120/><F120/><W77/><G61/><T88/><D60/><U64/><E125/><V32/><F46/><W112/><G45/><T44/><D44/><U128/><E108/><V11/><F11/><W34/><G9/><T94/><D53/><U96/><E128/><V123/><F123/><W134/><G66/><T107/><D107/><U57/><E64/><V39/><F39/><W70/><G50/><T13/><D5/><U68/><E68/><V26/><F33/><W76/><G34/><T87/><D87/><U122/><E96/><V98/><F98/><W73/><G97/><T24/><D24/><U54/><E57/><V119/><F119/><W78/><G65/><T130/><D130/><U103/><E54/><V42/><AGARI ba="0,0" hai="16,17,26,28,32,40,41,42" m="48170,42505" machi="42" ten="40,8000,1" yaku="14,1,18,1,52,1,54,1" doraHai="23" who="2" fromWho="2" sc="299,-20,118,-20,255,80,328,-40" owari="279,-12.0,98,-40.0,335,43.0,288,9.0" /></mjloggm>