<mjloggm ver="2.3"><GO type="193" lobby="0"/><UN n0="%79%61%6D%61%6B%79%6F" n1="%6B%69%6D%2E%31%32%31%32" n2="%6F%6E%61%6E%6E" n3="%E5%B0%B1%E6%B4%BB%E7%94%9F%40%E5%B7%9D%E6%9D%91%E8%BB%8D%E5%9B%A3" dan="13,12,10,11" rate="1766.34,1646.61,1647.31,1790.36" sx="M,M,M,M"/><TAIKYOKU oya="0"/><INIT seed="0,0,0,2,1,111" ten="250,250,250,250" oya="0" hai0="34,54,47,35,12,67,44,128,133,19,58,42,57" hai1="66,5,116,48,50,45,134,64,100,9,106,118,55" hai2="40,113,22,75,18,17,110,89,31,77,36,13,28" hai3="52,82,65,60,127,2,92,91,51,121,29,95,115"/><T14/><D133/><U129/><E106/><V61/><F75/><W78/><G2/><T81/><D128/><U98/><E134/><V74/><F74/><W32/><G121/><T38/><D81/><U131/><E98/><V109/><F77/><W0/><G0/><T37/><D14/><U7/><E100/><V15/><F36/><W119/><G119/><T43/><D67/><U93/><E93/><V130/><F40/><W62/><G127/><T80/><D80/><U68/><E9/><V10/><F61/><W120/><G120/><T70/><D70/><U23/><E23/><V103/><F89/><W24/><G115/><T49/><REACH who="0" step="1"/><D57/><REACH who="0" ten="240,250,250,250" step="2"/><U11/><E68/><V71/><F103/><W90/><G65/><T53/><D53/><U83/><E55/><V79/><F71/><W69/><G69/><T132/><D132/><U25/><E45/><V39/><F39/><W102/><G82/><T46/><D46/><U104/><E83/><V6/><F79/><W122/><G122/><T3/><D3/><U56/><E56/><V125/><F130/><W16/><G78/><T124/><D124/><U20/><E116/><V76/><F76/><W99/><G52/><T72/><D72/><U59/><E118/><V86/><F125/><W41/><G41/><T8/><AGARI ba="0,1" hai="8,12,19,34,35,37,38,42,43,44,47,49,54,58" machi="8" ten="20,7800,0" yaku="1,1,0,1,7,1,9,1,53,0" doraHai="111" doraHaiUra="84" who="0" fromWho="0" sc="240,88,250,-26,250,-26,250,-26" /><INIT seed="0,1,0,4,4,29" ten="328,224,224,224" oya="0" hai0="57,7,99,4,95,55,39,133,1,129,78,123,43" hai1="85,77,65,90,42,113,108,94,53,64,45,84,14" hai2="60,79,28,72,91,49,35,20,103,32,101,92,36" hai3="25,6,87,71,89,115,54,9,104,96,18,17,5"/><T34/><D123/><U10/><E108/><V122/><F122/><W62/><G115/><T13/><D78/><U38/><E113/><V23/><F36/><W46/><G71/><T56/><D1/><U69/><E69/><V52/><F72/><W68/><G68/><T3/><D3/><U40/><E40/><V97/><F79/><W127/><G127/><T51/><D56/><U21/><E21/><V26/><F23/><W121/><G121/><T107/><D107/><U131/><E131/><V15/><F60/><W27/><G6/><T120/><D129/><U8/><E8/><V12/><F15/><W112/><G112/><T100/><D120/><U31/><E31/><V125/><F125/><W59/><G46/><T83/><D133/><U37/><E37/><V80/><F80/><W81/><G25/><T22/><D83/><N who="1" m="47215" /><E38/><V11/><F101/><W132/><G132/><T82/><D82/><U124/><E124/><V63/><F63/><W67/><G67/><T75/><D75/><U24/><E24/><V66/><F66/><W70/><G70/><T41/><D39/><U134/><E134/><V130/><F103/><W128/><G128/><T30/><D34/><U93/><E93/><V33/><F130/><W47/><G47/><T74/><D74/><U126/><E126/><V2/><F2/><W61/><G27/><N who="0" m="16759" /><D13/><U86/><E86/><V0/><F0/><W76/><G104/><T119/><D119/><U116/><E116/><V58/><F20/><W102/><G87/><T114/><D114/><U50/><E42/><AGARI ba="1,0" hai="4,7,41,42,43,51,55,57,95,99,100" m="16759" machi="42" ten="30,1500,0" yaku="8,1" doraHai="29" who="0" fromWho="1" sc="328,18,224,-18,224,0,224,0" /><INIT seed="0,2,0,1,4,28" ten="346,206,224,224" oya="0" hai0="53,35,76,84,12,95,96,86,14,46,99,44,109" hai1="114,21,42,56,4,38,83,55,102,8,62,10,73" hai2="71,88,80,122,19,26,118,45,6,75,130,20,100" hai3="3,81,72,116,64,16,115,32,40,101,117,107,105"/><T82/><D86/><U23/><E114/><V30/><F122/><W59/><G3/><T67/><D67/><U128/><E128/><V87/><F118/><W60/><G115/><T89/><D99/><U125/><E125/><V91/><F130/><W41/><G32/><T68/><D68/><U111/><E111/><V22/><F71/><W120/><G120/><T112/><D112/><U66/><E102/><V93/><F75/><W48/><G116/><T37/><D109/><U110/><E110/><V9/><F6/><W1/><G1/><T24/><D37/><U129/><E10/><V70/><F9/><W78/><G117/><T94/><D94/><U57/><E129/><V27/><F70/><W119/><G119/><T49/><REACH who="0" step="1"/><D46/><REACH who="0" ten="336,206,224,224" step="2"/><N who="1" m="23895" /><E66/><V98/><F45/><W77/><G77/><AGARI ba="2,1" hai="19,20,22,26,27,30,77,80,87,88,91,93,98,100" machi="77" ten="30,3900,0" yaku="7,1,8,1,54,1" doraHai="28" who="2" fromWho="3" sc="336,0,206,0,224,55,224,-45" /><INIT seed="1,0,0,0,3,96" ten="336,206,279,179" oya="1" hai0="54,99,108,2,114,111,104,52,109,105,92,17,102" hai1="35,31,1,50,12,100,81,80,58,101,133,93,23" hai2="69,67,25,53,3,41,89,88,68,130,112,29,19" hai3="24,87,20,22,97,131,106,27,117,78,122,127,32"/><U72/><E35/><V18/><F3/><W6/><G32/><T66/><D2/><U76/><E1/><V30/><F130/><W61/><G122/><T14/><D66/><U118/><E118/><V63/><F41/><W37/><G37/><T94/><D114/><U98/><E133/><V125/><F125/><W107/><G6/><T120/><D120/><U129/><E129/><V34/><F112/><W124/><G131/><T75/><D75/><U121/><E121/><V47/><F69/><W11/><G117/><T70/><D70/><U49/><E72/><V62/><F18/><W59/><G11/><T103/><D105/><U44/><E76/><V82/><F82/><N who="1" m="31849" /><E58/><V13/><F30/><W38/><G38/><T45/><D104/><U79/><E79/><V16/><F19/><W0/><G0/><T57/><D45/><U65/><E65/><V39/><F39/><W83/><G124/><T7/><D7/><U115/><E115/><V86/><F86/><W119/><G127/><T85/><D85/><U43/><E50/><V77/><F77/><W71/><G71/><T40/><D40/><U60/><E60/><V55/><F53/><W126/><G126/><T4/><D4/><U116/><E116/><V36/><F36/><W26/><G119/><T95/><D57/><U74/><E74/><V21/><F47/><W64/><G107/><N who="0" m="63967" /><D103/><N who="1" m="60879" /><E31/><V135/><REACH who="2" step="1"/><F135/><REACH who="2" ten="336,206,269,179" step="2"/><W51/><G51/><T9/><AGARI ba="0,1" hai="9,14,17,52,54,92,94,95,108,109,111" m="63967" machi="9" ten="40,5200,0" yaku="14,1,52,1,54,1" doraHai="96" who="0" fromWho="0" sc="336,62,206,-26,269,-13,179,-13" /><INIT seed="2,0,0,1,4,71" ten="398,180,256,166" oya="2" hai0="111,61,27,102,52,42,14,104,62,99,75,112,106" hai1="84,124,85,26,2,43,23,126,108,8,65,134,40" hai2="35,32,114,20,6,118,28,95,81,74,125,15,9" hai3="130,19,87,67,119,86,57,92,37,115,17,97,129"/><V72/><F118/><W135/><G119/><T82/><D112/><U105/><E105/><V77/><F114/><W7/><G115/><T91/><D106/><U63/><E108/><V60/><F125/><W131/><G7/><T96/><D111/><U36/><E134/><V113/><F113/><W21/><G135/><T51/><D42/><U44/><E40/><V80/><F95/><W41/><G19/><T33/><D33/><U50/><E50/><V49/><F49/><W46/><G57/><T90/><D14/><U83/><E83/><V34/><F60/><W120/><G67/><T25/><D90/><U5/><E124/><V78/><REACH who="2" step="1"/><F20/><REACH who="2" ten="398,180,246,166" step="2"/><W89/><REACH who="3" step="1"/><G120/><REACH who="3" ten="398,180,246,156" step="2"/><T76/><D96/><U88/><E126/><V58/><F58/><W66/><G66/><T127/><D127/><U59/><E65/><V121/><F121/><W30/><G30/><AGARI ba="0,2" hai="6,9,15,28,30,32,34,35,72,74,77,78,80,81" machi="30" ten="40,3900,0" yaku="1,1,9,1,53,0" doraHai="71" doraHaiUra="22" who="2" fromWho="3" sc="398,0,180,0,246,59,156,-39" /><INIT seed="2,1,0,4,0,45" ten="398,180,305,117" oya="2" hai0="13,122,118,15,11,38,89,104,21,34,115,22,94" hai1="77,40,114,29,64,79,70,46,30,133,41,106,99" hai2="84,10,92,130,16,19,85,105,1,74,113,107,72" hai3="58,129,125,63,43,62,124,86,26,73,132,25,42"/><V126/><F113/><W53/><G73/><N who="2" m="28265" /><F16/><W35/><G129/><T60/><D38/><U33/><E114/><V127/><F19/><W98/><G132/><T57/><D34/><U93/><E133/><V117/><F10/><W109/><G109/><T108/><D104/><N who="2" m="40010" /><F1/><W2/><G2/><T23/><D108/><U48/><E41/><V55/><F55/><W101/><G86/><N who="2" m="33385" /><F92/><W36/><G62/><T78/><D115/><U56/><E106/><V39/><F39/><W28/><G25/><T49/><D78/><N who="1" m="29707" /><E70/><V27/><F27/><W102/><G98/><T7/><D15/><U128/><E128/><V12/><F12/><W24/><G24/><T37/><D37/><U110/><E110/><V8/><F8/><W68/><G68/><T17/><D122/><U65/><E33/><V9/><F9/><W76/><G76/><T69/><D69/><U120/><E120/><V4/><F4/><W90/><G36/><T80/><D80/><U96/><E96/><V103/><F130/><W95/><G43/><T81/><D81/><U14/><E14/><V111/><F111/><W97/><REACH who="3" step="1"/><G42/><REACH who="3" ten="398,180,305,107" step="2"/><T71/><D71/><U0/><E0/><V3/><F3/><W135/><G135/><T59/><D60/><N who="1" m="37895" /><E65/><V121/><F121/><W75/><G75/><T66/><D66/><U47/><E46/><V5/><F5/><W18/><G18/><T112/><D17/><U44/><E47/><V61/><F61/><W87/><G87/><T131/><D131/><U134/><E134/><V31/><F31/><W50/><G50/><T82/><D7/><U54/><E40/><RYUUKYOKU ba="1,1" sc="398,-15,180,15,305,-15,107,15" hai1="29,30,44,48,54,93,99" hai3="26,28,35,53,58,63,90,95,97,101,102,124,125" /><INIT seed="3,2,1,1,0,83" ten="383,195,290,122" oya="3" hai0="60,24,71,129,93,54,113,114,33,106,94,120,111" hai1="88,124,92,29,118,102,28,1,127,122,43,79,101" hai2="21,91,36,35,38,82,56,14,107,86,73,99,19" hai3="67,10,12,87,59,17,3,74,51,78,20,100,53"/><W95/><G74/><T49/><D106/><U75/><E122/><V123/><F35/><W130/><G130/><T66/><D120/><U16/><E1/><V50/><F123/><W22/><G3/><T15/><D129/><U119/><E43/><V109/><F109/><W7/><G67/><T117/><D117/><N who="1" m="44555" /><E28/><V108/><F108/><W31/><G31/><N who="0" m="19687" /><D111/><U103/><E29/><V131/><F131/><W105/><G105/><T40/><D40/><U62/><E62/><V126/><F126/><N who="1" m="48169" /><E16/><V81/><F73/><W48/><G48/><T112/><D15/><U69/><E69/><V90/><F36/><W25/><G22/><T55/><D55/><U133/><E133/><V121/><F38/><W2/><G100/><T135/><D135/><U128/><E128/><V11/><F121/><W30/><G78/><T34/><D34/><U45/><E45/><AGARI ba="2,1" hai="45,49,54,60,66,71,93,94,112,113,114" m="19687" machi="45" ten="30,1000,0" yaku="11,1" doraHai="83" who="0" fromWho="1" sc="383,26,195,-16,290,0,122,0" owari="409,51.0,179,-22.0,290,9.0,122,-38.0" /></mjloggm>