<mjloggm ver="2.3"><GO type="169" lobby="0"/><UN n0="%E2%98%86%E3%82%BF%E3%82%AD%E3%82%AA%E3%83%B3%E2%98%85" n1="%E3%82%A6%E3%83%AB%E3%83%88%E3%83%A9%E7%AB%8B%E7%9B%B4" n2="%EF%BC%88%EF%BC%8A%EF%BC%9E%EF%BC%9C%EF%BC%89" n3="%E3%82%BF%E3%82%B1%E3%82%AA%E3%81%97%E3%82%83%E3%82%93" dan="16,16,17,18" rate="2114.14,2119.73,2169.01,2258.37" sx="M,M,M,M"/><TAIKYOKU oya="0"/><INIT seed="0,0,0,4,4,118" ten="250,250,250,250" oya="0" hai0="75,76,24,127,2,106,86,20,121,115,78,5,77" hai1="55,57,3,66,56,33,63,64,129,9,102,0,101" hai2="6,84,123,88,108,10,36,119,107,28,47,133,38" hai3="132,45,19,71,82,41,95,130,31,42,112,90,111"/><T43/><D115/><U110/><E33/><V104/><F119/><W30/><G71/><T83/><D106/><U125/><E125/><V35/><F133/><W100/><G130/><T70/><D70/><U40/><E129/><V97/><F108/><W117/><G111/><T120/><D127/><U135/><E135/><V27/><F123/><W134/><G112/><T124/><D124/><U58/><E110/><V96/><F107/><W37/><G117/><T44/><D5/><U89/><E3/><V99/><F104/><W34/><G41/><T13/><D13/><U114/><E40/><V59/><F59/><N who="1" m="22601" /><E0/><V7/><F47/><W69/><G69/><T26/><D2/><U131/><E131/><V98/><N who="2" m="25088" /><DORA hai="73" /><V17/><F17/><W93/><G19/><T52/><D52/><U81/><E9/><V21/><F35/><W23/><G34/><T109/><D109/><U92/><E92/><V67/><F67/><N who="1" m="25641" /><E114/><V11/><F11/><W87/><G134/><T116/><D116/><U103/><E81/><V22/><F22/><W126/><G126/><T54/><D54/><U122/><E89/><V15/><REACH who="2" step="1"/><F6/><REACH who="2" ten="250,250,240,250" step="2"/><W113/><G23/><T49/><D75/><U1/><E122/><N who="0" m="47209" /><D20/><U12/><E1/><V105/><F105/><W46/><G132/><T74/><D74/><U51/><E12/><V61/><F61/><AGARI ba="0,1" hai="51,55,58,61,63,101,102,103" m="25641,22601" machi="61" ten="30,1000,0" yaku="8,1" doraHai="118,73" who="1" fromWho="2" sc="250,0,250,20,240,-10,250,0" /><INIT seed="1,0,0,2,1,69" ten="250,270,230,250" oya="1" hai0="26,133,53,44,31,33,15,90,93,107,76,120,8" hai1="129,125,25,96,71,59,88,18,27,24,119,35,72" hai2="115,91,36,87,121,89,86,7,101,75,0,48,16" hai3="4,70,113,126,41,21,23,6,92,43,111,105,95"/><U97/><E71/><V110/><F75/><W131/><G70/><T114/><D107/><U47/><E72/><V80/><F121/><W13/><G105/><T5/><D114/><U122/><E122/><V116/><F116/><W57/><G57/><T55/><D120/><U94/><E119/><V104/><F115/><W17/><G111/><T29/><D133/><U50/><E125/><V45/><F110/><W52/><G126/><T12/><D76/><U79/><E79/><V1/><F7/><W106/><G106/><T37/><D31/><U81/><E81/><V77/><F77/><W42/><G131/><T66/><D66/><U98/><E129/><V128/><F128/><W135/><G135/><T123/><D123/><U134/><E134/><V28/><F28/><W60/><G21/><T58/><D15/><U103/><E35/><V127/><F127/><W3/><G3/><T10/><D10/><U30/><E30/><V84/><F84/><W63/><G63/><T130/><D130/><U82/><E59/><V56/><F56/><N who="3" m="34823" /><G113/><T67/><D67/><U32/><E32/><V124/><F124/><W22/><G22/><T46/><D37/><U112/><E112/><V99/><F36/><W132/><G132/><T73/><D73/><U54/><E18/><V19/><F0/><W34/><G34/><T74/><D74/><U65/><E65/><V39/><F39/><W62/><G62/><N who="0" m="36175" /><D55/><U2/><E2/><V64/><F1/><W100/><G100/><T49/><D49/><U14/><E14/><V78/><F64/><W38/><G38/><T20/><D33/><RYUUKYOKU ba="0,0" sc="250,10,270,10,230,-30,250,10" hai0="5,8,12,20,26,29,44,46,90,93" hai1="24,25,27,47,50,54,82,88,94,96,97,98,103" hai3="4,6,13,17,23,41,42,43,92,95" /><INIT seed="1,1,0,3,4,49" ten="260,280,200,260" oya="1" hai0="80,117,89,98,18,127,58,5,110,9,126,120,70" hai1="131,24,16,56,111,61,84,79,37,52,8,0,20" hai2="11,31,41,101,116,71,62,132,106,22,113,26,54" hai3="74,40,2,130,134,50,129,19,25,78,21,104,43"/><U112/><E37/><V128/><F116/><W28/><G104/><T105/><D70/><U122/><E122/><V60/><F41/><W68/><G68/><T90/><D117/><U135/><E112/><V44/><F113/><W51/><G2/><N who="0" m="183" /><D110/><U72/><E72/><V53/><F132/><W32/><G134/><T133/><D133/><U55/><E135/><V121/><F44/><W27/><G78/><T63/><D18/><U75/><E75/><V102/><F121/><W87/><G74/><T6/><D120/><U12/><E0/><V109/><F109/><W38/><G87/><T42/><D42/><U3/><E3/><V108/><F108/><W77/><G77/><T57/><D6/><N who="1" m="3095" /><E111/><V39/><F39/><W118/><G118/><T17/><D17/><U46/><E46/><V35/><F11/><W29/><G38/><T67/><D80/><N who="1" m="47135" /><E131/><V69/><F128/><W1/><G1/><T97/><D57/><U100/><E100/><N who="2" m="38507" /><F106/><W73/><G73/><T7/><D7/><U65/><AGARI ba="1,0" hai="16,20,24,52,55,56,61,65" m="47135,3095" machi="65" ten="30,12000,1" yaku="8,1,52,2,54,2" doraHai="49" who="1" fromWho="1" sc="260,-41,280,123,200,-41,260,-41" /><INIT seed="1,2,0,1,3,33" ten="219,403,159,219" oya="1" hai0="107,90,29,82,65,60,111,47,88,34,57,12,96" hai1="0,50,24,126,17,58,93,79,98,38,81,44,46" hai2="127,55,133,129,128,114,48,68,51,7,31,130,13" hai3="28,117,94,43,27,63,62,74,11,35,3,106,32"/><U19/><E126/><V112/><F68/><W120/><G74/><T18/><D111/><U70/><E70/><V134/><F31/><W103/><G120/><T25/><D47/><U67/><E38/><V39/><F13/><W71/><G62/><T26/><D26/><U22/><E0/><V123/><F7/><N who="3" m="1535" /><G94/><T105/><D82/><U4/><E4/><V113/><F123/><W83/><G83/><T45/><D45/><U61/><E19/><V40/><F127/><W99/><G43/><T59/><D59/><U42/><E50/><N who="2" m="18987" /><F55/><W5/><G5/><T78/><D78/><U122/><E122/><V131/><F131/><W1/><G1/><T121/><D121/><U14/><E42/><V92/><F92/><W49/><G49/><T104/><REACH who="0" step="1"/><D96/><REACH who="0" ten="209,403,159,219" step="2"/><U91/><E24/><V86/><F86/><AGARI ba="2,1" hai="14,17,22,44,46,58,61,67,79,81,86,91,93,98" machi="86" ten="30,2900,0" yaku="7,1,8,1" doraHai="33" who="1" fromWho="2" sc="209,0,403,45,159,-35,219,0" /><INIT seed="1,3,0,4,2,39" ten="209,448,124,219" oya="1" hai0="33,84,3,117,64,130,76,17,20,42,52,45,16" hai1="59,123,27,31,89,8,18,46,134,109,112,87,34" hai2="26,131,29,63,80,30,15,37,111,85,48,75,132" hai3="40,93,121,2,23,9,72,97,105,70,120,92,103"/><U79/><E123/><V96/><F37/><W0/><G23/><T22/><D33/><N who="1" m="20735" /><E79/><V133/><F75/><W55/><G70/><T71/><D117/><U119/><E59/><V62/><F131/><W127/><G72/><T58/><D3/><U25/><E89/><V82/><F96/><W14/><G55/><T99/><D130/><U12/><E87/><V36/><F36/><W118/><G118/><T107/><D64/><U101/><E46/><V115/><F48/><W78/><G78/><T88/><D71/><U49/><E49/><V13/><F26/><W47/><G2/><T56/><D76/><U106/><E101/><V10/><F10/><W50/><G0/><T57/><D107/><U5/><E106/><V35/><F35/><W44/><G44/><T67/><D99/><U61/><E61/><V91/><F91/><W51/><G51/><N who="0" m="27063" /><D67/><U54/><E54/><V94/><F94/><W102/><G127/><T28/><D52/><U113/><E119/><V124/><F85/><W53/><G53/><T74/><D74/><U90/><E90/><V4/><F124/><W110/><G105/><T60/><D60/><U7/><E134/><V73/><F73/><W77/><G77/><T129/><D129/><U95/><E95/><V135/><F135/><W1/><G120/><T65/><D65/><U81/><E81/><V43/><F43/><W126/><G126/><T6/><D6/><N who="1" m="2059" /><E109/><V41/><F111/><W66/><G110/><T114/><D88/><U104/><E104/><V24/><F132/><W21/><G121/><T125/><D125/><U108/><E108/><RYUUKYOKU ba="3,0" sc="209,-10,448,30,124,-10,219,-10" hai1="8,12,18,25,34,112,113" /><INIT seed="1,4,0,2,0,2" ten="199,478,114,209" oya="1" hai0="101,45,60,130,105,29,132,134,97,103,73,98,56" hai1="119,118,49,35,129,62,26,7,28,38,133,107,42" hai2="68,117,67,50,20,40,124,102,46,23,65,31,96" hai3="93,84,109,48,5,86,36,108,111,95,37,43,100"/><U53/><E107/><V58/><F117/><W59/><G59/><T104/><D73/><U78/><E129/><V71/><F124/><W10/><G48/><T19/><D130/><U39/><E133/><V76/><F76/><W47/><G37/><T1/><D1/><U61/><E39/><V114/><F114/><W3/><G100/><T112/><D112/><U110/><E42/><V125/><F125/><W13/><G3/><T116/><D116/><U9/><E38/><V15/><F23/><W74/><G74/><T0/><D0/><U135/><E135/><N who="0" m="51753" /><D29/><U77/><E110/><V99/><F99/><W81/><G84/><T66/><D19/><U115/><E115/><V89/><F89/><AGARI ba="4,0" hai="5,10,13,36,43,47,81,86,89,93,95,108,109,111" machi="89" ten="40,2600,0" yaku="14,1,52,1" doraHai="2" who="3" fromWho="2" sc="199,0,478,0,114,-38,209,38" /><INIT seed="2,0,0,0,5,120" ten="199,478,76,247" oya="2" hai0="72,29,71,123,85,9,30,81,92,77,66,122,24" hai1="53,22,37,21,26,89,12,104,101,47,6,36,31" hai2="59,119,125,110,75,48,73,61,126,41,76,25,35" hai3="118,23,107,114,97,116,100,74,134,0,96,3,132"/><V84/><F119/><W34/><G34/><T131/><D131/><U57/><E101/><V130/><F130/><W99/><G23/><T32/><D29/><U67/><E104/><V135/><F135/><N who="3" m="51755" /><G74/><T103/><D9/><U2/><E2/><N who="3" m="554" /><G114/><T98/><D71/><U7/><E67/><V39/><F39/><W58/><G58/><T124/><D66/><U87/><E47/><N who="2" m="25711" /><F35/><W80/><G80/><T117/><D124/><N who="2" m="47722" /><F25/><W8/><G8/><T105/><REACH who="0" step="1"/><D117/><AGARI ba="0,0" hai="96,97,99,100,107,116,117,118" m="554,51755" machi="117" ten="40,1300,0" yaku="20,1" doraHai="120" who="3" fromWho="0" sc="199,-13,478,0,76,0,247,13" /><INIT seed="3,0,0,2,4,77" ten="186,478,76,260" oya="3" hai0="53,42,62,98,35,83,87,36,127,59,81,113,103" hai1="80,78,40,34,8,70,3,41,14,38,50,105,92" hai2="132,66,107,39,102,20,33,9,24,128,27,97,115" hai3="131,68,125,122,47,43,99,91,82,111,51,55,100"/><W12/><G122/><T10/><D35/><U5/><E105/><V134/><F39/><W58/><G68/><T69/><D127/><U18/><E34/><V64/><F115/><W112/><G125/><T121/><D121/><U96/><E38/><V67/><F128/><W108/><G131/><T0/><D113/><U25/><E25/><V13/><F33/><W90/><G12/><T135/><D135/><N who="2" m="51754" /><F20/><W123/><G123/><T106/><D87/><U88/><E70/><V46/><F46/><W119/><G119/><T101/><D101/><U76/><E76/><V61/><F61/><W57/><G57/><T2/><D69/><U79/><E79/><V17/><AGARI ba="0,0" hai="9,13,17,24,27,64,66,67,97,102,107" m="51754" machi="17" ten="30,1100,0" yaku="20,1" doraHai="77" who="2" fromWho="2" sc="186,-3,478,-3,76,11,260,-5" /><INIT seed="4,0,0,5,1,44" ten="183,475,87,255" oya="0" hai0="43,53,85,34,64,62,61,33,131,31,99,81,48" hai1="39,32,30,117,76,69,120,97,92,134,94,35,68" hai2="67,40,56,111,63,95,104,29,128,11,20,118,38" hai3="57,127,65,103,79,22,17,52,71,70,28,132,5"/><T50/><D131/><U105/><E39/><V36/><F104/><W8/><G79/><T24/><D34/><U126/><E30/><V124/><F111/><W74/><G74/><T7/><D7/><U60/><E60/><V112/><F128/><W121/><G28/><T102/><D43/><U12/><E97/><V123/><F123/><W21/><G21/><T72/><D72/><U58/><E58/><V129/><F129/><W110/><G103/><T101/><D53/><U19/><E76/><V47/><F118/><W91/><G65/><T87/><D62/><U114/><E19/><V98/><F124/><W133/><G127/><T15/><D15/><U27/><E12/><V86/><F11/><W55/><G55/><T41/><D41/><U106/><E27/><V73/><F73/><W93/><G8/><T119/><D119/><U3/><E3/><V96/><F112/><W75/><G75/><T6/><D6/><U18/><E18/><V130/><F130/><W77/><G5/><T13/><D13/><U82/><E117/><V10/><F10/><W37/><G37/><T90/><D87/><U46/><E46/><V135/><F135/><W59/><G133/><T0/><D0/><U25/><E25/><V108/><F108/><W89/><G110/><T122/><D122/><U80/><E134/><V88/><REACH who="2" step="1"/><F36/><REACH who="2" ten="183,475,77,255" step="2"/><W107/><G132/><T83/><D83/><U42/><E126/><V54/><F54/><W9/><G52/><T23/><D81/><U16/><E120/><V109/><F109/><W125/><G121/><T113/><D113/><U78/><E114/><RYUUKYOKU ba="0,1" sc="183,-10,475,-10,77,30,255,-10" hai2="20,29,38,40,47,56,63,67,86,88,95,96,98" /><INIT seed="5,1,1,5,5,120" ten="173,465,107,245" oya="1" hai0="93,43,31,73,53,97,33,79,18,10,4,52,76" hai1="75,72,116,113,87,131,14,2,71,104,38,17,44" hai2="23,124,111,25,56,57,106,126,55,121,22,46,118" hai3="47,132,122,13,94,91,36,85,117,24,129,58,51"/><U26/><E71/><V64/><F106/><W134/><G36/><T6/><D43/><U74/><E2/><V15/><F121/><W29/><G13/><N who="0" m="7479" /><D33/><U63/><E104/><V66/><F118/><W65/><G122/><T11/><D73/><U1/><E1/><V82/><F82/><W99/><G117/><T119/><D31/><U60/><E116/><V125/><F111/><W32/><G129/><T41/><D41/><U105/><E105/><V89/><F89/><W42/><G65/><N who="2" m="25193" /><F15/><W37/><G58/><N who="2" m="22633" /><F25/><W80/><REACH who="3" step="1"/><G37/><REACH who="3" ten="173,465,107,235" step="2"/><T45/><D119/><U61/><E131/><V95/><F95/><W103/><AGARI ba="1,2" hai="24,29,32,42,47,51,80,85,91,94,99,103,132,134" machi="103" ten="30,7900,0" yaku="1,1,2,1,0,1,53,1" doraHai="120" doraHaiUra="77" who="3" fromWho="3" sc="173,-21,465,-40,107,-21,235,102" /><INIT seed="6,0,0,0,5,74" ten="152,425,86,337" oya="2" hai0="7,58,104,56,22,128,35,122,10,12,72,13,3" hai1="32,42,121,62,48,15,11,125,71,101,134,17,73" hai2="100,21,33,18,28,44,40,86,39,130,68,91,52" hai3="23,129,81,31,6,93,64,105,51,89,96,126,53"/><V47/><F68/><W117/><G117/><T26/><D104/><U50/><E73/><V57/><F130/><W83/><G105/><T107/><D107/><U133/><E32/><V36/><F100/><W60/><G6/><T94/><D122/><U106/><E125/><V55/><F28/><W77/><G126/><T46/><D128/><U79/><E42/><V88/><F33/><W38/><G38/><T29/><D72/><U103/><E121/><V102/><F102/><N who="1" m="38921" /><E106/><V37/><F47/><W43/><G43/><T113/><D113/><U87/><E62/><V120/><F120/><W109/><G81/><T24/><D94/><U116/><E71/><V4/><F4/><W80/><G83/><T14/><REACH who="0" step="1"/><D46/><REACH who="0" ten="142,425,86,337" step="2"/><U123/><E123/><V111/><F111/><W135/><G109/><T27/><D27/><U70/><E116/><V67/><F67/><W131/><G64/><T112/><D112/><U98/><E134/><V49/><F55/><W5/><G53/><T59/><D59/><U63/><E70/><V65/><F65/><W84/><G135/><T99/><D99/><U30/><E98/><V75/><F75/><W92/><G96/><T90/><D90/><U20/><E87/><V34/><F34/><W69/><G84/><T41/><D41/><U115/><E115/><V78/><F78/><W110/><G77/><T9/><D9/><U45/><E79/><V0/><F0/><W8/><G8/><T85/><D85/><U66/><E45/><V118/><F118/><W132/><G131/><T127/><D127/><U76/><E133/><V108/><F108/><RYUUKYOKU ba="0,1" sc="142,30,425,-10,86,-10,337,-10" hai0="3,7,10,12,13,14,22,24,26,29,35,56,58" /><INIT seed="7,1,1,4,3,33" ten="172,415,76,327" oya="3" hai0="110,107,63,54,51,85,47,38,124,4,96,102,1" hai1="94,23,78,29,118,133,19,15,55,95,88,46,111" hai2="70,67,53,122,121,11,75,83,130,62,68,71,3" hai3="45,50,120,61,99,12,65,98,100,5,73,66,13"/><W21/><G73/><T117/><D117/><U69/><E69/><N who="2" m="26731" /><F83/><W114/><G114/><T6/><D110/><U16/><E111/><V30/><F30/><W82/><G120/><N who="2" m="46185" /><F75/><W126/><G126/><T91/><D124/><U48/><E133/><V36/><F130/><W18/><G82/><T7/><D38/><U44/><E118/><V64/><F11/><N who="3" m="4207" /><G61/><T132/><D63/><U129/><E129/><V108/><F53/><N who="3" m="29903" /><G99/><T8/><D132/><U60/><E60/><V37/><F108/><W10/><G10/><T79/><D79/><U72/><E72/><V25/><F25/><W0/><G0/><T135/><D135/><U97/><E78/><V90/><F90/><W103/><G103/><T2/><D2/><U131/><E131/><V134/><F134/><W17/><G17/><T116/><D116/><U119/><E119/><V31/><F31/><W125/><G125/><T27/><D27/><N who="1" m="16639" /><E15/><V40/><F67/><W104/><G104/><T35/><D35/><U42/><E95/><AGARI ba="1,1" hai="1,4,6,7,8,47,51,54,85,91,95,96,102,107" machi="95" ten="30,2000,0" yaku="7,1,52,1" doraHai="33" who="0" fromWho="1" sc="172,33,415,-23,76,0,327,0" owari="205,-19.0,392,48.0,76,-42.0,327,13.0" /></mjloggm>