<mjloggm ver="2.3"><GO type="169" lobby="0"/><UN n0="%73%65%69%69%67%61%33" n1="%74%6F%72%69%30%36%31%32" n2="%E3%82%A6%E3%83%AB%E3%83%88%E3%83%A9%E7%AB%8B%E7%9B%B4" n3="%E3%82%8C%E3%82%93%EF%BC%8D%4E%65%77" dan="16,18,17,16" rate="2147.09,2150.40,2210.50,2037.02" sx="M,M,M,M"/><TAIKYOKU oya="0"/><INIT seed="0,0,0,5,4,19" ten="250,250,250,250" oya="0" hai0="8,25,63,83,84,134,18,57,130,16,23,68,100" hai1="54,94,110,42,64,26,101,36,114,9,75,106,11" hai2="97,51,6,29,13,7,82,104,38,49,5,89,53" hai3="87,2,117,132,55,121,28,33,31,62,96,3,41"/><T72/><D134/><U91/><E75/><V118/><F38/><W43/><G96/><T58/><D130/><U21/><E110/><V88/><F118/><W1/><G117/><T92/><D72/><U78/><E78/><V20/><F104/><W107/><G107/><T56/><D68/><U35/><E35/><V133/><F133/><W47/><G132/><T77/><D100/><U22/><E64/><V131/><F131/><W90/><G121/><T52/><D92/><U109/><E109/><V128/><F128/><W120/><G120/><T111/><D111/><U4/><E101/><V103/><F103/><W44/><G33/><T0/><D0/><U39/><E106/><V10/><F82/><W14/><G14/><AGARI ba="0,0" hai="8,14,16,18,23,25,52,56,57,58,63,77,83,84" machi="14" ten="40,12000,1" yaku="8,1,52,1,54,2" doraHai="19" who="0" fromWho="3" sc="250,120,250,0,250,0,250,-120" /><INIT seed="0,1,0,2,1,120" ten="370,250,250,130" oya="0" hai0="132,35,86,40,127,107,112,105,71,30,113,76,36" hai1="67,1,10,17,89,134,7,117,19,66,65,126,60" hai2="100,119,74,68,4,115,44,58,24,56,77,133,47" hai3="87,54,72,82,41,27,75,123,124,52,5,31,13"/><T15/><D15/><U121/><E121/><V46/><F100/><W32/><G123/><T12/><D12/><U114/><E117/><V129/><F115/><N who="0" m="44106" /><D30/><U6/><E114/><V90/><F77/><W38/><G72/><T110/><D40/><U26/><E60/><V111/><F74/><W63/><G75/><T8/><D8/><U37/><E37/><V50/><F24/><W11/><G124/><T131/><D35/><U122/><E126/><V128/><F90/><W21/><G32/><T109/><D36/><U78/><E78/><V97/><F97/><W53/><G41/><T0/><D0/><U9/><E122/><V95/><F95/><W81/><G38/><T104/><D127/><U57/><E89/><V93/><F93/><W20/><G20/><T49/><D71/><U34/><E57/><N who="2" m="22123" /><F4/><W94/><G63/><T18/><D18/><U3/><E134/><V29/><F29/><AGARI ba="1,0" hai="1,3,6,7,9,10,17,19,26,29,34,65,66,67" machi="29" ten="40,1300,0" yaku="9,1" doraHai="120" who="1" fromWho="2" sc="370,0,250,16,250,-16,130,0" /><INIT seed="1,0,0,1,5,110" ten="370,266,234,130" oya="1" hai0="34,21,66,105,15,72,36,51,86,69,106,31,73" hai1="32,40,129,49,112,6,2,119,47,84,12,60,42" hai2="76,59,44,96,22,45,1,93,75,61,25,101,130" hai3="18,120,27,121,62,9,74,109,26,57,98,131,52"/><U87/><E119/><V46/><F1/><W63/><G74/><T5/><D36/><U128/><E2/><V123/><F123/><W54/><G109/><T88/><D73/><U24/><E40/><V81/><F130/><N who="1" m="50281" /><E60/><V79/><F81/><W14/><G131/><T78/><D69/><U35/><E112/><V126/><F75/><W125/><G125/><T122/><D66/><U67/><E67/><N who="2" m="39359" /><F126/><W30/><G98/><T68/><D68/><U38/><E38/><V127/><F127/><W8/><G8/><T104/><D51/><U91/><E24/><V37/><F37/><W107/><G107/><T103/><D106/><U114/><E114/><V113/><F113/><W117/><G117/><T115/><D105/><U108/><E108/><V28/><AGARI ba="0,0" hai="22,25,28,44,45,46,76,79,93,96,101" m="39359" machi="28" ten="30,2000,0" yaku="25,1,8,1" doraHai="110" who="2" fromWho="2" sc="370,-5,266,-10,234,20,130,-5" /><INIT seed="2,0,0,1,3,13" ten="365,256,254,125" oya="2" hai0="61,126,105,29,82,97,7,59,101,69,95,109,123" hai1="11,80,3,81,64,50,27,106,88,49,93,121,100" hai2="128,79,99,132,111,6,66,68,124,2,44,76,89" hai3="70,35,51,43,94,52,78,57,46,4,33,90,58"/><V110/><F68/><W77/><G70/><T108/><D123/><U12/><E3/><V130/><F66/><W92/><G4/><T91/><D126/><U21/><E64/><V8/><F124/><W37/><G58/><T72/><D29/><N who="1" m="17647" /><E100/><V26/><F26/><W96/><G33/><T134/><D7/><N who="1" m="3199" /><E106/><V87/><F44/><W127/><G35/><T63/><D134/><U15/><E15/><V19/><F19/><W114/><G127/><T39/><D39/><U125/><E121/><V53/><F53/><W74/><G74/><T122/><D122/><U24/><E24/><V83/><F132/><W1/><G1/><T36/><D36/><U107/><E107/><V41/><F41/><W32/><G32/><T84/><D69/><U47/><E125/><V20/><F20/><W40/><G114/><T117/><D117/><U45/><E49/><V22/><F22/><W129/><G40/><T31/><D31/><U119/><E119/><V73/><F99/><W98/><REACH who="3" step="1"/><G129/><REACH who="3" ten="365,256,254,115" step="2"/><N who="2" m="49769" /><F73/><W56/><G56/><T28/><D59/><U102/><E45/><V34/><F34/><W16/><G16/><T10/><D28/><U67/><E67/><V131/><F131/><W25/><G25/><T30/><D30/><U115/><E47/><V112/><F112/><W86/><G86/><T9/><D72/><U5/><E115/><V118/><F118/><W75/><G75/><T14/><D14/><U133/><E133/><V65/><F65/><W120/><G120/><T38/><D63/><U23/><E5/><V85/><F85/><W135/><G135/><T116/><D116/><RYUUKYOKU ba="0,1" sc="365,-15,256,-15,254,15,115,15" hai2="2,6,8,76,79,83,87,89,110,111" hai3="37,43,46,51,52,57,77,78,90,92,94,96,98" /><INIT seed="2,1,1,2,4,112" ten="350,241,269,130" oya="2" hai0="120,87,104,18,99,71,62,9,116,115,22,45,31" hai1="64,73,108,81,40,24,69,93,1,126,74,52,78" hai2="131,20,127,29,106,58,39,0,92,47,111,3,132" hai3="4,43,84,28,41,2,23,57,54,38,80,50,97"/><V76/><F106/><W48/><G38/><T96/><D120/><U32/><E1/><V86/><F127/><W10/><G97/><T12/><D104/><U67/><E126/><V103/><F131/><W85/><G50/><T122/><D122/><U121/><E74/><V114/><F114/><W15/><G85/><T109/><D109/><U77/><E77/><V53/><F132/><W63/><G63/><T33/><D33/><U66/><E108/><V101/><F111/><W79/><REACH who="3" step="1"/><G2/><REACH who="3" ten="350,241,269,120" step="2"/><T107/><D99/><U61/><E121/><V89/><F3/><W100/><G100/><T26/><D87/><U88/><E40/><V46/><F0/><W7/><G7/><T91/><D62/><U17/><E69/><V6/><F6/><W21/><G21/><T95/><D71/><U72/><E72/><V110/><F110/><W25/><AGARI ba="1,2" hai="4,10,15,23,25,28,41,43,48,54,57,79,80,84" machi="25" ten="30,4000,0" yaku="1,1,0,1,8,1,53,0" doraHai="112" doraHaiUra="90" who="3" fromWho="3" sc="350,-11,241,-11,269,-21,120,63" /><INIT seed="3,0,0,2,4,73" ten="339,230,248,183" oya="3" hai0="94,76,89,79,22,49,17,129,77,67,31,26,35" hai1="15,39,25,86,87,41,116,71,120,4,106,43,69" hai2="56,92,63,20,123,110,112,6,98,62,0,28,21" hai3="44,51,38,3,117,103,124,134,58,33,93,128,108"/><W126/><G33/><T37/><D37/><U24/><E120/><V68/><F112/><W119/><G3/><T90/><D129/><U130/><E106/><V121/><F110/><W66/><G108/><T82/><D67/><U36/><E15/><V96/><F6/><W47/><G103/><T113/><D113/><U107/><E107/><V100/><F0/><W34/><G34/><T57/><D35/><U61/><E61/><V14/><F14/><W54/><G93/><T48/><D31/><U46/><E46/><N who="3" m="17450" /><G128/><T85/><D57/><U60/><E60/><V16/><F96/><AGARI ba="0,0" hai="17,22,26,48,49,76,77,79,82,85,89,90,94,96" machi="96" ten="40,8000,1" yaku="8,1,52,3" doraHai="73" who="0" fromWho="2" sc="339,80,230,0,248,-80,183,0" /><INIT seed="4,0,0,5,4,128" ten="419,230,168,183" oya="0" hai0="88,39,62,34,124,94,59,112,91,50,118,49,4" hai1="96,87,13,126,60,61,16,120,109,81,11,65,133" hai2="78,83,53,90,76,73,95,58,27,97,92,15,108" hai3="46,134,18,28,8,135,54,9,86,79,14,66,72"/><T25/><D39/><U102/><E120/><V132/><F108/><W110/><G110/><T98/><D118/><U80/><E109/><V130/><F130/><W74/><G28/><T7/><D34/><U1/><E126/><V21/><F15/><W55/><G66/><T48/><D124/><U70/><E1/><V2/><F2/><W68/><G68/><T103/><D25/><U101/><E101/><V33/><F33/><W19/><G86/><T17/><D17/><U6/><E61/><V111/><F111/><W106/><G106/><T123/><D112/><U93/><E133/><N who="3" m="50698" /><G79/><T10/><D123/><U105/><E81/><V117/><F117/><W69/><G69/><T57/><D57/><U85/><E85/><V23/><F132/><W52/><G46/><T31/><D31/><U26/><E105/><V89/><F78/><W12/><AGARI ba="0,0" hai="8,9,12,14,18,19,52,54,55,72,74" m="50698" machi="12" ten="40,8000,1" yaku="20,1,52,3,54,1" doraHai="128" who="3" fromWho="3" sc="419,-40,230,-20,168,-20,183,80" /><INIT seed="5,0,0,5,2,16" ten="379,210,148,263" oya="1" hai0="2,110,29,15,88,68,76,44,30,32,91,113,45" hai1="108,70,5,42,17,26,133,130,1,4,75,71,67" hai2="118,58,3,82,37,52,56,122,11,103,23,135,0" hai3="125,31,116,119,39,126,10,131,83,109,7,13,14"/><U60/><E75/><V97/><F122/><W120/><G39/><T129/><D2/><U54/><E133/><V48/><F37/><W41/><G41/><T69/><D110/><U27/><E42/><V99/><F118/><N who="3" m="45099" /><G31/><T40/><D76/><U19/><E130/><V36/><F36/><W121/><G109/><T46/><D40/><U81/><E81/><V98/><F135/><W73/><G131/><T132/><D132/><U134/><E108/><V57/><F103/><W63/><G63/><T21/><D15/><U100/><E100/><V66/><F66/><W18/><G83/><T59/><D59/><U117/><E134/><V128/><F128/><W104/><G104/><T96/><D45/><U35/><E117/><V51/><F82/><W106/><G106/><T6/><D32/><U72/><E72/><V77/><F77/><W24/><G24/><T12/><D12/><U93/><E93/><V127/><F127/><N who="3" m="48651" /><G73/><T55/><D30/><U124/><E124/><V112/><F112/><W102/><G102/><T61/><D113/><U85/><E35/><V94/><F94/><W107/><G107/><T101/><D101/><U86/><E1/><V20/><F51/><W123/><G13/><T80/><D80/><U25/><E54/><V8/><F0/><W87/><G87/><N who="1" m="33290" /><E71/><V50/><F3/><W22/><G7/><T38/><D69/><U78/><E78/><V95/><F95/><W33/><G33/><T64/><D68/><U34/><E34/><V43/><F43/><W28/><G123/><T79/><D129/><U111/><E111/><V53/><F57/><RYUUKYOKU ba="0,0" sc="379,-30,210,10,148,10,263,10" hai1="4,5,17,19,25,26,27,60,67,70" hai2="8,11,20,23,48,50,52,53,56,58,97,98,99" hai3="10,14,18,22,28,120,121" /><INIT seed="5,1,0,5,3,83" ten="349,220,158,273" oya="1" hai0="69,63,92,105,90,8,101,34,89,110,130,17,70" hai1="113,85,37,11,38,45,25,97,84,121,93,106,18" hai2="114,2,111,46,48,16,24,118,98,35,42,87,5" hai3="19,64,9,3,115,39,51,30,44,62,129,66,73"/><U108/><E121/><V52/><F118/><W102/><G39/><T119/><D34/><U91/><E113/><V71/><F111/><W124/><G30/><T33/><D33/><U54/><E108/><V72/><F72/><W80/><G102/><T122/><D119/><U14/><E106/><V13/><F71/><W109/><G115/><T36/><D36/><U68/><E68/><V0/><F114/><W103/><G103/><T23/><D110/><U126/><E126/><V75/><F75/><W12/><G80/><T61/><D101/><U50/><E37/><V49/><F98/><W28/><G28/><T134/><D105/><U74/><E74/><V132/><F132/><W128/><G124/><T15/><D134/><U94/><E94/><V67/><F67/><W135/><G3/><T53/><D130/><N who="3" m="50281" /><G73/><T107/><D107/><U88/><E91/><V40/><F35/><W6/><G66/><T59/><D122/><U117/><E117/><V57/><F0/><W58/><G109/><T26/><D89/><U95/><E95/><V123/><F2/><W41/><G135/><T100/><D100/><U133/><E133/><V29/><F29/><W120/><G120/><T55/><D70/><U43/><E25/><V47/><F123/><W131/><G131/><T104/><D104/><U60/><E38/><V125/><F125/><W81/><G81/><T77/><D69/><U22/><E11/><N who="2" m="6207" /><F24/><W79/><G79/><T99/><D77/><U56/><AGARI ba="1,0" hai="14,18,22,43,45,50,54,56,60,84,85,88,93,97" machi="56" ten="30,12000,1" yaku="0,1,8,1,52,2,54,1" doraHai="83" who="1" fromWho="1" sc="349,-41,220,123,158,-41,273,-41" /><INIT seed="5,2,0,2,4,111" ten="308,343,117,232" oya="1" hai0="91,11,59,124,131,98,86,46,63,51,48,109,90" hai1="118,92,30,75,45,129,25,10,105,69,33,123,27" hai2="88,49,77,67,1,42,94,62,23,81,103,84,79" hai3="80,39,133,20,120,100,14,29,96,85,61,134,78"/><U106/><E123/><V66/><F1/><W47/><G120/><T54/><D109/><U115/><E118/><V17/><F103/><W119/><G119/><T8/><D124/><U37/><E75/><V50/><F42/><W0/><G0/><T5/><D131/><U76/><E76/><V107/><F107/><W41/><G61/><T9/><D5/><U26/><E10/><V112/><F112/><W7/><G29/><T135/><D135/><N who="3" m="51721" /><G20/><T121/><D121/><U125/><E125/><V4/><F4/><W132/><G7/><T113/><D113/><U35/><E115/><V128/><F128/><W58/><G58/><T89/><D98/><U122/><E122/><V60/><F60/><W126/><G14/><T32/><D32/><U101/><E129/><V108/><F108/><W55/><G55/><T114/><D114/><U65/><E92/><V70/><F67/><W56/><G56/><T12/><D48/><U57/><E57/><V68/><F68/><W22/><G22/><T87/><REACH who="0" step="1"/><D12/><REACH who="0" ten="298,343,117,232" step="2"/><U38/><E38/><V3/><F3/><W73/><G132/><T15/><D15/><U53/><E35/><V93/><F50/><W24/><G126/><T13/><D13/><U102/><E37/><V130/><F49/><W6/><G6/><T95/><D95/><N who="2" m="36362" /><F130/><W116/><G116/><T52/><AGARI ba="2,1" hai="8,9,11,46,51,52,54,59,63,86,87,89,90,91" machi="52" ten="30,7900,0" yaku="1,1,0,1,8,1,54,1,53,0" doraHai="111" doraHaiUra="31" who="0" fromWho="0" sc="298,95,343,-41,117,-22,232,-22" /><INIT seed="6,0,0,1,3,24" ten="393,302,95,210" oya="2" hai0="115,78,72,14,37,67,5,66,118,111,135,84,54" hai1="82,127,41,91,57,77,105,64,6,110,29,98,80" hai2="38,22,88,17,47,62,122,129,48,132,26,61,3" hai3="86,89,104,126,10,93,73,11,128,19,69,15,42"/><V123/><F3/><W56/><G104/><T21/><D37/><U134/><E110/><V85/><F38/><W4/><G73/><T43/><D72/><U68/><E68/><V63/><F129/><W106/><G69/><T49/><D43/><U70/><E70/><V44/><F132/><W71/><G106/><T109/><D135/><U27/><E41/><V2/><F2/><W92/><G71/><T119/><D115/><U7/><E127/><V65/><F65/><N who="0" m="24586" /><D84/><U8/><E134/><V87/><F87/><W133/><G126/><T79/><D79/><U16/><E105/><V121/><REACH who="2" step="1"/><F48/><REACH who="2" ten="393,302,85,210" step="2"/><W28/><G128/><T103/><D49/><U75/><E75/><V32/><F32/><W13/><G133/><T52/><D111/><U46/><E77/><V60/><N who="2" m="15360" /><DORA hai="34" /><V124/><F124/><W30/><G42/><T125/><D78/><U107/><E64/><V120/><N who="2" m="30720" /><DORA hai="9" /><V18/><F18/><W83/><G19/><T130/><D109/><U102/><E16/><V33/><F33/><W31/><G86/><T40/><D40/><U112/><E6/><V131/><F131/><W76/><G4/><T36/><D130/><U99/><E7/><V25/><F25/><W113/><G76/><T108/><D108/><U81/><E27/><V100/><F100/><W51/><G51/><T59/><D103/><U94/><E102/><V53/><F53/><W1/><G1/><T95/><D125/><U55/><E55/><V58/><F58/><W39/><G56/><T50/><D54/><U97/><E57/><V12/><F12/><W35/><G39/><RYUUKYOKU ba="0,1" sc="393,-10,302,-10,85,30,210,-10" hai2="17,22,26,44,47,85,88" /><INIT seed="6,1,1,5,2,13" ten="383,292,115,200" oya="2" hai0="75,121,27,4,88,19,41,107,16,74,68,59,28" hai1="119,86,102,93,134,2,46,126,132,7,111,118,11" hai2="8,85,123,30,112,115,20,60,87,34,125,72,109" hai3="50,9,91,116,69,71,61,14,33,10,42,37,96"/><V81/><F34/><W79/><G79/><T80/><D68/><U101/><E111/><V64/><F123/><W65/><G33/><T130/><D107/><U103/><E46/><V38/><F38/><W53/><G116/><T106/><D106/><U31/><E31/><V105/><F105/><W3/><G3/><T25/><D121/><U12/><E2/><V32/><F32/><W52/><G71/><T89/><D4/><U98/><E86/><V97/><F8/><W99/><G9/><T76/><D41/><U133/><REACH who="1" step="1"/><E126/><REACH who="1" ten="383,282,115,200" step="2"/><V66/><F125/><W45/><G45/><T23/><D75/><U62/><E62/><V5/><F109/><W70/><G61/><T128/><D28/><U77/><E77/><N who="2" m="44199" /><F97/><W95/><G99/><T104/><D74/><U122/><E122/><V94/><F87/><W21/><G96/><T39/><D39/><U92/><E92/><V22/><F30/><W44/><G95/><T114/><D104/><U73/><E73/><V15/><F94/><W17/><G44/><T6/><D80/><U82/><E82/><V54/><F85/><W56/><G37/><T40/><D130/><U43/><E43/><V120/><F120/><W55/><G42/><T36/><D40/><U83/><E83/><V113/><F60/><W1/><G1/><T24/><D128/><U117/><AGARI ba="1,2" hai="7,11,12,93,98,101,102,103,117,118,119,132,133,134" machi="117" ten="40,5200,0" yaku="1,1,0,1,20,1,53,0" doraHai="13" doraHaiUra="63" who="1" fromWho="1" sc="383,-14,282,75,115,-27,200,-14" /><INIT seed="7,0,0,4,1,110" ten="369,357,88,186" oya="3" hai0="50,9,0,62,11,69,12,1,58,119,4,7,135" hai1="94,19,55,86,17,105,66,47,32,127,129,83,70" hai2="16,44,27,80,112,89,71,8,106,103,111,128,31" hai3="56,125,34,30,54,60,2,73,124,39,38,88,118"/><W120/><G73/><T22/><D119/><U3/><E105/><V35/><F111/><W5/><G118/><T63/><D135/><U101/><E3/><V21/><F128/><W126/><G120/><T98/><D69/><U64/><E32/><V114/><F71/><W115/><G115/><N who="2" m="44073" /><F8/><N who="3" m="2103" /><G88/><T51/><D98/><N who="1" m="59607" /><E127/><V100/><F106/><W28/><G34/><T97/><D97/><U130/><E70/><V82/><F44/><W23/><G23/><T61/><D58/><U102/><E102/><N who="2" m="38955" /><F89/><W104/><G104/><T42/><D42/><U81/><E129/><V93/><F93/><W43/><G43/><T99/><D99/><U67/><E130/><V59/><F59/><W41/><G41/><T121/><D121/><U87/><E81/><V109/><F109/><W14/><G14/><AGARI ba="0,0" hai="14,16,21,27,31,35,80,82" m="38955,44073" machi="14" ten="30,8000,1" yaku="15,1,52,3,54,1" doraHai="110" who="2" fromWho="3" sc="369,0,357,0,88,80,186,-80" owari="369,46.0,357,16.0,168,-23.0,106,-39.0" /></mjloggm>