<mjloggm ver="2.3"><GO type="97" lobby="0"/><UN n0="%61%76%72%69%76%61%61%76" n1="%78%78%78%28%5E%5E%29%2F" n2="%E3%82%A6%E3%83%AB%E3%83%88%E3%83%A9%E7%AB%8B%E7%9B%B4" n3="%E5%A4%A7%E4%BD%9C%E3%82%A5%E3%82%A5%E3%83%83%21%21" dan="15,13,15,15" rate="1957.35,1802.60,1987.44,1969.59" sx="F,M,M,M"/><TAIKYOKU oya="0"/><INIT seed="0,0,0,4,0,1" ten="250,250,250,250" oya="0" hai0="80,73,84,127,77,82,31,18,101,93,99,3,133" hai1="66,100,111,25,39,112,43,54,121,26,69,4,131" hai2="9,10,15,59,64,48,16,87,2,134,89,126,61" hai3="116,105,123,124,41,5,38,78,113,75,40,98,122"/><T91/><D3/><U28/><E121/><N who="3" m="46090" /><G113/><T95/><D18/><U51/><E111/><V12/><F2/><W118/><G124/><T34/><D31/><U21/><E131/><V97/><F134/><W19/><G5/><T55/><D55/><U120/><E120/><V46/><F97/><W115/><G115/><T7/><D7/><U67/><E112/><V17/><F126/><W76/><G19/><T6/><D6/><U42/><E69/><V11/><F11/><W47/><G41/><T57/><D57/><U32/><E39/><V68/><F68/><W90/><G90/><N who="0" m="51463" /><D34/><U130/><E130/><V107/><F107/><W71/><G71/><T23/><D23/><N who="1" m="15423" /><E4/><V35/><F35/><W56/><G56/><T63/><D63/><U14/><E14/><V125/><F125/><W49/><G38/><T108/><D127/><U88/><E100/><V135/><F135/><W30/><G30/><T103/><D133/><U72/><E72/><V92/><F46/><W27/><G27/><T44/><D44/><N who="1" m="28007" /><E32/><V94/><F48/><W132/><G132/><T50/><D50/><U45/><E45/><V0/><F0/><W110/><G75/><T62/><D62/><U117/><E117/><N who="3" m="45162" /><G110/><T37/><D37/><U104/><E104/><V53/><F64/><W83/><G83/><AGARI ba="0,0" hai="9,10,12,15,16,17,53,59,61,83,87,89,92,94" machi="83" ten="30,7700,0" yaku="7,1,9,1,8,1,54,1" doraHai="1" who="2" fromWho="3" sc="250,0,250,0,250,77,250,-77" /><INIT seed="1,0,0,5,0,28" ten="250,250,327,173" oya="1" hai0="22,5,78,51,81,7,83,49,89,117,103,71,88" hai1="27,56,13,131,14,116,69,54,114,8,98,80,107" hai2="1,79,72,6,85,17,47,132,10,16,18,128,53" hai3="37,99,40,92,41,9,115,101,32,15,106,126,60"/><U3/><E114/><V66/><F128/><W100/><G115/><T4/><D117/><U109/><E116/><V124/><F124/><W52/><G126/><T21/><D71/><U26/><E69/><V130/><F130/><W104/><G32/><T19/><D103/><U108/><E131/><V36/><F66/><W38/><G38/><T129/><D129/><U123/><E123/><V61/><F85/><W31/><G31/><T105/><D105/><U86/><E3/><V111/><F111/><N who="1" m="42569" /><E98/><V93/><F93/><W94/><G106/><T33/><D33/><U135/><E135/><V42/><F132/><W50/><G60/><T59/><D59/><U43/><E43/><N who="3" m="16458" /><G104/><T77/><D7/><N who="1" m="3231" /><E14/><V102/><F102/><N who="3" m="39531" /><G99/><T63/><REACH who="0" step="1"/><D63/><REACH who="0" ten="240,250,327,173" step="2"/><N who="1" m="36247" /><E107/><V74/><F61/><W125/><G125/><T58/><D58/><U76/><AGARI ba="0,1" hai="26,27,76,80,86" m="36247,3231,42569" machi="76" ten="30,3000,0" yaku="14,1,10,1" doraHai="28" who="1" fromWho="1" sc="240,-10,250,40,327,-10,173,-10" /><INIT seed="1,1,0,4,1,86" ten="230,290,317,163" oya="1" hai0="122,125,46,14,69,119,30,76,115,90,10,123,92" hai1="104,110,79,57,7,66,135,74,53,37,118,25,70" hai2="132,103,120,98,105,82,20,26,80,95,49,40,81" hai3="23,101,130,62,96,59,43,116,60,41,84,18,107"/><U63/><E118/><V54/><F40/><W102/><G116/><T131/><D69/><U36/><E104/><V19/><F120/><W11/><G130/><T112/><D46/><U121/><E74/><V129/><F129/><W133/><G133/><T85/><D30/><U22/><E79/><V29/><F132/><W64/><G101/><T38/><D38/><U73/><E135/><V42/><F42/><W127/><G127/><T52/><D52/><U44/><E73/><V94/><F29/><W21/><G11/><T117/><D14/><U99/><E121/><N who="0" m="46089" /><D10/><U3/><E110/><V124/><REACH who="2" step="1"/><F124/><REACH who="2" ten="230,290,307,163" step="2"/><W67/><G43/><T48/><D125/><U39/><E39/><V27/><F27/><W35/><G41/><T71/><D131/><U15/><E37/><V61/><F61/><W65/><G60/><T32/><D48/><N who="1" m="30887" /><E3/><V34/><F34/><W111/><G35/><T47/><D32/><U75/><E36/><V134/><F134/><W28/><G28/><T78/><D71/><U4/><E25/><V91/><F91/><W13/><G111/><T17/><D17/><U126/><E70/><V24/><F24/><W16/><REACH who="3" step="1"/><G84/><REACH who="3" ten="230,290,307,153" step="2"/><T5/><D119/><U88/><E126/><V1/><F1/><W6/><G6/><T9/><D117/><U0/><E4/><V31/><F31/><W72/><G72/><T45/><D5/><U108/><E7/><V50/><F50/><W93/><G93/><T56/><D9/><U77/><E75/><V2/><F2/><W109/><G109/><T8/><D8/><U33/><E0/><V100/><F100/><RYUUKYOKU ba="1,2" sc="230,-15,290,-15,307,15,153,15" hai2="19,20,26,49,54,80,81,82,94,95,98,103,105" hai3="13,16,18,21,23,59,62,64,65,67,96,102,107" /><INIT seed="2,2,2,2,3,63" ten="215,275,322,168" oya="2" hai0="124,92,61,27,128,35,104,90,34,55,54,79,40" hai1="45,52,51,69,14,74,107,6,31,115,119,19,86" hai2="82,26,129,38,76,65,101,67,18,127,50,33,135" hai3="25,59,72,78,117,98,36,2,133,105,58,131,32"/><V121/><F38/><W126/><RYUUKYOKU type="yao9" ba="2,2" sc="215,0,275,0,322,0,168,0" hai3="2,25,32,36,58,59,72,78,98,105,117,126,131,133" /><INIT seed="2,3,2,5,3,116" ten="215,275,322,168" oya="2" hai0="8,126,118,53,36,110,108,80,76,17,2,81,32" hai1="58,0,133,59,115,93,132,114,4,46,106,12,112" hai2="78,3,104,100,111,13,124,119,40,43,22,113,47" hai3="21,127,55,27,74,121,51,14,29,89,75,64,82"/><V35/><F35/><W9/><G121/><T122/><D36/><U87/><E106/><V134/><F3/><W130/><G130/><T79/><D32/><U128/><E0/><V97/><F119/><W37/><G37/><T94/><D118/><U101/><E46/><V91/><F113/><W84/><G127/><T95/><D53/><U103/><E128/><V67/><F124/><W85/><G85/><T96/><D17/><U18/><E4/><V15/><F78/><N who="0" m="29738" /><D8/><U20/><E103/><V86/><F67/><W70/><G64/><T131/><D2/><U54/><E87/><V33/><F33/><W109/><G70/><T38/><D38/><U16/><E18/><V49/><F40/><W7/><REACH who="3" step="1"/><G109/><REACH who="3" ten="215,275,322,158" step="2"/><N who="0" m="42091" /><D126/><U6/><E115/><V99/><F111/><W42/><G42/><T72/><D131/><U135/><E114/><V45/><F43/><W129/><G129/><T44/><D122/><U26/><E112/><V98/><F98/><W77/><G77/><N who="0" m="44071" /><D44/><AGARI ba="3,3" hai="7,9,14,21,27,29,44,51,55,74,75,82,84,89" machi="44" ten="30,7700,0" yaku="1,1,7,1,53,2" doraHai="116" doraHaiUra="105" who="3" fromWho="0" sc="215,-86,275,0,322,0,158,116" /><INIT seed="3,0,0,2,0,72" ten="129,275,322,274" oya="3" hai0="100,120,40,25,51,93,111,12,84,69,18,85,31" hai1="107,27,10,90,75,121,64,86,57,9,17,73,66" hai2="88,6,99,7,96,22,59,47,49,43,74,101,15" hai3="29,71,106,82,38,37,3,26,127,60,50,61,81"/><W65/><G3/><T32/><D120/><U56/><E121/><V95/><F74/><W39/><G127/><T91/><D69/><U55/><E107/><V58/><F22/><W4/><G4/><N who="2" m="1577" /><F15/><W110/><G110/><T48/><D111/><U135/><E135/><V67/><F67/><W78/><G60/><T126/><D126/><U34/><E34/><V108/><F108/><W42/><G106/><T128/><D128/><U16/><E90/><V105/><F105/><W132/><G132/><T117/><D117/><U54/><E27/><V92/><AGARI ba="0,0" hai="43,47,49,58,59,88,92,95,96,99,101" m="1577" machi="92" ten="30,2000,0" yaku="8,1,54,1" doraHai="72" who="2" fromWho="2" sc="129,-5,275,-5,322,20,274,-10" owari="124,-38.0,270,7.0,342,45.0,264,-14.0" /></mjloggm>