<mjloggm ver="2.3"><GO type="41" lobby="0"/><UN n0="%E2%80%A0%E5%9C%92%E5%9F%8E%E5%AF%BA%E6%80%9C%E2%80%A0" n1="%6D%6B%30%34%31%30" n2="%E5%B0%B1%E6%B4%BB%E7%94%9F%40%E5%B7%9D%E6%9D%91%E8%BB%8D%E5%9B%A3" n3="%E3%82%8F%E3%81%9F%E5%9D%8A" dan="15,14,15,15" rate="2029.95,1986.73,1957.56,1949.03" sx="F,M,M,M"/><TAIKYOKU oya="0"/><INIT seed="0,0,0,3,3,63" ten="250,250,250,250" oya="0" hai0="17,6,103,94,101,1,68,46,42,9,27,122,90" hai1="86,120,59,71,77,5,44,67,50,87,118,115,119" hai2="72,82,131,124,91,78,84,70,102,32,23,123,114" hai3="21,2,129,110,35,108,75,39,8,20,132,38,98"/><T19/><D68/><U36/><E120/><V60/><F32/><W14/><G75/><T76/><D76/><U26/><E115/><V7/><F123/><W69/><G35/><T100/><D27/><U116/><E5/><V51/><F114/><W79/><G79/><T41/><D122/><U130/><E77/><V107/><F124/><W30/><G2/><T61/><D61/><N who="1" m="40431" /><E26/><V117/><F131/><W13/><G129/><T109/><D109/><N who="3" m="42089" /><G132/><T125/><D125/><U97/><E97/><V85/><F117/><W0/><G69/><T25/><D25/><U3/><E3/><V104/><F7/><N who="3" m="1127" /><G98/><T24/><D24/><U55/><E130/><V134/><F134/><W111/><N who="3" m="42097" /><W65/><DORA hai="11" /><G65/><T15/><D1/><U88/><E88/><V22/><F91/><W133/><G133/><T33/><D33/><U58/><E87/><V37/><F85/><W45/><G30/><T31/><D31/><U12/><E86/><V29/><F84/><W48/><G38/><T56/><D56/><N who="1" m="21547" /><E12/><N who="3" m="4714" /><G39/><AGARI ba="0,0" hai="36,39,44,50,55,116,118,119" m="21547,40431" machi="39" ten="40,5200,0" yaku="34,2,52,1" doraHai="63,11" who="1" fromWho="3" sc="250,0,250,52,250,0,250,-52" /><INIT seed="1,0,0,4,5,112" ten="250,302,250,198" oya="1" hai0="123,86,135,132,129,15,55,107,68,106,46,42,98" hai1="14,21,90,33,105,0,65,28,74,19,48,17,121" hai2="31,89,38,85,49,63,118,115,97,125,35,130,96" hai3="23,1,52,37,60,39,57,82,66,9,59,75,22"/><U3/><E105/><V51/><F38/><W78/><G39/><T108/><D55/><U47/><E74/><V25/><F115/><W26/><G37/><N who="0" m="21839" /><D86/><U6/><E65/><V113/><F113/><W99/><G99/><T111/><D129/><U18/><E121/><V134/><F130/><W56/><G26/><T127/><D127/><U128/><E128/><V27/><F125/><W53/><G53/><T12/><D68/><U126/><E126/><V72/><F72/><W34/><G34/><T13/><D123/><U95/><E33/><V93/><F134/><N who="0" m="51242" /><D98/><U40/><E28/><V101/><F97/><W43/><G43/><T119/><D119/><U110/><E3/><V30/><F118/><W120/><G120/><T76/><D76/><U79/><E79/><V84/><F84/><W88/><G88/><T124/><D124/><U11/><E110/><AGARI ba="0,0" hai="12,13,15,106,107,108,110,111" m="51242,21839" machi="110" ten="40,2600,0" yaku="14,1,20,1" doraHai="112" who="0" fromWho="1" sc="250,26,302,-26,250,0,198,0" /><INIT seed="2,0,0,5,2,133" ten="276,276,250,198" oya="2" hai0="122,51,100,54,127,45,3,18,27,1,120,86,31" hai1="61,128,80,41,103,0,81,44,42,134,106,96,69" hai2="43,10,19,116,55,78,68,26,110,23,85,76,130" hai3="93,77,101,5,36,46,9,56,16,109,102,113,135"/><V125/><F116/><W95/><G135/><T21/><D100/><U72/><E134/><V66/><F68/><W121/><G121/><T6/><D127/><U52/><E0/><V39/><F66/><W50/><G109/><T35/><D86/><U63/><E128/><V98/><F110/><W132/><G113/><T65/><D65/><U108/><E108/><V64/><F64/><W28/><G28/><T131/><D131/><U2/><E2/><V129/><F98/><W32/><G32/><T58/><D58/><U8/><E8/><V25/><F39/><W124/><G77/><T13/><REACH who="0" step="1"/><D1/><REACH who="0" ten="266,276,250,198" step="2"/><U97/><E69/><V38/><F125/><W123/><G124/><T82/><D82/><U4/><E72/><V12/><F85/><W91/><G56/><T67/><D67/><U34/><E81/><V75/><F129/><W29/><G102/><T83/><D83/><U11/><E80/><V62/><F130/><W88/><G101/><T33/><D33/><U111/><E34/><V105/><F75/><W89/><G95/><T92/><D92/><N who="1" m="58759" /><E111/><V104/><F105/><W119/><G93/><T94/><D94/><U20/><E106/><V73/><F104/><W40/><G132/><T53/><D53/><U107/><E107/><V74/><F73/><W90/><G40/><T118/><D118/><U22/><E42/><V60/><F74/><W87/><G119/><T57/><D57/><U115/><E41/><V112/><F55/><W15/><G87/><T7/><D7/><U84/><E4/><V70/><F43/><W99/><N who="3" m="23040" /><DORA hai="49" /><W30/><G5/><RYUUKYOKU ba="0,1" sc="266,30,276,-10,250,-10,198,-10" hai0="3,6,13,18,21,27,31,35,45,51,54,120,122" /><INIT seed="3,1,1,1,3,19" ten="296,266,240,188" oya="3" hai0="14,8,84,44,5,30,125,50,130,17,100,105,107" hai1="67,111,104,89,118,119,40,71,27,121,45,90,112" hai2="78,93,92,74,29,133,6,7,110,42,63,120,60" hai3="126,46,25,54,113,65,116,124,127,16,28,4,23"/><W131/><G113/><T94/><D30/><U66/><E104/><V80/><F120/><W83/><G116/><N who="1" m="44586" /><E112/><V15/><F110/><W64/><G131/><T129/><D125/><U76/><E121/><V22/><F133/><W77/><G4/><N who="2" m="1577" /><F74/><N who="3" m="43447" /><G28/><T96/><D5/><U10/><E111/><V38/><F38/><W85/><G85/><T13/><D13/><U52/><E76/><V57/><F42/><W55/><G55/><T3/><D3/><U79/><E79/><V58/><F78/><W81/><G81/><T134/><D134/><U106/><E106/><V73/><F80/><W75/><G75/><T59/><D59/><N who="2" m="22538" /><F73/><W53/><G53/><T37/><D37/><U34/><E71/><V0/><F0/><W24/><G24/><T49/><D107/><U43/><E34/><V87/><F87/><W102/><G102/><T51/><D84/><U12/><E27/><N who="2" m="16631" /><F15/><W103/><G103/><T1/><D1/><U114/><E114/><V31/><F31/><W101/><G101/><T33/><D33/><U115/><E115/><V68/><F68/><W82/><G82/><T2/><D2/><U62/><E43/><V69/><F69/><W128/><G128/><N who="0" m="49259" /><D105/><U97/><E40/><AGARI ba="1,1" hai="8,14,17,40,44,49,50,51,94,96,100" m="49259" machi="40" ten="30,1000,0" yaku="19,1" doraHai="19" who="0" fromWho="1" sc="296,23,266,-13,240,0,188,0" /><INIT seed="4,0,0,3,2,72" ten="319,253,240,188" oya="0" hai0="19,24,37,73,56,117,30,74,77,105,81,17,130" hai1="18,96,121,12,110,109,101,123,88,25,107,127,125" hai2="76,114,14,9,41,94,62,126,35,2,26,113,3" hai3="66,16,108,40,4,10,119,58,132,65,104,27,87"/><T51/><D37/><U21/><E12/><V129/><F41/><W45/><G108/><T46/><D105/><U100/><E100/><V116/><F94/><W36/><G119/><T55/><D117/><U103/><E103/><V82/><F116/><W52/><G104/><T44/><D73/><U79/><E110/><V11/><F129/><W31/><G132/><T99/><D99/><U8/><E109/><V69/><F126/><N who="1" m="48137" /><E8/><V60/><F35/><W22/><G31/><T133/><D133/><U29/><E29/><V111/><F111/><W54/><G87/><T91/><D91/><U86/><E79/><V1/><F26/><W57/><G58/><T124/><D130/><U43/><E43/><V89/><F89/><W93/><G93/><AGARI ba="0,0" hai="18,21,25,86,88,93,96,101,107,121,123" m="48137" machi="93" ten="30,2000,0" yaku="18,1,54,1" doraHai="72" who="1" fromWho="3" sc="319,0,253,20,240,0,188,-20" /><INIT seed="5,0,0,0,3,124" ten="319,273,240,168" oya="1" hai0="46,53,84,35,129,72,125,62,5,37,16,29,105" hai1="135,119,92,58,70,120,133,95,71,48,87,123,15" hai2="17,11,34,56,45,9,44,86,39,28,117,30,0" hai3="32,97,60,64,6,121,75,106,116,21,8,47,79"/><U101/><E119/><V69/><F117/><W52/><G116/><T22/><D72/><U126/><E126/><V54/><F69/><W4/><G32/><T122/><D105/><U113/><E113/><V25/><F30/><W74/><G121/><T57/><D5/><U102/><E15/><V94/><F39/><W128/><G75/><T108/><D108/><U24/><E24/><V27/><F9/><W107/><G74/><T33/><D29/><U81/><E48/><V98/><F86/><W76/><G106/><T23/><D23/><U19/><E58/><V82/><F82/><W89/><G21/><T88/><D125/><U20/><E19/><V118/><F118/><W134/><G134/><T65/><D129/><U7/><E20/><V85/><F85/><W127/><G127/><T130/><D130/><U12/><E7/><V67/><F67/><W3/><G6/><T78/><D78/><U41/><E12/><V40/><F27/><W59/><G128/><T18/><D18/><U99/><E41/><V68/><F68/><W36/><G89/><T132/><D132/><N who="1" m="50763" /><E71/><V51/><F0/><W43/><REACH who="3" step="1"/><G64/><REACH who="3" ten="319,273,240,158" step="2"/><T80/><D122/><N who="1" m="46635" /><E70/><V91/><F40/><W42/><G42/><T104/><D35/><U112/><E112/><V114/><F114/><W103/><AGARI ba="0,1" hai="3,4,8,36,43,47,52,59,60,76,79,97,103,107" machi="103" ten="30,4000,0" yaku="1,1,0,1,54,1,53,0" doraHai="124" doraHaiUra="111" who="3" fromWho="3" sc="319,-10,273,-20,240,-10,158,50" /><INIT seed="6,0,0,5,5,91" ten="309,253,230,208" oya="2" hai0="7,103,30,18,71,58,46,120,84,130,96,107,51" hai1="129,92,31,19,128,27,20,93,69,61,47,67,15" hai2="6,105,90,121,74,116,21,72,109,102,12,106,135" hai3="44,108,83,76,112,42,111,104,39,126,48,40,8"/><V17/><F121/><W97/><G126/><T24/><D71/><U28/><E47/><V43/><F116/><W79/><G39/><T133/><D58/><U54/><E54/><V56/><F135/><W3/><G42/><T64/><D64/><U94/><REACH who="1" step="1"/><E31/><REACH who="1" ten="309,243,230,208" step="2"/><V125/><F43/><W110/><G40/><T52/><D133/><U131/><E131/><V13/><F125/><W36/><G44/><T55/><D130/><U0/><E0/><V95/><F109/><W113/><G36/><T124/><D124/><U26/><E26/><V57/><F74/><W114/><G48/><T33/><D120/><U22/><AGARI ba="0,1" hai="15,19,20,22,27,28,61,67,69,92,93,94,128,129" machi="22" ten="30,8000,1" yaku="1,1,0,1,52,3,53,0" doraHai="91" doraHaiUra="85" who="1" fromWho="1" sc="309,-20,243,90,230,-40,208,-20" /><INIT seed="7,0,0,3,2,2" ten="289,333,190,188" oya="3" hai0="37,53,84,45,103,132,70,29,57,100,23,91,73" hai1="83,77,26,133,98,1,63,111,10,5,104,40,13" hai2="52,35,127,78,71,20,61,97,121,107,58,59,33" hai3="86,130,12,46,11,80,0,131,56,119,4,110,87"/><W89/><G119/><T81/><D73/><U125/><E111/><V113/><F71/><W47/><G110/><T62/><D70/><U67/><E133/><V115/><F78/><W106/><G106/><T6/><D132/><U24/><E125/><V41/><F121/><W135/><G135/><T32/><D32/><U19/><E40/><V64/><F127/><W109/><G109/><T25/><D37/><U79/><E98/><V123/><F41/><W124/><G124/><T54/><D45/><U85/><E77/><V90/><F123/><W21/><G56/><T8/><REACH who="0" step="1"/><D54/><REACH who="0" ten="279,333,190,188" step="2"/><U51/><E104/><V95/><F35/><W76/><G130/><T31/><D31/><U120/><E120/><V108/><F33/><W28/><G131/><T43/><D43/><U9/><E51/><V116/><F116/><W48/><G48/><T60/><D60/><U96/><E96/><V15/><F108/><W101/><G101/><T34/><D34/><U129/><E129/><V27/><F61/><W44/><G28/><T114/><D114/><U3/><E3/><AGARI ba="0,1" hai="3,6,8,23,25,29,53,57,62,81,84,91,100,103" machi="3" ten="30,3900,0" yaku="1,1,7,1,52,1,53,0" doraHai="2" doraHaiUra="134" who="0" fromWho="1" sc="279,49,333,-39,190,0,188,0" owari="328,43.0,294,9.0,190,-21.0,188,-31.0" /></mjloggm>