<mjloggm ver="2.3"><GO type="97" lobby="0"/><UN n0="%74%68%75%6E%64%65%72%2E" n1="%E3%82%A6%E3%83%AB%E3%83%88%E3%83%A9%E7%AB%8B%E7%9B%B4" n2="%E5%80%AB%E7%90%86" n3="%E3%83%A1%E3%83%AA%E3%83%BC%EF%BC%AB" dan="14,14,13,13" rate="1948.10,1949.18,1918.85,1852.46" sx="M,M,M,F"/><TAIKYOKU oya="0"/><INIT seed="0,0,0,2,5,1" ten="250,250,250,250" oya="0" hai0="7,80,77,130,40,89,104,101,128,15,102,113,84" hai1="24,107,12,92,5,3,30,83,53,71,75,108,57" hai2="86,56,14,64,0,109,27,52,9,90,20,33,18" hai3="58,48,131,63,99,60,69,129,35,37,25,22,133"/><T54/><D40/><U115/><E107/><V42/><F109/><W103/><G133/><T8/><D113/><U96/><E71/><V13/><F64/><W114/><G114/><T85/><D104/><U31/><E3/><V97/><F42/><W2/><G2/><T6/><D54/><U47/><E47/><V17/><F33/><W29/><G37/><T26/><D26/><U74/><E74/><V43/><F43/><W119/><G119/><T70/><D70/><U78/><E108/><V65/><F65/><N who="3" m="41151" /><G48/><T49/><D49/><U122/><E122/><V98/><F0/><W95/><G35/><T68/><D68/><U134/><E134/><V67/><F67/><AGARI ba="0,0" hai="22,25,29,58,60,67,95,99,103,129,131" m="41151" machi="67" ten="30,1000,0" yaku="25,1" doraHai="1" who="3" fromWho="2" sc="250,0,250,0,250,-10,250,10" /><INIT seed="1,0,0,3,5,67" ten="250,250,240,260" oya="1" hai0="130,11,48,115,73,37,30,79,89,117,127,13,78" hai1="25,90,52,104,27,106,12,39,92,74,51,133,87" hai2="35,64,120,102,114,61,118,100,119,47,110,69,16" hai3="125,76,32,75,113,99,66,128,62,59,86,26,107"/><U44/><E39/><V103/><F120/><W95/><G113/><T46/><D37/><U15/><E133/><V70/><F114/><W57/><G125/><T77/><D127/><U55/><E74/><V38/><F35/><W112/><G112/><T80/><D117/><U17/><E104/><V122/><F122/><W31/><G128/><T68/><D130/><U132/><E106/><V121/><F121/><W34/><G75/><T20/><D115/><U53/><E132/><V3/><F3/><W96/><G107/><T19/><D68/><U109/><E15/><V72/><F110/><W65/><G34/><T71/><D71/><U135/><E135/><V6/><F6/><W42/><G42/><T91/><D73/><U108/><E108/><V21/><F70/><W40/><G40/><T5/><D80/><U10/><REACH who="1" step="1"/><E109/><REACH who="1" ten="250,240,240,260" step="2"/><V81/><F72/><W45/><G45/><T111/><D111/><U93/><E93/><V41/><REACH who="2" step="1"/><F81/><REACH who="2" ten="250,240,230,260" step="2"/><W105/><G105/><T84/><D84/><U58/><E58/><V126/><F126/><W97/><G95/><T116/><D116/><U24/><AGARI ba="0,2" hai="10,12,17,24,25,27,44,51,52,53,55,87,90,92" machi="24" ten="30,11700,0" yaku="1,1,0,1,8,1,54,1,53,0" doraHai="67" doraHaiUra="33" who="1" fromWho="1" sc="250,-39,240,137,230,-39,260,-39" /><INIT seed="1,1,0,1,3,98" ten="211,377,191,221" oya="1" hai0="36,135,13,81,16,99,100,104,18,63,133,128,35" hai1="27,5,42,68,26,76,10,19,105,9,22,17,66" hai2="30,39,53,83,92,70,41,2,4,12,115,45,120" hai3="78,126,60,11,44,113,72,56,48,131,21,121,28"/><U73/><E42/><V122/><F70/><W111/><G121/><T43/><D35/><U46/><E46/><V82/><F2/><W127/><G113/><T79/><D128/><U85/><E73/><V93/><F115/><W32/><G111/><T87/><D43/><U50/><E50/><V31/><F41/><W7/><G131/><T96/><D36/><U58/><E68/><V103/><F4/><W34/><G72/><T107/><D63/><U65/><E105/><V55/><F12/><W134/><G134/><N who="0" m="51211" /><D13/><U90/><E76/><V29/><F45/><W71/><G71/><T116/><D116/><U77/><E77/><V95/><F39/><W88/><G78/><T25/><D25/><U0/><E58/><V62/><F103/><AGARI ba="1,0" hai="16,18,79,81,87,96,99,100,103,104,107" m="51211" machi="103" ten="30,7700,0" yaku="20,1,52,2,54,1" doraHai="98" who="0" fromWho="2" sc="211,80,377,0,191,-80,221,0" /><INIT seed="2,0,0,5,3,102" ten="291,377,111,221" oya="2" hai0="28,120,9,18,134,76,108,54,92,65,47,64,22" hai1="68,99,10,81,36,90,96,3,119,116,97,14,104" hai2="117,103,73,30,75,29,72,101,132,7,42,57,19" hai3="16,61,133,8,59,15,1,38,126,67,35,27,49"/><V4/><F117/><W93/><G126/><T106/><D120/><U69/><E36/><V56/><F132/><W66/><G133/><T111/><D134/><U113/><E3/><V17/><F73/><W12/><G38/><T39/><D76/><U78/><E113/><V33/><REACH who="2" step="1"/><F33/><REACH who="2" ten="291,377,101,221" step="2"/><W41/><G1/><T77/><D111/><U11/><E119/><V130/><F130/><W110/><G110/><T52/><D108/><U51/><E116/><V62/><F62/><W6/><G35/><T122/><D122/><U82/><E69/><V40/><AGARI ba="0,1" hai="4,7,17,19,29,30,40,42,56,57,72,75,101,103" machi="40" ten="25,9600,0" yaku="1,1,0,1,22,2,53,0" doraHai="102" doraHaiUra="60" who="2" fromWho="2" sc="291,-32,377,-32,101,106,221,-32" /><INIT seed="2,1,0,1,1,92" ten="259,345,207,189" oya="2" hai0="21,52,13,128,101,118,0,49,76,25,60,71,35" hai1="47,10,69,95,23,14,103,80,106,33,8,78,41" hai2="96,133,86,131,109,90,65,28,32,9,85,42,2" hai3="51,112,75,120,72,108,84,116,17,115,99,29,130"/><V1/><F32/><W89/><G29/><T4/><D76/><U122/><E33/><V6/><F28/><W114/><G116/><T68/><D0/><U67/><E106/><V62/><F1/><W48/><G120/><T110/><D35/><U135/><E69/><V34/><F133/><W117/><G117/><T100/><D118/><U18/><E67/><V63/><F34/><W132/><G108/><T104/><D110/><U73/><E122/><V30/><F109/><W87/><G132/><T97/><D101/><U126/><E126/><V79/><F30/><W58/><G130/><T81/><D81/><U55/><E55/><V119/><F119/><W91/><G17/><T105/><D105/><U88/><E103/><V31/><F31/><W27/><G27/><T83/><D83/><U7/><E7/><V94/><F42/><W102/><G58/><T57/><D128/><U93/><E93/><V5/><F131/><W16/><G16/><T43/><D25/><U107/><E107/><V45/><F45/><W54/><G54/><T74/><D74/><N who="3" m="28201" /><G51/><T15/><D21/><U19/><E19/><V56/><F63/><W12/><G48/><T123/><D123/><U37/><E135/><V59/><F59/><W46/><G12/><T121/><D121/><U77/><E77/><V125/><F6/><W66/><G46/><T98/><D4/><U129/><E129/><V11/><F11/><W124/><G66/><N who="0" m="41031" /><D71/><U64/><E64/><V36/><F36/><W26/><G124/><T134/><D134/><U44/><E44/><V22/><F125/><W111/><G111/><RYUUKYOKU ba="1,0" sc="259,-10,345,30,207,-10,189,-10" hai1="8,10,14,18,23,37,41,47,73,78,80,88,95" /><INIT seed="3,2,0,2,1,27" ten="249,375,197,179" oya="3" hai0="13,90,134,18,55,135,34,35,36,11,39,1,60" hai1="72,118,84,128,52,23,120,121,63,106,86,46,98" hai2="126,68,115,8,65,124,80,113,129,20,5,30,74" hai3="111,3,94,83,38,70,17,69,71,77,57,117,101"/><W81/><G117/><T67/><D1/><U53/><E72/><V40/><F40/><W42/><G3/><T125/><D55/><U110/><E106/><V88/><F129/><W132/><G132/><N who="0" m="50731" /><D90/><U82/><E98/><V108/><F108/><W50/><G38/><N who="0" m="14379" /><D125/><U62/><E128/><V24/><F65/><W66/><G111/><T99/><D99/><U29/><E110/><V130/><F68/><AGARI ba="2,0" hai="11,13,18,34,35,60,67,68" m="14379,50731" machi="68" ten="30,1000,0" yaku="20,1" doraHai="27" who="0" fromWho="2" sc="249,16,375,0,197,-16,179,0" owari="265,7.0,375,47.0,181,-22.0,179,-32.0" /></mjloggm>