<mjloggm ver="2.3"><GO type="193" lobby="0"/><UN n0="%4D%45%47%41%4E%45" n1="%E5%B0%B1%E6%B4%BB%E7%94%9F%40%E5%B7%9D%E6%9D%91%E8%BB%8D%E5%9B%A3" n2="%E6%88%AF%E9%AA%B8" n3="%6B%65%69%63%68%69%6E" dan="11,11,12,12" rate="1571.24,1800.23,1724.54,1733.99" sx="M,M,M,M"/><TAIKYOKU oya="0"/><INIT seed="0,0,0,0,1,129" ten="250,250,250,250" oya="0" hai0="68,33,111,45,58,92,108,132,127,91,98,96,49" hai1="65,20,67,10,3,134,32,60,115,69,72,125,31" hai2="16,54,70,126,93,78,35,121,44,55,90,75,11" hai3="47,7,52,4,30,109,29,128,36,62,50,61,81"/><T105/><D68/><U74/><E20/><V34/><F121/><W113/><G128/><T76/><D33/><U100/><E125/><V86/><F126/><W114/><G36/><T112/><D127/><U124/><E124/><V97/><F70/><W133/><G114/><T85/><D105/><U5/><E115/><V107/><F35/><W130/><G113/><T12/><D112/><U9/><E9/><V21/><F11/><W120/><G120/><T84/><D12/><U71/><E100/><N who="2" m="62863" /><F44/><W135/><G130/><T13/><D13/><U79/><E79/><V8/><F8/><W87/><G109/><N who="0" m="42059" /><D58/><U82/><E82/><N who="2" m="45407" /><F34/><W37/><G37/><T24/><D24/><AGARI ba="0,0" hai="16,21,24,54,55,86,90,93" m="45407,62863" machi="24" ten="30,2000,0" yaku="24,1,54,1" doraHai="129" who="2" fromWho="0" sc="250,-20,250,0,250,20,250,0" /><INIT seed="1,0,0,0,5,5" ten="230,250,270,250" oya="1" hai0="98,61,14,74,31,1,78,116,113,30,82,62,4" hai1="90,2,71,128,110,117,72,40,108,29,119,97,45" hai2="68,10,129,135,122,3,99,79,44,15,83,24,89" hai3="17,75,125,27,87,80,123,23,12,6,58,93,46"/><U16/><E71/><V25/><F3/><W111/><G123/><T126/><D113/><U104/><E2/><V95/><F68/><W52/><G125/><T130/><D116/><U76/><E128/><V55/><F122/><W100/><G75/><T41/><D126/><U134/><E134/><V53/><F129/><W11/><G111/><N who="1" m="42538" /><E29/><V86/><F135/><W32/><G32/><T64/><D130/><U121/><E121/><V103/><F79/><W54/><G100/><T38/><D1/><U19/><E72/><V65/><F65/><W96/><G46/><T36/><D98/><U84/><E76/><V131/><F131/><W60/><G54/><N who="2" m="20489" /><F44/><W50/><G60/><T42/><D64/><U88/><E104/><V107/><F107/><W94/><REACH who="3" step="1"/><G96/><REACH who="3" ten="230,250,270,240" step="2"/><T63/><D31/><U114/><E97/><V57/><F57/><W35/><G35/><T85/><D30/><U37/><E114/><V43/><F43/><W109/><G109/><T33/><D74/><U0/><E0/><V92/><F83/><W56/><G56/><T67/><D33/><U73/><E73/><V8/><F15/><W28/><G28/><T18/><D67/><U133/><E133/><V7/><F7/><W59/><G59/><T34/><D4/><U47/><E47/><V91/><F91/><AGARI ba="0,1" hai="6,11,12,17,23,27,50,52,58,80,87,91,93,94" machi="91" ten="30,8000,1" yaku="1,1,7,1,8,1,52,1,54,1,53,0" doraHai="5" doraHaiUra="102" who="3" fromWho="2" sc="230,0,250,0,270,-80,240,90" /><INIT seed="2,0,0,3,2,6" ten="230,250,190,330" oya="2" hai0="43,122,63,14,56,20,108,17,9,83,126,8,31" hai1="35,74,90,123,15,103,112,98,95,131,49,54,105" hai2="58,75,28,69,100,113,32,60,109,107,61,132,67" hai3="81,91,66,71,53,72,3,96,128,78,89,102,94"/><V46/><F132/><W0/><G71/><T116/><D122/><U64/><E74/><V33/><F113/><W76/><G66/><T38/><D126/><U41/><E35/><V50/><F75/><W127/><G3/><T68/><D108/><U30/><E123/><V118/><F118/><W70/><G70/><T34/><D116/><U97/><E112/><V18/><F18/><W47/><G0/><T21/><D38/><U55/><E131/><V125/><F125/><W36/><G36/><T82/><D34/><U87/><E64/><N who="2" m="38935" /><F109/><W106/><G47/><T133/><D43/><U92/><E30/><V22/><F22/><W23/><G23/><N who="0" m="8779" /><D133/><U52/><E15/><V39/><F39/><W93/><G53/><N who="0" m="34191" /><D31/><U24/><E24/><N who="2" m="18439" /><F33/><W29/><G29/><T73/><D68/><U4/><E4/><V26/><F26/><W5/><G5/><N who="0" m="3343" /><D73/><U51/><REACH who="1" step="1"/><E41/><REACH who="1" ten="230,240,190,330" step="2"/><V85/><F85/><N who="3" m="52399" /><G128/><T25/><D25/><U129/><E129/><V10/><F10/><W117/><G117/><T16/><D9/><U65/><E65/><V11/><F11/><W121/><G121/><T120/><D120/><U19/><E19/><AGARI ba="0,1" hai="16,17,19,82,83" m="3343,34191,8779" machi="19" ten="30,3900,0" yaku="8,1,52,1,54,1" doraHai="6" who="0" fromWho="1" sc="230,49,240,-39,190,0,330,0" /><INIT seed="3,0,0,0,4,20" ten="279,201,190,330" oya="3" hai0="60,35,106,96,73,15,116,80,5,74,128,83,101" hai1="89,64,133,127,39,14,102,78,0,99,124,120,28" hai2="76,19,1,54,7,33,91,84,93,72,131,104,48" hai3="22,9,126,34,50,129,61,98,32,44,53,11,135"/><W111/><G135/><T57/><D35/><U55/><E39/><V97/><F131/><W24/><G129/><T86/><D128/><U18/><E0/><V108/><F33/><W134/><G134/><T109/><D80/><U87/><E120/><V56/><F108/><W82/><G111/><T30/><D109/><U37/><E37/><V79/><F19/><W8/><G126/><N who="1" m="48170" /><E28/><V45/><F79/><W125/><G125/><T130/><D30/><U118/><E78/><V51/><F1/><W100/><G82/><T38/><D130/><U27/><E133/><V115/><F7/><W121/><G121/><T81/><D38/><U23/><E118/><V71/><F115/><W40/><G40/><T36/><D116/><U119/><E55/><V85/><F71/><W113/><G61/><T88/><D36/><U16/><E64/><V69/><F69/><W66/><G66/><T65/><D81/><N who="1" m="49391" /><E119/><V59/><F48/><W43/><G43/><T10/><AGARI ba="0,0" hai="5,10,15,57,60,65,73,74,83,86,88,96,101,106" machi="10" ten="30,2000,0" yaku="0,1,54,1" doraHai="20" who="0" fromWho="0" sc="279,20,201,-5,190,-5,330,-10" owari="299,10.0,196,-20.0,185,-31.0,320,41.0" /></mjloggm>