<mjloggm ver="2.3"><GO type="97" lobby="0"/><UN n0="%52%4D%32%33%38" n1="%62%69%6E%6E%68%6F" n2="%E3%81%9F%E3%81%84%E3%82%89%E3%81%9F%E3%81%84%E3%81%AF%E3%82%93" n3="%E3%82%A6%E3%83%AB%E3%83%88%E3%83%A9%E7%AB%8B%E7%9B%B4" dan="13,15,13,13" rate="1819.34,2025.15,1898.57,1873.67" sx="M,M,M,M"/><TAIKYOKU oya="0"/><INIT seed="0,0,0,1,1,17" ten="250,250,250,250" oya="0" hai0="77,94,22,34,133,98,55,72,10,89,108,16,12" hai1="28,38,92,59,101,90,111,2,0,109,44,80,97" hai2="114,39,100,124,88,131,63,78,31,99,64,14,52" hai3="18,95,62,112,81,104,27,121,60,116,51,45,41"/><T53/><D34/><U13/><E28/><V134/><F114/><W6/><G104/><T115/><D115/><U19/><E38/><V79/><F39/><W8/><G112/><T48/><D133/><U46/><E2/><V91/><F134/><W102/><G116/><T84/><D72/><U96/><E0/><V125/><F31/><W20/><G121/><T47/><D108/><U110/><E59/><N who="2" m="35303" /><F14/><N who="3" m="5399" /><G81/><N who="0" m="47151" /><D10/><U73/><E73/><V67/><F100/><W74/><G74/><T107/><D107/><U68/><E68/><V71/><F131/><W26/><G26/><T61/><D61/><U57/><E57/><V36/><F36/><W37/><G37/><T82/><D82/><U103/><E90/><N who="2" m="34347" /><F99/><AGARI ba="0,0" hai="18,20,27,41,45,51,60,62,95,99,102" m="5399" machi="99" ten="30,2000,0" yaku="8,1,52,1" doraHai="17" who="3" fromWho="2" sc="250,0,250,0,250,-20,250,20" /><INIT seed="1,0,0,2,0,33" ten="250,250,230,270" oya="1" hai0="22,113,19,109,94,99,130,92,1,129,43,47,40" hai1="70,4,0,98,114,25,107,6,126,34,127,2,110" hai2="124,54,18,119,41,67,76,21,112,53,66,89,52" hai3="27,121,115,23,10,8,128,108,59,9,79,111,80"/><U58/><E114/><V83/><F119/><W75/><G121/><T123/><D113/><U45/><E70/><V104/><F104/><W72/><G115/><T85/><D109/><N who="3" m="42057" /><G59/><T74/><D74/><U29/><E110/><V35/><F35/><W102/><G102/><T60/><D60/><U120/><E120/><V3/><F3/><N who="1" m="1065" /><E45/><V17/><F124/><N who="1" m="47657" /><E58/><V13/><F112/><W24/><G128/><T96/><D1/><U56/><E56/><V95/><F41/><W5/><G5/><N who="1" m="2154" /><E98/><N who="2" m="57711" /><F18/><N who="3" m="12407" /><G27/><N who="0" m="14815" /><D123/><U48/><E48/><V131/><F131/><N who="0" m="50186" /><D85/><AGARI ba="0,0" hai="13,17,21,52,53,54,66,67,76,83,85" m="57711" machi="85" ten="30,2000,0" yaku="8,1,54,1" doraHai="33" who="2" fromWho="0" sc="250,-20,250,0,230,20,270,0" /><AGARI ba="0,0" hai="8,9,10,72,75,79,80,85" m="12407,42057" machi="85" ten="30,1000,0" yaku="14,1" doraHai="33" who="3" fromWho="0" sc="230,-10,250,0,250,0,270,10" /><INIT seed="2,0,0,0,2,7" ten="220,250,250,280" oya="2" hai0="70,114,124,17,111,98,122,2,123,56,97,78,127" hai1="49,57,132,31,47,93,20,120,69,11,37,33,21" hai2="42,5,88,58,36,126,26,18,116,87,95,105,1" hai3="25,61,51,72,104,6,0,85,92,102,101,39,40"/><V103/><F116/><W125/><G72/><T64/><D70/><U44/><E69/><V128/><F126/><W52/><G104/><T76/><D2/><U96/><E37/><V22/><F128/><W112/><G125/><N who="0" m="48203" /><D64/><U86/><E86/><V48/><F36/><W28/><G39/><T89/><D17/><U109/><E33/><V79/><F105/><W62/><G40/><T50/><D50/><U63/><E109/><V131/><F131/><W3/><G3/><T24/><D24/><U130/><E130/><V14/><F1/><W129/><G112/><T80/><D56/><U29/><E132/><V67/><F103/><N who="3" m="39435" /><G6/><T43/><D43/><U4/><E120/><V45/><F79/><W16/><G28/><T75/><D114/><U59/><E31/><V82/><F67/><W15/><G25/><T113/><D78/><U19/><E29/><N who="2" m="17623" /><F5/><W106/><G0/><T90/><D113/><U118/><E118/><V73/><F73/><W135/><G129/><T34/><D34/><U68/><E68/><V81/><F58/><W121/><G61/><T133/><D133/><U100/><E59/><V91/><F91/><N who="0" m="34826" /><D111/><U107/><E107/><V23/><AGARI ba="0,0" hai="14,18,23,42,45,48,81,82,87,88,95" m="17623" machi="23" ten="30,3000,0" yaku="8,1,54,1" doraHai="7" who="2" fromWho="2" sc="220,-10,250,-10,250,30,280,-10" /><INIT seed="2,1,0,2,3,54" ten="210,240,280,270" oya="2" hai0="83,53,23,105,31,12,121,120,10,72,108,24,6" hai1="9,70,77,8,115,61,110,27,7,78,45,130,82" hai2="49,47,33,97,109,39,26,80,111,113,101,20,129" hai3="29,25,81,4,42,131,91,75,102,133,35,1,104"/><V93/><F39/><W37/><G91/><T92/><D105/><U126/><E115/><V122/><F113/><W52/><G52/><T98/><D108/><N who="2" m="41546" /><F33/><W38/><G131/><T135/><D135/><U32/><E110/><V74/><F129/><W90/><G90/><T13/><D12/><U56/><E70/><V107/><F122/><W41/><G41/><T114/><D114/><U34/><E130/><V59/><F59/><W66/><G66/><T95/><D95/><U48/><E126/><V65/><F65/><W5/><G5/><T106/><D106/><U3/><E9/><V17/><F74/><W19/><G133/><T124/><D124/><U125/><E125/><V117/><F117/><W60/><G75/><T46/><D83/><U100/><E82/><V112/><F80/><W127/><G81/><T40/><D72/><U63/><E34/><V103/><F112/><W22/><G127/><T18/><D53/><U14/><E32/><V55/><F107/><W28/><G42/><T88/><REACH who="0" step="1"/><D6/><REACH who="0" ten="200,240,280,270" step="2"/><U51/><E7/><V67/><F67/><W84/><G4/><T123/><D123/><U2/><E2/><V58/><F58/><W119/><G1/><T94/><D94/><U50/><E3/><V0/><F0/><W15/><G104/><T128/><D128/><U36/><E56/><V73/><F73/><W64/><G64/><T68/><D68/><U76/><E14/><V118/><F118/><W87/><G15/><T16/><D16/><U132/><E132/><V79/><F103/><W69/><G102/><T21/><D21/><U89/><E100/><RYUUKYOKU ba="1,1" sc="200,15,240,-15,280,15,270,-15" hai0="10,13,18,23,24,31,40,46,88,92,98,120,121" hai2="17,20,26,47,49,55,79,93,97,101" /><INIT seed="2,2,1,0,1,128" ten="215,225,295,255" oya="2" hai0="98,54,111,110,65,79,48,29,46,25,51,69,94" hai1="102,44,1,74,19,88,40,108,117,62,134,83,130" hai2="104,106,7,78,34,119,39,101,24,80,2,13,30" hai3="97,66,132,89,133,82,58,4,26,105,115,64,36"/><V99/><F119/><W71/><G36/><T27/><D79/><U3/><E117/><V12/><F39/><W87/><G71/><T60/><D51/><U103/><E130/><V129/><F129/><W84/><G4/><T11/><D11/><U18/><E108/><V0/><F13/><W112/><G26/><T9/><D9/><U43/><E62/><V92/><F12/><W121/><G121/><T45/><D45/><U120/><E74/><N who="2" m="43095" /><F92/><N who="3" m="56463" /><G105/><T31/><D25/><U63/><E63/><V15/><F15/><W50/><G50/><T85/><D85/><N who="3" m="32841" /><G82/><T59/><D46/><U73/><E73/><V125/><F125/><W56/><G56/><T55/><D55/><U61/><E61/><V5/><F106/><W116/><G116/><T22/><REACH who="0" step="1"/><D31/><REACH who="0" ten="205,225,295,255" step="2"/><U6/><E44/><V86/><F7/><W17/><G17/><T20/><D20/><U72/><E6/><V28/><F5/><W122/><G122/><T91/><AGARI ba="2,2" hai="22,27,29,48,54,59,60,65,69,91,94,98,110,111" machi="91" ten="30,4000,0" yaku="1,1,0,1,53,1" doraHai="128" doraHaiUra="93" who="0" fromWho="0" sc="205,66,225,-12,295,-22,255,-12" /><INIT seed="3,0,0,3,5,85" ten="271,213,273,243" oya="3" hai0="20,46,96,106,57,32,74,48,88,84,29,3,54" hai1="22,21,126,7,78,115,53,91,133,69,37,97,135" hai2="123,89,64,44,16,51,109,101,79,8,62,118,99" hai3="67,132,129,70,127,25,50,24,27,65,87,15,112"/><W45/><G112/><T58/><D74/><U30/><E115/><V130/><F118/><W42/><G127/><T14/><D3/><U114/><E37/><V120/><F109/><W43/><G129/><T23/><D32/><U104/><E69/><V105/><F79/><W55/><G132/><N who="1" m="50762" /><E114/><V73/><F73/><W72/><G72/><T17/><D106/><U102/><E78/><V113/><F130/><W95/><G15/><T35/><D35/><U66/><E7/><V31/><F31/><W1/><G1/><T111/><D96/><U83/><E66/><N who="3" m="25098" /><G70/><T61/><D111/><U103/><E103/><V11/><F113/><W13/><G13/><T60/><D58/><U5/><E5/><V10/><F89/><AGARI ba="0,0" hai="24,25,27,42,43,45,50,55,87,89,95" m="25098" machi="89" ten="30,2900,0" yaku="8,1,52,1" doraHai="85" who="3" fromWho="2" sc="271,0,213,0,273,-29,243,29" /><INIT seed="3,1,0,1,3,107" ten="271,213,244,272" oya="3" hai0="119,115,97,81,58,99,133,117,10,38,45,132,94" hai1="43,53,23,86,129,27,135,111,69,95,0,121,44" hai2="36,22,47,122,131,20,34,77,126,112,67,39,52" hai3="42,127,128,98,13,104,75,123,72,2,87,79,21"/><W56/><G2/><T51/><D38/><U35/><E121/><V88/><F34/><W1/><G1/><T91/><D10/><U63/><E0/><V41/><F112/><W33/><G33/><T25/><D25/><U14/><E35/><V60/><F126/><W130/><G123/><T70/><D70/><U6/><E111/><V82/><F131/><N who="3" m="50219" /><G42/><T84/><D58/><U40/><E129/><V105/><F105/><W48/><G127/><T106/><D51/><U64/><E135/><N who="0" m="51785" /><D45/><U57/><E14/><V8/><F8/><W76/><G104/><T7/><D7/><U83/><E95/><V100/><F100/><W103/><G21/><T109/><D109/><U114/><E6/><V46/><F122/><W102/><G13/><T16/><D16/><U93/><E93/><V96/><F39/><W74/><G87/><T110/><D110/><U15/><E15/><V68/><F47/><W78/><G98/><T59/><D59/><U37/><E43/><V125/><F125/><W62/><G48/><T28/><D28/><U108/><E108/><V80/><F52/><AGARI ba="1,0" hai="52,56,62,72,74,75,76,78,79,102,103" m="50219" machi="52" ten="40,12000,1" yaku="19,1,52,3,54,1" doraHai="107" who="3" fromWho="2" sc="271,0,213,0,244,-123,272,123" owari="271,7.0,213,-19.0,121,-38.0,395,50.0" /></mjloggm>