<mjloggm ver="2.3"><GO type="97" lobby="0"/><UN n0="%76%68%79%73%64" n1="%E5%B0%B1%E6%B4%BB%E7%94%9F%40%E5%B7%9D%E6%9D%91%E8%BB%8D%E5%9B%A3" n2="%E5%95%BC%E3%81%8D%E9%9B%80" n3="%E5%9B%A0%E5%B9%A1" dan="14,13,14,14" rate="1938.80,1903.09,1917.98,1943.42" sx="M,M,M,M"/><TAIKYOKU oya="0"/><INIT seed="0,0,0,4,2,53" ten="250,250,250,250" oya="0" hai0="109,15,0,130,83,2,89,40,112,51,75,92,69" hai1="35,80,91,84,6,58,32,81,68,4,27,86,82" hai2="16,108,98,124,71,70,73,57,95,134,36,17,41" hai3="54,18,21,66,107,49,67,111,1,28,14,29,48"/><T44/><D112/><U13/><E68/><V12/><F73/><W43/><G107/><T37/><D69/><U114/><E114/><V100/><F108/><W118/><G1/><T45/><D109/><U52/><E32/><V127/><F134/><W103/><G118/><T56/><D130/><U90/><E35/><V33/><F33/><W38/><G38/><T46/><D15/><U104/><E104/><V121/><F121/><W110/><G103/><T19/><D19/><N who="2" m="7242" /><F12/><W31/><G110/><T26/><D26/><U131/><E131/><V85/><F85/><N who="1" m="32873" /><E27/><V113/><F113/><W106/><G106/><T11/><D2/><U22/><E22/><V39/><F39/><W72/><G72/><T128/><D128/><U65/><E65/><N who="3" m="24586" /><G111/><T122/><D122/><U9/><E4/><V132/><F132/><W101/><G101/><T117/><D117/><U64/><E64/><V99/><F71/><W79/><G79/><N who="0" m="44543" /><D89/><U123/><E123/><V87/><F70/><W20/><G20/><T10/><D92/><U3/><E3/><V55/><F36/><W133/><G133/><T23/><D23/><U24/><E24/><V105/><F105/><W77/><G77/><T25/><D25/><U97/><E97/><V74/><F99/><W135/><G135/><T47/><D0/><U116/><E116/><V125/><F74/><W63/><G31/><T102/><D102/><U78/><E78/><V60/><F87/><W50/><G29/><T34/><D34/><U120/><E120/><V5/><F5/><W115/><G28/><T62/><D37/><U96/><E96/><RYUUKYOKU ba="0,0" sc="250,10,250,10,250,10,250,-30" hai0="10,11,40,44,45,46,47,51,56,62" hai1="6,9,13,52,58,80,81,82,90,91" hai2="41,55,57,60,95,98,100,124,125,127" /><INIT seed="0,1,0,0,3,130" ten="260,260,260,220" oya="0" hai0="110,30,26,127,46,28,72,118,87,31,35,70,86" hai1="102,83,124,39,37,32,14,100,67,76,44,63,52" hai2="3,8,79,48,114,2,7,58,104,96,78,22,94" hai3="56,6,81,36,135,116,23,77,53,129,4,43,57"/><T65/><D118/><U106/><E32/><V107/><F114/><W45/><G129/><T131/><D131/><U15/><E124/><V91/><F3/><W27/><G116/><T113/><D113/><U119/><E119/><V33/><F33/><W62/><G57/><T108/><D127/><U11/><E39/><V98/><F22/><W69/><G69/><T5/><D72/><U121/><E121/><V112/><F112/><W115/><G135/><T12/><D46/><U38/><E38/><V134/><F134/><W49/><G36/><T13/><D65/><U41/><E106/><V133/><F133/><W61/><G61/><T132/><D70/><U68/><E14/><N who="0" m="5737" /><D132/><U20/><E20/><V16/><F107/><W42/><G42/><T19/><D5/><U84/><E52/><N who="2" m="32007" /><F104/><W47/><G47/><T89/><D89/><U55/><E55/><V80/><F2/><W75/><REACH who="3" step="1"/><G115/><REACH who="3" ten="260,260,260,210" step="2"/><T93/><D35/><U128/><E128/><V97/><F7/><AGARI ba="1,1" hai="7,11,15,37,41,44,63,67,68,76,83,84,100,102" machi="7" ten="30,1000,0" yaku="7,1" doraHai="130" who="1" fromWho="2" sc="260,0,260,23,260,-13,210,0" /><INIT seed="1,0,0,4,2,99" ten="260,283,247,210" oya="1" hai0="65,94,133,80,52,46,40,95,53,109,32,7,56" hai1="10,0,4,111,8,38,18,86,22,114,24,91,82" hai2="60,64,110,5,83,129,75,118,19,26,25,33,43" hai3="131,36,2,125,50,120,100,96,63,62,6,54,132"/><U61/><E38/><V66/><F110/><W3/><G36/><T59/><D109/><U88/><E111/><V34/><F118/><W16/><G120/><T98/><D32/><U92/><E114/><V28/><F43/><W45/><G125/><T130/><D130/><U29/><E61/><V103/><F129/><W67/><G131/><T79/><D7/><U90/><E8/><V23/><F5/><W93/><G132/><T119/><D119/><U13/><REACH who="1" step="1"/><E92/><REACH who="1" ten="260,273,247,210" step="2"/><V121/><F121/><W20/><G63/><T113/><D113/><U122/><E122/><V124/><F60/><W21/><G6/><T55/><D95/><U77/><E77/><V58/><F124/><W81/><G81/><T41/><D133/><U123/><E123/><V37/><F37/><W97/><G97/><T51/><D80/><U134/><E134/><V14/><F83/><W44/><G21/><T69/><D79/><U68/><E68/><V57/><F34/><W39/><G39/><N who="0" m="21791" /><D98/><U76/><E76/><V85/><F33/><W73/><G73/><T70/><D94/><U78/><E78/><V87/><F75/><W102/><G102/><T106/><D106/><U101/><E101/><V74/><F74/><W35/><G35/><T11/><D11/><U49/><E49/><V84/><F103/><W27/><G45/><N who="0" m="26031" /><D70/><AGARI ba="0,1" hai="2,3,16,20,27,44,50,54,62,67,70,93,96,100" machi="70" ten="30,3900,0" yaku="7,1,52,1,54,1" doraHai="99" who="3" fromWho="0" sc="260,-39,273,0,247,0,210,49" /><INIT seed="2,0,0,3,1,25" ten="221,273,247,259" oya="2" hai0="15,32,117,67,39,66,88,20,28,2,92,108,81" hai1="96,16,35,6,85,17,79,62,68,11,60,118,45" hai2="46,13,42,80,89,40,102,113,116,63,52,58,95" hai3="110,77,19,123,12,31,23,127,134,119,94,47,112"/><V5/><F113/><W82/><G112/><T65/><D117/><U8/><E35/><V36/><F116/><W121/><G119/><T130/><D39/><U10/><E118/><V107/><F42/><W126/><G110/><T54/><D108/><U87/><E68/><V9/><F107/><W73/><G134/><T18/><D2/><U132/><E132/><V128/><F128/><W105/><G105/><T69/><D130/><U49/><E6/><V99/><F80/><W122/><G47/><T84/><D69/><U71/><E96/><V115/><F115/><W72/><G94/><T4/><D54/><N who="1" m="29999" /><E71/><V93/><F93/><W26/><REACH who="3" step="1"/><G73/><REACH who="3" ten="221,273,247,249" step="2"/><T106/><D106/><U86/><E79/><V133/><REACH who="2" step="1"/><F133/><REACH who="2" ten="221,273,237,249" step="2"/><W30/><G30/><T74/><D92/><U97/><E97/><V75/><F75/><W98/><G98/><T48/><D28/><U101/><E101/><AGARI ba="0,2" hai="5,9,13,36,40,46,52,58,63,89,95,99,101,102" machi="101" ten="40,3900,0" yaku="1,1,54,1,53,0" doraHai="25" doraHaiUra="104" who="2" fromWho="1" sc="221,0,273,-39,237,59,249,0" /><INIT seed="2,1,0,0,2,100" ten="221,234,296,249" oya="2" hai0="26,12,21,47,25,115,101,71,6,56,57,39,60" hai1="76,64,127,129,9,43,3,120,59,44,24,73,4" hai2="114,112,89,125,116,90,126,83,84,33,72,50,92" hai3="97,34,20,121,67,75,42,113,19,23,1,91,108"/><V2/><F33/><W14/><G1/><T16/><D115/><N who="2" m="44074" /><F50/><W41/><G34/><T18/><D101/><U8/><E120/><V63/><F2/><W93/><G75/><T122/><D122/><U111/><E111/><V70/><F63/><W54/><G108/><T55/><D71/><U79/><E127/><N who="2" m="48651" /><F70/><W95/><G121/><T17/><D39/><U78/><E129/><V85/><F116/><W133/><G133/><T106/><D106/><U52/><E64/><V49/><F49/><W45/><G67/><N who="0" m="39303" /><D47/><U94/><E8/><V124/><N who="2" m="48659" /><V7/><DORA hai="36" /><F7/><W81/><G113/><T15/><D6/><U74/><E24/><N who="0" m="9321" /><D21/><U96/><E44/><V27/><F27/><W131/><G131/><T51/><AGARI ba="1,0" hai="12,15,16,17,18,51,55,57" m="9321,39303" machi="51" ten="30,2000,0" yaku="8,1,54,1" doraHai="100,36" who="0" fromWho="0" sc="221,23,234,-6,296,-11,249,-6" /><INIT seed="3,0,0,3,4,34" ten="244,228,285,243" oya="3" hai0="90,99,121,40,6,113,14,109,118,33,112,78,5" hai1="89,76,114,82,35,116,19,32,7,69,128,46,132" hai2="13,126,124,122,107,83,66,12,53,70,59,25,50" hai3="102,88,103,104,77,135,45,28,106,64,93,79,24"/><W30/><G135/><T36/><D121/><U105/><E105/><V71/><F107/><W47/><G64/><T44/><D118/><U123/><E69/><V68/><F122/><W23/><G23/><T100/><D33/><U81/><E123/><V41/><F83/><W48/><G48/><T75/><D109/><U73/><E116/><V94/><F25/><W1/><G93/><N who="0" m="56759" /><D14/><U22/><E114/><N who="0" m="44137" /><D100/><U72/><E7/><N who="0" m="2569" /><D78/><U97/><E128/><V52/><F94/><W38/><G24/><T9/><D9/><U120/><E120/><V86/><F86/><W129/><G129/><T130/><D75/><U87/><E132/><V127/><F13/><W27/><G27/><T29/><D130/><U31/><E31/><AGARI ba="0,0" hai="29,31,36,40,44" m="2569,44137,56759" machi="31" ten="30,1000,0" yaku="11,1" doraHai="34" who="0" fromWho="1" sc="244,10,228,-10,285,0,243,0" /><INIT seed="4,0,0,3,1,64" ten="254,218,285,243" oya="0" hai0="15,62,11,32,34,18,4,78,65,105,80,127,27" hai1="86,102,59,58,91,61,31,42,50,123,7,132,28" hai2="70,46,98,124,130,111,133,128,21,126,112,47,84" hai3="14,88,54,129,3,41,101,16,81,22,89,9,60"/><T13/><D105/><U68/><E123/><V53/><F111/><W108/><G108/><T131/><D131/><N who="2" m="50218" /><F112/><W66/><G129/><T121/><D121/><U119/><E119/><V75/><F75/><W93/><G41/><T125/><D27/><U38/><E132/><V116/><F116/><W96/><G3/><T8/><D80/><U30/><E7/><V12/><F98/><W55/><G9/><T10/><D78/><U135/><E135/><V19/><F84/><W25/><G14/><N who="0" m="5383" /><D62/><U90/><E38/><V74/><F74/><W97/><G81/><T106/><D106/><U26/><E102/><V33/><F33/><N who="0" m="12906" /><D65/><N who="1" m="39095" /><E68/><V49/><F133/><W48/><G48/><T104/><D104/><U63/><E26/><V118/><F118/><W17/><G17/><AGARI ba="0,0" hai="10,11,13,15,17,18,125,127" m="12906,5383" machi="17" ten="30,2900,0" yaku="34,2" doraHai="64" who="0" fromWho="3" sc="254,29,218,0,285,0,243,-29" /><INIT seed="4,1,0,1,3,92" ten="283,218,285,214" oya="0" hai0="0,36,47,9,126,111,41,85,31,4,64,114,98" hai1="96,42,30,113,8,58,109,63,81,101,12,5,105" hai2="135,120,46,7,133,35,116,56,131,94,84,132,82" hai3="62,32,90,65,72,106,108,27,50,125,33,86,97"/><T21/><D111/><U87/><E109/><V104/><F35/><W1/><G72/><T49/><D126/><U29/><E42/><V77/><F56/><W15/><G108/><T107/><D114/><U3/><E3/><V40/><F7/><W13/><G125/><T100/><D64/><U88/><REACH who="1" step="1"/><E113/><REACH who="1" ten="283,208,285,214" step="2"/><V18/><F18/><W95/><G1/><T61/><D36/><U55/><AGARI ba="1,1" hai="5,8,12,29,30,55,58,63,81,87,88,96,101,105" machi="55" ten="20,12000,2" yaku="1,1,2,1,0,1,7,1,52,1,54,1,53,0" doraHai="92" doraHaiUra="121" who="1" fromWho="1" sc="283,-61,208,133,285,-31,214,-31" owari="222,-18.0,341,45.0,254,5.0,183,-32.0" /></mjloggm>