<mjloggm ver="2.3"><GO type="97" lobby="0"/><UN n0="%E7%BE%8E%E6%A8%B9%E6%9C%AC" n1="%E3%82%A6%E3%83%AB%E3%83%88%E3%83%A9%E7%AB%8B%E7%9B%B4" n2="%49%6E%66%74%79" n3="%E2%98%86%E3%82%A2%E3%82%B9%E3%83%88%E3%83%AC%E3%82%A2%E2%98%86" dan="14,14,15,15" rate="1937.06,1973.22,2010.27,1968.67" sx="M,M,F,F"/><TAIKYOKU oya="0"/><INIT seed="0,0,0,3,4,118" ten="250,250,250,250" oya="0" hai0="132,89,94,92,36,114,17,32,35,53,28,82,58" hai1="74,75,47,77,59,126,30,56,34,37,115,63,103" hai2="97,85,5,24,9,19,42,39,127,67,108,13,73" hai3="109,62,72,91,125,88,112,27,25,22,0,7,124"/><T48/><D36/><U33/><E103/><V55/><F127/><N who="3" m="48715" /><G112/><T81/><D114/><U68/><E126/><V113/><F108/><W93/><G72/><T11/><D132/><U98/><E98/><V120/><F73/><W66/><G109/><T84/><D94/><U40/><E63/><V105/><F120/><W16/><G27/><T96/><D28/><U121/><E47/><V29/><F67/><W18/><G18/><T10/><D82/><U130/><E30/><V41/><F55/><W131/><G131/><T90/><D90/><U12/><E12/><V31/><F39/><W3/><G7/><T61/><D61/><U6/><E6/><V86/><F31/><W133/><G133/><T52/><D53/><U107/><E37/><V54/><F54/><W26/><G26/><T128/><D128/><U71/><E115/><V122/><F5/><W20/><G20/><T95/><D95/><U70/><E70/><V64/><F24/><W123/><G123/><T78/><REACH who="0" step="1"/><D17/><REACH who="0" ten="240,250,250,250" step="2"/><U43/><E130/><V51/><F19/><W110/><G110/><T83/><D83/><U65/><E77/><V8/><F29/><W135/><G135/><T49/><D49/><U50/><E50/><V104/><F51/><W45/><G45/><T15/><D15/><U106/><E65/><V23/><F13/><W79/><G79/><T117/><D117/><U119/><E119/><V2/><F64/><W76/><G76/><T80/><D80/><U100/><E100/><V57/><F113/><W111/><G111/><T4/><D4/><U116/><E116/><V69/><F104/><RYUUKYOKU ba="0,1" sc="240,15,250,15,250,-15,250,-15" hai0="10,11,32,35,48,52,58,78,81,84,89,92,96" hai1="33,34,40,43,56,59,68,71,74,75,106,107,121" /><INIT seed="0,1,1,0,0,47" ten="255,265,235,235" oya="0" hai0="55,60,42,14,77,82,107,17,117,46,72,29,81" hai1="35,11,38,54,49,10,65,20,106,21,19,32,74" hai2="39,61,2,124,37,90,105,22,76,85,87,119,56" hai3="8,118,6,36,43,57,28,131,120,110,116,123,48"/><T40/><D107/><U102/><E38/><V0/><F124/><W64/><G28/><T103/><D117/><N who="3" m="45161" /><G8/><T92/><D29/><U5/><E74/><V33/><F105/><W31/><G6/><T44/><D82/><U113/><E113/><V23/><F33/><W66/><G31/><T109/><D109/><U114/><E114/><V134/><F134/><W15/><G15/><T128/><D128/><U9/><E32/><V73/><F39/><W88/><G88/><T68/><D68/><U67/><E35/><V94/><F37/><W89/><G89/><T97/><D60/><U83/><E106/><V52/><F73/><W96/><G96/><T59/><D59/><N who="1" m="33231" /><E102/><V7/><F0/><W93/><G93/><T69/><D69/><U71/><E71/><V100/><F100/><W127/><G131/><T99/><D99/><U115/><E115/><V135/><F135/><W41/><G110/><T75/><D75/><U18/><E83/><N who="2" m="47335" /><F2/><W53/><G127/><T125/><D125/><U108/><E5/><V70/><F70/><W111/><G111/><T91/><D103/><U3/><E3/><V25/><F7/><W112/><G112/><T130/><D130/><U45/><E108/><V86/><F119/><W104/><G104/><T84/><D72/><U62/><E62/><V30/><F23/><N who="1" m="8777" /><E45/><N who="0" m="17513" /><D55/><U1/><E1/><V58/><F58/><W63/><G36/><T129/><D129/><U13/><E18/><V133/><F133/><W26/><G63/><T95/><D95/><U16/><E19/><V98/><AGARI ba="1,1" hai="22,25,30,52,56,61,86,87,90,94,98" m="47335" machi="98" ten="30,2000,0" yaku="8,1,54,1" doraHai="47" who="2" fromWho="2" sc="255,-11,265,-6,235,33,235,-6" /><INIT seed="1,0,0,5,4,121" ten="244,259,268,229" oya="1" hai0="9,13,123,104,5,36,85,107,83,71,44,110,1" hai1="28,112,129,134,56,67,124,59,93,42,45,88,55" hai2="75,30,17,92,117,49,77,32,116,115,99,126,50" hai3="8,103,79,19,130,4,31,57,89,66,96,68,125"/><U73/><E73/><V21/><F32/><W101/><G68/><T87/><D71/><U53/><E112/><V86/><F75/><W7/><G79/><T95/><D123/><U78/><E78/><V114/><F30/><W120/><G120/><T94/><D1/><U82/><E124/><V70/><F70/><W131/><G125/><T80/><D44/><U58/><E129/><N who="3" m="49162" /><G31/><T18/><D36/><U10/><E134/><V16/><F126/><W14/><G89/><T122/><D18/><N who="2" m="7274" /><F21/><W51/><G51/><N who="2" m="19465" /><F86/><W47/><G47/><T63/><D122/><U39/><E82/><V97/><F77/><W54/><G54/><T6/><D9/><U102/><E102/><N who="3" m="38922" /><G96/><N who="2" m="36937" /><F92/><W81/><G81/><T118/><D118/><AGARI ba="0,0" hai="114,115,116,117,118" m="36937,19465,7274" machi="118" ten="40,5200,0" yaku="28,2,54,1" doraHai="121" who="2" fromWho="0" sc="244,-52,259,0,268,52,229,0" /><INIT seed="2,0,0,3,5,103" ten="192,259,320,229" oya="2" hai0="13,64,42,49,127,99,95,34,55,12,10,35,27" hai1="63,57,25,31,104,38,91,48,78,113,30,129,4" hai2="54,59,117,75,121,81,11,119,33,100,87,32,135" hai3="50,131,124,6,45,2,106,134,74,133,107,80,115"/><V44/><F135/><N who="3" m="51723" /><G115/><T123/><D123/><U65/><E38/><V84/><F44/><W122/><G122/><T41/><D64/><U71/><E129/><V83/><F100/><W16/><G131/><T73/><D73/><U66/><E113/><V125/><F75/><W72/><G124/><T86/><D127/><U61/><E78/><V76/><F125/><W62/><G62/><T24/><D86/><U90/><E4/><V132/><F132/><W19/><G6/><T46/><D34/><U98/><E48/><V89/><F121/><W37/><G37/><T105/><D105/><N who="3" m="39945" /><G2/><T28/><D27/><U110/><E110/><V53/><F119/><W7/><G7/><T77/><D77/><U29/><E63/><V108/><F76/><N who="3" m="44039" /><G74/><T68/><D68/><U94/><E65/><V67/><F67/><W82/><G82/><T40/><REACH who="0" step="1"/><D10/><REACH who="0" ten="182,259,320,229" step="2"/><U51/><E71/><V79/><F117/><W88/><G88/><AGARI ba="0,1" hai="12,13,24,28,35,40,41,42,46,49,55,88,95,99" machi="88" ten="40,5200,0" yaku="1,1,2,1,54,1,53,0" doraHai="103" doraHaiUra="111" who="0" fromWho="3" sc="182,62,259,0,320,0,229,-52" /><INIT seed="3,0,0,3,2,82" ten="244,259,320,177" oya="3" hai0="77,88,12,46,11,55,75,54,64,112,52,127,17" hai1="21,41,44,72,23,101,58,57,67,115,111,118,110" hai2="63,9,114,78,62,60,51,48,65,109,113,19,108" hai3="129,125,16,80,0,120,10,130,27,22,34,69,79"/><W28/><G69/><T8/><D127/><U119/><E72/><V86/><F86/><N who="3" m="48415" /><G120/><T133/><D133/><U61/><E101/><V35/><F78/><W39/><G39/><T74/><D64/><U96/><E96/><V124/><F35/><W33/><G125/><T7/><D112/><N who="2" m="43114" /><F124/><W107/><G107/><T43/><D77/><U20/><E115/><V4/><F19/><W1/><G1/><T106/><D106/><U31/><E31/><V97/><F97/><W59/><G59/><T71/><D71/><U70/><E70/><V38/><F38/><W26/><G26/><T14/><REACH who="0" step="1"/><D88/><REACH who="0" ten="234,259,320,177" step="2"/><U95/><E95/><V135/><F65/><W73/><G73/><T18/><D18/><U5/><E5/><V83/><F135/><W29/><G29/><T37/><AGARI ba="0,1" hai="7,8,11,12,14,17,37,43,46,52,54,55,74,75" machi="37" ten="30,4000,0" yaku="1,1,0,1,54,1,53,0" doraHai="82" doraHaiUra="128" who="0" fromWho="0" sc="234,50,259,-10,320,-10,177,-20" owari="284,8.0,249,-15.0,310,41.0,157,-34.0" /></mjloggm>