<mjloggm ver="2.3"><GO type="97" lobby="0"/><UN n0="%E3%82%A6%E3%83%AB%E3%83%88%E3%83%A9%E7%AB%8B%E7%9B%B4" n1="%E7%B4%85%E3%81%AE%E8%B5%A4%E3%83%89%E3%83%A9" n2="%E8%93%AE%E5%A6%82" n3="%E7%B5%82%E6%97%A5%E5%96%AB%E7%85%99" dan="13,14,14,14" rate="1844.63,1906.69,1995.55,1959.65" sx="M,M,M,M"/><TAIKYOKU oya="0"/><INIT seed="0,0,0,5,4,125" ten="250,250,250,250" oya="0" hai0="32,4,74,56,61,48,66,29,127,85,41,42,96" hai1="26,103,50,6,126,7,53,64,78,36,77,46,71" hai2="106,65,88,105,21,1,22,115,134,59,25,67,132" hai3="131,95,58,17,83,20,49,63,68,70,5,31,33"/><T101/><D74/><U123/><E123/><V114/><F1/><W75/><G5/><T124/><D4/><U80/><E126/><N who="0" m="48169" /><D29/><U109/><E109/><V54/><F59/><W39/><G39/><T120/><D32/><U98/><E36/><V44/><F25/><W38/><G38/><T97/><D120/><U40/><E26/><V79/><F44/><W52/><G95/><N who="0" m="58527" /><D85/><U86/><E78/><V43/><F79/><W73/><G73/><T81/><D81/><U111/><E111/><V0/><F0/><W35/><G75/><T92/><D48/><U13/><E40/><V2/><F2/><W28/><G83/><T8/><D8/><U129/><E71/><V116/><F43/><W72/><G72/><T84/><D84/><U55/><E7/><V60/><F60/><W99/><G99/><T15/><D15/><U94/><E6/><V9/><F9/><W90/><G90/><AGARI ba="0,0" hai="41,42,56,61,66,90,92,97" m="58527,48169" machi="90" ten="30,1500,0" yaku="18,1" doraHai="125" who="0" fromWho="3" sc="250,15,250,0,250,0,250,-15" /><INIT seed="0,1,0,1,5,95" ten="265,250,250,235" oya="0" hai0="6,78,61,11,105,32,59,43,9,19,67,12,60" hai1="75,41,108,114,123,115,54,1,63,89,42,118,8" hai2="104,74,45,69,129,24,25,120,13,126,39,49,112" hai3="77,109,81,73,71,133,55,30,102,29,35,3,124"/><T64/><D32/><U80/><E118/><V90/><F112/><N who="1" m="43049" /><E123/><V116/><F120/><W37/><G55/><T36/><D105/><U2/><E108/><V125/><F116/><W31/><G109/><T27/><D78/><N who="1" m="44127" /><E89/><V4/><F69/><W51/><G51/><T110/><D110/><U94/><E94/><V91/><F74/><W38/><G31/><T134/><D134/><U53/><E53/><V23/><F39/><W66/><G30/><T100/><D100/><U16/><E54/><V34/><F104/><W18/><G18/><T20/><D36/><U88/><E88/><V132/><F91/><W40/><G133/><T83/><D83/><U99/><E99/><V130/><F90/><W58/><G58/><T28/><D43/><N who="1" m="16395" /><E63/><V107/><F107/><W7/><G40/><T101/><D101/><U98/><E98/><V127/><F49/><W85/><G85/><T97/><D97/><U52/><E52/><V76/><F45/><W33/><G102/><T96/><D96/><U14/><AGARI ba="1,0" hai="1,2,8,14,16" m="16395,44127,43049" machi="14" ten="30,2000,0" yaku="11,1,54,1" doraHai="95" who="1" fromWho="1" sc="265,-11,250,23,250,-6,235,-6" /><INIT seed="1,0,0,0,3,109" ten="254,273,244,229" oya="1" hai0="88,86,14,96,128,129,57,0,6,103,74,120,4" hai1="42,94,65,104,17,44,47,76,5,58,31,93,18" hai2="125,21,1,112,45,56,92,117,73,41,28,13,25" hai3="95,2,32,7,46,100,24,19,121,40,133,132,75"/><U61/><E104/><V60/><F117/><W134/><G75/><T131/><D74/><U33/><E76/><V106/><F73/><W49/><G121/><T23/><D120/><U71/><E5/><V22/><F106/><W20/><G32/><T52/><D0/><U16/><E71/><V37/><F1/><W15/><G2/><T66/><D66/><U91/><E93/><V50/><F125/><W97/><REACH who="3" step="1"/><G7/><REACH who="3" ten="254,273,244,219" step="2"/><T48/><D4/><U12/><E33/><V130/><F130/><W51/><G51/><T98/><D103/><U64/><E31/><V77/><F50/><W72/><G72/><T3/><D3/><U99/><E64/><V123/><F123/><W59/><G59/><T119/><D119/><U80/><E80/><V111/><F56/><W84/><G84/><T83/><D6/><U63/><E63/><V9/><F60/><W8/><G8/><T69/><D69/><U81/><E81/><V67/><F67/><W39/><G39/><T110/><D110/><U87/><E87/><V43/><F37/><W27/><AGARI ba="0,1" hai="15,19,20,24,27,40,46,49,95,97,100,132,133,134" machi="27" ten="40,5200,0" yaku="1,1,0,1,20,1,53,0" doraHai="109" doraHaiUra="108" who="3" fromWho="3" sc="254,-13,273,-26,244,-13,219,62" /><INIT seed="2,0,0,3,1,35" ten="241,247,231,281" oya="2" hai0="38,106,20,122,19,90,23,40,46,84,100,36,68" hai1="25,74,73,69,93,95,72,113,71,43,78,0,58" hai2="81,14,86,7,129,57,92,29,116,102,125,77,75" hai3="21,126,62,10,63,82,44,87,64,17,134,15,110"/><V109/><F116/><W107/><G107/><T85/><D68/><U70/><E113/><V30/><F125/><W42/><G126/><T108/><D122/><U49/><E78/><V101/><F129/><W4/><G134/><T52/><D108/><U34/><E0/><V53/><F109/><W135/><G110/><T114/><D114/><U39/><E39/><V1/><F1/><W55/><G55/><T128/><D128/><U32/><E25/><V117/><F75/><W99/><G99/><T104/><D85/><U61/><E49/><V5/><F117/><W80/><G80/><T91/><D38/><U79/><E79/><V54/><F54/><W115/><G64/><T97/><D106/><U76/><E76/><V13/><F7/><W133/><G115/><T2/><D2/><U45/><E45/><V103/><F92/><N who="1" m="35401" /><E43/><V6/><F5/><W11/><G135/><T12/><D84/><U37/><E37/><V127/><F127/><W66/><G66/><T47/><REACH who="0" step="1"/><D23/><REACH who="0" ten="231,247,231,281" step="2"/><U67/><E32/><V98/><F98/><W27/><G133/><T41/><D41/><U121/><E34/><V8/><REACH who="2" step="1"/><F14/><REACH who="2" ten="231,247,221,281" step="2"/><W60/><G15/><T118/><D118/><U83/><E73/><V31/><F31/><W28/><G28/><T3/><D3/><U16/><E74/><V131/><F131/><W51/><REACH who="3" step="1"/><G4/><REACH who="3" ten="231,247,221,271" step="2"/><T89/><D89/><AGARI ba="0,3" hai="10,11,17,21,27,42,44,51,60,62,63,82,87,89" machi="89" ten="40,5200,0" yaku="1,1,2,1,8,1,53,0" doraHai="35" doraHaiUra="33" who="3" fromWho="0" sc="231,-52,247,0,221,0,271,82" /><INIT seed="3,0,0,1,4,33" ten="179,247,221,353" oya="3" hai0="68,2,114,107,74,79,8,130,123,23,35,25,103" hai1="36,96,11,62,34,135,45,12,44,43,31,49,106" hai2="110,129,48,127,37,83,70,30,66,18,10,13,116" hai3="100,52,128,85,113,98,53,77,32,108,60,65,56"/><W29/><G113/><T89/><D89/><U14/><E135/><V80/><F116/><W109/><G128/><T122/><D68/><U81/><E62/><V67/><F37/><W76/><G32/><T26/><D79/><U50/><E36/><V59/><F110/><N who="3" m="42603" /><G29/><N who="0" m="19895" /><D74/><U117/><E117/><V21/><F70/><W124/><G124/><T40/><D40/><U126/><E126/><V58/><F127/><W95/><G85/><T6/><D103/><U111/><E111/><V54/><F129/><W90/><G100/><T64/><D64/><U17/><E106/><V112/><F112/><W47/><G47/><T86/><D86/><U87/><E96/><V16/><F30/><W99/><G99/><T84/><D84/><U115/><E115/><V38/><F38/><W61/><G53/><T24/><D107/><U75/><E75/><V72/><F72/><W97/><G97/><T4/><D114/><U28/><E34/><V63/><REACH who="2" step="1"/><F67/><REACH who="2" ten="179,247,211,353" step="2"/><W118/><G118/><T104/><D130/><U92/><E31/><V82/><F82/><W55/><G65/><T132/><D104/><U102/><E28/><V91/><F91/><W134/><G134/><T46/><D132/><U119/><E119/><V27/><AGARI ba="0,1" hai="10,13,16,18,21,27,48,54,58,59,63,66,80,83" machi="27" ten="20,8000,1" yaku="1,1,0,1,7,1,8,1,54,1,53,0" doraHai="33" doraHaiUra="71" who="2" fromWho="2" sc="179,-20,247,-20,211,90,353,-40" owari="159,-34.0,227,-17.0,301,10.0,313,41.0" /></mjloggm>