<mjloggm ver="2.3"><GO type="41" lobby="0"/><UN n0="%E9%87%A7%E8%B7%AF%CE%BE%E3%83%80%E3%83%B3%E3%83%87%E3%82%A3" n1="%43%68%72%6F%6D%69%75%6D" n2="%44%4F%53%56" n3="%E3%82%A6%E3%83%AB%E3%83%88%E3%83%A9%E7%AB%8B%E7%9B%B4" dan="13,15,14,15" rate="1918.73,1993.72,1929.68,1991.71" sx="F,M,M,M"/><TAIKYOKU oya="0"/><INIT seed="0,0,0,3,1,62" ten="250,250,250,250" oya="0" hai0="73,37,95,91,132,108,101,10,99,15,75,135,120" hai1="129,81,47,114,133,125,71,25,45,18,85,106,26" hai2="90,82,77,89,64,55,67,21,60,51,109,86,58" hai3="39,98,20,69,59,116,79,17,105,53,122,0,13"/><T134/><D120/><U40/><E71/><V42/><F109/><W22/><G0/><T19/><D37/><U128/><E106/><V56/><F42/><W78/><G69/><T7/><D108/><U43/><E125/><V100/><F100/><W30/><G39/><T93/><REACH who="0" step="1"/><D7/><REACH who="0" ten="240,250,250,250" step="2"/><U36/><E36/><V88/><REACH who="2" step="1"/><F21/><REACH who="2" ten="240,250,240,250" step="2"/><W119/><G22/><T102/><D102/><U8/><E114/><V130/><F130/><W112/><G20/><T29/><D29/><U65/><E128/><V113/><F113/><W123/><G30/><T16/><D16/><U54/><E18/><V2/><F2/><W12/><G17/><T97/><AGARI ba="0,2" hai="10,15,19,73,75,91,93,95,97,99,101,132,134,135" machi="97" ten="40,12000,1" yaku="1,1,0,1,20,1,53,1" doraHai="62" doraHaiUra="11" who="0" fromWho="0" sc="240,140,250,-40,240,-40,250,-40" /><INIT seed="0,1,0,5,5,80" ten="380,210,200,210" oya="0" hai0="44,24,81,100,112,71,98,53,39,89,37,0,121" hai1="128,63,59,87,12,108,29,78,10,93,17,76,56" hai2="117,36,127,46,107,15,65,102,72,64,122,96,14" hai3="130,41,124,67,27,70,115,125,40,31,132,74,119"/><T62/><D121/><U6/><E108/><V85/><F122/><W51/><G74/><T103/><D112/><U48/><E128/><V23/><F127/><N who="3" m="48715" /><G119/><T79/><D0/><U97/><E29/><V118/><F72/><W101/><G115/><T84/><D24/><U60/><E48/><V13/><F36/><W38/><G38/><T50/><D37/><U4/><E59/><V47/><F23/><W88/><G101/><T33/><D33/><U129/><E129/><V110/><F110/><W18/><G18/><T75/><D39/><U42/><E42/><V30/><F30/><W32/><G130/><T131/><D131/><U77/><E63/><V91/><F96/><W99/><G67/><N who="2" m="25673" /><F102/><W111/><G70/><T135/><D135/><U49/><E49/><V104/><F85/><W113/><G113/><T16/><D71/><U9/><E87/><V35/><F91/><W123/><G123/><T55/><D75/><U3/><E3/><V83/><F83/><W126/><G111/><T58/><D16/><U57/><E9/><V11/><F11/><W90/><G126/><T105/><REACH who="0" step="1"/><D103/><REACH who="0" ten="370,210,200,210" step="2"/><U106/><E17/><V8/><F35/><W95/><G132/><T94/><D94/><U114/><E93/><V54/><F8/><W21/><G32/><T133/><D133/><U86/><E114/><V116/><F54/><W19/><G19/><T1/><D1/><U109/><E109/><V120/><F120/><W45/><G40/><T26/><D26/><U20/><E4/><V61/><F61/><W92/><G92/><T28/><D28/><U22/><E6/><RYUUKYOKU ba="1,1" sc="370,10,210,-30,200,10,210,10" hai0="44,50,53,55,58,62,79,81,84,89,98,100,105" hai2="13,14,15,46,47,104,107,116,117,118" hai3="21,27,31,41,45,51,88,90,95,99" /><INIT seed="0,2,1,5,1,96" ten="380,180,210,220" oya="0" hai0="54,124,93,32,12,27,79,6,86,16,76,56,49" hai1="101,50,122,23,46,38,89,40,64,115,30,69,133" hai2="106,75,60,52,118,110,97,116,105,112,87,85,11" hai3="31,95,99,61,120,4,68,74,62,37,0,36,111"/><T9/><D124/><U73/><E122/><V58/><F110/><W65/><G111/><T47/><D32/><U34/><E73/><V53/><F112/><W107/><G120/><T13/><D27/><U25/><E115/><V17/><F75/><W91/><G74/><T59/><D76/><U70/><E133/><V82/><F87/><W126/><G126/><T33/><D33/><U100/><E89/><V19/><F11/><W3/><G107/><T24/><D24/><U108/><E108/><V109/><F109/><W130/><G130/><T66/><D66/><U98/><E34/><V45/><F105/><W35/><G31/><T14/><D14/><U1/><E1/><V29/><F29/><W119/><G35/><T44/><D44/><U80/><E80/><V131/><F131/><W71/><G119/><N who="2" m="45609" /><F45/><W78/><G78/><T92/><D79/><U81/><E81/><V135/><F53/><W20/><G20/><N who="0" m="11271" /><D93/><U8/><E8/><V125/><F135/><W84/><G3/><T123/><D123/><U10/><E10/><V121/><F121/><W18/><G0/><T94/><D94/><U41/><E41/><V39/><F39/><W88/><G4/><T63/><D63/><N who="1" m="40095" /><E70/><V7/><F7/><W42/><G42/><T134/><D134/><U51/><E98/><V83/><F125/><W55/><G18/><N who="2" m="6665" /><F85/><W90/><G84/><T103/><D86/><U104/><E104/><V132/><F132/><W129/><G129/><T28/><D28/><U5/><E5/><V128/><F128/><W114/><G114/><T26/><D26/><U57/><E38/><RYUUKYOKU ba="2,1" sc="380,10,180,10,210,10,220,-30" hai0="6,9,13,47,49,54,56,59,92,103" hai1="23,25,30,40,46,50,51,57,100,101" hai2="52,58,60,82,83,97,106" /><INIT seed="0,3,1,0,3,96" ten="390,190,220,190" oya="0" hai0="46,63,47,12,15,32,74,17,49,39,42,75,40" hai1="69,76,0,133,7,108,44,87,122,56,104,50,98" hai2="116,77,78,81,20,106,62,85,23,119,125,131,109" hai3="2,73,13,53,105,5,112,25,67,18,103,54,64"/><T28/><D63/><U36/><E69/><V37/><F37/><W8/><G73/><T58/><D58/><U21/><E122/><V10/><F10/><W52/><G112/><T126/><D126/><U45/><E108/><V65/><F109/><W114/><G114/><T35/><D28/><U66/><E0/><V102/><F125/><W111/><G111/><T11/><D15/><U1/><E1/><V27/><F131/><W84/><G25/><T79/><D79/><U93/><E7/><V121/><F121/><W130/><G130/><T97/><REACH who="0" step="1"/><D97/><REACH who="0" ten="380,190,220,190" step="2"/><U132/><E98/><V86/><F106/><W80/><G105/><T16/><D16/><U61/><E104/><V127/><F127/><W60/><G60/><T94/><D94/><U38/><E76/><V99/><F27/><W59/><G59/><T83/><D83/><U100/><E56/><V91/><F85/><W55/><G2/><T4/><D4/><U118/><E87/><V89/><F77/><W88/><N who="3" m="13824" /><DORA hai="115" /><W41/><G5/><T68/><D68/><U48/><E61/><V33/><F33/><AGARI ba="3,2" hai="11,12,17,32,33,35,39,40,42,46,47,49,74,75" machi="33" ten="40,3900,0" yaku="1,1,53,1" doraHai="96,115" doraHaiUra="34,70" who="0" fromWho="2" sc="380,68,190,0,220,-48,190,0" /><INIT seed="0,4,0,3,2,134" ten="448,190,172,190" oya="0" hai0="129,110,72,94,81,91,120,77,62,58,48,112,79" hai1="86,9,36,55,130,119,116,71,33,101,27,10,122" hai2="54,66,83,24,25,32,123,104,43,99,35,17,2" hai3="103,3,133,53,18,97,128,0,59,51,60,88,102"/><T121/><D112/><U50/><E36/><V26/><F66/><W15/><G128/><T28/><D110/><U100/><E122/><V29/><F43/><W21/><G133/><T23/><D129/><U42/><E42/><V109/><F54/><W89/><G0/><T4/><D79/><U12/><E71/><V57/><F57/><W124/><G3/><T80/><D80/><U84/><E130/><V52/><F52/><N who="3" m="33895" /><G124/><T85/><D4/><U118/><E55/><V127/><F83/><W115/><G115/><T61/><D48/><U107/><E50/><V38/><F99/><W1/><G1/><T82/><D94/><U114/><E114/><V40/><F104/><W16/><G18/><T34/><D34/><N who="2" m="12842" /><F40/><W45/><G97/><T5/><D5/><U46/><E46/><V132/><F38/><W6/><G6/><T14/><D62/><U11/><E107/><V90/><F90/><AGARI ba="4,0" hai="15,16,21,45,51,53,88,89,90,102,103" m="33895" machi="90" ten="30,7700,0" yaku="8,1,54,3" doraHai="134" who="3" fromWho="2" sc="448,0,190,0,172,-89,190,89" /><INIT seed="1,0,0,4,4,95" ten="448,190,83,279" oya="1" hai0="116,111,45,19,36,94,24,96,0,50,56,29,82" hai1="16,48,80,97,75,53,129,81,49,125,23,52,65" hai2="1,131,122,71,130,20,47,11,105,79,83,93,88" hai3="27,124,128,121,12,57,26,84,13,60,86,103,2"/><U30/><E129/><N who="2" m="49163" /><F71/><W46/><G2/><T115/><D115/><U108/><E125/><V100/><F47/><W31/><G121/><T44/><D116/><U76/><E65/><V38/><F38/><W85/><G128/><T90/><D111/><U41/><E30/><V62/><F62/><W6/><G124/><T77/><D0/><U123/><E123/><V33/><F20/><W15/><G103/><T68/><D68/><U126/><E126/><V114/><F11/><W72/><G72/><T32/><D19/><U66/><E66/><V117/><F33/><W21/><G46/><T9/><D9/><U39/><E39/><V107/><F1/><W120/><G120/><T112/><D112/><U110/><E41/><V10/><F10/><N who="3" m="4183" /><G27/><T134/><D134/><U109/><E81/><V61/><F61/><W98/><G98/><T102/><D36/><U89/><E97/><N who="2" m="59439" /><F114/><W7/><G7/><T8/><D8/><U91/><E49/><V18/><F18/><W55/><AGARI ba="0,0" hai="13,15,21,26,31,55,57,60,84,85,86" m="4183" machi="55" ten="30,1100,0" yaku="8,1" doraHai="95" who="3" fromWho="3" sc="448,-3,190,-5,83,-3,279,11" /><INIT seed="2,0,0,0,5,30" ten="445,185,80,290" oya="2" hai0="55,87,53,37,110,60,7,119,10,91,36,56,66" hai1="9,12,77,104,68,27,57,130,106,93,123,100,111" hai2="120,92,25,95,52,13,116,2,135,84,48,39,28" hai3="99,42,46,114,82,96,79,78,0,108,75,23,34"/><V127/><F116/><W16/><G0/><T85/><D119/><U51/><E68/><V54/><F120/><W115/><G108/><T88/><D110/><U69/><E69/><V124/><F39/><W98/><G79/><T45/><D36/><U62/><E111/><V19/><F2/><W58/><G58/><T50/><D37/><U107/><E77/><V83/><F135/><W35/><G46/><T125/><D125/><N who="2" m="48202" /><F54/><W63/><G63/><T105/><D105/><U132/><E51/><V134/><F134/><W59/><G59/><T8/><D55/><U133/><E130/><V113/><F113/><N who="3" m="43019" /><G42/><T33/><D33/><U44/><E44/><N who="2" m="27655" /><F25/><AGARI ba="0,0" hai="16,23,25,34,35,75,78,82,96,98,99" m="43019" machi="25" ten="30,7700,0" yaku="11,1,52,2,54,1" doraHai="30" who="3" fromWho="2" sc="445,0,185,0,80,-77,290,77" /><INIT seed="3,0,0,5,0,12" ten="445,185,3,367" oya="3" hai0="49,125,37,7,14,35,61,53,128,106,131,113,87" hai1="89,41,129,99,134,9,126,132,6,63,82,130,85" hai2="3,98,62,52,95,29,120,123,116,124,101,108,39" hai3="66,40,88,56,72,16,80,23,24,51,114,19,83"/><W103/><G72/><T121/><D121/><N who="2" m="46666" /><F116/><W84/><G114/><T111/><D111/><U46/><E63/><V31/><F3/><W33/><G33/><T104/><D113/><U60/><E60/><V92/><F39/><W11/><G103/><T81/><D37/><U26/><E26/><V1/><F1/><W70/><G70/><T97/><D35/><U45/><E41/><V119/><F119/><W55/><G66/><T2/><D2/><U25/><E25/><V17/><F108/><W105/><G105/><N who="0" m="40555" /><D125/><U0/><E99/><V115/><F115/><W77/><G40/><T107/><D61/><U50/><E126/><V64/><F92/><N who="3" m="54279" /><G77/><N who="0" m="46511" /><D97/><U118/><E118/><V65/><F124/><W68/><G68/><T90/><D90/><U34/><E34/><V127/><F127/><W71/><G71/><T76/><D76/><U47/><E50/><V18/><F64/><W54/><G54/><T42/><D42/><U102/><E102/><V117/><F117/><W91/><G91/><T109/><D109/><U43/><E43/><V74/><F74/><W4/><G4/><T100/><D100/><U67/><E67/><V58/><F65/><W27/><G27/><T93/><D107/><U133/><AGARI ba="0,0" hai="0,6,9,45,46,47,82,85,89,129,130,132,133,134" machi="133" ten="40,2700,0" yaku="0,1,20,1" doraHai="12" who="1" fromWho="1" sc="445,-7,185,27,3,-7,367,-13" owari="438,54.0,212,-19.0,-4,-50.0,354,15.0" /></mjloggm>