<mjloggm ver="2.3"><GO type="33" lobby="0"/><UN n0="%E3%81%9C%E3%82%93%E3%81%A4%E3%81%81%E5%AB%8C%E3%81%84" n1="%2D%E5%9B%BD%E5%A3%AB%E7%84%A1%E5%8F%8C%2D" n2="%E3%83%80%E3%82%A4%E3%83%8A%E3%83%A2%E3%83%B3" n3="%E5%B0%B1%E6%B4%BB%E7%94%9F%40%E5%B7%9D%E6%9D%91%E8%BB%8D%E5%9B%A3" dan="14,15,15,13" rate="1933.37,1977.98,1981.04,1851.79" sx="M,M,F,M"/><TAIKYOKU oya="0"/><INIT seed="0,0,0,3,3,80" ten="250,250,250,250" oya="0" hai0="5,103,74,29,38,102,124,111,120,110,73,134,16" hai1="11,61,46,97,85,96,42,82,81,109,57,131,113" hai2="118,26,62,37,75,126,104,122,117,78,50,31,43" hai3="94,101,114,99,60,105,0,107,20,70,133,21,36"/><T30/><D38/><U7/><E109/><N who="0" m="41481" /><D124/><U3/><E131/><V63/><F122/><W33/><G114/><T17/><D120/><U18/><E113/><V55/><F104/><W47/><G33/><T125/><D5/><U68/><E68/><V48/><F126/><W91/><G0/><T22/><D134/><U54/><E18/><N who="0" m="7273" /><D125/><U51/><REACH who="1" step="1"/><E81/><REACH who="1" ten="250,240,250,250" step="2"/><N who="2" m="45279" /><F117/><W41/><G133/><T84/><D84/><U52/><E52/><V44/><F55/><W28/><G28/><N who="0" m="10859" /><D22/><U59/><E59/><V69/><F69/><W13/><G21/><T49/><D49/><U83/><E83/><V86/><F48/><W9/><G20/><T24/><D24/><U66/><E66/><V71/><F50/><W98/><G70/><T53/><D53/><U87/><E87/><V64/><F86/><W116/><G116/><T67/><D67/><U34/><E34/><N who="2" m="20855" /><F62/><W23/><G60/><T32/><D32/><U95/><E95/><V108/><F118/><W119/><G23/><T130/><D130/><U129/><E129/><V72/><F108/><W123/><G119/><T2/><D2/><U135/><E135/><V27/><F27/><W58/><G123/><T115/><D115/><U65/><E65/><V40/><F40/><W128/><G128/><T77/><D73/><AGARI ba="0,1" hai="37,43,44,63,64,71,72,73" m="20855,45279" machi="73" ten="30,2000,0" yaku="33,2" doraHai="80" who="2" fromWho="0" sc="250,-20,240,0,250,30,250,0" /><INIT seed="1,0,0,2,2,27" ten="230,240,280,250" oya="1" hai0="64,63,41,106,110,43,71,68,118,104,96,48,89" hai1="10,133,56,19,75,84,127,125,29,134,117,86,95" hai2="16,4,61,108,119,26,102,40,115,33,53,46,112" hai3="8,78,39,42,132,60,44,0,109,5,32,51,113"/><U130/><E56/><N who="2" m="34959" /><F119/><W12/><G113/><N who="2" m="43593" /><F108/><W15/><G109/><T66/><D118/><U17/><E75/><V114/><N who="2" m="43601" /><V69/><DORA hai="9" /><F69/><W107/><G132/><N who="1" m="50794" /><E117/><V57/><F102/><W65/><G32/><T38/><D71/><U128/><E29/><N who="2" m="19639" /><F4/><W55/><G107/><T62/><D68/><U24/><E24/><V126/><F57/><W37/><G78/><T73/><D73/><U21/><E10/><V91/><F91/><W94/><G37/><T87/><D38/><U31/><E31/><V101/><F101/><W30/><G30/><T70/><D70/><U2/><E2/><V14/><F126/><N who="1" m="48137" /><E84/><V25/><F25/><W121/><G121/><T3/><D87/><U13/><E19/><V22/><F40/><W97/><G65/><T88/><D3/><U72/><E72/><V28/><F28/><W85/><G60/><T18/><D18/><U7/><E7/><V80/><F46/><W99/><G85/><T90/><D110/><U45/><E45/><V36/><F36/><W93/><G42/><T98/><D90/><AGARI ba="0,0" hai="13,17,21,86,90,95,128,130" m="48137,50794" machi="90" ten="40,12000,1" yaku="30,2,20,1,18,1,52,1" doraHai="27,9" who="1" fromWho="0" sc="230,-120,240,120,280,0,250,0" /><INIT seed="1,1,0,0,3,49" ten="110,360,280,250" oya="1" hai0="134,14,124,87,53,103,74,81,126,131,120,118,68" hai1="24,101,4,16,135,127,13,18,128,119,125,112,48" hai2="39,133,76,84,66,108,104,33,3,91,89,71,2" hai3="60,95,93,20,75,105,21,57,94,97,129,86,83"/><U35/><E101/><V116/><F116/><W90/><G129/><T8/><D68/><U50/><E119/><V23/><F33/><W27/><G20/><T12/><D118/><U88/><E112/><V100/><F39/><W123/><G123/><T130/><D74/><U117/><E117/><V38/><F38/><W69/><G69/><T47/><D103/><U28/><E128/><N who="0" m="49193" /><D120/><U121/><E121/><V45/><F45/><W80/><G75/><T132/><D47/><U55/><E135/><N who="0" m="51753" /><D53/><U10/><E88/><V56/><F91/><W42/><G105/><T107/><D107/><U61/><E61/><V11/><F89/><N who="3" m="55471" /><G42/><T36/><D36/><U77/><E77/><V62/><F76/><W31/><G83/><T54/><D54/><AGARI ba="1,0" hai="21,27,31,54,57,60,80,86,90,94,95" m="55471" machi="54" ten="30,2000,0" yaku="8,1,52,1" doraHai="49" who="3" fromWho="0" sc="110,-23,360,0,280,0,250,23" /><INIT seed="2,0,0,4,5,8" ten="87,360,280,273" oya="2" hai0="89,76,57,85,6,22,113,10,26,31,112,49,133" hai1="52,88,4,53,96,69,7,50,65,104,73,19,107" hai2="94,132,61,83,3,106,28,43,92,70,128,131,103" hai3="84,59,118,12,110,91,55,25,114,98,134,100,60"/><V130/><F3/><W77/><G110/><T82/><D133/><U78/><E73/><V0/><F132/><W47/><G118/><T123/><D123/><U74/><E74/><V119/><F119/><W71/><G114/><T5/><D5/><U58/><E69/><V13/><F0/><W102/><G134/><T116/><D116/><U41/><E104/><V23/><F43/><W48/><G71/><T75/><D57/><U42/><E107/><V101/><F83/><W129/><G129/><T99/><D99/><U105/><E105/><V64/><F28/><W37/><G37/><T121/><D49/><N who="1" m="30991" /><E78/><V27/><F27/><W135/><G25/><T34/><D34/><U124/><E65/><V17/><REACH who="2" step="1"/><F106/><REACH who="2" ten="87,360,270,273" step="2"/><W111/><G135/><T45/><D121/><U79/><E42/><V16/><F16/><W33/><G33/><T86/><D113/><U90/><E41/><V56/><F56/><W15/><G111/><T44/><D112/><U63/><E19/><V24/><F24/><W66/><G77/><T39/><D39/><U21/><E79/><V9/><F9/><W122/><G122/><T120/><D120/><U97/><E4/><V36/><F36/><W87/><G100/><AGARI ba="0,1" hai="13,17,23,61,64,70,92,94,100,101,103,128,130,131" machi="100" ten="40,7700,0" yaku="1,1,19,1,52,1,53,0" doraHai="8" doraHaiUra="80" who="2" fromWho="3" sc="87,0,360,0,270,87,273,-77" /><INIT seed="2,1,0,0,0,73" ten="87,360,357,196" oya="2" hai0="86,9,72,11,123,63,21,102,88,57,44,129,95" hai1="118,81,31,128,56,76,113,17,69,85,32,105,83" hai2="5,130,93,132,0,71,114,90,27,20,134,97,15" hai3="131,108,80,58,39,74,52,70,25,24,34,82,100"/><V64/><F114/><W67/><G108/><T37/><D123/><U38/><E69/><V6/><F0/><W116/><G131/><T60/><D129/><U65/><E118/><V35/><F130/><W66/><G116/><T48/><D37/><U117/><E117/><V53/><F35/><W119/><G119/><T115/><D115/><U122/><E38/><V78/><F53/><W106/><G39/><T109/><D109/><U99/><E113/><V28/><F15/><W22/><G34/><T98/><D72/><U127/><E122/><V125/><F125/><W110/><G110/><T45/><D21/><U126/><E128/><V51/><F51/><W46/><G46/><T29/><D29/><U68/><E56/><V54/><F54/><W103/><G25/><T107/><D45/><U96/><E17/><V77/><F5/><W50/><G70/><T104/><D104/><U94/><E81/><N who="3" m="31338" /><G106/><T87/><D87/><U3/><E3/><V49/><F49/><W135/><G74/><T14/><D57/><U55/><E105/><V124/><F6/><W120/><G120/><T30/><D30/><U59/><E68/><V61/><F124/><W111/><G111/><T133/><D133/><AGARI ba="1,0" hai="20,27,28,61,64,71,77,78,90,93,97,132,133,134" machi="133" ten="40,7700,0" yaku="20,1,52,2" doraHai="73" who="2" fromWho="0" sc="87,-80,360,0,357,80,196,0" /><INIT seed="2,2,0,1,3,21" ten="7,360,437,196" oya="2" hai0="74,12,108,98,85,115,35,77,120,36,17,6,30" hai1="25,134,49,92,51,59,111,126,80,91,50,13,27" hai2="135,96,100,66,86,131,89,63,103,128,62,58,54" hai3="130,116,7,99,45,102,46,64,133,1,40,53,60"/><V117/><F117/><W71/><G116/><T28/><D98/><U67/><E111/><V19/><F135/><W106/><G133/><T122/><D85/><U18/><E134/><V8/><F96/><W56/><G130/><N who="2" m="49705" /><F8/><W83/><G83/><T37/><D77/><U72/><E126/><V110/><F19/><W113/><G113/><T81/><D81/><U132/><E132/><V112/><F112/><W31/><G31/><N who="0" m="11819" /><D74/><U124/><E124/><V84/><F110/><W95/><G106/><T4/><D37/><U118/><E118/><V33/><F33/><W68/><G7/><N who="0" m="2603" /><D36/><U107/><E107/><V79/><F79/><W97/><G1/><T0/><D108/><U129/><E129/><V29/><F29/><W93/><G40/><T44/><D44/><U9/><E80/><N who="2" m="49287" /><F86/><W121/><G121/><N who="0" m="46699" /><D115/><U101/><E101/><V55/><F55/><W39/><G39/><T14/><D35/><U43/><E43/><V70/><AGARI ba="2,0" hai="54,58,62,63,66,70,100,103" m="49287,49705" machi="70" ten="30,1500,0" yaku="19,1" doraHai="21" who="2" fromWho="2" sc="7,-7,360,-7,437,21,196,-7" /><INIT seed="2,3,0,4,1,130" ten="0,353,458,189" oya="2" hai0="61,81,39,6,48,128,117,118,18,85,93,91,124" hai1="98,9,79,125,32,58,135,54,110,100,73,69,115" hai2="35,23,88,62,111,95,76,87,131,59,64,77,97" hai3="99,94,66,20,82,50,63,31,56,34,3,104,68"/><V38/><F35/><W65/><G3/><T12/><D39/><U60/><E32/><V57/><F38/><W132/><G104/><T84/><D128/><U43/><E110/><V70/><F111/><W103/><G34/><T19/><D124/><U16/><E115/><V1/><F1/><W5/><G5/><T86/><D61/><U105/><E125/><V36/><F36/><W55/><G82/><T53/><D6/><U42/><E69/><V46/><F131/><W11/><G11/><T30/><D30/><U15/><E73/><V80/><F46/><W72/><G72/><T22/><D19/><U7/><E79/><V71/><F23/><W10/><G10/><T14/><D14/><U129/><E129/><V49/><F77/><W45/><G66/><T47/><D81/><U51/><E135/><V67/><F49/><W90/><G68/><T122/><D122/><U106/><E106/><V113/><F113/><W33/><G33/><T52/><D53/><U75/><E75/><V134/><F134/><W112/><G112/><T4/><D4/><U8/><REACH who="1" step="1"/><E60/><AGARI ba="3,0" hai="57,59,60,62,64,67,70,71,76,80,87,88,95,97" machi="60" ten="40,3900,0" yaku="9,1,54,1" doraHai="130" who="2" fromWho="1" sc="0,0,353,-48,458,48,189,0" /><INIT seed="2,4,0,0,2,29" ten="0,305,506,189" oya="2" hai0="11,79,15,125,21,74,73,60,90,98,111,114,1" hai1="52,50,95,48,121,14,100,102,84,78,47,72,30" hai2="101,43,93,19,127,62,96,54,105,89,5,67,24" hai3="38,87,37,116,118,103,22,108,49,69,27,120,128"/><V16/><F127/><W112/><G69/><T124/><D114/><U39/><E72/><V46/><F5/><W123/><G103/><T56/><D1/><U32/><E32/><V13/><F54/><W44/><G87/><T133/><D111/><U82/><E39/><N who="3" m="14858" /><G22/><T80/><D21/><U31/><E121/><N who="3" m="46666" /><G27/><T110/><D110/><U115/><E115/><V36/><F24/><W117/><G108/><T23/><D23/><U59/><E84/><V51/><F36/><W70/><G70/><T68/><D68/><U2/><E102/><V34/><F34/><W91/><G91/><T12/><D133/><U77/><E100/><V10/><F19/><W106/><G106/><T131/><D74/><U9/><E77/><V41/><F41/><N who="3" m="24719" /><G112/><T85/><D98/><U57/><E78/><V55/><F43/><W132/><G132/><T4/><D15/><U75/><E75/><V7/><F7/><W134/><G134/><T33/><D33/><U92/><E92/><V0/><F0/><W76/><G76/><T130/><D79/><U88/><E2/><V83/><F83/><W104/><G104/><T45/><D45/><N who="1" m="27663" /><E82/><V65/><REACH who="2" step="1"/><F62/><REACH who="2" ten="0,305,496,189" step="2"/><W129/><AGARI ba="4,1" hai="116,117,118,128,129" m="24719,46666,14858" machi="129" ten="50,3200,0" yaku="34,2" doraHai="29" who="3" fromWho="3" sc="0,-12,305,-12,496,-20,189,54" owari="-12,-51.0,293,9.0,476,58.0,243,-16.0" /></mjloggm>