<mjloggm ver="2.3"><GO type="41" lobby="0"/><UN n0="%E3%81%A8%E3%81%8D%E3%82%81%E3%81%8D%E3%83%8F%E3%83%83%E3%82%AB%E3%83%BC" n1="%64%6F%67%75%39%37" n2="%E9%AB%98%E6%9F%B3%E6%98%8E%E9%9F%B3" n3="%E3%82%A6%E3%83%AB%E3%83%88%E3%83%A9%E7%AB%8B%E7%9B%B4" dan="14,14,14,15" rate="1929.42,1828.88,1949.73,2024.44" sx="M,M,F,M"/><TAIKYOKU oya="0"/><INIT seed="0,0,0,1,3,68" ten="250,250,250,250" oya="0" hai0="61,44,48,12,85,105,9,2,22,21,84,118,38" hai1="104,10,76,69,34,65,54,32,117,8,58,77,47" hai2="28,108,4,71,29,81,82,97,43,72,39,106,125" hai3="17,7,89,73,50,16,75,33,55,92,128,91,115"/><T19/><D105/><U126/><E47/><V31/><F71/><W93/><G33/><T23/><D118/><U99/><E65/><V35/><F35/><W40/><G40/><T78/><D38/><U62/><E69/><V112/><F112/><W120/><G120/><T107/><D107/><U15/><E117/><V124/><F108/><W27/><G7/><T18/><D2/><U94/><E104/><V102/><F4/><W6/><G6/><T60/><D19/><U87/><E126/><N who="2" m="48747" /><F72/><W109/><G109/><T30/><D30/><U63/><E63/><N who="0" m="24137" /><D78/><U80/><E77/><V67/><F67/><W114/><G27/><T122/><D122/><U57/><E57/><V36/><F43/><AGARI ba="0,0" hai="9,12,18,21,22,23,43,44,48,84,85" m="24137" machi="43" ten="30,1500,0" yaku="8,1" doraHai="68" who="0" fromWho="2" sc="250,15,250,0,250,-15,250,0" /><INIT seed="0,1,0,0,1,40" ten="265,250,235,250" oya="0" hai0="82,85,25,135,103,4,47,124,76,13,77,15,64" hai1="49,69,114,11,43,42,48,6,73,2,57,16,17" hai2="71,97,29,86,66,19,5,53,117,51,128,134,79" hai3="63,46,58,130,110,133,34,55,65,62,81,100,45"/><T56/><D124/><U22/><E69/><V89/><F29/><W26/><G130/><T8/><D135/><U84/><E73/><V74/><F5/><W27/><G133/><T109/><D103/><U122/><E122/><V90/><F134/><W38/><G38/><T21/><D15/><U92/><E114/><V83/><F128/><W60/><G110/><T78/><D109/><U3/><E3/><V35/><F35/><W107/><G107/><T32/><D32/><U132/><E132/><V120/><F120/><W88/><G100/><T37/><D37/><U23/><E23/><V39/><F39/><W96/><G34/><T67/><D47/><N who="3" m="17929" /><G65/><T94/><D94/><U24/><E17/><V105/><F19/><W59/><G59/><T52/><D64/><U101/><E101/><V123/><F66/><W87/><G96/><T33/><D67/><U125/><E125/><V50/><F105/><W10/><G10/><T106/><D106/><U31/><E49/><AGARI ba="1,0" hai="26,27,49,55,58,60,62,63,81,87,88" m="17929" machi="49" ten="30,8000,1" yaku="8,1,52,3,54,1" doraHai="40" who="3" fromWho="1" sc="265,0,250,-83,235,0,250,83" /><INIT seed="1,0,0,0,5,57" ten="265,167,235,333" oya="1" hai0="78,94,122,29,86,49,2,131,118,24,73,28,51" hai1="6,128,124,114,112,13,85,76,65,81,66,110,20" hai2="32,127,63,105,5,12,99,30,44,72,87,79,46" hai3="1,14,74,48,17,47,129,64,36,40,102,77,68"/><U75/><E128/><V113/><F72/><W16/><G1/><T119/><D2/><U109/><E6/><V50/><F127/><W82/><G129/><T60/><D131/><U88/><E124/><V23/><F32/><W126/><G126/><T58/><D122/><U41/><E41/><V108/><F108/><N who="1" m="41577" /><E13/><V121/><F121/><W19/><G102/><T56/><D73/><U45/><E45/><V31/><F105/><W123/><G123/><T120/><D120/><U103/><E103/><V116/><F116/><W107/><G107/><T39/><D39/><U67/><E20/><V27/><F113/><W96/><G36/><T134/><D134/><U106/><E106/><V25/><F46/><W84/><G74/><T26/><D78/><U98/><E98/><V54/><F5/><W4/><G96/><T90/><D26/><U37/><E37/><V9/><F99/><W80/><G80/><AGARI ba="0,0" hai="65,66,67,75,76,80,81,85,88,112,114" m="41577" machi="80" ten="30,5800,0" yaku="14,1,10,1,54,1" doraHai="57" who="1" fromWho="3" sc="265,0,167,58,235,0,333,-58" /><INIT seed="1,1,0,4,3,64" ten="265,225,235,275" oya="1" hai0="124,32,46,47,85,57,86,58,113,34,84,130,115" hai1="26,76,112,129,121,36,118,7,80,41,45,12,114" hai2="5,82,51,18,103,97,62,132,59,48,108,122,55" hai3="24,111,33,125,8,14,123,61,63,25,16,98,15"/><U119/><E26/><N who="3" m="10346" /><G33/><T21/><D21/><U4/><E129/><V93/><F122/><W71/><G71/><T100/><D100/><U38/><E38/><V96/><F108/><W69/><G69/><T40/><D130/><U95/><E95/><V29/><F132/><W107/><G107/><T1/><D1/><U73/><E4/><V104/><F5/><W19/><G123/><T127/><D85/><U90/><E90/><V70/><F29/><W10/><G111/><T20/><D20/><U128/><E128/><V102/><F70/><W68/><G68/><T99/><D40/><U131/><E131/><V134/><F134/><W35/><G35/><T31/><REACH who="0" step="1"/><D99/><REACH who="0" ten="255,225,235,275" step="2"/><U67/><E121/><V23/><REACH who="2" step="1"/><F82/><REACH who="2" ten="255,225,225,275" step="2"/><W65/><G125/><T37/><D37/><U105/><E36/><V133/><F133/><W28/><G28/><AGARI ba="1,2" hai="28,31,32,34,46,47,57,58,84,86,113,115,124,127" machi="28" ten="25,3200,0" yaku="1,1,22,2,53,0" doraHai="64" doraHaiUra="87" who="0" fromWho="3" sc="255,55,225,0,225,0,275,-35" /><INIT seed="2,0,0,1,5,76" ten="310,225,225,240" oya="2" hai0="123,70,14,37,19,24,96,104,117,69,15,108,97" hai1="93,13,82,107,54,122,63,38,101,88,66,59,90" hai2="26,10,89,64,18,28,46,55,49,133,17,12,86" hai3="31,50,7,71,81,4,83,109,111,53,57,130,119"/><V74/><F74/><W42/><G71/><T16/><D123/><U48/><E38/><V78/><F78/><W79/><G119/><T113/><D37/><U129/><E129/><V124/><F124/><W87/><G130/><T29/><D117/><U3/><E3/><V22/><F133/><W34/><G34/><T20/><D108/><N who="3" m="41545" /><G31/><T85/><D113/><U127/><E127/><V67/><REACH who="2" step="1"/><F28/><REACH who="2" ten="310,225,215,240" step="2"/><W125/><G125/><T27/><D29/><U56/><E122/><V112/><F112/><W120/><G120/><T110/><D110/><U98/><E107/><V72/><F72/><N who="3" m="43239" /><G42/><T43/><D43/><U115/><E115/><V105/><F105/><W58/><G58/><T118/><D104/><U106/><E106/><V94/><AGARI ba="0,1" hai="10,12,17,18,22,26,46,49,55,64,67,86,89,94" machi="94" ten="20,7800,0" yaku="1,1,0,1,7,1,8,1,53,0" doraHai="76" doraHaiUra="92" who="2" fromWho="2" sc="310,-26,225,-26,215,88,240,-26" /><INIT seed="2,1,0,1,4,55" ten="284,199,303,214" oya="2" hai0="6,57,37,93,36,40,105,74,43,130,80,24,86" hai1="47,73,116,124,89,35,21,38,83,71,15,0,76" hai2="34,62,31,121,111,25,109,30,46,29,131,68,104" hai3="87,1,112,70,67,64,60,11,14,17,61,85,54"/><V95/><F104/><W78/><G112/><T23/><D105/><U75/><E116/><V115/><F115/><W94/><G1/><T97/><D74/><U119/><E119/><V59/><F121/><W56/><G78/><N who="0" m="46359" /><D6/><U45/><E124/><V110/><F131/><W52/><G94/><T5/><D5/><U9/><E35/><V81/><F68/><W49/><REACH who="3" step="1"/><G54/><REACH who="3" ten="284,199,303,204" step="2"/><T13/><D130/><U22/><E71/><AGARI ba="1,1" hai="11,14,17,49,52,56,60,61,64,67,70,71,85,87" machi="71" ten="30,12000,2" yaku="1,1,2,1,7,1,9,1,52,1,54,1,53,0" doraHai="55" doraHaiUra="98" who="3" fromWho="1" sc="284,0,199,-123,303,0,204,133" /><INIT seed="3,0,0,1,3,19" ten="284,76,303,337" oya="3" hai0="77,5,125,35,127,84,120,89,63,114,93,0,61" hai1="49,65,72,20,33,99,123,50,104,111,39,14,128" hai2="119,66,32,38,122,103,81,40,15,105,10,131,44" hai3="116,96,59,46,3,115,92,62,22,102,67,43,109"/><W80/><G3/><T18/><D120/><U41/><E72/><V106/><F119/><W78/><G116/><T21/><D35/><U27/><E123/><V98/><F122/><W124/><G115/><T25/><D114/><U91/><E65/><V71/><F131/><W1/><G1/><T36/><D36/><U74/><E74/><V8/><F81/><W17/><G109/><T57/><D77/><U30/><E128/><V118/><F118/><W83/><G124/><N who="0" m="47691" /><D57/><U52/><E111/><V51/><F51/><W94/><G94/><T68/><D68/><U31/><E39/><V28/><F106/><W95/><G95/><T121/><D121/><U34/><E41/><V37/><F15/><W53/><G67/><T11/><AGARI ba="0,0" hai="0,5,11,18,21,25,61,63,84,89,93" m="47691" machi="11" ten="30,2000,0" yaku="18,1,52,1" doraHai="19" who="0" fromWho="0" sc="284,20,76,-5,303,-5,337,-10" /><INIT seed="4,0,0,2,2,51" ten="304,71,298,327" oya="0" hai0="54,57,107,116,5,96,97,105,59,111,69,112,75" hai1="22,110,4,120,63,131,8,126,50,32,71,95,39" hai2="109,18,35,38,81,130,46,133,128,34,47,84,93" hai3="55,125,76,45,119,124,85,129,80,43,6,87,79"/><T123/><D116/><U15/><E39/><V24/><F109/><W88/><G119/><T9/><D123/><U41/><E120/><V78/><F133/><W2/><G6/><T11/><D69/><U27/><E126/><N who="3" m="48746" /><G2/><T31/><D75/><U0/><E131/><N who="2" m="50219" /><F93/><N who="3" m="54415" /><G129/><T17/><D31/><U99/><E71/><V115/><F115/><W94/><G94/><T12/><D112/><U65/><E110/><V77/><F77/><N who="3" m="46479" /><G55/><T56/><D111/><U102/><E41/><N who="2" m="22839" /><F47/><W14/><G14/><N who="0" m="5423" /><D107/><U33/><E50/><AGARI ba="0,0" hai="43,45,50,76,79" m="46479,54415,48746" machi="50" ten="30,2000,0" yaku="18,1,54,1" doraHai="51" who="3" fromWho="1" sc="304,0,71,-20,298,0,327,20" /><INIT seed="5,0,0,5,3,42" ten="304,51,298,347" oya="1" hai0="15,52,111,14,130,82,12,0,61,84,107,101,122" hai1="45,24,116,133,79,114,39,11,106,41,2,99,96" hai2="25,94,67,5,33,103,91,7,123,27,21,35,125" hai3="48,38,132,131,124,109,65,75,68,118,70,115,127"/><U88/><E116/><V86/><F123/><W78/><G78/><T49/><D111/><U1/><E133/><V34/><F125/><W13/><G13/><T129/><D0/><U56/><E114/><V87/><F103/><W128/><G48/><T59/><D122/><U63/><E106/><V9/><F67/><W30/><G30/><T55/><D101/><U58/><E58/><V97/><F5/><W17/><G17/><T120/><D107/><U50/><E79/><V80/><F80/><W93/><G93/><T4/><D4/><U10/><E39/><V3/><REACH who="2" step="1"/><F27/><REACH who="2" ten="304,51,288,347" step="2"/><W19/><G65/><T134/><D120/><U76/><E24/><V40/><F40/><W31/><G127/><T71/><D134/><U69/><E69/><V60/><F60/><W77/><G124/><T29/><D71/><U51/><E51/><V47/><F47/><W119/><G132/><T81/><D82/><U98/><E76/><V110/><F110/><W83/><G109/><T105/><D49/><U43/><E43/><V37/><F37/><W74/><G38/><T135/><D135/><U54/><REACH who="1" step="1"/><E88/><REACH who="1" ten="304,41,288,347" step="2"/><V57/><F57/><W36/><G36/><T28/><D59/><U90/><E90/><V117/><F117/><W62/><G119/><T95/><D61/><U32/><E32/><V104/><F104/><W89/><G118/><T121/><D105/><U92/><E92/><V73/><F73/><N who="3" m="43439" /><G89/><N who="0" m="51343" /><D95/><U126/><E126/><V108/><F108/><W6/><G75/><T46/><D121/><U18/><E18/><AGARI ba="0,2" hai="3,7,9,18,21,25,33,34,35,86,87,91,94,97" machi="18" ten="40,2600,0" yaku="1,1,53,1" doraHai="42" doraHaiUra="16" who="2" fromWho="1" sc="304,0,41,-26,288,46,347,0" /><INIT seed="6,0,0,3,3,69" ten="304,15,334,347" oya="2" hai0="55,2,90,75,25,61,134,22,60,89,104,116,52" hai1="31,133,112,124,103,43,102,34,118,122,18,113,14" hai2="74,84,24,33,32,62,56,125,78,16,100,101,128" hai3="83,30,106,105,5,42,8,28,0,114,45,17,47"/><V95/><F74/><W73/><G17/><T119/><D2/><U68/><E43/><V76/><F125/><W1/><G47/><T121/><D104/><N who="3" m="40041" /><G114/><T87/><D75/><U9/><E68/><V29/><F33/><W109/><G109/><T4/><D4/><U117/><E102/><V39/><F39/><N who="3" m="21727" /><G1/><T57/><D121/><U50/><E103/><N who="2" m="39499" /><F32/><W108/><G108/><T38/><D38/><U12/><E50/><V53/><F29/><W126/><G126/><T3/><D3/><U51/><E51/><V48/><F48/><W23/><G23/><T130/><D134/><U77/><E77/><AGARI ba="0,0" hai="0,5,8,28,30,73,77,83" m="21727,40041" machi="77" ten="30,2000,0" yaku="25,1,52,1" doraHai="69" who="3" fromWho="1" sc="304,0,15,-20,334,0,347,20" owari="304,-10.0,-5,-51.0,334,13.0,367,48.0" /></mjloggm>