<mjloggm ver="2.3"><GO type="41" lobby="0"/><UN n0="%62%6F%6B%6B%6F%6F" n1="%E3%82%A6%E3%83%AB%E3%83%88%E3%83%A9%E7%AB%8B%E7%9B%B4" n2="%42%65%53%68%61%72%70" n3="%E3%81%92%E3%82%93%E3%81%9F%E3%82%8D%E3%81%AE%E7%9C%BC" dan="16,15,14,13" rate="1989.26,1952.98,1968.17,2039.90" sx="M,M,F,M"/><TAIKYOKU oya="0"/><INIT seed="0,0,0,4,5,131" ten="250,250,250,250" oya="0" hai0="94,64,62,57,38,47,120,130,110,53,68,88,117" hai1="78,132,30,124,111,73,84,92,9,32,60,15,75" hai2="52,63,125,56,59,41,66,112,67,12,86,108,61" hai3="100,4,19,54,128,123,44,58,93,49,26,2,126"/><T103/><D120/><U37/><E37/><V119/><F112/><W27/><G126/><T99/><D117/><U33/><E60/><V114/><F114/><W105/><G128/><T102/><D130/><U40/><E40/><V90/><F119/><W14/><G123/><T50/><D110/><U1/><E1/><V89/><F108/><W18/><G105/><T35/><D35/><U98/><E84/><V28/><F125/><W72/><G72/><T74/><D74/><U77/><E124/><V0/><F0/><W101/><G2/><T121/><D121/><U133/><E111/><V96/><F28/><W43/><G4/><T85/><D85/><U127/><E127/><V69/><F41/><AGARI ba="0,0" hai="38,41,47,50,53,57,62,64,68,88,94,99,102,103" machi="41" ten="40,7700,0" yaku="24,2,54,1" doraHai="131" who="0" fromWho="2" sc="250,77,250,0,250,-77,250,0" /><INIT seed="0,1,0,3,5,70" ten="327,250,173,250" oya="0" hai0="33,58,116,65,89,75,3,130,99,93,105,111,91" hai1="100,86,118,55,27,132,121,41,109,126,23,95,127" hai2="76,10,42,77,16,13,129,5,92,83,120,46,128" hai3="39,107,32,8,79,51,17,47,64,40,78,68,26"/><T82/><D116/><U123/><E118/><V85/><F120/><W22/><G107/><T122/><D122/><U29/><E132/><V11/><F92/><W60/><G32/><T15/><D130/><N who="2" m="50282" /><F77/><W63/><G63/><T84/><D111/><U80/><E109/><V34/><F34/><W133/><G133/><T110/><D110/><U135/><E135/><V50/><F5/><W73/><G8/><AGARI ba="1,0" hai="8,10,11,13,16,42,46,50,76,83,85" m="50282" machi="8" ten="30,2000,0" yaku="19,1,54,1" doraHai="70" who="2" fromWho="3" sc="327,0,250,0,173,23,250,-23" /><INIT seed="1,0,0,2,1,15" ten="327,250,196,227" oya="1" hai0="124,71,39,18,58,2,53,17,80,73,110,99,78" hai1="50,98,47,64,59,88,103,112,21,38,132,14,49" hai2="24,27,6,82,93,40,54,44,134,32,42,96,127" hai3="55,76,20,117,22,51,19,84,61,130,92,29,26"/><U81/><E38/><V66/><F127/><W5/><G130/><T68/><D124/><U60/><E132/><V115/><F134/><W23/><G61/><T89/><D110/><U46/><E112/><V35/><F115/><W90/><G5/><T36/><D2/><U13/><E21/><V7/><F66/><W100/><G117/><T94/><D71/><U57/><E57/><V28/><F82/><N who="3" m="47175" /><G100/><T126/><D126/><U102/><E102/><V125/><F125/><W101/><G101/><T122/><D122/><U67/><E67/><V104/><F104/><W121/><G29/><T0/><D0/><U25/><E25/><V34/><F54/><W79/><G79/><T65/><D65/><U111/><E111/><V120/><F120/><W109/><G109/><T77/><D68/><U106/><E81/><V135/><F135/><W63/><G63/><T108/><D108/><U52/><REACH who="1" step="1"/><E88/><REACH who="1" ten="327,240,196,227" step="2"/><V133/><F27/><W3/><G121/><T48/><REACH who="0" step="1"/><D78/><REACH who="0" ten="317,240,196,227" step="2"/><U113/><E113/><V128/><F133/><W16/><G3/><T11/><D11/><U30/><E30/><V33/><F28/><W70/><G70/><T86/><D86/><U123/><E123/><V74/><F74/><W4/><G26/><T87/><D87/><U69/><E69/><V37/><F24/><W129/><G129/><T56/><D56/><U62/><E62/><V107/><F128/><W12/><G4/><T75/><D75/><U41/><AGARI ba="0,2" hai="13,14,41,46,47,49,50,52,59,60,64,98,103,106" machi="41" ten="20,7800,0" yaku="1,1,0,1,7,1,54,1,53,0" doraHai="15" doraHaiUra="131" who="1" fromWho="1" sc="317,-26,240,98,196,-26,227,-26" /><INIT seed="1,1,0,0,2,112" ten="291,338,170,201" oya="1" hai0="75,26,70,113,40,13,0,42,122,37,10,65,6" hai1="38,61,67,88,120,60,126,134,30,130,91,68,33" hai2="22,48,106,86,79,11,127,24,102,27,20,84,99" hai3="62,15,21,58,101,9,23,135,64,92,115,53,43"/><U110/><E120/><V87/><F127/><W98/><G135/><T54/><D122/><U31/><E38/><V56/><F79/><W3/><G115/><T35/><D113/><U128/><E126/><V73/><F73/><W4/><G43/><T94/><D75/><U104/><E104/><V103/><F11/><W45/><REACH who="3" step="1"/><G3/><REACH who="3" ten="291,338,170,191" step="2"/><T133/><D133/><U7/><E134/><V50/><F106/><W96/><G96/><T51/><D42/><U34/><E110/><V105/><F99/><W121/><G121/><T69/><D0/><U28/><E128/><V41/><F105/><W117/><G117/><T82/><D40/><U25/><E130/><V55/><F41/><W19/><G19/><T80/><D70/><U14/><E31/><N who="2" m="17799" /><F50/><AGARI ba="1,1" hai="4,9,15,21,23,45,50,53,58,62,64,92,98,101" machi="50" ten="40,5200,0" yaku="1,1,8,1,53,1" doraHai="112" doraHaiUra="63" who="3" fromWho="2" sc="291,0,338,0,170,-55,191,65" /><INIT seed="2,0,0,4,1,55" ten="291,338,115,256" oya="2" hai0="105,42,64,57,49,97,124,96,102,99,118,50,7" hai1="87,34,51,3,44,45,79,94,130,6,4,30,22" hai2="2,108,62,36,40,32,95,98,131,43,8,107,91" hai3="69,110,127,18,80,15,29,135,26,0,123,12,61"/><V101/><F32/><W9/><G123/><T20/><D118/><U129/><E34/><V103/><F131/><N who="1" m="50185" /><E3/><V77/><F77/><W82/><G110/><T24/><D124/><U111/><E111/><V5/><F108/><W81/><G135/><T13/><D42/><U70/><E45/><V41/><F36/><W66/><G127/><T1/><D1/><U119/><E70/><V89/><REACH who="2" step="1"/><F62/><REACH who="2" ten="291,338,105,256" step="2"/><W73/><G61/><T63/><D7/><U104/><E4/><V19/><F19/><W134/><G18/><T33/><D33/><U106/><E6/><V71/><F71/><W116/><G69/><T46/><D13/><U31/><E119/><V23/><F23/><W90/><G12/><T53/><D49/><U21/><E79/><V27/><F27/><W59/><G26/><T83/><D83/><U78/><E22/><V28/><F28/><AGARI ba="0,1" hai="20,24,28,46,50,53,57,63,64,96,97,99,102,105" machi="28" ten="30,2000,0" yaku="7,1,52,1" doraHai="55" who="0" fromWho="2" sc="291,30,338,0,105,-20,256,0" /><INIT seed="3,0,0,1,1,130" ten="321,338,85,256" oya="3" hai0="13,82,80,85,98,77,52,46,74,26,22,23,58" hai1="86,29,92,135,2,17,131,39,76,123,62,50,97" hai2="6,118,87,108,113,96,63,101,88,30,64,25,115" hai3="59,24,32,34,129,11,107,133,40,93,15,19,55"/><W103/><G133/><T120/><D120/><U12/><E39/><V9/><F118/><W51/><G129/><T127/><D127/><U121/><E2/><V81/><F108/><W33/><G107/><T83/><D74/><U124/><E29/><V31/><F31/><W53/><G40/><T1/><D1/><U8/><E62/><V57/><F6/><W61/><G24/><T18/><D46/><U37/><E37/><V47/><F47/><W72/><G72/><T95/><D95/><U117/><E117/><V105/><REACH who="2" step="1"/><F9/><REACH who="2" ten="321,338,75,256" step="2"/><W41/><G41/><T48/><D98/><U5/><E97/><V42/><F42/><W45/><G32/><AGARI ba="0,1" hai="25,30,32,57,63,64,81,87,88,96,101,105,113,115" machi="32" ten="30,3900,0" yaku="1,1,7,1,54,1,53,0" doraHai="130" doraHaiUra="91" who="2" fromWho="3" sc="321,0,338,0,75,49,256,-39" /><INIT seed="4,0,0,4,3,24" ten="321,338,124,217" oya="0" hai0="6,23,127,134,64,11,66,113,7,29,4,125,92" hai1="74,21,55,87,89,135,128,82,59,5,19,132,109" hai2="116,110,106,75,10,44,130,115,1,47,12,2,77" hai3="48,101,85,14,35,8,103,58,111,28,126,120,69"/><T73/><D113/><U65/><E109/><V54/><F110/><W53/><G111/><T61/><D73/><U94/><E5/><V40/><F116/><W26/><G120/><T108/><D108/><U72/><E65/><V84/><F115/><W104/><G126/><N who="0" m="48139" /><D134/><N who="1" m="51243" /><E82/><V30/><F130/><W63/><G103/><T67/><D92/><U119/><E119/><V133/><F106/><W98/><G85/><T51/><D51/><N who="1" m="31231" /><E128/><V56/><F133/><W81/><G81/><T17/><D29/><U34/><E34/><V122/><F75/><W62/><REACH who="3" step="1"/><G69/><REACH who="3" ten="321,338,124,207" step="2"/><N who="0" m="42127" /><D11/><U52/><E74/><V33/><F122/><W118/><G118/><T31/><D31/><U105/><E72/><V99/><F99/><W71/><G71/><T100/><D100/><U76/><E76/><V88/><F77/><W42/><G42/><T124/><D124/><U39/><E87/><V131/><F131/><W60/><G60/><T57/><D57/><U37/><E105/><V15/><F47/><W129/><G129/><T90/><D90/><U95/><E89/><V22/><F33/><W49/><G49/><T32/><D32/><U123/><E123/><V25/><F2/><W13/><G13/><AGARI ba="0,1" hai="4,6,7,13,17,23,66,67" m="42127,48139" machi="13" ten="30,1500,0" yaku="18,1" doraHai="24" who="0" fromWho="3" sc="321,25,338,0,124,0,207,-15" /><INIT seed="4,1,0,4,0,126" ten="346,338,124,192" oya="0" hai0="130,97,110,117,33,100,2,72,7,133,4,6,91" hai1="17,58,88,96,114,47,28,102,51,106,3,124,92" hai2="86,10,1,23,30,80,63,64,37,56,73,48,127" hai3="105,13,18,123,108,62,44,87,15,59,90,125,76"/><T115/><D117/><U24/><E3/><V21/><F37/><W8/><G108/><T65/><D110/><U34/><E124/><V101/><F73/><W16/><G105/><T83/><D130/><U25/><E58/><V57/><F127/><W132/><G132/><T119/><D119/><U95/><E114/><V74/><F74/><W50/><G123/><T75/><D133/><U94/><E17/><V77/><F101/><W69/><G69/><T135/><D135/><U67/><E25/><V71/><F30/><W121/><G76/><T31/><D115/><U116/><E67/><V55/><F71/><W41/><G121/><T113/><D113/><U5/><E5/><V20/><F1/><W103/><G103/><T0/><D0/><U89/><REACH who="1" step="1"/><E116/><REACH who="1" ten="346,328,124,192" step="2"/><V35/><F35/><W122/><G122/><T38/><D2/><U26/><E26/><V45/><F10/><W52/><G125/><T11/><D33/><U54/><AGARI ba="1,1" hai="24,28,34,47,51,54,88,89,92,94,95,96,102,106" machi="54" ten="30,7900,0" yaku="1,1,0,1,54,1,53,1" doraHai="126" doraHaiUra="27" who="1" fromWho="1" sc="346,-40,328,92,124,-21,192,-21" /><INIT seed="5,0,0,1,1,125" ten="306,420,103,171" oya="1" hai0="10,106,114,101,54,22,96,116,21,107,51,90,95" hai1="63,58,111,84,9,13,70,118,30,45,28,7,99" hai2="76,91,66,33,126,75,108,61,87,64,48,31,112" hai3="38,19,88,71,5,80,3,23,100,133,8,6,73"/><U42/><E70/><V98/><F108/><W25/><G71/><T128/><D116/><U14/><E118/><V60/><F126/><W130/><G133/><T124/><D124/><U50/><E111/><V29/><F112/><W135/><G135/><T34/><D114/><U11/><E99/><V134/><F134/><W77/><G38/><T93/><D34/><U24/><E24/><V92/><F75/><W52/><G100/><T86/><D10/><U105/><E105/><V36/><F36/><W41/><G41/><T127/><D127/><U81/><E58/><V94/><F33/><W62/><G88/><T17/><D22/><U117/><E63/><V68/><F48/><W0/><G52/><T47/><REACH who="0" step="1"/><D128/><REACH who="0" ten="296,420,103,171" step="2"/><U119/><E117/><V72/><F72/><W16/><G130/><T120/><D120/><U109/><E109/><V78/><F31/><W69/><G23/><T37/><D37/><U32/><E32/><V121/><F29/><W110/><G110/><T104/><D104/><U83/><E119/><V26/><F121/><W102/><G25/><AGARI ba="0,1" hai="17,21,25,47,51,54,86,90,93,95,96,101,106,107" machi="25" ten="30,3900,0" yaku="1,1,7,1,53,1" doraHai="125" doraHaiUra="44" who="0" fromWho="3" sc="296,49,420,0,103,0,171,-39" /><INIT seed="6,0,0,1,4,45" ten="345,420,103,132" oya="2" hai0="114,101,32,86,107,13,4,133,103,23,97,20,1" hai1="72,83,78,42,70,59,38,41,99,98,7,44,35" hai2="47,55,118,64,117,111,22,28,79,110,125,87,91" hai3="46,95,116,63,66,113,36,105,85,124,50,69,131"/><V27/><F79/><W57/><G116/><T119/><D119/><U0/><E42/><V6/><F6/><W19/><G105/><T73/><D114/><U135/><E135/><V96/><F96/><W115/><G131/><T56/><D133/><U80/><E80/><V122/><F64/><W71/><G124/><T62/><D73/><U15/><E15/><V17/><F122/><W31/><G19/><T84/><D101/><U104/><E104/><V40/><F55/><N who="3" m="30167" /><G85/><T2/><D32/><U130/><E70/><N who="3" m="26634" /><G95/><T102/><D102/><U76/><E76/><V48/><F125/><W77/><G31/><T24/><D20/><U33/><E33/><V14/><F111/><W54/><G77/><T108/><D108/><U82/><E82/><V92/><REACH who="2" step="1"/><F110/><REACH who="2" ten="345,420,93,132" step="2"/><W9/><G9/><AGARI ba="0,1" hai="9,14,17,22,27,28,40,47,48,87,91,92,117,118" machi="9" ten="30,11600,0" yaku="1,1,2,1,7,1,52,1,53,0" doraHai="45" doraHaiUra="127" who="2" fromWho="3" sc="345,0,420,0,93,126,132,-116" /><INIT seed="6,1,0,2,3,110" ten="345,420,219,16" oya="2" hai0="104,66,50,8,62,52,16,0,97,122,28,125,115" hai1="45,48,120,93,102,109,96,134,95,64,38,107,78" hai2="75,19,80,1,90,73,121,94,70,106,55,36,61" hai3="135,127,123,132,98,32,37,100,84,65,88,85,44"/><V63/><F121/><W68/><G32/><T3/><D122/><U58/><E109/><V40/><F106/><W57/><G123/><T101/><D115/><U67/><E67/><V21/><F1/><W130/><G68/><T24/><D125/><U12/><E38/><V99/><F63/><W51/><G37/><T29/><D29/><U111/><E111/><V17/><F17/><W22/><G22/><T13/><D24/><U112/><E112/><V10/><F10/><W30/><G30/><T86/><D86/><U18/><E78/><V77/><F70/><W71/><G71/><T26/><D66/><U114/><E114/><V126/><F126/><W131/><G57/><T34/><REACH who="0" step="1"/><D62/><REACH who="0" ten="335,420,219,16" step="2"/><U41/><E120/><V7/><F75/><W119/><G65/><T82/><D82/><U42/><E64/><V46/><F7/><W69/><G69/><T81/><D81/><U129/><E96/><V27/><F61/><W133/><G119/><T33/><D33/><U91/><E18/><V4/><F4/><W39/><G39/><T72/><D72/><U108/><E108/><V31/><F31/><W5/><G5/><T83/><D83/><U113/><E113/><V54/><AGARI ba="1,1" hai="19,21,27,36,40,46,54,55,73,77,80,90,94,99" machi="54" ten="30,1500,0" yaku="0,1" doraHai="110" who="2" fromWho="2" sc="335,-6,420,-6,219,28,16,-6" /><INIT seed="6,2,0,5,1,43" ten="329,414,247,10" oya="2" hai0="127,76,104,60,12,95,133,79,24,96,34,100,55" hai1="18,125,72,110,63,45,77,82,119,64,66,38,29" hai2="0,61,94,54,121,109,86,57,35,78,83,74,105" hai3="128,126,30,122,14,46,47,107,22,50,58,6,114"/><V11/><F121/><W56/><G107/><T41/><D127/><U129/><E119/><V23/><F35/><W85/><G126/><T49/><D133/><U101/><E110/><V19/><F109/><W106/><G122/><T120/><D120/><U90/><E125/><V40/><F105/><W8/><G106/><T81/><D41/><U113/><E29/><V5/><F40/><W3/><G128/><T4/><D60/><U134/><E101/><V10/><F10/><W51/><G114/><T1/><D1/><U27/><E66/><V98/><F74/><W97/><G3/><T39/><D39/><U33/><E90/><V15/><F94/><W7/><G97/><T75/><D76/><U44/><E38/><V91/><F98/><W48/><G85/><T103/><D103/><U26/><E33/><V115/><REACH who="2" step="1"/><F78/><REACH who="2" ten="329,414,237,10" step="2"/><W37/><G37/><T21/><D34/><U118/><E77/><V93/><F93/><W89/><G89/><T69/><D104/><U84/><E72/><V32/><F32/><W65/><G7/><T16/><D4/><U67/><E84/><V123/><F123/><W62/><REACH who="3" step="1"/><G58/><REACH who="3" ten="329,414,237,0" step="2"/><T111/><D111/><U99/><E99/><V102/><F102/><W36/><G36/><T59/><D69/><U71/><E71/><V131/><F131/><W52/><G52/><T25/><AGARI ba="2,2" hai="12,16,21,24,25,49,55,59,75,79,81,95,96,100" machi="25" ten="30,2000,0" yaku="0,1,54,1" doraHai="43" who="0" fromWho="0" sc="329,46,414,-7,237,-12,0,-7" owari="375,18.0,407,50.0,225,-17.0,-7,-51.0" /></mjloggm>