<mjloggm ver="2.3"><GO type="97" lobby="0"/><UN n0="%E3%82%A6%E3%83%AB%E3%83%88%E3%83%A9%E7%AB%8B%E7%9B%B4" n1="%79%61%73%76%69%63" n2="%E3%81%AE%E3%81%81" n3="%62%61%72%61%61%64%6F" dan="15,15,13,14" rate="2034.37,2026.03,1900.77,1901.09" sx="M,M,M,M"/><TAIKYOKU oya="0"/><INIT seed="0,0,0,3,3,77" ten="250,250,250,250" oya="0" hai0="37,1,69,27,57,5,106,40,34,118,70,112,59" hai1="107,18,0,38,87,94,74,65,21,20,50,72,12" hai2="67,110,86,25,22,133,91,68,76,4,10,6,71" hai3="130,29,26,97,11,63,48,46,85,108,134,36,104"/><T16/><D106/><U78/><E38/><V62/><F133/><W14/><G108/><T125/><D118/><U79/><E0/><V2/><F76/><W60/><G134/><T80/><D59/><U13/><E107/><V135/><F6/><W120/><G130/><T95/><D95/><U123/><E123/><V99/><F99/><W33/><G36/><T3/><D57/><U7/><E65/><V52/><F135/><W54/><G120/><T47/><D112/><U131/><E131/><V53/><F71/><W109/><G109/><T45/><D45/><U98/><E72/><V93/><REACH who="2" step="1"/><F110/><REACH who="2" ten="250,250,240,250" step="2"/><W101/><REACH who="3" step="1"/><G85/><REACH who="3" ten="250,250,240,240" step="2"/><T51/><D125/><U19/><E87/><V32/><F32/><W129/><G129/><T122/><D34/><U116/><E74/><V28/><AGARI ba="0,2" hai="2,4,10,22,25,28,52,53,62,67,68,86,91,93" machi="28" ten="20,8000,1" yaku="1,1,0,1,7,1,54,1,53,1" doraHai="77" doraHaiUra="83" who="2" fromWho="2" sc="250,-40,250,-20,240,100,240,-20" /><INIT seed="1,0,0,1,3,4" ten="210,230,340,220" oya="1" hai0="80,108,85,78,118,68,102,106,84,123,124,26,79" hai1="71,40,25,66,44,82,130,115,30,107,93,99,9" hai2="35,7,65,110,81,135,3,51,54,24,119,8,91" hai3="15,47,105,77,6,67,126,73,97,72,48,45,112"/><U12/><E115/><V5/><F119/><W127/><G112/><T56/><D68/><U88/><E107/><V63/><F135/><W86/><G67/><T75/><D26/><U20/><E71/><V11/><F110/><W31/><G31/><T104/><D56/><U94/><E66/><V76/><F91/><W117/><G117/><T92/><D118/><U61/><E61/><V101/><F101/><N who="3" m="62639" /><G86/><N who="0" m="33387" /><D108/><U95/><E82/><V114/><F35/><W34/><G34/><T109/><D109/><U122/><E130/><V1/><F24/><W59/><G77/><N who="0" m="44095" /><D124/><N who="3" m="47657" /><G59/><T53/><D53/><U58/><E58/><V19/><F19/><W100/><G47/><T38/><D38/><U29/><E122/><V22/><F22/><W134/><G45/><T50/><D50/><N who="1" m="26887" /><E29/><V39/><F39/><W116/><G116/><T27/><D27/><U83/><E83/><V133/><F133/><W13/><G134/><T18/><D18/><AGARI ba="0,0" hai="9,12,18,20,25,30,88,93,94,95,99" m="26887" machi="18" ten="30,5800,0" yaku="8,1,52,1,54,1" doraHai="4" who="1" fromWho="0" sc="210,-58,230,58,340,0,220,0" /><INIT seed="1,1,0,3,3,49" ten="152,288,340,220" oya="1" hai0="7,96,35,120,86,13,11,5,60,89,18,8,127" hai1="67,38,33,29,129,109,90,93,37,115,14,55,36" hai2="17,20,34,47,75,126,100,25,122,117,121,58,51" hai3="32,108,123,84,132,1,134,16,54,112,99,21,116"/><U91/><E115/><V43/><F117/><W92/><G112/><T74/><D74/><U65/><E33/><V0/><F75/><W113/><G108/><T27/><D120/><U78/><E78/><V68/><F68/><W9/><G113/><T76/><D76/><U125/><E109/><V88/><F126/><W44/><G123/><T50/><D96/><U57/><E125/><V135/><F0/><W10/><G116/><T73/><D73/><U72/><E72/><V24/><F100/><W41/><G32/><T95/><D127/><U102/><E29/><V79/><F79/><W66/><G66/><T61/><D35/><U48/><E129/><V94/><F135/><N who="3" m="51755" /><G1/><T128/><D128/><U62/><E67/><V111/><F111/><W39/><G84/><T19/><D50/><U130/><E130/><V131/><F131/><W4/><G4/><T80/><D80/><U97/><REACH who="1" step="1"/><E14/><REACH who="1" ten="152,278,340,220" step="2"/><V87/><REACH who="2" step="1"/><F58/><AGARI ba="1,1" hai="36,37,38,48,55,57,58,62,65,90,91,93,97,102" machi="58" ten="40,7700,0" yaku="1,1,2,1,52,1,53,0" doraHai="49" doraHaiUra="6" who="1" fromWho="2" sc="152,0,278,90,340,-80,220,0" /><INIT seed="1,2,0,3,0,37" ten="152,368,260,220" oya="1" hai0="10,79,15,131,20,4,95,22,56,55,104,87,113" hai1="36,115,23,21,108,39,91,7,11,46,5,35,121" hai2="40,29,67,47,111,106,88,107,60,124,110,63,76" hai3="103,32,83,130,114,26,128,75,119,6,38,50,19"/><U64/><E121/><V122/><F122/><W65/><G114/><T52/><D104/><U101/><E35/><V100/><F76/><N who="3" m="44447" /><G38/><T94/><D113/><U62/><E115/><V97/><F29/><N who="3" m="19511" /><G6/><T17/><D131/><N who="3" m="50217" /><G65/><T77/><D55/><U2/><E101/><V117/><F117/><W72/><G72/><T41/><D20/><U129/><E5/><V28/><F28/><W51/><G119/><T25/><D41/><U102/><E102/><V82/><F124/><W112/><G112/><T68/><D68/><U1/><E1/><V57/><F107/><W120/><G120/><T8/><D8/><U9/><E9/><V49/><F63/><W53/><G103/><T12/><D25/><U69/><E129/><V127/><F127/><W109/><G109/><N who="2" m="41481" /><F82/><W16/><G51/><T85/><D85/><U80/><E108/><V81/><F81/><W125/><G125/><T70/><D70/><U14/><E2/><V118/><F118/><W93/><G93/><T48/><D95/><U27/><E39/><V92/><F106/><W58/><AGARI ba="2,0" hai="16,19,50,53,58" m="50217,19511,44447" machi="58" ten="30,2000,0" yaku="19,1,54,1" doraHai="37" who="3" fromWho="3" sc="152,-7,368,-12,260,-7,220,26" /><INIT seed="2,0,0,1,5,60" ten="145,356,253,246" oya="2" hai0="10,82,52,115,3,102,30,119,55,134,131,66,111" hai1="126,91,92,34,32,67,63,5,62,130,73,26,9" hai2="38,86,129,71,104,113,49,39,13,125,81,0,19" hai3="53,16,105,120,132,61,47,45,24,41,123,42,25"/><V54/><F113/><W128/><G105/><T127/><D115/><U95/><E73/><V51/><F125/><W110/><G110/><T68/><D30/><U133/><E126/><V88/><F0/><W4/><G4/><N who="0" m="1311" /><D127/><U90/><E133/><V76/><F129/><W2/><G132/><T64/><D134/><U72/><E130/><V69/><F104/><W56/><G128/><T15/><D68/><U22/><E72/><V106/><F106/><W96/><G2/><T43/><D131/><U83/><E83/><V112/><F112/><W40/><G96/><T100/><D15/><U70/><E63/><V23/><F51/><W59/><G16/><T7/><D7/><U29/><E91/><V27/><F71/><W97/><G97/><T109/><D82/><U116/><E95/><V98/><F69/><W80/><G80/><T6/><D6/><U1/><E116/><V48/><F48/><N who="3" m="30759" /><G24/><T12/><D12/><U89/><E90/><V28/><F98/><AGARI ba="0,0" hai="1,5,9,22,26,29,32,34,62,67,70,89,92,98" machi="98" ten="30,2000,0" yaku="7,1,52,1" doraHai="60" who="1" fromWho="2" sc="145,0,356,20,253,-20,246,0" /><INIT seed="3,0,0,3,4,2" ten="145,376,233,246" oya="3" hai0="0,52,1,36,88,86,97,33,78,54,43,109,106" hai1="27,26,130,116,82,132,25,118,61,117,127,57,103" hai2="49,16,121,9,115,5,95,12,65,55,89,93,85" hai3="22,110,81,50,45,28,99,101,87,94,14,39,124"/><W119/><G119/><T120/><D33/><U30/><E132/><V47/><F121/><W31/><G124/><T72/><D120/><U63/><E130/><V102/><F115/><W11/><G39/><T76/><D109/><U42/><E42/><V41/><F65/><W20/><G110/><T3/><D43/><U32/><E127/><V129/><F129/><W21/><G45/><T133/><D36/><U131/><E103/><V66/><F66/><W40/><G50/><T6/><D133/><U51/><E131/><V108/><F108/><W84/><G40/><T122/><D122/><U29/><E82/><V44/><F102/><W35/><G35/><T48/><D97/><U53/><E27/><V75/><F75/><W38/><G38/><T70/><D106/><U98/><E98/><V23/><F95/><W59/><G59/><T126/><D70/><U90/><E90/><V4/><F9/><W74/><G74/><T17/><D17/><U62/><E62/><V128/><REACH who="2" step="1"/><F128/><REACH who="2" ten="145,376,223,246" step="2"/><W68/><G68/><T46/><D126/><U73/><E73/><V100/><F100/><W114/><G114/><T91/><D72/><U135/><E135/><V134/><F134/><W34/><G34/><AGARI ba="0,1" hai="25,26,29,30,32,34,51,53,57,61,63,116,117,118" machi="34" ten="40,2600,0" yaku="9,1,12,1" doraHai="2" who="1" fromWho="3" sc="145,0,376,36,223,0,246,-26" owari="145,-35.0,412,51.0,223,2.0,220,-18.0" /></mjloggm>