<mjloggm ver="2.3"><GO type="41" lobby="0"/><UN n0="%6D%75%74%69%6B%6B%6F" n1="%E3%83%A1%E3%83%A9%E3%82%BE%E4%B8%80%E3%83%9E" n2="%E3%83%90%E3%83%93%E3%83%B3%E3%82%B9%E3%82%AD%E3%83%BC" n3="%E3%82%A6%E3%83%AB%E3%83%88%E3%83%A9%E7%AB%8B%E7%9B%B4" dan="13,14,15,15" rate="1820.06,1899.18,1975.97,1986.23" sx="F,F,M,M"/><TAIKYOKU oya="0"/><INIT seed="0,0,0,5,5,129" ten="250,250,250,250" oya="0" hai0="91,26,66,131,75,10,59,70,80,40,104,69,2" hai1="130,60,5,71,109,121,20,36,79,0,89,42,94" hai2="16,112,6,18,33,135,106,51,7,28,111,128,22" hai3="98,44,54,86,53,117,87,29,65,9,67,56,100"/><T105/><D131/><U25/><E121/><V38/><F38/><W99/><G117/><T52/><D40/><U12/><E109/><V35/><F106/><W15/><G29/><T126/><D126/><U108/><E108/><V32/><F111/><W107/><G107/><T58/><D105/><U90/><E79/><V27/><F128/><W48/><G99/><T77/><D91/><U34/><E0/><V95/><F112/><W76/><G98/><T3/><D104/><U120/><E34/><V8/><F95/><W13/><G100/><T30/><D3/><U96/><E120/><V41/><F135/><W123/><G15/><T114/><D10/><U125/><E125/><V50/><F50/><W115/><G115/><T103/><D103/><U45/><E130/><V122/><F122/><W83/><G87/><T14/><D14/><U11/><E71/><V4/><F51/><W17/><G123/><T110/><D2/><U31/><E60/><AGARI ba="0,0" hai="9,13,17,44,48,53,54,56,60,65,67,76,83,86" machi="60" ten="30,2000,0" yaku="7,1,8,1" doraHai="129" who="3" fromWho="1" sc="250,0,250,-20,250,0,250,20" /><INIT seed="1,0,0,4,0,72" ten="250,230,250,270" oya="1" hai0="75,134,2,70,28,91,15,110,86,119,132,133,16" hai1="53,130,40,57,131,118,8,35,96,44,33,117,71" hai2="12,63,58,79,56,64,84,82,6,114,106,42,98" hai3="25,116,45,66,127,60,74,122,14,104,121,13,29"/><U1/><E96/><V80/><F114/><W92/><G74/><T101/><D70/><U49/><E71/><V37/><F37/><W0/><G0/><T47/><D2/><U43/><E43/><V85/><F42/><W52/><G104/><T31/><D47/><U50/><E1/><V34/><F34/><N who="1" m="12809" /><E8/><V89/><F106/><W120/><G116/><T99/><D75/><U100/><E100/><V46/><F46/><W5/><G5/><T18/><D110/><U129/><AGARI ba="0,0" hai="40,44,49,50,53,57,117,118,129,130,131" m="12809" machi="129" ten="40,2100,0" yaku="19,1" doraHai="72" who="1" fromWho="1" sc="250,-7,230,21,250,-7,270,-7" /><INIT seed="1,1,0,3,4,104" ten="243,251,243,263" oya="1" hai0="99,123,6,68,126,107,112,114,129,64,16,111,92" hai1="100,15,8,37,12,3,43,9,73,113,72,57,106" hai2="63,22,86,28,115,89,52,21,66,88,55,59,40" hai3="105,76,127,120,97,10,70,24,29,93,7,48,31"/><U13/><E113/><V42/><F115/><W60/><G120/><T32/><D32/><U133/><E133/><V134/><F134/><W119/><G119/><T17/><D107/><U103/><E57/><N who="2" m="37231" /><F89/><W131/><G131/><T5/><D129/><U54/><E54/><N who="2" m="20523" /><F59/><W108/><G29/><T38/><D38/><U90/><E90/><V101/><F101/><W83/><G105/><T45/><D64/><U85/><E85/><V128/><F128/><W49/><G127/><T51/><D68/><U74/><E3/><V122/><F122/><W91/><G108/><T41/><D111/><U135/><E135/><V87/><F87/><W84/><G60/><T30/><D30/><U61/><E61/><V125/><F125/><W2/><REACH who="3" step="1"/><G70/><REACH who="3" ten="243,251,243,253" step="2"/><T14/><D126/><U50/><E106/><V118/><F118/><W67/><G67/><T44/><D123/><U1/><E1/><V124/><F124/><W18/><G18/><T23/><D17/><U71/><E71/><V39/><F28/><W62/><G62/><T98/><D114/><U33/><E33/><AGARI ba="1,1" hai="2,7,10,24,31,33,48,49,76,83,84,91,93,97" machi="33" ten="30,2000,0" yaku="1,1,7,1,53,0" doraHai="104" doraHaiUra="102" who="3" fromWho="1" sc="243,0,251,-23,243,0,253,33" /><INIT seed="2,0,0,4,4,108" ten="243,228,243,286" oya="2" hai0="48,31,56,62,63,19,131,26,133,96,9,12,54" hai1="66,74,51,93,17,79,116,90,27,115,87,110,125" hai2="85,46,126,72,101,95,109,37,47,124,40,60,80" hai3="43,130,30,23,57,70,129,29,68,41,5,15,52"/><V97/><F72/><W92/><G92/><T83/><D133/><U118/><E110/><V76/><F109/><W49/><G5/><T39/><D39/><U114/><E66/><V78/><F78/><W36/><G15/><T120/><D120/><U64/><E125/><V34/><F34/><W2/><G2/><T32/><D131/><N who="3" m="50185" /><G23/><T45/><D83/><N who="1" m="45559" /><E51/><V112/><F60/><W82/><G82/><T86/><D86/><N who="1" m="52439" /><E17/><V1/><F1/><W7/><G7/><T42/><D96/><U94/><E64/><V106/><F106/><W61/><G29/><T71/><D71/><N who="3" m="27177" /><G30/><T25/><D25/><U20/><E20/><V121/><F121/><W38/><G61/><T55/><D63/><U77/><E27/><V99/><F99/><W35/><G35/><T0/><D0/><U84/><E84/><V8/><F8/><W33/><G33/><T89/><D89/><N who="1" m="53567" /><E77/><V128/><F128/><W21/><G21/><T117/><D42/><AGARI ba="0,0" hai="36,38,41,42,43,49,52,57" m="27177,50185" machi="42" ten="30,7700,0" yaku="19,1,34,2,54,1" doraHai="108" who="3" fromWho="0" sc="243,-77,228,0,243,0,286,77" /><INIT seed="3,0,0,3,3,58" ten="166,228,243,363" oya="3" hai0="14,73,108,34,31,64,74,107,85,38,62,47,134" hai1="82,50,70,101,68,89,23,33,119,46,130,28,4" hai2="51,120,135,6,3,86,20,113,24,80,12,111,91" hai3="40,129,97,1,114,72,54,83,16,35,11,21,75"/><W30/><G114/><T13/><D107/><U7/><E130/><V103/><F113/><W10/><G129/><T0/><D0/><U36/><E119/><V18/><F111/><W126/><G126/><T124/><D124/><U110/><E36/><V87/><F135/><W65/><G65/><T123/><D134/><U53/><E33/><V57/><F120/><W15/><G40/><T81/><D123/><U71/><E101/><V122/><F122/><W95/><G72/><T92/><D108/><U26/><E110/><V17/><F103/><W29/><G75/><T121/><D121/><U48/><E48/><V67/><F3/><W32/><G83/><T99/><D74/><U63/><E82/><V69/><F69/><W22/><G54/><T112/><D112/><U88/><REACH who="1" step="1"/><E63/><REACH who="1" ten="166,218,243,363" step="2"/><V117/><F51/><W78/><G32/><T39/><D38/><U84/><E84/><V77/><F87/><W90/><G35/><T115/><D73/><U5/><AGARI ba="0,1" hai="4,5,7,23,26,28,46,50,53,68,70,71,88,89" machi="5" ten="40,5200,0" yaku="1,1,0,1,54,1,53,0" doraHai="58" doraHaiUra="102" who="1" fromWho="1" sc="166,-13,218,62,243,-13,363,-26" /><INIT seed="4,0,0,1,0,128" ten="153,280,230,337" oya="0" hai0="70,96,59,49,3,129,60,6,51,16,113,31,108" hai1="98,71,37,1,103,117,102,45,75,87,130,132,43" hai2="18,124,55,20,81,25,69,114,95,21,127,104,67" hai3="48,47,34,93,44,97,46,54,79,107,41,105,123"/><T112/><D129/><U50/><E117/><V58/><F104/><W66/><G34/><T92/><D108/><U121/><E121/><V30/><F114/><N who="0" m="44138" /><D31/><U5/><E130/><V125/><F81/><W101/><G123/><T52/><D70/><U76/><E132/><V68/><F95/><W131/><G131/><T61/><D6/><U83/><E71/><V88/><F67/><W23/><G66/><T90/><D3/><U115/><E115/><V27/><REACH who="2" step="1"/><F88/><REACH who="2" ten="153,280,220,337" step="2"/><W42/><G107/><T28/><D28/><U12/><E103/><V9/><F9/><W0/><G105/><T86/><D96/><U32/><E102/><V126/><N who="2" m="31744" /><DORA hai="65" /><V35/><F35/><W119/><G97/><T91/><D90/><U106/><E98/><V7/><F7/><W57/><G101/><T63/><D16/><U99/><E99/><V73/><F73/><W82/><G93/><T118/><D118/><U19/><E106/><V10/><F10/><W2/><G119/><T8/><D8/><U134/><E75/><V26/><F26/><W24/><G82/><T38/><D38/><U17/><E37/><V80/><F80/><W56/><G79/><T72/><D72/><U33/><E83/><V110/><F110/><W11/><G11/><T62/><AGARI ba="0,1" hai="49,51,52,59,60,61,62,63,86,91,92" m="44138" machi="62" ten="30,3000,0" yaku="15,1,54,1" doraHai="128,65" who="0" fromWho="0" sc="153,40,280,-10,220,-10,337,-10" /><INIT seed="4,1,0,2,1,107" ten="193,270,210,327" oya="0" hai0="134,119,83,25,76,51,21,26,79,24,81,18,39" hai1="105,9,93,43,75,54,37,111,29,52,120,94,114" hai2="128,91,35,122,57,90,8,2,11,84,131,28,46" hai3="48,95,59,47,92,82,123,36,14,67,108,87,101"/><T78/><D119/><U103/><E120/><V135/><F122/><W13/><G36/><T15/><D39/><U22/><E111/><V0/><F135/><W66/><G108/><T56/><D134/><U118/><E118/><V74/><F46/><W7/><G123/><T34/><D34/><U97/><E114/><V3/><F57/><W31/><G31/><T65/><REACH who="0" step="1"/><D51/><REACH who="0" ten="183,270,210,327" step="2"/><U113/><E113/><V96/><F35/><W4/><G48/><T127/><D127/><U117/><E37/><V63/><F131/><W116/><G116/><T33/><D33/><U55/><E117/><V133/><F128/><W80/><G47/><T115/><D115/><U110/><E110/><V20/><F133/><W104/><G59/><T1/><D1/><U100/><E105/><V124/><F124/><W49/><G49/><T38/><D38/><U17/><E103/><V10/><F3/><W68/><G104/><T89/><D89/><U19/><E100/><V71/><F2/><W121/><G121/><T6/><D6/><U112/><E112/><V102/><F91/><W32/><G101/><T41/><D41/><U126/><E43/><V132/><F0/><W12/><G32/><T69/><D69/><U42/><E42/><V130/><F132/><W30/><G68/><T129/><D129/><U73/><E126/><V85/><F130/><W125/><G125/><T16/><D16/><U72/><E17/><V44/><F71/><W5/><G4/><T50/><D50/><U58/><E19/><V109/><F102/><W62/><G5/><T45/><D45/><U99/><E58/><RYUUKYOKU ba="1,1" sc="183,30,270,-10,210,-10,327,-10" hai0="15,18,21,24,25,26,56,65,76,78,79,81,83" /><INIT seed="4,2,1,4,5,59" ten="213,260,200,317" oya="0" hai0="3,92,56,11,123,83,9,102,29,5,70,90,107" hai1="32,54,37,104,50,119,48,112,121,133,78,44,82" hai2="2,64,62,33,8,66,93,0,85,47,19,68,106" hai3="57,27,74,75,17,97,117,60,87,1,116,103,6"/><T111/><D123/><U10/><E121/><V127/><F106/><W35/><G75/><T14/><D70/><U113/><E119/><V63/><F33/><W18/><G74/><T43/><D43/><N who="1" m="22639" /><E133/><V28/><F28/><W100/><G100/><T101/><D29/><U122/><E122/><V55/><F127/><W126/><G126/><T134/><D134/><U61/><E104/><V135/><F135/><W131/><G131/><T115/><D111/><U13/><E32/><V46/><F19/><W22/><G35/><T88/><D107/><U125/><E125/><V77/><F55/><W36/><G36/><T76/><D115/><N who="1" m="44107" /><E82/><V12/><F2/><W31/><G87/><N who="0" m="48615" /><D3/><U41/><E41/><V128/><F128/><W86/><G86/><T130/><D9/><U109/><E78/><V94/><F0/><W51/><G51/><T16/><D5/><N who="1" m="3279" /><E109/><V124/><F124/><W81/><G81/><T99/><D130/><U30/><E30/><V7/><F77/><W79/><G79/><T38/><D38/><U71/><E54/><V34/><F34/><W53/><G117/><T58/><D101/><U73/><E73/><V24/><F85/><W20/><G116/><T45/><D45/><U52/><E52/><V67/><F47/><W129/><G129/><T42/><D42/><U120/><E120/><V26/><F46/><W25/><G31/><T108/><D108/><U69/><E69/><N who="2" m="42135" /><F67/><AGARI ba="2,1" hai="48,50,61,67,71" m="3279,44107,22639" machi="67" ten="30,3900,0" yaku="15,1,11,1,52,1" doraHai="59" who="1" fromWho="2" sc="213,0,260,55,200,-45,317,0" /><INIT seed="5,0,0,3,4,48" ten="213,315,155,317" oya="1" hai0="69,50,24,118,29,61,101,16,7,5,72,11,28" hai1="121,78,45,109,131,125,30,85,133,104,124,93,108" hai2="88,120,97,76,105,115,20,31,60,6,106,62,130" hai3="112,129,81,132,135,47,39,94,34,71,68,77,56"/><U58/><E121/><V134/><F120/><W59/><G34/><T55/><D72/><U8/><E104/><V2/><F130/><W91/><G129/><T57/><D101/><U4/><E30/><V0/><F134/><N who="3" m="51243" /><G112/><T111/><D111/><N who="1" m="42571" /><E131/><V92/><F115/><W32/><G32/><T80/><D80/><N who="1" m="47255" /><E45/><V41/><F76/><W113/><G113/><T114/><D114/><U119/><E119/><V1/><F6/><W10/><G10/><T73/><D73/><U14/><E133/><V40/><F106/><W107/><G107/><T127/><D118/><U79/><E79/><V74/><F74/><N who="3" m="43191" /><G47/><T84/><D29/><U82/><E82/><V90/><F105/><W17/><G39/><T103/><D103/><U89/><E58/><N who="3" m="22058" /><G17/><T95/><D69/><U26/><E26/><V102/><F2/><W46/><G46/><T83/><D95/><U37/><E37/><V126/><F1/><W63/><G63/><N who="2" m="24105" /><F0/><W3/><G3/><T22/><D61/><U43/><E43/><N who="2" m="16459" /><F126/><W128/><G128/><T27/><D127/><U53/><E124/><V18/><F31/><W123/><G123/><T100/><D100/><U116/><E116/><V42/><N who="2" m="16467" /><V75/><DORA hai="23" /><F75/><W19/><G71/><T67/><D67/><U54/><E125/><V13/><AGARI ba="0,0" hai="13,18,20,88,90,92,97,102" m="16467,24105" machi="13" ten="40,2700,0" yaku="8,1,54,1" doraHai="48,23" who="2" fromWho="2" sc="213,-7,315,-13,155,27,317,-7" /><INIT seed="6,0,0,5,3,112" ten="206,302,182,310" oya="2" hai0="126,31,42,55,3,82,26,45,58,103,86,47,8" hai1="113,61,5,131,69,88,36,35,22,83,118,49,84" hai2="115,100,60,56,121,81,120,133,18,53,41,119,25" hai3="125,68,76,93,65,64,106,13,39,78,59,72,24"/><V116/><F100/><W21/><G106/><T4/><D126/><U1/><E36/><V74/><F74/><W0/><G0/><T107/><D103/><U23/><E35/><V95/><F95/><W57/><G39/><T52/><D107/><U44/><E113/><V99/><F99/><W51/><G68/><T19/><D58/><U80/><E118/><N who="2" m="45099" /><F81/><W30/><G13/><T132/><D132/><U40/><E83/><V129/><F18/><W28/><G21/><T73/><D45/><U14/><E1/><V124/><F25/><W134/><G24/><T15/><D73/><U104/><E104/><V27/><F27/><W128/><G93/><T123/><D123/><N who="2" m="47178" /><F115/><W11/><G72/><T48/><D19/><U6/><E6/><V38/><F124/><W71/><G125/><T70/><D70/><U90/><E5/><V33/><F33/><W20/><G30/><T79/><D3/><U102/><E102/><V77/><F77/><W46/><G28/><T91/><D91/><U37/><E90/><V105/><F105/><W9/><G78/><T94/><D94/><U16/><E80/><V92/><F92/><W96/><G76/><T50/><D50/><U63/><E84/><V67/><F133/><W127/><G134/><T29/><D29/><U122/><E16/><V66/><F129/><W110/><G128/><T114/><D114/><U34/><E131/><V17/><F17/><W2/><G127/><T12/><D12/><U108/><E34/><AGARI ba="0,0" hai="4,8,15,26,31,34,42,47,48,52,55,79,82,86" machi="34" ten="30,7700,0" yaku="7,1,25,2,54,1" doraHai="112" who="0" fromWho="1" sc="206,77,302,-77,182,0,310,0" /><INIT seed="7,0,0,0,3,52" ten="283,225,182,310" oya="3" hai0="113,27,1,103,106,82,132,17,31,54,28,11,74" hai1="95,37,87,0,22,44,58,78,118,15,120,109,7" hai2="86,99,36,57,66,93,21,26,49,94,32,20,46" hai3="29,123,67,30,14,50,75,111,35,107,115,126,62"/><W10/><G75/><T72/><D132/><U59/><E109/><V122/><F122/><W41/><G107/><T4/><D103/><U96/><E120/><V104/><F104/><W125/><G35/><T34/><D106/><U24/><E118/><V48/><F36/><W98/><G98/><T23/><D31/><N who="1" m="17815" /><E0/><V47/><F32/><W135/><G135/><T38/><D38/><U53/><E37/><V127/><F127/><N who="3" m="48651" /><G115/><T68/><D68/><U51/><E7/><V102/><F21/><W114/><G114/><T134/><D134/><U108/><E15/><V92/><F86/><W70/><G123/><T88/><D113/><U77/><E108/><V9/><F9/><W117/><G117/><T33/><D54/><U91/><E96/><V124/><F124/><W56/><G111/><T19/><D19/><U85/><E85/><V76/><F76/><AGARI ba="0,0" hai="44,51,53,58,59,76,77,78,87,91,95" m="17815" machi="76" ten="30,3900,0" yaku="8,1,52,2" doraHai="52" who="1" fromWho="2" sc="283,0,225,39,182,-39,310,0" owari="283,8.0,264,-14.0,143,-36.0,310,42.0" /></mjloggm>