<mjloggm ver="2.3"><GO type="97" lobby="0"/><UN n0="%79%75%53%50" n1="%E3%82%A6%E3%83%AB%E3%83%88%E3%83%A9%E7%AB%8B%E7%9B%B4" n2="%E3%81%A7%E3%82%93%E5%85%AD%E5%8A%A9" n3="%E3%81%8C%E3%81%A1%E3%81%91%E3%82%8B" dan="13,14,15,14" rate="1871.63,1961.18,1965.03,1865.16" sx="M,M,M,M"/><TAIKYOKU oya="0"/><INIT seed="0,0,0,0,0,32" ten="250,250,250,250" oya="0" hai0="100,17,18,126,69,99,4,28,70,52,87,27,121" hai1="71,105,60,30,43,20,86,75,113,120,92,61,124" hai2="81,106,51,95,129,34,15,104,44,12,101,23,25" hai3="89,85,134,107,42,29,119,48,9,38,111,127,0"/><T123/><D126/><U91/><E120/><V82/><F34/><W50/><G119/><T58/><D4/><U6/><E105/><V45/><F129/><W135/><G127/><T93/><D70/><U14/><E75/><V114/><F114/><W19/><G107/><T115/><D69/><U77/><E124/><V73/><F73/><W67/><G67/><T132/><D132/><N who="3" m="50729" /><G29/><T59/><D59/><U102/><E71/><V7/><F95/><N who="3" m="54703" /><G111/><T13/><D115/><U31/><E113/><V40/><F104/><W62/><G62/><N who="1" m="24170" /><E102/><V130/><F101/><W46/><G19/><T65/><D65/><U98/><E43/><V76/><F106/><W122/><G122/><T72/><D72/><U103/><E103/><V108/><F108/><W90/><G90/><T88/><D123/><U97/><E77/><V53/><F76/><W128/><G128/><T33/><D121/><U131/><E131/><V56/><F130/><W47/><G47/><T63/><D13/><U2/><E98/><V16/><F15/><W37/><G37/><T116/><D116/><U78/><E97/><V21/><F44/><W35/><G35/><T79/><D79/><U10/><E78/><V66/><F66/><W96/><G96/><T24/><D27/><U94/><E94/><AGARI ba="0,0" hai="17,18,24,28,33,52,58,63,87,88,93,94,99,100" machi="94" ten="30,5800,0" yaku="7,1,54,2" doraHai="32" who="0" fromWho="1" sc="250,58,250,-58,250,0,250,0" /><INIT seed="0,1,0,0,0,19" ten="308,192,250,250" oya="0" hai0="5,2,71,51,1,93,89,129,131,101,15,25,10" hai1="126,69,13,9,8,65,20,54,43,95,78,21,94" hai2="82,52,113,111,119,104,100,81,41,130,114,73,120" hai3="128,50,77,121,72,76,47,37,57,97,49,28,134"/><T14/><D71/><U42/><E69/><V75/><F41/><N who="1" m="15369" /><E65/><V4/><F4/><W115/><G115/><T102/><D51/><U23/><E126/><V107/><F52/><W109/><G28/><T44/><D44/><U32/><E32/><V29/><F29/><W61/><G37/><T85/><D25/><U22/><N who="1" m="5632" /><DORA hai="125" /><U84/><E54/><V99/><F119/><W11/><G47/><T58/><D58/><U70/><E70/><V53/><F53/><W132/><G57/><T33/><D33/><U26/><E26/><V124/><F124/><W112/><G49/><T6/><D15/><U103/><E103/><V122/><F100/><N who="0" m="38506" /><D6/><N who="1" m="3223" /><E9/><V0/><F0/><W63/><G63/><T60/><D60/><U67/><E67/><V108/><F99/><W117/><G61/><T46/><D46/><U55/><E55/><V105/><F105/><W62/><G62/><T87/><D85/><U48/><E48/><V135/><F114/><W27/><G50/><T92/><D93/><N who="1" m="35339" /><E84/><V64/><F113/><W133/><G112/><T7/><D7/><U40/><N who="1" m="15377" /><U96/><DORA hai="39" /><E78/><V79/><F79/><W86/><G77/><T45/><D45/><U36/><E36/><V18/><F64/><W24/><G76/><T118/><D118/><U116/><E116/><V110/><F111/><W3/><G86/><T106/><D106/><U35/><E35/><V68/><F68/><W90/><G117/><T59/><D2/><U12/><E12/><V123/><F110/><W74/><G109/><T80/><D80/><U98/><AGARI ba="1,0" hai="96,98" m="35339,3223,5632,15377" machi="98" ten="50,16000,3" yaku="8,1,52,8" doraHai="19,125,39" who="1" fromWho="1" sc="308,-81,192,163,250,-41,250,-41" /><INIT seed="1,0,0,0,2,30" ten="227,355,209,209" oya="1" hai0="33,17,105,93,38,31,98,122,111,15,64,95,116" hai1="20,109,78,35,46,69,8,113,129,51,47,5,126" hai2="74,13,49,97,107,22,94,92,103,115,57,114,58" hai3="118,60,135,61,87,41,73,7,72,84,120,43,37"/><U55/><E69/><V85/><F74/><W86/><G120/><T65/><D38/><U81/><E113/><N who="2" m="43019" /><F49/><W52/><G135/><T70/><D116/><U130/><E126/><V9/><F22/><W89/><G118/><T96/><D122/><U119/><E119/><V100/><F107/><W79/><G89/><T21/><D105/><U45/><E20/><V18/><F100/><W42/><G7/><T71/><D111/><U50/><E35/><V12/><F12/><W53/><G37/><T19/><D15/><U106/><E106/><V44/><F44/><W34/><G34/><T11/><D11/><U133/><E133/><V48/><F48/><W75/><REACH who="3" step="1"/><G79/><REACH who="3" ten="227,355,209,199" step="2"/><T90/><D33/><U54/><E109/><V131/><F131/><W6/><G6/><T101/><D90/><AGARI ba="0,1" hai="9,13,18,57,58,85,90,92,94,97,103" m="43019" machi="90" ten="30,1000,0" yaku="11,1" doraHai="30" who="2" fromWho="0" sc="227,-10,355,0,209,20,199,0" /><INIT seed="2,0,0,4,1,120" ten="217,355,229,199" oya="2" hai0="135,117,21,51,19,42,84,112,15,87,96,11,82" hai1="50,52,0,27,91,123,49,9,16,126,98,85,53" hai2="40,70,4,10,134,28,68,14,59,89,115,7,75" hai3="104,101,128,3,41,64,81,20,18,71,6,97,79"/><V22/><F115/><W90/><G128/><T17/><D117/><U78/><E126/><V2/><F75/><W43/><G90/><T124/><D124/><U65/><E65/><V118/><F118/><W95/><G104/><T114/><D135/><U25/><E98/><V93/><F40/><W5/><G71/><T94/><D114/><U36/><E78/><V116/><F116/><W58/><G64/><T33/><D33/><U76/><E76/><V66/><F134/><W1/><G58/><T125/><D125/><U119/><E119/><V37/><F37/><W83/><G1/><T69/><D69/><U107/><E107/><V130/><F130/><W57/><G57/><T39/><D39/><U77/><E77/><V99/><F2/><W113/><G113/><T31/><D31/><U72/><E72/><V56/><F68/><W61/><G61/><T44/><D82/><U103/><E103/><V92/><F92/><W62/><G62/><T60/><D60/><U47/><E36/><V23/><F70/><W106/><G106/><T131/><D131/><U80/><E123/><V12/><F66/><W133/><G133/><T132/><D132/><U35/><E35/><V121/><F121/><W129/><G129/><T127/><D127/><U108/><E108/><V45/><F59/><W55/><G55/><T8/><D8/><U34/><E34/><V86/><F56/><W100/><G79/><T38/><D38/><U74/><E74/><V122/><F122/><W67/><G67/><T26/><D112/><U73/><E73/><V102/><F45/><W111/><G111/><RYUUKYOKU ba="0,0" sc="217,30,355,-10,229,-10,199,-10" hai0="11,15,17,19,21,26,42,44,51,84,87,94,96" /><INIT seed="3,1,0,2,3,116" ten="247,345,219,189" oya="3" hai0="56,127,58,118,7,0,32,130,41,40,3,99,74" hai1="38,11,69,104,60,107,135,96,70,72,111,2,76" hai2="124,15,129,53,48,50,122,33,59,91,106,126,81" hai3="128,51,14,132,110,37,25,5,46,43,83,71,54"/><W95/><G128/><T79/><D118/><U123/><E123/><V67/><F106/><N who="1" m="40489" /><E96/><V55/><F33/><W84/><G132/><T34/><D127/><N who="2" m="48682" /><F129/><W133/><G133/><T77/><D130/><U87/><E87/><N who="2" m="50671" /><F15/><W82/><G71/><T68/><D68/><U102/><E102/><V105/><F105/><W1/><G1/><T119/><D119/><U18/><E18/><V89/><F89/><W80/><G110/><T115/><D7/><N who="1" m="1527" /><E60/><V19/><F19/><W108/><G108/><T12/><D12/><U6/><E6/><V66/><F122/><W20/><G14/><T29/><D115/><U44/><E111/><V100/><F100/><W86/><G5/><T98/><D29/><U120/><E120/><V73/><F73/><AGARI ba="1,0" hai="0,3,32,34,40,41,56,58,73,74,77,79,98,99" machi="73" ten="25,1600,0" yaku="22,2" doraHai="116" who="0" fromWho="2" sc="247,19,345,0,219,-19,189,0" owari="266,7.0,345,44.0,200,-20.0,189,-31.0" /></mjloggm>