<mjloggm ver="2.3"><GO type="41" lobby="0"/><UN n0="%E3%81%91%EF%BD%9E%E3%81%9F%E3%82%8D" n1="%E3%82%A6%E3%83%AB%E3%83%88%E3%83%A9%E7%AB%8B%E7%9B%B4" n2="%54%4B%53%2D%38%39%34%35" n3="%E3%83%91%E3%83%B3%E5%8D%93%E6%B0%91" dan="14,15,13,13" rate="1991.36,2031.68,1961.85,1867.73" sx="M,M,M,M"/><TAIKYOKU oya="0"/><INIT seed="0,0,0,4,5,69" ten="250,250,250,250" oya="0" hai0="117,26,109,96,110,15,59,16,76,72,128,41,23" hai1="31,87,104,53,39,43,4,100,54,94,20,91,24" hai2="36,29,6,2,86,84,88,21,133,18,47,97,83" hai3="42,73,30,93,90,130,115,12,78,7,79,121,17"/><T119/><D128/><U75/><E75/><V80/><F133/><W89/><G115/><T65/><D41/><U52/><E4/><V68/><F68/><W64/><G64/><T71/><D71/><U124/><E124/><V1/><F29/><W50/><G73/><T67/><D96/><U34/><E100/><V107/><F6/><W112/><G121/><T35/><D76/><U60/><E104/><V22/><F107/><W113/><G30/><N who="0" m="19927" /><D72/><U8/><E8/><V51/><F97/><W103/><G130/><T40/><D40/><U0/><E0/><V25/><F36/><W129/><G103/><T85/><D85/><U5/><E5/><V55/><REACH who="2" step="1"/><F22/><REACH who="2" ten="250,250,240,250" step="2"/><N who="3" m="11559" /><G129/><T11/><D23/><U58/><E34/><V102/><F102/><W131/><G112/><T123/><D123/><U120/><E120/><V13/><F13/><W10/><G131/><T9/><D9/><U132/><E132/><V99/><F99/><W95/><G113/><T33/><D33/><U19/><E31/><V57/><F57/><W28/><G28/><T77/><D59/><U14/><E14/><V48/><F48/><W44/><G10/><T101/><D101/><U37/><E37/><V106/><F106/><W66/><G7/><T62/><D62/><U98/><E87/><V92/><F92/><W127/><G95/><T116/><D77/><AGARI ba="0,1" hai="1,2,18,21,25,47,51,55,77,80,83,84,86,88" machi="77" ten="30,7700,0" yaku="1,1,7,1,54,1,53,1" doraHai="69" doraHaiUra="46" who="2" fromWho="0" sc="250,-77,250,0,240,87,250,0" /><INIT seed="1,0,0,2,1,72" ten="173,250,327,250" oya="1" hai0="134,58,6,135,89,76,50,122,74,62,18,16,49" hai1="28,8,131,26,98,53,41,107,45,108,90,115,94" hai2="40,46,56,91,111,70,23,93,86,33,121,92,11" hai3="133,80,114,119,77,124,97,110,113,81,2,61,105"/><U39/><E115/><V10/><F70/><W95/><G2/><T126/><D126/><U73/><E131/><V129/><F33/><W55/><G110/><T14/><D122/><U64/><E108/><V130/><F121/><W37/><G37/><T51/><D89/><U12/><E107/><V52/><F111/><W32/><G32/><T9/><D74/><U36/><E64/><V123/><F93/><W85/><G124/><T125/><D125/><U31/><E39/><V1/><F123/><W132/><G61/><T71/><D71/><U3/><E3/><V118/><F118/><W82/><G55/><T22/><D76/><U102/><E73/><V63/><F23/><W48/><G48/><T30/><D30/><U5/><E26/><V78/><F78/><N who="3" m="46231" /><G105/><T75/><D75/><U109/><E109/><V88/><F91/><N who="3" m="55551" /><G119/><T38/><D38/><U24/><E24/><V87/><F87/><N who="3" m="48559" /><G82/><T0/><REACH who="0" step="1"/><D18/><REACH who="0" ten="163,250,327,250" step="2"/><U79/><E79/><V128/><F1/><W27/><G27/><T20/><D20/><U106/><E53/><AGARI ba="0,1" hai="0,6,9,14,16,22,49,50,51,53,58,62,134,135" machi="53" ten="40,5200,0" yaku="1,1,54,1,53,1" doraHai="72" doraHaiUra="19" who="0" fromWho="1" sc="163,62,250,-52,327,0,250,0" /><INIT seed="2,0,0,0,1,20" ten="225,198,327,250" oya="2" hai0="92,61,99,117,118,109,112,96,53,37,39,38,63" hai1="58,65,18,21,133,3,132,41,105,93,129,54,116" hai2="27,121,107,86,120,125,126,72,122,111,135,36,90" hai3="48,56,2,68,71,44,7,84,66,33,124,134,0"/><V30/><F36/><W13/><G33/><T40/><D112/><U24/><E105/><V87/><F72/><W76/><G124/><N who="2" m="47721" /><F107/><W12/><G134/><N who="1" m="51818" /><E3/><V101/><F135/><W89/><G76/><T19/><D109/><U42/><E116/><N who="0" m="44649" /><D40/><U45/><E129/><V114/><F114/><W74/><G74/><T47/><D19/><U4/><E4/><V113/><F113/><W102/><G102/><N who="0" m="60679" /><D99/><U95/><E65/><V14/><F101/><W5/><G66/><T1/><D1/><U81/><E81/><V22/><F111/><W50/><G56/><T104/><D104/><U31/><E18/><N who="2" m="10583" /><F90/><W51/><G89/><T62/><D47/><U91/><E45/><V6/><F6/><N who="3" m="2059" /><G44/><T64/><D53/><U16/><E31/><V49/><F49/><W98/><G98/><T15/><D15/><N who="3" m="5705" /><G84/><T108/><D108/><U32/><E32/><AGARI ba="0,0" hai="27,30,32,86,87,120,121,122" m="10583,47721" machi="32" ten="40,3900,0" yaku="18,1,52,1" doraHai="20" who="2" fromWho="1" sc="225,0,198,-39,327,39,250,0" /><INIT seed="2,1,0,0,2,115" ten="225,159,366,250" oya="2" hai0="74,46,61,116,132,108,6,109,92,127,95,93,78" hai1="88,42,66,124,58,75,8,3,101,55,30,67,134" hai2="106,133,72,94,84,131,62,48,123,79,0,80,2" hai3="121,9,1,111,13,60,64,105,112,52,16,47,38"/><V128/><F123/><W97/><G111/><N who="0" m="42571" /><D6/><U28/><E75/><V126/><F62/><W15/><BYE who="1" /><G112/><T117/><D132/><U44/><E44/><V83/><F48/><UN n1="%E3%82%A6%E3%83%AB%E3%83%88%E3%83%A9%E7%AB%8B%E7%9B%B4" /><W33/><G33/><T135/><D135/><U53/><E42/><V5/><F133/><W26/><G121/><T34/><D34/><U39/><E39/><V86/><F5/><W76/><G76/><T45/><D127/><U70/><E101/><V63/><F63/><W90/><G1/><N who="2" m="617" /><F106/><W118/><G105/><T85/><D61/><U113/><E3/><V40/><F40/><W130/><G130/><N who="2" m="49705" /><F94/><W102/><G38/><T73/><D46/><U20/><E70/><V43/><F43/><W98/><G47/><T25/><D45/><U56/><E134/><V27/><F126/><W91/><G60/><T31/><D31/><U10/><E124/><V119/><F119/><N who="0" m="45642" /><D25/><U87/><E113/><V69/><F69/><W114/><G26/><T14/><D14/><U32/><E32/><V96/><F27/><W77/><G118/><T36/><D36/><U19/><E30/><V110/><F110/><W12/><G114/><T99/><D99/><U37/><E28/><V22/><F22/><W21/><G21/><T107/><D107/><U57/><E37/><V103/><F83/><AGARI ba="1,0" hai="73,74,78,83,85,92,93,95" m="45642,42571" machi="83" ten="40,12000,2" yaku="14,1,12,1,34,2,52,3" doraHai="115" who="0" fromWho="2" sc="225,123,159,0,366,-123,250,0" /><INIT seed="3,0,0,0,0,29" ten="348,159,243,250" oya="3" hai0="53,62,15,47,8,46,113,126,38,5,30,18,39" hai1="89,25,133,59,13,34,74,67,40,68,119,23,90" hai2="32,19,49,7,65,43,132,42,101,60,114,73,3" hai3="121,109,50,0,69,87,56,37,14,16,12,48,20"/><W83/><G121/><T88/><D126/><U95/><E74/><V61/><F132/><W110/><G69/><T122/><D122/><U135/><E68/><V54/><F114/><W100/><G100/><T91/><D113/><U124/><E40/><V102/><F73/><W33/><G33/><T107/><D107/><U131/><E124/><V116/><F116/><W84/><G37/><T52/><D30/><U104/><E104/><V106/><F32/><W118/><G0/><T63/><D5/><U35/><E13/><V22/><F3/><W97/><G118/><T24/><D24/><U31/><E119/><V26/><F7/><W4/><G97/><T9/><REACH who="0" step="1"/><D15/><REACH who="0" ten="338,159,243,250" step="2"/><N who="3" m="5673" /><G4/><T92/><D92/><U76/><E133/><V17/><F106/><W98/><G83/><T21/><D21/><U41/><E135/><V2/><F2/><W85/><G56/><T64/><D64/><U70/><E70/><V58/><F19/><AGARI ba="0,1" hai="8,9,18,19,38,39,46,47,52,53,62,63,88,91" machi="19" ten="25,8000,1" yaku="1,1,22,2,54,2,53,0" doraHai="29" doraHaiUra="127" who="0" fromWho="2" sc="338,90,159,0,243,-80,250,0" /><INIT seed="4,0,0,1,3,11" ten="428,159,163,250" oya="0" hai0="81,31,110,39,10,85,7,66,44,46,89,95,18" hai1="2,77,134,120,48,50,92,49,29,0,99,128,53" hai2="100,55,82,15,64,69,8,21,33,133,60,93,84" hai3="83,121,28,14,98,36,118,127,19,94,101,16,32"/><T38/><D110/><U111/><E120/><V125/><F133/><W124/><G118/><T59/><D31/><U37/><E111/><V122/><F125/><N who="3" m="48203" /><G36/><T23/><D39/><U106/><E134/><V52/><F122/><W9/><G121/><T61/><D38/><U129/><E106/><V1/><F33/><W6/><G83/><T96/><D10/><U123/><E37/><V71/><F69/><W74/><G74/><T116/><D7/><U65/><E123/><V68/><F71/><W67/><G67/><T79/><D116/><U5/><E65/><V17/><F100/><W130/><G130/><N who="1" m="50282" /><E77/><V22/><F93/><W20/><G32/><T86/><D86/><U115/><E115/><V70/><F70/><W114/><G114/><T119/><D119/><U88/><E29/><V26/><F1/><N who="1" m="617" /><E5/><V91/><REACH who="2" step="1"/><F21/><REACH who="2" ten="428,159,153,250" step="2"/><W97/><G20/><T105/><D105/><U117/><E117/><V109/><F109/><W42/><G101/><T103/><D103/><U90/><E90/><V104/><F104/><W27/><G94/><T135/><D135/><U72/><E72/><V62/><F62/><W102/><G102/><T63/><D61/><U47/><AGARI ba="0,1" hai="47,48,49,50,53,88,92,99" m="617,50282" machi="47" ten="30,2000,0" yaku="19,1,54,1" doraHai="11" who="1" fromWho="1" sc="428,-10,159,30,153,-5,250,-5" /><INIT seed="5,0,0,5,1,45" ten="418,189,148,245" oya="1" hai0="85,33,112,59,22,62,52,111,58,44,97,90,122" hai1="32,43,56,48,77,0,129,86,5,14,41,106,12" hai2="119,60,102,81,55,21,1,125,46,76,16,68,99" hai3="38,108,131,130,104,71,67,23,2,50,110,89,31"/><U124/><E106/><V54/><F125/><W93/><G104/><T17/><D111/><U69/><E32/><V26/><F119/><W42/><G2/><T113/><D33/><U101/><E69/><V80/><F1/><W10/><G71/><T98/><D122/><U95/><E0/><V63/><F68/><W34/><G34/><T27/><D44/><N who="1" m="25615" /><E124/><V35/><F35/><W82/><G67/><T121/><D121/><U78/><E129/><N who="3" m="49162" /><G82/><N who="0" m="49463" /><D59/><U92/><E43/><V19/><F76/><N who="1" m="29289" /><E5/><V24/><F46/><N who="3" m="25943" /><G38/><T53/><D53/><U94/><E101/><V87/><F102/><W66/><G66/><T116/><D116/><U96/><E96/><V123/><F99/><N who="3" m="57775" /><G10/><T49/><D62/><U39/><E39/><V79/><F123/><W83/><G83/><T88/><D88/><N who="1" m="53271" /><E56/><V61/><REACH who="2" step="1"/><F81/><REACH who="2" ten="418,189,138,245" step="2"/><W117/><G117/><T8/><D98/><U126/><E126/><V57/><F57/><W47/><G47/><T4/><D97/><U51/><E95/><V64/><F64/><W15/><G110/><T28/><D58/><U6/><E94/><V75/><F75/><W29/><G108/><T13/><D13/><U133/><E14/><V84/><F84/><W114/><G15/><T105/><D105/><U40/><E12/><V11/><F11/><W107/><G107/><T20/><D8/><U118/><E118/><V30/><F30/><W37/><G31/><T3/><D28/><U132/><E6/><V120/><F120/><W127/><G127/><T9/><D9/><U7/><E7/><V91/><F91/><W103/><G103/><T18/><D4/><RYUUKYOKU ba="0,1" sc="418,-15,189,15,138,15,245,-15" hai1="40,51,132,133" hai2="16,19,21,24,26,54,55,60,61,63,79,80,87" /><INIT seed="5,1,1,5,3,38" ten="403,204,153,230" oya="1" hai0="1,7,39,127,109,50,24,53,81,58,51,78,115" hai1="28,4,128,64,12,120,43,106,2,27,116,72,117" hai2="25,16,20,26,76,99,129,44,92,96,104,125,122" hai3="105,67,100,89,87,69,52,86,77,66,40,29,31"/><U124/><E106/><V11/><F122/><W114/><G114/><T23/><D109/><U74/><E74/><V121/><F129/><W18/><G18/><T84/><D115/><U131/><E72/><V57/><F125/><W49/><G100/><T0/><D127/><U97/><E97/><V75/><F121/><W19/><G69/><T6/><D39/><U85/><E85/><V135/><F135/><W111/><G111/><T90/><D1/><U80/><E80/><V70/><F70/><W101/><G105/><T13/><D0/><U94/><E94/><V56/><F104/><W35/><G101/><T71/><D71/><U3/><E64/><V10/><F75/><W82/><G35/><T46/><D90/><U37/><E124/><V110/><F76/><W59/><G19/><N who="0" m="10735" /><D24/><N who="2" m="9322" /><F110/><W45/><G67/><T113/><D113/><U41/><E120/><V91/><F96/><W42/><G66/><T65/><D65/><U79/><E79/><V8/><F44/><W108/><G108/><T98/><D98/><U123/><E123/><V17/><F20/><W32/><G32/><T61/><D61/><U30/><E37/><V103/><F103/><W33/><G33/><T119/><D119/><N who="1" m="45643" /><E2/><V107/><F107/><W62/><G40/><AGARI ba="1,1" hai="6,7,40,46,50,51,53,58,78,81,84" m="10735" machi="40" ten="30,2000,0" yaku="8,1,52,1" doraHai="38" who="0" fromWho="3" sc="403,33,204,0,153,0,230,-23" /><INIT seed="6,0,0,5,4,7" ten="436,204,153,207" oya="2" hai0="9,41,124,108,102,20,83,119,6,37,53,74,45" hai1="81,23,52,55,112,36,118,26,76,100,64,133,31" hai2="71,25,109,56,126,121,39,12,28,14,89,116,51" hai3="40,50,111,115,88,128,63,134,38,104,114,15,32"/><V125/><F39/><W58/><G104/><T98/><D108/><U120/><E118/><V2/><F116/><W69/><G32/><T67/><D124/><N who="2" m="47722" /><F71/><W27/><G111/><T131/><D119/><U0/><E36/><V30/><F109/><W47/><G128/><T68/><D53/><U93/><E0/><V5/><F121/><W24/><G134/><T33/><D20/><U11/><E133/><V99/><F56/><W122/><G122/><T73/><D131/><U16/><E64/><V3/><F51/><W107/><G107/><N who="0" m="63959" /><D33/><U82/><E112/><N who="3" m="43050" /><G15/><N who="2" m="5673" /><F89/><W35/><G35/><T91/><D91/><U8/><E120/><V10/><F99/><W21/><G88/><T84/><D68/><U70/><E70/><V127/><N who="2" m="47730" /><V92/><DORA hai="96" /><F92/><W49/><G69/><T60/><D37/><U34/><E82/><V65/><F65/><N who="3" m="39159" /><G27/><T80/><D83/><U86/><E81/><V130/><F130/><W17/><AGARI ba="0,0" hai="17,21,24,38,40,47,49,50" m="39159,43050" machi="17" ten="30,2000,0" yaku="15,1,11,1" doraHai="7,96" who="3" fromWho="3" sc="436,-5,204,-5,153,-10,207,20" /><INIT seed="7,0,0,0,2,134" ten="431,199,143,227" oya="3" hai0="82,28,92,111,128,94,89,23,131,6,129,14,73" hai1="64,53,132,50,45,40,60,76,116,31,86,37,32" hai2="35,9,61,52,34,16,49,120,1,36,133,43,90" hai3="113,104,58,54,11,74,69,7,122,123,130,99,75"/><W110/><G69/><T93/><D111/><U80/><E132/><V126/><F133/><W20/><G110/><T3/><D3/><U41/><E116/><V0/><F61/><W2/><G130/><T66/><D66/><U57/><E32/><V72/><F72/><W83/><G113/><T5/><D73/><U22/><E37/><V67/><F67/><W108/><G108/><T26/><D14/><U105/><E105/><V85/><F35/><W125/><G125/><T117/><D117/><U18/><E31/><V114/><F34/><W30/><G83/><T95/><D82/><U102/><REACH who="1" step="1"/><E102/><REACH who="1" ten="431,189,143,227" step="2"/><V96/><F126/><W33/><G33/><T100/><D100/><U21/><E21/><V68/><F114/><W47/><G20/><T70/><D70/><U77/><E77/><V88/><F68/><W25/><G30/><T56/><D56/><U38/><E38/><V19/><F120/><W39/><G123/><T98/><AGARI ba="0,1" hai="5,6,23,26,28,89,92,93,94,95,98,128,129,131" machi="98" ten="40,2700,0" yaku="0,1,19,1" doraHai="134" who="0" fromWho="0" sc="431,37,189,-7,143,-7,227,-13" owari="468,57.0,182,-22.0,136,-36.0,214,1.0" /></mjloggm>