<mjloggm ver="2.3"><GO type="97" lobby="0"/><UN n0="%E3%81%86%E3%81%BE%E3%81%BF%E3%81%91" n1="%E4%B8%87%E9%87%8C%E3%81%AE%E9%95%B7%E5%9F%8E" n2="%E5%B0%B1%E6%B4%BB%E7%94%9F%40%E5%B7%9D%E6%9D%91%E8%BB%8D%E5%9B%A3" n3="%E3%81%98%E3%82%87%E3%82%93%E3%82%8D%E3%83%BC" dan="15,14,13,14" rate="2095.31,1974.05,1879.69,2004.19" sx="F,M,M,M"/><TAIKYOKU oya="0"/><INIT seed="0,0,0,3,4,58" ten="250,250,250,250" oya="0" hai0="50,85,93,48,30,103,21,110,111,114,31,61,73" hai1="16,64,34,63,53,8,52,35,18,65,79,81,26" hai2="106,24,6,1,7,54,23,0,89,57,41,116,119" hai3="90,37,28,134,97,46,39,55,33,94,51,113,19"/><T95/><D114/><U78/><E8/><V59/><F106/><W100/><G113/><T115/><D115/><U25/><E81/><V38/><F38/><W27/><G134/><T121/><D73/><U123/><REACH who="1" step="1"/><E63/><REACH who="1" ten="250,240,250,250" step="2"/><V40/><F116/><W129/><G129/><T80/><D121/><AGARI ba="0,1" hai="16,18,25,26,34,35,52,53,64,65,78,79,121,123" machi="121" ten="25,16000,3" yaku="1,1,2,1,22,2,54,2,53,2" doraHai="58" doraHaiUra="60" who="1" fromWho="0" sc="250,-160,240,170,250,0,250,0" /><INIT seed="1,0,0,2,4,29" ten="90,410,250,250" oya="1" hai0="116,67,22,47,3,118,40,125,20,17,117,80,52" hai1="26,66,100,11,59,121,82,42,38,61,7,45,112" hai2="33,37,9,58,111,14,10,85,0,69,60,86,64" hai3="71,132,98,49,95,129,78,43,96,135,55,28,103"/><U119/><E121/><V126/><F37/><W93/><G71/><T73/><D125/><U21/><E119/><V88/><F126/><W25/><G43/><T128/><D128/><U81/><E112/><V108/><F33/><W50/><G78/><T62/><D3/><U79/><E100/><V4/><F69/><W34/><G129/><T24/><D20/><U84/><E82/><V6/><REACH who="2" step="1"/><F86/><REACH who="2" ten="90,410,240,250" step="2"/><W56/><REACH who="3" step="1"/><G50/><REACH who="3" ten="90,410,240,240" step="2"/><T91/><D117/><U32/><E38/><V77/><F77/><W104/><G104/><T114/><D116/><U131/><E79/><V8/><F8/><W99/><G99/><T1/><D118/><U44/><E11/><V57/><F57/><W5/><G5/><T97/><D114/><U123/><E7/><V51/><F51/><W89/><AGARI ba="0,2" hai="25,28,34,49,55,56,89,93,95,96,98,103,132,135" machi="89" ten="30,4000,0" yaku="1,1,0,1,52,1,53,0" doraHai="29" doraHaiUra="2" who="3" fromWho="3" sc="90,-10,410,-20,240,-10,240,60" /><INIT seed="2,0,0,4,1,50" ten="80,390,230,300" oya="2" hai0="123,45,1,66,80,110,100,90,114,119,63,129,125" hai1="84,48,0,133,78,12,58,68,87,56,26,51,92" hai2="86,43,59,34,73,54,47,35,72,89,38,29,41" hai3="77,23,75,11,55,116,124,132,71,20,122,117,52"/><V134/><F134/><W31/><G75/><T127/><D123/><U60/><E0/><V85/><F43/><W16/><G71/><T108/><D114/><U10/><E133/><V2/><F2/><W70/><G70/><N who="0" m="42335" /><D1/><U7/><E68/><V128/><F128/><W106/><G106/><T36/><D100/><U94/><E26/><V120/><F86/><N who="1" m="32809" /><E78/><V8/><F8/><W65/><G65/><T6/><D90/><U62/><E56/><V83/><F120/><W46/><G122/><T76/><D80/><U95/><E62/><V64/><F64/><AGARI ba="0,0" hai="7,10,12,48,51,58,60,64,92,94,95" m="32809" machi="64" ten="30,1000,0" yaku="8,1" doraHai="50" who="1" fromWho="2" sc="80,0,390,10,230,-10,300,0" /><INIT seed="3,0,0,1,2,78" ten="80,400,220,300" oya="3" hai0="39,70,77,47,40,114,11,30,90,53,13,57,50" hai1="49,80,108,24,43,88,72,17,44,34,12,32,118" hai2="2,42,128,35,119,60,135,81,5,4,21,68,103" hai3="23,96,105,67,55,45,66,64,69,28,8,104,116"/><W75/><G75/><T63/><D114/><U95/><E108/><V74/><F35/><W18/><G116/><T100/><D77/><U82/><E118/><V101/><F119/><W61/><G28/><T127/><D30/><U84/><E72/><V16/><F128/><W46/><G8/><T19/><D100/><U0/><E0/><V1/><F135/><W22/><G96/><T38/><D90/><U122/><E122/><V3/><F42/><W36/><G36/><T6/><D6/><U130/><E130/><V123/><F123/><W110/><G110/><T111/><D111/><U87/><E24/><V107/><F107/><W117/><G117/><T9/><D9/><U59/><E59/><V85/><F74/><W52/><G61/><T89/><D89/><N who="1" m="51335" /><E32/><V37/><F37/><W65/><N who="3" m="16896" /><DORA hai="92" /><W14/><G23/><T27/><D27/><U41/><E34/><V31/><F68/><W54/><REACH who="3" step="1"/><G69/><REACH who="3" ten="80,400,220,290" step="2"/><T56/><D38/><U79/><E49/><V115/><F31/><W131/><G131/><T98/><D70/><U86/><E44/><AGARI ba="0,1" hai="14,18,22,44,45,46,52,54,55,104,105" m="16896" machi="44" ten="60,5800,0" yaku="1,1,54,1,53,0" doraHai="78,92" doraHaiUra="29,126" who="3" fromWho="1" sc="80,0,400,-58,220,0,290,68" owari="80,-42.0,342,14.0,220,-18.0,358,46.0" /></mjloggm>