<mjloggm ver="2.3"><GO type="41" lobby="0"/><UN n0="%61%79%61%6D%61%64%61" n1="%E3%81%B2%E3%82%8D%E3%81%97%E3%81%BE" n2="%E3%82%A6%E3%83%AB%E3%83%88%E3%83%A9%E7%AB%8B%E7%9B%B4" n3="%4E%6F%2C%39" dan="14,14,15,13" rate="1914.19,1943.09,2024.26,1823.13" sx="M,M,M,M"/><TAIKYOKU oya="0"/><INIT seed="0,0,0,2,3,59" ten="250,250,250,250" oya="0" hai0="104,17,112,110,1,54,12,70,113,28,77,42,9" hai1="71,18,107,37,120,45,39,7,40,78,21,60,56" hai2="91,135,14,2,48,25,128,88,15,68,119,0,109" hai3="13,87,122,66,63,55,44,123,51,10,89,95,32"/><T57/><D42/><U61/><E107/><V38/><F38/><W97/><G32/><T98/><D70/><U65/><E78/><V22/><F68/><W31/><G31/><T99/><D99/><U103/><E103/><V75/><F75/><W79/><G79/><T74/><D110/><U30/><E30/><V125/><F109/><W127/><G97/><T85/><D74/><U8/><E120/><V41/><F125/><W129/><G127/><T5/><D28/><U130/><E130/><V3/><F128/><W80/><G95/><T133/><D133/><U6/><E37/><V33/><F33/><W46/><G129/><T58/><D58/><U121/><E8/><V62/><F135/><W126/><G46/><T93/><D104/><U50/><E121/><V111/><F111/><W84/><G126/><T124/><D124/><U86/><E86/><V4/><F3/><W16/><REACH who="3" step="1"/><G87/><REACH who="3" ten="250,250,250,240" step="2"/><T67/><D85/><U34/><E34/><V81/><F119/><W83/><G83/><T101/><D77/><U69/><E69/><AGARI ba="0,1" hai="10,13,16,44,51,55,63,66,69,80,84,89,122,123" machi="69" ten="40,8000,1" yaku="1,1,25,2,52,1,54,1,53,0" doraHai="59" doraHaiUra="72" who="3" fromWho="1" sc="250,0,250,-80,250,0,240,90" /><INIT seed="1,0,0,0,2,87" ten="250,170,250,330" oya="1" hai0="27,96,135,110,53,23,11,122,119,19,5,47,60" hai1="13,32,99,108,100,102,54,56,31,113,134,20,69" hai2="93,91,25,124,10,82,116,8,74,84,63,68,45" hai3="33,44,50,55,24,21,59,86,71,73,30,132,127"/><U80/><E113/><V92/><F124/><W72/><G127/><T43/><D119/><U129/><E69/><V35/><F116/><W130/><G71/><T90/><D135/><U70/><E32/><V42/><F74/><W76/><G132/><T34/><D110/><U98/><E70/><V18/><F68/><W1/><G1/><T125/><D125/><U126/><E134/><V88/><F63/><W14/><G130/><T6/><D6/><U7/><E129/><V81/><F35/><W95/><G44/><T16/><D34/><U51/><E108/><V66/><F66/><W2/><G2/><T57/><D122/><U3/><E3/><V67/><F67/><W106/><G76/><T65/><D65/><U128/><E128/><V89/><F25/><W120/><G106/><T111/><D111/><U58/><E126/><V22/><F22/><W109/><G109/><T75/><D75/><U112/><E112/><V77/><F82/><W26/><G120/><T78/><D78/><U15/><E80/><V121/><F121/><W103/><G103/><T28/><D11/><N who="2" m="4138" /><F18/><N who="3" m="10455" /><G26/><T85/><D96/><N who="1" m="36907" /><E7/><V62/><F62/><W131/><G131/><T9/><D9/><U41/><E41/><V49/><AGARI ba="0,0" hai="42,45,49,77,81,84,88,89,91,92,93" m="4138" machi="49" ten="30,8000,1" yaku="8,1,52,3,54,1" doraHai="87" who="2" fromWho="2" sc="250,-20,170,-40,250,80,330,-20" /><INIT seed="2,0,0,2,3,63" ten="230,130,330,310" oya="2" hai0="107,123,124,104,70,81,55,39,110,62,82,19,132" hai1="36,90,6,53,97,106,129,71,91,32,4,92,18" hai2="79,113,47,96,111,20,64,61,101,35,15,54,67" hai3="51,125,120,74,73,131,38,28,94,65,34,2,60"/><V5/><F35/><W130/><G51/><T52/><D123/><U48/><E36/><V10/><F113/><W72/><G94/><T98/><D132/><U78/><E32/><V8/><F111/><W117/><G120/><T44/><D110/><U37/><E37/><V126/><F126/><W127/><G117/><T133/><D133/><U118/><E118/><V116/><F116/><W1/><G38/><T115/><D115/><U134/><E134/><V50/><F79/><W43/><G43/><T42/><D124/><N who="3" m="47689" /><G28/><T84/><D82/><U0/><E78/><V112/><F112/><W102/><G102/><T31/><D31/><U128/><E71/><V85/><F85/><W23/><G23/><T99/><D99/><U41/><E41/><V83/><F83/><W25/><G25/><T40/><D40/><U14/><E0/><N who="3" m="106" /><G34/><T108/><D108/><U33/><E33/><V75/><F75/><W29/><G29/><T89/><D19/><U26/><E26/><V46/><F20/><W59/><AGARI ba="0,0" hai="59,60,65,72,73,74,130,131" m="106,47689" machi="59" ten="40,2700,0" yaku="18,1,52,1" doraHai="63" who="3" fromWho="3" sc="230,-7,130,-7,330,-13,310,27" /><INIT seed="3,0,0,4,1,24" ten="223,123,317,337" oya="3" hai0="32,126,128,5,29,3,99,97,17,41,127,116,74" hai1="42,107,77,83,91,22,106,55,43,21,104,101,35" hai2="53,56,112,16,111,71,52,58,102,98,108,7,133" hai3="95,40,85,90,46,110,10,84,20,122,75,45,54"/><W70/><G122/><T44/><D116/><U66/><E35/><V135/><F7/><W57/><G75/><T72/><D97/><U68/><E101/><V59/><F71/><W48/><G70/><T33/><D17/><U117/><E117/><V15/><F112/><W80/><G10/><T27/><D33/><U34/><E34/><V8/><F98/><W61/><G46/><T96/><D96/><U23/><E91/><V103/><F103/><W131/><G131/><T18/><D128/><U50/><E66/><V114/><F102/><W63/><G110/><N who="2" m="42025" /><F114/><W1/><G1/><T65/><D99/><U13/><E68/><V4/><F4/><W94/><G63/><T73/><D65/><U11/><E83/><V88/><F88/><N who="3" m="51207" /><G20/><T76/><D18/><U86/><E86/><V92/><F92/><AGARI ba="0,0" hai="40,45,48,54,57,61,85,90,92,94,95" m="51207" machi="92" ten="30,2900,0" yaku="8,1,54,1" doraHai="24" who="3" fromWho="2" sc="223,0,123,0,317,-29,337,29" /><INIT seed="3,1,0,0,5,131" ten="223,123,288,366" oya="3" hai0="123,51,1,24,81,47,105,11,66,0,67,74,53" hai1="90,115,98,72,76,127,15,97,71,104,9,130,31" hai2="96,63,110,57,113,13,12,48,102,78,23,38,87" hai3="65,25,79,112,111,124,35,128,89,100,3,55,49"/><W36/><G112/><T99/><D123/><U85/><E71/><V122/><F38/><W77/><G36/><T116/><D116/><U103/><E31/><V73/><F73/><W21/><G3/><T68/><D0/><U22/><E115/><V56/><F110/><W86/><G65/><T94/><D105/><U75/><E22/><V125/><F122/><W26/><G100/><T129/><D129/><U108/><E108/><V62/><F125/><W83/><G128/><T58/><D68/><U109/><E130/><V43/><F113/><W92/><G111/><T37/><D24/><U114/><E114/><V101/><F43/><W14/><G124/><T117/><D117/><U17/><E127/><V134/><F48/><W61/><G61/><T60/><D37/><U84/><E109/><V120/><F120/><W29/><G83/><T126/><D126/><U42/><E42/><V16/><F96/><W5/><G5/><T20/><D20/><U2/><E2/><V54/><F134/><W39/><G39/><T8/><D1/><U119/><E119/><V18/><F87/><W121/><G121/><T27/><D27/><U32/><E32/><V28/><F28/><W70/><G70/><T46/><D46/><U52/><E75/><V41/><F78/><W80/><G26/><T19/><D19/><U30/><E76/><V45/><F45/><W118/><G118/><T10/><D81/><U107/><E72/><V6/><F41/><W7/><G80/><T133/><D133/><U93/><E30/><V50/><F6/><W82/><G35/><T59/><D74/><RYUUKYOKU ba="1,0" sc="223,0,123,0,288,0,366,0" /><INIT seed="4,2,0,2,3,27" ten="223,123,288,366" oya="0" hai0="97,81,99,32,50,127,95,60,42,74,34,0,109" hai1="133,120,85,35,115,67,25,4,90,18,33,6,17" hai2="72,11,113,122,23,98,61,55,57,19,9,64,126" hai3="59,31,3,135,41,65,92,7,58,51,26,54,106"/><T73/><D127/><U56/><E120/><V118/><F72/><W21/><G106/><T100/><D109/><U80/><E133/><V111/><F122/><W12/><G135/><T108/><D108/><U20/><E115/><V96/><F111/><W53/><G41/><T94/><D0/><U87/><E18/><V28/><F113/><W82/><G3/><T107/><D107/><U15/><E35/><V123/><F123/><W114/><G114/><T134/><D134/><U10/><E33/><V71/><F71/><W44/><G92/><T101/><D60/><U83/><E56/><V2/><F2/><W78/><G65/><T48/><D81/><U14/><E67/><V46/><F126/><W1/><G1/><T103/><D101/><U104/><E104/><V22/><F118/><W43/><G43/><AGARI ba="2,0" hai="32,34,42,43,48,50,73,74,94,95,97,99,100,103" machi="43" ten="25,2400,0" yaku="22,2" doraHai="27" who="0" fromWho="3" sc="223,30,123,0,288,0,366,-30" /><INIT seed="4,3,0,4,3,106" ten="253,123,288,336" oya="0" hai0="103,82,89,20,28,93,40,33,85,42,121,43,117" hai1="44,2,107,105,23,86,7,14,13,124,97,74,71" hai2="50,4,25,38,101,113,12,72,26,24,21,109,46" hai3="114,80,131,79,76,81,130,16,128,9,0,47,15"/><T65/><D121/><U39/><E14/><V11/><F38/><W3/><G114/><T83/><D33/><U116/><E86/><V120/><F113/><W135/><G47/><T30/><D117/><U132/><E23/><V64/><F120/><W17/><G135/><T58/><D103/><U61/><E13/><V60/><F109/><W37/><G37/><T35/><D35/><U134/><E116/><V108/><F108/><W95/><G95/><T56/><D56/><U129/><E129/><V69/><F101/><W91/><G91/><T10/><D10/><N who="1" m="2423" /><E124/><V111/><F111/><W112/><G112/><T34/><D34/><U92/><E92/><V104/><F104/><N who="1" m="40009" /><E97/><V73/><REACH who="2" step="1"/><F21/><REACH who="2" ten="253,123,278,336" step="2"/><W122/><G122/><T125/><D20/><U96/><E134/><V52/><AGARI ba="3,1" hai="4,11,12,24,25,26,46,50,52,60,64,69,72,73" machi="52" ten="30,12000,2" yaku="1,1,2,1,0,1,52,2,54,1,53,1" doraHai="106" doraHaiUra="1" who="2" fromWho="2" sc="253,-63,123,-33,278,139,336,-33" /><INIT seed="5,0,0,0,0,133" ten="190,90,417,303" oya="1" hai0="82,58,40,6,87,115,128,107,34,97,17,84,76" hai1="19,52,94,103,11,113,56,59,50,92,31,121,74" hai2="49,46,9,91,39,112,22,134,125,67,12,51,120" hai3="0,29,41,14,48,68,89,80,37,108,72,57,25"/><U114/><E121/><V55/><F120/><W77/><G0/><T88/><D115/><U109/><E74/><V54/><F39/><W131/><G108/><T65/><D34/><U122/><E122/><V118/><F118/><W123/><G123/><T16/><D128/><U132/><E132/><V75/><F75/><W104/><G104/><T2/><D40/><U105/><E109/><V43/><F67/><W10/><G131/><T110/><D110/><U27/><E59/><V23/><F112/><N who="1" m="43113" /><E105/><V33/><F33/><W98/><G68/><T7/><D2/><U119/><E103/><V24/><F134/><W30/><G57/><T63/><D97/><U44/><E119/><V18/><F125/><W78/><G98/><T69/><D69/><U13/><E44/><V45/><F43/><W47/><G37/><T102/><D102/><U79/><E79/><V83/><F24/><W21/><G78/><T3/><D3/><U1/><E1/><V53/><F53/><W127/><G127/><T106/><D106/><U64/><E64/><V85/><AGARI ba="0,0" hai="9,12,18,22,23,45,46,49,51,54,55,83,85,91" machi="85" ten="30,8000,1" yaku="0,1,9,1,25,2,8,1" doraHai="133" who="2" fromWho="2" sc="190,-20,90,-40,417,80,303,-20" /><INIT seed="6,0,0,1,3,92" ten="170,50,497,283" oya="2" hai0="4,31,91,46,22,117,51,96,6,123,77,116,114" hai1="82,24,71,29,79,55,121,64,14,16,10,119,78" hai2="43,66,59,98,50,54,73,3,62,26,25,126,9" hai3="109,70,67,113,94,52,134,76,88,118,69,63,129"/><V1/><F73/><W124/><G76/><T41/><D114/><U87/><E119/><N who="0" m="45641" /><D123/><U93/><E121/><V127/><F43/><W37/><G118/><T13/><D77/><U49/><E64/><V106/><F25/><W111/><G109/><T47/><D91/><U133/><E71/><V23/><F9/><W2/><G111/><T131/><D131/><U84/><E133/><V39/><F39/><W19/><G2/><T108/><D108/><U35/><E93/><V74/><F74/><W42/><G113/><T97/><D31/><U57/><REACH who="1" step="1"/><E79/><REACH who="1" ten="170,40,497,283" step="2"/><V58/><F106/><W21/><G134/><T102/><D102/><U20/><E20/><V103/><F103/><W30/><G70/><T27/><D27/><U101/><E101/><V100/><F23/><W38/><G129/><T33/><D33/><U36/><E36/><V8/><F26/><W0/><G38/><N who="0" m="21815" /><D22/><U105/><E105/><N who="2" m="63639" /><F8/><W18/><G21/><T122/><D122/><U44/><E44/><V72/><F66/><W80/><G67/><T89/><D89/><U99/><E99/><N who="0" m="37961" /><D13/><U48/><E48/><V128/><F50/><W56/><G37/><T81/><D81/><U32/><E32/><V61/><F128/><W115/><G80/><T12/><D12/><U135/><E135/><V112/><F112/><W45/><G115/><T7/><D51/><U110/><E110/><V90/><F90/><W40/><G88/><T107/><D47/><U53/><E53/><V85/><F54/><W34/><G52/><T95/><D95/><U15/><E15/><V86/><F3/><W17/><G94/><RYUUKYOKU ba="0,1" sc="170,15,40,15,497,-15,283,-15" hai0="4,6,7,107" hai1="10,14,16,24,29,35,49,55,57,78,82,84,87" /><INIT seed="7,1,1,4,3,16" ten="185,55,482,268" oya="3" hai0="27,118,20,92,87,112,8,105,75,132,41,97,18" hai1="114,64,109,91,73,51,65,130,7,115,110,106,80" hai2="74,82,116,52,1,38,69,133,86,107,62,131,2" hai3="46,89,125,134,24,23,49,108,13,104,85,9,0"/><W129/><G108/><T70/><D118/><U95/><E7/><V6/><F107/><W35/><G104/><T63/><D132/><U58/><E106/><V90/><F74/><W84/><G134/><T113/><D75/><U135/><E135/><V3/><F38/><W76/><G129/><T28/><D105/><U53/><E130/><V111/><F111/><W5/><G125/><T77/><D41/><U117/><E117/><V21/><F116/><W101/><G101/><T127/><D127/><U103/><E103/><V43/><F43/><W56/><G76/><T88/><D8/><U119/><E119/><V96/><F96/><W59/><G85/><T42/><D42/><U25/><E80/><V10/><F131/><W55/><G35/><T31/><D77/><U81/><E109/><V37/><F37/><W99/><G0/><T67/><REACH who="0" step="1"/><D87/><REACH who="0" ten="175,55,482,268" step="2"/><U71/><E110/><V33/><F33/><W30/><REACH who="3" step="1"/><G99/><REACH who="3" ten="175,55,482,258" step="2"/><T40/><D40/><U98/><E98/><V72/><F2/><W78/><G78/><T94/><D94/><AGARI ba="1,3" hai="5,9,13,23,24,30,46,49,55,56,59,84,89,94" machi="94" ten="30,11600,0" yaku="1,1,7,1,8,1,52,1,53,0" doraHai="16" doraHaiUra="122" who="3" fromWho="0" sc="175,-119,55,0,482,0,258,149" /><INIT seed="7,2,0,3,5,125" ten="56,55,482,407" oya="3" hai0="89,77,37,71,97,31,25,101,98,9,36,112,134" hai1="65,32,129,49,22,34,106,39,86,62,33,27,29" hai2="100,88,1,0,40,123,6,43,72,21,130,114,95" hai3="44,85,110,23,83,118,128,45,57,35,15,109,11"/><W76/><G35/><T102/><D134/><U132/><E129/><V63/><F63/><W20/><G118/><T135/><D135/><U42/><E106/><V105/><F95/><W69/><G69/><T75/><D112/><U99/><E39/><V18/><F18/><W90/><G76/><T48/><D71/><U55/><E42/><V113/><F100/><W53/><G45/><T61/><D61/><U91/><E99/><V120/><F88/><W24/><G44/><T116/><D116/><U52/><E132/><V103/><F103/><W82/><G82/><T64/><D64/><U66/><E55/><V93/><F93/><W12/><G24/><T126/><D48/><U19/><E66/><V60/><F105/><W122/><G122/><T94/><D89/><U59/><E34/><V51/><F72/><W68/><G68/><T38/><D9/><U81/><E29/><V67/><F67/><W54/><G11/><T96/><D126/><U133/><E133/><V46/><F46/><AGARI ba="2,0" hai="19,22,27,32,33,46,49,52,59,62,65,81,86,91" machi="46" ten="30,2000,0" yaku="7,1,54,1" doraHai="125" who="1" fromWho="2" sc="56,0,55,26,482,-26,407,0" owari="56,-44.0,81,-32.0,456,55.0,407,21.0" /></mjloggm>