<mjloggm ver="2.3"><GO type="97" lobby="0"/><UN n0="%E3%82%A2%E3%83%AB%E3%82%B7%E3%82%A7" n1="%E3%82%A6%E3%83%AB%E3%83%88%E3%83%A9%E7%AB%8B%E7%9B%B4" n2="%E3%83%88%E3%83%8B%E3%83%BC%E2%99%AA%E2%99%AA" n3="%E6%9D%B1%E4%BA%AC%E6%B5%AA%E6%BC%AB" dan="15,15,14,13" rate="2013.25,1991.44,1940.46,1883.19" sx="F,M,M,M"/><TAIKYOKU oya="0"/><INIT seed="0,0,0,0,5,112" ten="250,250,250,250" oya="0" hai0="35,125,12,89,62,95,44,78,28,3,99,109,15" hai1="68,85,129,122,54,133,82,111,25,69,61,72,30" hai2="39,119,120,81,36,53,103,83,92,27,80,134,0" hai3="26,7,76,13,31,43,63,130,77,66,11,106,50"/><T123/><D3/><U117/><E122/><V49/><F120/><W46/><G130/><T116/><D123/><U51/><E129/><V100/><F0/><W24/><G106/><T102/><D78/><U107/><E107/><V60/><F60/><W87/><G24/><T37/><D125/><U23/><E72/><V64/><F64/><W10/><G87/><T9/><D62/><U18/><E133/><V5/><F5/><W113/><G10/><T88/><D109/><U29/><E117/><V2/><F2/><W4/><G4/><T108/><D108/><U73/><E73/><V104/><F104/><W45/><G45/><T38/><D12/><U70/><E111/><V86/><F27/><W93/><G93/><T84/><D116/><U101/><E101/><V20/><F20/><W58/><REACH who="3" step="1"/><G113/><REACH who="3" ten="250,250,250,240" step="2"/><T126/><D44/><U21/><E85/><V75/><F86/><W105/><G105/><T110/><D110/><U96/><E96/><V97/><F75/><W41/><G41/><T1/><D84/><U55/><E82/><V67/><F83/><W52/><G52/><T40/><D9/><U19/><E55/><V17/><F80/><W59/><G59/><T79/><D40/><U114/><E114/><V128/><F81/><W65/><G65/><T16/><D99/><U22/><E25/><V32/><F67/><W115/><G115/><T124/><D124/><U127/><E127/><V34/><F128/><W121/><G121/><T132/><D126/><U48/><E54/><V74/><F53/><W90/><G90/><T6/><D89/><U94/><E69/><RYUUKYOKU ba="0,1" sc="250,-10,250,-10,250,-10,240,30" hai3="7,11,13,26,31,43,46,50,58,63,66,76,77" /><INIT seed="1,1,1,4,0,11" ten="240,240,240,270" oya="1" hai0="1,16,38,98,101,5,109,129,110,37,82,25,119" hai1="104,22,88,26,42,93,94,125,20,57,19,90,86" hai2="47,92,6,112,102,100,130,65,118,51,45,71,44" hai3="117,36,79,91,46,9,87,8,135,97,70,76,63"/><U67/><E104/><V121/><F118/><W2/><G117/><T66/><D119/><U61/><E125/><V95/><F121/><W132/><G2/><T84/><D129/><U14/><E42/><V85/><F130/><W99/><G46/><T134/><D66/><U115/><E115/><V13/><F71/><W78/><G36/><T127/><D134/><N who="3" m="51241" /><G63/><T120/><D127/><U31/><E90/><N who="2" m="53327" /><F65/><W58/><G58/><T114/><D114/><U123/><E123/><V113/><F112/><W0/><G70/><T64/><D64/><U28/><E28/><V126/><F126/><W60/><G60/><T35/><D120/><U77/><E77/><V72/><F72/><W131/><G0/><T7/><D37/><U29/><E29/><V133/><F113/><W39/><G39/><T52/><D38/><U116/><E116/><V106/><F106/><W124/><G124/><T18/><D1/><U55/><E67/><V103/><F133/><W59/><G59/><T56/><D56/><U12/><E93/><V73/><F73/><W128/><G128/><T17/><D35/><U108/><E108/><V111/><F111/><W34/><G34/><T83/><D109/><U54/><E54/><N who="2" m="30055" /><F95/><N who="3" m="54783" /><G131/><T122/><D110/><U89/><E89/><V27/><F27/><AGARI ba="1,1" hai="12,14,19,20,22,26,27,31,55,57,61,86,88,94" machi="27" ten="30,12000,1" yaku="7,1,8,1,52,2,54,1" doraHai="11" who="1" fromWho="2" sc="240,0,240,133,240,-123,270,0" /><INIT seed="1,2,0,2,3,91" ten="240,373,117,270" oya="1" hai0="123,73,77,87,128,33,52,7,130,63,117,47,104" hai1="3,111,57,29,16,9,94,103,102,109,65,84,48" hai2="30,76,66,126,38,83,6,132,125,13,107,59,40" hai3="4,129,99,92,96,26,36,86,72,114,127,31,75"/><U101/><E29/><V108/><F107/><W116/><G114/><T97/><D117/><U112/><E3/><V98/><F30/><W46/><G127/><N who="2" m="48649" /><F38/><W18/><G129/><N who="0" m="49771" /><D33/><U0/><E0/><V35/><F40/><W21/><G116/><T32/><D32/><U14/><E112/><V106/><F35/><W23/><G4/><T43/><D7/><U54/><E65/><V133/><F108/><N who="1" m="41545" /><E84/><N who="2" m="48231" /><F66/><W37/><G86/><T81/><D123/><U85/><E85/><V122/><F59/><W82/><G82/><T71/><D87/><U24/><E24/><V74/><F74/><W61/><G99/><AGARI ba="2,0" hai="9,14,16,48,54,57,94,99,101,102,103" m="41545" machi="99" ten="30,11600,0" yaku="14,1,10,1,52,1,54,1" doraHai="91" who="1" fromWho="3" sc="240,0,373,122,117,0,270,-122" /><INIT seed="1,3,0,0,1,127" ten="240,495,117,148" oya="1" hai0="93,101,107,28,3,44,90,87,30,88,123,134,113" hai1="79,77,115,32,36,46,18,12,68,104,55,122,65" hai2="21,94,34,103,117,75,59,124,43,58,51,49,29" hai3="41,16,133,25,5,112,38,96,42,9,89,69,50"/><U83/><E79/><V81/><F34/><W126/><G126/><T132/><D3/><U33/><E104/><V24/><F124/><W35/><G69/><T95/><D113/><U82/><E82/><V78/><F117/><W61/><G133/><N who="0" m="51307" /><D123/><U53/><E65/><V114/><F114/><W10/><G112/><T73/><D73/><U64/><E64/><V52/><F43/><W40/><G38/><T60/><D60/><U102/><E68/><V105/><F105/><W98/><G35/><T118/><D44/><U17/><E102/><V11/><F11/><N who="3" m="4107" /><G5/><T67/><D67/><U27/><E115/><V39/><F39/><W99/><G50/><T109/><D109/><U54/><E36/><V15/><F15/><W37/><G37/><T56/><D56/><U128/><E46/><V111/><F111/><W106/><G61/><T85/><D118/><U62/><E62/><V7/><F7/><W45/><G45/><T71/><D71/><U57/><E57/><V31/><F103/><W125/><G125/><T76/><D76/><U48/><E77/><V120/><F120/><W8/><N who="3" m="4115" /><W6/><DORA hai="100" /><G6/><T2/><D2/><U14/><E48/><V4/><F4/><W20/><G106/><T110/><D110/><U121/><E55/><N who="2" m="32111" /><F94/><AGARI ba="3,0" hai="16,20,25,40,41,42,89,94,96,98,99" m="4115" machi="94" ten="40,2600,0" yaku="8,1,54,1" doraHai="127,100" who="3" fromWho="2" sc="240,0,495,0,117,-35,148,35" /><INIT seed="2,0,0,1,4,129" ten="240,495,82,183" oya="2" hai0="125,134,95,42,98,19,13,72,7,105,67,59,128" hai1="117,106,43,101,115,131,20,27,5,133,40,41,37" hai2="18,90,39,64,30,33,91,100,118,132,8,23,119" hai3="79,24,114,15,46,116,14,94,63,44,85,45,48"/><V3/><F39/><W38/><G116/><T87/><D72/><U80/><E101/><V104/><F64/><W28/><G38/><T99/><D42/><U56/><E106/><V31/><F104/><W135/><G135/><T65/><D134/><U4/><E133/><V70/><F100/><W51/><G114/><T0/><D0/><U88/><E37/><V108/><F70/><W11/><G63/><T123/><D7/><U34/><E34/><V110/><F132/><W69/><G69/><T57/><D123/><U109/><E131/><V102/><F102/><W6/><G15/><T21/><D125/><U120/><E109/><N who="2" m="42091" /><F90/><W76/><G94/><T112/><D112/><U107/><E107/><V97/><F91/><W61/><G61/><T25/><D105/><U29/><E115/><V60/><F97/><W55/><G48/><T10/><D67/><U26/><E88/><V9/><F60/><W58/><REACH who="3" step="1"/><G85/><REACH who="3" ten="240,495,82,173" step="2"/><T16/><D128/><U81/><E120/><V86/><F86/><W73/><G73/><T68/><D68/><U74/><E74/><V22/><F3/><W66/><G66/><T113/><D113/><U50/><E117/><N who="2" m="44555" /><F33/><AGARI ba="0,1" hai="6,11,14,24,28,33,44,45,46,51,55,58,76,79" machi="33" ten="40,1300,0" yaku="1,1,53,0" doraHai="129" doraHaiUra="17" who="3" fromWho="2" sc="240,0,495,0,82,-13,173,23" /><INIT seed="3,0,0,4,2,133" ten="240,495,69,196" oya="3" hai0="121,83,125,63,18,40,45,43,68,52,64,103,58" hai1="13,79,0,73,10,110,109,91,69,56,118,77,1" hai2="116,26,90,128,24,98,105,101,81,32,84,47,2" hai3="85,117,20,104,88,3,48,44,62,60,102,114,57"/><W65/><G114/><T4/><D125/><U134/><E69/><V93/><F116/><W21/><G3/><T36/><D121/><U14/><E134/><V55/><F2/><W78/><G117/><T132/><D132/><U35/><E35/><V112/><F112/><W99/><G62/><T108/><D108/><N who="1" m="41579" /><E118/><V100/><F100/><W31/><G78/><T111/><D111/><U89/><E14/><V37/><F128/><W67/><G67/><T135/><D4/><U16/><E79/><V97/><F32/><W30/><G30/><T59/><D43/><U8/><E56/><V76/><F37/><W131/><G31/><T17/><D83/><N who="1" m="45487" /><E1/><V19/><F19/><W6/><G6/><AGARI ba="0,0" hai="0,6,8,10,13,16,89,91" m="45487,41579" machi="6" ten="30,2000,0" yaku="14,1,54,1" doraHai="133" who="1" fromWho="3" sc="240,0,495,20,69,0,196,-20" owari="240,4.0,515,61.0,69,-43.0,176,-22.0" /></mjloggm>