<mjloggm ver="2.3"><GO type="97" lobby="0"/><UN n0="%E3%82%88%E3%81%86%E3%82%88%E3%81%86%E3%81%98%E3%82%87" n1="%E3%82%A6%E3%83%AB%E3%83%88%E3%83%A9%E7%AB%8B%E7%9B%B4" n2="%E7%BE%85%E5%88%B9" n3="%31%33%36%30" dan="15,14,14,13" rate="1986.17,1973.77,2000.72,1934.42" sx="M,M,M,M"/><TAIKYOKU oya="0"/><INIT seed="0,0,0,4,2,90" ten="250,250,250,250" oya="0" hai0="66,134,38,29,25,6,58,130,123,107,8,108,133" hai1="69,92,129,49,17,122,41,33,128,3,110,7,104" hai2="62,11,0,89,15,116,27,86,35,2,77,111,55" hai3="75,59,12,40,1,46,18,68,101,96,119,120,118"/><T61/><D38/><U71/><E104/><V44/><F111/><W79/><G68/><T93/><D107/><U37/><E33/><V114/><F114/><W88/><G1/><T127/><D123/><U22/><E37/><V24/><F35/><W10/><G120/><T65/><D108/><U39/><E39/><V19/><F0/><W112/><G112/><T42/><D42/><U70/><E122/><V85/><F2/><W31/><G31/><T52/><D127/><U100/><E110/><V16/><F116/><W87/><G59/><T125/><D125/><U83/><E83/><N who="2" m="47343" /><F19/><W34/><G34/><N who="0" m="20783" /><D130/><N who="1" m="50283" /><E7/><V98/><F98/><W36/><G79/><T64/><D64/><U97/><E3/><V135/><F135/><N who="0" m="51722" /><D93/><U4/><E4/><V105/><F105/><W95/><REACH who="3" step="1"/><G75/><REACH who="3" ten="250,250,250,240" step="2"/><T124/><D124/><U72/><E72/><V78/><F78/><W113/><G113/><T47/><D47/><N who="1" m="25839" /><E70/><V99/><F44/><W84/><G84/><T131/><D131/><U63/><E63/><V5/><F99/><W60/><G60/><T43/><D43/><U94/><E71/><V102/><F62/><W126/><G126/><T53/><D65/><U73/><E73/><V54/><F86/><W56/><G56/><T23/><D23/><U9/><E69/><V20/><F20/><W51/><G51/><T48/><D48/><U91/><E22/><V82/><F82/><AGARI ba="0,1" hai="10,12,18,36,40,46,82,87,88,95,96,101,118,119" machi="82" ten="30,12000,2" yaku="1,1,7,1,52,1,54,1,53,2" doraHai="90" doraHaiUra="115" who="3" fromWho="2" sc="250,0,250,0,250,-120,240,130" /><INIT seed="1,0,0,0,3,119" ten="250,250,130,370" oya="1" hai0="99,120,20,81,56,28,83,58,79,133,31,41,23" hai1="115,51,39,0,17,125,9,64,95,82,130,88,124" hai2="102,113,12,5,97,112,44,100,77,35,69,22,70" hai3="40,87,106,74,29,126,42,49,2,94,118,127,16"/><U36/><E115/><N who="2" m="44107" /><F35/><W80/><G2/><T108/><D108/><U34/><E34/><V62/><F77/><W4/><G4/><T25/><D133/><U105/><E105/><V132/><F132/><W7/><G7/><T76/><D99/><U45/><E64/><V32/><F32/><W84/><G106/><T101/><D101/><N who="2" m="39018" /><F97/><W46/><G118/><T110/><D110/><U122/><E130/><V26/><F62/><W92/><G29/><T91/><D91/><U75/><E122/><V111/><F111/><W86/><G42/><T135/><D135/><U65/><E65/><V47/><F12/><W103/><G103/><T61/><D41/><U121/><E121/><V104/><F5/><W85/><G74/><T3/><D120/><U93/><E36/><V1/><F1/><W15/><G126/><N who="1" m="48746" /><E39/><V98/><F98/><W78/><G127/><T8/><D3/><U13/><E0/><V57/><F57/><W33/><REACH who="3" step="1"/><G33/><REACH who="3" ten="250,250,130,360" step="2"/><T107/><D107/><U11/><E75/><V48/><F104/><W30/><G30/><T19/><D31/><U43/><E9/><AGARI ba="0,1" hai="9,15,16,40,46,49,78,80,84,85,86,87,92,94" machi="9" ten="40,8000,1" yaku="1,1,8,1,54,1,53,1" doraHai="119" doraHaiUra="14" who="3" fromWho="1" sc="250,0,250,-80,130,0,360,90" /><INIT seed="2,0,0,2,2,31" ten="250,170,130,450" oya="2" hai0="69,37,4,94,52,39,108,61,41,14,30,101,115" hai1="19,68,73,50,80,120,44,65,57,127,28,16,29" hai2="60,89,118,17,13,70,53,107,58,55,105,85,11" hai3="45,47,33,64,96,117,104,54,15,128,40,126,109"/><V72/><F72/><W48/><G117/><T26/><D115/><U84/><E68/><V76/><F76/><W90/><G109/><T114/><D114/><U21/><E73/><V71/><F118/><W25/><G128/><T86/><D108/><U97/><E97/><V20/><F71/><W122/><G126/><T130/><D130/><U49/><E127/><V91/><F70/><W83/><G122/><T42/><D39/><U0/><E0/><V133/><F133/><W38/><G64/><T110/><D37/><U24/><E120/><V123/><F123/><W134/><G134/><T51/><D61/><N who="1" m="38063" /><E19/><V106/><F55/><W79/><G15/><T113/><D14/><U81/><E81/><V88/><REACH who="2" step="1"/><F11/><REACH who="2" ten="250,170,120,450" step="2"/><W32/><G54/><T27/><D52/><N who="1" m="29735" /><E50/><V46/><F46/><W111/><G79/><AGARI ba="0,1" hai="16,21,24,28,29,79,80,84" m="29735,38063" machi="79" ten="30,3900,0" yaku="8,1,54,2" doraHai="31" who="1" fromWho="3" sc="250,0,170,49,120,0,450,-39" /><INIT seed="3,0,0,2,5,38" ten="250,219,120,411" oya="3" hai0="24,99,43,77,95,129,59,70,1,20,96,111,21" hai1="13,104,131,32,102,66,26,46,7,126,9,103,85" hai2="108,69,63,28,65,42,25,135,125,130,30,114,61" hai3="22,93,55,87,62,127,73,15,91,4,41,86,89"/><W123/><G123/><T19/><D70/><U33/><E126/><V23/><F114/><W98/><G73/><T97/><D1/><U107/><E131/><V56/><F130/><W115/><G127/><T35/><D35/><U79/><E104/><V12/><F125/><W133/><G115/><T122/><D122/><U81/><E107/><V31/><F135/><W68/><G133/><T51/><D129/><U84/><E33/><V36/><F108/><W3/><G3/><T118/><D118/><U119/><E119/><V29/><N who="2" m="7680" /><DORA hai="40" /><V94/><F25/><W2/><G2/><T116/><D116/><U72/><E32/><V110/><F110/><W117/><G68/><T10/><D10/><U44/><E66/><V90/><F69/><W132/><G132/><T67/><D77/><U49/><E26/><V48/><F36/><W8/><G117/><T11/><D11/><U0/><E0/><V109/><F109/><W53/><G98/><T5/><D5/><U71/><E71/><V78/><F78/><W75/><G75/><T27/><D111/><U106/><E106/><V6/><F63/><W60/><G22/><T112/><D112/><U18/><E72/><V134/><F134/><W64/><G41/><T50/><D43/><N who="1" m="24735" /><E84/><N who="2" m="52551" /><F6/><W17/><G4/><T16/><D95/><U128/><E128/><V37/><F37/><W54/><G64/><T105/><D105/><U113/><E113/><V58/><F12/><W57/><G62/><AGARI ba="0,0" hai="16,19,20,21,24,27,50,51,59,62,67,96,97,99" machi="62" ten="40,5200,0" yaku="9,1,8,1,54,1" doraHai="38,40" who="0" fromWho="3" sc="250,52,219,0,120,0,411,-52" owari="302,10.0,219,-18.0,120,-38.0,359,46.0" /></mjloggm>