<mjloggm ver="2.3"><GO type="97" lobby="0"/><UN n0="%41%4B%42%2D%34%38" n1="%E4%B8%8A%E4%BA%95%E8%8D%89%E7%BE%8E%E5%92%B2" n2="%4B%55%5A%55%64%6F%6E%6F" n3="%E3%82%A6%E3%83%AB%E3%83%88%E3%83%A9%E7%AB%8B%E7%9B%B4" dan="14,13,13,15" rate="1881.37,1841.43,1856.41,1983.18" sx="M,M,M,M"/><TAIKYOKU oya="0"/><INIT seed="0,0,0,4,4,1" ten="250,250,250,250" oya="0" hai0="59,134,54,53,50,64,122,83,39,132,0,110,34" hai1="58,5,57,93,105,36,21,118,90,30,44,70,130" hai2="127,107,111,77,56,51,37,72,108,24,80,89,100" hai3="33,46,12,99,87,29,88,129,60,2,17,38,47"/><T42/><D34/><U68/><E118/><V106/><F37/><W81/><G2/><T65/><D83/><U67/><E105/><N who="2" m="39947" /><F24/><W86/><G129/><T62/><D0/><U91/><E130/><V121/><F56/><W6/><G99/><T49/><D122/><U98/><E36/><V3/><F51/><W117/><G29/><T113/><D113/><U82/><E44/><V32/><F32/><W52/><G38/><T40/><D110/><N who="2" m="42026" /><F3/><W94/><G117/><T11/><D11/><U75/><E70/><V10/><F10/><N who="3" m="4183" /><G17/><T25/><D25/><U41/><E68/><V128/><F121/><W76/><G33/><T92/><D92/><U96/><E41/><N who="0" m="15977" /><D39/><U112/><E112/><V85/><F128/><W28/><G28/><T14/><D14/><U27/><E58/><AGARI ba="0,0" hai="46,47,52,58,60,76,81,86,87,88,94" m="4183" machi="58" ten="30,7700,0" yaku="8,1,52,1,54,2" doraHai="1" who="3" fromWho="1" sc="250,0,250,-77,250,0,250,77" /><INIT seed="1,0,0,1,4,12" ten="250,173,250,327" oya="1" hai0="115,109,89,128,111,51,82,36,96,78,28,23,61" hai1="113,84,7,4,123,59,34,18,98,91,48,0,53" hai2="116,87,25,47,37,45,64,54,76,83,129,92,95" hai3="79,38,74,66,32,117,27,131,5,122,62,35,50"/><U118/><E113/><V16/><F116/><W33/><G50/><T101/><D36/><U68/><E118/><V81/><F129/><W106/><G122/><T31/><D115/><U125/><E123/><V134/><F134/><W130/><G117/><T107/><D128/><N who="3" m="49193" /><G5/><N who="1" m="2122" /><E125/><V127/><F127/><W49/><G49/><T73/><D61/><U55/><E0/><V30/><F64/><W85/><G106/><T24/><D51/><N who="1" m="31167" /><E34/><V14/><F37/><W69/><G74/><T22/><D89/><U13/><E68/><V15/><F54/><W1/><G1/><T67/><D67/><U112/><E112/><V105/><F105/><W6/><G6/><T120/><D120/><U108/><E108/><V103/><F83/><N who="3" m="47359" /><G38/><T10/><D10/><N who="1" m="6455" /><E98/><N who="2" m="59847" /><F30/><AGARI ba="0,0" hai="27,30,32,33,35,62,66,69" m="47359,49193" machi="30" ten="30,1000,0" yaku="19,1" doraHai="12" who="3" fromWho="2" sc="250,0,173,0,250,-10,327,10" /><INIT seed="2,0,0,5,5,129" ten="250,173,240,337" oya="2" hai0="53,113,132,19,36,94,39,131,134,114,125,48,112" hai1="111,58,116,68,90,62,1,130,24,121,102,64,61" hai2="107,78,59,74,83,126,17,115,73,95,10,4,16" hai3="122,52,29,75,21,60,57,118,30,128,25,124,93"/><V85/><F107/><W65/><G75/><T32/><D32/><U9/><E116/><V98/><F115/><W127/><G122/><T40/><D131/><U42/><E130/><V72/><F126/><N who="3" m="48171" /><G118/><T133/><D125/><U22/><E121/><V11/><F59/><W31/><G128/><T33/><D33/><U18/><E111/><V92/><F92/><W81/><G81/><T38/><D94/><U47/><E102/><V51/><F51/><N who="3" m="30879" /><G93/><T63/><D19/><U80/><E80/><V105/><F105/><W87/><G87/><T86/><D86/><U0/><E90/><V49/><F49/><W35/><G35/><T110/><D110/><U13/><E61/><V66/><F66/><W82/><G82/><T27/><D27/><U15/><E68/><AGARI ba="0,0" hai="21,25,29,30,31,60,65,68" m="30879,48171" machi="68" ten="30,2000,0" yaku="18,1,54,1" doraHai="129" who="3" fromWho="1" sc="250,0,173,-20,240,0,337,20" /><INIT seed="3,0,0,2,5,106" ten="250,153,240,357" oya="3" hai0="115,113,117,64,40,5,101,62,99,133,60,24,34" hai1="52,50,1,49,122,18,48,88,43,86,41,71,69" hai2="4,53,44,61,68,112,105,78,73,110,23,108,132" hai3="103,51,46,7,111,39,12,11,119,30,67,63,116"/><W85/><G39/><T107/><D117/><U13/><E1/><V58/><F112/><W87/><G111/><N who="2" m="42537" /><F105/><W96/><G30/><T126/><D133/><U59/><E122/><V129/><F132/><W135/><G87/><T93/><D40/><U45/><E71/><V90/><F129/><W55/><G85/><T19/><D5/><U31/><E69/><V28/><F4/><W14/><G14/><T21/><D126/><U100/><E100/><V82/><F68/><W9/><G9/><T94/><D62/><U37/><E31/><V124/><F124/><W98/><G98/><T114/><REACH who="0" step="1"/><D34/><REACH who="0" ten="240,153,240,357" step="2"/><U56/><E37/><V80/><F44/><N who="3" m="28135" /><G135/><T47/><D47/><U130/><E130/><V97/><F97/><W121/><G46/><T125/><D125/><U76/><E76/><V15/><F15/><W102/><G96/><T70/><AGARI ba="0,1" hai="19,21,24,60,64,70,93,94,99,101,107,113,114,115" machi="70" ten="30,4000,0" yaku="1,1,0,1,11,1,53,0" doraHai="106" doraHaiUra="3" who="0" fromWho="0" sc="240,50,153,-10,240,-10,357,-20" owari="290,9.0,143,-36.0,230,-17.0,337,44.0" /></mjloggm>