<mjloggm ver="2.3"><GO type="169" lobby="0"/><UN n0="%48%61%6B%61%6D%61%64%61" n1="%E3%81%8D%E3%81%8F%E3%81%A6%E3%81%83%E3%81%99%E2%98%86" n2="%E5%AE%8C%E5%85%A8%E7%84%A1%E6%95%B5%E5%B0%91%E5%A5%B3%45%58" n3="%E3%82%A6%E3%83%AB%E3%83%88%E3%83%A9%E7%AB%8B%E7%9B%B4" dan="16,17,18,17" rate="2056.34,2139.53,2247.73,2169.96" sx="M,M,M,M"/><TAIKYOKU oya="0"/><INIT seed="0,0,0,0,4,121" ten="250,250,250,250" oya="0" hai0="120,76,4,55,38,68,88,99,105,116,96,101,22" hai1="65,45,30,31,87,69,80,3,46,132,34,36,73" hai2="122,8,130,20,70,6,29,102,41,56,107,115,98" hai3="64,42,74,18,57,86,49,89,7,1,63,32,100"/><T40/><D116/><U48/><E73/><V61/><F122/><W111/><G74/><T124/><D120/><U75/><E75/><V81/><F70/><W93/><G32/><T84/><D124/><U113/><E3/><V77/><F41/><W95/><G7/><T131/><D131/><U16/><E132/><V72/><F130/><W27/><G1/><T13/><D68/><U82/><E113/><V97/><F97/><W112/><G112/><T39/><D76/><U109/><E36/><V67/><F115/><W21/><G111/><T114/><D96/><U133/><E133/><V35/><F35/><W43/><G49/><T53/><D114/><U12/><E109/><V37/><F37/><W103/><REACH who="3" step="1"/><G93/><REACH who="3" ten="250,250,250,240" step="2"/><T108/><D108/><U85/><E34/><V123/><F123/><W28/><G28/><T117/><D117/><U59/><E30/><V44/><F29/><W24/><G24/><T26/><D4/><U126/><E31/><V51/><F6/><W90/><G90/><T91/><D91/><U33/><E33/><V106/><F72/><W104/><G104/><T14/><D39/><U47/><E48/><V119/><F51/><W118/><G118/><T11/><D38/><U17/><E126/><V78/><F119/><W0/><G0/><T19/><D26/><U52/><E17/><V10/><F107/><W134/><G134/><T54/><D14/><U15/><E15/><V50/><F106/><W60/><G60/><T5/><D5/><U92/><E92/><V135/><F61/><W83/><G83/><N who="0" m="49183" /><D40/><AGARI ba="0,1" hai="18,21,27,40,42,43,57,63,64,86,89,95,100,103" machi="40" ten="40,5200,0" yaku="1,1,8,1,53,1" doraHai="121" doraHaiUra="58" who="3" fromWho="0" sc="250,-52,250,0,250,0,240,62" /><INIT seed="1,0,0,0,5,67" ten="198,250,250,302" oya="1" hai0="109,17,123,10,55,117,93,46,6,75,108,5,131" hai1="116,23,95,129,96,118,82,106,114,16,51,121,35" hai2="56,3,63,4,7,107,18,34,65,103,132,12,62" hai3="101,88,125,8,2,19,90,28,87,43,1,40,37"/><U119/><E35/><V104/><F34/><W124/><G101/><T92/><D117/><U52/><E121/><V89/><F132/><W9/><G28/><T64/><D75/><U81/><E114/><V69/><F3/><W72/><G87/><T74/><D74/><U130/><E106/><V120/><F120/><W127/><G72/><T105/><D105/><U66/><E66/><V48/><F104/><W20/><G20/><T85/><D123/><U42/><E42/><N who="3" m="15914" /><G37/><T50/><D64/><U115/><E115/><V59/><F69/><W13/><G9/><T86/><D131/><N who="1" m="50187" /><E82/><V70/><F70/><W135/><G135/><T47/><D17/><U27/><E81/><V133/><F133/><W57/><G57/><T113/><D113/><U76/><E76/><V112/><F112/><W36/><G36/><T80/><D80/><U111/><E111/><V98/><F48/><W71/><G71/><T102/><D50/><U26/><E26/><V25/><F25/><W22/><G8/><T126/><D102/><N who="1" m="60703" /><E119/><V24/><F24/><W78/><G78/><T53/><REACH who="0" step="1"/><D10/><REACH who="0" ten="188,250,250,302" step="2"/><U84/><E84/><V128/><F128/><W45/><G125/><AGARI ba="0,1" hai="5,6,46,47,53,55,85,86,92,93,108,109,125,126" machi="125" ten="25,6400,0" yaku="1,1,2,1,22,2,53,0" doraHai="67" doraHaiUra="11" who="0" fromWho="3" sc="188,74,250,0,250,0,302,-64" /><INIT seed="2,0,0,1,4,112" ten="262,250,250,238" oya="2" hai0="61,65,20,31,122,15,76,125,113,38,116,130,51" hai1="42,55,44,27,22,37,34,71,105,126,135,66,68" hai2="107,96,19,40,101,100,132,24,56,90,63,47,67" hai3="86,72,69,26,70,11,35,5,45,120,29,134,127"/><V97/><F132/><W9/><G72/><T10/><D38/><U124/><E34/><V85/><F24/><W114/><G114/><T13/><D113/><U92/><E105/><V0/><F0/><W57/><G120/><T25/><D122/><U95/><E135/><V39/><F19/><W75/><G75/><T119/><D125/><N who="1" m="48235" /><E55/><V14/><F14/><W117/><G134/><T18/><D130/><U111/><E111/><V131/><F131/><W133/><G133/><T33/><D76/><U94/><E66/><V121/><F121/><W89/><G127/><T2/><D51/><U52/><E52/><V43/><F43/><W88/><G45/><T41/><D41/><U12/><E12/><V54/><F54/><W50/><G50/><T6/><D15/><U77/><E77/><V99/><REACH who="2" step="1"/><F101/><REACH who="2" ten="262,250,240,238" step="2"/><W129/><G129/><T46/><REACH who="0" step="1"/><D46/><REACH who="0" ten="252,250,240,238" step="2"/><U128/><E128/><V32/><F32/><W30/><G35/><T4/><D4/><U91/><E44/><V83/><AGARI ba="0,2" hai="39,40,47,56,63,67,83,85,90,96,97,99,100,107" machi="83" ten="20,3900,0" yaku="1,1,0,1,7,1,53,0" doraHai="112" doraHaiUra="49" who="2" fromWho="2" sc="252,-13,250,-13,240,59,238,-13" /><INIT seed="2,1,0,1,1,25" ten="239,237,299,225" oya="2" hai0="14,23,5,19,46,78,36,102,11,38,127,53,56" hai1="134,67,27,132,120,30,129,126,82,88,97,37,104" hai2="35,79,3,83,44,47,135,15,77,52,121,33,7" hai3="117,72,54,80,10,42,64,118,4,105,12,29,21"/><V87/><F121/><W96/><G64/><T22/><D127/><U99/><E120/><V73/><F135/><N who="1" m="51753" /><E126/><V9/><F77/><W68/><G68/><T91/><D102/><U6/><E37/><V133/><F133/><W0/><G42/><T113/><D78/><U122/><E122/><V111/><F111/><W95/><G105/><T124/><D124/><U70/><E129/><V65/><F65/><W2/><G80/><T55/><D113/><U17/><E6/><V18/><F73/><W76/><G76/><T61/><D91/><U92/><E17/><V125/><F125/><W41/><G41/><T84/><D84/><U43/><E43/><V49/><REACH who="2" step="1"/><F47/><REACH who="2" ten="239,237,289,225" step="2"/><W131/><G72/><T59/><D46/><U85/><E67/><V39/><F39/><W94/><G117/><T66/><D66/><U28/><E70/><V57/><F57/><W48/><G118/><T16/><D38/><U112/><E112/><V50/><F50/><W26/><G131/><T40/><D36/><U128/><E128/><V60/><F60/><W86/><G86/><T130/><D130/><U115/><E115/><V89/><F89/><W81/><G48/><T75/><D75/><U1/><E88/><V114/><F114/><W69/><G69/><T62/><D62/><U101/><E85/><V34/><F34/><W108/><G108/><T71/><D59/><U32/><E32/><V116/><F116/><W98/><G98/><T90/><D90/><U31/><E99/><V93/><F93/><W100/><G95/><T8/><D61/><U20/><E92/><V58/><F58/><RYUUKYOKU ba="1,1" sc="239,-10,237,-10,289,30,225,-10" hai2="3,7,9,15,18,33,35,44,49,52,79,83,87" /><INIT seed="2,2,1,2,2,73" ten="229,227,319,215" oya="2" hai0="33,111,22,70,12,105,11,4,40,87,51,65,80" hai1="42,128,68,0,88,95,83,37,112,69,26,94,50" hai2="99,61,62,118,6,78,31,3,21,122,7,100,113" hai3="79,17,56,32,39,43,75,124,96,86,77,25,54"/><V34/><F113/><W76/><G75/><T24/><D105/><U8/><E112/><V116/><F122/><W49/><G124/><T92/><D111/><U119/><E119/><V132/><F132/><W2/><G2/><T52/><D40/><U5/><E37/><V98/><F21/><N who="3" m="13487" /><G39/><T109/><D109/><U13/><E128/><V59/><F62/><W60/><G32/><T23/><D70/><U108/><E108/><V71/><F99/><W41/><G96/><T29/><D92/><U84/><E26/><V107/><F59/><N who="3" m="33231" /><G86/><T121/><D65/><AGARI ba="2,1" hai="41,43,56,60,65,76,77,79" m="33231,13487" machi="65" ten="30,7700,0" yaku="8,1,52,3" doraHai="73" who="3" fromWho="0" sc="229,-83,227,0,319,0,215,93" /><INIT seed="3,0,0,1,3,114" ten="146,227,319,308" oya="3" hai0="43,118,98,46,122,135,45,94,8,115,132,15,110" hai1="10,14,19,69,56,131,89,60,127,29,78,44,42" hai2="123,86,37,17,11,62,91,39,95,6,24,52,106" hai3="48,130,81,111,1,34,119,38,65,23,3,4,5"/><W76/><G38/><T30/><D122/><U77/><E127/><V35/><F106/><W101/><G34/><T93/><D115/><U116/><E131/><V129/><F129/><W112/><G112/><T124/><D124/><U105/><E69/><V51/><F62/><W90/><G101/><T2/><D2/><U50/><E105/><V66/><F66/><W104/><G104/><T9/><D30/><U103/><E103/><V40/><F40/><W16/><G130/><T117/><D110/><U70/><E70/><V31/><F17/><W57/><G90/><T102/><D94/><U79/><E29/><V92/><F92/><W21/><G65/><T125/><D125/><U72/><E89/><V85/><F86/><W75/><G57/><T68/><D68/><U96/><E96/><V54/><F54/><W58/><G58/><T36/><D46/><U32/><E32/><V41/><F41/><W73/><G48/><T63/><D63/><U20/><E116/><N who="0" m="44649" /><D15/><U113/><E113/><V0/><REACH who="2" step="1"/><F123/><REACH who="2" ten="146,227,309,308" step="2"/><W83/><G119/><T55/><D55/><U126/><E126/><V33/><F33/><W99/><G99/><T100/><D100/><U87/><E60/><V25/><F25/><W49/><G49/><T22/><D102/><U59/><E50/><V12/><F12/><W7/><G1/><T88/><D22/><U108/><E20/><V128/><F128/><W18/><G3/><T107/><D107/><U82/><E87/><V61/><F61/><W64/><G23/><T13/><D13/><U74/><E14/><V121/><F121/><W26/><G21/><RYUUKYOKU ba="0,1" sc="146,15,227,-15,309,15,308,-15" hai0="8,9,36,43,45,88,93,98,132,135" hai2="0,6,11,24,31,35,37,39,51,52,85,91,95" /><INIT seed="4,1,1,0,5,21" ten="161,212,324,293" oya="0" hai0="93,43,54,36,123,135,34,125,56,41,85,7,58" hai1="67,22,55,99,131,47,102,9,15,26,103,38,81" hai2="6,14,42,30,126,61,110,2,31,77,97,95,50" hai3="124,62,29,74,128,51,35,133,0,91,32,132,118"/><T96/><D123/><U19/><E131/><V80/><F2/><W112/><G0/><T134/><D125/><U46/><E67/><V82/><F110/><W24/><G74/><T116/><D116/><U83/><E103/><V12/><F61/><W13/><G118/><T23/><D34/><U88/><E47/><N who="2" m="25975" /><F126/><W18/><G124/><T3/><D85/><U92/><E102/><N who="2" m="60735" /><F12/><W114/><G128/><T25/><D3/><U69/><E69/><V127/><F127/><W109/><G109/><T11/><D36/><U89/><E89/><V8/><F77/><W105/><G62/><N who="0" m="36119" /><D58/><U73/><E73/><V84/><F84/><W70/><G70/><T71/><D71/><U20/><E20/><V90/><F90/><W101/><G35/><T52/><D11/><U104/><E104/><V48/><F48/><W63/><G63/><T68/><D68/><U115/><E115/><N who="3" m="44074" /><G51/><T72/><D72/><U86/><E86/><V64/><F64/><W113/><G113/><T59/><D135/><U79/><E79/><V100/><F100/><W1/><G1/><T28/><D134/><U107/><E107/><V119/><F119/><W108/><G108/><T87/><D87/><U40/><REACH who="1" step="1"/><E55/><REACH who="1" ten="161,202,324,293" step="2"/><V37/><F82/><W117/><G117/><T94/><D94/><U78/><E78/><V60/><F80/><W17/><G133/><T130/><D130/><U122/><E122/><V44/><F44/><W45/><G45/><T10/><D93/><U65/><E65/><V66/><F37/><W33/><G132/><T5/><D52/><U129/><E129/><V57/><AGARI ba="1,2" hai="6,8,14,30,31,57,60,66" m="60735,25975" machi="57" ten="30,2000,0" yaku="5,1,8,1" doraHai="21" who="2" fromWho="2" sc="161,-11,202,-6,324,43,293,-6" /><INIT seed="5,0,0,4,5,3" ten="150,196,367,287" oya="1" hai0="122,17,35,34,30,60,62,118,98,15,100,47,128" hai1="63,44,36,105,102,9,10,130,7,120,99,126,19" hai2="2,86,32,76,40,124,77,94,114,93,46,49,52" hai3="31,43,8,119,84,78,38,110,66,82,64,104,112"/><U106/><E120/><V123/><F32/><W115/><G104/><T20/><D118/><U13/><E130/><V135/><F2/><W12/><G110/><T97/><D122/><U85/><E126/><V5/><F123/><W41/><G31/><T116/><D128/><U50/><E36/><V55/><F5/><W59/><G119/><T88/><D116/><U134/><E134/><V14/><F124/><W57/><G57/><T25/><D35/><U45/><E63/><V71/><F71/><W16/><G59/><T22/><D34/><U27/><E27/><V103/><F135/><W90/><G78/><N who="2" m="30313" /><F14/><W68/><G68/><T73/><D73/><U18/><E85/><V113/><F94/><W65/><G38/><T108/><D108/><U4/><E106/><V37/><F37/><W74/><G74/><T91/><D47/><U67/><E67/><V109/><F109/><W95/><G95/><N who="0" m="58463" /><D97/><U133/><E133/><V92/><F92/><W53/><G53/><N who="2" m="20553" /><F86/><W1/><REACH who="3" step="1"/><G1/><REACH who="3" ten="150,196,367,277" step="2"/><T48/><D48/><U26/><E50/><V111/><F111/><W83/><G83/><T61/><AGARI ba="0,1" hai="15,17,20,22,25,30,60,61,62,88,91" m="58463" machi="61" ten="30,2000,0" yaku="8,1,54,1" doraHai="3" who="0" fromWho="0" sc="150,30,196,-10,367,-5,277,-5" /><INIT seed="6,0,0,5,0,97" ten="180,186,362,272" oya="2" hai0="111,96,33,123,22,80,89,32,16,36,86,128,120" hai1="0,15,121,62,8,38,24,84,129,59,118,40,88" hai2="58,134,82,28,42,26,43,2,69,78,85,115,130" hai3="65,50,53,14,10,127,45,19,81,1,68,117,93"/><V25/><F69/><W7/><G117/><T67/><D111/><U34/><E118/><V113/><F2/><W64/><G127/><T122/><D36/><U72/><E72/><V91/><F25/><W77/><G93/><T106/><D128/><U109/><E109/><V74/><F134/><W54/><G54/><T95/><D67/><U126/><E0/><V92/><F58/><W4/><G68/><T135/><D106/><U51/><E126/><V29/><F29/><W48/><G48/><T57/><D57/><U104/><E38/><V94/><F92/><W112/><G112/><N who="2" m="43081" /><F130/><W56/><G56/><T102/><REACH who="0" step="1"/><D135/><REACH who="0" ten="170,186,362,272" step="2"/><U12/><E104/><V131/><F131/><W30/><G64/><T63/><D63/><U37/><E62/><V20/><AGARI ba="0,1" hai="20,26,28,42,43,74,78,82,85,91,94" m="43081" machi="20" ten="30,1500,0" yaku="15,1" doraHai="97" who="2" fromWho="2" sc="170,-5,186,-5,362,25,272,-5" /><INIT seed="6,1,0,4,3,128" ten="165,181,387,267" oya="2" hai0="20,96,133,37,76,90,40,92,59,118,116,46,83" hai1="113,107,130,80,15,100,91,82,78,79,99,18,4" hai2="9,112,14,54,122,16,33,135,73,125,2,55,88" hai3="38,134,26,22,121,132,42,101,12,66,95,81,5"/><V31/><F73/><W60/><G121/><T43/><D43/><U35/><E130/><V30/><F55/><W41/><G81/><T3/><D3/><U77/><E35/><V19/><F54/><W84/><G12/><T89/><D59/><U39/><E39/><V34/><F88/><W23/><G5/><T51/><D20/><U129/><E129/><V123/><F125/><W71/><G22/><T103/><D37/><U36/><E113/><V120/><F112/><W28/><G84/><T17/><D17/><U98/><E36/><V63/><F63/><W21/><G21/><T25/><D25/><U68/><E68/><V11/><F2/><W109/><G109/><T53/><D40/><U44/><E4/><V111/><F111/><W117/><G117/><N who="0" m="45163" /><D133/><N who="3" m="51305" /><G38/><T56/><D56/><U93/><REACH who="1" step="1"/><E44/><REACH who="1" ten="165,171,387,267" step="2"/><V67/><F135/><W52/><G71/><T49/><D49/><U65/><E65/><V86/><F120/><W87/><G66/><T72/><AGARI ba="1,1" hai="46,51,53,72,76,83,89,90,92,96,103" m="45163" machi="72" ten="30,1100,0" yaku="12,1" doraHai="128" who="0" fromWho="0" sc="165,24,171,-4,387,-6,267,-4" /><INIT seed="7,0,0,4,0,119" ten="189,167,381,263" oya="3" hai0="111,16,130,102,39,91,21,43,46,107,82,69,51" hai1="71,8,87,83,11,61,41,25,70,123,47,34,5" hai2="115,106,133,7,58,18,79,108,112,32,45,63,6" hai3="121,12,125,116,4,17,131,27,19,57,113,80,84"/><W67/><G4/><T10/><D111/><U124/><E124/><V98/><F32/><W89/><G131/><T38/><D69/><U48/><E123/><V60/><F79/><W30/><G19/><T0/><D130/><U24/><E11/><V2/><F45/><W52/><G121/><T65/><D65/><U3/><E61/><V49/><F18/><W35/><G67/><T1/><D102/><U72/><E25/><V73/><F73/><W132/><G132/><T105/><D107/><U81/><E81/><V129/><F7/><W78/><G116/><T118/><D105/><U85/><E85/><V103/><F6/><W37/><G37/><T117/><D118/><U68/><E72/><V95/><F2/><W127/><G78/><T122/><D122/><U128/><E128/><V36/><F36/><W126/><G113/><T40/><D40/><U13/><E3/><N who="0" m="1097" /><D10/><U64/><E64/><V109/><F133/><W62/><G125/><T86/><D117/><U9/><E9/><V55/><F106/><W74/><G126/><T14/><D39/><U100/><E100/><V15/><F129/><W92/><G127/><T88/><D91/><U53/><E53/><V110/><F112/><W90/><G90/><T26/><D38/><U33/><REACH who="1" step="1"/><E24/><REACH who="1" ten="189,157,381,263" step="2"/><V59/><F115/><W104/><G80/><T54/><D54/><U120/><E120/><V44/><F109/><W31/><G74/><T77/><D26/><U22/><E22/><V114/><F110/><W97/><G27/><T28/><D77/><AGARI ba="0,1" hai="5,8,13,33,34,41,47,48,68,70,71,77,83,87" machi="77" ten="40,8000,1" yaku="1,1,25,2,53,1" doraHai="119" doraHaiUra="42" who="1" fromWho="0" sc="189,-80,157,90,381,0,263,0" owari="109,-39.0,247,-15.0,381,48.0,263,6.0" /></mjloggm>