<mjloggm ver="2.3"><GO type="97" lobby="0"/><UN n0="%E3%82%A6%E3%83%AB%E3%83%88%E3%83%A9%E7%AB%8B%E7%9B%B4" n1="%E5%AE%89%E5%80%8D%E6%99%B4%E6%98%8E" n2="%E3%82%B2%E3%82%A4%E3%83%96%E3%83%AA%E3%82%A8%E3%83%AB" n3="%67%65%6D" dan="14,14,15,13" rate="1935.41,1844.33,2032.53,1837.80" sx="M,M,M,F"/><TAIKYOKU oya="0"/><INIT seed="0,0,0,0,3,7" ten="250,250,250,250" oya="0" hai0="33,108,63,4,13,68,125,66,70,58,131,101,59" hai1="43,121,3,97,87,31,128,86,79,81,109,48,39" hai2="56,129,98,16,113,91,92,9,64,45,53,23,60" hai3="110,57,14,69,123,29,27,78,88,41,95,80,122"/><T8/><D125/><U62/><E121/><N who="3" m="46090" /><G69/><T77/><D131/><U94/><E39/><V134/><F113/><W6/><G110/><T74/><D108/><U19/><E109/><V34/><F34/><W24/><G41/><T126/><D126/><U104/><E3/><V76/><F129/><W89/><G57/><T75/><D33/><U100/><E128/><V47/><F134/><W37/><G37/><T21/><D59/><U105/><E31/><V102/><F76/><W5/><G14/><T22/><D101/><U65/><E19/><V55/><F9/><W35/><G27/><T0/><D77/><U85/><E48/><V106/><F64/><W67/><G67/><T83/><D83/><N who="1" m="47359" /><E62/><V103/><F55/><W46/><G46/><N who="2" m="17417" /><F106/><N who="1" m="41065" /><E43/><V120/><F120/><W117/><G117/><T90/><D68/><U36/><E36/><V93/><F93/><W71/><G71/><T2/><D70/><U84/><E65/><V135/><F135/><W107/><G107/><T82/><D2/><U18/><E18/><V11/><F11/><W127/><G127/><T61/><D61/><U116/><E116/><V20/><F20/><W30/><G30/><T44/><D44/><U52/><E52/><V112/><F112/><W99/><G89/><AGARI ba="0,0" hai="81,84,86,87,89,94,97,100" m="41065,47359" machi="89" ten="30,8000,1" yaku="35,5" doraHai="7" who="1" fromWho="3" sc="250,0,250,80,250,0,250,-80" /><INIT seed="1,0,0,5,5,118" ten="250,330,250,170" oya="1" hai0="131,106,112,85,17,97,13,80,52,132,40,63,19" hai1="68,119,108,133,87,49,1,77,37,113,114,30,111" hai2="48,103,134,8,24,127,76,102,100,74,83,71,0" hai3="32,34,117,6,73,126,16,21,75,3,62,79,101"/><U36/><E119/><V44/><F134/><W104/><G117/><T38/><D112/><U39/><E30/><V82/><F127/><W121/><G126/><T60/><D132/><U109/><E133/><V120/><F120/><W135/><G135/><T25/><D131/><U53/><E1/><V64/><F24/><W96/><G62/><T89/><D40/><U129/><E87/><V72/><F64/><W61/><G61/><T98/><D38/><U67/><E77/><V84/><F71/><W43/><G43/><T45/><D106/><U18/><E18/><V51/><F44/><W105/><G105/><T28/><D60/><N who="1" m="40039" /><E129/><V59/><F59/><AGARI ba="0,0" hai="36,37,39,49,53,59,108,109,111,113,114" m="40039" machi="59" ten="40,12000,1" yaku="14,1,10,1,34,2" doraHai="118" who="1" fromWho="2" sc="250,0,330,120,250,-120,170,0" /><INIT seed="1,1,0,4,2,65" ten="250,450,130,170" oya="1" hai0="125,7,96,6,127,68,70,56,87,71,61,63,121" hai1="28,26,119,5,101,11,29,97,126,99,131,22,4" hai2="0,95,94,111,84,31,58,69,59,135,14,129,2" hai3="108,117,91,17,130,38,39,51,62,66,41,72,134"/><U98/><E119/><V112/><F111/><W86/><G72/><T46/><D121/><U105/><E126/><N who="0" m="48137" /><D87/><U33/><E131/><V40/><F129/><W110/><G17/><T81/><D81/><U115/><E115/><V25/><F135/><W35/><G35/><T48/><D96/><U37/><E37/><V93/><F112/><W128/><G117/><T83/><D83/><U44/><E44/><V27/><F40/><W47/><G134/><T32/><D32/><U109/><E109/><N who="3" m="42090" /><G91/><T82/><D82/><U8/><E29/><V20/><F14/><W53/><G86/><T9/><D56/><N who="2" m="21546" /><F84/><W106/><G106/><T60/><D9/><U133/><E33/><V16/><F20/><W78/><G78/><T15/><D15/><U55/><E133/><V116/><F31/><W77/><G77/><T132/><D132/><U90/><E90/><V100/><F100/><W67/><G67/><T113/><D113/><U45/><E101/><V120/><F120/><W18/><G18/><T34/><D34/><U107/><E107/><V42/><F16/><W102/><G102/><T12/><D12/><U49/><E105/><V76/><F42/><AGARI ba="1,0" hai="6,7,42,46,48,60,61,63,68,70,71" m="48137" machi="42" ten="40,8000,1" yaku="18,1,52,3" doraHai="65" who="0" fromWho="2" sc="250,83,450,0,130,-83,170,0" /><INIT seed="2,0,0,2,3,20" ten="333,450,47,170" oya="2" hai0="59,115,131,91,63,33,37,83,7,39,71,127,35" hai1="88,67,72,82,111,53,118,112,23,45,17,114,26" hai2="87,100,119,3,76,77,10,134,42,92,55,93,18" hai3="123,107,86,105,22,128,132,2,98,57,61,99,95"/><V19/><F119/><W135/><G2/><T122/><D115/><U6/><E118/><V69/><F69/><W62/><G123/><T8/><D71/><U113/><E111/><V0/><F42/><W70/><G128/><T130/><D122/><U38/><E67/><V104/><F104/><N who="3" m="40011" /><G22/><T80/><D127/><U12/><E38/><V36/><F36/><W102/><G70/><T47/><D47/><U54/><E6/><V133/><F10/><W108/><G62/><T58/><D7/><U79/><E45/><V106/><F106/><N who="3" m="63831" /><G57/><T51/><D8/><U89/><E12/><V125/><F100/><N who="3" m="60543" /><G61/><T11/><D11/><U84/><REACH who="1" step="1"/><E89/><REACH who="1" ten="333,440,47,170" step="2"/><V78/><F125/><W121/><G121/><T60/><REACH who="0" step="1"/><D91/><REACH who="0" ten="323,440,47,170" step="2"/><U44/><E44/><V56/><F78/><W50/><G108/><T52/><D52/><U94/><AGARI ba="0,2" hai="17,23,26,53,54,72,79,82,84,88,94,112,113,114" machi="94" ten="30,12000,2" yaku="1,1,0,1,52,1,54,1,53,2" doraHai="20" doraHaiUra="48" who="1" fromWho="1" sc="323,-30,440,140,47,-60,170,-30" owari="293,9.0,580,68.0,-13,-51.0,140,-26.0" /></mjloggm>