<mjloggm ver="2.3"><GO type="41" lobby="0"/><UN n0="%48%79%6C%61" n1="%E3%83%87%E3%82%B3%E3%81%BE" n2="%E5%B0%B1%E6%B4%BB%E7%94%9F%40%E5%B7%9D%E6%9D%91%E8%BB%8D%E5%9B%A3" n3="%69%72%69%39%32%39" dan="15,14,15,13" rate="2041.27,1903.64,2024.63,1952.52" sx="M,M,M,F"/><TAIKYOKU oya="0"/><INIT seed="0,0,0,4,4,59" ten="250,250,250,250" oya="0" hai0="117,49,54,25,73,115,125,52,114,55,76,103,31" hai1="113,16,60,39,99,37,124,122,32,90,36,35,101" hai2="58,12,6,82,48,111,107,7,38,62,109,10,22" hai3="42,92,108,129,53,20,65,95,98,1,13,4,100"/><T102/><D117/><U68/><E122/><V63/><F38/><W130/><G1/><T81/><D125/><U105/><E124/><V93/><F107/><W72/><G72/><T5/><D5/><U69/><E113/><V110/><F7/><W45/><G65/><T33/><REACH who="0" step="1"/><D49/><REACH who="0" ten="240,250,250,250" step="2"/><U9/><E39/><V71/><F48/><W67/><G4/><T120/><D120/><U27/><E37/><V80/><F110/><W119/><G119/><T47/><D47/><U66/><E36/><V118/><F111/><W11/><G45/><T78/><D78/><U56/><E90/><V133/><F118/><W61/><G108/><T40/><D40/><U74/><E74/><V127/><F6/><W106/><G42/><T132/><D132/><U8/><E68/><V87/><F133/><W24/><G53/><T96/><D96/><U43/><E69/><V86/><F71/><W134/><G134/><T44/><D44/><U18/><E43/><V17/><F109/><W135/><G135/><T14/><D14/><U84/><E99/><V89/><F127/><W97/><G98/><T94/><D94/><U121/><E121/><V28/><F93/><W75/><G95/><T131/><D131/><U57/><E105/><V91/><F58/><W46/><G106/><T30/><D30/><U41/><E57/><V83/><F83/><W0/><G46/><T88/><D88/><U70/><E56/><V85/><F85/><W21/><G130/><T123/><D123/><U15/><E84/><V19/><F28/><W79/><G129/><T104/><D104/><U64/><E70/><RYUUKYOKU ba="0,1" sc="240,15,250,-15,250,15,250,-15" hai0="25,31,33,52,54,55,73,76,81,102,103,114,115" hai2="10,12,17,19,22,62,63,80,82,86,87,89,91" /><INIT seed="0,1,1,4,0,44" ten="255,235,265,235" oya="0" hai0="83,66,23,37,133,91,77,85,113,39,31,118,2" hai1="101,51,72,52,4,61,29,87,49,19,106,120,82" hai2="135,1,59,108,132,25,76,79,53,57,129,95,104" hai3="69,94,38,14,60,50,96,89,110,17,90,26,3"/><T21/><D118/><U18/><E120/><V84/><F104/><W46/><G38/><T6/><D113/><U11/><E72/><V34/><F1/><W74/><G3/><T97/><D133/><N who="2" m="51274" /><F129/><W56/><G74/><T0/><D66/><U20/><E106/><V86/><F108/><W58/><G69/><T121/><D121/><U119/><E101/><V80/><F53/><W41/><G26/><T130/><D130/><U54/><E119/><V70/><F70/><W98/><G110/><T71/><D71/><U64/><E64/><V35/><F25/><W67/><G58/><N who="2" m="22025" /><F95/><W42/><G42/><T47/><D2/><U134/><E61/><V103/><F103/><W15/><G17/><N who="1" m="6154" /><E134/><V9/><F9/><W99/><REACH who="3" step="1"/><G99/><REACH who="3" ten="255,235,265,225" step="2"/><T78/><D0/><U68/><E68/><V33/><F84/><W16/><G16/><T115/><D97/><U123/><E123/><V93/><F93/><AGARI ba="1,2" hai="14,15,41,46,50,56,60,67,89,90,93,94,96,98" machi="93" ten="40,8000,1" yaku="1,1,9,1,8,1,52,1,53,1" doraHai="44" doraHaiUra="36" who="3" fromWho="2" sc="255,0,235,0,265,-83,225,103" /><INIT seed="1,0,0,4,1,65" ten="255,235,182,328" oya="1" hai0="73,79,130,11,68,43,3,107,96,4,7,66,12" hai1="82,69,89,81,106,50,132,59,6,108,80,58,18" hai2="9,84,115,29,83,60,70,111,0,97,53,129,49" hai3="16,116,128,119,25,23,56,2,37,105,52,87,109"/><U44/><E106/><V101/><F111/><W63/><G105/><T46/><D7/><U13/><E108/><V133/><F115/><W21/><G37/><N who="0" m="21871" /><D66/><U32/><E32/><V10/><F129/><W121/><G121/><T20/><D20/><U78/><E6/><V76/><F133/><W135/><G2/><T26/><D26/><U92/><E132/><V61/><F29/><N who="3" m="17583" /><G135/><T24/><D12/><U8/><E69/><V45/><F0/><W47/><G128/><T39/><D24/><U117/><E78/><V94/><F70/><W88/><G109/><T54/><D54/><U64/><E64/><V120/><F120/><W30/><G119/><T98/><D98/><U42/><REACH who="1" step="1"/><E117/><REACH who="1" ten="255,225,182,328" step="2"/><V99/><F99/><AGARI ba="0,1" hai="8,13,18,42,44,50,58,59,80,81,82,89,92,99" machi="99" ten="40,7700,0" yaku="1,1,2,1,8,1,53,0" doraHai="65" doraHaiUra="35" who="1" fromWho="2" sc="255,0,225,87,182,-77,328,0" /><INIT seed="1,1,0,4,2,132" ten="255,312,105,328" oya="1" hai0="124,14,41,123,32,33,103,88,93,25,81,104,75" hai1="105,8,109,38,92,121,57,0,128,31,37,58,55" hai2="66,1,65,87,73,90,134,46,6,17,23,53,101" hai3="67,89,91,7,30,61,24,68,59,4,111,49,114"/><U85/><E121/><V45/><F73/><W133/><G133/><T10/><D41/><U135/><E105/><V5/><F134/><W118/><G114/><T34/><D123/><U99/><E135/><V96/><F65/><W69/><G118/><T130/><D130/><U71/><E71/><V42/><F66/><W28/><G111/><T9/><D25/><U129/><E109/><V115/><F115/><W11/><G49/><T54/><D54/><U16/><E31/><V83/><F1/><W84/><G91/><T108/><D108/><U48/><E58/><V79/><F46/><W22/><G30/><T52/><D14/><N who="1" m="7239" /><E85/><V112/><F53/><W3/><G7/><T127/><D103/><N who="1" m="60903" /><E0/><V86/><F112/><W120/><G120/><T70/><D104/><U47/><E47/><V97/><F87/><W116/><G116/><T82/><D70/><U77/><E77/><V63/><F63/><W110/><G110/><T78/><D81/><AGARI ba="1,0" hai="3,4,11,22,24,28,59,61,67,68,69,81,84,89" machi="81" ten="30,1000,0" yaku="7,1" doraHai="132" who="3" fromWho="0" sc="255,-13,312,0,105,0,328,13" /><INIT seed="2,0,0,2,1,41" ten="242,312,105,341" oya="2" hai0="47,82,91,33,39,88,78,46,114,2,28,25,44" hai1="118,130,60,129,131,120,113,110,37,11,96,36,64" hai2="1,103,45,135,57,134,104,52,89,70,97,77,49" hai3="108,121,55,42,100,133,40,51,125,79,93,8,81"/><V32/><F70/><W0/><G121/><T61/><D114/><U56/><E11/><V13/><F32/><W35/><G35/><T31/><D2/><U24/><E120/><V71/><F1/><W128/><G128/><T22/><D61/><U23/><E113/><V87/><F71/><W127/><G0/><T59/><D59/><U115/><E115/><V48/><F77/><W98/><G8/><T67/><D67/><U29/><E118/><V63/><F13/><W30/><G30/><T66/><D66/><U69/><E110/><V58/><F49/><W9/><G133/><N who="2" m="50697" /><F63/><W75/><G9/><T117/><D117/><U80/><E69/><V109/><F109/><W101/><G100/><T74/><REACH who="0" step="1"/><D39/><REACH who="0" ten="232,312,105,341" step="2"/><U5/><E37/><V99/><F99/><W106/><G108/><T83/><D83/><AGARI ba="0,1" hai="45,48,52,57,58,83,87,89,97,103,104" m="50697" machi="83" ten="30,5800,0" yaku="20,1,52,1,54,1" doraHai="41" who="2" fromWho="0" sc="232,-58,312,0,105,68,341,0" /><INIT seed="2,1,0,3,4,77" ten="174,312,173,341" oya="2" hai0="59,103,64,127,80,128,25,53,121,126,10,110,99" hai1="67,60,20,111,1,101,87,54,55,17,7,56,33" hai2="11,133,21,124,66,38,109,130,15,79,82,107,5" hai3="27,94,6,97,119,106,72,93,74,36,118,65,86"/><V85/><F107/><W58/><G36/><T114/><D121/><U131/><E33/><V102/><F38/><W44/><G44/><T51/><D110/><U100/><E111/><V57/><F109/><W39/><G39/><T115/><D128/><U45/><E131/><V98/><F130/><W46/><G46/><T75/><D64/><U90/><E1/><V32/><F32/><W29/><G6/><T41/><D41/><U35/><E35/><V73/><F124/><N who="0" m="47658" /><D25/><N who="1" m="14479" /><E7/><V42/><F133/><W61/><G106/><N who="0" m="63871" /><D10/><U84/><E84/><V89/><F42/><W78/><G65/><T113/><D113/><U120/><E120/><V14/><F102/><N who="1" m="39529" /><E45/><V104/><F104/><W125/><G125/><T91/><D91/><U81/><AGARI ba="1,0" hai="54,55,56,60,67,81,87,90" m="39529,14479" machi="81" ten="30,2000,0" yaku="8,1,52,1" doraHai="77" who="1" fromWho="1" sc="174,-6,312,23,173,-11,341,-6" /><INIT seed="3,0,0,0,0,16" ten="168,335,162,335" oya="3" hai0="75,13,109,69,34,113,62,86,0,92,90,85,83" hai1="24,103,23,55,84,52,66,93,9,12,82,59,89" hai2="43,28,10,56,133,95,117,49,25,68,57,88,3" hai3="73,70,22,104,20,53,27,79,8,81,45,71,33"/><W4/><G104/><T5/><D34/><U124/><E124/><V54/><F68/><W132/><G132/><T39/><D39/><U135/><E135/><V87/><F133/><W36/><G33/><T98/><D0/><U17/><E103/><V128/><F117/><W41/><G53/><T101/><D109/><U61/><E82/><V30/><F128/><W78/><G78/><T31/><D31/><AGARI ba="0,0" hai="9,12,17,23,24,31,52,55,59,61,66,84,89,93" machi="31" ten="30,7700,0" yaku="7,1,8,1,52,1,54,1" doraHai="16" who="1" fromWho="0" sc="168,-77,335,77,162,0,335,0" /><INIT seed="4,0,0,2,0,133" ten="91,412,162,335" oya="0" hai0="65,102,67,98,77,91,82,118,134,117,73,3,45" hai1="48,9,79,84,27,52,122,78,74,22,71,115,108" hai2="112,34,93,123,61,7,41,69,21,128,126,90,18" hai3="49,105,72,127,66,111,64,101,8,125,131,31,16"/><T99/><D3/><U68/><E108/><V129/><F34/><W87/><G111/><T76/><D134/><U58/><E122/><V113/><F41/><W20/><G72/><T37/><D76/><U12/><E74/><V92/><F7/><W135/><G135/><T23/><D117/><U17/><E115/><N who="2" m="44107" /><F123/><W50/><G131/><N who="2" m="50249" /><F126/><N who="3" m="48139" /><G87/><T59/><D118/><U130/><E130/><V75/><F75/><W57/><G31/><T54/><D91/><U100/><E100/><V132/><F132/><W25/><G8/><T124/><D124/><U55/><E55/><V114/><N who="2" m="44115" /><V63/><DORA hai="33" /><F69/><W89/><G89/><T15/><D99/><U14/><E14/><N who="2" m="9431" /><F93/><W106/><G57/><T29/><D29/><U107/><E107/><N who="3" m="40970" /><G101/><T1/><D102/><U85/><E71/><V46/><F46/><W53/><G53/><T120/><D120/><U47/><E47/><V44/><F44/><W4/><G4/><T97/><D45/><U10/><E68/><V19/><F19/><W56/><G56/><T104/><D104/><U121/><E121/><V39/><F39/><W116/><G116/><T2/><D37/><U30/><E10/><V40/><F40/><W60/><G60/><N who="0" m="35959" /><D65/><AGARI ba="0,0" hai="16,20,25,49,50,64,65,66" m="40970,48139" machi="65" ten="30,8000,1" yaku="18,1,52,3,54,1" doraHai="133,33" who="3" fromWho="0" sc="91,-80,412,0,162,0,335,80" /><INIT seed="5,0,0,4,2,56" ten="11,412,162,415" oya="1" hai0="39,86,22,3,57,103,117,85,114,45,122,58,1" hai1="91,80,50,134,40,107,20,2,24,89,113,98,108" hai2="73,16,48,93,27,106,133,60,42,64,126,87,52" hai3="54,59,10,128,32,47,15,76,46,7,95,0,123"/><U74/><E2/><V125/><F106/><W34/><G123/><T18/><D117/><U33/><E33/><V37/><F73/><W43/><G128/><T81/><D122/><U12/><E134/><V102/><F133/><W97/><G76/><T118/><D118/><U49/><E113/><V124/><F37/><W35/><G0/><T9/><D114/><U100/><E108/><V90/><F42/><W132/><G132/><T120/><D120/><U92/><E12/><V21/><F102/><W5/><G5/><T13/><D103/><U62/><E40/><V41/><F41/><W112/><G112/><T28/><D39/><U96/><E62/><V65/><F60/><W111/><G111/><T44/><D85/><U66/><E66/><V82/><F82/><W88/><REACH who="3" step="1"/><G43/><REACH who="3" ten="11,412,162,405" step="2"/><T63/><D3/><U105/><E105/><V109/><F109/><W79/><G79/><N who="0" m="46399" /><D1/><U23/><E23/><V119/><F119/><W130/><G130/><T68/><D68/><U38/><E38/><V116/><F116/><W72/><G72/><T19/><D28/><U25/><E25/><V115/><F115/><W135/><G135/><T11/><D11/><U55/><E74/><V30/><F30/><W14/><G14/><N who="0" m="9559" /><D63/><AGARI ba="0,1" hai="7,10,15,32,34,35,46,47,54,59,63,88,95,97" machi="63" ten="40,8000,1" yaku="1,1,52,1,54,1,53,1" doraHai="56" doraHaiUra="53" who="3" fromWho="0" sc="11,-80,412,0,162,0,405,90" owari="-69,-57.0,412,21.0,162,-24.0,495,60.0" /></mjloggm>