<mjloggm ver="2.3"><GO type="41" lobby="0"/><UN n0="%42%45%4E%44%45%52" n1="%E5%B0%B1%E6%B4%BB%E7%94%9F%40%E5%B7%9D%E6%9D%91%E8%BB%8D%E5%9B%A3" n2="%E5%8D%83%E5%92%8C" n3="%79%6D%69%6C%6B%79" dan="13,15,13,14" rate="1847.25,2011.16,1854.24,1973.00" sx="F,M,M,M"/><TAIKYOKU oya="0"/><INIT seed="0,0,0,5,4,26" ten="250,250,250,250" oya="0" hai0="74,16,13,87,126,107,4,55,85,7,35,132,115" hai1="72,71,75,95,65,130,44,0,10,45,127,23,11" hai2="3,129,80,40,6,94,110,8,68,121,18,28,22" hai3="50,108,5,34,101,25,122,73,104,52,20,99,48"/><T134/><D115/><U98/><E127/><V76/><F68/><W32/><G108/><T106/><D74/><U66/><E130/><V109/><F121/><W51/><G122/><T69/><D69/><U83/><E23/><V58/><F129/><W120/><G120/><T17/><D126/><U63/><E66/><V57/><F40/><W64/><G64/><T135/><D35/><U97/><E97/><V82/><F94/><W70/><G70/><T33/><D33/><U67/><E67/><V78/><F28/><W12/><G73/><T89/><D55/><U56/><E71/><V128/><F128/><W103/><G103/><T53/><D53/><U91/><E75/><V2/><F2/><W30/><G34/><T42/><D42/><U113/><E113/><V61/><F80/><W41/><G41/><T60/><D60/><U119/><E119/><V59/><F61/><W133/><G133/><T15/><D135/><U117/><E117/><V90/><F90/><AGARI ba="0,0" hai="4,7,13,15,16,17,85,87,89,90,106,107,132,134" machi="90" ten="25,4800,0" yaku="22,2,54,1" doraHai="26" who="0" fromWho="2" sc="250,48,250,0,250,-48,250,0" /><INIT seed="0,1,0,2,0,121" ten="298,250,202,250" oya="0" hai0="82,130,92,13,99,109,31,28,104,77,103,33,37" hai1="100,131,9,57,49,91,38,22,119,113,86,20,96" hai2="39,74,120,117,132,4,46,66,101,12,134,94,90" hai3="45,52,11,93,67,60,3,125,128,114,6,78,122"/><T16/><D37/><U87/><E38/><V30/><F120/><W73/><G122/><T1/><D130/><U44/><E113/><V17/><F74/><W84/><G125/><T10/><D109/><U106/><E131/><V43/><F101/><W83/><G128/><T58/><D33/><U81/><E119/><V50/><F4/><W110/><G114/><T5/><D104/><U48/><E9/><V85/><F117/><W25/><G25/><T68/><D68/><U80/><E57/><V133/><F30/><W71/><G93/><T135/><D135/><U2/><E2/><V72/><F72/><W69/><G69/><T115/><D115/><U129/><E129/><V124/><F66/><W53/><G84/><T21/><REACH who="0" step="1"/><D58/><REACH who="0" ten="288,250,202,250" step="2"/><U88/><REACH who="1" step="1"/><E49/><REACH who="1" ten="288,240,202,250" step="2"/><V89/><F50/><W8/><G110/><T26/><D26/><U36/><E36/><V56/><F56/><W64/><G64/><T127/><D127/><U70/><E70/><V42/><F124/><W75/><G75/><AGARI ba="1,2" hai="1,5,10,13,16,21,28,31,75,77,82,92,99,103" machi="75" ten="30,5800,0" yaku="1,1,7,1,54,1,53,0" doraHai="121" doraHaiUra="111" who="0" fromWho="3" sc="288,81,240,0,202,0,250,-61" /><INIT seed="0,2,0,5,4,126" ten="369,240,202,189" oya="0" hai0="115,90,28,7,15,43,100,27,127,11,132,52,16" hai1="121,53,55,9,116,38,114,3,85,6,44,104,120" hai2="134,58,75,95,20,56,21,29,77,113,22,97,117" hai3="125,105,80,19,102,84,78,101,32,89,133,62,74"/><T99/><D127/><U64/><E104/><V98/><F113/><W36/><G125/><T12/><D115/><U130/><E116/><V81/><F117/><W35/><G36/><T103/><D132/><U37/><E114/><V106/><F134/><W71/><G133/><T123/><D43/><U60/><E85/><V119/><F119/><W4/><G4/><T110/><D110/><U31/><E31/><V118/><F118/><W73/><G19/><T51/><D123/><U108/><E108/><V5/><F29/><W107/><G62/><T87/><D99/><U129/><E120/><V49/><F5/><W70/><G70/><T10/><D27/><U41/><E37/><V14/><F14/><W88/><G71/><T111/><D111/><U45/><E121/><V72/><F72/><N who="3" m="27755" /><G32/><T40/><D40/><U34/><E34/><V13/><F13/><W18/><G18/><T24/><D24/><U68/><REACH who="1" step="1"/><E45/><REACH who="1" ten="369,230,202,189" step="2"/><V76/><F106/><N who="3" m="40459" /><G35/><T63/><D28/><U47/><E47/><V54/><F58/><W17/><G17/><T0/><D16/><U69/><E69/><V42/><F42/><W39/><G39/><T79/><D7/><U67/><E67/><V91/><F77/><W48/><G48/><T82/><D51/><U33/><E33/><V50/><F50/><W109/><G109/><T26/><D79/><U124/><E124/><V93/><F20/><W46/><G46/><T96/><D63/><U8/><E8/><V2/><F2/><W65/><G65/><T23/><D0/><U30/><E30/><V59/><F59/><W94/><G78/><RYUUKYOKU ba="2,1" sc="369,-30,230,10,202,10,189,10" hai1="3,6,9,38,41,44,53,55,60,64,68,129,130" hai2="21,22,49,54,56,75,76,81,91,93,95,97,98" hai3="80,84,88,89,94,101,102" /><INIT seed="1,3,1,0,0,0" ten="339,240,212,199" oya="1" hai0="72,97,79,106,128,2,25,5,124,95,69,96,46" hai1="104,98,56,30,8,122,102,86,120,62,118,71,117" hai2="92,53,61,105,24,49,75,48,35,121,10,89,21" hai3="111,83,40,123,18,45,84,55,38,32,65,101,134"/><U9/><E71/><V23/><F105/><W58/><G111/><T14/><D128/><U11/><E30/><V68/><F75/><W70/><G134/><T33/><D124/><U116/><REACH who="1" step="1"/><E86/><REACH who="1" ten="339,230,212,199" step="2"/><V41/><F121/><W94/><G123/><T112/><D69/><U59/><E59/><V87/><F68/><W81/><G32/><T66/><D112/><U107/><E107/><V88/><F35/><W129/><G129/><T57/><D106/><U19/><E19/><V82/><F41/><W103/><G81/><T131/><D57/><U3/><E3/><V51/><F10/><W12/><G94/><T7/><D2/><U76/><E76/><V77/><F77/><W93/><G93/><T1/><D1/><U100/><E100/><V130/><F130/><W125/><G125/><T29/><D131/><U109/><E109/><V28/><F21/><W132/><G132/><T34/><D34/><U52/><AGARI ba="3,2" hai="8,9,11,52,56,62,98,102,104,116,117,118,120,122" machi="52" ten="40,7800,0" yaku="1,1,0,1,54,1,53,0" doraHai="0" doraHaiUra="20" who="1" fromWho="1" sc="339,-29,230,107,212,-29,199,-29" /><INIT seed="1,4,0,0,1,35" ten="310,337,183,170" oya="1" hai0="69,66,16,25,83,95,61,124,89,103,73,48,114" hai1="31,102,34,53,57,9,92,24,49,38,87,12,126" hai2="129,84,22,47,107,15,97,120,115,116,8,65,28" hai3="56,43,99,39,55,59,110,4,80,74,75,13,118"/><U77/><E38/><V96/><F116/><W42/><G110/><T3/><D124/><U93/><E126/><V5/><F120/><W11/><G118/><T29/><D114/><U112/><E112/><V32/><F32/><W63/><G74/><T135/><D135/><U62/><E102/><V17/><F115/><W54/><G39/><T106/><D3/><U44/><E77/><V121/><F121/><W68/><G68/><T26/><D106/><U132/><E87/><V86/><F28/><W122/><G122/><T52/><D73/><U46/><E46/><V79/><F129/><W127/><G127/><T81/><D26/><U105/><E105/><V7/><F65/><W119/><G119/><T130/><D103/><U6/><REACH who="1" step="1"/><E132/><REACH who="1" ten="310,327,183,170" step="2"/><V94/><F107/><W109/><G109/><T58/><D130/><U0/><E0/><V1/><F1/><W19/><G99/><T134/><D134/><U70/><E70/><V67/><F47/><W91/><G75/><T76/><D76/><U50/><E50/><V23/><F79/><W104/><G104/><T20/><D29/><U125/><E125/><V37/><F37/><W14/><G91/><T128/><D128/><U60/><E60/><V71/><F84/><AGARI ba="4,1" hai="16,20,25,48,52,58,61,66,69,81,83,84,89,95" machi="84" ten="30,3900,0" yaku="7,1,54,2" doraHai="35" who="0" fromWho="2" sc="310,61,327,0,183,-51,170,0" /><INIT seed="2,0,0,4,0,131" ten="371,327,132,170" oya="2" hai0="53,92,42,37,68,99,122,74,72,18,80,95,44" hai1="73,20,86,47,1,78,40,17,19,87,69,61,34" hai2="89,134,66,5,76,8,23,102,128,103,26,82,116" hai3="10,133,22,109,113,111,91,115,70,119,50,49,130"/><V88/><F116/><W83/><G70/><T98/><D68/><U120/><E34/><V114/><F114/><N who="3" m="43531" /><G119/><T45/><D122/><U59/><E1/><V85/><F134/><W39/><G39/><T94/><D18/><U124/><E69/><V65/><F128/><W29/><G130/><T30/><D30/><U123/><E73/><V55/><F55/><W12/><G91/><N who="2" m="34889" /><F5/><N who="3" m="3151" /><G83/><T0/><D0/><U46/><E124/><V51/><F51/><W67/><G67/><N who="2" m="25609" /><F8/><W81/><G81/><T2/><D2/><U90/><E78/><V21/><F21/><W135/><G50/><T38/><D80/><U129/><E129/><V54/><F54/><W3/><G49/><T104/><D53/><U60/><E20/><V100/><F100/><W101/><G101/><T84/><D104/><U52/><E61/><V110/><F110/><N who="3" m="41995" /><G3/><T56/><D74/><U107/><E107/><V117/><F117/><W108/><N who="3" m="42003" /><W48/><DORA hai="64" /><G48/><T28/><D72/><U32/><E32/><V43/><F43/><W63/><G63/><T13/><D42/><U112/><E112/><V71/><F71/><W41/><G41/><T24/><D38/><U9/><E40/><V105/><F105/><W126/><G126/><T7/><D37/><U6/><E120/><V97/><F97/><W35/><G35/><T106/><D99/><U132/><E123/><V79/><F79/><W125/><G125/><T96/><D98/><U121/><E121/><V15/><F15/><W27/><AGARI ba="0,0" hai="22,27,29,133,135" m="42003,3151,43531" machi="27" ten="50,12000,2" yaku="11,1,14,1,34,2,52,2" doraHai="131,64" who="3" fromWho="3" sc="371,-30,327,-30,132,-60,170,120" /><INIT seed="3,0,0,3,5,53" ten="341,297,72,290" oya="3" hai0="124,1,76,23,131,11,42,40,47,74,28,115,24" hai1="57,4,107,99,15,46,116,17,118,44,110,25,31" hai2="90,129,111,22,73,13,32,128,2,81,104,102,82" hai3="37,105,51,122,97,43,8,66,39,85,135,0,134"/><W71/><G85/><T55/><D131/><N who="2" m="50250" /><F32/><W48/><G97/><T119/><D124/><U80/><E4/><V21/><F2/><W114/><G105/><T61/><D119/><N who="1" m="45611" /><E110/><V35/><F35/><W58/><G8/><T89/><D115/><U36/><E36/><N who="3" m="13898" /><G0/><T95/><D11/><N who="1" m="6399" /><E80/><V16/><F111/><W12/><G12/><T9/><D9/><U125/><E125/><V5/><F5/><W127/><G127/><T98/><D1/><U33/><E57/><V14/><F73/><W92/><G92/><T117/><D117/><U29/><E29/><V94/><F104/><W52/><G114/><T72/><D76/><U60/><E60/><V84/><F102/><AGARI ba="0,0" hai="25,31,33,44,46,99,102,107" m="6399,45611" machi="102" ten="30,1000,0" yaku="12,1" doraHai="53" who="1" fromWho="2" sc="341,0,297,10,72,-10,290,0" /><INIT seed="4,0,0,0,1,5" ten="341,307,62,290" oya="0" hai0="68,129,3,97,38,31,56,81,72,33,12,101,65" hai1="8,48,51,55,19,4,103,86,132,94,100,82,27" hai2="90,112,11,110,111,66,64,74,77,124,60,104,106" hai3="131,118,120,23,25,37,76,46,102,126,58,22,123"/><T130/><D38/><U109/><E132/><V105/><F112/><W79/><G102/><T43/><D43/><U0/><E109/><V125/><F90/><W10/><G58/><T44/><D44/><U83/><E83/><V99/><F99/><W7/><G46/><T61/><D3/><U91/><E51/><V26/><F26/><W92/><G92/><T127/><D127/><U63/><E63/><V57/><F77/><W114/><G126/><N who="2" m="48745" /><F74/><W95/><G95/><T28/><D12/><U35/><E94/><V30/><F30/><W39/><G118/><T71/><D81/><U6/><E6/><V133/><F133/><W80/><G79/><T13/><D13/><U115/><E115/><V53/><F11/><W88/><G131/><N who="0" m="50187" /><D72/><U128/><E128/><V54/><F54/><W47/><G76/><T17/><D17/><U41/><E41/><V107/><N who="2" m="27136" /><DORA hai="89" /><V40/><F40/><W42/><G39/><T87/><D87/><U45/><REACH who="1" step="1"/><E19/><REACH who="1" ten="341,297,62,290" step="2"/><V14/><F14/><N who="3" m="5471" /><G114/><T121/><D121/><N who="3" m="46665" /><G25/><N who="0" m="18575" /><D31/><AGARI ba="0,1" hai="0,4,8,27,31,35,45,48,55,82,86,91,100,103" machi="31" ten="40,5200,0" yaku="1,1,52,1,53,1" doraHai="5,89" doraHaiUra="50,69" who="1" fromWho="0" sc="341,-52,297,62,62,0,290,0" /><INIT seed="5,0,0,5,0,91" ten="289,359,62,290" oya="1" hai0="84,94,89,2,57,115,88,43,105,123,32,40,96" hai1="16,60,130,79,47,128,81,6,41,72,20,109,121" hai2="31,5,52,68,132,14,129,56,38,93,27,21,76" hai3="101,19,28,63,92,73,70,98,50,33,125,127,11"/><U18/><E121/><V131/><F68/><W61/><G73/><T100/><D115/><U116/><E116/><V107/><F107/><W69/><G28/><T12/><D2/><U13/><E109/><V37/><F76/><W75/><G33/><T24/><D123/><U62/><E6/><V46/><F132/><W26/><G75/><T64/><D89/><U35/><E35/><V106/><F106/><W77/><G77/><T82/><D105/><U80/><E80/><V83/><F83/><W119/><G119/><T58/><D12/><U4/><E4/><V7/><F46/><W86/><G86/><T111/><D111/><U99/><E99/><V104/><F104/><W25/><G50/><T133/><D133/><U102/><E102/><V30/><F30/><W122/><G122/><T66/><D32/><U10/><E128/><N who="2" m="49227" /><F37/><W114/><G114/><T48/><D24/><U112/><E112/><V34/><F38/><W22/><G11/><T110/><D110/><U97/><E130/><V134/><F134/><W39/><G26/><T15/><D15/><U17/><E97/><V85/><F34/><W44/><G70/><T118/><D118/><U45/><E45/><V49/><F14/><W120/><G120/><T95/><D82/><U51/><REACH who="1" step="1"/><E20/><REACH who="1" ten="289,349,62,290" step="2"/><V67/><F67/><N who="0" m="25642" /><D48/><U117/><E117/><V124/><F124/><N who="3" m="47691" /><G69/><T78/><D78/><U90/><E90/><BYE who="1" /><AGARI ba="0,1" hai="5,7,21,27,31,49,52,56,85,90,93" m="49227" machi="90" ten="30,3900,0" yaku="19,1,52,1,54,1" doraHai="91" who="2" fromWho="1" sc="289,0,349,-39,62,49,290,0" /><UN n1="%E5%B0%B1%E6%B4%BB%E7%94%9F%40%E5%B7%9D%E6%9D%91%E8%BB%8D%E5%9B%A3" /><INIT seed="6,0,0,5,1,121" ten="289,310,111,290" oya="2" hai0="99,119,30,64,94,122,93,86,66,116,19,29,28" hai1="47,40,17,18,58,72,108,0,44,81,16,36,68" hai2="135,90,12,111,77,34,117,23,95,27,97,127,49" hai3="43,57,105,84,21,96,88,59,61,114,123,63,4"/><V100/><F117/><N who="0" m="45130" /><D122/><U85/><E68/><V37/><F37/><W104/><G123/><T45/><D45/><U78/><E0/><V7/><F77/><W132/><G43/><T20/><D86/><U120/><E120/><V103/><F135/><W41/><G41/><T112/><D112/><U102/><E108/><V118/><F118/><W106/><G132/><T26/><D94/><U5/><E5/><V31/><F127/><W8/><G114/><T50/><D50/><U131/><E131/><V91/><F49/><W11/><G21/><T89/><AGARI ba="0,0" hai="19,20,26,28,29,30,64,66,89,93,99" m="45130" machi="89" ten="30,1100,0" yaku="12,1" doraHai="121" who="0" fromWho="0" sc="289,11,310,-3,111,-5,290,-3" /><INIT seed="7,0,0,4,1,68" ten="300,307,106,287" oya="3" hai0="57,130,73,116,84,24,97,49,74,27,82,21,19" hai1="71,26,23,109,15,0,2,47,40,16,61,118,62" hai2="48,31,59,125,42,102,52,36,10,67,46,72,95" hai3="123,105,28,56,111,4,107,80,124,43,81,133,88"/><W55/><G123/><T34/><D116/><U134/><E109/><V115/><F72/><W50/><G111/><T99/><D130/><U93/><E134/><V106/><F115/><W66/><G133/><T44/><D57/><U3/><E118/><V114/><F114/><W37/><G124/><T76/><D74/><U103/><E71/><V78/><F78/><W25/><G4/><T92/><D73/><U35/><E103/><V117/><F117/><W98/><G66/><T29/><D92/><U17/><E93/><V1/><F125/><W65/><G65/><T8/><D8/><U132/><E132/><V121/><F121/><W128/><G128/><T127/><D127/><U131/><E131/><V9/><F31/><W33/><G80/><T87/><D87/><U129/><E129/><V86/><F1/><W60/><G37/><T7/><D7/><U11/><REACH who="1" step="1"/><E35/><REACH who="1" ten="300,297,106,287" step="2"/><V110/><F110/><W13/><G13/><T70/><D70/><U96/><E96/><V135/><F135/><W51/><G107/><T126/><D126/><U6/><E6/><V104/><F86/><W112/><G112/><T83/><D83/><U94/><E94/><V53/><F53/><AGARI ba="0,1" hai="19,21,24,27,29,34,44,49,53,76,82,84,97,99" machi="53" ten="30,1000,0" yaku="7,1" doraHai="68" who="0" fromWho="2" sc="300,20,297,0,106,-10,287,0" owari="320,41.0,297,10.0,96,-40.0,287,-11.0" /></mjloggm>