<mjloggm ver="2.3"><GO type="169" lobby="0"/><UN n0="%E2%98%86%E9%80%9F%E6%98%9F%E2%98%86" n1="%E3%82%A6%E3%83%AB%E3%83%88%E3%83%A9%E7%AB%8B%E7%9B%B4" n2="%E3%83%8E%E3%83%B3%E3%83%A9%E3%82%B9%E6%89%93%E6%B3%95" n3="%E3%81%82%E3%81%B2%E3%82%8B%E3%81%95%E3%82%93" dan="16,16,17,16" rate="2075.58,2105.05,2181.73,2098.07" sx="M,M,M,M"/><TAIKYOKU oya="0"/><INIT seed="0,0,0,1,1,98" ten="250,250,250,250" oya="0" hai0="9,74,67,129,6,60,13,49,25,37,125,95,101" hai1="41,127,100,33,59,123,53,30,15,97,120,12,0" hai2="24,133,14,26,65,131,22,106,7,108,105,4,92" hai3="38,10,8,135,44,111,35,104,126,51,80,94,42"/><T122/><D37/><U28/><E0/><V103/><F108/><W57/><G35/><T43/><D122/><U1/><E1/><V34/><F65/><W48/><G104/><T71/><D125/><U124/><E41/><V132/><F34/><W27/><G111/><T70/><D129/><U96/><E33/><V82/><F82/><W47/><G135/><T61/><D74/><U3/><E3/><V56/><F56/><W50/><G126/><T121/><D121/><U39/><E59/><V77/><F77/><W88/><G80/><T118/><D118/><U109/><E109/><V23/><F131/><W11/><G27/><T32/><D49/><U17/><E39/><V79/><F79/><W78/><G78/><T63/><D43/><U99/><E99/><V52/><F92/><W73/><G73/><T29/><REACH who="0" step="1"/><D67/><REACH who="0" ten="240,250,250,250" step="2"/><U2/><E123/><V68/><F132/><W110/><G110/><T89/><D89/><U66/><E120/><V72/><F133/><W46/><G38/><T69/><D69/><U20/><E66/><V54/><F72/><W16/><G42/><T58/><D58/><U18/><E127/><V114/><F68/><W134/><G134/><T85/><D85/><U119/><E124/><V116/><F116/><W40/><G57/><T5/><D5/><U21/><E119/><V91/><F91/><W112/><G40/><T31/><D31/><U64/><E64/><V45/><F4/><W55/><G55/><T128/><D128/><U87/><E53/><V75/><F7/><W130/><G130/><T115/><D115/><U19/><E30/><RYUUKYOKU ba="0,1" sc="240,30,250,-10,250,-10,250,-10" hai0="6,9,13,25,29,32,60,61,63,70,71,95,101" /><INIT seed="0,1,1,5,2,64" ten="270,240,240,240" oya="0" hai0="114,78,57,98,65,37,19,80,110,122,107,77,5" hai1="52,128,28,16,7,1,93,133,74,4,6,81,103" hai2="8,69,30,86,75,131,83,125,51,101,36,34,9" hai3="113,111,41,18,127,22,11,3,42,61,20,135,119"/><T60/><D114/><U17/><E1/><V21/><F36/><W39/><G119/><T26/><D122/><U72/><E28/><V62/><F75/><W79/><G113/><T46/><D110/><U48/><E128/><V29/><F101/><W96/><G111/><T45/><D77/><U0/><E0/><V10/><F51/><W112/><G112/><T108/><D108/><U104/><E104/><V85/><F131/><W88/><G135/><T124/><D5/><U84/><E74/><V33/><F125/><W35/><G35/><T2/><D2/><U117/><E72/><V100/><F100/><W55/><G127/><T53/><D37/><U134/><E117/><V38/><F86/><W132/><G132/><N who="1" m="50794" /><E93/><V123/><F38/><W91/><G39/><T97/><D124/><U43/><E43/><V71/><F62/><W76/><G61/><T66/><D66/><U44/><E103/><V40/><F40/><W54/><G3/><T82/><D82/><U129/><E129/><V105/><F105/><W13/><G42/><T67/><D67/><U32/><E32/><N who="2" m="12395" /><F123/><W106/><G41/><T95/><D107/><U99/><E99/><V47/><F29/><W109/><G109/><T58/><D97/><U25/><E25/><N who="2" m="16687" /><F47/><W12/><G96/><T56/><D46/><U70/><E70/><V94/><F94/><W120/><G106/><T14/><D45/><U121/><E121/><V27/><F27/><W31/><G120/><T115/><D26/><U116/><E116/><V87/><F87/><W90/><G31/><T49/><D115/><U68/><E68/><RYUUKYOKU ba="1,1" sc="270,-15,240,15,240,15,240,-15" hai1="4,6,7,16,17,44,48,52,81,84" hai2="8,9,10,69,71,83,85" /><INIT seed="1,2,1,0,0,123" ten="255,255,255,225" oya="1" hai0="81,28,25,32,85,115,42,134,87,73,119,99,75" hai1="127,72,84,8,51,114,107,77,20,3,102,67,76" hai2="78,0,33,103,39,55,6,16,60,70,52,54,68" hai3="50,74,10,17,82,109,97,106,118,48,91,66,86"/><U11/><E114/><V80/><F39/><W79/><G66/><T129/><D115/><U92/><E3/><V89/><F33/><W121/><G121/><T63/><D119/><U14/><E72/><V108/><F103/><W101/><G118/><T64/><D129/><U15/><E107/><V90/><F0/><W104/><G104/><T62/><D134/><U100/><E67/><V105/><F6/><W44/><G109/><T126/><D126/><U2/><E2/><V133/><F108/><W128/><G128/><T65/><D42/><U1/><E1/><V38/><F38/><W113/><G113/><T59/><D99/><N who="1" m="59495" /><E102/><V111/><F111/><W13/><REACH who="3" step="1"/><G44/><REACH who="3" ten="255,255,255,215" step="2"/><T19/><D19/><U30/><E127/><V27/><F105/><W37/><G37/><T95/><D95/><AGARI ba="2,2" hai="10,13,17,48,50,74,79,82,86,91,95,97,101,106" machi="95" ten="30,7700,0" yaku="1,1,7,1,24,2,53,0" doraHai="123" doraHaiUra="29" who="3" fromWho="0" sc="255,-83,255,0,255,0,215,103" /><INIT seed="2,0,0,0,2,131" ten="172,255,255,318" oya="2" hai0="26,27,35,102,64,22,24,81,9,129,115,52,32" hai1="130,33,99,56,121,28,44,111,58,125,50,117,8" hai2="53,2,40,95,92,67,108,16,124,109,70,20,54" hai3="14,61,106,88,19,91,0,11,3,5,30,89,113"/><V72/><F2/><W68/><G106/><T118/><D64/><U4/><E117/><V73/><F40/><W101/><G101/><T65/><D65/><U122/><E28/><V126/><F67/><W127/><G68/><T25/><D102/><U132/><E33/><N who="0" m="12873" /><D81/><U37/><E37/><V114/><F70/><W31/><G127/><N who="2" m="48681" /><F114/><W120/><G120/><T48/><D52/><N who="2" m="20074" /><F92/><W98/><G113/><T62/><D48/><U75/><E50/><V18/><F95/><W77/><G98/><T103/><D103/><U36/><E99/><V76/><F18/><W94/><G94/><T29/><D62/><U39/><E125/><V13/><F76/><W82/><G61/><T49/><D49/><U128/><E44/><V116/><F116/><W84/><REACH who="3" step="1"/><G0/><REACH who="3" ten="172,255,255,308" step="2"/><T74/><D115/><U15/><E122/><V12/><F12/><W71/><G71/><T34/><D118/><U51/><E15/><V86/><F86/><W110/><G110/><AGARI ba="0,1" hai="13,16,20,72,73,108,109,110" m="20074,48681" machi="110" ten="30,12000,1" yaku="14,1,10,1,18,1,54,2" doraHai="131" who="2" fromWho="3" sc="172,0,255,0,255,130,308,-120" /><INIT seed="2,1,0,0,5,61" ten="172,255,385,188" oya="2" hai0="132,22,72,32,5,45,86,65,77,119,88,126,41" hai1="56,110,98,125,89,25,14,133,116,78,121,95,68" hai2="108,48,60,91,20,84,101,127,74,69,111,2,105" hai3="118,37,97,66,130,55,62,53,59,9,76,26,92"/><V8/><F74/><W102/><G37/><T131/><D32/><U51/><E68/><V16/><F48/><W13/><G130/><T122/><D122/><U94/><E116/><V120/><F120/><W83/><G118/><T70/><D119/><U123/><E110/><N who="2" m="42027" /><F127/><W4/><REACH who="3" step="1"/><G26/><REACH who="3" ten="172,255,385,178" step="2"/><T49/><D131/><U38/><E38/><V44/><F2/><W71/><G71/><T10/><D126/><U117/><E125/><V73/><F73/><AGARI ba="1,1" hai="4,9,13,53,55,59,62,66,73,76,83,92,97,102" machi="73" ten="30,7700,0" yaku="1,1,7,1,52,1,53,1" doraHai="61" doraHaiUra="63" who="3" fromWho="2" sc="172,0,255,0,385,-80,178,90" /><INIT seed="3,0,0,2,1,46" ten="172,255,305,268" oya="3" hai0="134,63,25,119,36,58,117,75,86,108,113,50,0" hai1="34,123,83,109,16,26,100,3,105,56,6,14,41" hai2="96,1,128,21,4,65,23,127,98,52,103,31,104" hai3="59,19,132,102,115,8,133,39,101,118,106,77,42"/><W54/><G115/><T37/><D75/><U79/><E123/><V68/><F96/><W72/><G118/><N who="0" m="45067" /><D0/><U69/><E69/><V43/><F43/><W27/><G106/><T61/><D86/><U48/><E109/><V38/><F38/><N who="0" m="14954" /><D25/><U91/><E91/><V55/><F127/><W110/><G102/><T121/><D121/><U47/><E6/><V30/><F128/><W87/><G72/><T2/><D2/><U70/><E70/><V130/><F130/><W131/><G131/><T80/><D80/><U73/><E3/><V88/><F4/><W62/><G101/><T90/><D90/><U13/><E100/><V99/><F1/><W114/><G114/><T71/><D113/><U112/><E105/><V94/><F68/><W32/><G77/><T76/><D76/><U85/><E73/><V5/><F65/><W74/><G74/><T11/><D11/><U66/><E34/><V129/><F5/><W20/><G87/><T18/><D18/><U81/><E81/><V60/><F129/><W111/><G32/><T84/><D84/><U53/><E66/><V125/><F125/><W33/><G33/><T51/><D134/><N who="3" m="51817" /><G8/><T44/><D108/><N who="3" m="41513" /><G39/><T15/><D15/><U7/><E112/><V10/><F10/><W64/><G64/><N who="0" m="41375" /><D44/><U24/><E13/><V126/><F104/><W120/><G120/><T45/><D45/><U49/><E7/><V9/><F103/><W135/><N who="3" m="51825" /><W122/><DORA hai="40" /><G122/><T93/><D93/><U92/><E92/><V35/><F94/><W95/><G95/><T17/><D17/><U22/><AGARI ba="0,0" hai="14,16,22,24,26,41,47,48,49,53,56,79,83,85" machi="22" ten="20,16000,3" yaku="5,1,0,1,7,1,8,1,52,3,54,1" doraHai="46,40" who="1" fromWho="1" sc="172,-40,255,160,305,-40,268,-80" /><INIT seed="4,0,0,2,4,40" ten="132,415,265,188" oya="0" hai0="32,6,113,109,30,70,103,36,11,68,25,43,45" hai1="46,91,115,18,3,107,118,12,78,15,54,21,83" hai2="7,82,62,89,98,65,23,94,41,80,50,95,100" hai3="120,67,135,53,0,112,19,58,5,133,10,69,101"/><T116/><D116/><U117/><E3/><V110/><F7/><W124/><G69/><T63/><D113/><U2/><E107/><V44/><F23/><W84/><G67/><T48/><D109/><U4/><E2/><V90/><F110/><W16/><G101/><T88/><D103/><U60/><E115/><V77/><F77/><W61/><G112/><T22/><D63/><U9/><E91/><V1/><F1/><W37/><G37/><T34/><D68/><U66/><E54/><V114/><F114/><W126/><G84/><T64/><D64/><U57/><E46/><V96/><REACH who="2" step="1"/><F100/><REACH who="2" ten="132,415,255,188" step="2"/><W106/><G120/><T27/><D70/><AGARI ba="0,1" hai="41,44,50,62,65,70,80,82,89,90,94,95,96,98" machi="70" ten="30,12000,2" yaku="1,1,2,1,7,1,9,1,52,1,53,1" doraHai="40" doraHaiUra="56" who="2" fromWho="0" sc="132,-120,415,0,255,130,188,0" /><INIT seed="5,0,0,2,5,79" ten="12,415,385,188" oya="1" hai0="2,122,58,125,22,4,108,0,13,12,86,126,83" hai1="18,29,67,1,40,78,5,30,70,105,25,11,64" hai2="88,104,110,7,19,92,96,106,118,53,120,91,97" hai3="134,74,57,133,76,51,10,9,131,130,33,63,82"/><U121/><E105/><V90/><F110/><W20/><G33/><T21/><D108/><U56/><E121/><V27/><F120/><W107/><G107/><T14/><D58/><U26/><E70/><V109/><F109/><W116/><G51/><T135/><D122/><U127/><E127/><N who="0" m="48649" /><D135/><N who="3" m="51721" /><G20/><N who="0" m="7787" /><D86/><U16/><E40/><V95/><F27/><N who="1" m="10249" /><E78/><V54/><F19/><N who="1" m="7209" /><E56/><V8/><F118/><W103/><G116/><T36/><D36/><U128/><E67/><V35/><F35/><W38/><G38/><T75/><D75/><U47/><E47/><V115/><F106/><W119/><G119/><T99/><D99/><U28/><E64/><V46/><F104/><W42/><G42/><T24/><D83/><U41/><E41/><V87/><F96/><W43/><G43/><T129/><D129/><AGARI ba="0,0" hai="1,5,11,28,29,30,128,129" m="7209,10249" machi="129" ten="40,7700,0" yaku="34,2,54,1" doraHai="79" who="1" fromWho="0" sc="12,-77,415,77,385,0,188,0" owari="-65,-57.0,492,59.0,385,19.0,188,-21.0" /></mjloggm>