<mjloggm ver="2.3"><GO type="193" lobby="0"/><UN n0="%42%72%69%74%7A" n1="%E5%B0%B1%E6%B4%BB%E7%94%9F%40%E5%B7%9D%E6%9D%91%E8%BB%8D%E5%9B%A3" n2="%E3%82%8A%E3%82%87%E3%83%BC" n3="%E3%81%8D%E3%81%84%E3%81%84%E3%81%84" dan="11,12,12,11" rate="1681.81,1811.71,1681.52,1610.18" sx="M,M,M,M"/><TAIKYOKU oya="0"/><INIT seed="0,0,0,2,4,25" ten="250,250,250,250" oya="0" hai0="12,28,87,75,21,73,57,132,48,5,127,58,62" hai1="29,130,42,128,47,43,6,32,44,70,117,122,110" hai2="55,74,0,125,118,67,34,134,92,38,53,113,68" hai3="20,107,63,59,54,17,45,3,116,51,33,109,72"/><T66/><D132/><U111/><E70/><V40/><RYUUKYOKU type="yao9" ba="0,0" sc="250,0,250,0,250,0,250,0" hai2="0,34,38,40,53,55,67,68,74,92,113,118,125,134" /><INIT seed="0,1,0,1,1,117" ten="250,250,250,250" oya="0" hai0="39,64,9,105,51,8,58,21,18,103,63,128,27" hai1="15,82,100,67,84,71,37,40,102,43,98,23,80" hai2="20,118,133,111,32,130,94,2,86,34,54,49,30" hai3="78,97,104,65,56,17,88,120,5,121,50,13,135"/><T19/><D128/><U131/><E131/><V31/><F2/><W1/><G78/><T57/><D39/><U132/><E132/><V119/><F130/><W122/><G135/><T129/><D105/><U42/><E37/><V92/><F133/><W38/><G38/><T62/><D129/><U46/><E71/><V134/><F134/><W72/><G72/><T73/><D51/><U41/><E67/><V48/><F86/><W16/><G1/><T53/><D73/><U59/><E59/><V76/><F20/><W126/><G126/><T114/><D114/><U24/><E15/><V55/><F76/><W110/><G110/><AGARI ba="1,0" hai="30,31,32,34,48,49,54,55,92,94,110,111,118,119" machi="110" ten="25,1600,0" yaku="22,2" doraHai="117" who="2" fromWho="3" sc="250,0,250,0,250,19,250,-19" /><INIT seed="1,0,0,4,0,96" ten="250,250,269,231" oya="1" hai0="118,101,84,107,17,2,109,108,76,69,11,131,48" hai1="114,16,54,67,23,94,58,72,30,0,92,113,74" hai2="61,35,87,21,106,24,5,63,121,105,102,59,71" hai3="53,37,22,119,97,112,103,93,65,70,135,82,110"/><U88/><E0/><V122/><F5/><W66/><G112/><T3/><D118/><U120/><E120/><V29/><F106/><W7/><G37/><T10/><D131/><U43/><E43/><V132/><F132/><W47/><G119/><T9/><D69/><U95/><E67/><V49/><F49/><W33/><G33/><T28/><D17/><U78/><E30/><V134/><F134/><W85/><G135/><T99/><D28/><U111/><E111/><N who="0" m="42569" /><D48/><U14/><E113/><V81/><F63/><W77/><G110/><T50/><D50/><N who="1" m="31063" /><E114/><V117/><F117/><W1/><G70/><T26/><D26/><U75/><E78/><V123/><F21/><W27/><G7/><T124/><D124/><U86/><AGARI ba="0,0" hai="14,16,23,72,74,75,86,88,92,94,95" m="31063" machi="86" ten="30,6000,0" yaku="25,1,54,2" doraHai="96" who="1" fromWho="1" sc="250,-20,250,60,269,-20,231,-20" /><INIT seed="1,1,0,3,1,40" ten="230,310,249,211" oya="1" hai0="58,124,9,10,100,36,42,33,37,79,95,48,114" hai1="74,106,90,91,103,17,2,115,64,121,66,5,63" hai2="0,11,130,117,128,113,4,62,7,68,32,111,125" hai3="82,20,88,102,61,98,47,77,29,1,133,73,26"/><U132/><E121/><V28/><F68/><W70/><G1/><T34/><D124/><U120/><E74/><V45/><F117/><W57/><G133/><T39/><D114/><U24/><E132/><V13/><F113/><W131/><G70/><T14/><D79/><U60/><E120/><V15/><F62/><W107/><G131/><T109/><D109/><U134/><E115/><V99/><F99/><W116/><G116/><T38/><D58/><U97/><E134/><V71/><F71/><W118/><G118/><T3/><D3/><U25/><E2/><V104/><F104/><W18/><G88/><T21/><D21/><U12/><E5/><V53/><F53/><W51/><G29/><T52/><D42/><U44/><E63/><V50/><F0/><W54/><REACH who="3" step="1"/><G61/><REACH who="3" ten="230,310,249,201" step="2"/><T59/><D10/><U76/><E90/><V81/><F11/><W83/><G83/><T19/><N who="0" m="9728" /><DORA hai="35" /><T8/><REACH who="0" step="1"/><D8/><REACH who="0" ten="220,310,249,201" step="2"/><U55/><E76/><V89/><F130/><W93/><G93/><T49/><D49/><U85/><E66/><V112/><F50/><W72/><G72/><T101/><D101/><U105/><E64/><V43/><F128/><W84/><G84/><T22/><D22/><U23/><E106/><V86/><F86/><W110/><G110/><T65/><D65/><U56/><E85/><V16/><F111/><W96/><G96/><AGARI ba="1,2" hai="9,14,19,33,34,48,52,59,95,96,100" m="9728" machi="96" ten="70,8000,1" yaku="1,1,54,1,53,1" doraHai="40,35" doraHaiUra="80,46" who="0" fromWho="3" sc="220,103,310,0,249,0,201,-83" /><INIT seed="2,0,0,4,2,127" ten="323,310,249,118" oya="2" hai0="5,111,119,54,74,34,120,135,98,24,73,134,19" hai1="23,105,16,97,1,21,25,48,118,63,13,35,91" hai2="43,78,65,89,115,112,123,113,32,102,44,107,101" hai3="40,27,83,77,38,62,7,114,116,75,110,46,26"/><V67/><F123/><W106/><G114/><T47/><D120/><U69/><E118/><V14/><F32/><W60/><G106/><T50/><D119/><U87/><E1/><V95/><F78/><W6/><G116/><T64/><D111/><U88/><E35/><V61/><F14/><W104/><G104/><T99/><D5/><U49/><E69/><V17/><F17/><W86/><G110/><T51/><D64/><U90/><E63/><V85/><F107/><W33/><G33/><T9/><D9/><U0/><E0/><V128/><F67/><W3/><G86/><T30/><D19/><U133/><E133/><N who="0" m="50697" /><D51/><U18/><REACH who="1" step="1"/><E87/><REACH who="1" ten="323,300,249,118" step="2"/><V84/><F85/><W28/><G7/><T117/><D117/><U12/><E12/><V131/><F61/><W31/><G26/><T93/><D99/><U71/><E71/><V121/><F121/><W11/><REACH who="3" step="1"/><G28/><REACH who="3" ten="323,300,249,108" step="2"/><T66/><D66/><U39/><E39/><N who="2" m="21631" /><F65/><W76/><G76/><T8/><D8/><U22/><E22/><V36/><F36/><W92/><G92/><T20/><D20/><U55/><E55/><V29/><F29/><W96/><G96/><T100/><AGARI ba="0,2" hai="24,30,34,47,50,54,73,74,93,98,100" m="50697" machi="100" ten="30,1100,0" yaku="20,1" doraHai="127" who="0" fromWho="0" sc="323,31,300,-3,249,-5,108,-3" /><INIT seed="3,0,0,4,0,52" ten="354,297,244,105" oya="3" hai0="103,73,31,104,54,80,62,116,42,120,135,69,79" hai1="111,108,123,64,81,29,37,67,127,97,8,40,125" hai2="101,60,134,74,24,2,124,28,63,78,34,13,77" hai3="118,3,47,75,66,5,57,95,83,88,0,17,1"/><W128/><G118/><T96/><D120/><U10/><E29/><V113/><F2/><W56/><G47/><T4/><D116/><U59/><E123/><V84/><F113/><W65/><G5/><T18/><D135/><U44/><E81/><V50/><F134/><W36/><G36/><T90/><D54/><U94/><E10/><V53/><F74/><W126/><G17/><T16/><D4/><U93/><E8/><V38/><F38/><W114/><G114/><T45/><D31/><U49/><E94/><V102/><F124/><N who="1" m="47689" /><E93/><V39/><F39/><W72/><G126/><T109/><D109/><N who="1" m="42059" /><E97/><V15/><F15/><W26/><G26/><T27/><D27/><U107/><E107/><V11/><F101/><W7/><G7/><T61/><D90/><U68/><E68/><V46/><F102/><W119/><G119/><T117/><D117/><U35/><E35/><V98/><F98/><W51/><G128/><T122/><D122/><U92/><E92/><V14/><F14/><W76/><G75/><T25/><D69/><U106/><E106/><V86/><F78/><W33/><G33/><T115/><D25/><U22/><E22/><V89/><F77/><W129/><G129/><T21/><D96/><U82/><E82/><V70/><F70/><W99/><REACH who="3" step="1"/><G51/><REACH who="3" ten="354,297,244,95" step="2"/><T9/><D18/><U105/><E105/><V23/><F34/><W131/><G131/><T110/><D16/><U32/><E32/><V121/><F121/><W58/><AGARI ba="0,1" hai="0,1,3,56,57,58,65,66,72,76,83,88,95,99" machi="58" ten="40,18000,2" yaku="1,1,0,1,52,3,54,1,53,0" doraHai="52" doraHaiUra="130" who="3" fromWho="3" sc="354,-60,297,-60,244,-60,95,190" /><INIT seed="3,1,0,0,0,90" ten="294,237,184,285" oya="3" hai0="125,131,112,8,105,42,35,65,72,85,91,106,11" hai1="97,100,70,113,0,126,33,1,60,108,89,10,135" hai2="68,96,43,128,132,94,14,63,75,13,82,55,18" hai3="121,12,133,107,84,34,67,122,86,53,64,79,22"/><W54/><G107/><T16/><D131/><U23/><E113/><V111/><F128/><W38/><G34/><T26/><D125/><U95/><E126/><V51/><F132/><W41/><G38/><T119/><D112/><U101/><E135/><V61/><F111/><W62/><G133/><T19/><D119/><U80/><E108/><V57/><F75/><W47/><G121/><T44/><D72/><U58/><E33/><V109/><F109/><W3/><G3/><T29/><D65/><N who="3" m="25161" /><G62/><T74/><D74/><U88/><E70/><V71/><F71/><W103/><G122/><T37/><D106/><U116/><E116/><V129/><F68/><W50/><G103/><T114/><D105/><U59/><E23/><V7/><F129/><W52/><G79/><T115/><D114/><U36/><E36/><V5/><F43/><W49/><G49/><T48/><D37/><U6/><E0/><V81/><F61/><W30/><G12/><T32/><D32/><U2/><E2/><V69/><F69/><W45/><G45/><T87/><D115/><U93/><E80/><V24/><F51/><W4/><G4/><T130/><D130/><U124/><E124/><V120/><F120/><W27/><AGARI ba="1,0" hai="22,27,30,41,47,50,52,53,54,84,86" m="25161" machi="27" ten="30,3000,0" yaku="8,1,54,1" doraHai="90" who="3" fromWho="3" sc="294,-11,237,-11,184,-11,285,33" owari="283,8.0,226,-17.0,173,-33.0,318,42.0" /></mjloggm>