<mjloggm ver="2.3"><GO type="97" lobby="0"/><UN n0="%E3%82%A6%E3%83%AB%E3%83%88%E3%83%A9%E7%AB%8B%E7%9B%B4" n1="%4D%4B%42%4B" n2="%E7%B7%91%E9%BE%8D%E8%99%8E" n3="%E4%BC%B4%E9%81%93%E5%85%A8%E6%95%99%E6%8E%88" dan="15,13,14,14" rate="2070.73,1920.55,1898.10,1961.20" sx="M,M,M,M"/><TAIKYOKU oya="0"/><INIT seed="0,0,0,4,3,4" ten="250,250,250,250" oya="0" hai0="33,70,67,73,103,135,30,83,25,20,115,96,47" hai1="121,104,75,93,35,2,72,49,128,12,8,43,126" hai2="45,65,42,38,71,21,31,36,19,9,84,97,44" hai3="100,61,117,120,5,3,7,98,60,88,122,34,114"/><T111/><D115/><U14/><E121/><N who="3" m="46698" /><G34/><T125/><D125/><U58/><E35/><V90/><F71/><W15/><G114/><T123/><D123/><U13/><E104/><V86/><F65/><W24/><G24/><T53/><D135/><U52/><E126/><V6/><F31/><W63/><G117/><T68/><D111/><U17/><E128/><V0/><F97/><W80/><G3/><T116/><D116/><U55/><E43/><V118/><F118/><W108/><G7/><T46/><D20/><U51/><E2/><V85/><F38/><W77/><G108/><T76/><D53/><U26/><E93/><V107/><F107/><W113/><G113/><T62/><D70/><U79/><E79/><V59/><F59/><W112/><G112/><T133/><REACH who="0" step="1"/><D133/><REACH who="0" ten="240,250,250,250" step="2"/><U56/><E26/><V119/><F119/><W66/><G66/><T101/><D101/><U11/><REACH who="1" step="1"/><E13/><REACH who="1" ten="240,240,250,250" step="2"/><V23/><F23/><W28/><G15/><T110/><D110/><U130/><E130/><V95/><F45/><W57/><G77/><T32/><D32/><U48/><E48/><V109/><F109/><W105/><G63/><T54/><D54/><U106/><E106/><AGARI ba="0,2" hai="25,30,33,46,47,62,67,68,73,76,83,96,103,106" machi="106" ten="30,11600,0" yaku="1,1,7,1,25,2,53,0" doraHai="4" doraHaiUra="39" who="0" fromWho="1" sc="240,136,240,-116,250,0,250,0" /><INIT seed="0,1,0,0,4,35" ten="376,124,250,250" oya="0" hai0="117,92,111,5,112,130,26,127,3,43,96,4,29" hai1="50,77,109,102,41,49,28,36,24,124,10,126,17" hai2="46,133,78,82,118,68,60,105,57,19,71,135,62" hai3="89,45,25,63,52,121,32,33,7,34,99,55,108"/><T131/><D117/><U129/><E36/><V94/><F105/><W12/><G108/><T37/><D112/><U11/><E109/><V14/><F94/><W51/><G25/><T83/><D111/><U88/><E102/><V72/><F46/><W64/><G121/><T98/><D4/><U44/><E77/><V134/><F118/><W120/><G120/><T65/><D65/><U115/><E115/><V84/><F72/><W123/><G123/><T31/><D31/><U39/><E129/><V22/><F62/><W23/><G23/><T27/><D27/><U38/><E38/><V91/><F78/><W1/><G12/><T125/><D83/><U110/><E110/><V114/><REACH who="2" step="1"/><F114/><REACH who="2" ten="376,124,240,250" step="2"/><W40/><G99/><T85/><D96/><U47/><E39/><V30/><F30/><W42/><G89/><T61/><D61/><U76/><E76/><V54/><AGARI ba="1,1" hai="14,19,22,54,57,60,68,71,82,84,91,133,134,135" machi="54" ten="30,4000,0" yaku="1,1,0,1,20,1,53,0" doraHai="35" doraHaiUra="21" who="2" fromWho="2" sc="376,-21,124,-11,240,53,250,-11" /><INIT seed="1,0,0,5,2,82" ten="355,113,293,239" oya="1" hai0="90,122,53,106,20,33,62,89,69,129,15,32,131" hai1="109,19,88,71,51,17,135,38,127,132,0,110,107" hai2="134,14,101,63,47,81,97,117,60,121,52,16,18" hai3="66,130,61,87,77,93,41,115,128,123,124,50,13"/><U75/><E0/><V43/><F134/><N who="1" m="51241" /><E38/><V100/><F117/><W76/><G123/><T86/><D106/><U85/><E71/><V25/><F121/><W40/><G115/><T46/><D122/><U8/><E107/><V30/><F63/><W118/><G124/><T21/><D90/><U108/><E75/><V2/><F2/><W105/><G105/><T78/><D78/><N who="3" m="30313" /><G13/><T34/><D15/><N who="1" m="7399" /><E127/><V112/><F81/><W116/><G50/><N who="0" m="28887" /><D62/><U7/><E7/><V55/><F112/><W35/><G35/><T94/><D69/><U44/><E19/><V111/><F111/><W68/><G40/><T73/><D73/><U133/><N who="1" m="51249" /><U64/><DORA hai="58" /><E64/><V3/><F3/><W31/><G41/><T102/><D102/><N who="2" m="39530" /><F97/><W36/><G36/><T103/><D103/><U80/><E51/><N who="2" m="28799" /><F43/><W74/><G74/><T120/><D120/><U92/><E44/><V48/><F48/><W125/><G31/><T98/><D98/><U39/><E39/><V54/><F54/><W10/><G125/><T9/><D9/><U70/><E70/><V24/><F18/><W11/><G10/><T56/><D56/><U28/><E28/><V5/><F30/><W23/><G11/><T114/><D114/><U91/><E91/><V113/><F113/><W95/><G23/><T67/><D67/><U72/><E72/><V126/><F126/><W42/><G118/><T99/><D99/><U6/><E6/><V57/><F5/><W29/><G116/><T84/><D21/><AGARI ba="0,0" hai="14,16,21,24,25,55,57,60" m="28799,39530" machi="21" ten="30,7700,0" yaku="8,1,52,1,54,2" doraHai="82,58" who="2" fromWho="0" sc="355,-77,113,0,293,77,239,0" /><INIT seed="2,0,0,1,3,54" ten="278,113,370,239" oya="2" hai0="105,19,94,96,1,32,115,76,20,68,125,99,52" hai1="39,62,28,22,40,35,97,65,81,71,82,75,38" hai2="98,6,24,93,8,60,121,46,135,110,14,100,91" hai3="111,72,31,43,108,73,106,13,90,126,120,119,128"/><V86/><F121/><W10/><G120/><T131/><D68/><U112/><E112/><V133/><F110/><N who="3" m="42027" /><G106/><T84/><D32/><U66/><E66/><V85/><F46/><W87/><G119/><T101/><D1/><U107/><E81/><V47/><F47/><W7/><G126/><T118/><D115/><U34/><E22/><V80/><F24/><W70/><G70/><T92/><D131/><U44/><E39/><V16/><F6/><W122/><G122/><T3/><D3/><U132/><E132/><V23/><F8/><W15/><G31/><T50/><D125/><U9/><E9/><V123/><F123/><W79/><G79/><T37/><D37/><U61/><E61/><V18/><F18/><W124/><G124/><T55/><D118/><U56/><E28/><V127/><F127/><W114/><G114/><T45/><D105/><U36/><E36/><V109/><F109/><W11/><G43/><T129/><D129/><U4/><E4/><V27/><F27/><W51/><G51/><T78/><D84/><U21/><E21/><V25/><F25/><W5/><G128/><T53/><D76/><U64/><E64/><V0/><F0/><W83/><AGARI ba="0,0" hai="5,7,10,11,13,15,72,73,83,87,90" m="42027" machi="83" ten="30,1100,0" yaku="14,1" doraHai="54" who="3" fromWho="3" sc="278,-3,113,-3,370,-5,239,11" /><INIT seed="3,0,0,1,1,114" ten="275,110,365,250" oya="3" hai0="120,63,5,61,34,77,133,89,1,13,15,32,29" hai1="18,10,85,82,75,27,111,107,79,91,54,33,108" hai2="129,110,2,17,72,59,92,113,98,74,70,106,109" hai3="130,19,31,47,30,102,8,71,44,43,21,48,78"/><W105/><G71/><T118/><D77/><U64/><E64/><V6/><F70/><W93/><G105/><T51/><D51/><U26/><E107/><V0/><F113/><W38/><G130/><T66/><D89/><U14/><E111/><N who="2" m="42507" /><F106/><W58/><G78/><T115/><D66/><U119/><E119/><V68/><F68/><W37/><G8/><T97/><D97/><U35/><E108/><V16/><F129/><W135/><G135/><T67/><D67/><U83/><E35/><V94/><F59/><W25/><G58/><T84/><D29/><U28/><E27/><V132/><F132/><W9/><G9/><T53/><D84/><U125/><E125/><V22/><F22/><W42/><G48/><T73/><D73/><N who="2" m="28266" /><F6/><W46/><REACH who="3" step="1"/><G47/><REACH who="3" ten="275,110,365,240" step="2"/><T128/><D128/><U90/><E54/><V55/><F55/><W122/><G122/><T50/><D53/><U12/><E12/><V103/><F2/><W121/><G121/><T127/><D50/><U124/><E124/><V86/><F0/><W39/><G39/><T126/><D1/><U23/><E33/><V4/><F4/><W69/><G69/><T49/><D49/><U40/><E40/><V123/><F123/><W62/><G62/><T80/><D120/><U11/><E11/><V117/><F117/><W96/><AGARI ba="0,1" hai="19,21,25,30,31,37,38,42,43,44,46,93,96,102" machi="96" ten="30,11700,0" yaku="1,1,0,1,9,1,53,1" doraHai="114" doraHaiUra="20" who="3" fromWho="3" sc="275,-39,110,-39,365,-39,240,127" owari="236,-16.0,71,-43.0,326,13.0,367,46.0" /></mjloggm>