<mjloggm ver="2.3"><GO type="97" lobby="0"/><UN n0="%E5%B0%B1%E6%B4%BB%E7%94%9F%40%E5%B7%9D%E6%9D%91%E8%BB%8D%E5%9B%A3" n1="%E7%BE%85%E5%88%B9" n2="%E9%9B%80%E8%B1%AA%E3%83%A2%E3%83%AA%E3%82%AE" n3="%E5%86%86%E6%A5%BD%EF%BC%A0%E6%A5%BD%E5%A4%A9" dan="13,14,13,15" rate="1853.68,1939.32,1874.07,2032.15" sx="M,M,M,M"/><TAIKYOKU oya="0"/><INIT seed="0,0,0,5,5,21" ten="250,250,250,250" oya="0" hai0="46,36,111,132,107,123,58,92,59,98,0,57,128" hai1="17,35,64,88,115,76,39,73,48,42,116,83,82" hai2="3,52,20,84,80,10,127,106,11,28,109,29,34" hai3="8,1,124,19,97,56,41,16,9,43,102,51,27"/><T93/><D123/><U130/><E35/><V125/><F106/><W49/><G124/><N who="2" m="47689" /><F109/><W103/><G1/><T4/><D128/><U112/><E116/><V135/><F135/><W7/><G56/><T40/><D132/><U96/><E39/><V79/><F34/><W89/><G89/><T14/><D111/><U66/><E130/><V113/><F113/><N who="1" m="43593" /><E17/><V26/><F29/><W15/><G97/><T75/><D75/><U122/><E122/><V133/><F133/><W31/><G31/><T91/><D0/><U72/><E42/><V121/><F3/><W117/><G117/><T68/><D68/><U50/><E96/><V99/><F99/><W45/><G7/><T22/><D107/><U18/><E18/><V32/><F32/><W110/><G110/><T104/><D104/><U87/><E73/><V61/><F121/><W131/><G131/><T71/><D71/><U44/><E44/><V119/><F119/><W94/><G94/><T55/><D93/><U85/><E72/><V77/><F77/><W126/><G126/><T67/><D67/><AGARI ba="0,0" hai="48,50,64,66,67,76,82,83,85,87,88" m="43593" machi="67" ten="30,2000,0" yaku="11,1,54,1" doraHai="21" who="1" fromWho="0" sc="250,-20,250,20,250,0,250,0" /><INIT seed="1,0,0,2,0,13" ten="230,270,250,250" oya="1" hai0="88,50,90,34,2,104,115,54,21,107,91,81,79" hai1="117,57,12,1,20,133,98,92,27,15,59,103,24" hai2="93,118,18,87,49,9,39,26,67,77,25,83,121" hai3="66,14,10,60,52,8,7,114,38,65,63,16,35"/><U28/><E1/><V61/><F121/><W6/><G38/><T55/><D34/><U73/><E73/><V71/><F39/><W101/><G35/><T30/><D115/><U132/><E117/><V17/><F118/><W129/><G114/><T74/><D2/><U23/><E59/><V89/><F49/><W95/><G129/><T131/><D131/><U31/><REACH who="1" step="1"/><E57/><REACH who="1" ten="230,260,250,250" step="2"/><V76/><F76/><W126/><G126/><T5/><D5/><U111/><E111/><V100/><F100/><W0/><G101/><T62/><D62/><U78/><E78/><V69/><F69/><W68/><G0/><T43/><D104/><U40/><E40/><V51/><F51/><W4/><G68/><T46/><REACH who="0" step="1"/><D107/><REACH who="0" ten="220,260,250,250" step="2"/><U86/><E86/><V113/><F113/><W22/><G4/><T45/><D45/><U116/><E116/><V110/><F110/><W72/><G6/><T47/><D47/><U53/><E53/><V75/><F61/><W94/><G7/><T36/><D36/><U80/><E80/><V99/><F71/><W112/><G112/><T64/><D64/><U135/><AGARI ba="0,2" hai="12,15,20,23,24,27,28,31,92,98,103,132,133,135" machi="135" ten="30,11700,0" yaku="1,1,0,1,9,1,20,1,53,0" doraHai="13" doraHaiUra="123" who="1" fromWho="1" sc="220,-39,260,137,250,-39,250,-39" /><INIT seed="1,1,0,3,5,126" ten="181,397,211,211" oya="1" hai0="35,15,30,26,107,25,131,34,12,128,3,50,16" hai1="11,39,58,57,124,14,51,10,20,89,68,104,17" hai2="101,96,59,105,91,33,102,32,92,31,73,122,72" hai3="54,43,116,98,64,38,48,127,77,60,132,27,119"/><U135/><E39/><V130/><F130/><N who="0" m="49706" /><D107/><U61/><E104/><V125/><F125/><W13/><G127/><T65/><D65/><U97/><E135/><V9/><F122/><W5/><G77/><T2/><D50/><U23/><E68/><V46/><F46/><W45/><G27/><T106/><D106/><U22/><E124/><V114/><F114/><W70/><G98/><T108/><D108/><U19/><E51/><V24/><F33/><W40/><G132/><T69/><D69/><U28/><E28/><V55/><F101/><W129/><G129/><T44/><D44/><U75/><E75/><V78/><F9/><N who="1" m="3081" /><E14/><N who="0" m="5161" /><D35/><U93/><E58/><V118/><F118/><N who="3" m="45099" /><G38/><T85/><D85/><U62/><E61/><V94/><F105/><W133/><G133/><T29/><D29/><U47/><E47/><V113/><F113/><W112/><G112/><T7/><D7/><U63/><E63/><V117/><F117/><W99/><G60/><T86/><D86/><U56/><E56/><V6/><F6/><W110/><G64/><AGARI ba="1,0" hai="17,19,20,22,23,57,62,64,89,93,97" m="3081" machi="64" ten="30,1500,0" yaku="8,1" doraHai="126" who="1" fromWho="3" sc="181,0,397,18,211,0,211,-18" /><INIT seed="1,2,0,1,0,45" ten="181,415,211,193" oya="1" hai0="103,17,26,91,0,117,121,88,55,25,76,119,77" hai1="135,43,18,83,5,36,70,104,60,80,14,107,124" hai2="125,102,62,89,10,109,96,105,2,11,59,110,115" hai3="42,30,86,6,79,129,12,27,1,63,118,133,114"/><U23/><E135/><V48/><F115/><W100/><G114/><T47/><D0/><U120/><E120/><V37/><F37/><W112/><G112/><T29/><D121/><U68/><E124/><V9/><F125/><W98/><G129/><T67/><D67/><U85/><E5/><V34/><F34/><W57/><G133/><T64/><D64/><U24/><E70/><V94/><F2/><W54/><G118/><T69/><D69/><U22/><E68/><V95/><F105/><W28/><G1/><T72/><D72/><U61/><E107/><V41/><F41/><W58/><G42/><T111/><D111/><U130/><E104/><V127/><F127/><W51/><G86/><T33/><D103/><U3/><E3/><V74/><F74/><W122/><G79/><T108/><D108/><U4/><E36/><V66/><F109/><W131/><G131/><T19/><D33/><U46/><E83/><V99/><F110/><W8/><G122/><T123/><D123/><U134/><E134/><V21/><F21/><W49/><G57/><T113/><D113/><U20/><E130/><V65/><F65/><W128/><G128/><T116/><D55/><U16/><E22/><V53/><F66/><W32/><REACH who="3" step="1"/><G28/><REACH who="3" ten="181,415,211,183" step="2"/><T50/><D29/><U71/><E71/><V13/><F13/><W35/><G35/><T40/><D77/><U31/><E31/><V52/><F53/><W93/><AGARI ba="2,1" hai="6,8,12,27,30,32,49,51,54,58,63,93,98,100" machi="93" ten="20,8000,1" yaku="1,1,0,1,7,1,52,2,53,0" doraHai="45" doraHaiUra="78" who="3" fromWho="3" sc="181,-22,415,-42,211,-22,183,96" /><INIT seed="2,0,0,3,2,19" ten="159,373,189,279" oya="2" hai0="50,56,133,103,11,43,58,114,77,98,24,37,55" hai1="89,23,79,16,70,129,97,49,110,41,131,120,7" hai2="35,47,30,82,5,45,0,22,51,31,94,135,74" hai3="27,91,99,18,15,1,21,128,132,75,134,117,115"/><V40/><F35/><W36/><G75/><T54/><D114/><U130/><E70/><V119/><F119/><W12/><G36/><T63/><D133/><N who="3" m="51305" /><G117/><T121/><D121/><U105/><E7/><V101/><F135/><W96/><G115/><T112/><D112/><U57/><E79/><N who="2" m="44407" /><F101/><W78/><G78/><T72/><D72/><U127/><E120/><V39/><F94/><W38/><G38/><T92/><D77/><U113/><E113/><V104/><F104/><W106/><G1/><T2/><D37/><U85/><E105/><V65/><F65/><W125/><G125/><T126/><D126/><U8/><E127/><V93/><F93/><N who="3" m="56383" /><G128/><T25/><D2/><U48/><E97/><V53/><F22/><W109/><G109/><T33/><D33/><U42/><E8/><AGARI ba="0,0" hai="0,5,8,30,31,39,40,45,47,51,53" m="44407" machi="8" ten="30,1500,0" yaku="25,1" doraHai="19" who="2" fromWho="1" sc="159,0,373,-15,189,15,279,0" /><INIT seed="2,1,0,5,5,53" ten="159,358,204,279" oya="2" hai0="12,104,55,56,107,23,74,130,37,119,121,128,54" hai1="76,71,65,14,41,3,133,123,39,82,48,57,51" hai2="1,90,109,116,22,26,134,40,112,111,15,28,86" hai3="10,17,124,49,30,118,69,120,91,102,85,29,89"/><V93/><F116/><W75/><G118/><T78/><D121/><U88/><E123/><V63/><F112/><W34/><G69/><T20/><D119/><U106/><E106/><N who="0" m="40489" /><D37/><U126/><E3/><V24/><F1/><W60/><G120/><T100/><D100/><U33/><E33/><V64/><F134/><W13/><G102/><T31/><D74/><U95/><E133/><V36/><F15/><W2/><G75/><T81/><D12/><U32/><E32/><V70/><F26/><W99/><G124/><T46/><D46/><N who="1" m="25679" /><E71/><V125/><F125/><W97/><G49/><T127/><D127/><U25/><E39/><V0/><F0/><W129/><G129/><N who="0" m="49771" /><D31/><U16/><E126/><V8/><F8/><W110/><G110/><N who="2" m="41993" /><F36/><W44/><G44/><T67/><D81/><U43/><E25/><V59/><F40/><W18/><G2/><T132/><D78/><U72/><E43/><V131/><F131/><W103/><G34/><T62/><D132/><U9/><E72/><V115/><F115/><W21/><G103/><T19/><D19/><U105/><E105/><V117/><F117/><W79/><G79/><T7/><D7/><U135/><E135/><V77/><F77/><W4/><G29/><T42/><D42/><U83/><E76/><V73/><F73/><W96/><G30/><T114/><D114/><U38/><E38/><V80/><F70/><W6/><G6/><T122/><D122/><U58/><E65/><V47/><F80/><N who="1" m="30761" /><E51/><V94/><F94/><N who="3" m="54575" /><G4/><T87/><D87/><AGARI ba="1,0" hai="9,14,16,57,58,87,88,95" m="30761,25679" machi="87" ten="30,8000,1" yaku="8,1,52,2,54,2" doraHai="53" who="1" fromWho="0" sc="159,-83,358,83,204,0,279,0" /><INIT seed="3,0,0,4,3,129" ten="76,441,204,279" oya="3" hai0="11,35,133,101,20,94,95,121,127,24,89,50,97" hai1="6,39,30,102,55,131,104,124,132,14,44,33,62" hai2="18,32,48,45,103,88,43,36,125,116,115,4,27" hai3="99,111,71,66,63,78,57,25,100,123,15,12,75"/><W134/><G123/><T82/><D35/><U65/><E14/><V26/><F116/><W74/><G111/><T105/><D121/><U106/><E55/><V0/><F115/><W67/><G71/><T47/><D127/><U96/><E131/><V87/><F125/><W80/><G74/><T37/><D37/><U90/><E90/><V76/><F103/><W113/><G66/><T81/><D105/><U70/><E6/><V118/><F118/><W21/><G113/><T108/><D11/><U91/><E91/><V85/><F32/><W61/><G61/><T2/><D2/><U23/><E23/><V117/><F117/><W86/><G75/><T107/><D107/><N who="1" m="63943" /><E132/><V22/><F27/><W46/><G134/><T114/><D108/><U3/><E3/><V110/><F110/><W126/><G46/><T8/><D8/><U5/><E5/><V122/><F122/><W42/><G42/><T19/><D133/><U83/><E83/><V38/><F4/><W112/><G112/><T1/><D1/><U41/><E124/><V92/><F0/><W59/><G59/><T79/><D79/><U130/><E130/><V10/><F10/><W7/><G7/><T54/><REACH who="0" step="1"/><D114/><REACH who="0" ten="66,441,204,279" step="2"/><U49/><E49/><V40/><F76/><W68/><G126/><T29/><D29/><U53/><E53/><V69/><F48/><W109/><G109/><T51/><D51/><U135/><E135/><V60/><F36/><W128/><G128/><T17/><D17/><U93/><E93/><V73/><F38/><W84/><G78/><T120/><D120/><U16/><E16/><RYUUKYOKU ba="0,1" sc="66,15,441,15,204,-15,279,-15" hai0="19,20,24,47,50,54,81,82,89,94,95,97,101" hai1="30,33,39,41,44,62,65,70,104,106" owari="81,-42.0,466,57.0,189,-21.0,264,6.0" /></mjloggm>