<mjloggm ver="2.3"><GO type="97" lobby="0"/><UN n0="%E4%B8%89%E8%89%B2%E3%83%89%E3%83%A9%E7%84%BC%E3%81%8D" n1="%50%61%6E%74%73%65%6C" n2="%E3%82%A6%E3%83%AB%E3%83%88%E3%83%A9%E7%AB%8B%E7%9B%B4" n3="%E7%9C%9F%E7%8F%A0%E3%82%8B%E5%BF%83" dan="15,13,15,14" rate="1972.03,1876.35,2037.00,1944.35" sx="M,M,M,M"/><TAIKYOKU oya="0"/><INIT seed="0,0,0,0,2,96" ten="250,250,250,250" oya="0" hai0="99,4,52,31,32,34,72,50,19,75,114,76,100" hai1="93,54,130,80,36,39,9,78,17,59,103,77,29" hai2="26,3,121,120,45,11,6,30,106,109,63,48,85" hai3="102,127,88,132,43,131,105,7,68,21,65,57,60"/><T41/><D114/><U2/><E130/><V135/><F106/><W74/><G74/><T119/><D41/><U51/><E29/><V112/><F112/><W15/><G131/><T18/><D119/><U94/><E2/><V16/><F109/><W23/><G132/><T46/><D4/><U122/><E122/><V64/><F135/><W81/><G127/><T38/><D38/><U128/><E128/><V53/><F85/><W86/><G43/><T70/><D70/><U110/><E110/><V117/><F117/><W44/><G44/><T66/><D66/><U98/><E93/><V91/><F91/><W55/><G7/><T25/><D34/><U37/><E80/><V89/><F89/><W40/><G15/><T84/><D75/><U13/><AGARI ba="0,0" hai="9,13,17,36,37,39,51,54,59,77,78,94,98,103" machi="13" ten="40,2700,0" yaku="0,1,52,1" doraHai="96" who="1" fromWho="1" sc="250,-13,250,27,250,-7,250,-7" /><INIT seed="1,0,0,3,5,85" ten="237,277,243,243" oya="1" hai0="106,78,15,64,10,79,114,105,48,83,5,21,53" hai1="59,99,36,124,80,62,50,60,1,118,108,56,95" hai2="111,12,72,98,19,45,131,63,55,97,87,4,74" hai3="3,69,96,88,49,31,107,133,29,93,43,86,52"/><U68/><E1/><V103/><F131/><W82/><G69/><T127/><D114/><U17/><E118/><V117/><F111/><W41/><G3/><T8/><D64/><U101/><E124/><V112/><F112/><W44/><G107/><T54/><D127/><U40/><E108/><V38/><F117/><W33/><G133/><T135/><D135/><U100/><E68/><V113/><F113/><W66/><G66/><T71/><D71/><U109/><E109/><V128/><F128/><W51/><G33/><T90/><D10/><U92/><E36/><V46/><F4/><W39/><G39/><T94/><D21/><U34/><E34/><V115/><F74/><W81/><G81/><T57/><D54/><U23/><E80/><V13/><F72/><W16/><G16/><T76/><REACH who="0" step="1"/><D83/><REACH who="0" ten="227,277,243,243" step="2"/><U67/><E40/><N who="3" m="15434" /><G49/><T102/><D102/><AGARI ba="0,1" hai="29,31,44,51,52,82,86,88,93,96,102" m="15434" machi="102" ten="30,7700,0" yaku="8,1,52,1,54,2" doraHai="85" who="3" fromWho="0" sc="227,-77,277,0,243,0,243,87" /><INIT seed="2,0,0,3,2,39" ten="150,277,243,330" oya="2" hai0="0,68,131,37,106,43,52,110,56,45,34,58,15" hai1="29,82,5,118,4,100,41,33,62,121,7,21,114" hai2="101,130,70,103,31,69,36,3,119,92,59,83,122" hai3="18,8,113,26,108,97,91,1,107,9,23,49,78"/><V94/><F3/><W89/><G113/><T53/><D0/><U129/><E118/><V77/><F36/><W111/><G49/><T87/><D34/><U66/><E114/><V123/><F31/><W74/><G74/><T90/><D106/><U20/><E121/><V6/><F59/><W27/><G78/><T19/><D68/><U128/><E100/><V117/><F6/><W102/><G26/><T61/><D110/><N who="3" m="42025" /><G1/><T38/><D131/><N who="1" m="50251" /><E82/><V35/><F130/><W65/><G65/><T44/><D38/><U133/><E133/><V116/><F35/><W134/><G134/><T48/><D45/><U30/><E66/><V99/><F69/><W85/><G91/><T47/><D47/><U104/><E104/><V96/><F70/><W28/><G28/><N who="1" m="10858" /><E62/><V112/><F112/><W60/><G60/><T57/><D57/><U86/><E86/><AGARI ba="0,0" hai="77,83,86,92,94,96,99,101,103,116,117,119,122,123" machi="86" ten="40,12000,1" yaku="9,1,34,3" doraHai="39" who="2" fromWho="1" sc="150,0,277,-120,243,120,330,0" /><INIT seed="2,1,0,5,3,60" ten="150,157,363,330" oya="2" hai0="49,35,114,75,113,50,15,77,120,84,112,8,70" hai1="5,127,38,125,18,63,23,24,34,98,86,76,103" hai2="101,124,121,32,80,2,74,117,26,25,134,133,13" hai3="69,96,33,55,51,92,41,19,9,99,67,72,0"/><V111/><F2/><W130/><G72/><T68/><D35/><U123/><E38/><V109/><F101/><W1/><G33/><T4/><D75/><U10/><E34/><V90/><F121/><W129/><G41/><T42/><D120/><U36/><E36/><V93/><F117/><W88/><G99/><T61/><D50/><U65/><E123/><V20/><F80/><W116/><G116/><T30/><D30/><U71/><E76/><V126/><F74/><W73/><G73/><T66/><D70/><U27/><E86/><V47/><F47/><N who="3" m="28159" /><G19/><T87/><REACH who="0" step="1"/><D77/><REACH who="0" ten="140,157,363,330" step="2"/><U64/><E71/><V14/><F32/><W107/><G129/><T108/><D108/><U37/><E37/><V106/><F111/><W89/><G130/><T59/><D59/><U31/><E63/><V118/><F109/><W48/><G69/><T83/><D83/><U95/><E31/><V12/><F118/><W44/><G48/><T105/><D105/><U58/><E58/><V57/><F106/><W79/><G107/><T97/><D97/><U82/><E82/><V128/><F57/><W54/><G96/><T102/><D102/><U52/><E127/><V85/><F128/><W132/><G79/><T135/><D135/><N who="2" m="51722" /><F20/><W22/><G132/><T104/><D104/><U11/><E125/><AGARI ba="1,1" hai="12,13,14,25,26,85,90,93,124,125,126" m="51722" machi="125" ten="40,3900,0" yaku="18,1,20,1" doraHai="60" who="2" fromWho="1" sc="140,0,157,-42,363,52,330,0" /><INIT seed="2,2,0,4,4,135" ten="140,115,415,330" oya="2" hai0="103,102,88,48,36,90,127,14,65,129,41,47,33" hai1="95,38,25,2,29,115,130,18,30,54,32,6,21" hai2="114,106,120,133,56,68,3,19,26,12,49,108,23" hai3="66,91,57,11,85,50,64,39,132,99,117,116,9"/><V27/><F68/><W8/><G39/><T100/><D33/><N who="1" m="20655" /><E38/><V70/><F106/><W42/><G132/><T101/><N who="0" m="26112" /><DORA hai="126" /><T119/><D119/><U128/><E54/><V16/><F70/><W83/><G99/><T84/><D65/><U104/><E95/><V31/><F3/><W55/><REACH who="3" step="1"/><G42/><REACH who="3" ten="140,115,415,320" step="2"/><T124/><D36/><U51/><E104/><V58/><F133/><W63/><G63/><T105/><D105/><U20/><E115/><V111/><F114/><W13/><G13/><T110/><D110/><N who="2" m="42026" /><F120/><W80/><G80/><T62/><D62/><U15/><E51/><V73/><F49/><W72/><G72/><T34/><D34/><U109/><E109/><V93/><F73/><W10/><N who="3" m="2048" /><DORA hai="79" /><W28/><G28/><T45/><D14/><N who="1" m="9303" /><E2/><V52/><F93/><W0/><G0/><T53/><D41/><U67/><E6/><V122/><F122/><W22/><G22/><T59/><D48/><U76/><E76/><V118/><F118/><AGARI ba="2,1" hai="50,55,57,64,66,83,85,91,116,117,118" m="2048" machi="118" ten="50,8000,1" yaku="1,1,52,1,53,2" doraHai="135,126,79" doraHaiUra="1,60,107" who="3" fromWho="2" sc="140,0,115,0,415,-86,320,96" /><INIT seed="3,0,0,0,0,33" ten="140,115,329,416" oya="3" hai0="57,131,51,10,55,134,50,90,114,39,34,6,61" hai1="28,52,25,122,125,85,107,81,15,53,96,64,130" hai2="11,123,92,3,119,49,102,126,135,47,86,27,70" hai3="103,121,29,118,91,21,97,22,69,43,95,74,76"/><W26/><G121/><T12/><D39/><U133/><E122/><V105/><F70/><W16/><G118/><T19/><D34/><U58/><E125/><V124/><F123/><W20/><G69/><T56/><D134/><U41/><E130/><V100/><F119/><W94/><G43/><T111/><D131/><U78/><E133/><V37/><F37/><W72/><G76/><T101/><D111/><U5/><E41/><V36/><F36/><W17/><G29/><T2/><D101/><U63/><E107/><V54/><F135/><W117/><G117/><T66/><D114/><U89/><E78/><V128/><F128/><W129/><G129/><T32/><D32/><U93/><E5/><V44/><F105/><W35/><G35/><T59/><D90/><U88/><REACH who="1" step="1"/><E15/><REACH who="1" ten="140,105,329,416" step="2"/><V68/><F3/><W14/><G14/><T24/><D24/><U127/><E127/><V65/><F124/><W112/><G112/><T116/><D116/><U9/><E9/><V120/><F120/><W60/><G26/><T113/><D113/><U30/><E30/><V23/><F126/><W40/><G40/><T1/><D6/><U48/><E48/><V71/><F71/><W13/><G13/><T83/><D83/><U7/><E7/><V0/><F0/><W77/><G77/><T31/><D31/><U8/><E8/><V108/><F108/><W98/><G60/><T110/><D110/><U45/><E45/><V4/><F68/><W84/><G21/><AGARI ba="0,1" hai="21,25,28,52,53,58,63,64,81,85,88,89,93,96" machi="21" ten="30,8000,1" yaku="1,1,7,1,8,1,54,2,53,0" doraHai="33" doraHaiUra="46" who="1" fromWho="3" sc="140,0,105,90,329,0,416,-80" owari="140,-36.0,195,-20.0,329,13.0,336,43.0" /></mjloggm>