<mjloggm ver="2.3"><GO type="97" lobby="0"/><UN n0="%E5%B0%8F%E3%81%95%E3%81%98%E2%99%AA" n1="%E3%81%86%E3%82%81%E3%81%A9%E3%82%93" n2="%E3%83%88%E3%83%A0%E3%83%BC" n3="%E5%B0%B1%E6%B4%BB%E7%94%9F%40%E5%B7%9D%E6%9D%91%E8%BB%8D%E5%9B%A3" dan="14,13,14,13" rate="1885.17,1839.60,1940.42,1914.52" sx="M,M,F,M"/><TAIKYOKU oya="0"/><INIT seed="0,0,0,2,2,113" ten="250,250,250,250" oya="0" hai0="44,25,30,68,9,128,87,96,74,28,11,41,37" hai1="80,116,57,112,106,117,115,46,47,58,71,84,20" hai2="35,103,114,134,100,42,123,111,7,23,6,90,21" hai3="59,54,133,12,18,17,1,69,49,92,118,0,121"/><T119/><D74/><U102/><E102/><V83/><F114/><N who="1" m="43561" /><E106/><V85/><F123/><W31/><G121/><T39/><D68/><U63/><E20/><V95/><F35/><W73/><G69/><T125/><D125/><U40/><E71/><V52/><F134/><W101/><G31/><T120/><D120/><U16/><E16/><V82/><F111/><W26/><G73/><T107/><D128/><U126/><E126/><V89/><F42/><W10/><G133/><T48/><D87/><U65/><E58/><V55/><F85/><W67/><G67/><T135/><D135/><U2/><E2/><V61/><F61/><W13/><G26/><T51/><D39/><U109/><E109/><V77/><F95/><W50/><G118/><N who="1" m="45674" /><E40/><V22/><F23/><W53/><G92/><T127/><D119/><U3/><E3/><V97/><REACH who="2" step="1"/><F77/><AGARI ba="0,0" hai="46,47,57,63,65,77,80,84" m="45674,43561" machi="77" ten="30,7700,0" yaku="11,1,52,3" doraHai="113" who="1" fromWho="2" sc="250,0,250,77,250,-77,250,0" /><INIT seed="1,0,0,4,3,14" ten="250,327,173,250" oya="1" hai0="69,122,1,7,105,42,18,48,21,64,114,39,59" hai1="121,29,22,85,31,119,28,133,108,5,118,72,41" hai2="25,49,17,43,13,87,132,12,97,10,120,57,93" hai3="98,71,61,109,32,73,80,89,81,100,54,127,3"/><U58/><E121/><V86/><F120/><W33/><G3/><T106/><D122/><U20/><E72/><V126/><F126/><W62/><G127/><T23/><D114/><U129/><E41/><V75/><F75/><W4/><G109/><T91/><D91/><U35/><E35/><V63/><F132/><W116/><G116/><T53/><D7/><U16/><E133/><V83/><F25/><W104/><G4/><T65/><D1/><U2/><E58/><V44/><F13/><W46/><G62/><N who="0" m="40087" /><D65/><U70/><E70/><V123/><F83/><W111/><G81/><T117/><D117/><N who="1" m="44555" /><E85/><V34/><F34/><W52/><G71/><T40/><D40/><U30/><E129/><V36/><F36/><W26/><G26/><N who="0" m="14647" /><D23/><N who="1" m="8747" /><E108/><V6/><F6/><W90/><G111/><T95/><D95/><U78/><E78/><V77/><F77/><W51/><G73/><T92/><D92/><U37/><E31/><V113/><F113/><W94/><G80/><T128/><D128/><U88/><E88/><N who="2" m="55463" /><F123/><W82/><G82/><T112/><D112/><U107/><E107/><V66/><AGARI ba="0,0" hai="10,12,17,43,44,49,57,63,66,86,87" m="55463" machi="66" ten="30,4000,0" yaku="8,1,52,1,54,1" doraHai="14" who="2" fromWho="2" sc="250,-10,327,-20,173,40,250,-10" /><INIT seed="2,0,0,5,4,118" ten="240,307,213,240" oya="2" hai0="112,39,130,75,5,14,15,69,115,123,89,128,35" hai1="24,41,80,103,25,40,135,3,108,12,134,74,23" hai2="116,82,125,33,66,55,63,64,36,71,114,8,117" hai3="17,122,7,61,70,105,56,111,53,2,79,0,94"/><V37/><F33/><W107/><G111/><T121/><D75/><U65/><E3/><V88/><F114/><N who="0" m="43562" /><D69/><U124/><E108/><V34/><F34/><W31/><G31/><T26/><D39/><U104/><E65/><V102/><F125/><W73/><G70/><T120/><D89/><U9/><E124/><V60/><F102/><W48/><G122/><T11/><D15/><U16/><E104/><V49/><F8/><W86/><G73/><T28/><AGARI ba="0,0" hai="5,11,14,26,28,35,120,121,123,128,130" m="43562" machi="28" ten="40,8000,1" yaku="34,2,52,3" doraHai="118" who="0" fromWho="0" sc="240,80,307,-20,213,-40,240,-20" /><INIT seed="3,0,0,5,5,48" ten="320,287,173,220" oya="3" hai0="126,43,0,19,86,92,97,132,108,71,29,74,40" hai1="85,65,20,56,11,64,22,35,111,66,88,52,78" hai2="115,10,9,106,3,80,124,130,67,62,63,128,87" hai3="12,41,113,15,39,24,57,83,103,73,46,68,69"/><W105/><G113/><T112/><D74/><U45/><E35/><V122/><F115/><W49/><G105/><T18/><D112/><U5/><E111/><V84/><F106/><W8/><G24/><T17/><D0/><U58/><E45/><V34/><F34/><W47/><G103/><N who="0" m="60839" /><D71/><U95/><E78/><V89/><F124/><W61/><G15/><T119/><D119/><U70/><E70/><V53/><F122/><W110/><G110/><T38/><D38/><U4/><E58/><V42/><F42/><N who="0" m="15914" /><D108/><U26/><E11/><V127/><F127/><W27/><G27/><T37/><D37/><U82/><E82/><V129/><F3/><W36/><G36/><T101/><D132/><U90/><E90/><V23/><F23/><N who="1" m="8745" /><E26/><V109/><F109/><W116/><G116/><T72/><D72/><U2/><E2/><V134/><F134/><W125/><G125/><T121/><D121/><U123/><E123/><V76/><F67/><W21/><G21/><T81/><D101/><U50/><AGARI ba="0,0" hai="4,5,50,52,56,64,65,66,85,88,95" m="8745" machi="50" ten="30,7900,0" yaku="8,1,52,1,54,2" doraHai="48" who="1" fromWho="1" sc="320,-20,287,79,173,-20,220,-39" owari="300,10.0,366,47.0,153,-35.0,181,-22.0" /></mjloggm>