<mjloggm ver="2.3"><GO type="97" lobby="0"/><UN n0="%E3%81%AD%E3%81%8A%E3%83%BB%E3%81%98%E3%82%83%E3%81%A3%E3%81%8D%E3%83%BC" n1="%E3%81%93%E3%81%AE%E7%AC%91%E9%A1%94%E5%AE%88%E3%82%8A%E3%81%9F%E3%81%84" n2="%E3%83%90%E3%83%BC%E3%83%9C%E3%83%B3%E3%83%8F%E3%82%A6%E3%82%B9" n3="%E5%B0%B1%E6%B4%BB%E7%94%9F%40%E5%B7%9D%E6%9D%91%E8%BB%8D%E5%9B%A3" dan="14,14,13,15" rate="1948.47,1923.08,1893.44,1961.38" sx="M,M,M,M"/><TAIKYOKU oya="0"/><INIT seed="0,0,0,4,4,130" ten="250,250,250,250" oya="0" hai0="115,17,86,99,2,82,123,74,66,81,107,1,41" hai1="100,23,83,50,120,30,89,87,8,72,131,9,4" hai2="97,46,15,126,80,94,109,64,102,77,70,3,33" hai3="7,19,135,44,113,59,69,51,49,6,103,96,125"/><T75/><D123/><U52/><E131/><V12/><F3/><W93/><G69/><T92/><D115/><U85/><E120/><V129/><F129/><W43/><G113/><T16/><D66/><U110/><E72/><V31/><F126/><W119/><G125/><T58/><D41/><U42/><E42/><V26/><F109/><W68/><G119/><T10/><D10/><U127/><E110/><V61/><F46/><W67/><G68/><T0/><D58/><U78/><E127/><V124/><F124/><W40/><G135/><T55/><D55/><U39/><E100/><V28/><F28/><W128/><G128/><T133/><D133/><U54/><E39/><V13/><F13/><W106/><G106/><T118/><D118/><U65/><E65/><V108/><F108/><W45/><REACH who="3" step="1"/><G19/><REACH who="3" ten="250,250,250,240" step="2"/><T88/><D107/><U37/><E4/><V63/><F63/><AGARI ba="0,1" hai="6,7,40,43,44,45,49,51,59,63,67,93,96,103" machi="63" ten="40,8000,1" yaku="1,1,2,1,9,1,8,1,53,0" doraHai="130" doraHaiUra="48" who="3" fromWho="2" sc="250,0,250,0,250,-80,240,90" /><INIT seed="1,0,0,0,4,54" ten="250,250,170,330" oya="1" hai0="104,25,22,105,51,135,94,134,85,49,92,83,40" hai1="86,44,53,41,24,122,127,10,119,78,28,111,98" hai2="70,55,21,64,67,80,45,90,16,113,109,131,7" hai3="3,132,102,87,121,11,17,77,59,68,39,95,60"/><U129/><E122/><V37/><F113/><W84/><G121/><T12/><D12/><U13/><E119/><V0/><F109/><W15/><G132/><N who="0" m="50731" /><D40/><U72/><E72/><V33/><F33/><W27/><G68/><T126/><D126/><U107/><E127/><V31/><F131/><W56/><G39/><T88/><D51/><U62/><E129/><V6/><F31/><W50/><G3/><T130/><D130/><U34/><E111/><V36/><F36/><W20/><G77/><T133/><N who="0" m="50739" /><T96/><DORA hai="30" /><D49/><U42/><E42/><V118/><F118/><W63/><G50/><T108/><D108/><U18/><E41/><V46/><F55/><N who="3" m="33823" /><G95/><N who="0" m="36395" /><D96/><U82/><E44/><N who="2" m="17003" /><F37/><W4/><G102/><T61/><D61/><U69/><E69/><V103/><F70/><W114/><G114/><T99/><D99/><U19/><E98/><V97/><F0/><W128/><G128/><T47/><D47/><U58/><REACH who="1" step="1"/><E107/><REACH who="1" ten="250,240,170,330" step="2"/><V125/><F125/><W1/><G1/><T123/><D123/><U100/><E100/><V112/><F112/><W14/><G14/><T79/><D105/><U2/><E2/><V57/><F103/><W48/><G48/><T106/><D104/><U52/><E52/><AGARI ba="0,1" hai="4,11,15,17,20,27,52,59,63,84,87" m="33823" machi="52" ten="30,7700,0" yaku="8,1,52,2,54,1" doraHai="54,30" who="3" fromWho="1" sc="250,0,240,-77,170,0,330,87" /><INIT seed="2,0,0,3,3,20" ten="250,163,170,417" oya="2" hai0="10,13,63,106,46,52,129,43,3,56,44,131,47" hai1="118,64,92,81,127,61,80,29,112,6,34,98,116" hai2="135,45,72,87,51,62,113,21,117,123,19,17,69" hai3="95,0,16,1,35,115,105,14,70,59,15,111,33"/><V26/><F123/><W100/><G70/><T60/><D106/><U48/><E112/><V27/><F117/><W41/><G105/><T97/><D3/><N who="3" m="1097" /><G41/><T57/><D97/><U75/><E6/><V31/><F113/><W53/><G95/><T39/><D10/><U2/><E2/><V130/><F72/><W134/><G100/><T18/><D18/><U88/><E127/><V11/><F135/><W93/><G93/><T121/><D121/><U103/><E48/><V107/><F107/><W30/><G59/><T124/><D13/><N who="3" m="4617" /><G53/><N who="0" m="33807" /><D124/><U58/><E75/><V79/><F130/><AGARI ba="0,0" hai="39,43,44,46,47,52,57,63,129,130,131" m="33807" machi="130" ten="30,7700,0" yaku="19,1,34,2,54,1" doraHai="20" who="0" fromWho="2" sc="250,77,163,0,170,-77,417,0" /><INIT seed="3,0,0,3,0,103" ten="327,163,93,417" oya="3" hai0="89,87,25,72,107,34,125,90,59,63,15,91,95" hai1="27,71,30,11,128,39,32,115,70,0,126,105,58" hai2="99,76,23,123,135,130,35,127,117,131,110,114,120" hai3="77,98,129,68,3,94,31,13,50,37,52,47,61"/><W14/><G3/><T102/><D125/><U65/><E58/><V41/><F35/><W84/><G129/><N who="2" m="49161" /><F41/><W46/><G37/><T19/><D34/><U88/><E115/><V62/><F62/><W42/><G31/><T96/><D25/><U133/><E126/><V112/><F23/><W51/><G68/><T16/><D72/><U18/><E133/><V36/><F36/><W60/><G84/><T21/><REACH who="0" step="1"/><D19/><REACH who="0" ten="317,163,93,417" step="2"/><U119/><E18/><V7/><F7/><W8/><G77/><T54/><AGARI ba="0,1" hai="15,16,21,54,59,63,87,89,90,91,95,96,102,107" machi="54" ten="20,12000,2" yaku="1,1,2,1,0,1,7,1,52,1,54,1,53,0" doraHai="103" doraHaiUra="116" who="0" fromWho="0" sc="317,130,163,-30,93,-30,417,-60" owari="447,55.0,133,-27.0,63,-44.0,357,16.0" /></mjloggm>