<mjloggm ver="2.3"><GO type="41" lobby="0"/><UN n0="%E7%8F%A0%E9%B6%8F%76%65%72%32%2E%30" n1="%E3%82%A6%E3%83%AB%E3%83%88%E3%83%A9%E7%AB%8B%E7%9B%B4" n2="%51%42%E3%82%A2%E3%82%A4%E3%83%AA" n3="%E8%83%8C%E4%B8%AD%E3%82%B9%E3%82%A4%E3%83%83%E3%83%81" dan="13,15,15,16" rate="1926.65,2022.68,1991.64,2069.52" sx="F,M,F,M"/><TAIKYOKU oya="0"/><INIT seed="0,0,0,2,3,135" ten="250,250,250,250" oya="0" hai0="41,88,27,13,122,31,16,98,124,94,35,46,117" hai1="9,18,61,73,113,86,129,72,25,33,67,99,37" hai2="59,71,34,21,3,19,2,131,63,5,4,39,7" hai3="121,89,80,114,54,115,68,132,82,119,83,74,42"/><T69/><D117/><U65/><E37/><V100/><F39/><W0/><G68/><T52/><D122/><U40/><E40/><V93/><F34/><W38/><G119/><T95/><D69/><U48/><E48/><V36/><F36/><W66/><G121/><T47/><D124/><U105/><E67/><V90/><F100/><W130/><G66/><T120/><D120/><U87/><E129/><V102/><F131/><W123/><G123/><T51/><D94/><U57/><E113/><V106/><F102/><W11/><G130/><T76/><D76/><U8/><E73/><V14/><F106/><W20/><G132/><T30/><D30/><U45/><E45/><V55/><F71/><W56/><G20/><T49/><REACH who="0" step="1"/><D13/><REACH who="0" ten="240,250,250,250" step="2"/><U116/><E116/><V10/><F2/><W133/><G0/><T112/><D112/><U104/><E104/><V62/><F3/><W17/><G115/><T118/><D118/><U44/><E105/><V92/><F92/><W75/><G114/><T26/><D26/><U81/><E25/><V85/><F93/><W60/><G133/><T125/><D125/><U24/><E24/><V128/><F128/><W134/><G134/><T126/><D126/><U28/><E28/><V64/><F14/><W50/><G82/><T1/><D1/><U12/><E12/><V22/><F10/><W96/><G83/><T78/><D78/><U32/><E81/><V77/><F77/><W29/><G80/><T84/><D84/><U111/><E87/><V43/><F85/><W6/><G11/><N who="1" m="4170" /><E86/><V70/><F70/><W53/><G29/><RYUUKYOKU ba="0,1" sc="240,30,250,-10,250,-10,250,-10" hai0="16,27,31,35,41,46,47,49,51,52,88,95,98" /><INIT seed="0,1,1,5,2,108" ten="270,240,240,240" oya="0" hai0="83,92,41,26,120,100,2,68,16,115,95,78,19" hai1="131,99,29,60,73,122,66,88,53,127,119,116,85" hai2="51,8,39,20,75,32,47,125,90,48,89,36,31" hai3="103,49,69,61,82,59,113,71,10,72,44,18,93"/><T37/><D120/><U34/><E122/><V124/><F32/><W91/><G103/><T107/><D68/><U11/><E73/><V106/><F75/><W130/><G130/><T117/><D117/><U21/><E34/><V0/><F106/><W134/><G134/><T102/><D2/><U38/><E38/><V54/><F8/><W3/><G113/><T55/><D115/><U27/><E131/><V97/><F0/><W94/><G94/><N who="0" m="35883" /><D41/><U50/><E127/><N who="2" m="48715" /><F97/><W12/><G3/><T132/><D37/><N who="2" m="14410" /><F48/><W77/><G49/><T133/><D55/><U112/><E99/><V25/><AGARI ba="1,1" hai="20,25,31,47,51,54,89,90" m="14410,48715" machi="25" ten="40,1500,0" yaku="18,1" doraHai="108" who="2" fromWho="2" sc="270,-8,240,-5,240,28,240,-5" /><INIT seed="1,0,0,0,4,58" ten="262,235,268,235" oya="1" hai0="72,86,69,105,110,135,70,17,76,124,51,95,27" hai1="32,48,42,97,54,34,92,102,126,99,100,52,4" hai2="57,18,64,3,38,65,81,122,134,11,55,88,36" hai3="37,125,114,127,106,89,98,43,49,44,115,22,80"/><U63/><E126/><N who="3" m="48138" /><G106/><T94/><D124/><U71/><E4/><V133/><F122/><W9/><G98/><T119/><D119/><U90/><E42/><V93/><F81/><W78/><G89/><T109/><D105/><U2/><E2/><V10/><F3/><W5/><G22/><N who="0" m="13775" /><D135/><N who="2" m="51722" /><F65/><W12/><G37/><N who="2" m="14441" /><F64/><W118/><G118/><T130/><D130/><U85/><E71/><V120/><F120/><W104/><G104/><T62/><D51/><U117/><E117/><V68/><F68/><W87/><AGARI ba="0,0" hai="5,9,12,43,44,49,78,80,87,114,115" m="48138" machi="87" ten="30,2000,0" yaku="25,1,18,1" doraHai="58" who="3" fromWho="3" sc="262,-5,235,-10,268,-5,235,20" /><INIT seed="2,0,0,4,2,10" ten="257,225,263,255" oya="2" hai0="125,23,28,56,66,98,124,79,37,86,3,119,84" hai1="6,89,35,109,11,107,61,57,128,72,127,87,30" hai2="50,88,34,121,120,68,26,53,8,33,64,100,103" hai3="13,95,112,118,1,134,110,105,17,60,7,59,52"/><V38/><F38/><W9/><G105/><T99/><D37/><U81/><E107/><V25/><F8/><W74/><G118/><T82/><D3/><U133/><E72/><V49/><F64/><W135/><G74/><T51/><D84/><U106/><E106/><V104/><F104/><W43/><G112/><T15/><D119/><U36/><E36/><V131/><F68/><W132/><G43/><T29/><D125/><U19/><E127/><V69/><F69/><W90/><G110/><T2/><D2/><U83/><E109/><V78/><F78/><W85/><REACH who="3" step="1"/><G1/><REACH who="3" ten="257,225,263,245" step="2"/><T16/><D124/><U58/><E133/><V24/><F131/><W63/><G63/><N who="0" m="38247" /><D51/><U32/><E61/><V122/><F88/><W92/><G92/><T5/><D5/><AGARI ba="0,1" hai="5,7,9,13,17,52,59,60,85,90,95,132,134,135" machi="5" ten="40,8000,1" yaku="1,1,20,1,52,1,54,1,53,0" doraHai="10" doraHaiUra="115" who="3" fromWho="0" sc="257,-80,225,0,263,0,245,90" /><INIT seed="3,0,0,4,1,46" ten="177,225,263,335" oya="3" hai0="65,35,83,84,11,43,53,36,70,95,103,47,68" hai1="0,13,113,86,49,45,79,24,14,75,71,67,116" hai2="38,109,66,88,22,7,58,129,122,12,40,78,132" hai3="37,51,54,100,55,99,121,62,21,110,123,101,131"/><W94/><G37/><T16/><D35/><U125/><E0/><V89/><F109/><W93/><G110/><T18/><D65/><U111/><E75/><V135/><F78/><W29/><G131/><T4/><D68/><U26/><E113/><V42/><F122/><W115/><G115/><T34/><D34/><U19/><E111/><V112/><F112/><W118/><G118/><T17/><D70/><U114/><E114/><V60/><F129/><W69/><G55/><T82/><D53/><U33/><E125/><V1/><F1/><W48/><G121/><T30/><D30/><U32/><E32/><V133/><F38/><W98/><G123/><T77/><D83/><N who="1" m="47487" /><E71/><V52/><F66/><W31/><G69/><T5/><REACH who="0" step="1"/><D11/><REACH who="0" ten="167,225,263,335" step="2"/><N who="1" m="6591" /><E33/><V117/><F117/><W119/><G119/><T76/><D76/><U108/><E67/><V8/><F22/><W10/><G10/><T2/><D2/><U50/><E116/><V107/><F107/><W20/><G54/><T92/><D92/><U128/><E128/><V124/><F124/><W130/><G130/><T28/><D28/><U74/><E108/><V56/><F56/><W120/><G120/><T57/><D57/><U41/><E74/><V59/><F59/><W126/><G126/><T44/><D44/><U102/><E41/><AGARI ba="0,1" hai="7,8,12,40,41,42,52,58,60,88,89,132,133,135" machi="41" ten="40,5200,0" yaku="20,1,54,2" doraHai="46" who="2" fromWho="1" sc="167,0,225,-52,263,62,335,0" /><INIT seed="4,0,0,4,2,60" ten="167,173,325,335" oya="0" hai0="99,25,70,113,115,59,6,31,9,79,54,86,133" hai1="45,114,23,55,87,81,74,134,118,18,132,98,85" hai2="37,89,95,5,52,80,102,14,17,67,11,62,32" hai3="129,61,1,69,3,130,75,66,135,92,68,41,46"/><T50/><D70/><U90/><E118/><V13/><F32/><W106/><G69/><T109/><D133/><U22/><E74/><V19/><F37/><N who="3" m="21807" /><G135/><N who="1" m="51754" /><E114/><N who="0" m="43529" /><D109/><U44/><E98/><V42/><F42/><W123/><G92/><T71/><D71/><U39/><E39/><V27/><F102/><W56/><G56/><T20/><D99/><U28/><E55/><V49/><F80/><W73/><G106/><T84/><D79/><N who="1" m="46271" /><E28/><V7/><F27/><W0/><G123/><T96/><D96/><U72/><E72/><AGARI ba="0,0" hai="0,1,3,61,66,68,72,73,75,129,130" m="21807" machi="72" ten="40,2600,0" yaku="23,1,52,1" doraHai="60" who="3" fromWho="1" sc="167,0,173,-26,325,0,335,26" /><INIT seed="5,0,0,2,2,81" ten="167,147,325,361" oya="1" hai0="119,122,26,61,36,123,115,74,16,131,20,63,44" hai1="59,116,62,49,91,72,134,6,133,107,54,3,50" hai2="86,33,110,84,102,28,85,9,105,68,40,38,129" hai3="97,124,132,4,83,0,21,35,15,109,106,103,82"/><U5/><E107/><V128/><F110/><W7/><G109/><T41/><D119/><U88/><E72/><V77/><F68/><W19/><G132/><N who="1" m="50794" /><E116/><V130/><F9/><W13/><G124/><T10/><D115/><U69/><E69/><V117/><F117/><W90/><G35/><T126/><D126/><U57/><E3/><V58/><F77/><W89/><G0/><T98/><D74/><U31/><E31/><V108/><F108/><W127/><G127/><T8/><D98/><U42/><E42/><V70/><F70/><W104/><G104/><T2/><D131/><U27/><E27/><N who="2" m="18591" /><F58/><W99/><G99/><T114/><D114/><U43/><E43/><V73/><F73/><W47/><G47/><T96/><D96/><U95/><E91/><V113/><F113/><W30/><G30/><T51/><D36/><U80/><E80/><V29/><F29/><W111/><G111/><T100/><D100/><U87/><E50/><V60/><F105/><W65/><G90/><T120/><REACH who="0" step="1"/><D10/><REACH who="0" ten="157,147,325,361" step="2"/><U53/><AGARI ba="0,1" hai="5,6,49,53,54,57,59,62,87,88,95" m="50794" machi="53" ten="30,6000,0" yaku="20,1,52,1,54,1" doraHai="81" who="1" fromWho="1" sc="157,-20,147,70,325,-20,361,-20" /><INIT seed="5,1,0,1,2,0" ten="137,217,305,341" oya="1" hai0="38,6,77,123,52,30,102,96,33,14,97,15,65" hai1="78,115,110,9,62,28,24,7,59,2,95,94,135" hai2="42,125,40,13,122,100,27,106,39,17,112,61,83" hai3="91,31,119,79,63,84,4,85,105,92,108,109,11"/><U133/><E78/><V20/><F122/><W73/><G119/><T21/><D38/><U29/><E115/><V68/><F125/><W121/><G121/><T76/><D33/><U10/><E10/><V25/><F112/><W60/><G31/><T57/><D65/><U134/><E110/><V71/><F106/><W69/><G73/><T48/><D123/><U117/><E117/><V87/><F100/><W103/><G63/><T37/><D37/><U129/><E129/><V56/><F71/><W111/><G111/><T41/><D41/><U67/><REACH who="1" step="1"/><E29/><REACH who="1" ten="137,207,305,341" step="2"/><V49/><F39/><W89/><G79/><N who="0" m="30283" /><D102/><U46/><E46/><V1/><F1/><W12/><G103/><T93/><D93/><U18/><E18/><V34/><F17/><W35/><G105/><T45/><D45/><U75/><E75/><V88/><F83/><W22/><G108/><T127/><D127/><U132/><N who="1" m="34304" /><DORA hai="64" /><U130/><E130/><V90/><F40/><W58/><G109/><T54/><D30/><U120/><E120/><V101/><F42/><W66/><G92/><T55/><D48/><U98/><E98/><V113/><F49/><W36/><G36/><T99/><D99/><U3/><E3/><V104/><F113/><W8/><G8/><N who="0" m="4375" /><D97/><U16/><E16/><V26/><F104/><W124/><G124/><T128/><D96/><U107/><E107/><V32/><F101/><W116/><G116/><T114/><D128/><U131/><E131/><V19/><F19/><W74/><G74/><T126/><D114/><U44/><E44/><V50/><F50/><W47/><G47/><RYUUKYOKU ba="1,1" sc="137,-10,207,30,305,-10,341,-10" hai1="2,7,9,24,28,59,62,67,94,95" /><INIT seed="5,2,1,0,4,20" ten="127,237,295,331" oya="1" hai0="10,15,47,107,88,25,71,125,85,59,50,30,36" hai1="82,44,11,73,113,123,108,119,14,78,126,48,80" hai2="99,97,12,130,120,91,57,51,31,5,8,13,79" hai3="58,117,84,54,94,89,102,131,128,38,67,106,21"/><U96/><E123/><V64/><F120/><W33/><G33/><T26/><D71/><U122/><E122/><V37/><F37/><W9/><G38/><T62/><D107/><U3/><E119/><V110/><F110/><W105/><G67/><N who="0" m="39391" /><D30/><U103/><E126/><V116/><F116/><W95/><G117/><T124/><D36/><U53/><E113/><V1/><F79/><W6/><G21/><T43/><D124/><U4/><E82/><V63/><F130/><N who="3" m="49707" /><G95/><N who="0" m="54671" /><D125/><U81/><E81/><V60/><F60/><N who="3" m="35927" /><G102/><T83/><D83/><U35/><E35/><V70/><F70/><W92/><G92/><T0/><D0/><AGARI ba="2,1" hai="0,6,9,84,89,94,105,106" m="35927,49707" machi="0" ten="30,1000,0" yaku="19,1" doraHai="20" who="3" fromWho="0" sc="127,-16,237,0,295,0,331,26" /><INIT seed="6,0,0,4,1,67" ten="111,237,295,357" oya="2" hai0="93,42,10,112,83,35,26,47,87,84,133,23,32" hai1="101,15,2,53,95,13,43,66,103,129,27,37,44" hai2="6,121,29,107,123,0,113,9,11,33,28,5,51" hai3="131,62,117,92,24,132,34,74,46,105,64,56,76"/><V126/><F107/><W128/><G105/><T61/><D112/><U100/><E2/><N who="2" m="183" /><F51/><W125/><G117/><T41/><D133/><U21/><E129/><N who="3" m="49738" /><G132/><T135/><D135/><U109/><E109/><V59/><F59/><W19/><G125/><T18/><D10/><U94/><E53/><V115/><F126/><W22/><G34/><T78/><D61/><U118/><E118/><V98/><F98/><W45/><G92/><T75/><D42/><U130/><E130/><V8/><F8/><W69/><G56/><T20/><D20/><U116/><E116/><V89/><F89/><W7/><G7/><T122/><D122/><N who="2" m="46602" /><F29/><W55/><G55/><T57/><D57/><U106/><E106/><V31/><F31/><W58/><G58/><T99/><D32/><U96/><E66/><V102/><F102/><W108/><G108/><T30/><D30/><U12/><REACH who="1" step="1"/><E96/><REACH who="1" ten="111,227,295,357" step="2"/><V60/><F60/><W91/><G64/><T119/><D119/><U48/><E48/><V81/><F115/><W38/><G62/><T65/><D65/><U14/><N who="1" m="3584" /><DORA hai="16" /><U50/><E50/><V68/><F113/><W3/><G3/><T90/><REACH who="0" step="1"/><D35/><REACH who="0" ten="101,227,295,357" step="2"/><U71/><E71/><V110/><F68/><W1/><G69/><T52/><D52/><U86/><E86/><V17/><F110/><W79/><G1/><T111/><D111/><U114/><E114/><V85/><F33/><W73/><G73/><T25/><D25/><U77/><E77/><V97/><F0/><W63/><G74/><T120/><D120/><U39/><E39/><AGARI ba="0,2" hai="18,23,26,39,41,47,75,78,83,84,87,90,93,99" machi="39" ten="30,3900,0" yaku="1,1,7,1,52,1,53,0" doraHai="67,16" doraHaiUra="49,124" who="0" fromWho="1" sc="101,59,227,-39,295,0,357,0" /><INIT seed="7,0,0,5,1,35" ten="160,188,295,357" oya="3" hai0="81,8,12,59,113,106,13,18,85,111,40,17,66" hai1="52,44,74,108,125,63,128,122,28,30,68,79,77" hai2="133,26,131,6,72,31,116,42,36,38,97,16,23" hai3="7,93,2,99,54,102,112,80,57,69,117,50,27"/><W87/><G117/><T129/><D111/><U94/><E122/><V120/><F116/><W46/><G69/><T10/><D106/><U43/><E108/><V78/><F120/><W109/><G109/><T90/><D129/><U83/><E128/><V14/><F131/><W126/><G112/><T103/><D103/><U3/><E125/><V39/><F133/><W101/><G126/><T62/><D113/><U64/><E79/><V95/><F6/><W71/><G71/><T75/><D75/><U5/><E94/><V33/><F78/><W0/><G7/><T32/><D32/><U61/><E61/><V24/><F72/><W20/><G102/><T45/><D45/><U1/><E52/><V60/><F14/><W21/><G46/><T47/><D47/><U41/><E41/><AGARI ba="0,0" hai="8,10,12,13,17,18,40,41,59,62,66,81,85,90" machi="41" ten="40,2600,0" yaku="9,1,8,1" doraHai="35" who="0" fromWho="1" sc="160,26,188,-26,295,0,357,0" owari="186,-21.0,162,-34.0,295,10.0,357,45.0" /></mjloggm>