<mjloggm ver="2.3"><GO type="97" lobby="0"/><UN n0="%E3%82%A6%E3%83%AB%E3%83%88%E3%83%A9%E7%AB%8B%E7%9B%B4" n1="%E3%82%B3%E3%83%9F" n2="%E3%83%A1%E3%82%BF%E3%83%95%E3%82%A1%E3%83%BC" n3="%6D%6E%64%6E" dan="14,15,15,14" rate="1962.94,2015.72,1899.67,1903.01" sx="M,M,M,M"/><TAIKYOKU oya="0"/><INIT seed="0,0,0,0,2,60" ten="250,250,250,250" oya="0" hai0="116,23,41,93,112,22,89,110,104,44,51,132,115" hai1="13,3,12,63,91,67,71,121,96,66,33,103,135" hai2="0,86,15,39,18,107,105,127,16,49,62,101,77" hai3="83,54,42,61,111,99,32,108,4,118,85,88,74"/><T102/><D116/><U65/><E121/><V133/><F39/><W57/><G32/><T5/><D132/><U123/><E123/><V50/><F0/><W117/><G4/><T26/><D110/><N who="3" m="42025" /><G42/><T100/><D104/><U56/><E3/><V90/><F127/><W37/><G37/><T34/><D34/><U28/><E135/><V10/><F77/><N who="3" m="44471" /><G99/><T75/><D75/><U80/><E33/><V68/><F133/><W120/><G120/><T17/><D112/><U72/><E28/><V131/><F18/><W14/><G14/><N who="1" m="5738" /><E72/><V30/><F30/><W69/><G69/><T119/><D115/><U95/><E71/><V35/><F35/><W11/><G11/><T43/><D119/><U82/><E103/><V113/><F101/><W106/><G106/><T9/><D41/><U129/><E129/><V47/><F131/><W25/><G25/><T78/><D78/><U2/><E2/><V52/><F113/><W94/><AGARI ba="0,0" hai="54,57,61,85,88,94,117,118" m="44471,42025" machi="94" ten="30,2000,0" yaku="14,1,54,1" doraHai="60" who="3" fromWho="3" sc="250,-10,250,-5,250,-5,250,20" /><INIT seed="1,0,0,0,4,16" ten="240,245,245,270" oya="1" hai0="89,83,9,103,26,63,102,23,43,97,53,37,117" hai1="8,119,107,94,6,42,25,35,65,115,78,2,17" hai2="67,114,124,0,86,98,70,5,46,51,45,130,34" hai3="30,40,106,116,111,55,91,105,109,52,39,134,87"/><U73/><E107/><V125/><F34/><W76/><G76/><T4/><D117/><U129/><E119/><V128/><F114/><W15/><G116/><T49/><D37/><U133/><E115/><V122/><F98/><W24/><G15/><T38/><D38/><U85/><E129/><N who="2" m="49771" /><F86/><W31/><G134/><T33/><D33/><U108/><E133/><V80/><F80/><W64/><G64/><T132/><D132/><U99/><E73/><V32/><F32/><W110/><G31/><T41/><D63/><U79/><E108/><V127/><F122/><W36/><G36/><T12/><D83/><U3/><E3/><V93/><F93/><W101/><G39/><T104/><D89/><U48/><E35/><V120/><F120/><W118/><G40/><T20/><D103/><U1/><E1/><V121/><F121/><W50/><G118/><T68/><D68/><U82/><E79/><V112/><F112/><W95/><G101/><T54/><D53/><N who="3" m="20553" /><G50/><T69/><D69/><U10/><E25/><V81/><F51/><W7/><G7/><T113/><D113/><U19/><E8/><N who="2" m="2087" /><F81/><W60/><G60/><AGARI ba="0,0" hai="45,46,60,67,70,124,125,127" m="2087,49771" machi="60" ten="40,2600,0" yaku="18,1,19,1" doraHai="16" who="2" fromWho="3" sc="240,0,245,0,245,26,270,-26" /><INIT seed="2,0,0,2,5,127" ten="240,245,271,244" oya="2" hai0="109,119,34,19,52,38,33,10,25,72,94,96,60" hai1="114,2,134,89,8,11,101,75,123,70,122,5,126" hai2="79,20,0,125,53,45,97,100,80,107,55,76,88" hai3="28,128,95,124,49,51,42,17,68,61,47,65,58"/><V92/><F125/><W81/><G28/><T98/><D72/><U112/><E70/><V26/><F0/><W67/><G124/><T118/><D38/><U69/><E126/><V120/><F120/><N who="1" m="46121" /><E69/><V91/><F76/><W74/><G95/><T37/><D37/><U14/><E75/><V36/><F36/><N who="3" m="21959" /><G17/><T78/><D78/><U18/><E101/><V24/><F24/><W3/><G81/><T103/><D96/><U23/><E89/><V117/><F117/><N who="0" m="44554" /><D109/><U87/><E87/><N who="2" m="52255" /><F45/><W105/><G105/><T71/><D71/><U50/><E50/><V110/><F91/><W1/><G1/><T35/><D25/><N who="1" m="14583" /><E134/><V73/><F110/><W48/><G3/><T59/><D35/><U13/><E2/><V108/><F108/><W104/><G104/><T130/><D33/><U4/><AGARI ba="0,0" hai="4,5,8,11,13,14,112,114" m="14583,46121" machi="4" ten="30,4000,0" yaku="13,1,34,2" doraHai="127" who="1" fromWho="1" sc="240,-10,245,40,271,-20,244,-10" /><INIT seed="3,0,0,5,5,25" ten="230,285,251,234" oya="3" hai0="17,84,44,45,118,89,91,110,115,40,76,69,61" hai1="62,127,109,90,108,112,34,78,68,15,64,93,38" hai2="123,98,74,75,111,104,51,102,53,22,97,80,92" hai3="52,50,19,124,130,106,43,24,14,31,21,28,48"/><W57/><G106/><T11/><D118/><U67/><E112/><V8/><F111/><N who="1" m="42569" /><E38/><V4/><F123/><W36/><G36/><T96/><D110/><U82/><E67/><V46/><F22/><N who="3" m="11639" /><G130/><T6/><D115/><U79/><E34/><V41/><F80/><W103/><G124/><T99/><D76/><U9/><E82/><V70/><F70/><W81/><G103/><T65/><D17/><N who="1" m="8431" /><E127/><V29/><F29/><N who="3" m="17551" /><G81/><T131/><D131/><U133/><E133/><V23/><F23/><W122/><G122/><T95/><D40/><U32/><E32/><V55/><F75/><W63/><G63/><T42/><D91/><U1/><E1/><V135/><F74/><W88/><G88/><T134/><D134/><U107/><E107/><V47/><F135/><W5/><G5/><T121/><D121/><U58/><E68/><V129/><F129/><W56/><G56/><T120/><D120/><U105/><E105/><V101/><F47/><AGARI ba="0,0" hai="28,31,43,47,48,50,52,57" m="17551,11639" machi="47" ten="30,12000,1" yaku="8,1,52,3,54,1" doraHai="25" who="3" fromWho="2" sc="230,0,285,0,251,-120,234,120" owari="230,-17.0,285,9.0,131,-37.0,354,45.0" /></mjloggm>