<mjloggm ver="2.3"><GO type="169" lobby="0"/><UN n0="%43%52%41%5A%59%42%45%45" n1="%E3%82%A6%E3%83%AB%E3%83%88%E3%83%A9%E7%AB%8B%E7%9B%B4" n2="%E8%B6%85%E4%BA%BA%EF%BC%AD" n3="%62%61%6E%74%65%31" dan="17,17,17,16" rate="2147.80,2108.64,2204.47,2088.75" sx="M,M,M,M"/><TAIKYOKU oya="0"/><INIT seed="0,0,0,0,5,19" ten="250,250,250,250" oya="0" hai0="8,131,30,124,52,88,59,103,119,47,65,1,14" hai1="0,48,98,91,129,45,111,28,4,87,54,22,109" hai2="62,86,82,16,35,44,108,25,37,135,76,42,50" hai3="64,73,53,63,41,79,105,127,120,10,99,104,72"/><T90/><D119/><U102/><E129/><V126/><F135/><W107/><G120/><T89/><D1/><U24/><E4/><V49/><F126/><W132/><G127/><T112/><D112/><U60/><E60/><V43/><F108/><W95/><G132/><T133/><D133/><U69/><E69/><V123/><F123/><W51/><G79/><T66/><D124/><U29/><E0/><V92/><F35/><W97/><G41/><T128/><D103/><U114/><E114/><V77/><F77/><W23/><G10/><T31/><D47/><U68/><E68/><V75/><F43/><W130/><G130/><N who="0" m="49707" /><D66/><U106/><REACH who="1" step="1"/><E29/><REACH who="1" ten="250,240,250,250" step="2"/><V20/><REACH who="2" step="1"/><F62/><REACH who="2" ten="250,240,240,250" step="2"/><W121/><G121/><T40/><D65/><U118/><E118/><V67/><F67/><W13/><G63/><N who="0" m="36327" /><D40/><U17/><E17/><AGARI ba="0,2" hai="8,14,17,30,31,88,89,90" m="36327,49707" machi="17" ten="30,5800,0" yaku="19,1,54,2" doraHai="19" who="0" fromWho="1" sc="250,78,240,-58,240,0,250,0" /><INIT seed="0,1,0,1,3,42" ten="328,182,240,250" oya="0" hai0="78,79,133,9,127,16,103,1,18,32,71,70,8" hai1="39,53,116,95,31,77,73,125,41,69,59,56,50" hai2="96,5,123,124,3,104,49,6,7,129,84,114,75" hai3="76,11,72,48,106,107,102,120,51,67,117,35,80"/><T66/><D32/><U13/><E95/><V52/><F123/><W118/><G120/><T43/><D103/><U37/><E13/><V2/><F75/><W90/><G35/><T108/><D127/><U23/><E23/><V91/><F114/><W89/><G67/><T109/><D43/><U36/><E77/><N who="0" m="29193" /><D133/><U122/><E31/><V130/><F124/><W60/><G60/><T45/><D45/><N who="1" m="27855" /><E73/><V105/><F3/><W93/><G51/><T131/><D66/><U10/><E10/><N who="0" m="4201" /><D1/><U58/><E125/><V121/><F2/><W94/><G48/><T110/><D131/><N who="2" m="50186" /><F96/><N who="3" m="59671" /><G11/><T38/><D38/><N who="1" m="14955" /><E122/><V101/><F101/><W17/><G17/><AGARI ba="1,0" hai="16,17,18,70,71,108,109,110" m="4201,29193" machi="17" ten="40,12000,1" yaku="28,2,14,1,10,1,54,1" doraHai="42" who="0" fromWho="3" sc="328,123,182,0,240,0,250,-123" /><INIT seed="0,2,0,2,5,49" ten="451,182,240,127" oya="0" hai0="0,8,11,99,132,71,104,55,126,23,61,51,101" hai1="88,127,64,46,97,58,120,48,102,60,84,68,13" hai2="54,72,24,22,69,40,116,45,108,123,128,41,83" hai3="47,50,63,79,35,10,78,43,4,90,81,121,124"/><T130/><D130/><U32/><E32/><V42/><F69/><W20/><G121/><T114/><D114/><U103/><E127/><V86/><F72/><W57/><G35/><T118/><D118/><U115/><E115/><V2/><F2/><W133/><G124/><T1/><D126/><U9/><E120/><V85/><F123/><W53/><G133/><T12/><D132/><U122/><E97/><V100/><F116/><W56/><G20/><T7/><D11/><U27/><E27/><V26/><F128/><W36/><G90/><T106/><D104/><U34/><E34/><V82/><F100/><W70/><G70/><T6/><D6/><U111/><E68/><V73/><F73/><W92/><G92/><T17/><D61/><U105/><E105/><V89/><F108/><W37/><G81/><T31/><D31/><U5/><E111/><V94/><F22/><W117/><G37/><T14/><D71/><U113/><E113/><V29/><F29/><W33/><G33/><T77/><D77/><U59/><E59/><AGARI ba="2,0" hai="0,1,7,8,12,14,17,23,51,55,59,99,101,106" machi="59" ten="30,2900,0" yaku="7,1,52,1" doraHai="49" who="0" fromWho="1" sc="451,35,182,-35,240,0,127,0" /><INIT seed="0,3,0,3,0,96" ten="486,147,240,127" oya="0" hai0="54,83,128,50,133,84,81,39,49,36,129,0,48" hai1="103,88,117,58,12,74,72,55,78,126,46,108,1" hai2="23,73,5,89,69,75,94,91,98,65,9,11,135" hai3="107,106,90,118,116,101,122,44,71,59,114,119,15"/><T64/><D0/><U85/><E1/><V43/><F135/><W21/><G71/><T47/><D133/><U25/><E117/><V40/><F69/><W4/><G114/><T35/><D35/><U120/><E120/><V62/><F23/><W100/><G122/><T3/><D3/><U77/><E126/><V30/><F30/><W104/><G44/><T109/><D64/><U41/><E108/><V79/><F79/><W132/><G132/><T19/><D19/><U99/><E74/><V60/><F98/><W97/><G59/><T92/><D92/><N who="1" m="58855" /><E72/><V66/><F94/><W8/><REACH who="3" step="1"/><G21/><REACH who="3" ten="486,147,240,117" step="2"/><T61/><D47/><U63/><E46/><V51/><REACH who="2" step="1"/><F5/><REACH who="2" ten="486,147,230,117" step="2"/><W113/><G113/><T102/><D109/><U27/><E41/><V70/><F70/><W80/><G80/><T6/><D83/><N who="1" m="49215" /><E77/><V16/><F16/><W2/><G2/><T14/><D6/><U131/><E78/><V134/><F134/><W124/><G124/><T37/><D81/><U34/><E34/><V28/><F28/><W110/><G110/><T121/><D121/><U93/><E93/><AGARI ba="3,2" hai="4,8,15,90,93,97,100,101,104,106,107,116,118,119" machi="93" ten="50,6400,0" yaku="1,1,52,2,53,0" doraHai="96" doraHaiUra="125" who="3" fromWho="1" sc="486,0,147,-73,230,0,117,93" /><INIT seed="1,0,0,5,2,41" ten="486,74,230,210" oya="1" hai0="103,24,128,28,26,58,60,117,74,52,127,37,73" hai1="64,104,129,44,54,2,14,69,0,3,46,97,18" hai2="7,13,99,88,79,125,8,22,114,93,72,70,84" hai3="67,57,47,87,119,118,65,17,45,98,110,48,31"/><U71/><E129/><V9/><F70/><W43/><G110/><T15/><D117/><N who="3" m="44553" /><G31/><T123/><D37/><U95/><E104/><V77/><F72/><W50/><G57/><T40/><D40/><U36/><E54/><V134/><F134/><W113/><G113/><T130/><D127/><U111/><E111/><V49/><F125/><W11/><G98/><T6/><D103/><U33/><E33/><V59/><F114/><W101/><G101/><T16/><D6/><U116/><E116/><V91/><F9/><W81/><G11/><N who="0" m="6271" /><D123/><U109/><E109/><V32/><F22/><W90/><G17/><T86/><D24/><U10/><E36/><V25/><F25/><W80/><G80/><T42/><D26/><U124/><E124/><V85/><F32/><W12/><G12/><T19/><D19/><U29/><E29/><V135/><F99/><W20/><G20/><T4/><D28/><U106/><E106/><V62/><F49/><W51/><G51/><T126/><D126/><U105/><E105/><V115/><F135/><W75/><G75/><T122/><D122/><U23/><E23/><V133/><F115/><W94/><G81/><T39/><D74/><U30/><E30/><V1/><F1/><W35/><G35/><T108/><D73/><U53/><E53/><AGARI ba="0,0" hai="43,45,47,48,50,53,65,67,87,90,94" m="44553" machi="53" ten="30,3900,0" yaku="12,1,52,2" doraHai="41" who="3" fromWho="1" sc="486,0,74,-39,230,0,210,39" /><INIT seed="2,0,0,2,4,1" ten="486,35,230,249" oya="2" hai0="132,86,4,65,134,131,124,113,63,54,95,92,120" hai1="61,18,22,25,84,15,73,60,102,37,45,67,29" hai2="83,59,80,91,2,122,5,121,21,36,24,101,42" hai3="78,126,14,64,107,53,71,79,9,68,33,3,62"/><V8/><F101/><W99/><G126/><T88/><D120/><U40/><E73/><V74/><F59/><W49/><G71/><T17/><D113/><U75/><E75/><V32/><F83/><W109/><G3/><T46/><D124/><U23/><E102/><V30/><F21/><W117/><G33/><T94/><D131/><U98/><E98/><V56/><F56/><W110/><G117/><T20/><D4/><U97/><E97/><V50/><F50/><W90/><G107/><T69/><D54/><U85/><REACH who="1" step="1"/><E61/><REACH who="1" ten="486,25,230,249" step="2"/><V12/><F91/><W51/><G99/><T125/><D125/><U44/><E44/><N who="2" m="23623" /><F12/><W48/><G90/><T96/><D46/><U0/><E0/><V104/><F104/><W112/><G112/><T13/><REACH who="0" step="1"/><D96/><REACH who="0" ten="476,25,230,249" step="2"/><U93/><E93/><AGARI ba="0,2" hai="13,17,20,63,65,69,86,88,92,93,94,95,132,134" machi="93" ten="40,8000,1" yaku="1,1,2,1,54,1,53,1" doraHai="1" doraHaiUra="57" who="0" fromWho="1" sc="476,100,25,-80,230,0,249,0" owari="576,68.0,-55,-56.0,230,-17.0,249,5.0" /></mjloggm>