<mjloggm ver="2.3"><GO type="97" lobby="0"/><UN n0="%31%33%36%30" n1="%E3%82%A6%E3%83%AB%E3%83%88%E3%83%A9%E7%AB%8B%E7%9B%B4" n2="%75%6F%6B%6B%61%34%39%34" n3="%E3%82%A6%E3%83%B4%E3%82%A1%E3%81%95%E3%82%93" dan="14,14,15,13" rate="1970.66,1977.62,1945.22,1874.41" sx="M,M,M,M"/><TAIKYOKU oya="0"/><INIT seed="0,0,0,5,1,18" ten="250,250,250,250" oya="0" hai0="103,111,1,126,73,64,102,9,62,91,127,93,59" hai1="6,122,125,55,44,94,108,11,107,47,75,74,38" hai2="51,16,34,32,104,57,100,30,29,10,28,24,88" hai3="72,2,129,96,40,27,21,105,133,31,98,121,36"/><T19/><D73/><U15/><E107/><V39/><F39/><W109/><G109/><T3/><D111/><U66/><E108/><V90/><F104/><W46/><G129/><T68/><D68/><U118/><E118/><V12/><F34/><W85/><G133/><T37/><D37/><U130/><E122/><V128/><F128/><W53/><G72/><T33/><D33/><U110/><E110/><V14/><F32/><W86/><G2/><T23/><D3/><U43/><E130/><V41/><F100/><W95/><G105/><T87/><D9/><U81/><E125/><N who="0" m="47625" /><D1/><U119/><E119/><V0/><F0/><W83/><G121/><T84/><D87/><U78/><E66/><V50/><F50/><W7/><G7/><T114/><D114/><U132/><E132/><V60/><F12/><AGARI ba="0,0" hai="12,19,23,59,62,64,84,91,93,102,103" m="47625" machi="12" ten="30,2900,0" yaku="18,1,52,1" doraHai="18" who="0" fromWho="2" sc="250,29,250,0,250,-29,250,0" /><INIT seed="0,1,0,1,2,83" ten="279,250,221,250" oya="0" hai0="110,89,92,39,116,134,53,4,3,125,8,24,6" hai1="100,10,61,58,115,88,93,26,32,82,5,105,19" hai2="123,30,38,94,12,114,80,25,56,102,120,126,107" hai3="127,18,45,117,7,130,60,1,47,42,106,69,119"/><T81/><D116/><U84/><E115/><V108/><F38/><W78/><G127/><T72/><D39/><U48/><E48/><V27/><F114/><W49/><G106/><T76/><D125/><U23/><E32/><V97/><F126/><W31/><G1/><T131/><D134/><U62/><E105/><V124/><F124/><W50/><G31/><T28/><D6/><U35/><E35/><V71/><F71/><W75/><G7/><T91/><D91/><U77/><E100/><V59/><F108/><W9/><G9/><T98/><D110/><U104/><E104/><V74/><F25/><W135/><G18/><T86/><D53/><U96/><REACH who="1" step="1"/><E58/><REACH who="1" ten="279,240,221,250" step="2"/><V11/><F56/><W85/><G130/><T111/><D131/><U113/><E113/><V44/><F59/><W33/><G33/><T112/><D112/><U70/><E70/><V13/><F107/><W79/><G69/><T95/><D111/><U87/><E87/><V64/><F102/><W21/><G85/><T66/><D66/><U122/><E122/><V15/><F123/><W54/><G117/><T40/><D40/><U132/><E132/><V109/><F120/><W34/><G135/><T0/><D0/><AGARI ba="1,1" hai="0,5,10,19,23,26,61,62,77,82,84,88,93,96" machi="0" ten="30,7700,0" yaku="1,1,7,1,52,1,54,1,53,0" doraHai="83" doraHaiUra="55" who="1" fromWho="0" sc="279,-80,240,90,221,0,250,0" /><INIT seed="1,0,0,4,1,82" ten="199,330,221,250" oya="1" hai0="94,18,7,41,40,91,102,88,61,85,108,26,24" hai1="106,14,117,44,109,86,35,43,50,131,134,47,39" hai2="89,56,128,78,84,12,81,37,19,116,17,52,127" hai3="65,10,48,98,122,46,6,33,55,38,83,1,96"/><U133/><E106/><V5/><F116/><W132/><G122/><T135/><D108/><U75/><E75/><V101/><F37/><W34/><G132/><N who="1" m="50794" /><E35/><V45/><F127/><W104/><G65/><T126/><D126/><U103/><E103/><V66/><F128/><W49/><G38/><T13/><D135/><U8/><E117/><V113/><F113/><W90/><G98/><N who="0" m="57695" /><D7/><U25/><E25/><N who="0" m="9833" /><D102/><U115/><E115/><V92/><F101/><W0/><G1/><T63/><D61/><U114/><E114/><V30/><F66/><W67/><G67/><T53/><D63/><U107/><E107/><V80/><F80/><W31/><G31/><T51/><D53/><N who="1" m="29895" /><E109/><V2/><F30/><W11/><G10/><N who="0" m="6455" /><D51/><U97/><E97/><V23/><F2/><W119/><G119/><T110/><D110/><U125/><E125/><V99/><F5/><W64/><G64/><T124/><D124/><U62/><E62/><N who="2" m="36103" /><F17/><W21/><G104/><T15/><D15/><U36/><E131/><V100/><F100/><W73/><G73/><T129/><D129/><U71/><E71/><V58/><F99/><W77/><G34/><T93/><AGARI ba="0,0" hai="40,41,85,88,93" m="6455,9833,57695" machi="93" ten="30,4000,0" yaku="8,1,52,1,54,1" doraHai="82" who="0" fromWho="0" sc="199,40,330,-20,221,-10,250,-10" /><INIT seed="2,0,0,5,4,103" ten="239,310,211,240" oya="2" hai0="22,73,4,116,120,96,101,74,126,54,68,66,24" hai1="121,79,123,17,106,92,15,82,85,38,47,108,98" hai2="2,127,75,14,33,119,124,21,125,37,65,76,26" hai3="131,95,31,20,7,118,41,70,12,63,105,87,81"/><V52/><F119/><W67/><G118/><T134/><D116/><U10/><E108/><V110/><F37/><W56/><G131/><T18/><D120/><N who="1" m="46155" /><E106/><V107/><F2/><W48/><G31/><T133/><D4/><U16/><E17/><V53/><F33/><W122/><G122/><T32/><D32/><U135/><E135/><N who="0" m="51721" /><D126/><U1/><E1/><V58/><F110/><W132/><G20/><T9/><D54/><N who="2" m="21098" /><F14/><W129/><G95/><N who="0" m="58527" /><D9/><U3/><E3/><V11/><F11/><N who="3" m="4223" /><G70/><T49/><D49/><U51/><E38/><V57/><F107/><W0/><G0/><T71/><D71/><U43/><E92/><V42/><F42/><W99/><G129/><T59/><D68/><U13/><E13/><V112/><F65/><W94/><G105/><T77/><D77/><U89/><E98/><V39/><F39/><W28/><G28/><T93/><D93/><U5/><E5/><V78/><F112/><W102/><G132/><T60/><AGARI ba="0,0" hai="18,22,24,59,60,66,73,74" m="58527,51721" machi="60" ten="30,1100,0" yaku="20,1" doraHai="103" who="0" fromWho="0" sc="239,11,310,-3,211,-5,240,-3" /><INIT seed="3,0,0,2,3,94" ten="250,307,206,237" oya="3" hai0="91,64,66,4,65,79,40,126,95,63,29,28,71" hai1="23,55,6,86,36,101,52,99,61,80,124,75,132" hai2="33,54,2,114,47,32,42,128,25,97,74,89,1" hai3="93,9,13,109,57,98,27,59,130,34,39,17,51"/><W135/><G39/><T72/><D126/><U62/><E75/><V81/><F114/><W44/><G135/><T87/><D4/><U41/><E41/><V69/><F69/><W125/><G130/><T107/><D40/><U45/><E36/><V104/><F128/><W46/><G125/><T92/><D92/><N who="1" m="58599" /><E132/><V38/><F54/><N who="1" m="20521" /><E45/><N who="3" m="17514" /><G34/><N who="2" m="13417" /><F89/><N who="3" m="55599" /><G109/><T37/><D37/><U131/><E131/><V14/><F14/><W0/><G0/><T119/><D119/><U43/><E43/><V30/><F25/><W111/><G111/><T22/><D107/><U83/><E124/><V73/><F30/><W108/><G51/><T88/><D29/><U31/><E6/><V10/><F10/><W67/><G108/><T84/><D79/><N who="1" m="46367" /><E83/><V103/><F73/><W115/><G115/><T50/><D72/><U18/><E31/><V35/><N who="2" m="13425" /><V56/><DORA hai="105" /><F56/><N who="3" m="21579" /><G27/><AGARI ba="0,0" hai="18,23,27,61,62" m="46367,20521,58599" machi="27" ten="30,3900,0" yaku="8,1,52,1,54,1" doraHai="94,105" who="1" fromWho="3" sc="250,0,307,39,206,0,237,-39" owari="250,5.0,346,44.0,206,-19.0,198,-30.0" /></mjloggm>