<mjloggm ver="2.3"><GO type="169" lobby="0"/><UN n0="%41%73%61%32%34" n1="%E3%83%A8%E3%82%B3%E3%83%A8%E3%82%B3" n2="%E3%81%8C%E3%82%84%54" n3="%E3%82%A6%E3%83%AB%E3%83%88%E3%83%A9%E7%AB%8B%E7%9B%B4" dan="16,16,16,16" rate="2112.66,2103.75,2101.20,2059.68" sx="M,M,M,M"/><TAIKYOKU oya="0"/><INIT seed="0,0,0,3,4,66" ten="250,250,250,250" oya="0" hai0="114,21,116,18,107,132,35,84,80,11,90,125,6" hai1="119,29,77,108,71,118,54,68,37,53,12,9,85" hai2="76,36,79,93,73,74,16,32,64,88,113,82,38" hai3="120,124,7,104,47,55,0,127,78,58,72,96,59"/><T56/><D116/><U99/><E37/><V25/><F113/><W89/><G120/><T28/><D114/><U115/><E115/><V4/><F4/><W10/><G58/><T22/><D107/><U43/><E43/><V130/><F130/><W101/><G89/><T103/><D132/><U75/><E75/><V61/><F76/><W122/><G122/><T95/><D125/><U128/><E128/><V83/><F83/><W42/><G55/><T69/><D69/><U3/><E3/><V91/><F74/><W52/><G78/><T24/><D56/><U63/><E108/><V87/><F91/><W17/><G17/><T51/><D51/><U135/><E135/><V109/><F109/><W129/><G72/><T33/><D33/><U30/><E77/><V133/><F133/><W126/><G129/><T45/><D45/><U34/><E34/><V39/><F16/><W31/><G31/><T102/><D80/><U60/><E85/><V121/><F121/><W70/><G70/><T81/><D81/><U110/><E110/><V106/><F106/><W40/><REACH who="3" step="1"/><G47/><REACH who="3" ten="250,250,250,240" step="2"/><T134/><D134/><U111/><E111/><V14/><F73/><W100/><G100/><T46/><D46/><U117/><E117/><V131/><F131/><W50/><AGARI ba="0,1" hai="0,7,10,40,42,50,52,59,96,101,104,124,126,127" machi="50" ten="30,7900,0" yaku="1,1,0,1,18,1,54,1,53,0" doraHai="66" doraHaiUra="123" who="3" fromWho="3" sc="250,-39,250,-20,250,-20,240,89" /><INIT seed="1,0,0,4,1,42" ten="211,230,230,329" oya="1" hai0="30,129,98,92,2,7,113,131,114,56,19,107,21" hai1="50,52,77,87,59,66,9,8,23,67,126,48,123" hai2="120,121,62,93,25,40,111,13,89,83,70,86,94" hai3="49,28,74,68,39,85,6,53,117,128,10,84,88"/><U135/><E123/><V60/><F111/><W127/><G39/><T72/><D72/><U110/><E110/><V41/><F70/><W1/><G74/><T134/><D107/><U91/><E135/><V100/><F13/><W4/><G68/><T108/><D108/><U102/><E126/><V22/><F121/><W99/><G127/><T47/><D134/><U130/><E130/><N who="0" m="49673" /><D56/><U76/><E102/><V58/><F120/><W24/><G6/><T69/><D69/><U33/><E33/><V112/><F112/><W71/><G71/><T97/><D30/><U122/><E122/><V133/><F133/><W125/><G125/><T38/><D7/><U106/><E106/><V118/><F118/><W46/><G117/><T11/><D11/><N who="1" m="4171" /><E23/><V132/><F132/><W0/><G128/><T95/><D2/><U116/><E116/><V109/><F109/><W5/><G5/><T63/><D63/><N who="2" m="24106" /><F58/><W103/><G0/><T26/><D114/><U57/><E59/><V75/><F75/><W105/><REACH who="3" step="1"/><G88/><REACH who="3" ten="211,230,230,319" step="2"/><T81/><D113/><U115/><E115/><V3/><F3/><W44/><G44/><T18/><D47/><U36/><E36/><V104/><F89/><W79/><G79/><N who="1" m="30282" /><E50/><V12/><F86/><W34/><AGARI ba="0,1" hai="1,4,10,24,28,34,46,49,53,84,85,99,103,105" machi="34" ten="20,12000,2" yaku="1,1,0,1,7,1,52,1,53,2" doraHai="42" doraHaiUra="80" who="3" fromWho="3" sc="211,-30,230,-60,230,-30,319,130" /><INIT seed="2,0,0,5,5,18" ten="181,170,200,449" oya="2" hai0="12,134,109,76,59,68,22,70,84,103,56,46,117" hai1="96,128,132,38,0,114,111,112,80,73,105,98,26" hai2="62,125,79,11,69,74,124,27,94,36,118,95,48" hai3="78,120,13,108,30,10,6,37,24,82,135,43,21"/><V42/><F36/><W104/><G104/><T101/><D134/><U92/><E0/><V15/><F118/><W116/><G120/><T25/><D46/><U2/><E2/><V7/><F27/><W61/><G116/><T3/><D3/><U86/><E38/><V93/><F74/><W47/><G108/><T31/><D109/><U133/><E26/><V72/><F72/><W51/><G135/><N who="1" m="51786" /><E111/><V66/><REACH who="2" step="1"/><F79/><REACH who="2" ten="181,170,190,449" step="2"/><W130/><G37/><T106/><D117/><U75/><E73/><V81/><F81/><W119/><G119/><T126/><D76/><U64/><E75/><V58/><F58/><W1/><G82/><T65/><D56/><U8/><E80/><V5/><F5/><W39/><G78/><T14/><D59/><U17/><E112/><V90/><F90/><W50/><G39/><T4/><D4/><U53/><E114/><V122/><F122/><W57/><G57/><T35/><D25/><U77/><E77/><V107/><F107/><W113/><G113/><T88/><D106/><U41/><E105/><V16/><F16/><W91/><G91/><T97/><D88/><U127/><E17/><V110/><F110/><W123/><G123/><T63/><D31/><U54/><E92/><V19/><F19/><W49/><G30/><T33/><D103/><U89/><E89/><V32/><F32/><W29/><G29/><T121/><D101/><U44/><E86/><V87/><F87/><W40/><G24/><T55/><D35/><U20/><E96/><V45/><AGARI ba="0,1" hai="7,11,15,42,45,48,62,66,69,93,94,95,124,125" machi="45" ten="30,3000,0" yaku="1,1,0,1,53,0" doraHai="18" doraHaiUra="83" who="2" fromWho="2" sc="181,-10,170,-10,190,40,449,-10" /><INIT seed="2,1,0,4,4,124" ten="171,160,230,439" oya="2" hai0="49,106,126,59,16,37,27,30,107,82,101,105,97" hai1="108,21,54,120,10,113,35,80,15,40,98,96,44" hai2="104,38,58,1,34,90,110,2,60,29,25,65,93" hai3="134,100,23,66,125,69,118,0,131,72,77,42,81"/><V132/><F132/><W123/><G23/><T73/><D37/><U56/><E35/><V135/><F135/><W17/><G17/><T71/><D71/><U64/><E113/><V122/><F122/><W41/><G41/><T67/><D126/><U24/><E120/><V103/><F110/><W111/><G42/><T95/><D67/><U47/><E108/><V18/><F38/><W5/><G123/><T36/><D36/><U13/><E64/><V3/><F18/><W22/><G22/><T31/><D16/><N who="1" m="12327" /><E80/><V28/><F28/><W119/><G111/><T63/><D27/><U55/><E40/><V94/><REACH who="2" step="1"/><F90/><REACH who="2" ten="171,160,220,439" step="2"/><W39/><G39/><T121/><D121/><U99/><E13/><V102/><F102/><W46/><G100/><T109/><D109/><U85/><E15/><V4/><F4/><W129/><G134/><T89/><D30/><U84/><E10/><V50/><F50/><W20/><G5/><T62/><D31/><U32/><E32/><V51/><F51/><W70/><G125/><T117/><D89/><U83/><E44/><V26/><F26/><W78/><G46/><T14/><D101/><U130/><E47/><V52/><F52/><W11/><G11/><T116/><D116/><U91/><E54/><V9/><F9/><W79/><G119/><T45/><D117/><U33/><E33/><V75/><F75/><W12/><G118/><T112/><D45/><U8/><E55/><V19/><F19/><W128/><G72/><T7/><D49/><U43/><E8/><V61/><F61/><W74/><G74/><T57/><D73/><RYUUKYOKU ba="1,1" sc="171,-10,160,-10,220,30,439,-10" hai2="1,2,3,25,29,34,58,60,65,93,94,103,104" /><INIT seed="2,2,1,0,4,64" ten="161,150,250,429" oya="2" hai0="52,19,62,86,63,72,20,3,59,89,114,96,48" hai1="60,38,82,128,37,12,122,8,130,121,88,31,65" hai2="13,81,40,123,126,132,119,94,112,84,98,95,41" hai3="9,11,10,24,100,58,68,46,135,23,97,101,49"/><V110/><F123/><N who="1" m="47113" /><E31/><V33/><F119/><W30/><G68/><T26/><D72/><U103/><E103/><V18/><F112/><W106/><G135/><T39/><D39/><U80/><E82/><V87/><F33/><W15/><G58/><T91/><D3/><U105/><E105/><V116/><F116/><W117/><G117/><T113/><D113/><U76/><E76/><N who="2" m="46119" /><F132/><W83/><G83/><T99/><D114/><U44/><E80/><V50/><F126/><W21/><G101/><T34/><D34/><U92/><E8/><N who="2" m="6439" /><F110/><W134/><G134/><T6/><D6/><U25/><E12/><V79/><F79/><W127/><G127/><T55/><D89/><U0/><E25/><V61/><F61/><N who="0" m="23050" /><D55/><U54/><E0/><V78/><F78/><W73/><G73/><T17/><D17/><U5/><E5/><V67/><F67/><W120/><G120/><T16/><D19/><U93/><E54/><V7/><F7/><W2/><G2/><T77/><D77/><U133/><E133/><V53/><F87/><W69/><G21/><T43/><D43/><N who="2" m="16458" /><F98/><W124/><G124/><T71/><D71/><N who="1" m="42407" /><E44/><AGARI ba="2,1" hai="44,50,53,94,95" m="16458,6439,46119" machi="44" ten="30,1500,0" yaku="8,1" doraHai="64" who="2" fromWho="1" sc="161,0,150,-21,250,31,429,0" /><INIT seed="2,3,0,4,2,120" ten="161,129,281,429" oya="2" hai0="132,105,8,110,20,123,19,99,50,38,47,10,2" hai1="130,126,46,77,116,93,36,5,86,87,121,16,15" hai2="13,90,39,96,66,84,60,1,81,113,108,104,128" hai3="115,63,79,55,89,32,73,64,41,97,24,56,9"/><V78/><F1/><W28/><G115/><T11/><D123/><U6/><E121/><V98/><F39/><W103/><G41/><T49/><D38/><U106/><E106/><V83/><F113/><W122/><G122/><T34/><D34/><U69/><E69/><V3/><F3/><W61/><G89/><T37/><D37/><U100/><E116/><V29/><F128/><W14/><G79/><T42/><D132/><U0/><E130/><V117/><F117/><W95/><G73/><T107/><D2/><U18/><E126/><V80/><F29/><W114/><G114/><T76/><D76/><U43/><E0/><V111/><F13/><W119/><G119/><T101/><D110/><N who="2" m="42026" /><F104/><W31/><G32/><T68/><D107/><U70/><E70/><N who="2" m="42311" /><F81/><W92/><G24/><T53/><D68/><U40/><E36/><V58/><F58/><N who="3" m="35295" /><G92/><T57/><D8/><U25/><E25/><AGARI ba="3,0" hai="10,11,19,20,25,42,47,49,50,53,57,99,101,105" machi="25" ten="30,1000,0" yaku="7,1" doraHai="120" who="0" fromWho="1" sc="161,19,129,-19,281,0,429,0" /><INIT seed="3,0,0,4,2,119" ten="180,110,281,429" oya="3" hai0="11,5,42,2,103,58,22,98,75,121,24,87,35" hai1="40,41,82,130,99,127,8,31,53,93,74,67,13" hai2="123,34,114,124,10,117,116,132,81,115,125,38,95" hai3="0,21,15,17,3,57,30,78,52,106,37,104,105"/><W70/><G70/><T64/><D75/><U16/><E127/><N who="2" m="48715" /><F38/><W72/><G37/><T55/><D42/><U63/><E130/><V56/><F34/><W131/><G131/><T65/><D35/><U29/><E53/><V20/><F20/><W62/><REACH who="3" step="1"/><G30/><REACH who="3" ten="180,110,281,419" step="2"/><T84/><D65/><U14/><E31/><V73/><F116/><W112/><G112/><T100/><D64/><U110/><E29/><V122/><F117/><W128/><G128/><T66/><D66/><U69/><E110/><V85/><F115/><W109/><G109/><T77/><D55/><U23/><E69/><V80/><F114/><W12/><G12/><T89/><D2/><U39/><E67/><V134/><F134/><W27/><G27/><T6/><D24/><U108/><E39/><V44/><F132/><W96/><G96/><T9/><D98/><U94/><E13/><V26/><F26/><W51/><G51/><T7/><D7/><U1/><E14/><V54/><F54/><W47/><G47/><T45/><D45/><U102/><E1/><V61/><F44/><W36/><G36/><T68/><D5/><U4/><E4/><V107/><F56/><W111/><G111/><T46/><D6/><U133/><E99/><V71/><F71/><W91/><G91/><T48/><D68/><U129/><E133/><V18/><F61/><W83/><AGARI ba="0,1" hai="0,3,15,17,21,52,57,62,72,78,83,104,105,106" machi="83" ten="40,7800,0" yaku="1,1,0,1,54,1,53,0" doraHai="119" doraHaiUra="118" who="3" fromWho="3" sc="180,-26,110,-26,281,-26,419,88" /><INIT seed="3,1,0,2,4,3" ten="154,84,255,507" oya="3" hai0="49,102,87,42,112,79,93,18,84,95,31,30,83" hai1="23,90,22,53,66,28,114,78,35,13,115,45,15" hai2="32,80,10,72,89,21,104,128,9,56,8,107,36" hai3="134,121,54,14,59,88,12,98,106,1,70,91,108"/><W40/><G1/><T109/><D109/><U7/><E78/><V65/><F32/><W133/><G70/><T57/><D112/><U73/><E66/><V132/><F36/><W74/><G74/><T47/><D95/><U77/><E73/><V129/><F132/><N who="3" m="50795" /><G121/><T122/><D122/><U97/><E77/><N who="2" m="44071" /><F21/><W82/><G40/><T130/><D130/><N who="2" m="50282" /><F89/><N who="3" m="34379" /><G82/><T55/><D87/><U48/><E90/><V118/><F118/><W44/><G44/><T76/><D76/><U46/><E97/><V5/><F5/><W117/><G117/><T86/><D86/><U105/><E45/><V4/><F4/><W99/><G108/><T16/><D93/><U27/><E105/><V111/><F111/><W38/><G38/><T126/><D102/><U116/><E116/><V68/><F68/><W29/><G29/><N who="0" m="10763" /><D126/><U127/><E127/><V120/><F120/><W62/><G99/><T125/><D125/><U81/><E81/><V119/><F119/><W17/><G17/><T64/><D64/><U124/><E124/><V131/><F131/><W96/><G96/><T33/><D33/><U94/><E94/><V110/><F110/><W43/><G43/><T92/><D92/><U39/><E39/><V25/><F107/><W61/><G61/><T100/><D100/><AGARI ba="1,0" hai="12,14,54,59,62,98,100,106" m="34379,50795" machi="100" ten="30,2900,0" yaku="20,1,54,1" doraHai="3" who="3" fromWho="0" sc="154,-32,84,0,255,0,507,32" /><INIT seed="3,2,0,1,1,122" ten="122,84,255,539" oya="3" hai0="30,82,123,112,44,9,133,118,106,62,57,134,132" hai1="40,63,78,116,121,80,71,104,119,113,103,31,25" hai2="8,37,86,84,18,85,32,52,47,102,67,114,129" hai3="22,16,56,2,14,1,39,83,89,64,135,77,49"/><W34/><G39/><T3/><D106/><U5/><E121/><V131/><F114/><W76/><G34/><T66/><D123/><U81/><E113/><V74/><F32/><W46/><G135/><T115/><D118/><N who="1" m="45099" /><E40/><V124/><F124/><W54/><G89/><T21/><D82/><U10/><E103/><V92/><F74/><W88/><G2/><T68/><D68/><U17/><E104/><V101/><F67/><W45/><G1/><T111/><D111/><U59/><E71/><V72/><F72/><W70/><G70/><T110/><D110/><U128/><E17/><V13/><F37/><W26/><G26/><N who="0" m="16719" /><D44/><N who="3" m="17001" /><G64/><T120/><D120/><U35/><E128/><N who="2" m="49227" /><F92/><W87/><AGARI ba="2,0" hai="14,16,22,49,54,56,76,77,83,87,88" m="17001" machi="87" ten="30,6000,0" yaku="8,1,54,2" doraHai="122" who="3" fromWho="3" sc="122,-22,84,-22,255,-22,539,66" /><INIT seed="3,3,0,5,4,85" ten="100,62,233,605" oya="3" hai0="52,110,126,93,122,135,31,41,34,83,82,79,44" hai1="61,118,64,125,5,56,37,23,13,47,4,0,35" hai2="131,33,88,43,12,86,19,16,105,78,132,121,68" hai3="109,20,6,66,45,99,42,1,91,26,75,10,65"/><W89/><G75/><T70/><D122/><U30/><E125/><V11/><F105/><W49/><G109/><T97/><D70/><U7/><E118/><V102/><F121/><W98/><G98/><T57/><D126/><U46/><E0/><V76/><F68/><W81/><G81/><T133/><D110/><U112/><E112/><V130/><F102/><W73/><G73/><T55/><D31/><U62/><E37/><V103/><F103/><W9/><G99/><T8/><D34/><U127/><E127/><V134/><F43/><W3/><G65/><T2/><D8/><U21/><E35/><V51/><F51/><W120/><G66/><T40/><D2/><U59/><E30/><V71/><F71/><W104/><G104/><T60/><D55/><U119/><E119/><V101/><F101/><W36/><G36/><T63/><D63/><U53/><REACH who="1" step="1"/><E13/><REACH who="1" ten="100,52,233,605" step="2"/><N who="2" m="7231" /><F33/><W48/><G120/><T116/><D116/><U74/><E74/><V14/><F14/><W67/><G1/><T108/><D108/><U50/><E50/><V96/><F12/><W38/><G49/><T107/><D60/><U29/><E29/><V28/><F28/><W69/><G38/><T80/><D40/><U54/><E54/><V32/><F32/><W84/><G3/><T129/><D41/><U22/><AGARI ba="3,1" hai="4,5,7,21,22,23,46,47,53,56,59,61,62,64" machi="22" ten="30,4000,0" yaku="1,1,0,1,8,1,53,0" doraHai="85" doraHaiUra="39" who="1" fromWho="1" sc="100,-13,52,59,233,-13,605,-23" /><INIT seed="4,0,0,0,5,98" ten="87,111,220,582" oya="0" hai0="61,102,64,41,55,86,125,51,100,15,17,77,71" hai1="52,89,70,4,59,134,105,7,31,78,35,115,23" hai2="1,129,119,48,25,6,28,123,112,19,13,95,9" hai3="128,42,96,29,36,14,10,103,88,60,99,91,118"/><T107/><D107/><U122/><E122/><V87/><F123/><W76/><G118/><T37/><D125/><U56/><E70/><V93/><F119/><W130/><G76/><T83/><D37/><U85/><E105/><V54/><F129/><N who="3" m="49771" /><G29/><T110/><D41/><U106/><E106/><V132/><F132/><W27/><G27/><T22/><REACH who="0" step="1"/><D110/><REACH who="0" ten="77,111,220,582" step="2"/><U104/><E104/><V32/><F112/><W109/><G109/><T72/><D72/><U68/><E115/><V120/><F120/><W126/><G126/><T74/><D74/><U58/><E134/><V65/><F65/><W82/><G42/><T90/><D90/><U50/><E89/><V92/><F87/><W75/><G36/><T114/><D114/><U45/><E85/><V26/><F26/><W40/><G40/><T116/><D116/><U39/><E39/><V21/><F95/><W62/><G91/><T30/><D30/><U80/><E78/><V2/><F93/><N who="3" m="58767" /><G75/><T46/><AGARI ba="0,1" hai="15,17,22,46,51,55,61,64,71,77,83,86,100,102" machi="46" ten="20,18000,2" yaku="1,1,0,1,7,1,52,2,53,1" doraHai="98" doraHaiUra="66" who="0" fromWho="0" sc="77,190,111,-60,220,-60,582,-60" /><INIT seed="4,1,0,2,5,48" ten="267,51,160,522" oya="0" hai0="99,77,60,98,10,119,135,86,120,25,129,115,80" hai1="46,134,51,2,9,100,55,72,28,81,45,105,74" hai2="34,76,44,90,91,31,82,49,131,122,16,101,39" hai3="29,63,27,58,3,87,109,65,125,33,114,107,102"/><T8/><D120/><U17/><E134/><V41/><F122/><W24/><G3/><T113/><D119/><U47/><E28/><V70/><F70/><W7/><G109/><T26/><D129/><U130/><E130/><V22/><F131/><W97/><G7/><T88/><D60/><U132/><E132/><V75/><F101/><W89/><G125/><T62/><D62/><U61/><E61/><V121/><F121/><W23/><G114/><N who="0" m="43531" /><D135/><U78/><E72/><V118/><F49/><W36/><G36/><T50/><D77/><U4/><REACH who="1" step="1"/><E17/><REACH who="1" ten="267,41,160,522" step="2"/><V111/><F31/><W12/><G29/><T18/><D18/><U11/><E11/><V112/><F16/><W69/><G69/><T35/><D8/><U42/><E42/><V83/><F41/><W73/><G73/><T93/><D10/><U124/><E124/><V103/><F75/><W71/><G71/><T94/><D35/><U79/><E79/><V6/><F76/><W85/><G33/><T126/><D126/><U59/><E59/><V128/><F34/><W96/><G58/><T43/><D43/><U20/><E20/><V54/><F22/><W123/><G63/><T84/><D50/><U52/><E52/><V53/><F53/><W21/><G123/><T67/><D67/><U106/><E106/><V133/><F54/><W1/><G65/><T40/><D40/><U92/><E92/><V64/><F133/><W13/><G23/><T15/><D94/><U5/><E5/><V127/><F128/><W68/><G21/><T57/><D93/><U30/><E30/><V56/><F112/><RYUUKYOKU ba="1,1" sc="267,-10,41,30,160,-10,522,-10" hai1="2,4,9,45,46,47,51,55,74,78,81,100,105" /><INIT seed="5,2,1,0,4,48" ten="257,71,150,512" oya="1" hai0="24,43,74,118,128,1,87,89,46,120,64,28,127" hai1="45,60,93,18,101,122,9,98,58,72,40,121,23" hai2="91,7,5,126,21,68,130,62,38,66,50,79,52" hai3="20,55,61,15,56,133,67,112,99,65,106,12,22"/><U51/><E72/><V117/><F117/><W31/><G106/><T0/><D120/><U49/><E9/><V63/><F38/><W94/><G112/><T123/><D123/><U70/><E70/><V6/><F130/><W14/><G133/><T36/><D118/><U69/><E69/><V59/><F126/><W96/><G96/><T53/><D128/><U124/><E124/><V113/><F113/><W95/><G95/><T37/><D37/><U19/><E49/><V35/><F35/><W84/><G84/><T132/><D132/><U73/><E73/><V134/><F134/><W114/><G114/><T90/><D74/><U17/><E122/><V26/><F79/><W2/><G2/><T108/><D64/><N who="3" m="24649" /><G31/><T110/><D127/><U10/><E10/><V107/><F107/><W77/><G77/><T54/><D1/><U76/><E76/><V4/><N who="2" m="1024" /><DORA hai="25" /><V34/><F91/><AGARI ba="2,1" hai="12,14,15,20,22,55,56,61,91,94,99" m="24649" machi="91" ten="30,2000,0" yaku="8,1,52,1" doraHai="48,25" who="3" fromWho="2" sc="257,0,71,0,150,-26,512,36" /><INIT seed="6,0,0,5,2,116" ten="257,71,124,548" oya="2" hai0="8,16,90,84,96,68,27,41,118,10,102,70,51" hai1="12,36,112,76,88,73,37,13,21,39,75,32,129" hai2="26,124,5,28,89,134,97,54,65,47,125,25,50" hai3="121,92,104,133,67,61,22,94,86,55,29,57,52"/><V35/><F134/><W58/><G104/><T63/><D118/><U1/><E1/><V127/><F5/><W44/><G121/><T87/><D63/><U64/><E32/><V107/><F26/><N who="3" m="16599" /><G133/><T49/><D102/><U4/><E112/><V77/><F77/><W126/><G126/><T11/><D68/><U30/><E129/><V74/><F74/><W128/><G128/><T20/><D70/><U98/><E64/><V34/><F65/><W3/><G3/><T23/><D23/><U42/><E42/><V117/><F117/><W132/><G132/><T135/><D135/><U38/><N who="1" m="9216" /><DORA hai="46" /><U78/><E76/><V31/><F31/><W72/><G72/><T100/><D41/><U105/><E105/><V83/><F35/><W114/><G114/><T48/><D90/><U109/><E109/><V82/><F89/><W0/><G0/><T6/><D6/><U59/><E73/><V15/><F15/><W56/><G86/><T91/><D91/><U101/><E101/><AGARI ba="0,0" hai="25,28,34,47,50,54,82,83,97,101,107,124,125,127" machi="101" ten="40,3900,0" yaku="18,1,52,1" doraHai="116,46" who="2" fromWho="1" sc="257,0,71,-39,124,39,548,0" /><INIT seed="6,1,0,0,3,114" ten="257,32,163,548" oya="2" hai0="80,30,130,97,96,65,83,78,103,128,126,116,50" hai1="57,60,26,16,47,13,33,135,39,10,118,88,11" hai2="36,12,31,27,85,106,7,23,35,42,71,93,17" hai3="43,58,109,125,90,3,74,112,18,95,76,45,66"/><V111/><F106/><W124/><G3/><T20/><D126/><U87/><E118/><V38/><F71/><W49/><G109/><T121/><D121/><U117/><E117/><V77/><F111/><W120/><G120/><T37/><D37/><U53/><E135/><V40/><F38/><W69/><G76/><T108/><D108/><U70/><E70/><V51/><F36/><W55/><G74/><T68/><D50/><U110/><E110/><V8/><F51/><W91/><G112/><T24/><D116/><U15/><E33/><V28/><F28/><W56/><G56/><T98/><D103/><U89/><E26/><V84/><F84/><W122/><G122/><T86/><D83/><U62/><E62/><V101/><F101/><W119/><G119/><T73/><D73/><U99/><E99/><V94/><F93/><W61/><G18/><T9/><D9/><U46/><E39/><V34/><F34/><W0/><G0/><T41/><D41/><U72/><E72/><V25/><REACH who="2" step="1"/><F94/><REACH who="2" ten="257,32,153,548" step="2"/><W100/><G100/><T134/><D68/><U48/><E87/><V63/><F63/><N who="3" m="36319" /><G95/><T127/><D30/><U131/><E131/><V54/><F54/><W19/><G61/><T133/><D128/><U113/><E113/><V22/><F22/><W104/><G69/><T105/><D130/><U67/><REACH who="1" step="1"/><E46/><REACH who="1" ten="257,22,153,548" step="2"/><V115/><F115/><W4/><G45/><T14/><D86/><U102/><E102/><V21/><F21/><W81/><G104/><T75/><D105/><U82/><E82/><AGARI ba="1,2" hai="7,8,12,17,23,25,27,31,35,40,42,77,82,85" machi="82" ten="40,3900,0" yaku="1,1,53,1" doraHai="114" doraHaiUra="6" who="2" fromWho="1" sc="257,0,22,-42,153,62,548,0" owari="257,6.0,-20,-52.0,215,-18.0,548,64.0" /></mjloggm>