<mjloggm ver="2.3"><GO type="97" lobby="0"/><UN n0="%E9%BB%92%E6%B2%A2%E2%80%9D" n1="%6A%75%72%69%65%73%75" n2="%E7%A5%9E%E4%BB%A3%E5%B0%8F%E8%92%94%E2%98%85" n3="%E3%82%A6%E3%83%AB%E3%83%88%E3%83%A9%E7%AB%8B%E7%9B%B4" dan="13,16,15,15" rate="1898.80,1974.76,2040.58,2014.54" sx="M,M,F,M"/><TAIKYOKU oya="0"/><INIT seed="0,0,0,2,4,37" ten="250,250,250,250" oya="0" hai0="103,86,54,88,114,85,70,90,81,129,21,69,24" hai1="12,43,32,23,47,116,46,76,48,51,57,8,19" hai2="135,56,92,89,83,101,117,84,119,52,67,82,3" hai3="121,22,108,25,128,71,36,10,78,38,44,80,94"/><T59/><D114/><U77/><E116/><N who="2" m="44619" /><F3/><W60/><G121/><T123/><D103/><U4/><E32/><V73/><F67/><W130/><G108/><T40/><D40/><U27/><E57/><V97/><F56/><W6/><G94/><T62/><D123/><U120/><REACH who="1" step="1"/><E120/><REACH who="1" ten="250,240,250,250" step="2"/><V14/><F135/><W104/><G71/><T65/><D129/><U33/><E33/><V72/><F14/><W79/><G128/><T98/><D98/><U2/><E2/><V34/><F34/><W58/><G130/><T96/><D96/><U105/><E105/><N who="2" m="63663" /><F52/><AGARI ba="0,1" hai="4,8,12,19,23,27,43,46,47,48,51,52,76,77" machi="52" ten="30,8000,1" yaku="1,1,7,1,8,1,52,1,54,1,53,0" doraHai="37" doraHaiUra="95" who="1" fromWho="2" sc="250,0,240,90,250,-80,250,0" /><INIT seed="1,0,0,4,4,104" ten="250,330,170,250" oya="1" hai0="78,54,28,66,102,12,107,127,88,62,122,133,10" hai1="84,123,47,25,18,15,61,114,82,51,95,3,115" hai2="111,63,113,53,73,131,103,22,7,97,24,42,92" hai3="33,21,52,55,126,71,59,100,41,40,0,79,119"/><U91/><E123/><V14/><F73/><W85/><G33/><T5/><D78/><U128/><E3/><V9/><F111/><W65/><G0/><T38/><D38/><U80/><E128/><V4/><F131/><W37/><G100/><T116/><D116/><U64/><E25/><V118/><F113/><W74/><G74/><T109/><D109/><U27/><E27/><V120/><F120/><W13/><G71/><T48/><D122/><U20/><E114/><V101/><F118/><W1/><G1/><T86/><D133/><U35/><E35/><V57/><F42/><N who="3" m="16491" /><G37/><T129/><D129/><U108/><E115/><V31/><REACH who="2" step="1"/><F101/><REACH who="2" ten="250,330,160,250" step="2"/><W132/><G119/><T110/><D110/><U117/><E108/><V134/><F134/><W135/><G132/><T6/><D102/><U32/><E117/><V124/><F124/><W87/><G126/><T81/><D127/><U67/><E32/><V16/><AGARI ba="0,1" hai="4,7,9,14,16,22,24,31,53,57,63,92,97,103" machi="16" ten="20,12000,2" yaku="1,1,0,1,7,1,8,1,54,1,53,1" doraHai="104" doraHaiUra="8" who="2" fromWho="2" sc="250,-30,330,-60,160,130,250,-30" /><INIT seed="2,0,0,0,4,56" ten="220,270,290,220" oya="2" hai0="81,100,74,91,57,12,123,22,43,42,8,71,99" hai1="124,133,2,20,131,115,45,11,40,97,41,27,46" hai2="125,130,18,55,4,68,90,5,28,76,36,50,21" hai3="117,114,15,9,128,127,17,119,105,35,121,85,118"/><V54/><F36/><W31/><G105/><T112/><D71/><U13/><E115/><V108/><F68/><W82/><G121/><T110/><D112/><U69/><E2/><V79/><F125/><W107/><G107/><T78/><D123/><U65/><E124/><V88/><F130/><W122/><G122/><T66/><D110/><U53/><E131/><V52/><F108/><W83/><G128/><T60/><D91/><N who="2" m="34858" /><F28/><W102/><G102/><T80/><D80/><U98/><E133/><V58/><F50/><W135/><G127/><T134/><D134/><U109/><E109/><V3/><F3/><W16/><G135/><T39/><D39/><U116/><E116/><V24/><F58/><W38/><G38/><T72/><D72/><U106/><E69/><V47/><F47/><W37/><G37/><T103/><D103/><U104/><E46/><V73/><F73/><W87/><G114/><T59/><D59/><U25/><E45/><V34/><F34/><W129/><G129/><T26/><D100/><U126/><E104/><V62/><F62/><W92/><G31/><T63/><D99/><U61/><E61/><V1/><F1/><W6/><G35/><T94/><D63/><U32/><E32/><V23/><F23/><W49/><G49/><T84/><D74/><U64/><E98/><V95/><F95/><W111/><G92/><T14/><D94/><U7/><E97/><V101/><F101/><W113/><G113/><T67/><D67/><N who="1" m="25675" /><E106/><V86/><F86/><N who="3" m="32779" /><G111/><T29/><D8/><N who="1" m="4255" /><E126/><V48/><F48/><W77/><G77/><AGARI ba="0,0" hai="4,5,18,21,24,52,54,55,76,77,79" m="34858" machi="77" ten="30,5800,0" yaku="8,1,54,2" doraHai="56" who="2" fromWho="3" sc="220,0,270,0,290,58,220,-58" /><INIT seed="2,1,0,0,0,124" ten="220,270,348,162" oya="2" hai0="102,8,20,44,117,33,91,78,125,129,23,18,82" hai1="128,112,25,63,48,81,66,35,69,115,53,99,52" hai2="0,123,85,9,34,74,122,28,131,104,89,114,40" hai3="43,111,56,47,29,10,14,32,50,49,93,30,3"/><V108/><F114/><W62/><G3/><T46/><D33/><U1/><E1/><V57/><F74/><W121/><G121/><T61/><D125/><U22/><E35/><V118/><F104/><W59/><G111/><T7/><D102/><U76/><E99/><V83/><F118/><W86/><G32/><T88/><D117/><U120/><E120/><V65/><F40/><W6/><G59/><T38/><D61/><U119/><E119/><V21/><F34/><W96/><G50/><T68/><D68/><U98/><E98/><V134/><F108/><W132/><G132/><T77/><D77/><U31/><E53/><V39/><F39/><W12/><G12/><T13/><D23/><U26/><E26/><V72/><F134/><W109/><G109/><T41/><D46/><U101/><E101/><V2/><F72/><W133/><G133/><T36/><D36/><U92/><E92/><V11/><F123/><W87/><G87/><T106/><D106/><U107/><E107/><V103/><F122/><W71/><G71/><T94/><D94/><U110/><E110/><V42/><F103/><W45/><G45/><T130/><D91/><U116/><E116/><V97/><F42/><W127/><G127/><T67/><D67/><U58/><E128/><V79/><F131/><W135/><G135/><T60/><D60/><U80/><E80/><V105/><F83/><W27/><G27/><N who="0" m="14743" /><D88/><U100/><E100/><V4/><F89/><N who="3" m="53431" /><G96/><T126/><D126/><U73/><AGARI ba="1,0" hai="22,25,31,48,52,58,63,66,69,73,76,81,112,115" machi="73" ten="20,2700,0" yaku="0,1,7,1,54,1" doraHai="124" who="1" fromWho="1" sc="220,-8,270,30,348,-14,162,-8" /><INIT seed="3,0,0,2,4,48" ten="212,300,334,154" oya="3" hai0="135,8,0,113,32,90,19,127,92,84,62,115,79" hai1="81,52,20,51,125,123,82,60,96,120,97,57,58" hai2="54,66,50,72,73,22,2,13,87,106,40,25,93" hai3="18,119,77,109,28,126,129,130,34,124,46,17,103"/><W44/><G103/><T110/><D32/><U134/><E125/><N who="3" m="48234" /><G119/><T70/><D127/><U94/><E134/><V56/><F106/><W91/><G77/><T71/><D135/><U47/><E58/><V41/><F2/><W98/><G28/><T131/><D131/><N who="3" m="50185" /><G34/><T30/><D30/><U83/><E20/><V14/><F72/><W128/><N who="3" m="50193" /><W74/><DORA hai="133" /><G74/><T26/><D79/><U27/><E27/><V67/><F73/><W118/><G118/><T49/><D26/><U10/><E10/><V102/><F102/><W86/><G98/><T99/><D99/><U39/><E39/><V55/><F87/><W104/><G104/><T11/><D11/><U111/><E111/><V116/><F93/><N who="3" m="54519" /><G109/><T35/><D110/><U33/><E33/><V5/><F116/><W38/><G38/><T63/><D35/><U112/><E96/><V101/><F101/><W108/><G108/><T36/><D36/><U65/><E112/><V64/><F5/><W31/><G31/><T121/><D115/><U23/><E120/><V107/><F107/><W61/><G61/><T75/><D121/><U53/><E123/><V88/><F88/><W21/><G18/><T37/><D75/><U59/><E97/><V117/><F117/><W132/><G132/><T15/><D19/><U29/><E29/><V4/><F4/><W105/><G105/><T85/><D63/><N who="1" m="36263" /><E94/><V95/><F95/><W89/><G89/><T76/><D62/><U78/><E78/><V45/><F50/><W114/><G114/><T7/><D76/><U42/><E60/><V43/><F56/><RYUUKYOKU ba="0,0" sc="212,-10,300,-10,334,-10,154,30" hai3="17,21,44,46" /><INIT seed="3,1,0,1,2,69" ten="202,290,324,184" oya="3" hai0="55,31,68,50,37,49,86,65,8,90,61,16,28" hai1="35,128,75,117,129,82,26,135,57,27,104,89,118" hai2="100,32,13,77,40,0,78,44,21,101,110,3,106" hai3="91,102,79,14,80,51,63,22,9,23,83,71,53"/><W34/><G34/><T24/><D37/><U103/><E135/><V107/><F32/><W10/><G102/><T15/><D49/><U43/><E43/><V52/><F110/><W6/><G71/><T64/><D24/><U127/><E127/><V132/><F132/><W130/><G130/><T76/><D76/><U92/><E57/><V87/><F106/><W60/><G91/><T88/><D64/><U45/><E45/><V123/><F123/><W5/><G63/><T62/><D90/><U98/><E27/><V18/><F107/><W67/><G60/><T12/><D12/><U39/><E39/><V41/><F3/><W134/><G67/><T58/><REACH who="0" step="1"/><D62/><REACH who="0" ten="192,290,324,184" step="2"/><U121/><E121/><V85/><F0/><W114/><G114/><T59/><D59/><U72/><E26/><V46/><F13/><N who="3" m="5295" /><G134/><T119/><D119/><U54/><E117/><V112/><F112/><W7/><G7/><T38/><D38/><U105/><E118/><V1/><F1/><W122/><G122/><T70/><D70/><U4/><E4/><V19/><F52/><W97/><G97/><T47/><D47/><U36/><E54/><V17/><F46/><N who="3" m="27895" /><G79/><T74/><D74/><U81/><E75/><V95/><F77/><W124/><G124/><T48/><D48/><U111/><E72/><V125/><F78/><W108/><G108/><T11/><D11/><U20/><E111/><V113/><F125/><W96/><G96/><T93/><AGARI ba="1,1" hai="8,15,16,28,31,50,55,58,61,65,68,86,88,93" machi="93" ten="20,8000,1" yaku="1,1,0,1,7,1,54,2,53,0" doraHai="69" doraHaiUra="33" who="0" fromWho="0" sc="192,93,290,-21,324,-21,184,-41" owari="285,9.0,269,-13.0,303,40.0,143,-36.0" /></mjloggm>