<mjloggm ver="2.3"><GO type="97" lobby="0"/><UN n0="%4A%75%6C%69%61%6E%31%30" n1="%E3%81%AA%E3%82%8B%E3%81%A8%E3%81%95%E3%82%93" n2="%E3%82%A6%E3%83%AB%E3%83%88%E3%83%A9%E7%AB%8B%E7%9B%B4" n3="%E3%83%95%E3%82%A9%E3%83%AC%E3%82%B9%E3%82%BF%E3%83%BC" dan="14,13,14,13" rate="2021.65,1892.07,1960.60,1950.13" sx="M,M,M,M"/><TAIKYOKU oya="0"/><INIT seed="0,0,0,5,2,9" ten="250,250,250,250" oya="0" hai0="118,115,113,28,89,20,100,35,116,25,17,91,86" hai1="5,64,111,13,112,55,96,46,75,76,126,1,11" hai2="79,135,22,58,24,41,102,16,114,83,7,84,122" hai3="119,61,14,117,49,37,71,80,59,6,129,132,47"/><T39/><D100/><U10/><E126/><V2/><F122/><W127/><G127/><T44/><D39/><U128/><E111/><V95/><F114/><N who="0" m="43530" /><D44/><U40/><E128/><V88/><F135/><W4/><G132/><T15/><D86/><U51/><E112/><V12/><F41/><W74/><G129/><T103/><D103/><U134/><E134/><V70/><F70/><W87/><G74/><T48/><D48/><U109/><E109/><V45/><F45/><W26/><G37/><T32/><D91/><U124/><E124/><V8/><F58/><W105/><G105/><T81/><D81/><U98/><E64/><V30/><F102/><W36/><G36/><T0/><D89/><U66/><E66/><V123/><F123/><W56/><G71/><T43/><D43/><U60/><E60/><V18/><REACH who="2" step="1"/><F2/><REACH who="2" ten="250,250,240,250" step="2"/><W57/><G61/><T93/><D0/><U72/><E40/><V110/><F110/><W34/><G47/><T69/><D69/><U90/><E46/><V99/><AGARI ba="0,1" hai="7,8,12,16,18,22,24,30,79,83,84,88,95,99" machi="99" ten="20,16000,3" yaku="1,1,0,1,7,1,8,1,52,1,54,2,53,1" doraHai="9" doraHaiUra="82" who="2" fromWho="2" sc="250,-80,250,-40,240,170,250,-40" /><INIT seed="1,0,0,1,5,129" ten="170,210,410,210" oya="1" hai0="65,45,89,86,106,13,79,98,56,133,64,97,60" hai1="85,66,104,116,100,46,24,83,88,17,0,109,41" hai2="102,11,34,36,112,22,93,130,20,58,16,92,31" hai3="51,42,48,7,68,43,57,33,69,4,123,28,124"/><U122/><E116/><V91/><F36/><W117/><G33/><T29/><D29/><U135/><E122/><V87/><F34/><W27/><G123/><T32/><D32/><U55/><E0/><V5/><F130/><W38/><G117/><T2/><D2/><U54/><E109/><V3/><F112/><W115/><G115/><T52/><D79/><U9/><E66/><V113/><F113/><W95/><G38/><T71/><D106/><U77/><E135/><V59/><F22/><N who="3" m="15479" /><G69/><T110/><D110/><U70/><E70/><V90/><F102/><W40/><G68/><T80/><D71/><U12/><E24/><V19/><F31/><W84/><G124/><T78/><D133/><U50/><REACH who="1" step="1"/><E77/><REACH who="1" ten="170,200,410,210" step="2"/><V21/><F3/><W121/><G121/><T18/><D78/><U105/><E105/><V82/><F82/><W96/><G42/><T72/><D72/><U61/><E61/><V62/><F62/><W125/><G43/><T39/><D39/><U94/><E94/><V8/><F87/><W63/><G84/><T107/><D107/><U99/><AGARI ba="0,1" hai="9,12,17,41,46,50,54,55,83,85,88,99,100,104" machi="99" ten="30,6000,0" yaku="1,1,0,1,54,1,53,0" doraHai="129" doraHaiUra="132" who="1" fromWho="1" sc="170,-20,200,70,410,-20,210,-20" /><INIT seed="1,1,0,3,2,101" ten="150,270,390,190" oya="1" hai0="124,77,69,45,50,0,90,99,132,2,55,104,46" hai1="30,128,22,95,60,61,106,15,11,16,134,81,53" hai2="21,59,120,67,127,32,54,105,133,13,80,65,64" hai3="66,36,112,89,17,79,43,82,1,97,18,73,12"/><U5/><E134/><V26/><F32/><W9/><G112/><T20/><D132/><U39/><E128/><V47/><F105/><W135/><G135/><T57/><D69/><U125/><E125/><V103/><F133/><W52/><G66/><T87/><D124/><U123/><E123/><V8/><F120/><W131/><G131/><T102/><D77/><U27/><E106/><V110/><F110/><W44/><G52/><T28/><D28/><U91/><E81/><V96/><F127/><W6/><REACH who="3" step="1"/><G12/><REACH who="3" ten="150,270,390,180" step="2"/><T33/><D33/><N who="1" m="20703" /><E53/><V93/><F47/><W83/><G83/><T108/><D108/><U111/><E111/><V51/><F80/><W14/><G14/><T72/><D72/><U48/><E48/><V62/><F51/><W3/><G3/><T78/><D0/><N who="1" m="423" /><E39/><V121/><F121/><W38/><G38/><T98/><D2/><U56/><E56/><V49/><F49/><W35/><G35/><T76/><D45/><U19/><E19/><N who="2" m="8615" /><F54/><W113/><G113/><T107/><D46/><U4/><E4/><V114/><F114/><W109/><G109/><T41/><D50/><U88/><E61/><V68/><F68/><W92/><AGARI ba="1,1" hai="1,6,9,17,18,36,43,44,73,79,82,89,92,97" machi="92" ten="30,8000,1" yaku="1,1,0,1,25,2,53,1" doraHai="101" doraHaiUra="74" who="3" fromWho="3" sc="150,-21,270,-41,390,-21,180,93" /><INIT seed="2,0,0,4,2,45" ten="129,229,369,273" oya="2" hai0="126,74,16,49,44,134,48,101,113,59,107,65,66" hai1="8,18,9,69,4,104,129,51,36,32,132,133,2" hai2="82,76,88,86,103,62,10,52,105,22,70,27,26" hai3="79,47,34,0,118,67,114,111,56,19,28,75,115"/><V96/><F10/><W73/><G118/><T77/><D113/><N who="3" m="43017" /><G0/><T25/><D74/><U5/><E104/><V6/><F6/><W38/><G79/><T121/><D121/><U33/><E69/><V21/><F70/><W95/><G111/><T42/><D77/><U7/><E36/><V35/><F35/><N who="1" m="13385" /><E51/><V112/><F112/><W83/><G83/><T106/><D134/><N who="1" m="51819" /><E129/><V24/><F62/><N who="3" m="38343" /><G19/><T119/><D119/><U93/><E93/><V90/><F52/><W58/><G95/><T102/><D126/><U92/><E92/><V84/><REACH who="2" step="1"/><F76/><REACH who="2" ten="129,229,359,273" step="2"/><W122/><G122/><T40/><D107/><U15/><AGARI ba="0,1" hai="2,4,5,7,8,9,15,18" m="51819,13385" machi="15" ten="40,5200,0" yaku="20,1,34,2" doraHai="45" who="1" fromWho="1" sc="129,-13,229,62,359,-26,273,-13" /><INIT seed="3,0,0,4,0,128" ten="116,291,333,260" oya="3" hai0="109,23,19,0,71,11,135,67,89,57,79,44,127" hai1="55,30,13,42,24,53,14,133,102,113,90,25,69" hai2="81,91,34,95,118,12,74,98,87,131,3,32,40" hai3="31,112,126,115,16,104,134,123,114,75,59,33,4"/><W27/><G75/><T108/><D71/><U15/><E133/><V62/><F3/><W43/><G104/><T121/><D121/><U101/><E113/><V52/><F118/><W119/><G43/><T122/><D122/><U49/><E69/><V22/><F74/><W48/><G123/><T10/><D79/><U45/><E90/><V103/><F131/><W92/><G119/><T21/><D67/><U6/><E6/><V86/><F40/><W56/><G4/><N who="0" m="1287" /><D44/><U105/><E105/><V46/><F34/><W85/><G126/><T26/><D89/><U80/><E80/><V65/><F32/><W2/><G2/><T18/><D57/><U47/><E25/><V61/><F65/><W78/><G48/><T107/><D107/><U84/><E84/><V73/><F73/><W5/><G5/><T96/><D96/><U88/><E88/><V7/><F87/><W41/><G41/><T132/><D127/><U35/><REACH who="1" step="1"/><E47/><REACH who="1" ten="116,281,333,260" step="2"/><V82/><F82/><W60/><G78/><T17/><D11/><U38/><E38/><V66/><F81/><W50/><G85/><T29/><D23/><U77/><E77/><V116/><F86/><W36/><G36/><T117/><D117/><U54/><AGARI ba="0,1" hai="13,14,15,24,30,35,42,45,49,53,54,55,101,102" machi="54" ten="30,2000,0" yaku="1,1,0,1,53,0" doraHai="128" doraHaiUra="83" who="1" fromWho="1" sc="116,-5,281,30,333,-5,260,-10" owari="111,-39.0,311,11.0,328,43.0,250,-15.0" /></mjloggm>