<mjloggm ver="2.3"><GO type="97" lobby="0"/><UN n0="%45%E2%98%85" n1="%E8%98%87%E6%B0%91%E7%A5%AD" n2="%E5%B0%8F%E3%81%95%E3%81%98%E2%99%AA" n3="%E3%82%A6%E3%83%AB%E3%83%88%E3%83%A9%E7%AB%8B%E7%9B%B4" dan="14,14,14,13" rate="2004.25,2000.40,1911.87,1847.59" sx="M,M,M,M"/><TAIKYOKU oya="0"/><INIT seed="0,0,0,2,0,23" ten="250,250,250,250" oya="0" hai0="135,20,25,18,133,91,12,43,63,3,85,118,26" hai1="68,128,92,38,39,97,32,73,47,103,62,46,16" hai2="13,57,129,5,110,93,14,105,24,132,33,120,122" hai3="8,67,81,80,107,101,127,31,124,115,102,109,90"/><T82/><D118/><U112/><E128/><V113/><F105/><W34/><G115/><T125/><D3/><U96/><E73/><V88/><F120/><W4/><G109/><T77/><D125/><N who="3" m="48201" /><G67/><T45/><D63/><U6/><E6/><V19/><F113/><W131/><G131/><T86/><D133/><U60/><E32/><V52/><F129/><W29/><G90/><T22/><D22/><U42/><E112/><V98/><F132/><W10/><G10/><T75/><D75/><U40/><E68/><V41/><F122/><W35/><G31/><T119/><D119/><U28/><E28/><V21/><F110/><W71/><G71/><T134/><D134/><U126/><E126/><V7/><F41/><W65/><G65/><T1/><D1/><U0/><E0/><V49/><F33/><N who="3" m="12299" /><G29/><T17/><D17/><U99/><E16/><N who="2" m="12327" /><F14/><N who="3" m="5383" /><G107/><T76/><D135/><U59/><REACH who="1" step="1"/><E62/><REACH who="1" ten="250,240,250,250" step="2"/><V64/><F64/><AGARI ba="0,1" hai="38,39,40,42,46,47,59,60,64,92,96,97,99,103" machi="64" ten="30,12000,2" yaku="1,1,2,1,7,1,9,1,53,3" doraHai="23" doraHaiUra="95" who="1" fromWho="2" sc="250,0,240,130,250,-120,250,0" /><INIT seed="1,0,0,2,2,74" ten="250,370,130,250" oya="1" hai0="23,107,48,92,12,4,89,27,82,133,28,71,6" hai1="95,79,14,101,44,69,132,36,67,63,62,78,54" hai2="84,72,19,80,102,106,129,30,34,125,50,121,52" hai3="117,134,11,39,126,104,127,109,26,42,46,49,1"/><U100/><E132/><V122/><F125/><N who="3" m="47627" /><G134/><T99/><D107/><U97/><E101/><V112/><F129/><W75/><G109/><T15/><D71/><U18/><E36/><V85/><F112/><W86/><G75/><T55/><D133/><U0/><E0/><V93/><F106/><W38/><G117/><T29/><D29/><U24/><E24/><V114/><F114/><W113/><G113/><T41/><D41/><U5/><E5/><N who="0" m="2153" /><D82/><U77/><E63/><V8/><F34/><W57/><G104/><T131/><D131/><U16/><REACH who="1" step="1"/><E14/><REACH who="1" ten="250,360,130,250" step="2"/><V7/><F102/><W59/><G1/><T108/><D108/><U90/><E90/><V53/><F122/><W33/><G38/><T110/><D110/><U94/><E94/><V128/><F121/><W43/><G26/><T61/><D61/><U103/><E103/><V98/><F128/><W25/><G25/><T115/><D115/><U58/><E58/><AGARI ba="0,1" hai="12,15,23,27,28,48,55,58,89,92,99" m="2153" machi="58" ten="30,1000,0" yaku="8,1" doraHai="74" who="0" fromWho="1" sc="250,20,360,-10,130,0,250,0" /><INIT seed="2,0,0,5,1,60" ten="270,350,130,250" oya="2" hai0="83,89,99,132,59,52,68,87,56,13,94,57,22" hai1="29,47,7,0,96,111,79,50,28,103,119,39,121" hai2="77,70,6,53,61,116,100,32,62,97,82,51,95" hai3="35,49,133,67,37,115,76,98,17,27,123,48,117"/><V54/><F32/><W108/><G37/><T120/><D68/><U64/><E119/><V74/><F116/><W23/><G117/><T125/><D120/><U104/><E111/><V69/><F6/><W31/><G123/><T33/><D33/><U9/><E121/><V110/><F110/><W42/><G108/><T84/><D132/><U10/><E39/><V80/><F80/><W1/><G133/><T15/><D125/><U63/><E10/><V30/><F30/><W19/><G1/><T102/><D22/><U101/><E101/><V2/><F2/><W92/><G115/><T126/><D126/><U20/><E20/><V65/><REACH who="2" step="1"/><F51/><REACH who="2" ten="270,350,120,250" step="2"/><W81/><G49/><N who="0" m="30735" /><D83/><U130/><E130/><V131/><F131/><W109/><G109/><T8/><D13/><U114/><E79/><V71/><F71/><W106/><G35/><T129/><D129/><U134/><E134/><V118/><F118/><W128/><G31/><T85/><D102/><U16/><E16/><AGARI ba="0,1" hai="8,15,16,57,59,84,85,87,89,94,99" m="30735" machi="16" ten="30,3900,0" yaku="8,1,54,2" doraHai="60" who="0" fromWho="1" sc="270,49,350,-39,120,0,250,0" /><INIT seed="3,0,0,4,2,131" ten="319,311,120,250" oya="3" hai0="21,15,121,119,98,32,7,2,47,114,40,51,6" hai1="26,83,9,52,73,58,35,10,124,111,67,63,53" hai2="77,61,50,130,100,11,76,107,72,59,86,54,99" hai3="115,57,91,30,80,96,33,112,125,134,64,68,113"/><W82/><G57/><T38/><D121/><U17/><E111/><V56/><F130/><W79/><G64/><T44/><D32/><U24/><E124/><V43/><F43/><W71/><G30/><T95/><D2/><U128/><E128/><V75/><F11/><N who="1" m="4105" /><E73/><V88/><F61/><W81/><G33/><T13/><D119/><U133/><E133/><V85/><F59/><W46/><G46/><N who="0" m="26055" /><D38/><U93/><E83/><N who="2" m="49215" /><F56/><W49/><G49/><T19/><D114/><U34/><E34/><V84/><F54/><N who="1" m="21097" /><E35/><V94/><F50/><W116/><G116/><T89/><D15/><U105/><E105/><V62/><F62/><W103/><G125/><T4/><AGARI ba="0,0" hai="4,6,7,13,19,21,44,47,89,95,98" m="26055" machi="4" ten="30,1100,0" yaku="8,1" doraHai="131" who="0" fromWho="0" sc="319,11,311,-3,120,-3,250,-5" owari="330,42.0,308,11.0,117,-38.0,245,-15.0" /></mjloggm>