<mjloggm ver="2.3"><GO type="65" lobby="0"/><UN n0="%62%7A%62%7A" n1="%E3%83%9E%E3%82%AD%E3%82%A2%E3%83%BC%E3%82%B8%E3%83%A5%E3%83%9E%E3%83%9E" n2="%E3%81%AC%E3%82%8B%E3%81%AC%E3%82%8B%E7%A7%8B%E5%B1%B1%E6%AE%BF" n3="%E5%B0%B1%E6%B4%BB%E7%94%9F%40%E5%B7%9D%E6%9D%91%E8%BB%8D%E5%9B%A3" dan="11,5,7,8" rate="1731.27,1530.64,1715.07,1626.18" sx="M,F,M,M"/><TAIKYOKU oya="0"/><INIT seed="0,0,0,1,4,107" ten="250,250,250,250" oya="0" hai0="2,34,91,29,74,5,45,38,73,42,120,71,21" hai1="17,115,25,79,58,89,32,123,99,96,101,63,53" hai2="11,134,114,85,124,39,26,130,132,125,80,64,72" hai3="129,22,83,66,8,60,90,6,10,135,113,55,1"/><T116/><D120/><U16/><E123/><V87/><F39/><W97/><G129/><T59/><D116/><U126/><E115/><V69/><F114/><W52/><G135/><N who="2" m="51753" /><F26/><W68/><G113/><T31/><D71/><U94/><E126/><N who="2" m="48747" /><F11/><W108/><G108/><T49/><D34/><U127/><E127/><V95/><F64/><W111/><G111/><T57/><D21/><N who="1" m="13479" /><E32/><V88/><F69/><W104/><G22/><T61/><D57/><U77/><E17/><V33/><F33/><W50/><G10/><T65/><D38/><U0/><E0/><V100/><F100/><W47/><G104/><AGARI ba="0,0" hai="53,58,63,77,79,89,94,96,99,101,104" m="13479" machi="104" ten="30,2000,0" yaku="25,1,54,1" doraHai="107" who="1" fromWho="3" sc="250,0,250,20,250,0,250,-20" /><INIT seed="1,0,0,4,3,48" ten="250,270,250,230" oya="1" hai0="110,90,117,3,124,132,33,43,94,107,16,113,128" hai1="104,68,24,56,80,7,32,55,10,119,125,53,74" hai2="42,41,105,75,37,22,100,96,28,79,30,51,93" hai3="130,76,1,2,62,49,13,85,134,108,12,40,118"/><U106/><E68/><V0/><F37/><W122/><G62/><T112/><D90/><U14/><E119/><V98/><F0/><W21/><G85/><T97/><D43/><U121/><E121/><V59/><F75/><W78/><G49/><T73/><D94/><U99/><E125/><V129/><F129/><W6/><G40/><T95/><D97/><U57/><E99/><V81/><F42/><W116/><G76/><T46/><D95/><U45/><E45/><V91/><F22/><W123/><G78/><T120/><D16/><U19/><E74/><V27/><F27/><W133/><G21/><T63/><D46/><U88/><E106/><V66/><F66/><W36/><G36/><T135/><D63/><N who="1" m="36239" /><E104/><V8/><F8/><W9/><G130/><T64/><D64/><U47/><E47/><V103/><F91/><W29/><G29/><T77/><D77/><U52/><E32/><V34/><F34/><W82/><G82/><T5/><D5/><U20/><E57/><V60/><F60/><W72/><G72/><T87/><D87/><AGARI ba="0,0" hai="7,10,14,19,20,24,52,55,80,87,88" m="36239" machi="87" ten="30,18000,2" yaku="8,1,52,3,54,2" doraHai="48" who="1" fromWho="0" sc="250,-180,270,180,250,0,230,0" /><INIT seed="1,1,0,0,4,59" ten="70,450,250,230" oya="1" hai0="8,54,65,118,26,73,21,74,78,92,84,49,132" hai1="82,29,56,71,6,80,28,109,101,76,72,131,20" hai2="111,16,121,4,112,87,34,2,19,35,125,39,77" hai3="0,14,88,124,79,93,107,102,15,63,64,119,50"/><U7/><E71/><V106/><F39/><W18/><G0/><T97/><D118/><U46/><E131/><V110/><F106/><W128/><G119/><T85/><D132/><U57/><E109/><N who="2" m="41483" /><F77/><W58/><G124/><T43/><D65/><U70/><E70/><V68/><F87/><W12/><G128/><T98/><D43/><U51/><E101/><V62/><F121/><W22/><G79/><T86/><D8/><U42/><E80/><V61/><F68/><W108/><G108/><T1/><D1/><U130/><E130/><V23/><F125/><W89/><G107/><T38/><D38/><U115/><E115/><V10/><F112/><W25/><REACH who="3" step="1"/><G50/><REACH who="3" ten="70,450,250,220" step="2"/><T66/><D78/><U30/><E56/><V127/><F127/><W126/><G126/><T40/><D40/><U114/><E114/><V55/><F55/><W90/><G90/><T5/><D5/><U41/><E41/><V48/><F48/><W116/><G116/><T113/><D113/><U135/><E135/><V33/><F19/><W53/><G53/><T3/><D3/><U60/><REACH who="1" step="1"/><E20/><REACH who="1" ten="70,440,250,220" step="2"/><V37/><F37/><W24/><G24/><AGARI ba="1,2" hai="2,4,10,16,23,24,33,34,35,61,62" m="41483" machi="24" ten="40,8000,1" yaku="14,1,52,2,54,1" doraHai="59" who="2" fromWho="3" sc="70,0,440,0,250,103,220,-83" /><INIT seed="2,0,0,4,5,132" ten="70,440,353,137" oya="2" hai0="25,10,42,66,33,35,81,68,96,53,30,37,90" hai1="115,20,73,119,106,98,11,31,131,36,117,48,32" hai2="77,4,85,49,5,103,55,29,76,15,82,26,72" hai3="45,16,133,63,78,87,8,41,21,91,19,97,38"/><V34/><F103/><W3/><G133/><T47/><D33/><U60/><E36/><V61/><F61/><W80/><G19/><T134/><D10/><U46/><E73/><V22/><F76/><W127/><G127/><T100/><D53/><U88/><E115/><V13/><F72/><W112/><G112/><T27/><D27/><U101/><E32/><V75/><F75/><W39/><G39/><T107/><D134/><U128/><E60/><V121/><F121/><W71/><G3/><T84/><REACH who="0" step="1"/><D68/><REACH who="0" ten="60,440,353,137" step="2"/><U83/><E31/><V125/><F125/><W129/><G8/><T124/><D124/><U7/><E20/><V17/><REACH who="2" step="1"/><F13/><REACH who="2" ten="60,440,343,137" step="2"/><W54/><G129/><N who="1" m="49738" /><E119/><V59/><AGARI ba="0,2" hai="4,5,15,17,22,26,29,34,49,55,59,77,82,85" machi="59" ten="20,3900,0" yaku="1,1,0,1,7,1,53,0" doraHai="132" doraHaiUra="104" who="2" fromWho="2" sc="60,-13,440,-13,343,59,137,-13" /><INIT seed="2,1,0,5,4,29" ten="47,427,402,124" oya="2" hai0="11,18,110,47,89,15,103,86,21,94,80,112,78" hai1="37,58,113,33,119,38,67,75,84,48,30,0,134" hai2="46,43,13,106,69,6,79,74,7,1,52,9,42" hai3="4,104,53,129,39,20,64,49,56,121,8,23,68"/><V120/><F120/><W61/><G129/><T71/><D112/><U24/><E0/><V90/><F106/><W97/><G121/><T81/><D71/><U108/><E75/><V36/><F69/><W128/><G128/><T109/><D103/><U34/><E34/><V125/><F125/><W133/><G133/><T93/><D47/><U72/><E72/><V26/><F43/><W95/><G104/><T27/><D110/><U45/><E119/><V54/><F90/><W88/><REACH who="3" step="1"/><G39/><REACH who="3" ten="47,427,402,114" step="2"/><T76/><D109/><U115/><E134/><V131/><F131/><W91/><G91/><T51/><D76/><U105/><E38/><V114/><F114/><W82/><G82/><T57/><D81/><U101/><E105/><V14/><F79/><W63/><G63/><T124/><D78/><U2/><E37/><V111/><F111/><W35/><G35/><T126/><D124/><U135/><E33/><V62/><F74/><W22/><G22/><T116/><D126/><U70/><E108/><V16/><F62/><W25/><G25/><T132/><D116/><U117/><E135/><V66/><F26/><W77/><G77/><T31/><D132/><U99/><E117/><V118/><F118/><W123/><G123/><T60/><D51/><U107/><E107/><V17/><F36/><W98/><G98/><T59/><D60/><U130/><E130/><V102/><F102/><W5/><G5/><T87/><D94/><U127/><E127/><V83/><F83/><W73/><G73/><T19/><D19/><U40/><E115/><V50/><F7/><W122/><G122/><RYUUKYOKU type="nm" ba="1,1" sc="47,-20,427,80,402,-40,114,-20" hai0="11,15,18,21,27,31,57,59,80,86,87,89,93" hai3="4,8,20,23,49,53,56,61,64,68,88,95,97" /><INIT seed="3,2,1,2,1,101" ten="27,507,362,94" oya="3" hai0="80,70,74,83,44,123,32,40,22,13,82,0,90" hai1="30,111,94,51,60,75,56,93,118,99,19,17,97" hai2="88,67,113,134,61,8,124,122,69,128,20,7,4" hai3="39,46,65,24,49,73,110,109,45,14,98,31,89"/><W42/><G73/><T102/><D70/><U23/><E75/><V27/><F113/><W25/><G65/><T29/><D123/><U9/><E111/><N who="3" m="42506" /><G14/><T129/><D74/><U15/><E118/><V125/><F122/><W106/><G24/><T68/><D68/><U5/><E51/><V16/><F134/><W62/><G62/><T53/><D0/><U114/><E114/><V100/><F100/><N who="3" m="62743" /><G89/><T130/><D32/><U105/><E105/><V26/><F128/><W66/><G66/><T112/><D112/><U71/><E71/><V34/><F8/><W115/><G115/><T41/><D102/><N who="1" m="60719" /><E30/><V47/><F47/><N who="3" m="24031" /><G49/><T126/><D126/><U12/><E23/><AGARI ba="2,1" hai="23,25,31,45,46" m="24031,62743,42506" machi="23" ten="30,5800,0" yaku="14,1,10,1,52,1" doraHai="101" who="3" fromWho="1" sc="27,0,507,-64,362,0,94,74" /><INIT seed="3,3,0,3,5,76" ten="27,443,362,168" oya="3" hai0="59,87,124,0,122,69,7,34,47,95,17,57,13" hai1="99,18,8,84,63,37,10,97,14,119,86,71,62" hai2="88,4,120,102,33,121,135,111,74,43,117,11,79" hai3="131,107,85,104,30,113,21,98,39,40,68,6,123"/><W90/><G68/><T49/><D122/><N who="2" m="47210" /><F43/><W53/><G123/><T12/><D124/><U83/><E37/><V36/><F36/><W1/><G113/><T101/><D69/><U73/><E119/><V109/><F33/><W91/><G131/><T81/><D34/><U64/><E73/><V2/><F102/><W66/><G66/><T116/><D0/><U45/><E63/><V38/><F38/><W114/><G114/><T16/><D116/><U48/><E84/><V29/><F29/><W35/><G35/><T100/><D95/><U60/><E60/><V19/><F117/><W58/><G1/><T75/><D75/><U115/><E8/><V94/><F19/><W78/><G6/><T28/><D28/><U61/><E61/><V130/><F130/><W80/><G40/><T128/><D128/><U23/><E23/><V44/><F44/><W26/><G39/><T103/><D7/><U96/><E115/><V27/><F27/><W25/><G25/><T89/><D17/><U118/><E118/><V56/><F56/><W15/><G15/><T134/><D13/><U125/><E125/><V31/><F31/><W55/><G58/><T41/><REACH who="0" step="1"/><D134/><REACH who="0" ten="17,443,362,168" step="2"/><U126/><E126/><V52/><F135/><W92/><G107/><T77/><D77/><U32/><E32/><V54/><F79/><W3/><G3/><T132/><D132/><U105/><E105/><V42/><F74/><W46/><G104/><T133/><D133/><U108/><E108/><N who="2" m="41547" /><F42/><W110/><G110/><T50/><D50/><U20/><E10/><AGARI ba="3,1" hai="10,12,16,41,47,49,57,59,81,87,89,100,101,103" machi="10" ten="40,8000,1" yaku="1,1,8,1,52,1,54,1,53,0" doraHai="76" doraHaiUra="127" who="0" fromWho="1" sc="17,99,443,-89,362,0,168,0" owari="116,-38.0,354,15.0,362,46.0,168,-23.0" /></mjloggm>