<mjloggm ver="2.3"><GO type="97" lobby="0"/><UN n0="%E5%B0%8F%E5%B6%BA%E5%B9%B8%40" n1="%E3%82%A6%E3%83%AB%E3%83%88%E3%83%A9%E7%AB%8B%E7%9B%B4" n2="%E9%9F%B3%E5%A3%B0%E3%83%86%E3%82%B9%E3%83%88" n3="%63%68%61%72%73%69" dan="13,13,14,13" rate="1866.07,1863.19,1936.27,1908.16" sx="F,M,M,M"/><TAIKYOKU oya="0"/><INIT seed="0,0,0,3,1,58" ten="250,250,250,250" oya="0" hai0="93,72,106,66,74,29,82,48,5,27,91,51,40" hai1="109,36,112,108,59,18,105,38,96,132,61,26,83" hai2="23,30,68,2,115,60,15,79,75,117,54,89,114" hai3="113,104,65,47,34,21,52,111,94,133,131,55,125"/><T46/><D106/><U4/><E4/><V77/><F2/><W97/><G34/><T128/><D128/><U43/><E43/><V90/><F68/><W53/><G113/><T101/><D101/><N who="1" m="62631" /><E83/><V122/><F30/><W3/><G3/><T12/><D82/><U69/><E69/><V88/><F15/><W56/><G133/><T50/><D66/><N who="1" m="39231" /><E132/><V110/><F110/><N who="1" m="42601" /><E112/><V8/><F8/><W76/><G111/><T120/><D120/><U44/><E44/><V16/><F122/><W116/><G116/><T14/><D74/><U31/><E18/><V135/><F117/><W19/><G131/><T92/><D72/><U42/><E42/><V62/><F135/><W134/><G125/><T35/><D93/><U37/><E37/><V7/><F7/><W41/><G104/><T1/><D1/><U129/><E129/><V67/><F67/><W102/><G76/><T57/><D5/><U118/><E118/><V70/><F70/><W87/><G134/><T25/><D92/><U81/><E81/><V86/><F54/><W11/><G87/><T6/><D6/><U28/><E28/><V100/><F100/><W103/><G103/><T119/><D119/><U32/><AGARI ba="0,0" hai="26,31,32,36,38" m="42601,39231,62631" machi="32" ten="30,2000,0" yaku="14,1,52,1" doraHai="58" who="1" fromWho="1" sc="250,-10,250,20,250,-5,250,-5" /><INIT seed="1,0,0,0,4,38" ten="240,270,245,245" oya="1" hai0="120,88,9,50,102,43,132,42,105,121,117,52,58" hai1="55,60,79,57,46,62,73,39,70,133,108,127,31" hai2="22,82,23,122,15,59,21,74,94,106,97,109,72" hai3="45,24,90,18,115,75,32,36,63,84,129,110,124"/><U28/><E28/><V64/><F122/><N who="0" m="47210" /><D117/><U131/><E79/><V66/><F109/><W125/><G75/><T33/><D132/><U51/><E73/><V34/><F34/><W116/><G116/><T40/><D33/><U68/><E31/><V71/><F71/><N who="1" m="27177" /><E133/><V89/><F15/><W19/><G63/><N who="1" m="24106" /><E131/><V41/><F59/><W61/><G129/><T126/><D126/><N who="3" m="48745" /><G115/><T65/><D65/><U10/><E10/><V26/><F26/><W20/><G110/><T5/><D88/><U0/><E0/><V47/><F106/><W103/><G61/><T67/><D67/><U111/><E127/><V91/><F74/><W48/><G103/><T81/><D81/><U3/><E3/><V14/><F14/><W112/><G36/><T56/><D102/><U114/><E114/><V77/><REACH who="2" step="1"/><F91/><REACH who="2" ten="240,270,235,245" step="2"/><W27/><G112/><T30/><D105/><U17/><E17/><V118/><F118/><W101/><G19/><T12/><D30/><U95/><E108/><V13/><F13/><N who="3" m="9295" /><G32/><T135/><D135/><U35/><E35/><V8/><F8/><W96/><G101/><T6/><D6/><U93/><E111/><V69/><F69/><W7/><G7/><T134/><D134/><U76/><E57/><AGARI ba="0,1" hai="5,9,12,40,42,43,50,52,56,57,58" m="47210" machi="57" ten="30,8000,1" yaku="13,1,52,3,54,1" doraHai="38" who="0" fromWho="1" sc="240,90,270,-80,235,0,245,0" /><INIT seed="2,0,0,1,4,14" ten="330,190,235,245" oya="2" hai0="12,100,111,106,15,59,94,41,134,10,112,60,66" hai1="2,26,55,1,84,118,54,27,96,101,135,51,83" hai2="62,87,75,56,53,95,97,37,38,128,44,33,70" hai3="50,126,0,35,127,104,110,82,11,79,49,80,67"/><V78/><F33/><W72/><G104/><T115/><D106/><U40/><E135/><V93/><F128/><W88/><G35/><T119/><D134/><U99/><E118/><V122/><F122/><W21/><G67/><T113/><D119/><U77/><E40/><V132/><F132/><W64/><G64/><T108/><D41/><U20/><E27/><V124/><F124/><N who="3" m="47659" /><G21/><T130/><D130/><U17/><E55/><V36/><F75/><W4/><G110/><N who="0" m="42027" /><D10/><U18/><E2/><V23/><F70/><W103/><G103/><T120/><D120/><U13/><E1/><V76/><F44/><W109/><G109/><T61/><D60/><U52/><E101/><V32/><F32/><W43/><G43/><T47/><D47/><N who="1" m="27775" /><E54/><V19/><F87/><AGARI ba="0,0" hai="0,4,11,49,50,72,79,80,82,87,88" m="47659" machi="87" ten="30,2000,0" yaku="18,1,54,1" doraHai="14" who="3" fromWho="2" sc="330,0,190,0,235,-20,245,20" /><INIT seed="3,0,0,5,5,119" ten="330,190,215,265" oya="3" hai0="116,11,34,12,63,80,97,48,2,14,111,66,91" hai1="89,22,109,16,99,70,17,113,43,129,86,7,135" hai2="54,134,100,81,57,49,62,32,64,79,98,67,59" hai3="56,26,55,94,73,50,103,69,52,46,33,38,126"/><W78/><G126/><T85/><D111/><U21/><E70/><V96/><F134/><W115/><G115/><T101/><D34/><U128/><E113/><V124/><F124/><W72/><G78/><T132/><D116/><U27/><E109/><V18/><F32/><W35/><G69/><T45/><D132/><U36/><E135/><V24/><F67/><W121/><G121/><T105/><D2/><U42/><E99/><V8/><F100/><W112/><G112/><T58/><D11/><U74/><E74/><V37/><F37/><W9/><G38/><T110/><D110/><U120/><E7/><V20/><REACH who="2" step="1"/><F8/><REACH who="2" ten="330,190,205,265" step="2"/><W131/><G9/><T83/><D101/><U92/><E120/><V19/><F19/><W84/><G131/><N who="1" m="50250" /><E36/><V28/><F28/><W51/><G35/><T106/><D66/><U68/><E68/><V44/><F44/><W133/><G133/><T104/><D45/><U5/><E5/><V41/><F41/><W90/><G103/><T123/><D123/><U15/><AGARI ba="0,1" hai="15,16,17,21,22,27,42,43,86,89,92" m="50250" machi="15" ten="30,2000,0" yaku="19,1,54,1" doraHai="119" who="1" fromWho="1" sc="330,-5,190,30,205,-5,265,-10" owari="325,42.0,220,-18.0,200,-30.0,255,6.0" /></mjloggm>