<mjloggm ver="2.3"><GO type="169" lobby="0"/><UN n0="%6E%69%6D%75%74%61%6E" n1="%E3%82%84%E3%81%BE%E3%83%BC%E3%82%93" n2="%E3%82%A6%E3%83%AB%E3%83%88%E3%83%A9%E7%AB%8B%E7%9B%B4" n3="%E3%83%94%E3%82%AB%E5%90%BE%E9%83%8E" dan="16,17,17,16" rate="2090.32,2185.73,2174.99,2116.72" sx="M,M,M,M"/><TAIKYOKU oya="0"/><INIT seed="0,0,0,5,5,66" ten="250,250,250,250" oya="0" hai0="108,89,81,126,50,13,77,131,46,68,33,113,71" hai1="49,111,84,15,27,28,118,127,107,62,129,23,70" hai2="65,2,116,83,130,73,31,22,29,105,20,52,82" hai3="39,74,57,92,45,94,64,5,88,109,16,128,75"/><T61/><D113/><U25/><E118/><V44/><F2/><W30/><G30/><T26/><D131/><U51/><E107/><V42/><F105/><W43/><G5/><T86/><D126/><U0/><E0/><V79/><F116/><W104/><G94/><T4/><D61/><U7/><E111/><V32/><F130/><W135/><G109/><T56/><D56/><U117/><E127/><V95/><F32/><W100/><G135/><T125/><D125/><U59/><E129/><V14/><F65/><W17/><G128/><T72/><D108/><U87/><E70/><V102/><F83/><W123/><G100/><T106/><D106/><U55/><E27/><V24/><F95/><W119/><G104/><T124/><D124/><U8/><E117/><V97/><F97/><W63/><G123/><T21/><D33/><U93/><E93/><V38/><F102/><W85/><REACH who="3" step="1"/><G119/><REACH who="3" ten="250,250,250,240" step="2"/><T48/><D4/><U114/><E114/><V41/><F31/><W110/><G110/><T10/><D81/><U76/><E87/><V91/><F82/><AGARI ba="0,1" hai="7,8,15,23,25,28,49,51,55,59,62,76,82,84" machi="82" ten="40,1300,0" yaku="8,1" doraHai="66" who="1" fromWho="2" sc="250,0,250,23,250,-13,240,0" /><INIT seed="1,0,0,1,4,133" ten="250,273,237,240" oya="1" hai0="126,69,91,76,127,83,94,112,14,101,10,38,58" hai1="64,72,3,115,12,34,105,129,93,103,37,90,60" hai2="0,92,106,119,97,81,45,124,26,57,27,35,117" hai3="73,110,19,79,61,68,8,2,118,48,54,49,87"/><U5/><E3/><V56/><F0/><W41/><G73/><N who="0" m="43407" /><D69/><U59/><E34/><V114/><F106/><W104/><G104/><T66/><D38/><U84/><E129/><V85/><F45/><W86/><G118/><T29/><D29/><U28/><E28/><V6/><F6/><W88/><G110/><T131/><D101/><U50/><E37/><V43/><F43/><W39/><G39/><T98/><D112/><U99/><E115/><V1/><F1/><W128/><G128/><T30/><D30/><U46/><E72/><V107/><F107/><W96/><G96/><T17/><D131/><U134/><E134/><V123/><F97/><W4/><G41/><T52/><D66/><U67/><E67/><V95/><F85/><W74/><G74/><T75/><D75/><U24/><E24/><V77/><F114/><W20/><G86/><T113/><D113/><U108/><E108/><V70/><F70/><W9/><G9/><T40/><D40/><U22/><E105/><V132/><F132/><W15/><G79/><T23/><D58/><U130/><E130/><V32/><F77/><W53/><G68/><T63/><D63/><U62/><E62/><V51/><F51/><W25/><G2/><T7/><D52/><N who="3" m="20073" /><G61/><T65/><D65/><U89/><E84/><V18/><F81/><AGARI ba="0,0" hai="4,8,15,19,20,25,48,49,81,87,88" m="20073" machi="81" ten="30,3900,0" yaku="8,1,54,2" doraHai="133" who="3" fromWho="2" sc="250,0,273,0,237,-39,240,39" /><INIT seed="2,0,0,4,2,111" ten="250,273,198,279" oya="2" hai0="58,59,116,64,97,25,107,53,8,28,42,11,0" hai1="71,129,62,120,34,56,32,117,72,90,43,85,106" hai2="82,126,19,23,80,89,75,96,122,60,26,112,76" hai3="45,69,40,57,81,61,9,54,21,95,115,46,1"/><V66/><F122/><W87/><G95/><T130/><D42/><U77/><E106/><V41/><F126/><W6/><G69/><T125/><D125/><U86/><E71/><V29/><F41/><W78/><G115/><T93/><D107/><U49/><E117/><V127/><F127/><W121/><G121/><T102/><D130/><U128/><E72/><V134/><F134/><W73/><G21/><T22/><D0/><U63/><E77/><V94/><F82/><W7/><G6/><T50/><D116/><U118/><E118/><V114/><REACH who="2" step="1"/><F29/><REACH who="2" ten="250,273,188,279" step="2"/><W79/><G40/><T131/><D131/><U109/><E120/><V18/><F18/><W16/><G16/><T103/><D103/><U15/><E43/><V119/><F119/><W99/><G73/><T30/><D30/><U91/><E128/><V14/><F14/><W47/><G79/><T123/><D123/><U35/><E15/><V48/><F48/><W113/><G113/><T5/><D5/><U44/><E129/><V135/><F135/><W92/><G81/><T67/><D11/><U110/><E49/><V38/><F38/><W31/><G78/><T27/><D8/><U88/><E109/><V83/><F83/><W2/><G31/><T68/><D27/><U10/><E10/><V84/><F84/><W20/><G87/><T12/><D12/><U39/><E110/><V55/><F55/><W124/><G124/><T132/><D132/><U4/><E85/><V105/><F105/><W70/><G2/><T104/><D104/><U98/><E86/><V24/><F24/><W13/><G1/><RYUUKYOKU ba="0,1" sc="250,-10,273,-10,188,30,279,-10" hai2="19,23,26,60,66,75,76,80,89,94,96,112,114" /><INIT seed="2,1,1,4,0,82" ten="240,263,218,269" oya="2" hai0="47,55,32,57,71,117,108,18,68,52,63,119,79" hai1="48,122,50,123,124,0,81,44,77,31,76,39,109" hai2="7,105,13,102,72,27,121,135,128,29,38,59,130" hai3="133,40,89,125,69,73,35,111,64,12,116,20,132"/><V17/><F121/><N who="1" m="46089" /><E109/><V106/><F72/><W83/><G35/><T75/><D32/><U86/><E124/><V67/><F38/><W98/><G40/><T131/><D108/><U65/><E31/><V78/><F78/><W3/><G3/><T84/><D75/><U1/><E65/><V8/><F7/><W43/><G43/><T10/><D131/><N who="2" m="50218" /><F102/><W9/><G64/><T112/><D112/><U95/><E95/><V80/><F80/><W58/><G69/><T118/><D18/><U120/><N who="1" m="46097" /><U2/><DORA hai="21" /><E76/><V97/><F97/><W24/><G98/><T66/><D10/><U113/><E113/><V51/><F135/><W54/><G111/><T15/><D66/><U23/><E23/><N who="2" m="15615" /><F67/><W36/><G125/><T70/><D70/><U45/><E39/><V49/><F59/><W110/><G36/><T115/><D115/><U25/><E25/><V101/><F101/><W103/><G103/><T134/><D134/><U56/><E56/><V28/><F28/><N who="3" m="17415" /><G110/><T74/><D74/><U92/><E92/><V53/><F53/><W6/><G73/><T46/><D55/><U94/><E94/><V33/><F33/><W5/><G132/><T107/><D119/><U41/><E41/><V91/><F91/><W104/><G133/><T126/><D126/><U22/><E1/><V61/><F61/><N who="3" m="36055" /><G116/><T14/><D118/><U11/><E2/><V114/><F114/><W90/><G6/><T129/><D117/><U99/><E0/><V34/><F34/><W16/><G5/><T37/><D129/><U26/><E26/><V87/><F87/><RYUUKYOKU ba="1,1" sc="240,-10,263,-10,218,30,269,-10" hai2="8,13,17,49,51,105,106" /><INIT seed="2,2,1,2,4,66" ten="230,253,248,259" oya="2" hai0="10,48,5,20,85,114,50,8,103,28,94,32,91" hai1="118,92,25,57,39,3,4,93,125,120,34,22,111" hai2="87,56,54,97,64,41,100,33,126,51,18,31,127" hai3="131,61,36,116,45,101,9,77,90,35,108,12,134"/><V26/><F41/><W105/><G35/><T129/><D32/><U17/><E118/><V13/><F87/><W121/><G116/><T42/><D114/><U122/><E39/><V124/><F64/><W96/><G121/><N who="1" m="46698" /><E111/><V84/><F84/><W70/><G108/><T107/><D129/><U133/><E133/><V80/><F80/><W29/><G29/><T109/><D109/><U6/><E125/><V78/><F78/><W49/><G36/><T7/><D107/><U128/><E128/><V52/><F54/><W83/><G90/><T72/><D103/><U53/><E34/><V37/><F37/><W104/><G131/><T69/><D72/><U119/><E3/><V115/><F115/><W27/><G27/><N who="0" m="16487" /><D69/><U113/><E119/><V63/><F63/><W98/><G134/><T0/><D0/><U23/><E23/><V47/><F47/><W99/><G61/><T58/><D58/><U71/><E71/><V86/><F86/><W59/><G59/><T95/><D95/><N who="1" m="36427" /><E113/><V117/><F117/><W55/><G70/><T75/><D75/><U15/><E25/><V106/><REACH who="2" step="1"/><F126/><REACH who="2" ten="230,253,238,259" step="2"/><W60/><G60/><AGARI ba="2,2" hai="4,6,15,17,22,53,57,60" m="36427,46698" machi="60" ten="30,1000,0" yaku="13,1" doraHai="66" who="1" fromWho="3" sc="230,0,253,36,238,0,259,-16" /><INIT seed="3,0,0,1,3,108" ten="230,289,238,243" oya="3" hai0="51,86,20,83,12,135,30,78,118,37,129,41,64" hai1="40,70,72,126,19,25,66,133,123,27,95,106,77" hai2="63,4,81,31,52,85,26,124,120,38,54,53,92" hai3="105,103,28,130,46,115,49,102,21,22,44,111,128"/><W16/><G105/><T132/><D37/><U104/><E123/><V82/><F38/><W122/><G122/><T35/><D35/><U93/><E40/><V127/><F120/><W97/><G111/><T56/><D118/><U116/><E77/><V96/><F4/><W71/><G71/><T62/><D129/><N who="3" m="49769" /><G22/><T90/><D12/><U119/><E66/><V9/><F9/><W8/><G97/><T45/><REACH who="0" step="1"/><D78/><REACH who="0" ten="220,289,238,243" step="2"/><U24/><E116/><V109/><F109/><W32/><G32/><T2/><D2/><U47/><E119/><V17/><F127/><W113/><G102/><T94/><D94/><U121/><E95/><V131/><F124/><W68/><G103/><T101/><D101/><U91/><E93/><V14/><F131/><W0/><G68/><T39/><D39/><U79/><E70/><V29/><F92/><W87/><G0/><T76/><D76/><U65/><E79/><V100/><F100/><W99/><G99/><T117/><D117/><U10/><E106/><V112/><F96/><W89/><G89/><T74/><D74/><U67/><E91/><V34/><F34/><W69/><G87/><T110/><D110/><U80/><E72/><V15/><F85/><W43/><G69/><T73/><D73/><U48/><E104/><V36/><F36/><W42/><G8/><T1/><D1/><U3/><E126/><V55/><F14/><N who="3" m="9367" /><G28/><T88/><D88/><U50/><E3/><V98/><F29/><W107/><G107/><T59/><D59/><U18/><E121/><V33/><N who="2" m="13312" /><DORA hai="114" /><V7/><F31/><W13/><G13/><RYUUKYOKU ba="0,1" sc="220,15,289,-15,238,-15,243,15" hai0="20,30,41,45,51,56,62,64,83,86,90,132,135" hai3="42,43,44,46,49,113,115" /><INIT seed="3,1,1,1,0,71" ten="235,274,223,258" oya="3" hai0="64,43,12,42,77,23,81,37,97,41,86,36,122" hai1="22,52,72,15,84,111,134,9,121,1,73,59,132" hai2="88,102,28,14,25,107,0,34,31,56,127,50,40" hai3="104,67,118,35,10,113,48,7,76,91,94,80,98"/><W17/><G104/><T69/><D122/><U123/><E111/><V99/><F0/><W100/><G35/><T18/><REACH who="0" step="1"/><D97/><REACH who="0" ten="225,274,223,258" step="2"/><U82/><E121/><V110/><F110/><W106/><G118/><T44/><D44/><U131/><E123/><V130/><F127/><W54/><G113/><T89/><D89/><N who="1" m="51351" /><E131/><V39/><F130/><W30/><G91/><T32/><D32/><U79/><E79/><V3/><F88/><W13/><G76/><T85/><D85/><U21/><E73/><V16/><F99/><W112/><G112/><T128/><D128/><U24/><E72/><V114/><F34/><W83/><G106/><T55/><D55/><U75/><E75/><V27/><F107/><W8/><G67/><T20/><D20/><U126/><E126/><V63/><F114/><W62/><G10/><T108/><D108/><U120/><E120/><V129/><F129/><W93/><G93/><T135/><D135/><U57/><E22/><V95/><F95/><W74/><G74/><T133/><D133/><U119/><E21/><V101/><F101/><W26/><G83/><T115/><D115/><U33/><E33/><V4/><F102/><W87/><G87/><T60/><AGARI ba="1,2" hai="12,18,23,36,37,41,42,43,60,64,69,77,81,86" machi="60" ten="30,7900,0" yaku="1,1,0,1,52,2,53,0" doraHai="71" doraHaiUra="53" who="0" fromWho="0" sc="225,102,274,-21,223,-21,258,-40" /><INIT seed="4,0,0,2,4,3" ten="327,253,202,218" oya="0" hai0="132,105,64,91,79,36,7,116,35,110,89,131,101" hai1="55,32,107,97,57,67,34,62,54,108,122,66,31" hai2="88,30,104,84,23,14,126,118,0,33,134,94,17" hai3="9,115,45,123,24,59,96,129,81,39,120,42,63"/><T51/><D116/><U82/><E122/><N who="3" m="46634" /><G24/><T41/><D36/><U58/><E108/><V21/><F126/><W109/><G109/><T77/><D35/><U98/><E82/><V114/><F134/><W13/><G96/><T74/><D64/><U38/><E38/><V27/><F114/><W106/><G106/><T124/><D105/><U10/><E107/><V103/><F118/><W93/><G93/><T92/><D101/><U12/><E31/><V50/><F0/><W121/><G81/><T75/><D92/><U80/><E80/><V71/><F71/><W102/><G102/><T8/><D131/><U135/><E135/><V86/><F86/><W100/><G100/><T60/><D75/><U65/><E32/><V49/><REACH who="2" step="1"/><F33/><REACH who="2" ten="327,253,192,218" step="2"/><W19/><G115/><T111/><D124/><U53/><E34/><V52/><F52/><N who="1" m="20073" /><E58/><V44/><F44/><W26/><G121/><T61/><D132/><U2/><E2/><V128/><F128/><W5/><G129/><T85/><D111/><U70/><E70/><V127/><F127/><W56/><G63/><T78/><D61/><U112/><E112/><V87/><F87/><W37/><G56/><T99/><D60/><U83/><E83/><V117/><F117/><W4/><G59/><T68/><D68/><U95/><E95/><V130/><F130/><W90/><G45/><T29/><D110/><U113/><E113/><V20/><F20/><N who="3" m="13599" /><G42/><T76/><D41/><U22/><E22/><V15/><F15/><N who="3" m="5543" /><G90/><T133/><D89/><U48/><E62/><V16/><F16/><AGARI ba="0,1" hai="10,12,16,48,55,57,65,66,67,97,98" m="20073" machi="16" ten="30,3900,0" yaku="8,1,54,2" doraHai="3" who="1" fromWho="2" sc="327,0,253,49,192,-39,218,0" /><INIT seed="5,0,0,1,1,91" ten="327,302,153,218" oya="1" hai0="131,94,7,4,97,22,111,18,43,46,27,30,82" hai1="74,29,133,32,99,23,33,96,68,89,132,114,66" hai2="48,50,55,39,107,37,3,49,75,123,0,41,95" hai3="16,61,57,104,101,119,106,59,31,79,117,110,14"/><U105/><E74/><V53/><F107/><W25/><G79/><T134/><D111/><U69/><E105/><V17/><F75/><W2/><G59/><T127/><D127/><U120/><E114/><V9/><F123/><W122/><G2/><T93/><D134/><U60/><E120/><V35/><F35/><N who="1" m="13385" /><E69/><V71/><F71/><W126/><G110/><T6/><D82/><U112/><E112/><V70/><F70/><W20/><G126/><T44/><D131/><U56/><E56/><V121/><F121/><W76/><G76/><T129/><D129/><U85/><E23/><V8/><F41/><W13/><G13/><T125/><D97/><U28/><E99/><V92/><F48/><W118/><G101/><T34/><D125/><U80/><E96/><V115/><F115/><W58/><G58/><T67/><D67/><U54/><E54/><V135/><REACH who="2" step="1"/><F17/><REACH who="2" ten="327,302,143,218" step="2"/><W1/><G122/><T52/><D43/><U87/><E68/><V63/><F63/><W108/><G108/><T90/><D18/><U10/><E60/><V81/><F81/><W113/><G113/><T38/><D38/><U88/><E80/><V73/><F73/><W11/><REACH who="3" step="1"/><G1/><REACH who="3" ten="327,302,143,208" step="2"/><T36/><D46/><U84/><E132/><AGARI ba="0,2" hai="0,3,8,9,37,39,49,50,53,55,92,95,132,135" machi="132" ten="25,12000,2" yaku="1,1,22,2,52,2,53,2" doraHai="91" doraHaiUra="47" who="2" fromWho="1" sc="327,0,302,-120,143,140,208,0" /><INIT seed="6,0,0,1,2,90" ten="327,182,283,208" oya="2" hai0="76,50,118,78,113,11,55,4,84,51,123,57,61" hai1="18,66,56,77,5,97,13,21,91,64,69,120,58" hai2="106,26,121,60,92,126,108,45,114,8,33,12,80" hai3="119,75,49,70,103,107,54,1,111,133,28,96,44"/><V52/><F106/><W124/><G1/><T68/><D123/><U20/><E77/><V135/><F121/><W128/><G70/><T46/><D113/><U15/><E69/><V71/><F114/><W27/><G75/><T32/><D32/><U31/><E120/><V109/><F126/><W41/><G128/><T22/><D68/><U89/><E31/><V14/><F80/><W115/><G115/><T6/><D51/><U63/><E97/><V74/><F74/><W125/><G133/><T29/><D84/><U9/><REACH who="1" step="1"/><E20/><REACH who="1" ten="327,172,283,208" step="2"/><V38/><F71/><W34/><G111/><T86/><D22/><U7/><E7/><V116/><F109/><W130/><G130/><T62/><D29/><U39/><E39/><V30/><F108/><W67/><G119/><T0/><D6/><U134/><E134/><V23/><F135/><W40/><G67/><T129/><D78/><U19/><E19/><V88/><F116/><W85/><G85/><T65/><D86/><U24/><E24/><V47/><F38/><W59/><REACH who="3" step="1"/><G41/><REACH who="3" ten="327,172,283,198" step="2"/><T81/><D118/><U132/><E132/><V3/><F33/><W16/><G16/><T112/><D129/><U122/><E122/><V48/><F30/><W73/><G73/><T131/><D131/><U25/><E25/><V72/><F26/><W37/><AGARI ba="0,2" hai="27,28,34,37,40,44,49,54,59,96,103,107,124,125" machi="37" ten="30,4000,0" yaku="1,1,0,1,53,1" doraHai="90" doraHaiUra="42" who="3" fromWho="3" sc="327,-10,172,-10,283,-20,198,60" /><INIT seed="7,0,0,4,2,67" ten="317,162,263,258" oya="3" hai0="69,58,92,8,51,74,85,113,98,63,118,56,25" hai1="64,78,18,61,125,111,44,65,75,13,34,50,42" hai2="4,2,103,135,14,27,7,36,104,73,93,82,114" hai3="101,116,22,119,89,126,87,121,59,60,110,39,52"/><W120/><G39/><T109/><D69/><U19/><E111/><V108/><F108/><W115/><G110/><T53/><D74/><U40/><E125/><V17/><F104/><W38/><G38/><T132/><D118/><U43/><E34/><V107/><F107/><W70/><G101/><T122/><D122/><U30/><E30/><V91/><F2/><W6/><G126/><T3/><D132/><U84/><E75/><V12/><F103/><W21/><G21/><T95/><D3/><U96/><E96/><V81/><F36/><W41/><G41/><T15/><D113/><U47/><E19/><V127/><F135/><W9/><G22/><T106/><D106/><U90/><E78/><V11/><F114/><W100/><G100/><T46/><D25/><U131/><E131/><V20/><F73/><W83/><G70/><T102/><D63/><U49/><E40/><V88/><F91/><W72/><G72/><T62/><D62/><U45/><E45/><V37/><F37/><W79/><G89/><N who="0" m="53295" /><D109/><U134/><E61/><V1/><F1/><W105/><G105/><T94/><D94/><U28/><E28/><V31/><F127/><W97/><G97/><T99/><D99/><U55/><E134/><V112/><F112/><W124/><G124/><T128/><D128/><U32/><E32/><V35/><F4/><AGARI ba="0,0" hai="4,8,15,46,51,53,56,58,95,98,102" m="53295" machi="4" ten="30,1000,0" yaku="8,1" doraHai="67" who="0" fromWho="2" sc="317,10,162,0,263,-10,258,0" owari="327,43.0,162,-34.0,253,-15.0,258,6.0" /></mjloggm>