<mjloggm ver="2.3"><GO type="97" lobby="0"/><UN n0="%E3%83%81%E3%83%A3%E3%82%AA%E5%B8%AB%E5%8C%A0" n1="%E3%82%A6%E3%83%AB%E3%83%88%E3%83%A9%E7%AB%8B%E7%9B%B4" n2="%40%74%6F%72%61" n3="%E4%BF%9D%E5%AD%98%41%47%45" dan="13,15,15,15" rate="1907.72,1979.51,2023.04,1971.86" sx="M,M,M,M"/><TAIKYOKU oya="0"/><INIT seed="0,0,0,0,3,27" ten="250,250,250,250" oya="0" hai0="98,15,11,37,73,113,30,2,91,86,29,84,126" hai1="25,135,81,83,47,50,57,58,99,18,44,122,85" hai2="128,56,8,43,31,130,41,87,53,127,48,16,78" hai3="5,125,64,20,94,116,74,82,96,108,55,101,14"/><T0/><D37/><U32/><E122/><V72/><F72/><W102/><G116/><T129/><D73/><U42/><E135/><V110/><F110/><W23/><G108/><T24/><D113/><U36/><E99/><V88/><F78/><W79/><G125/><T115/><D115/><U66/><E66/><V132/><F127/><W7/><G64/><T75/><D75/><U19/><E83/><N who="2" m="49279" /><F132/><W117/><G117/><T131/><D126/><U119/><E119/><V120/><F120/><W9/><G5/><T92/><D2/><U89/><E19/><V93/><F93/><W3/><G3/><T39/><D0/><U67/><E67/><V71/><F71/><W60/><G102/><T34/><D39/><U100/><E100/><V38/><F38/><W112/><G112/><T104/><D104/><U68/><E68/><V35/><F35/><W62/><G62/><T4/><REACH who="0" step="1"/><D29/><REACH who="0" ten="240,250,250,250" step="2"/><U21/><E36/><V70/><F31/><W33/><G33/><T13/><D13/><U49/><E32/><V69/><F69/><W63/><G63/><T80/><D80/><U52/><AGARI ba="0,1" hai="18,21,25,42,44,47,49,50,52,57,58,81,85,89" machi="52" ten="20,5200,0" yaku="0,1,7,1,8,1,54,1" doraHai="27" who="1" fromWho="1" sc="240,-26,250,62,250,-13,250,-13" /><INIT seed="1,0,0,0,1,14" ten="214,312,237,237" oya="1" hai0="110,46,97,131,53,107,129,126,98,102,51,93,121" hai1="61,36,58,96,54,103,106,42,4,69,115,135,25" hai2="40,130,34,44,74,99,122,67,5,100,9,71,59" hai3="50,55,76,128,45,108,125,113,7,52,12,87,24"/><U38/><E115/><V86/><F74/><W18/><G108/><T49/><D110/><U83/><E135/><V94/><F34/><W117/><G113/><T109/><D109/><U77/><E42/><V116/><F71/><W104/><G117/><T3/><D3/><U26/><E69/><V35/><F35/><W22/><G104/><T8/><D126/><U120/><E120/><V68/><F122/><W132/><G132/><T111/><D111/><U88/><E4/><V89/><F68/><W39/><G39/><T80/><D121/><U133/><E133/><V17/><F116/><W30/><G128/><T10/><D80/><U28/><E88/><V19/><F130/><N who="0" m="49674" /><D51/><U66/><E54/><V48/><F59/><W127/><G127/><T43/><D43/><U124/><E124/><V60/><F67/><W85/><G125/><T15/><D15/><U6/><E26/><V84/><F60/><W79/><G55/><T27/><D27/><U82/><E82/><V73/><F73/><W92/><G7/><T23/><D23/><U112/><E6/><V119/><F119/><W41/><G41/><T72/><D72/><U70/><E58/><V16/><REACH who="2" step="1"/><F100/><AGARI ba="0,0" hai="8,10,46,49,53,93,97,98,100,102,107" m="49674" machi="100" ten="30,1000,0" yaku="19,1" doraHai="14" who="0" fromWho="2" sc="214,10,312,0,237,-10,237,0" /><INIT seed="2,0,0,4,2,134" ten="224,312,227,237" oya="2" hai0="129,85,29,57,81,66,49,114,133,42,63,116,15" hai1="40,103,121,75,24,126,16,92,18,43,76,35,69" hai2="112,84,108,131,97,111,127,28,105,8,17,101,45" hai3="99,61,71,53,30,123,51,95,83,54,117,113,0"/><V52/><F112/><W74/><G123/><T14/><D114/><U19/><E69/><V68/><F68/><W132/><G117/><T119/><D129/><U115/><E115/><V44/><F131/><W88/><G132/><T41/><D133/><U67/><E67/><V65/><F65/><W50/><G0/><T36/><D36/><U58/><E58/><V64/><F64/><W72/><G61/><T120/><D120/><U77/><E121/><V135/><F135/><W12/><G30/><T110/><D110/><N who="2" m="42026" /><F28/><W1/><G1/><T32/><D32/><U6/><E24/><V27/><F84/><W38/><G38/><T82/><D29/><U20/><E20/><N who="2" m="13711" /><F8/><W128/><G128/><T91/><D116/><U130/><E35/><V59/><F127/><W73/><G71/><T39/><D119/><U62/><E126/><V102/><F101/><W5/><G113/><T89/><D39/><U31/><E31/><V22/><F22/><W4/><G74/><T122/><D122/><U79/><E75/><V37/><F37/><W23/><G73/><T70/><D70/><U87/><E130/><V98/><F97/><W80/><G72/><T94/><D82/><U26/><E26/><V9/><F9/><W11/><G80/><T106/><D81/><U93/><E103/><V33/><F33/><W2/><G83/><T21/><D66/><U46/><E87/><V25/><F25/><W7/><G23/><T109/><D21/><U96/><E96/><V48/><AGARI ba="0,0" hai="44,45,48,52,59,98,102,105" m="13711,42026" machi="48" ten="30,6000,0" yaku="14,1,10,1,54,1" doraHai="134" who="2" fromWho="2" sc="224,-20,312,-20,227,60,237,-20" /><INIT seed="2,1,0,5,1,55" ten="204,292,287,217" oya="2" hai0="14,100,107,31,54,128,70,49,34,50,88,41,92" hai1="94,28,101,117,13,36,9,3,66,7,68,56,98" hai2="33,71,39,132,63,76,80,72,42,38,129,26,16" hai3="69,89,17,95,108,8,78,116,85,126,122,93,18"/><V59/><F71/><W115/><G69/><T77/><D128/><U12/><E36/><V75/><F129/><W111/><G122/><T106/><D70/><U109/><E117/><V35/><F75/><W51/><G115/><T96/><D77/><U6/><E109/><N who="3" m="42058" /><G116/><T67/><D67/><U90/><E7/><V84/><F72/><W0/><G78/><T32/><D41/><U135/><E135/><V40/><F132/><W79/><G79/><T124/><D124/><U4/><E4/><V21/><F39/><W44/><G0/><T46/><D31/><U99/><E28/><V133/><F133/><W20/><G8/><T43/><D14/><U30/><E30/><V121/><F121/><W64/><G64/><T134/><D134/><U114/><E114/><V86/><F86/><W120/><G120/><T127/><D127/><U29/><E29/><V113/><F113/><W102/><G20/><T130/><D130/><U5/><E5/><V62/><F38/><W105/><G105/><T22/><D22/><U53/><E66/><V10/><F35/><W65/><G65/><T19/><D107/><U131/><E131/><V25/><F33/><W87/><G126/><T104/><D106/><U125/><E125/><V118/><F118/><W2/><G2/><T52/><D19/><U61/><E68/><V74/><F74/><W91/><G102/><T24/><D24/><U11/><E11/><V45/><F26/><W81/><G81/><T83/><D83/><U58/><E58/><V73/><F59/><W82/><G82/><T57/><D43/><AGARI ba="1,0" hai="17,18,43,44,51,85,87,89,91,93,95" m="42058" machi="43" ten="30,1000,0" yaku="14,1" doraHai="55" who="3" fromWho="0" sc="204,-13,292,0,287,0,217,13" /><INIT seed="3,0,0,3,3,88" ten="191,292,287,230" oya="3" hai0="73,111,50,87,68,32,22,101,119,45,135,104,107" hai1="130,9,112,44,100,114,110,126,24,77,28,59,103" hai2="93,115,99,124,39,27,52,102,71,84,56,3,113" hai3="89,91,86,62,72,95,61,13,0,122,78,53,117"/><W51/><G122/><T35/><D73/><U90/><E77/><V54/><F71/><W69/><G0/><T18/><D119/><U33/><E90/><V81/><F39/><W37/><G37/><T47/><D68/><U83/><E83/><V131/><F3/><W98/><G69/><T11/><D135/><U21/><E44/><V75/><F75/><W129/><G129/><T97/><D111/><U31/><E9/><V60/><F131/><W43/><G43/><T19/><D107/><U123/><E123/><V8/><F124/><W121/><G121/><T1/><D87/><U134/><E130/><V36/><F36/><W34/><G34/><T42/><D45/><U82/><E82/><V58/><F27/><W64/><G64/><T15/><REACH who="0" step="1"/><D1/><REACH who="0" ten="181,292,287,230" step="2"/><U2/><E2/><V80/><F84/><W67/><G117/><T38/><D38/><U70/><E70/><V127/><F127/><W16/><G72/><T108/><D108/><U55/><E110/><V5/><F113/><W23/><G78/><T48/><D48/><N who="1" m="31207" /><E126/><V96/><F115/><W46/><G67/><T133/><D133/><U4/><E134/><V94/><F56/><W7/><G7/><T116/><D116/><U74/><E4/><V66/><F58/><W63/><G63/><T41/><D41/><U17/><E74/><V6/><F60/><W65/><G65/><T10/><D10/><U92/><E114/><V29/><F66/><W106/><G106/><T79/><D79/><U49/><E112/><V25/><F8/><W118/><G118/><T12/><AGARI ba="0,1" hai="11,12,15,18,19,22,32,35,42,47,50,97,101,104" machi="12" ten="20,2700,0" yaku="1,1,0,1,7,1,53,0" doraHai="88" doraHaiUra="125" who="0" fromWho="0" sc="181,37,292,-7,287,-7,230,-13" /><INIT seed="4,0,0,4,0,31" ten="218,285,280,217" oya="0" hai0="16,110,111,50,102,97,75,36,76,28,6,119,40" hai1="22,33,112,96,127,73,95,71,54,44,48,60,100" hai2="118,79,135,131,23,59,11,128,132,63,134,30,8" hai3="98,20,10,115,13,113,0,66,1,69,120,5,105"/><T55/><D119/><U74/><E127/><V129/><F79/><W25/><G120/><T116/><D116/><U93/><E33/><V58/><F118/><W101/><G66/><T14/><D6/><U17/><E112/><N who="3" m="43082" /><G69/><T85/><D75/><U7/><E7/><V46/><F46/><W108/><G108/><N who="0" m="41515" /><D28/><AGARI ba="0,0" hai="0,1,5,10,13,20,25,28,98,101,105" m="43082" machi="28" ten="30,1000,0" yaku="15,1" doraHai="31" who="3" fromWho="0" sc="218,-10,285,0,280,0,217,10" /><INIT seed="5,0,0,0,2,33" ten="208,285,280,227" oya="1" hai0="124,28,17,38,7,40,103,84,57,79,80,8,74" hai1="111,2,22,16,94,87,93,50,85,78,121,109,110" hai2="23,72,43,3,96,129,86,132,53,95,51,98,37" hai3="44,102,88,128,52,65,127,67,35,54,63,82,100"/><U49/><E2/><V69/><F69/><W6/><G35/><T91/><D124/><U77/><E121/><V83/><F72/><W68/><G6/><T130/><D130/><U24/><E87/><V45/><F129/><W122/><G128/><T92/><D28/><U34/><E34/><V134/><F3/><W13/><G122/><T46/><D57/><U1/><E1/><V32/><F32/><W12/><G68/><T131/><D131/><U61/><E61/><V73/><F73/><W56/><G127/><T119/><D119/><U26/><E26/><V97/><F23/><W115/><G115/><T62/><D62/><U29/><E29/><V106/><F95/><N who="1" m="36361" /><E85/><V18/><F106/><W104/><G104/><T15/><REACH who="0" step="1"/><D103/><REACH who="0" ten="198,285,280,227" step="2"/><U76/><AGARI ba="0,1" hai="16,22,24,49,50,76,77,78,109,110,111" m="36361" machi="76" ten="40,3900,0" yaku="10,1,54,1" doraHai="33" who="1" fromWho="1" sc="198,-13,285,49,280,-13,227,-13" owari="185,-31.0,334,43.0,267,7.0,214,-19.0" /></mjloggm>