<mjloggm ver="2.3"><GO type="97" lobby="0"/><UN n0="%E3%83%90%E3%83%83%E3%83%86%E3%83%B3" n1="%6B%6F%2D%73%68%69%72%6F" n2="%E3%82%A6%E3%83%AB%E3%83%88%E3%83%A9%E7%AB%8B%E7%9B%B4" n3="%E3%82%B1%E3%83%B3%E5%9D%8A" dan="15,14,15,15" rate="1991.43,2046.00,2025.00,2002.59" sx="M,M,M,M"/><TAIKYOKU oya="0"/><INIT seed="0,0,0,5,0,66" ten="250,250,250,250" oya="0" hai0="29,88,36,81,95,111,133,86,4,113,61,127,45" hai1="47,101,13,16,79,125,100,83,57,74,98,59,30" hai2="23,49,3,105,108,129,64,8,116,89,114,132,128" hai3="73,11,121,1,118,77,6,135,104,120,131,10,48"/><T94/><D113/><U15/><E125/><V60/><F105/><W93/><G118/><T99/><D127/><U55/><E30/><V82/><F114/><W58/><G104/><T87/><D133/><U78/><E78/><V109/><F49/><W44/><G135/><T70/><D29/><U41/><E100/><V72/><F23/><W76/><G11/><T18/><D4/><U62/><E57/><V37/><F37/><W84/><G131/><N who="2" m="50249" /><F116/><W32/><G32/><T92/><D111/><U119/><E119/><V43/><F43/><W0/><G58/><T33/><D33/><U126/><E126/><V25/><F25/><W67/><G0/><T22/><D36/><U20/><E15/><V54/><F54/><N who="3" m="29959" /><G73/><T28/><D45/><U103/><E98/><V17/><F132/><W14/><G93/><T107/><D107/><U122/><REACH who="1" step="1"/><E122/><REACH who="1" ten="250,240,250,250" step="2"/><N who="3" m="47210" /><G14/><T117/><D117/><U130/><E130/><V40/><F109/><W5/><G1/><T35/><D99/><U56/><E56/><V65/><F108/><W106/><G84/><T90/><D87/><U27/><E27/><V134/><F134/><W39/><G106/><T50/><D86/><U68/><E68/><V110/><F110/><W71/><G77/><T97/><D97/><U63/><E63/><V69/><F60/><N who="3" m="40423" /><G76/><T52/><D61/><U9/><E9/><V7/><F8/><W46/><G10/><T53/><D28/><U85/><E85/><V19/><F3/><W38/><G46/><T91/><D35/><U112/><E112/><V115/><F115/><W42/><G38/><AGARI ba="0,1" hai="13,16,20,38,41,47,55,59,62,74,79,83,101,103" machi="38" ten="30,3900,0" yaku="1,1,7,1,54,1,53,0" doraHai="66" doraHaiUra="123" who="1" fromWho="3" sc="250,0,240,49,250,0,250,-39" /><INIT seed="1,0,0,2,1,49" ten="250,289,250,211" oya="1" hai0="21,7,83,28,94,110,42,122,132,11,60,86,109" hai1="19,81,47,57,123,79,126,121,65,52,120,33,30" hai2="1,39,96,130,62,67,98,44,8,0,25,74,75" hai3="48,58,116,124,115,103,38,12,135,99,26,113,100"/><U3/><E3/><V71/><F130/><W34/><G116/><T104/><D104/><U95/><E126/><V125/><F125/><W97/><G124/><T2/><D132/><U134/><E134/><V63/><F25/><W27/><G135/><T13/><D122/><U92/><E19/><V22/><F22/><W87/><G34/><T93/><D42/><U106/><E106/><V90/><F90/><W119/><G119/><T56/><D28/><U128/><E128/><V76/><F98/><W32/><G32/><T118/><D118/><U41/><E65/><V36/><F96/><W73/><G12/><T16/><D109/><U35/><E33/><V4/><F1/><W85/><G48/><T66/><REACH who="0" step="1"/><D110/><REACH who="0" ten="240,289,250,211" step="2"/><U102/><E30/><V45/><F39/><W20/><G38/><T55/><D55/><U64/><E35/><V129/><F129/><W114/><G73/><T61/><D61/><U51/><E64/><V15/><F74/><W23/><G115/><T5/><D5/><U84/><REACH who="1" step="1"/><E102/><REACH who="1" ten="240,279,250,211" step="2"/><V29/><F29/><W50/><G114/><T9/><D9/><U18/><E18/><V31/><F31/><W133/><G113/><T46/><D46/><U117/><E117/><V59/><F45/><W89/><G133/><T78/><AGARI ba="0,2" hai="2,7,11,13,16,21,56,60,66,78,83,86,93,94" machi="78" ten="20,8000,1" yaku="1,1,0,1,7,1,54,1,53,1" doraHai="49" doraHaiUra="80" who="0" fromWho="0" sc="240,100,279,-40,250,-20,211,-20" /><INIT seed="2,0,0,1,2,24" ten="340,239,230,191" oya="2" hai0="41,117,73,3,1,95,61,29,42,90,15,134,8" hai1="113,118,46,102,76,39,52,83,26,47,85,35,62" hai2="132,49,53,121,43,99,45,77,48,31,72,69,64" hai3="5,66,97,110,57,59,100,40,56,111,107,17,80"/><V89/><F132/><W78/><G40/><T6/><D134/><U94/><E118/><V22/><F121/><W2/><G17/><T37/><D73/><U20/><E113/><V25/><F77/><W84/><G66/><T126/><D126/><U68/><E35/><V115/><F72/><W16/><G16/><T128/><D128/><U0/><E39/><V105/><F115/><W71/><G71/><T130/><D130/><U125/><E0/><V124/><F124/><W13/><G2/><T127/><D127/><U14/><E14/><V51/><F69/><W11/><AGARI ba="0,0" hai="5,11,13,56,57,59,78,80,84,97,100,107,110,111" machi="11" ten="30,1100,0" yaku="0,1" doraHai="24" who="3" fromWho="3" sc="340,-3,239,-3,230,-5,191,11" /><INIT seed="3,0,0,3,2,80" ten="337,236,225,202" oya="3" hai0="110,10,92,122,15,84,124,108,42,107,89,41,90" hai1="50,69,23,20,106,130,86,44,116,99,91,21,31" hai2="102,1,119,53,105,67,30,58,133,4,123,75,22" hai3="54,32,87,64,135,34,85,127,51,109,49,3,66"/><W61/><G3/><T27/><D107/><U103/><E69/><V65/><F75/><W19/><G135/><T55/><D124/><U132/><E132/><V2/><F105/><W57/><G127/><T35/><D122/><U128/><E116/><V82/><F2/><W12/><G34/><T13/><D13/><U11/><E11/><V134/><F1/><W25/><G32/><T73/><D73/><U37/><E37/><V63/><F119/><W113/><G113/><T93/><D27/><U71/><E71/><V52/><F133/><W29/><G29/><T5/><D35/><U98/><E31/><V76/><F134/><W33/><G33/><T7/><D7/><U47/><E99/><V79/><F4/><W96/><G25/><T9/><D9/><U104/><E104/><V125/><F125/><W17/><G109/><N who="0" m="42091" /><D55/><U121/><E121/><V72/><F123/><W115/><G115/><T70/><D70/><U77/><E77/><V78/><F102/><W114/><G114/><T45/><D45/><U126/><E126/><V14/><F72/><W56/><G96/><AGARI ba="0,0" hai="5,10,15,41,42,84,89,90,92,93,96" m="42091" machi="96" ten="30,2000,0" yaku="14,1,52,1" doraHai="80" who="0" fromWho="3" sc="337,20,236,0,225,0,202,-20" owari="357,45.0,236,4.0,225,-17.0,182,-32.0" /></mjloggm>