<mjloggm ver="2.3"><GO type="41" lobby="0"/><UN n0="%4F%74%65%6E%74%65%6E" n1="%EF%BC%95%EF%BC%91%EF%BC%85" n2="%E5%B0%B1%E6%B4%BB%E7%94%9F%40%E5%B7%9D%E6%9D%91%E8%BB%8D%E5%9B%A3" n3="%E5%8C%97%E3%81%AE%E5%9C%92%E9%95%B7" dan="14,13,15,13" rate="1955.83,1844.33,2014.02,1860.76" sx="M,M,M,M"/><TAIKYOKU oya="0"/><INIT seed="0,0,0,1,3,107" ten="250,250,250,250" oya="0" hai0="43,53,5,0,96,121,94,115,73,101,131,120,91" hai1="89,122,4,33,100,129,103,3,37,128,127,98,56" hai2="81,69,58,114,25,126,24,72,39,109,32,22,52" hai3="74,64,132,15,29,7,106,2,30,88,10,85,82"/><T112/><D5/><U118/><E37/><V97/><F69/><W79/><G132/><T84/><D0/><U77/><E33/><V41/><F109/><W51/><G106/><N who="0" m="63783" /><D53/><U40/><E40/><V55/><F114/><N who="0" m="43562" /><D43/><U83/><E56/><V21/><F126/><W44/><G2/><T45/><D45/><U60/><E60/><V50/><F55/><W49/><G51/><T102/><D131/><U135/><E4/><V67/><F67/><W111/><G111/><T16/><D16/><U13/><E13/><V125/><F97/><W86/><G64/><T123/><D102/><N who="1" m="38955" /><E3/><V9/><F125/><W76/><G30/><T62/><D62/><U57/><E57/><V87/><F9/><W61/><G29/><T63/><D63/><U116/><E127/><V34/><F39/><W110/><G61/><T71/><D71/><U104/><E104/><V54/><F41/><W23/><G23/><T20/><D20/><U80/><E77/><V12/><F12/><W17/><G110/><T35/><D35/><U48/><E48/><V11/><F11/><W133/><G133/><T66/><D66/><U26/><E26/><V99/><F32/><W78/><G7/><T134/><D134/><U42/><E42/><V6/><F34/><W19/><G17/><T93/><D93/><N who="1" m="56623" /><E135/><V95/><F25/><W105/><G105/><T1/><D1/><U36/><E36/><V92/><F6/><W124/><G124/><T27/><D27/><U119/><E122/><V68/><F24/><W8/><G10/><T65/><D65/><U130/><AGARI ba="0,0" hai="80,83,116,118,119,128,129,130" m="56623,38955" machi="130" ten="40,5200,0" yaku="19,1,34,2" doraHai="107" who="1" fromWho="1" sc="250,-26,250,52,250,-13,250,-13" /><INIT seed="1,0,0,2,3,55" ten="224,302,237,237" oya="1" hai0="68,117,8,65,108,103,76,119,35,135,130,90,44" hai1="107,60,94,121,17,100,129,13,12,126,88,50,49" hai2="58,105,118,78,48,14,92,20,125,85,98,67,72" hai3="131,104,36,69,9,56,3,15,89,19,41,0,86"/><U2/><E121/><V101/><F118/><W132/><G69/><T95/><D130/><U5/><E126/><V7/><F125/><W66/><G131/><T40/><D108/><U124/><E124/><V47/><F72/><W34/><G104/><T10/><D135/><U102/><E129/><V109/><F109/><W25/><G132/><T38/><D35/><U83/><E83/><V28/><F7/><W122/><G122/><T11/><D103/><U73/><E73/><V6/><F6/><W22/><G41/><T111/><D111/><U51/><E107/><V57/><F67/><W4/><G36/><T18/><D76/><U96/><E2/><V45/><F45/><W37/><G37/><T39/><D39/><U120/><E120/><V59/><F105/><W87/><G86/><T74/><D74/><U91/><E60/><V134/><F134/><W77/><G77/><T128/><D128/><U42/><E102/><V97/><F97/><W33/><G66/><T127/><D18/><U27/><E27/><N who="2" m="16487" /><F14/><W62/><G34/><T64/><D127/><U116/><E116/><V63/><F78/><W99/><G33/><T84/><D68/><U82/><E82/><V30/><F85/><W21/><G87/><T123/><D123/><U24/><E24/><V61/><F30/><W16/><G89/><T32/><D32/><U133/><E133/><V31/><F31/><W113/><G99/><T70/><D70/><U26/><E26/><V112/><F112/><W106/><G113/><T114/><D114/><U46/><E5/><V115/><F115/><W29/><G106/><RYUUKYOKU ba="0,0" sc="224,15,302,-15,237,15,237,-15" hai0="8,10,11,38,40,44,64,65,84,90,95,117,119" hai2="47,48,57,58,59,61,63,92,98,101" /><INIT seed="2,1,0,5,3,55" ten="239,287,252,222" oya="2" hai0="94,132,130,18,111,116,67,49,1,66,0,19,44" hai1="50,51,81,12,107,5,23,88,91,26,120,24,125" hai2="40,102,121,16,82,57,61,134,85,3,59,119,113" hai3="92,128,8,63,13,47,46,127,22,10,28,89,90"/><V35/><F119/><W25/><G127/><T2/><D116/><U110/><E107/><V126/><F121/><W56/><G128/><T21/><D130/><U39/><E39/><V129/><F113/><W84/><G90/><T123/><D132/><U43/><E110/><V53/><F129/><W68/><G68/><T54/><D111/><U118/><E120/><V114/><F114/><W93/><G92/><T7/><D123/><U6/><E118/><V131/><F131/><W4/><REACH who="3" step="1"/><G10/><REACH who="3" ten="239,287,252,212" step="2"/><T78/><D94/><U98/><E125/><V79/><F126/><W96/><G96/><T80/><D7/><N who="1" m="2571" /><E91/><V65/><F134/><W64/><AGARI ba="1,1" hai="4,8,13,22,25,28,46,47,56,63,64,84,89,93" machi="64" ten="20,12000,2" yaku="1,1,0,1,7,1,8,1,52,1,53,2" doraHai="55" doraHaiUra="42" who="3" fromWho="3" sc="239,-31,287,-31,252,-61,212,133" /><INIT seed="3,0,0,4,1,120" ten="208,256,191,345" oya="3" hai0="4,57,34,8,92,51,75,107,115,49,108,131,25" hai1="35,76,28,47,67,133,10,81,105,110,19,2,99" hai2="60,102,119,85,1,130,98,127,112,125,64,128,80" hai3="96,86,134,55,121,77,53,7,69,82,104,132,124"/><W122/><G69/><T24/><D107/><U97/><E133/><N who="3" m="51306" /><G7/><T21/><D108/><U31/><E10/><V117/><F1/><W135/><N who="3" m="51314" /><W23/><DORA hai="12" /><G124/><N who="2" m="47689" /><F64/><W39/><G39/><T37/><D75/><U40/><E67/><V113/><F60/><W87/><G104/><T56/><D131/><N who="2" m="50218" /><F85/><N who="3" m="32267" /><G96/><T20/><D37/><U101/><E105/><N who="2" m="63703" /><F80/><W33/><G33/><T14/><D56/><U41/><E2/><V106/><F106/><W29/><G29/><T74/><D57/><U62/><E101/><V5/><F5/><W73/><G23/><T100/><D20/><U129/><E129/><V72/><F72/><W36/><G36/><T15/><D74/><U103/><E103/><V94/><F94/><W38/><G38/><T118/><D21/><U93/><E93/><V83/><F83/><W9/><G9/><T43/><D100/><U78/><E81/><V48/><F48/><W45/><G45/><T126/><D49/><U90/><E35/><V52/><F52/><AGARI ba="0,0" hai="52,53,55,73,77,82,121,122" m="32267,51314" machi="52" ten="40,3900,0" yaku="20,1,54,1" doraHai="120,12" who="3" fromWho="2" sc="208,0,256,0,191,-39,345,39" /><INIT seed="3,1,0,5,2,132" ten="208,256,152,384" oya="3" hai0="2,129,59,11,24,25,88,122,110,75,36,82,83" hai1="134,13,63,18,107,135,58,71,21,66,33,97,102" hai2="125,74,76,108,119,51,37,111,17,84,103,120,4" hai3="69,0,19,115,45,73,10,100,14,114,42,128,86"/><W124/><G73/><T40/><D129/><U29/><REACH who="1" step="1"/><E58/><REACH who="1" ten="208,246,152,384" step="2"/><V98/><F111/><W109/><G109/><T126/><D59/><U105/><E105/><V91/><F108/><W12/><G128/><T72/><D110/><U44/><E44/><V67/><F119/><W35/><G45/><T60/><D122/><U99/><E99/><V49/><F120/><W123/><G123/><T26/><D75/><U118/><E118/><V32/><F37/><W62/><G69/><T96/><D72/><U7/><E7/><V41/><F74/><W5/><G5/><T130/><D96/><U77/><E77/><V117/><F4/><W22/><G115/><T127/><D130/><U23/><E23/><V28/><F76/><W53/><G22/><T9/><D2/><U94/><E94/><V20/><F117/><W65/><G0/><T113/><D113/><U54/><E54/><V50/><F20/><W79/><G53/><T46/><D82/><U93/><E93/><V131/><F98/><W61/><G79/><T68/><D68/><U3/><E3/><V95/><F131/><W31/><G114/><T27/><N who="0" m="6656" /><DORA hai="43" /><T104/><D104/><U89/><E89/><V52/><F95/><W56/><G56/><T81/><D83/><U133/><E133/><V15/><F91/><W121/><G121/><T92/><D81/><U112/><E112/><V34/><F84/><W30/><G86/><N who="0" m="52247" /><D60/><U47/><E47/><V116/><F116/><W8/><G62/><T90/><D90/><U1/><E1/><V78/><F78/><W39/><G61/><T64/><D64/><RYUUKYOKU ba="1,1" sc="208,15,246,15,152,-15,384,-15" hai0="9,11,36,40,46,126,127" hai1="13,18,21,29,33,63,66,71,97,102,107,134,135" /><INIT seed="4,2,1,4,4,55" ten="223,261,137,369" oya="0" hai0="71,19,23,65,46,82,59,35,10,4,67,125,49" hai1="32,21,101,11,98,43,2,97,40,94,72,129,17" hai2="20,80,75,6,112,52,131,12,84,108,58,120,39" hai3="73,68,126,79,102,105,64,15,121,45,127,114,81"/><T27/><D125/><U77/><E32/><V107/><F39/><W130/><G15/><T134/><D35/><U133/><E133/><V115/><F120/><W91/><G45/><T90/><D134/><U118/><E118/><V62/><F107/><W103/><G64/><T111/><D71/><U36/><E36/><V24/><F75/><W13/><G13/><N who="0" m="5319" /><D111/><U95/><E129/><V117/><F108/><W51/><G68/><T56/><D67/><U47/><E11/><V29/><F131/><W106/><G130/><T18/><D19/><U38/><E2/><V28/><F117/><W7/><G7/><T116/><D116/><U83/><E47/><V74/><F74/><W113/><G51/><T42/><D65/><U50/><E50/><V33/><F29/><W16/><G16/><T89/><D89/><U104/><E38/><V57/><F57/><N who="0" m="22090" /><D90/><U5/><E104/><N who="3" m="40042" /><G91/><T122/><D122/><U110/><E5/><V92/><F92/><W135/><G135/><T14/><D82/><U60/><E60/><V25/><F25/><AGARI ba="2,1" hai="14,18,23,25,27,42,46,49" m="22090,5319" machi="25" ten="30,11600,0" yaku="8,1,52,3" doraHai="55" who="0" fromWho="2" sc="223,132,261,0,137,-122,369,0" /><INIT seed="4,3,0,0,4,87" ten="355,261,15,369" oya="0" hai0="29,104,133,45,100,49,127,41,12,74,129,98,27" hai1="25,96,2,102,13,70,88,135,64,106,57,40,6" hai2="5,122,36,43,47,31,20,108,73,50,111,35,8" hai3="7,9,34,3,59,22,10,91,121,54,119,84,67"/><T113/><D129/><U52/><E135/><V0/><F20/><W92/><G119/><T48/><D133/><U82/><E40/><V1/><F1/><W126/><G34/><T26/><D127/><U21/><E2/><V94/><F94/><W81/><G126/><T62/><D113/><U77/><E64/><V89/><F122/><W63/><G121/><T103/><D74/><U85/><E70/><V134/><F134/><W128/><G128/><T118/><D103/><U51/><E13/><V39/><F39/><W17/><G7/><T97/><D98/><U44/><E6/><V4/><F4/><W109/><G3/><T114/><D62/><U112/><E112/><V110/><F50/><W90/><G67/><T80/><D80/><U16/><REACH who="1" step="1"/><E77/><REACH who="1" ten="355,251,15,369" step="2"/><V42/><F42/><W46/><G109/><T32/><D12/><U125/><E125/><V72/><REACH who="2" step="1"/><F89/><REACH who="2" ten="355,251,5,369" step="2"/><N who="3" m="51343" /><G46/><AGARI ba="3,2" hai="16,21,25,44,46,51,52,57,82,85,88,96,102,106" machi="46" ten="40,12000,2" yaku="1,1,52,1,54,3,53,1" doraHai="87" doraHaiUra="18" who="1" fromWho="3" sc="355,0,251,149,5,0,369,-129" /><INIT seed="5,0,0,2,4,82" ten="355,400,5,240" oya="1" hai0="22,90,67,31,109,92,118,38,105,39,69,120,33" hai1="127,40,121,126,36,10,101,44,1,132,63,20,86" hai2="97,113,122,134,0,89,91,50,46,19,116,76,48" hai3="61,27,7,47,3,115,32,106,104,133,95,124,93"/><U9/><E121/><V12/><F0/><W17/><G47/><T62/><D120/><U5/><E101/><V99/><F122/><W55/><G61/><T75/><D109/><U94/><E132/><V24/><F116/><W16/><G55/><T64/><D118/><U110/><E10/><N who="2" m="6551" /><F134/><W68/><G133/><T107/><D75/><U114/><E110/><V26/><F113/><W37/><G37/><T80/><D80/><U65/><E114/><V98/><F76/><W59/><G115/><T35/><D35/><U8/><E9/><V29/><F50/><W58/><G3/><T52/><D67/><U112/><E20/><N who="2" m="15495" /><F26/><W70/><G27/><N who="0" m="16887" /><D33/><U23/><E23/><V4/><F4/><W111/><G7/><T72/><D38/><U11/><E11/><V15/><F15/><W13/><G13/><T45/><D39/><U28/><E28/><V84/><F84/><W78/><G32/><T128/><D72/><U125/><E112/><V117/><F117/><W87/><G111/><T6/><D6/><U103/><E86/><V74/><F74/><W34/><G34/><T96/><D105/><U56/><E94/><V66/><F66/><W21/><G21/><T77/><D107/><U130/><REACH who="1" step="1"/><E103/><REACH who="1" ten="355,390,5,240" step="2"/><V57/><F57/><W108/><G108/><T14/><D92/><U71/><E71/><V25/><F25/><W102/><G102/><T79/><D69/><U41/><E41/><AGARI ba="0,1" hai="41,46,48,89,91,97,98,99" m="15495,6551" machi="41" ten="30,1000,0" yaku="8,1" doraHai="82" who="2" fromWho="1" sc="355,0,390,-10,5,20,240,0" /><INIT seed="6,0,0,5,1,49" ten="355,380,25,240" oya="2" hai0="15,124,6,84,19,40,26,103,111,24,65,63,66" hai1="130,105,21,2,107,43,70,116,30,18,16,132,92" hai2="78,56,82,134,58,76,5,109,57,115,129,99,113" hai3="81,128,37,72,32,62,51,104,60,121,114,28,87"/><V4/><F109/><W48/><G121/><T42/><D111/><U97/><E2/><V3/><F3/><W46/><G104/><T94/><D124/><U25/><E70/><V41/><F41/><N who="0" m="15978" /><D6/><N who="2" m="2666" /><F129/><W68/><G128/><T90/><D103/><U125/><E116/><V8/><F8/><W127/><G127/><T23/><D63/><U110/><E132/><V88/><F134/><W91/><G37/><T77/><D77/><N who="2" m="29802" /><F82/><W33/><G72/><T117/><D117/><U39/><E110/><V135/><F135/><W102/><G102/><T52/><D66/><U100/><E125/><V73/><F73/><W93/><G51/><T67/><D65/><U22/><E130/><V133/><F133/><W55/><G68/><T64/><D67/><U7/><E7/><V126/><F126/><W20/><G33/><T27/><D64/><U80/><E80/><V17/><F17/><W12/><G32/><T34/><D34/><U35/><E43/><V86/><F86/><W131/><G131/><T79/><D79/><U53/><E39/><V95/><F115/><W11/><G114/><T45/><D15/><U13/><E53/><V29/><F113/><W119/><G119/><T38/><D38/><U96/><E97/><V71/><F71/><W122/><G122/><T123/><D123/><U101/><E100/><V44/><F44/><W112/><G112/><T108/><D108/><U47/><E47/><V85/><F85/><W106/><G106/><T54/><D54/><U118/><E118/><V98/><F98/><W0/><G55/><T50/><AGARI ba="0,0" hai="19,23,24,26,27,45,50,52,84,90,94" m="15978" machi="50" ten="30,4000,0" yaku="8,1,52,1,54,1" doraHai="49" who="0" fromWho="0" sc="355,40,380,-10,25,-20,240,-10" /><INIT seed="7,0,0,5,2,83" ten="395,370,5,230" oya="3" hai0="118,107,20,102,78,54,87,94,37,74,70,69,97" hai1="61,123,103,66,0,96,117,34,73,129,11,14,116" hai2="19,22,9,121,84,79,111,85,132,119,81,16,104" hai3="27,39,110,46,1,77,106,88,62,71,92,21,48"/><W82/><G106/><T28/><D37/><U52/><E123/><V32/><F104/><W57/><G1/><T56/><D118/><U18/><E73/><V120/><F119/><N who="1" m="45641" /><E34/><V113/><F113/><W31/><G39/><T15/><D74/><U24/><E24/><V25/><F111/><W58/><G71/><T89/><D78/><U5/><E129/><V29/><F132/><W12/><G110/><T47/><D47/><U41/><E41/><V124/><F124/><W133/><G133/><T6/><D28/><U4/><E0/><V134/><F134/><W101/><G101/><T8/><D20/><U49/><E61/><AGARI ba="0,0" hai="6,8,15,54,56,61,69,70,87,89,94,97,102,107" machi="61" ten="30,2000,0" yaku="7,1,52,1" doraHai="83" who="0" fromWho="1" sc="395,20,370,-20,5,0,230,0" owari="415,51.0,350,15.0,5,-49.0,230,-17.0" /></mjloggm>