<mjloggm ver="2.3"><GO type="41" lobby="0"/><UN n0="%E3%83%94%E3%82%B3%E3%81%A1%E3%82%83%E3%82%93" n1="%73%75%7A%75%31%32%32%32" n2="%E5%B0%B1%E6%B4%BB%E7%94%9F%40%E5%B7%9D%E6%9D%91%E8%BB%8D%E5%9B%A3" n3="%68%6F%63%6F%68%6F" dan="15,14,15,15" rate="2037.98,1862.13,2005.29,2002.82" sx="F,M,M,M"/><TAIKYOKU oya="0"/><INIT seed="0,0,0,0,4,46" ten="250,250,250,250" oya="0" hai0="97,66,80,127,42,118,103,79,18,2,55,69,4" hai1="96,9,93,48,112,14,1,129,110,83,67,94,30" hai2="40,107,102,90,65,59,36,71,81,62,50,72,84" hai3="113,120,44,121,5,88,11,19,52,28,17,95,89"/><T39/><D118/><U8/><E30/><V134/><F72/><W20/><G113/><T128/><D128/><U41/><E129/><V85/><F134/><W12/><G28/><T125/><D18/><N who="3" m="6665" /><G20/><T38/><D55/><U111/><E1/><V47/><F107/><W100/><G121/><T21/><D21/><U76/><E67/><V104/><F104/><W122/><G122/><T105/><D80/><U91/><E94/><V132/><F132/><W10/><G10/><N who="0" m="2327" /><D79/><U13/><E112/><V133/><F133/><W37/><G37/><N who="0" m="13835" /><D42/><U61/><E61/><AGARI ba="0,0" hai="61,66,69,97,103,105,125,127" m="13835,2327" machi="61" ten="30,1500,0" yaku="23,1" doraHai="46" who="0" fromWho="1" sc="250,15,250,-15,250,0,250,0" /><INIT seed="0,1,0,3,1,72" ten="265,235,250,250" oya="0" hai0="116,52,70,58,49,48,54,16,133,94,93,79,113" hai1="126,18,67,40,112,121,42,10,33,39,23,134,128" hai2="124,107,53,38,31,108,6,84,127,7,1,119,123" hai3="131,3,129,82,61,62,17,96,135,132,11,5,102"/><T51/><D113/><U81/><E121/><V109/><F107/><W8/><G82/><T95/><D116/><U29/><E67/><V105/><F105/><W2/><G17/><T21/><D70/><U83/><E112/><V89/><F38/><W106/><G11/><T50/><D133/><N who="3" m="51273" /><G3/><T26/><REACH who="0" step="1"/><D79/><REACH who="0" ten="255,235,250,250" step="2"/><U91/><E134/><V104/><F119/><W68/><G68/><T76/><D76/><U115/><E115/><V66/><F123/><W43/><G131/><T0/><D0/><U19/><E128/><V25/><F1/><W74/><G129/><T63/><D63/><U88/><E126/><V59/><F124/><W64/><G62/><T37/><D37/><U99/><E39/><V15/><F127/><W130/><G130/><T111/><D111/><U28/><E33/><V85/><F109/><W12/><G2/><T87/><D87/><U65/><E99/><V110/><F85/><W60/><G74/><T24/><D24/><U34/><E34/><V55/><F84/><W45/><G61/><T120/><D120/><U125/><E125/><V118/><F25/><W13/><G60/><T47/><AGARI ba="1,1" hai="16,21,26,47,48,49,50,51,52,54,58,93,94,95" machi="47" ten="30,12000,1" yaku="1,1,0,1,8,1,54,2,53,0" doraHai="72" doraHaiUra="71" who="0" fromWho="0" sc="255,133,235,-41,250,-41,250,-41" /><INIT seed="0,2,0,1,0,123" ten="388,194,209,209" oya="0" hai0="80,64,88,112,114,19,13,1,91,52,113,101,132" hai1="23,28,35,46,117,93,99,70,63,106,130,118,50" hai2="108,95,51,134,68,36,39,100,43,53,14,86,87" hai3="5,122,75,94,21,71,124,41,103,37,65,8,102"/><T32/><D1/><U67/><E130/><V12/><F68/><W85/><G75/><T55/><D32/><U16/><E93/><V131/><F131/><W4/><G122/><T25/><D132/><U115/><E115/><V20/><F134/><W96/><G124/><T18/><D64/><U81/><E81/><V29/><F43/><W6/><G103/><T135/><D135/><U45/><E117/><V72/><F72/><W110/><G85/><N who="2" m="32265" /><F39/><W30/><G8/><T7/><D101/><N who="1" m="62783" /><E50/><V77/><F36/><W56/><G71/><T120/><D120/><U58/><E118/><V10/><F77/><W107/><G107/><T129/><D129/><U33/><E33/><V54/><F108/><W83/><G83/><T27/><D80/><U22/><E58/><N who="2" m="33087" /><F54/><N who="0" m="20522" /><D13/><N who="1" m="9487" /><E23/><V15/><F29/><W116/><G116/><T133/><D7/><U76/><E76/><V121/><F20/><W61/><G41/><T40/><D40/><U59/><E59/><V119/><F119/><W44/><G37/><T74/><D133/><U73/><E73/><V26/><F26/><AGARI ba="2,0" hai="26,28,35,45,46,63,67,70" m="9487,62783" machi="26" ten="30,2000,0" yaku="25,1,54,1" doraHai="123" who="1" fromWho="2" sc="388,0,194,26,209,-26,209,0" /><INIT seed="1,0,0,0,4,120" ten="388,220,183,209" oya="1" hai0="61,72,117,97,102,36,84,89,54,23,27,0,49" hai1="63,43,94,3,132,105,25,17,39,12,112,60,38" hai2="82,123,91,53,71,130,96,103,59,126,75,31,13" hai3="45,118,21,33,14,15,52,86,6,10,76,2,122"/><U80/><E3/><V134/><F71/><W58/><G122/><T40/><D117/><U101/><E112/><V30/><F123/><W106/><G33/><T34/><D72/><U56/><E105/><V110/><F130/><W99/><G118/><T83/><D0/><U48/><E132/><V104/><F126/><W90/><G76/><T81/><D34/><U26/><E39/><V95/><F134/><W135/><G135/><T85/><D36/><U32/><E38/><V44/><F44/><W65/><G65/><T51/><D40/><U28/><E80/><V114/><F114/><W47/><G2/><T68/><D68/><U62/><E32/><V115/><F115/><W24/><G15/><T37/><BYE who="1" /><D37/><U100/><E100/><V116/><F116/><W46/><G106/><UN n1="%73%75%7A%75%31%32%32%32" /><T1/><D1/><U16/><E28/><V78/><F13/><W74/><G74/><T133/><D133/><U57/><E17/><V9/><F9/><W50/><G99/><T11/><D11/><N who="1" m="6175" /><E43/><V121/><F121/><W55/><G55/><T22/><D54/><N who="1" m="31815" /><E57/><V66/><F110/><W127/><G127/><T124/><D124/><U42/><E42/><V73/><F66/><W98/><G98/><AGARI ba="0,0" hai="25,26,60,62,63,94,98,101" m="31815,6175" machi="98" ten="30,2900,0" yaku="8,1,54,1" doraHai="120" who="1" fromWho="3" sc="388,0,220,29,183,0,209,-29" /><INIT seed="1,1,0,5,1,86" ten="388,249,183,180" oya="1" hai0="39,118,76,25,89,21,80,54,78,40,131,124,103" hai1="70,24,87,75,26,93,109,46,107,64,49,102,84" hai2="35,122,101,47,23,27,115,4,16,10,59,100,94" hai3="60,104,55,14,32,13,53,110,97,28,67,34,114"/><U71/><E75/><V99/><F122/><W73/><G114/><T130/><D118/><U66/><E107/><V3/><F115/><W8/><G73/><T38/><D103/><U30/><E109/><V121/><F121/><W50/><G110/><T63/><D124/><U85/><E102/><V111/><F111/><W2/><G2/><T88/><D63/><U133/><E133/><V96/><F59/><W43/><G43/><T117/><D54/><U135/><E135/><V17/><F35/><W5/><G34/><T98/><D117/><U22/><E26/><V106/><F47/><W44/><G14/><T79/><D80/><U56/><E70/><V129/><REACH who="2" step="1"/><F129/><REACH who="2" ten="388,249,173,180" step="2"/><N who="0" m="49162" /><D98/><U125/><E71/><V116/><F116/><W58/><G97/><T42/><D42/><U20/><E125/><V112/><F112/><W31/><G32/><T51/><D51/><U90/><E56/><V120/><F120/><W81/><G44/><N who="0" m="23575" /><D39/><U52/><E20/><V48/><F48/><W68/><G50/><T72/><D72/><U0/><E0/><V126/><F126/><W83/><G68/><T33/><D33/><U77/><E77/><V128/><F128/><W11/><G58/><T132/><D132/><U82/><E82/><V91/><F91/><W119/><G83/><T18/><AGARI ba="1,1" hai="18,21,25,76,78,79,88,89" m="23575,49162" machi="18" ten="30,7900,0" yaku="19,1,52,2,54,1" doraHai="86" who="0" fromWho="0" sc="388,92,249,-40,173,-21,180,-21" /><INIT seed="2,0,0,1,3,35" ten="480,209,152,159" oya="2" hai0="60,80,88,106,116,84,134,13,2,69,112,23,53" hai1="28,40,9,131,3,14,18,113,83,100,108,39,94" hai2="22,37,95,125,66,17,61,10,68,105,114,115,72" hai3="122,0,99,11,64,47,56,57,44,4,81,130,85"/><V63/><F105/><W123/><G130/><T6/><D112/><U133/><E113/><V33/><F37/><W110/><G110/><T65/><D106/><U70/><E108/><V29/><F72/><W132/><G132/><T58/><D134/><U86/><E133/><V109/><F125/><W36/><G99/><T82/><D116/><U50/><E39/><V107/><F109/><W124/><G124/><T89/><D2/><U42/><E70/><V90/><F107/><W31/><G31/><T126/><D126/><U103/><E28/><V7/><F61/><W93/><G93/><T119/><D119/><U129/><E131/><V97/><F29/><W73/><G47/><T76/><D82/><U120/><E129/><V77/><F33/><W46/><G46/><T16/><REACH who="0" step="1"/><D6/><REACH who="0" ten="470,209,152,159" step="2"/><U54/><E3/><V49/><F77/><W98/><G81/><T55/><D55/><U48/><E120/><V92/><F92/><W51/><G123/><T5/><D5/><U111/><E111/><V67/><F67/><W118/><G122/><T121/><D121/><U34/><E83/><V135/><F135/><W26/><G64/><T25/><D25/><U101/><E54/><V96/><F114/><W78/><G26/><T52/><D52/><U19/><E34/><V79/><F115/><W38/><G78/><T24/><D24/><U62/><E40/><V127/><F79/><W12/><G118/><T8/><D8/><U30/><E42/><V75/><F127/><W1/><G4/><T41/><D41/><U59/><E9/><V117/><F7/><W21/><G11/><RYUUKYOKU ba="0,1" sc="470,30,209,-10,152,-10,159,-10" hai0="13,16,23,53,58,60,65,69,76,80,84,88,89" /><INIT seed="3,1,1,3,3,2" ten="500,199,142,149" oya="3" hai0="132,99,24,101,108,117,3,9,62,46,74,54,134" hai1="75,61,8,32,36,41,113,130,109,115,44,112,128" hai2="5,124,50,22,27,57,125,102,121,89,51,64,103" hai3="42,14,17,21,55,31,7,114,45,80,78,123,73"/><W0/><G114/><T79/><D117/><U47/><E109/><V85/><F121/><W111/><G123/><T19/><D108/><U126/><E61/><N who="2" m="37935" /><F5/><W56/><G111/><T4/><D19/><U58/><E58/><V33/><F33/><W15/><G31/><T83/><D24/><U97/><E97/><V39/><F39/><N who="3" m="21727" /><G56/><T81/><D81/><U129/><E32/><V90/><F124/><W105/><G55/><T107/><REACH who="0" step="1"/><D62/><REACH who="0" ten="490,199,142,149" step="2"/><U49/><E75/><V40/><F125/><W84/><G105/><T110/><D110/><U48/><E8/><V98/><F27/><N who="3" m="14767" /><G84/><T38/><D38/><U135/><E126/><V72/><F85/><W43/><G43/><T106/><D106/><U26/><E26/><V116/><F40/><W70/><G70/><T23/><D23/><U59/><E36/><V86/><F86/><W96/><G96/><T77/><D77/><U53/><E135/><V92/><F116/><W69/><G69/><T1/><D1/><U82/><E82/><V71/><F71/><W119/><G119/><T120/><D120/><U10/><E10/><AGARI ba="1,2" hai="0,7,10,14,15,73,78,80" m="14767,21727" machi="10" ten="30,2900,0" yaku="25,1,52,1" doraHai="2" who="3" fromWho="1" sc="490,0,199,-32,142,0,149,52" /><INIT seed="3,2,0,4,4,110" ten="490,167,142,201" oya="3" hai0="14,27,114,25,50,125,78,39,29,129,87,43,73" hai1="131,51,45,96,69,127,111,75,74,58,63,8,102" hai2="134,53,83,92,123,54,10,113,71,3,126,33,93" hai3="20,60,133,115,70,98,103,95,36,116,65,24,107"/><W9/><G116/><T80/><D39/><U32/><E111/><V12/><F71/><W46/><G133/><T64/><D125/><U19/><E69/><V17/><F123/><W18/><G107/><T85/><D129/><U16/><E32/><V130/><F33/><W30/><G115/><T122/><D122/><U128/><E127/><V37/><F37/><W13/><G36/><T135/><D135/><U86/><E86/><V35/><F35/><W56/><G46/><T94/><D64/><U57/><E8/><V34/><F34/><W79/><G70/><T88/><D114/><U77/><E77/><AGARI ba="2,0" hai="9,13,18,20,24,30,56,60,65,77,79,95,98,103" machi="77" ten="40,7700,0" yaku="25,2,8,1" doraHai="110" who="3" fromWho="1" sc="490,0,167,-83,142,0,201,83" /><INIT seed="3,3,0,4,5,16" ten="490,84,142,284" oya="3" hai0="73,108,103,34,96,28,117,132,134,13,21,30,65" hai1="27,7,41,24,123,111,112,135,119,56,10,92,114" hai2="59,122,8,79,86,70,4,39,9,33,72,67,2" hai3="89,104,46,50,94,126,54,43,121,6,84,26,133"/><W3/><G121/><T22/><D117/><U52/><E41/><V11/><F33/><W18/><G104/><T68/><D73/><U87/><E123/><V60/><F122/><W69/><G69/><T71/><D108/><U23/><E119/><V98/><F72/><W5/><G126/><T29/><D34/><U105/><E111/><V37/><F70/><N who="0" m="26666" /><D13/><U25/><E105/><V75/><F75/><W127/><G127/><T116/><D65/><U83/><E112/><V110/><F110/><W93/><G133/><N who="0" m="51307" /><D116/><U49/><E114/><V1/><F98/><N who="3" m="57647" /><G3/><T66/><D66/><U76/><E135/><V17/><F8/><W58/><G94/><AGARI ba="3,0" hai="21,22,28,29,30,94,96,103" m="51307,26666" machi="94" ten="40,5200,0" yaku="20,1,52,2" doraHai="16" who="0" fromWho="3" sc="490,61,84,0,142,0,284,-61" /><INIT seed="4,0,0,4,3,56" ten="551,84,142,223" oya="0" hai0="42,67,123,35,99,100,43,54,27,113,134,109,41" hai1="112,32,92,103,87,18,72,37,83,102,89,85,9" hai2="11,91,4,46,73,124,49,121,120,40,95,16,135" hai3="14,19,68,28,128,31,44,84,82,131,122,93,94"/><T30/><D123/><U26/><E32/><V79/><F124/><W17/><G68/><T12/><D113/><U71/><E37/><V0/><F135/><W118/><G118/><T45/><D134/><U114/><E71/><V96/><F73/><W59/><G122/><T97/><D109/><U36/><E36/><V125/><F125/><W98/><G44/><T130/><D130/><N who="3" m="49705" /><G59/><T39/><D99/><N who="1" m="57743" /><E9/><V15/><REACH who="2" step="1"/><F79/><REACH who="2" ten="551,84,132,223" step="2"/><W81/><G31/><T22/><D30/><U116/><E116/><V7/><F7/><W48/><G28/><T60/><D35/><U1/><E18/><V101/><F101/><N who="1" m="38409" /><E1/><V47/><F47/><W25/><G19/><T111/><D111/><U108/><E108/><V115/><F115/><N who="1" m="44073" /><E26/><V132/><F132/><W110/><G25/><T77/><D27/><U55/><E55/><V69/><F69/><W57/><G110/><T51/><D54/><U21/><E21/><AGARI ba="0,1" hai="0,4,11,15,16,21,40,46,49,91,95,96,120,121" machi="21" ten="30,7700,0" yaku="1,1,7,1,54,1,53,1" doraHai="56" doraHaiUra="13" who="2" fromWho="1" sc="551,0,84,-77,132,87,223,0" /><INIT seed="5,0,0,5,3,20" ten="551,7,219,223" oya="1" hai0="79,37,116,48,66,25,131,30,122,51,35,109,60" hai1="53,19,7,124,129,125,93,80,10,41,97,98,24" hai2="101,15,85,113,107,86,81,9,111,26,71,74,117" hai3="73,61,100,118,83,16,55,1,128,114,91,106,112"/><U32/><E41/><V127/><F111/><W110/><G110/><T18/><D37/><U72/><E129/><V14/><F117/><W13/><G1/><T17/><D109/><U40/><E40/><V23/><F71/><W94/><G128/><T2/><D2/><U62/><E72/><V28/><F113/><N who="3" m="43627" /><G118/><T39/><D39/><U119/><E80/><V36/><F36/><W50/><G61/><T75/><D75/><U42/><E119/><V132/><F132/><W59/><G106/><T22/><D35/><U44/><E42/><V78/><F127/><N who="1" m="48713" /><E93/><V134/><F134/><W58/><G100/><T21/><D79/><U52/><E62/><V45/><F45/><N who="3" m="28111" /><G83/><T12/><D131/><U54/><E44/><V69/><F69/><W6/><G73/><T77/><D77/><U103/><E103/><V96/><F15/><W56/><G6/><AGARI ba="0,0" hai="6,9,14,23,26,28,74,78,81,85,86,96,101,107" machi="6" ten="30,2000,0" yaku="7,1,52,1" doraHai="20" who="2" fromWho="3" sc="551,0,7,0,219,20,223,-20" /><INIT seed="6,0,0,5,2,29" ten="551,7,239,203" oya="2" hai0="113,52,19,120,107,69,102,97,39,38,23,72,60" hai1="127,91,2,13,27,129,83,58,62,61,65,8,118" hai2="43,28,81,131,12,64,124,122,11,117,108,66,9" hai3="135,22,1,121,75,130,15,96,63,41,109,6,24"/><V73/><F117/><W10/><G109/><T77/><D120/><U84/><E118/><V87/><F122/><W53/><G121/><T89/><D113/><U93/><E2/><V100/><F73/><W36/><G75/><T82/><D89/><U88/><E127/><V133/><F108/><W47/><G130/><T123/><D123/><U116/><E129/><V114/><F114/><W90/><G135/><T105/><D105/><U14/><E116/><V20/><F131/><W59/><G1/><T42/><D42/><U104/><E104/><V71/><F133/><W30/><G90/><T40/><D40/><U33/><E8/><V85/><F71/><W4/><REACH who="3" step="1"/><G96/><REACH who="3" ten="551,7,239,193" step="2"/><T86/><D72/><U78/><E62/><V134/><F124/><W51/><G51/><T98/><D98/><U94/><E91/><V49/><F134/><W50/><G50/><T16/><D97/><U46/><E46/><N who="2" m="25823" /><F100/><W67/><G67/><N who="2" m="25641" /><F85/><W95/><G95/><T70/><D86/><U125/><E125/><V79/><F28/><W99/><G99/><T17/><D102/><U110/><E110/><V37/><F37/><W74/><G74/><T54/><D39/><U5/><E94/><V31/><F31/><W76/><G76/><T3/><D38/><U48/><E48/><V57/><F57/><W115/><G115/><T44/><D77/><U26/><E78/><V92/><F92/><W18/><AGARI ba="0,1" hai="4,6,10,15,18,22,24,30,36,41,47,53,59,63" machi="18" ten="20,2700,0" yaku="1,1,0,1,7,1,53,0" doraHai="29" doraHaiUra="45" who="3" fromWho="3" sc="551,-7,7,-7,239,-13,193,37" /><INIT seed="7,0,0,3,5,65" ten="544,0,226,230" oya="3" hai0="16,130,102,46,94,31,88,22,95,132,14,47,71" hai1="111,61,101,40,55,58,82,15,27,85,50,1,59" hai2="5,120,103,57,131,116,121,48,118,91,72,119,87" hai3="69,19,35,123,84,109,99,128,3,129,13,124,23"/><W37/><G123/><N who="2" m="47177" /><F72/><W66/><G37/><T4/><D71/><U42/><E1/><V32/><F32/><W25/><G3/><T64/><D64/><U110/><E111/><V134/><F134/><W125/><G109/><T18/><D31/><U53/><E110/><V76/><F131/><N who="3" m="50251" /><G99/><N who="0" m="59775" /><D132/><U38/><E101/><V56/><F76/><W104/><G104/><T52/><D130/><U67/><E27/><V133/><F133/><W49/><G84/><N who="0" m="52487" /><D4/><U114/><E15/><V28/><F28/><N who="3" m="19855" /><G49/><N who="0" m="28727" /><D18/><U122/><E122/><V11/><F48/><W36/><G36/><T78/><D78/><U60/><E82/><N who="2" m="49655" /><F103/><W8/><G66/><T90/><D90/><U63/><E85/><V74/><F74/><W20/><G69/><T7/><D7/><U54/><E114/><V89/><F89/><W79/><G79/><T117/><D117/><U115/><E115/><V73/><F73/><W34/><G34/><T96/><D96/><U107/><E107/><V80/><F80/><W126/><AGARI ba="0,0" hai="8,13,19,20,23,124,125,126" m="19855,50251" machi="126" ten="40,12000,1" yaku="18,1,19,1,34,2" doraHai="65" who="3" fromWho="3" sc="544,-40,0,-40,226,-40,230,120" owari="504,60.0,-40,-54.0,186,-21.0,350,15.0" /></mjloggm>