<mjloggm ver="2.3"><GO type="169" lobby="0"/><UN n0="%68%61%6E%67%61%6B%75" n1="%E3%82%A8%E3%82%B9%E3%83%86%E3%83%BC" n2="%E5%8D%83%E7%BE%BD%E5%A6%99%E8%A6%8B%E6%B5%81" n3="%E3%82%A6%E3%83%AB%E3%83%88%E3%83%A9%E7%AB%8B%E7%9B%B4" dan="16,17,16,17" rate="2068.77,2119.16,2131.21,2131.57" sx="M,M,M,M"/><TAIKYOKU oya="0"/><INIT seed="0,0,0,1,4,33" ten="250,250,250,250" oya="0" hai0="56,129,107,121,18,131,80,47,36,102,15,85,99" hai1="98,100,130,122,123,6,11,69,60,110,70,57,32" hai2="89,83,23,50,79,16,10,13,84,19,118,77,63" hai3="86,124,96,135,75,64,126,3,128,106,39,55,49"/><T74/><D121/><U46/><E110/><V132/><F132/><W25/><G75/><T34/><D34/><U61/><E130/><N who="0" m="49673" /><D74/><U40/><E32/><V35/><F35/><W101/><G39/><T53/><D36/><U22/><E22/><V111/><F111/><W67/><G128/><T103/><D103/><U7/><E100/><V127/><F127/><N who="3" m="48683" /><G3/><T37/><D47/><U76/><E46/><V0/><F118/><W4/><G4/><T97/><D37/><U31/><E31/><V82/><F50/><W113/><G135/><T12/><D97/><U62/><E98/><V45/><F45/><N who="3" m="28079" /><G113/><T41/><D41/><U8/><E40/><V81/><F63/><W114/><G114/><T1/><D1/><U119/><E61/><V108/><F108/><W133/><G133/><T104/><D104/><U112/><E112/><V117/><F117/><W78/><G25/><T48/><D18/><U125/><E119/><V116/><F116/><W73/><G73/><T71/><D71/><U54/><E125/><V52/><F52/><W44/><G44/><T27/><D27/><U42/><E42/><V14/><REACH who="2" step="1"/><F0/><REACH who="2" ten="250,250,240,250" step="2"/><W66/><G66/><T87/><D87/><U51/><E54/><V65/><F65/><W134/><G134/><T72/><D72/><U91/><E51/><V26/><F26/><W38/><G38/><T28/><D28/><U58/><E60/><V5/><F5/><W24/><G24/><T92/><D107/><U105/><E105/><V29/><F29/><W20/><G64/><T68/><D68/><U94/><E69/><V21/><F21/><RYUUKYOKU ba="0,1" sc="250,15,250,-15,240,15,250,-15" hai0="12,15,48,53,56,80,85,92,99,102" hai2="10,13,14,16,19,23,77,79,81,82,83,84,89" /><INIT seed="0,1,1,5,5,8" ten="265,235,255,235" oya="0" hai0="131,124,102,98,125,57,1,96,18,105,63,75,15" hai1="104,135,103,110,5,55,123,100,111,65,13,39,101" hai2="30,33,77,134,114,58,34,122,97,28,17,80,43" hai3="42,76,64,113,70,56,87,27,23,128,81,7,0"/><T6/><D75/><U61/><E39/><V86/><F122/><W90/><G70/><T40/><D131/><U118/><E123/><V78/><F114/><W38/><G113/><T50/><D98/><U89/><E118/><V67/><F134/><W2/><G128/><T22/><D6/><U14/><E135/><V73/><F73/><W99/><G42/><T47/><REACH who="0" step="1"/><D1/><REACH who="0" ten="255,235,255,235" step="2"/><U132/><E5/><V10/><F97/><W53/><G0/><T116/><D116/><U126/><E132/><V32/><F86/><W79/><G2/><T69/><D69/><U88/><E104/><V112/><F112/><W109/><G7/><T45/><D45/><U62/><E110/><V29/><F58/><W21/><G109/><T20/><D20/><U12/><E111/><V68/><F68/><W133/><G23/><T35/><D35/><U72/><E72/><V60/><F32/><W19/><G133/><T44/><D44/><U119/><E119/><V94/><F33/><W37/><G99/><T26/><D26/><U129/><E129/><V95/><F34/><W66/><G37/><T130/><D130/><U41/><E103/><V24/><F24/><W51/><G38/><T115/><D115/><U82/><E101/><V52/><F10/><W127/><G127/><T85/><D85/><U93/><E126/><V107/><F29/><W91/><G76/><T3/><D3/><U74/><E100/><V4/><F78/><W84/><G79/><T117/><D117/><U108/><E108/><V54/><F77/><N who="3" m="46127" /><G87/><T59/><D59/><U48/><E74/><V25/><F30/><RYUUKYOKU ba="1,2" sc="255,15,235,-15,255,-15,235,15" hai0="15,18,22,40,47,50,57,63,96,102,105,124,125" hai3="19,21,27,51,53,56,64,66,90,91" /><INIT seed="0,2,2,0,1,43" ten="270,220,240,250" oya="0" hai0="32,69,115,64,66,61,54,41,127,53,56,117,82" hai1="51,110,130,5,68,28,63,21,108,114,113,22,96" hai2="135,45,14,70,17,44,123,89,9,15,57,33,4" hai3="75,49,40,77,48,31,124,91,74,67,8,129,125"/><T2/><D2/><U11/><E96/><V90/><F70/><W105/><G105/><T19/><D32/><U107/><E107/><V84/><F123/><W34/><G31/><T120/><D120/><U118/><E118/><V13/><F135/><W52/><G34/><T76/><D117/><U3/><E130/><V72/><F72/><W60/><G77/><T116/><D116/><U111/><E51/><V0/><F33/><W134/><G48/><T133/><D115/><N who="1" m="44043" /><E28/><V87/><F57/><W58/><G40/><T99/><D133/><U80/><E80/><N who="2" m="49287" /><F0/><W50/><G50/><T100/><D127/><N who="3" m="48713" /><G129/><T38/><D19/><U16/><E16/><V6/><F6/><W39/><G39/><T86/><D66/><AGARI ba="2,2" hai="3,5,11,21,22,63,66,68,108,110,111" m="44043" machi="66" ten="40,2600,0" yaku="14,1,11,1" doraHai="43" who="1" fromWho="0" sc="270,-32,220,52,240,0,250,0" /><INIT seed="1,0,0,5,3,33" ten="238,272,240,250" oya="1" hai0="75,111,68,14,38,131,20,124,81,73,11,57,122" hai1="80,96,129,18,65,5,119,58,51,120,1,116,104" hai2="121,90,45,67,95,37,66,44,117,91,53,85,41" hai3="16,108,54,36,50,9,72,86,10,87,115,26,2"/><U4/><E120/><V110/><F110/><W112/><G72/><T28/><D68/><U109/><E80/><V42/><F117/><W71/><G36/><T102/><D38/><U88/><E109/><V113/><F121/><W77/><G71/><T89/><D111/><U8/><E4/><V21/><F113/><W6/><G108/><T62/><D122/><U82/><E129/><V3/><F53/><W133/><G133/><T130/><D102/><U98/><E18/><V132/><F132/><W13/><G86/><N who="0" m="50383" /><D124/><U114/><E114/><V27/><F3/><W99/><G87/><T118/><D20/><U55/><E65/><V70/><F91/><W46/><G77/><T59/><D28/><U39/><E39/><V49/><REACH who="2" step="1"/><F70/><REACH who="2" ten="238,272,230,250" step="2"/><W12/><G2/><T97/><D118/><U29/><E116/><V105/><F105/><W64/><G115/><T25/><D130/><U19/><E119/><V107/><F107/><W0/><G112/><T84/><D131/><U76/><E88/><V34/><F34/><W78/><G0/><T24/><D75/><U123/><E104/><V32/><F32/><W47/><G78/><T60/><D73/><U79/><E76/><V40/><F40/><W83/><G54/><T23/><D97/><N who="1" m="37483" /><E123/><V106/><F106/><W101/><G99/><T94/><D84/><U17/><E79/><V100/><F100/><W103/><G101/><T128/><D128/><U127/><E1/><V135/><F135/><W7/><G103/><T93/><D93/><U43/><E43/><V30/><AGARI ba="0,1" hai="21,27,30,37,41,42,44,45,49,66,67,85,90,95" machi="30" ten="20,2700,0" yaku="1,1,0,1,7,1,53,0" doraHai="33" doraHaiUra="126" who="2" fromWho="2" sc="238,-7,272,-13,230,37,250,-7" /><INIT seed="2,0,0,3,1,24" ten="231,259,267,243" oya="2" hai0="80,102,72,34,122,67,28,129,70,86,11,134,21" hai1="39,123,20,1,60,36,13,10,127,54,124,77,91" hai2="51,38,97,9,88,69,35,111,110,76,3,26,113" hai3="121,33,87,58,40,116,0,52,106,108,57,132,43"/><V96/><F38/><W103/><G0/><T65/><D122/><U94/><E123/><V83/><F113/><W98/><G121/><T8/><D72/><U130/><E130/><V32/><F69/><W105/><G116/><T5/><D34/><N who="2" m="12842" /><F51/><W45/><G33/><T71/><D129/><U47/><E77/><V41/><F41/><W117/><G117/><T48/><D102/><U119/><E1/><V6/><F26/><W42/><G132/><T4/><D134/><U25/><E119/><V19/><F19/><W22/><G105/><T23/><D48/><U49/><E60/><V16/><F16/><W7/><G7/><T114/><D114/><U30/><E124/><V92/><F83/><W104/><G104/><T17/><D17/><U62/><E62/><V66/><F76/><W115/><G115/><T135/><D135/><U15/><E127/><V68/><F68/><W90/><G22/><T120/><D120/><U118/><E118/><V78/><F78/><W133/><G133/><T46/><D80/><U75/><E15/><V81/><F81/><N who="3" m="49519" /><G45/><T29/><D46/><U100/><E36/><V55/><F66/><W56/><G52/><T63/><D63/><U50/><E50/><V107/><F55/><W99/><G99/><T84/><AGARI ba="0,0" hai="4,5,8,11,21,23,28,29,65,67,70,71,84,86" machi="84" ten="25,8000,1" yaku="0,1,22,2,52,2" doraHai="24" who="0" fromWho="0" sc="231,80,259,-20,267,-40,243,-20" /><INIT seed="3,0,0,0,4,93" ten="311,239,227,223" oya="3" hai0="95,25,88,77,106,51,10,42,24,127,7,69,17" hai1="31,78,46,134,70,44,61,66,113,22,94,63,112" hai2="54,2,89,35,83,75,96,28,101,29,12,40,103" hai3="62,20,58,80,71,67,9,100,45,109,111,97,0"/><W30/><G45/><N who="1" m="17514" /><E94/><N who="2" m="56399" /><F2/><W47/><G47/><N who="0" m="26103" /><D106/><U74/><E22/><V60/><F35/><W132/><G132/><T48/><D69/><N who="1" m="42191" /><E31/><V57/><F75/><W128/><G128/><T37/><D37/><U82/><E82/><V64/><F40/><W98/><G71/><T15/><D77/><U118/><E78/><V34/><F34/><W1/><G80/><T72/><D72/><U8/><E8/><V76/><F64/><W104/><G97/><N who="0" m="57575" /><D127/><U33/><E33/><V119/><F119/><W55/><G67/><T102/><D102/><U133/><E74/><V3/><F101/><W13/><G1/><T38/><D38/><U21/><E118/><V32/><F103/><W79/><G79/><T122/><D122/><U11/><E133/><V19/><F32/><W105/><G105/><T107/><D107/><U115/><E134/><V52/><F3/><W53/><G0/><T41/><D7/><U92/><E70/><V131/><F76/><W26/><REACH who="3" step="1"/><G55/><REACH who="3" ten="311,239,227,213" step="2"/><T73/><D73/><U114/><E114/><V16/><F52/><W125/><G125/><T6/><D41/><U5/><E112/><V129/><F54/><W50/><G50/><T121/><D48/><U90/><E113/><V117/><F117/><W43/><G43/><T36/><D36/><U27/><E115/><V18/><F129/><W86/><G86/><T123/><D123/><U84/><E84/><V120/><F131/><W110/><G110/><T4/><D121/><U116/><E116/><V124/><F120/><W65/><G65/><T81/><D81/><U135/><E135/><V130/><F130/><RYUUKYOKU ba="0,1" sc="311,15,239,-15,227,-15,213,15" hai0="4,6,10,15,17,24,25" hai3="9,13,20,26,30,53,58,62,98,100,104,109,111" /><INIT seed="3,1,1,0,2,80" ten="326,224,212,228" oya="3" hai0="27,119,126,5,59,54,16,32,26,9,47,118,109" hai1="46,125,86,130,115,72,96,70,10,3,55,64,128" hai2="134,29,66,83,1,93,108,76,95,111,82,127,69" hai3="103,133,25,94,53,89,39,131,61,14,104,102,36"/><W120/><G120/><T17/><D109/><N who="2" m="42058" /><F1/><W81/><G39/><T77/><D126/><U40/><E72/><N who="2" m="43271" /><F127/><W98/><G36/><T15/><D77/><U124/><E115/><V97/><F134/><W65/><G131/><N who="1" m="50218" /><E96/><V35/><F83/><W78/><G133/><T106/><D106/><U19/><E55/><V107/><F107/><W132/><G132/><T42/><D118/><U49/><E86/><V30/><F35/><W92/><G53/><T43/><D119/><U52/><E40/><N who="0" m="15401" /><D47/><U135/><E135/><V57/><F69/><W60/><G104/><T22/><D32/><U31/><E31/><N who="2" m="11787" /><F97/><W21/><G81/><T71/><D71/><U44/><E44/><V7/><F7/><W99/><G78/><T121/><D121/><U75/><E75/><V110/><F110/><W11/><G65/><T90/><D90/><U129/><E129/><V63/><AGARI ba="1,1" hai="57,63,66,93,95" m="11787,43271,42058" machi="63" ten="30,1100,0" yaku="14,1" doraHai="80" who="2" fromWho="2" sc="326,-4,224,-4,212,24,228,-6" /><INIT seed="4,0,0,4,0,96" ten="322,220,236,222" oya="0" hai0="65,14,31,0,16,111,97,128,24,78,57,83,47" hai1="113,45,10,70,116,124,41,107,105,125,91,99,90" hai2="92,67,135,69,81,53,106,110,42,93,82,94,85" hai3="126,49,30,63,76,74,32,101,21,66,130,52,43"/><T9/><D0/><U38/><E116/><V12/><F110/><W37/><G76/><T64/><D111/><U1/><E70/><V39/><F135/><W118/><G74/><T27/><D128/><U104/><E113/><V95/><F106/><W5/><G5/><T34/><D47/><U112/><E112/><V15/><F53/><W132/><G32/><T109/><D109/><U115/><E115/><V6/><F6/><W102/><G118/><T72/><D27/><U35/><E35/><V71/><F81/><W23/><G132/><T98/><REACH who="0" step="1"/><D64/><REACH who="0" ten="312,220,236,222" step="2"/><U2/><E2/><V121/><F67/><W60/><G130/><T114/><D114/><U44/><E45/><V8/><F121/><W79/><G66/><T120/><D120/><U13/><E1/><V77/><F12/><W68/><G37/><T134/><D134/><U51/><E38/><V19/><F15/><W48/><G43/><T54/><D54/><U59/><E13/><V46/><F42/><W133/><G52/><T127/><D127/><U108/><E108/><V84/><F39/><W3/><G3/><T87/><D87/><U73/><E73/><V55/><F55/><W50/><G133/><T40/><D40/><U89/><E124/><V33/><F46/><W17/><G126/><T20/><D20/><U122/><E125/><V58/><F33/><W11/><G23/><T123/><D123/><U29/><E122/><V86/><F86/><W80/><G21/><T119/><D119/><U4/><E41/><V131/><F85/><W22/><G22/><T26/><D26/><U28/><E44/><RYUUKYOKU ba="0,1" sc="312,30,220,-10,236,-10,222,-10" hai0="9,14,16,24,31,34,57,65,72,78,83,97,98" /><INIT seed="4,1,1,0,2,43" ten="342,210,226,212" oya="0" hai0="17,78,131,73,11,74,27,124,65,36,107,125,15" hai1="104,14,38,64,127,12,40,103,102,75,37,44,121" hai2="105,51,109,49,77,91,97,1,81,135,80,101,23" hai3="130,8,92,2,5,129,126,72,60,90,25,56,111"/><T59/><D107/><U134/><E121/><V4/><F109/><W93/><G72/><T85/><D36/><U26/><E75/><V70/><F135/><W114/><G111/><T62/><D131/><N who="3" m="50185" /><G114/><T108/><D108/><U71/><E38/><V13/><F70/><W48/><G126/><N who="0" m="48747" /><D27/><U128/><E128/><V95/><F1/><W132/><G132/><T87/><D87/><U19/><E134/><V7/><F7/><W69/><G25/><T82/><AGARI ba="1,1" hai="11,15,17,59,62,65,73,74,78,82,85" m="48747" machi="82" ten="30,1500,0" yaku="18,1" doraHai="43" who="0" fromWho="0" sc="342,28,210,-6,226,-6,212,-6" /><INIT seed="4,2,0,0,4,71" ten="370,204,220,206" oya="0" hai0="109,125,65,131,123,64,101,54,96,63,49,103,39" hai1="44,128,67,74,77,70,59,57,89,81,108,113,79" hai2="47,91,15,84,58,75,6,93,28,32,8,66,37" hai3="87,34,22,105,48,119,53,1,120,50,97,35,134"/><T121/><D125/><U46/><E108/><V7/><F75/><W12/><G1/><T98/><D109/><U19/><E70/><V130/><F130/><W41/><G134/><T36/><D131/><U51/><E128/><V45/><F6/><W27/><G97/><T52/><REACH who="0" step="1"/><D49/><REACH who="0" ten="360,204,220,206" step="2"/><U78/><E51/><V29/><F37/><W11/><G50/><T60/><AGARI ba="2,1" hai="36,39,52,54,60,63,64,65,96,98,101,103,121,123" machi="60" ten="25,24000,3" yaku="1,1,2,1,0,1,22,2,52,2,54,1,53,0" doraHai="71" doraHaiUra="82" who="0" fromWho="0" sc="360,256,204,-82,220,-82,206,-82" /><INIT seed="4,3,0,5,0,40" ten="616,122,138,124" oya="0" hai0="88,62,76,124,98,127,55,20,66,67,102,79,46" hai1="6,23,109,103,35,93,31,8,135,49,129,37,91" hai2="7,125,42,106,41,30,72,74,1,131,82,56,83" hai3="38,85,36,32,33,114,29,86,99,133,112,44,65"/><T70/><D20/><U12/><E109/><V117/><F56/><W28/><G99/><T26/><D26/><U132/><E37/><V64/><F64/><W126/><G65/><T24/><D24/><N who="1" m="16799" /><E35/><V34/><F106/><W21/><G21/><T19/><D19/><U59/><E129/><V5/><F34/><W15/><G15/><T77/><D67/><U75/><E75/><V116/><F30/><W50/><G50/><N who="0" m="29143" /><D102/><U18/><E103/><V108/><F1/><W11/><G11/><T51/><D51/><U10/><E132/><V90/><F90/><W92/><G92/><T16/><D98/><U128/><E128/><V123/><F131/><W122/><G133/><T101/><D88/><U52/><E135/><V95/><F95/><W22/><G22/><T25/><D101/><U71/><E71/><V119/><F119/><W2/><G2/><T73/><D73/><U45/><E8/><V100/><F100/><W47/><G122/><T14/><D25/><U9/><E10/><V81/><F81/><W120/><G120/><T60/><D60/><U89/><E89/><V115/><F123/><W69/><G69/><T113/><D113/><U80/><E80/><V107/><F115/><W0/><G0/><T104/><D104/><U105/><E105/><V84/><F107/><W68/><G68/><T17/><D14/><U121/><E121/><V43/><F116/><W78/><G78/><T53/><D53/><U63/><E18/><V134/><F117/><W27/><G27/><T54/><D54/><N who="1" m="29999" /><E91/><V130/><F134/><W96/><G96/><T57/><D70/><RYUUKYOKU ba="3,0" sc="616,10,122,10,138,-30,124,10" hai0="16,17,57,62,66,76,77,79,124,127" hai1="6,9,12,52,59,63,93" hai3="28,29,32,33,36,38,44,47,85,86,112,114,126" /><INIT seed="4,4,0,5,1,92" ten="626,132,108,134" oya="0" hai0="43,39,98,94,67,131,62,36,28,32,122,55,61" hai1="34,5,57,51,25,116,18,115,96,114,65,26,48" hai2="135,83,42,21,63,107,60,56,1,73,6,108,128" hai3="81,29,76,103,127,97,24,47,109,54,7,12,111"/><T126/><D122/><U84/><E116/><V78/><F108/><W134/><G127/><T79/><D126/><U37/><E37/><V27/><F128/><W120/><G134/><T90/><D131/><U101/><E5/><V3/><F135/><W89/><G89/><T82/><D43/><U35/><E84/><V95/><F107/><W9/><G120/><T99/><D99/><U87/><E87/><V0/><F42/><W72/><G47/><T68/><D28/><N who="1" m="19727" /><E65/><V2/><F6/><W112/><G54/><T19/><D32/><U46/><E57/><V124/><F124/><W106/><G112/><N who="1" m="43050" /><E46/><V91/><F56/><W44/><G44/><T129/><D129/><U15/><E26/><V130/><F130/><W20/><AGARI ba="4,0" hai="7,9,12,20,24,29,72,76,81,97,103,106,109,111" machi="20" ten="20,2700,0" yaku="0,1,7,1,52,1" doraHai="92" who="3" fromWho="3" sc="626,-17,132,-11,108,-11,134,39" /><INIT seed="5,0,0,5,3,131" ten="609,121,97,173" oya="1" hai0="18,0,71,50,20,89,75,33,74,122,102,120,85" hai1="19,103,53,56,1,106,109,112,48,97,105,128,60" hai2="130,28,12,23,129,111,113,76,104,27,3,133,47" hai3="84,135,8,15,36,61,86,91,123,114,39,45,121"/><U29/><E128/><N who="2" m="49259" /><F104/><W92/><G114/><T68/><D33/><U43/><E112/><V32/><F76/><W30/><G30/><T83/><D0/><U67/><E109/><V38/><F38/><W52/><G84/><T14/><D102/><U93/><E1/><V34/><F47/><W124/><G124/><T59/><D71/><U81/><E43/><V119/><F113/><W6/><G39/><T17/><D68/><U77/><E19/><N who="2" m="10727" /><F111/><W5/><G5/><T116/><D116/><U99/><E29/><V41/><F41/><W11/><G11/><T64/><D64/><U42/><E42/><V62/><F62/><W40/><G123/><T51/><D59/><U70/><REACH who="1" step="1"/><E99/><REACH who="1" ten="609,111,97,173" step="2"/><V13/><F3/><W118/><G118/><T55/><D18/><U21/><E21/><N who="2" m="15471" /><F119/><W49/><G36/><T58/><D120/><U44/><E44/><V10/><F133/><W69/><G121/><T2/><D2/><U65/><E65/><V37/><F37/><W35/><G135/><T82/><D122/><U95/><E95/><V87/><F87/><AGARI ba="0,1" hai="48,53,56,60,67,70,77,81,87,93,97,103,105,106" machi="87" ten="30,5800,0" yaku="1,1,7,1,53,1" doraHai="131" doraHaiUra="73" who="1" fromWho="2" sc="609,0,111,68,97,-58,173,0" /><INIT seed="5,1,0,4,3,59" ten="609,179,39,173" oya="1" hai0="101,84,122,2,41,87,21,113,133,34,81,27,47" hai1="63,42,3,126,20,25,70,125,15,83,109,114,62" hai2="95,12,110,134,116,14,19,67,23,73,105,36,1" hai3="94,39,17,0,33,118,6,53,112,85,119,99,32"/><U29/><E3/><V44/><F105/><W117/><G39/><T7/><D34/><U45/><E70/><V60/><F134/><W30/><G112/><T56/><D113/><U131/><E114/><V106/><F106/><W26/><G85/><T132/><D101/><U52/><E131/><V120/><F120/><W57/><G17/><T123/><D56/><U97/><E109/><V111/><F116/><W11/><G26/><T69/><D69/><U64/><E64/><V18/><F1/><W124/><G30/><T100/><D100/><U102/><E83/><V31/><F31/><W55/><G55/><T88/><D87/><U48/><E15/><V86/><F73/><W58/><G58/><T74/><D74/><U96/><E42/><V130/><F130/><W98/><G124/><N who="1" m="47722" /><E97/><N who="3" m="36874" /><G94/><AGARI ba="1,0" hai="20,25,29,45,48,52,62,63,94,96,102" m="47722" machi="94" ten="30,11600,0" yaku="18,1,52,2,54,1" doraHai="59" who="1" fromWho="3" sc="609,0,179,119,39,0,173,-119" /><INIT seed="5,2,0,3,0,35" ten="609,298,39,54" oya="1" hai0="14,102,25,92,83,46,47,2,105,8,63,74,9" hai1="23,20,130,100,124,125,86,96,62,34,32,30,94" hai2="51,104,120,28,68,77,21,85,52,49,115,29,15" hai3="66,123,95,134,3,128,7,67,33,113,58,121,16"/><U91/><E130/><V89/><F120/><W59/><G33/><N who="1" m="12906" /><E62/><V53/><F115/><W122/><G113/><T93/><D105/><U116/><E30/><N who="2" m="11883" /><F68/><W13/><G134/><T19/><D63/><U112/><E112/><V4/><F77/><W82/><G128/><T72/><D102/><U57/><E57/><V70/><F70/><W0/><G82/><T88/><D83/><U81/><E116/><V103/><F103/><W41/><G41/><T111/><D74/><U75/><E75/><V79/><F79/><W31/><G31/><T42/><D72/><U39/><E39/><V119/><F104/><W118/><G95/><T108/><D42/><U71/><E71/><V60/><F60/><W48/><G118/><T24/><D92/><U17/><E17/><N who="2" m="10431" /><F4/><W126/><G7/><T45/><D93/><U55/><E55/><N who="2" m="21067" /><F119/><W97/><G48/><T109/><D108/><U54/><E54/><V1/><F1/><N who="3" m="587" /><G59/><T84/><D2/><U56/><E56/><V37/><F37/><W22/><G58/><T69/><D69/><U101/><E101/><V98/><F98/><W99/><G99/><T38/><D38/><U65/><E65/><N who="3" m="24586" /><G97/><T27/><D109/><U6/><E6/><V18/><F18/><W11/><G11/><T64/><D111/><U61/><E61/><V40/><F40/><W114/><G114/><T10/><D64/><U127/><AGARI ba="2,0" hai="20,23,81,86,91,94,96,100,124,125,127" m="12906" machi="127" ten="40,2100,0" yaku="18,1" doraHai="35" who="1" fromWho="1" sc="609,-9,298,27,39,-9,54,-9" /><INIT seed="5,3,0,0,2,53" ten="600,325,30,45" oya="1" hai0="99,130,68,82,110,11,107,47,40,123,79,55,45" hai1="96,0,44,133,75,42,26,87,89,14,131,77,51" hai2="97,95,134,76,6,4,62,59,43,128,120,49,17" hai3="32,61,117,93,135,115,18,100,102,105,74,34,132"/><U81/><E131/><V103/><F134/><N who="3" m="51243" /><G74/><T80/><D110/><U86/><E133/><V108/><F120/><W106/><G117/><T101/><D130/><U52/><E0/><V84/><F108/><W15/><G61/><T9/><D68/><U19/><E26/><V116/><F116/><W54/><G54/><T67/><D67/><U91/><E96/><V73/><F73/><W122/><G122/><T25/><D25/><U30/><E30/><V56/><F17/><W124/><G124/><T28/><D28/><U104/><E104/><N who="3" m="40042" /><G115/><T63/><D63/><U20/><E75/><V31/><F31/><W71/><G71/><T109/><D55/><U112/><E112/><V111/><F111/><W1/><G1/><T35/><D109/><U41/><REACH who="1" step="1"/><E77/><REACH who="1" ten="600,315,30,45" step="2"/><V33/><F128/><W16/><G15/><T126/><D79/><U85/><E85/><V69/><F84/><W38/><G34/><T10/><D123/><U48/><E48/><V66/><F33/><W129/><G32/><T127/><D35/><U46/><E46/><N who="2" m="25823" /><F76/><W24/><G24/><T78/><D78/><U94/><AGARI ba="3,1" hai="14,19,20,41,42,44,51,52,81,86,87,89,91,94" machi="94" ten="20,12000,1" yaku="1,1,0,1,7,1,8,1,54,1,53,0" doraHai="53" doraHaiUra="92" who="1" fromWho="1" sc="600,-43,315,139,30,-43,45,-43" owari="557,66.0,454,25.0,-13,-51.0,2,-40.0" /></mjloggm>