<mjloggm ver="2.3"><GO type="97" lobby="0"/><UN n0="%E4%B8%80%E5%AF%B8%E5%85%89%E9%99%B0%E4%B8%8D%E5%8F%AF%E8%BB%BD" n1="%64%65%63%5F%73%6F%72%64" n2="%E5%B0%B1%E6%B4%BB%E7%94%9F%40%E5%B7%9D%E6%9D%91%E8%BB%8D%E5%9B%A3" n3="%E5%88%9D%E5%BF%83%E8%80%85%EF%BC%A3%EF%BC%AF" dan="14,14,14,14" rate="1860.33,1957.07,1971.00,1960.64" sx="F,M,M,M"/><TAIKYOKU oya="0"/><INIT seed="0,0,0,2,3,1" ten="250,250,250,250" oya="0" hai0="11,113,66,105,121,102,132,110,116,46,97,106,63" hai1="88,67,86,57,19,123,111,27,58,28,103,76,80" hai2="30,126,9,50,74,82,23,2,54,33,43,17,124" hai3="21,15,114,38,10,101,83,47,12,62,6,81,72"/><T87/><D87/><U42/><E123/><V18/><F43/><W75/><G114/><T93/><D93/><U16/><E111/><V13/><F74/><W7/><G101/><T56/><D121/><U94/><E103/><V3/><F82/><W69/><G75/><T117/><D113/><U44/><E67/><V53/><F33/><W45/><G38/><T85/><D85/><U22/><E58/><V95/><F30/><W115/><G115/><T39/><D132/><U96/><REACH who="1" step="1"/><E57/><REACH who="1" ten="250,240,250,250" step="2"/><V5/><F124/><W134/><G134/><T89/><D110/><U51/><AGARI ba="0,1" hai="16,19,22,27,28,42,44,51,76,80,86,88,94,96" machi="51" ten="20,12000,2" yaku="1,1,2,1,0,1,7,1,8,1,54,2,53,0" doraHai="1" doraHaiUra="107" who="1" fromWho="1" sc="250,-60,240,130,250,-30,250,-30" /><INIT seed="1,0,0,4,3,54" ten="190,370,220,220" oya="1" hai0="22,17,43,121,65,7,24,38,114,86,2,83,51" hai1="62,127,97,33,36,53,72,104,95,124,76,73,110" hai2="13,41,5,6,64,79,29,88,105,60,98,58,129" hai3="1,30,23,82,108,42,113,52,106,126,12,90,57"/><U35/><E36/><V130/><F79/><W66/><G1/><T47/><D121/><U28/><E104/><V135/><F135/><W10/><G113/><T31/><D114/><U40/><E40/><V26/><F41/><W49/><G106/><T85/><D38/><U116/><E116/><V118/><F118/><W81/><G126/><N who="1" m="48170" /><E76/><V68/><F68/><W46/><G66/><T120/><D120/><U133/><E133/><V131/><F13/><W55/><G108/><T4/><D65/><U112/><E112/><V115/><F115/><W19/><G90/><T84/><D83/><U11/><E11/><V3/><F3/><W71/><G71/><T74/><D74/><N who="1" m="28779" /><E28/><V92/><REACH who="2" step="1"/><F105/><REACH who="2" ten="190,370,210,220" step="2"/><W77/><G77/><T45/><D2/><U78/><E78/><V15/><F15/><W48/><G55/><T123/><D123/><U14/><E14/><V101/><F101/><W61/><G42/><T109/><D109/><U103/><E110/><V69/><F69/><W128/><G12/><T125/><D125/><U9/><E9/><V93/><F93/><W0/><G10/><T122/><D122/><U34/><E53/><V70/><F70/><W20/><G0/><T75/><D75/><U100/><E103/><V8/><F8/><W119/><G119/><T63/><D43/><U134/><E134/><V44/><F44/><W102/><G46/><T87/><D45/><U50/><E62/><V80/><F80/><W117/><G102/><T25/><D63/><U39/><E39/><V96/><F96/><W56/><G117/><T59/><D47/><U89/><E50/><RYUUKYOKU ba="0,1" sc="190,-15,370,15,210,15,220,-15" hai1="33,34,35,89,95,97,100" hai2="5,6,26,29,58,60,64,88,92,98,129,130,131" /><INIT seed="1,1,1,3,3,62" ten="175,385,225,205" oya="1" hai0="10,135,15,38,87,33,51,14,101,64,20,130,94" hai1="21,69,9,113,35,31,75,93,5,116,34,56,58" hai2="120,48,4,1,74,79,3,118,127,89,57,36,125" hai3="81,66,98,26,28,107,103,126,53,111,100,73,83"/><U99/><E116/><V44/><F118/><W43/><G126/><N who="2" m="48137" /><F120/><W18/><G111/><T40/><D130/><U91/><E75/><V6/><F36/><W86/><G73/><T46/><D135/><U39/><E39/><V80/><F89/><W37/><G18/><T70/><D33/><U41/><E41/><N who="2" m="24591" /><F57/><W47/><G103/><T55/><D20/><U109/><E69/><V2/><AGARI ba="1,1" hai="1,2,3,4,6,74,79,80" m="24591,48137" machi="2" ten="40,1500,0" yaku="18,1" doraHai="62" who="2" fromWho="2" sc="175,-5,385,-8,225,28,205,-5" /><INIT seed="2,0,0,5,0,63" ten="170,377,253,200" oya="2" hai0="119,31,45,125,15,105,135,114,95,99,124,40,103" hai1="106,26,19,90,1,10,17,8,131,74,57,16,109" hai2="41,110,9,80,112,64,13,108,86,18,55,88,133" hai3="4,134,49,132,30,12,100,113,25,29,7,34,23"/><V24/><F112/><W94/><G49/><T58/><D114/><U128/><E109/><N who="2" m="42091" /><F41/><W122/><G100/><T51/><D105/><U2/><E106/><V20/><F133/><N who="3" m="51307" /><G94/><T66/><D135/><U44/><E74/><V42/><F42/><W123/><G113/><T28/><D119/><U5/><E44/><V81/><F55/><W84/><G84/><T59/><D15/><N who="1" m="5519" /><E57/><V116/><F116/><W54/><G54/><T32/><D59/><U93/><E93/><N who="2" m="54423" /><F64/><W14/><G30/><AGARI ba="0,0" hai="9,13,18,20,24,30,80,81" m="54423,42091" machi="30" ten="30,5800,0" yaku="14,1,10,1,54,1" doraHai="63" who="2" fromWho="3" sc="170,0,377,0,253,58,200,-58" /><INIT seed="2,1,0,5,2,34" ten="170,377,311,142" oya="2" hai0="59,57,5,31,114,111,33,22,122,30,78,12,65" hai1="68,103,27,43,134,97,54,48,53,26,38,130,104" hai2="24,87,90,60,132,101,37,88,18,124,45,25,75" hai3="41,95,50,2,135,66,74,86,62,93,51,115,0"/><V16/><F75/><W19/><G74/><T123/><D114/><U32/><E134/><V116/><F116/><W17/><G115/><T35/><D78/><U131/><E68/><V102/><F132/><W76/><G135/><T106/><D106/><U100/><E100/><N who="2" m="38507" /><F124/><W125/><G125/><T92/><D111/><U85/><E38/><V10/><F37/><W28/><G28/><T67/><D92/><U14/><E43/><V71/><F71/><W52/><G41/><T113/><D113/><U21/><E85/><V127/><F127/><W91/><G76/><T58/><D5/><U56/><E32/><N who="0" m="12361" /><D12/><U4/><E4/><V94/><F45/><W64/><G86/><T84/><D84/><U98/><E98/><N who="2" m="57671" /><F60/><W20/><G62/><T42/><D42/><U108/><E108/><V118/><F118/><W6/><G6/><T107/><D22/><U69/><E69/><V29/><F29/><N who="0" m="10762" /><D107/><U40/><E40/><V70/><F70/><W129/><G20/><T23/><D23/><U89/><E89/><V120/><F120/><AGARI ba="1,0" hai="57,58,59,65,67,120,122,123" m="10762,12361" machi="120" ten="40,2600,0" yaku="28,2" doraHai="34" who="0" fromWho="2" sc="170,29,377,0,311,-29,142,0" /><INIT seed="3,0,0,4,0,56" ten="199,377,282,142" oya="3" hai0="93,120,41,32,99,84,29,81,110,61,12,72,76" hai1="98,8,79,118,103,113,4,43,33,55,7,117,19" hai2="121,95,28,119,94,82,109,31,91,38,66,134,102" hai3="74,123,48,53,105,100,78,30,67,45,5,132,35"/><W127/><G123/><T49/><D120/><U80/><E33/><V9/><F119/><N who="1" m="45577" /><E43/><V90/><F121/><W51/><G5/><T128/><D128/><U75/><E113/><V58/><F38/><W14/><G14/><T6/><D72/><U86/><E55/><V112/><F112/><W36/><G35/><T27/><D110/><U54/><E54/><V101/><F134/><W40/><G30/><N who="2" m="11305" /><F109/><W25/><G25/><T44/><D93/><N who="2" m="35338" /><F82/><W104/><G132/><T68/><D99/><U2/><E19/><V126/><F126/><W96/><G127/><T62/><D68/><U24/><E24/><V131/><F131/><W18/><G18/><T114/><D114/><U107/><E7/><V10/><F58/><W129/><G129/><T70/><D70/><U0/><E0/><V77/><F77/><W46/><G104/><T92/><D92/><U63/><E63/><V122/><F122/><W22/><G22/><T69/><D69/><U106/><E106/><V57/><F57/><W16/><G16/><T125/><D125/><U59/><E59/><V133/><F133/><W23/><G23/><T11/><AGARI ba="0,0" hai="6,11,12,27,29,32,41,44,49,61,62,76,81,84" machi="11" ten="30,8000,1" yaku="0,1,25,2,52,2" doraHai="56" who="0" fromWho="0" sc="199,80,377,-20,282,-20,142,-40" owari="279,8.0,357,46.0,262,-14.0,102,-40.0" /></mjloggm>