<mjloggm ver="2.3"><GO type="169" lobby="0"/><UN n0="%E3%82%86%E3%81%86%E3%81%B4" n1="%E3%82%A6%E3%83%AB%E3%83%88%E3%83%A9%E7%AB%8B%E7%9B%B4" n2="%E3%81%A8%E3%82%82%E3%81%8D%E3%82%85%E3%82%93%E2%99%AA" n3="%E7%AB%B9%E5%B2%A1%E9%89%B1%E5%B1%B1" dan="17,16,16,17" rate="2239.53,2118.93,2020.16,2170.74" sx="M,M,F,M"/><TAIKYOKU oya="0"/><INIT seed="0,0,0,4,2,48" ten="250,250,250,250" oya="0" hai0="63,131,68,120,2,132,119,75,18,59,6,114,7" hai1="10,76,43,34,65,67,81,62,127,73,32,29,54" hai2="122,98,133,100,69,86,15,109,36,116,49,96,89" hai3="130,46,23,1,53,38,83,11,112,107,105,135,82"/><T21/><D120/><U90/><E127/><V87/><F36/><W51/><G112/><T14/><D119/><U28/><E43/><V41/><F69/><W64/><G130/><T117/><D114/><U22/><E90/><V37/><F122/><W99/><G135/><T71/><D117/><U106/><E106/><V45/><F37/><W113/><G113/><T66/><D132/><U118/><E118/><V85/><F109/><W8/><G64/><T121/><D131/><U94/><E94/><V110/><F133/><W26/><G107/><T35/><D121/><U111/><E10/><V80/><F110/><W55/><G38/><T72/><D35/><U40/><E40/><V27/><F116/><W104/><G104/><T74/><D2/><U129/><E65/><V126/><F126/><W33/><G33/><T61/><REACH who="0" step="1"/><D71/><REACH who="0" ten="240,250,250,250" step="2"/><U20/><E34/><V128/><F128/><W56/><G1/><T44/><D44/><U39/><E32/><V123/><F123/><W101/><G82/><T88/><D88/><U70/><E129/><V5/><F89/><W77/><G83/><T125/><D125/><U115/><E115/><V79/><F80/><W31/><REACH who="3" step="1"/><G77/><REACH who="3" ten="240,250,250,240" step="2"/><T47/><D47/><U58/><E111/><V52/><F79/><W78/><G78/><T84/><D84/><U0/><E0/><V91/><F91/><W103/><G103/><T124/><D124/><U17/><E81/><V102/><F102/><W24/><G24/><T25/><D25/><U134/><E76/><V50/><F27/><W16/><G16/><T19/><D19/><U42/><E17/><RYUUKYOKU ba="0,2" sc="240,15,250,-15,250,-15,240,15" hai0="6,7,14,18,21,59,61,63,66,68,72,74,75" hai3="8,11,23,26,31,46,51,53,55,56,99,101,105" /><INIT seed="0,1,2,3,1,57" ten="255,235,235,255" oya="0" hai0="67,3,124,62,114,58,24,0,96,80,42,131,72" hai1="45,121,119,112,7,23,34,68,73,90,129,4,74" hai2="120,25,6,111,15,123,11,28,70,22,126,12,35" hai3="56,54,87,17,127,92,55,46,69,65,94,79,97"/><T59/><D114/><U26/><E34/><V125/><F70/><W122/><G69/><T2/><D131/><U105/><E105/><V14/><F111/><W41/><G127/><N who="2" m="48649" /><F35/><W64/><G122/><AGARI ba="1,2" hai="6,11,12,14,15,22,25,28,120,122,123" m="48649" machi="122" ten="30,3900,0" yaku="18,1,34,2" doraHai="57" who="2" fromWho="3" sc="255,0,235,0,235,62,255,-42" /><INIT seed="1,0,0,3,2,45" ten="255,235,297,213" oya="1" hai0="21,76,93,77,60,49,59,39,121,73,122,37,35" hai1="120,25,42,52,98,125,64,104,80,87,16,119,53" hai2="54,38,133,85,31,18,74,131,61,3,108,82,67" hai3="1,89,7,70,65,123,115,50,109,19,103,44,27"/><U113/><E120/><N who="0" m="46185" /><D35/><U68/><E119/><V2/><F108/><W58/><G70/><T28/><D93/><U15/><E113/><V130/><F38/><N who="0" m="14346" /><D73/><U83/><E125/><V124/><F74/><W105/><G19/><T57/><D60/><U4/><E42/><V99/><F124/><W134/><G105/><T12/><D12/><U92/><E104/><V127/><F99/><W69/><G115/><T135/><D135/><U90/><E64/><V47/><F133/><W5/><G1/><T46/><D21/><N who="1" m="13479" /><E68/><V9/><F127/><W117/><G69/><T30/><D30/><U128/><E128/><V95/><F31/><W8/><G123/><T75/><D28/><U126/><E126/><V86/><F95/><W71/><G71/><T36/><N who="0" m="14354" /><T96/><DORA hai="10" /><D96/><U101/><E83/><V129/><F82/><W48/><G134/><T66/><D66/><U97/><E97/><V56/><F67/><W41/><G65/><T91/><D75/><U22/><E22/><V111/><F131/><W20/><G20/><T55/><D91/><U26/><E26/><V51/><F130/><W81/><G89/><T17/><D17/><U116/><E116/><V102/><F129/><W24/><G24/><T107/><D107/><U106/><E106/><V112/><F18/><W23/><G27/><T33/><D33/><U14/><E14/><V6/><F2/><W34/><G34/><T32/><D32/><U40/><E40/><V114/><F114/><W29/><G29/><T110/><D110/><U13/><E13/><V132/><F112/><W78/><G117/><RYUUKYOKU ba="0,0" sc="255,15,235,15,297,-15,213,-15" hai0="46,49,55,57,59,76,77" hai1="4,15,52,53,80,87,90,92,98,101" /><INIT seed="1,1,0,1,3,71" ten="270,250,282,198" oya="1" hai0="32,128,35,54,129,114,11,84,134,40,45,23,77" hai1="112,78,72,99,33,116,31,109,26,125,89,97,91" hai2="43,53,88,73,95,85,86,87,61,101,17,34,117" hai3="106,51,1,94,68,124,15,56,63,104,98,111,103"/><U18/><E116/><V66/><F73/><W19/><G1/><T4/><D114/><U102/><E112/><V28/><F117/><W16/><G111/><T90/><D23/><U3/><E3/><V130/><F130/><N who="0" m="50282" /><D54/><U10/><E109/><V20/><F101/><W9/><G124/><T105/><D105/><U62/><E125/><V118/><F118/><W48/><G68/><T135/><D77/><U12/><E99/><V79/><F79/><W81/><G81/><N who="0" m="49423" /><D11/><U92/><E78/><V25/><F53/><W2/><G2/><T115/><D4/><U67/><E72/><V38/><F34/><N who="0" m="12842" /><D115/><U133/><E133/><V44/><REACH who="2" step="1"/><F28/><REACH who="2" ten="270,250,272,198" step="2"/><W5/><G104/><T123/><D123/><U80/><E80/><V50/><F50/><AGARI ba="1,1" hai="40,45,50,134,135" m="12842,49423,50282" machi="50" ten="30,1000,0" yaku="19,1" doraHai="71" who="0" fromWho="2" sc="270,23,250,0,272,-13,198,0" /><INIT seed="2,0,0,0,4,127" ten="293,250,259,198" oya="2" hai0="99,0,39,18,80,7,131,41,66,124,37,114,103" hai1="134,126,125,43,50,19,12,79,69,92,57,67,44" hai2="78,102,129,54,35,100,1,87,42,51,93,29,5" hai3="6,74,63,122,70,90,115,91,45,84,33,101,8"/><V62/><F42/><W25/><G122/><T21/><D124/><N who="1" m="47723" /><E134/><V96/><F1/><W86/><G74/><T13/><D114/><U30/><E30/><V130/><F5/><W133/><G133/><T60/><D80/><U110/><E110/><V40/><F40/><W108/><G115/><T128/><D0/><U49/><E79/><V14/><F35/><W73/><G73/><T58/><D7/><U4/><E4/><V52/><F29/><W98/><G108/><T109/><D109/><U27/><E27/><V85/><F102/><W10/><G45/><T24/><D24/><U120/><E120/><V28/><F28/><N who="3" m="19599" /><G86/><T20/><D20/><U97/><E69/><V32/><F32/><W59/><G59/><T61/><D61/><N who="1" m="38319" /><E50/><V65/><F78/><W9/><G84/><T118/><D118/><U17/><E12/><V53/><F14/><W46/><G6/><T64/><D64/><U47/><E47/><V77/><F77/><W107/><G46/><T132/><D41/><U106/><E106/><V71/><REACH who="2" step="1"/><F51/><REACH who="2" ten="293,250,249,198" step="2"/><W95/><G101/><AGARI ba="0,1" hai="17,19,43,44,49,92,97,101" m="38319,47723" machi="101" ten="30,1000,0" yaku="18,1" doraHai="127" who="1" fromWho="3" sc="293,0,250,20,249,0,198,-10" /><INIT seed="3,0,0,4,3,94" ten="293,270,249,188" oya="3" hai0="49,123,36,5,76,87,134,118,60,31,6,17,68" hai1="115,92,122,9,59,47,119,121,72,64,84,127,15" hai2="53,39,99,11,78,57,96,97,100,129,25,109,126" hai3="124,88,56,133,62,37,70,35,67,101,54,40,104"/><W28/><G124/><T105/><D105/><U12/><E72/><V79/><F109/><W29/><G133/><T93/><D123/><U74/><E74/><V91/><F39/><W3/><G3/><T71/><D36/><U128/><E15/><V19/><F126/><W61/><G35/><T42/><D118/><U18/><E127/><V116/><F129/><W41/><G41/><T24/><D17/><U52/><E128/><V107/><F116/><W27/><G27/><T34/><D71/><U38/><E115/><V8/><F107/><W90/><G29/><T75/><D75/><U32/><E32/><V14/><F100/><W22/><G22/><T51/><D51/><U89/><E119/><V135/><F91/><W80/><G28/><T73/><D73/><U85/><E64/><V20/><F135/><W58/><G80/><T131/><D131/><U16/><E18/><N who="2" m="12439" /><F8/><W0/><G58/><T114/><D114/><U77/><E47/><V103/><F103/><W63/><G62/><AGARI ba="0,0" hai="11,14,19,53,57,62,78,79,96,97,99" m="12439" machi="62" ten="30,7700,0" yaku="8,1,52,3" doraHai="94" who="2" fromWho="3" sc="293,0,270,0,249,77,188,-77" /><INIT seed="4,0,0,5,3,79" ten="293,270,326,111" oya="0" hai0="52,33,11,20,65,26,70,90,42,29,105,58,129" hai1="113,37,67,9,43,14,83,10,128,86,16,126,36" hai2="125,0,132,99,118,72,121,31,28,75,4,13,92" hai3="6,32,87,130,101,124,106,21,24,30,81,25,3"/><T8/><D129/><U45/><E128/><V74/><F121/><W102/><G130/><T5/><D105/><U22/><E126/><V57/><F125/><W56/><G124/><T98/><D42/><U78/><E113/><V85/><F132/><W63/><G106/><T7/><D70/><U122/><E122/><V64/><F0/><W61/><G61/><T19/><D65/><U1/><E67/><V77/><F118/><W112/><G112/><T15/><D98/><U71/><E71/><V93/><F4/><W110/><G110/><T60/><D90/><U88/><E37/><V120/><F120/><W41/><G41/><T66/><D66/><U100/><E1/><V38/><F13/><W108/><G108/><T104/><D104/><U47/><E47/><V133/><F38/><W18/><G6/><T76/><D76/><U50/><E36/><V51/><F133/><W89/><REACH who="3" step="1"/><G3/><REACH who="3" ten="293,270,326,101" step="2"/><N who="0" m="63" /><D7/><U27/><E43/><V134/><F134/><W115/><G115/><T97/><D11/><U23/><E10/><V114/><F114/><W116/><G116/><T34/><D97/><U84/><E9/><V80/><F99/><W69/><G69/><T48/><D60/><U17/><E50/><V123/><F51/><W117/><G117/><T96/><D96/><U127/><E127/><V82/><F123/><W91/><G91/><T103/><D103/><U35/><E100/><V49/><F49/><W68/><G68/><T119/><D119/><U46/><E35/><V131/><F131/><W62/><G62/><T109/><D34/><U44/><E88/><V107/><F64/><AGARI ba="0,1" hai="18,21,24,25,30,32,56,63,64,81,87,89,101,102" machi="64" ten="30,7700,0" yaku="1,1,6,1,7,1,52,1,53,0" doraHai="79" doraHaiUra="111" who="3" fromWho="2" sc="293,0,270,0,326,-77,101,87" /><INIT seed="5,0,0,4,5,108" ten="293,270,249,188" oya="1" hai0="91,23,2,12,111,44,64,46,97,106,121,22,124" hai1="57,79,115,87,53,88,26,6,40,10,80,117,39" hai2="76,48,33,93,11,122,31,21,119,36,54,1,52" hai3="61,5,85,132,63,20,126,38,109,74,34,96,32"/><U113/><E117/><V41/><F119/><W127/><G109/><T114/><D2/><U0/><E26/><V51/><F1/><W55/><G74/><T83/><D111/><U81/><E40/><V62/><F33/><N who="3" m="12907" /><G38/><T89/><D121/><U123/><E123/><V135/><F122/><W65/><G132/><T66/><D124/><N who="3" m="47657" /><G5/><T134/><D134/><U72/><REACH who="1" step="1"/><E39/><REACH who="1" ten="293,260,249,188" step="2"/><V3/><F36/><W56/><G65/><T112/><D66/><U90/><E90/><V130/><F41/><W16/><G55/><T18/><D64/><U9/><E9/><V68/><F135/><W105/><G20/><T107/><D23/><U103/><E103/><V95/><F11/><W99/><G105/><T25/><D25/><U131/><E131/><V125/><F130/><W14/><G14/><T58/><D106/><U78/><E78/><V17/><F76/><W13/><G13/><T101/><D91/><U7/><E7/><V98/><F125/><W86/><G16/><T92/><D107/><U69/><E69/><V24/><F68/><W128/><G128/><T30/><D101/><U100/><E100/><V77/><F17/><W118/><G118/><T35/><D18/><U73/><E73/><V129/><F129/><W42/><G42/><T29/><D22/><U82/><E82/><V102/><F54/><W19/><G19/><T60/><D83/><U94/><E94/><V28/><F93/><W110/><G110/><T59/><D12/><U104/><E104/><V67/><F52/><W75/><G75/><T50/><D92/><U8/><E8/><V120/><F95/><RYUUKYOKU ba="0,1" sc="293,-10,260,30,249,-10,188,-10" hai1="0,6,10,53,57,72,79,80,81,87,88,113,115" /><INIT seed="5,1,1,1,2,30" ten="283,290,239,178" oya="1" hai0="80,112,134,37,97,58,110,44,62,122,67,40,15" hai1="41,63,106,79,43,132,23,107,19,111,109,75,129" hai2="54,74,3,64,126,11,21,104,105,47,2,115,52" hai3="99,85,94,89,113,66,4,60,46,123,29,103,77"/><U87/><E75/><V114/><F74/><W78/><G123/><T33/><D122/><U48/><E63/><V10/><F126/><W14/><G113/><T68/><D110/><N who="1" m="41995" /><E129/><V86/><F64/><W121/><G121/><T53/><D112/><U65/><E65/><V27/><F86/><W0/><G0/><T135/><D80/><N who="1" m="47519" /><E132/><V133/><F133/><W131/><G131/><T84/><D97/><U50/><E50/><V51/><F54/><W59/><G29/><T98/><D98/><U26/><E48/><V88/><F114/><W12/><G46/><T22/><D84/><U16/><E19/><V128/><F128/><W31/><G31/><T95/><D134/><U108/><N who="1" m="42003" /><U42/><AGARI ba="1,1" hai="16,23,26,41,42,43,106,107" m="47519,42003" machi="42" ten="50,9600,0" yaku="4,1,10,1,54,1" doraHai="30" who="1" fromWho="1" sc="283,-33,290,109,239,-33,178,-33" /><INIT seed="5,2,0,4,0,124" ten="250,399,206,145" oya="1" hai0="123,76,28,117,5,130,38,55,25,99,66,2,105" hai1="88,45,103,113,67,70,21,118,74,119,89,22,107" hai2="111,120,41,121,129,115,109,15,83,126,35,44,47" hai3="50,20,14,73,128,56,96,114,42,82,61,32,131"/><U78/><E67/><V81/><F35/><W3/><G3/><T77/><D117/><U135/><E70/><V91/><F126/><W85/><G32/><T29/><D38/><U43/><E22/><V133/><F15/><W64/><G73/><T30/><D123/><U51/><E103/><V6/><F6/><W52/><G114/><T125/><D125/><U110/><E107/><V11/><F11/><W92/><G42/><T102/><D55/><U49/><E78/><V40/><F115/><W27/><G14/><T12/><D12/><U37/><E74/><V60/><F60/><W65/><G82/><T7/><D66/><U53/><E113/><V63/><F63/><W86/><G65/><T132/><D132/><U10/><E10/><V68/><F91/><N who="3" m="55327" /><G64/><T80/><D77/><U39/><E135/><V127/><F127/><W112/><G50/><T33/><D7/><U26/><E110/><V98/><F98/><W34/><G34/><T46/><D5/><U8/><E39/><V100/><F100/><W122/><G122/><T4/><D4/><U75/><E75/><V13/><F13/><W71/><G71/><T116/><D2/><U23/><E37/><V31/><F133/><W36/><G36/><T79/><D116/><U84/><E8/><V24/><F68/><W18/><G112/><T0/><D0/><U59/><E118/><V94/><F24/><W54/><G54/><T62/><D25/><U9/><E26/><V1/><F1/><W17/><G17/><T57/><D33/><U95/><E119/><V93/><F31/><W108/><G108/><RYUUKYOKU ba="2,0" sc="250,-15,399,-15,206,15,145,15" hai2="40,41,44,47,81,83,93,94,109,111,120,121,129" hai3="18,20,27,52,56,61,85,86,128,131" /><INIT seed="6,3,0,0,4,93" ten="235,384,221,160" oya="2" hai0="129,21,133,5,132,121,94,72,98,70,24,101,117" hai1="61,26,7,131,38,103,105,1,17,77,60,96,102" hai2="36,18,28,88,35,58,12,13,84,31,110,100,0" hai3="130,22,92,109,19,97,126,23,67,48,2,104,25"/><V69/><F69/><W90/><G109/><T78/><D70/><U32/><E38/><V47/><F0/><W83/><G2/><T119/><D5/><U123/><E103/><V112/><F112/><W127/><G130/><T46/><D46/><U73/><E61/><V85/><F110/><W66/><G104/><T14/><D14/><U122/><E60/><V63/><F100/><W20/><G48/><T15/><D15/><U116/><E17/><V124/><F12/><W115/><G115/><T49/><D49/><U128/><E116/><N who="0" m="44617" /><D129/><N who="1" m="49739" /><E77/><V76/><F124/><N who="3" m="47659" /><G83/><N who="0" m="45511" /><D121/><U65/><E73/><V75/><F75/><W107/><G107/><T53/><D53/><U68/><E65/><AGARI ba="3,0" hai="19,20,22,23,25,65,66,67,90,92,97" m="47659" machi="65" ten="30,2000,0" yaku="18,1,52,1" doraHai="93" who="3" fromWho="1" sc="235,0,384,-29,221,0,160,29" /><INIT seed="7,0,0,2,3,24" ten="235,355,221,189" oya="3" hai0="107,61,3,85,102,13,49,54,17,86,128,70,63" hai1="7,16,106,129,50,105,134,98,124,41,118,78,109" hai2="23,30,53,91,47,22,90,126,123,62,104,40,37" hai3="72,100,131,51,84,115,89,46,35,36,43,71,44"/><W110/><G72/><T112/><D128/><U87/><E16/><V99/><F126/><W76/><G76/><T45/><D3/><U39/><E98/><V66/><F104/><W111/><G71/><T74/><D74/><U20/><E41/><V120/><F53/><W69/><G69/><T103/><D112/><U125/><E20/><N who="2" m="7723" /><F99/><W5/><G115/><T0/><D0/><U127/><E50/><V4/><F4/><W93/><G35/><T79/><D107/><U64/><E7/><V113/><F113/><W21/><G131/><T96/><D96/><U122/><E129/><V108/><F108/><N who="3" m="41515" /><G100/><N who="0" m="38443" /><D70/><U26/><E106/><V65/><F30/><W6/><G21/><N who="0" m="11439" /><D79/><U80/><E78/><V75/><F75/><W121/><G121/><N who="2" m="46665" /><F66/><W31/><G31/><T88/><D86/><U27/><E105/><V95/><F95/><AGARI ba="0,0" hai="45,49,54,61,63,85,88,95" m="11439,38443" machi="95" ten="30,2000,0" yaku="8,1,54,1" doraHai="24" who="0" fromWho="2" sc="235,20,355,0,221,-20,189,0" owari="255,6.0,355,45.0,201,-20.0,189,-31.0" /></mjloggm>