<mjloggm ver="2.3"><GO type="97" lobby="0"/><UN n0="%68%61%61%63%68%61%6E" n1="%E7%AB%8B%E8%8F%AF%E5%A5%8F" n2="%E3%82%A6%E3%83%AB%E3%83%88%E3%83%A9%E7%AB%8B%E7%9B%B4" n3="%64%61%6E%70%69" dan="13,15,15,15" rate="1826.95,2038.82,1999.65,2024.40" sx="M,F,M,M"/><TAIKYOKU oya="0"/><INIT seed="0,0,0,1,1,104" ten="250,250,250,250" oya="0" hai0="27,92,50,26,2,66,82,0,100,13,127,90,98" hai1="128,72,70,75,12,101,47,54,42,14,83,3,96" hai2="115,62,89,8,125,60,131,39,34,129,107,79,105" hai3="97,99,67,24,49,48,32,108,93,130,91,133,109"/><T9/><D127/><U126/><E3/><V112/><F34/><W103/><G133/><T84/><D66/><U7/><E126/><V134/><F125/><W4/><G130/><N who="2" m="49673" /><F39/><W45/><G4/><T114/><D114/><N who="2" m="43562" /><F89/><W5/><G5/><T78/><D2/><U37/><E128/><V110/><F8/><W68/><G68/><T25/><D0/><U102/><E70/><V41/><F41/><W57/><G67/><T117/><D117/><U17/><E54/><V23/><F23/><W51/><G57/><T65/><D65/><U59/><E59/><V64/><F64/><W122/><G122/><T16/><REACH who="0" step="1"/><D50/><REACH who="0" ten="240,250,250,250" step="2"/><U58/><E37/><V81/><F134/><W80/><G51/><T52/><D52/><U38/><E38/><V30/><F60/><W74/><G48/><T53/><D53/><U123/><E42/><V106/><F62/><W43/><G49/><T33/><D33/><U20/><E47/><V135/><F135/><W120/><G45/><T77/><AGARI ba="0,1" hai="9,13,16,25,26,27,77,78,82,84,90,92,98,100" machi="77" ten="30,12000,1" yaku="1,1,0,1,8,1,54,1,53,1" doraHai="104" doraHaiUra="11" who="0" fromWho="0" sc="240,130,250,-40,250,-40,250,-40" /><INIT seed="0,1,0,0,4,37" ten="370,210,210,210" oya="0" hai0="50,97,6,43,90,120,99,111,107,108,78,29,123" hai1="30,28,15,119,63,9,112,59,77,106,135,87,27" hai2="53,65,62,115,66,44,121,12,8,100,102,109,60" hai3="67,42,25,110,51,20,5,94,80,133,103,129,118"/><T22/><D6/><U3/><E119/><V7/><F109/><N who="0" m="42058" /><D78/><U2/><E106/><V52/><F121/><N who="0" m="46666" /><D107/><U126/><E112/><V64/><F115/><W54/><G118/><T93/><D29/><U18/><E126/><V72/><F72/><W13/><G110/><T127/><D127/><U113/><E113/><V57/><F44/><W76/><G133/><T46/><D22/><U122/><E135/><V33/><F33/><W71/><G129/><T125/><D125/><U32/><E122/><V17/><F7/><W0/><G0/><T39/><D39/><U83/><E28/><V10/><F10/><W19/><G94/><T47/><D47/><U88/><REACH who="1" step="1"/><E77/><REACH who="1" ten="370,200,210,210" step="2"/><V134/><F134/><W14/><G76/><T68/><D68/><U23/><E23/><V48/><F48/><W55/><G20/><T95/><D95/><U89/><E89/><V73/><F73/><W105/><G71/><T130/><D130/><U61/><E61/><V70/><F70/><W21/><G21/><T98/><AGARI ba="1,1" hai="43,46,50,90,93,97,98,99" m="46666,42058" machi="98" ten="40,7800,0" yaku="14,1,10,1,52,1" doraHai="37" who="0" fromWho="0" sc="370,91,200,-27,210,-27,210,-27" /><INIT seed="0,2,0,1,1,3" ten="461,173,183,183" oya="0" hai0="96,88,134,109,61,91,47,85,95,75,130,90,66" hai1="86,8,111,23,131,41,11,120,72,126,44,69,53" hai2="71,38,77,117,97,81,43,63,116,55,17,12,112" hai3="24,28,78,106,98,127,128,54,70,25,89,13,60"/><T22/><D75/><U133/><E111/><V39/><F43/><W31/><G128/><T113/><D113/><U121/><E72/><N who="2" m="43175" /><F97/><W57/><G127/><T49/><D134/><U34/><E126/><V94/><F94/><W118/><G118/><N who="2" m="45673" /><F112/><W92/><G106/><T37/><D37/><U30/><E131/><V93/><F93/><W65/><G78/><T45/><D109/><U64/><E133/><V48/><F63/><W18/><G31/><T33/><D33/><U76/><E34/><V80/><F80/><W36/><G28/><T51/><D130/><U16/><E30/><V114/><F71/><W115/><G36/><T6/><D6/><U35/><E35/><V107/><F107/><W67/><G67/><T124/><D124/><U9/><E64/><V40/><F40/><W32/><G32/><T104/><D104/><U105/><E69/><V1/><F1/><W26/><G115/><T20/><D66/><U73/><E73/><V87/><F87/><W79/><G79/><T10/><D10/><U102/><E105/><V5/><F5/><W59/><REACH who="3" step="1"/><G54/><REACH who="3" ten="461,173,183,173" step="2"/><N who="0" m="29999" /><D85/><U101/><E53/><V21/><F114/><W29/><G29/><T68/><D68/><U50/><E86/><V7/><F7/><W135/><G135/><T46/><D61/><U99/><E76/><V4/><F4/><W103/><G103/><N who="0" m="60831" /><D46/><AGARI ba="2,1" hai="12,17,21,38,39,46,48,55" m="45673,43175" machi="46" ten="30,1000,0" yaku="12,1" doraHai="3" who="2" fromWho="0" sc="461,-16,173,0,183,26,173,0" /><INIT seed="1,0,0,4,5,67" ten="445,173,209,173" oya="1" hai0="88,53,9,87,90,62,91,94,131,21,63,100,7" hai1="42,46,38,134,103,119,29,69,112,97,55,66,26" hai2="70,75,30,32,5,123,108,118,114,16,39,0,1" hai3="113,6,41,76,99,135,120,33,84,15,49,92,25"/><U51/><E112/><V23/><F5/><W4/><G113/><T101/><D131/><U64/><E119/><V44/><F16/><W132/><G120/><T35/><D35/><U58/><E134/><V128/><F23/><W95/><G33/><T107/><D107/><U106/><REACH who="1" step="1"/><E69/><REACH who="1" ten="445,163,209,173" step="2"/><V81/><F114/><W102/><G135/><T57/><D63/><U34/><AGARI ba="0,1" hai="26,29,34,38,42,46,51,55,58,64,66,97,103,106" machi="34" ten="20,18000,2" yaku="1,1,2,1,0,1,7,1,53,2" doraHai="67" doraHaiUra="61" who="1" fromWho="1" sc="445,-60,163,190,209,-60,173,-60" /><INIT seed="1,1,0,2,4,45" ten="385,353,149,113" oya="1" hai0="111,119,77,16,31,25,113,11,97,50,108,80,22" hai1="95,70,55,6,93,73,102,120,5,46,75,4,17" hai2="104,0,40,131,78,129,103,3,61,82,117,68,101" hai3="15,135,63,76,100,29,92,90,59,34,83,28,116"/><U56/><E70/><V43/><F117/><W53/><G116/><T96/><D113/><U122/><E46/><V99/><F103/><W10/><G135/><T91/><D91/><U123/><E17/><V41/><F61/><W19/><G100/><T69/><D69/><U85/><E102/><V94/><F104/><W30/><G34/><T89/><D89/><U60/><REACH who="1" step="1"/><E85/><REACH who="1" ten="385,343,149,113" step="2"/><N who="2" m="48343" /><F68/><W7/><G19/><T49/><D119/><U33/><E33/><V130/><AGARI ba="1,1" hai="0,3,40,41,43,94,99,101,129,130,131" m="48343" machi="130" ten="40,1500,0" yaku="19,1" doraHai="45" who="2" fromWho="2" sc="385,-5,343,-8,149,28,113,-5" /><INIT seed="2,0,0,4,1,135" ten="380,335,177,108" oya="2" hai0="91,111,34,100,23,27,73,116,59,46,82,55,103" hai1="44,18,81,11,78,92,10,123,88,7,1,126,70" hai2="48,33,29,74,84,69,102,45,109,24,31,125,43" hai3="120,122,64,61,112,114,15,129,20,121,89,30,21"/><V60/><F74/><W104/><G104/><T93/><D34/><U110/><E110/><V127/><F109/><W13/><G129/><T107/><D111/><U99/><E70/><V39/><F31/><W101/><G101/><T6/><D107/><U2/><E123/><V38/><F84/><W16/><G89/><T67/><D116/><U119/><E119/><V36/><REACH who="2" step="1"/><F102/><REACH who="2" ten="380,335,167,108" step="2"/><W37/><G37/><T98/><D73/><U3/><E99/><V8/><F8/><W49/><G49/><T106/><D82/><U96/><E81/><V57/><F57/><W77/><G77/><T85/><D6/><U50/><E78/><V76/><F76/><W66/><G61/><T56/><D103/><U22/><E11/><V12/><F12/><W62/><G62/><T35/><D35/><U17/><E10/><V115/><F115/><N who="3" m="44075" /><G66/><AGARI ba="0,1" hai="24,29,33,36,38,39,43,45,48,60,66,69,125,127" machi="66" ten="50,9600,0" yaku="1,1,52,2,53,0" doraHai="135" doraHaiUra="95" who="2" fromWho="3" sc="380,0,335,0,167,106,108,-96" /><INIT seed="2,1,0,0,1,39" ten="380,335,273,12" oya="2" hai0="80,90,63,16,107,97,6,105,21,30,93,60,54" hai1="83,112,41,51,74,17,3,77,103,0,26,106,125" hai2="78,33,72,36,124,119,115,75,53,4,58,92,15" hai3="46,14,52,65,24,89,35,5,37,98,44,73,28"/><V9/><F33/><W135/><G73/><T126/><D126/><U88/><E125/><V114/><F119/><W87/><G135/><T62/><D30/><U91/><E112/><V45/><F124/><W20/><G65/><T66/><D6/><U85/><E91/><V19/><F75/><W86/><G98/><T47/><D80/><U32/><E32/><V132/><F132/><W27/><G37/><T61/><D47/><N who="1" m="26095" /><E26/><V55/><F78/><W121/><G121/><T56/><REACH who="0" step="1"/><D66/><REACH who="0" ten="370,335,273,12" step="2"/><U122/><E122/><V29/><F29/><W79/><G79/><T67/><D67/><U129/><E129/><V104/><F72/><W96/><G46/><T94/><D94/><N who="1" m="54543" /><E17/><V110/><F104/><W127/><G127/><T130/><D130/><U49/><E49/><V18/><F110/><W100/><G44/><T34/><D34/><U120/><E120/><V13/><F92/><W57/><G35/><T109/><D109/><U7/><E7/><V50/><F4/><W59/><G5/><T43/><D43/><U38/><E38/><V102/><F102/><W81/><G81/><T22/><D22/><U84/><E84/><V117/><F117/><W68/><G87/><T76/><D76/><U99/><AGARI ba="1,1" hai="0,3,74,77,83,99,103,106" m="54543,26095" machi="99" ten="30,4000,0" yaku="24,1,52,1,54,1" doraHai="39" who="1" fromWho="1" sc="370,-11,335,53,273,-21,12,-11" /><INIT seed="3,0,0,2,4,38" ten="359,388,252,1" oya="3" hai0="97,65,134,116,52,92,9,68,50,113,74,30,11" hai1="55,15,59,79,128,91,43,64,90,72,109,123,2" hai2="63,28,47,27,100,84,77,130,12,81,23,101,58" hai3="29,89,41,35,103,18,56,94,69,49,114,22,21"/><W117/><G117/><T36/><D116/><U111/><E123/><V54/><F130/><W95/><G69/><T87/><D74/><U31/><E2/><V32/><F32/><W99/><G114/><T8/><D36/><U0/><E0/><V121/><F121/><W106/><G35/><T7/><D134/><U133/><E133/><V88/><F77/><W62/><G29/><T129/><D129/><U51/><E128/><V126/><F126/><W119/><G119/><T37/><D37/><U5/><E31/><V118/><F118/><W46/><G18/><T102/><D113/><U20/><E64/><V76/><F12/><W108/><G106/><T82/><D30/><U75/><E43/><V34/><F34/><W71/><G71/><T40/><D40/><U33/><E33/><V19/><F28/><W6/><G6/><T132/><D65/><U60/><E60/><V14/><F14/><W105/><G105/><T125/><D68/><U120/><E120/><V48/><REACH who="2" step="1"/><F76/><REACH who="2" ten="359,388,242,1" step="2"/><W24/><G24/><T17/><D125/><U85/><E79/><V3/><F3/><W98/><G108/><T10/><N who="0" m="2560" /><DORA hai="122" /><T1/><D1/><U110/><E5/><V13/><F13/><W53/><AGARI ba="0,1" hai="21,22,41,46,49,53,56,62,89,94,95,98,99,103" machi="53" ten="20,7800,0" yaku="0,1,7,1,8,1,52,1" doraHai="38,122" who="3" fromWho="3" sc="359,-26,388,-26,242,-26,1,88" /><INIT seed="3,1,0,5,1,49" ten="333,362,216,89" oya="3" hai0="74,135,113,100,122,4,60,80,36,117,120,89,28" hai1="24,103,75,1,53,66,87,131,112,116,130,34,14" hai2="76,99,119,40,123,3,128,118,107,79,30,2,39" hai3="5,91,83,41,13,129,54,21,46,8,69,63,125"/><W42/><G129/><N who="1" m="49162" /><E112/><V20/><F20/><W45/><G125/><T43/><D117/><U27/><E116/><V17/><F17/><W133/><G133/><T108/><D4/><U50/><E1/><V65/><F30/><W127/><G127/><T61/><D108/><U110/><E110/><V86/><F65/><W18/><G69/><T57/><D135/><U71/><E75/><V38/><F40/><N who="3" m="15467" /><G5/><T29/><D113/><U124/><E124/><V109/><F128/><W52/><G8/><T94/><D100/><U77/><E103/><V90/><F109/><W59/><G54/><T88/><D74/><U12/><E66/><V32/><F32/><W31/><G31/><T73/><D73/><U101/><E101/><V95/><F123/><W78/><G78/><T72/><D72/><U97/><E97/><V6/><F6/><W16/><G18/><T96/><D43/><U48/><E48/><V126/><F126/><W106/><G106/><T47/><D47/><N who="1" m="27871" /><E71/><V104/><F90/><W115/><G115/><T68/><D68/><U134/><E134/><V0/><F0/><W105/><G105/><T37/><D37/><U7/><E7/><V98/><F86/><AGARI ba="1,0" hai="13,16,21,45,46,52,59,63,83,86,91" m="15467" machi="86" ten="30,11600,0" yaku="8,1,52,1,54,2" doraHai="49" who="3" fromWho="2" sc="333,0,362,0,216,-119,89,119" /><INIT seed="3,2,0,0,3,114" ten="333,362,97,208" oya="3" hai0="84,125,71,31,56,110,66,4,52,112,38,115,37" hai1="116,14,78,40,81,95,79,118,55,83,130,23,58" hai2="128,69,12,76,105,25,48,2,1,126,44,117,131" hai3="21,119,46,42,100,57,106,88,74,43,64,45,50"/><W6/><G119/><N who="1" m="45610" /><E130/><V94/><F117/><W61/><G74/><T47/><D4/><U91/><E40/><V62/><F105/><W104/><G100/><T32/><D32/><U122/><E122/><V80/><F126/><W68/><G68/><T30/><D110/><U36/><E36/><N who="0" m="13929" /><D84/><N who="1" m="52711" /><E14/><V85/><F2/><W108/><G108/><T15/><D15/><U19/><E19/><V9/><F1/><W111/><G111/><T3/><D3/><U133/><E23/><V67/><F25/><W39/><G6/><T109/><D109/><U87/><E133/><V11/><F94/><W103/><G103/><T41/><D31/><U63/><E83/><V124/><F124/><W0/><G0/><T97/><D97/><U26/><E26/><V107/><F107/><W99/><REACH who="3" step="1"/><G21/><REACH who="3" ten="333,362,97,198" step="2"/><T98/><D125/><U18/><E18/><V127/><F127/><W27/><G27/><T10/><D10/><U90/><AGARI ba="2,1" hai="55,58,63,78,79,81,87,90" m="52711,45610" machi="90" ten="30,7900,0" yaku="12,1,52,3" doraHai="114" who="1" fromWho="1" sc="333,-22,362,95,97,-22,198,-41" owari="311,11.0,457,55.0,75,-42.0,157,-24.0" /></mjloggm>