<mjloggm ver="2.3"><GO type="193" lobby="0"/><UN n0="%52%65%76%69%2D%4D%61%6A" n1="%E3%81%93%E3%81%AF%E3%82%89%E2%88%AE%E3%81%AF%E3%82%8B%E3%81%8B" n2="%4D%72%2E%44%43" n3="%E5%B0%B1%E6%B4%BB%E7%94%9F%40%E5%B7%9D%E6%9D%91%E8%BB%8D%E5%9B%A3" dan="12,12,10,12" rate="1652.76,1621.55,1651.10,1764.62" sx="M,M,M,M"/><TAIKYOKU oya="0"/><INIT seed="0,0,0,3,2,38" ten="250,250,250,250" oya="0" hai0="40,28,94,112,15,119,101,81,35,27,61,82,129" hai1="52,73,29,132,6,100,77,131,26,76,45,14,96" hai2="17,105,46,63,91,93,66,107,90,135,59,0,116" hai3="31,53,9,114,92,70,84,16,42,121,65,87,41"/><T117/><D112/><U67/><E131/><V51/><F0/><W37/><G114/><T108/><D129/><U11/><E132/><V43/><F135/><W83/><G37/><T44/><D108/><U120/><E120/><V102/><F116/><W133/><G31/><T124/><D124/><U111/><E111/><V2/><F2/><W71/><G133/><T68/><D119/><U12/><E73/><V85/><F107/><W99/><G121/><T72/><D117/><U25/><E67/><V39/><F105/><W98/><G53/><T103/><D15/><U8/><E26/><V33/><F33/><W48/><G48/><T4/><D4/><U127/><E127/><V3/><F3/><W113/><G113/><T88/><D72/><U10/><E77/><V86/><F102/><W95/><G65/><T74/><D74/><U123/><E76/><V34/><F34/><W55/><G55/><T69/><D69/><U1/><E123/><V130/><F130/><W57/><G57/><T78/><D78/><U122/><E122/><V109/><F109/><W47/><G47/><T62/><D68/><U21/><E52/><N who="2" m="32159" /><F17/><W115/><G115/><T110/><D110/><U56/><E96/><N who="2" m="57399" /><F91/><W64/><G64/><T13/><D13/><N who="1" m="5227" /><E100/><N who="0" m="38473" /><D81/><U126/><E126/><V89/><F89/><W118/><G83/><T125/><D82/><U75/><E75/><V19/><F19/><W54/><G118/><T49/><D125/><U60/><E60/><V24/><F24/><W79/><G79/><T20/><D35/><N who="1" m="20911" /><E56/><V80/><F80/><W128/><G71/><AGARI ba="0,0" hai="39,43,46,63,66,71,85,86" m="57399,32159" machi="71" ten="30,3900,0" yaku="24,1,52,1,54,1" doraHai="38" who="2" fromWho="3" sc="250,0,250,0,250,39,250,-39" /><INIT seed="1,0,0,4,0,12" ten="250,250,289,211" oya="1" hai0="78,51,113,120,32,111,7,88,109,61,126,84,8" hai1="99,6,91,60,102,2,98,49,97,135,87,69,119" hai2="81,23,123,66,25,33,18,95,117,127,82,39,86" hai3="28,58,106,121,122,59,74,130,26,65,55,77,94"/><U129/><E129/><V21/><F117/><W73/><G130/><T43/><D32/><U50/><E135/><V3/><F123/><W45/><G106/><T53/><D113/><U19/><E119/><V41/><F3/><W0/><G0/><T44/><D120/><U54/><E2/><V104/><F104/><W1/><G1/><T35/><D35/><U124/><E124/><V110/><F110/><N who="0" m="41994" /><D126/><U37/><E37/><V68/><F39/><W67/><G94/><N who="0" m="54535" /><D78/><U133/><E133/><V24/><F68/><W38/><G59/><T57/><D8/><U13/><E13/><V64/><F33/><W105/><G105/><T36/><D7/><U83/><E6/><V17/><F41/><W22/><G65/><N who="2" m="25193" /><F127/><W132/><G132/><T31/><D31/><U115/><E115/><V114/><F114/><W75/><G77/><T48/><AGARI ba="0,0" hai="36,43,44,48,51,53,57,61" m="54535,41994" machi="48" ten="30,2000,0" yaku="14,1,54,1" doraHai="12" who="0" fromWho="0" sc="250,20,250,-10,289,-5,211,-5" /><INIT seed="2,0,0,0,0,116" ten="270,240,284,206" oya="2" hai0="42,128,62,111,30,34,33,92,41,25,101,0,45" hai1="53,133,52,50,124,29,23,87,119,64,60,35,38" hai2="36,2,74,24,80,102,76,107,126,26,49,55,48" hai3="104,67,131,15,98,114,18,99,22,17,79,97,5"/><V85/><F2/><W61/><G114/><T125/><D125/><U112/><E119/><V106/><F36/><W43/><G131/><T44/><D0/><U120/><E120/><V89/><F126/><W88/><G43/><T129/><D111/><U20/><E124/><V93/><F106/><W122/><G5/><T73/><D73/><U86/><E133/><V56/><REACH who="2" step="1"/><F49/><REACH who="2" ten="270,240,274,206" step="2"/><W78/><G104/><T59/><D128/><U13/><E38/><V83/><F83/><W58/><G122/><T82/><D129/><U113/><E112/><V28/><F28/><W69/><G69/><T110/><D110/><U37/><E37/><V130/><F130/><W77/><REACH who="3" step="1"/><G18/><REACH who="3" ten="270,240,274,196" step="2"/><T115/><D115/><U94/><E113/><V27/><F27/><W81/><G81/><T54/><D82/><U3/><E3/><V65/><F65/><W14/><G14/><T75/><D42/><U118/><E13/><V9/><F9/><W66/><G66/><T16/><D41/><U127/><E64/><V51/><F51/><W8/><G8/><T47/><D16/><U46/><E127/><V21/><F21/><W108/><G108/><T95/><D30/><U63/><E20/><V121/><F121/><W105/><G105/><T117/><D117/><U109/><E23/><V7/><F7/><W72/><G72/><T57/><D75/><U84/><E118/><V135/><F135/><W132/><G132/><T4/><D4/><U134/><E109/><V11/><F11/><W100/><G100/><T90/><D101/><U10/><E134/><V71/><F71/><W40/><G40/><RYUUKYOKU ba="0,2" sc="270,-15,240,-15,274,15,196,15" hai2="24,26,48,55,56,74,76,80,85,89,93,102,107" hai3="15,17,22,58,61,67,77,78,79,88,97,98,99" /><INIT seed="2,1,2,1,4,105" ten="255,225,289,211" oya="2" hai0="108,129,48,132,37,7,103,89,69,128,18,4,117" hai1="42,125,116,31,123,86,14,65,10,47,25,64,66" hai2="76,104,112,49,85,90,61,44,75,62,41,84,120" hai3="88,119,43,21,130,79,56,94,81,126,131,59,100"/><V39/><F120/><W12/><G119/><T0/><D117/><U58/><E116/><V127/><F112/><W19/><G100/><T1/><D37/><U72/><E72/><V36/><F127/><W78/><G126/><T73/><D69/><U16/><E123/><V70/><F36/><W32/><G32/><T87/><D132/><U97/><E125/><V95/><F39/><W124/><G43/><T57/><D108/><U63/><E97/><V99/><F104/><W115/><G115/><T6/><D103/><U51/><REACH who="1" step="1"/><E86/><REACH who="1" ten="255,215,289,211" step="2"/><N who="2" m="33387" /><F75/><N who="3" m="43231" /><G79/><T11/><D73/><U8/><E8/><V121/><F70/><W5/><G124/><T110/><D110/><U71/><E71/><V68/><F68/><W23/><G5/><T50/><D0/><U135/><E135/><V40/><F121/><W27/><G59/><T107/><D107/><U77/><E77/><V38/><F38/><W9/><G56/><T80/><D1/><U3/><E3/><V13/><F13/><W22/><G27/><T98/><D98/><U96/><E96/><V113/><F113/><W55/><G9/><T28/><D57/><U83/><E83/><V53/><F76/><W15/><G15/><T34/><D11/><U29/><E29/><V54/><F41/><W2/><G2/><T102/><D18/><U118/><E118/><V35/><F35/><AGARI ba="1,3" hai="10,14,16,25,31,35,42,47,51,58,63,64,65,66" machi="35" ten="30,3900,0" yaku="1,1,7,1,54,1,53,0" doraHai="105" doraHaiUra="106" who="1" fromWho="2" sc="255,0,215,72,289,-42,211,0" /><INIT seed="3,0,0,5,4,135" ten="255,287,247,211" oya="3" hai0="68,13,55,14,84,124,36,105,54,48,113,70,134" hai1="19,123,56,110,76,71,3,26,34,29,116,132,8" hai2="133,10,51,64,122,80,107,44,58,102,78,72,82" hai3="67,50,2,9,57,97,73,129,66,20,85,128,89"/><W96/><G73/><T0/><D0/><U83/><E123/><V28/><F133/><W49/><G20/><T65/><D105/><U87/><E71/><V31/><F122/><W43/><G2/><T74/><D134/><U77/><E132/><V35/><F35/><W119/><G119/><T112/><D74/><U101/><E116/><V108/><F108/><W106/><G9/><T109/><D109/><U46/><E110/><V75/><F107/><W45/><G106/><T33/><D33/><U42/><E101/><V88/><F102/><W59/><G96/><T62/><D84/><U23/><E56/><N who="3" m="21578" /><G97/><T131/><D131/><N who="3" m="50249" /><G89/><T12/><D124/><U104/><E104/><V93/><F64/><N who="3" m="24619" /><G85/><T21/><D21/><U114/><E83/><V127/><F127/><W7/><G7/><T92/><D92/><U24/><E87/><V47/><F58/><W61/><G61/><T15/><D68/><U37/><E8/><V117/><F117/><W60/><G60/><T25/><D25/><U90/><E3/><V100/><F100/><W30/><G30/><N who="2" m="11305" /><F72/><W27/><G27/><T22/><D22/><U120/><E120/><V125/><F125/><W69/><G69/><T118/><D118/><U38/><E90/><V111/><F111/><W98/><G98/><T103/><D103/><U63/><E63/><V40/><F47/><W53/><G53/><T32/><D55/><U18/><E18/><V17/><F82/><W121/><G121/><T39/><N who="0" m="3584" /><DORA hai="115" /><T41/><D32/><U1/><E1/><V99/><F10/><W94/><G94/><T4/><D54/><RYUUKYOKU ba="0,0" sc="255,-15,287,-15,247,15,211,15" hai2="17,40,44,51,75,78,80,88,93,99" hai3="43,45,49,50" /><INIT seed="3,1,0,3,1,92" ten="240,272,262,226" oya="3" hai0="106,8,119,63,134,24,58,117,64,57,102,59,130" hai1="23,66,135,77,55,2,90,31,48,99,52,40,56" hai2="21,93,26,42,107,109,62,17,125,124,115,14,123" hai3="120,121,70,75,73,50,129,61,0,126,47,76,5"/><W37/><G126/><N who="2" m="48745" /><F115/><W19/><G129/><T114/><D114/><U89/><E135/><V43/><F123/><N who="3" m="47179" /><G19/><T127/><D130/><U12/><E2/><V81/><F107/><W122/><G50/><T112/><D127/><U83/><E40/><N who="2" m="15403" /><F109/><W25/><G47/><T100/><D112/><U74/><E66/><V67/><F81/><N who="3" m="45199" /><G25/><T27/><D134/><U111/><E111/><V51/><F93/><W133/><N who="3" m="47187" /><W6/><DORA hai="49" /><G6/><T11/><D117/><U32/><E32/><V7/><F51/><W110/><G133/><T44/><D44/><U15/><E15/><V113/><F113/><W103/><G103/><T88/><D119/><U35/><E35/><V71/><F7/><W97/><G97/><T46/><D46/><U96/><E89/><V33/><F33/><W29/><G29/><T30/><D27/><AGARI ba="1,0" hai="14,17,21,26,27,62,67,71" m="15403,48745" machi="27" ten="30,1000,0" yaku="18,1" doraHai="92,49" who="2" fromWho="0" sc="240,-13,272,0,262,13,226,0" /><INIT seed="4,0,0,5,0,67" ten="227,272,275,226" oya="0" hai0="76,12,59,114,25,75,119,102,73,123,94,53,13" hai1="2,124,131,88,113,42,3,49,15,104,1,128,33" hai2="22,9,60,130,90,106,10,86,19,51,23,117,18" hai3="61,93,127,101,24,132,111,63,34,116,55,8,105"/><T120/><D119/><U81/><E33/><V14/><F106/><W99/><G116/><T122/><D114/><U21/><E104/><V70/><F51/><W65/><G111/><T77/><D25/><U79/><E113/><V135/><F117/><W32/><G132/><T44/><D44/><U6/><E124/><V38/><F38/><W28/><G127/><T83/><D102/><U56/><E79/><V0/><F135/><W54/><G34/><T126/><D94/><U7/><E7/><V36/><F36/><W29/><G29/><T133/><D126/><U26/><E26/><V35/><F35/><W121/><G121/><T50/><REACH who="0" step="1"/><D133/><REACH who="0" ten="217,272,275,226" step="2"/><U31/><E31/><V47/><F130/><W37/><G37/><T52/><D52/><U11/><E131/><V39/><F39/><W58/><G93/><T71/><D71/><U108/><E128/><V92/><F47/><W85/><G55/><T62/><D62/><U107/><E108/><V91/><F70/><W68/><G85/><T27/><D27/><U109/><E109/><V16/><F60/><W78/><G78/><T43/><D43/><U45/><E107/><V46/><F46/><W80/><G80/><AGARI ba="0,1" hai="12,13,50,53,59,73,75,76,77,80,83,120,122,123" machi="80" ten="40,3900,0" yaku="1,1,9,1,53,0" doraHai="67" doraHaiUra="125" who="0" fromWho="3" sc="217,49,272,0,275,0,226,-39" /><INIT seed="4,1,0,1,2,24" ten="266,272,275,187" oya="0" hai0="42,32,10,134,67,76,26,8,79,113,86,0,115" hai1="5,37,110,116,123,57,17,54,93,27,109,120,89" hai2="131,39,87,21,128,90,53,106,40,31,84,68,23" hai3="58,98,1,7,117,74,121,101,70,22,52,18,4"/><T3/><D134/><U82/><E37/><V64/><F106/><W33/><G117/><T80/><D76/><U100/><E100/><V102/><F131/><W105/><G33/><T63/><D42/><U73/><E5/><V83/><F128/><W129/><G70/><T14/><D10/><U47/><E47/><V49/><F39/><W61/><G129/><T108/><D108/><N who="1" m="41579" /><E17/><V103/><F68/><W29/><G74/><T48/><D48/><U111/><E27/><N who="2" m="16879" /><F40/><W6/><G121/><N who="1" m="46666" /><E54/><V122/><F122/><W59/><G29/><N who="0" m="19511" /><D14/><U75/><E57/><N who="2" m="32943" /><F64/><W2/><REACH who="3" step="1"/><G59/><REACH who="3" ten="266,272,275,177" step="2"/><N who="0" m="37375" /><D8/><U38/><E116/><V16/><F87/><W132/><G132/><T55/><D55/><U104/><E111/><V60/><F60/><W50/><G50/><T35/><D35/><U114/><E38/><V125/><F125/><W30/><G30/><T15/><D0/><U46/><E46/><V62/><F62/><W126/><G126/><T107/><D3/><U96/><E96/><V94/><F83/><W95/><G95/><T51/><D51/><U88/><E82/><V118/><F118/><W119/><G119/><T19/><D107/><U36/><E93/><V25/><AGARI ba="1,1" hai="16,23,25,84,90,94,102,103" m="32943,16879" machi="25" ten="30,4000,0" yaku="8,1,52,1,54,1" doraHai="24" who="2" fromWho="2" sc="266,-21,272,-11,275,53,177,-11" owari="245,-15.0,261,6.0,328,42.0,166,-33.0" /></mjloggm>