<mjloggm ver="2.3"><GO type="97" lobby="0"/><UN n0="%E3%82%A6%E3%83%AB%E3%83%88%E3%83%A9%E7%AB%8B%E7%9B%B4" n1="%E6%99%82%E9%9B%A8%E6%A4%BF" n2="%E7%86%8A%E4%BA%95%E3%81%A1%E3%82%83%E3%82%93" n3="%E6%B4%A5%E3%83%B6%E6%B1%A0" dan="15,13,15,13" rate="1967.72,1878.94,1960.96,1885.52" sx="M,F,F,M"/><TAIKYOKU oya="0"/><INIT seed="0,0,0,1,0,120" ten="250,250,250,250" oya="0" hai0="58,14,81,135,12,73,53,71,108,6,124,104,89" hai1="65,13,103,115,4,77,98,23,28,118,117,96,63" hai2="2,52,134,26,33,7,43,80,101,127,20,84,122" hai3="42,95,110,18,31,49,39,54,5,64,83,32,66"/><T41/><D71/><U125/><E77/><V37/><F33/><W51/><G5/><T36/><D104/><U70/><E125/><V74/><F101/><W106/><G106/><T82/><D124/><U93/><E115/><V34/><F122/><W50/><G83/><T24/><D24/><U69/><E69/><V30/><F74/><W92/><G18/><T3/><D89/><U102/><E28/><V46/><F127/><W91/><G54/><T25/><D25/><U62/><E63/><V119/><F134/><W111/><G32/><T121/><D135/><U8/><E23/><V94/><F94/><AGARI ba="0,0" hai="4,8,13,62,65,70,93,94,96,98,102,103,117,118" machi="94" ten="30,2000,0" yaku="7,1,9,1" doraHai="120" who="1" fromWho="2" sc="250,0,250,20,250,-20,250,0" /><INIT seed="1,0,0,1,2,92" ten="250,270,230,250" oya="1" hai0="95,85,127,54,33,79,20,43,124,80,42,17,5" hai1="74,12,128,2,16,122,67,56,0,23,110,22,64" hai2="18,14,55,108,131,10,93,4,61,123,97,1,120" hai3="100,134,68,71,109,57,19,44,11,69,91,60,82"/><U83/><E122/><V96/><F131/><W126/><G109/><T40/><D33/><U48/><E128/><V29/><F29/><W87/><G134/><T58/><D5/><U104/><E104/><V72/><F72/><W65/><G126/><T129/><D129/><U101/><E110/><V81/><F81/><W102/><G44/><T35/><D35/><U31/><E101/><V84/><F108/><W117/><G117/><T107/><D107/><U7/><E7/><V46/><F84/><W113/><G113/><T116/><D116/><U41/><E74/><V25/><F25/><W45/><G45/><T8/><D8/><U135/><E83/><V73/><F73/><W76/><REACH who="3" step="1"/><G91/><REACH who="3" ten="250,270,230,240" step="2"/><T111/><D111/><U66/><E135/><V51/><F123/><W15/><AGARI ba="0,1" hai="11,15,19,57,60,65,68,69,71,76,82,87,100,102" machi="15" ten="40,8000,1" yaku="1,1,2,1,0,1,53,1" doraHai="92" doraHaiUra="52" who="3" fromWho="3" sc="250,-20,270,-40,230,-20,240,90" /><INIT seed="2,0,0,3,3,40" ten="230,230,210,330" oya="2" hai0="105,88,80,98,45,119,126,66,16,37,0,133,21" hai1="114,38,97,78,30,43,99,75,32,128,96,41,33" hai2="22,120,62,76,63,118,8,20,3,103,46,131,93" hai3="60,4,111,130,61,92,6,67,5,1,2,7,53"/><V94/><F120/><W82/><N who="3" m="1024" /><DORA hai="26" /><W65/><G111/><T107/><D0/><U34/><E114/><V132/><F76/><W106/><G106/><T59/><D119/><U112/><E112/><V77/><F77/><W109/><G109/><T117/><D126/><U115/><E115/><V15/><F131/><W68/><G82/><T44/><D44/><U10/><E128/><V127/><F132/><W135/><G130/><T83/><D83/><U81/><E10/><V13/><F103/><W121/><G121/><T134/><D134/><U28/><REACH who="1" step="1"/><E38/><REACH who="1" ten="230,220,210,330" step="2"/><V104/><F8/><W23/><G135/><T73/><D73/><U52/><E52/><V24/><F118/><W14/><G53/><T50/><D50/><U129/><E129/><V113/><F113/><W116/><G116/><T95/><D95/><U31/><AGARI ba="0,1" hai="28,30,31,32,33,34,41,43,75,78,81,96,97,99" machi="31" ten="40,12000,2" yaku="1,1,0,1,29,2,52,3,53,0" doraHai="40,26" doraHaiUra="57,35" who="1" fromWho="1" sc="230,-30,220,130,210,-60,330,-30" /><INIT seed="3,0,0,5,2,17" ten="200,350,150,300" oya="3" hai0="114,80,45,62,98,2,11,18,31,120,107,4,133" hai1="27,71,35,126,127,77,104,26,15,20,110,113,3" hai2="50,46,105,102,103,53,91,61,90,93,72,67,92" hai3="28,44,75,99,49,89,19,57,109,73,86,83,55"/><W125/><G125/><N who="1" m="47626" /><E71/><V39/><F72/><W29/><G109/><T36/><D36/><U22/><E113/><V16/><F39/><W32/><G32/><T24/><D24/><U76/><E104/><V34/><F34/><W96/><G75/><T97/><D97/><N who="3" m="37449" /><G73/><T82/><D82/><U63/><E110/><V118/><F118/><W30/><G19/><T8/><D8/><U13/><E3/><V14/><F105/><W59/><AGARI ba="0,0" hai="28,29,30,44,49,55,57,59,83,86,89" m="37449" machi="59" ten="30,1500,0" yaku="8,1" doraHai="17" who="3" fromWho="3" sc="200,-5,350,-5,150,-5,300,15" /><INIT seed="3,1,0,5,4,24" ten="195,345,145,315" oya="3" hai0="45,8,126,110,28,5,134,40,32,99,46,34,29" hai1="31,65,86,0,90,100,98,18,10,83,135,51,115" hai2="112,89,87,72,19,23,35,62,127,55,57,6,128" hai3="82,63,119,84,69,81,4,17,20,74,53,94,7"/><W85/><G74/><T106/><D106/><U30/><E115/><V21/><F72/><W75/><G75/><T70/><D70/><U25/><E135/><V77/><F35/><W114/><G114/><T58/><D58/><U42/><E65/><V124/><F112/><W76/><G119/><T60/><D60/><U88/><E90/><V91/><F6/><W71/><G94/><T15/><D15/><U93/><E0/><V73/><F73/><W107/><G107/><T54/><D54/><U129/><E129/><V41/><F41/><W118/><G118/><T101/><D101/><U130/><E130/><V49/><F128/><W116/><G116/><T78/><D78/><U97/><E97/><V64/><F77/><N who="3" m="46127" /><G69/><T11/><D11/><U26/><E10/><V104/><F104/><W105/><G71/><T13/><D13/><U67/><E67/><V61/><F89/><W14/><G105/><T80/><D80/><U50/><E25/><V16/><F61/><W123/><G123/><T122/><D122/><U9/><E42/><V36/><F36/><W103/><G103/><T96/><D96/><U22/><E9/><V113/><F113/><W38/><G38/><T68/><D68/><U132/><E132/><V27/><F64/><W3/><G3/><T108/><D108/><U121/><E121/><V56/><F56/><AGARI ba="1,0" hai="4,7,14,17,20,53,56,63,76,82,85" m="46127" machi="56" ten="30,1500,0" yaku="8,1" doraHai="24" who="3" fromWho="2" sc="195,0,345,0,145,-18,315,18" /><INIT seed="3,2,0,1,0,78" ten="195,345,127,333" oya="3" hai0="3,69,108,36,64,125,97,22,114,105,59,41,54" hai1="84,88,8,99,57,1,12,53,24,40,71,87,77" hai2="116,63,91,51,31,30,81,79,121,49,0,28,132" hai3="14,32,135,103,13,7,56,123,72,118,82,93,128"/><W85/><G123/><T67/><D114/><U107/><E71/><V96/><F121/><W65/><G118/><T11/><D3/><U46/><E107/><V5/><F0/><W100/><G72/><T109/><D11/><U58/><E1/><V98/><F132/><W19/><G32/><T38/><D22/><U124/><E124/><V15/><F116/><W9/><G135/><T26/><D26/><U44/><E24/><V130/><F130/><W73/><G73/><T127/><D97/><U6/><E77/><V2/><F2/><W113/><G113/><T23/><D23/><U133/><E133/><V89/><F63/><N who="3" m="38119" /><G128/><T104/><D104/><U43/><E57/><V52/><F79/><N who="3" m="46303" /><G93/><T55/><D105/><U117/><E117/><V45/><F49/><W27/><G27/><T21/><D21/><AGARI ba="2,0" hai="7,9,13,14,19,21,100,103" m="46303,38119" machi="21" ten="30,2900,0" yaku="8,1,52,1" doraHai="78" who="3" fromWho="0" sc="195,-35,345,0,127,0,333,35" owari="160,-24.0,345,15.0,127,-37.0,368,46.0" /></mjloggm>