<mjloggm ver="2.3"><GO type="97" lobby="0"/><UN n0="%E3%81%B5%E3%82%8A%E3%81%BE%E3%81%99" n1="%E3%82%A6%E3%83%AB%E3%83%88%E3%83%A9%E7%AB%8B%E7%9B%B4" n2="%E7%90%86%E6%83%B3%E9%9B%80%E5%A3%AB" n3="%E9%BE%8D%E9%82%A6" dan="15,14,15,13" rate="1969.25,1841.19,2002.18,1828.16" sx="M,M,M,M"/><TAIKYOKU oya="0"/><INIT seed="0,0,0,3,5,60" ten="250,250,250,250" oya="0" hai0="89,108,72,111,123,52,93,10,101,47,35,125,51" hai1="8,86,78,116,76,107,110,79,22,4,11,45,73" hai2="81,21,24,113,130,88,44,18,37,119,74,30,71" hai3="59,61,66,46,135,40,49,7,82,23,65,33,109"/><T15/><D123/><U131/><E116/><V26/><F113/><W98/><G33/><T2/><D125/><U100/><E131/><V104/><F104/><W14/><G135/><T124/><D124/><U62/><E110/><N who="0" m="42025" /><D35/><U117/><E117/><V120/><F120/><W55/><G109/><T27/><D72/><U6/><E73/><V112/><F112/><W42/><G42/><T121/><D121/><U92/><E107/><V118/><F130/><W58/><G98/><N who="0" m="59599" /><D27/><U54/><E100/><V20/><F71/><W0/><G0/><T91/><D2/><U25/><E92/><V70/><F70/><W115/><G115/><T43/><D43/><U9/><E86/><V12/><F12/><W127/><G59/><T36/><D36/><U128/><E128/><V39/><F74/><W77/><G127/><T29/><D29/><U1/><E1/><V106/><F106/><W56/><G56/><T105/><D105/><U64/><E25/><V67/><F37/><W122/><G122/><T90/><D91/><U3/><E3/><V53/><F39/><W34/><G34/><T97/><D97/><U95/><E95/><V99/><F99/><W80/><G80/><T68/><D68/><U114/><E114/><V133/><F118/><W16/><G7/><AGARI ba="0,0" hai="7,10,15,47,51,52,89,90" m="59599,42025" machi="7" ten="30,5800,0" yaku="14,1,10,1,54,1" doraHai="60" who="0" fromWho="3" sc="250,58,250,0,250,0,250,-58" /><INIT seed="0,1,0,4,4,73" ten="308,250,250,192" oya="0" hai0="120,129,40,103,14,57,5,135,99,31,77,19,74" hai1="78,12,95,35,26,98,96,75,33,117,42,70,60" hai2="4,21,84,16,101,100,105,116,46,44,127,76,67" hai3="130,43,48,64,92,79,27,102,115,65,69,3,126"/><T108/><D120/><U81/><E117/><V118/><F127/><W0/><G115/><T80/><D129/><U54/><E42/><V53/><F67/><W71/><G126/><T93/><D135/><U39/><E39/><V106/><F4/><W37/><G130/><T133/><D133/><U13/><E96/><V122/><F122/><W97/><G27/><T131/><D131/><U52/><E70/><V1/><F1/><W2/><G37/><T6/><D108/><U112/><E112/><V15/><F105/><W29/><G29/><T132/><D132/><U30/><E35/><V121/><F121/><W89/><G89/><T107/><D31/><U34/><E34/><V17/><F46/><W61/><G48/><T56/><D40/><U113/><E113/><V36/><F36/><W66/><G43/><T104/><D107/><U51/><E60/><V63/><F106/><W25/><G25/><T88/><D5/><U18/><E18/><V10/><F116/><W123/><G123/><T85/><D6/><U49/><E49/><N who="2" m="28839" /><F63/><W41/><G41/><T72/><D74/><U62/><E62/><V58/><F58/><W119/><G119/><T91/><D91/><U9/><E9/><AGARI ba="1,0" hai="9,14,19,56,57,72,77,80,85,88,93,99,103,104" machi="9" ten="30,12000,1" yaku="7,1,24,2,52,1,54,1" doraHai="73" who="0" fromWho="1" sc="308,123,250,-123,250,0,192,0" /><INIT seed="0,2,0,3,2,15" ten="431,127,250,192" oya="0" hai0="121,81,129,8,17,119,35,34,84,88,104,90,78" hai1="112,116,43,95,23,3,36,10,58,102,12,91,110" hai2="29,20,133,71,76,79,21,123,38,75,131,80,39" hai3="99,49,37,56,57,25,108,115,1,2,59,13,83"/><T130/><D119/><U74/><E116/><V105/><F123/><W126/><G37/><T63/><D104/><U124/><E112/><V134/><F105/><W48/><G115/><T103/><D103/><U66/><E110/><V65/><F79/><W50/><G126/><T6/><D121/><U94/><E124/><V68/><F131/><N who="0" m="50186" /><D63/><U0/><E74/><V41/><F20/><W92/><G108/><T14/><D6/><U47/><E23/><V18/><F29/><W111/><G83/><T31/><D31/><U19/><E58/><V46/><F39/><W100/><G111/><T28/><D28/><U45/><E66/><V70/><REACH who="2" step="1"/><F65/><REACH who="2" ten="431,127,240,192" step="2"/><W86/><G25/><AGARI ba="2,1" hai="18,21,25,38,41,46,68,70,71,75,76,80,133,134" machi="25" ten="40,5200,0" yaku="1,1,2,1,52,1,53,0" doraHai="15" doraHaiUra="93" who="2" fromWho="3" sc="431,0,127,0,240,68,192,-58" /><INIT seed="1,0,0,4,2,42" ten="431,127,308,134" oya="1" hai0="61,127,88,50,49,51,24,64,38,47,111,114,126" hai1="80,71,46,25,44,43,84,5,4,63,73,15,93" hai2="97,39,0,132,55,129,67,91,36,59,32,30,102" hai3="83,99,11,131,128,16,37,48,98,28,74,58,13"/><U109/><E73/><V62/><F0/><W110/><G37/><T135/><D24/><U6/><E109/><V23/><F129/><W56/><G28/><T87/><D111/><U33/><E43/><V92/><F32/><W72/><G110/><T122/><D38/><U1/><E1/><V86/><F132/><W120/><G83/><N who="0" m="49279" /><D114/><U18/><E93/><V89/><F89/><W17/><G120/><T105/><D105/><U65/><E25/><V40/><F40/><W108/><G108/><T52/><D135/><U2/><E33/><V41/><F41/><W22/><G48/><T113/><D113/><U57/><E71/><V54/><F54/><W90/><G90/><T95/><D122/><U125/><E125/><N who="0" m="47625" /><D95/><U107/><E107/><V123/><F123/><W106/><G106/><T69/><AGARI ba="0,0" hai="47,49,50,51,52,61,64,69" m="47625,49279" machi="69" ten="30,7900,0" yaku="18,1,52,1,54,2" doraHai="42" who="0" fromWho="0" sc="431,79,127,-39,308,-20,134,-20" /><INIT seed="2,0,0,0,2,61" ten="510,88,288,114" oya="2" hai0="74,109,133,111,60,42,8,17,102,30,71,88,6" hai1="105,44,66,29,97,53,85,126,36,90,121,37,106" hai2="134,27,26,65,52,49,51,131,64,57,89,69,4" hai3="19,39,54,20,14,67,35,10,9,25,32,77,107"/><V98/><F131/><W82/><G39/><T62/><D133/><U13/><E126/><V94/><F134/><W123/><G107/><T46/><D62/><U38/><E121/><V63/><F4/><W41/><G41/><T130/><D130/><U115/><E115/><V50/><F69/><W127/><G123/><T118/><D17/><U2/><E2/><V93/><F93/><W1/><G127/><T84/><D30/><U33/><E33/><V113/><F113/><W100/><G54/><T120/><D102/><U7/><E29/><V110/><F110/><N who="0" m="41994" /><D74/><U23/><E23/><V34/><F34/><W103/><G100/><T104/><D104/><U31/><E31/><V76/><F76/><W95/><G103/><T122/><D118/><U47/><E105/><V70/><F70/><W73/><G95/><N who="0" m="54663" /><D60/><U78/><E106/><V11/><F11/><W55/><G55/><T92/><D71/><U72/><E53/><V86/><F86/><W15/><G1/><N who="0" m="79" /><D92/><U101/><E72/><V79/><F79/><W3/><G3/><T87/><D87/><U125/><E78/><V135/><F135/><W28/><G67/><T68/><D68/><U56/><E125/><V128/><F128/><W132/><REACH who="3" step="1"/><G132/><REACH who="3" ten="510,88,288,104" step="2"/><T12/><D12/><U81/><E101/><V16/><F27/><W45/><G45/><T0/><D0/><U83/><E47/><V129/><F129/><W80/><G80/><T40/><D40/><U21/><E44/><V119/><F119/><W18/><AGARI ba="0,1" hai="9,10,14,15,18,19,20,25,28,32,35,73,77,82" machi="18" ten="20,5200,0" yaku="1,1,0,1,7,1,9,1,53,0" doraHai="61" doraHaiUra="116" who="3" fromWho="3" sc="510,-13,88,-13,288,-26,104,62" /><INIT seed="3,0,0,3,4,42" ten="497,75,262,166" oya="3" hai0="84,39,41,62,104,66,32,121,38,97,119,93,27" hai1="107,23,15,22,116,95,40,126,69,56,135,88,9" hai2="70,35,80,132,86,55,87,111,57,118,96,89,82" hai3="92,99,74,133,7,75,48,94,79,43,49,110,0"/><W25/><G133/><T112/><D119/><U54/><E69/><V76/><F118/><W17/><G110/><T103/><D121/><U130/><E107/><V114/><F114/><W108/><G108/><T44/><D112/><U33/><E33/><V30/><F70/><W85/><G49/><T90/><D32/><U11/><E116/><V60/><F111/><W131/><G131/><T14/><D27/><U117/><E126/><V46/><F132/><W109/><G109/><T134/><D14/><U125/><E130/><V122/><F122/><W12/><G25/><T61/><D134/><U18/><E125/><V120/><F120/><W128/><G0/><T4/><D4/><U19/><E117/><V13/><F35/><W36/><G128/><T100/><D103/><U105/><E105/><V26/><F26/><W52/><G36/><T123/><D123/><U68/><E68/><V98/><F30/><W10/><G43/><T45/><D66/><U24/><E40/><AGARI ba="0,0" hai="38,39,40,41,44,45,61,62,84,90,93,97,100,104" machi="40" ten="40,5200,0" yaku="9,1,52,2" doraHai="42" who="0" fromWho="1" sc="497,52,75,-52,262,0,166,0" owari="549,65.0,23,-48.0,262,6.0,166,-23.0" /></mjloggm>