<mjloggm ver="2.3"><GO type="169" lobby="0"/><UN n0="%E3%82%B9%E3%83%9E" n1="%E3%83%A8%E3%82%B3%E3%83%A8%E3%82%B3" n2="%E3%82%A6%E3%83%AB%E3%83%88%E3%83%A9%E7%AB%8B%E7%9B%B4" n3="%79%61%6D%69" dan="16,17,17,17" rate="2148.09,2152.75,2175.52,2142.20" sx="F,M,M,M"/><TAIKYOKU oya="0"/><INIT seed="0,0,0,2,3,74" ten="250,250,250,250" oya="0" hai0="16,89,82,117,52,61,7,15,10,103,114,113,22" hai1="8,111,134,32,41,34,92,28,40,83,123,39,36" hai2="51,72,85,135,131,120,109,45,98,11,66,20,49" hai3="121,104,84,21,116,93,97,118,33,54,73,12,6"/><T63/><D117/><U37/><E123/><V3/><F72/><W57/><G33/><T94/><D103/><U132/><E111/><V79/><F120/><W112/><G73/><T46/><D82/><U48/><E8/><V5/><F109/><W95/><G112/><T42/><D114/><U35/><E28/><V76/><F131/><W110/><G110/><T14/><D113/><U31/><E31/><V17/><F135/><N who="1" m="51753" /><E48/><V70/><F51/><W133/><G121/><T0/><D0/><U58/><E58/><V68/><F98/><W18/><G133/><T128/><D128/><U122/><E122/><V75/><F75/><W26/><G104/><T55/><D42/><N who="1" m="16491" /><E83/><V27/><F85/><W107/><G84/><N who="0" m="52519" /><D46/><U86/><E86/><V65/><F49/><W126/><G118/><T77/><D77/><U88/><E92/><V71/><REACH who="2" step="1"/><F45/><REACH who="2" ten="250,250,240,250" step="2"/><W96/><G116/><T1/><D1/><U105/><E105/><V53/><F53/><AGARI ba="0,1" hai="7,10,14,15,16,22,52,53,55,61,63" m="52519" machi="53" ten="30,5800,0" yaku="8,1,54,2" doraHai="74" who="0" fromWho="2" sc="250,68,250,0,240,-58,250,0" /><INIT seed="0,1,0,0,5,103" ten="318,250,182,250" oya="0" hai0="10,30,55,83,59,96,89,8,43,126,14,54,6" hai1="127,0,15,70,97,67,3,34,33,22,98,7,63" hai2="37,23,56,135,75,120,25,90,16,5,99,71,114" hai3="111,77,58,92,119,13,65,45,72,42,101,32,87"/><T91/><D126/><U66/><E127/><V21/><F71/><W20/><G32/><T62/><D43/><U48/><E67/><V27/><F37/><W118/><G72/><T131/><D30/><U74/><E74/><V35/><F35/><W18/><G111/><T36/><D36/><U47/><E34/><V81/><F114/><W124/><G124/><T85/><D131/><U76/><E33/><V57/><F120/><W9/><G101/><T52/><D10/><U109/><E109/><V2/><F135/><W115/><G115/><T50/><D50/><U78/><E0/><V82/><F5/><W41/><G41/><T84/><REACH who="0" step="1"/><D96/><REACH who="0" ten="308,250,182,250" step="2"/><U29/><E29/><N who="2" m="17583" /><F2/><W49/><G9/><T60/><D60/><U61/><E63/><V73/><F73/><W121/><G49/><T116/><D116/><U93/><E98/><V64/><F75/><W129/><G119/><T88/><D88/><U68/><E97/><V134/><F99/><W12/><G118/><T4/><D4/><U110/><E61/><N who="2" m="37935" /><F90/><W1/><G129/><T132/><D132/><U94/><E48/><V51/><F134/><W40/><G40/><T122/><D122/><U86/><E7/><V44/><F44/><W31/><G42/><T39/><D39/><U102/><E47/><V107/><F51/><W117/><G45/><T113/><D113/><U46/><E46/><V53/><F23/><W104/><G20/><T105/><D105/><U69/><E22/><N who="2" m="13767" /><F107/><W38/><G104/><T24/><D24/><U108/><E3/><V112/><F112/><W128/><G117/><T125/><D125/><RYUUKYOKU ba="1,1" sc="308,15,250,-15,182,15,250,-15" hai0="6,8,14,52,54,55,59,62,83,84,85,89,91" hai2="53,56,81,82" /><INIT seed="0,2,1,5,3,58" ten="323,235,197,235" oya="0" hai0="76,13,98,9,117,127,42,40,74,82,123,44,85" hai1="134,22,3,6,112,11,78,14,92,57,121,91,27" hai2="68,55,101,47,50,21,130,63,39,38,8,122,23" hai3="60,4,17,133,43,99,15,45,32,52,102,129,71"/><T108/><D117/><U70/><E121/><V65/><F122/><W16/><G32/><T79/><D123/><U29/><E70/><V10/><F101/><W115/><G115/><T56/><D127/><U124/><E124/><V30/><F130/><W0/><G0/><T80/><D108/><U20/><E112/><V24/><REACH who="2" step="1"/><F23/><REACH who="2" ten="323,235,187,235" step="2"/><W88/><G129/><T107/><D107/><U36/><E134/><V94/><F94/><N who="3" m="56775" /><G102/><T84/><D74/><U116/><E116/><V35/><F35/><W53/><G133/><T77/><D98/><U86/><E22/><V25/><F25/><W51/><G71/><T69/><D69/><U18/><E36/><AGARI ba="2,2" hai="8,10,21,24,30,36,38,39,47,50,55,63,65,68" machi="36" ten="40,2600,0" yaku="1,1,52,1,53,0" doraHai="58" doraHaiUra="128" who="2" fromWho="1" sc="323,0,235,-32,187,52,235,0" /><INIT seed="1,0,0,3,2,125" ten="323,203,239,235" oya="1" hai0="123,124,20,16,135,63,11,76,102,84,9,55,59" hai1="17,88,6,38,2,119,39,22,77,18,83,81,30" hai2="27,19,50,89,58,37,8,90,100,74,35,130,129" hai3="31,54,95,0,45,101,96,131,60,128,97,48,12"/><U94/><E119/><V111/><F37/><W29/><G0/><T122/><D124/><U121/><E121/><N who="0" m="46089" /><D102/><U113/><E113/><V51/><F74/><W41/><G12/><N who="0" m="9223" /><D135/><U23/><E30/><N who="2" m="19935" /><F100/><W25/><G97/><T118/><D118/><U69/><E69/><V79/><F79/><W53/><G31/><T92/><D76/><U108/><E108/><V21/><F8/><W7/><G7/><T67/><D67/><U104/><E104/><V46/><F58/><W42/><G42/><T133/><D133/><U15/><E2/><V98/><F98/><W47/><G54/><T115/><D115/><U110/><E110/><V116/><F116/><W117/><G117/><T80/><D80/><U126/><E126/><V91/><F46/><W10/><G10/><T64/><D64/><U44/><E6/><V40/><F40/><W70/><G70/><T107/><D107/><U106/><E106/><V127/><F111/><W1/><G1/><T61/><D61/><U82/><E77/><V99/><F99/><W105/><G105/><T5/><D5/><U3/><E3/><V52/><F52/><W49/><REACH who="3" step="1"/><G60/><REACH who="3" ten="323,203,239,225" step="2"/><T85/><D63/><U32/><E32/><AGARI ba="0,1" hai="25,29,32,41,45,47,48,49,53,95,96,101,128,131" machi="32" ten="40,8000,1" yaku="1,1,2,1,52,2,53,0" doraHai="125" doraHaiUra="112" who="3" fromWho="1" sc="323,0,203,-80,239,0,225,90" /><INIT seed="2,0,0,0,0,47" ten="323,123,239,315" oya="2" hai0="106,28,111,90,129,100,123,74,73,22,42,67,88" hai1="91,26,54,87,76,0,23,121,83,130,81,108,11" hai2="133,84,131,16,70,59,80,86,10,35,79,29,17" hai3="117,127,118,12,39,94,5,114,122,52,99,49,124"/><V102/><F70/><W43/><G39/><T92/><D123/><U61/><E121/><V132/><F131/><W60/><G43/><T8/><D67/><U93/><E130/><V85/><F102/><N who="3" m="60791" /><G60/><T104/><D8/><U50/><E108/><V56/><F29/><W46/><G122/><T20/><D42/><U110/><E110/><V120/><F35/><W69/><G69/><T96/><D111/><U48/><E0/><V58/><F120/><W4/><G114/><T116/><D129/><U36/><E36/><V45/><F45/><W135/><G135/><N who="2" m="51785" /><F10/><N who="3" m="4167" /><G5/><T101/><D116/><U113/><E113/><V66/><F66/><W6/><G6/><T7/><D7/><U115/><E115/><V27/><F27/><W72/><G72/><AGARI ba="0,0" hai="16,17,56,58,59,72,79,80,84,85,86" m="51785" machi="72" ten="40,3900,0" yaku="20,1,54,1" doraHai="47" who="2" fromWho="3" sc="323,0,123,0,239,39,315,-39" /><INIT seed="2,1,0,5,1,101" ten="323,123,278,276" oya="2" hai0="64,67,102,91,126,2,123,22,115,62,41,58,17" hai1="6,34,88,107,23,42,3,24,85,99,76,110,127" hai2="61,80,7,74,90,135,81,109,14,31,124,5,45" hai3="28,100,83,16,30,52,18,38,48,37,29,78,10"/><V50/><F109/><W103/><G38/><T132/><D2/><U121/><E110/><V92/><F124/><W39/><G37/><T133/><D126/><U40/><E127/><V60/><F135/><N who="0" m="51786" /><D115/><U20/><E121/><V128/><F31/><W77/><G39/><T46/><D123/><U122/><E122/><V118/><F128/><W69/><G69/><T49/><D91/><U65/><E34/><V71/><F71/><W86/><G77/><T130/><D102/><N who="3" m="38953" /><G10/><T27/><D130/><U134/><E134/><V97/><F74/><W59/><AGARI ba="1,0" hai="16,18,28,29,30,48,52,59,78,83,86" m="38953" machi="59" ten="30,4000,0" yaku="8,1,54,2" doraHai="101" who="3" fromWho="3" sc="323,-11,123,-11,278,-21,276,43" /><INIT seed="3,0,0,1,1,29" ten="312,112,257,319" oya="3" hai0="109,100,48,15,62,127,2,8,129,93,47,68,105" hai1="38,58,102,21,87,4,20,108,41,83,53,107,55" hai2="37,135,96,46,88,31,11,86,84,73,24,45,36" hai3="123,0,54,72,18,56,120,40,110,130,27,91,59"/><W80/><G0/><T28/><D2/><U77/><E108/><V10/><F73/><W33/><G40/><T114/><D109/><U12/><E41/><V76/><F135/><W101/><G59/><T89/><D129/><U3/><E3/><V122/><F122/><W90/><G101/><T111/><D111/><U75/><E75/><V117/><F117/><W1/><G1/><T52/><D127/><U124/><E124/><V26/><F96/><W85/><G110/><T98/><D28/><U22/><E38/><V99/><F99/><W113/><G113/><T126/><D126/><U115/><E115/><V5/><F31/><W92/><G130/><T32/><D114/><U30/><E102/><V79/><F5/><W81/><G33/><T74/><D32/><U17/><E107/><V128/><F128/><W44/><G44/><T9/><D74/><U131/><E131/><V19/><F19/><W16/><G81/><T112/><D112/><U97/><E97/><V65/><F65/><W106/><G106/><T49/><D49/><N who="1" m="31023" /><E30/><V69/><F69/><W121/><G27/><T64/><D15/><N who="1" m="9279" /><E55/><V71/><F71/><W103/><G103/><T42/><D42/><U119/><E119/><V51/><F51/><N who="3" m="30815" /><G91/><AGARI ba="0,0" hai="10,11,24,26,36,37,45,46,76,79,84,86,88,91" machi="91" ten="25,3200,0" yaku="22,2,54,1" doraHai="29" who="2" fromWho="3" sc="312,0,112,0,257,32,319,-32" /><INIT seed="4,0,0,3,1,132" ten="312,112,289,287" oya="0" hai0="36,92,135,20,23,123,29,82,66,76,101,111,67" hai1="121,7,46,50,32,77,31,69,115,18,24,8,74" hai2="63,90,13,38,83,1,73,61,22,57,34,9,0" hai3="113,102,96,88,12,19,133,71,107,70,27,80,108"/><T130/><D36/><U60/><E121/><V37/><F34/><W51/><G108/><T99/><D123/><U125/><E115/><V15/><F63/><W48/><G27/><T5/><D135/><U86/><E74/><V124/><F22/><W26/><G26/><T114/><D114/><U49/><E18/><V14/><F9/><W64/><G113/><T25/><D130/><U79/><E49/><V103/><F103/><W84/><G133/><T6/><D111/><U106/><E106/><V45/><F1/><W93/><G71/><T11/><D23/><U75/><E75/><V35/><F0/><W87/><G64/><T109/><D109/><U116/><E116/><V28/><F35/><W98/><G70/><T91/><D101/><U52/><E86/><N who="2" m="50527" /><F28/><W118/><G87/><N who="0" m="48583" /><D11/><U95/><E95/><V112/><F112/><W89/><REACH who="3" step="1"/><G118/><REACH who="3" ten="312,112,289,277" step="2"/><T17/><D29/><U4/><E69/><V2/><F73/><W131/><G131/><T78/><D67/><U54/><E24/><V59/><F37/><W33/><G33/><T21/><D66/><U81/><E32/><V85/><F85/><W97/><G97/><T120/><D99/><U41/><E31/><V10/><F38/><W134/><G134/><T56/><D25/><U47/><E77/><V122/><F122/><W53/><G53/><T55/><D78/><U39/><E52/><V117/><F117/><W127/><G127/><T3/><D55/><U94/><E125/><V65/><F124/><W68/><G68/><T104/><D120/><U100/><E54/><V128/><F65/><W40/><G40/><RYUUKYOKU ba="0,1" sc="312,-10,112,-10,289,-10,277,30" hai3="12,19,48,51,80,84,88,89,93,96,98,102,107" /><INIT seed="5,1,1,2,4,100" ten="302,102,279,307" oya="1" hai0="70,110,10,134,54,17,83,22,30,93,12,44,106" hai1="16,108,74,63,86,129,114,60,0,19,119,6,72" hai2="81,1,8,4,116,66,130,67,21,102,34,125,48" hai3="98,107,9,50,77,120,89,24,25,105,13,117,42"/><U51/><E119/><V91/><F116/><W97/><G77/><T61/><D106/><U28/><E114/><V128/><F34/><W65/><G117/><T36/><D110/><U95/><E108/><V76/><F102/><W23/><G120/><T55/><D134/><U94/><E129/><N who="2" m="49771" /><F125/><W99/><G65/><T3/><D93/><U52/><E28/><V20/><F91/><W122/><G122/><T96/><D96/><U53/><E0/><V5/><F5/><W121/><G121/><T56/><D83/><U49/><REACH who="1" step="1"/><E6/><REACH who="1" ten="302,92,279,307" step="2"/><V113/><F113/><W45/><G107/><T32/><D3/><U29/><E29/><V41/><F1/><W59/><G105/><T18/><D30/><U126/><E126/><V57/><F4/><W15/><G99/><T71/><D32/><U73/><E73/><V27/><F66/><W33/><G97/><T35/><D35/><U135/><E135/><V31/><F67/><W2/><G2/><T85/><D85/><AGARI ba="1,2" hai="16,19,49,51,52,53,60,63,72,74,85,86,94,95" machi="85" ten="25,12000,1" yaku="1,1,22,2,54,2,53,0" doraHai="100" doraHaiUra="7" who="1" fromWho="0" sc="302,-123,92,143,279,0,307,0" /><INIT seed="5,2,0,5,0,111" ten="179,235,279,307" oya="1" hai0="77,57,109,36,131,126,82,10,68,76,92,3,29" hai1="91,19,7,22,119,123,106,88,55,64,133,105,125" hai2="94,49,79,41,45,1,20,51,114,26,11,32,108" hai3="56,69,28,99,110,9,66,120,118,89,6,129,39"/><U115/><E119/><V62/><F32/><W117/><G69/><T0/><D109/><U60/><E123/><V14/><F1/><W13/><G39/><T73/><D36/><U97/><E7/><V107/><F107/><W48/><G110/><T35/><D68/><U18/><E125/><V113/><F108/><W65/><G28/><T4/><D126/><U134/><E55/><V102/><F62/><W93/><G129/><T95/><D131/><U78/><E78/><V85/><F51/><W43/><G120/><T90/><D0/><U101/><E106/><V23/><F102/><W8/><G8/><T121/><D121/><U132/><E115/><N who="2" m="44043" /><F26/><W40/><G118/><T63/><D76/><U24/><REACH who="1" step="1"/><E19/><REACH who="1" ten="179,225,279,307" step="2"/><N who="2" m="8671" /><F79/><W27/><G117/><T87/><D29/><U127/><E127/><V47/><F47/><W54/><G27/><T58/><D35/><U31/><E31/><V80/><F80/><W81/><G81/><T61/><D95/><U122/><E122/><V25/><F25/><W44/><G44/><T83/><D82/><U46/><E46/><V17/><F17/><W100/><G93/><T52/><REACH who="0" step="1"/><D58/><AGARI ba="2,1" hai="18,22,24,58,60,64,88,91,97,101,105,132,133,134" machi="58" ten="40,7700,0" yaku="1,1,20,1,54,1,53,0" doraHai="111" doraHaiUra="74" who="1" fromWho="0" sc="179,-83,225,93,279,0,307,0" /><INIT seed="5,3,0,3,1,93" ten="96,318,279,307" oya="1" hai0="8,115,85,78,123,51,129,117,67,16,109,126,88" hai1="132,53,6,12,124,89,80,36,82,75,118,70,130" hai2="90,43,97,9,74,121,71,133,15,107,60,13,26" hai3="23,25,83,119,14,134,2,116,24,66,35,127,3"/><U106/><E118/><N who="3" m="45098" /><G66/><T110/><D67/><U28/><E70/><V32/><F74/><W5/><G83/><T41/><D51/><U20/><E106/><V59/><F121/><W33/><G127/><T125/><D41/><U37/><E124/><N who="0" m="47721" /><D8/><U111/><E111/><N who="0" m="42505" /><D78/><U46/><E132/><V22/><F133/><W40/><G40/><T38/><D117/><U98/><E130/><V64/><F43/><W48/><G48/><T29/><D38/><U56/><E36/><V113/><F113/><W62/><G62/><T58/><D58/><U94/><E37/><V95/><F107/><W73/><G73/><T55/><D29/><U114/><E46/><V4/><F71/><W50/><G50/><T135/><D135/><U27/><E114/><V10/><F32/><W76/><G76/><T0/><D0/><U92/><E75/><V31/><F10/><N who="3" m="4431" /><G134/><T52/><D115/><U77/><E77/><V108/><REACH who="2" step="1"/><F108/><REACH who="2" ten="96,318,269,307" step="2"/><W102/><G35/><T18/><D123/><U122/><E122/><V128/><F128/><W96/><G33/><T57/><D129/><U30/><E80/><V21/><F21/><W42/><G42/><T61/><D55/><U17/><E82/><AGARI ba="3,1" hai="16,18,52,57,61,82,85,88" m="42505,47721" machi="82" ten="30,7700,0" yaku="18,1,54,3" doraHai="93" who="0" fromWho="1" sc="96,96,318,-86,269,0,307,0" /><INIT seed="6,0,0,3,2,3" ten="192,232,269,307" oya="2" hai0="53,40,32,49,112,10,16,30,72,114,0,92,87" hai1="93,83,14,117,1,12,86,78,125,100,48,119,42" hai2="103,24,126,94,21,127,79,44,39,45,97,122,64" hai3="51,120,62,109,15,23,46,37,135,58,47,9,57"/><V106/><F122/><W6/><G109/><T69/><D69/><U20/><E1/><V18/><F79/><W90/><G120/><T98/><D72/><U29/><E125/><N who="2" m="47627" /><F39/><W60/><G37/><T115/><D40/><U91/><E100/><V65/><F106/><W99/><G135/><T121/><D121/><U123/><E123/><V25/><F25/><W36/><G36/><T4/><D87/><U13/><E119/><V28/><F18/><W71/><G71/><T59/><D32/><U61/><E117/><V131/><F131/><W102/><G90/><T96/><D30/><U113/><E113/><V110/><F110/><W74/><G74/><T54/><D54/><U2/><E2/><V84/><F84/><W38/><G23/><T26/><D92/><U43/><E61/><N who="3" m="23658" /><G38/><T7/><D7/><U52/><E29/><V56/><F56/><N who="3" m="21611" /><G51/><T77/><REACH who="0" step="1"/><D77/><REACH who="0" ten="182,232,269,307" step="2"/><U104/><E104/><V63/><F63/><W108/><G108/><T105/><D105/><U85/><E20/><AGARI ba="0,1" hai="0,4,10,16,20,26,49,53,59,96,98,112,114,115" machi="20" ten="40,8000,1" yaku="1,1,15,1,52,1,54,1,53,0" doraHai="3" doraHaiUra="118" who="0" fromWho="1" sc="182,90,232,-80,269,0,307,0" /><INIT seed="7,0,0,5,5,78" ten="272,152,269,307" oya="3" hai0="22,54,104,10,5,79,50,88,67,18,70,132,55" hai1="74,3,102,47,81,90,8,37,34,49,122,76,89" hai2="46,58,115,99,12,15,133,30,92,96,128,69,94" hai3="109,111,63,20,85,57,64,16,21,62,100,60,72"/><W95/><G72/><T103/><D132/><U112/><E122/><V117/><F69/><W71/><G63/><T118/><D118/><U121/><E121/><V0/><F0/><W59/><G71/><T31/><D31/><U23/><E34/><V105/><F105/><W65/><G21/><T108/><D108/><U25/><E112/><V123/><F117/><W51/><G51/><T130/><D79/><U40/><E102/><V19/><F115/><W66/><G66/><T116/><D116/><U61/><E49/><V84/><F30/><W75/><G75/><T17/><D104/><U119/><E61/><V93/><F133/><W6/><G6/><T36/><D103/><U135/><E135/><V24/><F128/><W101/><G101/><T43/><D36/><U134/><E134/><V41/><F58/><W26/><G100/><T80/><D130/><U1/><E119/><V98/><F123/><W82/><G95/><T39/><D39/><U11/><E1/><V97/><N who="2" m="24576" /><DORA hai="14" /><V13/><F84/><W127/><G127/><T4/><D67/><U126/><E126/><V113/><F113/><W107/><G107/><T42/><D70/><U86/><E3/><V9/><F24/><W38/><G38/><T33/><D33/><U87/><E74/><V110/><F110/><W129/><G129/><T44/><D43/><U106/><E106/><V48/><AGARI ba="0,0" hai="9,12,13,15,19,41,46,48,92,93,94" m="24576" machi="48" ten="50,6400,0" yaku="0,1,8,1,52,1" doraHai="78,14" who="2" fromWho="2" sc="272,-16,152,-16,269,64,307,-32" owari="256,-14.0,136,-36.0,333,42.0,275,8.0" /></mjloggm>