<mjloggm ver="2.3"><GO type="41" lobby="0"/><UN n0="%E3%83%9E%E3%82%A4%E3%82%AF%E3%82%BF%E3%82%A4%E3%82%BD%E3%83%B3" n1="%E3%81%88%E3%82%8B%E3%82%82" n2="%E3%81%97%E3%82%8D%E3%81%9F%E3%82%93%E3%81%8C%E3%81%84%E3%81%84%E3%81%8A" n3="%E5%B0%B1%E6%B4%BB%E7%94%9F%40%E5%B7%9D%E6%9D%91%E8%BB%8D%E5%9B%A3" dan="13,14,15,15" rate="1835.05,1888.32,1993.47,2007.06" sx="M,M,M,M"/><TAIKYOKU oya="0"/><INIT seed="0,0,0,0,3,104" ten="250,250,250,250" oya="0" hai0="6,114,61,79,106,69,71,73,135,101,29,41,44" hai1="10,77,62,96,91,47,40,53,120,117,35,63,36" hai2="92,93,81,105,90,58,95,118,23,34,60,4,56" hai3="84,33,88,70,108,111,103,112,124,94,1,50,14"/><T66/><D114/><U129/><E35/><V75/><F105/><W123/><G1/><T85/><D135/><U26/><E120/><V19/><F34/><W115/><G33/><T39/><D85/><U116/><E129/><V24/><F24/><W5/><G70/><T102/><D101/><U18/><E77/><V48/><F118/><W16/><G5/><T37/><D69/><U46/><E46/><V28/><F28/><W132/><G132/><T59/><D29/><U87/><E63/><V13/><F4/><W9/><G123/><T2/><D59/><U133/><E133/><V97/><F48/><W100/><G50/><T45/><D45/><U128/><E128/><V17/><F17/><W54/><G54/><T83/><D102/><N who="3" m="38953" /><G124/><T121/><D121/><U11/><E53/><V67/><REACH who="2" step="1"/><F58/><REACH who="2" ten="250,250,240,250" step="2"/><W43/><G43/><T52/><D52/><U42/><E42/><V127/><F127/><W7/><G7/><T8/><D106/><U74/><E40/><V134/><F134/><W109/><AGARI ba="0,1" hai="9,14,16,84,88,94,108,109,111,112,115" m="38953" machi="109" ten="40,5200,0" yaku="14,1,54,2" doraHai="104" who="3" fromWho="3" sc="250,-26,250,-13,240,-13,250,62" /><INIT seed="1,0,0,4,0,105" ten="224,237,227,312" oya="1" hai0="74,38,115,65,118,60,124,18,76,23,93,48,131" hai1="58,129,40,94,14,3,16,91,79,63,50,132,56" hai2="24,70,121,64,44,81,57,72,110,39,82,15,59" hai3="53,106,114,73,107,133,1,34,90,10,33,83,49"/><U119/><E119/><V135/><F121/><W35/><G114/><T111/><D118/><U80/><E3/><V19/><F110/><W113/><G113/><T116/><D131/><U30/><E30/><V29/><F70/><W92/><G133/><T4/><D116/><U61/><E129/><V86/><F135/><W22/><G1/><T26/><D115/><U11/><E132/><V62/><F72/><W5/><G22/><T12/><D111/><U75/><E40/><V100/><F100/><W20/><G20/><T25/><D124/><U108/><E108/><V67/><F44/><W97/><G10/><T101/><D38/><U69/><E69/><V55/><F39/><W88/><G5/><T41/><D4/><U68/><E68/><V89/><F81/><W47/><REACH who="3" step="1"/><G90/><REACH who="3" ten="224,237,227,302" step="2"/><T28/><D26/><U134/><E134/><V17/><F15/><W21/><G21/><T123/><D123/><U66/><E91/><V85/><F89/><W0/><G0/><T43/><D28/><U87/><E11/><V7/><F29/><W8/><G8/><T127/><D127/><U95/><E14/><V112/><F112/><W36/><G36/><T54/><D12/><U9/><E9/><V122/><F122/><W126/><G126/><T102/><D101/><U103/><E103/><V42/><F7/><W37/><G37/><T2/><D2/><U78/><E78/><AGARI ba="0,1" hai="33,34,35,47,49,53,73,78,83,88,92,97,106,107" machi="78" ten="40,5200,0" yaku="1,1,52,1,54,1,53,0" doraHai="105" doraHaiUra="13" who="3" fromWho="1" sc="224,0,237,-52,227,0,302,62" /><INIT seed="2,0,0,0,2,49" ten="224,185,227,364" oya="2" hai0="38,40,70,129,97,6,3,108,22,111,19,120,79" hai1="119,123,36,24,26,37,127,76,109,100,69,39,29" hai2="72,78,16,73,31,18,61,7,64,56,116,104,83" hai3="21,45,68,118,35,135,128,55,32,60,90,122,115"/><V89/><F116/><W121/><G118/><T34/><D70/><U57/><E100/><V11/><F104/><W8/><G115/><T9/><D79/><U53/><E76/><V48/><F31/><W23/><G128/><T27/><D40/><U67/><E119/><V62/><F89/><W95/><G135/><T71/><D38/><U51/><E109/><N who="0" m="42057" /><D71/><U17/><E127/><V125/><F72/><W41/><G23/><T52/><D120/><U28/><E123/><V59/><F48/><W91/><G91/><T65/><D65/><U96/><E96/><V132/><F125/><W77/><G77/><T10/><D97/><U107/><E107/><V2/><REACH who="2" step="1"/><F132/><REACH who="2" ten="224,185,217,364" step="2"/><W74/><G74/><T110/><D110/><U86/><E29/><V4/><F4/><W50/><G90/><T30/><D129/><U117/><E117/><V44/><F44/><W54/><G50/><T102/><D102/><U15/><E28/><V99/><F99/><W105/><G45/><T134/><D134/><U43/><E86/><V94/><F94/><W88/><G105/><T93/><D93/><U13/><E37/><V25/><F25/><W63/><G95/><T33/><D52/><AGARI ba="0,1" hai="2,7,11,16,18,52,56,59,61,62,64,73,78,83" machi="52" ten="30,18000,2" yaku="1,1,7,1,52,1,54,2,53,1" doraHai="49" doraHaiUra="0" who="2" fromWho="0" sc="224,-180,185,0,217,190,364,0" /><INIT seed="2,1,0,0,1,106" ten="44,185,407,364" oya="2" hai0="133,18,37,117,25,121,98,92,97,70,5,2,62" hai1="87,28,113,47,103,114,31,83,69,48,120,41,35" hai2="60,61,50,80,89,132,78,1,123,93,19,44,63" hai3="26,130,124,100,86,38,119,58,34,95,101,32,125"/><V33/><F123/><W13/><G38/><T15/><D121/><U104/><E69/><V11/><F132/><W10/><G119/><T56/><D133/><U55/><E120/><V66/><F33/><W110/><G110/><T12/><D117/><U73/><E103/><V14/><F1/><W17/><G130/><T94/><D37/><U105/><E41/><V81/><F66/><W68/><G68/><T75/><D70/><U82/><E82/><V3/><F3/><W99/><G100/><T102/><D2/><U115/><E73/><V127/><F127/><N who="3" m="48715" /><G26/><T30/><D5/><U39/><E39/><V96/><REACH who="2" step="1"/><F78/><REACH who="2" ten="44,185,397,364" step="2"/><W21/><G34/><T51/><D75/><U67/><E67/><V77/><F77/><W107/><G32/><T24/><D51/><U126/><E126/><V7/><F7/><W49/><G49/><T23/><D24/><U40/><E35/><V134/><F134/><W118/><G118/><T20/><D20/><U71/><E114/><V36/><F36/><W57/><G21/><T42/><D42/><AGARI ba="1,1" hai="11,14,19,42,44,50,60,61,63,80,81,89,93,96" machi="42" ten="40,7700,0" yaku="1,1,8,1,53,1" doraHai="106" doraHaiUra="6" who="2" fromWho="0" sc="44,-80,185,0,397,90,364,0" owari="-36,-54.0,185,-21.0,487,59.0,364,16.0" /></mjloggm>