<mjloggm ver="2.3"><GO type="97" lobby="0"/><UN n0="%E7%94%98%E7%B2%95%E3%81%A4%E3%81%B0%E3%82%81" n1="%E3%81%BD%E3%81%A3%E3%81%BD%EF%BC%94%EF%BD%98" n2="%E5%BC%B7%E6%AC%B2%E7%8B%82%E6%88%A6%E5%A3%AB" n3="%E3%82%A6%E3%83%AB%E3%83%88%E3%83%A9%E7%AB%8B%E7%9B%B4" dan="15,14,14,14" rate="2006.11,1866.80,1951.17,1967.69" sx="F,M,M,M"/><TAIKYOKU oya="0"/><INIT seed="0,0,0,2,5,76" ten="250,250,250,250" oya="0" hai0="96,130,86,124,85,0,58,106,38,29,6,12,93" hai1="67,15,25,44,80,105,127,107,88,72,129,83,1" hai2="2,128,52,73,10,57,56,31,133,101,74,116,53" hai3="43,3,82,109,92,90,121,27,37,103,120,75,66"/><T48/><D38/><U22/><E1/><V62/><F128/><W28/><G43/><T108/><D124/><U63/><E127/><V33/><F133/><W89/><G37/><T114/><D114/><U70/><E129/><V95/><F116/><W49/><G49/><T39/><D0/><U65/><E72/><V34/><F31/><W97/><G66/><T77/><D39/><U18/><E67/><V71/><F71/><W117/><G3/><T122/><D122/><N who="3" m="47209" /><G117/><T54/><D106/><U5/><E44/><V17/><F34/><W115/><G115/><T87/><D108/><U35/><E107/><V94/><F33/><W118/><G118/><T59/><D29/><U23/><E105/><V26/><F2/><W36/><G36/><T21/><D130/><U91/><E5/><V4/><F4/><W126/><G126/><T68/><D68/><U19/><REACH who="1" step="1"/><E35/><REACH who="1" ten="250,240,250,250" step="2"/><V51/><F74/><W135/><G135/><T98/><D6/><U69/><E69/><V125/><F73/><W55/><G109/><T40/><D58/><U102/><E102/><V32/><F101/><W112/><G112/><T132/><D132/><U113/><E113/><V7/><F125/><W119/><G119/><T100/><D40/><U111/><E111/><V9/><F32/><N who="3" m="20511" /><G55/><T104/><D54/><U45/><E45/><V99/><F53/><W64/><G64/><T50/><D59/><U79/><E79/><AGARI ba="0,1" hai="75,79,82,89,90,92,97,103" m="20511,47209" machi="79" ten="30,2000,0" yaku="13,1,52,1" doraHai="76" who="3" fromWho="1" sc="250,0,240,-20,250,0,250,30" /><INIT seed="1,0,0,2,0,112" ten="250,220,250,280" oya="1" hai0="45,37,80,55,86,28,13,82,106,62,90,93,99" hai1="12,53,88,114,9,52,74,116,132,4,124,70,79" hai2="34,103,57,100,71,50,95,78,27,122,130,21,123" hai3="105,36,96,109,108,16,1,92,44,26,42,10,73"/><U75/><E70/><V81/><F34/><W31/><G73/><T6/><D28/><U60/><E114/><V59/><F71/><W23/><G105/><T135/><D135/><U35/><E35/><V115/><F115/><W49/><G36/><T69/><D37/><U65/><E132/><V38/><F38/><W19/><G1/><T41/><D41/><U30/><E30/><V77/><F130/><W125/><G125/><T56/><D69/><U0/><E124/><V61/><F50/><W2/><G2/><T58/><D45/><U51/><E116/><V97/><F100/><W111/><G10/><N who="0" m="4311" /><D106/><U89/><E0/><V24/><F59/><W63/><G63/><N who="0" m="36255" /><D99/><U119/><E119/><V25/><F21/><W66/><G66/><AGARI ba="0,0" hai="58,62,66,80,82,86,90,93" m="36255,4311" machi="66" ten="30,1000,0" yaku="8,1" doraHai="112" who="0" fromWho="3" sc="250,10,220,0,250,0,280,-10" /><INIT seed="2,0,0,4,5,109" ten="260,220,250,270" oya="2" hai0="105,28,83,13,40,94,37,45,79,67,111,121,0" hai1="98,18,82,118,108,17,8,25,51,97,14,99,4" hai2="53,131,21,6,116,26,24,58,52,35,57,130,119" hai3="36,54,132,56,55,114,20,126,44,27,62,7,39"/><V10/><F35/><W72/><G72/><T134/><D111/><U125/><E118/><V1/><F24/><W12/><G12/><T19/><D121/><U69/><E69/><V41/><F41/><W47/><G7/><T9/><D105/><U22/><E108/><V64/><F64/><W95/><G95/><T100/><D134/><U117/><E117/><V107/><F107/><W46/><G20/><T60/><D28/><U101/><E125/><V77/><F77/><W23/><G23/><T75/><D100/><U38/><E38/><N who="3" m="14378" /><G27/><T16/><D94/><U102/><E82/><V11/><F11/><W65/><G126/><T3/><D19/><U76/><E76/><V106/><F106/><W123/><G123/><T50/><REACH who="0" step="1"/><D37/><REACH who="0" ten="250,220,250,270" step="2"/><U66/><E17/><N who="2" m="12591" /><F119/><W48/><G132/><T74/><D74/><U5/><E5/><V34/><F116/><W70/><G114/><T87/><D87/><U15/><E25/><V128/><F34/><W29/><G29/><T129/><D129/><U33/><E33/><V31/><F31/><W127/><G127/><T91/><D91/><U80/><E80/><V110/><F110/><W96/><G96/><T115/><D115/><U88/><E88/><V90/><F90/><W103/><G103/><N who="1" m="39434" /><E66/><V49/><F131/><W93/><G93/><T68/><AGARI ba="0,1" hai="0,3,9,13,16,40,45,50,60,67,68,75,79,83" machi="68" ten="20,5200,0" yaku="1,1,0,1,7,1,54,1,53,0" doraHai="109" doraHaiUra="113" who="0" fromWho="0" sc="250,62,220,-13,250,-26,270,-13" /><INIT seed="3,0,0,3,5,22" ten="312,207,224,257" oya="3" hai0="60,21,61,51,66,48,105,54,111,120,88,112,81" hai1="19,55,118,126,125,82,98,2,76,121,36,90,42" hai2="104,8,102,26,65,15,135,134,12,119,101,52,11" hai3="129,94,59,113,34,16,86,132,127,97,18,13,58"/><W93/><G34/><T80/><D105/><U130/><E2/><V3/><F119/><W70/><G70/><T39/><D120/><U116/><E121/><V107/><F3/><W23/><G127/><N who="1" m="48650" /><E130/><V87/><F87/><W117/><G132/><N who="2" m="50729" /><F65/><W131/><G117/><N who="1" m="45162" /><E36/><V68/><F68/><W56/><G113/><T44/><D60/><U75/><E42/><V72/><F72/><W50/><G50/><T53/><D111/><U71/><E71/><V95/><F95/><W114/><G114/><T123/><D39/><U115/><E115/><V78/><F78/><W7/><G7/><T122/><D112/><U99/><E55/><V91/><F91/><W67/><G67/><T25/><D88/><U103/><E90/><V27/><F52/><W24/><G86/><T85/><D85/><U96/><E19/><N who="2" m="8583" /><F107/><AGARI ba="0,0" hai="75,76,82,96,98,99,103,107" m="45162,48650" machi="107" ten="30,7700,0" yaku="18,1,12,1,34,2" doraHai="22" who="1" fromWho="2" sc="312,0,207,77,224,-77,257,0" owari="312,41.0,284,8.0,147,-35.0,257,-14.0" /></mjloggm>