<mjloggm ver="2.3"><GO type="169" lobby="0"/><UN n0="%E3%82%81%E3%82%8D%E3%82%93%E3%81%9D%E3%83%BC%E3%81%A0" n1="%4D%72%2E%E3%82%B3%E3%83%90%E3%83%81" n2="%E2%98%85%E9%9B%80%E9%AC%BC%E7%99%BE%E7%80%AC%E2%98%85" n3="%E3%82%A6%E3%83%AB%E3%83%88%E3%83%A9%E7%AB%8B%E7%9B%B4" dan="16,16,18,17" rate="2093.53,2034.55,2163.27,2172.03" sx="F,M,M,M"/><TAIKYOKU oya="0"/><INIT seed="0,0,0,1,5,133" ten="250,250,250,250" oya="0" hai0="57,98,66,101,130,76,51,58,86,107,125,43,115" hai1="70,26,4,28,81,30,127,14,68,23,48,124,9" hai2="61,79,41,100,113,38,65,18,112,108,90,54,8" hai3="82,44,114,45,62,103,31,55,33,75,135,111,67"/><T22/><D115/><U94/><E81/><V88/><F108/><W71/><G114/><T52/><D130/><U92/><E48/><V83/><F100/><W106/><G55/><T126/><D43/><U78/><E78/><V120/><F120/><W47/><G111/><T93/><D22/><U39/><E39/><V60/><F38/><W24/><G135/><T69/><D69/><U110/><E110/><V99/><F41/><W132/><G132/><T77/><D107/><U129/><E129/><V80/><F8/><W117/><G117/><T35/><D35/><U53/><E53/><V10/><F10/><W17/><G17/><T49/><D49/><U63/><E30/><V16/><F54/><W36/><G36/><T73/><D73/><U85/><E85/><V2/><F2/><W96/><G82/><T116/><D116/><U15/><E15/><V21/><F21/><W102/><G102/><T11/><D11/><U7/><E7/><V123/><F123/><W84/><G84/><T34/><D34/><U6/><E6/><V134/><F134/><W87/><G87/><T19/><D19/><U104/><E104/><V128/><F128/><W42/><G42/><T20/><D20/><U29/><E29/><V72/><F72/><AGARI ba="0,0" hai="24,31,33,44,45,47,62,67,71,72,75,96,103,106" machi="72" ten="40,2600,0" yaku="25,2" doraHai="133" who="3" fromWho="2" sc="250,0,250,0,250,-26,250,26" /><INIT seed="1,0,0,3,4,36" ten="250,250,224,276" oya="1" hai0="68,101,95,58,77,44,14,90,51,81,121,11,64" hai1="42,89,118,130,26,62,5,52,63,78,12,66,70" hai2="115,9,0,16,117,106,100,123,10,22,74,55,49" hai3="99,2,103,19,79,135,46,50,47,107,13,114,91"/><U131/><E118/><V7/><F117/><W35/><G35/><T76/><D68/><U37/><E78/><V27/><F74/><W60/><G2/><T98/><D121/><U23/><E89/><V73/><F73/><W38/><G79/><T96/><D58/><N who="1" m="35143" /><E5/><V86/><F123/><W41/><G135/><T109/><D64/><U110/><E12/><V120/><F120/><W108/><G108/><T93/><D81/><U39/><E110/><V75/><F75/><W48/><G114/><T53/><REACH who="0" step="1"/><D109/><REACH who="0" ten="240,250,224,276" step="2"/><U4/><E70/><V57/><F115/><W71/><G71/><T85/><D85/><U82/><E82/><V29/><F86/><W104/><G60/><T59/><D59/><U28/><E66/><V56/><F56/><W18/><G47/><T113/><D113/><U21/><E63/><V127/><F127/><W105/><G46/><T15/><D15/><U32/><E130/><V132/><F132/><W67/><G13/><T92/><D92/><U94/><E94/><V80/><F80/><W129/><G67/><T33/><D33/><U119/><E131/><V72/><F72/><W116/><G129/><T65/><D65/><U3/><E119/><V34/><F0/><W126/><G126/><T134/><D134/><U111/><E111/><V54/><F34/><W24/><G116/><T61/><D61/><U125/><E125/><V1/><F1/><W31/><G105/><T97/><D97/><U45/><E37/><V122/><F122/><W133/><G104/><T6/><AGARI ba="0,1" hai="6,11,14,44,51,53,76,77,90,93,95,96,98,101" machi="6" ten="20,5200,0" yaku="1,1,0,1,7,1,8,1,53,0" doraHai="36" doraHaiUra="30" who="0" fromWho="0" sc="240,62,250,-26,224,-13,276,-13" /><INIT seed="2,0,0,1,4,84" ten="302,224,211,263" oya="2" hai0="14,94,38,45,90,4,30,85,131,32,3,100,51" hai1="50,99,82,0,120,89,119,114,56,97,6,117,26" hai2="87,125,104,37,8,15,79,27,57,40,112,96,61" hai3="1,103,76,17,49,55,19,24,83,47,67,33,39"/><V46/><F112/><W68/><G1/><T129/><D3/><U132/><E114/><V108/><F125/><W115/><G115/><T95/><D38/><U98/><E132/><V70/><F70/><W34/><G103/><T5/><D30/><U134/><E134/><V91/><F79/><W16/><G39/><T78/><D32/><U28/><E120/><V52/><F27/><W2/><G2/><T118/><D78/><U86/><E6/><V74/><F74/><W41/><G55/><N who="0" m="30191" /><D14/><U102/><E0/><V101/><F108/><W9/><G9/><T69/><D69/><U60/><E50/><V116/><F116/><W11/><G11/><T42/><D42/><U135/><E102/><V43/><F43/><W121/><G121/><T124/><D124/><U106/><E106/><V122/><F122/><W7/><G7/><T123/><D118/><U81/><E81/><V23/><F23/><W58/><G58/><T53/><D53/><U77/><E77/><V71/><F71/><W73/><REACH who="3" step="1"/><G24/><REACH who="3" ten="302,224,211,253" step="2"/><T107/><D123/><U75/><E135/><V12/><REACH who="2" step="1"/><F8/><REACH who="2" ten="302,224,201,253" step="2"/><W126/><G126/><T44/><D129/><U63/><E119/><V31/><F31/><W64/><G64/><T72/><D131/><U62/><E117/><V80/><AGARI ba="0,2" hai="12,15,37,40,46,52,57,61,80,87,91,96,101,104" machi="80" ten="20,12000,1" yaku="1,1,0,1,7,1,52,1,54,1,53,0" doraHai="84" doraHaiUra="18" who="2" fromWho="2" sc="302,-40,224,-40,201,140,253,-40" /><INIT seed="2,1,0,1,3,62" ten="262,184,341,213" oya="2" hai0="58,84,70,108,40,91,19,88,8,15,9,31,123" hai1="89,95,78,3,48,26,52,128,12,100,64,117,96" hai2="39,105,74,13,22,60,129,85,132,110,73,53,6" hai3="107,32,135,4,81,46,104,125,57,14,43,116,124"/><V18/><F39/><W28/><G116/><T1/><D70/><U5/><E117/><V55/><F105/><W93/><G28/><T65/><D123/><U92/><E128/><V99/><F129/><W79/><G32/><T122/><D122/><U77/><E3/><V56/><F99/><W11/><G135/><T69/><D69/><U97/><E26/><V131/><F131/><W66/><G93/><T20/><D108/><U120/><E120/><V59/><F132/><W118/><G118/><T94/><D1/><U103/><E89/><V101/><F101/><W0/><G0/><T44/><D31/><U109/><E109/><V87/><F110/><W29/><G29/><T134/><D134/><U115/><E115/><V106/><F106/><W25/><G25/><T37/><REACH who="0" step="1"/><D91/><REACH who="0" ten="252,184,341,213" step="2"/><U67/><E77/><V76/><F76/><W42/><G124/><T68/><D68/><U54/><E78/><V72/><F72/><W75/><G125/><T2/><D2/><U102/><E102/><V27/><F73/><W82/><G79/><T33/><D33/><U10/><E54/><V24/><F74/><W71/><G75/><T80/><D80/><U21/><E21/><V126/><F126/><W86/><G81/><T133/><D133/><U127/><E127/><V41/><F41/><W63/><G43/><T111/><D111/><U98/><E98/><V38/><F55/><W83/><G83/><T130/><D130/><U90/><E90/><V114/><F22/><W47/><G82/><T119/><D119/><U61/><E61/><AGARI ba="1,1" hai="8,9,15,19,20,37,40,44,58,61,65,84,88,94" machi="61" ten="40,8000,1" yaku="1,1,52,1,54,1,53,1" doraHai="62" doraHaiUra="36" who="0" fromWho="1" sc="252,93,184,-83,341,0,213,0" /><INIT seed="3,0,0,0,3,65" ten="345,101,341,213" oya="3" hai0="62,119,84,58,81,6,125,117,75,89,50,110,134" hai1="3,78,99,15,60,87,96,124,95,36,5,108,126" hai2="92,106,25,83,64,45,111,38,35,28,127,54,4" hai3="71,91,57,63,21,37,61,100,7,20,2,123,120"/><W116/><G37/><T33/><D33/><U80/><E36/><V90/><F106/><W16/><G116/><T12/><D75/><U128/><E3/><V85/><F127/><N who="1" m="48681" /><E108/><V0/><F111/><W31/><G100/><T44/><D110/><U101/><E128/><V105/><F105/><W103/><G103/><T77/><D134/><U48/><E48/><V17/><F0/><W107/><G107/><T43/><D89/><U69/><E96/><V67/><F4/><W132/><G132/><T56/><D125/><U29/><E29/><V130/><F130/><W88/><G7/><T94/><D94/><U129/><E129/><V109/><F109/><W68/><G2/><T34/><D34/><U32/><E32/><V133/><F133/><W74/><G31/><T113/><D113/><U30/><E30/><V114/><F114/><W66/><G74/><T11/><REACH who="0" step="1"/><D58/><REACH who="0" ten="335,101,341,213" step="2"/><U82/><E78/><V8/><F92/><W40/><G57/><T24/><D24/><U86/><E80/><V14/><F38/><W97/><G97/><T118/><D118/><U52/><E82/><V47/><F45/><W27/><G27/><T22/><D22/><U1/><E87/><V93/><F93/><W112/><G112/><T53/><AGARI ba="0,1" hai="6,11,12,43,44,50,53,56,62,77,81,84,117,119" machi="53" ten="20,12000,2" yaku="1,1,0,1,7,1,25,2,53,1" doraHai="65" doraHaiUra="9" who="0" fromWho="0" sc="335,130,101,-30,341,-30,213,-60" /><INIT seed="4,0,0,1,2,103" ten="465,71,311,153" oya="0" hai0="1,4,45,58,134,6,124,64,41,91,122,97,50" hai1="86,51,90,40,117,61,132,106,99,17,42,7,94" hai2="54,88,130,16,105,111,66,36,15,89,107,102,93" hai3="23,60,119,24,28,128,69,59,135,109,38,115,70"/><T2/><D122/><U32/><E117/><V116/><F36/><W47/><G119/><T110/><D134/><U25/><E132/><V43/><F116/><W62/><G109/><T125/><D110/><U29/><E7/><N who="0" m="2601" /><D91/><U82/><E51/><V35/><F43/><W68/><G135/><T52/><D64/><U8/><E61/><V0/><F35/><W26/><G115/><T74/><D97/><U20/><E8/><V34/><F34/><W55/><G128/><T112/><D74/><U118/><E118/><V56/><F0/><W113/><G113/><T31/><D31/><U87/><E87/><V44/><F111/><W104/><G104/><T120/><D120/><U19/><E106/><V129/><F102/><W100/><G100/><T73/><D73/><U18/><REACH who="1" step="1"/><E32/><REACH who="1" ten="465,61,311,153" step="2"/><V78/><F105/><W98/><G62/><N who="0" m="36167" /><D112/><U21/><E21/><V67/><F107/><W85/><G85/><T39/><D50/><U79/><AGARI ba="0,1" hai="17,18,19,20,25,29,40,42,79,82,86,90,94,99" machi="79" ten="30,7900,0" yaku="1,1,0,1,8,1,53,1" doraHai="103" doraHaiUra="81" who="1" fromWho="1" sc="465,-39,61,89,311,-20,153,-20" /><INIT seed="5,0,0,5,1,104" ten="426,150,291,133" oya="1" hai0="130,71,44,48,83,128,129,41,57,125,65,80,73" hai1="27,122,67,50,120,118,109,39,110,36,79,32,13" hai2="85,55,53,135,33,23,95,18,15,101,70,100,51" hai3="107,89,77,9,22,87,40,86,96,7,3,119,72"/><U114/><E79/><V4/><F33/><W54/><G119/><T82/><D125/><U34/><E118/><V99/><F70/><W1/><G1/><T30/><D30/><U93/><E114/><V98/><F135/><W16/><G40/><T92/><D92/><U24/><E67/><V88/><F4/><W117/><G117/><T49/><D71/><U123/><E93/><V102/><F55/><W121/><G121/><T46/><D57/><AGARI ba="0,0" hai="15,18,23,51,53,57,85,88,95,98,99,100,101,102" machi="57" ten="40,8000,1" yaku="25,2,8,1,54,1" doraHai="104" who="2" fromWho="0" sc="426,-80,150,0,291,80,133,0" /><INIT seed="6,0,0,1,0,108" ten="346,150,371,133" oya="2" hai0="91,117,73,44,128,122,75,94,25,99,22,123,55" hai1="38,86,8,90,30,52,16,58,64,47,119,50,83" hai2="118,88,60,4,3,11,74,37,9,77,51,15,120" hai3="63,96,0,29,126,41,32,130,85,112,80,68,81"/><V6/><F120/><W97/><G0/><T100/><D128/><U36/><E119/><V46/><F118/><W132/><G41/><T67/><D117/><U23/><E30/><V115/><F115/><W12/><G12/><T131/><D131/><U125/><E125/><V84/><F37/><W114/><G130/><T61/><D75/><U72/><E72/><V65/><F74/><W39/><G39/><T27/><D73/><U98/><E98/><V76/><F60/><W59/><G68/><T107/><D44/><U110/><E110/><V5/><F65/><N who="3" m="39167" /><G81/><T54/><D54/><U124/><E124/><V43/><REACH who="2" step="1"/><F5/><REACH who="2" ten="346,150,361,133" step="2"/><W17/><G126/><T57/><D67/><U18/><E64/><V70/><F70/><W33/><G132/><T87/><REACH who="0" step="1"/><D27/><REACH who="0" ten="336,150,361,133" step="2"/><N who="1" m="14823" /><E36/><V24/><F24/><N who="3" m="18471" /><G33/><T7/><D7/><U78/><E38/><V93/><AGARI ba="0,2" hai="3,4,6,9,11,15,43,46,51,76,77,84,88,93" machi="93" ten="20,7800,0" yaku="1,1,0,1,7,1,54,1,53,0" doraHai="108" doraHaiUra="127" who="2" fromWho="2" sc="336,-26,150,-26,361,98,133,-26" /><INIT seed="6,1,0,5,2,129" ten="310,124,459,107" oya="2" hai0="117,1,44,0,84,2,78,95,43,17,135,82,53" hai1="61,85,48,69,70,96,27,97,58,65,6,15,104" hai2="57,4,12,99,26,50,52,102,83,9,35,113,75" hai3="36,116,93,71,22,13,114,81,108,68,23,89,119"/><V115/><F75/><W128/><G108/><T32/><D32/><U24/><E104/><V76/><F76/><W132/><G36/><T3/><D117/><U8/><E70/><V112/><F83/><W34/><G34/><T80/><D0/><U111/><E111/><V38/><F38/><W42/><G42/><T106/><D106/><U73/><E73/><V87/><F87/><W88/><G128/><T47/><D95/><U79/><E69/><V40/><F40/><W77/><G114/><T14/><D80/><N who="1" m="47263" /><E48/><V51/><F35/><W74/><G71/><T63/><D63/><U59/><E59/><V86/><F86/><W122/><G68/><T62/><D62/><U20/><E27/><V54/><F26/><W67/><G67/><T7/><D53/><N who="2" m="20586" /><F57/><W110/><G110/><T55/><D55/><U120/><E120/><V91/><F91/><W60/><G122/><T66/><D66/><U130/><E130/><V118/><F118/><W37/><G37/><T92/><D43/><U30/><AGARI ba="1,0" hai="6,8,15,20,24,30,58,61,65,96,97" m="47263" machi="30" ten="30,1100,0" yaku="8,1" doraHai="129" who="1" fromWho="1" sc="310,-4,124,14,459,-6,107,-4" /><INIT seed="7,0,0,3,1,117" ten="306,138,453,103" oya="3" hai0="89,98,103,106,19,1,3,110,46,41,38,24,39" hai1="5,9,101,40,126,47,4,65,104,42,31,2,133" hai2="8,58,83,71,70,111,27,67,33,108,134,7,37" hai3="109,114,105,12,95,129,51,22,127,63,45,6,25"/><W82/><G105/><T125/><D39/><U11/><E126/><V35/><F37/><W26/><G127/><T107/><D107/><U92/><E133/><V64/><F83/><W66/><G129/><T128/><D110/><U48/><E31/><V73/><F8/><W81/><G114/><T68/><D68/><U79/><E104/><V14/><F14/><W94/><G109/><T77/><D77/><U32/><E32/><V88/><F27/><N who="3" m="10251" /><G63/><T20/><D128/><U53/><E65/><V132/><F73/><W59/><G59/><T29/><D125/><U13/><E79/><V72/><F72/><W124/><G66/><T21/><D89/><U75/><E75/><V56/><F88/><W36/><G36/><T76/><D76/><U130/><E130/><V43/><F43/><W121/><G121/><T78/><D78/><U118/><E118/><V62/><F62/><W34/><G34/><T80/><D80/><N who="3" m="30825" /><G124/><T60/><D60/><U90/><E101/><V57/><F57/><W91/><G91/><T0/><D0/><U55/><E40/><V61/><F61/><W116/><G116/><T93/><D106/><U52/><E42/><V84/><F84/><AGARI ba="0,0" hai="2,4,5,9,11,13,47,48,52,53,55,84,90,92" machi="84" ten="30,2000,0" yaku="7,1,54,1" doraHai="117" who="1" fromWho="2" sc="306,0,138,20,453,-20,103,0" owari="306,11.0,158,-24.0,433,53.0,103,-40.0" /></mjloggm>