<mjloggm ver="2.3"><GO type="169" lobby="0"/><UN n0="%64%6F%6E%63%68%61%6E%33" n1="%E7%BD%AE%E5%82%98" n2="%E3%82%A6%E3%83%AB%E3%83%88%E3%83%A9%E7%AB%8B%E7%9B%B4" n3="%E3%82%AB%E3%83%A9%E3%82%B9%E3%81%AE%E5%AD%90" dan="17,16,17,16" rate="2176.62,2216.63,2141.15,2114.18" sx="M,M,M,M"/><TAIKYOKU oya="0"/><INIT seed="0,0,0,0,4,0" ten="250,250,250,250" oya="0" hai0="125,95,128,126,28,116,93,8,9,30,94,129,122" hai1="89,123,60,121,55,135,73,119,87,96,13,78,83" hai2="54,36,65,68,33,6,7,61,42,71,44,131,72" hai3="106,120,79,70,97,132,47,102,38,92,35,20,14"/><T86/><D116/><U12/><E119/><V115/><F33/><W118/><G35/><T50/><D122/><U27/><E135/><V84/><F72/><W25/><G118/><T112/><D112/><U85/><E27/><V48/><F115/><W22/><G132/><T21/><D86/><U41/><E41/><V90/><F71/><W130/><G120/><T2/><D50/><U74/><E96/><V11/><F11/><N who="0" m="4170" /><D2/><U98/><E98/><V45/><REACH who="2" step="1"/><F131/><REACH who="2" ten="250,250,240,250" step="2"/><N who="0" m="50250" /><D21/><U100/><E74/><V40/><F40/><W10/><G22/><T114/><D114/><U56/><E73/><V109/><F109/><W133/><G20/><T77/><D77/><U82/><E123/><V17/><F17/><W16/><G79/><T134/><D134/><U88/><E121/><V26/><F26/><W43/><G133/><T81/><D81/><AGARI ba="0,1" hai="6,7,36,42,44,45,48,54,61,65,68,81,84,90" machi="81" ten="30,7700,0" yaku="1,1,7,1,52,2,53,0" doraHai="0" doraHaiUra="105" who="2" fromWho="0" sc="250,-77,250,0,240,87,250,0" /><INIT seed="1,0,0,2,2,9" ten="173,250,327,250" oya="1" hai0="35,91,69,23,76,85,6,7,101,88,70,42,120" hai1="106,5,99,27,18,0,115,92,125,132,79,47,4" hai2="45,131,116,49,2,111,3,38,109,90,21,20,54" hai3="118,98,57,58,81,74,46,31,126,78,105,123,37"/><U50/><E106/><V12/><F38/><W75/><G123/><T95/><D35/><U71/><E71/><V113/><F116/><W63/><G118/><T43/><D76/><U89/><E115/><V33/><F33/><W100/><G126/><T19/><D101/><U34/><E0/><V68/><F68/><W40/><G75/><T11/><D69/><U66/><E66/><V17/><F131/><W114/><G114/><T32/><D32/><U122/><E122/><V128/><F128/><W96/><G31/><T130/><D70/><U16/><E132/><V64/><F64/><W10/><G96/><N who="0" m="57447" /><D130/><U65/><E65/><V30/><F90/><W80/><G80/><N who="0" m="49575" /><D120/><U73/><E125/><V41/><F113/><W112/><G63/><T127/><D127/><U86/><E73/><V25/><F41/><N who="0" m="15370" /><D11/><U104/><E34/><V53/><F53/><W14/><G112/><T97/><D97/><U26/><E104/><V44/><F44/><W52/><REACH who="3" step="1"/><G52/><REACH who="3" ten="173,250,327,240" step="2"/><T117/><D117/><U67/><E67/><V28/><F28/><W87/><G87/><T110/><D110/><AGARI ba="0,1" hai="2,3,12,17,20,21,25,30,45,49,54,109,110,111" machi="110" ten="40,2600,0" yaku="14,1,52,1" doraHai="9" who="2" fromWho="0" sc="173,-26,250,0,327,36,240,0" /><INIT seed="2,0,0,1,3,37" ten="147,250,363,240" oya="2" hai0="7,57,100,119,1,42,104,63,36,113,126,93,65" hai1="56,30,3,27,80,117,135,66,130,20,38,87,91" hai2="45,110,16,50,82,9,8,89,68,53,125,48,124" hai3="40,95,75,25,64,21,108,33,13,122,133,18,118"/><V73/><F68/><W76/><G122/><T67/><D113/><U23/><E3/><V81/><F110/><W2/><G118/><T22/><D104/><U55/><E117/><V74/><F50/><W84/><G108/><T35/><D35/><U69/><E135/><V77/><F9/><W111/><G111/><T11/><D119/><U26/><E38/><V115/><F115/><W19/><G133/><T127/><D67/><U52/><E69/><V34/><F34/><W15/><G2/><T47/><REACH who="0" step="1"/><D22/><REACH who="0" ten="137,250,363,240" step="2"/><U92/><E130/><V120/><F120/><W85/><G64/><T17/><D17/><U88/><E66/><V128/><F128/><W97/><G33/><T70/><D70/><U112/><E112/><V98/><F16/><W99/><G19/><T114/><D114/><U103/><E56/><V39/><F124/><W107/><G107/><T54/><D54/><U96/><E103/><V129/><F53/><W134/><G18/><AGARI ba="0,1" hai="18,20,23,26,27,30,52,55,80,87,88,91,92,96" machi="18" ten="30,7700,0" yaku="7,1,8,1,54,2" doraHai="37" who="1" fromWho="3" sc="137,0,250,87,363,0,240,-77" /><INIT seed="3,0,0,1,4,87" ten="137,337,363,163" oya="3" hai0="26,62,110,93,32,120,85,59,56,99,77,16,33" hai1="132,30,54,84,64,53,37,126,44,76,106,29,100" hai2="0,124,12,45,128,36,52,38,97,3,55,8,34" hai3="98,69,90,61,105,11,96,58,112,122,108,47,116"/><W101/><G122/><T17/><D120/><U125/><E64/><V4/><F34/><W114/><G116/><T28/><D110/><U51/><E37/><V23/><F3/><W50/><G69/><T43/><D32/><U129/><E129/><V81/><F128/><W75/><G75/><T20/><D43/><U35/><E132/><V82/><F82/><W2/><G108/><T83/><D33/><U86/><E35/><V74/><F38/><W91/><G2/><T134/><D134/><U13/><E13/><V31/><F97/><W68/><G68/><T42/><D42/><U70/><E70/><V48/><F48/><W57/><G11/><T60/><D59/><U119/><E119/><V104/><F104/><W88/><G98/><T63/><REACH who="0" step="1"/><D56/><REACH who="0" ten="127,337,363,163" step="2"/><U115/><E126/><V22/><F124/><W49/><G58/><T27/><D27/><U135/><E125/><V133/><F133/><W73/><G73/><T117/><D117/><U24/><E135/><V9/><F74/><W78/><G78/><T121/><D121/><U113/><E76/><V39/><F39/><W130/><G130/><T92/><D92/><U67/><E24/><V10/><F36/><W25/><G25/><T79/><D79/><U1/><E67/><V6/><F55/><W89/><G50/><T40/><D40/><U109/><E51/><V14/><F52/><W127/><G127/><T103/><AGARI ba="0,1" hai="16,17,20,26,28,60,62,63,77,83,85,93,99,103" machi="103" ten="30,7900,0" yaku="1,1,0,1,8,1,54,1,53,0" doraHai="87" doraHaiUra="102" who="0" fromWho="0" sc="127,89,337,-20,363,-20,163,-39" /><INIT seed="4,0,0,2,4,2" ten="216,317,343,124" oya="0" hai0="76,43,86,25,104,28,93,77,34,26,111,59,33" hai1="67,108,107,55,21,83,85,125,106,75,65,124,61" hai2="63,118,17,10,24,110,39,1,45,119,82,122,47" hai3="16,97,31,71,70,53,134,89,129,36,40,51,94"/><T72/><D104/><N who="1" m="39979" /><E75/><V57/><F110/><W60/><G134/><T99/><D111/><U96/><E96/><V23/><F122/><W49/><G129/><T29/><D72/><U66/><E21/><V68/><F68/><W109/><G109/><T121/><D121/><U115/><E115/><V64/><F39/><W30/><G36/><T48/><D86/><U12/><E12/><V15/><F82/><W5/><G71/><T7/><D7/><U35/><E35/><V58/><F58/><N who="3" m="34895" /><G70/><T92/><D92/><U95/><E95/><V69/><F69/><W128/><G128/><T98/><D98/><U38/><E38/><V87/><F87/><W22/><G40/><T41/><D41/><U113/><E113/><V91/><F91/><W3/><G3/><T80/><D80/><U27/><E27/><V9/><F9/><W90/><G89/><T56/><D56/><N who="1" m="34975" /><E108/><V126/><F1/><W81/><G81/><T50/><D59/><U120/><E120/><V0/><F0/><W114/><G114/><T116/><D116/><U44/><E44/><V18/><F47/><W105/><G5/><T102/><REACH who="0" step="1"/><D43/><REACH who="0" ten="206,317,343,124" step="2"/><U135/><E135/><V74/><F74/><W19/><G105/><T32/><D32/><U20/><E83/><V84/><F118/><W54/><G94/><T4/><D4/><U130/><E130/><V46/><F119/><W13/><G97/><T8/><D8/><U37/><E85/><V88/><F126/><N who="1" m="48745" /><E37/><V127/><F127/><W62/><G22/><T79/><AGARI ba="0,1" hai="25,26,28,29,33,34,48,50,76,77,79,93,99,102" machi="79" ten="30,6000,0" yaku="1,1,0,1,9,1,53,0" doraHai="2" doraHaiUra="101" who="0" fromWho="0" sc="206,70,317,-20,343,-20,124,-20" /><INIT seed="4,1,0,5,1,0" ten="276,297,323,104" oya="0" hai0="94,73,79,85,49,2,89,120,109,99,128,69,122" hai1="20,16,6,101,105,19,134,46,107,40,8,53,43" hai2="76,28,84,55,98,12,124,42,102,34,18,91,78" hai3="135,106,68,11,45,4,129,57,74,21,123,26,90"/><T119/><D69/><U5/><E134/><V77/><F124/><W22/><G135/><T13/><D2/><U87/><E101/><V132/><F132/><W35/><G68/><T50/><D119/><U51/><E107/><V41/><F28/><W33/><G129/><T118/><D118/><U67/><E105/><V95/><F55/><W97/><G123/><T61/><D61/><U80/><E67/><V93/><REACH who="2" step="1"/><F34/><REACH who="2" ten="276,297,313,104" step="2"/><W112/><G35/><T65/><D128/><U63/><E43/><V115/><F115/><W52/><G33/><T130/><D122/><U39/><E40/><V100/><F100/><W14/><G112/><T81/><D130/><U36/><E36/><V75/><F75/><W54/><G74/><T86/><D120/><U32/><E39/><V121/><F121/><W125/><G125/><T9/><D65/><U126/><E32/><V92/><F92/><N who="3" m="56471" /><G106/><T104/><D109/><U111/><E126/><V62/><F62/><N who="3" m="36135" /><G26/><T116/><D116/><U133/><E133/><V64/><F64/><W103/><G103/><T17/><D73/><U7/><E111/><V113/><F113/><W31/><G31/><T127/><D127/><U10/><E63/><V117/><F117/><W83/><G83/><N who="0" m="47359" /><D104/><U3/><E3/><V30/><F30/><W108/><G108/><T47/><D47/><U1/><E1/><V25/><F25/><W82/><G82/><T58/><D58/><U88/><E19/><V114/><F114/><W37/><G37/><T70/><D70/><U59/><E46/><V38/><F38/><W131/><G131/><T23/><D81/><RYUUKYOKU ba="1,1" sc="276,-30,297,10,313,10,104,10" hai1="5,6,7,8,10,16,20,51,53,59,80,87,88" hai2="12,18,41,42,76,77,78,84,91,93,95,98,102" hai3="4,11,14,21,22,45,54" /><INIT seed="5,2,1,2,3,68" ten="246,307,323,114" oya="1" hai0="131,60,36,97,102,95,30,69,129,70,99,12,41" hai1="1,35,82,61,121,90,50,0,42,128,67,75,72" hai2="16,31,85,107,45,65,34,114,7,18,3,83,116" hai3="119,88,23,27,52,100,94,44,80,26,62,109,39"/><U64/><E35/><V124/><F107/><W86/><G109/><T33/><D12/><U8/><E121/><V55/><F116/><W74/><G119/><T24/><D99/><U47/><E128/><N who="0" m="49225" /><D60/><U57/><E67/><V22/><F7/><W87/><G74/><T20/><D20/><U127/><E127/><V59/><F3/><W32/><G32/><T123/><D123/><U117/><E117/><V110/><F34/><W103/><G27/><T49/><D49/><U73/><REACH who="1" step="1"/><E8/><REACH who="1" ten="246,297,323,114" step="2"/><V17/><F124/><W133/><G133/><T122/><D122/><U77/><E77/><V66/><F66/><W9/><G9/><T135/><D135/><U91/><E91/><V93/><F65/><W78/><G103/><T21/><D33/><U11/><E11/><V25/><F110/><W63/><G100/><T108/><D108/><U28/><E28/><V81/><F114/><W6/><G6/><T106/><D30/><U56/><E56/><V130/><F130/><W14/><G78/><T5/><D5/><U89/><E89/><N who="2" m="53423" /><F59/><W113/><G113/><T84/><D70/><U51/><E51/><AGARI ba="2,2" hai="16,17,18,22,25,31,45,51,55,81,83" m="53423" machi="51" ten="30,2000,0" yaku="8,1,54,1" doraHai="68" who="2" fromWho="1" sc="246,0,297,-26,323,46,114,0" /><INIT seed="6,0,0,4,5,109" ten="246,271,369,114" oya="2" hai0="133,126,61,123,112,116,41,6,87,96,125,30,52" hai1="43,78,32,62,81,135,71,18,72,129,67,108,90" hai2="111,55,80,37,82,132,94,13,58,130,110,45,102" hai3="89,76,127,51,29,104,48,101,68,74,63,75,56"/><V12/><F130/><W28/><G127/><T117/><D123/><U93/><E32/><V122/><F132/><W100/><G68/><T106/><D133/><U23/><E108/><V8/><F122/><W11/><G104/><T35/><D41/><U10/><E135/><V44/><F94/><W4/><G76/><T33/><D6/><U134/><E134/><V121/><F102/><W73/><G89/><T114/><D87/><U39/><E129/><V107/><F107/><W2/><G100/><N who="0" m="62727" /><D61/><U128/><E10/><V27/><F8/><W83/><G101/><T17/><D52/><U57/><E128/><V15/><F121/><W1/><G83/><T64/><D64/><U14/><E43/><V66/><F82/><W20/><G1/><T16/><D33/><U59/><E39/><V24/><F80/><W113/><G113/><N who="0" m="43627" /><D30/><U19/><E18/><N who="0" m="7273" /><D35/><U47/><E47/><V31/><F45/><W9/><G29/><T79/><D79/><U98/><AGARI ba="0,0" hai="14,19,23,57,59,62,67,71,72,78,81,90,93,98" machi="98" ten="20,1500,0" yaku="0,1,7,1" doraHai="109" who="1" fromWho="1" sc="246,-4,271,15,369,-7,114,-4" /><INIT seed="7,0,0,0,2,79" ten="242,286,362,110" oya="3" hai0="17,89,31,112,3,4,75,124,128,52,22,44,84" hai1="49,16,103,132,96,94,65,135,115,116,76,50,105" hai2="71,19,127,123,43,61,86,121,12,120,88,62,82" hai3="110,95,54,0,68,90,34,78,26,27,58,131,93"/><W55/><G0/><T20/><D75/><U25/><E116/><V18/><F127/><W108/><G68/><T56/><D124/><U98/><E65/><N who="2" m="41391" /><F43/><W59/><G78/><T69/><D112/><U85/><E115/><V92/><F12/><W35/><REACH who="3" step="1"/><G90/><REACH who="3" ten="242,286,362,100" step="2"/><T109/><D69/><U100/><E76/><V53/><F88/><W15/><G15/><T83/><D128/><AGARI ba="0,1" hai="26,27,34,35,54,55,58,59,93,95,108,110,128,131" machi="128" ten="25,4800,0" yaku="1,1,22,2,53,0" doraHai="79" doraHaiUra="113" who="3" fromWho="0" sc="242,-48,286,0,362,0,100,58" /><INIT seed="7,1,0,5,1,113" ten="194,286,362,158" oya="3" hai0="69,45,123,57,38,119,112,93,3,22,73,31,96" hai1="84,71,120,127,12,101,43,110,40,0,15,100,25" hai2="56,80,81,125,129,62,44,104,14,121,26,70,131" hai3="91,134,72,42,20,16,118,24,108,117,86,60,76"/><W33/><G33/><T63/><D3/><U5/><E71/><V51/><F70/><W29/><G134/><T107/><D119/><U115/><E120/><V9/><F104/><W126/><G126/><T111/><D111/><U7/><E0/><V27/><F121/><W77/><G108/><T124/><D123/><U54/><E110/><V32/><F81/><W135/><G135/><T74/><D107/><U2/><E2/><V66/><F80/><W65/><G42/><N who="0" m="22743" /><D69/><U97/><E115/><V78/><F78/><W79/><G72/><T116/><D116/><U102/><E97/><V21/><F125/><W53/><G53/><T122/><D122/><U132/><E132/><V1/><F1/><W64/><G29/><T94/><D94/><U75/><E75/><V6/><F32/><W34/><G34/><T18/><D124/><U106/><E106/><V36/><F36/><W41/><G41/><T99/><D99/><U68/><E68/><V89/><F129/><W92/><REACH who="3" step="1"/><G65/><REACH who="3" ten="194,286,362,148" step="2"/><N who="0" m="39151" /><D112/><U11/><E43/><V52/><F131/><W83/><G83/><T10/><D73/><U8/><E40/><V105/><F66/><W48/><G48/><T19/><D74/><U90/><E127/><V55/><F51/><W4/><G4/><T59/><D31/><U50/><E50/><V109/><F55/><W37/><G37/><T58/><D18/><U28/><E54/><V17/><F52/><W128/><G128/><T87/><D19/><U133/><E133/><V95/><F17/><W67/><G67/><T85/><D59/><AGARI ba="1,1" hai="16,20,24,59,60,64,76,77,79,86,91,92,117,118" machi="59" ten="40,12000,1" yaku="1,1,52,2,54,1,53,0" doraHai="113" doraHaiUra="35" who="3" fromWho="0" sc="194,-123,286,0,362,0,148,133" /><INIT seed="7,2,0,3,2,108" ten="71,286,362,281" oya="3" hai0="127,53,103,111,2,130,19,33,72,87,27,116,120" hai1="135,61,93,118,47,89,70,69,90,13,74,22,34" hai2="95,117,99,80,125,94,50,4,92,98,124,0,85" hai3="63,77,31,78,101,82,10,39,68,107,123,30,20"/><W26/><G123/><T109/><D53/><U48/><E34/><V132/><F117/><W86/><G39/><T62/><D62/><U17/><E74/><V3/><F4/><W91/><G31/><T46/><D46/><U36/><E36/><V41/><F132/><W67/><REACH who="3" step="1"/><G10/><REACH who="3" ten="71,286,362,271" step="2"/><T129/><D87/><U133/><E118/><V43/><F99/><AGARI ba="2,1" hai="20,26,30,63,67,68,77,78,82,86,91,99,101,107" machi="99" ten="40,3900,0" yaku="1,1,2,1,53,0" doraHai="108" doraHaiUra="88" who="3" fromWho="2" sc="71,0,286,0,362,-45,271,55" owari="71,-43.0,286,-11.0,317,12.0,326,42.0" /></mjloggm>