<mjloggm ver="2.3"><GO type="97" lobby="0"/><UN n0="%E3%81%BB%E3%82%8A%E3%81%91%E3%81%84" n1="%E3%81%8A%E3%81%93%E3%82%93%E5%A7%90%E3%81%95%E3%82%93" n2="%73%65%70%31%39" n3="%E3%82%A6%E3%83%AB%E3%83%88%E3%83%A9%E7%AB%8B%E7%9B%B4" dan="13,14,14,15" rate="1875.71,1896.61,1959.22,2015.71" sx="M,F,M,M"/><TAIKYOKU oya="0"/><INIT seed="0,0,0,3,5,54" ten="250,250,250,250" oya="0" hai0="73,53,119,59,133,109,43,63,69,14,38,118,96" hai1="123,104,41,22,68,81,94,19,112,48,102,95,116" hai2="99,79,11,61,16,5,115,70,108,1,6,46,26" hai3="76,49,83,103,28,85,24,34,132,111,110,52,64"/><T10/><D73/><U113/><E123/><V44/><F108/><W124/><G124/><T35/><D109/><U15/><E116/><V128/><F115/><W91/><G132/><T88/><D35/><U129/><E68/><V117/><F128/><W106/><G64/><T31/><D31/><U78/><E129/><V18/><F117/><W121/><G121/><T122/><D122/><U87/><E104/><V66/><F79/><W98/><REACH who="3" step="1"/><G76/><REACH who="3" ten="250,250,250,240" step="2"/><T130/><D133/><U60/><E102/><V25/><F66/><W135/><G135/><T120/><D130/><U27/><E113/><V20/><F70/><W33/><G33/><T17/><D120/><U55/><E112/><V57/><F1/><W4/><G4/><T71/><D69/><U47/><E15/><V42/><F5/><W107/><G107/><T86/><D71/><U105/><E105/><V97/><F6/><W32/><G32/><T45/><REACH who="0" step="1"/><D96/><REACH who="0" ten="240,250,250,240" step="2"/><U72/><E72/><V82/><F99/><W65/><G65/><T58/><D58/><AGARI ba="0,2" hai="19,22,27,41,47,48,55,58,60,78,81,87,94,95" machi="58" ten="40,2600,0" yaku="8,1,52,1" doraHai="54" who="1" fromWho="0" sc="240,-26,250,46,250,0,240,0" /><AGARI ba="0,0" hai="24,28,34,49,52,58,83,85,91,98,103,106,110,111" machi="58" ten="40,8000,1" yaku="1,1,52,1,54,1,53,1" doraHai="54" doraHaiUra="30" who="3" fromWho="0" sc="214,-80,296,0,250,0,240,80" /><INIT seed="1,0,0,1,1,22" ten="134,296,250,320" oya="1" hai0="102,14,124,65,122,63,39,131,89,114,42,9,0" hai1="133,115,112,57,7,33,106,134,77,5,44,120,32" hai2="87,29,16,10,31,119,46,41,101,113,49,127,40" hai3="50,58,71,8,3,6,100,84,21,93,67,17,92"/><U45/><E106/><V34/><F119/><W107/><G107/><T125/><D0/><U56/><REACH who="1" step="1"/><E77/><REACH who="1" ten="134,286,250,320" step="2"/><V47/><F113/><W83/><G100/><T95/><D114/><U82/><E82/><V118/><F101/><W36/><G92/><T54/><D102/><U35/><E35/><V15/><F34/><W99/><G93/><T43/><D122/><AGARI ba="0,1" hai="5,7,32,33,44,45,56,57,112,115,120,122,133,134" machi="122" ten="25,12000,1" yaku="1,1,22,2,53,2" doraHai="22" doraHaiUra="1" who="1" fromWho="0" sc="134,-120,286,130,250,0,320,0" /><INIT seed="1,1,0,0,0,115" ten="14,416,250,320" oya="1" hai0="77,37,7,14,23,73,36,19,6,66,60,78,67" hai1="102,69,8,24,1,31,100,92,20,35,55,104,32" hai2="134,0,99,132,26,53,61,121,95,13,47,88,54" hai3="2,25,56,84,29,119,10,16,133,42,79,18,91"/><U46/><E69/><V62/><F0/><W44/><G133/><N who="2" m="51305" /><F121/><W93/><G119/><T70/><D73/><U83/><E104/><V5/><F26/><W98/><G56/><T108/><D108/><U72/><E102/><V131/><F131/><W43/><G43/><T71/><D23/><U21/><E21/><V17/><F5/><W65/><G65/><T41/><D14/><U116/><E116/><V120/><F120/><W87/><G2/><T51/><D19/><U80/><E1/><V127/><F127/><W109/><G109/><T38/><D51/><U76/><E8/><N who="2" m="6311" /><F47/><W30/><G30/><T113/><D41/><U111/><E111/><V126/><F126/><W49/><G10/><T101/><D101/><U82/><E35/><V129/><F129/><W128/><G128/><T39/><N who="0" m="9728" /><DORA hai="103" /><T106/><D113/><U110/><E110/><V34/><F34/><W135/><G135/><T48/><D48/><U75/><E32/><V107/><F107/><W57/><G57/><T9/><D106/><U3/><E3/><V105/><F105/><W27/><G27/><T40/><D40/><U117/><E117/><V28/><F28/><W63/><G63/><AGARI ba="1,0" hai="53,54,61,62,63,88,95,99" m="6311,51305" machi="63" ten="30,2000,0" yaku="20,1,54,1" doraHai="115,103" who="2" fromWho="3" sc="14,0,416,0,250,23,320,-23" /><INIT seed="2,0,0,2,2,74" ten="14,416,273,297" oya="2" hai0="43,55,105,114,108,118,128,44,73,106,59,126,110" hai1="61,28,38,30,123,68,31,9,91,24,6,124,72" hai2="98,112,82,65,131,71,109,47,102,85,63,90,33" hai3="80,111,14,69,83,86,57,23,64,12,78,42,10"/><V54/><F112/><W48/><G69/><T26/><D73/><U92/><E38/><V62/><F131/><W121/><G121/><T19/><D105/><U13/><E123/><V95/><F109/><N who="0" m="42090" /><D106/><U58/><E68/><V2/><F2/><W120/><G120/><T21/><D128/><U67/><E72/><V107/><F33/><W104/><G104/><T40/><D114/><U122/><E124/><V51/><F63/><W133/><G133/><T39/><D126/><U0/><E0/><V20/><F20/><W27/><G111/><T53/><D43/><U101/><E101/><V130/><F130/><W49/><G42/><T77/><D77/><U113/><E113/><V96/><F96/><W84/><G57/><T46/><D46/><U70/><E70/><V11/><F11/><W100/><G100/><T7/><D7/><U56/><E56/><V32/><F32/><W87/><G64/><T76/><D76/><U1/><E1/><V15/><F15/><W135/><G135/><T35/><D35/><U97/><E122/><V16/><REACH who="2" step="1"/><F107/><REACH who="2" ten="14,416,263,297" step="2"/><W117/><G14/><T103/><D103/><U88/><E24/><V125/><F125/><W127/><G127/><T17/><D118/><U18/><E6/><V115/><F115/><W81/><G117/><T41/><D41/><U8/><E8/><V60/><F60/><W129/><G129/><T5/><D5/><U119/><E119/><V22/><F22/><W3/><G3/><T34/><D34/><U79/><E79/><V89/><F89/><W94/><G78/><T134/><D134/><U45/><E91/><RYUUKYOKU ba="0,1" sc="14,-15,416,15,263,15,297,-15" hai1="9,13,18,28,30,31,45,58,61,67,88,92,97" hai2="16,47,51,54,62,65,71,82,85,90,95,98,102" owari="-1,-50.0,441,54.0,278,-12.0,282,8.0" /></mjloggm>