<mjloggm ver="2.3"><GO type="193" lobby="0"/><UN n0="%E3%81%8A%E3%81%AF%E3%81%8E%E3%82%84%E3%81%8E" n1="%4E%65%67%69%67%69" n2="%E5%B0%B1%E6%B4%BB%E7%94%9F%40%E5%B7%9D%E6%9D%91%E8%BB%8D%E5%9B%A3" n3="%E6%A1%9C%E4%BA%95%E3%81%95%E3%82%93" dan="10,12,12,11" rate="1814.74,1682.45,1796.46,1816.95" sx="M,M,M,M"/><TAIKYOKU oya="0"/><INIT seed="0,0,0,5,3,63" ten="250,250,250,250" oya="0" hai0="82,40,107,96,23,30,94,88,10,90,98,133,86" hai1="77,65,61,122,0,37,102,110,91,51,95,125,12" hai2="104,126,31,44,135,9,75,80,3,131,26,48,49" hai3="17,52,69,67,111,119,55,6,84,114,29,101,57"/><T116/><D40/><U123/><E0/><V103/><F126/><W27/><G114/><T127/><D10/><U66/><E77/><V129/><F135/><W58/><G119/><T68/><D68/><U60/><E102/><V32/><F104/><W1/><G111/><T19/><D30/><U43/><E110/><V99/><F3/><W16/><G101/><T62/><D116/><U35/><E35/><V70/><F70/><W113/><G113/><T11/><D11/><U134/><E12/><V109/><F109/><W4/><G1/><T21/><D107/><U28/><E28/><V22/><F32/><W38/><G38/><T74/><D74/><U118/><E118/><V34/><F34/><W87/><G29/><T2/><D2/><U5/><E5/><V54/><F9/><W120/><G69/><T42/><D42/><U15/><E15/><V112/><F112/><W128/><G128/><N who="2" m="49225" /><F49/><W20/><G120/><N who="1" m="46122" /><E134/><V124/><F124/><W97/><G20/><T132/><D127/><U50/><E95/><N who="2" m="58879" /><F80/><W47/><G27/><N who="0" m="14783" /><D133/><U33/><E91/><V130/><N who="2" m="49233" /><V105/><DORA hai="18" /><F105/><W106/><G106/><T89/><D132/><U78/><E78/><V85/><F85/><W108/><G108/><T71/><D23/><U92/><E92/><V64/><F64/><N who="1" m="24681" /><E33/><V45/><F75/><W81/><G67/><T121/><D121/><U36/><E125/><V53/><F53/><W79/><G79/><T73/><D71/><U56/><E56/><AGARI ba="0,0" hai="22,26,31,44,45,48,54,56" m="58879,49233" machi="56" ten="40,2600,0" yaku="19,1,52,1" doraHai="63,18" who="2" fromWho="1" sc="250,0,250,-26,250,26,250,0" /><INIT seed="1,0,0,0,4,7" ten="250,224,276,250" oya="1" hai0="43,37,33,21,77,118,70,73,4,28,108,63,25" hai1="9,65,40,111,116,81,92,82,38,35,125,113,103" hai2="29,24,121,102,68,83,20,36,75,57,101,15,110" hai3="86,67,129,17,45,44,11,55,80,23,69,114,95"/><U99/><E116/><V27/><F68/><W72/><G114/><T58/><D118/><U88/><E113/><V51/><F36/><W130/><G72/><T97/><D70/><U6/><E35/><V87/><F121/><W66/><G95/><T71/><D71/><U112/><E112/><V34/><F75/><W0/><G69/><T115/><D115/><U89/><E111/><V19/><F110/><W133/><G133/><T91/><D108/><U5/><E125/><V31/><F57/><W62/><G62/><T107/><D4/><U16/><E65/><N who="3" m="24586" /><G55/><T93/><D107/><U54/><E54/><V18/><F51/><W84/><G0/><T119/><D119/><U41/><E38/><V120/><F120/><W104/><G104/><T79/><D73/><U42/><E82/><V13/><F87/><N who="3" m="33323" /><G80/><T98/><D33/><U53/><E53/><V12/><F83/><W90/><G90/><N who="1" m="34922" /><E81/><V106/><F106/><W50/><G50/><T135/><D37/><U60/><E60/><V105/><F105/><W134/><G134/><T78/><D135/><U14/><AGARI ba="0,0" hai="5,6,9,14,16,40,41,42,92,99,103" m="34922" machi="14" ten="30,11700,0" yaku="8,1,52,1,54,2" doraHai="7" who="1" fromWho="1" sc="250,-39,224,117,276,-39,250,-39" /><INIT seed="1,1,0,1,2,92" ten="211,341,237,211" oya="1" hai0="16,114,65,101,62,63,35,71,91,9,79,22,11" hai1="58,47,69,122,10,84,23,87,44,31,96,117,83" hai2="21,132,48,57,6,20,108,7,86,12,107,109,8" hai3="38,70,14,110,116,82,127,126,115,43,18,0,100"/><U74/><E117/><V1/><F107/><W34/><G115/><T125/><D35/><U131/><E122/><V61/><F48/><W5/><G34/><T30/><D114/><U97/><E131/><V54/><F132/><W32/><G32/><T123/><D123/><U28/><E69/><V52/><F54/><W75/><G70/><T68/><D79/><U120/><E120/><V104/><F104/><W29/><G29/><T56/><D30/><N who="1" m="11307" /><E74/><V72/><F72/><W13/><G13/><T55/><D71/><U88/><E10/><N who="2" m="4183" /><F86/><W90/><G100/><T76/><D76/><N who="1" m="46183" /><E58/><V124/><F124/><W98/><G116/><T134/><D101/><U4/><E23/><V89/><F89/><W25/><G75/><T15/><D125/><U95/><E4/><V99/><F99/><AGARI ba="1,0" hai="44,47,87,88,95,96,97,99" m="46183,11307" machi="99" ten="30,12000,1" yaku="8,1,52,3,54,1" doraHai="92" who="1" fromWho="2" sc="211,0,341,123,237,-123,211,0" /><INIT seed="1,2,0,1,3,85" ten="211,464,114,211" oya="1" hai0="74,100,62,26,112,81,46,53,67,38,1,48,101" hai1="69,34,57,116,125,0,25,70,7,103,134,89,39" hai2="108,77,54,51,19,117,35,43,4,58,95,22,23" hai3="66,10,9,3,56,16,98,59,122,96,133,12,126"/><U36/><E89/><V110/><F35/><W113/><G122/><T17/><D112/><U73/><E57/><V76/><F117/><W119/><G113/><T75/><D38/><N who="1" m="14379" /><E116/><V121/><F121/><W107/><G119/><T92/><D1/><U28/><E103/><V111/><F4/><W5/><G133/><T90/><D74/><U83/><E125/><V68/><F68/><W109/><G126/><T63/><D63/><U24/><E24/><V20/><F43/><W130/><G109/><T124/><D124/><U104/><E134/><V14/><REACH who="2" step="1"/><F95/><REACH who="2" ten="211,464,104,211" step="2"/><W27/><G107/><T93/><D92/><U33/><E33/><V115/><F115/><W79/><G130/><T132/><D132/><U86/><E104/><V47/><F47/><W60/><G59/><N who="0" m="37343" /><D81/><U32/><E32/><V99/><F99/><W72/><G98/><N who="0" m="57655" /><D75/><U44/><E44/><V15/><F15/><W2/><G96/><T123/><D123/><U30/><E30/><V135/><F135/><W88/><G3/><T29/><D29/><U128/><E128/><V131/><F131/><W21/><G72/><T71/><D71/><U105/><E105/><V106/><F106/><W55/><G2/><T78/><D78/><AGARI ba="2,1" hai="14,19,20,22,23,51,54,58,76,77,78,108,110,111" machi="78" ten="40,2600,0" yaku="1,1,14,1,53,0" doraHai="85" doraHaiUra="118" who="2" fromWho="0" sc="211,-32,464,0,104,42,211,0" /><INIT seed="2,0,0,3,0,57" ten="179,464,146,211" oya="2" hai0="31,116,28,8,129,36,20,104,117,37,76,48,95" hai1="10,88,61,43,16,49,1,92,2,89,97,23,64" hai2="22,113,81,78,13,72,87,71,41,21,14,73,45" hai3="100,93,112,94,30,39,62,134,128,105,58,0,42"/><V19/><F113/><W118/><G118/><N who="0" m="45675" /><D104/><U91/><E2/><V70/><F72/><W125/><G0/><T67/><D76/><U29/><E29/><N who="0" m="11337" /><D8/><U107/><E107/><V74/><F74/><W123/><G30/><T108/><D108/><U99/><E1/><V17/><REACH who="2" step="1"/><F73/><REACH who="2" ten="179,464,136,211" step="2"/><W122/><G112/><T77/><D129/><U59/><E99/><V50/><AGARI ba="0,1" hai="13,14,17,19,21,22,41,45,50,70,71,78,81,87" machi="50" ten="20,12000,1" yaku="1,1,2,1,0,1,7,1,9,1,53,0" doraHai="57" doraHaiUra="126" who="2" fromWho="2" sc="179,-40,464,-40,136,130,211,-40" /><INIT seed="2,1,0,4,4,22" ten="139,424,266,171" oya="2" hai0="127,42,81,15,128,61,115,38,55,94,85,97,109" hai1="92,10,96,69,48,11,40,110,4,76,131,31,93" hai2="51,117,56,90,14,119,43,34,82,73,25,79,95" hai3="50,6,53,77,32,112,72,129,28,124,66,54,37"/><V59/><F117/><W5/><G37/><T98/><D115/><U125/><E69/><V47/><F119/><W89/><G112/><T113/><D113/><U64/><E125/><V108/><F108/><W27/><G124/><T68/><D109/><U36/><E110/><V80/><F80/><W101/><G129/><T121/><D127/><U35/><E35/><V12/><BYE who="1" /><F12/><W122/><G122/><T24/><D121/><U105/><E105/><V130/><F130/><UN n1="%4E%65%67%69%67%69" /><W104/><G66/><T91/><D128/><U57/><E131/><V13/><F13/><W41/><G41/><T52/><D42/><U20/><E36/><V39/><F14/><W99/><G54/><T3/><D38/><U33/><E33/><V103/><F103/><W132/><G132/><T0/><D15/><N who="1" m="5575" /><E11/><V9/><F9/><W26/><G77/><T23/><D98/><U123/><E123/><V63/><F39/><W100/><G72/><T118/><D118/><U58/><E76/><V120/><F120/><W19/><G100/><T107/><D107/><U46/><E46/><BYE who="1" /><V75/><F75/><W87/><G19/><N who="0" m="12415" /><D0/><U135/><E135/><V49/><F49/><UN n1="%4E%65%67%69%67%69" /><W106/><G27/><T16/><D3/><U88/><E64/><V2/><F2/><W71/><G106/><T67/><D68/><U17/><E31/><N who="2" m="19823" /><F63/><W7/><G71/><T29/><D29/><U44/><E93/><V70/><F70/><W111/><G111/><T116/><D116/><U8/><E8/><V45/><F45/><N who="3" m="27855" /><G7/><T126/><D126/><U60/><E60/><V65/><F65/><W62/><G62/><RYUUKYOKU ba="1,0" sc="139,-30,424,10,266,10,171,10" hai1="17,20,40,44,48,57,58,88,92,96" hai2="43,47,51,56,59,73,79,82,90,95" hai3="5,6,26,28,32,87,89,99,101,104" /><INIT seed="2,2,0,0,0,90" ten="109,434,276,181" oya="2" hai0="89,56,57,82,53,64,21,121,103,120,118,75,73" hai1="11,113,43,54,6,16,34,130,97,26,55,106,39" hai2="116,52,95,46,134,76,92,29,51,44,0,4,17" hai3="115,127,69,119,109,66,72,15,123,38,32,59,114"/><V45/><F116/><W100/><RYUUKYOKU type="yao9" ba="2,0" sc="109,0,434,0,276,0,181,0" hai3="15,32,38,59,66,69,72,100,109,114,115,119,123,127" /><INIT seed="2,3,0,1,1,127" ten="109,434,276,181" oya="2" hai0="62,81,116,20,15,106,104,17,79,91,114,88,34" hai1="71,48,134,7,10,16,120,118,37,50,4,78,69" hai2="21,32,14,47,24,125,102,49,103,122,55,13,1" hai3="96,113,61,128,46,51,119,29,70,129,38,76,36"/><V56/><F122/><W105/><G119/><T22/><D34/><U124/><E118/><V95/><F125/><W60/><G29/><T126/><D116/><U84/><E37/><N who="3" m="14442" /><G76/><T57/><D126/><U99/><E124/><V100/><F32/><W9/><G9/><T27/><D20/><U94/><E134/><V92/><F1/><W97/><G105/><T115/><D106/><U66/><E120/><V54/><F14/><W2/><G2/><T111/><D104/><U52/><E69/><V58/><F13/><W110/><G110/><T5/><D111/><U133/><E133/><V132/><F132/><W6/><G6/><T131/><D115/><U30/><E30/><V73/><F73/><W101/><G101/><T45/><D114/><U77/><E71/><V3/><F3/><W121/><G121/><T68/><D68/><U31/><E31/><N who="2" m="17807" /><F47/><W35/><G35/><T40/><D131/><N who="3" m="50249" /><G113/><T86/><D62/><AGARI ba="3,0" hai="49,54,55,56,58,62,92,95,100,102,103" m="17807" machi="62" ten="30,1500,0" yaku="8,1" doraHai="127" who="2" fromWho="0" sc="109,-24,434,0,276,24,181,0" /><INIT seed="2,4,0,1,3,52" ten="85,434,300,181" oya="2" hai0="46,54,45,0,103,19,120,113,35,110,44,104,50" hai1="21,83,28,9,37,79,56,134,70,42,96,48,57" hai2="114,111,68,64,60,73,6,130,94,55,8,122,14" hai3="112,133,82,131,91,86,10,101,58,40,93,99,125"/><V17/><F122/><W51/><G131/><T49/><D0/><U38/><E9/><V105/><F105/><W30/><G133/><T7/><D35/><U41/><E96/><V116/><F114/><W27/><G125/><T118/><D104/><U18/><E28/><V106/><F106/><W75/><G112/><T85/><D113/><U102/><E102/><V84/><F73/><W71/><G71/><T108/><D103/><U1/><E1/><V31/><F130/><W24/><G75/><T26/><D7/><U121/><E121/><V29/><F116/><W22/><G10/><T128/><D120/><U97/><E70/><V87/><F111/><N who="0" m="42538" /><D85/><N who="1" m="48383" /><E37/><V81/><F55/><N who="3" m="32127" /><G27/><T132/><D128/><U66/><E38/><V98/><F6/><W123/><G123/><T33/><D33/><U47/><E134/><V62/><F62/><W115/><G115/><T80/><D132/><U100/><E42/><AGARI ba="4,0" hai="22,24,30,40,42,82,86,91,93,99,101" m="32127" machi="42" ten="30,2000,0" yaku="8,1,52,1" doraHai="52" who="3" fromWho="1" sc="85,0,434,-32,300,0,181,32" /><INIT seed="3,0,0,3,1,119" ten="85,402,300,213" oya="3" hai0="26,11,124,118,32,112,24,57,106,34,111,52,122" hai1="63,64,115,62,70,85,60,55,102,54,15,95,28" hai2="23,126,96,37,16,58,134,47,38,45,133,10,3" hai3="82,69,72,6,84,83,22,12,43,116,41,33,48"/><W132/><G33/><T128/><D11/><U2/><E2/><V94/><F126/><W127/><G116/><T5/><D5/><U53/><E115/><V100/><F3/><W59/><G69/><T89/><D118/><U130/><E130/><V14/><F58/><W30/><G127/><T50/><D106/><U91/><E70/><V1/><F1/><W129/><G129/><T68/><D128/><U7/><E28/><V46/><REACH who="2" step="1"/><F10/><REACH who="2" ten="85,402,290,213" step="2"/><N who="3" m="4183" /><G132/><AGARI ba="0,1" hai="14,16,23,37,38,45,46,47,94,96,100,132,133,134" machi="132" ten="40,5200,0" yaku="1,1,20,1,54,1,53,0" doraHai="119" doraHaiUra="125" who="2" fromWho="3" sc="85,0,402,0,290,62,213,-52" owari="85,-41.0,402,50.0,352,15.0,161,-24.0" /></mjloggm>