<mjloggm ver="2.3"><GO type="169" lobby="0"/><UN n0="%E3%83%A4%E3%82%AD%E3%83%B3" n1="%EF%BF%A1%E3%81%BA%E3%82%93%E3%81%BA%E3%82%93%EF%BF%A1" n2="%73%68%61%72" n3="%E3%82%A6%E3%83%AB%E3%83%88%E3%83%A9%E7%AB%8B%E7%9B%B4" dan="18,18,18,17" rate="2178.08,2196.81,2200.27,2155.28" sx="M,M,M,M"/><TAIKYOKU oya="0"/><INIT seed="0,0,0,0,1,87" ten="250,250,250,250" oya="0" hai0="132,102,103,79,133,114,80,121,22,10,24,38,3" hai1="123,1,14,61,36,131,0,23,127,134,15,28,100" hai2="48,65,75,82,76,125,34,84,110,115,31,54,25" hai3="130,71,13,57,63,99,7,58,19,16,98,88,11"/><T46/><D114/><U120/><E36/><V104/><F115/><W43/><G71/><T56/><D121/><N who="1" m="46667" /><E61/><V72/><F104/><W39/><G130/><T83/><D56/><N who="3" m="21609" /><G43/><N who="0" m="22903" /><D22/><U86/><E86/><V78/><F65/><W124/><G39/><T77/><D24/><N who="1" m="16415" /><E100/><V17/><F110/><W26/><G124/><T119/><D119/><U52/><E52/><V135/><F125/><W8/><G63/><T81/><D102/><U18/><E127/><V108/><F108/><W66/><G66/><T9/><D103/><U27/><E131/><V53/><F53/><W92/><G26/><T118/><D118/><U128/><E134/><N who="0" m="51817" /><D3/><N who="1" m="1099" /><E128/><V29/><F135/><W50/><G50/><T59/><D59/><U68/><E68/><V47/><F48/><W32/><G32/><T89/><D89/><U35/><E35/><V62/><F34/><W69/><G69/><T117/><D117/><U106/><E106/><V109/><F62/><W51/><G51/><T5/><D5/><U105/><E105/><V41/><F41/><W73/><G73/><N who="0" m="43055" /><D81/><U95/><E95/><V113/><F82/><W93/><G11/><T45/><D45/><U2/><N who="1" m="1107" /><U33/><DORA hai="122" /><E33/><V90/><F47/><W20/><G20/><AGARI ba="0,0" hai="14,15,18,20,27" m="1107,16415,46667" machi="20" ten="50,3200,0" yaku="34,2" doraHai="87,122" who="1" fromWho="3" sc="250,0,250,32,250,0,250,-32" /><INIT seed="1,0,0,5,2,125" ten="250,282,250,218" oya="1" hai0="83,41,27,132,3,70,9,40,97,92,68,0,93" hai1="13,34,35,37,128,39,105,86,99,53,79,134,73" hai2="115,25,78,64,18,122,119,28,131,58,12,57,135" hai3="114,103,48,50,82,66,62,65,55,2,94,76,47"/><U124/><E124/><V20/><F119/><W129/><G2/><T30/><D83/><N who="1" m="45551" /><E53/><V56/><F122/><W110/><G114/><T19/><D19/><U42/><E86/><V54/><F115/><W32/><G32/><N who="1" m="12330" /><E13/><V98/><F135/><W113/><G113/><T60/><D9/><U87/><E87/><V6/><F78/><W59/><G110/><T100/><D30/><U74/><E74/><V67/><F6/><W14/><G14/><T111/><D27/><U77/><E77/><V120/><F120/><W72/><G50/><T16/><D16/><U21/><E21/><V61/><F98/><W117/><G117/><T89/><D97/><U91/><E91/><V10/><F64/><W112/><G112/><T127/><D89/><U109/><E109/><V133/><F133/><W69/><G66/><T7/><D111/><U23/><E23/><V63/><REACH who="2" step="1"/><F57/><REACH who="2" ten="250,282,240,218" step="2"/><W33/><G59/><T43/><D132/><U75/><E134/><V106/><F106/><W24/><G76/><T1/><D7/><U107/><E107/><V121/><F121/><W49/><G65/><N who="0" m="40999" /><D127/><U46/><E75/><V90/><F90/><W15/><G72/><T118/><D118/><U108/><E108/><V8/><F8/><W81/><G69/><T96/><D70/><U36/><E128/><AGARI ba="0,1" hai="10,12,18,20,25,28,54,56,58,61,63,67,128,131" machi="128" ten="40,8000,1" yaku="1,1,52,2,53,1" doraHai="125" doraHaiUra="17" who="2" fromWho="1" sc="250,0,282,-80,240,90,218,0" /><INIT seed="2,0,0,5,5,2" ten="250,202,330,218" oya="2" hai0="110,118,115,10,134,98,119,22,120,20,29,79,7" hai1="11,88,101,23,33,40,106,126,6,89,122,76,85" hai2="1,16,30,130,86,113,49,9,53,47,70,44,104" hai3="97,90,36,112,42,19,92,100,123,108,59,55,93"/><V56/><F113/><W128/><G123/><T52/><D120/><U84/><E122/><V127/><F104/><W46/><G108/><T103/><D79/><U3/><E33/><V72/><F72/><W61/><G128/><T57/><D134/><U131/><E131/><V78/><F130/><W25/><G112/><T116/><D110/><U21/><E76/><V8/><F70/><W45/><G45/><T83/><D83/><U48/><E126/><V75/><F75/><W15/><G25/><T81/><D81/><U41/><E106/><V37/><F127/><W82/><G82/><T58/><D58/><U109/><E101/><V95/><F30/><W38/><G38/><T121/><D29/><U117/><E117/><V63/><F78/><W27/><G27/><T65/><D65/><U51/><E109/><V5/><F37/><W14/><G19/><T24/><D24/><U31/><E31/><V54/><F47/><W67/><G67/><T28/><D28/><U133/><E3/><V94/><REACH who="2" step="1"/><F86/><AGARI ba="0,0" hai="14,15,36,42,46,55,59,61,86,90,92,93,97,100" machi="86" ten="30,1000,0" yaku="7,1" doraHai="2" who="3" fromWho="2" sc="250,0,202,0,330,-10,218,10" /><INIT seed="3,0,0,1,4,70" ten="250,202,320,228" oya="3" hai0="88,45,12,91,52,23,125,132,129,107,86,53,1" hai1="117,55,17,97,30,19,67,116,27,63,51,110,74" hai2="89,59,130,42,106,113,35,72,118,104,99,68,96" hai3="7,122,44,54,0,123,80,38,36,43,114,9,109"/><W29/><G114/><T111/><D1/><U71/><E74/><V57/><F113/><W10/><G10/><T65/><D107/><U60/><E110/><V126/><F68/><W58/><G109/><T134/><D65/><U2/><E2/><V79/><F118/><N who="1" m="45673" /><E63/><V61/><F35/><W133/><G133/><N who="0" m="51307" /><D125/><U92/><E51/><V31/><F31/><W62/><G36/><T33/><D33/><N who="1" m="20703" /><E55/><V78/><F72/><W90/><REACH who="3" step="1"/><G29/><REACH who="3" ten="250,202,320,218" step="2"/><T98/><D111/><U5/><E5/><V15/><F126/><W3/><G3/><T127/><D127/><U32/><E32/><V49/><F130/><W82/><G82/><T69/><D129/><U39/><E39/><V16/><F106/><W11/><G11/><T77/><D45/><U95/><E95/><V34/><F104/><W13/><G13/><T50/><D12/><U100/><AGARI ba="0,1" hai="17,19,60,67,71,92,97,100" m="20703,45673" machi="100" ten="30,1100,0" yaku="12,1" doraHai="70" who="1" fromWho="1" sc="250,-3,202,21,320,-3,218,-5" /><INIT seed="4,0,0,5,4,23" ten="247,223,317,213" oya="0" hai0="47,106,0,10,84,57,108,37,36,12,26,51,99" hai1="130,44,88,81,114,126,133,93,32,21,116,82,17" hai2="123,118,129,71,50,63,96,105,131,111,104,66,5" hai3="38,45,55,11,128,85,40,28,62,117,69,97,83"/><T27/><D0/><U135/><E116/><V18/><F111/><W1/><G117/><T9/><D37/><U56/><E32/><V68/><F118/><W58/><G128/><N who="2" m="49225" /><F123/><W24/><G97/><T53/><D108/><U122/><E130/><V112/><F112/><W127/><G127/><T6/><D10/><U52/><E122/><V14/><F5/><W100/><G100/><T107/><D99/><N who="1" m="57767" /><E44/><V120/><F120/><W59/><G69/><N who="2" m="26697" /><F50/><W20/><G58/><T3/><D3/><U65/><E65/><V49/><F49/><W35/><G1/><T29/><D36/><U124/><E114/><V19/><F96/><W80/><G11/><T60/><D84/><U41/><E41/><V46/><F46/><W113/><G113/><T48/><D48/><N who="1" m="30727" /><E82/><V87/><F105/><W74/><G74/><T42/><D107/><U102/><E102/><V132/><F104/><W109/><G109/><T94/><D106/><U101/><E101/><V125/><F125/><N who="1" m="48233" /><E81/><V79/><F66/><W25/><REACH who="3" step="1"/><G85/><REACH who="3" ten="247,223,317,203" step="2"/><T61/><D57/><U95/><E95/><V76/><F87/><W91/><G91/><T54/><D94/><U13/><AGARI ba="0,1" hai="13,17,21,133,135" m="48233,30727,57767" machi="13" ten="30,4000,0" yaku="18,1,54,2" doraHai="23" who="1" fromWho="1" sc="247,-20,223,50,317,-10,203,-10" /><INIT seed="5,0,0,0,3,63" ten="227,273,307,193" oya="1" hai0="35,84,25,87,79,60,15,8,26,51,82,77,122" hai1="2,50,76,101,20,23,112,48,24,116,67,40,27" hai2="64,69,72,89,107,71,85,53,56,128,42,16,4" hai3="70,109,31,135,80,6,134,123,86,14,55,120,0"/><U39/><E2/><V59/><F72/><W88/><G0/><T45/><D35/><U32/><E116/><V94/><F107/><W13/><G109/><T103/><D103/><U65/><E32/><V29/><F29/><W132/><G70/><T34/><D34/><U47/><E101/><V22/><F4/><W19/><G31/><T130/><D130/><U58/><E76/><V7/><F7/><W21/><REACH who="3" step="1"/><G55/><REACH who="3" ten="227,273,307,183" step="2"/><N who="0" m="30191" /><D122/><U62/><E112/><V119/><F71/><W75/><G75/><T117/><D117/><U98/><E40/><V44/><F69/><W125/><G125/><T99/><D99/><U74/><E98/><V118/><F119/><W100/><G100/><T78/><D87/><U115/><E74/><V126/><F126/><W104/><G104/><T61/><D60/><U46/><E62/><V110/><F118/><W121/><G121/><T30/><D61/><U1/><E1/><V108/><F110/><W92/><G92/><T91/><D30/><U9/><E115/><V28/><F28/><W54/><G54/><T114/><D114/><U37/><E58/><V12/><F108/><W41/><G41/><T66/><D66/><U90/><E67/><V129/><F64/><W18/><G18/><AGARI ba="0,1" hai="8,15,18,25,26,77,78,79,82,84,91" m="30191" machi="18" ten="30,2000,0" yaku="25,1,8,1" doraHai="63" who="0" fromWho="3" sc="227,30,273,0,307,0,183,-20" /><INIT seed="6,0,0,1,0,24" ten="257,273,307,163" oya="2" hai0="43,89,8,82,42,68,11,132,65,46,71,84,10" hai1="113,100,45,61,123,111,55,134,99,2,16,56,21" hai2="0,18,64,37,75,22,77,73,80,105,114,38,120" hai3="57,94,20,135,96,29,97,51,118,63,49,115,85"/><V31/><F120/><W17/><G118/><T112/><D65/><U86/><E111/><V15/><F105/><W128/><G135/><T1/><D1/><U5/><E123/><V23/><F0/><W3/><G3/><T72/><D132/><U19/><E134/><V90/><F75/><W35/><G128/><T101/><D101/><U69/><E69/><V98/><F64/><W9/><G115/><T108/><D108/><U126/><E113/><V93/><REACH who="2" step="1"/><F114/><REACH who="2" ten="257,273,297,163" step="2"/><W130/><G130/><T104/><D104/><U117/><E2/><V48/><F48/><W39/><G51/><T30/><D72/><U95/><E117/><V7/><F7/><W122/><G49/><T47/><D112/><U34/><E5/><V88/><F88/><W125/><G122/><T76/><D89/><U92/><E100/><V14/><F14/><W127/><G39/><T78/><D78/><U70/><E61/><V36/><F36/><W58/><G63/><T44/><D71/><U27/><E70/><V131/><F131/><W133/><G133/><T67/><D67/><U109/><E109/><V13/><F13/><W83/><G127/><T110/><D68/><U25/><E126/><V62/><F62/><W91/><G125/><T54/><D110/><U26/><E26/><AGARI ba="0,1" hai="15,18,22,23,26,31,37,38,73,77,80,90,93,98" machi="26" ten="40,7700,0" yaku="1,1,52,1,53,1" doraHai="24" doraHaiUra="107" who="2" fromWho="1" sc="257,0,273,-77,297,87,163,0" /><INIT seed="6,1,0,5,5,124" ten="257,196,384,163" oya="2" hai0="1,50,130,116,86,56,59,135,117,61,29,104,37" hai1="36,71,106,68,69,44,94,15,31,48,129,51,76" hai2="8,25,53,38,32,133,101,97,42,134,125,110,84" hai3="109,24,65,128,127,131,46,63,52,55,4,77,132"/><V126/><F110/><W99/><G109/><T87/><D37/><U80/><E106/><N who="2" m="63791" /><F53/><W39/><G127/><N who="2" m="48649" /><F84/><W67/><G132/><T111/><D135/><U58/><E44/><N who="2" m="23639" /><F8/><W17/><G77/><T2/><D104/><U34/><E36/><V45/><F45/><W122/><G122/><T49/><D61/><U74/><E51/><V90/><F90/><W62/><G99/><T23/><D111/><U112/><E48/><V114/><F114/><W26/><G46/><T12/><D50/><U10/><E112/><V60/><F60/><W118/><G39/><T96/><D49/><U14/><E10/><V70/><F70/><W41/><G41/><T119/><D56/><U95/><E68/><V16/><F32/><W0/><G17/><T105/><D59/><U113/><E69/><V91/><F91/><W11/><G11/><T100/><D87/><U75/><E71/><V20/><AGARI ba="1,0" hai="16,20,25,133,134" m="23639,48649,63791" machi="20" ten="30,3000,0" yaku="18,1,54,1" doraHai="124" who="2" fromWho="2" sc="257,-11,196,-11,384,33,163,-11" /><INIT seed="6,2,0,0,3,30" ten="246,185,417,152" oya="2" hai0="70,63,77,134,45,61,38,78,135,115,21,87,102" hai1="0,13,69,120,93,114,66,103,80,82,97,26,132" hai2="126,41,73,52,65,111,42,4,31,107,81,129,7" hai3="94,16,18,20,127,28,67,12,8,11,123,117,92"/><V84/><F107/><W53/><G123/><T72/><D72/><U55/><E0/><V59/><F73/><W75/><G117/><T104/><D102/><U83/><E120/><V133/><F129/><W32/><G75/><T43/><D104/><U47/><E114/><V48/><F133/><W50/><G127/><T113/><D21/><U99/><E132/><N who="0" m="50729" /><D87/><U100/><E69/><V37/><F37/><W131/><G131/><T86/><D86/><U88/><E66/><V27/><F126/><W44/><G67/><N who="0" m="41327" /><D63/><U96/><E26/><V128/><F4/><W112/><G112/><AGARI ba="2,0" hai="38,43,45,77,78,112,113,115" m="41327,50729" machi="112" ten="30,2000,0" yaku="15,1,20,1" doraHai="30" who="0" fromWho="3" sc="246,26,185,0,417,0,152,-26" /><INIT seed="7,0,0,0,2,5" ten="272,185,417,126" oya="3" hai0="4,44,120,92,113,111,8,107,51,6,53,109,122" hai1="72,67,40,84,83,45,97,17,91,41,80,62,58" hai2="134,48,115,74,38,20,27,114,135,30,25,129,69" hai3="42,19,50,87,39,105,15,23,100,61,79,36,86"/><W10/><G100/><T93/><D107/><U76/><E45/><V64/><F38/><W55/><G105/><T31/><D31/><U52/><E97/><V2/><F129/><W123/><G123/><T94/><D113/><N who="2" m="43018" /><F2/><W99/><G99/><T131/><D111/><U75/><E75/><V127/><F127/><W133/><G133/><T59/><D109/><U119/><E119/><V108/><F108/><W35/><G35/><T29/><D29/><U28/><E28/><N who="2" m="17447" /><F74/><W57/><G39/><T90/><D6/><U89/><E89/><V81/><F81/><W104/><G104/><T77/><D77/><U117/><E117/><V7/><F7/><W101/><G101/><T16/><D59/><U22/><E67/><V43/><F43/><W70/><G79/><T63/><D63/><U71/><E71/><V96/><F96/><W128/><G128/><T130/><D90/><U85/><REACH who="1" step="1"/><E72/><REACH who="1" ten="272,175,417,126" step="2"/><V49/><F64/><W11/><G36/><T54/><D130/><U56/><E56/><V46/><F69/><W126/><G126/><T9/><D131/><U47/><E47/><V18/><F18/><W112/><G112/><T24/><D16/><U110/><E110/><V32/><F46/><N who="3" m="25943" /><G70/><T68/><D68/><U106/><E106/><V103/><F103/><W1/><G1/><T125/><D125/><U3/><E3/><V60/><F135/><W33/><G33/><T121/><D120/><U116/><E116/><V65/><F134/><W73/><G73/><T37/><D121/><U14/><AGARI ba="0,1" hai="14,17,22,40,41,52,58,62,76,80,83,84,85,91" machi="14" ten="20,12000,2" yaku="1,1,0,1,7,1,8,1,54,1,53,1" doraHai="5" doraHaiUra="12" who="1" fromWho="1" sc="272,-30,175,130,417,-30,126,-60" owari="242,-16.0,305,11.0,387,48.0,66,-43.0" /></mjloggm>