<mjloggm ver="2.3"><GO type="65" lobby="0"/><UN n0="%E3%81%8A%E3%82%84%E3%82%86%E3%81%B3" n1="%4E%6F%4E%61%6D%65" n2="%E3%82%B9%E3%82%AB%E3%82%A4%EF%BC%A0" n3="%E5%B0%B1%E6%B4%BB%E7%94%9F%40%E5%B7%9D%E6%9D%91%E8%BB%8D%E5%9B%A3" dan="4,0,5,8" rate="1571.54,1500.00,1420.88,1649.27" sx="F,M,M,M"/><TAIKYOKU oya="0"/><INIT seed="0,0,0,0,0,53" ten="250,250,250,250" oya="0" hai0="20,72,96,115,79,91,14,134,71,120,130,37,45" hai1="51,127,99,98,34,89,28,103,18,59,7,38,69" hai2="121,84,3,92,67,30,12,73,77,50,58,105,87" hai3="82,19,129,97,101,102,25,110,23,47,133,131,65"/><T39/><D120/><U54/><E69/><V24/><F121/><W132/><G65/><T106/><D71/><U81/><E38/><V108/><F108/><W68/><G68/><T80/><D115/><U52/><E34/><V118/><F118/><W109/><G47/><T48/><D134/><N who="3" m="51817" /><G82/><T13/><D130/><N who="3" m="49673" /><G97/><T66/><D66/><U85/><E127/><V15/><F3/><W100/><AGARI ba="0,0" hai="19,23,25,100,101,102,109,110" m="49673,51817" machi="100" ten="40,2700,0" yaku="20,1,19,1" doraHai="53" who="3" fromWho="3" sc="250,-13,250,-7,250,-7,250,27" /><INIT seed="1,0,0,3,2,133" ten="237,243,243,277" oya="1" hai0="33,134,129,36,77,131,115,7,68,65,78,50,116" hai1="106,90,16,19,91,93,119,113,26,11,120,41,37" hai2="118,48,82,81,42,112,46,1,127,9,23,44,57" hai3="111,22,14,54,88,32,132,71,122,79,58,60,100"/><U35/><E120/><V104/><F118/><W94/><G32/><T95/><D134/><U126/><E119/><V125/><F112/><W107/><G122/><T63/><D36/><U96/><E113/><V66/><F104/><W45/><G132/><T105/><D105/><U39/><E106/><V25/><F1/><W102/><G111/><T61/><D33/><U6/><E91/><V30/><F9/><W80/><G71/><T85/><D7/><U70/><E70/><V10/><F10/><W43/><G107/><T76/><D115/><U69/><E69/><V13/><F13/><W128/><G128/><N who="0" m="49227" /><D116/><U38/><E41/><V21/><F21/><W55/><G55/><T62/><D50/><U99/><E99/><V98/><F98/><W92/><G92/><T135/><D135/><U87/><E35/><V5/><F5/><W72/><G22/><T29/><D29/><U51/><E51/><V4/><F4/><W0/><G14/><T27/><D27/><U84/><E26/><V17/><F46/><W101/><G0/><T52/><D52/><U3/><REACH who="1" step="1"/><E126/><REACH who="1" ten="237,233,243,277" step="2"/><V123/><F123/><W20/><G102/><T74/><D74/><U31/><E31/><V130/><F30/><W15/><G101/><T75/><D75/><U67/><E67/><V12/><F25/><W108/><G100/><T86/><D86/><AGARI ba="0,1" hai="3,6,11,16,19,37,38,39,84,86,87,90,93,96" machi="86" ten="40,3900,0" yaku="1,1,54,1,53,0" doraHai="133" doraHaiUra="24" who="1" fromWho="0" sc="237,-39,233,49,243,0,277,0" /><INIT seed="1,1,0,1,4,17" ten="198,282,243,277" oya="1" hai0="20,11,76,68,71,125,3,132,19,60,5,28,129" hai1="42,12,43,8,80,81,74,58,117,26,99,29,104" hai2="27,100,106,30,128,103,21,52,84,67,44,4,15" hai3="57,83,96,135,112,127,86,92,10,78,113,119,97"/><U14/><E117/><V115/><F128/><W114/><G119/><T124/><D60/><U16/><E74/><V89/><F106/><W111/><G111/><T88/><D76/><U41/><E14/><V59/><F115/><W131/><G131/><T45/><D129/><U48/><E104/><V118/><F118/><W53/><G127/><N who="0" m="48715" /><D45/><U70/><E70/><V116/><F116/><W46/><G135/><T102/><D102/><U87/><E99/><V13/><F67/><W31/><G31/><T66/><D66/><U72/><E72/><V93/><F44/><W121/><G121/><T79/><D79/><U0/><E0/><V47/><F47/><W134/><G134/><T62/><D62/><U122/><E122/><V61/><F13/><W77/><G46/><T18/><D132/><U105/><E105/><V34/><F34/><W9/><G78/><T1/><D71/><U63/><E48/><V65/><F65/><W32/><G32/><T82/><D68/><U40/><N who="1" m="10752" /><DORA hai="54" /><U35/><REACH who="1" step="1"/><E87/><REACH who="1" ten="198,272,243,277" step="2"/><V95/><F95/><W7/><G97/><T37/><D1/><U64/><AGARI ba="1,1" hai="8,12,16,26,29,35,58,63,64,80,81" m="10752" machi="64" ten="40,12000,1" yaku="1,1,2,1,0,1,52,1,54,1,53,0" doraHai="17,54" doraHaiUra="69,110" who="1" fromWho="1" sc="198,-41,272,133,243,-41,277,-41" /><INIT seed="1,2,0,4,1,125" ten="157,405,202,236" oya="1" hai0="51,84,52,121,48,35,90,68,70,16,116,114,93" hai1="66,72,77,113,43,129,110,78,22,37,71,112,24" hai2="132,46,127,85,86,13,38,50,29,131,69,80,62" hai3="4,45,61,95,73,34,133,122,83,17,88,1,30"/><U94/><E112/><V39/><F132/><W27/><G122/><T117/><D114/><U7/><E113/><V105/><F131/><W21/><G133/><T57/><D35/><U47/><E7/><V92/><F127/><W10/><G73/><T55/><D121/><U11/><E71/><V98/><F29/><W14/><G83/><T60/><D60/><U118/><E118/><V59/><F13/><W63/><REACH who="3" step="1"/><G45/><REACH who="3" ten="157,405,202,226" step="2"/><T134/><D134/><U104/><E104/><V124/><F105/><W40/><G40/><T65/><D117/><U15/><E66/><V82/><F124/><W101/><G101/><T54/><D116/><U81/><E78/><V67/><F85/><AGARI ba="2,1" hai="1,4,10,14,17,21,27,30,34,61,63,85,88,95" machi="85" ten="30,8000,1" yaku="1,1,7,1,24,2,54,1,53,0" doraHai="125" doraHaiUra="64" who="3" fromWho="2" sc="157,0,405,0,202,-86,226,96" /><INIT seed="2,0,0,3,2,85" ten="157,405,116,322" oya="2" hai0="59,119,31,16,14,48,124,42,96,122,30,98,71" hai1="131,50,11,103,12,33,128,62,134,46,94,80,84" hai2="29,91,112,81,1,15,65,67,83,36,52,63,37" hai3="129,116,54,77,0,127,117,105,72,120,70,95,132"/><V115/><F1/><W34/><G95/><T40/><D71/><U23/><E33/><V107/><F29/><W121/><G77/><T2/><D2/><U49/><E134/><V21/><F107/><W44/><G44/><T55/><D122/><U41/><E50/><V92/><F81/><W10/><G54/><T88/><D124/><U28/><E62/><V60/><F83/><W75/><G10/><N who="0" m="6231" /><D119/><U135/><E135/><V106/><F106/><W25/><G25/><T68/><D68/><U69/><E69/><V76/><F76/><W7/><G7/><T32/><D32/><U99/><E28/><N who="0" m="10793" /><D98/><U108/><E108/><V125/><F125/><W39/><G75/><T102/><D102/><U90/><REACH who="1" step="1"/><E23/><REACH who="1" ten="157,395,116,322" step="2"/><V57/><F21/><W38/><G117/><T5/><D5/><AGARI ba="0,1" hai="5,11,12,41,46,49,80,84,90,94,99,103,128,131" machi="5" ten="40,8000,1" yaku="1,1,2,1,52,1,53,1" doraHai="85" doraHaiUra="82" who="1" fromWho="0" sc="157,-80,395,90,116,0,322,0" /><INIT seed="3,0,0,0,3,44" ten="77,485,116,322" oya="3" hai0="47,110,53,23,13,77,75,74,78,8,97,127,18" hai1="109,67,115,105,40,45,19,88,108,117,124,9,114" hai2="70,90,100,111,83,20,104,52,120,76,57,3,81" hai3="107,118,69,6,71,48,27,84,95,60,7,33,5"/><W11/><G107/><T31/><D127/><U15/><E124/><V66/><F120/><W135/><G118/><T59/><D110/><N who="1" m="42603" /><E105/><V134/><F111/><W82/><G135/><T64/><D64/><U17/><E117/><V37/><F134/><W119/><G119/><T24/><D75/><U4/><E67/><V14/><F37/><W32/><G95/><T122/><D74/><U73/><E73/><V61/><F61/><W86/><G11/><T87/><D122/><U41/><E45/><V79/><F3/><W130/><G130/><T123/><D123/><U116/><E116/><V43/><F70/><W1/><G1/><T12/><BYE who="2" /><D97/><U36/><E36/><V93/><F93/><W55/><G84/><T38/><D38/><U26/><E26/><V121/><F121/><W28/><G60/><T128/><D128/><U125/><E125/><V106/><F106/><W30/><G30/><T68/><D68/><U133/><E133/><V21/><F21/><W131/><G33/><T16/><D47/><U22/><E88/><V89/><F89/><W49/><G131/><T29/><D87/><U50/><E19/><V96/><F96/><W42/><G42/><UN n2="%E3%82%B9%E3%82%AB%E3%82%A4%EF%BC%A0" /><T101/><D101/><U39/><E39/><V98/><F43/><N who="1" m="16457" /><E50/><N who="2" m="30871" /><F66/><W132/><G132/><T2/><D2/><N who="1" m="151" /><E17/><N who="2" m="10295" /><F104/><W58/><REACH who="3" step="1"/><G49/><REACH who="3" ten="77,485,116,312" step="2"/><N who="0" m="31151" /><D31/><U56/><E22/><AGARI ba="0,1" hai="8,12,13,16,18,22,23,24,29,77,78" m="31151" machi="22" ten="30,3900,0" yaku="8,1,52,1,54,1" doraHai="44" who="0" fromWho="1" sc="77,49,485,-39,116,0,312,0" owari="126,-27.0,446,54.0,116,-38.0,312,11.0" /></mjloggm>