<mjloggm ver="2.3"><GO type="41" lobby="0"/><UN n0="%6D%61%79%61%73%75" n1="%4D%72%2E%4B%61%69%74%6F" n2="%E5%B0%B1%E6%B4%BB%E7%94%9F%40%E5%B7%9D%E6%9D%91%E8%BB%8D%E5%9B%A3" n3="%E9%9B%80%5A" dan="13,15,15,14" rate="1820.73,1917.59,2023.10,1894.29" sx="M,M,M,M"/><TAIKYOKU oya="0"/><INIT seed="0,0,0,4,3,57" ten="250,250,250,250" oya="0" hai0="47,102,22,135,48,79,73,28,74,40,107,0,76" hai1="69,132,15,53,43,114,70,120,113,16,121,12,68" hai2="51,34,7,3,36,123,117,62,10,100,109,27,49" hai3="95,41,26,118,92,52,128,54,84,32,77,25,133"/><T6/><D135/><U106/><E106/><V31/><F117/><W124/><G118/><T13/><D0/><U67/><E132/><V19/><F123/><N who="1" m="47177" /><E43/><V75/><F109/><W20/><G133/><T83/><D107/><U116/><E116/><V18/><F36/><W44/><G32/><T82/><D102/><U4/><E4/><V64/><F75/><W94/><G128/><T50/><D50/><U37/><E37/><V125/><F125/><W8/><G124/><T81/><D81/><U131/><E131/><V72/><F72/><W29/><G8/><T127/><D127/><U5/><E5/><V105/><F49/><N who="3" m="26767" /><G25/><T134/><D134/><U111/><E111/><V86/><F51/><W61/><G61/><T38/><D38/><U2/><E2/><V126/><F126/><W35/><G35/><T39/><D39/><U60/><E53/><N who="3" m="20586" /><G77/><T30/><D6/><U65/><E60/><V80/><F105/><W98/><G84/><T112/><D112/><N who="1" m="43115" /><E16/><AGARI ba="0,0" hai="13,16,22,28,30,40,47,48,73,74,76,79,82,83" machi="16" ten="40,3900,0" yaku="9,1,54,1" doraHai="57" who="0" fromWho="1" sc="250,39,250,-39,250,0,250,0" /><INIT seed="0,1,0,0,1,101" ten="289,211,250,250" oya="0" hai0="51,6,8,74,28,21,71,61,105,99,35,7,75" hai1="79,125,18,95,92,25,41,123,115,54,26,78,106" hai2="76,134,65,19,66,112,39,132,36,32,108,88,3" hai3="133,40,50,131,110,4,129,14,59,124,37,130,80"/><T31/><D21/><U9/><E41/><V70/><F3/><W89/><G4/><T126/><D126/><U69/><E123/><V27/><F112/><W72/><G124/><T122/><D122/><U94/><E125/><V97/><F76/><W119/><G119/><T103/><D7/><U113/><E69/><V11/><F108/><W46/><G110/><T53/><D31/><U102/><E54/><V100/><F11/><W86/><G72/><T33/><D33/><U47/><E47/><V57/><F70/><W135/><G14/><T73/><D28/><U68/><E68/><V91/><F19/><W56/><REACH who="3" step="1"/><G37/><REACH who="3" ten="289,211,250,240" step="2"/><T2/><D35/><U44/><E115/><V85/><F39/><W67/><G67/><T90/><D71/><U20/><E113/><V58/><F36/><W127/><G127/><T84/><D61/><U13/><E13/><V17/><F66/><W16/><G16/><T34/><D34/><U96/><E26/><V22/><F65/><W128/><N who="3" m="33280" /><DORA hai="23" /><W98/><G98/><T15/><D15/><U116/><E116/><V104/><F32/><W118/><G118/><T117/><D117/><U1/><E1/><V62/><F58/><AGARI ba="1,1" hai="40,46,50,56,58,59,80,86,89,133,135" m="33280" machi="58" ten="70,12000,2" yaku="1,1,19,1,53,4" doraHai="101,23" doraHaiUra="52,87" who="3" fromWho="2" sc="289,0,211,0,250,-123,240,133" /><INIT seed="1,0,0,4,4,31" ten="289,211,127,373" oya="1" hai0="57,63,133,118,44,19,108,0,6,47,65,79,80" hai1="22,102,51,67,78,103,69,73,77,95,54,112,121" hai2="34,39,23,14,116,130,36,134,110,88,5,85,90" hai3="27,87,76,10,64,128,89,42,26,55,56,60,75"/><U59/><E121/><V104/><F116/><W93/><G128/><T70/><D118/><U99/><E112/><V98/><F110/><W107/><G107/><T105/><D108/><U120/><E120/><V1/><F134/><W101/><G42/><T9/><D133/><U125/><E125/><V12/><F130/><W8/><G101/><T48/><D105/><U135/><E135/><V2/><F34/><W21/><G75/><T38/><D38/><U32/><E32/><V35/><F35/><W49/><G76/><N who="1" m="29290" /><E73/><V68/><F68/><W129/><G26/><T37/><D37/><U106/><E106/><V96/><F104/><W3/><G3/><T119/><D119/><U30/><E69/><V11/><F11/><W17/><REACH who="3" step="1"/><G129/><REACH who="3" ten="289,211,127,363" step="2"/><T123/><D123/><U25/><E67/><V43/><F85/><W18/><G18/><T127/><D127/><U62/><E103/><V53/><F53/><W124/><G124/><T16/><D70/><AGARI ba="0,1" hai="8,10,17,21,27,49,55,56,60,64,70,87,89,93" machi="70" ten="30,3900,0" yaku="1,1,7,1,53,1" doraHai="31" doraHaiUra="13" who="3" fromWho="0" sc="289,-39,211,0,127,0,363,49" /><INIT seed="2,0,0,0,5,129" ten="250,211,127,412" oya="2" hai0="86,101,112,47,6,70,32,9,80,78,5,85,26" hai1="56,94,61,92,100,82,98,132,93,67,89,84,10" hai2="48,114,1,3,36,108,120,105,74,81,116,42,119" hai3="106,11,79,15,28,19,127,107,109,77,16,23,8"/><V121/><F121/><W63/><G106/><T43/><D112/><U64/><E132/><V87/><F48/><W122/><G107/><T66/><D70/><U2/><E2/><V50/><F50/><W31/><G122/><T0/><D66/><U65/><REACH who="1" step="1"/><E10/><REACH who="1" ten="250,201,127,412" step="2"/><V133/><F133/><W30/><G8/><T123/><D123/><U53/><AGARI ba="0,1" hai="53,56,61,64,65,67,82,84,89,92,93,94,98,100" machi="53" ten="30,7900,0" yaku="1,1,2,1,0,1,8,1,53,0" doraHai="129" doraHaiUra="14" who="1" fromWho="1" sc="250,-20,201,89,127,-39,412,-20" /><INIT seed="3,0,0,2,1,12" ten="230,290,88,392" oya="3" hai0="71,111,123,4,54,134,110,88,27,102,32,109,115" hai1="76,50,13,59,72,29,135,37,120,33,91,82,30" hai2="108,68,127,130,96,77,18,44,5,133,35,48,19" hai3="11,38,95,126,9,93,69,31,2,114,116,67,63"/><W104/><G116/><T8/><D123/><U15/><E37/><V99/><F99/><W25/><G114/><T103/><D115/><U52/><E120/><V28/><F68/><W98/><G38/><T107/><D71/><U92/><E135/><V36/><F108/><W62/><G62/><T61/><D134/><U112/><E112/><V84/><F127/><W101/><G126/><T100/><D61/><U132/><E132/><V39/><F133/><W117/><G117/><T124/><D124/><U21/><E33/><V45/><F45/><W7/><REACH who="3" step="1"/><G9/><REACH who="3" ten="230,290,88,382" step="2"/><T6/><D8/><U105/><E105/><V46/><F46/><W0/><G0/><T58/><D107/><U119/><E119/><V125/><F125/><W49/><G49/><T89/><D4/><U79/><E50/><V81/><F130/><W75/><G75/><T74/><D74/><U118/><E118/><V73/><F5/><W78/><G78/><T3/><D6/><U10/><E79/><V55/><F73/><W128/><G128/><T16/><D3/><U41/><E76/><V40/><F84/><W56/><G56/><T66/><D66/><U42/><E59/><V43/><F81/><W22/><AGARI ba="0,1" hai="2,7,11,22,25,31,63,67,69,93,95,98,101,104" machi="22" ten="20,7800,0" yaku="1,1,0,1,7,1,53,1" doraHai="12" doraHaiUra="24" who="3" fromWho="3" sc="230,-26,290,-26,88,-26,382,88" /><INIT seed="3,1,0,2,3,16" ten="204,264,62,470" oya="3" hai0="61,58,17,30,51,106,98,9,127,20,112,86,81" hai1="115,11,8,68,132,123,93,34,130,47,55,26,43" hai2="116,103,113,23,39,10,92,99,77,122,120,53,110" hai3="96,44,125,67,19,29,37,109,74,69,14,71,15"/><W54/><G74/><T91/><D112/><U94/><E123/><V0/><F39/><W25/><G14/><T97/><D127/><U108/><E115/><V128/><F128/><W85/><G125/><T117/><D117/><U84/><E130/><V107/><F110/><W2/><G2/><T75/><D106/><U76/><E108/><V56/><F107/><W66/><G69/><T111/><D111/><U73/><E73/><V83/><F113/><W80/><G71/><T78/><D30/><U27/><E68/><V72/><F116/><W105/><G37/><T65/><D9/><N who="1" m="3659" /><E34/><V119/><F119/><W18/><G18/><T28/><D28/><U64/><E64/><V4/><REACH who="2" step="1"/><F23/><REACH who="2" ten="204,264,52,470" step="2"/><N who="3" m="15551" /><G109/><T48/><D98/><U33/><E33/><V89/><F89/><N who="3" m="51367" /><G96/><T82/><D97/><U70/><E70/><V38/><F38/><W124/><G105/><T102/><D102/><U90/><E90/><V118/><F118/><W12/><G124/><T36/><REACH who="0" step="1"/><D36/><REACH who="0" ten="194,264,52,470" step="2"/><U5/><E76/><V87/><F87/><W134/><G134/><T62/><D62/><AGARI ba="1,2" hai="0,4,10,53,56,62,72,77,83,92,99,103,120,122" machi="62" ten="40,2600,0" yaku="1,1,53,1" doraHai="16" doraHaiUra="52" who="2" fromWho="0" sc="194,-29,264,0,52,49,470,0" /><INIT seed="4,0,0,5,2,84" ten="165,264,101,470" oya="0" hai0="16,48,40,12,66,103,120,101,88,93,118,35,106" hai1="91,87,22,94,29,95,4,52,20,59,7,116,28" hai2="54,37,99,110,78,114,90,96,89,68,2,49,8" hai3="17,27,61,70,0,130,135,43,10,77,5,38,34"/><T31/><D120/><U122/><E116/><V125/><F125/><W128/><G77/><T124/><D124/><U119/><E119/><V97/><F97/><W129/><G17/><T62/><D118/><U79/><E122/><V58/><F68/><W85/><G85/><T102/><D106/><U36/><E36/><V83/><F114/><W72/><G135/><T69/><D35/><U51/><E79/><V115/><F115/><W57/><G57/><T53/><D40/><U3/><E3/><V86/><F86/><W92/><G92/><T75/><D31/><N who="1" m="11851" /><E95/><V18/><F110/><W6/><G6/><AGARI ba="0,0" hai="4,6,7,20,22,51,52,59,87,91,94" m="11851" machi="6" ten="30,3900,0" yaku="8,1,52,1,54,1" doraHai="84" who="1" fromWho="3" sc="165,0,264,39,101,0,470,-39" /><INIT seed="5,0,0,2,3,53" ten="165,303,101,431" oya="1" hai0="45,115,52,64,113,27,74,17,107,100,12,109,36" hai1="35,15,54,128,4,68,75,125,28,76,31,11,18" hai2="87,42,6,110,32,71,61,39,72,59,111,124,129" hai3="7,92,80,65,84,117,133,67,13,40,62,14,78"/><U103/><E128/><V97/><F72/><W26/><G117/><T66/><D109/><U90/><E68/><V69/><F124/><W22/><G133/><T43/><D74/><U38/><E38/><V19/><F129/><W77/><G40/><T85/><D27/><U127/><E103/><V2/><F32/><W57/><G67/><T91/><D100/><U96/><E75/><V44/><F97/><W89/><G7/><T29/><D29/><N who="1" m="11339" /><E35/><V106/><F106/><W10/><G10/><T118/><D107/><U131/><E76/><N who="3" m="29290" /><G80/><T123/><D123/><U122/><E122/><V93/><F19/><AGARI ba="0,0" hai="13,14,19,22,26,57,62,65,84,89,92" m="29290" machi="19" ten="30,2000,0" yaku="8,1,52,1" doraHai="53" who="3" fromWho="2" sc="165,0,303,0,101,-20,431,20" /><INIT seed="6,0,0,1,1,113" ten="165,303,81,451" oya="2" hai0="128,100,86,9,94,63,40,74,117,111,116,27,36" hai1="57,69,75,31,123,70,16,5,32,81,125,25,61" hai2="30,38,13,71,64,96,106,118,42,83,65,131,4" hai3="11,135,1,134,33,79,26,103,60,55,2,43,68"/><V78/><F118/><N who="0" m="45674" /><D74/><U46/><E123/><V132/><F131/><W129/><G129/><T47/><D128/><U12/><E5/><V50/><F132/><N who="3" m="50731" /><G79/><T119/><D111/><U87/><E46/><N who="2" m="25943" /><F38/><W24/><G43/><T58/><N who="0" m="45682" /><T62/><DORA hai="88" /><D9/><U37/><E37/><V91/><F71/><W104/><G68/><T7/><D7/><U17/><E75/><V67/><F30/><N who="3" m="19655" /><G26/><T15/><D15/><U101/><E17/><V127/><F127/><W10/><G103/><T102/><D63/><U53/><E125/><V20/><F106/><W8/><G104/><T109/><D27/><U93/><E25/><V49/><F49/><W56/><AGARI ba="0,0" hai="1,2,8,10,11,55,56,60" m="19655,50731" machi="56" ten="40,1500,0" yaku="20,1" doraHai="113,88" who="3" fromWho="3" sc="165,-4,303,-4,81,-7,451,15" /><INIT seed="7,0,0,2,4,1" ten="161,299,74,466" oya="3" hai0="40,103,64,60,115,23,82,41,133,86,74,38,9" hai1="54,93,116,120,20,7,135,33,49,130,91,45,13" hai2="8,17,68,29,46,67,63,16,134,132,58,119,111" hai3="11,2,0,104,79,50,123,95,15,3,96,107,57"/><W43/><G123/><T66/><D133/><U4/><E33/><V110/><F119/><W106/><G79/><T53/><D74/><U88/><E116/><V10/><F68/><W24/><G24/><T77/><D115/><U97/><E135/><N who="2" m="51755" /><F46/><W30/><G30/><T83/><D103/><U89/><E130/><V47/><F47/><W126/><G126/><T121/><D121/><U31/><E120/><V128/><F63/><W76/><G76/><T90/><D38/><U52/><E54/><V56/><F67/><N who="0" m="25642" /><D23/><U78/><E78/><V117/><F117/><W81/><G81/><T102/><D9/><N who="2" m="3690" /><F29/><W101/><G43/><T32/><D32/><U70/><E70/><V42/><F42/><W6/><G50/><T65/><D102/><U100/><E31/><V92/><F92/><W39/><REACH who="3" step="1"/><G57/><REACH who="3" ten="161,299,74,456" step="2"/><N who="2" m="22121" /><F128/><W105/><N who="3" m="27136" /><DORA hai="72" /><W108/><G108/><AGARI ba="0,1" hai="16,17,108,110,111" m="22121,3690,51755" machi="108" ten="40,8000,1" yaku="28,2,20,1,54,1" doraHai="1,72" who="2" fromWho="3" sc="161,0,299,0,74,90,456,-80" owari="161,-34.0,299,10.0,164,-24.0,376,48.0" /></mjloggm>