<mjloggm ver="2.3"><GO type="97" lobby="0"/><UN n0="%E5%B0%81%E7%A5%9E%E2%98%85%E3%81%99%E3%81%9A" n1="%E3%82%A6%E3%83%AB%E3%83%88%E3%83%A9%E7%AB%8B%E7%9B%B4" n2="%6D%6F%72%73%68" n3="%E6%96%B0%E4%B8%96%E7%95%8C%E3%81%AE%E7%B4%99" dan="15,14,13,14" rate="2002.65,1938.73,1862.41,1938.56" sx="F,M,M,M"/><TAIKYOKU oya="0"/><INIT seed="0,0,0,3,1,8" ten="250,250,250,250" oya="0" hai0="71,13,79,118,89,94,80,119,56,82,112,96,127" hai1="31,129,61,58,2,116,97,45,113,68,106,92,54" hai2="126,10,6,57,28,1,38,41,21,42,98,110,25" hai3="52,0,19,108,105,39,12,135,134,51,69,78,128"/><T4/><D71/><U24/><E2/><V59/><F110/><W73/><G108/><T122/><D122/><U114/><E116/><V65/><F126/><W131/><G0/><T3/><D3/><U17/><E129/><N who="3" m="49738" /><G39/><T86/><D127/><U76/><E76/><V121/><F121/><W35/><G105/><T27/><D112/><N who="1" m="43115" /><E106/><V62/><F38/><W44/><G35/><T85/><D27/><U11/><E68/><V107/><F107/><W30/><G30/><T55/><D4/><U37/><E37/><V109/><F109/><W15/><G69/><T32/><D32/><N who="1" m="20583" /><E45/><V124/><F124/><W120/><G120/><T87/><D119/><U18/><E11/><V95/><REACH who="2" step="1"/><F59/><REACH who="2" ten="250,250,240,250" step="2"/><W29/><G135/><T66/><D118/><U64/><E64/><V125/><F125/><W90/><G134/><T102/><D66/><U99/><E92/><V9/><F9/><W48/><G73/><T104/><D104/><U84/><E84/><V16/><F16/><AGARI ba="0,1" hai="16,17,18,54,58,61,97,99" m="20583,43115" machi="16" ten="30,2000,0" yaku="11,1,54,1" doraHai="8" who="1" fromWho="2" sc="250,0,250,30,240,-20,250,0" /><INIT seed="1,0,0,1,5,5" ten="250,280,220,250" oya="1" hai0="127,63,128,105,12,21,125,14,26,53,93,22,87" hai1="78,107,11,109,75,23,31,34,67,80,132,4,58" hai2="74,76,47,16,88,1,94,111,92,103,25,118,79" hai3="46,45,44,71,59,56,42,96,86,60,135,100,99"/><U89/><E107/><V35/><F1/><W17/><G135/><T51/><D105/><U7/><E34/><V64/><F118/><W81/><G42/><T50/><D128/><U52/><E132/><V124/><F64/><W15/><G71/><T43/><D63/><U32/><E32/><V28/><F111/><W131/><G131/><T30/><D127/><U33/><E33/><V116/><F116/><W84/><G84/><T130/><D130/><U68/><E109/><V13/><F124/><W108/><G108/><T73/><D73/><U57/><E68/><V38/><F74/><W66/><G59/><T110/><D110/><U114/><E114/><V20/><F103/><W40/><G100/><T82/><D93/><U102/><E102/><V104/><F104/><W90/><REACH who="3" step="1"/><G40/><REACH who="3" ten="250,280,220,240" step="2"/><T10/><D125/><U98/><E57/><V95/><F38/><W41/><G41/><T115/><D115/><U36/><E67/><V69/><F69/><W8/><AGARI ba="0,1" hai="8,15,17,44,45,46,56,60,66,81,86,90,96,99" machi="8" ten="30,8000,1" yaku="1,1,0,1,8,1,52,1,53,1" doraHai="5" doraHaiUra="54" who="3" fromWho="3" sc="250,-20,280,-40,220,-20,240,90" /><INIT seed="2,0,0,5,5,39" ten="230,240,200,330" oya="2" hai0="85,106,9,70,104,13,8,43,29,77,20,111,83" hai1="81,80,126,91,120,67,7,23,119,26,62,69,17" hai2="76,5,72,41,31,35,117,51,25,75,88,50,33" hai3="99,110,127,133,16,34,47,24,124,130,116,12,74"/><V30/><F117/><W53/><G74/><T18/><D70/><U97/><E119/><V87/><F5/><W44/><G116/><T71/><D71/><U79/><E126/><N who="3" m="48170" /><G110/><T90/><D111/><U6/><E120/><V92/><F76/><W48/><G99/><T2/><D104/><U38/><E38/><V59/><F51/><W63/><G63/><T108/><D106/><U73/><E97/><V40/><F72/><W132/><G47/><T19/><D108/><U89/><REACH who="1" step="1"/><E81/><REACH who="1" ten="230,230,200,330" step="2"/><V37/><F37/><W0/><G133/><T46/><D2/><U96/><E96/><V68/><F75/><W123/><G0/><T105/><D105/><U118/><E118/><V36/><F36/><W95/><G132/><T115/><D115/><U100/><E100/><V94/><F68/><W102/><G102/><T1/><D1/><U57/><E57/><V82/><F82/><W14/><G123/><T78/><D78/><U129/><E129/><V21/><F94/><W131/><G95/><T107/><D77/><U3/><E3/><V112/><F112/><W4/><G131/><T56/><D107/><U45/><E45/><V42/><REACH who="2" step="1"/><F31/><REACH who="2" ten="230,230,190,330" step="2"/><W93/><G93/><T10/><D29/><U55/><E55/><AGARI ba="0,2" hai="21,25,30,33,35,40,41,42,50,55,59,87,88,92" machi="55" ten="40,18000,2" yaku="1,1,2,1,52,3,54,1,53,1" doraHai="39" doraHaiUra="52" who="2" fromWho="1" sc="230,0,230,-180,190,200,330,0" /><INIT seed="2,1,0,5,2,92" ten="230,50,390,330" oya="2" hai0="35,1,98,86,69,120,41,46,112,6,81,24,53" hai1="55,130,132,60,16,73,51,45,7,78,125,100,49" hai2="62,119,80,28,109,116,115,59,42,38,63,110,82" hai3="2,83,101,58,99,124,15,107,67,104,94,43,31"/><V66/><F28/><W114/><G2/><T36/><D112/><U70/><E78/><V111/><F80/><W106/><G124/><T71/><D120/><U95/><E73/><V12/><F82/><W131/><G131/><T4/><D53/><U74/><E74/><V0/><F0/><W54/><G114/><T85/><D85/><U64/><E130/><V48/><F115/><W122/><G122/><T72/><D24/><U126/><E7/><V44/><F12/><W47/><G67/><T68/><D35/><U75/><E75/><V127/><F127/><W34/><G83/><T13/><D13/><U56/><E132/><V17/><F17/><W11/><G31/><T18/><D18/><U25/><E25/><V9/><F9/><W128/><G34/><T90/><D1/><U96/><REACH who="1" step="1"/><E16/><REACH who="1" ten="230,40,390,330" step="2"/><V134/><F134/><W93/><G128/><T29/><D29/><U61/><E61/><N who="2" m="38207" /><F38/><W39/><G39/><T133/><D133/><U105/><E105/><V97/><F97/><W8/><G107/><T20/><D72/><U10/><E10/><V40/><F40/><AGARI ba="1,1" hai="40,45,49,51,55,56,60,64,70,95,96,100,125,126" machi="40" ten="40,2600,0" yaku="1,1,52,1,53,0" doraHai="92" doraHaiUra="77" who="1" fromWho="2" sc="230,0,40,39,390,-29,330,0" /><INIT seed="3,0,0,1,5,72" ten="230,79,361,330" oya="3" hai0="102,22,121,76,112,122,87,15,82,42,43,52,6" hai1="13,74,44,38,113,26,94,28,84,103,37,78,64" hai2="49,117,3,126,65,92,73,57,105,7,4,109,104" hai3="99,14,83,20,30,29,128,58,123,40,70,66,60"/><W46/><G123/><T124/><D122/><U85/><E113/><V101/><F73/><W56/><G128/><T31/><D112/><U27/><E74/><V45/><F117/><W133/><G133/><T110/><D121/><U116/><E116/><V67/><F3/><W50/><G99/><T51/><D110/><U129/><E103/><V21/><F109/><W33/><G33/><T41/><D124/><U61/><E13/><V132/><F126/><W53/><G83/><T19/><D102/><U39/><E94/><V25/><F104/><W36/><G58/><T77/><D31/><U135/><E28/><N who="2" m="17455" /><F105/><W63/><G63/><T16/><D6/><N who="2" m="2090" /><F57/><W1/><G1/><T130/><D130/><U96/><E129/><V131/><F131/><W93/><G93/><T114/><D19/><AGARI ba="0,0" hai="14,19,20,29,30,36,40,46,50,53,56,60,66,70" machi="19" ten="40,3900,0" yaku="24,2" doraHai="72" who="3" fromWho="0" sc="230,-39,79,0,361,0,330,39" owari="191,-21.0,79,-42.0,361,16.0,369,47.0" /></mjloggm>