<mjloggm ver="2.3"><GO type="97" lobby="0"/><UN n0="%E6%A1%83%E8%89%B2%E5%9B%9B%E8%91%89" n1="%E3%82%A6%E3%83%AB%E3%83%88%E3%83%A9%E7%AB%8B%E7%9B%B4" n2="%61%74%74%79%61%6E" n3="%E7%99%BD%E7%81%AB" dan="15,14,13,15" rate="1990.57,1957.21,1905.60,2019.95" sx="M,M,M,M"/><TAIKYOKU oya="0"/><INIT seed="0,0,0,0,4,70" ten="250,250,250,250" oya="0" hai0="88,10,24,72,71,56,34,122,18,131,51,114,120" hai1="89,134,21,58,93,33,4,76,43,94,83,50,64" hai2="22,28,62,79,73,37,106,35,19,108,116,129,45" hai3="82,86,112,32,78,5,128,75,49,101,7,42,41"/><T6/><D114/><U135/><E33/><V132/><F108/><W3/><G112/><T65/><D131/><U26/><E4/><V46/><F132/><N who="1" m="50729" /><E64/><V102/><F129/><W47/><G128/><T99/><D71/><U96/><E93/><V44/><F62/><W38/><G32/><T30/><D72/><N who="1" m="43399" /><E58/><V60/><F60/><W97/><G3/><T55/><D65/><U14/><E14/><V59/><F59/><W95/><REACH who="3" step="1"/><G75/><REACH who="3" ten="250,250,250,240" step="2"/><T90/><D34/><U54/><E43/><V9/><F73/><W25/><G25/><T66/><D24/><U67/><E67/><V68/><F35/><W8/><G8/><T16/><D10/><U125/><E125/><V105/><F9/><W87/><G87/><T39/><D66/><U110/><E110/><V63/><F68/><W2/><G2/><T31/><D18/><N who="1" m="12599" /><E54/><V92/><F116/><W98/><G98/><T48/><D99/><U84/><E96/><V85/><F85/><W80/><G80/><T124/><D55/><U57/><E57/><V126/><F126/><W27/><G27/><T117/><D16/><U52/><E52/><V127/><F19/><W123/><G123/><T77/><D56/><U36/><E84/><V29/><F127/><W61/><G61/><T115/><D124/><U121/><E121/><N who="0" m="46697" /><D115/><U20/><E20/><V53/><F22/><W81/><G81/><T91/><D117/><U111/><E111/><V13/><F63/><W109/><G109/><T1/><D1/><U107/><E107/><V74/><F105/><W23/><G23/><T119/><D119/><U15/><E94/><RYUUKYOKU ba="0,1" sc="250,-10,250,-10,250,-10,240,30" hai3="5,7,38,41,42,47,49,78,82,86,95,97,101" /><INIT seed="1,1,1,3,5,74" ten="240,240,240,270" oya="1" hai0="14,48,43,56,77,57,109,104,47,81,31,116,100" hai1="13,37,5,132,131,7,50,121,69,0,41,122,30" hai2="59,11,92,19,87,44,127,106,86,61,63,12,2" hai3="112,83,84,89,53,35,130,26,55,111,96,18,65"/><U32/><E37/><V22/><F106/><W45/><G111/><T123/><D109/><U58/><E69/><V85/><F127/><W76/><G112/><T24/><D116/><U117/><E58/><V103/><F44/><W78/><G130/><T125/><D125/><U36/><E50/><V1/><F63/><W79/><G65/><T133/><D133/><U120/><E41/><V102/><F11/><W80/><G35/><T38/><D38/><U99/><E99/><V119/><F119/><W94/><G83/><T62/><D123/><U66/><E66/><V10/><F10/><W113/><G113/><T115/><D115/><U114/><E36/><V23/><F23/><N who="3" m="13687" /><G96/><T28/><D104/><U129/><E114/><V9/><F9/><W110/><G110/><T6/><D100/><U49/><E49/><V134/><F134/><W75/><G75/><T98/><D98/><U40/><E40/><V97/><REACH who="2" step="1"/><F103/><REACH who="2" ten="240,240,230,270" step="2"/><W118/><G118/><T93/><D62/><U105/><E105/><V124/><F124/><W71/><G71/><T4/><D47/><U33/><E132/><V73/><F73/><W64/><G45/><T108/><D108/><U52/><E117/><V68/><F68/><W88/><G64/><AGARI ba="1,2" hai="1,2,12,19,22,59,61,64,85,86,87,92,97,102" machi="64" ten="40,1300,0" yaku="1,1,53,0" doraHai="74" doraHaiUra="21" who="2" fromWho="3" sc="240,0,240,0,230,36,270,-16" /><INIT seed="2,0,0,2,1,95" ten="240,240,266,254" oya="2" hai0="11,1,16,68,87,37,112,17,107,64,82,106,97" hai1="118,14,42,3,129,124,101,111,33,24,22,91,47" hai2="113,70,30,13,134,88,76,36,2,61,52,4,56" hai3="79,72,39,135,99,32,29,21,20,23,48,7,130"/><V110/><F113/><W125/><G39/><T28/><D112/><U69/><E3/><V104/><F36/><W119/><G119/><T90/><D37/><U35/><E69/><V85/><F104/><W122/><G122/><T8/><D107/><U105/><E118/><V109/><F134/><W74/><G135/><T108/><D108/><N who="2" m="41578" /><F76/><W27/><G130/><T89/><D28/><U127/><E111/><V121/><F121/><W126/><G7/><T73/><D73/><U96/><E129/><V57/><F30/><W102/><G48/><T92/><D106/><U38/><E91/><V71/><F2/><W133/><G133/><T58/><D68/><U62/><E62/><N who="2" m="36103" /><F13/><W12/><G12/><T132/><D1/><U116/><E14/><V103/><F103/><W43/><G79/><T63/><D132/><U115/><E115/><V44/><F44/><W41/><G72/><T81/><D81/><U46/><E46/><V49/><F49/><W123/><G74/><T10/><AGARI ba="0,0" hai="8,10,11,16,17,58,63,64,82,87,89,90,92,97" machi="10" ten="30,7900,0" yaku="0,1,8,1,52,1,54,1" doraHai="95" who="0" fromWho="0" sc="240,79,240,-20,266,-39,254,-20" /><INIT seed="3,0,0,4,4,116" ten="319,220,227,234" oya="3" hai0="28,60,117,87,121,120,2,25,79,86,71,128,33" hai1="70,93,8,113,57,129,23,80,104,110,130,44,61" hai2="1,18,41,19,22,15,65,123,36,20,115,7,13" hai3="24,49,92,51,43,122,32,109,31,56,99,59,85"/><W14/><G122/><T126/><D117/><U73/><E104/><V46/><F115/><W9/><G109/><T52/><D2/><U35/><E35/><V27/><F65/><W94/><G85/><T64/><D128/><N who="1" m="49259" /><E113/><V133/><F133/><W42/><G94/><T34/><D34/><U4/><E110/><V88/><F27/><W48/><G56/><T72/><D126/><U12/><E70/><V77/><F77/><W111/><G59/><T125/><D125/><U132/><E132/><V102/><F102/><W90/><REACH who="3" step="1"/><G111/><REACH who="3" ten="319,220,227,224" step="2"/><T58/><D87/><U107/><E107/><V66/><F123/><W62/><G62/><T78/><D86/><U17/><E44/><V29/><F46/><W124/><G124/><T37/><D79/><N who="1" m="44143" /><E93/><V11/><F41/><W47/><G47/><T74/><D78/><U83/><E83/><V6/><F36/><W10/><G10/><T45/><D120/><U54/><E4/><AGARI ba="0,1" hai="4,9,14,24,31,32,42,43,48,49,51,90,92,99" machi="4" ten="40,2000,0" yaku="1,1,53,0" doraHai="116" doraHaiUra="131" who="3" fromWho="1" sc="319,0,220,-20,227,0,224,30" /><INIT seed="3,1,0,0,2,43" ten="319,200,227,254" oya="3" hai0="74,0,48,86,40,105,3,37,33,73,79,80,90" hai1="25,132,97,72,133,14,93,85,23,103,66,16,26" hai2="5,62,12,35,41,51,60,107,11,124,82,100,130" hai3="95,67,128,94,42,75,122,19,39,83,65,49,127"/><W31/><G122/><T46/><D33/><U134/><E72/><V61/><F35/><W125/><G39/><T71/><D71/><U118/><E118/><V108/><F130/><W27/><G128/><T38/><D74/><U58/><E85/><V99/><F124/><N who="3" m="47691" /><G19/><T45/><D105/><U28/><E28/><V113/><F113/><W68/><G95/><T9/><D9/><U131/><E131/><V30/><F30/><W21/><G94/><T18/><D18/><U56/><E66/><V116/><F108/><W59/><G68/><T117/><D117/><U47/><E47/><V119/><F119/><W17/><G17/><T129/><D38/><U81/><E81/><V126/><F126/><W55/><G42/><T78/><D129/><U106/><E106/><V52/><F116/><W92/><G92/><T24/><D24/><AGARI ba="1,0" hai="14,16,23,24,25,26,56,58,93,97,103,132,133,134" machi="24" ten="40,2600,0" yaku="20,1,54,1" doraHai="43" who="1" fromWho="0" sc="319,-29,200,29,227,0,254,0" /><INIT seed="4,0,0,3,4,75" ten="290,229,227,254" oya="0" hai0="125,33,132,39,73,29,36,76,113,79,133,65,62" hai1="86,96,135,128,104,46,37,74,107,32,94,103,14" hai2="4,16,83,13,110,3,53,92,84,81,0,20,123" hai3="54,45,30,122,68,95,56,66,90,77,59,2,91"/><T69/><D113/><U120/><E32/><V119/><F123/><W5/><G122/><T124/><D29/><U108/><E120/><V9/><F110/><W38/><G30/><T97/><D33/><U82/><E108/><V35/><F119/><W15/><G2/><T121/><D121/><U42/><E128/><V117/><F117/><W21/><G91/><T24/><D24/><U41/><E135/><N who="0" m="51785" /><D97/><U31/><E74/><V49/><F35/><W6/><G77/><N who="0" m="29771" /><D73/><U130/><E130/><V48/><F48/><W99/><G38/><AGARI ba="0,0" hai="36,38,39,62,65,69,124,125" m="29771,51785" machi="38" ten="40,12000,1" yaku="20,1,52,3" doraHai="75" who="0" fromWho="3" sc="290,120,229,0,227,0,254,-120" owari="410,51.0,229,3.0,227,-17.0,134,-37.0" /></mjloggm>