<mjloggm ver="2.3"><GO type="97" lobby="0"/><UN n0="%E6%9D%BE%E5%B3%B6" n1="%E3%82%A6%E3%83%AB%E3%83%88%E3%83%A9%E7%AB%8B%E7%9B%B4" n2="%E9%BA%BB%E9%9B%80%E9%81%8A%E6%88%AF" n3="%E3%83%80%E3%83%9E%E3%81%AE%E9%BE%8D" dan="13,15,13,14" rate="1876.32,2024.24,1857.94,1850.54" sx="M,M,M,M"/><TAIKYOKU oya="0"/><INIT seed="0,0,0,1,2,111" ten="250,250,250,250" oya="0" hai0="40,69,59,110,8,64,53,132,18,102,122,93,128" hai1="21,75,23,38,30,2,48,39,56,49,25,17,44" hai2="45,27,91,60,105,121,135,103,119,19,120,0,35" hai3="66,129,116,113,47,61,65,9,62,55,86,126,97"/><T70/><D122/><U112/><E2/><V15/><F0/><W114/><G116/><T96/><D110/><U83/><E75/><V130/><F135/><W32/><G32/><T37/><D128/><U36/><E83/><V107/><F130/><W67/><G129/><T77/><D77/><U41/><E49/><V4/><F119/><W54/><G97/><T68/><D132/><U134/><E134/><V101/><F4/><W94/><G9/><T98/><D98/><U99/><E99/><V63/><F45/><W22/><G22/><T117/><D117/><U133/><E133/><V13/><F91/><W28/><G28/><T84/><D84/><U78/><E78/><V3/><F3/><W74/><G74/><T88/><D102/><U108/><E108/><V131/><F131/><W90/><G126/><T52/><D40/><U33/><E33/><V92/><F92/><W51/><REACH who="3" step="1"/><G54/><REACH who="3" ten="250,250,250,240" step="2"/><T100/><D53/><U109/><E109/><V42/><F42/><W1/><G1/><T34/><D34/><U6/><E23/><V118/><F118/><W16/><G16/><T106/><D18/><U29/><E17/><V7/><F19/><W50/><G50/><N who="0" m="31127" /><D8/><U71/><E29/><V85/><F35/><W58/><G58/><T26/><D37/><U115/><E6/><V79/><F7/><W95/><G95/><T82/><D82/><U14/><E71/><V31/><F31/><W20/><G20/><T24/><D64/><U125/><E125/><V72/><F72/><W57/><G57/><T10/><D10/><U81/><E56/><V43/><F121/><RYUUKYOKU ba="0,1" sc="250,15,250,-15,250,-15,240,15" hai0="24,26,68,69,70,88,93,96,100,106" hai3="47,51,55,61,62,65,66,67,86,90,94,113,114" /><INIT seed="0,1,1,5,5,132" ten="265,235,235,255" oya="0" hai0="25,24,5,7,79,135,48,72,26,9,80,104,10" hai1="96,113,88,117,52,31,32,75,129,109,11,91,29" hai2="44,1,16,92,70,128,102,134,66,45,78,34,84" hai3="126,65,95,67,63,74,68,62,17,23,42,51,47"/><T61/><D104/><U123/><E75/><V15/><F34/><W18/><G74/><T35/><D135/><U69/><E69/><V133/><F1/><W103/><G126/><T0/><D61/><U81/><E123/><V60/><F78/><W39/><G39/><T33/><REACH who="0" step="1"/><D48/><REACH who="0" ten="255,235,235,255" step="2"/><U41/><E117/><V112/><F112/><W121/><G121/><T59/><D59/><U86/><E113/><V43/><F128/><W87/><G63/><T38/><D38/><U125/><E129/><V55/><F133/><W85/><G62/><T57/><D57/><U30/><E32/><V64/><F134/><W83/><G68/><T111/><D111/><U37/><E109/><V21/><F66/><W54/><G67/><T131/><D131/><U13/><E37/><V50/><F43/><W27/><G65/><T56/><D56/><U93/><E41/><V101/><F45/><W76/><G42/><T100/><D100/><U108/><E108/><V105/><REACH who="2" step="1"/><F105/><REACH who="2" ten="255,235,225,255" step="2"/><W110/><G110/><T120/><D120/><U118/><E118/><V28/><F28/><W90/><G103/><T20/><D20/><U98/><E31/><AGARI ba="1,3" hai="17,18,23,27,31,47,51,54,76,83,85,87,90,95" machi="31" ten="30,2000,0" yaku="7,1,8,1" doraHai="132" who="3" fromWho="1" sc="255,0,235,-23,225,0,255,53" /><INIT seed="1,0,0,4,0,132" ten="255,212,225,308" oya="1" hai0="39,113,9,3,30,22,134,127,107,16,131,111,60" hai1="12,89,26,62,102,45,48,52,108,124,42,73,10" hai2="68,47,41,118,57,130,2,70,0,90,117,81,101" hai3="61,1,51,78,24,6,55,95,59,110,123,54,87"/><U58/><E73/><V63/><F130/><W31/><G123/><T43/><D107/><U105/><E108/><V71/><F101/><W114/><G114/><T116/><D43/><U72/><E72/><V44/><F41/><W49/><G110/><T125/><D39/><U128/><E128/><V38/><F38/><W21/><G1/><N who="2" m="617" /><F90/><W129/><G129/><T66/><D116/><N who="2" m="44650" /><F81/><W37/><G6/><N who="0" m="1247" /><D131/><U122/><E122/><V40/><F40/><W109/><G109/><T4/><D111/><U13/><E102/><V46/><F57/><W7/><G7/><T115/><D60/><AGARI ba="0,0" hai="44,46,47,60,63,68,70,71" m="44650,617" machi="60" ten="50,3200,0" yaku="28,2" doraHai="132" who="2" fromWho="0" sc="255,-32,212,0,225,32,308,0" /><INIT seed="2,0,0,4,5,99" ten="223,212,257,308" oya="2" hai0="109,120,1,63,36,83,125,123,29,19,81,49,73" hai1="43,127,102,82,118,119,77,70,131,62,35,122,11" hai2="84,114,117,34,21,7,32,57,91,74,41,88,94" hai3="92,107,80,27,129,72,51,108,93,66,133,135,0"/><V52/><F114/><W8/><G107/><T60/><D125/><U101/><E35/><V71/><F71/><W9/><G66/><T100/><D1/><U67/><E127/><V6/><F117/><W42/><G27/><T105/><D36/><U31/><E31/><V124/><F124/><W22/><G22/><T48/><D19/><U69/><E69/><V47/><F74/><W116/><G116/><T37/><D37/><U44/><E122/><V23/><F34/><W2/><G108/><T68/><D109/><U104/><E131/><V90/><F32/><W12/><G129/><T55/><D55/><U25/><E25/><V46/><F41/><W26/><G26/><T110/><D68/><U86/><E104/><V56/><F90/><W39/><G39/><T115/><D29/><U85/><E119/><V3/><F3/><W17/><G8/><T59/><D59/><U5/><E86/><V112/><F112/><W53/><G42/><T126/><D115/><U13/><E118/><V75/><F75/><W30/><G30/><T134/><D73/><U14/><E14/><V40/><F40/><W95/><G72/><T61/><D126/><U113/><E113/><V76/><F76/><W106/><G80/><N who="0" m="30795" /><D110/><U64/><E64/><V50/><F50/><AGARI ba="0,0" hai="5,11,13,43,44,50,62,67,70,77,82,85,101,102" machi="50" ten="30,8000,1" yaku="7,1,25,2,52,2" doraHai="99" who="1" fromWho="2" sc="223,0,212,80,257,-80,308,0" /><INIT seed="3,0,0,1,3,14" ten="223,292,177,308" oya="3" hai0="12,93,1,57,17,83,25,86,47,121,32,103,126" hai1="85,16,122,82,56,22,23,68,8,125,60,37,21" hai2="15,35,18,49,114,44,29,5,69,7,109,55,129" hai3="76,116,95,110,67,40,48,51,52,79,74,72,50"/><W131/><G116/><T59/><D126/><U26/><E37/><V6/><F69/><W112/><G112/><T91/><D1/><U28/><E68/><V64/><F114/><W87/><G67/><T133/><D121/><U97/><E125/><V36/><F36/><W124/><G124/><T102/><D133/><U62/><E62/><V115/><F115/><W24/><G40/><T100/><D47/><U46/><E46/><V73/><F73/><W31/><G131/><T45/><D45/><U88/><E122/><V53/><F129/><W135/><G135/><T71/><D71/><U128/><E128/><V65/><F109/><W10/><G110/><T123/><D123/><U0/><E97/><V118/><F118/><W70/><G70/><T120/><D120/><U107/><E107/><V104/><F104/><W81/><G10/><N who="0" m="6295" /><D32/><U33/><E0/><V119/><F119/><W106/><G106/><T41/><D41/><U117/><E117/><V19/><F53/><W84/><G95/><T92/><D25/><U130/><E130/><V63/><F64/><W134/><G134/><T94/><AGARI ba="0,0" hai="57,59,83,86,91,92,93,94,100,102,103" m="6295" machi="94" ten="30,2000,0" yaku="8,1,52,1" doraHai="14" who="0" fromWho="0" sc="223,20,292,-5,177,-5,308,-10" /><INIT seed="4,0,0,2,2,46" ten="243,287,172,298" oya="0" hai0="127,49,114,90,61,83,103,92,30,8,98,17,19" hai1="106,25,38,91,21,122,132,33,37,64,14,102,78" hai2="125,104,28,7,35,120,134,4,53,67,74,117,3" hai3="93,88,82,24,27,105,52,115,36,97,63,108,13"/><T66/><D127/><U81/><E122/><V18/><F74/><W87/><G108/><T12/><D114/><U2/><E2/><V100/><F104/><W76/><G36/><T26/><D49/><U96/><E132/><V65/><F100/><W85/><G115/><T72/><D19/><U32/><E32/><V112/><F112/><W29/><G13/><T94/><D72/><U59/><E91/><V89/><F120/><W107/><G24/><T71/><D83/><U133/><E133/><V68/><F117/><W57/><G97/><T121/><D121/><U47/><E47/><V55/><F125/><W79/><G79/><T39/><D39/><U54/><E64/><V129/><F134/><W69/><G69/><T16/><D17/><U118/><E14/><V70/><F129/><W11/><G11/><T31/><REACH who="0" step="1"/><D26/><REACH who="0" ten="233,287,172,298" step="2"/><U42/><E37/><V75/><F75/><W48/><G48/><T44/><D44/><U41/><E38/><V45/><F45/><W73/><G73/><T113/><D113/><U101/><E25/><V20/><F28/><W135/><G135/><T40/><D40/><U111/><E42/><V51/><F35/><AGARI ba="0,1" hai="27,29,35,52,57,63,76,82,85,87,88,93,105,107" machi="35" ten="30,3900,0" yaku="7,1,54,2" doraHai="46" who="3" fromWho="2" sc="233,0,287,0,172,-39,298,49" owari="233,-17.0,287,9.0,133,-37.0,347,45.0" /></mjloggm>