<mjloggm ver="2.3"><GO type="169" lobby="0"/><UN n0="%E9%AD%94%E7%8E%8B%E3%81%93%E3%81%A3%E3%81%BA%E3%81%B1%E3%82%93" n1="%E3%83%8C%E3%83%83%E3%83%97" n2="%E4%B8%AD%E7%94%B0%E3%83%A4%E3%82%B9%E3%82%BF%E3%82%AB" n3="%E3%82%A6%E3%83%AB%E3%83%88%E3%83%A9%E7%AB%8B%E7%9B%B4" dan="17,16,16,17" rate="2118.59,2077.24,2055.94,2153.80" sx="M,M,M,M"/><TAIKYOKU oya="0"/><INIT seed="0,0,0,3,2,60" ten="250,250,250,250" oya="0" hai0="16,2,51,135,26,74,19,76,111,25,55,27,75" hai1="120,102,64,45,122,18,7,5,84,15,117,4,80" hai2="61,54,47,44,1,125,133,92,68,32,134,36,97" hai3="20,87,127,110,21,124,89,6,70,73,83,65,14"/><T106/><D106/><U13/><E117/><V48/><F32/><W77/><G110/><T116/><D116/><U71/><E102/><V123/><F1/><W46/><G46/><T107/><D107/><U40/><E13/><V121/><F97/><W24/><G14/><T69/><D2/><U126/><E126/><N who="3" m="48170" /><G6/><T99/><D111/><U17/><E17/><V8/><F8/><W132/><G132/><N who="2" m="50793" /><F92/><N who="3" m="54335" /><G24/><T66/><D99/><U29/><E29/><V128/><F125/><W33/><G33/><T52/><D135/><U3/><E3/><V96/><F96/><W88/><G88/><T35/><D35/><U114/><E15/><V56/><F128/><W23/><G70/><T101/><D69/><U129/><E18/><V39/><F47/><W82/><G82/><T108/><D108/><U91/><E129/><V109/><F109/><W115/><G115/><T34/><D34/><U93/><E80/><V42/><F68/><W38/><G38/><AGARI ba="0,0" hai="36,38,39,42,44,48,54,56,61,121,123" m="50793" machi="38" ten="30,3900,0" yaku="20,1,34,2" doraHai="60" who="2" fromWho="3" sc="250,0,250,0,250,39,250,-39" /><INIT seed="1,0,0,0,1,5" ten="250,250,289,211" oya="1" hai0="43,8,67,30,108,36,95,31,25,76,41,101,113" hai1="80,3,134,117,123,99,90,62,131,129,69,124,12" hai2="23,91,93,83,126,49,53,121,75,118,109,18,135" hai3="46,56,102,22,50,100,71,74,64,68,114,84,104"/><U20/><E117/><V92/><F121/><W29/><G74/><T122/><D122/><U79/><E123/><V70/><F118/><W133/><G114/><T106/><D106/><U127/><E3/><V60/><F109/><W89/><G133/><T107/><D107/><U9/><E20/><V61/><F135/><W10/><G104/><T17/><D76/><U130/><E134/><V47/><F70/><W54/><G68/><T96/><D113/><U33/><E33/><V128/><F128/><W14/><G71/><T87/><D108/><U37/><E37/><V51/><F126/><N who="1" m="48169" /><E90/><V103/><F75/><W1/><G1/><T27/><D36/><U110/><E99/><N who="2" m="59879" /><F83/><N who="3" m="49311" /><G22/><T38/><D87/><N who="1" m="48543" /><E110/><V111/><F111/><W78/><G29/><T2/><D38/><U73/><E73/><V85/><F51/><W88/><G78/><T65/><D31/><U72/><E72/><V105/><F105/><W28/><G88/><T82/><D30/><U45/><E45/><V120/><F120/><W55/><G28/><T52/><D2/><U39/><E39/><V125/><F125/><W16/><G64/><T97/><D67/><N who="1" m="41207" /><E131/><V15/><AGARI ba="0,0" hai="15,18,23,47,49,53,60,61,85,91,93" m="59879" machi="15" ten="30,1100,0" yaku="8,1" doraHai="5" who="2" fromWho="2" sc="250,-3,250,-5,289,11,211,-3" /><INIT seed="2,0,0,3,1,86" ten="247,245,300,208" oya="2" hai0="115,45,3,31,97,102,131,50,124,33,11,69,48" hai1="79,52,37,4,70,76,68,112,117,113,13,26,93" hai2="24,122,118,73,119,67,57,104,116,58,82,125,103" hai3="85,47,32,96,34,62,101,20,111,128,25,15,6"/><V36/><F36/><W92/><G111/><T42/><D124/><U18/><E37/><V91/><F125/><W0/><G128/><T9/><D115/><U23/><E70/><V1/><F1/><W39/><G0/><T99/><D131/><U51/><E68/><V121/><F67/><W55/><G15/><T110/><D69/><U132/><E117/><V127/><F127/><W83/><G6/><T80/><D3/><U54/><E54/><V72/><F24/><W7/><G7/><T134/><D134/><U135/><E79/><N who="2" m="44391" /><F57/><W14/><G14/><T64/><D64/><U126/><E76/><V43/><F43/><W41/><G62/><T12/><D110/><U98/><E126/><V10/><F10/><W19/><REACH who="3" step="1"/><G55/><REACH who="3" ten="247,245,300,198" step="2"/><T49/><D12/><U66/><E135/><V78/><F58/><W84/><G84/><T108/><D108/><U16/><E4/><V44/><F44/><W109/><G109/><T2/><D11/><N who="1" m="6207" /><E132/><V130/><F130/><W81/><G81/><T22/><D80/><U95/><E113/><V114/><F114/><W87/><G87/><T21/><D9/><U94/><E112/><V5/><F5/><W65/><G65/><T60/><D2/><U17/><E66/><V123/><F73/><W35/><G35/><T29/><D33/><U75/><E75/><V88/><F78/><AGARI ba="0,1" hai="19,20,25,32,34,39,41,47,78,83,85,92,96,101" machi="78" ten="30,2000,0" yaku="1,1,7,1,53,0" doraHai="86" doraHaiUra="106" who="3" fromWho="2" sc="247,0,245,0,300,-20,198,30" /><INIT seed="3,0,0,0,0,0" ten="247,245,280,228" oya="3" hai0="111,43,61,42,35,31,39,130,86,97,74,2,9" hai1="37,62,94,11,27,57,89,81,58,118,84,128,13" hai2="98,44,52,29,40,134,83,121,125,115,120,122,64" hai3="108,23,77,133,70,85,10,105,22,123,113,4,119"/><W106/><G123/><T82/><D74/><U53/><E118/><V109/><F29/><W49/><G119/><T99/><D130/><U102/><E128/><V76/><F115/><W1/><G113/><T30/><D111/><U15/><E37/><V135/><F98/><W101/><G70/><T38/><D61/><U131/><E131/><V45/><F83/><W80/><G108/><T25/><D31/><U116/><E116/><V5/><F109/><W19/><G133/><N who="2" m="50697" /><F76/><W69/><G69/><T124/><D124/><U6/><E27/><V95/><F95/><W51/><G22/><T67/><D67/><U103/><E94/><V26/><F26/><W60/><G60/><T73/><D39/><U126/><E126/><V56/><F64/><W107/><REACH who="3" step="1"/><G101/><REACH who="3" ten="247,245,280,218" step="2"/><T68/><D35/><U55/><E15/><AGARI ba="0,1" hai="1,4,10,15,19,23,49,51,77,80,85,105,106,107" machi="15" ten="40,12000,1" yaku="1,1,2,1,52,1,53,1" doraHai="0" doraHaiUra="12" who="3" fromWho="1" sc="247,0,245,-120,280,0,218,130" /><INIT seed="3,1,0,1,2,5" ten="247,125,280,348" oya="3" hai0="47,77,58,28,107,87,38,92,68,14,100,56,129" hai1="52,11,97,24,50,66,89,61,59,69,81,42,109" hai2="19,18,67,4,88,115,79,106,120,127,103,37,101" hai3="12,57,86,54,16,41,105,25,91,128,78,60,49"/><W114/><G105/><T76/><D68/><U45/><E109/><V102/><F120/><W26/><G128/><T74/><D129/><U39/><E24/><V40/><F115/><W132/><G78/><T119/><D28/><U2/><E97/><V126/><F67/><W96/><G96/><N who="0" m="61831" /><D76/><U65/><E65/><V72/><F106/><W15/><G15/><T64/><D64/><U70/><E70/><V31/><F31/><W83/><G132/><T13/><D38/><U71/><E71/><V0/><F37/><W23/><G114/><T122/><D47/><AGARI ba="1,0" hai="12,16,23,25,26,41,47,49,54,57,60,83,86,91" machi="47" ten="40,3900,0" yaku="8,1,54,1" doraHai="5" who="3" fromWho="0" sc="247,-42,125,0,280,0,348,42" /><INIT seed="3,2,0,3,5,91" ten="205,125,280,390" oya="3" hai0="22,105,28,99,31,64,126,118,88,21,51,40,29" hai1="48,7,47,69,102,95,52,81,110,55,74,44,32" hai2="80,11,13,12,111,5,115,58,75,90,82,23,63" hai3="68,134,79,43,133,27,97,108,33,129,50,100,6"/><W17/><G68/><T116/><D126/><U93/><E32/><V127/><F127/><W45/><G6/><T62/><D116/><U119/><E69/><V96/><F111/><W125/><G125/><T124/><D124/><U30/><E30/><V94/><F115/><W34/><G79/><T42/><D118/><U67/><E67/><V61/><F75/><W92/><G129/><T71/><D105/><U15/><E119/><V18/><REACH who="2" step="1"/><F63/><REACH who="2" ten="205,125,270,390" step="2"/><W130/><G108/><T78/><D62/><U19/><E110/><V57/><F57/><W16/><G130/><T128/><D128/><U121/><E121/><V73/><F73/><W72/><G72/><T85/><D71/><U65/><E74/><V59/><F59/><W26/><G134/><T41/><D64/><AGARI ba="2,1" hai="5,11,12,13,18,23,58,61,64,80,82,90,94,96" machi="64" ten="30,7700,0" yaku="1,1,7,1,8,1,52,1,53,0" doraHai="91" doraHaiUra="114" who="2" fromWho="0" sc="205,-83,125,0,270,93,390,0" /><INIT seed="4,0,0,5,1,77" ten="122,125,363,390" oya="0" hai0="99,125,124,8,51,34,129,50,90,53,123,30,112" hai1="59,37,133,83,29,92,108,23,55,56,94,15,107" hai2="18,130,106,91,44,80,48,96,27,22,10,118,57" hai3="11,97,128,1,69,68,84,17,13,26,47,117,58"/><T42/><D123/><U87/><E107/><V120/><F120/><W103/><G117/><T95/><D112/><U70/><E70/><V105/><F130/><W3/><G3/><T36/><D36/><U122/><E122/><V74/><F74/><W86/><G68/><T131/><D42/><U127/><E37/><V66/><F118/><W71/><G84/><T46/><D51/><U0/><E0/><V81/><F105/><W93/><G1/><T63/><D63/><U49/><E108/><V115/><F115/><W35/><G47/><T4/><D30/><U62/><E133/><V79/><F79/><W102/><G102/><T60/><D60/><U113/><E127/><N who="0" m="48713" /><D34/><U31/><E113/><V134/><F134/><W65/><G35/><T104/><D104/><U28/><E15/><AGARI ba="0,0" hai="4,8,15,46,50,53,90,95,99,129,131" m="48713" machi="15" ten="30,1500,0" yaku="18,1" doraHai="77" who="0" fromWho="1" sc="122,15,125,-15,363,0,390,0" /><INIT seed="4,1,0,2,1,73" ten="137,110,363,390" oya="0" hai0="41,37,2,29,26,13,97,44,64,8,55,63,118" hai1="132,81,124,38,88,115,43,125,3,4,20,56,51" hai2="129,48,85,90,126,58,28,98,1,70,11,117,45" hai3="27,113,6,102,94,47,10,79,67,86,120,36,106"/><T23/><D118/><U109/><E109/><V99/><F117/><W111/><G111/><T61/><D2/><U75/><E132/><V49/><F28/><W77/><G106/><T110/><D110/><U104/><E104/><V65/><F126/><N who="1" m="48745" /><E115/><V52/><F129/><W22/><G67/><T62/><D55/><N who="1" m="31871" /><E38/><V133/><F70/><W108/><G108/><T71/><REACH who="0" step="1"/><D97/><REACH who="0" ten="127,110,363,390" step="2"/><U31/><E43/><V24/><F133/><W54/><G54/><T32/><D32/><U92/><E3/><V105/><F1/><W19/><G120/><T0/><D0/><U103/><E103/><V53/><F98/><W96/><G113/><T39/><D39/><U46/><E4/><AGARI ba="1,1" hai="4,8,13,23,26,29,37,41,44,61,62,63,64,71" machi="4" ten="30,2900,0" yaku="1,1,7,1,53,0" doraHai="73" doraHaiUra="72" who="0" fromWho="1" sc="127,42,110,-32,363,0,390,0" /><INIT seed="4,2,0,5,3,15" ten="169,78,363,390" oya="0" hai0="105,104,11,31,71,70,51,37,122,44,130,100,82" hai1="125,33,27,22,36,59,0,131,20,45,61,75,34" hai2="87,84,30,57,85,21,29,1,63,66,95,115,65" hai3="53,116,80,99,35,49,127,72,16,92,97,102,88"/><T103/><D37/><U126/><E75/><V40/><F40/><W24/><G116/><T41/><D122/><U12/><E0/><V121/><F121/><W117/><G117/><T64/><D31/><U90/><E131/><V9/><F115/><W108/><G108/><T6/><D130/><U47/><E90/><V46/><F1/><W52/><G35/><T111/><D111/><U18/><E34/><V77/><F77/><W14/><G24/><T113/><D113/><U89/><E89/><V134/><F134/><W132/><G132/><T94/><D94/><U7/><E33/><V91/><F9/><N who="3" m="6223" /><G72/><T60/><D71/><U110/><E110/><V114/><F114/><W50/><G127/><N who="1" m="48650" /><E36/><V23/><F46/><N who="1" m="17417" /><E7/><V67/><F29/><W32/><G32/><T133/><D133/><U120/><E120/><V106/><F106/><W3/><G3/><T25/><D25/><U13/><E20/><N who="2" m="7755" /><F30/><W26/><G26/><T8/><D8/><U54/><AGARI ba="2,0" hai="12,13,18,22,27,54,59,61" m="17417,48650" machi="54" ten="30,2000,0" yaku="18,1,52,1" doraHai="15" who="1" fromWho="1" sc="169,-12,78,26,363,-7,390,-7" /><INIT seed="5,0,0,0,1,12" ten="157,104,356,383" oya="1" hai0="7,135,44,25,121,14,107,132,128,26,61,75,122" hai1="64,59,124,31,119,36,32,131,48,116,38,102,15" hai2="41,51,10,130,98,93,133,17,50,77,23,0,108" hai3="65,40,66,67,18,45,69,94,70,90,92,37,95"/><U16/><E102/><V72/><F108/><W100/><G100/><T115/><D107/><U19/><E64/><V47/><F130/><W99/><G18/><N who="1" m="6698" /><E59/><V91/><F133/><N who="0" m="51274" /><D75/><U13/><E48/><N who="2" m="26735" /><F77/><W53/><G53/><T1/><D61/><U120/><E38/><V46/><F0/><W79/><G79/><T30/><D44/><U20/><E36/><V114/><F114/><W49/><G37/><T42/><D42/><U60/><E60/><V22/><F72/><W4/><G70/><T118/><D115/><U55/><E55/><N who="2" m="30167" /><F51/><W74/><G69/><T5/><D128/><U33/><E120/><N who="0" m="46185" /><D118/><N who="1" m="45099" /><E124/><V6/><F6/><N who="0" m="2058" /><D1/><U106/><E106/><V24/><F24/><N who="0" m="9322" /><D30/><U68/><E68/><V109/><F109/><W62/><G62/><T104/><D104/><U71/><E71/><V39/><F39/><W96/><G67/><T103/><D103/><U35/><E131/><V21/><F10/><W87/><G66/><T110/><D110/><U76/><E76/><V9/><F9/><W89/><G65/><T127/><D127/><U117/><N who="1" m="45107" /><U28/><DORA hai="57" /><E20/><V111/><F111/><W81/><G49/><T83/><D83/><U78/><E78/><V63/><F63/><W123/><G81/><T134/><N who="0" m="51282" /><T11/><DORA hai="52" /><D11/><U113/><E113/><V2/><F2/><W56/><G123/><T82/><D82/><U112/><E112/><V129/><F129/><W101/><G101/><T126/><D126/><U27/><E27/><V97/><F97/><W34/><G99/><T54/><D54/><U8/><E8/><V86/><F98/><RYUUKYOKU ba="0,0" sc="157,10,104,10,356,10,383,-30" hai0="14" hai1="13,15,28,31,32,33,35" hai2="17,21,22,23,86,91,93" /><INIT seed="5,1,0,0,2,58" ten="167,114,366,353" oya="1" hai0="88,15,32,106,27,102,122,14,77,112,44,37,1" hai1="46,56,52,124,113,51,38,103,85,75,132,131,79" hai2="41,90,111,82,20,0,118,3,47,57,76,86,54" hai3="22,100,115,33,63,99,127,108,133,126,104,80,49"/><U74/><E113/><V65/><F118/><W43/><G33/><T48/><D1/><U135/><E131/><V18/><F111/><W119/><G108/><T70/><D37/><U24/><E103/><V64/><F3/><W72/><G115/><T13/><D77/><U4/><E124/><N who="3" m="47658" /><G22/><T10/><D112/><U134/><E4/><V120/><F120/><W42/><G49/><T130/><D70/><U92/><E24/><V59/><F0/><W19/><G19/><T21/><D130/><U116/><E116/><V101/><F101/><W5/><G5/><T8/><D32/><U128/><E128/><V34/><F76/><N who="3" m="44039" /><G133/><T12/><D122/><U87/><E92/><V16/><F18/><W107/><G107/><T94/><D106/><U129/><E129/><V81/><F81/><W40/><G119/><T7/><D10/><U117/><E117/><V98/><F34/><W68/><G68/><T84/><D15/><U23/><E23/><V28/><F28/><W53/><G53/><T39/><D39/><U73/><REACH who="1" step="1"/><E79/><REACH who="1" ten="167,104,366,353" step="2"/><V55/><F20/><W17/><G104/><T123/><D123/><U26/><E26/><V36/><F16/><W78/><G78/><T114/><D114/><U35/><E35/><V125/><F125/><W45/><G17/><N who="0" m="12719" /><D102/><U29/><E29/><V109/><F109/><W95/><G100/><T93/><D94/><U89/><E89/><V110/><F110/><W121/><G121/><T91/><D91/><U60/><E60/><N who="2" m="35895" /><F98/><W66/><G99/><T67/><D7/><U69/><E69/><V83/><F83/><W25/><G95/><RYUUKYOKU ba="1,1" sc="167,-15,104,15,366,15,353,-15" hai1="38,46,51,52,56,73,74,75,85,87,132,134,135" hai2="36,41,47,55,59,64,65,82,86,90" /><INIT seed="5,2,1,5,3,78" ten="152,119,381,338" oya="1" hai0="112,98,122,49,27,88,125,86,32,85,1,58,64" hai1="72,45,130,24,47,7,133,99,120,52,55,40,77" hai2="126,109,25,61,54,63,102,118,36,17,105,29,20" hai3="0,50,111,70,46,94,12,87,21,93,65,22,11"/><U115/><E120/><V15/><F118/><W123/><G0/><T35/><D1/><U56/><E115/><V9/><F109/><W131/><G111/><T51/><D122/><U34/><E34/><V134/><F126/><W101/><G131/><T127/><D112/><U38/><E130/><V71/><F134/><W135/><G135/><T57/><D98/><U95/><E133/><V68/><F36/><W42/><G70/><T108/><D27/><U83/><E7/><V37/><F37/><W81/><G65/><T92/><D64/><U4/><E4/><V8/><F68/><W5/><G123/><T75/><D75/><U107/><E107/><V129/><F129/><W18/><G101/><T10/><D10/><U90/><E24/><V44/><F102/><W62/><G62/><T67/><D67/><U60/><E47/><V117/><F117/><W114/><G114/><T106/><D106/><U41/><E41/><V97/><F97/><W96/><G96/><T89/><REACH who="0" step="1"/><D92/><REACH who="0" ten="142,119,381,338" step="2"/><U103/><E103/><V113/><F113/><W59/><G94/><T48/><D48/><U6/><E6/><V28/><F105/><W14/><G93/><T132/><D132/><U69/><REACH who="1" step="1"/><E69/><REACH who="1" ten="142,109,381,338" step="2"/><V80/><F71/><W30/><G5/><T31/><D31/><U13/><E13/><V73/><F28/><W43/><G14/><T33/><D33/><U66/><AGARI ba="2,3" hai="38,40,45,52,55,56,60,66,72,77,83,90,95,99" machi="66" ten="20,18000,2" yaku="1,1,0,1,7,1,52,1,54,1,53,1" doraHai="78" doraHaiUra="39" who="1" fromWho="1" sc="142,-62,109,216,381,-62,338,-62" /><INIT seed="5,3,0,3,1,32" ten="80,325,319,276" oya="1" hai0="34,104,127,31,20,120,36,91,24,117,4,19,53" hai1="126,11,125,87,100,15,112,27,25,54,0,8,89" hai2="23,131,75,128,14,80,13,94,95,63,50,135,109" hai3="101,49,12,116,93,106,47,96,83,134,67,98,21"/><U90/><E112/><V59/><F109/><W56/><G134/><T84/><D36/><U113/><E113/><V70/><F70/><W86/><G116/><T44/><D104/><U18/><E100/><V107/><F135/><W69/><G69/><T79/><D79/><U26/><E54/><V39/><F39/><W42/><G106/><T115/><D117/><U41/><E41/><V77/><F107/><W29/><G98/><T6/><D115/><U78/><E78/><V5/><F50/><W10/><G21/><T40/><D120/><U48/><E48/><V129/><F5/><W28/><G56/><T119/><D119/><U57/><E57/><V68/><F68/><W81/><G81/><T22/><D127/><N who="1" m="48651" /><E87/><V58/><F23/><W61/><G61/><T124/><D124/><U118/><E118/><V130/><F59/><W38/><G38/><T73/><D73/><U121/><E121/><V102/><N who="2" m="33280" /><DORA hai="7" /><V62/><F102/><W46/><G46/><T99/><D34/><U43/><E43/><V132/><F132/><W114/><G67/><T82/><D40/><U65/><E65/><N who="2" m="39127" /><F63/><W110/><G110/><T74/><D74/><U92/><E92/><AGARI ba="3,0" hai="13,14,75,77,80,92,94,95" m="39127,33280" machi="92" ten="60,2000,0" yaku="19,1" doraHai="32,7" who="2" fromWho="1" sc="80,0,325,-29,319,29,276,0" /><INIT seed="6,0,0,3,1,40" ten="80,296,348,276" oya="2" hai0="33,36,51,79,116,55,54,75,0,126,22,21,32" hai1="92,41,119,61,57,39,78,98,44,99,20,58,115" hai2="18,52,133,37,84,43,9,81,102,15,100,85,30" hai3="135,106,64,12,122,8,109,34,3,11,76,74,69"/><V86/><F133/><W62/><G122/><T101/><D51/><U29/><E119/><V35/><F37/><W66/><G109/><T91/><D101/><N who="2" m="39018" /><F43/><W117/><G106/><T93/><D93/><U23/><E115/><V128/><F35/><W45/><G34/><T127/><D79/><U96/><E78/><V65/><F128/><W48/><G66/><T113/><D113/><U103/><E58/><V53/><F65/><W17/><G117/><T97/><D97/><U88/><E103/><V68/><F68/><W77/><G135/><T1/><D91/><U118/><E118/><V108/><F108/><W110/><G110/><T83/><D116/><U24/><REACH who="1" step="1"/><E23/><REACH who="1" ten="80,286,348,276" step="2"/><V73/><F73/><W63/><G74/><T114/><D114/><U94/><E94/><V82/><F30/><W56/><G77/><T104/><D75/><U134/><E134/><V67/><F67/><AGARI ba="0,1" hai="20,24,29,39,41,44,57,61,67,88,92,96,98,99" machi="67" ten="30,7700,0" yaku="1,1,7,1,52,1,54,1,53,0" doraHai="40" doraHaiUra="129" who="1" fromWho="2" sc="80,0,286,87,348,-77,276,0" /><INIT seed="7,0,0,5,3,6" ten="80,373,271,276" oya="3" hai0="77,110,72,42,117,26,59,102,91,66,111,0,132" hai1="16,126,8,50,75,103,33,121,90,5,104,57,14" hai2="55,100,128,9,32,129,45,29,43,114,56,131,79" hai3="71,109,92,80,39,83,115,86,17,23,28,53,67"/><W49/><G39/><T87/><D0/><U106/><E121/><V15/><F100/><W76/><G109/><T127/><D26/><U124/><E75/><V52/><F79/><W20/><G115/><T97/><D42/><U60/><E33/><V112/><F32/><W107/><G107/><T38/><D59/><U40/><E90/><V130/><F29/><W135/><G135/><T34/><D66/><U54/><E103/><V12/><N who="2" m="33280" /><DORA hai="36" /><V11/><F56/><W65/><G71/><T10/><D38/><U41/><E5/><N who="2" m="3119" /><F43/><N who="1" m="16457" /><E60/><V1/><F1/><W119/><G119/><T27/><D34/><U30/><E30/><V13/><F15/><N who="3" m="9279" /><G92/><T25/><D102/><U89/><E89/><V35/><F35/><W125/><G80/><T46/><D91/><U120/><E120/><V70/><F70/><W47/><G125/><AGARI ba="0,0" hai="8,14,16,50,54,57,104,106,124,125,126" m="16457" machi="125" ten="30,12000,2" yaku="18,1,52,4,54,1" doraHai="6,36" who="1" fromWho="3" sc="80,0,373,120,271,0,276,-120" owari="80,-42.0,493,59.0,271,7.0,156,-24.0" /></mjloggm>