<mjloggm ver="2.3"><GO type="97" lobby="0"/><UN n0="%E3%82%A6%E3%83%AB%E3%83%88%E3%83%A9%E7%AB%8B%E7%9B%B4" n1="%E3%83%BD%7C%C2%B4%EF%BD%80%2A%CE%BE%7C%E3%83%8E" n2="%79%6F%75%79%6F%75%79%6F" n3="%EF%BC%BE%EF%BC%BE%EF%BC%9B%EF%BC%9B%EF%BC%9B" dan="15,14,14,14" rate="1996.62,1939.44,2017.53,1921.11" sx="M,M,M,F"/><TAIKYOKU oya="0"/><INIT seed="0,0,0,5,3,23" ten="250,250,250,250" oya="0" hai0="32,60,124,18,93,101,22,79,103,130,96,91,118" hai1="12,24,7,135,95,26,48,131,119,27,65,104,16" hai2="85,133,43,28,17,55,15,40,49,77,102,108,51" hai3="52,90,63,44,42,98,72,38,61,10,30,21,47"/><T112/><D32/><U46/><E104/><V2/><F2/><W134/><G72/><T35/><D35/><U116/><E119/><V74/><F74/><W113/><G113/><T105/><D118/><U36/><E116/><V41/><F133/><W117/><G117/><T4/><D112/><U5/><E36/><V54/><F108/><W11/><G134/><T9/><D124/><U37/><E37/><V100/><F28/><W50/><G30/><T68/><D79/><U83/><E135/><V88/><F77/><W128/><G128/><T29/><D29/><U19/><E131/><V0/><F0/><W107/><G21/><T122/><D122/><U120/><E120/><V81/><F54/><W106/><G107/><T56/><D68/><U31/><E31/><V132/><F132/><W67/><G63/><T39/><D39/><U82/><E65/><V33/><F33/><W57/><REACH who="3" step="1"/><G90/><REACH who="3" ten="250,250,250,240" step="2"/><T89/><D89/><U84/><E95/><V121/><F121/><W86/><G86/><T45/><D105/><U25/><E83/><V73/><F73/><W129/><G129/><T62/><D62/><U71/><E71/><V75/><F75/><W87/><G87/><T34/><D34/><U109/><E109/><V125/><F125/><W20/><G20/><T13/><D130/><U127/><E127/><V110/><F110/><W70/><G70/><T123/><D123/><U111/><E111/><V58/><REACH who="2" step="1"/><F51/><REACH who="2" ten="250,250,240,240" step="2"/><W76/><G76/><T114/><D114/><U59/><E48/><V126/><F126/><W80/><G80/><T115/><D115/><U3/><E82/><RYUUKYOKU ba="0,2" sc="250,-15,250,-15,240,15,240,15" hai2="15,17,40,41,43,49,55,58,81,85,88,100,102" hai3="10,11,38,42,44,47,50,52,57,61,67,98,106" /><INIT seed="1,1,2,4,5,11" ten="235,235,255,255" oya="1" hai0="88,55,122,73,130,63,9,47,90,36,115,38,22" hai1="48,132,16,54,120,116,107,52,119,92,112,26,71" hai2="89,31,109,124,56,20,85,45,105,51,7,5,86" hai3="37,81,96,76,128,133,117,134,43,35,80,65,17"/><U98/><E71/><V74/><F74/><W4/><G65/><T53/><D73/><U32/><E120/><V33/><F33/><W125/><G35/><T110/><D115/><U93/><E112/><V77/><F105/><W103/><G4/><N who="2" m="1609" /><F109/><W3/><G3/><T68/><D9/><U15/><E107/><V113/><F113/><W40/><G37/><T58/><D68/><U75/><E75/><V72/><F72/><W114/><G114/><T135/><D38/><U46/><E132/><V28/><F124/><W91/><G17/><T66/><D66/><U121/><E121/><V106/><F106/><N who="3" m="63847" /><G43/><T13/><D122/><U14/><E93/><N who="2" m="54447" /><F56/><W97/><G40/><T87/><D36/><U2/><E2/><V69/><F69/><W99/><G128/><T24/><D130/><U34/><E34/><V94/><F20/><W123/><G123/><T59/><D47/><U100/><E32/><V39/><F39/><W102/><G125/><T42/><D135/><N who="3" m="51721" /><G117/><T126/><D42/><N who="1" m="24663" /><E119/><V82/><F94/><N who="3" m="56543" /><G76/><T60/><D126/><U21/><E116/><V25/><F25/><W95/><AGARI ba="1,2" hai="80,81,95,99,102" m="56543,51721,63847" machi="95" ten="30,4000,0" yaku="20,1,34,2" doraHai="11" who="3" fromWho="3" sc="235,-11,235,-21,255,-11,255,63" /><INIT seed="2,0,0,3,4,29" ten="224,214,244,318" oya="2" hai0="43,79,46,118,48,12,71,52,63,30,130,13,33" hai1="61,119,104,37,5,121,75,3,50,51,128,2,77" hai2="70,98,69,19,26,22,42,15,24,34,7,93,28" hai3="64,100,107,108,68,47,129,97,92,126,95,91,82"/><V96/><F42/><W23/><G126/><T36/><D130/><U84/><E128/><V39/><F39/><W83/><G129/><T35/><D79/><U110/><E119/><V106/><F106/><W101/><G47/><T90/><D90/><U78/><E37/><V10/><REACH who="2" step="1"/><F98/><REACH who="2" ten="224,214,234,318" step="2"/><W8/><G97/><T6/><D118/><U80/><E104/><V76/><F76/><W74/><G107/><T102/><D36/><U89/><E77/><V122/><F122/><W60/><G74/><T16/><D43/><U53/><E121/><V40/><F40/><W109/><G109/><T116/><D116/><U115/><E110/><V99/><F99/><W14/><G108/><T58/><D102/><AGARI ba="0,1" hai="7,10,15,19,22,24,26,28,34,69,70,93,96,102" machi="102" ten="30,5800,0" yaku="1,1,7,1,52,1,53,0" doraHai="29" doraHaiUra="124" who="2" fromWho="0" sc="224,-58,214,0,234,68,318,0" /><INIT seed="2,1,0,3,2,134" ten="166,214,302,318" oya="2" hai0="52,24,46,102,5,81,79,72,54,35,36,4,92" hai1="29,32,124,75,15,133,87,53,12,135,62,38,86" hai2="34,60,113,2,70,51,68,128,18,49,25,14,127" hai3="84,115,98,41,48,13,47,10,31,106,103,82,83"/><V109/><F113/><W23/><G115/><T0/><D102/><U116/><E38/><V17/><F2/><W129/><G129/><T9/><D5/><U50/><E75/><V7/><F7/><W42/><G42/><T118/><D118/><U89/><E116/><V64/><F128/><W58/><G58/><T80/><D80/><U101/><E101/><V56/><F109/><W119/><G119/><T112/><D112/><U11/><E62/><V27/><F127/><W105/><G105/><T71/><D71/><U65/><E65/><V77/><F77/><W114/><G114/><T85/><D85/><U107/><E107/><V91/><F68/><W6/><G31/><T20/><D92/><U33/><E29/><V99/><F18/><W120/><G120/><T40/><D35/><U131/><E131/><V76/><F76/><W97/><G97/><T78/><D78/><U95/><E87/><V57/><F34/><W19/><REACH who="3" step="1"/><G84/><REACH who="3" ten="166,214,302,308" step="2"/><T37/><D37/><U8/><E86/><V130/><F130/><W3/><AGARI ba="1,1" hai="3,6,10,13,19,23,41,47,48,82,83,98,103,106" machi="3" ten="20,5200,0" yaku="1,1,2,1,0,1,7,1,53,0" doraHai="134" doraHaiUra="125" who="3" fromWho="3" sc="166,-14,214,-14,302,-27,308,65" /><INIT seed="3,0,0,1,3,18" ten="152,200,275,373" oya="3" hai0="62,120,93,94,131,71,75,132,49,63,20,45,57" hai1="10,112,11,59,0,76,73,103,2,58,114,67,111" hai2="56,60,101,128,88,33,55,44,118,42,50,106,134" hai3="4,117,84,121,123,110,100,12,13,87,86,79,105"/><W22/><G117/><T69/><D75/><U24/><E103/><V66/><F118/><W127/><G127/><T85/><D120/><U26/><E76/><V135/><F33/><W83/><G105/><T122/><D122/><U53/><E111/><V99/><F128/><W97/><G121/><T17/><D131/><U48/><E67/><V51/><F135/><W81/><G123/><T5/><D132/><U47/><E47/><V104/><F134/><W29/><G110/><T77/><D5/><U68/><E68/><V31/><F31/><W89/><G100/><T21/><D77/><U124/><E48/><V54/><F106/><W25/><G79/><T129/><D129/><U15/><E124/><V80/><F80/><N who="3" m="30795" /><G4/><T74/><D74/><U9/><E73/><V27/><F27/><W92/><AGARI ba="0,0" hai="12,13,22,25,29,84,86,87,89,92,97" m="30795" machi="92" ten="30,3000,0" yaku="8,1,52,1" doraHai="18" who="3" fromWho="3" sc="152,-10,200,-10,275,-10,373,30" owari="142,-36.0,190,-21.0,265,7.0,403,50.0" /></mjloggm>