<mjloggm ver="2.3"><GO type="169" lobby="0"/><UN n0="%E3%82%A6%E3%83%AB%E3%83%88%E3%83%A9%E7%AB%8B%E7%9B%B4" n1="%E3%82%AA%E3%83%8A%E3%83%8B%E3%82%B9%E3%83%88%E4%BC%9D%E7%94%B0" n2="%E3%80%93%E9%B3%A9%E9%BA%A6%E7%8E%84%E7%B1%B3%E3%80%93" n3="%E4%B8%AD%E6%9D%91%E8%B1%AA" dan="17,17,16,16" rate="2180.81,2152.66,2076.84,2146.05" sx="M,M,M,M"/><TAIKYOKU oya="0"/><INIT seed="0,0,0,3,2,38" ten="250,250,250,250" oya="0" hai0="135,86,128,5,90,114,4,96,43,12,72,81,1" hai1="127,70,10,37,105,30,103,16,121,9,15,41,22" hai2="20,11,124,126,115,100,104,131,88,76,27,68,32" hai3="91,94,39,40,33,74,19,65,21,51,36,58,60"/><T56/><D114/><U53/><E121/><V107/><F32/><W99/><G33/><T25/><D128/><U120/><E120/><V129/><F68/><W110/><G74/><T44/><D135/><U14/><E70/><V8/><F76/><W130/><G110/><T125/><D125/><N who="2" m="48234" /><F115/><W67/><G67/><T23/><D72/><U35/><E127/><V119/><F119/><W112/><G130/><N who="2" m="49673" /><F88/><W85/><G112/><T93/><D56/><U50/><E35/><V134/><F100/><W87/><G36/><T133/><D133/><U98/><E30/><N who="2" m="17767" /><F134/><W108/><G39/><T49/><D96/><U101/><E101/><V47/><F47/><N who="3" m="26087" /><G108/><T63/><D93/><U3/><E37/><V17/><F17/><W52/><G65/><T116/><D116/><U71/><E71/><V79/><F79/><W64/><G64/><T7/><D63/><U62/><E62/><V31/><F31/><W34/><G34/><T28/><D90/><U106/><E16/><V0/><F0/><W95/><G95/><T73/><D1/><U45/><E3/><V26/><F26/><AGARI ba="0,0" hai="19,21,26,52,58,60,85,87,91,94,99" m="26087" machi="26" ten="30,7700,0" yaku="25,1,8,1,52,1,54,1" doraHai="38" who="3" fromWho="2" sc="250,0,250,0,250,-77,250,77" /><INIT seed="1,0,0,4,3,60" ten="250,250,173,327" oya="1" hai0="80,110,17,74,3,100,128,84,115,70,24,90,121" hai1="23,7,94,4,30,41,63,32,61,118,104,92,109" hai2="68,113,72,108,89,91,59,107,19,16,81,2,5" hai3="33,43,73,34,127,99,6,105,28,27,83,126,66"/><U95/><E118/><V106/><F68/><W130/><G130/><T38/><D3/><U14/><E32/><V132/><F108/><W76/><G34/><T37/><D115/><U29/><E104/><V103/><F113/><W98/><G6/><N who="1" m="2090" /><E109/><V134/><F72/><W25/><G25/><T133/><D121/><U75/><E75/><V45/><F45/><W112/><G112/><T9/><D70/><U48/><E14/><V44/><F44/><W52/><G43/><T116/><D116/><U11/><E11/><N who="2" m="2487" /><F59/><W120/><G120/><T93/><D110/><U111/><E111/><V79/><F79/><W18/><G76/><T96/><D128/><U35/><E35/><V22/><F19/><W20/><G33/><T78/><D133/><N who="2" m="51306" /><F81/><W21/><G18/><T62/><D62/><N who="1" m="23563" /><E23/><V49/><F49/><W97/><G21/><T26/><D26/><U55/><E41/><V42/><F42/><W119/><G20/><N who="0" m="13327" /><D9/><U57/><AGARI ba="0,0" hai="29,30,48,55,57,92,94,95" m="23563,2090" machi="57" ten="30,1500,0" yaku="8,1" doraHai="60" who="1" fromWho="1" sc="250,-5,250,15,173,-5,327,-5" /><INIT seed="1,1,0,4,1,43" ten="245,265,168,322" oya="1" hai0="15,48,49,13,68,26,109,40,60,71,57,87,95" hai1="78,44,93,127,131,98,10,125,55,124,88,86,66" hai2="133,47,1,101,113,31,108,103,37,128,132,134,38" hai3="91,6,114,110,129,70,97,115,105,22,0,2,3"/><U33/><E131/><V35/><F128/><W28/><G70/><T41/><D109/><U120/><E120/><V112/><F1/><W85/><G129/><T122/><D122/><U96/><E33/><V90/><F108/><W58/><G110/><T79/><D26/><U27/><E66/><V45/><F31/><W106/><G6/><T53/><D79/><U92/><E27/><V117/><F35/><W75/><G75/><T61/><D95/><N who="1" m="54679" /><E10/><V18/><F117/><W19/><G28/><T81/><D87/><U89/><E78/><V52/><F90/><W73/><G73/><T94/><D94/><N who="1" m="36459" /><E89/><V21/><F38/><W30/><G30/><T64/><D81/><U25/><E25/><N who="2" m="14519" /><F37/><W17/><G97/><N who="1" m="37482" /><E55/><V72/><F72/><W119/><G2/><T111/><D111/><U100/><E44/><N who="2" m="16971" /><F52/><W56/><G3/><T7/><D13/><U126/><E126/><V67/><F67/><W76/><G0/><T104/><D15/><U84/><E84/><V80/><F80/><W20/><G85/><T46/><D68/><U14/><E14/><V121/><F121/><W34/><G34/><T24/><D24/><U107/><E107/><V8/><F8/><W118/><G91/><T16/><D104/><U135/><E135/><V74/><F74/><W50/><G76/><T9/><D71/><U83/><E83/><V123/><F123/><W29/><G29/><T12/><D64/><U11/><E11/><V54/><F54/><W5/><G118/><T32/><D32/><U99/><E127/><V59/><F59/><W69/><G119/><T82/><D57/><RYUUKYOKU ba="1,0" sc="245,-15,265,15,168,15,322,-15" hai1="99,100,124,125" hai2="101,103,112,113,132,133,134" /><INIT seed="1,2,0,2,4,130" ten="230,280,183,307" oya="1" hai0="32,103,117,61,82,3,77,92,84,111,71,2,104" hai1="52,16,101,110,50,18,38,95,132,19,5,78,99" hai2="31,126,76,127,9,65,97,67,66,0,109,106,28" hai3="74,49,29,93,90,121,43,133,4,40,63,118,6"/><U14/><E38/><V60/><F76/><W116/><G74/><T55/><D111/><U114/><E114/><V17/><F109/><W7/><G121/><T72/><D32/><U21/><E110/><V83/><F83/><W107/><G107/><T1/><D117/><N who="3" m="45161" /><G29/><N who="2" m="11337" /><F60/><W87/><G63/><T35/><D35/><U86/><E132/><V27/><F27/><W113/><G113/><T115/><D115/><U59/><E5/><N who="2" m="1191" /><F17/><W26/><G26/><T37/><D37/><U54/><E54/><V42/><F42/><N who="3" m="15915" /><G49/><T125/><D71/><U8/><E8/><V69/><F69/><W41/><G41/><T112/><D112/><U51/><E51/><V10/><F10/><W53/><G53/><T89/><D55/><U22/><E22/><V15/><F15/><W105/><G105/><T48/><D48/><U46/><E46/><V128/><F128/><W13/><G13/><T134/><D61/><U88/><E78/><V81/><F106/><AGARI ba="2,0" hai="14,16,18,19,21,50,52,59,86,88,95,99,101,106" machi="106" ten="30,18000,2" yaku="7,1,25,2,54,3" doraHai="130" who="1" fromWho="2" sc="230,0,280,186,183,-186,307,0" owari="230,-17.0,466,56.0,-3,-50.0,307,11.0" /></mjloggm>