<mjloggm ver="2.3"><GO type="97" lobby="0"/><UN n0="%E3%81%9F%E3%81%A1%E3%81%82%E3%81%AA" n1="%E3%82%A4%E3%82%B5%E3%83%83%E3%83%81%EF%BC%A0" n2="%E5%B0%B1%E6%B4%BB%E7%94%9F%40%E5%B7%9D%E6%9D%91%E8%BB%8D%E5%9B%A3" n3="%E5%BB%83%E4%BA%BA%EF%BC%A0%E5%B7%9D%E6%9D%91%E8%BB%8D%E5%9B%A3" dan="14,14,13,14" rate="1902.32,1940.15,1882.59,1984.56" sx="F,M,M,M"/><TAIKYOKU oya="0"/><INIT seed="0,0,0,5,0,42" ten="250,250,250,250" oya="0" hai0="93,126,8,124,3,122,20,109,64,96,86,22,26" hai1="132,23,55,119,37,27,33,9,10,89,91,71,17" hai2="54,51,110,123,29,0,102,127,85,35,61,134,50" hai3="41,48,7,97,82,77,113,74,101,25,120,130,128"/><T73/><D73/><U59/><E119/><V30/><F123/><W87/><G113/><T80/><D122/><U75/><E71/><V121/><F0/><W34/><G120/><T118/><D118/><U36/><E75/><V57/><F121/><W67/><G7/><N who="0" m="1151" /><D64/><U129/><E129/><N who="3" m="49770" /><G67/><T76/><D26/><U115/><E115/><V5/><F35/><W46/><G74/><T16/><D16/><U125/><E132/><V111/><F134/><W60/><G60/><T112/><D112/><U65/><E65/><V12/><F127/><N who="0" m="48682" /><D109/><N who="2" m="41482" /><F102/><AGARI ba="0,0" hai="20,22,76,80,86,93,96,102" m="48682,1151" machi="102" ten="30,1500,0" yaku="18,1" doraHai="42" who="0" fromWho="2" sc="250,15,250,0,250,-15,250,0" /><INIT seed="0,1,0,4,1,90" ten="265,250,235,250" oya="0" hai0="130,77,14,105,45,131,112,22,69,96,106,26,58" hai1="129,94,35,63,7,127,72,50,21,68,31,15,27" hai2="40,42,91,23,71,86,117,51,25,19,17,75,83" hai3="12,101,98,65,88,73,39,115,132,125,53,92,126"/><T10/><D69/><U29/><E127/><N who="3" m="48650" /><G115/><T110/><D112/><U99/><E129/><N who="0" m="49161" /><D77/><U113/><E113/><V34/><F71/><W74/><G39/><T103/><D110/><U93/><E72/><N who="3" m="27754" /><G65/><T1/><D1/><U28/><E35/><V9/><F75/><W122/><G122/><T41/><D58/><U89/><E68/><V85/><F34/><W61/><G132/><T80/><D80/><U56/><E50/><V78/><F117/><W64/><G53/><T109/><D109/><U5/><E5/><V120/><F120/><W52/><G12/><T57/><D57/><U24/><E24/><V33/><F33/><W48/><G64/><T30/><D103/><N who="1" m="60911" /><E15/><N who="2" m="7407" /><F51/><W84/><G61/><T54/><D96/><N who="1" m="57423" /><E7/><V114/><F114/><W47/><G101/><T79/><D41/><U100/><E100/><V36/><F36/><W82/><G98/><T66/><D14/><U16/><E31/><V38/><F38/><W70/><G70/><T116/><D30/><U18/><E29/><V11/><F11/><W134/><G134/><T59/><D10/><U13/><E13/><V62/><F62/><W95/><AGARI ba="1,0" hai="47,48,52,82,84,88,92,95" m="27754,48650" machi="95" ten="40,8000,1" yaku="18,1,52,2,54,2" doraHai="90" who="3" fromWho="3" sc="265,-41,250,-21,235,-21,250,83" /><INIT seed="1,0,0,1,1,51" ten="224,229,214,333" oya="1" hai0="31,19,87,108,29,14,66,1,12,133,64,47,23" hai1="130,54,100,84,131,70,86,79,91,43,104,120,109" hai2="106,16,90,99,7,107,126,58,113,35,134,0,24" hai3="56,22,78,9,116,127,6,57,110,72,60,3,8"/><U21/><E70/><V83/><F113/><W59/><G116/><T67/><D1/><U114/><E120/><V93/><F126/><W121/><G121/><T75/><D75/><U13/><E114/><V15/><F134/><W49/><G127/><T69/><D69/><U85/><E43/><V46/><F0/><W18/><G110/><T122/><D122/><U103/><E109/><V89/><F7/><W80/><G9/><T71/><D71/><U82/><E104/><V48/><F58/><W62/><REACH who="3" step="1"/><G49/><REACH who="3" ten="224,229,214,323" step="2"/><T105/><D108/><U11/><E130/><V76/><F106/><W95/><G95/><T97/><D105/><U45/><E131/><V30/><F107/><W53/><G53/><T124/><D124/><U33/><E33/><V119/><F119/><W118/><G118/><T98/><D133/><U52/><E21/><V117/><F117/><W37/><G37/><T20/><D20/><U123/><E123/><V4/><F4/><W74/><G74/><T38/><D38/><U5/><E79/><V39/><F39/><W36/><G36/><T40/><D23/><U61/><E61/><V73/><F48/><W115/><G115/><T34/><D34/><U96/><E96/><V63/><F63/><W94/><G94/><T26/><D98/><U129/><E129/><V77/><F76/><W42/><G42/><T25/><D97/><U2/><E2/><V55/><F55/><N who="1" m="21033" /><E45/><V125/><F125/><W68/><G68/><T111/><D47/><U44/><E44/><V102/><F46/><W41/><G41/><T88/><D40/><U32/><E32/><RYUUKYOKU ba="0,1" sc="224,-30,229,10,214,10,323,10" hai1="5,11,13,82,84,85,86,91,100,103" hai2="15,16,24,30,35,73,77,83,89,90,93,99,102" hai3="3,6,8,18,22,56,57,59,60,62,72,78,80" /><INIT seed="1,1,1,1,5,45" ten="194,239,224,333" oya="1" hai0="131,125,104,109,71,31,117,85,107,21,130,46,8" hai1="86,28,60,84,18,123,79,25,78,6,9,126,19" hai2="24,74,111,82,29,100,121,102,16,1,57,134,118" hai3="53,43,77,3,15,92,56,14,39,94,59,73,135"/><U11/><E123/><V41/><F1/><W96/><G3/><T37/><D71/><U36/><E36/><V68/><F118/><W67/><G135/><T62/><D117/><U23/><E126/><V81/><F68/><W20/><G39/><T12/><D125/><U49/><E49/><V99/><F121/><W50/><G73/><T17/><D109/><U33/><E33/><V69/><F111/><W44/><G77/><N who="1" m="29194" /><E60/><V114/><F69/><W48/><G67/><T129/><D85/><N who="1" m="32875" /><E6/><V116/><F114/><W4/><G59/><T132/><D132/><U58/><E58/><V110/><F134/><W52/><G43/><N who="0" m="22895" /><D62/><U27/><E19/><V0/><F116/><W115/><G115/><T7/><D31/><U97/><E97/><V61/><F0/><AGARI ba="1,1" hai="0,7,8,12,17,21,104,107,129,130,131" m="22895" machi="0" ten="30,1000,0" yaku="19,1" doraHai="45" who="0" fromWho="2" sc="194,23,239,0,224,-13,333,0" /><INIT seed="2,0,0,0,2,70" ten="217,239,211,333" oya="2" hai0="86,131,78,100,103,61,2,44,87,51,72,66,90" hai1="28,55,71,120,53,60,10,80,114,64,27,75,13" hai2="7,107,135,122,6,76,17,23,47,123,124,106,109" hai3="0,37,31,110,77,50,46,83,4,15,43,74,117"/><V40/><F124/><W97/><G117/><T65/><D2/><U57/><E114/><V49/><F135/><W79/><G110/><T35/><D35/><U41/><E120/><V22/><F109/><W24/><G79/><T14/><D72/><U25/><E71/><V99/><F76/><W39/><G0/><T34/><D34/><U20/><E75/><V12/><F23/><W96/><G96/><T125/><D125/><U119/><E119/><V94/><F7/><W30/><G97/><T129/><D78/><U56/><E41/><V38/><F6/><W45/><G45/><T11/><D129/><U127/><E127/><V112/><F112/><W113/><G113/><T128/><D128/><U58/><E80/><V48/><F107/><W69/><G69/><T5/><D131/><U62/><E25/><V126/><F106/><W84/><G74/><T105/><D105/><U19/><REACH who="1" step="1"/><E58/><REACH who="1" ten="217,229,211,333" step="2"/><V32/><F126/><W33/><G30/><T9/><D44/><U82/><E82/><V73/><F73/><W116/><G116/><T63/><D66/><AGARI ba="0,1" hai="10,13,19,20,27,28,53,55,56,57,60,62,64,66" machi="66" ten="30,7700,0" yaku="1,1,7,1,9,1,8,1,53,0" doraHai="70" doraHaiUra="134" who="1" fromWho="0" sc="217,-77,229,87,211,0,333,0" /><INIT seed="3,0,0,2,0,3" ten="140,316,211,333" oya="3" hai0="93,41,28,14,134,112,111,34,0,70,24,11,81" hai1="4,36,74,117,22,115,9,109,67,78,2,68,124" hai2="82,46,72,48,113,118,114,66,131,16,71,55,65" hai3="110,35,83,133,54,98,135,32,13,130,53,102,100"/><W39/><G130/><T26/><D70/><U52/><E22/><V99/><F131/><W121/><G121/><T62/><D41/><U25/><E115/><V108/><F118/><W42/><G110/><T43/><D43/><U101/><E101/><N who="3" m="39018" /><G98/><T125/><D62/><U119/><E109/><V59/><F108/><W92/><G92/><T107/><D107/><U105/><E105/><V120/><F120/><W18/><G83/><T79/><D111/><U75/><E36/><V90/><F71/><W23/><G42/><T80/><D112/><U77/><E52/><N who="3" m="20074" /><G39/><T44/><D44/><U87/><E25/><V91/><F72/><N who="1" m="27689" /><E124/><V60/><F66/><W47/><G47/><T1/><D125/><U84/><E68/><V33/><F33/><W129/><G129/><T19/><D134/><AGARI ba="0,0" hai="13,18,23,32,35,133,134,135" m="20074,39018" machi="134" ten="30,2900,0" yaku="20,1,54,1" doraHai="3" who="3" fromWho="0" sc="140,-29,316,0,211,0,333,29" owari="111,-39.0,316,12.0,211,-19.0,362,46.0" /></mjloggm>