<mjloggm ver="2.3"><GO type="97" lobby="0"/><UN n0="%E8%98%87%E6%B0%91%E7%A5%AD" n1="%E8%8C%A8%E3%81%AE%E5%90%9B" n2="%E3%82%A6%E3%83%AB%E3%83%88%E3%83%A9%E7%AB%8B%E7%9B%B4" n3="%E3%81%BF%E3%81%AE%E3%81%9B" dan="14,14,13,14" rate="1999.37,1977.32,1848.85,2001.59" sx="M,M,M,M"/><TAIKYOKU oya="0"/><INIT seed="0,0,0,5,1,128" ten="250,250,250,250" oya="0" hai0="55,21,118,117,35,57,41,106,0,105,50,6,131" hai1="102,22,80,63,48,51,127,9,58,122,114,99,70" hai2="19,91,130,124,39,135,47,119,98,8,4,82,13" hai3="20,72,52,25,73,15,33,1,56,94,30,89,60"/><T113/><D113/><U93/><E122/><V133/><F130/><W120/><G1/><T108/><D35/><U84/><E70/><V42/><F124/><W81/><G120/><T43/><D131/><U49/><E127/><V45/><F119/><W74/><G81/><T76/><D76/><U97/><E114/><V17/><F47/><W12/><REACH who="3" step="1"/><G33/><REACH who="3" ten="250,250,250,240" step="2"/><T11/><D118/><U46/><E80/><V112/><F112/><W92/><G92/><T100/><D117/><U59/><E93/><N who="2" m="56639" /><F82/><W37/><G37/><T68/><D68/><U64/><E46/><V23/><F23/><W115/><G115/><T61/><D108/><U95/><E95/><V77/><F77/><W65/><G65/><T132/><D106/><U126/><E64/><V29/><F29/><W3/><G3/><T16/><D105/><U66/><E66/><V110/><F110/><W121/><G121/><T69/><D100/><U109/><E102/><V79/><F79/><W104/><G104/><T32/><D32/><U103/><E103/><V53/><F53/><W71/><G71/><T85/><D69/><U2/><E2/><V38/><F38/><W18/><G18/><T96/><D43/><U27/><E109/><V54/><F54/><W36/><G36/><T83/><D41/><U26/><E126/><V24/><F19/><W5/><G5/><T123/><D123/><U107/><E107/><V67/><F67/><W87/><AGARI ba="0,1" hai="12,15,20,25,30,52,56,60,72,73,74,87,89,94" machi="87" ten="30,4000,0" yaku="1,1,0,1,54,1,53,0" doraHai="128" doraHaiUra="7" who="3" fromWho="3" sc="250,-20,250,-10,250,-10,240,50" /><INIT seed="1,0,0,2,4,60" ten="230,240,240,290" oya="1" hai0="85,74,82,70,61,52,14,73,38,49,69,40,132" hai1="59,101,65,28,24,29,10,53,94,17,90,131,26" hai2="116,46,104,96,8,67,36,20,129,25,95,134,71" hai3="93,124,99,7,51,31,55,16,115,117,126,102,106"/><U114/><E114/><V100/><F116/><W44/><G115/><T48/><D132/><U98/><E131/><V76/><F134/><W13/><G117/><T27/><D38/><U121/><E121/><V63/><F129/><W133/><G31/><N who="1" m="11850" /><E101/><V77/><F8/><N who="3" m="6183" /><G7/><T119/><D27/><N who="1" m="10283" /><E10/><V125/><F125/><N who="3" m="48235" /><G133/><T43/><D119/><U21/><E17/><V120/><F120/><W34/><G34/><T79/><D14/><U2/><E2/><V47/><F104/><AGARI ba="0,0" hai="44,51,55,93,99,102,104,106" m="48235,6183" machi="104" ten="30,2000,0" yaku="18,1,54,1" doraHai="60" who="3" fromWho="2" sc="230,0,240,0,240,-20,290,20" /><INIT seed="2,0,0,1,1,104" ten="230,240,220,310" oya="2" hai0="84,110,126,63,127,52,134,105,70,47,91,120,39" hai1="69,71,131,76,25,67,0,114,95,30,108,28,5" hai2="18,17,97,75,1,46,21,117,58,128,41,101,102" hai3="82,4,22,90,116,119,12,107,15,14,54,50,34"/><V60/><F1/><W8/><G107/><T61/><D105/><U130/><E114/><V100/><F117/><W37/><G34/><T112/><D112/><U74/><E108/><V51/><F128/><N who="1" m="49193" /><E95/><V129/><F129/><W20/><G37/><T64/><D120/><U44/><E44/><V118/><F118/><W109/><G109/><T89/><D110/><U79/><E67/><V85/><F75/><W103/><G103/><T115/><D115/><U55/><E55/><V36/><F36/><W48/><G116/><T40/><D134/><U80/><E76/><V23/><F85/><N who="3" m="50487" /><G119/><T13/><D13/><N who="3" m="5225" /><G48/><T72/><D72/><U29/><E25/><V81/><F81/><W98/><G98/><T53/><D89/><U24/><E24/><V38/><F38/><W73/><G73/><T111/><D111/><U45/><E45/><AGARI ba="0,0" hai="4,8,15,20,22,45,50,54" m="5225,50487" machi="45" ten="30,1000,0" yaku="8,1" doraHai="104" who="3" fromWho="1" sc="230,0,240,-10,220,0,310,10" /><INIT seed="3,0,0,2,3,106" ten="230,230,220,320" oya="3" hai0="97,19,128,100,96,44,70,115,108,55,127,131,2" hai1="21,124,118,27,78,85,107,84,95,119,12,18,28" hai2="31,52,3,104,90,32,22,13,5,47,25,15,60" hai3="76,20,80,110,30,53,83,123,89,86,8,62,45"/><W117/><G123/><T59/><D108/><U105/><E124/><V99/><F32/><W91/><G117/><N who="1" m="44554" /><E78/><V24/><F3/><W42/><G110/><T101/><D70/><U71/><E71/><V46/><F25/><N who="3" m="16679" /><G8/><T56/><D2/><U38/><E38/><V103/><F90/><W43/><G83/><T41/><D127/><U23/><E95/><V74/><F74/><W68/><G68/><T87/><D87/><AGARI ba="0,0" hai="12,18,21,23,27,28,84,85,87,105,107" m="44554" machi="87" ten="30,1000,0" yaku="12,1" doraHai="106" who="1" fromWho="0" sc="230,-10,230,10,220,0,320,0" owari="220,-18.0,240,4.0,220,-28.0,320,42.0" /></mjloggm>