<mjloggm ver="2.3"><GO type="97" lobby="0"/><UN n0="%E3%82%AF%E3%83%A9%E3%83%B3%E3%82%AD%E3%83%BC" n1="%E6%9C%AB%E6%91%98%E8%8A%B1" n2="%E3%82%A6%E3%83%AB%E3%83%88%E3%83%A9%E7%AB%8B%E7%9B%B4" n3="%E5%B2%A1%CF%80" dan="14,16,14,14" rate="1904.88,1960.19,1918.04,1912.54" sx="M,F,M,F"/><TAIKYOKU oya="0"/><INIT seed="0,0,0,0,1,115" ten="250,250,250,250" oya="0" hai0="133,9,134,26,64,14,11,128,105,48,49,132,116" hai1="47,79,93,83,130,112,15,109,110,122,111,3,52" hai2="99,51,28,0,60,119,103,118,34,81,23,68,5" hai3="63,21,102,80,125,35,106,29,50,117,85,42,19"/><T12/><D128/><U98/><E3/><V129/><F23/><W56/><G125/><T94/><D105/><U127/><E127/><V126/><F126/><W57/><G35/><T72/><D72/><U84/><E130/><V13/><F129/><W113/><G113/><T16/><D116/><N who="2" m="44586" /><F13/><W33/><G117/><T45/><D64/><U8/><E112/><V135/><F135/><W66/><G33/><T41/><D26/><U67/><E67/><N who="2" m="41063" /><F51/><W39/><G50/><N who="0" m="26927" /><D94/><U70/><E70/><V107/><F81/><W46/><G80/><T18/><AGARI ba="0,0" hai="9,11,12,14,16,18,48,49,132,133,134" m="26927" machi="18" ten="30,3000,0" yaku="20,1,54,1" doraHai="115" who="0" fromWho="0" sc="250,30,250,-10,250,-10,250,-10" /><INIT seed="0,1,0,2,1,60" ten="280,240,240,240" oya="0" hai0="87,92,11,20,39,98,118,89,124,30,84,96,7" hai1="41,133,64,2,5,23,42,44,135,68,3,131,77" hai2="9,50,86,95,13,32,90,49,57,102,67,53,101" hai3="62,130,111,126,94,115,21,43,120,58,46,25,125"/><T40/><D118/><U10/><E131/><V24/><F32/><W36/><G115/><T108/><D124/><U65/><E68/><V26/><F26/><W109/><G94/><T63/><D108/><N who="3" m="41545" /><G21/><T55/><D39/><U104/><E104/><V93/><F24/><W75/><G25/><T103/><D40/><U16/><E3/><V129/><F129/><W119/><G75/><T134/><D134/><N who="1" m="51211" /><E77/><V110/><F110/><W34/><G34/><T73/><D73/><U97/><E97/><V37/><F37/><W51/><G130/><T17/><D30/><U122/><E122/><V56/><F95/><W6/><G6/><T80/><D63/><U29/><E29/><V4/><F102/><W61/><G119/><T72/><D72/><U1/><E1/><V106/><F101/><W31/><G31/><T112/><D112/><U105/><E105/><V123/><F106/><W71/><G120/><T66/><D96/><U33/><E33/><V88/><F90/><W82/><G82/><T54/><D80/><U15/><E42/><V121/><F121/><W45/><G71/><T85/><D103/><U18/><E18/><V79/><F123/><W83/><G83/><T107/><D107/><U52/><E41/><V127/><F79/><W70/><G70/><T8/><D8/><U132/><E132/><V14/><F127/><N who="3" m="48651" /><G58/><T114/><D114/><U116/><E116/><V113/><F113/><W22/><G22/><T0/><D20/><U69/><E69/><V19/><F9/><W48/><G36/><T81/><D81/><U100/><E100/><V59/><F59/><RYUUKYOKU ba="1,0" sc="280,-15,240,15,240,-15,240,15" hai1="2,5,10,15,16,23,44,52,64,65" hai3="43,45,46,48,51,61,62" /><INIT seed="1,2,0,2,3,2" ten="265,255,225,255" oya="1" hai0="54,46,94,120,1,89,56,78,134,32,95,106,61" hai1="100,126,6,23,60,24,81,44,93,37,104,87,72" hai2="99,9,127,51,86,58,39,105,4,45,30,79,125" hai3="21,135,122,91,123,121,118,49,13,110,26,133,16"/><U76/><E126/><N who="2" m="48139" /><F30/><N who="3" m="17743" /><G49/><T116/><D116/><U8/><E60/><V10/><F10/><N who="3" m="6199" /><G91/><T52/><D106/><U40/><E104/><V85/><F39/><W83/><G83/><T12/><D78/><U84/><E100/><N who="2" m="62623" /><F58/><W65/><G65/><T28/><D94/><U50/><E93/><V59/><F59/><W128/><G118/><T101/><D101/><U131/><E50/><V15/><F79/><W109/><G128/><T35/><D46/><U96/><E96/><V67/><F67/><W20/><G20/><T107/><D107/><U22/><E22/><V77/><F77/><W36/><G36/><T73/><D73/><U82/><E82/><V88/><F88/><W115/><G115/><T69/><D89/><U33/><E131/><V66/><F66/><W7/><G7/><T130/><D95/><U55/><E55/><AGARI ba="2,0" hai="4,9,15,45,51,55,85,86" m="62623,48139" machi="55" ten="30,2000,0" yaku="18,1,52,1" doraHai="2" who="2" fromWho="1" sc="265,0,255,-26,225,26,255,0" /><INIT seed="2,0,0,1,2,47" ten="265,229,251,255" oya="2" hai0="99,134,132,105,125,83,72,85,51,91,58,59,38" hai1="117,9,55,43,60,6,124,11,48,128,103,89,112" hai2="2,33,76,42,95,88,12,69,53,49,16,73,102" hai3="131,36,65,64,63,44,126,52,20,111,122,40,96"/><V74/><F33/><W7/><G7/><T116/><D125/><U130/><E117/><V25/><F69/><W118/><G96/><T68/><D38/><U5/><E112/><V23/><F2/><W27/><G118/><T34/><D116/><U93/><E103/><V114/><F114/><W70/><G122/><T133/><D34/><U67/><E43/><V18/><F102/><W100/><G100/><N who="0" m="62623" /><D68/><U17/><E17/><V50/><F76/><W121/><G121/><T1/><D1/><U115/><E115/><V135/><F135/><W104/><G104/><T101/><D101/><U119/><E119/><V79/><F79/><W62/><G126/><T120/><D120/><U37/><E37/><V45/><F18/><W57/><G131/><N who="1" m="50218" /><E124/><V78/><F78/><W66/><REACH who="3" step="1"/><G111/><REACH who="3" ten="265,229,251,245" step="2"/><T24/><D132/><U26/><E6/><V127/><F127/><W32/><G32/><T14/><D133/><U56/><E5/><V110/><F110/><W28/><AGARI ba="0,1" hai="20,27,28,36,40,44,52,57,62,63,64,65,66,70" machi="28" ten="20,5200,0" yaku="1,1,0,1,7,1,54,1,53,0" doraHai="47" doraHaiUra="10" who="3" fromWho="3" sc="265,-13,229,-13,251,-26,245,62" /><INIT seed="3,0,0,0,1,48" ten="252,216,225,307" oya="3" hai0="120,130,27,96,114,129,102,20,24,9,36,115,84" hai1="22,73,6,76,117,29,34,67,111,12,135,23,41" hai2="66,88,53,131,40,116,104,89,45,127,15,49,62" hai3="68,21,10,87,50,54,57,82,77,92,113,95,122"/><W64/><G122/><T90/><D36/><U63/><E117/><V2/><F2/><W108/><G113/><N who="0" m="43019" /><D120/><U37/><E135/><V70/><F104/><W52/><G10/><T25/><D9/><U128/><E128/><V124/><F116/><W11/><G11/><T32/><D20/><U119/><E119/><V118/><F118/><W51/><G21/><T31/><D31/><U58/><E6/><V16/><F131/><W43/><G43/><T19/><D19/><U107/><E111/><V97/><F40/><W3/><G3/><T65/><D65/><U71/><E107/><V79/><F79/><W4/><G4/><T123/><D32/><U80/><E12/><V74/><F74/><W93/><G108/><T18/><D18/><U26/><REACH who="1" step="1"/><E58/><REACH who="1" ten="252,206,225,307" step="2"/><V105/><F105/><W109/><G109/><T13/><D13/><U47/><AGARI ba="0,1" hai="22,23,26,29,34,37,41,47,63,67,71,73,76,80" machi="47" ten="30,4000,0" yaku="1,1,2,1,0,1,53,0" doraHai="48" doraHaiUra="14" who="1" fromWho="1" sc="252,-10,206,50,225,-10,307,-20" /><INIT seed="4,0,0,4,2,7" ten="242,256,215,287" oya="0" hai0="17,51,48,4,79,52,110,92,78,123,66,69,112" hai1="95,106,30,18,85,67,134,103,61,86,39,126,70" hai2="49,1,122,43,87,105,133,56,76,65,24,100,88" hai3="6,120,38,13,20,80,35,60,42,113,12,121,109"/><T9/><D123/><U81/><E39/><V115/><F122/><N who="3" m="47211" /><G35/><T101/><D112/><U93/><E126/><V131/><F115/><W124/><G113/><T57/><D110/><U2/><E134/><V91/><F133/><W27/><G109/><T129/><D129/><U73/><E73/><V130/><F1/><W41/><G124/><T62/><D17/><U54/><E86/><V63/><F100/><W132/><G132/><T37/><D37/><U119/><E119/><V114/><F105/><W118/><G118/><T111/><D111/><U44/><E44/><N who="2" m="25759" /><F114/><W71/><G80/><T82/><D82/><U33/><E54/><V108/><F108/><W104/><G104/><T64/><D64/><U127/><E18/><V46/><F46/><N who="3" m="23863" /><G42/><T59/><D51/><U25/><E2/><V15/><F131/><W75/><G75/><T16/><D69/><U96/><E127/><V135/><F130/><W116/><G116/><T0/><REACH who="0" step="1"/><D16/><REACH who="0" ten="232,256,215,287" step="2"/><U58/><E70/><V34/><F135/><W98/><G71/><T22/><D22/><U94/><E81/><N who="2" m="47527" /><F34/><W23/><G23/><T84/><D84/><U72/><E85/><V102/><F24/><W14/><G27/><T68/><D68/><N who="1" m="42095" /><E72/><V10/><F102/><W77/><G20/><T97/><AGARI ba="0,1" hai="0,4,9,48,52,57,59,62,66,78,79,92,97,101" machi="97" ten="30,11700,0" yaku="1,1,0,1,52,1,54,1,53,0" doraHai="7" doraHaiUra="19" who="0" fromWho="0" sc="232,127,256,-39,215,-39,287,-39" owari="359,45.0,217,-18.0,176,-32.0,248,5.0" /></mjloggm>