<mjloggm ver="2.3"><GO type="41" lobby="0"/><UN n0="%E5%8C%97%E6%B5%B7%E3%81%AE%E8%8D%92%E9%AE%AD" n1="%74%6B%73%6A%69%68%75" n2="%4D%61%69%73%6F%6E" n3="%E5%B0%B1%E6%B4%BB%E7%94%9F%40%E5%B7%9D%E6%9D%91%E8%BB%8D%E5%9B%A3" dan="14,13,13,15" rate="1910.72,1831.74,1971.66,2037.98" sx="M,M,M,M"/><TAIKYOKU oya="0"/><INIT seed="0,0,0,3,0,36" ten="250,250,250,250" oya="0" hai0="95,22,27,118,68,82,128,94,57,111,47,10,23" hai1="90,11,88,4,134,93,61,34,28,103,37,84,45" hai2="72,106,48,0,46,133,91,85,92,79,71,99,69" hai3="110,132,31,107,73,49,8,80,25,131,9,50,41"/><T117/><D68/><U18/><E134/><V67/><F0/><W52/><G107/><T30/><D128/><U60/><E34/><V108/><F108/><W100/><G132/><T113/><D113/><U127/><E28/><V55/><F67/><W1/><G100/><T76/><D111/><U5/><E127/><V24/><F24/><W59/><G131/><T86/><D23/><U122/><E122/><V63/><F63/><W32/><G1/><T35/><D35/><U64/><E103/><N who="2" m="62847" /><F133/><W83/><G110/><T38/><D57/><U135/><E135/><V104/><F104/><W53/><G41/><T81/><D81/><AGARI ba="0,0" hai="46,48,55,69,71,72,79,81,85,91,92" m="62847" machi="81" ten="30,1000,0" yaku="24,1" doraHai="36" who="2" fromWho="0" sc="250,-10,250,0,250,10,250,0" /><INIT seed="1,0,0,2,3,49" ten="240,250,260,250" oya="1" hai0="72,15,106,5,24,86,26,50,114,52,124,109,14" hai1="94,101,45,116,55,20,118,16,84,112,10,61,119" hai2="82,29,33,9,65,37,12,63,73,13,115,1,102" hai3="43,68,38,2,81,110,93,35,85,34,54,8,120"/><U44/><E112/><V58/><F37/><W48/><G68/><T89/><D106/><U134/><E10/><V122/><F122/><W66/><G120/><T83/><D72/><U126/><E126/><V91/><F102/><W62/><G110/><T40/><D109/><U132/><E101/><V107/><F107/><W108/><G108/><T39/><D114/><U51/><E84/><V60/><F1/><W28/><G38/><T95/><D39/><U135/><E94/><V3/><F33/><W42/><G93/><T97/><D40/><U36/><E16/><V25/><F3/><W80/><G80/><T22/><D26/><U128/><E20/><V104/><F104/><W57/><G2/><T113/><D5/><U99/><E99/><V11/><F91/><W27/><G8/><T70/><D70/><U69/><E128/><V77/><F11/><W76/><REACH who="3" step="1"/><G34/><REACH who="3" ten="240,250,260,240" step="2"/><T19/><D113/><U96/><E96/><V105/><F9/><W18/><G18/><T71/><D71/><U78/><E69/><V30/><F115/><W23/><G23/><T46/><D124/><U4/><E4/><V17/><F17/><W98/><G98/><T90/><AGARI ba="0,1" hai="14,15,19,22,24,46,50,52,83,86,89,90,95,97" machi="90" ten="20,8000,1" yaku="0,1,7,1,8,1,52,1,54,1" doraHai="49" who="0" fromWho="0" sc="240,90,250,-40,260,-20,240,-20" /><INIT seed="2,0,0,2,3,50" ten="330,210,240,220" oya="2" hai0="94,64,3,32,24,97,117,18,39,23,132,46,28" hai1="35,82,49,54,74,42,88,19,17,131,31,45,59" hai2="89,61,48,2,15,79,130,10,92,95,7,108,99" hai3="81,121,21,53,76,69,9,123,85,127,84,63,91"/><V98/><F79/><W134/><G127/><T4/><D117/><U77/><E131/><V109/><F130/><W30/><G134/><T0/><D64/><U16/><E35/><V34/><F34/><W55/><G121/><T104/><D104/><U126/><E31/><V78/><F78/><W71/><G123/><T100/><D132/><U105/><E105/><V119/><F61/><W106/><G106/><T122/><D122/><U56/><E126/><V12/><F48/><W43/><G43/><T44/><D3/><U125/><E125/><V73/><F73/><W72/><G9/><T87/><D87/><N who="1" m="50295" /><E74/><V60/><F60/><W47/><G72/><T129/><D39/><U29/><E29/><V67/><F67/><W86/><G69/><T110/><D110/><N who="2" m="42602" /><F119/><W52/><G47/><T62/><D62/><N who="1" m="36119" /><E77/><V101/><AGARI ba="0,0" hai="2,7,10,12,15,89,92,95,98,99,101" m="42602" machi="101" ten="30,3000,0" yaku="14,1,10,1" doraHai="50" who="2" fromWho="2" sc="330,-10,210,-10,240,30,220,-10" /><INIT seed="2,1,0,4,1,35" ten="320,200,270,210" oya="2" hai0="27,86,21,5,19,46,10,115,49,103,39,65,122" hai1="57,91,15,43,110,7,112,108,130,58,126,6,98" hai2="74,16,31,34,107,45,56,102,81,95,32,41,0" hai3="101,61,36,84,9,8,29,111,113,109,48,55,44"/><V131/><F107/><W59/><G113/><T68/><D115/><U17/><E112/><V67/><F31/><W69/><G29/><T73/><D39/><U89/><E130/><V70/><F70/><W33/><G33/><T52/><D73/><U80/><E126/><V30/><F30/><W114/><G114/><T129/><D122/><U66/><E43/><V79/><F0/><W64/><G101/><T121/><D121/><U128/><E128/><V71/><F71/><W53/><G84/><T106/><D129/><U77/><E98/><V116/><F116/><W120/><G120/><T60/><D86/><N who="1" m="48399" /><E110/><N who="3" m="41994" /><G8/><T20/><D20/><N who="1" m="11327" /><E108/><V119/><F119/><W132/><G9/><T24/><D24/><U93/><E66/><V25/><F102/><W96/><G96/><T50/><D106/><U83/><E83/><V104/><F104/><W13/><G13/><T22/><D103/><U37/><E37/><V75/><F131/><W40/><G55/><T14/><D22/><U12/><E12/><V85/><F25/><W26/><G26/><T38/><D38/><U18/><E18/><V54/><F67/><W134/><AGARI ba="1,0" hai="36,40,44,48,53,59,61,64,69,132,134" m="41994" machi="134" ten="30,7900,0" yaku="24,1,14,1,34,2" doraHai="35" who="3" fromWho="3" sc="320,-21,200,-21,270,-40,210,82" /><INIT seed="3,0,0,5,1,64" ten="299,179,230,292" oya="3" hai0="135,105,109,97,123,93,21,120,77,79,106,16,67" hai1="96,27,94,17,20,33,87,56,7,74,42,134,124" hai2="76,22,52,82,91,108,10,116,54,58,50,95,114" hai3="59,131,92,39,128,46,14,3,122,110,40,4,15"/><W104/><G104/><T90/><D109/><U65/><E134/><V78/><F114/><W63/><G122/><T85/><D135/><U89/><E74/><V69/><F116/><W18/><G110/><T9/><D9/><U102/><E124/><V11/><F22/><W43/><G43/><T13/><D67/><U101/><E33/><V68/><F78/><W48/><G3/><T132/><D132/><U26/><E7/><V125/><F125/><W133/><G133/><T57/><D57/><U29/><E42/><V113/><F113/><W126/><G126/><T6/><D6/><U53/><E65/><V130/><F130/><W28/><G28/><T70/><D70/><U62/><E87/><V47/><F76/><W8/><G92/><T112/><D112/><U66/><REACH who="1" step="1"/><E66/><REACH who="1" ten="299,169,230,292" step="2"/><V127/><F127/><W99/><G131/><T32/><D32/><U44/><E44/><V107/><F108/><W55/><G128/><T2/><D85/><U5/><E5/><V98/><F47/><W80/><G99/><T41/><D41/><U61/><E61/><V24/><F98/><W75/><G75/><T72/><D72/><U71/><E71/><V60/><F69/><W0/><G80/><T73/><D73/><U118/><E118/><V36/><F82/><W117/><G117/><T12/><D120/><U45/><E45/><N who="2" m="27727" /><F68/><W23/><REACH who="3" step="1"/><G0/><REACH who="3" ten="299,169,230,282" step="2"/><T83/><D2/><U31/><E31/><V34/><F107/><N who="0" m="40970" /><D123/><U37/><E37/><AGARI ba="0,2" hai="4,8,14,15,18,23,37,39,40,46,48,55,59,63" machi="37" ten="40,2000,0" yaku="1,1,53,0" doraHai="64" doraHaiUra="121" who="3" fromWho="1" sc="299,0,169,-20,230,0,282,40" /><INIT seed="3,1,0,0,4,108" ten="299,149,230,322" oya="3" hai0="8,103,101,5,82,1,87,29,71,119,3,130,68" hai1="23,48,73,26,109,65,10,4,51,123,107,134,19" hai2="96,49,100,75,42,64,128,92,135,105,88,44,78" hai3="72,14,69,39,111,54,13,126,63,114,17,45,79"/><W35/><G35/><T83/><D119/><U66/><E123/><V32/><F32/><W117/><G117/><T70/><D29/><U125/><E109/><V41/><F64/><W133/><G111/><T58/><D130/><U27/><E134/><V0/><F0/><W36/><G69/><T116/><D116/><U46/><E125/><V118/><F135/><W30/><G30/><T102/><D58/><U18/><E107/><V60/><F60/><W38/><G126/><T127/><D127/><U59/><E73/><V76/><F128/><W112/><G133/><T16/><D3/><U52/><E26/><V97/><F118/><W55/><G79/><T99/><D99/><U62/><E18/><V90/><F90/><W81/><G81/><T131/><D131/><U113/><E48/><V57/><F57/><W37/><G72/><T122/><D122/><U43/><REACH who="1" step="1"/><E113/><REACH who="1" ten="299,139,230,322" step="2"/><V86/><F75/><W67/><G17/><T50/><D50/><U33/><E33/><V95/><REACH who="2" step="1"/><F42/><REACH who="2" ten="299,139,220,322" step="2"/><N who="3" m="22727" /><G37/><T84/><REACH who="0" step="1"/><D16/><REACH who="0" ten="289,139,220,322" step="2"/><U61/><E61/><V129/><F129/><W93/><G63/><T15/><D15/><AGARI ba="1,3" hai="4,10,15,19,23,27,43,46,51,52,59,62,65,66" machi="15" ten="30,7700,0" yaku="1,1,7,1,8,1,54,1,53,0" doraHai="108" doraHaiUra="124" who="1" fromWho="0" sc="289,-80,139,110,220,0,322,0" /><INIT seed="4,0,0,5,3,63" ten="209,249,220,322" oya="0" hai0="33,45,48,82,10,97,27,123,103,7,133,83,91" hai1="87,18,85,79,77,21,36,105,49,129,22,76,56" hai2="1,128,20,14,37,78,64,12,23,43,67,55,24" hai3="130,5,114,131,62,65,80,134,53,30,47,127,110"/><T32/><D123/><U34/><E36/><V100/><F1/><W112/><G5/><T73/><D133/><U132/><E105/><V118/><F100/><W104/><G104/><T95/><D83/><U54/><E34/><V50/><F128/><N who="3" m="49195" /><G30/><T69/><D69/><U86/><E129/><V44/><F78/><W90/><G80/><T94/><D27/><U74/><E132/><V3/><F3/><W2/><G2/><T102/><D102/><U88/><E74/><V58/><F118/><W16/><G90/><T11/><D11/><U31/><E31/><V39/><F39/><W84/><G84/><N who="1" m="32362" /><E18/><V41/><F41/><W29/><G29/><T117/><D117/><U89/><E89/><V17/><REACH who="2" step="1"/><F12/><REACH who="2" ten="209,249,210,322" step="2"/><W40/><G134/><T52/><D82/><AGARI ba="0,1" hai="21,22,49,54,56,76,77,79,82,87,88" m="32362" machi="82" ten="30,2000,0" yaku="8,1,54,1" doraHai="63" who="1" fromWho="0" sc="209,-20,249,30,210,0,322,0" /><INIT seed="5,0,0,4,3,49" ten="189,279,210,322" oya="1" hai0="111,55,52,27,121,66,20,89,91,106,37,110,1" hai1="81,47,61,11,104,113,3,70,25,117,118,84,34" hai2="122,69,83,88,119,126,62,94,39,57,101,31,60" hai3="53,73,23,86,115,28,78,40,6,17,26,22,24"/><U93/><E104/><V123/><F39/><W74/><G115/><T43/><D106/><U59/><E70/><V82/><F31/><W112/><G112/><T35/><D1/><U98/><E47/><V76/><F119/><W42/><G6/><T2/><D2/><U12/><E3/><V64/><F126/><W7/><G7/><T13/><D35/><U19/><E113/><V33/><F33/><W58/><G74/><T51/><D66/><U16/><E19/><V36/><F36/><W5/><G5/><T15/><D37/><U100/><E25/><V114/><F114/><W0/><G0/><T105/><D105/><U130/><E34/><V108/><F108/><W45/><G73/><T135/><D121/><U131/><E131/><V134/><F134/><W120/><G45/><T87/><D135/><U72/><E72/><V116/><F116/><W10/><G10/><T56/><D43/><U21/><E11/><V133/><F133/><W103/><G103/><T30/><D110/><U77/><E130/><V46/><F46/><W95/><G120/><T80/><D111/><U50/><E50/><V107/><F101/><W71/><G71/><T99/><D55/><AGARI ba="0,0" hai="12,16,21,55,59,61,77,81,84,93,98,100,117,118" machi="55" ten="30,5800,0" yaku="7,1,52,1,54,1" doraHai="49" who="1" fromWho="0" sc="189,-58,279,58,210,0,322,0" /><INIT seed="5,1,0,2,0,38" ten="131,337,210,322" oya="1" hai0="96,100,127,25,35,53,21,10,110,32,130,133,118" hai1="94,55,7,54,115,18,15,61,116,48,23,64,43" hai2="34,49,26,119,95,12,50,135,60,84,69,121,91" hai3="85,117,87,51,31,79,132,37,92,77,28,104,102"/><U46/><E116/><V1/><F1/><W76/><G37/><T4/><D118/><U107/><E107/><V109/><F109/><W3/><G3/><T93/><D110/><U71/><E115/><V24/><F121/><W80/><G117/><T122/><D122/><U33/><E33/><V52/><F135/><W74/><G132/><T65/><D133/><U56/><E7/><V59/><F12/><W105/><G51/><T101/><D53/><U128/><E128/><V39/><F39/><W70/><G70/><T27/><D127/><U78/><E78/><N who="3" m="30314" /><G31/><T103/><D130/><U126/><E126/><V89/><F34/><W75/><G28/><T88/><D65/><U120/><E120/><V36/><F36/><W6/><G6/><T99/><D35/><U106/><E106/><N who="3" m="41066" /><G85/><T5/><D32/><U14/><E14/><V98/><F119/><W114/><G114/><T81/><D5/><U9/><E9/><V29/><F69/><W134/><G134/><T13/><D27/><N who="2" m="10282" /><F29/><W57/><G57/><T11/><D11/><U108/><E108/><V123/><F123/><W42/><G42/><T67/><D25/><U90/><E71/><V86/><F86/><AGARI ba="1,0" hai="15,18,23,43,46,48,54,55,56,61,64,86,90,94" machi="86" ten="30,5800,0" yaku="7,1,8,1,52,1" doraHai="38" who="1" fromWho="2" sc="131,0,337,61,210,-61,322,0" /><INIT seed="5,2,0,2,4,120" ten="131,398,149,322" oya="1" hai0="6,25,5,74,42,48,69,114,1,31,64,98,80" hai1="41,62,88,124,109,115,125,130,55,18,118,44,66" hai2="134,9,26,95,15,79,40,78,10,19,4,105,16" hai3="122,7,65,110,13,83,119,57,12,73,84,86,47"/><U121/><E121/><V37/><F105/><W0/><G0/><T97/><D114/><U93/><E118/><V50/><F37/><W14/><G122/><T112/><D112/><U70/><E115/><V107/><F107/><W82/><G119/><T75/><D1/><U39/><E130/><V29/><F95/><W51/><G73/><T126/><D80/><U22/><E55/><V30/><F40/><W8/><G110/><T116/><D116/><U113/><E113/><V49/><F134/><W100/><G100/><T52/><D64/><U36/><E36/><V58/><F58/><W3/><G83/><T111/><D69/><U17/><E109/><V34/><F4/><W53/><G84/><T43/><D111/><U2/><E2/><V128/><F128/><W99/><G99/><T33/><D97/><N who="1" m="57511" /><E22/><V131/><F131/><W96/><G96/><T92/><D74/><U21/><E21/><V89/><F89/><N who="3" m="51415" /><G3/><T11/><D75/><U123/><E123/><V133/><F133/><W91/><G91/><T20/><D33/><U61/><E61/><AGARI ba="2,0" hai="7,8,12,13,14,47,51,53,57,61,65" m="51415" machi="61" ten="30,1000,0" yaku="8,1" doraHai="120" who="3" fromWho="1" sc="131,0,398,-16,149,0,322,16" /><INIT seed="6,0,0,5,1,2" ten="131,382,149,338" oya="2" hai0="8,19,67,81,79,45,10,4,31,84,128,25,14" hai1="11,103,119,12,29,124,95,40,33,109,59,50,114" hai2="44,123,98,27,88,23,36,58,71,87,78,41,102" hai3="1,90,17,49,104,80,73,135,28,15,101,106,38"/><V24/><F71/><W110/><G38/><T52/><D128/><U48/><E109/><V115/><F115/><W64/><G1/><T116/><D116/><U94/><E119/><V62/><F78/><W20/><G110/><T99/><D67/><U57/><E29/><V47/><F47/><W32/><G135/><T6/><D99/><U91/><E33/><V72/><F72/><W54/><G64/><T130/><D10/><U83/><E103/><V66/><F23/><W22/><G32/><T0/><D0/><U76/><E76/><V5/><F123/><W111/><G111/><T26/><D130/><U39/><E39/><V9/><F102/><W37/><G37/><T69/><D69/><U108/><E108/><V125/><F98/><W89/><G101/><T55/><D31/><U35/><E35/><V7/><F125/><W18/><G28/><T117/><D117/><U107/><E107/><V16/><F16/><W63/><G63/><T127/><D127/><U105/><E105/><V132/><F132/><W100/><G100/><T34/><D34/><U85/><E114/><V113/><F113/><W43/><G43/><T56/><D45/><U42/><E50/><V82/><REACH who="2" step="1"/><F7/><REACH who="2" ten="131,382,139,338" step="2"/><N who="0" m="2602" /><D55/><U3/><E124/><V86/><F86/><N who="3" m="50375" /><G73/><T21/><D21/><U112/><E112/><V118/><F118/><W133/><G133/><T126/><D126/><U75/><E75/><V92/><F92/><W129/><G129/><T53/><D53/><U77/><E95/><V120/><F120/><W51/><G54/><T131/><D131/><U122/><E94/><V68/><F68/><RYUUKYOKU ba="0,1" sc="131,15,382,-15,139,15,338,-15" hai0="8,14,19,25,26,52,56,79,81,84" hai2="5,9,24,27,36,41,44,58,62,66,82,87,88" /><INIT seed="6,1,1,5,3,22" ten="146,367,154,323" oya="2" hai0="68,126,15,71,116,104,69,85,113,41,35,34,60" hai1="119,108,117,10,95,134,0,2,70,135,73,125,111" hai2="36,82,7,114,28,133,59,127,90,9,5,91,18" hai3="130,97,101,81,30,29,124,87,129,55,65,131,79"/><V21/><F36/><W123/><G123/><T100/><D113/><U54/><E95/><V92/><F114/><W53/><G65/><T72/><D72/><U102/><E102/><V24/><F82/><W89/><G124/><T105/><D41/><U75/><E54/><N who="3" m="20490" /><G89/><T32/><D60/><U12/><E12/><N who="2" m="7439" /><F127/><W23/><G23/><T14/><D126/><U20/><E20/><V80/><F133/><W106/><AGARI ba="1,1" hai="29,30,79,81,87,97,101,106,129,130,131" m="20490" machi="106" ten="40,1500,0" yaku="19,1" doraHai="22" who="3" fromWho="3" sc="146,-5,367,-5,154,-8,323,28" /><INIT seed="7,0,0,2,4,86" ten="141,362,146,351" oya="3" hai0="48,26,69,109,122,91,81,37,103,102,8,78,68" hai1="43,4,127,42,112,1,12,128,108,36,17,23,79" hai2="92,99,52,9,34,14,54,84,132,55,96,29,134" hai3="20,72,71,44,11,3,114,76,120,61,95,62,18"/><W10/><G120/><T49/><D109/><U13/><E108/><V40/><F40/><W106/><G106/><T104/><D37/><U113/><E128/><V67/><F67/><W51/><G114/><N who="1" m="44138" /><E127/><V117/><F117/><W7/><G71/><T27/><D122/><U45/><E79/><V63/><F34/><W93/><G72/><T30/><D104/><U133/><E133/><N who="2" m="51307" /><F29/><W129/><G76/><T25/><D30/><U107/><E107/><V87/><F99/><W2/><G129/><T75/><D8/><N who="3" m="3113" /><G7/><T39/><D39/><U88/><E88/><BYE who="1" /><N who="2" m="55303" /><F63/><N who="3" m="24075" /><G3/><UN n1="%74%6B%73%6A%69%68%75" /><T131/><D131/><U85/><E85/><V73/><F73/><W57/><G57/><T28/><D28/><U82/><E82/><V32/><F32/><W47/><G2/><T15/><D69/><U115/><E115/><V105/><BYE who="1" /><F105/><W19/><G19/><AGARI ba="0,0" hai="9,14,19,52,54,55,84,87" m="55303,51307" machi="19" ten="30,7700,0" yaku="20,1,52,1,54,2" doraHai="86" who="2" fromWho="3" sc="141,0,362,0,146,77,351,-77" owari="141,-36.0,362,47.0,223,-18.0,274,7.0" /></mjloggm>