<mjloggm ver="2.3"><GO type="97" lobby="0"/><UN n0="%76%61%61%61%5F%30%31" n1="%E3%82%A6%E3%83%AB%E3%83%88%E3%83%A9%E7%AB%8B%E7%9B%B4" n2="%E3%81%93%E3%81%B0%E3%83%97%E3%83%AA%E3%82%AA" n3="%E4%B8%89%E9%BA%BB%E4%BA%AD%E6%9F%93%E5%A4%AA%E9%83%8E" dan="15,14,14,13" rate="2018.02,1941.26,1897.36,1885.40" sx="M,M,M,M"/><TAIKYOKU oya="0"/><INIT seed="0,0,0,3,1,34" ten="250,250,250,250" oya="0" hai0="100,78,91,30,71,77,87,21,27,11,47,132,107" hai1="70,18,41,62,104,66,36,44,12,74,133,112,5" hai2="79,93,55,31,43,39,88,89,97,117,8,73,115" hai3="92,86,121,82,60,111,37,9,90,16,28,102,52"/><T2/><D71/><U45/><E112/><V14/><F115/><W95/><G37/><T110/><D110/><U84/><E133/><V128/><F128/><W59/><G111/><T67/><D67/><U94/><E104/><V109/><F109/><W105/><G121/><T23/><D132/><U10/><E74/><V20/><F117/><W134/><G134/><T101/><D23/><U24/><E45/><V68/><F68/><W130/><G130/><T129/><D129/><U58/><E70/><V1/><F1/><W127/><G127/><T26/><D26/><U40/><E40/><V57/><F73/><W29/><G105/><T15/><D47/><U56/><E56/><V3/><F79/><N who="0" m="30218" /><D2/><U125/><E125/><V131/><F131/><W38/><G38/><T22/><D22/><U96/><E84/><V114/><F114/><W108/><G108/><T81/><D107/><U69/><E69/><V46/><F3/><W51/><G51/><T65/><D65/><U72/><E72/><V99/><F31/><N who="3" m="11851" /><G102/><T75/><D75/><U35/><E35/><V53/><F20/><W48/><G48/><T124/><D124/><U123/><E123/><V103/><F57/><W49/><G49/><T135/><D135/><U19/><REACH who="1" step="1"/><E24/><REACH who="1" ten="250,240,250,250" step="2"/><V17/><REACH who="2" step="1"/><F103/><AGARI ba="0,1" hai="5,10,12,18,19,36,41,44,58,62,66,94,96,103" machi="103" ten="30,7700,0" yaku="1,1,2,1,7,1,53,1" doraHai="34" doraHaiUra="42" who="1" fromWho="2" sc="250,0,240,87,250,-77,250,0" /><INIT seed="1,0,0,0,1,121" ten="250,327,173,250" oya="1" hai0="11,128,28,58,112,96,115,127,57,68,111,119,72" hai1="59,78,81,130,108,74,101,134,100,64,99,22,15" hai2="124,110,60,53,50,25,123,129,46,26,113,42,66" hai3="6,27,117,2,56,21,40,43,12,67,88,33,70"/><U92/><E15/><V37/><F123/><W54/><G117/><T35/><D111/><U44/><E44/><V105/><F105/><W18/><G70/><T85/><D119/><U107/><E22/><V36/><F113/><W24/><G67/><T48/><D72/><U65/><E59/><V120/><F120/><W87/><G2/><T84/><D128/><U83/><E65/><V5/><F124/><W118/><G118/><T114/><D127/><U104/><E64/><V31/><F129/><W116/><G116/><T102/><D68/><U91/><E130/><V103/><F103/><N who="1" m="39497" /><E134/><V47/><F110/><W32/><G32/><T106/><D11/><U4/><E4/><V89/><F5/><W29/><G6/><T90/><D48/><U69/><E69/><V51/><F89/><W122/><G27/><T93/><REACH who="0" step="1"/><D84/><REACH who="0" ten="240,327,173,250" step="2"/><N who="1" m="50575" /><E108/><V73/><F73/><W14/><G122/><T109/><D109/><U45/><E45/><V71/><REACH who="2" step="1"/><F25/><AGARI ba="0,1" hai="25,28,35,57,58,85,90,93,96,102,106,112,114,115" machi="25" ten="40,1300,0" yaku="1,1,53,0" doraHai="121" doraHaiUra="77" who="0" fromWho="2" sc="240,23,327,0,173,-13,250,0" /><INIT seed="2,0,0,5,1,33" ten="263,327,160,250" oya="2" hai0="127,106,85,40,12,98,96,24,21,75,26,111,80" hai1="28,99,13,84,66,77,100,4,71,46,134,44,68" hai2="58,55,65,16,69,54,135,87,1,117,131,94,74" hai3="102,10,64,103,86,113,83,115,25,45,101,79,17"/><V129/><F74/><W105/><G105/><T63/><D111/><U89/><E77/><V114/><F117/><W124/><G124/><T42/><D75/><U39/><E39/><V49/><F114/><N who="3" m="43531" /><G64/><T56/><D127/><U6/><E68/><V121/><F121/><W110/><G110/><T53/><D106/><U60/><E28/><V61/><F135/><W37/><G25/><T43/><D12/><U62/><E62/><V50/><F1/><W132/><G132/><T14/><D14/><U51/><E134/><V5/><F5/><W30/><G30/><N who="0" m="17679" /><D26/><U93/><E13/><V52/><F16/><W8/><G17/><T70/><D70/><U76/><E76/><AGARI ba="0,0" hai="40,42,43,53,56,63,76,80,85,96,98" m="17679" machi="76" ten="30,1000,0" yaku="8,1" doraHai="33" who="0" fromWho="1" sc="263,10,327,-10,160,0,250,0" /><INIT seed="3,0,0,2,5,92" ten="273,317,160,250" oya="3" hai0="91,65,129,18,27,39,86,107,51,16,84,68,134" hai1="130,54,71,37,53,104,62,0,78,67,116,73,7" hai2="40,66,83,124,34,35,82,31,125,118,127,8,93" hai3="115,5,106,26,28,102,121,128,20,122,38,131,47"/><W101/><G38/><T110/><D110/><U52/><E104/><V61/><F118/><W33/><G47/><T111/><D111/><U80/><E130/><N who="3" m="49706" /><G102/><T112/><D129/><U10/><E116/><V94/><F40/><W56/><G56/><T63/><D39/><U57/><REACH who="1" step="1"/><E37/><REACH who="1" ten="273,307,160,250" step="2"/><V23/><F8/><W97/><G115/><T76/><D112/><U105/><E105/><V41/><F41/><W55/><G55/><T89/><D134/><U100/><E100/><V13/><F93/><W113/><G113/><T9/><D107/><U135/><E135/><V6/><F94/><W11/><G20/><T98/><D98/><U17/><BYE who="3" /><E17/><N who="2" m="10671" /><F6/><UN n3="%E4%B8%89%E9%BA%BB%E4%BA%AD%E6%9F%93%E5%A4%AA%E9%83%8E" /><W50/><G50/><AGARI ba="0,1" hai="0,7,10,50,52,53,54,57,62,67,71,73,78,80" machi="50" ten="30,7700,0" yaku="1,1,7,1,54,1,53,1" doraHai="92" doraHaiUra="3" who="1" fromWho="3" sc="273,0,307,87,160,0,250,-77" owari="273,7.0,394,50.0,160,-34.0,173,-23.0" /></mjloggm>