<mjloggm ver="2.3"><GO type="41" lobby="0"/><UN n0="%6B%75%72%6F%6E%6F%32" n1="%E3%82%A6%E3%83%AB%E3%83%88%E3%83%A9%E7%AB%8B%E7%9B%B4" n2="%6E%69%67%6F%72%75" n3="%E3%81%8B%E3%81%B9%E3%81%A1%E3%83%BC" dan="14,15,13,13" rate="1975.57,2026.64,1845.29,1881.28" sx="M,M,M,M"/><TAIKYOKU oya="0"/><INIT seed="0,0,0,2,1,82" ten="250,250,250,250" oya="0" hai0="13,77,49,103,9,115,17,86,59,125,73,76,120" hai1="132,41,56,46,31,12,64,26,121,40,0,28,112" hai2="67,2,135,116,8,42,36,22,98,19,38,89,69" hai3="108,114,92,72,95,23,44,104,84,133,105,65,71"/><T102/><D120/><U75/><E0/><V127/><F116/><W66/><G108/><T87/><D73/><U129/><E75/><V119/><F119/><W117/><G72/><T25/><D115/><U21/><E121/><V14/><F135/><W43/><G117/><T134/><D125/><U118/><E118/><V20/><F127/><W106/><G133/><T24/><D134/><U113/><E132/><V85/><F98/><W90/><G71/><T70/><D70/><U33/><E129/><V130/><F130/><W35/><G35/><T58/><D25/><N who="1" m="16431" /><E46/><V63/><F42/><W5/><G5/><T27/><D27/><U78/><E78/><N who="0" m="30313" /><D24/><U96/><E96/><V97/><F97/><W53/><G53/><N who="0" m="32047" /><D59/><U94/><E12/><V100/><F100/><AGARI ba="0,0" hai="9,13,17,86,87,100,102,103" m="32047,30313" machi="100" ten="30,5800,0" yaku="8,1,52,2" doraHai="82" who="0" fromWho="2" sc="250,58,250,0,250,-58,250,0" /><INIT seed="0,1,0,4,2,72" ten="308,250,192,250" oya="0" hai0="129,133,50,93,12,7,64,26,62,115,49,119,88" hai1="124,73,53,34,14,96,19,128,3,74,77,42,79" hai2="121,47,32,37,58,68,33,94,131,21,116,4,60" hai3="30,132,127,46,108,39,61,89,85,122,6,24,82"/><T31/><D119/><U106/><E34/><V36/><F131/><W92/><G108/><T29/><D115/><U87/><E3/><V97/><F121/><W27/><G127/><T52/><D133/><U126/><E42/><V22/><F116/><W84/><G132/><T112/><D112/><U38/><E38/><V120/><F120/><W125/><G125/><N who="1" m="48234" /><E53/><V45/><F68/><W101/><G101/><T13/><D129/><U117/><E117/><V69/><F69/><W54/><G6/><T10/><D13/><U28/><E28/><N who="0" m="10825" /><D26/><U48/><E48/><V71/><F71/><W78/><G39/><T51/><D64/><U118/><E118/><V63/><F58/><W130/><G130/><T100/><D100/><N who="1" m="62727" /><E128/><V83/><F97/><W70/><G70/><T102/><D102/><U43/><E43/><V5/><F94/><W56/><G122/><T103/><D103/><U2/><E2/><V107/><REACH who="2" step="1"/><F83/><REACH who="2" ten="308,250,182,250" step="2"/><W40/><G82/><T76/><D93/><U41/><E41/><V18/><F18/><W75/><G40/><T95/><D95/><U44/><E44/><V134/><F134/><W11/><G92/><T1/><D7/><U59/><E59/><V105/><AGARI ba="1,1" hai="4,5,21,22,32,33,36,37,45,47,60,63,105,107" machi="105" ten="25,12000,2" yaku="1,1,0,1,22,2,53,2" doraHai="72" doraHaiUra="16" who="2" fromWho="2" sc="308,-61,250,-31,182,133,250,-31" /><INIT seed="1,0,0,1,1,108" ten="247,219,315,219" oya="1" hai0="72,60,131,40,112,20,109,102,21,77,114,17,44" hai1="126,8,45,74,135,97,99,18,49,13,36,11,119" hai2="103,78,55,59,2,70,25,127,62,52,48,93,92" hai3="115,57,95,50,31,0,58,106,64,130,54,118,84"/><U73/><E119/><V16/><F2/><W34/><G115/><T65/><D109/><U7/><E36/><V32/><F127/><W37/><G37/><T47/><D44/><U111/><E111/><V10/><F70/><W6/><G106/><T110/><D110/><U46/><E126/><V68/><F68/><W82/><G130/><T9/><D9/><U27/><E135/><V76/><F32/><W66/><G6/><T4/><D4/><U133/><E133/><V123/><F123/><W29/><G0/><T83/><D102/><U33/><E46/><V39/><F39/><W94/><G34/><T96/><D96/><U121/><E121/><V122/><F122/><W132/><G132/><T86/><D72/><U98/><E33/><V22/><F10/><W87/><G82/><T30/><D30/><U63/><E63/><V38/><F38/><W107/><G107/><T117/><D21/><U41/><REACH who="1" step="1"/><E27/><REACH who="1" ten="247,209,315,219" step="2"/><V104/><F62/><W71/><G118/><T26/><D117/><U134/><E134/><V88/><F25/><W113/><G50/><T3/><D131/><U125/><E125/><V100/><F48/><W79/><G71/><T14/><D26/><U101/><E101/><V69/><F103/><W67/><G58/><T105/><D60/><U116/><E116/><V80/><F100/><W61/><G57/><T15/><D47/><U19/><E19/><V90/><F69/><W75/><G61/><T12/><D17/><U1/><AGARI ba="0,1" hai="1,7,8,11,13,18,41,45,49,73,74,97,98,99" machi="1" ten="30,3000,0" yaku="1,1,0,1,53,0" doraHai="108" doraHaiUra="53" who="1" fromWho="1" sc="247,-10,209,40,315,-10,219,-10" /><INIT seed="1,1,0,3,2,71" ten="237,249,305,209" oya="1" hai0="118,17,47,27,34,11,133,7,79,33,93,9,49" hai1="97,50,31,125,16,101,0,108,129,107,127,58,96" hai2="4,80,134,53,66,67,128,28,77,104,89,126,111" hai3="113,52,78,38,122,29,12,43,21,116,82,23,117"/><U19/><E0/><V44/><F104/><W110/><G113/><T102/><D118/><N who="3" m="45673" /><G122/><T64/><D79/><U120/><E120/><V39/><F134/><W60/><G29/><T18/><D64/><U36/><E31/><V74/><F128/><W68/><G12/><T98/><D133/><U1/><E1/><V81/><F126/><N who="1" m="48137" /><E129/><V62/><F111/><W94/><G94/><T65/><D65/><U99/><E108/><V115/><F115/><W55/><G68/><T61/><D61/><U41/><E101/><V132/><F132/><W54/><G60/><T24/><D11/><U76/><E107/><V30/><F30/><W90/><G90/><T8/><D8/><U84/><E76/><V75/><F28/><W45/><G110/><T130/><D130/><U135/><E84/><AGARI ba="1,0" hai="21,23,38,43,45,52,54,55,78,82,84" m="45673" machi="84" ten="30,3900,0" yaku="12,1,52,1,54,1" doraHai="71" who="3" fromWho="1" sc="237,0,249,-42,305,0,209,42" /><INIT seed="2,0,0,4,4,19" ten="237,207,305,251" oya="2" hai0="46,110,90,72,111,9,74,133,27,129,60,107,121" hai1="116,98,1,61,100,15,112,37,31,39,130,102,87" hai2="52,118,38,80,94,0,115,11,12,71,22,4,21" hai3="68,77,62,134,103,20,48,66,86,109,104,124,108"/><V119/><F38/><W5/><G5/><T73/><D121/><U56/><E1/><V79/><F71/><W65/><G65/><T33/><D107/><U13/><E112/><V91/><F115/><W34/><G34/><T26/><D129/><U50/><E130/><V55/><F119/><W17/><G124/><T125/><D125/><U63/><E116/><V40/><F40/><W51/><G103/><T126/><D126/><U105/><E31/><V89/><F118/><W75/><G75/><T113/><D113/><U6/><E102/><V8/><F8/><W64/><G64/><T117/><D9/><U85/><E6/><V93/><F93/><W18/><G18/><T35/><D90/><N who="2" m="34314" /><F94/><W132/><G104/><T123/><D60/><U122/><E122/><V114/><F114/><W128/><G128/><T28/><D117/><U78/><E78/><V16/><F0/><W58/><G68/><T3/><D3/><U67/><E61/><V120/><F120/><W76/><G77/><T106/><D106/><U36/><REACH who="1" step="1"/><E50/><REACH who="1" ten="237,197,305,251" step="2"/><V7/><F7/><W127/><G76/><T97/><D123/><U10/><E10/><V49/><F49/><W47/><G127/><T83/><D28/><U2/><E2/><V57/><F4/><W84/><G51/><T59/><D35/><U30/><E30/><V53/><F11/><W131/><G131/><T96/><D33/><U41/><E41/><V92/><F79/><W70/><G48/><T88/><D73/><U14/><AGARI ba="0,1" hai="13,14,15,36,37,39,56,63,67,85,87,98,100,105" machi="14" ten="40,2700,0" yaku="1,1,0,1,53,0" doraHai="19" doraHaiUra="29" who="1" fromWho="1" sc="237,-7,197,37,305,-13,251,-7" /><INIT seed="3,0,0,4,2,45" ten="230,234,292,244" oya="3" hai0="28,62,14,109,51,37,111,9,74,92,24,131,117" hai1="17,77,112,12,65,66,56,82,105,11,32,15,52" hai2="39,76,75,119,53,120,73,33,46,48,60,50,10" hai3="18,125,96,99,128,58,29,81,21,68,88,71,101"/><W26/><G125/><T129/><D37/><U22/><E32/><V100/><F120/><W123/><G123/><T0/><D0/><U63/><E105/><V121/><F33/><W93/><G81/><T5/><D74/><U85/><REACH who="1" step="1"/><E112/><REACH who="1" ten="230,224,292,244" step="2"/><V42/><F121/><W34/><G128/><N who="0" m="49227" /><D117/><U118/><E118/><V70/><F119/><W6/><G6/><AGARI ba="0,1" hai="6,11,12,15,17,22,52,56,63,65,66,77,82,85" machi="6" ten="30,8000,1" yaku="1,1,7,1,8,1,54,1,53,1" doraHai="45" doraHaiUra="3" who="1" fromWho="3" sc="230,0,224,90,292,0,244,-80" /><INIT seed="4,0,0,4,3,38" ten="230,314,292,164" oya="0" hai0="75,90,100,4,117,97,99,95,115,61,33,51,66" hai1="57,65,36,50,28,79,31,108,88,84,43,54,2" hai2="85,62,49,7,86,131,17,3,92,93,42,1,135" hai3="83,37,59,116,123,67,18,89,98,9,104,22,34"/><T19/><D117/><U73/><E2/><V58/><F135/><W5/><G116/><T21/><D33/><U6/><E108/><V119/><F131/><W63/><G37/><T81/><D4/><U113/><E113/><V47/><F119/><W23/><G34/><T0/><D0/><U60/><E6/><V82/><F3/><W130/><G130/><T11/><D11/><U77/><E73/><V105/><F105/><W121/><G18/><T78/><D115/><U122/><E122/><N who="3" m="46602" /><G104/><T35/><D35/><U25/><E79/><V110/><F110/><W101/><G101/><T134/><D134/><U120/><E77/><N who="2" m="46287" /><F1/><N who="3" m="175" /><G83/><T118/><D118/><U39/><E39/><V69/><F69/><W102/><G102/><T52/><D100/><U41/><E36/><V56/><F86/><W96/><G96/><T44/><D99/><U127/><E127/><V27/><F7/><W12/><G12/><T76/><D76/><U74/><E74/><V64/><F58/><W24/><G24/><T70/><D19/><U91/><E120/><V129/><F129/><W111/><G111/><T20/><AGARI ba="0,0" hai="20,21,44,51,52,61,66,70,75,78,81,90,95,97" machi="20" ten="30,3000,0" yaku="0,1,54,1" doraHai="38" who="0" fromWho="0" sc="230,30,314,-10,292,-10,164,-10" /><INIT seed="4,1,0,4,5,134" ten="260,304,282,154" oya="0" hai0="103,100,14,5,4,108,107,131,50,119,9,13,96" hai1="122,59,21,20,118,105,117,111,31,82,60,127,110" hai2="15,56,19,90,36,18,72,88,85,17,24,39,53" hai3="47,63,30,87,25,57,75,64,109,126,76,7,81"/><T93/><D119/><U79/><E105/><V35/><F72/><W89/><G109/><T67/><D108/><U34/><E59/><V33/><F90/><W70/><G7/><T84/><D131/><U32/><E60/><V51/><F15/><W102/><G102/><T48/><D67/><U112/><E82/><V38/><REACH who="2" step="1"/><F24/><REACH who="2" ten="260,304,272,154" step="2"/><W77/><G75/><T94/><D103/><U6/><E111/><V26/><F26/><W2/><G2/><T45/><D107/><U52/><E110/><V121/><F121/><W116/><G116/><T29/><D14/><U69/><E122/><V11/><F11/><W12/><G12/><T54/><D29/><U97/><E31/><V22/><F22/><W27/><G25/><T95/><D13/><U113/><E21/><V28/><F28/><W124/><G27/><T55/><D9/><U129/><E20/><V98/><F98/><W42/><G30/><T132/><D100/><U61/><E97/><V99/><F99/><W74/><G74/><T123/><D96/><U40/><E118/><V23/><F23/><W0/><G0/><T128/><D123/><U86/><E117/><V101/><F101/><W104/><G104/><T1/><D1/><U92/><E6/><V62/><F62/><W130/><G130/><T68/><D128/><U80/><E61/><V135/><F135/><W49/><REACH who="3" step="1"/><G70/><REACH who="3" ten="260,304,272,144" step="2"/><T73/><D68/><U58/><E69/><V43/><F43/><W106/><G106/><T8/><D73/><U133/><E40/><V114/><F114/><W46/><G46/><T41/><D5/><U115/><E113/><RYUUKYOKU ba="1,2" sc="260,-15,304,-15,272,15,144,15" hai2="17,18,19,33,35,36,38,39,51,53,56,85,88" hai3="42,47,49,57,63,64,76,77,81,87,89,124,126" /><INIT seed="5,2,2,1,2,108" ten="245,289,287,159" oya="1" hai0="1,99,111,27,119,115,97,37,19,128,123,135,43" hai1="45,46,54,88,7,55,83,56,89,17,10,0,12" hai2="28,122,8,96,94,51,75,76,35,127,103,58,69" hai3="39,48,80,110,71,124,116,112,81,84,120,78,42"/><U59/><E0/><V132/><F69/><W40/><G110/><T130/><D43/><U66/><E7/><V36/><F36/><W134/><G134/><T14/><D37/><U50/><E66/><V61/><F122/><W44/><G71/><T107/><D111/><U33/><E33/><V47/><F132/><W129/><G129/><T74/><D74/><U131/><E131/><V52/><F127/><W104/><G104/><T125/><D1/><U38/><E38/><V72/><F76/><W86/><G116/><T126/><D27/><U67/><E67/><V41/><REACH who="2" step="1"/><F8/><REACH who="2" ten="245,289,277,159" step="2"/><W101/><G120/><T18/><D123/><U2/><E2/><V24/><AGARI ba="2,3" hai="24,28,35,41,47,51,52,58,61,72,75,94,96,103" machi="24" ten="30,7900,0" yaku="1,1,2,1,0,1,54,1,53,0" doraHai="108" doraHaiUra="15" who="2" fromWho="2" sc="245,-22,289,-41,277,115,159,-22" /><INIT seed="6,0,0,0,0,107" ten="223,248,392,137" oya="2" hai0="44,52,134,17,84,126,124,114,36,11,82,113,3" hai1="67,53,85,38,116,2,21,77,65,110,70,1,39" hai2="15,18,9,123,22,94,71,122,133,73,104,29,46" hai3="106,35,34,20,8,79,105,14,68,91,117,48,45"/><V97/><F104/><W12/><G68/><T25/><D134/><U61/><E110/><V31/><F133/><W75/><G117/><T27/><D36/><U72/><E85/><V26/><F73/><W50/><G105/><T95/><D95/><U4/><E21/><V0/><F71/><W33/><G106/><T69/><D69/><U129/><E116/><V62/><F46/><W41/><G20/><T120/><D3/><U37/><E67/><V115/><F115/><N who="0" m="44042" /><D120/><U58/><E4/><V80/><F31/><W76/><G14/><N who="0" m="7391" /><D27/><U125/><E125/><V16/><F0/><W49/><G91/><N who="0" m="51607" /><D25/><U99/><E99/><V90/><F80/><W89/><G89/><T23/><D23/><U64/><E2/><V66/><F29/><W111/><G111/><T92/><D92/><U119/><E1/><V56/><AGARI ba="0,0" hai="9,15,16,18,22,26,56,62,66,90,94,97,122,123" machi="56" ten="20,3900,0" yaku="0,1,7,1,54,1" doraHai="107" who="2" fromWho="2" sc="223,-13,248,-13,392,39,137,-13" /><INIT seed="6,1,0,3,2,11" ten="210,235,431,124" oya="2" hai0="27,112,109,125,14,97,126,104,28,64,120,44,35" hai1="54,1,12,46,30,38,21,83,7,116,25,33,74" hai2="65,78,88,113,62,24,95,93,16,132,94,13,114" hai3="77,135,19,57,100,29,89,15,86,105,52,58,43"/><V63/><F132/><W115/><G115/><N who="2" m="44041" /><F78/><W130/><G130/><T90/><D112/><U2/><E116/><V76/><F76/><W110/><G110/><T92/><D109/><U4/><E83/><V8/><F24/><W17/><G43/><T42/><D120/><U102/><E54/><V36/><F36/><W96/><G77/><T55/><D55/><U69/><E46/><V123/><F123/><W82/><G29/><T45/><D64/><U91/><E69/><N who="2" m="42167" /><F63/><W134/><G57/><T51/><D45/><U0/><E102/><V49/><F49/><W41/><G41/><T68/><D68/><U3/><E74/><V32/><F32/><W66/><G66/><T85/><D104/><U20/><E91/><AGARI ba="1,0" hai="8,13,16,88,91,93,94,95" m="42167,44041" machi="91" ten="30,11600,0" yaku="15,1,52,1,54,2" doraHai="11" who="2" fromWho="1" sc="210,0,235,-119,431,119,124,0" /><INIT seed="6,2,0,3,0,96" ten="210,116,550,124" oya="2" hai0="42,82,132,95,24,117,89,2,10,114,93,129,126" hai1="73,77,27,79,12,26,124,62,45,43,16,101,75" hai2="52,135,103,98,104,19,66,11,112,22,122,100,80" hai3="13,21,46,74,55,60,125,59,32,102,0,105,115"/><V90/><F90/><W111/><G74/><T128/><D114/><U40/><E124/><V87/><F87/><W7/><G115/><T130/><D117/><U81/><E62/><V106/><F122/><W123/><G123/><T72/><D42/><U92/><E92/><V4/><F112/><W65/><G32/><T69/><D69/><U41/><E45/><V110/><F110/><W34/><G34/><T85/><D72/><U68/><E68/><V38/><F38/><W58/><G0/><T36/><D36/><U30/><E30/><V109/><F109/><W107/><G111/><T134/><D24/><U113/><E113/><V48/><F66/><W33/><G33/><T127/><D10/><U99/><E99/><V17/><F22/><W120/><G120/><T94/><D2/><U5/><E5/><V116/><F80/><W28/><G125/><AGARI ba="2,0" hai="82,85,89,93,94,95,125,126,127,128,129,130,132,134" machi="125" ten="50,12000,2" yaku="30,2,18,1,19,1,34,3" doraHai="96" who="0" fromWho="3" sc="210,126,116,0,550,0,124,-126" owari="336,14.0,116,-28.0,550,64.0,-2,-50.0" /></mjloggm>