<mjloggm ver="2.3"><GO type="41" lobby="0"/><UN n0="%E4%B8%8A%E5%9F%9C%E4%B9%85%2E%2E" n1="%E5%B0%B1%E6%B4%BB%E7%94%9F%40%E5%B7%9D%E6%9D%91%E8%BB%8D%E5%9B%A3" n2="%E8%8A%9D%E8%83%A1%E9%BA%BB" n3="%E5%9C%9F%E6%96%B9%E6%AD%B3%E4%B8%89" dan="14,15,14,16" rate="1974.45,2016.94,1942.32,1952.19" sx="F,M,M,M"/><TAIKYOKU oya="0"/><INIT seed="0,0,0,5,2,77" ten="250,250,250,250" oya="0" hai0="41,30,63,48,93,3,15,97,132,72,11,96,58" hai1="21,42,79,101,23,109,62,124,40,56,65,64,25" hai2="22,78,76,88,128,61,83,36,89,35,90,17,57" hai3="19,92,39,127,49,125,134,131,87,7,20,94,120"/><T111/><D72/><U54/><E109/><V52/><F36/><W75/><G39/><T34/><D132/><U133/><E124/><N who="3" m="47690" /><G134/><T1/><D1/><U107/><E133/><V118/><F35/><W119/><G75/><T68/><D68/><U16/><E107/><V104/><F104/><W117/><G7/><T14/><D3/><U110/><E110/><V129/><F118/><W12/><G120/><T69/><D69/><U108/><E108/><V80/><F129/><W50/><G131/><T51/><D34/><U84/><E101/><V33/><F33/><W123/><G123/><T26/><D111/><U60/><E23/><V74/><F128/><W32/><G32/><T85/><D26/><U86/><E54/><V130/><F130/><W98/><G119/><T45/><D30/><U28/><E28/><V67/><F67/><W121/><G121/><T31/><D51/><U8/><E8/><V29/><F29/><W102/><G117/><T0/><D31/><U55/><E55/><V27/><F90/><AGARI ba="0,0" hai="12,19,20,49,50,87,90,92,94,98,102" m="47690" machi="90" ten="30,1000,0" yaku="18,1" doraHai="77" who="3" fromWho="2" sc="250,0,250,0,250,-10,250,10" /><INIT seed="1,0,0,4,3,68" ten="250,250,240,260" oya="1" hai0="97,47,92,67,100,107,128,87,31,135,125,54,89" hai1="13,119,14,62,105,64,75,102,65,17,22,78,60" hai2="127,15,112,66,16,114,126,9,21,7,46,117,103" hai3="106,5,80,111,120,49,81,95,53,40,50,118,61"/><U74/><E119/><V110/><F66/><W76/><G118/><T116/><D116/><U109/><E109/><V39/><F103/><W25/><G111/><T27/><D135/><U34/><E34/><V98/><F98/><W83/><G106/><T71/><D128/><U48/><E105/><V0/><F46/><W57/><G120/><T91/><D125/><N who="2" m="47626" /><F39/><W24/><G5/><T131/><D131/><U56/><E102/><V28/><F117/><W58/><G40/><T12/><D12/><U77/><E48/><V29/><F110/><W42/><G42/><T113/><D113/><AGARI ba="0,0" hai="0,7,9,15,16,21,28,29,112,113,114" m="47626" machi="113" ten="30,8000,1" yaku="11,1,18,1,34,2,54,1" doraHai="68" who="2" fromWho="0" sc="250,-80,250,0,240,80,260,0" /><INIT seed="2,0,0,4,5,51" ten="170,250,320,260" oya="2" hai0="25,130,121,134,44,2,71,65,133,45,4,119,37" hai1="10,19,106,124,0,29,17,8,1,116,26,73,118" hai2="94,97,74,125,128,107,132,23,38,12,109,85,27" hai3="91,114,89,9,101,47,103,79,120,30,58,40,126"/><V55/><F38/><W43/><G120/><T82/><D4/><U98/><E73/><V100/><F74/><W61/><G114/><T13/><D2/><N who="1" m="1131" /><E98/><V77/><F132/><N who="0" m="50794" /><D13/><U123/><E106/><V24/><F128/><W39/><G9/><N who="1" m="3690" /><E123/><V14/><F125/><W33/><G126/><T81/><D121/><U49/><E49/><V135/><F135/><W105/><G105/><T22/><D130/><U131/><E131/><V50/><F27/><W3/><G3/><T75/><D119/><N who="1" m="45611" /><E124/><V35/><F107/><W92/><G39/><T93/><D93/><U90/><E90/><V87/><F77/><W108/><G79/><N who="0" m="44287" /><D37/><U70/><E70/><V32/><F94/><W117/><G92/><T41/><D41/><U112/><E112/><V102/><F102/><W62/><G117/><T6/><D6/><U28/><E26/><V99/><F24/><W104/><G104/><T80/><D65/><U18/><AGARI ba="0,0" hai="17,18,19,28,29" m="45611,3690,1131" machi="18" ten="40,8000,1" yaku="28,2,34,2" doraHai="51" who="1" fromWho="1" sc="170,-20,250,80,320,-40,260,-20" /><INIT seed="3,0,0,5,0,122" ten="150,330,280,240" oya="3" hai0="14,114,61,46,40,118,33,38,43,45,100,82,10" hai1="113,1,78,79,71,103,3,70,90,64,32,11,26" hai2="92,13,95,120,25,73,116,107,58,16,121,106,126" hai3="23,44,29,12,18,112,86,20,17,6,77,37,99"/><W28/><G112/><T49/><D118/><U35/><E113/><V93/><F73/><W68/><G68/><T41/><D114/><U109/><E103/><V8/><F116/><W52/><G37/><T110/><D33/><U4/><E90/><V36/><F36/><W85/><G6/><T21/><D21/><U128/><E128/><V69/><F69/><W55/><G99/><T74/><D100/><U129/><E129/><V54/><F126/><W123/><G123/><N who="2" m="47177" /><F25/><W63/><G77/><T125/><D125/><U84/><E84/><V115/><F115/><W65/><G65/><T105/><D105/><U81/><E26/><V66/><F66/><W117/><G117/><T133/><D133/><U48/><E48/><AGARI ba="0,0" hai="8,13,16,48,54,58,92,93,95,106,107" m="47177" machi="48" ten="30,2000,0" yaku="13,1,54,1" doraHai="122" who="2" fromWho="1" sc="150,0,330,-20,280,20,240,0" /><INIT seed="4,0,0,5,4,49" ten="150,310,300,240" oya="0" hai0="122,62,22,47,114,79,2,12,70,107,115,6,123" hai1="121,33,43,103,16,44,83,9,57,51,54,112,118" hai2="87,24,32,36,93,21,1,92,91,116,108,101,56" hai3="129,69,34,4,131,74,80,106,130,35,7,46,10"/><T29/><D107/><U127/><E118/><V104/><F36/><W18/><G106/><T38/><D79/><U126/><E121/><N who="0" m="46089" /><D62/><N who="1" m="36151" /><E33/><N who="3" m="12298" /><G69/><T75/><D70/><U94/><E83/><V3/><F32/><W26/><G80/><T14/><D47/><U96/><E112/><N who="0" m="43049" /><D38/><U84/><E84/><V81/><F104/><W68/><G74/><T111/><D75/><U31/><E31/><V117/><F117/><W61/><G46/><T109/><D2/><U124/><E9/><V95/><F116/><W98/><G98/><T99/><D99/><U105/><E105/><V45/><F45/><W23/><G61/><T8/><D14/><U58/><E58/><V120/><F120/><W77/><G68/><T48/><D48/><U113/><E113/><V134/><F1/><N who="3" m="271" /><G77/><T27/><AGARI ba="0,0" hai="6,8,12,22,27,29,109,111" m="43049,46089" machi="27" ten="40,7800,0" yaku="15,1,34,2" doraHai="49" who="0" fromWho="0" sc="150,78,310,-26,300,-26,240,-26" /><INIT seed="4,1,0,0,5,100" ten="228,284,274,214" oya="0" hai0="80,30,108,99,2,63,72,118,13,52,126,20,19" hai1="35,89,107,125,78,110,73,39,133,94,70,42,86" hai2="41,24,56,119,87,8,44,40,61,91,103,130,64" hai3="7,114,11,76,106,25,38,29,115,120,109,112,69"/><T113/><D118/><U54/><E110/><V102/><F119/><W43/><G109/><T15/><D108/><U45/><E107/><V134/><F134/><W21/><G106/><T46/><D2/><U28/><E70/><V17/><F130/><W116/><G116/><T68/><D113/><U60/><E133/><V67/><F67/><W31/><G69/><T9/><D126/><U81/><E125/><V32/><F40/><W105/><G105/><T90/><D72/><U85/><E35/><V77/><F77/><W101/><G101/><T96/><D68/><U74/><E28/><V33/><F33/><W23/><G76/><T121/><D121/><U0/><E0/><V51/><F32/><W88/><G120/><T53/><D30/><U84/><E73/><V6/><F17/><W18/><G43/><T1/><D1/><U49/><E60/><V111/><F24/><N who="3" m="16527" /><G38/><T135/><D135/><U34/><E34/><V66/><F111/><W132/><G132/><T5/><D63/><U128/><E128/><V62/><F62/><W36/><G36/><T71/><D71/><U83/><E83/><V79/><F66/><W57/><G57/><AGARI ba="1,0" hai="39,42,45,49,54,57,74,78,81,84,85,86,89,94" machi="57" ten="30,1000,0" yaku="7,1" doraHai="100" who="1" fromWho="3" sc="228,0,284,13,274,0,214,-13" /><INIT seed="5,0,0,5,1,124" ten="228,297,274,201" oya="1" hai0="69,112,45,125,114,110,55,90,41,14,54,100,89" hai1="66,48,12,50,78,61,37,101,35,39,26,40,53" hai2="42,31,64,94,126,93,84,27,119,56,130,22,117" hai3="63,96,116,16,127,95,132,52,51,4,107,44,28"/><U72/><E48/><V36/><F126/><W59/><G127/><T67/><D110/><U83/><E101/><V18/><F42/><W29/><G107/><T98/><D14/><U118/><E118/><V111/><F36/><W108/><G108/><T68/><D125/><U79/><E79/><V76/><F111/><W9/><G116/><T19/><D19/><U109/><E109/><V21/><F119/><W57/><G132/><T49/><D90/><U7/><E40/><V92/><F117/><W113/><G113/><N who="0" m="43627" /><D89/><U82/><E82/><V33/><F33/><W81/><G81/><T8/><D8/><U0/><E0/><V2/><F2/><W131/><G59/><T25/><D25/><U102/><E102/><V105/><F105/><W23/><G9/><T122/><D122/><U80/><E80/><V97/><F76/><W15/><G4/><T1/><D1/><U10/><E26/><V47/><F84/><W74/><G74/><T115/><N who="0" m="43635" /><T129/><DORA hai="71" /><D129/><U20/><E20/><V70/><F130/><W91/><REACH who="3" step="1"/><G131/><REACH who="3" ten="228,297,274,191" step="2"/><T13/><D69/><U3/><E3/><V104/><F70/><W34/><G34/><T120/><D120/><U30/><E35/><V58/><F104/><W106/><G106/><N who="0" m="63767" /><D13/><U73/><E73/><V46/><F58/><W88/><G88/><T87/><D68/><U103/><E10/><V128/><F128/><W62/><G62/><T11/><D11/><U5/><E7/><V134/><F56/><W85/><G85/><T99/><D87/><U38/><E5/><V75/><F75/><W43/><AGARI ba="0,1" hai="15,16,23,28,29,43,44,51,52,57,63,91,95,96" machi="43" ten="20,12000,2" yaku="1,1,5,1,0,1,7,1,8,1,54,2,53,0" doraHai="124,71" doraHaiUra="32,60" who="3" fromWho="3" sc="228,-30,297,-60,274,-30,191,130" /><INIT seed="6,0,0,1,4,60" ten="198,237,244,321" oya="2" hai0="23,9,119,135,98,66,29,75,82,127,30,84,57" hai1="96,51,120,113,41,100,74,72,35,89,38,2,105" hai2="43,53,125,45,42,134,26,47,133,107,86,34,49" hai3="6,111,5,37,99,10,18,17,24,80,65,110,121"/><V95/><F107/><W56/><G37/><T64/><D135/><N who="2" m="51722" /><F125/><W130/><G121/><T40/><D127/><U108/><E108/><V3/><F3/><W21/><G130/><T71/><D71/><U91/><E120/><V36/><F95/><W109/><G99/><T59/><D75/><U46/><E35/><V12/><F86/><W76/><G17/><T116/><D98/><U27/><E113/><V93/><F93/><W68/><G68/><T88/><D40/><U55/><E2/><V90/><F90/><W106/><G106/><T123/><D123/><U117/><E117/><N who="0" m="45129" /><D9/><U103/><E103/><V1/><F1/><W0/><G6/><T104/><D104/><U102/><E102/><V112/><F12/><W62/><G111/><T13/><D13/><U7/><E7/><V52/><F26/><W131/><G131/><T114/><D114/><U132/><E132/><V67/><F34/><W128/><G128/><T11/><D11/><U48/><E38/><N who="2" m="21719" /><F112/><W63/><G110/><T124/><D124/><U19/><E72/><V122/><F122/><W39/><G109/><T33/><D33/><U28/><E74/><V126/><F126/><W16/><G0/><T61/><D23/><U94/><E105/><V58/><F36/><W83/><G39/><T70/><D70/><U129/><E129/><V4/><F4/><W25/><G5/><T8/><D8/><U22/><E28/><V97/><F97/><W92/><G10/><T81/><D81/><U118/><E118/><V78/><F78/><W15/><G21/><T54/><D54/><U115/><E115/><RYUUKYOKU ba="0,0" sc="198,10,237,10,244,10,321,-30" hai0="29,30,57,59,61,64,66,82,84,88" hai1="19,22,27,41,46,48,51,55,89,91,94,96,100" hai2="43,47,49,52,53,58,67" /><INIT seed="6,1,0,0,2,26" ten="208,247,254,291" oya="2" hai0="85,34,20,57,67,73,4,81,23,40,30,112,45" hai1="0,132,107,51,106,25,75,90,3,94,16,54,59" hai2="44,119,53,134,19,17,124,33,41,122,97,130,21" hai3="110,9,114,68,118,12,60,63,78,127,50,61,15"/><V74/><F74/><W116/><G110/><T11/><D73/><U109/><E75/><V69/><F119/><W87/><G68/><T2/><D112/><U98/><E109/><V24/><F122/><W96/><G114/><T62/><D34/><U128/><E128/><V47/><F69/><W1/><G1/><T111/><D111/><U18/><E132/><V58/><F134/><W123/><G123/><T101/><D101/><U56/><E3/><V43/><F130/><W65/><G65/><T38/><REACH who="0" step="1"/><D30/><REACH who="0" ten="198,247,254,291" step="2"/><U76/><E106/><V129/><F33/><W121/><G116/><T105/><D105/><U80/><E107/><V95/><F129/><W77/><G118/><T52/><D52/><U71/><E71/><V66/><F66/><W133/><G121/><T27/><D27/><U135/><E135/><V6/><F24/><W108/><G133/><T100/><D100/><U84/><E0/><V88/><F53/><W55/><G55/><T64/><D64/><U14/><E25/><V13/><F43/><W89/><G108/><T86/><D86/><U102/><E102/><V8/><F41/><W103/><G103/><T46/><D46/><N who="1" m="28023" /><E18/><V93/><F19/><W5/><G87/><T125/><D125/><U82/><E82/><V113/><F124/><W42/><G127/><T91/><AGARI ba="1,1" hai="2,4,11,20,23,38,40,45,57,62,67,81,85,91" machi="91" ten="20,2700,0" yaku="1,1,0,1,7,1,53,0" doraHai="26" doraHaiUra="99" who="0" fromWho="0" sc="198,40,247,-8,254,-14,291,-8" /><INIT seed="7,0,0,2,4,112" ten="238,239,240,283" oya="3" hai0="34,44,2,96,83,28,108,33,31,1,93,37,91" hai1="32,17,66,23,65,63,124,104,60,80,9,35,97" hai2="3,115,81,24,18,119,71,121,36,130,30,92,64" hai3="11,50,8,48,116,123,94,99,135,114,25,76,117"/><W29/><G123/><T40/><D108/><U73/><E124/><V75/><F36/><W122/><G122/><T16/><D83/><U61/><E9/><V15/><F3/><W41/><G114/><T57/><D2/><U105/><E73/><V38/><F38/><W49/><G76/><T109/><D1/><U120/><E120/><V42/><F42/><W125/><G125/><T89/><D109/><U78/><E78/><V128/><F115/><W88/><G41/><T5/><D5/><U58/><E80/><V77/><F121/><W110/><G110/><T98/><D57/><U26/><E61/><V82/><F92/><W101/><G101/><T62/><D62/><U4/><E4/><V51/><F51/><W134/><G11/><T0/><D0/><U6/><E6/><V52/><F82/><W53/><G53/><T102/><D91/><U68/><E97/><V14/><F52/><W86/><G99/><T87/><D98/><U100/><E100/><V106/><F106/><W90/><G90/><T45/><D45/><U126/><E126/><V47/><F47/><W12/><G8/><T10/><D33/><U19/><E19/><V54/><F54/><W55/><G55/><T127/><D34/><U133/><E133/><N who="3" m="50698" /><G12/><N who="0" m="7191" /><D127/><U107/><AGARI ba="0,0" hai="17,23,26,32,35,58,60,63,65,66,68,104,105,107" machi="107" ten="30,1100,0" yaku="0,1" doraHai="112" who="1" fromWho="1" sc="238,-3,239,11,240,-3,283,-5" /><INIT seed="8,0,0,1,4,111" ten="235,250,237,278" oya="0" hai0="5,100,47,75,14,90,110,6,122,45,13,87,34" hai1="115,16,65,59,72,33,57,66,127,128,85,80,60" hai2="39,92,26,42,68,15,38,96,93,24,126,35,7" hai3="119,50,89,49,20,88,29,12,31,58,107,3,51"/><T133/><D122/><U104/><E33/><V130/><F68/><W44/><G3/><T77/><D34/><U70/><E104/><V11/><F130/><W18/><G107/><T103/><D110/><U78/><E128/><V79/><F126/><W131/><G131/><T116/><D116/><U97/><E127/><V99/><F79/><W54/><G119/><T23/><D75/><U0/><E0/><V56/><F56/><W55/><G50/><T101/><D133/><U67/><E115/><V86/><F86/><W52/><G54/><T108/><D77/><U91/><E97/><V2/><F2/><W27/><G29/><T135/><D135/><U30/><E30/><V25/><F42/><W17/><G18/><N who="0" m="10703" /><D108/><U1/><E1/><V8/><F35/><AGARI ba="0,0" hai="12,17,20,27,31,35,44,49,51,52,55,58,88,89" machi="35" ten="30,3900,0" yaku="7,1,54,2" doraHai="111" who="3" fromWho="2" sc="235,0,250,0,237,-39,278,39" owari="235,-16.0,250,5.0,198,-30.0,317,41.0" /></mjloggm>