<mjloggm ver="2.3"><GO type="41" lobby="0"/><UN n0="%E3%82%A6%E3%83%AB%E3%83%88%E3%83%A9%E7%AB%8B%E7%9B%B4" n1="%EF%BC%91%EF%BC%90%E5%86%86%E3%83%8F%E3%82%B2" n2="%74%65%6E%6B%65%79%33" n3="%E6%B0%B7%E7%89%9B" dan="15,14,14,15" rate="2001.56,1906.15,1927.14,2020.57" sx="M,M,M,M"/><TAIKYOKU oya="0"/><INIT seed="0,0,0,1,3,106" ten="250,250,250,250" oya="0" hai0="59,54,75,70,129,135,29,35,55,118,47,116,93" hai1="3,16,133,4,97,64,127,78,34,76,63,13,117" hai2="119,40,39,113,85,112,31,18,21,79,22,125,98" hai3="102,26,37,132,43,9,88,67,82,52,6,73,103"/><T86/><D70/><U77/><E117/><V89/><F125/><W109/><G67/><T23/><D35/><U7/><E127/><V65/><F119/><W134/><G109/><T60/><D75/><U87/><E87/><V100/><F79/><N who="3" m="44399" /><G26/><N who="0" m="16607" /><D129/><U25/><E133/><N who="3" m="51306" /><G43/><T53/><D135/><U50/><E50/><V1/><F40/><W30/><G30/><T99/><D118/><U27/><E97/><V96/><F31/><W81/><G37/><T131/><D131/><U128/><E128/><V90/><F98/><W56/><G9/><T62/><D116/><U120/><E34/><V124/><F96/><W111/><G6/><T71/><D71/><U121/><E7/><V126/><F124/><W2/><G2/><T101/><D86/><U104/><E104/><V45/><F1/><W44/><G44/><T130/><D130/><U5/><E5/><V114/><F126/><W20/><G20/><T66/><D60/><U80/><E4/><V15/><F22/><W58/><G111/><T14/><D14/><U24/><E3/><V123/><F15/><W95/><G81/><T12/><D12/><U48/><E48/><AGARI ba="0,0" hai="47,48,53,54,55,59,62,66,93,99,101" m="16607" machi="48" ten="30,2900,0" yaku="25,1,8,1" doraHai="106" who="0" fromWho="1" sc="250,29,250,-29,250,0,250,0" /><INIT seed="0,1,0,5,1,92" ten="279,221,250,250" oya="0" hai0="129,104,14,70,73,38,2,128,101,42,63,71,93" hai1="106,109,61,87,31,84,34,77,107,72,103,52,7" hai2="130,95,98,15,94,97,110,118,39,117,32,17,85" hai3="37,26,74,113,4,30,8,67,112,114,80,124,40"/><T120/><D93/><U24/><E109/><V19/><F130/><N who="0" m="50282" /><D14/><U12/><E107/><V59/><F110/><W65/><G124/><T62/><D120/><U22/><E77/><V78/><F32/><N who="3" m="20567" /><G65/><T55/><D2/><U41/><E41/><V47/><F59/><W88/><G88/><T49/><D73/><U58/><E72/><V99/><F19/><W43/><G67/><T75/><D75/><U48/><E61/><N who="0" m="23049" /><D104/><U45/><E45/><V82/><F47/><N who="3" m="23951" /><G43/><T33/><D33/><U69/><E69/><N who="0" m="26121" /><D101/><U36/><E34/><V20/><F39/><W46/><G114/><T132/><D132/><U28/><E36/><V25/><F25/><W96/><G74/><T64/><D38/><U35/><E31/><V6/><F6/><W21/><G4/><T119/><D42/><U13/><E12/><V9/><F9/><W3/><G8/><T102/><D102/><U44/><E7/><V1/><F1/><W126/><G3/><T91/><D91/><U18/><REACH who="1" step="1"/><E58/><REACH who="1" ten="279,211,250,250" step="2"/><V105/><F105/><W127/><G127/><T23/><D23/><U56/><E56/><V27/><F15/><W83/><G126/><T10/><D10/><U108/><E108/><V11/><F11/><W86/><G21/><T51/><D119/><AGARI ba="1,1" hai="17,20,27,78,82,85,94,95,97,98,99,117,118,119" machi="119" ten="40,8000,1" yaku="12,1,52,3" doraHai="92" who="2" fromWho="0" sc="279,-83,211,0,250,93,250,0" /><INIT seed="1,0,0,0,4,95" ten="196,211,343,250" oya="1" hai0="24,52,3,108,44,86,127,48,81,11,97,10,124" hai1="21,61,134,8,112,111,47,0,49,79,113,16,36" hai2="107,67,54,90,73,2,65,17,102,69,35,42,77" hai3="117,88,55,120,1,76,58,87,128,121,109,50,96"/><U63/><E79/><V40/><F35/><W51/><G1/><T14/><D108/><U129/><E36/><V70/><F2/><W30/><G109/><T74/><D74/><U39/><E39/><V126/><F126/><W20/><G128/><T25/><D3/><U37/><E37/><V110/><F110/><W23/><G117/><T29/><D11/><U105/><E105/><V32/><F32/><W101/><G76/><T80/><D80/><U66/><E129/><V46/><F77/><W28/><G51/><T89/><D97/><U71/><E63/><V64/><F73/><W99/><G121/><T85/><D85/><U7/><E111/><V60/><F17/><W56/><G56/><T123/><D123/><U98/><E98/><N who="3" m="37418" /><G101/><T72/><D72/><U18/><E134/><V19/><F102/><W133/><G133/><T92/><D92/><U91/><E91/><V34/><F90/><W115/><G115/><T114/><D114/><U43/><REACH who="1" step="1"/><E18/><REACH who="1" ten="196,201,343,250" step="2"/><V45/><F19/><W83/><G120/><T13/><D127/><U38/><E38/><V26/><F107/><W125/><G125/><T33/><D124/><U82/><E82/><V122/><F122/><W78/><G78/><T84/><D84/><U132/><E132/><V75/><F60/><W62/><G62/><T12/><D86/><U4/><E4/><V5/><F5/><W68/><G68/><T9/><D89/><U15/><AGARI ba="0,1" hai="0,7,8,15,16,21,43,47,49,61,66,71,112,113" machi="15" ten="20,7800,0" yaku="1,1,0,1,7,1,54,1,53,0" doraHai="95" doraHaiUra="104" who="1" fromWho="1" sc="196,-26,201,88,343,-26,250,-26" /><INIT seed="1,1,0,0,0,55" ten="170,289,317,224" oya="1" hai0="128,53,43,118,134,22,38,37,46,96,30,133,106" hai1="129,28,41,93,2,130,61,105,102,56,35,44,81" hai2="76,11,21,13,40,74,99,123,50,27,125,117,18" hai3="25,70,39,65,101,135,113,49,88,4,120,90,16"/><U32/><E2/><V85/><F125/><W103/><G120/><T78/><D78/><U127/><E127/><V62/><F117/><W116/><G113/><T36/><D22/><U114/><E114/><V68/><F123/><W8/><G39/><N who="0" m="14923" /><D96/><U26/><E35/><V77/><F99/><W122/><G122/><T33/><D30/><U9/><E9/><V59/><F74/><W71/><G116/><T107/><D107/><U63/><E81/><V98/><F98/><W20/><G135/><N who="0" m="51723" /><D106/><U34/><E34/><V60/><F68/><W119/><G119/><T73/><D73/><U45/><E105/><V82/><F77/><W86/><G90/><T14/><D14/><U1/><E1/><V58/><F60/><N who="1" m="23113" /><E56/><N who="2" m="21547" /><F62/><W31/><G71/><T84/><D33/><U79/><E79/><V97/><F97/><W29/><G103/><T15/><D118/><U80/><E102/><V48/><F40/><W126/><G126/><T57/><D84/><U95/><E80/><V87/><F87/><W67/><G70/><T111/><D15/><U104/><E41/><V132/><F132/><W112/><G112/><T131/><D111/><U47/><E104/><V89/><F76/><W7/><G101/><T42/><D42/><U6/><E6/><AGARI ba="1,0" hai="6,11,13,18,21,27,48,50,82,85,89" m="21547" machi="6" ten="30,7700,0" yaku="8,1,52,3" doraHai="55" who="2" fromWho="1" sc="170,0,289,-80,317,80,224,0" /><INIT seed="2,0,0,0,3,38" ten="170,209,397,224" oya="2" hai0="60,131,34,17,118,132,88,51,35,120,98,87,45" hai1="67,133,112,9,66,36,95,24,26,84,11,126,110" hai2="21,0,82,78,108,76,15,23,101,122,102,14,115" hai3="18,69,86,43,68,31,52,40,73,22,3,30,63"/><V57/><F108/><W44/><G73/><T46/><D120/><U99/><E112/><V6/><F115/><W12/><G3/><T59/><D131/><U83/><E110/><V7/><F0/><W114/><G114/><T49/><D132/><U96/><E133/><V28/><F122/><W50/><G69/><T65/><D118/><U1/><E126/><V13/><F57/><W130/><G130/><T61/><D98/><U53/><E53/><V92/><F92/><W2/><G2/><T97/><D97/><U55/><E55/><V124/><F124/><W109/><G109/><T8/><D61/><U77/><E99/><V105/><F105/><W72/><G72/><T85/><D85/><U117/><E117/><V90/><F90/><W33/><G33/><T41/><D17/><U64/><E36/><V127/><F127/><W74/><G74/><T37/><D8/><N who="1" m="3147" /><E1/><V20/><F28/><N who="3" m="10795" /><G68/><T71/><D71/><U39/><E39/><V80/><F80/><W10/><G63/><T42/><D37/><U81/><E83/><AGARI ba="0,0" hai="34,35,41,42,45,46,49,51,59,60,65,83,87,88" machi="83" ten="30,8000,1" yaku="7,1,9,1,52,2,54,1" doraHai="38" who="0" fromWho="1" sc="170,80,209,-80,397,0,224,0" /><INIT seed="3,0,0,3,0,100" ten="250,129,397,224" oya="3" hai0="109,28,55,74,128,47,61,52,95,69,131,4,107" hai1="39,127,60,105,6,24,11,21,2,16,101,75,93" hai2="40,121,48,92,10,79,31,71,1,32,135,46,20" hai3="15,76,0,94,54,124,19,53,117,77,122,125,18"/><W88/><G117/><T14/><D74/><U30/><E105/><V35/><F135/><W65/><G122/><T42/><D28/><U8/><E39/><V58/><F71/><W89/><G0/><T13/><D107/><U83/><E75/><V56/><F79/><N who="3" m="30283" /><G65/><N who="0" m="41135" /><D95/><U130/><E83/><V68/><F68/><W99/><G15/><T90/><D90/><N who="3" m="34921" /><G99/><T34/><D34/><U67/><E101/><V43/><F121/><W44/><G94/><T119/><D119/><U17/><E93/><V51/><F92/><W133/><G44/><T62/><D4/><U3/><E127/><N who="3" m="48714" /><G133/><T63/><D14/><U45/><E45/><V96/><F46/><W84/><G84/><T87/><D87/><U111/><E130/><N who="0" m="49705" /><D13/><U23/><E60/><N who="0" m="23081" /><D109/><U27/><E111/><V104/><F1/><N who="1" m="9" /><E67/><V26/><F32/><W66/><G66/><T41/><D47/><U37/><E37/><V97/><F35/><W120/><G120/><T25/><D25/><N who="1" m="9803" /><E6/><V91/><F26/><W73/><G73/><T113/><D42/><U129/><E30/><V64/><F31/><W126/><G126/><T80/><D41/><U36/><E36/><V7/><F43/><W29/><G29/><T118/><D118/><U59/><E129/><V72/><F40/><W70/><G70/><T9/><D55/><AGARI ba="0,0" hai="18,19,53,54,55" m="48714,34921,30283" machi="55" ten="30,11600,0" yaku="28,2,18,1,54,1" doraHai="100" who="3" fromWho="0" sc="250,-116,129,0,397,0,224,116" /><INIT seed="3,1,0,0,2,116" ten="134,129,397,340" oya="3" hai0="117,27,79,30,65,126,97,58,114,103,130,86,59" hai1="108,36,40,84,123,38,92,64,131,93,46,73,22" hai2="66,10,70,32,55,9,68,69,100,118,81,39,135" hai3="19,24,35,6,87,120,127,75,29,45,106,8,16"/><W42/><G75/><T11/><D117/><U101/><E108/><V99/><F135/><W76/><G106/><T133/><D114/><U129/><E73/><V15/><F118/><W128/><G128/><T88/><D126/><U12/><E38/><V48/><F39/><W77/><G127/><T109/><D130/><U23/><E129/><V82/><F32/><W104/><G104/><T50/><D133/><U80/><E64/><V124/><F124/><W13/><G120/><T26/><D109/><U4/><E131/><V96/><F66/><W47/><G47/><T44/><D79/><U49/><E36/><V53/><F100/><W90/><G77/><T18/><D97/><U110/><E110/><V20/><F20/><W57/><G57/><T33/><D103/><U95/><E101/><V132/><F132/><W67/><G67/><T85/><D85/><U134/><E123/><V78/><F78/><W2/><G2/><T125/><D125/><U37/><E37/><V0/><F0/><W17/><G76/><T107/><D107/><U14/><E134/><V41/><F41/><W62/><G62/><T34/><D65/><U54/><E40/><V52/><F48/><W60/><G60/><T112/><D112/><U111/><E111/><V21/><F21/><N who="1" m="7689" /><E4/><V102/><F102/><W83/><REACH who="3" step="1"/><G6/><REACH who="3" ten="134,129,397,330" step="2"/><T71/><D58/><U63/><E63/><V5/><F5/><W98/><G98/><T105/><D59/><U119/><E119/><V28/><F99/><W72/><G72/><T94/><D105/><U43/><E43/><V1/><F96/><W74/><G74/><RYUUKYOKU ba="1,1" sc="134,-15,129,15,397,-15,330,15" hai1="12,14,46,49,54,80,84,92,93,95" hai3="8,13,16,17,19,24,29,35,42,45,83,87,90" /><INIT seed="3,2,1,2,4,58" ten="119,144,382,345" oya="3" hai0="59,52,11,117,21,13,134,44,80,34,26,55,130" hai1="120,5,121,70,66,22,85,36,113,82,18,87,50" hai2="122,43,9,68,3,97,119,37,99,104,17,135,41" hai3="4,88,98,111,6,56,109,72,116,106,39,45,123"/><W54/><G123/><T48/><D34/><U69/><E113/><V127/><F135/><W78/><G116/><T42/><D117/><U81/><E36/><V131/><F127/><W20/><G20/><T7/><D134/><U27/><E70/><V89/><F131/><W75/><G45/><T0/><D130/><U95/><E5/><V14/><F3/><W2/><G39/><T83/><D0/><U35/><E35/><V90/><F119/><W105/><G105/><T38/><REACH who="0" step="1"/><D55/><REACH who="0" ten="109,144,382,345" step="2"/><U23/><E121/><V103/><F122/><W53/><G2/><T60/><D60/><U92/><E120/><V112/><F112/><W1/><G1/><T57/><D57/><U63/><E50/><V62/><F62/><W47/><G56/><T65/><D65/><U29/><E85/><V25/><F68/><W51/><G51/><T49/><D49/><U114/><E114/><V91/><F37/><W12/><G47/><T40/><D40/><U33/><E33/><V28/><F43/><W100/><G111/><T46/><D46/><U107/><E87/><V128/><F41/><W101/><G109/><T61/><D61/><U118/><E118/><V125/><F128/><W79/><G54/><T74/><D74/><U115/><E115/><V32/><F125/><W129/><G53/><T15/><D15/><U84/><E84/><V19/><REACH who="2" step="1"/><F99/><REACH who="2" ten="109,144,372,345" step="2"/><W31/><G98/><T73/><D73/><U96/><E96/><V8/><F8/><W110/><G75/><T67/><D67/><U24/><E66/><V102/><F102/><N who="3" m="39531" /><G72/><T94/><D94/><U64/><E95/><RYUUKYOKU ba="2,3" sc="109,15,144,-15,372,15,345,-15" hai0="7,11,13,21,26,38,42,44,48,52,59,80,83" hai2="9,14,17,19,25,28,32,89,90,91,97,103,104" /><INIT seed="4,3,3,3,3,24" ten="124,129,387,330" oya="0" hai0="104,66,49,47,29,97,132,124,72,133,60,119,73" hai1="63,117,42,75,50,56,105,79,23,94,36,85,102" hai2="35,113,7,3,129,64,40,112,87,130,10,116,59" hai3="67,74,39,0,5,31,41,90,95,54,89,55,108"/><T120/><D120/><U14/><E117/><V51/><F116/><W62/><G108/><T1/><D1/><U11/><E105/><V15/><F35/><W22/><G74/><T6/><D6/><U122/><E122/><V12/><F87/><W77/><G77/><T103/><D119/><U107/><E36/><V110/><F110/><W57/><G0/><T43/><D124/><U115/><E107/><V21/><F21/><W88/><G5/><T121/><D121/><U32/><E32/><V46/><F59/><N who="3" m="37343" /><G39/><T19/><D19/><U123/><E75/><V131/><F64/><W78/><G78/><T96/><D97/><U80/><E123/><V118/><F118/><W45/><G41/><T26/><D72/><U83/><E83/><V70/><F70/><W65/><G45/><T69/><REACH who="0" step="1"/><D73/><REACH who="0" ten="114,129,387,330" step="2"/><U99/><E115/><AGARI ba="3,4" hai="3,7,10,12,15,40,46,51,112,113,115,129,130,131" machi="115" ten="50,3200,0" yaku="15,1,19,1" doraHai="24" who="2" fromWho="1" sc="114,0,129,-41,387,81,330,0" /><INIT seed="5,0,0,3,5,36" ten="114,88,468,330" oya="1" hai0="48,45,56,26,95,31,112,37,113,63,18,123,107" hai1="24,80,82,79,87,67,47,38,61,25,16,65,39" hai2="52,100,54,110,29,33,70,4,19,14,40,78,21" hai3="3,121,81,50,96,9,0,105,1,86,116,22,11"/><U98/><E67/><V97/><F110/><W44/><G121/><T99/><D107/><U69/><E98/><V73/><F70/><W51/><G116/><T128/><D37/><U102/><E102/><V130/><F130/><W59/><G59/><T90/><D128/><U41/><E39/><V2/><F40/><W134/><G134/><T32/><D123/><U106/><E106/><V66/><F66/><W42/><G51/><T27/><D27/><U129/><E129/><V103/><F103/><W60/><G60/><T115/><D18/><U43/><E43/><V88/><F88/><W10/><G105/><T8/><D8/><U125/><E125/><V127/><F127/><W89/><G96/><T114/><N who="0" m="29184" /><DORA hai="12" /><T62/><REACH who="0" step="1"/><D56/><REACH who="0" ten="104,88,468,330" step="2"/><U74/><REACH who="1" step="1"/><E16/><REACH who="1" ten="104,78,468,330" step="2"/><V133/><F19/><W104/><G104/><T46/><D46/><U117/><E117/><V83/><F100/><W131/><G131/><T49/><D49/><U34/><E34/><V55/><F33/><W122/><G122/><T135/><D135/><U91/><AGARI ba="0,2" hai="24,25,38,41,47,61,65,69,74,79,80,82,87,91" machi="91" ten="20,7800,0" yaku="1,1,0,1,7,1,52,1,53,0" doraHai="36,12" doraHaiUra="7,35" who="1" fromWho="1" sc="104,-26,78,98,468,-26,330,-26" /><INIT seed="5,1,0,0,0,114" ten="78,176,442,304" oya="1" hai0="70,68,121,33,46,53,65,36,17,79,18,13,42" hai1="3,73,134,101,112,57,125,106,0,130,103,85,25" hai2="99,80,41,72,10,90,48,76,93,78,62,69,131" hai3="77,94,49,116,119,26,60,50,8,15,124,58,88"/><U118/><E118/><N who="3" m="45098" /><G124/><T20/><D33/><U27/><E125/><V23/><F78/><W108/><G108/><T55/><D121/><U110/><E112/><V37/><F37/><W16/><G26/><T102/><D102/><U6/><E110/><V87/><F131/><W135/><G135/><T92/><D79/><U91/><E130/><V38/><F38/><W95/><G95/><T96/><D96/><U64/><E134/><V129/><F129/><W7/><G77/><T71/><D92/><U19/><E73/><V51/><F10/><W109/><G7/><T54/><D18/><U61/><E106/><V52/><F23/><W28/><G28/><T127/><D127/><U107/><E107/><V9/><F9/><W105/><G105/><T22/><D22/><N who="1" m="13535" /><E6/><V123/><F123/><W83/><G83/><T45/><D20/><U40/><E27/><V100/><F69/><N who="0" m="26730" /><D13/><U67/><E3/><V81/><F41/><W126/><G109/><T115/><D17/><U122/><E40/><V47/><F47/><W133/><G133/><T84/><D84/><U59/><E0/><V74/><F74/><W21/><G21/><T30/><D30/><U32/><E32/><V31/><F31/><W39/><G39/><T11/><D11/><U12/><E12/><V89/><F76/><W63/><G126/><T1/><D1/><U24/><E24/><V35/><F80/><W2/><G2/><T14/><D14/><U120/><E122/><V34/><F81/><W56/><G63/><N who="0" m="40383" /><D115/><U82/><E120/><V128/><F128/><W29/><G15/><T43/><D36/><RYUUKYOKU ba="1,0" sc="78,15,176,15,442,-15,304,-15" hai0="42,43,45,46,53,54,55" hai1="57,59,61,64,67,82,85,91,101,103" /><INIT seed="5,2,0,0,1,59" ten="93,191,427,289" oya="1" hai0="97,29,108,121,111,129,32,19,46,4,85,26,95" hai1="106,51,21,49,50,73,54,128,99,2,13,33,25" hai2="76,102,80,0,72,64,104,18,120,24,74,41,42" hai3="10,132,1,84,68,75,131,35,36,58,130,28,112"/><U134/><E73/><V92/><F120/><W40/><G75/><T107/><D121/><U125/><E33/><V9/><F104/><W6/><G68/><T78/><D129/><N who="3" m="49161" /><G112/><T62/><D4/><U126/><E128/><V60/><F74/><W65/><G132/><T113/><D113/><U67/><E134/><V122/><F122/><W11/><G11/><T88/><D46/><U98/><E2/><V7/><F24/><N who="3" m="18823" /><G84/><T55/><D19/><N who="1" m="12479" /><E106/><V38/><F18/><W66/><G58/><T5/><D5/><U90/><E67/><V124/><F124/><N who="1" m="47721" /><E13/><V39/><F39/><W63/><G63/><T127/><D55/><U93/><E98/><V79/><F79/><W43/><G43/><T61/><D127/><U12/><E12/><V87/><F38/><W37/><G37/><T81/><REACH who="0" step="1"/><D107/><REACH who="0" ten="83,191,427,289" step="2"/><U91/><E90/><V71/><F7/><W16/><G16/><T94/><D94/><U116/><E116/><V105/><F92/><W56/><G56/><AGARI ba="2,1" hai="49,50,51,54,56,91,93,99" m="47721,12479" machi="56" ten="30,1500,0" yaku="18,1" doraHai="59" who="1" fromWho="3" sc="83,0,191,31,427,0,289,-21" /><INIT seed="5,3,0,5,2,98" ten="83,222,427,268" oya="1" hai0="121,131,86,83,111,116,122,54,68,124,97,38,51" hai1="102,69,56,44,31,61,96,32,73,3,25,9,119" hai2="62,67,26,76,71,59,24,15,101,128,110,45,60" hai3="93,126,107,39,134,123,2,35,99,36,75,70,94"/><U30/><E119/><V27/><F128/><W47/><G47/><T40/><D68/><U43/><E31/><V84/><F110/><W7/><G99/><T34/><D34/><U108/><E73/><V130/><F130/><W22/><G94/><T63/><D63/><U49/><E108/><V81/><F101/><W117/><G93/><T57/><D57/><U37/><E3/><V64/><F45/><W125/><G22/><T85/><D54/><U16/><E69/><V115/><F115/><W80/><G80/><T13/><D13/><U10/><E37/><V92/><F92/><W8/><G8/><T1/><D51/><U11/><E11/><V78/><F15/><W19/><G19/><T120/><D40/><U58/><E58/><V48/><F48/><W21/><G21/><T105/><D1/><U129/><E129/><V82/><F82/><W79/><G7/><T135/><D38/><U41/><E41/><V104/><F104/><W74/><G36/><T5/><D5/><U118/><E118/><V12/><F12/><W20/><G126/><T17/><D17/><U113/><E113/><V0/><F0/><W112/><G79/><T23/><D23/><U6/><E6/><V106/><F106/><W50/><G20/><T33/><D33/><U77/><E77/><V88/><AGARI ba="3,0" hai="24,26,27,59,60,62,64,67,71,76,78,81,84,88" machi="88" ten="30,2000,0" yaku="0,1,54,1" doraHai="98" who="2" fromWho="2" sc="83,-8,222,-13,427,29,268,-8" /><INIT seed="6,0,0,0,1,2" ten="75,209,456,260" oya="2" hai0="103,129,74,112,126,128,130,113,85,19,65,10,47" hai1="106,16,84,135,21,57,49,33,81,51,62,27,64" hai2="86,79,53,134,102,96,26,122,14,6,31,123,4" hai3="25,12,90,117,119,1,34,124,118,72,94,87,8"/><V55/><F134/><W43/><G1/><T75/><D47/><U69/><E135/><V92/><F14/><W46/><G124/><T29/><D65/><U17/><E106/><V30/><F123/><W15/><G72/><N who="0" m="27691" /><D29/><N who="2" m="10762" /><F26/><W116/><N who="3" m="30208" /><DORA hai="37" /><W97/><G34/><T98/><D19/><U28/><E33/><V83/><F122/><W9/><G25/><T121/><D10/><U45/><E69/><V44/><F44/><W68/><G68/><T61/><D61/><U66/><E64/><V80/><F80/><W76/><G12/><T78/><D121/><U95/><E95/><V42/><F42/><W115/><G115/><N who="0" m="44107" /><D126/><U101/><E101/><V114/><F114/><W3/><G3/><T91/><D78/><N who="1" m="46135" /><E51/><V125/><F125/><W88/><G15/><T36/><D36/><U82/><E82/><V105/><F105/><W24/><G76/><T41/><D41/><AGARI ba="0,0" hai="16,17,21,27,28,41,45,49,57,62,66" m="46135" machi="41" ten="30,3900,0" yaku="8,1,52,1,54,1" doraHai="2,37" who="1" fromWho="0" sc="75,-39,209,39,456,0,260,0" /><INIT seed="7,0,0,5,1,93" ten="36,248,456,260" oya="3" hai0="120,131,0,129,45,80,85,43,38,84,119,101,23" hai1="16,20,109,60,34,64,98,86,62,35,6,90,77" hai2="30,127,53,95,73,61,10,123,133,75,83,56,130" hai3="59,42,125,7,81,102,67,113,65,11,100,54,4"/><W32/><G113/><T31/><D0/><U104/><E109/><V112/><F112/><W21/><G125/><T118/><D23/><U48/><E62/><V66/><F127/><W40/><G32/><T126/><D31/><U25/><E6/><V124/><F124/><W55/><G21/><T8/><D45/><U79/><E35/><V28/><F133/><W88/><G81/><T39/><D8/><U69/><E34/><V116/><F116/><W103/><G103/><T12/><D43/><U121/><E121/><V68/><F123/><W89/><REACH who="3" step="1"/><G11/><REACH who="3" ten="36,248,456,250" step="2"/><T97/><D126/><U74/><E104/><V27/><F10/><W17/><G17/><T50/><D120/><U19/><E19/><V1/><F83/><W46/><G46/><T87/><D80/><U105/><E105/><V115/><F115/><W57/><AGARI ba="0,1" hai="4,7,40,42,54,55,57,59,65,67,88,89,100,102" machi="57" ten="25,18000,2" yaku="1,1,0,1,22,2,8,1,54,1,53,0" doraHai="93" doraHaiUra="110" who="3" fromWho="3" sc="36,-60,248,-60,456,-60,250,190" owari="-24,-52.0,188,-21.0,396,20.0,440,53.0" /></mjloggm>