<mjloggm ver="2.3"><GO type="97" lobby="0"/><UN n0="%E3%81%8A%E3%81%93%E3%82%93%E5%A7%90%E3%81%95%E3%82%93" n1="%6B%69%6E%6E%74%79%6F%75" n2="%E3%83%9E%E3%83%A1%E3%83%9D%E3%82%B3" n3="%E3%82%A6%E3%83%AB%E3%83%88%E3%83%A9%E7%AB%8B%E7%9B%B4" dan="14,14,14,15" rate="1949.23,1837.89,1941.90,2060.92" sx="F,M,M,M"/><TAIKYOKU oya="0"/><INIT seed="0,0,0,3,5,113" ten="250,250,250,250" oya="0" hai0="24,94,15,77,96,124,62,103,35,65,18,20,29" hai1="70,105,4,27,126,131,31,121,17,58,107,132,130" hai2="127,67,108,19,119,5,87,33,116,10,106,134,34" hai3="72,51,14,22,75,99,86,46,16,39,26,71,11"/><T32/><D124/><U6/><E121/><V61/><F106/><W52/><G71/><T3/><D77/><U128/><E70/><V55/><F127/><W56/><G99/><T40/><D40/><U81/><E126/><V125/><F125/><W69/><G69/><T109/><D109/><U30/><E132/><V80/><F55/><W123/><G123/><T114/><D114/><U111/><E111/><V0/><F19/><W9/><G9/><T91/><D3/><U79/><E58/><V36/><F36/><W84/><G75/><T54/><D54/><U90/><E90/><V118/><F134/><W25/><G72/><T59/><REACH who="0" step="1"/><D91/><REACH who="0" ten="240,250,250,250" step="2"/><U12/><E79/><N who="2" m="46495" /><F108/><W129/><G129/><T74/><D74/><U76/><E76/><V8/><F8/><AGARI ba="0,1" hai="8,15,18,20,24,29,32,35,59,62,65,94,96,103" machi="8" ten="30,11600,0" yaku="1,1,7,1,25,2,53,0" doraHai="113" doraHaiUra="101" who="0" fromWho="2" sc="240,126,250,0,250,-116,250,0" /><INIT seed="0,1,0,5,2,76" ten="366,250,134,250" oya="0" hai0="57,85,47,103,61,56,46,123,74,41,124,30,0" hai1="26,40,55,90,37,38,3,17,25,125,12,50,111" hai2="118,78,117,107,106,32,65,31,86,92,82,87,10" hai3="4,75,63,16,51,130,22,84,134,135,79,126,28"/><T83/><D123/><U19/><E3/><V60/><F10/><W113/><G113/><T36/><D124/><U39/><E125/><V52/><F31/><W35/><G126/><T94/><D47/><U115/><E115/><V101/><F32/><W27/><G75/><T62/><D0/><U80/><E40/><V127/><F65/><W97/><G97/><T45/><D74/><U42/><E42/><V6/><F6/><W21/><G51/><T9/><D46/><U49/><E111/><V114/><F114/><W67/><G4/><T89/><D9/><U2/><E2/><V59/><F127/><W33/><G130/><T66/><D30/><U24/><E55/><V72/><F101/><W129/><G129/><T132/><D132/><U77/><E90/><V58/><F58/><W104/><G104/><N who="2" m="39977" /><F92/><W29/><G29/><T108/><D108/><U18/><E12/><V93/><F93/><W121/><G22/><T96/><D61/><U23/><E23/><V131/><F131/><W73/><G35/><T43/><D43/><U11/><E11/><V8/><F8/><W71/><G135/><T48/><D36/><U15/><E15/><V20/><F20/><W69/><G134/><T120/><D120/><U1/><E1/><V64/><F64/><W102/><G28/><T91/><D56/><U119/><E119/><AGARI ba="1,0" hai="52,59,60,72,78,82,86,87,117,118,119" m="39977" machi="119" ten="30,3900,0" yaku="12,1,52,1,54,1" doraHai="76" who="2" fromWho="1" sc="366,0,250,-42,134,42,250,0" /><INIT seed="1,0,0,1,5,71" ten="366,208,176,250" oya="1" hai0="10,40,12,52,8,97,92,105,65,123,135,104,95" hai1="125,75,94,134,7,46,119,67,103,87,38,28,108" hai2="69,16,14,82,72,22,114,61,81,1,74,122,90" hai3="31,9,4,57,116,48,23,60,30,128,44,101,124"/><U132/><E119/><V133/><F122/><W118/><G124/><T88/><D123/><U93/><E125/><V24/><F1/><W18/><G101/><T129/><D129/><U73/><E67/><V42/><F42/><W115/><G128/><T106/><D135/><N who="1" m="51755" /><E108/><V102/><F133/><W85/><G115/><T80/><D65/><U112/><E112/><V54/><F114/><W5/><G85/><T131/><D131/><U76/><E28/><V20/><F102/><W130/><G130/><T19/><D8/><U55/><E55/><V32/><F32/><W25/><G118/><T13/><D13/><U117/><E117/><V17/><F69/><W41/><G116/><T70/><D70/><U49/><E49/><V64/><F64/><W100/><G100/><T29/><D29/><N who="3" m="10761" /><G9/><T121/><D121/><U47/><E47/><V84/><REACH who="2" step="1"/><F82/><REACH who="2" ten="366,208,166,250" step="2"/><W36/><G36/><T26/><D80/><N who="1" m="47495" /><E103/><V35/><F35/><W53/><AGARI ba="0,1" hai="4,5,18,23,25,41,44,48,53,57,60" m="10761" machi="53" ten="30,1100,0" yaku="8,1" doraHai="71" who="3" fromWho="3" sc="366,-3,208,-5,166,-3,250,21" /><INIT seed="2,0,0,4,2,0" ten="363,203,163,271" oya="2" hai0="19,117,87,91,18,38,122,130,52,84,129,111,126" hai1="62,97,98,14,63,105,96,28,47,116,37,49,64" hai2="57,26,127,11,59,40,83,56,113,15,71,7,75" hai3="35,95,31,32,34,85,88,77,50,101,17,22,51"/><V90/><F113/><W48/><G101/><T92/><D122/><U12/><E105/><V131/><F71/><W66/><G66/><T94/><D38/><U134/><E116/><V24/><F131/><N who="0" m="50186" /><D117/><U61/><E37/><V82/><F40/><W124/><G124/><T42/><D42/><N who="1" m="24823" /><E134/><V73/><F127/><W76/><REACH who="3" step="1"/><G31/><REACH who="3" ten="363,203,163,261" step="2"/><T123/><D126/><U120/><E120/><V53/><F75/><W115/><G115/><T55/><D123/><U69/><E69/><V21/><F73/><W112/><G112/><T89/><D111/><U119/><E119/><V16/><F53/><AGARI ba="0,1" hai="18,19,52,53,55,84,87,89,91,92,94" m="50186" machi="53" ten="30,2000,0" yaku="19,1,54,1" doraHai="0" who="0" fromWho="2" sc="363,30,203,0,163,-20,261,0" /><INIT seed="3,0,0,0,3,31" ten="393,203,143,261" oya="3" hai0="69,99,126,64,120,93,92,101,8,70,57,3,89" hai1="4,55,16,46,106,7,114,9,125,22,124,15,63" hai2="112,97,60,0,53,54,85,75,23,95,123,113,32" hai3="87,96,133,12,86,42,44,131,17,98,91,6,27"/><W134/><G131/><T19/><D120/><U100/><E114/><V77/><F123/><W61/><G87/><T41/><D126/><U116/><E116/><V40/><F75/><W132/><G61/><T62/><D41/><U121/><E121/><V88/><F0/><W65/><G65/><T67/><D67/><U83/><E83/><V105/><F40/><W33/><G6/><T25/><D3/><U13/><E100/><V72/><F23/><W35/><G27/><T37/><D37/><U110/><E106/><V107/><F107/><W14/><G86/><T129/><D129/><U29/><E29/><V117/><F117/><W20/><G14/><T26/><D70/><U52/><E110/><V122/><F122/><W1/><G1/><T49/><D49/><U50/><REACH who="1" step="1"/><E4/><REACH who="1" ten="393,193,143,261" step="2"/><V71/><F32/><N who="3" m="12363" /><G91/><T74/><D89/><U111/><E111/><V34/><F34/><W47/><G47/><T58/><D93/><U109/><E109/><V115/><F71/><W56/><G56/><AGARI ba="0,1" hai="7,9,13,15,16,22,46,50,52,55,56,63,124,125" machi="56" ten="40,5200,0" yaku="1,1,54,2,53,0" doraHai="31" doraHaiUra="103" who="1" fromWho="3" sc="393,0,193,62,143,0,261,-52" owari="393,49.0,255,6.0,143,-36.0,209,-19.0" /></mjloggm>