<mjloggm ver="2.3"><GO type="97" lobby="0"/><UN n0="%E3%82%A6%E3%83%AB%E3%83%88%E3%83%A9%E7%AB%8B%E7%9B%B4" n1="%E5%BA%B7%E4%B9%8B%E9%80%B2" n2="%E3%83%8F%E3%82%A4%E3%83%95%E3%82%A1%E3%82%A4%E6%96%B0%E6%9B%B8" n3="%E3%81%B6%E3%81%9F%E3%81%95%E3%82%93" dan="14,15,13,13" rate="1970.21,1941.96,1859.25,1852.32" sx="M,M,F,M"/><TAIKYOKU oya="0"/><INIT seed="0,0,0,5,2,132" ten="250,250,250,250" oya="0" hai0="0,105,13,116,107,89,48,73,125,14,72,109,108" hai1="28,112,93,99,117,76,3,130,8,46,104,129,40" hai2="33,21,56,83,118,75,133,22,85,2,44,62,31" hai3="19,30,65,100,55,26,119,17,131,101,29,47,102"/><T68/><D0/><U79/><E28/><V66/><F2/><W96/><G119/><T123/><D68/><U92/><E3/><V111/><F133/><W11/><G131/><N who="1" m="50186" /><E8/><V6/><F75/><N who="0" m="28746" /><D48/><U135/><E135/><V50/><F6/><W37/><G65/><T69/><D69/><U41/><E46/><V12/><F118/><W84/><G84/><T43/><D43/><U87/><E104/><N who="0" m="40009" /><D116/><U5/><E117/><V32/><F111/><N who="0" m="42570" /><D123/><U97/><E5/><V54/><F33/><W52/><G96/><T7/><D7/><U53/><E99/><V70/><F70/><W35/><G30/><T126/><D89/><U71/><E41/><V103/><F31/><W67/><G67/><T58/><D58/><U82/><E40/><V9/><F32/><W78/><G78/><T115/><D115/><U114/><E71/><V95/><F12/><AGARI ba="0,0" hai="12,13,14,125,126" m="42570,40009,28746" machi="12" ten="40,18000,2" yaku="28,2,14,1,10,1,52,2" doraHai="132" who="0" fromWho="2" sc="250,180,250,0,250,-180,250,0" /><INIT seed="0,1,0,5,0,31" ten="430,250,70,250" oya="0" hai0="128,101,55,84,50,108,44,24,67,12,48,6,94" hai1="5,11,60,51,52,2,26,115,103,98,9,96,124" hai2="135,14,113,83,17,71,80,102,53,29,1,57,78" hai3="47,123,86,7,104,45,111,46,79,35,36,25,110"/><T41/><D128/><U106/><E124/><V19/><F113/><W95/><G104/><T133/><D133/><U28/><E115/><V125/><F135/><W34/><G36/><T43/><D108/><N who="3" m="41513" /><G123/><T69/><D67/><U118/><E118/><V117/><F125/><W16/><G7/><T107/><D69/><U73/><E73/><V89/><F117/><W56/><G56/><T33/><D107/><U15/><E98/><V105/><F71/><W119/><G119/><T75/><D75/><U32/><E60/><V58/><F102/><W39/><G39/><T65/><D65/><U23/><E23/><V109/><F105/><W82/><G95/><T59/><D41/><U112/><E112/><V114/><F114/><W129/><G129/><T4/><D12/><U127/><E127/><V122/><F122/><W18/><G18/><T10/><D10/><U120/><E120/><V99/><F109/><W0/><G0/><T40/><D40/><U134/><E134/><V27/><F1/><W74/><G74/><T72/><D72/><U87/><E87/><V61/><F58/><W77/><G77/><T68/><D68/><U38/><E38/><V93/><F78/><W100/><G100/><T97/><D84/><U3/><REACH who="1" step="1"/><E11/><REACH who="1" ten="430,240,70,250" step="2"/><N who="2" m="6367" /><F29/><W42/><G42/><T13/><D97/><U91/><E91/><V76/><F76/><W20/><AGARI ba="1,1" hai="16,20,25,34,35,45,46,47,79,82,86" m="41513" machi="20" ten="40,8000,1" yaku="14,1,52,2,54,1" doraHai="31" who="3" fromWho="3" sc="430,-41,240,-21,70,-21,250,93" /><INIT seed="1,0,0,4,0,93" ten="389,219,49,343" oya="1" hai0="113,117,98,128,49,120,87,121,25,82,45,103,90" hai1="84,73,18,118,22,57,33,29,63,12,81,61,75" hai2="2,14,85,50,135,32,5,11,16,38,67,79,48" hai3="134,95,15,53,31,36,47,77,110,58,21,56,130"/><U59/><E118/><V89/><F135/><W20/><G110/><T8/><D117/><U62/><E33/><V107/><F38/><W64/><G134/><T39/><D39/><U86/><E29/><V55/><F79/><W13/><G130/><T96/><D128/><U28/><E28/><V35/><F107/><W78/><G95/><T123/><D113/><U52/><E84/><V125/><F125/><W131/><G131/><T0/><D25/><U17/><E17/><V26/><F67/><W27/><G36/><T80/><D103/><U60/><REACH who="1" step="1"/><E59/><REACH who="1" ten="389,209,49,343" step="2"/><V122/><F122/><W129/><G129/><T70/><D82/><U99/><E99/><V24/><F35/><W54/><G47/><T72/><D72/><U71/><E71/><V124/><F124/><W92/><G92/><T23/><D70/><U132/><E132/><V40/><F32/><W111/><G111/><T94/><D94/><U19/><E19/><V65/><F5/><W100/><G31/><T68/><D68/><U102/><E102/><V74/><F74/><W4/><G100/><T30/><D30/><U97/><E97/><V6/><F6/><W91/><G4/><N who="0" m="1031" /><D23/><U101/><E101/><V41/><F11/><W119/><G119/><T116/><D116/><U105/><E105/><V88/><F85/><W7/><G7/><T46/><D46/><U43/><E43/><AGARI ba="0,1" hai="43,45,49,80,87,90,96,98,120,121,123" m="1031" machi="43" ten="30,3900,0" yaku="13,1,52,2" doraHai="93" who="0" fromWho="1" sc="389,49,209,-39,49,0,343,0" /><INIT seed="2,0,0,4,1,114" ten="438,170,49,343" oya="2" hai0="110,18,68,82,47,48,8,3,59,85,14,99,43" hai1="1,32,56,52,77,81,87,126,46,88,116,112,84" hai2="63,96,34,111,9,60,127,73,35,23,134,5,65" hai3="4,74,86,10,15,30,31,119,55,41,2,97,92"/><V33/><F73/><W37/><G74/><T40/><D68/><U39/><E112/><V104/><F134/><W20/><G119/><T67/><D110/><U53/><E32/><V117/><F117/><W69/><G69/><T98/><D3/><U106/><E116/><V125/><F111/><W103/><G37/><T0/><D0/><U75/><E126/><N who="2" m="48139" /><F23/><W128/><G41/><T11/><D11/><U122/><E87/><V72/><F72/><W49/><G128/><T26/><D26/><U24/><E1/><N who="2" m="175" /><F65/><W76/><G2/><T21/><D21/><U93/><E122/><V66/><F66/><W83/><REACH who="3" step="1"/><G20/><REACH who="3" ten="438,170,49,333" step="2"/><T58/><D43/><U13/><E75/><V29/><F29/><W135/><G135/><T129/><D129/><U124/><E124/><V71/><F71/><W89/><G89/><T44/><D40/><U94/><E88/><V12/><F12/><W25/><G25/><T78/><D14/><U120/><E24/><V17/><F17/><W19/><G19/><T22/><D18/><U121/><E13/><V62/><F35/><W61/><G61/><N who="2" m="15617" /><V90/><DORA hai="50" /><F90/><W123/><G123/><T64/><D22/><U109/><E120/><V113/><F113/><W100/><G100/><AGARI ba="0,1" hai="33,34,96,100,104" m="15617,175,48139" machi="100" ten="40,2000,0" yaku="18,1" doraHai="114,50" who="2" fromWho="3" sc="438,0,170,0,49,30,333,-20" /><INIT seed="2,1,0,2,0,72" ten="438,170,79,313" oya="2" hai0="92,114,55,6,30,17,31,113,27,13,131,53,19" hai1="91,46,28,73,69,105,118,100,40,70,93,75,60" hai2="34,62,48,5,57,104,65,2,84,78,36,54,94" hai3="49,15,26,79,95,121,76,81,119,33,103,106,37"/><V47/><F104/><W8/><G37/><T38/><D38/><U124/><E118/><V122/><F122/><W102/><G119/><T71/><D71/><U41/><E41/><V51/><F34/><W64/><G106/><T56/><D131/><U87/><E124/><V3/><F5/><W133/><G121/><T107/><D107/><U116/><E116/><V96/><F51/><W101/><G133/><T39/><D39/><U21/><E75/><V11/><F11/><W85/><G64/><T99/><D6/><U61/><E73/><V74/><F74/><W112/><G112/><T128/><D128/><U134/><E70/><V29/><F29/><W126/><G126/><T32/><D30/><U129/><E129/><V10/><F10/><W123/><G123/><T125/><D125/><U111/><E134/><V50/><F50/><W35/><G49/><T45/><D45/><U80/><E105/><V117/><F117/><W16/><G95/><T120/><D120/><U68/><E69/><V66/><F66/><W89/><REACH who="3" step="1"/><G26/><REACH who="3" ten="438,170,79,303" step="2"/><N who="0" m="18551" /><D114/><U90/><E93/><V9/><F9/><W67/><G67/><T22/><D113/><U132/><E132/><V42/><F94/><W77/><AGARI ba="1,1" hai="8,15,16,33,35,76,77,79,81,85,89,101,102,103" machi="77" ten="30,12000,2" yaku="1,1,0,1,52,3,54,1,53,1" doraHai="72" doraHaiUra="12" who="3" fromWho="3" sc="438,-31,170,-31,79,-61,303,133" /><INIT seed="3,0,0,1,4,23" ten="407,139,18,436" oya="3" hai0="96,116,52,94,5,131,84,134,33,39,64,15,86" hai1="25,118,17,98,55,115,89,72,29,13,104,66,14" hai2="41,56,111,18,75,77,113,93,54,21,1,69,119" hai3="107,36,79,31,88,81,43,68,74,44,71,16,83"/><W92/><G107/><T100/><D39/><U35/><E72/><V80/><F119/><W37/><G83/><T112/><D33/><U102/><E115/><V110/><F113/><W28/><G37/><T76/><D116/><U27/><E118/><V26/><F69/><W67/><G71/><T46/><D112/><U70/><E55/><V34/><F1/><W101/><G101/><T99/><D131/><U32/><E89/><V65/><F65/><W11/><G67/><T40/><D134/><U49/><E49/><V132/><F132/><W126/><G68/><T91/><D64/><U61/><E32/><V8/><F41/><W78/><G78/><T45/><D40/><U10/><E10/><V128/><F128/><W121/><G126/><T58/><D76/><U125/><E125/><V3/><F34/><W73/><G73/><T0/><D0/><U62/><E62/><V12/><F3/><W60/><G60/><N who="0" m="35911" /><D86/><U95/><E95/><V109/><F109/><W123/><G123/><T51/><D51/><U4/><E4/><V122/><F122/><W120/><G120/><T82/><D99/><U6/><E6/><V90/><F12/><W103/><G103/><T63/><D63/><U19/><E19/><V20/><F20/><AGARI ba="0,0" hai="13,14,17,20,25,27,29,35,61,66,70,98,102,104" machi="20" ten="40,8000,1" yaku="25,2,52,2" doraHai="23" who="1" fromWho="2" sc="407,0,139,80,18,-80,436,0" owari="407,21.0,219,-18.0,-62,-56.0,436,53.0" /></mjloggm>