<mjloggm ver="2.3"><GO type="41" lobby="0"/><UN n0="%E3%81%8A%E5%A4%A9%E9%81%93%E6%A7%98" n1="%E9%9B%B7%E5%B8%9D%E3%83%A9%E3%82%A4%E3%82%AB" n2="%E5%B0%B1%E6%B4%BB%E7%94%9F%40%E5%B7%9D%E6%9D%91%E8%BB%8D%E5%9B%A3" n3="%43%56%3A%E6%82%A0%E6%9C%A8%E7%A2%A7" dan="13,14,15,14" rate="1904.18,1934.25,2008.32,1945.70" sx="M,M,M,F"/><TAIKYOKU oya="0"/><INIT seed="0,0,0,4,2,70" ten="250,250,250,250" oya="0" hai0="110,114,99,18,2,64,53,102,113,116,132,4,96" hai1="78,57,76,31,42,126,112,77,97,14,85,100,127" hai2="38,74,71,111,69,46,7,28,50,103,29,117,17" hai3="131,32,41,90,119,27,47,62,23,60,61,35,5"/><T3/><D64/><U123/><E123/><V56/><F117/><W124/><G119/><T55/><D116/><U40/><E85/><V51/><F74/><W84/><G5/><T88/><D4/><U82/><E82/><V104/><F111/><W63/><G131/><T13/><D110/><U19/><E31/><V49/><F7/><W101/><G101/><T128/><D102/><U59/><E112/><V37/><F46/><W122/><G124/><N who="1" m="47658" /><E59/><V109/><F109/><W81/><N who="3" m="15360" /><DORA hai="94" /><W106/><G106/><T68/><D68/><N who="2" m="26186" /><F17/><W21/><G122/><T25/><D25/><U72/><E57/><V30/><F56/><W83/><G81/><T89/><D13/><U134/><E134/><V107/><F103/><W80/><G83/><T58/><D58/><U91/><E91/><V108/><F108/><W130/><G130/><T52/><D55/><U121/><E121/><V105/><AGARI ba="0,0" hai="28,29,30,37,38,49,50,51,104,105,107" m="26186" machi="105" ten="50,12000,2" yaku="29,2,28,2,52,2" doraHai="70,94" who="2" fromWho="2" sc="250,-60,250,-30,250,120,250,-30" /><INIT seed="1,0,0,3,2,34" ten="190,220,370,220" oya="1" hai0="97,101,134,25,8,41,85,111,127,113,70,131,4" hai1="133,58,98,39,45,26,43,72,76,14,50,38,23" hai2="48,69,104,18,55,91,77,109,115,51,102,40,57" hai3="17,66,122,82,35,108,15,46,19,12,56,64,68"/><U84/><E133/><V44/><F69/><W0/><G35/><T92/><D70/><U47/><E72/><V128/><F115/><W78/><G68/><T49/><D134/><U107/><E14/><V29/><F128/><W125/><G108/><T81/><D113/><U75/><E75/><V42/><F109/><W73/><G125/><T52/><D127/><U22/><E22/><V106/><F77/><W80/><G122/><T11/><D111/><U123/><E123/><V118/><F118/><W90/><G46/><T114/><D131/><U53/><E107/><V103/><F29/><W7/><G56/><T24/><D41/><U2/><E98/><V88/><F18/><W89/><G7/><T99/><D99/><U30/><E45/><V3/><F44/><W120/><G120/><T95/><D95/><U33/><E33/><V71/><F71/><W105/><G105/><T124/><D124/><U37/><REACH who="1" step="1"/><E2/><REACH who="1" ten="190,210,370,220" step="2"/><V117/><F3/><W1/><G73/><T94/><D114/><U79/><E79/><AGARI ba="0,1" hai="0,1,12,15,17,19,64,66,78,79,80,82,89,90" machi="79" ten="25,6400,0" yaku="22,2,52,2" doraHai="34" who="3" fromWho="1" sc="190,0,210,-64,370,0,220,74" /><INIT seed="2,0,0,0,1,34" ten="190,146,370,294" oya="2" hai0="48,104,122,49,27,110,22,45,120,6,117,119,98" hai1="70,42,133,18,65,89,55,7,61,10,21,38,47" hai2="17,0,59,130,77,51,32,74,30,96,57,116,80" hai3="88,135,63,15,131,113,101,100,99,66,29,108,125"/><V46/><F116/><N who="0" m="44618" /><D104/><U40/><E133/><V13/><F130/><W37/><G37/><T50/><D98/><U26/><E89/><V81/><F81/><W107/><G108/><T11/><D45/><U33/><E33/><V95/><F30/><W14/><G101/><T78/><D78/><U28/><E42/><V126/><F32/><W54/><G131/><T129/><D129/><U75/><E75/><V12/><F12/><W39/><G39/><T109/><D22/><U72/><E72/><V102/><F0/><W79/><G79/><T118/><N who="0" m="44626" /><T111/><DORA hai="16" /><D27/><U52/><REACH who="1" step="1"/><E28/><REACH who="1" ten="190,136,370,294" step="2"/><V4/><F74/><W36/><G29/><T123/><D6/><U134/><E134/><V93/><F4/><W35/><G35/><T83/><D83/><U91/><E91/><V115/><F80/><W25/><G135/><T112/><D11/><U43/><E43/><V44/><F77/><W121/><G88/><T67/><D67/><U3/><AGARI ba="0,1" hai="3,7,10,18,21,26,38,40,47,52,55,61,65,70" machi="3" ten="20,12000,2" yaku="1,1,0,1,7,1,52,2,54,1,53,0" doraHai="34,16" doraHaiUra="132,9" who="1" fromWho="1" sc="190,-30,136,130,370,-60,294,-30" /><INIT seed="3,0,0,3,1,129" ten="160,266,310,264" oya="3" hai0="128,48,91,97,28,16,6,4,90,3,17,115,123" hai1="79,45,77,69,84,106,130,75,5,93,30,58,21" hai2="126,127,65,114,88,117,135,33,110,85,35,14,1" hai3="11,92,38,8,19,39,120,10,132,68,66,52,122"/><W124/><G124/><N who="2" m="47657" /><F1/><W64/><G132/><T95/><D128/><U80/><E69/><V54/><F117/><W34/><G34/><N who="2" m="12809" /><F114/><W12/><G92/><T113/><D28/><U118/><E118/><V109/><F65/><N who="3" m="25195" /><G68/><T70/><D70/><U20/><E106/><V134/><F54/><W60/><G60/><T62/><D62/><U98/><E5/><N who="0" m="2153" /><D123/><N who="3" m="47145" /><G12/><T27/><D3/><U50/><E58/><V76/><F76/><W86/><G86/><T81/><D48/><U131/><E77/><V72/><F14/><W94/><G94/><T111/><D27/><U89/><E75/><V104/><F72/><W101/><G101/><T74/><D74/><U125/><E125/><V71/><F104/><W42/><G42/><T41/><D41/><N who="1" m="24879" /><E30/><V36/><F36/><N who="3" m="13867" /><G19/><N who="0" m="7243" /><D81/><U24/><E24/><V46/><F46/><W83/><G83/><T57/><D57/><U56/><E56/><V25/><F25/><W53/><AGARI ba="0,0" hai="8,10,11,52,53" m="13867,47145,25195" machi="53" ten="40,7800,0" yaku="28,2,54,1" doraHai="129" who="3" fromWho="3" sc="160,-26,266,-26,310,-26,264,78" /><INIT seed="3,1,0,1,2,77" ten="134,240,284,342" oya="3" hai0="87,61,78,59,49,16,68,44,71,28,119,103,46" hai1="65,96,19,123,69,98,42,22,82,100,72,110,95" hai2="128,125,64,84,4,124,116,20,130,35,36,83,11" hai3="134,74,88,105,62,101,55,43,126,34,24,85,115"/><W120/><G74/><T57/><D28/><U1/><E1/><V56/><F36/><W18/><G120/><T6/><D103/><U13/><E123/><V15/><F35/><W70/><G115/><T79/><D6/><U80/><E72/><V132/><F116/><W23/><G34/><T94/><D119/><U9/><E42/><V67/><F20/><W111/><G43/><T90/><D71/><U41/><E41/><V5/><F5/><W131/><G126/><N who="2" m="48745" /><F132/><W108/><G131/><N who="2" m="50217" /><F56/><W93/><G134/><T92/><D68/><U121/><E121/><V38/><F38/><W60/><G70/><T97/><D59/><U127/><E127/><V107/><F107/><W17/><G105/><T25/><D94/><U40/><E40/><V0/><F0/><W50/><G101/><T118/><D118/><U114/><E114/><V76/><AGARI ba="1,0" hai="4,11,15,64,67,76,83,84" m="50217,48745" machi="76" ten="30,4000,0" yaku="18,1,19,1,52,1" doraHai="77" who="2" fromWho="2" sc="134,-11,240,-11,284,43,342,-21" /><INIT seed="4,0,0,5,4,81" ten="123,229,327,321" oya="0" hai0="105,96,23,5,43,119,109,7,40,110,8,56,39" hai1="21,118,103,104,116,82,0,126,1,49,68,84,60" hai2="57,34,74,2,75,92,19,71,62,86,88,12,73" hai3="89,114,91,72,24,6,15,58,64,135,124,101,26"/><T78/><D119/><U93/><E126/><V27/><F2/><W107/><G72/><T80/><D56/><U131/><E131/><V111/><F71/><W31/><G114/><T132/><D132/><U94/><E104/><V112/><F112/><W32/><G135/><T30/><D105/><U85/><E82/><V130/><F130/><W45/><G124/><T134/><D96/><U53/><E49/><V66/><F111/><N who="0" m="42506" /><D134/><U46/><E21/><V98/><F34/><W37/><G101/><T52/><D39/><U17/><E17/><V25/><REACH who="2" step="1"/><F98/><REACH who="2" ten="123,229,317,321" step="2"/><W121/><G121/><T47/><D30/><U100/><E68/><V14/><F14/><W61/><G24/><T108/><N who="0" m="42514" /><T22/><DORA hai="122" /><D7/><U36/><E1/><V10/><AGARI ba="0,1" hai="10,12,19,25,27,57,62,66,73,74,75,86,88,92" machi="10" ten="30,12000,2" yaku="1,1,0,1,52,1,54,1,53,2" doraHai="81,122" doraHaiUra="20,76" who="2" fromWho="2" sc="123,-60,229,-30,317,130,321,-30" /><INIT seed="5,0,0,2,4,114" ten="63,199,447,291" oya="1" hai0="113,16,99,93,30,105,58,82,80,123,81,59,54" hai1="37,7,49,119,13,3,120,78,22,77,96,131,129" hai2="89,62,116,90,115,110,91,74,27,0,39,36,118" hai3="64,72,11,71,92,12,14,15,133,65,50,17,73"/><U51/><E120/><V95/><F74/><W9/><G71/><T98/><D105/><U25/><E37/><V34/><F0/><W23/><G133/><T21/><D113/><U125/><E3/><V69/><F115/><W100/><G50/><N who="1" m="18954" /><E13/><N who="3" m="5226" /><G72/><T18/><D123/><U2/><E2/><V35/><F110/><W84/><G73/><T45/><D45/><U10/><E10/><N who="3" m="3594" /><G100/><T88/><D99/><U4/><E96/><V112/><F95/><W79/><G92/><T52/><D30/><U55/><E55/><N who="0" m="21033" /><D18/><U29/><E125/><V126/><F112/><W20/><G23/><T107/><D107/><U19/><E19/><V108/><F126/><W132/><G132/><T61/><D61/><U48/><E48/><V43/><F108/><W111/><G111/><T87/><D98/><U109/><E109/><V67/><F27/><AGARI ba="0,0" hai="16,21,27,58,59,80,81,82,87,88,93" m="21033" machi="27" ten="30,7700,0" yaku="8,1,54,3" doraHai="114" who="0" fromWho="2" sc="63,77,199,0,447,-77,291,0" /><INIT seed="6,0,0,5,4,77" ten="140,199,370,291" oya="2" hai0="67,8,26,103,29,37,25,24,122,41,53,21,126" hai1="115,88,83,114,90,74,121,118,110,18,130,100,78" hai2="16,19,73,132,50,54,80,14,38,134,82,20,40" hai3="92,72,36,69,116,44,5,87,48,85,135,94,63"/><V45/><F19/><W55/><G72/><T108/><D122/><U10/><E118/><V35/><F35/><W131/><G116/><T1/><D108/><U59/><E110/><V117/><F117/><W27/><G5/><T30/><D126/><U2/><E59/><N who="2" m="33239" /><F73/><W7/><G7/><T109/><D67/><U3/><E121/><V42/><F40/><W28/><G131/><T129/><D109/><U112/><E130/><V81/><F45/><W120/><G135/><N who="2" m="51753" /><F42/><W125/><G36/><AGARI ba="0,0" hai="14,16,20,36,38,80,81,82" m="51753,33239" machi="36" ten="30,12000,1" yaku="20,1,52,3,54,1" doraHai="77" who="2" fromWho="3" sc="140,0,199,0,370,120,291,-120" /><INIT seed="6,1,0,3,1,74" ten="140,199,490,171" oya="2" hai0="24,68,110,127,60,49,92,38,108,61,105,84,128" hai1="115,125,112,10,9,82,72,79,57,15,126,7,25" hai2="124,64,114,19,34,111,32,78,63,130,95,102,80" hai3="132,36,52,100,73,85,75,69,54,13,89,87,22"/><V62/><F114/><N who="1" m="43561" /><E57/><V47/><F111/><W129/><G100/><T37/><D84/><N who="3" m="32329" /><G36/><T42/><D92/><U35/><E10/><V71/><F130/><W18/><G69/><T104/><D24/><U58/><E58/><V21/><F124/><N who="1" m="47721" /><E25/><V119/><F119/><W103/><G103/><T117/><D127/><U77/><E79/><V6/><F6/><W116/><G89/><T56/><D117/><U29/><E29/><V106/><F106/><W43/><G43/><T91/><D91/><U131/><E131/><V101/><F63/><W46/><G46/><T3/><D3/><U28/><E28/><V133/><F133/><W122/><G129/><T30/><D128/><U31/><E31/><V134/><F134/><W120/><G116/><T66/><D30/><U20/><E20/><V83/><F47/><W2/><G2/><T86/><D86/><U55/><E55/><N who="3" m="21034" /><G132/><T16/><D16/><U98/><E98/><V81/><F32/><AGARI ba="1,0" hai="7,9,15,32,35,72,77,82" m="47721,43561" machi="32" ten="30,3900,0" yaku="15,1,18,1,52,1" doraHai="74" who="1" fromWho="2" sc="140,0,199,42,490,-42,171,0" /><INIT seed="7,0,0,5,5,78" ten="140,241,448,171" oya="3" hai0="88,52,98,10,2,58,92,4,107,76,5,97,32" hai1="105,34,1,115,61,79,101,94,121,117,82,6,51" hai2="35,26,42,85,89,66,81,126,67,47,103,114,53" hai3="74,57,128,77,38,124,16,11,72,108,54,62,41"/><W18/><G124/><T15/><D32/><U29/><E121/><V28/><F114/><W21/><G128/><T39/><D39/><U7/><E94/><V135/><F126/><W134/><G134/><T19/><D76/><U71/><E51/><V45/><F135/><W44/><G108/><T95/><D107/><U48/><E48/><V20/><F103/><W100/><G100/><T64/><D64/><U75/><E7/><V99/><F99/><W69/><G69/><T50/><REACH who="0" step="1"/><D2/><REACH who="0" ten="130,241,448,171" step="2"/><U37/><E79/><V125/><F67/><W109/><G109/><T65/><D65/><U127/><E1/><V123/><F66/><W13/><REACH who="3" step="1"/><G77/><REACH who="3" ten="130,241,448,161" step="2"/><T122/><D122/><U93/><E127/><V23/><F123/><W60/><G60/><T49/><D49/><U90/><E61/><V96/><F125/><W25/><AGARI ba="0,2" hai="11,13,16,18,21,25,38,41,44,54,57,62,72,74" machi="25" ten="20,7800,0" yaku="1,1,0,1,7,1,54,1,53,0" doraHai="78" doraHaiUra="33" who="3" fromWho="3" sc="130,-26,241,-26,448,-26,161,98" /><INIT seed="7,1,0,5,2,59" ten="104,215,422,259" oya="3" hai0="105,133,0,131,128,46,109,65,45,77,99,3,1" hai1="115,129,21,23,116,118,68,130,112,9,11,110,26" hai2="64,111,27,17,90,52,55,47,2,113,72,30,7" hai3="40,127,13,4,31,89,28,58,24,125,63,80,38"/><W12/><G40/><T34/><D65/><U42/><E42/><V39/><F111/><W71/><G71/><T35/><D77/><U85/><E68/><V54/><F113/><N who="1" m="43593" /><E85/><V83/><F64/><N who="3" m="39031" /><G38/><T74/><D99/><U132/><E110/><V61/><F17/><W84/><G4/><T18/><D18/><N who="1" m="12663" /><E21/><V86/><F72/><W16/><G24/><T36/><D46/><U88/><E88/><V56/><F7/><W108/><G108/><T33/><D45/><U121/><E121/><V41/><F2/><N who="0" m="514" /><T107/><DORA hai="29" /><D36/><U97/><E97/><V92/><F83/><W48/><G48/><T60/><D60/><U15/><E132/><V5/><F5/><W53/><G53/><T119/><D109/><U49/><E49/><V117/><F117/><N who="1" m="45161" /><E15/><N who="3" m="5706" /><G16/><T10/><D10/><AGARI ba="1,0" hai="9,10,11,129,130" m="45161,12663,43593" machi="10" ten="40,8000,1" yaku="15,1,12,1,34,2" doraHai="59,29" who="1" fromWho="0" sc="104,-83,215,83,422,0,259,0" owari="21,-48.0,298,10.0,422,52.0,259,-14.0" /></mjloggm>