<mjloggm ver="2.3"><GO type="97" lobby="0"/><UN n0="%E3%82%A6%E3%83%AB%E3%83%88%E3%83%A9%E7%AB%8B%E7%9B%B4" n1="%74%6B%74%73" n2="%53%74%72%75%6D%6D%65%72" n3="%E3%81%A8%E3%81%82%E3%82%8B%E7%AB%9C%E3%81%AE%E6%81%8B%E3%81%AE%E6%AD%8C" dan="13,14,14,15" rate="1898.10,1941.98,2022.98,2001.61" sx="M,M,M,F"/><TAIKYOKU oya="0"/><INIT seed="0,0,0,3,5,4" ten="250,250,250,250" oya="0" hai0="84,58,69,101,38,116,8,88,11,20,71,113,1" hai1="100,99,76,120,81,41,109,60,126,90,22,130,106" hai2="91,79,42,133,9,110,121,102,3,89,80,78,112" hai3="21,75,85,70,64,15,55,65,54,82,125,105,39"/><T26/><D38/><U37/><E120/><V23/><F121/><W93/><G105/><T87/><D116/><U68/><E109/><V104/><F110/><W124/><G39/><T111/><D113/><U67/><E130/><V19/><F112/><W48/><G75/><T108/><D1/><U56/><E126/><N who="3" m="48746" /><G93/><T51/><D71/><U52/><E22/><V117/><F117/><W135/><G135/><T43/><D69/><U94/><E41/><V63/><F133/><W123/><G123/><T62/><D101/><U47/><E47/><V129/><F42/><W18/><G70/><T0/><D0/><U14/><E14/><V30/><F79/><N who="3" m="46303" /><G54/><N who="0" m="34135" /><D84/><U28/><E28/><V134/><F134/><W92/><G92/><N who="0" m="54303" /><D111/><U97/><E37/><V5/><F129/><W107/><G107/><T72/><D72/><U115/><E115/><V17/><F102/><W127/><N who="3" m="48754" /><W24/><DORA hai="66" /><G24/><T45/><D108/><U122/><E122/><V13/><F104/><W49/><G49/><T74/><D74/><U27/><E27/><N who="2" m="16767" /><F63/><W128/><G128/><T33/><D33/><U57/><REACH who="1" step="1"/><E52/><REACH who="1" ten="250,240,250,250" step="2"/><V12/><F3/><W44/><AGARI ba="0,1" hai="15,18,21,44,48,55,64,65" m="46303,48754" machi="44" ten="40,1500,0" yaku="18,1" doraHai="4,66" who="3" fromWho="3" sc="250,-7,240,-4,250,-4,250,25" /><INIT seed="1,0,0,5,3,58" ten="243,236,246,275" oya="1" hai0="72,19,38,118,57,40,101,71,128,64,124,97,17" hai1="62,8,22,93,3,112,36,66,41,1,5,117,135" hai2="102,98,60,10,51,52,83,111,108,69,59,80,77" hai3="129,85,89,107,48,106,54,15,46,73,103,91,27"/><U121/><E117/><V68/><F10/><W88/><G73/><T61/><D72/><U125/><E121/><V100/><F83/><W82/><G129/><T95/><D118/><U114/><E125/><V122/><F122/><W65/><G65/><T63/><D124/><U86/><E135/><V126/><F126/><W35/><G15/><T113/><D113/><U42/><E1/><V84/><F51/><W21/><G35/><T130/><D40/><U109/><E109/><N who="2" m="42059" /><F102/><W90/><REACH who="3" step="1"/><G103/><REACH who="3" ten="243,236,246,265" step="2"/><T96/><D130/><U87/><E112/><V105/><AGARI ba="0,1" hai="52,59,60,68,69,77,80,84,98,100,105" m="42059" machi="105" ten="30,4000,0" yaku="14,1,52,1,54,1" doraHai="58" who="2" fromWho="2" sc="243,-10,236,-20,246,50,265,-10" /><INIT seed="2,0,0,3,0,64" ten="233,216,296,255" oya="2" hai0="11,7,95,61,62,78,37,79,76,75,12,111,47" hai1="127,77,118,102,63,0,55,84,65,5,104,49,101" hai2="28,34,4,51,42,17,32,26,106,117,46,69,80" hai3="54,105,94,66,1,14,83,113,10,85,134,135,9"/><V36/><F117/><W97/><G105/><T98/><D111/><U58/><E118/><V108/><F17/><W21/><G113/><T120/><D75/><U71/><E127/><V43/><F51/><W125/><G125/><T16/><D120/><U35/><E35/><N who="2" m="20887" /><F108/><W29/><G66/><T38/><D38/><U48/><E104/><V91/><F91/><W70/><G70/><T89/><D37/><U73/><E73/><V30/><F43/><W107/><G107/><T92/><D47/><U93/><E48/><V74/><F4/><W3/><G54/><T2/><REACH who="0" step="1"/><D95/><REACH who="0" ten="223,216,296,255" step="2"/><U19/><E93/><V100/><F30/><W122/><G29/><T50/><D50/><U81/><REACH who="1" step="1"/><E19/><REACH who="1" ten="223,206,296,255" step="2"/><V82/><F82/><W59/><G83/><T22/><AGARI ba="0,2" hai="2,7,11,12,16,22,61,62,76,78,79,89,92,98" machi="22" ten="30,4000,0" yaku="1,1,0,1,54,1,53,0" doraHai="64" doraHaiUra="44" who="0" fromWho="0" sc="223,60,206,-10,296,-20,255,-10" /><INIT seed="3,0,0,5,4,130" ten="283,196,276,245" oya="3" hai0="56,126,55,80,31,117,10,129,127,18,132,2,64" hai1="3,7,45,51,77,29,99,111,94,52,116,17,71" hai2="120,68,115,134,58,61,110,21,26,5,113,118,106" hai3="34,84,102,1,90,43,101,108,6,86,15,109,22"/><W131/><G34/><T88/><D64/><U57/><E71/><V103/><F118/><W97/><G1/><T135/><D31/><U59/><E116/><V124/><F68/><W72/><G72/><T73/><D129/><U81/><E29/><V123/><F106/><W20/><G131/><T35/><D35/><U74/><E111/><N who="3" m="42570" /><G43/><T70/><D70/><U122/><E122/><N who="2" m="46635" /><F110/><W82/><G86/><N who="0" m="50247" /><D73/><U39/><E39/><V54/><F124/><N who="0" m="47658" /><D117/><U133/><E133/><V8/><F134/><W13/><G102/><T125/><D125/><U92/><E92/><V4/><F103/><W66/><G66/><T85/><D85/><U83/><E83/><V107/><F107/><N who="3" m="63919" /><G15/><N who="0" m="7543" /><D2/><U100/><REACH who="1" step="1"/><E17/><REACH who="1" ten="283,186,276,245" step="2"/><N who="2" m="12591" /><F4/><W105/><G105/><T60/><AGARI ba="0,1" hai="55,56,60,132,135" m="7543,47658,50247" machi="60" ten="30,7900,0" yaku="18,1,52,2,54,1" doraHai="130" who="0" fromWho="0" sc="283,89,186,-20,276,-20,245,-39" owari="372,46.0,166,-33.0,256,6.0,206,-19.0" /></mjloggm>