<mjloggm ver="2.3"><GO type="97" lobby="0"/><UN n0="%74%72%75%73%74%65%72%69" n1="%69%64%67%6F%72%75%66%75" n2="%E5%B0%B1%E6%B4%BB%E7%94%9F%40%E5%B7%9D%E6%9D%91%E8%BB%8D%E5%9B%A3" n3="%6B%6F%2D%73%68%69%72%6F" dan="15,15,13,14" rate="1958.13,1996.48,1912.24,1965.75" sx="M,M,M,M"/><TAIKYOKU oya="0"/><INIT seed="0,0,0,3,1,40" ten="250,250,250,250" oya="0" hai0="107,74,130,3,18,78,56,63,28,105,89,68,55" hai1="110,132,129,131,112,128,90,61,81,133,14,54,24" hai2="120,135,127,13,98,96,21,99,27,124,125,113,97" hai3="108,6,91,7,101,117,20,70,75,44,53,11,93"/><T126/><D3/><U35/><E112/><V31/><F113/><W83/><G117/><T4/><D4/><U25/><E110/><V69/><F120/><W73/><G108/><T33/><D89/><U34/><E81/><V58/><N who="2" m="25088" /><DORA hai="77" /><V82/><F69/><W100/><G70/><T37/><D18/><U86/><E86/><V50/><F135/><N who="1" m="51785" /><E90/><V32/><F58/><W9/><G73/><T84/><D84/><U29/><E61/><V38/><F38/><W80/><G75/><T51/><D37/><U94/><E54/><V123/><F123/><W134/><G134/><T87/><D87/><U12/><E94/><V48/><F82/><N who="3" m="31275" /><G91/><T5/><D78/><U15/><E29/><V26/><F13/><W19/><G93/><T2/><D74/><U8/><E8/><N who="3" m="3146" /><G6/><T67/><D5/><U17/><E17/><AGARI ba="0,0" hai="17,21,26,27,31,32,48,50,124,125,127" m="25088" machi="17" ten="60,2000,0" yaku="18,1" doraHai="40,77" who="2" fromWho="1" sc="250,0,250,-20,250,20,250,0" /><INIT seed="1,0,0,0,3,81" ten="250,230,270,250" oya="1" hai0="78,14,32,22,64,98,85,110,92,20,52,131,72" hai1="97,134,23,128,90,65,48,71,66,120,49,101,18" hai2="115,60,100,96,51,114,75,73,24,125,129,111,54" hai3="86,28,55,113,118,40,76,5,87,17,42,3,35"/><U104/><E120/><V37/><F37/><W46/><G113/><N who="2" m="43017" /><F111/><W31/><G118/><T36/><D32/><U1/><E1/><V27/><F125/><W70/><G70/><T8/><D72/><N who="2" m="27722" /><F60/><W102/><G102/><T45/><D110/><U47/><E134/><V56/><F129/><W67/><G67/><T26/><D64/><U58/><E128/><V2/><F2/><W21/><G76/><T123/><D36/><U109/><E109/><V11/><F11/><W126/><G126/><T0/><D0/><U82/><E71/><V121/><F121/><W132/><G132/><T122/><D131/><U29/><E29/><N who="3" m="11338" /><G35/><T53/><D26/><U89/><E49/><V68/><F68/><W119/><G119/><T33/><D33/><U41/><E58/><V4/><F4/><W9/><G9/><T16/><D123/><U30/><E30/><V79/><F79/><W99/><G5/><T83/><D122/><U95/><E82/><V93/><AGARI ba="0,0" hai="24,27,51,54,56,93,96,100" m="27722,43017" machi="93" ten="30,1100,0" yaku="11,1" doraHai="81" who="2" fromWho="2" sc="250,-3,230,-5,270,11,250,-3" /><INIT seed="2,0,0,2,2,26" ten="247,225,281,247" oya="2" hai0="3,86,55,124,68,28,121,85,30,52,57,126,44" hai1="96,78,32,118,47,37,7,43,120,123,17,24,92" hai2="115,98,101,35,50,130,81,127,73,48,31,77,134" hai3="116,29,66,105,114,40,15,83,23,94,12,16,119"/><V132/><F115/><W109/><G105/><T135/><D44/><U33/><E118/><N who="3" m="45098" /><G94/><T46/><D46/><U62/><E78/><V128/><F35/><W69/><G83/><T112/><D112/><U9/><E62/><V103/><F31/><N who="0" m="11818" /><D68/><U45/><E47/><V108/><F108/><W71/><G114/><T2/><D121/><N who="1" m="46667" /><E17/><V74/><F74/><W131/><G40/><T4/><D4/><U18/><E18/><V39/><F39/><W117/><G66/><T110/><D110/><U54/><E24/><V27/><F27/><N who="3" m="16639" /><G69/><T49/><D135/><N who="2" m="51754" /><F127/><N who="0" m="48682" /><D55/><U14/><E54/><V67/><F67/><W97/><G71/><T61/><D61/><U10/><E9/><V99/><F48/><W84/><G109/><T19/><D19/><U113/><E113/><V6/><F50/><W89/><G16/><T11/><D11/><U34/><E34/><V53/><F53/><W63/><G63/><T88/><D86/><U79/><E79/><V5/><F5/><W122/><G84/><T91/><D91/><AGARI ba="0,0" hai="7,10,14,32,33,37,43,45,91,92,96" m="46667" machi="91" ten="30,1000,0" yaku="13,1" doraHai="26" who="1" fromWho="0" sc="247,-10,225,10,281,0,247,0" /><INIT seed="3,0,0,3,0,95" ten="237,235,281,247" oya="3" hai0="86,18,7,44,58,37,32,27,29,45,66,88,5" hai1="47,114,130,126,41,98,94,82,68,134,10,30,91" hai2="22,127,84,46,77,120,102,13,56,83,55,2,20" hai3="33,60,69,78,89,40,119,70,79,8,93,72,50"/><W121/><G119/><T100/><D18/><U128/><E114/><V49/><F2/><W65/><G121/><T73/><D73/><U59/><E68/><V116/><F120/><W21/><G33/><T118/><D118/><U53/><E126/><V48/><F116/><W57/><G72/><T106/><D66/><U113/><E113/><V67/><F127/><W38/><G69/><T111/><D58/><U75/><E134/><V36/><F36/><W135/><G135/><T110/><D7/><U31/><E10/><V115/><F115/><W101/><G101/><T52/><D5/><U132/><E132/><V28/><F102/><W17/><G8/><T9/><D9/><U15/><E15/><V87/><F67/><W107/><G107/><T11/><D11/><U43/><E43/><V74/><F22/><W117/><G117/><T39/><D39/><N who="1" m="21951" /><E82/><V104/><F104/><W99/><G38/><T76/><D76/><U103/><E75/><V81/><F81/><W34/><G34/><T96/><D45/><U24/><E91/><V63/><F63/><W6/><G6/><T62/><D62/><N who="1" m="36207" /><E24/><V90/><F90/><W122/><G122/><T23/><D32/><U1/><E1/><V124/><F124/><W0/><G0/><T105/><D105/><U3/><E3/><V133/><F133/><W108/><G108/><T80/><REACH who="0" step="1"/><D37/><REACH who="0" ten="227,235,281,247" step="2"/><U71/><E71/><V51/><F74/><W19/><G19/><T125/><D125/><U61/><E61/><V92/><F77/><W85/><G70/><T35/><D35/><U123/><E123/><V129/><F28/><AGARI ba="0,1" hai="28,30,31,94,98,103,128,130" m="36207,21951" machi="28" ten="30,2000,0" yaku="6,1,52,1" doraHai="95" who="1" fromWho="2" sc="227,0,235,30,281,-20,247,0" /><INIT seed="4,0,0,5,2,54" ten="227,265,261,247" oya="0" hai0="23,49,43,36,102,72,95,88,76,66,55,101,85" hai1="105,57,75,68,77,84,31,114,47,120,69,11,52" hai2="34,15,128,61,94,21,18,26,134,99,129,98,121" hai3="131,70,119,29,39,83,110,97,89,27,118,109,44"/><T12/><D66/><U5/><E120/><V51/><F121/><W24/><G70/><T64/><D64/><U59/><E114/><V16/><F134/><W125/><G131/><N who="2" m="50249" /><F34/><W35/><G125/><T130/><D130/><U8/><E105/><V115/><F115/><W22/><G39/><T71/><D71/><U45/><E75/><V13/><F61/><W42/><G83/><N who="0" m="45447" /><D43/><U20/><E68/><V58/><F18/><W28/><G89/><T63/><D63/><N who="1" m="36263" /><E69/><V14/><F94/><W60/><G97/><T62/><D62/><U126/><E59/><V4/><F4/><W0/><G60/><T112/><D112/><U133/><E133/><V10/><F10/><N who="1" m="3625" /><E5/><V6/><F6/><W46/><G0/><T116/><D36/><U124/><E77/><V113/><F113/><W82/><G42/><T86/><D116/><U92/><E124/><V65/><F65/><W122/><G82/><T7/><D7/><U81/><E126/><V108/><F108/><W78/><G78/><T106/><D106/><U80/><E92/><V79/><F79/><W73/><G73/><T33/><D33/><U40/><E84/><V123/><F123/><W17/><G122/><T87/><D87/><U50/><E45/><V132/><F132/><W90/><G46/><N who="0" m="28087" /><D85/><U111/><E111/><N who="3" m="42506" /><G44/><T56/><D56/><U107/><E107/><V38/><F38/><W25/><G90/><T93/><D93/><U117/><E117/><V100/><F58/><W9/><G9/><T96/><D86/><U3/><E3/><V32/><F32/><AGARI ba="0,0" hai="17,22,24,25,27,28,29,32,35,118,119" m="42506" machi="32" ten="30,2000,0" yaku="34,2" doraHai="54" who="3" fromWho="2" sc="227,0,265,0,261,-20,247,20" /><INIT seed="5,0,0,5,5,115" ten="227,265,241,267" oya="1" hai0="134,25,30,62,71,35,42,101,94,93,18,51,110" hai1="37,4,96,104,95,125,97,98,83,59,69,105,22" hai2="0,10,100,86,124,20,29,16,63,131,5,36,24" hai3="102,33,23,17,2,74,117,128,34,111,21,64,55"/><U31/><E37/><V106/><F36/><W121/><G74/><T88/><D110/><U53/><E69/><V68/><F124/><W126/><G102/><T12/><D134/><U75/><E125/><V39/><F39/><W120/><G64/><T84/><D42/><U8/><E75/><V6/><F131/><W114/><G55/><T122/><D122/><N who="3" m="47209" /><G126/><T129/><D129/><U26/><E83/><V90/><F6/><W45/><G45/><T44/><D101/><U91/><E104/><V73/><F73/><W40/><G40/><T27/><D94/><U48/><REACH who="1" step="1"/><E105/><REACH who="1" ten="227,255,241,267" step="2"/><V109/><F106/><W57/><G114/><T130/><D130/><U3/><AGARI ba="0,1" hai="3,4,8,22,26,31,48,53,59,91,95,96,97,98" machi="3" ten="20,7800,0" yaku="1,1,2,1,0,1,7,1,53,0" doraHai="115" doraHaiUra="132" who="1" fromWho="1" sc="227,-26,255,88,241,-26,267,-26" owari="201,-30.0,343,44.0,215,-18.0,241,4.0" /></mjloggm>