<mjloggm ver="2.3"><GO type="41" lobby="0"/><UN n0="%E3%81%93%E3%82%8C%E3%81%AF%EF%BD%97%EF%BD%97%EF%BD%97" n1="%73%61%63%75%72%61" n2="%E5%B0%B1%E6%B4%BB%E7%94%9F%40%E5%B7%9D%E6%9D%91%E8%BB%8D%E5%9B%A3" n3="%65%6D%69%79%61%3F%3F" dan="16,14,15,13" rate="2042.49,1881.34,1963.46,1900.81" sx="M,F,M,M"/><TAIKYOKU oya="0"/><INIT seed="0,0,0,1,5,9" ten="250,250,250,250" oya="0" hai0="6,65,32,53,114,33,76,28,120,39,122,81,23" hai1="113,34,2,57,92,29,77,95,128,15,62,41,96" hai2="58,22,61,3,55,25,82,43,87,0,106,42,104" hai3="30,125,21,64,14,88,105,83,127,131,86,40,8"/><T117/><D117/><U70/><E2/><V47/><F3/><W54/><G105/><T115/><D39/><U119/><E119/><V59/><F0/><W1/><G1/><T71/><D6/><U11/><E70/><V126/><F126/><N who="3" m="48139" /><G131/><T24/><D53/><U31/><E128/><V13/><F104/><W94/><G64/><T134/><D134/><U26/><E29/><V99/><F106/><W80/><G40/><T109/><D109/><U17/><E113/><V90/><F99/><W46/><G21/><T68/><D68/><U52/><E77/><V18/><F47/><W12/><G30/><T93/><D93/><U116/><E116/><V129/><F129/><W101/><G101/><T67/><D67/><U79/><E79/><V108/><F108/><W102/><G102/><T103/><D103/><U111/><E111/><V74/><F74/><W110/><G110/><T48/><D48/><U45/><REACH who="1" step="1"/><E96/><REACH who="1" ten="250,240,250,250" step="2"/><V121/><F121/><W98/><G98/><T75/><D114/><U123/><E123/><V10/><REACH who="2" step="1"/><F59/><REACH who="2" ten="250,240,240,250" step="2"/><W36/><G36/><AGARI ba="0,2" hai="11,15,17,26,31,34,36,41,45,52,57,62,92,95" machi="36" ten="30,7700,0" yaku="1,1,7,1,52,1,54,1,53,0" doraHai="9" doraHaiUra="135" who="1" fromWho="3" sc="250,0,240,97,240,0,250,-77" /><INIT seed="1,0,0,4,5,76" ten="250,337,240,173" oya="1" hai0="95,5,79,113,135,85,12,4,71,90,104,118,3" hai1="114,92,100,80,127,32,64,14,99,132,105,119,18" hai2="75,6,39,70,112,55,103,122,133,11,96,62,131" hai3="97,44,126,66,52,45,117,36,9,101,35,94,28"/><U88/><E32/><V86/><F75/><W57/><G117/><T110/><D113/><U15/><E119/><V56/><F39/><W81/><G126/><T24/><D118/><U77/><E114/><V106/><F112/><W48/><G36/><T61/><D104/><U19/><E127/><V91/><F122/><W74/><G9/><T93/><D3/><U67/><E132/><V125/><F133/><W59/><G35/><T26/><D110/><U60/><E15/><V40/><F125/><W25/><G25/><T47/><D79/><U89/><E89/><V111/><F111/><W84/><G74/><T31/><D26/><U20/><E19/><V34/><F131/><W121/><G28/><T0/><D0/><U27/><E14/><V46/><F34/><W128/><G128/><T58/><D71/><U10/><E10/><V13/><F70/><W102/><G102/><T123/><D12/><U33/><E33/><V73/><F73/><W87/><G87/><T38/><D95/><U130/><E130/><V41/><REACH who="2" step="1"/><F46/><REACH who="2" ten="250,337,230,173" step="2"/><W49/><G121/><T120/><D47/><U1/><E1/><V21/><F21/><W83/><G66/><T7/><D135/><U82/><E67/><V129/><F129/><W107/><G107/><T17/><D123/><U109/><E109/><V22/><F22/><W8/><G8/><T51/><D120/><U124/><E124/><V16/><F16/><W43/><G84/><T37/><D17/><U50/><E50/><V78/><F78/><W63/><G45/><T72/><D38/><U68/><E77/><V29/><F29/><RYUUKYOKU ba="0,1" sc="250,-30,337,10,230,10,173,10" hai1="18,20,27,60,64,68,80,82,88,92,99,100,105" hai2="6,11,13,40,41,55,56,62,86,91,96,103,106" hai3="43,44,48,49,52,57,59,63,81,83,94,97,101" /><INIT seed="1,1,1,5,0,50" ten="220,347,240,183" oya="1" hai0="129,66,82,37,48,34,92,67,15,130,75,2,110" hai1="61,78,114,20,58,26,5,63,16,33,102,64,41" hai2="4,109,24,81,79,51,80,46,111,91,133,28,44" hai3="53,39,17,119,57,131,19,18,27,118,89,36,8"/><U90/><E114/><V38/><F133/><W62/><G131/><N who="0" m="50187" /><D37/><N who="3" m="14409" /><G89/><T23/><D34/><U1/><E41/><N who="2" m="22583" /><F4/><W113/><G113/><T71/><D2/><U40/><E40/><N who="2" m="25031" /><F91/><W9/><G27/><T94/><D110/><N who="2" m="41994" /><F79/><W68/><G68/><T95/><D71/><U105/><E78/><V55/><F55/><W99/><G99/><T65/><D75/><U69/><E90/><V47/><F47/><W86/><G86/><T6/><D82/><U70/><E5/><V107/><F107/><W35/><G35/><AGARI ba="1,1" hai="24,28,35,80,81" m="41994,25031,22583" machi="35" ten="30,1000,0" yaku="14,1" doraHai="50" who="2" fromWho="3" sc="220,0,347,0,240,23,183,-13" /><INIT seed="2,0,0,4,2,13" ten="220,347,263,170" oya="2" hai0="40,126,76,54,38,26,3,95,27,133,64,63,93" hai1="50,31,82,49,11,61,119,104,83,4,66,67,17" hai2="60,103,105,36,106,131,75,111,53,16,121,51,29" hai3="101,55,120,72,79,132,8,134,12,32,77,20,124"/><V23/><F36/><W127/><G120/><T84/><D3/><U129/><E119/><V71/><F121/><W35/><G72/><T102/><D133/><N who="3" m="51305" /><G55/><T59/><D126/><N who="3" m="48169" /><G101/><T28/><D38/><U117/><E117/><V37/><F131/><W118/><G118/><T135/><D135/><U110/><E104/><V114/><F75/><W42/><G42/><T44/><D102/><U48/><E129/><V73/><F73/><W68/><G68/><T5/><D5/><U90/><E110/><V47/><F114/><W34/><G77/><T52/><D40/><U21/><E31/><V78/><F78/><W80/><G80/><N who="0" m="47111" /><D28/><U97/><E82/><V18/><F37/><W89/><G89/><T14/><D95/><U43/><E43/><V112/><F112/><W81/><G81/><T2/><D93/><U33/><E33/><V58/><F71/><W41/><G41/><T39/><D39/><U74/><E74/><V123/><F123/><W46/><G46/><T96/><D96/><U69/><E67/><V9/><F103/><W115/><G79/><T109/><D109/><U62/><E62/><V30/><F106/><W122/><G122/><T128/><D44/><U45/><E45/><V87/><F105/><W65/><G65/><T108/><D108/><U98/><E90/><V57/><F111/><W6/><G115/><T92/><D92/><U15/><REACH who="1" step="1"/><E83/><REACH who="1" ten="220,337,263,170" step="2"/><V19/><F60/><W86/><G86/><T88/><D88/><U70/><E70/><V85/><F85/><W0/><G20/><T25/><D63/><U10/><E10/><V116/><F87/><RYUUKYOKU ba="0,1" sc="220,-15,337,15,263,-15,170,15" hai1="4,11,15,17,21,48,49,50,61,66,69,97,98" hai3="0,6,8,12,32,34,35" /><INIT seed="3,1,1,5,3,0" ten="205,352,248,185" oya="3" hai0="41,61,116,124,9,35,114,52,110,5,51,94,87" hai1="64,28,15,65,14,90,96,130,68,75,74,73,101" hai2="24,83,60,2,108,77,117,127,121,29,119,36,133" hai3="31,55,100,66,26,70,18,19,80,45,115,98,67"/><W113/><G70/><T49/><D116/><U46/><E130/><V58/><F36/><W102/><G113/><T129/><D35/><U27/><E90/><V11/><F121/><W63/><G115/><T25/><D114/><U104/><E46/><V106/><F106/><W107/><G100/><T47/><D129/><U23/><E64/><V43/><F127/><W33/><G80/><T34/><D110/><U84/><E84/><V99/><F133/><W126/><G126/><T97/><D124/><U54/><E54/><V32/><F43/><W13/><G45/><T8/><D8/><U135/><E135/><V3/><F108/><W72/><G72/><T7/><D34/><U125/><E125/><V85/><F99/><W93/><G93/><T78/><D9/><U17/><E14/><V103/><F103/><W71/><G67/><T20/><D61/><U22/><REACH who="1" step="1"/><E65/><REACH who="1" ten="205,342,248,185" step="2"/><V81/><F117/><W48/><G55/><T42/><D87/><U118/><E118/><V10/><F119/><W12/><G48/><T62/><D78/><U40/><E40/><N who="0" m="15465" /><D51/><U1/><E1/><V89/><F2/><W112/><G112/><T86/><D86/><U92/><E92/><V76/><F3/><W122/><G122/><T128/><D128/><U38/><E38/><V57/><F89/><W16/><AGARI ba="1,2" hai="12,13,16,18,19,26,31,33,63,66,71,98,102,107" machi="16" ten="30,11700,0" yaku="0,1,25,2,54,1" doraHai="0" who="3" fromWho="3" sc="205,-40,342,-40,248,-40,185,140" /><INIT seed="3,2,0,5,2,108" ten="165,302,208,325" oya="3" hai0="81,34,10,133,91,82,49,22,67,38,74,20,90" hai1="30,62,77,122,128,109,12,80,134,100,88,75,24" hai2="59,70,131,43,55,68,31,84,85,121,29,65,6" hai3="16,2,102,135,124,42,28,5,25,92,14,19,0"/><W53/><G135/><T94/><D34/><U23/><E122/><V129/><F121/><W50/><G124/><T125/><D38/><U3/><E109/><V86/><F43/><W15/><G42/><T132/><D125/><U4/><E134/><N who="0" m="51817" /><D67/><U103/><E128/><N who="2" m="49227" /><F6/><W17/><G92/><T117/><D117/><U106/><E106/><V98/><F98/><W78/><G102/><T56/><D10/><U1/><E1/><N who="3" m="618" /><G78/><N who="0" m="44247" /><D82/><U44/><E62/><N who="2" m="39991" /><F70/><W105/><G105/><T57/><D91/><U83/><E44/><V116/><F116/><W115/><G53/><N who="0" m="31791" /><D57/><U36/><E36/><V127/><F127/><W126/><G50/><AGARI ba="2,0" hai="29,31,50,55,59,84,85,86" m="39991,49227" machi="50" ten="30,1000,0" yaku="19,1" doraHai="108" who="2" fromWho="3" sc="165,0,302,0,208,16,325,-16" /><INIT seed="4,0,0,3,4,127" ten="165,302,224,309" oya="0" hai0="105,48,67,73,54,7,40,107,31,38,16,126,3" hai1="128,124,86,132,69,74,122,9,76,119,56,41,130" hai2="17,5,29,25,110,65,133,57,6,108,134,70,111" hai3="11,2,103,98,118,96,64,58,24,82,35,131,85"/><T106/><D31/><U89/><E9/><V26/><F70/><W87/><G118/><T27/><D126/><U121/><E41/><V125/><F65/><W66/><G58/><T77/><D67/><U19/><E19/><V100/><F100/><W45/><G45/><T120/><D120/><N who="1" m="46187" /><E56/><V104/><F104/><W68/><G68/><T28/><D40/><U37/><E69/><V22/><F57/><W75/><G75/><T80/><D38/><U135/><E37/><V72/><F72/><W49/><G49/><T55/><D7/><N who="2" m="2570" /><F125/><W115/><G115/><T14/><D3/><U42/><E42/><V93/><F93/><W63/><G63/><T4/><D4/><U61/><E61/><V34/><AGARI ba="0,0" hai="17,22,25,26,29,34,108,110,111,133,134" m="2570" machi="34" ten="40,2700,0" yaku="34,2" doraHai="127" who="2" fromWho="2" sc="165,-13,302,-7,224,27,309,-7" /><INIT seed="5,0,0,0,0,67" ten="152,295,251,302" oya="1" hai0="45,76,131,22,15,5,60,19,127,70,0,24,80" hai1="73,13,91,64,65,124,92,34,123,30,115,59,6" hai2="78,28,96,99,51,18,49,23,27,14,120,48,102" hai3="98,4,110,16,43,86,84,69,10,105,42,9,114"/><U63/><E123/><V50/><F120/><W52/><G114/><T122/><D131/><U7/><E73/><V126/><F126/><W3/><G110/><T117/><D127/><U75/><E124/><V119/><F119/><W58/><G69/><T32/><D117/><U53/><E75/><V35/><F78/><W111/><G111/><T103/><D122/><U29/><E115/><V135/><F135/><W11/><G105/><T12/><D103/><U66/><E34/><V33/><N who="2" m="12800" /><DORA hai="56" /><V87/><F87/><N who="3" m="33323" /><G3/><T41/><D32/><U77/><E77/><V100/><REACH who="2" step="1"/><F35/><REACH who="2" ten="152,295,241,302" step="2"/><W31/><G4/><T26/><D5/><U89/><E6/><V55/><F55/><W121/><G121/><T36/><D0/><U47/><E47/><V85/><F85/><W71/><G98/><AGARI ba="0,1" hai="14,18,23,27,28,33,96,98,99,100,102" m="12800" machi="98" ten="50,1600,0" yaku="1,1,53,0" doraHai="67,56" doraHaiUra="132,125" who="2" fromWho="3" sc="152,0,295,0,241,26,302,-16" /><INIT seed="6,0,0,2,3,78" ten="152,295,267,286" oya="2" hai0="50,101,132,83,115,2,37,22,99,24,93,90,5" hai1="73,32,49,111,26,97,65,76,122,55,12,30,82" hai2="100,0,44,88,68,9,64,131,75,114,110,25,34" hai3="121,33,118,46,62,19,112,16,72,109,98,27,120"/><V17/><F75/><W89/><G118/><T123/><D115/><U11/><E111/><V113/><F100/><W91/><G112/><N who="2" m="43113" /><F110/><W58/><G109/><T15/><D132/><U35/><E122/><V135/><F135/><W77/><G46/><T54/><D123/><U94/><E65/><V129/><F44/><W125/><G125/><T102/><D37/><U130/><E130/><N who="2" m="49675" /><F64/><W28/><G120/><T53/><D2/><U59/><E35/><V66/><F66/><W124/><G121/><T51/><D5/><U14/><REACH who="1" step="1"/><E11/><REACH who="1" ten="152,285,267,286" step="2"/><V38/><F68/><W134/><G134/><T13/><D102/><AGARI ba="0,1" hai="12,14,26,30,32,49,55,59,73,76,82,94,97,102" machi="102" ten="30,7700,0" yaku="1,1,2,1,7,1,52,1,53,0" doraHai="78" doraHaiUra="42" who="1" fromWho="0" sc="152,-77,285,87,267,0,286,0" /><INIT seed="7,0,0,0,2,92" ten="75,372,267,286" oya="3" hai0="39,89,19,44,18,30,102,84,117,24,75,62,86" hai1="77,40,4,55,33,20,15,31,51,94,109,29,56" hai2="95,93,36,121,74,118,34,135,100,48,96,21,71" hai3="124,85,76,115,78,32,65,70,9,22,67,104,66"/><W87/><G104/><T110/><D110/><U82/><E109/><V2/><F36/><W83/><G32/><T72/><D117/><U123/><E123/><V42/><F34/><W43/><G115/><T11/><D102/><U3/><E3/><V46/><F2/><W10/><G124/><T120/><D120/><U26/><E33/><V122/><F74/><W105/><G105/><T61/><D86/><N who="3" m="32777" /><G70/><T1/><D19/><U81/><E31/><V27/><F71/><W116/><G116/><T112/><D112/><U113/><E113/><V130/><F118/><W63/><G43/><T23/><D61/><U99/><E77/><N who="3" m="29802" /><G63/><T8/><D8/><N who="3" m="3177" /><G22/><T79/><D79/><U38/><E40/><V49/><F122/><W59/><G59/><T52/><D39/><U126/><E38/><V64/><F121/><W132/><G132/><T90/><D90/><N who="1" m="55767" /><E126/><V13/><F135/><W60/><G60/><T54/><D54/><U12/><E4/><V103/><F130/><W50/><G50/><T14/><D1/><U98/><E98/><V114/><F114/><W134/><G134/><T88/><D89/><U6/><E6/><V73/><F73/><W125/><G125/><T108/><D108/><U101/><E101/><V129/><F129/><W127/><G127/><T106/><D106/><U91/><E91/><V41/><F64/><W28/><G28/><T53/><D53/><U107/><E107/><V80/><F80/><AGARI ba="0,0" hai="65,66,67,80,83" m="3177,29802,32777" machi="80" ten="40,7700,0" yaku="28,2,8,1" doraHai="92" who="3" fromWho="2" sc="75,0,372,0,267,-77,286,77" /><AGARI ba="0,0" hai="12,15,20,26,29,51,55,56,80,81,82" m="55767" machi="80" ten="30,2000,0" yaku="8,1,52,1" doraHai="92" who="1" fromWho="2" sc="75,0,372,20,190,-20,363,0" /><INIT seed="7,1,0,1,4,83" ten="75,392,170,363" oya="3" hai0="40,14,99,23,9,121,75,124,77,33,113,70,90" hai1="73,71,28,27,5,98,114,109,31,82,0,66,50" hai2="62,110,11,93,38,104,1,118,84,8,53,59,131" hai3="100,45,29,18,35,55,56,132,115,17,22,49,21"/><W30/><G115/><T88/><D121/><U135/><E109/><V120/><F104/><W41/><G132/><T89/><D33/><U127/><E135/><V112/><F118/><W47/><G35/><T103/><D124/><U117/><E127/><V24/><F84/><W95/><G95/><T44/><D70/><U52/><E114/><V92/><F11/><W54/><G100/><T96/><D113/><U134/><E134/><V94/><F24/><W13/><G45/><T101/><D23/><U42/><E117/><V102/><F8/><W48/><G55/><T87/><D75/><U12/><E98/><V39/><F102/><W3/><G3/><T19/><D103/><U15/><E31/><V6/><F6/><W61/><G61/><T74/><D74/><U34/><E42/><V108/><F59/><W125/><G125/><T32/><D32/><U97/><E0/><V2/><F53/><W107/><G107/><T86/><D77/><U69/><E97/><N who="0" m="37449" /><D101/><U37/><E37/><V26/><F62/><W7/><G7/><T60/><D60/><U67/><E5/><V123/><F112/><W122/><G122/><N who="2" m="46633" /><F26/><AGARI ba="1,0" hai="13,17,18,21,22,26,29,30,41,47,48,49,54,56" machi="26" ten="30,2900,0" yaku="7,1,8,1" doraHai="83" who="3" fromWho="2" sc="75,0,392,0,170,-32,363,32" owari="75,-42.0,392,19.0,138,-26.0,395,49.0" /></mjloggm>