<mjloggm ver="2.3"><GO type="97" lobby="0"/><UN n0="%E3%83%9F%E3%83%AB%E3%82%B3%E3%82%AF%E3%83%AD%E3%82%B3%E3%83%83%E3%83%97" n1="%E3%82%A6%E3%83%AB%E3%83%88%E3%83%A9%E7%AB%8B%E7%9B%B4" n2="%E7%B5%82%E6%97%A5%E5%96%AB%E7%85%99" n3="%69%2E%6E%2E%67%6F%64%76" dan="13,14,14,13" rate="1998.99,1946.59,1951.55,1876.31" sx="M,M,M,M"/><TAIKYOKU oya="0"/><INIT seed="0,0,0,3,5,97" ten="250,250,250,250" oya="0" hai0="104,82,117,102,6,23,116,27,127,69,99,133,22" hai1="0,125,65,52,83,64,103,51,61,79,118,60,131" hai2="18,71,50,53,1,101,12,86,100,30,91,126,122" hai3="85,77,20,95,44,24,55,70,11,29,66,41,33"/><T26/><D69/><U129/><E0/><V115/><F122/><W119/><G119/><T45/><D127/><U105/><E118/><V80/><F115/><W39/><G33/><T90/><D6/><U98/><E125/><V72/><F126/><W17/><G70/><T135/><D45/><U96/><E96/><V128/><F1/><W110/><G110/><T112/><D112/><U113/><E113/><V47/><F128/><N who="1" m="49225" /><E64/><V48/><F71/><W35/><G66/><T21/><D116/><U62/><E65/><V111/><F111/><W15/><G55/><T56/><D56/><N who="1" m="32799" /><E60/><V87/><F30/><W78/><G35/><T9/><D9/><U84/><AGARI ba="0,0" hai="61,62,79,83,84,98,103,105" m="32799,49225" machi="84" ten="30,4000,0" yaku="19,1,52,1,54,1" doraHai="97" who="1" fromWho="1" sc="250,-20,250,40,250,-10,250,-10" /><INIT seed="1,0,0,0,3,8" ten="230,290,240,240" oya="1" hai0="69,46,77,132,25,18,28,96,11,74,121,91,68" hai1="114,81,101,84,86,133,67,131,21,118,49,79,112" hai2="38,92,13,17,102,22,78,61,47,82,89,26,15" hai3="59,63,83,12,0,117,130,42,27,106,6,135,122"/><U51/><E118/><V45/><F102/><W110/><G110/><T14/><D132/><U58/><E133/><V2/><F2/><W75/><G135/><T23/><D121/><U66/><E131/><V97/><F61/><W37/><G122/><T120/><D120/><U126/><E126/><V4/><F4/><W124/><G124/><T41/><D77/><U24/><E101/><V33/><F33/><W36/><G130/><T115/><D74/><U70/><E70/><V10/><F10/><W129/><G106/><T9/><D115/><U95/><E114/><V111/><F111/><W107/><G107/><T32/><D96/><U62/><E112/><V29/><F29/><W55/><G0/><T88/><D11/><U19/><E67/><V99/><F99/><W44/><G36/><T98/><D32/><U65/><E65/><V34/><F34/><W100/><G37/><T127/><D127/><U87/><E95/><V57/><F57/><W1/><G75/><T53/><D53/><U72/><AGARI ba="0,0" hai="19,21,24,49,51,58,62,66,72,79,81,84,86,87" machi="72" ten="30,1500,0" yaku="0,1" doraHai="8" who="1" fromWho="1" sc="230,-5,290,15,240,-5,240,-5" /><INIT seed="1,1,0,3,5,93" ten="225,305,235,235" oya="1" hai0="98,25,51,128,63,65,76,2,53,22,67,24,97" hai1="71,7,109,113,21,116,78,11,103,123,40,46,82" hai2="9,135,80,0,56,120,127,39,111,50,49,105,52" hai3="77,122,95,117,87,38,124,42,70,104,125,90,86"/><U30/><E71/><V44/><F105/><W23/><G70/><T66/><D128/><U26/><E123/><V17/><F120/><W1/><G1/><T10/><D76/><U3/><E116/><V5/><F127/><W108/><G42/><T81/><D81/><U33/><E113/><V27/><F135/><W115/><G38/><T54/><D2/><U112/><E112/><V73/><F111/><W59/><G59/><N who="0" m="35311" /><D10/><U15/><E109/><V57/><F39/><W13/><G108/><T45/><D25/><U18/><E103/><V84/><F73/><W133/><G115/><T92/><D92/><U12/><E12/><V19/><F27/><W83/><G122/><T43/><D43/><U61/><BYE who="0" /><E61/><V68/><F68/><W20/><G133/><T41/><D41/><U132/><E132/><UN n0="%E3%83%9F%E3%83%AB%E3%82%B3%E3%82%AF%E3%83%AD%E3%82%B3%E3%83%83%E3%83%97" /><V4/><F4/><W55/><G117/><T75/><D75/><U69/><E69/><V29/><F29/><AGARI ba="1,0" hai="22,24,29,45,51,54,65,66,67,97,98" m="35311" machi="29" ten="30,3900,0" yaku="8,1,52,2" doraHai="93" who="0" fromWho="2" sc="225,42,305,0,235,-42,235,0" /><INIT seed="2,0,0,1,2,127" ten="267,305,193,235" oya="2" hai0="132,20,92,91,102,97,85,55,8,74,46,24,129" hai1="31,112,30,58,64,4,131,17,7,73,82,21,67" hai2="133,29,15,60,126,68,122,70,44,23,39,2,89" hai3="135,117,25,120,12,130,22,47,52,87,19,45,111"/><V110/><F2/><W98/><G111/><T56/><D74/><U49/><E73/><V59/><F122/><W103/><G117/><T95/><D132/><U99/><E112/><V53/><F133/><W71/><G120/><T10/><D129/><U1/><E1/><V84/><F126/><W63/><G135/><T76/><D76/><U36/><E36/><V134/><F134/><W81/><G130/><T113/><D46/><U42/><E131/><V79/><F79/><W86/><G71/><T75/><D75/><U83/><E99/><V33/><F33/><W27/><G87/><T41/><D41/><U94/><E94/><V69/><F110/><W13/><G13/><T106/><D106/><U104/><E104/><V48/><F39/><W90/><G98/><T28/><REACH who="0" step="1"/><D113/><REACH who="0" ten="257,305,193,235" step="2"/><U61/><E42/><V124/><F124/><W65/><G45/><T6/><D6/><U54/><E7/><V57/><F60/><AGARI ba="0,1" hai="8,10,20,24,28,55,56,60,85,91,92,95,97,102" machi="60" ten="30,3900,0" yaku="1,1,7,1,8,1,53,0" doraHai="127" doraHaiUra="105" who="0" fromWho="2" sc="257,49,305,0,193,-39,235,0" /><INIT seed="3,0,0,1,5,62" ten="306,305,154,235" oya="3" hai0="14,70,11,47,118,56,128,46,49,100,9,116,73" hai1="125,123,48,105,69,38,58,111,57,17,24,33,117" hai2="25,89,15,88,107,126,80,134,119,5,108,50,37" hai3="23,60,115,122,51,3,2,32,86,7,81,106,113"/><W66/><G122/><T59/><D73/><U35/><E69/><V39/><F119/><W120/><G120/><T79/><D70/><U34/><E38/><V109/><F107/><W36/><G106/><T53/><D79/><U90/><E105/><V64/><F25/><W78/><G36/><N who="2" m="13897" /><F50/><W55/><G32/><T101/><D128/><U94/><E123/><V77/><F134/><W114/><G114/><T83/><D83/><U75/><E75/><N who="2" m="43071" /><F5/><W42/><G42/><T127/><D118/><U0/><E0/><V130/><F15/><W110/><G110/><N who="2" m="42601" /><F130/><W43/><G43/><T103/><D14/><U19/><E125/><V12/><F12/><W6/><G3/><T44/><D127/><U8/><E117/><V27/><F27/><W41/><G41/><T131/><D131/><U28/><E111/><V96/><F96/><W87/><G2/><T65/><D116/><U1/><E1/><V21/><F21/><W97/><G97/><T121/><D121/><U16/><E8/><V10/><F10/><W30/><G115/><T135/><D135/><U31/><E24/><V54/><F54/><W132/><G132/><T22/><D22/><U61/><E48/><V68/><F126/><W20/><G113/><T91/><D91/><N who="2" m="34890" /><F68/><N who="3" m="42055" /><G30/><N who="1" m="11306" /><E61/><AGARI ba="0,0" hai="9,11,44,46,47,49,53,56,59,61,65,100,101,103" machi="61" ten="40,2600,0" yaku="8,1,52,1" doraHai="62" who="0" fromWho="1" sc="306,26,305,-26,154,0,235,0" owari="332,43.0,279,8.0,154,-35.0,235,-16.0" /></mjloggm>