<mjloggm ver="2.3"><GO type="97" lobby="0"/><UN n0="%6C%61%67%75%6E%61%2E" n1="%E5%8F%8B%47%46%49" n2="%E3%82%A6%E3%83%AB%E3%83%88%E3%83%A9%E7%AB%8B%E7%9B%B4" n3="%74%65%7A%75%74%63%68" dan="14,15,15,15" rate="1938.83,2054.01,2007.35,1984.60" sx="M,M,M,M"/><TAIKYOKU oya="0"/><INIT seed="0,0,0,3,2,2" ten="250,250,250,250" oya="0" hai0="12,36,13,49,105,56,78,112,28,37,66,45,55" hai1="119,10,106,132,17,92,69,34,21,130,0,70,32" hai2="89,18,71,52,4,72,65,116,110,43,74,51,111" hai3="9,44,87,128,129,46,53,33,40,67,35,1,3"/><T125/><D112/><U6/><E106/><V88/><F43/><W83/><G67/><T64/><D105/><U77/><E119/><V60/><F18/><W63/><G9/><T91/><D125/><U76/><E132/><V82/><F116/><W79/><G63/><N who="0" m="37991" /><D37/><U102/><E130/><N who="3" m="50282" /><G53/><T68/><D68/><U59/><E59/><V85/><F89/><W15/><G15/><N who="0" m="5707" /><D78/><U24/><E70/><V115/><F4/><W29/><G44/><T42/><D36/><U62/><E62/><V123/><F123/><W107/><G107/><T81/><D66/><U86/><E69/><V5/><F5/><W98/><G98/><T80/><D28/><U22/><E22/><V122/><F122/><W58/><G58/><T133/><D133/><U134/><E134/><V124/><F124/><W93/><G93/><T16/><D16/><U7/><E7/><V26/><F115/><W104/><G104/><T14/><N who="0" m="5715" /><T127/><DORA hai="108" /><D127/><U95/><E95/><V38/><F38/><N who="3" m="21783" /><G29/><T75/><D75/><U41/><E41/><V100/><F74/><W73/><G73/><T48/><D91/><U94/><E94/><V118/><F72/><W97/><G97/><T126/><D126/><U20/><E102/><V101/><F118/><W50/><G50/><T109/><D109/><N who="2" m="41482" /><F26/><W117/><G117/><T8/><D8/><U120/><E120/><V135/><F135/><W11/><G11/><T96/><D96/><U90/><REACH who="1" step="1"/><E21/><REACH who="1" ten="250,240,250,250" step="2"/><V30/><F101/><W27/><G35/><AGARI ba="0,1" hai="0,6,10,17,20,24,32,34,35,76,77,86,90,92" machi="35" ten="40,5200,0" yaku="1,1,2,1,52,1,53,0" doraHai="2,108" doraHaiUra="47,103" who="1" fromWho="3" sc="250,0,240,62,250,0,250,-52" /><INIT seed="1,0,0,0,1,45" ten="250,302,250,198" oya="1" hai0="131,1,97,76,78,25,70,3,110,72,26,42,134" hai1="117,33,53,14,27,111,11,8,15,18,80,105,50" hai2="0,28,81,5,101,64,83,19,57,10,127,69,84" hai3="93,99,17,98,92,61,86,130,132,55,66,60,49"/><U9/><E117/><V23/><F127/><W46/><G130/><T104/><D110/><U35/><E111/><V16/><F69/><W133/><G17/><T44/><D131/><U38/><E38/><V115/><F115/><W124/><G124/><T30/><D70/><U112/><E112/><V85/><F101/><W4/><G4/><T75/><D134/><N who="3" m="51817" /><G61/><T122/><D122/><U94/><E105/><V62/><F28/><W63/><G63/><T100/><D26/><U77/><E94/><N who="3" m="36458" /><G86/><T48/><D78/><U114/><E114/><V36/><F36/><W116/><G116/><T74/><REACH who="0" step="1"/><D76/><REACH who="0" ten="240,302,250,198" step="2"/><U43/><E27/><V121/><F121/><W29/><G29/><T108/><D108/><U67/><E77/><V107/><F19/><W20/><G20/><AGARI ba="0,1" hai="1,3,20,25,30,42,44,48,72,74,75,97,100,104" machi="20" ten="40,2600,0" yaku="1,1,52,1,53,0" doraHai="45" doraHaiUra="129" who="0" fromWho="3" sc="240,36,302,0,250,0,198,-26" /><INIT seed="2,0,0,4,2,58" ten="276,302,250,172" oya="2" hai0="19,44,61,33,7,39,109,130,9,73,122,37,52" hai1="131,43,23,125,65,62,97,67,25,93,21,18,85" hai2="94,107,11,103,27,4,71,14,35,114,64,17,48" hai3="116,110,24,13,112,74,121,108,113,32,16,96,59"/><V12/><F114/><N who="3" m="44139" /><G74/><T117/><D109/><N who="3" m="42089" /><G96/><T22/><D122/><U115/><E125/><V60/><F94/><W111/><N who="3" m="42097" /><W89/><DORA hai="10" /><G89/><T42/><D130/><U100/><E131/><V57/><F48/><W124/><G124/><T70/><D33/><U82/><E43/><V26/><F57/><W46/><G121/><T36/><D117/><U28/><E62/><V81/><F81/><W6/><G116/><T91/><D73/><U38/><E38/><V5/><F5/><W40/><G59/><T90/><D70/><U133/><E133/><V101/><F101/><W41/><G6/><T135/><D91/><N who="1" m="51639" /><E115/><V15/><F17/><W102/><G102/><T98/><D90/><U54/><E54/><V119/><F119/><W2/><G2/><T8/><D52/><U123/><E123/><V79/><F79/><W30/><G46/><T80/><D44/><U126/><E126/><V76/><F76/><W63/><G63/><T132/><D98/><U129/><E129/><V56/><F56/><W92/><G92/><T0/><D61/><U47/><E47/><V120/><F120/><W86/><G86/><T3/><D3/><U51/><E51/><V1/><REACH who="2" step="1"/><F35/><REACH who="2" ten="276,302,240,172" step="2"/><W45/><G45/><N who="0" m="23751" /><D39/><U88/><E100/><V53/><F53/><W134/><G134/><T72/><D37/><U127/><E127/><V29/><F29/><W78/><G78/><N who="0" m="44103" /><D135/><U105/><E105/><V50/><F50/><W77/><G77/><T118/><D132/><U83/><E83/><V49/><F49/><W128/><G128/><T106/><D118/><U66/><E28/><RYUUKYOKU ba="0,1" sc="276,-30,302,10,240,10,172,10" hai1="18,21,23,25,65,66,67,88,93,97" hai2="1,4,11,12,14,15,26,27,60,64,71,103,107" hai3="13,16,24,30,32,40,41" /><INIT seed="2,1,1,2,5,128" ten="246,312,250,182" oya="2" hai0="85,25,77,57,120,114,75,18,135,62,109,2,42" hai1="39,95,55,99,6,71,33,26,84,12,89,87,51" hai2="70,34,40,65,124,47,118,14,38,127,113,17,36" hai3="13,100,126,133,74,9,64,61,31,59,121,72,0"/><V132/><F34/><W63/><G121/><T21/><D2/><U28/><E39/><N who="2" m="21919" /><F113/><W19/><G126/><N who="2" m="48169" /><F118/><W10/><G31/><T131/><D131/><U129/><E71/><V56/><F17/><W102/><G72/><T115/><D109/><U134/><E129/><V32/><F14/><W46/><G74/><T27/><D42/><U30/><E30/><V103/><F103/><W5/><G46/><T105/><D105/><U94/><E12/><V66/><F32/><W44/><G44/><T112/><D27/><U58/><E6/><V22/><F22/><W88/><G133/><T37/><D135/><U98/><E134/><V20/><F20/><W54/><REACH who="3" step="1"/><G88/><AGARI ba="1,1" hai="26,28,33,51,55,58,84,87,88,89,94,95,98,99" machi="88" ten="30,3900,0" yaku="7,1,9,1,54,1" doraHai="128" who="1" fromWho="3" sc="246,0,312,52,250,0,182,-42" /><INIT seed="3,0,0,3,3,82" ten="246,364,250,140" oya="3" hai0="131,55,89,26,50,111,32,109,13,120,3,74,21" hai1="67,85,62,18,2,133,128,86,8,127,38,81,92" hai2="76,115,103,42,11,41,37,31,10,70,99,68,113" hai3="83,90,53,110,4,20,24,80,45,100,33,66,56"/><W105/><G33/><T118/><D120/><U125/><E38/><V102/><F37/><W29/><G66/><T134/><D3/><U122/><E122/><V98/><F76/><W57/><G110/><N who="0" m="41995" /><D118/><U101/><E133/><V1/><F31/><W135/><G135/><T60/><D74/><U48/><E128/><V129/><REACH who="2" step="1"/><F1/><REACH who="2" ten="246,364,240,140" step="2"/><W63/><G45/><T88/><D134/><U73/><E125/><V71/><F71/><W123/><G123/><T87/><D131/><AGARI ba="0,1" hai="10,11,41,42,68,70,98,99,102,103,113,115,129,131" machi="131" ten="25,8000,1" yaku="1,1,22,2,53,2" doraHai="82" doraHaiUra="96" who="2" fromWho="0" sc="246,-80,364,0,240,90,140,0" owari="166,-23.0,364,46.0,330,13.0,140,-36.0" /></mjloggm>