<mjloggm ver="2.3"><GO type="97" lobby="0"/><UN n0="%E3%81%BE%E3%83%BC%E3%81%94%E3%82%8D%E3%83%BC" n1="%78%78%78%78%78%78" n2="%E5%B0%B1%E6%B4%BB%E7%94%9F%40%E5%B7%9D%E6%9D%91%E8%BB%8D%E5%9B%A3" n3="%E7%8C%AB%E5%85%88%E8%BC%A9" dan="14,13,15,15" rate="1898.67,1867.35,2004.66,2012.02" sx="M,M,M,M"/><TAIKYOKU oya="0"/><INIT seed="0,0,0,1,4,68" ten="250,250,250,250" oya="0" hai0="120,35,16,70,46,75,126,42,19,18,62,66,14" hai1="10,56,28,33,12,3,55,108,40,41,61,49,132" hai2="80,73,53,74,6,119,127,63,93,130,20,94,5" hai3="123,78,67,58,23,77,107,15,36,97,101,64,92"/><T131/><D75/><U47/><E3/><V60/><F119/><W91/><G123/><T99/><D35/><U13/><E132/><V121/><F121/><W69/><G69/><T81/><D120/><U37/><E108/><V71/><F127/><W38/><G67/><T54/><D126/><U32/><E28/><V57/><F130/><W21/><G21/><T0/><D0/><U124/><E124/><V102/><F102/><W117/><G117/><T29/><D29/><U30/><E30/><V118/><F118/><W95/><G107/><T84/><D99/><U135/><E135/><V96/><F96/><W2/><G2/><T8/><D54/><U48/><E12/><V100/><F100/><W122/><G122/><T133/><D133/><U128/><E128/><V72/><F80/><W34/><G34/><T86/><D86/><U129/><E129/><V50/><F20/><W112/><G112/><T83/><D131/><U51/><REACH who="1" step="1"/><E40/><REACH who="1" ten="250,240,250,250" step="2"/><V44/><F5/><AGARI ba="0,1" hai="5,10,13,32,33,37,41,47,48,49,51,55,56,61" machi="5" ten="40,8000,1" yaku="1,1,2,1,52,1,53,1" doraHai="68" doraHaiUra="1" who="1" fromWho="2" sc="250,0,240,90,250,-80,250,0" /><INIT seed="1,0,0,1,4,120" ten="250,330,170,250" oya="1" hai0="59,134,89,42,49,51,11,8,85,20,4,105,36" hai1="52,99,22,109,75,130,0,45,53,127,128,62,108" hai2="83,43,100,24,79,57,102,84,114,5,56,131,103" hai3="21,40,1,10,88,74,33,44,94,35,117,60,70"/><U93/><E0/><V6/><F114/><W77/><G117/><T3/><D105/><U107/><E107/><V66/><F131/><N who="1" m="50217" /><E75/><V121/><F121/><W106/><G106/><T47/><D134/><U104/><E104/><V2/><F2/><W13/><G21/><T90/><D11/><U73/><E73/><V86/><F86/><BYE who="2" /><W32/><G1/><T61/><D20/><UN n2="%E5%B0%B1%E6%B4%BB%E7%94%9F%40%E5%B7%9D%E6%9D%91%E8%BB%8D%E5%9B%A3" /><U17/><E127/><V34/><F43/><W119/><G119/><T9/><D9/><U72/><E72/><V50/><F34/><W126/><G126/><T48/><REACH who="0" step="1"/><D85/><REACH who="0" ten="240,330,170,250" step="2"/><U97/><E97/><V25/><F66/><AGARI ba="0,1" hai="3,4,8,36,42,47,48,49,51,59,61,66,89,90" machi="66" ten="40,2600,0" yaku="1,1,2,1,53,0" doraHai="120" doraHaiUra="96" who="0" fromWho="2" sc="240,36,330,0,170,-26,250,0" /><INIT seed="2,0,0,5,2,82" ten="276,330,144,250" oya="2" hai0="49,100,102,9,85,61,66,77,88,94,45,55,29" hai1="33,40,57,19,1,20,34,44,38,24,56,105,31" hai2="63,99,133,132,53,51,18,122,27,104,60,76,72" hai3="54,119,67,127,90,86,96,93,73,120,50,4,121"/><V59/><F122/><W69/><G119/><T125/><D125/><U42/><E105/><V106/><F72/><W0/><G73/><T131/><D131/><U70/><E70/><V81/><F27/><W26/><G127/><T135/><D135/><N who="2" m="51786" /><F18/><W25/><G4/><T111/><D111/><U15/><E34/><V11/><F11/><W112/><G112/><T62/><D29/><U118/><E118/><V114/><F114/><W7/><G7/><T64/><D77/><U36/><E1/><V65/><F99/><W101/><G0/><T41/><D41/><U130/><E130/><V37/><F37/><W134/><G134/><T68/><REACH who="0" step="1"/><D9/><REACH who="0" ten="266,330,144,250" step="2"/><U21/><E33/><V8/><F8/><W97/><G121/><T78/><D78/><U126/><E126/><V6/><F6/><W108/><G120/><T103/><D103/><U13/><E42/><V35/><F35/><W10/><G10/><T23/><D23/><U14/><E38/><V46/><F63/><W92/><G108/><T109/><D109/><U95/><E21/><V117/><F117/><W71/><G25/><T87/><D87/><U28/><E28/><V110/><F110/><W32/><G26/><T75/><D75/><U22/><E22/><V107/><F76/><W39/><G32/><T52/><D52/><U12/><E31/><V5/><F5/><W30/><G39/><T47/><D47/><U128/><E128/><V3/><F3/><W17/><G30/><T123/><D123/><U48/><E36/><V115/><F115/><W129/><G129/><T80/><D80/><AGARI ba="0,1" hai="46,51,53,59,60,65,80,81,104,106,107" m="51786" machi="80" ten="40,2000,0" yaku="20,1" doraHai="82" who="2" fromWho="0" sc="266,-20,330,0,144,30,250,0" /><INIT seed="2,1,0,3,2,32" ten="246,330,174,250" oya="2" hai0="48,41,80,113,47,56,99,14,98,15,23,94,84" hai1="61,105,0,28,40,108,85,93,126,26,102,54,117" hai2="78,107,112,59,115,12,62,52,19,100,5,60,120" hai3="3,30,49,129,90,44,13,10,24,25,81,45,73"/><V92/><F120/><W17/><G129/><T50/><D113/><U133/><E117/><V9/><F107/><W16/><G3/><T135/><D135/><U74/><E105/><V125/><F125/><W131/><G131/><T72/><D72/><U124/><E74/><V58/><F78/><W46/><G73/><T43/><D99/><U36/><E0/><V37/><F37/><W53/><G17/><T4/><D4/><U118/><E133/><V110/><F110/><W76/><G76/><T104/><D104/><U77/><E108/><V68/><F68/><W101/><G101/><T87/><D87/><U88/><E118/><V42/><F42/><W86/><G25/><T65/><D23/><AGARI ba="1,0" hai="10,13,16,23,24,30,44,45,46,49,53,81,86,90" machi="23" ten="30,8000,1" yaku="7,1,25,2,8,1,54,1" doraHai="32" who="3" fromWho="0" sc="246,-83,330,0,174,0,250,83" /><INIT seed="3,0,0,1,0,53" ten="163,330,174,333" oya="3" hai0="124,132,48,33,1,90,45,27,69,39,36,38,83" hai1="102,131,2,15,13,120,22,86,85,25,96,20,65" hai2="82,115,56,42,28,95,37,110,70,79,111,26,54" hai3="125,68,41,50,64,52,12,119,62,58,112,29,127"/><W8/><G119/><T94/><D1/><U34/><E120/><V80/><F70/><W71/><G29/><T7/><D7/><U122/><E2/><V77/><F115/><W116/><G116/><T14/><D69/><U72/><E72/><N who="2" m="43047" /><F42/><W100/><G100/><T123/><D14/><N who="1" m="5131" /><E34/><N who="2" m="20759" /><F37/><W109/><G112/><T59/><D123/><U43/><E131/><V5/><F5/><W49/><G109/><N who="2" m="41481" /><F95/><W104/><G104/><T78/><D124/><N who="3" m="47689" /><G41/><T126/><D126/><U4/><E43/><V118/><F118/><W114/><G114/><T21/><D33/><U61/><E4/><V11/><F11/><W46/><G50/><T105/><D105/><U51/><E122/><V133/><F133/><W55/><G64/><T88/><D132/><U76/><E51/><N who="2" m="30815" /><F82/><W89/><G89/><T107/><D107/><U103/><E96/><V32/><F79/><W81/><G81/><T113/><D113/><U0/><E0/><V108/><F108/><W60/><G60/><T135/><D135/><U31/><E20/><V129/><F32/><W130/><G130/><AGARI ba="0,0" hai="129,130" m="30815,41481,20759,43047" machi="130" ten="30,2000,0" yaku="14,1,52,1" doraHai="53" who="2" fromWho="3" sc="163,0,330,0,174,20,333,-20" owari="163,-34.0,330,44.0,194,-21.0,313,11.0" /></mjloggm>