<mjloggm ver="2.3"><GO type="97" lobby="0"/><UN n0="%E5%B0%B1%E6%B4%BB%E7%94%9F%40%E5%B7%9D%E6%9D%91%E8%BB%8D%E5%9B%A3" n1="%E7%8C%AB%E5%8F%89%4D%61%73%74%65%72" n2="%E9%AC%BC%E5%8F%A3%E3%81%BE%E3%81%93%E3%81%A8" n3="%E3%81%BD%E3%82%93%E3%81%A0" dan="13,15,15,14" rate="1868.94,2011.70,2015.43,1907.72" sx="M,M,M,M"/><TAIKYOKU oya="0"/><INIT seed="0,0,0,1,2,39" ten="250,250,250,250" oya="0" hai0="69,23,96,26,103,28,120,9,22,32,21,0,99" hai1="29,62,92,80,124,50,117,4,108,78,102,35,52" hai2="127,11,42,38,116,110,48,119,25,66,86,107,76" hai3="46,133,2,49,10,40,45,118,57,77,112,115,113"/><T91/><D69/><U17/><E117/><N who="2" m="45131" /><F107/><W19/><G118/><T8/><D120/><U12/><E124/><V60/><F127/><W130/><G130/><T18/><D0/><U106/><E108/><V126/><F126/><W51/><G133/><T87/><D18/><U55/><E106/><V73/><F25/><W70/><G70/><T59/><D59/><U54/><E4/><V85/><F110/><W6/><G57/><T123/><D123/><U89/><E102/><V83/><F38/><W93/><G93/><T31/><D31/><U43/><E62/><V1/><F1/><W36/><G77/><T61/><D61/><U95/><E29/><V71/><F11/><W37/><G19/><T75/><D75/><U104/><E104/><V41/><F48/><W105/><REACH who="3" step="1"/><G105/><REACH who="3" ten="250,250,250,240" step="2"/><T44/><D44/><N who="1" m="25887" /><E78/><V34/><F34/><W53/><AGARI ba="0,1" hai="2,6,10,36,37,40,45,46,49,51,53,112,113,115" machi="53" ten="30,4000,0" yaku="1,1,0,1,52,1,53,0" doraHai="39" doraHaiUra="100" who="3" fromWho="3" sc="250,-20,250,-10,250,-10,240,50" /><INIT seed="1,0,0,4,3,36" ten="230,240,240,290" oya="1" hai0="98,122,78,47,124,121,82,119,90,11,14,22,106" hai1="117,91,39,30,86,13,75,42,115,130,113,28,16" hai2="64,132,0,110,32,105,72,120,103,20,55,107,127" hai3="5,61,2,97,63,59,45,27,48,71,125,104,41"/><U68/><E117/><V112/><RYUUKYOKU type="yao9" ba="0,0" sc="230,0,240,0,240,0,290,0" hai2="0,20,32,55,64,72,103,105,107,110,112,120,127,132" /><INIT seed="1,1,0,1,4,107" ten="230,240,240,290" oya="1" hai0="77,123,71,121,39,52,98,42,26,1,62,100,70" hai1="37,99,78,38,56,134,118,36,49,97,8,113,0" hai2="86,41,15,85,79,66,33,80,47,119,50,72,31" hai3="13,43,34,94,12,135,74,116,27,16,115,28,22"/><U54/><E118/><V83/><F119/><W35/><G43/><T14/><D1/><U117/><E117/><V108/><F108/><W132/><G74/><T19/><D77/><U60/><E113/><V82/><F66/><W95/><G116/><T122/><D26/><U69/><E134/><N who="3" m="51242" /><G115/><T114/><D114/><U23/><E78/><V9/><F33/><N who="3" m="20639" /><G95/><N who="0" m="58463" /><D42/><U63/><E23/><V96/><F31/><W105/><G105/><T126/><D126/><U51/><E51/><V93/><F72/><W55/><G94/><T91/><D91/><U4/><REACH who="1" step="1"/><E69/><REACH who="1" ten="230,230,240,290" step="2"/><V120/><F120/><W68/><G68/><T17/><D39/><U103/><E103/><N who="2" m="60815" /><F79/><W6/><G55/><T125/><D125/><U32/><E32/><V73/><F73/><W18/><G6/><AGARI ba="1,1" hai="6,9,15,41,47,50,80,82,83,85,86" m="60815" machi="6" ten="30,1000,0" yaku="8,1" doraHai="107" who="2" fromWho="3" sc="230,0,230,0,240,23,290,-13" /><INIT seed="2,0,0,4,4,83" ten="230,230,263,277" oya="2" hai0="124,110,57,0,7,21,86,121,32,91,16,63,97" hai1="17,99,42,8,58,106,107,93,4,20,100,29,84" hai2="80,133,3,15,44,118,48,72,66,90,109,35,103" hai3="45,114,75,10,122,62,30,28,53,6,43,31,113"/><V71/><F3/><W18/><G122/><T95/><D32/><U115/><E115/><N who="3" m="44042" /><G75/><T105/><D121/><U120/><E120/><V70/><F35/><W119/><G119/><T27/><D110/><U23/><E42/><V129/><F118/><W60/><G53/><T38/><D124/><U132/><E132/><V2/><F2/><N who="3" m="343" /><G18/><T125/><D125/><U25/><E58/><V12/><F66/><W14/><G14/><T131/><D38/><AGARI ba="0,0" hai="28,30,31,38,43,45,60,62" m="343,44042" machi="38" ten="30,1000,0" yaku="11,1" doraHai="83" who="3" fromWho="0" sc="230,-10,230,0,263,0,277,10" /><INIT seed="3,0,0,1,5,21" ten="220,230,263,287" oya="3" hai0="120,115,113,50,72,132,6,78,4,92,89,79,127" hai1="106,61,116,14,7,33,3,90,119,125,108,95,102" hai2="96,107,75,109,62,56,134,114,124,49,101,104,57" hai3="118,39,16,32,126,53,73,9,82,86,74,18,8"/><W83/><G32/><T98/><D120/><U2/><E33/><V66/><F75/><W42/><G118/><N who="1" m="45098" /><E108/><V29/><F114/><N who="0" m="43530" /><D132/><U20/><E125/><V110/><F134/><W93/><G126/><T87/><D127/><U80/><E80/><N who="3" m="30762" /><G39/><T44/><D72/><U131/><E131/><V54/><F124/><W22/><G42/><N who="0" m="24855" /><D87/><N who="1" m="52703" /><E61/><V84/><F84/><W123/><G123/><T5/><AGARI ba="0,0" hai="4,5,6,78,79,89,92,98" m="24855,43530" machi="5" ten="30,1100,0" yaku="11,1" doraHai="21" who="0" fromWho="0" sc="220,11,230,-3,263,-3,287,-5" /><INIT seed="4,0,0,5,5,23" ten="231,227,260,282" oya="0" hai0="53,134,45,47,78,21,38,27,34,19,52,112,92" hai1="74,82,75,5,56,119,106,33,58,4,97,41,36" hai2="81,101,14,54,20,100,99,0,109,126,24,124,73" hai3="72,125,57,12,65,129,105,66,63,22,64,108,114"/><T40/><D134/><U44/><E119/><V87/><F73/><W132/><G105/><T71/><D71/><U69/><E69/><V49/><F0/><W131/><G72/><T110/><D110/><U30/><E74/><V96/><F14/><W17/><G108/><T26/><D112/><U29/><E4/><V135/><F135/><W86/><G114/><T25/><D78/><U103/><E5/><V77/><F109/><W2/><G2/><T133/><D133/><U88/><E30/><V42/><F42/><W83/><G132/><T43/><D92/><U31/><E31/><V122/><F122/><W121/><G121/><T9/><D9/><U46/><E46/><V6/><F6/><W91/><REACH who="3" step="1"/><G125/><REACH who="3" ten="231,227,260,272" step="2"/><T113/><D113/><U123/><E123/><V79/><F126/><W48/><G48/><T67/><D34/><U98/><E75/><V10/><F49/><W127/><G127/><T7/><D7/><U39/><E39/><V116/><F124/><W11/><G11/><T50/><REACH who="0" step="1"/><D67/><AGARI ba="0,1" hai="12,17,22,57,63,64,65,66,67,83,86,91,129,131" machi="67" ten="40,1300,0" yaku="1,1,53,0" doraHai="23" doraHaiUra="90" who="3" fromWho="0" sc="231,-13,227,0,260,0,272,23" /><INIT seed="5,0,0,2,4,134" ten="218,227,260,295" oya="1" hai0="133,126,8,95,61,135,78,125,57,72,7,0,1" hai1="47,62,55,42,102,124,65,106,51,101,35,127,131" hai2="39,2,9,49,85,63,11,110,76,73,70,69,121" hai3="53,130,64,77,4,87,36,115,84,67,25,128,29"/><U74/><E74/><V33/><F85/><N who="3" m="32843" /><G36/><T5/><D95/><U58/><E35/><V79/><F49/><W28/><G115/><T26/><D78/><U23/><E131/><N who="3" m="50218" /><G77/><T16/><D72/><U118/><E118/><V32/><F63/><W14/><G25/><T31/><D57/><U21/><E65/><N who="3" m="25162" /><G53/><T97/><D61/><U91/><E91/><V54/><F54/><W109/><G109/><T107/><D107/><U83/><E83/><V99/><F73/><W94/><G94/><T123/><D97/><U92/><E106/><V27/><F27/><W86/><G86/><T105/><D105/><U6/><E6/><N who="0" m="2057" /><D123/><U82/><E82/><V18/><F39/><W68/><G68/><T132/><D1/><U10/><E92/><V93/><F99/><W111/><G111/><T34/><D0/><U112/><E112/><V44/><F93/><W48/><G48/><T103/><D103/><U13/><E102/><V40/><F110/><W81/><G81/><T71/><D71/><U50/><E101/><V108/><F108/><W75/><G75/><T17/><D8/><AGARI ba="0,0" hai="4,8,14,28,29" m="25162,50218,32843" machi="8" ten="30,1000,0" yaku="19,1" doraHai="134" who="3" fromWho="0" sc="218,-10,227,0,260,0,295,10" owari="208,-29.0,227,-17.0,260,6.0,305,40.0" /></mjloggm>