<mjloggm ver="2.3"><GO type="97" lobby="0"/><UN n0="%E3%82%A6%E3%83%AB%E3%83%88%E3%83%A9%E7%AB%8B%E7%9B%B4" n1="%E9%AE%AB%E5%B3%B6" n2="%E5%AF%BE%E9%9D%A2%E3%81%AE%E6%AF%8D" n3="%E5%AE%87%E6%B4%A5%E6%9C%A8%E7%8E%89%E5%AD%90" dan="14,14,13,13" rate="1952.24,1966.52,1909.77,1820.87" sx="M,M,F,F"/><TAIKYOKU oya="0"/><INIT seed="0,0,0,1,0,88" ten="250,250,250,250" oya="0" hai0="130,86,8,38,81,2,48,6,64,57,36,30,78" hai1="26,121,97,22,93,114,135,31,47,79,42,74,105" hai2="65,69,3,104,111,127,4,80,29,90,134,59,41" hai3="49,76,15,9,25,110,14,43,54,133,98,21,107"/><T68/><D130/><U18/><E121/><V53/><F104/><W124/><G110/><T91/><D68/><U83/><E135/><V96/><F111/><W11/><G124/><T119/><D119/><U101/><E114/><V103/><F134/><W39/><G133/><T13/><D30/><U37/><REACH who="1" step="1"/><E105/><REACH who="1" ten="250,240,250,250" step="2"/><V0/><F127/><W112/><G107/><T45/><D2/><U73/><E73/><V33/><F0/><W70/><G112/><T5/><D5/><U89/><E89/><V82/><F4/><W71/><G76/><T67/><D91/><U108/><E108/><V129/><F90/><W55/><G98/><T46/><D38/><U51/><E51/><V92/><F3/><W12/><G39/><T58/><D36/><U50/><E50/><V128/><F129/><W106/><G106/><T84/><D84/><U17/><AGARI ba="0,1" hai="17,18,22,26,31,37,42,47,74,79,83,93,97,101" machi="17" ten="30,4000,0" yaku="1,1,0,1,52,1,53,0" doraHai="88" doraHaiUra="109" who="1" fromWho="1" sc="250,-20,240,50,250,-10,250,-10" /><INIT seed="1,0,0,5,2,92" ten="230,290,240,240" oya="1" hai0="71,45,19,33,30,87,135,85,86,125,38,47,36" hai1="126,28,89,115,10,114,9,76,94,59,11,40,12" hai2="109,32,52,37,18,130,96,54,134,55,31,105,101" hai3="95,60,63,81,4,46,62,23,83,34,15,129,102"/><U42/><E126/><V66/><F37/><W21/><G129/><T98/><D30/><U13/><E76/><V91/><F130/><W56/><G34/><T6/><D33/><U112/><E28/><V50/><F134/><W26/><G46/><N who="0" m="17419" /><D19/><U118/><E118/><V0/><F0/><W110/><G110/><T75/><D6/><U5/><E59/><V121/><F109/><W78/><G56/><T123/><D71/><U35/><E35/><V93/><F121/><W113/><G113/><T84/><N who="0" m="22016" /><DORA hai="90" /><T111/><D75/><U79/><E79/><V44/><F105/><W67/><G67/><T119/><D119/><U3/><E3/><V80/><F80/><N who="3" m="30795" /><G78/><T51/><D51/><U128/><E128/><V20/><F32/><W68/><G68/><T120/><D111/><U74/><E74/><V43/><F31/><W104/><G26/><T39/><D125/><U77/><E77/><V69/><F69/><W7/><G104/><T17/><D135/><U100/><E100/><V27/><F66/><W88/><G102/><AGARI ba="0,0" hai="18,20,27,43,44,50,52,54,55,91,93,96,101,102" machi="102" ten="40,8000,1" yaku="8,1,52,2,54,1" doraHai="92,90" who="2" fromWho="3" sc="230,0,290,0,240,80,240,-80" /><INIT seed="2,0,0,2,1,39" ten="230,290,320,160" oya="2" hai0="59,35,115,86,50,5,75,114,47,135,18,52,106" hai1="15,122,28,57,8,90,88,123,117,21,129,124,0" hai2="41,48,44,36,60,70,4,29,80,84,131,38,97" hai3="31,13,105,100,64,69,103,7,32,126,130,17,6"/><V134/><F131/><W67/><G126/><T23/><D75/><U108/><E117/><V99/><F134/><W66/><G130/><T3/><D35/><U33/><E129/><V111/><F111/><W10/><G69/><T83/><D106/><U109/><E124/><V37/><F29/><W16/><G105/><T74/><D135/><U27/><E57/><V14/><F70/><W120/><G120/><N who="1" m="46122" /><E0/><V132/><F132/><W1/><G17/><T89/><D74/><U101/><E101/><V30/><F30/><W22/><REACH who="3" step="1"/><G6/><REACH who="3" ten="230,290,320,150" step="2"/><T93/><D5/><U45/><E109/><V73/><F4/><W81/><G81/><T2/><D83/><U112/><E108/><V95/><F80/><W104/><G104/><T78/><D115/><U63/><E112/><V19/><F19/><W128/><G128/><T58/><D114/><U92/><E28/><V24/><F73/><W119/><G119/><T72/><D72/><U102/><E92/><V87/><F95/><W61/><G61/><T76/><D93/><U65/><E63/><V20/><F60/><W42/><G42/><T68/><D68/><U12/><E102/><V118/><F118/><W43/><G43/><T54/><D86/><U71/><E71/><V46/><F87/><W85/><G85/><T116/><D18/><U96/><E96/><V91/><F97/><W40/><G40/><T133/><D116/><U121/><E121/><V34/><F99/><W11/><G11/><T110/><D133/><U25/><E8/><V127/><F127/><W125/><G125/><T113/><D110/><U82/><E82/><RYUUKYOKU ba="0,1" sc="230,-10,290,-10,320,-10,150,30" hai3="1,7,10,13,16,22,31,32,64,66,67,100,103" /><INIT seed="3,1,1,3,4,122" ten="220,280,310,180" oya="3" hai0="89,94,39,93,96,11,85,102,82,95,21,72,84" hai1="13,45,16,67,25,15,123,132,71,66,119,115,55" hai2="92,35,27,111,52,4,49,44,12,99,24,26,74" hai3="75,20,60,23,104,78,54,28,128,91,76,64,32"/><W10/><G104/><N who="0" m="63559" /><D21/><U56/><E123/><V131/><F111/><W118/><G118/><T31/><D11/><U90/><E115/><V88/><F74/><W38/><G91/><N who="0" m="53479" /><D31/><U58/><E119/><V41/><F131/><W50/><G75/><T69/><D69/><U120/><E132/><V6/><F35/><W0/><G128/><T48/><D48/><N who="1" m="29071" /><E71/><V73/><F73/><W113/><G113/><T87/><D39/><U61/><E90/><V124/><F124/><W9/><G0/><T114/><D114/><U63/><E120/><V130/><F130/><W40/><G40/><T62/><D62/><U70/><E70/><V51/><F12/><N who="1" m="4681" /><E25/><V116/><F116/><W125/><G125/><T36/><D36/><U47/><E47/><AGARI ba="1,1" hai="4,6,24,26,27,41,44,47,49,51,52,88,92,99" machi="47" ten="40,5200,0" yaku="8,1,54,2" doraHai="122" who="2" fromWho="1" sc="220,0,280,-55,310,65,180,0" owari="220,-18.0,225,3.0,375,47.0,180,-32.0" /></mjloggm>