<mjloggm ver="2.3"><GO type="97" lobby="0"/><UN n0="%E3%82%A6%E3%83%AB%E3%83%88%E3%83%A9%E7%AB%8B%E7%9B%B4" n1="%E3%81%8F%E3%81%99%E3%81%AE%E3%81%8D" n2="%E8%8C%A8%E3%81%AE%E5%90%9B" n3="%E7%A9%B4%E8%B0%B7%E3%81%AF%E3%82%80" dan="14,14,15,13" rate="1998.04,1912.82,1958.66,1841.87" sx="M,M,M,M"/><TAIKYOKU oya="0"/><INIT seed="0,0,0,3,3,104" ten="250,250,250,250" oya="0" hai0="68,80,94,54,61,100,87,35,132,15,90,25,97" hai1="41,81,39,30,12,88,125,26,8,131,127,56,66" hai2="99,85,109,133,111,76,93,63,71,36,130,77,74" hai3="9,3,38,134,40,112,98,106,107,108,113,34,10"/><T11/><D132/><U67/><E131/><V43/><F130/><W49/><G49/><T7/><D35/><U32/><E39/><V0/><F0/><W91/><G10/><T18/><D68/><U95/><E41/><V64/><F133/><W116/><G91/><T23/><D61/><U70/><E70/><V5/><F5/><N who="3" m="1215" /><G134/><T60/><D60/><U102/><E102/><V82/><F36/><W52/><G52/><AGARI ba="0,0" hai="7,11,15,18,23,25,52,54,80,87,90,94,97,100" machi="52" ten="40,3900,0" yaku="8,1,54,1" doraHai="104" who="0" fromWho="3" sc="250,39,250,0,250,0,250,-39" /><INIT seed="0,1,0,1,3,55" ten="289,250,250,211" oya="0" hai0="3,116,56,0,112,28,96,26,87,65,10,82,37" hai1="14,94,121,59,93,33,39,125,128,127,62,99,11" hai2="133,12,13,122,18,48,51,134,132,100,27,135,119" hai3="19,98,38,58,73,83,104,89,30,45,61,72,109"/><T74/><D112/><U126/><E121/><V52/><N who="2" m="34304" /><DORA hai="68" /><V40/><F122/><W77/><G109/><T120/><D74/><U86/><E33/><V70/><F70/><W43/><G73/><T57/><D37/><U131/><E86/><V54/><F100/><W20/><G30/><T124/><D116/><U35/><E35/><V97/><F97/><W67/><G104/><T44/><D44/><U115/><E115/><V24/><F119/><W118/><G118/><T102/><D65/><U76/><E76/><V17/><F40/><W95/><REACH who="3" step="1"/><G20/><REACH who="3" ten="289,250,250,201" step="2"/><T117/><D117/><U103/><E94/><V31/><F31/><W6/><G6/><T108/><D108/><U81/><E81/><V75/><F75/><W129/><G129/><T79/><D120/><U47/><E47/><V8/><F51/><W91/><G91/><T41/><D28/><U123/><E123/><V84/><F48/><W69/><G69/><T130/><D130/><U2/><E2/><V80/><F27/><W25/><G25/><T90/><D26/><U50/><E50/><V34/><F24/><W114/><G114/><T22/><D22/><U23/><E23/><N who="2" m="11687" /><F34/><W92/><G92/><T32/><D32/><U88/><E103/><V113/><F113/><W111/><G111/><T7/><D3/><U106/><E106/><V85/><F85/><W107/><G107/><N who="0" m="63943" /><D90/><AGARI ba="1,1" hai="8,13,18,52,54,80,84,90" m="11687,34304" machi="90" ten="60,3900,0" yaku="20,1,54,1" doraHai="55,68" who="2" fromWho="0" sc="289,-42,250,0,250,52,201,0" /><INIT seed="1,0,0,2,4,96" ten="247,250,302,201" oya="1" hai0="93,52,33,32,43,54,13,55,73,134,12,58,15" hai1="120,72,22,2,5,82,129,25,130,95,114,64,29" hai2="128,60,109,97,59,99,101,69,80,100,17,8,48" hai3="63,105,115,9,61,132,53,123,75,14,121,4,110"/><U89/><E120/><V16/><F109/><W24/><G115/><T113/><D113/><U27/><E114/><V90/><F128/><N who="1" m="49257" /><E64/><N who="2" m="38943" /><F69/><W46/><G110/><T116/><D116/><U50/><E2/><V87/><F48/><W51/><G132/><T3/><D3/><U71/><E71/><V18/><F8/><W30/><G75/><T38/><D73/><U47/><E5/><V118/><F118/><W133/><G133/><T57/><D134/><U26/><E82/><V23/><F23/><W84/><G105/><T21/><D21/><U86/><E72/><V56/><F56/><N who="0" m="21610" /><D93/><U35/><E35/><N who="0" m="13385" /><D43/><AGARI ba="0,0" hai="22,25,26,27,29,43,47,50,86,89,95" m="49257" machi="43" ten="30,1500,0" yaku="19,1" doraHai="96" who="1" fromWho="0" sc="247,-15,250,15,302,0,201,0" /><INIT seed="1,1,0,5,0,11" ten="232,265,302,201" oya="1" hai0="66,48,118,116,123,72,55,130,131,122,18,103,17" hai1="16,14,41,49,80,32,62,13,69,99,78,38,1" hai2="117,115,114,88,44,67,82,2,60,84,23,27,5" hai3="51,76,7,19,61,22,65,119,21,26,95,43,70"/><U127/><E1/><V132/><F117/><N who="0" m="45162" /><D103/><U68/><E32/><V87/><F5/><W81/><G119/><T74/><D66/><U64/><E127/><V54/><F2/><W73/><G95/><T105/><D105/><U98/><E38/><V39/><F84/><W33/><G7/><T83/><D83/><U46/><E69/><V53/><F132/><W85/><G73/><N who="0" m="28267" /><D48/><U50/><E50/><V134/><F134/><W4/><G4/><T36/><D55/><U31/><E31/><V28/><F39/><W112/><G112/><N who="2" m="43049" /><F44/><W101/><G101/><T92/><D92/><U121/><E121/><N who="0" m="46089" /><D36/><U93/><E93/><V128/><F128/><AGARI ba="1,0" hai="17,18,128,130,131" m="46089,28267,45162" machi="128" ten="40,8000,1" yaku="28,2,19,1,13,1" doraHai="11" who="0" fromWho="2" sc="232,83,265,0,302,-83,201,0" /><INIT seed="2,0,0,1,2,122" ten="315,265,219,201" oya="2" hai0="3,86,74,21,31,52,93,126,11,112,41,129,39" hai1="124,55,114,131,33,118,108,116,4,22,13,127,46" hai2="60,84,35,100,97,90,115,16,135,99,40,130,75" hai3="7,43,29,44,89,47,73,30,57,53,12,49,23"/><V5/><F115/><W134/><G134/><T63/><D74/><U27/><E114/><V62/><F75/><W6/><G73/><T87/><D112/><U34/><E46/><N who="3" m="17450" /><G43/><T94/><D41/><U32/><E55/><V0/><F35/><W78/><G78/><T123/><D39/><U64/><E64/><V96/><F135/><W102/><G102/><T107/><D107/><U79/><E79/><V36/><F130/><W38/><G38/><T121/><D3/><U83/><E83/><V111/><F36/><W103/><G103/><T70/><D70/><U72/><E72/><V101/><F40/><W88/><G30/><T25/><D129/><U51/><E51/><V109/><F5/><N who="3" m="1547" /><G12/><T59/><D123/><U50/><E50/><V56/><F0/><W15/><G15/><T17/><D126/><N who="1" m="48171" /><E131/><V85/><F16/><W119/><G119/><N who="1" m="45610" /><E13/><V71/><F71/><W77/><G77/><T9/><D121/><U69/><E4/><V48/><F48/><W81/><G81/><T68/><D68/><U28/><E69/><V45/><F45/><W65/><G65/><T2/><D2/><U104/><E104/><V120/><F120/><W66/><G66/><T98/><D31/><U92/><E92/><N who="2" m="56343" /><F100/><W24/><AGARI ba="0,0" hai="23,24,29,49,53,57,88,89" m="1547,17450" machi="24" ten="30,2000,0" yaku="8,1,54,1" doraHai="122" who="3" fromWho="3" sc="315,-5,265,-5,219,-10,201,20" /><INIT seed="3,0,0,5,0,22" ten="310,260,209,221" oya="3" hai0="68,16,124,70,101,51,36,120,84,132,112,107,66" hai1="58,94,123,43,53,80,109,15,21,91,12,35,71" hai2="28,130,11,5,99,125,72,83,30,85,113,56,75" hai3="122,92,48,69,133,17,7,42,76,128,62,90,78"/><W108/><G122/><T95/><D16/><U25/><E35/><V38/><F113/><W82/><G7/><T49/><D84/><U2/><E71/><V34/><F38/><W106/><G106/><T44/><D95/><U60/><E2/><V52/><F125/><W67/><G128/><T86/><D86/><U47/><E109/><V27/><F30/><W39/><G39/><T31/><D31/><U116/><E116/><V97/><F75/><W89/><G108/><T57/><D101/><U10/><E80/><V135/><F72/><W79/><G133/><T96/><D96/><U4/><E123/><V41/><F41/><W118/><G118/><T87/><D87/><U50/><E94/><V18/><F18/><W119/><G119/><T8/><D8/><U126/><E126/><V114/><F130/><W33/><G33/><T65/><D107/><U0/><REACH who="1" step="1"/><E91/><REACH who="1" ten="310,250,209,221" step="2"/><V20/><F135/><W24/><G92/><T102/><D132/><U103/><E103/><V73/><F34/><W59/><G82/><T100/><D124/><U29/><AGARI ba="0,1" hai="0,4,10,12,15,21,25,29,43,47,50,53,58,60" machi="29" ten="20,5200,0" yaku="1,1,0,1,7,1,52,1,53,0" doraHai="22" doraHaiUra="98" who="1" fromWho="1" sc="310,-13,250,62,209,-13,221,-26" owari="297,10.0,312,40.0,196,-20.0,195,-30.0" /></mjloggm>