<mjloggm ver="2.3"><GO type="97" lobby="0"/><UN n0="%E4%B8%AD%E6%97%A5%E3%83%95%E3%82%A1%E3%83%B3%E3%81%A7%E3%81%99" n1="%E5%B0%B1%E6%B4%BB%E7%94%9F%40%E5%B7%9D%E6%9D%91%E8%BB%8D%E5%9B%A3" n2="%E3%81%99%E3%81%A6%E3%81%BE%E3%82%8B" n3="%E3%81%BE%E3%83%BC%E3%81%94%E3%82%8D%E3%83%BC" dan="14,14,14,14" rate="1941.01,1965.05,1968.23,1941.09" sx="M,M,M,M"/><TAIKYOKU oya="0"/><INIT seed="0,0,0,2,0,118" ten="250,250,250,250" oya="0" hai0="103,90,41,112,35,27,10,52,53,9,121,116,62" hai1="100,79,17,24,51,122,83,130,84,36,56,69,18" hai2="80,114,74,77,104,133,4,39,99,1,131,85,13" hai3="33,107,67,61,124,94,135,111,73,97,6,106,119"/><T34/><D121/><U75/><E69/><V3/><F114/><W86/><G33/><T98/><D116/><U82/><E36/><V47/><F131/><W26/><G26/><T59/><D41/><U32/><E130/><V66/><F66/><W43/><G119/><T78/><D78/><U45/><E100/><V30/><F30/><W88/><G43/><T40/><D40/><U31/><E56/><V72/><F72/><W0/><G0/><T105/><D112/><U55/><REACH who="1" step="1"/><E122/><REACH who="1" ten="250,240,250,250" step="2"/><V125/><F39/><W92/><G135/><T21/><D35/><U110/><E110/><V48/><F133/><W63/><G111/><T95/><D34/><U11/><E11/><V29/><F125/><W19/><G124/><T127/><D127/><U126/><E126/><V132/><F132/><W58/><G6/><T15/><D103/><U134/><E134/><V2/><F4/><W64/><G73/><T22/><D10/><U12/><E12/><V28/><F13/><W117/><G117/><T96/><D15/><U113/><E113/><V76/><F74/><W123/><G123/><T50/><D9/><U81/><E81/><V25/><F80/><W89/><G19/><T120/><D120/><U93/><E93/><V128/><F128/><W16/><G16/><N who="0" m="12711" /><D22/><U20/><E20/><N who="2" m="15399" /><F1/><W37/><G37/><T14/><D14/><U60/><E60/><V108/><F108/><W8/><G8/><T91/><D105/><U5/><E5/><V71/><F2/><W7/><REACH who="3" step="1"/><G7/><REACH who="3" ten="250,240,250,240" step="2"/><T101/><D50/><U65/><E65/><V102/><F3/><W44/><G44/><RYUUKYOKU ba="0,2" sc="250,-15,240,15,250,-15,240,15" hai1="17,18,24,31,32,45,51,55,75,79,82,83,84" hai3="58,61,63,64,67,86,88,89,92,94,97,106,107" /><INIT seed="1,1,2,2,2,135" ten="235,255,235,255" oya="1" hai0="51,33,88,37,47,71,27,68,107,119,117,127,20" hai1="54,132,85,72,94,26,18,31,52,61,128,118,113" hai2="28,75,55,97,10,129,86,16,23,74,17,11,82" hai3="110,69,15,12,50,58,34,99,87,40,109,77,130"/><U90/><E72/><V131/><F97/><W44/><G69/><T121/><D107/><U104/><E132/><V100/><F100/><W111/><G34/><T89/><D121/><U125/><E104/><V123/><F123/><W70/><G70/><T32/><D37/><U124/><E118/><V64/><F64/><W67/><G130/><N who="2" m="49673" /><F55/><N who="1" m="21033" /><E128/><V106/><F106/><W115/><G115/><T112/><D112/><U53/><E113/><V8/><F28/><W122/><G122/><T116/><D127/><N who="1" m="48715" /><E18/><N who="2" m="7275" /><F23/><W29/><G29/><T101/><D101/><U98/><N who="1" m="21041" /><U9/><DORA hai="73" /><E9/><N who="2" m="2307" /><V45/><DORA hai="120" /><F45/><W38/><G99/><T92/><D116/><U108/><E108/><V5/><F5/><W24/><G38/><T35/><D117/><U105/><E61/><V57/><F57/><W114/><G114/><T14/><D71/><U102/><E31/><V41/><F41/><W4/><G4/><T13/><D68/><U126/><N who="1" m="48723" /><U39/><DORA hai="22" /><E39/><V81/><F86/><W56/><G56/><T30/><D119/><U21/><E21/><V25/><F25/><AGARI ba="1,2" hai="25,26,85,90,94,98,102,105" m="48723,21041" machi="25" ten="50,24000,3" yaku="18,1,52,6,54,1" doraHai="135,73,120,22" who="1" fromWho="2" sc="235,0,255,263,235,-243,255,0" owari="235,-16.0,518,61.0,-8,-51.0,255,6.0" /></mjloggm>