<mjloggm ver="2.3"><GO type="97" lobby="0"/><UN n0="%74%65%61%72%2D%6C" n1="%E8%85%B0%E7%97%9B%E3%82%82%E3%81%A3%E3%81%A1%E3%83%BC" n2="%70%69%6E%67%70%6F%6E%67" n3="%E3%82%A6%E3%83%AB%E3%83%88%E3%83%A9%E7%AB%8B%E7%9B%B4" dan="13,15,13,14" rate="1877.87,1975.89,1832.52,1944.74" sx="F,M,M,M"/><TAIKYOKU oya="0"/><INIT seed="0,0,0,2,1,76" ten="250,250,250,250" oya="0" hai0="35,77,88,78,1,7,24,87,111,51,43,8,0" hai1="62,29,72,49,94,105,30,11,38,96,122,45,131" hai2="37,103,85,115,52,4,59,60,58,28,12,80,20" hai3="50,56,121,93,98,112,6,16,119,42,36,40,75"/><T66/><D66/><U39/><E105/><V108/><F115/><W126/><G36/><T129/><D129/><U68/><E72/><V90/><F108/><W69/><G119/><T97/><D111/><U82/><E122/><V100/><F37/><W22/><G69/><T41/><D97/><U10/><E131/><V71/><F71/><W5/><G75/><T53/><D1/><U114/><E38/><V104/><F104/><W128/><G126/><T107/><D107/><U26/><E39/><V132/><F132/><W61/><G112/><T81/><D35/><U86/><E114/><V92/><F59/><W27/><G121/><T125/><D24/><U118/><E62/><V130/><F130/><W3/><G128/><T63/><D63/><U46/><E68/><V101/><F80/><W65/><G3/><T25/><D25/><U106/><E106/><V109/><F109/><W67/><G67/><T55/><D125/><U9/><E118/><V13/><F4/><N who="3" m="1643" /><G50/><T34/><D34/><U120/><E120/><V70/><F70/><W21/><G21/><T33/><D33/><U44/><E49/><V54/><F54/><W127/><G127/><T31/><D31/><U84/><E84/><V23/><F28/><W79/><G79/><N who="0" m="30219" /><D53/><U73/><E73/><V57/><F58/><W89/><AGARI ba="0,0" hai="16,22,27,40,42,56,61,65,89,93,98" m="1643" machi="89" ten="30,2000,0" yaku="8,1,54,1" doraHai="76" who="3" fromWho="3" sc="250,-10,250,-5,250,-5,250,20" /><INIT seed="1,0,0,3,2,57" ten="240,245,245,270" oya="1" hai0="99,64,128,19,131,34,30,43,9,59,81,21,2" hai1="69,41,92,113,40,47,53,118,117,25,134,32,129" hai2="82,54,114,46,24,130,135,66,62,122,8,6,85" hai3="70,22,103,31,120,73,119,3,108,116,4,98,83"/><U123/><E123/><V110/><F122/><W101/><G120/><T29/><D43/><U127/><E113/><V71/><F114/><W106/><G70/><T49/><D99/><U121/><E121/><V60/><F110/><W132/><G108/><T51/><D34/><U28/><E69/><V72/><F72/><W88/><G132/><T89/><D2/><U33/><E33/><V67/><F135/><W1/><G103/><T56/><D9/><U7/><E7/><V86/><F130/><N who="0" m="49706" /><D89/><U10/><E10/><V65/><F24/><N who="3" m="16791" /><G4/><T23/><D81/><U27/><E27/><V52/><F67/><W74/><G74/><T36/><D36/><U80/><E134/><V18/><F18/><W126/><G126/><T97/><D97/><U102/><E127/><V50/><F54/><W20/><G20/><N who="0" m="7755" /><D19/><U115/><E115/><V44/><F44/><W78/><G88/><T68/><D68/><U79/><E117/><AGARI ba="0,0" hai="1,3,73,78,83,98,101,106,116,117,119" m="16791" machi="117" ten="30,1000,0" yaku="12,1" doraHai="57" who="3" fromWho="1" sc="240,0,245,-10,245,0,270,10" /><INIT seed="2,0,0,5,2,44" ten="240,235,245,280" oya="2" hai0="66,39,54,127,50,108,116,29,70,72,38,96,85" hai1="123,120,71,46,14,135,47,88,112,34,121,18,100" hai2="105,56,67,80,95,117,134,82,125,3,25,57,110" hai3="52,13,0,122,74,107,51,132,11,89,24,55,103"/><V58/><F117/><W65/><G74/><T104/><D116/><U124/><E112/><V9/><F105/><W30/><G0/><T15/><D72/><U48/><E71/><V79/><F125/><W86/><G122/><T69/><D127/><U133/><E124/><V36/><F134/><N who="1" m="51209" /><E34/><V111/><F36/><W75/><G75/><T35/><D108/><N who="2" m="41514" /><F95/><N who="3" m="54711" /><G107/><T59/><D69/><U8/><E100/><V130/><F130/><W91/><G132/><T21/><D85/><U115/><E115/><V42/><F42/><W19/><G103/><N who="0" m="62567" /><D21/><U126/><E126/><V40/><F40/><W28/><G65/><T84/><D15/><U49/><E88/><V20/><F67/><W53/><G91/><T114/><D84/><U32/><E32/><V10/><F3/><W73/><G73/><T64/><D64/><U109/><E109/><V16/><F79/><W128/><G128/><T113/><D38/><U41/><E123/><V26/><F25/><W76/><G76/><T5/><D39/><U131/><E131/><V119/><F119/><W43/><G24/><N who="0" m="18855" /><D5/><U17/><E17/><V68/><F68/><W77/><G77/><T33/><D33/><U81/><E81/><AGARI ba="0,0" hai="9,10,16,20,26,56,57,58,80,81,82" m="41514" machi="81" ten="30,5800,0" yaku="14,1,10,1,54,1" doraHai="44" who="2" fromWho="1" sc="240,0,235,-58,245,58,280,0" /><INIT seed="2,1,0,2,0,104" ten="240,177,303,280" oya="2" hai0="55,9,84,123,57,21,46,98,27,99,96,134,58" hai1="86,128,65,90,45,63,38,82,24,61,70,17,73" hai2="22,69,14,110,66,94,81,25,11,64,23,125,122" hai3="103,72,80,78,109,62,16,19,116,33,54,4,34"/><V115/><F122/><W121/><G121/><T59/><D123/><U48/><E128/><V40/><F115/><W6/><G116/><T119/><D119/><U77/><E38/><V44/><F125/><W112/><G109/><T93/><D134/><U10/><E65/><V31/><F110/><W20/><G112/><T97/><D9/><U3/><E70/><V124/><F124/><W129/><G129/><T67/><D67/><U114/><E114/><V60/><F66/><W75/><G103/><T89/><D46/><U8/><E3/><V49/><F81/><W111/><G111/><T41/><D41/><U36/><E36/><V106/><F106/><W74/><G62/><T83/><D83/><U42/><E8/><V118/><F118/><W101/><G101/><T68/><D68/><U43/><E43/><V18/><REACH who="2" step="1"/><F94/><REACH who="2" ten="240,177,293,280" step="2"/><W132/><G80/><T0/><D0/><U13/><REACH who="1" step="1"/><E24/><REACH who="1" ten="240,167,293,280" step="2"/><V35/><AGARI ba="1,2" hai="11,14,18,22,23,25,31,35,40,44,49,60,64,69" machi="35" ten="20,7800,0" yaku="1,1,2,1,0,1,7,1,53,0" doraHai="104" doraHaiUra="130" who="2" fromWho="2" sc="240,-27,167,-27,293,101,280,-27" /><INIT seed="2,2,0,1,2,19" ten="213,140,394,253" oya="2" hai0="23,121,56,112,60,61,100,41,42,16,125,76,70" hai1="0,51,27,122,80,40,85,129,107,82,91,25,32" hai2="46,103,38,15,31,99,30,9,21,33,58,94,86" hai3="34,111,97,67,37,13,49,114,81,90,59,24,14"/><V127/><F127/><W79/><G37/><T45/><D121/><U35/><E35/><V101/><F86/><W48/><G111/><T95/><D125/><U75/><E122/><V55/><F103/><W29/><G114/><T120/><D112/><U36/><E107/><V104/><F104/><W8/><G14/><N who="0" m="9623" /><D120/><U18/><E129/><V109/><F109/><W135/><G135/><T54/><D76/><U105/><E51/><V87/><F87/><W118/><G118/><T44/><D70/><U74/><E18/><V20/><F33/><W50/><G67/><T47/><D61/><U119/><E105/><V73/><F73/><W4/><G59/><T128/><D128/><U98/><E0/><V57/><F38/><W84/><G97/><AGARI ba="2,0" hai="41,42,44,45,47,54,56,60,95,97,100" m="9623" machi="97" ten="30,3900,0" yaku="8,1,52,1,54,1" doraHai="19" who="0" fromWho="3" sc="213,45,140,0,394,0,253,-45" /><INIT seed="3,0,0,3,5,49" ten="258,140,394,208" oya="3" hai0="33,112,68,17,116,35,113,64,91,5,23,76,13" hai1="16,102,10,21,45,1,107,47,74,41,60,14,8" hai2="96,105,90,108,66,9,120,123,4,24,18,127,126" hai3="54,70,51,99,77,89,92,84,129,26,80,59,104"/><W43/><G70/><T130/><D130/><U125/><E125/><N who="2" m="47627" /><F108/><W46/><G129/><T62/><D116/><U12/><E74/><V119/><F119/><W135/><G135/><T71/><D76/><U118/><E118/><V98/><F66/><W111/><G111/><T63/><D5/><U86/><E1/><N who="2" m="143" /><F105/><W94/><G104/><T106/><D106/><U133/><E133/><V34/><F90/><W114/><G114/><N who="0" m="44139" /><D91/><U82/><E60/><N who="0" m="23081" /><D64/><U40/><E107/><V2/><F2/><W3/><G3/><T81/><D81/><U69/><E69/><AGARI ba="0,0" hai="13,17,23,33,35,68,69,71" m="23081,44139" machi="69" ten="30,1000,0" yaku="11,1" doraHai="49" who="0" fromWho="1" sc="258,10,140,-10,394,0,208,0" owari="268,7.0,130,-37.0,394,49.0,208,-19.0" /></mjloggm>