<mjloggm ver="2.3"><GO type="97" lobby="0"/><UN n0="%E3%82%A6%E3%83%AB%E3%83%88%E3%83%A9%E7%AB%8B%E7%9B%B4" n1="%E7%99%BE%E5%BC%8F%E8%A6%B3%E9%9F%B3" n2="%E3%83%A4%E3%83%83%E3%83%9D%E3%83%BC" n3="%E2%98%86%E6%A8%AA%E5%B1%B1%E7%94%B1%E4%BE%9D%E2%98%86" dan="15,15,13,14" rate="2079.83,2030.99,1819.17,1972.38" sx="M,M,M,F"/><TAIKYOKU oya="0"/><INIT seed="0,0,0,5,4,31" ten="250,250,250,250" oya="0" hai0="43,97,24,32,16,118,103,60,130,73,21,67,83" hai1="116,5,17,26,131,133,104,34,115,44,95,78,39" hai2="91,14,56,46,127,61,119,107,13,3,85,64,96" hai3="72,84,47,20,129,40,90,12,30,102,89,63,53"/><T125/><D118/><U68/><E17/><V42/><F3/><W81/><G129/><T113/><D113/><U109/><E95/><V37/><F127/><W99/><G72/><T71/><D130/><U65/><E26/><V29/><F119/><W117/><G117/><T49/><D125/><U23/><E44/><V35/><F107/><W77/><G63/><T8/><D8/><U124/><E23/><V25/><REACH who="2" step="1"/><F96/><REACH who="2" ten="250,250,240,250" step="2"/><W105/><G99/><T80/><D73/><U114/><E124/><V123/><F123/><W98/><G98/><T11/><D97/><U48/><E104/><V121/><F121/><W94/><G105/><T75/><D75/><U74/><E116/><V92/><AGARI ba="0,1" hai="13,14,25,29,35,37,42,46,56,61,64,85,91,92" machi="92" ten="20,5200,0" yaku="1,1,0,1,7,1,52,1,53,0" doraHai="31" doraHaiUra="33" who="2" fromWho="2" sc="250,-26,250,-13,240,62,250,-13" /><INIT seed="1,0,0,5,4,102" ten="224,237,302,237" oya="1" hai0="93,59,29,124,113,63,78,50,125,26,99,43,111" hai1="120,9,70,77,83,34,66,133,27,131,6,79,22" hai2="65,81,2,108,64,135,118,62,53,127,20,16,86" hai3="5,11,105,44,38,56,75,98,13,73,119,57,134"/><U116/><E120/><V25/><F2/><W8/><G134/><T31/><D113/><U1/><E133/><V69/><F118/><W33/><G33/><T101/><D111/><U54/><E116/><V15/><F135/><W17/><G119/><T132/><D132/><U87/><E34/><V42/><F108/><W46/><G75/><T91/><D78/><U61/><E131/><V85/><F42/><W94/><G73/><T51/><D91/><U35/><E35/><V67/><F69/><W41/><G46/><T95/><D95/><U104/><E104/><V48/><F62/><W115/><G115/><T72/><D72/><U76/><REACH who="1" step="1"/><E54/><REACH who="1" ten="224,227,302,237" step="2"/><V3/><F53/><W112/><G105/><T88/><D125/><U97/><E97/><V122/><F127/><W117/><G117/><T121/><D124/><U103/><E103/><V60/><F122/><W49/><G112/><T100/><D121/><U128/><E128/><V109/><F109/><W110/><G110/><T37/><D101/><U123/><E123/><V10/><F3/><W107/><G107/><T92/><D100/><U21/><E21/><V58/><F20/><W68/><G98/><T30/><D99/><U47/><E47/><V0/><F0/><W71/><G44/><T40/><D40/><U74/><E74/><V23/><F23/><W55/><G41/><T82/><D43/><U126/><E126/><V39/><F39/><W80/><G38/><T19/><D37/><U32/><E32/><V114/><F114/><W106/><G106/><T7/><D63/><U129/><E129/><V90/><F60/><RYUUKYOKU ba="0,1" sc="224,-10,227,30,302,-10,237,-10" hai1="1,6,9,22,27,61,66,70,76,77,79,83,87" /><INIT seed="1,1,1,0,5,91" ten="214,257,292,227" oya="1" hai0="72,83,44,19,7,122,106,43,108,56,120,132,50" hai1="76,118,105,97,68,11,66,78,73,134,98,27,36" hai2="107,130,65,20,47,38,61,128,69,16,62,1,15" hai3="86,96,22,63,64,121,124,123,131,60,18,88,127"/><U31/><E36/><V119/><F1/><W49/><G96/><T100/><D7/><U54/><E118/><V46/><F107/><W14/><G131/><N who="2" m="50217" /><F119/><W40/><G40/><T45/><D100/><U116/><E116/><V29/><F38/><W92/><G49/><N who="0" m="26783" /><D106/><U126/><E105/><V10/><F62/><W12/><G12/><T4/><D4/><U39/><E39/><V84/><F84/><W125/><REACH who="3" step="1"/><G63/><REACH who="3" ten="214,257,292,217" step="2"/><T77/><D122/><U3/><E98/><V5/><F29/><W89/><G89/><T82/><D120/><U80/><E97/><V114/><F114/><W35/><G35/><T94/><D77/><U115/><E76/><V21/><F21/><W17/><G17/><T75/><D19/><U48/><E115/><V52/><F16/><W81/><G81/><T111/><D83/><U57/><E80/><V8/><F20/><W135/><G135/><T33/><D33/><U113/><E134/><V71/><F61/><W110/><G110/><T95/><D132/><U70/><E113/><V30/><F30/><W117/><G117/><T13/><D13/><U23/><E78/><V0/><F15/><W51/><G51/><T109/><D82/><U67/><E31/><V99/><F99/><W85/><G85/><T24/><D24/><U74/><E74/><N who="0" m="28201" /><D45/><U2/><E73/><V59/><F47/><W87/><G87/><T112/><D112/><U133/><E133/><V28/><F46/><W34/><G34/><T26/><D26/><U104/><E2/><V6/><F0/><W129/><G129/><T58/><D50/><U37/><E48/><RYUUKYOKU ba="1,2" sc="214,15,257,-15,292,-15,217,15" hai0="56,58,94,95,108,109,111" hai3="14,18,22,60,64,86,88,92,121,123,124,125,127" /><INIT seed="2,2,2,1,4,72" ten="229,242,277,232" oya="2" hai0="59,119,68,55,26,118,110,87,10,66,73,13,94" hai1="15,58,53,62,23,81,117,108,104,82,1,29,97" hai2="100,77,128,78,12,114,123,76,5,111,52,121,48" hai3="90,124,102,92,14,40,89,21,38,43,132,106,65"/><V116/><F114/><W8/><G65/><T46/><D73/><U49/><E1/><V17/><F116/><N who="0" m="44586" /><D110/><U30/><E117/><V60/><F111/><W47/><G124/><T130/><D130/><U27/><E108/><V24/><F128/><W122/><G122/><T75/><D75/><U34/><E104/><V39/><F39/><W4/><G132/><T70/><D66/><U125/><E125/><V45/><F100/><W131/><G131/><T64/><D64/><N who="1" m="38999" /><E34/><V135/><F135/><W91/><G43/><T28/><D46/><N who="1" m="27831" /><E30/><V129/><F129/><W36/><G36/><T41/><D41/><U42/><E42/><V11/><F123/><W86/><REACH who="3" step="1"/><G21/><REACH who="3" ten="229,242,277,222" step="2"/><T74/><D68/><U20/><E20/><N who="2" m="13327" /><F121/><W3/><G3/><T7/><D70/><U84/><E15/><N who="2" m="5615" /><F60/><W107/><G107/><T51/><D13/><AGARI ba="2,3" hai="12,13,45,48,52,76,77,78" m="5615,13327" machi="13" ten="30,12000,1" yaku="8,1,52,3,54,1" doraHai="72" who="2" fromWho="0" sc="229,-126,242,0,277,156,222,0" /><INIT seed="2,3,0,5,0,116" ten="103,242,433,222" oya="2" hai0="7,57,93,98,117,74,30,134,85,5,33,90,103" hai1="129,95,125,66,109,102,41,104,47,69,45,8,1" hai2="135,124,120,89,6,11,55,78,59,0,38,14,9" hai3="131,56,133,115,27,121,118,127,22,71,39,35,101"/><V4/><F38/><W48/><RYUUKYOKU type="yao9" ba="3,0" sc="103,0,242,0,433,0,222,0" hai3="22,27,35,39,48,56,71,101,115,118,121,127,131,133" /><INIT seed="2,4,0,5,4,20" ten="103,242,433,222" oya="2" hai0="105,111,99,91,14,8,23,48,58,107,135,119,115" hai1="40,64,92,7,0,129,51,36,81,2,9,19,66" hai2="73,55,87,63,78,57,52,45,118,97,53,28,3" hai3="106,61,50,96,31,21,4,1,100,104,22,114,124"/><V131/><F3/><W93/><G124/><T74/><D74/><U35/><E36/><V79/><F73/><W69/><G114/><T34/><D34/><U16/><E35/><V88/><F118/><W117/><G50/><T39/><D39/><U102/><E129/><V30/><F131/><W59/><G117/><T84/><D115/><U116/><E116/><V62/><F97/><W27/><G69/><T54/><D119/><U44/><E2/><V10/><F10/><N who="3" m="2319" /><G21/><T60/><D111/><U83/><E0/><V47/><F30/><W89/><G89/><T101/><D135/><U43/><E43/><V90/><F28/><W122/><G122/><T127/><D127/><U13/><E83/><N who="2" m="49279" /><F90/><W29/><G29/><T41/><D41/><U25/><E81/><V110/><F110/><W33/><G33/><T68/><D68/><U133/><E133/><V15/><F15/><W98/><G98/><T103/><D8/><U134/><E134/><V86/><F86/><W46/><G46/><N who="2" m="17417" /><F62/><W18/><G18/><T26/><D14/><U120/><E120/><V6/><F6/><W108/><G108/><T128/><D128/><U72/><E72/><V70/><F70/><W82/><G82/><T109/><D109/><U123/><E123/><V42/><F42/><W85/><G85/><T71/><D71/><U113/><E113/><V5/><F5/><W125/><G125/><T126/><D126/><U17/><E102/><N who="0" m="38921" /><D60/><U32/><E32/><V132/><F132/><W76/><G76/><AGARI ba="4,0" hai="52,53,55,57,63,76,78,79" m="17417,49279" machi="76" ten="30,5800,0" yaku="8,1,54,2" doraHai="20" who="2" fromWho="3" sc="103,0,242,0,433,70,222,-70" /><INIT seed="2,5,0,1,3,83" ten="103,242,503,152" oya="2" hai0="26,45,21,115,64,2,91,105,88,82,28,29,51" hai1="4,24,127,84,72,101,85,1,59,56,14,65,18" hai2="38,132,6,135,80,120,108,87,121,102,54,3,126" hai3="90,78,67,66,134,20,89,130,37,96,62,9,124"/><V95/><F38/><W40/><G78/><T107/><D2/><U11/><E72/><V110/><F6/><W128/><G134/><N who="2" m="51241" /><F3/><W119/><G119/><T94/><D115/><U133/><E127/><V73/><F126/><W86/><G124/><T43/><D64/><U47/><E133/><V116/><F73/><W99/><G9/><T22/><D22/><N who="1" m="13399" /><E101/><V10/><F10/><W17/><G37/><T74/><D29/><U131/><E1/><V48/><F116/><W98/><G40/><T60/><D60/><N who="1" m="38023" /><E131/><N who="3" m="50218" /><G90/><T16/><D28/><U57/><E47/><N who="2" m="27935" /><F95/><N who="3" m="54711" /><G62/><T93/><D82/><U39/><E39/><V61/><F102/><W15/><AGARI ba="5,0" hai="15,17,20,66,67,96,98,99" m="54711,50218" machi="15" ten="30,2000,0" yaku="19,1,52,1" doraHai="83" who="3" fromWho="3" sc="103,-10,242,-10,503,-15,152,35" /><INIT seed="3,0,0,3,1,42" ten="93,232,488,187" oya="3" hai0="122,13,65,57,40,74,53,123,81,50,83,56,6" hai1="107,93,121,92,82,106,129,2,131,46,70,30,77" hai2="84,15,79,71,32,47,10,28,126,86,33,35,18" hai3="108,103,91,110,44,111,29,76,26,104,120,51,0"/><W99/><G120/><T115/><D74/><N who="1" m="43319" /><E46/><V94/><F71/><W89/><G0/><T1/><D1/><U54/><E70/><V19/><F126/><W118/><G76/><T3/><D3/><U20/><E2/><V34/><F94/><N who="1" m="36457" /><E54/><V62/><F32/><N who="3" m="20535" /><G118/><T38/><D115/><U27/><E121/><V11/><F33/><W64/><G64/><T24/><D123/><U132/><E132/><V88/><F34/><W73/><G73/><T130/><D122/><U78/><E78/><V109/><F35/><W39/><G39/><T16/><D38/><U14/><E14/><V100/><F79/><W63/><G63/><T128/><D40/><AGARI ba="0,0" hai="40,44,51,89,91,99,103,104,108,110,111" m="20535" machi="40" ten="30,5800,0" yaku="14,1,10,1,52,1" doraHai="42" who="3" fromWho="0" sc="93,-58,232,0,488,0,187,58" /><INIT seed="3,1,0,5,5,4" ten="35,232,488,245" oya="3" hai0="13,131,79,48,44,11,108,14,41,77,84,71,125" hai1="3,93,20,59,97,105,78,111,7,62,127,6,50" hai2="87,61,43,26,45,85,124,113,115,42,88,21,99" hai3="117,63,25,94,39,35,132,0,70,57,51,91,10"/><W101/><G117/><T112/><D71/><U40/><E3/><V109/><F124/><W55/><G132/><T32/><D108/><U103/><E111/><V53/><F109/><W134/><G134/><T19/><D131/><U34/><E34/><V12/><F12/><W80/><G39/><T96/><D125/><U74/><E127/><V9/><F61/><W69/><G101/><T106/><D32/><U5/><E74/><V65/><F65/><W81/><G35/><T126/><D126/><U83/><E105/><V24/><F24/><W1/><G25/><T130/><D130/><U122/><E122/><V64/><F64/><W54/><G70/><T49/><D112/><U90/><E78/><V18/><F53/><W76/><G69/><T8/><D106/><U72/><E72/><V27/><F43/><W107/><G107/><T123/><D123/><U119/><E119/><V82/><F27/><W98/><G80/><T23/><D96/><U116/><E116/><V120/><F120/><W118/><G118/><T47/><D84/><N who="1" m="50463" /><E20/><V104/><F26/><W66/><G10/><T15/><D23/><U102/><E102/><V95/><F18/><W133/><G133/><T67/><D67/><N who="1" m="39391" /><E6/><V36/><F9/><W68/><G55/><T110/><D110/><U28/><E28/><V58/><F21/><W2/><G2/><T56/><D56/><U30/><E30/><V92/><F58/><W60/><G60/><T129/><D129/><U73/><E73/><AGARI ba="1,0" hai="0,1,51,54,57,63,66,68,73,76,81,91,94,98" machi="73" ten="30,1500,0" yaku="7,1" doraHai="4" who="3" fromWho="1" sc="35,0,232,-18,488,0,245,18" /><INIT seed="3,2,0,3,1,104" ten="35,214,488,263" oya="3" hai0="8,49,77,34,3,66,101,2,133,112,27,119,75" hai1="35,90,44,61,120,28,43,135,85,125,99,36,83" hai2="126,15,30,71,26,5,7,20,59,81,118,19,33" hai3="122,80,73,40,105,127,92,123,67,113,114,47,76"/><W108/><G67/><T117/><D49/><U48/><E120/><N who="3" m="46122" /><G40/><T130/><D66/><U93/><E125/><V96/><F118/><W129/><G47/><T37/><D101/><U128/><E135/><V32/><F126/><W78/><G127/><T88/><D77/><U110/><E128/><V72/><F71/><W21/><G21/><T12/><D37/><U60/><E110/><V31/><F33/><W42/><G42/><T86/><D86/><U95/><E95/><V55/><F31/><W23/><G23/><T98/><D98/><U38/><E28/><V124/><F124/><W69/><G69/><T107/><D107/><U64/><E35/><V29/><F29/><W1/><G1/><T89/><D34/><U70/><REACH who="1" step="1"/><E60/><REACH who="1" ten="35,204,488,263" step="2"/><V6/><F32/><W132/><G105/><T16/><D133/><U109/><E109/><V97/><F15/><W22/><G132/><T54/><D130/><U94/><E94/><V11/><F19/><W68/><G129/><T58/><D112/><U57/><E57/><V121/><F11/><W116/><G108/><T56/><D12/><U111/><E111/><V17/><F55/><W45/><G68/><T74/><D8/><U87/><E87/><V115/><F115/><W24/><G114/><T103/><D27/><U79/><AGARI ba="2,1" hai="36,38,43,44,48,61,64,70,79,83,85,90,93,99" machi="79" ten="20,5200,0" yaku="1,1,0,1,7,1,53,1" doraHai="104" doraHaiUra="65" who="1" fromWho="1" sc="35,-15,204,68,488,-15,263,-28" owari="20,-48.0,272,7.0,473,57.0,235,-16.0" /></mjloggm>