<mjloggm ver="2.3"><GO type="97" lobby="0"/><UN n0="%E3%82%A6%E3%83%AB%E3%83%88%E3%83%A9%E7%AB%8B%E7%9B%B4" n1="%E3%80%93%74%68%79%6D%65%2C%E3%80%93" n2="%E3%83%8C%E3%83%83%E3%82%AD%E3%83%BC%E3%83%8A" n3="%61%6B%62%6E%69%6B%6F" dan="15,14,15,14" rate="1989.50,1975.25,2028.95,1910.47" sx="M,F,F,M"/><TAIKYOKU oya="0"/><INIT seed="0,0,0,3,2,37" ten="250,250,250,250" oya="0" hai0="79,34,11,39,87,119,19,74,52,72,78,53,47" hai1="65,16,44,27,12,49,2,89,3,104,15,80,38" hai2="109,18,81,1,8,14,57,131,4,26,23,110,71" hai3="60,66,96,88,13,54,108,128,76,28,83,48,42"/><T115/><D34/><U51/><E104/><V82/><F71/><W58/><G108/><N who="2" m="41577" /><F131/><W63/><G128/><T9/><D115/><U6/><E65/><V84/><F57/><W105/><G28/><T24/><D119/><U7/><E38/><V85/><F85/><N who="3" m="48359" /><G105/><T43/><D74/><U111/><E3/><V20/><F84/><W95/><G66/><T114/><D114/><U75/><E2/><V107/><F107/><W117/><G117/><T134/><D134/><U102/><E102/><V41/><F41/><W68/><G68/><T129/><D129/><U91/><E75/><V61/><F61/><N who="3" m="23627" /><G13/><T70/><D70/><U50/><E111/><V92/><F92/><W118/><G118/><T123/><D72/><U125/><E125/><V33/><F33/><W121/><G121/><T120/><D123/><U93/><E44/><V25/><F1/><W40/><AGARI ba="0,0" hai="40,42,48,54,58,88,95,96" m="23627,48359" machi="40" ten="30,7900,0" yaku="8,1,52,2,54,1" doraHai="37" who="3" fromWho="3" sc="250,-39,250,-20,250,-20,250,79" /><INIT seed="1,0,0,0,1,25" ten="211,230,230,329" oya="1" hai0="76,30,63,74,7,105,11,62,64,81,114,92,91" hai1="124,68,33,59,118,56,44,96,100,35,28,83,72" hai2="58,17,23,29,34,14,46,106,57,45,69,123,132" hai3="87,122,77,88,108,121,70,6,54,78,10,82,18"/><U22/><E68/><V53/><F69/><W40/><G70/><T1/><D105/><U109/><E118/><V9/><F123/><W24/><G40/><T39/><D114/><U52/><E124/><V55/><F106/><W89/><G108/><T104/><D64/><U120/><E120/><V135/><F34/><W42/><G42/><T65/><D65/><U115/><E115/><V98/><F98/><W127/><G127/><T134/><D134/><N who="2" m="51242" /><F57/><W125/><G125/><T13/><D13/><U50/><E109/><V15/><F55/><W113/><G113/><T31/><D104/><U99/><E35/><V41/><F41/><W38/><G38/><T93/><D39/><U95/><E33/><V97/><F97/><W67/><G67/><T111/><D111/><U80/><E96/><V94/><F94/><W102/><G54/><T43/><D43/><U47/><E72/><V5/><F29/><W27/><G102/><T12/><D1/><U49/><E56/><V19/><F5/><W86/><G121/><T84/><REACH who="0" step="1"/><D92/><REACH who="0" ten="201,230,230,329" step="2"/><U112/><E112/><V110/><F110/><W126/><G122/><T119/><D119/><U90/><E100/><V79/><F79/><W130/><G126/><T103/><D103/><U16/><E59/><V8/><F8/><W75/><G10/><T133/><D133/><U0/><E0/><V131/><F131/><W128/><G130/><T71/><D71/><U66/><E66/><V37/><F37/><W3/><G128/><T51/><D51/><AGARI ba="0,1" hai="9,14,15,17,19,23,45,46,51,53,58" m="51242" machi="51" ten="30,1000,0" yaku="20,1" doraHai="25" who="2" fromWho="0" sc="201,-10,230,0,230,20,329,0" /><INIT seed="2,0,0,0,5,13" ten="191,230,250,329" oya="2" hai0="117,41,75,39,128,59,124,47,115,63,16,48,99" hai1="107,19,17,30,90,7,36,56,103,25,53,34,23" hai2="44,119,84,80,71,33,69,109,104,67,9,57,49" hai3="132,24,14,5,114,106,105,126,46,68,72,64,61"/><V22/><F33/><W133/><G126/><T27/><D75/><U32/><E36/><V122/><F104/><W78/><G114/><T76/><D76/><U134/><E134/><N who="3" m="51818" /><G46/><T81/><D81/><U101/><E7/><V4/><F122/><W42/><G42/><T10/><D115/><U43/><E43/><V38/><F119/><W26/><G78/><T40/><D117/><U131/><E131/><V121/><F121/><W85/><G85/><T94/><D128/><U96/><E101/><V50/><F38/><W51/><G51/><T15/><D124/><U125/><E125/><V95/><F95/><W108/><G72/><T89/><D27/><N who="3" m="10281" /><G108/><T82/><D82/><U54/><E54/><N who="2" m="31959" /><F109/><W127/><G127/><T3/><D3/><U73/><E73/><V45/><F69/><W129/><G129/><T70/><D70/><U120/><E120/><V6/><F71/><W60/><G60/><T55/><D39/><U0/><E0/><V130/><F45/><W83/><G83/><T12/><D12/><U2/><E2/><V112/><F130/><W77/><G77/><T35/><D35/><U65/><E65/><AGARI ba="0,0" hai="10,15,16,40,41,47,48,55,59,63,65,89,94,99" machi="65" ten="30,7700,0" yaku="7,1,8,1,52,1,54,1" doraHai="13" who="0" fromWho="1" sc="191,77,230,-77,250,0,329,0" /><INIT seed="3,0,0,1,0,127" ten="268,153,250,329" oya="3" hai0="3,106,79,39,85,62,13,105,116,64,129,121,118" hai1="73,47,56,27,92,126,86,87,132,96,63,23,22" hai2="4,65,88,18,45,114,110,41,31,58,89,103,72" hai3="12,49,133,98,115,78,37,104,67,82,17,52,113"/><W28/><G37/><T16/><D39/><U128/><E73/><V60/><F72/><W108/><G67/><T54/><D3/><U7/><E132/><V32/><F114/><W66/><G133/><T124/><D121/><U95/><E126/><V111/><F103/><W94/><G104/><T61/><D124/><U134/><E134/><V38/><F4/><W1/><G1/><T40/><D40/><U21/><E7/><V97/><F18/><W81/><G66/><T102/><D102/><U30/><E95/><V101/><F31/><W19/><G28/><T80/><D106/><U83/><E47/><V48/><F32/><W91/><G108/><N who="2" m="41513" /><F38/><W84/><G81/><T109/><D105/><AGARI ba="0,0" hai="41,45,48,58,60,65,88,89,97,101,105" m="41513" machi="105" ten="30,2000,0" yaku="14,1,54,1" doraHai="127" who="2" fromWho="0" sc="268,-20,153,0,250,20,329,0" owari="248,-15.0,153,-35.0,270,7.0,329,43.0" /></mjloggm>