<mjloggm ver="2.3"><GO type="169" lobby="0"/><UN n0="%E3%81%91%E3%82%93%31%39%37%30" n1="%68%61%6E%67%61%6B%75" n2="%E3%82%A6%E3%83%AB%E3%83%88%E3%83%A9%E7%AB%8B%E7%9B%B4" n3="%E3%81%98%E3%82%83%E3%82%80%E2%99%AD" dan="17,16,16,16" rate="2181.98,2083.48,2123.50,2025.10" sx="M,M,M,M"/><TAIKYOKU oya="0"/><INIT seed="0,0,0,4,5,89" ten="250,250,250,250" oya="0" hai0="106,101,39,87,16,128,3,93,12,84,1,56,31" hai1="88,117,38,119,43,18,9,33,44,115,63,99,127" hai2="77,82,121,50,60,70,132,55,51,5,45,7,29" hai3="62,72,37,65,61,34,48,41,17,90,104,67,111"/><T35/><D39/><U122/><E122/><V75/><F132/><W46/><G34/><T130/><D106/><U0/><E33/><V21/><F121/><W81/><G104/><T2/><D56/><U105/><E127/><V123/><F123/><W126/><G126/><T120/><D120/><U83/><E115/><V27/><F70/><W47/><G111/><T114/><D114/><U100/><E63/><V73/><F73/><W96/><G72/><T131/><D31/><U22/><E0/><V24/><F60/><W8/><G62/><T118/><D118/><U116/><E9/><V23/><F51/><W135/><G135/><T94/><D35/><U13/><REACH who="1" step="1"/><E119/><REACH who="1" ten="250,240,250,250" step="2"/><V71/><F71/><W91/><G61/><T52/><D101/><U28/><E28/><AGARI ba="0,1" hai="5,7,21,23,24,27,28,29,45,50,55,75,77,82" machi="28" ten="30,2000,0" yaku="7,1,9,1" doraHai="89" who="2" fromWho="1" sc="250,0,240,-20,250,30,250,0" /><INIT seed="1,0,0,0,4,128" ten="250,220,280,250" oya="1" hai0="91,36,18,24,99,65,101,66,32,48,132,9,60" hai1="10,134,114,16,83,112,47,113,17,111,14,45,2" hai2="44,76,73,30,26,102,49,122,105,108,40,56,13" hai3="135,71,33,126,20,27,124,117,69,35,86,58,133"/><U103/><E103/><V120/><F76/><W80/><G117/><T125/><D36/><U8/><E83/><V59/><F73/><W1/><G58/><T64/><D91/><U68/><E68/><N who="3" m="26186" /><G1/><T25/><D60/><U118/><E118/><V12/><F102/><W0/><G0/><T22/><D125/><N who="3" m="48233" /><G20/><T98/><D9/><N who="1" m="6223" /><E47/><V54/><F59/><W96/><G96/><T62/><D62/><U63/><E45/><V11/><F56/><W92/><G92/><T119/><D48/><U21/><E63/><V84/><F44/><W77/><G27/><T110/><D119/><U38/><E38/><V104/><F26/><W100/><G100/><T37/><D37/><U28/><E28/><V70/><F30/><W107/><G107/><T74/><D101/><U85/><E85/><V51/><F84/><W127/><G127/><T90/><D74/><U97/><E97/><V116/><F116/><W82/><G82/><T39/><D39/><U131/><E131/><V29/><F29/><W53/><G53/><T67/><D67/><U34/><E34/><AGARI ba="0,0" hai="33,34,35,77,80,86,133,135" m="48233,26186" machi="34" ten="40,5200,0" yaku="18,1,52,2" doraHai="128" who="3" fromWho="1" sc="250,0,220,-52,280,0,250,52" /><INIT seed="2,0,0,0,3,29" ten="250,168,280,302" oya="2" hai0="73,99,83,123,109,106,51,27,92,50,31,116,84" hai1="9,117,76,5,68,70,24,71,12,91,120,90,72" hai2="53,25,66,96,8,54,11,97,107,129,26,134,47" hai3="34,57,93,118,44,132,62,131,124,89,15,43,121"/><V94/><F134/><W39/><G118/><T10/><D123/><U64/><E117/><V3/><F129/><W108/><G121/><T133/><D116/><U125/><E120/><V4/><F66/><W59/><G132/><T63/><D133/><U20/><E125/><V0/><F47/><W126/><G108/><T101/><D109/><U19/><REACH who="1" step="1"/><E64/><REACH who="1" ten="250,158,280,302" step="2"/><V23/><F107/><W22/><G124/><T113/><D113/><U33/><E33/><V18/><F54/><W56/><G126/><T95/><D73/><U82/><AGARI ba="0,1" hai="5,9,12,19,20,24,68,70,71,72,76,82,90,91" machi="82" ten="40,2700,0" yaku="1,1,0,1,53,0" doraHai="29" doraHaiUra="122" who="1" fromWho="1" sc="250,-7,158,37,280,-13,302,-7" /><INIT seed="3,0,0,3,0,97" ten="243,195,267,295" oya="3" hai0="100,69,43,112,71,90,20,38,41,9,29,77,72" hai1="99,118,7,60,22,31,124,75,73,0,130,44,111" hai2="37,91,16,84,28,76,131,46,74,104,54,42,55" hai3="92,79,132,122,94,11,35,5,86,57,23,21,80"/><W78/><G122/><T56/><D112/><U83/><E111/><V101/><F28/><W95/><G35/><T65/><D90/><U36/><E124/><V102/><F131/><W33/><G33/><T68/><D9/><N who="1" m="2279" /><E130/><V103/><F104/><W88/><G132/><T63/><D77/><N who="3" m="29193" /><G57/><T48/><D72/><U2/><E2/><V15/><F76/><W32/><G32/><T106/><D38/><U135/><E83/><V110/><F74/><W1/><G1/><T51/><D29/><U58/><E135/><V14/><F110/><W125/><G125/><T96/><REACH who="0" step="1"/><D20/><REACH who="0" ten="233,195,267,295" step="2"/><U4/><E31/><V66/><F37/><W26/><G21/><T105/><D105/><U45/><E22/><V113/><F91/><W120/><G11/><T119/><D119/><U61/><E36/><V93/><F113/><W81/><G23/><T12/><D12/><U126/><E126/><V123/><F14/><W6/><G26/><T116/><D116/><U8/><E118/><V24/><F15/><W87/><G120/><T59/><D59/><U127/><E127/><V19/><F24/><W109/><G109/><T107/><D107/><U3/><E58/><V13/><F13/><W50/><G5/><T82/><D82/><U49/><E75/><V18/><F123/><W10/><G10/><T70/><N who="0" m="17408" /><DORA hai="47" /><T98/><D98/><U30/><E73/><V85/><F19/><W53/><G6/><T114/><D114/><U67/><E30/><V40/><F16/><W39/><G39/><T64/><D64/><U128/><E99/><V34/><F18/><W17/><G17/><RYUUKYOKU ba="0,1" sc="233,30,195,-10,267,-10,295,-10" hai0="41,43,48,51,56,63,65,96,100,106" /><INIT seed="4,1,1,4,0,9" ten="263,185,257,285" oya="0" hai0="47,8,119,116,52,135,74,121,81,127,40,11,89" hai1="113,45,24,32,57,64,56,39,75,38,103,133,63" hai2="78,65,79,42,7,100,51,131,18,30,13,55,68" hai3="58,6,110,98,50,31,35,1,16,111,71,125,87"/><T129/><D121/><U96/><E75/><V123/><F123/><W37/><G37/><T86/><D127/><U104/><E133/><V82/><F131/><W41/><G71/><T117/><D129/><U88/><E113/><V124/><F124/><W70/><G70/><T34/><D135/><U77/><E77/><V101/><F42/><W3/><G125/><T95/><D34/><U122/><E122/><V120/><F120/><W97/><G87/><T106/><D106/><U5/><E5/><V44/><F30/><W21/><G31/><T20/><D20/><U93/><E45/><V22/><F7/><W66/><G35/><T14/><D11/><U126/><E126/><V33/><F33/><W109/><G41/><T54/><D95/><U10/><E10/><V105/><F105/><W72/><G72/><T0/><D0/><U108/><E108/><V102/><F68/><W73/><G73/><T80/><D80/><U130/><E130/><V92/><F65/><W83/><G83/><T17/><REACH who="0" step="1"/><D74/><REACH who="0" ten="253,185,257,285" step="2"/><U112/><E32/><V48/><F82/><W46/><G1/><T99/><D99/><U107/><E107/><V53/><F92/><W60/><G97/><T114/><D114/><U25/><E112/><V28/><F28/><W59/><G98/><T26/><D26/><N who="1" m="10347" /><E104/><V134/><F134/><W19/><G109/><T61/><D61/><N who="1" m="37927" /><E103/><V69/><F69/><N who="3" m="42183" /><G110/><T132/><D132/><U29/><E29/><V67/><F67/><W36/><G111/><T118/><N who="0" m="29696" /><DORA hai="94" /><T12/><D12/><U91/><E91/><V115/><F115/><W49/><G3/><RYUUKYOKU ba="1,2" sc="253,10,185,10,257,10,285,-30" hai0="8,14,17,40,47,52,54,81,86,89" hai1="38,39,57,63,88,93,96" hai2="13,18,22,44,48,51,53,55,78,79,100,101,102" /><INIT seed="4,2,2,3,0,15" ten="263,195,267,255" oya="0" hai0="77,89,47,110,16,10,111,72,18,22,51,86,45" hai1="36,61,120,73,98,130,108,96,107,54,124,74,93" hai2="44,126,13,129,92,52,32,24,7,63,84,59,102" hai3="127,30,119,2,29,39,5,64,105,14,118,12,85"/><T125/><D125/><U50/><E120/><V75/><F75/><W33/><G127/><T58/><D72/><U80/><E124/><V17/><F129/><W101/><G39/><T11/><D77/><U117/><E117/><V134/><F134/><W88/><G2/><T1/><D1/><U20/><E36/><V135/><F135/><W99/><G64/><T38/><D38/><U35/><E35/><V104/><F104/><W132/><G132/><T116/><D116/><U91/><E108/><N who="0" m="41513" /><D58/><U128/><E61/><V55/><F7/><W56/><G56/><T53/><D47/><N who="1" m="27999" /><E80/><V82/><F126/><W94/><G30/><T57/><D45/><U25/><E98/><N who="2" m="59719" /><F24/><W19/><G5/><T31/><D31/><N who="1" m="17831" /><E107/><V28/><F28/><W131/><G131/><AGARI ba="2,2" hai="73,74,91,93,96,128,130,131" m="17831,27999" machi="131" ten="30,1000,0" yaku="19,1" doraHai="15" who="1" fromWho="3" sc="263,0,195,36,267,0,255,-16" /><INIT seed="5,0,0,2,0,112" ten="263,231,267,239" oya="1" hai0="78,52,90,118,127,97,67,119,41,64,16,82,2" hai1="71,65,102,17,107,48,31,110,43,20,128,19,85" hai2="89,98,62,37,122,63,1,12,54,75,3,8,84" hai3="87,131,135,56,25,80,93,73,5,95,7,45,33"/><U68/><E128/><V123/><F75/><W69/><G69/><T77/><D2/><U0/><E0/><V18/><F37/><W103/><G131/><T116/><D41/><U34/><E110/><V81/><F1/><W133/><G73/><T124/><D16/><U125/><E125/><N who="0" m="48201" /><D52/><U29/><E19/><V32/><F32/><W79/><G56/><T49/><D49/><U35/><E65/><N who="0" m="25161" /><D97/><U66/><E66/><V39/><F39/><W44/><G33/><T47/><D47/><N who="3" m="17993" /><G25/><T15/><D15/><U76/><E35/><V88/><F3/><W83/><G83/><T74/><D78/><U113/><E34/><V27/><F27/><W55/><G55/><T117/><D117/><U26/><E43/><V58/><F63/><W46/><G46/><T14/><D14/><U53/><E76/><V24/><F24/><W104/><G79/><T72/><D90/><U96/><E71/><V86/><F98/><W115/><G5/><T40/><D40/><U109/><E68/><V99/><F99/><W105/><G7/><T114/><D74/><U50/><E109/><V129/><F129/><W61/><G61/><T121/><D121/><U130/><E130/><V92/><AGARI ba="0,0" hai="8,12,18,54,58,62,81,84,86,88,89,92,122,123" machi="92" ten="20,2700,0" yaku="0,1,7,1,54,1" doraHai="112" who="2" fromWho="2" sc="263,-7,231,-13,267,27,239,-7" /><INIT seed="6,0,0,5,4,68" ten="256,218,294,232" oya="2" hai0="42,83,51,49,36,101,86,108,44,103,66,84,100" hai1="121,123,62,85,129,135,94,127,27,37,134,23,28" hai2="24,122,55,110,58,29,126,4,8,79,10,89,130" hai3="67,43,17,9,131,91,22,112,77,52,61,96,35"/><V11/><F122/><N who="1" m="46601" /><E127/><V20/><F79/><W71/><G35/><T12/><D108/><U93/><E129/><V113/><F113/><W39/><G131/><T45/><D66/><U81/><E62/><V2/><F126/><W102/><G112/><T65/><D65/><U38/><E93/><V114/><F114/><W54/><G77/><T7/><D84/><U75/><E94/><V14/><F110/><W47/><G91/><T5/><D12/><U30/><E30/><V105/><F105/><W31/><G9/><T26/><D26/><U92/><E92/><V118/><F118/><W124/><G31/><T87/><D87/><U6/><E6/><V64/><F64/><W59/><G71/><T104/><D51/><U34/><E34/><V111/><F111/><W98/><G124/><T50/><D49/><U107/><E107/><V40/><F89/><W116/><G116/><T99/><D5/><U69/><E75/><V88/><F88/><W3/><G3/><T56/><D56/><U133/><E69/><V95/><F95/><W76/><G76/><AGARI ba="0,0" hai="23,27,28,37,38,76,81,85,133,134,135" m="46601" machi="76" ten="40,8000,1" yaku="20,1,13,1,52,2" doraHai="68" who="1" fromWho="3" sc="256,0,218,80,294,0,232,-80" /><INIT seed="7,0,0,4,4,86" ten="256,298,294,152" oya="3" hai0="133,8,84,68,76,0,51,113,103,48,56,96,4" hai1="33,102,92,29,124,45,19,36,132,126,108,37,5" hai2="2,81,42,115,61,129,109,70,57,106,41,13,11" hai3="78,30,73,130,72,87,117,15,127,49,111,107,32"/><W116/><G107/><T59/><D68/><U50/><E108/><V26/><F2/><W77/><G111/><T64/><D133/><U20/><E132/><V34/><F70/><W39/><G39/><T110/><D110/><U63/><E5/><V99/><F109/><W66/><G66/><T9/><D113/><U91/><E102/><V40/><F115/><W1/><G1/><T114/><D114/><U46/><E63/><V54/><F129/><W35/><G130/><T74/><D74/><U31/><E46/><V112/><F112/><W80/><G127/><N who="1" m="48682" /><E33/><V131/><F131/><W47/><G15/><T90/><D76/><U24/><E37/><V38/><F38/><W65/><G65/><T85/><D85/><N who="1" m="52335" /><E36/><V101/><F81/><W89/><G77/><T25/><D9/><U62/><E62/><V53/><F53/><AGARI ba="0,0" hai="19,20,24,29,31,45,50,53" m="52335,48682" machi="53" ten="30,2000,0" yaku="18,1,52,1" doraHai="86" who="1" fromWho="2" sc="256,0,298,20,294,-20,152,0" owari="256,-14.0,318,42.0,274,7.0,152,-35.0" /></mjloggm>