<mjloggm ver="2.3"><GO type="97" lobby="0"/><UN n0="%64%65%6F%6E%65" n1="%E3%82%A6%E3%83%AB%E3%83%88%E3%83%A9%E7%AB%8B%E7%9B%B4" n2="%E3%83%88%E3%83%8B%E3%83%BC%E2%99%AA%E2%99%AA" n3="%6A%61%6B%61" dan="15,14,15,16" rate="1951.90,1971.78,1972.09,2058.56" sx="M,M,M,M"/><TAIKYOKU oya="0"/><INIT seed="0,0,0,5,2,133" ten="250,250,250,250" oya="0" hai0="58,97,108,95,71,55,64,30,114,103,23,73,98" hai1="16,101,12,96,118,44,116,31,129,38,85,33,7" hai2="111,11,100,57,41,87,42,68,83,106,15,53,27" hai3="88,94,81,131,34,28,1,78,107,54,89,19,119"/><T112/><D73/><U22/><E129/><V124/><F68/><W93/><G1/><T62/><D108/><U104/><E38/><V86/><F111/><W109/><G34/><T126/><D126/><U92/><E44/><V80/><F27/><W67/><G54/><T90/><D71/><U40/><E40/><V36/><F36/><W135/><G19/><T32/><D32/><U50/><E50/><V110/><F110/><W47/><G28/><T113/><D112/><U26/><E85/><V99/><F124/><W39/><G47/><T102/><D90/><U14/><E92/><V56/><F57/><W75/><G67/><T132/><D55/><U70/><E70/><V37/><F37/><W72/><G39/><T4/><D4/><U17/><REACH who="1" step="1"/><E7/><REACH who="1" ten="250,240,250,250" step="2"/><V84/><F42/><W35/><G131/><T8/><D113/><U48/><E48/><V105/><F41/><W46/><G46/><T121/><D114/><U125/><E125/><V76/><F106/><W25/><G135/><T52/><D132/><U13/><E13/><V66/><F83/><N who="3" m="45511" /><G109/><T29/><D95/><N who="3" m="36361" /><G119/><T10/><D62/><U59/><E59/><V69/><F69/><W0/><G0/><T117/><D58/><U128/><E128/><V79/><F79/><N who="3" m="44287" /><G25/><T61/><D117/><U21/><AGARI ba="0,1" hai="12,14,16,17,21,22,26,31,33,96,101,104,116,118" machi="21" ten="20,8000,1" yaku="1,1,0,1,7,1,9,1,54,1,53,0" doraHai="133" doraHaiUra="63" who="1" fromWho="1" sc="250,-40,240,90,250,-20,250,-20" /><INIT seed="1,0,0,5,5,86" ten="210,330,230,230" oya="1" hai0="94,23,68,66,84,72,89,8,114,102,10,63,53" hai1="70,58,92,33,115,13,80,85,1,52,69,97,76" hai2="11,98,108,107,111,83,127,131,130,132,117,48,121" hai3="65,122,78,5,34,51,96,128,49,101,27,2,36"/><U112/><E1/><V7/><F121/><W61/><G122/><T104/><D114/><U45/><E33/><V24/><F117/><W56/><G128/><N who="2" m="49193" /><F24/><W79/><G36/><T135/><D72/><U113/><E45/><V74/><F48/><W77/><G5/><T44/><D135/><U106/><E106/><V110/><F132/><W37/><G2/><T26/><D102/><U60/><REACH who="1" step="1"/><E13/><REACH who="1" ten="210,320,230,230" step="2"/><N who="2" m="5375" /><F127/><W16/><G37/><T22/><D104/><U19/><E19/><V43/><F107/><W88/><G34/><T42/><D42/><U100/><AGARI ba="0,1" hai="52,58,60,69,70,76,80,85,92,97,100,112,113,115" machi="100" ten="30,12000,1" yaku="1,1,0,1,54,1,53,2" doraHai="86" doraHaiUra="67" who="1" fromWho="1" sc="210,-40,320,130,230,-40,230,-40" /><INIT seed="1,1,0,0,3,109" ten="170,450,190,190" oya="1" hai0="126,49,3,104,29,8,0,68,66,110,79,83,65" hai1="20,1,118,134,52,80,14,36,119,32,56,89,127" hai2="123,34,82,115,11,99,58,60,45,69,103,26,23" hai3="2,94,47,12,25,84,71,102,106,73,113,105,37"/><U67/><E36/><V86/><F123/><W28/><G2/><T129/><D104/><U87/><E1/><V96/><F69/><W70/><G73/><T9/><D129/><U90/><E32/><V54/><F34/><W128/><G128/><T107/><D107/><U112/><E112/><V50/><F11/><W61/><G113/><T40/><D29/><U120/><E120/><V35/><F35/><W51/><G37/><T114/><D114/><U95/><E127/><V44/><F44/><W74/><G74/><T75/><D126/><U108/><E108/><V5/><F5/><W117/><G117/><T17/><D110/><U38/><E38/><V21/><F21/><W13/><G84/><T31/><D31/><U122/><E122/><V111/><F103/><W92/><G105/><T62/><D66/><U85/><E134/><V97/><F115/><W63/><G106/><T41/><D9/><U19/><REACH who="1" step="1"/><E67/><REACH who="1" ten="170,440,190,190" step="2"/><V130/><F111/><W39/><G39/><T15/><D0/><U6/><E6/><V53/><F130/><W7/><G71/><T121/><D121/><U24/><E24/><V91/><F99/><W27/><G70/><T30/><D3/><U42/><E42/><V125/><F125/><W59/><G7/><T72/><D41/><U33/><E33/><V22/><F23/><W81/><G27/><T64/><D64/><U46/><E46/><V93/><F22/><W76/><G25/><T98/><D40/><U18/><E18/><V101/><F26/><W132/><G132/><T100/><D30/><U16/><E16/><V10/><F10/><RYUUKYOKU ba="1,1" sc="170,-15,440,15,190,15,190,-15" hai1="14,19,20,52,56,80,85,87,89,90,95,118,119" hai2="45,50,53,54,58,60,82,86,91,93,96,97,101" /><INIT seed="1,2,1,3,5,50" ten="155,455,205,175" oya="1" hai0="43,130,107,37,9,101,97,7,66,81,8,103,93" hai1="44,118,122,24,57,70,34,6,78,13,29,100,111" hai2="35,4,55,42,49,62,69,38,68,115,108,105,47" hai3="94,89,10,95,18,48,63,2,127,123,98,117,53"/><U88/><E70/><N who="2" m="27243" /><F35/><W61/><G117/><T125/><D66/><U41/><E111/><V77/><F105/><W113/><G123/><T79/><D130/><U1/><E118/><V59/><F77/><W65/><G113/><T21/><D21/><U26/><E122/><V119/><F4/><W106/><G127/><T45/><D125/><U31/><E1/><V52/><F119/><W0/><G106/><T5/><D107/><U110/><E110/><V120/><F108/><W90/><G2/><T129/><D101/><U134/><E134/><V16/><F16/><W54/><G65/><T133/><D133/><U83/><E100/><V23/><F23/><W36/><G36/><T126/><D126/><U71/><E71/><V135/><F135/><W116/><G116/><T67/><D67/><U25/><E13/><V11/><F11/><W112/><G112/><T12/><D129/><U131/><E6/><V27/><F27/><W128/><G128/><T114/><D114/><U40/><E131/><V104/><F104/><W109/><G109/><T14/><D79/><U64/><E78/><V92/><F92/><W91/><G0/><T19/><D81/><U58/><E34/><V72/><F72/><W84/><G90/><T17/><AGARI ba="2,1" hai="5,7,8,9,12,14,17,19,37,43,45,93,97,103" machi="17" ten="20,2700,0" yaku="0,1,7,1,9,1" doraHai="50" who="0" fromWho="0" sc="155,43,455,-15,205,-9,175,-9" /><INIT seed="2,0,0,3,0,64" ten="198,440,196,166" oya="2" hai0="55,9,70,50,61,72,59,15,3,82,22,18,90" hai1="30,62,6,99,74,16,71,25,41,125,58,31,66" hai2="116,37,26,129,56,33,40,110,10,130,100,84,7" hai3="36,0,98,83,86,28,45,104,5,20,12,118,23"/><V32/><F116/><W108/><G118/><T102/><D102/><U35/><E74/><V53/><F100/><W85/><G108/><T51/><D72/><U13/><E125/><V121/><F121/><W54/><G0/><T11/><D3/><U120/><E120/><V87/><F40/><W34/><G34/><N who="2" m="13417" /><F26/><W88/><G85/><N who="0" m="50487" /><D70/><U42/><E31/><V95/><F37/><W91/><G28/><T17/><D11/><U57/><E6/><V133/><F95/><W109/><G109/><T111/><D111/><U68/><E42/><V124/><F110/><W107/><G23/><T114/><D114/><U76/><E41/><V19/><F19/><W48/><G36/><T78/><D78/><U47/><E47/><V67/><F67/><W49/><G49/><T119/><D119/><U92/><E76/><V122/><F122/><W134/><G134/><T43/><D43/><U117/><E117/><V77/><F77/><W29/><G5/><T101/><D101/><U52/><E58/><V75/><F75/><W131/><G131/><N who="2" m="50185" /><F133/><W65/><G65/><T63/><D61/><U127/><E66/><V93/><F93/><W27/><REACH who="3" step="1"/><G12/><AGARI ba="0,0" hai="9,12,15,17,18,22,50,51,55,59,63" m="50487" machi="12" ten="30,1000,0" yaku="8,1" doraHai="64" who="0" fromWho="3" sc="198,10,440,0,196,0,166,-10" /><INIT seed="3,0,0,2,0,75" ten="208,440,196,156" oya="3" hai0="56,132,43,32,9,94,68,60,131,106,19,98,36" hai1="11,40,100,119,44,58,42,18,116,63,6,111,69" hai2="30,24,71,90,45,86,57,112,26,35,104,122,102" hai3="21,20,97,123,41,46,93,129,109,110,120,77,47"/><W133/><G133/><T105/><D68/><U25/><E69/><V3/><F3/><W34/><G34/><T130/><D32/><U48/><E111/><N who="3" m="42506" /><G129/><N who="0" m="49163" /><D132/><U0/><E100/><V50/><F71/><W70/><G70/><T61/><D60/><U113/><E113/><V91/><F112/><W103/><G46/><N who="0" m="23911" /><D19/><U2/><E2/><V80/><F57/><W1/><G1/><T16/><D16/><U73/><E73/><V13/><F26/><W101/><G101/><N who="0" m="60631" /><D9/><U89/><E89/><V108/><F91/><W85/><G77/><T54/><AGARI ba="0,0" hai="54,56,61,105,106" m="60631,23911,49163" machi="54" ten="30,1100,0" yaku="19,1" doraHai="75" who="0" fromWho="0" sc="208,11,440,-3,196,-3,156,-5" owari="219,2.0,437,54.0,193,-21.0,151,-35.0" /></mjloggm>