<mjloggm ver="2.3"><GO type="41" lobby="0"/><UN n0="%51%2B%27%5F%27%2B%51" n1="%E5%A4%A7%E5%B7%A5%E3%81%AE%E6%BA%90%E3%81%95%E3%82%93" n2="%E3%82%A6%E3%83%AB%E3%83%88%E3%83%A9%E7%AB%8B%E7%9B%B4" n3="%47%38%E9%BE%8D%E9%96%80" dan="15,13,15,15" rate="2039.31,1849.68,1986.98,1984.27" sx="M,M,M,F"/><TAIKYOKU oya="0"/><INIT seed="0,0,0,5,1,85" ten="250,250,250,250" oya="0" hai0="129,77,74,25,58,94,105,65,26,46,33,100,30" hai1="86,93,130,119,9,20,39,70,42,6,2,13,32" hai2="73,97,29,37,66,40,91,24,55,108,47,61,103" hai3="120,95,81,35,11,5,50,114,135,8,36,89,133"/><T111/><D129/><U14/><E119/><V125/><F55/><W16/><G36/><T132/><D132/><N who="3" m="50761" /><G114/><T63/><D111/><U18/><E70/><V15/><F15/><N who="3" m="7271" /><G35/><T7/><D25/><U12/><E42/><V38/><F108/><W48/><G81/><T19/><D19/><N who="1" m="10343" /><E39/><V118/><F38/><W27/><G27/><T107/><D7/><N who="1" m="1271" /><E86/><V124/><F73/><W88/><G120/><T117/><D117/><U71/><E93/><V28/><F118/><W68/><G68/><T80/><REACH who="0" step="1"/><D46/><REACH who="0" ten="240,250,250,250" step="2"/><U76/><E130/><V106/><F29/><W92/><G5/><T17/><D17/><U52/><E71/><V21/><F24/><W10/><G10/><T62/><D62/><U57/><E32/><V45/><F28/><W96/><G11/><T87/><D87/><AGARI ba="0,1" hai="48,50,87,88,89,92,95,96" m="7271,50761" machi="87" ten="30,8000,1" yaku="20,1,52,2,54,2" doraHai="85" who="3" fromWho="0" sc="240,-80,250,0,250,0,250,90" /><BYE who="0" /><INIT seed="1,0,0,1,5,87" ten="160,250,250,340" oya="1" hai0="128,65,67,73,85,80,62,89,74,91,107,93,98" hai1="44,78,112,34,86,135,76,97,12,48,51,117,4" hai2="75,125,16,94,35,105,0,99,77,106,71,88,20" hai3="31,3,113,15,82,126,57,29,24,10,49,6,64"/><U133/><E34/><V17/><F35/><W59/><G113/><T18/><D18/><U84/><E117/><V68/><F0/><W92/><G126/><T116/><D116/><U134/><E4/><V8/><F125/><W47/><G64/><T28/><D28/><U102/><E12/><N who="2" m="7175" /><F105/><W129/><G129/><T5/><D5/><U101/><E44/><V60/><F71/><W96/><G82/><T39/><D39/><U36/><E36/><V70/><F106/><W121/><G121/><T115/><D115/><U83/><E51/><V41/><F70/><W45/><G3/><T1/><D1/><U132/><N who="1" m="34304" /><DORA hai="23" /><U123/><E48/><V118/><F68/><W69/><G69/><T122/><D122/><U110/><E123/><V124/><F75/><W7/><G7/><T26/><D26/><U13/><E13/><V63/><F124/><W9/><G9/><T38/><D38/><U81/><E112/><V27/><F118/><W104/><G104/><T131/><D131/><U40/><E40/><V108/><F108/><W111/><G111/><T120/><D120/><U42/><E42/><V95/><F77/><W32/><G31/><T37/><D37/><U90/><E110/><V66/><F66/><W100/><G45/><T2/><D2/><U127/><E127/><V11/><F41/><AGARI ba="0,0" hai="6,10,15,24,29,32,41,47,49,57,59,92,96,100" machi="41" ten="30,2000,0" yaku="7,1,52,1" doraHai="87,23" who="3" fromWho="2" sc="160,0,250,0,250,-20,340,20" /><INIT seed="2,0,0,2,2,45" ten="160,250,230,360" oya="2" hai0="36,48,43,40,33,7,8,54,6,20,46,115,132" hai1="73,94,81,113,4,112,59,53,130,96,65,60,98" hai2="106,23,41,89,100,88,119,16,56,67,29,121,63" hai3="38,83,74,102,26,80,52,15,128,76,118,39,97"/><V122/><F119/><W31/><G118/><T123/><D123/><U34/><E130/><V44/><F29/><W28/><G128/><T3/><D3/><U69/><E98/><V86/><F100/><W68/><G68/><T126/><D126/><U13/><E34/><V87/><F106/><W21/><G83/><T5/><D5/><U32/><E32/><V37/><F87/><W11/><G31/><T30/><D30/><U66/><E66/><V110/><F110/><W18/><REACH who="3" step="1"/><G52/><REACH who="3" ten="160,250,230,350" step="2"/><T1/><D1/><U19/><E81/><V131/><F131/><W62/><G62/><T90/><D90/><U12/><E113/><V47/><F89/><W61/><G61/><T103/><D103/><U107/><E112/><V35/><F47/><W27/><G27/><T120/><D120/><U108/><E108/><V111/><F111/><W50/><G50/><T134/><D134/><U14/><E73/><V95/><F35/><W24/><G24/><AGARI ba="0,1" hai="16,23,24,37,41,44,56,63,67,86,88,95,121,122" machi="24" ten="30,5800,0" yaku="7,1,54,2" doraHai="45" who="2" fromWho="3" sc="160,0,250,0,230,68,350,-58" /><INIT seed="2,1,0,0,2,48" ten="160,250,298,292" oya="2" hai0="77,7,89,131,135,34,26,25,105,13,62,6,109" hai1="68,103,37,104,107,123,125,106,126,94,134,22,12" hai2="50,30,84,41,46,124,99,132,28,88,66,92,67" hai3="20,90,29,118,86,21,49,110,61,78,76,43,100"/><V81/><F124/><N who="1" m="47721" /><E37/><V129/><F129/><W23/><G118/><T45/><D45/><U64/><E12/><V113/><F113/><W24/><G110/><T97/><D97/><N who="1" m="59831" /><E22/><N who="3" m="8810" /><G100/><T57/><D57/><U128/><E128/><V58/><F132/><W91/><G61/><T122/><D122/><U15/><E15/><V116/><F116/><W120/><G120/><T127/><D127/><U4/><E4/><V0/><F0/><W70/><G70/><T8/><D8/><U39/><E39/><V121/><F121/><W112/><G112/><T40/><D40/><U5/><E5/><V75/><F75/><W16/><G29/><N who="2" m="11369" /><F58/><W27/><G27/><T101/><D101/><AGARI ba="1,0" hai="41,46,50,66,67,81,84,88,92,99,101" m="11369" machi="101" ten="30,2900,0" yaku="8,1,54,1" doraHai="48" who="2" fromWho="0" sc="160,-32,250,0,298,32,292,0" /><INIT seed="2,2,0,4,3,17" ten="128,250,330,292" oya="2" hai0="12,89,54,56,44,84,90,101,7,28,115,129,52" hai1="20,87,69,105,34,125,68,24,21,119,134,26,74" hai2="102,92,70,71,25,59,126,38,48,62,131,133,116" hai3="16,15,39,85,58,3,99,66,67,1,98,114,93"/><V65/><F116/><W13/><G39/><T135/><D135/><U49/><E119/><V23/><F38/><W6/><G114/><T36/><D36/><U110/><E74/><V106/><F133/><W63/><G1/><T53/><D53/><U100/><E134/><V108/><F106/><W120/><G3/><T40/><D40/><U112/><E112/><V0/><F0/><W83/><G120/><T2/><D2/><U121/><E121/><V30/><F126/><W41/><G41/><T37/><D37/><U88/><E125/><V123/><F123/><W127/><G127/><T86/><D86/><U79/><E79/><V43/><F131/><W61/><G6/><T111/><D111/><U73/><E73/><V81/><F81/><W78/><G13/><T64/><D64/><U118/><E49/><V124/><F124/><W51/><G51/><T103/><D103/><U47/><E47/><N who="2" m="25727" /><F108/><W72/><G72/><T60/><D60/><U117/><E110/><V14/><F14/><W113/><G113/><T75/><D75/><U55/><E55/><V45/><F45/><W107/><G107/><T10/><D10/><U128/><E128/><V29/><F29/><W50/><G50/><T33/><D33/><U32/><E105/><V82/><F82/><W80/><G83/><T22/><D22/><U97/><E87/><V57/><F57/><N who="3" m="37167" /><G93/><T95/><D95/><U9/><E100/><V18/><F18/><W19/><G19/><T46/><D46/><U27/><E27/><V91/><F102/><W109/><G109/><T35/><D35/><U76/><E118/><RYUUKYOKU ba="2,0" sc="128,-15,250,-15,330,15,292,15" hai2="23,25,30,59,62,65,70,71,91,92" hai3="15,16,58,63,67,78,80,85,98,99" /><INIT seed="2,3,0,5,4,99" ten="113,235,345,307" oya="2" hai0="4,34,62,8,117,46,87,101,95,135,71,25,66" hai1="20,119,26,132,19,40,75,80,63,126,98,53,50" hai2="114,54,32,73,45,96,24,128,39,43,44,60,133" hai3="57,9,14,86,11,104,0,55,121,51,70,130,103"/><V112/><F73/><W56/><G70/><T82/><D82/><U6/><E119/><V91/><F128/><W88/><G121/><T116/><D116/><U64/><E132/><V108/><F133/><W83/><G130/><T28/><D28/><U100/><E126/><V115/><F108/><W77/><G0/><T30/><D30/><U78/><E40/><V74/><F74/><W113/><G113/><T84/><D84/><U123/><E6/><V122/><F122/><W94/><G104/><T31/><D31/><U105/><E123/><V48/><F32/><W3/><G3/><T76/><D76/><U85/><E75/><V21/><F60/><W79/><G57/><T109/><D109/><U65/><REACH who="1" step="1"/><E63/><REACH who="1" ten="113,225,345,307" step="2"/><V59/><F114/><W124/><G124/><T22/><D22/><U90/><E90/><V89/><F89/><W18/><G9/><T17/><D17/><U27/><E27/><V29/><F112/><W23/><G11/><T125/><D125/><U120/><E120/><V33/><F115/><W69/><G69/><T106/><D106/><U131/><E131/><V42/><F33/><W72/><G72/><T127/><D127/><U15/><E15/><V37/><F91/><W7/><G7/><T118/><D118/><U111/><E111/><V38/><F38/><W102/><G77/><T2/><D2/><U68/><E68/><V134/><F134/><W5/><G5/><T97/><D97/><AGARI ba="3,1" hai="21,24,29,37,39,42,43,44,45,48,54,59,96,97" machi="97" ten="40,2000,0" yaku="9,1" doraHai="99" who="2" fromWho="0" sc="113,-29,225,0,345,39,307,0" /><INIT seed="2,4,0,0,1,0" ten="84,225,384,307" oya="2" hai0="27,40,91,111,52,1,117,70,75,86,100,47,29" hai1="85,87,42,88,26,123,105,8,62,102,72,16,17" hai2="122,34,124,92,19,21,84,32,15,71,58,25,57" hai3="79,36,22,5,101,7,13,93,128,126,33,46,45"/><V129/><F71/><W118/><G33/><T89/><D89/><U18/><E72/><V82/><F122/><W43/><G118/><T23/><D23/><U3/><E123/><V110/><F124/><W53/><G126/><T2/><D2/><U104/><E42/><V83/><F129/><W59/><G128/><T14/><D14/><U68/><E105/><V130/><F130/><W134/><G134/><T115/><D115/><U98/><E87/><V30/><F34/><W109/><G109/><T37/><D37/><U131/><E131/><V65/><F110/><W39/><G79/><T66/><D66/><U74/><E74/><V77/><F65/><W67/><G67/><T76/><D76/><U125/><E125/><V69/><F69/><W48/><G101/><T116/><D116/><U113/><E113/><V121/><F121/><W10/><G22/><T55/><D55/><U51/><E51/><V81/><F92/><W114/><G114/><T133/><D133/><U80/><E68/><V41/><F41/><W28/><G28/><T95/><D95/><U44/><E62/><V6/><F6/><W99/><G36/><T108/><D108/><U20/><REACH who="1" step="1"/><E44/><REACH who="1" ten="84,215,384,307" step="2"/><V135/><F135/><W78/><G45/><T112/><D112/><U9/><E9/><V60/><F60/><W97/><G97/><T96/><D96/><U103/><E103/><V64/><F64/><W90/><G78/><T61/><D61/><U73/><E73/><V24/><F84/><W120/><G120/><T119/><D119/><U49/><E49/><V94/><F77/><W107/><G107/><RYUUKYOKU ba="4,1" sc="84,-15,215,15,384,-15,307,15" hai1="3,8,16,17,18,20,26,80,85,88,98,102,104" hai3="5,7,10,13,39,43,46,48,53,59,90,93,99" /><INIT seed="3,5,1,2,2,92" ten="69,230,369,322" oya="3" hai0="56,96,76,121,43,50,108,125,126,66,132,3,61" hai1="22,45,70,93,60,55,120,64,10,122,8,48,94" hai2="57,16,20,107,127,49,110,42,9,86,119,29,129" hai3="32,97,78,101,47,89,95,26,124,63,130,68,54"/><W69/><G124/><T17/><D17/><U98/><E94/><V11/><F107/><W1/><G130/><T59/><D59/><U116/><E116/><V15/><F119/><W103/><G1/><T52/><D52/><U4/><E10/><V131/><F127/><W25/><G78/><T111/><D111/><U62/><E22/><V35/><F110/><W83/><G83/><T105/><D105/><U5/><E5/><V106/><F106/><W23/><G32/><T113/><D113/><U44/><E44/><V80/><F35/><W38/><G26/><T28/><D28/><U13/><REACH who="1" step="1"/><E62/><REACH who="1" ten="69,220,369,322" step="2"/><V133/><F129/><W65/><G47/><T6/><D6/><U109/><E109/><V128/><F128/><W41/><G63/><T2/><D2/><U117/><E117/><V99/><F11/><W104/><G95/><T81/><D81/><U31/><E31/><V12/><F29/><W88/><G23/><T24/><D24/><U102/><AGARI ba="5,2" hai="4,8,13,45,48,55,60,64,70,93,98,102,120,122" machi="102" ten="20,5200,0" yaku="1,1,0,1,7,1,52,1,53,0" doraHai="92" doraHaiUra="27" who="1" fromWho="1" sc="69,-18,220,87,369,-18,322,-31" /><INIT seed="4,0,0,0,0,128" ten="51,307,351,291" oya="0" hai0="16,29,71,66,122,53,101,27,58,55,95,75,7" hai1="90,46,68,5,69,43,51,124,39,103,6,108,72" hai2="59,106,79,11,112,87,70,84,73,22,109,17,133" hai3="126,74,31,105,44,12,40,85,38,30,99,107,123"/><T45/><D45/><U88/><E72/><V118/><F70/><W64/><G123/><T32/><D32/><U67/><E103/><V49/><F106/><W21/><G126/><T134/><D134/><U89/><E124/><V1/><F73/><W100/><G74/><T117/><D117/><U111/><E39/><V60/><F109/><W83/><G107/><T86/><D86/><U102/><E102/><V129/><F129/><W13/><G64/><T48/><D48/><U33/><E33/><V10/><F112/><W52/><G52/><T82/><D82/><U135/><E67/><V77/><F133/><W130/><G130/><T96/><D96/><U20/><E20/><V121/><F49/><W54/><G54/><T35/><D35/><U110/><REACH who="1" step="1"/><E135/><REACH who="1" ten="51,297,351,291" step="2"/><V24/><F118/><W97/><G21/><T131/><D131/><U19/><E19/><V98/><F121/><W92/><G31/><T3/><D3/><U127/><E127/><V18/><F18/><W116/><G30/><T63/><D63/><U115/><E115/><V132/><F132/><W104/><G104/><T80/><D80/><U119/><E119/><V36/><F36/><W91/><REACH who="3" step="1"/><G116/><REACH who="3" ten="51,297,351,281" step="2"/><T0/><D0/><U113/><E113/><V41/><F1/><W125/><G125/><T34/><D34/><U94/><E94/><V120/><F22/><W2/><G2/><T78/><D78/><AGARI ba="0,2" hai="12,13,38,40,44,78,83,85,91,92,97,99,100,105" machi="78" ten="30,7700,0" yaku="1,1,7,1,53,2" doraHai="128" doraHaiUra="93" who="3" fromWho="0" sc="51,-77,297,0,351,0,281,97" owari="-26,-53.0,297,-10.0,351,15.0,378,48.0" /></mjloggm>