<mjloggm ver="2.3"><GO type="97" lobby="0"/><UN n0="%42%69%67%42%6F%6E%75%73" n1="%73%68%69%6B%61%74%61" n2="%E5%B0%B1%E6%B4%BB%E7%94%9F%40%E5%B7%9D%E6%9D%91%E8%BB%8D%E5%9B%A3" n3="%E6%A5%BD%E5%8B%9D%EF%BC%81" dan="13,15,14,15" rate="1912.50,2015.56,1991.46,2016.17" sx="M,M,M,M"/><TAIKYOKU oya="0"/><INIT seed="0,0,0,1,4,126" ten="250,250,250,250" oya="0" hai0="32,16,54,10,59,129,45,88,60,20,114,110,44" hai1="97,122,67,87,1,51,15,14,111,102,119,108,89" hai2="71,61,91,9,116,118,101,121,4,103,130,38,92" hai3="43,127,79,24,78,74,48,6,12,115,128,36,82"/><T107/><BYE who="2" /><D107/><U112/><E119/><V47/><F47/><W84/><G127/><T21/><D32/><U73/><E122/><V56/><F56/><W55/><G115/><T7/><D114/><U117/><E112/><V0/><F0/><W76/><G128/><T63/><D129/><U57/><E117/><V42/><F42/><W34/><G34/><T90/><D21/><U62/><E1/><V125/><F125/><W22/><G74/><T37/><D63/><U49/><E73/><V50/><F50/><W123/><G123/><T65/><D110/><N who="1" m="42027" /><E51/><V66/><F66/><W96/><G96/><UN n2="%E5%B0%B1%E6%B4%BB%E7%94%9F%40%E5%B7%9D%E6%9D%91%E8%BB%8D%E5%9B%A3" /><T41/><D44/><U58/><E49/><V26/><F61/><W124/><G124/><T5/><D65/><U83/><E58/><V8/><F71/><W17/><G43/><T109/><D109/><U23/><E23/><V52/><F38/><W13/><G36/><T53/><D53/><U134/><E134/><V19/><F52/><W85/><G55/><T11/><D7/><U106/><AGARI ba="0,0" hai="14,15,57,62,67,83,87,89,97,102,106" m="42027" machi="106" ten="30,1100,0" yaku="14,1" doraHai="126" who="1" fromWho="1" sc="250,-5,250,11,250,-3,250,-3" /><INIT seed="1,0,0,1,5,86" ten="245,261,247,247" oya="1" hai0="10,78,43,28,90,48,117,83,68,61,25,58,35" hai1="46,18,112,36,97,40,4,67,24,44,100,77,45" hai2="95,74,12,85,73,49,103,6,124,42,105,3,111" hai3="15,53,75,119,70,38,0,96,94,31,80,1,126"/><U135/><E112/><V14/><F3/><W37/><G70/><T26/><D68/><U27/><E4/><V101/><F105/><W118/><G126/><T79/><D117/><N who="3" m="44553" /><G31/><T13/><D26/><U98/><E67/><V113/><F6/><W33/><G33/><T65/><D48/><U41/><E77/><V52/><F42/><N who="1" m="16489" /><E36/><N who="3" m="13930" /><G15/><T64/><D43/><U21/><E135/><V30/><F30/><W7/><G7/><T47/><D47/><U89/><E100/><V71/><F71/><W130/><G53/><T133/><D133/><U2/><E2/><V54/><F49/><W39/><G130/><T125/><D125/><U9/><E9/><V104/><F104/><W121/><G121/><T55/><D79/><U19/><E89/><V122/><F122/><W109/><G1/><T17/><D90/><U129/><E129/><V110/><F124/><W134/><G0/><T116/><REACH who="0" step="1"/><D116/><REACH who="0" ten="235,261,247,247" step="2"/><U87/><E27/><V63/><F74/><AGARI ba="0,1" hai="10,13,17,25,28,35,55,58,61,64,65,74,78,83" machi="74" ten="30,7700,0" yaku="1,1,2,1,7,1,53,1" doraHai="86" doraHaiUra="29" who="0" fromWho="2" sc="235,87,261,0,247,-77,247,0" /><INIT seed="2,0,0,1,0,18" ten="322,261,170,247" oya="2" hai0="10,103,59,119,42,98,123,57,107,67,9,72,53" hai1="100,104,112,128,76,3,31,35,132,89,134,27,117" hai2="68,19,88,13,133,6,17,113,86,70,124,14,4" hai3="45,90,120,22,63,61,8,1,48,80,32,116,75"/><V77/><F113/><W56/><G116/><T65/><D123/><U11/><E117/><V28/><F77/><W49/><G120/><T93/><D72/><U87/><E112/><V108/><F28/><W30/><G32/><T97/><D42/><U73/><E128/><V62/><F124/><W29/><G75/><T52/><D119/><U7/><E89/><V58/><F133/><N who="1" m="51305" /><E87/><V85/><F108/><W50/><G1/><T5/><D107/><U37/><E37/><V127/><F127/><W121/><G121/><T15/><D98/><N who="1" m="61463" /><E76/><V20/><F70/><W33/><G33/><T83/><D83/><U66/><E66/><N who="2" m="39255" /><F68/><W40/><G8/><T12/><D57/><U115/><E115/><V38/><F38/><W109/><G109/><T111/><D111/><U102/><E102/><V94/><F86/><N who="3" m="50503" /><G61/><N who="0" m="38079" /><D67/><U44/><E44/><V91/><F91/><W26/><G30/><T96/><D96/><U23/><E73/><V125/><F125/><W81/><G81/><T41/><D41/><U0/><E3/><V129/><F129/><W55/><AGARI ba="0,0" hai="22,26,29,40,45,48,49,50,55,56,63" m="50503" machi="55" ten="30,2000,0" yaku="8,1,52,1" doraHai="18" who="3" fromWho="3" sc="322,-5,261,-5,170,-10,247,20" /><INIT seed="3,0,0,1,1,26" ten="317,256,160,267" oya="3" hai0="119,110,46,95,35,113,20,64,63,101,37,0,128" hai1="81,86,75,99,130,62,53,24,91,73,92,44,102" hai2="41,117,61,132,116,56,2,112,82,72,9,60,52" hai3="13,54,18,98,67,15,10,89,17,126,45,97,34"/><W90/><G34/><T6/><D119/><N who="2" m="45642" /><F2/><W21/><G126/><T58/><D35/><U93/><E24/><V133/><F72/><N who="1" m="27721" /><E62/><N who="2" m="36103" /><F9/><W8/><G67/><T121/><D113/><U31/><E31/><V111/><F82/><W32/><G32/><T114/><D6/><U118/><E53/><V59/><F112/><W43/><G54/><T51/><D114/><U78/><E44/><V55/><F41/><W19/><G90/><T103/><D0/><U42/><E42/><V120/><F120/><W125/><G125/><T4/><D37/><U80/><E130/><V11/><F11/><W69/><G69/><T65/><D128/><U123/><E123/><V122/><F122/><W36/><G89/><T25/><D4/><U68/><E68/><V79/><F79/><W23/><REACH who="3" step="1"/><G23/><REACH who="3" ten="317,256,160,257" step="2"/><T104/><D121/><U124/><E124/><V48/><F111/><W131/><G131/><T49/><D110/><U27/><E118/><V77/><F77/><W134/><G134/><AGARI ba="0,1" hai="48,55,59,60,61,132,133,134" m="36103,45642" machi="134" ten="30,7700,0" yaku="20,1,34,2,54,1" doraHai="26" who="2" fromWho="3" sc="317,0,256,0,160,87,257,-77" owari="317,41.0,256,6.0,247,-15.0,180,-32.0" /></mjloggm>