<mjloggm ver="2.3"><GO type="41" lobby="0"/><UN n0="%63%61%72%6E%61%67%65" n1="%E3%81%BF%E3%81%BF%E3%81%AE%E3%81%93" n2="%E5%B0%B1%E6%B4%BB%E7%94%9F%40%E5%B7%9D%E6%9D%91%E8%BB%8D%E5%9B%A3" n3="%6E%69%72%65%61" dan="16,16,15,14" rate="2063.59,2022.98,2002.65,1917.31" sx="M,M,M,M"/><TAIKYOKU oya="0"/><INIT seed="0,0,0,0,0,97" ten="250,250,250,250" oya="0" hai0="135,6,106,125,117,42,118,52,77,131,100,7,46" hai1="36,39,40,83,64,120,95,113,127,111,105,129,69" hai2="25,72,38,50,58,55,48,119,93,101,99,56,8" hai3="59,84,108,24,1,63,112,109,107,67,85,21,110"/><T75/><D125/><U104/><E120/><V49/><F72/><W33/><G112/><T114/><D114/><U14/><E113/><V4/><F38/><W23/><G1/><T30/><D131/><U130/><E14/><V61/><F119/><W18/><G107/><N who="1" m="41034" /><E83/><V133/><F133/><W53/><G33/><T12/><D135/><U103/><E127/><V3/><REACH who="2" step="1"/><F25/><REACH who="2" ten="250,250,240,250" step="2"/><W81/><G81/><N who="0" m="45247" /><D117/><U54/><E39/><V79/><F79/><W87/><G23/><T66/><D118/><U41/><E36/><V82/><F82/><W0/><G0/><T78/><D78/><U37/><E37/><V132/><F132/><W123/><G123/><T128/><D128/><U34/><E129/><V65/><AGARI ba="0,1" hai="3,4,8,48,49,50,55,56,58,61,65,93,99,101" machi="65" ten="20,5200,0" yaku="1,1,0,1,7,1,52,1,53,0" doraHai="97" doraHaiUra="9" who="2" fromWho="2" sc="250,-26,250,-13,240,62,250,-13" /><INIT seed="1,0,0,5,4,32" ten="224,237,302,237" oya="1" hai0="106,131,35,37,43,11,128,1,79,107,109,52,0" hai1="121,34,8,49,86,57,123,45,70,47,22,48,82" hai2="119,42,4,96,89,69,39,30,120,111,97,28,58" hai3="94,3,51,108,14,7,125,99,130,113,133,117,115"/><U66/><E34/><V67/><F69/><W18/><G117/><T81/><D35/><U46/><E22/><V12/><F119/><W29/><G108/><T87/><D11/><U23/><E23/><V78/><F39/><W17/><G51/><N who="1" m="19530" /><E8/><N who="2" m="4103" /><F42/><W10/><G125/><T74/><D109/><U50/><E86/><V20/><F78/><W132/><G94/><T90/><D52/><N who="1" m="31895" /><E82/><V31/><F120/><N who="1" m="46153" /><E70/><V25/><F111/><W71/><G99/><N who="2" m="37961" /><F89/><W135/><G71/><T118/><D118/><U2/><E2/><N who="0" m="1129" /><D90/><U77/><E77/><V19/><F19/><W85/><G85/><T38/><D87/><U26/><E26/><V33/><F33/><W88/><G88/><T102/><D38/><U75/><E75/><V13/><F13/><W72/><G72/><T76/><D79/><U59/><E59/><V44/><F44/><W55/><G29/><T80/><D81/><U73/><E73/><V110/><F110/><W5/><G17/><T116/><D116/><U95/><E95/><V60/><AGARI ba="0,0" hai="20,25,28,30,31,58,60,67" m="37961,4103" machi="60" ten="30,1100,0" yaku="8,1" doraHai="32" who="2" fromWho="2" sc="224,-3,237,-5,302,11,237,-3" /><INIT seed="2,0,0,3,5,105" ten="221,232,313,234" oya="2" hai0="79,81,117,73,31,35,50,102,115,36,69,91,106" hai1="119,128,84,110,124,16,94,38,3,90,28,40,18" hai2="68,132,24,62,23,52,100,37,135,78,49,41,95" hai3="89,55,71,63,134,22,123,9,75,112,1,118,130"/><V65/><F78/><W59/><G123/><T120/><D120/><U86/><E119/><V107/><F107/><W88/><G118/><T131/><D115/><U127/><E110/><V85/><F24/><W54/><G112/><T13/><D117/><U45/><E3/><V72/><F23/><W77/><G134/><N who="2" m="51241" /><F72/><W48/><G130/><T82/><D131/><U5/><E5/><V43/><F37/><W51/><G71/><T133/><D133/><U42/><E42/><V21/><F21/><W126/><G126/><N who="1" m="48170" /><E128/><V25/><F25/><W66/><G22/><T33/><D36/><U83/><E28/><V32/><F32/><W99/><G99/><N who="0" m="61791" /><D31/><U58/><E58/><N who="2" m="33039" /><F100/><W70/><G9/><T113/><D113/><U114/><E114/><V17/><F17/><W53/><G1/><T56/><D35/><U87/><E83/><V39/><F39/><W0/><G0/><T67/><D82/><U44/><E44/><V61/><F61/><W97/><G97/><AGARI ba="0,0" hai="16,18,38,40,45,84,86,87,90,94,97" m="48170" machi="97" ten="30,2000,0" yaku="18,1,54,1" doraHai="105" who="1" fromWho="3" sc="221,0,232,20,313,0,234,-20" /><INIT seed="3,0,0,3,1,101" ten="221,252,313,214" oya="3" hai0="111,39,35,70,44,32,34,82,21,36,23,129,8" hai1="102,4,59,64,12,115,97,13,84,83,107,19,49" hai2="133,17,52,85,72,7,61,31,100,25,69,67,60" hai3="119,57,87,75,42,0,65,117,58,114,88,14,90"/><W5/><G75/><T93/><D70/><U50/><E115/><V86/><F72/><W116/><G0/><T73/><D129/><U98/><E98/><V54/><F133/><W38/><G114/><T108/><D93/><U63/><E4/><V110/><F110/><N who="0" m="42026" /><D8/><U6/><E6/><V45/><F7/><W95/><G65/><T37/><D44/><U15/><REACH who="1" step="1"/><E19/><REACH who="1" ten="221,242,313,214" step="2"/><V66/><F17/><W134/><G134/><T89/><D73/><U18/><E18/><V28/><F100/><W74/><G74/><T48/><D48/><U40/><E40/><V10/><F10/><W135/><G135/><T3/><D3/><U41/><E41/><V127/><F127/><W96/><G42/><T121/><D121/><U43/><E43/><V71/><F25/><W81/><REACH who="3" step="1"/><G38/><REACH who="3" ten="221,242,313,204" step="2"/><T30/><D39/><U120/><E120/><V46/><AGARI ba="0,2" hai="28,31,45,46,52,54,60,61,66,67,69,71,85,86" machi="46" ten="25,6400,0" yaku="0,1,22,2,54,1" doraHai="101" who="2" fromWho="2" sc="221,-16,242,-16,313,84,204,-32" /><INIT seed="4,0,0,4,3,86" ten="205,226,397,172" oya="0" hai0="11,18,82,96,67,122,65,128,24,101,46,118,127" hai1="43,111,39,120,100,44,102,130,79,55,8,49,87" hai2="56,94,93,4,69,54,80,10,31,116,134,73,30" hai3="124,135,52,15,75,133,59,115,45,97,13,19,38"/><T84/><D122/><U57/><E111/><V74/><F69/><W58/><G115/><T20/><D118/><U132/><E132/><N who="3" m="50762" /><G75/><T47/><D127/><U126/><E126/><V50/><F134/><W37/><G124/><T5/><D128/><U28/><E28/><V34/><F116/><W110/><G110/><T129/><D129/><U36/><E120/><V53/><F34/><W60/><G97/><T6/><D67/><U113/><E39/><V14/><F74/><W3/><G3/><T64/><D65/><U103/><E113/><V61/><F73/><W35/><G35/><T107/><D64/><U17/><E130/><V68/><F68/><W29/><G29/><N who="2" m="10761" /><F80/><W78/><G78/><T85/><D85/><U92/><E79/><V16/><F4/><W83/><G83/><T95/><D107/><U109/><E109/><V2/><F2/><W76/><G76/><N who="0" m="46151" /><D6/><U91/><REACH who="1" step="1"/><E103/><REACH who="1" ten="205,216,397,172" step="2"/><V41/><F41/><N who="3" m="22703" /><G38/><T33/><D33/><U114/><E114/><V48/><F61/><N who="3" m="36039" /><G19/><T117/><D117/><U42/><E42/><V26/><F26/><W121/><G121/><T0/><D0/><U1/><E1/><V40/><F40/><W27/><G27/><T108/><D108/><U99/><E99/><V22/><F22/><W9/><G9/><T119/><D119/><U123/><E123/><V104/><F104/><W12/><G12/><AGARI ba="0,1" hai="8,12,17,36,43,44,49,55,57,87,91,92,100,102" machi="12" ten="40,2600,0" yaku="1,1,52,1,53,0" doraHai="86" doraHaiUra="77" who="1" fromWho="3" sc="205,0,216,36,397,0,172,-26" /><INIT seed="5,0,0,5,4,102" ten="205,252,397,146" oya="1" hai0="106,121,84,31,124,45,26,56,2,113,104,10,82" hai1="54,130,75,25,0,30,27,53,28,87,24,59,15" hai2="33,80,120,69,134,78,93,116,62,8,66,36,115" hai3="105,89,49,91,12,23,48,47,57,13,40,55,109"/><U19/><E75/><V129/><F120/><W68/><G68/><T99/><D121/><U123/><E123/><V61/><F116/><W34/><G34/><N who="0" m="20855" /><D56/><U60/><E0/><V41/><F33/><W110/><G105/><N who="0" m="40555" /><D99/><U90/><E130/><V128/><F93/><W79/><G79/><T112/><D45/><U122/><E53/><V29/><F29/><W43/><G43/><T125/><D10/><N who="1" m="6647" /><E122/><V100/><F100/><W133/><G133/><T22/><D2/><U92/><AGARI ba="0,0" hai="24,25,27,28,30,54,59,60,87,90,92" m="6647" machi="92" ten="30,1500,0" yaku="8,1" doraHai="102" who="1" fromWho="1" sc="205,-5,252,15,397,-5,146,-5" /><INIT seed="5,1,0,5,1,14" ten="200,267,392,141" oya="1" hai0="12,17,67,48,2,128,66,108,8,98,104,20,80" hai1="85,65,89,1,68,83,106,53,70,27,46,110,78" hai2="49,13,38,40,130,16,56,7,9,116,124,10,84" hai3="21,79,93,4,122,63,34,29,22,32,26,18,129"/><U25/><E106/><V82/><F116/><W41/><G79/><T24/><D128/><U118/><E118/><V43/><F124/><W133/><G122/><T99/><D108/><U15/><E1/><V36/><F130/><W135/><G41/><T57/><D2/><U109/><E15/><N who="2" m="5567" /><F36/><W126/><G129/><T100/><D98/><U61/><E70/><V73/><F73/><W54/><G126/><T114/><D80/><U127/><E127/><V69/><F69/><W103/><G4/><T86/><D86/><U72/><E53/><N who="2" m="31791" /><F38/><W95/><G95/><T117/><D117/><U120/><E46/><V33/><F33/><W11/><G63/><T51/><D114/><U75/><E120/><V71/><F71/><W101/><G54/><T132/><D132/><N who="3" m="50761" /><G93/><T112/><D112/><U92/><REACH who="1" step="1"/><E75/><REACH who="1" ten="200,257,392,141" step="2"/><V81/><F81/><W76/><G76/><AGARI ba="1,1" hai="10,13,16,40,43,76,82,84" m="31791,5567" machi="76" ten="30,3900,0" yaku="8,1,52,1,54,1" doraHai="14" who="2" fromWho="3" sc="200,0,257,0,392,52,141,-42" /><INIT seed="6,0,0,5,1,106" ten="200,257,444,99" oya="2" hai0="48,27,118,65,2,97,133,103,78,126,58,16,50" hai1="96,59,119,41,37,129,92,14,28,44,4,102,24" hai2="46,105,55,39,26,57,35,52,36,95,81,53,125" hai3="20,22,114,60,107,62,25,49,42,94,121,3,29"/><V74/><F105/><W73/><G107/><T79/><D2/><U104/><E129/><V23/><F125/><W113/><G3/><T56/><D118/><U43/><E104/><V69/><F35/><W101/><G121/><T66/><D133/><U21/><E41/><V122/><F69/><W71/><G20/><N who="0" m="13703" /><D126/><U91/><E119/><V13/><F122/><W7/><G7/><T117/><D117/><U111/><E111/><V10/><F95/><W72/><G62/><N who="0" m="38087" /><D103/><U31/><E102/><V82/><F57/><W34/><G34/><T88/><D66/><U100/><E100/><V89/><F89/><W127/><G127/><T5/><D5/><U8/><E59/><V87/><F87/><W99/><G71/><T112/><D112/><N who="3" m="43113" /><G60/><T18/><D18/><AGARI ba="0,0" hai="4,8,14,18,21,24,28,31,37,43,44,91,92,96" machi="18" ten="30,1000,0" yaku="7,1" doraHai="106" who="1" fromWho="0" sc="200,-10,257,10,444,0,99,0" /><INIT seed="7,0,0,4,2,69" ten="190,267,444,99" oya="3" hai0="68,79,20,76,28,123,21,6,32,57,95,105,9" hai1="8,27,35,30,64,117,103,55,36,46,25,0,62" hai2="44,81,131,14,50,74,4,110,41,11,60,94,115" hai3="72,121,52,113,120,124,101,80,59,77,96,67,53"/><W91/><G113/><T51/><D123/><U66/><E27/><V100/><F115/><W82/><G124/><T102/><D68/><U90/><E90/><V89/><F110/><W133/><G133/><T15/><D105/><U40/><E103/><V22/><F131/><W129/><G129/><T83/><D32/><U116/><E55/><V92/><F100/><W108/><G108/><T2/><D2/><U18/><E18/><V63/><F22/><N who="0" m="8810" /><D83/><U85/><E85/><N who="2" m="50351" /><F74/><W13/><G67/><T24/><D24/><U107/><E107/><V12/><F12/><W43/><G43/><T99/><D28/><U114/><E114/><V61/><AGARI ba="0,0" hai="4,11,14,41,44,50,60,61,63,92,94" m="50351" machi="61" ten="30,1100,0" yaku="8,1" doraHai="69" who="2" fromWho="2" sc="190,-3,267,-3,444,11,99,-5" owari="187,-21.0,264,6.0,455,56.0,94,-41.0" /></mjloggm>