<mjloggm ver="2.3"><GO type="97" lobby="0"/><UN n0="%E3%82%AA%E3%83%81%E3%83%A3%E3%83%83%E3%82%AD%E3%83%BC" n1="%E5%B0%B1%E6%B4%BB%E7%94%9F%40%E5%B7%9D%E6%9D%91%E8%BB%8D%E5%9B%A3" n2="%E3%83%88%E3%83%A9%E3%83%83%E3%82%AF%E3%83%91%E3%83%91" n3="%58%69" dan="14,15,14,15" rate="1917.06,2003.29,1988.46,1993.32" sx="M,M,M,M"/><TAIKYOKU oya="0"/><INIT seed="0,0,0,3,0,61" ten="250,250,250,250" oya="0" hai0="55,117,85,26,118,111,78,68,74,83,32,109,80" hai1="13,37,28,31,82,60,22,93,1,127,99,45,90" hai2="131,15,101,128,129,38,35,75,134,27,11,71,113" hai3="44,30,51,8,3,76,62,41,24,50,33,86,73"/><T84/><D68/><U59/><E1/><V94/><F113/><W43/><G73/><T123/><D32/><U133/><E127/><V89/><F75/><W9/><G3/><T20/><D123/><U48/><E133/><V100/><F134/><W103/><G103/><T69/><D69/><U98/><E37/><V10/><F38/><W119/><G119/><T72/><D55/><U106/><E82/><V112/><F112/><W77/><G62/><T124/><D20/><U7/><E106/><V4/><F71/><W52/><G41/><T57/><D57/><U92/><E7/><V95/><F95/><W56/><REACH who="3" step="1"/><G86/><REACH who="3" ten="250,250,250,240" step="2"/><T87/><D124/><U96/><E96/><N who="2" m="57423" /><F11/><AGARI ba="0,1" hai="8,9,11,24,30,33,43,44,50,51,52,56,76,77" machi="11" ten="40,2600,0" yaku="1,1,54,1,53,0" doraHai="61" doraHaiUra="125" who="3" fromWho="2" sc="250,0,250,0,250,-26,240,36" /><INIT seed="1,0,0,5,3,84" ten="250,250,224,276" oya="1" hai0="116,80,110,16,20,3,14,8,114,73,95,27,87" hai1="70,124,117,104,101,82,131,42,79,61,108,41,88" hai2="40,69,12,9,120,39,56,112,130,35,0,18,128" hai3="55,66,115,83,22,10,106,21,67,57,92,15,71"/><U118/><E124/><V86/><F35/><W46/><G71/><T97/><D73/><U107/><E131/><N who="2" m="50219" /><F120/><W25/><G106/><T125/><D116/><U91/><E108/><V58/><F112/><W59/><G115/><T75/><D110/><U102/><E70/><V5/><F69/><W48/><G59/><T50/><D75/><N who="1" m="43391" /><E61/><V94/><F40/><W31/><G22/><T11/><D125/><U4/><E4/><V7/><F39/><W122/><G122/><T68/><D68/><U33/><E33/><V121/><F121/><W99/><G83/><T109/><D109/><U65/><E65/><V96/><F86/><W74/><G57/><N who="2" m="22121" /><F0/><W28/><G28/><T123/><D50/><U36/><E36/><V85/><F85/><W129/><G74/><T1/><D8/><U105/><E42/><V38/><F38/><W81/><G81/><T62/><D62/><U32/><E32/><V2/><F2/><W49/><G49/><T26/><D26/><U89/><E41/><V133/><F133/><W19/><REACH who="3" step="1"/><G129/><REACH who="3" ten="250,250,224,266" step="2"/><T64/><D123/><U111/><E111/><V52/><F52/><W6/><G6/><T63/><D114/><U72/><E72/><V24/><F24/><W47/><G47/><T78/><D27/><U90/><N who="1" m="23040" /><DORA hai="103" /><U54/><E54/><V30/><F30/><W100/><AGARI ba="0,1" hai="10,15,19,21,25,31,46,48,55,66,67,92,99,100" machi="100" ten="20,8000,1" yaku="1,1,0,1,7,1,8,1,53,1" doraHai="84,103" doraHaiUra="44,53" who="3" fromWho="3" sc="250,-20,250,-40,224,-20,266,90" /><INIT seed="2,0,0,3,1,24" ten="230,210,204,356" oya="2" hai0="42,65,5,104,112,105,59,97,7,22,83,99,113" hai1="11,53,28,43,94,39,14,72,12,108,82,55,51" hai2="38,61,27,90,30,96,120,116,23,71,68,75,115" hai3="48,26,4,35,95,67,45,74,60,117,81,54,118"/><V66/><F120/><W47/><G4/><T110/><D42/><U17/><E108/><V1/><F116/><W58/><G45/><T76/><D110/><U130/><E130/><V98/><F115/><W49/><G49/><T85/><D65/><U64/><E64/><V114/><F114/><W44/><G44/><T128/><D128/><U31/><E39/><V69/><F75/><W6/><G6/><T50/><D113/><U86/><E72/><V129/><F129/><W109/><G109/><T13/><D112/><U91/><E14/><V9/><F38/><W107/><G107/><T20/><D13/><U121/><E121/><V125/><F125/><W36/><G36/><T40/><D105/><U34/><E34/><V18/><F90/><W127/><G127/><T87/><D104/><U0/><E0/><V126/><F126/><W135/><G135/><T131/><D131/><U80/><E43/><V70/><REACH who="2" step="1"/><F18/><REACH who="2" ten="230,210,194,356" step="2"/><W92/><G118/><T88/><D7/><AGARI ba="0,1" hai="1,7,9,23,27,30,61,66,68,69,70,71,96,98" machi="7" ten="40,7700,0" yaku="1,1,2,1,52,1,53,0" doraHai="24" doraHaiUra="29" who="2" fromWho="0" sc="230,-77,210,0,194,87,356,0" /><INIT seed="2,1,0,4,0,91" ten="153,210,281,356" oya="2" hai0="77,81,107,40,94,32,65,127,76,90,51,41,49" hai1="17,34,31,7,0,28,35,85,18,84,102,83,108" hai2="15,54,10,69,70,117,103,53,52,30,135,2,73" hai3="100,26,133,39,95,98,121,64,12,33,79,120,4"/><V119/><F73/><W72/><G39/><T71/><D32/><U74/><E108/><V134/><F2/><W118/><G118/><N who="2" m="45065" /><F103/><W130/><G133/><N who="2" m="50697" /><F30/><W110/><G110/><T23/><D127/><U57/><E102/><V8/><F15/><W36/><G36/><T50/><D107/><U132/><E132/><V123/><F123/><W92/><G64/><T116/><D116/><U9/><E74/><V47/><F47/><W22/><G33/><T67/><D71/><AGARI ba="1,0" hai="8,10,52,53,54,69,70,71" m="50697,45065" machi="71" ten="40,12000,1" yaku="28,2,20,1,54,1" doraHai="91" who="2" fromWho="0" sc="153,-123,210,0,281,123,356,0" /><INIT seed="2,2,0,1,5,99" ten="30,210,404,356" oya="2" hai0="41,82,70,39,38,74,104,20,101,40,60,127,56" hai1="129,115,27,117,65,106,84,114,124,58,135,52,30" hai2="2,21,42,26,4,121,3,48,79,90,46,110,102" hai3="34,8,128,131,120,86,13,107,108,61,64,118,96"/><V116/><F116/><W63/><G120/><T37/><D74/><U73/><E73/><V76/><F121/><W6/><G118/><T77/><D82/><U33/><E117/><V11/><F110/><W133/><G34/><T93/><D127/><U68/><E124/><V47/><F2/><W78/><G133/><T67/><D77/><U0/><E129/><V36/><F90/><W7/><G7/><T51/><D93/><U62/><E135/><V29/><REACH who="2" step="1"/><F102/><REACH who="2" ten="30,210,394,356" step="2"/><N who="3" m="62919" /><G108/><T28/><D101/><U123/><E0/><V100/><F100/><W18/><G78/><T109/><D104/><U111/><E123/><V95/><F95/><W35/><G131/><T92/><D92/><U43/><E111/><V50/><F50/><W83/><G128/><T25/><D109/><U22/><E106/><V57/><F57/><W54/><G63/><N who="0" m="40319" /><D20/><U97/><E33/><V72/><F72/><W55/><G61/><T53/><D25/><U88/><E114/><V16/><F16/><W125/><G18/><T10/><D28/><U87/><E115/><V105/><F105/><W94/><G35/><T119/><D10/><U103/><E103/><V17/><F17/><W66/><G94/><T126/><D119/><U91/><E91/><V32/><F32/><W113/><G125/><T14/><D14/><U89/><E89/><V85/><F85/><N who="1" m="32841" /><E88/><V49/><F49/><W44/><G113/><T59/><D126/><U12/><E97/><V24/><F24/><W122/><G122/><T112/><D112/><U15/><E68/><V23/><F23/><W9/><G86/><T98/><D98/><RYUUKYOKU ba="2,1" sc="30,15,210,-15,394,15,356,-15" hai0="37,38,39,40,41,51,53,56,59,60" hai2="3,4,11,21,26,29,36,42,46,47,48,76,79" /><INIT seed="2,3,1,3,4,53" ten="45,195,409,341" oya="2" hai0="21,118,25,104,27,110,68,0,114,35,132,81,124" hai1="129,97,41,5,38,63,107,65,113,89,37,115,29" hai2="20,11,100,75,10,36,125,50,134,26,42,66,77" hai3="103,19,71,116,119,70,9,58,109,82,14,122,86"/><V80/><F134/><W131/><G122/><T67/><D25/><U93/><E129/><V52/><F125/><W79/><G131/><T72/><D27/><U90/><E107/><V123/><F123/><W73/><G109/><T28/><D21/><U64/><E5/><V121/><F121/><W47/><G103/><T8/><D28/><U12/><E29/><V54/><F66/><W98/><G98/><T62/><D8/><U1/><E1/><V69/><F69/><W24/><G47/><T126/><D62/><U32/><E32/><V55/><F100/><W117/><G24/><T96/><D67/><U83/><E65/><V87/><F75/><W95/><G95/><T120/><D81/><U101/><E12/><V128/><F36/><W108/><G108/><T112/><D96/><U102/><E38/><V111/><F111/><W59/><REACH who="3" step="1"/><G73/><REACH who="3" ten="45,195,409,331" step="2"/><T57/><D57/><AGARI ba="3,2" hai="9,14,19,57,58,59,70,71,79,82,86,116,117,119" machi="57" ten="40,8000,1" yaku="1,1,2,1,52,3,53,0" doraHai="53" doraHaiUra="91" who="3" fromWho="0" sc="45,-89,195,0,409,0,331,109" owari="-44,-54.0,195,-20.0,409,21.0,440,53.0" /></mjloggm>