<mjloggm ver="2.3"><GO type="1" lobby="0"/><UN n0="%E5%B0%B1%E6%B4%BB%E7%94%9F%40%E5%B7%9D%E6%9D%91%E8%BB%8D%E5%9B%A3" n1="%74%77%39%30%6B%61" n2="%4E%6F%4E%61%6D%65" n3="%52%61%76%6E%69%63%61" dan="1,11,0,9" rate="1530.08,1601.80,1500.00,1310.39" sx="M,M,M,M"/><TAIKYOKU oya="0"/><INIT seed="0,0,0,3,3,116" ten="250,250,250,250" oya="0" hai0="68,125,37,80,22,20,128,97,117,134,14,38,36" hai1="32,110,17,115,86,114,89,123,64,129,56,119,126" hai2="33,94,2,35,73,48,77,74,27,96,81,19,133" hai3="5,60,76,39,62,101,100,99,92,70,34,47,78"/><T95/><D117/><U49/><E119/><V120/><F48/><W9/><G34/><N who="2" m="12809" /><F94/><W28/><G70/><T24/><D68/><U13/><E123/><V69/><F19/><W54/><G28/><T57/><D128/><U55/><E110/><V87/><F87/><W90/><G39/><T46/><D125/><U71/><E126/><V104/><F133/><W118/><G118/><T83/><D134/><U30/><E129/><V106/><F27/><W75/><G75/><N who="2" m="28681" /><F81/><W11/><G47/><T23/><D24/><U16/><E30/><V107/><F77/><W15/><G11/><T121/><D121/><U58/><E32/><V132/><F96/><W108/><G108/><T84/><D57/><U109/><E109/><V82/><F82/><W44/><G44/><T43/><D14/><U40/><E58/><V51/><F51/><W135/><G135/><T3/><D3/><U45/><E64/><V50/><F50/><W21/><G21/><T105/><D105/><U66/><E66/><V25/><F25/><W18/><G5/><T0/><D0/><U130/><E130/><V88/><F132/><W41/><G41/><T72/><D72/><U10/><E71/><V12/><F120/><W29/><G29/><T111/><D111/><U53/><E17/><V61/><F12/><W131/><G131/><T79/><REACH who="0" step="1"/><D83/><REACH who="0" ten="240,250,250,250" step="2"/><U113/><E55/><V4/><F2/><W26/><G26/><T122/><D122/><U124/><E124/><V65/><F4/><W42/><G42/><T63/><D63/><U102/><E115/><V85/><F85/><W31/><G31/><RYUUKYOKU ba="0,1" sc="240,15,250,-15,250,15,250,-15" hai0="20,22,23,36,37,38,43,46,79,80,84,95,97" hai2="61,65,69,88,104,106,107" /><INIT seed="0,1,1,2,5,47" ten="255,235,265,235" oya="0" hai0="64,61,24,56,62,32,125,17,128,16,1,40,75" hai1="122,104,66,112,99,12,86,111,84,113,36,38,71" hai2="130,22,53,132,69,15,58,70,26,20,52,45,78" hai3="0,28,44,21,6,121,85,33,83,63,7,51,92"/><T46/><D125/><U97/><E111/><V123/><F123/><W11/><G121/><T2/><D128/><U103/><E122/><V88/><F130/><W35/><G63/><T135/><D75/><U87/><E12/><V59/><F132/><W129/><G129/><T118/><D135/><U41/><E66/><V8/><F78/><W102/><G102/><T14/><D118/><U5/><E71/><N who="2" m="27147" /><F26/><W74/><G74/><T79/><D79/><U29/><E5/><V81/><F81/><W19/><G92/><T100/><D100/><U27/><E41/><V98/><F98/><W114/><G114/><N who="1" m="44138" /><E103/><V93/><F45/><W101/><G101/><T57/><D32/><U94/><E104/><V110/><F110/><W76/><G7/><T25/><D40/><U73/><E73/><V106/><F106/><W43/><REACH who="3" step="1"/><G28/><REACH who="3" ten="255,235,265,225" step="2"/><T109/><D109/><U34/><E38/><V9/><F93/><W89/><G89/><T31/><D31/><U131/><E36/><V13/><F88/><W68/><G68/><T124/><D124/><U90/><E90/><V134/><F134/><W133/><G133/><T60/><D60/><U95/><E131/><V96/><F96/><AGARI ba="1,2" hai="27,29,34,84,86,87,94,95,96,97,99" m="44138" machi="96" ten="30,1000,0" yaku="11,1" doraHai="47" who="1" fromWho="2" sc="255,0,235,33,265,-13,225,0" /><INIT seed="1,0,0,4,1,18" ten="255,268,252,225" oya="1" hai0="97,84,86,71,90,83,120,129,3,66,69,91,10" hai1="99,118,12,21,100,78,46,43,14,110,81,82,29" hai2="2,20,39,62,125,77,52,113,53,13,56,28,80" hai3="61,135,58,48,64,47,22,9,85,50,127,40,49"/><U35/><E118/><V112/><F2/><W131/><G9/><T72/><D120/><U93/><E110/><V63/><F39/><W54/><G85/><T111/><D72/><U134/><E134/><V6/><F6/><W41/><G127/><T16/><D111/><U132/><E100/><V7/><F7/><W128/><G135/><T68/><D129/><N who="3" m="49737" /><G22/><T101/><D3/><U126/><E132/><V1/><F1/><W87/><G87/><T79/><D66/><U31/><E126/><V109/><F125/><W76/><G76/><T124/><D124/><U5/><E35/><V119/><F119/><W30/><G30/><T133/><D133/><U116/><E116/><V130/><F130/><W67/><G47/><T75/><D75/><U122/><E122/><V96/><F109/><W60/><G54/><N who="2" m="21097" /><F96/><W44/><G44/><T19/><D10/><U102/><E31/><V103/><F103/><W55/><G55/><T98/><D79/><U65/><E29/><V114/><F13/><W92/><G92/><T106/><REACH who="0" step="1"/><D98/><REACH who="0" ten="245,268,252,225" step="2"/><U17/><E65/><N who="2" m="39111" /><F63/><W70/><AGARI ba="0,1" hai="40,41,48,49,50,58,60,61,64,67,70" m="49737" machi="70" ten="30,4000,0" yaku="19,1,34,2" doraHai="18" who="3" fromWho="3" sc="245,-10,268,-20,252,-10,225,50" /><INIT seed="2,0,0,1,3,26" ten="235,248,242,275" oya="2" hai0="39,54,34,97,35,43,96,89,108,28,117,104,29" hai1="86,88,8,90,27,23,71,127,74,40,95,50,81" hai2="118,115,4,20,21,47,78,52,99,51,116,132,111" hai3="66,126,110,31,64,73,98,131,109,44,13,61,65"/><V135/><F4/><W69/><G73/><T11/><D117/><N who="2" m="45162" /><F99/><W124/><G98/><T56/><D108/><N who="3" m="41577" /><G13/><T113/><D113/><U32/><E127/><N who="3" m="48682" /><G31/><T6/><D39/><U38/><E74/><V30/><F78/><W25/><G25/><T5/><D43/><U101/><E8/><V92/><F92/><W15/><G15/><T58/><D89/><U93/><E32/><V62/><F62/><W83/><G83/><T53/><REACH who="0" step="1"/><D11/><REACH who="0" ten="225,248,242,275" step="2"/><U10/><E38/><V14/><F14/><W67/><G131/><T9/><D9/><U103/><E71/><V100/><F100/><W114/><G114/><T7/><D7/><U49/><E103/><V59/><F115/><W120/><G120/><T33/><D33/><U68/><E101/><V19/><F111/><W72/><G72/><T76/><D76/><U125/><E68/><V134/><F47/><AGARI ba="0,1" hai="44,47,61,64,65,66,67,69" m="48682,41577" machi="47" ten="40,8000,1" yaku="14,1,18,1,34,2" doraHai="26" who="3" fromWho="2" sc="225,0,248,0,242,-80,275,90" /><INIT seed="3,0,0,2,0,2" ten="225,248,162,365" oya="3" hai0="49,125,122,101,71,96,97,47,59,27,93,82,74" hai1="4,110,90,128,30,63,6,117,98,123,17,129,113" hai2="26,112,33,127,124,29,135,130,32,60,92,15,24" hai3="58,68,66,133,20,118,85,56,16,76,12,44,131"/><W14/><G118/><T77/><D71/><U0/><E113/><V70/><F92/><W88/><G68/><T5/><D122/><U99/><E123/><V7/><F112/><W23/><G76/><T18/><D125/><N who="2" m="48202" /><F15/><W94/><G131/><N who="1" m="50250" /><E110/><V65/><F7/><N who="1" m="2601" /><E17/><V3/><F3/><W100/><G100/><T69/><D69/><U42/><E30/><N who="2" m="19527" /><F130/><W95/><G133/><AGARI ba="0,0" hai="26,29,33,60,65,70,133,135" m="19527,48202" machi="133" ten="30,2000,0" yaku="18,1,23,1" doraHai="2" who="2" fromWho="3" sc="225,0,248,0,162,20,365,-20" owari="225,-17.0,248,5.0,182,-32.0,345,44.0" /></mjloggm>