<mjloggm ver="2.3"><GO type="97" lobby="0"/><UN n0="%E3%82%A6%E3%83%AB%E3%83%88%E3%83%A9%E7%AB%8B%E7%9B%B4" n1="%E6%9C%AB%E6%91%98%E8%8A%B1" n2="%E5%A4%A7%E6%8E%88" n3="%48%61%72%72%69%73%73" dan="14,16,13,13" rate="1953.61,2005.13,1912.84,1885.55" sx="M,F,M,M"/><TAIKYOKU oya="0"/><INIT seed="0,0,0,4,1,115" ten="250,250,250,250" oya="0" hai0="129,17,45,46,8,131,37,81,77,16,19,90,54" hai1="93,89,29,118,7,41,42,48,106,79,97,15,83" hai2="61,52,72,80,74,94,63,36,114,123,95,112,20" hai3="31,120,40,1,88,65,71,23,0,2,24,99,86"/><T76/><D90/><U132/><E118/><V58/><F123/><W25/><G120/><T53/><D8/><U135/><E29/><V13/><F36/><W111/><G111/><T73/><D37/><U18/><E7/><V116/><F80/><W75/><G75/><T3/><D3/><U113/><E106/><V21/><F13/><W87/><G40/><T26/><D26/><U6/><E6/><V134/><F134/><N who="1" m="51241" /><E48/><V4/><F4/><W125/><G125/><T38/><D38/><U34/><E34/><V92/><F58/><W12/><G71/><T107/><D107/><U122/><E113/><N who="2" m="43627" /><F52/><N who="0" m="20074" /><D81/><U78/><E122/><V70/><F70/><W102/><G102/><T128/><BYE who="3" /><D73/><N who="2" m="28266" /><F116/><W43/><G43/><N who="1" m="16394" /><E83/><V109/><F109/><W103/><G103/><T121/><D121/><U22/><AGARI ba="0,0" hai="15,18,22,78,79,89,93,97" m="16394,51241" machi="22" ten="30,1100,0" yaku="20,1" doraHai="115" who="1" fromWho="1" sc="250,-5,250,11,250,-3,250,-3" /><INIT seed="1,0,0,2,1,115" ten="245,261,247,247" oya="1" hai0="79,14,74,31,13,107,34,84,39,100,90,120,61" hai1="10,64,126,133,81,78,109,65,1,111,32,49,71" hai2="69,9,96,128,113,12,15,134,88,3,53,86,52" hai3="19,116,118,127,106,11,103,131,43,67,89,51,38"/><U18/><E126/><V28/><F69/><UN n3="%48%61%72%72%69%73%73" /><W50/><G127/><T4/><D39/><U94/><E133/><V132/><F113/><W80/><G131/><T123/><D120/><U57/><E32/><V101/><F3/><W95/><G67/><T47/><D123/><U59/><E94/><V135/><F128/><W25/><G80/><N who="0" m="45175" /><D47/><U92/><E92/><N who="2" m="54295" /><F28/><W0/><G38/><T130/><D4/><U76/><E78/><V117/><F117/><N who="3" m="45163" /><G43/><T124/><D130/><U6/><E18/><N who="2" m="8463" /><F15/><N who="3" m="7679" /><G0/><T46/><D13/><U36/><E36/><V62/><F62/><W41/><G41/><T104/><D14/><U17/><E17/><V23/><F23/><W93/><G25/><T72/><D124/><U98/><E71/><V82/><F82/><W99/><G106/><AGARI ba="0,0" hai="52,53,96,101,106,132,134,135" m="8463,54295" machi="106" ten="30,3900,0" yaku="20,1,54,2" doraHai="115" who="2" fromWho="3" sc="245,0,261,0,247,39,247,-39" /><INIT seed="2,0,0,4,0,30" ten="245,261,286,208" oya="2" hai0="127,123,44,128,91,60,135,49,100,75,33,67,39" hai1="10,99,74,21,55,131,2,71,50,61,102,35,1" hai2="108,11,4,118,15,9,14,65,126,22,106,7,86" hai3="117,45,132,103,16,32,84,51,42,68,56,19,94"/><V124/><F118/><W53/><G68/><T48/><D75/><U92/><E74/><V111/><F106/><W79/><G117/><T36/><D123/><U113/><E113/><V88/><F65/><W72/><G132/><T112/><D100/><U70/><E35/><V87/><F22/><W17/><G72/><T54/><D33/><U83/><E83/><V115/><F115/><W34/><G79/><T89/><D91/><AGARI ba="0,0" hai="4,7,9,11,14,15,86,87,88,91,108,111,124,126" machi="91" ten="25,4800,0" yaku="22,2,54,1" doraHai="30" who="2" fromWho="0" sc="245,-48,261,0,286,48,208,0" /><INIT seed="2,1,0,1,5,98" ten="197,261,334,208" oya="2" hai0="21,34,49,66,126,110,78,14,59,25,55,132,70" hai1="116,41,129,44,108,106,35,3,79,73,120,4,38" hai2="6,15,71,117,107,87,22,2,75,91,92,131,82" hai3="18,65,105,100,53,121,115,67,133,24,93,0,85"/><V90/><F71/><W68/><G0/><T103/><D126/><U64/><RYUUKYOKU type="yao9" ba="1,0" sc="197,0,261,0,334,0,208,0" hai1="3,4,35,38,41,44,64,73,79,106,108,116,120,129" /><INIT seed="2,2,0,4,4,114" ten="197,261,334,208" oya="2" hai0="5,32,6,51,123,76,1,81,26,54,17,10,112" hai1="12,21,105,126,72,127,29,108,131,30,18,63,77" hai2="130,82,110,83,125,135,104,49,97,45,19,13,33" hai3="52,4,40,96,7,24,102,58,28,46,134,69,44"/><V2/><F2/><W53/><G69/><T133/><D112/><U111/><E105/><V65/><F135/><W103/><G134/><T36/><D36/><U113/><E113/><V37/><F37/><W66/><G66/><T99/><D133/><U132/><E132/><V64/><F130/><W107/><G102/><T80/><D123/><U16/><E77/><V121/><F121/><W41/><G44/><T128/><D128/><U94/><E94/><V43/><F33/><W92/><G107/><T90/><D6/><N who="3" m="2089" /><G46/><T48/><D48/><U50/><E50/><V35/><F35/><W115/><G115/><T118/><D99/><U56/><E63/><V85/><F125/><N who="1" m="47625" /><E56/><V39/><F39/><W34/><G34/><T47/><D90/><U71/><E71/><V38/><F38/><W9/><G9/><T60/><D60/><U8/><E72/><V95/><F104/><W98/><G98/><T122/><D122/><U74/><E74/><V124/><F110/><N who="1" m="42025" /><E131/><V55/><F124/><W93/><G93/><T20/><D32/><U3/><E3/><V73/><F73/><W42/><G58/><T57/><D57/><U106/><E106/><V27/><F27/><AGARI ba="2,0" hai="8,12,16,18,21,27,29,30" m="42025,47625" machi="27" ten="30,8000,1" yaku="18,1,14,1,34,2,54,1" doraHai="114" who="1" fromWho="2" sc="197,0,261,86,334,-86,208,0" /><INIT seed="3,0,0,1,1,50" ten="197,347,248,208" oya="3" hai0="73,86,33,132,131,67,123,118,107,94,125,46,76" hai1="58,81,89,102,38,8,99,32,113,4,127,10,15" hai2="25,116,83,109,36,1,70,48,39,68,96,98,57" hai3="43,44,121,78,74,128,42,133,28,55,62,93,134"/><W110/><G121/><T0/><RYUUKYOKU type="yao9" ba="0,0" sc="197,0,347,0,248,0,208,0" hai0="0,33,46,67,73,76,86,94,107,118,123,125,131,132" /><INIT seed="3,1,0,3,1,90" ten="197,347,248,208" oya="3" hai0="50,46,28,102,24,95,3,23,29,68,74,40,63" hai1="116,87,6,118,111,2,8,82,7,11,30,96,62" hai2="59,101,65,132,55,70,10,64,34,22,1,54,109" hai3="98,133,113,107,112,4,128,21,121,76,20,94,122"/><W130/><G4/><T80/><D3/><U117/><E111/><V45/><F132/><W43/><G43/><T42/><D74/><U75/><E75/><V93/><F109/><W91/><G20/><T119/><D119/><U73/><E73/><V47/><F34/><W89/><G21/><T126/><D126/><U58/><E96/><V18/><F1/><W26/><G26/><T37/><D80/><U19/><E19/><V84/><F70/><W77/><G107/><T127/><D127/><U39/><E30/><N who="0" m="11881" /><D68/><U86/><E39/><V97/><F55/><W85/><G133/><T67/><D37/><U36/><E36/><V61/><F84/><W134/><G134/><T9/><D9/><U99/><E99/><V13/><REACH who="2" step="1"/><F10/><REACH who="2" ten="197,347,238,208" step="2"/><W48/><G122/><T0/><D0/><N who="1" m="71" /><E82/><V32/><F32/><W123/><G121/><T79/><D42/><U88/><E11/><V114/><F114/><N who="3" m="44139" /><G123/><T110/><D110/><U104/><E2/><V120/><F120/><W103/><G48/><T69/><D50/><U60/><E7/><V51/><F51/><W12/><G12/><T57/><D69/><U72/><E72/><V129/><F129/><N who="3" m="49771" /><G103/><T92/><D102/><U15/><E15/><V33/><F33/><W38/><G38/><T53/><D40/><U124/><E124/><V106/><F106/><W78/><G78/><T135/><D79/><U81/><E104/><V27/><F27/><W83/><AGARI ba="1,1" hai="76,77,83,85,89,91,94,98" m="49771,44139" machi="83" ten="30,11700,0" yaku="19,1,34,2,52,1" doraHai="90" who="3" fromWho="3" sc="197,-40,347,-40,238,-40,208,130" owari="157,-34.0,307,11.0,198,-20.0,338,43.0" /></mjloggm>