<mjloggm ver="2.3"><GO type="97" lobby="0"/><UN n0="%E3%83%A1%E3%83%AD%E3%83%BC%E3%83%8D" n1="%E3%82%A6%E3%83%AB%E3%83%88%E3%83%A9%E7%AB%8B%E7%9B%B4" n2="%E3%81%B6%E3%82%8B%E3%81%82%E3%81%82%E3%81%82%E3%81%82%E3%81%82%EF%BC%81" n3="%E2%98%85%E3%81%84%E3%81%91%E3%81%A3%E3%81%A1%E2%98%85" dan="14,15,14,13" rate="2031.19,1994.46,1901.41,1843.88" sx="M,M,M,F"/><TAIKYOKU oya="0"/><INIT seed="0,0,0,1,2,30" ten="250,250,250,250" oya="0" hai0="112,1,87,11,33,117,0,60,48,65,83,22,114" hai1="98,91,77,25,125,54,61,93,58,8,95,72,57" hai2="109,103,45,50,55,53,38,129,100,71,75,85,39" hai3="17,115,21,31,43,127,92,36,18,62,113,130,37"/><T82/><D117/><U24/><E125/><V51/><F109/><W44/><G37/><T20/><D48/><U15/><E77/><V94/><F71/><W126/><G62/><T107/><D107/><U41/><E72/><V132/><F75/><W16/><G92/><T118/><D118/><U70/><E70/><V81/><F132/><W66/><G66/><T104/><D104/><U26/><E41/><V133/><F133/><W4/><G4/><T32/><D11/><U79/><E79/><V13/><F13/><W23/><G130/><T5/><D5/><U3/><E3/><V52/><F129/><W101/><G101/><T2/><D87/><U69/><E69/><V35/><F35/><N who="0" m="13386" /><D60/><U14/><E8/><V105/><F105/><W119/><G119/><T59/><D59/><U97/><E58/><V84/><F103/><AGARI ba="0,0" hai="14,15,24,25,26,54,57,61,91,93,95,97,98,103" machi="103" ten="40,1300,0" yaku="8,1" doraHai="30" who="1" fromWho="2" sc="250,0,250,13,250,-13,250,0" /><BYE who="2" /><UN n2="%E3%81%B6%E3%82%8B%E3%81%82%E3%81%82%E3%81%82%E3%81%82%E3%81%82%EF%BC%81" /><INIT seed="1,0,0,4,2,24" ten="250,263,237,250" oya="1" hai0="83,43,7,99,100,33,8,68,45,115,61,9,105" hai1="77,10,54,30,46,60,55,75,27,40,56,15,64" hai2="52,72,41,107,71,132,74,22,119,44,25,29,76" hai3="38,62,129,113,89,95,98,87,11,127,2,82,50"/><U69/><E77/><V80/><F119/><W3/><G113/><T96/><D115/><U70/><E75/><V13/><F107/><W118/><G118/><T93/><D83/><U59/><E15/><V128/><F128/><W32/><G129/><T110/><D33/><U78/><E10/><V133/><F71/><N who="1" m="27145" /><E27/><V34/><F13/><W67/><G127/><T23/><D23/><U65/><E30/><V112/><F112/><W102/><G32/><T12/><D8/><U19/><E19/><V63/><F74/><W51/><G38/><T91/><D99/><U36/><E78/><V123/><F34/><W130/><G130/><T20/><D20/><U84/><E84/><V103/><F103/><W106/><G11/><T109/><D100/><U4/><E4/><V131/><F131/><W39/><G39/><N who="0" m="21759" /><D105/><U111/><E111/><N who="0" m="42505" /><D68/><U49/><AGARI ba="0,0" hai="36,40,46,49,54,55,56,59,60,64,65" m="27145" machi="49" ten="30,12000,1" yaku="35,5" doraHai="24" who="1" fromWho="1" sc="250,-40,263,120,237,-40,250,-40" /><INIT seed="1,1,0,5,2,106" ten="210,383,197,210" oya="1" hai0="35,111,51,13,36,119,25,90,93,42,43,55,71" hai1="100,21,74,75,5,28,8,49,63,20,60,19,130" hai2="96,10,113,89,103,47,133,83,48,1,0,76,80" hai3="11,81,135,107,31,29,54,39,58,12,122,124,16"/><U129/><E100/><V30/><F30/><W9/><G122/><T101/><D101/><U79/><E79/><V70/><F70/><W15/><G107/><T131/><D71/><U56/><E49/><V57/><F57/><W120/><G120/><T66/><D111/><U97/><E97/><V62/><F62/><W86/><G39/><T116/><D66/><U46/><E46/><V134/><F134/><W87/><G124/><T95/><D131/><N who="1" m="50187" /><E28/><N who="3" m="10826" /><G135/><T108/><D51/><U132/><E132/><V125/><F133/><W104/><G104/><T50/><D108/><U128/><E128/><V105/><F125/><W6/><G81/><T118/><D50/><AGARI ba="1,0" hai="6,9,11,12,15,16,50,54,58,86,87" m="10826" machi="50" ten="30,2000,0" yaku="8,1,54,1" doraHai="106" who="3" fromWho="0" sc="210,-23,383,0,197,0,210,23" /><INIT seed="2,0,0,0,0,56" ten="187,383,197,233" oya="2" hai0="51,93,44,103,78,88,26,91,50,117,133,23,100" hai1="1,47,41,24,89,92,77,3,90,12,109,80,45" hai2="27,69,43,38,54,122,130,29,98,128,40,48,131" hai3="49,82,110,65,126,75,66,86,81,10,67,64,129"/><V6/><F98/><W85/><N who="3" m="16384" /><DORA hai="15" /><W112/><G112/><T123/><D123/><U119/><E89/><N who="0" m="34377" /><D133/><U127/><E47/><N who="2" m="23959" /><F6/><W36/><G36/><T25/><D78/><U13/><E24/><N who="0" m="9321" /><D117/><U76/><E76/><V106/><F106/><W19/><G75/><T46/><D23/><U79/><E79/><V11/><F11/><W74/><G74/><T102/><D93/><U118/><E77/><V58/><F122/><W5/><G129/><N who="2" m="33025" /><V57/><DORA hai="35" /><F43/><W114/><G114/><T39/><D39/><U108/><E41/><V7/><F7/><W83/><G126/><T31/><D31/><U113/><E127/><V16/><F29/><W22/><G49/><AGARI ba="0,0" hai="44,46,49,50,51,100,102,103" m="9321,34377" machi="49" ten="30,7700,0" yaku="28,2,8,1,54,1" doraHai="56,15,35" who="0" fromWho="3" sc="187,77,383,0,197,0,233,-77" /><INIT seed="3,0,0,5,2,0" ten="264,383,197,156" oya="3" hai0="100,8,85,80,98,106,73,45,83,133,101,119,4" hai1="84,90,31,112,117,104,30,118,43,10,42,88,89" hai2="111,130,5,54,59,7,109,37,32,25,3,17,125" hai3="60,16,127,50,46,122,110,74,81,33,27,6,78"/><W58/><G122/><T113/><D119/><N who="1" m="45579" /><E104/><V28/><F37/><W56/><G127/><T62/><D62/><U96/><E96/><V105/><F105/><W129/><G129/><T87/><D45/><U14/><E84/><V107/><F107/><W39/><G39/><T13/><D73/><U120/><E112/><V128/><F3/><W64/><G110/><N who="2" m="41993" /><F17/><W102/><G102/><T75/><D75/><U67/><E67/><V86/><F86/><W38/><G38/><T103/><D133/><U11/><E11/><V134/><F134/><W69/><G6/><N who="2" m="2057" /><F125/><W91/><G91/><T51/><D51/><AGARI ba="0,0" hai="25,28,32,51,54,59,128,130" m="2057,41993" machi="51" ten="30,7700,0" yaku="14,1,52,3" doraHai="0" who="2" fromWho="0" sc="264,-77,383,0,197,77,156,0" owari="187,-21.0,383,48.0,274,7.0,156,-34.0" /></mjloggm>