<mjloggm ver="2.3"><GO type="169" lobby="0"/><UN n0="%E3%82%A6%E3%83%AB%E3%83%88%E3%83%A9%E7%AB%8B%E7%9B%B4" n1="%E9%8A%80%E3%81%B0%E3%81%95%E3%81%BF" n2="%55%4E%4B%4F%63%68%61%6E" n3="%73%68%6F%6F%74%33%39" dan="17,18,16,19" rate="2138.52,2115.15,2138.55,2231.55" sx="M,M,M,M"/><TAIKYOKU oya="0"/><INIT seed="0,0,0,1,3,96" ten="250,250,250,250" oya="0" hai0="93,62,43,47,3,61,54,76,13,98,11,85,119" hai1="115,116,69,37,19,71,97,130,16,120,88,91,132" hai2="45,6,42,107,5,33,46,114,44,57,28,68,10" hai3="36,23,30,9,73,51,75,77,122,99,128,110,131"/><T65/><D3/><U72/><E37/><V40/><F68/><W123/><G36/><T133/><D133/><U48/><E72/><V63/><F114/><W121/><G110/><T103/><D119/><U60/><E120/><V80/><F107/><W135/><G135/><T18/><D54/><U81/><E132/><V112/><F112/><W117/><G117/><T86/><D76/><U29/><E115/><V78/><F28/><W83/><G75/><T2/><D2/><U66/><E116/><V41/><F33/><W108/><G108/><T1/><D1/><U0/><E0/><V34/><F34/><W106/><G9/><T50/><REACH who="0" step="1"/><D61/><REACH who="0" ten="240,250,250,250" step="2"/><U17/><E60/><V22/><F22/><W27/><G123/><T105/><D105/><U84/><E66/><V53/><REACH who="2" step="1"/><F10/><REACH who="2" ten="240,250,240,250" step="2"/><W35/><G122/><T52/><D52/><U55/><E55/><V101/><F101/><W64/><G121/><T70/><AGARI ba="0,2" hai="11,13,18,43,47,50,62,65,70,85,86,93,98,103" machi="70" ten="20,12000,1" yaku="1,1,0,1,7,1,52,1,53,1" doraHai="96" doraHaiUra="94" who="0" fromWho="0" sc="240,140,250,-40,240,-40,250,-40" /><INIT seed="0,1,0,3,2,23" ten="380,210,200,210" oya="0" hai0="123,100,78,106,129,18,62,79,90,66,83,26,111" hai1="43,103,135,2,97,6,108,92,93,14,59,119,41" hai2="88,31,24,134,53,35,128,125,133,60,37,74,45" hai3="20,19,101,98,48,54,17,42,107,13,10,15,55"/><T16/><D123/><U46/><E2/><V5/><F74/><W80/><REACH who="3" step="1"/><G80/><REACH who="3" ten="380,210,200,200" step="2"/><T104/><D83/><U113/><E119/><V82/><F125/><W64/><G64/><T73/><D73/><U51/><E113/><V30/><F128/><W99/><G99/><T38/><D129/><U4/><E97/><V81/><F81/><W68/><G68/><T75/><D75/><U1/><E108/><V131/><F131/><W69/><G69/><T34/><D79/><U127/><E127/><V84/><F5/><W36/><G36/><T61/><D78/><U63/><E6/><V67/><F45/><AGARI ba="1,1" hai="10,13,15,17,19,20,42,45,48,54,55,98,101,107" machi="45" ten="40,2600,0" yaku="21,2,53,0" doraHai="23" doraHaiUra="28" who="3" fromWho="2" sc="380,0,210,0,200,-29,200,39" /><INIT seed="1,0,0,3,0,32" ten="380,210,171,239" oya="1" hai0="69,21,8,118,106,48,61,36,28,12,78,38,2" hai1="89,82,15,135,115,43,122,37,75,123,112,46,128" hai2="133,119,98,31,55,4,0,6,105,71,24,23,86" hai3="102,93,59,53,108,27,126,16,121,114,100,94,20"/><U132/><E15/><V57/><F119/><W68/><G121/><N who="1" m="46090" /><E89/><V40/><F71/><W42/><G68/><T3/><D78/><N who="1" m="44383" /><E128/><V7/><F133/><AGARI ba="0,0" hai="37,43,46,112,115,132,133,135" m="44383,46090" machi="133" ten="30,2900,0" yaku="20,1,23,1" doraHai="32" who="1" fromWho="2" sc="380,0,210,29,171,-29,239,0" /><INIT seed="1,1,0,1,3,133" ten="380,239,142,239" oya="1" hai0="100,14,29,123,79,50,118,57,80,63,1,98,47" hai1="119,8,43,90,86,96,12,102,124,56,104,27,111" hai2="25,13,33,6,114,58,5,20,24,75,41,130,122" hai3="110,69,42,88,84,17,74,18,125,116,77,49,112"/><U81/><E119/><V61/><F75/><W67/><G112/><T106/><D1/><U34/><E43/><V22/><F114/><W11/><G116/><T66/><D118/><U93/><E111/><V3/><F122/><W103/><G110/><T108/><D108/><U31/><E56/><V19/><F41/><W2/><G103/><T46/><D123/><U73/><E124/><V39/><F39/><W9/><G77/><T78/><D29/><U55/><E55/><V28/><F130/><W68/><G74/><T126/><D126/><U37/><E37/><V85/><F85/><W129/><G2/><T120/><D120/><U83/><REACH who="1" step="1"/><E73/><REACH who="1" ten="380,229,142,239" step="2"/><V36/><F36/><W107/><G42/><T87/><D57/><U99/><E99/><V21/><F58/><W91/><G125/><T65/><D65/><U64/><E64/><V40/><F40/><W45/><G67/><T76/><D66/><U48/><E48/><V44/><F61/><W115/><G49/><T131/><D63/><U53/><E53/><V16/><F44/><W26/><G45/><T60/><D60/><U10/><E10/><N who="2" m="2367" /><F6/><AGARI ba="1,1" hai="6,8,12,27,31,34,81,83,86,90,93,96,102,104" machi="6" ten="30,2900,0" yaku="1,1,7,1,53,0" doraHai="133" doraHaiUra="109" who="1" fromWho="2" sc="380,0,229,42,142,-32,239,0" /><INIT seed="1,2,0,1,3,24" ten="380,271,110,239" oya="1" hai0="36,81,106,123,37,95,28,10,99,128,13,129,20" hai1="88,85,121,64,105,108,30,131,97,63,9,2,27" hai2="42,89,96,29,59,91,135,134,110,54,65,43,15" hai3="84,25,122,18,52,49,118,16,120,21,5,60,132"/><U51/><E121/><V113/><F110/><W12/><G118/><T55/><D106/><U78/><E131/><N who="0" m="50249" /><D123/><U98/><E78/><V103/><F113/><W107/><G132/><N who="2" m="50729" /><F65/><W62/><G107/><T73/><D55/><U19/><E51/><N who="2" m="31199" /><F15/><W71/><G5/><T61/><D61/><U79/><E79/><V56/><F56/><W8/><G62/><T45/><D45/><U115/><E115/><V74/><F74/><W109/><G109/><T38/><D81/><U126/><E105/><N who="2" m="63719" /><F29/><W31/><G84/><T22/><D73/><U69/><E108/><V102/><F102/><W92/><G92/><T93/><D28/><U17/><E126/><V80/><F80/><W90/><G90/><AGARI ba="2,0" hai="42,43,89,90,91" m="63719,31199,50729" machi="90" ten="30,1000,0" yaku="20,1" doraHai="24" who="2" fromWho="3" sc="380,0,271,0,110,16,239,-16" /><INIT seed="2,0,0,4,3,112" ten="380,271,126,223" oya="2" hai0="58,89,106,128,123,15,32,8,11,75,82,1,131" hai1="114,109,135,21,54,71,2,40,73,28,41,68,81" hai2="4,55,20,116,42,119,57,39,65,92,6,7,126" hai3="100,38,94,26,110,27,33,78,88,36,47,124,70"/><V52/><F126/><W96/><G70/><T43/><D32/><U85/><E2/><V104/><F104/><W120/><G120/><T134/><D106/><U115/><E73/><V79/><F79/><W91/><G124/><T17/><D123/><U12/><E135/><V95/><F65/><W127/><G127/><T87/><D134/><U72/><E72/><V69/><F69/><W60/><G78/><T9/><D75/><U34/><E34/><V83/><F83/><W90/><G110/><T111/><D111/><U25/><E109/><V118/><F20/><W46/><G60/><T14/><D43/><U80/><E12/><V48/><REACH who="2" step="1"/><F55/><REACH who="2" ten="380,271,116,223" step="2"/><W53/><G53/><T16/><D8/><U30/><E21/><V10/><F10/><W31/><G33/><T102/><D1/><U37/><E54/><V93/><F93/><W56/><G94/><T66/><D102/><U74/><E68/><V62/><F62/><AGARI ba="0,1" hai="9,11,14,15,16,17,58,62,66,82,87,89,128,131" machi="62" ten="40,2600,0" yaku="9,1,54,1" doraHai="112" who="0" fromWho="2" sc="380,36,271,0,116,-26,223,0" /><INIT seed="3,0,0,0,5,19" ten="416,271,90,223" oya="3" hai0="129,80,76,117,110,54,16,9,57,42,1,74,126" hai1="6,72,40,118,62,38,60,2,109,59,47,113,95" hai2="107,84,102,49,105,87,128,17,53,135,81,112,23" hai3="71,90,108,27,96,116,41,64,14,13,48,123,101"/><W73/><G123/><T130/><D110/><U50/><E113/><V125/><F112/><W21/><G73/><T122/><D117/><U18/><E118/><V82/><F125/><W104/><G116/><T115/><D122/><U29/><E109/><V83/><F128/><W5/><G108/><T32/><D32/><U24/><E18/><V134/><F102/><W37/><G37/><T20/><D42/><U103/><E72/><V99/><F99/><W31/><G5/><T51/><D115/><U66/><E62/><V106/><F49/><W111/><G111/><T97/><D97/><U26/><E26/><V55/><F55/><W100/><G100/><T114/><D114/><U69/><E2/><V61/><F53/><W44/><REACH who="3" step="1"/><G90/><REACH who="3" ten="416,271,90,213" step="2"/><T46/><D129/><U39/><E6/><V67/><F134/><W121/><G121/><T98/><D130/><U58/><E38/><V132/><F132/><W91/><G91/><T93/><D74/><U35/><E39/><V94/><F135/><W30/><G30/><T22/><D126/><U86/><E103/><V133/><F133/><W131/><G131/><T33/><D1/><U4/><E4/><V8/><F8/><W78/><G78/><T28/><D76/><U88/><AGARI ba="0,1" hai="24,29,35,40,47,50,58,59,60,66,69,86,88,95" machi="88" ten="30,2000,0" yaku="0,1,54,1" doraHai="19" who="1" fromWho="1" sc="416,-5,271,30,90,-5,213,-10" /><INIT seed="4,0,0,5,1,30" ten="411,301,85,203" oya="0" hai0="98,82,70,85,105,5,15,41,80,42,56,8,64" hai1="84,36,11,126,71,73,33,27,97,124,79,51,20" hai2="6,76,86,67,89,2,46,116,48,72,44,66,29" hai3="65,35,95,23,22,130,60,131,121,13,50,28,88"/><T68/><D68/><U55/><E36/><V39/><F116/><W133/><G133/><T53/><D70/><U45/><E71/><V61/><F29/><W47/><G121/><T114/><D64/><U103/><E73/><V106/><F106/><W19/><G60/><T1/><D1/><U96/><E11/><V58/><F76/><W123/><G65/><T92/><D105/><U129/><E129/><N who="3" m="49162" /><G123/><T16/><D5/><U62/><E62/><V57/><F72/><W34/><G23/><T7/><D7/><U93/><E97/><V32/><F39/><W99/><G28/><T120/><D120/><U77/><E77/><V125/><F66/><W122/><G122/><T21/><D8/><U12/><E79/><V113/><F2/><W4/><G4/><T14/><D14/><U75/><E12/><V17/><F6/><W81/><G81/><T117/><D117/><U135/><E75/><V63/><F63/><W134/><G134/><T107/><D107/><U108/><E135/><V109/><F61/><W112/><G112/><T18/><D18/><N who="1" m="12695" /><E84/><V40/><F17/><W104/><G104/><T90/><D114/><U83/><E83/><N who="0" m="31785" /><D98/><U119/><E119/><V37/><F67/><W3/><G3/><T91/><D91/><U31/><E31/><V54/><F113/><W128/><G128/><T132/><D132/><U10/><E10/><V101/><F37/><W26/><G13/><T100/><D100/><U0/><E0/><V59/><F89/><W43/><AGARI ba="0,0" hai="19,22,26,34,35,43,47,50,88,95,99" m="49162" machi="43" ten="30,7900,0" yaku="19,1,52,2,54,1" doraHai="30" who="3" fromWho="3" sc="411,-39,301,-20,85,-20,203,79" /><INIT seed="5,0,0,4,0,83" ten="372,281,65,282" oya="1" hai0="126,96,53,69,100,23,14,67,123,128,55,127,62" hai1="27,88,101,4,117,79,129,99,76,73,95,130,44" hai2="34,30,77,1,93,42,47,7,52,40,133,134,118" hai3="65,109,43,59,11,13,104,16,92,49,50,33,87"/><U78/><E4/><V39/><F118/><W17/><G104/><N who="0" m="63495" /><D128/><N who="1" m="49259" /><E27/><N who="2" m="18783" /><F77/><N who="1" m="29801" /><E44/><V35/><F35/><W18/><G109/><T106/><D106/><U107/><E117/><V72/><F72/><W41/><G33/><T48/><D48/><N who="3" m="18537" /><G59/><T66/><D66/><U28/><E28/><V29/><F29/><W81/><G92/><T24/><D14/><U63/><E63/><V115/><F93/><W74/><G74/><T105/><D105/><U10/><E10/><N who="2" m="2415" /><F42/><N who="3" m="15883" /><G65/><T9/><D9/><U37/><E37/><V119/><F52/><W116/><G116/><T5/><D5/><U108/><E108/><V112/><F119/><W91/><AGARI ba="0,0" hai="11,13,16,17,18,81,87,91" m="15883,18537" machi="91" ten="30,4000,0" yaku="8,1,52,1,54,1" doraHai="83" who="3" fromWho="3" sc="372,-10,281,-20,65,-10,282,40" /><INIT seed="6,0,0,1,2,7" ten="362,261,55,322" oya="2" hai0="74,15,55,83,65,13,12,36,98,131,105,97,99" hai1="85,122,11,123,6,28,72,19,135,77,121,109,92" hai2="48,34,54,78,39,70,49,38,114,73,50,67,9" hai3="53,120,26,5,35,126,132,63,76,18,29,56,128"/><V101/><F34/><W10/><G120/><T57/><D36/><U44/><E109/><V33/><F33/><W61/><G132/><T90/><D105/><U23/><E135/><V58/><F101/><W96/><G128/><T84/><D74/><U95/><E28/><V68/><F78/><W21/><G126/><T111/><D111/><U86/><E72/><V116/><F73/><W51/><G76/><T79/><D131/><U117/><E117/><V113/><F116/><W3/><G96/><T125/><D125/><U37/><E37/><N who="2" m="13835" /><F9/><W16/><G18/><T119/><D119/><U69/><E77/><V127/><F127/><W27/><AGARI ba="0,0" hai="3,5,10,16,21,26,27,29,35,51,53,56,61,63" machi="27" ten="20,5200,0" yaku="0,1,7,1,52,1,54,1" doraHai="7" who="3" fromWho="3" sc="362,-13,261,-13,55,-26,322,52" /><INIT seed="7,0,0,1,1,15" ten="349,248,29,374" oya="3" hai0="41,69,18,12,27,76,71,112,100,125,24,95,22" hai1="87,40,83,111,74,130,11,58,21,39,25,88,14" hai2="124,7,1,122,129,82,89,28,92,81,61,84,127" hai3="57,45,91,101,10,47,70,42,66,99,23,107,121"/><W116/><G121/><T29/><D125/><U97/><E130/><V93/><F61/><W134/><G116/><T73/><D112/><U115/><E115/><V117/><F28/><W68/><G134/><T48/><D73/><U0/><E0/><V118/><F7/><W8/><G57/><T67/><D76/><U104/><E111/><V102/><F1/><W59/><G59/><T54/><D41/><U9/><E39/><V5/><F5/><W32/><G32/><T133/><D133/><U31/><E40/><V75/><F129/><W105/><G105/><T4/><D67/><U56/><E74/><V33/><F33/><W80/><G23/><T13/><D69/><U3/><E3/><V63/><F63/><W16/><G10/><N who="0" m="4167" /><D71/><U94/><E104/><V30/><F30/><W43/><G66/><T26/><D29/><U126/><E126/><V49/><F49/><W35/><G35/><T96/><D13/><U98/><E9/><V135/><F135/><W72/><G72/><T55/><D55/><U51/><E51/><V132/><F132/><W123/><G123/><T2/><D2/><U6/><REACH who="1" step="1"/><E98/><REACH who="1" ten="349,238,29,374" step="2"/><V85/><F75/><W53/><G43/><T37/><D37/><U120/><E120/><V78/><F122/><W60/><G42/><T86/><D86/><U62/><E62/><V90/><REACH who="2" step="1"/><F78/><AGARI ba="0,1" hai="6,11,14,21,25,31,56,58,78,83,87,88,94,97" machi="78" ten="30,7700,0" yaku="1,1,7,1,8,1,54,1,53,0" doraHai="15" doraHaiUra="64" who="1" fromWho="2" sc="349,0,238,87,29,-77,374,0" owari="349,15.0,325,-7.0,-48,-55.0,374,47.0" /></mjloggm>