<mjloggm ver="2.3"><GO type="97" lobby="0"/><UN n0="%E3%82%A6%E3%83%AB%E3%83%88%E3%83%A9%E7%AB%8B%E7%9B%B4" n1="%E3%81%A8%E3%81%93%E3%81%93" n2="%E4%B9%9D%E6%98%9F%E6%9A%81%E9%9B%84%E9%A6%AC" n3="%48%49%2D%4E%41" dan="14,14,14,14" rate="1953.71,1940.17,1943.15,2007.26" sx="M,F,M,F"/><TAIKYOKU oya="0"/><INIT seed="0,0,0,0,0,48" ten="250,250,250,250" oya="0" hai0="68,4,123,15,6,58,66,11,118,124,29,22,101" hai1="9,23,129,112,69,33,5,94,82,0,135,53,40" hai2="64,102,109,10,28,49,32,20,41,54,119,79,72" hai3="105,106,92,127,117,86,60,122,21,126,116,130,83"/><T93/><D68/><U134/><E129/><V84/><F109/><W43/><G43/><T113/><D113/><U75/><E33/><V47/><F119/><N who="3" m="45643" /><G60/><N who="0" m="38167" /><D123/><U55/><E69/><V62/><F72/><W120/><G21/><T16/><D124/><N who="3" m="47657" /><G130/><T104/><D104/><N who="3" m="40041" /><G92/><T81/><D118/><U100/><E40/><V132/><F132/><N who="1" m="50729" /><E112/><V107/><F32/><W63/><G63/><T103/><D81/><U67/><E67/><V96/><F10/><W78/><AGARI ba="0,0" hai="78,83,86,120,122" m="40041,47657,45643" machi="78" ten="40,5200,0" yaku="18,1,34,2" doraHai="48" who="3" fromWho="3" sc="250,-26,250,-13,250,-13,250,52" /><INIT seed="1,0,0,3,1,2" ten="224,237,237,302" oya="1" hai0="106,0,57,30,34,23,28,66,74,126,31,45,47" hai1="89,130,4,93,63,21,19,87,26,97,133,50,116" hai2="16,60,117,24,120,83,46,127,131,108,101,111,18" hai3="81,103,79,95,37,61,35,122,110,32,105,65,55"/><U59/><E116/><V73/><F117/><W5/><G95/><T84/><D74/><U98/><E130/><V118/><F118/><W27/><G55/><T43/><D106/><U115/><E115/><V96/><F120/><W25/><G25/><T33/><D126/><U104/><E133/><V135/><F135/><W71/><G27/><T112/><D112/><U80/><E104/><V99/><F131/><W53/><G53/><T75/><D75/><U14/><E50/><V8/><F127/><W42/><G122/><T56/><D0/><U64/><REACH who="1" step="1"/><E93/><REACH who="1" ten="224,227,237,302" step="2"/><V51/><F60/><W17/><G61/><T13/><D34/><U92/><E92/><V48/><F48/><W15/><G105/><T132/><D33/><U36/><E36/><V20/><F51/><W100/><G37/><T113/><D132/><U82/><E82/><V70/><F83/><W67/><G81/><T85/><D113/><U62/><E62/><V124/><F124/><W41/><G35/><T107/><D107/><U38/><E38/><V134/><F134/><W12/><G32/><T94/><D94/><U114/><E114/><V76/><F101/><W7/><G103/><T109/><D43/><U86/><E86/><V49/><F96/><W6/><G100/><T29/><D85/><U9/><AGARI ba="0,1" hai="4,9,14,19,21,26,59,63,64,80,87,89,97,98" machi="9" ten="30,11700,0" yaku="1,1,0,1,8,1,52,1,53,0" doraHai="2" doraHaiUra="119" who="1" fromWho="1" sc="224,-39,227,127,237,-39,302,-39" /><INIT seed="1,1,0,5,0,21" ten="185,354,198,263" oya="1" hai0="66,53,52,0,47,130,34,75,58,83,119,106,49" hai1="50,11,56,77,103,65,7,104,37,29,39,25,12" hai2="36,91,123,88,55,127,113,87,114,41,28,107,27" hai3="80,62,131,30,101,108,68,26,43,105,4,35,22"/><U98/><E77/><V132/><F123/><W118/><G118/><T2/><D106/><U8/><E8/><V5/><F107/><W112/><G43/><T134/><D119/><U135/><E135/><V13/><F132/><W116/><G116/><T111/><D134/><U102/><E102/><V64/><F127/><W100/><G100/><T129/><D66/><U61/><REACH who="1" step="1"/><E50/><REACH who="1" ten="185,344,198,263" step="2"/><V110/><F110/><W33/><G101/><T124/><D124/><U96/><E96/><V46/><F64/><W89/><G108/><T90/><D111/><U54/><E54/><V109/><F109/><W128/><G131/><N who="0" m="50187" /><D0/><U120/><E120/><V115/><F55/><W18/><G128/><T76/><D2/><U31/><E31/><V59/><F87/><W32/><G30/><T48/><D90/><U78/><E78/><V44/><F91/><W1/><G89/><T42/><D42/><U23/><AGARI ba="1,1" hai="7,11,12,23,25,29,37,39,56,61,65,98,103,104" machi="23" ten="20,7800,0" yaku="1,1,0,1,7,1,52,1,53,0" doraHai="21" doraHaiUra="121" who="1" fromWho="1" sc="185,-27,344,91,198,-27,263,-27" /><INIT seed="1,2,0,3,0,120" ten="158,435,171,236" oya="1" hai0="127,93,66,55,45,92,21,121,75,15,19,88,39" hai1="116,57,64,18,3,58,14,22,90,94,96,30,74" hai2="97,82,2,71,128,46,76,126,10,102,33,103,79" hai3="130,53,61,135,110,89,25,50,105,86,104,38,87"/><U122/><E122/><V132/><F128/><W1/><G38/><T28/><D121/><U51/><E116/><V131/><F131/><W124/><G1/><T35/><D127/><U91/><E74/><V98/><F126/><W119/><G130/><T101/><D75/><U5/><E3/><V99/><F71/><W60/><G124/><T32/><D66/><U69/><E51/><V123/><F123/><W48/><G119/><T117/><D117/><U43/><E43/><V24/><F46/><W17/><G25/><T37/><D101/><U80/><E80/><V11/><F132/><W54/><G17/><T129/><D129/><U111/><E5/><V115/><F115/><W12/><G12/><T20/><D92/><U78/><E78/><N who="2" m="29739" /><F2/><W112/><G89/><T113/><D113/><U62/><E90/><V107/><F33/><W73/><G112/><T108/><D108/><U8/><E111/><V27/><F82/><W84/><G73/><T118/><D118/><U72/><E72/><V114/><F107/><N who="3" m="41035" /><G110/><T70/><D70/><U9/><E9/><N who="2" m="3083" /><F114/><W56/><G135/><T77/><D77/><U100/><E91/><V29/><F29/><W16/><G56/><T67/><D35/><U109/><E109/><V47/><F47/><W85/><G16/><T83/><D32/><U125/><E125/><V34/><F34/><W42/><G42/><T23/><D83/><U49/><E57/><V7/><F7/><W63/><N who="3" m="21504" /><DORA hai="81" /><W0/><G0/><T68/><D28/><U52/><E30/><V36/><F36/><W31/><G31/><T13/><D39/><RYUUKYOKU ba="2,0" sc="158,-30,435,10,171,10,236,10" hai1="8,14,18,22,49,52,58,62,64,69,94,96,100" hai2="24,27,97,98,99,102,103" hai3="48,50,53,54,60,61,63" /><INIT seed="1,3,0,5,1,39" ten="128,445,181,246" oya="1" hai0="114,89,58,98,61,107,74,16,47,94,76,131,134" hai1="109,42,111,10,17,88,117,14,30,110,75,15,11" hai2="18,78,8,31,132,100,37,69,52,130,1,50,7" hai3="59,44,45,77,101,115,49,85,21,73,4,104,35"/><U121/><E117/><V83/><F69/><W123/><G115/><T106/><D114/><U112/><E112/><V133/><F100/><W79/><G123/><T103/><D131/><U90/><E75/><V67/><F67/><W6/><G35/><T127/><D127/><U36/><E30/><V5/><F130/><W32/><G32/><T23/><D134/><N who="2" m="51818" /><F7/><N who="3" m="2603" /><G73/><T128/><D128/><U48/><E36/><V105/><F105/><W12/><G101/><T122/><D122/><U43/><E121/><V55/><F37/><W92/><G104/><T68/><D68/><U81/><E48/><V91/><F91/><N who="1" m="34857" /><E81/><V82/><F31/><W87/><G92/><T129/><D129/><U70/><E70/><V22/><F50/><W26/><G12/><T46/><D76/><N who="3" m="29257" /><G59/><T118/><D74/><U86/><E86/><N who="3" m="32778" /><G49/><T25/><D118/><U19/><AGARI ba="3,0" hai="10,11,14,15,17,19,42,43,109,110,111" m="34857" machi="19" ten="40,12000,1" yaku="14,1,10,1,52,2,54,1" doraHai="39" who="1" fromWho="1" sc="128,-43,445,129,181,-43,246,-43" /><INIT seed="1,4,0,0,0,81" ten="85,574,138,203" oya="1" hai0="75,116,41,42,8,101,17,94,29,125,127,54,98" hai1="13,129,84,71,90,56,62,46,74,87,50,38,28" hai2="37,122,86,36,65,1,40,77,88,18,106,59,31" hai3="47,4,126,99,63,135,113,109,112,95,100,30,34"/><U97/><E74/><V120/><F106/><W78/><G4/><T133/><D116/><U48/><E129/><V19/><F1/><W68/><G109/><T61/><D75/><U16/><E28/><V123/><F77/><W35/><G35/><T72/><D72/><U10/><E38/><V20/><F31/><W114/><G78/><T80/><D133/><U93/><E71/><V104/><F104/><N who="3" m="63519" /><G126/><T130/><D130/><U32/><E32/><V107/><F107/><W73/><G95/><T0/><D29/><U108/><E108/><V45/><F37/><W52/><G47/><T64/><D54/><N who="1" m="34071" /><E50/><V26/><F65/><N who="3" m="41023" /><G52/><AGARI ba="4,0" hai="10,13,16,46,48,52,84,87,90,93,97" m="34071" machi="52" ten="30,12000,1" yaku="8,1,52,2,54,2" doraHai="81" who="1" fromWho="3" sc="85,0,574,132,138,0,203,-132" /><INIT seed="1,5,0,3,1,25" ten="85,706,138,71" oya="1" hai0="32,14,87,58,118,33,134,128,96,47,42,61,73" hai1="8,120,6,3,60,27,133,59,46,84,30,106,12" hai2="127,135,86,1,98,31,90,63,10,107,112,81,79" hai3="83,28,116,51,100,39,101,40,85,50,124,72,82"/><U97/><E120/><V55/><F112/><W36/><G72/><T19/><D73/><U64/><E133/><V91/><F135/><W23/><G116/><T62/><D118/><U2/><E84/><V48/><F127/><W113/><G113/><T4/><D4/><U121/><E121/><V11/><F1/><W21/><G85/><T74/><D74/><U67/><E46/><V16/><F63/><W45/><G45/><T44/><D134/><U117/><E67/><V20/><F107/><W35/><G35/><T93/><D128/><U126/><E126/><V70/><F70/><W7/><G7/><T130/><D130/><U122/><E122/><V41/><F41/><W57/><G57/><T104/><D104/><U71/><E59/><N who="2" m="33255" /><F31/><W68/><G124/><T125/><D125/><U13/><E2/><V115/><F115/><W132/><G132/><T102/><D87/><U119/><E117/><V0/><F0/><W22/><G22/><T75/><D75/><U109/><E109/><V38/><F38/><W88/><G40/><T29/><D47/><U77/><E119/><V53/><F53/><W17/><G17/><T131/><D131/><U108/><E108/><V5/><F5/><W24/><G68/><T89/><D29/><U129/><E30/><V69/><F69/><W15/><G28/><T123/><D123/><U103/><E129/><V37/><F37/><W52/><G52/><N who="0" m="33991" /><D62/><U49/><E60/><V105/><F105/><W99/><G39/><N who="0" m="21599" /><D102/><U54/><E103/><V18/><F18/><W43/><G101/><T92/><D92/><U80/><E106/><RYUUKYOKU ba="5,0" sc="85,30,706,-10,138,-10,71,-10" hai0="14,19,32,33,89,93,96" /><INIT seed="2,6,0,4,5,72" ten="115,696,128,61" oya="2" hai0="58,28,41,68,16,21,104,134,33,80,83,93,125" hai1="49,84,77,40,69,120,56,109,100,123,34,62,31" hai2="135,114,11,17,13,112,118,0,71,63,105,20,64" hai3="122,35,30,119,37,8,36,55,18,42,85,52,39"/><V38/><F118/><W102/><G119/><T75/><D68/><U130/><E109/><V5/><F135/><W103/><G122/><N who="1" m="46634" /><E100/><V26/><F38/><W53/><G42/><T22/><D104/><U96/><E96/><V81/><F105/><W59/><G59/><T4/><D134/><U44/><E130/><V89/><F89/><W79/><G35/><T108/><D108/><U57/><E31/><V97/><F97/><W101/><G30/><T82/><D125/><U51/><E34/><V115/><REACH who="2" step="1"/><F81/><REACH who="2" ten="115,696,118,61" step="2"/><W87/><G79/><T70/><D82/><N who="1" m="47183" /><E51/><V74/><F74/><W43/><G43/><T116/><D93/><U110/><E110/><V10/><F10/><W127/><G127/><T15/><D80/><U129/><E129/><V61/><F61/><W7/><G18/><T106/><D16/><U32/><E32/><V60/><F60/><W9/><G7/><T88/><D88/><U29/><E29/><V54/><F54/><W19/><G19/><T91/><D83/><U3/><E3/><AGARI ba="6,1" hai="0,3,5,11,13,17,20,26,63,64,71,112,114,115" machi="3" ten="40,2000,0" yaku="1,1,53,0" doraHai="72" doraHaiUra="92" who="2" fromWho="1" sc="115,0,696,-38,118,48,61,0" /><INIT seed="2,7,0,5,3,11" ten="115,658,166,61" oya="2" hai0="84,68,114,125,27,111,92,120,21,121,103,48,115" hai1="130,0,45,60,38,26,18,77,124,98,87,29,119" hai2="51,28,56,71,13,76,34,12,32,91,123,41,7" hai3="47,40,25,70,85,33,112,122,105,126,44,67,100"/><V3/><F71/><W116/><G122/><N who="0" m="47211" /><D68/><U81/><E119/><V22/><F123/><W17/><G116/><T131/><D48/><U118/><E118/><V82/><F91/><W62/><G112/><N who="0" m="43051" /><D84/><U46/><E18/><V90/><F90/><W49/><G126/><T30/><D92/><U53/><E0/><V109/><F109/><W97/><G85/><T37/><D37/><U63/><E124/><V86/><F3/><W16/><REACH who="3" step="1"/><G47/><REACH who="3" ten="115,658,166,51" step="2"/><T59/><D125/><U113/><E46/><N who="2" m="26063" /><F56/><W9/><G9/><T8/><D59/><U88/><E45/><V133/><F133/><W1/><G1/><T101/><D101/><U50/><E77/><V64/><F64/><W93/><G93/><T132/><D103/><U66/><E38/><V106/><F106/><W31/><AGARI ba="7,1" hai="16,17,25,31,33,40,44,49,62,67,70,97,100,105" machi="31" ten="30,12000,2" yaku="1,1,0,1,25,2,54,1,53,2" doraHai="11" doraHaiUra="15" who="3" fromWho="3" sc="115,-37,658,-37,166,-67,51,151" /><INIT seed="3,0,0,3,3,33" ten="78,621,99,202" oya="3" hai0="3,97,66,116,100,108,111,112,52,36,20,67,91" hai1="58,55,59,114,15,1,125,23,115,110,109,62,78" hai2="25,0,38,81,70,79,26,24,7,102,21,32,135" hai3="118,41,95,104,128,68,19,74,61,86,28,51,85"/><W122/><G118/><T65/><D36/><U57/><E1/><V93/><F70/><W53/><G122/><T76/><D76/><U77/><E125/><V120/><F38/><W106/><G74/><T63/><D116/><U29/><E58/><V132/><F120/><W131/><G41/><T124/><D91/><U83/><E57/><V98/><F32/><W9/><G28/><T126/><D20/><U101/><E101/><V42/><F42/><W80/><G95/><T134/><D134/><N who="2" m="51242" /><F7/><W56/><G86/><T8/><D112/><U30/><E30/><N who="2" m="17679" /><F0/><W92/><G92/><T121/><D121/><U73/><E78/><V103/><F103/><W40/><G40/><T113/><D113/><U117/><E117/><V22/><F22/><W37/><G37/><T64/><N who="0" m="16896" /><DORA hai="5" /><T88/><D100/><U84/><E84/><AGARI ba="0,0" hai="25,26,79,81,84,93,98,102" m="17679,51242" machi="84" ten="30,1000,0" yaku="20,1" doraHai="33,5" who="2" fromWho="1" sc="78,0,621,-10,99,10,202,0" owari="78,-42.0,611,71.0,109,-29.0,202,0.0" /></mjloggm>