<mjloggm ver="2.3"><GO type="97" lobby="0"/><UN n0="%E7%94%9F%E7%89%A9%E5%85%B5%E5%99%A8%32" n1="%59%4F%47%48%4F%55%52%54" n2="%E5%B0%B1%E6%B4%BB%E7%94%9F%40%E5%B7%9D%E6%9D%91%E8%BB%8D%E5%9B%A3" n3="%E3%82%88%E3%81%90%E3%81%99%E3%81%91" dan="14,13,13,15" rate="2025.78,1883.97,1860.08,1967.35" sx="M,M,M,M"/><TAIKYOKU oya="0"/><INIT seed="0,0,0,5,1,55" ten="250,250,250,250" oya="0" hai0="34,92,49,126,94,88,18,11,103,26,27,59,124" hai1="45,57,20,66,58,72,83,6,5,60,125,115,12" hai2="74,131,62,1,69,33,68,47,133,70,77,36,9" hai3="15,48,82,73,132,54,135,38,99,118,123,17,120"/><T112/><D112/><U56/><E125/><N who="0" m="48233" /><D34/><U127/><E127/><V107/><F133/><N who="3" m="51275" /><G38/><T43/><D94/><U2/><E115/><V108/><F131/><W89/><G118/><T10/><D103/><U53/><E2/><V75/><F108/><W78/><G99/><T19/><D19/><N who="1" m="10343" /><E72/><N who="2" m="27691" /><F77/><W102/><G102/><T122/><D122/><U134/><E83/><V84/><F84/><W111/><G111/><T40/><D59/><N who="1" m="22603" /><E134/><V129/><F129/><W114/><G114/><T21/><D27/><U37/><E37/><V4/><F33/><W91/><G120/><T24/><D24/><U116/><E116/><V93/><F93/><W35/><G35/><T51/><D51/><AGARI ba="0,0" hai="5,6,45,51,53,58,60,66" m="22603,10343" machi="51" ten="30,8000,1" yaku="8,1,52,4" doraHai="55" who="1" fromWho="0" sc="250,-80,250,80,250,0,250,0" /><INIT seed="1,0,0,0,4,65" ten="170,330,250,250" oya="1" hai0="22,93,1,29,112,4,49,17,86,72,55,9,95" hai1="114,15,133,134,37,67,48,68,77,26,78,66,70" hai2="11,30,94,24,56,92,0,120,111,132,71,64,39" hai3="31,58,79,5,33,50,19,36,44,97,60,32,129"/><U119/><E26/><V42/><F120/><W96/><G36/><T99/><D72/><U130/><E15/><V123/><F123/><W12/><G129/><T107/><D112/><U53/><E114/><V87/><F132/><N who="1" m="50793" /><E119/><V51/><F111/><W3/><G79/><N who="1" m="30218" /><E37/><V73/><F73/><W28/><G3/><T13/><D86/><U62/><E130/><V113/><F113/><W8/><G33/><T125/><D125/><U105/><E105/><V108/><F108/><W128/><G128/><T116/><D116/><U101/><E101/><V89/><F0/><W104/><G32/><T84/><D84/><U88/><E88/><V54/><F11/><W102/><G31/><T47/><D107/><U100/><E100/><V131/><F131/><W27/><G102/><T115/><D115/><U98/><E98/><V117/><F117/><W21/><G104/><T127/><D127/><U23/><E62/><N who="2" m="40343" /><F89/><W110/><G110/><T85/><D99/><U81/><E23/><N who="2" m="15647" /><F87/><W91/><G91/><T7/><D7/><U25/><E25/><V82/><F82/><W103/><G28/><T59/><D85/><U74/><E81/><V69/><F69/><N who="1" m="26729" /><E74/><V20/><F20/><W75/><G75/><T45/><D29/><U80/><E80/><V124/><F124/><W109/><G109/><T16/><D17/><U135/><N who="1" m="50801" /><U83/><DORA hai="63" /><E83/><V43/><F43/><N who="3" m="24863" /><G103/><T38/><REACH who="0" step="1"/><D38/><REACH who="0" ten="160,330,250,250" step="2"/><U122/><E122/><V10/><F39/><W61/><G97/><T6/><D6/><U2/><E2/><V34/><F94/><AGARI ba="0,1" hai="1,4,9,13,16,22,45,47,49,55,59,93,94,95" machi="94" ten="40,8000,1" yaku="1,1,54,1,53,2" doraHai="65,63" doraHaiUra="52,35" who="0" fromWho="2" sc="160,90,330,0,250,-80,250,0" /><INIT seed="2,0,0,1,4,125" ten="250,330,170,250" oya="2" hai0="47,52,62,36,70,26,14,11,29,112,79,118,41" hai1="77,43,59,84,82,116,102,16,75,76,73,21,119" hai2="53,66,17,61,74,58,35,123,2,20,113,95,126" hai3="46,109,54,34,55,8,129,51,135,98,114,103,9"/><V89/><F35/><W0/><G34/><T83/><D118/><U7/><E43/><V111/><F123/><W115/><G109/><T5/><D112/><U6/><E102/><V30/><F113/><W108/><G108/><T31/><D26/><U68/><E68/><V121/><F121/><W45/><G135/><T15/><D15/><U13/><E6/><V50/><F111/><W1/><G103/><T93/><D93/><U33/><E7/><V81/><F126/><W92/><G92/><T127/><D127/><U110/><E33/><V71/><F2/><W99/><G51/><T107/><D107/><U85/><E110/><V80/><F30/><W3/><G3/><T96/><D96/><U32/><E32/><V60/><F60/><W122/><G122/><T22/><D22/><U100/><E100/><V57/><F71/><W18/><G18/><T106/><D106/><U90/><E59/><V120/><F120/><W4/><G4/><T42/><D42/><U69/><E69/><V128/><F128/><AGARI ba="0,0" hai="0,1,8,9,45,46,54,55,98,99,114,115,128,129" machi="128" ten="25,6400,0" yaku="22,2,52,2" doraHai="125" who="3" fromWho="2" sc="250,0,330,0,170,-64,250,64" /><INIT seed="3,0,0,2,0,18" ten="250,330,106,314" oya="3" hai0="3,2,24,34,87,113,60,78,110,17,48,119,20" hai1="26,84,36,29,21,9,8,111,126,22,106,42,4" hai2="130,6,1,101,123,28,19,53,55,27,59,129,47" hai3="63,96,124,23,16,120,75,56,79,33,5,64,117"/><W97/><G120/><T118/><D34/><U43/><E106/><V99/><F123/><W89/><G117/><T54/><D2/><U40/><E36/><V70/><F70/><W104/><G33/><T32/><D3/><U81/><E111/><V135/><F135/><W52/><G104/><T91/><D32/><U10/><E126/><V38/><F19/><W122/><G122/><T107/><D107/><U94/><E22/><V73/><F73/><W109/><G109/><T67/><D110/><U7/><E94/><V61/><F6/><W62/><G124/><T133/><D133/><U92/><E92/><V0/><F129/><W72/><G5/><T15/><D78/><AGARI ba="0,0" hai="4,7,8,9,10,21,26,29,40,42,43,78,81,84" machi="78" ten="40,2600,0" yaku="8,1,52,1" doraHai="18" who="1" fromWho="0" sc="250,-26,330,26,106,0,314,0" owari="224,-18.0,356,46.0,106,-39.0,314,11.0" /></mjloggm>