<mjloggm ver="2.3"><GO type="97" lobby="0"/><UN n0="%52%41%4B%4B%59%4F%32%38" n1="%55%4E%4C%4F%4F%53%45" n2="%E3%81%99%E3%81%BD%E3%81%A3%E3%81%8F" n3="%E5%B0%B1%E6%B4%BB%E7%94%9F%40%E5%B7%9D%E6%9D%91%E8%BB%8D%E5%9B%A3" dan="14,14,13,14" rate="2012.15,1955.28,1816.31,1949.52" sx="M,M,M,M"/><TAIKYOKU oya="0"/><INIT seed="0,0,0,1,0,24" ten="250,250,250,250" oya="0" hai0="87,78,134,84,99,120,103,67,57,122,52,133,44" hai1="40,112,42,89,41,43,60,38,32,90,105,91,131" hai2="116,107,96,5,31,3,113,126,37,100,51,33,1" hai3="17,46,70,39,59,2,97,74,73,77,129,82,48"/><T55/><D67/><U23/><E105/><V108/><F113/><W29/><G70/><T111/><D44/><U4/><E32/><V81/><F37/><W49/><G2/><T79/><D111/><U65/><E112/><V61/><F108/><W11/><G129/><T19/><D19/><U93/><E131/><V20/><F116/><W53/><G74/><T12/><D12/><U35/><E35/><V102/><F102/><W92/><G39/><T125/><D125/><U69/><E4/><V72/><F126/><W18/><G11/><T36/><D36/><U128/><E128/><V98/><F98/><W101/><REACH who="3" step="1"/><G29/><REACH who="3" ten="250,250,250,240" step="2"/><T58/><D99/><U123/><E123/><V106/><F1/><W104/><G104/><T10/><REACH who="0" step="1"/><D103/><REACH who="0" ten="240,250,250,240" step="2"/><U28/><E38/><V118/><F100/><W21/><G21/><T76/><D76/><U22/><E22/><V135/><F20/><W80/><G80/><T30/><D30/><U54/><E23/><V34/><F81/><W115/><G115/><T26/><D26/><U63/><E28/><V16/><F31/><W64/><G64/><T0/><D0/><U117/><E117/><V71/><F118/><W47/><G47/><T127/><D127/><U124/><E124/><V85/><F3/><W68/><G68/><T62/><D62/><U14/><E14/><V27/><F61/><W94/><G94/><T75/><D75/><U114/><E114/><V109/><F72/><W50/><G50/><T119/><D119/><U88/><N who="1" m="10752" /><DORA hai="130" /><U110/><E110/><V66/><F109/><W83/><G83/><T7/><D7/><RYUUKYOKU ba="0,2" sc="240,15,250,-15,250,-15,240,15" hai0="10,52,55,57,58,78,79,84,87,120,122,133,134" hai3="17,18,46,48,49,53,59,73,77,82,92,97,101" /><INIT seed="0,1,2,0,4,1" ten="255,235,235,255" oya="0" hai0="119,24,118,122,99,11,38,36,127,9,102,88,41" hai1="108,74,59,126,62,34,71,80,73,104,69,72,39" hai2="101,96,49,48,66,21,51,17,44,76,121,60,19" hai3="105,75,68,85,107,28,123,93,129,103,50,6,30"/><T3/><D122/><U53/><E104/><V116/><F121/><W46/><G75/><T29/><D127/><U86/><E39/><V22/><F116/><W40/><G68/><T113/><D113/><U13/><E34/><V18/><F76/><W55/><G123/><T42/><D3/><U106/><E106/><V0/><F0/><W133/><G133/><T15/><D38/><U27/><E126/><V33/><F33/><W94/><G129/><T112/><D112/><U114/><E114/><V8/><F8/><W47/><G94/><N who="0" m="56775" /><D119/><U12/><E108/><V25/><F101/><W4/><G105/><T20/><D36/><U110/><E110/><V2/><F2/><W61/><G107/><T10/><D102/><U100/><E100/><V128/><F96/><N who="3" m="59791" /><G85/><T70/><D70/><U58/><E27/><V90/><F128/><W63/><G47/><T125/><D125/><U45/><E45/><V64/><F90/><W77/><G77/><T98/><D98/><U135/><E135/><V16/><F60/><N who="3" m="23115" /><G40/><N who="0" m="15467" /><D118/><U67/><E71/><V54/><REACH who="2" step="1"/><F22/><REACH who="2" ten="255,235,225,255" step="2"/><W7/><AGARI ba="1,3" hai="4,6,7,28,30,46,50,55" m="23115,59791" machi="7" ten="30,7900,0" yaku="8,1,52,3" doraHai="1" who="3" fromWho="3" sc="255,-40,235,-21,225,-21,255,112" /><INIT seed="1,0,0,2,0,59" ten="215,214,204,367" oya="1" hai0="20,60,70,95,58,118,116,88,36,2,38,35,133" hai1="48,102,86,31,62,14,25,129,127,82,134,44,112" hai2="50,80,9,74,111,100,84,7,69,3,12,103,65" hai3="71,101,47,23,117,10,63,19,42,123,78,5,29"/><U52/><E112/><V119/><F119/><W128/><G123/><T43/><D35/><U72/><E72/><V26/><F74/><W124/><G117/><T75/><D75/><U37/><E37/><V24/><F111/><W99/><G128/><T64/><D2/><U57/><E129/><V89/><F3/><W104/><G124/><T4/><D133/><U30/><E127/><V67/><F69/><W51/><G29/><T92/><D36/><U45/><E134/><V40/><F103/><W98/><G78/><T68/><D4/><U131/><E131/><V94/><F65/><W115/><G115/><T39/><D39/><U11/><E102/><V107/><F107/><W113/><G113/><T27/><D95/><U110/><E110/><V54/><F67/><W55/><G99/><T114/><D114/><U46/><E25/><V53/><F40/><W97/><G97/><T77/><D77/><N who="1" m="46415" /><E48/><V49/><F100/><W28/><G28/><T87/><D70/><U33/><E33/><V83/><F50/><W34/><G34/><T17/><REACH who="0" step="1"/><D58/><REACH who="0" ten="205,214,204,367" step="2"/><U109/><E109/><V6/><F6/><AGARI ba="0,1" hai="6,11,14,30,31,44,45,46,52,57,62" m="46415" machi="6" ten="30,5800,0" yaku="8,1,52,1,54,1" doraHai="59" who="1" fromWho="2" sc="205,0,214,68,204,-58,367,0" /><INIT seed="1,1,0,0,2,35" ten="205,282,146,367" oya="1" hai0="100,101,29,45,66,123,98,113,4,58,131,56,1" hai1="83,97,75,18,23,62,2,103,126,76,43,9,24" hai2="78,112,3,16,110,87,48,111,135,39,59,61,81" hai3="8,21,64,91,0,65,84,42,52,115,34,10,80"/><U5/><E43/><V55/><F39/><W57/><G34/><T20/><D113/><U12/><E62/><V93/><F112/><W67/><G115/><T47/><D131/><U25/><REACH who="1" step="1"/><E126/><REACH who="1" ten="205,272,146,367" step="2"/><V118/><F118/><W30/><G42/><T77/><D123/><U13/><E13/><V130/><F130/><W119/><G119/><T38/><D1/><U22/><E22/><V79/><F3/><W134/><G0/><T17/><D20/><U127/><E127/><V68/><F135/><W109/><G134/><T133/><D133/><U104/><AGARI ba="1,1" hai="2,5,9,12,18,23,24,25,75,76,83,97,103,104" machi="104" ten="20,12000,1" yaku="1,1,0,1,7,1,52,1,53,1" doraHai="35" doraHaiUra="92" who="1" fromWho="1" sc="205,-41,272,133,146,-41,367,-41" /><INIT seed="1,2,0,2,5,36" ten="164,405,105,326" oya="1" hai0="95,55,115,65,50,106,76,47,118,28,104,21,131" hai1="9,85,109,6,20,27,49,5,132,63,133,123,80" hai2="7,41,74,79,122,11,31,0,26,98,119,38,97" hai3="96,124,43,14,42,91,32,83,29,3,71,35,46"/><U82/><E123/><V92/><F122/><W112/><G3/><T94/><D118/><U73/><E73/><V69/><F119/><W34/><G112/><T121/><D115/><U16/><E109/><V2/><F2/><W4/><G71/><T56/><D121/><U51/><E63/><V39/><F69/><W17/><G124/><T127/><D131/><U93/><E93/><N who="0" m="35337" /><D106/><U90/><E80/><V114/><F114/><W23/><G4/><T107/><D107/><U110/><E110/><V58/><F39/><W22/><G96/><T102/><D104/><U134/><REACH who="1" step="1"/><E5/><REACH who="1" ten="164,395,105,326" step="2"/><V30/><F74/><W40/><G83/><T57/><D127/><U129/><E129/><V13/><F7/><W44/><G91/><T53/><D102/><U37/><E37/><V52/><F38/><W75/><G75/><T68/><D76/><U61/><E61/><V25/><F79/><W86/><G86/><T101/><D101/><U108/><E108/><V77/><F98/><W64/><G64/><T111/><D111/><U88/><E88/><V120/><F120/><W125/><G125/><T87/><D87/><U84/><E84/><V78/><F97/><W105/><G105/><T18/><D68/><U24/><E24/><V130/><F92/><W45/><REACH who="3" step="1"/><G23/><REACH who="3" ten="164,395,105,316" step="2"/><T48/><D65/><U126/><E126/><V135/><F130/><W10/><G10/><T72/><D72/><U89/><E89/><V59/><F11/><W19/><G19/><T100/><D100/><U33/><E33/><V15/><F0/><AGARI ba="2,2" hai="0,6,9,16,20,27,49,51,82,85,90,132,133,134" machi="0" ten="40,12000,1" yaku="1,1,20,1,54,1,53,1" doraHai="36" doraHaiUra="81" who="1" fromWho="2" sc="164,0,395,146,105,-126,316,0" owari="164,-24.0,541,64.0,-21,-52.0,316,12.0" /></mjloggm>