<mjloggm ver="2.3"><GO type="97" lobby="0"/><UN n0="%E3%82%A6%E3%83%AB%E3%83%88%E3%83%A9%E7%AB%8B%E7%9B%B4" n1="%E3%82%86%E3%81%86%E3%81%98%E3%81%98" n2="%E3%80%93%74%68%79%6D%65%2C%E3%80%93" n3="%E3%83%96%E3%83%AB%E3%83%96%E3%83%AB%E3%83%8F%E3%83%BC%E3%83%84" dan="13,13,13,15" rate="1871.49,1872.80,1906.33,2048.13" sx="M,M,F,M"/><TAIKYOKU oya="0"/><INIT seed="0,0,0,2,3,53" ten="250,250,250,250" oya="0" hai0="77,83,30,93,122,84,135,69,95,106,65,57,27" hai1="74,97,73,50,101,35,55,112,110,19,40,6,133" hai2="114,117,59,37,25,39,72,100,81,8,29,45,113" hai3="67,108,132,10,131,105,5,87,1,64,9,17,85"/><T90/><D106/><U124/><E35/><V44/><F117/><W128/><G105/><T76/><D122/><U63/><E6/><V104/><F100/><W2/><G108/><T7/><D69/><U111/><E112/><V103/><F8/><N who="3" m="3179" /><G17/><T16/><D7/><U127/><E19/><V80/><F103/><W86/><G5/><T23/><D30/><U48/><E63/><V78/><F104/><W134/><G67/><T66/><D135/><N who="3" m="51753" /><G64/><T125/><D125/><N who="1" m="48203" /><E40/><V14/><F14/><W56/><G56/><T130/><D66/><U22/><E22/><V119/><F119/><W3/><AGARI ba="0,0" hai="1,2,3,85,86,87,128,131" m="51753,3179" machi="3" ten="50,6400,0" yaku="28,2,20,1" doraHai="53" who="3" fromWho="3" sc="250,-32,250,-16,250,-16,250,64" /><INIT seed="1,0,0,4,0,73" ten="218,234,234,314" oya="1" hai0="109,114,64,83,6,108,93,5,2,94,56,65,134" hai1="66,60,38,123,4,63,89,96,85,25,52,59,10" hai2="13,103,130,50,78,80,105,120,57,129,54,16,58" hai3="122,8,28,11,53,68,98,104,82,21,29,0,30"/><U100/><E123/><V24/><F120/><W55/><G68/><T124/><D83/><U135/><E38/><V107/><F24/><W17/><G122/><T102/><D56/><U77/><E77/><V72/><F58/><W43/><G43/><T115/><D102/><U131/><E135/><V33/><F33/><W34/><G104/><T7/><D2/><U47/><E131/><N who="2" m="50187" /><F103/><W126/><G98/><T22/><D22/><AGARI ba="0,0" hai="13,16,22,50,54,57,72,78,80,105,107" m="50187" machi="22" ten="30,3900,0" yaku="19,1,52,1,54,1" doraHai="73" who="2" fromWho="0" sc="218,-39,234,0,234,39,314,0" /><INIT seed="2,0,0,1,3,52" ten="179,234,273,314" oya="2" hai0="56,40,62,101,70,113,121,69,32,91,133,89,96" hai1="21,116,53,134,112,49,103,95,122,23,58,33,109" hai2="36,81,124,42,105,27,111,7,22,83,132,72,100" hai3="44,61,1,14,57,86,0,60,84,38,128,31,50"/><V123/><F123/><W77/><G60/><T35/><D121/><U82/><E122/><V51/><F36/><W74/><G38/><T126/><D113/><U59/><E112/><V107/><F7/><W106/><G106/><T68/><D126/><U87/><E33/><V41/><F124/><W65/><G128/><T80/><D40/><N who="2" m="15466" /><F72/><W71/><G71/><T92/><D133/><U129/><E134/><V39/><F39/><W12/><G31/><T26/><D80/><U46/><E116/><V8/><F105/><W54/><G74/><T47/><D47/><U135/><E135/><V97/><F51/><W19/><G14/><T120/><D120/><U6/><E6/><V67/><F67/><W3/><REACH who="3" step="1"/><G77/><REACH who="3" ten="179,234,273,304" step="2"/><T75/><D75/><U10/><E129/><V73/><F73/><W5/><G5/><T79/><D79/><U55/><E109/><V98/><F111/><W15/><G15/><T102/><D26/><U28/><E28/><V13/><F132/><W18/><G18/><T130/><D130/><U20/><E10/><AGARI ba="0,1" hai="0,1,3,10,12,19,44,50,54,57,61,65,84,86" machi="10" ten="40,2600,0" yaku="1,1,52,1,53,0" doraHai="52" doraHaiUra="85" who="3" fromWho="1" sc="179,0,234,-26,273,0,304,36" /><INIT seed="3,0,0,3,0,58" ten="179,208,273,340" oya="3" hai0="55,31,52,132,91,120,33,26,17,88,25,27,86" hai1="71,123,6,127,103,44,61,113,128,29,134,95,90" hai2="81,39,3,98,130,14,48,60,38,35,64,108,111" hai3="104,45,54,94,83,97,51,129,70,57,102,112,89"/><W34/><G112/><T12/><D120/><U66/><E113/><V20/><F3/><W13/><G70/><T32/><D132/><U21/><E134/><V5/><F35/><W40/><G34/><T74/><D74/><U11/><E123/><V78/><F130/><W24/><G129/><T115/><D115/><U72/><E128/><V101/><F48/><W16/><G24/><T131/><D131/><U116/><E72/><V10/><F20/><N who="3" m="11279" /><G104/><T87/><D27/><U56/><E116/><V68/><F111/><W49/><G83/><N who="0" m="49247" /><D31/><U93/><E127/><V82/><F108/><W50/><G51/><T47/><D47/><U121/><E44/><V77/><F82/><W99/><G99/><T107/><D107/><U84/><E121/><V43/><F43/><W30/><G30/><T19/><D32/><U85/><E71/><V9/><F9/><W119/><G119/><T18/><D33/><U125/><E125/><V105/><REACH who="2" step="1"/><F78/><REACH who="2" ten="179,208,263,340" step="2"/><W135/><G135/><T67/><D12/><U79/><E79/><V122/><F122/><W22/><G22/><T126/><D126/><U92/><E21/><V41/><F41/><W76/><G76/><T7/><D7/><U96/><E6/><V37/><F37/><W75/><G49/><T65/><D26/><U8/><E29/><V1/><F1/><W100/><G40/><T69/><D25/><U53/><E11/><V117/><F117/><W23/><G23/><T114/><D114/><U0/><E8/><V106/><F106/><W42/><G42/><T118/><D118/><U80/><E0/><V73/><AGARI ba="0,1" hai="5,10,14,38,39,60,64,68,73,77,81,98,101,105" machi="73" ten="20,8000,1" yaku="1,1,5,1,0,1,7,1,52,1,53,0" doraHai="58" doraHaiUra="28" who="2" fromWho="2" sc="179,-20,208,-20,263,90,340,-40" owari="159,-34.0,188,-21.0,353,45.0,300,10.0" /></mjloggm>