<mjloggm ver="2.3"><GO type="41" lobby="0"/><UN n0="%E3%83%90%E3%83%AB%E3%82%B5%E3%83%9F%E3%82%B3%E9%85%A2%EF%BD%9E" n1="%E3%82%A6%E3%83%AB%E3%83%88%E3%83%A9%E7%AB%8B%E7%9B%B4" n2="%6B%2D%65%6C%74" n3="%E3%81%AF%E3%81%90%E3%82%8A%E3%82%93%EF%BC%A0" dan="13,15,13,17" rate="1894.76,2027.63,1802.85,2011.42" sx="M,M,M,M"/><TAIKYOKU oya="0"/><INIT seed="0,0,0,5,1,67" ten="250,250,250,250" oya="0" hai0="83,99,133,111,79,53,66,108,5,47,38,4,74" hai1="73,28,71,134,12,17,84,15,80,110,49,57,6" hai2="128,102,54,1,124,122,43,0,109,23,96,39,33" hai3="24,105,20,58,21,114,64,106,51,131,103,7,60"/><T44/><D133/><U18/><E73/><V59/><F122/><W89/><G114/><T126/><D126/><U115/><E134/><V120/><F33/><W14/><G131/><T42/><D66/><U78/><E71/><V10/><F120/><W95/><G103/><T22/><D22/><U81/><E110/><N who="0" m="42025" /><D99/><U87/><E28/><V26/><F124/><W61/><G21/><T8/><D8/><U29/><E29/><V77/><F77/><W16/><G61/><T88/><D88/><U56/><E115/><V121/><F109/><W30/><G7/><T129/><D129/><U70/><E70/><V31/><F10/><W76/><G76/><T112/><D112/><U101/><E101/><V93/><F128/><W117/><G117/><T32/><D32/><U41/><E6/><V40/><F121/><W27/><G20/><T127/><D127/><U63/><E78/><V19/><F31/><W72/><G30/><T45/><D44/><U85/><E81/><V125/><F125/><W132/><G64/><T97/><D97/><U91/><E91/><V46/><F40/><W92/><G89/><T3/><D3/><U100/><E80/><V118/><F118/><W107/><G132/><T98/><D98/><U119/><E100/><V82/><F82/><W62/><G62/><AGARI ba="0,0" hai="0,1,19,23,26,39,43,46,54,59,62,93,96,102" machi="62" ten="30,1000,0" yaku="7,1" doraHai="67" who="2" fromWho="3" sc="250,0,250,0,250,10,250,-10" /><INIT seed="1,0,0,4,2,85" ten="250,250,260,240" oya="1" hai0="60,116,57,35,2,96,121,45,135,54,13,10,101" hai1="75,130,126,92,11,55,49,20,106,91,46,73,34" hai2="17,15,108,62,120,71,25,33,23,107,88,59,129" hai3="79,39,78,22,102,128,94,76,0,32,81,134,84"/><U30/><E34/><V98/><F120/><W47/><G32/><T37/><D116/><U90/><E106/><V3/><F107/><W40/><G0/><T58/><D121/><U7/><E126/><V43/><F3/><W70/><G70/><T19/><D135/><U56/><E130/><V52/><F129/><W132/><G128/><T123/><D123/><U103/><E75/><V95/><F108/><W51/><G39/><T118/><D118/><U8/><E73/><V97/><F43/><W87/><G22/><T83/><D35/><U67/><E103/><V125/><F125/><W74/><G74/><T127/><D127/><U131/><E131/><V16/><F33/><W41/><G41/><T77/><D2/><U89/><E92/><V117/><F71/><W115/><G115/><T82/><D58/><U100/><E100/><V112/><F112/><W44/><G44/><T4/><D4/><U111/><E111/><V119/><F98/><N who="3" m="59735" /><G81/><T122/><D122/><U63/><E7/><V113/><F113/><W72/><G72/><T42/><REACH who="0" step="1"/><D77/><REACH who="0" ten="240,250,260,240" step="2"/><U29/><E29/><V65/><F119/><W26/><G134/><T5/><D5/><U68/><E68/><V124/><F117/><W50/><G132/><T66/><D66/><U109/><E109/><V86/><F124/><W110/><G110/><T28/><D28/><U14/><E30/><V80/><F65/><W36/><G76/><T64/><D64/><U48/><E48/><V105/><F105/><AGARI ba="0,1" hai="10,13,19,37,42,45,54,57,60,82,83,96,101,105" machi="105" ten="30,2000,0" yaku="1,1,7,1,53,0" doraHai="85" doraHaiUra="18" who="0" fromWho="2" sc="240,30,250,0,260,-20,240,0" /><INIT seed="2,0,0,0,5,49" ten="270,250,240,240" oya="2" hai0="110,64,63,72,111,65,89,98,101,5,26,48,6" hai1="96,1,107,42,32,93,115,66,135,95,92,53,50" hai2="122,7,119,112,59,91,24,68,35,133,88,118,28" hai3="126,12,70,84,37,127,16,40,36,29,117,62,94"/><V55/><F122/><W34/><G117/><T17/><D72/><U83/><E32/><V128/><F112/><W77/><G34/><T38/><D38/><U52/><E1/><V67/><F119/><W43/><G29/><T30/><D89/><U106/><E115/><V57/><F118/><W130/><G130/><T54/><D17/><U121/><E121/><V56/><F128/><W14/><G14/><T21/><D5/><U102/><E107/><V103/><F7/><W27/><G27/><T132/><D6/><U90/><E135/><V86/><F133/><W19/><G19/><T75/><D75/><U125/><E125/><N who="3" m="47626" /><G70/><T109/><D132/><U47/><REACH who="1" step="1"/><E66/><REACH who="1" ten="270,240,240,240" step="2"/><V51/><F67/><W105/><G105/><N who="0" m="63671" /><D63/><U131/><E131/><V123/><F123/><W2/><G62/><T39/><D39/><U3/><E3/><V79/><F68/><W8/><G2/><T45/><AGARI ba="0,1" hai="21,26,30,45,48,54,64,65,109,110,111" m="63671" machi="45" ten="30,2000,0" yaku="14,1,52,1" doraHai="49" who="0" fromWho="0" sc="270,30,240,-5,240,-10,240,-5" /><INIT seed="3,0,0,3,3,61" ten="300,235,230,235" oya="3" hai0="48,90,54,76,50,5,37,103,51,112,78,64,0" hai1="15,123,117,4,47,134,108,85,17,12,36,14,34" hai2="87,56,72,132,58,19,44,67,109,114,99,46,1" hai3="80,49,66,27,120,10,23,119,95,30,55,102,97"/><W125/><G120/><T42/><D112/><U111/><E47/><V75/><F114/><W41/><G119/><T6/><D103/><U115/><E36/><V126/><F1/><W9/><G125/><T21/><D0/><U53/><E53/><V43/><F126/><W2/><G2/><T79/><D64/><U118/><E85/><V88/><F99/><W39/><G39/><T70/><D70/><U45/><E45/><V63/><F132/><W104/><G41/><T130/><D130/><U25/><E115/><V74/><F109/><N who="1" m="42057" /><E123/><V59/><F44/><W96/><G80/><T35/><D35/><U32/><E134/><V129/><F129/><W60/><G104/><T69/><D69/><U28/><E4/><N who="0" m="1641" /><D37/><U121/><E121/><V135/><F135/><W22/><G97/><T98/><D42/><U24/><E17/><V7/><F7/><W122/><G23/><T40/><D40/><U113/><E113/><V11/><F11/><W68/><G122/><T127/><D127/><U38/><E38/><V13/><F46/><AGARI ba="0,0" hai="9,10,22,27,30,46,49,55,60,66,68,95,96,102" machi="46" ten="30,2900,0" yaku="7,1,52,1" doraHai="61" who="3" fromWho="2" sc="300,0,235,0,230,-29,235,29" /><INIT seed="3,1,0,4,5,108" ten="300,235,201,264" oya="3" hai0="67,53,29,11,123,93,90,24,49,15,48,28,55" hai1="115,122,119,65,4,132,10,26,63,130,133,66,31" hai2="22,91,13,127,134,131,52,59,23,47,40,128,71" hai3="64,121,25,109,111,97,5,116,38,101,36,89,43"/><W72/><G121/><T3/><D123/><U77/><E77/><V95/><F71/><W69/><G116/><T80/><D3/><U112/><E122/><V62/><F134/><N who="1" m="51817" /><E130/><V32/><F32/><W39/><G72/><T37/><D37/><U68/><E66/><V20/><F127/><W12/><G89/><T83/><D67/><U41/><E41/><V92/><F92/><W44/><G25/><T84/><D24/><U82/><E82/><N who="0" m="31273" /><D48/><U61/><E61/><V98/><F131/><W120/><G120/><T79/><D79/><U16/><E119/><V57/><F57/><W124/><G124/><T27/><D27/><U105/><E105/><V129/><F128/><W6/><G12/><T94/><D93/><U42/><E42/><V135/><F129/><W87/><G87/><T8/><D8/><U19/><E19/><V45/><F135/><W113/><G64/><T103/><D103/><U117/><E117/><V18/><F45/><W114/><G69/><T34/><D34/><N who="1" m="20855" /><E16/><V14/><REACH who="2" step="1"/><F14/><AGARI ba="1,0" hai="4,10,14,63,65,68,112,115" m="20855,51817" machi="14" ten="30,3900,0" yaku="20,1,52,2" doraHai="108" who="1" fromWho="2" sc="300,0,235,42,201,-42,264,0" /><INIT seed="4,0,0,0,4,87" ten="300,277,159,264" oya="0" hai0="64,73,53,116,14,40,45,31,127,5,94,122,100" hai1="8,23,110,65,60,17,70,11,75,32,82,41,83" hai2="92,34,4,97,102,107,125,119,104,66,129,12,57" hai3="74,77,80,112,48,120,1,69,6,0,22,81,18"/><T106/><D122/><U96/><E32/><V113/><F34/><W130/><G112/><T71/><D116/><U108/><E83/><V49/><F113/><W27/><G130/><T26/><D106/><U37/><E11/><V21/><F129/><W63/><G120/><T20/><D127/><U19/><E19/><V134/><F125/><W117/><G117/><T128/><D128/><U33/><E33/><V61/><F119/><W85/><G6/><T109/><D109/><U118/><E118/><V78/><F78/><W28/><G28/><T114/><D114/><U54/><E54/><V62/><F134/><W3/><G48/><T135/><D73/><U36/><E23/><V84/><F49/><W30/><G30/><T56/><D135/><U88/><E17/><V24/><F84/><W46/><G46/><T13/><D5/><U101/><E8/><V44/><F44/><W121/><G121/><T95/><D71/><U132/><E132/><V16/><F62/><W99/><G99/><N who="0" m="59511" /><D95/><U133/><E133/><V89/><F102/><W29/><G29/><T15/><D15/><U68/><E68/><V123/><F123/><W10/><G10/><T59/><D59/><U7/><E7/><V86/><F4/><W51/><G69/><T67/><D67/><U43/><E36/><V55/><F66/><W76/><G63/><N who="0" m="37991" /><D53/><U131/><E131/><V47/><F12/><W38/><G38/><AGARI ba="0,0" hai="13,14,20,26,31,38,40,45" m="37991,59511" machi="38" ten="30,1500,0" yaku="25,1" doraHai="87" who="0" fromWho="3" sc="300,15,277,0,159,0,264,-15" /><INIT seed="4,1,0,2,2,48" ten="315,277,159,249" oya="0" hai0="25,120,109,90,119,105,64,6,95,93,65,20,117" hai1="74,133,9,30,8,66,32,131,129,125,68,63,54" hai2="21,97,26,108,112,4,7,107,46,84,31,16,76" hai3="98,87,3,86,77,23,85,37,28,118,100,102,11"/><T19/><D120/><U110/><E74/><V123/><F108/><W89/><G118/><T127/><D109/><U5/><E110/><V61/><F123/><W79/><G37/><T83/><D127/><U116/><E116/><V78/><F107/><W47/><G3/><T91/><D105/><U88/><E30/><V113/><F97/><W73/><G11/><T99/><D6/><U52/><E32/><V27/><F78/><W72/><G47/><T50/><D83/><U2/><E125/><V75/><F75/><N who="3" m="28747" /><G23/><T59/><D119/><U18/><E133/><V39/><F39/><W24/><G24/><T114/><D114/><N who="2" m="44138" /><F61/><W69/><G69/><T29/><D117/><U33/><E33/><N who="2" m="20727" /><F46/><W45/><G45/><T56/><D29/><U124/><E124/><V15/><F84/><N who="3" m="32363" /><G28/><T70/><D70/><U60/><E60/><V111/><F76/><N who="3" m="29259" /><G98/><N who="0" m="57655" /><D59/><U94/><E18/><N who="2" m="12727" /><F111/><W57/><G57/><T13/><D25/><U121/><E121/><V96/><F96/><W49/><G49/><T135/><D135/><U34/><E34/><V51/><F51/><W103/><G103/><T104/><D104/><U58/><E58/><V1/><F1/><W115/><G115/><T36/><D36/><U80/><E63/><V101/><F101/><W43/><G43/><T122/><D122/><U62/><E68/><V82/><F82/><AGARI ba="1,0" hai="82,87,89,100,102" m="29259,32363,28747" machi="82" ten="30,8000,1" yaku="35,5" doraHai="48" who="3" fromWho="2" sc="315,0,277,0,159,-83,249,83" /><INIT seed="5,0,0,5,4,94" ten="315,277,76,332" oya="1" hai0="7,104,44,62,107,119,75,30,19,108,45,78,55" hai1="35,21,68,117,121,101,50,3,42,26,126,17,51" hai2="57,0,73,39,92,90,135,89,128,63,123,41,54" hai3="27,46,4,83,9,72,23,131,29,2,10,25,48"/><U74/><E121/><V111/><F73/><W112/><G112/><T71/><D119/><U118/><E74/><V60/><F0/><W134/><G131/><T36/><D108/><U77/><E68/><V13/><F123/><W34/><G134/><T76/><D30/><U85/><E126/><V18/><F135/><W52/><G10/><T105/><D7/><U133/><E133/><V70/><F128/><W87/><G72/><T61/><D19/><U16/><E3/><V127/><F111/><W43/><G43/><T132/><D132/><U82/><E35/><V22/><F127/><W110/><G110/><T12/><D12/><U122/><E122/><V109/><F109/><W59/><G46/><T20/><D20/><U11/><E117/><V115/><F115/><W86/><REACH who="3" step="1"/><G83/><REACH who="3" ten="315,277,76,322" step="2"/><T100/><D45/><U67/><E118/><V120/><F120/><W24/><G24/><T80/><D44/><U114/><E114/><V15/><F41/><W88/><G88/><T40/><D40/><U91/><E42/><V32/><F90/><W98/><G98/><T31/><D36/><U47/><E47/><V97/><F39/><W65/><G65/><T116/><D116/><U103/><E67/><V56/><F70/><W81/><G81/><T124/><D124/><U79/><E91/><V14/><F32/><W113/><G113/><T93/><D71/><U99/><E77/><V1/><F1/><W53/><G53/><AGARI ba="0,1" hai="13,14,15,18,22,53,54,56,57,60,63,89,92,97" machi="53" ten="30,7700,0" yaku="7,1,9,1,8,1,52,1" doraHai="94" who="2" fromWho="3" sc="315,0,277,0,76,87,322,-77" /><INIT seed="6,0,0,5,5,24" ten="315,277,163,245" oya="2" hai0="85,74,103,36,106,65,28,118,70,54,112,63,12" hai1="2,75,43,127,15,124,18,32,57,81,111,25,77" hai2="129,83,110,35,97,115,0,91,51,9,96,134,40" hai3="117,135,41,78,66,45,89,55,93,92,120,68,47"/><V94/><F35/><W88/><G120/><T4/><D74/><U101/><E2/><V64/><F64/><W80/><G117/><T61/><D112/><U128/><E111/><V100/><F115/><W10/><G135/><T42/><D118/><U60/><E128/><V90/><F129/><W23/><G10/><T53/><D85/><U84/><E43/><V1/><F134/><W52/><G68/><T31/><D36/><U67/><E101/><V49/><F110/><W50/><G66/><T98/><D42/><U125/><E75/><V107/><F83/><W34/><G34/><T7/><D63/><U116/><E116/><V8/><F40/><W26/><G78/><T5/><REACH who="0" step="1"/><D12/><REACH who="0" ten="305,277,163,245" step="2"/><U87/><E87/><V22/><F0/><W82/><G41/><T76/><D76/><U56/><E60/><V16/><F1/><W39/><G39/><T6/><N who="0" m="1536" /><DORA hai="58" /><T99/><D99/><U69/><E84/><V38/><F38/><W114/><G114/><T17/><D17/><U121/><E77/><V73/><F73/><W131/><G131/><T109/><D109/><U46/><E15/><V13/><REACH who="2" step="1"/><F91/><REACH who="2" ten="305,277,153,245" step="2"/><W133/><G89/><T33/><D33/><U104/><E32/><V102/><F102/><W108/><G88/><T62/><D62/><U14/><E125/><V37/><F37/><W95/><G108/><T72/><D72/><U71/><E127/><V11/><AGARI ba="0,2" hai="8,9,11,13,16,22,49,51,90,94,96,97,100,107" machi="11" ten="30,11700,0" yaku="1,1,0,1,54,1,53,1" doraHai="24,58" doraHaiUra="19,21" who="2" fromWho="2" sc="305,-39,277,-39,153,137,245,-39" /><INIT seed="6,1,0,3,0,111" ten="266,238,290,206" oya="2" hai0="76,66,62,127,75,71,27,84,103,116,47,0,85" hai1="129,41,2,52,128,73,83,65,113,24,74,96,53" hai2="1,31,32,97,34,126,105,19,69,101,135,78,100" hai3="36,95,131,123,81,25,39,20,6,18,64,120,99"/><V57/><F1/><W63/><G131/><N who="1" m="50250" /><E2/><V33/><F78/><W17/><G6/><T38/><D127/><U82/><E65/><V22/><F126/><W61/><G120/><T130/><D130/><U117/><BYE who="0" /><E117/><V46/><F46/><W107/><G123/><UN n0="%E3%83%90%E3%83%AB%E3%82%B5%E3%83%9F%E3%82%B3%E9%85%A2%EF%BD%9E" /><T59/><D116/><U9/><E41/><V21/><F101/><W23/><G107/><T3/><D103/><U43/><E43/><V48/><F22/><W28/><G81/><N who="1" m="30730" /><E9/><V112/><F69/><W55/><G55/><N who="1" m="21066" /><E96/><V35/><F57/><W4/><G64/><T125/><D125/><U109/><E109/><V13/><F48/><W8/><G8/><T77/><D75/><N who="1" m="28683" /><E24/><V133/><F35/><W70/><G70/><T37/><D71/><U68/><E68/><V124/><F124/><W106/><G106/><T58/><D47/><U40/><E40/><V42/><F42/><W79/><G79/><T90/><D27/><U67/><E67/><V11/><F11/><W93/><G4/><T92/><D85/><U49/><E49/><V94/><F105/><W15/><G99/><T80/><D59/><U88/><E88/><V89/><F89/><W104/><G104/><T14/><D14/><U60/><E60/><V5/><F5/><W114/><G15/><T91/><D91/><U118/><E118/><V12/><F12/><W121/><G25/><T54/><D66/><U132/><E132/><N who="2" m="50763" /><F31/><W51/><G28/><T10/><D77/><U134/><E134/><V87/><F87/><W98/><G51/><T56/><D84/><U115/><AGARI ba="1,0" hai="113,115" m="28683,21066,30730,50250" machi="115" ten="40,12000,2" yaku="28,2,19,1,52,2,54,1" doraHai="111" who="1" fromWho="1" sc="266,-31,238,123,290,-61,206,-31" /><INIT seed="7,0,0,0,2,39" ten="235,361,229,175" oya="3" hai0="75,119,91,34,76,43,115,17,61,77,69,67,51" hai1="108,26,3,124,98,59,101,24,2,54,25,15,11" hai2="41,126,27,63,113,89,53,127,99,121,120,20,1" hai3="50,36,84,114,85,129,7,111,71,92,19,73,55"/><W49/><G73/><T60/><D119/><U88/><E108/><V31/><F1/><W40/><G114/><T45/><D34/><U38/><E38/><V13/><F13/><W21/><G71/><T35/><D35/><U48/><E124/><N who="2" m="47659" /><F53/><W134/><G129/><T33/><D33/><U23/><E88/><V82/><F63/><W8/><G134/><T28/><D28/><U116/><E116/><V109/><F109/><W6/><G111/><T103/><D115/><U130/><E130/><V57/><F57/><N who="3" m="33007" /><G36/><T10/><D103/><U131/><E131/><V9/><F9/><W44/><G8/><T86/><D61/><U65/><E65/><V47/><F113/><W97/><G6/><T46/><D75/><U79/><E79/><V56/><F56/><W0/><G7/><T105/><D105/><U62/><E62/><V100/><F89/><N who="3" m="55439" /><G0/><T135/><D135/><U125/><E125/><V14/><F82/><W128/><G128/><T70/><D70/><U123/><E123/><V133/><F133/><W74/><G74/><T66/><D66/><U96/><E3/><V87/><F121/><W4/><G4/><T68/><D68/><U29/><E2/><V5/><F5/><W32/><G32/><T78/><D46/><U30/><E101/><V18/><F120/><W90/><G90/><T64/><D64/><U94/><E23/><V22/><F87/><W107/><G107/><T106/><D106/><U110/><E110/><V132/><F132/><W102/><G102/><T104/><D104/><U42/><E11/><V93/><F47/><W37/><G37/><RYUUKYOKU ba="0,0" sc="235,-15,361,-15,229,15,175,15" hai2="14,18,20,22,27,31,41,93,99,100" hai3="19,21,40,44,50,84,85" /><INIT seed="7,1,0,5,3,32" ten="220,346,244,190" oya="3" hai0="119,67,68,2,27,89,65,117,127,44,76,135,9" hai1="126,113,56,104,24,33,122,18,130,1,4,100,131" hai2="99,109,70,58,17,97,5,115,51,114,38,121,106" hai3="13,85,23,49,21,107,108,48,82,88,16,15,46"/><W39/><G107/><T92/><D135/><U83/><E122/><V75/><F75/><W125/><G125/><T110/><D127/><U19/><E126/><V102/><F5/><W134/><G134/><T41/><D110/><U128/><E113/><N who="2" m="43019" /><F70/><W14/><G108/><T72/><D27/><U86/><E100/><V129/><F38/><W6/><G6/><N who="0" m="1239" /><D68/><U98/><E98/><V120/><F109/><W7/><G7/><T60/><D60/><U61/><E104/><V77/><F77/><W3/><G3/><T101/><D101/><U73/><E73/><V81/><F17/><W116/><G116/><N who="0" m="44619" /><D92/><U71/><E71/><V40/><F81/><W64/><G64/><T62/><D89/><N who="1" m="51423" /><E1/><V59/><F99/><W79/><G79/><T133/><D133/><U123/><E4/><V132/><F132/><W93/><G93/><T69/><D67/><N who="1" m="39335" /><E123/><N who="2" m="47179" /><F129/><W26/><REACH who="3" step="1"/><G23/><REACH who="3" ten="220,346,244,180" step="2"/><T11/><D11/><U20/><E33/><V84/><F106/><W112/><G112/><T52/><D52/><U8/><E8/><V105/><F40/><AGARI ba="1,1" hai="13,14,15,16,21,26,39,40,46,48,49,82,85,88" machi="40" ten="40,7700,0" yaku="1,1,54,2,53,0" doraHai="32" doraHaiUra="30" who="3" fromWho="2" sc="220,0,346,0,244,-80,180,90" /><INIT seed="7,2,0,5,4,92" ten="220,346,164,270" oya="3" hai0="17,63,124,113,61,2,62,77,93,97,13,101,58" hai1="76,57,112,30,120,1,107,118,12,68,130,104,10" hai2="71,27,31,21,25,69,26,47,70,109,19,132,9" hai3="36,90,122,106,59,0,116,131,86,44,88,129,5"/><W72/><G122/><T127/><D2/><U32/><E68/><V96/><F109/><W24/><G116/><T53/><D77/><U60/><E120/><V16/><F132/><W80/><G72/><T48/><D113/><U56/><E1/><V40/><F9/><W117/><G117/><T75/><REACH who="0" step="1"/><D75/><REACH who="0" ten="210,346,164,270" step="2"/><U85/><E112/><V135/><F135/><W7/><G0/><T55/><D55/><U108/><E76/><V3/><F3/><W126/><G129/><T98/><D98/><U66/><E130/><V29/><F96/><W42/><G131/><T11/><AGARI ba="2,1" hai="11,13,17,48,53,58,61,62,63,93,97,101,124,127" machi="11" ten="30,7900,0" yaku="1,1,0,1,52,1,53,1" doraHai="92" doraHaiUra="45" who="0" fromWho="0" sc="210,95,346,-22,164,-22,270,-41" owari="305,11.0,324,42.0,142,-36.0,229,-17.0" /></mjloggm>