<mjloggm ver="2.3"><GO type="97" lobby="0"/><UN n0="%E5%B0%B1%E6%B4%BB%E7%94%9F%40%E5%B7%9D%E6%9D%91%E8%BB%8D%E5%9B%A3" n1="%70%6F%6E%74%61%6D%6F" n2="%50%73%79%63%68%61%31" n3="%67%61%63%68%61%30%30" dan="13,14,13,13" rate="1903.80,1902.95,1926.56,1814.52" sx="M,M,M,M"/><TAIKYOKU oya="0"/><INIT seed="0,0,0,3,1,119" ten="250,250,250,250" oya="0" hai0="106,46,97,16,36,20,79,108,80,92,25,24,116" hai1="30,90,42,123,132,61,34,89,73,101,110,4,5" hai2="96,40,130,114,21,55,53,3,118,23,122,115,47" hai3="14,2,82,58,26,11,22,38,95,15,78,32,81"/><T135/><D116/><U84/><E73/><V64/><F118/><W120/><G38/><T33/><D135/><U128/><E128/><V87/><F3/><W44/><G120/><T41/><D106/><U1/><E90/><V111/><F64/><W67/><G32/><T9/><D108/><U94/><E132/><V107/><F111/><W113/><G113/><T91/><D9/><U13/><E1/><V70/><F70/><W88/><G2/><T49/><D33/><U68/><E110/><V10/><F87/><N who="3" m="52639" /><G44/><T83/><D36/><U31/><E42/><V65/><F65/><W69/><G69/><T66/><D66/><U85/><E61/><V35/><F47/><W54/><G67/><T50/><D50/><U57/><E68/><V52/><F40/><W105/><G105/><T109/><D109/><U127/><E57/><V121/><F10/><W134/><G134/><T131/><D131/><U100/><E34/><V62/><F55/><W0/><G0/><T19/><D79/><U29/><E123/><V129/><F107/><W60/><G78/><T37/><REACH who="0" step="1"/><D37/><REACH who="0" ten="240,250,250,250" step="2"/><U75/><E5/><V56/><F35/><W12/><G11/><T63/><D63/><U43/><E4/><V126/><F62/><W112/><G112/><T76/><D76/><U103/><E75/><V18/><F115/><W7/><G7/><T102/><D102/><U99/><E100/><V125/><F114/><W98/><G60/><T93/><D93/><U133/><E101/><V17/><F56/><W59/><G58/><T71/><D71/><U117/><E103/><V51/><F51/><RYUUKYOKU ba="0,1" sc="240,15,250,-15,250,15,250,-15" hai0="16,19,20,24,25,41,46,49,80,83,91,92,97" hai2="17,18,21,23,52,53,96,121,122,125,126,129,130" /><INIT seed="0,1,1,0,4,52" ten="255,235,265,235" oya="0" hai0="99,115,38,123,72,91,105,74,116,125,83,132,17" hai1="98,110,44,82,86,103,20,79,66,16,19,135,64" hai2="126,128,75,26,47,32,127,117,97,21,85,101,94" hai3="89,54,109,69,60,113,30,37,1,15,106,0,3"/><T84/><D116/><U87/><E110/><V9/><F32/><W92/><G109/><T27/><D38/><U31/><E135/><V68/><F68/><W8/><G113/><T131/><D123/><U119/><E119/><V118/><F9/><W130/><G130/><T80/><D115/><U122/><E122/><V81/><F47/><W100/><G37/><T10/><D131/><U5/><E5/><V34/><F34/><W55/><G30/><T121/><D121/><U46/><E31/><V23/><F128/><W48/><G106/><T112/><D112/><U4/><E4/><V11/><F11/><W67/><G100/><T63/><D125/><N who="2" m="47626" /><F75/><W50/><G15/><T62/><D132/><U41/><E86/><V124/><F23/><W58/><G8/><T39/><D39/><U33/><E33/><V133/><F133/><W76/><G76/><T42/><D42/><U61/><E41/><V12/><F12/><W111/><G111/><T120/><D120/><U49/><E49/><V93/><F93/><W96/><REACH who="3" step="1"/><G3/><REACH who="3" ten="255,235,265,225" step="2"/><T59/><D105/><U40/><E103/><V51/><F124/><W45/><AGARI ba="1,2" hai="0,1,45,48,50,54,55,58,60,67,69,89,92,96" machi="45" ten="20,8000,1" yaku="1,1,2,1,0,1,7,1,52,1,53,0" doraHai="52" doraHaiUra="107" who="3" fromWho="3" sc="255,-41,235,-21,265,-21,225,103" /><INIT seed="1,0,0,2,3,8" ten="214,214,244,328" oya="1" hai0="86,1,111,35,76,33,82,24,57,65,96,27,20" hai1="112,84,11,80,15,9,95,98,85,5,49,69,77" hai2="7,41,70,81,36,12,118,0,43,62,132,105,117" hai3="126,48,74,114,53,72,100,55,13,83,39,125,52"/><U32/><E112/><V44/><F105/><W59/><G114/><T19/><D1/><U67/><E32/><V128/><F81/><W123/><G123/><T129/><D129/><U79/><E69/><V14/><F41/><W104/><G39/><T10/><D111/><U87/><E67/><V110/><F0/><W93/><G13/><T94/><D10/><U23/><E23/><V75/><F7/><W54/><G83/><T73/><D73/><U3/><E49/><V91/><F75/><W68/><G68/><T134/><D134/><U51/><E51/><V103/><F103/><W116/><G116/><T131/><D131/><U119/><E119/><V34/><F34/><W2/><G2/><T58/><D27/><U25/><E25/><V17/><F128/><W30/><G30/><T130/><D130/><U109/><E109/><V61/><F17/><W6/><G6/><T92/><D92/><U45/><E45/><V64/><F62/><W28/><G28/><T21/><D21/><U122/><E122/><V38/><F38/><W89/><G104/><T121/><D121/><U97/><E79/><V71/><F70/><W42/><G42/><T22/><D22/><U46/><E46/><V18/><F18/><W60/><G100/><T31/><D19/><N who="1" m="8687" /><E95/><V29/><F29/><W108/><G108/><T113/><D113/><U63/><E63/><V50/><F110/><W106/><G106/><T133/><D133/><U47/><E47/><N who="2" m="24039" /><F132/><W102/><G102/><N who="0" m="60695" /><D58/><U99/><E3/><V4/><F117/><W78/><G78/><T66/><D57/><U26/><E26/><RYUUKYOKU ba="0,0" sc="214,15,214,15,244,-15,328,-15" hai0="20,24,31,33,35,65,66,76,82,86" hai1="5,11,77,80,84,85,87,97,98,99" /><INIT seed="1,1,0,0,5,119" ten="229,229,229,313" oya="1" hai0="5,93,122,53,20,7,50,51,31,60,108,47,84" hai1="96,39,87,105,109,79,27,9,43,55,70,101,25" hai2="22,72,40,16,74,24,78,32,71,110,94,132,4" hai3="41,92,135,90,131,57,112,67,91,13,100,52,116"/><U19/><E109/><V98/><F110/><W59/><G131/><T123/><D108/><U86/><E70/><V62/><F132/><W29/><G135/><T126/><D126/><U28/><E55/><V56/><F71/><W130/><G130/><T1/><D1/><U66/><E66/><V34/><F40/><W99/><G112/><T118/><D118/><U61/><E61/><V54/><F4/><W11/><G116/><T35/><D35/><U125/><E125/><V127/><F127/><W83/><G41/><T33/><D33/><U14/><E27/><V117/><F117/><W48/><G29/><T76/><D60/><U37/><E79/><V3/><F3/><W77/><G67/><T18/><D31/><U73/><E73/><V23/><F74/><W95/><G59/><T82/><D93/><U10/><E9/><V69/><F69/><W103/><G103/><T133/><D51/><U12/><E12/><V121/><F121/><N who="0" m="46090" /><D133/><U89/><E37/><V58/><F58/><W128/><G128/><T64/><D64/><U2/><E2/><V104/><F104/><W113/><G113/><T114/><D114/><U97/><E39/><V88/><REACH who="2" step="1"/><F23/><REACH who="2" ten="229,229,219,313" step="2"/><W111/><G111/><T38/><D38/><U17/><E105/><V26/><F26/><AGARI ba="1,1" hai="5,7,18,20,26,47,50,53,76,82,84" m="46090" machi="26" ten="30,7700,0" yaku="13,1,52,3" doraHai="119" who="0" fromWho="2" sc="229,90,229,0,219,-80,313,0" /><INIT seed="2,0,0,4,5,61" ten="319,229,139,313" oya="2" hai0="86,123,134,103,68,133,101,14,104,93,3,118,15" hai1="66,135,34,25,8,114,96,5,84,121,128,42,39" hai2="30,57,43,17,12,45,16,79,20,116,115,108,60" hai3="106,62,131,51,109,77,119,22,126,117,59,74,113"/><V127/><F116/><W88/><G106/><T38/><D3/><N who="1" m="63" /><E114/><V120/><F120/><W75/><G126/><T1/><D1/><U91/><E121/><V76/><F115/><W56/><G131/><T28/><D123/><U55/><E55/><V100/><F127/><W41/><G109/><T27/><D118/><U122/><E122/><V64/><F108/><W111/><G111/><T48/><D38/><U98/><E42/><V21/><F30/><W107/><G113/><T129/><D68/><U89/><E39/><V18/><F100/><N who="0" m="38474" /><D104/><U0/><E0/><V94/><F94/><W31/><G107/><T4/><D4/><U47/><E47/><V124/><F124/><W125/><G125/><T63/><D63/><U70/><E91/><V23/><REACH who="2" step="1"/><F12/><REACH who="2" ten="319,229,129,313" step="2"/><W58/><G119/><T52/><D129/><U49/><E128/><V53/><F53/><W85/><G117/><T72/><D15/><U90/><E135/><V82/><F82/><W81/><G31/><T6/><D14/><U29/><E29/><V46/><F46/><W105/><G105/><T65/><D28/><U130/><E130/><V24/><F24/><W73/><G81/><T97/><D27/><U132/><E25/><V95/><F95/><W54/><G54/><T92/><D133/><U69/><E132/><V40/><F40/><W112/><G112/><T87/><D134/><U19/><E34/><V83/><F83/><W7/><G41/><T37/><D93/><U35/><E35/><V78/><F78/><W2/><G77/><T33/><D92/><U110/><E110/><V50/><AGARI ba="0,1" hai="16,17,18,20,21,23,43,45,50,57,60,64,76,79" machi="50" ten="30,18000,2" yaku="1,1,5,1,0,1,8,1,52,1,54,1,53,0" doraHai="61" doraHaiUra="26" who="2" fromWho="2" sc="319,-60,229,-60,129,190,313,-60" /><INIT seed="2,1,0,0,3,29" ten="259,169,319,253" oya="2" hai0="34,77,124,24,45,48,128,50,89,5,22,7,92" hai1="52,123,10,6,46,75,54,53,14,55,82,59,96" hai2="9,120,122,88,113,133,95,103,81,60,38,25,97" hai3="44,108,79,134,32,93,115,0,51,98,41,86,72"/><V117/><F117/><W2/><G108/><T64/><D124/><U119/><E119/><V87/><F38/><W57/><G134/><T111/><D128/><U78/><E123/><V61/><F113/><W83/><G115/><T135/><D111/><U35/><E35/><V17/><F133/><W71/><G71/><T27/><D135/><U132/><E132/><V90/><F120/><W15/><G32/><T49/><D45/><U118/><E118/><V58/><F122/><W131/><G131/><T47/><D47/><U11/><E96/><V68/><F68/><W18/><G72/><T63/><D77/><U116/><E116/><V121/><F121/><W130/><G130/><T91/><D27/><U104/><E11/><V127/><F127/><W73/><G73/><T40/><D40/><U126/><E126/><V101/><F60/><W84/><G84/><T16/><D34/><U125/><E125/><V114/><F114/><W42/><G57/><N who="0" m="36975" /><D89/><U30/><E30/><V107/><F107/><W74/><G74/><T67/><D67/><U105/><REACH who="1" step="1"/><E46/><REACH who="1" ten="259,159,319,253" step="2"/><V100/><F9/><W1/><G44/><T28/><D28/><U112/><E112/><V12/><F12/><W33/><G33/><T3/><D3/><U8/><E8/><V106/><F106/><W76/><G2/><T31/><D31/><U23/><E23/><N who="2" m="13551" /><F103/><N who="3" m="60879" /><G1/><T129/><D129/><U39/><E39/><V110/><F110/><W13/><G0/><T94/><D91/><U65/><E65/><AGARI ba="1,1" hai="58,61,65,81,87,88,90,95,97,100,101" m="13551" machi="65" ten="30,2900,0" yaku="8,1,54,1" doraHai="29" who="2" fromWho="1" sc="259,0,159,-32,319,42,253,0" /><INIT seed="2,2,0,1,5,21" ten="259,127,361,253" oya="2" hai0="20,131,28,100,79,135,47,112,62,99,7,101,132" hai1="97,37,124,69,31,54,76,122,50,128,44,53,42" hai2="27,52,16,38,114,88,4,15,102,41,57,39,56" hai3="6,71,0,126,83,35,91,49,117,125,78,81,87"/><V33/><F114/><W72/><G117/><T11/><D112/><U120/><E124/><N who="3" m="47722" /><G71/><T103/><D131/><U75/><E97/><V130/><F130/><W86/><G35/><T55/><D79/><U92/><E92/><V85/><F102/><W106/><G106/><T14/><D99/><U82/><E128/><V111/><F111/><W48/><G0/><T45/><D62/><U73/><E73/><V104/><F104/><W17/><G6/><T116/><D116/><U108/><E108/><V43/><F38/><W95/><G17/><T59/><D59/><U34/><E54/><V74/><F74/><W98/><G87/><T66/><D66/><U123/><E53/><V70/><F70/><W30/><G30/><T18/><D28/><U12/><E12/><V46/><F41/><W93/><G93/><T107/><D107/><U22/><E50/><V5/><F56/><W109/><G109/><T25/><REACH who="0" step="1"/><D55/><REACH who="0" ten="249,127,361,253" step="2"/><U94/><E69/><V63/><F43/><W67/><G67/><T61/><D61/><U13/><E94/><V29/><F39/><W129/><G129/><T133/><AGARI ba="2,1" hai="7,11,14,18,20,25,45,47,100,101,103,132,133,135" machi="133" ten="40,8000,1" yaku="1,1,0,1,20,1,52,1,53,1" doraHai="21" doraHaiUra="1" who="0" fromWho="0" sc="249,96,127,-22,361,-42,253,-22" /><INIT seed="3,0,0,4,0,81" ten="345,105,319,231" oya="3" hai0="75,60,121,34,36,76,78,41,109,128,29,127,23" hai1="106,99,130,95,17,15,65,135,51,9,50,107,22" hai2="126,4,11,122,13,52,32,19,85,119,20,124,113" hai3="30,70,35,2,134,90,0,61,58,31,55,7,59"/><W108/><G108/><T132/><D34/><U102/><E130/><V91/><F113/><W129/><G129/><T16/><D109/><U1/><E135/><V48/><F119/><W118/><G118/><T96/><D29/><U103/><E1/><V62/><F62/><W57/><G134/><T86/><D121/><U125/><E125/><N who="2" m="48235" /><F32/><W49/><G70/><T112/><D75/><U10/><E65/><V45/><F122/><W14/><G90/><T18/><D96/><U72/><E72/><V67/><F67/><W44/><G35/><T101/><D101/><U40/><E40/><V89/><F89/><W73/><G73/><T25/><D41/><U114/><E114/><V46/><F46/><W133/><G133/><T53/><D36/><U77/><E77/><V131/><F131/><W115/><G115/><T69/><D112/><U66/><E66/><V42/><F42/><W94/><G94/><T88/><D128/><U8/><E106/><V63/><F63/><W80/><G80/><N who="0" m="49223" /><D132/><U120/><E120/><V39/><F39/><W3/><REACH who="3" step="1"/><G61/><REACH who="3" ten="345,105,319,221" step="2"/><T83/><D69/><U5/><E107/><V21/><F4/><W24/><G24/><T117/><D117/><U68/><E68/><V93/><AGARI ba="0,1" hai="11,13,19,20,21,45,48,52,85,91,93" m="48235" machi="93" ten="30,4000,0" yaku="18,1,52,1,54,1" doraHai="81" who="2" fromWho="2" sc="345,-10,105,-10,319,50,221,-20" owari="335,14.0,95,-40.0,369,46.0,201,-20.0" /></mjloggm>