<mjloggm ver="2.3"><GO type="97" lobby="0"/><UN n0="%E3%83%97%E3%83%AA%E3%83%B3%E3%82%B9" n1="%54%41%43%48%59%4F%4E" n2="%E3%82%A6%E3%83%AB%E3%83%88%E3%83%A9%E7%AB%8B%E7%9B%B4" n3="%E9%87%8C%E4%B8%AD%E4%BA%9C%E7%9F%A2%E5%AD%90" dan="14,14,15,15" rate="1861.68,1945.96,1967.99,1978.76" sx="M,M,M,F"/><TAIKYOKU oya="0"/><INIT seed="0,0,0,4,3,93" ten="250,250,250,250" oya="0" hai0="33,75,22,70,114,19,120,34,78,105,110,48,86" hai1="122,46,27,61,123,42,30,99,132,134,4,6,65" hai2="7,26,10,63,129,51,41,118,62,16,72,128,50" hai3="2,43,45,96,106,64,24,127,100,36,71,74,18"/><T47/><D114/><U56/><E6/><V17/><F72/><W88/><G127/><T31/><D120/><U119/><E119/><V125/><F125/><W32/><G18/><N who="2" m="7273" /><F26/><W117/><G117/><T55/><D70/><U95/><E4/><V58/><F118/><W126/><G126/><T57/><D105/><U94/><E94/><V87/><F41/><W104/><G88/><T89/><D110/><U77/><E77/><V39/><F39/><W52/><G52/><T3/><D3/><U97/><E95/><V116/><F116/><W15/><G15/><T35/><D31/><U111/><E111/><V8/><F87/><W131/><G131/><N who="2" m="50249" /><F58/><W68/><G106/><T5/><D5/><U107/><E107/><V79/><F79/><W92/><G92/><T73/><D78/><U121/><E46/><V133/><F133/><N who="1" m="51305" /><E42/><V60/><F7/><W80/><G80/><T11/><D57/><U54/><E65/><V40/><F40/><W44/><G44/><T81/><REACH who="0" step="1"/><D22/><AGARI ba="0,0" hai="22,27,30,54,56,61,97,99,121,122,123" m="51305" machi="22" ten="40,5200,0" yaku="20,1,52,2" doraHai="93" who="1" fromWho="0" sc="250,-52,250,52,250,0,250,0" /><INIT seed="1,0,0,4,0,43" ten="198,302,250,250" oya="1" hai0="112,4,52,78,73,117,56,111,105,13,81,100,16" hai1="34,72,50,17,65,79,94,42,28,19,5,107,37" hai2="80,64,14,63,95,124,25,15,8,101,84,127,129" hai3="46,48,116,33,75,109,44,126,54,128,103,29,123"/><U97/><E37/><V60/><F129/><W35/><G123/><T122/><D111/><U89/><E107/><V130/><F130/><W47/><G128/><T49/><D112/><U71/><E72/><V23/><F127/><W2/><G2/><T87/><D117/><U57/><E79/><V77/><F124/><W86/><G126/><T76/><D122/><U114/><E114/><V40/><F40/><W21/><G75/><T51/><D4/><U132/><E5/><V108/><F108/><W74/><G74/><T0/><D0/><U38/><E132/><V133/><F133/><W98/><G109/><T31/><D31/><U53/><E28/><V82/><F82/><W121/><G121/><T115/><D115/><U39/><E39/><V58/><F63/><W45/><G86/><T9/><D73/><U1/><E34/><V125/><F125/><W110/><G110/><T106/><D76/><U96/><E96/><N who="2" m="59551" /><F8/><W22/><G116/><T20/><D100/><U12/><E12/><V68/><F68/><W134/><G134/><T99/><D99/><U10/><E10/><V92/><F92/><W67/><G67/><T62/><REACH who="0" step="1"/><D9/><REACH who="0" ten="188,302,250,250" step="2"/><U55/><E1/><V24/><F25/><W119/><G119/><T70/><D70/><U18/><E71/><V61/><F24/><W90/><G29/><T66/><D66/><U36/><E65/><N who="2" m="39063" /><F23/><W118/><G118/><T7/><D7/><U102/><E102/><V41/><F64/><W120/><G120/><T30/><D30/><U131/><E131/><V91/><F77/><W88/><N who="3" m="11776" /><DORA hai="93" /><W85/><G103/><RYUUKYOKU ba="0,1" sc="188,30,302,-10,250,-10,250,-10" hai0="13,16,20,49,51,52,56,62,78,81,87,105,106" /><INIT seed="2,1,1,0,3,74" ten="218,292,240,240" oya="2" hai0="69,13,46,95,127,75,36,58,83,55,26,8,121" hai1="104,67,59,14,89,72,126,111,24,135,49,20,38" hai2="28,99,113,21,52,54,87,31,120,132,29,19,27" hai3="84,93,80,39,92,88,110,10,85,128,2,119,37"/><V63/><F120/><W47/><G119/><T22/><D121/><U33/><E104/><V122/><F122/><W117/><G117/><T115/><D127/><U130/><E72/><V78/><F113/><W112/><G112/><T76/><D115/><U70/><E38/><V66/><F132/><W45/><G110/><T18/><D69/><U86/><E33/><V101/><F87/><W44/><G128/><T43/><D95/><U7/><E135/><V57/><REACH who="2" step="1"/><F78/><REACH who="2" ten="218,292,230,240" step="2"/><W15/><G2/><T98/><D98/><U50/><E86/><V114/><F114/><W108/><G108/><T81/><D81/><U100/><E111/><V96/><F96/><W77/><REACH who="3" step="1"/><G93/><AGARI ba="1,2" hai="19,21,27,28,29,31,52,54,57,63,66,93,99,101" machi="93" ten="40,7700,0" yaku="1,1,8,1,54,1,53,0" doraHai="74" doraHaiUra="131" who="2" fromWho="3" sc="218,0,292,0,230,100,240,-80" /><INIT seed="2,2,0,5,4,30" ten="218,292,330,160" oya="2" hai0="68,82,126,121,92,111,45,2,22,59,17,69,21" hai1="28,87,112,8,44,0,36,107,43,123,119,127,118" hai2="102,134,79,106,98,125,122,58,57,135,50,129,72" hai3="103,39,23,101,76,94,19,12,49,16,40,1,64"/><V110/><F122/><W83/><G39/><T73/><D111/><U95/><E87/><V128/><F50/><W104/><G1/><T115/><D121/><U84/><E95/><V62/><F57/><W42/><G104/><T131/><D115/><U70/><E123/><V9/><F9/><W85/><G64/><T117/><D117/><U11/><E84/><V26/><F26/><W120/><G120/><T27/><D131/><N who="2" m="50250" /><F110/><W114/><G114/><T71/><D126/><U10/><E10/><V90/><F90/><W7/><G7/><T34/><D2/><U67/><E11/><V124/><F79/><W6/><G6/><T33/><D45/><U93/><E93/><V109/><F72/><W48/><G19/><T56/><D56/><U88/><E112/><V14/><F14/><W52/><G49/><T113/><D113/><U108/><E88/><V46/><F46/><N who="3" m="27671" /><G94/><T61/><D73/><U116/><E108/><V60/><F109/><W99/><G99/><T13/><D82/><U77/><E77/><V37/><F37/><W133/><G133/><N who="2" m="50697" /><F58/><W15/><G15/><T31/><REACH who="0" step="1"/><D92/><REACH who="0" ten="208,292,330,160" step="2"/><U53/><E119/><V86/><F86/><W74/><G74/><T97/><D97/><U65/><E118/><V32/><F32/><W100/><AGARI ba="2,1" hai="12,16,23,40,42,76,83,85,100,101,103" m="27671" machi="100" ten="30,4000,0" yaku="8,1,54,2" doraHai="30" who="3" fromWho="3" sc="208,-12,292,-12,330,-22,160,56" /><INIT seed="3,0,0,3,5,93" ten="196,280,308,216" oya="3" hai0="128,125,121,78,56,97,28,31,118,123,87,84,20" hai1="3,2,129,45,60,13,102,18,117,86,82,70,100" hai2="15,24,90,112,16,94,95,62,46,12,101,68,99" hai3="57,111,33,44,69,106,75,114,55,58,22,52,63"/><W61/><G75/><T131/><D118/><U92/><E117/><V21/><F112/><W119/><G33/><T25/><D125/><U130/><E70/><V30/><F46/><W132/><G119/><T116/><D116/><U110/><E110/><V122/><F122/><W124/><G114/><T27/><D56/><U50/><E60/><V0/><F0/><W29/><G124/><T51/><D51/><U107/><E107/><V47/><F47/><W66/><G132/><T7/><D7/><U59/><E59/><V108/><F108/><W98/><G44/><T134/><D134/><U126/><E126/><V39/><F39/><W81/><G81/><N who="0" m="47159" /><D87/><U71/><E71/><V43/><F43/><W135/><G135/><T37/><D37/><U109/><E109/><V103/><F15/><W79/><G79/><T11/><D11/><U105/><E105/><V77/><F77/><W17/><G111/><T73/><D73/><U42/><E100/><V113/><F113/><W80/><G80/><T8/><D8/><N who="1" m="6439" /><E102/><V65/><F95/><W1/><G1/><T104/><D27/><U26/><E26/><V49/><F49/><N who="3" m="30863" /><G29/><T91/><D31/><U85/><E85/><V72/><F72/><W76/><G76/><T14/><D14/><U96/><E3/><V10/><AGARI ba="0,0" hai="10,12,16,21,24,30,62,65,68,90,94,99,101,103" machi="10" ten="20,5200,0" yaku="0,1,7,1,52,1,54,1" doraHai="93" who="2" fromWho="2" sc="196,-13,280,-13,308,52,216,-26" owari="183,-32.0,267,7.0,360,46.0,190,-21.0" /></mjloggm>