<mjloggm ver="2.3"><GO type="97" lobby="0"/><UN n0="%E3%82%A6%E3%83%AB%E3%83%88%E3%83%A9%E7%AB%8B%E7%9B%B4" n1="%68%69%79%6F%74%6F%61%65" n2="%E3%83%9A%E3%83%81%E3%83%A7%E3%83%BC%E3%83%AA%E3%83%B3" n3="%33%32%35%32%31%32%31%34" dan="14,13,15,13" rate="1973.88,1837.58,2016.77,1918.85" sx="M,M,M,M"/><TAIKYOKU oya="0"/><INIT seed="0,0,0,4,2,116" ten="250,250,250,250" oya="0" hai0="29,103,18,63,53,114,134,33,5,56,89,117,59" hai1="102,51,16,92,69,79,2,86,61,43,71,34,9" hai2="78,88,72,13,37,22,107,135,68,121,3,130,109" hai3="39,119,100,111,73,123,129,10,125,14,90,97,77"/><T52/><D117/><U70/><E34/><V48/><RYUUKYOKU type="yao9" ba="0,0" sc="250,0,250,0,250,0,250,0" hai2="3,13,22,37,48,68,72,78,88,107,109,121,130,135" /><INIT seed="0,1,0,2,4,100" ten="250,250,250,250" oya="0" hai0="5,30,79,99,75,81,43,31,57,125,51,117,74" hai1="49,84,122,62,21,76,0,73,103,55,65,64,131" hai2="20,134,116,67,85,98,132,60,91,53,71,44,61" hai3="70,63,124,77,95,27,130,115,50,11,69,46,110"/><T111/><D117/><U38/><E122/><V113/><F113/><W42/><G115/><T78/><D5/><U102/><E0/><V35/><F35/><W28/><G124/><T29/><D125/><U59/><E73/><V126/><F126/><W7/><G110/><T8/><D8/><U107/><E131/><V32/><F32/><W52/><G130/><T90/><D111/><U118/><E118/><V10/><F116/><W18/><G18/><T106/><D43/><U101/><E38/><V19/><F98/><W26/><G26/><T58/><D51/><U133/><E133/><N who="2" m="51307" /><F10/><W88/><G77/><T127/><D127/><U4/><E4/><V92/><F44/><W39/><G63/><T129/><D129/><U34/><E34/><V86/><F60/><W37/><G37/><T108/><D108/><U94/><E107/><V112/><F53/><W2/><G28/><T105/><D90/><U135/><E135/><V36/><F36/><W14/><G27/><T109/><D109/><U41/><E21/><V54/><F54/><W128/><G2/><T104/><D99/><U3/><E3/><V87/><F112/><W22/><G22/><T15/><D15/><AGARI ba="1,0" hai="15,19,20,61,67,71,85,86,87,91,92" m="51307" machi="15" ten="30,1000,0" yaku="20,1" doraHai="100" who="2" fromWho="0" sc="250,-13,250,0,250,13,250,0" /><INIT seed="1,0,0,0,4,49" ten="237,250,263,250" oya="1" hai0="94,56,43,27,115,29,77,3,9,62,7,64,33" hai1="70,121,30,81,48,134,133,18,13,44,58,79,123" hai2="101,117,112,8,104,106,19,5,31,87,15,40,96" hai3="114,105,92,122,120,124,132,6,74,131,35,17,110"/><U102/><E70/><V63/><F117/><W32/><RYUUKYOKU type="yao9" ba="0,0" sc="237,0,250,0,263,0,250,0" hai3="6,17,32,35,74,92,105,110,114,120,122,124,131,132" /><INIT seed="1,1,0,1,5,50" ten="237,250,263,250" oya="1" hai0="124,77,103,13,61,94,118,43,38,115,110,71,120" hai1="32,7,31,26,88,114,23,4,105,10,97,37,65" hai2="125,16,5,95,25,34,96,21,78,66,87,11,60" hai3="70,116,62,12,75,6,121,82,64,80,53,84,55"/><U127/><E37/><V20/><F125/><W45/><G121/><T28/><D94/><U48/><E114/><V83/><F34/><W57/><G116/><T2/><D13/><U81/><E127/><V44/><F44/><W131/><G75/><T133/><D77/><U9/><E32/><V39/><F39/><W1/><G1/><T58/><D103/><U68/><E68/><V113/><F113/><W86/><G131/><T54/><D28/><U92/><E105/><V109/><F109/><W91/><G70/><T42/><D2/><U129/><E129/><V33/><F33/><W22/><G45/><N who="0" m="23767" /><D115/><U17/><E65/><V24/><F11/><N who="1" m="4105" /><E31/><V3/><F5/><N who="1" m="2121" /><E48/><V79/><F3/><W101/><G101/><T135/><D124/><U35/><E35/><V27/><F79/><W117/><G117/><T56/><D118/><U122/><E122/><V128/><F128/><W14/><G6/><T59/><D120/><U49/><E49/><V63/><F66/><W40/><G40/><T74/><D74/><U46/><E46/><V52/><F63/><W69/><G69/><T0/><D0/><U130/><E130/><V85/><F21/><W90/><G22/><T119/><D119/><U112/><E112/><V73/><F73/><W134/><G134/><N who="0" m="51211" /><D110/><U18/><E18/><V100/><F85/><W111/><G111/><T102/><D102/><U93/><E93/><V104/><F104/><W132/><G132/><T107/><D107/><U108/><E108/><V123/><F123/><W72/><G72/><T67/><D43/><U126/><E126/><V30/><F30/><RYUUKYOKU ba="1,0" sc="237,0,250,0,263,0,250,0" hai0="54,56,58,59,61,67,71" hai1="17,23,26,81,88,92,97" hai2="16,20,24,25,27,52,60,78,83,87,95,96,100" hai3="12,14,53,55,57,62,64,80,82,84,86,90,91" /><INIT seed="1,2,0,0,4,31" ten="237,250,263,250" oya="1" hai0="30,131,55,130,4,103,58,118,63,106,87,73,96" hai1="107,5,44,123,95,36,110,16,7,71,1,94,53" hai2="134,2,129,90,76,79,24,66,116,128,115,34,68" hai3="91,65,20,25,48,50,89,22,39,112,33,28,49"/><U9/><E107/><V52/><F116/><W111/><G112/><T135/><D73/><U56/><E123/><V80/><F2/><W11/><G39/><T119/><D4/><U92/><E71/><V46/><F134/><W120/><G120/><T72/><D72/><U88/><E110/><V38/><F115/><W27/><G111/><T104/><D30/><U23/><E36/><V15/><F15/><W127/><G127/><T99/><D135/><U102/><E102/><V29/><F66/><W64/><G11/><T81/><D55/><U70/><E70/><V40/><F68/><W126/><G126/><T109/><D58/><U82/><E44/><V26/><F26/><W43/><G43/><T14/><D63/><U105/><E105/><V0/><F0/><W62/><G62/><T32/><D14/><U84/><E9/><V12/><F12/><W45/><G45/><T108/><D32/><U18/><E1/><V101/><F101/><W93/><G33/><T133/><D133/><U3/><E3/><V8/><F8/><W47/><G47/><T113/><D113/><U117/><E117/><N who="0" m="44553" /><D109/><U97/><E18/><V85/><REACH who="2" step="1"/><F52/><REACH who="2" ten="237,250,253,250" step="2"/><W41/><G65/><T124/><D108/><U17/><E17/><V74/><F74/><W61/><G41/><T75/><D75/><U54/><E97/><N who="0" m="37449" /><D124/><U42/><E42/><V114/><F114/><W60/><G64/><T13/><D13/><N who="1" m="9615" /><E53/><V121/><F121/><W21/><G27/><T77/><D104/><U67/><E67/><V125/><F125/><W86/><G91/><T100/><D106/><U51/><AGARI ba="2,1" hai="5,7,51,54,56,82,84,88,92,94,95" m="9615" machi="51" ten="30,11700,0" yaku="5,1,8,1,54,2" doraHai="31" who="1" fromWho="1" sc="237,-41,250,133,253,-41,250,-41" /><INIT seed="1,3,0,3,0,45" ten="196,383,212,209" oya="1" hai0="32,55,78,134,66,28,126,15,33,5,11,69,25" hai1="49,37,54,103,125,62,17,123,77,86,43,102,31" hai2="128,64,36,118,91,16,81,26,56,48,24,10,127" hai3="50,19,70,93,88,132,58,38,4,67,90,12,85"/><U75/><E123/><V21/><F36/><W87/><G38/><T60/><D126/><U133/><E75/><V95/><F127/><W76/><G132/><T23/><D134/><U3/><E125/><V9/><F118/><W14/><G70/><T53/><D33/><U40/><E3/><V122/><F128/><W72/><G76/><T2/><D78/><U109/><E37/><V107/><F107/><W116/><G116/><T20/><D23/><U97/><E133/><V42/><F122/><W0/><G72/><T98/><D98/><U68/><E109/><V110/><F110/><W105/><G105/><T79/><D79/><U74/><E74/><V96/><F81/><W6/><G0/><T51/><D51/><U100/><E68/><V71/><F71/><W82/><G14/><T117/><D117/><U29/><E17/><AGARI ba="3,0" hai="2,5,11,15,17,20,25,28,32,53,55,60,66,69" machi="17" ten="40,2600,0" yaku="24,2" doraHai="45" who="0" fromWho="1" sc="196,35,383,-35,212,0,209,0" /><INIT seed="2,0,0,2,0,21" ten="231,348,212,209" oya="2" hai0="44,112,15,0,113,12,114,41,45,30,58,1,91" hai1="90,83,133,84,104,111,81,102,20,126,53,46,129" hai2="72,4,125,109,99,56,128,105,107,68,19,116,70" hai3="135,93,66,59,3,110,28,27,34,63,35,86,67"/><V92/><F116/><W121/><G121/><T69/><D30/><U55/><E111/><V96/><F72/><W124/><G3/><T60/><D91/><U10/><E129/><V75/><F75/><W120/><G120/><T39/><D15/><U87/><E133/><V43/><F43/><W2/><G2/><T71/><D12/><U23/><E126/><V7/><F125/><W103/><G135/><T94/><D94/><U42/><E104/><V18/><F56/><W61/><G124/><T9/><D1/><U50/><E102/><V98/><F92/><W17/><G110/><T78/><D78/><N who="1" m="46135" /><E10/><V100/><F109/><W118/><G17/><T79/><D79/><U25/><E23/><V123/><F99/><W89/><G103/><T32/><D32/><U13/><E13/><V26/><F100/><W8/><G8/><T14/><D14/><U57/><E57/><V76/><F76/><W80/><G118/><T88/><D9/><U36/><E36/><V65/><F65/><W95/><G35/><T108/><D0/><U5/><E5/><V74/><F74/><W11/><G11/><T48/><D88/><U49/><E50/><V132/><F132/><W119/><G119/><T85/><D85/><U82/><E83/><V6/><F6/><W64/><G64/><N who="0" m="38935" /><D108/><U29/><AGARI ba="0,0" hai="20,25,29,42,46,49,53,55,82,87,90" m="46135" machi="29" ten="30,2000,0" yaku="8,1,52,1" doraHai="21" who="1" fromWho="1" sc="231,-5,348,20,212,-10,209,-5" /><INIT seed="3,0,0,4,4,2" ten="226,368,202,204" oya="3" hai0="74,56,49,46,21,50,22,110,122,81,9,30,124" hai1="80,90,25,53,130,59,76,107,45,77,39,19,91" hai2="102,126,79,78,60,57,105,109,58,115,29,26,20" hai3="5,103,101,83,88,32,14,31,54,42,114,118,117"/><W132/><G114/><T44/><D122/><U134/><E107/><V99/><F115/><W120/><G120/><T17/><D56/><U48/><E134/><V13/><F126/><W37/><G132/><T61/><D61/><N who="1" m="36079" /><E130/><V40/><F109/><W6/><G118/><T18/><D21/><N who="1" m="13503" /><E39/><V68/><F40/><W94/><G117/><T11/><D81/><U123/><E123/><V121/><F121/><W51/><G83/><T4/><D50/><U73/><E73/><V127/><F127/><W8/><G37/><T27/><D46/><U15/><E15/><V98/><F68/><W106/><G42/><T129/><D18/><U63/><E63/><V62/><F13/><W36/><G36/><T67/><D11/><U112/><E112/><V1/><F1/><W66/><G106/><T75/><D67/><U93/><E80/><V34/><F34/><W87/><G66/><T0/><D110/><U86/><E91/><V38/><F38/><W116/><G116/><T135/><D129/><U133/><E133/><V55/><F99/><W113/><G113/><T100/><D100/><N who="3" m="38473" /><G31/><T24/><D135/><U12/><E12/><V108/><F108/><W84/><G32/><T119/><D119/><U64/><E64/><AGARI ba="0,0" hai="20,26,29,55,57,58,60,62,64,78,79,98,102,105" machi="64" ten="30,1000,0" yaku="7,1" doraHai="2" who="2" fromWho="1" sc="226,0,368,-10,202,10,204,0" owari="226,3.0,358,46.0,212,-19.0,204,-30.0" /></mjloggm>