<mjloggm ver="2.3"><GO type="97" lobby="0"/><UN n0="%75%73%68%69%6B%6F" n1="%E6%BA%80%E8%B2%AB%E3%83%9F%E3%83%83%E3%83%89%E3%83%8A%E3%82%A4%E3%83%88" n2="%68%69%72%61%74%73%75" n3="%E5%B0%B1%E6%B4%BB%E7%94%9F%40%E5%B7%9D%E6%9D%91%E8%BB%8D%E5%9B%A3" dan="13,14,14,13" rate="1894.11,1853.76,2054.62,1911.44" sx="M,M,M,M"/><TAIKYOKU oya="0"/><INIT seed="0,0,0,1,1,4" ten="250,250,250,250" oya="0" hai0="37,117,93,84,39,135,82,63,41,66,90,89,3" hai1="116,76,100,27,115,24,61,42,20,101,99,52,17" hai2="32,15,109,59,81,70,108,18,134,48,74,87,92" hai3="65,57,22,78,112,46,122,88,131,1,9,91,28"/><T77/><D3/><U86/><E115/><V62/><F32/><W120/><G112/><T8/><D117/><U35/><E116/><V132/><F70/><W54/><G131/><T10/><D135/><N who="2" m="51754" /><F74/><W102/><G102/><T111/><D111/><U127/><E127/><V114/><F92/><W97/><G97/><T107/><D107/><U83/><E42/><V123/><F48/><W43/><G65/><T68/><D89/><U56/><E99/><V75/><F75/><W94/><G78/><T45/><REACH who="0" step="1"/><D37/><REACH who="0" ten="240,250,250,250" step="2"/><U21/><REACH who="1" step="1"/><E35/><REACH who="1" ten="240,240,250,250" step="2"/><V55/><F114/><W128/><G120/><T25/><D25/><U12/><E12/><V5/><F123/><W23/><G122/><T126/><D126/><U95/><E95/><V130/><F109/><W98/><G128/><T33/><D33/><U19/><AGARI ba="0,2" hai="17,19,20,21,24,27,52,56,61,76,83,86,100,101" machi="19" ten="20,12000,2" yaku="1,1,0,1,7,1,9,1,8,1,54,1,53,0" doraHai="4" doraHaiUra="113" who="1" fromWho="1" sc="240,-60,240,140,250,-30,250,-30" /><INIT seed="1,0,0,5,5,45" ten="180,380,220,220" oya="1" hai0="87,80,4,39,19,82,75,44,127,9,52,121,134" hai1="59,84,47,67,21,78,128,16,57,66,49,33,37" hai2="77,89,72,88,32,101,102,27,15,60,48,119,5" hai3="112,55,22,130,85,99,63,61,70,65,40,1,24"/><U103/><E128/><V35/><F77/><W8/><G112/><T43/><D134/><U54/><E33/><V53/><F72/><W116/><G116/><T105/><D105/><U108/><E103/><V12/><F60/><W97/><G130/><T31/><D31/><U110/><E37/><V111/><F32/><W20/><G40/><T23/><D127/><U0/><E0/><V7/><F35/><W96/><G63/><T86/><D121/><U30/><E30/><V42/><F42/><W129/><G129/><T81/><D75/><U11/><E11/><V135/><F27/><W126/><G126/><T38/><D38/><U91/><E78/><V107/><F107/><W17/><G22/><T133/><D133/><U79/><E79/><V100/><F135/><W76/><G55/><T50/><D50/><N who="1" m="30935" /><E59/><N who="2" m="33191" /><F111/><N who="1" m="42537" /><E84/><V114/><F114/><W56/><G70/><T18/><D52/><N who="1" m="29759" /><E91/><N who="2" m="34891" /><F119/><W93/><G1/><T34/><D34/><U58/><E58/><V6/><AGARI ba="0,0" hai="5,6,7,12,15,100,101,102" m="34891,33191" machi="6" ten="40,5200,0" yaku="8,1,52,1,54,1" doraHai="45" who="2" fromWho="2" sc="180,-13,380,-26,220,52,220,-13" /><INIT seed="2,0,0,3,2,77" ten="167,354,272,207" oya="2" hai0="2,60,34,5,83,4,41,62,122,18,80,20,55" hai1="52,35,13,98,79,30,74,12,135,24,126,92,97" hai2="133,116,46,105,26,128,9,132,50,124,127,115,15" hai3="75,107,120,67,73,114,42,29,51,25,69,71,53"/><V27/><F105/><W19/><G120/><T21/><D34/><U38/><E38/><V103/><F103/><W56/><G56/><N who="0" m="34847" /><D2/><U104/><E135/><N who="2" m="51787" /><F116/><W94/><G107/><T121/><D121/><U33/><E33/><V44/><F115/><W57/><G42/><T95/><D122/><U32/><E32/><V131/><F46/><W47/><G114/><T100/><D41/><U23/><E126/><N who="2" m="48171" /><F44/><W101/><G19/><T119/><D119/><U65/><E104/><V59/><F59/><W113/><G113/><T14/><D62/><U90/><E65/><V49/><F27/><W31/><G71/><T22/><D95/><U76/><E35/><V0/><F0/><W111/><G69/><T106/><D100/><U63/><E74/><V86/><F26/><W112/><G112/><T87/><D87/><N who="1" m="52319" /><E12/><V7/><F86/><W88/><G111/><T28/><D106/><U68/><E68/><V99/><F99/><N who="1" m="37897" /><E13/><V118/><F118/><W36/><G101/><T108/><D108/><U37/><E37/><V78/><F78/><W91/><G75/><T64/><D64/><U39/><E39/><V125/><N who="2" m="48179" /><V81/><DORA hai="93" /><F81/><N who="0" m="31306" /><D28/><U85/><E85/><V10/><F10/><AGARI ba="0,0" hai="4,5,10,14,18,20,21,22" m="31306,34847" machi="10" ten="30,7700,0" yaku="8,1,52,3" doraHai="77,93" who="0" fromWho="2" sc="167,77,354,0,272,-77,207,0" /><INIT seed="3,0,0,4,5,19" ten="244,354,195,207" oya="3" hai0="0,11,51,32,67,45,81,14,4,123,118,133,109" hai1="48,70,104,119,135,25,92,112,96,68,122,42,115" hai2="39,58,62,71,30,131,106,74,52,82,29,44,27" hai3="1,85,130,100,21,129,60,23,76,12,116,49,34"/><W22/><G116/><T124/><D118/><U98/><E119/><V69/><F106/><W77/><G34/><T117/><D117/><U46/><E104/><V94/><F131/><N who="3" m="50187" /><G1/><T3/><D123/><U2/><E2/><V35/><F30/><W5/><G100/><T72/><D109/><U65/><E122/><V114/><F114/><W18/><G5/><T73/><D32/><U99/><E92/><V59/><F59/><W61/><G49/><T50/><D0/><U89/><E89/><V75/><F94/><W36/><G36/><T78/><D72/><U97/><E25/><V88/><F75/><W17/><G12/><T54/><D3/><U90/><E96/><V134/><F134/><W53/><G85/><T128/><D133/><U66/><E90/><V41/><REACH who="2" step="1"/><F74/><REACH who="2" ten="244,354,185,207" step="2"/><W108/><G108/><T113/><D128/><U16/><E135/><V47/><F47/><W7/><G7/><T91/><D113/><U132/><E115/><V127/><F127/><W8/><G8/><T83/><D124/><U107/><E132/><V101/><F101/><W40/><G40/><T64/><D50/><U95/><E107/><V55/><F55/><W6/><G6/><T37/><D37/><U93/><E95/><V87/><AGARI ba="0,1" hai="27,29,35,39,41,44,52,58,62,69,71,82,87,88" machi="87" ten="30,7900,0" yaku="1,1,0,1,54,2,53,0" doraHai="19" doraHaiUra="10" who="2" fromWho="2" sc="244,-20,354,-20,185,89,207,-39" owari="224,-18.0,334,44.0,274,7.0,168,-33.0" /></mjloggm>