<mjloggm ver="2.3"><GO type="169" lobby="0"/><UN n0="%E3%81%9F%E3%82%93%E3%81%AB%E3%82%83%E3%81%8A%EF%BC%81" n1="%E6%9D%B1%E9%A2%A8%E3%81%B1%E3%81%84%E3%82%93" n2="%E5%91%A8%E9%98%B2%E5%A4%A9%E9%9F%B3" n3="%E3%82%A6%E3%83%AB%E3%83%88%E3%83%A9%E7%AB%8B%E7%9B%B4" dan="16,16,16,16" rate="2068.13,2091.70,2053.30,2092.84" sx="M,M,M,M"/><TAIKYOKU oya="0"/><INIT seed="0,0,0,5,4,24" ten="250,250,250,250" oya="0" hai0="67,87,3,113,23,95,8,33,103,123,106,15,90" hai1="126,16,5,7,114,50,20,41,1,71,56,2,35" hai2="39,89,122,36,68,32,100,110,82,21,84,29,129" hai3="69,76,0,43,34,98,77,49,6,105,22,70,99"/><T75/><D33/><U101/><E71/><V74/><F122/><W47/><G34/><T61/><D123/><U97/><E35/><V120/><F120/><W104/><G6/><T17/><D113/><U60/><E114/><V125/><F68/><W30/><G0/><T121/><D121/><U59/><E126/><V42/><F125/><W112/><G112/><T14/><D3/><U28/><E2/><V51/><F110/><W10/><G10/><T44/><D75/><U40/><E28/><V127/><F127/><W93/><G70/><T12/><D44/><U130/><E130/><V54/><F74/><W4/><G4/><T96/><REACH who="0" step="1"/><D8/><REACH who="0" ten="240,250,250,250" step="2"/><U66/><E1/><V18/><F32/><W109/><G47/><T79/><D79/><U132/><E132/><V134/><F134/><W78/><G77/><T85/><D85/><U124/><E124/><V48/><F129/><W108/><G78/><T102/><D102/><U31/><E101/><V131/><F100/><W119/><G76/><T80/><D80/><U53/><E97/><V65/><F131/><W91/><G99/><T64/><D64/><U37/><E66/><V9/><F65/><W117/><G109/><T55/><D55/><U58/><E53/><V25/><F54/><W45/><G108/><T26/><D26/><U63/><E40/><V73/><F73/><W13/><G98/><T94/><D94/><U38/><E41/><V83/><F83/><W27/><G27/><T88/><D88/><U107/><E107/><V81/><F81/><W57/><G105/><T62/><D62/><U19/><E63/><RYUUKYOKU ba="0,1" sc="240,30,250,-10,250,-10,250,-10" hai0="12,14,15,17,23,61,67,87,90,95,96,103,106" /><INIT seed="0,1,1,2,2,94" ten="270,240,240,240" oya="0" hai0="34,88,112,111,113,87,107,81,133,33,9,103,61" hai1="39,77,3,78,13,100,59,2,63,27,65,58,110" hai2="64,84,22,73,20,15,28,69,117,130,118,68,67" hai3="83,74,8,17,55,102,119,62,38,6,56,42,109"/><T127/><D127/><U89/><E110/><V135/><F73/><W1/><G119/><N who="2" m="45577" /><F135/><W35/><G35/><T116/><D116/><U121/><E121/><V51/><F130/><W98/><G17/><T31/><D133/><U129/><E39/><V29/><F51/><W108/><G42/><T96/><D111/><N who="3" m="42569" /><G38/><T85/><D9/><U30/><E129/><V106/><F106/><N who="3" m="63831" /><G83/><T131/><D131/><U86/><E100/><V128/><F128/><W97/><G74/><T99/><D85/><U4/><E58/><V25/><F84/><W37/><G37/><T23/><D23/><N who="2" m="8746" /><F15/><W122/><G122/><T43/><D43/><U0/><E13/><V11/><F11/><W123/><G123/><T52/><D99/><AGARI ba="1,1" hai="1,6,8,55,56,62,97,99" m="63831,42569" machi="99" ten="30,7700,0" yaku="14,1,52,3" doraHai="94" who="3" fromWho="0" sc="270,-80,240,0,240,0,240,90" /><INIT seed="1,0,0,3,5,79" ten="190,240,240,330" oya="1" hai0="105,131,36,90,115,76,63,57,125,118,123,72,3" hai1="61,91,62,82,73,86,31,83,124,109,7,81,6" hai2="69,60,40,41,119,29,66,135,5,77,39,106,1" hai3="95,49,112,15,52,14,117,132,59,98,65,84,101"/><U42/><E73/><V38/><F119/><W54/><G112/><T68/><RYUUKYOKU type="yao9" ba="0,0" sc="190,0,240,0,240,0,330,0" hai0="3,36,57,63,68,72,76,90,105,115,118,123,125,131" /><INIT seed="1,1,0,2,4,86" ten="190,240,240,330" oya="1" hai0="45,43,5,19,104,131,46,107,95,41,122,110,106" hai1="120,69,128,10,39,29,0,90,82,57,121,9,81" hai2="103,42,100,87,1,74,36,32,15,93,111,102,64" hai3="89,76,60,126,55,115,132,40,127,27,125,47,58"/><U23/><E69/><V48/><F74/><W79/><G115/><T68/><D68/><U49/><E39/><V123/><F1/><W92/><G27/><T91/><D110/><U50/><E0/><V94/><F36/><N who="3" m="21895" /><G132/><T98/><D131/><U34/><E128/><V118/><F32/><W52/><G55/><T108/><D108/><U63/><E34/><V26/><F111/><W16/><G16/><T112/><D112/><U78/><E78/><V13/><F123/><W30/><G30/><T65/><D65/><U85/><E120/><V101/><F64/><W117/><G117/><T73/><D73/><U11/><E82/><V72/><F72/><W21/><G21/><T114/><D114/><U3/><E3/><V31/><F31/><W105/><G105/><T20/><D5/><U38/><E38/><V130/><F26/><W37/><G37/><T88/><D122/><U84/><E84/><AGARI ba="1,0" hai="52,58,60,76,79,84,89,92,125,126,127" m="21895" machi="84" ten="30,3900,0" yaku="18,1,52,1,54,1" doraHai="86" who="3" fromWho="1" sc="190,0,240,-42,240,0,330,42" /><INIT seed="2,0,0,0,4,134" ten="190,198,240,372" oya="2" hai0="86,45,112,117,59,132,3,12,121,80,31,85,0" hai1="34,38,49,28,22,11,56,68,96,58,127,16,133" hai2="94,15,14,4,60,111,108,54,107,78,98,128,90" hai3="57,95,76,19,21,129,52,63,116,82,43,17,32"/><V30/><F78/><W130/><G32/><T8/><D112/><U23/><E38/><V61/><F107/><W115/><G116/><T92/><D121/><U71/><E34/><V114/><F114/><W84/><G115/><T91/><D132/><U25/><E133/><V24/><F128/><N who="3" m="49259" /><G43/><T88/><D117/><U113/><E113/><V66/><F54/><W126/><G95/><T124/><D31/><U40/><E11/><N who="2" m="4455" /><F15/><N who="3" m="9407" /><G19/><T51/><D59/><U6/><E6/><V69/><F69/><W37/><G37/><T39/><D39/><U73/><E68/><V120/><F120/><W89/><G89/><T64/><D64/><U102/><E71/><V50/><F66/><W67/><G67/><T99/><D99/><U93/><E40/><V110/><F50/><W65/><G65/><T53/><REACH who="0" step="1"/><D124/><AGARI ba="0,0" hai="52,57,63,76,82,84,124,126" m="9407,49259" machi="124" ten="30,7700,0" yaku="19,1,52,2,54,1" doraHai="134" who="3" fromWho="0" sc="190,-77,198,0,240,0,372,77" /><INIT seed="3,0,0,2,0,130" ten="113,198,240,449" oya="3" hai0="124,115,27,20,12,80,55,77,57,11,93,74,68" hai1="53,102,1,122,16,30,117,8,73,56,83,15,65" hai2="19,128,22,79,96,32,13,7,26,101,129,104,45" hai3="84,6,70,134,108,51,17,10,2,132,33,47,133"/><W23/><G70/><T63/><D124/><U107/><E122/><V48/><F79/><W43/><G33/><T50/><D115/><U109/><E109/><V39/><F39/><W111/><G84/><T24/><D24/><AGARI ba="0,0" hai="2,6,10,17,23,24,43,47,51,108,111,132,133,134" machi="24" ten="50,12000,1" yaku="20,1,52,3" doraHai="130" who="3" fromWho="0" sc="113,-120,198,0,240,0,449,120" owari="-7,-51.0,198,-20.0,240,4.0,569,67.0" /></mjloggm>