<mjloggm ver="2.3"><GO type="97" lobby="0"/><UN n0="%4A%65%66%66" n1="%E3%81%98%E3%82%83%E3%83%BC%E3%81%B3%E3%81%99" n2="%E3%82%A6%E3%83%AB%E3%83%88%E3%83%A9%E7%AB%8B%E7%9B%B4" n3="%6B%69%6E%74%61%32" dan="14,13,14,15" rate="1946.91,1835.34,1957.01,2007.31" sx="M,M,M,M"/><TAIKYOKU oya="0"/><INIT seed="0,0,0,5,3,29" ten="250,250,250,250" oya="0" hai0="93,41,25,131,86,57,45,34,66,69,87,40,91" hai1="32,47,8,82,20,120,84,97,2,88,98,71,123" hai2="89,52,22,68,56,3,39,60,83,79,130,132,128" hai3="28,49,75,122,10,7,108,90,106,129,37,96,100"/><T67/><D131/><N who="2" m="50218" /><F3/><W26/><G37/><T125/><D125/><U113/><E71/><V99/><F39/><W103/><G122/><T42/><D69/><U1/><E47/><V135/><F68/><W59/><G75/><T117/><D117/><U9/><E20/><V18/><F89/><W74/><G74/><T81/><D45/><U12/><E113/><V112/><F99/><W38/><G38/><T133/><D133/><N who="2" m="51274" /><F112/><W51/><G129/><T31/><REACH who="0" step="1"/><D57/><REACH who="0" ten="240,250,250,250" step="2"/><U110/><E120/><V118/><F118/><W48/><G59/><T134/><D134/><U17/><E123/><V27/><F83/><W54/><G108/><T72/><D72/><U102/><E110/><V11/><F79/><AGARI ba="0,1" hai="25,31,34,40,41,42,66,67,79,81,86,87,91,93" machi="79" ten="40,3900,0" yaku="1,1,52,1,53,0" doraHai="29" doraHaiUra="114" who="0" fromWho="2" sc="240,49,250,0,250,-39,250,0" /><INIT seed="0,1,0,2,2,60" ten="289,250,211,250" oya="0" hai0="15,56,62,28,18,107,100,57,30,16,109,65,2" hai1="39,119,34,63,114,81,53,77,120,99,22,50,118" hai2="124,21,104,0,108,82,43,7,90,4,86,105,66" hai3="52,45,71,47,67,110,75,130,78,121,115,123,19"/><T9/><D109/><U11/><E34/><V89/><F108/><W97/><G110/><T61/><D2/><U134/><E120/><N who="3" m="46154" /><G115/><T51/><D51/><U64/><E39/><V58/><F124/><W13/><G130/><T96/><REACH who="0" step="1"/><D18/><REACH who="0" ten="279,250,211,250" step="2"/><U59/><E114/><V111/><F111/><W117/><G117/><T17/><D17/><U27/><E134/><V14/><F0/><W85/><G75/><T1/><D1/><U6/><E118/><V122/><F122/><W92/><G19/><T84/><D84/><U46/><E119/><V44/><F7/><W103/><G13/><T48/><D48/><U54/><E6/><V129/><F129/><W127/><G127/><T73/><D73/><U24/><E11/><V126/><F126/><W135/><G135/><T80/><D80/><U49/><E22/><V69/><F4/><W8/><G8/><T133/><D133/><U88/><E77/><V32/><F21/><W72/><G85/><T102/><D102/><U38/><E38/><V35/><F14/><W74/><G78/><T94/><D94/><N who="1" m="56775" /><E81/><V12/><F12/><W26/><G74/><T3/><D3/><U42/><E42/><V36/><F35/><W55/><G72/><T113/><D113/><U33/><E33/><V116/><F32/><W20/><G20/><T10/><D10/><U41/><E50/><V37/><F116/><W70/><G103/><T76/><D76/><U83/><E83/><V98/><F36/><W131/><G131/><T93/><D93/><U125/><E125/><V101/><F101/><W40/><G92/><T95/><D95/><RYUUKYOKU ba="1,1" sc="279,15,250,15,211,-15,250,-15" hai0="9,15,16,28,30,56,57,61,62,65,96,100,107" hai1="24,27,41,46,49,53,54,59,63,64" /><INIT seed="0,2,1,1,3,23" ten="294,265,196,235" oya="0" hai0="15,93,17,26,119,65,126,55,75,81,10,45,94" hai1="80,78,25,87,18,103,86,60,16,64,13,40,50" hai2="72,79,74,112,53,56,35,9,97,59,11,24,63" hai3="135,122,32,83,85,68,102,33,58,105,29,27,67"/><T22/><D119/><U113/><E113/><V117/><F112/><W110/><G122/><T21/><D126/><U5/><E103/><V46/><F117/><W121/><G121/><T84/><D75/><U76/><E40/><V39/><F74/><W127/><G127/><T88/><D65/><U90/><E5/><V37/><F72/><W133/><G33/><T49/><REACH who="0" step="1"/><D22/><REACH who="0" ten="284,265,196,235" step="2"/><N who="1" m="13511" /><E64/><V123/><F123/><W2/><G110/><T51/><D51/><U104/><E50/><V38/><F39/><W42/><G135/><T14/><D14/><U41/><E60/><V96/><F38/><W20/><G133/><T134/><D134/><U12/><E41/><V130/><F37/><W111/><G67/><T71/><D71/><U109/><E109/><V101/><F63/><W70/><G111/><T73/><D73/><U61/><E61/><V116/><F116/><W0/><G70/><T92/><D92/><N who="1" m="54359" /><E13/><V28/><F35/><W44/><G68/><T54/><D54/><U77/><E104/><V30/><F53/><W118/><G118/><T52/><D52/><U108/><E108/><V99/><F9/><AGARI ba="2,2" hai="9,12,18,76,77,78,80,87" m="54359,13511" machi="9" ten="30,3900,0" yaku="8,1,52,1,54,1" doraHai="23" who="1" fromWho="2" sc="284,0,265,65,196,-45,235,0" /><INIT seed="1,0,0,5,3,90" ten="284,330,151,235" oya="1" hai0="123,73,47,74,86,10,94,30,119,1,79,50,109" hai1="91,41,89,114,18,37,29,60,66,53,85,99,44" hai2="95,19,12,96,125,51,76,25,122,27,111,126,105" hai3="56,63,55,118,132,3,21,26,70,92,7,45,120"/><U42/><E114/><V20/><F105/><W32/><G120/><T9/><D123/><U33/><E18/><V23/><F122/><W131/><G118/><T14/><D119/><U24/><E42/><V135/><F135/><W57/><G32/><T117/><D117/><U82/><E91/><V69/><F69/><W68/><G132/><T39/><D39/><U52/><REACH who="1" step="1"/><E99/><REACH who="1" ten="284,320,151,235" step="2"/><V107/><F107/><W43/><G131/><T13/><D30/><U6/><E6/><V0/><F0/><W108/><G7/><T81/><D109/><U35/><E35/><V62/><F111/><W110/><G3/><T64/><D1/><U102/><E102/><N who="2" m="60703" /><F76/><W83/><G110/><T4/><D64/><U78/><E78/><V130/><F130/><W106/><G108/><T100/><D100/><U98/><E98/><V2/><F2/><W77/><G43/><T127/><D127/><U49/><E49/><V80/><F80/><W48/><G83/><T59/><D50/><U103/><E103/><V72/><F51/><W97/><G48/><T124/><D124/><N who="2" m="47722" /><F62/><W116/><G63/><T36/><D36/><U38/><E38/><V71/><F71/><AGARI ba="0,1" hai="24,29,33,37,41,44,52,53,60,66,71,82,85,89" machi="71" ten="30,5800,0" yaku="1,1,7,1,54,1,53,0" doraHai="90" doraHaiUra="17" who="1" fromWho="2" sc="284,0,320,68,151,-58,235,0" /><INIT seed="1,1,0,3,2,80" ten="284,388,93,235" oya="1" hai0="64,125,32,93,70,51,10,28,35,104,22,3,132" hai1="4,31,19,17,9,60,134,75,49,74,108,26,50" hai2="7,42,100,87,34,79,36,44,110,84,114,76,105" hai3="113,101,96,61,129,15,24,92,55,33,29,94,127"/><U112/><E112/><V52/><F114/><W25/><G113/><T78/><D104/><U27/><E134/><V68/><F34/><W48/><G129/><T5/><D132/><U59/><E108/><V67/><F68/><W37/><G37/><T115/><D125/><U54/><E74/><V45/><F67/><W71/><G127/><T46/><D115/><U91/><E75/><V81/><F110/><W53/><G25/><T116/><D78/><U88/><E31/><V12/><F100/><W23/><G33/><T2/><D116/><U62/><E4/><V58/><F105/><W119/><G119/><T72/><D72/><U106/><E106/><V120/><F120/><W66/><G15/><T123/><D123/><U122/><E122/><V40/><F12/><W109/><G109/><T124/><D2/><U8/><E59/><V95/><F7/><W130/><G130/><T73/><D73/><U30/><E30/><V56/><F52/><AGARI ba="1,0" hai="8,9,17,19,26,27,49,50,52,54,60,62,88,91" machi="52" ten="25,12000,1" yaku="22,2,8,1,54,2" doraHai="80" who="1" fromWho="2" sc="284,0,388,123,93,-123,235,0" owari="284,8.0,511,61.0,-30,-53.0,235,-16.0" /></mjloggm>