<mjloggm ver="2.3"><GO type="169" lobby="0"/><UN n0="%E9%BB%92%E6%B2%A2%E7%A5%90%E4%B8%80" n1="%E3%81%AF%E3%81%A3%E3%81%A8%E3%82%8A%E3%81%B8%E3%81%84%E3%81%98" n2="%E3%82%A6%E3%83%AB%E3%83%88%E3%83%A9%E7%AB%8B%E7%9B%B4" n3="%E8%B6%85%E4%BA%BA%EF%BC%AD" dan="17,16,16,17" rate="2139.29,2135.31,2102.84,2194.21" sx="M,M,M,M"/><TAIKYOKU oya="0"/><INIT seed="0,0,0,0,1,32" ten="250,250,250,250" oya="0" hai0="88,79,60,33,11,53,91,40,103,63,102,52,21" hai1="24,104,58,19,71,85,119,125,96,20,111,109,44" hai2="38,23,66,73,135,14,12,74,67,118,117,80,42" hai3="47,129,93,84,134,22,113,100,26,10,133,16,37"/><T72/><D33/><U70/><E119/><V46/><F135/><N who="3" m="51723" /><G113/><T28/><D40/><U30/><E44/><V87/><F66/><W29/><G129/><T114/><D114/><U27/><E125/><V105/><F105/><W110/><G110/><N who="1" m="41994" /><E85/><V54/><F54/><N who="0" m="21098" /><D72/><U51/><E51/><V56/><F74/><W62/><G62/><N who="0" m="23595" /><D79/><U68/><E58/><V35/><F35/><W116/><G116/><N who="2" m="44649" /><F73/><W2/><G37/><T120/><D120/><U1/><E104/><V61/><F23/><W126/><G47/><T98/><D11/><U77/><E77/><AGARI ba="0,0" hai="12,14,38,42,46,56,61,67,77,80,87" m="44649" machi="77" ten="30,1000,0" yaku="12,1" doraHai="32" who="2" fromWho="1" sc="250,0,250,-10,250,10,250,0" /><INIT seed="1,0,0,1,3,43" ten="250,240,260,250" oya="1" hai0="18,130,99,133,7,100,95,85,59,97,21,23,123" hai1="26,31,105,79,50,52,16,122,8,83,68,32,1" hai2="25,107,63,36,56,47,116,114,0,96,48,2,112" hai3="75,118,22,9,20,65,113,6,34,35,89,33,134"/><U117/><E117/><V104/><F36/><W94/><G113/><N who="2" m="43625" /><F25/><W10/><G75/><T126/><D126/><U60/><E122/><V13/><F13/><W61/><G118/><T55/><D133/><U78/><E105/><V132/><F132/><W74/><G74/><T101/><D123/><U111/><E111/><V69/><F69/><W37/><G37/><T109/><D109/><U49/><E1/><N who="2" m="619" /><F96/><W127/><G127/><T125/><D7/><U54/><E68/><V86/><F86/><W57/><G134/><T14/><D130/><U98/><E98/><V66/><F116/><W72/><G72/><T71/><D71/><U73/><E78/><V5/><F5/><W135/><G135/><T120/><D85/><U44/><E60/><V110/><F110/><W119/><G119/><T129/><D129/><U39/><E39/><V62/><F62/><W128/><G128/><T93/><D125/><U103/><E103/><V41/><AGARI ba="0,0" hai="41,47,48,56,63,66,104,107" m="619,43625" machi="41" ten="30,2000,0" yaku="11,1,52,1" doraHai="43" who="2" fromWho="2" sc="250,-5,240,-10,260,20,250,-5" /><INIT seed="2,0,0,2,1,26" ten="245,230,280,245" oya="2" hai0="117,99,113,38,73,43,30,31,70,21,109,75,79" hai1="94,48,65,40,54,12,135,119,15,23,14,100,56" hai2="51,34,76,68,118,87,98,45,101,58,91,106,25" hai3="71,130,72,90,93,1,110,22,92,32,122,9,107"/><V62/><F118/><W60/><G32/><T44/><D113/><U36/><E119/><V123/><F123/><W10/><G107/><T42/><D117/><U61/><E135/><V20/><F76/><W88/><G72/><T8/><D70/><U127/><E127/><V85/><F91/><W111/><G122/><T124/><D124/><U114/><E114/><V133/><F133/><W78/><G78/><T115/><D115/><U67/><E36/><V131/><F131/><W132/><G132/><T52/><D21/><U33/><E33/><V121/><F121/><W27/><G60/><T11/><D109/><N who="3" m="41481" /><G71/><T17/><D79/><U19/><E40/><V47/><F68/><W126/><G1/><T96/><D17/><U28/><E28/><N who="0" m="10793" /><D38/><U95/><E67/><V59/><F34/><W18/><G130/><T39/><D39/><U125/><E125/><V13/><F13/><N who="1" m="5225" /><E100/><V134/><F134/><W66/><G66/><T74/><D44/><AGARI ba="0,0" hai="15,19,23,44,48,54,56,61,65,94,95" m="5225" machi="44" ten="30,1000,0" yaku="8,1" doraHai="26" who="1" fromWho="0" sc="245,-10,230,10,280,0,245,0" /><INIT seed="3,0,0,3,2,23" ten="235,240,280,245" oya="3" hai0="33,5,70,12,77,63,17,89,83,68,53,71,6" hai1="56,85,106,112,13,117,41,45,10,100,114,43,96" hai2="47,95,90,81,22,132,30,60,135,1,40,20,73" hai3="124,127,80,3,104,103,26,38,29,134,24,94,120"/><W19/><G38/><T107/><D107/><U32/><E117/><V118/><F1/><W123/><G104/><T72/><D33/><U58/><E32/><V110/><F60/><W34/><G80/><T67/><D53/><U42/><E45/><V128/><F110/><W37/><G37/><T39/><D39/><U50/><E85/><V65/><F65/><W119/><G94/><T102/><D102/><U25/><E50/><V7/><F7/><W8/><G103/><T62/><D89/><U49/><E49/><V99/><F128/><W61/><G61/><T59/><REACH who="0" step="1"/><D63/><REACH who="0" ten="225,240,280,245" step="2"/><U111/><E111/><V78/><F118/><W36/><G36/><T11/><AGARI ba="0,1" hai="5,6,11,12,17,59,62,67,68,70,71,72,77,83" machi="11" ten="30,4000,0" yaku="1,1,2,1,0,1,53,0" doraHai="23" doraHaiUra="86" who="0" fromWho="0" sc="225,50,240,-10,280,-10,245,-20" /><INIT seed="4,0,0,0,0,87" ten="275,230,270,225" oya="0" hai0="67,120,28,41,39,62,94,12,49,19,83,25,102" hai1="11,72,118,79,121,7,128,97,15,89,71,64,91" hai2="18,13,98,92,5,53,4,56,33,110,14,29,50" hai3="99,31,17,84,90,58,30,119,47,46,61,107,131"/><T43/><D120/><U38/><E121/><V23/><F110/><W115/><G119/><T74/><D39/><U3/><E118/><V60/><F29/><N who="3" m="10763" /><G107/><T32/><D49/><U93/><E128/><V129/><F33/><W2/><G2/><T130/><D130/><U57/><E71/><V75/><F75/><W16/><G99/><T34/><D34/><U45/><E15/><V9/><F129/><W114/><G131/><T8/><D102/><N who="1" m="60719" /><E57/><V35/><F35/><W132/><G132/><T51/><D51/><U65/><E64/><V123/><F123/><W68/><G68/><T26/><D26/><U100/><E65/><V85/><F85/><W37/><G37/><T113/><D113/><N who="3" m="43017" /><G47/><T22/><D32/><U69/><E100/><V105/><F105/><W76/><G76/><T96/><D74/><U70/><E70/><V109/><F109/><W63/><G46/><T133/><D133/><U116/><E69/><V48/><F5/><W88/><G63/><T27/><D27/><U36/><E36/><V77/><F77/><W134/><G134/><T44/><D44/><U55/><E55/><V135/><F135/><W104/><G104/><T59/><D83/><N who="1" m="45543" /><E116/><V82/><F82/><N who="3" m="49175" /><G90/><AGARI ba="0,0" hai="4,9,13,14,18,23,48,50,53,56,60,90,92,98" machi="90" ten="30,3900,0" yaku="7,1,8,1,52,1" doraHai="87" who="2" fromWho="3" sc="275,0,230,0,270,39,225,-39" /><INIT seed="5,0,0,4,5,102" ten="275,230,309,186" oya="1" hai0="38,7,39,98,52,112,58,11,60,9,53,72,80" hai1="127,104,77,43,12,17,84,133,23,114,21,0,50" hai2="108,70,131,96,35,100,20,48,40,93,106,74,107" hai3="68,65,56,113,79,6,89,129,88,128,78,105,42"/><U97/><E0/><V94/><F35/><W135/><G68/><T15/><D112/><U121/><E121/><V66/><F70/><W73/><G6/><T34/><D34/><U18/><E133/><V41/><F66/><W57/><G42/><T1/><D53/><U76/><E114/><V28/><F74/><W75/><G113/><T19/><REACH who="0" step="1"/><D98/><REACH who="0" ten="265,230,309,186" step="2"/><U3/><E127/><V71/><F108/><W49/><G135/><T99/><D99/><U82/><E3/><V27/><F41/><W63/><G65/><T59/><D59/><U25/><E43/><V14/><F71/><W5/><G63/><T120/><D120/><U24/><E50/><V118/><F48/><W47/><G49/><T86/><D86/><U45/><E45/><V92/><F40/><W62/><G62/><T54/><D54/><U95/><E12/><V134/><F134/><W117/><G117/><T10/><D10/><U13/><E13/><V29/><F14/><W51/><G51/><T16/><D16/><U26/><E26/><V87/><F29/><W130/><G5/><T124/><D124/><U2/><E2/><V109/><F109/><W125/><G125/><T33/><D33/><U116/><E116/><V90/><F118/><W119/><G119/><T36/><D36/><U44/><E44/><V61/><F61/><W132/><G132/><T110/><D110/><U64/><E64/><V83/><F27/><W115/><G115/><T8/><D8/><U85/><E85/><N who="2" m="52303" /><F28/><W67/><G67/><T81/><D81/><U37/><E37/><V30/><F30/><W111/><G111/><RYUUKYOKU ba="0,1" sc="265,30,230,-10,309,-10,186,-10" hai0="1,7,9,11,15,19,38,39,52,58,60,72,80" /><INIT seed="6,1,1,0,4,103" ten="295,220,299,176" oya="2" hai0="21,14,109,43,102,101,50,115,23,117,54,72,9" hai1="5,94,106,88,123,90,100,7,127,25,126,69,46" hai2="74,64,28,22,128,34,112,52,116,73,87,3,51" hai3="105,26,39,24,71,130,53,59,45,78,8,89,76"/><V19/><F116/><W80/><G71/><T91/><D109/><U122/><E69/><V93/><F3/><W13/><G130/><T12/><D72/><U36/><E25/><V67/><F128/><W44/><G105/><T30/><D117/><U75/><E75/><V61/><F112/><W58/><G58/><T60/><D43/><N who="1" m="22887" /><E5/><V31/><F34/><W118/><G118/><T27/><D60/><U20/><E20/><V29/><F61/><W120/><G120/><N who="1" m="46122" /><E7/><V49/><F49/><N who="3" m="31151" /><G39/><T63/><D63/><U79/><E79/><N who="3" m="30250" /><G44/><N who="0" m="27975" /><D115/><U81/><E81/><V15/><F74/><W77/><N who="3" m="30258" /><W0/><DORA hai="107" /><G45/><T57/><D57/><U42/><E42/><V97/><F73/><W1/><G1/><T135/><D135/><U35/><E35/><V68/><F68/><W108/><G0/><T111/><D111/><U132/><E132/><V10/><F64/><W16/><G108/><T40/><D40/><U92/><E127/><V66/><F66/><W70/><G70/><T32/><D32/><U131/><E131/><V6/><F67/><W83/><G83/><T129/><D129/><U47/><E126/><V133/><F133/><W85/><AGARI ba="1,1" hai="8,13,16,24,26,80,85,89" m="30258,31151" machi="85" ten="40,2700,0" yaku="8,1,54,1" doraHai="103,107" who="3" fromWho="3" sc="295,-8,220,-8,299,-14,176,40" /><INIT seed="7,0,0,2,1,80" ten="287,212,285,216" oya="3" hai0="28,53,113,111,59,40,23,101,129,13,121,108,128" hai1="22,32,31,134,39,70,9,58,21,57,106,127,30" hai2="105,124,117,17,66,107,26,76,3,27,81,68,131" hai3="110,46,133,120,56,60,24,50,44,51,34,65,1"/><W63/><G1/><T114/><D40/><U29/><E32/><V55/><F3/><W125/><G120/><T95/><D101/><U36/><E70/><V67/><F117/><W112/><G34/><T35/><D35/><U72/><E72/><V123/><F68/><N who="3" m="42023" /><G24/><N who="0" m="16415" /><D95/><U83/><E106/><V54/><F123/><W91/><G91/><T5/><D121/><U71/><E71/><V0/><F0/><W100/><G100/><T88/><D88/><U99/><E99/><V75/><F75/><W102/><G102/><T87/><D87/><U7/><E134/><V109/><F76/><W61/><G133/><T25/><D25/><U20/><E83/><V16/><F81/><W10/><G10/><N who="0" m="4303" /><D59/><U86/><E127/><V132/><F132/><W2/><G2/><T119/><D53/><U96/><E96/><V103/><F103/><W8/><G8/><T118/><D118/><U11/><E86/><V116/><F124/><W90/><G90/><T41/><D41/><U52/><E58/><V97/><F97/><W33/><G33/><T69/><D69/><U43/><E43/><V84/><F84/><W77/><G77/><T37/><D37/><U38/><E7/><V15/><F116/><W78/><G78/><T93/><D119/><U122/><E122/><V104/><F104/><W18/><G125/><T79/><D93/><U130/><E130/><N who="0" m="50281" /><D79/><U73/><E73/><V74/><F131/><W89/><G89/><T42/><D42/><U98/><E98/><V62/><F74/><W82/><G56/><T92/><D92/><U49/><AGARI ba="0,0" hai="9,11,20,21,22,29,30,31,36,38,39,49,52,57" machi="49" ten="40,8000,1" yaku="0,1,29,2,54,1" doraHai="80" who="1" fromWho="1" sc="287,-20,212,80,285,-20,216,-40" /><INIT seed="8,0,0,2,0,61" ten="267,292,265,176" oya="0" hai0="101,62,91,12,6,8,33,18,93,47,70,7,73" hai1="20,34,24,82,58,32,29,36,107,114,50,37,94" hai2="83,77,9,15,124,5,123,55,43,11,111,65,104" hai3="4,66,35,46,52,100,54,80,131,39,87,95,28"/><T129/><D73/><U112/><E107/><V125/><F104/><W127/><G131/><T41/><D33/><N who="1" m="12907" /><E82/><V105/><F105/><W109/><G109/><T92/><D129/><U85/><E58/><V3/><F111/><W56/><G4/><T75/><D75/><U42/><E50/><V10/><F55/><W76/><G127/><N who="2" m="48713" /><F43/><W118/><G118/><T38/><D101/><U69/><E69/><V102/><F102/><W30/><G35/><T130/><D92/><U45/><E37/><V110/><F110/><W108/><G108/><T133/><D133/><U17/><E29/><N who="3" m="11370" /><G39/><T86/><REACH who="0" step="1"/><D130/><REACH who="0" ten="257,292,265,176" step="2"/><U89/><E114/><V81/><F81/><W122/><G122/><T72/><D72/><U16/><E112/><V120/><F120/><W1/><G1/><T134/><D134/><U135/><E135/><V98/><F123/><W128/><G128/><T44/><D44/><U48/><E36/><V60/><F3/><W26/><G46/><T84/><D84/><U74/><E74/><N who="2" m="43447" /><F98/><N who="3" m="59487" /><G26/><T96/><D96/><U57/><E24/><V71/><AGARI ba="0,1" hai="5,9,10,11,15,60,65,71" m="43447,48713" machi="71" ten="30,2000,0" yaku="18,1,52,1" doraHai="61" who="2" fromWho="2" sc="257,-10,292,-5,265,30,176,-5" /><INIT seed="9,0,0,1,1,16" ten="247,287,295,171" oya="1" hai0="127,79,27,56,8,120,54,83,95,36,46,1,28" hai1="61,64,52,103,94,106,2,63,101,123,132,35,135" hai2="93,131,128,7,23,98,4,87,15,114,70,44,62" hai3="67,69,75,134,19,5,133,129,55,125,31,66,84"/><U126/><E123/><V130/><F87/><W68/><G75/><T115/><D115/><U12/><E2/><V60/><F114/><W112/><G112/><T47/><D127/><U10/><E35/><V41/><F23/><W90/><G5/><N who="2" m="2121" /><F15/><W110/><G31/><T51/><D1/><U108/><E126/><V30/><F30/><W111/><G125/><T14/><D95/><U6/><E106/><V58/><F58/><W0/><G0/><T48/><D36/><U100/><E108/><N who="3" m="41514" /><G19/><N who="0" m="8647" /><D120/><U76/><E76/><V80/><F80/><W86/><G90/><T18/><D28/><U107/><E107/><V96/><F70/><N who="3" m="27243" /><G129/><T32/><D48/><U50/><E64/><N who="3" m="24618" /><G55/><T25/><D32/><U102/><E135/><AGARI ba="0,0" hai="84,86,133,134,135" m="24618,27243,41514" machi="135" ten="40,5200,0" yaku="28,2,20,1" doraHai="16" who="3" fromWho="1" sc="247,0,287,-52,295,0,171,52" /><INIT seed="10,0,0,0,0,82" ten="247,235,295,223" oya="2" hai0="21,101,3,42,74,76,25,106,11,4,71,45,91" hai1="28,70,12,36,38,69,68,40,23,107,83,51,133" hai2="8,110,100,116,47,89,30,41,90,0,128,65,14" hai3="20,122,57,81,87,97,84,24,58,73,31,127,5"/><V99/><F0/><W72/><G122/><T61/><D101/><U18/><E107/><V64/><F30/><W80/><G127/><T22/><D106/><U96/><E96/><V113/><F113/><W53/><G5/><T129/><D129/><U79/><E133/><V119/><F128/><W37/><G37/><T52/><D76/><U29/><E51/><N who="2" m="27119" /><F110/><W102/><G73/><T10/><D10/><U123/><E123/><V13/><F13/><W77/><G53/><T115/><D115/><U117/><E117/><N who="2" m="45131" /><F90/><N who="3" m="51463" /><G72/><T19/><D74/><U130/><E130/><V85/><F85/><W120/><G120/><T1/><D91/><U2/><E2/><V66/><F89/><W98/><G98/><T126/><D126/><U44/><REACH who="1" step="1"/><E38/><REACH who="1" ten="247,225,295,223" step="2"/><V62/><F99/><W26/><G26/><T124/><D124/><U105/><E105/><V86/><F100/><W49/><G49/><T104/><D104/><U32/><E32/><V15/><F62/><W27/><G27/><T132/><D132/><U135/><E135/><V59/><F15/><W118/><G118/><T88/><D1/><U111/><E111/><V9/><F14/><W109/><G109/><T114/><D114/><U103/><E103/><V7/><F7/><W46/><G46/><T67/><D25/><U54/><E54/><V63/><F9/><W56/><G97/><T134/><D134/><U112/><E112/><V48/><F8/><W95/><G102/><T6/><D6/><U50/><E50/><V125/><F125/><W55/><G55/><T60/><D52/><U16/><E16/><V35/><F48/><RYUUKYOKU ba="0,1" sc="247,-15,225,15,295,-15,223,15" hai1="12,18,23,28,29,36,40,44,68,69,70,79,83" hai3="20,24,31,56,57,58,77,81,87,95" /><INIT seed="11,1,1,5,4,16" ten="232,240,280,238" oya="3" hai0="87,129,107,95,46,78,135,111,134,41,18,98,35" hai1="76,83,57,27,31,84,50,56,17,96,3,0,104" hai2="23,91,105,110,85,115,5,72,40,99,124,58,133" hai3="90,82,36,97,47,43,100,19,11,114,74,93,48"/><W49/><G114/><T123/><D123/><U10/><E104/><V60/><F72/><W38/><G38/><T25/><D111/><U22/><E96/><V29/><F115/><W51/><G74/><T120/><D120/><U55/><E3/><V79/><F79/><W81/><G100/><T86/><D107/><U64/><E0/><V9/><F124/><W65/><G65/><T106/><D106/><U112/><E112/><V62/><F133/><N who="0" m="50698" /><D78/><U61/><E10/><V2/><F40/><W131/><REACH who="3" step="1"/><G131/><REACH who="3" ten="232,240,280,228" step="2"/><T69/><D129/><U125/><E125/><V54/><F110/><W118/><G118/><T63/><D69/><U68/><E68/><V20/><F105/><W21/><G21/><N who="0" m="13495" /><D35/><U102/><E102/><V132/><F132/><W88/><G88/><N who="0" m="55655" /><D63/><U6/><E6/><V4/><F4/><W33/><G33/><T103/><D103/><U70/><E70/><V53/><F62/><W113/><G113/><T77/><D77/><U28/><AGARI ba="1,2" hai="17,22,27,28,31,50,55,56,57,61,64,76,83,84" machi="28" ten="30,4000,0" yaku="0,1,8,1,52,1" doraHai="16" who="1" fromWho="1" sc="232,-11,240,63,280,-11,228,-21" owari="221,-18.0,303,40.0,269,7.0,207,-29.0" /></mjloggm>