<mjloggm ver="2.3"><GO type="169" lobby="0"/><UN n0="%E3%82%B9%E3%82%B1%E3%83%BC%E3%82%BF%E3%83%BC" n1="%E8%8A%B1%E9%B3%A5%E7%8E%B2%E6%84%9B%E3%81%A1%E3%82%83%E3%82%93" n2="%70%67%61%69%6E" n3="%E3%82%A6%E3%83%AB%E3%83%88%E3%83%A9%E7%AB%8B%E7%9B%B4" dan="17,16,16,17" rate="2168.83,2116.29,2082.19,2196.50" sx="M,F,M,M"/><TAIKYOKU oya="0"/><INIT seed="0,0,0,2,1,87" ten="250,250,250,250" oya="0" hai0="19,127,8,96,120,15,99,60,121,30,133,108,86" hai1="106,76,52,57,61,43,31,5,47,80,51,73,114" hai2="117,85,135,33,53,46,113,10,25,29,81,37,79" hai3="41,56,4,107,90,36,66,72,119,2,45,98,64"/><T17/><D127/><U1/><E114/><V118/><F113/><W97/><G119/><N who="2" m="45577" /><F135/><W101/><G72/><T11/><D133/><U116/><E116/><V69/><F69/><W3/><G4/><T40/><D30/><U91/><E106/><V93/><F10/><W49/><G66/><T18/><D40/><U89/><E5/><V77/><F93/><W132/><G132/><T6/><D108/><U32/><E32/><V55/><F79/><W34/><G34/><T109/><D109/><U102/><E102/><V131/><F131/><W39/><G39/><T9/><D6/><U92/><E31/><V24/><F25/><W78/><G78/><T21/><D60/><U130/><E130/><V126/><F126/><W75/><G75/><T122/><D86/><U94/><E1/><V20/><F33/><W27/><G27/><T7/><D7/><U50/><E94/><V44/><F44/><W67/><G3/><T12/><REACH who="0" step="1"/><D21/><REACH who="0" ten="240,250,250,250" step="2"/><U16/><E16/><V35/><F35/><W74/><G74/><T123/><N who="0" m="30720" /><DORA hai="134" /><T125/><D125/><U104/><E61/><V84/><F85/><W28/><G28/><T95/><D95/><U26/><E104/><V88/><F20/><W105/><G105/><T110/><D110/><U115/><E92/><V14/><F29/><W58/><G2/><T103/><D103/><U54/><E43/><V23/><F84/><W59/><G101/><T68/><D68/><U124/><E124/><V128/><F23/><W62/><G107/><T71/><D71/><U63/><E115/><V22/><F22/><W13/><G62/><RYUUKYOKU ba="0,1" sc="240,30,250,-10,250,-10,250,-10" hai0="8,9,11,12,15,17,18,19,96,99" /><INIT seed="0,1,1,2,2,57" ten="270,240,240,240" oya="0" hai0="126,40,42,35,91,68,45,97,74,51,18,58,29" hai1="116,4,82,22,26,92,10,70,17,47,115,128,103" hai2="114,117,100,44,130,131,64,105,27,119,32,95,21" hai3="125,34,16,106,71,6,3,63,65,101,46,49,66"/><T56/><D68/><U7/><E116/><N who="2" m="44619" /><F114/><W132/><G125/><T90/><D74/><U2/><E115/><V53/><F105/><W84/><G132/><T61/><D126/><U55/><E70/><V5/><F32/><W113/><G113/><T96/><D35/><U0/><E128/><V54/><F5/><W62/><G34/><T80/><D29/><U122/><E122/><V93/><F64/><W37/><G6/><T41/><D18/><U129/><E129/><N who="2" m="49163" /><F44/><W102/><G3/><T14/><D14/><U30/><E47/><V83/><F83/><W8/><G37/><T59/><D80/><U60/><E82/><V99/><F95/><W135/><G135/><T25/><D25/><U24/><E24/><V85/><F85/><W111/><G84/><T72/><D72/><U112/><E112/><V134/><F134/><W38/><G38/><T31/><D31/><AGARI ba="1,1" hai="21,27,31,53,54,93,99,100" m="49163,44619" machi="31" ten="30,2000,0" yaku="12,1,19,1" doraHai="57" who="2" fromWho="0" sc="270,-23,240,0,240,33,240,0" /><INIT seed="1,0,0,2,5,107" ten="247,240,273,240" oya="1" hai0="58,5,59,28,121,119,126,48,83,43,8,36,118" hai1="85,87,127,128,44,130,7,78,115,109,41,117,51" hai2="60,101,24,22,67,76,4,123,103,26,9,46,42" hai3="93,120,79,71,27,89,131,63,106,108,2,55,12"/><U88/><E117/><V110/><F110/><W6/><G2/><T90/><D126/><U25/><E127/><V81/><F123/><W21/><G106/><T91/><D121/><U98/><E115/><V34/><F34/><W14/><G108/><T18/><D28/><U80/><E25/><V19/><F26/><W33/><G33/><T92/><D18/><U72/><E109/><V111/><F111/><W96/><G131/><N who="1" m="50218" /><E7/><V47/><F60/><W53/><G120/><T100/><D36/><U116/><E116/><V68/><F67/><W129/><G129/><T73/><D100/><U74/><E98/><V105/><F68/><W37/><G37/><T99/><D59/><U40/><E40/><V38/><F105/><W31/><G71/><T112/><D112/><U1/><E1/><N who="2" m="143" /><F47/><W11/><G14/><T16/><D5/><U132/><E132/><V10/><F10/><W0/><G0/><T64/><D118/><U104/><E104/><V54/><F54/><W134/><G134/><T66/><D43/><U13/><E13/><V77/><F77/><W50/><G63/><T124/><D124/><U20/><E20/><V82/><F76/><W102/><G79/><T62/><D119/><U113/><E113/><V114/><F114/><W23/><G23/><T125/><D125/><U61/><E61/><V75/><F22/><W69/><G69/><T94/><D62/><U86/><E86/><V57/><F24/><W32/><G32/><T84/><D84/><U35/><E35/><V122/><F122/><W56/><G53/><T45/><D99/><U70/><E70/><RYUUKYOKU ba="0,0" sc="247,-15,240,15,273,-15,240,15" hai1="41,44,51,72,74,78,80,85,87,88" hai3="6,11,12,21,27,31,50,55,56,89,93,96,102" /><INIT seed="1,1,0,5,1,92" ten="232,255,258,255" oya="1" hai0="57,129,121,28,119,11,83,42,54,20,35,0,98" hai1="13,112,72,1,51,26,77,124,74,70,32,101,25" hai2="39,29,56,62,36,5,73,102,49,88,89,61,113" hai3="109,31,108,18,90,115,14,48,135,125,75,67,65"/><U34/><E1/><V27/><F73/><N who="1" m="28265" /><E13/><V37/><F113/><W118/><G75/><T4/><D119/><U117/><E112/><V59/><F102/><W91/><G31/><T60/><D35/><N who="1" m="13355" /><E51/><V85/><F5/><W7/><G7/><T116/><D116/><U16/><E117/><V30/><F49/><W53/><G115/><T66/><D42/><U45/><E101/><V44/><F44/><W68/><G118/><T3/><D3/><U33/><E45/><V23/><F30/><W86/><G67/><T131/><D121/><U82/><E82/><V122/><F122/><W105/><G65/><T94/><D83/><U12/><E77/><V134/><F39/><W80/><G80/><T111/><D54/><U43/><E43/><V6/><F37/><W17/><G53/><T96/><D94/><U95/><E95/><V123/><F36/><W126/><G14/><T114/><D114/><U132/><E132/><V120/><F134/><W106/><G48/><T81/><D81/><U15/><E70/><V133/><F133/><W10/><G135/><T22/><D66/><U41/><E41/><V38/><F123/><W2/><G2/><T55/><D0/><U50/><E50/><V46/><F38/><W21/><G68/><T58/><D55/><U104/><E104/><V97/><F46/><W24/><G86/><T110/><D4/><U84/><E84/><V93/><F6/><W130/><G106/><T128/><D129/><U99/><E33/><V19/><F120/><W107/><G105/><T8/><D28/><U63/><E16/><V47/><F19/><RYUUKYOKU ba="1,0" sc="232,30,255,-10,258,-10,255,-10" hai0="8,11,20,22,57,58,60,96,98,110,111,128,131" /><INIT seed="2,2,0,5,5,23" ten="262,245,248,245" oya="2" hai0="79,1,61,92,99,33,116,7,93,112,83,41,90" hai1="9,5,39,27,65,10,24,85,107,14,38,115,87" hai2="102,54,120,55,132,4,37,13,56,101,77,75,17" hai3="80,114,52,35,67,130,2,63,43,127,71,119,122"/><V19/><F120/><W40/><G2/><T16/><D112/><U70/><E115/><V129/><F37/><W135/><G114/><T42/><D33/><U110/><E107/><V20/><F4/><W91/><G122/><T134/><D116/><U58/><E70/><V76/><F132/><W44/><G119/><T22/><D134/><U57/><E110/><V51/><F129/><W32/><G135/><T60/><D1/><U109/><E109/><V47/><F19/><W103/><G103/><N who="2" m="39433" /><F75/><W45/><G130/><T8/><D8/><U125/><E125/><V131/><F131/><W18/><G127/><T97/><D7/><U78/><E78/><V12/><F12/><W69/><G18/><T49/><D79/><U105/><E105/><V21/><F21/><W117/><G117/><T48/><D83/><U126/><E126/><V118/><F118/><W73/><G71/><T50/><D42/><U100/><E100/><V88/><F88/><W53/><G32/><T133/><D41/><U36/><E10/><V29/><F29/><W26/><G91/><N who="0" m="55455" /><D133/><U82/><E82/><V62/><AGARI ba="2,0" hai="13,17,20,47,51,54,55,56,62,76,77" m="39433" machi="62" ten="30,1500,0" yaku="8,1" doraHai="23" who="2" fromWho="2" sc="262,-7,245,-7,248,21,245,-7" /><INIT seed="2,3,0,3,0,115" ten="255,238,269,238" oya="2" hai0="95,74,119,4,102,60,16,124,22,104,99,112,62" hai1="6,134,46,58,68,47,17,135,23,121,130,70,7" hai2="25,3,82,18,93,31,81,42,89,105,65,100,30" hai3="72,91,114,129,127,21,85,48,113,55,51,111,128"/><V106/><F3/><W9/><G72/><T123/><D112/><N who="3" m="43113" /><G111/><T33/><D33/><U63/><E23/><N who="2" m="13559" /><F106/><W88/><G127/><T26/><D123/><U86/><E17/><V80/><F105/><W76/><G21/><T133/><D124/><U98/><E98/><N who="2" m="59471" /><F42/><W36/><G36/><T66/><D74/><U20/><E20/><V12/><F65/><W59/><G9/><T10/><D133/><N who="1" m="50699" /><E121/><V56/><F56/><W57/><G76/><T90/><D66/><N who="1" m="39287" /><E86/><N who="2" m="50375" /><F12/><W78/><G78/><T67/><D67/><U38/><E38/><V75/><F75/><W14/><G14/><T24/><D24/><U126/><E126/><V0/><F0/><W69/><G69/><N who="1" m="26730" /><E7/><V52/><F31/><W132/><G132/><T11/><D4/><U37/><E6/><V49/><F30/><W44/><G59/><T122/><D122/><U40/><E46/><V71/><F71/><W32/><G32/><T79/><D22/><U92/><E92/><V2/><F2/><W96/><G96/><T41/><D95/><U54/><E54/><V108/><F108/><W35/><G35/><T109/><D109/><U29/><E29/><V27/><F27/><W94/><G91/><T15/><D90/><U19/><E19/><V125/><F125/><W116/><G44/><T131/><D26/><U97/><E97/><V110/><F110/><W34/><G34/><T50/><D99/><U39/><E39/><V77/><F77/><W84/><G84/><T120/><D120/><U117/><E117/><V45/><AGARI ba="3,0" hai="45,49,52,81,82" m="50375,59471,13559" machi="45" ten="30,3000,0" yaku="8,1,54,1" doraHai="115" who="2" fromWho="2" sc="255,-13,238,-13,269,39,238,-13" /><INIT seed="2,4,0,4,1,15" ten="242,225,308,225" oya="2" hai0="18,125,118,112,37,60,115,130,77,27,3,9,72" hai1="80,31,70,22,73,71,89,49,48,90,62,98,109" hai2="38,51,28,63,58,66,64,13,24,81,19,124,126" hai3="33,114,17,108,54,135,16,59,36,85,69,76,39"/><V44/><F38/><W123/><G69/><T132/><D37/><U86/><E109/><V87/><F66/><W43/><G33/><T65/><D72/><U133/><E73/><V47/><F24/><W97/><G123/><T30/><D77/><U100/><E133/><V12/><F28/><W10/><G36/><T110/><D110/><U61/><E90/><N who="2" m="51567" /><F13/><N who="3" m="7223" /><G135/><T32/><D132/><U79/><E71/><V116/><F116/><W103/><G39/><T122/><D122/><U106/><E79/><V4/><F4/><W129/><G129/><T82/><D130/><U23/><E70/><V1/><F1/><W78/><G114/><T105/><D118/><U107/><E107/><V42/><F42/><W21/><G43/><T93/><D105/><U25/><REACH who="1" step="1"/><E23/><REACH who="1" ten="242,215,308,225" step="2"/><N who="2" m="11751" /><F126/><W119/><G119/><T55/><D125/><U102/><E102/><V57/><F124/><W46/><G108/><T134/><D134/><U121/><E121/><V83/><F83/><W68/><G68/><T0/><D82/><U45/><E45/><V34/><F34/><W99/><G46/><T101/><D32/><U20/><E20/><V128/><F128/><W84/><G103/><T2/><D101/><U50/><AGARI ba="4,1" hai="22,25,31,48,49,50,61,62,80,86,89,98,100,106" machi="50" ten="30,2000,0" yaku="1,1,0,1,53,0" doraHai="15" doraHaiUra="88" who="1" fromWho="1" sc="242,-9,215,42,308,-14,225,-9" /><INIT seed="3,0,0,3,3,10" ten="233,257,294,216" oya="3" hai0="1,25,77,106,80,42,30,53,60,68,123,72,70" hai1="115,111,103,87,62,45,55,0,83,121,58,91,57" hai2="97,36,109,118,85,59,90,40,41,23,88,48,28" hai3="56,17,82,74,37,86,7,5,93,98,66,79,67"/><W4/><G37/><T131/><D123/><U2/><E121/><V16/><F109/><W49/><G74/><T35/><D131/><U51/><E111/><V19/><F118/><W47/><G56/><T12/><D1/><U9/><E115/><V120/><F120/><W135/><G135/><T117/><D117/><U89/><E58/><V26/><F36/><W127/><G127/><T61/><D106/><U78/><E103/><V129/><F129/><W21/><G93/><T113/><D42/><N who="2" m="16490" /><F97/><W132/><G132/><T14/><D113/><U38/><E38/><V126/><F126/><W107/><G98/><T110/><D110/><U6/><E2/><V44/><F59/><W76/><G76/><T104/><D104/><U99/><E99/><V75/><F75/><W34/><G34/><T46/><D46/><U24/><E24/><V96/><F96/><W119/><G119/><T8/><D8/><U95/><E95/><N who="2" m="54671" /><F90/><W20/><G107/><T13/><REACH who="0" step="1"/><D53/><AGARI ba="0,0" hai="0,6,9,45,51,53,55,57,62,78,83,87,89,91" machi="53" ten="30,1000,0" yaku="7,1" doraHai="10" who="1" fromWho="0" sc="233,-10,257,10,294,0,216,0" /><AGARI ba="0,0" hai="16,19,23,26,28,44,48,53" m="54671,16490" machi="53" ten="30,3900,0" yaku="8,1,54,2" doraHai="10" who="2" fromWho="0" sc="223,-39,267,0,294,39,216,0" /><INIT seed="4,0,0,3,0,121" ten="184,267,333,216" oya="0" hai0="28,8,57,26,6,35,63,86,119,120,95,50,117" hai1="71,128,106,72,47,82,23,64,79,17,83,58,65" hai2="36,94,41,105,69,62,99,1,11,19,101,70,112" hai3="52,118,115,15,4,22,100,10,132,32,77,90,123"/><T76/><D120/><U39/><E106/><V33/><F112/><W129/><G32/><T9/><D50/><U30/><E71/><V92/><F19/><W48/><G118/><T81/><D95/><U122/><E122/><V74/><F94/><W108/><G123/><T51/><D51/><U37/><E128/><V73/><F92/><W44/><G129/><T88/><D76/><U38/><E30/><V67/><F70/><W114/><G100/><T103/><D103/><U34/><E34/><V18/><F18/><W93/><G77/><T107/><D107/><U111/><E47/><N who="2" m="23975" /><F33/><W66/><G66/><T110/><D110/><U29/><E111/><V2/><F11/><W89/><G108/><T21/><D35/><U24/><E83/><V45/><F45/><W43/><G132/><T98/><D98/><U78/><E78/><V7/><F7/><W84/><G90/><T80/><D80/><U3/><E3/><AGARI ba="0,0" hai="1,2,3,62,67,69,73,74,99,101,105" m="23975" machi="3" ten="30,2000,0" yaku="33,2" doraHai="121" who="2" fromWho="1" sc="184,0,267,-20,333,20,216,0" /><INIT seed="5,0,0,3,5,126" ten="184,247,353,216" oya="1" hai0="52,98,73,28,20,2,18,4,124,121,97,132,69" hai1="91,119,86,81,89,92,44,48,71,8,22,40,3" hai2="61,30,93,88,67,0,57,80,9,60,131,29,104" hai3="33,108,116,24,90,129,65,103,50,117,54,46,53"/><U39/><E119/><N who="3" m="45642" /><G103/><T70/><D73/><U59/><E71/><V36/><F131/><W37/><G37/><T68/><D124/><U96/><E22/><V41/><F104/><W122/><G122/><T14/><D121/><U74/><E74/><V19/><F80/><W113/><G108/><T135/><D28/><U31/><E31/><V110/><F110/><W123/><G123/><T42/><D42/><U32/><E32/><V51/><F36/><W25/><G113/><T94/><D2/><U102/><E39/><V111/><F61/><W72/><G72/><T17/><D4/><U13/><E59/><V77/><F77/><W85/><G65/><T21/><D52/><N who="3" m="20073" /><G33/><T23/><D94/><U118/><E118/><V125/><F93/><N who="3" m="54479" /><G129/><T106/><D106/><U7/><REACH who="1" step="1"/><E3/><REACH who="1" ten="184,237,353,216" step="2"/><V76/><F30/><W115/><G115/><T75/><D75/><U101/><AGARI ba="0,1" hai="7,8,13,40,44,48,81,86,89,91,92,96,101,102" machi="101" ten="30,12000,1" yaku="1,1,2,1,0,1,8,1,53,1" doraHai="126" doraHaiUra="82" who="1" fromWho="1" sc="184,-40,237,130,353,-40,216,-40" /><INIT seed="5,1,0,3,3,36" ten="144,367,313,176" oya="1" hai0="120,63,109,118,91,22,62,69,31,68,134,96,49" hai1="27,110,19,100,7,0,111,131,129,54,95,30,10" hai2="103,108,48,107,123,128,37,26,127,67,121,104,114" hai3="132,83,41,89,133,88,76,113,8,86,70,44,25"/><U65/><E65/><V106/><F48/><N who="3" m="26639" /><G70/><T90/><D109/><N who="1" m="41483" /><E54/><V42/><F108/><W87/><G113/><T20/><D118/><U122/><E122/><N who="2" m="46603" /><F26/><W55/><G25/><T124/><D120/><U14/><E95/><V47/><F128/><N who="1" m="49225" /><E100/><V2/><F114/><W94/><G55/><T39/><D69/><U28/><E27/><V101/><F101/><W77/><G8/><AGARI ba="1,0" hai="0,7,8,10,14,19,28,30" m="49225,41483" machi="8" ten="30,11600,0" yaku="10,1,19,1,34,2" doraHai="36" who="1" fromWho="3" sc="144,0,367,119,313,0,176,-119" /><INIT seed="5,2,0,2,1,79" ten="144,486,313,57" oya="1" hai0="25,9,64,97,0,91,132,52,28,61,122,16,126" hai1="115,49,93,94,87,34,101,46,81,83,85,27,19" hai2="38,35,72,128,5,3,82,90,22,14,124,96,71" hai3="8,32,10,135,21,103,125,131,36,120,2,48,59"/><U76/><E115/><V1/><F35/><W39/><G48/><T54/><D126/><U51/><E101/><V20/><F71/><W133/><G59/><N who="0" m="36927" /><D0/><U37/><E34/><V4/><F128/><W121/><G32/><T65/><D65/><U12/><E27/><V33/><F33/><W134/><G2/><T106/><D106/><U107/><E107/><V43/><F124/><W53/><G125/><T129/><D129/><U78/><E37/><N who="3" m="14410" /><G131/><T63/><D63/><U89/><E89/><V47/><F3/><W67/><G67/><T6/><D122/><N who="3" m="47209" /><G103/><T111/><D111/><U113/><E113/><V15/><F1/><W92/><G92/><N who="1" m="35434" /><E46/><V123/><F47/><W50/><G50/><T119/><D91/><U102/><E102/><V100/><F90/><W84/><G53/><T105/><D54/><U130/><E130/><V98/><F100/><W17/><G84/><T23/><D52/><U18/><E18/><V112/><F38/><W127/><G127/><T60/><D16/><U24/><E24/><AGARI ba="2,0" hai="8,10,17,21,24,133,134,135" m="47209,14410" machi="24" ten="40,1300,0" yaku="20,1" doraHai="79" who="3" fromWho="1" sc="144,0,486,-19,313,0,57,19" /><INIT seed="6,0,0,1,4,49" ten="144,467,313,76" oya="2" hai0="131,17,86,87,119,22,42,6,96,85,31,116,88" hai1="10,2,115,81,47,79,43,67,24,34,1,74,80" hai2="102,59,30,41,58,50,75,95,134,97,92,48,73" hai3="51,8,21,82,12,44,9,105,99,71,72,35,25"/><V29/><F97/><W52/><G71/><T7/><D131/><U64/><E81/><V83/><F83/><W114/><G35/><T123/><D31/><U3/><E115/><V93/><F102/><W109/><G109/><T122/><D42/><U98/><E98/><V126/><F41/><W112/><G105/><T5/><D96/><U106/><E106/><V37/><F37/><W15/><G99/><T132/><D132/><U91/><E91/><V90/><F90/><W127/><G127/><T46/><D46/><U60/><E10/><V40/><F40/><W18/><G82/><T77/><D77/><U100/><E100/><V135/><REACH who="2" step="1"/><F95/><REACH who="2" ten="144,467,303,76" step="2"/><W68/><G72/><T118/><D88/><U104/><E104/><V13/><F13/><AGARI ba="0,1" hai="5,6,7,13,17,22,85,86,87,116,118,119,122,123" machi="13" ten="50,6400,0" yaku="29,2,12,1" doraHai="49" who="0" fromWho="2" sc="144,74,467,0,303,-64,76,0" /><INIT seed="7,0,0,3,2,20" ten="218,467,239,76" oya="3" hai0="21,43,80,33,89,34,115,72,110,44,118,60,135" hai1="70,68,14,120,73,48,63,104,4,67,31,75,112" hai2="32,95,94,97,131,7,46,6,65,22,77,116,25" hai3="109,1,53,10,29,133,15,52,114,130,98,27,51"/><W92/><G130/><T30/><D110/><U59/><E31/><V47/><F116/><W56/><G133/><T12/><D118/><U19/><E4/><N who="2" m="1579" /><F32/><W117/><G114/><T106/><D106/><U124/><E48/><V90/><F131/><W96/><G117/><T83/><D135/><U17/><E17/><N who="2" m="12495" /><F65/><W62/><G109/><T54/><D115/><U49/><E59/><V11/><F77/><W102/><G1/><T61/><D34/><U85/><E63/><V127/><F127/><W3/><G3/><T126/><D33/><U45/><E85/><N who="2" m="52559" /><F11/><W16/><G98/><T69/><D61/><U5/><E120/><V93/><F93/><W35/><REACH who="3" step="1"/><G51/><REACH who="3" ten="218,467,239,66" step="2"/><T50/><D50/><U101/><E49/><V71/><F71/><W24/><G24/><T108/><D69/><U57/><E112/><V66/><F66/><AGARI ba="0,1" hai="10,15,16,27,29,35,52,53,56,62,66,92,96,102" machi="66" ten="30,12000,1" yaku="1,1,7,1,52,1,54,2,53,0" doraHai="20" doraHaiUra="2" who="3" fromWho="2" sc="218,0,467,0,239,-120,66,130" /><INIT seed="7,1,0,5,3,11" ten="218,467,119,196" oya="3" hai0="65,10,5,0,26,117,97,64,40,58,114,35,115" hai1="12,84,91,96,1,118,123,39,129,14,24,71,52" hai2="126,102,20,55,92,124,110,133,9,42,81,33,95" hai3="83,18,49,23,41,46,85,32,72,82,88,70,17"/><W80/><G70/><T29/><D117/><U57/><E1/><V112/><F33/><W62/><G32/><T119/><D119/><U73/><E71/><V93/><F42/><W100/><G72/><T94/><D40/><U90/><E39/><V50/><F20/><W4/><G4/><T79/><D79/><U69/><E69/><V61/><F61/><W116/><G116/><T125/><D125/><U131/><E123/><V28/><F28/><W22/><G100/><N who="0" m="60471" /><D58/><U122/><E24/><V59/><F110/><W101/><G101/><T105/><D105/><U53/><E122/><V44/><F102/><W77/><G77/><T60/><D60/><N who="1" m="35879" /><E53/><V36/><F112/><AGARI ba="1,0" hai="0,5,10,26,29,35,64,65,112,114,115" m="60471" machi="112" ten="30,2000,0" yaku="15,1,11,1" doraHai="11" who="0" fromWho="2" sc="218,23,467,0,119,-23,196,0" owari="241,4.0,467,56.0,96,-40.0,196,-20.0" /></mjloggm>