<mjloggm ver="2.3"><GO type="193" lobby="0"/><UN n0="%E3%82%86%E3%81%86%E3%81%B1" n1="%E3%83%9C%E3%82%A2%E3%83%BB%E3%83%8F%E3%83%B3%E3%82%B3%E3%83%83%E3%82%AF" n2="%E8%BF%94%E6%9C%AC%E7%90%A2%E7%A8%8B" n3="%E5%B0%B1%E6%B4%BB%E7%94%9F%40%E5%B7%9D%E6%9D%91%E8%BB%8D%E5%9B%A3" dan="13,14,11,11" rate="1800.86,1837.73,1657.67,1751.90" sx="M,M,M,M"/><TAIKYOKU oya="0"/><INIT seed="0,0,0,3,4,45" ten="250,250,250,250" oya="0" hai0="98,47,33,9,97,42,117,8,29,55,128,85,64" hai1="134,89,131,26,61,44,122,101,51,74,1,95,25" hai2="125,106,11,17,20,81,12,88,7,129,69,78,34" hai3="67,99,71,112,66,54,59,87,127,31,107,22,113"/><T46/><D117/><U75/><E122/><V63/><F106/><W58/><G127/><T2/><D128/><U49/><E1/><V130/><F34/><W120/><G120/><T70/><D85/><U57/><E131/><N who="2" m="50187" /><F78/><W6/><G6/><T90/><D46/><U77/><E134/><V52/><F69/><W48/><G59/><T32/><D9/><U62/><E101/><V37/><F37/><W23/><G71/><T39/><D55/><N who="1" m="31983" /><E74/><V123/><F123/><W103/><G112/><T43/><D42/><N who="1" m="24983" /><E75/><V111/><F7/><W40/><G40/><T24/><D33/><U84/><E77/><V94/><F81/><W28/><G113/><T13/><D2/><U14/><E14/><V0/><F0/><W93/><G107/><T114/><D114/><U132/><E132/><V82/><F82/><W5/><G5/><T80/><D70/><U73/><E73/><V10/><F125/><W38/><G38/><T108/><D108/><U96/><E96/><N who="2" m="57415" /><F111/><W18/><G87/><T65/><D98/><U109/><E109/><V4/><F4/><W110/><G110/><T79/><D79/><U116/><E116/><V50/><F63/><AGARI ba="0,0" hai="25,26,61,62,63,84,89,95" m="24983,31983" machi="63" ten="30,3900,0" yaku="8,1,52,2" doraHai="45" who="1" fromWho="2" sc="250,0,250,39,250,-39,250,0" /><INIT seed="1,0,0,1,4,8" ten="250,289,211,250" oya="1" hai0="30,63,13,120,64,110,59,88,96,109,7,74,31" hai1="99,95,56,62,94,104,85,113,37,75,2,82,125" hai2="23,105,73,135,50,9,80,1,27,89,134,32,29" hai3="103,33,36,51,46,132,87,77,34,4,42,55,92"/><U25/><E113/><V38/><F38/><W47/><G132/><T48/><D74/><U16/><E37/><V61/><F105/><W79/><G4/><T58/><D120/><U100/><E125/><V123/><F123/><W86/><G34/><T72/><D72/><U5/><E75/><V11/><F61/><W131/><G33/><T28/><D48/><U121/><E121/><V117/><F117/><W112/><G112/><T44/><D59/><U43/><E43/><V101/><F101/><W24/><G131/><T0/><D44/><U22/><E5/><V12/><F1/><W130/><G130/><T118/><D0/><U90/><E2/><V69/><F69/><W53/><G24/><T98/><D118/><U21/><E21/><V70/><F70/><W129/><G129/><T40/><D40/><U83/><E104/><V3/><F3/><W107/><G107/><T111/><D88/><U60/><E60/><V91/><F73/><W81/><G103/><T108/><N who="0" m="28160" /><DORA hai="35" /><T14/><D7/><U17/><E17/><V19/><F50/><W18/><G18/><T127/><D127/><U15/><E15/><AGARI ba="0,0" hai="13,14,15,28,30,31,58,63,64,96,98" m="28160" machi="15" ten="70,8000,1" yaku="14,1,52,3" doraHai="8,35" who="0" fromWho="1" sc="250,80,289,-80,211,0,250,0" /><INIT seed="2,0,0,2,4,97" ten="330,209,211,250" oya="2" hai0="104,83,35,45,85,113,50,54,109,57,66,0,56" hai1="132,117,19,49,37,112,75,32,127,134,48,63,27" hai2="47,26,5,34,87,77,40,92,100,2,38,108,31" hai3="58,14,82,103,122,11,60,93,72,46,94,76,70"/><V95/><F5/><W12/><G122/><T126/><D109/><U102/><E117/><V128/><F2/><W74/><G70/><T53/><D35/><U55/><E112/><V16/><F128/><W23/><G72/><T9/><D113/><U67/><E127/><V133/><F133/><N who="1" m="51305" /><E75/><V73/><F73/><W121/><G121/><T130/><D104/><U105/><E37/><V65/><F65/><W51/><G14/><T4/><D130/><U110/><E110/><V22/><F108/><W17/><G103/><T28/><D126/><U39/><E39/><V125/><F125/><W8/><G8/><T119/><D119/><U62/><E62/><V123/><F123/><W10/><G10/><T111/><D111/><U124/><E124/><V71/><F71/><W114/><BYE who="2" /><G114/><T80/><D28/><N who="1" m="19487" /><E19/><V44/><F44/><W64/><REACH who="3" step="1"/><G11/><REACH who="3" ten="330,209,211,240" step="2"/><UN n2="%E8%BF%94%E6%9C%AC%E7%90%A2%E7%A8%8B" /><T25/><D25/><U99/><E55/><AGARI ba="0,1" hai="12,17,23,46,51,55,58,60,64,74,76,82,93,94" machi="55" ten="30,3900,0" yaku="1,1,2,1,7,1,53,0" doraHai="97" doraHaiUra="81" who="3" fromWho="1" sc="330,0,209,-39,211,0,240,49" /><BYE who="2" /><UN n2="%E8%BF%94%E6%9C%AC%E7%90%A2%E7%A8%8B" /><INIT seed="3,0,0,4,0,43" ten="330,170,211,289" oya="3" hai0="33,15,21,83,20,5,58,25,31,54,52,73,101" hai1="10,8,2,84,116,97,32,45,77,28,111,124,40" hai2="98,12,65,64,129,102,62,104,110,127,50,60,107" hai3="119,22,44,51,105,63,41,88,81,19,75,47,120"/><W134/><G105/><T1/><D101/><U24/><E111/><V36/><F110/><W68/><G120/><T130/><D130/><U7/><E124/><V42/><F127/><W91/><G119/><T23/><D73/><U118/><E97/><V69/><F129/><W99/><G134/><T90/><D90/><U17/><E84/><V59/><F12/><N who="3" m="9575" /><G75/><T67/><D83/><U4/><E77/><V30/><F30/><W0/><G0/><T35/><D35/><U26/><E26/><V108/><F108/><W49/><G68/><T13/><D67/><U114/><E114/><V34/><F50/><N who="3" m="18955" /><G63/><T71/><D71/><U70/><E70/><V109/><F109/><W57/><G57/><T53/><D58/><U95/><E95/><V100/><F34/><W6/><G41/><T135/><REACH who="0" step="1"/><D135/><REACH who="0" ten="320,170,211,289" step="2"/><U61/><E61/><V27/><F27/><W80/><G6/><T39/><D39/><U37/><REACH who="1" step="1"/><E17/><REACH who="1" ten="320,160,211,289" step="2"/><V89/><F89/><N who="3" m="34379" /><G99/><T94/><D94/><U76/><E76/><V122/><F122/><W85/><G85/><T46/><D46/><AGARI ba="0,2" hai="44,46,47,80,81" m="34379,18955,9575" machi="46" ten="30,12000,1" yaku="8,1,52,3,54,1" doraHai="43" who="3" fromWho="0" sc="320,-120,160,0,211,0,289,140" owari="200,-20.0,160,-34.0,211,1.0,429,53.0" /></mjloggm>