<mjloggm ver="2.3"><GO type="97" lobby="0"/><UN n0="%4D%49%40%34%32%38" n1="%4F%53%58" n2="%E6%B3%A3%E3%81%8F%E6%B3%A3%E3%81%8F%E9%B3%B4%E3%81%8F" n3="%E3%82%A6%E3%83%AB%E3%83%88%E3%83%A9%E7%AB%8B%E7%9B%B4" dan="14,13,15,15" rate="1940.04,1855.31,2006.60,2075.39" sx="M,F,M,M"/><TAIKYOKU oya="0"/><INIT seed="0,0,0,5,4,74" ten="250,250,250,250" oya="0" hai0="79,94,49,108,91,5,100,63,51,11,73,120,4" hai1="23,122,76,84,96,28,42,10,29,35,112,22,130" hai2="131,21,123,57,105,65,117,111,124,8,106,88,75" hai3="69,87,7,86,17,32,45,16,81,72,67,89,68"/><T47/><D120/><U90/><E122/><V132/><F123/><W128/><G32/><T109/><D100/><U115/><E130/><V19/><F75/><W36/><G72/><T107/><D107/><U41/><E10/><V64/><F8/><W58/><G69/><T93/><D63/><U40/><E96/><V98/><F131/><W12/><G68/><T56/><D56/><U71/><E71/><V77/><F111/><N who="0" m="42570" /><D51/><U30/><E35/><V135/><F117/><W97/><G97/><N who="0" m="57535" /><D94/><N who="1" m="54599" /><E112/><V54/><F106/><W95/><G45/><T70/><D70/><U13/><E115/><V59/><F105/><W133/><G36/><T104/><D104/><U34/><E34/><V61/><F59/><W55/><G67/><T20/><D20/><U113/><E23/><V92/><F21/><W134/><G128/><T1/><D5/><U27/><E22/><V83/><F98/><W31/><G7/><T103/><D103/><U38/><E38/><V121/><F121/><W14/><G31/><T25/><D25/><U0/><E27/><V53/><F61/><W127/><G58/><T118/><D118/><U6/><E6/><V9/><F57/><W125/><G55/><N who="0" m="30143" /><D73/><U2/><E113/><V85/><F54/><W52/><G52/><T24/><D24/><U43/><E28/><V126/><F53/><W119/><G119/><T3/><D3/><U101/><E29/><V129/><F129/><W26/><G26/><T37/><D37/><U110/><E30/><V62/><F65/><W33/><G33/><T39/><D39/><U50/><N who="1" m="10752" /><DORA hai="116" /><U66/><E0/><RYUUKYOKU ba="0,0" sc="250,30,250,-10,250,-10,250,-10" hai0="1,4,11,79" /><INIT seed="0,1,0,3,4,74" ten="280,240,240,240" oya="0" hai0="33,51,125,78,49,13,9,43,86,11,59,107,17" hai1="22,57,15,66,31,116,62,92,20,110,76,8,83" hai2="69,106,127,77,101,123,45,48,61,19,114,132,118" hai3="28,84,75,50,122,79,126,109,53,134,96,82,4"/><T81/><D107/><U10/><E116/><V36/><F36/><W104/><G122/><T47/><D33/><U99/><E110/><V112/><F123/><W88/><G109/><T128/><D128/><U87/><E31/><V35/><F118/><W60/><G126/><T95/><D125/><U1/><E1/><V115/><F127/><W14/><G28/><T89/><D9/><U121/><E121/><V117/><F117/><W71/><G134/><T41/><D59/><U26/><E26/><V70/><F35/><W5/><G71/><T38/><REACH who="0" step="1"/><D43/><REACH who="0" ten="270,240,240,240" step="2"/><U2/><E10/><V58/><F70/><W55/><G104/><T113/><D113/><U29/><E2/><V97/><F69/><W94/><G4/><T129/><D129/><U108/><E108/><V73/><F115/><W18/><G5/><T100/><D100/><N who="1" m="60519" /><E29/><V27/><F114/><W103/><G60/><T7/><D7/><AGARI ba="1,1" hai="7,8,15,20,22,57,62,66,76,83,87" m="60519" machi="7" ten="30,2000,0" yaku="8,1,52,1" doraHai="74" who="1" fromWho="0" sc="270,-23,240,33,240,0,240,0" /><INIT seed="1,0,0,2,3,6" ten="247,273,240,240" oya="1" hai0="96,4,33,113,68,71,3,80,56,14,90,50,91" hai1="86,87,15,40,112,48,107,117,25,114,78,17,59" hai2="24,18,57,30,106,100,85,45,108,116,92,7,27" hai3="43,129,97,5,64,120,131,60,42,2,20,66,10"/><U13/><E117/><V84/><F106/><W31/><G120/><T49/><D113/><U124/><E107/><V41/><F7/><W102/><G64/><T125/><D33/><U21/><E124/><V133/><F116/><W93/><G43/><T35/><D35/><U34/><E15/><V121/><F121/><W79/><G79/><T83/><D3/><U127/><E127/><V72/><F72/><W123/><G42/><T132/><D132/><U11/><E34/><V89/><F100/><W58/><G123/><T119/><D71/><U135/><E135/><V74/><F74/><W52/><G52/><N who="0" m="31759" /><D68/><U62/><E112/><V126/><F126/><W51/><G51/><T69/><D69/><U28/><E78/><V88/><F133/><W118/><G118/><T105/><D105/><U82/><E82/><N who="0" m="31273" /><D119/><U76/><E76/><V130/><F92/><W70/><G70/><T61/><D61/><U9/><E114/><V122/><F122/><W32/><G32/><T111/><D111/><U77/><E77/><V104/><F104/><W75/><G75/><T94/><D50/><U38/><E38/><V44/><F108/><W0/><G0/><T19/><D4/><U29/><E48/><V1/><F1/><W134/><G134/><T63/><D63/><U67/><E40/><V65/><F41/><W99/><G99/><T73/><D73/><U55/><E55/><V46/><F46/><W98/><G98/><T26/><D26/><AGARI ba="0,0" hai="2,5,10,20,26,31,58,60,66,93,97,102,129,131" machi="26" ten="40,5200,0" yaku="25,2,52,1" doraHai="6" who="3" fromWho="0" sc="247,-52,273,0,240,0,240,52" /><INIT seed="2,0,0,4,2,124" ten="195,273,240,292" oya="2" hai0="90,8,99,63,134,115,7,105,59,23,79,28,87" hai1="127,132,26,73,56,108,48,85,46,135,41,42,65" hai2="54,6,25,78,30,57,50,32,80,110,84,76,75" hai3="19,39,45,43,128,129,47,37,49,112,95,97,69"/><V61/><F110/><W122/><G122/><T4/><D115/><U131/><E73/><V71/><F6/><N who="0" m="2090" /><D105/><U67/><E127/><V33/><F75/><W2/><G2/><T121/><D121/><U24/><E108/><V62/><F33/><W5/><G5/><T77/><D8/><U91/><E42/><V21/><F76/><W15/><G69/><T96/><D134/><N who="1" m="51243" /><E26/><V40/><F71/><W117/><G117/><T34/><D34/><U29/><E65/><V16/><REACH who="2" step="1"/><F40/><REACH who="2" ten="195,273,230,292" step="2"/><W113/><G113/><T88/><D79/><U94/><E41/><V64/><F64/><W106/><G112/><T9/><D77/><U111/><E67/><V74/><F74/><W52/><G37/><T3/><D3/><U126/><E111/><V38/><F38/><W58/><G43/><T100/><D100/><U123/><E126/><V53/><F53/><W36/><G36/><T133/><D90/><U118/><E91/><V13/><AGARI ba="0,1" hai="13,16,21,25,30,32,50,54,57,61,62,78,80,84" machi="13" ten="20,12000,1" yaku="1,1,0,1,7,1,54,1,53,1" doraHai="124" doraHaiUra="12" who="2" fromWho="2" sc="195,-40,273,-40,230,130,292,-40" /><INIT seed="2,1,0,5,1,25" ten="155,233,360,252" oya="2" hai0="133,125,36,44,19,28,60,124,66,7,120,113,81" hai1="12,33,58,78,126,105,4,95,54,100,40,42,109" hai2="103,48,96,21,71,127,108,132,73,55,101,110,41" hai3="46,88,39,17,106,68,31,47,0,13,63,11,76"/><V83/><F71/><W23/><G106/><T134/><D7/><U99/><E33/><V65/><F65/><W93/><G76/><T86/><D19/><U59/><E109/><V121/><F41/><W102/><G102/><T9/><D9/><N who="1" m="4135" /><E105/><V135/><F121/><W87/><G39/><T30/><D120/><U98/><E126/><N who="0" m="48745" /><D113/><U43/><E99/><V34/><F34/><W26/><G68/><N who="0" m="42055" /><D44/><U77/><E58/><V64/><F127/><W89/><G63/><AGARI ba="1,0" hai="40,42,43,54,59,63,77,78,95,98,100" m="4135" machi="63" ten="30,1000,0" yaku="8,1" doraHai="25" who="1" fromWho="3" sc="155,0,233,13,360,0,252,-13" /><INIT seed="3,0,0,1,0,60" ten="155,246,360,239" oya="3" hai0="13,28,31,64,104,101,123,50,112,84,22,10,90" hai1="37,59,23,98,131,82,36,44,118,75,110,71,77" hai2="35,47,103,124,116,99,111,105,21,57,24,95,18" hai3="93,8,15,1,25,67,26,94,89,62,76,46,83"/><W114/><G1/><T69/><D123/><U91/><E71/><V73/><F73/><W30/><G46/><T6/><D112/><U45/><E118/><V107/><F116/><W122/><G122/><T49/><D104/><U87/><E98/><V39/><F111/><W88/><G94/><T55/><D101/><U42/><E110/><V61/><F124/><W70/><G114/><T3/><D3/><U80/><E131/><V52/><F35/><W79/><G93/><T115/><D115/><U102/><E102/><V109/><F109/><W32/><G26/><T97/><D97/><U5/><E5/><V81/><F81/><W27/><G27/><T113/><D113/><U92/><E92/><V74/><F74/><W14/><G79/><T17/><D50/><U129/><E129/><V133/><F133/><W54/><G54/><T2/><D69/><U78/><E59/><V34/><F34/><W41/><G41/><T63/><D63/><U117/><E117/><V126/><F126/><W29/><G29/><T65/><D28/><U135/><E135/><V130/><F130/><W128/><G15/><T108/><D31/><U12/><E77/><V86/><F47/><W68/><G68/><T11/><D11/><U33/><E33/><V40/><F40/><W16/><G128/><T120/><D120/><U9/><E45/><V58/><F58/><W134/><G134/><T0/><D0/><U20/><E37/><V43/><F57/><W51/><G51/><T132/><D132/><U38/><E36/><V4/><F95/><W106/><G106/><T53/><D108/><RYUUKYOKU ba="0,0" sc="155,-15,246,15,360,-15,239,15" hai1="9,12,20,23,38,42,44,75,78,80,82,87,91" hai3="8,14,16,25,30,32,62,67,70,76,83,88,89" /><INIT seed="3,1,0,0,2,48" ten="140,261,345,254" oya="3" hai0="35,103,133,59,53,54,8,21,11,28,66,72,31" hai1="5,79,76,12,64,124,7,27,116,3,37,57,71" hai2="18,126,118,105,55,58,30,89,4,70,2,17,97" hai3="125,19,90,10,95,127,119,23,9,93,96,32,43"/><W62/><G32/><T36/><D133/><U61/><E3/><V77/><F70/><W117/><G43/><T16/><D72/><U45/><E124/><N who="3" m="47690" /><G95/><T120/><D120/><U46/><E71/><V115/><F105/><W67/><G10/><T75/><D75/><U1/><E1/><V81/><F2/><W112/><G9/><N who="0" m="3659" /><D36/><U34/><E12/><V41/><F41/><W82/><G82/><T20/><D35/><U73/><E73/><V13/><F81/><W69/><G112/><T94/><D66/><U44/><E37/><V6/><F6/><W129/><G129/><T109/><D109/><U113/><E7/><V135/><F4/><W39/><G39/><T74/><D74/><U25/><E5/><V111/><F115/><W121/><G121/><T86/><D20/><U132/><E34/><V100/><F111/><W92/><G92/><T52/><D59/><U110/><E110/><V101/><F126/><W84/><G84/><T51/><D51/><U108/><E108/><V56/><F135/><W47/><G47/><T40/><D40/><U91/><E132/><V80/><F80/><W24/><AGARI ba="1,0" hai="19,23,24,62,67,69,90,93,96,117,119" m="47690" machi="24" ten="30,1500,0" yaku="18,1" doraHai="48" who="3" fromWho="3" sc="140,-6,261,-6,345,-6,254,18" /><INIT seed="3,2,0,2,0,17" ten="134,255,339,272" oya="3" hai0="72,125,34,108,128,53,8,85,6,113,110,86,21" hai1="24,104,40,0,66,1,76,91,80,117,50,118,30" hai2="73,133,37,45,95,92,127,20,75,31,49,135,2" hai3="51,109,65,96,16,111,112,28,93,3,88,130,122"/><W78/><G3/><T12/><D72/><N who="2" m="27722" /><F37/><W116/><G122/><T120/><D120/><U106/><E76/><V79/><F2/><N who="1" m="1129" /><E66/><V63/><F79/><W26/><G116/><N who="1" m="44650" /><E80/><V11/><F11/><W52/><G65/><T19/><D34/><U71/><E71/><V62/><F62/><W99/><G78/><T38/><D38/><U33/><E91/><V70/><F127/><W124/><G124/><T103/><D125/><U126/><E126/><V4/><F4/><W44/><G112/><T5/><D113/><U35/><E35/><V131/><F63/><W22/><G130/><T83/><D103/><U9/><E9/><V105/><F70/><W27/><REACH who="3" step="1"/><G99/><REACH who="3" ten="134,255,339,262" step="2"/><T74/><D74/><U97/><E97/><V55/><F131/><W81/><G81/><T25/><D128/><U132/><E132/><V77/><F77/><W41/><G41/><T29/><D86/><U102/><E40/><V15/><F135/><W114/><G114/><T18/><D53/><U101/><E104/><V32/><F105/><W57/><G57/><T60/><D85/><U87/><E106/><V119/><F133/><W107/><G107/><T14/><D83/><U134/><E134/><V46/><F119/><W43/><G43/><T115/><D115/><U94/><E87/><V23/><F55/><W64/><G64/><T84/><D84/><U90/><E90/><V47/><F95/><W69/><G69/><T10/><REACH who="0" step="1"/><D60/><REACH who="0" ten="124,255,339,262" step="2"/><U123/><E123/><V54/><F54/><W58/><G58/><T89/><D89/><U56/><E101/><V100/><F100/><W67/><G67/><RYUUKYOKU ba="2,2" sc="124,15,255,-15,339,-15,262,15" hai0="5,6,8,10,12,14,18,19,21,25,29,108,110" hai3="16,22,26,27,28,44,51,52,88,93,96,109,111" /><INIT seed="3,3,2,1,0,61" ten="139,240,324,277" oya="3" hai0="100,50,112,116,53,83,35,87,94,73,84,126,97" hai1="10,39,32,74,78,110,49,3,122,48,80,91,9" hai2="81,134,62,123,12,43,67,11,115,1,119,127,66" hai3="44,105,133,120,121,46,29,108,28,76,2,8,92"/><W27/><G105/><T85/><D116/><U21/><E39/><V23/><F119/><W55/><G76/><T56/><D35/><U17/><E32/><V131/><F115/><W69/><G69/><T4/><D112/><U15/><E122/><V125/><F123/><W6/><G133/><T102/><D126/><N who="2" m="48138" /><F131/><W79/><G29/><T106/><D4/><U128/><E128/><V64/><F134/><W68/><G68/><T86/><D100/><U40/><E110/><V111/><F43/><W65/><G108/><T36/><D36/><U89/><E3/><V98/><F1/><W37/><G65/><T90/><REACH who="0" step="1"/><D86/><REACH who="0" ten="129,240,324,277" step="2"/><N who="1" m="48407" /><E40/><V31/><F111/><W0/><G37/><T51/><D51/><N who="1" m="19531" /><E74/><V59/><F62/><W52/><G6/><T72/><D72/><U7/><E7/><V70/><F70/><W22/><G121/><T103/><D103/><U109/><E109/><V95/><F98/><W34/><G120/><T77/><AGARI ba="3,3" hai="50,53,56,73,77,83,84,85,87,90,94,97,102,106" machi="77" ten="30,7900,0" yaku="1,1,0,1,24,2,53,0" doraHai="61" doraHaiUra="25" who="0" fromWho="0" sc="129,118,240,-23,324,-23,277,-42" owari="247,5.0,217,-28.0,301,39.0,235,-16.0" /></mjloggm>