<mjloggm ver="2.3"><GO type="41" lobby="0"/><UN n0="%E5%B0%B1%E6%B4%BB%E7%94%9F%40%E5%B7%9D%E6%9D%91%E8%BB%8D%E5%9B%A3" n1="%6D%61%79%35%39" n2="%6A%75%72%69%65%73%75" n3="%E3%83%8A%E3%83%91%E3%83%83%E3%83%81" dan="15,14,15,14" rate="1981.42,1887.98,1968.96,1894.01" sx="M,F,M,M"/><TAIKYOKU oya="0"/><INIT seed="0,0,0,0,2,17" ten="250,250,250,250" oya="0" hai0="13,86,7,40,131,124,54,101,65,25,49,59,4" hai1="94,32,56,69,9,84,41,20,18,8,6,34,79" hai2="11,48,61,76,22,10,36,72,55,105,0,117,132" hai3="52,31,23,93,33,24,42,90,14,130,77,83,109"/><T75/><D75/><U119/><E119/><V82/><F117/><W102/><G130/><T115/><D115/><U53/><E69/><V66/><F132/><W63/><G109/><T104/><D124/><U50/><E41/><V116/><F116/><W127/><G127/><T118/><D131/><U92/><E92/><V30/><F36/><W112/><G112/><T97/><D118/><U74/><E74/><V70/><F105/><W5/><G42/><T43/><D25/><U64/><E64/><V81/><F0/><W100/><G33/><T95/><D65/><U71/><E71/><V111/><F111/><W80/><G14/><T45/><D40/><U135/><E135/><V103/><F103/><W73/><G80/><T47/><D47/><U113/><E113/><V122/><F122/><W89/><G5/><T29/><D29/><U62/><E62/><V128/><F128/><W46/><G90/><T3/><D3/><U16/><E18/><V125/><F81/><W57/><REACH who="3" step="1"/><G46/><REACH who="3" ten="250,250,250,240" step="2"/><T60/><D13/><N who="1" m="9231" /><E79/><V129/><F129/><W67/><G67/><T37/><D37/><U58/><E58/><V99/><F125/><W51/><G51/><T87/><D104/><U96/><E6/><AGARI ba="0,1" hai="4,6,7,43,45,49,54,59,60,86,87,95,97,101" machi="6" ten="40,2000,0" yaku="8,1" doraHai="17" who="0" fromWho="1" sc="250,30,250,-20,250,0,240,0" /><INIT seed="0,1,0,3,2,47" ten="280,230,250,240" oya="0" hai0="51,9,57,126,115,63,90,101,42,69,67,82,79" hai1="52,6,89,31,133,48,28,41,43,119,16,19,109" hai2="74,85,71,77,107,113,8,94,54,95,92,65,112" hai3="23,5,53,114,78,0,72,61,84,39,108,93,103"/><T56/><D115/><U128/><E119/><V11/><F107/><W10/><G39/><T30/><D126/><U135/><E128/><V125/><F125/><W36/><G36/><T88/><D101/><U132/><E6/><V129/><F129/><W123/><G114/><T76/><D69/><U106/><E106/><V26/><F74/><W27/><G123/><T40/><D30/><N who="1" m="11307" /><E89/><N who="0" m="34409" /><D9/><U104/><E104/><V97/><F97/><W13/><G0/><T83/><D40/><N who="1" m="15435" /><E109/><V102/><F102/><W4/><G108/><T7/><D7/><U117/><E117/><V134/><F11/><W14/><G72/><T33/><D33/><U15/><E15/><V96/><F8/><W105/><G105/><T50/><D42/><U58/><AGARI ba="1,0" hai="16,19,48,52,58,132,133,135" m="15435,11307" machi="58" ten="40,8000,1" yaku="20,1,52,1,54,2" doraHai="47" who="1" fromWho="1" sc="280,-41,230,83,250,-21,240,-21" /><INIT seed="1,0,0,0,0,111" ten="239,313,229,219" oya="1" hai0="38,98,118,15,83,58,84,54,99,131,37,5,19" hai1="20,125,53,55,31,133,135,73,33,115,34,70,24" hai2="13,78,74,124,17,52,85,105,79,127,18,26,122" hai3="10,101,87,65,0,89,7,4,94,88,29,36,67"/><U132/><E73/><V63/><F122/><W95/><G36/><T97/><D118/><U110/><E70/><V68/><F105/><W103/><G29/><T121/><D5/><U130/><E130/><V96/><F74/><W76/><G76/><T14/><D121/><U102/><E102/><V106/><F68/><W16/><G16/><T41/><D131/><U129/><E129/><V42/><F42/><W51/><G51/><T40/><D37/><U12/><E125/><V47/><F106/><W50/><G50/><N who="0" m="31063" /><D38/><U43/><E43/><N who="0" m="16457" /><D19/><N who="1" m="10343" /><E110/><V134/><F134/><W30/><G30/><T62/><D62/><U113/><E34/><V75/><F75/><W56/><G7/><T80/><D80/><U77/><E77/><AGARI ba="0,0" hai="14,15,77,83,84,97,98,99" m="16457,31063" machi="77" ten="30,1000,0" yaku="8,1" doraHai="111" who="0" fromWho="1" sc="239,10,313,-10,229,0,219,0" /><INIT seed="2,0,0,0,5,56" ten="249,303,229,219" oya="2" hai0="7,121,113,130,88,76,57,70,96,116,78,126,34" hai1="99,49,17,63,16,115,120,47,72,40,71,74,100" hai2="128,111,64,30,29,48,27,38,42,37,21,6,51" hai3="36,135,59,89,86,84,124,101,98,55,105,123,108"/><V35/><F128/><W87/><G36/><T127/><D70/><U41/><E115/><V61/><F111/><W2/><G2/><T31/><D34/><U53/><E120/><V82/><F6/><W134/><G123/><T95/><D7/><U46/><E72/><V12/><F38/><W65/><G65/><T44/><D31/><U3/><E3/><V5/><F30/><W103/><G103/><T75/><D44/><U13/><E74/><V43/><F82/><W94/><G108/><T104/><D57/><U23/><E17/><V19/><F35/><W8/><G8/><T15/><D15/><U58/><E71/><V102/><F102/><W79/><G55/><T20/><D20/><U97/><REACH who="1" step="1"/><E100/><REACH who="1" ten="249,293,229,219" step="2"/><V9/><F29/><W68/><G68/><T114/><D121/><U106/><E106/><V125/><F125/><N who="0" m="47626" /><D75/><U32/><E32/><V0/><F0/><W33/><G33/><T22/><D22/><U122/><E122/><V118/><F118/><W91/><G124/><T77/><D116/><U109/><E109/><V129/><F129/><W11/><G11/><T54/><D130/><U45/><E45/><V1/><F1/><W62/><G105/><T107/><D107/><U119/><E119/><V4/><F4/><W28/><G28/><T25/><D104/><U14/><E14/><V69/><F69/><W50/><G59/><T26/><D26/><U66/><E66/><V18/><F5/><W60/><G79/><T24/><D24/><U67/><E67/><V112/><F112/><N who="0" m="43114" /><D25/><U52/><E52/><AGARI ba="0,1" hai="52,54,76,77,78,88,95,96" m="43114,47626" machi="52" ten="40,5200,0" yaku="18,1,54,2" doraHai="56" who="0" fromWho="1" sc="249,62,293,-52,229,0,219,0" /><INIT seed="3,0,0,1,4,93" ten="311,241,229,219" oya="3" hai0="57,79,53,61,20,110,78,74,24,112,101,41,76" hai1="134,117,30,48,17,38,132,73,126,92,80,68,70" hai2="2,122,115,40,123,3,50,108,85,114,107,12,63" hai3="54,22,60,15,83,118,72,28,91,19,69,18,130"/><W71/><G118/><T6/><D110/><U42/><E117/><V119/><F119/><W67/><G130/><T36/><D112/><U9/><E126/><V129/><F129/><W120/><G120/><N who="2" m="46121" /><F108/><W102/><G28/><T33/><D33/><U124/><E124/><V8/><F107/><W89/><G71/><T49/><D6/><U133/><E38/><V135/><F135/><W75/><G54/><T105/><D36/><U5/><E30/><V116/><F116/><W98/><G75/><T131/><D131/><U87/><E17/><V81/><F63/><W34/><G34/><T55/><D41/><U121/><E121/><V31/><F31/><W25/><G83/><T27/><D74/><U62/><E62/><V26/><F26/><W59/><G69/><T128/><D128/><U14/><E73/><V88/><F40/><W111/><G72/><T56/><REACH who="0" step="1"/><D20/><REACH who="0" ten="301,241,229,219" step="2"/><U43/><E43/><V44/><F114/><W109/><G111/><T99/><AGARI ba="0,1" hai="24,27,49,53,55,56,57,61,76,78,79,99,101,105" machi="99" ten="30,7900,0" yaku="1,1,2,1,0,1,52,1,53,0" doraHai="93" doraHaiUra="13" who="0" fromWho="0" sc="301,89,241,-20,229,-20,219,-39" /><INIT seed="4,0,0,1,5,67" ten="390,221,209,180" oya="0" hai0="129,32,73,39,45,131,3,36,96,133,79,121,57" hai1="26,59,71,97,13,94,75,83,120,22,108,2,19" hai2="7,31,118,111,4,66,127,5,23,70,123,58,92" hai3="91,69,116,11,113,85,87,14,28,38,64,89,93"/><T90/><D32/><U53/><E120/><V43/><F123/><W20/><G116/><T114/><D3/><U130/><E130/><V46/><F111/><W30/><G38/><T61/><D121/><U8/><E108/><V115/><F118/><W0/><G0/><T40/><D133/><U29/><E75/><V101/><F115/><W102/><G102/><T125/><D73/><U99/><E83/><V117/><F117/><W119/><G119/><T104/><D79/><U126/><E126/><V42/><F127/><W68/><G64/><T128/><D114/><U88/><E97/><V106/><F106/><W95/><G113/><T37/><D125/><U52/><E53/><V109/><F109/><W124/><G124/><T1/><D1/><U62/><E2/><V134/><F134/><W72/><G72/><T122/><D122/><U103/><REACH who="1" step="1"/><E71/><REACH who="1" ten="390,211,209,180" step="2"/><V60/><F70/><W55/><G55/><N who="0" m="33983" /><D104/><U9/><E9/><V12/><F46/><W47/><G47/><T44/><D96/><U82/><E82/><V77/><F77/><W21/><G11/><T51/><D90/><AGARI ba="0,1" hai="8,13,19,22,26,29,52,59,62,88,90,94,99,103" machi="90" ten="40,8000,1" yaku="1,1,8,1,54,2,53,1" doraHai="67" doraHaiUra="24" who="1" fromWho="0" sc="390,-80,211,90,209,0,180,0" /><INIT seed="5,0,0,2,3,73" ten="310,301,209,180" oya="1" hai0="19,51,18,65,11,97,13,68,117,104,102,25,85" hai1="99,39,116,88,14,0,26,77,109,118,127,79,44" hai2="52,129,53,45,93,1,4,82,108,20,21,87,105" hai3="49,128,103,100,81,112,33,17,107,71,83,8,78"/><U75/><E0/><V122/><F108/><W22/><G33/><T42/><D117/><U70/><E70/><V119/><F119/><W41/><G71/><T12/><D25/><U111/><E75/><V91/><F122/><W101/><G128/><T9/><D85/><U29/><E127/><V60/><F105/><W58/><G112/><T55/><D42/><N who="1" m="22623" /><E14/><V120/><F120/><W64/><G83/><T37/><D37/><U38/><E38/><V54/><F129/><W50/><G8/><T62/><D51/><U95/><E116/><V89/><F45/><W31/><G31/><T61/><D61/><U66/><E66/><V40/><F40/><W134/><G134/><T27/><D27/><U115/><E115/><V98/><REACH who="2" step="1"/><F60/><REACH who="2" ten="310,301,199,180" step="2"/><W132/><G107/><T80/><D55/><U94/><E118/><V10/><AGARI ba="0,1" hai="1,4,10,20,21,52,53,54,82,87,89,91,93,98" machi="10" ten="30,8000,1" yaku="1,1,2,1,0,1,54,1,53,1" doraHai="73" doraHaiUra="76" who="2" fromWho="2" sc="310,-20,301,-40,199,90,180,-20" /><INIT seed="6,0,0,5,3,33" ten="290,261,289,160" oya="2" hai0="28,122,83,73,67,74,19,97,64,93,43,4,103" hai1="54,17,96,95,101,119,91,99,10,80,124,53,12" hai2="81,9,123,58,105,60,104,116,75,61,56,134,87" hai3="8,57,102,130,27,131,41,111,66,1,106,52,120"/><V113/><F116/><W45/><G120/><T38/><D122/><U59/><E119/><V132/><F123/><W0/><G111/><T85/><D28/><U11/><E124/><V71/><F71/><W114/><G114/><T3/><D73/><U23/><E80/><V20/><F113/><W118/><G118/><T94/><D19/><U90/><E54/><V32/><F32/><W49/><G8/><N who="0" m="2079" /><D93/><U18/><E18/><V109/><F75/><W34/><G66/><T24/><D85/><U50/><REACH who="1" step="1"/><E90/><REACH who="1" ten="290,251,289,160" step="2"/><V22/><F109/><W51/><G102/><T31/><D67/><U30/><E30/><V89/><F132/><W135/><G135/><T78/><D64/><U72/><E72/><V48/><F134/><W5/><G5/><T84/><D84/><U117/><E117/><V79/><F89/><W46/><G46/><N who="0" m="23927" /><D31/><U68/><E68/><V110/><F110/><W63/><G63/><T125/><D24/><U25/><E25/><V42/><F61/><W35/><G27/><T39/><D125/><U55/><E55/><V44/><F58/><W86/><G86/><T2/><D39/><U88/><E88/><V13/><F56/><W65/><G65/><T112/><D112/><U133/><E133/><V128/><F60/><W21/><G21/><T98/><D97/><U100/><E100/><V14/><F22/><W29/><G29/><T77/><D77/><U121/><E121/><V37/><F37/><W69/><G69/><T36/><D36/><U82/><E82/><V129/><F20/><W127/><G127/><T108/><D108/><U40/><E40/><RYUUKYOKU ba="0,1" sc="290,15,251,15,289,-15,160,-15" hai0="2,74,78,83,94,98,103" hai1="10,11,12,17,23,50,53,59,91,95,96,99,101" /><INIT seed="7,1,1,3,1,97" ten="305,266,274,145" oya="3" hai0="41,130,91,55,64,61,12,81,90,133,57,66,31" hai1="0,39,17,53,134,80,69,28,60,89,9,112,102" hai2="124,99,14,18,62,129,111,98,119,68,13,20,127" hai3="118,83,33,87,86,4,44,88,115,75,59,96,78"/><W125/><G118/><T101/><D130/><U26/><E39/><V84/><F119/><W126/><G33/><T77/><D133/><U46/><E134/><V11/><F111/><W58/><G4/><T56/><D41/><U21/><E112/><V24/><F129/><W22/><G22/><T106/><D31/><U42/><E42/><V3/><F3/><W45/><G115/><T6/><D106/><U2/><E2/><V32/><F32/><W27/><G27/><T1/><D1/><U103/><E69/><V38/><F38/><W85/><G58/><T108/><D108/><U51/><E60/><V116/><F116/><W120/><G59/><T95/><D66/><U110/><E110/><V131/><F131/><W105/><G45/><T109/><D109/><U48/><E48/><V107/><F14/><W19/><G19/><T37/><D37/><U50/><E50/><V74/><F74/><W47/><G47/><T113/><D113/><U92/><E80/><V76/><F68/><W123/><G44/><T122/><D122/><N who="3" m="46633" /><G105/><T100/><D12/><N who="1" m="7311" /><E0/><V5/><F62/><W73/><G73/><N who="0" m="43183" /><D6/><U65/><E65/><V43/><F43/><W8/><G8/><T52/><D57/><U30/><E30/><V36/><F36/><W121/><N who="3" m="46641" /><W67/><DORA hai="71" /><G67/><T132/><D132/><U23/><E23/><V93/><F107/><W94/><AGARI ba="1,1" hai="75,78,83,85,86,87,88,94,96,125,126" m="46641" machi="94" ten="50,9600,0" yaku="34,2,54,1" doraHai="97,71" who="3" fromWho="3" sc="305,-33,266,-33,274,-33,145,109" /><INIT seed="7,2,0,4,2,4" ten="272,233,241,254" oya="3" hai0="88,40,79,18,104,49,74,51,87,26,63,86,46" hai1="14,29,71,35,38,109,28,64,98,124,117,0,115" hai2="31,66,112,101,59,2,103,54,121,122,32,76,41" hai3="97,37,120,55,100,39,73,84,83,81,58,60,105"/><W45/><G120/><N who="2" m="46185" /><F112/><W126/><G126/><T61/><D104/><U8/><E109/><V65/><F2/><W123/><G123/><T33/><D74/><U119/><E124/><V9/><F41/><W96/><G96/><T67/><D79/><U90/><E115/><V52/><F76/><W44/><G44/><N who="0" m="25735" /><D86/><U16/><E38/><V94/><F54/><W95/><G45/><T36/><D33/><U48/><E48/><V125/><F125/><W110/><G110/><T131/><D131/><U114/><E114/><V24/><F9/><W70/><G70/><T93/><D67/><N who="2" m="25610" /><F94/><W15/><G15/><T92/><D36/><U68/><E0/><V99/><F99/><W77/><REACH who="3" step="1"/><G83/><REACH who="3" ten="272,233,241,244" step="2"/><T34/><D93/><N who="1" m="56631" /><E71/><V27/><F27/><W113/><G113/><T106/><D106/><U78/><E68/><V62/><AGARI ba="2,1" hai="24,31,32,52,59,62,101,103" m="25610,46185" machi="62" ten="30,2000,0" yaku="13,1,54,1" doraHai="4" who="2" fromWho="2" sc="272,-7,233,-7,241,36,244,-12" /><INIT seed="8,0,0,4,2,7" ten="265,226,277,232" oya="0" hai0="79,78,90,83,40,19,104,39,97,46,120,33,58" hai1="111,114,29,95,26,52,56,32,69,2,86,88,74" hai2="42,17,108,113,34,109,82,103,124,20,1,85,121" hai3="4,18,50,21,93,25,73,14,54,8,70,94,44"/><T116/><D120/><U65/><E111/><V134/><F121/><W60/><REACH who="3" step="1"/><G73/><REACH who="3" ten="265,226,277,222" step="2"/><T100/><D116/><U72/><E114/><V16/><F113/><W27/><G27/><T57/><D33/><U5/><E69/><V67/><F34/><W30/><G30/><T28/><D28/><U131/><E131/><V49/><F108/><W81/><G81/><T66/><D19/><U125/><E125/><V61/><F17/><W47/><G47/><T112/><D112/><U41/><E65/><AGARI ba="0,1" hai="4,8,14,18,21,25,44,50,54,60,65,70,93,94" machi="65" ten="40,5200,0" yaku="21,2,52,1,53,0" doraHai="7" doraHaiUra="71" who="3" fromWho="1" sc="265,0,226,-52,277,0,222,62" /><INIT seed="9,0,0,1,4,43" ten="265,174,277,284" oya="1" hai0="82,80,78,53,5,74,90,87,21,100,59,131,97" hai1="128,11,116,28,46,54,84,85,36,63,33,88,133" hai2="73,34,26,135,32,123,92,29,72,109,107,93,24" hai3="39,89,19,68,15,9,96,40,75,106,134,0,42"/><U104/><E116/><V125/><F109/><W76/><G68/><T122/><D131/><U56/><E104/><V129/><F123/><W67/><G67/><T61/><D122/><U124/><E128/><V25/><F107/><W58/><G58/><T10/><D21/><U16/><E133/><V111/><F129/><W2/><G42/><T35/><D35/><U23/><E124/><V69/><F111/><W14/><G134/><T49/><D100/><U77/><E77/><V1/><F135/><W132/><G132/><T101/><D101/><U38/><E33/><V30/><F69/><W114/><G114/><T13/><D97/><U41/><E28/><V27/><F1/><W83/><G106/><T51/><AGARI ba="0,0" hai="5,10,13,49,51,53,59,61,74,78,80,82,87,90" machi="51" ten="30,1100,0" yaku="0,1" doraHai="43" who="0" fromWho="0" sc="265,11,174,-5,277,-3,284,-3" /><INIT seed="10,0,0,2,1,56" ten="276,169,274,281" oya="2" hai0="16,94,34,104,112,122,125,64,5,66,110,88,92" hai1="46,2,69,14,26,20,8,119,133,113,23,124,62" hai2="43,123,9,32,128,80,129,57,58,83,106,77,21" hai3="70,93,91,24,30,72,18,40,85,13,127,76,126"/><V95/><F123/><W74/><G40/><T53/><D104/><U6/><E119/><V121/><F121/><W22/><G70/><T50/><D34/><U52/><E133/><V59/><F106/><W111/><G111/><T27/><D122/><U3/><E124/><V49/><F32/><W115/><G115/><T114/><D110/><U101/><E113/><V86/><F95/><W109/><G109/><T89/><D125/><N who="3" m="47625" /><G76/><T103/><D5/><U35/><E101/><V17/><F9/><AGARI ba="0,0" hai="9,13,18,22,24,30,72,74,85,91,93" m="47625" machi="9" ten="30,1000,0" yaku="18,1" doraHai="56" who="3" fromWho="2" sc="276,0,169,0,274,-10,281,10" /><INIT seed="11,0,0,3,0,101" ten="276,169,264,291" oya="3" hai0="107,79,91,85,90,19,14,102,74,44,26,68,63" hai1="1,86,31,89,67,96,73,122,39,82,127,93,83" hai2="35,20,80,76,95,13,24,133,52,32,123,61,104" hai3="65,131,48,43,132,50,121,125,47,77,116,9,38"/><W64/><G121/><T88/><D26/><U33/><E39/><V27/><F104/><W17/><G116/><T10/><D74/><U69/><E1/><V78/><F13/><W81/><G125/><T49/><D107/><U11/><E11/><V55/><F95/><W4/><G17/><T3/><D102/><U114/><E122/><V60/><F80/><W46/><G132/><T119/><D3/><U57/><E114/><V94/><F94/><W8/><G131/><T29/><D29/><U105/><E127/><V37/><F123/><W42/><G38/><T87/><D119/><U40/><E40/><V129/><F37/><W21/><G21/><T130/><D130/><U45/><E45/><V59/><F129/><W22/><G22/><T112/><D112/><U7/><E7/><V100/><F100/><W28/><G28/><T41/><REACH who="0" step="1"/><D79/><REACH who="0" ten="266,169,264,291" step="2"/><U75/><E73/><V118/><F118/><W15/><G8/><T126/><D126/><U110/><E110/><V124/><F124/><W128/><G128/><T72/><D72/><AGARI ba="0,1" hai="4,9,15,42,43,46,47,48,50,64,65,72,77,81" machi="72" ten="30,2900,0" yaku="7,1,9,1" doraHai="101" who="3" fromWho="0" sc="266,-29,169,0,264,0,291,39" owari="237,-16.0,169,-33.0,264,6.0,330,43.0" /></mjloggm>