<mjloggm ver="2.3"><GO type="97" lobby="0"/><UN n0="%E3%82%A6%E3%83%AB%E3%83%88%E3%83%A9%E7%AB%8B%E7%9B%B4" n1="%73%77%61%79" n2="%6F%72%69%73%68%69%6E%61" n3="%E3%83%86%E3%83%AA%E3%82%84%E3%81%8D%E3%83%90%E3%83%BC%E3%82%AC%E3%83%BC" dan="15,13,14,14" rate="1996.89,1854.10,1900.78,1957.23" sx="M,F,F,M"/><TAIKYOKU oya="0"/><INIT seed="0,0,0,2,2,47" ten="250,250,250,250" oya="0" hai0="64,43,3,82,83,49,6,14,74,113,19,25,53" hai1="107,106,112,105,71,39,70,100,26,78,67,36,126" hai2="12,125,132,29,133,2,0,41,16,102,69,96,131" hai3="103,57,51,123,99,120,20,87,4,77,1,59,42"/><T116/><D116/><U40/><E100/><V27/><F69/><N who="1" m="26121" /><E67/><V86/><F41/><W55/><G42/><T128/><D113/><U50/><E78/><V5/><F125/><W8/><G20/><T23/><D128/><U17/><E17/><V68/><F68/><W38/><G38/><N who="1" m="14378" /><E26/><V80/><F131/><W58/><G87/><T44/><D64/><U37/><E50/><V33/><F5/><W124/><G124/><T31/><D74/><U9/><E9/><V32/><F32/><W63/><G77/><T127/><D127/><U7/><E7/><V85/><F96/><W48/><G63/><T93/><D93/><U15/><E15/><V108/><F102/><W114/><G114/><T135/><D135/><N who="2" m="51786" /><F108/><W21/><G21/><T101/><D101/><U62/><E62/><V61/><F61/><W56/><REACH who="3" step="1"/><G51/><REACH who="3" ten="250,250,250,240" step="2"/><T18/><D43/><U45/><E126/><V84/><F80/><W60/><G60/><T88/><D82/><U35/><E112/><V11/><AGARI ba="0,1" hai="0,2,11,12,16,27,29,33,84,85,86" m="51786" machi="11" ten="30,2000,0" yaku="20,1,54,1" doraHai="47" who="2" fromWho="2" sc="250,-10,250,-5,250,30,240,-5" /><INIT seed="1,0,0,1,2,129" ten="240,245,280,235" oya="1" hai0="101,6,4,42,113,62,49,70,88,21,37,63,115" hai1="41,92,117,108,56,86,107,110,127,27,11,17,73" hai2="79,95,43,80,105,78,24,26,65,135,128,58,98" hai3="28,130,103,96,100,16,67,66,10,39,52,8,45"/><U124/><E107/><V54/><F105/><W90/><G39/><T69/><D101/><U30/><E73/><V15/><F65/><N who="3" m="24587" /><G130/><T97/><D49/><U109/><E41/><V23/><F128/><W118/><G118/><T126/><D21/><N who="1" m="15727" /><E117/><V89/><F43/><W2/><G2/><T57/><D42/><U5/><E56/><V61/><F135/><W93/><G28/><T36/><D57/><U119/><E119/><V38/><F38/><W114/><G8/><T68/><D68/><U82/><E92/><V31/><F80/><W0/><G0/><T77/><D126/><N who="1" m="48171" /><E17/><N who="2" m="12399" /><F15/><N who="3" m="7287" /><G114/><T102/><D70/><U40/><E40/><V123/><F123/><W99/><G96/><T3/><D97/><U22/><E22/><AGARI ba="0,0" hai="22,26,31,54,58,61,78,79,89,95,98" m="12399" machi="22" ten="30,2000,0" yaku="25,1,8,1" doraHai="129" who="2" fromWho="1" sc="240,0,245,-20,280,20,235,0" /><INIT seed="2,0,0,3,2,58" ten="240,225,300,235" oya="2" hai0="107,99,40,62,106,88,45,33,25,86,51,109,61" hai1="101,35,52,38,92,90,71,117,69,121,5,73,7" hai2="44,23,41,0,91,68,32,122,50,102,57,53,75" hai3="34,20,103,31,9,114,36,108,16,132,77,80,12"/><V98/><F75/><W89/><G108/><T124/><D109/><U4/><E38/><V128/><F0/><W129/><G114/><T123/><D123/><U26/><E121/><V2/><F32/><W66/><G36/><T55/><D124/><U76/><E117/><V94/><F2/><W24/><G129/><T49/><D33/><U113/><E101/><V1/><F1/><W82/><G132/><T14/><D106/><U83/><E113/><V130/><F68/><W64/><G34/><T72/><D72/><U56/><E26/><V17/><F122/><W47/><G103/><T119/><D119/><U8/><E8/><V79/><F79/><W112/><G112/><T63/><D25/><U84/><REACH who="1" step="1"/><E35/><REACH who="1" ten="240,215,300,235" step="2"/><V46/><F130/><W100/><G100/><T133/><D133/><U13/><E13/><V96/><F128/><W11/><G9/><T42/><D14/><U81/><E81/><V18/><F102/><W19/><G80/><N who="0" m="49223" /><D107/><U3/><E3/><V78/><F94/><W127/><G127/><T126/><D126/><U104/><E104/><V48/><F78/><W70/><G77/><T65/><D65/><U67/><E67/><N who="3" m="25642" /><G70/><T135/><D135/><U37/><E37/><V125/><F125/><W43/><G82/><T6/><D6/><U29/><E29/><V30/><F30/><W93/><G31/><T131/><D131/><U116/><E116/><V110/><F91/><W118/><G118/><T27/><D27/><U95/><E95/><V59/><F110/><W39/><G93/><T105/><D105/><U134/><E134/><V87/><F18/><RYUUKYOKU ba="0,1" sc="240,-15,215,15,300,-15,235,15" hai1="4,5,7,52,56,69,71,73,76,83,84,90,92" hai3="11,12,16,19,20,24,39,43,47,89" /><INIT seed="3,1,1,3,2,59" ten="225,230,285,250" oya="3" hai0="8,33,73,15,7,98,113,17,105,82,116,57,47" hai1="130,118,86,76,111,36,27,110,53,4,77,92,35" hai2="74,29,100,106,79,127,62,99,119,37,24,95,31" hai3="87,5,71,134,34,56,64,102,16,32,28,49,41"/><W72/><G72/><T125/><D33/><U23/><E36/><V61/><F37/><W66/><G134/><T121/><D121/><U109/><E35/><V104/><F119/><W108/><G71/><T51/><D116/><U42/><E118/><V50/><F127/><W94/><G108/><T133/><D125/><U126/><E42/><V39/><F39/><W122/><G122/><T30/><D133/><U89/><E126/><V103/><F29/><W63/><G66/><T38/><D30/><U101/><E130/><V65/><F65/><W12/><G5/><T18/><D113/><U69/><E69/><V40/><F95/><W2/><G2/><T6/><D38/><U112/><E4/><N who="0" m="1577" /><D73/><U78/><E101/><V46/><F79/><W83/><G28/><T123/><D105/><U58/><E112/><V91/><F91/><N who="3" m="51711" /><G32/><T1/><D1/><U10/><E10/><V13/><F74/><W20/><G34/><T135/><D135/><U44/><E44/><V124/><F124/><W45/><G94/><T120/><D123/><U52/><E58/><V68/><F68/><W97/><G97/><T129/><D120/><U128/><E128/><V60/><F103/><AGARI ba="1,1" hai="12,16,20,41,45,49,56,63,64,102,103" m="51711" machi="103" ten="30,5800,0" yaku="8,1,52,1,54,1" doraHai="59" who="3" fromWho="2" sc="225,0,230,0,285,-61,250,71" owari="225,-17.0,230,3.0,224,-28.0,321,42.0" /></mjloggm>