<mjloggm ver="2.3"><GO type="97" lobby="0"/><UN n0="%E3%82%AA%E3%82%AF%E3%83%A9%E3%82%B2%E3%83%AD%E6%98%9F%E4%BA%BA" n1="%E6%A0%84%E5%86%A0" n2="%66%69%63%6B%6C%65" n3="%E5%B0%B1%E6%B4%BB%E7%94%9F%40%E5%B7%9D%E6%9D%91%E8%BB%8D%E5%9B%A3" dan="13,14,15,14" rate="1870.02,1963.54,1914.66,1961.79" sx="M,M,M,M"/><TAIKYOKU oya="0"/><INIT seed="0,0,0,3,2,4" ten="250,250,250,250" oya="0" hai0="6,71,10,72,102,43,32,29,90,132,20,58,42" hai1="76,77,73,57,93,38,86,111,124,81,69,135,27" hai2="103,26,101,120,8,70,2,35,97,40,15,14,16" hai3="99,22,74,45,83,53,85,117,88,18,50,5,65"/><T21/><D132/><U64/><E69/><V121/><F70/><W47/><G117/><T95/><D71/><U1/><E1/><V84/><F2/><W66/><G74/><T94/><D72/><U52/><E64/><V119/><F119/><W3/><G47/><T59/><D32/><U11/><E38/><V118/><F118/><W130/><G130/><T12/><D102/><U31/><E135/><V96/><F40/><N who="0" m="15402" /><D95/><U33/><E124/><V129/><F129/><W68/><G68/><T106/><D106/><U51/><E111/><V78/><F35/><W114/><G114/><T75/><D75/><U55/><E73/><V23/><F121/><W133/><G133/><T54/><D29/><U25/><E25/><V67/><F67/><W134/><G134/><T19/><D6/><U87/><E55/><V91/><F120/><W49/><G49/><N who="0" m="31055" /><D59/><U116/><E116/><V126/><F126/><W89/><G5/><T107/><D107/><U48/><E48/><V128/><F128/><W44/><G3/><T30/><D30/><U104/><E104/><V60/><F60/><W9/><G45/><T37/><D37/><U56/><E56/><V123/><F123/><W24/><G65/><T62/><D62/><U109/><E109/><V41/><F41/><W92/><G66/><T112/><D112/><U0/><E93/><V46/><F46/><W39/><G39/><T125/><D125/><U80/><E0/><V63/><F63/><W100/><G100/><T36/><D36/><U113/><E113/><V108/><F103/><W17/><G17/><T105/><D105/><RYUUKYOKU ba="0,0" sc="250,10,250,10,250,-30,250,10" hai0="10,12,19,20,21,90,94" hai1="11,27,31,33,51,52,57,76,77,80,81,86,87" hai3="9,18,22,24,44,50,53,83,85,88,89,92,99" /><INIT seed="0,1,0,0,3,61" ten="260,260,220,260" oya="0" hai0="13,28,57,38,69,107,98,62,46,132,49,70,24" hai1="5,8,103,129,126,33,30,14,73,35,92,116,45" hai2="53,25,89,9,17,119,87,16,43,42,109,41,113" hai3="34,3,0,31,108,134,96,112,50,86,81,19,131"/><T65/><D132/><U2/><E73/><V56/><F113/><W39/><G112/><T104/><D38/><U122/><E122/><V83/><F109/><W95/><G39/><T20/><D13/><U88/><E116/><V52/><F119/><W36/><G36/><T120/><D120/><U124/><E103/><V7/><F25/><W80/><G34/><T94/><D107/><U97/><E30/><V84/><F84/><W111/><G31/><T54/><REACH who="0" step="1"/><D104/><REACH who="0" ten="250,260,220,260" step="2"/><U90/><E14/><N who="2" m="5439" /><F53/><W78/><G134/><T133/><D133/><U100/><E2/><V135/><F135/><W63/><G3/><T48/><D48/><AGARI ba="1,1" hai="16,17,41,42,43,48,52,56,83,87,89" m="5439" machi="48" ten="30,3900,0" yaku="8,1,54,2" doraHai="61" who="2" fromWho="0" sc="250,-42,260,0,220,52,260,0" /><INIT seed="1,0,0,5,1,98" ten="208,260,272,260" oya="1" hai0="26,24,78,20,94,70,82,9,61,11,25,29,101" hai1="111,128,93,66,75,22,72,34,95,124,14,64,135" hai2="73,48,90,55,87,18,59,21,74,8,52,68,88" hai3="13,30,108,76,46,104,47,80,45,36,31,42,121"/><U7/><E34/><V10/><F68/><W126/><G121/><T5/><D70/><U51/><E124/><V117/><F117/><W4/><G104/><T99/><D61/><U0/><E0/><V81/><F74/><W35/><G126/><T58/><D58/><U112/><E112/><V129/><F129/><W109/><G36/><T50/><D50/><U38/><E38/><V131/><F131/><W39/><G39/><T125/><D125/><U89/><E128/><V33/><F33/><W60/><G42/><T77/><D77/><U122/><E122/><V37/><F37/><W132/><G60/><T96/><D96/><U123/><E123/><V134/><F134/><W79/><G132/><T19/><D29/><U97/><E135/><V86/><F55/><W91/><G91/><T43/><D43/><U27/><E75/><V119/><F119/><W105/><G105/><T100/><D100/><U57/><E72/><V23/><F73/><W28/><G35/><T133/><D133/><U17/><E95/><N who="2" m="54679" /><F23/><W32/><G32/><T49/><D49/><U114/><E114/><V115/><F115/><W71/><G71/><T6/><D6/><U54/><E111/><N who="3" m="42570" /><G80/><T56/><D56/><U110/><E110/><V118/><F118/><W53/><G53/><T85/><REACH who="0" step="1"/><D11/><AGARI ba="0,0" hai="7,11,14,17,22,27,51,54,57,64,66,89,93,97" machi="11" ten="40,2000,0" yaku="8,1" doraHai="98" who="1" fromWho="0" sc="208,-20,260,20,272,0,260,0" /><AGARI ba="0,0" hai="4,11,13,28,30,31,45,46,47,76,79" m="42570" machi="11" ten="40,1300,0" yaku="14,1" doraHai="98" who="3" fromWho="0" sc="188,-13,280,0,272,0,260,13" /><INIT seed="1,1,0,1,5,9" ten="175,280,272,273" oya="1" hai0="102,110,91,52,47,44,75,86,3,112,118,130,50" hai1="122,46,134,78,84,80,43,0,115,17,37,90,59" hai2="72,48,76,77,23,109,25,100,105,13,31,30,41" hai3="94,63,89,83,8,12,66,33,15,131,34,123,107"/><U67/><E115/><V54/><F41/><W21/><G107/><T106/><D75/><U5/><E122/><V128/><F109/><W57/><G123/><T32/><D118/><U40/><E40/><V45/><F128/><W99/><G131/><T10/><D32/><U71/><E71/><V96/><F72/><W62/><G83/><T81/><D110/><U95/><E134/><V55/><F30/><W125/><G125/><T42/><D130/><U104/><E104/><V2/><F2/><W127/><G127/><T87/><D112/><U113/><E113/><V27/><F27/><W20/><G63/><T92/><D106/><U133/><E133/><V60/><F60/><W26/><G21/><T1/><D102/><U39/><E5/><V135/><F135/><W126/><G126/><T18/><D18/><U58/><E0/><V79/><F54/><W19/><REACH who="3" step="1"/><G26/><REACH who="3" ten="175,280,272,263" step="2"/><T88/><REACH who="0" step="1"/><D10/><REACH who="0" ten="165,280,272,263" step="2"/><U129/><E129/><V4/><F105/><W101/><G101/><T108/><D108/><U49/><E67/><V28/><F100/><W82/><G82/><T121/><D121/><U103/><E103/><V117/><F31/><W53/><G53/><T56/><D56/><U36/><REACH who="1" step="1"/><E17/><AGARI ba="1,2" hai="8,12,15,17,19,20,33,34,57,62,66,89,94,99" machi="17" ten="30,7700,0" yaku="1,1,7,1,52,2,53,0" doraHai="9" doraHaiUra="124" who="3" fromWho="1" sc="165,0,280,-80,272,0,263,100" /><INIT seed="2,0,0,5,0,20" ten="165,200,272,363" oya="2" hai0="57,40,74,23,0,113,130,28,51,108,36,125,42" hai1="33,129,59,26,91,2,123,93,78,61,49,7,112" hai2="17,87,88,77,95,10,38,104,37,22,53,116,121" hai3="58,21,128,105,96,119,106,127,120,55,39,92,60"/><V45/><F116/><W72/><G72/><T131/><D74/><U99/><E129/><N who="0" m="49161" /><D0/><U65/><E112/><V35/><F35/><W100/><G120/><T68/><D113/><U84/><E123/><V109/><F121/><W101/><G119/><T103/><D103/><U107/><E107/><V8/><F109/><W114/><G39/><T9/><D9/><U133/><E133/><V89/><F104/><W81/><G114/><T1/><D1/><U135/><E135/><V31/><F77/><W13/><G100/><T5/><D5/><U19/><E7/><V132/><F132/><W30/><G127/><T117/><D28/><U56/><E2/><V48/><F89/><W80/><G128/><T134/><D23/><U66/><E33/><V46/><F31/><W97/><G105/><T4/><D134/><U3/><E3/><V126/><F126/><W102/><G30/><T41/><D4/><U70/><E49/><N who="2" m="28847" /><F38/><W82/><G21/><T83/><D83/><U79/><E70/><V75/><F37/><W98/><G13/><T12/><D12/><U94/><E78/><V124/><F75/><W76/><G98/><T47/><D125/><U54/><E79/><V44/><F124/><W63/><G76/><T62/><D108/><U69/><E69/><V86/><F86/><W11/><G11/><N who="2" m="4137" /><F48/><W90/><G90/><T111/><D111/><U24/><E84/><V34/><F34/><W15/><G63/><T122/><D122/><U14/><E91/><V118/><F118/><W73/><G73/><T52/><D117/><U6/><E61/><V64/><F64/><AGARI ba="0,0" hai="36,40,41,42,47,51,52,57,62,64,68" m="49161" machi="64" ten="30,12000,2" yaku="6,1,24,1,19,1,34,2,54,1" doraHai="20" who="0" fromWho="2" sc="165,120,200,0,272,-120,363,0" /><INIT seed="3,0,0,3,5,100" ten="285,200,152,363" oya="3" hai0="22,99,123,133,2,78,6,98,124,72,54,60,58" hai1="129,56,101,29,111,15,38,39,105,33,81,69,64" hai2="31,47,114,11,112,4,106,10,57,61,93,53,62" hai3="85,16,45,74,36,88,115,42,127,49,135,46,84"/><W28/><G74/><T0/><D123/><U102/><E102/><V3/><F31/><W92/><G115/><T48/><D133/><U80/><E111/><V71/><F93/><W109/><G109/><T87/><D124/><U94/><E129/><V90/><F90/><W66/><G135/><T43/><D43/><U108/><E108/><V119/><F119/><W95/><G127/><T41/><D72/><U30/><E15/><V23/><F23/><W68/><G28/><T75/><D75/><U73/><E30/><V126/><F126/><W134/><G134/><T70/><D70/><U14/><E14/><V1/><F47/><W120/><G120/><T122/><D122/><U131/><E94/><V83/><F83/><W132/><G132/><T55/><D41/><U116/><E131/><V20/><F20/><W59/><G68/><T12/><D2/><U8/><E8/><V17/><F106/><W113/><G113/><T104/><D104/><U89/><E89/><V27/><F27/><W118/><G118/><T63/><D0/><U117/><E81/><V125/><F125/><W51/><G45/><T79/><D78/><N who="1" m="44111" /><E116/><V121/><F121/><W110/><G92/><T9/><D22/><U34/><E117/><V21/><F21/><W77/><G95/><T40/><D40/><U97/><E56/><V86/><F86/><W35/><G77/><T24/><D24/><N who="1" m="18599" /><E34/><V130/><F130/><W65/><G85/><T37/><D87/><U7/><E7/><V107/><F107/><W128/><G84/><T96/><D79/><U19/><E19/><V91/><F114/><RYUUKYOKU ba="0,0" sc="285,-10,200,30,152,-10,363,-10" hai1="38,39,64,69,97,101,105" owari="275,8.0,230,-17.0,142,-36.0,353,45.0" /></mjloggm>