<mjloggm ver="2.3"><GO type="97" lobby="0"/><UN n0="%E3%81%99%E3%81%9A%E3%82%81%E9%9A%8A%E9%95%B7" n1="%77%69%6E%73%65%72" n2="%E3%82%A6%E3%83%AB%E3%83%88%E3%83%A9%E7%AB%8B%E7%9B%B4" n3="%E7%B4%BA%E9%87%8E%E7%9C%9F%E7%90%B4" dan="13,13,14,15" rate="1879.26,1864.50,1941.57,1999.67" sx="F,M,M,F"/><TAIKYOKU oya="0"/><INIT seed="0,0,0,5,2,43" ten="250,250,250,250" oya="0" hai0="22,57,23,16,36,61,64,27,124,80,131,132,74" hai1="120,90,116,83,60,97,41,93,28,78,7,87,10" hai2="113,39,5,30,128,56,53,133,125,91,102,130,100" hai3="99,129,77,103,1,25,14,127,73,58,13,26,15"/><T35/><D35/><U88/><E120/><V96/><F113/><W4/><G77/><T59/><D131/><N who="2" m="50218" /><F30/><W51/><G73/><T101/><D132/><U121/><E121/><V6/><F39/><W46/><G129/><T31/><D124/><U107/><E116/><V0/><F0/><W17/><G127/><T117/><D117/><U75/><E28/><V37/><F37/><W118/><G58/><T119/><D119/><U126/><E60/><V40/><F40/><N who="3" m="25031" /><G1/><T79/><D36/><U47/><E126/><V66/><F66/><W92/><G118/><T81/><D81/><U71/><E71/><V108/><F133/><W86/><G86/><T49/><D101/><N who="2" m="39018" /><F125/><W44/><G4/><N who="2" m="1641" /><F108/><W65/><G65/><T70/><REACH who="0" step="1"/><D49/><REACH who="0" ten="240,250,250,250" step="2"/><U52/><E107/><V12/><F12/><AGARI ba="0,1" hai="12,16,22,23,27,31,57,59,61,64,70,74,79,80" machi="12" ten="30,11600,0" yaku="1,1,2,1,7,1,54,1,53,0" doraHai="43" doraHaiUra="122" who="0" fromWho="2" sc="240,126,250,0,250,-116,250,0" /><INIT seed="0,1,0,2,2,123" ten="366,250,134,250" oya="0" hai0="43,94,103,61,53,73,58,95,7,13,126,84,33" hai1="120,57,71,55,118,131,80,4,42,8,93,81,12" hai2="62,133,60,1,50,31,83,78,59,10,85,19,130" hai3="28,105,36,127,102,63,86,76,107,77,64,30,98"/><T24/><D73/><U38/><E120/><V9/><F130/><W124/><G36/><T104/><D104/><U117/><E71/><V14/><F133/><W27/><G107/><T89/><D126/><N who="3" m="48169" /><G86/><T134/><D134/><U115/><E115/><V129/><F129/><W87/><G87/><T121/><D121/><U15/><E131/><V56/><F31/><N who="3" m="11819" /><G27/><T18/><D33/><U48/><E42/><V2/><F50/><W88/><G88/><N who="0" m="53511" /><D103/><U68/><E38/><V54/><REACH who="2" step="1"/><F10/><REACH who="2" ten="366,250,124,250" step="2"/><W6/><G6/><T45/><D7/><U128/><E128/><V135/><F135/><W116/><G116/><T79/><D61/><U47/><E118/><V25/><F25/><W74/><G74/><T26/><D24/><U5/><E117/><V52/><AGARI ba="1,1" hai="1,2,9,14,19,52,54,56,59,60,62,78,83,85" machi="52" ten="20,8000,1" yaku="1,1,0,1,7,1,9,1,54,1,53,0" doraHai="123" doraHaiUra="3" who="2" fromWho="2" sc="366,-41,250,-21,124,93,250,-21" /><INIT seed="1,0,0,3,3,123" ten="325,229,217,229" oya="1" hai0="98,116,65,102,93,117,128,91,69,129,105,11,6" hai1="34,13,40,14,47,12,10,62,83,132,60,94,85" hai2="124,107,31,118,90,79,39,53,88,120,74,76,66" hai3="33,16,101,71,28,99,52,100,19,115,67,50,48"/><U131/><E34/><V103/><F53/><W3/><G3/><N who="0" m="479" /><D91/><N who="2" m="34858" /><F31/><W104/><G115/><T82/><D82/><U106/><E106/><V38/><F66/><W7/><G7/><T75/><D75/><U36/><E132/><V35/><F35/><W29/><G50/><T114/><D114/><U119/><E119/><N who="0" m="45641" /><D93/><U72/><E131/><N who="0" m="50249" /><D65/><U70/><E94/><V95/><F39/><W127/><G101/><T108/><D69/><U0/><E72/><V87/><F38/><W43/><G67/><T135/><D135/><U49/><E70/><V51/><F51/><W56/><G71/><T73/><D73/><U26/><E36/><V25/><F118/><W9/><G100/><T58/><D58/><U125/><E62/><V59/><F59/><W42/><G56/><T113/><D113/><U110/><E60/><V30/><F74/><W77/><G48/><T41/><D41/><U8/><E40/><V27/><F95/><W109/><G43/><T24/><D24/><U68/><E26/><V45/><F27/><W37/><G42/><T81/><D81/><U63/><E68/><V112/><F25/><W61/><G37/><T4/><D4/><U55/><E63/><V23/><F112/><W80/><G61/><T97/><D97/><U130/><E130/><V2/><F103/><W96/><G96/><T20/><D20/><U32/><E49/><V89/><F23/><W15/><G99/><T122/><D122/><U84/><E83/><V111/><F79/><W17/><G80/><T92/><D105/><U126/><E55/><V78/><N who="2" m="34866" /><V44/><DORA hai="64" /><F78/><RYUUKYOKU ba="0,0" sc="325,30,229,-10,217,-10,229,-10" hai0="92,98,102,108" /><INIT seed="2,1,0,3,0,110" ten="355,219,207,219" oya="2" hai0="121,130,129,7,100,90,89,63,64,94,58,21,105" hai1="39,106,19,25,35,53,122,56,113,81,40,61,111" hai2="71,48,118,114,70,74,102,23,101,41,55,115,9" hai3="131,123,44,88,78,93,84,85,125,69,119,12,67"/><V24/><F74/><W1/><G119/><T18/><D121/><U43/><E111/><V86/><F118/><W97/><G1/><T75/><D75/><U26/><E122/><V52/><F9/><W2/><G2/><T66/><D7/><U47/><E106/><V87/><F48/><W104/><G123/><T15/><D66/><U29/><E43/><V36/><F41/><W120/><G104/><T46/><D46/><U10/><E26/><V83/><F24/><W16/><G120/><T98/><REACH who="0" step="1"/><D90/><REACH who="0" ten="345,219,207,219" step="2"/><U92/><E81/><V33/><F83/><W133/><G67/><T4/><D4/><U62/><E92/><V77/><F77/><W54/><G78/><T72/><D72/><U38/><E38/><V17/><F36/><W20/><G93/><T6/><D6/><U27/><E29/><V68/><F23/><W109/><G20/><T80/><D80/><U108/><E35/><V117/><F117/><W13/><G44/><T95/><D95/><U127/><E108/><V99/><F33/><W82/><G109/><T31/><D31/><U135/><E127/><V32/><F32/><W128/><G125/><T91/><D91/><U34/><E34/><V3/><F3/><W126/><G88/><T60/><D60/><U65/><E62/><V73/><F73/><W5/><G126/><T11/><D11/><U107/><E65/><V124/><F124/><W76/><G82/><T51/><D51/><U14/><E107/><V59/><F17/><W45/><G16/><T57/><D57/><U22/><E10/><V79/><F59/><W132/><G76/><RYUUKYOKU ba="1,1" sc="345,30,219,-10,207,-10,219,-10" hai0="15,18,21,58,63,64,89,94,98,100,105,129,130" /><INIT seed="3,2,1,2,5,135" ten="375,209,197,209" oya="3" hai0="73,87,76,51,109,78,101,14,35,121,134,8,11" hai1="24,22,88,40,84,96,132,128,115,93,19,69,95" hai2="49,75,111,15,127,68,5,108,48,98,117,104,46" hai3="18,0,70,100,105,21,23,103,130,83,59,123,67"/><W60/><G123/><T71/><D71/><U79/><E132/><V17/><F68/><W89/><G0/><T42/><D109/><N who="2" m="42058" /><F117/><W50/><G105/><T47/><D121/><U124/><E69/><V9/><F75/><W12/><G130/><T113/><D35/><U126/><E128/><V120/><F120/><W72/><G72/><T13/><D73/><U64/><E64/><V81/><F81/><W114/><G114/><T55/><D101/><N who="3" m="38985" /><G70/><T41/><D134/><U119/><E119/><V28/><F104/><W102/><N who="3" m="38993" /><W106/><DORA hai="3" /><G106/><T91/><D113/><U29/><E115/><V26/><F98/><W7/><G50/><N who="2" m="19561" /><F46/><W52/><G7/><N who="0" m="3231" /><D42/><U90/><E40/><V31/><F127/><N who="1" m="48681" /><E79/><V86/><F86/><N who="3" m="50399" /><G21/><AGARI ba="2,1" hai="5,9,15,17,21,26,28,31" m="19561,42058" machi="21" ten="30,2000,0" yaku="14,1,52,1" doraHai="135,3" who="2" fromWho="3" sc="375,0,209,0,197,36,209,-26" owari="375,48.0,209,-19.0,233,3.0,183,-32.0" /></mjloggm>