<mjloggm ver="2.3"><GO type="193" lobby="0"/><UN n0="%6B%6F%6D%65%38%38" n1="%50%2F%50" n2="%E5%B0%B1%E6%B4%BB%E7%94%9F%40%E5%B7%9D%E6%9D%91%E8%BB%8D%E5%9B%A3" n3="%74%65%6E%68%61%77" dan="12,11,12,11" rate="1630.71,1549.10,1756.60,1643.24" sx="M,M,M,M"/><TAIKYOKU oya="0"/><INIT seed="0,0,0,0,1,19" ten="250,250,250,250" oya="0" hai0="126,103,51,54,45,29,30,130,20,104,68,28,114" hai1="3,96,27,23,0,62,80,133,64,120,88,65,131" hai2="52,112,70,91,46,129,32,33,67,132,1,135,61" hai3="97,42,7,121,48,53,81,69,41,77,85,22,4"/><T100/><D114/><U49/><E120/><V124/><F1/><W92/><G121/><T2/><D2/><U75/><E133/><N who="2" m="51275" /><F112/><W72/><G72/><T101/><D130/><U82/><E131/><V8/><F129/><W105/><G105/><T11/><D126/><U44/><E75/><V71/><F124/><W43/><G69/><T110/><D110/><U40/><E0/><V37/><F71/><W79/><G79/><T57/><D104/><U123/><E123/><V106/><F106/><W102/><REACH who="3" step="1"/><G22/><REACH who="3" ten="250,250,250,240" step="2"/><T50/><D68/><U122/><E122/><V117/><F117/><W76/><G76/><T111/><D111/><U47/><E3/><V63/><F33/><W86/><G86/><T93/><D11/><U60/><E47/><AGARI ba="0,1" hai="4,7,41,42,43,47,48,53,77,81,85,92,97,102" machi="47" ten="40,5200,0" yaku="1,1,8,1,53,1" doraHai="19" doraHaiUra="98" who="3" fromWho="1" sc="250,0,250,-52,250,0,240,62" /><INIT seed="1,0,0,1,1,87" ten="250,198,250,302" oya="1" hai0="31,11,131,120,79,63,56,86,32,62,75,0,89" hai1="85,3,92,50,117,96,24,29,61,21,78,34,100" hai2="46,19,95,41,107,47,23,52,73,42,55,111,98" hai3="83,84,118,59,38,36,30,69,76,39,112,135,10"/><U25/><E3/><V91/><F107/><W18/><G112/><T26/><D120/><U64/><E117/><V82/><F111/><W8/><G118/><T122/><D122/><U104/><E50/><V15/><F73/><W123/><G123/><T49/><D131/><U93/><E24/><V105/><F105/><W72/><G69/><T33/><D33/><U65/><E21/><V14/><F82/><W101/><G101/><T110/><D110/><U121/><E121/><V4/><F4/><W9/><G30/><T113/><D113/><U94/><REACH who="1" step="1"/><E61/><REACH who="1" ten="250,188,250,302" step="2"/><V27/><F27/><W129/><G129/><T60/><D0/><U134/><E134/><V2/><F2/><W43/><G135/><T81/><D49/><U35/><E35/><V58/><F14/><W54/><G18/><T57/><REACH who="0" step="1"/><D11/><REACH who="0" ten="240,188,250,302" step="2"/><U7/><E7/><V103/><F41/><W40/><REACH who="3" step="1"/><G72/><REACH who="3" ten="240,188,250,292" step="2"/><T124/><D124/><U116/><E116/><V74/><F74/><W125/><G125/><T106/><D106/><U67/><E67/><V97/><F19/><W130/><G130/><T132/><D132/><U114/><E114/><V6/><F6/><W102/><G102/><T5/><D5/><U16/><E16/><V128/><F103/><W20/><G20/><T88/><D88/><U66/><E66/><V1/><F23/><W53/><G53/><T127/><D127/><U108/><E108/><V51/><F55/><W13/><G13/><T99/><D99/><U115/><E115/><V68/><F97/><W80/><G80/><AGARI ba="0,3" hai="26,31,32,56,57,60,62,63,75,79,80,81,86,89" machi="80" ten="40,2600,0" yaku="1,1,52,1,53,0" doraHai="87" doraHaiUra="17" who="0" fromWho="3" sc="240,56,188,0,250,0,292,-26" /><AGARI ba="0,0" hai="25,29,34,64,65,78,80,85,92,93,94,96,100,104" machi="80" ten="40,2000,0" yaku="1,1,53,0" doraHai="87" doraHaiUra="17" who="1" fromWho="3" sc="296,0,188,20,250,0,266,-20" /><INIT seed="1,1,0,2,2,111" ten="296,208,250,246" oya="1" hai0="107,63,75,90,71,104,62,41,45,125,14,106,7" hai1="18,22,135,124,5,33,98,67,24,60,20,116,27" hai2="4,64,113,95,81,126,83,114,66,76,51,88,108" hai3="55,97,118,35,50,85,123,36,48,128,102,44,59"/><U58/><E116/><V93/><F108/><W122/><G118/><T16/><D75/><U89/><E135/><V86/><F4/><W53/><G35/><T80/><D71/><U49/><E124/><V127/><F51/><W96/><G128/><T52/><D7/><U91/><E33/><V70/><F70/><W54/><G36/><T99/><D125/><N who="2" m="47626" /><F64/><W26/><G26/><T73/><D73/><U12/><E5/><V21/><F21/><W112/><G55/><T40/><D40/><U117/><E117/><V6/><F66/><W129/><G129/><T25/><D25/><N who="1" m="9803" /><E49/><V17/><F17/><W69/><G69/><T61/><D80/><U3/><E3/><V121/><F6/><W56/><G44/><T92/><D41/><U68/><E68/><V87/><F121/><W0/><G0/><T72/><D72/><U43/><E43/><V120/><F120/><W79/><G79/><T133/><D133/><U109/><E109/><V8/><F8/><W131/><G131/><T15/><D15/><U82/><E82/><V32/><F32/><W13/><G13/><T37/><D37/><U2/><E2/><V19/><F19/><W9/><G9/><T39/><D39/><U23/><E98/><V132/><F132/><W34/><G34/><T110/><D110/><U30/><E30/><V29/><F29/><W134/><G134/><T38/><D38/><U94/><E94/><AGARI ba="1,0" hai="76,81,83,86,87,88,93,94,95,113,114" m="47626" machi="94" ten="30,12000,2" yaku="18,1,34,2,52,2,54,1" doraHai="111" who="2" fromWho="1" sc="296,0,208,-123,250,123,246,0" /><INIT seed="2,0,0,4,4,85" ten="296,85,373,246" oya="2" hai0="88,23,70,68,73,27,113,119,95,33,16,107,133" hai1="93,46,14,81,62,26,84,102,55,40,57,115,98" hai2="103,82,121,7,74,12,83,100,48,127,4,59,89" hai3="90,31,97,2,38,54,99,36,123,122,25,18,6"/><V76/><F121/><W44/><G38/><T71/><D119/><U52/><E115/><V78/><F127/><W92/><G99/><T43/><D73/><U114/><E114/><V129/><F129/><W29/><G29/><T42/><D107/><U128/><E128/><V116/><F116/><W72/><G72/><T11/><D133/><U109/><E109/><V105/><F105/><W17/><G2/><T1/><D113/><U110/><E110/><V118/><F118/><W32/><G6/><T79/><D79/><U108/><E108/><V77/><F59/><W50/><REACH who="3" step="1"/><G36/><REACH who="3" ten="296,85,373,236" step="2"/><T111/><D111/><U66/><E14/><V64/><F74/><W34/><G34/><T87/><D33/><U96/><E96/><V101/><F7/><W19/><AGARI ba="0,1" hai="17,18,19,25,31,32,44,50,54,90,92,97,122,123" machi="19" ten="30,8000,1" yaku="1,1,0,1,52,1,53,2" doraHai="85" doraHaiUra="117" who="3" fromWho="3" sc="296,-20,85,-20,373,-40,236,90" /><INIT seed="3,0,0,4,2,116" ten="276,65,333,326" oya="3" hai0="119,16,109,131,77,76,27,135,60,4,58,23,121" hai1="120,63,32,104,49,17,112,2,14,128,108,8,83" hai2="13,47,22,36,89,64,48,33,61,74,54,29,44" hai3="87,50,11,1,9,115,75,19,70,37,67,113,39"/><W114/><G75/><T92/><D119/><U124/><E32/><V118/><F118/><W57/><G70/><T59/><D109/><U21/><E104/><V40/><F33/><W55/><G67/><T103/><D135/><U106/><E106/><V38/><F74/><W20/><G1/><T105/><D105/><U42/><E128/><V72/><F72/><W129/><G129/><T43/><D43/><U68/><E124/><V85/><F38/><W0/><G0/><T132/><D132/><U122/><E112/><V6/><F6/><W73/><G73/><T79/><D131/><U86/><E108/><V90/><F85/><W66/><G66/><T125/><D125/><U84/><E63/><V52/><F54/><W107/><G107/><T99/><D4/><U80/><E68/><V26/><F13/><W7/><G87/><T98/><D121/><U25/><E2/><V34/><F34/><W45/><G7/><T110/><D110/><U65/><E65/><V78/><F78/><W91/><G91/><T111/><D111/><U51/><E42/><V56/><AGARI ba="0,0" hai="22,26,29,36,40,44,47,48,52,56,61,64,89,90" machi="56" ten="20,2700,0" yaku="0,1,7,1,54,1" doraHai="116" who="2" fromWho="2" sc="276,-7,65,-7,333,27,326,-13" owari="269,-13.0,58,-44.0,360,46.0,313,11.0" /></mjloggm>