<mjloggm ver="2.3"><GO type="41" lobby="0"/><UN n0="%E5%B0%B1%E6%B4%BB%E7%94%9F%40%E5%B7%9D%E6%9D%91%E8%BB%8D%E5%9B%A3" n1="%E5%AE%87%E5%96%9C%E5%A4%9A%E4%B8%87%E9%87%8C%E9%A6%99" n2="%E3%82%A2%E3%83%BC%E3%83%AD%E3%83%B3%E3%83%94%E3%82%A2%E3%83%BC%E3%82%B9" n3="%E5%90%8D%E7%84%A1%E3%81%97%EF%BC%A0%E5%B7%9D%E6%9D%91%E8%BB%8D%E5%9B%A3" dan="15,15,14,13" rate="1996.29,2019.95,1935.43,1845.94" sx="M,M,M,M"/><TAIKYOKU oya="0"/><INIT seed="0,0,0,0,2,13" ten="250,250,250,250" oya="0" hai0="90,25,97,67,129,39,62,16,26,52,24,79,78" hai1="37,8,80,84,132,82,22,2,119,96,6,106,10" hai2="66,68,99,33,92,120,116,40,47,50,14,131,110" hai3="0,18,72,64,117,126,95,17,93,88,27,55,21"/><T53/><D39/><U71/><E119/><V125/><F120/><W38/><G117/><T65/><D129/><U114/><E114/><V115/><F115/><W4/><G72/><T94/><D65/><U43/><E71/><V48/><F33/><W12/><G38/><T73/><D73/><U9/><E132/><V83/><F116/><W36/><G36/><T103/><D90/><U23/><E82/><V107/><F107/><W133/><G126/><T134/><D134/><U57/><E57/><V34/><F125/><W32/><G133/><T121/><D121/><U58/><E58/><V54/><F34/><W5/><G64/><T46/><D16/><N who="3" m="6249" /><G0/><T60/><D60/><U104/><E9/><V135/><F135/><W109/><G32/><T30/><D30/><U41/><E96/><V76/><F14/><W44/><G109/><T28/><D28/><U35/><E35/><V49/><F110/><W59/><G44/><T89/><D103/><U63/><E63/><V111/><F111/><W7/><G12/><T29/><D29/><U105/><E10/><V15/><F15/><W11/><G11/><T102/><D102/><U87/><E87/><V74/><F131/><W51/><G88/><T61/><D61/><U70/><E37/><V45/><F68/><W108/><G108/><T81/><D46/><U20/><E70/><V101/><F66/><W85/><G85/><N who="0" m="48311" /><D79/><U113/><E113/><V130/><F130/><W77/><G77/><T56/><AGARI ba="0,0" hai="24,25,26,52,53,56,62,67,89,94,97" m="48311" machi="56" ten="30,3000,0" yaku="8,1,54,1" doraHai="13" who="0" fromWho="0" sc="250,30,250,-10,250,-10,250,-10" /><INIT seed="0,1,0,4,5,82" ten="280,240,240,240" oya="0" hai0="74,72,75,16,27,131,10,101,1,26,108,112,53" hai1="123,59,3,28,80,83,39,121,134,0,25,89,70" hai2="46,90,49,12,84,130,32,2,73,132,117,114,60" hai3="43,5,24,37,107,40,52,79,67,100,98,51,92"/><T71/><D112/><U21/><E70/><V129/><F73/><W42/><G67/><T19/><D71/><U68/><E68/><V34/><F2/><W86/><G5/><T113/><D113/><U17/><E39/><V18/><F114/><W54/><G37/><T77/><D77/><U4/><E134/><V58/><F117/><W50/><G24/><T6/><D131/><N who="2" m="50186" /><F132/><W81/><G107/><T13/><D101/><U11/><E0/><V110/><F110/><W36/><G36/><T95/><D108/><U62/><E28/><V97/><F97/><W102/><G102/><T116/><D116/><U47/><E47/><V44/><F44/><W31/><G31/><T104/><D104/><U48/><E48/><AGARI ba="1,0" hai="40,42,43,48,50,51,52,54,79,81,86,92,98,100" machi="48" ten="40,5200,0" yaku="8,1,52,1,54,1" doraHai="82" who="3" fromWho="1" sc="280,0,240,-55,240,0,240,55" /><INIT seed="1,0,0,0,5,40" ten="280,185,240,295" oya="1" hai0="8,119,92,2,118,69,127,98,76,95,93,49,135" hai1="34,33,5,70,54,18,104,107,121,35,77,57,19" hai2="30,73,15,31,67,46,14,11,83,1,55,109,27" hai3="9,78,120,132,28,105,13,64,51,103,32,111,84"/><U116/><E121/><V45/><F109/><W3/><G120/><T88/><D69/><U50/><E116/><V79/><F67/><W38/><G111/><T62/><D127/><U22/><E70/><V7/><F55/><W113/><G38/><T85/><D135/><U126/><E126/><V26/><F1/><W52/><G3/><T71/><D118/><U0/><E77/><V10/><F27/><W12/><G132/><T128/><D128/><U101/><E101/><V44/><REACH who="2" step="1"/><F26/><REACH who="2" ten="280,185,230,295" step="2"/><W75/><G64/><T25/><D25/><U131/><E131/><V80/><F80/><W72/><G28/><T39/><D2/><U123/><E123/><V133/><F133/><W100/><G12/><T96/><D119/><U130/><E130/><V134/><F134/><W42/><G42/><T21/><D71/><U102/><E0/><V99/><F99/><W36/><G32/><T66/><D98/><U4/><E34/><V90/><F90/><W124/><G124/><T115/><D66/><U68/><E33/><V106/><F106/><W29/><G105/><T65/><D96/><U117/><E35/><V53/><F53/><W87/><G29/><T94/><D65/><U56/><E104/><V48/><F48/><W16/><G13/><T60/><D88/><U97/><E117/><V20/><F20/><W43/><G51/><T81/><D115/><U122/><E122/><V129/><F129/><W58/><G43/><T110/><D110/><U86/><E22/><V24/><F24/><W41/><G41/><T37/><N who="0" m="24064" /><DORA hai="6" /><T82/><D21/><U17/><E50/><RYUUKYOKU ba="0,1" sc="280,-10,185,-10,230,30,295,-10" hai2="7,10,11,14,15,30,31,44,45,46,73,79,83" /><INIT seed="2,1,1,5,2,43" ten="270,175,260,285" oya="2" hai0="88,29,27,92,69,34,125,84,58,48,19,112,44" hai1="121,107,14,103,78,71,45,89,90,18,67,46,98" hai2="52,106,83,21,57,128,24,40,13,38,68,64,9" hai3="12,50,81,35,59,22,132,16,4,63,60,82,117"/><V96/><F128/><W109/><G35/><T130/><D69/><U119/><E119/><V93/><F106/><W28/><G117/><T133/><D112/><U104/><E121/><V131/><F131/><W110/><G28/><T124/><D130/><U99/><E78/><V10/><F83/><N who="3" m="31755" /><G4/><T77/><D133/><U23/><E67/><V37/><F10/><W39/><G39/><T33/><D77/><U79/><E79/><V94/><F68/><W75/><G75/><T36/><D19/><U76/><E76/><V53/><F64/><W26/><G26/><T56/><D36/><U102/><E71/><V54/><F38/><W101/><G101/><T87/><D87/><U20/><E20/><V65/><F65/><W111/><G132/><T74/><D74/><U31/><E31/><N who="2" m="17807" /><F37/><W6/><G6/><T123/><D34/><U116/><E116/><V108/><F40/><W51/><G63/><T30/><D30/><U127/><E127/><N who="0" m="48713" /><D123/><U61/><E61/><N who="2" m="36007" /><F108/><N who="3" m="27651" /><W41/><DORA hai="73" /><G41/><AGARI ba="1,1" hai="27,29,33,41,44,48,56,58,84,88,92" m="48713" machi="41" ten="30,3900,0" yaku="18,1,52,1,54,1" doraHai="43,73" who="0" fromWho="3" sc="270,52,175,0,260,0,285,-42" /><INIT seed="3,0,0,4,2,35" ten="322,175,260,243" oya="3" hai0="29,90,130,124,50,31,100,84,3,27,40,74,101" hai1="39,103,43,135,86,109,96,83,116,66,61,134,16" hai2="67,120,81,0,110,13,115,79,114,72,128,36,63" hai3="18,121,49,23,78,28,106,37,21,133,26,22,132"/><W99/><G121/><T56/><D74/><U104/><E116/><V9/><F0/><W24/><G37/><T93/><D124/><U77/><E109/><V105/><F105/><W108/><G78/><T117/><D117/><U71/><E43/><V42/><F120/><W73/><G73/><T6/><D130/><U47/><E47/><V5/><F128/><W32/><G49/><T62/><D31/><U126/><E39/><V53/><F53/><W10/><G106/><T38/><D38/><U55/><E126/><V57/><F110/><W59/><G99/><T125/><D125/><U51/><E51/><V14/><REACH who="2" step="1"/><F13/><REACH who="2" ten="322,175,250,243" step="2"/><N who="3" m="7479" /><G108/><T65/><D3/><U4/><E55/><V118/><F118/><W119/><G119/><T30/><D40/><U85/><E4/><V2/><F2/><W44/><G44/><AGARI ba="0,1" hai="5,9,14,36,42,44,57,63,67,72,79,81,114,115" machi="44" ten="40,1300,0" yaku="1,1,53,0" doraHai="35" doraHaiUra="80" who="2" fromWho="3" sc="322,0,175,0,250,23,243,-13" /><INIT seed="4,0,0,3,4,33" ten="322,175,273,230" oya="0" hai0="131,15,20,98,40,97,67,28,107,110,48,112,12" hai1="126,50,115,75,77,101,117,43,6,71,26,2,44" hai2="96,14,95,63,29,86,27,5,57,99,76,0,79" hai3="80,35,85,64,17,30,10,81,69,36,114,124,39"/><T8/><D110/><U120/><E117/><V53/><F0/><W118/><G118/><T90/><D112/><U108/><E120/><V128/><F128/><W93/><G114/><T38/><D131/><U135/><E71/><V73/><F73/><W109/><G109/><T31/><D38/><U104/><E108/><V132/><F132/><W56/><G124/><T123/><D123/><U91/><E135/><V37/><F37/><W42/><G69/><T11/><D67/><U51/><E126/><V105/><F105/><W24/><G39/><T129/><D129/><U61/><E115/><V54/><F5/><W4/><G17/><T19/><D107/><U3/><E61/><V1/><F1/><W49/><G36/><T65/><D65/><U46/><E91/><V59/><F14/><W7/><G7/><T106/><D106/><U92/><E92/><V127/><F127/><W47/><G56/><T125/><D125/><U70/><E70/><V22/><F86/><W82/><G64/><T68/><D68/><U41/><E26/><V119/><F119/><W78/><REACH who="3" step="1"/><G93/><REACH who="3" ten="322,175,273,220" step="2"/><N who="0" m="56503" /><D98/><U130/><E6/><V21/><F21/><W83/><G83/><T52/><D20/><U18/><E130/><V94/><F95/><W122/><G122/><T87/><D28/><U55/><E46/><V121/><F121/><W74/><G74/><T111/><D31/><U113/><E44/><V45/><F45/><W116/><G116/><T134/><D111/><U32/><E75/><V16/><F29/><W9/><G9/><T58/><D134/><U133/><E133/><V84/><F94/><RYUUKYOKU ba="0,1" sc="322,-10,175,-10,273,-10,220,30" hai3="4,10,24,30,35,42,47,49,78,80,81,82,85" /><INIT seed="5,1,1,1,2,132" ten="312,165,263,250" oya="1" hai0="119,53,122,84,40,37,114,131,46,71,87,75,123" hai1="25,35,57,15,1,0,16,6,3,5,67,55,94" hai2="130,99,73,21,115,11,17,14,127,19,56,36,62" hai3="93,29,41,50,31,95,61,85,18,92,59,2,65"/><U45/><E67/><V80/><F36/><W89/><G2/><T121/><D75/><U104/><E104/><V4/><F115/><W86/><G18/><T113/><D71/><U112/><E45/><V96/><F130/><W120/><G120/><T48/><D119/><U74/><E74/><V47/><F47/><W81/><G86/><N who="0" m="32811" /><D131/><U30/><E94/><V12/><F127/><W20/><G20/><T79/><D79/><U103/><E103/><V49/><F49/><W10/><G10/><T111/><D111/><U82/><E82/><V60/><F73/><W58/><REACH who="3" step="1"/><G41/><REACH who="3" ten="312,165,263,240" step="2"/><T77/><D77/><U98/><E112/><N who="0" m="43113" /><D37/><U106/><E98/><V24/><F80/><W88/><G88/><T129/><D129/><U110/><E110/><V54/><REACH who="2" step="1"/><F60/><REACH who="2" ten="312,165,253,240" step="2"/><W126/><G126/><T52/><AGARI ba="1,3" hai="40,46,48,52,53,121,122,123" m="43113,32811" machi="52" ten="40,5200,0" yaku="13,1,15,1,54,1" doraHai="132" who="0" fromWho="0" sc="312,85,165,-27,253,-14,240,-14" /><INIT seed="6,0,0,3,2,82" ten="397,138,239,226" oya="2" hai0="133,128,120,31,3,96,11,44,29,99,90,25,40" hai1="132,30,16,32,123,92,14,126,35,93,45,103,104" hai2="80,1,130,2,60,78,70,112,88,116,111,55,49" hai3="53,66,46,42,13,108,122,94,61,4,98,100,38"/><V48/><F116/><W34/><G108/><T97/><D120/><U114/><E123/><V28/><F28/><W10/><G122/><T105/><D128/><U36/><E114/><V12/><F130/><W131/><G131/><T75/><D133/><U77/><E132/><V20/><F111/><W26/><G53/><T81/><D29/><U73/><E126/><V65/><F112/><W102/><G34/><T64/><D64/><U83/><E104/><V74/><F88/><W107/><G26/><T89/><D105/><U84/><E30/><V135/><F135/><W129/><G129/><T43/><D3/><U15/><E15/><V41/><F41/><W0/><G0/><T95/><D11/><U91/><E36/><V5/><F49/><W121/><G121/><T71/><D71/><U110/><E45/><V52/><F55/><W7/><G107/><T124/><D124/><U6/><E6/><V101/><F101/><W127/><G127/><T17/><D17/><U113/><E110/><V39/><F39/><W62/><G62/><T69/><D69/><U63/><E63/><V119/><F119/><W68/><REACH who="3" step="1"/><G102/><REACH who="3" ten="397,138,239,216" step="2"/><T59/><D43/><U24/><E24/><V115/><F115/><W72/><G72/><T9/><D25/><U118/><E113/><V58/><REACH who="2" step="1"/><F20/><REACH who="2" ten="397,138,229,216" step="2"/><W86/><G86/><N who="0" m="50383" /><D75/><U76/><E118/><V106/><F106/><W67/><G67/><T57/><D40/><U27/><E73/><V22/><F22/><W50/><G50/><T47/><D31/><N who="1" m="19583" /><E35/><V54/><F54/><W37/><G37/><T79/><D90/><U8/><E103/><RYUUKYOKU ba="0,2" sc="397,-30,138,10,229,10,216,10" hai1="8,14,16,76,77,83,84,91,92,93" hai2="1,2,5,12,48,52,58,60,65,70,74,78,80" hai3="4,7,10,13,38,42,46,61,66,68,94,98,100" /><INIT seed="6,1,2,0,3,88" ten="367,148,239,226" oya="2" hai0="64,37,116,121,98,66,115,67,79,6,10,122,50" hai1="105,102,130,72,51,30,40,134,83,34,0,114,29" hai2="3,38,128,20,1,46,74,120,61,93,44,42,19" hai3="133,7,106,118,117,55,90,113,111,109,9,82,127"/><V21/><F120/><W78/><G55/><T77/><D37/><U41/><E0/><V99/><F128/><W80/><G9/><T43/><D116/><N who="3" m="44649" /><G7/><T17/><D115/><U24/><E130/><V4/><F74/><N who="3" m="43095" /><G106/><T104/><D17/><U54/><E114/><V97/><F4/><W62/><G62/><T84/><D84/><U47/><E134/><V132/><F132/><W107/><G133/><T69/><D69/><U103/><E30/><V75/><F75/><W58/><G58/><T59/><D121/><U28/><E28/><V60/><F46/><W73/><G113/><T89/><D122/><U5/><E5/><V18/><F97/><W65/><G65/><T119/><D119/><U53/><E53/><V112/><F112/><W94/><G107/><T95/><D104/><U135/><E135/><V45/><F45/><W108/><G127/><T11/><D11/><U110/><E110/><V8/><F8/><W71/><G71/><T16/><D16/><U14/><E14/><V86/><F3/><W49/><G49/><T70/><D70/><U32/><E32/><V125/><F125/><W13/><G13/><N who="0" m="5335" /><D43/><U35/><E35/><V23/><F1/><W56/><G56/><T92/><D50/><U33/><E33/><V26/><F23/><W101/><G109/><T87/><D59/><U85/><E72/><V76/><F99/><N who="3" m="59639" /><G73/><T52/><D52/><U81/><E81/><V25/><F76/><W63/><G63/><T36/><D36/><U129/><E129/><V39/><F39/><W48/><G48/><T15/><D15/><U31/><E51/><RYUUKYOKU ba="1,2" sc="367,10,148,-30,239,10,226,10" hai0="64,66,67,77,79,87,89,92,95,98" hai2="18,19,20,21,25,26,38,42,44,60,61,86,93" hai3="82,90,108,111" /><INIT seed="6,2,2,5,5,74" ten="377,118,249,236" oya="2" hai0="86,101,53,43,102,13,125,32,134,31,14,131,11" hai1="51,28,123,83,91,30,100,120,87,70,20,63,65" hai2="99,54,108,105,115,130,40,118,24,93,124,21,73" hai3="62,117,126,67,47,16,135,17,4,8,82,119,98"/><V29/><F118/><W42/><G126/><T116/><D131/><U56/><E100/><N who="0" m="38505" /><D134/><U92/><E20/><V109/><F105/><W103/><G135/><T76/><D32/><U96/><E51/><V121/><F121/><W111/><G111/><N who="2" m="42569" /><F73/><W18/><G117/><T78/><D116/><U81/><E81/><V55/><F124/><W58/><G119/><T49/><D43/><U6/><E6/><V25/><F130/><W132/><G132/><T23/><D86/><U106/><E106/><V59/><F115/><W88/><G103/><T128/><D128/><U33/><E70/><V94/><F40/><W1/><G98/><T114/><D114/><U133/><E133/><V48/><F99/><W75/><G88/><T22/><D125/><U15/><E15/><N who="0" m="5641" /><D11/><U46/><E46/><N who="2" m="27927" /><F25/><W89/><G89/><T61/><D61/><AGARI ba="2,2" hai="21,24,29,55,59,61,93,94" m="27927,42569" machi="61" ten="30,1500,0" yaku="10,1" doraHai="74" who="2" fromWho="0" sc="377,-21,118,0,249,41,236,0" /><INIT seed="6,3,0,3,0,58" ten="356,118,290,236" oya="2" hai0="128,33,5,35,39,103,83,89,109,122,49,23,74" hai1="54,32,53,133,7,113,106,38,0,73,127,82,119" hai2="68,2,48,116,126,105,84,87,28,67,120,102,37" hai3="111,22,70,98,91,94,99,1,95,44,75,79,134"/><V76/><F120/><W20/><G70/><T45/><D39/><U13/><RYUUKYOKU type="yao9" ba="3,0" sc="356,0,118,0,290,0,236,0" hai1="0,7,13,32,38,53,54,73,82,106,113,119,127,133" /><INIT seed="6,4,0,3,3,55" ten="356,118,290,236" oya="2" hai0="98,58,126,28,131,115,42,38,51,47,53,81,50" hai1="96,79,75,60,128,117,130,80,6,40,127,86,77" hai2="37,68,23,107,3,122,85,124,10,21,61,84,52" hai3="125,64,95,129,39,91,49,121,110,36,43,56,112"/><V62/><F107/><W30/><G110/><T16/><D115/><U111/><E6/><V34/><F122/><W41/><G121/><T1/><D126/><U100/><E40/><V88/><F124/><W101/><G125/><T9/><D131/><U66/><E127/><V134/><F134/><W89/><G129/><T72/><D28/><U118/><E111/><V35/><F37/><W54/><G30/><T104/><D104/><U133/><E133/><V69/><F3/><W4/><G112/><T93/><D72/><U18/><E130/><V57/><F10/><W74/><G74/><T109/><D109/><U135/><E135/><V13/><F13/><W82/><G4/><T65/><D81/><U73/><E128/><V27/><F69/><W8/><G8/><T83/><D83/><U29/><E29/><V44/><F68/><W14/><G14/><N who="0" m="7247" /><D1/><U106/><E18/><V25/><F44/><W0/><G0/><T7/><D38/><U119/><REACH who="1" step="1"/><E79/><REACH who="1" ten="356,108,290,236" step="2"/><V103/><F35/><W71/><G36/><T113/><D42/><U67/><E67/><V78/><F34/><W59/><G39/><T2/><D65/><U32/><E32/><V102/><F78/><W120/><G41/><T24/><D7/><U87/><E87/><V70/><F70/><AGARI ba="4,1" hai="60,66,70,73,75,77,80,86,96,100,106,117,118,119" machi="70" ten="40,1300,0" yaku="1,1,53,0" doraHai="55" doraHaiUra="17" who="1" fromWho="2" sc="356,0,108,35,290,-25,236,0" /><INIT seed="7,0,0,2,0,5" ten="356,143,265,236" oya="3" hai0="4,78,52,18,134,117,69,34,71,66,72,45,101" hai1="11,57,131,26,3,96,100,115,24,97,17,79,27" hai2="59,130,102,128,6,88,122,99,112,94,22,68,54" hai3="110,90,113,2,21,19,119,104,44,13,67,15,49"/><W107/><G119/><T43/><D34/><U120/><E120/><V125/><F68/><W0/><G113/><T53/><D117/><U62/><E115/><V38/><F38/><W10/><G67/><T8/><D101/><U23/><E131/><N who="2" m="50219" /><F112/><W60/><G60/><N who="0" m="40135" /><D18/><U84/><E97/><V108/><F108/><W118/><G110/><T55/><D134/><U40/><E40/><V33/><F33/><W114/><G114/><T93/><D93/><U109/><E109/><V105/><F125/><W89/><G118/><T95/><D95/><U47/><E47/><V50/><F122/><W7/><G104/><T74/><D71/><U81/><E3/><V111/><F6/><W51/><G107/><T37/><D74/><U76/><E76/><V20/><F111/><W58/><G0/><N who="0" m="7" /><D53/><U129/><E129/><V39/><F39/><W65/><G2/><T121/><D121/><U85/><E85/><AGARI ba="0,0" hai="20,22,50,54,59,85,88,94,99,102,105" m="50219" machi="85" ten="30,2000,0" yaku="19,1,54,1" doraHai="5" who="2" fromWho="1" sc="356,0,143,-20,265,20,236,0" owari="356,45.0,123,-38.0,285,9.0,236,-16.0" /></mjloggm>