<mjloggm ver="2.3"><GO type="97" lobby="0"/><UN n0="%43%79%2F%43%62" n1="%E8%B5%A4%E3%81%84%4E%49%53%48%49" n2="%E3%82%A6%E3%83%AB%E3%83%88%E3%83%A9%E7%AB%8B%E7%9B%B4" n3="%E5%A4%A9%E6%89%8D%E9%BA%BB%E5%B0%86%E5%91%86%E5%91%86" dan="15,15,15,15" rate="1943.07,2031.35,2044.08,2008.71" sx="M,M,M,M"/><TAIKYOKU oya="0"/><INIT seed="0,0,0,0,1,119" ten="250,250,250,250" oya="0" hai0="111,77,73,99,71,49,35,134,56,103,39,69,91" hai1="58,4,76,104,122,60,5,82,19,81,121,129,78" hai2="86,36,17,117,63,61,90,54,124,12,80,57,62" hai3="30,65,108,114,46,127,8,43,112,135,48,96,33"/><T1/><D39/><U45/><E104/><V28/><F117/><W21/><G33/><T84/><D1/><U95/><E129/><V25/><F36/><W53/><G108/><T40/><D111/><U89/><E45/><V75/><F75/><W41/><G135/><T34/><D134/><U92/><E19/><V20/><REACH who="2" step="1"/><F124/><REACH who="2" ten="250,250,240,250" step="2"/><W26/><G127/><T94/><D35/><AGARI ba="0,1" hai="12,17,20,25,28,35,54,57,61,62,63,80,86,90" machi="35" ten="30,3900,0" yaku="1,1,2,1,7,1,53,0" doraHai="119" doraHaiUra="44" who="2" fromWho="0" sc="250,-39,250,0,240,49,250,0" /><INIT seed="1,0,0,1,3,82" ten="211,250,289,250" oya="1" hai0="61,2,18,117,113,133,98,50,91,1,8,119,88" hai1="14,6,58,135,120,112,53,39,102,28,12,73,93" hai2="21,46,128,33,97,40,85,30,60,79,51,115,134" hai3="47,80,43,83,0,62,108,129,94,24,65,64,29"/><U77/><E120/><V68/><F33/><W118/><G0/><T76/><D113/><U100/><E39/><V87/><F115/><W63/><G108/><T11/><D76/><U71/><E71/><V27/><F128/><W48/><G129/><T38/><D38/><U90/><E135/><V16/><F134/><W114/><G114/><T54/><D133/><U106/><E112/><V75/><F75/><W22/><G118/><T107/><D61/><U123/><E28/><V110/><F110/><W66/><G94/><T111/><D111/><U42/><E42/><V52/><F79/><W116/><G116/><N who="0" m="44619" /><D18/><U104/><E106/><V55/><F68/><W131/><G131/><T57/><D107/><U121/><E104/><V49/><F30/><W67/><REACH who="3" step="1"/><G62/><REACH who="3" ten="211,250,289,240" step="2"/><T81/><D2/><U26/><E121/><V70/><F60/><W10/><G10/><T92/><D1/><U78/><E123/><V101/><F70/><AGARI ba="0,1" hai="22,24,29,43,47,48,63,64,65,66,67,70,80,83" machi="70" ten="40,1300,0" yaku="1,1,53,0" doraHai="82" doraHaiUra="4" who="3" fromWho="2" sc="211,0,250,0,289,-13,240,23" /><INIT seed="2,0,0,5,2,93" ten="211,250,276,263" oya="2" hai0="9,63,96,52,85,132,43,101,13,32,130,1,70" hai1="14,73,74,116,89,38,134,123,35,42,0,53,83" hai2="109,121,111,27,15,78,97,100,79,48,76,16,131" hai3="133,22,115,5,113,28,104,102,118,122,135,94,108"/><V24/><F48/><W61/><G118/><T68/><D1/><U80/><E0/><V91/><F91/><W99/><G122/><T103/><D32/><U11/><E35/><V10/><F121/><W110/><G5/><T55/><D132/><N who="3" m="50761" /><G104/><T92/><D130/><U33/><E116/><V86/><F86/><W54/><G28/><T107/><D43/><U46/><E33/><V50/><F50/><W37/><G22/><T29/><D29/><U127/><E134/><V124/><F131/><W64/><G54/><N who="0" m="20523" /><D107/><U114/><E123/><V49/><F49/><W71/><G37/><T81/><D70/><U129/><E53/><V59/><F59/><W23/><G23/><T7/><D68/><U20/><E20/><V21/><F124/><W67/><G67/><T19/><D63/><U119/><E127/><V77/><N who="2" m="19968" /><DORA hai="2" /><V17/><REACH who="2" step="1"/><F27/><REACH who="2" ten="211,250,266,263" step="2"/><W3/><G3/><T47/><D101/><U30/><E129/><V75/><F75/><W105/><G94/><AGARI ba="0,1" hai="10,15,16,17,21,24,94,97,100,109,111" m="19968" machi="94" ten="50,9600,0" yaku="1,1,52,1,54,1,53,0" doraHai="93,2" doraHaiUra="57,117" who="2" fromWho="3" sc="211,0,250,0,266,106,263,-96" /><INIT seed="2,1,0,5,3,133" ten="211,250,372,167" oya="2" hai0="85,115,100,95,125,68,54,110,102,131,59,108,3" hai1="89,57,33,37,83,130,29,101,10,22,86,114,97" hai2="12,46,20,56,124,117,123,55,8,0,27,25,67" hai3="64,7,80,47,94,63,38,119,128,23,106,21,58"/><V19/><F67/><W24/><G119/><T81/><D3/><U113/><E37/><V40/><F123/><W53/><G106/><T48/><D68/><U41/><E33/><V109/><F117/><W32/><G128/><T28/><D131/><U118/><E41/><V99/><F99/><W121/><G121/><T79/><D115/><U62/><E130/><V17/><F109/><N who="0" m="42090" /><D28/><U104/><E10/><V4/><F46/><W76/><G7/><T72/><D125/><U71/><E71/><V15/><F40/><W69/><G94/><T49/><D49/><U18/><E29/><V42/><F42/><N who="3" m="22999" /><G24/><N who="2" m="9289" /><F55/><W73/><G32/><T122/><D122/><U36/><E36/><V96/><F56/><W50/><AGARI ba="1,0" hai="21,23,50,53,58,63,64,69,73,76,80" m="22999" machi="50" ten="30,1100,0" yaku="24,1" doraHai="133" who="3" fromWho="3" sc="211,-4,250,-4,372,-6,167,14" /><INIT seed="3,0,0,3,0,109" ten="207,246,366,181" oya="3" hai0="96,67,25,114,24,51,87,50,134,21,108,32,74" hai1="18,15,95,45,14,47,100,53,129,88,34,122,46" hai2="66,35,43,40,63,127,37,77,31,23,76,97,75" hai3="92,62,70,103,27,80,135,73,105,130,131,68,84"/><W133/><G105/><T89/><D74/><U55/><E34/><V6/><F23/><W36/><G73/><T8/><D108/><U29/><E29/><V85/><F85/><W123/><G36/><T13/><D134/><N who="3" m="51209" /><G123/><T101/><D67/><U48/><E122/><V2/><F77/><N who="3" m="46095" /><G27/><T111/><D111/><U115/><E100/><V104/><F76/><W3/><G3/><T124/><D124/><U113/><E14/><V39/><F127/><W118/><G118/><T49/><D32/><U78/><E78/><V94/><F75/><W117/><G117/><T7/><D21/><U128/><E15/><V54/><F39/><W79/><G79/><T19/><D114/><N who="1" m="43531" /><E18/><V20/><F6/><W125/><G125/><T112/><D112/><U12/><E12/><V59/><F2/><W26/><G26/><T22/><D96/><N who="1" m="57447" /><E48/><V102/><F35/><W9/><G9/><T69/><D101/><U72/><E72/><V56/><F104/><W65/><G70/><T0/><REACH who="0" step="1"/><D69/><REACH who="0" ten="197,246,366,181" step="2"/><U93/><E93/><AGARI ba="0,1" hai="0,7,8,13,19,22,24,25,49,50,51,87,89,93" machi="93" ten="40,5200,0" yaku="1,1,2,1,53,1" doraHai="109" doraHaiUra="82" who="0" fromWho="1" sc="197,62,246,-52,366,0,181,0" owari="259,6.0,194,-21.0,366,47.0,181,-32.0" /></mjloggm>