<mjloggm ver="2.3"><GO type="97" lobby="0"/><UN n0="%E3%81%A8%E3%81%82%E3%81%97%E3%81%8D" n1="%E3%82%A6%E3%83%AB%E3%83%88%E3%83%A9%E7%AB%8B%E7%9B%B4" n2="%E3%83%9F%E3%82%BF%E3%83%A2%E3%83%B3" n3="%E3%82%82%E3%82%87%E3%82%82%E3%81%A8%E3%81%9F%E3%81%91%E3%81%97" dan="14,14,13,13" rate="1885.51,1965.90,1856.37,1897.22" sx="M,M,M,F"/><TAIKYOKU oya="0"/><INIT seed="0,0,0,1,5,116" ten="250,250,250,250" oya="0" hai0="61,104,20,44,30,43,65,115,74,11,119,130,46" hai1="100,51,42,123,32,84,25,39,113,95,109,0,38" hai2="90,66,27,77,107,18,31,10,22,19,114,49,8" hai3="57,36,1,68,52,99,2,85,55,76,58,129,16"/><T122/><D119/><U72/><E51/><V3/><F107/><W67/><G129/><T121/><D115/><U4/><E84/><V117/><F117/><W97/><G36/><T60/><D104/><U23/><E95/><V124/><F77/><W6/><G68/><T92/><D74/><U47/><E23/><V111/><F114/><W26/><G67/><T101/><D130/><U14/><E14/><V62/><F124/><W70/><G70/><T37/><D44/><U54/><E54/><N who="3" m="20522" /><G1/><T131/><D131/><U63/><E63/><V80/><F111/><W125/><G125/><T96/><D11/><N who="1" m="2439" /><E113/><V132/><F132/><W45/><G6/><T98/><D98/><N who="3" m="37385" /><G2/><T79/><D79/><U105/><E109/><V83/><F3/><W28/><G28/><T17/><D61/><U89/><E39/><V34/><F49/><W33/><G45/><T75/><D75/><U40/><E40/><V21/><F34/><W94/><G33/><T82/><D82/><U5/><E5/><V35/><F83/><N who="3" m="47335" /><G94/><T118/><D118/><U12/><E72/><V71/><F80/><W59/><G59/><N who="0" m="37023" /><D17/><U53/><E47/><V93/><F19/><W106/><G106/><T48/><D48/><U13/><E38/><V81/><F18/><W87/><G87/><T86/><D86/><U15/><E32/><V120/><F81/><W110/><G110/><T112/><D112/><U73/><E73/><V7/><F7/><W29/><G29/><T50/><D37/><U133/><E105/><V91/><F31/><W108/><G108/><T69/><D69/><U78/><E78/><RYUUKYOKU ba="0,0" sc="250,15,250,-15,250,-15,250,15" hai0="20,30,43,46,50,92,96,101,121,122" hai3="16,26,57,58" /><INIT seed="0,1,0,5,1,113" ten="265,235,235,265" oya="0" hai0="123,33,78,67,90,76,20,40,58,57,44,88,18" hai1="32,28,48,94,112,12,118,10,80,26,120,127,5" hai2="103,133,128,83,2,60,71,134,124,125,107,36,96" hai3="114,50,56,130,43,61,99,59,121,31,81,62,79"/><T111/><D123/><U92/><E112/><V16/><F2/><W45/><G114/><T74/><D111/><U27/><E120/><V34/><F36/><W70/><G121/><T39/><D33/><U122/><E122/><V100/><F83/><W72/><G130/><T68/><D74/><U13/><E80/><V116/><F116/><W63/><G70/><T65/><D68/><U93/><E127/><N who="2" m="48715" /><F103/><W109/><G109/><T89/><D39/><U7/><E48/><V3/><F3/><W98/><G31/><T46/><D40/><U4/><E118/><V52/><F128/><W19/><G19/><T69/><D69/><U110/><E110/><V86/><F86/><W119/><G119/><T102/><D102/><U115/><E115/><V101/><F101/><W135/><G135/><T47/><D18/><U49/><E49/><V85/><F85/><W22/><G22/><T41/><D20/><U131/><E131/><V95/><F34/><W91/><G99/><T23/><D23/><U54/><E54/><V87/><F87/><W117/><G117/><T0/><D0/><U24/><E10/><V129/><F129/><W35/><G35/><T11/><D11/><U38/><E38/><V64/><F107/><W25/><G25/><AGARI ba="1,0" hai="4,5,7,12,13,24,25,26,27,28,32,92,93,94" machi="25" ten="50,3200,0" yaku="29,2" doraHai="113" who="1" fromWho="3" sc="265,0,235,35,235,0,265,-35" /><INIT seed="1,0,0,1,4,21" ten="265,270,235,230" oya="1" hai0="87,14,15,18,74,90,55,94,7,52,24,49,32" hai1="132,35,12,50,107,70,33,29,78,41,110,25,134" hai2="80,10,81,130,2,57,51,119,77,67,79,124,100" hai3="68,102,115,120,101,9,61,62,47,5,36,66,128"/><U114/><E107/><V37/><F119/><W13/><G120/><T92/><D74/><U31/><E70/><V76/><F37/><W75/><G115/><T20/><D32/><U105/><E105/><V96/><F2/><W89/><G75/><T45/><D7/><U84/><E114/><V69/><F10/><W38/><G128/><T108/><D108/><U125/><E110/><V99/><F130/><W97/><G62/><T22/><D22/><U118/><E118/><V126/><F69/><W56/><G68/><T82/><D55/><U19/><E125/><N who="2" m="48235" /><F100/><W46/><G38/><T58/><D58/><U54/><E41/><V8/><F8/><W34/><G34/><T27/><REACH who="0" step="1"/><D15/><REACH who="0" ten="255,270,235,230" step="2"/><U3/><E3/><V85/><F67/><W72/><G72/><T113/><D113/><U95/><E35/><V123/><F123/><W86/><G46/><T6/><D6/><U30/><E33/><V40/><F57/><W93/><G47/><T17/><D17/><U131/><E12/><V73/><F73/><W59/><G59/><T129/><D129/><U64/><E131/><V39/><F39/><W109/><G109/><T91/><D91/><N who="1" m="53735" /><E64/><V133/><F40/><W44/><G44/><T60/><D60/><U16/><E54/><V26/><F26/><AGARI ba="0,1" hai="14,18,20,24,26,27,45,49,52,82,87,90,92,94" machi="26" ten="40,12000,2" yaku="1,1,8,1,52,3,54,1,53,1" doraHai="21" doraHaiUra="43" who="0" fromWho="2" sc="255,130,270,0,235,-120,230,0" /><INIT seed="2,0,0,2,1,30" ten="385,270,115,230" oya="2" hai0="124,9,115,25,60,89,73,126,121,48,64,47,53" hai1="87,0,104,86,1,28,34,123,18,120,114,56,109" hai2="77,55,106,12,35,33,130,15,68,133,71,119,85" hai3="37,16,62,13,118,127,61,54,5,65,92,66,57"/><V41/><F119/><W19/><G118/><T102/><D121/><N who="1" m="46667" /><E104/><V46/><F106/><W122/><G122/><T29/><D115/><U42/><E114/><V79/><F133/><W52/><G37/><T69/><D73/><U97/><E109/><V108/><F130/><W22/><G127/><N who="0" m="48683" /><D9/><U116/><E116/><V51/><F108/><W40/><G40/><T107/><D89/><U6/><E42/><V36/><F85/><W78/><G78/><T131/><D131/><U96/><E56/><V23/><F79/><W24/><G5/><T58/><D102/><U128/><E18/><V80/><F15/><W75/><G75/><T67/><D107/><U72/><E72/><V82/><F12/><W27/><G92/><T38/><D38/><U113/><E113/><V112/><F23/><W59/><G27/><T70/><D67/><U50/><E50/><V17/><F17/><W101/><G101/><T76/><D76/><U31/><E128/><V3/><F3/><N who="1" m="1097" /><E6/><V98/><F98/><N who="1" m="37993" /><E28/><V95/><F95/><W84/><G84/><N who="1" m="32298" /><E31/><V10/><F112/><W117/><G117/><T99/><D99/><U100/><E100/><V88/><F10/><AGARI ba="0,0" hai="10,13,16,19,22,24,52,54,57,59,61,62,65,66" machi="10" ten="30,8000,1" yaku="7,1,9,1,8,1,54,2" doraHai="30" who="3" fromWho="2" sc="385,0,270,0,115,-80,230,80" /><INIT seed="3,0,0,2,5,107" ten="385,270,35,310" oya="3" hai0="32,4,112,121,55,92,72,48,38,75,105,102,82" hai1="51,59,104,10,15,91,7,76,6,33,94,110,133" hai2="36,58,21,53,106,18,132,98,17,56,127,86,5" hai3="12,80,131,8,2,35,27,93,23,88,29,22,116"/><W120/><G116/><T0/><D121/><U128/><E110/><V71/><F36/><W28/><G120/><T117/><D117/><U119/><E128/><V126/><F71/><W85/><G131/><T63/><D38/><U87/><E133/><V60/><F5/><W70/><G70/><T84/><D112/><U83/><E119/><V49/><F132/><W68/><G68/><T81/><D32/><U37/><E37/><V40/><F127/><W34/><G2/><T114/><D114/><U1/><E33/><V125/><F125/><W135/><G135/><T123/><D123/><U57/><E104/><V67/><F126/><W122/><G122/><T108/><D108/><U11/><REACH who="1" step="1"/><E51/><REACH who="1" ten="385,260,35,310" step="2"/><V66/><F106/><W31/><G35/><T99/><D48/><U118/><E118/><V30/><F40/><W14/><G34/><T90/><D63/><U54/><E54/><V61/><F86/><N who="3" m="52375" /><G27/><T109/><D109/><U95/><E95/><V115/><F115/><W25/><G25/><T74/><D55/><U20/><E20/><N who="3" m="7722" /><G8/><T100/><D0/><U41/><E41/><V96/><F30/><W77/><AGARI ba="0,1" hai="12,14,28,29,31,77,80,85" m="7722,52375" machi="77" ten="30,3000,0" yaku="8,1,54,1" doraHai="107" who="3" fromWho="3" sc="385,-10,260,-10,35,-10,310,40" /><INIT seed="3,1,0,3,2,99" ten="375,250,25,350" oya="3" hai0="65,37,73,22,120,35,12,105,108,69,40,130,104" hai1="13,11,94,98,133,26,95,59,8,10,38,1,52" hai2="97,20,55,93,78,121,131,67,132,42,5,49,7" hai3="53,89,122,107,135,112,46,39,24,126,9,101,92"/><W57/><G122/><T119/><RYUUKYOKU type="yao9" ba="1,0" sc="375,0,250,0,25,0,350,0" hai0="12,22,35,37,40,65,69,73,104,105,108,119,120,130" /><INIT seed="3,2,0,0,4,111" ten="375,250,25,350" oya="3" hai0="22,75,35,31,20,51,64,14,41,102,56,23,40" hai1="61,123,133,128,28,80,81,115,7,43,101,5,25" hai2="77,17,58,70,106,52,16,119,89,99,121,73,3" hai3="50,12,1,18,117,13,54,74,118,105,134,79,132"/><W127/><G105/><T39/><D75/><U4/><E123/><V59/><F119/><N who="3" m="45579" /><G1/><T65/><D35/><U46/><E128/><V69/><F121/><W30/><G127/><T67/><D39/><U126/><E126/><V63/><F3/><W29/><G79/><T26/><D102/><U100/><E133/><N who="3" m="51306" /><G74/><T42/><D14/><N who="3" m="5737" /><G18/><T15/><D15/><U72/><E72/><V92/><F77/><W0/><G0/><T48/><D56/><AGARI ba="2,0" hai="29,30,50,54,56" m="5737,51306,45579" machi="56" ten="30,1500,0" yaku="20,1" doraHai="111" who="3" fromWho="0" sc="375,-21,250,0,25,0,350,21" owari="354,15.0,250,-15.0,25,-47.0,371,47.0" /></mjloggm>