<mjloggm ver="2.3"><GO type="97" lobby="0"/><UN n0="%77%6F%6E%63%68%61%6E" n1="%E6%9C%8D%E9%83%A8%E6%96%87%E7%A5%A5" n2="%67%65%6D" n3="%E3%82%A6%E3%83%AB%E3%83%88%E3%83%A9%E7%AB%8B%E7%9B%B4" dan="13,13,14,14" rate="1866.11,1921.28,1900.56,1920.32" sx="M,M,F,M"/><TAIKYOKU oya="0"/><INIT seed="0,0,0,0,3,19" ten="250,250,250,250" oya="0" hai0="70,76,50,38,66,44,102,3,41,88,135,134,25" hai1="68,11,92,5,40,28,113,109,128,106,129,45,121" hai2="116,2,8,24,29,75,32,18,26,132,39,21,82" hai3="37,16,78,93,79,62,69,55,105,133,94,27,74"/><T4/><D102/><U52/><E106/><V49/><F39/><W91/><G37/><T83/><D70/><U67/><E121/><V12/><F49/><W117/><G105/><T126/><D66/><U48/><E113/><V84/><F75/><W46/><G69/><T51/><D126/><U20/><E109/><V122/><F82/><W127/><G74/><T35/><D4/><U33/><E33/><V36/><F84/><W81/><G133/><N who="0" m="50699" /><D3/><U31/><E92/><N who="3" m="35434" /><G127/><T9/><D9/><U60/><E40/><V53/><F53/><W107/><G107/><T77/><D50/><U95/><E20/><N who="2" m="11335" /><F36/><W85/><G117/><T59/><D51/><U57/><E95/><V87/><F87/><W63/><G46/><T86/><D59/><U43/><E11/><V10/><F116/><W104/><G104/><T99/><D99/><U65/><E5/><N who="2" m="1079" /><F122/><W73/><G73/><T114/><D114/><U100/><E67/><V119/><F132/><W22/><G62/><T47/><D47/><U108/><E100/><V34/><F119/><W123/><G123/><T1/><D1/><U111/><E111/><V54/><F54/><W30/><G55/><T120/><D120/><U71/><E71/><V97/><F97/><W72/><G63/><T101/><D101/><U89/><E108/><V118/><F118/><W125/><G125/><T80/><D80/><U56/><E68/><V58/><F58/><W0/><G72/><T13/><D13/><U103/><E57/><V42/><F42/><W124/><G0/><T64/><D64/><U61/><E65/><V110/><F110/><RYUUKYOKU ba="0,0" sc="250,30,250,-10,250,-10,250,-10" hai0="25,35,38,41,44,76,77,83,86,88" /><INIT seed="0,1,0,1,4,90" ten="280,240,240,240" oya="0" hai0="49,98,53,94,120,43,29,123,83,27,58,133,85" hai1="104,66,47,2,77,96,12,41,18,45,117,99,59" hai2="78,40,17,60,125,28,122,1,52,112,124,119,95" hai3="101,61,67,34,25,76,19,22,69,135,74,13,32"/><T56/><D123/><U128/><E117/><V115/><F1/><W44/><G135/><T57/><D133/><U35/><E128/><V114/><F122/><W103/><G76/><T15/><D120/><U107/><E35/><V92/><F119/><W33/><G74/><T91/><D43/><U30/><E2/><V102/><F102/><W62/><G44/><T80/><D15/><U131/><E30/><V21/><F78/><W26/><G62/><T116/><D116/><U5/><E5/><V118/><F118/><W0/><G0/><T39/><D39/><U71/><E71/><V86/><F86/><W42/><G42/><T7/><D7/><U97/><E131/><V3/><F3/><W75/><G75/><T48/><D48/><U14/><E77/><V54/><F40/><W110/><G110/><T37/><D37/><U105/><E66/><V93/><F28/><W16/><REACH who="3" step="1"/><G26/><REACH who="3" ten="280,240,240,230" step="2"/><T108/><D108/><U134/><E134/><V73/><F73/><W8/><AGARI ba="1,1" hai="8,13,16,19,22,25,32,33,34,61,67,69,101,103" machi="8" ten="30,7900,0" yaku="1,1,2,1,0,1,54,1,53,0" doraHai="90" doraHaiUra="132" who="3" fromWho="3" sc="280,-40,240,-21,240,-21,230,92" /><INIT seed="1,0,0,3,4,43" ten="240,219,219,322" oya="1" hai0="47,125,108,129,61,134,38,52,80,114,81,50,16" hai1="132,13,42,21,103,113,126,23,55,87,64,1,105" hai2="120,4,131,27,49,82,115,90,83,37,46,32,33" hai3="56,111,12,69,85,122,28,124,110,91,117,24,88"/><U53/><E113/><V65/><F120/><W92/><G69/><T112/><D114/><U41/><E1/><V30/><F37/><W68/><G68/><T34/><D112/><U20/><E132/><V94/><F115/><W96/><G122/><T63/><D134/><U99/><E126/><V59/><F131/><W31/><G124/><T17/><D125/><U118/><E118/><V77/><F4/><W0/><G0/><T60/><D129/><U15/><E87/><V95/><F33/><W48/><G12/><T86/><D108/><N who="3" m="41513" /><G117/><T40/><D34/><U51/><E64/><V119/><F119/><W127/><G127/><T104/><D104/><U57/><E55/><V67/><F59/><W18/><G18/><N who="0" m="7275" /><D38/><U116/><E116/><V10/><F10/><W39/><G39/><T36/><D36/><U11/><E11/><V107/><F107/><W75/><G75/><T73/><D73/><U74/><E74/><V44/><F83/><N who="0" m="31818" /><D86/><U84/><E84/><N who="2" m="48207" /><F49/><W45/><G85/><T106/><D106/><U102/><E102/><V29/><F32/><W5/><G91/><T123/><D123/><U133/><E133/><V101/><F101/><W8/><G56/><AGARI ba="0,0" hai="40,47,50,52,56,60,61,63" m="31818,7275" machi="56" ten="30,7700,0" yaku="8,1,52,1,54,2" doraHai="43" who="0" fromWho="3" sc="240,77,219,0,219,0,322,-77" /><INIT seed="2,0,0,5,5,83" ten="317,219,219,245" oya="2" hai0="32,40,92,85,105,86,109,127,98,47,104,33,72" hai1="55,34,67,49,82,94,80,38,51,15,20,23,68" hai2="31,52,129,5,2,61,39,102,3,75,42,130,93" hai3="14,117,53,69,43,95,84,78,35,124,28,6,77"/><V25/><F75/><W122/><G69/><T58/><D72/><U111/><E34/><V0/><F39/><W123/><G117/><T21/><D109/><U112/><E38/><V56/><F42/><W81/><G124/><T101/><D127/><U46/><E111/><V12/><F102/><W9/><G43/><T79/><D105/><U135/><E135/><V44/><F44/><W18/><G28/><T57/><D104/><U126/><E126/><V62/><F93/><W63/><G35/><T91/><D32/><U103/><E112/><V59/><F12/><W27/><G95/><N who="0" m="58591" /><D33/><U10/><E67/><V17/><F17/><W134/><G134/><T7/><D7/><N who="1" m="3551" /><E68/><V115/><F115/><W87/><G122/><T110/><D110/><U100/><E49/><V107/><F5/><W29/><G123/><T26/><D47/><U22/><E94/><V70/><F70/><W50/><G63/><T116/><D40/><U13/><E13/><V66/><REACH who="2" step="1"/><F107/><REACH who="2" ten="317,219,209,245" step="2"/><W89/><G6/><T118/><D116/><U74/><E74/><V108/><F108/><W133/><G133/><T113/><D118/><U120/><E120/><V19/><F19/><W121/><G121/><T132/><D113/><U99/><E103/><V11/><F11/><W4/><G4/><T1/><D132/><U48/><E100/><V45/><F45/><N who="3" m="27855" /><G29/><N who="0" m="17615" /><D1/><U64/><E46/><V36/><F36/><W88/><G27/><T54/><D54/><U37/><E55/><V106/><F106/><W30/><G30/><T71/><D71/><U90/><E37/><V96/><F96/><W16/><G18/><RYUUKYOKU ba="0,1" sc="317,10,219,-30,209,10,245,10" hai0="57,58,79,85,86,91,92" hai2="0,2,3,25,31,52,56,59,61,62,66,129,130" hai3="9,14,16,77,78,81,84,87,88,89" /><INIT seed="2,1,1,0,5,93" ten="327,189,219,255" oya="2" hai0="6,130,1,68,120,46,0,88,28,114,65,109,99" hai1="106,126,38,27,73,13,40,44,21,102,60,63,23" hai2="122,66,115,55,100,51,131,70,132,121,105,83,59" hai3="3,77,80,8,24,33,36,53,129,25,49,85,39"/><V78/><F115/><W32/><G129/><T96/><D114/><U14/><E126/><V79/><F132/><W48/><G8/><T134/><D120/><U90/><E73/><V94/><F131/><W103/><G3/><T34/><D130/><U29/><E90/><V133/><F133/><W117/><G117/><T5/><D134/><U20/><E14/><V125/><F125/><W54/><G103/><T74/><D74/><U98/><REACH who="1" step="1"/><E13/><REACH who="1" ten="327,179,219,255" step="2"/><V128/><F128/><W101/><G77/><T107/><D88/><U82/><E82/><V37/><F79/><W124/><G124/><T64/><D0/><U45/><E45/><V19/><F121/><W111/><G80/><T110/><D46/><U71/><E71/><V50/><F122/><W97/><G101/><T112/><D68/><U118/><E118/><V15/><F37/><W9/><G39/><T43/><D1/><U4/><E4/><V31/><F105/><W26/><G36/><T91/><D107/><U69/><E69/><V17/><F31/><W84/><G9/><T72/><D91/><U2/><E2/><V86/><F70/><W123/><G123/><T62/><D72/><U113/><E113/><V61/><F51/><W92/><G49/><T75/><D28/><U57/><E57/><V127/><F127/><W119/><G48/><T52/><D75/><U81/><E81/><V35/><F35/><AGARI ba="1,2" hai="20,21,23,27,29,35,38,40,44,60,63,98,102,106" machi="35" ten="40,5200,0" yaku="1,1,52,1,53,1" doraHai="93" doraHaiUra="42" who="1" fromWho="2" sc="327,0,179,75,219,-55,255,0" /><INIT seed="3,0,0,5,5,122" ten="327,254,164,255" oya="3" hai0="55,106,114,103,49,126,24,84,19,96,108,83,48" hai1="59,71,5,102,12,68,20,34,91,107,29,124,45" hai2="109,86,52,36,50,3,87,44,135,61,4,9,111" hai3="98,118,2,89,17,11,51,116,41,43,88,1,110"/><W112/><G112/><T75/><D108/><N who="2" m="41546" /><F135/><W33/><G33/><T120/><D126/><U74/><E74/><V117/><F117/><W128/><G110/><T101/><D75/><U69/><E124/><V46/><F61/><W38/><G38/><T35/><D120/><U13/><E68/><V63/><F63/><W60/><G60/><T78/><D103/><U7/><E69/><V132/><F132/><W54/><G2/><T92/><D114/><U99/><E71/><V131/><F131/><W37/><G1/><T27/><D106/><U127/><E127/><V0/><F0/><W90/><G37/><T93/><D93/><U130/><E130/><V94/><F94/><N who="3" m="56647" /><G128/><T81/><D81/><U100/><E107/><V42/><AGARI ba="0,0" hai="3,4,9,36,42,44,46,50,52,86,87" m="41546" machi="42" ten="30,8000,1" yaku="14,1,52,3,54,1" doraHai="122" who="2" fromWho="2" sc="327,-20,254,-20,164,80,255,-40" owari="307,41.0,234,-17.0,244,4.0,215,-28.0" /></mjloggm>