<mjloggm ver="2.3"><GO type="169" lobby="0"/><UN n0="%6B%6C%62%73%74%38%38" n1="%52%69%2D%4D%6F%2D" n2="%67%69%6A%79%75%74%75" n3="%E3%82%A6%E3%83%AB%E3%83%88%E3%83%A9%E7%AB%8B%E7%9B%B4" dan="17,17,16,17" rate="2097.62,2089.46,2126.37,2182.70" sx="M,M,M,M"/><TAIKYOKU oya="0"/><INIT seed="0,0,0,1,1,99" ten="250,250,250,250" oya="0" hai0="65,105,73,42,115,108,117,119,75,89,2,40,100" hai1="66,31,12,127,25,86,111,133,132,72,58,0,103" hai2="129,59,13,85,26,6,92,23,24,9,60,53,128" hai3="5,27,49,16,107,109,8,45,19,90,96,130,52"/><T135/><D2/><U18/><E72/><V110/><F110/><W121/><G109/><T30/><D108/><U61/><E0/><V78/><F129/><W10/><G130/><T70/><D30/><U125/><E111/><V84/><F128/><W83/><G121/><T55/><D89/><U67/><E67/><V131/><F131/><W91/><G10/><T97/><D65/><U81/><E18/><V3/><F3/><W47/><G47/><T93/><D93/><U116/><E12/><V20/><F78/><W112/><G112/><T77/><D77/><N who="1" m="46383" /><E116/><V1/><F1/><W98/><G5/><T87/><D70/><U14/><E14/><V4/><F4/><W51/><G107/><T64/><D64/><U21/><E103/><V17/><REACH who="2" step="1"/><F92/><REACH who="2" ten="250,250,240,250" step="2"/><W29/><G83/><T123/><D119/><U120/><E120/><V80/><F80/><W36/><G96/><T32/><D97/><U56/><E132/><V43/><F43/><W62/><G98/><T113/><D117/><U34/><E133/><V134/><F134/><W106/><G91/><T44/><D135/><U82/><E82/><V95/><F95/><W124/><G90/><T104/><D104/><U74/><E74/><V28/><AGARI ba="0,1" hai="6,9,13,17,20,23,24,26,28,53,59,60,84,85" machi="28" ten="20,8000,1" yaku="1,1,0,1,7,1,8,1,53,1" doraHai="99" doraHaiUra="7" who="2" fromWho="2" sc="250,-40,250,-20,240,90,250,-20" /><INIT seed="1,0,0,0,0,11" ten="210,230,330,230" oya="1" hai0="47,110,43,74,38,8,134,87,59,36,35,60,67" hai1="9,21,91,72,98,92,46,106,84,48,40,62,115" hai2="77,58,129,82,100,7,64,28,42,96,121,26,34" hai3="93,104,69,4,119,97,1,19,32,55,24,128,102"/><U125/><E115/><V90/><F121/><W81/><G128/><T56/><D74/><U135/><E125/><V66/><F129/><W25/><G119/><T15/><D35/><U95/><E135/><V76/><F42/><W132/><G132/><T122/><D134/><U54/><E72/><V10/><F90/><W33/><G4/><T20/><D122/><U88/><E106/><V103/><F103/><W94/><G1/><T63/><D20/><U12/><E21/><V116/><F116/><W50/><G69/><T105/><D105/><U79/><E79/><V117/><F117/><W126/><G126/><T39/><D87/><U17/><E62/><V30/><F30/><W85/><G19/><T51/><D110/><U108/><E108/><V80/><F80/><W45/><G32/><T44/><D15/><U89/><E89/><V3/><F58/><W2/><G2/><T111/><D8/><U83/><E83/><V73/><F76/><W112/><G112/><T123/><D123/><U65/><E65/><V14/><REACH who="2" step="1"/><F3/><REACH who="2" ten="210,230,320,230" step="2"/><W61/><G81/><T53/><D111/><U107/><E107/><AGARI ba="0,1" hai="7,10,14,26,28,34,64,66,73,77,82,96,100,107" machi="107" ten="30,8000,1" yaku="1,1,2,1,7,1,52,1,53,1" doraHai="11" doraHaiUra="22" who="2" fromWho="1" sc="210,0,230,-80,320,90,230,0" /><INIT seed="2,0,0,0,1,68" ten="210,150,410,230" oya="2" hai0="71,106,107,46,73,1,50,8,28,49,22,63,25" hai1="57,113,114,26,12,120,44,94,21,86,53,101,102" hai2="66,70,6,97,115,33,112,133,36,96,42,123,29" hai3="74,19,124,87,126,135,119,117,103,85,105,111,91"/><V23/><F23/><W79/><G19/><T41/><D50/><U93/><E120/><V128/><F96/><N who="3" m="61671" /><G111/><T64/><D73/><U80/><E44/><V37/><F6/><W98/><G98/><T131/><D131/><U110/><E110/><V121/><F29/><W84/><G91/><T76/><D76/><N who="1" m="46343" /><E12/><V61/><F97/><W130/><G130/><T40/><D40/><U16/><E113/><N who="2" m="43595" /><F33/><W56/><G56/><T20/><D20/><U116/><E116/><N who="3" m="44618" /><G135/><T15/><D1/><U35/><E35/><V67/><F128/><W7/><G7/><AGARI ba="0,0" hai="7,8,15,22,25,28,41,46,49,63,64,71,106,107" machi="7" ten="30,1000,0" yaku="7,1" doraHai="68" who="0" fromWho="3" sc="210,10,150,0,410,0,230,-10" /><INIT seed="3,0,0,5,4,40" ten="220,150,410,220" oya="3" hai0="121,7,103,65,130,92,82,26,129,124,117,131,84" hai1="85,66,21,98,134,34,35,10,122,99,102,93,30" hai2="15,112,62,37,55,16,90,91,19,74,75,2,9" hai3="52,58,29,114,8,81,111,54,32,60,14,47,120"/><W48/><G120/><T3/><D121/><U113/><E122/><V53/><F37/><W56/><G114/><T67/><D117/><U110/><E113/><V104/><F112/><W94/><G111/><T31/><D124/><U71/><E110/><V20/><F104/><W59/><G81/><T116/><D116/><U45/><E134/><V89/><F2/><W68/><G68/><T127/><D127/><U109/><E109/><V5/><F5/><W101/><G29/><T96/><D7/><U107/><E85/><V18/><F18/><N who="3" m="8519" /><G32/><N who="0" m="20599" /><D3/><U57/><E71/><V0/><F0/><W44/><G59/><T106/><D106/><U72/><E72/><V6/><F74/><W42/><G42/><T11/><D11/><U63/><E10/><V50/><F75/><W39/><G39/><T95/><D95/><U133/><E133/><V49/><F20/><W135/><G135/><T88/><AGARI ba="0,0" hai="65,67,82,84,88,92,96,103,129,130,131" m="20599" machi="88" ten="30,2000,0" yaku="19,1,54,1" doraHai="40" who="0" fromWho="0" sc="220,20,150,-5,410,-5,220,-10" /><INIT seed="4,0,0,5,5,78" ten="240,145,405,210" oya="0" hai0="53,46,133,132,116,19,47,23,57,109,115,123,75" hai1="56,80,40,25,88,111,82,10,90,1,45,31,4" hai2="43,84,62,112,114,124,48,97,12,93,85,121,30" hai3="38,87,24,129,27,74,64,70,37,14,36,128,69"/><T66/><D75/><U2/><E111/><V33/><F121/><W71/><G74/><T58/><D123/><U83/><E56/><V77/><F124/><W65/><G14/><T0/><D0/><U42/><E2/><V106/><F106/><W105/><G87/><T51/><D116/><U94/><E94/><V107/><F107/><W59/><G59/><T32/><D32/><U44/><E44/><V110/><F110/><W98/><G98/><T29/><D29/><U67/><E67/><V35/><F62/><W117/><G105/><T55/><D109/><U86/><E90/><V113/><F12/><W73/><G73/><T101/><D101/><U108/><E108/><V54/><F43/><W103/><G103/><T63/><D115/><U120/><E120/><V130/><F130/><N who="3" m="50283" /><G117/><T72/><D72/><U39/><E42/><V134/><F97/><W61/><G61/><N who="0" m="36031" /><D23/><AGARI ba="0,0" hai="1,4,10,23,25,31,39,40,45,80,82,83,86,88" machi="23" ten="30,8000,1" yaku="7,1,52,3,54,1" doraHai="78" who="1" fromWho="0" sc="240,-80,145,80,405,0,210,0" /><INIT seed="5,0,0,1,0,96" ten="160,225,405,210" oya="1" hai0="89,43,74,97,85,93,134,59,1,61,10,130,88" hai1="6,91,100,64,131,5,55,65,102,34,70,129,22" hai2="48,25,40,0,53,125,60,15,127,16,54,28,83" hai3="68,79,13,98,109,31,8,128,116,77,58,92,19"/><U49/><E34/><N who="2" m="20751" /><F0/><W11/><G68/><T42/><D74/><U4/><E91/><V119/><F119/><W38/><G38/><T87/><D134/><U81/><E81/><V108/><F108/><W44/><G109/><T24/><D130/><N who="1" m="49675" /><E22/><V114/><F60/><W122/><G122/><T17/><D1/><U105/><E105/><V106/><F106/><W75/><G116/><T41/><D89/><U33/><E33/><V112/><F40/><W12/><G31/><T104/><D104/><U121/><E121/><V2/><F2/><W32/><G32/><T47/><D47/><N who="1" m="28095" /><E70/><V78/><F83/><W69/><G69/><T3/><D3/><U45/><E45/><N who="2" m="27791" /><F78/><W101/><G44/><T103/><D10/><U9/><E9/><N who="2" m="6255" /><F54/><W37/><G128/><T29/><D29/><U120/><E120/><V99/><F99/><W26/><G26/><T111/><D111/><U84/><E84/><V107/><F107/><W51/><G75/><T132/><D132/><U39/><E39/><V124/><AGARI ba="0,0" hai="112,114,124,125,127" m="6255,27791,20751" machi="124" ten="40,2700,0" yaku="18,1,54,1" doraHai="96" who="2" fromWho="2" sc="160,-7,225,-13,405,27,210,-7" /><INIT seed="6,0,0,0,1,53" ten="153,212,432,203" oya="2" hai0="40,38,132,94,127,83,15,125,113,70,68,114,81" hai1="97,91,4,108,85,133,101,22,8,63,16,28,42" hai2="43,86,0,50,75,110,41,3,26,89,130,95,10" hai3="57,118,98,116,31,33,18,11,12,129,120,39,93"/><V72/><F110/><W60/><G39/><T134/><D94/><N who="1" m="58551" /><E108/><V13/><F72/><W49/><G129/><T47/><D15/><N who="1" m="5511" /><E133/><N who="0" m="51305" /><D83/><N who="1" m="49599" /><E42/><V87/><F75/><W131/><G131/><T48/><D48/><U119/><E119/><V109/><F0/><W21/><G49/><T90/><D90/><U59/><E28/><V6/><F130/><W45/><G45/><T19/><D19/><U17/><E22/><V103/><F109/><W92/><G92/><T76/><D76/><U73/><E73/><V77/><F3/><W99/><G99/><T124/><D81/><U102/><E102/><V122/><F103/><W82/><G82/><T67/><D67/><AGARI ba="0,0" hai="16,17,59,63,67" m="49599,5511,58551" machi="67" ten="30,3900,0" yaku="8,1,52,1,54,1" doraHai="53" who="1" fromWho="0" sc="153,-39,212,39,432,0,203,0" /><INIT seed="7,0,0,3,4,121" ten="114,251,432,203" oya="3" hai0="101,12,25,89,29,108,31,69,36,65,125,45,111" hai1="118,91,48,43,102,119,55,24,54,50,94,39,19" hai2="75,40,49,116,42,51,1,16,60,3,62,106,28" hai3="96,90,117,130,56,41,104,13,46,112,128,120,103"/><W8/><G120/><T72/><D12/><U37/><E102/><V23/><F75/><W27/><G117/><N who="1" m="44554" /><E19/><V67/><F116/><W4/><G112/><T79/><D89/><U95/><E24/><V6/><F106/><W22/><G56/><T126/><D101/><U14/><E14/><V57/><F28/><W83/><G83/><N who="0" m="45543" /><D29/><U107/><E107/><V97/><F97/><W61/><G61/><N who="0" m="40111" /><D45/><N who="1" m="27983" /><E43/><V78/><F42/><W110/><G90/><T15/><D36/><N who="1" m="13899" /><E91/><V34/><F40/><W47/><G27/><T86/><D15/><U71/><E71/><V2/><F78/><W114/><G114/><T132/><D132/><U131/><E131/><N who="3" m="50218" /><G22/><T26/><D26/><U32/><E32/><V122/><F57/><AGARI ba="0,0" hai="48,55,57,94,95" m="13899,27983,44554" machi="57" ten="30,1000,0" yaku="12,1" doraHai="121" who="1" fromWho="2" sc="114,0,251,10,432,-10,203,0" owari="114,-39.0,261,6.0,422,53.0,203,-20.0" /></mjloggm>