<mjloggm ver="2.3"><GO type="41" lobby="0"/><UN n0="%E3%82%A6%E3%83%AB%E3%83%88%E3%83%A9%E7%AB%8B%E7%9B%B4" n1="%4E%45%57%79%65%61%72" n2="%53%75%6D%69%7A%6F%6D%65" n3="%E3%81%BE%E3%81%BB%E3%81%A1%E3%82%83%E3%82%93" dan="15,13,13,13" rate="2005.49,1854.69,1834.98,1947.91" sx="M,M,M,F"/><TAIKYOKU oya="0"/><INIT seed="0,0,0,1,3,62" ten="250,250,250,250" oya="0" hai0="36,128,82,83,66,130,91,85,25,80,105,27,29" hai1="43,23,78,46,65,111,117,9,109,114,123,53,24" hai2="56,127,59,55,58,69,16,19,5,99,11,26,68" hai3="104,134,77,13,73,2,132,76,97,0,7,81,71"/><T133/><D36/><U79/><E123/><V94/><F127/><W20/><G20/><T124/><D105/><U28/><E117/><V103/><F69/><W40/><G13/><T42/><D42/><U118/><E118/><V121/><F68/><W35/><G40/><T98/><D98/><U84/><E114/><V88/><F121/><W72/><G71/><T22/><D124/><U6/><E79/><V96/><F55/><W120/><G35/><T52/><D133/><U126/><E126/><V100/><F26/><W93/><G120/><T112/><D112/><U125/><E125/><V113/><F113/><W15/><G15/><T10/><D10/><U14/><E53/><V108/><F108/><W90/><G7/><T21/><D66/><U54/><E54/><V115/><F115/><W33/><G2/><T50/><D130/><U70/><E70/><V67/><F67/><W17/><G17/><N who="2" m="6729" /><F99/><N who="3" m="57783" /><G33/><T12/><D12/><AGARI ba="0,0" hai="5,11,12,56,58,59,88,94,96,100,103" m="6729" machi="12" ten="30,3900,0" yaku="8,1,54,2" doraHai="62" who="2" fromWho="0" sc="250,-39,250,0,250,39,250,0" /><INIT seed="1,0,0,5,1,94" ten="211,250,289,250" oya="1" hai0="33,115,117,14,18,106,107,118,54,57,13,126,44" hai1="12,114,123,51,111,55,10,53,85,90,75,78,76" hai2="31,60,11,131,19,36,97,132,109,129,72,21,88" hai3="108,43,65,92,120,27,4,127,116,30,26,24,98"/><U102/><E123/><V59/><F36/><W128/><G108/><T91/><D33/><U87/><E114/><V96/><F109/><W1/><G43/><T17/><D44/><U134/><E111/><V45/><F72/><W15/><G1/><T69/><D69/><U99/><E75/><V70/><F132/><W103/><G128/><N who="2" m="49225" /><F45/><W22/><G127/><T135/><D135/><U41/><E41/><V105/><F70/><W86/><G65/><T62/><D126/><U28/><E28/><V34/><F105/><W37/><G37/><T42/><D42/><U84/><E134/><V8/><F31/><W63/><G63/><T81/><D115/><U3/><E3/><V48/><F48/><W2/><G2/><T7/><D7/><U89/><E89/><V23/><F34/><W66/><G66/><T6/><D6/><U101/><E101/><V110/><F110/><W64/><G64/><T80/><D91/><U125/><E125/><V52/><F88/><W0/><G0/><T50/><D50/><U58/><E90/><V61/><F61/><W5/><G86/><T71/><D71/><U74/><E74/><V77/><F77/><W83/><G30/><T112/><D112/><U35/><E35/><V29/><F29/><W67/><G67/><T119/><D107/><U121/><E121/><V9/><F19/><N who="0" m="7178" /><D106/><N who="1" m="63839" /><E53/><V32/><F32/><W100/><G120/><T25/><D81/><U113/><E113/><V20/><AGARI ba="0,0" hai="8,9,11,20,21,23,52,59,60,96,97" m="49225" machi="20" ten="40,8000,1" yaku="19,1,52,2,54,1" doraHai="94" who="2" fromWho="2" sc="211,-20,250,-40,289,80,250,-20" /><INIT seed="2,0,0,2,1,72" ten="191,210,369,230" oya="2" hai0="1,67,128,113,14,22,117,64,52,66,107,62,45" hai1="53,93,32,57,134,126,83,111,96,105,58,50,75" hai2="94,81,23,127,101,20,68,65,133,97,98,122,106" hai3="43,91,59,25,0,15,47,123,80,31,33,74,82"/><V54/><F122/><W21/><G0/><T116/><D107/><U102/><E32/><V92/><F133/><W39/><G123/><T103/><D1/><U7/><E134/><V41/><F41/><W36/><G82/><T87/><D103/><U100/><E111/><V17/><F127/><W46/><G46/><T118/><D113/><U132/><E132/><V79/><F106/><W78/><G91/><T88/><D128/><U3/><E126/><V42/><F42/><W49/><G33/><T8/><D22/><U26/><E26/><V13/><F54/><W6/><G6/><T16/><D45/><U76/><E105/><V40/><F40/><W124/><G15/><T89/><D87/><U108/><E108/><V125/><F125/><W60/><REACH who="3" step="1"/><G124/><REACH who="3" ten="191,210,369,220" step="2"/><T84/><D84/><U71/><E3/><V2/><F2/><W131/><G131/><T5/><D5/><U10/><E7/><V70/><F65/><AGARI ba="0,1" hai="21,25,31,36,39,43,47,49,59,60,65,74,78,80" machi="65" ten="30,7700,0" yaku="1,1,7,1,52,1,53,1" doraHai="72" doraHaiUra="73" who="3" fromWho="2" sc="191,0,210,0,369,-77,220,87" /><INIT seed="3,0,0,0,1,127" ten="191,210,292,307" oya="3" hai0="20,56,17,118,41,40,73,49,33,84,11,25,32" hai1="112,75,100,128,48,90,66,52,50,3,60,21,79" hai2="76,8,122,24,27,15,6,64,7,105,129,111,95" hai3="82,130,80,53,96,34,81,92,121,69,98,23,61"/><W47/><G34/><T45/><D73/><U37/><E37/><V28/><F105/><W85/><G121/><T109/><D118/><U30/><E3/><V35/><F64/><W67/><G130/><T108/><D108/><U59/><E112/><V110/><F76/><W10/><G10/><T51/><D109/><N who="2" m="41482" /><F95/><W22/><G96/><T99/><D99/><U132/><E75/><V2/><F122/><W88/><REACH who="3" step="1"/><G85/><REACH who="3" ten="191,210,292,297" step="2"/><T120/><D120/><U19/><E128/><V72/><F72/><W1/><G1/><T103/><D33/><U78/><E132/><V14/><F2/><W116/><G116/><T131/><D32/><U31/><E31/><N who="2" m="19943" /><F8/><W119/><G119/><T87/><D131/><U113/><E30/><V115/><F129/><W38/><G38/><T68/><D11/><U91/><E113/><V13/><F115/><W104/><G104/><T4/><D87/><U134/><E134/><V126/><F126/><W89/><G89/><T26/><D84/><U94/><E91/><V16/><F28/><W58/><G58/><T57/><D57/><U62/><E90/><V5/><F5/><W114/><G114/><T106/><D56/><U77/><E59/><V71/><F71/><W42/><G42/><T117/><D68/><U29/><E29/><V12/><F27/><W36/><G36/><T9/><D117/><U133/><E133/><V97/><F97/><W125/><G125/><T74/><D25/><U44/><E100/><V83/><F83/><W124/><G124/><T135/><D26/><U86/><E86/><V101/><F101/><W55/><G55/><RYUUKYOKU ba="0,1" sc="191,-15,210,-15,292,15,297,15" hai2="6,7,12,13,14,15,16" hai3="22,23,47,53,61,67,69,80,81,82,88,92,98" /><INIT seed="3,1,1,4,1,113" ten="176,195,307,312" oya="3" hai0="75,17,71,37,132,48,95,12,0,103,79,100,34" hai1="115,46,101,31,112,8,91,131,89,73,67,84,68" hai2="1,109,5,94,127,24,45,82,65,120,77,60,105" hai3="30,18,57,64,23,35,93,122,22,40,96,130,70"/><W47/><G70/><T88/><D37/><U62/><E73/><V69/><F105/><W83/><G130/><T126/><D0/><U133/><E101/><V121/><F109/><W14/><G35/><T26/><D71/><U135/><E31/><V11/><F94/><W52/><G64/><T119/><D79/><U2/><E46/><V114/><F114/><W36/><G83/><T78/><D78/><U21/><E131/><V59/><F45/><W61/><G122/><N who="2" m="47209" /><F24/><W85/><G85/><T6/><D75/><U42/><E42/><V38/><F38/><W110/><G110/><T16/><D48/><U92/><E115/><V87/><F127/><W41/><G41/><T55/><D55/><U9/><E112/><V98/><F98/><W118/><G118/><T56/><D56/><AGARI ba="1,1" hai="1,5,11,56,59,60,65,69,77,82,87" m="47209" machi="56" ten="30,1000,0" yaku="13,1" doraHai="113" who="2" fromWho="0" sc="176,-13,195,0,307,23,312,0" /><INIT seed="4,0,0,5,0,16" ten="163,195,330,312" oya="0" hai0="11,12,2,127,125,25,44,70,75,78,97,24,0" hai1="45,116,133,52,29,38,126,124,17,85,90,103,104" hai2="111,89,28,106,58,21,42,121,61,57,77,9,113" hai3="20,71,63,13,56,122,51,129,8,120,43,110,91"/><T32/><D70/><U88/><E116/><V131/><F111/><W79/><G129/><T31/><D78/><U35/><E104/><V135/><F121/><N who="3" m="46699" /><G71/><T59/><D75/><U83/><E103/><V53/><F131/><W54/><G79/><T39/><D59/><U64/><E64/><V114/><F106/><W36/><G36/><T80/><D80/><U27/><E133/><V87/><F135/><W6/><G91/><T107/><D44/><U7/><E7/><V84/><F42/><W18/><G110/><T73/><D73/><U109/><E109/><V47/><F9/><W55/><G43/><T108/><D39/><U23/><E38/><V119/><F119/><W1/><G51/><T93/><D107/><U100/><E100/><V65/><F47/><W115/><G115/><T62/><D62/><U19/><E19/><V40/><F40/><W22/><G55/><T15/><D108/><U10/><E10/><AGARI ba="0,0" hai="1,6,8,10,13,18,20,22,54,56,63" m="46699" machi="10" ten="30,3900,0" yaku="13,1,52,2" doraHai="16" who="3" fromWho="1" sc="163,0,195,-39,330,0,312,39" /><INIT seed="5,0,0,3,1,132" ten="163,156,330,351" oya="1" hai0="3,57,89,56,46,31,125,9,127,55,21,41,26" hai1="120,68,27,119,67,104,44,109,61,34,112,43,69" hai2="133,25,0,135,28,47,8,59,117,14,105,121,49" hai3="126,107,110,7,2,1,23,37,33,12,74,77,115"/><U87/><E104/><V113/><F105/><W22/><G22/><T29/><D29/><U19/><E120/><V93/><F121/><W30/><G77/><T116/><D116/><U32/><E119/><V17/><F117/><W13/><G13/><T79/><D79/><U42/><E112/><V83/><F113/><W76/><G76/><T98/><D98/><U60/><E109/><V6/><F83/><W62/><G62/><T106/><D106/><U10/><E43/><V66/><F93/><W72/><G23/><T108/><D108/><U24/><E87/><V80/><F80/><W88/><G88/><T101/><D101/><U99/><E99/><V39/><F39/><W35/><G12/><T82/><D82/><U11/><E42/><V38/><F38/><W86/><G86/><T130/><D89/><U52/><E44/><V15/><F66/><W128/><G30/><T102/><D102/><U40/><E40/><V100/><F100/><W123/><G7/><N who="0" m="1279" /><D55/><U16/><REACH who="1" step="1"/><E67/><REACH who="1" ten="163,146,330,351" step="2"/><V64/><F64/><W50/><G110/><T20/><D46/><U91/><E91/><V71/><F47/><W92/><G115/><T124/><D41/><U97/><E97/><V48/><F135/><W58/><G123/><T129/><D21/><U134/><E134/><V111/><F133/><W75/><G107/><T65/><D65/><U118/><E118/><V73/><F111/><W94/><G128/><AGARI ba="0,1" hai="20,26,31,56,57,124,125,127,128,129,130" m="1279" machi="128" ten="40,8000,1" yaku="18,1,19,1,52,3" doraHai="132" who="0" fromWho="3" sc="163,90,146,0,330,0,351,-80" /><INIT seed="6,0,0,3,0,26" ten="253,146,330,271" oya="2" hai0="41,5,116,83,74,110,120,19,70,43,96,25,87" hai1="42,104,134,14,23,62,3,101,12,107,115,84,122" hai2="77,108,59,65,22,27,4,93,32,105,13,8,85" hai3="18,92,97,112,50,30,1,31,126,80,57,114,111"/><V17/><F108/><W76/><G1/><T28/><D74/><U82/><E3/><V54/><F105/><W86/><G111/><T24/><D70/><U66/><E122/><V6/><F65/><W37/><G37/><T131/><D110/><U48/><E115/><N who="3" m="44074" /><G126/><T9/><D120/><U75/><E75/><V49/><F32/><W129/><G129/><T0/><D131/><U15/><E134/><V34/><F34/><W79/><G79/><T89/><D116/><U20/><E104/><V63/><F63/><W64/><G18/><T36/><D36/><U132/><E132/><V52/><F54/><N who="3" m="31959" /><G64/><T100/><D24/><U94/><E107/><V38/><F38/><W118/><G118/><T81/><D19/><U71/><E101/><AGARI ba="0,0" hai="30,31,76,80,86,92,97,101" m="31959,44074" machi="101" ten="30,7700,0" yaku="15,1,11,1,52,2" doraHai="26" who="3" fromWho="1" sc="253,0,146,-77,330,0,271,77" /><INIT seed="7,0,0,2,3,118" ten="253,69,330,348" oya="3" hai0="13,1,33,35,119,41,32,114,93,78,112,128,28" hai1="31,109,101,106,18,30,4,55,50,0,82,124,48" hai2="71,91,12,46,85,80,90,64,37,40,87,74,45" hai3="108,63,54,131,98,94,123,6,56,135,121,66,2"/><W111/><G131/><T59/><D93/><U38/><E38/><V100/><F100/><W39/><G39/><T117/><D59/><U88/><E106/><V20/><F74/><W15/><G135/><T92/><D92/><U73/><E101/><V103/><F103/><N who="3" m="60887" /><G2/><T22/><D78/><U49/><E73/><V51/><F71/><W24/><G24/><N who="0" m="16407" /><D41/><U52/><E0/><V23/><F64/><W110/><G66/><T11/><D1/><U62/><E4/><V68/><F12/><W129/><G129/><T69/><D69/><U89/><E109/><V127/><F127/><W43/><G43/><T126/><D128/><U25/><E18/><V122/><F122/><W79/><G79/><T107/><D107/><U53/><E62/><V5/><F5/><W42/><G42/><T60/><D60/><U83/><E124/><V81/><REACH who="2" step="1"/><F68/><REACH who="2" ten="253,69,320,348" step="2"/><W84/><G6/><N who="0" m="3319" /><D126/><U36/><E36/><V70/><F70/><W26/><G15/><T9/><D9/><U75/><E75/><V134/><F134/><W132/><G132/><T65/><D65/><U105/><E105/><V76/><F76/><W115/><G115/><AGARI ba="0,1" hai="32,33,35,112,114,115,117,119" m="3319,16407" machi="115" ten="40,8000,1" yaku="15,1,11,1,34,2" doraHai="118" who="0" fromWho="3" sc="253,90,69,0,320,0,348,-80" owari="343,44.0,69,-43.0,320,12.0,268,-13.0" /></mjloggm>