<mjloggm ver="2.3"><GO type="169" lobby="0"/><UN n0="%E3%82%A6%E3%83%AB%E3%83%88%E3%83%A9%E7%AB%8B%E7%9B%B4" n1="%E3%81%8A%E3%81%98%E3%81%95%E3%82%93" n2="%63%6F%61" n3="%E3%81%8B%E3%81%AB%E3%83%9E%E3%82%B8%E3%83%B3" dan="16,16,17,18" rate="2136.50,2115.53,2225.56,2265.95" sx="M,M,M,M"/><TAIKYOKU oya="0"/><INIT seed="0,0,0,0,5,131" ten="250,250,250,250" oya="0" hai0="107,130,76,72,92,96,118,91,13,21,65,30,73" hai1="7,89,93,40,28,123,43,56,54,34,6,104,132" hai2="23,84,69,122,74,60,110,77,99,61,112,82,81" hai3="129,53,4,42,105,98,19,48,106,127,5,128,114"/><T95/><D118/><U135/><E104/><V88/><F122/><W80/><G114/><T10/><D130/><N who="3" m="50281" /><G127/><T113/><D113/><U120/><E34/><V108/><F112/><W86/><G42/><N who="1" m="15914" /><E28/><V26/><F99/><W17/><G105/><T67/><D107/><U41/><E41/><V52/><F69/><W126/><G126/><T31/><D73/><U49/><E6/><N who="3" m="2666" /><G98/><T32/><D32/><U83/><E7/><V79/><F79/><N who="3" m="46367" /><G106/><T36/><D76/><U124/><E83/><V125/><F125/><W14/><G14/><T57/><D72/><U24/><E24/><V75/><F75/><W121/><G121/><T101/><D36/><U64/><E124/><V90/><F90/><W59/><AGARI ba="0,0" hai="17,19,48,53,59" m="46367,2666,50281" machi="59" ten="30,1100,0" yaku="19,1" doraHai="131" who="3" fromWho="3" sc="250,-5,250,-3,250,-3,250,11" /><INIT seed="1,0,0,5,2,126" ten="245,247,247,261" oya="1" hai0="37,10,45,103,125,44,81,67,28,29,132,89,87" hai1="76,43,58,120,72,102,8,98,59,94,4,88,128" hai2="17,68,22,105,135,133,30,2,66,65,50,34,114" hai3="40,74,26,116,25,124,1,70,12,80,41,134,86"/><U112/><E112/><V6/><F105/><W24/><G1/><T14/><D125/><U69/><E69/><V27/><F68/><W63/><G74/><T11/><D132/><N who="2" m="50762" /><F114/><W51/><G124/><T55/><D67/><U79/><E120/><V5/><F50/><W53/><G134/><T127/><D127/><U101/><E43/><V92/><F92/><W18/><G116/><T118/><D118/><U3/><E128/><V20/><F20/><N who="3" m="11335" /><G63/><T33/><D10/><U64/><E59/><V56/><F56/><N who="3" m="32831" /><G70/><T39/><D33/><U83/><REACH who="1" step="1"/><E79/><AGARI ba="0,0" hai="24,25,26,40,41,79,80,86" m="32831,11335" machi="79" ten="30,1000,0" yaku="8,1" doraHai="126" who="3" fromWho="1" sc="245,0,247,-10,247,0,261,10" /><INIT seed="2,0,0,5,0,34" ten="245,237,247,271" oya="2" hai0="20,85,78,45,38,111,96,122,100,6,51,97,113" hai1="31,43,103,126,54,12,60,50,5,67,41,118,65" hai2="4,98,77,26,106,101,9,129,69,2,25,52,36" hai3="133,130,76,127,22,59,11,33,92,28,32,56,109"/><V37/><F69/><W47/><G76/><T125/><D38/><U132/><E118/><V19/><F129/><W71/><G71/><T135/><D122/><U112/><E112/><V121/><F121/><W35/><G130/><T87/><D97/><U86/><E126/><V105/><F105/><W123/><G123/><T15/><D135/><U99/><E132/><V48/><F77/><W89/><G133/><T90/><D111/><U82/><E31/><V74/><F74/><W49/><G109/><T116/><D125/><U120/><E12/><V108/><F108/><W58/><G11/><T66/><D66/><U8/><E120/><V44/><REACH who="2" step="1"/><F19/><REACH who="2" ten="245,237,237,271" step="2"/><W21/><G127/><T117/><D78/><U128/><E128/><V17/><F17/><W95/><G28/><T73/><D73/><U14/><E43/><V16/><F16/><W13/><G13/><T110/><D15/><U91/><E41/><V18/><F18/><W94/><G89/><T42/><D90/><U23/><E14/><V72/><F72/><W10/><G10/><T81/><D42/><AGARI ba="0,1" hai="21,22,32,33,35,42,47,49,56,58,59,92,94,95" machi="42" ten="50,3200,0" yaku="29,2" doraHai="34" who="3" fromWho="0" sc="245,-32,237,0,237,0,271,42" /><INIT seed="3,0,0,2,4,38" ten="213,237,237,313" oya="3" hai0="29,108,22,107,17,28,11,7,72,58,120,34,57" hai1="66,32,36,113,44,21,50,73,14,48,105,109,98" hai2="134,126,112,117,129,103,78,46,131,8,97,128,18" hai3="10,119,4,74,95,69,92,35,65,24,42,43,61"/><W85/><G74/><T101/><D72/><U16/><E32/><V3/><F112/><W71/><G71/><T31/><D101/><U53/><E113/><V135/><F117/><W124/><G119/><T63/><D107/><U111/><E73/><V106/><F78/><W82/><G124/><T88/><D120/><U122/><E122/><V51/><F18/><W127/><G127/><T94/><D108/><N who="1" m="41547" /><E66/><V12/><F12/><W96/><G24/><T84/><D34/><U25/><E36/><V5/><REACH who="2" step="1"/><F126/><REACH who="2" ten="213,237,227,313" step="2"/><W99/><G4/><T89/><D7/><U40/><E14/><V15/><F15/><W93/><G10/><T115/><D115/><U13/><E13/><V55/><AGARI ba="0,1" hai="3,5,8,46,51,55,97,103,106,128,129,131,134,135" machi="55" ten="40,8000,1" yaku="1,1,0,1,19,1,53,1" doraHai="38" doraHaiUra="45" who="2" fromWho="2" sc="213,-20,237,-20,227,90,313,-40" /><INIT seed="4,0,0,0,5,99" ten="193,217,317,273" oya="0" hai0="7,128,82,4,90,38,18,51,64,104,31,73,102" hai1="119,71,83,93,15,112,27,116,80,35,12,59,48" hai2="88,123,54,55,69,22,125,57,40,52,41,43,21" hai3="101,65,46,110,26,109,100,114,29,118,37,85,3"/><T97/><D38/><U87/><E71/><V135/><F69/><W17/><G118/><T86/><D128/><U11/><E112/><V108/><F108/><W132/><G3/><T76/><D64/><U95/><E35/><V2/><F2/><W23/><G65/><T45/><D18/><U28/><E119/><V98/><F123/><W19/><G114/><T129/><D31/><U78/><E116/><V47/><F125/><W131/><G131/><T89/><D89/><U79/><E28/><V68/><F68/><W50/><G37/><T62/><D62/><U25/><E48/><N who="2" m="28703" /><F135/><W1/><G1/><T84/><D84/><N who="1" m="48151" /><E59/><V30/><F30/><W36/><G36/><T34/><D34/><U130/><E130/><V58/><F58/><W63/><G63/><T74/><D74/><U56/><E56/><V127/><F127/><W67/><G67/><T32/><D32/><U9/><E9/><V111/><F111/><W33/><G33/><T115/><D115/><U13/><E11/><V91/><F55/><W5/><G132/><T96/><D96/><U66/><E66/><V39/><F39/><W49/><G110/><T42/><D129/><U61/><E61/><N who="2" m="36023" /><F91/><W92/><G49/><T77/><D76/><U107/><E107/><V105/><F105/><W134/><G134/><T120/><D120/><U94/><AGARI ba="0,0" hai="12,13,15,25,27,79,83,87,93,94,95" m="48151" machi="94" ten="30,1100,0" yaku="8,1" doraHai="99" who="1" fromWho="1" sc="193,-5,217,11,317,-3,273,-3" /><INIT seed="5,0,0,5,1,26" ten="188,228,314,270" oya="1" hai0="46,102,5,77,12,81,64,52,132,122,7,3,28" hai1="113,127,108,86,70,63,23,128,33,53,10,27,88" hai2="39,19,36,93,75,131,32,21,56,95,118,16,44" hai3="92,96,98,111,119,73,121,17,54,40,85,47,135"/><U6/><E33/><V37/><F32/><W91/><G111/><T116/><D3/><U71/><E108/><V68/><F68/><W62/><G121/><T22/><D116/><U94/><E113/><V124/><F118/><W89/><G73/><T57/><D132/><U2/><E127/><V112/><F75/><W1/><G1/><T100/><D122/><U38/><E38/><V90/><F124/><W42/><G135/><T35/><D35/><U117/><E117/><V125/><F125/><W134/><G134/><T59/><D64/><U109/><E109/><V104/><F104/><W126/><G126/><T9/><D5/><U15/><E128/><V76/><F76/><W84/><G17/><T66/><D46/><U30/><REACH who="1" step="1"/><E2/><REACH who="1" ten="188,218,314,270" step="2"/><V41/><F131/><W107/><G119/><T11/><D66/><U65/><E65/><V67/><F112/><W133/><G133/><T80/><D59/><AGARI ba="0,1" hai="6,10,15,23,27,30,53,59,63,70,71,86,88,94" machi="59" ten="40,7700,0" yaku="1,1,52,1,54,1,53,0" doraHai="26" doraHaiUra="129" who="1" fromWho="0" sc="188,-77,218,87,314,0,270,0" /><INIT seed="5,1,0,4,1,59" ten="111,305,314,270" oya="1" hai0="89,71,102,64,5,135,21,4,111,44,49,50,69" hai1="27,94,7,104,32,127,70,96,29,23,88,91,76" hai2="17,129,33,39,60,134,90,116,83,11,54,82,53" hai3="41,43,46,98,0,103,30,84,62,18,80,42,74"/><U107/><E70/><V52/><F33/><W58/><G74/><T8/><D111/><U92/><E127/><V61/><F39/><W9/><G30/><T78/><D135/><U126/><E126/><V108/><F116/><W105/><G0/><T121/><D121/><U12/><E76/><V86/><F108/><W57/><G57/><T38/><D5/><U72/><E72/><V63/><F129/><W3/><G3/><T1/><D71/><U100/><E100/><V117/><F117/><W95/><G105/><T81/><D89/><U132/><E132/><V125/><F125/><W25/><G46/><T110/><D102/><U124/><E124/><V34/><F34/><W15/><G25/><T51/><D21/><U131/><E131/><V2/><F134/><W22/><G9/><T10/><D10/><U128/><E128/><V6/><REACH who="2" step="1"/><F17/><REACH who="2" ten="111,305,304,270" step="2"/><W13/><G13/><T56/><D110/><U93/><E32/><V66/><F66/><N who="3" m="39255" /><G41/><T48/><D69/><U16/><E7/><V67/><F67/><W36/><G36/><T87/><N who="0" m="12288" /><DORA hai="26" /><T123/><D123/><U113/><E12/><V112/><F112/><W97/><G97/><T20/><D64/><U24/><E113/><V122/><F122/><W14/><G14/><T106/><D56/><U79/><E96/><V75/><F75/><W37/><G37/><T85/><D38/><U40/><E40/><V45/><F45/><W101/><G101/><T28/><D44/><U120/><E120/><V55/><N who="2" m="13312" /><DORA hai="130" /><V119/><F119/><W118/><G118/><T65/><D65/><U35/><E35/><RYUUKYOKU ba="1,1" sc="111,-15,305,-15,304,15,270,15" hai2="2,6,11,60,61,63,82,83,86,90" hai3="15,18,22,42,43,80,84,95,98,103" /><INIT seed="6,2,1,0,1,18" ten="96,290,319,285" oya="2" hai0="36,109,29,58,66,88,7,89,83,126,65,12,9" hai1="27,44,102,105,74,59,25,119,116,64,101,111,28" hai2="11,134,122,77,92,2,38,1,86,62,57,43,51" hai3="120,53,61,87,117,73,81,16,108,47,34,14,32"/><V45/><F122/><W112/><G120/><T97/><D36/><U49/><E74/><V60/><F134/><W128/><G73/><T31/><D126/><U115/><E111/><V0/><F11/><W35/><G108/><T107/><D109/><U13/><E115/><V54/><REACH who="2" step="1"/><F92/><REACH who="2" ten="96,290,309,285" step="2"/><W15/><G112/><T26/><D107/><U103/><E105/><V6/><F6/><W20/><G117/><T17/><D7/><U50/><E119/><V46/><F46/><W75/><G128/><T70/><D70/><U100/><E116/><V33/><F33/><W67/><G35/><T125/><D125/><U118/><E118/><V90/><F90/><W30/><G32/><T23/><D58/><U42/><E103/><V113/><F113/><W78/><G34/><T76/><D31/><U22/><E102/><V94/><F94/><W72/><G30/><T123/><D123/><U121/><E101/><V80/><AGARI ba="2,2" hai="0,1,2,38,43,45,51,54,57,60,62,77,80,86" machi="80" ten="40,7800,0" yaku="1,1,0,1,53,1" doraHai="18" doraHaiUra="41" who="2" fromWho="2" sc="96,-28,290,-28,309,104,285,-28" /><INIT seed="6,3,0,4,0,66" ten="68,262,413,257" oya="2" hai0="65,25,44,135,105,23,110,40,102,111,124,63,4" hai1="53,51,79,104,96,72,126,2,17,62,57,81,9" hai2="5,22,12,123,8,119,42,28,125,1,3,78,134" hai3="41,80,56,121,54,34,97,7,90,83,14,61,46"/><V20/><F78/><W30/><G121/><T18/><D124/><U27/><E126/><V38/><F42/><W35/><G35/><T113/><D113/><U13/><E2/><N who="2" m="523" /><F38/><W26/><G7/><T91/><D4/><U49/><REACH who="1" step="1"/><E27/><REACH who="1" ten="68,252,413,257" step="2"/><N who="2" m="16487" /><F125/><W32/><G14/><T88/><D135/><U118/><E118/><V75/><F119/><W16/><G26/><T122/><D122/><U131/><E131/><V94/><F123/><W45/><G32/><T74/><D111/><U132/><E132/><V84/><F134/><W115/><G34/><T50/><D110/><U43/><E43/><V77/><F12/><W19/><G41/><T29/><D74/><U100/><AGARI ba="3,1" hai="9,13,17,49,51,53,57,62,72,79,81,96,100,104" machi="100" ten="30,4000,0" yaku="1,1,0,1,53,1" doraHai="66" doraHaiUra="73" who="1" fromWho="1" sc="68,-13,252,59,413,-23,257,-13" /><INIT seed="7,0,0,1,0,3" ten="55,311,390,244" oya="3" hai0="103,50,87,122,20,24,130,120,43,8,35,114,68" hai1="128,55,45,121,102,58,37,82,13,30,131,98,113" hai2="135,132,64,32,15,29,108,111,9,99,46,96,39" hai3="25,71,54,53,105,115,90,7,31,33,84,74,75"/><W51/><G105/><T22/><D50/><U48/><E121/><V73/><F73/><W123/><G123/><T97/><D43/><U59/><E113/><V34/><F64/><W21/><G115/><T27/><D87/><U47/><E30/><V80/><F80/><W100/><G100/><T83/><D97/><N who="2" m="37450" /><F46/><W119/><G119/><T12/><D83/><U129/><E82/><V72/><F39/><W109/><G109/><N who="2" m="42057" /><F29/><W133/><G71/><T65/><D68/><U88/><E13/><V95/><F95/><W117/><G117/><T26/><D65/><U127/><E127/><V118/><F72/><W56/><G133/><N who="2" m="51273" /><F118/><W6/><G33/><T66/><D103/><U94/><REACH who="1" step="1"/><E102/><REACH who="1" ten="55,301,390,244" step="2"/><V63/><F63/><N who="3" m="36247" /><G74/><T42/><D66/><U125/><E125/><V41/><F41/><AGARI ba="0,1" hai="37,41,45,47,48,55,58,59,88,94,98,128,129,131" machi="41" ten="40,8000,1" yaku="1,1,19,1,54,1,53,1" doraHai="3" doraHaiUra="86" who="1" fromWho="2" sc="55,0,301,90,390,-80,244,0" owari="55,-44.0,391,49.0,310,11.0,244,-16.0" /></mjloggm>