<mjloggm ver="2.3"><GO type="97" lobby="0"/><UN n0="%E5%A4%A7%E5%85%A5%E9%81%93%E3%81%8F%E3%82%93" n1="%E4%B8%89%E5%9C%8B%E5%81%A5%E6%AC%A1%E9%83%8E" n2="%E3%82%A8%E3%83%AD%E7%94%BB%E5%83%8F%2E%6A%70%67" n3="%E3%82%A6%E3%83%AB%E3%83%88%E3%83%A9%E7%AB%8B%E7%9B%B4" dan="14,14,13,14" rate="1939.09,1932.66,1934.92,1936.98" sx="M,M,F,M"/><TAIKYOKU oya="0"/><INIT seed="0,0,0,0,2,114" ten="250,250,250,250" oya="0" hai0="116,119,26,115,11,38,64,0,93,18,2,17,34" hai1="74,84,65,126,20,9,49,112,85,97,5,63,88" hai2="10,68,67,103,28,44,123,15,100,73,16,51,90" hai3="7,43,95,23,6,32,36,80,24,33,121,53,79"/><T29/><D38/><U99/><E74/><V78/><F123/><W50/><G121/><T48/><D64/><U42/><E112/><V66/><F28/><W19/><G33/><T60/><D60/><U102/><E126/><V91/><F78/><W83/><G32/><T109/><D93/><U111/><E111/><V108/><F73/><W81/><G79/><T128/><D48/><U35/><E35/><V25/><F25/><W4/><G36/><T3/><D115/><U129/><E129/><V22/><F22/><W98/><G43/><T58/><D58/><U117/><E117/><N who="0" m="45129" /><D128/><U56/><E20/><V76/><F76/><W14/><G24/><T135/><D109/><U92/><E84/><V96/><F108/><W62/><G62/><T13/><D135/><U118/><E102/><N who="2" m="38955" /><F68/><W75/><G75/><T131/><D131/><U86/><E99/><V72/><F72/><W107/><G107/><T40/><D40/><U1/><REACH who="1" step="1"/><E118/><REACH who="1" ten="250,240,250,250" step="2"/><V69/><F96/><W30/><G98/><T59/><D59/><U8/><E8/><V110/><F110/><W31/><G95/><T41/><D41/><U27/><E27/><V46/><F69/><W55/><G55/><T52/><D52/><U71/><E71/><V87/><F87/><W101/><G101/><T125/><D125/><U132/><E132/><V124/><F124/><W70/><G70/><T45/><D45/><AGARI ba="0,1" hai="1,5,9,42,45,49,56,63,65,85,86,88,92,97" machi="45" ten="40,5200,0" yaku="1,1,54,1,53,1" doraHai="114" doraHaiUra="47" who="1" fromWho="0" sc="250,-52,240,62,250,0,250,0" /><AGARI ba="0,0" hai="4,6,7,14,19,23,30,31,45,50,53,80,81,83" machi="45" ten="40,1300,0" yaku="8,1" doraHai="114" who="3" fromWho="0" sc="198,-13,302,0,250,0,250,13" /><INIT seed="1,0,0,0,3,16" ten="185,302,250,263" oya="1" hai0="131,93,45,78,75,38,98,46,85,34,74,130,1" hai1="5,110,20,114,134,125,104,54,62,80,58,128,70" hai2="83,10,95,77,9,86,26,43,53,37,66,50,49" hai3="81,33,29,107,82,51,84,23,76,4,67,13,36"/><U0/><E104/><V7/><F66/><W22/><G36/><T12/><D1/><U19/><E70/><V91/><F37/><W102/><G107/><T112/><D34/><U31/><E114/><V122/><F122/><W15/><G33/><T21/><D112/><U61/><E134/><V56/><F26/><N who="3" m="16599" /><G102/><T69/><D69/><U27/><E125/><V57/><F7/><W72/><G72/><T24/><D12/><U42/><E42/><V92/><F92/><W115/><G115/><T35/><D35/><U105/><E105/><V48/><F43/><W116/><G116/><T119/><D119/><U106/><E106/><V32/><F32/><W2/><G2/><T41/><D46/><U127/><E127/><V3/><F3/><W113/><G113/><T108/><D108/><U126/><E126/><V14/><F14/><W59/><G81/><T39/><D39/><U133/><E133/><V135/><F135/><W71/><G71/><T89/><D98/><U8/><E128/><N who="0" m="49193" /><D78/><U79/><E110/><V97/><F57/><W111/><G111/><T47/><D47/><U94/><E94/><V117/><F117/><W52/><G4/><T55/><D55/><U109/><E109/><V121/><F121/><W123/><G123/><T129/><N who="0" m="49201" /><T118/><DORA hai="30" /><D118/><U99/><E99/><V68/><F68/><W18/><G15/><T100/><D100/><U87/><REACH who="1" step="1"/><E31/><AGARI ba="0,0" hai="21,24,31,38,41,45,74,75,85,89,93" m="49201" machi="31" ten="40,2600,0" yaku="19,1,52,1" doraHai="16,30" who="0" fromWho="1" sc="185,26,302,-26,250,0,263,0" /><INIT seed="2,0,0,0,3,70" ten="211,276,250,263" oya="2" hai0="50,51,88,1,52,82,86,72,8,80,3,134,115" hai1="55,81,7,121,34,54,117,67,64,99,124,19,36" hai2="95,123,44,5,10,98,17,87,9,25,94,110,125" hai3="83,40,32,37,12,15,18,56,103,107,29,4,92"/><V23/><F123/><W62/><G107/><T118/><D115/><U122/><E34/><V6/><F125/><W45/><G32/><T97/><D118/><U84/><E7/><V16/><F110/><W39/><G29/><T114/><D114/><U57/><E117/><V77/><F44/><W38/><G4/><N who="2" m="1641" /><F17/><W26/><G26/><T43/><D3/><U111/><E111/><V126/><F126/><W116/><G116/><T112/><D8/><N who="2" m="3178" /><F98/><W24/><G24/><T132/><D1/><U76/><E124/><V105/><F105/><W48/><G83/><AGARI ba="0,0" hai="16,23,25,77,83,87,94,95" m="3178,1641" machi="83" ten="30,2900,0" yaku="8,1,54,1" doraHai="70" who="2" fromWho="3" sc="211,0,276,0,250,29,263,-29" /><INIT seed="2,1,0,0,5,40" ten="211,276,279,234" oya="2" hai0="33,120,18,106,72,49,25,73,28,7,2,87,36" hai1="103,62,126,14,48,20,45,74,111,88,83,42,80" hai2="112,82,98,124,35,51,128,60,15,132,71,66,27" hai3="4,122,115,95,118,104,69,131,129,59,75,108,121"/><V105/><F112/><W97/><G4/><T77/><D120/><N who="3" m="46185" /><G69/><T84/><D106/><U61/><E111/><V89/><F124/><W133/><G59/><T65/><D65/><U70/><E126/><V76/><F128/><N who="3" m="49227" /><G118/><T47/><D49/><U8/><E70/><V99/><F132/><W43/><G43/><N who="0" m="23015" /><D18/><U127/><E103/><V16/><F51/><W57/><G57/><T86/><D86/><U30/><E127/><V94/><F99/><W17/><G17/><T19/><D73/><U114/><E74/><V93/><F93/><W91/><G108/><T92/><D92/><U46/><E114/><V6/><F6/><W10/><G10/><N who="0" m="2423" /><D19/><U63/><E30/><V3/><F105/><W101/><G115/><T125/><D125/><U1/><E1/><V41/><F3/><W9/><G9/><T109/><D109/><U34/><E34/><V26/><F35/><W134/><G75/><T58/><D58/><U110/><E20/><V50/><F50/><W13/><G13/><T79/><D79/><U64/><E110/><V23/><F41/><W32/><G32/><T113/><D113/><U55/><E8/><V96/><F96/><AGARI ba="1,0" hai="91,95,96,97,101,104,133,134" m="49227,46185" machi="96" ten="40,5200,0" yaku="19,1,34,2" doraHai="40" who="3" fromWho="2" sc="211,0,276,0,279,-55,234,55" /><INIT seed="3,0,0,4,3,110" ten="211,276,224,289" oya="3" hai0="35,51,62,31,91,11,71,79,77,126,117,46,94" hai1="26,75,86,39,4,21,73,49,64,7,74,24,48" hai2="69,32,129,33,47,29,40,41,128,115,60,13,82" hai3="19,111,97,83,67,112,84,57,27,25,22,10,53"/><W88/><G112/><T120/><D117/><U5/><E39/><V56/><F69/><W85/><G111/><T8/><D120/><U87/><E64/><V0/><F0/><W132/><G132/><T127/><D31/><U55/><E55/><V135/><F135/><W90/><G67/><N who="0" m="41463" /><D35/><U38/><E38/><V61/><F13/><N who="3" m="9583" /><G97/><N who="0" m="57567" /><D11/><U109/><E109/><V125/><F82/><N who="3" m="49175" /><G10/><T96/><D8/><U123/><E123/><V105/><F105/><W59/><G59/><T20/><D20/><U134/><E21/><V65/><F56/><W104/><G104/><T66/><D66/><U76/><E134/><V15/><F65/><W80/><G80/><T122/><D96/><U63/><E76/><V42/><F33/><W3/><G3/><T72/><D72/><U100/><E63/><AGARI ba="0,0" hai="25,27,53,57,63,83,85,90" m="49175,9583" machi="63" ten="30,2900,0" yaku="8,1,54,1" doraHai="110" who="3" fromWho="1" sc="211,0,276,-29,224,0,289,29" owari="211,-29.0,247,5.0,224,-18.0,318,42.0" /></mjloggm>