<mjloggm ver="2.3"><GO type="97" lobby="0"/><UN n0="%E3%82%A6%E3%83%AB%E3%83%88%E3%83%A9%E7%AB%8B%E7%9B%B4" n1="%E4%B8%96%E3%81%AE%E3%81%9F%E3%82%81%E9%96%89%E9%8E%96%E3%81%97%E3%82%8D" n2="%79%61%6D%61%77%61%6B%69" n3="%E5%8F%A4%E6%B8%85%E6%B0%B4%E6%80%9C" dan="13,13,13,14" rate="1839.05,1904.76,1810.62,1960.51" sx="M,M,M,F"/><TAIKYOKU oya="0"/><INIT seed="0,0,0,5,2,24" ten="250,250,250,250" oya="0" hai0="99,112,132,30,128,72,77,48,93,117,44,94,111" hai1="7,86,34,110,79,56,55,10,68,42,73,47,13" hai2="109,27,19,106,105,70,21,113,20,60,41,23,46" hai3="39,125,90,12,97,9,103,32,53,61,89,36,63"/><T5/><D117/><U121/><E73/><V17/><F113/><W104/><G125/><T100/><D112/><U122/><E68/><V2/><F109/><W26/><G39/><T81/><D111/><U45/><E34/><V14/><F2/><W62/><G36/><T4/><D132/><U69/><E69/><V82/><F82/><W96/><G96/><T87/><D128/><U50/><E47/><V116/><F116/><W11/><G53/><T74/><D74/><U115/><E110/><V118/><F118/><W25/><G11/><T64/><D64/><U120/><E115/><V29/><F70/><W108/><G108/><T129/><D129/><U65/><E65/><V126/><F126/><W40/><G40/><T52/><D30/><U58/><E55/><V83/><F83/><AGARI ba="0,0" hai="7,10,13,42,45,50,56,58,79,83,86,120,121,122" machi="83" ten="40,2600,0" yaku="25,2" doraHai="24" who="1" fromWho="2" sc="250,0,250,26,250,-26,250,0" /><INIT seed="1,0,0,4,0,64" ten="250,276,224,250" oya="1" hai0="71,23,107,6,128,129,16,52,70,115,27,99,49" hai1="104,73,47,35,81,58,120,77,125,96,101,10,46" hai2="98,8,123,59,131,109,93,13,50,55,5,105,39" hai3="126,24,127,72,84,85,86,68,106,37,117,9,31"/><U25/><E120/><V92/><F123/><W30/><G37/><T18/><D115/><U102/><E125/><N who="3" m="47626" /><G106/><T108/><D108/><U3/><E101/><V133/><F109/><W114/><G114/><T75/><D75/><U124/><E58/><V19/><F133/><W89/><G72/><T118/><D118/><U94/><E124/><V134/><F131/><N who="0" m="50250" /><D6/><U17/><E17/><V0/><F134/><W95/><G117/><T60/><D60/><U103/><E103/><V48/><F39/><W28/><G68/><N who="0" m="26155" /><D18/><U11/><E11/><V79/><F105/><W26/><G9/><T119/><D119/><U36/><E10/><V57/><F79/><W91/><G95/><T78/><D78/><U2/><E94/><V112/><F112/><W44/><G44/><N who="0" m="27687" /><D107/><U14/><E46/><V97/><F93/><W135/><G135/><T34/><D34/><U76/><E76/><V61/><F92/><W12/><G12/><T40/><D40/><N who="1" m="22919" /><E14/><V32/><F32/><W21/><G21/><T116/><D116/><U54/><E35/><V122/><F122/><W110/><G110/><T1/><D1/><U132/><E77/><V53/><REACH who="2" step="1"/><F61/><REACH who="2" ten="250,276,214,250" step="2"/><W42/><G42/><T22/><D22/><AGARI ba="0,1" hai="0,5,8,13,19,22,48,50,53,55,57,59,97,98" machi="22" ten="30,12000,2" yaku="1,1,2,1,7,1,9,1,53,2" doraHai="64" doraHaiUra="51" who="2" fromWho="0" sc="250,-120,276,0,214,130,250,0" /><INIT seed="2,0,0,2,3,58" ten="130,276,344,250" oya="2" hai0="47,46,97,132,89,78,120,101,44,38,99,90,76" hai1="125,119,31,74,60,29,39,0,24,131,17,8,67" hai2="20,15,116,30,70,92,124,80,115,88,42,110,128" hai3="91,56,45,122,94,84,134,49,77,86,10,9,12"/><V19/><F116/><W55/><G122/><T4/><D120/><U40/><E74/><V65/><F115/><W52/><G134/><T7/><D38/><U108/><E119/><V33/><F110/><W71/><G71/><T126/><D101/><U102/><E131/><V123/><F123/><W72/><G72/><T53/><D53/><U36/><E125/><V121/><F124/><W16/><G77/><T73/><D73/><U82/><E108/><V111/><F111/><W98/><G10/><T81/><D81/><U27/><E82/><V48/><F121/><W113/><G113/><T22/><D22/><U109/><E102/><V114/><F128/><W59/><G45/><T112/><D112/><U107/><E107/><V93/><F114/><W75/><G75/><T1/><D1/><U51/><E51/><AGARI ba="0,0" hai="9,12,16,49,51,52,55,56,59,84,86,91,94,98" machi="51" ten="30,8000,1" yaku="7,1,9,1,8,1,54,2" doraHai="58" who="3" fromWho="1" sc="130,0,276,-80,344,0,250,80" /><INIT seed="3,0,0,3,0,61" ten="130,196,344,330" oya="3" hai0="39,53,80,90,112,86,7,12,122,92,29,32,65" hai1="113,125,103,76,133,102,18,111,26,19,8,33,11" hai2="4,71,88,84,60,62,49,85,100,42,48,129,9" hai3="121,99,75,38,68,2,123,64,37,66,105,14,54"/><W135/><G2/><T87/><D39/><N who="3" m="14857" /><G66/><T45/><D122/><N who="3" m="46601" /><G54/><T119/><D112/><U15/><E111/><V128/><F100/><N who="3" m="62623" /><G14/><T79/><D119/><U78/><E103/><V81/><F84/><W77/><G135/><T47/><D32/><U50/><E113/><V70/><F70/><W115/><G115/><T58/><D29/><U117/><E102/><V83/><F83/><N who="3" m="45503" /><G64/><T124/><D124/><U57/><E125/><V95/><F81/><W73/><G68/><T51/><D7/><U110/><E110/><V97/><F97/><W55/><G55/><T91/><D79/><U114/><E33/><V3/><F71/><W59/><G59/><T94/><D80/><U89/><E89/><V69/><F69/><W107/><G107/><T41/><D41/><U120/><E117/><V93/><F93/><W118/><G118/><T20/><D65/><U126/><E120/><V109/><F109/><W17/><G17/><AGARI ba="0,0" hai="12,17,20,45,47,51,53,58,86,87,90,91,92,94" machi="17" ten="40,8000,1" yaku="9,1,25,2,8,1" doraHai="61" who="0" fromWho="3" sc="130,80,196,0,344,0,330,-80" owari="210,-19.0,196,-30.0,344,44.0,250,5.0" /></mjloggm>