<mjloggm ver="2.3"><GO type="97" lobby="0"/><UN n0="%E3%82%A6%E3%83%AB%E3%83%88%E3%83%A9%E7%AB%8B%E7%9B%B4" n1="%62%69%6C%74%69%6E%73%74" n2="%E3%81%8B%E3%82%89%E3%81%97%E3%82%8C%E3%82%93%E3%81%93%E3%82%93" n3="%69%6A%69%67%65%6E" dan="15,13,13,15" rate="1988.42,1826.65,1845.17,1961.19" sx="M,M,M,M"/><TAIKYOKU oya="0"/><INIT seed="0,0,0,3,4,105" ten="250,250,250,250" oya="0" hai0="119,10,39,95,38,80,118,69,100,104,125,129,8" hai1="82,85,103,107,128,94,135,33,92,11,41,89,48" hai2="70,23,114,15,52,102,18,65,88,9,64,133,68" hai3="115,27,93,75,30,25,53,101,40,19,77,120,34"/><T35/><D95/><N who="1" m="36395" /><E48/><V21/><F114/><W96/><G115/><T98/><D10/><U29/><E41/><V67/><F102/><W45/><G120/><T5/><D35/><U124/><E11/><V54/><F133/><W58/><G27/><T13/><D13/><U46/><E46/><V59/><F70/><W14/><G58/><T91/><D91/><N who="1" m="51639" /><E29/><V16/><F68/><W44/><G53/><N who="2" m="20585" /><F9/><W22/><G40/><T116/><D69/><U123/><E33/><V1/><F1/><W63/><G63/><T113/><D113/><U126/><E123/><V55/><F88/><W127/><G127/><N who="1" m="48682" /><E89/><V49/><F67/><W31/><REACH who="3" step="1"/><G31/><REACH who="3" ten="250,250,250,240" step="2"/><T4/><D125/><U51/><E51/><V62/><F62/><W86/><G86/><T20/><D119/><U43/><E43/><V131/><F131/><W28/><G28/><T76/><D129/><U84/><E84/><V132/><F132/><W61/><G61/><T73/><D118/><U74/><E135/><V12/><AGARI ba="0,1" hai="12,15,16,18,21,23,49,55,59,64,65" m="20585" machi="12" ten="30,4000,0" yaku="8,1,54,2" doraHai="105" who="2" fromWho="2" sc="250,-20,250,-10,250,50,240,-10" /><INIT seed="1,0,0,0,5,44" ten="230,240,300,230" oya="1" hai0="84,9,133,26,69,111,75,104,81,29,80,72,52" hai1="1,56,101,47,67,92,83,50,35,100,79,109,98" hai2="131,77,88,119,134,10,6,51,85,2,60,30,18" hai3="105,13,107,76,62,31,5,54,91,61,121,0,28"/><U40/><E1/><V3/><F119/><W112/><G121/><T8/><D69/><U55/><E109/><V32/><F77/><W93/><G112/><T20/><D104/><U82/><E35/><V108/><F108/><W125/><G76/><T53/><D133/><U74/><E82/><N who="0" m="31849" /><D75/><U4/><E4/><V117/><F117/><W94/><G0/><T39/><D39/><U27/><E27/><V127/><F134/><W43/><G43/><T71/><D71/><U106/><E67/><V113/><F113/><W73/><G73/><T132/><D132/><U63/><REACH who="1" step="1"/><E106/><REACH who="1" ten="230,230,300,230" step="2"/><V95/><F2/><W130/><G107/><T12/><D111/><U89/><AGARI ba="0,1" hai="40,47,50,55,56,63,74,79,83,89,92,98,100,101" machi="89" ten="20,12000,1" yaku="1,1,2,1,0,1,7,1,52,1,53,0" doraHai="44" doraHaiUra="120" who="1" fromWho="1" sc="230,-40,230,130,300,-40,230,-40" /><INIT seed="1,1,0,1,2,28" ten="190,360,260,190" oya="1" hai0="103,25,75,6,62,91,127,134,40,79,125,12,73" hai1="97,84,23,69,35,129,42,83,2,15,58,80,14" hai2="107,66,92,34,130,89,81,4,104,48,9,110,54" hai3="116,7,123,114,49,45,109,132,32,60,52,131,71"/><U36/><E2/><V94/><F66/><W46/><G7/><T50/><D103/><U56/><E69/><V85/><F130/><W111/><G131/><T70/><D91/><U99/><E129/><V82/><F34/><W57/><G32/><T64/><D12/><U11/><E35/><V51/><F51/><W86/><G86/><T18/><D6/><N who="1" m="3447" /><E42/><V33/><F33/><W90/><G90/><T76/><D18/><N who="1" m="10719" /><E36/><V119/><F119/><W26/><G26/><T65/><D25/><U27/><E27/><V61/><F61/><W72/><G72/><T44/><D65/><U96/><E83/><V13/><F81/><W122/><G116/><T67/><D67/><U93/><E93/><V29/><F29/><W1/><G1/><T41/><D41/><U95/><E95/><V5/><F5/><W98/><G98/><T106/><D106/><U22/><E22/><V118/><F118/><W101/><G101/><T30/><D30/><U113/><E113/><V3/><F94/><W133/><G114/><T105/><D105/><U43/><E43/><V68/><F107/><W53/><G71/><T16/><D16/><U128/><E128/><V20/><F68/><W39/><G39/><T59/><D70/><U115/><E115/><V108/><F104/><W77/><G77/><AGARI ba="1,0" hai="56,58,77,80,84,96,97,99" m="10719,3447" machi="77" ten="30,1500,0" yaku="8,1" doraHai="28" who="1" fromWho="3" sc="190,0,360,18,260,0,190,-18" /><INIT seed="1,2,0,0,2,87" ten="190,378,260,172" oya="1" hai0="57,96,44,120,65,30,48,39,46,5,125,98,9" hai1="116,73,63,19,108,22,52,29,72,84,93,100,118" hai2="27,40,78,25,80,42,81,75,50,77,66,101,17" hai3="113,69,55,114,67,4,121,109,12,119,13,71,135"/><U56/><E29/><V10/><F101/><W111/><G4/><T102/><D125/><U43/><E43/><V1/><F66/><W8/><G8/><T34/><D120/><U82/><E108/><N who="3" m="41546" /><G55/><T21/><D34/><U128/><E128/><V23/><F1/><W106/><G106/><T15/><D39/><U18/><E18/><V110/><F110/><W105/><G105/><T131/><D96/><U2/><E2/><V47/><F10/><W16/><G67/><T35/><D35/><U122/><E122/><V37/><F37/><W36/><G36/><T95/><D131/><U31/><E31/><V132/><F132/><W104/><G104/><T58/><D58/><U123/><E123/><V74/><REACH who="2" step="1"/><F27/><REACH who="2" ten="190,378,250,172" step="2"/><W20/><G121/><T61/><D48/><U38/><E38/><V91/><F91/><W60/><G135/><T97/><D97/><U88/><E100/><V129/><F129/><W26/><G119/><T64/><D64/><U6/><E6/><V89/><F89/><W83/><G83/><T24/><AGARI ba="2,1" hai="5,9,15,21,24,30,44,46,57,61,65,95,98,102" machi="24" ten="30,7900,0" yaku="0,1,25,2,8,1" doraHai="87" who="0" fromWho="0" sc="190,95,378,-41,250,-22,172,-22" /><INIT seed="2,0,0,5,0,43" ten="285,337,228,150" oya="2" hai0="29,3,7,40,103,101,68,58,118,113,59,91,17" hai1="54,64,0,25,74,87,23,95,4,81,83,111,122" hai2="21,84,6,104,86,30,16,108,63,36,76,119,52" hai3="38,75,93,77,133,60,97,100,114,1,51,96,79"/><V105/><F119/><W48/><G1/><T2/><D68/><U56/><E111/><V94/><F108/><W99/><G38/><T131/><D29/><U115/><E115/><V132/><F36/><W19/><G114/><T124/><D113/><U73/><E64/><V130/><F30/><W71/><G133/><T116/><D17/><U126/><E126/><V62/><F132/><W72/><G71/><T98/><D91/><U20/><E122/><V32/><F6/><W9/><G60/><T88/><D40/><U134/><E134/><V12/><F32/><W67/><G67/><T39/><D39/><U102/><E4/><V11/><F11/><W57/><G57/><N who="0" m="21515" /><D7/><U24/><E0/><N who="0" m="41" /><D124/><U13/><E13/><V42/><F42/><W47/><G51/><T34/><D34/><U129/><E102/><N who="0" m="38921" /><D88/><U78/><E78/><V18/><F76/><N who="3" m="29259" /><G75/><T22/><D22/><U106/><E106/><V55/><F21/><W41/><G72/><T15/><D15/><AGARI ba="0,0" hai="9,15,19,41,47,48,93,96,97,99,100" m="29259" machi="15" ten="30,2000,0" yaku="8,1,52,1" doraHai="43" who="3" fromWho="0" sc="285,-20,337,0,228,0,150,20" /><INIT seed="3,0,0,0,1,73" ten="265,337,228,170" oya="3" hai0="8,0,117,66,84,127,18,105,53,72,86,41,11" hai1="5,92,75,97,9,123,95,76,88,111,63,71,42" hai2="74,119,109,98,85,61,78,69,58,21,37,34,32" hai3="134,28,52,90,126,135,49,45,57,17,48,91,130"/><W25/><G17/><T30/><D105/><U122/><E111/><V114/><F85/><W27/><G126/><T47/><D117/><U51/><E63/><V115/><F58/><W103/><G103/><T29/><D72/><U128/><E71/><V116/><F21/><W13/><G13/><T120/><D120/><U121/><E128/><V100/><F37/><W77/><G77/><T89/><D66/><U6/><E95/><V39/><F39/><W94/><G130/><T31/><D127/><U10/><E51/><V55/><F55/><W65/><G90/><T59/><D0/><U70/><E42/><V60/><F60/><W110/><G110/><T132/><D132/><N who="3" m="50729" /><G28/><T79/><D18/><U20/><E20/><V26/><F26/><W33/><G33/><N who="2" m="12905" /><F109/><W4/><G4/><T68/><D79/><U7/><E70/><V36/><F36/><W87/><G65/><T56/><D86/><U24/><E24/><V101/><F61/><W82/><G82/><T44/><D30/><U12/><E12/><V14/><F14/><W107/><G107/><T118/><D11/><U22/><E22/><V15/><F15/><W129/><G129/><T35/><D8/><U50/><E76/><V102/><F69/><W81/><G94/><T67/><D84/><U108/><E108/><V83/><F83/><W133/><N who="3" m="50737" /><W23/><DORA hai="46" /><G23/><T1/><D31/><U38/><E75/><V16/><F16/><W106/><G106/><T2/><D29/><U99/><E121/><V3/><F98/><N who="1" m="37385" /><E122/><V43/><F119/><W112/><G112/><T64/><D1/><RYUUKYOKU ba="0,0" sc="265,-10,337,-10,228,-10,170,30" hai3="25,27,45,48,49,52,57,81,87,91" /><INIT seed="3,1,0,1,3,106" ten="255,327,218,200" oya="3" hai0="125,7,86,115,4,45,81,84,120,47,131,10,59" hai1="112,27,97,107,126,121,73,100,28,94,15,32,135" hai2="67,90,69,33,5,68,101,0,18,113,103,43,85" hai3="25,92,21,6,44,130,24,12,49,105,108,65,48"/><W41/><G105/><T64/><D120/><U111/><E121/><V3/><F113/><W102/><G130/><T96/><D131/><U91/><E112/><V95/><F33/><W118/><G118/><T35/><D35/><U82/><E111/><V40/><F18/><W19/><G108/><T61/><D125/><U63/><E126/><V72/><F5/><N who="0" m="2122" /><D115/><U79/><E15/><V46/><F72/><W9/><G65/><T114/><D114/><U50/><E50/><V38/><F43/><W26/><G49/><T52/><D10/><U2/><E63/><V17/><F17/><W34/><G34/><T76/><D96/><AGARI ba="1,0" hai="6,9,12,19,21,24,25,26,41,44,48,92,96,102" machi="96" ten="40,2000,0" yaku="8,1" doraHai="106" who="3" fromWho="0" sc="255,-23,327,0,218,0,200,23" /><INIT seed="3,2,0,2,3,5" ten="232,327,218,223" oya="3" hai0="93,90,65,13,12,57,34,60,95,112,51,99,106" hai1="36,108,94,114,64,123,23,22,42,76,80,107,2" hai2="75,88,68,50,35,100,116,45,11,28,3,56,15" hai3="77,128,47,104,33,134,96,21,27,124,67,132,126"/><W82/><G33/><T72/><D72/><U89/><E107/><V133/><F116/><W17/><G67/><T101/><D112/><U14/><E114/><V37/><F75/><W30/><G47/><T7/><D106/><U49/><E2/><V97/><F68/><W102/><G30/><T46/><D34/><U61/><E108/><V66/><F3/><W40/><G40/><N who="0" m="25031" /><D7/><U8/><E123/><V131/><F37/><W83/><G77/><T98/><AGARI ba="2,0" hai="12,13,57,60,65,90,93,95,98,99,101" m="25031" machi="98" ten="30,1100,0" yaku="8,1" doraHai="5" who="0" fromWho="0" sc="232,17,327,-5,218,-5,223,-7" owari="249,5.0,322,42.0,213,-29.0,216,-18.0" /></mjloggm>