<mjloggm ver="2.3"><GO type="169" lobby="0"/><UN n0="%56%69%56%49" n1="%74%6F%72%69%30%36%31%32" n2="%E3%82%A6%E3%83%AB%E3%83%88%E3%83%A9%E7%AB%8B%E7%9B%B4" n3="%E8%8C%82%E6%89%8B%E3%82%82%E3%81%A6%E5%A4%AB" dan="16,18,16,16" rate="2164.68,2166.84,2104.01,2065.86" sx="M,M,M,F"/><TAIKYOKU oya="0"/><INIT seed="0,0,0,0,0,40" ten="250,250,250,250" oya="0" hai0="128,88,126,48,72,116,32,65,50,89,91,86,85" hai1="37,1,23,6,60,10,26,68,52,51,74,110,0" hai2="117,129,90,108,114,14,118,120,79,27,87,122,43" hai3="63,55,107,75,112,135,81,25,105,45,42,39,96"/><T49/><D32/><U12/><E74/><V35/><F79/><W94/><G112/><T77/><D126/><U67/><E37/><V61/><F35/><W15/><G135/><T24/><D116/><U5/><E110/><V53/><F27/><W95/><G95/><T103/><D128/><U7/><E0/><V66/><F14/><W47/><G25/><T28/><D103/><U3/><E3/><V56/><F87/><N who="0" m="33290" /><D72/><U20/><E1/><V99/><F90/><W80/><G15/><T106/><D106/><U69/><E69/><V119/><F99/><W127/><G127/><T130/><D130/><U31/><E23/><V41/><F129/><W18/><G18/><T9/><D65/><U34/><E34/><V57/><F114/><W132/><G132/><T84/><D9/><U98/><E98/><V11/><F11/><W21/><G21/><N who="0" m="15375" /><D77/><U121/><E121/><N who="2" m="46699" /><F108/><W13/><G13/><T30/><D30/><U124/><E124/><V22/><F22/><W62/><G75/><T115/><D115/><U2/><E2/><V70/><F70/><W73/><G73/><T109/><D109/><U92/><E92/><AGARI ba="0,0" hai="48,49,50,84,88,89,91,92" m="15375,33290" machi="92" ten="30,2900,0" yaku="8,1,54,1" doraHai="40" who="0" fromWho="1" sc="250,29,250,-29,250,0,250,0" /><INIT seed="0,1,0,1,3,65" ten="279,221,250,250" oya="0" hai0="107,55,9,4,17,89,25,61,5,68,0,51,126" hai1="101,56,13,132,114,46,44,48,122,76,1,20,116" hai2="21,94,28,29,36,113,2,26,111,24,99,69,58" hai3="63,129,90,91,104,74,81,60,75,93,84,78,106"/><T72/><D72/><N who="3" m="27689" /><G60/><T124/><D107/><N who="3" m="41001" /><G63/><T105/><D105/><U112/><E101/><V80/><F80/><W66/><G66/><N who="0" m="41039" /><D89/><N who="3" m="33801" /><G129/><T102/><D102/><U15/><E76/><V97/><F58/><W45/><G45/><N who="0" m="28143" /><D25/><U120/><E1/><V59/><F21/><W33/><G33/><T30/><D30/><U14/><E56/><V27/><F59/><W7/><G7/><N who="0" m="1255" /><D17/><U79/><E79/><V110/><F2/><W22/><G22/><T71/><D71/><U3/><E3/><V18/><F18/><W49/><G49/><T37/><D37/><U109/><E20/><V52/><F36/><W115/><G115/><T6/><D6/><U35/><E35/><V57/><F69/><W130/><G130/><T31/><D31/><U123/><E114/><V119/><F113/><W117/><G117/><T62/><D62/><U128/><E112/><V10/><F119/><W118/><G118/><T82/><D82/><U100/><E116/><V8/><F57/><W54/><G54/><T92/><D92/><AGARI ba="1,0" hai="78,81,84,92,93" m="33801,41001,27689" machi="92" ten="40,8000,1" yaku="35,5" doraHai="65" who="3" fromWho="0" sc="279,-83,221,0,250,0,250,83" /><INIT seed="1,0,0,0,4,55" ten="196,221,250,333" oya="1" hai0="119,11,124,72,64,99,23,104,86,128,21,16,91" hai1="122,8,5,105,42,89,80,115,33,53,78,95,57" hai2="107,131,29,31,77,25,43,9,135,34,30,121,97" hai3="114,46,61,113,28,40,39,47,134,51,66,120,13"/><U109/><E122/><V22/><F121/><W130/><G120/><T126/><D72/><U93/><E105/><V101/><F131/><W123/><G123/><T6/><D119/><U52/><E33/><V100/><F135/><W63/><G28/><T117/><D117/><U88/><E42/><V69/><F69/><W111/><G130/><T27/><D128/><U17/><E17/><V106/><F34/><W82/><G134/><T36/><D36/><U110/><E115/><V76/><F43/><W133/><G133/><T10/><D64/><U118/><E118/><V60/><F9/><W41/><G13/><T56/><D99/><U70/><E70/><V132/><F132/><W49/><G82/><T74/><D74/><U38/><E38/><V0/><F0/><W14/><G14/><T18/><D104/><U84/><E53/><V71/><F71/><W2/><G2/><T73/><D73/><U129/><E129/><V75/><F60/><W44/><G111/><N who="1" m="42506" /><E95/><V54/><F54/><N who="3" m="29991" /><G63/><T87/><D27/><U108/><E93/><V37/><F37/><W24/><G24/><T59/><D91/><U50/><E108/><V81/><F77/><W7/><G7/><AGARI ba="0,0" hai="6,7,10,11,16,18,21,23,56,59,86,87,124,126" machi="7" ten="25,8000,1" yaku="22,2,52,2,54,1" doraHai="55" who="0" fromWho="3" sc="196,80,221,0,250,0,333,-80" /><INIT seed="2,0,0,3,1,115" ten="276,221,250,253" oya="2" hai0="84,79,58,102,89,35,42,131,33,128,112,73,55" hai1="72,5,103,109,7,2,43,92,99,132,39,101,64" hai2="104,119,74,10,111,14,116,53,95,51,40,113,22" hai3="127,107,15,9,6,13,56,76,32,68,37,117,82"/><V96/><F104/><W50/><G68/><T52/><D112/><U133/><E72/><V65/><F74/><W1/><G32/><T61/><D42/><U85/><E64/><V78/><F78/><W62/><G37/><T98/><D79/><U71/><E71/><V80/><F80/><W46/><G107/><N who="0" m="63959" /><D55/><U12/><E2/><V94/><F113/><W63/><G127/><T21/><D21/><U34/><E34/><V86/><F65/><W47/><G47/><T70/><D70/><U57/><E57/><N who="2" m="32959" /><F40/><W90/><G90/><T97/><D97/><U26/><E26/><V28/><F28/><W8/><G1/><T11/><D11/><U123/><E123/><V41/><F10/><W105/><G105/><T4/><D4/><U75/><E75/><V126/><F41/><W81/><G56/><T66/><D73/><U106/><E43/><V122/><F122/><W49/><G46/><T125/><D66/><U36/><E36/><V25/><F25/><W24/><G76/><T77/><D77/><U134/><E39/><V23/><F23/><W135/><G24/><T45/><D45/><U30/><E30/><V118/><F96/><W31/><G31/><T16/><D16/><U130/><E106/><V69/><F69/><W44/><G44/><T88/><D89/><U93/><E101/><V48/><F48/><W124/><G6/><N who="1" m="2058" /><E12/><V18/><F126/><W38/><G124/><T87/><D125/><U108/><E130/><N who="0" m="49705" /><D87/><U121/><E121/><V29/><F29/><W129/><G38/><T27/><D27/><U83/><E83/><AGARI ba="0,0" hai="33,35,52,58,61,83,84,88" m="49705,63959" machi="83" ten="30,3900,0" yaku="19,1,54,2" doraHai="115" who="0" fromWho="1" sc="276,39,221,-39,250,0,253,0" /><INIT seed="3,0,0,3,0,80" ten="315,182,250,253" oya="3" hai0="11,7,127,5,45,131,64,25,30,134,94,72,1" hai1="18,87,46,62,124,34,115,39,91,54,135,52,77" hai2="86,103,102,75,82,120,125,88,28,14,16,105,57" hai3="85,128,47,35,132,107,37,104,81,97,22,111,93"/><W99/><G35/><T19/><D72/><U89/><E115/><V113/><F113/><W112/><G112/><T29/><D64/><U61/><E34/><V114/><F114/><W4/><G4/><T92/><D45/><U43/><E77/><V12/><F75/><W133/><G22/><T49/><D49/><U21/><E135/><N who="3" m="51786" /><G47/><T126/><D92/><U17/><E91/><V36/><F36/><W42/><G42/><T116/><D94/><U51/><E124/><N who="0" m="47657" /><D134/><U119/><E18/><V84/><F28/><N who="0" m="10858" /><D7/><U32/><E32/><V9/><F105/><N who="3" m="40523" /><G37/><T106/><D106/><U117/><E119/><V96/><F125/><W31/><G31/><T66/><D66/><U60/><E117/><V68/><F68/><W83/><G128/><T6/><D131/><U23/><E17/><N who="2" m="8335" /><F120/><W41/><G41/><T27/><D116/><U79/><E79/><N who="2" m="46175" /><F57/><W3/><G111/><T10/><D19/><U65/><E65/><V118/><F96/><N who="3" m="36939" /><G3/><AGARI ba="0,0" hai="1,3,5,6,10,11,25,27" m="10858,47657" machi="3" ten="30,3900,0" yaku="18,1,34,2" doraHai="80" who="0" fromWho="3" sc="315,39,182,0,250,0,253,-39" /><INIT seed="4,0,0,1,2,133" ten="354,182,250,214" oya="0" hai0="123,62,79,85,74,65,124,113,42,104,1,93,100" hai1="55,110,38,70,18,130,11,92,30,43,44,115,98" hai2="25,132,4,102,120,3,27,76,28,87,109,5,16" hai3="32,2,67,20,106,96,47,80,84,49,125,9,91"/><T66/><D1/><U10/><E110/><V22/><F102/><W7/><G32/><T89/><D42/><U131/><E70/><V134/><F87/><W46/><G67/><T41/><D41/><U51/><E30/><V34/><F76/><W37/><G37/><T12/><D123/><U6/><E18/><V48/><F48/><W63/><G63/><T128/><D113/><U69/><E69/><V117/><F109/><W24/><G125/><T60/><D124/><U31/><E31/><V81/><F81/><W54/><G106/><T116/><D128/><N who="1" m="49195" /><E6/><N who="2" m="2667" /><F3/><W78/><G96/><T95/><D12/><U39/><E115/><V36/><F36/><N who="1" m="13865" /><E55/><V19/><F120/><W86/><G86/><T127/><D127/><U61/><E61/><V29/><F117/><W23/><G78/><T103/><D116/><U75/><E75/><V82/><F82/><W14/><G2/><T118/><D118/><U88/><AGARI ba="0,0" hai="10,11,43,44,51,88,92,98" m="13865,49195" machi="88" ten="30,2000,0" yaku="19,1,54,1" doraHai="133" who="1" fromWho="1" sc="354,-10,182,20,250,-5,214,-5" /><INIT seed="5,0,0,5,3,70" ten="344,202,245,209" oya="1" hai0="124,119,58,33,84,21,126,5,12,9,31,50,46" hai1="127,112,122,2,113,39,35,44,67,78,25,99,60" hai2="93,75,18,48,135,88,4,11,73,7,66,106,54" hai3="97,16,27,91,22,65,68,15,14,79,103,76,47"/><U80/><E2/><V59/><F106/><W51/><G91/><T92/><D119/><U34/><E99/><V104/><F104/><W116/><G116/><T115/><D33/><U28/><E34/><V130/><F130/><W69/><G69/><T81/><D58/><U17/><E17/><V77/><F135/><W90/><G90/><T63/><D63/><U107/><E107/><V123/><F123/><W24/><G68/><T72/><D92/><U133/><E133/><V29/><F66/><W101/><G65/><T32/><D32/><U61/><E122/><V0/><F29/><W38/><G38/><T30/><D72/><N who="1" m="43079" /><E127/><N who="0" m="48681" /><D21/><U109/><E109/><V20/><F77/><N who="3" m="29771" /><G97/><T57/><D57/><U121/><E121/><V131/><F7/><W10/><G27/><T85/><D115/><N who="1" m="44107" /><E67/><V41/><F131/><W95/><G95/><T83/><D83/><U89/><E89/><V129/><F129/><W45/><G45/><T3/><D3/><U96/><E96/><V43/><F73/><W74/><G74/><T52/><D81/><U64/><E64/><V98/><REACH who="2" step="1"/><F75/><REACH who="2" ten="344,202,235,209" step="2"/><W19/><G24/><AGARI ba="0,1" hai="0,4,11,18,20,24,41,43,48,54,59,88,93,98" machi="24" ten="30,7700,0" yaku="1,1,2,1,7,1,54,1,53,0" doraHai="70" doraHaiUra="105" who="2" fromWho="3" sc="344,0,202,0,235,87,209,-77" /><INIT seed="6,0,0,3,0,131" ten="344,202,322,132" oya="2" hai0="63,13,82,88,111,107,5,16,92,121,52,0,24" hai1="102,122,97,10,80,75,4,129,46,74,49,36,94" hai2="29,8,2,132,15,23,1,26,33,48,45,56,61" hai3="112,38,55,73,18,77,54,124,7,19,123,98,43"/><V104/><F104/><W59/><G123/><T106/><D111/><U57/><E129/><V3/><F132/><W119/><G124/><T126/><D121/><U58/><E36/><V113/><F113/><W25/><G119/><T12/><D126/><U37/><E122/><V11/><F56/><W32/><G112/><T100/><D100/><U85/><E37/><V108/><F61/><W109/><G109/><T41/><D41/><U120/><E75/><V115/><F115/><W87/><G73/><T128/><D0/><U101/><E74/><V62/><F62/><W30/><G7/><T91/><D128/><U103/><E103/><V14/><F48/><W17/><G98/><N who="0" m="57607" /><D5/><U99/><E99/><V50/><F50/><W60/><G54/><T86/><D107/><U69/><E69/><V96/><F96/><W130/><G130/><T6/><D6/><U27/><E27/><N who="2" m="18623" /><F45/><W20/><G38/><T67/><D67/><U47/><E47/><V90/><F90/><W127/><G127/><T78/><D78/><N who="1" m="46231" /><E102/><V83/><F83/><W28/><G43/><T53/><D106/><U105/><E120/><V21/><F108/><W51/><G30/><T135/><D135/><U114/><E114/><V89/><F89/><W118/><G118/><T93/><D82/><U35/><E35/><V117/><F117/><W39/><G39/><T125/><D125/><U95/><E95/><V70/><F70/><W34/><G60/><T76/><D76/><U110/><E105/><V81/><F81/><N who="3" m="47535" /><G34/><T71/><D71/><U64/><E110/><V72/><F72/><W134/><G32/><RYUUKYOKU ba="0,0" sc="344,-10,202,-10,322,-10,132,30" hai3="17,18,19,20,25,28,51,55,59,134" /><INIT seed="7,1,0,5,4,42" ten="334,192,312,162" oya="3" hai0="55,132,107,121,103,11,122,97,96,23,84,129,72" hai1="125,128,31,86,133,79,109,10,6,117,130,92,118" hai2="5,102,32,0,62,30,119,87,108,75,9,51,81" hai3="36,50,83,73,69,28,43,120,40,106,38,26,16"/><W44/><G69/><T34/><D34/><U63/><E63/><V99/><F75/><W85/><G73/><T89/><D72/><U58/><E58/><V22/><F32/><W70/><G70/><T116/><D116/><N who="1" m="44651" /><E31/><V98/><F108/><W17/><G120/><T68/><D68/><U66/><E66/><V135/><F135/><W18/><G106/><T71/><D71/><U115/><E109/><V95/><F99/><W88/><REACH who="3" step="1"/><G43/><REACH who="3" ten="334,192,312,152" step="2"/><T78/><D122/><U64/><E133/><V27/><F119/><W94/><G94/><T59/><D132/><U67/><E125/><V114/><F114/><W2/><G2/><T123/><D123/><U24/><E115/><V82/><F82/><W124/><G124/><T61/><D121/><U57/><E92/><V110/><F110/><W77/><G77/><T33/><D78/><U90/><E79/><V112/><F112/><W3/><G3/><T56/><D107/><U21/><E130/><V52/><F81/><W54/><G54/><T14/><D129/><U29/><E128/><V101/><F0/><W8/><G8/><T93/><D11/><U39/><E67/><V19/><F9/><W12/><G12/><T13/><D13/><U105/><E105/><V35/><F52/><W48/><G48/><T49/><D14/><N who="1" m="5463" /><E39/><V65/><F51/><W37/><G37/><T134/><D49/><U47/><E64/><V1/><F95/><W80/><G80/><T100/><D134/><U131/><E131/><V60/><F65/><W91/><G91/><T53/><D89/><U7/><E90/><V46/><F1/><RYUUKYOKU ba="1,1" sc="334,-10,192,-10,312,-10,152,30" hai3="16,17,18,26,28,36,38,40,44,50,83,85,88" /><INIT seed="7,2,1,0,3,28" ten="324,182,302,182" oya="3" hai0="7,5,89,15,109,81,82,71,112,84,18,38,125" hai1="69,114,42,30,108,34,59,127,23,80,9,100,101" hai2="95,128,6,54,83,37,25,2,116,110,75,10,48" hai3="19,55,53,94,67,133,119,102,65,107,35,57,50"/><W61/><G119/><T1/><D38/><U60/><E69/><V41/><F110/><W0/><G107/><T77/><D71/><U13/><E34/><V120/><F128/><W130/><G0/><T76/><D109/><U56/><E108/><V26/><F116/><W98/><G133/><T123/><D123/><U115/><E42/><V31/><F95/><W21/><G130/><T12/><D1/><U43/><E43/><V68/><F68/><W113/><G113/><N who="1" m="43018" /><E127/><V121/><F48/><W93/><G93/><T51/><D51/><U129/><E129/><V106/><F54/><W47/><REACH who="3" step="1"/><G35/><REACH who="3" ten="324,182,302,172" step="2"/><T86/><D112/><U132/><E132/><V22/><F106/><W24/><AGARI ba="2,2" hai="19,21,24,47,50,53,55,57,61,65,67,94,98,102" machi="24" ten="20,18000,2" yaku="1,1,2,1,0,1,7,1,8,1,53,1" doraHai="28" doraHaiUra="14" who="3" fromWho="3" sc="324,-62,182,-62,302,-62,172,206" owari="262,6.0,120,-38.0,240,-16.0,378,48.0" /></mjloggm>