<mjloggm ver="2.3"><GO type="97" lobby="0"/><UN n0="%E5%B0%B1%E6%B4%BB%E7%94%9F%40%E5%B7%9D%E6%9D%91%E8%BB%8D%E5%9B%A3" n1="%E3%83%81%E3%83%A3%E3%82%A4%E3%83%8A%E3%82%BF%E3%82%A6%E3%83%8A%E3%83%BC" n2="%E3%81%AD%E3%81%93%E3%81%99%E3%82%93" n3="%70%75%6B%6B%61" dan="13,14,13,15" rate="1879.74,1920.18,1872.02,1968.12" sx="M,M,M,M"/><TAIKYOKU oya="0"/><INIT seed="0,0,0,3,5,81" ten="250,250,250,250" oya="0" hai0="52,60,46,61,116,41,114,111,96,75,102,83,89" hai1="43,51,15,42,73,103,3,59,110,25,45,92,18" hai2="106,56,8,69,38,120,84,11,133,129,22,28,63" hai3="100,119,98,48,90,113,134,58,21,94,6,82,19"/><T77/><D116/><U4/><E73/><V29/><F120/><W30/><G113/><T27/><D114/><U118/><E118/><V13/><F129/><W78/><G134/><T12/><D111/><U33/><E59/><V104/><F133/><W1/><G119/><T125/><D125/><U50/><E3/><V121/><F38/><W47/><G58/><T35/><D89/><U37/><E4/><V24/><F121/><W62/><G62/><T87/><D75/><U65/><E65/><V44/><F69/><W39/><G30/><T80/><D80/><U31/><E42/><V132/><F44/><W108/><G39/><T14/><D35/><U91/><E103/><V57/><F132/><W101/><G1/><T126/><D27/><U97/><E110/><V23/><F13/><N who="3" m="9455" /><G6/><T74/><D74/><U135/><E135/><V5/><F5/><W32/><G32/><T40/><D126/><U123/><E123/><V93/><F24/><W17/><G17/><T85/><D41/><U54/><E54/><V26/><F26/><W76/><G108/><T107/><D60/><U112/><E112/><V20/><F63/><W66/><G66/><T127/><D127/><U130/><E130/><V16/><F16/><W36/><G36/><T53/><D61/><U95/><E92/><V99/><F106/><W55/><G78/><T131/><D131/><U71/><E71/><V0/><F104/><W124/><G124/><T68/><D68/><U115/><E115/><V86/><F0/><W70/><G70/><T2/><D2/><U67/><E67/><V7/><F29/><RYUUKYOKU ba="0,0" sc="250,-15,250,15,250,-15,250,15" hai1="15,18,25,31,33,37,43,45,50,51,91,95,97" hai3="47,48,55,76,82,90,94,98,100,101" /><INIT seed="1,1,0,5,3,95" ten="235,265,235,265" oya="1" hai0="123,11,28,112,10,56,23,110,61,24,75,111,103" hai1="2,74,33,94,30,84,117,66,43,37,73,71,19" hai2="29,129,57,128,78,109,113,135,96,93,114,119,15" hai3="90,125,122,53,68,101,21,72,91,46,32,18,124"/><U88/><E117/><V127/><F29/><W87/><G72/><T81/><D112/><N who="2" m="43114" /><F78/><W64/><G32/><T133/><D123/><U38/><E2/><V35/><F35/><W99/><G122/><T3/><D133/><U120/><E120/><V47/><F15/><W100/><G64/><T44/><D3/><U42/><E19/><V26/><F57/><W14/><G68/><T85/><D75/><U89/><E33/><V54/><F26/><W52/><G100/><T86/><D103/><U9/><E9/><V13/><F13/><W45/><G45/><T107/><D107/><U70/><E30/><V58/><F47/><W59/><G46/><T36/><D36/><U1/><E1/><V134/><F58/><W98/><G101/><T77/><D85/><U17/><E17/><V102/><F54/><N who="3" m="21099" /><G59/><T65/><REACH who="0" step="1"/><D44/><REACH who="0" ten="225,265,235,265" step="2"/><U39/><E37/><V22/><F22/><W25/><G87/><T92/><D92/><U83/><E94/><V132/><F119/><W118/><G118/><T20/><D20/><U116/><E116/><V12/><F12/><W0/><G0/><T5/><D5/><U62/><E38/><V40/><F40/><W48/><G14/><T63/><D63/><N who="1" m="40287" /><E39/><V60/><F60/><W6/><G6/><T104/><D104/><U8/><E62/><V108/><F127/><N who="3" m="48715" /><G48/><T106/><D106/><U97/><E71/><V41/><F41/><N who="1" m="15369" /><E8/><AGARI ba="1,1" hai="8,10,11,23,24,28,56,61,65,77,81,86,110,111" machi="8" ten="40,1300,0" yaku="1,1,53,0" doraHai="95" doraHaiUra="67" who="0" fromWho="1" sc="225,26,265,-16,235,0,265,0" /><INIT seed="2,0,0,2,5,68" ten="251,249,235,265" oya="2" hai0="84,58,134,8,110,42,60,111,109,132,31,67,101" hai1="72,63,56,118,2,39,18,52,117,20,17,27,28" hai2="34,55,21,77,97,88,15,25,124,89,40,79,121" hai3="86,70,76,41,49,57,30,108,1,0,129,73,50"/><V44/><F121/><W98/><G73/><T59/><D31/><U54/><E72/><V38/><F124/><W24/><G70/><T16/><D101/><U127/><E2/><V130/><F130/><W102/><G108/><T122/><D122/><U61/><E127/><V4/><F34/><W94/><G50/><T123/><D123/><U126/><E126/><V99/><F4/><W36/><G36/><T66/><D84/><U35/><E39/><V116/><F116/><W22/><G129/><T12/><D42/><U6/><E6/><V103/><F15/><W75/><G75/><T43/><D43/><U45/><E45/><V74/><F55/><W81/><REACH who="3" step="1"/><G57/><REACH who="3" ten="251,249,235,255" step="2"/><T53/><D67/><U85/><E117/><V13/><F74/><W104/><G104/><T37/><D37/><U96/><E118/><V46/><F46/><AGARI ba="0,1" hai="0,1,22,24,30,41,46,49,76,81,86,94,98,102" machi="46" ten="40,1300,0" yaku="1,1,53,0" doraHai="68" doraHaiUra="5" who="3" fromWho="2" sc="251,0,249,0,235,-13,255,23" /><INIT seed="3,0,0,5,0,11" ten="251,249,222,278" oya="3" hai0="99,23,69,76,3,121,40,26,98,17,128,50,58" hai1="124,116,52,44,82,0,65,1,45,78,108,35,48" hai2="42,63,14,107,6,46,95,7,60,66,27,117,123" hai3="89,102,81,36,2,8,115,56,68,111,43,54,74"/><W49/><G68/><T80/><D69/><U134/><E108/><V53/><F117/><W28/><G115/><T32/><D3/><U132/><E35/><V73/><F107/><W51/><G28/><T21/><D121/><U29/><E124/><V9/><F73/><W38/><G102/><T61/><D32/><U88/><E29/><V113/><F123/><W131/><G131/><T4/><D4/><U16/><E116/><V122/><F113/><W13/><G2/><T93/><D128/><U5/><E65/><V41/><F122/><W94/><G81/><T104/><D104/><U34/><E34/><V59/><F27/><W101/><G101/><T79/><D23/><U120/><E120/><V67/><F7/><W19/><G74/><T24/><D24/><U87/><E78/><V109/><F109/><W25/><G25/><T37/><D37/><U118/><E118/><V39/><F95/><W30/><G30/><T70/><D70/><U90/><E5/><V97/><F97/><W125/><G125/><T18/><D18/><U119/><E119/><V103/><F103/><W31/><G31/><T110/><D98/><U133/><E16/><V126/><F126/><W130/><G130/><T112/><D112/><U47/><E90/><V15/><F15/><W33/><G33/><T57/><D110/><U100/><E100/><V64/><F41/><W10/><G111/><T86/><D76/><U105/><E105/><V12/><F12/><W83/><G8/><T71/><D71/><AGARI ba="0,0" hai="6,9,14,39,42,46,53,59,60,63,64,66,67,71" machi="71" ten="30,2000,0" yaku="7,1,52,1" doraHai="11" who="2" fromWho="0" sc="251,-20,249,0,222,20,278,0" /><INIT seed="4,0,0,2,0,103" ten="231,249,242,278" oya="0" hai0="50,101,37,87,4,121,75,24,45,54,115,43,89" hai1="124,131,52,12,38,6,70,10,83,65,21,55,62" hai2="23,125,33,29,82,85,98,109,81,90,32,27,66" hai3="128,16,41,107,92,15,130,1,108,106,67,69,77"/><T84/><D121/><U14/><E38/><V51/><F109/><W9/><G108/><T19/><D75/><U47/><E124/><V64/><F125/><W97/><G41/><T39/><D115/><U53/><E131/><N who="3" m="50218" /><G1/><T5/><D101/><U100/><E83/><V117/><F117/><W42/><G42/><T93/><D39/><U76/><E76/><V95/><F82/><W88/><G77/><T80/><D37/><U132/><E132/><V134/><F134/><W91/><G91/><T104/><D104/><U17/><E100/><V26/><F51/><W73/><G73/><T63/><D63/><AGARI ba="0,0" hai="9,15,16,63,67,69,88,92,97,106,107" m="50218" machi="63" ten="30,8000,1" yaku="19,1,52,2,54,2" doraHai="103" who="3" fromWho="0" sc="231,-80,249,0,242,0,278,80" owari="151,-35.0,249,5.0,242,-16.0,358,46.0" /></mjloggm>