<mjloggm ver="2.3"><GO type="97" lobby="0"/><UN n0="%79%6F%73%68%69%30%32" n1="%E3%82%AF%E3%83%AC%E3%82%A2" n2="%E3%82%A6%E3%83%AB%E3%83%88%E3%83%A9%E7%AB%8B%E7%9B%B4" n3="%E5%8C%97%E6%B0%B7" dan="14,14,13,14" rate="1979.30,1932.37,1839.34,1881.28" sx="M,M,M,M"/><TAIKYOKU oya="0"/><INIT seed="0,0,0,5,5,109" ten="250,250,250,250" oya="0" hai0="63,3,122,77,86,25,6,125,29,7,134,110,93" hai1="99,41,30,38,9,50,19,85,62,88,1,102,18" hai2="103,59,33,32,64,72,13,74,116,121,79,12,96" hai3="70,20,2,75,91,80,8,69,76,53,17,117,114"/><T4/><D122/><U128/><E38/><V16/><F121/><W54/><G117/><T132/><D110/><U71/><E128/><V43/><F116/><W35/><G35/><T98/><D3/><U36/><E36/><V101/><F43/><W92/><G114/><T21/><D125/><U22/><E30/><V131/><F131/><W124/><G124/><T127/><D127/><U126/><E126/><V60/><F13/><W52/><G8/><T115/><D115/><U23/><E1/><V15/><F15/><W78/><G76/><T100/><D132/><U28/><E28/><V113/><F113/><W48/><G48/><T31/><D134/><U45/><E71/><V34/><F79/><W106/><G106/><T118/><D118/><U61/><E9/><V37/><F37/><W120/><G120/><T42/><D42/><U11/><E11/><V66/><F66/><W58/><G2/><T5/><N who="0" m="1536" /><DORA hai="87" /><T44/><D44/><U24/><E99/><V47/><F47/><W123/><G123/><T81/><REACH who="0" step="1"/><D63/><REACH who="0" ten="240,250,250,250" step="2"/><U97/><E85/><V51/><F60/><W130/><G130/><T65/><D65/><U108/><E108/><V112/><F64/><W73/><G53/><T94/><D94/><N who="1" m="56519" /><E62/><V104/><F112/><W49/><G54/><T90/><D90/><U55/><E61/><V107/><F72/><W39/><G73/><T56/><D56/><U105/><E102/><V84/><F74/><W40/><G40/><T0/><D0/><U68/><E105/><V26/><F103/><W111/><G111/><T14/><D14/><N who="1" m="9559" /><E68/><V89/><F107/><RYUUKYOKU ba="0,1" sc="240,15,250,15,250,-15,250,-15" hai0="21,25,29,31,77,81,86,93,98,100" hai1="19,23,24,41,45,50,55" /><INIT seed="0,1,1,4,4,4" ten="255,265,235,235" oya="0" hai0="95,43,117,116,52,112,130,132,127,124,77,70,125" hai1="126,45,93,88,11,10,105,133,135,32,131,91,0" hai2="104,18,134,29,47,71,100,1,51,7,114,34,113" hai3="56,13,35,39,42,36,25,108,46,63,87,6,5"/><T9/><D112/><N who="2" m="43114" /><F51/><W89/><G108/><T119/><D77/><U59/><E105/><V26/><F47/><W80/><G39/><T12/><D70/><U50/><E32/><V16/><F71/><W44/><G44/><T65/><D65/><U86/><E126/><V120/><F100/><W76/><G13/><T61/><D43/><N who="1" m="24895" /><E131/><V37/><F104/><W129/><G129/><T21/><D21/><U30/><E0/><V3/><F37/><W94/><G25/><T8/><D12/><U41/><E41/><V103/><F103/><W110/><G35/><T97/><D130/><U17/><E17/><N who="2" m="6763" /><F120/><W69/><G69/><T102/><D132/><N who="1" m="50763" /><E30/><V53/><F53/><W40/><G40/><T15/><REACH who="0" step="1"/><D15/><REACH who="0" ten="245,265,235,235" step="2"/><U75/><E75/><V27/><F134/><W23/><G23/><T58/><AGARI ba="1,2" hai="8,9,52,58,61,95,97,102,116,117,119,124,125,127" machi="58" ten="40,18000,2" yaku="1,1,2,1,0,1,18,1,52,2,54,1,53,0" doraHai="4" doraHaiUra="66" who="0" fromWho="0" sc="245,203,265,-61,235,-61,235,-61" /><INIT seed="0,2,0,0,3,116" ten="448,204,174,174" oya="0" hai0="89,40,52,78,8,25,132,113,130,118,21,18,70" hai1="56,35,34,82,87,102,98,134,72,6,123,38,55" hai2="75,23,135,28,47,112,117,100,27,109,133,69,19" hai3="50,71,32,1,13,80,64,22,84,88,31,119,103"/><T101/><D118/><U85/><E38/><V9/><F69/><W90/><G119/><T106/><D113/><U17/><E72/><V96/><F75/><W36/><G36/><T5/><D130/><U45/><E6/><V97/><F117/><W58/><G1/><T51/><D70/><U115/><E115/><V44/><F112/><W81/><G71/><T42/><D132/><N who="2" m="50762" /><F109/><W76/><G32/><T46/><D78/><U94/><E134/><V86/><F86/><W29/><G103/><T20/><D20/><U92/><E45/><N who="2" m="17483" /><F100/><W26/><G13/><AGARI ba="2,0" hai="9,13,19,23,27,28,96,97" m="17483,50762" machi="13" ten="30,1000,0" yaku="20,1" doraHai="116" who="2" fromWho="3" sc="448,0,204,0,174,16,174,-16" /><INIT seed="1,0,0,1,0,24" ten="448,204,190,158" oya="1" hai0="87,133,30,11,116,86,61,23,52,88,92,123,19" hai1="82,124,5,104,68,50,53,8,126,28,4,49,103" hai2="34,85,115,94,99,64,74,60,111,75,33,127,112" hai3="113,40,128,14,132,129,18,110,2,107,25,121,27"/><U105/><E68/><N who="2" m="41991" /><F85/><W78/><G113/><N who="2" m="43593" /><F111/><W100/><G121/><T32/><D116/><U47/><E82/><V125/><F34/><W71/><G2/><T15/><D133/><U135/><E135/><V118/><F33/><W29/><G132/><T58/><D123/><U91/><E91/><N who="2" m="55775" /><F118/><W97/><G110/><T81/><D32/><U51/><E103/><V3/><F3/><W41/><G71/><T131/><D131/><N who="3" m="50249" /><G78/><T43/><D43/><N who="3" m="16457" /><G29/><T35/><D35/><U119/><E28/><V77/><F77/><W22/><AGARI ba="0,0" hai="14,18,22,25,27,97,100,107" m="16457,50249" machi="22" ten="30,1100,0" yaku="19,1" doraHai="24" who="3" fromWho="3" sc="448,-3,204,-5,190,-3,158,11" /><INIT seed="2,0,0,0,5,14" ten="445,199,187,169" oya="2" hai0="62,120,85,43,73,30,68,123,103,104,31,82,4" hai1="12,22,11,127,134,109,41,37,55,135,44,84,75" hai2="93,48,2,110,67,51,107,10,125,94,29,0,90" hai3="130,47,71,108,63,78,116,24,69,19,21,42,81"/><V124/><F107/><W121/><G121/><T16/><D73/><U106/><E106/><V102/><F67/><W99/><G116/><T28/><D4/><U59/><E75/><V40/><F29/><W38/><G108/><T72/><D72/><U66/><E109/><V49/><F110/><W50/><G130/><T133/><D133/><N who="1" m="50699" /><E84/><V35/><F35/><W3/><G3/><N who="2" m="1065" /><F10/><W53/><G99/><T91/><D43/><U64/><E22/><V33/><F33/><W65/><G71/><T97/><D68/><U25/><E25/><V15/><F15/><W115/><G115/><T39/><D62/><N who="1" m="36223" /><E127/><N who="2" m="48715" /><F102/><W119/><G119/><T17/><REACH who="0" step="1"/><D39/><REACH who="0" ten="435,199,187,169" step="2"/><U13/><E13/><V7/><F7/><AGARI ba="0,1" hai="7,11,12,37,41,44,64,66" m="36223,50699" machi="7" ten="30,1000,0" yaku="20,1" doraHai="14" who="1" fromWho="2" sc="435,0,199,20,187,-10,169,0" /><INIT seed="3,0,0,1,2,60" ten="435,219,177,169" oya="3" hai0="94,108,128,114,10,11,26,5,101,70,31,87,81" hai1="4,106,90,130,19,103,13,76,32,18,79,17,104" hai2="88,38,109,14,2,40,75,129,126,7,120,46,98" hai3="59,8,3,82,51,135,50,116,57,99,77,39,16"/><W33/><G116/><T110/><D70/><U115/><E32/><V34/><F34/><W54/><G39/><T61/><D128/><U107/><E130/><V125/><F88/><W66/><G135/><T121/><D121/><U41/><E41/><V118/><F14/><N who="3" m="7239" /><G3/><T44/><D61/><U102/><E115/><V55/><F98/><W0/><G0/><T49/><D114/><U6/><E13/><V43/><F2/><W73/><G33/><N who="0" m="20727" /><D94/><U69/><E90/><V112/><F112/><W133/><G133/><T27/><D27/><U97/><E97/><V67/><F129/><W21/><G73/><T24/><D24/><U42/><E42/><V1/><F75/><W78/><G99/><T20/><D20/><U25/><E25/><V92/><F120/><W48/><G21/><T96/><D96/><U84/><E84/><V68/><F68/><W45/><G82/><T134/><D101/><N who="1" m="38411" /><E69/><V132/><F38/><W117/><G117/><T122/><D122/><U131/><E131/><V64/><F118/><W63/><G51/><T124/><D134/><U12/><E12/><V100/><F132/><W89/><G89/><T72/><D72/><U91/><E91/><V80/><F100/><W113/><G113/><T58/><D5/><AGARI ba="0,0" hai="4,5,6,17,18,19,76,79,104,106,107" m="38411" machi="5" ten="40,2600,0" yaku="28,2" doraHai="60" who="1" fromWho="0" sc="435,-26,219,26,177,0,169,0" owari="409,50.0,245,5.0,177,-22.0,169,-33.0" /></mjloggm>