<mjloggm ver="2.3"><GO type="97" lobby="0"/><UN n0="%6B%6F%75%6A%69%32%37" n1="%E5%9B%BD%E5%A3%AB%E7%84%A1%E5%B8%B8" n2="%E9%9B%B6%E9%89%84" n3="%E3%82%A6%E3%83%AB%E3%83%88%E3%83%A9%E7%AB%8B%E7%9B%B4" dan="14,14,13,14" rate="1919.29,1853.00,1839.81,1959.07" sx="M,M,M,M"/><TAIKYOKU oya="0"/><INIT seed="0,0,0,5,3,28" ten="250,250,250,250" oya="0" hai0="36,135,120,48,51,80,124,62,21,44,73,123,11" hai1="14,72,30,46,57,12,129,42,55,85,87,59,122" hai2="125,68,41,101,53,77,40,92,17,50,90,13,130" hai3="34,10,118,63,96,100,39,35,91,95,61,37,86"/><T9/><D135/><U58/><E122/><V67/><F130/><W126/><G118/><T56/><D124/><U66/><E72/><V104/><F125/><W31/><G126/><T2/><D21/><U116/><E116/><V88/><F77/><W112/><G112/><T26/><D26/><U132/><E129/><V6/><F6/><W78/><G78/><T33/><D33/><U27/><E132/><V43/><F104/><W107/><G10/><T60/><D11/><U94/><E66/><V0/><F0/><W15/><G15/><T113/><D9/><U97/><E55/><V54/><F68/><W74/><G74/><T128/><D80/><U108/><E108/><V105/><F67/><W19/><G19/><T93/><D93/><U65/><E65/><V23/><F105/><W45/><G31/><T114/><D73/><U8/><E14/><V76/><F76/><W102/><G102/><T103/><D103/><U84/><E42/><V110/><F110/><W117/><G117/><T16/><D16/><U69/><E46/><N who="2" m="27863" /><F54/><W20/><G45/><T89/><D89/><U49/><E69/><V29/><F29/><W18/><G18/><T70/><D2/><U71/><E71/><V134/><F134/><W4/><G4/><T25/><D25/><U82/><E82/><V109/><F109/><W133/><G133/><T38/><D128/><U52/><E27/><V32/><F32/><N who="3" m="12331" /><G20/><T83/><D83/><U1/><E1/><V81/><F81/><W5/><G5/><T115/><D70/><U106/><E106/><V3/><F3/><W111/><G111/><RYUUKYOKU ba="0,0" sc="250,-15,250,-15,250,15,250,15" hai2="13,17,23,40,41,43,88,90,92,101" hai3="37,39,61,63,86,91,95,96,100,107" /><INIT seed="1,1,0,1,0,31" ten="235,235,265,265" oya="1" hai0="66,94,34,91,75,44,18,4,69,20,28,17,113" hai1="25,62,14,5,0,132,104,103,135,106,35,93,32" hai2="109,43,30,7,97,102,100,24,37,65,42,8,121" hai3="134,55,45,57,67,64,29,95,99,26,127,58,92"/><U40/><E0/><V15/><F121/><W98/><G127/><T112/><D75/><U96/><E25/><V70/><F109/><W53/><G134/><N who="1" m="51242" /><E40/><V2/><F37/><W46/><G26/><T16/><D4/><U68/><E5/><V71/><F2/><W118/><REACH who="3" step="1"/><G29/><REACH who="3" ten="235,235,265,255" step="2"/><T76/><D113/><U1/><E1/><V52/><F24/><W125/><G125/><T110/><D112/><U47/><E14/><V89/><F30/><W108/><G108/><T72/><D110/><U82/><E47/><V81/><F15/><W87/><G87/><T6/><D72/><U33/><E82/><V39/><F81/><W133/><G133/><T85/><D76/><U27/><E27/><V13/><F13/><W86/><G86/><T36/><D6/><U49/><E49/><V105/><F7/><W63/><G63/><T19/><D36/><U84/><E84/><V129/><F39/><W77/><G77/><T73/><D73/><U3/><E3/><V78/><F78/><W79/><G79/><T61/><D20/><U123/><E123/><V122/><F122/><W56/><G56/><T117/><D117/><AGARI ba="1,1" hai="45,46,53,55,57,58,64,67,92,95,98,99,117,118" machi="117" ten="25,3200,0" yaku="1,1,22,2,53,0" doraHai="31" doraHaiUra="116" who="3" fromWho="0" sc="235,-35,235,0,265,0,255,45" /><INIT seed="2,0,0,3,4,121" ten="200,235,265,300" oya="2" hai0="105,79,41,108,12,94,18,50,133,126,40,35,34" hai1="80,11,63,57,103,116,21,37,118,61,39,15,77" hai2="87,106,36,22,56,25,47,125,0,119,81,110,129" hai3="4,90,124,130,70,53,113,83,45,38,2,28,68"/><V44/><F119/><W33/><G90/><T31/><D105/><U82/><E118/><V95/><F106/><W131/><G83/><T58/><D133/><U46/><E103/><V91/><F0/><W16/><G16/><T14/><D126/><U89/><E63/><V109/><F125/><W62/><G53/><T65/><D79/><U72/><E21/><V122/><F122/><W92/><G92/><T67/><D94/><U93/><E82/><V107/><F107/><W73/><G73/><T59/><D18/><U75/><E72/><V88/><F129/><N who="3" m="49163" /><G62/><T102/><D102/><U7/><E46/><V101/><F101/><W60/><G60/><T49/><REACH who="0" step="1"/><D108/><REACH who="0" ten="190,235,265,300" step="2"/><N who="2" m="41578" /><F36/><W111/><G111/><T52/><D52/><U9/><E116/><V112/><F112/><W114/><G124/><T13/><D13/><U127/><E127/><V120/><F120/><W98/><G38/><T64/><D64/><U115/><E115/><V78/><F78/><W54/><G2/><T27/><D27/><U117/><E117/><V19/><F56/><W20/><G114/><T84/><D84/><AGARI ba="0,1" hai="19,22,25,44,47,81,84,87,88,91,95" m="41578" machi="84" ten="30,18000,2" yaku="14,1,10,1,52,3,54,1" doraHai="121" who="2" fromWho="0" sc="190,-180,235,0,265,190,300,0" /><INIT seed="2,1,0,2,4,77" ten="10,235,455,300" oya="2" hai0="43,29,44,36,121,108,2,5,81,126,113,50,41" hai1="63,103,134,97,60,8,93,12,28,74,21,17,10" hai2="31,65,116,78,101,6,52,9,34,114,130,54,51" hai3="124,69,99,91,22,132,120,87,24,88,13,0,20"/><V19/><F116/><W119/><G69/><T98/><D98/><U90/><E134/><V66/><F114/><W15/><G0/><T117/><D81/><U80/><E10/><V105/><F130/><W128/><G124/><T26/><D26/><U30/><E74/><V18/><F34/><W92/><G128/><T94/><D94/><U104/><E104/><V129/><F129/><W37/><G37/><T33/><D33/><U118/><E118/><V7/><F31/><N who="1" m="11817" /><E21/><N who="3" m="8298" /><G132/><T110/><D29/><U45/><E45/><V11/><F105/><W72/><G72/><T96/><D96/><U107/><E107/><V35/><F35/><W42/><G120/><T127/><D5/><N who="2" m="1546" /><F78/><W70/><G70/><T71/><D2/><U73/><E73/><V67/><F101/><W27/><G42/><T84/><D84/><AGARI ba="1,0" hai="8,12,17,60,63,80,84,90,93,97,103" m="11817" machi="84" ten="30,2000,0" yaku="8,1,52,1" doraHai="77" who="1" fromWho="0" sc="10,-23,235,23,455,0,300,0" owari="-13,-51.0,258,-14.0,455,55.0,300,10.0" /></mjloggm>