<mjloggm ver="2.3"><GO type="41" lobby="0"/><UN n0="%69%78%61" n1="%E3%82%B3%E3%83%AD%E3%83%8B%E3%83%BC%EF%BC%93%EF%BC%90%EF%BC%94%EF%BC%98" n2="%E3%82%A6%E3%83%AB%E3%83%88%E3%83%A9%E7%AB%8B%E7%9B%B4" n3="%E3%82%A2%E3%83%A4%E3%83%84%E3%82%B8%E3%82%B9%E3%83%88" dan="14,15,15,13" rate="2000.69,1886.68,2010.25,1947.83" sx="M,M,M,M"/><TAIKYOKU oya="0"/><INIT seed="0,0,0,1,4,29" ten="250,250,250,250" oya="0" hai0="83,78,19,7,97,100,10,15,43,51,131,87,80" hai1="4,82,113,114,55,128,57,96,76,85,50,13,52" hai2="0,98,135,2,22,134,92,18,107,89,118,63,56" hai3="31,35,90,73,46,115,70,60,21,99,116,105,126"/><T49/><D131/><U95/><E128/><V5/><F107/><W117/><G115/><T93/><D43/><U36/><E36/><V130/><F130/><W38/><G73/><T79/><REACH who="0" step="1"/><D7/><REACH who="0" ten="240,250,250,250" step="2"/><U23/><E114/><V9/><F118/><W44/><G117/><T61/><D61/><U127/><E113/><V77/><F134/><W30/><G116/><T110/><D110/><U81/><E127/><V86/><F135/><W123/><G126/><T129/><D129/><U75/><E4/><V48/><F5/><W133/><G60/><T16/><D16/><N who="1" m="10639" /><E75/><AGARI ba="0,1" hai="10,15,19,49,51,75,78,79,80,83,87,93,97,100" machi="75" ten="30,5800,0" yaku="1,1,7,1,53,1" doraHai="29" doraHaiUra="12" who="0" fromWho="1" sc="240,68,250,-58,250,0,250,0" /><INIT seed="0,1,0,0,1,63" ten="308,192,250,250" oya="0" hai0="23,74,12,4,103,91,81,85,105,16,67,54,56" hai1="131,75,120,114,112,100,128,83,88,116,127,40,99" hai2="62,110,24,68,115,90,50,10,98,9,123,121,43" hai3="71,96,108,95,134,39,37,18,87,5,76,46,80"/><T36/><D74/><U101/><E40/><V29/><F10/><W27/><G134/><T22/><D36/><U3/><E3/><V20/><F115/><N who="1" m="44073" /><E120/><V113/><F113/><W53/><G108/><T82/><D4/><U31/><E31/><V2/><F110/><W86/><G71/><T94/><D105/><U48/><E48/><V64/><F2/><W118/><G118/><T89/><D103/><U129/><E116/><V26/><F9/><W73/><G5/><T28/><D67/><U65/><E65/><V55/><F43/><W52/><G53/><T111/><D111/><U122/><E122/><V59/><F90/><W15/><G27/><N who="0" m="16503" /><D89/><U104/><E100/><V14/><F14/><W38/><G73/><T35/><D35/><U69/><E69/><V97/><REACH who="2" step="1"/><F24/><REACH who="2" ten="308,192,240,250" step="2"/><W21/><G37/><T33/><D33/><U126/><E88/><V93/><F93/><W47/><G38/><T72/><D72/><U77/><AGARI ba="1,1" hai="75,77,83,99,101,104,126,127,128,129,131" m="44073" machi="77" ten="40,8000,1" yaku="19,1,11,1,23,1,34,2" doraHai="63" who="1" fromWho="1" sc="308,-41,192,93,240,-21,250,-21" /><INIT seed="1,0,0,5,4,5" ten="267,285,219,229" oya="1" hai0="102,123,22,134,16,108,107,23,42,10,113,74,100" hai1="36,67,52,130,1,112,7,27,19,69,6,11,97" hai2="68,65,37,57,17,77,58,106,35,110,32,87,126" hai3="105,103,82,61,121,12,25,79,29,20,132,66,51"/><U14/><E36/><V93/><F106/><W53/><G121/><T47/><D113/><U127/><E112/><V118/><F37/><W88/><G132/><T59/><D74/><U70/><E67/><V91/><F68/><W28/><G28/><T50/><D123/><U78/><E130/><V18/><F118/><W44/><G105/><T116/><D116/><U111/><E78/><V73/><F110/><W85/><G103/><N who="0" m="39467" /><D107/><U119/><E119/><V33/><F126/><W109/><G109/><T48/><D134/><U62/><E97/><V30/><F30/><W55/><G12/><N who="0" m="7191" /><D108/><U72/><E72/><V124/><F124/><W89/><REACH who="3" step="1"/><G55/><AGARI ba="0,0" hai="22,23,42,47,48,50,55,59" m="7191,39467" machi="55" ten="30,3900,0" yaku="8,1,52,1,54,1" doraHai="5" who="0" fromWho="3" sc="267,39,285,0,219,0,229,-39" /><INIT seed="2,0,0,1,3,53" ten="306,285,219,190" oya="2" hai0="74,44,84,89,125,128,57,94,0,126,58,55,60" hai1="21,47,129,81,43,69,61,14,73,88,6,110,101" hai2="17,135,65,34,79,117,111,20,12,23,35,54,59" hai3="56,77,130,38,97,114,106,72,116,96,18,42,4"/><V115/><F117/><W24/><G116/><T108/><D74/><U46/><E110/><V25/><F115/><W99/><G4/><T121/><D108/><U26/><E129/><V83/><F65/><W36/><G114/><T7/><D128/><U9/><E101/><V90/><F90/><W64/><G130/><T102/><D102/><U104/><E104/><V16/><F135/><W62/><G106/><T75/><D75/><U39/><E47/><V109/><F109/><W48/><G48/><N who="0" m="29063" /><D60/><U40/><E40/><V52/><F54/><W13/><G42/><T82/><D121/><U71/><E61/><V98/><F98/><W124/><G24/><T1/><D82/><U68/><E68/><V93/><F93/><W134/><G134/><T123/><D123/><U5/><E5/><V49/><F111/><W76/><G124/><N who="0" m="47723" /><D7/><U92/><E73/><AGARI ba="0,0" hai="12,16,17,20,23,25,34,35,49,52,59,73,79,83" machi="73" ten="30,11600,0" yaku="7,1,52,1,54,2" doraHai="53" who="2" fromWho="1" sc="306,0,285,-116,219,116,190,0" /><INIT seed="2,1,0,5,5,53" ten="306,169,335,190" oya="2" hai0="13,27,130,58,33,23,61,134,30,57,67,118,128" hai1="97,83,117,38,86,93,111,107,90,77,73,103,54" hai2="31,105,124,99,102,9,51,3,20,131,72,17,45" hai3="85,122,55,75,66,100,125,39,88,28,87,106,78"/><V109/><F72/><W89/><G39/><T1/><D134/><U14/><E38/><V127/><F131/><N who="0" m="50218" /><D1/><U62/><E111/><V63/><F109/><W123/><G66/><T0/><D0/><U21/><E117/><V132/><F132/><W92/><G28/><T36/><D36/><U60/><E54/><V11/><F31/><W135/><G135/><T98/><D98/><U8/><REACH who="1" step="1"/><E21/><REACH who="1" ten="306,159,335,190" step="2"/><V82/><F20/><W34/><G55/><T46/><D118/><U113/><E113/><V12/><F127/><W121/><G34/><T35/><D35/><U96/><E96/><V115/><F124/><W101/><G125/><T133/><D133/><U70/><E70/><V126/><F126/><W120/><G120/><T25/><D33/><U4/><AGARI ba="1,1" hai="4,8,14,60,62,73,77,83,86,90,93,97,103,107" machi="4" ten="20,8000,1" yaku="1,1,0,1,7,1,24,2,53,0" doraHai="53" doraHaiUra="47" who="1" fromWho="1" sc="306,-21,159,93,335,-41,190,-21" /><INIT seed="3,0,0,1,3,39" ten="285,252,294,169" oya="3" hai0="51,45,48,79,82,22,73,55,33,96,47,41,80" hai1="49,111,23,40,61,46,6,64,13,106,16,98,57" hai2="95,84,83,119,72,129,26,99,65,110,3,14,60" hai3="131,52,93,113,53,130,74,75,97,81,91,102,87"/><W59/><G59/><T116/><D116/><U125/><E111/><V31/><F3/><W86/><G53/><T89/><D33/><U122/><E125/><V104/><F72/><W124/><G124/><T128/><D128/><U8/><E122/><V127/><F129/><N who="3" m="49163" /><G52/><T85/><D22/><U134/><E134/><V44/><F110/><W114/><G87/><T7/><D7/><U112/><E112/><AGARI ba="0,0" hai="74,75,81,86,91,93,97,102,112,113,114" m="49163" machi="112" ten="30,5800,0" yaku="19,1,34,2" doraHai="39" who="3" fromWho="1" sc="285,0,252,-58,294,0,169,58" /><INIT seed="3,1,0,0,0,134" ten="285,194,294,227" oya="3" hai0="118,17,60,19,92,36,119,6,54,13,85,61,3" hai1="46,10,74,83,65,42,51,130,116,128,94,102,63" hai2="0,16,35,86,80,5,56,34,72,97,22,114,15" hai3="21,76,12,53,69,95,68,88,29,82,8,9,48"/><W93/><G9/><T109/><D36/><U79/><E116/><V121/><F72/><W66/><G95/><T52/><D3/><U38/><E10/><V115/><F0/><W73/><G66/><T23/><D6/><U75/><E51/><V103/><F5/><W117/><G117/><T67/><D109/><U26/><E26/><V49/><F121/><W11/><G11/><T104/><D104/><U90/><E102/><V32/><F56/><W78/><G78/><T89/><D61/><U111/><E111/><V41/><F49/><W110/><G110/><T77/><D119/><U87/><E130/><V106/><REACH who="2" step="1"/><F41/><REACH who="2" ten="285,194,284,227" step="2"/><W2/><G2/><T64/><D118/><U125/><E128/><V129/><F129/><W113/><G113/><T18/><D60/><U43/><E43/><V31/><F31/><W50/><G50/><T124/><D19/><U44/><E44/><V62/><F62/><W45/><G29/><T101/><D17/><U71/><REACH who="1" step="1"/><E74/><REACH who="1" ten="285,184,284,227" step="2"/><V122/><F122/><W127/><G127/><AGARI ba="1,2" hai="38,42,46,63,65,71,75,79,83,87,90,94,125,127" machi="127" ten="40,8000,1" yaku="1,1,2,1,52,2,53,0" doraHai="134" doraHaiUra="100" who="1" fromWho="3" sc="285,0,184,103,284,0,227,-83" /><INIT seed="4,0,0,0,4,104" ten="285,287,284,144" oya="0" hai0="115,57,51,125,15,71,29,53,114,14,80,40,79" hai1="110,96,122,20,73,30,111,121,124,128,78,6,45" hai2="120,41,133,18,116,62,64,54,75,113,46,39,38" hai3="105,72,107,7,35,82,69,36,21,43,86,12,63"/><T101/><D71/><U118/><E6/><V27/><F27/><W109/><G35/><T100/><D29/><U4/><E4/><V16/><F75/><W23/><G109/><N who="1" m="41482" /><E30/><V1/><F1/><W13/><G13/><N who="0" m="4619" /><D125/><U77/><E45/><V112/><F120/><N who="1" m="46185" /><E20/><V17/><F133/><W26/><G72/><N who="0" m="43111" /><D40/><U117/><E124/><V68/><F116/><N who="1" m="44649" /><E73/><V127/><F127/><W131/><G69/><T60/><D51/><U102/><E128/><V134/><F134/><W58/><G36/><T5/><D5/><U108/><E78/><V84/><F39/><W42/><G131/><T25/><D25/><U55/><E55/><V83/><F54/><W47/><G47/><T28/><D28/><U65/><E65/><V8/><F8/><W94/><G7/><T132/><D132/><U44/><E44/><V50/><REACH who="2" step="1"/><F38/><REACH who="2" ten="285,287,274,144" step="2"/><W9/><G26/><T85/><D53/><U24/><E24/><V34/><F34/><W56/><G9/><T74/><D74/><U90/><E108/><V59/><F59/><W66/><G58/><T2/><D57/><U61/><E61/><V87/><F87/><W97/><G56/><T33/><D60/><U81/><E77/><AGARI ba="0,1" hai="16,17,18,41,46,50,62,64,68,77,83,84,112,113" machi="77" ten="40,2600,0" yaku="1,1,54,1,53,0" doraHai="104" doraHaiUra="0" who="2" fromWho="1" sc="285,0,287,-26,274,36,144,0" /><INIT seed="5,0,0,3,3,60" ten="285,261,310,144" oya="1" hai0="76,46,93,131,13,127,73,103,27,64,71,63,47" hai1="6,51,110,55,129,122,112,19,132,67,25,101,90" hai2="89,53,50,105,124,62,130,81,28,79,49,94,86" hai3="87,0,118,120,92,70,40,65,5,78,12,35,23"/><U8/><E122/><V3/><F3/><W84/><G120/><T106/><D131/><U11/><E112/><V2/><F2/><W36/><G36/><T68/><D127/><U26/><E129/><V88/><F105/><W102/><G40/><T113/><D113/><U37/><E37/><V80/><F130/><W44/><G44/><T100/><D71/><U125/><E125/><V96/><F124/><W16/><G118/><T30/><D93/><U22/><E132/><V4/><F4/><W59/><G70/><T41/><D13/><U31/><E110/><V21/><F62/><W83/><G102/><T10/><D10/><U119/><E119/><V57/><F49/><W108/><G108/><T114/><D114/><U121/><E121/><V98/><F98/><W54/><G35/><N who="0" m="20959" /><D100/><U61/><E101/><V69/><F69/><W104/><G104/><T97/><D41/><U17/><E90/><V9/><F9/><W33/><G33/><T39/><D39/><U38/><E38/><V7/><F7/><W109/><G109/><T123/><D123/><U115/><E115/><V15/><F81/><AGARI ba="0,0" hai="46,47,63,64,68,73,76,81,97,103,106" m="20959" machi="81" ten="30,2000,0" yaku="25,1,52,1" doraHai="60" who="0" fromWho="2" sc="285,20,261,0,310,-20,144,0" /><INIT seed="6,0,0,2,5,51" ten="305,261,290,144" oya="2" hai0="73,17,40,83,113,14,35,102,80,114,127,13,89" hai1="20,76,72,43,55,124,112,25,4,42,61,12,65" hai2="131,8,46,104,36,59,64,22,26,96,2,11,39" hai3="111,78,91,56,21,92,54,16,49,30,71,48,103"/><V69/><F69/><W66/><G111/><T5/><D35/><U135/><E112/><N who="0" m="43113" /><D102/><U109/><E109/><V93/><F104/><W120/><G120/><T9/><D127/><U107/><E107/><V77/><F131/><W27/><G103/><T122/><D122/><U121/><E121/><V32/><F32/><W75/><G71/><T79/><D40/><U70/><E124/><V86/><F39/><W57/><G75/><T128/><D128/><U38/><E38/><V119/><F119/><W50/><G78/><N who="0" m="44111" /><D89/><U7/><E135/><V24/><F46/><W123/><G123/><T105/><D105/><U99/><E99/><V88/><F36/><W41/><G41/><T94/><D94/><U101/><E101/><V63/><F2/><W33/><G66/><T106/><D106/><U53/><E42/><V115/><F115/><W52/><G33/><T34/><D34/><U130/><E43/><V44/><F44/><W1/><G50/><T28/><D28/><U6/><E130/><V133/><F133/><W74/><G1/><N who="0" m="175" /><D17/><U18/><REACH who="1" step="1"/><E12/><REACH who="1" ten="305,251,290,144" step="2"/><V15/><F15/><W84/><REACH who="3" step="1"/><G74/><AGARI ba="0,1" hai="13,14,74,79,83" m="175,44111,43113" machi="74" ten="30,1000,0" yaku="15,1" doraHai="51" who="0" fromWho="3" sc="305,20,251,0,290,0,144,-10" /><INIT seed="7,0,0,5,2,11" ten="325,251,290,134" oya="3" hai0="60,22,87,58,24,37,62,44,16,121,50,2,49" hai1="41,106,112,125,110,29,19,81,5,23,100,3,10" hai2="18,68,75,52,32,47,85,99,96,6,98,130,93" hai3="14,104,15,36,57,53,39,128,82,45,74,7,76"/><W134/><G134/><T65/><D121/><U67/><E110/><V79/><F32/><W129/><G104/><T13/><D2/><U56/><E112/><V123/><F68/><W33/><G33/><T61/><D37/><U86/><E125/><V109/><F75/><W8/><G15/><T55/><D87/><U9/><E41/><V127/><F127/><W88/><G88/><T1/><D1/><U35/><E10/><V30/><F30/><W94/><G94/><T64/><D24/><U40/><E40/><AGARI ba="0,0" hai="13,16,22,40,44,49,50,55,58,60,61,62,64,65" machi="40" ten="40,5200,0" yaku="8,1,52,1,54,1" doraHai="11" who="0" fromWho="1" sc="325,52,251,-52,290,0,134,0" owari="377,48.0,199,-20.0,290,9.0,134,-37.0" /></mjloggm>