<mjloggm ver="2.3"><GO type="97" lobby="0"/><UN n0="%E3%82%A6%E3%83%AB%E3%83%88%E3%83%A9%E7%AB%8B%E7%9B%B4" n1="%E3%83%A1%E3%82%AC%E3%83%B3%E3%83%86" n2="%E3%81%8A%E3%81%BE%E3%81%A4%E3%82%8A" n3="%73%75%6D%6F%75%6D%61%6E" dan="15,15,17,14" rate="2051.44,2055.86,2096.20,1922.74" sx="M,F,M,M"/><TAIKYOKU oya="0"/><INIT seed="0,0,0,4,3,23" ten="250,250,250,250" oya="0" hai0="64,102,42,84,44,92,67,82,5,72,52,128,54" hai1="55,34,12,63,117,61,105,119,100,81,69,91,115" hai2="112,123,27,49,40,99,1,13,4,95,16,129,83" hai3="18,85,32,11,47,124,103,22,122,36,6,58,125"/><T108/><D72/><U96/><E115/><V41/><F112/><W31/><G103/><T133/><D133/><U77/><E12/><V56/><F123/><W135/><G135/><T88/><D128/><U116/><E34/><V38/><F38/><W21/><G58/><T0/><D108/><U66/><E91/><N who="2" m="55807" /><F1/><W25/><G85/><T68/><D0/><U50/><E61/><V134/><F134/><W120/><G47/><T28/><D5/><U121/><E121/><N who="3" m="46698" /><G36/><T71/><D28/><U73/><REACH who="1" step="1"/><E119/><REACH who="1" ten="250,240,250,250" step="2"/><V74/><F129/><W33/><G124/><T113/><D113/><U94/><E94/><V20/><F83/><W7/><G125/><T45/><D71/><U35/><E35/><N who="3" m="13386" /><G11/><T78/><D68/><U106/><E106/><V9/><F74/><W114/><G114/><T51/><D102/><U26/><E26/><AGARI ba="0,1" hai="6,7,18,21,22,25,26,31" m="13386,46698" machi="26" ten="30,8000,1" yaku="13,1,34,2,52,2" doraHai="23" who="3" fromWho="1" sc="250,0,240,-80,250,0,250,90" /><INIT seed="1,0,0,2,5,60" ten="250,160,250,340" oya="1" hai0="32,99,134,47,11,73,123,25,71,64,106,38,2" hai1="81,33,9,54,119,20,61,46,19,67,95,63,101" hai2="58,96,112,5,51,30,110,103,50,6,57,44,107" hai3="3,102,82,66,88,24,39,69,118,68,74,10,104"/><U87/><E119/><V120/><F120/><W129/><G129/><T36/><D134/><U45/><E33/><V115/><F110/><W86/><G118/><T79/><D47/><U94/><E9/><V105/><F30/><W42/><G42/><T31/><D123/><U49/><E45/><V85/><F85/><W29/><G39/><T108/><D108/><U15/><E101/><V84/><F84/><W90/><G74/><T13/><D13/><U117/><E117/><V37/><F37/><W34/><G69/><T91/><D91/><U52/><E54/><V135/><F135/><W93/><G10/><T131/><D131/><U22/><E22/><V41/><F105/><W35/><G3/><T17/><D17/><U121/><E121/><V0/><F0/><W83/><G35/><T111/><D111/><U56/><E63/><V92/><F107/><W97/><G90/><AGARI ba="0,0" hai="15,19,20,46,49,52,56,61,67,81,87,90,94,95" machi="90" ten="30,11600,0" yaku="7,1,8,1,52,1,54,1" doraHai="60" who="1" fromWho="3" sc="250,0,160,116,250,0,340,-116" /><INIT seed="1,1,0,2,5,49" ten="250,276,250,224" oya="1" hai0="76,70,83,28,98,103,36,3,79,84,107,64,18" hai1="35,112,116,0,108,7,23,110,15,21,37,50,53" hai2="27,73,92,48,31,71,89,17,130,131,13,58,132" hai3="113,90,10,120,46,20,51,115,101,80,82,91,97"/><U127/><E37/><V6/><F73/><W59/><G120/><T63/><D3/><U128/><E112/><V99/><F71/><W56/><G20/><T87/><D36/><U69/><E116/><V42/><F6/><W26/><G26/><T96/><D96/><U60/><E35/><V133/><F27/><W16/><G113/><T85/><D18/><U93/><E128/><N who="2" m="49195" /><F31/><W94/><G115/><T22/><D22/><U122/><E122/><V119/><F119/><W1/><G1/><T126/><D126/><U5/><E127/><V100/><F100/><W25/><G80/><T121/><D121/><U81/><E81/><V65/><F42/><W88/><G82/><T19/><D19/><N who="1" m="10495" /><E0/><V39/><F39/><W57/><G25/><T29/><D79/><U114/><E114/><V34/><F34/><W61/><G10/><T95/><D29/><U125/><E125/><V14/><F14/><W86/><G86/><T104/><REACH who="0" step="1"/><D28/><REACH who="0" ten="240,276,250,224" step="2"/><U30/><E23/><V24/><F17/><W43/><REACH who="3" step="1"/><G16/><REACH who="3" ten="240,276,250,214" step="2"/><T72/><AGARI ba="1,2" hai="63,64,70,72,76,83,84,85,87,95,98,103,104,107" machi="72" ten="30,4000,0" yaku="1,1,2,1,0,1,53,0" doraHai="49" doraHaiUra="55" who="0" fromWho="0" sc="240,63,276,-21,250,-11,214,-11" /><INIT seed="2,0,0,4,3,56" ten="303,255,239,203" oya="2" hai0="81,129,21,19,68,33,86,53,128,79,5,121,106" hai1="77,46,66,18,45,102,105,55,83,103,51,95,26" hai2="12,0,65,98,43,30,74,57,73,1,126,131,135" hai3="119,90,114,134,91,7,120,31,115,44,101,67,49"/><V25/><F43/><W11/><G120/><T113/><D33/><U54/><E105/><V72/><F131/><N who="0" m="50250" /><D106/><U28/><E66/><V58/><F126/><W20/><G101/><N who="1" m="38410" /><E28/><V80/><F98/><W84/><G119/><T47/><D5/><U76/><E95/><V64/><F12/><N who="3" m="5247" /><G134/><T96/><D96/><U15/><E26/><V22/><F135/><W110/><G110/><T92/><D92/><U32/><E32/><V97/><F97/><W69/><G67/><T124/><D124/><U3/><E3/><V85/><F0/><W9/><G69/><T8/><D8/><N who="1" m="6503" /><E83/><V42/><F1/><W89/><G9/><T93/><D93/><U35/><E35/><V24/><F24/><N who="3" m="16775" /><G115/><T109/><D68/><U4/><E4/><V50/><F72/><W94/><G114/><T117/><D113/><U27/><E27/><V118/><F118/><W82/><G94/><T62/><D117/><U87/><E87/><V130/><F130/><W23/><G23/><T36/><D109/><U63/><E45/><N who="2" m="25911" /><F73/><W99/><G99/><T34/><D34/><U104/><E104/><V13/><F74/><W100/><G100/><T111/><D111/><U75/><E75/><V133/><F133/><W107/><G107/><T123/><D123/><U60/><E55/><AGARI ba="0,0" hai="44,49,55,82,84,89,90,91" m="16775,5247" machi="55" ten="30,1000,0" yaku="8,1" doraHai="56" who="3" fromWho="1" sc="303,0,255,-10,239,0,203,10" /><INIT seed="3,0,0,2,5,111" ten="303,245,239,213" oya="3" hai0="5,76,98,10,61,28,41,63,3,124,24,22,95" hai1="51,126,113,19,30,84,52,1,37,127,36,44,87" hai2="23,0,114,2,110,33,90,16,130,27,13,12,34" hai3="64,120,66,73,67,99,81,39,116,75,32,35,18"/><W123/><G39/><N who="1" m="14922" /><E113/><V121/><F90/><W117/><G81/><T91/><D41/><U26/><E19/><N who="2" m="12799" /><F114/><W104/><G18/><T42/><D42/><U89/><E89/><V86/><F86/><W40/><G40/><T31/><D124/><N who="1" m="47659" /><E1/><N who="2" m="619" /><F110/><W77/><G77/><T82/><D31/><U62/><E62/><V107/><F107/><W59/><G59/><T53/><D53/><U122/><E122/><N who="3" m="46634" /><G99/><T15/><D3/><U60/><E60/><V85/><F85/><AGARI ba="0,0" hai="5,10,15,22,24,28,61,63,76,82,85,91,95,98" machi="85" ten="30,2000,0" yaku="7,1,8,1" doraHai="111" who="0" fromWho="2" sc="303,20,245,0,239,-20,213,0" owari="323,42.0,245,5.0,219,-18.0,213,-29.0" /></mjloggm>