<mjloggm ver="2.3"><GO type="1" lobby="0"/><UN n0="%E5%B0%B1%E6%B4%BB%E7%94%9F%40%E5%B7%9D%E6%9D%91%E8%BB%8D%E5%9B%A3" n1="%43%44%37" n2="%73%69%6E%30%35%32%33" n3="%44%4F%52" dan="1,3,1,11" rate="1530.00,1420.97,1516.78,1592.33" sx="M,M,M,M"/><TAIKYOKU oya="0"/><INIT seed="0,0,0,3,0,45" ten="250,250,250,250" oya="0" hai0="119,53,111,121,95,61,126,69,78,129,81,132,80" hai1="65,101,118,104,75,6,1,55,28,35,67,71,44" hai2="11,103,127,85,63,117,50,17,124,130,10,20,24" hai3="116,76,96,84,98,79,83,21,135,39,97,109,27"/><T100/><D121/><U4/><E118/><V93/><F117/><W74/><G116/><T46/><D119/><U105/><E75/><V64/><F130/><W56/><G39/><T60/><D129/><U0/><E55/><V33/><F33/><W37/><G37/><T40/><D126/><N who="2" m="48170" /><F50/><W120/><G135/><T134/><D111/><U58/><E58/><N who="2" m="36983" /><F85/><W48/><G109/><T114/><D114/><U82/><E44/><V113/><F113/><W77/><G120/><T25/><D69/><U9/><E82/><V107/><F107/><W94/><G77/><T73/><D81/><U7/><E65/><V86/><F86/><W22/><G22/><T59/><D61/><N who="1" m="40431" /><E6/><V3/><F3/><W18/><G76/><T51/><REACH who="0" step="1"/><D25/><REACH who="0" ten="240,250,250,250" step="2"/><N who="1" m="18831" /><E101/><V15/><F24/><W29/><G74/><T72/><D72/><U99/><E99/><AGARI ba="0,1" hai="10,11,15,17,20,93,99,103" m="36983,48170" machi="99" ten="30,1000,0" yaku="18,1" doraHai="45" who="2" fromWho="1" sc="240,0,250,-10,250,20,250,0" /><AGARI ba="0,0" hai="40,46,51,53,59,60,73,78,80,95,99,100,132,134" machi="99" ten="40,7700,0" yaku="1,1,52,1,53,1" doraHai="45" doraHaiUra="52" who="0" fromWho="1" sc="240,77,240,-77,270,0,250,0" /><INIT seed="0,1,0,4,5,2" ten="317,163,270,250" oya="0" hai0="102,77,1,92,68,66,50,106,87,61,23,15,55" hai1="41,74,37,133,14,84,99,134,126,21,110,39,98" hai2="104,54,120,91,105,40,135,52,124,56,111,12,30" hai3="76,57,119,45,36,94,46,16,20,130,118,83,65"/><T5/><D1/><U113/><E110/><V28/><F120/><W114/><G114/><T89/><D77/><U26/><E74/><V121/><F121/><W4/><G4/><T122/><D122/><U80/><E113/><V112/><F112/><W108/><G108/><T32/><D32/><U3/><E3/><V103/><F111/><W33/><G33/><T85/><D106/><U62/><E62/><V63/><F40/><W70/><G70/><T123/><D102/><U24/><E126/><V78/><F78/><W9/><G130/><T69/><D123/><U82/><E41/><V128/><F128/><W13/><G94/><T19/><D5/><U7/><E21/><V86/><F124/><W43/><G46/><T34/><D34/><U95/><E95/><V72/><F72/><W8/><G119/><T53/><D53/><U44/><E44/><V129/><F129/><W29/><G29/><T27/><D69/><U0/><E0/><V109/><F109/><W115/><G115/><T93/><D27/><U100/><E100/><V60/><F135/><N who="1" m="51721" /><E80/><V71/><F71/><W35/><G35/><T59/><REACH who="0" step="1"/><D93/><REACH who="0" ten="307,163,270,250" step="2"/><U131/><E26/><V17/><F105/><W101/><G101/><T10/><D10/><N who="1" m="4447" /><E24/><V67/><F103/><W49/><G118/><T79/><D79/><N who="1" m="46175" /><E131/><V96/><F104/><W117/><G117/><T73/><D73/><U97/><AGARI ba="1,1" hai="37,39,97,98,99" m="46175,4447,51721" machi="97" ten="30,2000,0" yaku="20,1,52,1" doraHai="2" who="1" fromWho="1" sc="307,-11,163,33,270,-6,250,-6" /><INIT seed="1,0,0,1,2,58" ten="296,196,264,244" oya="1" hai0="95,64,42,129,17,85,54,89,48,103,6,94,82" hai1="126,21,76,108,9,20,12,44,33,88,16,132,116" hai2="101,11,37,98,91,73,14,32,15,40,53,74,84" hai3="39,109,0,66,13,2,60,65,125,24,96,5,35"/><U59/><E33/><V81/><F32/><W118/><G109/><T57/><D129/><U92/><E116/><V34/><F34/><W36/><G66/><T55/><D6/><U127/><E76/><V71/><F71/><N who="3" m="42407" /><G13/><T102/><D42/><U1/><E132/><V68/><F68/><W106/><G118/><T49/><D64/><U62/><E108/><V78/><F15/><W121/><G125/><N who="1" m="47626" /><E44/><V87/><F53/><W23/><G23/><T114/><D114/><U86/><E1/><V4/><F40/><W22/><G22/><T80/><D80/><U130/><E130/><V123/><F123/><W41/><G5/><T113/><D113/><U111/><E111/><V7/><F7/><W38/><G41/><T90/><D17/><U93/><E93/><N who="0" m="35337" /><D90/><U124/><N who="1" m="47634" /><U50/><DORA hai="122" /><E50/><V46/><F46/><AGARI ba="0,0" hai="46,48,49,54,55,57,82,85,89,102,103" m="35337" machi="46" ten="30,1000,0" yaku="8,1" doraHai="58,122" who="0" fromWho="2" sc="296,10,196,0,264,-10,244,0" /><INIT seed="2,0,0,0,0,39" ten="306,196,254,244" oya="2" hai0="37,99,135,0,23,73,76,107,3,93,13,54,48" hai1="127,21,97,26,58,91,89,53,40,134,122,38,132" hai2="61,111,14,30,64,102,124,45,96,104,12,114,55" hai3="63,46,123,119,125,72,67,79,57,43,11,24,59"/><V103/><F114/><W66/><G123/><T42/><D107/><U98/><E122/><V2/><F2/><W33/><G119/><T112/><D112/><U92/><E127/><V32/><F124/><W86/><G125/><T9/><D135/><N who="1" m="51755" /><E98/><V133/><F133/><W25/><G33/><T41/><D37/><U17/><E91/><V128/><F128/><W35/><G35/><T6/><D73/><U106/><E106/><V118/><F118/><W29/><G29/><T22/><D76/><U110/><E110/><V10/><F111/><W109/><G109/><T56/><D3/><U120/><E120/><V36/><F103/><W52/><G72/><T100/><D0/><U69/><E69/><N who="2" m="42127" /><F10/><W15/><G52/><T90/><D100/><U16/><E38/><V4/><F4/><W70/><G70/><T108/><D108/><U74/><E74/><V51/><F36/><W81/><G46/><T7/><D7/><U62/><E40/><AGARI ba="0,0" hai="6,9,13,22,23,40,41,42,48,54,56,90,93,99" machi="40" ten="40,8000,1" yaku="8,1,52,3" doraHai="39" who="0" fromWho="1" sc="306,80,196,-80,254,0,244,0" /><INIT seed="3,0,0,3,1,26" ten="386,116,254,244" oya="3" hai0="92,120,14,130,12,41,116,102,134,123,73,16,69" hai1="131,118,37,70,78,1,68,28,108,85,60,33,22" hai2="97,29,94,46,21,81,127,90,104,20,98,2,57" hai3="30,4,125,109,18,117,79,32,121,3,64,35,100"/><W49/><G121/><T63/><D73/><U75/><E28/><V31/><F2/><W112/><G112/><T132/><D116/><U38/><E22/><N who="2" m="8811" /><F127/><W82/><G100/><T56/><D69/><U113/><E85/><N who="2" m="50479" /><F104/><W0/><G117/><T111/><D41/><U23/><E60/><V67/><F46/><W34/><G49/><T39/><D39/><U95/><E23/><V19/><F19/><W61/><G125/><T47/><D47/><U135/><E95/><V76/><F76/><W52/><G52/><N who="0" m="34183" /><D130/><U119/><E78/><V45/><F45/><W58/><G18/><T86/><D14/><U126/><E70/><V107/><F107/><W44/><G44/><T114/><D114/><U115/><E38/><V59/><F67/><W54/><G109/><T48/><D111/><U24/><E115/><V27/><F27/><W122/><G122/><T53/><D123/><U103/><E24/><V65/><F65/><W110/><G110/><T5/><D5/><U71/><E103/><N who="2" m="60855" /><F98/><W128/><G128/><T40/><D120/><U106/><E71/><V124/><F124/><W43/><G43/><T7/><D40/><U84/><E84/><V15/><F15/><W133/><G133/><T72/><D86/><U13/><E13/><V88/><F88/><W42/><G42/><T89/><D72/><U93/><E93/><V66/><F66/><W87/><G4/><T80/><D89/><U77/><E77/><V9/><F9/><W50/><REACH who="3" step="1"/><G30/><AGARI ba="0,0" hai="29,30,31,57,59" m="60855,50479,8811" machi="30" ten="30,7700,0" yaku="8,1,52,3" doraHai="26" who="2" fromWho="3" sc="386,0,116,0,254,77,244,-77" owari="386,48.0,116,-38.0,331,13.0,167,-23.0" /></mjloggm>