<mjloggm ver="2.3"><GO type="169" lobby="0"/><UN n0="%68%72%6B%69%6E%67" n1="%E5%BA%83%E8%83%BD%E6%98%8C%E4%B8%89" n2="%E3%82%A6%E3%83%AB%E3%83%88%E3%83%A9%E7%AB%8B%E7%9B%B4" n3="%2A%E3%81%B6%E3%81%A3%E3%81%A1%2A" dan="18,16,16,16" rate="2195.49,2114.77,2125.95,2086.12" sx="M,M,M,M"/><TAIKYOKU oya="0"/><INIT seed="0,0,0,2,5,85" ten="250,250,250,250" oya="0" hai0="53,71,80,7,120,30,105,115,92,95,113,126,20" hai1="124,94,54,16,76,123,44,102,41,4,77,3,58" hai2="135,103,34,5,96,90,28,130,83,132,49,114,2" hai3="18,89,116,100,93,19,43,133,1,98,33,125,61"/><T10/><D105/><U104/><E104/><V86/><F28/><W118/><G133/><N who="2" m="51273" /><F34/><W64/><G125/><T56/><D71/><U75/><E123/><V68/><F68/><W111/><G111/><T97/><D126/><U38/><E124/><V22/><F5/><W15/><G1/><T47/><D47/><U73/><E73/><V74/><F2/><W127/><G33/><T42/><D42/><U25/><E75/><V108/><F22/><W0/><G0/><T78/><D120/><U51/><E3/><V107/><F49/><W46/><G127/><T11/><D95/><U50/><E4/><V82/><F114/><W91/><G116/><T106/><D106/><U14/><E25/><V66/><F66/><W37/><G118/><T69/><D69/><U129/><E38/><V9/><F9/><W119/><G119/><T12/><D115/><U57/><E57/><V52/><F52/><W62/><G19/><N who="0" m="10343" /><D30/><U24/><E24/><V55/><F55/><W121/><G121/><T36/><D36/><U117/><E117/><V84/><F74/><W88/><REACH who="3" step="1"/><G64/><REACH who="3" ten="250,250,250,240" step="2"/><T67/><D67/><U29/><E29/><V13/><F108/><W72/><G72/><T60/><D113/><U128/><E129/><V35/><F35/><W122/><G122/><T23/><D7/><U109/><E128/><V17/><F130/><W70/><G70/><T99/><D23/><AGARI ba="0,1" hai="15,18,23,37,43,46,61,62,88,89,91,93,98,100" machi="23" ten="40,16000,3" yaku="1,1,52,3,54,1,53,3" doraHai="85" doraHaiUra="87" who="3" fromWho="0" sc="250,-160,250,0,250,0,240,170" /><INIT seed="1,0,0,5,1,45" ten="90,250,250,410" oya="1" hai0="116,53,124,134,22,131,9,14,3,101,54,34,130" hai1="10,112,113,61,115,132,121,5,16,23,28,105,107" hai2="74,56,37,128,91,129,31,39,57,4,92,2,62" hai3="59,82,93,33,12,11,19,118,94,0,126,86,46"/><U123/><E61/><V6/><F31/><W79/><G126/><T25/><D34/><U117/><E107/><V80/><F80/><W127/><G127/><T83/><D3/><N who="1" m="319" /><E105/><V65/><F74/><W100/><G118/><T77/><D116/><U18/><E117/><V15/><F2/><W95/><G33/><T41/><D41/><U66/><E66/><V70/><F70/><W97/><G0/><T36/><D101/><U102/><E102/><V24/><F24/><W43/><REACH who="3" step="1"/><G59/><REACH who="3" ten="90,250,250,400" step="2"/><T40/><D124/><U8/><E132/><V49/><F57/><W98/><G98/><T125/><D134/><U88/><E112/><V60/><F56/><W52/><G52/><T108/><D125/><U26/><E113/><V27/><F65/><W133/><G133/><T135/><D108/><U47/><E115/><V119/><F119/><W58/><G58/><T81/><D135/><U78/><E123/><V17/><F62/><W85/><G85/><T99/><D99/><U30/><E121/><V109/><F60/><W71/><G71/><T76/><D40/><U75/><E75/><V96/><F96/><W44/><G44/><T32/><D32/><U90/><E47/><V87/><F87/><W111/><G111/><T106/><D54/><U13/><E78/><V29/><F109/><W51/><AGARI ba="0,1" hai="11,12,19,43,46,51,79,82,86,93,94,95,97,100" machi="51" ten="20,12000,2" yaku="1,1,0,1,7,1,8,1,52,1,53,1" doraHai="45" doraHaiUra="42" who="3" fromWho="3" sc="90,-30,250,-60,250,-30,400,130" /><INIT seed="2,0,0,3,4,64" ten="60,190,220,530" oya="2" hai0="103,80,74,94,111,109,130,92,115,2,97,46,105" hai1="122,113,133,57,84,0,86,53,54,43,106,55,126" hai2="65,31,29,59,93,5,36,11,44,89,91,13,32" hai3="15,39,66,110,88,24,50,8,123,63,34,62,9"/><V100/><F100/><W95/><G39/><T25/><D25/><U6/><E106/><V124/><F124/><W125/><G123/><T49/><D2/><U26/><E113/><V75/><F75/><W72/><G72/><T90/><D115/><U108/><E126/><V70/><F32/><W69/><G125/><T79/><D49/><U73/><E73/><V78/><F78/><W10/><G110/><N who="0" m="41995" /><D46/><U104/><E104/><V135/><F135/><W118/><G118/><T121/><D121/><U21/><E133/><V28/><F44/><W42/><G62/><T101/><D130/><U22/><E122/><V107/><F107/><W38/><G38/><T18/><D18/><U30/><E43/><V60/><F36/><W35/><G42/><T81/><D103/><U114/><E114/><V4/><F4/><W40/><G35/><T129/><D129/><U99/><E108/><V27/><F27/><W68/><G24/><T132/><D132/><U87/><E6/><V98/><REACH who="2" step="1"/><F91/><REACH who="2" ten="60,190,210,530" step="2"/><W20/><G34/><T76/><D90/><U119/><E26/><V116/><F116/><W37/><G37/><T102/><D102/><U1/><E119/><V51/><F51/><W120/><G120/><T117/><D117/><U127/><E127/><V45/><F45/><W58/><G88/><T77/><D74/><U33/><E33/><V131/><F131/><W16/><G50/><T112/><D112/><U56/><E0/><V47/><F47/><W83/><G40/><T3/><D3/><U52/><E1/><V96/><F96/><W17/><G15/><T61/><D77/><RYUUKYOKU ba="0,1" sc="60,-10,190,-10,210,30,530,-10" hai2="5,11,13,28,29,31,59,60,65,70,89,93,98" /><INIT seed="2,1,1,1,4,89" ten="50,180,240,520" oya="2" hai0="122,39,47,69,65,59,11,49,30,71,3,118,126" hai1="74,97,10,64,45,84,105,26,131,9,20,81,18" hai2="48,127,16,95,23,62,5,58,108,12,54,79,44" hai3="15,6,116,61,36,21,19,13,27,78,31,41,42"/><V72/><F127/><W82/><G116/><T119/><D126/><U112/><E74/><V113/><F113/><W111/><G111/><T33/><D122/><U104/><E112/><V34/><F34/><W129/><G129/><T28/><D39/><U124/><E131/><V53/><F108/><W66/><G6/><T115/><D115/><U121/><E124/><V96/><F72/><W52/><G52/><N who="0" m="29759" /><D11/><U76/><E121/><V130/><F130/><W22/><G13/><T60/><D3/><U46/><E64/><V51/><F79/><W25/><G15/><T57/><D33/><U68/><E68/><N who="0" m="26185" /><D30/><U98/><E104/><V24/><F51/><W4/><G4/><T85/><D28/><U93/><E105/><V134/><F134/><W43/><G36/><T55/><D85/><U50/><E97/><V123/><F123/><W73/><G73/><T77/><D77/><U91/><REACH who="1" step="1"/><E46/><REACH who="1" ten="50,170,240,520" step="2"/><V70/><F70/><W125/><G125/><T103/><D103/><U56/><E56/><V102/><F5/><W94/><G78/><T67/><D67/><U38/><E38/><V114/><F114/><W100/><G66/><T117/><D117/><U2/><E2/><V133/><F133/><W88/><G100/><T40/><D40/><AGARI ba="1,2" hai="9,10,18,20,26,40,45,50,76,81,84,91,93,98" machi="40" ten="30,7700,0" yaku="1,1,7,1,8,1,52,1,53,0" doraHai="89" doraHaiUra="35" who="1" fromWho="0" sc="50,-80,170,100,240,0,520,0" owari="-30,-53.0,270,7.0,240,-16.0,520,62.0" /></mjloggm>