<mjloggm ver="2.3"><GO type="97" lobby="0"/><UN n0="%E5%B0%B1%E6%B4%BB%E7%94%9F%40%E5%B7%9D%E6%9D%91%E8%BB%8D%E5%9B%A3" n1="%EF%BC%A0%53%69%64%6F" n2="%74%61%69%7A%6F%75" n3="%64%65%61%69%75%70%2E%63" dan="13,13,14,15" rate="1828.81,1821.18,1924.24,1975.57" sx="M,M,M,M"/><TAIKYOKU oya="0"/><INIT seed="0,0,0,1,0,38" ten="250,250,250,250" oya="0" hai0="2,30,18,77,101,118,56,62,51,86,64,79,4" hai1="47,116,26,84,120,46,88,5,122,74,10,111,110" hai2="87,55,23,121,106,57,95,135,0,108,96,29,109" hai3="13,66,113,25,112,48,94,59,129,117,63,9,28"/><T44/><D118/><U40/><E74/><V119/><F0/><W76/><G117/><T115/><D115/><U20/><E116/><V85/><F119/><W54/><G129/><T22/><D30/><N who="1" m="17735" /><E46/><V107/><F23/><W103/><G76/><T125/><D125/><U82/><E47/><V34/><F34/><W53/><G53/><T17/><D4/><U89/><E89/><V36/><F29/><W72/><G72/><T15/><D2/><N who="1" m="311" /><E40/><V3/><F36/><W32/><G103/><T24/><D86/><N who="2" m="32778" /><F3/><W130/><G94/><T71/><D71/><U8/><E8/><V133/><F55/><W75/><G75/><T39/><D39/><U69/><E69/><V98/><F57/><W21/><G32/><T93/><D93/><U127/><E127/><V100/><F121/><W37/><G37/><T124/><D101/><U12/><E12/><V105/><F98/><W1/><G1/><T16/><D124/><U67/><E67/><V52/><F52/><W128/><G13/><T99/><D99/><U45/><E45/><V126/><F126/><W104/><G9/><T50/><D15/><U134/><E134/><AGARI ba="0,0" hai="95,96,100,105,106,107,108,109,133,134,135" m="32778" machi="134" ten="40,5200,0" yaku="20,1,34,2" doraHai="38" who="2" fromWho="1" sc="250,0,250,-52,250,52,250,0" /><INIT seed="1,0,0,2,5,82" ten="250,198,302,250" oya="1" hai0="77,64,104,80,133,50,40,128,132,87,125,19,22" hai1="28,131,98,76,49,13,16,48,62,122,25,88,44" hai2="68,26,1,96,89,11,2,54,126,56,51,9,55" hai3="29,57,66,93,114,6,119,21,105,52,69,123,58"/><U63/><E122/><V10/><F68/><W90/><G105/><T34/><D34/><U46/><E131/><V38/><F38/><W43/><G123/><T113/><D104/><U134/><E76/><V97/><F26/><W33/><G33/><T101/><D101/><U100/><E134/><N who="0" m="51817" /><D128/><U32/><E88/><V17/><F17/><W99/><G114/><T39/><D39/><U75/><E75/><V74/><F74/><W23/><G119/><T130/><D113/><U42/><E48/><V127/><F55/><W45/><G6/><T121/><D121/><U110/><E46/><V94/><REACH who="2" step="1"/><F96/><REACH who="2" ten="250,198,292,250" step="2"/><W8/><G99/><T70/><D130/><U108/><E108/><V79/><F79/><W15/><G69/><T91/><D125/><AGARI ba="0,1" hai="1,2,9,10,11,51,54,56,89,94,97,125,126,127" machi="125" ten="40,2600,0" yaku="1,1,18,1,53,0" doraHai="82" doraHaiUra="81" who="2" fromWho="0" sc="250,-26,198,0,292,36,250,0" /><INIT seed="2,0,0,5,0,26" ten="224,198,328,250" oya="2" hai0="45,86,130,62,107,59,27,53,119,82,77,120,101" hai1="97,121,113,65,70,118,8,81,110,94,31,128,15" hai2="109,63,105,80,95,16,73,14,23,54,41,42,106" hai3="12,10,32,90,93,96,88,48,55,124,133,132,69"/><V134/><F134/><N who="3" m="51819" /><G69/><T40/><D130/><U78/><E113/><V116/><F116/><W28/><G124/><T75/><D120/><U25/><E118/><V58/><F109/><W50/><G90/><T9/><D119/><U61/><E110/><V49/><F73/><W20/><G32/><T98/><D9/><U24/><E128/><V34/><F34/><W68/><G68/><T4/><D4/><U66/><E66/><V37/><F37/><W5/><G55/><T79/><D27/><AGARI ba="0,0" hai="5,10,12,20,27,28,48,50,88,93,96" m="51819" machi="27" ten="30,3900,0" yaku="20,1,52,1,54,1" doraHai="26" who="3" fromWho="0" sc="224,-39,198,0,328,0,250,39" /><INIT seed="3,0,0,1,0,49" ten="185,198,328,289" oya="3" hai0="8,67,53,69,15,32,84,102,70,54,120,50,83" hai1="64,22,66,92,101,112,72,108,36,9,89,61,135" hai2="16,19,85,133,35,106,42,91,126,95,31,130,56" hai3="81,97,134,51,40,52,48,129,105,45,90,114,47"/><W37/><G114/><T111/><D120/><U121/><E72/><V98/><F126/><W118/><G118/><T103/><D111/><U24/><E36/><V93/><F133/><W104/><G134/><T30/><D69/><U77/><E112/><V128/><F106/><W80/><G129/><N who="2" m="49769" /><F42/><W99/><G37/><T59/><D70/><U6/><E121/><V71/><F71/><W28/><G28/><T34/><D67/><U119/><E108/><V131/><F131/><W109/><G109/><T86/><D30/><U79/><E135/><V122/><F122/><W65/><G65/><T25/><D25/><U55/><E101/><N who="0" m="38409" /><D32/><U78/><E55/><N who="0" m="21001" /><D34/><U18/><E119/><V110/><F110/><W58/><G105/><T100/><N who="0" m="38417" /><T113/><DORA hai="1" /><D113/><U107/><E66/><V33/><F56/><W68/><G104/><T124/><D124/><U88/><E107/><V27/><F35/><W62/><G68/><T23/><D23/><U63/><E63/><V26/><F26/><W74/><G74/><T57/><D50/><U43/><E43/><V39/><F39/><W44/><G51/><T38/><D38/><U21/><E21/><V7/><F7/><W73/><G73/><T125/><D125/><U76/><N who="1" m="19456" /><DORA hai="115" /><U0/><REACH who="1" step="1"/><E92/><REACH who="1" ten="185,188,328,289" step="2"/><V132/><F132/><W11/><G40/><T2/><D2/><U123/><E123/><V117/><F117/><W82/><G48/><T116/><D116/><U127/><E127/><V87/><F95/><W41/><G41/><T4/><D83/><U10/><E10/><V46/><F46/><W20/><G11/><RYUUKYOKU ba="0,1" sc="185,10,188,10,328,10,289,-30" hai0="4,8,15,57,59,84,86" hai1="0,6,9,18,22,24,61,64,88,89" hai2="16,19,27,31,33,85,87,91,93,98" owari="195,-30.0,198,-20.0,348,44.0,259,6.0" /></mjloggm>