<mjloggm ver="2.3"><GO type="41" lobby="0"/><UN n0="%E3%83%95%E3%83%A9%E3%83%B3%E3%82%B9%E3%81%95%E3%82%93%E5%B0%8F%E9%BA%A6" n1="%E6%99%82%E9%9B%A8%E6%A1%9C%28%E7%9C%9F%29" n2="%E5%B0%B1%E6%B4%BB%E7%94%9F%40%E5%B7%9D%E6%9D%91%E8%BB%8D%E5%9B%A3" n3="%53%6F%6E%69%63%62%6F%6F" dan="13,15,13,13" rate="1823.31,1988.44,1849.36,1874.02" sx="M,M,M,M"/><TAIKYOKU oya="0"/><INIT seed="0,0,0,5,1,14" ten="250,250,250,250" oya="0" hai0="135,54,67,73,47,99,133,76,98,66,87,53,55" hai1="91,46,89,82,16,86,11,79,100,105,22,0,31" hai2="117,60,96,114,72,20,104,108,43,78,129,35,124" hai3="63,23,81,1,90,131,7,69,42,5,25,48,68"/><T71/><D73/><U74/><E31/><V83/><F20/><W2/><G131/><T97/><D71/><U115/><E115/><V44/><F108/><W113/><G113/><T110/><D110/><U94/><E0/><V75/><F124/><W70/><G1/><T28/><D28/><U34/><E34/><V95/><F129/><W18/><G5/><T80/><REACH who="0" step="1"/><D47/><REACH who="0" ten="240,250,250,250" step="2"/><U10/><E46/><V106/><F117/><W119/><G70/><T118/><D118/><U29/><E29/><V38/><F75/><W65/><G69/><T107/><D107/><U32/><E32/><V49/><F114/><W27/><G119/><T50/><D50/><U130/><E130/><V24/><F49/><W111/><G48/><T40/><D40/><U36/><E36/><V93/><F60/><W19/><G42/><T112/><D112/><U8/><E105/><V88/><F35/><W120/><G111/><T109/><D109/><U134/><E74/><V125/><F125/><W33/><G68/><T12/><D12/><N who="1" m="9479" /><E134/><AGARI ba="0,1" hai="53,54,55,66,67,76,80,87,97,98,99,133,134,135" machi="134" ten="50,9600,0" yaku="1,1,20,1,53,1" doraHai="14" doraHaiUra="77" who="0" fromWho="1" sc="240,106,250,-96,250,0,250,0" /><INIT seed="0,1,0,1,1,1" ten="346,154,250,250" oya="0" hai0="63,119,62,116,133,78,12,2,48,135,108,129,28" hai1="44,70,98,50,49,101,37,4,53,123,54,66,45" hai2="131,43,25,47,24,26,82,96,110,0,84,87,11" hai3="111,71,42,74,105,5,132,31,69,130,65,34,85"/><T67/><D2/><U124/><E123/><V9/><F110/><W95/><G105/><T33/><D78/><U40/><E124/><V6/><F131/><W76/><G74/><T38/><D38/><U127/><E127/><V8/><F96/><W17/><G42/><T109/><D129/><U51/><E70/><V56/><F56/><W121/><G130/><T19/><D48/><U27/><E27/><V46/><F46/><W55/><G121/><T89/><D89/><U22/><E22/><V59/><F59/><W81/><G34/><T120/><D120/><U30/><E30/><V35/><F35/><W134/><G31/><T115/><D115/><U125/><E125/><V60/><F60/><N who="0" m="23082" /><D67/><U16/><E66/><V99/><F99/><W112/><G111/><N who="0" m="42571" /><D33/><U21/><E37/><V10/><REACH who="2" step="1"/><F82/><REACH who="2" ten="346,154,240,250" step="2"/><W100/><G81/><T77/><D77/><U41/><E44/><V92/><F92/><W14/><G76/><T7/><D28/><U83/><E83/><V94/><F94/><W118/><G95/><T64/><D64/><U91/><E98/><V97/><F97/><W3/><G65/><T102/><D102/><U29/><E101/><V106/><F106/><W73/><G100/><T52/><D133/><U113/><E113/><V122/><F122/><W75/><G134/><T128/><D135/><U88/><E45/><V57/><F57/><W15/><G132/><T13/><D128/><U126/><E126/><V61/><F61/><W18/><G112/><T93/><D93/><U20/><E40/><V104/><F104/><W32/><G32/><T72/><D52/><RYUUKYOKU ba="1,1" sc="346,-10,154,-10,240,30,250,-10" hai2="0,6,8,9,10,11,24,25,26,43,47,84,87" /><INIT seed="1,2,1,2,3,57" ten="336,144,270,240" oya="1" hai0="3,9,11,31,81,111,37,97,133,102,20,30,85" hai1="130,77,71,67,10,86,18,113,43,73,69,131,58" hai2="90,135,125,94,14,91,98,33,44,64,5,19,36" hai3="92,89,76,12,115,23,93,60,95,106,82,45,32"/><U7/><E113/><V110/><F33/><W34/><G115/><T13/><D37/><U55/><E43/><V116/><F125/><W51/><G106/><T62/><D133/><U127/><E73/><V42/><F135/><W70/><G34/><T27/><D30/><U8/><E127/><V2/><F116/><W56/><G32/><T25/><D25/><U108/><E67/><V15/><F110/><W119/><G70/><T121/><D111/><U74/><E74/><V72/><F72/><W16/><G119/><T26/><D26/><U61/><E108/><V21/><F64/><W35/><G35/><T78/><D3/><N who="1" m="127" /><E18/><V134/><F134/><W114/><G114/><T99/><D121/><U53/><E53/><V105/><F105/><W96/><G76/><T46/><D46/><U39/><E10/><V29/><F29/><W109/><G82/><T63/><D11/><U48/><E48/><V129/><F129/><N who="1" m="49161" /><E39/><V84/><F2/><W22/><G109/><T120/><D120/><U80/><AGARI ba="2,1" hai="55,58,61,69,71,77,80,86" m="49161,127" machi="80" ten="30,3000,0" yaku="19,1,52,1" doraHai="57" who="1" fromWho="1" sc="336,-12,144,46,270,-12,240,-12" /><INIT seed="1,3,0,5,4,2" ten="324,190,258,228" oya="1" hai0="58,9,4,73,99,100,112,64,78,24,60,12,41" hai1="81,71,23,51,3,30,47,66,61,62,94,76,97" hai2="101,59,27,49,28,67,35,34,92,105,38,90,65" hai3="118,135,77,21,103,69,84,83,96,56,63,131,125"/><U91/><E3/><V123/><F38/><W95/><G69/><T98/><D112/><U40/><E62/><V16/><F123/><W86/><G118/><T13/><D41/><U55/><E23/><V75/><F75/><W108/><G108/><T117/><D117/><U54/><REACH who="1" step="1"/><E30/><REACH who="1" ten="324,180,258,228" step="2"/><V85/><F35/><W88/><G21/><T82/><D24/><U128/><E128/><V89/><F67/><W111/><G63/><T104/><REACH who="0" step="1"/><D98/><REACH who="0" ten="314,180,258,228" step="2"/><U53/><E53/><V79/><F65/><W110/><G96/><T74/><D74/><AGARI ba="3,2" hai="40,47,51,54,55,61,66,71,74,76,81,91,94,97" machi="74" ten="30,5800,0" yaku="1,1,7,1,53,1" doraHai="2" doraHaiUra="106" who="1" fromWho="0" sc="314,-67,180,87,258,0,228,0" /><INIT seed="1,4,0,3,4,34" ten="247,267,258,228" oya="1" hai0="114,22,70,115,92,85,6,131,80,124,33,94,106" hai1="67,73,91,121,14,71,56,134,10,8,40,76,54" hai2="135,118,81,117,69,43,84,65,116,68,110,105,51" hai3="13,128,37,12,111,44,17,100,31,3,112,28,29"/><U53/><E121/><V83/><F105/><W72/><G72/><T35/><D70/><U39/><E71/><V99/><F135/><W96/><G112/><T58/><D106/><U133/><E76/><V4/><F110/><W26/><G111/><T38/><D38/><U50/><E73/><V97/><F4/><W77/><G77/><T16/><D131/><U63/><E39/><V129/><F129/><W15/><G128/><T78/><D124/><U5/><E91/><V61/><F69/><W48/><G37/><T108/><D108/><U30/><E30/><V127/><F127/><W103/><G96/><T18/><D6/><U64/><E40/><V1/><F1/><W9/><G103/><T27/><D58/><U2/><E2/><V62/><F62/><W32/><G100/><T93/><REACH who="0" step="1"/><D18/><REACH who="0" ten="237,267,258,228" step="2"/><N who="1" m="8519" /><E133/><V101/><F117/><W109/><G109/><T132/><D132/><U126/><E134/><V90/><F118/><W79/><G44/><T24/><D24/><U82/><E5/><V55/><F116/><W47/><G47/><T20/><D20/><U60/><E126/><V122/><F122/><W52/><G17/><T98/><D98/><U75/><E56/><V74/><F99/><W59/><G26/><T104/><D104/><U95/><E10/><V0/><F0/><W25/><G25/><T46/><D46/><U120/><E120/><V36/><F36/><W86/><G32/><AGARI ba="4,1" hai="16,22,27,32,33,35,78,80,85,92,93,94,114,115" machi="32" ten="40,2600,0" yaku="1,1,54,1,53,0" doraHai="34" doraHaiUra="11" who="0" fromWho="3" sc="237,48,267,0,258,0,228,-38" /><INIT seed="2,0,0,1,1,13" ten="285,267,258,190" oya="2" hai0="111,16,95,9,101,0,84,83,119,122,56,81,129" hai1="59,35,90,96,127,31,22,11,49,19,128,20,85" hai2="133,32,54,97,108,121,7,116,55,75,105,28,86" hai3="125,134,2,88,37,92,53,106,87,74,57,1,38"/><V98/><F121/><W68/><G106/><T63/><D122/><U36/><E36/><V4/><F75/><W8/><G68/><T107/><D107/><U24/><E127/><V40/><F116/><W117/><G74/><T5/><D119/><U132/><E132/><V43/><F133/><W71/><G117/><T6/><D6/><N who="2" m="2090" /><F105/><W124/><G71/><T3/><D3/><U109/><E128/><V29/><F32/><W41/><G134/><T33/><D33/><U104/><E96/><N who="2" m="36971" /><F86/><W51/><G37/><T34/><D34/><U70/><E104/><V25/><F25/><W44/><REACH who="3" step="1"/><G8/><REACH who="3" ten="285,267,258,180" step="2"/><T58/><D129/><U67/><E11/><V123/><F123/><W82/><G82/><T42/><D81/><U80/><E70/><V62/><F108/><W45/><G45/><T69/><D111/><U73/><E73/><V120/><F120/><W118/><G118/><T115/><D69/><U77/><E35/><V52/><F62/><W46/><G46/><T93/><D58/><U30/><E59/><V113/><F113/><W66/><G66/><T21/><D101/><U99/><E67/><V100/><F100/><W76/><G76/><T50/><D63/><U60/><E60/><V47/><F47/><W102/><G102/><T78/><D42/><AGARI ba="0,1" hai="28,29,40,42,43,52,54,55" m="36971,2090" machi="42" ten="30,11600,0" yaku="28,2,8,1,54,1" doraHai="13" who="2" fromWho="0" sc="285,-116,267,0,258,126,180,0" /><INIT seed="2,1,0,5,5,5" ten="169,267,384,180" oya="2" hai0="31,34,55,105,44,59,16,60,131,90,65,45,78" hai1="4,43,21,39,7,66,97,51,36,109,120,127,118" hai2="54,74,103,79,94,83,1,63,96,104,64,115,26" hai3="52,9,61,130,33,106,135,29,41,91,80,75,110"/><V14/><F1/><W47/><G106/><T123/><D105/><U128/><E118/><V18/><F115/><W32/><G135/><T89/><D123/><U56/><E120/><V30/><F54/><W132/><G132/><T82/><D131/><U3/><E128/><V122/><F122/><W134/><G130/><T49/><D31/><U27/><E127/><V100/><F100/><W129/><G134/><T20/><D34/><U124/><E124/><V88/><F30/><W126/><G129/><T35/><D35/><U77/><E77/><V57/><F26/><W19/><G126/><T67/><D44/><U108/><E97/><V111/><F111/><N who="1" m="42569" /><E66/><V95/><REACH who="2" step="1"/><F88/><REACH who="2" ten="169,267,374,180" step="2"/><W42/><G110/><T98/><D67/><U107/><E3/><V99/><F99/><W81/><G29/><T101/><D98/><U119/><E119/><V84/><F84/><W93/><G52/><T112/><D101/><U24/><E24/><V92/><F92/><W12/><G93/><T133/><D133/><U58/><E107/><V22/><AGARI ba="1,1" hai="14,18,22,57,63,64,74,79,83,94,95,96,103,104" machi="22" ten="20,3900,0" yaku="1,1,0,1,7,1,53,0" doraHai="5" doraHaiUra="70" who="2" fromWho="2" sc="169,-14,267,-14,374,52,180,-14" /><INIT seed="2,2,0,4,0,102" ten="155,253,426,166" oya="2" hai0="128,71,2,126,57,4,133,76,72,93,21,35,12" hai1="18,89,15,99,13,67,45,123,34,132,114,92,80" hai2="20,113,111,24,73,29,33,17,90,131,3,44,134" hai3="19,97,6,60,75,55,100,115,106,84,94,82,105"/><V32/><F73/><W27/><G115/><T95/><D95/><U31/><E114/><V116/><F113/><W119/><G119/><T58/><D58/><U78/><BYE who="0" /><E67/><V46/><F116/><W121/><G121/><T122/><D122/><U43/><E132/><V22/><F134/><W1/><G75/><T108/><D108/><U120/><E31/><V26/><F3/><W9/><G27/><T88/><D88/><U86/><E34/><V0/><F0/><W125/><G19/><T56/><D56/><U14/><REACH who="1" step="1"/><E18/><REACH who="1" ten="155,243,426,166" step="2"/><V11/><F32/><W38/><G38/><AGARI ba="2,1" hai="13,14,15,38,43,45,78,80,86,89,92,99,120,123" machi="38" ten="40,2600,0" yaku="1,1,2,1,53,0" doraHai="102" doraHaiUra="130" who="1" fromWho="3" sc="155,0,243,42,426,0,166,-32" /><INIT seed="3,0,0,3,0,128" ten="155,285,426,134" oya="3" hai0="76,51,94,134,79,1,38,111,121,3,11,52,41" hai1="2,104,19,31,28,50,93,118,105,122,13,73,29" hai2="44,77,43,98,9,130,59,39,107,85,47,126,54" hai3="133,108,90,63,32,81,12,64,56,48,106,123,97"/><W72/><G123/><T26/><D26/><U17/><E122/><V7/><F126/><W62/><G32/><T55/><D55/><U132/><E73/><V33/><F130/><W46/><G12/><T24/><D24/><U113/><E2/><V110/><F33/><W5/><G5/><T6/><D6/><U109/><E113/><V100/><F110/><W78/><G108/><T0/><D0/><U42/><E109/><V96/><F47/><W103/><G63/><T14/><D14/><U49/><E118/><V25/><F25/><W67/><G67/><T112/><D112/><U61/><E61/><V131/><F131/><W22/><G22/><T125/><D125/><U86/><E104/><V37/><F37/><W75/><G75/><T60/><D60/><U115/><E105/><V69/><F69/><W74/><G74/><T71/><D71/><U20/><E42/><V80/><F100/><W65/><G65/><T120/><D120/><U36/><E36/><V53/><F53/><W116/><G116/><T119/><D119/><U82/><E93/><V23/><F23/><W18/><G18/><T92/><D92/><U95/><E19/><V87/><F107/><W34/><G34/><T127/><D127/><U89/><E115/><V91/><F9/><W58/><G58/><T124/><D124/><U21/><E21/><V10/><F10/><W114/><G114/><T27/><D27/><U4/><E4/><V68/><F7/><W30/><G30/><T129/><D129/><U99/><E29/><V135/><F68/><W84/><G72/><T83/><D83/><RYUUKYOKU ba="0,0" sc="155,0,285,0,426,0,134,0" /><INIT seed="4,1,0,0,2,125" ten="155,285,426,134" oya="0" hai0="117,47,46,49,88,113,70,80,41,13,69,29,30" hai1="105,50,134,90,92,89,35,48,68,0,121,87,73" hai2="106,94,27,21,36,11,85,119,135,37,26,116,74" hai3="115,31,24,82,99,66,120,25,100,16,127,61,64"/><T15/><D15/><U131/><E35/><V78/><F106/><W34/><G127/><T98/><D98/><U38/><E38/><V54/><F74/><W103/><G120/><T12/><D12/><U67/><E0/><V86/><F135/><W122/><G115/><T40/><D40/><U19/><E105/><V91/><F54/><W17/><G122/><T118/><D118/><N who="2" m="45098" /><F11/><W108/><G108/><T7/><D7/><U102/><E134/><V52/><F52/><W51/><G82/><T59/><D59/><U107/><E19/><N who="2" m="12607" /><F27/><W55/><G66/><T42/><D42/><U95/><E67/><V56/><F56/><W53/><G53/><T97/><D97/><U93/><E68/><V28/><F28/><W110/><G25/><T3/><D3/><U33/><E121/><V43/><F43/><W57/><G110/><T65/><D65/><U44/><E33/><V72/><F72/><W60/><G60/><T71/><D71/><U128/><E73/><V10/><F10/><W83/><G83/><AGARI ba="1,0" hai="36,37,78,83,85,86,91,94" m="12607,45098" machi="83" ten="30,1000,0" yaku="12,1" doraHai="125" who="2" fromWho="3" sc="155,0,285,0,426,13,134,-13" /><INIT seed="5,0,0,2,5,122" ten="155,285,439,121" oya="1" hai0="133,31,35,58,67,7,129,98,20,25,91,48,118" hai1="40,42,125,80,110,111,92,130,16,1,32,12,77" hai2="3,24,104,127,54,19,70,81,14,109,89,128,87" hai3="5,124,85,120,30,44,108,117,71,52,49,115,23"/><U72/><E32/><V6/><F109/><N who="1" m="41481" /><E125/><V34/><F127/><W66/><G108/><T86/><D86/><U61/><E1/><V131/><F104/><W9/><G120/><T51/><D51/><U37/><E37/><V75/><F75/><W56/><G117/><T15/><D15/><U45/><E130/><N who="2" m="49707" /><F70/><W94/><G115/><T47/><D47/><U2/><E2/><V123/><F123/><W102/><G124/><T4/><D4/><U10/><E45/><V68/><F68/><W63/><G30/><T18/><D18/><U8/><E61/><V78/><F6/><W57/><G23/><T101/><D101/><U27/><E92/><V36/><F36/><W41/><G57/><T99/><D99/><U84/><E27/><V13/><F3/><W97/><G85/><T17/><D17/><U62/><E62/><V105/><F105/><W22/><G22/><T114/><D114/><U113/><E113/><V39/><F39/><W50/><G5/><T43/><D43/><N who="1" m="16427" /><E8/><V21/><F34/><W59/><REACH who="3" step="1"/><G9/><REACH who="3" ten="155,285,439,111" step="2"/><T126/><D126/><U0/><E0/><V93/><F24/><W100/><G100/><T96/><D96/><U135/><E135/><V134/><F134/><W53/><G53/><T88/><D88/><U83/><E72/><V79/><F54/><W82/><G82/><AGARI ba="0,1" hai="10,12,16,77,80,82,83,84" m="16427,41481" machi="82" ten="30,12000,1" yaku="10,1,52,3,54,1" doraHai="122" who="1" fromWho="3" sc="155,0,285,130,439,0,111,-120" owari="155,-24.0,415,22.0,439,53.0,-9,-51.0" /></mjloggm>