<mjloggm ver="2.3"><GO type="97" lobby="0"/><UN n0="%E3%82%AA%E3%82%AF%E3%83%A9%E3%82%B2%E3%83%AD%E6%98%9F%E4%BA%BA" n1="%31%37%38%79%65%6E" n2="%64%65%6E%73%75" n3="%E5%B0%B1%E6%B4%BB%E7%94%9F%40%E5%B7%9D%E6%9D%91%E8%BB%8D%E5%9B%A3" dan="13,15,14,15" rate="1906.74,1982.70,1890.34,1993.08" sx="M,M,M,M"/><TAIKYOKU oya="0"/><INIT seed="0,0,0,5,3,102" ten="250,250,250,250" oya="0" hai0="69,13,76,37,128,26,64,58,124,27,55,7,106" hai1="18,133,9,100,56,31,116,94,120,54,6,35,81" hai2="122,44,11,84,95,4,114,14,89,110,93,135,79" hai3="85,24,97,53,22,8,47,38,113,15,71,129,75"/><T74/><D128/><U123/><E116/><V72/><F122/><W119/><G75/><T103/><D124/><U40/><E133/><V65/><F135/><W41/><G119/><T51/><D37/><U131/><E131/><V32/><F32/><W126/><G113/><T121/><D121/><U42/><E18/><V1/><F114/><W43/><G129/><T99/><D76/><U86/><E42/><V63/><F110/><W107/><G71/><T48/><D74/><U130/><E130/><V3/><F95/><W117/><G117/><T125/><D125/><U25/><E40/><V19/><F44/><W91/><G126/><T88/><D51/><U28/><E28/><V68/><REACH who="2" step="1"/><F4/><REACH who="2" ten="250,250,240,250" step="2"/><W36/><G36/><T61/><D7/><U66/><E94/><V29/><F29/><W111/><G111/><T73/><D73/><U77/><E31/><V30/><F30/><W105/><G41/><T52/><D55/><U118/><E54/><V2/><F2/><W67/><G53/><T33/><D33/><U134/><E6/><V12/><F12/><W101/><G67/><T80/><REACH who="0" step="1"/><D13/><REACH who="0" ten="240,250,240,250" step="2"/><U132/><E120/><V112/><F112/><W82/><G15/><T104/><D104/><U60/><E123/><V39/><F39/><W98/><G105/><T83/><D83/><AGARI ba="0,2" hai="1,3,11,14,19,63,65,68,72,79,83,84,89,93" machi="83" ten="40,1300,0" yaku="1,1,53,0" doraHai="102" doraHaiUra="109" who="2" fromWho="0" sc="240,-13,250,0,240,33,250,0" /><INIT seed="1,0,0,2,5,94" ten="227,250,273,250" oya="1" hai0="113,133,5,118,60,120,109,36,47,70,112,131,93" hai1="39,126,73,115,37,69,121,130,22,51,127,85,87" hai2="110,89,66,82,128,65,25,27,105,38,31,76,14" hai3="79,99,49,18,135,2,123,81,55,3,100,13,34"/><U44/><E115/><V41/><F105/><W1/><G34/><T24/><D5/><U91/><E73/><V119/><F119/><W12/><G123/><T10/><D10/><U77/><E121/><V16/><F128/><W96/><G135/><T50/><D24/><U117/><E117/><V88/><F25/><W40/><G40/><N who="0" m="22919" /><D93/><U72/><E69/><V52/><F110/><W106/><G96/><T68/><D118/><U83/><E22/><N who="2" m="15863" /><F38/><W74/><REACH who="3" step="1"/><G18/><REACH who="3" ten="227,250,273,240" step="2"/><T103/><D120/><U97/><E97/><V104/><F104/><W35/><G35/><T7/><D133/><U19/><E19/><V0/><F0/><W108/><G108/><T86/><D109/><U132/><E132/><V107/><F107/><W29/><G29/><T28/><D28/><U46/><E127/><V71/><F16/><W53/><G53/><T26/><D7/><U58/><E126/><V33/><F52/><W4/><G4/><T78/><D131/><U111/><E130/><V90/><F33/><W114/><G114/><T45/><D113/><U98/><E98/><V84/><F14/><W122/><G122/><T63/><D112/><U9/><E111/><V57/><F41/><W116/><G116/><T134/><D134/><U59/><E9/><V15/><F15/><W11/><G11/><T30/><D30/><U102/><E102/><V61/><F66/><W80/><G80/><N who="0" m="47383" /><D103/><U6/><E6/><V67/><F71/><N who="0" m="27178" /><D26/><U43/><E43/><V48/><F67/><W54/><G54/><T56/><D45/><AGARI ba="0,1" hai="1,2,3,12,13,45,49,55,74,79,81,99,100,106" machi="45" ten="40,2600,0" yaku="1,1,52,1,53,0" doraHai="94" doraHaiUra="21" who="3" fromWho="0" sc="227,-26,250,0,273,0,240,36" /><INIT seed="2,0,0,3,2,0" ten="201,250,273,276" oya="2" hai0="53,77,108,76,121,132,17,85,88,67,16,99,94" hai1="74,66,106,109,14,101,125,30,95,100,62,114,29" hai2="135,131,93,124,102,33,43,1,103,69,15,23,107" hai3="120,73,8,122,105,130,47,44,117,22,31,87,57"/><V59/><F107/><W91/><G73/><T97/><D121/><U12/><E74/><V118/><F118/><W25/><G117/><T60/><D132/><U65/><E106/><V96/><F69/><W5/><G105/><T55/><D108/><U11/><E109/><V98/><F33/><W42/><G130/><T10/><D77/><U2/><E2/><V9/><F131/><W128/><G128/><T24/><D17/><U7/><E125/><V35/><F35/><W50/><G47/><T46/><D46/><U104/><E104/><V89/><F1/><W92/><REACH who="3" step="1"/><G57/><REACH who="3" ten="201,250,273,266" step="2"/><N who="0" m="37263" /><D76/><U129/><E129/><V71/><F59/><W38/><G38/><T28/><D28/><U26/><E30/><V27/><F135/><W111/><G111/><T3/><D3/><AGARI ba="0,1" hai="3,5,8,22,25,31,42,44,50,87,91,92,120,122" machi="3" ten="30,3900,0" yaku="1,1,7,1,52,1,53,0" doraHai="0" doraHaiUra="78" who="3" fromWho="0" sc="201,-39,250,0,273,0,266,49" /><INIT seed="3,0,0,2,4,49" ten="162,250,273,315" oya="3" hai0="125,78,23,55,40,107,71,104,6,25,62,94,90" hai1="53,11,5,135,41,66,57,10,91,132,58,85,86" hai2="15,127,16,103,81,102,87,28,109,37,110,7,30" hai3="24,48,51,101,76,0,96,114,88,38,131,63,89"/><W84/><G38/><T75/><D125/><U20/><E41/><V45/><F127/><W119/><G0/><T33/><D40/><U13/><E66/><V14/><F7/><W116/><G114/><T121/><D121/><U117/><E117/><V73/><F73/><W93/><G131/><T9/><D33/><U95/><E58/><V42/><F14/><W129/><G129/><T54/><D75/><U50/><E11/><V26/><F30/><W82/><G63/><T35/><D78/><U52/><E53/><V98/><F98/><W115/><G115/><T27/><D35/><U47/><E47/><V21/><F109/><W19/><G116/><T118/><D118/><U113/><E113/><V32/><REACH who="2" step="1"/><F110/><REACH who="2" ten="162,250,263,315" step="2"/><W122/><G119/><T80/><D27/><U1/><E86/><V126/><F126/><W36/><G122/><T34/><D34/><U12/><E12/><V59/><F59/><W2/><G2/><T124/><D124/><U72/><E72/><V56/><F56/><W106/><G36/><T74/><D74/><U29/><E29/><V112/><F112/><W67/><G67/><T31/><D80/><U133/><E133/><V92/><F92/><W97/><G76/><AGARI ba="0,1" hai="15,16,21,26,28,32,37,42,45,76,81,87,102,103" machi="76" ten="30,3900,0" yaku="1,1,7,1,54,1,53,0" doraHai="49" doraHaiUra="134" who="2" fromWho="3" sc="162,0,250,0,263,49,315,-39" owari="162,-34.0,250,-15.0,312,41.0,276,8.0" /></mjloggm>