<mjloggm ver="2.3"><GO type="97" lobby="0"/><UN n0="%E3%82%A6%E3%83%AB%E3%83%88%E3%83%A9%E7%AB%8B%E7%9B%B4" n1="%E3%81%AD%E3%82%80%E3%81%AD%E3%81%93" n2="%E6%82%A0%79%6F%75" n3="%E9%81%8A%E6%98%9F" dan="14,14,14,15" rate="1960.62,1897.97,1968.22,1932.20" sx="M,F,M,M"/><TAIKYOKU oya="0"/><INIT seed="0,0,0,5,1,1" ten="250,250,250,250" oya="0" hai0="119,115,64,9,47,19,46,6,112,63,66,13,62" hai1="7,105,88,103,92,109,85,61,90,114,126,44,32" hai2="98,106,33,60,73,102,118,99,72,14,16,116,87" hai3="34,25,26,23,53,127,95,94,128,24,15,43,29"/><T113/><D119/><N who="2" m="45610" /><F33/><W121/><G43/><T48/><D48/><U35/><E109/><V134/><F134/><W11/><G121/><T117/><D117/><U37/><E114/><V65/><F98/><W76/><G76/><T70/><REACH who="0" step="1"/><D19/><REACH who="0" ten="240,250,250,250" step="2"/><U104/><E126/><V56/><F87/><W77/><G127/><T75/><D75/><U89/><E61/><V36/><F36/><W31/><G31/><T80/><D80/><U129/><E129/><V49/><F49/><W135/><G128/><T59/><AGARI ba="0,1" hai="6,9,13,46,47,59,62,63,64,66,70,112,113,115" machi="59" ten="30,6000,0" yaku="1,1,0,1,52,1,53,0" doraHai="1" doraHaiUra="122" who="0" fromWho="0" sc="240,70,250,-20,250,-20,250,-20" /><INIT seed="0,1,0,5,1,61" ten="310,230,230,230" oya="0" hai0="7,0,36,5,88,101,130,70,45,60,124,26,107" hai1="108,55,122,104,65,112,41,98,30,46,127,114,66" hai2="23,111,44,63,24,106,79,95,15,29,73,19,18" hai3="84,25,2,27,8,34,105,89,96,4,71,117,91"/><T120/><D120/><U123/><E30/><V74/><F106/><W35/><G117/><T77/><D77/><U110/><E98/><V3/><F3/><W16/><G71/><T51/><D36/><U135/><E104/><V22/><F79/><W32/><G105/><T33/><D124/><U82/><E82/><V43/><F111/><N who="1" m="42537" /><E55/><V83/><F83/><W53/><G53/><T85/><D130/><U10/><E10/><V48/><F95/><W68/><G68/><T80/><D0/><U17/><E17/><V14/><REACH who="2" step="1"/><F63/><REACH who="2" ten="310,230,220,230" step="2"/><W38/><G96/><T62/><D62/><U64/><E127/><V72/><F72/><W115/><G115/><N who="1" m="44074" /><E135/><V69/><F69/><W52/><G89/><T67/><D107/><U133/><E133/><V13/><F13/><N who="3" m="7207" /><G91/><T131/><D101/><U47/><E41/><V76/><F76/><W12/><G84/><T113/><D113/><U87/><E87/><V39/><F39/><W99/><G38/><T126/><D131/><U57/><E57/><V118/><F118/><W97/><G97/><T103/><D126/><U93/><E93/><V125/><F125/><W42/><G99/><T129/><D103/><U1/><E1/><V116/><F116/><W56/><G42/><N who="0" m="25015" /><D129/><U81/><E81/><V59/><F59/><W109/><G109/><T20/><D60/><U37/><E37/><V121/><F121/><AGARI ba="1,1" hai="46,47,64,65,66,121,122,123" m="44074,42537" machi="121" ten="40,16000,3" yaku="28,2,14,1,11,1,34,2,52,3" doraHai="61" who="1" fromWho="2" sc="310,0,230,173,220,-163,230,0" /><INIT seed="1,0,0,4,2,100" ten="310,403,57,230" oya="1" hai0="94,10,56,76,42,132,11,104,24,22,23,46,50" hai1="126,60,74,84,127,43,103,117,131,106,65,118,133" hai2="82,41,71,134,114,5,113,115,20,26,48,30,120" hai3="73,105,49,15,18,53,88,52,108,1,79,14,45"/><U9/><E133/><V130/><F120/><W101/><G1/><T99/><D132/><U58/><E74/><V38/><F134/><W0/><G0/><T2/><D2/><U119/><E131/><V40/><F71/><W62/><G108/><T37/><D76/><U116/><N who="1" m="29696" /><DORA hai="44" /><U109/><E109/><V90/><F130/><W55/><G79/><T28/><D104/><U97/><E43/><V83/><F5/><W35/><G73/><T123/><D123/><U51/><E9/><V72/><F38/><W135/><G35/><T34/><D34/><U75/><E75/><V98/><F72/><W129/><G135/><T61/><D23/><U122/><E122/><V66/><F66/><W47/><G129/><T16/><D37/><U86/><REACH who="1" step="1"/><E51/><REACH who="1" ten="310,393,57,230" step="2"/><V17/><F30/><W85/><G49/><T39/><D39/><U21/><E21/><V63/><F63/><W4/><G62/><T78/><D78/><U77/><E77/><V112/><N who="2" m="29184" /><DORA hai="27" /><V111/><F111/><W89/><G47/><T64/><D28/><U13/><E13/><V33/><F33/><W96/><G15/><T102/><AGARI ba="0,1" hai="10,11,16,22,24,42,46,50,56,61,64,94,99,102" machi="102" ten="20,8000,1" yaku="0,1,7,1,8,1,52,1,54,1" doraHai="100,44,27" who="0" fromWho="0" sc="310,90,393,-40,57,-20,230,-20" /><INIT seed="2,0,0,2,1,13" ten="400,353,37,210" oya="2" hai0="1,74,116,45,64,106,29,47,36,135,21,79,11" hai1="6,134,37,61,109,120,85,41,71,82,22,90,81" hai2="7,110,12,72,93,5,56,76,115,23,62,4,78" hai3="130,128,129,67,131,113,73,94,80,31,34,125,60"/><V86/><F72/><W127/><G94/><T3/><D106/><U133/><E109/><V121/><F121/><W69/><N who="3" m="32768" /><DORA hai="48" /><W63/><G63/><T17/><D64/><U83/><E120/><V14/><F115/><W101/><G101/><T89/><D89/><U119/><E119/><V123/><F123/><W40/><G40/><T38/><D17/><U107/><E107/><V2/><F2/><W39/><G39/><T114/><D21/><U55/><E6/><V30/><F110/><W117/><G117/><T28/><D79/><U25/><E37/><V66/><F93/><W84/><G113/><T99/><D99/><U96/><E41/><V105/><F105/><W100/><G100/><T57/><D57/><N who="1" m="35007" /><E96/><V49/><F49/><W24/><REACH who="3" step="1"/><G84/><REACH who="3" ten="400,353,37,200" step="2"/><T0/><D116/><U20/><E71/><V102/><F102/><W104/><G104/><T44/><D114/><U88/><E85/><V16/><F30/><W8/><G8/><T52/><D28/><N who="1" m="17447" /><E22/><N who="2" m="11527" /><F86/><W108/><G108/><T10/><D29/><U112/><E112/><V26/><F26/><W54/><G54/><T58/><D38/><U32/><E32/><V92/><F92/><W75/><G75/><T98/><D74/><U77/><E77/><AGARI ba="0,1" hai="24,31,34,60,67,69,73,77,80,125,127" m="32768" machi="77" ten="70,8000,1" yaku="1,1,19,1,23,2,53,0" doraHai="13,48" doraHaiUra="19,95" who="3" fromWho="1" sc="400,0,353,-80,37,0,200,90" /><INIT seed="3,0,0,3,4,54" ten="400,273,37,290" oya="3" hai0="115,119,5,96,121,112,3,90,131,22,33,30,111" hai1="91,120,36,68,72,53,93,17,59,47,70,106,58" hai2="40,64,0,79,46,1,135,9,31,56,75,24,86" hai3="34,61,25,2,104,29,20,89,51,21,126,110,16"/><W130/><G104/><T41/><D33/><U19/><E72/><V44/><F135/><W50/><G2/><T92/><D121/><U63/><E106/><V88/><F46/><W107/><G107/><T84/><D119/><U100/><E100/><V97/><F97/><W78/><G130/><T23/><D131/><U37/><E120/><V83/><F9/><W69/><G126/><T82/><D111/><U133/><E133/><V49/><F64/><W13/><G110/><T94/><D94/><U85/><E68/><V66/><F24/><W81/><G89/><T60/><D41/><U113/><E70/><V28/><F1/><W14/><G69/><T71/><D5/><U27/><E113/><N who="0" m="43593" /><D3/><U80/><E93/><V108/><F0/><W118/><G118/><T55/><D30/><U42/><E36/><V128/><F128/><W43/><G43/><T65/><D55/><U39/><E39/><V123/><F123/><W26/><G61/><T74/><D74/><U117/><E117/><V87/><F75/><W62/><G62/><T45/><D45/><U10/><E10/><V102/><F102/><AGARI ba="0,0" hai="22,23,60,65,71,82,84,90,92,96,102" m="43593" machi="102" ten="30,1000,0" yaku="11,1" doraHai="54" who="0" fromWho="2" sc="400,10,273,0,37,-10,290,0" owari="410,51.0,273,-13.0,27,-47.0,290,9.0" /></mjloggm>