<mjloggm ver="2.3"><GO type="169" lobby="0"/><UN n0="%43%6C%61%69%72%61%77%6C" n1="%E8%A1%A8%E8%A3%8F%E8%A3%8F" n2="%E3%82%A6%E3%83%AB%E3%83%88%E3%83%A9%E7%AB%8B%E7%9B%B4" n3="%E3%83%AA%E3%83%95%E3%83%AC%E3%82%AF%E3%83%86%E3%82%A3%E3%82%A2" dan="17,17,17,16" rate="2167.83,2156.43,2177.98,2098.78" sx="M,M,M,F"/><TAIKYOKU oya="0"/><INIT seed="0,0,0,4,0,68" ten="250,250,250,250" oya="0" hai0="134,118,14,94,99,120,69,32,71,3,121,111,116" hai1="108,65,33,119,90,15,31,52,10,123,49,106,114" hai2="47,95,37,19,109,25,117,46,75,54,76,86,12" hai3="24,4,105,113,57,45,132,124,38,125,22,102,107"/><T87/><D3/><U77/><E106/><V135/><F75/><W34/><G34/><T97/><D32/><U17/><E65/><V60/><F109/><W50/><G113/><T128/><D14/><U88/><E123/><N who="0" m="47177" /><D111/><U130/><E108/><V66/><F135/><W27/><G132/><T28/><D28/><U81/><E119/><N who="0" m="45609" /><D134/><U74/><E130/><V55/><F25/><W13/><G24/><T5/><D5/><U30/><E114/><V62/><F76/><W2/><G2/><T48/><D48/><U9/><E33/><V6/><F6/><W40/><G13/><T29/><D29/><N who="1" m="10763" /><E74/><V16/><F12/><W51/><G4/><T127/><D69/><U133/><E133/><V122/><F117/><W41/><G27/><T36/><D71/><U82/><E77/><V58/><F122/><W92/><G22/><T7/><D7/><U64/><E10/><V43/><F66/><W79/><G79/><T98/><D36/><U39/><E39/><V42/><F37/><W1/><G1/><T80/><D128/><U44/><E64/><V56/><F86/><W21/><G21/><T0/><D0/><U83/><AGARI ba="0,0" hai="9,15,17,44,49,52,81,82,83,88,90" m="10763" machi="83" ten="30,4000,0" yaku="8,1,54,2" doraHai="68" who="1" fromWho="1" sc="250,-20,250,40,250,-10,250,-10" /><INIT seed="1,0,0,4,5,14" ten="230,290,240,240" oya="1" hai0="21,87,132,4,41,128,70,108,86,120,17,93,50" hai1="7,84,115,127,130,19,11,125,67,95,106,121,100" hai2="105,55,79,74,15,99,40,71,76,51,62,119,26" hai3="96,43,78,20,18,42,135,63,31,27,38,65,66"/><U34/><E121/><V10/><F119/><W61/><G135/><T82/><D70/><U104/><E115/><V30/><F40/><W91/><G78/><T44/><D132/><U124/><E130/><V56/><F74/><W88/><G38/><T89/><D128/><U109/><E109/><V64/><F105/><W114/><G114/><T35/><D35/><U73/><E73/><V2/><F2/><W116/><G116/><T117/><D117/><U98/><E67/><V90/><F90/><W85/><G31/><T29/><D108/><U48/><E34/><V107/><F99/><W123/><G123/><T77/><D120/><U97/><E84/><V60/><F60/><W59/><G96/><T92/><D4/><U58/><E98/><V53/><F53/><W110/><G110/><T23/><D29/><U118/><E118/><V6/><F107/><W46/><G46/><T49/><D23/><AGARI ba="0,0" hai="6,10,15,23,26,30,51,55,56,62,64,71,76,79" machi="23" ten="30,1000,0" yaku="7,1" doraHai="14" who="2" fromWho="0" sc="230,-10,290,0,240,10,240,0" /><INIT seed="2,0,0,5,1,7" ten="220,290,250,240" oya="2" hai0="124,134,1,6,56,26,31,80,41,83,46,123,22" hai1="40,130,17,28,118,105,93,29,8,77,27,111,25" hai2="74,45,3,98,86,47,88,112,36,96,126,95,24" hai3="84,75,2,114,42,38,73,20,57,23,97,49,122"/><V115/><F74/><W12/><G122/><T76/><D123/><U119/><E105/><V44/><F36/><W67/><G2/><T79/><D124/><U120/><E77/><V33/><F126/><W14/><G38/><T107/><D107/><U13/><E40/><V89/><F3/><W52/><G114/><T129/><D129/><U100/><E100/><V43/><F43/><W104/><G42/><T39/><D134/><U94/><E120/><V19/><F98/><W82/><G67/><T18/><D56/><U32/><E111/><V4/><F4/><W50/><G50/><T30/><D80/><U110/><E110/><V85/><F96/><W81/><G81/><T135/><D135/><U15/><E130/><V113/><F19/><W9/><G97/><T62/><D62/><U59/><E59/><V121/><F121/><W117/><G117/><T127/><D127/><U60/><E60/><V72/><F72/><W0/><G104/><T116/><D116/><U37/><E37/><V128/><F128/><W64/><G64/><T108/><D108/><U55/><E55/><V68/><F68/><W103/><G103/><T71/><D71/><U5/><E118/><V78/><F78/><N who="3" m="46167" /><G75/><N who="0" m="43423" /><D79/><U16/><E119/><V106/><F106/><W51/><G73/><T90/><D90/><N who="2" m="34922" /><F95/><W65/><G0/><T70/><D70/><U133/><E133/><V125/><F125/><W58/><G65/><T91/><D91/><U99/><E99/><V61/><F61/><W66/><G66/><T63/><D63/><U54/><E94/><V101/><F101/><W87/><G87/><RYUUKYOKU ba="0,0" sc="220,15,290,-15,250,15,240,-15" hai0="1,6,18,22,26,30,31,39,41,46" hai2="24,33,44,45,47,85,86,112,113,115" /><INIT seed="2,1,0,3,3,33" ten="235,275,265,225" oya="2" hai0="70,36,9,27,55,5,125,10,42,17,83,14,66" hai1="101,8,129,133,98,52,112,45,51,16,4,122,109" hai2="113,64,46,97,105,102,123,57,32,18,94,75,121" hai3="86,71,11,107,26,91,13,114,31,43,6,96,50"/><V23/><F32/><W84/><G71/><T7/><D125/><U120/><E112/><V92/><F113/><W22/><G114/><T90/><D55/><U117/><E117/><V59/><F75/><W111/><G111/><T48/><D36/><U128/><E109/><V40/><F105/><W76/><G76/><T82/><D70/><U93/><E133/><V78/><F78/><W74/><G74/><T135/><D66/><U127/><E127/><V41/><F92/><N who="3" m="56351" /><G107/><T118/><D135/><U49/><E49/><V126/><F126/><W56/><G56/><T61/><D61/><U62/><E62/><V44/><F121/><N who="1" m="46697" /><E16/><V115/><F115/><W29/><G31/><T54/><D42/><N who="2" m="16490" /><F123/><W85/><G43/><T39/><D39/><U58/><E58/><N who="2" m="22027" /><F64/><W3/><G50/><T34/><D48/><U130/><E130/><V21/><F21/><W77/><G77/><T15/><D54/><U67/><E67/><V116/><F116/><W25/><G22/><N who="0" m="13775" /><D118/><U53/><E53/><V100/><F100/><W87/><G29/><T68/><D34/><U24/><E24/><AGARI ba="1,0" hai="18,23,24,44,46,94,97,102" m="22027,16490" machi="24" ten="30,1500,0" yaku="8,1" doraHai="33" who="2" fromWho="1" sc="235,0,275,-18,265,18,225,0" /><INIT seed="2,2,0,0,5,54" ten="235,257,283,225" oya="2" hai0="97,23,90,88,5,7,72,33,105,100,8,103,108" hai1="133,35,130,58,24,98,110,49,91,111,81,3,64" hai2="51,78,16,128,59,77,122,116,114,85,30,83,71" hai3="109,37,95,121,41,61,32,73,124,67,112,86,2"/><V20/><F71/><W94/><G121/><T118/><D33/><U14/><E3/><V19/><F122/><W9/><G32/><T119/><D72/><U57/><E133/><V42/><F116/><N who="0" m="44586" /><D108/><N who="1" m="41515" /><E130/><V89/><F114/><W127/><G73/><T17/><D103/><U125/><E125/><N who="3" m="48202" /><G109/><T87/><D8/><U63/><E14/><V80/><F42/><W75/><G75/><T115/><D115/><U135/><E135/><V60/><F51/><W28/><G28/><T99/><D99/><U69/><E49/><V92/><F128/><W96/><G86/><T31/><D31/><N who="1" m="19943" /><E98/><V11/><F11/><W46/><G96/><T48/><D48/><U79/><E91/><N who="0" m="34857" /><D87/><AGARI ba="2,0" hai="57,58,63,64,69,79,81,87" m="19943,41515" machi="87" ten="30,3900,0" yaku="14,1,52,2" doraHai="54" who="1" fromWho="0" sc="235,-45,257,45,283,0,225,0" /><INIT seed="3,0,0,1,1,39" ten="190,302,283,225" oya="3" hai0="98,47,14,19,5,77,56,121,79,1,81,11,13" hai1="116,78,54,86,114,123,55,25,26,71,10,108,24" hai2="113,8,110,101,44,99,115,30,128,74,48,57,66" hai3="23,68,111,42,61,60,59,41,27,124,2,18,88"/><W3/><G68/><T67/><D121/><U96/><E123/><V85/><F74/><W120/><G120/><T84/><D1/><U7/><E114/><V117/><F117/><W15/><G61/><T21/><D98/><U38/><E108/><V131/><F110/><W135/><G111/><T119/><D119/><U106/><E71/><V132/><F30/><W76/><G76/><T87/><D47/><U58/><E38/><V75/><F75/><W122/><G122/><T35/><D35/><U126/><E126/><V52/><F85/><W93/><G124/><T69/><D69/><U34/><E34/><V9/><F132/><W100/><G100/><T97/><D97/><U94/><E106/><V91/><F91/><W92/><G135/><T64/><REACH who="0" step="1"/><D56/><REACH who="0" ten="180,302,283,225" step="2"/><U107/><E58/><V129/><F115/><W125/><G125/><T133/><D133/><U22/><E96/><V89/><F113/><W82/><G3/><T95/><D95/><U70/><E94/><N who="2" m="56783" /><F101/><W103/><G2/><T45/><D45/><U31/><E70/><V102/><F102/><W83/><G103/><T32/><D32/><U72/><E107/><V118/><F118/><W130/><G93/><T65/><D65/><U4/><E116/><V36/><F66/><N who="3" m="39199" /><G130/><T37/><D37/><U53/><E72/><V134/><F134/><W20/><G92/><T33/><D33/><U112/><E112/><V51/><F36/><W29/><G82/><AGARI ba="0,1" hai="5,11,13,14,19,21,64,67,77,79,81,82,84,87" machi="82" ten="40,5200,0" yaku="1,1,9,1,8,1,53,0" doraHai="39" doraHaiUra="40" who="0" fromWho="3" sc="180,62,302,0,283,0,225,-52" /><INIT seed="4,0,0,0,0,131" ten="242,302,283,173" oya="0" hai0="126,91,67,14,79,37,43,83,0,55,101,82,50" hai1="57,31,4,70,21,90,9,13,15,59,29,123,61" hai2="89,75,128,85,64,111,3,68,40,99,60,114,134" hai3="78,77,104,80,35,24,63,5,73,53,102,95,41"/><T47/><D0/><U54/><E123/><V2/><F75/><W120/><G120/><T115/><D115/><U133/><E70/><V12/><F111/><W8/><G41/><T113/><D113/><U109/><E109/><V122/><F122/><W42/><G104/><T132/><D126/><U16/><E133/><V76/><F114/><W74/><G102/><T125/><D125/><U49/><REACH who="1" step="1"/><E90/><REACH who="1" ten="242,292,283,173" step="2"/><V105/><F89/><W22/><G77/><T103/><D132/><U17/><E17/><V86/><F76/><W88/><G78/><T71/><D91/><U121/><E121/><V19/><F19/><W34/><G88/><T11/><D83/><U48/><E48/><V28/><F134/><W135/><G80/><T87/><D101/><U107/><E107/><V84/><F105/><W26/><G135/><T117/><D103/><U100/><E100/><V39/><F128/><W69/><G69/><T93/><D93/><U106/><E106/><V98/><F68/><W124/><G95/><T130/><D130/><U52/><AGARI ba="0,1" hai="4,9,13,15,16,21,29,31,49,52,54,57,59,61" machi="52" ten="20,12000,2" yaku="1,1,0,1,7,1,8,1,54,2,53,0" doraHai="131" doraHaiUra="92" who="1" fromWho="1" sc="242,-60,292,130,283,-30,173,-30" /><INIT seed="5,0,0,2,0,69" ten="182,422,253,143" oya="1" hai0="89,74,32,124,118,41,88,63,133,8,95,10,51" hai1="96,25,108,49,9,58,75,116,81,91,112,26,18" hai2="98,50,80,78,107,86,22,33,0,12,6,100,134" hai3="85,47,125,39,104,28,19,135,83,128,117,11,61"/><U36/><E116/><V77/><F33/><W101/><G117/><T40/><D118/><U109/><E36/><V130/><F130/><W1/><G128/><T4/><D74/><U42/><E112/><V82/><F134/><W52/><G135/><T73/><D73/><U105/><E105/><V121/><F121/><W94/><G28/><T79/><D79/><U93/><E75/><V122/><F122/><W129/><G104/><T114/><D32/><U16/><E81/><V7/><F0/><W90/><G129/><T65/><D133/><U71/><E71/><V38/><F38/><W110/><G110/><T67/><D114/><U43/><E58/><V48/><F7/><W30/><G30/><T44/><D41/><U35/><E49/><V37/><F37/><W97/><G125/><T113/><D124/><U68/><E9/><V55/><F55/><W66/><G1/><T84/><D113/><U57/><E57/><V14/><F12/><N who="3" m="7583" /><G39/><T111/><D111/><U2/><E68/><V126/><F126/><W119/><G119/><T5/><D89/><U45/><E45/><V54/><F54/><W76/><G66/><N who="0" m="25099" /><D63/><U21/><E2/><V46/><F46/><W20/><G20/><T103/><D8/><U120/><E35/><V70/><F70/><W56/><G47/><T62/><D10/><U131/><E131/><V27/><F6/><N who="0" m="2666" /><D62/><U115/><E115/><V64/><F64/><W99/><G101/><AGARI ba="0,0" hai="40,44,51,84,88,95,101,103" m="2666,25099" machi="101" ten="30,2000,0" yaku="8,1,54,1" doraHai="69" who="0" fromWho="3" sc="182,20,422,0,253,0,143,-20" /><INIT seed="6,0,0,2,1,125" ten="202,422,253,123" oya="2" hai0="118,59,10,29,27,116,0,121,74,36,67,47,13" hai1="57,30,108,65,42,126,49,107,51,120,21,35,66" hai2="130,94,117,129,83,38,92,5,54,132,52,123,111" hai3="135,63,88,44,60,82,69,114,26,72,48,8,32"/><V104/><F104/><W95/><G135/><T37/><D0/><U90/><E35/><V24/><F38/><W99/><G114/><T6/><D74/><U33/><E33/><V2/><F123/><W80/><G8/><T101/><D101/><U96/><E108/><V14/><F2/><W41/><G69/><T102/><D102/><U93/><E42/><V85/><F117/><N who="0" m="45162" /><D121/><U70/><E70/><V50/><F24/><W71/><G71/><T43/><D59/><U122/><E126/><V131/><F132/><W62/><G72/><T16/><D67/><N who="1" m="25611" /><E57/><N who="2" m="32919" /><F54/><W127/><G127/><T15/><D15/><U134/><E107/><V56/><F56/><W106/><G106/><T119/><N who="0" m="45170" /><T19/><DORA hai="11" /><D36/><U68/><E68/><V105/><F105/><W89/><REACH who="3" step="1"/><G89/><REACH who="3" ten="202,422,253,113" step="2"/><T64/><D64/><U58/><E134/><V18/><F111/><W112/><G112/><T40/><D40/><U100/><E122/><V39/><F5/><W98/><G98/><T87/><D87/><U4/><E4/><V7/><F7/><W133/><G133/><T75/><D75/><U34/><E120/><V23/><F39/><W113/><G113/><T28/><D37/><U76/><E49/><V78/><AGARI ba="0,1" hai="14,18,23,78,83,85,92,94,129,130,131" m="32919" machi="78" ten="30,18000,2" yaku="19,1,52,4,54,1" doraHai="125,11" who="2" fromWho="2" sc="202,-60,422,-60,253,190,113,-60" /><INIT seed="6,1,0,5,5,66" ten="142,362,443,53" oya="2" hai0="50,53,17,69,4,44,118,67,23,117,131,55,85" hai1="102,89,40,109,54,20,88,41,62,33,57,10,27" hai2="46,127,129,87,60,124,31,119,122,120,56,111,93" hai3="43,38,126,103,86,71,75,113,18,94,22,34,81"/><V74/><F74/><W9/><G34/><T98/><D131/><U91/><E109/><V21/><F119/><N who="0" m="45578" /><D4/><U37/><E33/><V14/><F111/><W90/><G126/><N who="2" m="48169" /><F46/><W36/><G113/><T108/><D108/><U92/><E37/><V59/><F59/><W24/><G9/><T15/><D85/><U32/><E32/><V1/><F1/><W29/><G29/><T49/><D98/><U30/><REACH who="1" step="1"/><E10/><REACH who="1" ten="142,352,443,53" step="2"/><V5/><F129/><W0/><G38/><T28/><D28/><U101/><E101/><V78/><F120/><W19/><G103/><T115/><D115/><U125/><E125/><V121/><F121/><W51/><G36/><T65/><D69/><U63/><E63/><V128/><F122/><W73/><G71/><T2/><D2/><U96/><AGARI ba="1,1" hai="20,27,30,40,41,54,57,62,88,89,91,92,96,102" machi="96" ten="30,7900,0" yaku="1,1,0,1,8,1,54,1,53,0" doraHai="66" doraHaiUra="134" who="1" fromWho="1" sc="142,-21,352,92,443,-40,53,-21" /><INIT seed="7,0,0,5,0,107" ten="121,444,403,32" oya="3" hai0="53,102,71,131,39,135,14,46,10,112,58,125,32" hai1="13,81,38,72,79,109,75,96,69,120,1,24,77" hai2="20,103,76,8,111,118,89,48,122,4,85,60,68" hai3="88,5,15,42,63,47,33,19,134,105,67,3,132"/><W101/><G33/><T43/><D32/><U104/><E1/><V127/><F111/><W36/><G5/><T92/><D71/><U80/><E109/><V18/><F103/><W106/><G3/><T98/><D131/><U2/><E2/><V7/><F127/><W119/><G119/><T74/><D74/><U82/><E120/><V64/><F118/><W31/><G31/><T21/><D125/><U87/><E38/><V29/><F76/><W55/><G55/><T25/><D135/><U115/><E115/><V128/><F128/><W113/><G113/><T61/><D112/><U97/><E69/><V26/><F122/><W123/><G123/><T130/><D130/><U16/><E24/><V93/><F48/><W99/><G105/><T35/><D35/><U6/><E6/><V73/><F73/><W56/><REACH who="3" step="1"/><G88/><REACH who="3" ten="121,444,403,22" step="2"/><T45/><D43/><U86/><E104/><V34/><F34/><W57/><G57/><T117/><D117/><U37/><E81/><V22/><F4/><W91/><G91/><T95/><D95/><U17/><E82/><V94/><F94/><W66/><G66/><T126/><D126/><U11/><E80/><V129/><F129/><W52/><G52/><T90/><D90/><U12/><E79/><V100/><F7/><W59/><G59/><T44/><D53/><U114/><E77/><V78/><F78/><W121/><G121/><T27/><D58/><U116/><E114/><V23/><F100/><W124/><G124/><T108/><D92/><U51/><E116/><V0/><F0/><W65/><G65/><T110/><D110/><RYUUKYOKU ba="0,1" sc="121,-15,444,-15,403,15,22,15" hai2="8,18,20,22,23,26,29,60,64,68,85,89,93" hai3="15,19,36,42,47,56,63,67,99,101,106,132,134" /><INIT seed="7,1,1,0,3,5" ten="106,429,418,37" oya="3" hai0="79,63,8,86,31,119,134,14,1,96,35,64,67" hai1="30,114,106,61,105,123,74,78,52,131,15,135,40" hai2="11,132,18,72,54,20,25,107,113,76,121,111,33" hai3="117,101,56,26,70,95,88,21,133,100,97,77,45"/><W62/><G117/><T126/><D1/><U3/><E3/><V102/><F111/><W0/><G70/><T124/><D119/><U129/><E123/><V91/><F121/><W82/><G0/><T120/><D120/><U68/><E135/><V116/><F116/><W65/><G45/><T80/><D134/><U93/><E114/><V60/><F33/><W57/><G57/><T13/><D13/><U125/><E125/><N who="0" m="48233" /><D96/><U58/><E68/><V48/><F132/><W47/><G47/><T73/><D73/><U69/><E69/><V16/><F113/><W38/><G38/><T27/><D63/><U36/><E93/><V4/><F60/><W51/><G51/><T92/><D92/><U75/><E15/><N who="2" m="5607" /><F102/><W41/><G41/><T34/><D34/><U98/><E75/><V99/><F107/><N who="1" m="40969" /><E98/><V94/><F72/><W122/><G122/><T43/><D43/><U103/><E103/><V28/><F76/><W29/><REACH who="3" step="1"/><G133/><REACH who="3" ten="106,429,418,27" step="2"/><T81/><D81/><N who="1" m="45271" /><E36/><V42/><F42/><W66/><G66/><T104/><D104/><U112/><E40/><V12/><F48/><W9/><G9/><T84/><D84/><AGARI ba="1,2" hai="21,26,29,56,62,65,77,82,84,88,95,97,100,101" machi="84" ten="30,11600,0" yaku="1,1,7,1,8,1,54,1,53,0" doraHai="5" doraHaiUra="37" who="3" fromWho="0" sc="106,-119,429,0,418,0,27,139" owari="-13,-51.0,429,52.0,418,22.0,166,-23.0" /></mjloggm>