<mjloggm ver="2.3"><GO type="41" lobby="0"/><UN n0="%E3%81%A4%E3%81%8F%E3%81%A3%E3%81%A1" n1="%65%6E%6B%61%69%73%6D" n2="%E5%B0%8F%E5%B9%B3%E6%AC%A1" n3="%E3%82%A6%E3%83%AB%E3%83%88%E3%83%A9%E7%AB%8B%E7%9B%B4" dan="13,15,13,15" rate="1829.47,1981.56,1919.23,1999.08" sx="M,M,M,M"/><TAIKYOKU oya="0"/><INIT seed="0,0,0,5,3,14" ten="250,250,250,250" oya="0" hai0="48,29,17,102,78,135,61,46,107,41,50,42,62" hai1="108,100,101,67,83,24,20,37,70,76,63,93,130" hai2="0,8,72,22,45,52,131,34,77,125,47,115,13" hai3="39,132,87,118,126,55,129,121,109,15,38,119,112"/><T51/><D29/><U89/><E108/><V23/><F115/><W122/><G87/><T106/><D135/><U98/><E130/><V10/><F131/><W53/><G15/><T74/><D50/><U71/><E37/><V133/><F34/><W69/><G129/><T117/><D117/><U127/><E71/><V111/><F111/><W110/><G69/><T105/><D102/><U91/><E91/><V6/><F133/><W97/><G97/><T43/><D43/><U123/><E123/><V57/><F125/><W2/><G2/><T11/><D78/><U32/><E32/><V73/><F47/><W4/><G4/><T18/><D74/><U92/><E92/><V85/><F45/><W90/><G90/><T114/><D114/><U64/><E64/><V35/><F35/><W95/><G95/><T19/><D11/><U25/><E127/><V103/><F103/><W54/><G132/><T49/><D49/><U5/><E5/><V88/><F77/><W12/><G12/><T124/><D124/><U58/><E70/><V7/><F73/><W81/><G81/><T68/><D68/><U75/><REACH who="1" step="1"/><E25/><REACH who="1" ten="250,240,250,250" step="2"/><V36/><F36/><N who="3" m="13867" /><G112/><T99/><D107/><U128/><E128/><V86/><F72/><W60/><G126/><T33/><D33/><U82/><E82/><V28/><F28/><AGARI ba="0,1" hai="20,24,28,58,63,67,75,76,83,89,93,98,100,101" machi="28" ten="30,3900,0" yaku="1,1,7,1,53,1" doraHai="14" doraHaiUra="104" who="1" fromWho="2" sc="250,0,240,49,250,-39,250,0" /><INIT seed="1,0,0,5,3,21" ten="250,289,211,250" oya="1" hai0="94,108,91,80,22,69,77,15,103,17,79,101,133" hai1="115,110,20,14,113,72,89,11,52,56,90,23,44" hai2="18,27,49,95,63,46,26,86,1,38,116,8,65" hai3="74,71,59,78,24,105,55,35,109,107,114,9,64"/><U29/><E72/><V127/><F116/><W67/><G67/><T83/><D69/><U82/><E110/><V36/><F127/><W53/><G55/><T97/><D133/><U81/><E115/><V68/><F38/><W54/><G54/><T0/><D0/><U40/><E113/><V126/><F36/><W13/><G114/><T3/><D3/><U42/><E44/><V106/><F106/><W28/><G109/><T7/><D7/><N who="1" m="3455" /><E81/><V66/><F66/><W25/><G78/><T48/><D48/><N who="1" m="30727" /><E20/><V92/><F126/><W132/><G74/><T57/><D57/><U43/><E82/><N who="0" m="31273" /><D108/><U4/><E4/><V84/><F1/><W41/><G41/><T47/><D47/><U129/><E129/><V19/><F8/><W134/><G64/><T99/><D99/><U12/><E12/><V111/><F111/><W130/><G71/><T33/><D33/><U122/><E122/><V60/><F60/><W85/><G130/><T128/><D128/><U5/><E5/><V10/><F10/><W125/><G125/><T70/><D70/><U61/><E61/><V30/><F30/><W118/><G132/><T131/><D131/><U45/><E45/><V121/><F121/><W16/><G134/><T39/><D39/><U124/><E124/><V100/><F95/><W58/><G118/><T62/><D62/><U96/><E96/><N who="2" m="59399" /><F86/><W37/><G85/><T112/><D112/><U93/><E93/><V120/><F84/><W50/><G37/><T34/><D34/><U87/><E87/><V73/><F73/><W119/><G119/><T6/><D6/><RYUUKYOKU ba="0,0" sc="250,15,289,15,211,-15,250,-15" hai0="15,17,22,77,79,91,94,97,101,103" hai1="23,29,40,42,43,89,90" /><INIT seed="1,1,0,1,3,85" ten="265,304,196,235" oya="1" hai0="91,25,2,13,12,24,35,37,31,103,127,110,115" hai1="79,27,126,93,41,128,125,17,43,40,4,113,98" hai2="52,72,3,77,70,44,123,34,48,22,54,84,6" hai3="32,96,15,23,66,33,21,50,129,83,38,47,10"/><U67/><E113/><V65/><F123/><W39/><G129/><T1/><D115/><U78/><E128/><V51/><F34/><W64/><G96/><T105/><D37/><U76/><E4/><V124/><F72/><W90/><G33/><T8/><D110/><U30/><E67/><N who="3" m="25642" /><G32/><T29/><D127/><N who="1" m="48651" /><E17/><V81/><F124/><W95/><G39/><T87/><D105/><U102/><E40/><V89/><F22/><AGARI ba="1,0" hai="22,27,30,41,43,76,78,79,93,98,102" m="48651" machi="22" ten="30,1500,0" yaku="18,1" doraHai="85" who="1" fromWho="2" sc="265,0,304,18,196,-18,235,0" /><INIT seed="1,2,0,1,3,4" ten="265,322,178,235" oya="1" hai0="0,128,123,37,78,40,24,39,29,30,84,1,64" hai1="97,85,114,3,106,55,60,81,132,93,83,14,6" hai2="16,121,122,8,45,28,19,68,76,61,104,131,67" hai3="63,58,50,124,27,9,125,20,59,43,18,126,7"/><U127/><E114/><V42/><F131/><W51/><G43/><T48/><D128/><U119/><E3/><V89/><F104/><W11/><G59/><T26/><D64/><U5/><E119/><V25/><F76/><W92/><G92/><T22/><D78/><U41/><E41/><V133/><F133/><W69/><G69/><T36/><D84/><U52/><E106/><V62/><F62/><W112/><G112/><T10/><D48/><N who="3" m="18473" /><G7/><T34/><D123/><U134/><E5/><V57/><F68/><W102/><G102/><T118/><D40/><U109/><E6/><V135/><F135/><W80/><G80/><T49/><D49/><U65/><E83/><V21/><F45/><W32/><G32/><T23/><D37/><U90/><E132/><V99/><F42/><W116/><G116/><T70/><D70/><U46/><E134/><V17/><F121/><W117/><G117/><T88/><D88/><U53/><E81/><V95/><F122/><W108/><G108/><T66/><D66/><AGARI ba="2,0" hai="9,11,18,20,27,58,63,66,124,125,126" m="18473" machi="66" ten="30,3900,0" yaku="18,1,52,2" doraHai="4" who="3" fromWho="0" sc="265,-45,322,0,178,0,235,45" /><INIT seed="2,0,0,5,4,7" ten="220,322,178,280" oya="2" hai0="45,62,32,67,34,126,86,119,115,10,9,121,5" hai1="130,64,73,70,2,65,11,16,102,129,72,79,31" hai2="91,17,74,26,21,94,118,38,88,83,135,27,133" hai3="28,120,92,124,52,61,76,58,15,113,33,59,55"/><V109/><F38/><W44/><G120/><T127/><D121/><U50/><E102/><V43/><F43/><W29/><G124/><N who="0" m="47659" /><D115/><U22/><E31/><V6/><F118/><W1/><G1/><N who="0" m="175" /><D119/><U54/><E70/><V122/><F122/><W103/><G113/><T87/><D45/><U132/><E132/><N who="2" m="50763" /><F6/><W105/><G105/><T49/><D49/><U24/><E64/><V53/><F109/><W97/><G44/><T19/><D86/><U20/><E65/><V13/><F53/><W39/><G39/><T100/><D87/><U56/><E20/><V80/><F74/><W25/><G15/><N who="0" m="7671" /><D100/><U131/><E79/><V134/><N who="2" m="50771" /><V23/><DORA hai="41" /><F91/><W37/><G37/><T36/><D36/><U111/><E111/><V63/><F63/><W0/><G76/><T51/><D51/><U114/><E114/><V82/><F23/><W42/><G42/><T48/><D48/><U110/><E110/><V3/><F3/><W117/><G0/><T4/><D4/><AGARI ba="0,0" hai="2,4,11,16,22,24,50,54,56,72,73,129,130,131" machi="4" ten="40,5200,0" yaku="19,1,52,1,54,1" doraHai="7,41" who="1" fromWho="0" sc="220,-52,322,52,178,0,280,0" /><INIT seed="3,0,0,5,1,73" ten="168,374,178,280" oya="3" hai0="65,64,121,41,60,118,47,117,104,128,21,51,123" hai1="82,131,57,23,4,88,13,129,103,54,116,40,44" hai2="112,29,35,124,56,134,48,132,30,91,93,43,127" hai3="80,96,133,46,16,68,102,95,83,53,85,2,97"/><W59/><G68/><T5/><D104/><U61/><E103/><V34/><F112/><W107/><G2/><T22/><D5/><U113/><E113/><V52/><F43/><W115/><G46/><T99/><D99/><U17/><E4/><V125/><F30/><W7/><G7/><T92/><D92/><U84/><REACH who="1" step="1"/><E116/><REACH who="1" ten="168,364,178,280" step="2"/><V101/><F101/><W67/><G115/><T98/><D118/><U18/><E18/><V10/><F29/><W135/><G16/><T78/><D117/><U58/><E58/><V20/><F20/><W119/><G119/><T8/><D22/><U49/><AGARI ba="0,1" hai="13,17,23,40,44,49,54,57,61,82,84,88,129,131" machi="49" ten="30,4000,0" yaku="1,1,0,1,54,1,53,0" doraHai="73" doraHaiUra="24" who="1" fromWho="1" sc="168,-10,364,50,178,-10,280,-20" /><INIT seed="4,0,0,3,0,73" ten="158,414,168,260" oya="0" hai0="133,76,55,46,33,22,79,97,68,5,100,105,50" hai1="122,64,40,126,56,124,62,128,14,63,59,70,119" hai2="61,20,4,78,34,85,2,89,118,80,44,107,92" hai3="15,90,75,10,8,18,13,41,111,112,104,60,127"/><T39/><D33/><U25/><E14/><V67/><F34/><W54/><G104/><T72/><D68/><U11/><E11/><V45/><F107/><W9/><G75/><T101/><D72/><U24/><E119/><V7/><F118/><W69/><G111/><T87/><D39/><U74/><E74/><V57/><F2/><W99/><G112/><T129/><D129/><U36/><E24/><V29/><F29/><W71/><G127/><N who="1" m="48682" /><E25/><V26/><F26/><W125/><G125/><T23/><D5/><N who="2" m="2122" /><F20/><N who="0" m="7722" /><D105/><U84/><E84/><AGARI ba="0,0" hai="44,45,57,61,67,78,80,84,85,89,92" m="2122" machi="84" ten="30,2000,0" yaku="8,1,52,1" doraHai="73" who="2" fromWho="1" sc="158,0,414,-20,168,20,260,0" /><INIT seed="5,0,0,2,2,38" ten="158,394,188,260" oya="1" hai0="76,99,26,125,113,94,135,31,18,79,24,22,128" hai1="4,6,114,34,54,12,93,72,14,71,52,119,100" hai2="88,97,32,115,117,132,91,63,5,75,84,65,96" hai3="29,123,42,8,43,61,64,9,20,28,68,122,66"/><U85/><E72/><V112/><F32/><W13/><G68/><T82/><D113/><N who="2" m="43594" /><F5/><W134/><G61/><T89/><D125/><U70/><E34/><V127/><F127/><W103/><G20/><T105/><D135/><U73/><E85/><V116/><F132/><W33/><G33/><T101/><D82/><U92/><E114/><V40/><F75/><W48/><G134/><T129/><D128/><U51/><E73/><V104/><F104/><W41/><G103/><T133/><D133/><U90/><E51/><V46/><F91/><W86/><G86/><T80/><D129/><U111/><E100/><V49/><F63/><W124/><G48/><T2/><D2/><U44/><E90/><V58/><F58/><W126/><G43/><T21/><REACH who="0" step="1"/><D80/><REACH who="0" ten="148,394,188,260" step="2"/><U1/><E1/><V121/><F121/><W62/><G62/><T67/><D67/><U98/><E119/><N who="2" m="45643" /><F65/><W56/><G124/><T23/><D23/><U47/><E111/><V39/><F39/><W87/><G126/><T130/><D130/><U36/><E36/><V107/><F107/><W27/><G123/><T109/><D109/><U78/><E78/><V35/><F35/><W30/><G122/><T57/><D57/><U25/><E70/><V50/><F50/><W19/><G56/><T60/><D60/><U118/><E71/><V15/><F15/><W108/><G66/><T106/><D106/><U102/><E118/><V74/><F74/><W120/><G64/><T53/><D53/><U3/><E3/><V16/><F49/><W37/><G108/><T0/><D0/><U7/><E14/><RYUUKYOKU ba="0,1" sc="148,30,394,-10,188,-10,260,-10" hai0="18,21,22,24,26,31,76,79,89,94,99,101,105" /><INIT seed="6,1,1,3,3,26" ten="178,384,178,250" oya="2" hai0="67,91,113,39,133,0,130,45,18,134,40,132,115" hai1="62,109,17,28,96,37,70,60,72,54,103,83,13" hai2="93,84,125,15,116,48,6,87,127,4,124,95,112" hai3="53,49,66,50,20,21,51,3,105,46,23,120,118"/><V31/><F116/><W7/><G105/><T14/><D0/><U22/><E37/><V117/><F117/><W100/><G120/><T43/><D130/><U121/><E109/><V38/><F38/><W47/><G118/><T86/><D67/><U104/><E121/><V64/><F64/><W128/><G128/><T101/><D101/><U80/><E72/><V85/><F112/><N who="0" m="43082" /><D45/><U82/><E70/><V32/><F48/><W129/><G129/><T25/><D25/><U8/><E54/><V135/><F135/><W81/><G100/><T68/><D68/><U35/><E35/><V41/><F41/><W90/><G66/><T78/><D78/><U24/><AGARI ba="1,1" hai="8,13,17,22,24,28,60,62,80,82,83,96,103,104" machi="24" ten="30,2000,0" yaku="0,1,52,1" doraHai="26" who="1" fromWho="1" sc="178,-6,384,33,178,-11,250,-6" /><INIT seed="7,0,0,0,4,129" ten="172,417,167,244" oya="3" hai0="107,93,81,85,100,7,96,76,86,58,125,80,74" hai1="25,97,42,15,57,70,53,22,30,6,123,111,101" hai2="28,90,44,82,39,133,50,130,20,99,83,87,78" hai3="55,65,124,84,19,94,3,14,46,109,88,9,0"/><W61/><G124/><T126/><D7/><U29/><E70/><V38/><F130/><W73/><G73/><T95/><D58/><U40/><E111/><V18/><F28/><W63/><G109/><T64/><D64/><U92/><E29/><V11/><F11/><W36/><G36/><T49/><D49/><N who="1" m="30895" /><E123/><V37/><F99/><W17/><G17/><T113/><D113/><U114/><E114/><V1/><F1/><W21/><G21/><T120/><D120/><U117/><E117/><V45/><F50/><W59/><REACH who="3" step="1"/><G46/><REACH who="3" ten="172,417,167,234" step="2"/><T75/><D126/><U32/><E32/><V104/><F45/><W105/><G105/><T24/><D125/><U135/><E6/><V54/><F104/><W112/><G112/><T134/><D75/><U27/><E22/><V10/><F10/><W60/><G60/><T51/><D74/><U35/><E35/><V110/><F110/><W108/><G108/><T31/><D51/><U89/><E30/><V131/><F131/><W8/><G8/><T71/><D107/><U5/><E5/><V26/><F44/><W12/><G12/><T41/><D31/><U91/><E15/><V56/><F39/><W16/><G16/><T67/><D24/><U116/><E27/><V128/><F128/><W79/><G79/><T98/><D76/><U34/><E25/><V127/><F127/><W121/><G121/><T103/><D41/><U77/><E34/><V102/><F38/><W132/><G132/><T69/><D134/><U13/><E135/><V122/><F133/><W48/><G48/><T2/><D2/><U23/><E77/><RYUUKYOKU ba="0,1" sc="172,15,417,-15,167,-15,234,15" hai0="67,69,71,80,81,85,86,93,95,96,98,100,103" hai3="0,3,9,14,19,55,59,61,63,65,84,88,94" /><INIT seed="7,1,1,4,0,55" ten="187,402,152,249" oya="3" hai0="60,8,124,18,59,57,65,97,62,5,33,44,91" hai1="45,81,120,125,82,53,112,99,49,96,19,77,3" hai2="76,88,35,100,92,37,86,64,85,27,25,105,115" hai3="110,34,93,84,23,48,12,116,107,63,95,73,58"/><W79/><G34/><T127/><D33/><U87/><E3/><V14/><F37/><W32/><G32/><T47/><D18/><U43/><E120/><V46/><F115/><W89/><G107/><T20/><D20/><U130/><E130/><V90/><F35/><W70/><G70/><T114/><D114/><U26/><E112/><V61/><F105/><W132/><G116/><T113/><D113/><U41/><E125/><N who="0" m="48201" /><D97/><N who="1" m="37451" /><E82/><V30/><F100/><W101/><G101/><T74/><D74/><U104/><E104/><V122/><F122/><W129/><G79/><T108/><D108/><U4/><E4/><V22/><F76/><W9/><G73/><T15/><D91/><U134/><E134/><V133/><F133/><W31/><G129/><T69/><D69/><U67/><E67/><AGARI ba="1,1" hai="5,8,15,44,47,57,59,60,62,65,67" m="48201" machi="67" ten="30,3900,0" yaku="18,1,52,2" doraHai="55" who="0" fromWho="1" sc="187,52,402,-42,152,0,249,0" owari="239,-16.0,360,46.0,152,-35.0,249,5.0" /></mjloggm>