<mjloggm ver="2.3"><GO type="97" lobby="0"/><UN n0="%E7%8A%AC%E5%B4%8E%E5%88%9D%E9%9F%B3" n1="%E3%82%A6%E3%83%AB%E3%83%88%E3%83%A9%E7%AB%8B%E7%9B%B4" n2="%E5%A4%A9" n3="%E3%83%91%E3%82%A4%E3%83%8A%E3%83%97%E3%83%AB%E3%82%AD%E3%83%83%E3%83%89" dan="13,14,14,15" rate="1846.46,1922.77,1896.48,1978.02" sx="M,M,M,M"/><TAIKYOKU oya="0"/><INIT seed="0,0,0,2,2,44" ten="250,250,250,250" oya="0" hai0="130,59,16,39,99,127,60,14,9,109,129,88,67" hai1="122,74,95,124,101,102,106,91,65,15,4,90,84" hai2="121,105,47,24,111,48,56,50,8,36,35,117,61" hai3="2,87,31,72,29,57,92,69,134,37,22,93,53"/><T38/><D127/><U7/><E7/><V13/><F105/><W20/><G72/><T128/><REACH who="0" step="1"/><D109/><REACH who="0" ten="240,250,250,250" step="2"/><U32/><E124/><V80/><F111/><W58/><G134/><T77/><D77/><U46/><E122/><V71/><F117/><W103/><G31/><T5/><D5/><U131/><E4/><V41/><F121/><W100/><G29/><T126/><D126/><U18/><E131/><V83/><F71/><W66/><G69/><T51/><D51/><N who="2" m="19498" /><F36/><W42/><G37/><T79/><D79/><U52/><E32/><V96/><F35/><W118/><G118/><T133/><D133/><U98/><E74/><V120/><F120/><W86/><G42/><T89/><D89/><U40/><E91/><V34/><F34/><W85/><G100/><T116/><D116/><U132/><E101/><V123/><F123/><W94/><G103/><T73/><D73/><U113/><E132/><V76/><F76/><W6/><G6/><T1/><D1/><U11/><E102/><V21/><F41/><W64/><G2/><T30/><D30/><U19/><E40/><V119/><F119/><W63/><G53/><T104/><D104/><U25/><E106/><V82/><F47/><W49/><G49/><T114/><D114/><U108/><E52/><N who="2" m="33927" /><F96/><W97/><G97/><T115/><D115/><U78/><E113/><V3/><F3/><W23/><G63/><T45/><D45/><U54/><E46/><V0/><F0/><W27/><G27/><T28/><D28/><U68/><E108/><V17/><F82/><W110/><G110/><T75/><D75/><RYUUKYOKU ba="0,1" sc="240,10,250,-30,250,10,250,10" hai0="9,14,16,38,39,59,60,67,88,99,128,129,130" hai2="8,13,17,21,24,80,83" hai3="20,22,23,57,58,64,66,85,86,87,92,93,94" /><INIT seed="0,1,1,3,5,38" ten="250,220,260,260" oya="0" hai0="109,11,43,125,49,62,51,128,130,19,113,29,100" hai1="119,95,83,129,90,71,75,60,112,31,55,64,103" hai2="120,44,10,15,9,37,104,8,59,2,39,4,84" hai3="5,35,124,115,101,122,78,72,7,80,12,25,24"/><T97/><D113/><U33/><E119/><V82/><F120/><W85/><G122/><T18/><D125/><U77/><E112/><V14/><F104/><W67/><G124/><T134/><D134/><U6/><E129/><N who="0" m="49769" /><D29/><U86/><E6/><V65/><F2/><W22/><G115/><T132/><D51/><U87/><E31/><V41/><F39/><W20/><G35/><T91/><D91/><U81/><E33/><V69/><F69/><W17/><G101/><T110/><D62/><U58/><E103/><V89/><REACH who="2" step="1"/><F4/><REACH who="2" ten="250,220,250,260" step="2"/><W34/><G5/><T105/><D132/><U47/><E71/><V107/><F107/><W68/><G7/><T63/><D63/><AGARI ba="1,2" hai="8,9,10,14,15,37,41,44,59,63,65,82,84,89" machi="63" ten="40,2600,0" yaku="1,1,52,1,53,0" doraHai="38" doraHaiUra="133" who="2" fromWho="0" sc="250,-29,220,0,250,49,260,0" /><INIT seed="1,0,0,0,1,17" ten="221,220,299,260" oya="1" hai0="95,117,88,42,5,53,101,71,108,119,83,13,129" hai1="59,134,1,77,122,127,39,107,64,78,26,31,15" hai2="20,30,2,18,29,126,76,96,63,105,74,14,73" hai3="103,102,114,36,22,90,68,121,10,79,72,85,69"/><U57/><E1/><V84/><F126/><W9/><G36/><T111/><D71/><U46/><E107/><V89/><F2/><W106/><G121/><T54/><D42/><U12/><E122/><V48/><F74/><W100/><G114/><T4/><D13/><U81/><E127/><V94/><F63/><W56/><G56/><T11/><D11/><U132/><E46/><V37/><F48/><W116/><G116/><T98/><D53/><U21/><E39/><V82/><F37/><W32/><G32/><T60/><D54/><U51/><E78/><V70/><F70/><W80/><G69/><T8/><D60/><U124/><E124/><V19/><F18/><W6/><G68/><T55/><D55/><U35/><E51/><V91/><F89/><W25/><G106/><N who="0" m="63799" /><D8/><U41/><E41/><V125/><F125/><W131/><G6/><T44/><D44/><U86/><E35/><V99/><REACH who="2" step="1"/><F96/><REACH who="2" ten="221,220,289,260" step="2"/><W120/><G120/><T7/><D7/><U104/><E59/><V93/><F93/><W66/><G131/><T23/><D5/><U40/><E40/><V24/><F24/><W61/><G61/><T112/><D4/><U65/><E104/><V50/><F50/><W67/><G66/><T113/><D23/><U115/><E65/><V47/><F47/><W133/><G67/><T135/><D83/><U118/><E64/><V123/><F123/><W62/><G62/><T110/><D129/><U45/><E45/><V52/><F52/><W33/><G133/><N who="1" m="51306" /><E118/><N who="0" m="45065" /><D135/><U128/><E128/><V92/><F92/><N who="3" m="54351" /><G33/><T3/><D3/><U16/><E57/><RYUUKYOKU ba="0,1" sc="221,10,220,-30,289,10,260,10" hai0="88,95,108,110,111,112,113" hai2="14,19,20,29,30,73,76,82,84,91,94,99,105" hai3="9,10,22,25,72,79,80,100,102,103" /><INIT seed="2,1,1,5,2,76" ten="231,190,299,270" oya="2" hai0="66,120,40,102,84,93,78,132,114,23,127,87,81" hai1="42,55,4,100,88,10,51,48,57,43,90,27,63" hai2="121,98,45,125,59,129,41,11,99,26,65,133,50" hai3="110,89,74,3,21,32,119,37,64,58,91,123,77"/><V14/><F121/><W22/><G32/><T86/><D120/><U75/><E75/><V111/><F133/><W83/><G37/><T0/><D0/><U47/><E100/><V104/><F111/><W95/><G119/><T69/><D114/><U29/><E63/><V92/><F129/><W62/><G123/><T20/><D132/><U80/><E80/><V5/><F125/><W103/><G3/><T54/><D127/><U12/><REACH who="1" step="1"/><E43/><REACH who="1" ten="231,180,299,270" step="2"/><V17/><F104/><W122/><G110/><T15/><D40/><U61/><E61/><N who="2" m="38079" /><F92/><W6/><G122/><T94/><D94/><U82/><E82/><V112/><F112/><W71/><G71/><T115/><D115/><U36/><E36/><V79/><F79/><W117/><G117/><T124/><D124/><U44/><E44/><V101/><F101/><W28/><G103/><T53/><D102/><U118/><E118/><V72/><F72/><W128/><G128/><T97/><D69/><U8/><E8/><V18/><F99/><W31/><G6/><T49/><D97/><U24/><E24/><V25/><F98/><W96/><G91/><T106/><D93/><U131/><E131/><V130/><F130/><W52/><G64/><T68/><D66/><U46/><E46/><V38/><F38/><W16/><G22/><AGARI ba="1,2" hai="4,10,12,22,27,29,42,47,48,51,55,57,88,90" machi="22" ten="30,7700,0" yaku="1,1,7,1,8,1,54,1,53,0" doraHai="76" doraHaiUra="34" who="1" fromWho="3" sc="231,0,180,100,299,0,270,-80" /><INIT seed="3,0,0,5,4,103" ten="231,280,299,190" oya="3" hai0="52,75,62,50,115,17,19,123,69,81,68,31,39" hai1="18,77,78,26,71,41,116,120,99,98,66,133,125" hai2="121,84,122,110,100,86,58,117,53,83,48,56,107" hai3="94,29,119,1,63,89,127,135,109,44,90,126,131"/><W102/><G1/><T55/><D39/><U80/><E66/><V28/><F117/><W49/><G119/><T118/><D118/><U124/><E71/><V60/><F110/><W5/><G29/><T21/><D123/><N who="2" m="47114" /><F28/><W13/><G109/><T91/><D31/><U4/><E120/><V14/><F14/><W59/><G102/><T54/><D115/><U88/><E41/><V87/><F100/><W20/><G135/><T104/><D104/><U105/><E4/><V70/><F107/><W111/><G111/><T47/><D19/><U114/><E133/><V97/><F97/><N who="1" m="36873" /><E105/><V34/><F34/><W42/><G131/><T92/><D81/><U73/><E114/><V40/><F70/><W43/><G43/><T95/><D75/><U46/><E46/><N who="2" m="25671" /><F58/><W8/><G20/><T67/><D68/><U2/><E2/><V0/><F0/><W51/><G51/><T132/><D132/><U12/><E26/><V6/><F6/><W96/><REACH who="3" step="1"/><G90/><AGARI ba="0,0" hai="53,56,60,83,84,86,87,90" m="25671,47114" machi="90" ten="30,1000,0" yaku="13,1" doraHai="103" who="2" fromWho="3" sc="231,0,280,0,299,10,190,-10" owari="231,-17.0,280,8.0,309,41.0,180,-32.0" /></mjloggm>