<mjloggm ver="2.3"><GO type="97" lobby="0"/><UN n0="%E3%82%A6%E3%83%AB%E3%83%88%E3%83%A9%E7%AB%8B%E7%9B%B4" n1="%45%53%54%69" n2="%79%61%6D%61%61%70%71" n3="%61%6D%65%62%6C%61" dan="14,15,15,14" rate="1964.12,1991.61,1909.35,1919.95" sx="M,M,M,M"/><TAIKYOKU oya="0"/><INIT seed="0,0,0,3,0,58" ten="250,250,250,250" oya="0" hai0="53,100,118,39,68,33,73,9,90,61,132,78,8" hai1="4,29,125,35,41,12,115,24,72,51,3,66,31" hai2="37,92,86,21,107,117,50,23,103,87,59,128,57" hai3="56,25,74,99,119,14,110,96,2,84,120,85,81"/><T10/><D33/><U30/><E72/><V80/><F37/><W130/><G119/><T13/><D39/><U11/><E125/><V105/><F117/><W83/><G2/><T7/><D118/><U79/><E79/><V127/><F127/><W76/><G25/><T48/><D132/><U46/><E115/><V111/><F111/><W60/><G110/><T67/><D100/><U113/><E113/><V65/><F128/><W55/><G130/><T22/><D78/><U0/><E0/><V129/><F129/><W63/><G120/><T49/><D73/><U28/><E66/><V5/><F5/><W135/><G135/><T36/><D36/><U122/><REACH who="1" step="1"/><E3/><REACH who="1" ten="250,240,250,250" step="2"/><V102/><F65/><W93/><G74/><T38/><D67/><U62/><E62/><V98/><F105/><W45/><G63/><T91/><D61/><U106/><E106/><V121/><F107/><W104/><G104/><T131/><D131/><U123/><AGARI ba="0,1" hai="4,11,12,24,28,29,30,31,35,41,46,51,122,123" machi="123" ten="30,4000,0" yaku="1,1,0,1,53,1" doraHai="58" doraHaiUra="42" who="1" fromWho="1" sc="250,-20,240,50,250,-10,250,-10" /><INIT seed="1,0,0,4,0,42" ten="230,290,240,240" oya="1" hai0="14,25,68,89,120,19,0,100,97,73,78,35,98" hai1="20,38,62,66,40,110,83,4,134,54,72,55,76" hai2="36,77,123,5,13,15,119,60,3,8,121,103,85" hai3="108,74,128,12,32,125,46,28,80,102,56,135,45"/><U79/><E134/><V99/><F119/><W75/><G135/><T59/><D0/><U31/><E79/><V91/><F36/><W113/><G113/><T63/><D120/><U9/><E110/><V84/><F77/><W107/><G108/><T17/><D78/><U116/><E116/><V96/><F3/><W6/><G128/><T81/><D73/><U47/><E20/><V111/><F111/><W71/><G71/><T86/><D68/><U57/><REACH who="1" step="1"/><E31/><REACH who="1" ten="230,280,240,240" step="2"/><V52/><F121/><W93/><G28/><T88/><D35/><U11/><E11/><V10/><F123/><W49/><G32/><T26/><D89/><U115/><E115/><V82/><F10/><W109/><G109/><T29/><D29/><U104/><E104/><V124/><F91/><W43/><G107/><T133/><D133/><U65/><E65/><V61/><F8/><W16/><G125/><T44/><D100/><U7/><E7/><V58/><F103/><W1/><G6/><T105/><D105/><U51/><E51/><V27/><F5/><W2/><G2/><AGARI ba="0,1" hai="2,4,9,38,40,47,54,55,57,62,66,72,76,83" machi="2" ten="30,12000,1" yaku="1,1,7,1,25,2,52,1,53,0" doraHai="42" doraHaiUra="92" who="1" fromWho="3" sc="230,0,280,130,240,0,240,-120" /><INIT seed="1,1,0,0,4,56" ten="230,410,240,120" oya="1" hai0="49,80,15,12,93,108,35,109,87,32,83,17,41" hai1="24,52,42,100,60,70,14,20,127,128,132,59,31" hai2="45,110,44,6,22,76,116,121,99,95,4,125,5" hai3="54,97,0,73,29,53,111,85,120,103,11,67,28"/><U117/><E117/><V124/><F121/><W65/><G120/><T71/><D93/><U133/><E127/><N who="2" m="48715" /><F116/><W47/><G73/><T122/><D71/><U119/><E119/><V34/><F34/><N who="0" m="12842" /><D122/><U13/><E128/><V102/><F110/><N who="0" m="42602" /><D15/><U43/><E70/><V89/><F76/><W57/><G111/><T30/><D30/><U8/><E13/><V39/><F39/><W63/><G85/><T105/><D105/><U36/><E36/><V33/><F33/><W104/><G0/><T66/><D66/><U134/><E100/><V123/><F123/><W10/><G67/><T86/><D49/><U129/><E129/><V126/><F126/><W82/><G82/><N who="0" m="31275" /><D41/><U48/><E48/><V38/><F22/><AGARI ba="1,0" hai="12,17,22,86,87" m="31275,42602,12842" machi="22" ten="30,1000,0" yaku="14,1" doraHai="56" who="0" fromWho="2" sc="230,13,410,0,240,-13,120,0" /><INIT seed="2,0,0,1,4,59" ten="243,410,227,120" oya="2" hai0="115,50,123,117,106,20,69,54,102,110,65,26,107" hai1="32,68,127,84,92,83,0,5,13,100,22,67,132" hai2="48,108,53,93,101,34,33,39,21,40,76,37,78" hai3="81,88,12,27,56,36,89,29,91,129,118,42,103"/><V11/><F34/><W131/><G118/><T125/><D115/><U96/><E32/><V10/><F33/><N who="3" m="20671" /><G36/><T95/><D123/><U112/><E132/><V77/><F40/><W104/><G42/><T49/><D110/><U109/><E127/><V126/><F126/><W121/><G121/><T24/><D125/><U58/><E109/><V94/><F108/><W4/><G104/><T122/><D122/><U30/><E112/><V44/><F37/><W97/><G81/><T60/><D117/><U87/><E68/><V25/><F39/><W90/><G12/><T17/><D50/><U79/><E0/><V133/><F133/><W3/><G4/><T75/><D75/><N who="1" m="43519" /><E13/><V61/><F61/><W120/><G3/><T9/><D9/><N who="2" m="3082" /><F101/><W70/><G70/><T99/><REACH who="0" step="1"/><D26/><REACH who="0" ten="233,410,227,120" step="2"/><U43/><E5/><V73/><F73/><W85/><G120/><T124/><D124/><U116/><E116/><V38/><F38/><W51/><N who="3" m="23040" /><DORA hai="19" /><W45/><G85/><T18/><D18/><AGARI ba="0,1" hai="18,21,25,44,48,53,76,77,78,93,94" m="3082" machi="18" ten="30,2900,0" yaku="8,1,52,1" doraHai="59,19" who="2" fromWho="0" sc="233,-29,410,0,227,39,120,0" /><INIT seed="2,1,0,5,5,53" ten="204,410,266,120" oya="2" hai0="102,12,113,87,15,75,99,31,94,19,76,62,124" hai1="0,114,101,59,127,106,32,109,47,16,54,24,92" hai2="80,33,10,89,25,40,58,112,72,35,67,107,119" hai3="21,48,45,122,84,46,5,86,82,118,117,88,96"/><V68/><F68/><W44/><G122/><T130/><D113/><U22/><E114/><V43/><F107/><W98/><G5/><T4/><D124/><U38/><E0/><V90/><F112/><W126/><G126/><T39/><D39/><U29/><E109/><V73/><F119/><W129/><G129/><T52/><D130/><U7/><E7/><V20/><F10/><W61/><G118/><T133/><D75/><U8/><E8/><V121/><F121/><W56/><G117/><T18/><D31/><U105/><E127/><V60/><F33/><W27/><G48/><T79/><D133/><U104/><E92/><V50/><F35/><W83/><G27/><T23/><D4/><U55/><E101/><V125/><F125/><W131/><G21/><T69/><D87/><U111/><E111/><V123/><F123/><W116/><G116/><T110/><D110/><U135/><E135/><V108/><F108/><W93/><G131/><T6/><D69/><U34/><E38/><V37/><F37/><W71/><G71/><T42/><D42/><U97/><E97/><V132/><F132/><W91/><REACH who="3" step="1"/><G93/><REACH who="3" ten="204,410,266,110" step="2"/><T63/><D6/><U13/><E34/><V81/><F20/><W74/><G74/><T28/><D28/><U2/><E106/><V103/><F72/><W120/><G120/><T41/><D23/><U65/><E105/><V64/><F73/><W85/><G85/><T9/><D94/><U57/><E104/><V95/><F95/><W66/><AGARI ba="1,1" hai="44,45,46,56,61,66,82,83,84,86,88,91,96,98" machi="66" ten="30,12000,2" yaku="1,1,0,1,9,1,8,1,52,1,54,1,53,0" doraHai="53" doraHaiUra="128" who="3" fromWho="3" sc="204,-31,410,-31,266,-61,110,133" /><INIT seed="3,0,0,4,2,27" ten="173,379,205,243" oya="3" hai0="90,64,101,121,52,126,35,48,18,96,60,120,38" hai1="76,115,43,65,103,74,63,98,42,124,117,80,111" hai2="93,17,127,14,128,39,19,0,2,84,83,108,69" hai3="20,62,133,55,31,33,88,30,132,89,32,3,25"/><W59/><G3/><T22/><D35/><U82/><E115/><V45/><F69/><W61/><G61/><T95/><D38/><U118/><E111/><V53/><F108/><W86/><G89/><T26/><D126/><U49/><E124/><V16/><F127/><W11/><G11/><T47/><REACH who="0" step="1"/><D101/><REACH who="0" ten="163,379,205,243" step="2"/><U119/><E119/><V79/><F128/><W113/><G113/><T91/><D91/><U131/><E131/><V109/><F109/><W12/><G33/><T114/><D114/><U94/><E103/><V71/><F71/><AGARI ba="0,1" hai="18,22,26,47,48,52,60,64,71,90,95,96,120,121" machi="71" ten="30,3900,0" yaku="1,1,7,1,54,1,53,0" doraHai="27" doraHaiUra="1" who="0" fromWho="2" sc="163,49,379,0,205,-39,243,0" owari="212,-19.0,379,48.0,166,-33.0,243,4.0" /></mjloggm>