<mjloggm ver="2.3"><GO type="169" lobby="0"/><UN n0="%73%68%6F%6F%74%33%39" n1="%E7%B4%85%E3%81%84%E7%9E%B3%E3%81%AE%E6%AD%A6%E4%B8%B8" n2="%E3%82%A6%E3%83%AB%E3%83%88%E3%83%A9%E7%AB%8B%E7%9B%B4" n3="%E8%B5%A4%E6%9C%A8%E3%81%97%E3%81%92%E3%82%8C" dan="19,16,17,16" rate="2230.00,2103.60,2144.54,2077.03" sx="M,M,M,M"/><TAIKYOKU oya="0"/><INIT seed="0,0,0,4,1,104" ten="250,250,250,250" oya="0" hai0="98,31,51,135,84,60,125,38,108,110,126,45,23" hai1="103,47,100,106,40,34,37,36,25,76,112,63,113" hai2="86,9,79,17,92,66,81,90,131,48,80,39,75" hai3="55,65,46,133,122,20,52,97,12,29,111,43,132"/><T95/><D38/><U13/><E37/><V8/><F39/><W18/><G111/><N who="0" m="42539" /><D84/><U119/><E119/><V30/><F131/><W49/><G122/><T1/><D1/><U33/><E76/><V107/><F107/><W61/><G97/><T27/><D60/><U72/><E72/><V70/><F30/><W77/><G29/><T2/><D2/><U54/><E13/><V44/><F70/><W26/><G12/><T116/><D116/><U10/><E10/><V93/><F66/><W85/><G85/><T68/><D68/><U50/><E63/><V22/><F8/><W16/><G77/><T62/><D62/><U6/><E6/><V115/><F115/><N who="1" m="44105" /><E25/><V41/><REACH who="2" step="1"/><F9/><REACH who="2" ten="250,250,240,250" step="2"/><W129/><G129/><T59/><D135/><N who="3" m="51785" /><G18/><T102/><D59/><AGARI ba="0,1" hai="16,20,26,43,46,49,52,55,59,61,65" m="51785" machi="59" ten="30,3900,0" yaku="20,1,54,2" doraHai="104" who="3" fromWho="0" sc="250,-39,250,0,240,0,250,49" /><INIT seed="1,0,0,1,3,131" ten="211,250,240,299" oya="1" hai0="18,16,123,55,66,110,48,78,32,132,52,129,29" hai1="121,15,46,72,71,11,37,53,57,1,60,125,25" hai2="65,127,67,122,117,30,20,79,10,111,97,24,109" hai3="4,112,113,73,86,70,23,92,44,31,76,75,84"/><U116/><E116/><V87/><F117/><W68/><G4/><T5/><D129/><U27/><E1/><V21/><F122/><W107/><G107/><T105/><D105/><U26/><E121/><V19/><F127/><W43/><G92/><T14/><D123/><U42/><E125/><V119/><F119/><W89/><G76/><T39/><D39/><U50/><E72/><V3/><F97/><W0/><G0/><T47/><D110/><N who="2" m="41994" /><F10/><W6/><G6/><T22/><D66/><U58/><E71/><V124/><F3/><W100/><G100/><T54/><D32/><U36/><REACH who="1" step="1"/><E58/><REACH who="1" ten="211,240,240,299" step="2"/><V91/><F124/><W98/><G75/><T101/><D101/><U59/><E59/><V108/><F108/><W81/><G73/><T120/><D120/><U77/><E77/><V13/><F79/><W61/><G68/><T9/><D78/><U85/><E85/><V7/><F7/><AGARI ba="0,1" hai="7,11,15,25,26,27,36,37,42,46,50,53,57,60" machi="7" ten="40,2000,0" yaku="1,1,53,0" doraHai="131" doraHaiUra="74" who="1" fromWho="2" sc="211,0,240,30,240,-20,299,0" /><INIT seed="1,1,0,2,4,65" ten="211,270,220,299" oya="1" hai0="119,128,86,135,1,92,134,53,30,35,105,61,38" hai1="48,15,14,45,117,37,18,10,95,123,97,63,66" hai2="120,46,115,109,49,129,9,36,114,8,16,55,47" hai3="112,127,7,111,22,12,96,132,106,116,101,40,125"/><U52/><E117/><V78/><F120/><W85/><G112/><N who="2" m="43049" /><F109/><W90/><G111/><T130/><D105/><U89/><E123/><V39/><F129/><N who="0" m="49770" /><D1/><U75/><E75/><V29/><F29/><W60/><G40/><T68/><D38/><N who="2" m="14378" /><F78/><W81/><G116/><T84/><D119/><U27/><E37/><V118/><F118/><W93/><G132/><N who="0" m="50731" /><D92/><U3/><E3/><V42/><F16/><N who="3" m="10503" /><G60/><T70/><D30/><U77/><E77/><V34/><F34/><W124/><G7/><T73/><D35/><U71/><E15/><V122/><F122/><W94/><AGARI ba="1,0" hai="81,85,90,93,94,96,101,106,124,125,127" m="10503" machi="94" ten="40,2700,0" yaku="18,1,54,1" doraHai="65" who="3" fromWho="3" sc="211,-8,270,-14,220,-8,299,30" /><INIT seed="2,0,0,2,3,127" ten="203,256,212,329" oya="2" hai0="32,48,102,118,67,18,46,114,41,110,56,63,51" hai1="17,60,128,8,27,107,125,74,89,131,28,0,13" hai2="78,57,132,55,38,133,112,134,50,106,42,29,16" hai3="64,76,83,5,99,88,30,82,35,33,12,24,115"/><V21/><F106/><W26/><G64/><T66/><D114/><U62/><E74/><V126/><F112/><W36/><G36/><T105/><D32/><U43/><E107/><V9/><F126/><W80/><G115/><T47/><D110/><U129/><E125/><V108/><F108/><W119/><G119/><T1/><D1/><U81/><E43/><V85/><F29/><W44/><G44/><T6/><D6/><U123/><E123/><V52/><F9/><W75/><G12/><T25/><D118/><U2/><E81/><N who="2" m="47287" /><F38/><W68/><G68/><T120/><D120/><U19/><E19/><V11/><F11/><W130/><G5/><T103/><D67/><U117/><E117/><V124/><F124/><W70/><G70/><T100/><D105/><U54/><E89/><V95/><F95/><W104/><G104/><T84/><D84/><U86/><E86/><V59/><F42/><W90/><G75/><T31/><D31/><U97/><E97/><V77/><F77/><W61/><G99/><T73/><D73/><U135/><E135/><V10/><F10/><W58/><G76/><T15/><D25/><U34/><E54/><N who="2" m="20523" /><F50/><N who="0" m="18986" /><D41/><U121/><E121/><V7/><F7/><W53/><G33/><T49/><D49/><U3/><AGARI ba="0,0" hai="0,2,3,8,13,17,27,28,34,60,62,128,129,131" machi="3" ten="40,8000,1" yaku="0,1,19,1,52,3" doraHai="127" who="1" fromWho="1" sc="203,-20,256,80,212,-40,329,-20" /><INIT seed="3,0,0,4,4,126" ten="183,336,172,309" oya="3" hai0="62,44,40,80,133,108,58,76,11,56,43,72,95" hai1="105,103,98,31,123,135,92,112,94,122,23,19,97" hai2="13,134,69,110,14,127,91,63,84,124,120,57,9" hai3="27,28,87,100,107,1,7,68,119,66,106,71,24"/><W93/><G119/><T101/><D108/><U8/><E112/><V18/><F69/><W41/><G41/><T131/><D133/><U88/><E135/><V45/><F120/><W5/><G87/><T33/><D33/><U22/><E8/><V90/><F110/><W42/><G42/><T86/><D43/><U116/><E116/><V96/><F134/><W115/><G115/><T129/><D11/><U46/><E46/><V83/><F45/><W12/><G12/><T102/><D58/><U36/><E36/><V77/><F14/><W132/><G132/><T34/><D34/><U51/><E51/><V74/><F96/><W82/><G82/><T128/><D95/><U113/><E113/><V59/><F59/><W111/><G93/><T65/><D72/><U60/><E60/><V16/><F18/><W37/><G37/><AGARI ba="0,0" hai="37,40,44,56,62,65,76,80,86,101,102,128,129,131" machi="37" ten="40,8000,1" yaku="19,1,52,3" doraHai="126" who="0" fromWho="3" sc="183,80,336,0,172,0,309,-80" /><INIT seed="4,0,0,3,4,64" ten="263,336,172,229" oya="0" hai0="125,20,8,121,11,14,28,126,32,55,40,26,133" hai1="132,27,7,38,67,108,48,24,105,107,49,135,93" hai2="1,29,80,43,114,134,95,50,19,23,58,79,60" hai3="98,42,82,88,12,9,52,56,127,13,94,66,103"/><T83/><D121/><U85/><E38/><V25/><F1/><W111/><G111/><T70/><D40/><U36/><E36/><V130/><F130/><W101/><G127/><N who="0" m="48651" /><D133/><N who="1" m="51275" /><E108/><V131/><F131/><W77/><G42/><T3/><D55/><U69/><E7/><V59/><F114/><W45/><G45/><T0/><D83/><U106/><E24/><V39/><F39/><W34/><G66/><T117/><D70/><U91/><E27/><V18/><F134/><W33/><G33/><T128/><D128/><U124/><E124/><V16/><F95/><W15/><G9/><N who="0" m="3659" /><D117/><U129/><E129/><V90/><F90/><W21/><G21/><T74/><D74/><U81/><E81/><V54/><F43/><W123/><G34/><T17/><AGARI ba="0,0" hai="0,3,14,17,20,26,28,32" m="3659,48651" machi="17" ten="30,6000,0" yaku="18,1,34,2" doraHai="64" who="0" fromWho="0" sc="263,60,336,-20,172,-20,229,-20" /><INIT seed="4,1,0,4,1,41" ten="323,316,152,209" oya="0" hai0="68,76,35,57,50,21,100,86,99,118,67,32,60" hai1="0,91,47,122,78,115,124,85,19,90,52,114,14" hai2="111,23,117,106,46,42,27,29,53,79,93,77,6" hai3="131,12,95,135,64,61,88,63,73,30,125,20,8"/><T51/><D118/><U37/><E122/><V110/><F106/><W94/><G73/><T71/><D71/><U17/><E0/><V26/><F117/><W82/><G125/><T116/><D116/><U44/><E124/><V108/><F6/><W16/><G131/><T7/><D7/><U39/><E78/><V107/><F107/><W56/><G135/><T129/><D129/><U101/><E101/><V10/><F10/><W96/><G63/><T40/><D21/><U31/><E31/><V58/><F93/><N who="3" m="56359" /><G82/><T121/><D121/><U4/><E4/><V126/><F27/><AGARI ba="1,0" hai="8,12,16,20,27,30,56,61,64,94,95" m="56359" machi="27" ten="30,3900,0" yaku="8,1,54,2" doraHai="41" who="3" fromWho="2" sc="323,0,316,0,152,-42,209,42" /><INIT seed="5,0,0,4,3,0" ten="323,316,110,251" oya="1" hai0="53,93,67,113,126,5,89,33,96,123,79,85,38" hai1="73,115,114,59,37,83,65,14,26,3,135,6,16" hai2="84,101,50,76,88,15,77,110,42,20,95,23,108" hai3="100,118,64,12,9,22,124,107,63,40,128,31,8"/><U116/><E116/><V48/><F108/><W112/><G40/><T133/><D38/><U102/><E37/><V57/><F110/><W97/><G118/><T82/><D33/><U29/><E102/><V94/><F42/><W68/><G112/><N who="1" m="43050" /><E135/><V121/><F121/><W106/><G128/><T17/><D113/><U41/><E41/><V119/><F119/><W55/><G55/><T13/><D133/><U132/><E132/><V105/><F105/><W81/><G81/><T56/><D126/><U11/><E65/><V34/><F34/><W74/><G74/><T19/><D67/><U43/><E43/><V72/><F72/><W51/><G51/><T66/><D66/><U35/><E59/><V71/><F71/><W62/><G124/><T122/><D123/><U61/><E61/><V127/><F127/><W92/><G62/><N who="0" m="36111" /><D122/><U134/><E134/><V70/><F70/><W18/><G8/><AGARI ba="0,0" hai="5,8,13,17,19,79,82,85,89,93,96" m="36111" machi="8" ten="30,2000,0" yaku="8,1,52,1" doraHai="0" who="0" fromWho="3" sc="323,20,316,0,110,0,251,-20" /><INIT seed="6,0,0,2,1,85" ten="343,316,110,231" oya="2" hai0="118,36,81,92,104,34,66,0,50,46,86,18,59" hai1="32,37,113,120,117,55,127,12,121,3,124,6,102" hai2="98,27,122,72,73,4,96,17,33,74,31,61,77" hai3="41,123,49,16,103,58,23,95,71,91,35,2,52"/><V105/><F122/><N who="1" m="47209" /><E37/><V135/><F135/><W80/><G123/><T111/><D104/><U78/><E117/><V11/><F77/><W22/><G35/><T133/><D34/><U8/><E78/><V126/><F126/><N who="1" m="48169" /><E102/><V54/><F105/><W5/><G71/><T84/><D36/><U63/><E32/><V13/><F54/><W51/><G2/><T68/><D0/><U42/><E42/><V99/><REACH who="2" step="1"/><F61/><REACH who="2" ten="343,316,100,231" step="2"/><W83/><G52/><T97/><D133/><U108/><E55/><V15/><F15/><W62/><G62/><T128/><D118/><U79/><E63/><V125/><F125/><W9/><G41/><T14/><D14/><U107/><E79/><V40/><F40/><W44/><G49/><T26/><D50/><U131/><E107/><V67/><F67/><W132/><G132/><T76/><D66/><U21/><E12/><V60/><F60/><W48/><G48/><T82/><D76/><U129/><E3/><V10/><F10/><W130/><G51/><T115/><D59/><U116/><E8/><V114/><F114/><W106/><G58/><T89/><D115/><U7/><E113/><V19/><AGARI ba="0,1" hai="4,11,13,17,19,27,31,33,72,73,74,96,98,99" machi="19" ten="40,3900,0" yaku="1,1,0,1,53,0" doraHai="85" doraHaiUra="57" who="2" fromWho="2" sc="343,-13,316,-13,100,49,231,-13" /><INIT seed="6,1,0,3,5,49" ten="330,303,149,218" oya="2" hai0="14,84,106,76,53,108,118,58,43,15,2,120,16" hai1="44,112,80,72,13,125,42,4,70,85,116,133,34" hai2="101,41,7,126,24,25,35,29,99,128,1,47,113" hai3="23,50,95,135,96,71,104,40,109,131,8,30,91"/><V79/><F126/><W130/><G109/><T20/><D108/><U59/><E70/><V111/><F128/><N who="3" m="49195" /><G71/><T87/><D2/><U31/><E116/><V132/><F113/><W68/><G68/><T46/><D106/><U65/><E112/><V82/><F132/><W115/><G135/><T60/><D120/><U83/><E133/><V74/><F111/><W97/><G115/><T129/><D118/><U86/><E125/><V93/><F25/><N who="3" m="16703" /><G8/><T57/><D129/><U67/><E34/><V10/><F47/><N who="3" m="25959" /><G104/><T122/><D122/><U75/><E31/><V89/><REACH who="2" step="1"/><F41/><REACH who="2" ten="330,303,139,218" step="2"/><W12/><G12/><T66/><D14/><U78/><E42/><V94/><F94/><W64/><G64/><T63/><D43/><U134/><E134/><V33/><F33/><W11/><G11/><T62/><D46/><U103/><E67/><V21/><F21/><W36/><G36/><T124/><D124/><U0/><E13/><V114/><F114/><W26/><G26/><T77/><D66/><U6/><E44/><V69/><F69/><W88/><G97/><T90/><D15/><U110/><E110/><V18/><F18/><W102/><AGARI ba="1,1" hai="88,91,95,96,102" m="25959,16703,49195" machi="102" ten="30,2000,0" yaku="19,1,54,1" doraHai="49" who="3" fromWho="3" sc="330,-6,303,-6,139,-11,218,33" /><INIT seed="7,0,0,2,0,98" ten="324,297,128,251" oya="3" hai0="124,87,96,16,84,55,32,36,134,102,45,9,135" hai1="123,78,82,43,89,69,93,116,59,105,106,99,19" hai2="31,90,100,125,26,5,58,53,38,126,131,67,2" hai3="51,28,115,3,103,15,4,91,132,12,122,119,92"/><W114/><G119/><T22/><D32/><U118/><E69/><V86/><F38/><W23/><G122/><T121/><D9/><U101/><E123/><V1/><F67/><W24/><G132/><N who="0" m="50731" /><D121/><U70/><E70/><V48/><F131/><W77/><G77/><T29/><D29/><U30/><E30/><V25/><F25/><W57/><G3/><T129/><D124/><U65/><E43/><V64/><F126/><W18/><G4/><T85/><D129/><U39/><E39/><V104/><F125/><W21/><G12/><N who="0" m="9479" /><D55/><U97/><E19/><V33/><F5/><W54/><G103/><T117/><D117/><N who="1" m="45163" /><E59/><V34/><F34/><W14/><G14/><T60/><D60/><U88/><E65/><V72/><F72/><W10/><G10/><T75/><D75/><N who="1" m="43359" /><E106/><V133/><F133/><W0/><G0/><T120/><D120/><U79/><E79/><V11/><F11/><W127/><G127/><T63/><D63/><U35/><E35/><V109/><F109/><W73/><G73/><T46/><D36/><U27/><E27/><V50/><F50/><W83/><G83/><T17/><D17/><U81/><E81/><V7/><F7/><W37/><G37/><T66/><D66/><U8/><E8/><V62/><F90/><AGARI ba="0,0" hai="88,89,90,93,97,99,101,105" m="43359,45163" machi="90" ten="30,8000,1" yaku="12,1,34,2,52,1,54,1" doraHai="98" who="1" fromWho="2" sc="324,0,297,80,128,-80,251,0" owari="324,12.0,377,48.0,48,-45.0,251,-15.0" /></mjloggm>