<mjloggm ver="2.3"><GO type="97" lobby="0"/><UN n0="%E7%A7%8B%E5%90%8D%E9%8F%A1" n1="%68%61%68%75" n2="%E3%82%A6%E3%83%AB%E3%83%88%E3%83%A9%E7%AB%8B%E7%9B%B4" n3="%74%61%75%72%61" dan="14,13,13,15" rate="1900.10,1874.61,1876.23,1957.70" sx="M,M,M,M"/><TAIKYOKU oya="0"/><INIT seed="0,0,0,2,4,25" ten="250,250,250,250" oya="0" hai0="104,128,39,47,20,58,36,90,7,103,23,83,99" hai1="52,108,54,117,61,96,115,84,16,35,9,130,15" hai2="32,70,93,111,92,95,113,88,94,77,76,64,56" hai3="2,109,106,60,46,132,97,45,72,91,127,42,122"/><T124/><D128/><U27/><E130/><V121/><F70/><W131/><G131/><T4/><D124/><U67/><E117/><V13/><F32/><W3/><G127/><T100/><D58/><U68/><E115/><V59/><F113/><W14/><G72/><T50/><D39/><U133/><E133/><V6/><F121/><W120/><G132/><T26/><D36/><U63/><E108/><V125/><F111/><W48/><G109/><T18/><D23/><U112/><E112/><V41/><F41/><W38/><G60/><T0/><D0/><U134/><E134/><V119/><F119/><W101/><G91/><T62/><D62/><U116/><E84/><N who="2" m="52231" /><F125/><W44/><G14/><T57/><D57/><N who="2" m="22090" /><F64/><W8/><G46/><T53/><D100/><U30/><E116/><V69/><F69/><W78/><G78/><T33/><D33/><U129/><E129/><V79/><F6/><W24/><G122/><T34/><D34/><U43/><E63/><V17/><F79/><W29/><G120/><T51/><D51/><U10/><E43/><V98/><F98/><W12/><G45/><T86/><AGARI ba="0,0" hai="4,7,18,20,26,47,50,53,83,86,90,99,103,104" machi="86" ten="30,1500,0" yaku="0,1" doraHai="25" who="0" fromWho="0" sc="250,15,250,-5,250,-5,250,-5" /><INIT seed="0,1,0,2,4,7" ten="265,245,245,245" oya="0" hai0="71,23,111,11,108,54,99,91,55,95,106,39,74" hai1="116,135,37,8,65,45,44,60,102,10,98,13,121" hai2="62,16,89,96,117,53,93,90,41,69,40,33,131" hai3="59,12,63,120,119,128,64,110,82,78,57,32,109"/><T34/><D34/><U103/><E135/><V80/><F33/><W105/><G119/><T49/><D39/><U100/><E121/><V50/><F117/><W47/><G120/><T29/><D71/><U79/><E116/><V21/><F131/><W35/><G128/><T5/><D74/><U124/><E124/><V2/><F2/><W46/><G105/><T36/><D36/><U112/><E112/><V81/><F62/><W70/><G12/><N who="0" m="5231" /><D106/><U58/><E79/><V15/><F69/><W22/><G22/><T122/><D122/><U42/><E45/><N who="3" m="16906" /><G59/><T48/><D29/><U88/><REACH who="1" step="1"/><E13/><REACH who="1" ten="265,235,245,245" step="2"/><V20/><F15/><W133/><G133/><T107/><D107/><U75/><E75/><V68/><F41/><W132/><G132/><T25/><D25/><U118/><E118/><V43/><F40/><W19/><G78/><T113/><D113/><U123/><E123/><V83/><F43/><W17/><G109/><N who="0" m="42059" /><D23/><U9/><E9/><V4/><F21/><W14/><G110/><T26/><D26/><U6/><E6/><V51/><F4/><W86/><G35/><T104/><D104/><U97/><E97/><V76/><F96/><W24/><G32/><T115/><D115/><U127/><E127/><V28/><F20/><W84/><G24/><T38/><D38/><U66/><E66/><V134/><F76/><W18/><G14/><T67/><D67/><U73/><E73/><V56/><F134/><W31/><G31/><T125/><D125/><U129/><E129/><V61/><F28/><W0/><G0/><T130/><D130/><U72/><E72/><RYUUKYOKU ba="1,1" sc="265,15,235,15,245,-15,245,-15" hai0="48,49,54,55,91,95,99" hai1="8,10,37,42,44,58,60,65,88,98,100,102,103" /><INIT seed="0,2,1,5,3,99" ten="280,250,230,230" oya="0" hai0="23,9,38,89,98,3,33,34,95,35,25,55,47" hai1="109,104,101,100,132,16,39,71,52,61,42,78,112" hai2="19,119,108,118,56,63,83,57,106,28,114,22,125" hai3="13,51,123,73,91,122,14,59,45,107,11,0,72"/><T10/><D3/><U124/><E104/><V115/><F106/><W110/><G107/><T94/><D94/><U68/><E78/><V69/><F28/><W12/><G110/><T32/><N who="0" m="8192" /><DORA hai="5" /><T27/><D27/><U102/><E109/><V121/><F108/><W29/><G29/><T80/><D80/><U43/><E112/><V74/><F69/><W26/><G26/><T1/><D1/><U131/><E39/><V15/><F57/><W30/><G30/><T31/><REACH who="0" step="1"/><D55/><REACH who="0" ten="270,250,230,230" step="2"/><U17/><E52/><N who="2" m="34183" /><F121/><W135/><G0/><T24/><D24/><U97/><E97/><V81/><F81/><W6/><G123/><T127/><D127/><U88/><E124/><V90/><F125/><W77/><G122/><T49/><D49/><U54/><E54/><V84/><F74/><W120/><G120/><T60/><D60/><U53/><E53/><V48/><F48/><W70/><G51/><T126/><D126/><U8/><E61/><V37/><F37/><W75/><G75/><T128/><D128/><U92/><E131/><V96/><F115/><W117/><G73/><T113/><D113/><U18/><E132/><V134/><F114/><W36/><G72/><T79/><D79/><U93/><E8/><V7/><F134/><W50/><G77/><T58/><D58/><U133/><E133/><V85/><F83/><W65/><G59/><T130/><D130/><U4/><E93/><N who="2" m="56375" /><F119/><W116/><G116/><T86/><D86/><N who="1" m="52247" /><E68/><V103/><F118/><W82/><G117/><T64/><D64/><U87/><E71/><V20/><F85/><W46/><G135/><RYUUKYOKU ba="2,2" sc="270,30,250,-10,230,-10,230,-10" hai0="9,10,23,25,31,38,47,89,95,98" /><INIT seed="0,3,2,2,3,70" ten="300,240,220,220" oya="0" hai0="131,132,77,105,48,34,127,94,90,55,57,2,56" hai1="53,79,101,27,88,110,104,32,12,116,106,84,129" hai2="75,72,15,109,45,17,8,31,20,111,60,91,73" hai3="64,78,3,124,107,87,13,125,108,128,36,71,96"/><T99/><D131/><U33/><E116/><V118/><F118/><W76/><G3/><T117/><D117/><U86/><E12/><V133/><F133/><W5/><G128/><T37/><D37/><U92/><E129/><V1/><F91/><W114/><G114/><T81/><D132/><U19/><E110/><N who="2" m="41995" /><F60/><N who="3" m="40327" /><G108/><T113/><D113/><U83/><E53/><V66/><F66/><W23/><G36/><T69/><D69/><U42/><E42/><V126/><F126/><N who="3" m="48747" /><G87/><T58/><D127/><U98/><E106/><V89/><F89/><W44/><G44/><T65/><D34/><U6/><E6/><N who="2" m="1103" /><F45/><W121/><G121/><T49/><D2/><U97/><E19/><V52/><F52/><W122/><G122/><T26/><D65/><U41/><E41/><V130/><F130/><W0/><G0/><T62/><D105/><U135/><E135/><V35/><F31/><W46/><G46/><T29/><D62/><U54/><E54/><V22/><F35/><W25/><G13/><T80/><D48/><U24/><E24/><V40/><F40/><W38/><G38/><T68/><D68/><U115/><E115/><V11/><AGARI ba="3,2" hai="11,15,17,20,22,72,73,75" m="1103,41995" machi="11" ten="40,1500,0" yaku="14,1" doraHai="70" who="2" fromWho="2" sc="300,-10,240,-7,220,44,220,-7" /><INIT seed="1,0,0,4,4,41" ten="290,233,264,213" oya="1" hai0="52,126,80,14,81,93,12,107,70,35,134,13,117" hai1="82,116,123,49,65,133,121,42,96,26,46,83,66" hai2="45,54,15,3,115,29,87,119,99,48,129,102,84" hai3="98,124,16,100,9,32,58,24,72,40,19,128,89"/><U4/><E116/><V11/><F3/><W97/><G72/><T28/><D107/><U78/><E133/><V101/><F119/><W86/><G124/><T76/><D117/><U47/><E96/><V25/><F129/><W17/><G128/><T30/><D126/><U73/><E26/><V105/><F101/><W55/><G40/><T67/><D134/><U112/><E112/><V85/><F115/><W95/><G9/><T31/><D35/><U37/><E83/><V71/><F71/><W109/><G109/><T111/><D111/><U125/><E125/><V10/><REACH who="2" step="1"/><F15/><REACH who="2" ten="290,233,254,213" step="2"/><W114/><G114/><T2/><D2/><U23/><E23/><AGARI ba="0,1" hai="10,11,23,25,29,45,48,54,84,85,87,99,102,105" machi="23" ten="40,5200,0" yaku="1,1,2,1,52,1,53,0" doraHai="41" doraHaiUra="77" who="2" fromWho="1" sc="290,0,233,-52,254,62,213,0" /><INIT seed="2,0,0,3,1,84" ten="290,181,316,213" oya="2" hai0="49,66,97,54,113,6,69,95,109,87,79,132,99" hai1="9,23,10,36,20,64,40,41,131,114,43,17,30" hai2="53,72,82,80,101,134,26,128,96,78,11,4,67" hai3="135,58,103,93,29,33,14,90,24,48,129,12,44"/><V7/><F128/><W121/><G129/><T34/><D34/><U21/><E36/><V62/><F134/><W100/><G135/><T63/><D132/><U52/><E114/><V92/><F53/><W81/><G121/><T39/><D39/><U3/><E3/><V50/><F50/><W5/><G81/><T16/><D6/><U125/><E131/><V28/><F80/><W106/><G106/><T111/><D113/><U18/><E64/><V45/><F45/><W83/><G83/><T38/><D38/><U107/><E107/><V105/><F11/><N who="1" m="4105" /><E30/><V104/><F104/><W56/><G5/><T88/><D79/><U42/><N who="1" m="10752" /><DORA hai="65" /><U116/><E125/><V117/><F117/><W75/><G75/><T133/><D133/><U130/><E116/><V118/><F118/><W124/><G124/><T94/><D16/><N who="1" m="6251" /><E130/><V108/><F105/><W13/><G103/><T102/><REACH who="0" step="1"/><D99/><REACH who="0" ten="280,181,316,213" step="2"/><U55/><AGARI ba="0,1" hai="20,21,23,52,55" m="6251,10752,4105" machi="55" ten="50,8000,1" yaku="28,2,8,1,54,2" doraHai="84,65" who="1" fromWho="1" sc="280,-20,181,90,316,-40,213,-20" /><INIT seed="3,0,0,5,4,40" ten="260,271,276,193" oya="3" hai0="104,64,1,44,103,35,59,94,78,69,126,130,45" hai1="81,109,58,32,82,101,47,14,87,115,128,25,24" hai2="19,61,124,4,110,74,36,3,77,100,80,135,117" hai3="70,10,72,0,57,119,85,118,48,125,107,97,23"/><W67/><G70/><T122/><D69/><U120/><E115/><V26/><F117/><W98/><G72/><T93/><D35/><U108/><E120/><V29/><F19/><W68/><G68/><T51/><D122/><U96/><E128/><V113/><F61/><W79/><G125/><T129/><D1/><U99/><E58/><V83/><F83/><N who="3" m="47359" /><G118/><T66/><D78/><U31/><E14/><V5/><F5/><W91/><G119/><T20/><D126/><U8/><E8/><N who="2" m="2079" /><F124/><W46/><G107/><T33/><D33/><U92/><E25/><V28/><F28/><W56/><G0/><T62/><D104/><U90/><E82/><V116/><F116/><W133/><G133/><T114/><D114/><U22/><E32/><N who="2" m="20535" /><F113/><W123/><G123/><T37/><D37/><U17/><E17/><V15/><F15/><W16/><G10/><T52/><D20/><U38/><REACH who="1" step="1"/><E99/><REACH who="1" ten="260,261,276,193" step="2"/><N who="3" m="37898" /><G67/><T55/><D66/><U65/><E65/><V84/><F80/><W111/><G111/><T43/><D64/><U88/><E88/><V121/><F110/><W127/><G91/><T71/><D71/><U34/><E34/><V49/><F121/><W13/><G127/><T132/><D103/><U86/><E86/><V63/><F84/><W6/><G6/><T11/><D11/><U60/><E60/><V73/><F74/><W89/><G89/><T21/><D132/><U9/><E9/><V12/><F73/><W18/><G18/><T7/><D7/><U105/><E105/><V41/><F135/><W53/><AGARI ba="0,1" hai="13,16,23,46,48,53,56,57" m="37898,47359" machi="53" ten="30,6000,0" yaku="8,1,52,1,54,1" doraHai="40" who="3" fromWho="3" sc="260,-20,261,-20,276,-20,193,70" /><INIT seed="3,1,0,4,3,91" ten="240,241,256,263" oya="3" hai0="108,71,17,85,102,7,98,99,53,130,96,66,97" hai1="40,56,4,13,10,69,68,101,122,79,5,76,123" hai2="36,45,37,55,23,58,44,84,74,28,0,72,93" hai3="16,115,9,95,6,64,112,60,116,39,83,135,21"/><W67/><G116/><T1/><D130/><U46/><E101/><V14/><F0/><W105/><G105/><T47/><D108/><U34/><E34/><V118/><F118/><W127/><G39/><T48/><D85/><U134/><E134/><V94/><F74/><W29/><G135/><T26/><D71/><U8/><E56/><V82/><F72/><W38/><G38/><T32/><D66/><U49/><E69/><V125/><F125/><W114/><G127/><T15/><D1/><U25/><E25/><N who="2" m="16447" /><F14/><W59/><G29/><T33/><D7/><U103/><E68/><V61/><F37/><W109/><G83/><T133/><D133/><U92/><E103/><V52/><F36/><W110/><G95/><N who="2" m="36361" /><F55/><W117/><G117/><T128/><D128/><U65/><E65/><V120/><F120/><W111/><G67/><T54/><D54/><U86/><E123/><V78/><AGARI ba="1,0" hai="44,45,52,58,61,78,82,84" m="36361,16447" machi="78" ten="30,8000,1" yaku="8,1,52,3,54,1" doraHai="91" who="2" fromWho="2" sc="240,-21,241,-21,256,83,263,-41" owari="219,-28.0,220,-18.0,339,44.0,222,2.0" /></mjloggm>