<mjloggm ver="2.3"><GO type="169" lobby="0"/><UN n0="%E2%98%86%E3%82%B7%E3%83%A3%E3%83%81%E3%83%8F%E3%82%B2%CE%B2%E2%98%86" n1="%E3%82%A6%E3%83%AB%E3%83%88%E3%83%A9%E7%AB%8B%E7%9B%B4" n2="%E3%81%98%E3%81%9A%E3%83%BC" n3="%E3%81%B5%E3%81%98%E3%81%8A" dan="18,16,16,16" rate="2227.60,2123.82,2082.69,2135.64" sx="M,M,M,M"/><TAIKYOKU oya="0"/><INIT seed="0,0,0,4,4,125" ten="250,250,250,250" oya="0" hai0="43,53,3,34,39,60,104,100,128,30,129,96,123" hai1="61,66,62,35,110,1,23,113,71,26,46,127,22" hai2="18,0,5,52,9,132,42,49,12,4,55,19,13" hai3="106,59,33,134,17,44,76,88,64,97,135,14,58"/><T126/><D123/><U21/><E1/><V37/><F132/><N who="3" m="50731" /><G33/><T84/><D126/><U130/><E127/><V101/><F101/><N who="3" m="62767" /><G76/><T40/><D3/><U38/><E110/><V89/><F37/><W41/><G64/><T20/><D34/><U108/><E108/><V27/><F89/><W133/><N who="3" m="50739" /><W117/><DORA hai="72" /><G117/><T103/><D103/><U85/><E113/><V36/><F36/><N who="3" m="21543" /><G88/><T47/><D40/><U11/><E61/><V93/><F42/><W77/><G77/><T51/><D84/><U54/><E85/><V2/><F55/><W63/><G63/><T91/><D91/><U73/><E73/><V48/><F48/><W124/><G124/><T95/><D60/><U25/><E54/><V122/><F93/><W65/><G65/><T119/><D95/><U121/><E46/><V50/><F50/><W109/><G109/><T111/><D111/><U10/><E38/><V70/><F52/><W67/><G67/><T29/><D119/><U116/><E116/><V90/><F49/><W118/><G118/><T131/><D20/><AGARI ba="0,0" hai="14,17,20,58,59" m="21543,62767,50739" machi="20" ten="40,1300,0" yaku="20,1" doraHai="125,72" who="3" fromWho="0" sc="250,-13,250,0,250,0,250,13" /><INIT seed="1,0,0,4,5,102" ten="237,250,250,263" oya="1" hai0="84,60,57,125,53,77,15,79,121,97,110,120,134" hai1="68,112,71,25,45,132,67,5,95,2,89,133,83" hai2="103,109,52,126,87,99,55,27,24,32,44,37,59" hai3="111,7,107,98,85,22,20,31,12,47,73,21,9"/><U82/><E112/><V108/><F126/><W122/><G73/><T129/><D125/><U64/><E5/><V88/><F32/><W115/><G115/><T51/><D110/><N who="2" m="42602" /><F37/><W106/><G122/><T92/><D129/><U119/><E2/><V0/><F0/><W30/><G111/><T41/><D134/><N who="1" m="51819" /><E45/><V131/><F131/><W58/><G85/><T29/><D29/><U38/><E38/><V6/><F6/><W39/><G58/><T123/><D15/><U35/><E119/><V127/><F44/><W90/><G90/><T75/><D75/><U3/><E3/><V91/><F91/><W69/><G69/><N who="1" m="26698" /><E25/><N who="2" m="9803" /><F59/><W4/><G4/><T135/><D135/><U80/><E35/><V16/><F127/><W40/><REACH who="3" step="1"/><G98/><AGARI ba="0,0" hai="64,67,80,82,83,89,95,98" m="26698,51819" machi="98" ten="40,2000,0" yaku="20,1" doraHai="102" who="1" fromWho="3" sc="237,0,250,20,250,0,263,-20" /><INIT seed="1,1,0,5,5,78" ten="237,270,250,243" oya="1" hai0="24,21,103,18,7,10,108,73,82,94,106,17,118" hai1="45,33,50,38,133,102,86,0,16,116,66,95,83" hai2="42,79,100,52,126,104,114,127,71,112,77,76,53" hai3="35,125,70,51,128,92,54,85,107,36,130,117,63"/><U64/><E0/><V110/><F71/><W46/><G107/><T27/><D118/><U135/><E33/><V75/><F42/><N who="3" m="22855" /><G35/><T22/><D106/><U91/><E38/><V99/><F75/><W13/><G13/><T6/><D108/><U80/><E116/><V84/><F110/><W1/><G1/><T28/><D28/><U124/><E124/><N who="2" m="47659" /><F84/><W119/><G92/><T90/><D103/><U109/><E109/><V123/><F123/><W58/><G85/><T61/><D61/><U4/><E4/><V96/><F99/><W41/><G125/><T132/><D132/><N who="1" m="50763" /><E102/><V56/><F53/><W12/><G12/><T29/><D29/><U81/><E16/><V15/><F15/><W87/><G87/><T55/><D55/><AGARI ba="1,0" hai="45,50,55,64,66,80,81,83,86,91,95" m="50763" machi="55" ten="30,11600,0" yaku="20,1,52,3" doraHai="78" who="1" fromWho="0" sc="237,-119,270,119,250,0,243,0" /><INIT seed="1,2,0,1,0,126" ten="118,389,250,243" oya="1" hai0="9,68,98,119,105,71,7,57,1,87,6,88,117" hai1="108,91,42,95,19,111,76,37,3,116,127,34,36" hai2="40,13,43,47,63,33,79,106,73,66,65,51,104" hai3="69,17,78,5,70,27,134,64,44,10,114,86,22"/><U124/><E34/><V58/><F33/><W77/><G114/><T61/><D7/><U80/><E3/><V21/><F73/><W11/><G11/><T54/><D98/><U14/><E116/><V41/><F79/><W120/><G120/><T109/><D105/><U112/><E112/><V97/><F106/><W72/><G72/><T102/><D102/><U113/><E113/><V130/><F104/><W32/><G32/><T50/><D109/><N who="1" m="42059" /><E42/><N who="2" m="25079" /><F130/><W24/><G24/><T93/><REACH who="0" step="1"/><D50/><REACH who="0" ten="108,389,250,243" step="2"/><U59/><E124/><V46/><F97/><W101/><G101/><T131/><D131/><U82/><E127/><V8/><F21/><W16/><G5/><T4/><D4/><U123/><E123/><V103/><F103/><W135/><G22/><T15/><D15/><U67/><E37/><V133/><F13/><W45/><G10/><T90/><D90/><U55/><E36/><V84/><F8/><W100/><G100/><T107/><D107/><U121/><E121/><V28/><F63/><W74/><G27/><T75/><D75/><U18/><E14/><V92/><F84/><W12/><G12/><T110/><D110/><U83/><E76/><V118/><F118/><AGARI ba="2,1" hai="1,6,9,54,57,61,68,71,87,88,93,117,118,119" machi="118" ten="40,2600,0" yaku="1,1,54,1,53,0" doraHai="126" doraHaiUra="94" who="0" fromWho="2" sc="108,42,389,0,250,-32,243,0" /><INIT seed="2,0,0,1,3,22" ten="150,389,218,243" oya="2" hai0="36,95,70,30,8,68,92,127,72,12,23,135,4" hai1="55,60,71,109,80,103,52,10,122,81,7,34,100" hai2="112,31,124,43,35,28,39,88,97,61,63,90,115" hai3="69,74,121,62,126,83,11,99,2,65,111,120,75"/><V66/><F124/><W16/><G126/><T49/><D127/><U89/><E34/><V107/><F43/><W42/><G111/><T19/><D72/><U113/><E113/><V50/><F39/><W37/><G99/><T128/><D36/><U64/><E109/><V123/><F123/><W114/><G114/><T32/><D135/><U67/><E67/><V29/><F50/><W25/><G75/><T94/><D128/><U58/><E55/><V125/><F125/><W119/><G119/><T133/><D133/><U26/><E81/><V0/><F0/><W41/><G41/><T82/><D82/><U85/><E122/><V53/><F53/><W79/><G2/><T20/><D49/><U9/><E9/><V48/><F48/><W91/><G91/><T17/><D32/><U93/><E80/><V105/><F35/><W78/><G78/><T24/><REACH who="0" step="1"/><D30/><REACH who="0" ten="140,389,218,243" step="2"/><U77/><E77/><V18/><F31/><W40/><G37/><T110/><D110/><U5/><E60/><V131/><F131/><W134/><G134/><T84/><D84/><U27/><E85/><V130/><F130/><W96/><G121/><T59/><D59/><U116/><E58/><V106/><F63/><W13/><G120/><T14/><AGARI ba="0,1" hai="4,8,12,14,17,19,20,23,24,68,70,92,94,95" machi="14" ten="30,4000,0" yaku="1,1,0,1,52,1,53,0" doraHai="22" doraHaiUra="108" who="0" fromWho="0" sc="140,50,389,-10,218,-20,243,-10" /><INIT seed="3,0,0,1,3,22" ten="190,379,198,233" oya="3" hai0="16,134,77,51,135,91,46,11,74,112,54,99,37" hai1="56,33,36,76,118,3,50,119,2,126,90,109,82" hai2="62,75,124,132,120,44,53,80,102,70,131,10,72" hai3="31,28,17,64,96,18,41,1,15,71,38,40,105"/><W9/><G1/><T60/><D37/><U29/><E36/><V86/><F102/><W66/><G105/><T81/><D112/><U73/><E109/><V32/><F32/><W115/><G38/><T24/><D60/><U98/><E126/><V128/><F10/><W49/><G71/><T79/><D79/><U127/><E127/><V110/><F110/><W94/><G115/><T63/><D63/><U113/><E113/><V106/><F106/><W7/><G7/><T26/><D99/><U97/><E97/><V88/><F124/><W39/><G39/><T35/><D91/><U8/><E8/><V114/><F114/><W52/><G18/><T107/><D107/><U61/><E50/><N who="2" m="28871" /><F132/><N who="0" m="50730" /><D35/><U0/><E90/><V12/><F12/><AGARI ba="0,0" hai="11,12,16,24,26,46,51,54,74,77,81" m="50730" machi="12" ten="30,7700,0" yaku="20,1,52,2,54,1" doraHai="22" who="0" fromWho="2" sc="190,77,379,0,198,-77,233,0" /><INIT seed="4,0,0,3,4,72" ten="267,379,121,233" oya="0" hai0="66,125,52,34,67,32,9,94,47,126,130,6,42" hai1="35,91,131,132,14,110,120,57,78,8,12,109,58" hai2="99,54,41,88,73,87,46,10,107,69,93,92,30" hai3="80,45,97,102,128,100,63,76,1,25,4,20,61"/><T70/><D130/><U2/><E35/><N who="0" m="13353" /><D70/><U31/><E31/><V59/><F69/><W16/><G128/><T50/><D42/><U44/><E131/><V43/><F30/><W33/><G33/><T19/><D19/><U27/><E91/><V106/><F73/><W7/><G102/><T89/><D89/><U122/><E44/><V26/><F26/><W11/><G45/><T82/><D94/><U105/><E27/><V95/><F10/><W24/><G7/><T108/><D82/><U98/><E8/><V127/><F127/><N who="0" m="48650" /><D108/><U71/><E71/><V29/><F29/><W103/><G103/><T117/><D117/><U79/><E98/><V56/><F41/><W115/><G115/><T48/><D48/><U129/><E129/><V123/><F107/><W111/><G111/><T13/><AGARI ba="0,0" hai="6,9,13,47,50,52,66,67" m="48650,13353" machi="13" ten="30,3000,0" yaku="18,1,54,1" doraHai="72" who="0" fromWho="0" sc="267,30,379,-10,121,-10,233,-10" /><INIT seed="4,1,0,3,4,131" ten="297,369,111,223" oya="0" hai0="14,52,133,40,74,87,39,54,117,38,27,115,129" hai1="51,89,50,22,132,97,43,4,88,119,130,44,32" hai2="1,65,125,49,28,47,35,122,8,78,99,135,83" hai3="59,126,86,11,7,92,106,98,36,12,76,18,70"/><T79/><D74/><U108/><E32/><V110/><F122/><W21/><G70/><T60/><D117/><U84/><E108/><V112/><F110/><W69/><G69/><T107/><D107/><U53/><E119/><V41/><F112/><W102/><G36/><T109/><D115/><U15/><E130/><V103/><F125/><W24/><G126/><T91/><D109/><U75/><E75/><V66/><F35/><W73/><G73/><T55/><D60/><U104/><E104/><V127/><F28/><W118/><G118/><T33/><D79/><U46/><E132/><V61/><F61/><W5/><G59/><T57/><D57/><U31/><E97/><V81/><F81/><N who="3" m="47399" /><G106/><T56/><D56/><U96/><E96/><V42/><F42/><W48/><G48/><T16/><D129/><U100/><E100/><V105/><F127/><W111/><G111/><T121/><D121/><U19/><E31/><AGARI ba="1,0" hai="5,7,11,12,18,21,24,31,92,98,102" m="47399" machi="31" ten="30,1000,0" yaku="8,1" doraHai="131" who="3" fromWho="1" sc="297,0,369,-13,111,0,223,13" /><INIT seed="5,0,0,3,5,94" ten="297,356,111,236" oya="1" hai0="15,111,52,54,105,38,108,103,8,6,42,43,68" hai1="53,56,69,72,85,89,106,112,4,90,132,82,66" hai2="37,62,128,58,9,114,70,118,107,134,35,91,84" hai3="3,120,125,45,46,119,44,30,123,26,17,126,74"/><U1/><E72/><V27/><F9/><W57/><G74/><T25/><D68/><U129/><E4/><V65/><F118/><W102/><G119/><T49/><D54/><U14/><E1/><V47/><F107/><W36/><G36/><T11/><D25/><U86/><E66/><V109/><F109/><W71/><G71/><T48/><D38/><U5/><E69/><V31/><F134/><W18/><G3/><T130/><D130/><U117/><E106/><V19/><F128/><W12/><G57/><T0/><D48/><U41/><E41/><V100/><F100/><W64/><G64/><T73/><D73/><U113/><E117/><V98/><F19/><W97/><G18/><T93/><D105/><U101/><E101/><V24/><F24/><W131/><G131/><T13/><D0/><U135/><E129/><V77/><F77/><W16/><G17/><N who="0" m="8359" /><D108/><U104/><E104/><V33/><F33/><W51/><G51/><T88/><D103/><U60/><E14/><V80/><F114/><N who="1" m="44137" /><E5/><V21/><F70/><W81/><G81/><AGARI ba="0,0" hai="53,56,60,81,82,85,86,89,90,132,135" m="44137" machi="81" ten="30,1500,0" yaku="15,1" doraHai="94" who="1" fromWho="3" sc="297,0,356,15,111,0,236,-15" /><INIT seed="5,1,0,0,2,69" ten="297,371,111,221" oya="1" hai0="5,39,26,78,101,4,121,86,122,17,35,118,44" hai1="98,73,81,27,108,38,74,64,3,66,31,96,13" hai2="57,58,8,14,20,100,29,41,89,18,84,124,83" hai3="128,132,90,46,30,49,47,104,37,105,7,85,76"/><U9/><E3/><V2/><F124/><W99/><G132/><T117/><D101/><U111/><E38/><V45/><F100/><W123/><G123/><N who="0" m="47115" /><D78/><U116/><E116/><N who="0" m="44649" /><D86/><U32/><E96/><V114/><F114/><W21/><G76/><T6/><D44/><U125/><E125/><V120/><F120/><W60/><G46/><T134/><D134/><U53/><E53/><V25/><REACH who="2" step="1"/><F2/><REACH who="2" ten="297,371,101,221" step="2"/><W133/><G133/><T93/><D93/><U52/><E81/><V19/><F19/><W97/><G104/><T24/><D17/><U33/><E111/><V11/><F11/><W91/><G105/><T72/><D6/><U71/><E9/><V130/><F130/><W109/><G7/><T110/><D5/><U102/><E102/><V135/><F135/><W113/><G128/><T63/><D4/><U80/><E80/><V10/><F10/><W77/><G113/><T127/><D127/><U115/><E108/><V34/><F34/><W0/><G0/><T16/><D16/><U107/><E32/><V23/><F23/><W48/><G21/><T62/><D35/><U95/><E115/><V106/><F106/><W75/><G109/><T103/><D103/><U126/><E107/><V67/><F67/><W51/><G30/><T15/><D110/><U61/><E66/><V88/><F88/><W112/><G90/><T65/><D65/><U59/><E126/><V43/><F43/><N who="3" m="23023" /><G112/><T129/><D129/><U42/><E42/><V92/><F92/><W50/><G91/><T1/><D1/><U79/><E33/><V94/><F94/><W36/><G77/><RYUUKYOKU ba="1,1" sc="297,-10,371,-10,101,30,221,-10" hai2="8,14,18,20,25,29,41,45,57,58,83,84,89" /><INIT seed="6,2,1,3,2,121" ten="287,361,131,211" oya="2" hai0="26,5,22,51,61,135,11,7,59,13,109,33,113" hai1="43,29,126,68,66,60,35,91,56,24,88,1,128" hai2="32,77,69,6,31,67,54,129,48,104,107,8,19" hai3="93,0,119,86,82,99,9,14,114,96,47,27,85"/><V102/><F129/><W57/><G0/><T123/><D123/><U112/><E1/><V97/><F19/><W4/><G119/><T25/><D113/><U108/><E108/><V40/><F40/><W101/><G114/><T37/><D37/><U125/><E112/><V71/><F77/><W81/><G99/><T103/><D109/><U12/><E128/><V75/><F75/><W23/><G47/><T84/><D135/><U78/><E78/><V115/><F115/><W117/><G117/><T89/><D103/><U70/><E43/><V38/><F38/><W55/><G82/><T20/><D33/><U87/><E12/><V46/><F107/><W118/><G81/><N who="0" m="49295" /><D51/><U100/><E100/><V130/><F130/><W105/><G105/><T64/><D7/><U21/><E35/><V72/><F72/><W122/><G122/><T116/><D116/><U52/><E91/><V44/><F67/><W76/><G76/><T94/><D94/><N who="1" m="54559" /><E66/><V92/><F104/><W131/><G118/><T120/><D120/><U34/><E34/><V79/><F79/><W30/><REACH who="3" step="1"/><G131/><REACH who="3" ten="287,361,131,201" step="2"/><T28/><D28/><U58/><E58/><N who="2" m="33095" /><F31/><W111/><G111/><T132/><D132/><U134/><E134/><V65/><F32/><W90/><G90/><T36/><D36/><U80/><E80/><V42/><F42/><W63/><AGARI ba="2,2" hai="4,9,14,23,27,30,55,57,63,85,86,93,96,101" machi="63" ten="20,5200,0" yaku="1,1,0,1,7,1,8,1,53,0" doraHai="121" doraHaiUra="133" who="3" fromWho="3" sc="287,-15,361,-15,131,-28,201,78" /><INIT seed="7,0,0,0,1,60" ten="272,346,103,279" oya="3" hai0="94,14,95,4,70,68,132,25,9,107,92,50,61" hai1="108,104,74,88,133,55,77,6,20,62,15,21,85" hai2="126,96,17,7,71,127,118,84,26,48,53,134,47" hai3="91,32,22,75,39,112,78,49,121,125,45,113,69"/><W131/><G32/><T123/><D123/><U41/><E104/><V27/><F7/><W67/><G121/><T8/><D107/><U79/><E74/><V128/><F118/><W97/><G39/><T33/><D132/><U98/><E133/><V80/><F96/><W3/><G3/><T51/><D9/><N who="1" m="4535" /><E41/><V31/><F134/><W65/><G69/><T13/><D13/><U90/><E90/><V28/><F128/><W30/><G131/><T58/><D70/><U109/><E98/><V44/><F71/><W82/><G125/><T115/><D68/><U5/><E5/><V116/><F116/><W35/><G35/><T89/><D115/><N who="3" m="44105" /><G22/><N who="1" m="8810" /><E109/><V38/><F38/><W122/><G30/><T111/><D111/><U59/><E108/><V110/><F110/><W72/><G72/><T34/><D34/><U124/><E124/><V114/><F114/><W76/><G76/><T36/><D36/><U18/><E18/><V119/><F119/><W23/><G23/><T24/><D33/><U42/><E42/><V52/><F17/><W106/><G122/><T54/><REACH who="0" step="1"/><D89/><REACH who="0" ten="262,346,103,279" step="2"/><U100/><E100/><V37/><F37/><W101/><G91/><T40/><D40/><AGARI ba="0,1" hai="40,45,49,65,67,75,78,82,97,101,106" m="44105" machi="40" ten="30,5800,0" yaku="15,1,52,2" doraHai="60" who="3" fromWho="0" sc="262,-58,346,0,103,0,279,68" owari="204,-20.0,346,15.0,103,-40.0,347,45.0" /></mjloggm>