<mjloggm ver="2.3"><GO type="41" lobby="0"/><UN n0="%E3%81%A1%E3%81%B3%E3%82%86%E3%81%84%E3%81%82%E3%81%9A%E2%99%AA%E2%99%AA" n1="%E3%81%8A%E3%81%B1%E3%81%B4%E3%82%88%E3%82%93" n2="%E5%B0%B1%E6%B4%BB%E7%94%9F%40%E5%B7%9D%E6%9D%91%E8%BB%8D%E5%9B%A3" n3="%58%50%45%52%49%41%4E" dan="13,15,15,13" rate="1925.88,1887.53,2002.52,2006.68" sx="F,M,M,M"/><TAIKYOKU oya="0"/><INIT seed="0,0,0,5,1,63" ten="250,250,250,250" oya="0" hai0="7,99,132,27,127,15,36,6,81,93,91,24,57" hai1="65,112,64,28,68,85,69,75,97,107,82,80,26" hai2="106,31,123,73,37,49,41,102,60,121,72,89,48" hai3="32,18,104,13,131,23,67,53,88,21,50,76,118"/><T134/><D36/><U51/><E75/><V12/><F37/><W77/><G118/><T44/><D127/><U114/><E51/><V119/><F119/><W38/><G38/><T47/><D81/><N who="1" m="31339" /><E97/><V101/><F106/><W129/><G32/><T109/><D15/><U9/><E107/><V78/><F60/><W11/><G104/><T20/><D57/><U55/><E55/><V25/><F12/><W35/><G35/><T86/><D99/><U103/><E103/><V115/><F115/><N who="1" m="44073" /><E9/><V90/><F25/><W117/><G117/><T87/><D109/><U111/><E85/><V66/><F41/><W5/><G23/><T17/><D27/><U30/><E111/><V1/><F1/><W10/><G10/><T43/><D86/><U74/><E74/><V133/><F133/><N who="0" m="51306" /><D43/><U98/><E98/><V105/><F105/><W116/><G116/><T39/><D39/><U95/><E95/><V42/><F42/><W71/><G77/><T113/><D113/><U108/><E108/><V122/><F78/><W58/><G76/><T92/><D93/><U34/><E28/><V22/><F123/><W120/><G120/><T29/><D29/><U126/><E126/><V3/><F3/><W33/><G33/><T110/><D110/><U40/><E40/><V84/><F84/><W14/><REACH who="3" step="1"/><G88/><REACH who="3" ten="250,250,250,240" step="2"/><T46/><AGARI ba="0,1" hai="6,7,17,20,24,44,46,47,87,91,92" m="51306" machi="46" ten="30,1500,0" yaku="20,1" doraHai="63" who="0" fromWho="0" sc="250,25,250,-5,250,-5,240,-5" /><INIT seed="0,1,0,1,4,73" ten="275,245,245,235" oya="0" hai0="102,91,66,56,4,60,132,10,35,99,65,101,13" hai1="0,121,92,80,89,128,36,112,22,50,100,24,7" hai2="87,134,90,58,95,86,28,11,116,23,25,41,19" hai3="32,115,78,81,113,133,46,96,37,51,94,129,111"/><T131/><D35/><U84/><E36/><V125/><F116/><W8/><G37/><T77/><D132/><U119/><E121/><V61/><F134/><W29/><G133/><T106/><D131/><U43/><E128/><V88/><F125/><W74/><G129/><T52/><D102/><U64/><E64/><V109/><F109/><W57/><G111/><T117/><D117/><U123/><E123/><V103/><F103/><W49/><G8/><T68/><D91/><U17/><E112/><V104/><F104/><W55/><G29/><T85/><REACH who="0" step="1"/><D68/><REACH who="0" ten="265,245,245,235" step="2"/><U40/><E89/><V122/><F122/><W26/><G32/><T9/><D9/><U69/><E100/><V12/><F41/><W63/><G26/><T135/><D135/><U54/><E24/><V67/><REACH who="2" step="1"/><F90/><REACH who="2" ten="265,245,235,235" step="2"/><W5/><G115/><T48/><D48/><U110/><E43/><V21/><F21/><W93/><G51/><T27/><D27/><U38/><E40/><V30/><F30/><W72/><G113/><T70/><D70/><U1/><E50/><V2/><F2/><W107/><G49/><T124/><D124/><U33/><E69/><V83/><F83/><AGARI ba="1,2" hai="4,10,13,52,56,60,65,66,77,83,85,99,101,106" machi="83" ten="40,7700,0" yaku="1,1,52,1,54,1,53,0" doraHai="73" doraHaiUra="39" who="0" fromWho="2" sc="265,100,245,0,235,-80,235,0" /><INIT seed="0,2,0,3,3,78" ten="365,245,155,235" oya="0" hai0="115,82,35,53,54,119,4,114,24,70,127,123,125" hai1="84,26,134,14,106,11,77,68,121,100,44,87,17" hai2="47,72,108,130,25,56,58,23,107,21,118,51,42" hai3="101,38,102,73,135,91,57,60,31,12,133,9,46"/><T117/><D4/><U88/><E121/><V15/><F108/><W2/><G2/><T63/><D24/><U95/><E68/><V66/><F118/><N who="0" m="45066" /><D35/><U104/><E134/><N who="3" m="51210" /><G73/><T74/><D123/><U129/><E129/><V30/><F130/><W49/><G38/><T80/><D74/><U67/><E67/><V122/><F107/><W50/><G31/><T22/><D22/><U0/><E100/><N who="3" m="38506" /><G46/><T96/><D96/><U10/><E44/><V29/><F122/><W3/><G91/><T86/><D86/><U37/><E0/><V83/><F66/><N who="3" m="39183" /><G3/><T27/><D27/><U79/><E37/><V103/><F103/><W90/><G90/><T59/><D70/><U98/><E104/><V126/><F126/><N who="0" m="48138" /><D54/><U105/><E106/><V76/><REACH who="2" step="1"/><F30/><REACH who="2" ten="365,245,145,235" step="2"/><W89/><G89/><T36/><D36/><U55/><E88/><V33/><F33/><W8/><G8/><T41/><D41/><U1/><E11/><V39/><F39/><W45/><G45/><T48/><D48/><U64/><E10/><V112/><F112/><AGARI ba="2,1" hai="53,59,63,80,82,112,114,115" m="48138,45066" machi="112" ten="40,7700,0" yaku="18,1,52,2" doraHai="78" who="0" fromWho="2" sc="365,93,245,0,145,-83,235,0" /><INIT seed="0,3,0,2,1,135" ten="458,245,62,235" oya="0" hai0="84,128,12,8,40,103,10,2,41,33,93,11,51" hai1="111,79,123,66,38,17,24,85,56,132,88,109,76" hai2="46,64,1,28,15,61,99,31,69,14,75,58,90" hai3="114,86,100,39,113,96,82,131,108,35,43,34,47"/><T94/><D33/><U62/><E38/><V60/><F1/><W7/><G108/><N who="1" m="41546" /><E132/><V134/><F75/><W23/><G131/><T53/><D2/><U71/><E71/><V55/><F134/><W72/><G72/><T67/><D67/><U0/><E0/><V125/><F125/><W91/><G7/><T52/><D128/><U98/><E98/><V118/><F118/><W129/><G129/><T110/><D110/><U44/><E44/><V112/><F112/><W87/><G113/><T36/><D36/><U19/><E123/><V104/><F46/><W97/><G97/><N who="0" m="59823" /><D12/><U25/><E24/><V22/><F104/><W32/><G114/><T26/><D26/><U80/><E25/><V3/><F3/><W6/><G6/><T70/><D70/><U73/><E76/><V18/><F14/><W48/><G39/><T5/><D5/><U121/><E121/><V9/><F22/><W74/><G74/><T20/><D20/><U49/><E49/><V122/><F122/><W63/><G63/><T4/><D4/><U126/><E126/><V83/><F99/><W37/><G37/><T13/><D13/><U127/><E127/><V130/><F130/><W42/><G42/><N who="0" m="16491" /><D51/><U50/><E50/><V133/><F133/><W30/><G35/><T117/><D117/><U105/><E105/><V29/><F29/><W101/><G34/><T78/><D78/><U45/><E45/><V106/><F106/><W107/><G32/><T115/><D115/><U116/><E116/><V68/><F68/><W65/><G107/><T124/><D124/><U16/><E73/><RYUUKYOKU ba="3,0" sc="458,10,245,10,62,10,235,-30" hai0="8,10,11,52,53,84,94" hai1="16,17,19,56,62,66,79,80,85,88" hai2="9,15,18,28,31,55,58,60,61,64,69,83,90" /><INIT seed="0,4,0,5,5,58" ten="468,255,72,205" oya="0" hai0="126,127,19,56,37,30,80,114,134,81,35,65,112" hai1="113,47,51,71,46,106,24,2,33,5,87,97,27" hai2="59,85,70,120,84,63,100,7,25,61,45,72,22" hai3="48,13,125,110,82,116,88,111,29,117,92,91,130"/><T10/><D37/><U41/><E71/><V115/><F72/><W62/><G125/><N who="0" m="47627" /><D35/><U31/><E113/><N who="0" m="43625" /><D30/><U17/><E87/><N who="2" m="33355" /><F70/><W109/><G130/><T118/><D118/><U89/><E46/><V68/><F68/><W119/><G29/><T1/><D134/><U128/><E24/><V129/><F129/><W32/><G32/><T4/><D19/><U96/><E17/><N who="2" m="12495" /><F120/><W15/><G82/><T98/><D98/><U57/><E97/><V131/><F131/><W55/><G91/><T78/><D78/><U36/><E89/><V102/><F115/><W67/><G55/><T69/><D69/><U121/><E96/><V44/><F7/><W9/><G9/><T38/><D38/><U49/><E5/><V6/><F59/><N who="3" m="37343" /><G48/><T14/><D1/><U122/><E36/><V104/><F104/><W43/><G43/><T54/><D65/><U94/><E106/><V66/><F66/><W75/><G75/><T132/><D132/><U11/><E2/><V16/><F6/><W76/><G76/><T90/><D90/><U3/><E33/><V105/><F105/><W52/><G52/><T18/><D4/><U123/><E3/><V26/><F45/><W79/><G79/><T50/><AGARI ba="4,0" hai="10,14,18,50,54,56,80,81" m="43625,47627" machi="50" ten="30,1500,0" yaku="18,1" doraHai="58" who="0" fromWho="0" sc="468,27,255,-9,72,-9,205,-9" /><INIT seed="0,5,0,0,5,74" ten="495,246,63,196" oya="0" hai0="91,11,75,30,72,58,115,0,9,132,123,112,125" hai1="114,36,51,29,56,44,12,80,10,31,33,16,77" hai2="14,27,42,134,79,43,1,39,76,49,2,57,133" hai3="121,34,38,100,8,17,68,53,93,106,127,119,96"/><T94/><D123/><U105/><E105/><V130/><F39/><W110/><G119/><T66/><D30/><U67/><E33/><V20/><F14/><W28/><G68/><T70/><D70/><U40/><E114/><V92/><F92/><W82/><G38/><T128/><D0/><N who="2" m="106" /><F130/><W117/><G117/><T60/><D128/><U41/><E41/><N who="2" m="15371" /><F57/><W48/><G121/><T111/><D125/><U73/><E36/><V46/><F46/><W52/><G127/><T120/><D120/><U59/><E67/><V47/><F47/><W116/><G116/><T124/><D124/><U4/><E59/><V26/><F49/><W50/><G106/><T62/><D132/><N who="2" m="50794" /><F26/><W95/><G95/><T129/><D129/><U37/><E56/><V108/><F108/><W97/><G110/><T18/><D111/><U54/><E51/><V86/><F86/><W90/><G50/><T118/><D118/><U126/><E126/><V135/><N who="2" m="50802" /><V15/><DORA hai="87" /><F15/><N who="3" m="7399" /><G48/><T83/><D94/><U71/><E71/><V6/><F6/><W104/><G82/><T122/><D83/><U69/><E69/><V88/><F88/><W5/><G5/><T98/><D91/><U85/><E85/><V23/><F20/><W61/><G104/><T102/><D122/><U32/><E44/><V107/><F107/><W55/><G97/><T84/><D98/><U99/><E37/><V131/><F131/><W109/><G109/><T78/><D84/><U101/><E99/><V113/><F113/><W24/><G90/><T7/><D115/><U65/><E31/><AGARI ba="5,0" hai="23,27,31,76,79" m="50802,15371,106" machi="31" ten="50,6400,0" yaku="20,1,52,2" doraHai="74,87" who="2" fromWho="1" sc="495,0,246,-79,63,79,196,0" /><INIT seed="1,0,0,4,3,15" ten="495,167,142,196" oya="1" hai0="9,53,11,59,42,93,48,105,69,36,84,20,131" hai1="44,14,113,46,119,114,110,118,65,7,115,107,92" hai2="134,29,108,130,28,72,6,71,89,81,34,61,19" hai3="57,82,31,90,4,94,91,70,51,25,33,32,21"/><U43/><E107/><V3/><F108/><W111/><G70/><T87/><D105/><U122/><E110/><V117/><F117/><N who="1" m="44553" /><E14/><V13/><F130/><W83/><G111/><T97/><D69/><U80/><E7/><V39/><F134/><W0/><G91/><T99/><D131/><U100/><E100/><V120/><F39/><W106/><G106/><T123/><D123/><U1/><E1/><V96/><F120/><W12/><G33/><T132/><D132/><U23/><E23/><V129/><F129/><W75/><G75/><T116/><D116/><U64/><E92/><V74/><F3/><W62/><G51/><T38/><D20/><U98/><E98/><V68/><F6/><W67/><G0/><T24/><D24/><U40/><E80/><V95/><F34/><W101/><G32/><T102/><D99/><U18/><E18/><V78/><F72/><W2/><G2/><T128/><D128/><U55/><E55/><V60/><F71/><W54/><G54/><T126/><D9/><U5/><E5/><V73/><F73/><W103/><G103/><T85/><D11/><U112/><N who="1" m="29184" /><DORA hai="16" /><U58/><E58/><V8/><REACH who="2" step="1"/><F68/><REACH who="2" ten="495,167,132,196" step="2"/><W47/><G101/><T49/><D102/><U79/><E122/><V77/><F77/><W45/><G83/><T125/><D87/><U86/><E79/><V104/><F104/><W109/><G82/><T50/><D85/><U17/><E86/><V63/><AGARI ba="0,1" hai="8,13,19,28,29,60,61,63,74,78,81,89,95,96" machi="63" ten="30,7900,0" yaku="1,1,0,1,52,1,53,1" doraHai="15,16" doraHaiUra="124,76" who="2" fromWho="2" sc="495,-20,167,-39,132,89,196,-20" /><INIT seed="2,0,0,0,1,86" ten="475,128,221,176" oya="2" hai0="93,60,20,107,113,133,79,50,31,12,88,83,18" hai1="94,92,24,112,75,55,56,40,1,9,3,8,2" hai2="53,99,32,89,25,71,96,91,26,15,6,85,47" hai3="76,124,64,27,111,44,128,34,123,73,14,134,127"/><V19/><F71/><W100/><G123/><T48/><D107/><U13/><E112/><V119/><F119/><W118/><G118/><T10/><D113/><U105/><E75/><V115/><F115/><W78/><G134/><T110/><D133/><U63/><E105/><V132/><F132/><W36/><G111/><T4/><D110/><U70/><E40/><V90/><F6/><W131/><G64/><T5/><D31/><U102/><E102/><V97/><F32/><W54/><G100/><T16/><D60/><U41/><E41/><V46/><F85/><W80/><G76/><T116/><D116/><U84/><E24/><N who="2" m="9323" /><F53/><W77/><G14/><N who="0" m="9303" /><D83/><U21/><E21/><AGARI ba="0,0" hai="15,19,21,46,47,89,90,91,96,97,99" m="9323" machi="21" ten="30,11600,0" yaku="8,1,52,3" doraHai="86" who="2" fromWho="1" sc="475,0,128,-116,221,116,176,0" /><INIT seed="2,1,0,1,0,36" ten="475,12,337,176" oya="2" hai0="55,6,93,68,25,104,2,101,88,134,119,71,84" hai1="109,113,51,9,129,61,77,14,97,0,116,80,127" hai2="37,117,11,70,52,132,128,65,106,112,22,48,21" hai3="91,87,44,131,49,28,1,10,74,54,27,41,78"/><V135/><F37/><W63/><G131/><T31/><D119/><U92/><E129/><V19/><F106/><W108/><G108/><T23/><D134/><N who="2" m="51242" /><F117/><W17/><G74/><T123/><D123/><U58/><E116/><V50/><F128/><W32/><G78/><T114/><D114/><U57/><E109/><V133/><F112/><W118/><G118/><T20/><D2/><U82/><E113/><V33/><F33/><W72/><G72/><T5/><D23/><N who="2" m="8714" /><F50/><W26/><G26/><T73/><D73/><U96/><E51/><V30/><F30/><W4/><G17/><T43/><D101/><U102/><E0/><V89/><F89/><W13/><G1/><T66/><D104/><U90/><E127/><V100/><F100/><W40/><REACH who="3" step="1"/><G63/><REACH who="3" ten="475,12,337,166" step="2"/><T103/><D5/><U81/><E77/><V7/><F133/><W86/><G86/><T42/><D6/><U120/><E61/><N who="2" m="40239" /><F19/><W15/><G15/><T130/><D130/><U46/><E120/><V29/><F29/><W98/><G98/><T64/><D31/><U95/><REACH who="1" step="1"/><E46/><REACH who="1" ten="475,2,337,166" step="2"/><N who="2" m="27671" /><F7/><AGARI ba="1,2" hai="7,9,14,57,58,80,81,82,90,92,95,96,97,102" machi="7" ten="40,2600,0" yaku="1,1,8,1,53,0" doraHai="36" doraHaiUra="47" who="1" fromWho="2" sc="475,0,2,49,337,-29,166,0" /><INIT seed="3,0,0,2,1,110" ten="475,51,308,166" oya="3" hai0="132,109,103,95,70,87,68,94,119,96,97,120,116" hai1="101,108,80,25,58,71,36,126,52,41,131,62,106" hai2="66,90,113,65,7,34,28,1,100,18,127,117,30" hai3="43,47,13,55,21,83,129,22,81,11,114,84,99"/><W128/><G55/><T98/><D109/><U85/><E108/><V51/><F117/><W93/><G114/><T89/><D120/><U91/><E131/><N who="3" m="50250" /><G83/><T46/><D46/><U92/><E126/><V26/><F127/><W115/><G115/><T38/><D38/><U69/><E25/><V54/><F30/><W130/><N who="3" m="50258" /><W33/><DORA hai="67" /><G33/><T27/><D27/><U17/><E17/><V77/><F113/><W5/><G93/><T72/><D72/><U35/><E35/><V57/><F77/><N who="3" m="46127" /><G99/><T111/><D111/><U15/><E15/><V104/><F104/><W74/><G74/><T39/><D98/><U40/><E106/><V56/><F100/><W49/><AGARI ba="0,0" hai="5,11,13,21,22,43,47,49" m="46127,50258" machi="49" ten="40,3900,0" yaku="25,1,19,1" doraHai="110,67" who="3" fromWho="3" sc="475,-13,51,-13,308,-13,166,39" /><INIT seed="3,1,0,5,5,85" ten="462,38,295,205" oya="3" hai0="107,14,100,84,7,60,49,33,35,93,119,44,124" hai1="81,108,11,26,71,114,64,1,109,135,74,42,76" hai2="3,46,36,5,10,99,66,125,32,78,58,113,129" hai3="80,28,88,57,34,121,40,77,72,12,52,30,21"/><W68/><G121/><T13/><D119/><U18/><E114/><V39/><F32/><W92/><G68/><T50/><D107/><U63/><E135/><V110/><F113/><W133/><G34/><T95/><D60/><U101/><E42/><V97/><F110/><W22/><G40/><T134/><D134/><U82/><E26/><V123/><F123/><W128/><G133/><T102/><D84/><U2/><E18/><V37/><F125/><W0/><G0/><T6/><D44/><U51/><E51/><V75/><F129/><W23/><G12/><T111/><D124/><U94/><E94/><V16/><F46/><W17/><G17/><T38/><D38/><U43/><E101/><V98/><F78/><W91/><G128/><T20/><D20/><U65/><E82/><V8/><F75/><W55/><G55/><T4/><D4/><U105/><E105/><V15/><REACH who="2" step="1"/><F58/><REACH who="2" ten="462,38,285,205" step="2"/><W31/><REACH who="3" step="1"/><G92/><REACH who="3" ten="462,38,285,195" step="2"/><T47/><D111/><U130/><E130/><V27/><F27/><W104/><G104/><T103/><D14/><U122/><E122/><V56/><F56/><W79/><G79/><T127/><D13/><U48/><E109/><V87/><F87/><W89/><G89/><T83/><D127/><U29/><E108/><V61/><F61/><AGARI ba="1,2" hai="21,22,23,28,30,31,52,57,61,72,77,80,88,91" machi="61" ten="40,18000,2" yaku="1,1,52,2,54,2,53,2" doraHai="85" doraHaiUra="86" who="3" fromWho="2" sc="462,0,38,0,285,-183,195,203" /><INIT seed="3,2,0,2,4,49" ten="462,38,102,398" oya="3" hai0="57,32,29,115,77,30,54,73,95,10,122,110,106" hai1="28,103,1,53,92,27,124,52,36,33,111,51,85" hai2="86,82,76,63,47,11,24,134,39,99,121,119,66" hai3="48,81,78,83,70,31,75,133,98,101,20,50,19"/><W37/><G70/><T127/><D110/><U18/><E36/><V94/><F119/><W89/><G37/><T42/><D122/><U84/><E1/><V79/><F121/><W58/><G31/><T96/><D106/><U41/><E111/><V117/><F117/><W21/><G133/><T34/><D42/><U56/><E124/><V116/><F116/><W107/><G58/><T91/><D127/><U93/><E41/><V25/><F134/><W114/><G114/><T105/><D115/><U104/><E104/><V59/><F76/><W128/><G128/><T97/><D10/><U90/><E33/><V131/><F131/><W6/><G6/><T125/><D125/><U44/><E28/><V40/><REACH who="2" step="1"/><F11/><REACH who="2" ten="462,38,92,398" step="2"/><W68/><G68/><T135/><D135/><U113/><E113/><V64/><F64/><W87/><REACH who="3" step="1"/><G21/><REACH who="3" ten="462,38,92,388" step="2"/><T102/><D57/><U88/><E56/><V109/><F109/><W108/><G108/><T112/><D29/><U0/><E0/><V120/><F120/><W100/><G100/><AGARI ba="2,2" hai="24,25,39,40,47,59,63,66,79,82,86,94,99,100" machi="100" ten="30,2000,0" yaku="1,1,7,1,53,0" doraHai="49" doraHaiUra="67" who="2" fromWho="3" sc="462,0,38,0,92,46,388,-26" /><INIT seed="4,0,0,0,2,42" ten="462,38,138,362" oya="0" hai0="94,92,71,88,48,26,124,125,133,50,98,72,28" hai1="93,122,29,5,21,22,56,110,62,23,51,101,43" hai2="32,104,68,95,53,89,105,75,102,64,134,79,116" hai3="128,47,25,6,112,36,34,131,63,65,103,31,12"/><T106/><D71/><U37/><E122/><V2/><F2/><W18/><G112/><T109/><D72/><U78/><E5/><V82/><F32/><W57/><G6/><T76/><D76/><U30/><E78/><V58/><F116/><W3/><G3/><T83/><D83/><U73/><E73/><V49/><F134/><W1/><G1/><T127/><D133/><U69/><E110/><V74/><F74/><W90/><G103/><T41/><D109/><U55/><E101/><V108/><F108/><W100/><G100/><N who="0" m="62743" /><D41/><U7/><E93/><N who="0" m="35945" /><D88/><U118/><E118/><V113/><F113/><W4/><G4/><T15/><D15/><U97/><E97/><V132/><F132/><W77/><G77/><T70/><D70/><U115/><E115/><V24/><F102/><W19/><G90/><T85/><D85/><U0/><E0/><V44/><F68/><W107/><G107/><T66/><D66/><N who="1" m="41175" /><E7/><V123/><F123/><W16/><REACH who="3" step="1"/><G12/><REACH who="3" ten="462,38,138,352" step="2"/><T9/><D127/><U59/><E59/><V91/><F105/><W17/><N who="3" m="4608" /><DORA hai="99" /><W13/><G13/><T38/><D125/><U67/><E67/><V117/><F104/><W39/><G39/><T11/><D38/><U33/><E33/><V46/><F91/><W129/><G129/><T87/><D124/><U40/><E37/><V135/><F117/><W45/><G45/><T27/><D9/><U114/><E114/><V81/><F135/><W60/><G60/><T119/><D11/><U96/><E96/><V14/><F14/><W120/><G120/><T80/><D119/><U86/><E86/><RYUUKYOKU ba="0,1" sc="462,-15,38,15,138,-15,352,15" hai1="21,22,23,29,30,40,43,51,55,56" hai3="25,31,34,36,47,57,63,65,128,131" /><INIT seed="5,1,1,2,5,83" ten="447,53,123,367" oya="1" hai0="60,23,113,12,70,14,105,71,91,92,28,74,9" hai1="5,16,109,49,17,72,37,20,90,131,39,121,130" hai2="13,32,53,75,112,128,123,58,57,45,111,52,84" hai3="40,80,96,115,69,29,33,41,30,19,54,134,81"/><U36/><E121/><V55/><F75/><W94/><G69/><T102/><D74/><U67/><E72/><V82/><F111/><W62/><G115/><T25/><D113/><U110/><E67/><V6/><F128/><N who="1" m="49193" /><E5/><V2/><F2/><W89/><G134/><T4/><D105/><U10/><E49/><N who="2" m="28719" /><F32/><W34/><G34/><T0/><D102/><U101/><E101/><V24/><F112/><W38/><G19/><N who="1" m="7242" /><E10/><N who="2" m="4311" /><F24/><W63/><G38/><N who="1" m="9730" /><U99/><DORA hai="120" /><E20/><V117/><F117/><W44/><G33/><T100/><D100/><U87/><E99/><V108/><F108/><W31/><G96/><T104/><D71/><U119/><E119/><V124/><F124/><W133/><G31/><T21/><D21/><U43/><E43/><V66/><F123/><W106/><G41/><T27/><D70/><U22/><E22/><V61/><F58/><W116/><G29/><T59/><D23/><U7/><E7/><V85/><F84/><W97/><G30/><T65/><D28/><U125/><E125/><V46/><F46/><W18/><G44/><T126/><D126/><U42/><E42/><V79/><AGARI ba="1,1" hai="53,55,57,61,66,79,82,85" m="4311,28719" machi="79" ten="30,4000,0" yaku="8,1,52,1,54,1" doraHai="83,120" who="2" fromWho="2" sc="447,-11,53,-21,123,53,367,-11" /><INIT seed="6,0,0,0,1,97" ten="436,32,176,356" oya="2" hai0="120,78,27,68,108,69,79,34,62,47,40,135,81" hai1="122,25,4,85,7,119,53,18,17,43,103,71,22" hai2="32,129,65,128,131,59,107,88,70,64,24,26,126" hai3="111,94,35,60,3,84,5,101,82,55,61,80,49"/><V96/><F126/><W89/><G35/><T21/><D120/><U20/><E119/><V10/><F70/><W75/><G111/><T67/><D34/><U93/><E122/><V52/><F10/><W115/><G115/><T116/><D108/><U14/><E71/><V13/><F13/><W41/><G41/><T127/><D116/><U72/><E72/><V66/><F32/><W124/><G124/><T83/><D127/><U11/><E43/><V31/><F31/><W38/><G38/><T90/><D69/><U29/><E53/><V44/><F44/><N who="3" m="28071" /><G3/><T0/><D0/><U123/><E123/><V105/><F105/><W118/><G75/><T2/><D2/><U23/><E85/><V56/><F56/><W30/><G118/><T73/><D90/><U87/><E87/><V37/><F37/><W58/><G82/><T134/><D83/><U16/><REACH who="1" step="1"/><E4/><REACH who="1" ten="436,22,176,356" step="2"/><V104/><F104/><W77/><G5/><T6/><D6/><U12/><E12/><V86/><F107/><W46/><G84/><T132/><D73/><U15/><E15/><V51/><F96/><AGARI ba="0,1" hai="7,11,14,16,17,18,20,22,23,25,29,93,96,103" machi="96" ten="40,8000,1" yaku="1,1,8,1,52,1,54,1,53,0" doraHai="97" doraHaiUra="113" who="1" fromWho="2" sc="436,0,22,90,176,-80,356,0" /><INIT seed="7,0,0,4,1,13" ten="436,112,96,356" oya="3" hai0="12,134,62,39,6,45,127,115,83,109,38,3,77" hai1="30,43,19,120,27,121,68,101,96,49,44,70,41" hai2="111,106,5,86,88,97,95,89,47,103,126,50,92" hai3="114,15,117,72,76,75,78,113,64,9,61,18,7"/><W67/><G117/><T107/><D109/><U32/><E19/><V57/><F111/><W73/><G7/><T52/><D107/><U91/><E91/><V14/><F126/><W40/><G40/><T110/><D110/><U129/><E41/><V84/><F57/><W102/><G102/><T46/><D127/><U24/><E24/><V132/><F132/><W105/><G105/><T8/><D134/><U65/><E129/><V112/><F112/><N who="3" m="43115" /><G67/><T128/><D115/><U93/><REACH who="1" step="1"/><E65/><REACH who="1" ten="436,102,96,356" step="2"/><V58/><F58/><AGARI ba="0,1" hai="9,15,18,58,61,64,72,73,75,76,78" m="43115" machi="58" ten="40,3900,0" yaku="15,1,52,1" doraHai="13" who="3" fromWho="2" sc="436,0,102,0,96,-39,356,49" /><INIT seed="7,1,0,5,2,63" ten="436,102,57,405" oya="3" hai0="133,32,18,130,4,37,123,80,9,8,52,11,134" hai1="58,114,31,104,66,131,86,20,125,110,89,55,94" hai2="13,121,75,109,83,25,54,0,97,115,120,98,56" hai3="108,47,77,28,26,73,78,129,49,116,96,46,60"/><W111/><G116/><T43/><D123/><U59/><E104/><V3/><F109/><N who="3" m="42059" /><G129/><T88/><D130/><U19/><E131/><V79/><F115/><W64/><G96/><T48/><D32/><U112/><E125/><V27/><F13/><W119/><G119/><T76/><D88/><U23/><E110/><V50/><F97/><W61/><G61/><T35/><D35/><U51/><E66/><V128/><F128/><W44/><G49/><T102/><D102/><U30/><E23/><V69/><F69/><N who="3" m="42119" /><G73/><N who="0" m="43023" /><D18/><U40/><E40/><V127/><F127/><W106/><G106/><T85/><D85/><U2/><E2/><V5/><F98/><W29/><G29/><T103/><D103/><U33/><E31/><V67/><F67/><W14/><G14/><N who="0" m="5383" /><D43/><U22/><E30/><V36/><F36/><W42/><G42/><T107/><D107/><U68/><E68/><V124/><F124/><W45/><N who="3" m="11776" /><DORA hai="117" /><W92/><G92/><T113/><D113/><U21/><E112/><V10/><REACH who="2" step="1"/><F0/><REACH who="2" ten="436,102,47,405" step="2"/><W12/><G12/><T101/><D37/><U91/><E114/><V70/><F70/><W7/><G7/><T87/><D134/><U41/><E33/><AGARI ba="1,1" hai="26,28,33,77,78" m="11776,42119,42059" machi="33" ten="40,3900,0" yaku="10,1,52,1" doraHai="63,117" who="3" fromWho="1" sc="436,0,102,-42,47,0,405,52" owari="436,24.0,60,-34.0,47,-45.0,457,55.0" /></mjloggm>