<mjloggm ver="2.3"><GO type="169" lobby="0"/><UN n0="%E3%81%B5%E3%81%98%E3%81%8A" n1="%E5%85%AC%E5%8B%99%E5%93%A1%E3%81%8F%E3%82%93" n2="%74%61%6E%61%4B%61%E8%8A%8B%E5%AD%90" n3="%E3%82%A6%E3%83%AB%E3%83%88%E3%83%A9%E7%AB%8B%E7%9B%B4" dan="17,16,16,17" rate="2206.17,2087.58,2043.12,2175.13" sx="M,F,F,M"/><TAIKYOKU oya="0"/><INIT seed="0,0,0,2,5,10" ten="250,250,250,250" oya="0" hai0="116,100,0,8,130,30,49,45,127,131,118,73,60" hai1="62,82,38,94,68,12,124,58,123,17,50,107,90" hai2="77,119,43,71,112,125,114,42,93,39,81,104,88" hai3="2,34,11,55,21,78,27,40,97,98,31,103,80"/><T128/><D73/><U1/><E38/><V87/><F71/><W105/><G97/><T18/><D127/><U108/><E107/><V29/><F29/><W113/><G113/><T66/><D100/><U121/><E82/><V36/><F125/><W20/><G55/><N who="0" m="30127" /><D30/><U69/><E1/><V53/><F119/><W22/><G40/><T9/><D0/><U67/><E108/><V106/><F106/><W74/><G2/><T101/><D101/><U26/><E26/><V19/><F104/><W15/><REACH who="3" step="1"/><G34/><REACH who="3" ten="250,250,250,240" step="2"/><T24/><D116/><U85/><E124/><V134/><F43/><W4/><AGARI ba="0,1" hai="4,11,15,20,21,22,27,31,74,78,80,98,103,105" machi="4" ten="20,8000,1" yaku="1,1,2,1,0,1,7,1,52,1,53,0" doraHai="10" doraHaiUra="33" who="3" fromWho="3" sc="250,-40,250,-20,250,-20,240,90" /><INIT seed="1,0,0,2,5,125" ten="210,230,230,330" oya="1" hai0="128,1,132,31,113,38,96,123,2,65,58,69,52" hai1="130,7,82,17,115,27,36,118,72,67,8,131,19" hai2="4,0,117,119,122,28,61,103,54,127,91,100,107" hai3="55,63,9,124,50,10,85,71,33,34,41,12,51"/><U109/><E36/><V98/><F122/><W90/><G124/><T18/><D113/><U126/><E115/><V21/><F127/><W68/><G63/><T11/><D123/><U86/><E126/><V37/><F37/><W111/><G111/><T83/><D38/><U106/><E72/><V14/><F0/><W116/><G116/><T74/><D31/><U84/><E106/><V15/><F103/><W62/><G62/><T134/><D65/><U129/><E118/><V24/><F91/><W78/><G78/><N who="0" m="44503" /><D69/><U57/><E109/><V22/><F14/><W76/><G76/><T56/><D56/><U110/><E110/><V70/><F4/><W95/><G33/><T3/><D96/><U94/><E94/><V121/><F121/><W40/><G34/><T80/><D80/><U59/><E86/><V16/><REACH who="2" step="1"/><F54/><REACH who="2" ten="210,230,220,330" step="2"/><W79/><G55/><T77/><D2/><N who="1" m="119" /><E67/><AGARI ba="0,1" hai="15,16,21,22,24,28,61,67,70,98,100,107,117,119" machi="67" ten="40,2600,0" yaku="1,1,54,1,53,0" doraHai="125" doraHaiUra="81" who="2" fromWho="1" sc="210,0,230,-26,220,36,330,0" /><INIT seed="2,0,0,5,1,68" ten="210,204,256,330" oya="2" hai0="13,43,33,50,67,10,63,49,97,25,53,125,11" hai1="35,117,20,114,80,78,32,129,106,28,115,83,60" hai2="91,55,103,119,19,69,5,75,82,64,37,62,52" hai3="86,95,92,133,71,18,90,98,111,70,104,45,26"/><V4/><F119/><W3/><G104/><T41/><D125/><U15/><E117/><V77/><F103/><W100/><G3/><T118/><D118/><U88/><E106/><V132/><F37/><W134/><G111/><T105/><D50/><U54/><E129/><V24/><F91/><W99/><G86/><T87/><D10/><U110/><E110/><V2/><F132/><N who="3" m="50795" /><G45/><T102/><D87/><U29/><E35/><V44/><F44/><W126/><G126/><T127/><D127/><U116/><E32/><V58/><F2/><W30/><G18/><T22/><D33/><AGARI ba="0,0" hai="26,30,33,70,71,90,92,95,98,99,100" m="50795" machi="33" ten="30,1000,0" yaku="20,1" doraHai="68" who="3" fromWho="0" sc="210,-10,204,0,256,0,330,10" /><INIT seed="3,0,0,5,2,133" ten="200,204,256,340" oya="3" hai0="86,21,100,54,73,48,44,84,4,29,60,130,134" hai1="117,90,6,65,7,17,39,52,13,37,75,66,45" hai2="63,89,15,99,23,94,31,16,128,58,76,108,2" hai3="97,85,105,46,107,36,51,18,116,126,93,19,10"/><W67/><G36/><T91/><D73/><U132/><E75/><V109/><F2/><W127/><G116/><T124/><D134/><U8/><E117/><V125/><F76/><W106/><G67/><N who="1" m="25610" /><E37/><V77/><F77/><W135/><G85/><T131/><D4/><N who="1" m="1579" /><E39/><V72/><F72/><W24/><G135/><T119/><D119/><U22/><E132/><V92/><F128/><N who="0" m="49194" /><D100/><U114/><E114/><V101/><F31/><W80/><G80/><T14/><D60/><U62/><E90/><V98/><REACH who="2" step="1"/><F125/><REACH who="2" ten="200,204,246,340" step="2"/><N who="3" m="47627" /><G10/><T74/><D74/><U71/><E71/><V33/><F33/><W53/><G24/><T83/><D124/><U5/><E5/><V87/><F87/><W27/><G27/><N who="0" m="16623" /><D86/><U69/><E69/><V123/><F123/><W120/><G120/><T25/><D25/><U115/><E115/><V59/><F59/><W118/><G118/><T56/><D14/><U32/><E32/><V3/><F3/><W111/><G111/><T28/><D28/><U47/><E8/><V9/><F9/><W78/><G78/><T88/><D91/><AGARI ba="0,1" hai="18,19,46,51,53,91,93,97,105,106,107" m="47627" machi="91" ten="40,12000,1" yaku="18,1,52,3" doraHai="133" who="3" fromWho="0" sc="200,-120,204,0,246,0,340,130" /><INIT seed="3,1,0,4,0,113" ten="80,204,246,470" oya="3" hai0="1,22,102,20,49,29,83,74,120,4,67,109,39" hai1="76,95,99,50,89,85,119,30,18,21,13,132,33" hai2="41,130,93,88,26,72,15,36,55,73,25,103,124" hai3="66,110,100,112,131,81,52,108,51,40,116,87,11"/><W82/><G112/><T28/><D39/><U70/><E132/><V5/><F130/><W53/><G131/><T27/><D120/><U135/><E70/><V63/><F103/><W24/><G66/><T129/><D67/><U122/><E122/><V78/><F124/><W34/><G34/><T6/><D102/><U114/><E114/><V128/><F128/><W37/><G100/><T7/><D49/><U32/><E135/><V9/><F36/><W134/><G134/><T133/><D83/><U97/><E76/><V38/><F78/><W91/><G37/><T59/><D59/><U96/><E30/><N who="0" m="11881" /><D74/><U35/><REACH who="1" step="1"/><E50/><REACH who="1" ten="80,194,246,470" step="2"/><V10/><F38/><W90/><G51/><T31/><D133/><U43/><E43/><V92/><F41/><W12/><G40/><T123/><D129/><U65/><E65/><V106/><F73/><W98/><G53/><T23/><D123/><U121/><E121/><V16/><F72/><W104/><G52/><T60/><D60/><U17/><E17/><V44/><F55/><W79/><G79/><T42/><D42/><U47/><E47/><V84/><F44/><W8/><G104/><T57/><D57/><U94/><E94/><N who="2" m="54535" /><F106/><W19/><G82/><T48/><D48/><U56/><E56/><V125/><F63/><W117/><G81/><T45/><D45/><U61/><E61/><V77/><F77/><W80/><G80/><T127/><D127/><U58/><E58/><V3/><F125/><W101/><G19/><T115/><D115/><U62/><E62/><V75/><F75/><W2/><G101/><T118/><D31/><RYUUKYOKU ba="1,1" sc="80,-15,194,15,246,15,470,-15" hai1="13,18,21,32,33,35,85,89,95,96,97,99,119" hai2="3,5,9,10,15,16,25,26,92,93" /><INIT seed="4,2,1,0,1,14" ten="65,209,261,455" oya="0" hai0="12,16,64,111,99,33,102,74,61,108,19,42,50" hai1="21,52,98,37,135,119,26,11,85,93,29,49,94" hai2="18,80,81,79,78,83,103,20,134,65,45,59,51" hai3="96,68,129,86,4,57,131,30,87,32,113,48,17"/><T105/><D74/><U109/><E37/><V5/><F5/><W22/><G68/><N who="0" m="41999" /><D33/><U62/><E109/><N who="0" m="42057" /><D12/><U100/><E119/><V34/><F103/><W25/><G4/><T82/><D82/><U124/><E124/><V90/><F134/><W39/><G39/><T91/><D91/><N who="1" m="53487" /><E135/><V76/><F90/><W41/><G113/><T58/><D58/><N who="1" m="33039" /><E62/><N who="2" m="38111" /><F34/><W126/><G57/><T75/><D75/><U117/><E117/><V6/><F6/><W28/><G126/><T122/><D122/><U116/><E116/><V24/><F79/><W23/><G32/><T36/><D36/><U27/><E27/><V60/><F60/><W67/><G25/><T104/><D104/><U128/><E128/><V114/><F114/><W77/><G129/><T43/><D43/><AGARI ba="2,1" hai="18,20,24,43,45,51,76,78,80,81,83" m="38111" machi="43" ten="30,2000,0" yaku="8,1,52,1" doraHai="14" who="2" fromWho="0" sc="65,-26,209,0,261,36,455,0" /><INIT seed="5,0,0,1,3,93" ten="39,209,297,455" oya="1" hai0="126,94,129,2,11,79,91,82,115,73,74,27,116" hai1="88,69,131,113,37,30,40,71,125,127,14,32,44" hai2="9,58,101,8,107,31,7,114,111,62,50,102,4" hai3="124,45,13,106,17,84,109,10,0,132,120,119,95"/><U29/><E14/><N who="2" m="5383" /><F107/><W122/><G106/><T63/><D116/><U80/><E113/><V59/><F111/><W21/><G109/><T67/><D115/><U121/><E121/><V92/><F31/><N who="1" m="11785" /><E32/><V89/><F114/><W65/><G119/><T66/><D129/><U70/><E80/><V24/><F24/><W56/><G124/><N who="1" m="47690" /><E131/><V123/><F123/><W12/><G132/><T38/><D126/><U33/><E33/><V133/><F133/><W83/><G0/><T86/><D38/><U68/><N who="1" m="17408" /><DORA hai="53" /><U98/><E88/><V19/><F7/><W49/><G83/><T117/><D117/><U54/><E54/><N who="2" m="32087" /><F9/><W42/><G10/><T36/><D36/><U52/><E52/><N who="2" m="34151" /><F19/><W72/><G120/><T25/><D74/><U104/><E104/><V105/><F105/><W108/><G72/><T81/><D81/><U134/><E134/><V20/><F20/><W48/><G122/><T135/><D135/><U6/><E6/><V16/><F16/><W28/><G13/><T35/><D35/><U43/><E43/><V3/><F3/><W103/><G28/><T47/><D2/><U100/><E100/><V112/><F112/><W76/><G108/><T99/><D73/><U41/><E41/><V97/><AGARI ba="0,0" hai="89,92,97,101,102" m="34151,32087,5383" machi="97" ten="30,8000,1" yaku="8,1,52,3,54,1" doraHai="93,53" who="2" fromWho="2" sc="39,-20,209,-40,297,80,455,-20" /><INIT seed="6,0,0,0,1,90" ten="19,169,377,435" oya="2" hai0="121,108,12,132,127,100,64,71,43,101,59,65,84" hai1="0,111,125,122,26,28,85,22,110,17,79,94,98" hai2="54,105,19,92,6,20,61,76,50,57,2,86,118" hai3="38,82,112,15,27,75,48,73,83,7,115,77,66"/><V102/><F105/><W113/><G38/><T63/><D108/><U4/><E125/><V74/><F74/><W68/><G27/><T104/><D121/><U67/><E122/><V52/><F118/><W42/><G66/><T36/><D127/><U34/><E67/><N who="2" m="39343" /><F2/><W120/><G68/><T80/><D132/><U78/><E85/><V81/><F6/><W13/><G120/><T33/><D65/><U24/><E79/><V91/><F50/><W69/><G69/><T39/><D71/><U49/><E49/><V128/><F128/><W103/><G103/><T106/><D33/><U123/><E78/><V95/><F76/><N who="3" m="44303" /><G7/><T16/><D39/><U114/><E123/><V117/><F117/><W129/><G129/><T30/><D30/><U1/><E114/><V93/><F102/><W31/><G31/><T40/><D36/><U72/><E72/><V131/><F131/><W35/><G35/><T89/><D106/><U135/><E135/><V21/><F21/><W56/><G42/><N who="0" m="15915" /><D104/><U37/><E37/><V55/><F55/><AGARI ba="0,0" hai="13,15,48,55,56,75,77,83,112,113,115" m="44303" machi="55" ten="30,2000,0" yaku="15,1,11,1" doraHai="90" who="3" fromWho="2" sc="19,0,169,0,377,-20,435,20" /><INIT seed="7,0,0,4,5,102" ten="19,169,357,455" oya="3" hai0="125,20,24,116,70,91,4,23,112,22,133,66,109" hai1="96,114,43,2,92,88,135,14,79,85,76,83,45" hai2="26,33,15,105,67,44,68,61,74,126,75,129,108" hai3="98,17,8,132,131,64,123,38,72,12,18,134,130"/><W46/><G98/><T103/><D103/><U56/><E2/><V50/><F108/><W57/><G72/><T95/><D66/><U59/><E114/><V27/><F129/><N who="3" m="49163" /><G18/><T118/><D70/><U77/><E135/><V100/><F126/><W101/><G101/><T71/><D71/><U9/><E45/><V107/><F15/><W124/><G123/><T21/><D91/><N who="1" m="51647" /><E43/><V63/><F63/><N who="3" m="37999" /><G124/><T82/><D95/><U93/><E93/><V119/><F119/><W110/><G110/><T97/><D97/><U78/><E78/><V122/><F122/><W113/><G113/><T52/><D82/><U58/><E58/><V49/><F100/><W39/><G39/><T31/><D125/><U127/><E127/><V60/><F68/><W65/><G65/><T117/><D109/><U28/><E28/><V37/><F67/><W32/><G32/><T0/><D112/><U6/><AGARI ba="0,0" hai="6,9,14,56,59,76,77,79,88,92,96" m="51647" machi="6" ten="30,2000,0" yaku="8,1,54,1" doraHai="102" who="1" fromWho="1" sc="19,-5,169,20,357,-5,455,-10" owari="14,-49.0,189,-21.0,352,15.0,445,55.0" /></mjloggm>