<mjloggm ver="2.3"><GO type="41" lobby="0"/><UN n0="%E3%82%A6%E3%83%AB%E3%83%88%E3%83%A9%E7%AB%8B%E7%9B%B4" n1="%73%75%6D%69%79%61" n2="%42%4A%E3%81%AE%54%59" n3="%6B%75%6B%65%6B%65%6B%65" dan="15,14,13,15" rate="1992.44,1969.13,1851.58,1982.66" sx="M,M,M,M"/><TAIKYOKU oya="0"/><INIT seed="0,0,0,3,1,24" ten="250,250,250,250" oya="0" hai0="92,119,105,39,106,109,126,95,96,107,63,77,93" hai1="98,131,13,87,22,55,62,88,116,101,19,135,32" hai2="83,56,125,91,122,17,90,44,47,130,50,59,20" hai3="104,3,31,99,67,46,58,73,51,26,0,64,43"/><T118/><D39/><U27/><E135/><V81/><F122/><W86/><G73/><T94/><D63/><U35/><E131/><V25/><F130/><W5/><G86/><T23/><D23/><U9/><E116/><V113/><F113/><W57/><G57/><N who="2" m="22089" /><F125/><W52/><G104/><T111/><D126/><U4/><E55/><N who="2" m="30151" /><F47/><W120/><G120/><T108/><D77/><U33/><E62/><V68/><F68/><W84/><G99/><T53/><D53/><U29/><E98/><V80/><AGARI ba="0,0" hai="17,20,25,80,81,83,90,91" m="30151,22089" machi="80" ten="30,1100,0" yaku="8,1" doraHai="24" who="2" fromWho="2" sc="250,-5,250,-3,250,11,250,-3" /><INIT seed="1,0,0,0,1,61" ten="245,247,261,247" oya="1" hai0="47,13,64,41,17,97,52,94,11,129,109,46,40" hai1="20,116,43,57,32,107,50,104,134,77,26,123,103" hai2="81,24,1,132,2,69,118,44,130,108,36,80,9" hai3="39,120,102,19,66,112,45,38,49,78,29,59,6"/><U22/><E123/><V34/><F118/><W8/><G120/><T100/><D109/><U92/><E116/><V83/><F69/><W106/><G29/><T131/><D131/><U76/><E134/><V65/><F108/><W28/><G28/><T15/><D129/><U23/><E32/><V90/><F130/><W84/><G19/><T101/><D101/><U53/><E26/><V122/><F122/><W35/><G35/><T115/><D115/><U58/><E43/><V98/><F132/><W0/><G102/><T30/><D30/><U54/><E107/><V10/><F65/><W93/><G106/><T87/><D87/><U82/><E104/><V72/><F72/><W21/><G21/><T125/><D125/><U126/><E126/><V62/><F62/><W3/><G3/><T105/><D105/><U14/><E14/><V48/><F36/><W95/><G95/><T114/><D114/><U121/><E121/><V73/><F73/><W99/><G84/><T135/><D135/><U16/><E16/><V91/><F98/><W27/><G78/><T96/><D96/><N who="1" m="59783" /><E82/><V70/><F70/><W18/><G112/><T111/><D15/><U63/><AGARI ba="0,0" hai="20,22,23,50,53,54,57,58,63,76,77" m="59783" machi="63" ten="30,1500,0" yaku="8,1" doraHai="61" who="1" fromWho="1" sc="245,-5,247,15,261,-5,247,-5" /><INIT seed="1,1,0,3,5,26" ten="240,262,256,242" oya="1" hai0="29,43,8,99,25,82,84,58,108,12,4,107,11" hai1="3,75,5,118,10,97,65,80,100,119,45,14,63" hai2="125,20,86,16,68,88,56,9,98,104,40,54,78" hai3="39,91,117,15,57,21,64,133,67,81,34,6,62"/><U122/><E122/><V53/><F68/><W30/><G34/><T51/><D108/><U47/><E14/><V70/><F70/><W72/><G39/><T38/><D38/><U113/><E113/><V7/><F125/><W90/><G67/><T96/><D107/><U23/><E23/><V126/><F126/><W76/><G133/><T132/><D132/><U135/><E47/><V37/><F78/><W2/><G2/><T128/><D128/><U22/><E22/><V0/><F37/><W49/><G117/><T123/><D123/><U1/><E3/><V52/><F40/><W66/><G66/><T31/><D11/><U13/><E13/><V48/><F98/><N who="0" m="37418" /><D25/><U92/><E135/><V36/><F104/><W41/><G41/><T44/><D58/><U94/><E94/><V27/><F36/><W110/><G110/><T60/><D60/><U69/><E45/><V127/><F127/><W109/><G49/><T111/><D111/><U33/><REACH who="1" step="1"/><E33/><REACH who="1" ten="240,252,256,242" step="2"/><V85/><F86/><W73/><G109/><T114/><D114/><U24/><E24/><V115/><F115/><W134/><G134/><T83/><D83/><AGARI ba="1,1" hai="0,7,9,16,20,27,48,52,53,54,56,83,85,88" machi="83" ten="30,7700,0" yaku="7,1,54,3" doraHai="26" who="2" fromWho="0" sc="240,-80,252,0,256,90,242,0" /><INIT seed="2,0,0,2,2,66" ten="160,252,346,242" oya="2" hai0="109,91,117,12,126,135,5,110,46,113,68,121,104" hai1="111,89,107,86,51,129,84,13,131,3,55,124,64" hai2="62,59,116,42,20,50,85,61,26,63,41,134,94" hai3="112,122,65,119,130,114,70,73,74,23,11,120,24"/><V47/><F116/><W60/><G119/><T1/><D12/><U44/><E107/><V16/><F134/><W32/><G11/><T0/><D91/><U95/><E111/><V15/><F41/><W82/><G130/><N who="1" m="49674" /><E3/><V87/><F26/><W29/><G23/><T2/><D5/><U77/><E124/><V80/><F94/><W103/><G103/><T133/><D46/><U81/><E64/><V54/><F87/><W76/><REACH who="3" step="1"/><G73/><REACH who="3" ten="160,252,346,232" step="2"/><T34/><D135/><U19/><E13/><V69/><F69/><W4/><G4/><T38/><D0/><U8/><E8/><V6/><F6/><W31/><G31/><T93/><D1/><U125/><E125/><V49/><F63/><W127/><G127/><T106/><D110/><U37/><E19/><V56/><F59/><W72/><G72/><T83/><D83/><U102/><E102/><V97/><REACH who="2" step="1"/><F97/><REACH who="2" ten="160,252,336,232" step="2"/><W17/><G17/><T9/><D93/><U99/><E99/><V79/><AGARI ba="0,2" hai="15,16,20,42,47,49,50,54,56,61,62,79,80,85" machi="79" ten="20,18000,2" yaku="1,1,2,1,0,1,7,1,8,1,54,1,53,0" doraHai="66" doraHaiUra="22" who="2" fromWho="2" sc="160,-60,252,-60,336,200,232,-60" /><INIT seed="2,1,0,5,4,10" ten="100,192,536,172" oya="2" hai0="21,91,44,94,92,3,57,4,81,5,98,9,76" hai1="6,131,73,52,27,90,47,72,84,58,119,61,116" hai2="103,7,49,128,110,107,11,87,88,45,111,101,95" hai3="83,109,122,105,19,70,28,67,75,117,135,97,36"/><V123/><F123/><W115/><RYUUKYOKU type="yao9" ba="1,0" sc="100,0,192,0,536,0,172,0" hai3="19,28,36,67,70,75,83,97,105,109,115,117,122,135" /><INIT seed="2,2,0,0,2,21" ten="100,192,536,172" oya="2" hai0="35,25,97,11,83,23,6,42,110,129,109,94,81" hai1="29,92,68,60,31,88,116,13,58,120,72,87,79" hai2="24,84,26,2,85,127,16,4,47,50,99,76,75" hai3="77,131,36,95,101,80,71,34,59,41,100,19,134"/><V38/><F38/><W78/><G71/><T115/><D35/><U45/><E68/><V113/><F113/><W117/><G77/><T62/><D42/><U27/><E116/><V9/><F127/><W63/><G101/><T108/><D129/><U119/><E31/><V46/><F75/><W69/><G69/><T64/><D115/><U65/><E119/><V67/><F67/><W74/><G117/><T0/><D62/><U51/><E120/><V55/><F99/><W90/><G100/><T33/><D33/><U52/><E72/><V93/><F16/><W44/><G34/><T17/><REACH who="0" step="1"/><D64/><REACH who="0" ten="90,192,536,172" step="2"/><U105/><E105/><V57/><F76/><W118/><G131/><T7/><D7/><U54/><E79/><V12/><F2/><W28/><G41/><T32/><D32/><U15/><E65/><V43/><F43/><W86/><G63/><T133/><D133/><U106/><E106/><V73/><F73/><W135/><G74/><T20/><D20/><AGARI ba="2,1" hai="13,15,20,27,29,45,51,52,54,58,60,87,88,92" machi="20" ten="30,8000,1" yaku="7,1,8,1,52,1,54,2" doraHai="21" who="1" fromWho="0" sc="90,-86,192,96,536,0,172,0" /><INIT seed="3,0,0,3,4,128" ten="4,288,536,172" oya="3" hai0="3,96,92,119,88,87,73,16,51,40,70,24,54" hai1="64,14,30,56,26,22,42,114,123,97,91,108,81" hai2="99,102,1,122,45,2,69,130,111,134,50,78,23" hai3="17,125,33,103,55,94,20,62,121,110,37,89,76"/><W79/><G121/><T38/><D70/><U11/><E114/><V105/><F130/><W60/><G33/><T107/><D3/><U68/><E108/><V65/><F111/><W27/><G110/><T41/><D119/><U83/><E68/><V0/><F122/><W86/><G37/><T71/><D71/><U61/><E42/><V43/><F134/><W13/><G125/><T101/><D38/><U112/><E112/><V95/><F78/><W131/><G131/><T120/><D73/><U10/><E10/><V31/><F105/><W6/><G103/><T28/><D120/><U44/><E44/><V36/><F36/><W35/><G35/><T58/><D16/><U48/><E48/><V127/><F127/><W5/><G62/><T7/><D7/><U90/><E123/><V32/><F32/><AGARI ba="0,0" hai="24,28,32,40,41,51,54,58,87,88,92,96,101,107" machi="32" ten="30,2000,0" yaku="7,1,54,1" doraHai="128" who="0" fromWho="2" sc="4,20,288,0,536,-20,172,0" /><INIT seed="4,0,0,2,0,5" ten="24,288,516,172" oya="0" hai0="128,98,12,6,123,132,66,101,13,130,10,49,114" hai1="24,28,42,17,119,59,39,37,27,97,129,25,68" hai2="78,83,63,104,36,26,88,100,38,84,52,71,9" hai3="86,96,125,94,107,33,18,109,110,46,31,121,40"/><T8/><D132/><U23/><E119/><V108/><F108/><W55/><G107/><T131/><D123/><U7/><E68/><V64/><F26/><W53/><G121/><T43/><D66/><U2/><E39/><V115/><F115/><W120/><G120/><T11/><D114/><U3/><E59/><V93/><F52/><W48/><G125/><T34/><D34/><U122/><E97/><V106/><F9/><N who="0" m="3690" /><D49/><U30/><E42/><V61/><F63/><W56/><G55/><T65/><D65/><U67/><E67/><V47/><F47/><W44/><G44/><T118/><D43/><U22/><E37/><V80/><F83/><W91/><G18/><T89/><D89/><U35/><E129/><N who="0" m="33025" /><T60/><DORA hai="102" /><D60/><U81/><E81/><V92/><F38/><W103/><G31/><T41/><D41/><U133/><E133/><V50/><F36/><W54/><G33/><T58/><D58/><U116/><E116/><V51/><F51/><W90/><G54/><T15/><D118/><U1/><E122/><V135/><F50/><N who="3" m="30775" /><G91/><T99/><D99/><U32/><E23/><V69/><F135/><W87/><G90/><T0/><D0/><U73/><E73/><V16/><F71/><W134/><G134/><T62/><D62/><U113/><E113/><V74/><REACH who="2" step="1"/><F16/><REACH who="2" ten="24,288,506,172" step="2"/><W126/><G110/><T4/><N who="0" m="3698" /><AGARI ba="0,1" hai="1,2,3,7,11,17,22,24,25,27,28,30,32,35" machi="11" ten="40,16000,3" yaku="3,1,9,1,35,6,52,1" doraHai="5,102" who="1" fromWho="0" sc="24,-160,288,170,506,0,172,0" owari="-136,-64.0,458,26.0,506,61.0,172,-23.0" /></mjloggm>