<mjloggm ver="2.3"><GO type="169" lobby="0"/><UN n0="%E3%82%A6%E3%83%AB%E3%83%88%E3%83%A9%E7%AB%8B%E7%9B%B4" n1="%E3%83%A4%E3%82%AD%E3%83%B3" n2="%41%70%70%6C%65%2A" n3="%E7%B7%9A%E5%BD%A2%E8%A8%88%E7%94%BB%E6%B3%95" dan="17,18,16,17" rate="2114.93,2187.81,2068.17,2175.33" sx="M,M,M,M"/><TAIKYOKU oya="0"/><INIT seed="0,0,0,0,4,33" ten="250,250,250,250" oya="0" hai0="80,7,113,20,38,43,130,86,132,21,127,129,36" hai1="104,55,128,2,61,77,15,133,83,134,88,90,102" hai2="71,116,48,6,45,47,124,75,19,100,5,78,17" hai3="118,99,9,12,79,68,95,112,22,87,67,24,98"/><T126/><D7/><U108/><E108/><V29/><F71/><W72/><G72/><T44/><D113/><U26/><E15/><V121/><F29/><W46/><G118/><T105/><D105/><U53/><E128/><N who="0" m="49257" /><D36/><U37/><E37/><V27/><F100/><W120/><G120/><T69/><D69/><U41/><E41/><V42/><F124/><N who="0" m="47658" /><D20/><U32/><E104/><V23/><F6/><W91/><G68/><T11/><D11/><U3/><E102/><V114/><F5/><W92/><G9/><T74/><D21/><U51/><E32/><V131/><F23/><W64/><G112/><T63/><D63/><U107/><E61/><V97/><F114/><W16/><G22/><T70/><D70/><U110/><E107/><V123/><F121/><W34/><G34/><T94/><D94/><U122/><E122/><V119/><F123/><W50/><G95/><T115/><D74/><U59/><E26/><V84/><F27/><W65/><G24/><T49/><D115/><U1/><E110/><V76/><F75/><W0/><G92/><T14/><D14/><U25/><E25/><V54/><F131/><W135/><G12/><T58/><D58/><U18/><E18/><V39/><F17/><W30/><G16/><T40/><D38/><U96/><E59/><V57/><F57/><W73/><G73/><T82/><D132/><N who="1" m="50795" /><E51/><V106/><F39/><W66/><G50/><N who="0" m="26887" /><D86/><N who="1" m="48495" /><E96/><N who="3" m="36906" /><G87/><T52/><D43/><U93/><E93/><V103/><F106/><W117/><N who="3" m="16384" /><DORA hai="89" /><W109/><G135/><T111/><D111/><U125/><E125/><V62/><F84/><RYUUKYOKU ba="0,0" sc="250,15,250,15,250,-15,250,-15" hai0="49,52,80,82" hai1="1,2,3,53,55,88,90" /><INIT seed="0,1,0,0,0,77" ten="265,265,235,235" oya="0" hai0="90,44,100,4,61,64,122,32,108,86,60,51,104" hai1="115,106,27,69,101,59,46,28,118,48,125,1,24" hai2="58,99,88,62,98,21,0,41,37,12,79,43,102" hai3="112,133,67,117,80,65,30,23,31,36,15,2,129"/><T70/><D122/><U73/><E69/><V75/><F0/><W74/><G117/><T18/><D32/><U116/><E1/><V22/><F37/><W105/><G2/><T85/><D4/><U81/><E59/><V68/><F68/><W124/><G36/><T94/><D108/><U71/><E71/><V50/><F79/><W84/><G74/><T120/><D120/><U3/><E3/><V95/><F75/><W56/><G105/><T127/><D127/><U82/><E73/><V25/><F12/><W10/><G133/><T38/><D61/><U110/><E106/><V63/><F63/><W83/><G84/><T20/><D100/><U16/><E101/><V87/><F99/><W14/><G129/><T89/><D38/><U128/><E118/><V107/><F50/><W92/><G92/><T49/><D44/><U97/><E97/><V93/><F107/><W11/><G56/><T53/><D53/><U123/><E116/><V66/><REACH who="2" step="1"/><F22/><REACH who="2" ten="265,265,225,235" step="2"/><W52/><G23/><T114/><D104/><U111/><E123/><V47/><F47/><W26/><G15/><T131/><D131/><U39/><E128/><V13/><F13/><W113/><G14/><T34/><D34/><N who="1" m="20743" /><E39/><V8/><F8/><W76/><G76/><T91/><D49/><U19/><E48/><V109/><F109/><W55/><G124/><T40/><D51/><U134/><E46/><V6/><F6/><W7/><G7/><T29/><D60/><U72/><E125/><V9/><F9/><W119/><G119/><T45/><D70/><U5/><E111/><V17/><AGARI ba="1,1" hai="17,21,25,41,43,58,62,66,87,88,93,95,98,102" machi="17" ten="20,12000,2" yaku="1,1,5,1,0,1,7,1,8,1,54,1,53,1" doraHai="77" doraHaiUra="54" who="2" fromWho="2" sc="265,-61,265,-31,225,133,235,-31" /><INIT seed="1,0,0,2,0,112" ten="204,234,358,204" oya="1" hai0="101,36,63,131,23,22,134,32,3,128,109,54,45" hai1="117,81,83,51,30,107,80,126,38,100,130,87,70" hai2="39,89,59,8,40,1,91,135,7,35,10,108,25" hai3="77,116,31,79,118,27,105,26,102,17,0,19,115"/><U28/><E38/><V42/><F108/><W37/><G115/><T66/><D32/><U103/><E70/><V68/><F68/><W15/><G0/><T64/><D3/><U132/><E107/><V20/><F135/><W9/><G37/><T69/><D23/><U56/><E132/><V106/><F35/><W4/><G102/><N who="1" m="38954" /><E117/><N who="3" m="45162" /><G105/><T113/><D22/><U60/><E126/><V78/><F78/><N who="3" m="29707" /><G26/><T82/><D101/><U33/><E33/><AGARI ba="0,0" hai="4,9,15,17,19,27,31,33" m="29707,45162" machi="33" ten="30,7700,0" yaku="12,1,52,3" doraHai="112" who="3" fromWho="1" sc="204,0,234,-77,358,0,204,77" /><INIT seed="2,0,0,2,0,40" ten="204,157,358,281" oya="2" hai0="107,92,105,73,74,108,7,31,8,118,20,67,35" hai1="135,55,18,84,114,48,38,71,41,109,59,95,119" hai2="93,80,15,5,103,21,34,106,124,46,100,96,11" hai3="78,50,53,99,94,86,9,47,52,126,57,25,19"/><V101/><F34/><W17/><G126/><T77/><D20/><U2/><E119/><V112/><F112/><W82/><G25/><N who="0" m="18927" /><D92/><U63/><E2/><V111/><F124/><W75/><G9/><T133/><D118/><U110/><E114/><V102/><F80/><W125/><G75/><T66/><D66/><N who="1" m="41439" /><E18/><V131/><F131/><W60/><G125/><T62/><D108/><N who="1" m="41579" /><E84/><V26/><F111/><W76/><G78/><T0/><D133/><U56/><E95/><V27/><F106/><N who="0" m="40458" /><D77/><U23/><E23/><V42/><REACH who="2" step="1"/><F21/><REACH who="2" ten="204,157,348,281" step="2"/><W87/><REACH who="3" step="1"/><G86/><REACH who="3" ten="204,157,348,271" step="2"/><T65/><D74/><U123/><E135/><V121/><F121/><W81/><G81/><T10/><D73/><U115/><E123/><V1/><F1/><W30/><G30/><T88/><D0/><U134/><E134/><V120/><F120/><W37/><G37/><AGARI ba="0,2" hai="5,11,15,26,27,37,42,46,93,96,100,101,102,103" machi="37" ten="40,3900,0" yaku="1,1,52,1,53,0" doraHai="40" doraHaiUra="132" who="2" fromWho="3" sc="204,0,157,0,348,59,271,-39" /><INIT seed="2,1,0,1,1,127" ten="204,157,407,232" oya="2" hai0="114,120,107,102,1,8,34,80,66,73,26,70,35" hai1="23,54,121,7,2,36,71,85,98,22,133,53,104" hai2="50,84,0,126,90,4,37,134,28,82,33,132,94" hai3="9,117,60,59,128,17,72,113,97,40,51,81,130"/><V129/><F37/><W25/><G117/><T14/><D120/><U65/><E36/><V83/><F126/><W131/><G113/><T58/><D58/><U47/><E121/><V24/><F4/><W135/><G135/><N who="2" m="51753" /><F0/><W75/><G97/><N who="0" m="61903" /><D14/><U77/><E85/><V45/><F129/><W16/><G81/><T76/><D114/><U31/><E23/><V105/><F105/><W44/><G9/><T11/><D11/><U74/><E54/><AGARI ba="1,0" hai="24,28,33,45,50,54,82,83,84,90,94" m="51753" machi="54" ten="30,1500,0" yaku="20,1" doraHai="127" who="2" fromWho="1" sc="204,0,157,-18,407,18,232,0" /><INIT seed="2,2,0,1,0,59" ten="204,139,425,232" oya="2" hai0="95,89,27,70,110,118,81,67,121,10,45,60,92" hai1="65,79,43,57,61,117,0,19,113,78,46,131,34" hai2="39,125,73,119,69,127,126,28,87,49,44,103,21" hai3="128,9,93,6,33,77,90,64,38,42,52,14,98"/><V123/><F73/><W108/><G108/><T101/><D121/><U91/><E113/><V129/><F119/><W106/><G106/><T94/><D110/><U99/><E117/><V48/><F123/><W55/><G33/><T16/><D118/><U47/><E34/><V41/><F129/><W5/><G128/><T40/><D101/><U132/><E131/><V20/><F103/><W84/><G5/><T114/><D81/><U24/><E0/><V2/><F2/><W32/><G32/><T112/><D89/><U102/><E91/><V66/><F87/><W130/><G130/><T88/><D88/><U12/><E24/><N who="2" m="16391" /><F21/><W68/><G77/><T115/><D27/><U75/><E132/><V17/><F17/><W74/><G74/><T122/><D122/><U135/><E135/><V23/><F23/><W36/><G84/><T86/><D86/><U56/><E79/><V124/><F124/><W107/><G107/><T3/><D3/><U54/><E43/><V58/><F69/><W22/><G22/><T50/><REACH who="0" step="1"/><D114/><REACH who="0" ten="194,139,425,232" step="2"/><U4/><E102/><V13/><F13/><AGARI ba="2,1" hai="10,13,16,40,45,50,60,67,70,92,94,95,112,115" machi="13" ten="40,8000,1" yaku="1,1,2,1,52,1,54,1,53,0" doraHai="59" doraHaiUra="100" who="0" fromWho="2" sc="194,96,139,0,425,-86,232,0" /><INIT seed="3,0,0,1,3,72" ten="290,139,339,232" oya="3" hai0="134,71,27,67,23,44,92,2,91,84,111,74,11" hai1="15,77,37,66,82,78,58,106,109,7,0,118,26" hai2="56,9,115,31,29,21,73,99,1,107,128,90,6" hai3="10,19,119,104,48,133,28,97,33,80,120,101,126"/><W100/><G120/><T17/><D74/><U69/><E37/><V124/><F115/><W135/><G119/><T39/><D134/><U22/><E0/><V16/><F73/><W127/><G100/><T18/><D111/><U113/><E113/><V116/><F124/><N who="3" m="47659" /><G28/><T24/><D67/><U42/><E42/><V52/><F128/><W89/><G33/><T13/><D71/><U30/><E69/><V105/><F116/><W12/><G48/><T79/><D2/><U117/><E106/><V34/><F34/><W96/><G96/><T130/><D130/><U35/><E109/><V102/><F90/><W49/><G49/><T81/><D44/><U62/><E35/><V64/><F64/><W50/><G50/><T132/><D39/><U32/><E118/><V86/><F86/><AGARI ba="0,0" hai="10,12,19,80,86,89,97,101,104,133,135" m="47659" machi="86" ten="30,1500,0" yaku="18,1" doraHai="72" who="3" fromWho="2" sc="290,0,139,0,339,-15,232,15" /><INIT seed="3,1,0,4,2,118" ten="290,139,324,247" oya="3" hai0="129,45,3,65,47,10,49,69,117,113,115,36,15" hai1="75,126,52,43,41,48,8,27,7,99,6,100,120" hai2="23,111,68,77,102,25,83,4,112,28,30,29,127" hai3="0,119,35,55,124,62,123,74,51,133,80,79,132"/><W46/><G119/><T58/><D3/><U91/><E75/><V12/><F68/><W78/><G124/><T9/><D9/><U81/><E126/><V76/><F111/><W86/><G35/><T22/><D22/><U104/><E27/><V57/><F127/><W67/><G0/><T87/><D87/><U63/><E63/><V72/><F102/><W116/><G116/><T101/><D101/><U85/><E120/><V88/><F112/><W5/><G5/><T128/><D15/><U60/><E60/><V17/><F4/><W134/><G123/><T38/><D10/><U1/><REACH who="1" step="1"/><E7/><REACH who="1" ten="290,129,324,247" step="2"/><V33/><F72/><W73/><REACH who="3" step="1"/><G79/><REACH who="3" ten="290,129,324,237" step="2"/><T64/><D117/><U82/><E82/><V44/><F77/><W34/><G34/><T96/><D115/><U26/><E26/><V40/><F76/><W37/><G37/><T54/><D113/><U92/><E92/><V95/><F33/><W105/><G105/><T24/><D24/><U114/><E114/><V11/><F83/><W66/><G66/><T71/><D65/><U32/><E32/><V97/><F25/><W18/><G18/><T135/><D64/><U53/><E53/><V16/><F17/><W121/><G121/><T21/><D54/><U107/><E107/><V131/><F16/><W61/><G61/><T130/><D36/><U50/><E50/><V59/><F28/><W70/><AGARI ba="1,2" hai="46,51,55,62,67,70,73,74,78,80,86,132,133,134" machi="70" ten="30,6000,0" yaku="1,1,0,1,20,1,53,0" doraHai="118" doraHaiUra="89" who="3" fromWho="3" sc="290,-21,129,-21,324,-21,237,83" /><INIT seed="3,2,0,2,5,31" ten="269,108,303,320" oya="3" hai0="100,115,135,56,118,5,110,58,32,21,28,133,36" hai1="85,13,30,124,131,27,81,26,44,78,83,92,48" hai2="129,130,42,69,11,64,68,108,4,51,127,87,86" hai3="52,53,15,16,49,88,121,7,105,96,104,10,114"/><W132/><G121/><T59/><D36/><U73/><E124/><V33/><F108/><W66/><G114/><T54/><D118/><U57/><E131/><N who="2" m="50187" /><F127/><W101/><G132/><N who="0" m="50763" /><D110/><U43/><E92/><V72/><F72/><W0/><G66/><T91/><D100/><U98/><E98/><V23/><F23/><W67/><G67/><T99/><D5/><U80/><E57/><V8/><F33/><W71/><G71/><T34/><D115/><U40/><E40/><V25/><F25/><W122/><G122/><T95/><D54/><U20/><E73/><V41/><F11/><W103/><G103/><T6/><D6/><U112/><E112/><V35/><F35/><N who="0" m="13354" /><D21/><U65/><E65/><V82/><F64/><W22/><G53/><T128/><D128/><U134/><E134/><V62/><F68/><W38/><G38/><T70/><D28/><U37/><E37/><V120/><F4/><W3/><G101/><T39/><D39/><U89/><E27/><V106/><F69/><AGARI ba="2,0" hai="56,58,59,69,70,91,95,99" m="13354,50763" machi="69" ten="40,8000,1" yaku="20,1,52,3" doraHai="31" who="0" fromWho="2" sc="269,86,108,0,303,-86,320,0" /><INIT seed="4,0,0,5,2,46" ten="355,108,217,320" oya="0" hai0="22,81,12,23,3,106,58,60,0,57,96,63,18" hai1="76,29,72,70,6,15,62,50,78,28,27,11,64" hai2="123,49,115,44,79,2,8,43,97,116,102,52,128" hai3="95,69,13,55,33,94,16,10,129,48,40,119,39"/><T120/><D120/><U51/><E29/><V65/><F128/><W56/><G119/><T45/><D106/><U132/><E132/><V14/><F2/><W41/><G69/><T59/><D96/><U101/><E101/><V112/><F123/><W37/><G33/><T84/><D3/><U109/><E109/><V89/><F79/><W68/><G68/><T35/><D35/><U99/><E99/><V98/><F65/><W103/><G103/><T25/><D45/><U83/><REACH who="1" step="1"/><E76/><REACH who="1" ten="355,98,217,320" step="2"/><V124/><F116/><W61/><G129/><T21/><D0/><U110/><E110/><V47/><F124/><W130/><G130/><T66/><D66/><U36/><E36/><V19/><F102/><W135/><G37/><T107/><D107/><U90/><E90/><V133/><F133/><W77/><G39/><T118/><D118/><U126/><E126/><V53/><F89/><W105/><G77/><N who="0" m="46127" /><D25/><U67/><E67/><V100/><F100/><W26/><G105/><T114/><D114/><N who="2" m="43562" /><F53/><W134/><G134/><T17/><D12/><U127/><E127/><V32/><F32/><AGARI ba="0,1" hai="6,11,15,27,28,32,50,51,62,64,70,72,78,83" machi="32" ten="30,8000,1" yaku="1,1,7,1,52,2,53,1" doraHai="46" doraHaiUra="9" who="1" fromWho="2" sc="355,0,98,90,217,-80,320,0" /><INIT seed="5,0,0,1,4,24" ten="355,188,137,320" oya="1" hai0="17,37,67,49,87,5,63,111,14,42,26,130,93" hai1="94,41,16,84,100,31,112,27,120,39,72,4,62" hai2="74,48,32,77,126,57,28,22,92,96,88,29,53" hai3="64,91,110,3,66,132,52,78,73,56,58,121,108"/><U85/><E72/><V114/><F32/><W119/><G121/><T117/><D37/><U75/><E75/><V7/><F7/><W76/><G3/><T59/><D111/><U8/><E120/><V44/><F126/><W80/><G132/><T82/><D117/><U113/><E41/><V6/><F6/><W30/><G91/><T47/><D93/><U122/><E39/><V135/><F135/><W79/><G73/><T116/><D116/><U35/><E122/><V46/><F114/><N who="1" m="44137" /><E62/><V97/><F74/><W107/><G80/><T9/><D130/><U134/><E134/><V71/><F71/><W38/><G38/><T60/><D60/><U90/><E100/><V70/><F77/><W95/><G107/><T69/><D69/><U20/><E85/><N who="2" m="52239" /><F70/><W21/><G78/><T1/><D87/><U25/><E4/><V89/><F22/><W19/><G21/><N who="0" m="13615" /><D82/><U131/><E8/><V105/><F105/><W13/><G119/><T123/><D1/><U83/><E131/><V0/><F0/><W43/><G110/><T109/><D109/><U54/><E54/><N who="2" m="29975" /><F44/><W18/><G108/><T40/><D123/><U133/><E133/><V45/><F45/><W12/><G43/><AGARI ba="0,0" hai="5,9,14,40,42,43,47,49,59,63,67" m="13615" machi="43" ten="30,1000,0" yaku="8,1" doraHai="24" who="0" fromWho="3" sc="355,10,188,0,137,0,320,-10" /><INIT seed="6,0,0,5,0,36" ten="365,188,137,310" oya="2" hai0="9,76,40,67,17,21,66,98,84,12,1,109,57" hai1="95,128,103,43,108,118,125,72,121,0,79,100,58" hai2="6,112,8,105,55,4,49,50,28,116,73,24,91" hai3="110,97,60,120,7,27,99,32,38,68,19,64,42"/><V88/><F73/><W130/><G110/><T115/><D109/><U124/><E108/><V11/><F105/><W30/><G120/><T89/><D115/><U135/><E0/><V10/><F116/><W39/><G7/><T80/><D1/><U119/><E58/><V62/><F62/><W5/><G5/><T16/><D40/><U44/><E135/><V113/><F113/><W65/><G65/><T54/><D98/><N who="1" m="59487" /><E103/><V14/><F112/><W77/><G77/><T29/><D29/><U63/><E128/><V23/><F11/><W104/><G19/><T33/><D33/><U81/><E63/><V131/><F131/><W3/><G3/><T78/><D89/><N who="2" m="34378" /><F55/><W47/><G130/><T45/><D76/><U127/><E121/><V123/><F123/><W87/><G87/><T83/><D83/><U92/><E92/><V61/><F61/><W114/><G114/><T26/><D67/><U102/><E102/><V53/><F53/><W34/><G34/><T94/><D66/><U56/><E56/><V20/><F20/><W41/><G104/><T48/><D94/><U122/><E122/><V111/><F111/><W117/><G117/><T101/><D101/><U75/><E75/><V71/><F71/><W93/><G93/><T134/><D134/><U70/><E70/><V69/><F69/><W133/><G133/><T35/><D35/><U107/><E107/><V52/><F52/><W25/><G68/><T129/><D129/><U59/><E59/><AGARI ba="0,0" hai="9,12,16,17,21,26,45,48,54,57,59,78,80,84" machi="59" ten="40,2600,0" yaku="8,1,54,1" doraHai="36" who="0" fromWho="1" sc="365,26,188,-26,137,0,310,0" /><INIT seed="7,0,0,0,5,96" ten="391,162,137,310" oya="3" hai0="14,31,48,111,124,63,38,89,69,117,74,41,109" hai1="80,70,116,22,36,15,104,50,99,67,125,105,133" hai2="33,95,46,9,91,30,90,77,5,97,4,45,103" hai3="54,71,2,108,20,119,28,72,118,23,98,64,82"/><W0/><G108/><T110/><D117/><U135/><E36/><V75/><F30/><W120/><G120/><T8/><D74/><U59/><E116/><V88/><F33/><W24/><G119/><T123/><D123/><U19/><E125/><V127/><F127/><W40/><G118/><T10/><D10/><U1/><E1/><V93/><F77/><W52/><G40/><T39/><D124/><U3/><E3/><V56/><F56/><W42/><G42/><T101/><D101/><U18/><E70/><V86/><F75/><W128/><G128/><T126/><D126/><U29/><E29/><V6/><F9/><W7/><G98/><T130/><D89/><AGARI ba="0,0" hai="4,5,6,45,46,86,88,89,90,91,93,95,97,103" machi="89" ten="40,5200,0" yaku="8,1,52,1,54,1" doraHai="96" who="2" fromWho="0" sc="391,-52,162,0,137,52,310,0" owari="339,44.0,162,-34.0,189,-21.0,310,11.0" /></mjloggm>