<mjloggm ver="2.3"><GO type="97" lobby="0"/><UN n0="%E6%9C%A8%E5%B1%B1%E6%98%A5%E7%94%9F" n1="%E3%82%A6%E3%83%AB%E3%83%88%E3%83%A9%E7%AB%8B%E7%9B%B4" n2="%64%6F%6E%61%69" n3="%68%61%74%75%5F" dan="14,14,13,14" rate="1909.54,1977.87,1827.12,1976.97" sx="M,M,M,M"/><TAIKYOKU oya="0"/><INIT seed="0,0,0,4,4,87" ten="250,250,250,250" oya="0" hai0="103,21,76,17,107,120,131,67,94,112,33,115,50" hai1="27,36,53,72,118,64,3,100,12,59,1,73,28" hai2="110,91,88,78,19,90,133,83,96,124,54,119,95" hai3="66,75,30,18,86,55,40,77,7,116,9,11,97"/><T62/><D120/><U2/><E36/><V125/><F110/><W5/><G116/><T109/><D33/><U6/><E64/><V47/><F133/><W127/><G127/><T60/><D76/><U69/><E69/><V114/><F114/><W89/><G66/><T130/><D107/><U49/><E100/><V121/><F121/><W37/><G30/><T20/><D50/><U48/><E118/><V135/><F135/><W8/><G18/><T46/><D46/><U52/><E12/><V93/><F119/><W45/><G97/><N who="0" m="59831" /><D109/><U126/><E6/><V51/><F19/><W102/><G102/><T35/><D35/><U113/><E113/><V106/><F106/><W108/><G108/><T14/><D21/><U34/><REACH who="1" step="1"/><E126/><REACH who="1" ten="250,240,250,250" step="2"/><N who="2" m="48747" /><F96/><W32/><G5/><T25/><D14/><U117/><E117/><V0/><F0/><W58/><G7/><T24/><D24/><U98/><E98/><V99/><F99/><W111/><G111/><T123/><D123/><U122/><E122/><V42/><F42/><W85/><G40/><T23/><D115/><U39/><E39/><V74/><AGARI ba="0,1" hai="47,51,54,74,78,83,88,90,91,93,95" m="48747" machi="74" ten="30,8000,1" yaku="18,1,52,3,54,1" doraHai="87" who="2" fromWho="2" sc="250,-40,240,-20,250,90,250,-20" /><INIT seed="1,0,0,2,1,57" ten="210,220,340,230" oya="1" hai0="126,8,44,112,47,55,16,104,117,31,113,119,129" hai1="80,105,82,96,83,118,34,23,87,97,84,33,98" hai2="86,89,131,134,41,69,51,122,26,77,73,13,74" hai3="45,85,64,46,91,14,70,56,39,130,40,88,66"/><U5/><E5/><V100/><F122/><W79/><G70/><T107/><D31/><U78/><E23/><V128/><F69/><W59/><G130/><T30/><D30/><U116/><E105/><V22/><F100/><W124/><G124/><T29/><D29/><U37/><E37/><V106/><F106/><W63/><G45/><T6/><D6/><U108/><E108/><V50/><F134/><W95/><G14/><T68/><D68/><U1/><E1/><V101/><F101/><W81/><G95/><T99/><D8/><U28/><E28/><V36/><F13/><W123/><G123/><T4/><D4/><U18/><E18/><V109/><F109/><W3/><G3/><T20/><D16/><U2/><E2/><V135/><F135/><W132/><G132/><T10/><D20/><U67/><E67/><V35/><F35/><W71/><REACH who="3" step="1"/><G64/><REACH who="3" ten="210,220,340,220" step="2"/><T48/><D126/><U125/><E125/><V25/><F22/><W60/><G60/><T90/><D113/><U52/><E52/><V38/><F41/><W9/><G9/><T15/><D55/><U12/><E12/><V11/><F11/><W7/><G7/><T19/><D15/><U43/><E43/><V62/><F62/><W32/><G32/><T0/><D10/><U127/><E127/><V114/><F114/><W110/><G110/><T94/><D0/><U24/><E24/><V42/><F42/><W58/><AGARI ba="0,1" hai="39,40,46,56,58,59,63,66,71,79,81,85,88,91" machi="58" ten="30,7900,0" yaku="1,1,0,1,52,1,54,1,53,0" doraHai="57" doraHaiUra="21" who="3" fromWho="3" sc="210,-20,220,-39,340,-20,220,89" /><INIT seed="2,0,0,0,2,53" ten="190,181,320,309" oya="2" hai0="111,10,59,25,47,87,30,124,11,2,98,13,83" hai1="72,103,43,118,34,132,115,67,82,29,92,35,50" hai2="17,109,58,127,57,128,24,69,41,15,54,49,129" hai3="63,23,16,116,97,71,68,130,51,46,86,77,81"/><V105/><F69/><W7/><G116/><T9/><D124/><U80/><E118/><V93/><F127/><W131/><G7/><T79/><D47/><N who="1" m="25983" /><E72/><V31/><F105/><W52/><G97/><T4/><D111/><U0/><E0/><V6/><F41/><W65/><REACH who="3" step="1"/><G71/><REACH who="3" ten="190,181,320,299" step="2"/><T114/><D98/><N who="1" m="59847" /><E115/><V102/><F109/><W133/><G133/><T119/><D114/><U122/><E132/><V120/><F120/><W20/><G20/><T55/><D119/><U8/><E34/><V99/><F6/><W91/><G91/><T126/><D126/><U100/><E35/><V107/><F107/><W90/><G90/><T38/><D2/><U40/><E122/><V26/><F128/><W19/><G19/><T5/><D5/><U3/><E100/><V113/><F129/><W14/><AGARI ba="0,1" hai="14,16,23,46,51,52,63,65,68,77,81,86,130,131" machi="14" ten="30,8000,1" yaku="1,1,0,1,54,2,53,1" doraHai="53" doraHaiUra="61" who="3" fromWho="3" sc="190,-20,181,-20,320,-40,299,90" /><INIT seed="3,0,0,1,4,89" ten="170,161,280,389" oya="3" hai0="24,102,31,80,92,109,44,83,66,132,69,118,94" hai1="107,2,8,59,39,112,38,126,71,65,91,36,87" hai2="3,62,55,64,99,130,57,124,78,93,6,10,135" hai3="119,12,47,32,121,122,58,129,48,120,86,30,60"/><W22/><G119/><T16/><D118/><U116/><E107/><V41/><F124/><W37/><G129/><T101/><D132/><U29/><E116/><V123/><F130/><W75/><G75/><T25/><D109/><U98/><E112/><V114/><F135/><W84/><G37/><T73/><D69/><U9/><E126/><V115/><F78/><W104/><G104/><T19/><D66/><U106/><E71/><V26/><F41/><W61/><G32/><T20/><D44/><U34/><E34/><V51/><F123/><W45/><G45/><T74/><D20/><U7/><E29/><AGARI ba="0,0" hai="16,19,24,25,29,31,73,74,80,83,92,94,101,102" machi="29" ten="25,8000,1" yaku="22,2,52,2,54,1" doraHai="89" who="0" fromWho="1" sc="170,80,161,-80,280,0,389,0" owari="250,-15.0,81,-42.0,280,8.0,389,49.0" /></mjloggm>