<mjloggm ver="2.3"><GO type="41" lobby="0"/><UN n0="%E3%81%B5%E3%81%8A%E3%82%93%E3%83%BB%E3%82%B6%E3%83%BB%E5%A4%96%E9%81%93" n1="%E3%83%92%E3%83%87%E3%82%AA" n2="%E3%82%A6%E3%83%AB%E3%83%88%E3%83%A9%E7%AB%8B%E7%9B%B4" n3="%70%69%65%72%72%65%5F%41" dan="15,13,15,14" rate="1990.91,1898.75,1990.61,1930.12" sx="F,M,M,M"/><TAIKYOKU oya="0"/><INIT seed="0,0,0,2,5,101" ten="250,250,250,250" oya="0" hai0="82,13,76,89,67,134,34,64,91,96,85,125,98" hai1="50,55,81,18,39,109,57,120,113,24,36,53,27" hai2="17,122,124,93,44,83,106,132,35,86,3,61,62" hai3="19,129,131,71,45,37,0,49,105,14,118,90,6"/><T94/><D34/><U88/><E120/><V22/><F3/><W104/><G71/><T110/><D134/><U2/><E2/><V5/><F35/><W32/><G32/><T16/><D110/><U69/><E69/><V63/><F122/><W95/><G118/><T103/><D125/><U75/><E109/><V21/><F5/><W77/><G77/><T23/><REACH who="0" step="1"/><D76/><REACH who="0" ten="240,250,250,250" step="2"/><U127/><E127/><V30/><F124/><W73/><G73/><T12/><D12/><U41/><E113/><V87/><F132/><W97/><G0/><T25/><D25/><U111/><E111/><V116/><F30/><W1/><G1/><T92/><AGARI ba="0,1" hai="13,16,23,64,67,82,85,89,91,92,94,96,98,103" machi="92" ten="20,12000,1" yaku="1,1,0,1,7,1,8,1,54,1,53,0" doraHai="101" doraHaiUra="102" who="0" fromWho="0" sc="240,130,250,-40,250,-40,250,-40" /><INIT seed="0,1,0,0,0,83" ten="370,210,210,210" oya="0" hai0="132,78,11,103,96,99,125,129,51,73,102,89,61" hai1="79,39,114,117,3,94,124,72,36,106,42,75,6" hai2="31,115,85,55,80,59,16,7,105,18,109,101,43" hai3="25,47,118,71,22,87,10,57,86,15,1,19,30"/><T128/><D61/><U29/><E117/><V27/><F115/><W38/><G71/><T68/><D68/><U77/><E106/><V113/><F113/><W0/><G118/><T24/><D24/><U26/><E124/><V32/><F109/><W126/><G126/><T91/><D51/><U54/><E114/><V28/><F28/><W104/><G104/><T116/><D11/><U98/><E39/><V23/><F43/><W2/><REACH who="3" step="1"/><G57/><REACH who="3" ten="370,210,210,200" step="2"/><T76/><D116/><U33/><E36/><V67/><F105/><W122/><G122/><T34/><D125/><U63/><E42/><AGARI ba="1,1" hai="0,1,2,10,15,19,22,25,30,38,42,47,86,87" machi="42" ten="40,5200,0" yaku="1,1,52,2,53,0" doraHai="83" doraHaiUra="107" who="3" fromWho="1" sc="370,0,210,-55,210,0,200,65" /><INIT seed="1,0,0,1,5,48" ten="370,155,210,265" oya="1" hai0="35,68,57,54,77,112,13,95,132,16,100,101,67" hai1="41,110,5,113,44,82,65,3,111,23,135,83,11" hai2="97,108,30,71,17,47,88,19,24,37,76,64,14" hai3="119,120,66,98,130,79,27,93,20,125,7,81,9"/><U55/><E113/><V36/><F108/><N who="1" m="41513" /><E135/><V91/><F37/><W61/><G120/><T104/><D35/><U63/><E23/><V53/><F36/><W22/><G130/><T50/><D112/><U121/><E121/><V72/><F72/><W92/><G125/><T60/><D132/><U126/><E126/><V58/><F71/><W31/><G22/><T75/><D104/><U124/><E124/><V34/><F76/><W94/><G119/><T59/><D75/><U84/><E84/><V89/><F47/><W28/><G28/><T2/><D77/><U129/><E129/><V4/><F64/><W42/><G42/><T118/><D118/><U102/><E102/><V103/><F4/><W107/><G107/><T29/><D2/><U85/><E85/><V70/><F70/><W80/><G79/><T56/><D29/><U117/><E117/><V51/><REACH who="2" step="1"/><F14/><REACH who="2" ten="370,155,200,265" step="2"/><W8/><G7/><T123/><D123/><U52/><E83/><V73/><F73/><W96/><G66/><T15/><D15/><U38/><E82/><V12/><F12/><W109/><G80/><T106/><D106/><AGARI ba="0,1" hai="17,19,24,30,34,51,53,58,88,89,91,97,103,106" machi="106" ten="40,12000,2" yaku="1,1,52,1,54,1,53,3" doraHai="48" doraHaiUra="87" who="2" fromWho="0" sc="370,-120,155,0,200,130,265,0" /><INIT seed="2,0,0,0,0,103" ten="250,155,330,265" oya="2" hai0="65,119,64,13,71,24,18,80,68,128,12,72,129" hai1="134,58,28,31,132,117,1,9,67,10,32,133,50" hai2="100,25,114,36,62,111,22,17,16,91,0,66,86" hai3="49,43,20,123,45,109,46,85,55,3,47,34,131"/><V122/><F36/><W57/><G34/><T19/><D80/><U104/><E117/><V44/><F0/><W99/><G3/><T96/><D96/><U84/><E84/><V2/><F2/><W118/><G118/><T35/><D72/><U108/><E108/><V82/><F114/><W83/><G109/><T63/><D119/><U126/><E126/><V78/><F122/><W11/><G11/><T33/><D63/><U56/><E67/><V51/><F100/><W8/><G8/><N who="1" m="3178" /><E1/><V30/><F91/><W61/><G131/><T87/><REACH who="0" step="1"/><D24/><REACH who="0" ten="240,155,330,265" step="2"/><U15/><E15/><V39/><F111/><W27/><G99/><T4/><D4/><U105/><E50/><V77/><F39/><W102/><G123/><T124/><D124/><U110/><E110/><V42/><REACH who="2" step="1"/><F77/><REACH who="2" ten="240,155,320,265" step="2"/><N who="3" m="46319" /><G102/><T120/><D120/><U7/><E7/><V89/><F89/><W40/><G40/><T52/><D52/><U95/><E95/><V97/><F97/><W116/><G116/><T54/><D54/><U69/><E69/><AGARI ba="0,2" hai="16,17,22,25,30,42,44,51,62,66,69,78,82,86" machi="69" ten="30,5800,0" yaku="1,1,7,1,54,1,53,0" doraHai="103" doraHaiUra="94" who="2" fromWho="1" sc="240,0,155,-58,320,78,265,0" /><INIT seed="2,1,0,3,5,120" ten="240,97,398,265" oya="2" hai0="30,17,73,77,103,18,1,82,89,44,39,130,94" hai1="122,131,111,115,15,43,87,8,64,34,75,72,93" hai2="99,28,85,79,20,113,13,23,119,67,128,71,105" hai3="92,114,106,57,10,70,76,53,11,21,60,25,2"/><V117/><F113/><W36/><G106/><T69/><D69/><U97/><E122/><V110/><F13/><W40/><G114/><T91/><D1/><U56/><E115/><V68/><F85/><W38/><G76/><T48/><D39/><U0/><E34/><V124/><F79/><W9/><G2/><T78/><D78/><U98/><E111/><V49/><F49/><W55/><G70/><T62/><D62/><U12/><E0/><V101/><F71/><W81/><G81/><T133/><D130/><U19/><E131/><V32/><F124/><W125/><G125/><T33/><D33/><U116/><E116/><V16/><F128/><W22/><G22/><N who="2" m="8233" /><F16/><W74/><G74/><T27/><D133/><U134/><E134/><V47/><F47/><W6/><G6/><T84/><D103/><U42/><E87/><V45/><F45/><W107/><G107/><T46/><D46/><U51/><E51/><V37/><F37/><W29/><G40/><N who="1" m="15402" /><E64/><V121/><F121/><W95/><G36/><T50/><D50/><U83/><E83/><V86/><F86/><W41/><G38/><T66/><D66/><U80/><E80/><V126/><F126/><W127/><G127/><T100/><D48/><U7/><E72/><V104/><F104/><W14/><G41/><T90/><D44/><U31/><E75/><V88/><F117/><W132/><G132/><T58/><D73/><U24/><E56/><V26/><F119/><W135/><G135/><T123/><D123/><U52/><E31/><V59/><F68/><W4/><G53/><T108/><D58/><RYUUKYOKU ba="1,0" sc="240,-10,97,-10,398,-10,265,30" hai3="4,9,10,11,14,21,25,29,55,57,60,92,95" /><INIT seed="3,2,0,1,5,65" ten="230,87,388,295" oya="3" hai0="135,76,132,112,117,93,52,82,84,55,16,98,66" hai1="29,34,25,63,77,128,64,99,90,107,58,130,129" hai2="81,74,1,133,21,48,13,102,19,104,79,31,5" hai3="110,119,70,36,123,113,6,80,94,67,103,114,75"/><W59/><G123/><T85/><D117/><U134/><E134/><N who="0" m="51241" /><D112/><N who="3" m="43113" /><G119/><T68/><D68/><U105/><E77/><V37/><F133/><W44/><G110/><T95/><D66/><U40/><E40/><V125/><F102/><W54/><G6/><T2/><D2/><U12/><E12/><V27/><F104/><W91/><G103/><N who="0" m="60879" /><D16/><U53/><E53/><N who="0" m="20553" /><D95/><AGARI ba="2,0" hai="25,29,34,58,63,64,90,95,99,105,107,128,129,130" machi="95" ten="40,1300,0" yaku="19,1" doraHai="65" who="1" fromWho="0" sc="230,-19,87,19,388,0,295,0" /><INIT seed="4,0,0,4,0,90" ten="211,106,388,295" oya="0" hai0="92,3,96,94,16,36,38,107,42,18,91,10,67" hai1="104,53,29,48,98,44,73,0,97,102,50,19,22" hai2="84,41,60,74,126,99,86,40,135,23,7,27,112" hai3="79,6,66,131,14,87,130,113,49,68,121,89,119"/><T71/><D107/><U106/><E0/><V129/><F74/><W132/><G119/><T54/><D67/><U8/><E8/><V80/><F112/><W75/><G113/><T33/><D71/><U78/><E29/><V114/><F114/><W100/><G100/><T109/><D54/><U69/><E69/><V37/><F37/><W133/><G121/><T120/><D120/><U115/><E115/><V62/><F7/><W39/><G39/><T2/><D33/><U81/><E98/><V93/><F126/><W123/><G123/><T30/><D30/><U17/><E17/><V47/><F129/><N who="3" m="49163" /><G49/><T43/><D91/><U45/><E106/><V24/><F135/><N who="3" m="51787" /><G79/><T83/><D83/><U13/><E50/><V5/><F5/><W9/><G75/><T116/><D10/><U122/><E122/><V1/><F1/><W72/><G72/><T128/><D96/><U61/><REACH who="1" step="1"/><E61/><REACH who="1" ten="211,96,388,295" step="2"/><V77/><F62/><W28/><G28/><T46/><D128/><U105/><E105/><V56/><F60/><W55/><G68/><T118/><REACH who="0" step="1"/><D46/><AGARI ba="0,1" hai="13,19,22,44,45,46,48,53,73,78,81,97,102,104" machi="46" ten="30,2000,0" yaku="1,1,7,1,53,0" doraHai="90" doraHaiUra="4" who="1" fromWho="0" sc="211,-20,96,30,388,0,295,0" /><INIT seed="5,0,0,0,0,24" ten="191,126,388,295" oya="1" hai0="25,61,117,115,114,111,88,8,63,109,13,56,99" hai1="11,119,124,15,5,123,31,47,84,3,80,67,131" hai2="50,116,20,37,12,75,69,0,54,91,30,68,121" hai3="55,53,98,39,17,71,107,120,32,70,96,78,79"/><U132/><E123/><V59/><F0/><W118/><G120/><T108/><D25/><U97/><E119/><V23/><F116/><W105/><G118/><T36/><D36/><U93/><E124/><V66/><F75/><W29/><G17/><N who="0" m="8359" /><D117/><U28/><E131/><V102/><F102/><W83/><G39/><T52/><D63/><U87/><E132/><V90/><F37/><W127/><G127/><T58/><D58/><U110/><E110/><V7/><F69/><W33/><REACH who="3" step="1"/><G83/><REACH who="3" ten="191,126,388,285" step="2"/><T45/><D111/><U104/><E80/><V14/><F121/><W73/><G73/><T82/><D109/><U106/><E106/><V57/><F68/><W60/><G60/><T35/><D61/><U21/><E104/><V27/><F7/><W113/><G113/><T18/><D108/><U103/><E67/><V1/><F66/><W95/><G95/><N who="0" m="56807" /><D18/><U100/><E100/><V130/><F130/><W77/><G77/><T85/><D82/><U74/><E74/><V86/><F90/><W49/><G49/><T135/><D135/><U62/><E62/><V34/><F50/><W65/><G65/><T22/><D115/><U19/><E47/><V48/><F48/><W46/><G46/><T133/><D45/><U129/><REACH who="1" step="1"/><E129/><REACH who="1" ten="191,116,388,285" step="2"/><V42/><F59/><W81/><G81/><T125/><D56/><U122/><E122/><V126/><F57/><W72/><G72/><T43/><D133/><U112/><E112/><V44/><F126/><W10/><G10/><T41/><D125/><U40/><E40/><V38/><F42/><W51/><G51/><T26/><D43/><RYUUKYOKU ba="0,2" sc="191,-15,116,15,388,-15,285,15" hai1="3,5,11,15,19,21,28,31,84,87,93,97,103" hai3="29,32,33,53,55,70,71,78,79,96,98,105,107" /><INIT seed="5,1,2,3,5,34" ten="176,131,373,300" oya="1" hai0="35,5,57,10,95,125,23,91,42,54,26,76,122" hai1="12,133,83,102,64,41,123,19,86,118,81,17,112" hai2="131,115,108,96,84,33,49,28,82,103,22,126,69" hai3="39,15,100,7,106,20,24,89,31,4,109,67,75"/><U63/><E118/><V129/><F108/><W104/><G109/><T74/><D35/><U18/><E123/><V21/><F69/><W1/><G39/><T80/><D122/><U60/><E112/><V27/><F49/><W36/><G36/><T14/><D125/><U111/><E111/><V62/><F62/><W11/><G75/><T47/><D26/><U0/><E0/><V101/><F126/><W8/><G100/><T92/><D23/><N who="2" m="8714" /><F96/><W85/><REACH who="3" step="1"/><G67/><REACH who="3" ten="176,131,373,290" step="2"/><T90/><D74/><U32/><E32/><V79/><F115/><W120/><G120/><T53/><D10/><U119/><E119/><V134/><F134/><W121/><G121/><T55/><D47/><U116/><E116/><V38/><F38/><W99/><G99/><T113/><D113/><U6/><E133/><V50/><F101/><W9/><G9/><T88/><D80/><AGARI ba="1,3" hai="1,4,7,8,11,15,20,24,31,80,85,89,104,106" machi="80" ten="30,7700,0" yaku="1,1,7,1,52,1,53,1" doraHai="34" doraHaiUra="78" who="3" fromWho="0" sc="176,-80,131,0,373,0,290,110" /><INIT seed="6,0,0,0,1,38" ten="96,131,373,400" oya="2" hai0="80,28,17,125,81,86,41,26,101,119,5,45,12" hai1="6,107,1,78,32,30,106,14,109,0,19,108,75" hai2="76,85,8,61,87,127,102,4,90,99,29,64,135" hai3="67,20,56,84,34,36,74,37,3,124,93,83,96"/><V25/><F76/><N who="3" m="46183" /><G34/><T69/><D119/><U103/><E75/><V122/><F122/><W65/><G74/><T117/><D117/><U42/><E42/><V105/><F127/><W112/><G37/><T116/><D116/><U94/><E78/><V16/><F135/><W60/><G36/><T66/><D125/><U129/><E94/><V49/><F49/><W53/><G3/><N who="1" m="1098" /><E103/><V134/><F134/><W77/><G124/><T100/><D5/><U39/><E39/><V121/><F121/><W88/><G112/><T131/><D131/><U10/><E107/><V27/><F87/><W132/><G132/><T113/><D113/><U46/><E46/><V50/><F50/><W72/><G72/><T51/><D66/><N who="3" m="25097" /><G77/><T123/><D69/><U57/><E57/><V9/><F4/><W58/><G56/><T52/><D123/><U73/><E73/><V114/><F114/><W11/><G20/><T104/><D104/><U62/><E62/><V40/><F64/><W15/><G15/><T115/><D115/><U55/><E55/><V22/><F61/><W59/><G59/><T97/><D52/><U44/><E44/><V118/><F40/><W70/><G70/><T110/><D110/><N who="1" m="42603" /><E106/><V13/><F118/><W71/><G71/><T21/><D97/><U24/><E129/><V120/><F120/><W82/><G82/><T68/><D68/><U133/><E133/><V23/><REACH who="2" step="1"/><F13/><REACH who="2" ten="96,131,363,400" step="2"/><W48/><G48/><T91/><REACH who="0" step="1"/><D80/><AGARI ba="0,1" hai="8,9,16,22,23,25,27,29,80,85,90,99,102,105" machi="80" ten="30,11600,0" yaku="1,1,2,1,7,1,54,1,53,0" doraHai="38" doraHaiUra="2" who="2" fromWho="0" sc="96,-116,131,0,363,126,400,0" owari="-20,-52.0,131,-27.0,489,59.0,400,20.0" /></mjloggm>