<mjloggm ver="2.3"><GO type="193" lobby="0"/><UN n0="%E5%B0%B1%E6%B4%BB%E7%94%9F%40%E5%B7%9D%E6%9D%91%E8%BB%8D%E5%9B%A3" n1="%E3%83%8B%E3%82%AD%E8%BB%A2%E3%81%B3%E3%83%A4%E8%B5%B7%E3%81%8D" n2="%62%6F%74%63%68" n3="%75%6D%69%37%32%36" dan="11,10,10,11" rate="1811.45,1820.95,1465.53,1604.37" sx="M,M,M,M"/><TAIKYOKU oya="0"/><INIT seed="0,0,0,3,1,24" ten="250,250,250,250" oya="0" hai0="132,65,67,63,2,16,127,60,102,13,40,86,83" hai1="39,37,85,66,104,21,47,33,52,12,43,105,20" hai2="3,25,4,54,94,92,109,116,124,135,38,112,114" hai3="45,15,29,134,126,97,8,73,129,75,14,62,23"/><T99/><D2/><U106/><E33/><V69/><F38/><W72/><G134/><T89/><D132/><U53/><E66/><V9/><F69/><W93/><G129/><T81/><D127/><U82/><E39/><V64/><F135/><W22/><G126/><T10/><D40/><U121/><E121/><V88/><F124/><W35/><G35/><T80/><D63/><U98/><E98/><V100/><F64/><W110/><G110/><T76/><D76/><U101/><E101/><V57/><F114/><W95/><G45/><T115/><D115/><U51/><E12/><V59/><F112/><W19/><G62/><T32/><D32/><U128/><E128/><V111/><F116/><W58/><G58/><N who="2" m="22025" /><F100/><W84/><G84/><T90/><D90/><U18/><E18/><V1/><F25/><W41/><G41/><T122/><D122/><U74/><E74/><V27/><F54/><W61/><G61/><T71/><REACH who="0" step="1"/><D65/><REACH who="0" ten="240,250,250,250" step="2"/><U120/><E120/><V56/><N who="2" m="22033" /><V79/><DORA hai="117" /><F79/><W30/><G97/><T125/><D125/><U119/><E119/><V50/><F88/><W48/><G48/><T6/><D6/><U108/><E51/><V34/><F50/><W49/><G49/><T118/><D118/><U78/><E43/><V68/><F68/><W131/><G131/><T0/><D0/><N who="2" m="74" /><F4/><W130/><G130/><T11/><D11/><U42/><E37/><V17/><F9/><W96/><G96/><T46/><D46/><U7/><E7/><V77/><F77/><W36/><G8/><T5/><D5/><U44/><E42/><RYUUKYOKU ba="0,1" sc="240,30,250,-10,250,-10,250,-10" hai0="10,13,16,60,67,71,80,81,83,86,89,99,102" /><INIT seed="0,1,1,1,1,122" ten="270,240,240,240" oya="0" hai0="112,56,95,33,40,37,125,53,22,62,131,10,17" hai1="39,2,54,97,19,103,18,93,23,108,58,5,115" hai2="43,31,107,4,24,59,45,6,89,117,110,127,27" hai3="77,64,85,78,100,105,119,68,60,134,102,94,80"/><T79/><D112/><U72/><E39/><V114/><F107/><W109/><G119/><T16/><D33/><U92/><E115/><V13/><F114/><W129/><G129/><T76/><D125/><U7/><E72/><V123/><F123/><W87/><G134/><T83/><D131/><U20/><E108/><V98/><F117/><W99/><G60/><T11/><D95/><U41/><E41/><V91/><F127/><W69/><G64/><T104/><D104/><U48/><E93/><V15/><F43/><W118/><G69/><T113/><D113/><U132/><E2/><V106/><F106/><W29/><G29/><T1/><D17/><N who="1" m="6155" /><E132/><V84/><F84/><W32/><G32/><T26/><D1/><U133/><E133/><V61/><F61/><W74/><G68/><T8/><REACH who="0" step="1"/><D83/><REACH who="0" ten="260,240,240,240" step="2"/><U25/><E20/><V116/><F116/><W63/><G118/><T73/><D73/><U57/><E23/><V86/><F31/><W30/><G63/><T124/><D124/><U47/><E25/><V52/><F86/><W28/><G28/><T36/><D36/><U3/><E3/><V67/><F98/><N who="3" m="61655" /><G30/><T44/><AGARI ba="1,2" hai="8,10,11,16,22,26,37,40,44,53,56,62,76,79" machi="44" ten="30,11700,0" yaku="1,1,0,1,54,1,53,1" doraHai="122" doraHaiUra="50" who="0" fromWho="0" sc="260,140,240,-40,240,-40,240,-40" /><INIT seed="0,2,0,4,3,2" ten="400,200,200,200" oya="0" hai0="102,84,54,25,57,129,0,90,117,58,134,7,31" hai1="67,34,18,128,98,86,103,37,125,55,4,53,1" hai2="49,91,127,121,24,20,87,120,64,132,14,28,80" hai3="38,113,106,133,108,6,68,95,27,72,118,12,45"/><T44/><D117/><U73/><E73/><V42/><F121/><W26/><G118/><T21/><D129/><U11/><E37/><V23/><F120/><W82/><G133/><T99/><D134/><U77/><E128/><V52/><F132/><W96/><G113/><T70/><D70/><U78/><E34/><V75/><F127/><W47/><G68/><T60/><D44/><U105/><E67/><V115/><F75/><W36/><G106/><T59/><D7/><U46/><E125/><V93/><F115/><W88/><G108/><T81/><REACH who="0" step="1"/><D0/><REACH who="0" ten="390,200,200,200" step="2"/><U100/><E46/><V101/><F64/><W79/><G36/><T17/><D17/><U19/><E19/><N who="2" m="10359" /><F42/><W123/><G123/><T130/><D130/><U131/><E18/><V114/><F114/><W16/><G47/><T48/><D48/><U3/><E3/><V33/><F101/><W135/><G135/><T22/><D22/><U61/><E100/><V89/><F33/><W63/><G63/><T122/><D122/><U76/><E131/><V119/><F119/><W35/><G35/><T71/><D71/><U15/><E61/><V85/><F49/><W29/><G29/><T112/><D112/><U30/><E30/><V13/><F13/><W56/><G56/><T97/><D97/><U62/><E62/><V110/><F110/><W109/><G109/><T107/><AGARI ba="2,1" hai="21,25,31,54,57,58,59,60,81,84,90,99,102,107" machi="107" ten="20,3900,0" yaku="1,1,0,1,7,1,53,0" doraHai="2" doraHaiUra="9" who="0" fromWho="0" sc="390,55,200,-15,200,-15,200,-15" /><INIT seed="0,3,0,4,1,73" ten="445,185,185,185" oya="0" hai0="20,13,121,64,30,56,81,19,63,46,7,125,27" hai1="115,126,36,67,33,28,116,2,134,91,16,68,6" hai2="100,90,122,54,5,25,97,69,133,117,114,12,65" hai3="111,44,41,79,84,76,0,102,61,31,120,130,23"/><T118/><D121/><U29/><E116/><V132/><F122/><W40/><G120/><T128/><D118/><U32/><E36/><V89/><F117/><W60/><G0/><T71/><D128/><U131/><E67/><V3/><F114/><W108/><G102/><T124/><D7/><U66/><E66/><V93/><F3/><W83/><G130/><T42/><D81/><U94/><E68/><V101/><F69/><W48/><G40/><T87/><D87/><U34/><E131/><V107/><F65/><W51/><G51/><T113/><D113/><U59/><E115/><V109/><F25/><W127/><G127/><T135/><D135/><N who="2" m="51786" /><F109/><N who="3" m="42059" /><G76/><T98/><D98/><U78/><E134/><V53/><F107/><W11/><G11/><T80/><D80/><U4/><E126/><V85/><F5/><W35/><G35/><T38/><REACH who="0" step="1"/><D71/><REACH who="0" ten="435,185,185,185" step="2"/><U52/><E2/><V15/><F12/><W70/><G70/><T74/><D74/><U39/><E4/><V123/><F15/><W92/><G92/><T110/><D110/><U55/><E6/><V129/><F129/><W47/><G47/><T104/><D104/><U105/><E94/><N who="2" m="54575" /><F123/><W95/><G95/><T57/><D57/><U18/><E59/><V45/><F45/><W10/><G10/><AGARI ba="3,1" hai="10,13,19,20,27,30,38,42,46,56,63,64,124,125" machi="10" ten="40,3900,0" yaku="1,1,53,1" doraHai="73" doraHaiUra="8" who="0" fromWho="3" sc="435,58,185,0,185,0,185,-48" /><INIT seed="0,4,0,2,0,74" ten="493,185,185,137" oya="0" hai0="9,133,93,33,37,57,103,53,108,69,117,44,45" hai1="77,123,114,118,48,0,66,80,26,3,16,39,35" hai2="54,27,36,47,75,112,126,127,113,2,34,55,51" hai3="12,87,14,124,13,52,50,10,22,19,131,116,107"/><T21/><D33/><U32/><E39/><V110/><F75/><W7/><G107/><T40/><D69/><U38/><E38/><V25/><F2/><W121/><G116/><T122/><D117/><U119/><E123/><V101/><F34/><W91/><G121/><T46/><D122/><U76/><E66/><V60/><F101/><W97/><G131/><T84/><D133/><U67/><E67/><V128/><F36/><W92/><G124/><N who="2" m="47657" /><F25/><W64/><G64/><T73/><D73/><U135/><E26/><V82/><F128/><W89/><G89/><T109/><D9/><U132/><E48/><V96/><F96/><W1/><REACH who="3" step="1"/><G87/><REACH who="3" ten="493,185,185,127" step="2"/><T31/><D109/><U105/><E105/><V102/><F82/><W49/><G49/><T15/><D108/><U111/><E111/><V18/><F110/><W81/><G81/><T41/><D37/><U23/><E80/><V85/><F85/><W56/><AGARI ba="4,1" hai="1,7,10,12,13,14,19,22,50,52,56,91,92,97" machi="56" ten="20,5200,0" yaku="1,1,0,1,7,1,54,1,53,0" doraHai="74" doraHaiUra="30" who="3" fromWho="3" sc="493,-30,185,-17,185,-17,127,74" /><INIT seed="1,0,0,2,3,45" ten="463,168,168,201" oya="1" hai0="120,61,65,124,87,93,46,135,113,57,18,64,125" hai1="21,29,2,92,106,68,56,15,80,78,3,32,20" hai2="59,50,129,41,71,36,38,6,35,81,22,104,128" hai3="94,88,44,107,25,119,40,111,26,84,82,86,31"/><U63/><E68/><V30/><F104/><W85/><G111/><T67/><D120/><U16/><E106/><V79/><F6/><W101/><G119/><T118/><D118/><U4/><E92/><V62/><F71/><W33/><G25/><T13/><D135/><U54/><E32/><V99/><F35/><W97/><REACH who="3" step="1"/><G107/><REACH who="3" ten="463,168,168,191" step="2"/><T24/><D24/><U115/><E115/><V108/><F108/><W114/><G114/><T48/><D113/><U9/><E29/><V39/><F30/><W28/><G28/><T47/><D125/><U89/><E89/><V12/><F22/><W70/><G70/><T132/><D124/><U60/><E20/><V1/><F12/><W90/><G90/><N who="0" m="53471" /><D132/><U52/><E2/><V8/><F1/><W83/><G83/><T76/><D76/><U17/><E17/><V112/><F8/><W103/><G103/><T43/><D47/><U49/><REACH who="1" step="1"/><E54/><REACH who="1" ten="463,158,168,191" step="2"/><V105/><F105/><W123/><G123/><T5/><D5/><U126/><E126/><V53/><F112/><W34/><G34/><T91/><D91/><U0/><E0/><V75/><F99/><W7/><G7/><T100/><D100/><U95/><E95/><V133/><F133/><W102/><G102/><T116/><D116/><U55/><E55/><V11/><F11/><AGARI ba="0,2" hai="11,13,18,43,46,48,57,61,64,65,67" m="53471" machi="11" ten="30,2000,0" yaku="8,1,52,1" doraHai="45" who="0" fromWho="2" sc="463,40,158,0,168,-20,191,0" /><INIT seed="2,0,0,3,5,68" ten="503,158,148,191" oya="2" hai0="17,12,57,69,22,37,6,48,121,92,27,19,95" hai1="60,71,89,63,74,13,5,51,44,15,20,32,16" hai2="100,29,123,111,113,41,14,120,52,82,65,42,79" hai3="129,118,103,97,86,84,125,30,98,127,56,117,102"/><V34/><F113/><W122/><G30/><T38/><D69/><U9/><E32/><V36/><F34/><W4/><G56/><T78/><D6/><U107/><E107/><V114/><F114/><W128/><REACH who="3" step="1"/><G4/><REACH who="3" ten="503,158,148,181" step="2"/><T81/><D121/><AGARI ba="0,1" hai="84,86,97,98,102,103,117,118,121,122,125,127,128,129" machi="121" ten="25,12000,2" yaku="1,1,2,1,22,2,34,3,53,0" doraHai="68" doraHaiUra="7" who="3" fromWho="0" sc="503,-120,158,0,148,0,181,130" /><INIT seed="3,0,0,4,4,109" ten="383,158,148,311" oya="3" hai0="126,31,102,128,42,17,4,115,61,120,101,63,112" hai1="96,57,20,34,67,78,117,66,3,33,97,75,106" hai2="40,64,129,100,38,14,70,91,121,74,104,87,123" hai3="80,62,86,30,41,45,25,83,16,58,133,76,92"/><W65/><G133/><T77/><D120/><U103/><E3/><V36/><F74/><W23/><G92/><T88/><D126/><U6/><E6/><V81/><F104/><W55/><G80/><T51/><D128/><U122/><E122/><V32/><F129/><W79/><G79/><T105/><D77/><U60/><E117/><V108/><F123/><W56/><G56/><T1/><D31/><U0/><E0/><V54/><F70/><W89/><G76/><T13/><D4/><U37/><E37/><V50/><F32/><W99/><G99/><T22/><D1/><U44/><E96/><V43/><F121/><W114/><G114/><N who="0" m="43563" /><D88/><U130/><E130/><V72/><F108/><W71/><G71/><T127/><D127/><U73/><E44/><V90/><F100/><N who="0" m="38506" /><D105/><U12/><E78/><V2/><F91/><W27/><G27/><T8/><D8/><U39/><E75/><V134/><F134/><W119/><G119/><T68/><D68/><U107/><E107/><V84/><F72/><W82/><G82/><T132/><D132/><U135/><E135/><V59/><F2/><W11/><G11/><T93/><D93/><U98/><E73/><V15/><F64/><W95/><G83/><T48/><D42/><N who="2" m="15914" /><F38/><W5/><G5/><T47/><D47/><U19/><E39/><V131/><F131/><W21/><G21/><T7/><D7/><U35/><E97/><V85/><F85/><W10/><G10/><T29/><D29/><U111/><E111/><V53/><F36/><N who="3" m="21671" /><G30/><T28/><D28/><U24/><E24/><V46/><F84/><RYUUKYOKU ba="0,0" sc="383,0,158,0,148,0,311,0" hai0="13,17,22,48,51,61,63" hai1="12,19,20,33,34,35,57,60,66,67,98,103,106" hai2="14,15,46,50,53,54,59,81,87,90" hai3="16,23,25,55,58,62,65,86,89,95" /><INIT seed="3,1,0,0,3,28" ten="383,158,148,311" oya="3" hai0="98,35,54,127,126,72,7,120,121,96,66,78,39" hai1="11,1,100,61,76,58,17,68,0,92,4,73,36" hai2="113,105,87,128,106,19,23,56,80,38,12,69,62" hai3="22,32,2,49,3,27,107,31,90,118,74,122,50"/><W64/><G118/><T124/><D35/><U65/><E36/><V14/><F69/><W16/><G122/><N who="0" m="47211" /><D39/><U110/><E110/><V77/><F38/><W108/><G107/><T8/><D66/><U5/><E17/><V51/><F106/><W47/><G74/><T103/><D54/><U129/><E129/><V130/><F105/><W6/><G64/><T37/><D37/><U111/><E111/><V71/><F113/><W52/><G108/><T25/><D25/><U119/><E119/><V34/><F71/><W114/><G114/><T33/><D33/><U59/><E76/><V116/><F34/><W104/><G104/><T15/><D103/><U60/><E73/><V133/><F116/><W24/><G6/><T132/><D132/><U101/><E92/><V86/><F133/><W125/><G125/><T10/><D10/><U89/><E89/><V95/><F51/><W26/><G26/><T75/><D75/><U134/><E134/><V41/><F41/><W112/><G112/><T131/><D131/><N who="2" m="50218" /><F95/><W93/><G49/><T40/><D40/><U46/><E68/><V79/><F87/><AGARI ba="1,0" hai="2,3,16,22,24,27,31,32,47,50,52,87,90,93" machi="87" ten="30,11600,0" yaku="7,1,52,1,54,2" doraHai="28" who="3" fromWho="2" sc="383,0,158,0,148,-119,311,119" owari="383,18.0,158,-24.0,29,-47.0,430,53.0" /></mjloggm>