<mjloggm ver="2.3"><GO type="193" lobby="0"/><UN n0="%E5%B0%B1%E6%B4%BB%E7%94%9F%40%E5%B7%9D%E6%9D%91%E8%BB%8D%E5%9B%A3" n1="%34%63%6D%E9%99%8D%E3%82%8A" n2="%79%61%6D%61%6B%79%6F" n3="%42%72%69%74%7A" dan="12,9,13,11" rate="1781.26,1697.74,1790.94,1689.23" sx="M,M,M,M"/><TAIKYOKU oya="0"/><INIT seed="0,0,0,5,0,98" ten="250,250,250,250" oya="0" hai0="100,64,15,131,58,123,62,22,77,126,112,69,75" hai1="42,103,54,19,71,61,57,74,37,83,102,28,89" hai2="36,13,116,43,59,94,121,14,40,49,60,68,3" hai3="79,56,99,105,81,111,115,34,4,65,96,26,8"/><T82/><D123/><U108/><E28/><V76/><F121/><W48/><G115/><T35/><D112/><U73/><E73/><V20/><F116/><W18/><G111/><T84/><D126/><U38/><E108/><V106/><F3/><W127/><G127/><T125/><D125/><U80/><E38/><V88/><F68/><W47/><G65/><T30/><D131/><U133/><E71/><V17/><F36/><W12/><G56/><T63/><D35/><U7/><E7/><V50/><F106/><W25/><G34/><T113/><D113/><U41/><E37/><V9/><F76/><W90/><G18/><T70/><D75/><U55/><E133/><V135/><F135/><W21/><G21/><T91/><D77/><U109/><E74/><V104/><F104/><W16/><G105/><T0/><D0/><U45/><E19/><N who="2" m="8623" /><F40/><N who="1" m="15465" /><E109/><V107/><F107/><W129/><G129/><T66/><D100/><N who="1" m="38443" /><E89/><V44/><F43/><N who="3" m="24703" /><G90/><T110/><D110/><U78/><E78/><V119/><F119/><W128/><G128/><T1/><D1/><U6/><E6/><V32/><F32/><W92/><G99/><T95/><D30/><U29/><E29/><V24/><F44/><W27/><G4/><T86/><D70/><U53/><E45/><V114/><F114/><W93/><G96/><T134/><D134/><U101/><N who="1" m="38451" /><U52/><AGARI ba="0,0" hai="52,53,54,55,57,61,80,83" m="38451,15465" machi="52" ten="40,12000,2" yaku="4,1,8,1,52,4,54,1" doraHai="98" who="1" fromWho="1" sc="250,-60,250,120,250,-30,250,-30" /><INIT seed="1,0,0,5,2,55" ten="190,370,220,220" oya="1" hai0="76,27,51,99,95,114,42,85,120,1,100,116,44" hai1="129,75,40,127,108,131,2,26,53,3,109,33,31" hai2="10,52,62,97,101,22,58,70,21,23,43,94,18" hai3="20,12,77,39,78,96,102,4,113,111,103,30,14"/><U134/><E75/><V5/><F70/><W38/><G113/><T107/><D114/><U86/><E40/><V119/><F119/><W7/><G20/><T60/><D116/><U34/><E127/><V117/><F117/><W35/><G30/><T64/><D120/><U84/><E134/><V17/><REACH who="2" step="1"/><F43/><REACH who="2" ten="190,370,210,220" step="2"/><W56/><G111/><T66/><D1/><AGARI ba="0,1" hai="1,5,10,17,18,21,22,23,52,58,62,94,97,101" machi="1" ten="40,8000,1" yaku="1,1,2,1,52,1,54,1,53,1" doraHai="55" doraHaiUra="93" who="2" fromWho="0" sc="190,-80,370,0,210,90,220,0" /><INIT seed="2,0,0,2,0,43" ten="110,370,300,220" oya="2" hai0="57,129,113,87,29,65,95,58,123,40,78,44,86" hai1="37,75,83,1,119,13,33,36,63,16,28,24,120" hai2="60,88,131,47,118,76,68,50,7,134,94,133,45" hai3="112,97,22,77,70,27,14,32,124,6,127,9,23"/><V114/><F118/><W4/><G70/><T108/><D113/><U106/><E1/><V135/><F114/><W103/><G77/><T18/><D123/><U121/><E106/><V21/><F76/><W81/><G112/><T130/><D108/><U89/><E119/><V107/><F107/><W73/><G73/><T104/><D104/><U69/><E75/><V111/><F111/><W128/><G81/><T19/><D19/><U11/><E69/><V91/><F7/><N who="3" m="2603" /><G97/><T42/><D18/><U62/><E83/><V117/><F117/><W61/><G103/><T35/><D35/><U126/><E89/><N who="2" m="34379" /><F21/><N who="3" m="7691" /><G61/><N who="1" m="23050" /><E126/><N who="3" m="48170" /><G128/><T59/><D29/><U46/><E37/><V82/><F82/><W15/><G9/><T5/><D5/><U66/><E36/><V93/><F131/><N who="0" m="50186" /><D95/><N who="2" m="36362" /><F50/><W3/><G3/><T26/><D78/><U71/><E71/><V64/><AGARI ba="0,0" hai="45,47,60,64,68,133,134,135" m="36362,34379" machi="64" ten="40,12000,1" yaku="20,1,52,2,54,1" doraHai="43" who="2" fromWho="2" sc="110,-40,370,-40,300,120,220,-40" /><INIT seed="2,1,0,0,3,89" ten="70,330,420,180" oya="2" hai0="30,47,68,84,83,56,71,104,66,75,38,102,101" hai1="62,0,76,99,11,5,90,73,29,112,133,129,88" hai2="94,18,36,51,69,100,131,119,78,34,19,120,64" hai3="15,113,130,7,3,123,43,121,41,55,39,125,16"/><V25/><F36/><W52/><G130/><T80/><D75/><U21/><E112/><V12/><F131/><W63/><G125/><T128/><D128/><U13/><E133/><V97/><F120/><W2/><G113/><T32/><D104/><U105/><E73/><V82/><F119/><W91/><G91/><T4/><D4/><U118/><E76/><V96/><F69/><W122/><G63/><T106/><D106/><U108/><E118/><V124/><F124/><W33/><G33/><T74/><D74/><U107/><E107/><V132/><F132/><W8/><G39/><T135/><D135/><U81/><E108/><V72/><F64/><W92/><G92/><T10/><D66/><U117/><E117/><V111/><F111/><W54/><REACH who="3" step="1"/><G7/><REACH who="3" ten="70,330,420,170" step="2"/><T44/><D38/><U45/><E62/><V37/><F37/><W134/><G134/><T53/><D32/><U23/><E105/><V70/><F34/><W109/><G109/><T22/><D71/><U48/><E129/><V116/><F70/><W126/><G126/><T46/><D68/><U26/><E81/><V114/><F116/><W65/><G65/><T110/><D110/><U57/><E99/><V20/><F114/><W85/><G85/><T31/><D83/><U6/><E6/><V17/><F97/><W50/><G50/><N who="0" m="30775" /><D84/><U60/><E5/><V49/><F12/><W58/><G58/><T24/><D80/><U98/><E13/><V93/><F93/><W35/><G35/><T115/><D115/><U87/><E98/><V95/><F95/><W59/><G59/><T86/><D86/><RYUUKYOKU ba="1,1" sc="70,-15,330,-15,420,15,170,15" hai2="17,18,19,20,25,49,51,72,78,82,94,96,100" hai3="2,3,8,15,16,41,43,52,54,55,121,122,123" /><INIT seed="2,2,1,0,3,125" ten="55,315,435,185" oya="2" hai0="111,52,133,92,53,28,108,112,110,131,130,31,43" hai1="89,120,87,97,29,107,35,17,75,19,74,5,83" hai2="69,47,22,135,84,24,122,86,99,18,73,113,77" hai3="71,40,21,76,100,119,36,95,101,90,81,116,132"/><V15/><F69/><W14/><G132/><T55/><D133/><U102/><E5/><V8/><F135/><W37/><G71/><T48/><D112/><U25/><E120/><V10/><F113/><W4/><G37/><T128/><D92/><U7/><E7/><V65/><F122/><W3/><G3/><T0/><D0/><U63/><E63/><V50/><F65/><W41/><G21/><T59/><D59/><U54/><E54/><V94/><F73/><W117/><G36/><T109/><N who="0" m="28160" /><DORA hai="82" /><T64/><REACH who="0" step="1"/><D64/><REACH who="0" ten="45,315,435,185" step="2"/><U106/><E107/><V39/><F39/><W45/><G45/><AGARI ba="2,2" hai="28,31,43,45,48,52,53,55,128,130,131" m="28160" machi="45" ten="80,32000,5" yaku="1,1,2,1,29,2,19,1,14,1,52,3,54,1,53,4" doraHai="125,82" doraHaiUra="44,49" who="0" fromWho="3" sc="45,346,315,0,435,0,185,-326" owari="391,19.0,315,-8.0,435,53.0,-141,-64.0" /></mjloggm>