<mjloggm ver="2.3"><GO type="169" lobby="0"/><UN n0="%E3%83%AA%E3%83%BC%E3%83%81%EF%BC%91" n1="%E4%BF%BA%E3%82%82%E3%81%86%E3%83%80%E3%83%A1%E3%81%A0%E3%82%8F" n2="%E3%81%A9%E3%81%B0%E3%81%A8%E3%81%A1%E3%82%83%E3%82%93" n3="%E3%82%A6%E3%83%AB%E3%83%88%E3%83%A9%E7%AB%8B%E7%9B%B4" dan="16,17,16,17" rate="2155.46,2164.16,2097.89,2175.40" sx="M,F,F,M"/><TAIKYOKU oya="0"/><INIT seed="0,0,0,2,3,60" ten="250,250,250,250" oya="0" hai0="114,45,89,50,121,118,92,115,131,13,133,52,43" hai1="109,113,63,25,108,67,64,104,72,20,73,34,128" hai2="80,36,2,126,130,56,74,5,30,90,93,8,96" hai3="4,9,27,120,78,88,47,65,24,86,15,58,129"/><T10/><D118/><U17/><E104/><V69/><F69/><W7/><G120/><T132/><D121/><U44/><E63/><V135/><F36/><W51/><G129/><T59/><D131/><U42/><E128/><V125/><F130/><W1/><G78/><T124/><D124/><N who="2" m="47722" /><F30/><W35/><G35/><T55/><D55/><U81/><E34/><V49/><F135/><N who="0" m="51786" /><D92/><U23/><E113/><V111/><F111/><N who="1" m="42569" /><E81/><V110/><F110/><W62/><G4/><N who="0" m="3271" /><D89/><U41/><E20/><V76/><F49/><AGARI ba="0,0" hai="43,45,49,50,52,59,114,115" m="3271,51786" machi="49" ten="30,2900,0" yaku="20,1,54,1" doraHai="60" who="0" fromWho="2" sc="250,29,250,0,250,-29,250,0" /><INIT seed="0,1,0,2,0,71" ten="279,250,221,250" oya="0" hai0="78,115,117,105,70,5,10,37,16,74,42,135,73" hai1="107,55,119,59,9,54,18,38,11,110,125,52,60" hai2="48,116,46,114,1,86,75,123,4,84,83,56,67" hai3="95,27,25,134,63,100,112,43,28,13,45,35,15"/><T109/><D115/><U21/><E119/><V81/><F123/><W89/><G100/><T12/><D117/><U26/><E107/><V131/><F116/><W106/><G106/><T64/><D105/><U32/><E32/><V96/><F114/><W57/><G27/><T49/><D37/><U6/><E110/><V113/><F96/><W102/><G102/><T126/><D109/><U127/><E38/><V93/><F75/><W90/><G134/><T122/><D122/><U19/><E19/><V50/><F1/><W23/><G35/><T94/><D135/><U129/><E129/><V29/><F4/><W111/><G111/><T51/><D126/><N who="1" m="48139" /><E9/><V85/><F131/><W87/><G90/><T124/><D124/><U20/><E20/><V8/><F8/><W22/><G22/><T44/><D78/><U68/><E68/><V14/><F29/><W7/><G7/><T82/><D82/><U98/><E98/><V31/><F31/><W36/><REACH who="3" step="1"/><G112/><REACH who="3" ten="279,250,221,240" step="2"/><T92/><D5/><U34/><E34/><V62/><F113/><W72/><G72/><T3/><D74/><U88/><E88/><V104/><F104/><W65/><AGARI ba="1,1" hai="13,15,23,25,28,36,43,45,57,63,65,87,89,95" machi="65" ten="20,8000,1" yaku="1,1,0,1,7,1,52,1,53,1" doraHai="71" doraHaiUra="39" who="3" fromWho="3" sc="279,-41,250,-21,221,-21,240,93" /><INIT seed="1,0,0,3,1,80" ten="238,229,200,333" oya="1" hai0="111,13,4,106,124,99,42,34,85,53,92,121,45" hai1="125,67,104,110,66,84,6,31,14,25,49,69,41" hai2="113,9,48,47,93,112,122,76,72,82,94,52,29" hai3="73,120,126,97,43,114,115,19,81,131,64,105,70"/><U103/><E125/><V130/><F122/><W95/><G19/><T78/><D34/><U127/><E127/><V55/><F130/><W135/><G43/><T75/><D75/><U44/><E110/><V77/><F29/><W30/><G30/><T89/><D111/><U59/><E69/><V35/><F35/><W109/><G64/><T28/><D121/><U63/><E66/><V133/><F133/><W129/><G70/><T22/><D124/><U61/><E61/><V37/><F77/><N who="3" m="44207" /><G109/><T2/><D2/><U26/><E31/><V86/><F72/><W83/><G126/><T24/><D78/><U27/><E103/><V50/><F9/><W101/><G120/><T23/><D106/><U8/><E104/><V134/><F37/><W62/><G62/><T91/><D53/><U18/><REACH who="1" step="1"/><E84/><REACH who="1" ten="238,219,200,333" step="2"/><V40/><F134/><W15/><G135/><T16/><D4/><AGARI ba="0,1" hai="4,6,8,14,18,25,26,27,41,44,49,59,63,67" machi="4" ten="40,12000,1" yaku="1,1,2,1,8,1,53,2" doraHai="80" doraHaiUra="0" who="1" fromWho="0" sc="238,-120,219,130,200,0,333,0" /><INIT seed="1,1,0,3,0,96" ten="118,349,200,333" oya="1" hai0="19,49,84,129,94,28,80,52,71,29,126,10,66" hai1="117,82,77,53,0,86,24,68,121,125,18,46,40" hai2="31,119,59,112,132,104,123,107,128,108,103,133,9" hai3="124,64,135,69,30,60,90,73,83,79,62,33,44"/><U114/><E121/><V17/><F123/><W5/><G124/><T55/><D126/><U101/><E125/><V16/><F119/><W110/><G135/><T85/><D129/><U21/><E114/><V25/><F128/><W88/><G110/><T127/><D127/><U12/><E68/><V63/><F108/><W131/><G131/><T109/><D109/><U134/><E134/><N who="2" m="51819" /><F112/><W37/><G5/><T105/><D105/><N who="2" m="40522" /><F9/><W8/><G8/><T98/><D66/><U118/><E0/><V43/><F43/><W7/><G7/><T102/><D71/><U1/><E1/><V75/><F103/><W3/><G3/><T35/><D35/><U41/><E101/><V58/><F75/><W47/><G33/><T15/><D55/><U81/><E53/><N who="2" m="34255" /><F59/><W42/><G47/><N who="0" m="27711" /><D85/><U23/><E40/><V2/><F2/><W115/><G115/><T22/><D22/><AGARI ba="1,0" hai="16,17,22,25,31" m="34255,40522,51819" machi="22" ten="30,2000,0" yaku="20,1,54,1" doraHai="96" who="2" fromWho="0" sc="118,-23,349,0,200,23,333,0" /><INIT seed="2,0,0,1,4,50" ten="95,349,223,333" oya="2" hai0="116,56,12,104,59,128,120,87,73,0,79,107,75" hai1="80,124,27,82,2,21,93,88,112,51,33,115,5" hai2="22,1,4,9,57,43,123,55,100,134,19,40,38" hai3="49,29,35,41,20,83,6,15,54,44,106,32,126"/><V122/><F134/><W34/><G106/><T11/><D0/><U58/><E33/><V131/><F131/><W113/><G126/><T92/><D128/><U24/><E124/><V102/><F102/><W114/><G83/><T67/><D120/><U96/><E27/><V31/><F31/><W78/><G78/><T86/><D116/><U125/><E125/><V60/><F100/><W71/><G71/><T117/><D117/><U132/><E132/><V36/><F40/><W14/><G6/><T109/><D109/><U89/><E5/><V42/><F42/><W53/><G15/><T101/><D101/><U3/><E2/><V95/><F95/><W70/><G70/><T17/><D79/><U110/><E3/><V25/><REACH who="2" step="1"/><F43/><REACH who="2" ten="95,349,213,333" step="2"/><W66/><G29/><T84/><D92/><U103/><E115/><N who="3" m="44042" /><G66/><T97/><D67/><U69/><E112/><V46/><F46/><W119/><G119/><T72/><REACH who="0" step="1"/><D97/><REACH who="0" ten="85,349,213,333" step="2"/><U63/><E96/><V61/><F61/><W16/><AGARI ba="0,2" hai="14,16,20,32,34,35,41,44,49,53,54" m="44042" machi="16" ten="40,8000,1" yaku="11,1,52,2,54,1" doraHai="50" who="3" fromWho="3" sc="85,-20,349,-20,213,-40,333,100" /><INIT seed="3,0,0,2,4,76" ten="65,329,173,433" oya="3" hai0="78,68,111,89,0,36,110,101,33,100,10,121,73" hai1="2,109,74,26,93,79,80,86,71,107,21,114,95" hai2="3,102,99,23,92,31,37,116,75,38,66,85,52" hai3="28,54,91,9,123,87,117,43,47,70,127,7,67"/><W27/><G123/><T128/><D89/><U108/><E71/><V16/><F75/><W25/><G117/><T94/><D94/><U11/><E114/><V83/><F116/><W30/><G127/><T40/><D68/><U46/><E107/><V113/><F113/><W56/><G67/><T14/><D33/><U132/><E46/><V133/><F3/><W17/><G70/><T62/><D62/><U134/><E11/><V104/><F133/><N who="1" m="51305" /><E2/><V103/><F31/><W6/><G17/><T126/><D121/><U81/><E21/><V120/><F120/><W13/><G7/><N who="0" m="1383" /><D126/><U39/><E26/><V29/><F29/><W105/><G105/><T50/><D14/><U131/><E39/><V115/><F115/><W53/><G27/><T63/><D50/><U97/><E131/><V51/><F66/><W130/><G130/><T60/><D63/><U112/><E112/><V15/><F103/><N who="0" m="39498" /><D60/><U77/><E97/><V65/><F65/><W4/><G4/><T135/><D135/><U48/><E48/><V119/><F104/><W98/><G98/><T1/><D1/><U5/><E5/><V82/><F119/><W45/><G25/><T88/><D128/><U12/><E12/><V84/><F37/><N who="3" m="21743" /><G56/><T44/><D88/><U55/><E55/><N who="3" m="21002" /><G47/><T20/><D20/><U18/><E18/><V96/><F96/><W34/><G34/><T69/><D69/><U35/><E35/><V90/><F38/><W49/><G49/><T58/><D58/><U24/><E24/><V64/><F51/><W106/><G106/><T22/><D22/><U42/><E42/><RYUUKYOKU ba="0,0" sc="65,10,329,10,173,-30,433,10" hai0="36,40,44,73,78,110,111" hai1="74,77,79,80,81,86,93,95,108,109" hai3="6,9,13,28,30,87,91" /><INIT seed="3,1,0,0,1,59" ten="75,339,143,443" oya="3" hai0="27,1,28,116,55,97,100,82,114,87,124,115,131" hai1="110,106,45,65,132,3,39,33,73,17,99,54,133" hai2="84,0,117,29,60,122,57,91,109,135,89,32,8" hai3="71,51,92,111,64,24,38,26,128,68,90,18,127"/><W4/><G38/><T120/><D116/><U53/><E3/><V43/><F109/><W129/><G4/><T25/><D120/><U58/><E73/><V13/><F0/><W50/><G111/><T112/><D1/><U75/><E75/><V23/><F32/><W78/><G78/><T44/><D124/><U103/><E110/><V5/><F117/><W22/><G26/><T113/><D131/><N who="3" m="50249" /><G127/><T86/><D86/><U42/><E33/><V20/><F135/><N who="1" m="51785" /><E17/><V85/><F43/><W104/><G104/><T80/><D80/><U69/><E69/><N who="3" m="26698" /><G64/><T47/><D27/><U35/><E35/><V52/><F122/><W62/><G62/><AGARI ba="1,0" hai="39,42,45,53,54,58,62,65,99,103,106" m="51785" machi="62" ten="30,2000,0" yaku="20,1,52,1" doraHai="59" who="1" fromWho="3" sc="75,0,339,23,143,0,443,-23" /><INIT seed="4,0,0,5,5,3" ten="75,362,143,420" oya="0" hai0="124,42,93,37,86,29,58,116,84,82,96,25,119" hai1="67,65,66,55,32,101,74,130,100,34,109,44,132" hai2="133,33,118,7,127,5,97,21,80,128,48,18,111" hai3="35,112,17,134,16,1,87,30,45,76,121,92,56"/><T36/><D124/><U15/><E74/><V14/><F111/><W114/><G1/><T47/><D37/><U78/><E78/><V19/><F33/><W103/><G134/><T64/><D86/><U129/><E109/><V73/><F133/><W38/><G30/><T31/><D31/><U20/><E132/><V49/><F127/><W94/><G35/><T81/><D81/><U99/><E100/><V135/><F135/><W8/><G56/><T115/><D115/><U83/><E83/><V59/><F128/><N who="1" m="49257" /><E55/><V89/><F73/><W10/><G121/><T60/><D82/><U90/><E90/><V52/><F19/><N who="3" m="7243" /><G103/><N who="0" m="60815" /><D84/><U131/><E44/><V50/><F118/><W24/><G76/><T39/><D36/><U123/><E123/><V4/><F80/><W107/><G107/><T2/><D2/><U79/><E79/><V71/><F71/><W46/><G38/><T91/><D91/><U95/><E131/><V28/><F28/><W63/><G87/><T98/><D98/><U41/><E41/><V77/><F77/><W110/><G110/><T68/><D68/><U62/><E62/><V126/><F126/><W27/><G63/><T70/><D70/><U125/><E125/><V6/><N who="2" m="1024" /><DORA hai="69" /><V43/><F43/><W57/><G112/><T61/><D61/><U23/><E32/><V26/><F14/><W88/><G114/><T102/><D102/><U75/><E15/><V12/><F12/><W9/><G88/><T120/><D120/><U104/><E75/><V22/><F22/><AGARI ba="0,0" hai="22,25,29,39,42,47,58,60,64,116,119" m="60815" machi="22" ten="30,2900,0" yaku="25,1,52,1" doraHai="3,69" who="0" fromWho="2" sc="75,29,362,0,143,-29,420,0" /><INIT seed="4,1,0,2,1,109" ten="104,362,114,420" oya="0" hai0="25,21,125,128,127,130,91,39,101,129,112,63,54" hai1="40,42,123,10,107,35,61,16,75,34,44,77,45" hai2="89,103,7,60,81,80,108,93,113,111,74,8,9" hai3="22,32,48,68,53,13,33,62,121,88,67,120,11"/><T31/><D39/><U83/><E123/><N who="3" m="47178" /><G22/><T66/><D54/><U73/><E107/><V5/><F103/><W86/><G48/><T115/><D91/><U119/><E119/><V117/><F117/><W98/><G98/><T116/><D101/><U99/><E99/><V92/><F89/><W82/><G53/><T84/><D84/><U14/><E73/><V30/><F30/><W55/><G55/><T4/><D116/><U135/><E135/><V15/><F15/><W100/><G100/><T76/><D76/><U20/><E61/><V51/><F51/><W114/><G114/><N who="0" m="43563" /><D4/><AGARI ba="1,0" hai="4,11,13,32,33,62,67,68,82,86,88" m="47178" machi="4" ten="30,2000,0" yaku="13,1,54,1" doraHai="109" who="3" fromWho="0" sc="104,-23,362,0,114,0,420,23" /><INIT seed="5,0,0,4,5,83" ten="81,362,114,443" oya="1" hai0="129,96,38,104,82,32,27,116,98,123,52,16,76" hai1="75,95,51,35,33,22,44,12,9,110,4,20,41" hai2="6,132,65,60,55,8,128,72,15,29,131,54,21" hai3="126,67,92,56,17,85,86,14,73,61,5,118,7"/><U3/><E75/><V50/><F72/><W46/><G73/><T127/><D38/><U94/><E110/><V63/><F132/><W125/><G118/><T30/><D116/><U47/><E22/><V90/><F90/><W87/><G92/><T111/><D111/><U62/><E62/><V130/><F50/><W124/><G46/><T135/><D135/><U97/><E94/><V109/><F109/><W81/><G81/><T122/><D127/><U24/><E44/><V13/><F63/><W91/><G91/><T31/><D129/><U108/><E3/><V43/><F43/><W113/><G113/><T74/><D31/><U68/><E68/><N who="2" m="42023" /><F15/><W120/><G120/><N who="0" m="46123" /><D104/><U107/><E107/><V42/><F42/><W115/><G115/><T0/><D0/><U57/><E57/><V39/><F39/><W11/><AGARI ba="0,0" hai="5,7,11,14,17,56,61,67,85,86,87,124,125,126" machi="11" ten="40,8000,1" yaku="0,1,18,1,52,3" doraHai="83" who="3" fromWho="3" sc="81,-20,362,-40,114,-20,443,80" /><INIT seed="6,0,0,1,4,84" ten="61,322,94,523" oya="2" hai0="88,35,117,120,81,134,0,57,39,87,113,36,42" hai1="97,60,10,100,115,13,3,102,106,27,65,33,83" hai2="8,51,30,90,64,112,2,110,124,25,24,86,121" hai3="96,69,80,12,61,133,29,40,129,38,91,76,41"/><V135/><F121/><W99/><G38/><T79/><D120/><U128/><E3/><V127/><F112/><W26/><G96/><T132/><D113/><U92/><E128/><V56/><F135/><N who="0" m="51754" /><D35/><U78/><E115/><V23/><F25/><W9/><G129/><T109/><D0/><U43/><E43/><V77/><F77/><W48/><G61/><T31/><D109/><U122/><E122/><V47/><F110/><W114/><G69/><T6/><D6/><U130/><E130/><V63/><F8/><W66/><G66/><T70/><D70/><U68/><E100/><V123/><F2/><W19/><G48/><T58/><D31/><U126/><E126/><V73/><F73/><W50/><G50/><T21/><D21/><U1/><E1/><V95/><REACH who="2" step="1"/><F123/><REACH who="2" ten="61,322,84,523" step="2"/><W94/><G114/><T34/><D34/><U107/><E27/><V18/><F18/><W16/><G19/><T131/><D131/><U14/><E14/><V82/><F82/><W53/><G133/><T59/><D117/><U62/><E13/><V89/><F89/><W101/><G91/><T103/><D103/><U67/><E10/><V22/><F22/><N who="3" m="15575" /><G80/><N who="0" m="49255" /><D42/><AGARI ba="0,1" hai="23,24,30,42,47,51,56,63,64,86,90,95,124,127" machi="42" ten="40,7700,0" yaku="1,1,52,1,53,1" doraHai="84" doraHaiUra="52" who="2" fromWho="0" sc="61,-77,322,0,84,87,523,0" owari="-16,-52.0,322,12.0,171,-23.0,523,63.0" /></mjloggm>