<mjloggm ver="2.3"><GO type="169" lobby="0"/><UN n0="%E3%81%82%E3%82%8B%E3%81%A6%E3%81%BF%E3%81%97%E3%81%8A%E3%82%93" n1="%E3%81%8A%E3%81%98%E3%81%95%E3%82%93" n2="%74%6F%72%69%30%36%31%32" n3="%E3%82%A6%E3%83%AB%E3%83%88%E3%83%A9%E7%AB%8B%E7%9B%B4" dan="17,18,18,17" rate="2179.61,2244.99,2134.01,2199.83" sx="M,M,M,M"/><TAIKYOKU oya="0"/><INIT seed="0,0,0,4,2,26" ten="250,250,250,250" oya="0" hai0="74,91,55,40,108,2,66,76,31,34,124,5,99" hai1="125,86,73,43,112,24,6,90,87,83,72,71,135" hai2="110,60,37,1,128,77,32,23,48,75,45,107,85" hai3="98,36,38,102,29,105,12,120,18,122,96,35,111"/><T92/><D124/><U33/><E71/><V50/><F23/><W78/><G78/><T93/><D66/><U127/><E43/><V131/><F85/><W104/><G111/><T44/><D108/><U22/><E33/><V27/><F50/><W30/><G18/><T82/><D55/><U56/><E6/><V129/><F110/><W123/><G12/><T80/><D80/><U70/><E70/><V47/><F48/><W58/><G58/><T126/><D126/><N who="1" m="48139" /><E56/><V109/><F109/><W15/><G15/><T25/><D93/><N who="1" m="54487" /><E22/><V89/><F89/><W39/><G35/><T119/><D119/><U69/><E24/><V100/><F60/><W132/><G132/><T4/><REACH who="0" step="1"/><D2/><REACH who="0" ten="240,250,250,250" step="2"/><U3/><E3/><V115/><F1/><W19/><G19/><T101/><D101/><AGARI ba="0,1" hai="29,30,36,38,39,96,98,101,102,104,105,120,122,123" machi="101" ten="50,8000,1" yaku="9,1,13,1,52,2" doraHai="26" who="3" fromWho="0" sc="240,-80,250,0,250,0,250,90" /><INIT seed="1,0,0,5,2,44" ten="160,250,250,340" oya="1" hai0="11,104,39,131,10,91,62,48,26,17,120,60,16" hai1="123,2,3,115,65,83,54,119,35,33,132,92,31" hai2="122,106,89,15,124,109,105,5,22,61,77,73,51" hai3="96,36,127,99,14,98,90,1,23,126,53,46,42"/><U114/><E119/><V69/><F122/><W56/><G1/><T130/><D39/><U85/><E123/><V129/><F89/><W107/><G107/><N who="2" m="40969" /><F22/><W79/><G79/><T32/><D104/><U66/><E54/><V57/><F69/><W88/><G14/><T58/><D120/><U84/><E92/><V133/><F77/><W47/><G47/><T100/><D100/><U118/><E118/><V0/><F73/><W25/><G126/><T95/><D48/><U55/><E55/><N who="2" m="31999" /><F0/><W45/><G127/><T20/><D32/><U97/><E97/><V24/><F24/><W59/><G46/><T113/><D113/><U101/><E101/><V102/><F102/><W76/><G76/><T19/><D130/><U135/><REACH who="1" step="1"/><E31/><REACH who="1" ten="160,240,250,340" step="2"/><V4/><F124/><W112/><G53/><N who="0" m="33871" /><D131/><U87/><E87/><V34/><F129/><W9/><G98/><N who="0" m="57727" /><D62/><U134/><E134/><V82/><F61/><W86/><G99/><T63/><D63/><U68/><E68/><V49/><F133/><W81/><G96/><T103/><D103/><U41/><E41/><V28/><F82/><AGARI ba="0,1" hai="2,3,33,35,65,66,82,83,84,85,114,115,132,135" machi="82" ten="25,4800,0" yaku="1,1,22,2,53,0" doraHai="44" doraHaiUra="37" who="1" fromWho="2" sc="160,0,240,58,250,-48,340,0" /><INIT seed="1,1,0,2,3,9" ten="160,298,202,340" oya="1" hai0="4,7,72,28,36,64,58,29,56,59,66,95,2" hai1="27,67,22,98,21,113,107,132,87,37,118,100,94" hai2="134,52,91,55,40,17,35,117,38,32,133,19,63" hai3="24,111,45,1,53,83,110,42,105,128,70,54,96"/><U10/><E113/><V104/><F104/><W97/><G70/><T6/><D72/><U44/><E118/><V47/><F117/><W16/><G1/><T8/><D36/><U26/><E67/><V69/><F91/><W39/><G83/><T89/><D2/><U135/><E10/><V18/><F69/><W13/><G24/><N who="1" m="9258" /><E44/><V129/><F129/><W82/><G82/><T48/><D48/><U62/><E62/><V31/><F31/><W0/><G0/><T92/><D8/><U101/><E37/><V12/><F12/><W3/><G3/><T109/><D109/><N who="3" m="41481" /><G128/><T25/><D25/><U88/><E101/><V81/><F81/><W14/><G14/><T121/><D121/><U20/><E107/><V43/><F43/><W60/><G105/><T130/><D130/><U74/><E74/><V102/><F102/><W75/><G75/><T50/><D50/><U11/><E11/><V126/><F126/><W61/><G60/><T84/><REACH who="0" step="1"/><D95/><REACH who="0" ten="150,298,202,340" step="2"/><U86/><E135/><N who="2" m="51723" /><F63/><W30/><G61/><T68/><D68/><U85/><E132/><V103/><F35/><W131/><G131/><T108/><D108/><U73/><E73/><V41/><F32/><W51/><G39/><T124/><D124/><U57/><E57/><V99/><F41/><W33/><G33/><T65/><AGARI ba="1,1" hai="4,6,7,28,29,56,58,59,64,65,66,84,89,92" machi="65" ten="40,12000,2" yaku="1,1,0,1,29,2,8,1,53,1" doraHai="9" doraHaiUra="80" who="0" fromWho="0" sc="150,133,298,-61,202,-31,340,-31" /><INIT seed="2,0,0,4,3,68" ten="283,237,171,309" oya="2" hai0="90,49,71,127,26,126,8,62,76,115,22,103,132" hai1="46,109,120,91,28,84,20,64,19,31,7,36,117" hai2="42,54,14,59,10,82,95,39,21,61,44,92,51" hai3="48,88,83,102,98,81,77,34,110,70,30,111,40"/><V131/><F131/><W13/><G70/><T65/><D115/><U116/><E109/><N who="3" m="41482" /><G30/><T56/><D132/><U135/><E135/><V63/><F21/><W80/><G34/><T5/><D103/><U66/><E7/><V104/><F104/><N who="3" m="63575" /><G13/><T75/><D90/><U27/><E120/><V6/><F63/><W69/><G69/><T122/><D122/><U128/><E128/><V45/><REACH who="2" step="1"/><F82/><REACH who="2" ten="283,237,161,309" step="2"/><W107/><G107/><T67/><D62/><U43/><E117/><V78/><F78/><W97/><G77/><T23/><D76/><U37/><E116/><V4/><F4/><W74/><G74/><T133/><D75/><U99/><E20/><V29/><F29/><W125/><G83/><T129/><D129/><U72/><E72/><V123/><F123/><W94/><G125/><T101/><D126/><U124/><E124/><V121/><F121/><W11/><G11/><T32/><D127/><U3/><E31/><V50/><F50/><W41/><G80/><T38/><D49/><U118/><E28/><V58/><F58/><W9/><G81/><T130/><D56/><U113/><E118/><V89/><F89/><W47/><G9/><T60/><D130/><U18/><E91/><V52/><AGARI ba="0,1" hai="6,10,14,39,42,44,45,51,52,54,59,61,92,95" machi="52" ten="20,18000,2" yaku="1,1,0,1,7,1,52,1,54,1,53,1" doraHai="68" doraHaiUra="1" who="2" fromWho="2" sc="283,-60,237,-60,161,190,309,-60" /><INIT seed="2,1,0,4,4,91" ten="223,177,351,249" oya="2" hai0="32,134,92,18,84,71,75,36,74,115,121,44,112" hai1="42,90,99,26,60,16,67,82,1,86,116,96,21" hai2="124,53,28,46,117,102,39,51,77,68,29,122,57" hai3="95,81,98,50,3,119,33,17,135,4,93,14,7"/><V120/><F117/><W58/><G33/><T20/><D32/><U108/><E116/><V69/><F77/><W37/><G37/><T105/><D105/><U129/><E108/><V2/><F2/><W73/><G119/><T80/><D71/><N who="2" m="27210" /><F102/><W127/><G3/><T12/><D121/><N who="2" m="46698" /><F29/><W10/><G73/><T72/><D134/><U111/><E111/><V52/><F28/><W41/><G135/><T34/><D34/><U25/><E129/><V85/><F85/><W100/><G81/><T64/><D64/><U79/><E42/><N who="2" m="22879" /><F53/><W62/><G7/><T131/><D131/><U27/><E1/><V35/><F35/><W8/><G4/><T5/><D5/><U66/><E99/><V0/><F0/><W22/><G10/><T126/><D92/><N who="1" m="56343" /><E60/><V83/><F83/><W15/><G8/><T30/><D30/><U19/><E19/><V104/><F104/><W132/><G132/><T114/><D84/><U125/><E125/><AGARI ba="1,0" hai="51,52,57,124,125" m="22879,46698,27210" machi="125" ten="40,7700,0" yaku="34,2,54,1" doraHai="91" who="2" fromWho="1" sc="223,0,177,-80,351,80,249,0" /><INIT seed="2,2,0,2,0,48" ten="223,97,431,249" oya="2" hai0="6,134,45,37,126,36,14,31,71,79,114,73,43" hai1="67,127,91,92,25,106,3,84,83,12,78,86,121" hai2="53,51,69,124,85,133,102,60,20,74,0,118,88" hai3="77,108,39,76,95,40,116,117,82,109,98,99,4"/><V38/><F118/><W131/><G40/><T55/><D114/><U107/><E3/><V22/><F74/><W46/><G46/><T90/><D134/><U41/><E41/><V111/><F38/><W87/><G39/><T80/><D126/><U93/><E67/><V110/><F0/><W65/><G65/><T104/><D104/><N who="1" m="39979" /><E25/><V28/><F102/><W21/><G21/><T44/><D71/><U26/><E26/><V63/><F124/><W64/><G4/><T100/><D100/><U47/><E12/><V52/><F133/><W122/><G64/><T119/><D119/><U103/><E47/><V2/><F2/><W27/><G27/><T33/><D33/><U89/><E121/><V128/><F128/><W13/><G13/><T56/><D31/><U68/><E68/><V129/><F129/><W101/><G131/><T15/><D6/><U123/><E123/><V29/><F69/><W54/><G122/><T5/><D5/><U32/><E32/><V11/><F11/><W9/><G9/><T66/><D66/><U42/><E42/><V70/><F70/><W94/><G54/><N who="2" m="21097" /><F51/><W61/><G101/><T23/><D37/><U96/><E127/><V125/><F125/><W19/><G116/><T35/><D35/><U24/><E24/><V1/><F1/><W50/><G50/><T120/><D120/><U10/><E10/><V130/><F130/><W132/><G117/><T112/><D36/><U97/><E103/><V17/><F29/><W49/><G49/><T113/><D113/><U62/><E62/><N who="2" m="23595" /><F28/><W57/><G132/><T115/><D112/><RYUUKYOKU ba="2,0" sc="223,-10,97,30,431,-10,249,-10" hai1="78,83,84,86,89,91,92,93,96,97" /><INIT seed="3,3,0,2,3,108" ten="213,127,421,239" oya="3" hai0="11,29,69,62,42,116,18,71,82,58,99,106,45" hai1="124,57,4,12,102,77,135,95,118,31,105,92,134" hai2="51,121,7,26,84,94,107,128,75,25,125,22,66" hai3="74,33,109,40,28,122,52,23,129,93,101,5,98"/><W3/><G122/><T44/><D116/><U36/><E36/><V88/><F107/><W43/><G109/><T39/><D29/><U97/><E118/><V27/><F75/><W19/><G129/><T127/><D127/><U100/><E124/><V86/><F128/><W54/><G74/><T111/><D111/><U72/><E31/><V96/><F125/><W91/><G5/><T6/><D18/><U65/><E65/><V17/><F7/><W24/><G3/><T133/><D133/><N who="1" m="50699" /><E57/><V87/><F121/><W48/><G101/><T56/><D45/><U14/><E4/><V76/><F76/><W2/><G2/><T89/><D56/><U131/><E131/><V67/><F51/><W0/><G0/><T70/><D106/><U90/><E12/><AGARI ba="3,0" hai="12,17,22,25,26,27,66,67,84,86,87,88,94,96" machi="12" ten="40,2600,0" yaku="8,1,54,1" doraHai="108" who="2" fromWho="1" sc="213,0,127,-35,421,35,239,0" /><INIT seed="4,0,0,2,4,108" ten="213,92,456,239" oya="0" hai0="7,123,2,49,14,19,44,126,89,60,133,102,53" hai1="69,120,127,122,86,112,31,90,68,45,85,40,103" hai2="92,128,61,21,65,121,91,38,93,39,16,106,77" hai3="6,111,17,97,79,80,99,119,118,26,33,34,18"/><T20/><D123/><U74/><E74/><V71/><F106/><W76/><G6/><T114/><D126/><U72/><E72/><V25/><F128/><W100/><G80/><T57/><D133/><U35/><E127/><V59/><F77/><W113/><G26/><T29/><D114/><U130/><E130/><V3/><F3/><W0/><G0/><T51/><D102/><U87/><E90/><V64/><F121/><W23/><G23/><T63/><D29/><U95/><E95/><V104/><F104/><W50/><G50/><T62/><D2/><U47/><E103/><V37/><F93/><W82/><G82/><T78/><D78/><U131/><E131/><V73/><F73/><W83/><G83/><T88/><REACH who="0" step="1"/><D7/><REACH who="0" ten="203,92,456,239" step="2"/><U10/><E112/><V81/><F81/><W96/><G100/><T13/><D13/><U125/><E125/><V43/><F43/><AGARI ba="0,1" hai="14,19,20,43,44,49,51,53,57,60,62,63,88,89" machi="43" ten="40,12000,1" yaku="1,1,8,1,54,1,53,1" doraHai="108" doraHaiUra="15" who="0" fromWho="2" sc="203,130,92,0,456,-120,239,0" /><INIT seed="4,1,0,2,1,50" ten="333,92,336,239" oya="0" hai0="13,134,95,59,38,96,29,97,43,62,126,55,39" hai1="89,34,115,40,111,98,27,114,31,104,132,101,71" hai2="36,68,113,91,131,81,84,22,102,66,112,48,41" hai3="107,32,76,67,23,116,133,24,94,19,14,103,61"/><T5/><D126/><U78/><E111/><V122/><F36/><W86/><G116/><T106/><D134/><U47/><E132/><V9/><F122/><W25/><G133/><T33/><D106/><U58/><E89/><V83/><F131/><W82/><G107/><T26/><D43/><U121/><E121/><V7/><F102/><W69/><G32/><T54/><D97/><U18/><E18/><V0/><F22/><W2/><G2/><T52/><D5/><U108/><E108/><V10/><F10/><W16/><REACH who="3" step="1"/><G19/><REACH who="3" ten="333,92,336,229" step="2"/><T74/><D74/><U28/><E34/><V51/><F0/><W118/><G118/><T105/><D105/><U70/><E104/><V30/><F30/><W35/><G35/><T17/><D38/><U21/><E31/><V3/><F113/><W60/><G60/><T64/><D39/><U88/><E28/><V77/><F112/><W75/><G75/><T6/><D6/><U127/><E115/><V90/><F3/><W42/><G42/><T4/><D4/><U135/><E40/><V99/><F41/><W87/><G87/><T15/><REACH who="0" step="1"/><D17/><REACH who="0" ten="323,92,336,229" step="2"/><U80/><E114/><V124/><F7/><W8/><G8/><T73/><D73/><U63/><E135/><V56/><F9/><W93/><G93/><T85/><D85/><U57/><E98/><AGARI ba="1,2" hai="14,16,23,24,25,61,67,69,76,82,86,94,98,103" machi="98" ten="40,2600,0" yaku="1,1,54,1,53,0" doraHai="50" doraHaiUra="110" who="3" fromWho="1" sc="323,0,92,-29,336,0,229,49" /><INIT seed="5,0,0,1,3,70" ten="323,63,336,278" oya="1" hai0="39,118,12,48,134,94,126,63,135,34,101,81,18" hai1="113,114,4,24,73,21,19,49,119,85,121,5,132" hai2="27,57,65,51,82,87,79,58,97,41,122,22,2" hai3="80,1,20,107,31,36,108,23,115,6,111,83,109"/><U11/><E73/><V9/><F122/><W42/><G107/><T67/><D118/><U52/><E121/><V92/><F2/><W59/><G115/><N who="1" m="44042" /><E119/><V133/><F133/><N who="0" m="50698" /><D126/><U125/><E125/><V38/><F38/><W46/><G6/><T50/><D39/><U44/><E132/><V127/><F9/><W13/><G1/><T29/><D81/><U106/><E106/><V15/><F15/><W77/><G59/><N who="0" m="37375" /><D29/><N who="1" m="17551" /><E85/><V71/><F71/><W116/><G116/><T98/><D34/><U103/><E103/><N who="2" m="60839" /><F127/><W95/><G95/><T60/><D60/><U130/><E130/><V131/><F65/><W40/><G83/><T91/><D101/><U102/><E102/><V37/><F37/><W129/><G129/><T105/><D105/><U32/><E32/><V75/><F75/><W90/><G80/><T99/><D99/><U89/><E89/><V110/><F131/><W61/><G90/><T7/><D7/><U33/><E33/><V35/><F35/><W43/><G77/><T104/><D104/><U120/><E120/><V62/><F62/><W30/><G61/><T88/><D91/><U55/><E55/><V124/><F124/><W74/><G74/><T17/><D17/><U123/><E123/><V0/><F0/><W93/><G93/><T72/><D72/><U117/><E117/><V100/><F100/><W16/><G31/><T56/><D56/><U26/><E11/><AGARI ba="0,0" hai="11,12,18,48,50,88,94,98" m="37375,50698" machi="11" ten="30,2000,0" yaku="20,1,54,1" doraHai="70" who="0" fromWho="1" sc="323,20,63,-20,336,0,278,0" /><INIT seed="6,0,0,0,1,11" ten="343,43,336,278" oya="2" hai0="103,124,26,72,63,78,25,59,71,3,116,98,102" hai1="100,82,57,44,129,113,1,34,16,70,83,19,79" hai2="117,131,106,22,121,7,89,42,6,27,107,127,31" hai3="90,32,120,60,51,109,40,37,9,48,24,118,134"/><V15/><F121/><W115/><G109/><T49/><D116/><U101/><E70/><V47/><F117/><W8/><G118/><T41/><D124/><U14/><E1/><V133/><F127/><W36/><G120/><T21/><D71/><U84/><E129/><V61/><F131/><W110/><G110/><T105/><D3/><U69/><E69/><V29/><F61/><W62/><G115/><T112/><D112/><U56/><E113/><V114/><F114/><W81/><G134/><T122/><D122/><U2/><E2/><V132/><F89/><W20/><G32/><T33/><D102/><U135/><E135/><N who="2" m="51787" /><F31/><W18/><G37/><T12/><D33/><U67/><E34/><V30/><F30/><W17/><G36/><T74/><D78/><U53/><E67/><V23/><F6/><W52/><G62/><T123/><D123/><U88/><E44/><V45/><F45/><N who="3" m="25639" /><G60/><T94/><D63/><N who="1" m="36239" /><E57/><V0/><F0/><W111/><G18/><T46/><D59/><U68/><E68/><V86/><F86/><N who="3" m="50511" /><G111/><T10/><D74/><U87/><E19/><N who="2" m="10623" /><F7/><W38/><G38/><AGARI ba="0,0" hai="23,27,29,38,42,47,106,107" m="10623,51787" machi="38" ten="30,2900,0" yaku="20,1,52,1" doraHai="11" who="2" fromWho="3" sc="343,0,43,0,336,29,278,-29" /><INIT seed="6,1,0,0,4,44" ten="343,43,365,249" oya="2" hai0="127,73,109,112,135,74,33,9,92,85,100,58,77" hai1="84,43,19,122,65,34,66,76,5,47,12,119,30" hai2="78,105,46,37,40,114,8,108,91,35,111,31,107" hai3="98,97,24,17,29,15,126,132,69,80,57,113,25"/><V93/><F114/><W104/><G69/><T95/><D33/><U79/><E119/><V117/><F117/><W131/><G113/><T41/><D109/><N who="2" m="42058" /><F78/><W62/><G126/><T70/><D112/><U96/><E122/><V81/><F81/><W90/><G131/><T53/><D70/><U106/><E34/><V49/><F37/><W54/><G132/><T55/><D135/><U18/><E30/><V42/><F42/><W128/><G128/><T102/><D127/><U86/><E106/><V1/><F31/><W27/><G104/><T13/><D41/><U101/><E101/><N who="0" m="39017" /><D73/><U4/><E96/><N who="2" m="57407" /><F35/><W22/><G29/><T28/><D28/><U83/><E76/><V115/><F115/><W21/><G21/><T2/><D2/><U110/><E86/><AGARI ba="1,0" hai="15,17,22,24,25,27,54,57,62,80,86,90,97,98" machi="86" ten="40,1300,0" yaku="8,1" doraHai="44" who="3" fromWho="1" sc="343,0,43,-16,365,0,249,16" /><INIT seed="7,0,0,1,0,41" ten="343,27,365,265" oya="3" hai0="82,39,66,40,47,8,69,128,10,22,7,130,11" hai1="111,65,131,75,5,67,29,36,20,93,50,52,78" hai2="127,104,33,121,18,85,53,62,120,15,91,125,63" hai3="2,59,99,115,73,89,61,108,88,24,95,81,35"/><W4/><G115/><T126/><D126/><N who="2" m="48138" /><F104/><W80/><G108/><T87/><D22/><U54/><E93/><N who="2" m="54511" /><F33/><W34/><G34/><T58/><D69/><U38/><E78/><V30/><F30/><W19/><G73/><T6/><D58/><U21/><E29/><V45/><F45/><W44/><G35/><T86/><D66/><U70/><E5/><V28/><F28/><W23/><G4/><T46/><D46/><U102/><E102/><V119/><F119/><W56/><G2/><T14/><D87/><U109/><E75/><V101/><F101/><W48/><G89/><T60/><D60/><N who="2" m="23082" /><F53/><N who="3" m="33935" /><G59/><T83/><D83/><U43/><E70/><V90/><F90/><W32/><G32/><T105/><D105/><U124/><E124/><V123/><F123/><W97/><G97/><T117/><D117/><U79/><E79/><V68/><F68/><W116/><G116/><T96/><D96/><U100/><E100/><V25/><F25/><W51/><G51/><T133/><D133/><U49/><E20/><AGARI ba="0,0" hai="15,18,20,120,121" m="23082,54511,48138" machi="20" ten="30,1000,0" yaku="18,1" doraHai="41" who="2" fromWho="1" sc="343,0,27,-10,365,10,265,0" owari="343,14.0,17,-48.0,375,47.0,265,-13.0" /></mjloggm>