<mjloggm ver="2.3"><GO type="97" lobby="0"/><UN n0="%E5%B0%B1%E6%B4%BB%E7%94%9F%40%E5%B7%9D%E6%9D%91%E8%BB%8D%E5%9B%A3" n1="%E3%83%81%E3%82%AD%E3%83%B3%EF%BC%92" n2="%63%68%75%62%75%37%34" n3="%E9%88%B4%E6%9C%A8%E7%88%86%E7%99%BA%E3%80%82" dan="15,14,15,14" rate="1996.00,1973.04,2031.64,1901.49" sx="M,M,M,M"/><TAIKYOKU oya="0"/><INIT seed="0,0,0,0,5,10" ten="250,250,250,250" oya="0" hai0="125,80,99,119,78,134,45,112,133,88,96,128,109" hai1="9,79,59,60,26,65,118,120,56,84,82,93,41" hai2="130,132,52,57,3,86,4,117,58,50,21,115,110" hai3="76,46,6,0,66,126,75,23,67,8,62,40,33"/><T1/><D1/><U129/><E120/><V114/><F3/><W16/><G33/><T11/><D119/><U39/><E118/><V30/><F117/><W2/><G2/><T28/><D28/><U24/><E129/><V69/><F69/><W90/><G90/><T100/><D112/><U48/><E39/><V35/><F35/><W111/><G111/><T32/><D32/><U123/><E123/><V103/><F110/><W68/><G126/><T15/><D109/><U135/><E135/><N who="0" m="51721" /><D128/><U74/><E74/><V87/><F130/><W34/><G34/><T101/><D45/><U7/><E93/><V131/><F132/><W92/><G92/><N who="0" m="56327" /><D99/><U121/><E121/><V77/><F131/><W55/><G67/><T42/><D42/><U25/><E59/><V108/><F108/><W85/><G75/><N who="0" m="43103" /><D125/><U51/><REACH who="1" step="1"/><E41/><REACH who="1" ten="250,240,250,250" step="2"/><V83/><F115/><W61/><G40/><T71/><D71/><U18/><E18/><AGARI ba="0,1" hai="11,15,18,100,101" m="43103,56327,51721" machi="18" ten="30,5800,0" yaku="20,1,52,1,54,1" doraHai="10" who="0" fromWho="1" sc="250,68,240,-58,250,0,250,0" /><INIT seed="0,1,0,4,0,49" ten="318,182,250,250" oya="0" hai0="125,36,58,12,112,71,98,15,2,55,130,73,115" hai1="86,126,33,94,38,39,68,117,132,93,30,134,114" hai2="20,133,63,113,28,0,76,108,85,102,50,5,83" hai3="92,124,72,17,52,37,74,78,66,103,120,21,18"/><T106/><D71/><U56/><E68/><V67/><F113/><W99/><G37/><N who="1" m="13834" /><E117/><V24/><F133/><N who="1" m="51305" /><E86/><V16/><F108/><W89/><G120/><T79/><D36/><U87/><E87/><V104/><F5/><W129/><G129/><T122/><D2/><U26/><E114/><V91/><F0/><W11/><G124/><T128/><D122/><U119/><E119/><V9/><F102/><W54/><G66/><T27/><D125/><U1/><E1/><V3/><F104/><W64/><G64/><T60/><D27/><U29/><E29/><V107/><F107/><W90/><G78/><T77/><D106/><U10/><E10/><V22/><F76/><N who="0" m="29258" /><D98/><U61/><E126/><V42/><F9/><W47/><G11/><T31/><D31/><U118/><E118/><V84/><F84/><W45/><G99/><T40/><D40/><U96/><E96/><V44/><F3/><W8/><G8/><T43/><D43/><U69/><E69/><V95/><F95/><W82/><G92/><T109/><D73/><U110/><E110/><V23/><F28/><W131/><G103/><T4/><D109/><U35/><E35/><V100/><F100/><W65/><G65/><AGARI ba="1,0" hai="26,30,33,56,61,65,93,94" m="51305,13834" machi="65" ten="30,1000,0" yaku="20,1" doraHai="49" who="1" fromWho="3" sc="318,0,182,13,250,0,250,-13" /><INIT seed="1,0,0,5,2,60" ten="318,195,250,237" oya="1" hai0="83,54,17,105,9,98,33,12,132,99,46,10,88" hai1="11,24,0,73,106,108,57,122,23,126,59,28,102" hai2="94,41,82,14,42,36,120,118,25,97,110,63,90" hai3="129,74,8,121,96,84,70,114,13,27,78,20,91"/><U37/><E122/><V71/><F120/><W58/><G121/><T44/><D33/><U113/><E113/><V65/><F118/><W87/><G70/><T109/><D109/><U7/><E37/><V127/><F110/><W16/><G114/><T31/><D132/><U133/><E108/><V51/><F36/><W123/><G123/><T130/><D130/><U21/><E133/><V104/><F127/><W112/><G112/><T75/><D31/><U52/><E73/><V128/><F128/><W135/><G129/><T134/><D134/><U40/><E40/><V80/><F14/><W76/><G135/><T30/><D30/><U18/><E126/><V95/><F104/><W39/><G39/><T131/><D131/><U107/><E102/><V81/><F25/><W48/><G74/><T115/><D115/><U32/><E23/><V66/><F51/><W86/><G96/><N who="0" m="36907" /><D75/><U69/><E69/><V3/><F3/><W117/><G117/><T5/><D5/><U64/><E64/><N who="2" m="24683" /><F71/><W2/><G2/><T19/><D105/><U67/><E67/><V35/><F63/><W47/><G58/><T43/><D43/><N who="2" m="16394" /><F35/><W56/><G56/><N who="1" m="21578" /><E52/><V77/><F95/><N who="3" m="54759" /><G78/><AGARI ba="0,0" hai="77,78,80,81,82,90,94,97" m="16394,24683" machi="78" ten="30,7700,0" yaku="8,1,52,3" doraHai="60" who="2" fromWho="3" sc="318,0,195,0,250,77,237,-77" /><INIT seed="2,0,0,0,4,39" ten="318,195,327,160" oya="2" hai0="37,119,48,111,5,6,122,101,38,45,52,41,99" hai1="60,49,2,96,98,64,24,100,61,132,58,85,72" hai2="70,125,80,117,130,102,79,73,42,68,112,23,97" hai3="87,53,9,113,81,108,13,131,78,0,124,86,106"/><V18/><F112/><W92/><G113/><T133/><D119/><U93/><E2/><V91/><F117/><W89/><G106/><T107/><D122/><U74/><E132/><V43/><F130/><W71/><G131/><T90/><D133/><U29/><E85/><V33/><F33/><W65/><G124/><T63/><D111/><U77/><E77/><V10/><F125/><W88/><G108/><T32/><D32/><U27/><E27/><V11/><F91/><W134/><G0/><T127/><D127/><U83/><E83/><V62/><F11/><W75/><G53/><T3/><D90/><U17/><E17/><V126/><F10/><W25/><G25/><T116/><D116/><U8/><E8/><V118/><F118/><W21/><G21/><T103/><D103/><U12/><E12/><V19/><F19/><W31/><G31/><T55/><D3/><U115/><E115/><V36/><F36/><W121/><G121/><T22/><D22/><U51/><E72/><V84/><F73/><W4/><G134/><T76/><D76/><U44/><E74/><V94/><F126/><W46/><G46/><T129/><D129/><U57/><E44/><V66/><F70/><W114/><G114/><T35/><D35/><U28/><E98/><V7/><F7/><W82/><G71/><T54/><D63/><U50/><E24/><AGARI ba="0,0" hai="18,23,24,42,43,62,66,68,79,80,84,94,97,102" machi="24" ten="30,5800,0" yaku="7,1,52,2" doraHai="39" who="2" fromWho="1" sc="318,0,195,-58,327,58,160,0" /><INIT seed="2,1,0,0,2,42" ten="318,137,385,160" oya="2" hai0="67,122,124,76,121,115,101,111,5,81,17,58,116" hai1="3,9,45,71,65,40,80,51,117,87,120,44,36" hai2="64,41,104,126,100,63,15,11,112,34,13,27,61" hai3="89,133,54,43,26,94,21,62,85,19,91,57,1"/><V46/><F112/><W82/><G133/><T79/><D115/><U0/><E117/><V72/><F72/><W110/><G110/><T4/><D116/><U119/><E119/><V96/><F126/><W18/><G1/><T114/><D114/><U12/><E120/><V70/><F63/><W131/><G131/><T98/><D124/><U84/><E71/><V73/><F73/><W127/><G43/><T28/><D111/><U29/><E29/><N who="2" m="19775" /><F11/><W2/><G2/><T16/><D58/><U33/><E33/><V109/><F109/><W113/><G113/><T74/><D67/><U60/><E65/><V130/><F130/><W106/><G106/><T48/><D48/><AGARI ba="1,0" hai="13,15,41,46,48,61,64,70,96,100,104" m="19775" machi="48" ten="30,2900,0" yaku="25,1,52,1" doraHai="42" who="2" fromWho="0" sc="318,-32,137,0,385,32,160,0" /><INIT seed="2,2,0,3,5,3" ten="286,137,417,160" oya="2" hai0="16,78,7,133,39,92,85,10,79,32,95,22,30" hai1="86,76,50,134,73,40,38,110,4,58,122,121,37" hai2="26,56,123,131,57,18,98,19,107,42,101,64,47" hai3="2,59,75,31,55,35,91,12,129,23,28,128,87"/><V36/><F123/><N who="1" m="47113" /><E73/><V109/><F131/><N who="3" m="50251" /><G75/><T88/><D39/><N who="1" m="14859" /><E76/><N who="0" m="29225" /><D32/><U21/><E21/><V116/><F116/><W11/><G2/><T132/><D30/><U72/><E72/><V68/><F109/><W81/><G23/><T96/><D10/><U70/><E86/><V6/><F6/><N who="3" m="3191" /><G35/><T82/><D7/><U33/><E33/><V43/><F43/><W103/><G103/><N who="0" m="60807" /><D133/><U105/><E105/><V74/><F74/><W61/><AGARI ba="2,0" hai="28,31,55,59,61,81,87,91" m="3191,50251" machi="61" ten="30,2000,0" yaku="19,1,52,1" doraHai="3" who="3" fromWho="3" sc="286,-7,137,-7,417,-12,160,26" /><INIT seed="3,0,0,2,4,5" ten="279,130,405,186" oya="3" hai0="16,109,58,91,75,26,97,17,93,31,67,73,9" hai1="126,111,81,37,47,101,60,79,28,18,46,131,108" hai2="62,66,122,51,94,63,33,78,0,23,49,100,3" hai3="54,71,87,86,106,25,21,110,24,53,55,124,132"/><W56/><G106/><T83/><D109/><U130/><E28/><V15/><F33/><W7/><G71/><T135/><D135/><U105/><E18/><V43/><F122/><W6/><G132/><T102/><D67/><U12/><E12/><V68/><F78/><W88/><G110/><N who="1" m="42026" /><E60/><V57/><F43/><W45/><G45/><T38/><D38/><U85/><E37/><V39/><F39/><W115/><G115/><T30/><D58/><U29/><E29/><V59/><F68/><W84/><G124/><T98/><D31/><U41/><E41/><V13/><F3/><W36/><G36/><T133/><D133/><U117/><E117/><V80/><F0/><W95/><G56/><T20/><D83/><U104/><E47/><V92/><F80/><W99/><G25/><T70/><D70/><U74/><E46/><V11/><F23/><W65/><G65/><T114/><D114/><U103/><E126/><V27/><F27/><W127/><G127/><T82/><D82/><U32/><E32/><V72/><F72/><W96/><G96/><T116/><D116/><U123/><E123/><V48/><F100/><N who="1" m="38473" /><E74/><V64/><F15/><W4/><G4/><AGARI ba="0,0" hai="4,11,13,48,49,51,57,59,62,63,64,66,92,94" machi="4" ten="40,5200,0" yaku="9,1,8,1,52,1" doraHai="5" who="2" fromWho="3" sc="279,0,130,0,405,52,186,-52" owari="279,8.0,130,-37.0,457,56.0,134,-27.0" /></mjloggm>