<mjloggm ver="2.3"><GO type="97" lobby="0"/><UN n0="%6B%6F%2D%73%68%69%72%6F" n1="%6E%6B%30%39%31%30" n2="%E3%82%A6%E3%83%AB%E3%83%88%E3%83%A9%E7%AB%8B%E7%9B%B4" n3="%E4%BA%8C%E9%B3%A5" dan="13,15,14,13" rate="1847.89,2063.32,1948.58,2045.60" sx="M,M,M,M"/><TAIKYOKU oya="0"/><INIT seed="0,0,0,2,0,16" ten="250,250,250,250" oya="0" hai0="68,104,100,80,45,78,61,67,17,14,23,66,12" hai1="30,26,18,25,49,109,48,52,50,46,115,47,122" hai2="102,3,88,118,96,29,0,79,114,20,97,21,13" hai3="131,111,36,27,121,42,98,85,69,53,4,9,76"/><T86/><D104/><U125/><E122/><V1/><F114/><W39/><G121/><T124/><D124/><U94/><E125/><V84/><F118/><W129/><G111/><T110/><D100/><U8/><E109/><V71/><F71/><W120/><G120/><T117/><D110/><U64/><E115/><V90/><F79/><W55/><G69/><T91/><D117/><U54/><E64/><V5/><F29/><W33/><G98/><N who="2" m="37993" /><F102/><W77/><G42/><T6/><D66/><U37/><E37/><N who="3" m="14410" /><G33/><T56/><D45/><N who="1" m="27663" /><E30/><V103/><F103/><W89/><G27/><T2/><D68/><U65/><E65/><V123/><F123/><W28/><G28/><T133/><D2/><U135/><E135/><V57/><F84/><W59/><G77/><T106/><D106/><U10/><E94/><V41/><F41/><W43/><G76/><T82/><D133/><U99/><E99/><V83/><F83/><N who="3" m="49343" /><G43/><T108/><D108/><U24/><E18/><V70/><F70/><W112/><G112/><T7/><REACH who="0" step="1"/><D12/><REACH who="0" ten="240,250,250,250" step="2"/><U63/><E47/><V101/><F101/><W92/><G59/><T73/><AGARI ba="0,1" hai="6,7,14,17,23,56,61,67,73,78,80,82,86,91" machi="73" ten="20,18000,2" yaku="1,1,2,1,0,1,7,1,52,1,53,1" doraHai="16" doraHaiUra="87" who="0" fromWho="0" sc="240,190,250,-60,250,-60,250,-60" /><INIT seed="0,1,0,5,5,0" ten="430,190,190,190" oya="0" hai0="59,37,110,41,62,80,122,100,10,86,119,28,105" hai1="125,103,2,101,1,13,84,55,106,24,38,26,21" hai2="46,132,61,96,35,107,39,12,97,109,90,112,9" hai3="68,40,51,7,116,111,65,128,29,113,99,115,124"/><T88/><D122/><U3/><E38/><V49/><F112/><W135/><G116/><T123/><D119/><U5/><E125/><V82/><F109/><W108/><G124/><T87/><D123/><U114/><E114/><N who="3" m="43530" /><G99/><T20/><D110/><N who="3" m="42025" /><G29/><T104/><D10/><U34/><E106/><V81/><F132/><W75/><G75/><T126/><D126/><U93/><E34/><V76/><F39/><W23/><G23/><T32/><D32/><U27/><E55/><V45/><F35/><W64/><G135/><T70/><D70/><U57/><E57/><V66/><F107/><W91/><G91/><T30/><D86/><U8/><REACH who="1" step="1"/><E21/><REACH who="1" ten="430,180,190,190" step="2"/><V6/><F46/><W71/><G128/><T67/><D105/><U92/><E92/><V129/><F129/><W11/><G71/><T73/><D20/><U95/><E95/><V25/><F81/><W48/><G68/><T22/><D22/><U77/><E77/><V120/><F25/><W85/><G40/><T130/><D130/><U36/><E36/><V94/><F120/><W14/><G65/><T118/><D118/><U117/><E117/><V44/><F96/><W127/><G64/><T69/><D69/><U74/><E74/><V56/><REACH who="2" step="1"/><F49/><REACH who="2" ten="430,180,180,190" step="2"/><W79/><G127/><T43/><D37/><U33/><E33/><V17/><F17/><W18/><G18/><T121/><D121/><U50/><E50/><V133/><F133/><W134/><G134/><T89/><D73/><AGARI ba="1,2" hai="6,9,12,44,45,56,61,66,73,76,82,90,94,97" machi="73" ten="30,7700,0" yaku="1,1,7,1,52,1,53,1" doraHai="0" doraHaiUra="78" who="2" fromWho="0" sc="430,-80,180,0,180,100,190,0" /><INIT seed="1,0,0,3,0,15" ten="350,180,280,190" oya="1" hai0="93,60,100,78,2,51,19,57,116,120,36,135,50" hai1="48,23,63,127,99,70,61,91,68,75,55,22,124" hai2="76,52,126,44,87,42,80,108,43,73,111,79,59" hai3="112,8,119,0,62,95,123,35,47,28,41,38,69"/><U81/><E99/><V67/><F126/><N who="1" m="48169" /><E91/><V54/><F67/><W106/><G123/><T18/><D120/><U129/><E81/><V88/><F54/><W125/><G125/><T85/><D116/><U72/><E129/><V37/><F43/><W10/><G112/><T6/><D135/><U103/><E103/><V4/><F4/><W83/><G106/><T71/><D71/><N who="1" m="27179" /><E48/><N who="0" m="18473" /><D36/><U56/><E63/><N who="2" m="36327" /><F73/><AGARI ba="0,0" hai="22,23,55,56,61,72,73,75" m="27179,48169" machi="73" ten="40,2000,0" yaku="18,1" doraHai="15" who="1" fromWho="2" sc="350,0,180,20,280,-20,190,0" /><INIT seed="1,1,0,4,2,96" ten="350,200,260,190" oya="1" hai0="66,18,62,45,99,127,30,109,117,46,135,82,81" hai1="90,94,8,48,129,49,21,36,41,19,5,124,15" hai2="17,133,64,50,91,126,119,12,72,51,78,7,9" hai3="85,28,134,84,53,68,98,122,130,16,87,59,89"/><U27/><E129/><V57/><F119/><W70/><G122/><T63/><D117/><U35/><E124/><V75/><F133/><W1/><G1/><T121/><D135/><U42/><E35/><V128/><F128/><W116/><G116/><T88/><D127/><U80/><E80/><N who="0" m="30825" /><D121/><U0/><E0/><V113/><F113/><W95/><G130/><T40/><D109/><U71/><E71/><V14/><F126/><W25/><G134/><T56/><D30/><U29/><E29/><V43/><F78/><W37/><G37/><T39/><D39/><U112/><E112/><V93/><F72/><W115/><G115/><T118/><D118/><U103/><E103/><V106/><F106/><W44/><G44/><N who="0" m="17003" /><D40/><N who="1" m="15467" /><E36/><V105/><F105/><W86/><N who="3" m="21504" /><DORA hai="104" /><W61/><REACH who="3" step="1"/><G28/><REACH who="3" ten="350,200,260,180" step="2"/><T47/><N who="0" m="17011" /><T33/><DORA hai="3" /><D33/><U73/><E73/><V22/><F75/><W20/><AGARI ba="1,1" hai="16,20,25,53,59,61,68,70,89,95,98" m="21504" machi="20" ten="40,16000,3" yaku="1,1,0,1,25,2,54,1,53,4" doraHai="96,104,3" doraHaiUra="77,125,83" who="3" fromWho="3" sc="350,-41,200,-81,260,-41,180,173" /><INIT seed="2,0,0,0,2,17" ten="309,119,219,353" oya="2" hai0="32,58,101,89,15,126,124,120,20,30,109,111,106" hai1="39,3,31,107,119,84,100,90,53,93,112,68,85" hai2="55,11,133,14,91,45,71,66,29,8,116,44,122" hai3="59,99,67,105,52,38,132,2,123,114,60,49,103"/><V34/><F122/><W63/><G123/><T65/><D89/><U25/><E112/><V70/><F116/><W9/><G114/><T73/><D73/><U127/><E127/><N who="0" m="48681" /><D58/><U48/><E119/><V7/><F133/><W74/><G74/><T4/><D65/><U57/><E3/><V129/><F129/><W64/><G132/><T135/><D101/><U54/><E39/><V10/><F70/><W115/><G115/><T95/><D95/><U28/><E68/><V61/><F34/><W134/><G134/><T117/><D106/><U81/><E107/><V125/><F29/><W69/><G38/><T6/><D135/><U113/><E113/><V118/><F118/><W16/><G2/><T97/><D97/><U130/><E130/><V42/><F125/><W87/><G87/><T0/><D120/><U102/><E54/><V12/><F91/><W83/><G83/><T41/><D41/><U19/><E19/><V77/><F77/><W35/><G67/><T33/><D117/><U21/><REACH who="1" step="1"/><E31/><REACH who="1" ten="309,109,219,353" step="2"/><V128/><F128/><W104/><G69/><T94/><D0/><U36/><E36/><V131/><F131/><W23/><G64/><T47/><D30/><U27/><E27/><V82/><F55/><W76/><G105/><T79/><D109/><U121/><E121/><V13/><F42/><W50/><G104/><T22/><D111/><U108/><E108/><V92/><F71/><W51/><G52/><T26/><D26/><U18/><E18/><V110/><F110/><W5/><G16/><T75/><D6/><U80/><E80/><V56/><F82/><RYUUKYOKU ba="0,1" sc="309,-10,109,30,219,-10,353,-10" hai1="21,25,28,48,53,57,81,84,85,90,93,100,102" /><INIT seed="3,1,1,0,3,27" ten="299,139,209,343" oya="3" hai0="32,10,107,49,65,23,104,61,30,8,48,37,57" hai1="53,128,123,115,21,31,60,6,100,62,74,96,56" hai2="103,69,89,118,14,15,92,25,54,124,84,80,70" hai3="83,43,110,17,112,7,51,99,1,41,39,135,85"/><W36/><G112/><T129/><D129/><U117/><E128/><V91/><F118/><W98/><G135/><T131/><D131/><U90/><E117/><V5/><F124/><W66/><G66/><T121/><D121/><U78/><E123/><V127/><F127/><W93/><G110/><T3/><D37/><U95/><E115/><V101/><F70/><W50/><G39/><T9/><D3/><U16/><E6/><V72/><F69/><W81/><G36/><T13/><D32/><U97/><E74/><V120/><F72/><W88/><G1/><T0/><D0/><U4/><E4/><V63/><F120/><W102/><G7/><N who="0" m="3231" /><D104/><U75/><E75/><V47/><F25/><W2/><G2/><T44/><D107/><U55/><E78/><V46/><F46/><W125/><G125/><T12/><D48/><N who="3" m="18473" /><G81/><T19/><D30/><U108/><E108/><V113/><F113/><W119/><G119/><T130/><D130/><U94/><E31/><V105/><F105/><W134/><G134/><T73/><D73/><U132/><E132/><V76/><F76/><W82/><G99/><T114/><D114/><U79/><E79/><V29/><F29/><W42/><G83/><T111/><D111/><U122/><E122/><V33/><F33/><W116/><G116/><T106/><D106/><U45/><E45/><V35/><F35/><W126/><G126/><T20/><D9/><U87/><E87/><N who="2" m="52287" /><F47/><W77/><G77/><T59/><D57/><N who="1" m="34863" /><E21/><V24/><F5/><W68/><G68/><T109/><D109/><U34/><E34/><V133/><F84/><RYUUKYOKU ba="1,1" sc="299,10,139,10,209,-30,343,10" hai0="10,12,19,20,23,44,49,59,61,65" hai1="16,55,56,62,90,94,95,96,97,100" hai3="17,41,42,43,82,85,88,93,98,102" owari="309,11.0,149,-35.0,179,-22.0,363,46.0" /></mjloggm>