<mjloggm ver="2.3"><GO type="97" lobby="0"/><UN n0="%E3%81%BE%E3%81%A3%E3%81%8E%E3%82%87%E3%81%9F%E3%82%93" n1="%E7%94%9F%E5%90%89" n2="%E3%82%A6%E3%83%AB%E3%83%88%E3%83%A9%E7%AB%8B%E7%9B%B4" n3="%6D%31%74%30" dan="14,13,14,14" rate="1962.83,1860.48,1927.37,1955.48" sx="M,M,M,M"/><TAIKYOKU oya="0"/><INIT seed="0,0,0,0,1,2" ten="250,250,250,250" oya="0" hai0="66,79,124,62,54,43,125,128,84,18,73,6,117" hai1="98,132,90,17,127,94,107,50,57,135,37,41,12" hai2="81,74,27,118,68,92,72,111,100,87,39,0,21" hai3="31,24,86,123,78,121,129,46,20,34,5,44,49"/><T89/><D117/><U96/><E37/><V67/><F68/><W56/><G46/><T103/><D103/><U76/><E76/><V30/><F39/><W122/><G129/><T104/><D104/><U108/><E108/><V133/><F111/><W110/><G56/><N who="0" m="37191" /><D43/><U23/><E127/><N who="0" m="48713" /><D128/><U51/><E41/><V91/><F133/><N who="1" m="51273" /><E107/><V119/><F67/><W120/><G110/><T7/><D18/><U45/><E45/><V82/><F0/><W106/><G106/><T114/><D114/><U33/><E33/><V11/><F119/><W71/><G34/><T1/><D1/><U53/><E50/><V32/><F32/><W93/><G71/><T35/><D35/><U112/><E112/><V83/><F118/><W109/><G109/><T113/><D113/><U22/><E22/><V58/><F100/><W101/><G101/><T9/><D9/><U13/><E13/><V80/><N who="2" m="20992" /><DORA hai="47" /><V19/><F58/><W8/><G78/><T16/><D79/><U99/><AGARI ba="0,0" hai="12,17,23,51,53,57,90,94,96,98,99" m="51273" machi="99" ten="30,2000,0" yaku="20,1,52,1" doraHai="2,47" who="1" fromWho="1" sc="250,-10,250,20,250,-5,250,-5" /><INIT seed="1,0,0,2,3,73" ten="240,270,245,245" oya="1" hai0="18,24,128,108,120,27,65,30,66,121,94,67,36" hai1="51,115,45,12,79,85,13,68,123,98,39,28,78" hai2="44,102,37,83,88,17,53,93,50,32,71,80,126" hai3="127,104,117,4,5,23,107,112,106,129,61,122,1"/><U114/><E123/><N who="0" m="47177" /><D36/><U105/><E68/><V75/><F32/><W116/><G61/><T76/><D108/><U77/><E39/><V7/><F126/><W26/><G5/><T63/><D128/><U124/><E124/><V111/><F111/><W60/><G60/><T2/><D2/><U40/><E28/><V100/><F71/><W16/><G112/><T38/><D38/><U52/><E85/><V46/><F7/><W89/><G127/><T21/><D94/><U6/><E40/><V82/><F75/><W95/><G122/><T42/><D42/><U54/><E54/><V8/><F37/><W48/><G48/><T56/><D76/><U31/><E31/><V135/><F46/><W90/><G90/><T69/><D69/><U57/><E45/><V133/><F133/><W72/><G72/><T29/><D29/><U132/><E132/><V49/><F49/><W109/><G109/><T55/><D55/><U11/><REACH who="1" step="1"/><E13/><REACH who="1" ten="240,260,245,245" step="2"/><N who="2" m="7335" /><F135/><W91/><G129/><T34/><AGARI ba="0,1" hai="18,21,24,27,30,34,56,63,65,66,67" m="47177" machi="34" ten="30,1100,0" yaku="13,1" doraHai="73" who="0" fromWho="0" sc="240,21,260,-5,245,-3,245,-3" /><INIT seed="2,0,0,4,5,34" ten="261,255,242,242" oya="2" hai0="85,64,5,101,28,94,105,135,45,58,37,71,7" hai1="39,122,99,22,116,6,31,83,131,104,127,119,69" hai2="53,123,29,48,97,98,103,17,24,23,70,133,4" hai3="26,80,49,92,112,125,87,107,111,118,108,11,27"/><V132/><F70/><W50/><G118/><T20/><D71/><U65/><E39/><V15/><F123/><W81/><G107/><T102/><D135/><N who="2" m="51786" /><F4/><W33/><G33/><T42/><D105/><U55/><E131/><V40/><F40/><W110/><G125/><T2/><D2/><U0/><E127/><V121/><F121/><W72/><G72/><T10/><D10/><U73/><E22/><N who="2" m="11583" /><F103/><W91/><G11/><T30/><D102/><U129/><E31/><V25/><F25/><N who="3" m="9227" /><G112/><T78/><D101/><N who="1" m="62527" /><E55/><V46/><AGARI ba="0,0" hai="23,24,29,46,48,53,97,98" m="11583,51786" machi="46" ten="30,1500,0" yaku="20,1" doraHai="34" who="2" fromWho="2" sc="261,-5,255,-5,242,15,242,-5" /><INIT seed="2,1,0,5,4,55" ten="256,250,257,237" oya="2" hai0="38,109,119,131,32,82,99,14,20,102,34,59,110" hai1="92,129,15,33,64,49,90,133,2,124,42,93,54" hai2="22,3,85,60,4,6,8,30,113,88,117,73,47" hai3="63,58,40,100,57,36,77,5,111,11,56,81,126"/><V89/><F73/><W135/><G111/><N who="0" m="42507" /><D38/><U39/><E2/><V78/><F117/><W0/><G135/><T50/><D131/><U98/><E133/><V12/><F113/><W37/><G100/><T66/><D119/><U125/><E129/><V53/><F3/><W10/><G126/><N who="1" m="48746" /><E33/><V68/><F68/><W91/><G91/><N who="2" m="34889" /><F4/><W106/><G106/><T44/><D82/><U94/><E64/><V80/><F47/><N who="3" m="23943" /><G11/><T122/><D122/><U72/><E72/><V112/><F112/><W26/><G26/><T74/><D74/><U62/><E39/><V23/><F30/><W70/><G70/><T19/><D66/><U95/><E42/><V16/><F6/><W83/><G83/><T46/><D46/><N who="1" m="27959" /><E15/><V121/><F121/><W18/><G18/><T123/><D123/><U97/><E97/><V27/><F27/><W65/><G37/><T120/><D120/><U104/><E104/><V128/><F128/><W134/><G134/><T45/><D45/><U9/><E9/><V51/><F8/><W75/><AGARI ba="1,0" hai="0,5,10,56,57,58,63,65,75,77,81" m="23943" machi="75" ten="30,7900,0" yaku="25,1,52,3" doraHai="55" who="3" fromWho="3" sc="256,-21,250,-21,257,-40,237,82" /><INIT seed="3,0,0,4,1,88" ten="235,229,217,319" oya="3" hai0="69,18,1,135,107,2,24,77,85,96,33,133,42" hai1="26,36,114,132,3,20,130,110,129,53,13,38,82" hai2="120,127,97,56,68,21,25,81,37,106,123,119,32" hai3="19,103,50,122,90,92,66,86,113,71,44,99,89"/><W54/><G122/><N who="2" m="46633" /><F68/><W17/><G113/><T51/><D69/><U115/><E110/><V75/><F37/><N who="1" m="14441" /><E3/><V27/><F119/><W118/><G118/><T35/><D51/><U116/><E116/><V134/><F134/><N who="0" m="51210" /><D42/><U128/><E132/><V10/><F127/><W57/><G71/><T126/><D126/><U67/><E67/><V47/><F47/><W70/><G90/><T55/><D55/><U31/><E82/><V61/><F10/><W64/><G70/><T76/><D85/><U125/><E125/><V23/><F81/><N who="3" m="49359" /><G66/><T73/><D73/><U12/><E53/><N who="2" m="33935" /><F75/><W40/><G64/><T43/><D43/><U101/><E101/><N who="2" m="62767" /><F32/><W91/><G103/><N who="0" m="62951" /><D35/><U9/><E13/><V87/><F87/><W16/><G19/><AGARI ba="0,0" hai="9,12,19,20,26,31,114,115,128,129,130" m="14441" machi="19" ten="40,1300,0" yaku="19,1" doraHai="88" who="1" fromWho="3" sc="235,0,229,13,217,0,319,-13" owari="235,-16.0,242,4.0,217,-28.0,306,40.0" /></mjloggm>