<mjloggm ver="2.3"><GO type="97" lobby="0"/><UN n0="%E3%82%A6%E3%83%AB%E3%83%88%E3%83%A9%E7%AB%8B%E7%9B%B4" n1="%E6%98%9F%E9%87%8E%E5%B1%8A%E3%81%91" n2="%E4%BF%BA%E3%83%89%E3%83%A9%E3%81%88%E3%82%82%E3%82%93" n3="%73%61%72%61%7A%6F" dan="15,13,14,15" rate="1994.44,1848.57,1944.70,2007.41" sx="M,M,M,M"/><TAIKYOKU oya="0"/><INIT seed="0,0,0,0,5,124" ten="250,250,250,250" oya="0" hai0="101,20,123,115,87,17,96,109,113,127,26,41,49" hai1="120,52,16,59,135,76,50,133,5,9,6,91,36" hai2="4,82,13,57,99,14,47,128,125,131,0,38,60" hai3="1,98,53,64,111,21,100,80,58,8,134,56,92"/><T130/><D123/><U114/><E36/><V78/><F125/><W86/><G134/><N who="1" m="51210" /><E120/><V45/><F99/><W105/><G111/><T85/><D127/><U94/><E114/><V67/><F47/><W65/><G58/><T34/><D34/><U69/><E69/><V129/><F0/><W104/><G104/><T79/><D109/><U23/><E76/><V39/><F4/><W24/><G8/><T107/><D79/><U43/><E43/><N who="2" m="22775" /><F39/><W77/><G1/><T93/><D41/><U63/><E50/><V95/><F95/><W74/><G74/><AGARI ba="0,0" hai="13,14,57,60,67,74,78,82,128,129,131" m="22775" machi="74" ten="30,7700,0" yaku="19,1,52,3" doraHai="124" who="2" fromWho="3" sc="250,0,250,0,250,77,250,-77" /><INIT seed="1,0,0,4,4,48" ten="250,250,327,173" oya="1" hai0="1,84,20,97,9,61,115,57,55,94,30,108,43" hai1="89,114,120,0,128,100,18,122,104,58,124,5,106" hai2="127,4,25,59,81,96,102,16,107,53,2,71,125" hai3="129,98,40,77,88,29,111,6,131,82,3,79,38"/><U101/><E114/><V35/><F71/><W45/><G111/><T28/><D115/><U73/><E73/><V103/><F4/><W132/><G29/><T109/><D84/><U67/><E128/><V41/><F2/><W12/><G132/><T32/><D32/><U11/><E18/><V22/><F35/><W87/><G3/><T10/><D43/><U99/><E124/><N who="2" m="47691" /><F41/><W23/><G98/><T68/><D68/><U83/><E67/><V91/><F107/><W113/><G113/><T7/><D10/><U116/><E116/><V54/><F59/><W93/><G6/><T66/><D66/><U135/><E135/><V92/><F81/><W95/><G95/><T47/><D47/><U60/><E60/><V121/><F121/><W33/><G33/><T21/><D30/><U75/><E58/><V15/><F25/><W39/><G39/><T17/><D28/><U27/><E27/><V70/><F70/><W62/><G62/><T44/><D44/><U74/><E89/><V36/><F36/><W19/><REACH who="3" step="1"/><G93/><REACH who="3" ten="250,250,327,163" step="2"/><T80/><D108/><U24/><E75/><V31/><F31/><W118/><G118/><T85/><D109/><U133/><E122/><V112/><F112/><W63/><G63/><T126/><D126/><U50/><E120/><V64/><F64/><W46/><G46/><T52/><D94/><U42/><E133/><V110/><F110/><W8/><G8/><T56/><D97/><U34/><E99/><V69/><F69/><W13/><G13/><N who="0" m="7343" /><D7/><U14/><E5/><V78/><F92/><W134/><G134/><T26/><D1/><RYUUKYOKU ba="0,1" sc="250,-10,250,-10,327,-10,163,30" hai3="12,19,23,38,40,45,77,79,82,87,88,129,131" /><INIT seed="2,1,1,2,0,38" ten="240,240,317,193" oya="2" hai0="2,100,79,36,31,101,28,103,95,70,47,98,17" hai1="42,46,14,40,116,81,1,121,32,77,21,54,9" hai2="71,50,44,82,94,8,72,92,128,23,5,52,34" hai3="85,110,51,16,132,91,20,26,35,134,90,0,112"/><V105/><F105/><W86/><G0/><T3/><D70/><U53/><E121/><V76/><F34/><W87/><G112/><T130/><D130/><U113/><E113/><V15/><F71/><W126/><G126/><T133/><D133/><N who="3" m="51305" /><G35/><T67/><D67/><U48/><E116/><V55/><F128/><W62/><G62/><T73/><D79/><U123/><E32/><V84/><F72/><W27/><G27/><T66/><D73/><U122/><E21/><V41/><F23/><W127/><G127/><T102/><D66/><U45/><E1/><V10/><F10/><W19/><G19/><T49/><D36/><U108/><E108/><V88/><F76/><W7/><G7/><T59/><D3/><U18/><E123/><V96/><F96/><W58/><G110/><T75/><D75/><U97/><E97/><V115/><F115/><W6/><G6/><T74/><D74/><U4/><E18/><V25/><F25/><W99/><G99/><T29/><D17/><U119/><E119/><V104/><F104/><W33/><G33/><T43/><D2/><U93/><E93/><AGARI ba="1,1" hai="5,8,15,41,44,50,52,55,82,84,88,92,93,94" machi="93" ten="40,12000,1" yaku="8,1,52,1,54,2" doraHai="38" who="2" fromWho="1" sc="240,0,240,-123,317,133,193,0" /><INIT seed="2,2,0,5,2,127" ten="240,117,450,193" oya="2" hai0="114,14,62,102,4,117,98,18,0,87,20,71,122" hai1="75,112,1,25,83,84,92,131,28,43,73,36,33" hai2="60,47,17,23,34,49,110,10,57,48,80,91,104" hai3="37,31,103,52,129,9,128,3,63,35,107,93,15"/><V96/><F34/><W72/><G3/><T113/><D122/><U38/><E112/><V79/><F104/><W68/><G37/><T61/><D117/><U22/><E1/><V132/><F132/><W7/><G72/><T53/><D71/><U27/><E92/><N who="2" m="56351" /><F10/><W123/><G123/><T100/><D0/><U99/><E99/><V89/><F79/><W44/><G107/><T105/><D4/><U13/><E13/><V16/><F110/><W70/><G103/><T81/><D102/><U12/><E12/><N who="2" m="9607" /><F17/><W78/><G78/><T50/><D113/><U54/><E75/><V94/><F80/><W106/><G106/><T11/><D20/><U69/><E73/><V85/><F47/><W39/><G93/><T125/><D125/><U86/><E69/><V124/><F124/><W88/><G88/><N who="0" m="51311" /><D114/><U24/><E33/><V55/><AGARI ba="2,0" hai="48,49,55,57,60,85,89,94" m="9607,56351" machi="55" ten="30,3000,0" yaku="8,1,54,1" doraHai="127" who="2" fromWho="2" sc="240,-12,117,-12,450,36,193,-12" /><INIT seed="2,3,0,2,2,104" ten="228,105,486,181" oya="2" hai0="59,80,32,110,72,64,131,44,0,33,26,37,48" hai1="135,39,95,31,8,116,111,127,38,89,75,108,49" hai2="62,83,56,18,113,119,29,57,74,90,102,71,82" hai3="88,118,68,105,66,130,85,24,45,97,124,34,114"/><V76/><F71/><W121/><G121/><T42/><D48/><U112/><E49/><V19/><F119/><W54/><G45/><T132/><D59/><U67/><E67/><V1/><F1/><W20/><G54/><T109/><D64/><U100/><E100/><V12/><F29/><W2/><G2/><T133/><D0/><U50/><E50/><V107/><F107/><W55/><G55/><T11/><D11/><U30/><E8/><V81/><F102/><W120/><G120/><T16/><D131/><U94/><E116/><V52/><F57/><W122/><G122/><T73/><D80/><U14/><E14/><V5/><F113/><W17/><G114/><T69/><D69/><U134/><E75/><N who="0" m="28745" /><D16/><U22/><E22/><V21/><F74/><W103/><G130/><T61/><D61/><U125/><REACH who="1" step="1"/><E89/><REACH who="1" ten="228,95,486,181" step="2"/><V23/><F90/><W63/><G118/><T79/><D79/><U98/><E98/><V117/><F76/><W65/><G65/><T36/><D36/><U3/><E3/><V10/><F117/><W58/><G68/><T91/><D91/><U96/><E96/><V51/><F51/><W6/><G34/><N who="0" m="13419" /><D26/><U9/><E9/><V7/><F7/><W123/><G123/><T13/><D13/><U35/><E35/><V43/><F12/><W4/><G4/><T53/><D53/><U25/><E25/><V40/><F52/><W92/><REACH who="3" step="1"/><G6/><REACH who="3" ten="228,95,486,171" step="2"/><T126/><D37/><U28/><E28/><V84/><F5/><W129/><G129/><T41/><D44/><U15/><E15/><V106/><F43/><W78/><G78/><RYUUKYOKU ba="3,2" sc="228,-15,95,15,486,-15,171,15" hai1="30,31,38,39,94,95,108,111,112,125,127,134,135" hai3="17,20,24,58,63,66,85,88,92,97,103,105,124" /><INIT seed="3,4,2,0,0,72" ten="213,110,471,186" oya="3" hai0="68,69,112,73,103,78,118,122,114,83,96,13,33" hai1="111,81,75,30,106,130,10,49,88,16,100,59,102" hai2="37,6,67,117,55,119,71,15,35,97,45,134,27" hai3="1,70,125,107,87,131,52,66,126,60,74,46,132"/><W19/><G74/><T124/><D33/><U47/><E130/><V77/><F55/><W133/><G107/><N who="0" m="63975" /><D122/><U29/><E111/><V89/><F89/><W127/><G1/><T65/><D118/><U86/><E106/><V28/><F15/><W109/><G109/><T9/><D65/><U57/><E75/><V82/><F82/><W32/><G32/><T18/><D124/><U104/><E104/><V0/><F27/><W54/><G131/><T80/><D80/><U26/><E30/><V36/><F28/><W64/><G64/><T123/><D123/><U43/><E29/><V8/><F67/><W41/><G19/><T91/><D91/><U94/><E26/><V76/><F71/><W85/><G85/><T25/><D25/><U56/><REACH who="1" step="1"/><E94/><REACH who="1" ten="213,100,471,186" step="2"/><V22/><F119/><W84/><G133/><T23/><D73/><U12/><AGARI ba="4,3" hai="10,12,16,43,47,49,56,57,59,81,86,88,100,102" machi="12" ten="30,12000,2" yaku="1,1,2,1,0,1,8,1,54,2,53,0" doraHai="72" doraHaiUra="3" who="1" fromWho="1" sc="213,-34,100,162,471,-34,186,-64" owari="179,-22.0,262,6.0,437,54.0,122,-38.0" /></mjloggm>