<mjloggm ver="2.3"><GO type="169" lobby="0"/><UN n0="%E3%81%8A%E3%81%98%E3%81%8A" n1="%E3%82%A6%E3%82%A3%E3%83%89%E3%82%A5%EF%BC%A0%E9%98%AA%E7%A5%9E" n2="%E3%82%A6%E3%83%AB%E3%83%88%E3%83%A9%E7%AB%8B%E7%9B%B4" n3="%6B%69%79%6F%64%61%69" dan="17,16,16,16" rate="2146.73,2110.42,2102.89,2139.88" sx="M,M,M,M"/><TAIKYOKU oya="0"/><INIT seed="0,0,0,4,0,84" ten="250,250,250,250" oya="0" hai0="37,90,44,83,63,89,103,38,124,85,11,26,79" hai1="94,130,68,97,61,93,115,70,100,119,95,5,66" hai2="123,118,80,122,121,12,126,32,14,20,73,21,15" hai3="98,134,135,6,48,127,128,41,77,35,91,31,111"/><T56/><D124/><U13/><E119/><V78/><F32/><W108/><G6/><T105/><D105/><U46/><E130/><V2/><F2/><W53/><G41/><T106/><D106/><U110/><E110/><N who="3" m="42026" /><G77/><T62/><D103/><U45/><E115/><V82/><F126/><W34/><G127/><T19/><D37/><U50/><E70/><V54/><F118/><W72/><G72/><T57/><D38/><U67/><E67/><V27/><F27/><N who="3" m="18815" /><G35/><T1/><D44/><U96/><E50/><V114/><F114/><W104/><G128/><T101/><D101/><U99/><REACH who="1" step="1"/><E100/><REACH who="1" ten="250,240,250,250" step="2"/><V112/><F112/><W65/><G65/><N who="0" m="39111" /><D1/><U43/><E43/><V23/><F121/><W132/><G104/><T116/><D116/><U125/><E125/><V59/><F123/><W58/><G135/><T25/><D11/><AGARI ba="0,1" hai="5,11,13,45,46,61,66,68,93,94,95,96,97,99" machi="11" ten="40,1300,0" yaku="1,1,53,0" doraHai="84" doraHaiUra="22" who="1" fromWho="0" sc="250,-13,240,23,250,0,250,0" /><INIT seed="1,0,0,2,5,3" ten="237,263,250,250" oya="1" hai0="23,126,10,115,133,6,73,56,74,19,22,1,88" hai1="65,106,131,64,101,105,95,82,2,20,51,36,123" hai2="52,110,100,67,11,49,129,57,97,69,13,48,0" hai3="76,44,117,15,86,124,114,130,81,77,25,104,60"/><U128/><E36/><V87/><F0/><W121/><G104/><T14/><D115/><U26/><E123/><V27/><F67/><N who="1" m="25673" /><E2/><V62/><F69/><W127/><G114/><T31/><D133/><U134/><E134/><V83/><F27/><W38/><G60/><T102/><D102/><U118/><E82/><V108/><F129/><N who="1" m="49737" /><E118/><V61/><F61/><W28/><G121/><T91/><D126/><U112/><E112/><V66/><F66/><W92/><G130/><T116/><D116/><U89/><E51/><V5/><F110/><W37/><G117/><T109/><D109/><U125/><E101/><V9/><F9/><W94/><G38/><T72/><REACH who="0" step="1"/><D56/><REACH who="0" ten="227,263,250,250" step="2"/><U24/><E125/><V78/><REACH who="2" step="1"/><F108/><REACH who="2" ten="227,263,240,250" step="2"/><W55/><G127/><T79/><D79/><U84/><E26/><AGARI ba="0,2" hai="1,6,10,14,19,22,23,26,31,72,73,74,88,91" machi="26" ten="40,5200,0" yaku="1,1,52,1,54,1,53,0" doraHai="3" doraHaiUra="103" who="0" fromWho="1" sc="227,72,263,-52,240,0,250,0" /><INIT seed="2,0,0,2,1,124" ten="299,211,240,250" oya="2" hai0="72,126,12,1,109,97,6,31,88,68,76,82,75" hai1="63,15,47,49,0,37,123,74,134,103,30,69,125" hai2="40,35,102,116,16,85,121,70,65,29,28,4,45" hai3="62,90,122,14,34,107,48,46,55,53,2,42,83"/><V58/><F70/><W108/><G2/><T51/><D1/><U132/><E0/><V78/><F4/><W19/><G34/><T127/><D68/><U24/><E125/><V118/><F121/><W20/><G107/><T26/><D75/><U66/><E74/><V89/><F78/><W114/><G122/><T44/><D109/><U13/><E37/><V38/><F102/><W105/><G105/><T100/><D88/><U71/><E71/><V43/><F43/><W64/><G114/><T130/><D130/><U84/><E84/><V59/><F29/><W99/><G108/><T91/><D91/><U39/><E39/><V41/><F41/><W9/><G83/><T111/><D111/><U80/><E80/><V92/><F28/><W101/><G101/><T133/><D133/><N who="1" m="51307" /><E123/><V60/><F35/><W23/><G64/><T96/><D82/><U79/><E79/><V22/><REACH who="2" step="1"/><F59/><REACH who="2" ten="299,211,230,250" step="2"/><N who="3" m="35183" /><G42/><T106/><D76/><U11/><E103/><V129/><F129/><W113/><G113/><T52/><D127/><U95/><E30/><V110/><F110/><W94/><AGARI ba="0,1" hai="9,14,19,20,23,46,48,55,90,94,99" m="35183" machi="94" ten="30,1100,0" yaku="8,1" doraHai="124" who="3" fromWho="3" sc="299,-3,211,-3,230,-5,250,21" /><INIT seed="3,0,0,1,0,106" ten="296,208,225,271" oya="3" hai0="17,91,82,53,71,1,54,70,38,72,50,25,23" hai1="35,135,131,55,20,30,84,116,63,66,110,78,95" hai2="96,80,15,47,119,12,88,115,36,100,77,37,11" hai3="129,86,44,67,124,69,3,2,112,83,7,16,58"/><W127/><G69/><T14/><D1/><U133/><E35/><V64/><F119/><W46/><G112/><T114/><D38/><U101/><E116/><V105/><F115/><W60/><G129/><T31/><D114/><U103/><E131/><V87/><F64/><W32/><G32/><T19/><D19/><U125/><E125/><N who="3" m="48202" /><G7/><T49/><D49/><U123/><E123/><V43/><F36/><W40/><G16/><T27/><D27/><U5/><E5/><V28/><F28/><W68/><G68/><T130/><D130/><U98/><E55/><V81/><REACH who="2" step="1"/><F11/><REACH who="2" ten="296,208,215,271" step="2"/><W21/><G21/><T76/><D31/><U51/><E30/><V61/><F61/><W4/><G67/><T73/><D23/><U52/><E20/><V57/><F57/><W62/><G58/><T33/><D70/><U93/><E63/><V48/><F48/><W92/><G62/><T26/><D71/><U120/><E66/><V10/><F10/><W0/><G60/><T8/><D8/><U6/><E51/><V122/><F122/><W29/><G29/><T90/><D50/><U132/><E120/><V104/><F104/><W134/><G46/><T126/><D126/><U94/><E52/><V41/><F41/><W121/><G44/><T34/><D53/><U113/><E113/><V59/><F59/><W85/><G40/><T128/><D54/><U99/><E132/><V42/><F42/><W45/><G45/><T75/><D128/><U65/><E65/><V109/><F109/><W13/><G134/><N who="1" m="51210" /><E110/><V111/><F111/><W97/><G121/><T22/><D22/><RYUUKYOKU ba="0,1" sc="296,-10,208,-10,215,30,271,-10" hai2="12,15,37,43,47,77,80,81,87,88,96,100,105" /><INIT seed="4,1,1,3,4,106" ten="286,198,245,261" oya="0" hai0="34,51,35,25,52,56,14,99,12,86,80,5,30" hai1="132,70,127,84,63,116,129,135,87,92,55,27,76" hai2="81,124,44,31,109,13,107,2,68,62,48,22,26" hai3="33,18,72,37,97,115,96,67,77,57,101,1,130"/><T126/><D126/><U69/><E116/><V95/><F107/><W60/><G37/><T122/><D122/><U113/><E127/><V128/><F2/><W28/><G1/><T85/><D35/><U71/><E129/><V24/><F124/><W16/><G130/><T17/><D99/><U111/><E111/><V9/><F109/><W78/><G97/><T120/><D120/><U73/><E73/><V49/><F128/><W43/><G43/><T7/><D85/><U20/><E113/><V59/><F68/><W36/><G36/><T47/><D56/><N who="1" m="35231" /><E76/><V105/><F105/><W15/><G115/><T11/><REACH who="0" step="1"/><D14/><REACH who="0" ten="276,198,245,261" step="2"/><U46/><E46/><V42/><F59/><W131/><G15/><T3/><D3/><U61/><E87/><V0/><F0/><W94/><G131/><T10/><D10/><U65/><E84/><V89/><F13/><W117/><G117/><T118/><D118/><U21/><E92/><V121/><F9/><W66/><G57/><T125/><D125/><U104/><E104/><V93/><F121/><W58/><G58/><T45/><D45/><U82/><E82/><V40/><F62/><W53/><G60/><T110/><D110/><U54/><E70/><V64/><F81/><W108/><G94/><T90/><AGARI ba="1,2" hai="5,7,11,12,17,25,30,34,47,51,52,80,86,90" machi="90" ten="20,18000,2" yaku="1,1,0,1,7,1,25,2,54,1,53,0" doraHai="106" doraHaiUra="123" who="0" fromWho="0" sc="276,203,198,-61,245,-61,261,-61" /><INIT seed="4,2,0,5,1,25" ten="479,137,184,200" oya="0" hai0="87,105,79,26,100,19,49,20,118,21,10,129,36" hai1="97,60,85,11,132,123,126,116,117,122,103,130,86" hai2="8,94,115,27,24,73,74,77,109,46,55,68,75" hai3="95,39,108,33,134,31,40,84,0,53,124,35,34"/><T52/><D36/><U80/><E60/><V58/><F68/><W64/><G0/><T51/><D105/><U131/><E11/><V59/><F109/><W112/><G108/><T98/><D118/><N who="1" m="45675" /><E126/><V50/><F115/><W93/><G64/><T111/><D129/><N who="1" m="49163" /><E132/><V48/><F77/><W81/><G112/><T2/><D111/><U18/><E18/><V29/><F24/><W83/><G124/><T5/><D20/><U43/><E43/><V72/><N who="2" m="18432" /><DORA hai="92" /><V71/><F71/><W57/><G134/><T102/><D51/><U101/><E101/><V127/><F127/><W96/><G40/><T56/><D98/><U32/><E32/><V13/><F94/><W30/><G93/><T107/><REACH who="0" step="1"/><D107/><REACH who="0" ten="469,137,184,200" step="2"/><N who="1" m="63983" /><E86/><V67/><F50/><W23/><G39/><T41/><D41/><U14/><E14/><V44/><F13/><W61/><G84/><T17/><D17/><U42/><E42/><V47/><F8/><W6/><G35/><T89/><D89/><AGARI ba="2,1" hai="80,85,89,122,123" m="63983,49163,45675" machi="89" ten="30,7700,0" yaku="19,1,34,2,52,1" doraHai="25,92" who="1" fromWho="0" sc="469,-83,137,93,184,0,200,0" /><INIT seed="5,0,0,1,0,75" ten="386,230,184,200" oya="1" hai0="62,73,10,80,106,49,69,110,116,81,34,7,14" hai1="18,127,71,23,31,132,79,85,70,122,61,41,135" hai2="44,37,66,88,20,40,97,77,131,111,32,52,114" hai3="124,108,84,16,54,103,121,99,78,105,27,113,133"/><U8/><E122/><V96/><F32/><W38/><G38/><T91/><D106/><U130/><E127/><V58/><F111/><W24/><G108/><T65/><D34/><U13/><E130/><V35/><F35/><W128/><G121/><T26/><D26/><N who="1" m="16863" /><E41/><V92/><F131/><W3/><G3/><T100/><D100/><U119/><E119/><V36/><F36/><W89/><G128/><T5/><D73/><U90/><E61/><V43/><F43/><W29/><G124/><T109/><D62/><U95/><E79/><V104/><F66/><W67/><G29/><T42/><D42/><U19/><E19/><V101/><F114/><W134/><G67/><T82/><D65/><U2/><E2/><V86/><F20/><N who="3" m="13319" /><G27/><T59/><D69/><U15/><E15/><V1/><F1/><W87/><G54/><N who="0" m="32207" /><D14/><U4/><E4/><V125/><F125/><W64/><G64/><T60/><D5/><U46/><E70/><V11/><F11/><W17/><G17/><T72/><D10/><U45/><E71/><V107/><F107/><W57/><G113/><T21/><D7/><U98/><E98/><V126/><F126/><W93/><G84/><T50/><D109/><U76/><E46/><V9/><F9/><W22/><G22/><T117/><D110/><U68/><E45/><V55/><REACH who="2" step="1"/><F58/><REACH who="2" ten="386,230,174,200" step="2"/><W0/><G0/><T83/><D116/><U120/><E68/><V115/><F115/><W48/><G57/><T47/><D117/><U94/><E120/><V33/><F33/><W25/><G105/><T118/><D118/><U129/><E129/><RYUUKYOKU ba="0,1" sc="386,-10,230,-10,174,30,200,-10" hai2="37,40,44,52,55,77,86,88,92,96,97,101,104" /><INIT seed="6,1,1,2,2,128" ten="376,220,204,190" oya="2" hai0="70,120,3,89,34,50,26,61,102,122,51,0,112" hai1="48,31,33,54,126,114,2,133,68,8,74,14,78" hai2="47,75,127,121,104,13,119,52,5,85,22,69,117" hai3="67,113,116,107,15,80,106,30,37,81,9,1,45"/><V86/><F69/><W98/><G1/><T35/><D102/><U39/><E39/><V28/><F75/><W93/><G116/><T20/><D112/><U12/><E68/><V6/><F104/><W97/><G113/><T84/><D35/><U77/><E74/><V29/><F121/><W131/><G67/><T18/><D34/><U63/><E63/><V83/><F119/><W16/><G131/><T59/><D51/><U72/><E72/><V94/><F117/><W88/><G30/><N who="2" m="11881" /><F127/><W71/><G71/><T43/><D50/><U57/><E126/><V64/><F64/><W27/><G27/><T108/><D43/><U36/><E36/><V82/><F22/><W10/><G10/><T53/><D70/><U24/><E2/><V32/><F32/><W44/><G44/><T38/><D38/><U123/><E123/><V56/><F47/><W109/><G109/><T25/><D108/><U135/><E114/><V90/><F13/><N who="1" m="5225" /><E8/><V96/><F85/><W41/><REACH who="3" step="1"/><G98/><REACH who="3" ten="376,220,204,180" step="2"/><T60/><D3/><U134/><AGARI ba="1,2" hai="24,31,33,48,54,57,77,78,133,134,135" m="5225" machi="134" ten="40,8000,1" yaku="20,1,52,3" doraHai="128" who="1" fromWho="1" sc="376,-21,220,103,204,-41,180,-21" /><INIT seed="7,0,0,2,3,86" ten="355,323,163,159" oya="3" hai0="38,65,116,47,85,92,4,18,26,108,64,8,57" hai1="128,48,130,104,36,7,72,58,71,68,28,24,122" hai2="129,81,56,83,87,70,34,94,69,53,135,33,88" hai3="82,100,111,77,1,41,90,9,44,29,32,42,5"/><W123/><G123/><T114/><D18/><U74/><E122/><V3/><F3/><W50/><G111/><T119/><D26/><U120/><E120/><V95/><F129/><N who="1" m="49769" /><E7/><V39/><F39/><W14/><G100/><T62/><D64/><U97/><E48/><V127/><F127/><W52/><G1/><T6/><D6/><U115/><E58/><V101/><F135/><W76/><G29/><T54/><D4/><U49/><E49/><V109/><F109/><W0/><G32/><T20/><D57/><U89/><E36/><V91/><F101/><W55/><G0/><T93/><D38/><U51/><E51/><V126/><F126/><W121/><G121/><T22/><D62/><U113/><E104/><V84/><F56/><W45/><G45/><T118/><D47/><U105/><E105/><V27/><F27/><W30/><G30/><T106/><D106/><U16/><E74/><V13/><F13/><W73/><G55/><AGARI ba="0,0" hai="33,34,53,55,69,70,81,83,84,87,88,91,94,95" machi="55" ten="25,8000,1" yaku="22,2,52,2,54,1" doraHai="86" who="2" fromWho="3" sc="355,0,323,0,163,80,159,-80" owari="355,46.0,323,12.0,243,-16.0,79,-42.0" /></mjloggm>