<mjloggm ver="2.3"><GO type="97" lobby="0"/><UN n0="%E5%A4%A9%E6%89%8D%E3%82%A4%E3%83%99%E3%83%AA%E3%82%B3%E8%B1%9A" n1="%E3%81%86%E3%81%BE%E3%81%8A%E3%83%91%E3%83%91" n2="%E7%99%BD%E5%B9%A1%E5%A4%A9%E5%AE%88%E9%96%A3" n3="%E3%82%A6%E3%83%AB%E3%83%88%E3%83%A9%E7%AB%8B%E7%9B%B4" dan="15,14,13,15" rate="1983.10,1952.92,1874.43,2002.94" sx="F,M,F,M"/><TAIKYOKU oya="0"/><INIT seed="0,0,0,4,1,82" ten="250,250,250,250" oya="0" hai0="125,103,123,27,71,67,29,86,111,26,28,95,37" hai1="126,38,96,12,14,0,132,79,122,41,40,46,113" hai2="15,61,47,104,42,59,34,108,84,101,64,102,77" hai3="1,81,55,43,109,19,7,124,99,16,94,135,68"/><T119/><D119/><U25/><E0/><V112/><F34/><W50/><G68/><T105/><D123/><U129/><E122/><V17/><F108/><W76/><G109/><T53/><D111/><U83/><E129/><V11/><F112/><W100/><G124/><T18/><D37/><U33/><E126/><V116/><F116/><W107/><G43/><T98/><D125/><U22/><E33/><V30/><F30/><W115/><G115/><T48/><D67/><U87/><E113/><V4/><F104/><W2/><G135/><T3/><D3/><U5/><E5/><V57/><F57/><W97/><G2/><T117/><D71/><U35/><E35/><V62/><F62/><W8/><G99/><T93/><D117/><U44/><E96/><V88/><F77/><W110/><G107/><T20/><D105/><U133/><E133/><V73/><F4/><W128/><G128/><T92/><D27/><U74/><E74/><V56/><F56/><W130/><G130/><T106/><REACH who="0" step="1"/><D86/><REACH who="0" ten="240,250,250,250" step="2"/><U69/><E69/><V90/><F73/><W39/><G39/><T23/><D23/><U21/><E21/><V24/><F24/><W52/><G110/><T80/><D80/><U89/><E132/><V45/><F84/><N who="3" m="48167" /><G1/><T13/><D13/><U60/><E79/><V78/><F78/><W54/><G50/><T127/><D127/><U63/><E14/><V32/><F15/><W51/><G51/><T91/><D91/><U75/><E12/><V65/><F90/><W31/><G8/><T6/><D6/><U85/><E75/><V120/><F120/><RYUUKYOKU ba="0,1" sc="240,30,250,-10,250,-10,250,-10" hai0="18,20,26,28,29,48,53,92,93,95,98,103,106" /><INIT seed="0,1,1,2,2,21" ten="270,240,240,240" oya="0" hai0="44,79,55,106,125,84,119,116,19,43,47,34,102" hai1="117,87,129,22,61,45,78,90,104,57,5,0,66" hai2="77,30,39,33,23,59,123,51,109,29,32,92,4" hai3="60,94,97,127,54,65,130,58,50,73,82,103,81"/><T26/><D125/><U89/><E104/><V3/><F39/><W111/><G127/><T128/><D128/><U85/><E117/><V17/><F77/><W114/><G114/><T63/><D79/><U64/><E129/><V121/><F92/><W126/><G126/><T115/><D115/><U2/><E78/><V95/><F95/><W53/><G130/><T101/><D84/><U68/><E45/><V9/><F51/><W52/><G111/><T112/><D112/><U28/><E5/><V37/><F59/><W67/><G73/><T40/><D106/><U36/><E36/><V13/><F37/><W27/><G67/><T12/><D119/><U69/><E57/><V46/><F46/><N who="0" m="17450" /><D34/><N who="2" m="13418" /><F109/><W48/><G48/><T70/><D70/><U91/><E85/><V75/><F75/><W15/><G15/><T31/><D116/><U38/><E38/><V41/><F41/><N who="0" m="15946" /><D55/><U86/><E86/><V8/><F123/><W133/><G50/><T71/><D63/><U11/><E87/><V42/><F42/><W62/><G62/><T7/><D7/><U124/><E124/><V122/><F121/><W80/><G133/><T88/><D88/><U49/><E49/><V110/><F122/><W76/><G76/><T107/><D107/><U132/><E64/><V98/><F110/><W35/><G35/><N who="0" m="20983" /><D71/><U72/><E69/><V113/><F113/><W134/><G134/><T118/><D118/><U14/><E132/><V6/><F98/><W24/><AGARI ba="1,1" hai="24,27,52,53,54,58,60,65,80,81,82,94,97,103" machi="24" ten="40,8000,1" yaku="0,1,8,1,52,2,54,1" doraHai="21" who="3" fromWho="3" sc="270,-41,240,-21,240,-21,240,93" /><INIT seed="1,0,0,5,3,112" ten="229,219,219,333" oya="1" hai0="57,123,7,80,56,0,97,62,76,32,60,71,96" hai1="46,118,41,47,94,53,114,8,129,30,113,31,75" hai2="73,90,35,130,3,103,104,49,124,102,121,78,92" hai3="40,6,126,107,117,13,84,120,98,61,51,77,119"/><U99/><E75/><V82/><F35/><W127/><G61/><T24/><D123/><U70/><E70/><V72/><F3/><W14/><G120/><T66/><D0/><U135/><E135/><V29/><F29/><W33/><G33/><T27/><D7/><U36/><E129/><V69/><F69/><W25/><G25/><T58/><D62/><U110/><E110/><V28/><F28/><W79/><G98/><T12/><D12/><U50/><E31/><V15/><F73/><W39/><G107/><T5/><D5/><U11/><E30/><V17/><F130/><W52/><G40/><T93/><D32/><U67/><E67/><V133/><F124/><N who="3" m="47659" /><G39/><T131/><D131/><U23/><E114/><V68/><F68/><W128/><G128/><T115/><D97/><U108/><E113/><V122/><F133/><W106/><G106/><T20/><D20/><U85/><E108/><V21/><F104/><W48/><G48/><T111/><D111/><U26/><E85/><V59/><F122/><W81/><G79/><T34/><D34/><U86/><E86/><N who="2" m="52311" /><F121/><W45/><G6/><T1/><D1/><U65/><E65/><V54/><AGARI ba="0,0" hai="15,17,21,49,54,59,72,78,82,102,103" m="52311" machi="54" ten="30,1100,0" yaku="25,1" doraHai="112" who="2" fromWho="2" sc="229,-3,219,-5,219,11,333,-3" /><INIT seed="2,0,0,4,2,123" ten="226,214,230,330" oya="2" hai0="6,90,133,134,82,105,99,15,23,49,42,92,106" hai1="62,125,97,66,14,96,77,37,114,19,109,98,117" hai2="45,101,79,12,118,54,61,11,47,119,21,104,100" hai3="69,135,1,56,29,80,107,130,28,18,60,63,3"/><V129/><F129/><W128/><G107/><T65/><D65/><U25/><E114/><V71/><F79/><W93/><G93/><T46/><D82/><U86/><E117/><V40/><F101/><W30/><G69/><T39/><D39/><U24/><E37/><V44/><F104/><W33/><G33/><T127/><D127/><U8/><E125/><V7/><F100/><W95/><G95/><T35/><D35/><U9/><E109/><V132/><F132/><N who="0" m="50794" /><D6/><U68/><REACH who="1" step="1"/><E9/><REACH who="1" ten="226,204,230,330" step="2"/><V121/><F119/><W10/><G135/><T5/><D23/><U111/><E111/><V115/><F21/><W59/><G10/><AGARI ba="0,1" hai="5,10,15,42,46,49,90,92,99,105,106" m="50794" machi="10" ten="30,1000,0" yaku="20,1" doraHai="123" who="0" fromWho="3" sc="226,20,204,0,230,0,330,-10" /><INIT seed="3,0,0,4,0,32" ten="246,204,230,320" oya="3" hai0="80,63,97,125,94,131,46,11,27,81,128,107,24" hai1="118,75,10,86,134,41,31,35,124,71,91,2,105" hai2="6,45,37,89,55,133,60,132,7,92,123,51,114" hai3="96,22,116,103,0,50,23,82,67,16,15,20,69"/><W19/><G0/><T54/><D107/><U65/><E75/><V99/><F114/><W111/><G116/><T36/><D125/><U38/><E118/><V25/><F123/><W52/><G67/><T85/><D81/><U1/><E105/><V135/><F37/><W76/><G69/><T109/><D109/><U21/><E35/><V47/><F47/><W129/><G19/><T101/><D63/><U110/><E110/><V121/><F121/><W44/><G129/><T88/><D11/><U126/><E134/><V9/><F25/><W102/><G111/><T49/><REACH who="0" step="1"/><D36/><REACH who="0" ten="236,204,230,320" step="2"/><U119/><E119/><V30/><F60/><W72/><G102/><T78/><D78/><U87/><E10/><V4/><F9/><W122/><G122/><T14/><D14/><U68/><E38/><V40/><F30/><W108/><G108/><T73/><D73/><U62/><E71/><V64/><F64/><W100/><G100/><T29/><D29/><U56/><E68/><V104/><F104/><AGARI ba="0,1" hai="15,16,20,22,23,44,50,52,72,76,82,96,103,104" machi="104" ten="30,5800,0" yaku="7,1,54,2" doraHai="32" who="3" fromWho="2" sc="236,0,204,0,230,-58,320,68" owari="236,4.0,204,-20.0,172,-33.0,388,49.0" /></mjloggm>