<mjloggm ver="2.3"><GO type="169" lobby="0"/><UN n0="%6B%61%69%69%74%69" n1="%E3%82%A6%E3%83%AB%E3%83%88%E3%83%A9%E7%AB%8B%E7%9B%B4" n2="%E3%83%95%E3%82%A7%E3%83%AB%E3%83%8A%E3%83%B3%E3%83%89" n3="%E3%82%89%E3%81%8F%E3%81%A0%EF%BC%90%EF%BC%91%EF%BC%90%EF%BC%99" dan="16,16,17,16" rate="2180.83,2119.72,2124.75,2106.69" sx="M,M,M,M"/><TAIKYOKU oya="0"/><INIT seed="0,0,0,4,1,94" ten="250,250,250,250" oya="0" hai0="103,55,1,4,25,122,81,126,31,84,39,19,89" hai1="29,11,107,70,48,78,132,21,7,49,128,135,97" hai2="119,10,120,53,110,109,22,60,118,99,101,124,40" hai3="20,111,42,35,133,61,129,67,116,127,95,134,114"/><T91/><D122/><U73/><E70/><V56/><F120/><W65/><G35/><T44/><D126/><U6/><E78/><V75/><F124/><W102/><G127/><T71/><D71/><U117/><E73/><V106/><F75/><W62/><G116/><N who="2" m="44585" /><F40/><W105/><G105/><T47/><D19/><U100/><E117/><V33/><F33/><W45/><G114/><T37/><D103/><U125/><E125/><V23/><F10/><W90/><G102/><T51/><D47/><U26/><E128/><V38/><F38/><W5/><G5/><T68/><D68/><U8/><E8/><V72/><F72/><W112/><G129/><T115/><D115/><U63/><E63/><N who="3" m="24074" /><G20/><AGARI ba="0,0" hai="20,22,23,53,56,60,99,101,106,109,110" m="44585" machi="20" ten="30,2000,0" yaku="12,1,52,1" doraHai="94" who="2" fromWho="3" sc="250,0,250,0,250,20,250,-20" /><INIT seed="1,0,0,1,2,44" ten="250,250,270,230" oya="1" hai0="77,63,76,118,9,56,8,13,6,54,69,99,97" hai1="122,19,67,43,126,31,71,62,134,59,81,32,88" hai2="30,96,117,49,41,91,87,7,18,108,36,70,61" hai3="10,89,21,66,58,110,47,120,65,124,86,111,115"/><U103/><E122/><V26/><F117/><W33/><G33/><T132/><D118/><U50/><E31/><V55/><F108/><N who="3" m="41515" /><G120/><T113/><D132/><U24/><E32/><V90/><F7/><W107/><G107/><T83/><D113/><U46/><E134/><V94/><F36/><W112/><G124/><T14/><D69/><U130/><E126/><V129/><F129/><W16/><G10/><T114/><D114/><N who="3" m="43561" /><G47/><T27/><D27/><U60/><E103/><V23/><F41/><W106/><G106/><T116/><D116/><U34/><E34/><V22/><F22/><W121/><G121/><T17/><REACH who="0" step="1"/><D77/><REACH who="0" ten="240,250,270,230" step="2"/><U64/><E130/><V37/><F26/><N who="3" m="14631" /><G58/><T85/><AGARI ba="0,1" hai="6,8,9,13,14,17,54,56,63,76,83,85,97,99" machi="85" ten="20,5200,0" yaku="1,1,0,1,7,1,8,1,53,0" doraHai="44" doraHaiUra="100" who="0" fromWho="0" sc="240,62,250,-26,270,-13,230,-13" /><INIT seed="2,0,0,2,2,129" ten="302,224,257,217" oya="2" hai0="14,61,98,23,121,85,127,8,34,124,28,73,15" hai1="74,63,27,33,16,57,25,111,135,39,2,116,100" hai2="31,1,131,49,106,69,13,54,30,9,88,36,45" hai3="43,22,18,80,60,86,10,40,104,4,59,96,92"/><V99/><F1/><W50/><G104/><T97/><D73/><U82/><E39/><V113/><F113/><W56/><G50/><T12/><D121/><U132/><E2/><V107/><F131/><W110/><G56/><T90/><D34/><U123/><E100/><V64/><F36/><W95/><G95/><T72/><D72/><U46/><E46/><V52/><F107/><W65/><G110/><T94/><D61/><U118/><E82/><V51/><F69/><W62/><G62/><T21/><D8/><U7/><E7/><N who="2" m="3263" /><F106/><W117/><G117/><N who="1" m="45162" /><E74/><V119/><F64/><W122/><G122/><T29/><D85/><U58/><E123/><V89/><F119/><W114/><G114/><T115/><D115/><U134/><E111/><V112/><F112/><W37/><G37/><T5/><D5/><U77/><E77/><V68/><F68/><W108/><G108/><T103/><D103/><U71/><E33/><V76/><F76/><N who="3" m="46343" /><G10/><T87/><D87/><U93/><E93/><N who="2" m="56743" /><F89/><N who="3" m="55311" /><G4/><T83/><D90/><U24/><E71/><V109/><F109/><W130/><G130/><T17/><D98/><U66/><E58/><AGARI ba="0,0" hai="30,31,45,49,51,52,54,58" m="56743,3263" machi="58" ten="30,5800,0" yaku="8,1,54,2" doraHai="129" who="2" fromWho="1" sc="302,0,224,-58,257,58,217,0" /><INIT seed="2,1,0,0,5,10" ten="302,166,315,217" oya="2" hai0="92,25,100,126,12,67,64,117,13,49,99,59,79" hai1="27,80,112,26,108,97,55,44,14,127,78,38,82" hai2="74,69,6,51,68,46,77,65,3,41,81,95,93" hai3="5,89,128,73,63,75,101,88,11,103,119,91,86"/><V58/><F58/><W60/><G119/><T9/><D126/><U114/><E127/><V45/><F45/><W102/><G128/><T0/><D0/><U24/><E108/><V125/><F125/><W106/><G106/><T120/><D120/><U123/><E123/><V8/><REACH who="2" step="1"/><F65/><REACH who="2" ten="302,166,305,217" step="2"/><W40/><G40/><T56/><D56/><U134/><E44/><V37/><F37/><W116/><G116/><T42/><D67/><U7/><E38/><V118/><F118/><W36/><G36/><T135/><D117/><U21/><E114/><V23/><F23/><W124/><G124/><T17/><D64/><U98/><E112/><V22/><F22/><W28/><G28/><T61/><D59/><U52/><E21/><V53/><F53/><N who="1" m="20553" /><E134/><V4/><F4/><W18/><G5/><T34/><D135/><U57/><E57/><V109/><F109/><W1/><G60/><T96/><D61/><U87/><E82/><V90/><F90/><W50/><G63/><T122/><D122/><U29/><E29/><V62/><F62/><W94/><G50/><T32/><D49/><U132/><E132/><V105/><F105/><W35/><G91/><T72/><D42/><U33/><E33/><V111/><F111/><W2/><G89/><T48/><D34/><U66/><E66/><V70/><AGARI ba="1,1" hai="3,6,8,41,46,51,68,69,70,74,77,81,93,95" machi="70" ten="30,3000,0" yaku="1,1,0,1,53,0" doraHai="10" doraHaiUra="16" who="2" fromWho="2" sc="302,-11,166,-11,305,43,217,-11" /><INIT seed="2,2,0,5,5,39" ten="291,155,348,206" oya="2" hai0="67,120,65,16,28,116,76,51,0,105,4,132,113" hai1="98,34,33,128,134,49,53,18,7,124,11,107,46" hai2="60,79,97,30,35,91,100,125,82,55,109,13,27" hai3="15,95,12,14,54,61,52,75,22,57,86,101,36"/><V108/><F125/><W118/><G36/><T45/><D120/><U38/><E128/><V66/><F91/><W59/><G75/><T32/><D116/><U70/><E70/><N who="2" m="42311" /><F13/><W73/><G73/><T19/><D105/><U104/><E124/><V62/><F62/><W110/><G110/><N who="2" m="42601" /><F55/><W44/><G118/><T23/><D113/><U3/><E134/><V26/><F26/><W69/><G69/><T72/><D132/><U121/><E121/><V47/><F47/><W77/><G44/><T129/><D45/><U123/><E123/><V96/><F100/><W24/><G101/><T135/><D135/><U80/><E38/><V89/><F89/><N who="3" m="53687" /><G77/><T25/><D76/><U126/><E126/><V50/><F50/><N who="3" m="30871" /><G12/><T6/><D51/><U48/><E48/><V111/><N who="2" m="42609" /><V37/><DORA hai="106" /><F37/><W90/><G90/><T71/><D25/><U99/><E80/><V117/><F117/><W85/><G85/><AGARI ba="2,0" hai="27,30,35,79,82,85,96,97" m="42609,42311" machi="85" ten="40,3900,0" yaku="14,1,10,1" doraHai="39,106" who="2" fromWho="3" sc="291,0,155,0,348,45,206,-45" /><INIT seed="2,3,0,2,2,43" ten="291,155,393,161" oya="2" hai0="48,42,16,13,68,20,107,18,69,39,74,22,134" hai1="130,29,11,84,46,102,60,124,54,59,72,8,6" hai2="99,53,1,57,66,88,126,38,10,55,101,96,111" hai3="63,80,119,114,100,17,90,34,56,103,61,73,106"/><V121/><F121/><W115/><G34/><T92/><D39/><U58/><E72/><V105/><F38/><W31/><G119/><T28/><D107/><U132/><E132/><V51/><F66/><W70/><G31/><T76/><D134/><U24/><E124/><V35/><F126/><W37/><G37/><T40/><D28/><U109/><E130/><V32/><F111/><W7/><G7/><T83/><D92/><U19/><E109/><V0/><F55/><W104/><G70/><T5/><D5/><U89/><E102/><N who="3" m="38954" /><G17/><T14/><D40/><U65/><E19/><V52/><F53/><W120/><G120/><T9/><D9/><U30/><E6/><V133/><F133/><W67/><G63/><T64/><D64/><U122/><E122/><V27/><F10/><W44/><G44/><AGARI ba="3,0" hai="13,14,16,18,20,22,42,44,48,68,69,74,76,83" machi="44" ten="40,5200,0" yaku="9,1,52,1,54,1" doraHai="43" who="0" fromWho="3" sc="291,61,155,0,393,0,161,-61" /><INIT seed="3,0,0,1,1,78" ten="352,155,393,100" oya="3" hai0="43,130,116,0,13,126,109,65,108,122,24,21,112" hai1="75,59,15,119,86,114,84,30,40,57,98,5,72" hai2="77,56,31,22,10,131,28,70,18,38,69,52,17" hai3="113,45,23,34,29,97,26,1,6,87,91,99,53"/><W16/><G113/><T71/><D43/><U106/><E40/><V27/><F38/><W14/><G45/><T90/><D65/><U111/><E30/><V93/><F131/><W121/><G121/><T49/><D90/><U68/><E68/><V89/><F77/><W82/><REACH who="3" step="1"/><G53/><REACH who="3" ten="352,155,393,90" step="2"/><T66/><D122/><U67/><E114/><V64/><F52/><W88/><G88/><T135/><D112/><U101/><E119/><V61/><F89/><W104/><G104/><T7/><D116/><U80/><E106/><V47/><F47/><W4/><G4/><T124/><D7/><U100/><E5/><V103/><F103/><W73/><G73/><T120/><D120/><U50/><E75/><V20/><F64/><W105/><G105/><T76/><D66/><U25/><E72/><V35/><F70/><W129/><G129/><T79/><D130/><U62/><E67/><V123/><F69/><W63/><G63/><T51/><D71/><U44/><E62/><V39/><F123/><W125/><G125/><T81/><D126/><U110/><E44/><V41/><F61/><W94/><G94/><T33/><D124/><U58/><E100/><V2/><F93/><W9/><AGARI ba="0,1" hai="1,6,9,14,16,23,26,29,34,82,87,91,97,99" machi="9" ten="30,18000,2" yaku="1,1,0,1,24,2,52,1,54,1,53,0" doraHai="78" doraHaiUra="55" who="3" fromWho="3" sc="352,-60,155,-60,393,-60,90,190" /><INIT seed="3,1,0,2,4,49" ten="292,95,333,280" oya="3" hai0="20,109,80,119,33,114,116,62,50,15,46,120,132" hai1="126,99,72,69,60,58,45,19,124,17,34,85,48" hai2="97,65,129,131,79,104,121,54,3,29,52,1,84" hai3="128,38,135,59,0,9,103,123,82,88,31,78,11"/><W24/><G123/><T7/><D120/><U75/><E34/><V30/><F121/><W35/><G38/><T76/><D33/><U102/><E69/><V25/><F65/><W12/><G128/><N who="2" m="49225" /><F79/><W64/><G103/><T39/><D109/><U68/><E68/><V61/><F61/><W28/><G28/><N who="2" m="10857" /><F25/><W2/><G135/><T125/><D39/><U91/><E75/><V66/><F66/><W32/><G32/><T40/><D132/><U55/><E72/><V93/><F84/><W74/><G9/><T14/><D125/><U22/><E22/><V83/><F83/><W133/><G133/><T5/><D114/><U122/><E122/><V98/><F104/><W67/><G67/><T44/><D62/><U41/><E126/><V23/><F23/><W89/><G0/><N who="2" m="73" /><F98/><W117/><G2/><T71/><D20/><U101/><E124/><V96/><F96/><W86/><G117/><T18/><D71/><U10/><E10/><V73/><F73/><W37/><G74/><T130/><D80/><U106/><REACH who="1" step="1"/><E102/><AGARI ba="1,0" hai="52,54,93,97,102" m="73,10857,49225" machi="102" ten="30,7700,0" yaku="19,1,52,2,54,1" doraHai="49" who="2" fromWho="1" sc="292,0,95,-80,333,80,280,0" /><INIT seed="4,0,0,5,5,7" ten="292,15,413,280" oya="0" hai0="44,121,10,58,61,118,65,124,1,69,55,52,18" hai1="4,82,105,115,14,96,34,122,17,6,119,72,86" hai2="59,8,126,81,123,87,15,11,90,51,85,42,19" hai3="0,41,78,98,40,43,46,104,95,66,112,30,79"/><T9/><D121/><U102/><E34/><V37/><F123/><W5/><G104/><T108/><D118/><U57/><E122/><V120/><F120/><W31/><G112/><T28/><D28/><N who="3" m="10793" /><G0/><T60/><D124/><U99/><E119/><V45/><F126/><W76/><G5/><T135/><D135/><U94/><E115/><V20/><F37/><W97/><G66/><T103/><D103/><U26/><E26/><V47/><F47/><W13/><G46/><T106/><D106/><U67/><E57/><V12/><F12/><W101/><G13/><T63/><D1/><U114/><E114/><V32/><F32/><W22/><G22/><T93/><D108/><U91/><E67/><V116/><F116/><W50/><G50/><T54/><D93/><U36/><E36/><V24/><F15/><W77/><N who="3" m="19968" /><DORA hai="2" /><W111/><G111/><T62/><D18/><U88/><REACH who="1" step="1"/><E72/><REACH who="1" ten="292,5,413,280" step="2"/><V73/><F73/><W83/><G83/><T89/><D58/><U56/><E56/><V38/><REACH who="2" step="1"/><F87/><REACH who="2" ten="292,5,403,280" step="2"/><W25/><G25/><T131/><D65/><U75/><E75/><V134/><F134/><W27/><G27/><T71/><D44/><U16/><E16/><V70/><F70/><W80/><G98/><T48/><D71/><U21/><AGARI ba="0,2" hai="4,6,14,17,21,82,86,88,91,94,96,99,102,105" machi="21" ten="20,12000,2" yaku="1,1,0,1,7,1,52,2,54,1,53,0" doraHai="7,2" doraHaiUra="29,113" who="1" fromWho="1" sc="292,-60,5,140,403,-30,280,-30" /><INIT seed="5,0,0,2,3,37" ten="232,145,373,250" oya="1" hai0="39,86,59,36,98,27,28,111,81,14,93,85,12" hai1="48,52,101,15,87,23,55,132,104,84,29,63,112" hai2="130,56,49,26,20,82,17,103,121,54,25,40,68" hai3="13,92,100,120,30,57,123,70,129,1,42,89,91"/><U128/><E112/><V78/><F121/><W67/><G70/><T32/><D111/><U113/><E113/><V5/><F68/><W65/><G1/><T95/><D59/><N who="1" m="35303" /><E104/><V0/><F130/><W19/><G129/><T45/><D95/><U99/><E128/><V44/><F103/><W41/><G30/><T80/><D86/><N who="1" m="32811" /><E132/><V105/><F105/><W58/><G100/><T51/><D36/><U33/><E33/><V118/><F118/><W102/><G102/><T66/><D39/><U109/><E109/><V11/><F26/><W35/><G35/><T94/><D66/><N who="3" m="25097" /><G123/><T21/><D32/><U34/><E34/><V2/><F2/><W64/><G64/><T83/><D85/><U125/><E125/><V79/><REACH who="2" step="1"/><F82/><REACH who="2" ten="232,145,363,250" step="2"/><W77/><G120/><T106/><D106/><U43/><E101/><V46/><F46/><W134/><G134/><T116/><D116/><U9/><E99/><V62/><AGARI ba="0,1" hai="0,5,11,17,20,25,40,44,49,54,56,62,78,79" machi="62" ten="20,5200,0" yaku="1,1,0,1,7,1,52,1,53,0" doraHai="37" doraHaiUra="133" who="2" fromWho="2" sc="232,-13,145,-26,363,62,250,-13" /><INIT seed="6,0,0,0,5,26" ten="219,119,425,237" oya="2" hai0="17,94,90,28,105,69,75,3,4,89,58,70,130" hai1="71,126,38,16,2,85,106,135,51,108,59,29,60" hai2="36,84,103,53,118,127,49,114,27,115,128,45,40" hai3="80,46,67,116,62,92,101,44,77,91,6,50,123"/><V120/><F118/><W15/><G123/><T23/><D105/><U129/><E2/><V9/><F103/><W79/><G116/><T99/><D75/><U110/><E106/><V54/><F9/><N who="3" m="4535" /><G101/><T131/><D58/><U21/><E38/><V48/><F84/><N who="3" m="52327" /><G80/><T72/><D72/><U12/><E126/><V56/><F27/><W73/><G73/><T117/><D117/><U64/><E129/><V63/><F128/><W109/><G44/><T83/><D70/><U133/><E85/><V96/><F96/><W66/><G109/><T112/><D99/><U93/><E93/><V20/><F127/><W76/><G62/><T65/><D94/><U119/><E119/><V132/><F63/><W86/><G86/><T34/><D131/><U1/><E1/><V0/><F0/><W134/><G134/><T11/><D3/><U24/><E135/><V88/><F120/><W57/><G57/><T100/><D69/><U87/><E87/><V98/><F56/><W33/><G33/><T5/><D34/><U97/><E97/><V30/><F98/><W7/><G7/><T32/><D4/><U55/><REACH who="1" step="1"/><E133/><REACH who="1" ten="219,109,425,237" step="2"/><V25/><F132/><W82/><G82/><T42/><D83/><U10/><AGARI ba="0,1" hai="10,12,16,21,24,29,51,55,59,60,64,71,108,110" machi="10" ten="20,12000,2" yaku="1,1,2,1,0,1,7,1,52,1,54,1,53,0" doraHai="26" doraHaiUra="41" who="1" fromWho="1" sc="219,-30,109,130,425,-60,237,-30" /><INIT seed="7,0,0,2,4,109" ten="189,239,365,207" oya="3" hai0="51,37,63,56,24,6,59,66,93,47,127,62,128" hai1="26,8,3,119,124,29,115,61,19,40,121,86,50" hai2="122,102,105,4,16,21,99,126,114,55,130,82,103" hai3="134,28,90,123,94,23,31,25,96,112,111,18,38"/><W32/><G123/><T1/><D37/><U53/><E86/><V85/><F4/><W129/><G38/><T44/><D128/><U39/><E61/><V75/><F75/><W2/><G2/><T69/><D127/><U5/><E40/><V98/><F130/><W48/><G129/><T67/><D24/><U33/><E50/><V84/><F126/><W116/><G116/><T70/><D93/><U45/><E53/><V101/><F114/><W35/><G112/><T132/><D132/><U22/><E45/><N who="0" m="17481" /><D6/><U92/><E92/><V80/><F55/><W13/><G134/><T71/><D1/><U54/><E54/><AGARI ba="0,0" hai="51,54,56,59,62,63,66,67,69,70,71" m="17481" machi="54" ten="30,8000,1" yaku="35,5" doraHai="109" who="0" fromWho="1" sc="189,80,239,-80,365,0,207,0" owari="269,7.0,159,-34.0,365,46.0,207,-19.0" /></mjloggm>