<mjloggm ver="2.3"><GO type="41" lobby="0"/><UN n0="%E3%82%A6%E3%83%AB%E3%83%88%E3%83%A9%E7%AB%8B%E7%9B%B4" n1="%42%6F%73%73" n2="%6D%61%6B%61%2D%70%75" n3="%E6%A2%85%E5%B1%8B%E2%98%86%E7%90%86%E8%AB%96" dan="15,14,15,15" rate="2022.26,1908.40,1972.23,2127.26" sx="M,M,M,M"/><TAIKYOKU oya="0"/><INIT seed="0,0,0,4,5,26" ten="250,250,250,250" oya="0" hai0="42,122,70,116,130,49,83,4,103,106,10,92,57" hai1="113,68,7,128,64,28,121,11,91,67,35,71,79" hai2="115,90,40,135,20,78,14,125,43,58,60,111,52" hai3="129,48,133,65,47,86,107,19,72,54,61,33,132"/><T81/><D70/><U94/><E121/><V45/><F115/><W102/><G72/><T108/><D106/><U118/><E118/><V32/><F111/><W104/><G129/><T105/><D105/><U101/><E101/><V85/><F32/><W95/><G33/><T123/><D116/><U39/><E39/><V63/><F135/><N who="3" m="51787" /><G19/><T0/><D130/><U16/><E128/><V84/><F125/><W77/><G77/><T62/><D108/><U109/><E109/><V112/><F112/><W59/><G86/><T127/><D127/><U9/><E79/><V75/><F75/><W44/><G44/><T25/><D83/><U89/><E113/><V41/><F63/><W88/><G102/><T23/><D81/><U87/><E7/><V13/><F78/><W15/><G15/><N who="2" m="5641" /><F20/><W5/><G5/><T12/><D0/><U36/><E36/><V17/><F17/><W114/><G114/><T98/><D49/><U56/><E16/><V110/><F110/><W134/><G134/><T18/><D42/><N who="2" m="16490" /><F90/><W74/><G74/><T1/><D1/><U120/><E120/><V99/><F99/><W34/><G34/><T22/><D22/><U38/><E38/><V97/><F97/><W66/><G66/><AGARI ba="0,0" hai="4,10,12,18,23,25,57,62,66,92,98,103,122,123" machi="66" ten="30,1500,0" yaku="7,1" doraHai="26" who="0" fromWho="3" sc="250,15,250,0,250,0,250,-15" /><INIT seed="0,1,0,1,1,40" ten="265,250,250,235" oya="0" hai0="115,49,122,32,53,92,59,121,28,56,93,117,45" hai1="133,113,105,75,58,95,39,127,54,30,99,66,36" hai2="9,52,12,71,107,130,46,74,83,57,82,33,20" hai3="94,128,61,17,72,27,67,116,79,15,65,80,87"/><T37/><D32/><U4/><E75/><V1/><F33/><W85/><G116/><T69/><D28/><U96/><E4/><V108/><F71/><W118/><G118/><T26/><D26/><U103/><E66/><V34/><F34/><W90/><G128/><T111/><D117/><U35/><E127/><V31/><F107/><W60/><G72/><T14/><D93/><U109/><E109/><V21/><F1/><W42/><G27/><T2/><D2/><U123/><E123/><N who="0" m="47113" /><D92/><U135/><E30/><V50/><F108/><W106/><G106/><T110/><D14/><U101/><E35/><V129/><F74/><W84/><G84/><T112/><D69/><U114/><E54/><N who="2" m="30039" /><F130/><W62/><REACH who="3" step="1"/><G42/><REACH who="3" ten="265,250,250,225" step="2"/><N who="0" m="22735" /><D111/><U55/><E114/><V6/><F129/><W3/><G3/><T77/><D110/><U102/><E113/><V25/><F21/><AGARI ba="1,1" hai="15,17,21,60,61,62,65,67,79,80,85,87,90,94" machi="21" ten="40,2600,0" yaku="1,1,8,1,53,0" doraHai="40" doraHaiUra="51" who="3" fromWho="2" sc="265,0,250,0,250,-29,225,39" /><INIT seed="1,0,0,5,3,85" ten="265,250,221,264" oya="1" hai0="11,40,80,66,67,107,89,1,12,59,114,23,6" hai1="68,110,97,49,135,25,3,20,82,104,124,126,86" hai2="100,5,95,33,56,127,64,22,39,74,34,134,32" hai3="16,29,83,70,41,76,125,133,101,129,53,122,27"/><U62/><E3/><V48/><F74/><W46/><G122/><T21/><D107/><U2/><E2/><V58/><F39/><W128/><G70/><T105/><D105/><U55/><E68/><V31/><F127/><N who="1" m="48681" /><E62/><V47/><F134/><W96/><G125/><T109/><D109/><U9/><E9/><V30/><F5/><W121/><G121/><T81/><D40/><U51/><E135/><V132/><F132/><W88/><G133/><T37/><D37/><U19/><E110/><V4/><F4/><W57/><G101/><T119/><D119/><U75/><E75/><V52/><F58/><W54/><G76/><T60/><D67/><U93/><E104/><V50/><F64/><W71/><G71/><T36/><D36/><U79/><E55/><V112/><F112/><W77/><G46/><T69/><D69/><U98/><E98/><V26/><F31/><W35/><G41/><T94/><D114/><U42/><E42/><V65/><F65/><W111/><G111/><T78/><D1/><U45/><E45/><V72/><F72/><W17/><G77/><T115/><D115/><U44/><E44/><V13/><F13/><W118/><G118/><T14/><D78/><U15/><E15/><V92/><REACH who="2" step="1"/><F100/><AGARI ba="0,0" hai="19,20,25,49,51,79,82,86,93,97,100" m="48681" machi="100" ten="30,1500,0" yaku="18,1" doraHai="85" who="1" fromWho="2" sc="265,0,250,15,221,-15,264,0" /><INIT seed="1,1,0,4,0,33" ten="265,265,206,264" oya="1" hai0="28,55,67,128,125,113,50,92,54,89,64,116,134" hai1="86,122,81,46,110,15,3,111,5,45,31,105,129" hai2="95,8,94,36,26,120,40,117,60,69,75,109,16" hai3="106,83,17,65,32,51,20,93,71,131,59,85,87"/><U114/><E122/><V61/><F120/><W38/><G106/><T70/><D70/><U98/><E114/><V11/><F117/><W63/><G38/><T66/><D116/><U76/><E31/><V34/><F75/><W72/><G32/><T6/><D113/><U48/><E129/><V43/><F109/><N who="1" m="41481" /><E15/><N who="2" m="7271" /><F34/><W4/><G131/><T27/><D128/><U9/><E48/><V103/><F69/><W82/><G71/><T7/><D125/><U57/><E57/><V124/><F36/><W58/><G72/><T77/><D134/><U84/><E84/><N who="3" m="32330" /><G93/><N who="2" m="35337" /><F124/><W68/><G4/><T133/><D133/><U121/><E121/><V79/><F79/><W96/><G96/><T29/><D77/><U0/><E0/><V80/><F80/><W47/><G68/><T108/><D108/><U22/><E22/><V12/><F26/><N who="3" m="14607" /><G59/><T25/><D7/><U14/><E14/><V39/><F39/><W53/><AGARI ba="1,0" hai="47,51,53,58,63,65,82,83" m="14607,32330" machi="53" ten="30,1100,0" yaku="8,1" doraHai="33" who="3" fromWho="3" sc="265,-4,265,-6,206,-4,264,14" /><INIT seed="2,0,0,1,4,91" ten="261,259,202,278" oya="2" hai0="49,128,41,64,24,104,55,131,0,59,42,33,66" hai1="129,103,102,30,127,100,90,20,43,16,51,62,132" hai2="130,126,26,93,28,79,84,53,45,77,2,35,31" hai3="85,76,37,56,18,119,122,32,75,3,80,133,27"/><V125/><F130/><N who="0" m="49706" /><D104/><U7/><E129/><V117/><F117/><W9/><G119/><T34/><D0/><U89/><E132/><V81/><F2/><W116/><G122/><T67/><D33/><U29/><E127/><N who="2" m="48651" /><F31/><AGARI ba="0,0" hai="24,31,34,41,42,49,55,59,64,66,67" m="49706" machi="31" ten="30,1000,0" yaku="19,1" doraHai="91" who="0" fromWho="2" sc="261,10,259,0,202,-10,278,0" /><INIT seed="3,0,0,2,2,11" ten="271,259,192,278" oya="3" hai0="123,26,16,8,57,46,131,99,133,66,91,28,54" hai1="73,79,93,96,98,21,126,39,117,32,89,27,85" hai2="18,31,14,110,65,34,88,103,69,37,60,90,78" hai3="33,64,77,118,41,83,102,62,128,132,36,52,84"/><W125/><G118/><T30/><D123/><U101/><E39/><V97/><F37/><W95/><G33/><T51/><D131/><U20/><E117/><V43/><F43/><W81/><G132/><T48/><D133/><U5/><E126/><V100/><F78/><W122/><G122/><T112/><D112/><U114/><E114/><V0/><F0/><W108/><G128/><T24/><D66/><U121/><E121/><V107/><F100/><W2/><G2/><T45/><D57/><U35/><E20/><V47/><F47/><W50/><G125/><T44/><D44/><U53/><E5/><V56/><F56/><W120/><G120/><T86/><D99/><U119/><E119/><V94/><F94/><W23/><G36/><T25/><D48/><U10/><E10/><N who="2" m="6487" /><F110/><W129/><G41/><T40/><D46/><U7/><E7/><V80/><F80/><W1/><G1/><T113/><D113/><U17/><E53/><V42/><F42/><W124/><G124/><T70/><D70/><U71/><E71/><V76/><F76/><W106/><G106/><T135/><D135/><U92/><E73/><V6/><F6/><W12/><G129/><T22/><D40/><U134/><E134/><V63/><F63/><W104/><G108/><T111/><D111/><U55/><E55/><V29/><F29/><N who="0" m="11370" /><D8/><U3/><E3/><V116/><F116/><W127/><G127/><T72/><D72/><U130/><E130/><V13/><F13/><W59/><G12/><T74/><D74/><U82/><AGARI ba="0,0" hai="17,21,27,32,35,79,82,85,89,92,93,96,98,101" machi="82" ten="30,1100,0" yaku="0,1" doraHai="11" who="1" fromWho="1" sc="271,-3,259,11,192,-3,278,-5" /><INIT seed="4,0,0,5,1,8" ten="268,270,189,273" oya="0" hai0="72,102,40,28,44,53,122,29,85,45,52,48,93" hai1="62,95,121,135,41,55,1,94,26,47,32,34,90" hai2="126,96,101,9,2,91,39,13,118,63,12,107,79" hai3="64,57,74,73,117,49,86,103,67,132,81,112,6"/><T98/><D72/><U83/><E1/><V42/><F63/><W18/><G117/><T60/><D122/><U78/><E135/><V129/><F118/><W36/><G36/><T120/><D120/><U89/><E121/><V111/><F111/><W19/><G6/><T108/><D108/><U123/><E123/><V82/><F129/><W3/><G3/><T35/><D35/><U59/><E34/><V10/><F126/><W134/><G103/><T75/><D75/><N who="3" m="28681" /><G112/><T33/><D33/><U97/><E32/><V38/><F79/><N who="3" m="46399" /><G49/><T109/><D109/><U99/><E78/><V66/><F66/><N who="3" m="25131" /><G57/><T61/><D85/><U4/><E83/><V58/><F58/><W30/><G30/><N who="0" m="11883" /><D40/><U70/><E70/><V84/><F2/><W71/><G71/><T104/><D104/><U88/><E4/><V131/><F131/><W68/><G68/><T56/><D45/><U0/><E0/><V16/><F42/><W115/><G115/><T105/><D105/><U7/><E7/><AGARI ba="0,0" hai="7,9,10,12,13,16,38,39,82,84,91,96,101,107" machi="7" ten="30,7700,0" yaku="7,1,52,2,54,1" doraHai="8" who="2" fromWho="1" sc="268,0,270,-77,189,77,273,0" /><INIT seed="5,0,0,4,3,130" ten="268,193,266,273" oya="1" hai0="110,125,83,69,45,33,65,8,54,99,10,122,44" hai1="34,86,56,100,24,81,129,68,92,58,41,52,135" hai2="108,114,71,104,134,97,107,64,11,123,14,85,117" hai3="27,28,119,25,78,26,19,2,1,88,4,12,75"/><U62/><E129/><V94/><F108/><W96/><G78/><T80/><D33/><U112/><E68/><V60/><F123/><W132/><G75/><T15/><D65/><U50/><E112/><V21/><F117/><W35/><G96/><T36/><D36/><U82/><E135/><V116/><F134/><W77/><G77/><T63/><D69/><U51/><E41/><V18/><F116/><W111/><G119/><T43/><D43/><U5/><E5/><V59/><F114/><W79/><G79/><T30/><D30/><U70/><E70/><V109/><F109/><W91/><G132/><T128/><D128/><U6/><E6/><V105/><F85/><W7/><G111/><T49/><D63/><U84/><E34/><V74/><F74/><W55/><G55/><T87/><D125/><U39/><E39/><V46/><F46/><W89/><G7/><T76/><D122/><U20/><E86/><V66/><F71/><W98/><G98/><T31/><D31/><N who="1" m="17799" /><E50/><V93/><F93/><W121/><G121/><T29/><D29/><U127/><E127/><V32/><F32/><W67/><G67/><T72/><D110/><U57/><E58/><V17/><F66/><W103/><G103/><T90/><D99/><N who="1" m="59495" /><E84/><V101/><REACH who="2" step="1"/><F107/><REACH who="2" ten="268,193,256,273" step="2"/><W102/><G35/><T120/><D120/><U126/><E126/><V95/><F95/><W61/><G102/><T113/><D113/><U47/><E47/><V53/><F53/><AGARI ba="0,1" hai="51,52,53,56,57,62,81,82" m="59495,17799" machi="53" ten="30,2900,0" yaku="8,1,54,1" doraHai="130" who="1" fromWho="2" sc="268,0,193,39,256,-29,273,0" /><INIT seed="5,1,0,4,2,44" ten="268,232,227,273" oya="1" hai0="35,113,115,88,82,67,105,74,22,114,0,135,97" hai1="71,24,6,65,66,129,70,16,45,104,60,79,46" hai2="122,133,98,53,11,31,42,19,10,130,61,2,34" hai3="93,72,119,123,106,49,55,126,62,117,32,90,25"/><U50/><E104/><V118/><F122/><W85/><G123/><T81/><D35/><U52/><E6/><V109/><F118/><N who="3" m="45067" /><G72/><T43/><D0/><U102/><E79/><V38/><F109/><W15/><G106/><T28/><D28/><U107/><E102/><V20/><F133/><W83/><G126/><T21/><D67/><N who="1" m="41319" /><E107/><V112/><F130/><W73/><G62/><T41/><D135/><U69/><E16/><V30/><F112/><W57/><G15/><T40/><D105/><U128/><E24/><V54/><F98/><W127/><G127/><T7/><D7/><U33/><E33/><V29/><F34/><W56/><G32/><T59/><D59/><N who="1" m="33175" /><E129/><V86/><F86/><N who="3" m="52439" /><G73/><T27/><D27/><U101/><E101/><V95/><F95/><W92/><G25/><T84/><D97/><U77/><E77/><AGARI ba="1,0" hai="21,22,40,41,43,74,77,81,82,84,88,113,114,115" machi="77" ten="50,3200,0" yaku="15,1,54,1" doraHai="44" who="0" fromWho="1" sc="268,35,232,-35,227,0,273,0" /><INIT seed="6,0,0,5,0,51" ten="303,197,227,273" oya="2" hai0="90,97,79,33,135,36,75,85,67,37,108,10,48" hai1="124,32,122,125,83,112,61,68,7,30,23,17,47" hai2="40,114,129,119,126,102,12,116,93,123,71,127,50" hai3="54,111,113,9,20,69,76,92,38,133,84,95,77"/><V13/><F123/><W82/><G111/><T15/><D33/><U6/><E122/><V2/><F2/><W55/><G38/><T19/><D108/><U86/><E47/><N who="2" m="25959" /><F71/><W53/><G69/><T128/><D75/><U35/><E68/><V121/><F121/><W105/><G105/><T81/><D128/><U130/><E61/><V132/><F129/><W24/><G133/><T58/><D135/><U72/><E72/><V16/><F132/><W118/><G118/><T21/><D37/><U78/><E130/><V1/><F1/><W49/><G113/><T87/><D97/><U8/><E112/><V89/><F102/><W41/><G9/><T66/><D36/><U94/><E94/><N who="3" m="35882" /><G77/><T104/><D104/><U107/><E107/><V44/><F44/><N who="3" m="27943" /><G41/><T27/><D87/><U88/><E78/><V59/><F114/><W56/><G56/><T0/><D79/><U5/><E8/><N who="2" m="6151" /><F59/><W31/><AGARI ba="0,0" hai="20,24,31,53,55,76,82,84" m="27943,35882" machi="31" ten="30,7900,0" yaku="8,1,52,3" doraHai="51" who="3" fromWho="3" sc="303,-20,197,-20,227,-39,273,79" /><INIT seed="7,0,0,5,2,44" ten="283,177,188,352" oya="3" hai0="34,65,25,109,66,118,79,52,62,19,83,59,99" hai1="39,72,40,97,105,9,21,106,56,41,42,115,12" hai2="24,111,133,85,67,7,122,93,10,46,101,54,129" hai3="121,107,130,125,0,84,27,30,3,96,20,28,124"/><W104/><G121/><T70/><D109/><U43/><E72/><V35/><F111/><W38/><G38/><T13/><D118/><U50/><E115/><V108/><F108/><W48/><G84/><T110/><D110/><U102/><E39/><V75/><F75/><W73/><G48/><T112/><D112/><U89/><E106/><V94/><F122/><W61/><G73/><T98/><D34/><U134/><E134/><V113/><F113/><W103/><G130/><T91/><D79/><U131/><E131/><V49/><F133/><W55/><G30/><T29/><D29/><U132/><E132/><V2/><F129/><W31/><G31/><T116/><D116/><U135/><E135/><V33/><F67/><W6/><G104/><T69/><D25/><U45/><E21/><V5/><F5/><W77/><G77/><T37/><D37/><U74/><E74/><V120/><F120/><W100/><G100/><T16/><D19/><U1/><E1/><V36/><F36/><W51/><G61/><T53/><D70/><U47/><E89/><V95/><F101/><W64/><G64/><N who="0" m="24683" /><D53/><U87/><E87/><V88/><REACH who="2" step="1"/><F24/><REACH who="2" ten="283,177,178,352" step="2"/><W58/><G6/><T63/><D69/><U86/><N who="1" m="10752" /><DORA hai="82" /><U71/><E71/><V26/><F26/><W4/><G4/><T90/><D99/><U23/><E86/><V78/><F78/><W123/><G123/><T117/><D98/><U119/><E119/><V76/><F76/><W14/><G96/><T114/><D114/><U127/><E97/><V80/><AGARI ba="0,1" hai="2,7,10,33,35,46,49,54,80,85,88,93,94,95" machi="80" ten="30,8000,1" yaku="1,1,0,1,52,2,54,1,53,0" doraHai="44,82" doraHaiUra="68,11" who="2" fromWho="2" sc="283,-20,177,-20,178,90,352,-40" owari="263,-14.0,157,-34.0,268,7.0,312,41.0" /></mjloggm>