<mjloggm ver="2.3"><GO type="193" lobby="0"/><UN n0="%E2%98%86%44%55%43%4B%E2%98%86" n1="%E6%BA%80%E9%A1%98%E6%88%90%E5%B0%B1" n2="%E5%B0%B1%E6%B4%BB%E7%94%9F%40%E5%B7%9D%E6%9D%91%E8%BB%8D%E5%9B%A3" n3="%73%75%74%6F%72%69%2D%6D" dan="11,11,12,10" rate="1496.94,1493.96,1857.76,1511.39" sx="F,M,M,M"/><TAIKYOKU oya="0"/><INIT seed="0,0,0,5,1,130" ten="250,250,250,250" oya="0" hai0="54,105,131,81,19,97,11,59,118,62,64,22,5" hai1="66,37,74,114,113,99,100,0,17,132,84,45,88" hai2="48,108,70,77,72,50,91,106,68,2,1,103,96" hai3="71,60,23,32,117,65,102,36,10,78,76,109,116"/><T111/><D118/><U110/><E0/><V122/><F122/><W123/><G36/><T133/><D81/><U30/><E74/><V101/><F108/><W92/><G10/><T86/><D86/><U80/><E132/><V47/><F101/><W42/><G42/><T27/><D111/><U6/><E6/><V134/><F134/><W93/><G109/><T125/><D125/><U46/><E110/><V43/><F68/><W41/><G41/><T89/><D89/><U58/><E58/><V95/><F70/><W120/><G32/><T44/><D44/><U82/><E37/><V121/><F121/><N who="3" m="46667" /><G117/><T38/><D38/><U3/><E3/><V49/><F2/><W8/><G8/><T83/><D83/><U98/><E100/><V31/><F1/><W124/><G116/><T13/><D64/><U51/><E51/><V127/><F127/><W53/><G53/><T12/><D12/><U9/><E66/><V39/><F31/><W40/><G40/><T29/><D29/><U34/><E30/><V126/><F126/><W55/><G124/><T56/><D56/><U67/><E67/><V135/><F135/><W21/><G55/><T79/><D133/><U104/><E104/><V15/><F15/><W61/><G71/><T57/><D57/><U85/><E34/><V128/><F128/><W87/><G102/><N who="0" m="62671" /><D79/><N who="3" m="30249" /><G65/><T107/><D107/><U52/><E9/><V28/><F28/><W25/><G25/><T33/><D33/><U16/><E52/><V129/><F129/><W75/><G75/><T63/><D131/><U14/><E14/><V69/><F69/><RYUUKYOKU ba="0,0" sc="250,15,250,15,250,-15,250,-15" hai0="5,11,13,19,22,27,54,59,62,63" hai1="16,17,45,46,80,82,84,85,88,98,99,113,114" /><INIT seed="0,1,0,4,3,134" ten="265,265,235,235" oya="0" hai0="54,43,0,89,49,90,78,55,61,81,85,113,25" hai1="67,20,108,124,53,94,30,29,69,82,122,26,57" hai2="74,18,103,105,6,12,110,127,10,1,118,100,63" hai3="5,58,91,80,47,101,11,16,7,125,70,56,96"/><T92/><D113/><U84/><E122/><V132/><F74/><W51/><G70/><T15/><D0/><U97/><E108/><V8/><F118/><W77/><G91/><T133/><D133/><U27/><E124/><V99/><F132/><W17/><G125/><T73/><D90/><U50/><E69/><V41/><F110/><W83/><G77/><T87/><D73/><U115/><E115/><V40/><F127/><W106/><G80/><T117/><D117/><U19/><E67/><V14/><F103/><W98/><G106/><T93/><D93/><U111/><E111/><V119/><F119/><W42/><G83/><T130/><D130/><U107/><E107/><V60/><F60/><W120/><G101/><T95/><D95/><U116/><E116/><V72/><F72/><W46/><G120/><T45/><D61/><U34/><E34/><V31/><F31/><W104/><G104/><T22/><D15/><U23/><E19/><AGARI ba="1,0" hai="19,22,25,43,45,49,54,55,78,81,85,87,89,92" machi="19" ten="30,2900,0" yaku="7,1,8,1" doraHai="134" who="0" fromWho="1" sc="265,32,265,-32,235,0,235,0" /><INIT seed="0,2,0,3,3,63" ten="297,233,235,235" oya="0" hai0="39,53,94,47,6,128,124,61,31,118,90,12,76" hai1="98,19,131,80,97,113,89,62,58,29,93,65,108" hai2="112,86,91,95,25,71,67,73,88,109,5,106,27" hai3="45,46,105,36,82,26,21,9,100,135,54,42,119"/><T60/><D39/><U7/><E131/><V87/><F106/><W52/><G119/><T57/><D118/><U134/><E108/><V34/><F73/><W120/><G9/><N who="0" m="4151" /><D128/><U28/><E80/><V33/><F109/><W72/><G120/><T51/><D124/><U126/><E126/><V121/><F121/><W99/><G135/><T41/><D31/><U83/><E113/><V68/><F112/><W96/><G96/><N who="0" m="57431" /><D76/><U18/><E7/><V44/><F44/><W111/><G111/><T1/><D1/><U85/><E134/><V49/><F49/><W17/><REACH who="3" step="1"/><G45/><REACH who="3" ten="297,233,235,225" step="2"/><T130/><D130/><U37/><E37/><V3/><F3/><W107/><G107/><T56/><D41/><U84/><E29/><V74/><F5/><W43/><G43/><T114/><D114/><U123/><E123/><V40/><F40/><W2/><G2/><T16/><D16/><N who="1" m="6187" /><E28/><V75/><F95/><W79/><AGARI ba="2,1" hai="17,21,26,36,42,46,52,54,72,79,82,99,100,105" machi="79" ten="30,7900,0" yaku="1,1,0,1,54,1,53,1" doraHai="63" doraHaiUra="38" who="3" fromWho="3" sc="297,-41,233,-22,235,-22,225,95" /><INIT seed="1,0,0,3,1,85" ten="256,211,213,320" oya="1" hai0="16,43,56,2,130,48,63,87,90,66,50,59,22" hai1="106,81,115,92,39,37,120,97,24,96,126,94,122" hai2="80,7,61,93,26,95,23,69,105,4,64,25,117" hai3="30,128,13,119,8,12,74,15,46,45,55,33,98"/><U32/><E115/><V27/><F105/><W127/><G74/><T89/><D2/><U34/><E126/><V1/><F117/><W29/><G33/><N who="1" m="12906" /><E81/><V67/><F23/><W114/><G114/><T3/><D3/><U107/><E24/><V75/><F64/><W73/><G73/><T57/><D130/><U109/><E109/><V111/><F111/><W125/><G128/><T10/><D10/><U52/><E52/><V6/><F1/><W91/><G8/><T99/><D99/><N who="1" m="37963" /><E94/><V35/><F35/><W84/><G98/><T86/><D43/><U68/><E92/><V121/><F121/><N who="1" m="46697" /><E68/><V113/><REACH who="2" step="1"/><F113/><REACH who="2" ten="256,211,203,320" step="2"/><W123/><G123/><T51/><D66/><U110/><E110/><V5/><N who="2" m="1536" /><DORA hai="118" /><V79/><AGARI ba="0,1" hai="25,26,27,61,67,69,75,79,80,93,95" m="1536" machi="79" ten="50,6400,0" yaku="1,1,4,1,0,1,53,0" doraHai="85,118" doraHaiUra="82,129" who="2" fromWho="2" sc="256,-16,211,-32,203,74,320,-16" /><INIT seed="2,0,0,3,2,34" ten="240,179,277,304" oya="2" hai0="21,26,72,109,96,40,121,125,116,69,135,84,17" hai1="0,1,123,87,4,134,57,48,126,92,90,79,50" hai2="114,133,12,16,18,128,51,115,54,42,82,83,67" hai3="88,112,106,68,91,13,117,94,44,86,30,95,89"/><V103/><F128/><W8/><G68/><T10/><D69/><U98/><E126/><V59/><F133/><W55/><G30/><T111/><D72/><U73/><E134/><V29/><F29/><W113/><G117/><T120/><D40/><U19/><E19/><V37/><F103/><W124/><G106/><T22/><D84/><U52/><E123/><N who="0" m="47177" /><D96/><U100/><E4/><V7/><F7/><W62/><G124/><T6/><D6/><U127/><E127/><V102/><F102/><W47/><G86/><T33/><D125/><U27/><E27/><V130/><F130/><W20/><G20/><T110/><D135/><U122/><E48/><V81/><F67/><W64/><G64/><T65/><D65/><U101/><E101/><V76/><F76/><W46/><G62/><T77/><D77/><U58/><E57/><V93/><F93/><N who="3" m="35339" /><G13/><N who="0" m="7351" /><D116/><U32/><E32/><V63/><F37/><W99/><G99/><T66/><D66/><U9/><E9/><V105/><F105/><W14/><G14/><T39/><D39/><U43/><E43/><V49/><F18/><W80/><G8/><T97/><D97/><U78/><E78/><V132/><F132/><W2/><G2/><T107/><D107/><N who="1" m="63895" /><E122/><V5/><F5/><W38/><G80/><AGARI ba="0,0" hai="0,1,50,52,58,73,79,80,87,90,92" m="63895" machi="80" ten="30,7700,0" yaku="24,1,52,2,54,1" doraHai="34" who="1" fromWho="3" sc="240,0,179,77,277,0,304,-77" /><INIT seed="3,0,0,4,3,131" ten="240,256,277,227" oya="3" hai0="27,23,84,102,7,2,132,45,106,83,56,117,35" hai1="78,53,52,6,13,110,82,125,120,61,92,93,3" hai2="17,89,97,4,55,95,31,50,57,41,14,9,54" hai3="70,105,21,122,135,67,87,114,24,0,100,19,128"/><W88/><G128/><T76/><D117/><U107/><E3/><V73/><F73/><W124/><G0/><T39/><D39/><U18/><E120/><V133/><F133/><W34/><G122/><T127/><D127/><U32/><E32/><V129/><F129/><W108/><G114/><T69/><D69/><U10/><E125/><V77/><F77/><W68/><G68/><T109/><D109/><U104/><E110/><V36/><F36/><W79/><G79/><T60/><D2/><U42/><E42/><V66/><F31/><N who="3" m="19815" /><G108/><T86/><D35/><U51/><E107/><V119/><F119/><W81/><G124/><T63/><D106/><U103/><E103/><V49/><F66/><W80/><G21/><T12/><D45/><U44/><E104/><V72/><F72/><W123/><G80/><T74/><D74/><U20/><E53/><V126/><F126/><W118/><G123/><T46/><D46/><U94/><E61/><V37/><F37/><W22/><G22/><T11/><D102/><U40/><E40/><V96/><F41/><W90/><G90/><T85/><D132/><U75/><E92/><V38/><F38/><W91/><G91/><T58/><D58/><U8/><E6/><V15/><F96/><N who="3" m="61575" /><G19/><N who="0" m="12799" /><D63/><U130/><E130/><V25/><F25/><W134/><G118/><T47/><D47/><U121/><E121/><V115/><F115/><W62/><AGARI ba="0,0" hai="62,67,70,81,87,88,134,135" m="61575,19815" machi="62" ten="30,11700,0" yaku="25,1,52,2,54,1" doraHai="131" who="3" fromWho="3" sc="240,-39,256,-39,277,-39,227,117" owari="201,-30.0,217,-18.0,238,4.0,344,44.0" /></mjloggm>