<mjloggm ver="2.3"><GO type="65" lobby="0"/><UN n0="%E3%82%8F%E3%81%8B%E3%81%B0%EF%BC%91" n1="%E5%B0%B1%E6%B4%BB%E7%94%9F%40%E5%B7%9D%E6%9D%91%E8%BB%8D%E5%9B%A3" n2="%E3%82%B7%E3%83%BC%E3%83%9D%E3%83%BC%E3%83%88%EF%BC%8A%EF%BC%8A" n3="%E3%82%B9%E3%83%A2%E3%83%BC%E3%82%AF" dan="11,6,11,11" rate="1865.28,1671.44,1584.31,1434.91" sx="M,M,M,M"/><TAIKYOKU oya="0"/><INIT seed="0,0,0,0,2,23" ten="250,250,250,250" oya="0" hai0="131,50,25,81,27,119,89,46,51,80,134,117,96" hai1="64,17,45,32,116,24,56,105,11,5,129,6,52" hai2="38,108,84,135,85,87,61,132,29,59,28,14,63" hai3="83,69,18,121,104,62,35,48,115,36,86,99,130"/><T125/><D134/><U82/><E105/><V118/><F118/><N who="0" m="45066" /><D89/><U68/><E116/><V7/><F108/><W101/><G115/><T124/><D46/><U54/><E129/><V120/><F120/><W26/><G130/><T103/><D131/><U110/><E110/><V92/><F38/><W112/><G36/><T111/><D111/><U91/><E68/><V128/><F128/><W133/><G112/><T4/><D4/><U123/><E123/><V22/><F7/><W94/><G121/><T16/><D16/><U15/><E45/><V126/><F126/><N who="0" m="48746" /><D103/><U70/><E70/><V88/><F135/><W55/><G133/><T73/><D96/><U3/><E64/><V76/><F132/><W107/><G69/><T72/><D81/><U2/><E2/><V39/><F39/><W47/><G62/><T113/><D113/><U1/><E1/><V53/><F76/><W58/><G35/><T97/><D97/><U43/><E43/><V75/><F75/><N who="0" m="28746" /><D80/><U74/><E6/><V122/><F122/><W71/><G71/><T93/><D93/><U13/><E3/><V79/><F79/><W34/><G34/><T102/><D102/><U77/><E91/><V8/><F63/><W100/><G100/><T98/><D98/><U66/><E66/><V78/><F78/><W114/><G114/><T31/><D31/><U67/><E67/><V19/><F29/><W65/><G65/><T12/><D12/><U10/><E56/><V9/><F28/><W127/><G127/><T33/><D33/><U37/><E37/><V20/><F8/><W57/><G18/><RYUUKYOKU ba="0,0" sc="250,10,250,10,250,10,250,-30" hai0="25,27,50,51" hai1="5,10,11,13,15,17,24,32,52,54,74,77,82" hai2="9,14,19,20,22,53,59,61,84,85,87,88,92" /><INIT seed="0,1,0,4,3,36" ten="260,260,260,220" oya="0" hai0="44,30,6,50,53,123,134,82,91,28,34,129,67" hai1="135,35,59,109,72,122,87,103,21,52,29,73,116" hai2="2,43,113,108,94,76,49,111,114,118,45,100,85" hai3="93,48,60,7,4,39,32,98,17,68,14,64,78"/><T97/><D123/><U81/><E35/><V56/><F2/><W132/><G32/><T128/><D34/><U110/><E122/><V38/><F100/><W70/><G132/><T12/><D134/><U86/><E135/><V77/><F94/><W75/><G70/><T8/><D67/><U101/><E116/><V131/><F85/><W57/><G68/><T126/><D126/><U55/><E21/><V63/><F77/><W130/><G130/><N who="0" m="50283" /><D97/><U9/><E9/><V58/><F76/><W105/><G75/><T46/><D46/><U127/><E127/><V125/><F118/><W84/><G105/><T31/><D31/><U95/><E95/><V124/><F131/><W20/><G39/><T51/><D51/><U106/><E106/><V3/><F3/><W92/><G48/><T88/><D91/><U62/><E29/><V83/><F83/><N who="3" m="47223" /><G93/><T22/><D22/><U33/><E33/><V65/><F125/><W11/><G11/><T96/><D96/><U23/><E23/><V16/><F16/><N who="3" m="10263" /><G7/><T27/><D27/><U120/><E120/><V10/><F10/><W25/><G4/><T1/><D1/><U104/><E104/><V89/><F89/><N who="3" m="55567" /><G17/><T74/><D74/><U47/><E73/><V79/><F79/><W117/><G25/><T99/><D99/><U26/><E72/><V133/><F133/><W112/><G112/><N who="2" m="43113" /><F124/><W0/><G0/><T80/><D80/><U13/><E81/><V107/><F107/><W69/><G117/><T119/><D119/><U61/><E26/><V18/><F18/><W5/><G69/><T19/><D6/><RYUUKYOKU ba="1,0" sc="260,10,260,-30,260,10,220,10" hai0="8,12,19,28,30,44,50,53,82,88" hai2="38,43,45,49,56,58,63,65,108,111" hai3="5,57,60,64" /><INIT seed="0,2,0,1,2,7" ten="270,230,270,230" oya="0" hai0="116,18,105,36,102,108,124,114,53,31,69,8,119" hai1="43,106,107,103,41,104,24,70,29,75,83,94,48" hai2="118,23,127,12,120,112,25,123,109,133,34,92,64" hai3="126,56,60,87,134,45,5,122,96,58,40,100,71"/><T57/><D36/><U28/><E70/><V91/><F118/><W95/><G134/><T72/><D72/><U37/><E37/><V19/><F112/><W50/><G126/><T38/><D38/><U82/><E75/><V99/><F127/><W54/><G122/><T51/><D69/><U6/><E6/><V49/><F133/><W98/><G5/><T67/><D124/><U32/><E29/><V26/><F109/><W46/><G46/><T39/><D39/><U61/><E61/><V16/><F123/><W80/><G96/><T85/><D114/><U81/><E48/><V27/><F120/><W52/><G71/><T62/><D108/><U47/><E47/><V77/><F77/><W78/><REACH who="3" step="1"/><G58/><REACH who="3" ten="270,230,270,220" step="2"/><T13/><D116/><U121/><E121/><V2/><F34/><W14/><G14/><T59/><D119/><U90/><REACH who="1" step="1"/><E103/><REACH who="1" ten="270,220,270,220" step="2"/><V55/><F2/><W129/><G129/><T4/><D4/><U22/><E22/><V89/><F64/><AGARI ba="2,2" hai="40,45,50,52,54,56,60,64,78,80,87,95,98,100" machi="64" ten="30,7700,0" yaku="1,1,7,1,8,1,54,1,53,0" doraHai="7" doraHaiUra="115" who="3" fromWho="2" sc="270,0,220,0,270,-83,220,103" /><INIT seed="1,0,0,2,3,18" ten="270,220,187,323" oya="1" hai0="33,45,66,20,77,67,105,114,79,12,72,127,109" hai1="26,42,56,87,47,58,93,124,119,48,30,54,126" hai2="97,55,9,25,117,31,51,29,61,115,43,13,89" hai3="16,14,90,70,40,108,130,10,28,85,17,100,73"/><U113/><E119/><V52/><F117/><W2/><G70/><T83/><D114/><U6/><E113/><V7/><F115/><W92/><G73/><T112/><D112/><U27/><E6/><V4/><F43/><W39/><G108/><T57/><D33/><U132/><E132/><V44/><F61/><W49/><G130/><T101/><D127/><U35/><E27/><V122/><F122/><W116/><G116/><T135/><D109/><U102/><E56/><V69/><F69/><W60/><G39/><T3/><D3/><U128/><E128/><V11/><F55/><W15/><G2/><T134/><D105/><U74/><E74/><V38/><F38/><W78/><G78/><T64/><D101/><U1/><E1/><V5/><F97/><W118/><G118/><T106/><D45/><U37/><REACH who="1" step="1"/><E87/><REACH who="1" ten="270,210,187,323" step="2"/><V120/><F120/><W96/><G28/><T99/><D134/><U104/><E104/><V91/><F31/><W63/><G40/><T133/><D57/><U86/><E86/><V81/><F81/><W123/><G123/><T103/><D79/><U62/><E62/><V107/><F4/><W68/><G49/><T80/><D83/><U84/><E84/><V121/><F121/><W24/><G24/><T71/><D71/><U65/><E65/><V19/><F107/><W50/><G68/><T0/><D0/><U23/><E23/><V53/><F53/><W41/><G50/><T22/><D20/><U34/><E34/><V125/><F125/><W46/><G41/><T76/><D76/><U59/><E59/><V110/><F110/><RYUUKYOKU ba="0,1" sc="270,15,210,15,187,-15,323,-15" hai0="12,22,64,66,67,72,77,80,99,103,106,133,135" hai1="26,30,35,37,42,47,48,54,58,93,102,124,126" /><INIT seed="1,1,1,5,0,125" ten="285,225,172,308" oya="1" hai0="124,61,67,71,90,14,75,115,26,17,10,51,33" hai1="22,4,65,54,37,101,107,113,89,100,21,38,47" hai2="13,63,134,88,5,83,123,78,50,36,3,64,93" hai3="119,12,41,18,116,0,8,82,28,96,87,102,117"/><U43/><E113/><V23/><F123/><W105/><G41/><T20/><D115/><U91/><E38/><V27/><F134/><W19/><G0/><T70/><D75/><U95/><E4/><V81/><F36/><W2/><G28/><T103/><D124/><U73/><E73/><V110/><F110/><W68/><G68/><T108/><D108/><U126/><E126/><V49/><F3/><W62/><G2/><T114/><D114/><U98/><E65/><V44/><F5/><W94/><G105/><T15/><D70/><U60/><E91/><V30/><F13/><W9/><G62/><T121/><D121/><U130/><E130/><V46/><F78/><W129/><G129/><T128/><D128/><U97/><E89/><V55/><F64/><W59/><G59/><T74/><D74/><U53/><E60/><V76/><F76/><W32/><G32/><T39/><D39/><U131/><E131/><V24/><F63/><W92/><G92/><T29/><D103/><U133/><E133/><V84/><REACH who="2" step="1"/><F27/><REACH who="2" ten="285,225,162,308" step="2"/><W35/><G35/><T106/><D33/><U58/><E58/><V135/><F135/><W77/><REACH who="3" step="1"/><G12/><REACH who="3" ten="285,225,162,298" step="2"/><T127/><D15/><U122/><E122/><V111/><F111/><W57/><G57/><T31/><D127/><U85/><E47/><V120/><F120/><W34/><G34/><T1/><D1/><U69/><E69/><V48/><F48/><W42/><G42/><AGARI ba="1,3" hai="23,24,30,42,44,46,49,50,55,81,83,84,88,93" machi="42" ten="30,12000,2" yaku="1,1,7,1,8,1,54,1,53,2" doraHai="125" doraHaiUra="40" who="2" fromWho="3" sc="285,0,225,0,162,153,298,-123" /><INIT seed="2,0,0,4,1,24" ten="285,225,315,175" oya="2" hai0="27,75,120,46,100,22,89,91,77,43,74,98,68" hai1="53,37,85,1,18,114,128,45,3,36,21,64,28" hai2="39,71,26,129,122,102,117,41,50,107,110,51,2" hai3="52,113,62,72,121,104,31,86,118,125,79,82,111"/><V134/><RYUUKYOKU type="yao9" ba="0,0" sc="285,0,225,0,315,0,175,0" hai2="2,26,39,41,50,51,71,102,107,110,117,122,129,134" /><INIT seed="2,1,0,5,3,72" ten="285,225,315,175" oya="2" hai0="29,91,127,59,2,99,110,96,123,3,111,34,69" hai1="101,130,63,13,131,54,119,9,31,121,132,50,103" hai2="17,28,14,46,19,75,129,120,53,30,12,58,18" hai3="55,77,125,11,61,57,45,134,90,65,33,104,107"/><V128/><F75/><W10/><G134/><T40/><D69/><U95/><E119/><V117/><F46/><W62/><G125/><T113/><D123/><U105/><E105/><N who="3" m="40522" /><G33/><T56/><D127/><U8/><E121/><V85/><F85/><W64/><G90/><T133/><D40/><U52/><E132/><V44/><F44/><W16/><G77/><T49/><D113/><U5/><E31/><N who="2" m="11819" /><F58/><N who="0" m="22058" /><D49/><U38/><E38/><V74/><F53/><W60/><G45/><T41/><D41/><U21/><E63/><N who="3" m="16130" /><W108/><DORA hai="36" /><G55/><T80/><D133/><U116/><E116/><V15/><F74/><W4/><G57/><T126/><D126/><U114/><E114/><V20/><F120/><W48/><G48/><T87/><D29/><U37/><E37/><V122/><F122/><W89/><G4/><T93/><D34/><U97/><E97/><N who="0" m="37449" /><D80/><U109/><E109/><AGARI ba="1,0" hai="2,3,87,91,93,109,110,111" m="37449,22058" machi="109" ten="30,1000,0" yaku="14,1" doraHai="72,36" who="0" fromWho="1" sc="285,13,225,-13,315,0,175,0" /><INIT seed="3,0,0,5,5,117" ten="298,212,315,175" oya="3" hai0="61,60,103,39,49,89,111,5,7,25,30,14,122" hai1="75,105,72,65,127,38,9,54,76,59,55,34,27" hai2="16,64,81,35,28,98,91,50,135,70,8,10,133" hai3="95,36,56,83,107,23,84,13,90,109,40,134,1"/><W102/><G1/><T92/><D122/><U118/><E38/><V41/><F70/><W18/><G134/><N who="2" m="51209" /><F64/><W58/><G36/><T82/><D39/><U71/><E118/><V78/><F35/><W108/><G40/><T110/><D103/><U131/><E105/><V96/><F28/><W93/><G107/><T44/><D82/><U130/><E127/><V37/><F37/><W2/><G2/><T11/><D5/><U57/><E71/><V20/><F41/><W113/><G113/><T0/><D0/><U46/><E65/><V22/><F50/><W47/><G47/><T128/><D128/><U86/><E46/><V119/><F119/><W94/><REACH who="3" step="1"/><G102/><REACH who="3" ten="298,212,315,165" step="2"/><T15/><D110/><AGARI ba="0,1" hai="13,18,23,56,58,83,84,90,93,94,95,108,109,110" machi="110" ten="40,12000,1" yaku="1,1,2,1,14,1,10,1,53,0" doraHai="117" doraHaiUra="3" who="3" fromWho="0" sc="298,-120,212,0,315,0,165,130" /><INIT seed="3,1,0,0,2,93" ten="178,212,315,295" oya="3" hai0="20,37,19,71,10,21,62,77,96,15,124,63,74" hai1="104,86,118,54,97,94,36,114,102,79,72,61,125" hai2="7,109,31,126,29,95,33,100,8,112,26,132,69" hai3="115,35,3,99,6,70,91,49,55,45,27,120,66"/><W14/><G120/><T129/><D37/><U28/><E36/><V5/><F112/><W13/><G115/><T105/><D129/><U131/><E114/><V9/><F69/><W76/><G76/><T40/><D124/><U119/><E28/><V85/><F132/><W32/><G27/><T25/><D40/><U128/><E54/><V22/><F126/><W84/><G70/><T83/><D21/><U18/><E18/><V78/><F109/><W87/><G66/><T121/><D121/><U116/><E61/><V89/><F78/><W134/><G134/><T48/><D71/><U38/><E38/><V2/><F100/><W44/><G87/><T56/><D56/><U82/><REACH who="1" step="1"/><E125/><REACH who="1" ten="178,202,315,295" step="2"/><V88/><F31/><W59/><G35/><T108/><D48/><U130/><E130/><V34/><F89/><AGARI ba="1,1" hai="72,79,82,86,89,94,97,102,104,116,118,119,128,131" machi="89" ten="50,16000,3" yaku="1,1,24,2,12,1,34,3,52,1,53,0" doraHai="93" doraHaiUra="123" who="1" fromWho="2" sc="178,0,202,173,315,-163,295,0" owari="178,-22.0,375,47.0,152,-35.0,295,10.0" /></mjloggm>