<mjloggm ver="2.3"><GO type="97" lobby="0"/><UN n0="%E3%82%A6%E3%83%AB%E3%83%88%E3%83%A9%E7%AB%8B%E7%9B%B4" n1="%6B%6F%2D%73%68%69%72%6F" n2="%E3%81%88%E3%81%99" n3="%E8%B5%B0%E9%A6%AC%E7%87%88" dan="14,14,14,14" rate="1949.59,1888.29,1877.89,1885.60" sx="M,M,M,M"/><TAIKYOKU oya="0"/><INIT seed="0,0,0,1,0,109" ten="250,250,250,250" oya="0" hai0="62,116,128,64,69,88,100,44,102,72,68,83,114" hai1="106,107,41,60,94,133,13,73,45,9,47,81,115" hai2="75,70,119,32,58,76,77,59,113,4,7,101,121" hai3="97,21,20,129,27,125,22,46,54,96,17,82,2"/><T52/><D116/><U63/><E133/><V57/><F119/><W34/><G125/><T14/><D128/><U132/><E132/><V108/><F121/><W92/><G129/><T30/><D69/><U112/><E94/><V5/><F108/><W49/><G2/><T55/><D30/><U87/><E73/><V86/><F75/><W91/><G34/><T3/><D3/><U53/><E53/><V0/><F0/><W1/><G1/><T127/><D127/><U61/><E81/><V38/><F38/><W131/><G131/><T10/><D114/><N who="1" m="43563" /><E87/><V33/><F86/><W19/><G82/><T66/><D66/><U118/><E118/><V120/><F113/><W105/><G105/><N who="1" m="39946" /><E41/><V51/><F120/><W134/><G134/><T15/><D72/><U111/><E111/><V6/><F76/><W65/><G65/><T135/><D135/><U8/><E13/><V56/><F77/><W104/><G104/><T50/><D55/><U23/><E23/><V16/><N who="2" m="1024" /><DORA hai="123" /><V74/><F74/><W93/><REACH who="3" step="1"/><G19/><REACH who="3" ten="250,250,250,240" step="2"/><N who="0" m="8663" /><D15/><U67/><E67/><V25/><F16/><W103/><AGARI ba="0,1" hai="17,20,21,22,27,46,49,54,91,92,93,96,97,103" machi="103" ten="20,5200,0" yaku="1,1,0,1,7,1,8,1,53,0" doraHai="109,123" doraHaiUra="117,126" who="3" fromWho="3" sc="250,-26,250,-13,250,-13,240,62" /><INIT seed="1,0,0,0,4,46" ten="224,237,237,302" oya="1" hai0="107,125,115,25,5,126,18,13,90,99,44,109,120" hai1="82,112,3,49,47,23,86,24,7,29,38,84,118" hai2="16,45,33,58,71,4,131,127,17,80,97,27,134" hai3="62,19,102,6,91,21,69,48,31,95,9,57,79"/><U28/><E118/><V119/><F119/><W36/><G36/><T104/><D115/><U55/><E112/><V81/><F71/><W41/><G69/><T128/><D120/><U39/><E3/><V26/><F33/><W113/><G113/><T103/><D109/><U8/><E28/><V116/><F116/><W51/><G79/><T43/><D128/><U32/><E32/><V105/><F105/><W65/><G102/><T101/><D25/><U70/><E70/><V42/><F131/><W96/><G41/><T124/><D5/><U72/><E72/><V2/><F2/><W40/><G40/><T54/><D54/><U61/><E61/><V121/><F121/><W37/><G31/><T133/><D90/><U53/><E86/><V22/><F26/><W123/><G37/><T135/><D101/><U60/><E60/><V87/><F27/><W10/><G123/><T83/><D83/><U122/><E122/><V92/><F80/><W129/><G129/><T100/><D100/><U110/><E110/><V74/><F81/><W15/><REACH who="3" step="1"/><G10/><REACH who="3" ten="224,237,237,292" step="2"/><N who="0" m="6455" /><D104/><U114/><E114/><V14/><F42/><W1/><AGARI ba="0,1" hai="1,6,9,15,19,21,48,51,57,62,65,91,95,96" machi="1" ten="20,8000,1" yaku="1,1,0,1,7,1,52,2,53,0" doraHai="46" doraHaiUra="66" who="3" fromWho="3" sc="224,-20,237,-40,237,-20,292,90" /><INIT seed="2,0,0,3,5,1" ten="204,197,217,382" oya="2" hai0="10,11,105,23,79,110,64,21,92,40,4,25,58" hai1="28,90,81,72,34,16,68,104,22,91,12,54,0" hai2="115,29,3,75,133,52,60,17,129,56,130,116,73" hai3="50,8,78,85,2,18,26,5,94,100,128,41,131"/><V30/><F116/><W135/><G135/><T109/><D105/><U27/><E104/><V6/><F115/><W77/><G26/><T65/><D79/><U14/><E68/><V47/><F133/><W86/><G18/><T37/><D40/><U108/><E108/><N who="0" m="41577" /><D37/><U121/><E121/><V117/><F117/><W76/><G50/><T96/><D58/><U120/><E120/><V84/><F17/><W43/><G43/><T31/><D23/><U36/><E36/><V33/><F47/><W32/><G41/><T89/><D11/><U15/><E0/><AGARI ba="0,0" hai="0,4,10,21,25,31,64,65,89,92,96" m="41577" machi="0" ten="30,2000,0" yaku="14,1,52,1" doraHai="1" who="0" fromWho="1" sc="204,20,197,-20,217,0,382,0" /><INIT seed="3,0,0,5,3,115" ten="224,177,217,382" oya="3" hai0="44,66,95,93,0,10,87,62,45,119,41,37,24" hai1="108,17,28,50,82,57,101,56,110,132,98,38,4" hai2="75,51,54,128,9,114,21,63,25,55,99,94,11" hai3="129,33,79,112,89,67,2,46,77,39,29,49,19"/><W97/><G2/><T16/><D119/><U124/><E38/><V126/><F114/><W18/><G112/><T7/><D87/><U88/><E28/><N who="2" m="17455" /><F75/><W73/><G39/><T6/><D6/><U91/><E4/><V71/><F71/><W104/><G73/><T130/><D130/><U43/><E17/><V70/><F70/><W100/><G129/><T102/><D102/><U20/><E132/><V64/><F128/><W109/><G67/><T35/><D45/><U84/><E124/><V1/><F1/><W122/><G122/><T26/><D26/><U105/><E20/><V14/><F126/><W36/><G36/><T68/><D93/><U131/><E131/><V32/><F32/><W113/><G109/><T85/><D95/><U117/><E117/><V47/><F64/><W60/><G113/><T107/><D85/><U65/><E91/><N who="2" m="55775" /><F14/><W103/><G60/><T23/><REACH who="0" step="1"/><D35/><REACH who="0" ten="214,177,217,382" step="2"/><U30/><E30/><V125/><F125/><W81/><G103/><T53/><D53/><U42/><E65/><V120/><F120/><W5/><G100/><T134/><D134/><U12/><E12/><V127/><F127/><W58/><G104/><AGARI ba="0,1" hai="0,7,10,16,23,24,37,41,44,62,66,68,104,107" machi="104" ten="40,5200,0" yaku="1,1,54,1,53,1" doraHai="115" doraHaiUra="61" who="0" fromWho="3" sc="214,62,177,0,217,0,382,-52" owari="276,8.0,177,-32.0,217,-18.0,330,42.0" /></mjloggm>