<mjloggm ver="2.3"><GO type="97" lobby="0"/><UN n0="%E3%81%9F%E3%81%90%E3%81%BA%E3%83%BC" n1="%73%79%75%67%61" n2="%E3%83%91%E3%82%A4%E3%83%8A%E3%83%97%E3%83%AB%E3%82%AD%E3%83%83%E3%83%89" n3="%E5%B0%B1%E6%B4%BB%E7%94%9F%40%E5%B7%9D%E6%9D%91%E8%BB%8D%E5%9B%A3" dan="14,14,14,14" rate="1931.30,1953.22,1932.94,1958.28" sx="M,M,M,M"/><TAIKYOKU oya="0"/><INIT seed="0,0,0,1,3,130" ten="250,250,250,250" oya="0" hai0="54,73,0,2,40,55,34,121,113,16,24,94,6" hai1="18,28,31,14,15,95,69,89,80,13,67,45,105" hai2="93,82,51,33,22,63,103,131,46,119,11,23,42" hai3="3,109,71,9,57,102,92,59,21,12,135,25,81"/><T50/><D73/><U66/><E105/><V29/><F131/><W32/><G71/><T74/><D74/><U41/><E80/><V39/><F119/><W91/><G32/><T101/><D113/><U60/><E18/><V126/><F33/><W75/><G135/><T52/><D121/><U104/><E104/><V112/><F112/><W107/><G109/><T114/><D114/><U43/><E66/><V30/><F126/><W47/><G3/><T85/><D2/><U79/><E79/><V4/><F82/><W20/><G107/><T8/><D40/><U64/><E64/><V7/><F7/><W62/><G102/><T97/><D85/><U58/><E69/><V129/><F39/><W90/><G47/><T77/><D77/><U122/><E122/><V115/><F63/><W111/><G111/><T133/><D133/><U61/><E60/><V84/><F129/><W10/><G10/><T68/><D68/><U72/><E72/><V27/><F115/><W35/><G35/><T96/><D97/><U36/><REACH who="1" step="1"/><E43/><REACH who="1" ten="250,240,250,250" step="2"/><V37/><F42/><W83/><G62/><T5/><D6/><U49/><E49/><V127/><F51/><W117/><G83/><T99/><D50/><U134/><E134/><V120/><F4/><N who="3" m="3111" /><G81/><T87/><D16/><U65/><E65/><V86/><F120/><W123/><G75/><T78/><D5/><U128/><E128/><V1/><F127/><W125/><G123/><T76/><D76/><U88/><E88/><V44/><F37/><W98/><G125/><T56/><D78/><U53/><E53/><V38/><F38/><RYUUKYOKU ba="0,1" sc="250,-10,240,30,250,-10,250,-10" hai1="13,14,15,28,31,36,41,45,58,61,67,89,95" /><INIT seed="1,1,1,2,2,102" ten="240,270,240,240" oya="1" hai0="79,103,66,47,72,32,97,87,64,105,73,70,82" hai1="126,16,1,18,118,40,19,26,41,83,117,99,10" hai2="54,2,81,67,91,98,78,7,113,106,69,104,111" hai3="53,35,114,13,71,115,37,36,12,33,14,20,108"/><U123/><E123/><V100/><F111/><W6/><G53/><T25/><D47/><U42/><E126/><V121/><F121/><W135/><G108/><T56/><D56/><U60/><E26/><V3/><F113/><N who="3" m="43019" /><G20/><T9/><D9/><U17/><E83/><V129/><F91/><W62/><G62/><N who="0" m="40215" /><D66/><U94/><E60/><N who="2" m="40167" /><F54/><W110/><G110/><T48/><D48/><U68/><E68/><V92/><F92/><W8/><G8/><T95/><D95/><U77/><E77/><V57/><F57/><W119/><G6/><T130/><D130/><U45/><E45/><V11/><F129/><W52/><G52/><T85/><D85/><U44/><E44/><V51/><F51/><W61/><G61/><T131/><D131/><U101/><N who="1" m="4608" /><DORA hai="31" /><U5/><AGARI ba="1,1" hai="1,5,10,40,41,42,94,99,101,117,118" m="4608" machi="5" ten="50,9600,0" yaku="4,1,0,1,54,1" doraHai="102,31" who="1" fromWho="1" sc="240,-33,270,109,240,-33,240,-33" /><INIT seed="1,2,0,0,4,59" ten="207,379,207,207" oya="1" hai0="115,86,79,6,18,98,37,64,63,10,1,55,8" hai1="11,109,113,27,81,60,88,24,30,87,34,97,40" hai2="5,134,68,91,21,120,92,17,117,90,4,66,9" hai3="71,43,83,14,119,69,100,50,23,29,84,72,82"/><U39/><E113/><V128/><F120/><W99/><G119/><T56/><D115/><U129/><E129/><V22/><F117/><W116/><G116/><T57/><D37/><U41/><E24/><V127/><F127/><W122/><BYE who="2" /><G122/><T133/><D133/><U28/><E39/><V105/><F105/><W32/><G32/><T110/><D110/><U54/><E109/><V104/><F104/><W26/><G72/><T121/><D121/><U52/><E11/><UN n2="%E3%83%91%E3%82%A4%E3%83%8A%E3%83%97%E3%83%AB%E3%82%AD%E3%83%83%E3%83%89" /><V61/><F134/><W131/><G131/><T130/><D130/><U124/><E124/><V38/><F38/><W15/><G83/><T12/><D98/><U77/><E27/><V114/><F128/><W31/><G31/><N who="1" m="11818" /><E34/><V76/><F114/><W33/><G71/><T49/><D86/><U123/><E123/><V58/><F76/><W101/><G69/><T7/><D79/><U108/><E108/><V93/><F68/><W45/><G33/><T20/><D1/><U112/><E112/><V96/><F9/><AGARI ba="2,0" hai="6,7,8,9,10,12,18,20,49,55,56,57,63,64" machi="9" ten="40,2600,0" yaku="8,1,52,1" doraHai="59" who="0" fromWho="2" sc="207,32,379,0,207,-32,207,0" /><INIT seed="2,0,0,4,1,44" ten="239,379,175,207" oya="2" hai0="27,4,98,88,23,111,52,32,130,85,75,26,31" hai1="120,125,110,101,104,56,54,86,13,39,73,14,15" hai2="82,61,99,49,68,124,2,45,10,112,40,114,128" hai3="119,116,58,3,50,62,8,5,83,69,93,6,34"/><V126/><F128/><W87/><G34/><T35/><D75/><U106/><E73/><V59/><F82/><W9/><G69/><T103/><D130/><U72/><E72/><V48/><F99/><W131/><G131/><T55/><D111/><U51/><E110/><V0/><F68/><W43/><G93/><T16/><D4/><U12/><E39/><V65/><F10/><W46/><G58/><T91/><D91/><U133/><E125/><N who="2" m="48235" /><F49/><W108/><G62/><T132/><D132/><U92/><E120/><V60/><F60/><W1/><G108/><T81/><REACH who="0" step="1"/><D32/><REACH who="0" ten="229,379,175,207" step="2"/><U96/><E133/><V74/><F74/><W113/><G113/><AGARI ba="0,1" hai="0,2,40,45,48,59,61,65,112,113,114" m="48235" machi="113" ten="30,2900,0" yaku="18,1,52,1" doraHai="44" who="2" fromWho="3" sc="229,0,379,0,175,39,207,-29" /><INIT seed="2,1,0,5,3,101" ten="229,379,214,178" oya="2" hai0="75,61,3,35,58,45,109,47,116,90,135,14,53" hai1="128,97,71,49,93,112,83,54,115,28,67,94,26" hai2="127,108,98,34,2,105,4,113,78,51,37,100,96" hai3="104,15,46,82,66,56,42,64,65,76,117,7,131"/><V103/><F113/><W5/><G117/><T1/><D116/><U36/><E36/><V110/><F127/><W57/><G131/><T59/><D75/><U91/><E128/><V106/><F37/><W89/><G89/><T129/><D129/><U118/><E118/><V132/><F132/><W6/><G15/><T123/><D123/><U119/><E119/><V73/><F34/><W31/><G31/><T44/><D135/><U8/><E8/><N who="2" m="2071" /><F51/><W80/><G104/><T30/><D109/><N who="2" m="42090" /><F78/><W23/><G23/><T27/><D14/><U22/><E83/><V120/><F73/><W0/><G0/><T10/><D10/><U70/><E71/><V21/><F21/><W32/><G32/><T50/><REACH who="0" step="1"/><D90/><REACH who="0" ten="219,379,214,178" step="2"/><U38/><E91/><V121/><AGARI ba="1,1" hai="96,98,100,103,105,106,120,121" m="42090,2071" machi="121" ten="30,12000,1" yaku="14,1,10,1,23,1,52,2" doraHai="101" who="2" fromWho="2" sc="219,-41,379,-41,214,133,178,-41" /><INIT seed="2,2,0,2,3,49" ten="178,338,347,137" oya="2" hai0="22,76,50,93,53,38,54,74,39,114,34,9,12" hai1="118,32,2,55,98,100,79,66,122,101,64,87,119" hai2="46,1,115,125,129,18,17,99,13,88,40,81,52" hai3="16,112,124,85,133,68,3,126,36,26,116,134,7"/><V29/><F115/><W58/><G68/><T61/><D114/><U82/><E2/><V47/><F1/><W21/><G36/><T106/><D34/><U51/><E32/><V71/><F71/><W43/><G43/><T44/><D106/><U131/><E131/><V96/><F129/><W111/><G85/><T94/><D74/><U48/><E122/><V59/><F125/><N who="3" m="48235" /><G112/><T121/><D121/><U78/><E79/><V10/><F29/><W14/><G116/><T97/><D76/><U80/><E78/><V23/><F40/><W20/><G58/><T72/><D72/><U15/><E87/><N who="2" m="50287" /><F99/><W95/><G95/><T132/><D132/><N who="3" m="50793" /><G111/><T27/><D39/><U60/><E98/><V90/><F96/><W103/><G103/><T30/><D38/><U70/><E70/><V5/><F90/><W102/><G102/><T25/><D25/><U0/><E100/><V24/><F5/><W89/><G89/><T75/><D75/><U130/><E101/><V37/><F37/><W4/><G3/><T62/><D97/><U56/><E0/><V33/><F33/><W86/><G86/><T110/><D110/><U83/><E119/><V11/><F11/><W8/><G8/><T67/><D67/><N who="1" m="25643" /><E118/><V109/><F109/><W105/><G105/><T120/><D120/><U73/><E73/><V42/><F42/><W35/><G35/><T104/><D104/><U107/><E107/><V108/><F108/><W57/><G57/><T128/><D94/><U65/><E65/><V28/><F28/><AGARI ba="2,0" hai="4,7,14,16,20,21,26,28" m="50793,48235" machi="28" ten="30,8000,1" yaku="18,1,20,1,34,2,54,1" doraHai="49" who="3" fromWho="2" sc="178,0,338,0,347,-86,137,86" /><INIT seed="3,0,0,1,1,52" ten="178,338,261,223" oya="3" hai0="135,117,44,43,68,71,53,120,129,37,62,67,122" hai1="61,19,65,111,7,121,108,128,40,109,127,70,59" hai2="99,20,94,12,84,24,97,133,74,114,82,110,105" hai3="78,126,103,81,8,83,39,87,85,22,86,25,72"/><W107/><G39/><T2/><D2/><U50/><E121/><V55/><F110/><W48/><G126/><T30/><D30/><U10/><E127/><V46/><F133/><W64/><G64/><T18/><D117/><U31/><E128/><V125/><F114/><W96/><G8/><T35/><D35/><U45/><E19/><V132/><F125/><W93/><G48/><T11/><D11/><U41/><E31/><V79/><F132/><W32/><G32/><T95/><D95/><U57/><E40/><V60/><F12/><AGARI ba="0,0" hai="7,10,12,41,45,50,57,59,61,65,70,108,109,111" machi="12" ten="40,5200,0" yaku="14,1,52,2" doraHai="52" who="1" fromWho="2" sc="178,0,338,52,261,-52,223,0" owari="178,-32.0,390,49.0,209,-19.0,223,2.0" /></mjloggm>