<mjloggm ver="2.3"><GO type="193" lobby="0"/><UN n0="%68%61%6E%61%2D%63%68%75" n1="%E5%B0%B1%E6%B4%BB%E7%94%9F%40%E5%B7%9D%E6%9D%91%E8%BB%8D%E5%9B%A3" n2="%E5%A4%89%E5%89%87%E7%9A%84%E3%81%AA%E5%8B%95%E3%81%8D" n3="%E8%8C%B6%E7%B9%94%E4%BA%AD%E8%A1%80%E6%AD%8C%E9%AD%82%E2%98%85" dan="11,10,11,11" rate="1624.80,1816.75,1793.20,1413.74" sx="F,M,M,F"/><TAIKYOKU oya="0"/><INIT seed="0,0,0,5,4,28" ten="250,250,250,250" oya="0" hai0="81,45,95,20,59,5,100,102,86,26,2,93,112" hai1="110,101,44,30,70,96,133,76,42,13,107,65,15" hai2="17,58,56,36,32,48,18,16,37,34,49,47,3" hai3="109,23,91,122,82,77,68,40,8,41,121,7,83"/><T131/><D112/><U124/><E133/><V105/><F3/><W126/><G68/><T104/><D104/><U103/><E124/><V116/><F105/><W127/><G23/><T120/><D120/><N who="3" m="46185" /><G91/><T73/><D73/><U12/><E110/><V24/><F24/><W85/><G83/><T35/><D35/><N who="2" m="13354" /><F47/><W97/><G97/><T57/><D131/><U74/><E30/><V118/><F49/><W67/><G67/><T39/><D2/><U111/><E111/><V14/><F48/><W135/><G109/><T33/><D5/><U119/><E119/><N who="2" m="45611" /><F14/><N who="3" m="5407" /><G135/><T78/><D33/><U46/><E46/><V22/><F22/><W43/><AGARI ba="0,0" hai="40,41,43,77,82,85,126,127" m="5407,46185" machi="43" ten="40,1500,0" yaku="13,1" doraHai="28" who="3" fromWho="3" sc="250,-7,250,-4,250,-4,250,15" /><INIT seed="1,0,0,4,5,125" ten="243,246,246,265" oya="1" hai0="83,73,126,68,84,10,51,39,129,80,75,114,70" hai1="112,16,111,110,100,21,44,123,22,78,135,65,4" hai2="76,18,116,133,35,103,46,104,94,36,121,1,8" hai3="96,107,43,34,95,31,61,99,9,88,55,41,52"/><U127/><E123/><V11/><F116/><W47/><G34/><T132/><D126/><U93/><E127/><V67/><F35/><W26/><G9/><T37/><D114/><U6/><E112/><V60/><F121/><W15/><G26/><T106/><D106/><U98/><E135/><V128/><F133/><W33/><G15/><T74/><D132/><U102/><E78/><V72/><F11/><W27/><G43/><T24/><D10/><U2/><E2/><V59/><F18/><W63/><G61/><T25/><D51/><U81/><E81/><N who="0" m="31305" /><D84/><U57/><E22/><V92/><F76/><W54/><G63/><T23/><D23/><U117/><E117/><V49/><F72/><W118/><G118/><T69/><D129/><U89/><E44/><V48/><F36/><AGARI ba="0,0" hai="24,25,36,37,39,68,69,70,73,74,75" m="31305" machi="36" ten="50,3200,0" yaku="28,2" doraHai="125" who="0" fromWho="2" sc="243,32,246,0,246,-32,265,0" /><INIT seed="2,0,0,5,3,76" ten="275,246,214,265" oya="2" hai0="29,20,32,23,15,67,17,61,75,73,34,135,25" hai1="78,44,88,36,50,94,90,105,19,116,85,42,1" hai2="71,65,118,77,113,122,3,11,125,111,91,108,97" hai3="121,130,89,43,57,47,0,129,126,40,84,12,120"/><V46/><F118/><W24/><G0/><T62/><D135/><U16/><E116/><V58/><F122/><N who="3" m="47211" /><G47/><T10/><D62/><U63/><E1/><V102/><F113/><W7/><G24/><T127/><D127/><U4/><E105/><V13/><F3/><W28/><G28/><T55/><D55/><U69/><E4/><V98/><F71/><W52/><G7/><T79/><D79/><U60/><E78/><V14/><F46/><W72/><G72/><T93/><D32/><U101/><E101/><V51/><F125/><W56/><G126/><T59/><REACH who="0" step="1"/><D93/><REACH who="0" ten="265,246,214,265" step="2"/><N who="1" m="54415" /><E69/><V41/><F77/><W37/><G37/><T92/><D92/><U21/><E36/><V83/><F41/><W80/><G12/><T27/><D27/><N who="1" m="14759" /><E19/><V115/><F13/><W117/><G117/><T53/><D53/><U124/><E124/><V112/><F14/><W26/><G26/><T45/><D45/><U31/><E31/><V2/><F2/><W18/><G18/><T123/><D123/><U49/><E49/><V114/><F51/><N who="3" m="30751" /><G57/><T54/><D54/><U95/><E95/><V81/><F58/><W109/><G109/><T103/><D103/><U5/><E5/><V86/><F102/><W96/><G96/><AGARI ba="0,1" hai="42,44,50,60,63,90,94,96" m="14759,54415" machi="96" ten="30,3900,0" yaku="8,1,54,2" doraHai="76" who="1" fromWho="3" sc="265,0,246,49,214,0,265,-39" /><INIT seed="3,0,0,1,4,13" ten="265,295,214,226" oya="3" hai0="7,87,58,92,74,128,3,89,82,124,132,43,50" hai1="9,34,8,116,0,16,104,80,23,103,60,107,79" hai2="114,134,20,32,57,84,41,111,83,67,4,99,24" hai3="46,71,62,93,14,49,33,75,106,109,25,133,97"/><W59/><G109/><T127/><D74/><U72/><E34/><V29/><F114/><W5/><G133/><T118/><D118/><U39/><E116/><V26/><F41/><W115/><G115/><T2/><D132/><U19/><E39/><V18/><F134/><W95/><G75/><T56/><D128/><U85/><E72/><V81/><F111/><W69/><G95/><T91/><D7/><U68/><E0/><V17/><F4/><W117/><G117/><T45/><D2/><U21/><E103/><V123/><F123/><W88/><G106/><T119/><D3/><U101/><E101/><V76/><F83/><W73/><G73/><T63/><D119/><U100/><E100/><V102/><F67/><W47/><G33/><T125/><REACH who="0" step="1"/><D63/><REACH who="0" ten="255,295,214,226" step="2"/><U130/><E130/><V15/><F57/><W52/><G47/><T55/><D55/><U48/><E104/><V27/><REACH who="2" step="1"/><F17/><REACH who="2" ten="255,295,204,226" step="2"/><W28/><G5/><T126/><N who="0" m="32256" /><DORA hai="112" /><T129/><D129/><U22/><E107/><AGARI ba="0,2" hai="15,18,20,24,26,27,29,32,76,81,84,99,102,107" machi="107" ten="30,3900,0" yaku="1,1,7,1,52,1,53,0" doraHai="13,112" doraHaiUra="40,65" who="2" fromWho="1" sc="255,0,295,-39,204,59,226,0" /><INIT seed="4,0,0,2,0,64" ten="255,256,263,226" oya="0" hai0="108,15,105,107,126,45,38,83,85,40,99,22,94" hai1="37,130,91,134,101,20,3,42,41,93,90,19,119" hai2="72,82,120,34,47,95,53,103,109,96,79,110,5" hai3="39,26,81,135,68,32,98,117,18,11,89,48,88"/><T0/><D0/><U87/><E119/><V121/><F34/><W114/><G117/><T52/><D126/><U60/><E3/><V106/><F5/><W61/><G39/><T56/><D108/><N who="2" m="41578" /><F47/><W127/><G127/><T129/><D129/><U62/><E130/><V49/><F49/><W67/><G135/><T128/><D128/><U97/><E134/><V50/><F50/><W77/><G114/><T132/><D22/><U75/><E75/><V78/><F53/><W6/><G98/><T13/><D132/><U1/><E1/><V21/><F21/><W133/><G133/><T116/><D107/><U113/><E113/><V80/><F95/><W57/><G32/><T70/><D105/><U9/><E9/><V124/><F124/><W66/><G66/><T131/><D70/><U54/><E37/><V102/><F102/><W28/><G18/><T27/><D27/><N who="1" m="14751" /><E101/><V12/><F12/><W31/><G31/><T10/><D116/><U16/><E16/><V100/><F100/><W33/><G48/><N who="0" m="30727" /><D10/><U112/><E112/><V30/><F30/><W65/><G65/><T51/><D131/><U104/><E104/><V46/><F46/><W74/><G57/><T23/><D38/><U25/><E25/><V123/><F123/><W125/><REACH who="3" step="1"/><G125/><REACH who="3" ten="255,256,263,216" step="2"/><T2/><D2/><AGARI ba="0,1" hai="2,6,11,26,28,33,61,67,68,74,77,81,88,89" machi="2" ten="30,8000,1" yaku="1,1,2,1,7,1,52,1,54,1,53,0" doraHai="64" doraHaiUra="55" who="3" fromWho="0" sc="255,-80,256,0,263,0,216,90" owari="175,-32.0,256,-14.0,263,6.0,306,40.0" /></mjloggm>