<mjloggm ver="2.3"><GO type="97" lobby="0"/><UN n0="%31%32%31%34%34" n1="%E3%83%A1%E3%82%BF%E3%83%AB%E3%81%93%E3%81%AE%E3%81%8D%E3%83%BC" n2="%E3%82%A6%E3%83%AB%E3%83%88%E3%83%A9%E7%AB%8B%E7%9B%B4" n3="%E4%B8%B8%E5%B1%B1%E8%80%95%E4%B8%89%EF%BC%98%EF%BC%92%E6%AD%B3" dan="15,14,15,13" rate="1972.01,1895.85,1992.11,1867.17" sx="M,M,M,M"/><TAIKYOKU oya="0"/><INIT seed="0,0,0,2,1,84" ten="250,250,250,250" oya="0" hai0="122,92,114,79,18,26,41,8,132,75,118,6,87" hai1="123,103,63,13,78,15,40,93,60,24,130,113,51" hai2="107,34,108,109,134,28,96,44,30,77,101,68,97" hai3="50,39,81,124,43,33,3,126,98,127,128,95,94"/><T23/><D118/><U86/><E123/><V115/><F115/><W46/><G3/><T119/><D119/><U121/><E121/><V120/><F120/><W88/><G33/><T17/><D122/><U31/><E130/><V1/><F1/><W7/><G128/><T10/><D114/><U19/><E113/><V55/><F68/><W11/><G39/><T66/><D132/><U111/><E111/><N who="2" m="42571" /><F34/><W89/><G81/><T16/><D66/><U29/><E15/><V5/><F5/><W106/><G106/><T57/><D57/><U9/><E78/><V45/><F77/><W112/><G112/><T85/><D75/><U80/><E103/><V20/><F134/><W42/><G42/><T73/><D73/><U72/><E72/><V135/><F135/><W99/><G7/><T76/><D41/><U110/><E40/><V54/><F96/><W58/><G58/><T100/><D100/><U59/><E59/><V104/><F104/><W67/><G11/><N who="0" m="4139" /><D6/><U35/><E110/><V37/><F37/><W62/><G67/><T27/><D92/><U25/><E93/><V90/><F107/><W102/><G62/><T82/><D23/><N who="1" m="15519" /><E51/><V83/><F101/><AGARI ba="0,0" hai="43,46,50,88,89,94,95,98,99,101,102,124,126,127" machi="101" ten="40,8000,1" yaku="9,1,18,1,52,2,54,1" doraHai="84" who="3" fromWho="2" sc="250,0,250,0,250,-80,250,80" /><INIT seed="1,0,0,3,4,25" ten="250,250,170,330" oya="1" hai0="50,132,22,66,76,58,122,87,99,34,117,60,108" hai1="23,32,51,27,10,28,69,48,65,52,55,96,83" hai2="31,120,81,111,92,100,75,44,35,59,123,2,74" hai3="124,104,112,125,13,113,70,64,72,89,56,85,0"/><U119/><E119/><V1/><F59/><W15/><G72/><T68/><D117/><U6/><E83/><V82/><F44/><W90/><G56/><T126/><D34/><U36/><E36/><V17/><F17/><W80/><G0/><T63/><D122/><U95/><E69/><V45/><F45/><W9/><G104/><T41/><D126/><N who="3" m="48745" /><G70/><T24/><D132/><U86/><E32/><V78/><F92/><W3/><G3/><T42/><D108/><U127/><E127/><V115/><F100/><W62/><G62/><T107/><D107/><U94/><E65/><V105/><F105/><W121/><G64/><T37/><D37/><U109/><E109/><V20/><F35/><W19/><G121/><T84/><D99/><U21/><E21/><V88/><F111/><W93/><G15/><T29/><D50/><N who="1" m="18987" /><E86/><AGARI ba="0,0" hai="9,13,19,80,85,86,89,90,93,112,113" m="48745" machi="86" ten="30,1000,0" yaku="18,1" doraHai="25" who="3" fromWho="1" sc="250,0,250,-10,170,0,330,10" /><INIT seed="2,0,0,0,4,44" ten="250,240,170,340" oya="2" hai0="64,21,27,125,120,80,66,54,124,79,75,7,47" hai1="5,42,105,49,130,106,38,103,84,25,90,94,131" hai2="102,91,97,126,82,13,9,67,26,60,69,121,118" hai3="55,88,35,58,18,23,15,20,116,73,39,112,100"/><V68/><F121/><W24/><G116/><T48/><D120/><U70/><E38/><V14/><F118/><W85/><G39/><T109/><D7/><U2/><E70/><V72/><F126/><N who="0" m="48746" /><D109/><U117/><E117/><V101/><F69/><W77/><G35/><T74/><D74/><U132/><E132/><V81/><F101/><W32/><G32/><T16/><AGARI ba="0,0" hai="16,21,27,47,48,54,64,66,75,79,80" m="48746" machi="16" ten="30,4000,0" yaku="18,1,52,1,54,1" doraHai="44" who="0" fromWho="0" sc="250,40,240,-10,170,-20,340,-10" /><INIT seed="3,0,0,2,2,128" ten="290,230,150,330" oya="3" hai0="62,45,16,79,26,24,58,105,100,6,104,133,56" hai1="36,1,111,132,69,94,121,74,8,109,117,15,59" hai2="123,29,54,41,97,134,3,25,12,27,119,108,20" hai3="127,18,11,84,89,63,93,125,4,120,113,35,131"/><W110/><G120/><T14/><D79/><U48/><E36/><V38/><F41/><W135/><G131/><T82/><D82/><U76/><E69/><V21/><F38/><W33/><G113/><T114/><D114/><U5/><E121/><V2/><F123/><W130/><G130/><T102/><D45/><U66/><E117/><V96/><F54/><W28/><G135/><T116/><D116/><U112/><E112/><V87/><F87/><W46/><G110/><N who="1" m="41994" /><E94/><V106/><F108/><W65/><G46/><T52/><D133/><U95/><E132/><V37/><F37/><W10/><G18/><T78/><D78/><U101/><E1/><N who="2" m="11" /><F97/><W34/><G28/><T49/><D6/><U92/><E101/><N who="0" m="39017" /><D105/><U115/><E115/><V70/><F96/><W43/><G43/><T39/><D39/><U17/><E5/><V77/><F77/><W57/><G4/><T83/><D83/><N who="1" m="45463" /><E48/><V53/><F70/><W67/><G67/><N who="0" m="39367" /><D104/><U9/><E9/><AGARI ba="0,0" hai="9,14,16,24,26,49,52,58" m="39367,39017" machi="9" ten="30,3900,0" yaku="8,1,54,2" doraHai="128" who="0" fromWho="1" sc="290,39,230,-39,150,0,330,0" owari="329,13.0,191,-21.0,150,-35.0,330,43.0" /></mjloggm>