<mjloggm ver="2.3"><GO type="41" lobby="0"/><UN n0="%66%75%6A%69%32%32%39" n1="%73%6F%72%61%73%69" n2="%E5%B0%B1%E6%B4%BB%E7%94%9F%40%E5%B7%9D%E6%9D%91%E8%BB%8D%E5%9B%A3" n3="%E6%9D%89%E6%9C%AC%E5%9B%9B%E8%91%89" dan="15,14,15,15" rate="1978.21,1927.68,2010.35,1994.35" sx="M,M,M,M"/><TAIKYOKU oya="0"/><INIT seed="0,0,0,3,3,87" ten="250,250,250,250" oya="0" hai0="73,71,116,74,131,63,120,99,29,14,4,55,119" hai1="3,7,83,90,21,18,56,48,97,92,30,70,102" hai2="1,75,23,59,51,25,8,125,124,72,82,94,91" hai3="50,121,111,126,134,132,17,12,34,44,86,96,42"/><T127/><D120/><U6/><E70/><V22/><F1/><W39/><G34/><T43/><D43/><U58/><E30/><V109/><F109/><W76/><G111/><T36/><D36/><U61/><E3/><V110/><F110/><W13/><G121/><T37/><D37/><U19/><E19/><V33/><F8/><W88/><G126/><N who="2" m="48745" /><F33/><W64/><G64/><T5/><D29/><U41/><E41/><V130/><F130/><W57/><G96/><T77/><D127/><U84/><E48/><V118/><F118/><W52/><G76/><T101/><D131/><U103/><E103/><V108/><F108/><W11/><REACH who="3" step="1"/><G13/><REACH who="3" ten="250,250,250,240" step="2"/><T106/><D14/><N who="1" m="9431" /><E56/><V32/><F32/><W100/><G100/><T62/><D77/><U53/><AGARI ba="0,1" hai="6,7,53,58,61,83,84,90,92,97,102" m="9431" machi="53" ten="30,2000,0" yaku="8,1,52,1" doraHai="87" who="1" fromWho="1" sc="250,-10,250,30,250,-5,240,-5" /><INIT seed="1,0,0,0,0,19" ten="240,280,245,235" oya="1" hai0="36,17,102,26,105,97,18,12,132,35,75,112,33" hai1="108,71,72,85,24,111,56,23,91,39,73,16,50" hai2="11,92,125,120,58,103,131,82,89,25,63,53,65" hai3="87,0,128,110,134,95,20,40,70,64,107,45,44"/><U62/><E39/><V30/><F120/><W124/><G107/><T118/><D132/><U77/><E71/><V52/><F131/><W14/><G0/><T15/><D112/><U84/><E50/><V133/><F125/><W127/><G134/><T9/><D118/><U37/><E37/><V29/><F133/><W81/><G95/><T41/><D75/><U100/><E100/><V7/><F82/><W80/><G128/><T49/><D36/><U123/><E123/><V27/><F103/><W121/><G121/><T3/><D3/><U79/><E79/><V2/><F27/><W83/><G87/><N who="1" m="33354" /><E91/><V28/><REACH who="2" step="1"/><F25/><REACH who="2" ten="240,280,235,235" step="2"/><W113/><G113/><T31/><D35/><U67/><E77/><V69/><F69/><W57/><G70/><T38/><D33/><U109/><AGARI ba="0,1" hai="16,23,24,56,62,67,72,73,108,109,111" m="33354" machi="109" ten="40,12000,1" yaku="14,1,10,1,52,1,54,1" doraHai="19" who="1" fromWho="1" sc="240,-40,280,130,235,-40,235,-40" /><INIT seed="1,1,0,4,0,23" ten="200,410,195,195" oya="1" hai0="98,60,20,126,130,0,101,61,78,124,129,90,115" hai1="49,120,48,58,22,31,85,95,5,113,33,92,21" hai2="131,132,127,66,1,73,17,29,125,8,50,83,62" hai3="103,27,87,10,79,36,34,45,68,64,99,114,71"/><U12/><E120/><V39/><F39/><W75/><G87/><T93/><D0/><U9/><E113/><V67/><F29/><N who="3" m="19775" /><G10/><T44/><D115/><U86/><E33/><V119/><F119/><W2/><G2/><T3/><D3/><U52/><E49/><V122/><F122/><W110/><G110/><T46/><D78/><U76/><E76/><N who="2" m="44431" /><F50/><W11/><G11/><T14/><D101/><U53/><E53/><V72/><F132/><W80/><G64/><T118/><D118/><U25/><E22/><V81/><F131/><N who="0" m="50186" /><D14/><U38/><E38/><V112/><F112/><W55/><G55/><T15/><D15/><U37/><E37/><V24/><F72/><W16/><G16/><T40/><D20/><U105/><E105/><V74/><F74/><W6/><G6/><T69/><D69/><U108/><E108/><V84/><F1/><W57/><G114/><T47/><D40/><U13/><E13/><N who="2" m="7335" /><F62/><AGARI ba="1,0" hai="44,46,47,60,61,62,90,93,98,124,126" m="50186" machi="62" ten="40,1300,0" yaku="19,1" doraHai="23" who="0" fromWho="2" sc="200,16,410,0,195,-16,195,0" /><INIT seed="2,0,0,3,3,43" ten="216,410,179,195" oya="2" hai0="69,111,79,18,103,85,12,80,104,15,52,102,82" hai1="116,61,88,90,72,34,124,4,74,133,55,98,0" hai2="50,21,9,54,53,37,40,114,81,115,30,45,27" hai3="109,7,36,91,95,134,75,13,26,120,8,51,130"/><V31/><F31/><W25/><G36/><T107/><D69/><U83/><E116/><V135/><F135/><W89/><G75/><T41/><D111/><U108/><E108/><V63/><F9/><W59/><G120/><T129/><D129/><U14/><E133/><V127/><F127/><W29/><G134/><T67/><D67/><U112/><E112/><V87/><F63/><W96/><G130/><T46/><D104/><U5/><E124/><V42/><F42/><W126/><G126/><T97/><D102/><U92/><E0/><V62/><F62/><W10/><G109/><T101/><D101/><U6/><E34/><V32/><F32/><W56/><G51/><T65/><D65/><U105/><E105/><V64/><F64/><W58/><G29/><T113/><D113/><U118/><E118/><V2/><F2/><W3/><REACH who="3" step="1"/><G91/><REACH who="3" ten="216,410,179,185" step="2"/><T77/><D41/><U16/><E74/><V49/><F37/><W44/><G44/><T121/><D121/><U60/><E72/><V122/><F122/><W100/><G100/><T47/><D103/><U128/><E128/><V99/><F40/><W110/><G110/><T86/><D107/><U123/><E123/><V57/><F99/><W131/><G131/><T33/><D97/><U22/><E55/><V19/><F30/><W48/><G48/><T66/><D66/><U94/><REACH who="1" step="1"/><E83/><REACH who="1" ten="216,400,179,185" step="2"/><V23/><F115/><W68/><G68/><T20/><D52/><U119/><E119/><V132/><F114/><W1/><G1/><T73/><D73/><U28/><E28/><V38/><F132/><W11/><G11/><RYUUKYOKU ba="0,2" sc="216,-15,400,15,179,-15,185,15" hai1="4,5,6,14,16,22,60,61,88,90,92,94,98" hai3="3,7,8,10,13,25,26,56,58,59,89,95,96" /><INIT seed="3,1,2,4,1,26" ten="201,415,164,200" oya="3" hai0="20,22,105,134,121,71,87,35,49,53,34,33,50" hai1="3,58,113,47,68,19,130,42,118,18,4,81,125" hai2="75,92,100,51,9,17,5,13,39,132,14,109,29" hai3="64,8,74,93,59,112,54,123,119,110,107,116,73"/><W30/><G107/><T6/><D121/><U61/><E68/><V46/><F39/><W79/><G123/><T102/><D134/><U133/><E113/><V120/><F75/><W7/><G112/><T2/><D71/><U23/><E133/><V11/><F109/><W57/><G110/><T86/><D102/><U83/><E125/><V1/><F120/><W91/><G64/><T131/><D105/><U84/><E130/><V90/><F132/><W36/><G36/><T21/><D131/><U127/><E127/><V82/><F100/><W25/><G116/><T52/><D6/><U48/><E118/><V111/><F111/><W37/><G37/><T128/><D2/><U114/><E114/><V67/><F67/><W66/><G66/><T65/><D65/><N who="1" m="39095" /><E3/><V70/><F70/><W10/><G59/><T96/><D96/><U99/><E99/><V60/><F60/><W28/><G119/><T76/><D128/><U38/><E38/><V44/><F82/><N who="1" m="31241" /><E4/><V0/><F29/><N who="3" m="11371" /><G74/><T101/><D101/><U108/><E108/><V129/><F129/><W77/><G73/><T43/><D76/><N who="3" m="29257" /><G7/><T98/><D35/><U124/><E124/><V80/><F80/><W97/><G25/><T89/><D34/><U94/><E23/><V63/><F63/><AGARI ba="1,2" hai="8,10,54,57,63,91,93,97" m="29257,11371" machi="63" ten="30,11600,0" yaku="8,1,52,3" doraHai="26" who="3" fromWho="2" sc="201,0,415,0,164,-119,200,139" /><INIT seed="3,2,0,4,5,61" ten="201,415,45,339" oya="3" hai0="71,119,93,42,8,117,3,114,47,49,105,31,80" hai1="133,53,82,81,50,130,90,26,33,29,103,43,124" hai2="135,4,39,128,16,122,68,76,115,64,112,51,25" hai3="54,92,7,58,40,24,44,48,107,102,110,6,37"/><W34/><G107/><T69/><D105/><U5/><E124/><V2/><F39/><W46/><G110/><T134/><D31/><U66/><E130/><V75/><F122/><W108/><G108/><T116/><D134/><U72/><E133/><V118/><F118/><W131/><G131/><T59/><D114/><U18/><E43/><V36/><F36/><W100/><G34/><T98/><D80/><U0/><E103/><V9/><F135/><W65/><G24/><T132/><D132/><U120/><E120/><V88/><F128/><W99/><REACH who="3" step="1"/><G102/><REACH who="3" ten="201,415,45,329" step="2"/><T20/><D119/><U97/><E26/><V73/><F112/><W21/><G21/><T13/><D116/><U32/><E33/><V67/><F115/><W94/><G94/><T57/><D117/><U86/><E32/><V70/><F25/><W84/><G84/><T35/><D20/><U129/><E86/><V63/><F76/><W109/><G109/><T23/><D23/><U52/><E129/><V125/><F125/><W127/><G127/><T55/><D35/><U111/><E111/><V41/><F88/><W17/><G17/><T79/><D93/><U27/><E18/><V123/><F123/><W19/><G19/><T30/><D30/><U96/><E90/><V56/><F16/><W101/><G101/><T126/><D126/><U85/><E29/><V38/><F73/><W62/><AGARI ba="2,1" hai="6,7,37,40,44,46,48,54,58,62,65,92,99,100" machi="62" ten="30,6000,0" yaku="1,1,0,1,52,1,53,0" doraHai="61" doraHaiUra="11" who="3" fromWho="3" sc="201,-22,415,-22,45,-22,329,76" /><INIT seed="3,3,0,1,4,51" ten="179,393,23,405" oya="3" hai0="126,41,111,110,112,107,82,33,67,52,116,13,114" hai1="55,27,40,104,8,89,44,125,46,17,21,92,135" hai2="73,24,83,42,53,71,77,134,79,81,84,118,121" hai3="80,123,18,78,31,30,16,39,50,109,3,103,62"/><W113/><G39/><T9/><D33/><U133/><E104/><V70/><F121/><W6/><G123/><T19/><D107/><U75/><E75/><V86/><F118/><W119/><G119/><T57/><D41/><U95/><E125/><V130/><F130/><W131/><G113/><N who="0" m="43627" /><D116/><U90/><E8/><V29/><F134/><N who="1" m="51209" /><E55/><V2/><F2/><W10/><G131/><T129/><D67/><U5/><E5/><V23/><F42/><W22/><G109/><N who="0" m="41483" /><D129/><U11/><E11/><V76/><F76/><W26/><G103/><T97/><D97/><N who="1" m="57487" /><E40/><V12/><F73/><W47/><G62/><N who="0" m="36135" /><D82/><U93/><E93/><V28/><F28/><W74/><REACH who="3" step="1"/><G31/><REACH who="3" ten="179,393,23,395" step="2"/><T72/><D126/><U34/><E34/><V58/><REACH who="2" step="1"/><F12/><REACH who="2" ten="179,393,13,395" step="2"/><W15/><G15/><T128/><D128/><U101/><E101/><V45/><F45/><W14/><G14/><T38/><D72/><U108/><E108/><V60/><AGARI ba="3,2" hai="23,24,29,53,58,60,70,71,77,79,81,83,84,86" machi="60" ten="20,8000,1" yaku="1,1,0,1,7,1,9,1,52,1,53,0" doraHai="51" doraHaiUra="98" who="2" fromWho="2" sc="179,-23,393,-23,13,109,395,-43" /><INIT seed="4,0,0,4,3,57" ten="156,370,122,352" oya="0" hai0="121,12,0,30,41,86,62,71,24,7,31,1,32" hai1="56,89,119,87,65,74,97,68,72,8,73,23,35" hai2="103,108,67,36,34,52,118,94,101,135,132,26,129" hai3="5,13,106,111,50,38,16,130,77,28,122,134,112"/><T110/><D121/><U33/><E119/><V115/><F36/><W2/><G77/><T85/><D110/><U44/><E68/><V84/><F108/><W17/><G50/><T96/><D41/><U114/><E97/><V81/><F67/><W39/><G39/><T40/><D40/><U126/><E126/><V54/><F118/><W79/><G79/><T4/><D96/><U131/><E44/><V60/><F129/><W27/><G106/><T90/><D31/><U82/><E131/><V109/><F109/><W53/><G53/><T11/><D85/><U99/><E99/><V83/><F115/><W55/><G55/><T128/><D128/><U61/><E114/><V93/><F26/><W100/><G100/><T59/><D4/><U10/><REACH who="1" step="1"/><E23/><REACH who="1" ten="156,360,122,352" step="2"/><V98/><F34/><AGARI ba="0,1" hai="8,10,33,34,35,56,61,65,72,73,74,82,87,89" machi="34" ten="50,6400,0" yaku="1,1,2,1,52,1,53,0" doraHai="57" doraHaiUra="18" who="1" fromWho="2" sc="156,0,360,74,122,-64,352,0" /><INIT seed="5,0,0,1,2,4" ten="156,434,58,352" oya="1" hai0="129,45,56,30,10,13,3,91,22,79,0,107,37" hai1="5,81,34,84,134,35,112,74,73,101,83,85,55" hai2="63,14,11,50,114,67,109,53,103,93,21,1,57" hai3="52,113,132,124,100,94,111,96,42,38,99,122,41"/><U47/><E112/><V62/><F109/><W17/><G111/><T36/><D107/><U49/><E134/><V76/><F114/><W92/><G122/><T43/><D79/><U51/><E101/><V2/><F76/><W135/><G113/><T8/><D37/><U102/><E102/><V59/><F21/><W9/><G124/><T64/><D129/><U78/><E5/><V12/><F12/><N who="3" m="7311" /><G38/><T40/><D40/><U115/><E115/><V25/><F25/><W39/><G39/><T70/><D70/><U105/><E105/><V72/><F72/><W29/><G29/><T61/><D91/><U87/><REACH who="1" step="1"/><E49/><REACH who="1" ten="156,424,58,352" step="2"/><V68/><F103/><N who="3" m="60807" /><G135/><T26/><D0/><U69/><E69/><V16/><REACH who="2" step="1"/><F93/><REACH who="2" ten="156,424,48,352" step="2"/><W128/><G132/><T18/><D3/><U60/><E60/><V121/><F121/><W15/><G128/><T95/><D95/><U44/><E44/><V65/><AGARI ba="0,2" hai="1,2,11,14,16,50,53,57,59,62,63,65,67,68" machi="65" ten="20,8000,1" yaku="1,1,0,1,7,1,52,1,54,1,53,0" doraHai="4" doraHaiUra="28" who="2" fromWho="2" sc="156,-20,424,-40,48,100,352,-20" /><INIT seed="6,0,0,4,4,119" ten="136,384,148,332" oya="2" hai0="49,91,135,127,128,121,16,32,70,56,35,126,108" hai1="0,87,82,13,58,36,40,66,2,34,63,9,98" hai2="21,11,52,22,61,104,20,75,28,110,53,65,25" hai3="100,43,132,12,102,37,106,103,89,7,60,120,15"/><V54/><F104/><W1/><G106/><T4/><D70/><U94/><E34/><V123/><F75/><W114/><G1/><T131/><D108/><U83/><E36/><V48/><F110/><W10/><G132/><T51/><D4/><U115/><E115/><V116/><F116/><W129/><G129/><N who="0" m="49739" /><D121/><U14/><E40/><V29/><F123/><W41/><G114/><T69/><D69/><U6/><E14/><V101/><F101/><W5/><G37/><T73/><D73/><U117/><E117/><V113/><F113/><W107/><G107/><T93/><D16/><U19/><E19/><V71/><F48/><N who="0" m="18506" /><D56/><U85/><E87/><V84/><F25/><W79/><G120/><T26/><D135/><U125/><E125/><N who="0" m="47625" /><D26/><U50/><E50/><V68/><F68/><W72/><G72/><T27/><D27/><U45/><E45/><V124/><F124/><W80/><G7/><T8/><D8/><U59/><E59/><V88/><REACH who="2" step="1"/><F11/><REACH who="2" ten="136,384,138,332" step="2"/><W118/><G10/><T47/><D47/><U17/><E9/><V111/><F111/><W86/><G118/><T76/><D76/><U133/><E133/><V74/><F74/><W24/><G79/><T97/><AGARI ba="0,1" hai="32,35,91,93,97" m="47625,18506,49739" machi="97" ten="40,2700,0" yaku="19,1,18,1" doraHai="119" who="0" fromWho="0" sc="136,37,384,-7,138,-13,332,-7" /><INIT seed="7,0,0,1,1,23" ten="173,377,125,325" oya="3" hai0="69,45,99,60,49,50,71,114,70,17,134,96,2" hai1="73,19,133,39,103,42,31,26,8,20,75,65,61" hai2="92,123,74,62,24,13,117,64,101,30,130,78,9" hai3="38,33,102,12,4,77,93,53,56,112,105,58,27"/><W86/><G38/><T132/><D2/><U59/><E39/><V90/><F117/><W52/><G105/><T25/><D114/><U110/><E110/><V100/><F123/><W106/><G106/><T87/><D87/><U14/><E75/><V97/><F130/><W82/><G112/><T68/><D17/><N who="1" m="8391" /><E73/><V47/><F74/><W111/><G111/><T83/><D25/><N who="1" m="14495" /><E133/><N who="0" m="51305" /><D83/><U16/><E31/><V115/><F78/><W135/><G135/><T7/><D7/><U129/><E129/><V3/><F3/><W127/><G4/><T116/><D116/><U119/><E119/><V40/><F115/><W35/><G77/><T126/><D126/><U67/><E42/><V15/><F15/><W94/><G12/><T6/><D6/><U89/><E103/><V121/><F121/><W125/><G102/><T131/><D131/><U85/><E16/><V122/><F122/><W107/><G125/><T55/><D50/><U72/><E26/><V22/><F13/><W80/><G27/><T1/><D1/><U29/><E72/><V43/><F9/><W124/><G107/><T57/><D71/><U104/><E104/><V120/><F120/><W81/><G81/><T46/><D46/><U37/><E37/><V109/><F109/><W95/><G95/><T5/><D5/><U79/><E79/><V11/><F11/><W21/><G21/><T18/><D18/><U118/><E29/><V76/><F76/><W10/><G10/><T34/><D34/><U113/><E113/><V51/><F40/><AGARI ba="0,0" hai="40,45,49,55,57,60,68,69,70,96,99" m="51305" machi="40" ten="40,1300,0" yaku="20,1" doraHai="23" who="0" fromWho="2" sc="173,13,377,0,125,-13,325,0" owari="186,-21.0,377,47.0,112,-39.0,325,13.0" /></mjloggm>