<mjloggm ver="2.3"><GO type="169" lobby="0"/><UN n0="%E3%82%A6%E3%83%AB%E3%83%88%E3%83%A9%E7%AB%8B%E7%9B%B4" n1="%E3%82%BF%E3%83%8A%E3%82%AE" n2="%E3%81%B5%E3%81%98%E3%81%8A" n3="%48%6F%6E%65%6B%6B%6F%5F" dan="17,18,17,16" rate="2151.81,2223.46,2188.99,2059.06" sx="M,M,M,M"/><TAIKYOKU oya="0"/><INIT seed="0,0,0,4,2,28" ten="250,250,250,250" oya="0" hai0="52,98,13,89,105,100,1,10,69,101,35,113,50" hai1="96,43,125,127,32,21,47,19,124,57,102,22,134" hai2="51,49,118,114,55,130,58,24,53,45,88,48,104" hai3="0,3,103,11,34,97,95,87,36,119,86,129,8"/><T62/><D1/><U117/><E117/><V64/><F114/><W27/><G119/><T122/><D122/><U81/><E134/><V68/><F104/><W14/><G129/><T82/><D100/><U29/><E81/><V63/><F118/><W42/><G42/><T83/><D35/><U107/><E57/><V60/><F130/><W92/><G36/><T2/><D2/><U18/><E18/><V30/><REACH who="2" step="1"/><F88/><REACH who="2" ten="250,250,240,250" step="2"/><W94/><G94/><T41/><D89/><U84/><E107/><V123/><F123/><W15/><G92/><T73/><D113/><U106/><E124/><V131/><F131/><W111/><G95/><T70/><D83/><U20/><E125/><V44/><F44/><W74/><G97/><T26/><D82/><U91/><E127/><V93/><F93/><W66/><G103/><T23/><D98/><U109/><E91/><V33/><AGARI ba="0,1" hai="24,30,33,45,48,49,51,53,55,58,60,63,64,68" machi="33" ten="20,5200,0" yaku="1,1,0,1,7,1,52,1,53,0" doraHai="28" doraHaiUra="7" who="2" fromWho="2" sc="250,-26,250,-13,240,62,250,-13" /><INIT seed="1,0,0,5,2,85" ten="224,237,302,237" oya="1" hai0="12,117,125,11,128,126,78,99,108,0,115,105,132" hai1="21,25,13,28,59,87,74,72,30,95,109,83,34" hai2="103,102,131,89,62,96,65,10,135,127,118,4,55" hai3="16,42,116,58,44,20,5,97,45,29,64,1,84"/><U82/><E109/><V49/><F118/><W37/><G116/><T134/><D0/><U52/><E95/><N who="2" m="56431" /><F135/><N who="0" m="51754" /><D117/><U81/><E87/><V94/><F131/><W51/><G29/><T113/><D78/><U7/><E30/><V91/><F127/><N who="0" m="48650" /><D108/><U67/><E67/><V47/><F62/><W50/><G97/><T69/><D69/><U130/><E130/><V40/><F65/><W17/><G84/><T66/><D66/><U80/><N who="1" m="20480" /><DORA hai="2" /><U122/><E122/><V3/><F3/><W9/><G44/><T18/><D128/><U114/><E114/><N who="0" m="43529" /><D99/><U111/><E111/><V124/><F124/><W68/><G68/><T90/><D105/><U15/><E15/><N who="2" m="5575" /><F40/><W57/><G64/><T24/><D24/><U8/><REACH who="1" step="1"/><E21/><REACH who="1" ten="224,227,302,237" step="2"/><V26/><F26/><W92/><G20/><T33/><D33/><U71/><E71/><V73/><F73/><W23/><G23/><T75/><D75/><U22/><E22/><V6/><F94/><W48/><G92/><T54/><D54/><U14/><E14/><V119/><F119/><W43/><REACH who="3" step="1"/><G42/><REACH who="3" ten="224,227,302,227" step="2"/><T107/><D107/><U39/><E39/><V46/><F55/><W41/><G41/><T121/><D121/><U88/><E88/><AGARI ba="0,2" hai="11,12,18,88,90" m="43529,48650,51754" machi="88" ten="40,8000,1" yaku="20,1,18,1,52,2,54,1" doraHai="85,2" who="0" fromWho="1" sc="224,100,227,-80,302,0,227,0" /><INIT seed="2,0,0,0,0,77" ten="324,147,302,227" oya="2" hai0="13,109,31,12,6,51,69,10,52,112,99,88,80" hai1="8,120,81,70,37,85,124,135,15,89,118,122,115" hai2="131,35,63,76,132,4,30,126,45,128,60,22,17" hai3="48,59,11,19,43,104,49,121,32,75,100,57,94"/><V72/><F132/><W87/><G104/><T86/><D69/><U46/><E70/><V133/><F133/><W34/><G121/><N who="1" m="46698" /><E135/><V117/><F117/><W78/><G75/><T5/><D112/><U0/><E0/><V90/><F126/><W83/><G34/><T134/><D134/><U114/><E118/><V110/><F90/><W54/><G32/><T103/><D31/><U9/><E124/><V82/><F4/><W91/><G100/><T116/><D109/><U68/><E68/><V101/><F101/><W38/><G38/><T107/><D116/><U108/><E108/><V23/><F110/><W84/><G43/><T79/><D79/><U3/><E3/><V119/><F119/><W130/><G130/><N who="2" m="49705" /><F45/><W20/><G11/><N who="1" m="4170" /><E15/><N who="2" m="9535" /><F35/><W113/><G113/><T36/><D36/><U40/><AGARI ba="0,0" hai="37,40,46,81,85,89,114,115" m="4170,46698" machi="40" ten="30,2000,0" yaku="13,1,52,1" doraHai="77" who="1" fromWho="1" sc="324,-5,147,20,302,-10,227,-5" /><INIT seed="3,0,0,3,5,76" ten="319,167,292,222" oya="3" hai0="25,112,14,10,128,107,110,87,122,59,17,119,41" hai1="82,3,62,38,68,21,130,98,43,105,106,40,65" hai2="22,90,61,95,5,99,20,52,104,12,4,84,83" hai3="73,56,67,30,103,81,71,18,60,37,49,44,108"/><W80/><G108/><T100/><D122/><U32/><E130/><V15/><F104/><W8/><G73/><T123/><D123/><U101/><E3/><V134/><F134/><W50/><G30/><T9/><D119/><U0/><E0/><V109/><F109/><W88/><G103/><T115/><D128/><U126/><E126/><V116/><F116/><W35/><G35/><T23/><D110/><U135/><E135/><V45/><F15/><N who="3" m="7527" /><G37/><T94/><D41/><U125/><E125/><V79/><F61/><W66/><G71/><T75/><D75/><U102/><E32/><V72/><F72/><W1/><G1/><T64/><D107/><U113/><E113/><V42/><F5/><W19/><G66/><T63/><D9/><U48/><E38/><V51/><F52/><N who="3" m="29735" /><G50/><T31/><D87/><U91/><E48/><V124/><F124/><W27/><G88/><T132/><D132/><U7/><E102/><V54/><F54/><W89/><G89/><T57/><D57/><U34/><E34/><V6/><F6/><W69/><G69/><T16/><D17/><U96/><E106/><V74/><F74/><W85/><G85/><T47/><D47/><U93/><E7/><V78/><F78/><W111/><G111/><T70/><D70/><U46/><E46/><V26/><F26/><W58/><G58/><T33/><D33/><U97/><E97/><AGARI ba="0,0" hai="10,14,16,23,25,31,59,63,64,94,97,100,112,115" machi="97" ten="40,5200,0" yaku="25,2,54,1" doraHai="76" who="0" fromWho="1" sc="319,52,167,-52,292,0,222,0" /><INIT seed="4,0,0,1,2,39" ten="371,115,292,222" oya="0" hai0="31,73,101,62,19,80,38,115,7,119,26,6,56" hai1="86,35,10,36,123,3,27,33,20,1,114,75,8" hai2="133,93,55,128,18,100,50,131,54,21,124,81,87" hai3="108,76,45,99,65,0,37,14,130,121,74,59,97"/><T107/><D119/><U49/><E36/><V52/><F133/><W16/><G108/><T83/><D115/><U28/><E75/><V58/><F124/><W30/><G0/><N who="1" m="74" /><E86/><V104/><F104/><W78/><G30/><T51/><D38/><U40/><E49/><V72/><F72/><W61/><G130/><N who="2" m="49705" /><F100/><W11/><G121/><T57/><D83/><U77/><E40/><V98/><F98/><N who="3" m="37387" /><G74/><T15/><D80/><U85/><E85/><V13/><F93/><W47/><G37/><T113/><D101/><U95/><E95/><V109/><F109/><W32/><G32/><N who="1" m="12362" /><E77/><AGARI ba="0,0" hai="13,18,21,50,52,54,55,58,77,81,87" m="49705" machi="77" ten="30,2000,0" yaku="19,1,54,1" doraHai="39" who="2" fromWho="1" sc="371,0,115,-20,292,20,222,0" /><AGARI ba="0,0" hai="11,14,16,45,47,59,61,65,76,77,78" m="37387" machi="77" ten="30,2000,0" yaku="8,1,54,1" doraHai="39" who="3" fromWho="1" sc="371,0,95,-20,312,0,222,20" /><INIT seed="5,0,0,4,2,135" ten="371,75,312,242" oya="1" hai0="48,27,68,105,95,130,124,45,96,31,90,120,46" hai1="40,30,29,26,24,39,132,62,60,36,56,14,34" hai2="126,79,55,115,66,131,101,22,43,67,69,80,37" hai3="71,110,23,10,59,54,18,6,98,78,94,104,7"/><U106/><E132/><V44/><F131/><W1/><G71/><T113/><D68/><U117/><E117/><V112/><F101/><W2/><G104/><T47/><D105/><U119/><E119/><V11/><F22/><W72/><G110/><T49/><D124/><U15/><E106/><V41/><F126/><W35/><G35/><T33/><D130/><U83/><E83/><V92/><F92/><W121/><G121/><T82/><D113/><N who="2" m="43594" /><F11/><W64/><G64/><T38/><D38/><U125/><E125/><V76/><F76/><W9/><G78/><T25/><D120/><U103/><E103/><V129/><F129/><W134/><G72/><T97/><D97/><U87/><E87/><N who="2" m="48543" /><F69/><W73/><G73/><T85/><REACH who="0" step="1"/><D27/><REACH who="0" ten="361,75,312,242" step="2"/><U88/><E40/><N who="2" m="15435" /><F37/><W13/><G134/><T93/><D93/><U8/><E8/><V109/><F109/><W116/><G116/><T122/><D122/><U53/><E88/><AGARI ba="0,1" hai="25,31,33,45,46,47,48,49,82,85,88,90,95,96" machi="88" ten="40,2600,0" yaku="1,1,54,1,53,0" doraHai="135" doraHaiUra="133" who="0" fromWho="1" sc="361,36,75,-26,312,0,242,0" /><INIT seed="6,0,0,4,2,80" ten="397,49,312,242" oya="2" hai0="31,40,6,110,13,91,126,37,123,128,70,95,93" hai1="97,88,113,8,77,112,28,66,134,16,21,41,83" hai2="87,76,68,4,101,135,79,53,94,60,38,131,3" hai3="23,19,133,121,111,73,125,69,119,46,30,107,74"/><V103/><F135/><W82/><G121/><T56/><D70/><U45/><E134/><V81/><F38/><W26/><G119/><T11/><D110/><U5/><E28/><V65/><F131/><W17/><G111/><T54/><D123/><U71/><E71/><V115/><F115/><N who="1" m="44105" /><E66/><V55/><F79/><W114/><G114/><T39/><D40/><U43/><E45/><V109/><F109/><W35/><G125/><T25/><D93/><N who="1" m="56487" /><E8/><V130/><F130/><W18/><G107/><T2/><D126/><U117/><E5/><V102/><F94/><W61/><G133/><T129/><D2/><U120/><E117/><V27/><F27/><W63/><G69/><T116/><D116/><U47/><E47/><V59/><F68/><W89/><G35/><T122/><D122/><U15/><E120/><V20/><F20/><W32/><G32/><T34/><D129/><U108/><E108/><V78/><F3/><W33/><G46/><T67/><D67/><U42/><E42/><V90/><F4/><W127/><G33/><T51/><D128/><U106/><E106/><V104/><F104/><W92/><G30/><T50/><D50/><U22/><E21/><V58/><F65/><W24/><G23/><T96/><AGARI ba="0,0" hai="6,11,13,25,31,34,37,39,51,54,56,91,95,96" machi="96" ten="20,1500,0" yaku="0,1,7,1" doraHai="80" who="0" fromWho="0" sc="397,15,49,-4,312,-7,242,-4" /><INIT seed="7,0,0,4,3,12" ten="412,45,305,238" oya="3" hai0="101,130,50,107,125,25,65,51,62,90,56,133,24" hai1="61,75,14,111,132,11,115,42,80,64,122,126,48" hai2="119,41,30,59,45,21,32,74,113,98,6,112,128" hai3="10,3,37,89,36,114,18,123,110,78,8,83,57"/><W124/><G123/><T55/><D101/><U67/><E80/><V82/><F32/><W46/><G114/><N who="2" m="44137" /><F128/><W28/><G124/><T66/><D107/><U81/><E81/><V52/><F98/><W85/><G110/><T29/><D133/><U22/><E22/><V71/><F71/><W19/><G28/><T1/><D1/><U88/><E88/><V15/><F6/><W9/><G3/><T26/><D130/><U94/><E94/><V96/><F96/><W23/><G78/><T93/><D125/><U33/><E14/><V118/><F15/><W77/><G77/><T79/><D79/><U54/><E11/><V34/><F34/><W87/><G87/><N who="0" m="52447" /><D29/><U35/><E75/><V84/><F74/><W72/><G72/><T2/><D2/><U53/><E35/><V38/><F21/><W60/><G46/><T116/><D116/><U39/><E33/><V106/><F106/><W49/><G49/><AGARI ba="0,0" hai="24,25,26,49,50,51,55,56,62,65,66" m="52447" machi="49" ten="30,1000,0" yaku="8,1" doraHai="12" who="0" fromWho="3" sc="412,10,45,0,305,0,238,-10" owari="422,51.0,45,-45.0,305,11.0,228,-17.0" /></mjloggm>