<mjloggm ver="2.3"><GO type="169" lobby="0"/><UN n0="%E3%82%A6%E3%83%AB%E3%83%88%E3%83%A9%E7%AB%8B%E7%9B%B4" n1="%E7%94%9F%E8%82%89%E3%81%A7%E3%81%99%E3%82%88" n2="%6E%69%6A%69" n3="%E2%98%85%74%61%72%75%74%6F%E2%98%85" dan="16,16,17,16" rate="2125.92,2110.15,2145.25,2100.89" sx="M,M,M,M"/><TAIKYOKU oya="0"/><INIT seed="0,0,0,5,4,24" ten="250,250,250,250" oya="0" hai0="93,78,14,81,131,41,30,77,83,25,94,0,2" hai1="13,46,112,54,53,67,3,110,111,82,115,107,38" hai2="17,26,84,76,75,113,36,103,23,42,55,134,73" hai3="102,37,101,22,130,28,50,32,116,97,18,20,63"/><T31/><D41/><N who="1" m="22839" /><E107/><V135/><F113/><N who="1" m="43593" /><E3/><V80/><F103/><W86/><G37/><T65/><D25/><U129/><E82/><V27/><F55/><W105/><G116/><T34/><D14/><U47/><E13/><V104/><F104/><W106/><G130/><T92/><D65/><U10/><E10/><V89/><F42/><W64/><G86/><T68/><D68/><U49/><E67/><V4/><F36/><W21/><G50/><T87/><D131/><U35/><E35/><V48/><F48/><W5/><G5/><T122/><D122/><U133/><E133/><N who="2" m="50699" /><F4/><W66/><G18/><T7/><D7/><U15/><E129/><V60/><F60/><W118/><G118/><T59/><D34/><U123/><E123/><V108/><F108/><N who="1" m="41513" /><E15/><N who="2" m="9663" /><F75/><W125/><G106/><T57/><D92/><AGARI ba="0,0" hai="26,27,73,76,80,84,89,92" m="9663,50699" machi="92" ten="30,1000,0" yaku="20,1" doraHai="24" who="2" fromWho="0" sc="250,-10,250,0,250,10,250,0" /><INIT seed="1,0,0,4,2,28" ten="240,250,260,250" oya="1" hai0="125,30,85,70,25,88,97,126,131,129,134,98,89" hai1="73,99,46,36,24,118,51,15,42,27,115,68,29" hai2="9,63,47,43,4,81,1,92,133,11,84,101,116" hai3="108,69,90,48,76,112,117,77,3,38,57,17,7"/><U71/><E118/><V93/><F116/><W67/><G117/><T111/><D70/><U0/><E0/><V16/><F133/><W35/><G38/><T114/><D114/><U62/><E115/><V86/><F63/><W18/><G69/><T5/><D5/><U34/><E73/><V45/><F101/><W13/><G3/><T96/><D111/><U123/><E123/><V128/><F128/><N who="0" m="49226" /><D134/><U59/><E27/><V22/><F9/><W40/><G108/><T44/><D44/><U79/><E79/><V95/><F81/><W113/><G7/><T6/><D6/><U50/><E15/><V21/><F21/><W10/><G13/><T2/><D2/><U75/><E75/><V65/><F65/><W78/><G67/><T87/><D30/><U26/><E26/><V33/><F47/><W119/><G10/><T80/><D25/><U20/><E20/><V72/><F72/><W56/><G119/><T91/><D80/><U37/><E37/><V82/><F82/><W110/><G110/><T58/><D58/><U49/><REACH who="1" step="1"/><E99/><REACH who="1" ten="240,240,260,250" step="2"/><V53/><F22/><W64/><G113/><T60/><D60/><U61/><E61/><V31/><F1/><W120/><G112/><T135/><D135/><U19/><E19/><V102/><F16/><W103/><G18/><T121/><D121/><U54/><AGARI ba="0,1" hai="24,29,34,36,42,46,49,50,51,54,59,62,68,71" machi="54" ten="30,6000,0" yaku="1,1,0,1,52,1,53,0" doraHai="28" doraHaiUra="83" who="1" fromWho="1" sc="240,-20,240,70,260,-20,250,-20" /><INIT seed="1,1,0,4,5,103" ten="220,310,240,230" oya="1" hai0="52,119,85,95,9,18,40,2,80,70,22,110,87" hai1="125,113,93,1,65,91,54,120,59,114,35,123,78" hai2="79,135,4,73,45,124,74,134,71,72,94,89,62" hai3="38,44,86,121,11,101,37,129,50,28,51,6,100"/><U105/><E125/><V112/><F124/><W82/><G129/><T47/><D70/><U0/><E35/><V130/><F4/><W97/><G121/><T76/><D119/><U58/><E78/><V32/><F32/><W8/><G28/><T126/><D126/><U49/><E49/><V66/><F130/><W43/><G101/><T26/><D110/><U92/><E65/><V109/><F109/><W104/><G51/><T99/><D87/><U63/><E63/><V118/><F118/><W30/><G30/><T33/><D33/><U29/><E29/><V84/><F112/><W98/><G98/><T31/><D31/><U53/><REACH who="1" step="1"/><E91/><REACH who="1" ten="220,300,240,230" step="2"/><V3/><F79/><W14/><REACH who="3" step="1"/><G11/><REACH who="3" ten="220,300,240,220" step="2"/><T21/><D9/><U7/><E7/><V90/><F62/><W77/><AGARI ba="1,2" hai="6,8,14,37,38,43,44,50,77,82,86,97,100,104" machi="77" ten="20,16000,3" yaku="1,1,2,1,0,1,7,1,25,2,52,1,53,1" doraHai="103" doraHaiUra="96" who="3" fromWho="3" sc="220,-41,300,-81,240,-41,220,183" /><INIT seed="2,0,0,0,1,92" ten="179,219,199,403" oya="2" hai0="127,7,97,59,25,104,3,50,9,135,116,124,10" hai1="64,28,20,27,87,53,46,102,133,112,81,47,35" hai2="91,23,100,21,74,130,34,86,8,39,118,56,85" hai3="126,45,33,1,6,80,24,96,111,123,41,70,83"/><V37/><F34/><W18/><G123/><T76/><D116/><U90/><E112/><V13/><F74/><W132/><G70/><T98/><D76/><U38/><E38/><V94/><F118/><W78/><G126/><N who="0" m="48171" /><D135/><U60/><E133/><V103/><F130/><W62/><G111/><T66/><D104/><U19/><E102/><N who="2" m="38955" /><F37/><W29/><G62/><N who="0" m="38239" /><D10/><U52/><E47/><V108/><F39/><W57/><G57/><T73/><D73/><U54/><E46/><V17/><F108/><W113/><G113/><T40/><D25/><U44/><E44/><AGARI ba="0,0" hai="3,7,9,40,44,50,97,98" m="38239,48171" machi="44" ten="30,3900,0" yaku="18,1,52,2" doraHai="92" who="0" fromWho="1" sc="179,39,219,-39,199,0,403,0" /><INIT seed="3,0,0,0,5,44" ten="218,180,199,403" oya="3" hai0="98,110,108,64,101,42,112,8,131,69,113,14,57" hai1="81,41,7,128,25,93,76,84,118,5,62,28,58" hai2="120,73,129,83,71,100,70,24,21,78,99,130,49" hai3="20,22,59,80,103,29,36,66,77,102,26,125,48"/><W35/><G36/><T55/><D42/><U15/><E118/><V53/><F120/><W54/><G125/><T117/><D64/><U111/><E111/><N who="0" m="42537" /><D69/><U123/><E123/><V135/><F135/><W133/><G133/><T116/><D131/><N who="2" m="50186" /><F21/><W82/><G82/><T72/><D72/><U3/><E3/><V107/><F24/><W38/><G38/><T105/><D117/><U127/><E127/><V37/><F37/><W34/><G66/><T95/><D105/><U50/><E128/><V27/><F27/><W32/><REACH who="3" step="1"/><G22/><REACH who="3" ten="218,180,199,393" step="2"/><T18/><D116/><U104/><E81/><V124/><F124/><W79/><G79/><T30/><D30/><U88/><E76/><V11/><F11/><W63/><G63/><AGARI ba="0,1" hai="8,14,18,55,57,63,95,98,101,112,113" m="42537" machi="63" ten="30,1000,0" yaku="14,1" doraHai="44" who="0" fromWho="3" sc="218,20,180,0,199,0,393,-10" /><INIT seed="4,0,0,0,3,80" ten="238,180,199,383" oya="0" hai0="87,70,94,133,49,16,102,78,51,101,44,131,63" hai1="110,39,129,132,45,19,97,12,121,75,90,120,62" hai2="27,117,32,6,28,53,52,72,47,30,46,18,41" hai3="84,127,82,88,0,7,3,13,1,9,67,85,26"/><T108/><D108/><U113/><E110/><V86/><F72/><W66/><G127/><T105/><D105/><U83/><E129/><V34/><F6/><W29/><REACH who="3" step="1"/><G85/><REACH who="3" ten="238,180,199,373" step="2"/><T43/><D87/><U123/><E121/><V76/><F117/><W126/><G126/><T31/><D131/><U128/><E128/><V111/><F111/><W56/><G56/><T54/><D133/><U15/><E132/><V119/><F119/><W59/><G59/><T124/><D124/><U4/><E120/><V35/><F86/><W36/><G36/><T91/><D70/><U116/><E39/><V104/><F76/><W135/><G135/><T99/><D78/><U122/><E123/><V106/><F34/><AGARI ba="0,1" hai="0,1,3,7,9,13,26,29,34,66,67,82,84,88" machi="34" ten="40,5200,0" yaku="1,1,52,1,54,1,53,0" doraHai="80" doraHaiUra="107" who="3" fromWho="2" sc="238,0,180,0,199,-52,373,62" /><INIT seed="5,0,0,4,0,95" ten="238,180,147,435" oya="1" hai0="34,44,103,27,81,87,12,22,58,128,116,77,129" hai1="92,45,18,11,15,76,125,133,90,97,4,117,132" hai2="31,9,48,41,123,91,75,46,83,104,106,60,78" hai3="122,62,80,102,19,32,86,2,72,64,101,112,17"/><U61/><E117/><V96/><F123/><W33/><G2/><T50/><D116/><U57/><E125/><V124/><F124/><W135/><G72/><T73/><D58/><U10/><E76/><V65/><F31/><W114/><G122/><T88/><D103/><U25/><E45/><V24/><F24/><W59/><G135/><N who="1" m="51786" /><E25/><V89/><F9/><W42/><G42/><T99/><D12/><N who="1" m="5191" /><E57/><V70/><REACH who="2" step="1"/><F106/><REACH who="2" ten="238,180,137,435" step="2"/><W52/><G33/><T21/><D34/><U7/><E61/><V134/><F134/><W93/><G32/><T56/><D27/><U6/><AGARI ba="0,1" hai="6,7,11,15,18,90,92,97" m="5191,51786" machi="6" ten="30,3000,0" yaku="20,1,52,1" doraHai="95" who="1" fromWho="1" sc="238,-10,180,40,137,-10,435,-10" /><INIT seed="5,1,0,4,3,135" ten="228,220,127,425" oya="1" hai0="97,46,54,92,81,131,25,43,103,67,49,101,19" hai1="31,33,20,17,132,108,83,10,0,60,56,34,127" hai2="99,88,12,39,129,115,38,1,100,47,26,72,36" hai3="123,30,73,48,66,133,8,50,107,122,128,65,32"/><U116/><E116/><V119/><F119/><W113/><G73/><T16/><D131/><U75/><E132/><V94/><F129/><W105/><G128/><T11/><D67/><U61/><E108/><V110/><F110/><W6/><G133/><T4/><D103/><U89/><E61/><V59/><F1/><W55/><G30/><T84/><D25/><U126/><E31/><V18/><F72/><W70/><G32/><T85/><D54/><U5/><E89/><V114/><F59/><W130/><G130/><T117/><D85/><U14/><E83/><V51/><F26/><W109/><G109/><T3/><REACH who="0" step="1"/><D117/><REACH who="0" ten="218,220,127,425" step="2"/><U95/><E75/><V77/><F100/><W41/><G55/><T93/><D93/><U64/><E95/><V106/><F77/><AGARI ba="1,1" hai="3,4,11,16,19,43,46,49,77,81,84,92,97,101" machi="77" ten="30,3900,0" yaku="1,1,7,1,54,1,53,0" doraHai="135" doraHaiUra="62" who="0" fromWho="2" sc="218,52,220,0,127,-42,425,0" /><INIT seed="6,0,0,0,3,13" ten="270,220,85,425" oya="2" hai0="130,51,112,26,45,1,11,79,98,115,7,75,94" hai1="0,104,40,80,87,39,101,32,52,102,71,125,110" hai2="93,78,57,122,6,63,69,27,36,60,89,81,44" hai3="99,58,19,47,64,82,83,118,111,54,49,132,24"/><V126/><F122/><W59/><G111/><T91/><D79/><U117/><E110/><V76/><F126/><W67/><G132/><T17/><D75/><U30/><E0/><V88/><F6/><W56/><G118/><T131/><D26/><U22/><E32/><V28/><F69/><W29/><G99/><T37/><D37/><U116/><E125/><V123/><F123/><W134/><G134/><T20/><D20/><U121/><E121/><V106/><F106/><W100/><G100/><T16/><D115/><U48/><E71/><V74/><F76/><W86/><G83/><T46/><D46/><U109/><E109/><V96/><F89/><N who="3" m="51415" /><G29/><T113/><D113/><U31/><E40/><V120/><F120/><W41/><G41/><N who="0" m="25007" /><D112/><U107/><E39/><V66/><F63/><W3/><G3/><T25/><D25/><U77/><E107/><V55/><F36/><W90/><G90/><T9/><D9/><U23/><E104/><V114/><F114/><W61/><G61/><T15/><D15/><U4/><E4/><V12/><F12/><W97/><G97/><T68/><D68/><U103/><E116/><V129/><F129/><AGARI ba="0,0" hai="1,7,11,16,17,91,94,98,129,130,131" m="25007" machi="129" ten="30,7700,0" yaku="19,1,52,2,54,1" doraHai="13" who="0" fromWho="2" sc="270,77,220,0,85,-77,425,0" /><INIT seed="7,0,0,0,4,85" ten="347,220,8,425" oya="3" hai0="111,73,70,125,38,120,4,29,82,40,100,127,114" hai1="3,1,9,130,122,27,124,128,52,62,26,105,32" hai2="93,34,123,10,113,104,91,74,69,117,39,107,8" hai3="37,53,133,6,63,41,64,75,66,7,35,92,20"/><W95/><G35/><T18/><D70/><U2/><E122/><V88/><F91/><W119/><G75/><T31/><D40/><U51/><E105/><V48/><F88/><W43/><G119/><T50/><D38/><U42/><E42/><N who="3" m="15882" /><G133/><T24/><D50/><U116/><E116/><V56/><F93/><N who="3" m="35915" /><G37/><T28/><D100/><U14/><E62/><V61/><F56/><N who="3" m="35215" /><G20/><N who="0" m="13335" /><D82/><U81/><E81/><V131/><F61/><W96/><G96/><T102/><D102/><U47/><E124/><N who="0" m="47689" /><D73/><U83/><E83/><V23/><F48/><W15/><G15/><T19/><D120/><U65/><E65/><AGARI ba="0,0" hai="6,7,64,65,66" m="35215,35915,15882" machi="65" ten="30,1500,0" yaku="8,1" doraHai="85" who="3" fromWho="1" sc="347,0,220,-15,8,0,425,15" owari="347,15.0,205,-19.0,8,-49.0,440,53.0" /></mjloggm>