<mjloggm ver="2.3"><GO type="1" lobby="0"/><UN n0="%E7%BD%AA%E4%BA%BA%E4%B9%8B%E5%89%A3" n1="%E5%B0%B1%E6%B4%BB%E7%94%9F%40%E5%B7%9D%E6%9D%91%E8%BB%8D%E5%9B%A3" n2="%73%61%7A%61%6E%61%6D%69" n3="%4E%6F%4E%61%6D%65" dan="3,0,10,0" rate="1474.95,1500.00,1546.62,1500.00" sx="M,M,M,M"/><TAIKYOKU oya="0"/><INIT seed="0,0,0,4,3,39" ten="250,250,250,250" oya="0" hai0="30,58,115,0,74,44,126,102,132,135,29,59,71" hai1="110,89,50,107,37,105,108,20,47,54,117,111,9" hai2="14,36,118,65,25,1,61,92,66,109,18,31,106" hai3="3,79,8,6,76,12,91,2,73,114,11,46,43"/><T5/><D115/><U24/><E117/><V55/><F118/><W120/><G114/><T41/><D74/><U124/><E124/><V32/><F109/><W90/><G120/><T34/><D126/><U119/><E119/><V129/><F129/><W22/><G22/><T83/><D71/><U4/><E37/><V26/><F106/><W98/><G73/><T122/><D122/><U38/><E38/><V112/><F112/><W33/><G33/><T80/><D0/><U19/><REACH who="1" step="1"/><E89/><REACH who="1" ten="250,240,250,250" step="2"/><V95/><F36/><W77/><G3/><AGARI ba="0,1" hai="3,4,9,19,20,24,47,50,54,105,107,108,110,111" machi="3" ten="40,8000,1" yaku="1,1,2,1,14,1,53,1" doraHai="39" doraHaiUra="13" who="1" fromWho="3" sc="250,0,240,90,250,0,250,-80" /><INIT seed="1,0,0,2,1,102" ten="250,330,250,170" oya="1" hai0="22,64,103,113,68,21,91,35,110,6,16,63,50" hai1="39,120,67,14,98,38,104,126,62,27,92,124,24" hai2="122,77,79,52,95,54,40,82,47,106,46,5,121" hai3="7,55,58,101,125,9,73,57,18,13,31,33,107"/><U111/><E120/><V36/><F106/><W127/><G73/><T132/><D113/><U10/><E111/><V70/><F70/><W116/><G116/><T69/><D110/><U99/><E99/><V123/><F5/><W45/><G33/><T78/><D35/><U117/><E117/><V8/><F8/><W72/><G72/><T51/><D68/><U28/><E39/><V96/><F79/><W94/><G31/><T80/><D69/><U85/><E38/><V60/><F47/><W59/><G7/><T65/><D103/><U88/><E104/><V29/><F29/><W71/><G71/><T118/><D118/><U34/><E27/><V76/><F76/><W20/><G94/><T129/><D6/><U1/><E1/><V109/><F109/><W37/><G20/><N who="0" m="7787" /><D91/><U30/><E30/><V23/><F23/><W119/><G119/><T32/><D32/><U105/><E62/><V130/><F130/><W93/><G107/><T49/><D129/><U100/><REACH who="1" step="1"/><E67/><REACH who="1" ten="250,320,250,170" step="2"/><N who="0" m="25673" /><D132/><U87/><E87/><V128/><F128/><W25/><G37/><T86/><D63/><U84/><E84/><V90/><REACH who="2" step="1"/><F60/><REACH who="2" ten="250,320,240,170" step="2"/><W42/><G127/><T15/><D51/><U4/><AGARI ba="0,2" hai="4,10,14,24,28,34,85,88,92,98,100,105,124,126" machi="4" ten="30,12000,1" yaku="1,1,0,1,52,1,54,1,53,1" doraHai="102" doraHaiUra="81" who="1" fromWho="1" sc="250,-40,320,140,240,-40,170,-40" /><INIT seed="1,1,0,2,0,36" ten="210,460,200,130" oya="1" hai0="104,79,124,35,46,38,59,37,77,32,29,96,45" hai1="15,53,125,84,87,23,81,54,135,107,94,63,2" hai2="67,132,17,30,65,71,66,108,130,21,102,27,51" hai3="31,74,7,6,127,55,44,117,69,50,24,85,111"/><U56/><E2/><V86/><F130/><W120/><G74/><T113/><D113/><U39/><E107/><V47/><F132/><W26/><G120/><T43/><D104/><U61/><E39/><N who="0" m="14857" /><D96/><U5/><E135/><V72/><F108/><W119/><G111/><T75/><D75/><U103/><E125/><V57/><F72/><W73/><G69/><T109/><D109/><U110/><E110/><V88/><F102/><W89/><G73/><T13/><D124/><U83/><E103/><V14/><F71/><W126/><G127/><T11/><D29/><U42/><E42/><V20/><F57/><W114/><G126/><T22/><D59/><U70/><E70/><V116/><F116/><W92/><G114/><T34/><D22/><U101/><E81/><V134/><F134/><W95/><G117/><T131/><D131/><U33/><E33/><N who="0" m="8449" /><T93/><DORA hai="129" /><D11/><U62/><E54/><V118/><F118/><W128/><G119/><T16/><D13/><U48/><E83/><N who="2" m="49247" /><F67/><W97/><G128/><T0/><D0/><U100/><E100/><V25/><F25/><W58/><G44/><N who="0" m="17003" /><D93/><U90/><E101/><V28/><F28/><W52/><G55/><AGARI ba="1,0" hai="14,17,20,21,27,30,47,51,55,65,66" m="49247" machi="55" ten="30,2000,0" yaku="8,1,54,1" doraHai="36,129" who="2" fromWho="3" sc="210,0,460,0,200,23,130,-23" /><INIT seed="2,0,0,1,0,90" ten="210,460,223,107" oya="2" hai0="95,46,82,104,4,43,49,22,39,99,65,126,103" hai1="25,16,121,93,23,44,130,85,111,127,13,36,75" hai2="87,79,37,35,7,128,10,2,102,78,67,101,45" hai3="73,1,84,94,125,27,57,60,32,9,134,88,63"/><V5/><F128/><W129/><G73/><T64/><D39/><U97/><E75/><V42/><F67/><N who="0" m="25674" /><D104/><U76/><E121/><V112/><F112/><W26/><G129/><T58/><D22/><U70/><E130/><V81/><F79/><W74/><G74/><T20/><D20/><U83/><E70/><V132/><F132/><W28/><G134/><T54/><D126/><U51/><E127/><V135/><F135/><W53/><G125/><T41/><D82/><U59/><E36/><V38/><F38/><W77/><G26/><T107/><D4/><U122/><E122/><V119/><F119/><W19/><G77/><T110/><D110/><U14/><E59/><V118/><F118/><W86/><G1/><T18/><D18/><U120/><E120/><V96/><F35/><W52/><G9/><T47/><D107/><U61/><E61/><V33/><F33/><W50/><G19/><T0/><D0/><U68/><E68/><V115/><F115/><W17/><G17/><T31/><D31/><U109/><E109/><V80/><F7/><W98/><REACH who="3" step="1"/><G60/><REACH who="3" ten="210,460,223,97" step="2"/><N who="0" m="35927" /><D47/><AGARI ba="0,1" hai="27,28,32,47,50,52,53,57,63,84,86,88,94,98" machi="47" ten="30,8000,1" yaku="1,1,7,1,52,1,54,2,53,0" doraHai="90" doraHaiUra="11" who="3" fromWho="0" sc="210,-80,460,0,223,0,97,90" /><INIT seed="3,0,0,3,2,127" ten="130,460,223,187" oya="3" hai0="21,64,60,93,51,2,53,116,92,118,45,69,63" hai1="131,10,52,88,133,103,19,82,37,78,59,130,44" hai2="20,26,61,91,107,29,17,65,35,27,38,6,126" hai3="67,32,123,42,132,47,98,112,13,87,97,15,109"/><W113/><G123/><T85/><D2/><U119/><E133/><V24/><F38/><W101/><G132/><T125/><D125/><U68/><E119/><N who="0" m="45609" /><D21/><U25/><E68/><V57/><F126/><W102/><G109/><T115/><D85/><U36/><E103/><V90/><F107/><W106/><G67/><T39/><D39/><U28/><E44/><V70/><F70/><W41/><G32/><T80/><D80/><U121/><E121/><V122/><F122/><W58/><G87/><T11/><D11/><U4/><E19/><V55/><F6/><W110/><G110/><T14/><D14/><U48/><E88/><V12/><F65/><W62/><G112/><T108/><D115/><U31/><E37/><V79/><F79/><W83/><G113/><T30/><D108/><U111/><E36/><V86/><F27/><W34/><G34/><T76/><D30/><U3/><E111/><V135/><F135/><W9/><G83/><T43/><D76/><U81/><E81/><V128/><F128/><N who="1" m="49193" /><E25/><V124/><F124/><W71/><G71/><T95/><D60/><U96/><E96/><V129/><F129/><W54/><G47/><T50/><D50/><U66/><E66/><V120/><F120/><W18/><REACH who="3" step="1"/><G13/><REACH who="3" ten="130,460,223,177" step="2"/><T1/><D1/><U94/><E82/><V84/><F26/><W134/><G134/><T99/><D99/><U0/><E3/><V89/><AGARI ba="0,1" hai="12,17,20,24,29,35,55,57,61,84,86,89,90,91" machi="89" ten="30,1100,0" yaku="0,1" doraHai="127" who="2" fromWho="2" sc="130,-3,460,-3,223,21,177,-5" owari="127,-37.0,457,56.0,244,4.0,172,-23.0" /></mjloggm>