<mjloggm ver="2.3"><GO type="97" lobby="0"/><UN n0="%73%6F%75%6D%69%6C%6F%6E" n1="%E3%82%A6%E3%83%AB%E3%83%88%E3%83%A9%E7%AB%8B%E7%9B%B4" n2="%E3%83%89%E3%83%AA%E3%82%A3%E3%81%AE%E9%A3%AF" n3="%E3%82%BA%E3%83%AB%E3%81%84%E3%81%8F%E3%81%AA%E3%81%84" dan="15,13,13,13" rate="1986.94,1855.68,1843.20,1889.42" sx="M,M,M,F"/><TAIKYOKU oya="0"/><INIT seed="0,0,0,3,4,98" ten="250,250,250,250" oya="0" hai0="30,0,43,127,35,33,123,39,28,105,34,58,92" hai1="14,47,80,44,3,32,20,114,82,126,134,57,73" hai2="115,84,46,6,74,9,15,31,83,69,53,2,135" hai3="90,16,95,50,128,72,38,59,21,96,85,111,54"/><T103/><D123/><U125/><E32/><V93/><F115/><W11/><G111/><T131/><D131/><U102/><E3/><V117/><F69/><W29/><G128/><T97/><D127/><N who="1" m="48651" /><E134/><V40/><F31/><W52/><G38/><T51/><D0/><U24/><E14/><V10/><F135/><W120/><G72/><T121/><D121/><U129/><E129/><V36/><F117/><W78/><G120/><T66/><D39/><U77/><E114/><V4/><F93/><W49/><G11/><T133/><D133/><U116/><E116/><V99/><F99/><W63/><G29/><T1/><D1/><U65/><E82/><V108/><F53/><W18/><G18/><T91/><D66/><U62/><E102/><V81/><F81/><N who="3" m="47287" /><G54/><T119/><D119/><U71/><E71/><V55/><F55/><W61/><G61/><T132/><D132/><U104/><E104/><V48/><F48/><W86/><G86/><T109/><D109/><U130/><E130/><V42/><F108/><W88/><G90/><T87/><REACH who="0" step="1"/><D58/><REACH who="0" ten="240,250,250,250" step="2"/><U25/><E25/><AGARI ba="0,1" hai="16,21,25,49,50,52,59,63,88,95,96" m="47287" machi="25" ten="30,8000,1" yaku="25,1,8,1,54,3" doraHai="98" who="3" fromWho="1" sc="240,0,250,-80,250,0,250,90" /><INIT seed="1,0,0,3,5,96" ten="240,170,250,340" oya="1" hai0="8,79,120,58,37,16,51,102,41,61,72,75,9" hai1="11,4,86,76,25,124,64,19,1,130,123,49,29" hai2="95,3,100,77,56,21,50,89,45,54,112,40,0" hai3="109,34,35,80,14,63,110,67,38,108,103,127,6"/><U106/><E123/><V47/><F77/><W39/><G127/><T99/><D37/><N who="3" m="13833" /><G103/><T52/><D120/><U119/><E124/><V36/><F0/><W48/><G48/><T22/><D75/><U90/><E130/><V116/><F3/><W128/><G80/><T88/><D72/><U10/><E76/><V33/><F33/><W115/><G128/><T117/><D79/><U28/><E106/><V59/><F116/><W53/><G53/><T85/><D41/><U122/><E119/><V69/><F112/><W101/><G101/><T94/><D61/><U13/><E122/><V68/><F100/><W78/><G78/><T15/><D117/><U93/><E25/><V65/><F21/><W81/><G81/><AGARI ba="0,0" hai="8,9,15,16,22,51,52,58,81,85,88,94,99,102" machi="81" ten="30,12000,2" yaku="7,1,8,1,52,1,54,3" doraHai="96" who="0" fromWho="3" sc="240,120,170,0,250,0,340,-120" /><INIT seed="2,0,0,5,5,53" ten="360,170,250,220" oya="2" hai0="51,113,88,128,39,77,114,90,109,96,56,82,122" hai1="102,47,11,50,6,119,54,80,3,112,66,101,95" hai2="73,35,75,10,103,110,4,59,74,49,120,17,12" hai3="41,124,100,15,87,13,62,26,38,60,14,132,134"/><V106/><F120/><W79/><G100/><T55/><D39/><U48/><E119/><V16/><F35/><W105/><G105/><T121/><D109/><U5/><E112/><V20/><F106/><W129/><G124/><T18/><D18/><U135/><E135/><N who="3" m="51754" /><G129/><T25/><D128/><U76/><E6/><V116/><F116/><W93/><G38/><T91/><D25/><U43/><E66/><V92/><F110/><W45/><G26/><T52/><D96/><U115/><E95/><V107/><F107/><W29/><G29/><T118/><D118/><U97/><E97/><N who="2" m="59815" /><F73/><W7/><G7/><T61/><D121/><U131/><E131/><V72/><F72/><W99/><G99/><T36/><D36/><U89/><E89/><V85/><F75/><W69/><G69/><T111/><D111/><U27/><E27/><N who="2" m="14727" /><F74/><W117/><G117/><T86/><D122/><U94/><E115/><V23/><F85/><W104/><G104/><T31/><D114/><U123/><E123/><V30/><F30/><W125/><G125/><T127/><D127/><U19/><E19/><V57/><F49/><N who="3" m="26799" /><G93/><T63/><D113/><U0/><E94/><V22/><F4/><W68/><G68/><T40/><D31/><U83/><E3/><V58/><AGARI ba="0,0" hai="10,12,17,22,23,57,58,59" m="14727,59815" machi="58" ten="30,12000,1" yaku="8,1,52,3,54,1" doraHai="53" who="2" fromWho="2" sc="360,-40,170,-40,250,120,220,-40" /><INIT seed="2,1,0,5,5,127" ten="320,130,370,180" oya="2" hai0="33,45,19,91,103,85,118,67,68,34,119,90,69" hai1="74,39,1,60,102,52,48,106,54,66,30,111,92" hai2="134,46,131,83,10,81,61,109,6,41,72,99,80" hai3="124,82,108,110,105,8,117,53,78,7,23,112,84"/><V95/><F131/><W98/><G105/><T27/><D103/><U121/><E111/><N who="3" m="42538" /><G117/><N who="0" m="44555" /><D45/><U59/><E121/><V56/><F134/><W116/><G116/><T3/><D3/><U50/><E1/><V96/><F72/><W64/><G64/><T62/><D69/><U51/><E74/><V20/><F20/><W128/><G124/><T71/><D71/><U133/><E133/><V100/><F109/><W42/><G42/><T126/><D126/><U73/><E73/><V15/><F99/><W12/><G128/><T79/><D79/><U18/><E106/><V16/><F6/><W2/><G98/><T107/><D107/><U120/><E120/><V29/><F29/><W38/><G38/><T114/><D114/><U77/><E39/><V101/><F100/><W55/><G112/><T94/><D91/><U65/><E77/><V63/><F56/><W43/><G43/><T40/><D40/><U5/><E5/><V25/><F25/><W11/><G23/><AGARI ba="1,0" hai="19,23,27,33,34,62,67,68,85,90,94" m="44555" machi="23" ten="30,1000,0" yaku="12,1" doraHai="127" who="0" fromWho="3" sc="320,13,130,0,370,0,180,-13" /><INIT seed="3,0,0,2,5,97" ten="333,130,370,167" oya="3" hai0="1,5,32,118,81,37,120,60,88,91,121,31,119" hai1="3,134,45,8,38,17,105,48,27,19,99,85,58" hai2="101,0,54,128,35,107,25,49,113,11,18,42,34" hai3="135,30,102,56,62,16,89,112,93,10,59,40,64"/><W84/><G112/><T67/><D37/><U122/><E122/><V90/><F113/><W63/><G135/><T79/><D1/><U130/><E134/><V52/><F0/><W133/><G133/><T83/><D5/><U78/><E130/><V39/><F90/><W109/><G109/><T95/><D31/><U21/><E38/><V127/><F39/><W110/><G110/><T4/><D4/><U117/><E117/><V86/><F86/><W106/><G30/><T72/><D32/><U12/><E3/><V66/><F66/><W71/><G40/><T87/><D60/><U26/><E58/><V82/><F11/><W41/><G41/><T46/><D46/><U73/><E73/><V2/><F2/><W68/><G106/><T70/><D70/><U100/><E85/><V126/><F42/><W131/><G131/><T6/><D6/><U96/><E96/><N who="2" m="61863" /><F82/><W92/><G10/><T74/><D67/><U23/><E78/><V77/><F77/><W115/><G115/><T15/><D15/><U44/><REACH who="1" step="1"/><E48/><REACH who="1" ten="333,120,370,167" step="2"/><V29/><F128/><W61/><G68/><T98/><D72/><U20/><E20/><V116/><F116/><AGARI ba="0,1" hai="74,79,81,83,87,88,91,95,98,116,118,119,120,121" machi="116" ten="40,8000,1" yaku="34,3,54,1" doraHai="97" who="0" fromWho="2" sc="333,90,120,0,370,-80,167,0" owari="423,52.0,120,-38.0,290,9.0,167,-23.0" /></mjloggm>