<mjloggm ver="2.3"><GO type="169" lobby="0"/><UN n0="%77%61%64%6F%70%72%6F" n1="%E3%82%A6%E3%83%AB%E3%83%88%E3%83%A9%E7%AB%8B%E7%9B%B4" n2="%E2%98%85%E3%81%84%E3%81%8A%E3%82%8A%E3%82%93%E2%98%85" n3="%68%65%61%72%74%73%40" dan="17,17,16,16" rate="2164.65,2217.98,2147.90,2128.29" sx="M,M,F,M"/><TAIKYOKU oya="0"/><INIT seed="0,0,0,2,3,75" ten="250,250,250,250" oya="0" hai0="6,80,54,64,110,17,62,96,98,39,11,90,57" hai1="60,108,118,132,119,35,2,21,78,117,28,49,65" hai2="111,125,70,41,19,25,1,99,105,45,52,101,47" hai3="89,100,66,15,114,20,30,130,74,106,9,24,77"/><T79/><D39/><U131/><E2/><V103/><F111/><W84/><G114/><T36/><D36/><U40/><E35/><V127/><F70/><W53/><G130/><T31/><D110/><U18/><E28/><V55/><F1/><W91/><G66/><T81/><D31/><U82/><E108/><V38/><F103/><W42/><G42/><T51/><D17/><U92/><E92/><V72/><F72/><W95/><G91/><T73/><D81/><U3/><E3/><V23/><REACH who="2" step="1"/><F45/><REACH who="2" ten="250,250,240,250" step="2"/><W124/><G74/><T104/><D104/><U112/><E119/><V76/><F76/><W8/><G77/><T94/><D98/><U48/><E118/><V85/><F85/><W126/><G100/><T113/><D113/><U87/><E112/><V33/><F33/><W37/><G106/><T56/><REACH who="0" step="1"/><D11/><REACH who="0" ten="240,250,240,250" step="2"/><U43/><E117/><V63/><F63/><W22/><G8/><T97/><D97/><U26/><E131/><V135/><F135/><W16/><G9/><T44/><D44/><U121/><E132/><V58/><F58/><W59/><REACH who="3" step="1"/><G37/><REACH who="3" ten="240,250,240,240" step="2"/><T29/><D29/><U71/><E71/><V67/><F67/><W10/><G10/><T123/><D123/><U4/><E121/><V32/><F32/><W69/><G69/><T83/><D83/><U86/><E65/><V115/><F115/><W120/><G120/><T128/><D128/><U5/><E82/><V93/><F93/><W129/><G129/><T102/><D102/><U27/><E4/><AGARI ba="0,3" hai="4,6,51,54,56,57,62,64,73,79,80,90,94,96" machi="4" ten="40,3900,0" yaku="1,1,52,1,53,0" doraHai="75" doraHaiUra="109" who="0" fromWho="1" sc="240,69,250,-39,240,0,240,0" /><INIT seed="0,1,0,4,4,15" ten="309,211,240,240" oya="0" hai0="133,34,101,36,59,134,67,120,95,39,74,58,103" hai1="37,82,24,121,21,68,41,98,11,17,90,0,91" hai2="115,10,71,76,30,78,118,84,80,92,42,57,54" hai3="79,1,123,43,64,25,22,85,66,6,117,96,45"/><T69/><D74/><U110/><E68/><V62/><F115/><W38/><G117/><T106/><D106/><U126/><E121/><V65/><F118/><W35/><G35/><T102/><D34/><U114/><E126/><V14/><F30/><W12/><G1/><T113/><D113/><U53/><E114/><V31/><F31/><W5/><G96/><T93/><D69/><U2/><E110/><V83/><F42/><W55/><G55/><T127/><D127/><U119/><E119/><V70/><F92/><N who="0" m="35402" /><D67/><U27/><E41/><V18/><REACH who="2" step="1"/><F65/><REACH who="2" ten="309,211,230,240" step="2"/><W52/><G64/><T130/><D120/><U99/><E37/><N who="0" m="14409" /><D130/><U100/><E100/><V19/><F19/><W50/><G66/><T44/><D44/><U86/><E17/><V105/><F105/><W116/><G116/><T109/><D109/><U7/><E98/><V48/><F48/><W29/><G123/><T73/><D73/><AGARI ba="1,1" hai="10,14,18,54,57,62,70,71,73,76,78,80,83,84" machi="73" ten="30,7700,0" yaku="1,1,7,1,52,1,53,1" doraHai="15" doraHaiUra="8" who="2" fromWho="0" sc="309,-80,211,0,230,90,240,0" /><INIT seed="1,0,0,3,1,26" ten="229,211,320,240" oya="1" hai0="14,42,50,56,60,97,10,133,53,31,28,108,5" hai1="47,87,117,111,27,25,80,52,95,24,70,128,11" hai2="23,3,82,83,126,1,22,33,94,45,48,105,122" hai3="8,102,103,130,62,134,21,37,91,135,76,85,120"/><U110/><E70/><V57/><F105/><W124/><G37/><T104/><D108/><N who="1" m="41515" /><E117/><V0/><F33/><W121/><G8/><T18/><D133/><N who="3" m="50697" /><G62/><T61/><D104/><U30/><E128/><V41/><F122/><N who="3" m="47211" /><G21/><T46/><D97/><U79/><E95/><V36/><F126/><W67/><G67/><T101/><D101/><U74/><E74/><V44/><F57/><W113/><G113/><T131/><D131/><U129/><E129/><V99/><F23/><W118/><G130/><T7/><D61/><U88/><E79/><V116/><F116/><W132/><G132/><T107/><D107/><U13/><E47/><V123/><F123/><W93/><G118/><T100/><D100/><N who="3" m="38441" /><G76/><T51/><D60/><U71/><E71/><V84/><F44/><W127/><AGARI ba="0,0" hai="85,91,93,124,127" m="38441,47211,50697" machi="127" ten="40,5200,0" yaku="20,1,34,2" doraHai="26" who="3" fromWho="3" sc="229,-13,211,-26,320,-13,240,52" /><INIT seed="2,0,0,2,3,104" ten="216,185,307,292" oya="2" hai0="18,30,122,0,26,102,89,135,75,38,36,46,96" hai1="72,98,103,95,14,81,124,107,4,49,87,99,12" hai2="11,79,40,71,82,61,42,8,47,13,127,29,58" hai3="45,114,121,126,131,6,55,118,100,27,33,24,37"/><V125/><F71/><W88/><G121/><T65/><D122/><U105/><E12/><V111/><F29/><W39/><G100/><T76/><D0/><U74/><E14/><V5/><F11/><W7/><G45/><T10/><D65/><U63/><E49/><V110/><F58/><W32/><G55/><T112/><D112/><U130/><E63/><V54/><F54/><W92/><G92/><T15/><D135/><U68/><E68/><V66/><F61/><W48/><G48/><T106/><D89/><N who="1" m="55663" /><E4/><V19/><F19/><W70/><G70/><T117/><D117/><U52/><E52/><V108/><F66/><W80/><G37/><T77/><D38/><U97/><E124/><N who="2" m="47691" /><F47/><W34/><G34/><T85/><D85/><AGARI ba="0,0" hai="5,8,13,40,42,79,82,85,108,110,111" m="47691" machi="85" ten="40,7700,0" yaku="14,1,10,1,18,1" doraHai="104" who="2" fromWho="0" sc="216,-77,185,0,307,77,292,0" /><INIT seed="2,1,0,0,0,9" ten="139,185,384,292" oya="2" hai0="101,82,7,67,2,58,121,61,32,19,95,99,85" hai1="129,22,39,54,75,106,26,102,55,44,34,5,124" hai2="120,40,126,47,69,48,63,66,4,3,132,57,77" hai3="12,36,59,78,18,14,35,45,113,105,6,50,81"/><V8/><F120/><W29/><G105/><T87/><D121/><U128/><E75/><V21/><F132/><W79/><G36/><T122/><D122/><U103/><E34/><V125/><F77/><W68/><G68/><T97/><D32/><U91/><E124/><V100/><F100/><W42/><G113/><T73/><D2/><U98/><E5/><V65/><F21/><W30/><G35/><T49/><D7/><U76/><E76/><N who="3" m="29226" /><G59/><T23/><D73/><U25/><E25/><V118/><F118/><W31/><G81/><T134/><D134/><U119/><E103/><V111/><F111/><W114/><G114/><T11/><D11/><U93/><E119/><V43/><F43/><W94/><G94/><T27/><D82/><U80/><E80/><V71/><F57/><W0/><G0/><T56/><REACH who="0" step="1"/><D99/><REACH who="0" ten="129,185,384,292" step="2"/><U86/><E129/><V135/><F135/><W72/><G72/><T130/><D130/><U53/><E128/><V52/><F126/><W116/><G116/><T74/><D74/><U88/><E86/><V131/><F125/><W70/><G6/><T1/><D1/><U37/><E44/><V115/><F131/><W110/><G110/><T109/><D109/><U13/><E98/><V10/><F10/><N who="3" m="6423" /><G70/><N who="2" m="26633" /><F115/><W24/><G24/><T123/><D123/><U51/><E26/><V15/><F3/><W62/><G14/><T16/><D16/><U92/><E13/><V84/><F84/><W28/><G28/><T17/><D17/><U83/><E83/><V133/><F133/><W89/><G29/><T46/><D46/><U96/><E96/><RYUUKYOKU ba="1,1" sc="129,15,185,-15,384,15,292,-15" hai0="19,23,27,49,56,58,61,67,85,87,95,97,101" hai2="4,8,15,40,47,48,52,63,65,66" /><INIT seed="2,2,1,2,1,51" ten="144,170,399,277" oya="2" hai0="120,123,63,36,26,83,99,49,79,65,131,118,113" hai1="85,12,20,135,128,17,11,34,134,44,119,108,114" hai2="32,2,130,35,93,56,75,60,80,25,97,115,43" hai3="103,132,1,57,19,110,46,100,37,104,15,87,38"/><V67/><F115/><W5/><G1/><T92/><D36/><U88/><E34/><V28/><F2/><W84/><G5/><T77/><D113/><U94/><E114/><V86/><F75/><W3/><G3/><T59/><D131/><U53/><E119/><V21/><F43/><W81/><G104/><T111/><D111/><U61/><E108/><V89/><REACH who="2" step="1"/><F130/><REACH who="2" ten="144,170,389,277" step="2"/><W39/><G110/><T125/><D118/><U117/><E128/><V52/><F52/><W126/><G38/><T18/><D123/><U7/><E117/><V55/><F55/><W4/><G39/><T27/><D120/><U107/><E107/><V109/><F109/><W69/><G37/><T102/><D125/><U124/><E124/><V105/><F105/><W98/><G126/><T58/><D65/><U41/><E41/><V23/><F23/><W78/><G132/><T66/><D66/><U64/><E64/><V82/><F82/><W42/><G81/><T47/><D83/><U31/><E135/><V33/><F33/><W24/><G42/><T106/><D106/><U16/><E134/><V74/><F74/><W129/><G129/><T62/><D92/><U22/><E22/><V14/><F14/><W71/><G15/><T90/><D27/><N who="1" m="16871" /><E61/><V10/><F10/><W127/><G24/><T72/><D26/><U6/><E6/><V91/><AGARI ba="2,2" hai="21,25,28,32,35,56,60,67,80,86,89,91,93,97" machi="91" ten="20,3900,0" yaku="1,1,0,1,7,1,53,0" doraHai="51" doraHaiUra="68" who="2" fromWho="2" sc="144,-15,170,-15,389,65,277,-15" /><INIT seed="2,3,0,3,3,8" ten="129,155,454,262" oya="2" hai0="66,100,60,89,86,132,58,32,128,80,78,65,36" hai1="42,82,98,118,69,55,17,1,105,49,122,56,121" hai2="107,71,70,40,116,74,4,77,11,37,104,68,26" hai3="12,72,63,79,133,9,31,10,61,29,57,109,21"/><V91/><F91/><W95/><G109/><T45/><D132/><U96/><E69/><V119/><F26/><N who="3" m="16591" /><G72/><T106/><D32/><U93/><E1/><N who="2" m="399" /><F119/><W50/><G79/><T44/><D128/><U113/><E113/><V2/><F2/><W131/><G133/><T46/><D36/><U102/><E118/><V64/><F64/><W25/><G95/><T99/><D66/><U43/><E82/><N who="2" m="45367" /><F116/><W103/><G103/><T41/><REACH who="0" step="1"/><D78/><REACH who="0" ten="119,155,454,262" step="2"/><U126/><E126/><V0/><F0/><W48/><G131/><T75/><D75/><U124/><E124/><V112/><F112/><W35/><G35/><T108/><D108/><U115/><E115/><V23/><F23/><W33/><G33/><T3/><D3/><U7/><E122/><V16/><F37/><W120/><G120/><T19/><D19/><U39/><E121/><V129/><F16/><W123/><G123/><T51/><AGARI ba="3,1" hai="41,44,45,46,51,58,60,65,80,86,89,99,100,106" machi="51" ten="20,5200,0" yaku="1,1,0,1,7,1,53,1" doraHai="8" doraHaiUra="38" who="0" fromWho="0" sc="119,71,155,-16,454,-29,262,-16" /><INIT seed="3,0,0,5,1,26" ten="190,139,425,246" oya="3" hai0="124,106,20,22,65,128,98,2,73,27,32,9,25" hai1="52,105,130,97,103,79,99,127,115,6,75,135,29" hai2="66,63,122,60,59,36,95,110,123,121,119,69,94" hai3="108,45,74,23,19,134,88,5,57,49,133,104,96"/><W67/><G74/><T91/><D73/><U62/><E115/><V126/><F119/><W61/><G5/><T15/><D128/><U51/><E130/><V10/><F110/><W31/><G108/><T54/><D124/><U82/><E127/><V47/><F10/><W30/><G104/><T42/><D2/><U100/><E135/><N who="3" m="51722" /><G96/><T13/><D32/><U21/><E62/><V84/><F84/><W78/><G78/><T33/><D33/><U129/><E6/><V70/><F126/><W18/><G88/><T0/><D0/><U101/><E129/><V112/><F112/><W39/><G39/><T43/><D106/><U34/><E34/><V71/><F63/><W53/><G18/><T12/><D98/><U58/><REACH who="1" step="1"/><E97/><REACH who="1" ten="190,129,425,246" step="2"/><V3/><F60/><W93/><G93/><T131/><D131/><U41/><E41/><N who="2" m="22951" /><F95/><W11/><G11/><T28/><D43/><U132/><E132/><V125/><F94/><W85/><G85/><T107/><D42/><U117/><E117/><V113/><F125/><W8/><G8/><T89/><D107/><U38/><E38/><V44/><F113/><W80/><G80/><T4/><D9/><U81/><E81/><V109/><F109/><W111/><G111/><T118/><D118/><U16/><E16/><V7/><F7/><W55/><G55/><T120/><D54/><U76/><E76/><V87/><F87/><W40/><G40/><T86/><D4/><U17/><E17/><V92/><F121/><W83/><G83/><T68/><D120/><U77/><E77/><V35/><F123/><W37/><G37/><RYUUKYOKU ba="0,1" sc="190,-15,129,15,425,-15,246,15" hai1="21,29,51,52,58,75,79,82,99,100,101,103,105" hai3="19,23,30,31,45,49,53,57,61,67" /><INIT seed="3,1,1,4,2,6" ten="175,144,410,261" oya="3" hai0="34,79,62,99,47,19,41,122,133,130,124,64,30" hai1="113,69,16,84,11,17,32,132,123,43,93,22,118" hai2="89,2,94,15,75,116,90,70,102,88,9,91,86" hai3="23,134,1,63,108,50,74,103,92,119,45,42,82"/><W76/><G119/><T52/><D122/><U120/><E69/><V46/><F70/><W121/><G121/><T20/><D130/><U29/><E32/><V68/><F68/><W65/><G134/><T40/><D133/><U107/><E107/><V53/><F75/><W98/><G108/><T80/><D124/><U58/><E29/><V48/><F2/><W33/><G33/><T18/><D34/><U13/><E132/><V37/><F37/><W38/><G1/><T14/><D30/><U71/><E71/><V126/><F126/><W72/><G23/><T117/><D117/><U0/><E113/><V49/><F116/><W10/><G74/><T27/><D99/><U26/><E0/><V100/><F48/><W77/><G77/><T85/><D64/><U8/><E118/><V7/><AGARI ba="1,1" hai="7,9,15,46,49,53,86,88,89,90,91,94,100,102" machi="7" ten="30,7900,0" yaku="0,1,8,1,52,1,54,1" doraHai="6" who="2" fromWho="2" sc="175,-21,144,-21,410,92,261,-40" /><INIT seed="4,0,0,1,5,48" ten="154,123,502,221" oya="0" hai0="44,35,17,36,135,133,7,102,78,130,89,24,11" hai1="63,56,97,5,132,33,96,55,19,110,6,114,40" hai2="39,84,104,90,68,91,32,61,46,123,76,8,74" hai3="47,119,126,23,93,95,9,121,18,101,80,72,15"/><T98/><D130/><U20/><E33/><V124/><F32/><W65/><G119/><T112/><D112/><U51/><E110/><V125/><F104/><W92/><G126/><N who="2" m="48745" /><F74/><W34/><G34/><T54/><D78/><U58/><E132/><N who="0" m="50761" /><D89/><U129/><E129/><V12/><F76/><W83/><G72/><T31/><D17/><U22/><E22/><V88/><F123/><W10/><G101/><T134/><N who="0" m="50769" /><T117/><DORA hai="0" /><D117/><U85/><E85/><V103/><F103/><W116/><G121/><T13/><D36/><U94/><E114/><V50/><F39/><W14/><G116/><T69/><D69/><U127/><E127/><V4/><F61/><W66/><G23/><T29/><D29/><U70/><E70/><V64/><F64/><W106/><G106/><N who="0" m="63831" /><D44/><N who="1" m="25991" /><E58/><V25/><F68/><W115/><G115/><T27/><D27/><N who="1" m="14751" /><E96/><V122/><F25/><W109/><G47/><T81/><D81/><N who="3" m="31305" /><G109/><T113/><D113/><U60/><E60/><V107/><F122/><W77/><G77/><T59/><D59/><U87/><E87/><V73/><F107/><W86/><G86/><T99/><D99/><U100/><AGARI ba="0,0" hai="5,6,55,56,63,94,97,100" m="14751,25991" machi="100" ten="30,7900,0" yaku="8,1,52,3" doraHai="48,0" who="1" fromWho="1" sc="154,-39,123,79,502,-20,221,-20" /><INIT seed="5,0,0,0,0,58" ten="115,202,482,201" oya="1" hai0="110,9,22,8,27,107,134,111,132,44,20,74,14" hai1="40,82,1,31,105,37,0,94,75,90,70,53,130" hai2="6,55,92,116,97,25,28,95,81,64,89,115,126" hai3="57,93,30,120,45,63,91,80,10,33,34,127,113"/><U98/><E40/><V43/><F116/><W128/><G120/><T79/><D107/><U100/><E37/><V118/><F118/><W46/><G113/><T87/><D74/><U76/><E130/><V29/><F6/><W13/><G127/><T131/><D44/><U3/><E70/><V84/><F126/><W5/><G128/><T50/><D50/><U99/><E31/><V36/><F36/><W16/><G80/><T47/><D47/><U123/><REACH who="1" step="1"/><E53/><REACH who="1" ten="115,192,482,201" step="2"/><V108/><F43/><W66/><G30/><T125/><D131/><U4/><E4/><V73/><F29/><W112/><G112/><T17/><D125/><U18/><E18/><V48/><F115/><W51/><G5/><T52/><D52/><U67/><E67/><V114/><F64/><W68/><G68/><T86/><D17/><U61/><E61/><V85/><F114/><W83/><G63/><T119/><D119/><U39/><E39/><V54/><F55/><W11/><G66/><T19/><D19/><U122/><AGARI ba="0,1" hai="0,1,3,75,76,82,90,94,98,99,100,105,122,123" machi="122" ten="40,7800,0" yaku="1,1,0,1,53,1" doraHai="58" doraHaiUra="88" who="1" fromWho="1" sc="115,-26,192,88,482,-26,201,-26" /><INIT seed="5,1,0,4,5,109" ten="89,280,456,175" oya="1" hai0="104,114,107,90,39,125,2,73,10,115,76,62,113" hai1="96,24,83,31,120,20,91,17,4,26,71,108,41" hai2="131,25,57,29,11,101,1,32,60,88,69,61,92" hai3="116,28,15,68,23,123,135,79,102,106,56,95,119"/><U105/><E120/><V129/><F101/><W38/><G68/><T75/><D125/><U97/><E71/><V132/><F69/><W99/><G123/><T12/><D2/><U78/><E108/><V44/><F44/><W100/><G38/><T35/><D35/><U94/><E4/><N who="2" m="1423" /><F57/><W53/><G79/><T8/><D39/><U6/><E6/><V50/><F50/><W37/><G37/><T93/><D62/><U22/><E41/><V134/><F61/><W66/><G66/><T18/><D8/><U59/><E59/><V85/><F60/><W64/><G64/><T0/><D0/><U36/><E36/><V46/><F46/><W82/><G82/><N who="0" m="45327" /><D75/><U49/><E49/><V133/><AGARI ba="1,0" hai="25,29,32,85,88,92,129,131,132,133,134" m="1423" machi="133" ten="40,2700,0" yaku="20,1,54,1" doraHai="109" who="2" fromWho="2" sc="89,-8,280,-14,456,30,175,-8" /><INIT seed="6,0,0,2,2,85" ten="81,266,486,167" oya="2" hai0="51,13,103,7,8,72,69,9,23,80,133,58,22" hai1="5,119,57,12,112,76,127,31,26,30,42,2,131" hai2="53,59,106,46,36,15,77,17,134,14,28,18,97" hai3="68,43,47,88,55,82,75,54,27,91,6,39,102"/><V110/><F28/><W50/><G68/><T86/><D69/><U35/><E42/><V100/><F77/><W123/><G123/><T79/><D133/><U32/><E57/><V78/><F78/><W83/><G75/><T10/><D103/><U25/><E76/><V61/><F134/><W96/><G6/><T38/><D38/><U87/><E87/><V125/><F125/><W0/><G0/><T108/><D108/><U117/><E127/><V129/><F129/><W70/><G70/><T115/><D115/><U93/><E93/><V1/><F1/><W98/><G27/><T3/><D72/><U45/><E45/><V73/><F73/><W74/><G74/><T105/><D105/><U48/><E48/><V49/><F36/><W135/><G135/><T130/><D130/><U66/><E66/><V113/><F113/><W128/><G128/><T65/><D10/><N who="1" m="2359" /><E112/><V19/><REACH who="2" step="1"/><F110/><REACH who="2" ten="81,266,476,167" step="2"/><W40/><G39/><T104/><D104/><U62/><E131/><V84/><F84/><W16/><G96/><T111/><D111/><U34/><E119/><V118/><F118/><W44/><G98/><T20/><D3/><U56/><E117/><V29/><F29/><W90/><G82/><T126/><D126/><U64/><E31/><V71/><F71/><W107/><G83/><T120/><D79/><U109/><E30/><V21/><F21/><W94/><G40/><AGARI ba="0,1" hai="14,15,17,18,19,40,46,49,53,59,61,97,100,106" machi="40" ten="40,2000,0" yaku="1,1,53,0" doraHai="85" doraHaiUra="122" who="2" fromWho="3" sc="81,0,266,0,476,30,167,-20" /><INIT seed="6,1,0,1,2,2" ten="81,266,506,147" oya="2" hai0="54,128,82,70,63,113,64,74,11,97,41,75,26" hai1="87,104,17,127,62,60,21,36,16,71,84,66,94" hai2="44,78,112,80,38,117,90,79,45,25,46,114,50" hai3="49,47,59,110,122,51,72,65,134,98,22,14,43"/><V121/><F121/><W15/><G110/><T28/><D113/><N who="2" m="43626" /><F117/><W31/><G72/><T53/><D128/><U116/><E104/><V85/><F25/><N who="3" m="16823" /><G122/><T52/><D41/><U111/><E36/><V30/><F30/><W130/><G134/><T6/><D97/><U8/><E116/><V42/><F45/><N who="3" m="25791" /><G98/><T89/><D89/><U7/><E127/><V120/><F120/><W23/><G23/><T39/><D39/><U76/><E76/><V93/><F80/><W68/><G68/><T95/><D95/><U88/><E87/><V57/><F57/><W135/><G135/><T0/><REACH who="0" step="1"/><D82/><REACH who="0" ten="71,266,506,147" step="2"/><U32/><E88/><V96/><F96/><W81/><G81/><T5/><D5/><U37/><E7/><V107/><F107/><W18/><G130/><T73/><D73/><U77/><E94/><V58/><F58/><W29/><G59/><T100/><D100/><U33/><E71/><V131/><F131/><W129/><G129/><T24/><D24/><U108/><E37/><V19/><F19/><W99/><G99/><T83/><D83/><U20/><E16/><V86/><F86/><W12/><G18/><T35/><AGARI ba="1,1" hai="0,6,11,26,28,35,52,53,54,63,64,70,74,75" machi="35" ten="30,7900,0" yaku="1,1,0,1,52,1,54,1,53,0" doraHai="2" doraHaiUra="10" who="0" fromWho="0" sc="71,92,266,-21,506,-40,147,-21" /><INIT seed="7,0,0,2,5,81" ten="163,245,466,126" oya="3" hai0="132,37,63,131,76,34,47,109,119,88,41,134,53" hai1="102,104,77,68,135,85,13,51,0,67,39,117,60" hai2="101,95,78,89,48,11,46,43,4,52,87,75,24" hai3="15,70,21,1,124,80,19,90,98,83,115,31,123"/><W12/><G123/><T18/><D119/><U69/><E102/><V61/><F24/><W23/><G1/><T127/><D109/><U93/><E104/><V111/><F111/><W40/><G70/><T45/><D34/><U66/><E0/><V82/><F101/><W130/><G130/><T125/><D131/><U33/><E39/><V55/><F61/><W42/><G124/><N who="0" m="47691" /><D76/><U92/><E33/><V58/><F58/><W17/><G31/><T6/><D6/><U72/><E72/><V36/><F36/><W118/><G115/><T97/><D18/><U120/><E51/><V50/><F50/><W91/><REACH who="3" step="1"/><G98/><REACH who="3" ten="163,245,466,116" step="2"/><T16/><D134/><U116/><E69/><V5/><F5/><W126/><G126/><T56/><D132/><U14/><E135/><V54/><F43/><W71/><G71/><T20/><D41/><U2/><E68/><V108/><F108/><W65/><G65/><T59/><D37/><U35/><E2/><AGARI ba="0,1" hai="2,4,11,46,48,52,54,55,75,78,82,87,89,95" machi="2" ten="30,3900,0" yaku="7,1,52,1,54,1" doraHai="81" who="2" fromWho="1" sc="163,0,245,-39,466,49,116,0" owari="163,-24.0,206,1.0,515,61.0,116,-38.0" /></mjloggm>