<mjloggm ver="2.3"><GO type="97" lobby="0"/><UN n0="%E3%82%84%E3%82%88%E3%81%84%E3%81%A3%E3%81%8F%E3%81%BE" n1="%E8%B5%A4%E8%A3%8F%E3%83%9B%E3%82%B7%E3%83%BC%E3%83%8E" n2="%E3%82%A6%E3%83%AB%E3%83%88%E3%83%A9%E7%AB%8B%E7%9B%B4" n3="%E3%83%81%E3%83%BC%E3%83%A0%4B%E2%85%A1%E6%8E%A8%E3%81%97" dan="15,14,13,13" rate="1972.74,1908.09,1849.30,1803.82" sx="M,M,M,F"/><TAIKYOKU oya="0"/><INIT seed="0,0,0,0,5,133" ten="250,250,250,250" oya="0" hai0="6,82,96,40,118,128,130,111,87,13,81,101,5" hai1="95,119,3,123,32,49,124,88,20,65,92,55,1" hai2="39,45,117,58,63,52,56,24,72,114,26,127,79" hai3="70,104,9,62,105,35,99,44,97,98,8,94,106"/><T107/><D118/><U71/><E119/><V115/><F79/><W60/><G44/><T112/><D112/><N who="2" m="43050" /><F72/><W67/><G35/><T41/><D82/><U80/><E32/><V122/><F26/><W120/><G120/><T125/><D111/><U109/><E123/><V12/><F12/><W89/><G89/><T64/><D64/><U19/><E109/><V16/><F16/><W83/><G83/><T4/><D13/><U84/><E3/><V135/><F24/><W53/><G94/><T102/><D102/><U116/><E1/><V0/><F0/><W68/><G53/><T75/><D75/><U90/><E116/><V28/><F28/><W86/><G86/><T11/><D11/><N who="3" m="4169" /><G67/><T17/><D17/><U77/><E77/><V59/><F122/><W18/><G18/><T30/><D30/><U57/><E90/><V27/><F27/><W134/><G134/><T126/><D41/><U131/><E19/><V33/><F33/><W46/><G46/><T10/><D40/><U129/><E20/><V74/><F74/><W78/><G78/><N who="0" m="46519" /><D10/><U23/><E23/><V110/><F135/><W132/><G132/><T2/><D2/><U121/><E121/><V50/><F110/><W85/><G85/><T100/><D100/><U108/><E108/><V47/><F117/><W22/><G22/><T54/><D54/><U91/><E80/><V69/><F69/><AGARI ba="0,0" hai="60,62,68,69,70,97,98,99,104,105,106" m="4169" machi="69" ten="40,2600,0" yaku="28,2" doraHai="133" who="3" fromWho="2" sc="250,0,250,0,250,-26,250,26" /><INIT seed="1,0,0,1,3,55" ten="250,250,224,276" oya="1" hai0="62,1,24,101,124,16,38,18,99,17,117,105,96" hai1="48,110,45,95,86,135,39,14,100,20,4,125,33" hai2="79,23,69,54,114,122,46,44,102,37,133,123,12" hai3="67,132,76,94,107,78,32,115,60,80,51,73,7"/><U74/><E74/><V85/><F102/><W41/><G107/><T120/><D117/><U75/><E75/><V83/><F69/><W103/><G32/><T111/><D38/><U128/><E33/><V131/><F131/><W22/><G78/><T108/><D1/><U3/><E39/><V93/><F114/><W116/><G115/><T31/><D124/><U10/><E128/><V19/><F133/><W65/><G132/><T134/><D134/><U72/><E72/><V127/><F127/><W11/><G22/><T89/><D62/><U43/><E135/><V113/><F93/><W21/><G21/><T130/><D130/><U84/><E125/><V91/><F113/><W34/><G34/><N who="0" m="20839" /><D120/><U57/><E110/><N who="0" m="42025" /><D96/><U8/><E20/><V61/><F122/><W126/><G126/><T129/><D129/><U119/><E119/><V53/><F123/><W90/><G103/><T87/><D87/><U28/><E28/><V77/><F37/><W40/><G116/><T63/><D63/><U70/><E70/><V29/><F29/><W59/><G51/><T66/><D66/><U27/><E27/><V112/><F112/><W82/><G67/><T68/><D89/><U2/><E2/><V64/><F64/><W97/><REACH who="3" step="1"/><G82/><REACH who="3" ten="250,250,224,266" step="2"/><T26/><D68/><U49/><E100/><V42/><F79/><W52/><G52/><T30/><D30/><U118/><E118/><V88/><F54/><W47/><G47/><N who="2" m="17961" /><F42/><W25/><G25/><AGARI ba="0,1" hai="16,17,18,25,26,99,101,105" m="42025,20839" machi="25" ten="30,2000,0" yaku="14,1,54,1" doraHai="55" who="0" fromWho="3" sc="250,30,250,0,224,0,266,-20" /><INIT seed="2,0,0,5,3,71" ten="280,250,224,246" oya="2" hai0="14,67,122,109,123,20,44,131,58,68,75,27,32" hai1="42,62,24,61,111,57,72,79,54,69,5,84,134" hai2="119,37,99,13,116,17,63,49,97,47,103,35,104" hai3="34,108,88,38,132,129,23,115,52,76,21,18,0"/><V102/><F35/><W113/><G34/><T133/><D75/><U16/><E72/><V80/><F80/><W85/><G0/><T25/><D68/><U125/><E5/><V10/><F63/><W120/><G120/><T1/><D1/><U70/><E42/><V22/><F22/><W82/><G108/><T77/><D77/><U28/><E111/><V126/><F126/><W73/><G132/><T45/><D109/><U50/><E134/><V66/><F66/><W8/><G129/><T96/><D96/><U4/><E4/><V78/><F78/><W39/><G8/><T29/><D14/><U130/><E130/><V74/><F74/><W114/><G52/><T56/><D67/><U40/><E28/><V55/><REACH who="2" step="1"/><F37/><REACH who="2" ten="280,250,214,246" step="2"/><N who="3" m="13835" /><G18/><T46/><D133/><U59/><E125/><V90/><F90/><W83/><AGARI ba="0,1" hai="21,23,73,76,82,83,85,88,113,114,115" m="13835" machi="83" ten="40,8000,1" yaku="11,1,52,3,54,1" doraHai="71" who="3" fromWho="3" sc="280,-20,250,-20,214,-40,246,90" /><INIT seed="3,0,0,5,1,34" ten="260,230,174,336" oya="3" hai0="87,59,66,82,1,45,80,85,105,32,69,106,33" hai1="102,103,51,120,112,0,62,36,61,37,16,7,49" hai2="52,79,96,84,77,75,114,67,135,27,88,86,40" hai3="41,65,121,70,19,17,9,23,133,101,90,50,94"/><W6/><G101/><T134/><D69/><U48/><E112/><V127/><F114/><W68/><G121/><T89/><D1/><U91/><E120/><V57/><F127/><W73/><G73/><T115/><D115/><U95/><E0/><V35/><F135/><W124/><G124/><T74/><D74/><U98/><E7/><V109/><F109/><W64/><G133/><T63/><D134/><U118/><E118/><V47/><F67/><W26/><G19/><T24/><D45/><U117/><E117/><V10/><F75/><W53/><G41/><T108/><D108/><U122/><E122/><V123/><F123/><W44/><G70/><T15/><D15/><U71/><E71/><V28/><F96/><N who="3" m="57431" /><G68/><T42/><D42/><U104/><E37/><V97/><F97/><W3/><G3/><T25/><D33/><U31/><E31/><V60/><F10/><W93/><G93/><T56/><D32/><U54/><E36/><V76/><F76/><W128/><G128/><T110/><D110/><U125/><E125/><V22/><F35/><W116/><G116/><T78/><D59/><U43/><E43/><V5/><F5/><W55/><G55/><T21/><D24/><U81/><E54/><V2/><F2/><W20/><G20/><T130/><D130/><U8/><E104/><V132/><F132/><W4/><G9/><T58/><D106/><U46/><E46/><V100/><F100/><N who="1" m="38441" /><E81/><N who="2" m="49231" /><F84/><W111/><G111/><T38/><D105/><U92/><E92/><V113/><F113/><W83/><G44/><T126/><D126/><U13/><AGARI ba="0,0" hai="8,13,16,48,49,51,61,62,91,95,98" m="38441" machi="13" ten="30,4000,0" yaku="5,1,8,1,54,1" doraHai="34" who="1" fromWho="1" sc="260,-10,230,40,174,-10,336,-20" owari="250,-15.0,270,7.0,164,-34.0,316,42.0" /></mjloggm>