<mjloggm ver="2.3"><GO type="97" lobby="0"/><UN n0="%E6%97%85%E3%81%AB%E5%87%BA%E3%81%9F%E3%83%AA%E3%83%BC%E6%A3%92" n1="%74%61%6B%61%74%61%68%61" n2="%E3%82%A6%E3%83%AB%E3%83%88%E3%83%A9%E7%AB%8B%E7%9B%B4" n3="%E7%B5%82%E9%9B%BB" dan="15,15,13,14" rate="1976.66,1948.23,1848.90,1995.88" sx="M,M,M,F"/><TAIKYOKU oya="0"/><INIT seed="0,0,0,1,4,59" ten="250,250,250,250" oya="0" hai0="70,90,52,132,25,43,39,34,1,111,60,115,47" hai1="0,93,56,102,113,36,77,84,94,131,67,10,51" hai2="101,95,33,110,16,130,57,128,104,50,107,68,27" hai3="117,74,97,122,12,44,6,15,135,22,116,112,58"/><T8/><D115/><U71/><E131/><N who="2" m="50219" /><F68/><W63/><G112/><T134/><D111/><U98/><E36/><V118/><F118/><W37/><G74/><T9/><D90/><U81/><E71/><V79/><F79/><W99/><G135/><N who="0" m="51755" /><D1/><U87/><E113/><V13/><F110/><W126/><G126/><T3/><D3/><U32/><E32/><V24/><F95/><W129/><G129/><T41/><D41/><U2/><E10/><N who="2" m="6199" /><F101/><W62/><G122/><T30/><D70/><U119/><E119/><V4/><F4/><W17/><G116/><T18/><D18/><U121/><E121/><V127/><F127/><W124/><G124/><T69/><D69/><U89/><REACH who="1" step="1"/><E51/><REACH who="1" ten="250,240,250,250" step="2"/><V125/><F125/><W96/><G117/><T66/><D66/><U54/><E54/><N who="2" m="31959" /><F33/><W65/><G37/><T86/><D86/><U53/><E53/><V11/><F11/><W105/><G105/><AGARI ba="0,1" hai="24,27,104,105,107" m="31959,6199,50219" machi="105" ten="30,2000,0" yaku="19,1,54,1" doraHai="59" who="2" fromWho="3" sc="250,0,240,0,250,30,250,-20" /><INIT seed="1,0,0,5,3,79" ten="250,240,280,230" oya="1" hai0="88,16,107,23,68,87,55,13,111,71,99,44,76" hai1="120,18,124,63,108,89,30,132,134,86,29,62,85" hai2="7,98,75,60,130,27,80,72,95,127,19,38,125" hai3="35,123,5,57,12,59,67,131,10,58,37,81,91"/><U4/><E120/><V115/><F38/><W122/><G37/><T34/><D76/><U92/><E124/><N who="2" m="47691" /><F130/><W32/><G131/><T117/><D117/><U121/><E121/><V42/><F42/><W118/><G118/><T25/><D111/><U104/><E104/><V2/><F7/><W112/><G112/><T103/><D34/><U28/><E108/><V41/><F41/><W52/><G122/><T31/><D44/><U135/><E4/><V100/><F2/><W56/><G123/><T26/><D55/><U69/><E69/><V109/><F109/><W39/><G39/><T84/><D84/><U22/><REACH who="1" step="1"/><E86/><REACH who="1" ten="250,230,280,230" step="2"/><V6/><F6/><W21/><G67/><T9/><REACH who="0" step="1"/><D26/><AGARI ba="0,1" hai="18,22,26,28,29,30,62,63,85,89,92,132,134,135" machi="26" ten="50,9600,0" yaku="1,1,2,1,20,1,53,0" doraHai="79" doraHaiUra="73" who="1" fromWho="0" sc="250,-96,230,106,280,0,230,0" /><INIT seed="1,1,0,2,1,61" ten="154,336,280,230" oya="1" hai0="75,1,52,17,106,6,23,43,100,58,122,78,66" hai1="86,22,2,49,87,127,116,113,29,118,74,81,15" hai2="105,8,64,26,129,109,62,125,10,99,96,38,77" hai3="50,48,83,119,73,71,80,11,132,54,57,55,91"/><U68/><E113/><V7/><F38/><W67/><G132/><T94/><D106/><U102/><E2/><V88/><F125/><W107/><G107/><T104/><D104/><U32/><E127/><V39/><F39/><W34/><G34/><T128/><D43/><U59/><E68/><V14/><F129/><W114/><G114/><T47/><D47/><U12/><E102/><V31/><F109/><W120/><G120/><T20/><D128/><U110/><E110/><V112/><F112/><W53/><G73/><T33/><D33/><U103/><E103/><V134/><F134/><W27/><G27/><T16/><D6/><U123/><E123/><V121/><F121/><W3/><G119/><T117/><D1/><U98/><E98/><V60/><F60/><N who="3" m="38287" /><G71/><T79/><D117/><U28/><E32/><V101/><F77/><N who="0" m="29194" /><D66/><U37/><E74/><V4/><F88/><W30/><G30/><T36/><D36/><U108/><E37/><V126/><F126/><W44/><G3/><T65/><D65/><U97/><E108/><V56/><F101/><W111/><G111/><T131/><D75/><U93/><E118/><V69/><F105/><W115/><G115/><T13/><D122/><U70/><E70/><V124/><F69/><W21/><G91/><T35/><D35/><U95/><E116/><V82/><F124/><W89/><G89/><T84/><D131/><U130/><E130/><V51/><F64/><W92/><G92/><T18/><D13/><U9/><E15/><V41/><F14/><W45/><G44/><T63/><D100/><U76/><E12/><RYUUKYOKU ba="1,0" sc="154,30,336,-10,280,-10,230,-10" hai0="16,17,18,20,23,52,58,63,84,94" /><INIT seed="2,2,0,4,3,69" ten="184,326,270,220" oya="2" hai0="103,107,129,87,15,22,134,54,2,45,79,75,89" hai1="51,53,98,116,110,105,57,16,102,36,31,135,20" hai2="77,71,6,0,117,1,108,12,13,38,92,106,128" hai3="97,84,78,111,86,48,26,123,42,67,131,66,74"/><V68/><F92/><W18/><G123/><T122/><D2/><U44/><E116/><V24/><F24/><W27/><G111/><T112/><D122/><U99/><E110/><V94/><F94/><W88/><G131/><T60/><D112/><U10/><E135/><V64/><F64/><W118/><G74/><T82/><D134/><U65/><E99/><V90/><F90/><W9/><G118/><T52/><D129/><U19/><E10/><V133/><F133/><W46/><G97/><T7/><D107/><U47/><E31/><V130/><F117/><W28/><G28/><T95/><D103/><U58/><E19/><V80/><F108/><W34/><G34/><T37/><D60/><U126/><E36/><V11/><F106/><W33/><G33/><T41/><REACH who="0" step="1"/><D22/><REACH who="0" ten="174,326,270,220" step="2"/><U4/><E126/><V127/><F0/><W91/><G27/><T114/><D114/><U83/><E105/><V120/><F127/><W55/><G26/><T132/><D132/><U23/><E23/><V113/><F113/><W121/><G121/><T43/><D43/><U5/><E102/><V96/><F128/><W63/><G63/><T17/><D17/><U101/><E16/><V70/><F130/><W29/><G29/><T115/><D115/><U85/><E20/><V56/><F1/><W21/><G42/><T93/><D93/><U8/><E101/><V61/><F120/><W49/><G21/><T124/><D124/><U73/><E5/><V30/><F6/><W119/><G18/><T3/><D3/><U25/><E4/><V40/><F40/><W32/><G119/><RYUUKYOKU ba="2,1" sc="174,30,326,-10,270,-10,220,-10" hai0="7,15,37,41,45,52,54,75,79,82,87,89,95" /><INIT seed="3,3,1,0,3,24" ten="204,316,260,210" oya="3" hai0="93,9,134,72,63,39,107,55,124,50,99,30,34" hai1="8,113,90,108,135,76,32,89,67,133,121,82,126" hai2="130,71,100,97,14,11,88,128,2,49,79,53,106" hai3="131,47,78,102,33,1,23,77,45,92,101,116,42"/><W94/><G33/><T105/><D39/><U0/><E113/><V129/><F71/><W70/><G116/><T5/><D72/><U29/><E121/><V65/><F65/><W69/><G1/><T35/><D63/><U56/><E126/><V118/><F118/><W13/><G131/><T43/><D43/><U114/><E108/><V20/><F79/><N who="3" m="30219" /><G69/><T31/><D124/><U40/><E40/><V119/><F119/><W25/><G13/><T95/><D134/><N who="1" m="51211" /><E114/><V104/><F20/><W17/><G70/><T12/><D31/><U80/><E56/><N who="2" m="32815" /><F2/><W87/><G42/><T75/><D75/><N who="1" m="43039" /><E82/><V61/><F61/><W127/><G127/><T18/><D5/><N who="1" m="1063" /><E67/><V6/><F88/><N who="3" m="53279" /><G94/><AGARI ba="3,1" hai="6,11,14,94,97,100,104,106,128,129,130" m="32815" machi="94" ten="30,1000,0" yaku="19,1" doraHai="24" who="2" fromWho="3" sc="204,0,316,0,260,29,210,-19" owari="204,-20.0,316,42.0,289,9.0,191,-31.0" /></mjloggm>