<mjloggm ver="2.3"><GO type="169" lobby="0"/><UN n0="%73%61%63%68%69%6F" n1="%E3%82%A6%E3%83%AB%E3%83%88%E3%83%A9%E7%AB%8B%E7%9B%B4" n2="%79%61%6D%69" n3="%E3%83%A1%E3%82%AC%E3%83%8D%E3%81%8F%E3%82%93" dan="16,17,17,17" rate="2134.43,2127.50,2176.16,2110.66" sx="M,M,M,M"/><TAIKYOKU oya="0"/><INIT seed="0,0,0,0,4,71" ten="250,250,250,250" oya="0" hai0="23,76,19,131,55,3,74,15,85,99,0,98,54" hai1="89,51,73,20,8,66,53,109,128,7,24,93,96" hai2="22,32,64,97,25,56,57,87,110,62,122,38,106" hai3="102,31,10,101,80,43,42,92,70,36,21,44,39"/><T4/><D74/><U37/><E73/><V35/><F122/><W112/><G112/><T16/><D131/><U79/><E79/><V1/><F1/><W116/><G116/><T118/><D118/><U13/><E109/><V123/><F123/><W86/><G70/><T41/><D0/><U59/><E128/><V127/><F127/><W60/><G60/><T34/><D34/><U130/><E130/><V126/><F126/><W135/><G135/><T2/><D2/><U104/><E104/><V124/><F124/><W120/><G10/><T69/><D69/><U11/><E11/><V68/><F87/><W45/><G92/><T14/><D41/><U78/><E78/><V114/><F114/><W134/><G134/><T9/><D4/><U132/><E132/><V6/><F6/><W50/><G50/><T27/><D27/><U100/><E37/><V133/><F133/><W61/><G61/><T5/><D5/><U113/><E113/><V40/><F22/><W58/><G58/><T65/><D65/><U107/><E66/><V29/><F35/><W125/><G120/><T48/><D3/><U83/><E83/><V84/><F84/><W81/><G125/><T17/><D17/><N who="1" m="12303" /><E107/><V111/><F56/><W108/><G108/><T26/><D26/><U119/><E119/><V12/><F57/><W82/><G86/><T88/><D76/><U121/><E121/><V67/><F67/><W72/><G72/><T117/><D117/><U18/><E7/><V28/><F111/><W129/><G129/><T105/><D105/><U47/><E47/><V94/><F110/><RYUUKYOKU ba="0,0" sc="250,-15,250,15,250,-15,250,15" hai1="8,13,18,51,53,59,89,93,96,100" hai3="21,31,36,39,42,43,44,45,80,81,82,101,102" /><INIT seed="1,1,0,5,5,102" ten="235,265,235,265" oya="1" hai0="17,49,5,88,63,72,11,94,101,108,28,19,107" hai1="90,32,117,97,83,115,95,4,61,60,123,78,111" hai2="51,98,100,114,62,1,6,92,55,13,133,53,103" hai3="39,112,67,24,8,127,20,48,79,125,76,29,15"/><U47/><E32/><V23/><F1/><W44/><G39/><T46/><D108/><U85/><E123/><V65/><F133/><W91/><G67/><T110/><D110/><U113/><E117/><V93/><F114/><W71/><G71/><T45/><D28/><U36/><E111/><V126/><F126/><N who="3" m="48139" /><G91/><T89/><D89/><U56/><E61/><V30/><F6/><N who="3" m="3479" /><G112/><T10/><D72/><U80/><E4/><V104/><F103/><W42/><AGARI ba="1,0" hai="20,24,29,42,44,48,76,79" m="3479,48139" machi="42" ten="30,1100,0" yaku="18,1" doraHai="102" who="3" fromWho="3" sc="235,-4,265,-6,235,-4,265,14" /><INIT seed="2,0,0,0,4,13" ten="231,259,231,279" oya="2" hai0="40,76,49,130,81,103,75,67,21,29,37,85,132" hai1="14,1,36,120,32,88,100,95,5,51,12,44,83" hai2="71,10,101,59,134,27,15,28,26,38,18,97,24" hai3="112,115,16,64,108,8,39,124,98,133,65,46,6"/><V66/><F134/><W102/><G133/><T127/><D132/><U84/><E36/><V11/><F38/><W4/><G108/><T57/><D37/><U58/><E32/><V68/><F28/><W30/><G30/><T78/><D130/><U56/><E1/><V107/><REACH who="2" step="1"/><F11/><REACH who="2" ten="231,259,221,279" step="2"/><W2/><G39/><T17/><D127/><U96/><E120/><V9/><F9/><W22/><G124/><T70/><D29/><U62/><E5/><V72/><F72/><W118/><G6/><T54/><D75/><U121/><E121/><V74/><F74/><W94/><G118/><T34/><D34/><U25/><E25/><V123/><F123/><W110/><G110/><T80/><D40/><N who="1" m="24967" /><E58/><V50/><F50/><W135/><G135/><T86/><D70/><U60/><E60/><AGARI ba="0,1" hai="10,15,18,24,26,27,59,60,66,68,71,97,101,107" machi="60" ten="40,3900,0" yaku="1,1,52,1,53,0" doraHai="13" doraHaiUra="105" who="2" fromWho="1" sc="231,0,259,-39,221,49,279,0" /><INIT seed="2,1,0,2,5,127" ten="231,220,270,279" oya="2" hai0="37,122,44,32,103,77,105,48,98,58,29,81,63" hai1="78,45,95,17,115,49,40,38,85,47,79,123,51" hai2="2,39,13,3,130,89,64,41,55,35,111,50,9" hai3="84,16,91,120,11,8,7,26,57,28,18,71,97"/><V31/><F64/><W65/><G71/><T124/><D124/><U19/><E123/><V22/><F39/><W34/><G120/><T90/><D122/><U101/><E38/><V100/><F41/><W68/><G8/><T106/><D37/><U62/><E115/><V66/><F66/><W6/><G6/><T92/><D32/><U129/><E62/><V12/><F100/><W56/><G56/><T42/><D29/><U93/><E101/><V88/><F35/><W132/><G132/><T133/><D133/><U80/><E129/><V5/><F130/><W110/><G110/><T1/><D1/><U82/><E85/><V15/><F3/><W67/><G97/><T59/><D63/><U60/><E60/><V54/><F111/><W53/><G67/><T46/><D46/><U10/><E10/><V113/><F113/><W75/><G75/><T52/><D42/><AGARI ba="1,0" hai="17,19,40,42,45,47,49,51,78,79,80,82,93,95" machi="42" ten="25,3200,0" yaku="22,2,8,1" doraHai="127" who="1" fromWho="0" sc="231,-35,220,35,270,0,279,0" /><INIT seed="3,0,0,5,5,98" ten="196,255,270,279" oya="3" hai0="121,128,46,120,68,22,59,89,77,2,50,112,7" hai1="9,0,21,65,91,8,100,35,37,107,42,86,41" hai2="18,96,23,133,62,43,14,74,87,6,104,63,118" hai3="135,28,66,20,39,33,81,27,54,101,17,1,45"/><W106/><G135/><T114/><D68/><U29/><E35/><V12/><F74/><W4/><G66/><T78/><D22/><U97/><E65/><V75/><F75/><W131/><G81/><T71/><D71/><U80/><E37/><V3/><F3/><W116/><G116/><T76/><D59/><U25/><REACH who="1" step="1"/><E9/><REACH who="1" ten="196,245,270,279" step="2"/><V55/><F118/><W53/><G39/><T47/><D121/><U52/><E52/><V40/><F55/><W93/><G53/><T110/><D120/><U36/><E36/><V79/><F133/><W56/><G54/><T134/><D134/><U129/><E129/><V48/><F40/><W19/><G33/><T130/><D50/><U92/><E92/><V115/><F43/><W49/><G93/><T109/><D7/><AGARI ba="0,1" hai="0,7,8,21,25,29,41,42,80,86,91,97,100,107" machi="7" ten="40,2600,0" yaku="1,1,52,1,53,0" doraHai="98" doraHaiUra="58" who="1" fromWho="0" sc="196,-26,245,36,270,0,279,0" /><INIT seed="4,0,0,4,2,37" ten="170,281,270,279" oya="0" hai0="21,55,116,65,72,4,100,61,107,64,97,28,85" hai1="106,69,67,82,124,51,111,24,127,53,44,130,48" hai2="63,14,102,73,93,43,120,3,20,30,91,129,0" hai3="105,17,95,68,58,5,113,77,115,71,33,34,88"/><T46/><D116/><U32/><E106/><V29/><F73/><W92/><G5/><T8/><D72/><U47/><E111/><V66/><F0/><W128/><G77/><T87/><D64/><U135/><E82/><V81/><F3/><W79/><G79/><T22/><D55/><U54/><E32/><N who="3" m="12394" /><G58/><T11/><D11/><U9/><E9/><V52/><F129/><W56/><G56/><T125/><D125/><N who="1" m="48203" /><E24/><V103/><F120/><W10/><G10/><T7/><D7/><U131/><E135/><V80/><F66/><W86/><G17/><T25/><D22/><U70/><E67/><V112/><F112/><N who="3" m="43083" /><G105/><T40/><D65/><U121/><E121/><V19/><F19/><W2/><G2/><T59/><D59/><U98/><E98/><V134/><F134/><W89/><G128/><AGARI ba="0,0" hai="44,47,48,51,53,54,69,70,128,130,131" m="48203" machi="128" ten="30,7700,0" yaku="19,1,18,1,34,2" doraHai="37" who="1" fromWho="3" sc="170,0,281,77,270,0,279,-77" /><INIT seed="5,0,0,0,0,121" ten="170,358,270,202" oya="1" hai0="77,56,98,114,89,80,126,119,38,129,29,65,41" hai1="86,0,87,30,37,130,76,16,13,123,54,25,131" hai2="35,112,53,95,48,128,47,88,90,106,75,92,63" hai3="127,15,81,50,124,113,111,103,115,67,20,12,101"/><U57/><E37/><V7/><F35/><W51/><G67/><T96/><D119/><U10/><E0/><V74/><F106/><W104/><G81/><T82/><D114/><N who="3" m="43529" /><G104/><T97/><D126/><N who="3" m="48169" /><G20/><T83/><D129/><N who="1" m="49163" /><E76/><V105/><F105/><W1/><G1/><T122/><D122/><U73/><E73/><V66/><F112/><W91/><G91/><T42/><D38/><U11/><E11/><V133/><F128/><W27/><G27/><T100/><D77/><U93/><E93/><V21/><F90/><W2/><G2/><T99/><D89/><U125/><E125/><V78/><F78/><W5/><G5/><T120/><D120/><U62/><E123/><V60/><F95/><W109/><G50/><T79/><D79/><U71/><E71/><V33/><F92/><W64/><G51/><T117/><D117/><U94/><E94/><V19/><F48/><W69/><G64/><T3/><D3/><U34/><AGARI ba="0,0" hai="10,13,16,25,30,34,54,57,62,86,87" m="49163" machi="34" ten="30,3000,0" yaku="19,1,54,1" doraHai="121" who="1" fromWho="1" sc="170,-10,358,30,270,-10,202,-10" /><INIT seed="5,1,0,1,1,9" ten="160,388,260,192" oya="1" hai0="130,103,41,106,37,79,16,124,88,77,59,89,24" hai1="51,94,101,85,96,97,36,118,127,61,50,134,70" hai2="114,84,104,62,115,135,30,17,108,6,82,32,40" hai3="25,31,14,12,76,126,46,28,15,2,7,60,8"/><U110/><E36/><V113/><F108/><W83/><G126/><T53/><D124/><U69/><E118/><V13/><F104/><W71/><G25/><T131/><D103/><U72/><E72/><V125/><F125/><W67/><REACH who="3" step="1"/><G46/><REACH who="3" ten="160,388,260,182" step="2"/><N who="0" m="23855" /><D106/><U81/><E127/><V116/><F115/><W18/><G18/><T80/><D24/><U129/><E110/><V19/><F17/><W92/><G92/><T68/><D68/><U22/><E94/><V38/><F19/><W100/><G100/><T75/><D16/><U45/><E101/><V10/><F114/><W122/><G122/><T78/><D80/><U105/><E81/><V91/><F113/><W5/><G5/><T27/><D27/><U4/><E45/><V99/><F6/><W20/><G20/><T39/><D75/><AGARI ba="1,1" hai="2,7,8,12,14,15,28,31,60,67,71,75,76,83" machi="75" ten="40,8000,1" yaku="1,1,52,3,53,1" doraHai="9" doraHaiUra="107" who="3" fromWho="0" sc="160,-83,388,0,260,0,182,93" /><INIT seed="6,0,0,4,0,69" ten="77,388,260,275" oya="2" hai0="128,90,78,96,75,89,124,43,80,84,7,67,42" hai1="21,87,20,31,104,24,118,129,91,17,92,127,4" hai2="38,39,54,46,22,6,63,47,77,49,56,12,133" hai3="112,2,113,70,45,98,134,71,48,107,0,41,28"/><V109/><F133/><W68/><G134/><T62/><D128/><U95/><E104/><V16/><F109/><W57/><G28/><T117/><D124/><U35/><E118/><V111/><F111/><W25/><G25/><T60/><D117/><U97/><E4/><V40/><F77/><W93/><G107/><T52/><D7/><U50/><E129/><V100/><F100/><W119/><G119/><T26/><D26/><U76/><E127/><V130/><F130/><W116/><G116/><T34/><D34/><U29/><E35/><V125/><F125/><W13/><G13/><T5/><D5/><U66/><E66/><V86/><F86/><W131/><G57/><T27/><D27/><N who="1" m="14735" /><E50/><V73/><F73/><W44/><G44/><T114/><D114/><N who="3" m="44137" /><G131/><T19/><D19/><N who="1" m="12351" /><E76/><V23/><F6/><W82/><G82/><T58/><D96/><U74/><E74/><V105/><F105/><W108/><G108/><T121/><D121/><U132/><E132/><V85/><F85/><W59/><G59/><T126/><D126/><U51/><E51/><V1/><F1/><W83/><G83/><T103/><D103/><AGARI ba="0,0" hai="29,31,87,91,92,95,97,103" m="12351,14735" machi="103" ten="30,1000,0" yaku="8,1" doraHai="69" who="1" fromWho="0" sc="77,-10,388,10,260,0,275,0" /><AGARI ba="0,0" hai="0,2,41,45,48,68,70,71,93,98,103" m="44137" machi="103" ten="40,2600,0" yaku="15,1,11,1" doraHai="69" who="3" fromWho="0" sc="67,-26,398,0,260,0,275,26" /><INIT seed="7,0,0,1,4,101" ten="41,398,260,301" oya="3" hai0="74,18,2,47,129,67,45,81,53,76,106,26,65" hai1="91,66,93,133,19,99,32,98,100,31,118,30,123" hai2="22,120,107,70,62,63,95,7,21,49,64,131,134" hai3="132,13,56,27,46,127,94,39,87,103,54,85,23"/><W55/><G132/><T111/><D111/><U6/><E123/><V8/><F134/><W108/><G108/><T35/><D129/><U110/><E110/><V72/><F72/><W115/><G115/><T29/><D2/><U128/><E32/><V3/><F131/><W116/><G116/><T61/><D67/><U102/><E6/><V16/><F120/><W117/><G117/><T122/><D18/><U4/><E4/><V89/><F49/><N who="3" m="28983" /><G39/><T86/><D53/><U40/><E40/><V90/><F22/><W36/><G36/><T105/><D74/><U60/><E128/><V73/><F73/><W17/><G127/><T109/><D109/><U119/><E133/><V97/><F63/><N who="3" m="36255" /><G13/><T92/><D92/><N who="1" m="56607" /><E118/><V15/><REACH who="2" step="1"/><F90/><REACH who="2" ten="41,398,250,301" step="2"/><W0/><G0/><T59/><REACH who="0" step="1"/><D122/><REACH who="0" ten="31,398,250,301" step="2"/><U130/><E130/><V71/><F71/><W69/><G69/><T84/><D84/><U38/><E119/><V112/><F112/><W41/><G41/><T57/><D57/><U9/><E60/><V104/><AGARI ba="0,2" hai="3,7,8,15,16,21,62,64,70,89,95,97,104,107" machi="104" ten="30,8000,1" yaku="1,1,0,1,52,2,54,1,53,0" doraHai="101" doraHaiUra="135" who="2" fromWho="2" sc="31,-20,398,-20,250,100,301,-40" owari="11,-49.0,378,48.0,350,15.0,261,-14.0" /></mjloggm>