<mjloggm ver="2.3"><GO type="41" lobby="0"/><UN n0="%E6%B2%96%E7%94%B0%E5%BD%B1%E8%99%8E" n1="%68%69%72%6F%6A%69%69" n2="%E5%AE%AE%E9%96%93%E5%A4%95%E8%8F%9C" n3="%E5%B0%B1%E6%B4%BB%E7%94%9F%40%E5%B7%9D%E6%9D%91%E8%BB%8D%E5%9B%A3" dan="14,13,14,15" rate="1949.21,1850.30,1935.96,2020.07" sx="M,M,F,M"/><TAIKYOKU oya="0"/><INIT seed="0,0,0,2,2,100" ten="250,250,250,250" oya="0" hai0="82,27,84,131,13,40,122,46,50,58,72,106,9" hai1="134,68,38,113,97,15,75,57,45,120,65,10,51" hai2="109,99,116,92,19,87,73,66,4,11,133,3,110" hai3="32,69,70,96,56,59,31,8,98,52,124,21,54"/><T102/><D122/><U47/><E75/><V36/><F73/><W0/><G32/><T81/><D72/><U118/><E120/><V123/><F123/><W130/><G124/><T53/><D131/><U76/><E118/><V44/><F116/><W28/><G130/><T112/><D112/><U135/><E76/><V103/><F133/><N who="1" m="50697" /><E113/><V86/><F66/><W94/><G21/><T132/><D132/><U80/><E80/><V2/><F3/><W30/><G8/><T24/><D106/><U35/><E97/><N who="3" m="37482" /><G94/><T105/><D105/><U17/><E35/><V121/><F121/><W43/><G43/><T12/><D102/><U78/><E78/><V119/><F119/><W88/><G88/><N who="0" m="51215" /><D82/><U77/><E77/><V61/><F61/><W90/><G90/><T111/><D111/><N who="2" m="42506" /><F19/><W5/><G5/><N who="0" m="3119" /><D13/><U18/><E38/><V37/><F36/><W39/><G39/><T128/><D128/><U16/><E68/><N who="3" m="26218" /><G0/><T64/><D64/><U107/><E107/><V25/><F25/><W108/><G108/><T129/><D129/><U95/><E95/><V85/><F37/><W115/><G115/><T20/><D20/><U67/><E57/><AGARI ba="0,0" hai="28,30,31,52,54,56,57,59" m="26218,37482" machi="57" ten="40,5200,0" yaku="28,2,54,1" doraHai="100" who="3" fromWho="1" sc="250,0,250,-52,250,0,250,52" /><INIT seed="1,0,0,4,2,56" ten="250,198,250,302" oya="1" hai0="75,130,4,107,100,122,109,108,16,121,17,76,68" hai1="57,114,26,34,93,88,98,84,52,29,113,112,127" hai2="20,46,8,125,41,37,42,43,74,131,64,50,30" hai3="117,71,116,73,23,53,134,38,2,48,105,91,133"/><U95/><E127/><V103/><F125/><W25/><G2/><T14/><D68/><U19/><E19/><V128/><F74/><W94/><G38/><T135/><D75/><U70/><E70/><V10/><F103/><W59/><G105/><T101/><D76/><U82/><REACH who="1" step="1"/><E98/><REACH who="1" ten="250,188,250,302" step="2"/><V115/><F115/><W63/><G71/><T54/><D107/><U66/><E66/><V67/><F64/><W31/><G73/><T86/><D86/><U35/><E35/><V28/><F67/><W32/><G32/><T79/><D79/><U89/><E89/><V49/><F37/><W5/><G5/><T3/><D101/><U55/><E55/><V18/><F18/><W21/><G21/><T69/><D69/><U40/><E40/><V111/><F20/><W12/><G117/><T104/><D54/><U33/><E33/><V13/><F43/><W72/><G116/><T85/><D85/><U6/><E6/><V0/><F41/><W61/><G72/><T45/><D100/><U1/><E1/><V92/><F0/><W78/><G78/><T110/><D104/><U9/><E9/><V47/><F42/><W65/><G65/><T120/><D3/><U15/><E15/><V11/><F13/><W58/><G12/><T124/><D124/><U96/><E96/><V87/><F11/><W106/><G106/><T83/><D4/><U97/><E97/><V24/><F87/><N who="3" m="52607" /><G58/><T22/><D17/><U126/><E126/><V129/><F129/><W60/><G23/><T77/><D130/><U119/><E119/><V51/><F131/><W39/><G39/><RYUUKYOKU ba="0,1" sc="250,-15,188,15,250,-15,302,15" hai1="26,29,34,52,57,82,84,88,93,95,112,113,114" hai3="25,31,48,53,59,60,61,63,133,134" /><INIT seed="1,1,1,2,2,62" ten="235,203,235,317" oya="1" hai0="53,55,78,71,110,3,75,7,25,13,82,127,125" hai1="44,27,22,30,93,121,68,105,42,132,118,80,100" hai2="86,18,17,14,32,72,39,89,108,103,52,21,20" hai3="33,50,102,60,130,15,40,117,88,98,115,95,119"/><U87/><E121/><V0/><F32/><W54/><G115/><T56/><D3/><U23/><E118/><N who="3" m="45066" /><G33/><T64/><D25/><U83/><E132/><V134/><F134/><W46/><G130/><T61/><D110/><U11/><E105/><V70/><F108/><W35/><G35/><T133/><D133/><U97/><E68/><V4/><F70/><W122/><G122/><T31/><D31/><U63/><E11/><V84/><F72/><W123/><G123/><T116/><D116/><U43/><E22/><V91/><F39/><N who="3" m="21791" /><G60/><T16/><D7/><U58/><E83/><V38/><F38/><W101/><G15/><T129/><D129/><U12/><E44/><AGARI ba="1,1" hai="44,50,54,88,95,98,101,102" m="21791,45066" machi="44" ten="30,2000,0" yaku="12,1,54,1" doraHai="62" who="3" fromWho="1" sc="235,0,203,-23,235,0,317,33" /><INIT seed="2,0,0,0,0,59" ten="235,180,235,350" oya="2" hai0="108,1,61,71,134,46,14,20,100,84,127,74,116" hai1="53,26,31,130,27,122,120,131,72,3,96,39,111" hai2="115,50,9,5,121,113,45,117,76,49,32,13,91" hai3="80,75,10,37,2,86,15,102,94,69,7,118,44"/><V95/><F32/><W60/><G118/><T109/><D74/><U97/><E72/><V67/><F117/><W98/><G75/><T88/><D1/><U29/><E3/><V81/><F121/><W55/><G2/><T52/><D116/><U25/><E39/><V126/><F126/><W57/><G69/><T101/><D127/><U63/><E111/><N who="0" m="42569" /><D134/><U99/><E53/><V135/><F135/><W119/><G119/><T18/><D71/><U43/><E43/><V73/><F67/><W77/><G37/><T87/><D84/><U21/><E63/><V40/><REACH who="2" step="1"/><F50/><REACH who="2" ten="235,180,225,350" step="2"/><W129/><G129/><N who="1" m="49162" /><E21/><V82/><F82/><W125/><G125/><T22/><D22/><U4/><E4/><V38/><F38/><W66/><G44/><T68/><D68/><U70/><E70/><V78/><F78/><W114/><G114/><T12/><D46/><U58/><E58/><V24/><F24/><W123/><G123/><AGARI ba="0,1" hai="25,26,27,29,31,96,97,99,120,122,123" m="49162" machi="123" ten="40,8000,1" yaku="28,2,13,1,19,1" doraHai="59" who="1" fromWho="3" sc="235,0,180,90,225,0,350,-80" /><INIT seed="3,0,0,0,5,69" ten="235,270,225,270" oya="3" hai0="115,27,112,46,9,108,96,40,12,135,83,28,72" hai1="102,19,31,114,35,109,80,89,22,1,44,95,42" hai2="17,122,111,13,54,50,97,58,100,55,11,125,113" hai3="82,91,51,132,0,59,6,67,93,57,88,90,99"/><W45/><G132/><T98/><D135/><U77/><E114/><N who="0" m="43561" /><D108/><U130/><E109/><V38/><F113/><W74/><G0/><T41/><D72/><U78/><E1/><V4/><F122/><W53/><G6/><N who="0" m="3127" /><D83/><U81/><E130/><V15/><F111/><W3/><G3/><T48/><D41/><U14/><E102/><V79/><F125/><W66/><G74/><T49/><D49/><N who="1" m="26775" /><E31/><V117/><F117/><W128/><G128/><T52/><D40/><U71/><E35/><AGARI ba="0,0" hai="27,28,35,46,48,52,96,98" m="3127,43561" machi="35" ten="30,2000,0" yaku="11,1,54,1" doraHai="69" who="0" fromWho="1" sc="235,20,270,-20,225,0,270,0" /><INIT seed="4,0,0,3,5,88" ten="255,250,225,270" oya="0" hai0="15,19,62,48,45,5,49,16,36,132,107,64,52" hai1="50,126,7,75,77,60,3,2,66,14,72,39,0" hai2="129,115,110,17,122,56,20,25,84,85,112,41,95" hai3="31,33,111,21,57,91,34,70,42,133,38,11,24"/><T47/><D107/><U46/><E39/><V93/><F110/><W51/><G70/><T127/><D127/><U83/><E126/><V135/><F122/><W80/><G111/><T124/><D124/><U81/><E60/><V9/><F135/><W29/><G133/><T43/><D132/><U116/><E66/><V87/><F129/><W26/><G38/><T100/><D100/><U113/><E113/><N who="2" m="43595" /><F41/><W82/><G21/><T97/><D97/><U108/><E108/><V114/><N who="2" m="43603" /><V90/><DORA hai="69" /><F90/><W71/><G71/><T30/><D30/><U28/><E28/><V74/><F74/><W1/><G91/><T54/><D64/><U101/><E101/><V13/><F56/><W63/><G1/><T8/><REACH who="0" step="1"/><D62/><REACH who="0" ten="245,250,225,270" step="2"/><U123/><E123/><V18/><AGARI ba="0,1" hai="9,13,17,18,20,25,84,85,87,93,95" m="43603" machi="18" ten="50,6400,0" yaku="15,1,52,2" doraHai="88,69" who="2" fromWho="2" sc="245,-32,250,-16,225,74,270,-16" /><INIT seed="5,0,0,0,1,126" ten="213,234,299,254" oya="1" hai0="8,135,66,90,127,43,49,18,44,119,98,14,97" hai1="59,19,11,31,77,115,22,132,63,79,50,15,111" hai2="48,133,37,2,84,120,72,20,105,13,85,95,110" hai3="64,12,123,124,128,36,61,103,100,67,33,34,68"/><U54/><E115/><V65/><F110/><W46/><G124/><T88/><D119/><U75/><E132/><V23/><F120/><W106/><G123/><T32/><D32/><U25/><E111/><V83/><F37/><W92/><G106/><T89/><D135/><U5/><E75/><V118/><F118/><W74/><G74/><T28/><D28/><U117/><E117/><V116/><F116/><W3/><G3/><T96/><D127/><U57/><REACH who="1" step="1"/><E5/><REACH who="1" ten="213,224,299,254" step="2"/><V21/><F133/><W53/><G34/><T24/><D66/><AGARI ba="0,1" hai="11,15,19,22,25,31,50,54,57,59,63,66,77,79" machi="66" ten="30,11600,0" yaku="1,1,2,1,7,1,8,1,53,0" doraHai="126" doraHaiUra="71" who="1" fromWho="0" sc="213,-116,224,126,299,0,254,0" /><INIT seed="5,1,0,2,0,18" ten="97,350,299,254" oya="1" hai0="48,98,69,59,13,46,34,15,1,56,132,65,19" hai1="115,117,135,104,108,32,78,42,29,94,111,30,50" hai2="52,28,9,37,43,8,5,35,125,86,20,79,106" hai3="70,58,38,72,14,31,92,96,82,7,119,2,127"/><U134/><E104/><V16/><F106/><W62/><G70/><T101/><D34/><U60/><E117/><V102/><F102/><W45/><G2/><T36/><D1/><U122/><E122/><V73/><F73/><W99/><G99/><T21/><D36/><U75/><E115/><V121/><F121/><W4/><G119/><T89/><D132/><N who="1" m="50731" /><E60/><V116/><F116/><W63/><G63/><T120/><D120/><U39/><E39/><V66/><F66/><W84/><G72/><T80/><D69/><U88/><E78/><V49/><F35/><W67/><G127/><T3/><D3/><U114/><E32/><V27/><F125/><W64/><G64/><T6/><D65/><U44/><E75/><V90/><F79/><W81/><G38/><T83/><D101/><U76/><E76/><V74/><F74/><W85/><G45/><T22/><D6/><N who="3" m="2089" /><G14/><T107/><D107/><U24/><E114/><V47/><F28/><N who="1" m="10857" /><E24/><V128/><F5/><W77/><G31/><T71/><D71/><U112/><E112/><V51/><F37/><W11/><G81/><N who="0" m="31307" /><D89/><U126/><E126/><V68/><F68/><W123/><G123/><T110/><D98/><AGARI ba="1,0" hai="42,44,50,88,94,98,108,111" m="10857,50731" machi="98" ten="30,2900,0" yaku="20,1,54,1" doraHai="18" who="1" fromWho="0" sc="97,-32,350,32,299,0,254,0" /><INIT seed="5,2,0,2,0,82" ten="65,382,299,254" oya="1" hai0="118,56,7,126,121,102,84,100,50,129,12,54,46" hai1="85,92,74,30,75,9,26,32,109,22,124,1,68" hai2="123,95,28,29,103,87,57,59,117,4,17,105,97" hai3="70,62,128,53,34,39,113,13,38,125,77,134,8"/><U69/><E124/><V111/><F111/><W67/><G34/><T135/><D118/><U133/><E133/><V99/><F117/><W89/><G113/><T115/><D115/><U20/><E109/><V78/><F123/><W42/><G77/><T130/><D126/><U44/><E44/><V5/><F99/><W110/><G110/><T52/><D135/><U131/><E131/><N who="0" m="50185" /><D121/><U24/><E32/><V41/><F41/><W119/><G119/><T122/><D122/><U107/><E107/><V3/><F105/><W71/><G71/><T108/><D108/><U112/><E112/><V116/><F116/><W16/><G134/><T33/><D33/><U58/><E58/><V91/><F78/><W83/><G128/><T73/><D73/><U106/><E106/><V51/><F3/><W36/><G125/><T80/><D7/><N who="2" m="2634" /><F17/><W101/><G101/><T90/><D12/><U94/><E1/><V88/><F103/><W55/><G42/><T104/><D104/><U48/><E9/><V96/><F97/><W79/><REACH who="3" step="1"/><G89/><REACH who="3" ten="65,382,299,244" step="2"/><T11/><D11/><U19/><E68/><V31/><F51/><AGARI ba="2,1" hai="46,50,51,52,54,56,80,84,90,100,102" m="50185" machi="51" ten="30,3900,0" yaku="19,1,52,1,54,1" doraHai="82" who="0" fromWho="2" sc="65,55,382,0,299,-45,244,0" /><INIT seed="6,0,0,3,2,134" ten="120,382,254,244" oya="2" hai0="24,57,116,92,87,99,47,115,124,23,117,95,15" hai1="70,98,50,0,45,9,14,97,102,25,16,22,2" hai2="79,44,46,30,63,42,55,89,106,78,29,113,10" hai3="28,18,114,1,62,48,100,96,101,108,53,84,109"/><V40/><F106/><W130/><G114/><T80/><D115/><U58/><E70/><V110/><F113/><W41/><G130/><T104/><D47/><U107/><E98/><V103/><F110/><W76/><G1/><T122/><D122/><U121/><E58/><V20/><F103/><W118/><G118/><N who="0" m="45675" /><D57/><U13/><E13/><V90/><F20/><W69/><G28/><T128/><D15/><U75/><E75/><V33/><F33/><W120/><G120/><T49/><D49/><U54/><REACH who="1" step="1"/><E121/><REACH who="1" ten="120,372,254,244" step="2"/><V26/><F26/><W131/><G96/><T8/><D24/><U39/><E39/><V68/><F68/><W35/><G69/><T126/><D8/><U111/><E111/><V112/><F112/><W60/><G108/><T27/><D27/><U67/><E67/><V34/><F34/><W51/><G109/><T132/><D23/><U129/><E129/><V125/><F10/><W71/><G131/><T66/><D128/><U81/><E81/><V12/><F12/><W83/><G71/><T43/><D66/><U94/><E94/><N who="0" m="35881" /><D43/><U65/><E65/><V119/><F55/><W91/><G35/><T37/><D37/><U19/><AGARI ba="0,1" hai="0,2,9,14,16,19,22,25,45,50,54,97,102,107" machi="19" ten="20,5200,0" yaku="1,1,0,1,7,1,54,1,53,0" doraHai="134" doraHaiUra="73" who="1" fromWho="1" sc="120,-13,372,62,254,-26,244,-13" /><INIT seed="7,0,0,5,2,28" ten="107,434,228,231" oya="3" hai0="13,56,53,71,121,83,110,50,17,81,1,78,84" hai1="52,67,42,65,113,29,95,40,72,97,117,132,54" hai2="104,103,98,79,27,73,26,37,44,89,48,131,102" hai3="34,99,45,66,24,74,20,9,70,47,43,107,119"/><W101/><G119/><T55/><D71/><U57/><E72/><V63/><F37/><W12/><G74/><T25/><D1/><U11/><E117/><V80/><F131/><W86/><G86/><T120/><D110/><U2/><E2/><V36/><F36/><W125/><G125/><T133/><D133/><U38/><E132/><V6/><F103/><W111/><G111/><T116/><D116/><U115/><E29/><V87/><F63/><W32/><G70/><T39/><D39/><U91/><E11/><V49/><F6/><W100/><G66/><N who="1" m="25098" /><E54/><V19/><F19/><W31/><G100/><T16/><D121/><U41/><E38/><V130/><F130/><W92/><G107/><T10/><D120/><U8/><E8/><V105/><F104/><W124/><G124/><T15/><D25/><N who="2" m="9226" /><F44/><W112/><G112/><N who="1" m="43082" /><E42/><V109/><F109/><W76/><G76/><T3/><D3/><U33/><E33/><V128/><F128/><W88/><G101/><T126/><D126/><U14/><E14/><V93/><AGARI ba="0,0" hai="48,49,73,79,80,87,89,93,98,102,105" m="9226" machi="93" ten="30,1100,0" yaku="24,1" doraHai="28" who="2" fromWho="2" sc="107,-3,434,-3,228,11,231,-5" owari="104,-40.0,431,53.0,239,4.0,226,-17.0" /></mjloggm>