<mjloggm ver="2.3"><GO type="97" lobby="0"/><UN n0="%7A%75%6E%79%61%6E" n1="%E7%8B%A9%2D%67%61%72%69%2D" n2="%41%78%69%73" n3="%E3%82%A6%E3%83%AB%E3%83%88%E3%83%A9%E7%AB%8B%E7%9B%B4" dan="13,14,14,13" rate="1853.77,1941.30,1965.45,1891.00" sx="M,M,M,M"/><TAIKYOKU oya="0"/><INIT seed="0,0,0,0,3,106" ten="250,250,250,250" oya="0" hai0="87,101,60,37,25,67,23,112,113,75,43,45,20" hai1="13,125,128,35,105,79,94,78,65,26,130,38,34" hai2="120,54,131,129,86,92,84,7,83,64,28,108,22" hai3="17,104,126,21,15,121,46,123,24,44,109,111,51"/><T19/><D75/><U41/><E105/><V90/><F7/><W85/><G104/><T33/><D33/><U55/><E65/><V122/><F64/><W74/><G74/><T10/><D101/><U77/><E26/><V91/><F54/><N who="3" m="30055" /><G126/><T96/><D96/><U89/><E125/><V124/><F124/><W114/><G46/><T3/><D87/><N who="1" m="52543" /><E38/><V5/><F5/><W11/><G85/><T58/><D3/><U118/><E118/><V132/><F22/><W36/><G36/><T99/><D99/><U127/><E127/><V12/><F12/><W70/><G70/><T88/><D88/><U52/><E41/><V31/><F28/><N who="3" m="17423" /><G114/><T93/><D113/><U110/><E13/><V103/><F31/><W116/><G116/><T8/><D112/><U117/><E117/><V135/><F103/><W56/><G56/><T107/><D58/><U115/><E115/><V42/><F42/><W82/><G82/><T30/><D107/><U69/><E69/><V2/><F2/><W40/><G40/><T53/><D67/><U0/><E0/><V66/><F66/><W119/><G119/><T61/><D43/><U97/><E97/><V68/><F68/><W1/><G1/><T18/><D37/><U47/><E47/><V57/><F57/><W100/><G100/><T27/><D60/><U63/><E63/><V14/><F14/><W29/><G29/><T134/><D61/><U4/><E4/><V98/><F98/><W49/><G49/><T39/><D30/><U48/><E48/><V62/><F62/><W59/><G59/><T71/><D39/><RYUUKYOKU ba="0,0" sc="250,-10,250,-10,250,-10,250,30" hai3="11,15,17,109,111,121,123" /><INIT seed="1,1,0,3,0,72" ten="240,240,240,280" oya="1" hai0="43,78,110,66,55,60,96,106,16,82,111,27,53" hai1="64,69,128,119,135,62,49,118,93,103,24,37,56" hai2="131,120,91,130,67,57,132,123,3,99,52,134,63" hai3="34,41,44,81,127,116,15,133,122,74,85,7,84"/><U68/><E24/><V29/><F3/><W125/><G34/><T97/><D43/><U100/><E93/><V45/><F29/><W40/><G122/><T35/><D35/><U92/><E92/><V124/><F99/><W1/><G1/><T14/><D27/><U26/><E26/><V98/><F91/><W8/><G133/><N who="2" m="51305" /><F98/><W6/><G116/><N who="1" m="44586" /><E103/><V86/><F86/><W77/><G7/><T90/><D90/><U104/><E100/><V105/><F105/><W2/><G15/><T114/><D96/><U21/><E21/><V112/><F112/><W95/><G41/><T32/><D97/><U88/><E88/><V5/><F5/><W70/><G70/><N who="1" m="27242" /><E104/><V20/><F20/><W117/><G117/><T51/><D32/><U12/><E12/><V19/><F19/><W76/><G95/><T30/><D30/><U38/><E135/><V79/><F79/><W39/><G77/><T126/><D106/><U129/><E49/><N who="2" m="28719" /><F124/><AGARI ba="1,0" hai="2,6,8,39,40,44,74,76,81,84,85,124,125,127" machi="124" ten="40,8000,1" yaku="25,2,18,1,52,1" doraHai="72" who="3" fromWho="2" sc="240,0,240,0,240,-83,280,83" /><INIT seed="2,0,0,4,3,24" ten="240,240,157,363" oya="2" hai0="95,128,112,132,9,42,6,63,94,86,116,57,17" hai1="39,7,37,127,71,133,91,13,126,70,134,14,46" hai2="49,47,74,89,115,85,102,109,124,119,66,23,83" hai3="35,123,51,73,67,30,55,72,92,64,54,12,129"/><V77/><F119/><W76/><G76/><T48/><D116/><U41/><E91/><V52/><F115/><W65/><G92/><T101/><D112/><U104/><E104/><V108/><F102/><W15/><G51/><T96/><D17/><U56/><E7/><V107/><F107/><W26/><G123/><T18/><D18/><U93/><E93/><V114/><F114/><W0/><G0/><T131/><D132/><N who="1" m="50795" /><E13/><V19/><F66/><W28/><G129/><T99/><D86/><U1/><E14/><N who="3" m="5162" /><G26/><T31/><D31/><N who="3" m="11817" /><G35/><T33/><D33/><U69/><E1/><V5/><F5/><W36/><G36/><T121/><D121/><U21/><E21/><V34/><F124/><N who="1" m="47657" /><E56/><V106/><F34/><W68/><G68/><T58/><D57/><U105/><E105/><V50/><F106/><W60/><G60/><T117/><D58/><U122/><E122/><V10/><F10/><W82/><G82/><T103/><D63/><U130/><E130/><V38/><F38/><AGARI ba="0,0" hai="37,38,39,41,46,69,70,71" m="47657,50795" machi="38" ten="40,8000,1" yaku="20,1,18,1,23,1,34,2" doraHai="24" who="1" fromWho="2" sc="240,0,240,80,157,-80,363,0" /><INIT seed="3,0,0,3,3,29" ten="240,320,77,363" oya="3" hai0="55,81,35,24,72,118,73,8,47,91,23,75,26" hai1="50,42,110,127,92,32,130,74,45,101,105,36,19" hai2="135,94,84,115,126,44,58,11,40,46,103,48,61" hai3="39,10,1,5,117,62,31,27,15,57,106,43,100"/><W2/><G117/><T22/><D118/><U134/><E105/><V65/><F11/><W95/><G43/><T3/><D3/><U12/><E74/><V34/><F84/><W132/><G39/><T4/><D4/><U90/><E110/><V70/><F94/><W16/><G5/><T121/><D8/><U123/><E127/><V85/><F85/><W17/><G17/><T0/><D0/><U102/><E130/><V67/><F103/><W114/><G132/><T18/><D121/><U125/><E125/><V80/><F80/><W38/><G38/><T79/><D91/><U113/><E134/><V49/><F34/><W104/><G114/><T51/><REACH who="0" step="1"/><D35/><REACH who="0" ten="230,320,77,363" step="2"/><U133/><E123/><V93/><F126/><W41/><G1/><T66/><D66/><U69/><E32/><V77/><F135/><W20/><G2/><T68/><D68/><U60/><E133/><V129/><F77/><W98/><G41/><T88/><D88/><U21/><E113/><V52/><F115/><W54/><AGARI ba="0,1" hai="10,15,16,20,27,31,54,57,62,95,98,100,104,106" machi="54" ten="20,3900,0" yaku="0,1,7,1,54,1" doraHai="29" who="3" fromWho="3" sc="230,-13,320,-13,77,-13,363,49" owari="217,-18.0,307,11.0,64,-44.0,412,51.0" /></mjloggm>