<mjloggm ver="2.3"><GO type="41" lobby="0"/><UN n0="%E7%B4%97%E5%87%AA%E2%99%AA" n1="%E3%82%A6%E3%83%AB%E3%83%88%E3%83%A9%E7%AB%8B%E7%9B%B4" n2="%E3%81%AB%E3%81%9B%E6%82%9F%E7%A9%BA" n3="%E5%8D%81%E9%A6%AC" dan="13,15,14,14" rate="1818.31,2014.16,1951.62,1931.00" sx="M,M,M,M"/><TAIKYOKU oya="0"/><INIT seed="0,0,0,5,0,106" ten="250,250,250,250" oya="0" hai0="118,32,40,62,130,90,63,132,21,66,94,85,135" hai1="71,76,13,129,89,35,80,101,120,98,124,93,61" hai2="55,125,9,87,18,44,123,79,48,117,70,20,19" hai3="69,72,37,50,64,65,119,29,68,34,28,51,36"/><T54/><D118/><U11/><E35/><V81/><F123/><W75/><G34/><T109/><D32/><U60/><E120/><V99/><F70/><W113/><REACH who="3" step="1"/><G119/><REACH who="3" ten="250,250,250,240" step="2"/><T33/><D33/><U86/><E124/><V8/><F117/><W14/><G14/><T16/><D130/><U22/><E129/><V46/><F125/><W121/><G121/><T25/><D109/><U73/><E71/><V24/><F99/><W108/><G108/><T78/><D78/><U102/><E22/><V107/><F107/><W114/><AGARI ba="0,1" hai="28,29,36,37,50,51,64,65,68,69,72,75,113,114" machi="114" ten="25,12000,2" yaku="1,1,0,1,22,2,52,2,53,0" doraHai="106" doraHaiUra="77" who="3" fromWho="3" sc="250,-60,250,-30,250,-30,240,130" /><INIT seed="1,0,0,2,1,96" ten="190,220,220,370" oya="1" hai0="70,21,59,88,135,23,82,95,2,35,47,104,30" hai1="90,68,105,25,84,46,41,77,16,10,50,67,79" hai2="100,3,81,61,17,5,12,133,80,29,108,55,37" hai3="113,99,24,36,53,86,72,52,127,11,132,122,118"/><U32/><E105/><V43/><F37/><W45/><G122/><T83/><D104/><U107/><E107/><V116/><F43/><W27/><G72/><T128/><D70/><U57/><E68/><V26/><F116/><W71/><G71/><T58/><D2/><U91/><E32/><V131/><F108/><W6/><G118/><T13/><D35/><U92/><E67/><V38/><F38/><W60/><G113/><T101/><D101/><U8/><E57/><N who="0" m="21513" /><D47/><U76/><REACH who="1" step="1"/><E91/><REACH who="1" ten="190,210,220,370" step="2"/><V62/><F131/><W117/><G117/><T130/><D135/><U74/><E74/><V129/><F133/><W56/><G132/><T7/><D130/><U51/><E51/><V66/><F129/><W126/><G56/><T75/><D75/><U48/><E48/><V73/><F66/><W121/><G36/><T115/><D115/><U22/><AGARI ba="0,1" hai="8,10,16,22,25,41,46,50,76,77,79,84,90,92" machi="22" ten="30,11700,0" yaku="1,1,0,1,8,1,54,1,53,0" doraHai="96" doraHaiUra="9" who="1" fromWho="1" sc="190,-39,210,127,220,-39,370,-39" /><INIT seed="1,1,0,2,1,111" ten="151,337,181,331" oya="1" hai0="24,46,120,58,121,17,27,62,127,12,43,92,78" hai1="118,37,1,91,108,109,55,97,2,90,0,26,10" hai2="99,4,126,7,23,14,85,53,13,82,98,96,56" hai3="104,9,3,36,38,94,113,69,42,87,86,31,74"/><U63/><E37/><V88/><F126/><W128/><G74/><T60/><D127/><U103/><E118/><V134/><F134/><W45/><G69/><T51/><D78/><U54/><E10/><V18/><REACH who="2" step="1"/><F14/><REACH who="2" ten="151,337,171,331" step="2"/><W59/><G3/><T44/><D12/><U105/><E1/><V22/><F22/><W107/><G9/><T49/><D17/><U20/><E0/><V64/><F64/><W132/><G132/><T80/><D43/><U15/><E15/><V114/><F114/><W83/><G42/><T28/><D28/><U50/><E2/><V25/><F25/><W101/><G113/><T70/><D70/><U48/><E109/><V125/><F125/><W66/><G31/><T100/><D58/><U73/><E108/><V117/><F117/><W57/><G59/><T116/><D116/><U19/><E19/><V102/><F102/><W84/><G57/><T40/><D40/><U32/><E20/><V95/><F95/><W75/><G94/><T16/><D16/><U123/><E26/><V119/><F119/><W47/><G101/><T8/><D92/><U122/><E103/><V34/><F34/><W112/><G66/><T39/><D100/><U30/><E30/><V131/><F131/><W77/><G112/><T93/><D93/><U133/><E32/><V68/><F68/><W89/><G128/><T52/><D8/><U135/><E135/><V5/><F5/><W106/><G83/><T76/><D80/><U71/><E133/><V115/><F115/><W21/><G21/><T79/><D39/><U6/><E71/><V33/><F33/><RYUUKYOKU ba="1,1" sc="151,15,337,-15,171,15,331,-15" hai0="24,27,44,46,49,51,52,60,62,76,79,120,121" hai2="4,7,13,18,23,53,56,82,85,88,96,98,99" /><INIT seed="2,2,1,3,4,22" ten="166,322,186,316" oya="2" hai0="112,123,63,31,115,90,35,124,21,118,96,71,33" hai1="55,113,86,97,88,65,87,47,121,122,101,36,93" hai2="52,129,59,27,58,12,46,106,34,24,6,85,105" hai3="114,45,103,48,40,92,127,120,107,26,68,10,18"/><V13/><F129/><W42/><G68/><T125/><D123/><N who="1" m="47115" /><E113/><V19/><F34/><W84/><G114/><T78/><D21/><U94/><E65/><V89/><F105/><W135/><G120/><T70/><D33/><U1/><E1/><V29/><F29/><W54/><G107/><T109/><D118/><U11/><E11/><N who="2" m="4215" /><F106/><W128/><G128/><T61/><D71/><U108/><E108/><V8/><F46/><W14/><G135/><T104/><D109/><U76/><E55/><V99/><F99/><N who="3" m="59879" /><G127/><N who="0" m="48715" /><D78/><U4/><E47/><V3/><F3/><W51/><G51/><T41/><D41/><N who="3" m="15977" /><G84/><T20/><D35/><U25/><E36/><V38/><F38/><W49/><G49/><T69/><D69/><U5/><E86/><V119/><F119/><W74/><G74/><T116/><D116/><U66/><E76/><V117/><F117/><W2/><G2/><T17/><D31/><U111/><E111/><V79/><F79/><W0/><G0/><T131/><D131/><U9/><E87/><V95/><F59/><W37/><G37/><T28/><D28/><U126/><E126/><V15/><F15/><W67/><G67/><N who="0" m="41327" /><D63/><AGARI ba="2,1" hai="8,13,19,24,27,52,58,63,85,89,95" m="4215" machi="63" ten="30,11600,0" yaku="8,1,52,2,54,1" doraHai="22" who="2" fromWho="0" sc="166,-122,322,0,186,132,316,0" /><INIT seed="2,3,0,0,5,135" ten="44,322,318,316" oya="2" hai0="117,6,53,46,45,48,67,105,94,43,88,73,131" hai1="96,115,11,85,18,4,59,95,87,62,56,132,103" hai2="32,58,106,89,21,14,1,54,49,80,127,128,122" hai3="55,37,129,133,20,13,104,123,41,47,33,107,23"/><V24/><F1/><W113/><G33/><T83/><D131/><U102/><E132/><V124/><F122/><W16/><G133/><T66/><D117/><U126/><E115/><V120/><F120/><W114/><G123/><T60/><D105/><U10/><E103/><V51/><F106/><W27/><G129/><T50/><D6/><U61/><E18/><V12/><F128/><W70/><G70/><T84/><D73/><U19/><E19/><N who="2" m="12351" /><F32/><W75/><G75/><T42/><REACH who="0" step="1"/><D83/><REACH who="0" ten="34,322,318,316" step="2"/><U92/><E4/><V74/><F74/><W15/><G107/><T82/><D82/><U78/><E92/><V25/><F80/><W34/><G104/><T29/><D29/><U8/><E95/><V7/><F7/><W26/><G114/><T52/><D52/><U65/><E102/><V91/><F25/><W101/><G113/><T39/><D39/><U76/><E96/><V28/><F28/><W108/><G27/><T86/><D86/><U40/><E87/><V63/><F91/><W0/><G26/><T98/><D98/><U118/><E118/><V69/><F89/><W112/><G112/><T57/><AGARI ba="3,1" hai="42,43,45,46,48,50,53,57,60,66,67,84,88,94" machi="57" ten="30,8000,1" yaku="1,1,0,1,9,1,8,1,54,1,53,0" doraHai="135" doraHaiUra="35" who="0" fromWho="0" sc="34,99,322,-23,318,-43,316,-23" /><INIT seed="3,0,0,0,0,2" ten="133,299,275,293" oya="3" hai0="109,70,65,40,54,79,126,74,45,30,25,107,106" hai1="71,112,105,53,110,98,13,1,14,122,78,111,4" hai2="5,62,72,23,26,119,18,20,133,67,58,82,104" hai3="36,29,123,75,8,31,57,128,108,83,135,114,12"/><W134/><G36/><T24/><D24/><U116/><E71/><V81/><F119/><W47/><G123/><T64/><D64/><U33/><E78/><V48/><F104/><W117/><G117/><T99/><D54/><U44/><E98/><V50/><F133/><W118/><G118/><T52/><D52/><U37/><E105/><V101/><F101/><W55/><G114/><T9/><D9/><N who="1" m="2191" /><E116/><V32/><F32/><W73/><G128/><T97/><D97/><U94/><E94/><V100/><F100/><W21/><G47/><T41/><D41/><U120/><E53/><V3/><F23/><W103/><G103/><T84/><D84/><U129/><E44/><V96/><F96/><W0/><G0/><T34/><D99/><U43/><E43/><V77/><REACH who="2" step="1"/><F82/><REACH who="2" ten="133,299,265,293" step="2"/><W91/><G83/><N who="0" m="45559" /><D109/><N who="1" m="41483" /><E37/><V63/><F63/><W6/><G135/><T16/><D16/><U102/><E102/><V15/><F15/><N who="1" m="5641" /><E112/><V51/><F51/><W56/><G134/><T68/><D68/><U85/><E33/><V113/><F113/><W39/><G8/><AGARI ba="0,1" hai="3,5,8,18,20,26,48,50,58,62,67,72,77,81" machi="8" ten="40,2600,0" yaku="1,1,52,1,53,0" doraHai="2" doraHaiUra="90" who="2" fromWho="3" sc="133,0,299,0,265,36,293,-26" /><INIT seed="4,0,0,2,4,119" ten="133,299,301,267" oya="0" hai0="107,17,60,50,95,71,115,122,40,79,57,36,86" hai1="66,124,121,61,27,23,130,89,82,74,22,53,128" hai2="118,77,131,30,47,19,96,73,129,117,13,83,113" hai3="133,120,28,52,132,39,4,16,88,62,68,91,64"/><T67/><D115/><U104/><E104/><V97/><F30/><W127/><G39/><T26/><D107/><U75/><E53/><V110/><F47/><W114/><G114/><T109/><D109/><U116/><E116/><N who="2" m="44651" /><F19/><W103/><G28/><T102/><D102/><U10/><E10/><V7/><F7/><W94/><G4/><T32/><D32/><U99/><E124/><V14/><F14/><W105/><G105/><T101/><D101/><U72/><E82/><V9/><F13/><W123/><G127/><T42/><D71/><U43/><E43/><V92/><F9/><W135/><G16/><T34/><D34/><U70/><E89/><N who="3" m="34378" /><G52/><T98/><D36/><U48/><E99/><AGARI ba="0,0" hai="62,64,68,94,99,103,120,123,132,133,135" m="34378" machi="99" ten="40,8000,1" yaku="20,1,52,2,54,1" doraHai="119" who="3" fromWho="1" sc="133,0,299,-80,301,0,267,80" /><INIT seed="5,0,0,5,0,132" ten="133,219,301,347" oya="1" hai0="81,70,82,0,89,34,5,7,100,25,10,4,9" hai1="64,54,71,107,83,68,128,13,77,123,45,80,40" hai2="74,51,15,50,126,12,119,76,90,17,86,1,113" hai3="47,61,122,43,69,42,49,63,131,3,106,85,35"/><U33/><E33/><V16/><F1/><W46/><G122/><T28/><D70/><U111/><E107/><V19/><F119/><W29/><G106/><T39/><D39/><U66/><E83/><V78/><F113/><W41/><G3/><T93/><D100/><U24/><E24/><V94/><F126/><W36/><G85/><T58/><D4/><U95/><E95/><V26/><F26/><W133/><G29/><T56/><D82/><U102/><E102/><V23/><F19/><W134/><G35/><T59/><D81/><U116/><E13/><V62/><F62/><N who="3" m="23563" /><G43/><T32/><D32/><U87/><E54/><V48/><REACH who="2" step="1"/><F74/><REACH who="2" ten="133,219,291,347" step="2"/><W104/><G69/><T84/><REACH who="0" step="1"/><D58/><REACH who="0" ten="123,219,291,347" step="2"/><U2/><E71/><V96/><F96/><W18/><G133/><T92/><D92/><U118/><E68/><V130/><F130/><W14/><G134/><T38/><D38/><U124/><E128/><V99/><F99/><W65/><G36/><T135/><D135/><U79/><E118/><V121/><F121/><W73/><G131/><T127/><D127/><U72/><E124/><V120/><F120/><W129/><G129/><T91/><D91/><U31/><E116/><V53/><F53/><W55/><G55/><T101/><D101/><U115/><E123/><V60/><F60/><W67/><G104/><T27/><D27/><U98/><E98/><V57/><F57/><W108/><G73/><T20/><D20/><AGARI ba="0,2" hai="12,15,16,17,20,23,48,50,51,76,78,86,90,94" machi="20" ten="40,8000,1" yaku="1,1,9,1,8,1,54,1,53,0" doraHai="132" doraHaiUra="112" who="2" fromWho="0" sc="123,-80,219,0,291,100,347,0" /><INIT seed="6,0,0,3,4,116" ten="43,219,391,347" oya="2" hai0="112,9,73,111,49,13,129,87,75,107,96,78,21" hai1="1,91,113,28,6,33,8,63,0,24,14,80,81" hai2="41,35,79,16,72,29,60,57,59,45,93,42,61" hai3="98,5,27,119,84,31,52,17,89,39,127,122,125"/><V103/><F72/><W67/><G39/><T104/><D111/><U106/><E106/><V25/><F79/><W92/><G119/><T97/><D112/><U134/><E81/><V15/><F103/><W133/><G5/><T95/><D129/><U65/><E113/><V2/><F2/><W18/><G133/><T114/><D114/><U120/><E80/><V64/><F45/><W54/><G67/><T53/><D21/><U90/><E90/><V131/><F93/><W23/><G98/><T48/><D95/><U50/><E50/><V19/><F131/><W38/><G38/><T130/><D130/><U71/><E91/><V34/><F34/><W30/><G30/><T85/><D78/><U37/><E37/><V10/><REACH who="2" step="1"/><F19/><REACH who="2" ten="43,219,381,347" step="2"/><W110/><G18/><T128/><D128/><U26/><E1/><V115/><F115/><W46/><G46/><T62/><D62/><U47/><E47/><V105/><F105/><W83/><G92/><T123/><D53/><AGARI ba="0,1" hai="10,15,16,25,29,35,41,42,53,57,59,60,61,64" machi="53" ten="30,11600,0" yaku="1,1,7,1,54,1,53,1" doraHai="116" doraHaiUra="12" who="2" fromWho="0" sc="43,-116,219,0,381,126,347,0" owari="-73,-57.0,219,-18.0,507,60.0,347,15.0" /></mjloggm>