<mjloggm ver="2.3"><GO type="169" lobby="0"/><UN n0="%E3%82%A6%E3%83%AB%E3%83%88%E3%83%A9%E7%AB%8B%E7%9B%B4" n1="%EF%BC%91%EF%BC%92%EF%BC%94%EF%BC%98%EF%BC%91%EF%BC%96%EF%BC%93%EF%BC%92" n2="%E3%81%97%E3%81%8A%E3%82%84%E3%81%A0%E3%82%93" n3="%E5%89%8D%E6%88%AF%33%30%E5%88%86" dan="16,17,17,17" rate="2109.27,2158.00,2148.83,2168.39" sx="M,M,F,F"/><TAIKYOKU oya="0"/><INIT seed="0,0,0,0,0,58" ten="250,250,250,250" oya="0" hai0="2,48,115,124,23,105,97,36,108,7,53,132,39" hai1="35,95,86,12,93,120,45,41,6,127,76,3,118" hai2="81,17,42,67,72,90,111,63,135,16,65,122,62" hai3="11,119,8,64,29,83,24,100,38,70,13,56,1"/><T51/><D115/><U10/><E35/><V104/><F104/><W27/><G119/><T88/><D124/><U73/><E118/><V47/><F122/><W117/><G38/><T40/><D132/><U66/><E120/><V68/><F135/><W4/><G70/><T54/><D108/><U116/><E127/><V19/><F111/><W126/><G117/><T52/><D7/><U37/><E116/><V133/><F133/><W79/><G100/><T32/><D2/><U14/><E66/><V103/><F103/><W15/><G126/><T18/><D32/><U77/><E77/><V44/><F42/><W114/><G114/><T99/><D105/><U78/><E78/><V107/><F107/><W121/><G121/><T0/><D0/><U71/><E71/><V5/><F5/><W57/><G24/><N who="0" m="14455" /><D39/><U89/><REACH who="1" step="1"/><E95/><REACH who="1" ten="250,240,250,250" step="2"/><V46/><F72/><W113/><G113/><T60/><D36/><U22/><E22/><V28/><F28/><W125/><G125/><T34/><D34/><U92/><E92/><V74/><F74/><W80/><G29/><T33/><D33/><U130/><E130/><V110/><F110/><W9/><G9/><T43/><D51/><U82/><AGARI ba="0,1" hai="3,6,10,12,14,37,41,45,73,76,82,86,89,93" machi="82" ten="30,7900,0" yaku="1,1,0,1,25,2,53,0" doraHai="58" doraHaiUra="25" who="1" fromWho="1" sc="250,-39,240,89,250,-20,250,-20" /><INIT seed="1,0,0,1,0,80" ten="211,329,230,230" oya="1" hai0="101,121,93,83,105,112,14,4,45,15,27,62,98" hai1="123,64,59,2,34,85,61,94,10,66,127,60,44" hai2="92,120,87,114,48,79,53,57,115,130,89,124,46" hai3="29,43,39,20,31,125,52,77,90,135,133,119,50"/><U35/><E123/><V5/><F120/><W107/><G77/><T36/><D112/><N who="2" m="43050" /><F130/><W86/><G107/><T91/><D121/><U8/><E127/><V76/><F124/><W69/><G69/><T106/><D106/><U26/><E44/><V63/><F5/><W18/><G119/><T21/><D4/><U41/><E41/><AGARI ba="0,0" hai="41,46,48,53,57,63,76,79,87,89,92" m="43050" machi="41" ten="30,2000,0" yaku="11,1,52,1" doraHai="80" who="2" fromWho="1" sc="211,0,329,-20,230,20,230,0" /><INIT seed="2,0,0,3,5,66" ten="211,309,250,230" oya="2" hai0="25,126,29,87,116,15,56,122,19,84,6,16,93" hai1="80,134,78,88,75,115,77,32,2,83,1,18,47" hai2="55,90,82,111,42,85,33,112,23,74,107,124,133" hai3="81,31,20,24,89,129,67,132,113,21,62,114,63"/><V106/><F112/><N who="3" m="43115" /><G132/><T14/><D122/><U37/><E115/><V76/><F33/><N who="3" m="20711" /><G129/><T117/><D56/><U34/><E134/><V94/><F133/><W97/><G62/><T100/><D100/><U35/><E18/><N who="0" m="6697" /><D93/><U8/><E8/><V59/><F23/><W64/><G64/><T17/><D87/><U60/><E60/><V41/><F124/><W7/><G7/><T135/><D84/><U99/><E99/><V61/><REACH who="2" step="1"/><F111/><REACH who="2" ten="211,309,240,230" step="2"/><W12/><G21/><T48/><D135/><U54/><E34/><V28/><F28/><W57/><G20/><T91/><D126/><U13/><E35/><V109/><F109/><W120/><G120/><T105/><D117/><U52/><E32/><V108/><F108/><W121/><G121/><T65/><D116/><U127/><E127/><V92/><F92/><N who="3" m="56463" /><G81/><T40/><D29/><U36/><E83/><V130/><F130/><W72/><G12/><T53/><D15/><U30/><E13/><V118/><F118/><W98/><G98/><T70/><D14/><U49/><E30/><V69/><F69/><W46/><G72/><T26/><D26/><U10/><E75/><V3/><F3/><W131/><G131/><T71/><D25/><U22/><E1/><V50/><F50/><W128/><G128/><T58/><D71/><U119/><E119/><V96/><F96/><W95/><G95/><T27/><D70/><U73/><E22/><V103/><F103/><W11/><G11/><T4/><D27/><U44/><E10/><V102/><F102/><W51/><G51/><T43/><D48/><U79/><E49/><RYUUKYOKU ba="0,1" sc="211,-15,309,-15,240,15,230,15" hai2="41,42,55,59,61,74,76,82,85,90,94,106,107" hai3="46,57,63,67" /><INIT seed="2,1,1,3,0,95" ten="196,294,255,245" oya="2" hai0="16,97,131,101,14,123,118,104,37,44,83,15,7" hai1="17,13,119,58,65,124,39,60,45,92,87,132,84" hai2="116,109,100,43,135,94,93,103,19,75,32,48,73" hai3="80,128,41,126,5,1,4,76,121,122,42,112,134"/><V105/><F116/><W51/><G1/><T54/><D123/><U29/><E119/><V89/><F32/><W130/><G51/><T111/><D118/><U91/><E124/><V3/><F3/><W71/><G71/><T23/><D111/><U31/><E132/><V66/><F66/><W115/><G80/><T24/><D131/><N who="3" m="50217" /><G76/><T99/><D7/><N who="3" m="2633" /><G134/><T10/><D10/><N who="1" m="6327" /><E39/><V22/><F135/><W6/><G6/><T74/><D83/><N who="1" m="49567" /><E45/><N who="2" m="25663" /><F105/><W28/><G28/><T85/><D85/><U98/><E87/><N who="2" m="52415" /><F75/><W26/><G26/><T55/><D74/><U9/><E9/><V53/><F73/><W108/><G108/><T8/><D8/><U82/><E82/><V127/><F127/><W129/><G129/><T63/><D37/><U36/><E36/><V0/><F0/><W107/><G107/><T35/><D35/><U114/><E114/><N who="3" m="43562" /><G126/><T77/><D77/><U46/><E46/><V113/><F109/><W88/><G88/><AGARI ba="1,1" hai="29,31,58,60,65,88,92,98" m="49567,6327" machi="88" ten="30,3900,0" yaku="8,1,52,1,54,1" doraHai="95" who="1" fromWho="3" sc="196,0,294,52,255,0,245,-42" /><INIT seed="3,0,0,4,5,23" ten="196,346,255,203" oya="3" hai0="121,58,30,115,82,83,71,56,48,9,8,77,42" hai1="20,6,134,127,66,93,10,27,61,28,2,0,21" hai2="103,106,26,97,86,13,16,75,96,126,31,118,33" hai3="52,74,49,45,85,41,125,63,92,117,12,130,133"/><W59/><G117/><T47/><D71/><U135/><E127/><V91/><F118/><W7/><G125/><T81/><D121/><U34/><E93/><V109/><F126/><W112/><G112/><T25/><D77/><U122/><E122/><V123/><F123/><W113/><G113/><T87/><D87/><U14/><E61/><V1/><F75/><W18/><G74/><T104/><D104/><U3/><E66/><V107/><F1/><W132/><G7/><T84/><D84/><U72/><E72/><V79/><F79/><W131/><G92/><T80/><N who="0" m="20480" /><DORA hai="65" /><T39/><D115/><U114/><E114/><V124/><F124/><W110/><G85/><T94/><D94/><U46/><E46/><V64/><F109/><W22/><REACH who="3" step="1"/><G110/><REACH who="3" ten="196,346,255,193" step="2"/><T37/><D37/><U40/><E6/><V90/><F86/><W62/><G62/><T51/><D39/><U73/><E73/><V55/><F107/><W57/><G57/><T68/><D68/><U24/><E135/><AGARI ba="0,1" hai="12,18,22,41,45,49,52,59,63,130,131,132,133,135" machi="135" ten="40,12000,1" yaku="1,1,20,1,54,1,53,1" doraHai="23,65" doraHaiUra="4,36" who="3" fromWho="1" sc="196,0,346,-120,255,0,193,130" /><INIT seed="3,1,0,2,2,89" ten="196,226,255,323" oya="3" hai0="108,14,76,122,86,133,27,77,112,94,101,80,125" hai1="73,100,72,57,37,62,135,24,85,118,87,25,40" hai2="116,31,115,19,9,117,52,128,120,13,18,66,34" hai3="113,78,3,58,130,44,2,63,111,102,81,12,103"/><W1/><G113/><T16/><D122/><U83/><E135/><V69/><F115/><W82/><G130/><T32/><D112/><U43/><E100/><V41/><F128/><W20/><G44/><T124/><D108/><U59/><E62/><V10/><F41/><W36/><G36/><T60/><D60/><U48/><E48/><V46/><F66/><W56/><G111/><T30/><D133/><U70/><E83/><V129/><F69/><W65/><G56/><T8/><REACH who="0" step="1"/><D77/><REACH who="0" ten="186,226,255,323" step="2"/><U5/><E118/><V132/><F132/><W107/><G78/><T38/><D38/><U75/><E37/><V55/><F120/><W11/><G63/><T93/><D93/><U42/><E70/><V123/><F123/><W33/><G107/><T67/><D67/><U88/><E5/><V6/><F6/><W84/><G65/><T51/><D51/><U99/><E59/><V105/><F105/><W110/><G58/><T50/><D50/><U96/><E57/><V104/><F104/><W15/><G110/><T90/><D90/><U0/><E88/><V39/><F39/><W97/><G102/><T131/><D131/><U114/><E114/><V45/><F129/><W7/><G103/><T95/><D95/><U53/><E53/><V54/><F54/><W71/><G7/><T17/><D17/><U121/><E121/><V61/><F61/><W4/><G4/><T119/><D119/><U64/><E64/><V134/><F134/><W47/><G1/><T106/><D106/><U74/><N who="1" m="18432" /><DORA hai="23" /><U126/><E0/><V49/><F116/><W29/><G2/><RYUUKYOKU ba="1,1" sc="186,30,226,-10,255,-10,323,-10" hai0="8,14,16,27,30,32,76,80,86,94,101,124,125" /><INIT seed="4,2,1,4,5,127" ten="216,216,245,313" oya="0" hai0="94,88,79,121,6,50,0,54,131,5,115,11,76" hai1="39,58,27,37,119,130,57,53,66,63,17,74,44" hai2="107,41,31,15,135,26,29,18,1,36,78,10,73" hai3="91,134,117,84,83,72,89,86,19,30,104,51,105"/><T123/><D115/><U70/><E74/><V23/><F107/><W32/><G117/><T106/><D106/><U46/><E119/><V101/><F101/><W62/><G72/><T47/><D6/><U90/><E90/><V133/><F78/><W69/><G51/><T114/><D114/><U40/><E17/><V65/><F65/><W9/><G30/><T112/><D112/><U80/><E80/><V118/><F73/><W67/><G32/><T111/><D111/><U99/><E99/><V122/><F118/><W52/><G134/><N who="2" m="51209" /><F41/><W64/><G9/><T128/><D79/><U34/><E27/><N who="2" m="16639" /><F36/><N who="1" m="13897" /><E34/><N who="2" m="20855" /><F122/><W35/><G83/><T132/><D132/><U71/><E40/><V102/><F102/><W28/><G91/><T24/><D76/><U125/><E70/><V82/><F82/><W3/><G89/><T85/><REACH who="0" step="1"/><D24/><REACH who="0" ten="206,216,245,313" step="2"/><U96/><E125/><V13/><F13/><W124/><G124/><T8/><D8/><U4/><E4/><V68/><F68/><W56/><G69/><T126/><D126/><U55/><E71/><V108/><F108/><W87/><G105/><T97/><D97/><U20/><E96/><V48/><F1/><W45/><G3/><T129/><AGARI ba="2,2" hai="0,5,11,47,50,54,85,88,94,121,123,128,129,131" machi="129" ten="30,24000,3" yaku="1,1,0,1,19,1,52,3,54,1,53,2" doraHai="127" doraHaiUra="116" who="0" fromWho="0" sc="206,266,216,-82,245,-82,313,-82" /><INIT seed="4,3,0,4,1,29" ten="472,134,163,231" oya="0" hai0="94,98,12,5,122,38,44,99,48,50,13,68,119" hai1="2,10,106,123,78,84,18,121,75,45,72,31,128" hai2="86,59,34,93,76,95,83,1,92,109,101,35,126" hai3="87,39,113,127,112,91,105,27,20,116,16,6,15"/><T21/><D68/><U17/><E106/><V111/><F1/><W57/><G105/><T103/><D122/><U118/><E118/><V132/><F101/><W49/><G39/><T61/><D61/><U96/><E96/><V36/><F36/><W134/><G116/><T40/><D119/><U102/><E102/><V4/><F4/><W30/><G134/><T0/><D0/><U120/><E128/><V125/><F132/><W60/><G127/><N who="2" m="48649" /><F59/><W88/><G49/><T100/><D5/><U19/><E31/><V58/><F58/><W131/><G6/><T14/><D21/><U41/><E2/><V52/><F52/><N who="3" m="33831" /><G131/><T63/><REACH who="0" step="1"/><D63/><REACH who="0" ten="462,134,163,231" step="2"/><U85/><E10/><V110/><AGARI ba="3,1" hai="34,35,76,83,86,92,93,95,109,110,111" m="48649" machi="110" ten="40,5200,0" yaku="18,1,52,2" doraHai="29" who="2" fromWho="2" sc="462,-29,134,-16,163,71,231,-16" /><INIT seed="5,0,0,0,5,117" ten="433,118,234,215" oya="1" hai0="131,79,99,62,14,68,56,42,103,65,61,114,77" hai1="98,125,76,112,64,48,8,123,23,119,124,122,9" hai2="111,72,28,31,104,17,69,55,18,82,130,95,37" hai3="97,4,92,106,127,13,73,116,87,71,29,12,78"/><U25/><E64/><V21/><F104/><W39/><G39/><T89/><D131/><U67/><E67/><V54/><F69/><W47/><G71/><T59/><D68/><U108/><E76/><V46/><F130/><W126/><G116/><T102/><D42/><U120/><E119/><V51/><F111/><W86/><G29/><T88/><D14/><U38/><E38/><V16/><F37/><W63/><G63/><T50/><D50/><U3/><E108/><V1/><F1/><W109/><G106/><T129/><D129/><U80/><E80/><V118/><F118/><W101/><G109/><T90/><D114/><U45/><E112/><V84/><F21/><W96/><G47/><T41/><D41/><N who="1" m="24623" /><E98/><V11/><F95/><N who="3" m="58527" /><G4/><T19/><D19/><N who="1" m="12543" /><E3/><V15/><F55/><W81/><G13/><T135/><D135/><U43/><E43/><V26/><F72/><W27/><G12/><T74/><D74/><U85/><E85/><N who="3" m="32266" /><G27/><T36/><D36/><U30/><E30/><N who="2" m="11307" /><F26/><W134/><G134/><T110/><D110/><U49/><E49/><V2/><F2/><W94/><G94/><T113/><D113/><U133/><E133/><V107/><F107/><W58/><G58/><T83/><D83/><U93/><E93/><V132/><F132/><W33/><G33/><T121/><D99/><U5/><E5/><V34/><F34/><W24/><G24/><T57/><D65/><U75/><E75/><V115/><F115/><W7/><G7/><T0/><D0/><U66/><E66/><V70/><F70/><W128/><G128/><T91/><D79/><AGARI ba="0,0" hai="11,15,16,17,18,46,51,54,79,82,84" m="11307" machi="79" ten="30,3900,0" yaku="6,1,8,1,54,1" doraHai="117" who="2" fromWho="0" sc="433,-39,118,0,234,39,215,0" /><INIT seed="6,0,0,1,4,84" ten="394,118,273,215" oya="2" hai0="130,91,76,11,78,114,57,111,112,103,122,19,96" hai1="1,50,29,117,59,36,77,131,10,118,95,121,61" hai2="123,125,127,56,33,128,16,71,0,135,86,126,89" hai3="108,7,94,66,92,105,52,124,20,79,28,53,46"/><V40/><F71/><W48/><G105/><T132/><D111/><U102/><E36/><V60/><F33/><W44/><G108/><T106/><D122/><U41/><E121/><V8/><F123/><W93/><G124/><T5/><D130/><U85/><E131/><V109/><F40/><W80/><G7/><T68/><D68/><U88/><E29/><V58/><F128/><W3/><G3/><T42/><D42/><U18/><E77/><V25/><F0/><W101/><G66/><T90/><D19/><U116/><E102/><V24/><F109/><W87/><G101/><T99/><D57/><N who="2" m="22122" /><F60/><W14/><G14/><T113/><D132/><U104/><E104/><V70/><F70/><W22/><REACH who="3" step="1"/><G28/><REACH who="3" ten="394,118,273,205" step="2"/><T69/><D103/><U32/><E32/><V43/><F135/><W39/><G39/><T9/><D106/><U67/><E1/><V73/><F73/><W51/><AGARI ba="0,1" hai="20,22,44,46,48,51,52,53,79,80,87,92,93,94" machi="51" ten="30,12000,2" yaku="1,1,0,1,9,1,8,1,54,1,53,1" doraHai="84" doraHaiUra="75" who="3" fromWho="3" sc="394,-30,118,-30,273,-60,205,130" /><INIT seed="7,0,0,2,4,128" ten="364,88,213,335" oya="3" hai0="101,29,98,69,5,55,25,46,32,53,27,116,115" hai1="33,73,81,80,134,51,97,129,88,1,44,92,47" hai2="68,75,30,94,23,36,70,82,132,106,21,124,105" hai3="60,110,7,112,26,87,28,76,3,57,45,42,103"/><W130/><G130/><T99/><D116/><U122/><E1/><V15/><F36/><W91/><G112/><T84/><D69/><U131/><E33/><V34/><F34/><W38/><G110/><T64/><D64/><U104/><E51/><V123/><F123/><W72/><G103/><T63/><D115/><U96/><E92/><V16/><F124/><W10/><G76/><T11/><D98/><U121/><E73/><V102/><F94/><W62/><G72/><T114/><D114/><U20/><E20/><V49/><F49/><W89/><G60/><T117/><D117/><U43/><E43/><V79/><F105/><W52/><REACH who="3" step="1"/><G87/><REACH who="3" ten="364,88,213,325" step="2"/><T2/><D63/><U111/><E111/><V71/><F102/><W119/><G119/><T65/><D84/><U108/><E108/><V100/><F100/><W40/><G40/><T113/><D113/><U118/><E118/><V8/><F106/><W12/><G12/><T41/><D27/><U125/><E104/><V24/><F132/><W59/><G59/><T127/><D127/><U37/><E37/><V17/><F71/><W77/><G77/><T107/><D65/><U39/><E39/><AGARI ba="0,1" hai="2,5,11,25,29,32,39,41,46,53,55,99,101,107" machi="39" ten="30,1000,0" yaku="7,1" doraHai="128" who="0" fromWho="1" sc="364,20,88,-10,213,0,325,0" owari="384,48.0,78,-42.0,213,-19.0,325,13.0" /></mjloggm>