<mjloggm ver="2.3"><GO type="97" lobby="0"/><UN n0="%4F%69%E3%81%AE%E3%81%B6%E5%AD%90" n1="%E5%B0%B1%E6%B4%BB%E7%94%9F%40%E5%B7%9D%E6%9D%91%E8%BB%8D%E5%9B%A3" n2="%45%65%72%69%6B" n3="%E3%81%8E%E3%82%93%E3%81%93" dan="13,15,13,13" rate="1895.38,2009.46,1815.86,1868.51" sx="M,M,M,F"/><TAIKYOKU oya="0"/><INIT seed="0,0,0,0,0,59" ten="250,250,250,250" oya="0" hai0="38,129,30,102,6,4,34,39,37,135,101,57,0" hai1="14,85,17,109,106,97,58,84,100,98,45,89,35" hai2="29,95,52,126,127,87,113,21,47,72,99,79,94" hai3="62,24,61,41,5,54,53,123,68,36,133,64,15"/><T32/><D135/><U76/><E35/><N who="0" m="13353" /><D57/><U46/><E109/><V108/><F113/><W131/><G24/><T132/><D132/><U91/><E76/><V16/><F108/><W33/><G33/><T88/><D30/><U22/><E97/><V50/><F72/><W70/><G15/><T122/><D0/><U125/><E125/><N who="2" m="47627" /><F29/><W124/><G5/><N who="0" m="2155" /><D122/><U92/><REACH who="1" step="1"/><E58/><REACH who="1" ten="250,240,250,250" step="2"/><V119/><F99/><W75/><G124/><T18/><D129/><U118/><E118/><V55/><F119/><W10/><G131/><T114/><D114/><U74/><E74/><V104/><F79/><W2/><G75/><T65/><D65/><U28/><E28/><V130/><F130/><W90/><G64/><T82/><D82/><AGARI ba="0,1" hai="14,17,22,45,46,82,84,85,89,91,92,98,100,106" machi="82" ten="30,3900,0" yaku="1,1,7,1,53,1" doraHai="59" doraHaiUra="9" who="1" fromWho="0" sc="250,-39,240,49,250,0,250,0" /><INIT seed="1,0,0,4,0,103" ten="211,289,250,250" oya="1" hai0="56,114,33,77,88,30,53,131,11,12,70,102,113" hai1="54,133,85,43,67,100,35,6,51,55,106,50,17" hai2="25,41,23,125,80,58,31,59,71,105,28,99,57" hai3="82,38,122,60,123,121,87,119,22,39,29,3,111"/><U13/><E35/><V104/><F125/><W40/><G3/><T32/><D70/><U96/><E133/><V75/><F71/><W24/><G40/><T107/><D131/><U64/><E6/><V68/><F68/><W86/><G119/><T95/><D77/><U18/><E43/><V14/><F41/><W73/><G73/><T134/><D134/><U36/><E36/><V66/><F14/><W108/><G60/><T46/><D46/><U19/><E85/><N who="3" m="32266" /><G82/><T109/><D109/><AGARI ba="0,0" hai="22,24,29,38,39,108,109,111,121,122,123" m="32266" machi="109" ten="40,1300,0" yaku="14,1" doraHai="103" who="3" fromWho="0" sc="211,-13,289,0,250,0,250,13" /><INIT seed="2,0,0,0,1,1" ten="198,289,250,263" oya="2" hai0="18,102,19,12,67,123,85,72,95,33,73,117,48" hai1="60,110,7,130,84,122,37,89,30,23,92,120,101" hai2="5,29,40,11,9,61,66,58,109,99,135,124,41" hai3="20,36,6,86,87,70,2,93,97,125,80,4,74"/><V134/><F124/><W26/><G70/><T108/><D123/><N who="1" m="47147" /><E37/><V103/><F109/><W35/><G35/><T127/><D108/><U21/><E110/><V43/><F29/><W52/><G125/><T106/><D127/><U90/><E130/><V126/><F126/><W22/><G74/><T105/><D33/><U121/><E121/><V24/><F24/><W91/><G36/><T57/><D117/><U47/><E101/><V45/><F45/><W42/><G42/><T28/><D28/><U83/><E30/><V69/><F69/><W54/><G2/><T53/><D67/><U71/><E7/><N who="3" m="2602" /><G22/><N who="1" m="8202" /><E47/><V128/><F128/><W79/><G87/><T15/><D85/><N who="1" m="52271" /><E60/><V100/><F99/><W68/><G68/><AGARI ba="0,0" hai="68,71,83,84,90" m="52271,8202,47147" machi="68" ten="30,1000,0" yaku="13,1" doraHai="1" who="1" fromWho="3" sc="198,0,289,10,250,0,263,-10" /><INIT seed="3,0,0,3,0,70" ten="198,299,250,253" oya="3" hai0="135,121,95,93,21,122,9,120,61,57,10,80,20" hai1="5,110,40,1,2,118,51,83,31,82,102,79,73" hai2="50,105,84,6,123,124,18,96,91,74,109,81,26" hai3="30,56,27,49,114,71,97,90,119,72,53,85,117"/><W58/><G114/><T67/><D135/><U125/><E110/><V32/><F109/><W62/><G72/><T78/><D9/><U104/><E31/><V24/><F124/><W42/><G71/><T44/><D10/><U8/><E125/><V75/><F123/><W94/><G97/><T66/><D67/><U0/><E83/><V41/><F6/><W77/><G42/><T4/><D4/><U129/><E129/><V38/><F38/><W47/><G77/><T116/><D116/><U64/><E64/><V15/><F32/><W16/><G56/><T13/><D44/><U29/><E29/><V45/><F105/><W65/><REACH who="3" step="1"/><G16/><REACH who="3" ten="198,299,250,243" step="2"/><T69/><D69/><U59/><E118/><V133/><F96/><W19/><G19/><T132/><D132/><U76/><E79/><V111/><F111/><W98/><G98/><T46/><D46/><U25/><E59/><V12/><F133/><W35/><AGARI ba="0,1" hai="27,30,35,47,49,53,58,62,65,85,90,94,117,119" machi="35" ten="20,7800,0" yaku="1,1,0,1,7,1,53,1" doraHai="70" doraHaiUra="48" who="3" fromWho="3" sc="198,-26,299,-26,250,-26,243,88" owari="172,-33.0,273,7.0,224,-18.0,331,44.0" /></mjloggm>