<mjloggm ver="2.3"><GO type="97" lobby="0"/><UN n0="%E3%82%AF%E3%82%AA%E3%83%AA%E3%83%86%E3%82%A3%E3%82%BF%E3%82%B3%E3%82%B9" n1="%E3%81%97%E3%81%A3%E3%81%A1%E3%82%83%E3%82%93%36%31" n2="%E3%82%A6%E3%83%AB%E3%83%88%E3%83%A9%E7%AB%8B%E7%9B%B4" n3="%31%33%36%30" dan="15,15,14,14" rate="1987.16,1990.39,1931.37,1972.26" sx="M,M,M,M"/><TAIKYOKU oya="0"/><INIT seed="0,0,0,1,0,130" ten="250,250,250,250" oya="0" hai0="15,68,72,38,25,9,30,56,37,128,80,32,29" hai1="16,45,58,120,14,55,11,60,133,127,47,102,91" hai2="107,35,119,125,6,126,90,23,117,62,98,40,82" hai3="94,129,109,57,122,87,21,83,75,52,93,1,24"/><T2/><BYE who="2" /><D128/><U103/><E133/><V59/><F59/><W92/><G129/><T88/><D68/><U64/><E120/><V42/><F42/><W113/><G1/><UN n2="%E3%82%A6%E3%83%AB%E3%83%88%E3%83%A9%E7%AB%8B%E7%9B%B4" /><T10/><D2/><U110/><E110/><V65/><F23/><W106/><G106/><T108/><D108/><U53/><E127/><N who="2" m="48651" /><F6/><W100/><G122/><T85/><D72/><U44/><REACH who="1" step="1"/><E91/><REACH who="1" ten="250,240,250,250" step="2"/><V81/><F90/><N who="3" m="51583" /><G109/><T95/><D29/><U123/><E123/><V46/><F119/><W74/><G113/><T4/><D56/><U89/><E89/><V39/><F117/><W124/><G124/><T7/><D80/><U132/><E132/><V131/><F82/><W99/><G75/><T0/><AGARI ba="0,1" hai="0,4,7,9,10,15,25,30,32,37,38,85,88,95" machi="0" ten="20,3900,0" yaku="0,1,7,1,54,1" doraHai="130" who="0" fromWho="0" sc="250,49,240,-13,250,-13,250,-13" /><INIT seed="0,1,0,5,0,91" ten="299,227,237,237" oya="0" hai0="88,122,93,103,118,49,34,66,95,7,23,8,60" hai1="70,126,69,112,38,2,85,1,28,61,83,12,57" hai2="37,73,78,134,97,59,116,71,113,123,90,72,67" hai3="14,64,11,82,18,115,20,31,43,21,80,74,54"/><T68/><D118/><U102/><E126/><V39/><F113/><W114/><G43/><T132/><D34/><U104/><E38/><V76/><F123/><W130/><G130/><T84/><D122/><U41/><E41/><V27/><F71/><W55/><G64/><T45/><D23/><U99/><E28/><V16/><F134/><W15/><G74/><T3/><D132/><U96/><E96/><V89/><F116/><W62/><G62/><T65/><D65/><U29/><E29/><V94/><F72/><W81/><G114/><T117/><D117/><U58/><E58/><V120/><F73/><W35/><G35/><T5/><D5/><U87/><E87/><V105/><F105/><W86/><G86/><T75/><D75/><U6/><E12/><V0/><F0/><W47/><G47/><T109/><D109/><U50/><E50/><V30/><F39/><W22/><G115/><T110/><D110/><U101/><E101/><V100/><F37/><W108/><G108/><T10/><D10/><U125/><E125/><V128/><F30/><W26/><REACH who="3" step="1"/><G15/><REACH who="3" ten="299,227,237,227" step="2"/><T79/><D79/><N who="2" m="30250" /><F128/><W24/><G24/><T36/><D36/><U51/><E112/><V131/><F131/><W4/><G4/><T44/><REACH who="0" step="1"/><D49/><REACH who="0" ten="289,227,237,227" step="2"/><U25/><E51/><V33/><F120/><W9/><G9/><T107/><D107/><U129/><E6/><V133/><F33/><W17/><G17/><T121/><D121/><U53/><E129/><V48/><F133/><W106/><G106/><T135/><D135/><U92/><E104/><V63/><F48/><W42/><G42/><RYUUKYOKU ba="1,2" sc="289,10,227,-30,237,10,227,10" hai0="3,7,8,44,45,60,66,68,84,88,93,95,103" hai2="16,27,59,63,67,89,90,94,97,100" hai3="11,14,18,20,21,22,26,31,54,55,80,81,82" /><INIT seed="0,2,2,1,4,12" ten="299,197,247,237" oya="0" hai0="96,46,94,104,41,32,110,67,56,38,93,71,73" hai1="59,13,100,120,115,53,95,29,101,10,30,122,42" hai2="125,119,44,130,48,26,133,80,98,52,34,35,128" hai3="116,65,58,11,28,64,23,7,83,86,84,55,91"/><T107/><D73/><U129/><E129/><N who="2" m="49771" /><F119/><W109/><G116/><T54/><D32/><U72/><E72/><V118/><F118/><W127/><G109/><T16/><D110/><U8/><E42/><V19/><F125/><W36/><G36/><T108/><D108/><U69/><E69/><V66/><F133/><W4/><G127/><T76/><D76/><U62/><E115/><V61/><F80/><W21/><G28/><T81/><D81/><U132/><E132/><V2/><F98/><W20/><G11/><T131/><D131/><U89/><E10/><V79/><F79/><W14/><G14/><T3/><D3/><U102/><E120/><V39/><F39/><W18/><G18/><T113/><D113/><U126/><E126/><V82/><F82/><W6/><REACH who="3" step="1"/><G86/><REACH who="3" ten="299,197,247,227" step="2"/><T1/><D38/><U25/><E122/><V124/><F124/><W114/><G114/><T85/><D16/><N who="1" m="8231" /><E25/><V49/><F2/><W87/><G87/><AGARI ba="2,3" hai="29,30,53,59,62,87,89,95,100,101,102" m="8231" machi="87" ten="30,3900,0" yaku="8,1,52,1,54,1" doraHai="12" who="1" fromWho="3" sc="299,0,197,75,247,0,227,-45" /><INIT seed="1,0,0,1,4,70" ten="299,272,247,182" oya="1" hai0="76,8,105,93,112,52,94,42,122,34,88,125,6" hai1="27,65,107,78,21,100,36,57,25,86,58,106,4" hai2="116,54,91,56,33,44,87,96,129,50,121,32,97" hai3="5,39,38,128,104,19,110,12,53,102,59,80,95"/><U55/><E36/><V72/><F72/><W83/><G104/><T85/><D105/><U22/><E4/><V81/><F121/><W26/><G5/><T135/><D34/><U98/><E106/><V15/><F129/><W75/><G128/><T131/><D131/><U18/><E65/><V3/><F3/><W10/><G26/><T74/><D112/><U47/><E47/><V134/><F134/><W69/><G69/><T77/><D135/><U111/><E111/><V63/><F116/><W90/><G102/><T124/><D122/><U126/><E126/><N who="0" m="48745" /><D42/><U0/><E0/><V71/><F71/><W1/><G1/><N who="0" m="79" /><D74/><U23/><E25/><V41/><F33/><W37/><G110/><T109/><D109/><U89/><E78/><N who="0" m="30313" /><D52/><U51/><REACH who="1" step="1"/><E58/><REACH who="1" ten="299,262,247,182" step="2"/><V49/><F56/><W61/><REACH who="3" step="1"/><G75/><REACH who="3" ten="299,262,247,172" step="2"/><T28/><D28/><U2/><E2/><V9/><F44/><W120/><G120/><T43/><D43/><U35/><E35/><V117/><F41/><W84/><AGARI ba="0,2" hai="10,12,19,37,38,39,53,59,61,80,83,84,90,95" machi="84" ten="30,8000,1" yaku="1,1,0,1,52,3,53,0" doraHai="70" doraHaiUra="127" who="3" fromWho="3" sc="299,-20,262,-40,247,-20,172,100" /><INIT seed="2,0,0,4,2,29" ten="279,222,227,272" oya="2" hai0="97,19,1,66,106,69,26,86,83,22,82,37,80" hai1="134,58,115,57,40,70,49,39,63,42,120,36,93" hai2="53,75,127,2,77,122,28,50,60,15,6,41,9" hai3="113,7,67,85,102,94,30,111,10,47,52,11,25"/><V12/><F122/><W118/><G118/><T61/><D37/><N who="1" m="14411" /><E93/><V34/><F127/><W20/><G111/><T68/><D1/><U130/><E120/><V51/><F41/><N who="1" m="15977" /><E115/><V59/><F77/><W84/><G67/><T46/><D69/><U18/><E18/><V133/><F133/><W114/><G113/><T112/><D112/><U91/><E91/><V116/><F75/><W55/><G114/><T88/><REACH who="0" step="1"/><D46/><REACH who="0" ten="269,222,227,272" step="2"/><U90/><E134/><V0/><F116/><W56/><G47/><T92/><D92/><U24/><E70/><V87/><F2/><W14/><G56/><T132/><D132/><U100/><E58/><V101/><F0/><W13/><G102/><AGARI ba="0,1" hai="19,22,26,61,66,68,80,82,83,86,88,97,102,106" machi="102" ten="40,2600,0" yaku="1,1,54,1,53,0" doraHai="29" doraHaiUra="126" who="0" fromWho="3" sc="269,36,222,0,227,0,272,-26" /><INIT seed="3,0,0,3,0,44" ten="305,222,227,246" oya="3" hai0="3,50,24,80,37,41,93,47,123,89,74,14,18" hai1="133,60,0,115,61,2,12,124,17,134,97,22,62" hai2="121,43,102,11,42,76,101,85,125,29,108,71,107" hai3="13,99,135,73,15,34,40,33,106,131,55,83,45"/><W64/><G64/><T31/><D3/><N who="1" m="1067" /><E97/><V48/><F71/><W10/><G55/><T6/><D6/><U1/><N who="1" m="1075" /><U98/><DORA hai="4" /><E98/><V59/><F107/><W100/><G135/><N who="1" m="51722" /><E124/><V35/><F35/><W88/><G131/><T8/><D37/><U81/><E81/><N who="2" m="47271" /><F108/><W39/><G15/><T57/><D57/><U53/><E115/><V77/><F29/><W86/><REACH who="3" step="1"/><G73/><REACH who="3" ten="305,222,227,236" step="2"/><T116/><D74/><U68/><E53/><N who="2" m="32167" /><F125/><W78/><G78/><T84/><D14/><U28/><E28/><V90/><F77/><W30/><G30/><T63/><D31/><U129/><E129/><V75/><F75/><W23/><G23/><T126/><D126/><U66/><AGARI ba="0,1" hai="12,17,22,60,61,62,66,68" m="51722,1075" machi="66" ten="50,1600,0" yaku="20,1" doraHai="44,4" who="1" fromWho="1" sc="305,-4,222,26,227,-4,236,-8" owari="301,40.0,248,5.0,223,-28.0,228,-17.0" /></mjloggm>