<mjloggm ver="2.3"><GO type="97" lobby="0"/><UN n0="%E5%B0%B1%E6%B4%BB%E7%94%9F%40%E5%B7%9D%E6%9D%91%E8%BB%8D%E5%9B%A3" n1="%6A%69%68%61%64" n2="%E3%83%A0%E3%83%BC%E3%83%89%E3%83%B3%E3%82%B3" n3="%E4%B9%9D%E5%B7%9E%E7%94%B7%EF%BC%A0%E5%B7%9D%E6%9D%91%E8%BB%8D%E5%9B%A3" dan="13,15,13,13" rate="1844.83,1987.93,2124.17,1929.16" sx="M,M,M,M"/><TAIKYOKU oya="0"/><INIT seed="0,0,0,5,4,71" ten="250,250,250,250" oya="0" hai0="40,48,135,112,108,39,23,5,116,32,88,0,25" hai1="134,44,124,127,98,90,41,56,92,31,85,7,99" hai2="26,57,6,123,58,16,107,133,105,76,55,77,93" hai3="125,52,103,50,83,121,1,53,42,45,102,101,128"/><T91/><D116/><U11/><E134/><V86/><F123/><W97/><G121/><T89/><D32/><U54/><E31/><V94/><F133/><W120/><G120/><T96/><D112/><U3/><E127/><V72/><F72/><W35/><G35/><T68/><D135/><U4/><E4/><V19/><F6/><W59/><G1/><T61/><D108/><U111/><E111/><V62/><F26/><W100/><G125/><T46/><D96/><U20/><E20/><V64/><F105/><W47/><G128/><T126/><D126/><U9/><E9/><V87/><F107/><W22/><G22/><T95/><D95/><N who="2" m="36362" /><F86/><W2/><G2/><T29/><D5/><U82/><E124/><V15/><F87/><W73/><G73/><T12/><D0/><U130/><E130/><V63/><F19/><W36/><G97/><T75/><D75/><U17/><E17/><V74/><F74/><W10/><G83/><T70/><D12/><U114/><E114/><V67/><F67/><W122/><G122/><T28/><D28/><U33/><E33/><V27/><F27/><W118/><G118/><T24/><D24/><U115/><E115/><V109/><F109/><W69/><G69/><T60/><D68/><U79/><E99/><V66/><F66/><W117/><G117/><T78/><D70/><U104/><E104/><V113/><F113/><W30/><G30/><T119/><D119/><U80/><E79/><V14/><F14/><W13/><N who="3" m="26112" /><DORA hai="84" /><W131/><G131/><T38/><D78/><U81/><E98/><V43/><F43/><RYUUKYOKU ba="0,0" sc="250,15,250,-15,250,15,250,-15" hai0="23,25,29,38,39,40,46,48,60,61,88,89,91" hai2="15,16,55,57,58,62,63,64,76,77" /><INIT seed="0,1,0,0,1,92" ten="265,235,265,235" oya="0" hai0="104,0,47,41,57,129,32,14,8,94,109,134,89" hai1="97,53,115,111,49,15,81,7,55,12,3,30,26" hai2="39,74,27,76,68,86,75,125,63,31,5,101,20" hai3="29,126,87,52,72,44,113,96,36,21,78,16,10"/><T103/><D32/><U99/><E3/><V100/><F39/><W131/><G113/><T69/><D69/><U58/><E115/><V133/><F5/><W66/><G72/><T60/><D0/><U4/><E111/><V67/><F125/><W48/><G126/><T84/><D109/><U116/><E116/><V45/><F45/><W130/><G36/><T123/><D123/><U93/><E81/><V62/><F133/><W9/><G66/><T6/><D129/><N who="3" m="49161" /><G29/><T127/><D127/><U35/><E55/><V40/><F40/><W102/><G87/><T17/><D134/><U121/><E121/><V120/><F120/><W90/><G90/><T124/><D124/><U1/><E1/><V77/><F86/><W19/><G78/><T50/><D104/><U128/><E128/><V64/><F76/><W61/><G19/><T37/><D103/><U42/><E42/><V38/><F38/><W59/><G59/><T22/><D37/><U91/><REACH who="1" step="1"/><E99/><REACH who="1" ten="265,225,265,235" step="2"/><V114/><F114/><W108/><G108/><T56/><REACH who="0" step="1"/><D60/><REACH who="0" ten="255,225,265,235" step="2"/><U24/><E24/><V132/><F63/><W95/><G61/><T65/><D65/><U34/><E34/><V85/><F67/><W73/><G73/><T135/><D135/><U88/><E88/><V25/><F132/><W82/><G82/><T118/><D118/><U51/><E51/><V112/><F112/><W122/><G122/><T43/><D43/><U83/><E83/><N who="2" m="47343" /><F74/><W33/><G33/><T11/><D11/><U107/><E107/><V105/><F75/><W71/><G10/><T106/><D106/><U70/><E70/><RYUUKYOKU ba="1,2" sc="255,15,225,15,265,-15,235,-15" hai0="6,8,14,17,22,41,47,50,56,57,84,89,94" hai1="4,7,12,15,26,30,35,49,53,58,91,93,97" /><INIT seed="0,2,2,5,2,121" ten="270,240,250,220" oya="0" hai0="47,31,130,106,22,126,18,72,116,40,8,0,24" hai1="90,114,74,58,57,66,97,62,104,9,20,118,56" hai2="35,32,70,14,87,68,120,27,133,52,3,124,109" hai3="99,134,55,83,65,64,41,73,93,67,78,100,60"/><T82/><D116/><U135/><E118/><V79/><F120/><W71/><G134/><T107/><D126/><U89/><E74/><V15/><F3/><W127/><G127/><T75/><D130/><U45/><E135/><V28/><F124/><W38/><REACH who="3" step="1"/><G55/><REACH who="3" ten="270,240,250,210" step="2"/><T19/><D106/><U91/><E104/><V37/><F133/><W105/><G105/><T101/><D107/><U102/><E114/><V53/><F53/><W5/><G5/><N who="0" m="1063" /><D75/><U98/><E97/><V88/><F52/><W132/><G132/><T125/><D125/><U59/><E98/><V49/><F87/><W34/><G34/><T63/><D63/><U29/><E62/><V110/><F35/><W123/><G123/><T92/><D92/><U112/><E112/><V23/><F32/><W128/><G128/><T10/><D101/><U54/><E102/><V61/><F61/><W43/><G43/><T115/><D115/><U46/><E54/><V1/><F70/><W30/><G30/><T117/><D117/><U96/><E96/><V36/><F68/><W11/><G11/><T4/><D10/><U6/><E9/><V122/><F122/><W77/><G77/><N who="0" m="44327" /><D4/><U113/><E6/><V69/><F69/><W17/><G17/><T12/><D12/><N who="2" m="4650" /><F79/><W33/><G33/><T25/><D25/><N who="1" m="16551" /><E113/><V81/><F1/><W85/><G85/><T108/><D19/><U26/><E26/><V21/><F28/><W51/><G51/><T86/><D86/><U84/><E84/><N who="2" m="50191" /><F49/><W119/><G119/><T103/><D18/><U7/><E7/><V111/><F27/><W44/><AGARI ba="2,3" hai="38,41,44,60,64,65,67,71,73,78,83,93,99,100" machi="44" ten="30,4000,0" yaku="1,1,5,1,0,1,53,0" doraHai="121" doraHaiUra="50" who="3" fromWho="3" sc="270,-22,240,-12,250,-12,210,76" /><INIT seed="1,0,0,4,4,16" ten="248,228,238,286" oya="1" hai0="128,117,18,15,50,60,64,54,24,135,27,44,121" hai1="29,122,84,101,93,97,125,39,108,68,3,19,123" hai2="63,131,53,42,126,32,76,90,127,55,72,4,132" hai3="6,62,17,116,43,36,106,7,112,40,124,96,120"/><U22/><E39/><V111/><F32/><W78/><G112/><T129/><D117/><U59/><E68/><V71/><F111/><W92/><G120/><T118/><D121/><U133/><E3/><V31/><F131/><N who="0" m="50250" /><D118/><U107/><E108/><V23/><F132/><W94/><G116/><T33/><D33/><U79/><E133/><V20/><F4/><W105/><G62/><T65/><D135/><U46/><E125/><N who="2" m="47627" /><F42/><W77/><G124/><T80/><D80/><U52/><E29/><V47/><F90/><W49/><G96/><T95/><D95/><U86/><E46/><V110/><F110/><W57/><G94/><T70/><D65/><U38/><E38/><V2/><F2/><W102/><G92/><T48/><D48/><U130/><E130/><V69/><F31/><W58/><G49/><T67/><D67/><U10/><E107/><V100/><F100/><W21/><G102/><T11/><AGARI ba="0,0" hai="11,15,18,24,27,44,50,54,60,64,70" m="50250" machi="11" ten="30,1100,0" yaku="19,1" doraHai="16" who="0" fromWho="0" sc="248,11,228,-5,238,-3,286,-3" /><INIT seed="2,0,0,3,1,68" ten="259,223,235,283" oya="2" hai0="5,86,59,90,33,128,111,106,82,66,15,120,60" hai1="2,36,63,115,18,35,64,97,134,110,65,126,17" hai2="133,26,93,76,6,54,91,108,11,3,117,37,0" hai3="32,127,52,25,31,95,107,58,87,103,85,34,109"/><V69/><F117/><W80/><G107/><T125/><D120/><U135/><E115/><V72/><F69/><W14/><G109/><T51/><D33/><U13/><E2/><V49/><F3/><W47/><G127/><T113/><D106/><U122/><E35/><V19/><F108/><W20/><G14/><T1/><D1/><U56/><E110/><V105/><F105/><W10/><G10/><T114/><D111/><U71/><E126/><V61/><F133/><N who="1" m="50697" /><E122/><V94/><F37/><W38/><G103/><T70/><D125/><U7/><E97/><V48/><F93/><W88/><G38/><T43/><D128/><U29/><E29/><V89/><F76/><W104/><G47/><T121/><D121/><U75/><E75/><V100/><F100/><W55/><G55/><T57/><D70/><U73/><E73/><V21/><F72/><W40/><G40/><T102/><D102/><U39/><E7/><V24/><F24/><W78/><G104/><T45/><D59/><U22/><E17/><V4/><F4/><W53/><G53/><T8/><AGARI ba="0,0" hai="5,8,15,43,45,51,57,60,66,82,86,90,113,114" machi="8" ten="30,1100,0" yaku="0,1" doraHai="68" who="0" fromWho="0" sc="259,11,223,-3,235,-5,283,-3" /><INIT seed="3,0,0,2,1,51" ten="270,220,230,280" oya="3" hai0="35,111,55,130,38,18,99,26,41,75,82,4,100" hai1="52,45,64,8,91,7,66,92,14,86,116,79,119" hai2="125,6,9,2,31,33,16,127,102,70,84,53,87" hai3="133,105,72,83,109,69,19,58,63,62,73,124,94"/><W44/><G105/><T11/><D130/><U28/><E28/><V134/><F70/><W40/><G69/><T120/><D120/><U126/><E126/><N who="2" m="48139" /><F102/><W17/><G124/><T5/><D111/><U131/><E131/><V114/><F114/><W42/><G109/><T36/><D5/><U110/><E110/><V90/><F134/><W65/><G133/><T23/><D35/><U135/><E135/><V67/><F67/><W78/><G73/><T54/><D82/><U50/><REACH who="1" step="1"/><E79/><REACH who="1" ten="270,210,230,280" step="2"/><V48/><F90/><W77/><G78/><T101/><D75/><U24/><E24/><N who="2" m="18663" /><F16/><W88/><G19/><T20/><D100/><U118/><AGARI ba="0,1" hai="7,8,14,45,50,52,64,66,86,91,92,116,118,119" machi="118" ten="30,12000,2" yaku="1,1,0,1,12,1,52,1,54,1,53,1" doraHai="51" doraHaiUra="85" who="1" fromWho="1" sc="270,-30,210,130,230,-30,280,-60" owari="240,4.0,340,44.0,200,-30.0,220,-18.0" /></mjloggm>