<mjloggm ver="2.3"><GO type="97" lobby="0"/><UN n0="%E5%8D%81%E5%BC%90%E7%BE%8E%E7%80%AC%E3%81%AA%E3%81%AA" n1="%E2%98%85%E9%9B%85%E2%98%85" n2="%E3%81%BE%E3%83%BC%E3%81%94%E3%82%8D%E3%83%BC" n3="%E5%B0%B1%E6%B4%BB%E7%94%9F%40%E5%B7%9D%E6%9D%91%E8%BB%8D%E5%9B%A3" dan="15,14,14,14" rate="1966.86,1909.21,1907.84,1969.20" sx="F,M,M,M"/><TAIKYOKU oya="0"/><INIT seed="0,0,0,1,2,122" ten="250,250,250,250" oya="0" hai0="91,79,31,9,28,82,11,22,85,71,105,12,33" hai1="8,23,134,3,125,96,74,21,94,120,1,113,32" hai2="57,135,16,109,78,19,131,116,54,35,121,15,29" hai3="89,5,43,70,115,101,52,117,75,64,24,126,119"/><T112/><D112/><U37/><E74/><V76/><F121/><W0/><G75/><T84/><D71/><U128/><E37/><V20/><F116/><W87/><G115/><T100/><D33/><U36/><E36/><V44/><F135/><W55/><G43/><T129/><D129/><U72/><E72/><V45/><F131/><W42/><G42/><T60/><D60/><U49/><E32/><V124/><F124/><W68/><G101/><T97/><D22/><U17/><E3/><V63/><F29/><W77/><G77/><T7/><D11/><U90/><E1/><V69/><F69/><W110/><G126/><T132/><REACH who="0" step="1"/><D132/><REACH who="0" ten="240,250,250,250" step="2"/><U51/><E134/><V30/><F35/><W4/><G70/><T6/><D6/><U108/><E128/><V46/><F30/><W53/><G5/><T66/><D66/><U73/><E120/><V98/><F109/><W48/><G64/><T13/><D13/><U107/><E108/><V111/><F111/><W88/><G68/><T103/><D103/><U65/><E125/><V62/><F62/><W25/><G0/><T86/><D86/><U56/><E73/><V26/><F98/><W50/><G4/><T123/><D123/><U127/><E127/><V10/><AGARI ba="0,1" hai="10,15,16,19,20,26,44,45,46,54,57,63,76,78" machi="10" ten="30,4000,0" yaku="0,1,8,1,54,1" doraHai="122" who="2" fromWho="2" sc="240,-20,250,-10,250,50,250,-10" /><INIT seed="1,0,0,4,1,101" ten="220,240,300,240" oya="1" hai0="14,42,3,20,59,57,62,0,17,78,22,26,123" hai1="28,111,30,103,124,93,4,39,38,122,125,95,50" hai2="34,131,76,32,64,89,37,67,134,116,35,29,36" hai3="18,85,74,2,31,33,118,21,112,69,104,113,126"/><U40/><E122/><V1/><F116/><W54/><G74/><T106/><D123/><U53/><E4/><V114/><F1/><W13/><G2/><T8/><D42/><U120/><E120/><V96/><F114/><W80/><G69/><T60/><D78/><U46/><E111/><V109/><F109/><W63/><G118/><T24/><D106/><U16/><E39/><V119/><F119/><W86/><G126/><N who="1" m="48746" /><E16/><V66/><F29/><N who="1" m="11369" /><E103/><V91/><F76/><W115/><G31/><T121/><D121/><U10/><E10/><V72/><F72/><W133/><G33/><T81/><D81/><U87/><E87/><V43/><F43/><W117/><G85/><T73/><D73/><U19/><E19/><V79/><F79/><W9/><G117/><T92/><D92/><U90/><E90/><V128/><F96/><W88/><G9/><T61/><D3/><U127/><N who="1" m="48754" /><U15/><DORA hai="51" /><E15/><V5/><F5/><W56/><REACH who="3" step="1"/><G104/><REACH who="3" ten="220,240,300,230" step="2"/><T58/><D0/><U135/><E135/><AGARI ba="0,1" hai="13,18,21,54,56,63,80,86,88,112,113,115,133,135" machi="135" ten="50,8000,1" yaku="1,1,2,1,52,1,54,1,53,0" doraHai="101,51" doraHaiUra="27,102" who="3" fromWho="1" sc="220,0,240,-80,300,0,230,90" /><INIT seed="2,0,0,0,0,97" ten="220,160,300,320" oya="2" hai0="6,83,76,108,79,34,50,19,134,127,82,111,115" hai1="32,95,48,35,89,64,67,121,131,119,126,92,59" hai2="29,24,39,44,2,112,27,3,14,45,4,98,85" hai3="17,1,30,58,49,78,107,61,12,122,15,0,84"/><V40/><F112/><W41/><G107/><T113/><D34/><U102/><E119/><V11/><F27/><W104/><G104/><T20/><D6/><U129/><E126/><V26/><F26/><W52/><G122/><T33/><D33/><U90/><E121/><V96/><F45/><W25/><G15/><T125/><D50/><U9/><E9/><V87/><F98/><W86/><G1/><T81/><D20/><U105/><E105/><V5/><F96/><W75/><G0/><T7/><D19/><U22/><E22/><V63/><F63/><W31/><G75/><T135/><D7/><U101/><E48/><V124/><F124/><N who="0" m="47690" /><D115/><U13/><E59/><V133/><F133/><N who="0" m="50698" /><D113/><U103/><E103/><V70/><F70/><W16/><G41/><T36/><D36/><U57/><E57/><V73/><F73/><W62/><G17/><T69/><D69/><U68/><E68/><V28/><F28/><N who="3" m="10795" /><G25/><T99/><D99/><U51/><E51/><V42/><F42/><W53/><G78/><AGARI ba="0,0" hai="76,78,79,81,82,83,108,111" m="50698,47690" machi="78" ten="40,12000,2" yaku="28,2,18,1,20,1,34,2" doraHai="97" who="0" fromWho="3" sc="220,120,160,0,300,0,320,-120" /><INIT seed="3,0,0,4,5,134" ten="340,160,300,200" oya="3" hai0="80,63,27,54,84,92,104,93,90,9,16,116,89" hai1="29,135,4,35,25,32,41,48,91,133,115,95,12" hai2="124,26,73,60,51,42,81,34,56,13,123,101,113" hai3="7,128,110,107,18,45,30,127,14,96,49,68,76"/><W55/><G68/><T82/><D104/><U79/><E79/><V21/><F113/><W19/><G128/><T83/><D116/><U72/><E72/><V112/><F112/><W88/><G76/><T23/><D9/><U126/><E115/><V40/><F123/><W61/><G30/><T78/><D63/><U15/><E35/><V108/><F34/><W71/><G110/><T65/><D65/><U6/><E41/><V120/><F120/><W125/><G7/><N who="1" m="2602" /><E48/><V98/><F13/><N who="1" m="5193" /><E95/><V44/><F73/><W103/><G88/><T74/><D54/><U33/><E91/><V47/><F81/><W38/><G38/><T131/><D131/><U85/><E85/><AGARI ba="0,0" hai="16,23,27,74,78,80,82,83,84,85,89,90,92,93" machi="85" ten="30,3900,0" yaku="7,1,9,1,54,1" doraHai="134" who="0" fromWho="1" sc="340,39,160,-39,300,0,200,0" owari="379,48.0,121,-38.0,300,10.0,200,-20.0" /></mjloggm>