<mjloggm ver="2.3"><GO type="193" lobby="0"/><UN n0="%E3%83%AB%E3%83%BC%E3%83%9F%E3%82%A3%E3%83%BC" n1="%E4%B8%80%E6%97%A5%E4%B8%80%E5%8D%B3%E3%83%85%E3%83%A2" n2="%E5%B0%B1%E6%B4%BB%E7%94%9F%40%E5%B7%9D%E6%9D%91%E8%BB%8D%E5%9B%A3" n3="%E3%83%A1%E3%82%BF%E3%83%9C%E3%83%9A%E3%83%B3%E3%82%AE%E3%83%B3" dan="12,10,12,12" rate="1900.88,1685.11,1774.51,1711.45" sx="M,M,M,M"/><TAIKYOKU oya="0"/><INIT seed="0,0,0,3,4,57" ten="250,250,250,250" oya="0" hai0="110,52,108,41,55,106,134,31,103,133,93,100,91" hai1="26,129,132,58,97,73,34,19,127,48,122,54,12" hai2="61,28,8,24,0,87,76,23,50,85,47,38,72" hai3="21,10,6,45,18,60,115,17,79,124,49,43,92"/><T33/><D31/><U123/><E73/><V20/><F38/><W98/><G115/><T125/><D33/><U36/><E36/><V109/><F109/><N who="0" m="42090" /><D41/><U102/><E129/><V30/><F72/><W90/><G124/><T68/><D125/><U104/><E132/><N who="0" m="50793" /><D68/><U135/><E135/><V113/><F76/><W16/><G79/><T89/><D106/><U81/><E127/><V65/><F113/><W86/><G98/><N who="0" m="57647" /><D91/><U77/><E34/><V53/><F0/><W56/><G6/><T130/><D130/><U121/><E122/><V114/><F114/><W51/><G10/><T75/><D75/><U101/><E123/><V32/><F8/><W44/><G44/><T128/><D128/><U95/><E104/><V64/><F64/><N who="3" m="38919" /><G49/><T5/><D5/><U1/><E121/><V42/><F42/><W62/><G62/><T59/><D59/><U126/><E126/><V39/><F39/><W66/><G66/><T88/><D88/><U11/><E48/><V107/><F107/><W3/><G3/><T94/><D94/><U112/><E1/><V83/><F30/><W118/><G118/><T117/><D117/><U14/><E58/><V84/><REACH who="2" step="1"/><F83/><REACH who="2" ten="250,250,240,250" step="2"/><W13/><AGARI ba="0,1" hai="13,16,17,18,21,43,45,51,86,90,92" m="38919" machi="13" ten="30,4000,0" yaku="8,1,52,1,54,1" doraHai="57" who="3" fromWho="3" sc="250,-20,250,-10,240,-10,250,50" /><INIT seed="1,0,0,0,4,109" ten="230,240,230,300" oya="1" hai0="4,112,67,76,45,19,99,66,130,121,26,132,92" hai1="88,68,61,104,77,17,0,105,36,65,74,131,9" hai2="29,126,116,111,97,85,117,84,41,32,14,42,79" hai3="13,101,128,78,46,82,16,3,60,98,52,5,113"/><U124/><E36/><V120/><F111/><W35/><G35/><T10/><D121/><U15/><E131/><V55/><F120/><W11/><G128/><T53/><D130/><U49/><E124/><V115/><F126/><W70/><G70/><T12/><D132/><U75/><E0/><V64/><F64/><W7/><G3/><T38/><D112/><U89/><E49/><V58/><F32/><W114/><G60/><T56/><D76/><U118/><E118/><V107/><F29/><W54/><G46/><T106/><D106/><U31/><E31/><V134/><F134/><W135/><G135/><T43/><D26/><U119/><E119/><V50/><F115/><W96/><G96/><T59/><D4/><U91/><REACH who="1" step="1"/><E77/><REACH who="1" ten="230,230,230,300" step="2"/><V103/><F116/><W40/><G78/><T27/><D27/><U72/><AGARI ba="0,1" hai="9,15,17,61,65,68,72,74,75,88,89,91,104,105" machi="72" ten="40,12000,1" yaku="1,1,2,1,0,1,54,1,53,0" doraHai="109" doraHaiUra="129" who="1" fromWho="1" sc="230,-40,230,130,230,-40,300,-40" /><INIT seed="1,1,0,1,0,109" ten="190,360,190,260" oya="1" hai0="39,114,73,112,131,44,41,79,123,78,62,126,87" hai1="128,67,98,88,92,56,125,86,107,28,8,93,3" hai2="94,110,5,72,120,129,25,38,130,4,48,50,96" hai3="63,37,42,75,60,122,134,10,31,14,2,103,54"/><U9/><E128/><V135/><F38/><W90/><G122/><T102/><D131/><N who="2" m="50186" /><F120/><W71/><G2/><T89/><D123/><U30/><E107/><V33/><F72/><W6/><G75/><T81/><D126/><U104/><E104/><V51/><F135/><W46/><G134/><T23/><D102/><U84/><E125/><V22/><F33/><W91/><G103/><T69/><D79/><U85/><E93/><V111/><F111/><W29/><G63/><T7/><D7/><U24/><E3/><V64/><F64/><W119/><G119/><T19/><D62/><N who="1" m="38343" /><E24/><V115/><F115/><W83/><G71/><T76/><D69/><U34/><E34/><V16/><F110/><W59/><G83/><T55/><D55/><U70/><E70/><V133/><F133/><W57/><G57/><T27/><D78/><U97/><E98/><V101/><AGARI ba="1,0" hai="4,5,16,22,25,48,50,51,94,96,101" m="50186" machi="101" ten="30,2000,0" yaku="19,1,54,1" doraHai="109" who="2" fromWho="2" sc="190,-6,360,-11,190,23,260,-6" /><INIT seed="2,0,0,2,2,102" ten="184,349,213,254" oya="2" hai0="79,66,123,21,94,96,95,116,9,82,113,132,51" hai1="55,101,108,70,45,6,61,69,58,35,125,17,86" hai2="64,93,121,109,80,29,47,57,25,81,44,19,33" hai3="5,84,92,128,36,68,56,67,85,22,50,122,91"/><V48/><F121/><W49/><G122/><T30/><D123/><U105/><E35/><V46/><F109/><W27/><G36/><T41/><D116/><U130/><E108/><V26/><F93/><W54/><G68/><T115/><D132/><U83/><E6/><V16/><F33/><W127/><G127/><T18/><D66/><U99/><E125/><V2/><F2/><W76/><G5/><T65/><D65/><U20/><E45/><N who="2" m="17515" /><F64/><W87/><G67/><T8/><D41/><U43/><E43/><N who="2" m="24703" /><F57/><W98/><G76/><T78/><D51/><U124/><E124/><V1/><F1/><W31/><G128/><T111/><D111/><U24/><E130/><V63/><F63/><AGARI ba="0,0" hai="22,27,31,49,50,54,56,63,84,85,87,91,92,98" machi="63" ten="40,1300,0" yaku="8,1" doraHai="102" who="3" fromWho="2" sc="184,0,349,0,213,-13,254,13" /><INIT seed="3,0,0,5,2,86" ten="184,349,200,267" oya="3" hai0="119,96,63,129,9,89,62,36,97,120,101,135,60" hai1="99,131,59,19,68,47,117,116,74,38,80,94,82" hai2="2,16,14,28,7,75,34,122,32,1,51,45,92" hai3="20,65,69,70,17,124,100,110,49,66,11,27,102"/><W106/><G106/><T93/><D120/><U79/><E68/><V54/><F75/><W39/><G39/><T33/><D119/><N who="1" m="45643" /><E131/><V85/><F122/><W41/><G124/><T25/><D36/><U128/><E128/><V115/><F115/><W95/><G70/><T52/><D129/><U5/><E5/><V46/><F46/><N who="3" m="25807" /><G69/><T55/><D135/><U83/><E59/><V43/><F43/><W6/><G110/><T84/><D9/><U71/><E71/><V77/><F28/><N who="3" m="17511" /><G6/><T130/><D130/><U118/><E118/><V121/><F121/><W109/><G109/><T112/><D112/><U127/><E127/><V56/><F45/><W88/><G65/><T98/><D33/><U4/><E4/><V87/><F7/><W133/><G66/><T76/><D25/><U90/><E19/><V53/><F53/><W3/><G3/><T57/><D76/><U12/><E12/><V107/><F107/><W67/><G67/><T105/><REACH who="0" step="1"/><D55/><REACH who="0" ten="174,349,200,267" step="2"/><U0/><E38/><V108/><F34/><W103/><G133/><T29/><D29/><U113/><E113/><V35/><F35/><W30/><G30/><T134/><D134/><U123/><E123/><V18/><F32/><W125/><G125/><T44/><D44/><U26/><E26/><V40/><F108/><W81/><G11/><T21/><D21/><U13/><E47/><V91/><F40/><W31/><G31/><T73/><D73/><U78/><E74/><V42/><F42/><W64/><G64/><T58/><D58/><U22/><E0/><N who="2" m="107" /><F14/><W132/><G132/><T114/><D114/><RYUUKYOKU ba="0,1" sc="174,10,349,10,200,10,267,-30" hai0="52,57,60,62,63,84,89,93,96,97,98,101,105" hai1="13,22,78,79,80,82,83,90,94,99" hai2="16,18,51,54,56,77,85,87,91,92" owari="184,-32.0,369,47.0,210,-19.0,237,4.0" /></mjloggm>