<mjloggm ver="2.3"><GO type="193" lobby="0"/><UN n0="%4C%69%76%27%70%6F%6F%6C" n1="%6B%69%74%61%61" n2="%46%4E%43" n3="%E5%B0%B1%E6%B4%BB%E7%94%9F%40%E5%B7%9D%E6%9D%91%E8%BB%8D%E5%9B%A3" dan="13,12,11,12" rate="1756.51,1719.38,1576.34,1816.46" sx="M,M,M,M"/><TAIKYOKU oya="0"/><INIT seed="0,0,0,0,4,125" ten="250,250,250,250" oya="0" hai0="90,9,86,36,18,114,1,41,28,13,108,27,73" hai1="84,31,35,75,118,126,121,16,54,106,26,53,49" hai2="12,115,98,66,34,40,14,52,6,101,93,60,80" hai3="132,130,112,83,94,95,97,19,104,47,22,68,67"/><T5/><D114/><U82/><E121/><V50/><F115/><W77/><G112/><T124/><D124/><U107/><E118/><V129/><F129/><W3/><G3/><T7/><D108/><U111/><E126/><V57/><F34/><W51/><G132/><T134/><D134/><U117/><E117/><V29/><F29/><W32/><G32/><T79/><D7/><U63/><E111/><V61/><F80/><W39/><G39/><T43/><D73/><U10/><E75/><V89/><F6/><W85/><G104/><T100/><D100/><U87/><E63/><V56/><F40/><W88/><G68/><T113/><D79/><U99/><E99/><V105/><REACH who="2" step="1"/><F60/><REACH who="2" ten="250,250,240,250" step="2"/><W62/><G62/><T58/><D43/><U17/><E35/><V103/><F103/><W64/><G95/><T70/><D113/><U45/><E31/><V59/><F59/><W131/><G67/><T42/><D42/><U15/><E82/><V110/><F110/><W24/><REACH who="3" step="1"/><G64/><REACH who="3" ten="250,250,240,240" step="2"/><T23/><D70/><U127/><E127/><V72/><F72/><W37/><G37/><T128/><D36/><U25/><E107/><V55/><F55/><AGARI ba="0,2" hai="19,22,24,47,51,55,77,83,85,88,94,97,130,131" machi="55" ten="40,8000,1" yaku="1,1,52,2,54,1,53,0" doraHai="125" doraHaiUra="8" who="3" fromWho="2" sc="250,0,250,0,240,-80,240,100" /><INIT seed="1,0,0,1,2,85" ten="250,250,160,340" oya="1" hai0="31,108,64,84,29,15,66,115,28,27,74,54,119" hai1="114,113,91,103,16,36,25,121,26,118,89,69,98" hai2="129,134,57,80,35,65,24,63,49,88,97,18,90" hai3="9,48,124,51,76,60,110,73,106,122,12,117,70"/><U14/><E121/><V125/><F125/><W127/><G106/><T8/><D119/><U38/><E118/><V71/><F71/><W0/><G117/><T116/><D116/><U3/><E3/><V34/><F34/><W22/><G0/><T13/><D74/><U123/><E123/><V55/><F35/><W7/><G122/><T132/><D115/><U1/><E1/><V5/><F5/><W53/><G110/><T93/><D132/><U135/><E135/><V67/><F134/><W37/><G37/><T19/><D108/><U21/><E69/><V10/><F129/><W68/><G73/><T128/><D128/><U94/><E114/><V95/><F24/><W130/><G76/><T17/><D54/><U99/><E113/><V41/><F41/><W40/><G40/><T126/><D126/><N who="3" m="48169" /><G130/><T33/><D84/><U81/><E38/><V133/><F133/><W107/><G107/><T32/><D93/><N who="1" m="58831" /><E36/><V86/><F49/><N who="3" m="19019" /><G22/><N who="0" m="11567" /><D64/><U46/><E46/><V75/><REACH who="2" step="1"/><F75/><REACH who="2" ten="250,250,150,340" step="2"/><W92/><G70/><T50/><D66/><U59/><E59/><V30/><F30/><N who="0" m="11882" /><D50/><U52/><E26/><V82/><F82/><W112/><G68/><T77/><D77/><U58/><E25/><V43/><F43/><W83/><G83/><T2/><D33/><U101/><E81/><V96/><F96/><W11/><G112/><T62/><D62/><AGARI ba="0,1" hai="14,16,21,52,58,62,89,91,94,99,101" m="58831" machi="62" ten="30,12000,1" yaku="8,1,52,2,54,2" doraHai="85" who="1" fromWho="0" sc="250,-120,250,130,150,0,340,0" /><INIT seed="1,1,0,4,4,104" ten="130,380,150,340" oya="1" hai0="83,21,133,48,72,37,102,96,40,38,50,16,14" hai1="18,39,54,93,3,63,44,20,68,60,25,9,71" hai2="82,105,12,91,64,13,135,17,35,29,22,90,116" hai3="26,100,88,67,81,128,107,46,106,86,117,51,130"/><U115/><E115/><V108/><F108/><W85/><G117/><T121/><D133/><U79/><E71/><V132/><F82/><N who="3" m="49207" /><G67/><T127/><D127/><U59/><E93/><V19/><F29/><W4/><G4/><T30/><D30/><U27/><E27/><V10/><F10/><W36/><G36/><T66/><D66/><U43/><E68/><V49/><F49/><W113/><G26/><T8/><D121/><U110/><E110/><V129/><F129/><N who="3" m="49771" /><G113/><T15/><D83/><U122/><E122/><V53/><F53/><N who="3" m="29943" /><G100/><T52/><D40/><U109/><E109/><V89/><F64/><W95/><G95/><T134/><D50/><U69/><E69/><V47/><F47/><W62/><G62/><T32/><D134/><N who="2" m="51242" /><F22/><W61/><G61/><T124/><D124/><U131/><E131/><V56/><F56/><W70/><G70/><T125/><D125/><U76/><E63/><V55/><F55/><W0/><G0/><T118/><D118/><U120/><REACH who="1" step="1"/><E120/><REACH who="1" ten="130,370,150,340" step="2"/><V94/><F116/><W103/><G103/><T74/><D102/><U5/><AGARI ba="1,1" hai="3,5,9,18,20,25,39,43,44,54,59,60,76,79" machi="5" ten="30,6000,0" yaku="1,1,2,1,0,1,53,0" doraHai="104" doraHaiUra="77" who="1" fromWho="1" sc="130,-21,370,73,150,-21,340,-21" /><INIT seed="1,2,0,0,0,82" ten="109,443,129,319" oya="1" hai0="126,87,27,121,3,28,128,30,63,17,80,120,45" hai1="73,43,72,97,95,99,29,132,117,81,4,113,24" hai2="56,11,49,67,75,38,20,6,116,37,70,100,52" hai3="101,122,111,48,108,35,26,112,41,21,36,42,40"/><U51/><E117/><V88/><F116/><W123/><G35/><T130/><D3/><U76/><E113/><V58/><F75/><W57/><G101/><T69/><D45/><U71/><E71/><V83/><F100/><W127/><G112/><T53/><D17/><U18/><E132/><V19/><F38/><W114/><G114/><T14/><D14/><U54/><E43/><V34/><F37/><W62/><G127/><T133/><D133/><U44/><E4/><V85/><F34/><W107/><G107/><T92/><D92/><U5/><E5/><V131/><F131/><N who="0" m="50218" /><D126/><U46/><E46/><V103/><F103/><W119/><G119/><T22/><D69/><U96/><E18/><V50/><F70/><W1/><G1/><T60/><D53/><U7/><E7/><V90/><F6/><W16/><G48/><T105/><D30/><U109/><E109/><N who="3" m="42058" /><G36/><T135/><D105/><U74/><E95/><V125/><F125/><W124/><G124/><T94/><D94/><U0/><REACH who="1" step="1"/><E0/><REACH who="1" ten="109,433,129,319" step="2"/><V13/><F11/><W23/><G122/><N who="0" m="47211" /><D135/><U134/><E134/><V33/><F33/><AGARI ba="2,1" hai="24,29,33,44,51,54,72,73,74,76,81,96,97,99" machi="33" ten="40,2000,0" yaku="1,1,53,0" doraHai="82" doraHaiUra="68" who="1" fromWho="2" sc="109,0,433,36,129,-26,319,0" /><INIT seed="1,3,0,0,1,99" ten="109,469,103,319" oya="1" hai0="130,129,107,95,75,101,94,47,44,58,26,120,88" hai1="43,29,121,77,42,6,98,125,122,116,131,37,109" hai2="113,25,76,45,134,103,126,111,72,84,102,32,86" hai3="91,56,27,87,8,36,81,49,28,9,59,50,68"/><U5/><E116/><V38/><F45/><W61/><G36/><T79/><D26/><U100/><E77/><V115/><F38/><W93/><G68/><T0/><D0/><U62/><E125/><V112/><F32/><W7/><G56/><T39/><D58/><U92/><E131/><N who="0" m="50185" /><D107/><U21/><E109/><V123/><F25/><W60/><G60/><T71/><D71/><U74/><E74/><V41/><F41/><W132/><G132/><T53/><D120/><U96/><E96/><V114/><N who="2" m="29184" /><DORA hai="106" /><V24/><F24/><W18/><G18/><T19/><D19/><U31/><E62/><V3/><F3/><W117/><G117/><T82/><D53/><U135/><E135/><V2/><F2/><W30/><G81/><T69/><D69/><U78/><E78/><V22/><F22/><W14/><G8/><T48/><D48/><N who="3" m="18537" /><G27/><T52/><D52/><AGARI ba="3,0" hai="7,9,14,28,30,52,59,61,87,91,93" m="18537" machi="52" ten="30,2000,0" yaku="8,1,54,1" doraHai="99,106" who="3" fromWho="0" sc="109,-29,469,0,103,0,319,29" /><INIT seed="2,0,0,2,4,134" ten="80,469,103,348" oya="2" hai0="110,30,22,115,101,74,117,53,129,14,78,12,95" hai1="83,52,116,133,71,2,34,106,62,92,29,15,126" hai2="63,94,54,59,104,132,36,6,4,73,123,25,70" hai3="18,41,5,90,20,109,128,10,47,26,0,122,135"/><V124/><F132/><W19/><G122/><T1/><D115/><U81/><E133/><V56/><F123/><W66/><G135/><T8/><D110/><U127/><E116/><V89/><F73/><W118/><G118/><T75/><D117/><U50/><E106/><V68/><F36/><W24/><G128/><T55/><D1/><U87/><E2/><V100/><F124/><N who="1" m="47657" /><E15/><V84/><F25/><W108/><G66/><T61/><D129/><U13/><E13/><V103/><F104/><W80/><G80/><T27/><D101/><U67/><E34/><V111/><F111/><N who="3" m="42571" /><G90/><T86/><D61/><U91/><E29/><V60/><F60/><W130/><G130/><T23/><D27/><N who="3" m="10281" /><G20/><T107/><D30/><U39/><E39/><AGARI ba="0,0" hai="0,5,10,18,19,39,41,47" m="10281,42571" machi="39" ten="30,1000,0" yaku="14,1" doraHai="134" who="3" fromWho="1" sc="80,0,469,-10,103,0,348,10" /><INIT seed="3,0,0,1,2,96" ten="80,459,103,358" oya="3" hai0="99,49,113,112,41,117,50,36,78,63,43,45,48" hai1="55,57,31,130,4,93,100,61,91,118,111,76,127" hai2="5,38,102,58,47,119,6,114,128,29,46,56,20" hai3="86,98,85,115,62,7,21,12,23,97,90,69,106"/><W0/><G115/><N who="0" m="44107" /><D78/><U74/><E118/><V18/><F128/><W66/><G0/><T126/><D99/><U72/><E130/><V25/><F119/><W83/><G106/><T116/><D126/><U34/><E127/><V64/><F114/><W67/><G67/><T105/><D105/><U40/><E111/><V79/><F79/><W94/><G23/><T84/><D84/><U104/><E40/><V37/><F37/><W17/><REACH who="3" step="1"/><G7/><REACH who="3" ten="80,459,103,348" step="2"/><T2/><D2/><U92/><E4/><V60/><F38/><W35/><G35/><T68/><D43/><U80/><E104/><V75/><F75/><W15/><G15/><T3/><D3/><U42/><E42/><V28/><F28/><W70/><G70/><T135/><D135/><U125/><E125/><V59/><F29/><W121/><G121/><T13/><D13/><U77/><E34/><V88/><F88/><AGARI ba="0,1" hai="12,17,21,62,66,69,83,85,86,88,90,94,97,98" machi="88" ten="30,5800,0" yaku="1,1,7,1,54,1,53,0" doraHai="96" doraHaiUra="53" who="3" fromWho="2" sc="80,0,459,0,103,-58,348,68" /><INIT seed="3,1,0,0,1,128" ten="80,459,45,416" oya="3" hai0="107,63,62,85,52,7,49,103,76,64,59,125,61" hai1="3,126,24,132,97,21,122,47,58,68,129,99,116" hai2="43,19,26,51,86,23,106,69,9,65,4,117,11" hai3="50,44,55,27,6,109,33,93,113,10,25,45,41"/><W54/><G113/><T111/><D111/><U92/><E122/><V110/><F110/><W120/><G120/><T0/><D125/><U28/><E129/><V81/><F117/><W35/><G109/><T38/><D38/><U29/><E126/><V66/><F106/><W131/><G131/><T71/><D0/><U123/><E123/><V121/><F121/><W12/><G35/><T105/><D7/><U82/><E3/><V94/><F94/><W56/><G33/><T127/><D127/><U34/><E68/><V119/><F69/><W36/><REACH who="3" step="1"/><G93/><REACH who="3" ten="80,459,45,406" step="2"/><T48/><D107/><U96/><E116/><V91/><F119/><W124/><G124/><T73/><D105/><U74/><E34/><V90/><F90/><W13/><G13/><T134/><D134/><U5/><E132/><V16/><F16/><W8/><G8/><T80/><D73/><U37/><E74/><V20/><F20/><W31/><G31/><T22/><D103/><U14/><E92/><V79/><F86/><W84/><G84/><T72/><D72/><U95/><E95/><V115/><F115/><W133/><G133/><T18/><REACH who="0" step="1"/><D49/><AGARI ba="1,1" hai="6,10,12,25,27,36,41,44,45,49,50,54,55,56" machi="49" ten="30,2900,0" yaku="1,1,7,1,53,0" doraHai="128" doraHaiUra="130" who="3" fromWho="0" sc="80,-32,459,0,45,0,406,42" /><INIT seed="3,2,0,4,5,118" ten="48,459,45,448" oya="3" hai0="20,105,127,27,92,121,103,26,81,48,5,18,88" hai1="117,72,126,6,111,38,125,102,12,34,110,114,130" hai2="58,87,70,33,116,57,84,53,68,119,71,100,37" hai3="129,95,106,64,17,131,24,115,56,69,1,13,107"/><W42/><G1/><T98/><D127/><N who="1" m="48651" /><E38/><V14/><F14/><W122/><G69/><N who="2" m="17665" /><V50/><DORA hai="73" /><F50/><W109/><G122/><T90/><D5/><U101/><E117/><N who="2" m="45131" /><F100/><N who="1" m="38505" /><E72/><V133/><F53/><W65/><G115/><T23/><D121/><U67/><E114/><V43/><F43/><W16/><G42/><T0/><D0/><U15/><E34/><V124/><F124/><W11/><G109/><T10/><D10/><N who="1" m="4183" /><E130/><N who="3" m="49674" /><G95/><T94/><D81/><U123/><E123/><V54/><F54/><W41/><G41/><T60/><D60/><U45/><E67/><N who="3" m="25674" /><G56/><N who="2" m="21609" /><F133/><W79/><G79/><T91/><REACH who="0" step="1"/><D48/><REACH who="0" ten="38,459,45,448" step="2"/><U80/><E80/><V35/><F37/><W77/><G77/><T76/><D76/><U49/><E15/><V132/><F132/><W134/><G134/><T51/><D51/><U108/><E108/><V36/><F36/><W7/><G7/><T66/><D66/><U44/><E49/><V86/><AGARI ba="2,1" hai="33,35,84,86,87" m="21609,45131,17665" machi="86" ten="50,3200,0" yaku="28,2" doraHai="118,73" who="2" fromWho="2" sc="38,-10,459,-10,45,48,448,-18" owari="28,-47.0,449,55.0,93,-31.0,430,23.0" /></mjloggm>