<mjloggm ver="2.3"><GO type="169" lobby="0"/><UN n0="%E8%88%AC%E5%8D%93%E6%B0%91%E3%81%AE%E6%9C%9D%E3%81%AF%E6%97%A9%E3%81%84" n1="%E3%83%AF%E3%82%A4%E3%83%AB%E3%83%89" n2="%E3%82%A6%E3%83%AB%E3%83%88%E3%83%A9%E7%AB%8B%E7%9B%B4" n3="%73%68%61%70%65%6C%65%72" dan="16,17,17,16" rate="2060.47,2163.57,2162.10,2118.27" sx="M,M,M,M"/><TAIKYOKU oya="0"/><INIT seed="0,0,0,3,0,132" ten="250,250,250,250" oya="0" hai0="58,40,75,93,117,37,43,45,50,7,124,104,129" hai1="32,65,90,133,87,28,2,38,84,31,0,82,111" hai2="130,44,57,34,116,35,105,10,11,66,30,54,33" hai3="113,46,109,120,101,76,6,21,69,125,112,94,118"/><T67/><D117/><U106/><E38/><V47/><F105/><W134/><G69/><T13/><D104/><U22/><E106/><V71/><F116/><W56/><G118/><T97/><D75/><U119/><E32/><V15/><F30/><W127/><G134/><T59/><D129/><U92/><E133/><V12/><F66/><W8/><G120/><T95/><D95/><U41/><E119/><V121/><F71/><W72/><G109/><T5/><D40/><U73/><E73/><V123/><F130/><W99/><G56/><T53/><D124/><N who="3" m="47689" /><G21/><T126/><D126/><U36/><E111/><V78/><F57/><W16/><G16/><T81/><D81/><U63/><E31/><V131/><F131/><W64/><G46/><T102/><REACH who="0" step="1"/><D13/><REACH who="0" ten="240,250,250,250" step="2"/><U20/><E92/><V80/><F12/><N who="3" m="5143" /><G64/><T9/><D9/><U48/><E82/><AGARI ba="0,1" hai="72,76,82,94,99,101,112,113" m="5143,47689" machi="82" ten="30,7700,0" yaku="18,1,52,3" doraHai="132" who="3" fromWho="1" sc="240,0,250,-77,250,0,250,87" /><INIT seed="1,0,0,3,4,63" ten="240,173,250,337" oya="1" hai0="22,47,3,37,13,32,34,99,132,117,28,84,23" hai1="15,104,121,134,80,52,90,24,43,10,95,103,116" hai2="50,55,62,54,51,36,83,102,14,6,108,111,118" hai3="16,128,110,53,35,112,2,49,123,57,130,114,5"/><U46/><E121/><V8/><F36/><W58/><G35/><T70/><D117/><U127/><E116/><V92/><F118/><W98/><G123/><T68/><D3/><U11/><E134/><V129/><F129/><W85/><G110/><N who="2" m="42025" /><F83/><W25/><G98/><T1/><D1/><U72/><E127/><V113/><F113/><W122/><G122/><T44/><D132/><U100/><E104/><V19/><F19/><W40/><G40/><T82/><D99/><U94/><E11/><V67/><F92/><W75/><G75/><T21/><D28/><U133/><E133/><V107/><F102/><W61/><G85/><T74/><D74/><U31/><E94/><V66/><F107/><W38/><G38/><T26/><D26/><U120/><E120/><V45/><F62/><W60/><G60/><T41/><D13/><U135/><E135/><V77/><F77/><W42/><G5/><T33/><REACH who="0" step="1"/><D44/><AGARI ba="0,0" hai="6,8,14,44,45,50,51,54,55,66,67" m="42025" machi="44" ten="30,3900,0" yaku="14,1,52,2" doraHai="63" who="2" fromWho="0" sc="240,-39,173,0,250,39,337,0" /><INIT seed="2,0,0,2,0,8" ten="201,173,289,337" oya="2" hai0="54,135,82,81,70,3,55,46,35,98,14,102,118" hai1="89,24,39,130,15,29,73,87,76,7,26,129,6" hai2="21,99,105,2,56,0,20,23,124,25,63,93,62" hai3="134,111,106,12,18,28,9,11,40,92,49,38,103"/><V41/><F105/><W60/><G106/><T108/><D3/><U17/><E39/><V120/><F120/><W114/><G38/><T91/><D35/><U67/><E67/><V58/><F41/><W90/><G114/><T100/><D108/><U61/><E61/><V68/><F124/><W57/><G111/><T22/><D70/><U125/><E76/><V97/><F68/><W128/><G134/><T133/><D118/><U101/><E73/><V42/><F42/><W85/><G28/><T117/><D117/><U71/><E71/><V37/><F37/><W10/><G103/><T96/><D46/><U74/><E74/><V127/><F127/><W33/><G33/><T84/><D84/><U110/><E101/><V16/><F2/><W83/><G83/><T122/><D91/><U36/><E36/><V19/><F0/><W86/><G86/><T45/><D45/><U77/><E77/><V79/><F79/><W121/><G121/><T43/><D43/><U75/><E75/><V5/><F5/><W132/><G132/><T31/><D122/><U32/><E26/><V59/><F23/><W51/><G128/><N who="1" m="49258" /><E110/><V88/><F99/><W50/><REACH who="3" step="1"/><G40/><REACH who="3" ten="201,173,289,327" step="2"/><T34/><D133/><U119/><E125/><V30/><F30/><W64/><AGARI ba="0,1" hai="9,10,11,12,18,49,50,51,57,60,64,85,90,92" machi="64" ten="30,12000,2" yaku="1,1,2,1,0,1,8,1,52,1,53,1" doraHai="8" doraHaiUra="52" who="3" fromWho="3" sc="201,-30,173,-30,289,-60,327,130" /><INIT seed="3,0,0,4,0,132" ten="171,143,229,457" oya="3" hai0="39,130,129,8,63,110,71,49,23,24,77,65,120" hai1="76,27,2,101,98,61,125,31,9,45,93,116,18" hai2="96,84,108,20,128,38,78,43,36,133,95,59,40" hai3="51,114,99,82,54,6,119,104,112,107,19,69,72"/><W135/><G69/><T58/><D120/><U32/><E116/><V70/><F84/><W34/><G34/><T35/><D35/><U3/><E76/><V90/><F78/><W28/><G28/><T1/><D110/><U62/><E45/><V42/><F95/><W47/><G119/><T4/><D39/><U22/><E3/><V103/><F90/><W13/><G6/><T105/><D105/><U15/><REACH who="1" step="1"/><E125/><REACH who="1" ten="171,133,229,457" step="2"/><V0/><F0/><W33/><G135/><T80/><D71/><U37/><E37/><V134/><F70/><W21/><G114/><T11/><D49/><U83/><E83/><V73/><F38/><W111/><G112/><T118/><D118/><U123/><E123/><V67/><F36/><W17/><G111/><T66/><D77/><U122/><E122/><V41/><F108/><W60/><G82/><T115/><D115/><U126/><E126/><V117/><F117/><W25/><G60/><T86/><D80/><U124/><E124/><V10/><F134/><W79/><G79/><T92/><D92/><U131/><BYE who="0" /><E131/><V97/><F128/><W5/><G51/><T64/><D64/><U55/><E55/><V48/><F48/><UN n0="%E8%88%AC%E5%8D%93%E6%B0%91%E3%81%AE%E6%9C%9D%E3%81%AF%E6%97%A9%E3%81%84" /><W85/><G54/><T91/><D66/><U7/><AGARI ba="0,1" hai="2,7,9,15,18,22,27,31,32,61,62,93,98,101" machi="7" ten="30,8000,1" yaku="1,1,0,1,24,2,53,1" doraHai="132" doraHaiUra="26" who="1" fromWho="1" sc="171,-20,133,90,229,-20,457,-40" /><INIT seed="4,0,0,4,0,82" ten="151,223,209,417" oya="0" hai0="80,125,68,127,22,6,41,129,51,103,35,0,43" hai1="79,71,12,4,65,64,70,24,45,17,44,13,133" hai2="83,108,15,10,131,85,116,42,77,2,115,3,110" hai3="118,122,81,101,25,76,1,11,54,18,7,107,8"/><T50/><D35/><U126/><E133/><V117/><F131/><W26/><G118/><N who="2" m="45673" /><F42/><W21/><G122/><T23/><D68/><U102/><E126/><N who="0" m="48137" /><D129/><U111/><E111/><N who="2" m="42539" /><F115/><W20/><G8/><N who="0" m="2119" /><D80/><U93/><E79/><V89/><F77/><W48/><G101/><T87/><D87/><U62/><E4/><AGARI ba="0,0" hai="2,3,4,10,15,83,85,89" m="42539,45673" machi="4" ten="30,2000,0" yaku="12,1,52,1" doraHai="82" who="2" fromWho="1" sc="151,0,223,-20,209,20,417,0" /><INIT seed="5,0,0,1,2,98" ten="151,203,229,417" oya="1" hai0="13,48,135,112,46,64,97,20,33,117,5,50,125" hai1="72,9,91,106,31,74,119,89,93,3,87,96,51" hai2="55,103,59,28,37,120,58,56,83,22,52,53,76" hai3="111,127,68,102,65,41,1,61,92,62,21,24,44"/><U39/><E39/><V107/><F37/><W116/><G1/><T115/><D117/><U60/><E119/><V79/><F120/><W94/><G116/><T11/><D33/><U32/><E51/><V29/><F107/><W123/><G123/><T70/><D135/><U25/><E60/><V113/><F113/><N who="0" m="43594" /><D125/><U47/><E47/><V78/><F103/><W8/><G127/><T132/><D132/><U40/><E40/><V86/><F22/><W0/><G62/><N who="0" m="40215" /><D46/><U75/><E106/><V67/><F67/><W133/><G102/><T26/><D97/><U27/><E27/><V30/><AGARI ba="0,0" hai="28,29,30,52,53,55,56,58,59,76,78,79,83,86" machi="30" ten="40,8000,1" yaku="0,1,29,2,8,1,54,1" doraHai="98" who="2" fromWho="2" sc="151,-20,203,-40,229,80,417,-20" /><INIT seed="6,0,0,1,5,88" ten="131,163,309,397" oya="2" hai0="116,112,39,78,108,23,62,115,94,46,77,129,117" hai1="70,87,48,50,28,47,122,135,34,91,59,17,52" hai2="1,120,89,81,96,41,97,49,31,107,4,5,15" hai3="40,101,127,134,26,56,82,75,85,60,73,38,43"/><V55/><F1/><W69/><G69/><T11/><D108/><U102/><E70/><V66/><F66/><W109/><G109/><T2/><D129/><U71/><E71/><V57/><F107/><W104/><G134/><T8/><D23/><U123/><E135/><V63/><F31/><W93/><G104/><T80/><D62/><U92/><E102/><V86/><F120/><N who="1" m="46121" /><E17/><V42/><F63/><W110/><G110/><T98/><D39/><U3/><E3/><V44/><F57/><W30/><G127/><T76/><D46/><U33/><E28/><V126/><F126/><W32/><G38/><T119/><D80/><U13/><E13/><V105/><F105/><W132/><G132/><T90/><REACH who="0" step="1"/><D2/><REACH who="0" ten="121,163,309,397" step="2"/><U83/><E83/><V9/><F42/><AGARI ba="0,1" hai="33,34,42,47,48,50,52,59,87,91,92" m="46121" machi="42" ten="30,3900,0" yaku="13,1,52,1,54,1" doraHai="88" who="1" fromWho="2" sc="121,0,163,49,309,-39,397,0" /><INIT seed="7,0,0,3,4,77" ten="121,212,270,397" oya="3" hai0="70,130,93,76,61,86,133,104,49,80,99,119,64" hai1="23,2,98,111,83,113,116,94,35,85,43,132,36" hai2="110,103,125,126,59,135,67,5,29,118,51,112,62" hai3="57,25,8,97,71,127,122,120,15,27,26,24,31"/><W14/><G71/><T20/><D119/><U100/><E35/><V107/><F29/><W123/><G57/><T91/><D133/><U16/><E2/><V82/><F103/><W19/><G97/><T1/><D130/><U69/><E69/><V3/><F51/><W21/><G15/><T54/><D1/><U108/><E132/><V101/><F59/><W79/><G79/><T129/><D129/><U84/><E84/><V42/><F62/><W114/><G127/><T74/><D20/><U134/><E134/><V131/><F67/><W12/><G12/><T81/><D104/><U89/><E113/><AGARI ba="0,0" hai="8,14,19,21,24,25,26,27,31,113,114,120,122,123" machi="113" ten="50,9600,0" yaku="34,3" doraHai="77" who="3" fromWho="1" sc="121,0,212,-96,270,0,397,96" owari="121,-28.0,116,-38.0,270,7.0,493,59.0" /></mjloggm>