<mjloggm ver="2.3"><GO type="97" lobby="0"/><UN n0="%53%59%56%26%53%59%53" n1="%E3%82%A6%E3%83%AB%E3%83%88%E3%83%A9%E7%AB%8B%E7%9B%B4" n2="%4B%42%43" n3="%E3%83%A1%E3%83%AA%E3%83%BC%EF%BC%AB" dan="14,15,15,13" rate="1981.72,1989.24,2002.58,1901.82" sx="F,M,M,F"/><TAIKYOKU oya="0"/><INIT seed="0,0,0,3,5,6" ten="250,250,250,250" oya="0" hai0="125,40,50,77,57,79,135,102,26,24,91,0,118" hai1="106,52,75,101,13,83,30,76,42,117,119,107,127" hai2="99,92,80,66,2,82,100,96,121,110,31,108,5" hai3="98,87,9,130,122,112,109,120,84,124,37,105,16"/><T86/><D118/><U21/><E42/><V129/><F121/><N who="3" m="46699" /><G37/><T104/><D0/><U15/><E15/><V90/><F31/><W54/><G112/><T28/><D125/><U116/><E127/><V12/><F2/><W70/><G124/><T62/><D135/><U67/><E67/><V14/><F66/><W32/><G70/><T39/><D39/><U27/><E101/><V46/><F46/><W47/><G109/><N who="2" m="42089" /><F129/><W34/><G130/><T44/><D26/><U33/><E33/><N who="3" m="12906" /><G105/><T131/><D131/><U35/><E35/><V64/><F64/><W7/><G47/><T133/><D133/><U22/><E22/><V51/><F51/><W71/><G71/><T29/><D102/><U19/><E30/><N who="0" m="11881" /><D24/><U49/><REACH who="1" step="1"/><E27/><REACH who="1" ten="250,240,250,250" step="2"/><V61/><F14/><N who="3" m="5439" /><G54/><N who="0" m="34103" /><D104/><U43/><E43/><V63/><F12/><W58/><G98/><T60/><D60/><U132/><E132/><V115/><F63/><W134/><G134/><T48/><D50/><U93/><E93/><AGARI ba="0,1" hai="40,44,48,77,79,86,91,93" m="34103,11881" machi="93" ten="30,1500,0" yaku="8,1" doraHai="6" who="0" fromWho="1" sc="250,25,240,-15,250,0,250,0" /><INIT seed="0,1,0,5,1,130" ten="275,225,250,250" oya="0" hai0="106,23,115,108,40,30,125,121,53,83,119,59,107" hai1="20,9,34,111,6,93,75,54,61,46,36,79,128" hai2="35,101,1,62,127,42,89,13,24,33,90,27,47" hai3="39,72,112,131,66,124,67,80,19,69,135,29,110"/><T43/><D115/><U114/><E34/><V76/><F1/><W55/><G29/><T109/><D119/><U31/><E128/><V116/><F127/><W94/><G72/><T73/><D121/><U103/><E111/><N who="0" m="42569" /><D125/><U91/><E103/><V28/><F116/><W4/><G19/><T48/><D23/><U51/><E114/><V98/><F76/><W12/><G94/><T86/><D30/><U21/><E36/><V96/><F62/><W97/><G80/><T38/><D73/><U132/><E132/><V102/><F13/><W81/><G97/><T25/><D25/><U15/><E31/><V0/><F0/><W71/><G12/><T32/><D32/><U41/><E79/><V122/><F122/><W105/><G110/><T44/><D40/><U14/><E75/><V60/><F60/><W17/><G124/><T68/><D68/><U120/><E120/><V2/><F2/><W126/><G126/><T133/><D133/><U77/><E77/><AGARI ba="1,0" hai="38,43,44,48,53,59,77,83,86,106,107" m="42569" machi="77" ten="30,2900,0" yaku="14,1,10,1" doraHai="130" who="0" fromWho="1" sc="275,32,225,-32,250,0,250,0" /><INIT seed="0,2,0,2,2,129" ten="307,193,250,250" oya="0" hai0="77,82,6,44,41,127,47,104,93,21,62,125,50" hai1="123,8,74,99,11,27,117,70,128,0,42,40,33" hai2="84,20,133,106,73,23,79,51,130,71,94,107,25" hai3="37,36,58,45,48,55,91,14,103,113,89,18,90"/><T86/><D104/><U76/><E70/><V72/><F71/><W112/><G103/><T4/><D62/><U68/><E68/><V80/><F130/><W59/><G58/><T46/><D21/><U101/><E128/><V39/><F39/><W34/><G34/><T24/><D24/><U105/><E123/><V66/><F66/><W126/><G126/><N who="0" m="48139" /><D93/><U88/><E117/><V110/><F110/><W134/><G134/><T10/><D4/><U119/><E119/><V43/><F23/><W5/><G5/><T114/><D114/><U115/><E115/><V3/><F3/><AGARI ba="2,0" hai="3,6,10,41,44,46,47,50,77,82,86" m="48139" machi="3" ten="30,1500,0" yaku="18,1" doraHai="129" who="0" fromWho="2" sc="307,21,193,0,250,-21,250,0" /><INIT seed="0,3,0,2,1,105" ten="328,193,229,250" oya="0" hai0="8,41,45,50,78,128,122,87,9,33,104,18,47" hai1="3,49,17,73,34,6,107,124,12,76,4,2,62" hai2="19,25,83,80,13,7,75,93,52,96,48,16,22" hai3="126,40,67,86,59,130,5,53,27,55,64,111,35"/><T79/><D104/><U120/><E49/><V58/><F7/><W56/><G111/><T74/><D33/><U118/><E62/><V42/><F42/><W134/><G126/><T133/><D74/><U99/><E76/><V44/><F44/><W72/><G134/><T88/><D122/><U90/><E99/><V21/><F75/><W11/><G130/><T112/><D112/><U102/><E90/><AGARI ba="3,0" hai="13,16,19,21,22,25,48,52,58,80,83,90,93,96" machi="90" ten="30,7700,0" yaku="7,1,8,1,54,2" doraHai="105" who="2" fromWho="1" sc="328,0,193,-86,229,86,250,0" /><INIT seed="1,0,0,2,1,108" ten="328,107,315,250" oya="1" hai0="105,124,39,23,4,118,35,0,131,18,9,92,50" hai1="97,93,37,117,31,1,80,121,12,116,101,67,22" hai2="3,59,87,119,74,68,114,52,102,85,90,115,42" hai3="28,104,95,86,11,111,70,5,61,46,103,8,62"/><U20/><E1/><V132/><F119/><W26/><G111/><T110/><D39/><U109/><E37/><V30/><F74/><W27/><G46/><T76/><D105/><U71/><E121/><V34/><F68/><W73/><G73/><T55/><D110/><U19/><E109/><V49/><F3/><W129/><G129/><T48/><D48/><U125/><E125/><V14/><F102/><W72/><G72/><T29/><D76/><U120/><E120/><V21/><F42/><W135/><G135/><T91/><D118/><U17/><E31/><V56/><F132/><W47/><G47/><T88/><D92/><U32/><E32/><V127/><F127/><W43/><G43/><T130/><D124/><U33/><E33/><V53/><F34/><W81/><G70/><T134/><D134/><U122/><E122/><V51/><F90/><W58/><G104/><T16/><D18/><U24/><E71/><V82/><F82/><W78/><G28/><T60/><D60/><N who="3" m="23145" /><G58/><N who="0" m="33143" /><D29/><U69/><E69/><V64/><F64/><W79/><G79/><T65/><D65/><U133/><E133/><V75/><F75/><W128/><G128/><N who="0" m="49195" /><D35/><U54/><E67/><V94/><F94/><W99/><G5/><T41/><D41/><U44/><REACH who="1" step="1"/><E80/><REACH who="1" ten="328,97,315,250" step="2"/><V57/><F30/><W77/><G77/><T10/><D10/><AGARI ba="0,1" hai="8,10,11,26,27,78,81,86,95,99,103" m="23145" machi="10" ten="30,1000,0" yaku="8,1" doraHai="108" who="3" fromWho="0" sc="328,-10,97,0,315,0,250,20" /><INIT seed="2,0,0,0,1,62" ten="318,97,315,270" oya="2" hai0="54,84,27,86,28,45,39,132,29,19,96,66,124" hai1="109,9,94,85,49,10,4,129,101,120,100,92,22" hai2="58,122,16,125,76,34,123,8,50,71,82,41,46" hai3="23,33,135,47,1,117,133,107,131,127,74,70,18"/><V77/><F71/><W134/><G74/><T65/><D39/><U60/><E109/><V55/><F34/><W90/><G107/><T81/><D86/><U25/><E129/><V78/><F125/><W105/><G70/><T59/><D45/><U56/><E120/><V20/><F8/><W32/><G105/><T116/><D132/><U91/><E49/><V115/><F115/><W67/><G117/><T63/><D96/><U6/><E6/><V11/><F11/><W114/><G114/><T95/><D95/><U88/><E9/><V26/><REACH who="2" step="1"/><F82/><REACH who="2" ten="318,97,305,270" step="2"/><W51/><G127/><T119/><D124/><U68/><E68/><V89/><F89/><W72/><G131/><T12/><D116/><U0/><E91/><V35/><F35/><W126/><G126/><T24/><D119/><U106/><E106/><V53/><F53/><W118/><G33/><T103/><D103/><U111/><E111/><V17/><F17/><W79/><G32/><T80/><D80/><U93/><E93/><V15/><F15/><W42/><G118/><T37/><D27/><U75/><E94/><V130/><F130/><W2/><G1/><T13/><D13/><U7/><E7/><V99/><F99/><W44/><G2/><T113/><D24/><U112/><E112/><V43/><F43/><W97/><G135/><T73/><D113/><U3/><E3/><V30/><F30/><W5/><G134/><T48/><D28/><N who="1" m="17463" /><E101/><V57/><F57/><W40/><G133/><T110/><D29/><U87/><E100/><V102/><F102/><W83/><G72/><T31/><D110/><RYUUKYOKU type="nm" ba="0,1" sc="318,-20,97,-20,305,-40,270,80" hai2="16,20,26,41,46,50,55,58,76,77,78,122,123" /><INIT seed="2,1,1,4,3,45" ten="298,77,265,350" oya="2" hai0="129,53,62,26,44,131,133,78,132,36,1,50,40" hai1="23,27,6,134,123,13,28,29,121,67,20,3,82" hai2="61,55,34,71,14,107,113,48,10,127,35,108,42" hai3="32,73,39,25,99,95,11,70,84,58,21,22,30"/><V47/><F113/><W124/><G70/><T112/><D1/><U43/><E82/><V51/><F107/><W72/><G73/><T102/><D112/><U105/><E67/><V9/><F127/><W19/><G39/><T16/><D102/><U120/><E43/><V97/><F108/><W93/><G72/><T17/><D78/><U68/><E68/><V33/><F97/><W56/><G124/><T90/><D90/><U111/><E105/><V103/><F103/><W12/><G32/><T18/><D62/><U122/><N who="1" m="31232" /><DORA hai="85" /><U125/><E125/><V75/><F75/><W24/><G84/><T54/><D26/><N who="1" m="16455" /><E111/><V69/><F61/><W80/><G80/><T31/><D31/><U128/><E128/><N who="0" m="49225" /><D54/><U77/><E77/><V94/><F94/><N who="3" m="35851" /><G99/><T87/><D87/><U5/><E134/><N who="0" m="51817" /><D53/><U83/><E83/><V110/><F110/><W81/><G81/><T63/><D63/><U59/><E59/><V15/><F71/><W7/><AGARI ba="1,1" hai="7,11,12,19,21,22,24,25,30,56,58" m="35851" machi="7" ten="30,1100,0" yaku="8,1" doraHai="45,85" who="3" fromWho="3" sc="298,-4,77,-4,265,-6,350,24" /><INIT seed="3,0,0,3,4,130" ten="294,73,259,374" oya="3" hai0="110,11,100,75,114,24,71,104,51,96,87,59,131" hai1="82,55,39,132,27,33,106,94,50,89,86,38,34" hai2="124,18,63,7,121,58,70,20,135,120,5,78,53" hai3="90,99,77,88,126,129,101,92,13,28,72,46,112"/><W62/><G112/><T23/><D71/><U73/><E27/><V119/><F119/><W66/><G129/><T54/><D75/><U98/><E34/><V57/><F70/><W74/><G126/><T113/><D131/><U4/><E33/><V41/><F41/><W105/><G28/><N who="0" m="17439" /><D87/><U45/><E4/><V40/><F40/><W8/><G46/><T117/><D11/><U6/><E6/><V65/><F78/><W64/><G64/><T108/><D117/><U36/><E55/><V67/><F58/><W68/><G77/><T21/><D21/><U9/><E9/><V16/><F20/><W118/><G118/><T79/><D79/><U76/><E50/><V2/><F7/><W42/><G42/><T84/><D84/><U12/><E12/><V1/><F5/><W3/><G3/><N who="2" m="1033" /><F124/><W43/><G43/><T97/><D96/><U122/><E122/><N who="2" m="47211" /><F135/><W30/><G30/><T52/><D54/><U37/><N who="1" m="9728" /><DORA hai="47" /><U48/><E45/><V116/><F116/><W10/><G10/><T115/><AGARI ba="0,0" hai="51,52,59,97,100,104,108,110,113,114,115" m="17439" machi="115" ten="40,5200,0" yaku="11,1,52,1,54,1" doraHai="130,47" who="0" fromWho="0" sc="294,52,73,-13,259,-13,374,-26" owari="346,15.0,60,-44.0,246,-15.0,348,44.0" /></mjloggm>