<mjloggm ver="2.3"><GO type="169" lobby="0"/><UN n0="%74%61%6E%69%6D%6F%40" n1="%E7%B4%97%E6%9C%89" n2="%E3%82%A6%E3%83%AB%E3%83%88%E3%83%A9%E7%AB%8B%E7%9B%B4" n3="%E3%81%A1%E3%82%83%E3%81%9D%E2%98%86" dan="17,16,17,17" rate="2187.49,2091.51,2193.45,2128.82" sx="M,M,M,M"/><TAIKYOKU oya="0"/><INIT seed="0,0,0,1,3,43" ten="250,250,250,250" oya="0" hai0="74,104,32,12,45,40,54,7,73,125,93,36,22" hai1="75,1,82,19,60,21,81,126,86,76,55,135,10" hai2="57,9,127,119,115,18,53,117,91,26,92,52,67" hai3="89,23,90,111,110,35,20,14,98,58,39,129,71"/><T17/><D104/><U33/><E33/><V44/><F115/><W59/><G71/><T108/><D32/><U106/><E106/><V29/><F127/><W24/><G39/><T124/><D108/><N who="3" m="41513" /><G129/><T3/><D74/><U11/><E126/><N who="0" m="48745" /><D73/><U88/><E135/><V61/><F18/><N who="3" m="10327" /><G35/><T113/><D113/><U87/><E75/><V13/><F13/><W68/><G68/><T112/><D112/><U50/><E60/><V109/><F9/><W78/><G78/><T122/><D122/><U0/><E0/><V25/><F109/><W132/><G132/><T2/><D7/><U99/><E99/><V37/><F29/><N who="3" m="17567" /><G90/><T121/><D121/><U79/><E79/><V64/><F37/><W83/><G83/><T131/><D131/><U72/><E72/><V34/><F34/><W97/><G97/><T96/><D54/><U69/><E69/><V133/><F133/><W105/><G89/><AGARI ba="0,0" hai="2,3,12,17,22,36,40,45,89,93,96" m="48745" machi="89" ten="30,2900,0" yaku="18,1,52,1" doraHai="43" who="0" fromWho="3" sc="250,29,250,0,250,0,250,-29" /><INIT seed="0,1,0,5,5,102" ten="279,250,250,221" oya="0" hai0="71,110,12,133,93,103,16,83,51,129,88,17,50" hai1="31,33,0,130,107,75,89,14,112,11,10,124,105" hai2="5,106,74,42,91,82,115,25,52,44,135,81,94" hai3="121,113,3,62,126,38,69,13,49,99,19,28,45"/><T2/><D71/><U37/><E37/><V120/><F120/><W65/><G113/><T97/><D2/><U4/><E75/><V96/><F135/><W119/><G119/><T134/><D129/><U43/><E43/><V29/><F115/><W72/><G121/><T64/><D64/><U128/><E112/><V58/><F5/><W90/><G3/><T111/><D17/><U73/><E73/><V114/><F106/><N who="1" m="40457" /><E89/><V66/><F66/><W56/><G72/><T46/><D83/><U76/><E76/><V15/><F15/><W104/><G28/><T6/><D6/><N who="1" m="1351" /><E124/><V95/><F95/><W118/><G118/><T36/><D103/><U57/><E57/><V21/><F74/><W59/><G126/><T47/><D36/><U1/><E14/><V18/><F29/><W23/><G38/><T63/><D63/><U117/><E117/><V68/><F68/><W98/><G104/><T35/><D35/><U123/><E123/><V125/><F125/><W70/><G59/><T24/><D24/><AGARI ba="1,0" hai="1,4,11,24,31,33,128,130" m="1351,40457" machi="24" ten="30,7700,0" yaku="23,1,52,3" doraHai="102" who="1" fromWho="0" sc="279,-80,250,80,250,0,221,0" /><INIT seed="1,0,0,1,5,118" ten="199,330,250,221" oya="1" hai0="46,23,17,125,96,21,117,116,26,42,53,132,127" hai1="44,106,86,84,102,90,62,63,131,49,114,8,92" hai2="3,51,124,24,28,27,128,88,126,103,91,54,57" hai3="72,68,1,32,120,109,78,25,48,16,71,55,75"/><U20/><E114/><V7/><F103/><W38/><G1/><T93/><D53/><U39/><E39/><V66/><F66/><W37/><G109/><T122/><D132/><U77/><E131/><V135/><F135/><W52/><G32/><T36/><D23/><U133/><E133/><V105/><F105/><W99/><G99/><T110/><D110/><U115/><E115/><V18/><F128/><W87/><G87/><T34/><D34/><U4/><E20/><V35/><F7/><W50/><G78/><T30/><D17/><U22/><E22/><N who="2" m="13399" /><F3/><W60/><G60/><T101/><REACH who="0" step="1"/><D122/><REACH who="0" ten="189,330,250,221" step="2"/><U0/><E63/><V67/><F67/><W12/><G16/><T74/><D74/><U41/><E62/><V14/><F35/><W82/><G120/><T19/><D19/><U129/><E129/><V10/><F28/><W134/><G134/><T9/><D9/><U58/><E8/><V45/><F27/><W6/><G25/><T76/><D76/><U33/><E77/><V40/><F10/><W70/><G75/><T107/><D107/><U31/><E33/><V111/><F111/><W59/><G6/><T56/><D56/><U130/><E31/><V29/><F29/><W108/><G108/><T5/><D5/><U2/><E130/><V83/><F57/><W80/><G72/><T79/><D79/><U89/><E4/><V11/><F54/><W43/><G55/><T15/><D15/><U13/><E13/><V94/><F14/><W98/><G12/><T64/><D64/><U47/><E58/><V81/><F11/><W65/><G59/><RYUUKYOKU ba="0,1" sc="189,30,330,-10,250,-10,221,-10" hai0="21,26,30,36,42,46,93,96,101,116,117,125,127" /><INIT seed="2,1,1,0,0,88" ten="219,320,240,211" oya="2" hai0="99,49,21,112,74,68,79,135,66,56,90,40,35" hai1="120,43,111,92,11,123,133,132,48,78,100,109,80" hai2="5,64,121,1,65,17,58,89,33,119,95,122,6" hai3="115,29,36,86,41,32,61,3,55,73,42,126,16"/><V103/><F33/><W106/><G73/><T24/><D35/><U47/><E11/><V98/><F119/><W18/><G3/><T4/><D4/><U20/><E20/><V117/><F117/><W8/><G106/><T75/><D79/><U87/><E100/><V38/><F38/><W91/><G126/><T116/><D112/><U25/><E25/><V110/><F110/><N who="1" m="41993" /><E92/><N who="2" m="58823" /><F1/><W57/><G36/><T51/><D21/><U101/><E101/><V52/><F121/><AGARI ba="1,1" hai="43,47,48,78,80,87,120,121,123,132,133" m="41993" machi="121" ten="30,2000,0" yaku="13,1,14,1" doraHai="88" who="1" fromWho="2" sc="219,0,320,33,240,-23,211,0" /><INIT seed="3,0,0,5,4,115" ten="219,353,217,211" oya="3" hai0="92,61,102,59,50,106,66,65,135,64,93,34,12" hai1="38,134,133,20,1,130,83,62,86,68,113,31,109" hai2="98,19,128,104,42,11,100,71,82,47,32,15,124" hai3="73,75,94,119,37,105,14,74,49,21,48,121,25"/><W129/><G121/><T111/><D34/><U33/><E33/><V60/><F32/><W56/><G105/><T24/><D111/><U8/><E38/><V112/><F112/><W108/><G108/><T39/><D39/><U85/><E113/><V43/><F128/><W41/><G129/><T7/><D135/><U78/><E109/><V127/><F82/><W10/><G119/><T46/><D106/><U126/><E126/><N who="2" m="48171" /><F47/><W103/><G37/><T95/><D24/><N who="1" m="16775" /><E130/><V88/><F88/><W52/><G41/><T81/><D81/><U26/><E26/><V123/><F123/><W40/><G40/><T17/><D7/><N who="1" m="1135" /><E62/><V5/><F5/><W67/><G67/><AGARI ba="0,0" hai="11,15,19,42,43,60,67,71,98,100,104" m="48171" machi="67" ten="30,1000,0" yaku="18,1" doraHai="115" who="2" fromWho="3" sc="219,0,353,0,217,10,211,-10" /><INIT seed="4,0,0,1,5,54" ten="219,353,227,201" oya="0" hai0="135,93,5,95,12,11,58,9,128,50,111,84,123" hai1="74,59,44,78,106,17,110,118,2,56,66,132,94" hai2="116,48,4,40,72,53,52,89,28,39,3,38,33" hai3="91,131,22,112,96,35,23,8,113,31,75,121,0"/><T92/><D123/><U83/><E110/><V105/><F105/><W81/><G96/><T82/><D128/><U57/><E118/><V73/><F28/><W120/><G91/><T114/><D114/><N who="3" m="44137" /><G81/><T90/><D135/><U122/><E122/><N who="3" m="47210" /><G75/><T21/><D111/><U86/><E106/><V108/><F33/><W16/><G131/><T29/><D11/><U64/><E2/><V37/><F116/><W104/><G104/><T36/><D36/><U63/><E44/><V24/><F24/><N who="3" m="18919" /><G16/><T133/><D133/><U124/><E132/><V129/><F108/><W25/><G25/><T46/><D29/><U14/><E74/><V79/><F79/><W69/><G69/><T126/><D126/><U99/><E64/><V20/><F89/><W76/><G76/><T62/><D21/><N who="1" m="11447" /><E124/><V109/><F20/><W98/><G98/><T102/><D102/><AGARI ba="0,0" hai="56,57,59,63,66,78,83,86,94,99,102" m="11447" machi="102" ten="30,7700,0" yaku="8,1,52,3" doraHai="54" who="1" fromWho="0" sc="219,-77,353,77,227,0,201,0" /><INIT seed="5,0,0,2,4,128" ten="142,430,227,201" oya="1" hai0="14,22,26,87,13,16,103,96,56,131,116,12,42" hai1="79,68,55,34,91,73,48,94,0,43,37,32,135" hai2="115,61,25,129,118,49,40,35,109,124,7,108,36" hai3="88,63,8,19,100,82,20,33,121,104,9,54,3"/><U84/><E68/><V24/><F25/><W133/><G133/><T6/><D116/><U93/><E0/><V75/><F75/><W10/><G33/><T1/><D42/><U127/><E127/><V45/><F7/><W15/><G121/><T51/><D131/><U134/><E43/><V102/><F129/><W71/><G3/><T44/><D56/><N who="1" m="32871" /><E37/><V62/><F24/><W58/><G71/><T126/><D126/><U98/><E73/><V52/><F102/><W11/><G104/><T67/><D67/><U92/><E79/><V64/><F35/><W99/><G100/><T106/><D87/><U27/><E27/><V123/><F123/><W119/><G119/><T74/><D74/><U69/><E69/><N who="2" m="42135" /><F124/><W80/><N who="3" m="2048" /><DORA hai="39" /><W23/><REACH who="3" step="1"/><G20/><REACH who="3" ten="142,430,227,191" step="2"/><T113/><D1/><U70/><E70/><V105/><F105/><W38/><G38/><T76/><D6/><U120/><E120/><V90/><F118/><W50/><G50/><T28/><D113/><U46/><E34/><V112/><F61/><W95/><AGARI ba="0,1" hai="15,19,23,54,58,63,80,82,88,95,99" m="2048" machi="95" ten="40,12000,2" yaku="1,1,0,1,8,1,54,1,53,2" doraHai="128,39" doraHaiUra="125,77" who="3" fromWho="3" sc="142,-30,430,-60,227,-30,191,130" /><INIT seed="6,0,0,2,0,33" ten="112,370,197,321" oya="2" hai0="72,5,107,53,128,73,125,68,57,36,108,46,41" hai1="67,1,134,81,85,38,127,48,110,35,22,95,80" hai2="54,112,119,78,113,122,91,62,28,118,86,39,10" hai3="58,135,70,98,116,21,133,56,75,45,109,30,16"/><V88/><F39/><W131/><G116/><T2/><D107/><U64/><E38/><V114/><F28/><W52/><G109/><T12/><D108/><U121/><E35/><V60/><F122/><W104/><G70/><T40/><D68/><U6/><E110/><V51/><F78/><W94/><G104/><T55/><D125/><U115/><E121/><V26/><F26/><W27/><G75/><T93/><D128/><U77/><E115/><V20/><F20/><W37/><G131/><T24/><D41/><U87/><E127/><V31/><F31/><W96/><G96/><T129/><D129/><U124/><E95/><N who="2" m="54679" /><F91/><N who="3" m="55647" /><G30/><T3/><D93/><U130/><E124/><V7/><F118/><W18/><G18/><T105/><D105/><U13/><E130/><V83/><F83/><W120/><G120/><T74/><D24/><U76/><E80/><V106/><F106/><W84/><G84/><T11/><REACH who="0" step="1"/><D53/><REACH who="0" ten="102,370,197,321" step="2"/><U117/><E117/><V43/><F43/><N who="3" m="22767" /><G52/><T123/><D123/><U101/><E81/><V71/><F71/><W82/><G82/><T29/><D29/><U34/><E76/><V65/><F119/><W44/><G27/><T15/><D15/><U47/><E13/><N who="2" m="5343" /><F65/><W97/><G97/><T79/><D79/><U61/><E77/><V89/><F89/><W32/><G32/><T69/><D69/><U25/><E34/><V102/><F102/><W0/><G21/><T92/><D92/><U111/><E22/><V63/><F54/><W4/><G4/><T49/><AGARI ba="0,1" hai="2,3,5,11,12,36,40,46,49,55,57,72,73,74" machi="49" ten="30,7900,0" yaku="1,1,0,1,52,2,53,0" doraHai="33" doraHaiUra="103" who="0" fromWho="0" sc="102,89,370,-20,197,-39,321,-20" /><INIT seed="7,0,0,0,1,81" ten="191,350,158,301" oya="3" hai0="70,42,63,47,32,58,14,13,94,2,59,104,102" hai1="65,96,86,88,9,24,71,127,1,109,6,124,28" hai2="61,89,25,15,75,16,93,108,92,119,26,125,115" hai3="131,3,129,60,72,91,82,62,0,7,20,114,117"/><W123/><G117/><T80/><D2/><N who="3" m="553" /><G123/><T27/><D13/><U45/><E109/><V18/><F75/><W83/><G7/><T128/><D14/><U49/><E96/><V48/><F119/><W120/><G120/><T110/><D128/><N who="3" m="49225" /><G114/><T99/><D110/><U106/><E106/><V38/><F38/><W90/><G20/><T107/><D94/><N who="1" m="54551" /><E65/><V53/><F125/><N who="1" m="48201" /><E71/><V11/><F115/><W33/><G33/><T56/><D107/><U37/><E37/><V132/><F132/><W8/><G8/><T34/><D70/><U112/><E112/><V84/><F108/><W85/><G72/><T35/><D34/><N who="1" m="20743" /><E49/><V95/><F61/><W113/><G113/><T57/><D63/><U68/><E68/><V19/><F26/><W17/><G17/><N who="2" m="6761" /><F25/><W36/><G36/><T43/><D27/><U126/><E126/><V101/><F101/><W22/><G22/><T130/><D32/><U4/><E4/><V64/><F64/><W29/><G29/><T87/><D35/><U52/><E45/><AGARI ba="0,0" hai="11,15,19,45,48,53,84,89,92,93,95" m="6761" machi="45" ten="30,3900,0" yaku="8,1,52,1,54,1" doraHai="81" who="2" fromWho="1" sc="191,0,350,-39,158,39,301,0" owari="191,-31.0,311,41.0,197,-20.0,301,10.0" /></mjloggm>