<mjloggm ver="2.3"><GO type="97" lobby="0"/><UN n0="%53%68%69%67%65%7A%6F" n1="%E4%BA%8C%E9%9A%8E%E5%A0%82%E8%97%8D" n2="%E3%82%A6%E3%83%AB%E3%83%88%E3%83%A9%E7%AB%8B%E7%9B%B4" n3="%6D%61%62%69%73" dan="14,14,14,14" rate="1877.42,1990.24,1962.41,1887.35" sx="M,F,M,M"/><TAIKYOKU oya="0"/><INIT seed="0,0,0,4,0,8" ten="250,250,250,250" oya="0" hai0="112,105,18,90,80,65,23,102,132,100,130,108,76" hai1="1,35,93,49,95,96,15,88,98,17,10,127,47" hai2="24,116,131,89,53,61,14,56,110,37,69,126,13" hai3="103,44,43,46,34,19,71,122,45,21,84,97,87"/><T92/><D112/><U120/><E120/><V12/><F37/><W63/><G34/><T25/><D65/><U0/><E35/><V104/><F104/><W99/><G122/><T73/><D132/><U3/><E127/><V107/><F107/><W62/><G43/><T113/><D113/><U57/><E57/><V114/><F114/><W9/><G9/><T27/><D130/><U28/><E28/><V81/><F69/><W111/><G111/><T128/><D128/><U134/><E134/><V115/><F115/><W39/><G39/><T54/><D54/><U26/><E26/><V52/><F131/><W129/><G129/><T94/><D94/><U78/><E78/><V5/><F126/><W11/><G11/><T72/><D72/><U101/><REACH who="1" step="1"/><E0/><REACH who="1" ten="250,240,250,250" step="2"/><V32/><F32/><W74/><G71/><T30/><D30/><U41/><AGARI ba="0,1" hai="1,3,10,15,17,41,47,49,88,93,95,96,98,101" machi="41" ten="20,12000,2" yaku="1,1,2,1,0,1,7,1,52,1,54,1,53,0" doraHai="8" doraHaiUra="22" who="1" fromWho="1" sc="250,-60,240,130,250,-30,250,-30" /><INIT seed="1,0,0,2,2,112" ten="190,370,220,220" oya="1" hai0="132,23,22,101,129,12,57,11,21,44,59,10,25" hai1="127,0,87,46,64,45,29,39,51,110,58,2,134" hai2="69,66,26,41,72,4,28,100,114,20,71,13,125" hai3="55,108,113,36,82,98,68,47,5,131,122,94,74"/><U49/><E134/><V53/><F72/><W102/><G113/><T14/><D129/><U8/><E127/><V130/><F114/><W30/><G122/><T50/><D101/><U133/><E133/><V80/><F125/><W126/><G126/><T18/><D25/><U81/><E29/><V117/><F130/><W24/><G131/><T77/><D77/><U115/><E115/><V52/><F71/><W33/><G108/><T19/><REACH who="0" step="1"/><D132/><REACH who="0" ten="180,370,220,220" step="2"/><U84/><E110/><V135/><F135/><W16/><G102/><T85/><D85/><U76/><E87/><V42/><F100/><W32/><G24/><T105/><D105/><U54/><E39/><V109/><F109/><W37/><G36/><T119/><D119/><U107/><E107/><V128/><F117/><W31/><G37/><T3/><D3/><U79/><E79/><V89/><F128/><W63/><G74/><T88/><D88/><U93/><E0/><V96/><F89/><W99/><G99/><T9/><D9/><U15/><E2/><V90/><F96/><W65/><G98/><T116/><D116/><U38/><E38/><V106/><F106/><W17/><G33/><T83/><D83/><U40/><E93/><V27/><F27/><W97/><G82/><T62/><D62/><N who="1" m="37975" /><E8/><N who="2" m="4231" /><F90/><N who="3" m="55511" /><G32/><T124/><D124/><U73/><E73/><V48/><F80/><W67/><G63/><T43/><AGARI ba="0,1" hai="10,11,12,14,18,19,21,22,23,43,44,50,57,59" machi="43" ten="30,7900,0" yaku="1,1,0,1,9,1,8,1,53,0" doraHai="112" doraHaiUra="61" who="0" fromWho="0" sc="180,89,370,-39,220,-20,220,-20" /><INIT seed="2,0,0,2,5,109" ten="269,331,200,200" oya="2" hai0="19,66,112,132,128,69,104,94,7,16,22,91,106" hai1="8,124,38,46,80,20,130,31,131,32,55,67,115" hai2="12,117,13,120,83,24,56,54,126,71,63,127,72" hai3="114,1,27,116,35,41,65,90,135,84,76,4,68"/><V14/><F120/><W53/><G116/><T5/><D112/><U44/><E115/><V58/><F117/><W100/><G76/><T39/><D39/><U17/><E67/><V70/><F72/><W121/><G114/><T61/><D128/><N who="1" m="49195" /><E124/><N who="2" m="47659" /><F83/><W95/><G121/><T23/><D132/><U34/><E80/><V62/><F24/><W64/><G41/><T92/><D92/><U78/><E78/><V118/><F118/><W59/><G135/><T79/><D79/><U11/><E46/><V134/><F134/><W33/><G100/><T2/><D2/><U96/><E96/><V48/><F48/><W86/><G84/><T113/><D113/><U30/><E38/><V98/><F98/><W93/><G95/><T110/><D110/><U0/><E44/><V40/><F40/><W108/><G108/><T15/><D106/><U74/><E74/><V105/><F105/><W103/><G103/><T97/><REACH who="0" step="1"/><D104/><REACH who="0" ten="259,331,200,200" step="2"/><U57/><E0/><V77/><F77/><W28/><G1/><T45/><D45/><U29/><E34/><V50/><F50/><W107/><G35/><T87/><D87/><U85/><E85/><V119/><F119/><W81/><G107/><T102/><D102/><U47/><E47/><V10/><F10/><W129/><G129/><T9/><D9/><U25/><E32/><V42/><F42/><W26/><G33/><T88/><D88/><U75/><E75/><V36/><F36/><W122/><G90/><T99/><D99/><U111/><E111/><V43/><F43/><W133/><G86/><T123/><D123/><U125/><E125/><RYUUKYOKU ba="0,1" sc="259,10,331,10,200,10,200,-30" hai0="5,7,15,16,19,22,23,61,66,69,91,94,97" hai1="8,11,17,20,25,29,30,31,55,57" hai2="12,13,14,54,56,58,62,63,70,71" /><INIT seed="2,1,1,2,0,18" ten="269,341,210,170" oya="2" hai0="122,115,126,131,109,52,107,85,58,62,135,72,21" hai1="116,47,54,88,67,120,37,71,7,117,69,84,80" hai2="123,110,65,92,23,8,41,51,64,73,55,63,34" hai3="89,130,81,33,125,0,3,99,24,16,53,102,97"/><V94/><F34/><W112/><G33/><T4/><D122/><U17/><E120/><V5/><F73/><W35/><G35/><T20/><D72/><U129/><E129/><V43/><F123/><W75/><G130/><T77/><D107/><U60/><E7/><V106/><F106/><W38/><G38/><T9/><D115/><U113/><E113/><V134/><F134/><W98/><G112/><T14/><D131/><U40/><E71/><V111/><F8/><W86/><G75/><T49/><D135/><U128/><E128/><V127/><F5/><W101/><G125/><T103/><D103/><N who="3" m="39433" /><G0/><T91/><D77/><U78/><E78/><V42/><F127/><W12/><G3/><T59/><D109/><N who="2" m="41482" /><F63/><W30/><G30/><T25/><D25/><U114/><E114/><V70/><F70/><W19/><G24/><T79/><D79/><U133/><E133/><V13/><F65/><W26/><G26/><T29/><D29/><U31/><E31/><V93/><F64/><W56/><G12/><T66/><D126/><U96/><E17/><N who="2" m="10671" /><F55/><W132/><G132/><T2/><D2/><U61/><E54/><V87/><F51/><AGARI ba="1,1" hai="16,19,51,53,56,81,86,89,97,98,99" m="39433" machi="51" ten="30,2000,0" yaku="8,1,54,1" doraHai="18" who="3" fromWho="2" sc="269,0,341,0,210,-23,170,33" /><INIT seed="3,0,0,5,4,40" ten="269,341,187,203" oya="3" hai0="95,129,83,84,73,38,16,70,79,56,119,53,82" hai1="12,45,22,4,106,18,93,3,43,7,47,13,71" hai2="105,34,19,69,124,81,65,23,0,66,15,42,20" hai3="113,62,135,103,75,107,111,116,104,78,86,89,59"/><W55/><G113/><T17/><D70/><U76/><E106/><V44/><F34/><W60/><G116/><T35/><D35/><U29/><E71/><V11/><F105/><W123/><G123/><T52/><D38/><U98/><E3/><V120/><F120/><W133/><G111/><T96/><D119/><U97/><E76/><V21/><F124/><W14/><G14/><T132/><D53/><U2/><E2/><V110/><F110/><W92/><G62/><T25/><D25/><N who="1" m="16567" /><E43/><V36/><F69/><W64/><G64/><T68/><D68/><U8/><E97/><V117/><F117/><W67/><G67/><T87/><D73/><U50/><E50/><V54/><F0/><W46/><G46/><N who="1" m="17418" /><E13/><V72/><F72/><W125/><G125/><T57/><D57/><U37/><E37/><V102/><F102/><AGARI ba="0,0" hai="4,7,8,12,18,93,98,102" m="17418,16567" machi="102" ten="30,7700,0" yaku="8,1,52,3" doraHai="40" who="1" fromWho="2" sc="269,0,341,77,187,-77,203,0" owari="269,7.0,418,52.0,110,-39.0,203,-20.0" /></mjloggm>