<mjloggm ver="2.3"><GO type="97" lobby="0"/><UN n0="%E5%A7%89%E5%B8%AF%E8%B1%8A%E9%9F%B3%40%E5%85%AD%E6%9B%9C" n1="%4B%5F%4C%69%74%74%6C%65" n2="%48%6F%67%65%4E%75%6C%6C" n3="%E5%B0%B1%E6%B4%BB%E7%94%9F%40%E5%B7%9D%E6%9D%91%E8%BB%8D%E5%9B%A3" dan="14,14,14,13" rate="1976.14,1906.98,1982.00,1870.70" sx="F,M,M,M"/><TAIKYOKU oya="0"/><INIT seed="0,0,0,2,4,25" ten="250,250,250,250" oya="0" hai0="128,92,42,63,52,124,64,21,37,29,77,84,34" hai1="18,91,31,1,81,73,11,45,125,46,135,22,3" hai2="43,48,54,110,41,19,58,0,97,14,13,12,4" hai3="27,86,5,55,67,99,6,103,66,69,53,61,121"/><T111/><D34/><U59/><E135/><V116/><F110/><W7/><G121/><T65/><D111/><U71/><E71/><V60/><F116/><W32/><G67/><T36/><D36/><U78/><E125/><V100/><F19/><W23/><G86/><T89/><D124/><U16/><E59/><V2/><F2/><W95/><REACH who="3" step="1"/><G32/><REACH who="3" ten="250,250,250,240" step="2"/><T8/><D84/><U15/><E3/><V131/><F0/><W133/><G133/><T96/><D65/><U40/><E1/><V88/><F131/><W109/><G109/><T130/><D64/><U72/><E72/><V112/><F112/><W28/><AGARI ba="0,1" hai="5,6,7,23,27,28,53,55,61,66,69,95,99,103" machi="28" ten="30,4000,0" yaku="1,1,0,1,52,1,53,0" doraHai="25" doraHaiUra="39" who="3" fromWho="3" sc="250,-20,250,-10,250,-10,240,50" /><INIT seed="1,0,0,3,5,39" ten="230,240,240,290" oya="1" hai0="123,50,61,67,35,82,86,28,58,53,129,112,103" hai1="7,20,72,131,55,23,46,4,6,87,83,84,42" hai2="135,113,21,96,106,80,3,25,34,127,16,0,121" hai3="63,29,22,76,43,118,81,73,116,19,91,105,107"/><U70/><E70/><V64/><F121/><W66/><G29/><T85/><D112/><U95/><E72/><V100/><F127/><W32/><G32/><T44/><D129/><U18/><E131/><V12/><F135/><W14/><G91/><T124/><D124/><U52/><E95/><V15/><F113/><W111/><G111/><T56/><D123/><U5/><N who="1" m="1536" /><DORA hai="101" /><U11/><E11/><V89/><F64/><W128/><G128/><T68/><D103/><U115/><E115/><V132/><F132/><W9/><G9/><T54/><D35/><U122/><E122/><V62/><F62/><W36/><G36/><T60/><D28/><U93/><E93/><V92/><F80/><W77/><G77/><T59/><D82/><U38/><E23/><V99/><REACH who="2" step="1"/><F34/><REACH who="2" ten="230,240,230,290" step="2"/><W69/><REACH who="3" step="1"/><G43/><REACH who="3" ten="230,240,230,280" step="2"/><T102/><D60/><U97/><E42/><V26/><F26/><W2/><G2/><AGARI ba="0,2" hai="0,2,3,12,15,16,21,25,89,92,96,99,100,106" machi="2" ten="40,5200,0" yaku="1,1,52,1,54,1,53,0" doraHai="39,101" doraHaiUra="120,114" who="2" fromWho="3" sc="230,0,240,0,230,72,280,-52" /><INIT seed="2,0,0,1,1,132" ten="230,240,302,228" oya="2" hai0="15,77,125,54,85,45,42,8,106,50,74,128,110" hai1="133,67,109,58,48,9,131,43,66,94,88,107,29" hai2="80,64,49,14,130,69,89,83,100,55,102,6,97" hai3="17,105,99,2,27,1,40,3,22,76,95,61,90"/><V59/><F69/><W34/><G105/><T78/><D106/><U39/><E39/><V104/><F130/><W129/><G129/><T26/><D128/><U79/><E107/><V52/><F64/><W38/><G76/><T72/><D110/><U60/><E109/><V12/><F100/><W57/><G34/><T96/><D96/><U73/><E73/><V19/><F6/><W37/><REACH who="3" step="1"/><G40/><REACH who="3" ten="230,240,302,218" step="2"/><T51/><D77/><U124/><E79/><V31/><F104/><W87/><G87/><T70/><D72/><U75/><E75/><V33/><F33/><W126/><G126/><T81/><D125/><U18/><E124/><V21/><F97/><W113/><G113/><T47/><D74/><U71/><E131/><V35/><F35/><W11/><G11/><T93/><D78/><U20/><E9/><V86/><F86/><W122/><G122/><T112/><D8/><U135/><E133/><V121/><F121/><W5/><G5/><T98/><D112/><U123/><E135/><V44/><F21/><W116/><G116/><T82/><D85/><N who="1" m="52495" /><E123/><V120/><F120/><W108/><G108/><T68/><D42/><U7/><E7/><V30/><F83/><W4/><G4/><T117/><D82/><U101/><E43/><V65/><F80/><W56/><G56/><T28/><D81/><U62/><E71/><V13/><F59/><W23/><G23/><N who="0" m="15455" /><D117/><U46/><E20/><V114/><F114/><W84/><G84/><T91/><D70/><U10/><E10/><V111/><F111/><W119/><G119/><T63/><D68/><U134/><E134/><RYUUKYOKU ba="0,1" sc="230,-10,240,-10,302,-10,218,30" hai3="1,2,3,17,22,27,37,38,57,61,90,95,99" /><INIT seed="3,1,1,2,3,15" ten="220,230,292,248" oya="3" hai0="97,72,4,73,66,121,38,19,109,39,57,70,129" hai1="78,11,108,98,41,22,111,23,18,105,110,89,123" hai2="0,45,9,21,125,102,131,49,34,122,47,103,106" hai3="83,12,51,134,124,113,118,82,71,92,117,44,55"/><W43/><G71/><T119/><D121/><U61/><E123/><V133/><F122/><W31/><G113/><T40/><D119/><U13/><E78/><V7/><F34/><W25/><G124/><T135/><D135/><U20/><E41/><V42/><F133/><W24/><G134/><T50/><D129/><U33/><E33/><V48/><F131/><W128/><G128/><T54/><D4/><U59/><E105/><V81/><F125/><W29/><G117/><T63/><D109/><U88/><E98/><V99/><F81/><N who="3" m="30731" /><G118/><T104/><D39/><U91/><REACH who="1" step="1"/><E11/><REACH who="1" ten="220,220,292,248" step="2"/><V1/><F106/><W30/><G43/><T79/><D104/><U46/><E46/><V87/><F99/><W67/><G67/><AGARI ba="1,2" hai="13,18,20,22,23,59,61,67,88,89,91,108,110,111" machi="67" ten="50,8000,1" yaku="1,1,14,1,52,1,54,1,53,0" doraHai="15" doraHaiUra="64" who="1" fromWho="3" sc="220,0,220,103,292,0,248,-83" owari="220,-18.0,323,42.0,292,9.0,165,-33.0" /></mjloggm>