<mjloggm ver="2.3"><GO type="97" lobby="0"/><UN n0="%E7%8C%AB%E5%8F%89%4D%61%73%74%65%72" n1="%E3%81%AB%E3%82%85%E3%83%BC%53" n2="%E3%81%86%E3%81%BE%E3%81%BF%E3%81%91" n3="%E5%B0%B1%E6%B4%BB%E7%94%9F%40%E5%B7%9D%E6%9D%91%E8%BB%8D%E5%9B%A3" dan="15,15,15,13" rate="2013.79,1974.47,2131.92,1862.81" sx="M,M,F,M"/><TAIKYOKU oya="0"/><INIT seed="0,0,0,4,5,95" ten="250,250,250,250" oya="0" hai0="32,70,74,105,123,124,40,6,116,37,61,80,33" hai1="81,28,44,51,5,24,19,100,122,85,119,86,108" hai2="134,35,38,83,82,63,94,59,126,88,65,73,30" hai3="132,117,36,76,11,72,0,99,41,20,75,1,48"/><T69/><D116/><U4/><E122/><V15/><F126/><W26/><G117/><T110/><D123/><U67/><E119/><V91/><F134/><W22/><G132/><T52/><D124/><U106/><E67/><V2/><F2/><W27/><G36/><T103/><D6/><U68/><E68/><V66/><F38/><W21/><G99/><T135/><D135/><U55/><E106/><V62/><F73/><W45/><G76/><T101/><D110/><U29/><E100/><V129/><F129/><W12/><G72/><T97/><D103/><U78/><E108/><V50/><F50/><W111/><G75/><T58/><D74/><U56/><E86/><V31/><F15/><W57/><G111/><T109/><D109/><U113/><E113/><V120/><F120/><W98/><G57/><T128/><D80/><U10/><E56/><N who="2" m="37063" /><F35/><W7/><G0/><T104/><D104/><U79/><E79/><V39/><F39/><W115/><G115/><T60/><D128/><U16/><E4/><V92/><F94/><W112/><G112/><T9/><D9/><U118/><E118/><V114/><F114/><W23/><N who="3" m="5632" /><DORA hai="54" /><W90/><REACH who="3" step="1"/><G1/><REACH who="3" ten="250,250,250,240" step="2"/><T89/><D70/><U17/><E24/><V8/><F91/><W46/><G46/><T43/><D89/><U71/><E71/><V25/><F88/><W47/><G47/><T107/><D69/><U14/><AGARI ba="0,1" hai="5,10,14,16,17,19,28,29,44,51,55,78,81,85" machi="14" ten="30,4000,0" yaku="0,1,8,1,54,1" doraHai="95,54" who="1" fromWho="1" sc="250,-20,250,50,250,-10,240,-10" /><INIT seed="1,0,0,4,5,3" ten="230,300,240,230" oya="1" hai0="51,107,6,13,47,41,88,124,66,64,73,110,131" hai1="123,34,93,126,95,9,37,59,106,133,85,119,101" hai2="39,117,2,53,77,29,121,114,56,72,84,57,38" hai3="104,55,67,69,71,134,33,36,120,129,76,43,46"/><U127/><E34/><V78/><F121/><W5/><G104/><T125/><D107/><U42/><E123/><V10/><F117/><W68/><G33/><T44/><D110/><U70/><E70/><V22/><F114/><W113/><G120/><T17/><D73/><U116/><E59/><V135/><F135/><W115/><G76/><T75/><D75/><U91/><E9/><V132/><F132/><W49/><G5/><T100/><D100/><U18/><E18/><V31/><F72/><W112/><G134/><T83/><D131/><U128/><E133/><V105/><F105/><W16/><G16/><T90/><D47/><N who="1" m="24015" /><E128/><V0/><F10/><W1/><G1/><T14/><D14/><U30/><E30/><V35/><F22/><W25/><G25/><T98/><D90/><U45/><E45/><V4/><F84/><W7/><G7/><T60/><D60/><U94/><E106/><V65/><F4/><W11/><G11/><T103/><D103/><U8/><E8/><V82/><F35/><W74/><G74/><T58/><D6/><U108/><E108/><V63/><F63/><N who="3" m="40063" /><G129/><T86/><D98/><N who="1" m="59615" /><E94/><V87/><F0/><W15/><G15/><T61/><REACH who="0" step="1"/><D66/><REACH who="0" ten="220,300,240,230" step="2"/><U48/><E119/><V102/><F2/><W24/><G24/><T27/><D27/><U28/><E116/><V111/><F102/><W89/><G89/><T12/><D12/><U32/><E91/><V21/><F111/><W62/><G62/><T19/><D19/><U80/><E28/><V50/><F29/><W92/><G92/><T96/><D96/><U79/><E93/><RYUUKYOKU ba="0,1" sc="220,15,300,-15,240,-15,230,15" hai0="13,17,41,44,51,58,61,64,83,86,88,124,125" hai3="36,43,46,49,55,69,71,112,113,115" /><INIT seed="2,1,1,2,0,94" ten="235,285,225,245" oya="2" hai0="30,19,8,46,82,68,104,23,130,12,37,117,128" hai1="39,132,7,6,33,114,79,70,27,28,108,118,31" hai2="13,95,92,71,62,93,5,11,133,60,73,3,43" hai3="120,47,131,25,44,78,135,10,74,109,122,96,102"/><V123/><F123/><W87/><G109/><T54/><D104/><U56/><E70/><V88/><F133/><W119/><G119/><T59/><D68/><U18/><E118/><V14/><F73/><W85/><G131/><N who="0" m="50219" /><D117/><U65/><E39/><V111/><F111/><W36/><G135/><T115/><D115/><U77/><E108/><V41/><F88/><W58/><G74/><T86/><D46/><U81/><E114/><V51/><F62/><W16/><G36/><T90/><D37/><U4/><E132/><V2/><F2/><W64/><G120/><T40/><D40/><U107/><E107/><V76/><F76/><N who="1" m="29257" /><E33/><V48/><F43/><W89/><G78/><T55/><D59/><U66/><E81/><V125/><F125/><W80/><G87/><T83/><D82/><U91/><E91/><V67/><REACH who="2" step="1"/><F48/><REACH who="2" ten="235,285,215,245" step="2"/><W34/><G122/><T9/><D90/><U72/><E72/><V26/><F26/><W15/><G25/><T50/><D50/><U127/><E127/><V105/><F105/><W1/><G1/><T24/><D24/><U134/><E134/><V116/><F116/><W17/><G34/><T49/><D49/><U106/><E106/><V99/><F99/><W84/><G84/><T112/><D86/><U61/><E66/><V113/><F113/><W0/><G0/><T126/><D126/><U121/><E121/><V22/><F22/><AGARI ba="1,2" hai="4,6,7,18,22,27,28,31,56,61,65" m="29257" machi="22" ten="30,1000,0" yaku="8,1" doraHai="94" who="1" fromWho="2" sc="235,0,285,33,215,-13,245,0" /><INIT seed="3,0,0,5,1,2" ten="235,318,202,245" oya="3" hai0="21,43,58,28,72,81,111,95,119,64,77,70,134" hai1="33,116,89,12,37,120,26,14,32,76,132,7,97" hai2="108,91,74,83,68,27,9,122,31,79,107,130,66" hai3="38,0,126,17,80,100,125,98,124,57,90,93,135"/><W30/><G38/><T36/><D119/><U84/><E37/><V94/><F107/><W106/><G0/><T88/><D70/><U24/><E116/><V10/><F108/><W67/><G30/><T103/><D111/><U47/><E120/><V118/><F122/><W25/><G135/><T75/><D134/><U51/><E132/><V59/><F68/><W44/><G44/><T104/><D43/><N who="1" m="25087" /><E33/><V109/><F109/><W20/><G80/><T39/><D75/><U50/><E32/><V78/><F78/><W105/><G100/><T117/><D117/><U113/><E113/><V19/><F118/><W102/><REACH who="3" step="1"/><G102/><REACH who="3" ten="235,318,202,235" step="2"/><T99/><D39/><U96/><E76/><V3/><F3/><W22/><G22/><T5/><D36/><U49/><E26/><V61/><F130/><W6/><G6/><T13/><D28/><U45/><E24/><V56/><F59/><W92/><G92/><T114/><D114/><U123/><E123/><V63/><F61/><AGARI ba="0,1" hai="17,20,25,57,61,67,90,93,98,105,106,124,125,126" machi="61" ten="40,3900,0" yaku="1,1,18,1,53,0" doraHai="2" doraHaiUra="71" who="3" fromWho="2" sc="235,0,318,0,202,-39,235,49" /><INIT seed="3,1,0,4,3,12" ten="235,318,163,284" oya="3" hai0="120,7,116,16,43,37,127,113,42,106,73,109,79" hai1="67,95,4,69,126,135,128,88,111,82,38,62,75" hai2="123,2,48,78,21,94,117,39,104,49,98,110,18" hai3="71,132,35,134,27,86,89,11,125,5,34,90,17"/><W51/><G71/><T15/><D120/><U76/><E126/><V57/><F117/><W31/><G125/><T70/><D127/><U122/><E122/><V103/><F123/><W99/><G99/><T23/><D116/><U20/><E38/><V83/><F110/><W45/><G34/><T6/><D109/><U52/><E111/><V115/><F115/><W124/><G124/><T129/><D113/><U13/><E128/><V10/><F39/><W77/><G77/><T91/><D106/><U108/><E108/><V119/><F119/><W96/><G96/><T66/><D129/><U93/><E52/><V63/><F104/><W41/><G17/><T58/><D70/><U25/><E88/><V8/><F2/><W55/><G41/><T50/><D37/><U40/><E40/><V131/><F131/><W101/><G101/><T28/><D28/><U102/><E102/><V85/><F10/><W46/><G46/><T81/><D91/><U118/><E135/><N who="3" m="51754" /><G86/><T61/><REACH who="0" step="1"/><D50/><REACH who="0" ten="225,318,163,284" step="2"/><U47/><E69/><V72/><F72/><W14/><AGARI ba="1,1" hai="5,11,14,27,31,35,45,51,55,89,90" m="51754" machi="14" ten="30,1500,0" yaku="20,1" doraHai="12" who="3" fromWho="3" sc="225,-6,318,-6,163,-6,284,28" /><INIT seed="3,2,0,0,3,98" ten="219,312,157,312" oya="3" hai0="22,6,49,85,127,48,105,10,68,134,30,47,95" hai1="9,76,90,43,78,46,12,118,50,92,63,106,25" hai2="132,36,133,73,5,40,32,101,4,100,81,38,120" hai3="21,112,16,123,99,129,109,2,107,3,88,70,89"/><W17/><G123/><T122/><D122/><U15/><E106/><V67/><F32/><W135/><G112/><T14/><D105/><U69/><E25/><V113/><F120/><W61/><G129/><T108/><D68/><U82/><E118/><V18/><F113/><W27/><G135/><N who="2" m="51785" /><F67/><W42/><G109/><T126/><D108/><U31/><E31/><V72/><F18/><W97/><G42/><T71/><D71/><U58/><E69/><V91/><F40/><W26/><G70/><T102/><D134/><U66/><E82/><V19/><F19/><W77/><G77/><N who="1" m="29802" /><E9/><V114/><F81/><W54/><G54/><T115/><D115/><U37/><E37/><N who="2" m="14443" /><F91/><W13/><G61/><T29/><D29/><U34/><E34/><V131/><F131/><W74/><G74/><N who="2" m="28777" /><F114/><W62/><G62/><T96/><D85/><AGARI ba="2,0" hai="12,15,43,46,50,58,63,66,85,90,92" m="29802" machi="85" ten="30,1000,0" yaku="8,1" doraHai="98" who="1" fromWho="0" sc="219,-16,312,16,157,0,312,0" owari="203,-20.0,328,43.0,157,-34.0,312,11.0" /></mjloggm>