<mjloggm ver="2.3"><GO type="97" lobby="0"/><UN n0="%6D%6F%6B%61%2D" n1="%E3%82%A6%E3%83%AB%E3%83%88%E3%83%A9%E7%AB%8B%E7%9B%B4" n2="%6E%69%6D%75%74%61%6E" n3="%64%2D%6E%6F%6D%61" dan="14,14,13,14" rate="1967.69,1966.11,1801.16,1962.22" sx="M,M,M,M"/><TAIKYOKU oya="0"/><INIT seed="0,0,0,4,2,134" ten="250,250,250,250" oya="0" hai0="23,25,53,78,43,45,64,49,22,103,54,56,123" hai1="84,20,62,61,68,109,50,2,75,107,89,99,21" hai2="16,110,14,12,4,52,83,58,129,67,51,116,63" hai3="98,66,13,36,6,115,104,76,117,37,87,74,132"/><T38/><D38/><U27/><E2/><V95/><F110/><W131/><G74/><T118/><D118/><U124/><E75/><V114/><F114/><W125/><G117/><T34/><D123/><U90/><E109/><V82/><F129/><W81/><G66/><T39/><D103/><U47/><E68/><V8/><F116/><W86/><G86/><T70/><D78/><U24/><E124/><V1/><F95/><W93/><G115/><T11/><D11/><U113/><E113/><V79/><F79/><W106/><G131/><T5/><D5/><U31/><E99/><V133/><F133/><W88/><G132/><T48/><D34/><U105/><E105/><V94/><F94/><W33/><G33/><T41/><D23/><U130/><E107/><V57/><F1/><W135/><G135/><T102/><D102/><U97/><E130/><V30/><F30/><W40/><G125/><T92/><D92/><U127/><E97/><V18/><F18/><W10/><REACH who="3" step="1"/><G36/><REACH who="3" ten="250,250,250,240" step="2"/><T28/><REACH who="0" step="1"/><D39/><REACH who="0" ten="240,250,250,240" step="2"/><U85/><E127/><V111/><F111/><W65/><G65/><T69/><D69/><U42/><E85/><V71/><F71/><W0/><G0/><T80/><D80/><N who="1" m="49287" /><E90/><V96/><F96/><W32/><G32/><T19/><D19/><AGARI ba="0,2" hai="19,20,21,24,27,31,42,47,50,61,62" m="49287" machi="19" ten="30,1000,0" yaku="8,1" doraHai="134" who="1" fromWho="0" sc="240,-10,250,30,250,0,240,0" /><INIT seed="1,0,0,0,3,83" ten="230,280,250,240" oya="1" hai0="97,59,120,56,29,95,49,102,91,108,135,2,124" hai1="22,134,7,110,96,42,78,20,79,82,66,132,3" hai2="67,75,4,81,19,54,105,57,107,116,17,72,68" hai3="123,18,44,52,27,125,84,64,130,61,30,109,39"/><U62/><E7/><V89/><F4/><W23/><G123/><T98/><D108/><U80/><E3/><V126/><F116/><W43/><G109/><T25/><D120/><U71/><E110/><V118/><F118/><W92/><G125/><T85/><D124/><U36/><E96/><V60/><F126/><W28/><G130/><T73/><D73/><U35/><E35/><V90/><F75/><W31/><G64/><T10/><D135/><N who="1" m="51755" /><E42/><V1/><F1/><W88/><G61/><T0/><D98/><U129/><E36/><V65/><F65/><W99/><G52/><T131/><D10/><U45/><E45/><V101/><F90/><W86/><AGARI ba="0,0" hai="18,23,27,28,30,31,39,43,44,84,86,88,92,99" machi="86" ten="30,7900,0" yaku="0,1,52,2,54,1" doraHai="83" who="3" fromWho="3" sc="230,-20,280,-39,250,-20,240,79" /><INIT seed="2,0,0,4,1,108" ten="210,241,230,319" oya="2" hai0="15,126,1,30,48,31,34,90,56,59,42,70,115" hai1="78,69,112,6,128,125,117,123,13,25,49,20,8" hai2="114,74,92,93,68,109,75,7,72,64,10,95,86" hai3="105,88,82,131,39,26,76,119,79,58,4,116,96"/><V73/><F114/><W40/><G39/><T102/><D70/><U89/><E69/><V57/><F109/><W62/><G40/><T107/><D1/><U17/><E117/><V33/><F68/><W91/><G4/><T120/><D120/><U63/><E123/><V47/><F33/><W83/><G26/><T71/><D71/><U133/><E112/><V98/><F86/><W3/><G3/><T21/><D107/><U61/><E125/><V32/><F32/><W110/><G58/><T85/><D34/><U66/><E128/><V84/><F84/><W5/><G5/><T100/><D126/><U36/><E36/><V0/><F47/><W101/><G62/><T113/><D42/><U122/><E122/><V16/><F75/><N who="3" m="43295" /><G131/><T2/><D85/><U132/><E78/><V22/><F64/><W104/><G104/><T11/><D2/><U81/><E49/><V106/><F57/><W77/><G77/><T55/><D48/><U14/><E14/><V45/><F106/><W18/><G18/><T37/><D15/><U28/><E66/><V52/><F45/><W50/><G50/><T80/><D37/><U111/><E111/><V129/><F129/><W19/><G19/><T29/><D29/><U9/><E63/><V24/><REACH who="2" step="1"/><F52/><REACH who="2" ten="210,241,220,319" step="2"/><W135/><G110/><T87/><D55/><U124/><E124/><V46/><F46/><W60/><G60/><T53/><D53/><U118/><E61/><V23/><F23/><W130/><G130/><T54/><D54/><U99/><E20/><V94/><F94/><W27/><G105/><T12/><D21/><RYUUKYOKU ba="0,1" sc="210,-10,241,-10,220,30,319,-10" hai2="0,7,10,16,22,24,72,73,74,92,93,95,98" /><INIT seed="2,1,1,1,0,101" ten="200,231,250,309" oya="2" hai0="112,25,33,3,43,6,69,134,32,74,78,126,95" hai1="55,54,10,67,7,107,71,45,97,73,61,122,44" hai2="72,135,31,18,128,115,125,60,103,98,91,80,127" hai3="108,20,59,82,90,8,15,75,68,56,17,121,93"/><V2/><F115/><W120/><G68/><T110/><D112/><U30/><E73/><V123/><F2/><W114/><G108/><T87/><D87/><U88/><E122/><V62/><F123/><W14/><G114/><T40/><D95/><U35/><E45/><V19/><F31/><W89/><G120/><T70/><D110/><U85/><E44/><V106/><F135/><W28/><G121/><T34/><D134/><U53/><E30/><V49/><F49/><W52/><G75/><T51/><D51/><U105/><E35/><V57/><F128/><W130/><G130/><T46/><D25/><U104/><E97/><V118/><F118/><W132/><G132/><T22/><D22/><U113/><E113/><V47/><F47/><W83/><G59/><T124/><D43/><U27/><E27/><V5/><F5/><W94/><G94/><T79/><D79/><U26/><E26/><V41/><F41/><W21/><G28/><T133/><D133/><U16/><E16/><N who="2" m="6187" /><F57/><W77/><G77/><T119/><D119/><U64/><E64/><V24/><F24/><W99/><G15/><T129/><D129/><U39/><E39/><V13/><F13/><W96/><G96/><T42/><D42/><U0/><REACH who="1" step="1"/><E107/><REACH who="1" ten="200,221,250,309" step="2"/><V131/><F131/><W36/><G36/><N who="0" m="21767" /><D126/><N who="2" m="48138" /><F72/><W11/><G99/><T58/><D124/><U9/><E9/><V63/><F80/><AGARI ba="1,2" hai="0,7,10,53,54,55,61,67,71,80,85,88,104,105" machi="80" ten="40,8000,1" yaku="1,1,52,2,54,1,53,0" doraHai="101" doraHaiUra="29" who="1" fromWho="2" sc="200,0,221,103,250,-83,309,0" /><INIT seed="3,0,0,4,1,55" ten="200,324,167,309" oya="3" hai0="83,125,103,39,56,131,50,34,86,3,77,27,47" hai1="61,21,100,127,112,96,59,88,130,123,53,68,24" hai2="134,10,73,79,116,63,28,135,62,11,114,121,42" hai3="8,35,85,45,128,113,40,78,44,104,26,33,25"/><W119/><G104/><T81/><D125/><U15/><E112/><V23/><F116/><W65/><G119/><T107/><D131/><U14/><E123/><V117/><F117/><W92/><G113/><T118/><D118/><U9/><E68/><V87/><F114/><W93/><G128/><T106/><D3/><U16/><E130/><V111/><F73/><W94/><G65/><T22/><D34/><U115/><E127/><V13/><F42/><W70/><G70/><T12/><D39/><U17/><E115/><V29/><F13/><W133/><G133/><T2/><D2/><U80/><E80/><V52/><F121/><W0/><G0/><T74/><D103/><U120/><E120/><V58/><F111/><W6/><G6/><T91/><D56/><U20/><E100/><V98/><F98/><W89/><G8/><N who="2" m="3113" /><F63/><W32/><G78/><T97/><D12/><N who="1" m="9223" /><E9/><V57/><F57/><W69/><G69/><T109/><D97/><U71/><E71/><V122/><F122/><W90/><G40/><T99/><D99/><U66/><E66/><V36/><F36/><W51/><G51/><T95/><D83/><U1/><E1/><V108/><F108/><W84/><REACH who="3" step="1"/><G94/><AGARI ba="0,0" hai="14,15,17,21,24,53,59,61,88,94,96" m="9223" machi="94" ten="30,8000,1" yaku="25,1,8,1,52,1,54,2" doraHai="55" who="1" fromWho="3" sc="200,0,324,80,167,0,309,-80" owari="200,-20.0,404,50.0,167,-33.0,229,3.0" /></mjloggm>