<mjloggm ver="2.3"><GO type="169" lobby="0"/><UN n0="%53%48%49%53%55%4B%45" n1="%E3%82%B1%E3%82%A4%EF%BC%91%EF%BC%93" n2="%E5%85%AC%E5%8B%99%E5%93%A1%E3%81%8F%E3%82%93" n3="%E3%82%A6%E3%83%AB%E3%83%88%E3%83%A9%E7%AB%8B%E7%9B%B4" dan="17,16,16,17" rate="2109.05,2092.14,2084.88,2183.58" sx="M,M,F,M"/><TAIKYOKU oya="0"/><INIT seed="0,0,0,2,3,88" ten="250,250,250,250" oya="0" hai0="48,135,31,109,12,9,0,104,121,17,26,34,1" hai1="83,133,124,84,57,82,42,116,20,32,41,89,47" hai2="54,80,36,40,110,72,107,74,103,59,63,49,38" hai3="67,13,60,77,126,65,94,113,71,86,58,27,15"/><T4/><D104/><U76/><E32/><V78/><F72/><W130/><G113/><T99/><D99/><U30/><E116/><V44/><REACH who="2" step="1"/><F110/><REACH who="2" ten="250,250,240,250" step="2"/><W24/><G126/><T5/><D109/><U51/><E124/><V64/><F64/><W18/><G67/><T52/><D121/><U128/><E128/><V8/><F8/><W118/><G130/><T69/><D135/><U16/><E133/><V39/><F39/><W98/><G118/><T81/><D69/><U33/><E33/><V75/><F75/><W25/><G71/><T125/><D125/><U129/><E129/><V29/><F29/><W101/><G18/><T120/><D120/><U95/><E30/><V134/><F134/><W122/><G122/><T70/><D70/><U19/><E19/><V37/><F37/><W79/><G79/><T62/><D17/><U23/><E23/><V114/><F114/><W117/><G117/><T112/><D112/><U10/><E10/><V53/><F53/><W90/><REACH who="3" step="1"/><G77/><REACH who="3" ten="250,250,240,240" step="2"/><T100/><D31/><U115/><E76/><V85/><F85/><W22/><G22/><T35/><D35/><U97/><E84/><V14/><F14/><W111/><G111/><T91/><D34/><U46/><E115/><V108/><F108/><W28/><G28/><T105/><D12/><U102/><E16/><V6/><F6/><W43/><G43/><T68/><D5/><U73/><E20/><V2/><F2/><W45/><G45/><T66/><D1/><U131/><E131/><V3/><F3/><W93/><AGARI ba="0,2" hai="13,15,24,25,27,58,60,65,86,90,93,94,98,101" machi="93" ten="30,8000,1" yaku="1,1,0,1,8,1,52,2,53,0" doraHai="88" doraHaiUra="127" who="3" fromWho="3" sc="250,-40,250,-20,240,-20,240,100" /><INIT seed="1,0,0,3,4,82" ten="210,230,220,340" oya="1" hai0="115,53,19,55,105,87,134,6,23,33,112,116,27" hai1="24,132,16,7,119,3,111,14,110,10,83,50,11" hai2="26,56,93,102,49,28,84,133,48,34,46,47,25" hai3="81,44,85,100,106,94,22,60,98,41,40,109,35"/><U43/><E119/><V86/><F133/><W117/><G35/><T120/><D116/><U113/><E132/><V129/><F129/><W104/><G117/><T74/><D74/><U42/><E113/><V77/><F26/><W103/><G109/><N who="1" m="41482" /><E50/><V65/><F77/><W128/><G128/><T45/><D134/><U124/><E124/><V123/><F123/><W21/><G60/><T63/><D120/><U114/><E114/><V130/><F130/><W131/><G131/><T78/><D112/><U76/><E24/><V107/><F107/><W125/><G94/><T96/><D115/><U79/><E79/><V75/><F75/><AGARI ba="0,0" hai="3,7,10,11,14,16,42,43,75,76,83" m="41482" machi="75" ten="30,5800,0" yaku="14,1,10,1,54,1" doraHai="82" who="1" fromWho="2" sc="210,0,230,58,220,-58,340,0" /><INIT seed="1,1,0,1,1,83" ten="210,288,162,340" oya="1" hai0="69,44,104,124,133,94,65,22,127,91,114,96,26" hai1="39,53,113,75,5,20,87,47,51,117,7,10,103" hai2="129,35,0,46,89,40,52,21,110,6,76,109,79" hai3="58,118,108,81,37,57,55,36,99,88,128,4,13"/><U11/><E75/><V59/><F35/><W90/><G118/><T61/><D114/><U24/><E113/><V97/><F129/><W67/><G128/><T15/><D104/><U121/><E103/><V130/><F130/><W106/><G108/><N who="2" m="41577" /><F6/><W126/><G126/><T63/><D44/><U122/><E39/><N who="2" m="21791" /><F0/><W31/><G31/><T78/><D78/><U116/><E11/><V80/><F21/><W23/><G23/><T38/><D38/><U125/><E7/><V64/><F64/><W68/><G13/><T43/><D15/><U82/><E125/><V93/><F80/><W73/><G67/><T135/><D43/><U60/><E60/><AGARI ba="1,0" hai="52,59,60,76,79,89,93,97" m="21791,41577" machi="60" ten="30,2000,0" yaku="14,1,54,1" doraHai="83" who="2" fromWho="1" sc="210,0,288,-23,162,23,340,0" /><INIT seed="2,0,0,5,0,2" ten="210,265,185,340" oya="2" hai0="48,127,41,62,36,31,101,65,119,133,89,33,134" hai1="85,61,76,45,59,111,63,128,90,94,82,86,96" hai2="42,87,95,122,18,47,117,129,60,69,123,99,56" hai3="0,130,40,118,43,66,4,114,32,8,107,77,115"/><V51/><F117/><W92/><G107/><T1/><D36/><U109/><E128/><V93/><F69/><W5/><G32/><T105/><D89/><U98/><E45/><V39/><F129/><W83/><G130/><T113/><D48/><U112/><E63/><V23/><F39/><W72/><G118/><T104/><D41/><U19/><E19/><V21/><F87/><W10/><G66/><T125/><D119/><U78/><E112/><N who="3" m="43050" /><G92/><T50/><D50/><U26/><E26/><V91/><F95/><W116/><G116/><T29/><D29/><U55/><E78/><V12/><REACH who="2" step="1"/><F23/><REACH who="2" ten="210,265,175,340" step="2"/><W3/><AGARI ba="0,1" hai="0,3,4,5,8,10,40,43,72,77,83" m="43050" machi="3" ten="30,4000,0" yaku="11,1,52,2" doraHai="2" who="3" fromWho="3" sc="210,-10,265,-10,175,-20,340,50" /><INIT seed="3,0,0,5,4,65" ten="200,255,155,390" oya="3" hai0="5,9,78,39,114,73,91,40,89,131,38,20,14" hai1="70,27,24,132,36,28,107,4,86,69,98,129,50" hai2="116,95,101,117,133,76,66,63,0,6,93,82,8" hai3="83,48,31,71,26,51,29,126,45,135,84,77,111"/><W134/><G126/><T85/><D73/><U92/><E36/><V108/><F108/><W46/><G111/><T41/><D39/><U104/><E4/><V105/><F133/><W87/><G26/><T34/><D34/><U60/><E132/><V21/><F21/><W42/><G83/><N who="0" m="47351" /><D38/><U10/><E10/><V102/><F95/><W2/><G77/><T33/><D33/><U110/><E129/><V15/><F15/><W37/><G37/><T81/><D114/><U124/><E124/><V12/><F12/><W1/><G42/><N who="0" m="16491" /><D81/><U35/><E27/><V121/><F93/><W53/><G53/><T88/><D131/><U90/><E50/><V72/><F102/><W115/><G115/><T103/><D20/><U122/><E122/><V23/><F23/><W30/><G30/><T61/><D61/><U56/><E110/><V55/><F55/><W125/><G125/><T97/><D103/><U64/><REACH who="1" step="1"/><E86/><REACH who="1" ten="200,245,155,390" step="2"/><V13/><F13/><W99/><G84/><T120/><D120/><U127/><E127/><V123/><F123/><W80/><G87/><T109/><D109/><U22/><E22/><V54/><F121/><W67/><G134/><T52/><D97/><U47/><E47/><V43/><F43/><W16/><G135/><T130/><D130/><U75/><E75/><V17/><F72/><W74/><G74/><T118/><D118/><U58/><E58/><V62/><F116/><W106/><G99/><T18/><D5/><U11/><E11/><V19/><F117/><W7/><G7/><T49/><D49/><U113/><E113/><V44/><F44/><RYUUKYOKU ba="0,1" sc="200,15,245,15,155,-15,390,-15" hai0="9,14,18,52,88,89,91" hai1="24,28,35,56,60,64,69,70,90,92,98,104,107" /><INIT seed="4,1,1,2,2,29" ten="215,260,140,375" oya="0" hai0="58,47,31,33,93,70,69,12,19,59,3,107,56" hai1="6,4,39,115,65,17,13,95,28,40,98,72,77" hai2="34,134,24,118,10,132,1,113,82,41,87,42,62" hai3="32,43,66,100,2,44,116,35,108,22,126,78,21"/><T57/><D107/><U7/><E115/><V76/><F113/><W8/><G108/><T85/><D3/><U14/><E28/><N who="2" m="19719" /><F118/><W5/><G116/><T54/><D47/><U129/><E40/><V122/><F122/><W67/><G100/><T120/><D120/><U60/><E39/><V117/><F117/><W94/><G94/><T73/><D73/><U99/><E14/><V52/><F10/><W0/><G78/><T53/><D54/><U90/><E98/><V104/><F1/><W128/><G128/><T74/><D74/><U68/><E129/><V105/><F42/><W36/><G2/><T51/><D85/><U114/><E114/><V89/><F89/><W80/><G80/><T71/><D93/><U50/><E50/><V83/><F83/><W30/><G22/><T18/><REACH who="0" step="1"/><D12/><REACH who="0" ten="205,260,140,375" step="2"/><U96/><E99/><V84/><F41/><W103/><G43/><T20/><D20/><U131/><E131/><V110/><F87/><W135/><G44/><T27/><AGARI ba="1,2" hai="18,19,27,31,33,51,53,56,57,58,59,69,70,71" machi="27" ten="40,7800,0" yaku="1,1,0,1,52,1,53,0" doraHai="29" doraHaiUra="101" who="0" fromWho="0" sc="205,101,260,-27,140,-27,375,-27" /><INIT seed="4,2,0,1,5,111" ten="306,233,113,348" oya="0" hai0="95,82,85,54,4,64,129,98,75,36,56,134,112" hai1="39,131,55,68,116,20,100,78,50,53,57,25,62" hai2="123,51,48,8,92,13,45,41,67,49,91,135,0" hai3="22,59,44,130,101,90,103,34,52,125,114,86,9"/><T23/><D75/><U118/><E39/><V2/><F123/><W110/><G34/><T127/><D36/><U72/><E131/><V94/><F135/><W31/><G110/><T6/><D64/><U77/><E68/><V61/><F0/><W3/><G125/><T83/><D127/><U71/><E71/><V42/><F2/><W128/><G44/><T93/><D83/><U99/><E72/><V43/><F45/><W35/><G35/><T115/><D23/><U37/><E37/><V15/><F91/><W33/><G33/><T18/><D18/><U12/><E12/><V132/><F132/><W21/><G9/><T7/><D134/><U80/><E80/><V113/><F113/><N who="0" m="43594" /><D98/><U81/><E81/><V105/><F105/><W120/><G114/><T5/><D5/><U40/><E118/><V76/><F76/><W38/><G38/><T27/><D27/><U108/><E116/><V133/><F133/><W79/><G22/><T97/><D97/><U119/><E119/><V104/><F104/><W65/><G65/><T89/><D129/><U109/><E77/><V70/><REACH who="2" step="1"/><F15/><REACH who="2" ten="306,233,103,348" step="2"/><W60/><G79/><T17/><D17/><AGARI ba="2,1" hai="8,13,17,41,42,43,48,49,51,61,67,70,92,94" machi="17" ten="40,8000,1" yaku="1,1,2,1,53,3" doraHai="111" doraHaiUra="46" who="2" fromWho="0" sc="306,-86,233,0,103,96,348,0" /><INIT seed="5,0,0,1,1,115" ten="220,233,199,348" oya="1" hai0="14,60,108,64,118,57,30,11,47,92,129,40,102" hai1="39,20,130,87,38,7,131,120,27,2,24,94,125" hai2="112,41,25,22,85,74,1,63,127,105,106,9,71" hai3="97,78,68,54,48,111,13,33,82,117,88,36,90"/><U110/><E120/><V89/><F74/><W18/><G33/><T119/><D108/><U101/><E110/><V95/><F112/><W77/><G36/><T99/><D30/><U4/><E2/><V37/><F127/><W3/><G68/><T66/><D66/><U32/><E32/><V96/><F37/><W65/><G65/><T29/><D29/><U17/><E101/><V86/><F41/><W56/><G117/><T34/><D34/><U16/><E94/><V104/><F63/><W23/><G3/><T50/><D129/><U79/><E87/><V12/><F71/><W80/><G111/><T83/><D83/><N who="3" m="31785" /><G97/><T43/><D43/><U8/><E8/><V0/><F0/><W84/><G90/><T51/><D51/><U10/><E10/><V121/><F121/><W123/><G123/><T61/><D60/><U109/><E109/><V21/><F1/><W28/><G28/><T70/><D70/><U69/><E69/><V124/><F124/><W75/><G75/><T19/><AGARI ba="0,0" hai="11,14,19,40,47,50,57,61,64,92,99,102,118,119" machi="19" ten="20,5200,0" yaku="0,1,7,1,52,2" doraHai="115" who="0" fromWho="0" sc="220,52,233,-26,199,-13,348,-13" /><INIT seed="6,0,0,4,5,5" ten="272,207,186,335" oya="2" hai0="73,14,67,35,24,9,17,47,107,126,34,61,112" hai1="87,118,57,25,1,103,28,68,42,80,54,127,119" hai2="78,11,129,7,124,111,95,134,97,90,2,44,43" hai3="22,32,91,3,30,0,18,96,99,93,58,75,79"/><V55/><F124/><W83/><G30/><T86/><D73/><U122/><E68/><V69/><F69/><W71/><G32/><T63/><D107/><U56/><E56/><V51/><F134/><W108/><G108/><T132/><D63/><U27/><E27/><V92/><F129/><W115/><G71/><T81/><D126/><U113/><E103/><V125/><F125/><W114/><G58/><T37/><D24/><U94/><E94/><V74/><F111/><W49/><G49/><T50/><D37/><U117/><E42/><V123/><F123/><W19/><G96/><T72/><D72/><U85/><E85/><V46/><F95/><W128/><G128/><T4/><D112/><N who="3" m="43049" /><G18/><T48/><D48/><U23/><E113/><V45/><REACH who="2" step="1"/><F43/><REACH who="2" ten="272,207,176,335" step="2"/><W31/><G31/><T16/><D132/><U120/><E127/><V26/><F26/><AGARI ba="0,1" hai="0,3,19,22,26,75,79,83,91,93,99" m="43049" machi="26" ten="30,2000,0" yaku="15,1,11,1" doraHai="5" who="3" fromWho="2" sc="272,0,207,0,176,-20,335,30" /><INIT seed="7,0,0,4,4,127" ten="272,207,156,365" oya="3" hai0="92,63,95,29,104,125,55,83,22,8,76,105,80" hai1="14,25,97,44,106,59,98,48,134,12,2,49,20" hai2="129,47,46,88,119,100,40,26,108,3,50,102,23" hai3="42,68,91,82,90,52,64,115,57,32,71,38,51"/><W85/><G32/><T31/><D125/><U74/><E74/><V0/><F119/><W114/><G90/><T126/><D126/><U75/><E75/><V45/><F108/><W112/><G64/><T30/><D8/><U89/><E2/><V10/><F46/><AGARI ba="0,0" hai="38,42,46,51,52,57,68,71,82,85,91,112,114,115" machi="46" ten="40,3900,0" yaku="15,1,54,1" doraHai="127" who="3" fromWho="2" sc="272,0,207,0,156,-39,365,39" owari="272,7.0,207,-19.0,117,-38.0,404,50.0" /></mjloggm>