<mjloggm ver="2.3"><GO type="97" lobby="0"/><UN n0="%E7%BE%8E%E9%81%8A" n1="%E3%81%82%E3%82%8B%E3%81%82%E3%82%8B" n2="%4B%61%74%5F%48" n3="%E3%82%A6%E3%83%AB%E3%83%88%E3%83%A9%E7%AB%8B%E7%9B%B4" dan="14,14,13,15" rate="1968.45,1908.58,1913.32,2004.22" sx="M,M,M,M"/><TAIKYOKU oya="0"/><INIT seed="0,0,0,5,0,101" ten="250,250,250,250" oya="0" hai0="9,81,95,71,64,31,6,59,103,97,130,102,77" hai1="54,127,33,116,4,131,73,10,5,30,76,34,129" hai2="70,22,36,16,41,111,135,86,11,69,42,44,32" hai3="117,19,134,84,126,68,18,47,50,48,2,43,112"/><T35/><D130/><N who="1" m="49675" /><E76/><V51/><F32/><N who="1" m="12393" /><E73/><V37/><F135/><W75/><G2/><T23/><D35/><U120/><E54/><V12/><F111/><W40/><G68/><T52/><D71/><U91/><E91/><V113/><F113/><W100/><G100/><T58/><D64/><U24/><E120/><V27/><F86/><W96/><G96/><T13/><D103/><U25/><E116/><V8/><F8/><W0/><G84/><T85/><D52/><U133/><E133/><V20/><F20/><W74/><G47/><T82/><D82/><U63/><E63/><V14/><F14/><W121/><G0/><T29/><REACH who="0" step="1"/><D23/><REACH who="0" ten="240,250,250,250" step="2"/><N who="1" m="15647" /><E127/><V107/><F70/><W45/><G126/><T67/><D67/><U79/><E79/><V89/><F69/><W119/><G134/><T109/><D109/><U108/><E108/><V3/><F107/><W55/><G55/><T114/><D114/><U98/><E98/><V80/><F41/><W21/><G112/><T15/><D15/><U105/><E25/><V26/><F12/><W123/><G45/><T17/><D17/><U94/><E105/><V39/><F26/><W28/><G21/><T110/><D110/><U65/><E65/><V88/><REACH who="2" step="1"/><F80/><REACH who="2" ten="240,250,240,250" step="2"/><W118/><G118/><T104/><D104/><U61/><E94/><V93/><F93/><W124/><G124/><T78/><D78/><U46/><E4/><AGARI ba="0,2" hai="3,4,11,16,22,27,36,37,39,42,44,51,88,89" machi="4" ten="40,5200,0" yaku="1,1,54,2,53,0" doraHai="101" doraHaiUra="90" who="2" fromWho="1" sc="240,0,250,-52,240,72,250,0" /><INIT seed="1,0,0,2,5,35" ten="240,198,312,250" oya="1" hai0="15,37,44,7,107,134,45,66,28,6,51,108,82" hai1="53,123,122,5,86,9,126,62,95,109,59,58,89" hai2="24,94,34,101,65,52,92,38,49,61,31,75,4" hai3="102,111,120,25,63,39,67,91,33,74,133,106,77"/><U110/><E126/><V36/><F75/><W20/><G20/><T19/><D134/><U26/><E26/><V21/><F34/><W125/><G91/><T12/><D108/><N who="1" m="41579" /><E59/><V118/><F118/><W79/><G79/><T104/><D66/><U90/><E90/><V116/><F116/><W10/><G111/><T87/><D28/><U121/><E121/><V130/><F130/><W40/><G120/><T70/><D70/><U69/><E69/><V1/><F94/><W112/><G112/><T3/><D37/><U98/><E98/><V117/><F117/><W57/><G57/><T18/><D82/><U47/><E47/><V131/><F131/><W23/><G125/><T132/><D132/><U113/><E113/><V16/><F31/><W100/><G100/><T0/><D51/><U55/><E55/><V88/><F101/><W2/><G102/><T103/><D103/><U85/><E86/><AGARI ba="0,0" hai="0,3,6,7,12,15,18,19,44,45,86,87,104,107" machi="86" ten="25,6400,0" yaku="22,2,52,2" doraHai="35" who="0" fromWho="1" sc="240,64,198,-64,312,0,250,0" /><INIT seed="2,0,0,4,5,86" ten="304,134,312,250" oya="2" hai0="36,0,96,44,112,30,129,124,79,47,55,75,74" hai1="62,4,51,16,133,110,116,120,46,37,126,11,60" hai2="90,8,63,97,68,21,42,132,121,130,122,41,125" hai3="17,70,73,134,100,108,69,34,104,114,72,43,123"/><V58/><F68/><W81/><G17/><T18/><D112/><U33/><E37/><V29/><F132/><W38/><G43/><T95/><D129/><U119/><E33/><V111/><F130/><W59/><G59/><T12/><D124/><U3/><E133/><V83/><F125/><W82/><G100/><T57/><D0/><U19/><E126/><V101/><F111/><W135/><G34/><T48/><D30/><U53/><E110/><V128/><F128/><W45/><G45/><T89/><D79/><U88/><E120/><V52/><F122/><W94/><G94/><T31/><D31/><U113/><E113/><V39/><F121/><W92/><G92/><T50/><D36/><U56/><E62/><V93/><F39/><W98/><G123/><T87/><D96/><U71/><E71/><V118/><F118/><W127/><G98/><T15/><D15/><U105/><E105/><V78/><F101/><W26/><G127/><T23/><D44/><U20/><E88/><V9/><F29/><W22/><G104/><T13/><D13/><U61/><E61/><V85/><F21/><W107/><G22/><T24/><D24/><U25/><REACH who="1" step="1"/><E19/><REACH who="1" ten="304,124,312,250" step="2"/><V14/><F8/><W106/><G38/><T32/><REACH who="0" step="1"/><D32/><REACH who="0" ten="294,124,312,250" step="2"/><U64/><AGARI ba="0,2" hai="3,4,11,16,20,25,46,51,53,56,60,64,116,119" machi="64" ten="20,8000,1" yaku="1,1,2,1,0,1,7,1,54,1,53,0" doraHai="86" doraHaiUra="84" who="1" fromWho="1" sc="294,-20,124,100,312,-40,250,-20" /><INIT seed="3,0,0,1,1,59" ten="274,224,272,230" oya="3" hai0="100,108,16,68,81,60,70,32,22,8,25,5,54" hai1="40,42,74,117,15,123,112,30,3,14,58,88,130" hai2="61,39,71,87,105,91,106,10,77,118,113,104,89" hai3="114,27,131,51,72,135,28,34,94,90,41,26,37"/><W76/><G114/><T1/><D108/><U31/><E74/><V13/><F39/><W66/><G37/><T48/><D100/><U127/><E3/><V124/><F113/><W0/><G0/><T85/><D32/><U24/><E112/><V45/><F118/><W110/><G76/><T86/><D86/><U128/><E123/><V36/><F124/><W53/><G72/><T97/><D97/><U80/><E127/><V119/><F119/><W79/><G79/><T17/><D17/><U57/><E117/><V101/><F77/><W29/><G41/><N who="1" m="15978" /><E31/><V82/><F45/><W93/><G110/><T44/><REACH who="0" step="1"/><D60/><REACH who="0" ten="264,224,272,230" step="2"/><U98/><E98/><V55/><F36/><W78/><G78/><AGARI ba="0,1" hai="1,5,8,16,22,25,44,48,54,68,70,78,81,85" machi="78" ten="30,7700,0" yaku="1,1,2,1,7,1,54,1,53,0" doraHai="59" doraHaiUra="103" who="0" fromWho="3" sc="264,87,224,0,272,0,230,-77" owari="351,46.0,224,-18.0,272,7.0,153,-35.0" /></mjloggm>