<mjloggm ver="2.3"><GO type="41" lobby="0"/><UN n0="%E3%82%A6%E3%83%AB%E3%83%88%E3%83%A9%E7%AB%8B%E7%9B%B4" n1="%4E%58%47%45%30" n2="%E8%9B%99%67%72%D1%91%D1%91%6E" n3="%E3%81%8A%E8%8C%B6%E3%83%91%E3%83%AF%E3%83%BC" dan="15,13,13,14" rate="1972.44,1851.35,1868.89,1931.83" sx="M,M,M,M"/><TAIKYOKU oya="0"/><INIT seed="0,0,0,3,4,52" ten="250,250,250,250" oya="0" hai0="71,56,70,34,100,130,107,15,21,99,75,119,132" hai1="12,98,67,112,102,39,51,103,30,101,127,36,89" hai2="35,91,11,66,42,50,123,24,94,8,31,46,95" hai3="125,33,134,38,78,128,54,9,47,69,4,68,40"/><T73/><D34/><U60/><E127/><V45/><F123/><W22/><G125/><T87/><D119/><U118/><E30/><V85/><F66/><W2/><G128/><T104/><D130/><U77/><E12/><V25/><F25/><W13/><G134/><T126/><D126/><U122/><E77/><V19/><F19/><W120/><G120/><T23/><D87/><U97/><E51/><V124/><F124/><W27/><G78/><T117/><D117/><U129/><E129/><V26/><F26/><W5/><G5/><T80/><D80/><U10/><E10/><V84/><REACH who="2" step="1"/><F46/><REACH who="2" ten="250,250,240,250" step="2"/><W113/><G113/><T20/><D132/><U62/><E67/><V41/><F41/><W110/><G110/><T0/><D71/><U1/><E112/><V121/><F121/><W16/><G54/><T108/><D70/><U28/><E122/><V57/><F57/><W88/><G88/><AGARI ba="0,1" hai="8,11,24,31,35,42,45,50,84,85,88,91,94,95" machi="88" ten="40,8000,1" yaku="1,1,9,1,54,1,53,2" doraHai="52" doraHaiUra="81" who="2" fromWho="3" sc="250,0,250,0,240,90,250,-80" /><INIT seed="1,0,0,2,0,41" ten="250,250,330,170" oya="1" hai0="120,76,119,95,32,8,53,24,14,127,13,85,39" hai1="116,12,103,106,92,110,60,74,1,43,28,88,55" hai2="115,30,71,23,0,66,34,52,40,80,109,6,37" hai3="42,135,101,48,97,51,130,18,31,10,15,2,125"/><U117/><E74/><V134/><F34/><W87/><G125/><T107/><D107/><U49/><E1/><V11/><F109/><W83/><G135/><T25/><D119/><U46/><E103/><V61/><F134/><W35/><G130/><T122/><D127/><U132/><E106/><V22/><F115/><W67/><G67/><T47/><D32/><U128/><E128/><V111/><F111/><W96/><G2/><T98/><D85/><U58/><E110/><V16/><F80/><W54/><G42/><N who="0" m="23007" /><D53/><U84/><E28/><V36/><F40/><W72/><G72/><T124/><D76/><U70/><E70/><V65/><F65/><W78/><G31/><T100/><D14/><U56/><E132/><V105/><F105/><W89/><G35/><T5/><D124/><U17/><REACH who="1" step="1"/><E58/><REACH who="1" ten="250,240,330,170" step="2"/><V7/><F30/><W26/><G101/><T64/><D100/><U93/><E93/><V118/><F0/><W113/><G113/><T63/><D95/><U73/><E73/><V112/><F112/><W102/><G102/><T3/><D3/><U69/><E69/><V77/><F71/><W20/><G83/><T44/><D120/><U99/><E99/><V68/><F68/><W82/><G97/><T21/><D98/><U86/><E86/><V45/><F118/><W50/><G96/><T123/><D123/><U81/><E81/><V114/><F114/><W19/><REACH who="3" step="1"/><G78/><REACH who="3" ten="250,240,330,160" step="2"/><T104/><D122/><U91/><E91/><V129/><F77/><W57/><AGARI ba="0,2" hai="10,15,18,19,20,26,48,50,51,54,57,82,87,89" machi="57" ten="20,12000,2" yaku="1,1,2,1,0,1,7,1,8,1,53,1" doraHai="41" doraHaiUra="79" who="3" fromWho="3" sc="250,-30,240,-60,330,-30,160,140" /><INIT seed="2,0,0,5,0,99" ten="220,180,300,300" oya="2" hai0="121,46,86,1,50,119,17,37,75,65,28,108,135" hai1="22,30,118,36,18,26,120,115,92,51,23,112,62" hai2="101,98,45,130,8,52,133,94,123,35,6,107,41" hai3="39,71,16,96,54,85,111,74,80,95,124,82,15"/><V49/><F123/><W88/><G111/><T24/><D75/><U58/><E36/><V34/><F130/><W90/><G124/><T67/><D37/><U127/><E127/><V31/><F133/><W44/><G71/><T21/><D1/><U48/><E120/><V125/><F125/><W68/><G68/><T3/><D3/><U32/><E118/><V76/><F76/><W13/><G74/><T104/><D104/><U20/><E92/><V84/><F31/><W47/><G44/><T100/><D135/><U43/><E43/><V126/><F126/><W63/><G39/><T131/><D131/><U89/><E89/><V105/><F105/><W72/><G72/><T69/><D69/><U129/><E129/><V77/><F41/><W81/><G13/><T4/><D4/><U12/><E32/><V110/><F110/><W113/><G113/><T109/><D119/><U78/><E78/><V128/><F128/><W61/><G63/><T79/><D121/><U83/><E83/><V116/><F116/><W40/><G40/><N who="0" m="24903" /><D28/><U60/><E115/><V38/><F38/><W19/><G19/><T5/><D5/><U66/><E112/><V114/><F114/><W9/><G61/><T93/><D108/><U11/><REACH who="1" step="1"/><E62/><REACH who="1" ten="220,170,300,300" step="2"/><V59/><F107/><W25/><G25/><T7/><D109/><U87/><E87/><V70/><F84/><W27/><G27/><T91/><D79/><U73/><E73/><V29/><F77/><W57/><G57/><T132/><D132/><U97/><E97/><V53/><F70/><W122/><G122/><T106/><D86/><RYUUKYOKU ba="0,1" sc="220,-15,170,15,300,-15,300,15" hai1="11,12,18,20,22,23,26,30,48,51,58,60,66" hai3="9,15,16,47,54,80,81,82,85,88,90,95,96" /><INIT seed="3,1,1,3,2,89" ten="205,185,285,315" oya="3" hai0="105,24,122,21,115,17,13,83,101,78,16,29,82" hai1="134,37,34,3,2,57,73,23,11,28,58,120,74" hai2="103,133,14,119,55,86,113,126,90,106,19,114,111" hai3="107,40,56,99,54,9,91,118,131,80,39,127,129"/><W15/><G118/><T123/><D115/><U6/><E37/><V71/><F119/><W85/><G127/><T4/><D4/><U42/><E42/><V97/><F126/><W112/><G112/><T125/><D125/><U32/><E58/><V31/><F31/><W77/><G40/><T1/><D1/><N who="1" m="463" /><E57/><V52/><F71/><W44/><G44/><T49/><D17/><U7/><E74/><V124/><F124/><W66/><G66/><T75/><D49/><U5/><E73/><V0/><F0/><N who="1" m="41" /><E120/><V93/><F111/><W30/><G30/><T47/><D47/><U48/><E48/><V96/><F133/><W108/><G108/><T45/><D45/><U69/><E69/><V50/><F114/><W18/><G39/><T12/><D83/><U94/><E94/><V79/><F79/><W62/><REACH who="3" step="1"/><G91/><REACH who="3" ten="205,185,285,305" step="2"/><T84/><D123/><U22/><E134/><V41/><F113/><W60/><G60/><T132/><D122/><U95/><E28/><V76/><F76/><W68/><G68/><T100/><D132/><U61/><E61/><V109/><F109/><W53/><G53/><T121/><D121/><U59/><E34/><V33/><F33/><W92/><G92/><T38/><D38/><U117/><E32/><V88/><F41/><W102/><AGARI ba="1,2" hai="9,15,18,54,56,62,77,80,85,99,102,107,129,131" machi="102" ten="30,3000,0" yaku="1,1,0,1,53,0" doraHai="89" doraHaiUra="104" who="3" fromWho="3" sc="205,-11,185,-11,285,-11,305,53" /><INIT seed="3,2,0,1,0,34" ten="194,174,274,358" oya="3" hai0="1,78,104,4,70,48,17,94,24,33,12,40,73" hai1="43,64,80,105,13,113,122,0,74,35,63,134,129" hai2="53,106,130,44,89,108,85,56,57,97,27,36,65" hai3="71,15,61,120,93,118,126,49,98,37,50,32,99"/><W86/><G120/><T135/><D104/><U127/><RYUUKYOKU type="yao9" ba="2,0" sc="194,0,174,0,274,0,358,0" hai1="0,13,35,43,63,64,74,80,105,113,122,127,129,134" /><INIT seed="3,3,0,4,1,52" ten="194,174,274,358" oya="3" hai0="64,56,17,40,4,14,114,79,100,117,33,72,69" hai1="133,63,104,77,16,67,30,129,5,54,125,49,99" hai2="60,9,106,80,110,47,103,86,88,29,126,44,93" hai3="59,57,105,115,124,119,45,12,1,112,102,23,74"/><W21/><G119/><T66/><D33/><U116/><E77/><V76/><F110/><W122/><G122/><T97/><D117/><U128/><E30/><V90/><F126/><W53/><G1/><T108/><D108/><U118/><E5/><V48/><F29/><W121/><G121/><T71/><D4/><U2/><E2/><V31/><F31/><W7/><G74/><T43/><D79/><U75/><E75/><V130/><F130/><N who="1" m="50281" /><E125/><V6/><F60/><W25/><G124/><T37/><D72/><U27/><E133/><V92/><F106/><W123/><G123/><T107/><D66/><U96/><E104/><V55/><F44/><W83/><G112/><T98/><D98/><N who="1" m="37419" /><E67/><V81/><F81/><W111/><G7/><T15/><D97/><U13/><E27/><V28/><F28/><W70/><G25/><T3/><D107/><U89/><E89/><N who="2" m="34411" /><F103/><W36/><G105/><T32/><D100/><U20/><E63/><V0/><F0/><W46/><G102/><T127/><D3/><U84/><E84/><V26/><F26/><W34/><G115/><T42/><D114/><U82/><E82/><V85/><F86/><W11/><G83/><T38/><D127/><U35/><E35/><V19/><F6/><W24/><G34/><T91/><D32/><U87/><E87/><V78/><F76/><W132/><G132/><T131/><D131/><U95/><E95/><V50/><F48/><W65/><G111/><T120/><D120/><U10/><E20/><V58/><F47/><AGARI ba="3,0" hai="10,13,16,47,49,54,116,118" m="37419,50281" machi="47" ten="30,2000,0" yaku="19,1,54,1" doraHai="52" who="1" fromWho="2" sc="194,0,174,29,274,-29,358,0" /><INIT seed="4,0,0,5,2,20" ten="194,203,245,358" oya="0" hai0="60,34,135,7,5,31,8,94,39,98,102,81,110" hai1="74,103,118,48,72,77,4,96,28,23,130,2,51" hai2="105,1,32,6,9,123,63,61,24,55,3,121,18" hai3="111,42,15,83,92,112,33,47,100,127,99,108,78"/><T89/><D39/><U12/><E2/><N who="2" m="215" /><F105/><W69/><G112/><T17/><D135/><U117/><E130/><V16/><F55/><W86/><G127/><T43/><D110/><U95/><E4/><V75/><F63/><W54/><G69/><T52/><D43/><U122/><E122/><N who="2" m="46603" /><F61/><W58/><G33/><T56/><D31/><U70/><E70/><V106/><F75/><W120/><G120/><T10/><D34/><U68/><E12/><V93/><F93/><W35/><G35/><T30/><D30/><U37/><E37/><V97/><F97/><W36/><REACH who="3" step="1"/><G15/><REACH who="3" ten="194,203,245,348" step="2"/><N who="0" m="7399" /><D10/><U82/><E68/><V45/><F106/><W128/><G128/><T50/><D60/><AGARI ba="0,1" hai="36,42,47,54,58,60,78,83,86,92,99,100,108,111" machi="60" ten="30,2000,0" yaku="1,1,7,1,53,0" doraHai="20" doraHaiUra="21" who="3" fromWho="0" sc="194,-20,203,0,245,0,348,30" /><INIT seed="5,0,0,1,2,21" ten="174,203,245,378" oya="1" hai0="78,18,6,133,64,45,92,102,87,49,125,41,15" hai1="108,73,59,79,20,40,23,67,24,88,95,105,75" hai2="19,53,47,76,43,116,104,25,2,103,115,111,84" hai3="72,42,69,70,5,0,126,34,60,123,22,62,35"/><U93/><E105/><V85/><F111/><W30/><G123/><T38/><D125/><U120/><E120/><V134/><F116/><W48/><G126/><T56/><D133/><U26/><E40/><V1/><F2/><W46/><G72/><T61/><D6/><U99/><E75/><V128/><F1/><W57/><G5/><T130/><D130/><U132/><E132/><V3/><F3/><W86/><G86/><T52/><D102/><N who="1" m="60799" /><E73/><V107/><F134/><W14/><G0/><T7/><D7/><U109/><E79/><V83/><F128/><W118/><G118/><T37/><D37/><U100/><E100/><V82/><F103/><W94/><G94/><T96/><D96/><N who="1" m="57383" /><E109/><V63/><F115/><W110/><G110/><T122/><D122/><U13/><E108/><V51/><F104/><W74/><G74/><T117/><D117/><U80/><E80/><V66/><F107/><W112/><G112/><T131/><D131/><U127/><E127/><V71/><F43/><W4/><G42/><T65/><D38/><U106/><E106/><V54/><F54/><W58/><G69/><T9/><REACH who="0" step="1"/><D92/><REACH who="0" ten="164,203,245,378" step="2"/><U98/><E98/><V10/><F82/><AGARI ba="0,1" hai="9,15,18,41,45,49,52,56,61,64,65,78,82,87" machi="82" ten="40,8000,1" yaku="1,1,2,1,8,1,54,1,53,0" doraHai="21" doraHaiUra="29" who="0" fromWho="2" sc="164,90,203,0,245,-80,378,0" /><INIT seed="6,0,0,2,3,18" ten="254,203,165,378" oya="2" hai0="93,44,4,79,16,83,120,125,131,51,92,56,129" hai1="132,21,63,2,87,17,55,5,74,116,90,60,99" hai2="46,109,123,107,32,12,115,9,37,73,111,81,50" hai3="114,97,31,25,85,43,66,15,135,108,71,42,26"/><V122/><F32/><W88/><G108/><N who="2" m="41545" /><F37/><W100/><G135/><T27/><D4/><U35/><E35/><V65/><F107/><N who="3" m="63887" /><G15/><T14/><D27/><U59/><E74/><V98/><F115/><W58/><G25/><T124/><D56/><U128/><E128/><N who="0" m="49225" /><D120/><N who="2" m="46122" /><F65/><W78/><G58/><T130/><N who="0" m="49233" /><T53/><DORA hai="68" /><D92/><U103/><E5/><N who="2" m="3119" /><F98/><W72/><G78/><T38/><D93/><N who="1" m="58863" /><E2/><V101/><F101/><W134/><G134/><T133/><D133/><U36/><E116/><V67/><F67/><W48/><G72/><N who="0" m="43495" /><D38/><U61/><E36/><V91/><F73/><W30/><G114/><T76/><D76/><U11/><E132/><V64/><F64/><W8/><G66/><T10/><AGARI ba="0,0" hai="10,14,16,44,51,53,124,125" m="43495,49233" machi="10" ten="40,2700,0" yaku="19,1,54,1" doraHai="18,68" who="0" fromWho="0" sc="254,27,203,-7,165,-13,378,-7" /><INIT seed="7,0,0,3,1,52" ten="281,196,152,371" oya="3" hai0="111,18,85,68,25,87,60,62,129,30,13,14,117" hai1="83,88,131,70,101,47,105,34,19,77,113,120,92" hai2="21,121,82,73,8,72,108,125,114,15,112,22,20" hai3="126,91,86,3,37,42,115,46,81,9,122,26,135"/><W55/><G135/><T54/><D68/><U104/><E70/><V75/><F82/><W99/><G126/><T128/><D111/><U16/><E34/><V38/><F38/><W97/><G122/><T17/><D54/><U119/><E47/><V12/><F108/><W74/><G115/><N who="2" m="44073" /><F8/><W79/><G26/><T57/><D25/><U93/><E113/><V36/><F36/><W49/><G3/><T23/><D30/><U50/><E120/><V33/><F121/><W59/><G9/><T124/><D124/><U90/><E119/><V103/><F125/><W2/><G2/><T102/><D102/><U11/><E131/><V1/><F1/><W4/><G4/><T127/><D127/><U118/><E118/><V6/><F103/><W106/><G106/><T95/><D95/><AGARI ba="0,0" hai="37,42,46,49,55,59,74,79,81,86,91,95,97,99" machi="95" ten="30,2900,0" yaku="7,1,52,1" doraHai="52" who="3" fromWho="0" sc="281,-29,196,0,152,0,371,29" owari="252,5.0,196,-20.0,152,-35.0,400,50.0" /></mjloggm>