<mjloggm ver="2.3"><GO type="97" lobby="0"/><UN n0="%65%6D%61%4D" n1="%61%64%67%6A%6D%70%74%77" n2="%E3%82%A6%E3%83%AB%E3%83%88%E3%83%A9%E7%AB%8B%E7%9B%B4" n3="%79%75%6D%69%6B%69%6B%61" dan="13,13,14,13" rate="1952.06,1826.98,1962.05,1943.87" sx="M,M,M,M"/><TAIKYOKU oya="0"/><INIT seed="0,0,0,1,1,127" ten="250,250,250,250" oya="0" hai0="78,33,36,91,28,109,128,1,105,121,30,23,119" hai1="60,115,24,68,82,37,38,122,117,98,69,58,41" hai2="89,5,18,14,104,47,123,39,131,124,34,88,35" hai3="111,10,114,85,96,73,52,90,21,92,87,42,63"/><T77/><D105/><U49/><E82/><V67/><F104/><W29/><G73/><T55/><D121/><U70/><E98/><V129/><F123/><W93/><G114/><T48/><D119/><U62/><E122/><V118/><F5/><W40/><G111/><T57/><D36/><U20/><E24/><V4/><F4/><W26/><G10/><T74/><D1/><U95/><E20/><N who="2" m="11351" /><F67/><W16/><G29/><T102/><D102/><U45/><E95/><V132/><F124/><W107/><G107/><T3/><D3/><U2/><E2/><V81/><F81/><W135/><G135/><T32/><D32/><N who="2" m="12330" /><F132/><W120/><G87/><T76/><D33/><U99/><E99/><V75/><F75/><W8/><G8/><T51/><D74/><U103/><E103/><V31/><F31/><W83/><G92/><T6/><D6/><U46/><E117/><V66/><F66/><W56/><G120/><T59/><D23/><U108/><E115/><V112/><F112/><W116/><G116/><T110/><D91/><AGARI ba="0,0" hai="16,21,26,40,42,52,56,63,83,85,90,91,93,96" machi="91" ten="30,12000,2" yaku="7,1,25,2,8,1,54,2" doraHai="127" who="3" fromWho="0" sc="250,-120,250,0,250,0,250,120" /><INIT seed="1,0,0,0,0,62" ten="130,250,250,370" oya="1" hai0="107,126,128,56,93,72,26,130,41,111,110,53,35" hai1="50,131,109,39,37,71,79,13,115,14,24,95,52" hai2="6,64,15,89,45,54,19,121,78,20,21,122,68" hai3="9,114,87,27,132,55,81,48,42,43,96,90,112"/><U61/><E115/><V69/><F78/><W124/><G124/><T3/><D72/><U33/><E79/><V58/><F6/><W99/><G132/><T83/><D107/><U127/><E13/><V104/><F104/><W49/><G49/><T101/><D83/><U113/><E113/><V129/><F129/><N who="0" m="49770" /><D3/><U102/><E131/><V103/><F103/><W5/><G27/><T65/><D101/><U29/><E127/><V4/><F4/><W73/><G73/><T120/><D126/><U94/><E94/><V63/><F69/><W46/><G112/><T32/><D93/><U98/><E109/><N who="0" m="41481" /><D26/><U8/><E61/><V12/><F45/><W74/><G74/><T80/><D80/><U76/><E71/><V66/><F89/><W25/><G25/><T60/><D35/><U105/><E76/><V97/><F97/><W7/><G7/><T30/><D30/><U88/><E105/><V17/><F68/><W116/><G99/><T77/><D77/><U106/><E106/><V0/><F0/><W47/><G96/><T108/><N who="0" m="41489" /><T70/><DORA hai="100" /><D32/><U92/><E92/><V22/><REACH who="2" step="1"/><F20/><REACH who="2" ten="130,250,240,370" step="2"/><W31/><G5/><T117/><D117/><U135/><E102/><V28/><F28/><W59/><G31/><T1/><D1/><U36/><E135/><V10/><F10/><W2/><G116/><T38/><D120/><AGARI ba="0,1" hai="12,15,17,19,21,22,54,58,63,64,66,120,121,122" machi="120" ten="40,8000,1" yaku="1,1,9,1,52,2,53,0" doraHai="62,100" doraHaiUra="75,134" who="2" fromWho="0" sc="130,-80,250,0,240,90,370,0" /><INIT seed="2,0,0,5,1,28" ten="50,250,330,370" oya="2" hai0="129,115,114,79,46,62,24,5,4,121,81,20,1" hai1="9,19,124,135,75,95,119,23,133,65,18,57,86" hai2="49,14,53,47,39,69,113,83,105,87,106,70,48" hai3="55,103,131,43,10,44,32,12,112,38,118,42,50"/><V45/><F113/><W56/><G118/><T116/><D116/><U15/><E75/><V128/><F128/><W40/><G131/><T64/><D129/><U101/><E65/><V130/><F130/><W100/><G112/><T0/><D121/><U82/><E57/><V127/><F127/><W54/><G32/><T67/><D62/><U110/><E119/><V3/><F3/><W33/><G33/><T58/><D58/><U107/><E107/><V25/><F39/><W63/><G38/><T11/><D81/><U126/><E101/><V37/><F37/><W78/><G78/><T104/><D79/><U74/><E74/><V80/><F14/><W21/><G21/><T30/><D46/><U7/><E95/><V84/><F25/><W125/><G125/><N who="1" m="48234" /><E86/><V29/><F29/><W2/><G2/><T17/><D104/><U76/><E82/><V132/><F53/><W99/><G99/><T89/><D89/><U59/><E59/><V27/><F27/><W92/><G92/><T60/><D60/><U61/><E76/><V85/><REACH who="2" step="1"/><F87/><REACH who="2" ten="50,250,320,370" step="2"/><W68/><G68/><T120/><D120/><U13/><E61/><V71/><F71/><W8/><G12/><N who="1" m="4682" /><E110/><V51/><F51/><W94/><G42/><T117/><D67/><U22/><E9/><V134/><AGARI ba="0,1" hai="45,47,48,49,69,70,80,83,84,85,105,106,132,134" machi="134" ten="25,9600,0" yaku="1,1,0,1,22,2,53,0" doraHai="28" doraHaiUra="52" who="2" fromWho="2" sc="50,-32,250,-32,320,106,370,-32" /><INIT seed="2,1,0,0,3,62" ten="18,218,426,338" oya="2" hai0="127,79,98,108,7,97,55,76,53,14,17,122,39" hai1="86,90,104,65,133,57,59,38,20,132,85,25,12" hai2="32,64,29,54,106,80,99,118,120,114,28,100,111" hai3="26,125,115,123,35,13,51,72,21,42,8,68,31"/><V5/><F114/><W41/><G123/><T88/><D122/><U69/><E38/><V107/><F120/><W1/><G115/><T52/><D39/><U50/><E104/><V33/><F33/><W56/><G68/><T95/><D127/><U44/><E69/><V37/><F118/><W36/><G36/><T63/><D108/><U128/><E128/><V83/><F111/><W109/><G72/><T43/><D43/><U129/><E129/><V119/><F119/><W3/><G3/><T103/><D7/><U18/><E59/><V34/><F37/><W45/><G56/><T91/><D103/><U89/><E89/><V135/><F54/><W131/><G125/><T113/><D113/><U121/><E121/><V70/><F5/><W87/><G87/><T49/><D63/><U71/><E71/><V73/><F70/><W101/><G101/><T74/><D74/><U92/><E86/><V134/><F100/><W40/><G131/><T19/><D19/><U0/><E0/><V22/><F73/><W75/><G75/><T10/><REACH who="0" step="1"/><D49/><REACH who="0" ten="8,218,426,338" step="2"/><U124/><E124/><V47/><F29/><W102/><G102/><T16/><D16/><U130/><E130/><V105/><F28/><W23/><G109/><T24/><D24/><U2/><E2/><V82/><F106/><W30/><G1/><T126/><D126/><U46/><E46/><V48/><F105/><W112/><G112/><T84/><D84/><U58/><E133/><V110/><F134/><W61/><G61/><T96/><D96/><U67/><E132/><V78/><F135/><W15/><G30/><RYUUKYOKU ba="1,1" sc="8,30,218,-10,426,-10,338,-10" hai0="10,14,17,52,53,55,76,79,88,91,95,97,98" /><INIT seed="3,2,1,5,0,8" ten="38,208,416,328" oya="3" hai0="40,101,75,90,36,52,4,43,17,37,3,73,81" hai1="122,47,91,132,130,19,58,60,89,116,33,94,29" hai2="14,13,10,21,53,85,71,41,112,5,70,69,50" hai3="54,46,129,80,111,59,63,28,57,44,65,114,0"/><W115/><G0/><T23/><D101/><U55/><E122/><V7/><F112/><N who="3" m="43051" /><G28/><T31/><D90/><U119/><E130/><V9/><F85/><W68/><G80/><T86/><D31/><U67/><E132/><V51/><F21/><W126/><G129/><T6/><D3/><U64/><E119/><V27/><F27/><W20/><G20/><T26/><D75/><U121/><E116/><V87/><F87/><W16/><G16/><T105/><D73/><U49/><E121/><V34/><F34/><W74/><G74/><T61/><D105/><U22/><E64/><V134/><F134/><W98/><G98/><T2/><D37/><U76/><E29/><V78/><F78/><W117/><G117/><T113/><D36/><U56/><E33/><V128/><F128/><W15/><G15/><T45/><D2/><U104/><E104/><V97/><F97/><W107/><G107/><T108/><D108/><U62/><E76/><V131/><F131/><W109/><G68/><T82/><D113/><U106/><E106/><V96/><F96/><W99/><G99/><T125/><D125/><U88/><E60/><V30/><F30/><W93/><G93/><T92/><D82/><U127/><E127/><V124/><F124/><W42/><G126/><T66/><D92/><U12/><REACH who="1" step="1"/><E58/><REACH who="1" ten="38,198,416,328" step="2"/><V1/><F1/><W123/><G123/><T95/><D66/><U35/><E35/><V39/><F70/><W77/><G77/><N who="0" m="46383" /><D95/><AGARI ba="2,2" hai="12,19,22,47,49,55,56,62,67,88,89,91,94,95" machi="95" ten="40,8000,1" yaku="1,1,8,1,52,1,54,1,53,0" doraHai="8" doraHaiUra="24" who="1" fromWho="0" sc="38,-86,198,106,416,0,328,0" owari="-48,-55.0,304,-10.0,416,52.0,328,13.0" /></mjloggm>