<mjloggm ver="2.3"><GO type="41" lobby="0"/><UN n0="%64%61%62%75%74%6F%6E" n1="%44%2D%4A%4F%48%4E%4E%59" n2="%E7%A5%9E%E6%AD%A6%E3%83%A9%E3%83%92%E3%83%8A%E3%83%BC" n3="%E5%B0%B1%E6%B4%BB%E7%94%9F%40%E5%B7%9D%E6%9D%91%E8%BB%8D%E5%9B%A3" dan="14,14,14,15" rate="2026.10,2030.85,2019.38,1996.25" sx="M,M,M,M"/><TAIKYOKU oya="0"/><INIT seed="0,0,0,3,3,6" ten="250,250,250,250" oya="0" hai0="83,59,107,13,54,26,17,116,80,37,0,128,9" hai1="40,35,39,78,22,43,93,95,15,131,115,119,3" hai2="23,79,112,52,126,87,50,96,86,111,113,75,57" hai3="58,2,67,105,81,34,71,122,11,121,99,5,7"/><T120/><D116/><U134/><E119/><V8/><F111/><W46/><G58/><T33/><D120/><N who="3" m="46185" /><G7/><T16/><D107/><U60/><E3/><V100/><F126/><W97/><G34/><T25/><D37/><U101/><E35/><V45/><F75/><W89/><G105/><T19/><D0/><U72/><E115/><V91/><F23/><W61/><G46/><T132/><D128/><U21/><E131/><V118/><F118/><W104/><G104/><T20/><D132/><U92/><E134/><V51/><F79/><W24/><G24/><T68/><D68/><U130/><E130/><V124/><F124/><W129/><G129/><T125/><D125/><U48/><E60/><V69/><F69/><W29/><G29/><T114/><D114/><U47/><E101/><V1/><F96/><W56/><G71/><T98/><D98/><U44/><E78/><V12/><F1/><W74/><G74/><T66/><D66/><U108/><E72/><V82/><F87/><AGARI ba="0,0" hai="2,5,11,56,61,67,81,87,89,97,99" m="46185" machi="87" ten="30,2000,0" yaku="13,1,52,1" doraHai="6" who="3" fromWho="2" sc="250,0,250,0,250,-20,250,20" /><INIT seed="1,0,0,0,4,23" ten="250,250,230,270" oya="1" hai0="94,128,30,120,50,79,27,0,88,80,67,38,119" hai1="121,100,135,12,68,129,117,133,123,17,39,4,86" hai2="89,13,91,43,126,46,95,130,35,44,84,59,6" hai3="134,127,81,28,33,34,109,99,14,118,76,15,87"/><U16/><E39/><V125/><F35/><W103/><G118/><T49/><D38/><U2/><E117/><V20/><F130/><W93/><G109/><T98/><D119/><U77/><E68/><V56/><F91/><W66/><G127/><N who="2" m="48649" /><F46/><W36/><G36/><T112/><D0/><U32/><E100/><V97/><F97/><W82/><G134/><N who="1" m="51210" /><E129/><V41/><F6/><W116/><G116/><T21/><D128/><U64/><E64/><V90/><F90/><W105/><G66/><T107/><D112/><U48/><E48/><N who="2" m="26639" /><F43/><W111/><G111/><T69/><D120/><N who="1" m="46155" /><E32/><V8/><F8/><W26/><G34/><T83/><D107/><U53/><E53/><V42/><F42/><W70/><G70/><T55/><D79/><U72/><E72/><V132/><F132/><W61/><G105/><T124/><D124/><U5/><E2/><V40/><F40/><W1/><G1/><T25/><D25/><U102/><E102/><V85/><F85/><W63/><G82/><T101/><D101/><U114/><E114/><V62/><F62/><W110/><G110/><T24/><D24/><U92/><E92/><V78/><F78/><W7/><G15/><T58/><REACH who="0" step="1"/><D49/><REACH who="0" ten="240,250,230,270" step="2"/><U29/><E77/><V9/><F9/><W104/><G104/><T65/><D65/><U54/><E12/><V73/><F73/><W122/><G122/><T57/><D57/><U75/><E75/><V96/><F96/><W45/><G45/><T115/><D115/><U131/><E131/><V60/><F60/><AGARI ba="0,1" hai="21,27,30,50,55,58,60,67,69,80,83,88,94,98" machi="60" ten="40,8000,1" yaku="1,1,52,1,54,1,53,1" doraHai="23" doraHaiUra="51" who="0" fromWho="2" sc="240,90,250,0,230,-80,270,0" /><INIT seed="2,0,0,0,1,107" ten="330,250,150,270" oya="2" hai0="71,38,33,49,59,70,128,66,74,65,101,52,6" hai1="124,85,118,30,7,93,22,86,21,68,106,98,78" hai2="110,45,81,2,56,25,44,77,89,84,112,5,132" hai3="79,108,32,111,29,130,39,99,51,26,121,23,53"/><V20/><F112/><W9/><G39/><T54/><D33/><U91/><E118/><V1/><F132/><W87/><G121/><T28/><D28/><U105/><E124/><V27/><F110/><N who="3" m="42027" /><G130/><T4/><D128/><U55/><E68/><V41/><F56/><N who="3" m="32831" /><G99/><T35/><D35/><U75/><E55/><V62/><F62/><W100/><G100/><T104/><D38/><U114/><E7/><V13/><F13/><W92/><G9/><T96/><D74/><U117/><E30/><V8/><F1/><W116/><G116/><T103/><D101/><N who="1" m="62647" /><E117/><V64/><F64/><W120/><G120/><T88/><D88/><N who="1" m="53391" /><E114/><V76/><F27/><W31/><G32/><T3/><D54/><U12/><E12/><V46/><REACH who="2" step="1"/><F41/><REACH who="2" ten="330,250,140,270" step="2"/><W36/><G26/><T69/><D3/><U61/><E61/><V58/><F58/><W83/><G31/><AGARI ba="0,1" hai="2,5,8,20,25,31,44,45,46,76,77,81,84,89" machi="31" ten="40,2000,0" yaku="1,1,53,0" doraHai="107" doraHaiUra="115" who="2" fromWho="3" sc="330,0,250,0,140,30,270,-20" /><INIT seed="2,1,0,1,2,98" ten="330,250,170,250" oya="2" hai0="82,133,114,96,37,84,134,56,38,0,22,86,23" hai1="90,7,42,74,108,95,57,49,127,117,36,111,91" hai2="122,109,11,69,63,29,5,18,52,9,81,75,3" hai3="71,80,27,14,40,116,6,47,12,64,48,121,88"/><V17/><F122/><W50/><G116/><T20/><D0/><U131/><E117/><V26/><F109/><W128/><G121/><T31/><D114/><U126/><E74/><V30/><F30/><W132/><G128/><T129/><D129/><U92/><E131/><V15/><F75/><W89/><G132/><T16/><D31/><U130/><E36/><V54/><F18/><W32/><G71/><T103/><D56/><U78/><E7/><V66/><REACH who="2" step="1"/><F81/><REACH who="2" ten="330,250,160,250" step="2"/><W13/><G6/><T34/><D16/><U46/><E130/><V41/><F41/><W28/><G80/><T118/><D118/><U8/><E111/><V45/><F45/><W83/><G83/><T68/><D82/><U73/><E108/><V25/><F25/><W19/><G19/><T115/><D115/><U4/><E73/><V61/><F61/><W58/><G64/><T76/><D76/><U105/><E42/><V123/><F123/><W65/><REACH who="3" step="1"/><G48/><REACH who="3" ten="330,250,160,240" step="2"/><T44/><D37/><U120/><E49/><V113/><F113/><W55/><G55/><T53/><D53/><U100/><E120/><V104/><F104/><W107/><G107/><T35/><D38/><U110/><E105/><V21/><AGARI ba="1,2" hai="3,5,9,11,15,17,21,26,29,52,54,63,66,69" machi="21" ten="20,12000,1" yaku="1,1,0,1,7,1,54,1,53,1" doraHai="98" doraHaiUra="10" who="2" fromWho="2" sc="330,-41,250,-41,160,143,240,-41" /><INIT seed="2,2,0,4,1,48" ten="289,209,303,199" oya="2" hai0="100,39,112,125,46,99,94,28,42,81,25,12,19" hai1="54,88,75,108,114,126,82,7,58,71,49,113,92" hai2="120,103,59,62,5,90,1,121,116,34,134,69,78" hai3="109,29,40,97,52,74,89,72,64,35,95,14,119"/><V53/><F116/><W70/><G119/><T65/><D112/><U18/><E108/><V135/><F34/><W118/><G109/><T93/><D125/><U133/><E126/><V73/><F103/><W38/><G118/><T91/><D81/><U16/><E133/><N who="2" m="50699" /><F69/><W123/><G123/><T10/><D65/><U15/><E71/><V67/><F67/><W61/><G35/><T98/><D25/><U41/><E7/><V68/><F68/><W47/><G29/><T129/><D28/><U85/><E75/><V3/><F90/><W60/><REACH who="3" step="1"/><G14/><REACH who="3" ten="289,209,303,189" step="2"/><T57/><D129/><U2/><E2/><N who="2" m="523" /><F5/><W50/><G50/><T13/><D12/><U86/><E15/><V9/><F9/><W56/><AGARI ba="2,1" hai="38,40,47,52,56,60,61,64,70,72,74,89,95,97" machi="56" ten="30,7900,0" yaku="1,1,0,1,52,1,54,1,53,0" doraHai="48" doraHaiUra="79" who="3" fromWho="3" sc="289,-22,209,-22,303,-41,189,95" /><INIT seed="3,0,0,5,1,23" ten="267,187,262,284" oya="3" hai0="61,105,70,68,108,122,115,11,104,126,92,121,33" hai1="106,60,124,36,32,53,59,10,25,16,96,71,98" hai2="107,66,131,47,81,133,109,48,89,100,83,64,110" hai3="44,79,43,120,85,75,63,51,5,15,38,1,52"/><W69/><G120/><T28/><D92/><U84/><E124/><V31/><F133/><W14/><G75/><T40/><D126/><U42/><E71/><V91/><F131/><W132/><G132/><T73/><D108/><N who="2" m="41578" /><F100/><W90/><G79/><T128/><D128/><U77/><E106/><V82/><F107/><W30/><G30/><T0/><D40/><U102/><E102/><V114/><F114/><W80/><G1/><T35/><D73/><U56/><E32/><V93/><F31/><W7/><G7/><T116/><D115/><U45/><E59/><V86/><F91/><W129/><G129/><T94/><D94/><U12/><REACH who="1" step="1"/><E25/><REACH who="1" ten="267,177,262,284" step="2"/><V111/><F111/><W117/><G117/><T72/><D116/><U46/><E46/><V4/><F4/><W130/><G130/><T39/><D104/><U54/><E54/><AGARI ba="0,1" hai="47,48,54,64,66,81,82,83,86,89,93" m="41578" machi="54" ten="30,1000,0" yaku="14,1" doraHai="23" who="2" fromWho="1" sc="267,0,177,-10,262,20,284,0" /><INIT seed="4,0,0,2,2,5" ten="267,167,282,284" oya="0" hai0="13,111,2,69,94,52,101,79,54,120,40,24,106" hai1="38,114,60,20,22,65,103,33,132,134,104,102,49" hai2="61,14,11,18,1,51,4,82,98,67,59,86,110" hai3="107,135,108,112,10,42,109,116,93,28,48,30,26"/><T128/><D2/><U125/><E114/><V16/><F110/><N who="3" m="42603" /><G107/><T75/><D69/><U113/><E125/><V81/><F1/><W6/><G116/><T70/><D70/><U124/><E113/><V29/><F29/><W66/><G112/><T100/><D111/><U9/><E124/><V88/><F98/><W122/><G122/><T84/><D120/><U50/><E38/><V119/><F119/><W99/><G135/><T87/><D75/><U32/><E65/><V95/><F51/><W41/><G66/><T121/><D121/><U46/><E46/><V74/><F74/><W68/><G68/><T64/><D64/><U19/><E19/><AGARI ba="0,0" hai="4,11,14,16,18,19,59,61,67,81,82,86,88,95" machi="19" ten="40,8000,1" yaku="8,1,52,1,54,2" doraHai="5" who="2" fromWho="1" sc="267,0,167,-80,282,80,284,0" /><INIT seed="5,0,0,0,3,15" ten="267,87,362,284" oya="1" hai0="43,1,59,31,57,3,76,36,73,7,23,133,102" hai1="125,25,70,39,97,101,28,86,48,58,80,93,119" hai2="122,128,117,8,37,74,106,100,91,32,87,129,99" hai3="67,18,110,96,63,124,115,104,77,83,65,21,46"/><U68/><E119/><V113/><F74/><W78/><G115/><T85/><D133/><U79/><E125/><V132/><F117/><W90/><G110/><T44/><D102/><U17/><E39/><V82/><F37/><W130/><G124/><T20/><D85/><U40/><E68/><V38/><F38/><W10/><G130/><N who="2" m="50281" /><F32/><W22/><G46/><T61/><D1/><U19/><E70/><V120/><F132/><W49/><G49/><T35/><D35/><U89/><E79/><V14/><F113/><W62/><G104/><T11/><D31/><U95/><E95/><V107/><F107/><W116/><G116/><T34/><D34/><U12/><E12/><V81/><F81/><W105/><G105/><T114/><D114/><U109/><E109/><V108/><F108/><W5/><G22/><T50/><D50/><U103/><E101/><V13/><F13/><N who="3" m="5327" /><G96/><T54/><REACH who="0" step="1"/><D59/><REACH who="0" ten="257,87,362,284" step="2"/><U51/><E58/><V131/><F131/><W42/><G78/><T0/><D0/><U121/><E121/><V75/><F75/><W60/><G77/><T47/><D47/><N who="1" m="25703" /><E51/><V53/><F87/><N who="3" m="50559" /><G42/><T9/><D9/><U66/><E66/><V72/><F122/><W127/><G127/><T33/><D33/><U27/><E28/><V45/><F72/><W118/><G118/><T30/><D30/><U135/><E135/><V123/><F120/><W88/><G88/><T94/><D94/><U126/><E126/><V64/><F123/><W92/><G92/><T2/><D2/><U29/><E29/><V41/><F91/><W56/><G67/><T71/><D71/><RYUUKYOKU ba="0,1" sc="257,10,87,10,362,-30,284,10" hai0="3,7,11,20,23,36,43,44,54,57,61,73,76" hai1="17,19,25,27,80,86,89,93,97,103" hai3="18,21,56,60,62,63,65" /><INIT seed="5,1,1,0,1,99" ten="267,97,332,294" oya="1" hai0="54,114,125,98,15,52,87,16,33,85,6,106,64" hai1="17,5,9,2,39,121,67,49,82,26,23,50,11" hai2="111,90,128,24,31,29,86,25,72,105,132,61,123" hai3="103,70,30,129,12,77,58,80,20,122,68,8,46"/><U63/><E121/><V56/><F123/><W109/><G122/><T40/><D33/><U97/><E39/><V7/><F111/><W38/><G109/><T126/><D40/><U117/><E117/><V115/><F72/><W113/><G113/><T36/><D36/><U43/><E11/><V66/><F115/><W69/><G129/><T60/><D6/><U34/><E34/><V0/><F128/><W53/><G30/><N who="2" m="11273" /><F105/><W88/><G20/><T35/><D35/><U110/><E110/><V4/><F0/><W118/><G118/><T112/><D114/><U13/><E43/><V21/><F132/><W84/><G103/><N who="0" m="62839" /><D112/><U79/><E97/><V73/><F73/><W95/><G38/><T94/><D94/><U131/><E131/><V32/><F32/><W22/><G22/><T28/><D28/><U120/><E2/><V57/><F57/><W65/><G46/><T134/><D134/><U59/><E120/><V14/><F21/><W10/><G65/><T37/><D37/><U1/><REACH who="1" step="1"/><E1/><REACH who="1" ten="267,87,332,294" step="2"/><V18/><F4/><W74/><REACH who="3" step="1"/><G12/><REACH who="3" ten="267,87,332,284" step="2"/><T75/><D15/><U135/><E135/><V42/><F14/><W124/><G124/><T55/><D125/><U76/><E76/><V81/><F7/><W3/><G3/><T83/><D126/><U102/><E102/><V101/><F101/><W91/><G91/><T96/><D60/><AGARI ba="1,3" hai="8,10,53,58,60,68,69,70,74,77,80,84,88,95" machi="60" ten="40,2600,0" yaku="1,1,54,1,53,0" doraHai="99" doraHaiUra="92" who="3" fromWho="0" sc="267,-29,87,0,332,0,284,59" /><INIT seed="6,0,0,5,5,61" ten="238,87,332,343" oya="2" hai0="114,26,132,4,117,9,71,45,11,130,69,118,49" hai1="120,91,39,55,106,34,125,128,81,56,135,20,119" hai2="41,44,83,100,88,18,19,8,94,84,43,40,42" hai3="70,96,47,59,65,23,12,66,134,51,67,86,97"/><V1/><F1/><W30/><G134/><T29/><D132/><U104/><E135/><V103/><F8/><W16/><G70/><T109/><D109/><U133/><E20/><V111/><F111/><W5/><G5/><T95/><D114/><U72/><E91/><V127/><F127/><W31/><G59/><T33/><D130/><U13/><E56/><V107/><F107/><W90/><G96/><T3/><D11/><U85/><E81/><V122/><F122/><W121/><G97/><T0/><D0/><U6/><E85/><V28/><F28/><W22/><G22/><T52/><REACH who="0" step="1"/><D95/><REACH who="0" ten="228,87,332,343" step="2"/><U129/><E128/><V50/><F94/><N who="3" m="54615" /><G121/><T14/><D14/><U27/><E27/><V38/><F38/><W15/><G15/><T82/><D82/><U37/><E13/><V36/><F36/><W24/><G12/><T87/><D87/><U2/><E39/><V53/><N who="2" m="10240" /><DORA hai="7" /><V80/><REACH who="2" step="1"/><F80/><REACH who="2" ten="228,87,322,343" step="2"/><W74/><G31/><T17/><D17/><AGARI ba="0,2" hai="17,18,19,44,50,53,83,84,88,100,103" m="10240" machi="17" ten="50,12000,1" yaku="1,1,2,1,8,1,54,1,53,0" doraHai="61,7" doraHaiUra="93,92" who="2" fromWho="0" sc="228,-120,87,0,322,140,343,0" /><INIT seed="6,1,0,2,5,0" ten="108,87,462,343" oya="2" hai0="93,118,133,109,20,71,112,41,88,54,62,56,72" hai1="19,23,37,90,106,68,30,135,116,82,105,111,122" hai2="119,39,8,70,51,59,15,50,26,74,28,125,33" hai3="17,21,115,9,104,87,46,77,40,95,132,83,47"/><V65/><F74/><W64/><G104/><T31/><D72/><U123/><E116/><V121/><F119/><W127/><G115/><T102/><D118/><U4/><E135/><V84/><F121/><W35/><G35/><T58/><D71/><U18/><E111/><V120/><F39/><W29/><G132/><T89/><D133/><U27/><E37/><V63/><F120/><N who="1" m="46121" /><E68/><V42/><F125/><W124/><G29/><T128/><D112/><U103/><E103/><V130/><F130/><W6/><G64/><T5/><D128/><U57/><E57/><V45/><F84/><W81/><G95/><T12/><D41/><U38/><E38/><V2/><F2/><W13/><G83/><T32/><D32/><U11/><E82/><V80/><F80/><W97/><G97/><N who="0" m="59695" /><D109/><U108/><E90/><N who="0" m="34921" /><D58/><U75/><E75/><V61/><F51/><N who="3" m="27079" /><G47/><T134/><D134/><U43/><E43/><V107/><F107/><N who="1" m="40969" /><E108/><V113/><F113/><W129/><G129/><T86/><D86/><U36/><E36/><V94/><F94/><W16/><G17/><N who="0" m="10279" /><D31/><U73/><E73/><V3/><F3/><AGARI ba="1,0" hai="3,4,11,18,19,23,27,30" m="40969,46121" machi="3" ten="30,2000,0" yaku="13,1,52,1" doraHai="0" who="1" fromWho="2" sc="108,0,87,23,462,-23,343,0" /><INIT seed="7,0,0,1,0,100" ten="108,110,439,343" oya="3" hai0="90,28,107,89,39,43,56,109,79,116,75,121,13" hai1="104,27,51,71,9,119,1,82,10,18,64,46,60" hai2="41,99,58,86,135,87,55,40,17,108,120,111,122" hai3="96,44,88,93,76,24,105,126,63,91,15,95,2"/><W47/><G2/><T35/><D56/><U102/><E119/><V36/><F135/><W117/><G117/><T94/><D13/><U54/><E82/><V8/><F99/><W85/><G126/><T69/><D116/><U118/><E118/><V50/><F108/><W101/><G76/><T103/><D109/><U81/><E81/><V23/><F111/><W53/><G24/><N who="0" m="18823" /><D121/><N who="2" m="46698" /><F8/><W52/><G15/><T134/><D134/><U32/><E1/><V20/><F20/><W78/><G78/><T25/><D25/><U97/><E18/><V113/><F113/><W73/><G73/><T132/><D132/><U110/><E110/><V84/><F36/><W42/><G63/><T80/><D69/><U14/><E14/><AGARI ba="0,0" hai="14,17,23,40,41,50,55,58,84,86,87" m="46698" machi="14" ten="30,1000,0" yaku="13,1" doraHai="100" who="2" fromWho="1" sc="108,0,110,-10,439,10,343,0" owari="108,-29.0,100,-40.0,449,55.0,343,14.0" /></mjloggm>