<mjloggm ver="2.3"><GO type="169" lobby="0"/><UN n0="%48%2E%7A%69%6E" n1="%EF%BC%9D%E4%BC%8A%E8%97%A4%E3%81%8B%E3%81%AA%E6%81%B5%EF%BC%9D" n2="%E7%AB%8B%E8%8F%AF%E5%A5%8F" n3="%E3%82%A6%E3%83%AB%E3%83%88%E3%83%A9%E7%AB%8B%E7%9B%B4" dan="16,17,16,17" rate="2028.40,2155.82,2116.78,2167.43" sx="F,F,F,M"/><TAIKYOKU oya="0"/><INIT seed="0,0,0,5,3,122" ten="250,250,250,250" oya="0" hai0="29,63,86,25,113,73,93,56,71,115,43,119,33" hai1="52,82,128,23,18,131,100,47,97,65,112,127,67" hai2="74,92,21,37,41,2,78,19,24,99,88,95,60" hai3="62,34,91,16,5,39,44,57,61,102,79,28,13"/><T80/><D119/><U40/><E127/><V129/><F129/><N who="1" m="49737" /><E112/><V50/><F2/><W135/><G135/><T42/><D71/><U58/><E82/><V1/><F1/><W114/><G114/><T45/><D73/><U12/><E40/><V49/><F60/><W87/><G79/><T81/><D93/><N who="1" m="58415" /><E47/><V54/><F37/><W38/><G102/><T85/><D115/><U111/><E111/><V116/><F116/><W89/><G5/><T123/><D123/><U46/><E46/><V7/><F7/><W130/><G130/><T126/><D126/><U27/><E12/><V108/><F108/><W104/><G44/><T69/><D69/><U117/><E117/><V134/><F134/><W109/><G109/><T77/><D113/><U14/><E14/><V133/><F133/><W107/><G13/><T3/><D45/><U66/><E66/><V20/><F41/><W83/><G57/><T98/><D98/><U59/><E59/><V101/><F54/><W26/><G83/><T8/><D3/><U51/><AGARI ba="0,0" hai="18,23,27,51,52,58,65,67" m="58415,49737" machi="51" ten="30,2000,0" yaku="19,1,54,1" doraHai="122" who="1" fromWho="1" sc="250,-10,250,20,250,-5,250,-5" /><INIT seed="1,0,0,2,3,119" ten="240,270,245,245" oya="1" hai0="24,74,127,116,71,66,114,106,43,86,104,59,21" hai1="3,64,29,87,108,94,131,129,9,102,39,132,5" hai2="0,20,41,81,79,123,10,122,72,19,22,67,111" hai3="49,88,105,7,32,83,117,52,47,11,100,44,23"/><U78/><E132/><V125/><F111/><W8/><G32/><T46/><D74/><U27/><E108/><V121/><F125/><W75/><G117/><T42/><D114/><U112/><E112/><V40/><F67/><W82/><G100/><T63/><D127/><U115/><E115/><V124/><F124/><W62/><G105/><T12/><D116/><U93/><E39/><V85/><F72/><W120/><G120/><T28/><D43/><U45/><E45/><V61/><F61/><W60/><G75/><T118/><D118/><U76/><E64/><V126/><F126/><W26/><G47/><T54/><D86/><U90/><E102/><V53/><F53/><W96/><G82/><T89/><D89/><U110/><E94/><V97/><F97/><W14/><G8/><T91/><D12/><U113/><E110/><V18/><F10/><W99/><G99/><T25/><D25/><U58/><E58/><V36/><F0/><W80/><G80/><T4/><D4/><U109/><E113/><V31/><F31/><W48/><G48/><T103/><D91/><U65/><E65/><V135/><F135/><W98/><G98/><T69/><D103/><U55/><E55/><V16/><REACH who="2" step="1"/><F36/><REACH who="2" ten="240,270,235,245" step="2"/><W1/><G1/><T33/><D71/><U107/><E109/><V6/><F6/><W2/><G2/><T38/><REACH who="0" step="1"/><D33/><REACH who="0" ten="230,270,235,245" step="2"/><U13/><E3/><V128/><F128/><N who="1" m="49225" /><E107/><V84/><F84/><N who="3" m="50207" /><G96/><T73/><D73/><U134/><E134/><V35/><F35/><AGARI ba="0,2" hai="5,9,13,27,29,35,76,78,87,90,93" m="49225" machi="35" ten="30,1500,0" yaku="19,1" doraHai="119" who="1" fromWho="2" sc="230,0,270,35,235,-15,245,0" /><INIT seed="1,1,0,4,0,26" ten="230,305,220,245" oya="1" hai0="113,34,57,56,46,104,80,62,105,111,31,21,121" hai1="109,79,83,67,86,106,20,69,0,6,107,27,130" hai2="96,94,5,18,73,9,49,122,2,38,84,119,17" hai3="22,97,24,37,36,16,23,116,28,4,102,42,66"/><U11/><E130/><V87/><F119/><W124/><G116/><T85/><D113/><U7/><E7/><V10/><F122/><W3/><G124/><T103/><D34/><U25/><E25/><V63/><F38/><W48/><G66/><T88/><D111/><U70/><E109/><V117/><F117/><W128/><G128/><T91/><D121/><U92/><E92/><V89/><F73/><W32/><G23/><T82/><D46/><U131/><E131/><V76/><F76/><W110/><G110/><T120/><D120/><U1/><E1/><V12/><F63/><W77/><G77/><T134/><D134/><U99/><E99/><V90/><F49/><W98/><G98/><T44/><D44/><U61/><REACH who="1" step="1"/><E69/><REACH who="1" ten="230,295,220,245" step="2"/><V47/><F2/><W55/><G97/><T114/><D114/><U54/><E54/><V15/><F5/><W123/><G4/><T108/><D108/><U58/><E58/><V45/><F96/><W95/><G3/><T100/><D57/><U112/><E112/><V74/><F74/><W39/><G123/><T68/><D68/><U75/><E75/><V29/><F94/><W101/><G95/><T59/><D59/><U13/><E13/><V60/><F60/><W33/><G42/><T53/><D105/><U132/><E132/><V72/><F72/><W129/><G129/><T115/><D115/><U126/><E126/><V50/><F50/><W93/><G93/><T133/><D133/><U40/><E40/><V52/><F52/><W71/><G55/><T64/><D53/><U78/><E78/><V19/><F19/><AGARI ba="1,1" hai="0,6,11,19,20,27,61,67,70,79,83,86,106,107" machi="19" ten="30,5800,0" yaku="1,1,6,1,7,1,53,0" doraHai="26" doraHaiUra="125" who="1" fromWho="2" sc="230,0,295,71,220,-61,245,0" /><INIT seed="1,2,0,5,0,8" ten="230,366,159,245" oya="1" hai0="24,95,46,23,81,116,82,45,28,88,13,32,54" hai1="56,11,127,108,10,106,90,77,114,70,111,91,109" hai2="1,30,133,19,128,60,41,61,2,123,132,115,63" hai3="69,34,94,105,126,76,55,99,78,48,86,21,44"/><U125/><E70/><V92/><F123/><W57/><G34/><T40/><D116/><U31/><E114/><V64/><F115/><W117/><G69/><T72/><D54/><U85/><E31/><V37/><F128/><W112/><G112/><T66/><D66/><U131/><E131/><V0/><F30/><W68/><G68/><T67/><D67/><U53/><E106/><V80/><F64/><W119/><G105/><T15/><D72/><U49/><E77/><V36/><F80/><N who="0" m="30826" /><D32/><U122/><E122/><V20/><F92/><W113/><G113/><T42/><D46/><U9/><REACH who="1" step="1"/><E85/><REACH who="1" ten="230,356,159,245" step="2"/><V3/><N who="2" m="512" /><DORA hai="71" /><V121/><F121/><W79/><G86/><N who="0" m="52631" /><D45/><U16/><E16/><V87/><F87/><W65/><G79/><T33/><D33/><U51/><E51/><V59/><F59/><W102/><G78/><T104/><D104/><U101/><E101/><V98/><F98/><W18/><G76/><T89/><D89/><AGARI ba="2,1" hai="9,10,11,49,53,56,89,90,91,108,109,111,125,127" machi="89" ten="50,9600,0" yaku="1,1,14,1,10,1,53,0" doraHai="8,71" doraHaiUra="27,26" who="1" fromWho="0" sc="230,-102,356,112,159,0,245,0" /><INIT seed="1,3,0,1,1,65" ten="128,468,159,245" oya="1" hai0="36,79,127,126,125,11,94,115,9,122,106,53,19" hai1="62,82,4,33,93,8,133,129,27,25,14,63,101" hai2="89,16,77,57,71,54,15,13,70,107,116,44,41" hai3="123,30,100,40,99,51,39,72,35,10,2,29,67"/><U110/><E133/><V90/><F116/><W114/><G72/><T61/><D115/><U32/><E129/><V120/><F120/><W87/><G114/><T91/><D106/><U132/><E132/><V75/><F107/><W84/><G39/><T37/><D122/><U50/><E33/><V98/><F13/><W42/><G35/><T47/><D79/><U104/><E104/><V81/><F98/><W95/><G2/><T80/><D80/><U3/><E110/><V5/><F5/><W69/><G69/><T124/><N who="0" m="32256" /><DORA hai="1" /><T34/><D34/><U55/><E3/><V83/><F83/><W6/><G67/><T111/><D111/><U128/><E128/><V131/><F131/><W26/><G10/><N who="0" m="3595" /><D19/><U22/><E82/><V73/><F73/><W52/><G95/><T85/><D61/><N who="1" m="23051" /><E32/><V76/><F76/><W92/><G92/><T28/><D28/><N who="1" m="17463" /><E27/><V46/><F81/><W20/><G26/><T23/><D23/><U135/><E135/><V88/><F75/><W17/><G20/><T21/><D21/><U48/><E55/><V49/><F77/><W113/><G52/><T102/><D102/><U108/><E108/><V24/><F24/><W60/><G100/><T56/><D56/><U58/><E58/><V112/><F112/><W74/><G113/><T105/><D105/><U121/><E121/><V0/><F0/><W68/><G30/><T96/><D96/><AGARI ba="3,0" hai="4,8,14,48,50,93,96,101" m="17463,23051" machi="96" ten="30,2900,0" yaku="8,1,52,1" doraHai="65,1" who="1" fromWho="0" sc="128,-38,468,38,159,0,245,0" /><INIT seed="1,4,0,2,3,103" ten="90,506,159,245" oya="1" hai0="85,32,72,107,80,6,57,14,44,125,26,27,82" hai1="124,12,109,99,4,112,25,115,93,86,45,135,106" hai2="3,66,56,53,88,102,11,10,0,65,67,1,105" hai3="119,54,13,21,113,74,79,122,92,35,48,71,59"/><U120/><E120/><V97/><REACH who="2" step="1"/><F88/><REACH who="2" ten="90,506,149,245" step="2"/><W95/><G122/><T18/><D82/><U126/><E112/><V50/><AGARI ba="4,1" hai="0,1,3,10,11,50,53,56,65,66,67,97,102,105" machi="50" ten="40,16000,3" yaku="21,2,2,1,0,1,52,1,53,3" doraHai="103" doraHaiUra="60" who="2" fromWho="2" sc="90,-44,506,-84,149,182,245,-44" /><INIT seed="2,0,0,5,4,15" ten="46,422,331,201" oya="2" hai0="118,117,99,41,55,70,39,30,114,76,129,53,64" hai1="34,44,60,87,66,51,38,93,63,105,1,19,25" hai2="106,0,65,67,86,92,56,28,110,81,4,71,127" hai3="48,21,2,98,128,116,27,122,73,10,26,3,75"/><V133/><F106/><W58/><G116/><N who="0" m="44651" /><D76/><U120/><E38/><V5/><F71/><W125/><G122/><T96/><D114/><U123/><E105/><V97/><F127/><W37/><G37/><T82/><D82/><U103/><E1/><V107/><F107/><W49/><G2/><T22/><D30/><U50/><E60/><V23/><F133/><W85/><G3/><T6/><D6/><U94/><E87/><V132/><F132/><W61/><G10/><T80/><D80/><U12/><E25/><N who="2" m="16447" /><F0/><W35/><G35/><T8/><D8/><N who="1" m="6535" /><E34/><V17/><F110/><W88/><G125/><T112/><D22/><U16/><E103/><N who="2" m="60839" /><F17/><W52/><G75/><T101/><D112/><U68/><E16/><V62/><F65/><W45/><G73/><T108/><D108/><U121/><E51/><V111/><F111/><W31/><G49/><T24/><D24/><U113/><E113/><V33/><F33/><W130/><G27/><T131/><D64/><U77/><E77/><AGARI ba="0,0" hai="4,5,56,62,67,77,81,86" m="60839,16447" machi="77" ten="30,2900,0" yaku="25,1,8,1" doraHai="15" who="2" fromWho="1" sc="46,0,422,-29,331,29,201,0" /><INIT seed="2,1,0,4,5,94" ten="46,393,360,201" oya="2" hai0="111,9,67,7,55,62,17,80,41,11,47,97,1" hai1="4,133,52,129,38,83,49,14,60,46,34,109,0" hai2="84,28,128,65,30,59,31,56,15,79,106,120,43" hai3="37,101,23,63,12,118,134,42,40,19,90,5,36"/><V35/><F120/><W24/><G118/><T44/><D111/><U122/><E109/><V54/><F35/><W8/><G134/><T93/><D55/><U18/><E133/><V74/><F74/><W132/><G132/><T26/><D80/><U121/><E34/><V82/><F128/><W125/><G125/><T25/><D44/><U95/><E129/><V98/><F43/><W32/><G101/><T22/><D11/><N who="1" m="2439" /><E38/><V124/><F124/><W78/><G78/><T29/><D47/><U68/><E83/><V58/><F65/><W10/><G32/><T103/><D41/><U105/><E105/><V107/><F15/><W92/><G37/><T99/><D26/><U116/><E116/><V45/><F45/><W81/><G81/><T71/><D17/><U2/><E2/><V69/><F69/><W88/><G36/><T123/><REACH who="0" step="1"/><D97/><REACH who="0" ten="36,393,360,201" step="2"/><U51/><E46/><V119/><F119/><W117/><G117/><T3/><D3/><U64/><E52/><V135/><F135/><W75/><G10/><T70/><D70/><U33/><E18/><V21/><F54/><W85/><G75/><T114/><D114/><U20/><E68/><V53/><F53/><W76/><G63/><T126/><D126/><U66/><E60/><V73/><F98/><N who="3" m="57607" /><G76/><T112/><D112/><U87/><E121/><AGARI ba="1,1" hai="1,7,9,22,25,29,62,67,71,93,99,103,121,123" machi="121" ten="40,2600,0" yaku="1,1,52,1,53,0" doraHai="94" doraHaiUra="100" who="0" fromWho="1" sc="36,39,393,-29,360,0,201,0" /><INIT seed="3,0,0,5,4,21" ten="75,364,360,201" oya="3" hai0="127,45,96,93,36,89,119,68,107,69,14,25,76" hai1="37,67,17,20,28,94,42,49,50,41,82,105,130" hai2="115,18,30,26,53,71,6,117,59,124,88,108,126" hai3="87,12,15,61,64,31,90,83,51,84,3,91,19"/><W44/><G3/><T122/><D119/><U47/><E105/><V78/><F117/><W16/><G31/><T102/><D122/><U75/><E28/><V55/><F115/><W97/><G97/><T110/><D110/><U132/><E132/><V113/><F108/><W63/><G64/><T52/><D127/><N who="2" m="48682" /><F71/><W128/><G128/><T98/><D14/><U0/><E67/><V56/><F113/><W11/><G51/><T92/><D107/><U38/><E94/><V2/><F78/><W7/><G44/><T39/><D76/><U65/><E49/><V106/><F106/><W1/><G1/><T99/><D99/><U129/><E17/><V80/><F18/><W57/><G57/><N who="2" m="22089" /><F6/><W123/><G123/><T125/><D125/><U100/><E0/><V62/><F62/><W81/><G7/><T101/><D69/><U24/><E65/><V73/><F2/><W32/><G32/><T58/><D68/><U79/><E100/><V23/><F73/><W77/><G77/><T60/><D45/><N who="1" m="25911" /><E38/><V13/><F13/><W27/><G27/><T104/><D104/><U95/><E24/><V109/><F109/><W5/><G5/><T33/><D102/><U29/><E129/><V120/><F120/><W111/><G111/><T48/><D48/><U8/><E130/><V40/><F40/><W72/><G72/><T103/><REACH who="0" step="1"/><D101/><REACH who="0" ten="65,364,360,201" step="2"/><U66/><E47/><V34/><F34/><W70/><G70/><T46/><D46/><U74/><E79/><V134/><F134/><W118/><G118/><T43/><D43/><U10/><E41/><V54/><F54/><RYUUKYOKU ba="0,1" sc="65,10,364,-30,360,10,201,10" hai0="25,33,36,39,52,58,60,89,92,93,96,98,103" hai2="23,26,30,53,55,80,88" hai3="11,12,15,16,19,61,63,81,83,84,87,90,91" /><INIT seed="3,1,1,1,4,72" ten="75,334,370,211" oya="3" hai0="118,68,76,59,0,70,27,122,124,39,5,87,65" hai1="120,117,134,73,123,9,105,1,92,7,2,38,109" hai2="85,126,12,80,51,15,133,67,77,4,107,114,63" hai3="14,62,116,18,30,99,28,16,64,69,102,135,101"/><W44/><G135/><T6/><D118/><U47/><E134/><V48/><F133/><W119/><G101/><T49/><D122/><U115/><E117/><V52/><F114/><W24/><G44/><T35/><D39/><U37/><E115/><V56/><F107/><W100/><G100/><T84/><D124/><U58/><E92/><V21/><F126/><W60/><G60/><T94/><D94/><U29/><E58/><V91/><F4/><W13/><G30/><T17/><D49/><N who="2" m="19018" /><F67/><W88/><G88/><T98/><D98/><U97/><E29/><V90/><F12/><W33/><G14/><T46/><D46/><U81/><E109/><V130/><F130/><W89/><G89/><T41/><D17/><AGARI ba="1,1" hai="15,17,21,52,56,63,77,80,85,90,91" m="19018" machi="17" ten="30,3900,0" yaku="8,1,52,1,54,1" doraHai="72" who="2" fromWho="0" sc="75,-42,334,0,370,52,211,0" /><INIT seed="4,0,0,4,1,21" ten="33,334,422,211" oya="0" hai0="8,112,31,134,56,119,61,50,87,66,108,69,132" hai1="6,39,72,54,28,22,103,82,11,122,59,58,37" hai2="65,35,29,102,80,62,14,30,88,63,27,4,110" hai3="74,15,79,2,133,120,89,17,130,41,64,99,1"/><T70/><D119/><U75/><E122/><V104/><F110/><W131/><G120/><T10/><D108/><U40/><E103/><V13/><F29/><W5/><G5/><T76/><D31/><U90/><E58/><V116/><F116/><W42/><G64/><T32/><D32/><U81/><E81/><V124/><F124/><W60/><G60/><T109/><D109/><U9/><E9/><V77/><F4/><W92/><G79/><T126/><D126/><U98/><E75/><V106/><F62/><W127/><G74/><T36/><D36/><U0/><E98/><N who="2" m="61527" /><F106/><W23/><G133/><N who="0" m="51307" /><D112/><U18/><E28/><V20/><F20/><W45/><G127/><T125/><D125/><U52/><E40/><V71/><F88/><W135/><G135/><T7/><D50/><U3/><E3/><V129/><F129/><N who="3" m="49163" /><G42/><T44/><D44/><U53/><E59/><V91/><F91/><W55/><G55/><T111/><D111/><U51/><E51/><AGARI ba="0,0" hai="1,2,15,17,23,41,45,51,89,92,99" m="49163" machi="51" ten="30,1000,0" yaku="19,1" doraHai="21" who="3" fromWho="1" sc="33,0,334,-10,422,0,211,10" /><INIT seed="5,0,0,3,4,6" ten="33,324,422,221" oya="1" hai0="58,59,10,92,108,121,9,1,125,70,114,21,100" hai1="109,50,105,132,28,5,75,49,116,15,130,42,39" hai2="4,135,99,113,110,25,45,97,134,68,43,79,26" hai3="41,102,54,131,127,33,122,112,69,86,56,95,36"/><U118/><E105/><V120/><F120/><W63/><G33/><T104/><D108/><U98/><E109/><V38/><F110/><W64/><G122/><T85/><D70/><U57/><E75/><V83/><F68/><W3/><G3/><T82/><D121/><U133/><E28/><V2/><F113/><W93/><G112/><T89/><D114/><U90/><E98/><V126/><F126/><W34/><G34/><T76/><D125/><U51/><E90/><V7/><F97/><W23/><G127/><T128/><D128/><U11/><E130/><V30/><F99/><W88/><G131/><T14/><D58/><U73/><E73/><N who="2" m="43503" /><F30/><W91/><G102/><T46/><D46/><N who="1" m="23903" /><E57/><V111/><F111/><W96/><G41/><T24/><D1/><U60/><E60/><V77/><F77/><W53/><G36/><T55/><D104/><U0/><E15/><V124/><F124/><W19/><REACH who="3" step="1"/><G69/><REACH who="3" ten="33,324,422,211" step="2"/><T40/><D40/><U22/><E0/><V27/><F2/><W31/><G31/><T12/><D100/><U62/><E118/><V48/><F38/><W103/><G103/><T18/><D12/><AGARI ba="0,1" hai="12,19,23,53,54,56,63,64,86,88,91,93,95,96" machi="12" ten="30,7700,0" yaku="1,1,7,1,8,1,54,1,53,0" doraHai="6" doraHaiUra="123" who="3" fromWho="0" sc="33,-77,324,0,422,0,211,87" owari="-44,-54.0,324,12.0,422,52.0,298,-10.0" /></mjloggm>