<mjloggm ver="2.3"><GO type="169" lobby="0"/><UN n0="%E3%82%A6%E3%83%AB%E3%83%88%E3%83%A9%E7%AB%8B%E7%9B%B4" n1="%63%68%72%6F%75%73%61" n2="%74%61%6E%61%4B%61%E8%8A%8B%E5%AD%90" n3="%E7%94%9F%E8%82%89%E3%81%A7%E3%81%99%E3%82%88" dan="17,16,16,16" rate="2179.82,2026.54,2042.48,2109.80" sx="M,M,F,M"/><TAIKYOKU oya="0"/><INIT seed="0,0,0,5,3,23" ten="250,250,250,250" oya="0" hai0="124,133,103,29,117,53,6,13,69,75,67,48,127" hai1="79,58,18,22,15,2,132,71,107,81,110,76,93" hai2="27,42,102,0,120,24,31,111,78,119,104,83,16" hai3="59,34,113,38,84,80,99,90,126,106,41,114,115"/><T87/><D75/><U61/><E110/><V50/><F111/><W64/><G34/><T49/><D117/><U32/><E107/><V10/><F120/><W45/><G126/><N who="0" m="48171" /><D29/><U33/><E132/><V100/><F119/><W97/><G106/><T5/><D103/><N who="2" m="39466" /><F31/><W55/><REACH who="3" step="1"/><G64/><REACH who="3" ten="250,250,250,240" step="2"/><T52/><D133/><U62/><E33/><V94/><F104/><W54/><G54/><N who="0" m="21099" /><D67/><U105/><E32/><V37/><F37/><W86/><G86/><T91/><D69/><U12/><E71/><V46/><F0/><W89/><G89/><T39/><D39/><U14/><E2/><V122/><F122/><W96/><G96/><T57/><D57/><U19/><E58/><V9/><F78/><W11/><G11/><N who="0" m="4335" /><D6/><U135/><E135/><V129/><F10/><W70/><G70/><T28/><D28/><U3/><E79/><V1/><F9/><W101/><G101/><T63/><D63/><AGARI ba="0,1" hai="38,41,45,55,59,63,80,84,90,97,99,113,114,115" machi="63" ten="40,1300,0" yaku="1,1,53,0" doraHai="23" doraHaiUra="121" who="3" fromWho="0" sc="250,-13,250,0,250,0,240,23" /><INIT seed="1,0,0,3,1,7" ten="237,250,250,263" oya="1" hai0="108,43,49,106,78,0,117,88,9,24,6,58,90" hai1="85,2,14,101,109,77,132,95,36,119,41,81,111" hai2="55,115,34,28,38,122,135,113,128,116,69,63,103" hai3="33,35,53,1,47,75,54,84,18,114,27,97,57"/><U11/><E119/><V120/><F116/><W126/><G75/><T42/><D106/><U5/><E132/><V23/><F135/><W91/><G1/><T44/><D117/><U73/><E14/><V68/><F34/><W56/><G114/><N who="2" m="43529" /><F38/><W121/><G121/><N who="2" m="46697" /><F103/><W4/><G35/><T102/><D102/><U96/><REACH who="1" step="1"/><E85/><REACH who="1" ten="237,240,250,263" step="2"/><V39/><F128/><W100/><G84/><T64/><D42/><U93/><E93/><V94/><F94/><W21/><G27/><T19/><D24/><U112/><E112/><V10/><F28/><W71/><G33/><T79/><D0/><U87/><E87/><V26/><F26/><W59/><G97/><T12/><D6/><U131/><E131/><V61/><F23/><W60/><G21/><T30/><D30/><U51/><E51/><V13/><F39/><W82/><G4/><T99/><D99/><U124/><E124/><V129/><F129/><W48/><G126/><T83/><D12/><U45/><AGARI ba="0,1" hai="2,5,11,36,41,45,73,77,81,95,96,101,109,111" machi="45" ten="30,12000,1" yaku="1,1,0,1,25,2,52,1,53,0" doraHai="7" doraHaiUra="67" who="1" fromWho="1" sc="237,-40,240,130,250,-40,263,-40" /><INIT seed="1,1,0,0,3,18" ten="197,370,210,223" oya="1" hai0="135,5,41,69,88,115,3,111,73,21,11,20,28" hai1="54,87,12,126,8,53,95,127,31,82,77,81,47" hai2="131,125,134,74,128,40,32,110,80,7,101,109,35" hai3="29,104,23,132,17,34,27,64,122,61,130,51,10"/><U24/><E47/><V22/><F40/><W118/><G122/><T114/><D69/><U58/><E95/><V2/><F101/><W78/><G118/><T98/><D73/><U9/><E82/><V123/><F123/><W90/><G104/><T44/><D135/><U13/><E13/><V45/><F134/><W37/><G37/><T62/><D111/><N who="2" m="42506" /><F45/><W65/><G132/><T119/><D119/><U25/><E25/><V103/><F103/><W89/><G78/><T91/><D62/><N who="1" m="36175" /><E12/><V0/><F80/><W52/><G10/><T92/><D91/><U4/><E4/><V30/><F7/><W84/><G130/><N who="2" m="49705" /><F74/><W39/><G39/><T43/><D43/><U72/><E54/><V133/><F125/><N who="1" m="47625" /><E72/><V112/><F112/><W86/><G90/><T76/><D76/><U63/><E63/><V67/><F67/><W116/><G116/><T107/><D107/><U124/><N who="1" m="47633" /><U60/><DORA hai="71" /><E60/><V83/><F83/><W57/><G89/><T14/><D3/><N who="2" m="1066" /><F133/><W19/><G65/><T49/><D114/><U15/><E15/><V66/><F66/><W105/><G105/><T129/><D115/><U50/><E50/><V75/><F75/><W46/><G34/><AGARI ba="1,0" hai="8,9,24,31,34,77,81,87" m="47633,36175" machi="34" ten="40,2000,0" yaku="18,1" doraHai="18,71" who="1" fromWho="3" sc="197,0,370,23,210,0,223,-23" /><INIT seed="1,2,0,1,4,80" ten="197,393,210,200" oya="1" hai0="65,16,49,134,93,76,2,115,133,102,56,37,14" hai1="55,66,124,5,132,48,78,112,46,36,22,30,44" hai2="4,99,107,3,126,52,121,12,120,54,84,131,59" hai3="89,33,8,24,92,64,98,128,42,111,53,81,35"/><U26/><E112/><V34/><F131/><W1/><G128/><T45/><D2/><U61/><E124/><V130/><F3/><W18/><G111/><T57/><D76/><U67/><E132/><N who="0" m="50793" /><D37/><U125/><E125/><V74/><F34/><W31/><G64/><T88/><D102/><U103/><E5/><V47/><F74/><W79/><G42/><N who="0" m="24759" /><D65/><U127/><E127/><V0/><F126/><W73/><G53/><T91/><D115/><U40/><E103/><V85/><F0/><W101/><G101/><T29/><D29/><U21/><E61/><V106/><F130/><W58/><G58/><N who="0" m="22635" /><D93/><U71/><E71/><V104/><F59/><W38/><G38/><T94/><D94/><U69/><E69/><V15/><F47/><W27/><G31/><T11/><AGARI ba="2,0" hai="11,14,16,88,91" m="22635,24759,50793" machi="11" ten="30,4000,0" yaku="20,1,54,2" doraHai="80" who="0" fromWho="0" sc="197,46,393,-22,210,-12,200,-12" /><INIT seed="2,0,0,2,0,52" ten="243,371,198,188" oya="2" hai0="80,1,77,46,57,76,28,96,33,22,29,15,48" hai1="63,25,47,3,71,55,128,112,122,107,21,83,7" hai2="132,32,64,10,131,59,36,42,30,114,11,97,81" hai3="117,9,135,129,4,13,37,60,94,56,58,105,103"/><V126/><F114/><W92/><G117/><T101/><D1/><U16/><E107/><V119/><F119/><W98/><G37/><T66/><D33/><U88/><E128/><V14/><F131/><W26/><G129/><T38/><D38/><U120/><E112/><V34/><F126/><W17/><G135/><T95/><D15/><U8/><E71/><V134/><F97/><W24/><G24/><N who="0" m="16407" /><D80/><U90/><E83/><V102/><F102/><W23/><REACH who="3" step="1"/><G58/><REACH who="3" ten="243,371,198,178" step="2"/><T85/><D29/><U110/><E110/><V70/><F30/><W12/><G12/><T35/><D35/><U133/><E133/><N who="2" m="51307" /><F70/><W99/><G99/><T89/><D96/><U44/><E47/><N who="2" m="24007" /><F32/><W67/><AGARI ba="0,1" hai="4,9,13,17,23,26,56,60,67,92,94,98,103,105" machi="67" ten="20,5200,0" yaku="1,1,0,1,7,1,52,1,53,0" doraHai="52" doraHaiUra="127" who="3" fromWho="3" sc="243,-13,371,-13,198,-26,178,62" /><INIT seed="3,0,0,0,2,12" ten="230,358,172,240" oya="3" hai0="55,108,65,116,102,111,87,56,60,88,122,21,29" hai1="82,43,97,64,14,125,24,39,15,8,73,121,94" hai2="36,9,114,48,7,95,22,0,131,123,59,4,67" hai3="49,71,5,113,75,89,132,76,63,92,23,47,1"/><W84/><G113/><T10/><D102/><U3/><E125/><V16/><F36/><W79/><G132/><T74/><D74/><U57/><E24/><V37/><F114/><W45/><G1/><T81/><D116/><U34/><E34/><V78/><F123/><W46/><G5/><T18/><D122/><U134/><E64/><V107/><F37/><W80/><G79/><T115/><D115/><U106/><E57/><V130/><F107/><W66/><REACH who="3" step="1"/><G23/><REACH who="3" ten="230,358,172,230" step="2"/><T53/><D10/><U42/><E8/><V129/><F7/><W98/><G98/><T33/><D33/><U19/><E97/><V26/><F78/><W103/><G103/><T20/><D20/><U27/><E3/><V119/><F119/><W35/><G35/><T96/><D96/><U104/><E134/><V120/><F120/><W44/><G44/><T128/><D128/><U41/><E121/><V38/><F38/><W133/><G133/><T93/><D111/><U6/><E39/><V11/><F11/><W117/><G117/><T126/><D108/><U127/><E6/><V50/><REACH who="2" step="1"/><F95/><REACH who="2" ten="230,358,162,230" step="2"/><W31/><G31/><T100/><D29/><U112/><E94/><V61/><AGARI ba="0,2" hai="0,4,9,16,22,26,48,50,59,61,67,129,130,131" machi="61" ten="40,12000,2" yaku="1,1,2,1,0,1,19,1,52,1,54,1,53,0" doraHai="12" doraHaiUra="40" who="2" fromWho="2" sc="230,-30,358,-30,162,140,230,-60" /><INIT seed="4,0,0,0,4,49" ten="200,328,302,170" oya="0" hai0="59,60,5,30,45,101,135,39,50,106,82,32,55" hai1="105,61,107,76,79,109,87,51,3,29,97,128,78" hai2="118,31,24,28,114,117,63,89,10,54,70,37,90" hai3="119,103,33,11,38,83,116,36,80,17,129,77,23"/><T93/><D106/><U123/><E3/><V20/><F37/><W43/><G33/><T99/><D135/><U134/><E109/><V52/><F114/><W132/><G132/><T127/><D127/><U69/><E29/><V13/><F31/><W71/><G71/><T91/><D39/><U15/><E128/><V19/><F70/><W73/><G129/><T12/><D30/><U95/><E123/><V85/><F63/><W112/><G112/><T104/><D32/><U121/><E15/><V72/><F72/><W9/><G103/><T35/><D35/><U41/><E87/><V18/><F19/><W44/><G38/><T64/><D104/><U86/><E86/><V126/><F126/><W67/><G67/><T58/><D82/><U124/><E121/><V102/><F102/><W8/><REACH who="3" step="1"/><G83/><REACH who="3" ten="200,328,302,160" step="2"/><T84/><D101/><U131/><E69/><V96/><F117/><W94/><G94/><T75/><D93/><U113/><E95/><N who="2" m="56439" /><F118/><W62/><G62/><T100/><D60/><U53/><E61/><V26/><F26/><AGARI ba="0,1" hai="8,9,11,17,23,26,36,43,44,73,77,80,116,119" machi="26" ten="40,2600,0" yaku="1,1,53,1" doraHai="49" doraHaiUra="74" who="3" fromWho="2" sc="200,0,328,0,302,-26,160,36" /><INIT seed="5,0,0,3,1,65" ten="200,328,276,196" oya="1" hai0="130,53,70,88,3,40,110,50,93,92,49,123,34" hai1="108,78,28,59,76,54,102,97,14,21,105,47,20" hai2="36,63,127,51,60,67,31,22,26,80,132,16,4" hai3="57,0,43,112,1,23,66,103,56,79,46,29,69"/><U25/><E108/><V39/><F132/><W64/><G64/><T134/><D3/><U86/><E86/><V33/><F127/><W71/><G79/><T107/><D34/><U61/><REACH who="1" step="1"/><E47/><REACH who="1" ten="200,318,276,196" step="2"/><V74/><F74/><W111/><G111/><T96/><D110/><U42/><E42/><V13/><F80/><W115/><G46/><T48/><D40/><U95/><E95/><V99/><F99/><W68/><G43/><T52/><D93/><U87/><E87/><V135/><F135/><W117/><G117/><T44/><D134/><U58/><E58/><V62/><F39/><W129/><G56/><T90/><D44/><U73/><E73/><V10/><F36/><W8/><G57/><T98/><D92/><U32/><E32/><V94/><F94/><W101/><G129/><T5/><D130/><U9/><E9/><V6/><F33/><W38/><G38/><T15/><D107/><U7/><E7/><V89/><F6/><W82/><G8/><T85/><D85/><U30/><E30/><V120/><F31/><W19/><G29/><T12/><D5/><U104/><E104/><V106/><F106/><W131/><G131/><T24/><D98/><U124/><E124/><V27/><F4/><W2/><G82/><T133/><D96/><U45/><E45/><V125/><F10/><W121/><G121/><T55/><D133/><U84/><E84/><V35/><F120/><W72/><G72/><T77/><D123/><U81/><E81/><V122/><F122/><W91/><G1/><T83/><D83/><U119/><E119/><V11/><F11/><RYUUKYOKU ba="0,1" sc="200,-10,318,30,276,-10,196,-10" hai1="14,20,21,25,28,54,59,61,76,78,97,102,105" /><INIT seed="5,1,1,0,5,118" ten="190,348,266,186" oya="1" hai0="92,100,19,10,3,26,44,52,4,65,81,117,82" hai1="24,11,85,35,116,78,126,0,2,132,80,76,56" hai2="67,133,131,111,96,69,123,83,103,7,115,112,122" hai3="6,66,14,79,8,74,38,98,1,31,63,94,91"/><U34/><E116/><V73/><F131/><W32/><G38/><T106/><D117/><U16/><E126/><V9/><F111/><W46/><G46/><T58/><D106/><U36/><E36/><V23/><F23/><W97/><G79/><T101/><D65/><U110/><E132/><V17/><F17/><W114/><G74/><T105/><D105/><U109/><E76/><N who="2" m="44431" /><F96/><W93/><G114/><N who="2" m="43561" /><F103/><W50/><G50/><T45/><D100/><U113/><E113/><V18/><F18/><W53/><G53/><T12/><D26/><U125/><E125/><V108/><F108/><W89/><G32/><T128/><D128/><U54/><E2/><N who="2" m="247" /><F133/><W129/><G129/><T72/><D72/><U86/><E35/><V28/><F28/><W84/><G31/><T39/><D3/><U104/><E0/><V90/><F90/><W68/><G1/><T61/><D4/><U71/><E34/><V15/><F15/><W51/><G51/><T60/><D60/><AGARI ba="1,1" hai="60,67,69,122,123" m="247,43561,44431" machi="60" ten="30,8000,1" yaku="15,1,11,1,23,1,52,2" doraHai="118" who="2" fromWho="0" sc="190,-83,348,0,266,93,186,0" /><INIT seed="6,0,0,1,4,115" ten="107,348,359,186" oya="2" hai0="46,124,26,30,82,32,9,97,50,28,94,118,38" hai1="42,36,10,120,121,95,71,89,34,76,25,133,58" hai2="77,53,66,80,131,14,40,65,81,17,54,59,61" hai3="5,48,29,1,37,44,116,111,119,4,84,73,3"/><V90/><F131/><W107/><G111/><T91/><D124/><U41/><E71/><V106/><F40/><W18/><G107/><T83/><D30/><U16/><E76/><V127/><F127/><W15/><G73/><T60/><D38/><U108/><E133/><V122/><F106/><W8/><G37/><T47/><D47/><U2/><E108/><V13/><F122/><W109/><G109/><T27/><D27/><U134/><E134/><V86/><F53/><W99/><G99/><T43/><D9/><U98/><E58/><V62/><F62/><W117/><G84/><T6/><D6/><N who="3" m="2665" /><G48/><T114/><D114/><U11/><E2/><N who="3" m="522" /><G44/><T129/><D129/><U96/><E96/><V63/><F63/><W21/><G29/><T88/><D118/><U31/><E36/><V55/><F55/><W0/><N who="3" m="530" /><W19/><DORA hai="135" /><G19/><T51/><D51/><U79/><E42/><V75/><F54/><W24/><G24/><T69/><REACH who="0" step="1"/><D91/><REACH who="0" ten="97,348,359,186" step="2"/><U56/><E25/><V78/><F90/><W68/><G68/><T39/><D39/><U104/><E89/><V102/><F17/><W64/><G64/><AGARI ba="0,1" hai="26,28,32,43,46,50,60,64,69,82,83,88,94,97" machi="64" ten="40,2600,0" yaku="1,1,54,1,53,0" doraHai="115,135" doraHaiUra="112,125" who="0" fromWho="3" sc="97,36,348,0,359,0,186,-26" /><INIT seed="7,0,0,2,4,3" ten="133,348,359,160" oya="3" hai0="113,97,134,110,131,64,6,108,59,23,30,106,28" hai1="109,107,84,111,2,26,33,67,37,40,27,50,61" hai2="129,63,25,96,54,13,74,5,20,94,122,79,121" hai3="116,125,24,19,60,103,8,48,22,70,98,14,77"/><W32/><G116/><T62/><D131/><U1/><E50/><V92/><F129/><W52/><G77/><T100/><D134/><U56/><E27/><V16/><F74/><W36/><G36/><T44/><D113/><U81/><E2/><V87/><F79/><W42/><G42/><T21/><D44/><U102/><E1/><V0/><F0/><W38/><G38/><T76/><D76/><U82/><E82/><V91/><F5/><W57/><G125/><T119/><D119/><U39/><E84/><V90/><F13/><W89/><G89/><T123/><D123/><U43/><E81/><V83/><F83/><W58/><G32/><T115/><D6/><U112/><E43/><V105/><F105/><W128/><G128/><T86/><D86/><U95/><E112/><V126/><F126/><W93/><G70/><T12/><D115/><U35/><E35/><V78/><F78/><W80/><G80/><T73/><D73/><U46/><E39/><V135/><F135/><W10/><G14/><T17/><D28/><U114/><E114/><V124/><F124/><W117/><G117/><T120/><D120/><U104/><E104/><V75/><F75/><W66/><AGARI ba="0,0" hai="8,10,19,22,24,48,52,57,58,60,66,93,98,103" machi="66" ten="20,7800,0" yaku="0,1,7,1,8,1,54,1" doraHai="3" who="3" fromWho="3" sc="133,-26,348,-26,359,-26,160,78" /><INIT seed="7,1,0,4,0,107" ten="107,322,333,238" oya="3" hai0="73,77,86,66,35,57,44,27,100,12,62,46,4" hai1="28,76,52,24,23,127,92,91,133,129,102,10,94" hai2="53,128,125,37,71,109,54,9,59,103,17,56,123" hai3="90,11,32,89,41,116,3,93,19,2,121,36,108"/><W87/><G116/><T106/><D35/><U14/><E127/><V115/><F71/><W22/><G121/><T18/><D106/><U80/><E133/><V29/><F37/><W68/><G32/><T15/><D73/><U81/><E129/><V20/><F128/><W31/><G68/><T82/><D100/><U49/><E102/><V65/><F123/><W30/><G108/><T111/><D111/><U48/><E48/><N who="2" m="30759" /><F109/><W55/><G55/><T34/><D34/><U113/><E113/><V79/><F79/><W84/><G41/><T104/><D104/><U38/><E38/><V5/><F65/><W119/><G119/><T126/><D126/><U21/><E21/><V78/><F78/><W134/><G134/><T67/><D67/><U26/><E26/><N who="2" m="16583" /><F125/><W40/><G40/><T117/><D117/><U75/><E81/><V110/><F103/><W64/><G64/><T33/><D33/><U63/><E91/><V61/><F110/><W7/><G36/><T60/><D60/><U47/><E63/><V130/><F115/><W97/><G3/><T39/><D39/><U1/><E1/><V95/><F130/><W85/><G90/><T51/><D51/><U50/><E50/><V13/><F5/><AGARI ba="1,0" hai="5,10,14,23,24,28,47,49,52,75,76,80,92,94" machi="5" ten="30,3900,0" yaku="7,1,52,1,54,1" doraHai="107" who="1" fromWho="2" sc="107,0,322,42,333,-42,238,0" owari="107,-39.0,364,46.0,291,9.0,238,-16.0" /></mjloggm>