<mjloggm ver="2.3"><GO type="97" lobby="0"/><UN n0="%E5%8D%81%E5%BC%90%E7%BE%8E%E7%80%AC%E3%81%AA%E3%81%AA" n1="%E9%B7%B9%E5%B1%B1" n2="%E5%B0%B1%E6%B4%BB%E7%94%9F%40%E5%B7%9D%E6%9D%91%E8%BB%8D%E5%9B%A3" n3="%E3%81%9C%E3%82%93%E3%81%A4%E3%81%81%E5%AB%8C%E3%81%84" dan="15,13,15,14" rate="1996.56,1886.09,1995.17,1924.10" sx="F,M,M,M"/><TAIKYOKU oya="0"/><INIT seed="0,0,0,5,1,78" ten="250,250,250,250" oya="0" hai0="6,124,31,89,81,9,99,115,71,27,103,32,77" hai1="0,66,80,15,47,93,109,41,121,42,105,106,128" hai2="104,76,133,94,129,51,59,132,131,1,57,64,97" hai3="61,114,2,52,108,55,88,7,87,65,40,75,16"/><T4/><BYE who="2" /><D124/><UN n2="%E5%B0%B1%E6%B4%BB%E7%94%9F%40%E5%B7%9D%E6%9D%91%E8%BB%8D%E5%9B%A3" /><U5/><E0/><V119/><F1/><W110/><G75/><T72/><D115/><U90/><E121/><V18/><F104/><W35/><G114/><T45/><D89/><U60/><E109/><N who="3" m="42090" /><G40/><T70/><D45/><U96/><E41/><V58/><F119/><W68/><G35/><T118/><D118/><U67/><E67/><V12/><F76/><W53/><G16/><T33/><D33/><U125/><E125/><V39/><F39/><W84/><G88/><T34/><D34/><U126/><E126/><V11/><F51/><W134/><G134/><N who="2" m="51817" /><F64/><W92/><G92/><T98/><D98/><U117/><E117/><V46/><F46/><W113/><G113/><T123/><D123/><U24/><E24/><V36/><F36/><W127/><G127/><T28/><D28/><U19/><E5/><V54/><F54/><N who="3" m="13827" /><W85/><DORA hai="14" /><G7/><T21/><D6/><U69/><E128/><V111/><F111/><W3/><AGARI ba="0,0" hai="2,3,61,65,68,84,85,87" m="13827,42090" machi="3" ten="40,2700,0" yaku="14,1,54,1" doraHai="78,14" who="3" fromWho="3" sc="250,-13,250,-7,250,-7,250,27" /><INIT seed="1,0,0,3,5,74" ten="237,243,243,277" oya="1" hai0="112,85,132,16,116,25,68,17,69,103,19,44,108" hai1="39,96,33,80,48,52,70,35,84,54,113,130,9" hai2="18,105,51,26,120,7,106,98,125,64,10,12,5" hai3="20,99,128,42,94,1,118,47,97,45,76,127,71"/><U3/><E113/><V36/><F120/><W43/><G71/><T50/><D108/><U83/><E39/><V4/><F36/><W29/><G1/><T61/><D132/><U100/><E70/><V117/><F117/><W34/><G34/><T135/><D135/><U38/><E38/><V82/><F125/><W134/><G134/><T37/><D37/><U102/><E102/><V2/><F2/><W23/><G127/><T119/><D112/><U21/><E130/><V24/><F64/><W49/><G128/><T40/><D69/><U55/><E83/><V46/><F82/><W27/><G94/><T31/><D103/><U124/><E124/><V62/><F62/><W60/><G60/><T109/><D109/><U32/><E3/><V93/><F106/><W14/><G118/><T91/><D61/><U95/><E21/><V81/><F81/><W101/><G101/><T66/><D66/><U87/><E9/><V86/><F86/><W78/><G45/><T67/><D67/><U111/><E87/><V131/><F105/><W73/><G43/><T59/><D59/><U15/><E15/><V104/><F104/><W133/><G133/><T110/><D68/><U11/><E11/><V114/><F114/><W13/><G73/><T22/><REACH who="0" step="1"/><D110/><REACH who="0" ten="227,243,243,277" step="2"/><U72/><E111/><V121/><F131/><W89/><G49/><T56/><D56/><N who="1" m="32775" /><E72/><V122/><F122/><W8/><G47/><T92/><AGARI ba="0,1" hai="16,17,19,22,25,31,40,44,50,85,91,92,116,119" machi="92" ten="30,4000,0" yaku="1,1,0,1,54,1,53,0" doraHai="74" doraHaiUra="65" who="0" fromWho="0" sc="227,50,243,-20,243,-10,277,-10" /><INIT seed="2,0,0,0,4,11" ten="277,223,233,267" oya="2" hai0="56,77,105,15,37,119,8,3,58,82,22,104,97" hai1="83,133,98,10,13,99,52,132,102,1,71,57,6" hai2="35,134,43,100,129,63,74,111,26,54,95,123,106" hai3="67,61,59,96,65,103,31,18,14,124,34,41,116"/><V42/><F123/><W33/><G116/><T28/><D37/><U112/><E112/><V128/><F106/><W131/><G131/><N who="2" m="50249" /><F74/><W27/><G124/><T5/><D119/><U84/><E71/><V36/><F36/><W91/><G41/><T110/><D110/><U93/><E99/><N who="2" m="59519" /><F134/><W118/><G118/><T81/><D105/><U60/><REACH who="1" step="1"/><E1/><REACH who="1" ten="277,213,233,267" step="2"/><V49/><F111/><W25/><G96/><T90/><D3/><U44/><E44/><N who="2" m="27943" /><F63/><W122/><G61/><T51/><D97/><U85/><E85/><V29/><AGARI ba="0,1" hai="26,29,35,42,43" m="27943,59519,50249" machi="29" ten="30,1500,0" yaku="19,1" doraHai="11" who="2" fromWho="2" sc="277,-5,213,-5,233,25,267,-5" /><INIT seed="2,1,0,5,4,95" ten="272,208,258,262" oya="2" hai0="126,124,5,116,117,91,11,14,114,41,50,69,134" hai1="40,25,53,105,33,47,80,19,21,115,48,110,103" hai2="118,38,86,35,12,88,36,123,108,72,90,39,62" hai3="76,99,34,18,51,56,133,101,119,29,16,92,58"/><V26/><F72/><W89/><G119/><N who="0" m="45643" /><D69/><U65/><E115/><V10/><F118/><W111/><G111/><T83/><D114/><U75/><E110/><V107/><F108/><W63/><G133/><T1/><D134/><U74/><E65/><V24/><F123/><W8/><G76/><T52/><D41/><U7/><E7/><V112/><F112/><W78/><G78/><T66/><D66/><U57/><E80/><V31/><F107/><W42/><G8/><N who="0" m="2095" /><D91/><U130/><E130/><V87/><F62/><W121/><G121/><T37/><D37/><U84/><E84/><V109/><F109/><W102/><G89/><T79/><D14/><U0/><E0/><V9/><F26/><W100/><G100/><T98/><D98/><U127/><E127/><V44/><F44/><W6/><G102/><T125/><D11/><U61/><REACH who="1" step="1"/><E33/><REACH who="1" ten="272,198,258,262" step="2"/><V131/><F131/><W97/><G34/><T64/><D64/><U96/><AGARI ba="1,1" hai="19,21,25,40,47,48,53,57,61,74,75,96,103,105" machi="96" ten="30,8000,1" yaku="1,1,2,1,0,1,52,1,53,1" doraHai="95" doraHaiUra="54" who="1" fromWho="1" sc="272,-21,198,93,258,-41,262,-21" /><INIT seed="3,0,0,2,2,70" ten="251,291,217,241" oya="3" hai0="99,60,75,80,27,109,108,118,50,44,112,121,125" hai1="85,45,83,89,54,32,36,2,57,117,81,90,124" hai2="1,37,22,98,42,106,0,102,62,79,15,61,82" hai3="6,66,40,21,5,74,38,46,8,73,76,114,84"/><W107/><G114/><T72/><D118/><U63/><E2/><V10/><F1/><W55/><G107/><T3/><D125/><U92/><E32/><V58/><F22/><W28/><G66/><T101/><D121/><U25/><E124/><V4/><F15/><W110/><G110/><T130/><D130/><U9/><E9/><V33/><F58/><W71/><G71/><T129/><D129/><U30/><E30/><V111/><F111/><W56/><G84/><T34/><D3/><U41/><E25/><V31/><F31/><W105/><G105/><T132/><D132/><U39/><E117/><V128/><F128/><W12/><G5/><T91/><D34/><U13/><E13/><V59/><F59/><W53/><G76/><T69/><D69/><U11/><E11/><V24/><F24/><W64/><G64/><T67/><D75/><U120/><E120/><V122/><F122/><W115/><G115/><T86/><D72/><U126/><E126/><V20/><F20/><W65/><G65/><T48/><D112/><U35/><E35/><V18/><F18/><W26/><REACH who="3" step="1"/><G55/><REACH who="3" ten="251,291,217,231" step="2"/><T113/><D113/><U52/><E54/><V123/><F123/><W100/><G100/><T97/><D109/><U135/><E135/><V14/><F33/><W95/><G95/><T19/><D108/><U43/><E81/><V104/><F104/><W93/><G93/><T51/><D101/><U87/><REACH who="1" step="1"/><E43/><REACH who="1" ten="251,281,217,231" step="2"/><V47/><REACH who="2" step="1"/><F0/><REACH who="2" ten="251,281,207,231" step="2"/><W116/><G116/><T68/><D68/><U134/><E134/><V29/><F29/><W96/><G96/><T119/><D99/><RYUUKYOKU ba="0,3" sc="251,-30,281,10,207,10,231,10" hai1="36,39,41,45,52,57,63,83,85,87,89,90,92" hai2="4,10,14,37,42,47,61,62,79,82,98,102,106" hai3="6,8,12,21,26,28,38,40,46,53,56,73,74" /><INIT seed="3,1,3,3,4,32" ten="221,291,217,241" oya="3" hai0="117,85,125,76,12,64,114,69,53,23,89,134,41" hai1="26,54,38,14,46,37,52,131,67,70,68,97,44" hai2="116,79,22,71,90,103,49,36,20,9,122,128,5" hai3="133,83,112,63,111,27,104,108,21,35,87,59,57"/><W101/><G112/><T66/><D117/><U11/><E131/><V55/><F36/><W86/><G35/><T127/><D134/><U129/><E129/><V62/><F128/><W77/><G133/><T1/><D41/><U135/><E135/><V4/><F116/><W61/><G87/><T121/><D121/><U25/><E97/><V124/><F122/><W88/><G77/><T40/><D40/><U73/><E14/><N who="2" m="5415" /><F124/><N who="0" m="47690" /><D69/><U29/><E11/><V48/><F71/><W99/><G59/><T30/><D76/><U16/><E16/><V58/><F5/><W91/><G91/><T8/><D53/><U17/><E17/><V132/><F132/><W19/><REACH who="3" step="1"/><G63/><REACH who="3" ten="221,291,217,231" step="2"/><T84/><D84/><U43/><E70/><V7/><F79/><W81/><G81/><T45/><D85/><U118/><E68/><V100/><F90/><W75/><G75/><T109/><D89/><U28/><E73/><V18/><F100/><W123/><G123/><T74/><D74/><U130/><E130/><V98/><F103/><W60/><G60/><T115/><D115/><U31/><E118/><V6/><F98/><W96/><G96/><T93/><D114/><U82/><E82/><V80/><F80/><W24/><G24/><T33/><D33/><U126/><E126/><V72/><F72/><W0/><G0/><T42/><D1/><U10/><E25/><N who="2" m="14487" /><F62/><W120/><G120/><T34/><D34/><U113/><E113/><V47/><F22/><W110/><G110/><T94/><D109/><U50/><E26/><V3/><F3/><W56/><G56/><T92/><D23/><RYUUKYOKU ba="1,4" sc="221,-15,291,-15,217,15,231,15" hai2="6,7,47,48,49,55,58" hai3="19,21,27,57,61,83,86,88,99,101,104,108,111" /><INIT seed="3,2,4,4,3,6" ten="206,276,232,246" oya="3" hai0="112,1,48,62,53,17,34,4,110,29,10,118,135" hai1="72,20,61,86,24,93,97,14,88,79,87,89,111" hai2="7,18,16,0,109,57,116,5,94,32,123,25,134" hai3="127,71,60,95,19,41,47,103,76,77,42,28,117"/><W54/><G117/><T114/><D110/><U59/><E111/><V66/><F109/><W80/><G127/><T69/><D135/><U115/><E115/><N who="0" m="44073" /><D118/><U56/><E72/><V38/><F116/><W8/><G28/><T11/><D29/><N who="1" m="17543" /><E79/><N who="3" m="30282" /><G71/><T98/><D34/><U121/><E121/><V131/><F38/><W125/><G80/><T130/><D130/><U105/><E105/><V74/><F74/><W85/><G125/><T2/><D98/><U52/><E59/><V78/><F78/><W40/><G103/><T39/><D39/><U13/><E97/><V104/><F104/><W129/><G129/><T119/><D119/><U63/><E63/><N who="2" m="38255" /><F32/><W126/><G126/><T26/><D26/><U55/><E55/><V9/><F123/><W83/><G83/><AGARI ba="2,4" hai="13,14,52,56,61,83,86,87,88,89,93" m="17543" machi="83" ten="30,3900,0" yaku="8,1,54,2" doraHai="6" who="1" fromWho="3" sc="206,0,276,85,232,0,246,-45" owari="206,-19.0,361,46.0,232,3.0,201,-30.0" /></mjloggm>