<mjloggm ver="2.3"><GO type="97" lobby="0"/><UN n0="%E3%82%A6%E3%83%AB%E3%83%88%E3%83%A9%E7%AB%8B%E7%9B%B4" n1="%EF%BC%AD%EF%BC%A6%E3%83%99%E3%83%83%E3%82%AB%E3%83%A0" n2="%6D%61%74%68%6C%6F%76%65" n3="%68%69%70%64%63%61%73%68" dan="14,14,13,14" rate="1958.10,1912.18,1834.99,1952.47" sx="M,F,M,M"/><TAIKYOKU oya="0"/><INIT seed="0,0,0,1,4,77" ten="250,250,250,250" oya="0" hai0="64,26,14,58,104,49,52,87,109,56,0,33,122" hai1="65,111,53,101,117,128,84,37,131,105,88,50,71" hai2="25,129,72,103,38,81,93,54,110,124,96,39,97" hai3="21,29,112,86,132,2,41,78,68,28,116,92,6"/><T121/><D0/><U108/><E37/><V32/><F129/><N who="1" m="49737" /><E117/><V13/><F124/><W82/><G116/><T70/><D109/><N who="1" m="42059" /><E65/><V74/><F110/><W46/><G68/><T94/><D70/><U99/><E71/><V9/><F32/><W61/><G112/><T126/><D104/><U4/><E4/><V34/><F34/><W85/><G132/><T1/><D1/><U16/><E50/><V30/><F30/><W27/><G61/><T18/><D126/><U55/><E16/><V10/><F25/><W43/><G41/><T35/><D64/><U127/><E127/><V102/><F10/><W114/><G114/><T69/><D69/><U75/><E75/><V79/><F74/><W7/><G6/><T125/><D125/><U19/><E19/><V5/><REACH who="2" step="1"/><F54/><REACH who="2" ten="250,250,240,250" step="2"/><W47/><G29/><T20/><D122/><U118/><E118/><V51/><F51/><W91/><G28/><T133/><D121/><U115/><E115/><V60/><F60/><W3/><G3/><T89/><D133/><U66/><E66/><V119/><F119/><W95/><G2/><T62/><D26/><U98/><E53/><V8/><F8/><W11/><G11/><T48/><D62/><U44/><E55/><AGARI ba="0,1" hai="14,18,20,33,35,48,49,52,55,56,58,87,89,94" machi="55" ten="40,12000,1" yaku="9,1,25,2,54,1" doraHai="77" who="0" fromWho="1" sc="250,130,250,-120,240,0,250,0" /><INIT seed="0,1,0,1,5,95" ten="380,130,240,250" oya="0" hai0="110,45,44,15,92,99,62,131,23,100,37,63,53" hai1="32,22,29,14,101,58,78,82,81,128,34,75,6" hai2="94,30,49,84,77,135,111,27,17,97,0,106,89" hai3="9,31,122,21,134,123,130,79,71,57,36,55,60"/><T116/><D116/><U25/><E128/><V70/><F0/><W13/><G36/><T129/><D110/><U96/><E81/><V109/><F70/><W42/><G42/><T8/><D23/><U24/><E58/><V85/><F17/><W11/><G130/><N who="0" m="49675" /><D37/><U52/><E52/><V59/><F59/><W119/><G134/><T33/><D33/><U114/><E114/><V108/><F49/><W104/><G104/><T132/><D132/><U64/><E64/><V69/><F69/><W124/><G119/><T117/><D117/><U126/><E126/><V125/><F135/><W26/><G124/><T120/><D120/><N who="3" m="46121" /><G79/><T38/><D38/><U5/><E14/><V115/><F125/><W12/><G71/><T35/><D35/><U40/><E40/><V43/><F43/><W28/><G31/><T3/><D3/><U47/><E47/><N who="0" m="17993" /><D53/><U76/><E76/><V7/><F7/><AGARI ba="1,0" hai="7,8,15,62,63,92,99,100" m="17993,49675" machi="7" ten="30,2900,0" yaku="19,1,52,1" doraHai="95" who="0" fromWho="2" sc="380,32,130,0,240,-32,250,0" /><INIT seed="0,2,0,2,1,67" ten="412,130,208,250" oya="0" hai0="99,11,108,52,116,9,37,75,10,16,63,49,129" hai1="65,51,30,76,18,111,105,23,71,40,20,81,85" hai2="15,38,126,35,107,27,130,124,8,73,31,86,96" hai3="36,29,97,88,56,74,57,60,132,80,83,92,59"/><T12/><D37/><U66/><E105/><V115/><F38/><W106/><G36/><T104/><D75/><U68/><E111/><V61/><F73/><W42/><G42/><T47/><D116/><U13/><E40/><V6/><F115/><W123/><G123/><T7/><D129/><U39/><E39/><V122/><F122/><W48/><G132/><T98/><D108/><U19/><E30/><V87/><F130/><W25/><G106/><T28/><D28/><U2/><E2/><V4/><F4/><W121/><G121/><T21/><D104/><U93/><E93/><V45/><F45/><W24/><G74/><T70/><D70/><U50/><E66/><V77/><F77/><W109/><G109/><T53/><D7/><U103/><E103/><V91/><F61/><W131/><G131/><T112/><D112/><U89/><E76/><V79/><F79/><W1/><G1/><T3/><D3/><U110/><E110/><V127/><REACH who="2" step="1"/><F91/><REACH who="2" ten="412,130,198,250" step="2"/><W64/><G60/><T72/><D72/><U22/><E22/><V0/><F0/><W134/><G88/><T82/><D63/><U125/><E125/><V5/><F5/><W95/><G48/><T43/><D53/><U55/><E51/><V33/><F33/><W119/><G119/><T69/><D43/><U14/><E65/><V58/><F58/><AGARI ba="2,1" hai="13,14,18,19,20,23,50,55,58,68,71,81,85,89" machi="58" ten="30,7700,0" yaku="7,1,9,1,52,2" doraHai="67" who="1" fromWho="2" sc="412,0,130,93,198,-83,250,0" /><INIT seed="1,0,0,5,1,66" ten="412,223,115,250" oya="1" hai0="83,109,39,91,60,100,88,59,90,101,76,97,132" hai1="53,16,126,128,114,26,112,28,57,51,46,24,22" hai2="20,52,3,123,102,11,19,127,89,67,47,18,10" hai3="32,130,56,104,107,121,120,8,98,45,85,61,50"/><U81/><E126/><V134/><F127/><W99/><G32/><T106/><D39/><U5/><E128/><V1/><F123/><W54/><G121/><T44/><D44/><U35/><E5/><V64/><F102/><W111/><G120/><T125/><D125/><U129/><E129/><V6/><F89/><W116/><G116/><T118/><D118/><U7/><E7/><V49/><F6/><W70/><G111/><T14/><D109/><U131/><E131/><V103/><F103/><W93/><G85/><T37/><D37/><U82/><REACH who="1" step="1"/><E46/><REACH who="1" ten="412,213,115,250" step="2"/><V95/><F3/><W74/><G130/><T96/><D106/><U92/><E92/><V124/><F1/><W68/><G93/><T2/><D2/><U78/><E78/><V110/><F124/><W63/><G107/><T9/><D76/><U21/><E21/><V69/><F95/><W38/><G104/><T86/><D132/><U94/><E94/><V13/><F134/><W36/><G45/><T40/><D101/><U72/><E72/><V65/><F110/><W77/><G74/><T48/><D100/><U135/><E135/><V4/><F4/><W119/><G77/><T43/><D97/><U25/><E25/><V12/><REACH who="2" step="1"/><F20/><REACH who="2" ten="412,213,105,250" step="2"/><W117/><G119/><T108/><D96/><U87/><E87/><V133/><F133/><W84/><G117/><T73/><D73/><U42/><E42/><V80/><F80/><AGARI ba="0,2" hai="16,22,24,26,28,35,51,53,57,80,81,82,112,114" machi="80" ten="40,3900,0" yaku="1,1,54,1,53,0" doraHai="66" doraHaiUra="115" who="1" fromWho="2" sc="412,0,213,59,105,-39,250,0" /><INIT seed="1,1,0,1,2,42" ten="412,272,66,250" oya="1" hai0="25,45,74,129,8,98,26,86,9,76,95,82,16" hai1="60,104,108,96,23,123,106,55,134,71,4,121,78" hai2="27,30,38,36,10,111,12,57,94,37,97,43,21" hai3="34,77,51,109,44,112,103,24,68,100,118,72,67"/><U59/><E134/><V1/><F1/><W5/><G112/><T64/><D74/><U84/><E71/><V50/><F111/><W19/><G109/><T41/><D64/><U92/><E121/><V122/><F122/><W49/><G118/><T35/><D35/><U85/><E123/><V128/><F128/><W89/><G5/><T110/><D110/><U126/><E126/><V22/><F22/><W102/><G89/><T33/><D33/><U52/><E108/><V130/><F130/><W75/><G77/><T61/><D61/><U90/><E4/><V28/><F28/><W0/><G0/><T48/><D129/><U56/><E23/><V119/><F119/><W31/><G19/><T87/><D87/><U133/><E133/><V47/><F57/><W117/><G117/><T135/><D135/><U2/><E2/><V80/><F80/><W93/><G93/><T63/><D63/><U105/><REACH who="1" step="1"/><E78/><REACH who="1" ten="412,262,66,250" step="2"/><V99/><REACH who="2" step="1"/><F94/><REACH who="2" ten="412,262,56,250" step="2"/><W29/><G68/><T20/><D26/><U32/><E32/><V65/><F65/><W132/><G67/><T46/><D8/><U7/><E7/><AGARI ba="1,2" hai="7,10,12,21,27,30,36,37,38,43,47,50,97,99" machi="7" ten="40,5200,0" yaku="1,1,52,1,53,1" doraHai="42" doraHaiUra="3" who="2" fromWho="1" sc="412,0,262,-55,56,75,250,0" /><INIT seed="2,0,0,3,4,107" ten="412,207,131,250" oya="2" hai0="121,135,0,130,134,84,118,49,42,22,132,63,39" hai1="66,19,97,82,26,55,52,40,91,38,86,57,78" hai2="89,104,67,12,50,4,102,126,96,7,92,5,116" hai3="10,80,73,28,79,53,71,120,32,64,119,36,109"/><V3/><F116/><W128/><G119/><T85/><D0/><U46/><E66/><V14/><F3/><W41/><G120/><T61/><D121/><U44/><E44/><V133/><F133/><W111/><G128/><T24/><D39/><U68/><E68/><V34/><F34/><W108/><G10/><T56/><D130/><U35/><E57/><V15/><F126/><W74/><G53/><N who="0" m="31791" /><D42/><U88/><E91/><V31/><F31/><W59/><G59/><T18/><D118/><U98/><E98/><V77/><F67/><W8/><G8/><T123/><D123/><U9/><E35/><V100/><F77/><W25/><G64/><T29/><D29/><U58/><E58/><V23/><F23/><W51/><G71/><T33/><D33/><U47/><E47/><V54/><REACH who="2" step="1"/><F104/><REACH who="2" ten="412,207,121,250" step="2"/><W81/><G79/><T99/><D63/><U43/><E43/><V117/><F117/><W69/><G69/><T94/><D61/><U131/><E131/><V65/><F65/><W1/><G1/><T70/><D70/><U112/><E112/><V6/><N who="2" m="1536" /><DORA hai="62" /><V72/><F72/><N who="3" m="27755" /><G36/><T27/><D134/><U106/><E106/><V129/><F129/><W11/><G11/><T17/><D135/><U2/><E2/><V124/><F124/><W95/><G95/><T75/><D75/><U60/><E60/><V83/><F83/><W20/><G32/><T93/><D132/><U16/><E9/><V110/><F110/><W114/><G114/><T48/><D94/><N who="1" m="56519" /><E26/><V76/><F76/><W125/><G125/><T37/><D27/><U105/><E105/><RYUUKYOKU ba="0,1" sc="412,-30,207,10,121,10,250,10" hai1="16,19,38,40,46,52,55,78,82,86" hai2="12,14,15,50,54,89,92,96,100,102" hai3="20,25,28,41,51,80,81,108,109,111" /><INIT seed="2,1,1,3,2,23" ten="382,217,131,260" oya="2" hai0="123,8,14,62,51,7,82,47,80,35,41,100,117" hai1="102,13,104,84,31,37,28,36,48,95,6,133,18" hai2="74,56,126,118,119,40,49,114,67,111,54,46,19" hai3="125,112,93,42,45,25,21,26,122,92,20,9,85"/><V17/><F74/><W89/><G122/><T98/><D35/><U135/><E104/><V106/><F106/><W64/><G64/><T10/><D123/><U12/><E102/><V58/><F17/><W4/><G112/><T79/><D117/><N who="2" m="44554" /><F19/><W65/><G65/><T43/><D62/><U1/><E95/><V128/><F114/><W105/><G105/><T11/><D43/><U87/><E6/><V94/><F94/><W15/><G125/><T127/><D127/><U30/><E18/><V113/><F113/><W22/><REACH who="3" step="1"/><G93/><REACH who="3" ten="382,217,131,250" step="2"/><T99/><D82/><U121/><E121/><V0/><F126/><W5/><G5/><T132/><D132/><U71/><E71/><V134/><F134/><W50/><AGARI ba="1,2" hai="4,9,15,20,21,22,25,26,42,45,50,85,89,92" machi="50" ten="30,8000,1" yaku="1,1,0,1,8,1,52,2,53,0" doraHai="23" doraHaiUra="66" who="3" fromWho="3" sc="382,-21,217,-21,131,-41,250,103" /><INIT seed="3,0,0,2,2,97" ten="361,196,90,353" oya="3" hai0="95,106,40,112,124,100,12,111,93,7,57,134,0" hai1="107,108,29,123,87,21,44,64,94,51,128,101,17" hai2="65,77,84,2,72,133,130,71,52,98,32,127,20" hai3="115,78,25,109,8,43,26,37,103,110,35,36,79"/><W39/><G115/><T60/><D0/><U70/><E123/><V9/><F133/><W53/><G43/><T119/><D119/><U58/><E70/><V75/><F130/><W67/><G67/><N who="0" m="39311" /><D106/><U105/><E108/><N who="3" m="41578" /><G35/><T14/><D111/><U68/><E68/><V117/><F127/><W69/><G69/><T81/><D124/><U31/><E128/><V49/><F117/><W10/><G53/><T33/><D33/><U19/><E107/><V4/><F32/><W90/><G90/><T34/><D34/><U62/><E105/><V41/><F41/><W47/><G47/><T129/><D134/><U74/><E74/><V104/><F71/><W76/><G103/><T120/><D120/><U132/><E132/><V102/><F65/><W96/><G96/><N who="0" m="59407" /><D129/><U38/><E38/><V99/><F99/><W121/><G121/><T82/><D112/><U126/><E126/><V48/><F48/><W135/><G135/><T113/><D113/><U114/><E114/><V131/><F131/><W50/><G50/><T59/><D40/><U1/><E1/><V122/><F122/><W23/><G23/><T13/><D59/><U88/><E29/><V18/><F77/><W11/><AGARI ba="0,0" hai="8,10,11,25,26,36,37,39,76,78,79" m="41578" machi="11" ten="50,18000,2" yaku="29,2,28,2,14,1,10,1" doraHai="97" who="3" fromWho="3" sc="361,-60,196,-60,90,-60,353,180" owari="301,10.0,136,-26.0,30,-47.0,533,63.0" /></mjloggm>