<mjloggm ver="2.3"><GO type="169" lobby="0"/><UN n0="%74%63%61%30%30" n1="%E3%82%A6%E3%83%AB%E3%83%88%E3%83%A9%E7%AB%8B%E7%9B%B4" n2="%66%72%65%65%7A%65%37" n3="%E3%81%97%E3%81%8A%E3%82%84%E3%81%A0%E3%82%93" dan="17,17,16,17" rate="2162.32,2156.34,2119.08,2129.48" sx="M,M,M,F"/><TAIKYOKU oya="0"/><INIT seed="0,0,0,3,2,86" ten="250,250,250,250" oya="0" hai0="51,12,25,83,96,116,64,124,3,121,11,59,16" hai1="6,117,9,21,14,23,114,123,26,10,108,95,78" hai2="126,79,101,120,73,40,127,22,54,24,93,41,132" hai3="104,42,15,60,128,110,94,76,134,84,77,58,66"/><T48/><D121/><U30/><E117/><V37/><F120/><W69/><G104/><T0/><D116/><U38/><E38/><V118/><F118/><W135/><G110/><T67/><D124/><N who="2" m="47658" /><F132/><N who="3" m="50731" /><G128/><T49/><D25/><U52/><E108/><V2/><F2/><W87/><G42/><T68/><D68/><U8/><E114/><V65/><F65/><W81/><G15/><T53/><D0/><U122/><E78/><V71/><F71/><W90/><G69/><T46/><D3/><U27/><E95/><V4/><F4/><W100/><G100/><T99/><D83/><U125/><E52/><V1/><F1/><W32/><G32/><T62/><D46/><U82/><E82/><N who="2" m="45423" /><F54/><W7/><G7/><T5/><D5/><U39/><E125/><V130/><F37/><W85/><G77/><T17/><D17/><U98/><E39/><V74/><F74/><AGARI ba="0,0" hai="58,60,66,74,76,81,84,85,87,90,94" m="50731" machi="74" ten="30,2000,0" yaku="20,1,52,1" doraHai="86" who="3" fromWho="2" sc="250,0,250,0,250,-20,250,20" /><INIT seed="1,0,0,1,4,14" ten="250,250,230,270" oya="1" hai0="108,70,118,13,3,26,19,75,135,43,48,131,46" hai1="41,59,130,58,57,109,27,15,101,30,74,132,9" hai2="2,93,20,49,111,83,113,50,56,5,115,72,69" hai3="24,54,36,82,96,134,102,84,21,77,44,89,76"/><U55/><E74/><V42/><F69/><W114/><G134/><T126/><D3/><U53/><E132/><V18/><F111/><W129/><G129/><T0/><D0/><U68/><E68/><V28/><F28/><W90/><G114/><N who="2" m="43529" /><F93/><N who="3" m="58639" /><G36/><T122/><D118/><U45/><E130/><V87/><F72/><W79/><G89/><T110/><D75/><U66/><E101/><V32/><F32/><W81/><G54/><T33/><D70/><U25/><E66/><V117/><F117/><W99/><G99/><T106/><D106/><U103/><E103/><V11/><F56/><W94/><G44/><T73/><D73/><U91/><E91/><N who="2" m="51711" /><F42/><W71/><G71/><T47/><D135/><U98/><E98/><V105/><F105/><W123/><G123/><T8/><D131/><U12/><E109/><N who="0" m="42089" /><D47/><U60/><E59/><V67/><F67/><W116/><G116/><T124/><D122/><U88/><E30/><AGARI ba="0,0" hai="21,24,30,76,77,79,81,82,84,90,94" m="58639" machi="30" ten="30,1000,0" yaku="8,1" doraHai="14" who="3" fromWho="1" sc="250,0,250,-10,230,0,270,10" /><AGARI ba="0,0" hai="8,13,19,26,30,33,43,46,48,124,126" m="42089" machi="30" ten="30,2000,0" yaku="14,1,52,1" doraHai="14" who="0" fromWho="1" sc="250,20,240,-20,230,0,280,0" /><INIT seed="2,0,0,3,1,26" ten="270,220,230,280" oya="2" hai0="70,12,97,69,21,76,92,67,93,45,131,99,115" hai1="3,71,31,125,79,5,106,94,95,128,98,119,127" hai2="117,17,54,124,2,51,90,123,116,120,68,15,20" hai3="58,57,81,109,72,24,113,53,110,65,105,44,43"/><V29/><F68/><W74/><G105/><T135/><D115/><U34/><E71/><V100/><F100/><W111/><G113/><T85/><D135/><U89/><E119/><V39/><F39/><N who="3" m="21631" /><G81/><T87/><D131/><U52/><E79/><V33/><F90/><W88/><G88/><T114/><D114/><U47/><E5/><V14/><F54/><W36/><G36/><T130/><D130/><U55/><E3/><V91/><F51/><N who="3" m="30911" /><G24/><T66/><D45/><U61/><E128/><V126/><F91/><W132/><G132/><T19/><D76/><U103/><E47/><V59/><F59/><W40/><G40/><T23/><D12/><U8/><E106/><V13/><F2/><W37/><G37/><T80/><D19/><U112/><E112/><V50/><F50/><W86/><G86/><T10/><D10/><U48/><E8/><V1/><F1/><W49/><G49/><T101/><D101/><U122/><E89/><V78/><F78/><W62/><AGARI ba="0,0" hai="58,62,65,72,74,109,110,111" m="30911,21631" machi="62" ten="40,1500,0" yaku="14,1" doraHai="26" who="3" fromWho="3" sc="270,-4,220,-4,230,-7,280,15" /><INIT seed="3,0,0,2,3,4" ten="266,216,223,295" oya="3" hai0="35,106,127,17,39,53,88,133,14,6,33,101,104" hai1="10,1,28,19,30,18,38,48,125,109,118,134,120" hai2="80,115,43,67,87,8,112,63,9,105,34,116,66" hai3="95,78,32,57,103,47,128,37,25,77,65,85,73"/><W129/><G73/><T56/><D39/><U81/><E38/><V86/><F116/><W36/><G32/><T93/><D127/><U41/><E120/><V16/><F105/><W20/><G47/><T15/><D133/><U69/><E69/><V114/><F34/><W27/><G27/><T124/><D124/><U11/><E125/><V70/><F43/><W96/><G37/><T31/><D31/><N who="1" m="11819" /><E1/><V12/><F67/><W108/><G36/><T58/><D58/><U76/><E134/><V130/><F130/><N who="3" m="50283" /><G108/><T72/><D72/><U94/><E109/><V68/><F68/><W13/><G85/><T71/><D71/><U135/><E135/><V126/><F126/><W59/><G25/><T74/><D74/><U51/><E94/><V24/><F24/><W50/><G65/><T26/><D104/><U89/><E76/><N who="3" m="29290" /><G50/><N who="1" m="18986" /><E118/><V23/><REACH who="2" step="1"/><F87/><REACH who="2" ten="266,216,213,295" step="2"/><W29/><G29/><T21/><D33/><U2/><E41/><V0/><F0/><W54/><G54/><T79/><D35/><U84/><E2/><V132/><F132/><W100/><G59/><T131/><D56/><U102/><E102/><V83/><F83/><W91/><G57/><T7/><D101/><U92/><E81/><V123/><F123/><W98/><G98/><N who="0" m="57639" /><D53/><U22/><E22/><V64/><F64/><W45/><G45/><T44/><D44/><U55/><E55/><V60/><F60/><W113/><G100/><T49/><D131/><U90/><E90/><AGARI ba="0,1" hai="8,9,12,16,23,63,66,70,80,86,90,112,114,115" machi="90" ten="40,8000,1" yaku="1,1,52,2,54,1,53,0" doraHai="4" doraHaiUra="117" who="2" fromWho="1" sc="266,0,216,-80,213,90,295,0" /><INIT seed="4,0,0,3,5,56" ten="266,136,303,295" oya="0" hai0="58,59,119,79,135,38,128,108,98,112,9,31,55" hai1="22,57,17,50,10,1,68,100,80,102,25,71,67" hai2="27,122,94,11,32,127,61,83,13,41,132,48,65" hai3="52,3,107,97,81,7,78,126,53,117,123,49,75"/><T89/><D119/><U28/><E71/><V74/><F122/><W113/><G117/><T129/><D38/><U21/><E68/><V15/><F127/><W39/><G123/><T70/><D70/><U66/><E66/><V35/><F132/><W34/><G34/><T12/><D135/><U91/><E1/><V62/><F94/><W64/><G126/><T29/><D79/><U86/><E10/><V93/><F93/><W63/><G39/><T16/><D108/><U14/><REACH who="1" step="1"/><E50/><REACH who="1" ten="266,126,303,295" step="2"/><V45/><F65/><W60/><G64/><T51/><D128/><U6/><E6/><V92/><F11/><W133/><G133/><T103/><D129/><U36/><E36/><V40/><F48/><W0/><G7/><T116/><D116/><U85/><E85/><V72/><F74/><W114/><G0/><T130/><D130/><U131/><E131/><V104/><F72/><W42/><G3/><T43/><D9/><U90/><E90/><V84/><F84/><W23/><G75/><T125/><D89/><U8/><E8/><V110/><F110/><W109/><G49/><T2/><D51/><U73/><E73/><V124/><F124/><W118/><G109/><T19/><D125/><U33/><E33/><V82/><F35/><W95/><G118/><T44/><D2/><U69/><E69/><V47/><F32/><W24/><G78/><T134/><D134/><U54/><E54/><V46/><F40/><W5/><G52/><T77/><D55/><U20/><E20/><V88/><F41/><W4/><G53/><T106/><D43/><U120/><E120/><RYUUKYOKU ba="0,1" sc="266,-10,126,30,303,-10,295,-10" hai1="14,17,21,22,25,28,57,67,80,86,91,100,102" /><INIT seed="5,1,1,1,0,115" ten="256,156,293,285" oya="1" hai0="51,19,96,132,46,52,30,66,103,34,124,25,15" hai1="54,35,39,38,58,43,22,5,55,126,65,41,84" hai2="83,67,36,127,130,86,131,69,50,28,89,37,47" hai3="63,97,85,128,33,117,77,11,21,116,106,27,87"/><U29/><E35/><V64/><F28/><W61/><G33/><T114/><D114/><U53/><E5/><V125/><F89/><W71/><G128/><N who="2" m="49193" /><F83/><N who="3" m="47343" /><G71/><T13/><D124/><N who="2" m="47690" /><F86/><W102/><G11/><T1/><D132/><U95/><E126/><V133/><F133/><W105/><G105/><T6/><D66/><N who="2" m="25130" /><F69/><W7/><G87/><T14/><D6/><U10/><E10/><V26/><F26/><W82/><G82/><T107/><REACH who="0" step="1"/><D1/><REACH who="0" ten="246,156,293,285" step="2"/><U16/><E29/><V62/><F62/><W18/><G7/><T109/><D109/><U73/><E73/><V76/><F76/><W79/><G79/><T57/><D57/><U100/><E58/><V78/><F78/><W40/><G61/><T32/><D32/><U135/><E135/><V91/><F91/><W17/><G63/><T23/><AGARI ba="1,2" hai="13,14,15,19,23,25,30,34,46,51,52,96,103,107" machi="23" ten="20,5200,0" yaku="1,1,0,1,7,1,54,1,53,0" doraHai="115" doraHaiUra="88" who="0" fromWho="0" sc="246,75,156,-27,293,-14,285,-14" /><INIT seed="6,0,0,3,1,99" ten="321,129,279,271" oya="2" hai0="131,85,2,60,59,122,95,116,45,121,24,105,97" hai1="115,46,39,14,18,17,84,11,13,82,81,44,50" hai2="67,108,118,12,72,63,54,107,22,112,117,102,92" hai3="76,100,43,88,64,4,87,106,48,104,90,93,96"/><V126/><F72/><W124/><G124/><T47/><D2/><U109/><E115/><V66/><F126/><W68/><G4/><T55/><D131/><U91/><E109/><V75/><F75/><W123/><G123/><T30/><D116/><U19/><E39/><V111/><F112/><W61/><G76/><T86/><D105/><U41/><E46/><V70/><F107/><W16/><G43/><T78/><D121/><U25/><E25/><V1/><F1/><W94/><G48/><T58/><D59/><U36/><E36/><V110/><F67/><W15/><G90/><T6/><D6/><U10/><E82/><V62/><F62/><W134/><G134/><T40/><D122/><U26/><E26/><V57/><F22/><AGARI ba="0,0" hai="15,16,22,61,64,68,87,88,93,94,96,100,104,106" machi="22" ten="30,7700,0" yaku="7,1,52,1,54,2" doraHai="99" who="3" fromWho="2" sc="321,0,129,0,279,-77,271,77" /><INIT seed="7,0,0,3,0,135" ten="321,129,202,348" oya="3" hai0="67,42,98,111,134,35,59,117,68,51,34,76,43" hai1="56,86,122,90,102,129,10,47,127,46,115,3,33" hai2="79,94,63,87,114,85,37,78,50,104,69,61,11" hai3="73,25,81,57,133,19,2,83,72,28,26,100,101"/><W92/><G2/><T14/><D117/><U66/><E33/><V20/><F114/><W108/><G133/><T121/><D111/><U13/><E122/><V116/><F11/><W105/><G105/><T48/><D134/><U62/><E3/><V31/><F94/><W80/><G108/><T107/><D121/><U24/><E115/><V27/><F50/><W45/><G45/><T96/><D76/><U132/><E132/><V5/><F87/><W65/><G73/><T82/><D82/><U40/><E129/><V8/><F20/><N who="3" m="15431" /><G72/><T21/><D68/><U60/><E102/><N who="3" m="39530" /><G92/><T99/><D107/><U91/><E24/><V12/><F79/><W70/><G70/><T23/><D14/><U74/><E74/><V64/><F64/><W120/><G120/><T58/><D98/><U6/><E62/><V118/><F31/><W15/><G25/><T32/><D32/><U119/><E119/><V126/><F5/><W84/><G57/><T30/><D30/><U109/><E109/><V95/><F63/><W4/><G4/><T17/><D17/><U36/><E47/><V44/><F44/><W97/><G97/><T18/><D18/><U39/><E39/><V22/><F37/><W125/><G65/><AGARI ba="0,0" hai="21,23,34,35,42,43,48,51,58,59,65,67,96,99" machi="65" ten="25,1600,0" yaku="22,2" doraHai="135" who="0" fromWho="3" sc="321,16,129,0,202,0,348,-16" owari="337,44.0,129,-37.0,202,-20.0,332,13.0" /></mjloggm>