<mjloggm ver="2.3"><GO type="97" lobby="0"/><UN n0="%E2%98%85%6D%69%79%61%E2%98%85" n1="%E3%83%95%E3%82%A9%E3%83%AC%E3%82%B9%E3%82%BF%E3%83%BC" n2="%E3%82%A6%E3%83%AB%E3%83%88%E3%83%A9%E7%AB%8B%E7%9B%B4" n3="%E9%9D%92%E5%90%9B" dan="15,13,14,13" rate="2068.73,1963.71,1954.06,1889.85" sx="M,M,M,M"/><TAIKYOKU oya="0"/><INIT seed="0,0,0,3,5,3" ten="250,250,250,250" oya="0" hai0="123,124,127,107,92,33,86,61,75,67,36,41,53" hai1="78,2,69,95,104,18,134,63,51,7,111,62,30" hai2="60,126,46,116,43,132,23,58,109,24,55,28,99" hai3="118,74,97,0,57,121,49,22,93,130,21,106,45"/><T56/><D33/><U88/><E104/><V85/><F109/><W82/><G118/><T110/><D107/><U10/><E30/><V6/><F126/><W39/><G106/><T27/><D75/><U122/><E122/><V35/><F132/><W42/><G121/><T72/><D72/><U54/><E111/><V68/><F116/><W96/><G130/><T29/><D123/><U87/><E134/><V66/><F35/><W20/><G0/><T71/><D110/><U101/><E101/><V115/><F115/><W70/><G70/><T94/><D27/><U37/><E37/><V5/><F99/><W117/><G117/><T11/><D29/><U91/><E78/><V100/><F100/><W44/><G57/><T103/><D11/><U15/><E91/><V13/><F13/><W65/><G65/><T12/><D12/><U16/><E69/><V4/><F85/><W32/><G32/><T114/><D114/><U108/><E108/><V120/><F120/><W119/><G119/><T112/><D112/><U98/><E98/><V40/><REACH who="2" step="1"/><F46/><REACH who="2" ten="250,250,240,250" step="2"/><W25/><G96/><T131/><D103/><U59/><REACH who="1" step="1"/><E18/><REACH who="1" ten="250,240,240,250" step="2"/><V19/><F19/><W81/><G97/><T50/><D127/><U34/><E34/><V9/><F9/><AGARI ba="0,2" hai="2,7,9,10,15,16,51,54,59,62,63,87,88,95" machi="9" ten="30,12000,2" yaku="1,1,7,1,52,1,54,2,53,1" doraHai="3" doraHaiUra="52" who="1" fromWho="2" sc="250,0,240,140,240,-120,250,0" /><INIT seed="1,0,0,4,5,56" ten="250,380,120,250" oya="1" hai0="114,70,38,11,94,66,2,85,92,95,68,80,45" hai1="27,31,98,129,133,16,12,29,35,34,128,19,32" hai2="67,103,118,108,18,41,123,61,44,26,52,53,90" hai3="126,97,102,46,72,86,79,96,4,65,37,54,60"/><U99/><E133/><V77/><F118/><W23/><G72/><T24/><D114/><U109/><E99/><V7/><F123/><W9/><G126/><T33/><D66/><U3/><E98/><V57/><F108/><W71/><G23/><T51/><D38/><U130/><E109/><V134/><F134/><W6/><G102/><T40/><D33/><U74/><E74/><V15/><F103/><W116/><G116/><T17/><D24/><U14/><E3/><V73/><F77/><W50/><G37/><T113/><D113/><U88/><E88/><V76/><F76/><W104/><G104/><T28/><D28/><N who="1" m="10827" /><E27/><V13/><F73/><W21/><G21/><T78/><D2/><U1/><E1/><V42/><F26/><W127/><G127/><T89/><D68/><U43/><E43/><V107/><F107/><W93/><G93/><T101/><D70/><U132/><E132/><V135/><F135/><W87/><G6/><T62/><D101/><U111/><E111/><V39/><F42/><W22/><G22/><T124/><D124/><U36/><E36/><V64/><F7/><W125/><G125/><T30/><D30/><U58/><E58/><V100/><F100/><W117/><G117/><T122/><D122/><U115/><E115/><V55/><F90/><W82/><G87/><T120/><D89/><U5/><E5/><V25/><F25/><W69/><G69/><T83/><D120/><U75/><E75/><V112/><F112/><W110/><G110/><T91/><D91/><U49/><E49/><V105/><F105/><W106/><G106/><RYUUKYOKU ba="0,0" sc="250,-15,380,15,120,-15,250,15" hai1="12,14,16,19,32,34,35,128,129,130" hai3="4,9,46,50,54,60,65,71,79,82,86,96,97" /><INIT seed="1,1,0,0,0,1" ten="235,395,105,265" oya="1" hai0="9,96,65,40,63,29,86,88,90,22,125,127,13" hai1="92,122,75,100,64,12,62,18,46,71,87,3,110" hai2="128,52,121,95,47,33,55,129,38,80,27,32,126" hai3="98,36,84,56,30,31,130,19,26,94,91,15,131"/><U120/><E75/><V11/><F121/><W111/><G36/><T99/><D40/><U116/><E116/><V7/><F95/><W105/><G111/><T44/><D44/><U81/><E3/><V23/><F80/><W85/><G56/><T8/><D22/><U68/><E68/><V67/><F67/><W104/><G105/><T21/><D21/><U97/><E46/><V39/><F126/><N who="0" m="48138" /><D29/><U134/><E134/><V50/><F55/><W53/><G53/><T61/><D8/><U60/><E60/><N who="0" m="23113" /><D65/><U0/><E0/><V114/><F114/><W54/><G54/><T112/><D112/><U34/><E34/><V113/><F113/><W45/><G45/><T10/><D10/><U35/><E35/><V79/><F32/><W49/><G49/><T83/><D90/><U101/><E101/><V78/><F33/><W48/><G48/><T42/><D42/><U28/><E28/><V5/><F39/><W119/><G30/><T118/><D118/><U57/><E57/><V24/><F38/><W59/><G119/><T123/><D123/><U77/><E110/><V6/><F11/><AGARI ba="1,0" hai="11,12,18,62,64,71,77,81,87,92,97,100,120,122" machi="11" ten="30,1500,0" yaku="7,1" doraHai="1" who="1" fromWho="2" sc="235,0,395,18,105,-18,265,0" /><INIT seed="1,2,0,0,5,91" ten="235,413,87,265" oya="1" hai0="16,132,12,110,42,51,57,119,15,121,73,129,133" hai1="69,86,122,79,80,0,49,41,109,90,11,98,131" hai2="89,114,63,117,116,36,60,78,38,76,33,43,81" hai3="83,53,46,72,31,35,62,123,100,24,54,44,85"/><U22/><E122/><V68/><F81/><W105/><G123/><T48/><D73/><U45/><E109/><V27/><F27/><W113/><G72/><T7/><D121/><U75/><E131/><V9/><F9/><W55/><G113/><T18/><D7/><U95/><E69/><V47/><F68/><W59/><G100/><T111/><D119/><U96/><E22/><V13/><F13/><N who="0" m="5194" /><D57/><U104/><E104/><V88/><F47/><W1/><G105/><T32/><D32/><U67/><E67/><V102/><F102/><W112/><G1/><T56/><D56/><U92/><E0/><V23/><F23/><W29/><G29/><T28/><D28/><U94/><E11/><V97/><F97/><W17/><G17/><N who="0" m="6763" /><D42/><U2/><E2/><V58/><F58/><W52/><REACH who="3" step="1"/><G112/><REACH who="3" ten="235,413,87,255" step="2"/><T50/><D129/><U6/><E75/><V65/><F114/><W14/><G14/><T107/><D107/><U25/><E6/><V34/><REACH who="2" step="1"/><F43/><REACH who="2" ten="235,413,77,255" step="2"/><W19/><G19/><T26/><D26/><U20/><E25/><V126/><F126/><W99/><G99/><T4/><D4/><U108/><E98/><V66/><AGARI ba="2,2" hai="33,34,36,38,60,63,65,66,76,78,88,89,116,117" machi="66" ten="25,8000,1" yaku="1,1,0,1,22,2,54,1,53,0" doraHai="91" doraHaiUra="106" who="2" fromWho="2" sc="235,-22,413,-42,77,106,255,-22" /><INIT seed="2,0,0,2,5,22" ten="213,371,183,233" oya="2" hai0="45,81,110,46,21,117,118,33,83,17,92,26,82" hai1="49,108,66,27,48,16,91,41,102,63,122,10,51" hai2="131,106,3,124,38,50,104,100,29,23,11,19,39" hai3="134,129,31,88,2,99,28,43,36,62,57,37,101"/><V130/><F100/><W133/><G2/><T97/><D33/><U30/><E108/><V78/><F78/><W113/><G129/><N who="2" m="49161" /><F50/><W87/><G113/><T73/><D73/><U47/><E122/><V86/><F86/><W20/><G43/><T58/><D58/><N who="1" m="37239" /><E102/><V85/><F85/><W109/><G109/><T7/><D7/><U76/><E76/><V126/><F29/><W80/><G37/><N who="2" m="13833" /><F11/><W9/><G9/><T65/><D65/><U42/><E91/><V105/><F3/><W52/><G36/><T56/><D56/><U40/><E30/><V64/><F64/><W127/><G127/><N who="2" m="48681" /><F105/><W55/><G55/><T75/><D75/><U71/><E10/><V6/><F6/><W125/><G125/><T53/><D110/><U54/><E71/><V59/><F59/><W15/><G31/><T95/><D53/><U67/><E67/><V18/><F18/><W77/><G77/><T34/><D17/><U115/><E115/><V12/><AGARI ba="0,0" hai="12,19,23,104,106" m="48681,13833,49161" machi="12" ten="40,3900,0" yaku="19,1,18,1" doraHai="22" who="2" fromWho="2" sc="213,-13,371,-13,183,39,233,-13" /><INIT seed="2,1,0,2,2,15" ten="200,358,222,220" oya="2" hai0="47,13,112,21,123,119,87,6,95,88,54,5,40" hai1="10,43,0,82,120,78,19,8,33,49,110,77,100" hai2="85,39,105,73,45,44,101,76,24,38,64,118,51" hai3="53,25,109,106,99,63,126,61,93,72,115,81,97"/><V17/><F73/><W98/><G109/><T1/><D112/><U79/><E33/><V32/><F118/><W96/><G115/><T50/><D123/><U36/><E36/><V3/><F3/><W27/><G126/><T125/><D125/><U46/><E110/><V55/><F64/><W58/><G106/><T83/><D1/><U74/><E120/><V127/><F127/><W42/><G42/><T7/><D119/><U18/><E100/><V128/><F128/><W108/><G108/><T41/><D83/><U91/><E0/><V52/><F101/><W4/><G4/><T121/><D121/><U60/><E74/><V11/><F105/><W14/><G14/><T67/><D67/><U90/><E60/><V103/><F103/><W75/><G63/><T124/><D124/><U37/><E37/><V102/><F102/><W2/><G2/><T114/><D114/><U56/><E56/><V135/><F135/><W31/><G81/><T132/><D132/><U70/><E70/><V134/><F134/><W34/><REACH who="3" step="1"/><G27/><REACH who="3" ten="200,358,222,210" step="2"/><T84/><D13/><N who="1" m="7463" /><E82/><V57/><F39/><W92/><G92/><T16/><D40/><U28/><E43/><V80/><F38/><W104/><G104/><T113/><D41/><U62/><E62/><N who="2" m="36135" /><F32/><W116/><G116/><T107/><D107/><U26/><E26/><V59/><F24/><W35/><G35/><T29/><D113/><U68/><E78/><V30/><F30/><W94/><G94/><T131/><D29/><U20/><E28/><V23/><F23/><W71/><G71/><T48/><D5/><U122/><E122/><RYUUKYOKU ba="1,1" sc="200,-15,358,-15,222,15,210,15" hai2="11,17,44,45,51,55,59,76,80,85" hai3="25,31,34,53,58,61,72,75,93,96,97,98,99" /><INIT seed="2,2,1,4,2,85" ten="185,343,237,225" oya="2" hai0="11,26,115,14,18,92,94,31,35,84,99,79,37" hai1="128,7,59,23,39,22,41,30,38,6,118,65,21" hai2="2,77,127,123,44,69,29,53,70,126,106,73,109" hai3="66,20,4,25,50,124,113,121,58,78,55,130,87"/><V96/><F2/><W42/><G121/><T33/><D37/><U74/><E118/><V9/><F123/><W48/><G130/><T95/><D115/><U135/><E74/><V81/><F109/><W15/><G113/><T93/><D79/><U64/><E30/><V49/><F29/><W40/><G124/><N who="2" m="47657" /><F9/><N who="3" m="4519" /><G66/><T98/><D99/><U86/><E128/><V28/><F28/><N who="3" m="17447" /><G50/><T1/><D1/><U102/><E102/><AGARI ba="2,1" hai="44,49,53,69,70,73,77,81,96,102,106" m="47657" machi="102" ten="30,1500,0" yaku="18,1" doraHai="85" who="2" fromWho="1" sc="185,0,343,-21,237,31,225,0" /><INIT seed="2,3,0,0,0,73" ten="185,322,268,225" oya="2" hai0="47,119,53,64,49,56,60,41,44,66,37,67,100" hai1="81,63,82,51,24,76,34,23,38,123,78,93,40" hai2="8,70,69,42,128,85,134,125,109,39,65,7,117" hai3="118,32,102,127,28,74,111,133,96,11,77,105,0"/><V14/><F117/><W113/><G118/><T110/><D100/><U107/><E107/><V59/><F125/><W33/><G127/><T84/><D119/><U12/><E38/><V88/><F128/><W1/><G111/><T130/><D84/><U3/><E3/><N who="3" m="1098" /><G11/><T79/><D79/><N who="1" m="30251" /><E34/><N who="3" m="13418" /><G28/><T18/><D18/><N who="1" m="10695" /><E24/><V58/><F134/><W4/><G4/><T131/><D110/><U55/><E123/><V86/><F109/><W16/><G16/><T104/><D104/><U87/><E40/><AGARI ba="3,0" hai="37,40,41,44,47,49,53,56,60,64,66,67,130,131" machi="40" ten="40,5200,0" yaku="34,3" doraHai="73" who="0" fromWho="1" sc="185,61,322,-61,268,0,225,0" /><INIT seed="3,0,0,1,4,123" ten="246,261,268,225" oya="3" hai0="60,53,67,120,4,27,63,22,49,85,26,24,74" hai1="95,52,127,113,107,17,122,132,81,6,104,102,69" hai2="50,100,48,59,75,29,66,134,99,110,94,55,40" hai3="37,42,36,87,125,23,3,56,45,8,77,35,108"/><W112/><G112/><T135/><D74/><U126/><E69/><V72/><F134/><W31/><G35/><T115/><D120/><U32/><E32/><V103/><F110/><W128/><G128/><T91/><D115/><U25/><E6/><V70/><F29/><W80/><G125/><N who="1" m="47626" /><E122/><V71/><F103/><W62/><G108/><T13/><D67/><U96/><E113/><V5/><F5/><W58/><G56/><N who="0" m="32815" /><D135/><U89/><E132/><V12/><F12/><W33/><G33/><T15/><D15/><U78/><E52/><V117/><F117/><W118/><G118/><T61/><D4/><U51/><E51/><V30/><F30/><W98/><G8/><T9/><D9/><U79/><E17/><V97/><F66/><W111/><G111/><T106/><D106/><N who="1" m="40491" /><E25/><V34/><F34/><W88/><G3/><T47/><D47/><U1/><E1/><V2/><F2/><W83/><G98/><T65/><D65/><U18/><E18/><V0/><F0/><W93/><G83/><N who="0" m="49599" /><D13/><U90/><E79/><V129/><F70/><W133/><G133/><T39/><D39/><U10/><E10/><V131/><F71/><W46/><G37/><T11/><D11/><U19/><E19/><AGARI ba="0,0" hai="19,22,24,26,27,60,61,63" m="49599,32815" machi="19" ten="30,1000,0" yaku="8,1" doraHai="123" who="0" fromWho="1" sc="246,10,261,-10,268,0,225,0" /><INIT seed="4,0,0,4,2,71" ten="256,251,268,225" oya="0" hai0="57,2,12,53,122,11,9,73,61,5,70,18,97" hai1="85,78,129,92,30,123,68,79,56,7,62,10,111" hai2="117,130,108,72,89,19,94,96,41,46,35,20,17" hai3="99,32,54,90,37,109,131,76,114,101,110,120,125"/><T16/><D73/><U14/><E123/><V3/><F3/><W116/><G116/><T22/><D122/><U25/><E68/><V49/><F35/><W84/><G120/><T113/><D113/><U27/><E111/><V45/><F72/><W58/><G32/><T23/><D70/><U39/><E129/><V55/><F108/><W48/><G114/><T65/><D65/><U124/><E124/><V69/><F69/><W26/><G125/><T67/><D67/><U36/><E79/><V95/><F130/><W107/><G131/><T133/><D133/><U132/><E132/><V28/><F117/><W126/><G126/><T40/><D40/><U60/><E60/><V112/><F112/><W118/><G118/><T81/><D81/><U128/><E128/><V135/><F135/><W121/><G121/><T8/><REACH who="0" step="1"/><D97/><REACH who="0" ten="246,251,268,225" step="2"/><U93/><E93/><V63/><F95/><W47/><G109/><T6/><D6/><U21/><E92/><V134/><F134/><W119/><G110/><T102/><D102/><U38/><E27/><AGARI ba="0,1" hai="2,5,8,9,11,12,16,18,22,23,27,53,57,61" machi="27" ten="30,5800,0" yaku="1,1,7,1,54,1,53,0" doraHai="71" doraHaiUra="80" who="0" fromWho="1" sc="246,68,251,-58,268,0,225,0" owari="314,41.0,193,-31.0,268,7.0,225,-17.0" /></mjloggm>