<mjloggm ver="2.3"><GO type="193" lobby="0"/><UN n0="%E9%9B%BB%E8%84%B3%E7%97%87%E5%B0%91%E5%A5%B3" n1="%E5%B0%B1%E6%B4%BB%E7%94%9F%40%E5%B7%9D%E6%9D%91%E8%BB%8D%E5%9B%A3" n2="%E8%B0%B7%E5%8F%A3%E5%93%B2%EF%BC%A0%E5%B7%9D%E6%9D%91%E8%BB%8D%E5%9B%A3" n3="%E3%81%B2%E3%81%92%E3%81%9D%E3%82%8A" dan="12,12,10,11" rate="1720.27,1760.61,1905.44,1755.68" sx="M,M,M,M"/><TAIKYOKU oya="0"/><INIT seed="0,0,0,4,1,115" ten="250,250,250,250" oya="0" hai0="110,11,48,129,61,83,9,65,97,30,29,81,93" hai1="113,13,126,134,58,17,88,8,6,38,1,86,52" hai2="118,103,105,40,101,4,46,59,41,2,10,75,135" hai3="106,127,120,91,98,74,5,12,0,99,63,122,96"/><T68/><D129/><U21/><E113/><V76/><F135/><W42/><G74/><T19/><D110/><U22/><E134/><V27/><F27/><W71/><G0/><T39/><D39/><U102/><E126/><V16/><F16/><W3/><G3/><T67/><D48/><U112/><E38/><N who="2" m="21783" /><F59/><W64/><G127/><T133/><D133/><U45/><E112/><V37/><F105/><W62/><G62/><T53/><D53/><U34/><E102/><V85/><F85/><W130/><G130/><T95/><D19/><U7/><E45/><N who="2" m="23727" /><F103/><W109/><G106/><T55/><D55/><U89/><E34/><V100/><F100/><W77/><G109/><T80/><D67/><U43/><E43/><V69/><F101/><W35/><G42/><T123/><D123/><U66/><E66/><V104/><F104/><W56/><G35/><T51/><D51/><N who="1" m="31007" /><E1/><V121/><F121/><W94/><G56/><T72/><D72/><U87/><E21/><V124/><F124/><W24/><G24/><T14/><D14/><N who="1" m="9527" /><E6/><V18/><F18/><W32/><G32/><T117/><D117/><U25/><E25/><V119/><F69/><W36/><G122/><T128/><D128/><U15/><E15/><V20/><F20/><W49/><G120/><T60/><D60/><U114/><E114/><V50/><F50/><W131/><G131/><T26/><D26/><U90/><AGARI ba="0,0" hai="7,8,13,86,87,88,89,90" m="9527,31007" machi="90" ten="30,4000,0" yaku="8,1,54,2" doraHai="115" who="1" fromWho="1" sc="250,-20,250,40,250,-10,250,-10" /><INIT seed="1,0,0,1,0,65" ten="230,290,240,240" oya="1" hai0="62,31,133,85,18,11,108,3,44,17,89,96,43" hai1="127,114,113,52,82,39,54,20,10,32,71,24,97" hai2="123,110,118,134,23,59,120,121,47,78,56,28,101" hai3="100,98,107,53,16,75,115,112,88,126,30,36,84"/><U42/><E32/><V35/><F35/><W63/><G36/><T2/><D108/><U103/><E127/><V26/><F78/><W29/><G126/><T124/><D124/><U105/><E10/><V106/><F118/><W125/><G125/><T68/><D31/><U86/><E71/><V33/><F110/><W66/><G75/><T83/><D96/><U49/><E39/><V22/><F134/><W55/><G53/><T95/><D133/><U7/><E7/><V8/><F47/><W46/><G30/><T15/><D18/><U12/><E12/><V70/><F8/><W58/><G29/><T93/><D3/><U27/><E42/><V14/><F14/><W122/><G122/><T132/><D2/><U102/><E102/><V45/><F45/><W25/><G25/><T50/><D132/><U60/><E60/><V76/><F76/><W119/><G119/><T99/><D99/><U87/><E87/><V40/><F40/><W117/><G117/><T77/><REACH who="0" step="1"/><D77/><REACH who="0" ten="220,290,240,240" step="2"/><U92/><E113/><V128/><F121/><W57/><G16/><T81/><D81/><U38/><E114/><V4/><F123/><W74/><G115/><T21/><D21/><U94/><E38/><V129/><F23/><W79/><G112/><T0/><D0/><U135/><E135/><V69/><F22/><W9/><G79/><T72/><D72/><U61/><E20/><V131/><F120/><W109/><G74/><T48/><D48/><U67/><E24/><V111/><F111/><W13/><G109/><T5/><D5/><U116/><E27/><V6/><F6/><RYUUKYOKU ba="0,1" sc="220,30,290,-10,240,-10,240,-10" hai0="11,15,17,43,44,50,62,68,83,85,89,93,95" /><INIT seed="2,1,1,3,0,37" ten="250,280,230,230" oya="2" hai0="8,18,112,121,125,102,134,93,32,53,60,10,15" hai1="36,100,77,98,110,132,119,76,42,47,103,23,104" hai2="114,55,109,128,124,99,96,118,101,80,0,105,14" hai3="117,91,89,73,28,49,39,120,30,3,92,74,88"/><V5/><F0/><W34/><G3/><T61/><D121/><U41/><E119/><V69/><F118/><W12/><G117/><T82/><D112/><U129/><E132/><V25/><F114/><W38/><G120/><T54/><D125/><U50/><E129/><V131/><F124/><W22/><G34/><T13/><D32/><U44/><E110/><V26/><F109/><W116/><G116/><T16/><D82/><U33/><E33/><V31/><F69/><W27/><G92/><T106/><D106/><U51/><E36/><V94/><F80/><W21/><G12/><T90/><D102/><U108/><E108/><V1/><F1/><W65/><G65/><T85/><REACH who="0" step="1"/><D134/><REACH who="0" ten="240,280,230,230" step="2"/><U133/><E133/><V64/><F105/><W127/><G127/><T29/><D29/><U62/><E103/><V72/><F31/><W7/><G30/><T58/><D58/><U67/><E23/><V17/><F101/><W83/><G22/><T9/><D9/><U2/><E2/><V123/><F123/><W24/><G83/><T52/><AGARI ba="1,2" hai="8,10,13,15,16,18,52,53,54,60,61,85,90,93" machi="52" ten="30,12000,2" yaku="1,1,0,1,9,1,8,1,54,2,53,0" doraHai="37" doraHaiUra="95" who="0" fromWho="0" sc="240,143,280,-31,230,-61,230,-31" /><INIT seed="3,0,0,4,1,81" ten="383,249,169,199" oya="3" hai0="41,94,117,111,32,78,1,12,92,25,100,86,123" hai1="133,104,124,93,39,36,114,17,13,35,107,63,6" hai2="55,58,24,11,85,28,21,112,29,127,19,122,95" hai3="7,34,5,20,22,105,57,128,48,9,67,76,16"/><W103/><G34/><T113/><D1/><U130/><E35/><V80/><F112/><W101/><G128/><T109/><D117/><U131/><E114/><V56/><F122/><W26/><G105/><N who="1" m="40522" /><E6/><N who="3" m="2058" /><G76/><T40/><D123/><U23/><E124/><V118/><F118/><W97/><G97/><N who="0" m="59431" /><D113/><U129/><E133/><V126/><F11/><W43/><G43/><T33/><D12/><U77/><E77/><V106/><F106/><W31/><G9/><T90/><D78/><U132/><E132/><V27/><F95/><W50/><G50/><T42/><D25/><U64/><E93/><V53/><F127/><W49/><G49/><T18/><D18/><U73/><E73/><V54/><F126/><W102/><G102/><T37/><D37/><U45/><E45/><V134/><F134/><W46/><G46/><T10/><D10/><U3/><E3/><V83/><F83/><W71/><G71/><AGARI ba="0,0" hai="13,17,23,36,39,63,64,71,129,130,131" m="40522" machi="71" ten="40,1300,0" yaku="19,1" doraHai="81" who="1" fromWho="3" sc="383,0,249,13,169,0,199,-13" owari="383,48.0,262,6.0,169,-33.0,186,-21.0" /></mjloggm>