<mjloggm ver="2.3"><GO type="41" lobby="0"/><UN n0="%72%69%68%6F%72%69%6E" n1="%E3%82%A6%E3%83%AB%E3%83%88%E3%83%A9%E7%AB%8B%E7%9B%B4" n2="%72%65%74%36" n3="%4E%42%4E%42" dan="13,15,14,13" rate="1925.69,2038.14,1882.65,1801.21" sx="M,M,M,M"/><TAIKYOKU oya="0"/><INIT seed="0,0,0,1,4,128" ten="250,250,250,250" oya="0" hai0="74,16,9,113,89,75,97,72,101,31,66,83,104" hai1="49,119,5,129,70,21,87,117,79,73,131,100,40" hai2="0,93,68,95,34,51,92,48,22,59,80,106,18" hai3="116,26,57,54,123,10,15,96,67,98,76,13,91"/><T120/><D113/><U1/><E70/><V111/><F68/><W109/><G67/><T53/><D120/><U71/><E71/><V44/><F34/><W2/><G116/><T33/><D66/><U30/><E49/><V46/><F0/><W85/><G76/><T43/><D43/><U122/><E40/><V38/><F106/><W6/><G109/><T77/><D53/><U25/><E87/><V42/><F38/><W62/><G123/><T132/><D132/><U24/><E100/><V110/><F59/><W58/><G26/><T102/><D102/><U23/><E79/><V12/><F111/><W55/><G13/><T133/><D133/><U86/><E86/><V56/><F110/><W50/><G2/><T108/><D108/><U41/><E41/><V8/><F56/><W60/><REACH who="3" step="1"/><G50/><REACH who="3" ten="250,250,250,240" step="2"/><T115/><D115/><U4/><E122/><V29/><F48/><W105/><G105/><T69/><D69/><U47/><E73/><V107/><F107/><W7/><G7/><T82/><D33/><U14/><E1/><V130/><F51/><W84/><G84/><N who="0" m="50327" /><D31/><U114/><E47/><V28/><F46/><W121/><G121/><T90/><D72/><U124/><E114/><V134/><F44/><W61/><G61/><T103/><D74/><U52/><E30/><V63/><F29/><W35/><G35/><T20/><D104/><U99/><E117/><V3/><F28/><W118/><G118/><T36/><D36/><U126/><E119/><V125/><F3/><W65/><G65/><T45/><D75/><U81/><E14/><V11/><F12/><RYUUKYOKU ba="0,1" sc="250,-10,250,-10,250,-10,240,30" hai3="6,10,15,54,55,57,58,60,62,85,91,96,98" /><INIT seed="1,1,1,4,4,89" ten="240,240,240,270" oya="1" hai0="42,4,123,5,29,70,72,128,46,22,38,10,80" hai1="61,64,90,120,85,1,15,95,20,54,66,60,131" hai2="114,47,37,124,9,76,62,78,34,16,36,17,53" hai3="109,84,51,112,44,110,55,31,130,87,126,96,121"/><U71/><E1/><V65/><F34/><W100/><G121/><T2/><D123/><U33/><E33/><V49/><F124/><W122/><G122/><T93/><D5/><U73/><E73/><V103/><F114/><W83/><G112/><T6/><D6/><U101/><E120/><V35/><F35/><W116/><G31/><T50/><D128/><U52/><E101/><V113/><F113/><W108/><G130/><T14/><D70/><U43/><E131/><V117/><F117/><W129/><G129/><T91/><D50/><U26/><E15/><V58/><F37/><W77/><G116/><T99/><D14/><U118/><E43/><V21/><F103/><W13/><G13/><T107/><D107/><U111/><E111/><V63/><F9/><W74/><G126/><T88/><D22/><U125/><E118/><V68/><F62/><W92/><AGARI ba="1,1" hai="44,51,55,74,77,83,84,87,92,96,100,108,109,110" machi="92" ten="30,4000,0" yaku="0,1,14,1,52,1" doraHai="89" who="3" fromWho="3" sc="240,-11,240,-21,240,-11,270,53" /><INIT seed="2,0,0,0,1,128" ten="229,219,229,323" oya="2" hai0="102,9,10,56,89,51,113,65,123,60,110,58,67" hai1="109,31,134,48,20,3,6,64,62,26,15,5,114" hai2="99,45,35,75,88,46,93,119,94,105,87,133,108" hai3="32,44,39,36,53,131,28,121,42,63,100,52,107"/><V129/><F119/><W90/><G121/><T115/><D115/><U0/><E48/><V82/><F35/><W91/><G36/><T85/><D113/><U132/><E114/><V27/><F27/><W40/><G40/><T74/><D110/><U41/><E41/><V2/><F2/><N who="1" m="553" /><E62/><V18/><F129/><W33/><G131/><T57/><D74/><U111/><E64/><N who="0" m="24649" /><D123/><U77/><E77/><V19/><F45/><W21/><G53/><N who="0" m="31807" /><D102/><U54/><E54/><V24/><F46/><W122/><G100/><T120/><D120/><U106/><E106/><V84/><F19/><W7/><G107/><T22/><D22/><U125/><E125/><V103/><F18/><W83/><G7/><N who="1" m="2570" /><E15/><V130/><F24/><W86/><G122/><T34/><D34/><U116/><E116/><V37/><F108/><AGARI ba="0,0" hai="20,26,31,108,109,111,132,134" m="2570,553" machi="108" ten="40,8000,1" yaku="14,1,34,2,52,2" doraHai="128" who="1" fromWho="2" sc="229,0,219,80,229,-80,323,0" /><INIT seed="3,0,0,0,2,57" ten="229,299,149,323" oya="3" hai0="55,63,34,54,127,71,128,112,28,64,1,113,46" hai1="27,12,105,86,74,110,59,53,121,88,43,17,126" hai2="61,48,82,85,20,30,109,25,93,130,83,135,131" hai3="58,0,16,36,106,11,100,117,108,18,3,52,39"/><W47/><G117/><T114/><D1/><U45/><E74/><V103/><F109/><W41/><G39/><T4/><D4/><U23/><E105/><V19/><F135/><W21/><G108/><T87/><D28/><U129/><E110/><V65/><F48/><W92/><G106/><T67/><D34/><U9/><E126/><V132/><F132/><W8/><G11/><T116/><D116/><U14/><E129/><N who="2" m="49163" /><F19/><W38/><G36/><T97/><D128/><U37/><E121/><V119/><F119/><W125/><G125/><T115/><N who="0" m="29184" /><DORA hai="60" /><T84/><D127/><U77/><E77/><V2/><F2/><W6/><G0/><T44/><D97/><U134/><E134/><V10/><F10/><W80/><G80/><T40/><D87/><U76/><E76/><V26/><F26/><W66/><G18/><T49/><D84/><U98/><E9/><V33/><F33/><W95/><G100/><T13/><D13/><U111/><E111/><V69/><F85/><W99/><G99/><AGARI ba="0,0" hai="20,25,30,61,65,69,82,83,93,99,103" m="49163" machi="99" ten="30,3900,0" yaku="19,1,52,2" doraHai="57,60" who="2" fromWho="3" sc="229,0,299,0,149,39,323,-39" /><INIT seed="4,0,0,3,0,23" ten="229,299,188,284" oya="0" hai0="119,53,73,4,90,43,111,69,61,30,112,67,41" hai1="102,6,48,82,116,12,3,13,68,16,36,59,84" hai2="32,129,101,44,62,128,39,106,74,103,107,50,97" hai3="115,134,5,1,71,33,77,100,109,91,31,89,55"/><T54/><D112/><U130/><E36/><V51/><F32/><W2/><G71/><T29/><D119/><U94/><E68/><V34/><F34/><W24/><G109/><T49/><D73/><U127/><E3/><V42/><F62/><W75/><G100/><T131/><D131/><N who="2" m="50250" /><F74/><W10/><G134/><T108/><D4/><U105/><E105/><V80/><F80/><W85/><G75/><T35/><D35/><U58/><E130/><V93/><F103/><W65/><G65/><T114/><D114/><U125/><E116/><V76/><F76/><W96/><G96/><T56/><D90/><U20/><E48/><AGARI ba="0,0" hai="39,42,44,48,50,51,93,97,101,106,107" m="50250" machi="48" ten="30,1000,0" yaku="19,1" doraHai="23" who="2" fromWho="1" sc="229,0,299,-10,188,10,284,0" /><INIT seed="5,0,0,0,4,55" ten="229,289,198,284" oya="1" hai0="121,7,50,65,57,26,60,109,112,24,38,119,4" hai1="52,20,59,124,125,58,116,97,27,69,66,120,83" hai2="131,64,96,130,114,129,33,42,44,19,36,32,106" hai3="67,47,61,43,110,35,34,98,37,122,18,128,49"/><U133/><E69/><V53/><F19/><W118/><G110/><T30/><D119/><U75/><E116/><V127/><F127/><N who="1" m="48713" /><E120/><V8/><F8/><W9/><G122/><T85/><D109/><U72/><E133/><V104/><F114/><W87/><G128/><T22/><D112/><U25/><E97/><V6/><F6/><W62/><G61/><T99/><D38/><U3/><E3/><V123/><F123/><W63/><G62/><T78/><D121/><U1/><E1/><V102/><F53/><W46/><G98/><T101/><D26/><N who="1" m="9739" /><E20/><V117/><F117/><W100/><G100/><T111/><D111/><U90/><E66/><V77/><F64/><W105/><G87/><T71/><D71/><U12/><E12/><V92/><F77/><W5/><G18/><T93/><REACH who="0" step="1"/><D50/><REACH who="0" ten="219,289,198,284" step="2"/><U95/><E75/><V16/><F129/><W115/><G118/><T79/><D79/><U17/><E72/><V56/><F130/><W2/><G115/><T108/><D108/><U28/><E28/><V51/><F131/><W10/><G105/><T29/><D29/><U82/><E17/><V73/><F106/><W81/><G35/><T132/><D132/><U14/><E14/><V48/><F104/><W113/><G34/><T70/><D70/><U68/><E68/><V126/><F126/><W134/><G113/><T11/><D11/><U84/><E83/><AGARI ba="0,1" hai="4,7,22,24,30,57,60,65,78,83,85,93,99,101" machi="83" ten="40,12000,2" yaku="1,1,25,2,8,1,52,1,53,1" doraHai="55" doraHaiUra="94" who="0" fromWho="1" sc="219,130,289,-120,198,0,284,0" /><INIT seed="6,0,0,1,4,28" ten="349,169,198,284" oya="2" hai0="18,68,49,9,24,40,62,72,5,27,79,20,115" hai1="80,102,101,7,51,113,46,10,114,56,44,15,109" hai2="116,23,17,8,34,2,95,86,105,130,1,41,55" hai3="33,26,122,83,19,58,45,52,100,99,21,64,107"/><V91/><F116/><W129/><G122/><T70/><D115/><U67/><E109/><V88/><F105/><W76/><G64/><T6/><D70/><U22/><E114/><V13/><F41/><W39/><G129/><T50/><D72/><U103/><E113/><V126/><F130/><W97/><G99/><T104/><D104/><U82/><E22/><V59/><F126/><W118/><G118/><T132/><D132/><U65/><E46/><V92/><F34/><W32/><G45/><N who="0" m="25767" /><D68/><U53/><E56/><V30/><F30/><W48/><G39/><T125/><D125/><U43/><E53/><V119/><F8/><W87/><AGARI ba="0,0" hai="19,21,26,32,33,48,52,58,76,83,87,97,100,107" machi="87" ten="20,8000,1" yaku="0,1,7,1,52,2,54,1" doraHai="28" who="3" fromWho="3" sc="349,-20,169,-20,198,-40,284,80" /><INIT seed="7,0,0,4,1,97" ten="329,149,158,364" oya="3" hai0="85,117,75,3,27,119,48,74,19,82,17,24,73" hai1="33,1,20,57,71,121,52,31,76,84,0,95,118" hai2="59,90,110,92,124,60,25,78,35,131,30,135,36" hai3="98,53,10,109,104,122,127,94,56,38,81,5,26"/><W132/><G38/><T21/><D3/><U105/><E71/><V96/><F110/><W99/><G122/><T134/><D134/><U41/><E33/><V88/><F36/><W113/><G132/><T101/><D48/><N who="1" m="30855" /><E105/><V116/><F135/><W106/><G98/><T50/><D50/><U34/><E34/><V93/><F131/><W13/><G113/><T86/><D82/><N who="1" m="47175" /><E121/><V108/><F108/><W54/><G53/><T42/><D42/><U6/><E1/><V133/><F124/><W40/><G40/><T39/><D39/><U102/><E0/><V87/><F116/><W70/><G70/><T9/><D9/><U15/><E118/><V8/><F133/><W22/><G81/><T80/><D80/><U103/><E41/><V23/><F78/><W69/><G69/><T91/><D91/><U83/><E83/><V62/><F35/><W120/><G120/><T29/><D75/><U46/><E46/><V7/><F59/><W64/><G64/><T51/><D51/><U79/><E79/><V2/><AGARI ba="0,0" hai="2,7,8,23,25,30,60,62,87,88,90,92,93,96" machi="2" ten="20,2700,0" yaku="0,1,7,1,54,1" doraHai="97" who="2" fromWho="2" sc="329,-7,149,-7,158,27,364,-13" owari="322,12.0,142,-36.0,185,-21.0,351,45.0" /></mjloggm>