<mjloggm ver="2.3"><GO type="97" lobby="0"/><UN n0="%E3%83%84%E3%83%B4%E3%82%A1%E3%83%BC%E3%82%BF" n1="%E3%82%A8%E3%83%98%E3%83%98%E3%83%98" n2="%E3%82%A6%E3%83%AB%E3%83%88%E3%83%A9%E7%AB%8B%E7%9B%B4" n3="%6D%39%E3%81%A3%EF%BD%80%D0%94%C2%B4%EF%BC%89" dan="15,15,15,15" rate="1965.35,1997.34,2069.91,1945.61" sx="M,M,M,M"/><TAIKYOKU oya="0"/><INIT seed="0,0,0,4,1,117" ten="250,250,250,250" oya="0" hai0="55,120,66,59,72,115,60,79,5,94,85,87,70" hai1="12,76,22,30,132,112,33,98,97,56,42,61,11" hai2="86,113,67,123,105,108,91,7,124,92,101,41,77" hai3="24,53,82,119,134,13,114,10,19,102,58,57,83"/><T9/><D115/><U96/><E33/><V129/><F67/><W69/><G119/><T99/><D120/><U46/><E132/><V74/><F41/><W35/><G114/><T122/><D122/><U50/><E112/><V47/><F47/><W135/><G69/><T73/><D73/><U100/><E76/><V25/><F25/><W18/><G102/><T4/><D72/><U68/><E68/><V81/><F7/><W32/><G32/><T28/><D28/><U1/><E1/><V118/><F113/><W126/><G126/><T133/><D133/><N who="3" m="50697" /><G58/><T116/><D116/><U84/><E84/><V0/><F0/><W3/><G3/><T128/><D79/><U90/><E90/><V52/><F118/><W34/><G34/><T45/><D45/><U54/><E100/><V88/><F52/><W36/><G36/><T71/><D71/><U23/><REACH who="1" step="1"/><E30/><REACH who="1" ten="250,240,250,250" step="2"/><V62/><F91/><W8/><G35/><T103/><D87/><U49/><E49/><V109/><F62/><W111/><G83/><T131/><D85/><U48/><E48/><V44/><F124/><W17/><G82/><T21/><D21/><U104/><E104/><V121/><F129/><N who="0" m="49738" /><D9/><U130/><E130/><V95/><F95/><W78/><G78/><T107/><D107/><U27/><E27/><V39/><F109/><W37/><G24/><T29/><D29/><U63/><E63/><AGARI ba="0,1" hai="4,5,55,59,60,63,66,70,94,99,103" m="49738" machi="63" ten="30,1500,0" yaku="19,1" doraHai="117" who="0" fromWho="1" sc="250,25,240,-15,250,0,250,0" /><INIT seed="0,1,0,0,4,110" ten="275,225,250,250" oya="0" hai0="35,131,22,59,90,105,46,58,97,87,128,108,95" hai1="0,57,92,63,104,38,72,119,77,75,39,118,10" hai2="49,73,124,61,112,42,36,111,25,69,68,48,65" hai3="30,8,100,33,132,126,34,5,109,9,94,130,78"/><T56/><D35/><U83/><E75/><V6/><F25/><W11/><G78/><T50/><D108/><U2/><E92/><V66/><F6/><W129/><G109/><T12/><D105/><U81/><E81/><V133/><F73/><W53/><G94/><T27/><D12/><U117/><E57/><V16/><F16/><W1/><G100/><T51/><D97/><U23/><E23/><V47/><F111/><W4/><G53/><T28/><REACH who="0" step="1"/><D46/><REACH who="0" ten="265,225,250,250" step="2"/><U127/><E104/><V67/><F124/><W84/><G126/><T19/><D19/><U40/><E127/><V106/><F106/><W88/><G34/><T60/><D60/><U102/><E63/><V82/><F133/><W79/><G132/><T85/><D85/><U7/><E2/><V91/><F61/><W3/><G33/><T62/><D62/><U41/><E102/><V99/><F67/><W116/><G1/><T121/><D121/><U135/><E135/><V29/><F65/><W96/><G3/><T98/><D98/><U71/><E71/><V70/><F66/><W15/><G96/><T89/><D89/><U101/><E101/><V45/><F99/><W64/><G64/><T14/><D14/><U20/><E119/><V21/><F47/><W43/><G116/><T114/><D114/><U80/><E118/><V76/><F91/><W32/><G32/><T18/><D18/><U24/><E117/><V26/><F70/><W55/><G15/><T13/><D13/><U93/><E0/><V44/><F69/><W122/><G122/><T134/><D134/><U54/><E7/><RYUUKYOKU ba="1,1" sc="265,30,225,-10,250,-10,250,-10" hai0="22,27,28,50,51,56,58,59,87,90,95,128,131" /><INIT seed="0,2,1,1,3,19" ten="295,215,240,240" oya="0" hai0="40,76,91,96,107,27,7,15,48,85,79,132,5" hai1="44,59,94,80,20,93,52,102,72,95,64,49,97" hai2="130,103,90,38,4,135,2,46,110,55,45,71,30" hai3="89,21,26,25,77,54,29,65,50,113,53,117,105"/><T28/><D132/><U33/><E33/><V88/><F71/><W18/><G113/><T23/><D107/><U57/><E72/><V42/><F135/><W17/><G117/><T92/><D15/><U114/><E114/><V13/><F130/><W66/><G105/><T62/><D62/><N who="1" m="37967" /><E80/><V9/><F110/><W108/><G108/><T74/><D74/><U51/><E20/><V43/><F103/><W73/><G73/><T39/><D39/><U120/><E120/><V104/><F104/><W69/><G77/><N who="0" m="29771" /><D85/><U75/><E75/><V37/><F55/><AGARI ba="2,1" hai="44,49,51,52,55,59,93,94,95,97,102" m="37967" machi="55" ten="30,2000,0" yaku="8,1,54,1" doraHai="19" who="1" fromWho="2" sc="295,0,215,36,240,-26,240,0" /><INIT seed="1,0,0,3,4,43" ten="295,251,214,240" oya="1" hai0="125,105,118,40,8,20,31,71,120,90,86,59,61" hai1="68,17,122,5,3,129,81,24,57,84,94,115,36" hai2="80,0,131,107,130,25,127,135,49,21,53,44,56" hai3="83,95,133,132,11,128,123,42,28,79,108,114,124"/><U12/><E68/><V23/><F0/><W113/><G123/><T106/><D71/><U26/><E36/><V91/><F107/><W1/><G95/><T62/><D118/><U15/><E115/><V65/><F127/><W32/><G124/><T4/><D120/><U82/><E3/><V22/><F135/><N who="3" m="51787" /><G108/><T41/><D106/><U16/><E122/><V77/><F91/><W110/><G110/><T96/><D62/><U119/><E119/><V101/><F101/><W121/><G121/><T109/><D96/><U13/><E129/><V116/><F116/><W10/><G128/><T126/><D105/><U27/><E5/><V98/><F98/><W9/><G42/><T30/><D109/><U48/><E94/><V85/><F130/><W34/><G1/><T29/><D20/><U72/><E72/><V47/><F131/><W74/><G28/><T18/><D18/><N who="1" m="7275" /><E84/><V54/><F25/><W2/><G2/><T99/><D99/><U70/><E70/><V52/><REACH who="2" step="1"/><F65/><REACH who="2" ten="295,251,204,240" step="2"/><W111/><G111/><T88/><D90/><U14/><N who="1" m="3584" /><DORA hai="7" /><U67/><E67/><V35/><F35/><AGARI ba="0,1" hai="9,10,11,32,34,35,74,79,83,113,114" m="51787" machi="35" ten="40,8000,1" yaku="20,1,52,3" doraHai="43,7" who="3" fromWho="2" sc="295,0,251,0,204,-80,240,90" /><INIT seed="2,0,0,0,1,67" ten="295,251,124,330" oya="2" hai0="120,54,12,10,71,101,50,24,132,26,40,70,20" hai1="126,87,129,62,34,48,78,5,7,96,13,117,28" hai2="115,47,44,45,112,106,103,118,86,19,111,83,2" hai3="80,73,59,6,60,76,53,16,39,42,99,23,90"/><V35/><F35/><W79/><G6/><T33/><D120/><U130/><E117/><V89/><F2/><W91/><G79/><T98/><D40/><U75/><E75/><V36/><F36/><W82/><G82/><T69/><D33/><U100/><E126/><V116/><F103/><W3/><G3/><T65/><D65/><U37/><E37/><V105/><F19/><W102/><G42/><T8/><D132/><U18/><E34/><V109/><F89/><W55/><G55/><T41/><D41/><U29/><E62/><V22/><F86/><W84/><G73/><T135/><D135/><U77/><E48/><V31/><F83/><W58/><G58/><T57/><D12/><U133/><E133/><V119/><F22/><W21/><G21/><T93/><REACH who="0" step="1"/><D26/><REACH who="0" ten="285,251,124,330" step="2"/><U128/><E13/><V123/><F123/><W17/><G39/><T113/><D113/><U27/><E27/><V32/><F32/><W63/><G17/><AGARI ba="0,1" hai="8,10,17,20,24,50,54,57,69,70,71,93,98,101" machi="17" ten="40,8000,1" yaku="1,1,52,3,53,1" doraHai="67" doraHaiUra="92" who="0" fromWho="3" sc="285,90,251,0,124,0,330,-80" /><INIT seed="3,0,0,4,5,13" ten="375,251,124,250" oya="3" hai0="22,108,46,89,97,88,114,29,38,50,132,107,37" hai1="62,70,68,1,19,130,75,40,9,10,48,82,95" hai2="133,78,87,91,115,61,121,113,110,17,117,63,42" hai3="34,112,105,104,72,122,0,57,101,66,7,90,102"/><W27/><G112/><T123/><D38/><U94/><E130/><V120/><F78/><W118/><G118/><T49/><D123/><U15/><E75/><V56/><F87/><W36/><G122/><T54/><D37/><U128/><E128/><V86/><F86/><W53/><G72/><T23/><D107/><U60/><E82/><V35/><F35/><W80/><G36/><T103/><D103/><U41/><E15/><V106/><F106/><W116/><G116/><T100/><D100/><U2/><REACH who="1" step="1"/><E48/><REACH who="1" ten="375,241,124,250" step="2"/><V135/><F117/><W47/><G105/><T32/><D50/><U64/><E64/><V111/><F91/><W8/><G104/><T6/><D49/><U93/><E93/><V21/><F21/><W79/><G66/><T18/><D88/><U73/><E73/><V24/><F24/><W14/><G90/><T52/><D23/><U77/><E77/><V39/><F39/><W16/><G47/><T131/><D22/><U31/><E31/><V92/><F92/><W71/><G71/><T26/><D29/><U134/><E134/><V84/><F84/><N who="3" m="48159" /><G0/><T83/><D46/><U45/><E45/><V98/><F98/><W11/><G34/><T67/><D132/><U69/><E69/><V12/><F12/><N who="3" m="5151" /><G27/><T59/><D26/><U55/><E55/><V125/><F17/><AGARI ba="0,1" hai="1,2,9,10,17,19,40,41,60,62,68,70,94,95" machi="17" ten="25,8000,1" yaku="1,1,22,2,52,2,53,0" doraHai="13" doraHaiUra="99" who="1" fromWho="2" sc="375,0,241,90,124,-80,250,0" owari="375,48.0,331,13.0,44,-46.0,250,-15.0" /></mjloggm>