<mjloggm ver="2.3"><GO type="169" lobby="0"/><UN n0="%E7%94%9F%E8%82%89%E3%81%A7%E3%81%99%E3%82%88" n1="%74%61%6B%75%61%6B%61" n2="%E3%82%A6%E3%83%AB%E3%83%88%E3%83%A9%E7%AB%8B%E7%9B%B4" n3="%6D%65%24%6F" dan="16,16,16,17" rate="2104.52,2115.87,2129.01,2133.48" sx="M,M,M,M"/><TAIKYOKU oya="0"/><INIT seed="0,0,0,0,5,47" ten="250,250,250,250" oya="0" hai0="71,83,131,92,21,67,108,30,25,23,61,7,86" hai1="123,53,39,40,41,101,69,90,43,56,34,120,95" hai2="4,6,125,24,26,59,62,38,82,89,29,55,84" hai3="97,122,2,132,78,27,18,20,19,70,134,13,46"/><T87/><D131/><U28/><E101/><V12/><F38/><W109/><G70/><T110/><D7/><U50/><E39/><V85/><F125/><W36/><G78/><T16/><D92/><U64/><E69/><V133/><F133/><N who="3" m="51307" /><G97/><T1/><D1/><U93/><E64/><V111/><F111/><N who="0" m="42538" /><D83/><U102/><E102/><V113/><F113/><W3/><G109/><T76/><D76/><U51/><E95/><V77/><F12/><AGARI ba="0,0" hai="12,16,21,23,25,30,61,67,71,86,87" m="42538" machi="12" ten="30,5800,0" yaku="14,1,10,1,54,1" doraHai="47" who="0" fromWho="2" sc="250,58,250,0,250,-58,250,0" /><INIT seed="0,1,0,1,0,135" ten="308,250,192,250" oya="0" hai0="35,31,56,80,118,113,90,63,84,97,27,92,132" hai1="104,99,107,96,82,42,128,45,114,55,2,89,57" hai2="70,67,71,115,127,61,20,64,98,117,25,100,19" hai3="119,122,105,116,123,129,36,15,22,52,124,9,86"/><T112/><D118/><N who="3" m="45097" /><G105/><T72/><D72/><U7/><E128/><V74/><F74/><W46/><G36/><T53/><REACH who="0" step="1"/><D132/><REACH who="0" ten="298,250,192,250" step="2"/><U106/><E114/><V16/><F117/><W17/><G129/><T58/><D58/><U75/><E57/><V37/><F115/><W59/><G59/><T65/><D65/><U68/><E75/><V18/><F37/><W13/><G122/><T87/><D87/><U43/><E68/><V14/><F67/><W33/><G86/><T40/><D40/><U103/><E43/><V81/><F71/><W120/><G120/><T44/><D44/><U62/><E42/><V134/><F134/><W24/><G46/><T12/><D12/><U32/><E45/><V5/><F64/><W94/><G123/><T111/><D111/><U39/><E2/><V51/><F70/><W126/><G52/><T1/><D1/><U50/><E55/><V77/><F14/><W85/><G85/><T26/><D26/><U101/><E62/><V95/><F61/><W109/><G109/><T41/><D41/><U110/><E110/><V133/><F133/><W66/><G66/><T69/><D69/><U102/><E39/><V34/><F25/><W79/><G15/><T6/><D6/><U30/><E7/><V38/><F5/><W121/><G121/><T28/><D28/><U47/><E47/><V131/><F38/><W48/><G24/><T76/><AGARI ba="1,1" hai="27,31,35,53,56,63,76,80,84,90,92,97,112,113" machi="76" ten="20,3900,0" yaku="1,1,0,1,7,1,53,0" doraHai="135" doraHaiUra="11" who="0" fromWho="0" sc="298,52,250,-14,192,-14,250,-14" /><INIT seed="0,2,0,0,4,107" ten="350,236,178,236" oya="0" hai0="11,122,26,93,69,100,61,48,76,40,0,90,9" hai1="59,37,125,4,111,71,60,55,85,80,64,12,121" hai2="129,44,51,109,32,72,97,88,65,35,47,126,25" hai3="52,119,113,33,75,53,117,83,42,19,62,79,27"/><T22/><D122/><U73/><E121/><V13/><F47/><W82/><G113/><T103/><D76/><U6/><E111/><V23/><F109/><W39/><G39/><T101/><D0/><U56/><E125/><V24/><F126/><W29/><G42/><T30/><D69/><U135/><E135/><V2/><F2/><W132/><G132/><T108/><D108/><U91/><E37/><V41/><F129/><W46/><G82/><T102/><D102/><U110/><E110/><V116/><F116/><W74/><G74/><T89/><D61/><U66/><E71/><V16/><F72/><W106/><G106/><T38/><D38/><U17/><E73/><V87/><F97/><W118/><G46/><N who="0" m="25671" /><D89/><U130/><E130/><V20/><F65/><W5/><G5/><T70/><D70/><U96/><E96/><AGARI ba="2,0" hai="9,11,22,26,30,90,93,96,100,101,103" m="25671" machi="96" ten="30,1500,0" yaku="8,1" doraHai="107" who="0" fromWho="1" sc="350,21,236,-21,178,0,236,0" /><INIT seed="0,3,0,2,3,73" ten="371,215,178,236" oya="0" hai0="86,20,25,127,81,66,72,101,107,1,57,116,38" hai1="60,108,92,115,33,46,62,128,98,88,135,134,55" hai2="61,106,52,13,27,51,19,118,17,83,9,94,28" hai3="43,22,35,112,44,64,30,24,12,53,111,76,39"/><T123/><D38/><U50/><E108/><V58/><F106/><W68/><G112/><T77/><D1/><U71/><E128/><V59/><F118/><W54/><G111/><T67/><D123/><U117/><E117/><V63/><F94/><W29/><G68/><T49/><D116/><U3/><E115/><V90/><F19/><W103/><G64/><T93/><D107/><U129/><E129/><V48/><F90/><W69/><G69/><T133/><D133/><N who="1" m="50699" /><E3/><V5/><F83/><W110/><G110/><T4/><D4/><U31/><E71/><V65/><REACH who="2" step="1"/><F5/><REACH who="2" ten="371,215,168,236" step="2"/><W40/><G103/><T104/><D101/><U95/><E92/><V121/><F121/><W102/><G102/><T70/><D104/><U45/><E45/><V130/><F130/><W21/><G44/><T10/><D93/><U122/><E122/><V32/><AGARI ba="3,1" hai="9,13,17,27,28,32,48,51,52,58,59,61,63,65" machi="32" ten="20,5200,0" yaku="1,1,0,1,7,1,54,1,53,0" doraHai="73" doraHaiUra="0" who="2" fromWho="2" sc="371,-29,215,-16,168,71,236,-16" /><INIT seed="1,0,0,4,2,103" ten="342,199,239,220" oya="1" hai0="48,111,106,16,61,119,129,28,104,51,78,70,66" hai1="134,116,35,63,15,75,52,42,77,27,118,33,124" hai2="43,90,132,14,2,72,83,68,58,100,60,71,81" hai3="36,50,38,25,39,46,135,115,130,121,74,57,96"/><U49/><E124/><V54/><F2/><W88/><G115/><T12/><D119/><U95/><E134/><V107/><F132/><W64/><G135/><T47/><D111/><U93/><E42/><V110/><F110/><W86/><G74/><T56/><D78/><U55/><E75/><V37/><F83/><W122/><G130/><T69/><D28/><U30/><E77/><V97/><F43/><W80/><G25/><T89/><D89/><U108/><E108/><V13/><F37/><W82/><G82/><T105/><D129/><U53/><E35/><V94/><F71/><W101/><G57/><T102/><D102/><U131/><E131/><V7/><F7/><W125/><G64/><T84/><D84/><U21/><E49/><V24/><F68/><W62/><G62/><T26/><D26/><U17/><REACH who="1" step="1"/><E63/><REACH who="1" ten="342,189,239,220" step="2"/><V127/><F127/><W19/><G125/><T3/><D51/><U98/><E98/><V117/><F60/><W76/><G76/><T45/><D48/><U133/><E133/><V31/><F72/><W99/><G99/><T22/><D70/><U0/><E0/><V79/><F79/><W59/><G59/><T8/><REACH who="0" step="1"/><D69/><REACH who="0" ten="332,189,239,220" step="2"/><U40/><E40/><V87/><F87/><N who="3" m="50279" /><G50/><T120/><D120/><N who="3" m="46185" /><G86/><T85/><D85/><U4/><E4/><AGARI ba="0,2" hai="3,4,8,12,16,22,45,47,56,61,66,104,105,106" machi="4" ten="40,12000,2" yaku="1,1,52,3,54,1,53,1" doraHai="103" doraHaiUra="34" who="0" fromWho="1" sc="332,140,189,-120,239,0,220,0" /><INIT seed="2,0,0,1,0,23" ten="472,69,239,220" oya="2" hai0="14,81,27,74,47,9,96,88,53,127,71,52,118" hai1="11,12,87,129,112,80,94,66,51,38,28,43,0" hai2="67,18,108,84,103,111,78,64,131,82,76,1,59" hai3="128,89,90,30,62,117,8,5,31,16,49,123,13"/><V109/><F1/><W91/><G123/><T60/><D127/><U17/><E112/><V77/><F131/><W126/><G117/><T45/><D118/><U36/><E129/><V135/><F135/><W83/><G128/><T2/><D2/><U32/><E0/><V20/><F103/><W7/><G126/><T114/><D114/><U79/><E66/><N who="2" m="25131" /><F59/><W115/><G115/><T113/><D71/><U106/><E106/><V121/><F121/><W65/><G49/><T72/><D72/><U19/><E19/><V130/><F130/><W122/><G83/><T4/><D74/><U133/><E133/><V73/><F73/><W35/><G122/><T125/><D125/><U24/><REACH who="1" step="1"/><E94/><REACH who="1" ten="472,59,239,220" step="2"/><V134/><F134/><W93/><G93/><T55/><D113/><U132/><E132/><V29/><F29/><W69/><G30/><T37/><D37/><U61/><E61/><V98/><F18/><W63/><G62/><T3/><D60/><U58/><E58/><V41/><F109/><W21/><G31/><T119/><D3/><U15/><E15/><V101/><F111/><W75/><G63/><T6/><D14/><U44/><AGARI ba="0,1" hai="11,12,17,24,28,32,36,38,43,44,51,79,80,87" machi="44" ten="30,4000,0" yaku="1,1,0,1,52,1,53,0" doraHai="23" doraHaiUra="34" who="1" fromWho="1" sc="472,-10,59,50,239,-20,220,-10" /><INIT seed="3,0,0,2,2,68" ten="462,109,219,210" oya="3" hai0="131,73,29,124,22,66,40,24,39,14,38,117,97" hai1="9,108,47,70,3,17,30,92,45,103,89,87,12" hai2="28,114,51,94,8,93,104,19,54,83,118,44,13" hai3="53,102,58,113,133,37,84,98,10,81,25,91,7"/><W32/><G113/><T69/><D117/><U0/><E108/><V18/><F104/><W99/><G133/><T56/><D73/><U11/><E70/><V62/><F118/><W71/><G71/><T48/><D69/><U65/><E65/><V42/><F28/><W23/><G32/><T33/><D33/><U126/><E126/><V26/><F114/><W31/><G37/><T127/><D131/><U52/><E30/><V125/><F125/><N who="0" m="48202" /><D97/><U96/><E9/><V132/><F132/><W20/><G20/><T61/><D14/><U57/><E0/><V36/><F62/><W55/><G58/><T6/><D6/><U50/><REACH who="1" step="1"/><E3/><REACH who="1" ten="462,99,219,210" step="2"/><V67/><F67/><W120/><G120/><T79/><D66/><U128/><E128/><V85/><F8/><W123/><G123/><T4/><D29/><U122/><E122/><V78/><F19/><W16/><G31/><T46/><D4/><U5/><E5/><V121/><F121/><W112/><G112/><T110/><D110/><U129/><E129/><V63/><F18/><W115/><G115/><T80/><D24/><U116/><E116/><V130/><F26/><W90/><G7/><T105/><D22/><U75/><E75/><V15/><F130/><W95/><REACH who="3" step="1"/><G10/><REACH who="3" ten="462,99,219,200" step="2"/><T2/><D2/><U21/><E21/><V111/><F111/><W86/><G86/><T82/><D56/><U109/><E109/><V77/><F85/><W106/><AGARI ba="0,2" hai="16,23,25,53,55,81,84,90,91,95,98,99,102,106" machi="106" ten="20,7800,0" yaku="1,1,0,1,7,1,54,1,53,0" doraHai="68" doraHaiUra="59" who="3" fromWho="3" sc="462,-26,99,-26,219,-26,200,98" /><INIT seed="3,1,0,3,5,62" ten="436,73,193,298" oya="3" hai0="109,48,24,126,20,8,47,80,115,87,134,123,93" hai1="128,38,77,42,68,60,90,125,35,23,49,73,4" hai2="61,67,46,19,116,22,34,72,132,45,82,108,88" hai3="36,58,103,13,124,70,7,99,119,129,14,54,59"/><W18/><G119/><T107/><D107/><U63/><E35/><V98/><F34/><W83/><G70/><T120/><D109/><U75/><E38/><V92/><F116/><W31/><G36/><T86/><D115/><U96/><E4/><V89/><F108/><W71/><G71/><T57/><D126/><U39/><E39/><V111/><F132/><W94/><G124/><T66/><D134/><U10/><E125/><V101/><F111/><W33/><G129/><T29/><D8/><U97/><E10/><V105/><F89/><W117/><G117/><T106/><D106/><U95/><E60/><V74/><F74/><W85/><G33/><T37/><D37/><U81/><E75/><V69/><F82/><W0/><G31/><T121/><D93/><U6/><E6/><V17/><F72/><W100/><G100/><T43/><D80/><U55/><E23/><V15/><REACH who="2" step="1"/><F19/><REACH who="2" ten="436,73,183,298" step="2"/><W51/><G18/><T133/><D133/><U112/><E112/><V135/><F135/><W114/><G114/><T28/><D28/><U78/><E73/><V127/><F127/><W130/><G83/><T91/><D91/><U9/><E81/><V79/><F79/><W40/><G103/><T1/><D120/><U113/><E77/><V3/><F3/><W21/><G0/><T44/><D1/><U16/><E78/><V41/><F41/><W30/><G40/><N who="0" m="24583" /><D123/><U53/><E113/><V64/><F64/><W65/><G65/><T50/><D121/><U27/><E42/><V110/><F110/><W11/><G7/><T104/><D104/><U12/><E90/><RYUUKYOKU ba="1,1" sc="436,15,73,-15,183,15,298,-15" hai0="20,24,29,43,47,50,57,66,86,87" hai2="15,17,22,45,46,61,67,69,88,92,98,101,105" /><INIT seed="4,2,1,5,0,30" ten="451,58,198,283" oya="0" hai0="0,42,110,35,103,40,49,19,23,24,71,118,74" hai1="1,65,115,70,52,112,86,93,41,126,107,125,131" hai2="13,130,58,83,100,8,39,123,28,89,68,80,61" hai3="124,63,29,97,34,87,102,84,54,57,120,6,12"/><T15/><D74/><U90/><E131/><V32/><F39/><W117/><G117/><T99/><D118/><U26/><E1/><V2/><F68/><W73/><G73/><T101/><D71/><U67/><E107/><V114/><F123/><W46/><G120/><T7/><D110/><U43/><E26/><V5/><F100/><W78/><G124/><N who="1" m="47722" /><E52/><V44/><F44/><W127/><G127/><T75/><D75/><U116/><E116/><V96/><F114/><N who="1" m="43561" /><E70/><V91/><F130/><W21/><G46/><N who="0" m="25799" /><D42/><AGARI ba="2,1" hai="41,42,43,65,67,86,90,93" m="43561,47722" machi="42" ten="30,3900,0" yaku="18,1,15,1,11,1" doraHai="30" who="1" fromWho="0" sc="451,-45,58,55,198,0,283,0" /><INIT seed="5,0,0,3,2,126" ten="406,113,198,283" oya="1" hai0="15,18,68,88,98,9,29,81,14,30,10,134,25" hai1="51,78,93,79,24,125,47,105,6,17,2,106,117" hai2="85,111,42,69,56,90,62,3,110,55,99,44,92" hai3="52,70,63,96,89,59,133,43,120,1,27,5,91"/><U84/><E117/><V41/><F3/><W94/><G120/><T57/><D68/><U65/><E125/><V33/><F33/><W38/><G133/><T119/><D119/><U35/><E65/><V123/><F123/><W122/><G122/><T19/><D134/><U11/><E78/><V74/><F74/><W39/><G70/><T118/><D118/><U104/><E17/><V121/><F121/><W77/><G77/><T31/><D57/><U101/><E79/><V102/><F69/><W127/><G127/><T135/><D135/><U87/><E101/><V34/><F34/><W129/><G27/><T61/><D61/><U131/><E93/><V76/><F76/><W115/><G115/><T16/><D19/><U28/><REACH who="1" step="1"/><E131/><REACH who="1" ten="406,103,198,283" step="2"/><V66/><F66/><N who="3" m="39295" /><G129/><T108/><D108/><U45/><E45/><V82/><REACH who="2" step="1"/><F44/><REACH who="2" ten="406,103,188,283" step="2"/><W72/><G72/><T132/><D132/><U13/><E13/><V116/><F116/><W80/><G1/><T109/><D14/><U7/><E7/><V60/><F60/><W128/><G5/><T73/><D15/><U26/><E26/><V75/><F75/><W58/><G128/><T97/><D73/><U50/><E50/><V8/><F8/><W95/><G38/><T20/><D9/><U103/><E103/><V53/><F53/><AGARI ba="0,2" hai="2,6,11,24,28,35,47,51,53,84,87,104,105,106" machi="53" ten="40,2000,0" yaku="1,1,53,0" doraHai="126" doraHaiUra="86" who="1" fromWho="2" sc="406,0,103,40,188,-20,283,0" /><INIT seed="5,1,0,3,5,97" ten="406,143,168,283" oya="1" hai0="130,45,101,27,123,122,86,51,117,42,73,64,110" hai1="98,25,52,100,20,29,72,12,69,90,120,7,119" hai2="74,11,66,109,81,17,35,79,103,55,40,57,124" hai3="115,129,46,131,95,96,80,36,112,13,58,2,6"/><U67/><E119/><V5/><F35/><W56/><G2/><T50/><D110/><U8/><E120/><V63/><F124/><W70/><G70/><T39/><D117/><U1/><E72/><V128/><F128/><N who="3" m="49227" /><G80/><T49/><D73/><U34/><E90/><V93/><F109/><W82/><G82/><T41/><D41/><U87/><E87/><V135/><F17/><W84/><G84/><T30/><D86/><U68/><E67/><V88/><F135/><W94/><G36/><T24/><D64/><U104/><REACH who="1" step="1"/><E52/><REACH who="1" ten="406,133,168,283" step="2"/><V108/><F108/><W75/><G75/><T83/><D130/><U37/><E37/><V132/><F132/><W107/><G112/><T28/><D39/><U22/><E22/><V91/><F55/><W59/><G115/><T0/><D122/><U54/><E54/><V121/><F121/><W32/><G32/><T23/><D123/><U89/><E89/><V47/><F91/><W78/><G78/><T99/><D83/><U16/><AGARI ba="1,1" hai="1,7,8,12,16,20,25,29,34,68,69,98,100,104" machi="16" ten="30,18000,2" yaku="1,1,0,1,24,2,52,1,54,1,53,1" doraHai="97" doraHaiUra="26" who="1" fromWho="1" sc="406,-61,133,193,168,-61,283,-61" /><INIT seed="5,2,0,5,0,64" ten="345,326,107,222" oya="1" hai0="58,44,97,65,108,74,21,127,48,41,23,102,6" hai1="67,11,72,123,3,35,81,38,84,36,19,12,53" hai2="26,7,86,34,116,83,75,5,96,28,45,61,69" hai3="134,68,126,120,80,63,71,110,92,93,112,94,77"/><U122/><E72/><V31/><F116/><W85/><G110/><T29/><D74/><U129/><E129/><V42/><F75/><W105/><G120/><T95/><D108/><U132/><E35/><V60/><F31/><W18/><G105/><T49/><D6/><U133/><E67/><V57/><F96/><W114/><G126/><T25/><D127/><U109/><E109/><V101/><F61/><W46/><G134/><N who="1" m="51818" /><E53/><V79/><F101/><W37/><G18/><T55/><D65/><U52/><E3/><V22/><F34/><AGARI ba="2,0" hai="21,23,25,29,34,41,44,48,49,55,58,95,97,102" machi="34" ten="30,1000,0" yaku="7,1" doraHai="64" who="0" fromWho="2" sc="345,16,326,0,107,-16,222,0" /><INIT seed="6,0,0,2,2,56" ten="361,326,91,222" oya="2" hai0="60,96,28,78,125,1,37,14,38,75,46,85,40" hai1="95,91,108,34,63,120,49,8,74,72,43,110,36" hai2="114,106,79,55,135,13,48,121,132,124,116,107,84" hai3="129,47,16,105,113,0,21,17,65,3,22,97,31"/><V77/><F121/><W92/><G105/><T111/><D1/><U62/><E36/><V115/><F116/><W52/><G129/><T71/><D111/><U82/><E34/><V130/><F130/><W102/><G113/><N who="2" m="43017" /><F124/><W2/><G65/><T53/><D71/><U86/><E120/><V117/><F117/><W7/><G7/><T27/><D38/><U10/><E72/><V73/><F13/><W64/><G64/><T20/><D75/><U57/><E74/><V29/><F29/><W39/><G39/><T100/><D14/><U32/><E32/><V119/><F119/><W41/><G41/><T90/><D78/><N who="2" m="29706" /><F73/><W33/><G33/><T127/><D127/><U30/><E30/><V44/><F84/><W126/><G126/><T6/><D6/><U5/><E5/><V35/><F35/><W133/><G31/><T42/><D125/><U15/><E15/><V118/><F118/><W101/><G0/><T25/><D28/><U69/><E110/><V51/><F51/><N who="3" m="28799" /><G2/><T67/><D37/><U128/><E128/><V83/><F83/><W134/><G3/><T4/><D4/><U104/><E82/><V81/><F81/><W87/><G87/><T18/><D85/><U70/><E108/><V112/><N who="2" m="43025" /><V99/><DORA hai="93" /><F107/><W26/><G134/><N who="2" m="51241" /><F106/><W89/><G133/><T12/><D12/><AGARI ba="0,0" hai="12,16,17,21,22,26,89,92,97,101,102" m="28799" machi="12" ten="30,7700,0" yaku="8,1,52,1,54,2" doraHai="56,93" who="3" fromWho="0" sc="361,-77,326,0,91,0,222,77" /><INIT seed="7,0,0,3,3,48" ten="284,326,91,299" oya="3" hai0="108,107,49,133,81,116,87,55,71,79,96,127,58" hai1="85,36,111,105,95,114,4,7,74,135,23,29,118" hai2="94,9,112,110,89,129,119,26,92,22,14,0,93" hai3="46,115,43,53,38,8,121,106,109,125,86,21,63"/><W19/><G121/><T97/><D108/><U80/><E111/><V124/><F0/><W62/><G109/><T6/><D116/><U20/><E105/><V73/><F73/><W1/><G106/><T54/><D127/><U17/><E114/><V84/><F112/><W99/><G99/><N who="0" m="37963" /><D133/><U113/><E113/><V24/><F129/><W134/><G134/><T57/><D71/><U120/><E120/><V132/><F132/><W83/><G115/><T39/><D39/><U98/><E36/><V47/><F124/><W33/><G33/><T100/><D100/><N who="1" m="60511" /><E74/><V88/><F110/><W78/><G125/><T102/><D107/><U5/><E118/><V131/><F131/><W31/><G31/><T76/><D102/><U37/><E37/><V11/><F119/><W40/><G40/><T25/><D25/><N who="1" m="16551" /><E135/><V67/><F26/><W130/><G130/><T16/><D6/><U90/><E5/><V70/><F70/><W91/><G1/><T15/><D76/><U128/><E128/><V28/><F89/><W72/><G8/><N who="0" m="6247" /><D55/><U35/><E35/><V45/><F67/><W41/><G41/><T52/><D52/><U101/><E101/><V126/><F126/><W12/><REACH who="3" step="1"/><G53/><REACH who="3" ten="284,326,91,289" step="2"/><T64/><D64/><U2/><E2/><V32/><F32/><W51/><G51/><T77/><D77/><U3/><E3/><V34/><F34/><W68/><G68/><T82/><D82/><AGARI ba="0,1" hai="12,19,21,38,43,46,62,63,72,78,82,83,86,91" machi="82" ten="30,11600,0" yaku="1,1,7,1,53,2" doraHai="48" doraHaiUra="56" who="3" fromWho="0" sc="284,-116,326,0,91,0,289,126" owari="168,-23.0,326,13.0,91,-41.0,415,51.0" /></mjloggm>