<mjloggm ver="2.3"><GO type="41" lobby="0"/><UN n0="%E3%82%A6%E3%83%AB%E3%83%88%E3%83%A9%E7%AB%8B%E7%9B%B4" n1="%44%73%70%65%63%30%31" n2="%50%E5%8A%A9" n3="%41%69%6E%65" dan="15,13,14,14" rate="2016.44,2027.49,1886.27,1977.43" sx="M,M,M,F"/><TAIKYOKU oya="0"/><INIT seed="0,0,0,4,2,107" ten="250,250,250,250" oya="0" hai0="83,113,87,60,47,61,16,46,70,63,62,9,117" hai1="23,82,94,40,131,7,96,120,32,109,100,6,18" hai2="8,78,55,108,132,64,115,75,31,116,30,72,105" hai3="121,28,21,3,22,80,79,104,123,11,59,68,52"/><T58/><D70/><U106/><E32/><V125/><F105/><W49/><G68/><T102/><D102/><U93/><E120/><N who="3" m="46154" /><G104/><T25/><D113/><U88/><E109/><V51/><F115/><W48/><G28/><T65/><D117/><U74/><E131/><V128/><F64/><W71/><G71/><T44/><D44/><U101/><E40/><V27/><F128/><W66/><G66/><T50/><D50/><U19/><E19/><V126/><F108/><W90/><G90/><T85/><D85/><N who="1" m="50231" /><E74/><N who="2" m="28203" /><F8/><W118/><G118/><T29/><D29/><U127/><E127/><N who="2" m="48651" /><F132/><W81/><G48/><T36/><D36/><U24/><E106/><V67/><F67/><W124/><G124/><T39/><D39/><U129/><E129/><V111/><F111/><W97/><G97/><AGARI ba="0,0" hai="6,7,18,23,24,93,94,96,97,100,101" m="50231" machi="97" ten="30,2000,0" yaku="8,1,54,1" doraHai="107" who="1" fromWho="3" sc="250,0,250,20,250,0,250,-20" /><INIT seed="1,0,0,1,4,107" ten="250,270,250,230" oya="1" hai0="37,105,112,54,64,1,2,5,68,87,67,96,12" hai1="130,93,71,89,86,4,41,10,77,36,53,44,124" hai2="97,95,102,65,8,101,43,62,57,118,91,48,31" hai3="74,131,59,104,61,34,119,94,81,125,15,30,29"/><U82/><E130/><V90/><F8/><W114/><G119/><T23/><D37/><U117/><E117/><V70/><F118/><W100/><G114/><T84/><D112/><U80/><E71/><V129/><F129/><W63/><G131/><T75/><D75/><U56/><E124/><V32/><F102/><W85/><G125/><T51/><D2/><U126/><E126/><V16/><F16/><W110/><G34/><T18/><D5/><U47/><E47/><V11/><F11/><W46/><G46/><T66/><D1/><U109/><E109/><V52/><F43/><W7/><G110/><T22/><D68/><U60/><REACH who="1" step="1"/><E77/><REACH who="1" ten="250,260,250,230" step="2"/><V115/><F115/><W79/><G61/><T116/><D116/><U21/><E21/><V3/><F3/><AGARI ba="0,1" hai="3,4,10,36,41,44,53,56,60,80,82,86,89,93" machi="3" ten="30,2900,0" yaku="1,1,7,1,53,0" doraHai="107" doraHaiUra="121" who="1" fromWho="2" sc="250,0,260,39,250,-29,230,0" /><INIT seed="1,1,0,0,1,111" ten="250,299,221,230" oya="1" hai0="115,116,34,24,23,89,26,119,44,133,28,121,45" hai1="96,43,87,36,49,30,63,123,22,33,39,80,114" hai2="53,65,90,101,99,86,91,106,83,50,112,0,18" hai3="14,118,103,122,21,12,15,104,41,108,5,73,66"/><U117/><E114/><V98/><F0/><W27/><G73/><T132/><D89/><U102/><E33/><V107/><F65/><W31/><G66/><T85/><D85/><U59/><E123/><V95/><F18/><W37/><G122/><T84/><D84/><U82/><E39/><V13/><F13/><W48/><G37/><T110/><D45/><N who="1" m="25791" /><E36/><V70/><F70/><W54/><G41/><T69/><D44/><U3/><E3/><V51/><F53/><W76/><G76/><T134/><D69/><U9/><E9/><V62/><F62/><W7/><G104/><T57/><D57/><U29/><E87/><V74/><F74/><W105/><G105/><T129/><D121/><U100/><E100/><V25/><F25/><W16/><G103/><T60/><D60/><U10/><E10/><V79/><F79/><W19/><G118/><N who="0" m="45099" /><D110/><U61/><E61/><V35/><F35/><W4/><REACH who="3" step="1"/><G108/><REACH who="3" ten="250,299,221,220" step="2"/><T11/><D129/><U92/><E117/><V32/><F107/><W88/><G88/><T47/><D132/><U131/><E131/><V128/><F128/><W52/><G52/><T8/><D47/><AGARI ba="1,1" hai="4,5,7,12,14,15,16,19,21,27,31,47,48,54" machi="47" ten="40,5200,0" yaku="1,1,8,1,54,1,53,0" doraHai="111" doraHaiUra="130" who="3" fromWho="0" sc="250,-55,299,0,221,0,220,65" /><INIT seed="2,0,0,1,5,125" ten="195,299,221,285" oya="2" hai0="98,102,87,135,51,73,7,52,121,21,128,70,95" hai1="84,130,57,85,29,40,101,133,109,13,96,34,58" hai2="93,68,105,37,80,119,82,104,74,112,1,120,131" hai3="91,94,106,113,11,47,114,32,26,111,116,35,36"/><V16/><F93/><W39/><G116/><T20/><D70/><U2/><E2/><V59/><F119/><W48/><G106/><T97/><D73/><U3/><E3/><V110/><F112/><N who="3" m="43115" /><G111/><T107/><D121/><U19/><E109/><V33/><F120/><W78/><G78/><T126/><D126/><U50/><E29/><V89/><F110/><W38/><G26/><T8/><D135/><U17/><E34/><V83/><F68/><W117/><G11/><T64/><D64/><U5/><E5/><V60/><F37/><W28/><G28/><T65/><D65/><U53/><E19/><V76/><F33/><W44/><G117/><T14/><D87/><U54/><E133/><V12/><F1/><W103/><G103/><T67/><D67/><U88/><E101/><V61/><F61/><W23/><G23/><T115/><D115/><U56/><E40/><V71/><F71/><W127/><G127/><T4/><D4/><U77/><E77/><V90/><F105/><W66/><G66/><T63/><D63/><U75/><E75/><V22/><F104/><W108/><G108/><T122/><D122/><U24/><E24/><V10/><F10/><W62/><G62/><T134/><D134/><U31/><E31/><V6/><F6/><W100/><G100/><T81/><D20/><U86/><E53/><V27/><F27/><W25/><G25/><T69/><D21/><N who="1" m="11439" /><E54/><N who="2" m="33911" /><F74/><W46/><G48/><T79/><D51/><U92/><E50/><V0/><F0/><W118/><G118/><T123/><D123/><U49/><E49/><V43/><F43/><RYUUKYOKU ba="0,0" sc="195,-15,299,15,221,-15,285,15" hai1="56,57,58,84,85,86,88,92,96,130" hai3="32,35,36,38,39,44,46,47,91,94" /><INIT seed="3,1,0,4,0,68" ten="180,314,206,300" oya="3" hai0="0,84,101,129,16,57,85,78,97,114,34,65,64" hai1="76,1,121,7,111,54,41,26,43,122,107,40,12" hai2="79,47,35,99,50,14,45,118,59,13,25,31,33" hai3="20,92,19,38,56,67,94,30,48,112,60,127,93"/><W52/><G127/><T58/><D34/><U133/><E107/><V132/><F132/><W8/><G112/><T123/><D0/><U96/><E1/><V86/><F118/><W100/><G38/><T9/><D123/><U36/><E96/><V119/><F35/><W22/><G100/><T103/><D129/><U62/><E26/><V116/><F99/><W6/><G30/><T49/><D114/><U5/><E76/><V83/><F59/><N who="0" m="22538" /><D49/><U11/><E133/><V95/><F95/><W135/><G135/><T61/><D97/><U15/><E111/><V82/><F47/><N who="3" m="27679" /><G6/><T29/><D29/><U117/><E117/><V2/><F2/><W39/><G39/><T90/><D78/><U73/><E73/><V128/><F128/><W106/><G106/><T63/><D9/><U131/><E131/><V108/><F108/><W113/><G113/><T98/><D98/><U42/><E36/><V105/><F105/><W126/><G126/><T4/><D4/><U102/><E102/><N who="0" m="38921" /><D16/><U87/><E122/><V44/><F119/><W110/><G110/><T130/><D130/><U23/><E121/><V69/><F69/><W24/><G24/><T21/><D21/><U18/><E7/><V115/><F115/><W104/><G104/><T3/><D3/><U72/><E72/><V77/><F116/><W53/><G8/><T88/><D65/><U89/><E11/><V74/><REACH who="2" step="1"/><F45/><REACH who="2" ten="180,314,196,300" step="2"/><W75/><G94/><N who="0" m="54535" /><D64/><U37/><E37/><V124/><F124/><W70/><G67/><T46/><D46/><U17/><E5/><V134/><F134/><W125/><G70/><RYUUKYOKU ba="1,1" sc="180,15,314,-15,196,15,300,-15" hai0="61,63,85,90" hai2="13,14,25,31,33,44,50,74,77,79,82,83,86" /><INIT seed="4,2,1,3,2,63" ten="195,299,211,285" oya="0" hai0="65,96,55,22,116,128,28,62,130,3,105,47,48" hai1="107,91,32,85,89,20,125,122,88,94,27,103,131" hai2="31,132,100,114,112,111,45,41,2,133,90,68,98" hai3="71,10,25,11,16,33,21,77,83,115,42,12,67"/><T9/><D116/><U5/><E32/><V19/><F2/><W99/><G42/><T104/><D3/><U101/><E5/><V123/><F111/><W40/><G40/><T49/><D9/><U126/><E122/><V43/><F123/><W24/><G115/><N who="2" m="44073" /><F90/><N who="1" m="34921" /><E20/><V53/><F31/><W95/><G33/><T18/><D28/><U108/><E27/><N who="3" m="10314" /><G71/><T36/><D49/><U26/><E26/><V56/><F45/><W84/><G67/><T109/><D36/><U73/><E108/><V74/><F74/><W60/><G60/><T58/><D109/><U72/><E131/><N who="0" m="50217" /><D96/><N who="1" m="61927" /><E101/><AGARI ba="2,1" hai="10,11,12,16,21,77,83,84,95,99,101" m="10314" machi="101" ten="30,2000,0" yaku="8,1,54,1" doraHai="63" who="3" fromWho="1" sc="195,0,299,-26,211,0,285,36" /><INIT seed="5,0,0,0,4,135" ten="195,273,211,321" oya="1" hai0="73,134,48,112,97,44,116,99,25,72,57,133,77" hai1="126,39,0,32,34,15,118,59,22,16,76,21,127" hai2="103,92,68,95,131,37,51,107,1,120,74,5,71" hai3="53,14,11,94,86,130,79,82,108,27,101,45,17"/><U46/><E118/><V62/><F74/><N who="0" m="28778" /><D57/><U100/><E76/><V84/><F37/><W111/><G130/><T61/><D61/><U80/><E80/><V104/><F131/><W31/><G45/><T124/><D25/><U26/><E100/><V28/><F120/><W106/><G53/><T64/><D64/><U109/><E59/><V121/><F121/><W70/><G70/><T88/><D77/><U49/><E39/><V3/><F5/><W125/><G125/><N who="1" m="47626" /><E109/><V60/><F84/><W65/><G65/><T96/><D124/><U35/><E0/><V19/><F19/><W110/><G106/><T29/><D29/><N who="1" m="17623" /><E34/><V132/><F51/><W122/><G122/><T123/><D123/><U54/><AGARI ba="0,0" hai="15,16,21,32,35,46,49,54" m="17623,47626" machi="54" ten="30,12000,1" yaku="18,1,52,3,54,1" doraHai="135" who="1" fromWho="1" sc="195,-40,273,120,211,-40,321,-40" /><INIT seed="5,1,0,0,2,133" ten="155,393,171,281" oya="1" hai0="67,108,115,81,41,22,32,56,55,128,43,99,69" hai1="78,26,73,7,10,31,49,101,68,79,123,15,96" hai2="4,9,94,87,42,105,85,107,60,24,58,39,120" hai3="135,20,131,40,30,18,127,72,77,65,100,54,102"/><U92/><E68/><V124/><F120/><W129/><G135/><T52/><D32/><U90/><E123/><V46/><F24/><W132/><G132/><T112/><D112/><U119/><BYE who="0" /><E119/><V64/><F124/><W28/><G65/><T126/><D126/><U118/><E118/><UN n0="%E3%82%A6%E3%83%AB%E3%83%88%E3%83%A9%E7%AB%8B%E7%9B%B4" /><V62/><F62/><W14/><G40/><T82/><D108/><U50/><E73/><V34/><F34/><W6/><G127/><T17/><D115/><U27/><E27/><V35/><F35/><W113/><G113/><T1/><D1/><U89/><E89/><V75/><F75/><W45/><G6/><T86/><D128/><N who="3" m="49225" /><G45/><T74/><D74/><U134/><E134/><V97/><F107/><W71/><G71/><T117/><D117/><U98/><E79/><V91/><REACH who="2" step="1"/><F105/><REACH who="2" ten="155,393,161,281" step="2"/><W57/><G72/><T21/><D69/><U121/><E121/><V59/><F59/><W114/><G114/><T48/><D67/><U83/><E26/><V93/><F93/><W33/><G33/><T5/><D81/><U38/><E83/><V25/><F25/><W3/><G77/><T103/><D5/><U104/><E78/><V11/><F11/><W106/><G106/><T12/><D22/><U37/><E31/><N who="3" m="11818" /><G3/><AGARI ba="1,1" hai="3,4,9,39,42,46,58,60,64,85,87,91,94,97" machi="3" ten="30,3900,0" yaku="1,1,7,1,53,1" doraHai="133" doraHaiUra="36" who="2" fromWho="3" sc="155,0,393,0,161,52,281,-42" /><INIT seed="6,0,0,4,1,15" ten="155,393,213,239" oya="2" hai0="72,62,50,27,22,83,34,40,89,65,11,70,44" hai1="20,37,8,93,3,102,99,60,82,118,105,69,120" hai2="126,96,112,95,129,55,14,10,117,26,81,107,79" hai3="43,2,113,23,6,58,35,25,91,127,54,90,103"/><V123/><F107/><W135/><G127/><T71/><D34/><U13/><E120/><V9/><F123/><W108/><G108/><T128/><D128/><U7/><E37/><V97/><F117/><W80/><G113/><T106/><D106/><U51/><E118/><V67/><F112/><W57/><G103/><T124/><D124/><U5/><E5/><V12/><F26/><W46/><G135/><T49/><D72/><U61/><E69/><V75/><F126/><W109/><G35/><T78/><D78/><U104/><E104/><V31/><F31/><W86/><G109/><T76/><D76/><U17/><E51/><V45/><F67/><W29/><G91/><T56/><D11/><U42/><E42/><V85/><F75/><W74/><G74/><T132/><D132/><U19/><E82/><V111/><F129/><W77/><G77/><T100/><D100/><U84/><E105/><V134/><F134/><W33/><G33/><T21/><D83/><U1/><E84/><V39/><F111/><W121/><G121/><T63/><D89/><U47/><E47/><V48/><F39/><W16/><G29/><T38/><D21/><U87/><E87/><V59/><F45/><W73/><G73/><T133/><D133/><U114/><E114/><V64/><F64/><W24/><G24/><T32/><D32/><U4/><E3/><V110/><F110/><W116/><G116/><T115/><D115/><U36/><E1/><V122/><F122/><W0/><G6/><N who="1" m="2090" /><E36/><V98/><F95/><W101/><G101/><T131/><D131/><U18/><E8/><AGARI ba="0,0" hai="8,9,10,12,14,48,55,59,79,81,85,96,97,98" machi="8" ten="40,3900,0" yaku="6,1,8,1" doraHai="15" who="2" fromWho="1" sc="155,0,393,-39,213,39,239,0" /><INIT seed="6,1,0,0,0,72" ten="155,354,252,239" oya="2" hai0="129,116,44,86,124,17,20,32,56,121,65,11,97" hai1="58,117,122,126,19,83,120,24,106,3,36,111,71" hai2="12,108,78,75,7,102,8,59,133,35,10,22,130" hai3="114,43,92,134,55,118,98,84,0,112,85,132,48"/><V9/><F35/><W18/><G0/><T74/><D74/><U113/><E24/><V28/><F133/><N who="3" m="51307" /><G43/><T127/><D32/><U96/><E19/><V54/><F102/><N who="3" m="60743" /><G18/><T91/><D121/><U60/><E83/><V42/><F42/><W81/><G118/><T50/><D129/><U64/><E96/><V47/><F47/><W63/><G63/><T23/><D116/><U109/><E58/><V94/><F130/><W40/><G40/><T110/><D110/><U31/><E31/><V29/><F108/><W79/><G84/><T41/><D97/><U21/><E21/><V4/><F94/><W123/><G123/><T33/><D33/><U16/><E16/><V26/><F29/><W95/><G95/><T76/><D76/><U30/><E30/><V115/><F115/><N who="3" m="44075" /><G48/><T99/><D99/><U6/><E6/><V93/><F93/><W125/><G55/><T46/><D46/><U25/><E60/><V104/><F104/><W88/><G125/><T70/><D70/><U69/><E69/><V87/><F75/><W57/><G57/><T27/><D11/><U45/><E45/><V73/><F73/><W2/><G2/><T100/><D65/><U14/><E120/><V37/><F37/><W34/><G34/><T5/><D100/><U53/><E117/><V39/><F39/><W51/><G51/><T101/><D101/><U62/><E36/><V66/><F66/><W119/><G119/><T68/><D68/><U80/><E113/><V82/><F4/><W67/><G67/><T1/><D5/><U89/><E122/><V107/><F107/><RYUUKYOKU ba="1,0" sc="155,-15,354,-15,252,15,239,15" hai2="7,8,9,10,12,22,26,28,54,59,78,82,87" hai3="79,81,85,88" /><INIT seed="6,2,0,1,1,19" ten="140,339,267,254" oya="2" hai0="28,11,67,95,117,8,114,122,58,103,85,96,34" hai1="73,21,37,3,50,97,87,59,56,113,6,17,83" hai2="82,125,88,57,46,36,94,18,116,12,35,131,62" hai3="14,86,98,27,79,63,78,128,64,31,105,107,72"/><V16/><F35/><W101/><G128/><T69/><D122/><U45/><E37/><V99/><F116/><W9/><G107/><T129/><D117/><U84/><E73/><V111/><F131/><W93/><G72/><T90/><D114/><U100/><E113/><V76/><F125/><W15/><G105/><T44/><D129/><U53/><E6/><V13/><F36/><W61/><G86/><N who="1" m="32810" /><E3/><V68/><F68/><W135/><G135/><T5/><D5/><U20/><E83/><V118/><F118/><W42/><G42/><T115/><D115/><U102/><E17/><V0/><F0/><W38/><G38/><T77/><D77/><N who="3" m="29193" /><G9/><T32/><D32/><U2/><E2/><V30/><F46/><W91/><G91/><T89/><D44/><U4/><E4/><V132/><F132/><W133/><G133/><T127/><D58/><N who="1" m="22059" /><E97/><V23/><F76/><W81/><G81/><T66/><D127/><U7/><E7/><V109/><F82/><W49/><G49/><T25/><D67/><U70/><E70/><V54/><REACH who="2" step="1"/><F30/><REACH who="2" ten="140,339,257,254" step="2"/><W121/><G121/><T80/><D80/><U33/><E33/><V52/><F52/><W40/><G64/><T120/><D120/><U51/><E51/><V124/><F124/><W65/><G65/><T26/><D66/><U1/><E1/><V104/><F104/><W126/><G126/><T110/><D69/><U43/><E53/><V112/><F112/><W24/><G40/><T10/><D28/><U75/><E75/><V41/><F41/><W55/><G55/><T106/><D34/><U48/><E48/><RYUUKYOKU ba="2,1" sc="140,-15,339,15,257,15,254,-15" hai1="20,21,43,45,50,100,102" hai2="12,13,16,18,23,54,57,62,88,94,99,109,111" /><INIT seed="6,3,1,3,1,29" ten="125,354,272,239" oya="2" hai0="101,42,22,86,100,122,97,2,68,61,60,37,26" hai1="115,27,105,131,38,116,133,82,96,121,39,30,113" hai2="46,118,43,19,15,18,57,31,70,114,69,51,126" hai3="74,91,94,119,33,87,35,20,132,32,24,125,81"/><V4/><F118/><W95/><G119/><T110/><D2/><U111/><E116/><V84/><F114/><N who="1" m="43529" /><E111/><V17/><F126/><W62/><G125/><T66/><D110/><U124/><E124/><V14/><F57/><W8/><G132/><T53/><D122/><U90/><E121/><V49/><F31/><W128/><G128/><T129/><D129/><U117/><E117/><V25/><F25/><W44/><G74/><T45/><D86/><N who="1" m="50519" /><E131/><V79/><F51/><W102/><G8/><T36/><D100/><N who="1" m="62599" /><E133/><V88/><F79/><W109/><G109/><T75/><D75/><U3/><E3/><V135/><F135/><W83/><G44/><T134/><D134/><U10/><E10/><V13/><REACH who="2" step="1"/><F4/><REACH who="2" ten="125,354,262,239" step="2"/><W0/><G62/><T107/><D37/><U7/><E7/><V48/><F48/><W80/><G0/><T112/><D112/><U23/><AGARI ba="3,2" hai="23,27,30,38,39" m="62599,50519,43529" machi="23" ten="30,1100,0" yaku="15,1" doraHai="29" who="1" fromWho="1" sc="125,-6,354,40,262,-8,239,-6" /><INIT seed="7,0,0,0,4,60" ten="119,394,254,233" oya="3" hai0="48,9,119,131,20,50,4,41,109,80,12,21,111" hai1="62,7,74,118,132,126,114,81,133,43,128,65,97" hai2="10,83,29,71,113,42,15,68,130,99,17,45,55" hai3="103,96,40,36,98,72,69,86,120,22,124,59,82"/><W58/><G120/><T102/><D131/><U90/><E43/><V104/><F130/><W77/><G124/><T51/><D119/><U92/><E118/><V2/><F2/><W89/><G69/><T3/><D3/><U100/><E128/><V16/><F29/><W88/><G36/><T24/><D111/><U95/><E7/><V8/><F55/><W78/><G40/><T66/><D109/><U27/><E27/><V46/><F83/><N who="3" m="45479" /><G22/><T101/><D41/><U107/><E114/><V117/><F117/><W94/><G58/><T52/><D102/><U37/><E37/><V75/><F75/><N who="3" m="43359" /><G59/><T110/><D101/><U38/><E38/><V93/><F42/><W129/><G129/><T127/><D110/><U106/><E126/><V70/><F104/><N who="3" m="63591" /><G89/><T34/><D34/><U28/><E28/><V123/><F123/><W67/><G67/><T108/><D108/><U54/><E54/><V134/><F8/><W13/><G13/><T125/><D127/><U19/><E19/><V85/><F17/><W112/><G112/><T25/><D125/><U35/><E35/><V91/><F113/><W122/><G122/><T57/><D66/><U44/><E65/><V61/><F45/><W0/><G0/><T121/><D121/><U26/><E26/><V64/><F46/><W76/><G76/><T30/><REACH who="0" step="1"/><D80/><REACH who="0" ten="109,394,254,233" step="2"/><U31/><E81/><V11/><F64/><W32/><G32/><T79/><D79/><U47/><E47/><V6/><F61/><W5/><G5/><T56/><D56/><U116/><E62/><V49/><F6/><W23/><G23/><RYUUKYOKU ba="0,1" sc="109,15,394,-15,254,-15,233,15" hai0="4,9,12,20,21,24,25,30,48,50,51,52,57" hai3="86,88,94,98" /><INIT seed="7,1,1,0,5,1" ten="124,379,239,248" oya="3" hai0="60,118,85,10,103,2,123,73,40,124,114,130,93" hai1="134,0,11,92,19,79,75,4,39,89,23,51,95" hai2="17,87,47,63,38,96,126,8,117,36,13,106,127" hai3="27,131,20,65,116,67,107,15,101,25,6,120,61"/><W49/><G120/><T37/><D123/><U35/><E134/><V54/><F117/><W24/><G116/><T33/><D118/><U42/><E35/><V14/><F87/><W68/><G131/><T115/><D33/><U28/><E28/><V128/><F128/><W88/><G67/><T56/><D73/><U121/><E51/><N who="2" m="29055" /><F63/><W7/><G49/><T72/><D72/><U32/><E89/><V26/><F26/><W82/><G107/><T113/><D130/><U53/><E53/><V71/><F71/><W129/><G101/><T76/><D124/><N who="2" m="47658" /><F14/><W74/><G129/><T44/><D76/><U46/><E32/><V34/><F34/><W66/><G66/><T59/><D60/><U86/><E86/><V110/><F110/><W70/><G70/><T50/><D37/><U41/><E41/><V77/><F77/><W48/><G74/><T109/><D109/><U100/><E100/><AGARI ba="1,1" hai="8,13,17,36,38,96,100,106" m="47658,29055" machi="100" ten="30,1000,0" yaku="18,1" doraHai="1" who="2" fromWho="1" sc="124,0,379,-13,239,23,248,0" owari="124,-38.0,366,47.0,262,6.0,248,-15.0" /></mjloggm>