<mjloggm ver="2.3"><GO type="97" lobby="0"/><UN n0="%4A%61%6B%65%52" n1="%E3%82%AA%E3%83%AA%E3%83%B3%E3%83%94%E3%82%B3" n2="%E5%B0%B1%E6%B4%BB%E7%94%9F%40%E5%B7%9D%E6%9D%91%E8%BB%8D%E5%9B%A3" n3="%E9%88%B4%E6%9C%A8%E6%84%9B%E7%90%86" dan="15,15,15,14" rate="1947.17,1883.33,1980.44,1894.48" sx="M,M,M,F"/><TAIKYOKU oya="0"/><INIT seed="0,0,0,2,1,72" ten="250,250,250,250" oya="0" hai0="31,25,63,40,71,34,1,115,12,108,43,51,64" hai1="61,26,50,78,87,84,62,112,131,47,119,4,117" hai2="13,55,99,82,45,48,132,98,86,96,60,109,130" hai3="56,83,85,19,20,42,90,97,2,69,77,46,11"/><T92/><D115/><U93/><E112/><V106/><F109/><W58/><G69/><T120/><D1/><U73/><E131/><V59/><F130/><W103/><G11/><T10/><D120/><U54/><E4/><V38/><F132/><W23/><G90/><T41/><D108/><U104/><E104/><V8/><F38/><W125/><G2/><T0/><D92/><U75/><E26/><V52/><F106/><W135/><G135/><T30/><D0/><U80/><E93/><V122/><F122/><W129/><G129/><T105/><D31/><U15/><E15/><V102/><F102/><W121/><G121/><T74/><D74/><U126/><E126/><V16/><F99/><W128/><G128/><T5/><REACH who="0" step="1"/><D105/><REACH who="0" ten="240,250,250,250" step="2"/><U116/><E73/><V33/><F33/><W39/><G125/><T101/><D101/><U76/><E75/><V22/><REACH who="2" step="1"/><F22/><REACH who="2" ten="240,250,240,250" step="2"/><W133/><G23/><T127/><D127/><U88/><E87/><V32/><F32/><W100/><G133/><T9/><D9/><U27/><E116/><V65/><F65/><W37/><G103/><T94/><D94/><U111/><E111/><V68/><F68/><W3/><G100/><T29/><D29/><U81/><E117/><V53/><F53/><W36/><G20/><T17/><D17/><U70/><E70/><V107/><F107/><W21/><G19/><T124/><D124/><U28/><E119/><V66/><F66/><W114/><G21/><T95/><D95/><U67/><E67/><V123/><F123/><W44/><G114/><T110/><D110/><U18/><E84/><RYUUKYOKU ba="0,2" sc="240,15,250,-15,240,15,250,-15" hai0="5,10,12,25,30,34,40,41,43,51,63,64,71" hai2="8,13,16,45,48,52,55,59,60,82,86,96,98" /><INIT seed="0,1,2,4,3,78" ten="255,235,255,235" oya="0" hai0="133,108,13,93,103,33,38,44,51,16,45,69,75" hai1="99,120,2,114,48,71,0,49,58,31,25,123,23" hai2="3,50,47,121,22,42,60,4,41,6,127,5,39" hai3="119,79,118,92,98,61,76,43,88,37,116,86,91"/><T96/><D33/><U40/><E71/><V132/><F121/><W28/><G28/><T82/><D69/><U67/><E114/><V9/><F132/><W81/><REACH who="3" step="1"/><G61/><REACH who="3" ten="255,235,255,225" step="2"/><T97/><D133/><U1/><E123/><V124/><F60/><W135/><G135/><T19/><D108/><U100/><E120/><V17/><F39/><W14/><G14/><T66/><D38/><U130/><E0/><V26/><F41/><W55/><G55/><T21/><D66/><U84/><E1/><V89/><F89/><W85/><G85/><T72/><D96/><U106/><E2/><V12/><REACH who="2" step="1"/><F3/><REACH who="2" ten="255,235,245,225" step="2"/><W128/><G128/><T125/><D72/><U134/><E40/><V34/><F34/><W54/><G54/><T126/><D75/><U105/><E130/><V129/><F129/><W32/><G32/><T109/><D109/><U122/><E134/><V62/><F62/><W104/><G104/><T27/><D82/><U7/><E106/><V87/><F87/><W52/><G52/><T64/><D64/><U74/><E74/><V113/><F113/><W20/><G20/><N who="0" m="11279" /><D51/><U68/><E122/><V18/><AGARI ba="1,4" hai="4,5,6,9,12,17,18,22,26,42,47,50,124,127" machi="18" ten="30,2000,0" yaku="1,1,0,1,53,0" doraHai="78" doraHaiUra="65" who="2" fromWho="2" sc="255,-11,235,-6,245,63,225,-6" /><INIT seed="1,0,0,1,2,113" ten="244,229,308,219" oya="1" hai0="86,29,51,8,78,116,32,88,28,85,42,79,92" hai1="93,26,45,34,69,106,40,117,36,108,4,81,12" hai2="3,94,132,97,128,49,59,5,76,2,77,38,20" hai3="105,24,98,33,18,71,115,122,9,54,1,39,27"/><U95/><E106/><V103/><F38/><W107/><G122/><T131/><D116/><U37/><E37/><V25/><F128/><W22/><G115/><T61/><D131/><U127/><E127/><V17/><F132/><W19/><G39/><T114/><D114/><U31/><E117/><V63/><F49/><W123/><G123/><T135/><D135/><U65/><E81/><V96/><F96/><W112/><G112/><T126/><D126/><U62/><REACH who="1" step="1"/><E108/><REACH who="1" ten="244,219,308,219" step="2"/><V58/><F77/><W110/><G110/><T46/><D78/><U129/><E129/><V30/><F76/><W52/><G107/><T21/><D79/><U120/><E120/><V133/><F133/><W118/><G105/><T83/><D83/><U57/><E57/><V7/><F59/><W89/><G118/><T72/><D72/><U43/><E43/><V101/><F101/><W104/><G104/><T47/><D42/><U13/><E13/><V102/><F102/><W35/><G71/><T15/><D15/><U70/><E70/><V67/><F2/><W16/><G1/><T87/><D47/><U73/><E73/><V99/><F3/><W119/><G119/><T91/><D46/><U56/><E56/><V121/><F121/><W109/><G109/><T44/><D44/><U66/><E66/><V75/><F75/><W125/><G125/><T53/><D91/><U55/><E55/><V41/><F41/><W23/><G35/><T134/><D53/><U74/><E74/><V6/><F97/><W14/><G33/><T50/><D32/><U10/><AGARI ba="0,1" hai="4,10,12,26,31,34,36,40,45,62,65,69,93,95" machi="10" ten="30,3000,0" yaku="1,1,0,1,53,0" doraHai="113" doraHaiUra="84" who="1" fromWho="1" sc="244,-10,219,40,308,-10,219,-10" /><INIT seed="1,1,0,5,4,68" ten="234,259,298,209" oya="1" hai0="127,39,32,117,72,90,107,59,74,110,135,118,104" hai1="54,101,102,80,77,63,129,126,51,44,38,103,55" hai2="67,43,26,70,31,125,73,62,76,18,71,108,88" hai3="8,20,94,99,61,30,114,106,6,36,16,124,1"/><U37/><E126/><V122/><F71/><W3/><G114/><T82/><D59/><U115/><E115/><V60/><F122/><W100/><G124/><T21/><D21/><U14/><E129/><V65/><F125/><W42/><G30/><T84/><D32/><U79/><E14/><V45/><F108/><W13/><G61/><T49/><D49/><U56/><REACH who="1" step="1"/><E77/><REACH who="1" ten="234,249,298,209" step="2"/><V5/><F76/><W92/><REACH who="3" step="1"/><G1/><REACH who="3" ten="234,249,298,199" step="2"/><T91/><D127/><U48/><E48/><V41/><F62/><W46/><AGARI ba="1,2" hai="3,6,8,13,16,20,36,42,46,92,94,99,100,106" machi="46" ten="30,8000,1" yaku="1,1,2,1,0,1,52,1,54,1,53,0" doraHai="68" doraHaiUra="57" who="3" fromWho="3" sc="234,-21,249,-41,298,-21,199,103" /><INIT seed="2,0,0,4,0,2" ten="213,208,277,302" oya="2" hai0="65,37,43,104,31,48,64,90,18,109,123,50,26" hai1="32,96,89,106,58,52,125,87,131,107,88,133,86" hai2="21,116,119,59,49,68,51,62,0,70,12,34,13" hai3="24,82,29,94,80,14,7,20,129,74,1,110,36"/><V38/><F0/><W114/><G36/><T126/><D123/><U135/><E32/><V128/><F38/><W54/><G110/><T122/><D109/><U118/><E118/><V42/><F34/><W40/><G129/><T85/><D122/><U4/><E4/><V92/><F128/><W60/><G114/><T5/><D104/><U111/><E131/><V8/><F70/><W10/><G40/><T69/><D37/><U95/><E111/><V101/><F68/><W100/><G74/><T44/><D31/><U79/><E125/><V102/><F116/><W28/><G28/><T93/><D69/><U39/><E39/><V57/><F119/><W63/><G1/><T17/><D126/><U27/><E27/><V22/><F92/><W41/><G41/><T121/><D121/><U71/><E71/><V72/><F72/><W115/><G115/><T55/><D5/><U11/><E11/><V81/><F8/><W30/><G30/><T134/><D134/><N who="1" m="51211" /><E79/><V132/><F42/><W91/><G100/><T84/><D84/><N who="1" m="32299" /><E89/><V108/><F132/><W99/><G63/><AGARI ba="0,0" hai="52,58,63,88,95,96,106,107" m="32299,51211" machi="63" ten="30,3900,0" yaku="20,1,54,2" doraHai="2" who="1" fromWho="3" sc="213,0,208,39,277,0,302,-39" /><INIT seed="3,0,0,4,3,23" ten="213,247,277,263" oya="3" hai0="60,14,119,65,111,115,97,39,52,25,57,130,108" hai1="83,11,3,13,33,67,90,68,64,79,106,96,35" hai2="15,85,26,32,30,51,74,19,112,37,63,93,4" hai3="76,87,28,110,132,127,8,126,114,86,81,109,59"/><W46/><G114/><T107/><D119/><U116/><E3/><V71/><F74/><W128/><G128/><T125/><D130/><U70/><E116/><V105/><F37/><W27/><G132/><T9/><D115/><U61/><E68/><V53/><F105/><W18/><G46/><T88/><D39/><U34/><E67/><V135/><F112/><W49/><G49/><T72/><D72/><U12/><E11/><V48/><F135/><W1/><G59/><T103/><D125/><U134/><E134/><V99/><F4/><N who="3" m="1039" /><G18/><T0/><D0/><U56/><E70/><V78/><F78/><W69/><G87/><T75/><D75/><U104/><E104/><V91/><F99/><W24/><G69/><T94/><D25/><N who="3" m="9801" /><G28/><T47/><D47/><U89/><E106/><V36/><F36/><W7/><G7/><T131/><D131/><U45/><E45/><V92/><F92/><W95/><G95/><T44/><D44/><U50/><E50/><V22/><REACH who="2" step="1"/><F53/><REACH who="2" ten="213,247,267,263" step="2"/><W31/><G31/><T42/><D42/><U66/><E96/><V73/><F73/><W43/><G43/><T38/><D38/><U58/><E79/><V122/><F122/><W80/><G80/><T29/><D29/><U17/><E83/><V20/><F20/><W124/><AGARI ba="0,1" hai="76,81,86,109,110,124,126,127" m="9801,1039" machi="124" ten="40,12000,1" yaku="18,1,52,3" doraHai="23" who="3" fromWho="3" sc="213,-40,247,-40,267,-40,263,130" owari="173,-33.0,207,-19.0,227,3.0,393,49.0" /></mjloggm>