<mjloggm ver="2.3"><GO type="169" lobby="0"/><UN n0="%E3%81%BE%E3%81%82%E3%81%BC%E3%81%86%E5%A4%A7%E4%BD%90" n1="%E3%81%A9%E3%81%B0%E3%81%A8%E3%81%A1%E3%82%83%E3%82%93" n2="%77%61%74%65%72%40%73%72" n3="%E3%82%A6%E3%83%AB%E3%83%88%E3%83%A9%E7%AB%8B%E7%9B%B4" dan="16,16,16,17" rate="2059.20,2066.84,2110.62,2110.10" sx="F,F,M,M"/><TAIKYOKU oya="0"/><INIT seed="0,0,0,2,5,11" ten="250,250,250,250" oya="0" hai0="100,104,65,91,114,53,2,69,37,23,40,105,59" hai1="122,30,16,117,38,57,71,33,93,99,21,96,60" hai2="78,124,9,26,86,58,83,95,35,73,85,79,129" hai3="135,48,103,25,22,39,133,97,8,19,77,47,107"/><T119/><D119/><U41/><E117/><V10/><F124/><W110/><G39/><T56/><D114/><U12/><E122/><V46/><F129/><W31/><G77/><T15/><D2/><U45/><E71/><V7/><F58/><W4/><G31/><T1/><D1/><U81/><E81/><V89/><F35/><W20/><G20/><T34/><D34/><U44/><E44/><V42/><F26/><W126/><G110/><T76/><D100/><U118/><E118/><V52/><F78/><W51/><G126/><T102/><D102/><U62/><E93/><V121/><F121/><W67/><G67/><T92/><D76/><U5/><E5/><V13/><F10/><W130/><G130/><T90/><D90/><U72/><E72/><V66/><F66/><W29/><G29/><T55/><D69/><U131/><E131/><V108/><F108/><W68/><G68/><T6/><D65/><U125/><E125/><V32/><F32/><W80/><G80/><T70/><D70/><U94/><E94/><V84/><REACH who="2" step="1"/><F52/><REACH who="2" ten="250,250,240,250" step="2"/><W127/><G127/><T120/><D120/><U87/><E57/><V50/><AGARI ba="0,1" hai="7,9,13,42,46,50,73,79,83,84,85,86,89,95" machi="50" ten="20,8000,1" yaku="1,1,2,1,0,1,7,1,52,1,53,0" doraHai="11" doraHaiUra="27" who="2" fromWho="2" sc="250,-40,250,-20,240,90,250,-20" /><INIT seed="1,0,0,2,1,23" ten="210,230,330,230" oya="1" hai0="106,91,113,102,17,29,95,4,101,24,126,50,61" hai1="131,18,21,93,71,132,100,130,40,96,65,12,98" hai2="51,0,129,70,105,74,128,10,48,15,22,56,76" hai3="43,58,69,59,9,67,85,14,57,30,103,82,16"/><U27/><E132/><V7/><F105/><W64/><G69/><T35/><D126/><U81/><E40/><V11/><F70/><W41/><G103/><T112/><D4/><U20/><E81/><N who="2" m="45207" /><F22/><W33/><G33/><T73/><D73/><U104/><E65/><N who="3" m="25162" /><G30/><T117/><D117/><U54/><E54/><V123/><F123/><W1/><G1/><T68/><D102/><U133/><E71/><V25/><F56/><N who="3" m="14339" /><W94/><DORA hai="99" /><G94/><T53/><D101/><U109/><E109/><V55/><F55/><W110/><G110/><T49/><D106/><U31/><REACH who="1" step="1"/><E133/><REACH who="1" ten="210,220,330,230" step="2"/><V87/><F128/><W13/><G13/><T119/><D68/><U116/><E116/><V62/><F129/><W135/><G135/><T122/><D119/><U32/><E32/><V72/><F62/><W80/><G80/><T34/><D61/><U44/><E44/><V45/><F45/><W111/><G111/><T120/><D34/><U46/><E46/><V38/><F38/><W125/><G125/><T124/><D124/><U66/><E66/><V86/><F48/><W84/><G82/><T118/><D50/><U6/><E6/><V121/><F51/><W28/><G43/><T63/><D63/><U47/><E47/><V26/><F7/><W79/><G41/><T60/><D60/><U92/><E92/><V108/><F108/><W3/><G3/><T88/><D95/><U37/><E37/><V2/><F0/><W75/><G75/><T42/><D42/><U78/><E78/><V114/><F2/><W5/><G79/><T90/><D118/><U19/><E19/><RYUUKYOKU ba="0,1" sc="210,-10,220,30,330,-10,230,-10" hai1="12,18,20,21,27,31,93,96,98,100,104,130,131" /><INIT seed="1,1,1,5,1,128" ten="200,250,320,220" oya="1" hai0="37,58,80,4,115,100,131,48,111,117,118,108,114" hai1="5,120,74,76,19,22,47,119,57,45,60,9,92" hai2="73,6,10,30,17,32,75,71,11,77,36,98,51" hai3="13,28,31,63,54,133,107,67,3,64,105,95,113"/><U102/><E119/><N who="0" m="45577" /><D4/><U21/><E120/><V65/><F36/><W78/><G3/><T79/><D37/><U25/><E21/><V70/><F17/><W26/><G113/><N who="0" m="43019" /><D48/><U44/><E76/><V121/><F121/><W90/><G78/><T61/><D58/><U135/><E74/><V23/><F32/><W93/><G54/><T116/><D61/><U103/><E135/><V126/><F51/><W41/><G13/><T2/><D2/><U59/><E92/><V129/><F6/><W89/><G26/><T85/><D116/><U8/><E59/><V99/><F23/><W29/><G63/><T38/><D38/><U106/><E106/><V24/><F77/><W81/><G81/><T1/><D1/><U134/><E134/><V27/><F30/><W104/><G133/><T46/><D46/><U15/><REACH who="1" step="1"/><E9/><REACH who="1" ten="200,240,320,220" step="2"/><V127/><F65/><AGARI ba="1,2" hai="5,8,15,19,22,25,44,45,47,57,60,65,102,103" machi="65" ten="40,7700,0" yaku="1,1,2,1,8,1,53,0" doraHai="128" doraHaiUra="125" who="1" fromWho="2" sc="200,0,240,100,320,-80,220,0" /><INIT seed="1,2,0,2,1,1" ten="200,340,240,220" oya="1" hai0="132,79,119,39,96,28,127,75,120,122,81,95,10" hai1="70,59,47,89,93,42,69,116,68,25,118,99,61" hai2="9,125,21,45,64,82,113,134,102,115,106,71,105" hai3="76,60,17,19,51,50,52,56,41,63,87,65,111"/><U129/><E25/><V24/><F125/><W29/><G111/><T3/><D28/><U8/><E129/><V110/><F110/><W16/><G29/><T43/><D127/><U117/><E8/><V36/><F134/><W72/><G72/><T58/><D58/><U103/><E103/><V123/><F123/><W131/><G131/><T97/><D119/><U49/><REACH who="1" step="1"/><E118/><REACH who="1" ten="200,330,240,220" step="2"/><V15/><F102/><W46/><G65/><AGARI ba="2,1" hai="42,47,49,59,61,65,68,69,70,89,93,99,116,117" machi="65" ten="40,3900,0" yaku="1,1,2,1,53,0" doraHai="1" doraHaiUra="80" who="1" fromWho="3" sc="200,0,330,55,240,0,220,-45" /><INIT seed="1,3,0,5,0,11" ten="200,385,240,175" oya="1" hai0="130,39,9,120,1,60,83,132,69,118,89,112,2" hai1="56,32,88,4,48,75,134,29,26,49,31,54,119" hai2="97,53,47,42,81,131,115,3,74,92,76,43,66" hai3="57,18,37,126,93,8,21,101,12,104,127,58,63"/><U70/><E119/><V91/><F3/><W6/><G104/><T123/><D118/><U45/><E70/><V19/><F131/><W116/><G37/><T108/><D112/><U33/><E75/><V100/><F115/><W128/><G116/><T22/><D130/><U125/><E134/><V65/><F53/><W13/><G128/><T40/><D132/><U117/><E125/><V35/><F35/><W24/><G58/><T110/><D22/><U68/><E68/><V71/><F71/><W36/><G36/><T5/><D89/><U102/><E102/><V7/><F7/><W0/><G93/><T77/><D1/><U10/><E29/><V34/><F34/><W64/><REACH who="3" step="1"/><G101/><REACH who="3" ten="200,385,240,165" step="2"/><T78/><D39/><U72/><E56/><V61/><F100/><W94/><G94/><T55/><D69/><U114/><E117/><V52/><F92/><W135/><G135/><T85/><D123/><U121/><E121/><V122/><F122/><W80/><G80/><T16/><D120/><U129/><E129/><V20/><F81/><W51/><G51/><T46/><D83/><U67/><E48/><V87/><F61/><W98/><G98/><T107/><D60/><U86/><E49/><V38/><F97/><W27/><G27/><T105/><D107/><U73/><E26/><V82/><F82/><W103/><G103/><T96/><D105/><U59/><E59/><V106/><F38/><W84/><G84/><T14/><D96/><U17/><E86/><V25/><F106/><W15/><AGARI ba="3,1" hai="0,6,8,12,13,15,18,21,24,57,63,64,126,127" machi="15" ten="30,8000,1" yaku="1,1,0,1,52,3,53,0" doraHai="11" doraHaiUra="30" who="3" fromWho="3" sc="200,-23,385,-43,240,-23,165,99" /><INIT seed="2,0,0,3,4,12" ten="177,342,217,264" oya="2" hai0="120,117,73,35,58,55,22,28,54,115,69,118,0" hai1="63,106,113,47,107,110,9,8,89,94,81,67,40" hai2="76,71,126,31,20,19,129,114,64,102,116,92,105" hai3="72,108,85,56,25,82,100,121,127,87,42,41,132"/><V1/><F1/><W3/><G3/><T43/><D69/><U77/><E113/><V48/><F116/><N who="0" m="44650" /><D0/><U96/><E110/><V119/><F105/><W24/><G72/><T128/><D120/><U49/><E107/><V10/><F114/><W101/><G121/><T74/><D115/><U15/><E106/><V57/><F71/><W2/><G2/><T6/><D6/><U60/><E67/><V134/><F76/><W16/><G127/><T91/><D128/><U75/><E9/><V131/><F119/><W88/><G132/><T14/><D43/><N who="3" m="16393" /><G108/><T70/><D70/><U4/><AGARI ba="0,0" hai="4,8,15,40,47,49,60,63,75,77,81,89,94,96" machi="4" ten="20,1500,0" yaku="0,1,7,1" doraHai="12" who="1" fromWho="1" sc="177,-4,342,15,217,-7,264,-4" /><INIT seed="3,0,0,2,1,50" ten="173,357,210,260" oya="3" hai0="27,15,66,8,128,43,104,95,32,132,65,121,87" hai1="108,45,51,96,37,41,4,115,6,112,120,0,117" hai2="81,125,5,69,82,114,100,75,101,103,35,30,107" hai3="33,36,93,7,74,135,88,46,71,13,79,22,19"/><W99/><G135/><T26/><D132/><U68/><E120/><V44/><F69/><W134/><G134/><T18/><D121/><U92/><E68/><V106/><F5/><W17/><G33/><T86/><D104/><N who="2" m="39978" /><F30/><W53/><G71/><T122/><D128/><U14/><E108/><V116/><F44/><W38/><G7/><T90/><D122/><U133/><E117/><V1/><F1/><W49/><G79/><T3/><D3/><U57/><E0/><V24/><F24/><N who="0" m="9258" /><D32/><U54/><E133/><V84/><F35/><W80/><G74/><T123/><D43/><U59/><E59/><V91/><F116/><W109/><G109/><T21/><D123/><U28/><E28/><V111/><F111/><W48/><G80/><T110/><D110/><U11/><REACH who="1" step="1"/><E6/><REACH who="1" ten="173,347,210,260" step="2"/><V126/><F114/><W130/><G130/><T56/><D56/><U34/><E34/><V89/><F75/><W78/><G78/><T73/><D73/><U40/><E40/><V83/><F84/><W113/><G113/><T131/><D86/><U52/><E52/><V127/><AGARI ba="0,1" hai="81,82,83,89,91,100,101,103,125,126,127" m="39978" machi="127" ten="50,12000,2" yaku="29,2,28,2,18,1,34,2" doraHai="50" who="2" fromWho="2" sc="173,-30,347,-30,210,130,260,-60" /><INIT seed="4,0,0,5,1,56" ten="143,317,340,200" oya="0" hai0="93,22,11,120,121,9,15,49,115,69,84,77,108" hai1="29,131,96,88,23,92,58,135,91,25,19,7,51" hai2="36,122,125,59,38,89,18,68,82,130,116,117,46" hai3="41,2,90,104,73,124,66,107,72,4,27,106,99"/><T55/><D69/><U10/><E131/><V111/><F68/><W65/><G4/><T75/><D75/><U123/><E123/><V67/><F111/><W118/><G2/><T134/><D121/><U129/><E135/><V127/><F122/><W6/><G6/><T24/><D120/><U105/><E105/><V85/><F130/><W113/><G41/><T42/><D42/><U61/><E29/><V112/><F112/><W62/><G118/><N who="2" m="45673" /><F18/><W81/><G113/><T100/><D115/><U64/><E51/><V95/><F95/><W0/><G0/><T52/><D134/><U43/><E43/><N who="2" m="22887" /><F38/><W57/><G124/><T28/><D108/><U86/><E129/><V32/><F32/><W114/><G114/><T39/><D39/><U128/><E128/><V5/><F5/><W133/><G133/><T79/><D15/><N who="1" m="5599" /><E86/><V60/><AGARI ba="0,0" hai="59,60,67,82,85,89,125,127" m="22887,45673" machi="60" ten="30,2000,0" yaku="12,1,52,1" doraHai="56" who="2" fromWho="2" sc="143,-10,317,-5,340,20,200,-5" /><INIT seed="5,0,0,5,5,100" ten="133,312,360,195" oya="1" hai0="82,63,59,95,114,81,23,47,92,111,128,19,40" hai1="17,58,84,36,4,122,121,71,50,132,10,70,120" hai2="31,123,96,65,16,67,37,97,0,44,55,9,43" hai3="57,22,27,53,60,86,3,15,11,106,56,135,125"/><U33/><E36/><V133/><F123/><W21/><G125/><T117/><D128/><U14/><E33/><V108/><F108/><W126/><G126/><T6/><D114/><U8/><E132/><V130/><F31/><W104/><G135/><T38/><D6/><U54/><REACH who="1" step="1"/><E84/><REACH who="1" ten="133,302,360,195" step="2"/><V102/><F133/><W79/><G86/><T89/><D111/><U30/><E30/><V103/><F130/><W49/><G79/><T98/><D117/><U87/><E87/><V129/><F129/><W93/><G3/><AGARI ba="0,1" hai="3,4,8,10,14,17,50,54,58,70,71,120,121,122" machi="3" ten="40,2000,0" yaku="1,1,53,0" doraHai="100" doraHaiUra="20" who="1" fromWho="3" sc="133,0,302,30,360,0,195,-20" /><INIT seed="5,1,0,3,4,103" ten="133,332,360,175" oya="1" hai0="133,29,23,9,81,51,4,71,16,72,33,93,32" hai1="108,57,66,60,14,12,82,96,3,65,26,83,22" hai2="94,126,13,15,61,38,30,35,25,79,102,1,45" hai3="114,118,128,90,24,39,10,107,56,46,75,53,116"/><U132/><E3/><V130/><F1/><W127/><G75/><T7/><D71/><U131/><E131/><V18/><F130/><W112/><G128/><T76/><D133/><U67/><E132/><V0/><F0/><W58/><G90/><T84/><D32/><U42/><E42/><V74/><F126/><W121/><G24/><T36/><D36/><U31/><E108/><V97/><F79/><W122/><G10/><T134/><D134/><U106/><E106/><V41/><F74/><W73/><G107/><T117/><D117/><N who="3" m="45161" /><G73/><T44/><D29/><U113/><E113/><N who="3" m="43626" /><G127/><T40/><D33/><U27/><E96/><V125/><F125/><W123/><G39/><T92/><D9/><U88/><E26/><V80/><F80/><N who="1" m="30761" /><E88/><V135/><F135/><W115/><N who="3" m="43634" /><W11/><DORA hai="20" /><G11/><T109/><D72/><U101/><E101/><V54/><F18/><W19/><G19/><T98/><D109/><U120/><E12/><V28/><F28/><W55/><G46/><T124/><D124/><U105/><E14/><V49/><REACH who="2" step="1"/><F61/><REACH who="2" ten="133,332,350,175" step="2"/><N who="3" m="35983" /><G123/><T59/><D4/><U77/><E120/><V95/><F95/><W63/><AGARI ba="1,1" hai="55,58,63,121,122" m="35983,43634,45161" machi="63" ten="50,8000,1" yaku="12,1,15,1,34,2" doraHai="103,20" who="3" fromWho="3" sc="133,-21,332,-41,350,-21,175,93" /><INIT seed="6,0,0,5,4,55" ten="112,291,329,268" oya="2" hai0="125,98,6,117,57,131,129,14,0,12,48,101,112" hai1="122,77,116,32,120,81,86,133,128,56,114,53,35" hai2="33,134,95,82,124,4,36,47,94,84,52,41,110" hai3="115,54,19,30,62,99,51,107,11,91,50,8,38"/><V34/><F110/><W67/><G38/><T58/><D0/><U79/><E116/><V71/><F71/><W2/><G115/><T109/><D109/><U104/><E114/><V70/><F70/><W27/><G51/><T83/><D112/><U127/><E104/><V111/><F111/><W93/><G107/><T49/><D117/><U130/><E127/><V88/><F124/><W63/><G19/><T1/><D125/><U9/><E9/><V13/><F134/><W29/><G29/><T42/><D1/><U100/><E100/><V61/><F33/><N who="1" m="12873" /><E79/><V126/><F34/><W39/><G39/><T108/><D108/><U89/><E77/><V96/><F126/><W121/><G121/><N who="1" m="46698" /><E133/><V105/><F105/><W92/><G11/><T60/><D6/><U20/><E20/><V80/><F13/><N who="0" m="5226" /><D83/><U73/><E73/><V72/><F4/><W68/><G8/><T97/><D101/><U69/><E69/><V75/><F75/><W76/><G76/><T23/><D23/><U65/><E65/><V78/><F72/><W16/><G2/><T103/><D103/><U5/><E5/><V22/><F22/><N who="3" m="13767" /><G93/><T43/><D49/><AGARI ba="0,0" hai="49,53,56,81,86,89,128,130" m="46698,12873" machi="49" ten="30,2000,0" yaku="13,1,52,1" doraHai="55" who="1" fromWho="0" sc="112,-20,291,20,329,0,268,0" /><INIT seed="7,0,0,3,0,112" ten="92,311,329,268" oya="3" hai0="22,123,24,19,16,111,105,6,3,33,108,69,121" hai1="60,62,1,35,55,87,59,82,126,88,50,104,76" hai2="113,23,53,102,128,95,97,90,110,12,134,7,44" hai3="72,93,39,115,26,28,8,47,43,0,101,132,11"/><W103/><G132/><T51/><D51/><U89/><E104/><V80/><F110/><W56/><G115/><T42/><D42/><U77/><E35/><V75/><F113/><W46/><G72/><T4/><D105/><U31/><E1/><V122/><F134/><W49/><G56/><T125/><D69/><U29/><E126/><V83/><F122/><W34/><G0/><T25/><D3/><U36/><E36/><V40/><F128/><W86/><G101/><T32/><REACH who="0" step="1"/><D22/><REACH who="0" ten="82,311,329,268" step="2"/><U73/><E73/><V84/><F40/><W63/><G63/><N who="1" m="24106" /><E89/><V100/><F75/><W81/><G103/><T98/><D98/><U45/><E45/><V66/><F102/><W116/><G93/><T67/><D67/><U18/><E18/><N who="2" m="10695" /><F7/><W109/><G109/><T117/><D117/><U57/><E57/><V41/><F66/><W13/><G116/><T106/><D106/><U64/><E64/><V91/><F41/><W2/><G2/><T107/><D107/><U54/><E54/><V131/><F131/><W17/><G47/><T74/><D74/><U70/><E70/><V124/><F124/><AGARI ba="0,1" hai="4,6,16,19,24,25,32,33,108,111,121,123,124,125" machi="124" ten="25,16000,3" yaku="1,1,22,2,34,3,54,1,53,2" doraHai="112" doraHaiUra="119" who="0" fromWho="2" sc="82,170,311,0,329,-160,268,0" owari="252,-15.0,311,41.0,169,-33.0,268,7.0" /></mjloggm>