<mjloggm ver="2.3"><GO type="97" lobby="0"/><UN n0="%E5%B0%B1%E6%B4%BB%E7%94%9F%40%E5%B7%9D%E6%9D%91%E8%BB%8D%E5%9B%A3" n1="%E3%83%96%E3%83%AB%E3%83%BC%E3%81%AD%E3%81%93" n2="%E3%82%BB%E3%82%A4%E3%83%90%EF%BD%9E" n3="%E3%83%80%E3%83%AB%E3%83%89%E3%83%83%E3%83%94%E3%83%A5%E6%9C%89" dan="15,14,15,16" rate="1989.92,1907.00,2066.21,2047.49" sx="M,F,M,M"/><TAIKYOKU oya="0"/><INIT seed="0,0,0,2,2,75" ten="250,250,250,250" oya="0" hai0="123,39,3,35,43,108,113,79,91,101,56,122,25" hai1="67,4,109,32,73,28,2,86,7,18,117,12,14" hai2="87,102,130,105,135,93,116,48,16,94,6,27,124" hai3="36,10,42,34,52,58,100,37,41,83,133,44,49"/><T19/><D113/><U74/><E86/><V66/><F116/><W33/><G133/><T38/><D3/><U76/><E76/><V95/><F135/><W131/><G131/><T29/><D101/><U57/><E117/><V99/><F130/><W53/><G100/><T126/><D126/><U78/><E78/><V15/><F66/><W118/><G118/><T61/><D91/><U81/><E109/><V96/><F124/><W107/><G107/><T115/><D108/><U84/><E81/><V132/><F132/><W26/><G83/><T72/><D115/><U90/><E90/><V23/><F87/><W46/><G26/><T9/><D79/><U5/><E5/><V11/><REACH who="2" step="1"/><F48/><REACH who="2" ten="250,250,240,250" step="2"/><W98/><G98/><AGARI ba="0,1" hai="6,11,15,16,23,27,93,94,95,96,98,99,102,105" machi="98" ten="40,5200,0" yaku="1,1,2,1,54,1,53,0" doraHai="75" doraHaiUra="70" who="2" fromWho="3" sc="250,0,250,0,240,62,250,-52" /><INIT seed="1,0,0,4,0,108" ten="250,250,302,198" oya="1" hai0="22,119,11,14,80,2,133,21,5,18,51,101,46" hai1="74,8,123,105,97,15,23,69,71,90,116,117,47" hai2="41,17,63,36,89,38,76,19,99,40,135,42,68" hai3="56,110,26,55,62,6,16,98,121,111,53,77,112"/><U104/><E123/><V44/><F76/><W12/><G121/><T35/><D119/><U20/><E74/><V70/><F135/><W85/><G112/><T93/><D133/><U72/><E72/><V92/><F44/><W132/><G132/><T78/><D35/><U43/><E90/><V126/><F126/><W113/><G113/><T37/><D37/><U87/><E87/><V91/><F63/><W60/><G98/><T88/><D101/><U4/><E104/><V100/><F100/><W106/><G106/><T25/><D78/><U134/><E134/><V48/><F48/><W34/><G6/><T84/><D93/><U9/><E9/><V81/><F81/><W96/><G96/><T127/><D127/><U86/><E86/><V122/><F122/><W64/><G26/><T50/><REACH who="0" step="1"/><D46/><REACH who="0" ten="240,250,302,198" step="2"/><U32/><E32/><V0/><F38/><W73/><G34/><T66/><D66/><U31/><E117/><V107/><F36/><W79/><G64/><T52/><D52/><U75/><E116/><V130/><F107/><W33/><G33/><T54/><D54/><U83/><E83/><V109/><F91/><W3/><G77/><T1/><D1/><U10/><E75/><V102/><F0/><W94/><G3/><T28/><AGARI ba="0,1" hai="2,5,11,14,18,21,22,25,28,50,51,80,84,88" machi="28" ten="20,8000,1" yaku="1,1,0,1,7,1,54,1,53,1" doraHai="108" doraHaiUra="82" who="0" fromWho="0" sc="240,90,250,-40,302,-20,198,-20" /><INIT seed="2,0,0,1,4,19" ten="330,210,282,178" oya="2" hai0="104,106,114,22,92,89,64,117,0,24,112,26,99" hai1="32,65,17,70,118,101,73,78,124,6,111,13,11" hai2="76,115,54,52,134,5,21,18,34,16,58,49,80" hai3="75,116,31,25,135,1,35,37,81,57,91,119,8"/><V48/><F115/><W74/><G135/><T83/><D0/><U133/><E118/><V130/><F134/><W28/><G37/><T36/><D117/><U4/><E133/><V27/><F130/><W129/><G129/><T127/><D36/><U122/><E122/><V69/><F69/><W110/><G110/><T96/><D127/><U33/><E124/><V12/><F34/><W53/><G31/><T84/><D64/><U10/><E101/><V102/><F102/><W59/><G59/><T15/><D15/><N who="1" m="5591" /><E65/><V38/><F5/><W113/><G113/><T44/><D24/><U109/><E78/><V108/><F38/><W47/><G47/><T88/><D44/><U93/><E93/><V46/><F108/><N who="1" m="41545" /><E73/><V120/><F120/><W128/><G128/><T125/><D125/><U55/><E55/><V50/><F50/><W98/><G74/><T82/><D114/><U72/><E72/><V45/><F58/><W95/><G75/><T60/><D60/><U105/><E105/><V23/><F80/><W87/><G1/><T41/><D41/><U40/><E40/><V42/><F76/><W121/><G121/><T103/><D112/><U86/><E86/><V63/><F63/><W30/><G30/><T90/><D83/><U131/><E70/><V9/><F42/><W67/><G8/><AGARI ba="0,0" hai="8,9,12,16,18,21,23,27,45,46,48,49,52,54" machi="8" ten="40,18000,2" yaku="9,1,8,1,52,2,54,2" doraHai="19" who="2" fromWho="3" sc="330,0,210,0,282,180,178,-180" owari="330,13.0,210,-19.0,462,56.0,-2,-50.0" /></mjloggm>