<mjloggm ver="2.3"><GO type="97" lobby="0"/><UN n0="%6D%65%6C%74%64%6F%77%6E" n1="%4B%6F%7A%6F%75%4A%50" n2="%E3%82%A6%E3%83%AB%E3%83%88%E3%83%A9%E7%AB%8B%E7%9B%B4" n3="%E5%A4%9C%E9%9D%92%E7%AB%9C" dan="14,13,14,14" rate="1905.52,1850.94,1928.50,1940.72" sx="M,M,M,M"/><TAIKYOKU oya="0"/><INIT seed="0,0,0,5,3,60" ten="250,250,250,250" oya="0" hai0="56,132,93,43,17,66,30,99,106,75,34,110,134" hai1="28,124,117,97,67,123,102,39,78,1,113,62,119" hai2="101,100,5,114,89,40,42,126,12,105,16,15,7" hai3="131,74,25,88,18,69,71,68,84,59,51,65,46"/><T55/><D75/><U57/><E123/><V29/><F105/><W27/><G74/><T49/><D43/><N who="2" m="16426" /><F29/><W48/><G131/><T135/><D110/><U98/><E113/><V116/><F126/><W64/><G59/><T81/><D106/><U95/><E39/><V3/><F3/><W86/><G18/><T45/><D30/><U128/><E1/><V77/><F77/><W47/><G71/><T104/><D34/><U63/><E128/><V130/><F130/><W13/><G13/><T11/><D104/><U85/><E124/><V83/><F114/><W112/><G112/><T72/><D11/><U122/><E122/><V118/><F15/><W10/><G10/><T2/><D2/><U53/><E28/><V61/><F61/><W23/><REACH who="3" step="1"/><G88/><REACH who="3" ten="250,250,250,240" step="2"/><N who="0" m="55719" /><D17/><U121/><E121/><V54/><F5/><W94/><G94/><T92/><D92/><U6/><E6/><V26/><F7/><W82/><G82/><T50/><D81/><U133/><E119/><V9/><F116/><W32/><G32/><T96/><D72/><U41/><E117/><V8/><F8/><W125/><G125/><T109/><D109/><U107/><E133/><V103/><F118/><W52/><G52/><N who="0" m="29743" /><D96/><U21/><E98/><V44/><F26/><W19/><G19/><T108/><D108/><U22/><E97/><V33/><F33/><W31/><G31/><T14/><D14/><U87/><E95/><V37/><F83/><W111/><G111/><T4/><D4/><U127/><E107/><V129/><F129/><W115/><G115/><T91/><D91/><U73/><E127/><RYUUKYOKU ba="0,1" sc="250,15,250,-15,250,-15,240,15" hai0="50,55,56,66,132,134,135" hai3="23,25,27,46,47,48,51,64,65,68,69,84,86" /><INIT seed="0,1,1,4,5,41" ten="265,235,235,255" oya="0" hai0="127,77,20,124,126,89,93,130,81,34,66,108,22" hai1="105,90,104,16,114,55,44,21,31,69,14,113,19" hai2="125,64,56,86,87,58,91,99,71,117,9,42,82" hai3="13,133,5,100,122,38,28,43,76,106,1,11,0"/><T121/><D121/><U96/><E69/><V79/><F71/><W70/><G70/><T118/><D118/><U83/><E31/><V15/><F125/><W51/><G38/><T75/><D34/><U35/><E35/><V29/><F117/><W57/><G122/><T107/><D107/><U111/><E111/><V10/><F99/><W3/><G76/><T50/><D108/><U4/><E4/><V74/><F74/><W63/><G28/><T134/><D66/><U116/><E116/><V112/><F112/><N who="1" m="43113" /><E19/><V72/><F72/><W26/><G26/><T109/><D109/><U129/><E129/><V95/><F29/><W17/><G133/><T27/><D134/><U61/><E61/><V7/><F64/><W135/><G135/><T40/><D130/><U128/><E128/><V32/><F32/><W25/><G25/><T115/><D115/><U6/><E6/><V101/><F101/><W46/><G100/><T103/><D103/><U30/><E30/><V24/><F24/><W68/><G68/><T12/><D12/><U73/><E73/><V33/><F33/><W84/><G84/><N who="0" m="52391" /><D27/><U8/><E8/><V39/><F10/><W119/><G119/><T52/><D40/><U54/><E96/><V37/><F37/><W110/><G110/><T98/><D98/><U23/><E105/><V94/><F94/><W59/><G106/><T53/><D53/><U47/><E104/><V97/><F97/><W85/><G85/><T60/><D60/><U92/><E83/><V131/><F131/><W2/><N who="3" m="512" /><DORA hai="88" /><W80/><G80/><T78/><D77/><RYUUKYOKU ba="1,1" sc="265,15,235,-15,235,15,255,-15" hai0="20,22,50,52,75,78,81,124,126,127" hai2="7,9,15,39,42,56,58,79,82,86,87,91,95" /><INIT seed="0,2,1,4,0,61" ten="280,220,250,240" oya="0" hai0="128,2,108,11,119,103,77,93,87,49,57,66,115" hai1="4,26,25,18,32,41,82,133,38,48,131,135,97" hai2="14,112,23,40,46,105,60,34,81,51,19,65,74" hai3="69,20,55,22,107,85,62,6,113,92,1,45,31"/><T89/><D115/><U80/><E131/><V28/><F105/><W13/><G107/><T16/><D119/><U95/><E38/><V114/><F28/><W121/><G113/><T86/><D128/><U3/><E3/><V98/><F34/><W99/><G121/><T36/><D36/><U96/><E32/><V71/><REACH who="2" step="1"/><F98/><REACH who="2" ten="280,220,240,240" step="2"/><W54/><G31/><T37/><D108/><U29/><E97/><V27/><F27/><W110/><G110/><T132/><D103/><U94/><E96/><V21/><F21/><W59/><G22/><T84/><D11/><U0/><E29/><V129/><F129/><W42/><G20/><T100/><D100/><U53/><E26/><V118/><F118/><W72/><G99/><T117/><D117/><U120/><E25/><V101/><F101/><W67/><G1/><T76/><D2/><U15/><E0/><V127/><F127/><W47/><G72/><T8/><D8/><U126/><E120/><V52/><F52/><W68/><G55/><T123/><D123/><U24/><E126/><V104/><F104/><W10/><G54/><T17/><D89/><U79/><E24/><V56/><F56/><W30/><G30/><T116/><D116/><U70/><E53/><V50/><F50/><N who="3" m="26935" /><G47/><T83/><D57/><U91/><E48/><V124/><F124/><W33/><G33/><T88/><D49/><U134/><E134/><V130/><F130/><W78/><G78/><AGARI ba="2,2" hai="14,19,23,40,46,51,60,65,71,74,78,81,112,114" machi="78" ten="40,5200,0" yaku="1,1,52,1,53,1" doraHai="61" doraHaiUra="44" who="2" fromWho="3" sc="280,0,220,0,240,78,240,-58" /><INIT seed="1,0,0,2,5,135" ten="280,220,318,182" oya="1" hai0="100,24,20,79,51,89,95,63,16,48,47,10,116" hai1="23,66,87,113,49,127,61,121,27,115,105,129,69" hai2="31,108,38,101,93,58,21,124,131,80,76,32,1" hai3="72,98,92,22,37,3,107,133,28,59,33,13,52"/><U81/><E105/><V119/><F1/><W90/><G3/><T71/><D116/><U130/><E121/><V42/><F32/><W75/><G37/><T46/><D79/><U68/><E49/><V70/><F119/><W44/><G133/><T78/><D78/><U43/><E43/><V118/><F70/><W111/><G33/><T26/><D100/><U73/><E73/><V34/><F34/><W85/><G44/><T40/><D71/><N who="1" m="42447" /><E87/><V36/><F36/><W88/><G111/><T83/><D63/><U109/><E81/><V55/><F108/><W106/><G106/><T29/><D83/><U82/><E82/><V112/><F42/><W74/><G107/><T7/><D47/><U25/><E25/><V110/><F80/><W0/><G0/><T56/><D56/><U17/><E109/><V77/><F110/><W8/><G22/><T102/><D102/><U30/><E17/><V104/><F104/><W62/><G28/><T96/><D51/><U94/><E94/><V9/><F38/><W84/><REACH who="3" step="1"/><G90/><REACH who="3" ten="280,220,318,172" step="2"/><T35/><D10/><U86/><E86/><V114/><F9/><W6/><AGARI ba="0,1" hai="6,8,13,52,59,62,72,74,75,84,85,88,92,98" machi="6" ten="30,12000,2" yaku="1,1,2,1,0,1,54,2,53,1" doraHai="135" doraHaiUra="2" who="3" fromWho="3" sc="280,-30,220,-60,318,-30,172,130" /><INIT seed="2,0,0,3,2,20" ten="250,160,288,302" oya="2" hai0="31,129,96,124,76,95,125,53,105,13,24,14,91" hai1="77,89,118,131,97,67,1,88,94,45,69,126,27" hai2="37,25,3,33,36,93,100,72,17,50,79,43,106" hai3="70,107,52,111,90,117,66,21,55,113,40,87,23"/><V35/><F50/><W38/><G117/><T4/><D129/><U120/><E1/><V81/><F93/><W60/><G107/><T112/><D112/><U41/><E120/><V26/><F17/><W49/><G113/><T54/><D76/><U98/><E118/><V7/><F43/><W122/><G122/><T101/><D54/><U62/><E131/><V132/><F132/><W64/><G64/><T110/><D110/><U134/><E134/><V123/><F123/><W114/><G111/><T82/><D82/><U119/><E119/><V128/><F128/><W61/><G61/><T103/><D53/><U59/><E126/><N who="0" m="48745" /><D4/><U57/><E77/><V0/><F100/><N who="0" m="38474" /><D105/><U85/><E98/><V99/><F99/><W121/><G121/><T44/><D44/><U42/><E42/><V116/><F106/><W75/><G75/><T6/><D6/><U8/><E8/><N who="2" m="2151" /><F3/><W65/><G65/><T58/><D58/><U51/><E27/><V39/><F116/><W133/><G114/><T86/><D96/><U115/><REACH who="1" step="1"/><E115/><REACH who="1" ten="250,150,288,302" step="2"/><V9/><F9/><W127/><G133/><T2/><D2/><U12/><E12/><V22/><F26/><W109/><G127/><T10/><D10/><U83/><AGARI ba="0,1" hai="41,45,51,57,59,62,67,69,83,85,88,89,94,97" machi="83" ten="20,5200,0" yaku="1,1,0,1,7,1,54,1,53,0" doraHai="20" doraHaiUra="34" who="1" fromWho="1" sc="250,-13,150,62,288,-26,302,-13" /><INIT seed="3,0,0,2,4,76" ten="237,212,262,289" oya="3" hai0="77,12,18,2,64,130,72,6,81,33,108,83,118" hai1="88,100,103,39,53,95,63,104,1,120,49,36,58" hai2="86,101,135,31,134,99,50,75,59,133,128,25,98" hai3="0,91,90,13,54,52,5,3,32,68,44,20,40"/><W61/><G32/><T116/><D108/><U60/><E120/><V131/><F75/><W45/><G44/><T79/><D33/><U125/><E1/><V109/><F109/><W119/><G119/><T24/><D130/><N who="2" m="49706" /><F101/><W16/><G0/><T29/><D64/><U42/><E125/><V80/><F50/><W129/><G129/><T10/><D2/><U110/><E110/><V126/><F59/><W85/><G91/><T37/><D37/><U127/><E127/><V97/><F126/><W7/><G3/><T71/><D71/><U57/><E60/><V62/><F62/><W94/><G68/><T112/><D112/><U65/><E104/><V105/><F105/><W51/><G54/><T124/><D124/><U22/><E22/><N who="2" m="15799" /><F133/><W113/><G113/><T19/><D118/><U21/><E21/><V132/><F99/><W56/><AGARI ba="0,0" hai="5,7,13,16,20,40,45,51,52,56,61,85,90,94" machi="56" ten="30,11700,0" yaku="0,1,8,1,54,2" doraHai="76" who="3" fromWho="3" sc="237,-39,212,-39,262,-39,289,117" owari="198,-20.0,173,-33.0,223,2.0,406,51.0" /></mjloggm>