<mjloggm ver="2.3"><GO type="193" lobby="0"/><UN n0="%68%74%36%38%30%34%34%36" n1="%E5%B0%B1%E6%B4%BB%E7%94%9F%40%E5%B7%9D%E6%9D%91%E8%BB%8D%E5%9B%A3" n2="%73%61%6D%70%6C%65%52" n3="%70%6C%61%6B%31%31%30%35" dan="12,11,11,14" rate="1801.13,1729.34,1721.48,1891.15" sx="M,M,M,M"/><TAIKYOKU oya="0"/><INIT seed="0,0,0,1,1,92" ten="250,250,250,250" oya="0" hai0="127,113,47,42,75,83,99,80,24,91,66,8,2" hai1="65,93,81,34,104,79,97,112,85,71,100,133,108" hai2="36,69,54,60,26,72,10,62,90,43,51,109,32" hai3="110,20,94,73,11,58,135,37,103,74,14,67,114"/><T117/><D117/><U64/><E112/><V12/><F72/><W17/><G114/><T23/><D113/><U128/><E133/><V7/><F69/><W9/><G135/><T45/><D127/><U111/><E34/><V29/><F109/><W55/><G110/><N who="1" m="42026" /><E128/><V132/><F132/><W0/><G37/><T48/><D66/><N who="1" m="25707" /><E71/><V101/><F101/><W125/><G125/><T59/><D75/><U15/><E15/><V134/><F134/><W124/><G124/><T123/><D123/><U95/><AGARI ba="0,0" hai="79,81,85,93,95,97,100,104" m="25707,42026" machi="95" ten="30,2000,0" yaku="14,1,52,1" doraHai="92" who="1" fromWho="1" sc="250,-10,250,20,250,-5,250,-5" /><INIT seed="1,0,0,5,0,34" ten="240,270,245,245" oya="1" hai0="47,91,20,121,27,132,59,99,89,97,105,39,16" hai1="12,60,18,3,124,22,114,93,76,107,38,15,67" hai2="26,52,100,116,29,8,48,55,122,115,45,75,49" hai3="11,106,104,78,117,109,61,28,4,120,126,1,92"/><U81/><E3/><V131/><F116/><W79/><G120/><T84/><D121/><U0/><E114/><V102/><F122/><W37/><G117/><T95/><D132/><U51/><E107/><V77/><F115/><W33/><G126/><T62/><D105/><U31/><E0/><V113/><F113/><W112/><G112/><T90/><D47/><U119/><E38/><V111/><F111/><W87/><G109/><T57/><D39/><U68/><E119/><V9/><F131/><W46/><G79/><T135/><D135/><U14/><E124/><V101/><F75/><W13/><G13/><T80/><D59/><U73/><E31/><V6/><F77/><W7/><G7/><T58/><D62/><U43/><REACH who="1" step="1"/><E93/><AGARI ba="0,0" hai="16,20,27,57,58,80,84,89,90,91,93,95,97,99" machi="93" ten="40,5200,0" yaku="9,1,8,1,54,1" doraHai="34" who="0" fromWho="1" sc="240,52,270,-52,245,0,245,0" /><INIT seed="2,0,0,0,4,20" ten="292,218,245,245" oya="2" hai0="126,38,48,45,40,27,30,113,19,50,94,70,92" hai1="130,44,65,59,114,101,53,133,37,25,120,47,5" hai2="85,43,121,57,64,26,55,91,63,61,10,90,17" hai3="128,1,68,4,97,18,95,8,21,100,15,54,131"/><V41/><F121/><W9/><G68/><T78/><D113/><U123/><E101/><V104/><F104/><W77/><G77/><T118/><D118/><U13/><E5/><V14/><F90/><W96/><G54/><T105/><D105/><U127/><E13/><V87/><F87/><W60/><G60/><T3/><D70/><U110/><E25/><V36/><F36/><W88/><REACH who="3" step="1"/><G9/><REACH who="3" ten="292,218,245,235" step="2"/><T62/><D62/><U49/><E114/><V67/><F67/><W2/><G2/><T0/><D0/><U12/><E123/><V103/><F103/><W24/><G24/><T134/><D3/><U132/><E120/><V79/><F26/><W33/><G33/><T112/><D78/><U74/><E12/><V76/><F76/><W73/><G73/><T106/><D112/><U35/><E74/><V56/><REACH who="2" step="1"/><F79/><REACH who="2" ten="292,218,235,235" step="2"/><W108/><G108/><T66/><D134/><U7/><E132/><V29/><F29/><W80/><G80/><AGARI ba="0,2" hai="10,14,17,41,43,55,56,57,61,63,64,80,85,91" machi="80" ten="30,12000,1" yaku="1,1,7,1,8,1,53,2" doraHai="20" doraHaiUra="58" who="2" fromWho="3" sc="292,0,218,0,235,140,235,-120" /><INIT seed="2,1,0,4,3,2" ten="292,218,375,115" oya="2" hai0="93,74,24,124,39,48,81,47,77,28,86,13,94" hai1="18,119,0,22,64,92,46,105,1,3,109,90,69" hai2="97,49,118,106,133,125,115,8,34,25,63,117,123" hai3="31,15,89,27,5,38,103,130,126,96,62,10,101"/><V70/><F8/><W32/><G130/><T7/><D39/><U33/><E105/><V82/><F82/><W107/><G126/><T88/><D124/><U41/><E33/><V75/><F125/><W44/><G101/><T11/><D74/><U71/><E119/><V84/><F49/><W40/><G89/><T43/><D88/><U112/><E112/><V35/><F84/><W16/><REACH who="3" step="1"/><G62/><REACH who="3" ten="292,218,375,105" step="2"/><T61/><D61/><U79/><E109/><V78/><F63/><W6/><AGARI ba="1,1" hai="5,6,10,15,16,27,31,32,38,40,44,96,103,107" machi="6" ten="30,12000,2" yaku="1,1,2,1,0,1,52,2,54,1,53,1" doraHai="2" doraHaiUra="95" who="3" fromWho="3" sc="292,-31,218,-31,375,-61,105,133" /><INIT seed="3,0,0,4,2,123" ten="261,187,314,238" oya="3" hai0="54,60,30,117,46,42,108,84,107,67,124,132,6" hai1="129,12,59,11,19,3,75,79,109,39,102,119,25" hai2="53,80,86,87,57,41,81,89,95,135,133,61,134" hai3="65,68,14,122,93,24,28,103,13,83,51,29,48"/><W85/><G122/><T110/><D107/><U1/><E119/><V101/><F41/><W115/><G115/><T55/><D6/><U50/><E39/><V20/><F20/><N who="3" m="15367" /><G68/><N who="0" m="42087" /><D30/><U69/><E69/><V40/><F101/><W74/><G74/><T15/><D15/><N who="3" m="5641" /><G29/><T33/><D84/><N who="2" m="32298" /><F40/><W96/><G65/><T21/><D21/><U10/><E75/><V27/><F27/><W100/><G100/><T22/><D22/><U64/><E102/><V36/><F36/><W112/><G112/><T18/><D18/><U82/><E129/><V126/><F126/><W94/><G94/><T78/><D78/><AGARI ba="0,0" hai="48,51,78,83,85,93,96,103" m="5641,15367" machi="78" ten="30,1500,0" yaku="8,1" doraHai="123" who="3" fromWho="0" sc="261,-15,187,0,314,0,238,15" /><INIT seed="3,1,0,2,1,75" ten="246,187,314,253" oya="3" hai0="50,10,76,33,15,133,62,105,74,58,91,104,16" hai1="59,87,118,23,34,17,65,57,101,85,52,64,97" hai2="120,95,70,1,18,49,115,109,71,44,21,55,67" hai3="51,130,7,0,39,9,48,119,36,81,88,121,123"/><W72/><G119/><T4/><D33/><U77/><E34/><V54/><F1/><W107/><G130/><T128/><D133/><U45/><E118/><V110/><F115/><W100/><G48/><T106/><D128/><U19/><E45/><V90/><F120/><N who="3" m="46155" /><G51/><T124/><D50/><U29/><E29/><V126/><F126/><W116/><G116/><T122/><D122/><U42/><E42/><N who="2" m="24727" /><F67/><W93/><G93/><T2/><D91/><U68/><E68/><N who="2" m="26155" /><F54/><W113/><G88/><T69/><D69/><U38/><E38/><V111/><F55/><W131/><G113/><T22/><D124/><U41/><E41/><V32/><F32/><W125/><G125/><T5/><D5/><U94/><E19/><V25/><F90/><W27/><G27/><T80/><REACH who="0" step="1"/><D106/><REACH who="0" ten="236,187,314,253" step="2"/><U26/><E59/><V6/><F6/><W102/><G131/><T60/><D60/><N who="1" m="35879" /><E85/><V35/><F35/><W84/><G102/><T31/><D31/><U134/><E134/><V8/><F95/><W83/><G100/><T63/><D63/><U108/><E108/><N who="2" m="27651" /><V40/><DORA hai="132" /><F40/><W28/><G107/><T12/><D12/><U56/><E56/><V96/><F8/><W53/><G9/><T103/><D103/><U117/><E117/><V112/><F112/><W14/><G14/><T82/><D82/><AGARI ba="1,1" hai="17,23,26,64,65,77,82,87,94,97,101" m="35879" machi="82" ten="30,3900,0" yaku="8,1,52,1,54,1" doraHai="75,132" who="1" fromWho="0" sc="236,-42,187,52,314,0,253,0" owari="194,-31.0,239,-16.0,314,42.0,253,5.0" /></mjloggm>