<mjloggm ver="2.3"><GO type="97" lobby="0"/><UN n0="%68%61%6C%75%6D%69" n1="%E3%83%8F%E3%83%96%E3%82%B1%E3%82%A4%E3%82%B9%E3%82%B1" n2="%E3%82%A6%E3%83%AB%E3%83%88%E3%83%A9%E7%AB%8B%E7%9B%B4" n3="%E3%83%80%E3%83%9E%E3%81%AE%E9%BE%8D" dan="13,15,15,14" rate="1843.98,1936.79,1961.31,1975.88" sx="M,M,M,M"/><TAIKYOKU oya="0"/><INIT seed="0,0,0,0,5,43" ten="250,250,250,250" oya="0" hai0="28,59,91,8,94,62,67,95,47,73,15,88,3" hai1="9,51,6,23,46,125,107,134,93,97,102,69,40" hai2="103,24,124,61,36,20,132,133,11,78,30,5,135" hai3="85,116,44,41,115,42,0,65,80,21,131,16,74"/><T96/><D73/><U109/><E69/><V70/><F78/><W92/><G116/><T99/><D3/><U12/><E109/><V54/><F103/><W58/><G131/><T63/><D63/><U114/><E125/><V32/><F36/><W130/><G130/><T37/><D28/><U86/><E134/><V45/><F124/><W126/><G0/><T72/><D72/><U19/><E114/><V105/><F105/><W71/><G71/><T17/><D37/><U76/><E107/><V111/><F111/><W48/><G126/><T10/><D47/><U38/><E38/><V82/><F82/><W77/><G115/><T122/><D122/><U68/><E68/><V52/><F32/><W35/><G35/><T2/><D2/><U22/><E19/><V25/><F25/><W120/><G120/><T110/><D110/><U84/><E84/><V33/><F33/><W113/><G113/><T27/><D27/><U31/><E31/><V98/><F98/><W79/><G79/><T66/><D66/><U14/><E14/><N who="2" m="5487" /><F45/><W118/><G118/><T49/><D49/><U89/><E102/><V108/><F108/><W87/><G74/><T29/><D29/><U7/><E7/><V34/><F34/><W26/><G65/><AGARI ba="0,0" hai="20,24,30,52,54,61,65,70,132,133,135" m="5487" machi="65" ten="30,2000,0" yaku="20,1,54,1" doraHai="43" who="2" fromWho="3" sc="250,0,250,0,250,20,250,-20" /><INIT seed="1,0,0,2,4,110" ten="250,250,270,230" oya="1" hai0="60,73,98,63,27,36,10,26,70,119,21,107,112" hai1="104,118,91,65,97,92,32,84,131,100,124,1,134" hai2="25,78,3,7,61,8,58,24,66,31,128,127,79" hai3="6,2,135,56,83,102,64,87,52,126,86,74,117"/><U23/><E32/><V51/><F127/><W77/><G117/><T122/><D36/><U72/><E118/><V106/><F106/><W20/><G126/><T35/><D73/><U132/><E1/><V43/><F128/><W69/><G135/><N who="1" m="51754" /><E65/><V0/><F0/><W38/><G38/><T75/><D119/><U109/><E124/><V45/><REACH who="2" step="1"/><F25/><REACH who="2" ten="250,250,260,230" step="2"/><W39/><G2/><T19/><D27/><U48/><E131/><V129/><F129/><W29/><G69/><T4/><D70/><U59/><E109/><V130/><F130/><W95/><G39/><T101/><D122/><U96/><E72/><V93/><F93/><W37/><G37/><T57/><D35/><AGARI ba="0,1" hai="3,7,8,24,31,35,43,45,51,58,61,66,78,79" machi="35" ten="30,2000,0" yaku="1,1,7,1,53,0" doraHai="110" doraHaiUra="133" who="2" fromWho="0" sc="250,-20,250,0,260,30,230,0" /><INIT seed="2,0,0,4,4,25" ten="230,250,290,230" oya="2" hai0="70,20,72,79,82,19,59,112,56,69,14,57,46" hai1="84,28,73,44,22,52,63,4,89,47,36,134,60" hai2="37,49,13,123,87,119,121,95,114,102,105,126,111" hai3="104,92,7,6,113,12,1,50,128,88,43,16,58"/><V117/><F37/><W17/><G104/><T34/><D112/><U90/><E73/><V21/><F49/><W66/><G128/><T122/><D122/><U2/><E134/><V96/><F13/><W41/><G113/><T11/><D46/><U68/><E2/><V106/><F21/><W10/><G1/><T86/><D34/><U8/><E68/><V132/><F114/><W33/><G33/><T42/><D42/><N who="3" m="15881" /><G6/><T115/><D115/><U129/><E36/><V54/><F54/><N who="3" m="32087" /><G66/><T48/><D48/><U40/><E40/><V93/><F132/><W23/><G23/><T30/><D30/><U9/><E129/><V74/><F74/><W135/><G135/><T55/><D55/><U131/><E52/><V127/><F111/><W45/><G45/><T116/><D116/><U31/><E22/><V83/><F119/><W75/><G75/><T18/><REACH who="0" step="1"/><D72/><REACH who="0" ten="220,250,290,230" step="2"/><U26/><E131/><V35/><F35/><W125/><G125/><N who="2" m="47625" /><F117/><W107/><G107/><T77/><D77/><U110/><E44/><V94/><F106/><W100/><G100/><T99/><D99/><AGARI ba="0,1" hai="7,10,12,16,17,88,92,99" m="32087,15881" machi="99" ten="30,3900,0" yaku="8,1,54,2" doraHai="25" who="3" fromWho="0" sc="220,-39,250,0,290,0,230,49" /><INIT seed="3,0,0,1,5,27" ten="181,250,290,279" oya="3" hai0="8,111,46,42,58,43,49,62,38,101,19,12,55" hai1="89,52,57,45,4,21,60,90,13,115,48,108,33" hai2="53,84,71,83,103,68,7,113,41,80,118,28,10" hai3="61,34,95,40,64,24,51,112,65,92,105,56,75"/><W96/><G75/><T77/><D77/><U17/><E115/><V133/><F118/><W107/><G112/><T110/><D101/><U39/><E108/><N who="0" m="41513" /><D43/><U16/><E33/><V54/><F113/><W31/><G92/><T11/><D11/><U117/><E39/><AGARI ba="0,0" hai="8,12,19,38,39,42,46,49,55,58,62" m="41513" machi="39" ten="30,1000,0" yaku="14,1" doraHai="27" who="0" fromWho="1" sc="181,10,250,-10,290,0,279,0" /><INIT seed="4,0,0,3,3,77" ten="191,240,290,279" oya="0" hai0="78,20,30,54,2,85,114,95,37,0,3,47,45" hai1="121,34,118,92,48,51,29,107,23,131,79,24,80" hai2="50,42,106,128,63,18,13,109,43,27,58,87,62" hai3="100,83,68,76,113,101,17,97,36,134,72,126,69"/><T11/><D114/><U33/><E107/><V88/><F106/><W25/><G36/><T57/><D37/><U110/><E110/><V19/><F128/><W81/><G113/><T31/><D11/><U6/><E118/><V9/><F109/><W5/><G5/><T115/><D115/><U123/><E6/><V7/><F50/><W60/><G100/><T71/><D71/><U1/><E1/><V127/><F127/><W21/><G126/><T12/><D12/><U56/><E131/><V99/><F99/><W82/><G134/><T122/><D122/><U98/><E33/><V89/><F89/><W8/><G8/><T74/><D74/><U129/><E129/><V64/><F62/><W65/><G69/><T10/><D10/><U132/><E132/><V86/><F86/><W61/><G61/><T14/><D14/><U73/><E34/><V108/><F108/><W55/><G55/><T84/><D84/><U133/><E133/><V105/><F105/><AGARI ba="0,0" hai="17,21,25,60,65,68,72,76,81,82,83,97,101,105" machi="105" ten="30,7700,0" yaku="7,1,52,3" doraHai="77" who="3" fromWho="2" sc="191,0,240,0,290,-77,279,77" owari="191,-31.0,240,4.0,213,-19.0,356,46.0" /></mjloggm>