<mjloggm ver="2.3"><GO type="97" lobby="0"/><UN n0="%E3%82%A6%E3%83%AB%E3%83%88%E3%83%A9%E7%AB%8B%E7%9B%B4" n1="%70%6F%73%74" n2="%E3%83%8B%E3%83%A3%E3%83%BC%E5%8A%A9" n3="%28%C2%B4%E2%88%80%EF%BD%80%29" dan="13,14,15,14" rate="1904.46,1924.44,2046.51,1917.58" sx="M,M,M,M"/><TAIKYOKU oya="0"/><INIT seed="0,0,0,2,4,57" ten="250,250,250,250" oya="0" hai0="25,93,17,3,98,117,14,94,49,104,7,110,11" hai1="19,39,102,87,32,8,129,29,42,107,18,109,59" hai2="111,16,90,58,15,68,62,81,132,99,34,13,64" hai3="134,118,1,80,46,38,67,63,123,53,48,122,92"/><T36/><D36/><U71/><E71/><V97/><F34/><W119/><G1/><T26/><D117/><U84/><E129/><V61/><F132/><W114/><G114/><T83/><D110/><U0/><E109/><V78/><F111/><W73/><G134/><T120/><D120/><N who="3" m="46121" /><G38/><T41/><D104/><U69/><E69/><V76/><F15/><W21/><G21/><T79/><D49/><U72/><E72/><V116/><F116/><W126/><G126/><T51/><D51/><U85/><E59/><V5/><F5/><W47/><G47/><T70/><D70/><U130/><E130/><V103/><F97/><W2/><G92/><T45/><D45/><U60/><E60/><V96/><F99/><W135/><G2/><T10/><D41/><U89/><E89/><V24/><F24/><W131/><G131/><T112/><D112/><U33/><E33/><V50/><F50/><W108/><G108/><T37/><D37/><U115/><E115/><V35/><F35/><W127/><G127/><T75/><REACH who="0" step="1"/><D93/><REACH who="0" ten="240,250,250,250" step="2"/><U31/><E39/><V52/><F103/><AGARI ba="0,1" hai="3,7,10,11,14,17,25,26,75,79,83,94,98,103" machi="103" ten="30,5800,0" yaku="1,1,2,1,7,1,53,0" doraHai="57" doraHaiUra="40" who="0" fromWho="2" sc="240,68,250,0,250,-58,250,0" /><INIT seed="0,1,0,0,1,6" ten="308,250,192,250" oya="0" hai0="34,47,19,80,70,107,49,29,87,99,131,40,96" hai1="93,11,2,4,110,58,129,55,22,94,25,92,13" hai2="112,9,86,85,27,123,17,91,72,28,75,37,62" hai3="120,39,53,76,114,135,14,78,36,106,32,0,23"/><T38/><D131/><U95/><E129/><V8/><F37/><W57/><G0/><T108/><D108/><U51/><E110/><V60/><F123/><W61/><G106/><T26/><D107/><U111/><E111/><V63/><F112/><W15/><G135/><T45/><D70/><U3/><N who="1" m="24064" /><DORA hai="100" /><U74/><REACH who="1" step="1"/><E74/><REACH who="1" ten="308,240,192,250" step="2"/><V77/><F75/><W105/><G114/><T59/><D96/><U88/><E88/><V64/><F72/><W65/><G120/><T83/><D99/><U126/><E126/><V46/><F64/><W24/><G65/><T73/><D73/><U130/><E130/><V43/><F91/><W119/><G105/><T66/><D87/><N who="2" m="33290" /><F77/><W104/><G104/><T101/><D66/><U116/><E116/><V98/><F98/><W115/><G119/><T127/><D127/><U125/><E125/><V48/><F28/><AGARI ba="1,1" hai="2,3,4,11,13,22,25,28,51,55,58" m="24064" machi="28" ten="50,3200,0" yaku="1,1,52,1,53,0" doraHai="6,100" doraHaiUra="134,132" who="1" fromWho="2" sc="308,0,240,45,192,-35,250,0" /><INIT seed="1,0,0,3,5,102" ten="308,285,157,250" oya="1" hai0="38,85,51,133,65,7,119,78,28,95,87,105,115" hai1="127,135,66,17,131,18,99,123,80,89,98,125,8" hai2="21,94,60,37,70,118,134,42,122,45,53,132,76" hai3="64,32,22,11,61,1,68,57,113,26,43,34,23"/><U121/><E66/><N who="2" m="41287" /><F76/><W93/><G113/><T101/><D38/><U88/><E8/><V36/><F94/><W110/><G110/><T71/><D115/><U10/><E10/><V12/><F21/><W81/><G81/><T44/><D119/><U35/><E35/><V126/><F12/><W49/><G93/><T73/><D133/><N who="2" m="51306" /><F118/><W117/><G117/><T130/><D28/><U48/><E135/><V103/><F103/><W63/><G1/><T74/><D87/><U6/><E6/><V129/><F122/><W107/><G107/><T67/><D85/><U40/><E131/><V19/><F19/><W90/><G90/><T59/><D95/><U27/><E27/><V108/><F129/><W82/><G82/><T56/><D78/><U55/><E40/><V9/><F9/><W100/><G100/><T84/><D101/><U58/><E80/><V116/><F116/><W91/><G91/><T106/><D7/><U97/><E123/><V29/><F29/><W15/><G23/><T77/><D84/><U24/><E121/><V124/><F108/><W20/><G20/><T128/><D77/><U62/><E48/><N who="2" m="28815" /><F42/><W75/><G75/><T4/><D4/><U3/><E3/><V114/><F114/><W25/><G22/><T69/><D74/><U33/><E33/><V54/><F54/><N who="3" m="33975" /><G32/><T79/><D73/><U30/><E30/><V46/><F46/><N who="3" m="25823" /><G34/><T83/><D83/><U39/><E24/><V41/><F41/><W0/><G0/><T86/><D130/><U109/><E109/><V47/><F47/><W120/><G120/><T16/><D128/><RYUUKYOKU ba="0,0" sc="308,-15,285,-15,157,15,250,15" hai2="36,37,124,126" hai3="11,15,25,26,63,64,68" /><INIT seed="2,1,0,5,5,45" ten="293,270,172,265" oya="2" hai0="127,47,73,63,116,3,0,37,133,74,16,26,106" hai1="6,31,54,89,93,87,12,135,39,44,59,128,36" hai2="62,24,105,14,67,81,22,109,2,52,100,55,94" hai3="8,83,60,86,42,91,27,21,19,110,85,132,7"/><V70/><F2/><W17/><G110/><T33/><D106/><U96/><E135/><V126/><F109/><W56/><G132/><T34/><D133/><U121/><E128/><V88/><F126/><W72/><G72/><T113/><D113/><U25/><E121/><V10/><F81/><W75/><G75/><T131/><D34/><U69/><E69/><V107/><F105/><W66/><G42/><N who="0" m="22991" /><D63/><U120/><E120/><V68/><F100/><W64/><G85/><T115/><D115/><U134/><E134/><V123/><F70/><W79/><G79/><T38/><D38/><U65/><E65/><V35/><F35/><W82/><G82/><T122/><D122/><U77/><E44/><V28/><F107/><W76/><G76/><T29/><D16/><U58/><E58/><N who="2" m="37335" /><F123/><W61/><G61/><T50/><D127/><U46/><E46/><V118/><F68/><W108/><G64/><T23/><D74/><U92/><E77/><V84/><F118/><W49/><G108/><T1/><D116/><U111/><E111/><V103/><F103/><W9/><G19/><AGARI ba="1,0" hai="10,14,19,22,24,28,52,55,84,88,94" m="37335" machi="19" ten="30,5800,0" yaku="8,1,54,2" doraHai="45" who="2" fromWho="3" sc="293,0,270,0,172,61,265,-61" /><INIT seed="2,2,0,1,3,119" ten="293,270,233,204" oya="2" hai0="18,44,64,71,36,13,2,103,130,66,12,14,6" hai1="111,126,125,65,80,117,43,1,16,50,24,37,49" hai2="105,74,122,25,68,83,116,77,102,134,135,131,99" hai3="128,7,75,113,81,59,20,57,17,97,78,56,0"/><V85/><F25/><W3/><G128/><T21/><D130/><U106/><E117/><V45/><F45/><W132/><G132/><N who="2" m="50729" /><F68/><W76/><G76/><T108/><D108/><U41/><E1/><V114/><F116/><W62/><G113/><T127/><D127/><N who="1" m="48651" /><E111/><V46/><F46/><W31/><G31/><T54/><D71/><U118/><E118/><V4/><F4/><W11/><G0/><T70/><D36/><U96/><E65/><N who="0" m="25193" /><D70/><U63/><E63/><V100/><F131/><W9/><G9/><N who="0" m="4151" /><D103/><N who="1" m="62823" /><E80/><N who="2" m="45111" /><F114/><W29/><G29/><T94/><D2/><U72/><E72/><V23/><F23/><W61/><REACH who="3" step="1"/><G97/><REACH who="3" ten="293,270,233,194" step="2"/><T98/><D21/><N who="1" m="13351" /><E37/><V82/><F102/><W52/><G52/><T73/><D73/><U47/><E50/><V27/><F27/><AGARI ba="2,1" hai="3,7,11,17,20,27,56,57,59,61,62,75,78,81" machi="27" ten="40,1300,0" yaku="1,1,53,0" doraHai="119" doraHaiUra="90" who="3" fromWho="2" sc="293,0,270,0,233,-19,194,29" /><INIT seed="3,0,0,2,4,56" ten="293,270,214,223" oya="3" hai0="110,38,95,4,17,126,44,55,87,24,99,74,131" hai1="90,104,26,111,66,109,80,0,41,30,79,45,13" hai2="73,6,115,98,7,34,72,23,83,76,25,36,29" hai3="59,112,101,65,48,70,91,119,32,100,71,86,40"/><W117/><G112/><T39/><D74/><U113/><E113/><V81/><F36/><W11/><G32/><T28/><D4/><U118/><E104/><V82/><F115/><W67/><G11/><T49/><D110/><N who="1" m="41995" /><E0/><V46/><F98/><W122/><G59/><T50/><D126/><U102/><E102/><V84/><F34/><W135/><G135/><T19/><D39/><U9/><E90/><V37/><F46/><W51/><G40/><N who="0" m="24711" /><D131/><U89/><E89/><V124/><F37/><W134/><G134/><T64/><D64/><U33/><E66/><V116/><F116/><W69/><G69/><T18/><D87/><N who="1" m="48543" /><E118/><V8/><F124/><W2/><G91/><N who="0" m="55807" /><D38/><N who="1" m="21687" /><E13/><V15/><REACH who="2" step="1"/><F7/><REACH who="2" ten="293,270,204,223" step="2"/><W61/><G119/><T22/><D28/><U105/><E105/><V120/><F120/><W43/><G122/><T128/><D128/><U62/><E9/><V57/><F57/><AGARI ba="0,1" hai="17,18,19,22,24,50,55,57" m="55807,24711" machi="57" ten="30,1000,0" yaku="8,1" doraHai="56" who="0" fromWho="2" sc="293,20,270,0,204,-10,223,0" owari="313,42.0,270,7.0,194,-31.0,223,-18.0" /></mjloggm>