<mjloggm ver="2.3"><GO type="41" lobby="0"/><UN n0="%E3%81%BF%E3%81%A3%E3%81%8F%E3%82%8D%E3%83%BC%E3%82%93" n1="%42%52%5A" n2="%E3%82%A6%E3%83%AB%E3%83%88%E3%83%A9%E7%AB%8B%E7%9B%B4" n3="%E3%81%97%E3%81%8A%E3%81%B2%E3%81%8C%E3%82%8A" dan="13,14,15,13" rate="1861.87,1850.26,2017.77,1883.06" sx="M,M,M,M"/><TAIKYOKU oya="0"/><INIT seed="0,0,0,5,1,39" ten="250,250,250,250" oya="0" hai0="123,87,124,110,52,131,115,90,113,91,80,69,31" hai1="86,55,122,102,106,100,44,105,43,107,3,81,18" hai2="25,89,128,95,42,60,2,130,36,0,98,93,97" hai3="62,134,125,24,19,4,10,135,64,66,71,34,78"/><T27/><D123/><U48/><E122/><V41/><F60/><W119/><G119/><T1/><D1/><U26/><E3/><V117/><F25/><W29/><G78/><T104/><D104/><U30/><E18/><V53/><F53/><W37/><G125/><T22/><D124/><U129/><E129/><V84/><F84/><W101/><G101/><T83/><D131/><N who="2" m="50218" /><F117/><W133/><G66/><T6/><D6/><U120/><E120/><V132/><F132/><W58/><G19/><T13/><D13/><U57/><E86/><V61/><F36/><W96/><G96/><T68/><D68/><U127/><E81/><V111/><F111/><W77/><G77/><T75/><D69/><U79/><E79/><V94/><F61/><W46/><G46/><T112/><D75/><U76/><E76/><V33/><F33/><W7/><G37/><T5/><D5/><N who="3" m="2121" /><G10/><T49/><D110/><U17/><E17/><V88/><F0/><W45/><G45/><T116/><D116/><U85/><E85/><N who="2" m="52367" /><F2/><W56/><AGARI ba="0,0" hai="24,29,34,56,58,62,64,71,133,134,135" m="2121" machi="56" ten="40,1500,0" yaku="20,1" doraHai="39" who="3" fromWho="3" sc="250,-7,250,-4,250,-4,250,15" /><INIT seed="1,0,0,4,3,79" ten="243,246,246,265" oya="1" hai0="1,94,60,11,7,119,33,101,18,20,132,49,26" hai1="68,130,17,133,48,0,59,108,2,46,96,86,5" hai2="3,69,41,38,53,51,66,122,9,91,55,102,73" hai3="4,10,22,71,72,98,78,89,129,97,123,43,126"/><U76/><E68/><V103/><F122/><W23/><G123/><T111/><D119/><U93/><E133/><V25/><F3/><W87/><G71/><T34/><D60/><U105/><E130/><V90/><F9/><W106/><G129/><T8/><D49/><U35/><E35/><N who="0" m="13321" /><D94/><U39/><E105/><V56/><F25/><W125/><G43/><T36/><D36/><U75/><E108/><V128/><F73/><W112/><G112/><T120/><D101/><U32/><E32/><V24/><F24/><W113/><G113/><T44/><D44/><U121/><E0/><V118/><F118/><W109/><G109/><T81/><D81/><N who="1" m="47399" /><E5/><V99/><F128/><W52/><G78/><T100/><D111/><U117/><E2/><V47/><F102/><W114/><G72/><T40/><D120/><U124/><E124/><N who="3" m="47722" /><G114/><T14/><D100/><N who="1" m="60431" /><E121/><V64/><F91/><W61/><G106/><T50/><D132/><U16/><E39/><V58/><F90/><W28/><G28/><T104/><D104/><U62/><E75/><V57/><F99/><W6/><G98/><T83/><D7/><U63/><E117/><V30/><F103/><W42/><G97/><T110/><D1/><U82/><E63/><N who="2" m="40095" /><F30/><W135/><G135/><T27/><D110/><U80/><E59/><N who="2" m="33215" /><F66/><W116/><G4/><T85/><D18/><N who="1" m="7275" /><E62/><AGARI ba="0,0" hai="38,41,47,55,56,57,58,62" m="33215,40095" machi="62" ten="30,12000,2" yaku="24,1,35,5" doraHai="79" who="2" fromWho="1" sc="243,0,246,-120,246,120,265,0" /><INIT seed="2,0,0,2,3,54" ten="243,126,366,265" oya="2" hai0="9,49,10,129,90,31,106,43,59,25,75,91,32" hai1="104,24,55,58,60,21,84,38,62,102,78,7,92" hai2="27,112,97,114,119,98,33,74,40,1,105,8,101" hai3="127,81,36,116,96,69,133,99,80,30,46,88,128"/><V85/><F119/><W117/><G69/><T70/><D70/><U18/><E104/><V89/><F40/><W50/><G36/><T47/><D75/><U86/><E38/><V73/><F27/><W0/><G127/><T76/><D76/><U115/><E115/><V82/><F33/><W103/><G128/><T22/><D129/><U12/><E78/><V29/><F29/><W87/><G133/><T132/><D132/><U71/><E71/><V11/><F11/><N who="0" m="4106" /><D32/><U37/><E7/><V122/><F8/><W6/><G0/><T23/><D106/><U135/><E37/><V107/><F1/><W68/><G6/><T44/><D44/><U42/><E42/><V3/><F3/><W2/><G68/><T100/><D100/><U72/><E72/><N who="2" m="27755" /><F122/><W125/><G125/><T34/><D23/><U126/><E135/><V118/><F118/><W56/><G2/><T53/><D34/><U95/><E126/><V134/><F134/><W4/><G4/><T113/><D113/><U67/><E24/><V123/><F123/><W110/><G30/><T45/><D43/><U64/><E102/><AGARI ba="0,0" hai="82,85,89,97,98,101,102,105,107,112,114" m="27755" machi="102" ten="30,2900,0" yaku="34,2" doraHai="54" who="2" fromWho="1" sc="243,0,126,-29,366,29,265,0" /><INIT seed="2,1,0,5,5,52" ten="243,97,395,265" oya="2" hai0="132,10,89,7,75,3,114,91,125,86,13,61,80" hai1="101,108,64,46,43,56,107,90,0,131,50,93,116" hai2="45,23,88,53,130,82,37,94,66,106,123,104,118" hai3="62,57,83,47,29,27,55,26,78,77,30,41,21"/><V68/><F123/><W59/><G83/><T44/><D114/><U58/><E116/><V99/><F118/><W105/><G105/><T16/><D125/><U120/><E120/><V96/><F66/><W85/><G85/><T9/><D132/><U102/><E108/><V22/><F68/><W129/><G129/><T35/><D35/><U87/><E0/><V25/><F23/><W117/><G117/><T6/><D6/><U119/><E131/><V124/><F124/><W71/><G71/><T18/><D18/><U111/><E111/><V74/><F130/><W122/><G122/><T2/><D2/><U100/><E107/><V11/><F11/><W1/><G1/><T121/><D75/><U103/><E119/><V69/><F69/><W34/><REACH who="3" step="1"/><G59/><REACH who="3" ten="243,97,395,255" step="2"/><N who="1" m="22570" /><E103/><V95/><F104/><W133/><G133/><T49/><D121/><U67/><AGARI ba="1,1" hai="43,46,50,64,67,87,90,93,100,101,102" m="22570" machi="67" ten="30,7900,0" yaku="8,1,52,3" doraHai="52" who="1" fromWho="1" sc="243,-21,97,92,395,-40,255,-21" /><INIT seed="3,0,0,1,0,120" ten="222,189,355,234" oya="3" hai0="90,104,10,36,95,93,21,24,0,125,99,82,61" hai1="18,70,58,113,42,72,12,37,135,8,2,1,32" hai2="71,123,109,45,6,22,62,106,110,119,23,66,92" hai3="15,52,51,75,118,65,111,7,74,80,14,63,29"/><W46/><G118/><T67/><D36/><U20/><E113/><V60/><F106/><W3/><G3/><T78/><D104/><U116/><E72/><V43/><F119/><W53/><G29/><T33/><D33/><U101/><E70/><V11/><F92/><W49/><G111/><N who="2" m="42505" /><F62/><W57/><G80/><T40/><D40/><U122/><E116/><V16/><F16/><W31/><G31/><T39/><D39/><U87/><E122/><V84/><F84/><W94/><G94/><T73/><D95/><U77/><E32/><V108/><F108/><W131/><G131/><T81/><D93/><U112/><E112/><V89/><F89/><W38/><G38/><T44/><D90/><U114/><E114/><V13/><F123/><W127/><G127/><T64/><D125/><U5/><E37/><AGARI ba="0,0" hai="6,11,13,22,23,37,43,45,60,66,71" m="42505" machi="37" ten="30,7700,0" yaku="14,1,52,3" doraHai="120" who="2" fromWho="1" sc="222,0,189,-77,355,77,234,0" /><INIT seed="4,0,0,4,3,43" ten="222,112,432,234" oya="0" hai0="88,114,39,11,21,112,31,110,16,14,68,129,38" hai1="105,32,96,26,97,102,124,44,25,34,74,89,49" hai2="36,50,18,100,92,19,87,83,8,13,54,94,7" hai3="9,48,119,47,5,64,82,108,45,122,27,67,59"/><T130/><D110/><U107/><E124/><V128/><F36/><W29/><G119/><T73/><D68/><U132/><E132/><V37/><F37/><N who="0" m="13834" /><D73/><U41/><E74/><V80/><F80/><W99/><G108/><T75/><D75/><U125/><E125/><V131/><F131/><N who="0" m="50186" /><D88/><U126/><E126/><V98/><F92/><W133/><G133/><T52/><D52/><U101/><REACH who="1" step="1"/><E89/><REACH who="1" ten="222,102,432,234" step="2"/><N who="2" m="51455" /><F128/><W120/><G122/><T103/><D103/><U63/><E63/><V79/><F79/><W78/><G120/><T61/><D61/><U116/><E116/><V135/><F135/><W113/><G113/><T106/><D114/><U69/><E69/><V121/><F121/><W86/><G99/><T10/><D112/><U62/><E62/><V42/><F42/><W85/><G85/><T22/><D106/><U77/><E77/><V2/><F2/><W28/><G67/><T60/><D60/><U1/><E1/><V3/><F3/><W104/><G104/><T81/><D81/><U46/><E46/><AGARI ba="0,1" hai="7,8,13,18,19,46,50,54,94,98,100" m="51455" machi="46" ten="30,2000,0" yaku="8,1,52,1" doraHai="43" who="2" fromWho="1" sc="222,0,102,-20,432,30,234,0" /><INIT seed="5,0,0,2,0,94" ten="222,82,462,234" oya="1" hai0="65,9,75,135,92,35,7,89,108,124,119,69,102" hai1="125,14,25,63,67,21,103,78,76,110,90,133,49" hai2="12,130,17,79,109,52,22,62,106,4,107,128,43" hai3="60,68,37,29,86,11,32,114,93,55,129,116,39"/><U118/><E118/><V20/><F109/><W71/><G114/><T127/><D119/><U64/><E110/><V3/><F43/><W61/><G129/><N who="2" m="49769" /><F79/><W42/><G32/><T113/><D108/><U82/><E133/><V26/><F3/><W41/><G29/><T104/><D35/><U58/><E125/><V88/><F88/><W18/><G86/><N who="0" m="52279" /><D75/><U56/><E103/><V8/><F22/><W72/><G93/><T83/><D83/><U80/><E14/><V38/><F38/><N who="3" m="14347" /><G18/><T73/><D73/><U10/><E10/><V120/><F120/><W121/><G11/><T105/><D102/><U111/><E90/><V81/><F81/><N who="1" m="31337" /><E111/><V122/><F122/><W36/><G72/><T57/><D69/><N who="3" m="26697" /><G121/><T16/><D7/><U28/><E67/><V84/><F84/><W85/><G85/><T74/><D65/><U31/><E31/><V95/><F95/><W27/><G27/><T131/><D74/><U51/><E58/><AGARI ba="0,0" hai="4,8,12,17,20,26,52,58,62,106,107" m="49769" machi="58" ten="30,2000,0" yaku="19,1,54,1" doraHai="94" who="2" fromWho="1" sc="222,0,82,-20,462,20,234,0" /><INIT seed="6,0,0,0,5,87" ten="222,62,482,234" oya="2" hai0="0,2,79,32,42,17,41,34,95,99,60,65,47" hai1="91,101,25,111,76,20,4,126,89,115,132,26,110" hai2="37,44,108,117,61,63,16,13,102,21,78,59,46" hai3="14,94,67,68,121,90,48,82,119,92,77,123,105"/><V75/><F117/><W57/><G68/><T134/><D134/><U112/><E132/><V103/><F108/><W85/><G119/><T106/><D106/><U22/><E126/><V135/><F135/><W109/><G109/><T62/><D79/><U97/><E76/><V18/><F78/><W49/><G105/><T64/><D47/><U133/><E133/><V113/><F75/><W98/><G94/><T43/><D17/><U54/><E4/><V124/><F124/><W120/><REACH who="3" step="1"/><G14/><REACH who="3" ten="222,62,482,224" step="2"/><T51/><D95/><U69/><E69/><V84/><F13/><W128/><G128/><T70/><D70/><U1/><E1/><V38/><F102/><W27/><G27/><T125/><D125/><U8/><E101/><V19/><F103/><W24/><G24/><T30/><D2/><U83/><E83/><V50/><F38/><W29/><G29/><T118/><D0/><U7/><E7/><V52/><F37/><W31/><G31/><T88/><D118/><U96/><REACH who="1" step="1"/><E8/><REACH who="1" ten="222,52,482,224" step="2"/><V12/><F12/><W6/><G6/><T3/><D3/><U72/><E72/><V80/><F21/><W55/><G55/><AGARI ba="0,2" hai="20,22,25,26,54,55,89,91,96,97,110,111,112,115" machi="55" ten="25,8000,1" yaku="1,1,22,2,52,2,53,0" doraHai="87" doraHaiUra="56" who="1" fromWho="3" sc="222,0,52,100,482,0,224,-80" /><INIT seed="7,0,0,3,2,55" ten="222,152,482,144" oya="3" hai0="61,41,120,21,47,45,2,6,4,10,114,60,8" hai1="48,22,3,88,57,12,15,23,80,39,50,104,51" hai2="130,46,118,87,134,43,82,95,127,101,16,33,1" hai3="30,112,52,94,108,117,128,69,132,116,125,121,70"/><W59/><G121/><T26/><D120/><U124/><E39/><V126/><F33/><W86/><G108/><T103/><D103/><U77/><E124/><N who="2" m="47659" /><F1/><W24/><G112/><T27/><D114/><U107/><E3/><V109/><F109/><W105/><G125/><T29/><D45/><U37/><E37/><V79/><F130/><W115/><G115/><T25/><D25/><U31/><E107/><V106/><F134/><W19/><G128/><T17/><D10/><U28/><E104/><V89/><F16/><W85/><G105/><T90/><D6/><U64/><E88/><V84/><F118/><W135/><G19/><T11/><D11/><U129/><E129/><V119/><F119/><W72/><G72/><T111/><D90/><U40/><E40/><V81/><F81/><W113/><G113/><T76/><D76/><U68/><E80/><V58/><F58/><W74/><G74/><T75/><D75/><U38/><E77/><V110/><F110/><W131/><G131/><T71/><D71/><N who="3" m="27145" /><G116/><T123/><D123/><U49/><E68/><V35/><F35/><N who="3" m="20935" /><G117/><T67/><D67/><U14/><E64/><V91/><F91/><W96/><G96/><T83/><D83/><U13/><E31/><V62/><F62/><N who="3" m="36199" /><G94/><T97/><D97/><U63/><E28/><V20/><F20/><W65/><G65/><T78/><D78/><U133/><E23/><V98/><F46/><W53/><G53/><T92/><D92/><U99/><E22/><V42/><AGARI ba="0,0" hai="42,43,79,82,84,87,89,95,98,101,106" m="47659" machi="42" ten="30,1100,0" yaku="18,1" doraHai="55" who="2" fromWho="2" sc="222,-3,152,-3,482,11,144,-5" owari="219,2.0,149,-25.0,493,59.0,139,-36.0" /></mjloggm>