<mjloggm ver="2.3"><GO type="41" lobby="0"/><UN n0="%E9%AD%9A%E6%B2%BC%E5%AE%87%E6%B0%B4" n1="%E6%B1%A0%E7%94%B0%E7%BE%8E%E6%83%A0%E5%AD%90" n2="%E3%82%8A%E3%82%93%E3%81%9A" n3="%E3%82%A6%E3%83%AB%E3%83%88%E3%83%A9%E7%AB%8B%E7%9B%B4" dan="13,13,14,15" rate="1910.57,1820.53,1959.83,2044.94" sx="M,F,M,M"/><TAIKYOKU oya="0"/><INIT seed="0,0,0,3,5,108" ten="250,250,250,250" oya="0" hai0="124,91,86,87,9,132,126,4,64,22,30,133,93" hai1="82,95,120,38,72,36,1,0,10,11,24,54,49" hai2="85,116,60,90,75,80,102,26,114,100,71,62,41" hai3="17,61,113,31,12,103,89,2,15,51,96,53,111"/><T79/><D64/><U88/><E120/><V123/><F123/><W105/><G2/><T127/><D30/><U94/><E72/><V130/><F41/><W98/><G31/><T109/><D22/><U39/><E24/><V58/><F75/><W48/><G111/><T78/><D109/><U76/><E76/><N who="0" m="29225" /><D9/><U18/><E18/><V37/><F37/><W28/><G28/><T47/><D4/><U19/><E19/><V117/><F26/><W27/><G113/><T106/><D106/><U104/><E104/><V50/><F114/><W135/><G135/><N who="0" m="51787" /><D47/><U81/><E88/><V45/><F71/><W125/><G15/><T20/><D20/><U134/><E134/><V23/><F23/><W128/><G12/><T92/><D92/><U70/><E54/><V5/><F5/><W112/><G53/><T40/><D40/><U84/><E84/><AGARI ba="0,0" hai="84,86,87,91,93,124,126,127" m="51787,29225" machi="84" ten="40,12000,1" yaku="18,1,20,1,34,2" doraHai="108" who="0" fromWho="1" sc="250,120,250,-120,250,0,250,0" /><INIT seed="0,1,0,0,2,87" ten="370,130,250,250" oya="0" hai0="109,21,129,108,126,50,106,96,81,98,41,83,20" hai1="28,77,66,54,37,63,57,51,46,55,2,30,53" hai2="134,13,111,104,99,56,25,127,94,32,58,38,12" hai3="116,78,22,85,123,45,88,42,118,115,97,70,79"/><T31/><D129/><U14/><E77/><V7/><F38/><W4/><G70/><T11/><D126/><U110/><E14/><V24/><F127/><W95/><G115/><T121/><D121/><U27/><E2/><V23/><F104/><W0/><G0/><T84/><D106/><U91/><E91/><V103/><F111/><N who="0" m="42570" /><D11/><U48/><E28/><V39/><F39/><W135/><G4/><T82/><D41/><N who="1" m="22831" /><E30/><V36/><F36/><W71/><G71/><T122/><D50/><N who="1" m="18987" /><E27/><V114/><F114/><W44/><G44/><T125/><D125/><U64/><E110/><V133/><F32/><W60/><G45/><T100/><D100/><U1/><E1/><V19/><F7/><W3/><G60/><T86/><D122/><U17/><E17/><V69/><F69/><W35/><G42/><T18/><D31/><U34/><E34/><V128/><F128/><W10/><G22/><N who="0" m="8811" /><D18/><U65/><AGARI ba="1,0" hai="53,54,55,57,63,64,65,66" m="18987,22831" machi="65" ten="30,8000,1" yaku="35,5" doraHai="87" who="1" fromWho="1" sc="370,-41,130,83,250,-21,250,-21" /><INIT seed="1,0,0,2,5,88" ten="329,213,229,229" oya="1" hai0="100,80,104,59,68,24,46,33,53,67,13,45,58" hai1="111,72,61,134,85,98,78,29,93,42,64,11,63" hai2="54,71,56,133,97,28,109,40,27,5,6,21,34" hai3="101,81,128,49,43,121,131,113,26,0,76,112,70"/><U35/><E134/><V30/><F133/><W22/><G0/><T52/><D80/><U132/><E132/><V55/><F71/><W110/><G70/><T89/><D68/><U12/><E42/><V44/><F109/><W10/><G10/><T1/><D1/><U15/><E111/><V87/><F54/><W91/><G110/><T36/><D100/><U126/><E126/><V62/><F87/><W74/><G101/><T77/><D77/><U66/><E72/><V82/><F82/><W96/><G49/><T114/><D104/><U95/><E29/><V79/><F79/><W94/><G43/><T37/><D13/><U3/><E35/><V17/><F97/><W18/><REACH who="3" step="1"/><G121/><REACH who="3" ten="329,213,229,219" step="2"/><T60/><D114/><AGARI ba="0,1" hai="18,22,26,74,76,81,91,94,96,112,113,114,128,131" machi="114" ten="40,5200,0" yaku="1,1,2,1,52,1,53,0" doraHai="88" doraHaiUra="69" who="3" fromWho="0" sc="329,-52,213,0,229,0,219,62" /><INIT seed="2,0,0,4,3,109" ten="277,213,229,281" oya="2" hai0="122,105,35,107,103,74,101,120,58,50,61,96,112" hai1="22,31,13,110,3,46,123,62,98,126,94,29,18" hai2="21,75,32,97,2,69,15,67,102,28,42,77,115" hai3="83,48,129,37,127,1,80,7,24,93,121,10,51"/><V91/><F2/><W90/><G37/><T73/><D35/><U8/><E123/><V5/><F42/><W71/><G71/><T26/><D26/><U125/><E110/><V43/><F43/><W56/><G121/><T66/><D50/><U0/><E62/><V39/><F39/><W59/><G129/><T68/><D58/><U82/><E46/><V23/><F91/><W70/><G70/><T131/><D131/><U27/><E82/><V99/><F99/><W12/><G1/><N who="1" m="586" /><E98/><V114/><F32/><W128/><G128/><T108/><D108/><U53/><E53/><V19/><F5/><W118/><G118/><T106/><D120/><U17/><E94/><V11/><F77/><W14/><G24/><T79/><D122/><U52/><E52/><V60/><F75/><N who="0" m="28682" /><D79/><U135/><E135/><V44/><F44/><W92/><G7/><T104/><D103/><U16/><E29/><V89/><F89/><W41/><G90/><T130/><D130/><U64/><E64/><V65/><F65/><W34/><G41/><T117/><D117/><U78/><E78/><V116/><F116/><W38/><G38/><T87/><D87/><U4/><AGARI ba="0,0" hai="4,8,13,16,17,18,22,27,31,125,126" m="586" machi="4" ten="40,5200,0" yaku="34,2,54,1" doraHai="109" who="1" fromWho="1" sc="277,-13,213,52,229,-26,281,-13" /><INIT seed="3,0,0,0,1,64" ten="264,265,203,268" oya="3" hai0="91,6,44,73,57,102,79,30,60,48,12,13,121" hai1="113,109,104,108,15,42,123,115,65,5,49,14,80" hai2="125,47,120,20,88,110,28,69,67,97,81,130,70" hai3="36,71,50,2,3,17,62,58,37,0,103,96,54"/><W61/><G17/><T114/><D121/><U100/><E80/><V84/><F120/><W76/><G76/><T126/><D79/><U87/><E65/><V127/><F67/><W94/><G61/><T82/><D73/><U43/><E87/><V66/><F66/><W1/><N who="3" m="512" /><DORA hai="21" /><W135/><G135/><T112/><D102/><U33/><E100/><V19/><F28/><W41/><G41/><N who="1" m="15370" /><E33/><V122/><F122/><W95/><G50/><T101/><D101/><U131/><E49/><V134/><F47/><W55/><G55/><T98/><D44/><U78/><E123/><V99/><F134/><W9/><G94/><T46/><D46/><U85/><E104/><V77/><F110/><N who="1" m="42601" /><E131/><V52/><F130/><W26/><G9/><T39/><D48/><U34/><E34/><V105/><F52/><W56/><G56/><T32/><D57/><U38/><E38/><V27/><F105/><W132/><G132/><T23/><D39/><U11/><E78/><V40/><F40/><W107/><G107/><T75/><D32/><U68/><E85/><V93/><REACH who="2" step="1"/><F99/><REACH who="2" ten="264,265,193,268" step="2"/><W86/><G54/><T129/><D98/><U106/><E106/><V90/><F90/><W16/><G58/><T31/><D91/><U25/><E68/><AGARI ba="0,1" hai="19,20,27,68,69,70,77,81,84,88,93,97,125,127" machi="68" ten="40,12000,2" yaku="1,1,52,4,54,1,53,0" doraHai="64,21" doraHaiUra="118,10" who="2" fromWho="1" sc="264,0,265,-120,193,130,268,0" /><INIT seed="4,0,0,5,3,29" ten="264,145,323,268" oya="0" hai0="120,118,134,2,132,20,61,58,48,59,56,24,47" hai1="129,21,114,133,93,30,53,50,86,115,84,63,57" hai2="94,125,82,107,95,72,26,36,13,45,123,90,4" hai3="19,16,77,74,67,7,73,111,31,89,76,78,38"/><T33/><D118/><U22/><E129/><V60/><F123/><W130/><G38/><T69/><D2/><U83/><E133/><N who="0" m="51305" /><D120/><U5/><E5/><V117/><F107/><W106/><G7/><T52/><D33/><U108/><E108/><V65/><F117/><W100/><G111/><T116/><D116/><U8/><E30/><V127/><F26/><W64/><G31/><T113/><D113/><N who="1" m="43019" /><E8/><V128/><F128/><W131/><G89/><T71/><D24/><U87/><E93/><V98/><F94/><W81/><G78/><T103/><D20/><N who="1" m="7787" /><E50/><V121/><F121/><W3/><G3/><T70/><D103/><U88/><AGARI ba="0,0" hai="53,57,63,83,84,86,87,88" m="7787,43019" machi="88" ten="30,4000,0" yaku="15,1,11,1,54,1" doraHai="29" who="1" fromWho="1" sc="264,-20,145,40,323,-10,268,-10" /><INIT seed="5,0,0,3,0,22" ten="244,185,313,258" oya="1" hai0="14,1,49,56,99,123,85,47,53,112,19,2,130" hai1="54,9,45,15,52,33,73,76,91,128,129,41,68" hai2="97,84,106,12,80,48,105,133,131,44,38,24,102" hai3="89,35,117,81,32,55,72,101,93,23,77,94,114"/><U59/><E68/><V122/><F122/><W125/><G114/><T119/><D123/><U63/><E33/><V116/><F116/><W90/><G125/><T17/><D130/><N who="1" m="50283" /><E73/><V87/><F131/><W4/><G117/><T57/><D1/><U31/><E76/><V0/><F0/><W103/><G4/><T134/><D2/><U124/><E124/><V88/><F38/><W75/><G55/><T21/><D112/><U118/><E118/><V70/><F70/><W36/><G23/><T13/><D134/><U135/><E135/><V100/><F133/><W115/><G36/><T11/><D119/><U126/><E126/><V96/><F12/><W71/><G71/><T27/><D13/><U104/><E104/><V39/><F39/><W28/><G35/><T64/><D64/><N who="1" m="39039" /><E91/><N who="3" m="34826" /><G32/><T92/><REACH who="0" step="1"/><D85/><REACH who="0" ten="234,185,313,258" step="2"/><U120/><E120/><V10/><F87/><W61/><G115/><T60/><D60/><U78/><E78/><V46/><F48/><W18/><G61/><T67/><D67/><U83/><E83/><V58/><F80/><W74/><G81/><T108/><D108/><U51/><E31/><V110/><F110/><W37/><G28/><T69/><D69/><U8/><E9/><V132/><F10/><W5/><G75/><T107/><D107/><U29/><E29/><V127/><F106/><W86/><G74/><T79/><D79/><U109/><E109/><V3/><F105/><W26/><G72/><T62/><D62/><U95/><E95/><V82/><F127/><W16/><G94/><T34/><D34/><U7/><AGARI ba="0,1" hai="7,8,15,41,45,51,52,54" m="39039,50283" machi="7" ten="30,3000,0" yaku="19,1,54,1" doraHai="22" who="1" fromWho="1" sc="234,-10,185,40,313,-10,258,-10" /><INIT seed="5,1,0,5,3,6" ten="224,225,303,248" oya="1" hai0="31,113,79,134,34,86,59,35,117,39,71,20,93" hai1="107,36,81,121,131,14,85,37,80,5,77,114,125" hai2="89,64,53,17,74,21,133,12,100,47,119,75,44" hai3="11,122,90,56,32,96,23,101,1,2,115,49,63"/><U13/><E121/><V123/><F123/><W62/><G122/><T124/><D39/><U130/><E107/><V102/><F119/><W135/><G32/><T108/><D108/><U7/><E114/><V46/><F133/><W112/><G90/><T129/><D71/><U25/><E25/><V103/><F64/><W22/><G49/><T58/><D124/><U66/><E66/><V87/><REACH who="2" step="1"/><F53/><REACH who="2" ten="224,225,293,248" step="2"/><W18/><G135/><T78/><D134/><U3/><E125/><V33/><F33/><W4/><G115/><T9/><D117/><U54/><E54/><V28/><F28/><W127/><G112/><T69/><D34/><U116/><E116/><V65/><F65/><W104/><G127/><T45/><D35/><U67/><E67/><V24/><F24/><W111/><G111/><T92/><D113/><U41/><E41/><V60/><F60/><W120/><G120/><T43/><D43/><U29/><E29/><V72/><F72/><W91/><G63/><T51/><D31/><U30/><E30/><V40/><F40/><W97/><G62/><T83/><D69/><U126/><E126/><V10/><F10/><W73/><G73/><T128/><D9/><U70/><E70/><V88/><F88/><W15/><G91/><T110/><D110/><U105/><E77/><V99/><F99/><W42/><G97/><T82/><D79/><U61/><E61/><V94/><AGARI ba="1,1" hai="12,17,21,44,46,47,74,75,87,89,94,100,102,103" machi="94" ten="30,4000,0" yaku="1,1,0,1,53,1" doraHai="6" doraHaiUra="8" who="2" fromWho="2" sc="224,-11,225,-21,293,53,248,-11" /><INIT seed="6,0,0,4,1,104" ten="213,204,346,237" oya="2" hai0="93,61,62,54,88,27,118,129,8,102,112,123,89" hai1="74,109,40,117,108,111,106,10,44,100,16,31,41" hai2="5,81,119,36,1,70,30,66,87,128,69,58,65" hai3="107,17,57,94,43,135,46,110,97,19,63,115,86"/><V103/><F119/><W28/><G110/><T9/><D123/><U134/><E117/><V83/><F36/><W2/><G2/><T99/><D112/><U73/><E134/><V20/><F103/><W60/><G135/><T53/><D129/><U12/><E31/><V13/><F128/><W125/><G125/><T75/><D118/><U92/><E106/><V56/><F1/><W77/><G107/><T22/><D75/><U116/><E116/><V11/><F69/><W29/><G115/><T50/><D102/><U34/><E34/><V124/><F70/><W47/><G86/><T105/><D105/><U32/><E32/><V72/><F124/><W127/><G77/><T85/><D62/><N who="3" m="23593" /><G57/><N who="2" m="22121" /><F72/><W90/><G127/><T126/><D126/><U113/><E113/><V98/><F98/><W23/><G19/><T80/><D61/><U42/><REACH who="1" step="1"/><E44/><REACH who="1" ten="213,194,346,237" step="2"/><N who="3" m="16938" /><G43/><T49/><D8/><U51/><E51/><V64/><F87/><W101/><G101/><T68/><D9/><U76/><E76/><V35/><F35/><W0/><G0/><T6/><D49/><U52/><E52/><V3/><F3/><W133/><G133/><T130/><D53/><U132/><E132/><V67/><F67/><W79/><G79/><T82/><D130/><U59/><E59/><V45/><F45/><W24/><AGARI ba="0,1" hai="17,23,24,28,29,90,94,97" m="16938,23593" machi="24" ten="30,1100,0" yaku="8,1" doraHai="104" who="3" fromWho="3" sc="213,-3,194,-3,346,-5,237,21" /><INIT seed="7,0,0,0,2,69" ten="210,191,341,258" oya="3" hai0="75,33,45,65,89,113,62,51,96,125,132,127,11" hai1="55,92,128,130,40,14,86,121,59,111,37,103,26" hai2="81,42,9,73,126,110,133,5,78,2,3,31,66" hai3="102,50,91,54,43,112,15,47,80,122,4,74,98"/><W16/><G122/><T79/><D33/><U72/><E121/><V24/><F110/><W135/><G135/><T41/><D132/><U6/><E111/><V119/><F133/><W88/><G112/><T22/><D11/><U53/><E72/><V35/><F119/><W60/><G4/><T44/><D79/><U116/><E116/><V97/><F126/><N who="0" m="48138" /><D75/><U105/><E26/><V46/><F66/><W85/><G74/><T67/><D22/><U93/><E105/><V57/><F57/><W70/><G70/><T52/><D113/><U123/><E59/><V94/><F3/><W34/><G34/><T90/><D96/><N who="1" m="59783" /><E123/><V58/><F58/><N who="3" m="34903" /><G102/><T100/><D100/><U63/><E63/><V107/><F107/><W68/><G68/><N who="0" m="42039" /><D67/><U82/><E93/><V39/><F94/><W20/><G98/><AGARI ba="0,0" hai="2,5,9,24,31,35,39,42,46,73,78,81,97,98" machi="98" ten="40,5200,0" yaku="25,2,52,1" doraHai="69" who="2" fromWho="3" sc="210,0,191,0,341,52,258,-52" owari="210,1.0,191,-31.0,393,49.0,206,-19.0" /></mjloggm>