<mjloggm ver="2.3"><GO type="97" lobby="0"/><UN n0="%E3%82%A6%E3%83%AB%E3%83%88%E3%83%A9%E7%AB%8B%E7%9B%B4" n1="%5A%61%67%61%74%6F" n2="%E3%82%B1%E3%83%AD%E3%83%B3%E3%83%91%E3%82%B9" n3="%E3%81%B2%E3%82%85%E3%81%90%E3%82%8C%E3%82%82%E3%82%93" dan="15,14,15,13" rate="1987.06,1919.47,2041.04,1897.04" sx="M,M,F,M"/><TAIKYOKU oya="0"/><INIT seed="0,0,0,5,4,64" ten="250,250,250,250" oya="0" hai0="91,45,107,88,8,87,82,116,113,97,20,36,12" hai1="22,30,37,50,48,43,1,111,80,53,67,24,41" hai2="131,19,7,120,65,130,60,79,6,49,112,55,81" hai3="122,89,25,34,85,28,104,14,4,39,59,124,33"/><T11/><D116/><U62/><E1/><V108/><F108/><W5/><G122/><T95/><D113/><U2/><E2/><V51/><F112/><W110/><G104/><T10/><D107/><U77/><E111/><V78/><F19/><W128/><G110/><T72/><D72/><U61/><E80/><V69/><F120/><W57/><G39/><T129/><D129/><N who="2" m="49162" /><F78/><W40/><G128/><T134/><D134/><U47/><E77/><V68/><F49/><N who="1" m="19049" /><E22/><V121/><F121/><W23/><G40/><N who="1" m="15434" /><E24/><V26/><F26/><W132/><G33/><T125/><D125/><U99/><E99/><V135/><F68/><W27/><G14/><T133/><D133/><U21/><E21/><V63/><F63/><N who="1" m="24073" /><E30/><V83/><F83/><W74/><G74/><T101/><D36/><U109/><E109/><V66/><F135/><W32/><G132/><T13/><D20/><U76/><E76/><V98/><F65/><W56/><G23/><T54/><D101/><U15/><E15/><V119/><F98/><W42/><G42/><T70/><D70/><U126/><E126/><V18/><F18/><W46/><G124/><T127/><D127/><U106/><E106/><V114/><F114/><W117/><G32/><T100/><D100/><U105/><E105/><V102/><F102/><W115/><G34/><T71/><D71/><U9/><E9/><V73/><F119/><W93/><G117/><T118/><D118/><U38/><E67/><V35/><F35/><W0/><G28/><T103/><D103/><U84/><E84/><V44/><AGARI ba="0,0" hai="6,7,44,51,55,60,66,69,73,79,81" m="49162" machi="44" ten="30,2000,0" yaku="19,1,52,1" doraHai="64" who="2" fromWho="2" sc="250,-10,250,-5,250,20,250,-5" /><INIT seed="1,0,0,2,3,81" ten="240,245,270,245" oya="1" hai0="15,39,79,135,37,36,9,69,114,57,10,104,24" hai1="107,106,98,75,2,38,95,48,14,105,62,123,7" hai2="64,13,1,8,33,84,68,60,17,78,112,88,99" hai3="133,124,119,131,66,91,45,120,74,34,111,19,82"/><U42/><E38/><V67/><F33/><W92/><G66/><T20/><D104/><U117/><E117/><V80/><F112/><W51/><G19/><T43/><D69/><U77/><E123/><V18/><F1/><W90/><G51/><T61/><D114/><U6/><E2/><V102/><F64/><W126/><G45/><T129/><D135/><U113/><E62/><V110/><F110/><W11/><G11/><T49/><D129/><U101/><E113/><V40/><F40/><W52/><G52/><T35/><D35/><U72/><E14/><V115/><F115/><W85/><G34/><T50/><D79/><U132/><E132/><V70/><F78/><N who="3" m="44375" /><G133/><T22/><D10/><U27/><E27/><V71/><REACH who="2" step="1"/><F17/><REACH who="2" ten="240,245,260,245" step="2"/><W44/><G120/><T128/><D43/><U96/><E6/><V83/><F83/><N who="3" m="49471" /><G119/><T109/><D37/><U63/><E7/><V127/><F127/><W134/><G134/><T55/><D39/><U53/><E42/><V16/><F16/><W73/><G111/><T122/><D109/><U5/><E5/><V121/><F121/><W97/><G73/><N who="1" m="28234" /><E77/><V86/><F86/><W56/><G131/><T103/><D128/><U100/><E63/><V0/><F0/><W93/><G126/><T30/><D36/><U125/><E125/><V3/><F3/><W59/><G124/><T108/><D108/><U118/><E118/><V87/><F87/><W26/><G93/><AGARI ba="0,1" hai="8,13,18,60,67,68,70,71,80,84,88,93,99,102" machi="93" ten="30,7700,0" yaku="1,1,7,1,52,1,54,1,53,0" doraHai="81" doraHaiUra="47" who="2" fromWho="3" sc="240,0,245,0,260,87,245,-77" /><INIT seed="2,0,0,4,4,109" ten="240,245,347,168" oya="2" hai0="126,133,81,121,74,47,43,59,16,118,17,6,105" hai1="7,10,26,70,21,46,83,76,49,106,112,91,95" hai2="42,55,33,14,32,1,134,34,36,66,122,61,19" hai3="11,98,100,130,24,89,80,64,73,71,3,116,119"/><V44/><F122/><W128/><G71/><T13/><D105/><U29/><E106/><V12/><F1/><W40/><G64/><T117/><D121/><U99/><E70/><V28/><F134/><W30/><G40/><T18/><D133/><U127/><E127/><V102/><F102/><W77/><G89/><T107/><D107/><U88/><E112/><V58/><F28/><W48/><G48/><T56/><D126/><U22/><E91/><V57/><REACH who="2" step="1"/><F19/><REACH who="2" ten="240,245,337,168" step="2"/><W93/><G3/><T132/><D132/><U50/><E22/><V120/><F120/><W82/><G11/><T2/><D13/><U124/><E124/><V25/><F25/><W108/><G30/><T135/><D135/><U0/><E46/><V115/><F115/><W45/><G24/><T20/><D2/><U51/><E76/><V97/><F97/><W65/><G108/><T111/><D111/><U110/><E110/><V4/><F4/><W103/><G103/><T86/><D6/><U123/><E123/><V39/><F39/><W79/><G65/><T72/><D18/><U69/><E69/><V38/><F38/><W90/><G100/><T96/><D17/><U41/><E41/><V67/><F67/><W31/><G31/><T125/><D16/><U113/><E113/><V62/><AGARI ba="0,1" hai="12,14,32,33,34,36,42,44,55,57,58,61,62,66" machi="62" ten="40,3900,0" yaku="1,1,0,1,53,0" doraHai="109" doraHaiUra="87" who="2" fromWho="2" sc="240,-13,245,-13,337,49,168,-13" /><INIT seed="2,1,0,1,1,30" ten="227,232,386,155" oya="2" hai0="88,15,64,27,74,61,17,18,9,67,11,33,39" hai1="16,45,53,106,26,70,20,12,28,29,93,101,90" hai2="120,6,95,44,71,132,41,77,114,35,63,4,23" hai3="46,57,94,128,69,37,51,48,7,49,80,73,133"/><V99/><F114/><W131/><G7/><T60/><D39/><U32/><E70/><V5/><F35/><W54/><G94/><T118/><D74/><U100/><E106/><V10/><F120/><W43/><G73/><T83/><D118/><U55/><E29/><V107/><F107/><W82/><G82/><T68/><D83/><U38/><E38/><V3/><F77/><W78/><G78/><T86/><D86/><U119/><E119/><V66/><F23/><W84/><G84/><T123/><D88/><U40/><E40/><V126/><F132/><W111/><G80/><T127/><D127/><U89/><E89/><V98/><F98/><W76/><G76/><T47/><D47/><U34/><E28/><V8/><F126/><W36/><G133/><T121/><D33/><U130/><E130/><N who="3" m="49706" /><G69/><T135/><D135/><U42/><E26/><V0/><F5/><W110/><G37/><T87/><D87/><U91/><E91/><V104/><F104/><W56/><G56/><T14/><D27/><U97/><E100/><V109/><F95/><W112/><G112/><T125/><D125/><U116/><E101/><V115/><F99/><W117/><G117/><T102/><D102/><U1/><E116/><V81/><F115/><W92/><G92/><T13/><D13/><U129/><E129/><V52/><F0/><W72/><G72/><T62/><D68/><U21/><E1/><V96/><F71/><W122/><G122/><AGARI ba="1,0" hai="9,11,14,15,17,18,60,61,62,64,67,121,122,123" machi="122" ten="40,1300,0" yaku="9,1" doraHai="30" who="0" fromWho="3" sc="227,16,232,0,386,0,155,-16" /><INIT seed="3,0,0,0,4,28" ten="243,232,386,139" oya="3" hai0="129,123,66,100,88,33,49,44,30,23,116,65,101" hai1="48,77,82,111,122,109,47,32,53,59,21,128,96" hai2="14,24,67,103,54,135,70,35,52,130,17,38,114" hai3="115,127,2,125,63,50,95,8,12,89,74,102,31"/><W61/><G115/><T97/><D33/><U45/><E122/><V36/><F67/><N who="0" m="25610" /><D129/><U46/><E128/><V68/><F114/><W110/><G74/><T40/><D123/><U58/><E96/><V27/><F135/><W39/><G39/><T19/><D30/><U119/><E21/><V91/><F91/><W55/><G2/><T3/><D3/><U83/><E77/><V113/><F113/><W72/><G72/><T57/><D57/><N who="1" m="21515" /><E119/><V25/><F17/><W104/><G31/><T62/><D62/><U118/><E118/><V1/><F14/><W98/><G110/><N who="1" m="41994" /><E32/><V75/><F35/><W133/><G133/><T84/><D97/><U87/><E87/><V71/><F1/><W108/><G108/><T124/><D124/><N who="3" m="47689" /><G55/><T42/><D42/><U120/><E120/><V26/><F54/><W86/><G50/><T37/><D37/><U34/><E34/><V7/><F52/><W0/><G0/><T105/><D116/><U76/><E76/><V90/><F75/><W9/><G9/><T92/><D105/><U64/><E64/><V69/><F36/><W60/><G60/><T121/><D121/><U15/><E15/><AGARI ba="0,0" hai="15,19,23,40,44,49,84,88,92,100,101" m="25610" machi="15" ten="30,2000,0" yaku="8,1,54,1" doraHai="28" who="0" fromWho="1" sc="243,20,232,-20,386,0,139,0" owari="263,6.0,212,-19.0,386,49.0,139,-36.0" /></mjloggm>