<mjloggm ver="2.3"><GO type="41" lobby="0"/><UN n0="%E5%B0%B1%E6%B4%BB%E7%94%9F%40%E5%B7%9D%E6%9D%91%E8%BB%8D%E5%9B%A3" n1="%73%68%75%6E%37%32%39" n2="%E6%84%9B%E5%A8%98%E2%98%86%E3%81%BE%E3%82%8A%E3%81%A3%E3%81%BA" n3="%E3%81%82%E3%81%84%E3%81%BF" dan="15,15,15,15" rate="2008.68,2024.82,1912.17,1955.94" sx="M,M,M,F"/><TAIKYOKU oya="0"/><INIT seed="0,0,0,4,0,23" ten="250,250,250,250" oya="0" hai0="12,101,11,63,29,98,100,82,122,69,14,24,47" hai1="132,7,10,64,120,128,97,9,109,87,18,135,33" hai2="114,66,113,48,127,99,34,72,83,112,81,76,20" hai3="43,96,4,131,110,0,84,134,26,22,61,42,30"/><T44/><D122/><U56/><E33/><V52/><F34/><W38/><G110/><T129/><D129/><U13/><E120/><V36/><F36/><W50/><G131/><T57/><D69/><U58/><E128/><V93/><F127/><W75/><G75/><T126/><D126/><U39/><E39/><V133/><F133/><W80/><G134/><N who="1" m="51242" /><E109/><V102/><F66/><W17/><G61/><T45/><D82/><U2/><E64/><V124/><F124/><W35/><G96/><T5/><D14/><U119/><E119/><V115/><F115/><W117/><G38/><T16/><D5/><U74/><E74/><V95/><F83/><W71/><G71/><T3/><D3/><U118/><E87/><V27/><F95/><W116/><G117/><T55/><REACH who="0" step="1"/><D98/><REACH who="0" ten="240,250,250,250" step="2"/><U94/><E118/><V67/><F114/><W40/><G116/><T107/><D107/><U68/><E68/><V85/><F113/><W121/><G121/><T125/><D125/><U6/><E6/><V21/><F112/><W86/><G4/><T60/><D60/><U19/><E97/><V49/><F99/><W15/><G0/><T31/><D31/><U123/><E123/><V70/><F70/><W62/><G62/><T46/><N who="0" m="11776" /><DORA hai="111" /><T108/><D108/><U54/><E94/><V73/><F93/><W8/><G80/><T28/><D28/><U53/><E56/><V1/><F81/><W104/><G104/><T90/><D90/><U78/><E78/><V77/><F77/><W51/><G35/><AGARI ba="0,1" hai="11,12,16,24,29,35,55,57,63,100,101" m="11776" machi="35" ten="50,24000,3" yaku="1,1,52,1,54,1,53,5" doraHai="23,111" doraHaiUra="59,41" who="0" fromWho="3" sc="240,250,250,0,250,0,250,-240" /><INIT seed="0,1,0,1,3,117" ten="490,250,250,10" oya="0" hai0="19,3,135,104,10,109,103,71,38,61,128,108,87" hai1="127,39,113,85,119,105,69,24,121,93,116,72,53" hai2="82,45,31,49,20,63,1,33,41,12,18,55,111" hai3="48,126,134,35,21,15,59,58,66,124,51,73,86"/><T77/><D38/><U97/><E53/><V81/><F1/><W91/><G73/><T131/><D104/><U76/><E69/><V22/><F33/><W79/><G35/><T40/><D40/><U130/><E39/><V64/><F111/><N who="0" m="42570" /><D103/><N who="1" m="62703" /><E24/><N who="2" m="16775" /><F64/><W34/><G34/><T80/><D135/><U28/><E28/><V89/><F89/><W43/><G79/><T78/><D78/><U5/><E5/><V74/><F74/><W120/><G134/><T122/><D122/><U13/><E13/><V62/><F41/><W44/><G15/><N who="0" m="7671" /><D3/><U54/><E113/><V9/><F9/><W25/><G120/><T56/><D71/><U0/><E0/><V88/><F81/><W110/><G110/><T17/><D17/><U4/><E4/><V92/><F82/><W50/><G43/><T133/><D133/><U26/><E121/><V65/><F65/><AGARI ba="1,0" hai="56,61,65,77,80,87,128,131" m="7671,42570" machi="65" ten="30,2900,0" yaku="14,1,10,1" doraHai="117" who="0" fromWho="2" sc="490,32,250,0,250,-32,10,0" /><INIT seed="0,2,0,5,1,126" ten="522,250,218,10" oya="0" hai0="100,86,3,32,70,59,74,91,130,15,110,101,65" hai1="54,17,119,19,117,60,8,24,122,124,93,115,97" hai2="99,131,41,68,66,109,112,28,36,73,125,16,33" hai3="38,58,10,27,30,43,88,1,9,85,95,105,2"/><T23/><D74/><U72/><E122/><V63/><F112/><W64/><G105/><T103/><D32/><U77/><E115/><V26/><F125/><W5/><G38/><T25/><D3/><U53/><E124/><V61/><F73/><W78/><G43/><T134/><D70/><U129/><E77/><V127/><F127/><W98/><G10/><T34/><D34/><U94/><E72/><V0/><F0/><W123/><G123/><T128/><D134/><U55/><E8/><V104/><F109/><W76/><G1/><T132/><D132/><U31/><E60/><V111/><F111/><W102/><G64/><T22/><D110/><U116/><E129/><N who="0" m="49769" /><D15/><U18/><E97/><V89/><F131/><W40/><G40/><T7/><D7/><U133/><E133/><V120/><F120/><W12/><G58/><T121/><D121/><U14/><E14/><V13/><F63/><W35/><REACH who="3" step="1"/><G2/><REACH who="3" ten="522,250,218,0" step="2"/><T50/><D65/><U62/><REACH who="1" step="1"/><E62/><REACH who="1" ten="522,240,218,0" step="2"/><V107/><F61/><W69/><G69/><T51/><D51/><U11/><E11/><V44/><F68/><W45/><G45/><T106/><D50/><U92/><E92/><V96/><F44/><W87/><G87/><T4/><D59/><U90/><E90/><V57/><F89/><W81/><AGARI ba="2,2" hai="5,9,12,27,30,35,76,78,81,85,88,95,98,102" machi="81" ten="20,5200,0" yaku="1,1,0,1,7,1,54,1,53,0" doraHai="126" doraHaiUra="56" who="3" fromWho="3" sc="522,-28,240,-15,218,-15,0,78" /><INIT seed="1,0,0,0,2,1" ten="494,225,203,78" oya="1" hai0="107,77,66,82,6,88,54,94,51,12,109,129,117" hai1="113,24,59,28,89,104,81,106,61,93,134,44,13" hai2="8,120,67,132,135,50,36,98,121,34,10,18,39" hai3="58,76,68,103,22,70,122,126,23,86,119,41,131"/><U71/><E71/><V110/><F34/><W14/><G122/><N who="2" m="47209" /><F110/><W38/><G131/><T130/><D107/><U46/><E113/><V115/><F115/><W48/><G126/><T60/><D117/><U87/><E134/><N who="2" m="51243" /><F67/><W124/><G124/><T55/><D109/><U26/><E106/><V97/><F50/><W78/><G119/><T19/><D6/><U33/><E104/><V72/><F72/><W111/><G111/><T79/><D79/><U11/><E26/><V4/><F18/><W42/><G38/><N who="2" m="14377" /><F10/><W56/><G48/><T102/><D102/><U43/><E43/><V63/><F63/><W25/><G103/><T53/><D51/><U21/><E33/><V96/><F96/><W0/><G25/><T29/><D29/><U62/><E81/><V32/><F32/><W57/><G57/><T90/><D82/><U15/><E15/><AGARI ba="0,0" hai="4,8,15,97,98" m="14377,51243,47209" machi="15" ten="40,2600,0" yaku="20,1,52,1" doraHai="1" who="2" fromWho="1" sc="494,0,225,-26,203,26,78,0" /><INIT seed="2,0,0,2,1,88" ten="494,199,229,78" oya="2" hai0="41,18,12,64,113,129,52,28,125,82,25,132,60" hai1="38,95,130,47,98,76,66,19,15,1,116,90,17" hai2="85,58,45,117,134,48,20,114,29,3,0,70,51" hai3="103,72,122,30,75,100,37,33,102,94,6,106,84"/><V107/><F70/><W43/><G122/><T121/><D121/><U73/><E1/><V35/><F35/><W119/><G119/><T13/><D41/><U62/><E116/><V120/><F107/><W61/><G6/><T44/><D113/><U112/><E112/><V56/><F117/><W92/><G61/><T128/><D125/><U135/><E130/><N who="0" m="50281" /><D132/><U7/><E135/><V31/><F134/><W105/><G43/><T26/><D82/><U86/><E73/><N who="3" m="28234" /><G30/><T123/><D123/><U16/><E38/><V87/><F120/><W133/><G33/><N who="0" m="20623" /><D26/><U109/><E109/><V80/><F114/><W68/><G68/><N who="0" m="41991" /><D18/><U8/><E47/><V81/><F45/><W9/><G37/><T39/><D39/><U49/><E49/><AGARI ba="0,0" hai="12,13,44,49,52" m="41991,20623,50281" machi="49" ten="30,2000,0" yaku="19,1,54,1" doraHai="88" who="0" fromWho="1" sc="494,20,199,-20,229,0,78,0" /><INIT seed="3,0,0,3,1,56" ten="514,179,229,78" oya="3" hai0="77,58,125,96,47,82,73,27,68,0,79,91,115" hai1="48,76,85,71,102,12,38,1,114,119,133,21,116" hai2="2,65,43,99,31,25,120,134,19,97,20,7,26" hai3="17,83,50,107,72,18,51,69,86,100,10,111,49"/><W6/><G72/><T108/><D68/><U13/><E1/><V61/><F134/><W98/><G69/><T87/><D0/><U57/><E38/><V127/><F127/><W95/><G107/><T90/><D47/><U113/><E71/><V3/><F43/><W75/><G75/><T34/><D34/><U132/><E102/><V23/><F120/><W59/><G59/><T122/><D27/><U105/><E105/><V101/><F7/><W117/><G117/><N who="1" m="45130" /><E85/><V109/><F109/><W130/><G130/><T4/><D4/><U5/><E76/><V129/><F129/><W67/><G67/><T15/><D15/><U94/><E94/><N who="2" m="58551" /><F99/><W93/><G93/><N who="0" m="56375" /><D58/><AGARI ba="0,0" hai="2,3,19,20,23,25,26,31,58,61,65" m="58551" machi="58" ten="30,2000,0" yaku="25,1,52,1" doraHai="56" who="2" fromWho="0" sc="514,-20,179,0,229,20,78,0" /><INIT seed="4,0,0,0,3,97" ten="494,179,249,78" oya="0" hai0="116,102,124,35,109,34,84,18,75,87,100,38,57" hai1="0,95,63,110,105,120,56,107,80,39,121,70,10" hai2="28,36,4,133,22,114,68,30,85,62,135,113,66" hai3="8,48,45,55,129,118,51,26,59,61,115,82,127"/><T9/><D38/><U108/><E70/><V60/><F36/><W54/><G118/><T20/><D75/><U90/><E39/><V43/><F43/><W81/><G115/><N who="2" m="44041" /><F4/><W16/><G129/><T99/><D116/><U119/><E10/><V112/><F112/><W96/><G127/><T17/><D124/><U49/><E0/><V23/><F85/><W88/><G51/><T98/><D109/><U19/><E19/><V74/><F74/><W83/><G96/><T15/><D57/><U41/><E41/><V101/><F101/><N who="0" m="39018" /><D35/><U46/><E107/><V86/><F86/><N who="0" m="32810" /><D34/><U73/><E105/><V69/><F69/><W42/><G42/><T64/><D64/><U122/><E119/><V111/><F111/><W93/><G93/><T125/><D125/><U126/><E126/><V12/><F66/><W94/><G94/><T31/><D31/><U13/><E73/><V91/><F30/><W7/><G88/><T32/><D32/><U33/><E33/><V11/><F91/><W67/><G67/><T44/><D44/><U117/><E117/><V132/><F28/><W25/><G7/><T29/><D29/><U52/><E95/><V76/><F68/><W37/><G37/><T24/><AGARI ba="0,0" hai="9,15,17,18,20,24,98,99" m="32810,39018" machi="24" ten="30,11700,0" yaku="8,1,52,3" doraHai="97" who="0" fromWho="0" sc="494,117,179,-39,249,-39,78,-39" /><INIT seed="4,1,0,1,2,69" ten="611,140,210,39" oya="0" hai0="24,16,130,22,27,3,107,94,71,51,120,115,2" hai1="36,78,56,57,104,103,67,59,17,124,31,80,20" hai2="9,12,122,30,25,132,37,113,34,65,96,134,66" hai3="28,84,21,133,47,87,39,108,76,83,100,82,102"/><T128/><D107/><U73/><E36/><V26/><F122/><W7/><G108/><T46/><D71/><U54/><E31/><V106/><F113/><W117/><G117/><T50/><D120/><U53/><E124/><V72/><F72/><W81/><G133/><N who="2" m="51305" /><F37/><W11/><G82/><T4/><D115/><U95/><E104/><V62/><F26/><W44/><G28/><T64/><D64/><U114/><E67/><V105/><F96/><W35/><G35/><T43/><D27/><U91/><E103/><V40/><F40/><W19/><G47/><T116/><D116/><U42/><E42/><V123/><F66/><W99/><G99/><T63/><D63/><U121/><E121/><V88/><F88/><W18/><G44/><T10/><D94/><U8/><E8/><V93/><F93/><W60/><G60/><T14/><REACH who="0" step="1"/><D51/><REACH who="0" ten="601,140,210,39" step="2"/><U23/><E114/><V58/><F123/><W41/><G39/><T135/><D135/><U118/><E118/><V70/><F70/><W29/><G83/><T45/><D45/><U5/><E95/><V68/><F68/><W85/><G81/><T1/><AGARI ba="1,1" hai="1,2,3,4,10,14,16,22,24,43,46,50,128,130" machi="1" ten="40,12000,1" yaku="1,1,0,1,54,1,53,2" doraHai="69" doraHaiUra="125" who="0" fromWho="0" sc="601,133,140,-41,210,-41,39,-41" owari="734,83.0,99,-30.0,169,-3.0,-2,-50.0" /></mjloggm>