<mjloggm ver="2.3"><GO type="169" lobby="0"/><UN n0="%E3%82%A6%E3%83%AB%E3%83%88%E3%83%A9%E7%AB%8B%E7%9B%B4" n1="%EF%BC%9D%E4%BC%8A%E8%97%A4%E3%81%8B%E3%81%AA%E6%81%B5%EF%BC%9D" n2="%E3%82%B5%E3%83%B3%E3%83%9E%E9%81%93%E6%A5%BD%E4%BB%A3%E8%A1%A8" n3="%E3%82%86%E3%81%A3%E3%81%8F%E3%82%8A%E5%A6%96%E5%A4%A2" dan="17,17,16,16" rate="2173.94,2170.35,2070.06,2120.94" sx="M,F,M,M"/><TAIKYOKU oya="0"/><INIT seed="0,0,0,0,0,14" ten="250,250,250,250" oya="0" hai0="72,2,7,97,122,76,31,53,49,15,133,52,121" hai1="102,17,89,125,23,51,111,135,114,67,27,99,24" hai2="40,10,8,25,11,32,47,39,68,63,1,62,58" hai3="44,22,92,116,134,108,131,119,107,132,71,45,120"/><T4/><D133/><N who="3" m="51305" /><G107/><T21/><D2/><U105/><E111/><V106/><F106/><W35/><G71/><T9/><D4/><U113/><E135/><V91/><F68/><W66/><G35/><T50/><D76/><U60/><E125/><V82/><F62/><W101/><G66/><T3/><D72/><U64/><E51/><V85/><F32/><W41/><G108/><T26/><D3/><U30/><E89/><V117/><F25/><W81/><G131/><T46/><REACH who="0" step="1"/><D97/><REACH who="0" ten="240,250,250,250" step="2"/><U94/><E113/><V129/><F129/><W61/><G119/><T43/><D43/><U38/><E114/><V37/><F1/><W70/><G41/><T115/><D115/><U28/><E99/><V29/><F117/><W79/><G79/><T5/><D5/><U36/><E36/><V13/><F39/><W33/><G116/><T88/><D88/><U123/><E38/><V118/><F118/><W48/><G101/><T95/><D95/><U103/><E94/><V20/><F91/><W16/><G92/><T56/><AGARI ba="0,1" hai="7,9,15,21,26,31,46,49,50,52,53,56,121,122" machi="56" ten="20,7800,0" yaku="1,1,0,1,7,1,54,1,53,0" doraHai="14" doraHaiUra="83" who="0" fromWho="0" sc="240,88,250,-26,250,-26,250,-26" /><INIT seed="0,1,0,0,2,24" ten="328,224,224,224" oya="0" hai0="85,72,116,96,49,34,53,104,68,2,12,80,111" hai1="48,37,43,122,74,6,75,58,118,67,47,128,25" hai2="123,50,60,134,107,84,44,3,91,79,65,45,135" hai3="86,81,88,92,28,55,63,105,23,133,36,99,129"/><T73/><D68/><U33/><E118/><V82/><F3/><W52/><G36/><T61/><D2/><U32/><E122/><V131/><F107/><W18/><G105/><T54/><D34/><U71/><E6/><V0/><F0/><W106/><G106/><T22/><D116/><U94/><E128/><V76/><F123/><W26/><G133/><N who="2" m="50697" /><F131/><W97/><G129/><T114/><D114/><U16/><E94/><V100/><F100/><N who="3" m="60455" /><G99/><T59/><D111/><U69/><E71/><N who="2" m="42407" /><F45/><W113/><G113/><T1/><D1/><U13/><E69/><V132/><N who="2" m="50705" /><V66/><DORA hai="83" /><F66/><W108/><G108/><T17/><D96/><U10/><E33/><V57/><F57/><N who="3" m="35239" /><G55/><AGARI ba="1,0" hai="44,50,55,76,79,82,84,91" m="42407,50705" machi="55" ten="40,2600,0" yaku="20,1,52,1" doraHai="24,83" who="2" fromWho="3" sc="328,0,224,0,224,29,224,-29" /><INIT seed="1,0,0,3,4,114" ten="328,224,253,195" oya="1" hai0="132,90,56,63,59,79,64,1,3,20,13,39,29" hai1="134,73,123,135,11,104,40,43,78,31,6,67,105" hai2="70,57,111,88,26,25,96,80,24,85,41,97,4" hai3="62,125,38,118,27,131,93,108,110,130,91,23,84"/><U50/><E123/><V102/><F70/><W76/><G38/><T34/><D39/><U33/><E67/><V82/><F41/><N who="1" m="15945" /><E50/><V77/><F111/><N who="3" m="42539" /><G125/><T10/><D132/><N who="1" m="50731" /><E31/><V58/><F4/><W121/><G62/><T75/><D79/><U65/><E33/><V116/><F116/><W42/><G42/><T124/><D75/><U55/><E65/><V14/><F14/><W5/><G5/><T9/><D34/><U100/><E55/><V51/><F51/><W113/><G113/><T0/><D124/><U115/><E100/><V46/><F46/><W21/><G121/><T52/><D29/><U69/><E69/><V74/><REACH who="2" step="1"/><F97/><REACH who="2" ten="328,224,243,195" step="2"/><W87/><G118/><T60/><D1/><U126/><E126/><V28/><F28/><W18/><G23/><T15/><D3/><U30/><E30/><V128/><F128/><W2/><G2/><T35/><D0/><U49/><E49/><V95/><AGARI ba="0,1" hai="24,25,26,57,58,74,77,80,82,85,88,95,96,102" machi="95" ten="30,8000,1" yaku="1,1,0,1,54,1,53,2" doraHai="114" doraHaiUra="53" who="2" fromWho="2" sc="328,-20,224,-40,243,90,195,-20" /><INIT seed="2,0,0,3,1,5" ten="308,184,333,175" oya="2" hai0="126,95,91,82,106,72,114,34,68,12,93,43,81" hai1="46,135,109,17,67,86,40,26,97,134,111,14,127" hai2="32,113,115,15,130,11,87,100,59,133,36,71,125" hai3="132,30,89,118,3,55,76,28,25,66,44,119,63"/><V112/><F71/><W104/><G104/><T7/><D68/><U129/><E127/><V18/><F36/><W16/><G132/><N who="1" m="50730" /><E129/><V39/><F39/><W13/><G3/><T83/><D34/><U45/><E67/><V56/><F133/><W73/><G30/><T64/><D64/><U48/><E26/><V31/><F125/><W62/><G73/><T124/><D114/><U20/><E97/><V24/><F130/><W49/><G76/><T58/><D72/><U33/><E33/><V70/><F70/><W77/><G77/><T75/><D75/><U6/><E6/><V4/><F100/><W96/><G89/><T120/><D106/><U69/><E69/><V2/><REACH who="2" step="1"/><F87/><REACH who="2" ten="308,184,323,175" step="2"/><W94/><G119/><T107/><D124/><U23/><E86/><V105/><F105/><W131/><G118/><T10/><D107/><U22/><E46/><V54/><F54/><W8/><G131/><T50/><D126/><U88/><E45/><V85/><F85/><W101/><G66/><T42/><D42/><U9/><E40/><V27/><F27/><W99/><REACH who="3" step="1"/><G96/><REACH who="3" ten="308,184,323,165" step="2"/><T92/><D120/><U41/><E109/><V0/><F0/><W84/><G84/><T47/><D91/><U80/><E111/><V57/><F57/><AGARI ba="0,2" hai="7,10,12,43,47,50,57,58,81,82,83,92,93,95" machi="57" ten="40,2600,0" yaku="8,1,52,1" doraHai="5" who="0" fromWho="2" sc="308,46,184,0,323,-26,165,0" /><INIT seed="3,0,0,4,2,63" ten="354,184,297,165" oya="3" hai0="108,81,40,30,39,57,130,65,117,128,55,46,97" hai1="32,12,58,36,19,11,64,110,125,98,96,103,112" hai2="18,129,90,121,134,99,76,29,56,85,88,131,113" hai3="79,111,104,14,34,69,15,120,72,60,66,3,16"/><W107/><G120/><T7/><D117/><U53/><E110/><V44/><F113/><W20/><G34/><T86/><D108/><U45/><E112/><V67/><F29/><W87/><G3/><T47/><D97/><U38/><E32/><V132/><F44/><W119/><G119/><T23/><D7/><U52/><E125/><V116/><F116/><W114/><G114/><T105/><D105/><U100/><E38/><V41/><F41/><W93/><G111/><T71/><D23/><U42/><E53/><V51/><F51/><W13/><G72/><T33/><D30/><U61/><E98/><V135/><F18/><W83/><REACH who="3" step="1"/><G93/><REACH who="3" ten="354,184,297,155" step="2"/><T89/><D33/><U5/><E5/><V37/><F121/><W2/><G2/><T75/><D75/><U122/><E122/><V109/><F109/><W102/><G102/><T17/><D128/><U0/><E0/><V26/><F131/><W101/><G101/><T82/><D130/><U106/><E100/><V25/><F129/><W6/><G6/><T133/><D133/><U127/><E127/><V73/><F73/><W123/><G123/><T31/><D82/><U1/><E1/><V50/><F135/><W126/><G126/><T8/><D81/><U10/><E106/><AGARI ba="0,1" hai="13,14,15,16,20,60,66,69,79,83,87,104,106,107" machi="106" ten="40,7700,0" yaku="1,1,52,1,54,1,53,0" doraHai="63" doraHaiUra="21" who="3" fromWho="1" sc="354,0,184,-77,297,0,155,87" /><INIT seed="3,1,0,1,0,0" ten="354,107,297,242" oya="3" hai0="67,25,128,21,70,131,133,24,72,28,34,1,108" hai1="134,30,69,76,110,4,95,50,40,42,12,32,115" hai2="84,99,122,83,2,54,26,86,27,68,17,61,103" hai3="130,121,113,37,57,60,53,93,120,80,29,126,79"/><W43/><G113/><T82/><D67/><U116/><E115/><V7/><F86/><W59/><G130/><N who="0" m="49707" /><D70/><U125/><E69/><V18/><F122/><W41/><G126/><T96/><D96/><U98/><E125/><V6/><F2/><W89/><G29/><T114/><D114/><U75/><E134/><V78/><F68/><W62/><G37/><T132/><D1/><U129/><E129/><V44/><F27/><W94/><G121/><T127/><D127/><U117/><E110/><V15/><F26/><W105/><G105/><T66/><D66/><U11/><E32/><V123/><F17/><W102/><G102/><T119/><D119/><U9/><E30/><V20/><F123/><W63/><G120/><T101/><D101/><U49/><E76/><V45/><F45/><W16/><G16/><N who="0" m="12327" /><D108/><U118/><E75/><V107/><REACH who="2" step="1"/><F61/><REACH who="2" ten="354,107,287,242" step="2"/><W38/><G63/><T33/><D33/><U74/><E74/><V8/><F8/><W56/><G62/><T109/><D109/><U52/><E11/><V100/><F100/><W35/><G35/><T71/><D71/><U46/><REACH who="1" step="1"/><E50/><AGARI ba="1,1" hai="6,7,15,18,20,44,50,54,78,83,84,99,103,107" machi="50" ten="40,8000,1" yaku="1,1,52,2,53,1" doraHai="0" doraHaiUra="77" who="2" fromWho="1" sc="354,0,107,-83,287,93,242,0" /><INIT seed="4,0,0,5,3,107" ten="354,24,380,242" oya="0" hai0="58,48,50,65,106,31,34,108,35,93,39,94,40" hai1="122,105,64,46,78,123,51,120,1,45,28,23,61" hai2="118,121,9,77,110,99,111,42,17,27,19,133,73" hai3="5,124,16,91,57,8,125,4,82,117,95,83,18"/><T85/><D106/><U134/><E1/><V15/><F121/><W87/><G117/><T21/><D39/><U22/><E134/><V127/><F42/><W90/><G57/><T47/><D108/><U102/><E78/><V49/><F49/><W33/><G33/><T92/><D34/><U98/><E28/><V54/><F54/><W37/><G37/><T71/><D35/><U25/><E25/><V80/><F133/><W11/><G95/><T89/><D71/><U69/><REACH who="1" step="1"/><E46/><REACH who="1" ten="354,14,380,242" step="2"/><V115/><F111/><W6/><G125/><T126/><D126/><U59/><E59/><V75/><F110/><W44/><G44/><T53/><D65/><U63/><E63/><V84/><F127/><W29/><G124/><T52/><D40/><AGARI ba="0,1" hai="22,23,40,45,51,61,64,69,98,102,105,120,122,123" machi="40" ten="40,1300,0" yaku="1,1,53,0" doraHai="107" doraHaiUra="55" who="1" fromWho="0" sc="354,-13,14,23,380,0,242,0" /><INIT seed="5,0,0,1,4,110" ten="341,37,380,242" oya="1" hai0="102,21,111,46,7,65,112,29,33,73,90,103,108" hai1="126,63,47,105,75,74,72,83,44,97,89,26,16" hai2="118,43,79,3,37,120,76,14,32,115,67,104,95" hai3="60,31,42,124,38,82,88,93,91,77,121,123,23"/><U64/><E126/><V2/><F104/><W86/><G124/><T114/><D33/><U5/><E5/><V54/><F32/><W132/><G132/><T58/><D73/><U8/><E83/><V19/><F67/><W40/><G60/><N who="0" m="38039" /><D46/><U113/><E113/><N who="0" m="43625" /><D90/><U84/><E97/><V20/><F120/><W39/><G91/><T119/><D119/><U1/><E105/><V22/><F118/><W80/><G88/><T106/><D7/><U50/><E1/><V17/><F95/><W94/><G77/><T55/><D55/><U87/><E89/><V12/><F54/><W18/><G94/><T131/><D131/><U96/><E96/><V70/><F115/><W61/><G93/><T13/><D106/><U45/><E50/><V81/><F70/><W51/><G51/><T53/><D53/><U98/><E98/><V59/><F59/><W24/><G121/><T48/><D48/><U62/><E62/><V56/><F56/><W35/><G61/><T133/><D133/><U28/><E8/><V135/><F135/><W128/><G128/><T27/><D13/><U6/><E6/><V49/><F49/><W116/><G116/><T107/><D107/><U78/><E78/><V36/><F43/><W71/><G42/><T134/><D134/><U57/><REACH who="1" step="1"/><E16/><REACH who="1" ten="341,27,380,242" step="2"/><V4/><F4/><W66/><G18/><T85/><D85/><U129/><E129/><V117/><F117/><W69/><G86/><T0/><D0/><U11/><E11/><V10/><F10/><W92/><G123/><T25/><D25/><U122/><E122/><V15/><F15/><RYUUKYOKU ba="0,1" sc="341,10,27,10,380,10,242,-30" hai0="21,27,29,102,103,108,111" hai1="26,28,44,45,47,57,63,64,72,74,75,84,87" hai2="2,3,12,14,17,19,20,22,36,37,76,79,81" /><INIT seed="5,1,1,5,5,21" ten="351,37,390,212" oya="1" hai0="62,20,123,32,10,116,114,127,122,103,11,83,1" hai1="89,131,98,0,119,107,84,69,110,51,49,86,54" hai2="29,30,99,58,77,132,8,120,9,25,128,105,67" hai3="129,17,3,102,106,31,91,57,38,66,104,47,13"/><U111/><E119/><V60/><F120/><N who="0" m="46122" /><D32/><U28/><E0/><V7/><F128/><W76/><G3/><T125/><D116/><U92/><E131/><V5/><F77/><W133/><G76/><T42/><D114/><U108/><E69/><V97/><F132/><W113/><G91/><T63/><D42/><U33/><E107/><V70/><F58/><W64/><G57/><T18/><D83/><U80/><E54/><V82/><F82/><W43/><G129/><T135/><D103/><N who="1" m="60871" /><E86/><V87/><F87/><W4/><G133/><T41/><D41/><U85/><E84/><V44/><F44/><W19/><G47/><T65/><D135/><U46/><E46/><V115/><F115/><W78/><G43/><T101/><D101/><U15/><E15/><V73/><F73/><W95/><G13/><T117/><D117/><U88/><E89/><V39/><F39/><W36/><G38/><T124/><D1/><U23/><E23/><V6/><F30/><W121/><G31/><T56/><D63/><U126/><E126/><N who="0" m="32257" /><T45/><DORA hai="12" /><D45/><U59/><E59/><V118/><F118/><W53/><G36/><T24/><AGARI ba="1,1" hai="10,11,18,20,24,56,62,65" m="32257,46122" machi="24" ten="50,8000,1" yaku="13,1,18,1,52,2" doraHai="21,12" who="0" fromWho="0" sc="351,93,37,-41,390,-21,212,-21" owari="444,54.0,-4,-50.0,369,17.0,191,-21.0" /></mjloggm>