<mjloggm ver="2.3"><GO type="169" lobby="0"/><UN n0="%E3%82%A6%E3%83%AB%E3%83%88%E3%83%A9%E7%AB%8B%E7%9B%B4" n1="%66%75%6B%75%30%32" n2="%61%6B%69%21%21%21" n3="%E3%83%8D%E3%83%BC%E3%83%A0%E3%83%AC%E3%82%B9%EF%BC%97" dan="17,16,17,17" rate="2172.25,2055.58,2156.79,2147.01" sx="M,M,M,M"/><TAIKYOKU oya="0"/><INIT seed="0,0,0,1,2,91" ten="250,250,250,250" oya="0" hai0="36,2,80,75,39,59,104,48,47,37,127,78,42" hai1="94,93,53,4,46,10,79,117,134,61,109,116,16" hai2="32,60,90,77,68,57,111,101,130,113,121,124,64" hai3="54,118,70,34,100,44,31,76,87,22,9,83,21"/><T51/><D127/><U56/><E79/><V11/><F121/><W97/><G118/><T0/><D104/><U62/><E109/><V65/><F113/><W19/><G70/><T99/><D99/><U123/><E123/><V133/><F32/><W67/><G67/><T132/><D132/><U88/><E134/><V74/><F133/><W128/><G128/><T30/><D30/><U13/><E62/><V81/><F101/><W50/><G34/><T115/><D115/><U18/><E46/><V110/><F130/><W23/><G31/><T129/><D129/><U95/><REACH who="1" step="1"/><E88/><REACH who="1" ten="250,240,250,250" step="2"/><V92/><F124/><W112/><G112/><T45/><REACH who="0" step="1"/><D59/><REACH who="0" ten="240,240,250,250" step="2"/><U29/><E29/><V120/><F120/><W89/><G97/><T43/><AGARI ba="0,2" hai="0,2,36,37,39,42,43,45,47,48,51,75,78,80" machi="43" ten="30,11700,0" yaku="1,1,2,1,0,1,9,1,53,0" doraHai="91" doraHaiUra="58" who="0" fromWho="0" sc="240,137,240,-39,250,-39,250,-39" /><INIT seed="0,1,0,3,3,65" ten="377,201,211,211" oya="0" hai0="106,57,104,70,54,49,124,83,68,92,46,41,113" hai1="52,72,112,37,76,66,95,28,110,100,67,116,38" hai2="14,48,80,45,64,61,32,13,26,60,94,109,79" hai3="134,86,27,117,30,56,132,7,9,25,19,111,128"/><T59/><D113/><U88/><E116/><V17/><F109/><W93/><G117/><T85/><D124/><U102/><E110/><V105/><F105/><W24/><G111/><T50/><D106/><U82/><E112/><V6/><F6/><W53/><G128/><T39/><D104/><U31/><E67/><V126/><F61/><W23/><G93/><T18/><D18/><U77/><E66/><V47/><F47/><W71/><G86/><T107/><D92/><U63/><E77/><V90/><F126/><W125/><G125/><T69/><D107/><U74/><E74/><V119/><F32/><W115/><G71/><T130/><D130/><U35/><E102/><V3/><F3/><N who="3" m="255" /><G115/><T33/><D33/><U1/><E1/><V91/><F26/><N who="3" m="14719" /><G53/><N who="0" m="31927" /><D85/><U51/><E63/><V131/><F131/><W89/><G89/><T108/><D83/><U21/><E35/><V84/><F119/><W127/><G56/><N who="0" m="32847" /><D108/><U44/><E100/><V123/><F123/><W34/><G127/><T16/><D16/><U55/><E31/><V98/><F17/><W29/><G34/><T118/><D118/><U121/><E121/><V114/><F91/><W40/><G40/><T81/><D81/><U5/><E5/><V42/><REACH who="2" step="1"/><F114/><REACH who="2" ten="377,201,201,211" step="2"/><W120/><G120/><T96/><D96/><U22/><E88/><V78/><F78/><W103/><G103/><T133/><D59/><AGARI ba="1,1" hai="13,14,42,45,48,59,60,64,79,80,84,90,94,98" machi="59" ten="30,7700,0" yaku="1,1,7,1,8,1,53,1" doraHai="65" doraHaiUra="43" who="2" fromWho="0" sc="377,-80,201,0,201,90,211,0" /><INIT seed="1,0,0,0,3,30" ten="297,201,291,211" oya="1" hai0="66,67,71,42,95,124,18,37,43,65,69,28,35" hai1="94,5,68,101,102,133,2,125,21,84,60,3,19" hai2="105,29,81,40,93,106,91,77,24,13,75,90,57" hai3="17,41,10,115,16,44,34,132,53,127,26,0,32"/><U50/><E125/><V27/><F27/><W112/><G127/><T122/><D124/><U22/><E133/><V55/><F40/><W64/><G132/><T1/><D1/><U117/><E117/><V25/><F13/><W52/><G64/><T116/><D116/><U15/><E22/><V48/><F24/><W107/><G107/><T73/><D73/><U96/><E102/><V130/><F130/><W78/><G78/><T6/><D6/><U76/><E5/><V114/><F90/><W110/><G110/><T92/><D122/><U7/><E7/><V72/><F72/><W36/><G115/><T74/><D74/><U9/><E9/><V87/><REACH who="2" step="1"/><F114/><REACH who="2" ten="297,201,281,211" step="2"/><W126/><G112/><T108/><D43/><U89/><E76/><V111/><F111/><W11/><G126/><T49/><D42/><U59/><E2/><V85/><F85/><W131/><G131/><T119/><D108/><U79/><E79/><V8/><F8/><W70/><G0/><T20/><D119/><U82/><E3/><V46/><F46/><W56/><G11/><T104/><D71/><U103/><E103/><V4/><F4/><W123/><G70/><T128/><D69/><U63/><E68/><V83/><F83/><W113/><G113/><T120/><D128/><U97/><E97/><V135/><F135/><W47/><G123/><T51/><D120/><U12/><E12/><V61/><F61/><N who="3" m="35975" /><G10/><T100/><D100/><U38/><E38/><V134/><F134/><W33/><G26/><T121/><D37/><U54/><AGARI ba="0,1" hai="15,19,21,50,54,59,60,63,82,84,89,94,96,101" machi="54" ten="30,3000,0" yaku="0,1,8,1" doraHai="30" who="1" fromWho="1" sc="297,-10,201,40,281,-10,211,-10" /><INIT seed="1,1,0,3,3,70" ten="287,241,271,201" oya="1" hai0="69,24,0,88,81,20,73,49,83,41,74,37,21" hai1="28,64,89,104,96,107,77,117,90,71,27,4,63" hai2="67,80,22,5,87,95,42,33,134,45,1,51,30" hai3="91,59,47,75,66,118,57,105,127,101,116,133,53"/><U25/><E117/><N who="3" m="45162" /><G75/><T124/><D69/><U84/><E4/><V62/><F33/><W54/><G133/><T130/><D0/><U15/><E15/><V3/><F134/><W26/><G127/><T131/><D124/><U129/><E129/><N who="0" m="49161" /><D49/><U109/><E109/><V120/><F120/><W18/><G91/><T7/><D7/><U34/><E27/><V123/><F123/><W85/><G85/><N who="0" m="50239" /><D81/><N who="1" m="47151" /><E107/><V106/><F106/><W112/><G112/><T135/><D135/><U50/><E50/><V2/><F95/><W40/><G105/><T128/><D128/><U14/><E14/><V97/><F5/><W126/><G101/><AGARI ba="1,0" hai="25,28,34,63,64,71,89,90,96,101,104" m="47151" machi="101" ten="30,1500,0" yaku="25,1" doraHai="70" who="1" fromWho="3" sc="287,0,241,18,271,0,201,-18" /><INIT seed="1,2,0,1,0,11" ten="287,259,271,183" oya="1" hai0="135,64,20,129,106,99,125,8,134,78,47,87,60" hai1="94,95,100,43,121,61,19,5,34,6,114,130,115" hai2="7,128,82,27,108,51,80,22,25,67,131,14,33" hai3="26,24,74,109,103,4,44,10,16,81,42,66,90"/><U89/><E121/><V41/><F108/><W97/><G109/><T15/><D20/><U46/><E34/><V75/><F67/><W98/><G66/><T45/><D125/><U86/><E130/><V0/><F0/><W30/><G30/><T55/><D129/><U70/><E70/><V57/><F27/><W122/><G122/><T2/><D2/><U88/><E100/><V18/><F82/><W54/><G54/><T123/><D123/><U133/><E61/><V48/><F48/><W50/><G16/><N who="0" m="8295" /><D55/><U118/><E118/><V92/><F92/><W72/><G98/><T84/><D99/><U85/><E133/><N who="0" m="50697" /><D106/><U79/><E19/><V32/><F32/><W73/><G26/><T31/><D31/><U68/><E5/><V63/><F7/><W49/><G24/><T62/><D62/><U113/><E6/><V96/><F96/><W58/><G97/><T35/><D35/><U39/><E115/><V1/><F1/><W69/><G103/><T65/><D65/><U13/><E114/><V119/><F25/><W116/><G116/><T3/><D3/><U36/><E113/><V21/><F21/><W101/><G101/><T117/><D117/><U102/><E102/><V127/><F127/><W37/><G4/><T83/><D84/><U120/><E120/><V110/><F33/><W28/><G28/><T17/><D17/><U111/><E111/><V56/><F110/><W52/><G10/><T71/><AGARI ba="2,0" hai="45,47,60,64,71,78,83,87" m="50697,8295" machi="71" ten="30,4000,0" yaku="20,1,52,1,54,1" doraHai="11" who="0" fromWho="0" sc="287,46,259,-22,271,-12,183,-12" /><INIT seed="2,0,0,5,2,114" ten="333,237,259,171" oya="2" hai0="75,93,27,21,113,12,71,64,94,31,62,90,36" hai1="14,38,89,87,79,50,34,68,110,23,130,25,82" hai2="122,106,60,61,99,97,105,96,55,42,116,44,54" hai3="120,35,0,76,78,40,112,129,80,63,111,118,95"/><V115/><F122/><W19/><G120/><T1/><D1/><U132/><E38/><V46/><F115/><W124/><G112/><T128/><D75/><U72/><E68/><V20/><F20/><W127/><G111/><T85/><D36/><U81/><E110/><V57/><F116/><W58/><G129/><T43/><D128/><U119/><E130/><V133/><F133/><W39/><G35/><T45/><D113/><U84/><E132/><V5/><F5/><W10/><G95/><T9/><D45/><U26/><E119/><V22/><F22/><W56/><G118/><T88/><D43/><U29/><E14/><V65/><F55/><N who="3" m="34207" /><G58/><T16/><D90/><U67/><E67/><V49/><REACH who="2" step="1"/><F46/><REACH who="2" ten="333,237,249,171" step="2"/><W41/><G127/><T108/><D108/><U77/><E23/><V28/><F28/><W4/><G124/><T86/><D86/><U103/><E84/><V117/><F117/><W83/><G41/><T100/><D100/><U7/><E103/><V51/><F51/><W11/><G40/><T98/><D98/><U52/><E87/><V134/><F134/><W47/><G47/><T6/><D6/><U30/><E7/><V126/><F126/><W70/><G39/><T131/><D131/><U104/><E72/><V69/><AGARI ba="0,1" hai="42,44,49,54,57,60,61,65,69,96,97,99,105,106" machi="69" ten="30,3000,0" yaku="1,1,0,1,53,0" doraHai="114" doraHaiUra="73" who="2" fromWho="2" sc="333,-10,237,-10,249,40,171,-10" /><INIT seed="2,1,0,1,1,72" ten="323,227,289,161" oya="2" hai0="51,120,60,131,3,23,124,62,85,130,108,68,49" hai1="121,52,27,100,21,90,26,115,76,55,43,16,33" hai2="125,101,105,53,34,114,92,14,22,95,0,58,15" hai3="37,112,118,38,83,88,57,99,102,98,56,61,123"/><V63/><F0/><W44/><G118/><T17/><D3/><U109/><E115/><V111/><F34/><W91/><G123/><T89/><D120/><U40/><E121/><V110/><F114/><W25/><G112/><T87/><D87/><U82/><E109/><N who="2" m="41483" /><F125/><W79/><G25/><N who="0" m="14575" /><D108/><U36/><E36/><V46/><F46/><W80/><G44/><T77/><D77/><U106/><E90/><V75/><F75/><W65/><G102/><T97/><D97/><U126/><E126/><V50/><F50/><N who="0" m="18954" /><D68/><U81/><E81/><V96/><F22/><W70/><G70/><T6/><D124/><U59/><E100/><V135/><F135/><W20/><G61/><T29/><D29/><U54/><E106/><V78/><F78/><W86/><G65/><T9/><D62/><U132/><E132/><V32/><F32/><W103/><G103/><T30/><D30/><U74/><E59/><V84/><F84/><W119/><G86/><T7/><D60/><U42/><E33/><V5/><F5/><W4/><G4/><T73/><D73/><U134/><REACH who="1" step="1"/><E134/><REACH who="1" ten="323,217,289,161" step="2"/><V2/><F105/><W129/><G37/><T117/><D117/><U19/><E19/><V10/><F95/><W48/><G38/><T47/><D6/><U45/><E45/><V113/><F113/><W39/><G39/><T122/><D47/><U12/><AGARI ba="1,1" hai="12,16,21,26,27,40,42,43,52,54,55,74,76,82" machi="12" ten="30,8000,1" yaku="1,1,0,1,52,1,54,2,53,0" doraHai="72" doraHaiUra="1" who="1" fromWho="1" sc="323,-21,217,93,289,-41,161,-21" /><INIT seed="3,0,0,3,5,48" ten="302,310,248,140" oya="3" hai0="18,94,107,30,73,95,10,114,64,0,13,35,83" hai1="28,98,117,41,7,20,80,101,62,119,65,54,84" hai2="102,75,42,4,38,36,60,53,5,3,34,124,135" hai3="126,15,120,19,46,37,97,106,58,103,88,131,70"/><W118/><G118/><N who="1" m="45066" /><E41/><V44/><F38/><W9/><G120/><T24/><D107/><U57/><E7/><V115/><F115/><W104/><G70/><T89/><D114/><U31/><E20/><V12/><F34/><W40/><G131/><T110/><D110/><U26/><E26/><V25/><F3/><W72/><G126/><T105/><D105/><N who="1" m="63671" /><E65/><V27/><F75/><W93/><G72/><T78/><D89/><AGARI ba="0,0" hai="28,31,54,57,62,80,84,89" m="63671,45066" machi="89" ten="30,2000,0" yaku="12,1,52,1" doraHai="48" who="1" fromWho="0" sc="302,-20,310,20,248,0,140,0" /><INIT seed="4,0,0,0,4,75" ten="282,330,248,140" oya="0" hai0="96,6,118,112,66,78,65,29,45,11,12,40,32" hai1="26,98,113,34,105,36,121,43,61,68,80,37,108" hai2="85,84,124,110,28,77,10,46,24,58,1,109,92" hai3="51,16,67,15,97,69,5,56,19,128,125,95,64"/><T31/><D118/><U129/><E121/><V93/><F124/><W117/><G117/><T130/><D112/><U70/><E113/><V44/><F58/><W127/><G128/><T135/><D130/><U20/><E129/><V63/><F63/><W52/><G5/><T71/><D135/><U2/><E108/><V87/><F77/><W21/><G19/><T123/><D123/><U74/><E2/><V60/><F60/><W107/><G107/><T100/><D78/><N who="1" m="44119" /><E20/><V132/><F132/><W41/><G41/><T49/><D71/><N who="1" m="27179" /><E61/><V115/><F115/><W126/><REACH who="3" step="1"/><G69/><REACH who="3" ten="282,330,248,130" step="2"/><T119/><D119/><U23/><E43/><V47/><F110/><W57/><G57/><T39/><D31/><U133/><E105/><V134/><F109/><W88/><AGARI ba="0,1" hai="15,16,21,51,52,56,64,67,88,95,97,125,126,127" machi="88" ten="30,12000,2" yaku="1,1,0,1,18,1,54,3,53,0" doraHai="75" doraHaiUra="25" who="3" fromWho="3" sc="282,-60,330,-30,248,-30,130,130" /><INIT seed="5,0,0,2,0,88" ten="222,300,218,260" oya="1" hai0="33,117,44,127,78,114,110,15,20,5,101,65,87" hai1="93,36,76,40,107,12,45,109,31,125,19,91,57" hai2="35,41,55,29,89,25,60,53,3,134,42,2,90" hai3="4,75,74,95,97,116,85,58,115,69,22,68,82"/><U77/><E107/><V32/><F134/><W47/><G115/><T66/><D117/><U133/><E133/><V24/><F60/><W81/><G116/><T105/><D33/><U23/><E125/><V61/><F61/><W104/><G4/><T132/><D110/><U129/><E109/><V130/><REACH who="2" step="1"/><F29/><REACH who="2" ten="222,300,208,260" step="2"/><W67/><G69/><T86/><D132/><U46/><E31/><V100/><F100/><W121/><G68/><T49/><D101/><U38/><E129/><AGARI ba="0,1" hai="2,3,24,25,32,35,41,42,53,55,89,90,129,130" machi="129" ten="25,8000,1" yaku="1,1,22,2,53,2" doraHai="88" doraHaiUra="84" who="2" fromWho="1" sc="222,0,300,-80,208,90,260,0" /><INIT seed="6,0,0,2,3,107" ten="222,220,298,260" oya="2" hai0="13,45,12,19,98,109,61,14,116,55,63,33,47" hai1="54,69,24,51,50,103,75,74,80,86,72,70,77" hai2="64,92,16,38,7,42,87,114,6,85,65,3,48" hai3="62,126,78,128,58,131,118,20,18,102,108,79,132"/><V101/><F38/><W22/><G108/><T0/><D0/><U60/><E103/><V52/><F114/><W73/><G118/><T82/><D33/><U76/><E76/><V67/><F42/><W96/><G126/><T43/><D109/><U81/><E81/><V36/><F36/><W83/><G132/><T1/><D1/><U4/><E4/><N who="2" m="1579" /><F3/><W135/><G135/><T94/><D116/><U29/><E60/><N who="0" m="23113" /><D82/><U127/><E127/><V44/><F16/><W99/><G79/><T117/><D43/><U90/><E77/><V2/><F2/><W125/><G125/><T89/><D117/><U10/><E10/><V25/><F25/><N who="3" m="14487" /><G102/><T27/><D55/><U31/><E51/><V46/><F46/><N who="0" m="17418" /><D27/><U15/><E15/><V30/><F30/><W17/><G62/><T35/><D35/><U112/><E112/><V37/><F37/><W66/><G66/><T34/><D34/><U23/><REACH who="1" step="1"/><E31/><REACH who="1" ten="222,210,298,260" step="2"/><V39/><F39/><W21/><G78/><T129/><D129/><U53/><E53/><V106/><F106/><W93/><G131/><T28/><D28/><U100/><E100/><V134/><F134/><W56/><G128/><T123/><D123/><U8/><E8/><AGARI ba="0,1" hai="8,12,13,14,19,89,94,98" m="17418,23113" machi="8" ten="30,1000,0" yaku="8,1" doraHai="107" who="0" fromWho="1" sc="222,20,210,-10,298,0,260,0" /><INIT seed="7,0,0,0,3,11" ten="242,200,298,260" oya="3" hai0="23,15,16,86,53,115,134,75,44,127,51,84,133" hai1="6,34,26,3,0,80,98,30,99,36,71,89,90" hai2="132,76,37,111,9,130,79,2,97,94,131,17,85" hai3="4,43,20,39,18,91,118,81,114,77,40,73,48"/><W64/><G118/><T107/><D75/><U21/><E36/><V110/><F132/><N who="0" m="50794" /><D107/><U74/><E71/><V66/><F37/><W123/><G123/><T35/><D35/><U46/><E46/><V60/><F2/><W88/><G114/><T105/><D105/><U59/><E34/><V61/><F17/><W49/><G39/><T102/><D102/><U50/><E99/><V82/><F9/><W135/><G135/><T70/><D70/><U54/><E6/><V38/><F76/><W108/><G108/><N who="2" m="41513" /><F66/><W55/><G4/><T1/><D1/><U12/><E12/><V47/><F47/><W27/><G64/><T62/><D115/><U126/><E126/><V31/><F31/><W83/><G49/><T120/><D120/><U41/><E41/><V19/><F19/><W68/><G68/><T13/><D62/><U52/><E54/><V92/><F92/><W58/><REACH who="3" step="1"/><G91/><REACH who="3" ten="242,200,298,250" step="2"/><T72/><D127/><U7/><E7/><V121/><F38/><W8/><G8/><T106/><D106/><U65/><E65/><V87/><F121/><W100/><G100/><T117/><D117/><U32/><E90/><N who="2" m="55511" /><F60/><W5/><G5/><T103/><D103/><U56/><E89/><N who="2" m="51383" /><F61/><W25/><G25/><T69/><D69/><U119/><E119/><V116/><F116/><W28/><G28/><T93/><D51/><U22/><E50/><V57/><F57/><W125/><G125/><T112/><D112/><U95/><E59/><V124/><F124/><W113/><G113/><T129/><D44/><U29/><E56/><V42/><F42/><W101/><G101/><RYUUKYOKU ba="0,1" sc="242,-15,200,-15,298,15,250,15" hai2="79,87,130,131" hai3="18,20,27,40,43,48,55,58,73,77,81,83,88" /><INIT seed="7,1,1,2,5,88" ten="227,185,313,265" oya="3" hai0="4,40,6,7,131,24,107,54,47,83,133,41,134" hai1="53,104,12,73,79,11,10,85,126,128,60,72,65" hai2="113,37,91,0,77,43,57,31,102,61,42,14,114" hai3="62,16,69,108,130,52,46,96,101,86,35,29,34"/><W122/><G122/><T110/><D107/><U63/><E104/><V66/><F0/><W120/><G120/><T90/><D110/><U103/><E103/><V9/><F37/><W8/><G108/><T28/><D131/><U109/><E128/><V87/><F102/><W78/><G130/><T105/><D105/><U44/><E109/><V123/><F77/><W15/><G29/><T119/><D119/><U80/><E126/><V99/><F99/><W106/><G69/><T98/><D54/><U20/><E20/><V48/><F31/><W118/><G118/><T18/><D18/><U3/><E3/><V100/><F100/><W5/><G5/><T17/><D17/><U22/><E22/><V129/><F123/><W39/><G39/><T45/><D24/><U116/><E116/><V124/><F124/><W50/><REACH who="3" step="1"/><G62/><REACH who="3" ten="227,185,313,255" step="2"/><T112/><D28/><U25/><E63/><V30/><F30/><W56/><G56/><T135/><D6/><U111/><E111/><V68/><F129/><W38/><G38/><T76/><D7/><U1/><E1/><V2/><F2/><W36/><G36/><T59/><D4/><U94/><E60/><V64/><F68/><W127/><G127/><T55/><D133/><U58/><E58/><V33/><F66/><W95/><G95/><N who="0" m="56695" /><D135/><U82/><E65/><V26/><F33/><W13/><G13/><T74/><D134/><U23/><E12/><V125/><F125/><W51/><G51/><N who="0" m="31231" /><D112/><N who="2" m="43114" /><F48/><W32/><G32/><T27/><D27/><U121/><E121/><V97/><F26/><W89/><G89/><T70/><D70/><RYUUKYOKU ba="1,2" sc="227,15,185,-15,313,-15,255,15" hai0="40,41,45,47,74,76,83" hai3="8,15,16,34,35,46,50,52,78,86,96,101,106" /><INIT seed="7,2,2,2,1,91" ten="242,170,298,270" oya="3" hai0="51,135,18,30,1,126,108,24,106,70,123,105,113" hai1="52,22,36,127,118,7,104,133,72,39,124,21,93" hai2="14,0,94,44,75,49,79,78,31,99,125,19,2" hai3="121,59,114,17,53,134,71,87,56,66,112,33,40"/><W120/><G134/><T130/><RYUUKYOKU type="yao9" ba="2,2" sc="242,0,170,0,298,0,270,0" hai0="1,18,24,30,51,70,105,106,108,113,123,126,130,135" /><INIT seed="7,3,2,4,2,126" ten="242,170,298,270" oya="3" hai0="67,13,94,65,108,40,36,112,0,8,6,89,38" hai1="56,1,2,48,4,27,30,20,54,9,95,61,63" hai2="88,17,53,22,42,18,97,50,10,29,116,135,43" hai3="84,128,46,39,113,31,115,26,120,7,3,45,131"/><W33/><G120/><T60/><D108/><U98/><REACH who="1" step="1"/><E2/><REACH who="1" ten="242,160,298,270" step="2"/><V70/><F116/><W58/><G115/><T114/><D0/><U125/><E125/><V79/><F135/><W19/><G113/><N who="0" m="43627" /><D40/><U77/><E77/><V86/><F43/><W34/><G3/><T49/><D49/><U14/><E14/><V74/><F42/><W24/><G24/><T52/><D52/><U107/><E107/><V35/><F50/><W57/><G26/><T25/><D25/><U127/><E127/><V111/><F79/><W121/><G121/><T93/><D65/><U105/><E105/><V15/><F53/><W21/><G39/><N who="0" m="14891" /><D89/><AGARI ba="3,3" hai="1,4,9,20,27,30,48,54,56,61,63,89,95,98" machi="89" ten="30,3900,0" yaku="21,2,7,1,53,0" doraHai="126" doraHaiUra="62" who="1" fromWho="0" sc="242,-48,160,78,298,0,270,0" /><INIT seed="8,0,0,1,5,64" ten="194,238,298,270" oya="0" hai0="20,110,53,25,75,18,24,117,111,11,101,7,46" hai1="43,123,100,48,82,76,47,96,133,28,60,112,78" hai2="14,98,57,19,17,36,77,125,21,16,59,86,84" hai3="104,29,3,37,32,91,130,2,51,134,88,113,0"/><T30/><D75/><U34/><E123/><V127/><F36/><W8/><G37/><T1/><D101/><U92/><E133/><V23/><F98/><W55/><G113/><T56/><D46/><U89/><E112/><V33/><F33/><W79/><G104/><T87/><D87/><N who="2" m="33322" /><F77/><W44/><G134/><T72/><D72/><U122/><E122/><V80/><F80/><W52/><G130/><T35/><REACH who="0" step="1"/><D117/><REACH who="0" ten="184,238,298,270" step="2"/><U132/><E47/><V106/><F127/><W13/><G44/><T12/><D12/><U74/><E74/><V90/><F14/><W61/><G0/><T67/><D67/><U114/><E114/><V22/><F125/><W63/><G2/><T50/><AGARI ba="0,1" hai="1,7,11,18,20,24,25,30,35,50,53,56,110,111" machi="50" ten="30,3000,0" yaku="1,1,0,1,53,0" doraHai="64" doraHaiUra="66" who="0" fromWho="0" sc="184,40,238,-10,298,-10,270,-10" /><INIT seed="8,1,0,4,0,46" ten="224,228,288,260" oya="0" hai0="102,29,54,18,108,30,2,58,114,93,21,101,8" hai1="124,59,131,31,100,97,3,44,40,118,67,95,81" hai2="10,117,74,36,73,71,86,107,45,13,62,52,110" hai3="41,119,130,20,48,82,25,99,106,94,127,28,135"/><T27/><D114/><U55/><E118/><V104/><F110/><W63/><G119/><T120/><D120/><U64/><E3/><V42/><F74/><W113/><G113/><T125/><D108/><U91/><E124/><V38/><F38/><W0/><G127/><T84/><D125/><U34/><E131/><V109/><F73/><W57/><G130/><T88/><D2/><U1/><E1/><V56/><F109/><W78/><G0/><T103/><REACH who="0" step="1"/><D8/><REACH who="0" ten="214,228,288,260" step="2"/><U51/><E34/><V132/><F117/><W105/><G135/><T33/><D33/><U89/><E31/><V83/><F132/><W76/><G106/><T11/><D11/><U9/><E9/><V111/><F111/><W47/><G105/><T128/><D128/><U92/><E81/><V133/><F133/><W115/><G82/><T7/><D7/><U50/><E100/><V87/><F107/><W24/><G115/><T116/><D116/><U60/><E60/><AGARI ba="1,1" hai="18,21,27,29,30,54,58,60,84,88,93,101,102,103" machi="60" ten="40,7700,0" yaku="1,1,8,1,54,1,53,0" doraHai="46" doraHaiUra="68" who="0" fromWho="1" sc="214,90,228,-80,288,0,260,0" owari="304,40.0,148,-35.0,288,9.0,260,-14.0" /></mjloggm>