<mjloggm ver="2.3"><GO type="97" lobby="0"/><UN n0="%E5%B2%B8%E9%85%92%E5%B1%8B" n1="%E3%81%A9%E3%81%A3%E3%81%8B%EF%BD%9E%E3%82%93%E3%83%BB%E3%83%BB%E3%83%BB" n2="%61%6C%62%65%6C%74" n3="%E3%82%A6%E3%83%AB%E3%83%88%E3%83%A9%E7%AB%8B%E7%9B%B4" dan="14,14,13,14" rate="1916.99,1926.55,1829.14,1971.43" sx="M,M,M,M"/><TAIKYOKU oya="0"/><INIT seed="0,0,0,2,0,112" ten="250,250,250,250" oya="0" hai0="37,122,21,118,88,39,93,67,58,49,25,33,57" hai1="100,18,101,109,92,5,120,32,7,126,55,83,77" hai2="65,28,35,73,64,110,78,99,96,105,134,43,86" hai3="70,4,16,117,30,72,80,61,131,103,3,13,11"/><T51/><D118/><U34/><E120/><V15/><F110/><W68/><G117/><T0/><D0/><U59/><E109/><V130/><F130/><W104/><G131/><T95/><D33/><U127/><E18/><V6/><F134/><W10/><G30/><T125/><D125/><N who="1" m="47627" /><E34/><V56/><F73/><W14/><G3/><T48/><D122/><U19/><E19/><V46/><F105/><W128/><G128/><T62/><D95/><U79/><E32/><V87/><F28/><W82/><G104/><T54/><D37/><U119/><E119/><V84/><F35/><W42/><G103/><N who="1" m="39498" /><E92/><V111/><F111/><W44/><G72/><T53/><D39/><U17/><E17/><V74/><F74/><W23/><G11/><T107/><D107/><U69/><E69/><V38/><F78/><N who="1" m="29705" /><E83/><V41/><F41/><W76/><G76/><T124/><D124/><U66/><E66/><V52/><F64/><W106/><G106/><T121/><D121/><U9/><E9/><V133/><F133/><W2/><G68/><T135/><D135/><U90/><E90/><V22/><F65/><W102/><G80/><T75/><D75/><U97/><E97/><V31/><F31/><W40/><G82/><T63/><D67/><U132/><E132/><V116/><F116/><W29/><G29/><N who="0" m="17583" /><D63/><AGARI ba="0,0" hai="5,7,55,59,63" m="29705,39498,47627" machi="63" ten="30,1000,0" yaku="18,1" doraHai="112" who="1" fromWho="0" sc="250,-10,250,10,250,0,250,0" /><INIT seed="1,0,0,4,4,89" ten="240,260,250,250" oya="1" hai0="114,3,116,13,127,30,5,134,66,39,2,70,107" hai1="67,73,57,129,95,40,76,17,9,63,53,23,124" hai2="0,22,72,37,26,71,12,55,52,96,84,117,43" hai3="44,64,81,118,29,93,106,56,88,86,6,108,115"/><U92/><E129/><V60/><F117/><W133/><G106/><T102/><D39/><U59/><E124/><V28/><F0/><W100/><G115/><T61/><D127/><U45/><E9/><V119/><F72/><W18/><G29/><T109/><D116/><U105/><E105/><V27/><F119/><W101/><G6/><T8/><D134/><U125/><E125/><V77/><F26/><W126/><G126/><T78/><D114/><U112/><E112/><V21/><F96/><N who="3" m="57383" /><G108/><T58/><D109/><U65/><E76/><V11/><F21/><W85/><G133/><T68/><D78/><U7/><E7/><V74/><F74/><W50/><G18/><T90/><D90/><U25/><E73/><V135/><F135/><W32/><G32/><T51/><D70/><U97/><E97/><V35/><F71/><W38/><G38/><T54/><D30/><U99/><E99/><V4/><F60/><N who="3" m="37895" /><G118/><T130/><D130/><U111/><E111/><V69/><F69/><W110/><G110/><T20/><D107/><U33/><E33/><V98/><F35/><W122/><G122/><T91/><D102/><N who="3" m="39529" /><G81/><T83/><D20/><U132/><E132/><V16/><F28/><W10/><G10/><T1/><D83/><U49/><E65/><V123/><F123/><W62/><G62/><AGARI ba="0,0" hai="17,23,25,40,45,49,53,57,59,62,63,67,92,95" machi="62" ten="30,11600,0" yaku="7,1,8,1,52,2" doraHai="89" who="1" fromWho="3" sc="240,0,260,116,250,0,250,-116" /><INIT seed="1,1,0,4,3,71" ten="240,376,250,134" oya="1" hai0="49,93,135,125,108,17,133,1,102,40,104,0,48" hai1="6,19,109,8,42,111,60,44,118,80,120,23,62" hai2="61,29,52,56,88,81,130,121,95,55,65,14,9" hai3="31,20,66,126,119,131,90,134,69,105,67,85,92"/><U124/><E118/><V30/><F121/><W13/><G105/><T45/><D108/><N who="1" m="41547" /><E120/><V77/><F130/><W25/><G131/><T101/><D104/><U37/><E124/><V112/><F112/><W79/><G126/><T128/><D125/><U123/><E123/><V98/><F29/><W41/><G134/><N who="0" m="51211" /><D128/><U22/><E80/><V106/><F30/><W83/><G119/><T91/><D49/><U94/><E94/><V110/><F110/><W78/><G69/><T10/><D17/><U2/><E23/><V132/><F106/><W75/><G79/><T5/><D0/><U12/><AGARI ba="1,0" hai="2,6,8,12,19,22,37,42,44,60,62" m="41547" machi="12" ten="30,6000,0" yaku="14,1,10,1,52,1" doraHai="71" who="1" fromWho="1" sc="240,-21,376,63,250,-21,134,-21" /><INIT seed="1,2,0,2,0,71" ten="219,439,229,113" oya="1" hai0="57,96,102,34,29,83,91,18,2,92,76,20,17" hai1="8,62,68,97,27,64,82,135,61,9,39,94,109" hai2="124,101,3,125,105,111,130,58,54,90,78,95,118" hai3="22,112,11,72,85,79,63,107,41,74,42,47,15"/><U104/><E135/><V21/><F3/><W16/><G107/><T108/><D2/><U25/><E82/><V6/><F118/><W26/><G112/><T53/><D34/><U106/><E109/><V5/><F111/><W40/><G63/><T48/><D108/><U12/><E39/><V116/><F116/><W56/><G56/><T13/><D18/><U121/><E121/><V73/><F21/><W30/><G74/><T38/><D29/><U128/><E128/><V119/><F130/><W1/><G72/><T49/><D49/><U60/><E68/><V134/><F119/><W65/><G65/><T46/><D46/><U23/><E64/><V132/><F78/><W129/><G129/><T75/><REACH who="0" step="1"/><D102/><REACH who="0" ten="209,439,229,113" step="2"/><N who="1" m="60727" /><E60/><N who="2" m="35927" /><F101/><W24/><G1/><T66/><D66/><U122/><E61/><V131/><F105/><W50/><G24/><T89/><D89/><U100/><E62/><V51/><F51/><W84/><G84/><T52/><D52/><U126/><E100/><V103/><F131/><W10/><G10/><T70/><D70/><U7/><E104/><V36/><F103/><W86/><G86/><T81/><D81/><AGARI ba="2,1" hai="11,15,16,22,26,30,40,41,42,47,50,79,81,85" machi="81" ten="40,2600,0" yaku="8,1,54,1" doraHai="71" who="3" fromWho="0" sc="209,-32,439,0,229,0,113,42" /><INIT seed="2,0,0,5,3,10" ten="177,439,229,155" oya="2" hai0="107,99,114,79,96,17,44,59,12,118,98,89,20" hai1="71,48,92,4,8,124,40,78,54,9,113,129,53" hai2="81,6,135,26,70,16,39,82,45,25,52,130,30" hai3="94,86,64,28,109,67,43,105,57,61,2,32,47"/><V50/><F70/><W38/><G2/><T14/><D114/><U100/><E113/><V91/><F39/><W73/><G73/><T5/><D118/><U42/><E71/><V69/><F69/><W85/><G105/><T128/><D128/><U33/><E33/><V36/><F135/><W31/><G109/><T60/><D79/><U103/><E124/><V110/><F36/><W132/><G132/><T97/><D107/><U87/><E54/><V24/><F130/><W134/><G134/><T63/><D44/><U56/><E129/><V55/><F6/><W18/><G67/><T41/><D41/><U131/><E131/><V7/><F7/><W112/><G112/><T90/><N who="0" m="25088" /><DORA hai="51" /><T65/><D63/><U66/><E66/><V1/><F1/><W72/><G72/><T22/><D5/><U58/><E58/><V80/><F110/><W75/><G75/><T11/><D11/><N who="1" m="4171" /><E4/><V49/><F30/><W133/><G133/><T68/><D68/><U122/><E122/><V93/><F93/><W21/><G32/><T37/><D37/><U74/><E74/><V121/><F121/><W102/><G102/><N who="1" m="38954" /><E78/><V19/><REACH who="2" step="1"/><F91/><AGARI ba="0,0" hai="40,42,48,53,56,87,91,92" m="38954,4171" machi="91" ten="30,2000,0" yaku="8,1,52,1" doraHai="10,51" who="1" fromWho="2" sc="177,0,439,20,229,-20,155,0" /><INIT seed="3,0,0,0,1,109" ten="177,459,209,155" oya="3" hai0="23,55,64,32,104,61,69,131,3,31,10,9,77" hai1="58,60,133,79,66,84,70,130,127,30,124,83,67" hai2="15,113,110,74,49,13,93,20,103,80,41,114,72" hai3="135,111,48,27,53,57,42,91,82,68,81,122,119"/><W115/><G122/><T12/><D104/><U45/><E130/><V47/><F110/><W63/><G111/><T6/><D131/><U40/><E133/><V105/><F105/><W75/><G119/><T129/><D129/><U76/><E30/><V116/><F116/><W112/><G75/><T107/><D107/><U52/><E76/><V17/><F13/><W50/><G27/><T125/><D125/><N who="1" m="48203" /><E70/><V134/><F134/><W62/><G135/><T39/><D77/><U44/><E44/><V101/><F80/><W25/><G25/><T73/><D73/><U14/><E14/><V24/><F15/><W7/><G7/><T98/><D98/><U100/><E100/><V43/><F43/><W85/><G81/><T106/><D106/><U126/><E126/><V22/><F22/><W8/><G8/><T99/><D99/><U2/><E2/><V65/><F65/><W88/><G91/><T71/><D55/><U26/><E26/><V5/><F5/><W54/><G42/><T28/><D39/><AGARI ba="0,0" hai="39,40,45,52,58,60,66,67,79,83,84" m="48203" machi="39" ten="30,2000,0" yaku="18,1,54,1" doraHai="109" who="1" fromWho="0" sc="177,-20,459,20,209,0,155,0" owari="157,-24.0,479,57.0,209,1.0,155,-34.0" /></mjloggm>