<mjloggm ver="2.3"><GO type="97" lobby="0"/><UN n0="%E7%9F%A2%E6%9C%A8%E5%9C%AD%E6%AC%A1" n1="%61%64%73%6F%6E" n2="%E3%82%A6%E3%83%AB%E3%83%88%E3%83%A9%E7%AB%8B%E7%9B%B4" n3="%6E%65%72%69%32%31%30%32" dan="13,14,14,13" rate="1880.35,1912.96,1965.14,1981.83" sx="M,M,M,M"/><TAIKYOKU oya="0"/><INIT seed="0,0,0,1,2,84" ten="250,250,250,250" oya="0" hai0="37,115,81,5,78,33,19,66,106,76,64,125,70" hai1="24,27,14,108,21,86,74,10,55,133,35,71,60" hai2="52,54,93,39,13,47,49,124,25,58,95,61,85" hai3="132,69,116,134,63,38,126,98,114,43,104,110,62"/><T53/><D106/><U83/><E74/><V73/><F73/><W31/><G116/><T17/><D115/><U111/><E35/><V45/><F124/><W99/><G114/><T128/><D37/><U68/><E133/><N who="3" m="51306" /><G126/><T11/><D33/><U121/><E121/><V16/><F25/><N who="1" m="9801" /><E55/><V36/><F36/><W29/><G110/><N who="1" m="42026" /><E21/><V117/><F117/><W12/><G12/><N who="0" m="5231" /><D70/><U4/><E60/><N who="3" m="23082" /><G69/><T96/><D53/><U34/><E34/><V44/><F39/><W8/><G8/><T6/><D6/><U97/><E97/><N who="3" m="36874" /><G104/><T90/><D125/><U103/><E103/><V41/><F41/><W26/><G26/><T80/><D66/><U123/><E123/><V75/><F75/><W40/><G38/><T101/><D64/><U22/><E22/><N who="2" m="11535" /><F85/><W50/><G50/><T15/><D101/><U118/><E118/><V72/><F72/><W100/><G100/><T65/><D65/><U18/><E4/><V20/><F20/><W23/><G23/><N who="0" m="11711" /><D19/><U30/><E30/><AGARI ba="0,0" hai="29,30,31,40,43" m="36874,23082,51306" machi="30" ten="30,3900,0" yaku="28,2,20,1" doraHai="84" who="3" fromWho="1" sc="250,0,250,-39,250,0,250,39" /><INIT seed="1,0,0,0,1,109" ten="250,211,250,289" oya="1" hai0="110,90,32,122,42,38,121,81,86,78,7,82,28" hai1="6,11,36,126,69,20,23,76,123,131,5,127,48" hai2="54,125,87,104,108,10,67,50,103,8,135,59,134" hai3="46,112,24,45,58,79,70,71,61,72,101,66,19"/><U34/><E36/><V130/><F108/><W111/><G111/><T99/><D110/><U39/><E39/><V49/><F67/><W60/><G112/><T114/><D7/><N who="1" m="2571" /><E69/><V89/><F103/><W88/><G101/><T93/><D28/><U41/><E123/><N who="0" m="47113" /><D32/><U64/><E64/><V13/><F104/><W98/><G71/><T12/><D12/><U44/><E76/><V57/><F125/><N who="1" m="47625" /><E34/><V96/><F96/><W94/><G79/><N who="0" m="46399" /><D38/><U116/><E116/><V107/><F107/><W106/><G106/><T1/><D42/><U21/><E131/><V91/><F130/><W53/><REACH who="3" step="1"/><G72/><REACH who="3" ten="250,211,250,279" step="2"/><N who="0" m="43335" /><D1/><U129/><E129/><V102/><F102/><W115/><G115/><AGARI ba="0,1" hai="90,93,99,114,115" m="43335,46399,47113" machi="115" ten="30,8000,1" yaku="13,1,34,2,52,2" doraHai="109" who="0" fromWho="3" sc="250,90,211,0,250,0,279,-80" /><INIT seed="2,0,0,5,4,25" ten="340,211,250,199" oya="2" hai0="72,40,66,114,118,94,85,49,39,38,63,73,56" hai1="71,23,28,77,34,16,12,134,93,17,6,32,100" hai2="80,110,27,105,15,104,128,10,103,18,126,24,46" hai3="83,62,44,33,82,0,89,53,131,115,20,5,125"/><V31/><F126/><W112/><G125/><T74/><D114/><N who="3" m="43561" /><G33/><N who="1" m="12906" /><E71/><V132/><F132/><W4/><G131/><T29/><D29/><U123/><E93/><V117/><F117/><W127/><G127/><T68/><D118/><U124/><E77/><V2/><F128/><W109/><G109/><T64/><D64/><U9/><E100/><V99/><F110/><W76/><G20/><T8/><D8/><N who="1" m="4119" /><E124/><V102/><F2/><W13/><G13/><T129/><D129/><U22/><E134/><V70/><F70/><W57/><G0/><T42/><D94/><U50/><E50/><V135/><F135/><W90/><G44/><T95/><D95/><U101/><E101/><V58/><F58/><W59/><G82/><T43/><D85/><U14/><E123/><V122/><F122/><W81/><G81/><T52/><AGARI ba="0,0" hai="38,39,40,42,43,49,52,56,63,66,68,72,73,74" machi="52" ten="40,2700,0" yaku="0,1,54,1" doraHai="25" who="0" fromWho="0" sc="340,27,211,-7,250,-13,199,-7" /><INIT seed="3,0,0,0,3,4" ten="367,204,237,192" oya="3" hai0="54,81,45,61,93,83,20,74,129,8,65,117,36" hai1="48,107,43,32,97,135,18,13,7,70,95,27,130" hai2="123,46,2,79,91,35,19,67,51,105,76,127,102" hai3="112,120,22,77,30,40,64,87,12,104,108,73,72"/><W113/><G120/><T1/><D117/><U10/><E135/><V96/><F35/><W128/><G128/><T62/><D129/><U90/><E130/><V131/><F131/><W82/><G108/><T116/><D116/><U44/><E70/><V60/><F127/><W126/><G126/><T134/><D74/><U59/><E107/><V31/><F31/><W103/><G73/><T94/><D20/><U16/><REACH who="1" step="1"/><E59/><REACH who="1" ten="367,194,237,192" step="2"/><V71/><F71/><W11/><G40/><N who="0" m="22663" /><D134/><U26/><E26/><V124/><F105/><W9/><G64/><T100/><D65/><U121/><E121/><V98/><F67/><W55/><G55/><T69/><D54/><U3/><E3/><V50/><F2/><W56/><G56/><T0/><D1/><U86/><E86/><V47/><F124/><W122/><G122/><T29/><D0/><U53/><E53/><V5/><F123/><W23/><G72/><T109/><D69/><U14/><E14/><V119/><F119/><W110/><G110/><T118/><D109/><U88/><E88/><V28/><F91/><W63/><G63/><T106/><D118/><U85/><E85/><V132/><F60/><W6/><G11/><T99/><D62/><U75/><E75/><V57/><F57/><W92/><G104/><T42/><D106/><U41/><E41/><V101/><F132/><W89/><G103/><T111/><D42/><U114/><E114/><N who="3" m="44138" /><G30/><AGARI ba="0,1" hai="7,10,13,16,18,27,30,32,43,44,48,90,95,97" machi="30" ten="40,8000,1" yaku="1,1,52,1,54,1,53,1" doraHai="4" doraHaiUra="21" who="1" fromWho="3" sc="367,0,194,90,237,0,192,-80" owari="367,47.0,284,8.0,237,-16.0,112,-39.0" /></mjloggm>