<mjloggm ver="2.3"><GO type="41" lobby="0"/><UN n0="%E3%82%A6%E3%83%AB%E3%83%88%E3%83%A9%E7%AB%8B%E7%9B%B4" n1="%7A%68%6B%64%73%68%67%79" n2="%E8%82%AF%E5%BE%B3%E5%9F%BA" n3="%68%69%6B%6F%5F%62%65" dan="15,15,13,16" rate="1991.78,2044.71,1833.04,2076.38" sx="M,M,M,M"/><TAIKYOKU oya="0"/><INIT seed="0,0,0,0,5,113" ten="250,250,250,250" oya="0" hai0="111,55,68,56,36,102,50,19,119,79,26,72,10" hai1="112,38,120,84,28,41,53,129,105,69,67,101,96" hai2="29,99,97,76,100,80,118,71,39,115,48,18,58" hai3="0,34,108,116,134,122,110,90,85,20,77,82,94"/><T57/><D68/><U52/><E120/><V3/><F115/><W95/><G34/><T22/><D36/><U16/><E112/><V6/><F39/><W92/><G0/><T135/><D135/><U74/><E74/><V15/><F71/><W109/><G20/><T40/><D111/><U21/><E28/><V30/><F3/><W86/><G134/><T89/><D40/><U64/><E129/><V128/><F6/><W127/><G122/><T61/><D102/><U125/><E125/><V60/><F128/><W131/><G131/><T130/><D130/><U73/><E73/><V126/><F126/><W78/><G127/><T114/><D114/><U43/><E43/><V35/><F48/><W5/><G5/><T103/><D103/><U9/><E9/><V65/><F35/><W17/><G17/><T87/><D79/><N who="3" m="30217" /><G116/><T12/><D72/><U66/><E69/><V75/><F99/><W33/><G33/><T133/><D133/><U32/><E32/><V8/><F118/><W70/><G70/><T54/><D119/><U27/><REACH who="1" step="1"/><E84/><AGARI ba="0,0" hai="82,84,85,86,90,92,94,95,108,109,110" m="30217" machi="84" ten="40,5200,0" yaku="14,1,34,2" doraHai="113" who="3" fromWho="1" sc="250,0,250,-52,250,0,250,52" /><INIT seed="1,0,0,2,5,35" ten="250,198,250,302" oya="1" hai0="11,126,44,117,135,101,47,93,96,110,120,39,129" hai1="99,43,79,59,16,84,32,50,49,18,48,2,22" hai2="27,1,61,5,76,71,29,85,91,51,66,40,133" hai3="23,75,60,130,65,8,86,36,68,113,37,20,81"/><U100/><E32/><V24/><F133/><W6/><G75/><T83/><D117/><U25/><E43/><V55/><F76/><W10/><G113/><T102/><D135/><U122/><E122/><V17/><F27/><W97/><G130/><T9/><D129/><U105/><E18/><V94/><F40/><W70/><G70/><T33/><D33/><U127/><E127/><V87/><F17/><W132/><G132/><T115/><D115/><U42/><E42/><V13/><F13/><W123/><G123/><T95/><D126/><U12/><E12/><V58/><F87/><W128/><G97/><T46/><D39/><U119/><E119/><V121/><F5/><W74/><G74/><T34/><D34/><U19/><E19/><V41/><F121/><W15/><G10/><N who="0" m="3595" /><D110/><U28/><E28/><V90/><F90/><W125/><G128/><T72/><D72/><U54/><REACH who="1" step="1"/><E2/><REACH who="1" ten="250,188,250,302" step="2"/><V88/><F41/><W111/><G125/><T62/><D120/><U107/><E107/><V56/><F71/><W53/><G68/><T80/><D62/><U38/><E38/><V131/><F131/><W14/><G60/><T67/><D67/><U109/><E109/><V124/><F124/><W134/><G65/><T108/><D108/><U82/><AGARI ba="0,1" hai="16,22,25,48,49,50,54,59,79,82,84,99,100,105" machi="82" ten="30,6000,0" yaku="1,1,0,1,54,1,53,0" doraHai="35" doraHaiUra="3" who="1" fromWho="1" sc="250,-20,188,70,250,-20,302,-20" /><INIT seed="1,1,0,2,5,129" ten="230,258,230,282" oya="1" hai0="28,125,34,76,59,5,88,55,54,53,9,66,64" hai1="119,36,135,110,93,92,94,48,73,127,27,37,56" hai2="41,80,132,111,62,131,124,8,63,57,14,61,106" hai3="0,77,83,122,29,49,97,89,85,114,18,22,2"/><U105/><E105/><V115/><F131/><W75/><G122/><T51/><D125/><U11/><E119/><V7/><F124/><W109/><G114/><T104/><D104/><U35/><E127/><V21/><F115/><W121/><G121/><T19/><D76/><U96/><E73/><V70/><F106/><W20/><G109/><T102/><D102/><U68/><E68/><V58/><F111/><W86/><G75/><T84/><D19/><U50/><E110/><V31/><F70/><W40/><G97/><T39/><D39/><U112/><E112/><V103/><F103/><W3/><G29/><T120/><D120/><U38/><E96/><V134/><F41/><W126/><G126/><T98/><D98/><U47/><E11/><V95/><F95/><W116/><G116/><T108/><D108/><U17/><E56/><V113/><F113/><W16/><G40/><T44/><D28/><U42/><E48/><V24/><F80/><W74/><G49/><T133/><D34/><U90/><E35/><V45/><REACH who="2" step="1"/><F45/><REACH who="2" ten="230,258,220,282" step="2"/><W13/><REACH who="3" step="1"/><G89/><REACH who="3" ten="230,258,220,272" step="2"/><T81/><D88/><U123/><E123/><V107/><F107/><W82/><G82/><T99/><D81/><U10/><E90/><V6/><F6/><W130/><G130/><T71/><D5/><U4/><E93/><V65/><F65/><W30/><G30/><T72/><D66/><U33/><E92/><V69/><F69/><W101/><G101/><T79/><D64/><U100/><E94/><V26/><F26/><AGARI ba="1,2" hai="0,2,3,13,16,18,20,22,26,74,77,83,85,86" machi="26" ten="40,8000,1" yaku="1,1,54,1,53,3" doraHai="129" doraHaiUra="32" who="3" fromWho="2" sc="230,0,258,0,220,-83,272,103" /><INIT seed="2,0,0,3,1,40" ten="230,258,137,375" oya="2" hai0="71,117,126,51,79,19,134,123,133,127,120,27,24" hai1="65,91,10,109,111,62,95,26,76,98,85,11,104" hai2="103,58,56,4,130,121,13,54,46,1,38,89,70" hai3="105,21,101,60,86,7,55,14,66,33,25,22,112"/><V88/><F121/><W50/><G112/><T0/><D79/><U125/><E125/><N who="0" m="47625" /><D71/><U108/><E26/><N who="0" m="9769" /><D51/><U44/><E44/><V45/><F70/><W96/><G86/><T128/><D0/><U83/><REACH who="1" step="1"/><E104/><REACH who="1" ten="230,248,137,375" step="2"/><V73/><F38/><W28/><G105/><T12/><D117/><U129/><E129/><V81/><F1/><W94/><G25/><T8/><D128/><U119/><E119/><V124/><F130/><W64/><G33/><T61/><D61/><U115/><E115/><V87/><F124/><W92/><G60/><T107/><D107/><U67/><E67/><V53/><F73/><W90/><G66/><T18/><D18/><U37/><E37/><V57/><F103/><W23/><G64/><T29/><D29/><U132/><E132/><AGARI ba="0,1" hai="8,12,19,120,123,132,133,134" m="9769,47625" machi="132" ten="30,7700,0" yaku="20,1,18,1,34,2" doraHai="40" who="0" fromWho="1" sc="230,87,248,-77,137,0,375,0" /><INIT seed="3,0,0,2,5,31" ten="317,171,137,375" oya="3" hai0="40,29,28,86,49,43,4,47,46,45,37,128,120" hai1="39,62,23,68,133,125,96,50,101,70,104,72,41" hai2="60,30,110,134,64,11,36,27,122,115,89,111,34" hai3="123,25,95,97,7,0,13,56,22,116,107,3,88"/><W124/><G116/><T69/><D120/><U54/><E72/><V44/><F89/><W93/><G123/><T17/><D69/><U52/><E125/><V127/><F122/><W77/><G124/><T32/><D128/><U5/><E5/><V2/><F127/><W79/><G107/><T91/><D4/><U118/><E118/><V63/><F63/><W121/><G121/><T129/><D129/><U112/><E112/><V113/><F134/><W19/><G93/><T94/><D32/><U85/><E54/><V76/><F115/><W10/><REACH who="3" step="1"/><G56/><REACH who="3" ten="317,171,137,365" step="2"/><T75/><D46/><U57/><E68/><V106/><F113/><W83/><G83/><T38/><D47/><U33/><E70/><V58/><F111/><W90/><G90/><T42/><D94/><U14/><E104/><V12/><F110/><W84/><G84/><T20/><D86/><U108/><E85/><V48/><F106/><W6/><G6/><T35/><D91/><U15/><E57/><V53/><F76/><AGARI ba="0,1" hai="0,3,7,10,13,19,22,25,76,77,79,88,95,97" machi="76" ten="40,7700,0" yaku="1,1,54,1,53,1" doraHai="31" doraHaiUra="87" who="3" fromWho="2" sc="317,0,171,0,137,-77,365,87" /><INIT seed="3,1,0,3,4,28" ten="317,171,60,452" oya="3" hai0="96,1,103,15,25,117,102,128,64,100,23,112,79" hai1="82,92,107,123,78,106,98,45,31,53,70,36,71" hai2="113,135,97,80,105,124,84,42,54,5,104,35,7" hai3="51,134,19,40,72,83,6,8,108,55,81,20,62"/><W94/><G134/><T24/><D1/><U17/><E123/><V0/><F113/><W32/><G32/><T16/><D117/><U126/><E31/><V65/><F135/><W60/><G108/><T12/><D128/><U14/><E106/><V63/><F124/><W56/><G40/><T127/><D127/><U52/><E107/><V50/><F105/><W93/><G72/><T122/><D112/><U21/><E126/><V9/><F5/><W27/><G93/><T57/><D122/><U89/><E53/><V34/><F42/><W68/><G94/><T109/><D109/><U125/><E125/><V22/><F97/><W121/><G121/><T90/><D79/><U38/><E38/><V67/><F104/><W39/><G39/><T43/><D43/><U69/><E36/><V111/><F111/><W131/><G131/><T48/><D15/><U110/><E110/><V44/><F22/><W114/><G114/><T49/><D96/><U86/><REACH who="1" step="1"/><E71/><REACH who="1" ten="317,161,60,452" step="2"/><V95/><F95/><W46/><G68/><T85/><D64/><U99/><E99/><V130/><F130/><W116/><G83/><N who="0" m="49471" /><D49/><AGARI ba="1,1" hai="14,17,21,45,49,52,69,70,78,82,86,89,92,98" machi="49" ten="40,2600,0" yaku="1,1,54,1,53,0" doraHai="28" doraHaiUra="2" who="1" fromWho="0" sc="317,-29,161,39,60,0,452,0" /><INIT seed="4,0,0,4,0,99" ten="288,200,60,452" oya="0" hai0="16,116,28,98,29,104,42,35,63,123,58,68,37" hai1="17,102,4,112,27,82,129,0,62,44,36,97,72" hai2="128,65,2,74,60,34,109,84,119,75,96,52,89" hai3="51,76,11,9,57,118,125,66,135,115,55,131,50"/><T64/><D123/><U43/><E62/><V105/><F109/><W83/><G115/><T49/><D116/><U5/><E112/><V91/><F2/><W121/><G118/><T107/><D29/><U93/><E129/><V10/><F119/><W86/><G131/><T48/><D48/><U56/><E56/><V14/><F128/><W26/><G135/><T38/><D38/><U132/><E132/><V41/><F41/><W24/><G125/><T54/><D28/><U19/><E27/><N who="3" m="10282" /><G121/><T21/><D35/><U45/><E45/><V101/><F34/><W126/><G126/><T53/><D53/><U133/><E5/><V69/><F91/><W70/><G70/><T22/><D98/><U13/><E13/><V3/><F3/><W31/><G31/><T61/><D61/><U95/><E95/><V110/><F110/><W111/><G111/><T7/><D7/><U90/><E133/><V94/><REACH who="2" step="1"/><F52/><REACH who="2" ten="288,200,50,452" step="2"/><N who="3" m="31895" /><G66/><T78/><D78/><N who="1" m="44359" /><E90/><V130/><F130/><W32/><G32/><T85/><D42/><U134/><E134/><V8/><F8/><AGARI ba="0,1" hai="0,4,8,17,19,36,43,44,93,97,102" m="44359" machi="8" ten="30,2000,0" yaku="25,1,52,1" doraHai="99" who="1" fromWho="2" sc="288,0,200,30,50,-20,452,0" /><INIT seed="5,0,0,2,3,113" ten="288,230,30,452" oya="1" hai0="94,135,50,8,6,132,21,9,76,69,24,62,127" hai1="14,91,72,71,80,100,124,66,22,15,74,95,81" hai2="47,98,99,93,49,70,1,104,133,97,33,106,27" hai3="77,28,128,58,60,45,57,34,89,5,92,86,25"/><U17/><E100/><V111/><F111/><W105/><G105/><T2/><D76/><U131/><E74/><V123/><F123/><W52/><G128/><T56/><D69/><U122/><E122/><V108/><F108/><W79/><G45/><T16/><D127/><U42/><E42/><V118/><F1/><W29/><G29/><T83/><D83/><U129/><E124/><V109/><F109/><W101/><G101/><T31/><D50/><U82/><E72/><V55/><F70/><W39/><G39/><T85/><D85/><U88/><E15/><V12/><F133/><N who="0" m="51274" /><D94/><U54/><E54/><V103/><F33/><W134/><G134/><T63/><D56/><U26/><E66/><V116/><F27/><W3/><G57/><T10/><D63/><U115/><E71/><V119/><REACH who="2" step="1"/><F12/><REACH who="2" ten="288,230,20,452" step="2"/><W75/><G3/><T121/><D121/><U51/><E26/><V41/><F41/><W59/><G25/><N who="0" m="14503" /><D62/><U117/><E131/><V114/><F114/><W35/><G60/><T18/><D18/><U125/><E115/><V84/><F84/><W130/><G86/><T112/><D112/><U65/><E129/><V32/><F32/><AGARI ba="0,1" hai="2,6,8,9,10,24,31,32" m="14503,51274" machi="32" ten="30,7700,0" yaku="20,1,34,2,54,1" doraHai="113" who="0" fromWho="2" sc="288,87,230,0,20,-77,452,0" owari="375,18.0,230,-17.0,-57,-56.0,452,55.0" /></mjloggm>