<mjloggm ver="2.3"><GO type="193" lobby="0"/><UN n0="%E9%98%B2%E6%B0%B4%E5%8A%A0%E5%B7%A5" n1="%E5%A4%A9%E5%9F%8E%E4%BC%9A%E2%80%A0%E3%81%A1%E3%82%87%E3%81%B5" n2="%E5%B0%B1%E6%B4%BB%E7%94%9F%40%E5%B7%9D%E6%9D%91%E8%BB%8D%E5%9B%A3" n3="%E5%AE%AE%E6%B0%B8%E3%82%A2%E3%82%AD%E3%83%A9" dan="10,12,11,12" rate="1494.47,2005.19,1791.57,1613.62" sx="M,M,M,M"/><TAIKYOKU oya="0"/><INIT seed="0,0,0,2,3,77" ten="250,250,250,250" oya="0" hai0="96,68,81,31,128,29,19,134,23,67,70,132,82" hai1="13,121,20,86,131,6,39,37,94,4,55,57,42" hai2="50,27,80,0,100,16,135,125,45,95,113,92,129" hai3="51,116,10,1,40,54,71,99,120,7,98,48,64"/><T26/><D128/><U119/><E119/><V83/><F0/><W112/><G116/><T75/><D96/><U69/><E69/><N who="0" m="26729" /><D75/><U8/><E131/><V84/><F113/><W108/><G112/><T33/><D67/><U30/><E121/><V35/><F125/><W25/><G25/><T72/><D72/><U43/><E37/><V104/><F104/><W76/><G76/><T130/><D130/><U49/><E39/><V22/><F135/><N who="0" m="51754" /><D31/><U79/><E4/><V36/><F36/><W66/><G71/><T91/><D91/><U56/><E56/><V122/><F122/><W21/><G120/><T115/><D115/><U126/><E126/><V106/><F106/><W34/><G34/><T85/><D85/><U105/><E105/><V90/><F35/><W38/><G38/><T12/><AGARI ba="0,0" hai="12,19,23,26,29,33,81,82" m="51754,26729" machi="12" ten="30,6000,0" yaku="20,1,52,2" doraHai="77" who="0" fromWho="0" sc="250,60,250,-20,250,-20,250,-20" /><INIT seed="0,1,0,5,3,111" ten="310,230,230,230" oya="0" hai0="26,63,59,83,82,114,23,86,126,97,107,38,27" hai1="124,116,72,9,5,101,67,48,32,84,6,62,87" hai2="21,45,68,98,40,51,78,75,34,44,129,19,103" hai3="11,54,76,31,123,60,93,13,14,120,7,53,39"/><T106/><D38/><U131/><E72/><V16/><F34/><W113/><G113/><T127/><BYE who="3" /><D114/><U94/><E32/><UN n3="%E5%AE%AE%E6%B0%B8%E3%82%A2%E3%82%AD%E3%83%A9" /><V64/><F129/><W109/><G39/><T42/><D42/><U55/><E131/><V8/><F75/><W104/><G76/><T20/><D27/><U43/><E124/><V3/><F78/><W0/><G31/><T108/><D108/><U47/><E116/><V130/><F130/><W80/><G109/><T15/><D127/><U112/><E112/><V118/><F118/><W70/><G104/><T25/><D126/><U105/><E105/><V95/><F68/><W29/><G29/><T18/><D15/><U10/><E43/><V69/><F69/><W2/><G80/><T81/><D107/><U1/><E101/><V110/><F64/><N who="3" m="41223" /><G93/><T22/><D106/><U92/><E94/><V52/><F110/><W122/><G14/><T99/><D86/><U65/><E92/><V57/><F40/><W46/><G46/><T36/><D36/><U128/><E128/><V28/><F28/><W74/><G74/><T50/><D50/><U88/><E88/><V102/><F102/><W90/><G90/><T115/><D115/><U66/><REACH who="1" step="1"/><E62/><REACH who="1" ten="310,220,230,230" step="2"/><V135/><F135/><W35/><G35/><T61/><D61/><U121/><E121/><N who="3" m="30978" /><W37/><DORA hai="41" /><G37/><T79/><D79/><U17/><E17/><V100/><F100/><W132/><G132/><T33/><D33/><U71/><E71/><V91/><F103/><W117/><G117/><T96/><D18/><U30/><E30/><V73/><F73/><W133/><G133/><RYUUKYOKU ba="1,1" sc="310,10,220,10,230,-30,230,10" hai0="20,22,23,25,26,59,63,81,82,83,96,97,99" hai1="1,5,6,9,10,47,48,55,65,66,67,84,87" hai3="0,2,7,11,13,53,54" /><INIT seed="0,2,1,1,5,90" ten="320,230,200,240" oya="0" hai0="76,114,16,2,120,113,24,10,60,25,119,89,27" hai1="26,72,92,64,121,127,70,5,63,51,118,79,17" hai2="95,56,42,129,9,94,19,78,45,44,62,22,28" hai3="122,134,34,74,101,75,66,128,91,77,88,6,104"/><T32/><D119/><U106/><E106/><V7/><F129/><W35/><G6/><T65/><D120/><U48/><E121/><V55/><F78/><W29/><G128/><T15/><D76/><U13/><E118/><V14/><F28/><W3/><G66/><T8/><D113/><U57/><E127/><V83/><F83/><W85/><G122/><T87/><D114/><U126/><E126/><V99/><F99/><W58/><G58/><T73/><D73/><U116/><E116/><V38/><REACH who="2" step="1"/><F45/><REACH who="2" ten="320,230,190,240" step="2"/><W96/><G134/><T115/><D115/><U59/><E79/><V12/><AGARI ba="2,2" hai="7,9,12,14,19,22,38,42,44,55,56,62,94,95" machi="12" ten="20,12000,2" yaku="1,1,2,1,0,1,7,1,52,2,53,1" doraHai="90" doraHaiUra="43" who="2" fromWho="2" sc="320,-62,230,-32,190,146,240,-32" /><INIT seed="1,0,0,0,2,131" ten="258,198,336,208" oya="1" hai0="101,47,14,25,67,40,109,118,31,97,104,23,102" hai1="50,53,114,94,15,115,116,21,64,26,108,51,122" hai2="81,123,27,24,60,7,58,125,62,36,46,37,18" hai3="74,56,90,66,48,41,33,12,9,19,73,135,120"/><U130/><E116/><V107/><F123/><W11/><G120/><T2/><D118/><U113/><E122/><V84/><F107/><W71/><G71/><T55/><D2/><U121/><E121/><V91/><F7/><W128/><G33/><T98/><D109/><U99/><E130/><V42/><F125/><W134/><G128/><T10/><D67/><U88/><E108/><V89/><F36/><W52/><G90/><T119/><D119/><U105/><E105/><V110/><F110/><W127/><G127/><T85/><D55/><U29/><E64/><V83/><F18/><W70/><G41/><T126/><D126/><U103/><E103/><V57/><F57/><W87/><G87/><T17/><D85/><U111/><E111/><V0/><F0/><W28/><G28/><T68/><D68/><U100/><E100/><V117/><F62/><N who="3" m="40279" /><G9/><T16/><D17/><U86/><E86/><V38/><F38/><W20/><G11/><T44/><REACH who="0" step="1"/><D40/><REACH who="0" ten="248,198,336,208" step="2"/><U3/><E3/><V129/><F117/><W72/><G12/><T124/><D124/><U22/><E15/><V61/><F129/><W39/><G39/><T49/><D49/><U106/><E106/><AGARI ba="0,1" hai="10,14,16,23,25,31,44,47,97,98,101,102,104,106" machi="106" ten="30,7700,0" yaku="1,1,7,1,9,1,54,1,53,0" doraHai="131" doraHaiUra="65" who="0" fromWho="1" sc="248,87,198,-77,336,0,208,0" /><INIT seed="2,0,0,0,5,95" ten="335,121,336,208" oya="2" hai0="110,51,38,30,86,93,49,78,66,83,59,90,75" hai1="17,33,68,120,72,21,47,134,44,56,36,1,3" hai2="114,25,52,45,46,89,9,55,116,128,15,79,6" hai3="129,112,27,32,65,132,28,7,108,16,53,92,19"/><V97/><F116/><W101/><G53/><N who="2" m="20553" /><F114/><W14/><G65/><T98/><D38/><U0/><E68/><V39/><F39/><W11/><G112/><T77/><D110/><U99/><E33/><V102/><F128/><W29/><G108/><T88/><D30/><U113/><E72/><V121/><F121/><W67/><G67/><T69/><D69/><U124/><E113/><V48/><F79/><W35/><G92/><T40/><D40/><U84/><E120/><V100/><F25/><N who="3" m="18447" /><G101/><N who="2" m="39017" /><F48/><W64/><G64/><T63/><REACH who="0" step="1"/><D75/><REACH who="0" ten="325,121,336,208" step="2"/><U34/><E34/><V50/><F50/><AGARI ba="0,1" hai="49,50,51,59,63,66,77,78,83,86,88,90,93,98" machi="50" ten="40,12000,2" yaku="1,1,2,1,8,1,52,1,54,1,53,1" doraHai="95" doraHaiUra="60" who="0" fromWho="2" sc="325,130,121,0,336,-120,208,0" /><INIT seed="3,0,0,1,1,123" ten="455,121,216,208" oya="3" hai0="117,84,106,74,98,37,78,100,5,77,4,82,34" hai1="112,94,127,56,51,76,29,13,89,72,22,23,14" hai2="130,111,53,66,115,64,45,113,49,90,135,10,91" hai3="129,0,107,73,125,1,8,108,62,20,93,38,19"/><W52/><G38/><T88/><D117/><U11/><E127/><V97/><F130/><W31/><G125/><T35/><D37/><U26/><E112/><V40/><F135/><W80/><G129/><T81/><REACH who="0" step="1"/><D78/><REACH who="0" ten="445,121,216,208" step="2"/><U114/><E114/><V48/><F115/><W71/><G108/><T47/><D47/><U7/><E72/><V68/><F113/><W75/><G107/><T110/><D110/><U79/><E23/><V105/><F105/><W121/><G121/><T133/><D133/><U6/><E56/><V118/><F45/><W134/><G134/><T21/><D21/><U103/><E103/><V54/><F118/><W86/><G93/><T15/><D15/><U96/><REACH who="1" step="1"/><E51/><REACH who="1" ten="445,111,216,208" step="2"/><V131/><F49/><W104/><G104/><T61/><D61/><U102/><E102/><V55/><F48/><W92/><G92/><T59/><D59/><U39/><E39/><V9/><F131/><W109/><G109/><T65/><D65/><U42/><E42/><V28/><F40/><W12/><G71/><T70/><D70/><U41/><E41/><V44/><F97/><W67/><G73/><T43/><D43/><U87/><E87/><V24/><F111/><W132/><G75/><T122/><D122/><U30/><E30/><V50/><F68/><W128/><G132/><T2/><D2/><U17/><E17/><V3/><F3/><W101/><G128/><T83/><D83/><U69/><E69/><V63/><F64/><W126/><G101/><T85/><D85/><U60/><E60/><V36/><F63/><W18/><G0/><T58/><D58/><RYUUKYOKU ba="0,2" sc="445,15,111,15,216,-15,208,-15" hai0="4,5,34,35,74,77,81,82,84,88,98,100,106" hai1="6,7,11,13,14,22,26,29,76,79,89,94,96" owari="480,58.0,126,-37.0,201,0.0,193,-21.0" /></mjloggm>