<mjloggm ver="2.3"><GO type="169" lobby="0"/><UN n0="%E3%82%A6%E3%83%AB%E3%83%88%E3%83%A9%E7%AB%8B%E7%9B%B4" n1="%E5%B0%8F%E6%9C%A8%E6%9B%BD%E9%9B%AA%E8%8F%9C" n2="%2A%E3%81%B6%E3%81%A3%E3%81%A1%2A" n3="%E2%98%85%E9%9B%80%E9%AC%BC%E7%99%BE%E7%80%AC%E2%98%85" dan="17,16,16,18" rate="2173.06,2098.67,2113.23,2182.81" sx="M,F,M,M"/><TAIKYOKU oya="0"/><INIT seed="0,0,0,3,3,83" ten="250,250,250,250" oya="0" hai0="19,85,8,125,11,52,64,6,75,30,98,16,7" hai1="93,60,54,117,113,112,121,91,114,31,132,115,34" hai2="46,108,5,129,90,42,107,102,14,89,105,78,68" hai3="116,73,28,18,61,36,66,79,12,9,4,40,134"/><T21/><D75/><U95/><E117/><V126/><F68/><W99/><G116/><T25/><D64/><U2/><E121/><V20/><F108/><W122/><G134/><T77/><D98/><U17/><E132/><V41/><F78/><W3/><G122/><T33/><D125/><U72/><E72/><V49/><F129/><W131/><G131/><T50/><D33/><U127/><E127/><V124/><F102/><W67/><G99/><T44/><D77/><U101/><E2/><V84/><F90/><W69/><G66/><T118/><D118/><U35/><E31/><V23/><F41/><W76/><G73/><T103/><D103/><U71/><E17/><N who="2" m="10295" /><F23/><W47/><REACH who="3" step="1"/><G28/><REACH who="3" ten="250,250,250,240" step="2"/><T86/><D30/><U58/><E115/><V43/><F124/><W65/><G65/><T81/><D81/><U62/><E71/><V133/><F126/><W88/><G88/><T97/><D97/><N who="1" m="59583" /><E62/><V24/><F133/><W32/><G32/><T59/><D11/><AGARI ba="0,1" hai="3,4,9,11,12,18,36,40,47,61,67,69,76,79" machi="11" ten="30,3900,0" yaku="1,1,7,1,53,1" doraHai="83" doraHaiUra="15" who="3" fromWho="0" sc="250,-39,250,0,250,0,240,49" /><INIT seed="1,0,0,0,5,121" ten="211,250,250,289" oya="1" hai0="36,8,92,132,95,107,33,55,117,135,22,108,82" hai1="114,30,51,104,112,93,133,80,100,90,129,128,19" hai2="70,35,91,4,5,53,34,66,60,73,76,116,41" hai3="44,103,10,124,39,85,62,16,25,24,96,102,15"/><U106/><E30/><V130/><F116/><W26/><G124/><T0/><D33/><U28/><E28/><V13/><F130/><N who="1" m="50281" /><E19/><V49/><F41/><W48/><G39/><T21/><D107/><N who="1" m="41003" /><E51/><V65/><F65/><W84/><G62/><T74/><D36/><U67/><E67/><V14/><F34/><W101/><REACH who="3" step="1"/><G96/><REACH who="3" ten="211,250,250,279" step="2"/><T122/><D117/><U31/><E133/><V98/><F60/><W99/><G99/><T79/><D135/><U42/><E31/><V27/><F98/><W89/><G89/><T59/><D132/><U81/><E100/><V131/><F91/><W115/><G115/><N who="1" m="44074" /><E42/><AGARI ba="0,1" hai="10,15,16,24,25,26,42,44,48,84,85,101,102,103" machi="42" ten="40,5200,0" yaku="1,1,8,1,54,1,53,0" doraHai="121" doraHaiUra="110" who="3" fromWho="1" sc="211,0,250,-52,250,0,279,62" /><INIT seed="2,0,0,3,1,46" ten="211,198,250,341" oya="2" hai0="110,41,31,123,103,18,88,90,71,11,24,1,81" hai1="101,125,129,16,102,73,57,121,6,75,124,95,104" hai2="56,47,52,135,48,67,66,33,39,21,122,2,92" hai3="112,79,36,127,68,60,116,7,98,117,12,99,111"/><V43/><F33/><W100/><G36/><T40/><D71/><U63/><E6/><V3/><F122/><W83/><G111/><T82/><D110/><U119/><E121/><V130/><F135/><W87/><G127/><N who="1" m="48714" /><E119/><V51/><F130/><W26/><G112/><T61/><D123/><U120/><E129/><V5/><F39/><W134/><G134/><T0/><D103/><N who="1" m="39435" /><E120/><V108/><F108/><W38/><G99/><T25/><D61/><U80/><E104/><V72/><F72/><W37/><G60/><T28/><D11/><U23/><E80/><V58/><F58/><W126/><G68/><T4/><REACH who="0" step="1"/><D18/><REACH who="0" ten="201,198,250,341" step="2"/><U93/><E75/><V30/><F5/><AGARI ba="0,1" hai="0,1,4,5,24,25,28,31,40,41,81,82,88,90" machi="5" ten="25,8000,1" yaku="1,1,2,1,22,2,54,1,53,0" doraHai="46" doraHaiUra="62" who="0" fromWho="2" sc="201,90,198,0,250,-80,341,0" /><INIT seed="3,0,0,2,1,107" ten="291,198,170,341" oya="3" hai0="18,76,135,112,73,82,65,113,133,53,52,26,131" hai1="78,28,1,97,47,4,43,115,19,126,50,59,20" hai2="51,35,95,24,22,89,67,6,23,119,130,15,57" hai3="27,87,120,8,38,74,66,45,110,13,10,29,46"/><W81/><G120/><T56/><D65/><U104/><E115/><N who="0" m="44105" /><D131/><U83/><E126/><V96/><F119/><W25/><G66/><T34/><D53/><U16/><E59/><V33/><F130/><W84/><G38/><T37/><D37/><U75/><E28/><V90/><F90/><W39/><G39/><T91/><D91/><U121/><E121/><V40/><F40/><W48/><G48/><N who="0" m="30727" /><D18/><U86/><E20/><V134/><F134/><N who="0" m="51210" /><D26/><U62/><E62/><V0/><F51/><W92/><G25/><T41/><D34/><U30/><E30/><V11/><F33/><W60/><G27/><T71/><D71/><U49/><E49/><V128/><F35/><W93/><G29/><T123/><D123/><U114/><E114/><V99/><F24/><W125/><G45/><T94/><D94/><U116/><E116/><V127/><F128/><W69/><G92/><T68/><D68/><U31/><E31/><V32/><F32/><W117/><G93/><T9/><D9/><U14/><E104/><V55/><F67/><W124/><G8/><T102/><D102/><U2/><E19/><V103/><F103/><W36/><G10/><T79/><D79/><U98/><E16/><V122/><F122/><W132/><G36/><T100/><D100/><U44/><E44/><V85/><F55/><W54/><G46/><T109/><D109/><U80/><E4/><V17/><F6/><W129/><G110/><T61/><D61/><U118/><E118/><V5/><F5/><W12/><G132/><T77/><D77/><N who="1" m="46351" /><E14/><V58/><F15/><W3/><G12/><RYUUKYOKU ba="0,0" sc="291,15,198,15,170,-15,341,-15" hai0="41,73,76,82" hai1="1,2,43,47,50,75,78,83,97,98" /><INIT seed="4,1,0,1,4,102" ten="306,213,155,326" oya="0" hai0="128,42,81,82,49,114,55,58,79,48,36,80,64" hai1="124,87,118,75,30,97,99,21,31,77,111,122,13" hai2="24,135,88,22,65,105,76,61,120,89,57,129,63" hai3="15,39,133,12,100,43,90,60,9,35,101,71,86"/><T20/><D128/><U1/><E118/><V16/><F120/><W33/><G39/><T46/><D114/><U115/><E122/><V127/><F129/><W93/><G43/><T85/><D64/><U91/><E111/><V74/><F135/><W54/><G33/><T69/><D69/><U66/><E1/><V11/><F127/><W78/><G35/><T47/><REACH who="0" step="1"/><D20/><REACH who="0" ten="296,213,155,326" step="2"/><U113/><E66/><V45/><F11/><W19/><G71/><T51/><D51/><U32/><E124/><V25/><F25/><W41/><G133/><T37/><D37/><U44/><E32/><V83/><F63/><W73/><G9/><T95/><D95/><U40/><E115/><V125/><F125/><W28/><G93/><T110/><D110/><U56/><E113/><V34/><F34/><W50/><G60/><T68/><D68/><U98/><E56/><V52/><REACH who="2" step="1"/><F105/><REACH who="2" ten="296,213,145,326" step="2"/><W104/><G104/><T7/><D7/><U117/><E117/><V29/><F29/><W23/><G28/><T119/><D119/><U103/><E30/><V18/><F18/><W72/><G19/><T59/><D59/><U3/><E31/><V4/><F4/><W121/><G121/><T131/><D131/><U6/><E21/><V94/><F94/><W53/><G23/><T116/><D116/><U0/><E6/><V17/><F17/><W5/><G5/><T92/><D92/><U134/><E134/><V70/><F70/><W108/><G108/><T107/><D107/><U38/><E98/><V67/><F67/><W8/><G8/><T132/><D132/><U112/><E97/><RYUUKYOKU ba="1,2" sc="296,15,213,-15,145,15,326,-15" hai0="36,42,46,47,48,49,55,58,79,80,81,82,85" hai2="16,22,24,45,52,57,61,65,74,76,83,88,89" /><INIT seed="4,2,2,2,0,2" ten="311,198,160,311" oya="0" hai0="72,85,133,21,42,50,63,55,69,6,18,58,135" hai1="101,40,104,31,20,53,99,114,97,110,102,117,22" hai2="54,95,96,19,123,77,14,52,7,41,93,80,127" hai3="83,23,75,122,100,25,3,10,119,68,109,134,59"/><T39/><D72/><U47/><E117/><V129/><F127/><W0/><G68/><T9/><D85/><U51/><E110/><V67/><F123/><W98/><G109/><T89/><D89/><U16/><E114/><V120/><F120/><W121/><G119/><T76/><D76/><U73/><E73/><V28/><F129/><W44/><G3/><T105/><D105/><U65/><E65/><V27/><F67/><W29/><G134/><N who="0" m="51211" /><D39/><U56/><E31/><V130/><F130/><W94/><G44/><N who="0" m="25879" /><D69/><U45/><E40/><V8/><F41/><W107/><G107/><T116/><D116/><U71/><E71/><V90/><F93/><W61/><G75/><T87/><D87/><U62/><E62/><V34/><REACH who="2" step="1"/><F19/><REACH who="2" ten="311,198,150,311" step="2"/><W84/><G121/><T30/><D18/><U48/><E16/><V124/><F124/><W13/><G122/><T11/><D30/><U38/><E38/><V91/><F91/><W12/><G29/><T86/><D55/><U60/><E47/><V113/><F113/><W32/><G94/><T5/><D58/><U82/><E45/><V36/><F36/><W24/><G59/><T111/><D111/><U128/><E128/><V15/><F15/><W49/><G13/><T132/><D132/><U35/><E104/><V78/><F78/><W64/><G64/><T57/><D57/><U131/><E131/><V125/><F125/><W108/><G108/><T33/><D63/><U79/><E60/><V43/><F43/><W70/><G61/><T106/><D106/><U26/><E56/><V66/><F66/><W92/><G92/><RYUUKYOKU ba="2,3" sc="311,-10,198,-10,150,30,311,-10" hai2="7,8,14,27,28,34,52,54,77,80,90,95,96" /><INIT seed="5,3,3,0,3,1" ten="301,188,180,301" oya="1" hai0="62,77,129,4,106,119,117,31,92,121,79,82,54" hai1="81,63,88,20,35,107,115,6,34,66,19,38,7" hai2="39,85,12,98,64,78,46,61,97,99,80,134,111" hai3="105,89,40,9,100,27,13,112,114,14,43,24,101"/><U33/><E38/><V125/><F111/><W91/><REACH who="3" step="1"/><G9/><REACH who="3" ten="301,188,180,291" step="2"/><T44/><D119/><U59/><E115/><V51/><F134/><W123/><G123/><T18/><D117/><U60/><E107/><AGARI ba="3,4" hai="13,14,24,27,40,43,89,91,100,101,105,107,112,114" machi="107" ten="25,6400,0" yaku="21,2,22,2,53,0" doraHai="1" doraHaiUra="25" who="3" fromWho="1" sc="301,0,188,-73,180,0,291,113" /><INIT seed="6,0,0,3,3,79" ten="301,115,180,404" oya="2" hai0="88,103,36,31,58,132,118,127,69,134,63,37,54" hai1="81,85,74,51,104,80,47,29,33,122,128,6,107" hai2="59,42,101,124,35,50,52,78,121,21,18,116,83" hai3="11,30,112,64,95,34,126,53,41,109,16,72,25"/><V125/><F35/><W19/><G72/><T75/><D103/><U14/><E128/><V66/><F116/><W82/><G41/><T12/><D118/><U76/><E122/><V23/><F121/><W61/><G53/><T39/><D31/><U131/><E131/><V115/><F115/><W86/><G126/><N who="2" m="48745" /><F101/><W38/><G38/><T32/><D32/><U45/><E29/><V94/><F94/><W97/><G109/><T129/><D127/><U119/><E33/><V56/><F42/><W43/><G43/><T49/><D129/><U10/><E119/><V106/><F106/><W130/><G112/><T7/><D75/><U92/><E92/><V44/><F66/><W99/><G99/><T108/><D108/><U89/><E47/><V17/><F23/><W62/><G130/><T135/><D69/><U98/><REACH who="1" step="1"/><E98/><REACH who="1" ten="301,105,180,404" step="2"/><V60/><F44/><W84/><G34/><T77/><D134/><U111/><E111/><V22/><F22/><W5/><G95/><T26/><D135/><U40/><AGARI ba="0,1" hai="6,10,14,40,45,51,74,76,80,81,85,89,104,107" machi="40" ten="20,8000,1" yaku="1,1,0,1,7,1,52,2,53,0" doraHai="79" doraHaiUra="70" who="1" fromWho="1" sc="301,-20,105,90,180,-40,404,-20" /><INIT seed="7,0,0,3,1,130" ten="281,195,140,384" oya="3" hai0="123,56,46,28,7,119,20,90,77,38,0,13,47" hai1="27,104,69,22,36,35,115,14,9,117,66,30,101" hai2="85,105,29,95,24,31,102,45,62,88,100,86,64" hai3="121,74,128,15,122,106,135,127,37,71,55,124,70"/><W97/><G55/><T76/><D38/><U49/><E115/><V75/><F75/><W118/><G15/><T89/><D0/><U63/><E117/><V114/><F114/><W94/><G94/><T82/><D123/><U26/><E49/><V8/><F8/><W19/><G19/><T12/><D119/><U25/><E36/><V17/><F105/><W41/><G41/><T33/><D33/><U110/><E110/><V133/><F133/><W4/><G97/><T120/><D120/><U2/><E22/><V81/><F45/><W32/><G4/><T79/><D82/><U6/><E2/><V39/><F39/><W67/><G67/><T111/><D111/><U92/><E92/><V5/><F5/><W59/><G59/><T44/><D56/><U126/><E126/><V10/><F10/><W23/><G23/><T107/><D107/><U116/><E116/><V43/><F43/><W84/><G84/><T61/><D61/><U1/><E1/><V57/><F17/><W53/><G122/><T58/><D58/><U54/><E54/><V16/><F16/><W87/><G87/><T109/><D109/><U18/><E18/><V129/><F129/><W50/><G124/><T131/><D131/><U125/><E125/><V91/><REACH who="2" step="1"/><F31/><REACH who="2" ten="281,195,130,384" step="2"/><W21/><G37/><T68/><D7/><U108/><E108/><V103/><F103/><W80/><G127/><T42/><D42/><U78/><E101/><V72/><F72/><W113/><G128/><T52/><D28/><U48/><E104/><V96/><F96/><W134/><G106/><T99/><D99/><RYUUKYOKU ba="0,1" sc="281,-10,195,-10,130,30,384,-10" hai2="24,29,57,62,64,81,85,86,88,91,95,100,102" owari="271,7.0,185,-21.0,160,-34.0,384,48.0" /></mjloggm>