<mjloggm ver="2.3"><GO type="97" lobby="0"/><UN n0="%E5%BA%97%E9%95%B7%E4%BB%A3%E7%90%86%E5%A4%A7%E9%80%9A%E3%82%8A%E5%BA%97" n1="%E2%98%86%E6%A8%AA%E5%B1%B1%E7%94%B1%E4%BE%9D%E2%98%86" n2="%E6%96%B0%E4%BA%BA%58" n3="%E5%B0%B1%E6%B4%BB%E7%94%9F%40%E5%B7%9D%E6%9D%91%E8%BB%8D%E5%9B%A3" dan="13,15,14,13" rate="1859.58,2042.81,1906.87,1902.21" sx="M,F,M,M"/><TAIKYOKU oya="0"/><INIT seed="0,0,0,3,0,22" ten="250,250,250,250" oya="0" hai0="61,10,21,112,67,119,78,123,128,13,118,117,7" hai1="44,15,79,24,106,1,47,23,131,99,73,74,30" hai2="6,80,9,38,16,100,84,20,68,91,46,49,62" hai3="135,8,104,45,40,60,108,71,39,65,19,114,11"/><T111/><D78/><U133/><E1/><V127/><F38/><W57/><G114/><T77/><D77/><U53/><E133/><V28/><F127/><W42/><G104/><T109/><D21/><U125/><E125/><V66/><F28/><W12/><G135/><T50/><D50/><U35/><E131/><V93/><F100/><W75/><G75/><T95/><D95/><U33/><E79/><V37/><F37/><W103/><G108/><N who="0" m="41547" /><D128/><U27/><E15/><V18/><F80/><W107/><G107/><T43/><D43/><U36/><E36/><V94/><F93/><W130/><G130/><T96/><D96/><U126/><E126/><V102/><F102/><W29/><G103/><T82/><D82/><U25/><E35/><V41/><REACH who="2" step="1"/><F20/><REACH who="2" ten="250,250,240,250" step="2"/><W81/><G81/><T110/><D110/><U58/><E23/><V55/><F55/><W59/><G29/><T121/><D67/><U34/><E30/><V54/><F54/><W116/><G42/><T101/><D101/><U87/><E34/><V115/><F115/><W3/><G116/><T63/><D63/><U76/><E33/><V132/><F132/><W124/><G124/><T129/><D61/><U90/><E53/><V97/><F97/><W72/><G72/><T17/><D129/><U69/><E74/><V0/><AGARI ba="0,1" hai="0,6,9,16,18,41,46,49,62,66,68,84,91,94" machi="0" ten="20,5200,0" yaku="1,1,0,1,7,1,54,1,53,0" doraHai="22" doraHaiUra="113" who="2" fromWho="2" sc="250,-26,250,-13,240,62,250,-13" /><INIT seed="1,0,0,0,2,92" ten="224,237,302,237" oya="1" hai0="53,48,87,58,73,13,111,108,26,69,134,51,62" hai1="76,127,7,81,42,16,112,4,23,124,80,125,120" hai2="113,1,0,121,122,47,79,119,94,5,128,93,9" hai3="97,88,3,114,135,19,60,90,99,35,70,132,129"/><U15/><E120/><V37/><F119/><W116/><G116/><T25/><D73/><U32/><E112/><V44/><F128/><W17/><G129/><T102/><D134/><N who="3" m="51241" /><G114/><T18/><D69/><U27/><E42/><V86/><F113/><W67/><G35/><T74/><D74/><U43/><E43/><V33/><F33/><W31/><G3/><T126/><D126/><U50/><E50/><N who="0" m="18985" /><D102/><U38/><E38/><V107/><F37/><W61/><G31/><T84/><D87/><N who="1" m="48519" /><E81/><V101/><F86/><W133/><N who="3" m="51249" /><W78/><DORA hai="49" /><G78/><T105/><D84/><U63/><E63/><N who="3" m="24138" /><G67/><T29/><D105/><U131/><E131/><V57/><F79/><W104/><G104/><T22/><D29/><AGARI ba="0,0" hai="4,7,15,16,23,27,29,32,124,125,127" m="48519" machi="29" ten="30,2900,0" yaku="18,1,54,1" doraHai="92,49" who="1" fromWho="0" sc="224,-29,237,29,302,0,237,0" /><INIT seed="1,1,0,4,1,92" ten="195,266,302,237" oya="1" hai0="114,91,56,69,81,127,61,93,109,102,133,70,8" hai1="30,48,42,120,18,124,116,84,45,51,54,108,104" hai2="89,0,115,33,6,76,110,96,23,126,35,13,129" hai3="100,31,121,107,37,60,73,12,86,43,16,55,1"/><U99/><E120/><V74/><F74/><W72/><G1/><T101/><D114/><U49/><E116/><V79/><F115/><W75/><G121/><T71/><D81/><U77/><E30/><V87/><F110/><W113/><G113/><T117/><D109/><U20/><E108/><V130/><F126/><W39/><G31/><T68/><D117/><U25/><E124/><V24/><F0/><W4/><G4/><T29/><D127/><U118/><E118/><V52/><F13/><W44/><G39/><T47/><D133/><U26/><E26/><V123/><F6/><W53/><G60/><T88/><D8/><U78/><E84/><V111/><F111/><W67/><G67/><T11/><D11/><U90/><E104/><V32/><F123/><W119/><G119/><T14/><D14/><U131/><E131/><N who="2" m="50187" /><F52/><W58/><G58/><T66/><N who="0" m="17408" /><DORA hai="59" /><T17/><D17/><U80/><E80/><V28/><F87/><W50/><G86/><T27/><D47/><N who="1" m="27935" /><E49/><V97/><F89/><W57/><G55/><T62/><D62/><U98/><E90/><V112/><F112/><W34/><G34/><N who="2" m="8705" /><V46/><DORA hai="134" /><F46/><W103/><REACH who="3" step="1"/><G107/><REACH who="3" ten="195,266,302,227" step="2"/><T5/><D5/><U105/><E105/><V95/><F95/><W7/><G7/><T135/><D135/><U41/><E41/><V19/><F28/><W63/><G63/><T85/><REACH who="0" step="1"/><D91/><REACH who="0" ten="185,266,302,227" step="2"/><U15/><E15/><V64/><F64/><W22/><AGARI ba="1,2" hai="12,16,22,37,43,44,50,53,57,72,73,75,100,103" machi="22" ten="30,7900,0" yaku="1,1,0,1,54,1,53,1" doraHai="92,59,134" doraHaiUra="3,40,82" who="3" fromWho="3" sc="185,-21,266,-40,302,-21,227,102" /><INIT seed="2,0,0,2,2,79" ten="164,226,281,329" oya="2" hai0="72,32,37,124,66,5,117,129,33,84,7,120,58" hai1="135,119,91,87,104,21,108,17,3,12,8,69,9" hai2="38,0,110,25,65,105,61,132,2,11,28,60,68" hai3="40,98,45,4,116,94,123,43,92,52,111,19,62"/><V57/><F105/><W131/><G116/><T81/><D120/><U101/><E119/><V128/><F38/><W14/><G123/><T83/><D117/><U22/><E69/><V114/><F114/><W15/><G131/><T35/><D37/><U130/><E130/><V48/><F128/><W76/><G111/><T46/><D129/><U39/><E39/><V90/><F132/><W30/><G30/><T31/><D46/><U82/><E108/><V75/><F75/><W23/><G76/><T71/><D71/><U44/><E3/><V27/><F48/><N who="3" m="28687" /><G62/><T133/><D133/><U63/><E63/><V107/><F107/><W118/><G118/><T59/><D31/><U29/><E104/><V102/><F102/><N who="3" m="60743" /><G94/><T24/><D24/><U86/><E101/><V67/><F110/><W70/><G70/><T36/><D36/><U127/><E135/><V53/><F67/><W64/><G64/><T80/><D66/><U106/><E106/><V125/><F125/><W20/><G20/><T6/><D124/><U47/><E127/><V96/><F27/><W88/><G88/><T122/><D122/><U97/><E29/><V1/><F90/><W103/><G103/><T93/><D72/><U10/><E22/><V18/><F96/><W100/><G100/><T16/><D16/><U26/><E97/><V112/><F112/><W41/><G4/><T51/><D51/><U121/><E121/><V126/><F126/><W115/><G115/><T56/><D93/><N who="1" m="54519" /><E26/><AGARI ba="0,0" hai="14,15,19,23,26,40,41,43" m="60743,28687" machi="26" ten="30,2000,0" yaku="8,1,54,1" doraHai="79" who="3" fromWho="1" sc="164,0,226,-20,281,0,329,20" /><INIT seed="3,0,0,2,5,122" ten="164,206,281,349" oya="3" hai0="63,115,119,112,8,41,131,39,30,56,110,7,22" hai1="102,28,69,81,116,87,62,2,96,70,74,44,134" hai2="16,51,121,123,47,129,64,9,93,92,133,82,23" hai3="114,109,68,61,75,72,35,91,52,86,34,27,49"/><W37/><G109/><T17/><D39/><U13/><E116/><V54/><F129/><W125/><G114/><N who="0" m="43563" /><D41/><U40/><E2/><V59/><F133/><W26/><G125/><T53/><D131/><U0/><E0/><V104/><F104/><W11/><G37/><T90/><D30/><U127/><E134/><V43/><F9/><W126/><G126/><T111/><D90/><U66/><E74/><V12/><F82/><W130/><G130/><T14/><D119/><U89/><E127/><V98/><F98/><W106/><G106/><T124/><D124/><U45/><E28/><V120/><REACH who="2" step="1"/><F64/><REACH who="2" ten="164,206,271,349" step="2"/><W132/><G132/><T21/><D21/><U3/><E66/><V94/><F94/><W33/><G11/><T18/><D18/><U73/><E81/><V48/><AGARI ba="0,1" hai="12,16,23,43,47,48,51,54,59,92,93,120,121,123" machi="48" ten="30,7900,0" yaku="1,1,0,1,13,1,54,1,53,0" doraHai="122" doraHaiUra="128" who="2" fromWho="2" sc="164,-20,206,-20,271,89,349,-39" owari="144,-36.0,186,-21.0,360,46.0,310,11.0" /></mjloggm>