<mjloggm ver="2.3"><GO type="41" lobby="0"/><UN n0="%E7%A5%9E%E5%AE%AE%E5%AF%BA" n1="%E7%9C%9F%E7%90%86%E5%AD%A6" n2="%E3%81%BB%E3%82%82%E3%81%AD%E3%82%93" n3="%E3%82%A6%E3%83%AB%E3%83%88%E3%83%A9%E7%AB%8B%E7%9B%B4" dan="14,14,13,15" rate="1918.46,1933.46,1971.13,2031.02" sx="M,M,M,M"/><TAIKYOKU oya="0"/><INIT seed="0,0,0,1,3,133" ten="250,250,250,250" oya="0" hai0="3,27,57,70,46,15,66,78,17,104,124,110,47" hai1="43,63,14,95,52,84,21,128,45,111,94,32,80" hai2="76,85,100,29,9,99,126,31,2,44,103,71,83" hai3="93,107,125,5,6,56,74,135,86,7,54,120,96"/><T132/><D124/><U24/><E111/><V117/><F126/><W26/><G74/><T67/><D110/><U127/><E128/><V119/><F71/><W69/><G69/><T41/><D132/><U72/><E127/><V129/><F129/><W102/><G135/><T42/><D104/><U92/><E72/><V16/><F44/><W10/><G125/><T82/><D3/><U40/><E32/><V37/><F37/><W25/><G120/><T106/><D70/><U118/><E14/><N who="2" m="7247" /><F2/><W130/><G130/><T79/><D27/><U89/><E118/><N who="2" m="45067" /><F103/><W13/><G107/><AGARI ba="0,0" hai="29,31,76,83,85,99,100,107" m="45067,7247" machi="107" ten="30,2000,0" yaku="12,1,54,1" doraHai="133" who="2" fromWho="3" sc="250,0,250,0,250,20,250,-20" /><INIT seed="1,0,0,1,4,113" ten="250,250,270,230" oya="1" hai0="37,96,120,17,112,55,84,14,119,88,123,8,12" hai1="85,44,64,110,6,32,135,15,51,92,95,20,50" hai2="107,91,47,7,48,90,18,103,79,22,39,56,131" hai3="36,133,69,53,130,104,70,61,93,128,63,65,46"/><U115/><E115/><V102/><F79/><W57/><G104/><T40/><D112/><U59/><E32/><V0/><F39/><W78/><G93/><T86/><D86/><U89/><E135/><V5/><F131/><N who="3" m="50219" /><G78/><T108/><D108/><U81/><E110/><V68/><F68/><N who="3" m="42031" /><G133/><T38/><D96/><U116/><E116/><V26/><F0/><W13/><G13/><T74/><D119/><U72/><E72/><V21/><F21/><W77/><G77/><T9/><D74/><U33/><E33/><V54/><F107/><W42/><AGARI ba="0,0" hai="36,42,46,53,57,63,69,70" m="42031,50219" machi="42" ten="30,4000,0" yaku="19,1,34,2" doraHai="113" who="3" fromWho="3" sc="250,-10,250,-20,270,-10,230,40" /><INIT seed="2,0,0,1,2,76" ten="240,230,260,270" oya="2" hai0="72,60,107,80,49,67,25,104,119,37,117,52,16" hai1="46,90,15,22,12,19,65,59,13,85,113,133,99" hai2="51,92,18,124,131,28,77,93,91,64,125,101,102" hai3="73,47,81,71,33,40,129,97,87,5,78,62,84"/><V83/><F64/><W7/><G33/><T130/><D37/><U45/><E113/><V58/><F28/><W75/><G129/><T29/><D130/><U30/><E133/><V96/><F131/><W70/><G97/><T39/><D39/><U2/><E2/><V88/><F18/><W27/><G27/><T57/><D107/><U21/><E99/><N who="2" m="57735" /><F58/><W4/><G75/><T54/><D104/><U100/><E100/><N who="2" m="38507" /><F51/><W61/><G73/><AGARI ba="0,0" hai="73,77,83,91,93,96,124,125" m="38507,57735" machi="73" ten="30,11600,0" yaku="34,2,52,1,54,1" doraHai="76" who="2" fromWho="3" sc="240,0,230,0,260,116,270,-116" /><INIT seed="2,1,0,0,2,66" ten="240,230,376,154" oya="2" hai0="134,5,62,7,80,79,97,20,17,57,43,34,72" hai1="85,15,24,122,106,23,89,55,96,114,105,61,117" hai2="101,129,110,131,99,135,125,63,113,51,123,74,103" hai3="3,28,126,21,37,0,81,70,8,53,30,40,77"/><V35/><F123/><W33/><G53/><T127/><D134/><U38/><E122/><V13/><F135/><W107/><G107/><T128/><D127/><U49/><E117/><V56/><F125/><W36/><G126/><T60/><D128/><N who="2" m="49226" /><F35/><W54/><G54/><T67/><D34/><U92/><E114/><V14/><F113/><W26/><G21/><T95/><D43/><U90/><E38/><V64/><F74/><N who="3" m="43191" /><G30/><T130/><D62/><U45/><E61/><V47/><F103/><W71/><G36/><T46/><D46/><U18/><E24/><V1/><F1/><N who="3" m="587" /><G8/><T118/><D118/><U25/><E25/><V65/><F65/><W120/><G120/><T88/><REACH who="0" step="1"/><D130/><REACH who="0" ten="230,230,376,154" step="2"/><U102/><E102/><V52/><F110/><W76/><G76/><T69/><D69/><U100/><E100/><V86/><F63/><W93/><G93/><AGARI ba="1,1" hai="15,18,23,45,49,55,85,89,90,92,93,96,105,106" machi="93" ten="30,1000,0" yaku="7,1" doraHai="66" who="1" fromWho="3" sc="230,0,230,23,376,0,154,-13" /><INIT seed="3,0,0,2,1,99" ten="230,253,376,141" oya="3" hai0="36,121,14,124,5,18,61,132,44,52,19,88,21" hai1="34,7,112,108,85,105,114,123,77,15,107,68,17" hai2="111,118,6,90,129,104,134,70,46,127,23,22,25" hai3="73,2,32,37,65,78,45,80,43,62,20,63,1"/><W27/><G62/><T97/><D121/><U16/><E68/><V0/><F118/><W47/><G47/><T117/><D117/><U55/><E123/><V10/><F70/><W31/><REACH who="3" step="1"/><G20/><REACH who="3" ten="230,253,376,131" step="2"/><T12/><D61/><U125/><E112/><V30/><F46/><W131/><G131/><T51/><D36/><U69/><E114/><V81/><F129/><W110/><G110/><T11/><D124/><U113/><E108/><V24/><F111/><W76/><G76/><T58/><D132/><U66/><E113/><V96/><F134/><W28/><G28/><T26/><D44/><U120/><E125/><V133/><F133/><W86/><G86/><T93/><D14/><U98/><E120/><V13/><F127/><W128/><G128/><T39/><D39/><U91/><E77/><V40/><F13/><W89/><G89/><T74/><D74/><U100/><E85/><V116/><F116/><W3/><G3/><T57/><D57/><AGARI ba="0,1" hai="1,2,27,31,32,37,43,45,57,63,65,73,78,80" machi="57" ten="30,5800,0" yaku="1,1,7,1,53,1" doraHai="99" doraHaiUra="42" who="3" fromWho="0" sc="230,-58,253,0,376,0,131,68" /><INIT seed="3,1,0,2,0,13" ten="172,253,376,199" oya="3" hai0="106,11,68,95,52,80,101,74,29,19,121,37,36" hai1="82,21,53,59,104,3,33,131,79,28,26,73,78" hai2="61,71,81,87,118,38,75,46,2,129,109,4,23" hai3="116,15,35,18,12,69,24,93,127,91,22,119,39"/><W40/><G69/><T130/><D121/><U43/><E131/><V103/><F118/><W17/><G39/><T100/><D130/><U99/><E79/><V134/><F129/><W70/><G70/><T111/><D68/><U120/><E120/><V85/><F134/><W98/><G40/><T76/><D111/><U0/><E43/><N who="2" m="22903" /><F103/><W92/><G127/><T34/><D106/><U1/><E104/><V89/><F89/><W122/><G122/><T32/><D101/><U112/><E112/><V72/><F72/><W31/><REACH who="3" step="1"/><G93/><REACH who="3" ten="172,253,376,189" step="2"/><T27/><D37/><U64/><E64/><V135/><F71/><W7/><G7/><T55/><D36/><U57/><E57/><V83/><F4/><W128/><G128/><T48/><D34/><U20/><E59/><V63/><F135/><W56/><G56/><T115/><D115/><U117/><E117/><V14/><F109/><W42/><G42/><T41/><D41/><U58/><E58/><V54/><F63/><W133/><G133/><T65/><D65/><U10/><E53/><V45/><F54/><W77/><G77/><T25/><D48/><U49/><E49/><V30/><F61/><W88/><G88/><T102/><D102/><U5/><E78/><V6/><F45/><W110/><G110/><T124/><D124/><U51/><E51/><V126/><F6/><W66/><G66/><T94/><D94/><U90/><E90/><V123/><F123/><W114/><G114/><T16/><D100/><U47/><E47/><V9/><F126/><W86/><G86/><T108/><D95/><U96/><E33/><RYUUKYOKU ba="1,1" sc="172,-10,253,-10,376,-10,189,30" hai3="12,15,17,18,22,24,31,35,91,92,98,116,119" /><INIT seed="3,2,1,1,2,130" ten="162,243,366,219" oya="3" hai0="116,93,74,88,58,81,43,125,15,65,75,98,78" hai1="44,7,32,23,115,67,127,36,19,51,13,40,77" hai2="3,47,1,10,79,132,53,100,73,86,41,50,59" hai3="111,107,14,122,83,25,105,133,104,27,118,42,82"/><W30/><G122/><T129/><D129/><U91/><E115/><V4/><F73/><W103/><G118/><T26/><D116/><U28/><E127/><V56/><F100/><W20/><G103/><T62/><D125/><U57/><E77/><V96/><F96/><W61/><G111/><T120/><D120/><U35/><E35/><V38/><F59/><W72/><G72/><T106/><D106/><U55/><E91/><V112/><F112/><W18/><G133/><T66/><D75/><U54/><E54/><V46/><F132/><W12/><G42/><T102/><D43/><U84/><E84/><V134/><F134/><W99/><G99/><T128/><D128/><U76/><E76/><V0/><F47/><W5/><G61/><T109/><D109/><U37/><E67/><V64/><F64/><W49/><G49/><T89/><D66/><U90/><E90/><V16/><F79/><W70/><G70/><T114/><D114/><U113/><E113/><V34/><F86/><W68/><G68/><T92/><D92/><U119/><E119/><V22/><F34/><W24/><REACH who="3" step="1"/><G30/><REACH who="3" ten="162,243,366,209" step="2"/><T45/><D102/><U95/><E28/><V52/><F53/><W29/><G29/><T110/><D110/><U6/><E40/><V124/><F124/><W63/><G63/><T8/><D74/><U11/><E51/><V85/><F85/><W97/><G97/><T9/><D98/><U60/><E60/><V69/><F69/><W126/><G126/><T135/><D135/><U80/><E37/><V21/><F38/><W39/><G39/><T87/><D62/><RYUUKYOKU ba="2,2" sc="162,-10,243,-10,366,-10,209,30" hai3="5,12,14,18,20,24,25,27,82,83,104,105,107" /><INIT seed="3,3,2,3,4,37" ten="152,233,356,239" oya="3" hai0="31,100,78,77,113,25,66,19,63,73,67,53,85" hai1="38,119,94,61,45,49,72,15,46,80,96,3,44" hai2="60,27,62,89,103,58,120,88,41,106,23,92,70" hai3="114,32,21,26,90,127,40,128,50,124,0,129,20"/><W35/><G0/><T112/><D73/><U48/><E119/><V57/><F120/><W2/><G2/><T126/><D100/><U121/><E3/><V109/><F70/><W111/><G114/><N who="0" m="44139" /><D126/><N who="3" m="48169" /><G90/><T133/><D133/><U47/><E121/><V123/><F123/><W118/><G118/><T12/><D53/><U28/><E28/><V82/><F106/><W131/><G111/><T107/><D107/><U14/><E38/><V125/><F125/><W6/><G6/><T76/><D85/><U69/><N who="1" m="11776" /><DORA hai="135" /><U130/><E130/><V93/><F109/><W71/><G40/><T1/><D63/><U7/><E69/><V11/><F41/><W116/><G116/><T87/><D87/><U81/><E72/><V42/><F42/><W132/><G132/><T22/><D1/><U122/><E61/><V59/><F103/><W17/><G71/><T34/><AGARI ba="3,2" hai="12,19,22,25,31,34,66,67,76,77,78" m="44139" machi="34" ten="30,1100,0" yaku="11,1" doraHai="37,135" who="0" fromWho="0" sc="152,40,233,-6,356,-6,239,-8" /><INIT seed="4,0,0,0,1,53" ten="192,227,350,231" oya="0" hai0="20,54,64,68,4,72,95,83,97,79,28,60,18" hai1="66,127,119,70,17,99,42,90,101,16,3,29,84" hai2="102,12,76,23,37,109,80,135,45,0,63,125,1" hai3="100,15,59,51,44,56,111,2,128,134,46,47,10"/><T78/><D78/><U58/><E119/><V55/><F109/><W13/><G2/><T89/><D4/><U118/><E118/><V8/><F135/><W19/><G111/><T121/><D121/><U31/><E3/><V38/><F125/><W105/><G134/><T7/><D7/><U113/><E70/><V107/><F107/><W74/><G74/><T22/><D28/><U5/><E5/><V92/><F23/><W124/><G124/><T110/><D110/><U67/><E127/><V77/><F77/><W61/><G128/><T32/><D32/><U21/><E113/><V26/><F26/><W132/><G132/><T98/><D54/><U40/><E17/><V88/><F102/><W24/><G24/><T96/><REACH who="0" step="1"/><D22/><REACH who="0" ten="182,227,350,231" step="2"/><U104/><E31/><V36/><F1/><W122/><G122/><T126/><D126/><U131/><E29/><V11/><F0/><W115/><G115/><T75/><D75/><U116/><E116/><V33/><F33/><W9/><G9/><T43/><D43/><U93/><E42/><V130/><F130/><W112/><G112/><T48/><D48/><U14/><E131/><V117/><F117/><W85/><G51/><T114/><D114/><U41/><E67/><V35/><F35/><W120/><G10/><T103/><D103/><U91/><E91/><V25/><F11/><W87/><G120/><T34/><D34/><U65/><E65/><V94/><F8/><W82/><G100/><T39/><D39/><U69/><E69/><V27/><F37/><W62/><G19/><T133/><D133/><U106/><E106/><RYUUKYOKU ba="0,1" sc="182,15,227,15,350,-15,231,-15" hai0="18,20,60,64,68,72,79,83,89,95,96,97,98" hai1="14,16,21,40,41,58,66,84,90,93,99,101,104" /><INIT seed="4,1,1,4,3,95" ten="197,242,335,216" oya="0" hai0="45,82,33,102,5,126,35,87,32,74,63,114,75" hai1="101,117,91,112,25,8,113,68,96,12,3,89,80" hai2="84,92,20,106,120,21,26,0,9,15,57,49,51" hai3="44,18,111,29,39,128,122,60,123,23,103,65,93"/><T83/><D114/><N who="1" m="44139" /><E117/><V30/><F120/><N who="3" m="46123" /><G111/><T24/><D126/><U10/><E68/><V43/><F106/><W129/><G29/><T13/><D83/><U70/><E70/><V50/><F0/><W46/><G93/><T4/><D24/><U38/><E38/><V78/><F21/><W85/><G85/><T28/><D28/><U17/><E80/><N who="2" m="47127" /><F92/><W61/><G103/><T132/><D132/><U116/><E116/><V134/><F134/><W11/><G11/><T14/><D63/><N who="3" m="24137" /><G65/><T48/><D102/><U79/><E79/><V131/><F131/><N who="3" m="50251" /><G39/><T127/><D127/><U55/><E25/><AGARI ba="1,1" hai="18,23,25,44,46" m="50251,24137,46123" machi="25" ten="30,2000,0" yaku="13,1,19,1" doraHai="95" who="3" fromWho="1" sc="197,0,242,-23,335,0,216,33" /><INIT seed="5,0,0,1,1,39" ten="197,219,335,249" oya="1" hai0="35,11,21,1,40,99,56,135,61,15,60,75,100" hai1="116,25,53,90,22,67,80,16,32,5,17,124,50" hai2="121,119,94,132,129,59,82,134,57,41,2,118,33" hai3="122,49,127,110,96,101,103,9,93,131,31,27,130"/><U88/><E32/><V84/><F121/><W86/><G122/><T4/><D75/><U7/><E116/><V91/><F2/><W55/><G110/><T42/><D135/><N who="2" m="51754" /><F33/><W123/><G123/><T104/><D35/><U58/><E124/><V128/><F41/><W10/><G103/><T30/><D61/><N who="1" m="38327" /><E17/><V108/><F108/><W95/><G127/><T102/><D102/><U51/><E51/><V113/><F113/><W62/><G62/><T111/><D111/><U112/><E112/><V120/><F120/><W133/><G133/><T78/><D78/><U45/><E80/><V77/><F57/><W114/><G114/><T8/><D21/><U98/><E98/><N who="2" m="57695" /><F59/><W26/><G49/><T126/><D30/><U48/><E48/><V74/><F74/><W64/><G31/><T76/><D76/><U68/><E68/><V29/><F29/><W89/><G64/><T71/><D71/><U66/><E66/><V19/><F19/><W38/><G55/><T54/><REACH who="0" step="1"/><D126/><REACH who="0" ten="187,219,335,249" step="2"/><U117/><E117/><AGARI ba="0,1" hai="77,82,84,117,118,119,128,129" m="57695,51754" machi="117" ten="30,3900,0" yaku="20,1,34,2" doraHai="39" who="2" fromWho="1" sc="187,0,219,-39,335,49,249,0" /><INIT seed="6,0,0,5,0,41" ten="187,180,384,249" oya="2" hai0="44,81,132,86,66,99,116,108,101,56,46,102,16" hai1="126,131,34,43,109,17,110,120,57,20,71,133,47" hai2="123,128,9,59,33,78,100,80,122,104,32,28,91" hai3="75,135,76,24,89,12,124,82,40,125,26,19,88"/><V42/><F128/><W127/><G135/><T67/><D108/><U94/><E34/><V36/><F9/><N who="3" m="6543" /><G40/><T129/><D132/><U3/><E133/><V93/><F59/><W92/><G89/><N who="0" m="51407" /><D129/><U134/><E134/><V95/><F95/><W72/><G72/><T31/><D31/><U21/><E71/><V0/><F0/><W87/><AGARI ba="0,0" hai="24,26,75,76,82,87,88,92,124,125,127" m="6543" machi="87" ten="30,2000,0" yaku="18,1,54,1" doraHai="41" who="3" fromWho="3" sc="187,-5,180,-5,384,-10,249,20" /><INIT seed="7,0,0,0,1,84" ten="182,175,374,269" oya="3" hai0="38,55,82,62,103,123,118,114,107,92,127,30,9" hai1="17,64,120,85,135,1,73,83,100,133,6,65,20" hai2="32,0,34,40,48,89,128,23,7,29,44,101,60" hai3="31,99,104,18,27,130,37,117,122,15,70,125,87"/><W36/><G70/><T94/><D118/><U26/><E120/><V106/><F128/><W111/><G125/><T25/><D127/><U129/><E73/><V69/><F106/><W13/><G13/><T116/><D123/><U110/><E110/><V134/><F101/><W72/><G72/><T28/><D116/><U33/><E129/><V67/><F134/><N who="1" m="51209" /><E100/><V81/><F0/><W8/><G111/><T45/><D38/><U97/><E97/><V124/><F124/><W50/><G99/><T3/><D107/><U51/><E33/><V80/><F80/><W79/><G104/><T19/><D114/><U74/><E74/><V115/><F115/><W11/><G37/><T10/><D103/><U57/><E1/><V75/><F75/><W24/><G36/><T66/><D3/><U98/><E98/><V39/><F39/><W77/><G122/><T22/><D82/><U54/><E6/><V61/><F7/><W35/><G130/><T14/><D94/><U126/><E126/><V12/><F61/><W43/><G8/><N who="0" m="3179" /><D92/><U41/><E41/><V2/><F2/><W96/><G96/><T76/><D76/><AGARI ba="0,0" hai="17,20,26,51,54,57,64,65,76,83,85" m="51209" machi="76" ten="30,1000,0" yaku="20,1" doraHai="84" who="1" fromWho="0" sc="182,-10,175,10,374,0,269,0" owari="172,-33.0,185,-21.0,374,47.0,269,7.0" /></mjloggm>