<mjloggm ver="2.3"><GO type="169" lobby="0"/><UN n0="%E3%82%A6%E3%83%AB%E3%83%88%E3%83%A9%E7%AB%8B%E7%9B%B4" n1="%57%69%6E%73%74%6F%6E" n2="%E3%81%8A%E3%81%98%E3%81%95%E3%82%93" n3="%E3%83%A8%E3%82%B3%E3%83%A8%E3%82%B3" dan="16,16,16,16" rate="2125.71,2032.89,2128.49,2095.28" sx="M,M,M,M"/><TAIKYOKU oya="0"/><INIT seed="0,0,0,2,4,60" ten="250,250,250,250" oya="0" hai0="93,97,35,129,90,135,50,33,122,4,101,80,9" hai1="132,66,121,133,30,106,120,113,99,46,5,25,19" hai2="2,103,49,94,124,63,123,77,44,107,42,109,48" hai3="127,16,10,130,118,54,126,88,62,75,45,29,125"/><T84/><D129/><U73/><E73/><V81/><F123/><W67/><G130/><T91/><D122/><U102/><E113/><V76/><F2/><W22/><G118/><T39/><D39/><U134/><E5/><V26/><F109/><W6/><G29/><T78/><D135/><U11/><E46/><V85/><F124/><W31/><G31/><T87/><D50/><U20/><E66/><V64/><F107/><W112/><G112/><T71/><D71/><U7/><E19/><V53/><F26/><N who="3" m="14663" /><G75/><T95/><D78/><U40/><REACH who="1" step="1"/><E40/><REACH who="1" ten="250,240,250,250" step="2"/><V47/><F47/><W1/><G45/><T41/><D41/><U12/><AGARI ba="0,1" hai="7,11,12,20,25,30,99,102,106,120,121,132,133,134" machi="12" ten="30,8000,1" yaku="1,1,2,1,0,1,20,1,53,1" doraHai="60" doraHaiUra="98" who="1" fromWho="1" sc="250,-40,240,90,250,-20,250,-20" /><INIT seed="1,0,0,4,4,78" ten="210,330,230,230" oya="1" hai0="124,117,6,38,110,14,100,112,33,122,86,18,17" hai1="2,19,9,36,102,13,43,90,87,39,4,29,40" hai2="63,69,125,3,115,92,94,68,24,75,64,93,50" hai3="5,44,28,72,27,129,55,123,35,1,31,54,88"/><U30/><E102/><V121/><F121/><W107/><G123/><T74/><D74/><U65/><E65/><V81/><F115/><W42/><G107/><T23/><D38/><U79/><E79/><V103/><F3/><W105/><G105/><T97/><D33/><U118/><E118/><V32/><F125/><W82/><G129/><T57/><D112/><U56/><E56/><V76/><F50/><W22/><G28/><T133/><D124/><U34/><E36/><V37/><F37/><W134/><G134/><T132/><D122/><U135/><E135/><V101/><REACH who="2" step="1"/><F69/><REACH who="2" ten="210,330,220,230" step="2"/><W111/><G1/><T114/><D114/><U130/><E39/><V91/><F91/><W26/><G88/><T89/><D89/><U46/><E2/><V77/><F77/><W113/><G113/><T12/><D132/><U8/><E90/><V48/><F48/><W70/><G70/><T41/><D133/><U128/><E130/><V66/><F66/><W20/><G111/><T84/><D110/><U16/><E128/><V7/><F7/><W61/><G5/><T119/><D6/><U53/><E4/><V59/><F59/><W98/><G61/><T106/><D57/><U47/><E46/><V25/><F25/><W127/><G44/><T21/><REACH who="0" step="1"/><D41/><REACH who="0" ten="200,330,220,230" step="2"/><U51/><E40/><V131/><F131/><W85/><G42/><T116/><AGARI ba="0,2" hai="12,14,17,18,21,23,84,86,97,100,106,116,117,119" machi="116" ten="30,7900,0" yaku="1,1,2,1,0,1,9,1,53,0" doraHai="78" doraHaiUra="52" who="0" fromWho="0" sc="200,99,330,-39,220,-20,230,-20" /><INIT seed="2,0,0,2,5,134" ten="299,291,200,210" oya="2" hai0="37,36,13,45,66,118,55,7,130,90,8,18,6" hai1="52,2,88,63,70,101,98,119,60,17,56,27,100" hai2="121,92,108,34,129,29,84,32,69,64,85,133,104" hai3="26,86,110,95,74,97,113,43,93,57,33,51,68"/><V67/><F121/><W107/><G68/><T4/><D66/><U96/><E119/><V83/><F104/><W61/><G74/><T3/><D3/><U126/><E2/><V16/><F133/><W105/><G113/><T109/><D109/><U117/><E117/><V0/><F108/><W20/><G33/><T131/><D118/><U15/><E27/><V62/><F0/><W94/><G110/><T10/><D90/><U99/><E88/><V28/><F67/><W12/><G12/><T123/><D123/><U22/><E126/><V48/><F129/><N who="0" m="49162" /><D10/><U115/><REACH who="1" step="1"/><E115/><REACH who="1" ten="299,281,200,210" step="2"/><V44/><F83/><W75/><G26/><T77/><D77/><U114/><E114/><V11/><F11/><W50/><G95/><T73/><D73/><U42/><E42/><V111/><F92/><W120/><G94/><T78/><D78/><U127/><E127/><V112/><F111/><W132/><G93/><T87/><D87/><U49/><E49/><AGARI ba="0,1" hai="4,6,7,8,13,18,36,37,45,49,55" m="49162" machi="49" ten="30,1000,0" yaku="19,1" doraHai="134" who="0" fromWho="1" sc="299,20,281,-10,200,0,210,0" /><INIT seed="3,0,0,2,5,89" ten="319,271,200,210" oya="3" hai0="29,8,132,25,21,59,103,51,7,41,133,131,109" hai1="53,90,49,100,35,60,128,1,47,111,10,119,82" hai2="105,95,55,88,76,61,75,79,19,120,33,70,42" hai3="50,127,9,66,20,135,98,94,106,72,23,54,126"/><W71/><G106/><T57/><D109/><U44/><E111/><V24/><F105/><W96/><G135/><N who="0" m="51787" /><D103/><U38/><E119/><V123/><F42/><W69/><G72/><T36/><D36/><U4/><E128/><V28/><F19/><W15/><G96/><T134/><D134/><U17/><E100/><V14/><F14/><W124/><G20/><T113/><D131/><U85/><E35/><V45/><F45/><N who="3" m="27983" /><G23/><T118/><D118/><U62/><E38/><V37/><F37/><W125/><N who="3" m="31744" /><DORA hai="80" /><W78/><G78/><T2/><D113/><U130/><E130/><V12/><F12/><W43/><G43/><T40/><D40/><U108/><E108/><V104/><F104/><W107/><G107/><T129/><D129/><U81/><E44/><AGARI ba="0,0" hai="2,7,8,21,25,29,41,44,51,57,59" m="51787" machi="44" ten="30,1000,0" yaku="20,1" doraHai="89,80" who="0" fromWho="1" sc="319,10,271,-10,200,0,210,0" /><INIT seed="4,0,0,5,1,53" ten="329,261,200,210" oya="0" hai0="39,35,71,94,23,89,104,91,88,109,127,8,132" hai1="0,60,123,62,44,66,117,20,108,135,83,99,50" hai2="36,111,10,119,128,75,57,84,133,125,24,72,121" hai3="31,40,92,54,19,90,26,81,15,56,52,68,14"/><T105/><D35/><U73/><E123/><V95/><F36/><W82/><G68/><T101/><D71/><U9/><E117/><V32/><F32/><W98/><G40/><T110/><D39/><U41/><E108/><N who="0" m="41577" /><D23/><U64/><E135/><V37/><F75/><W87/><G54/><T34/><D34/><U80/><E99/><V67/><F72/><W33/><G19/><T113/><D8/><U120/><E120/><V97/><F37/><W3/><G3/><T118/><D118/><U106/><E106/><N who="0" m="41065" /><D132/><U11/><E20/><V129/><F133/><W47/><G47/><T49/><D49/><U42/><E50/><V63/><F119/><W48/><REACH who="3" step="1"/><G82/><REACH who="3" ten="329,261,200,200" step="2"/><T93/><D127/><U107/><E0/><V58/><F125/><W6/><G6/><T122/><D122/><U112/><E44/><V102/><F121/><W115/><G115/><T38/><D38/><U134/><E112/><V130/><F111/><W16/><G16/><T61/><D113/><U46/><E134/><V22/><F10/><W131/><G131/><T25/><D25/><U17/><E17/><N who="2" m="12367" /><F58/><W114/><G114/><T18/><D18/><U29/><E46/><V70/><F70/><W96/><G96/><N who="0" m="59543" /><D61/><U76/><E60/><V59/><F59/><W74/><G74/><T13/><D13/><U65/><E62/><V43/><F43/><W51/><G51/><T100/><D100/><AGARI ba="0,1" hai="14,15,26,31,33,48,52,56,81,87,90,92,98,100" machi="100" ten="30,8000,1" yaku="1,1,7,1,52,1,54,1,53,1" doraHai="53" doraHaiUra="85" who="3" fromWho="0" sc="329,-80,261,0,200,0,200,90" /><INIT seed="5,0,0,5,5,23" ten="249,261,200,290" oya="1" hai0="38,79,24,28,44,29,117,35,50,12,71,109,56" hai1="134,26,102,133,27,66,30,11,131,31,68,39,106" hai2="19,132,130,18,69,22,101,65,104,61,91,5,20" hai3="129,67,40,113,41,126,120,88,72,16,114,73,116"/><U78/><E131/><V103/><F130/><W70/><G129/><T55/><D117/><U1/><E39/><V54/><F132/><N who="1" m="50793" /><E78/><V83/><F5/><W25/><G116/><T60/><D109/><U6/><E66/><V33/><F33/><W15/><G120/><T128/><D128/><U64/><E64/><V108/><F108/><W13/><G126/><T42/><D79/><U37/><E37/><V135/><F135/><W86/><G67/><N who="0" m="41447" /><D12/><N who="3" m="4681" /><G70/><T123/><D123/><U52/><E68/><V115/><F115/><N who="3" m="44043" /><G41/><T90/><D90/><U127/><E127/><V107/><F103/><W84/><G40/><T46/><D46/><U85/><E85/><N who="3" m="32874" /><G88/><T95/><D95/><U94/><E94/><V4/><F101/><W124/><G124/><T80/><D80/><U17/><E52/><V110/><F110/><W119/><G119/><T81/><D81/><U32/><E17/><N who="2" m="6155" /><F54/><W8/><G8/><T82/><D82/><U7/><E7/><V97/><F4/><W92/><G92/><T57/><D57/><U34/><E102/><N who="2" m="62543" /><F107/><AGARI ba="0,0" hai="1,6,11,26,27,30,31,32,34,106,107" m="50793" machi="107" ten="30,11600,0" yaku="20,1,23,1,52,2" doraHai="23" who="1" fromWho="2" sc="249,0,261,116,200,-116,290,0" /><INIT seed="5,1,0,3,2,114" ten="249,377,84,290" oya="1" hai0="57,67,78,124,39,69,0,25,53,85,55,80,10" hai1="50,131,51,23,34,62,133,49,4,65,94,74,47" hai2="79,101,56,106,63,123,111,41,33,19,20,107,134" hai3="75,58,40,26,3,103,90,104,66,88,115,30,2"/><U93/><E34/><V44/><F33/><W122/><G122/><T72/><D39/><U129/><E74/><V43/><F123/><W95/><G115/><T128/><D124/><U61/><E133/><V14/><F134/><W81/><G40/><T59/><D128/><N who="1" m="49227" /><E47/><V119/><F111/><W130/><G130/><T99/><D67/><U13/><E62/><V8/><F79/><W76/><G104/><T120/><D69/><N who="1" m="42159" /><E23/><V29/><F101/><W127/><G127/><T35/><D120/><U70/><E70/><V82/><F119/><W16/><G66/><T86/><D35/><U132/><E132/><V7/><F82/><W71/><G71/><T37/><D37/><U9/><AGARI ba="1,0" hai="4,9,13,49,50,51,93,94" m="42159,49227" machi="9" ten="40,2100,0" yaku="19,1" doraHai="114" who="1" fromWho="1" sc="249,-8,377,24,84,-8,290,-8" /><INIT seed="5,2,0,4,5,104" ten="241,401,76,282" oya="1" hai0="100,14,6,95,114,2,82,8,102,122,107,45,130" hai1="126,101,125,42,37,25,32,91,3,86,36,38,120" hai2="98,105,66,85,71,29,110,60,17,129,50,75,4" hai3="28,128,18,44,84,48,92,49,47,13,22,74,93"/><U97/><E3/><V73/><F110/><W133/><G128/><T115/><D107/><N who="1" m="63919" /><E91/><V72/><F129/><W87/><G133/><T111/><D111/><U27/><E86/><N who="3" m="32810" /><G74/><T70/><D70/><U134/><E120/><V35/><F4/><W62/><G62/><T127/><D130/><U16/><E134/><V23/><F85/><W123/><G123/><T83/><D122/><U51/><E32/><V31/><F50/><N who="3" m="19563" /><G28/><T57/><D45/><AGARI ba="2,0" hai="13,18,22,44,45,47,92,93" m="19563,32810" machi="45" ten="30,1000,0" yaku="8,1" doraHai="104" who="3" fromWho="0" sc="241,-16,401,0,76,0,282,16" /><INIT seed="6,0,0,2,4,41" ten="225,401,76,298" oya="2" hai0="69,129,114,7,72,28,123,106,51,109,42,99,83" hai1="101,96,21,20,26,81,40,95,55,76,97,36,89" hai2="70,8,32,119,9,10,131,49,78,34,6,118,98" hai3="0,50,124,85,90,122,24,67,111,79,47,57,48"/><V53/><F70/><W12/><G0/><T128/><D69/><U94/><E55/><V107/><F131/><W82/><G122/><T5/><D109/><U130/><E130/><N who="0" m="50281" /><D123/><U121/><E121/><V86/><F6/><W104/><G104/><T80/><D28/><U93/><E93/><V127/><F127/><W61/><G124/><T73/><D114/><U112/><E112/><V92/><F107/><W135/><G135/><T58/><D58/><U75/><E26/><V14/><F14/><W116/><G116/><T19/><D19/><U15/><E15/><V108/><F108/><W60/><G111/><T17/><D17/><U23/><E40/><V91/><F119/><W52/><G24/><T77/><D51/><U27/><E36/><V113/><F113/><W38/><G12/><T132/><D42/><U37/><E37/><V66/><F66/><W71/><G38/><T56/><D56/><U87/><REACH who="1" step="1"/><E27/><REACH who="1" ten="225,391,76,298" step="2"/><V134/><F118/><W74/><REACH who="3" step="1"/><G47/><REACH who="3" ten="225,391,76,288" step="2"/><T25/><D25/><U133/><E133/><V1/><F134/><W64/><G64/><T30/><D132/><U100/><E100/><V68/><F1/><W35/><G35/><T22/><D30/><U18/><E18/><V110/><F110/><W105/><G105/><T120/><D120/><U13/><E13/><V59/><REACH who="2" step="1"/><F68/><REACH who="2" ten="225,391,66,288" step="2"/><W33/><G33/><T31/><D5/><U11/><E11/><V84/><F84/><AGARI ba="0,3" hai="20,21,23,75,76,81,84,87,89,94,95,96,97,101" machi="84" ten="40,1300,0" yaku="1,1,53,0" doraHai="41" doraHaiUra="2" who="1" fromWho="2" sc="225,0,391,43,66,-13,288,0" /><INIT seed="7,0,0,1,0,20" ten="225,434,53,288" oya="3" hai0="14,72,113,90,93,62,54,130,21,128,3,67,9" hai1="132,111,56,35,103,122,63,8,101,39,104,81,24" hai2="46,34,13,69,87,65,123,126,51,59,31,44,86" hai3="38,110,5,25,121,117,2,78,16,112,125,91,73"/><W80/><G117/><T106/><D106/><U41/><E111/><V109/><F34/><W47/><G110/><T32/><D72/><U57/><E122/><V48/><F13/><W70/><G121/><T119/><D119/><U74/><E132/><V36/><F31/><W120/><G120/><T29/><D54/><U1/><E57/><V88/><F86/><W30/><G70/><T37/><D37/><U17/><E104/><V23/><F23/><W89/><G125/><T76/><D76/><N who="1" m="44183" /><E17/><V107/><F88/><W98/><G112/><T135/><D135/><U19/><E19/><V55/><F107/><W49/><G16/><T99/><D113/><U42/><E42/><V114/><F87/><W28/><G98/><T75/><D75/><U0/><E0/><V27/><F27/><W50/><G38/><T95/><D95/><U58/><E58/><V124/><F109/><W129/><G2/><T12/><D3/><U83/><E83/><V100/><F100/><W11/><G28/><T68/><D21/><U6/><E24/><V105/><F105/><W64/><G25/><T102/><D90/><U45/><E35/><V15/><F114/><W131/><G89/><T108/><D108/><U82/><E82/><V4/><F15/><W134/><G91/><T116/><D116/><U7/><E6/><V127/><F4/><W97/><G80/><T85/><D85/><U96/><E96/><V52/><F123/><W26/><G5/><T10/><D10/><U43/><E8/><V79/><F79/><W66/><G11/><T60/><D9/><U61/><E7/><RYUUKYOKU ba="0,0" sc="225,0,434,0,53,0,288,0" owari="225,-17.0,434,53.0,53,-45.0,288,9.0" /></mjloggm>