<mjloggm ver="2.3"><GO type="97" lobby="0"/><UN n0="%E3%83%95%E3%83%A9%E3%82%A4%E3%83%80" n1="%E3%82%B2%E3%82%A4%E3%83%96%E3%83%AA%E3%82%A8%E3%83%AB" n2="%E3%82%A6%E3%83%AB%E3%83%88%E3%83%A9%E7%AB%8B%E7%9B%B4" n3="%54%53%69%6E%73%74%2E%52" dan="15,15,14,14" rate="2019.83,2029.00,1940.72,1934.00" sx="M,M,M,M"/><TAIKYOKU oya="0"/><INIT seed="0,0,0,2,2,38" ten="250,250,250,250" oya="0" hai0="120,130,39,89,101,52,61,82,47,131,125,55,22" hai1="45,36,108,67,113,18,23,123,2,53,60,76,49" hai2="15,102,77,7,59,85,43,99,40,104,31,64,66" hai3="35,34,25,117,107,132,3,33,1,41,121,103,4"/><T124/><D101/><U79/><E123/><V84/><F104/><W111/><G117/><T17/><D120/><U32/><E108/><V14/><F31/><W5/><G121/><T48/><D39/><U73/><E32/><V129/><F129/><N who="0" m="49162" /><D61/><U10/><E113/><V91/><F102/><W74/><G111/><T109/><D109/><U20/><E73/><V30/><F30/><W19/><G132/><T69/><D69/><U122/><E122/><V93/><F77/><W21/><G74/><T92/><D82/><U72/><E72/><V116/><F116/><W12/><G41/><N who="2" m="15945" /><F59/><W127/><G127/><T114/><D55/><U86/><E36/><V50/><F50/><W16/><G107/><T119/><D119/><U118/><E118/><V6/><F6/><N who="3" m="2667" /><G103/><T90/><D114/><U27/><E20/><AGARI ba="0,0" hai="1,3,12,16,19,20,21,25,33,34,35" m="2667" machi="20" ten="40,12000,2" yaku="35,5,54,1" doraHai="38" who="3" fromWho="1" sc="250,0,250,-120,250,0,250,120" /><INIT seed="1,0,0,1,0,59" ten="250,130,250,370" oya="1" hai0="80,39,88,21,5,56,115,11,100,51,31,74,98" hai1="130,33,18,32,44,90,46,8,105,41,110,86,48" hai2="12,111,120,108,84,1,91,127,6,122,69,96,36" hai3="27,106,94,134,70,114,2,113,54,131,61,49,57"/><U19/><E130/><V25/><F84/><W78/><G106/><T14/><D39/><U82/><E105/><V45/><F91/><W85/><G2/><T99/><D115/><U71/><E71/><V38/><F96/><W79/><G131/><T112/><D112/><U4/><E110/><V63/><F12/><W132/><G114/><T104/><D74/><U118/><E118/><V40/><F25/><W17/><G113/><T89/><D99/><U129/><E129/><V95/><F95/><W23/><G94/><T65/><D80/><U66/><E66/><N who="2" m="41183" /><F6/><W97/><G97/><T58/><D58/><U60/><E60/><V83/><F83/><W64/><REACH who="3" step="1"/><G85/><REACH who="3" ten="250,130,250,360" step="2"/><T102/><D104/><U16/><REACH who="1" step="1"/><E46/><REACH who="1" ten="250,120,250,360" step="2"/><V29/><F111/><W72/><G72/><T7/><D102/><U73/><E73/><V52/><F108/><W77/><AGARI ba="0,2" hai="17,23,27,49,54,57,61,64,70,77,78,79,132,134" machi="77" ten="30,4000,0" yaku="1,1,0,1,52,1,53,0" doraHai="59" doraHaiUra="37" who="3" fromWho="3" sc="250,-10,120,-20,250,-10,360,60" /><INIT seed="2,0,0,3,5,106" ten="240,100,240,420" oya="2" hai0="48,102,85,70,23,91,94,39,13,54,134,128,111" hai1="36,109,63,7,38,37,26,129,12,112,104,60,130" hai2="121,115,124,21,49,8,133,40,131,107,81,19,29" hai3="83,10,96,97,51,47,80,27,120,98,135,69,87"/><V61/><F107/><W64/><G69/><T93/><D39/><U114/><E104/><V0/><F0/><W103/><G64/><T77/><D70/><U20/><E7/><V1/><F1/><W57/><G120/><T74/><D111/><U46/><E26/><N who="2" m="16591" /><F121/><W42/><G135/><T56/><D134/><U9/><E20/><V59/><F124/><W90/><G27/><T95/><D128/><N who="1" m="49259" /><E12/><N who="2" m="7559" /><F133/><W18/><G57/><T2/><D2/><U126/><E9/><V41/><F115/><N who="1" m="44073" /><E109/><V55/><F131/><W117/><G117/><T22/><D102/><U5/><E5/><V132/><F132/><W68/><G68/><T72/><D22/><U110/><E110/><V76/><F61/><N who="1" m="23625" /><E46/><V99/><F99/><W58/><G103/><T32/><D32/><U89/><E89/><V101/><F101/><W105/><G105/><T62/><D77/><U86/><E86/><AGARI ba="0,0" hai="40,41,49,55,59,76,81,86" m="7559,16591" machi="86" ten="30,1500,0" yaku="8,1" doraHai="106" who="2" fromWho="1" sc="240,0,100,-15,240,15,420,0" /><INIT seed="2,1,0,2,2,75" ten="240,85,255,420" oya="2" hai0="15,78,135,43,77,89,44,19,37,61,27,109,97" hai1="67,122,91,31,100,40,108,95,114,58,20,28,16" hai2="17,81,0,130,48,132,131,103,129,2,13,121,24" hai3="117,62,7,74,60,106,90,92,14,126,99,42,8"/><V107/><F121/><W86/><G117/><T45/><D109/><U55/><E108/><V9/><F132/><W53/><G126/><T128/><D135/><U38/><E122/><V82/><F103/><W124/><G124/><T73/><D73/><U118/><E118/><V30/><F107/><W57/><G42/><T46/><D128/><U39/><E114/><V79/><F48/><W25/><G25/><T11/><D61/><U98/><E100/><V85/><REACH who="2" step="1"/><F81/><REACH who="2" ten="240,85,245,420" step="2"/><W56/><G106/><T101/><D101/><U26/><E67/><V41/><F41/><W105/><G105/><T59/><D43/><U84/><E84/><V115/><F115/><W70/><G74/><T119/><D119/><U134/><E134/><V125/><F125/><W12/><G86/><T36/><D36/><U51/><REACH who="1" step="1"/><E39/><REACH who="1" ten="240,75,245,420" step="2"/><V21/><AGARI ba="1,2" hai="0,2,9,13,17,21,24,30,79,82,85,129,130,131" machi="21" ten="30,11700,0" yaku="1,1,0,1,19,1,52,1,53,0" doraHai="75" doraHaiUra="29" who="2" fromWho="2" sc="240,-40,75,-40,245,140,420,-40" /><INIT seed="2,2,0,3,1,11" ten="200,35,385,380" oya="2" hai0="63,96,8,68,61,0,3,133,47,105,101,64,7" hai1="113,31,5,51,77,66,58,38,32,71,24,16,2" hai2="49,131,26,46,15,103,57,132,80,25,72,44,124" hai3="99,86,79,28,48,126,33,23,43,134,123,73,18"/><V21/><F124/><W81/><G123/><T70/><D133/><U20/><E38/><V114/><F114/><W56/><G126/><T130/><D130/><U128/><E113/><V89/><F132/><W35/><G134/><T76/><D76/><U107/><E128/><V97/><F131/><W54/><G43/><T104/><D47/><U90/><E107/><V129/><F129/><W112/><G112/><T102/><D8/><U110/><E110/><V122/><F122/><W119/><G119/><T74/><D7/><U92/><E77/><V14/><F57/><W118/><G118/><T55/><D55/><U94/><E71/><V109/><F109/><W4/><G73/><T13/><D13/><N who="2" m="4618" /><F72/><W127/><G4/><T87/><D74/><U111/><E111/><V62/><F62/><W19/><G127/><T65/><D87/><U100/><E100/><V78/><F78/><W117/><G117/><T10/><D10/><U91/><E91/><V125/><F125/><W1/><G1/><T67/><REACH who="0" step="1"/><D65/><REACH who="0" ten="190,35,385,380" step="2"/><U41/><E66/><V22/><F46/><W75/><G75/><T9/><D9/><N who="1" m="2231" /><E90/><V95/><F80/><W6/><G6/><T116/><D116/><U12/><E41/><N who="2" m="24719" /><F89/><W93/><G79/><T106/><D106/><U84/><E84/><V108/><F108/><W37/><G81/><T42/><D42/><U85/><E85/><V17/><F25/><W120/><G120/><T98/><AGARI ba="2,1" hai="0,3,61,63,64,67,68,70,96,98,101,102,104,105" machi="98" ten="30,16000,3" yaku="1,1,0,1,32,3,33,3,53,0" doraHai="11" doraHaiUra="27" who="0" fromWho="0" sc="190,176,35,-42,385,-82,380,-42" owari="366,47.0,-7,-51.0,303,-10.0,338,14.0" /></mjloggm>