<mjloggm ver="2.3"><GO type="97" lobby="0"/><UN n0="%62%6F%6F%32%30%31%31" n1="%72%61%72%61%70%70%65" n2="%6F%7A%75%6D%69" n3="%E3%82%A6%E3%83%AB%E3%83%88%E3%83%A9%E7%AB%8B%E7%9B%B4" dan="13,15,13,14" rate="1860.48,2032.93,1902.82,1913.73" sx="M,M,M,M"/><TAIKYOKU oya="0"/><INIT seed="0,0,0,4,5,134" ten="250,250,250,250" oya="0" hai0="2,32,119,52,14,78,94,108,72,102,105,98,58" hai1="126,122,25,129,27,79,64,62,13,18,30,19,4" hai2="43,77,54,56,67,131,112,109,35,40,99,73,24" hai3="128,57,123,117,66,125,28,23,100,9,11,53,44"/><T33/><D119/><U127/><E122/><V71/><F112/><W115/><G115/><T34/><D2/><U61/><E129/><V97/><F131/><W95/><G117/><T82/><D108/><U3/><E79/><V114/><F114/><W12/><G128/><T103/><D14/><U17/><E62/><V68/><F109/><W80/><G80/><T45/><D45/><U51/><E51/><V69/><F77/><W47/><G66/><T87/><D103/><U106/><E106/><V42/><F73/><W76/><G76/><T101/><D101/><U113/><E113/><V96/><F35/><W121/><G44/><T93/><REACH who="0" step="1"/><D72/><REACH who="0" ten="240,250,250,250" step="2"/><U110/><E3/><V26/><REACH who="2" step="1"/><F67/><REACH who="2" ten="240,250,240,250" step="2"/><W85/><G123/><T116/><D116/><U21/><E110/><V63/><AGARI ba="0,2" hai="24,26,40,42,43,54,56,63,68,69,71,96,97,99" machi="63" ten="40,16000,3" yaku="1,1,2,1,0,1,29,2,53,3" doraHai="134" doraHaiUra="39" who="2" fromWho="2" sc="240,-80,250,-40,240,180,250,-40" /><INIT seed="1,0,0,3,5,122" ten="160,210,420,210" oya="1" hai0="35,2,96,48,56,64,110,78,63,5,37,75,111" hai1="18,118,109,39,87,0,10,67,16,3,55,107,105" hai2="66,82,124,36,69,112,132,51,99,24,108,128,27" hai3="76,80,134,125,83,97,104,129,41,98,58,116,74"/><U121/><E121/><V43/><F112/><W4/><G125/><T7/><D35/><U21/><E118/><V45/><F124/><W61/><G129/><T1/><D37/><U93/><E39/><V119/><F119/><W120/><G120/><T102/><D78/><U40/><E40/><V90/><F132/><W38/><G134/><T22/><D75/><U84/><E67/><V28/><F128/><W11/><G116/><T114/><D114/><U29/><E29/><V42/><F108/><N who="0" m="41514" /><D22/><U135/><E109/><V100/><F36/><W6/><G4/><N who="0" m="1611" /><D48/><U131/><E135/><V126/><F126/><W117/><G117/><T103/><D103/><U127/><E131/><V44/><F28/><W113/><G113/><T130/><D130/><U85/><E21/><V92/><F44/><W115/><G115/><T26/><D26/><U33/><E33/><V101/><F42/><W60/><G41/><T34/><D34/><U31/><E127/><V106/><F100/><W19/><G76/><T62/><D62/><U77/><E77/><V32/><F32/><W14/><G61/><T68/><D68/><U123/><E123/><V59/><F69/><W20/><G74/><T46/><D46/><U50/><E3/><V91/><F106/><AGARI ba="0,0" hai="1,2,56,63,64,96,102,106" m="1611,41514" machi="106" ten="30,7700,0" yaku="14,1,52,3" doraHai="122" who="0" fromWho="2" sc="160,77,210,0,420,-77,210,0" /><INIT seed="2,0,0,5,5,123" ten="237,210,343,210" oya="2" hai0="17,87,15,115,18,48,74,80,64,75,97,4,132" hai1="6,50,42,88,90,31,21,102,9,135,107,129,20" hai2="101,127,71,28,14,92,33,56,81,52,128,8,93" hai3="41,38,124,73,34,26,1,13,113,104,119,72,55"/><V118/><F118/><W78/><G55/><T11/><D115/><U37/><E37/><V79/><F128/><W83/><G13/><T53/><D132/><U25/><E135/><V60/><F127/><W29/><G119/><T63/><D18/><U35/><E129/><V116/><F116/><W61/><G61/><T122/><D122/><U22/><E107/><V32/><F71/><W7/><G124/><T39/><D39/><U126/><E102/><V2/><F2/><W36/><G113/><T45/><D97/><U57/><E126/><V105/><F105/><W69/><G69/><T131/><D4/><U12/><REACH who="1" step="1"/><E57/><REACH who="1" ten="237,200,343,210" step="2"/><V65/><F65/><W66/><G66/><T49/><D131/><U103/><E103/><V30/><F101/><W19/><G104/><T111/><D111/><U94/><E94/><N who="2" m="36459" /><F33/><W54/><G34/><T84/><D49/><U68/><E68/><V95/><F32/><W85/><G38/><T77/><D74/><U91/><E91/><V70/><F70/><AGARI ba="0,1" hai="11,15,17,45,48,53,63,64,70,75,77,80,84,87" machi="70" ten="30,1000,0" yaku="7,1" doraHai="123" who="0" fromWho="2" sc="237,20,200,0,343,-10,210,0" /><INIT seed="3,0,0,5,0,71" ten="257,200,333,210" oya="3" hai0="86,1,68,113,5,103,40,130,91,99,85,32,23" hai1="26,102,70,33,8,57,28,9,116,19,39,30,73" hai2="107,133,92,38,112,55,109,6,131,25,81,97,20" hai3="66,105,89,13,98,79,52,120,83,3,124,76,90"/><W45/><G3/><T77/><D113/><U126/><E70/><V117/><F6/><W48/><G120/><T43/><D68/><U61/><E73/><V42/><F117/><W4/><G124/><T27/><D32/><U125/><E116/><V41/><F112/><W119/><G119/><T96/><D130/><U108/><E108/><V87/><F131/><W75/><G66/><T95/><D1/><U64/><E102/><V115/><F115/><W47/><G79/><T49/><D5/><U114/><E114/><V56/><F133/><W106/><G4/><T93/><D49/><U74/><E74/><V110/><F38/><W59/><G13/><T29/><D77/><U36/><E30/><N who="2" m="17703" /><F107/><W24/><G24/><T7/><D7/><U67/><E67/><V10/><F10/><N who="1" m="4201" /><E19/><V12/><F12/><W128/><G128/><T123/><D123/><U63/><E63/><N who="2" m="36255" /><F110/><W16/><G16/><T37/><D37/><U122/><E122/><V44/><F44/><W84/><G106/><T54/><D54/><U82/><E82/><V80/><F109/><W118/><G118/><T94/><D85/><U53/><E53/><V88/><F80/><N who="3" m="49287" /><G105/><T132/><REACH who="0" step="1"/><D132/><REACH who="0" ten="247,200,333,210" step="2"/><U15/><E15/><V31/><F31/><W78/><G75/><T50/><D50/><U129/><E129/><V2/><F2/><W58/><G47/><T121/><D121/><U18/><E18/><V101/><AGARI ba="0,1" hai="41,42,81,87,88,92,97,101" m="36255,17703" machi="101" ten="30,2000,0" yaku="8,1,54,1" doraHai="71" who="2" fromWho="2" sc="247,-5,200,-5,333,30,210,-10" owari="242,4.0,195,-30.0,363,46.0,200,-20.0" /></mjloggm>