<mjloggm ver="2.3"><GO type="97" lobby="0"/><UN n0="%E3%81%9F%E3%81%84%E3%82%89%E3%81%AE%E3%81%8D%E3%82%88%E3%82%82%E3%82%8A" n1="%69%63%68%6F%72%69%64" n2="%E5%B0%B1%E6%B4%BB%E7%94%9F%40%E5%B7%9D%E6%9D%91%E8%BB%8D%E5%9B%A3" n3="%48%69%2D%35%30%32" dan="14,14,13,13" rate="1986.83,1935.95,1876.51,1816.20" sx="M,F,M,M"/><TAIKYOKU oya="0"/><INIT seed="0,0,0,2,0,76" ten="250,250,250,250" oya="0" hai0="105,33,92,130,12,95,94,93,65,31,128,23,56" hai1="79,47,38,19,133,122,15,89,86,117,125,54,48" hai2="2,97,16,59,100,111,70,37,57,132,131,107,127" hai3="101,103,43,102,68,84,82,8,123,21,1,114,124"/><T10/><D105/><U13/><E117/><V69/><F2/><W25/><G114/><T11/><D33/><U27/><E122/><V77/><F127/><W40/><G124/><T49/><D130/><U41/><E125/><V14/><F131/><W22/><G68/><T24/><D128/><U81/><E133/><V113/><F113/><W20/><G123/><T71/><D71/><U121/><E121/><V29/><F111/><W134/><G134/><T9/><N who="0" m="24064" /><DORA hai="78" /><T26/><D26/><U7/><E7/><V51/><F132/><W73/><G73/><T88/><D88/><U53/><E79/><V61/><F37/><W63/><G25/><T3/><D3/><U6/><E27/><V55/><F77/><N who="3" m="46159" /><G1/><T90/><D90/><U58/><E53/><V32/><F32/><W106/><G106/><T44/><D56/><U135/><E135/><V5/><F5/><W35/><G35/><T52/><REACH who="0" step="1"/><D65/><REACH who="0" ten="240,250,250,250" step="2"/><U80/><E89/><V75/><F29/><W126/><G126/><T129/><D129/><U60/><E86/><V30/><F30/><W91/><G91/><T0/><D0/><U46/><E6/><AGARI ba="0,1" hai="6,9,10,11,12,23,24,31,44,49,52" m="24064" machi="6" ten="50,9600,0" yaku="1,1,8,1,54,1,53,0" doraHai="76,78" doraHaiUra="72,120" who="0" fromWho="1" sc="240,106,250,-96,250,0,250,0" /><INIT seed="0,1,0,3,3,115" ten="346,154,250,250" oya="0" hai0="84,77,110,91,80,31,11,9,98,89,64,114,123" hai1="119,83,57,94,100,7,104,67,127,122,132,69,21" hai2="76,128,14,74,26,46,101,44,131,10,105,78,12" hai3="107,61,121,103,15,27,24,36,6,124,19,54,68"/><T102/><D123/><U63/><E119/><V88/><F26/><W70/><G121/><T96/><D114/><U28/><E122/><V129/><F105/><W49/><G124/><T85/><D64/><U25/><E127/><V113/><F101/><W37/><G6/><T34/><D110/><U82/><E132/><V87/><F113/><W108/><G108/><T79/><D34/><U134/><E134/><V41/><F14/><W17/><G107/><T13/><D31/><U97/><E69/><V73/><F76/><N who="0" m="29258" /><D102/><U133/><E133/><V75/><F78/><W5/><G103/><T2/><D2/><U0/><REACH who="1" step="1"/><E104/><REACH who="1" ten="346,144,250,250" step="2"/><V59/><F41/><W106/><G106/><T51/><D51/><U109/><E109/><V93/><REACH who="2" step="1"/><F59/><REACH who="2" ten="346,144,240,250" step="2"/><W62/><G70/><T58/><D58/><U66/><E66/><V125/><F125/><W55/><G68/><T8/><D13/><U99/><E99/><N who="0" m="37929" /><D80/><U86/><E86/><AGARI ba="1,2" hai="8,9,11,84,85,86,89,91" m="37929,29258" machi="86" ten="30,5800,0" yaku="28,2,8,1" doraHai="115" who="0" fromWho="1" sc="346,81,144,-61,240,0,250,0" /><INIT seed="0,2,0,1,2,61" ten="427,83,240,250" oya="0" hai0="74,59,86,62,109,38,57,11,20,97,64,131,7" hai1="54,27,70,12,68,5,9,132,98,36,26,19,84" hai2="24,128,23,30,127,3,85,63,89,17,133,66,124" hai3="119,80,100,83,29,0,118,32,41,67,39,49,16"/><T94/><D74/><U111/><E111/><V65/><F128/><W134/><G39/><T114/><D114/><U106/><E132/><V31/><F133/><W69/><G134/><T8/><D38/><U46/><E84/><V88/><F3/><W135/><G135/><T45/><D131/><U82/><E82/><N who="2" m="49207" /><F89/><W129/><G129/><T48/><D109/><U33/><E26/><V87/><F87/><W6/><G100/><N who="0" m="60471" /><D57/><U71/><E36/><V101/><F101/><W116/><G6/><T28/><D86/><U15/><E27/><V76/><F76/><W4/><G4/><T72/><D72/><U107/><E98/><V37/><F37/><W22/><G0/><T122/><D122/><U75/><E33/><V51/><F51/><W13/><G32/><T42/><D7/><U50/><REACH who="1" step="1"/><E75/><REACH who="1" ten="427,73,240,250" step="2"/><V103/><F103/><W10/><G29/><N who="2" m="10761" /><F63/><W18/><G83/><T43/><D43/><U105/><E105/><V110/><F110/><W52/><G41/><T53/><D42/><U120/><E120/><V60/><F60/><W35/><G80/><T108/><D108/><U123/><E123/><V126/><AGARI ba="2,1" hai="17,23,24,65,66,124,126,127" m="10761,49207" machi="126" ten="40,8000,1" yaku="18,1,52,2,54,1" doraHai="61" who="2" fromWho="2" sc="427,-42,73,-22,240,96,250,-22" /><INIT seed="1,0,0,2,0,5" ten="385,51,336,228" oya="1" hai0="73,128,123,37,114,99,133,54,33,26,11,102,43" hai1="88,120,21,7,36,3,29,40,70,63,79,117,55" hai2="1,80,35,116,72,83,95,2,24,48,59,0,115" hai3="46,82,125,10,126,60,6,58,94,134,65,39,52"/><U78/><E120/><V44/><F116/><W8/><G134/><T84/><D73/><U122/><E122/><V51/><F115/><W121/><G121/><T130/><D114/><U77/><E117/><V67/><F72/><W113/><G113/><T23/><D33/><U86/><E36/><V22/><F35/><W97/><G82/><T12/><D133/><U103/><E40/><V17/><F95/><W14/><G39/><T32/><D32/><U87/><E103/><V92/><F92/><W98/><G46/><T106/><D84/><U53/><E29/><V75/><F75/><W90/><G65/><T127/><D54/><U34/><E34/><V28/><F28/><W131/><G131/><N who="0" m="50219" /><D127/><N who="3" m="48649" /><G6/><N who="0" m="3191" /><D123/><U135/><E21/><V104/><F104/><W18/><G98/><T112/><D112/><U105/><E105/><V31/><F31/><W118/><G118/><T49/><D49/><U61/><E135/><V71/><F71/><W89/><G89/><T66/><D66/><U13/><E3/><V56/><F67/><W25/><G25/><T64/><D64/><U129/><E129/><V93/><F48/><W50/><G50/><T110/><D43/><U74/><E86/><V119/><F119/><W68/><G68/><T69/><D69/><U96/><E74/><V9/><F59/><W62/><G62/><N who="1" m="23562" /><E96/><V107/><F56/><W4/><G4/><T132/><D37/><U57/><E70/><V27/><F107/><W30/><G30/><N who="0" m="17759" /><D132/><U45/><E45/><V100/><F44/><W41/><G41/><T19/><D19/><U101/><E57/><V124/><F17/><RYUUKYOKU ba="0,0" sc="385,15,51,-15,336,-15,228,15" hai0="99,102,106,110" hai3="8,10,14,18,52,58,60,90,94,97" /><INIT seed="2,1,0,2,4,112" ten="400,36,321,243" oya="2" hai0="99,118,15,66,96,85,122,91,97,55,3,65,12" hai1="102,79,29,56,111,64,126,100,6,105,0,50,88" hai2="74,132,40,8,82,81,24,69,101,94,38,72,4" hai3="98,84,113,17,54,18,59,104,107,110,61,34,7"/><V33/><F132/><W37/><G110/><T1/><D118/><U2/><E111/><V9/><F69/><W35/><G37/><T123/><D55/><U92/><E126/><V93/><F38/><W115/><G7/><T30/><D30/><U124/><E124/><V43/><F24/><W19/><G84/><T60/><D60/><U49/><E79/><V75/><F33/><W76/><G76/><T131/><D131/><U83/><E83/><N who="2" m="31755" /><F4/><W63/><G98/><T87/><D91/><U25/><E105/><N who="3" m="40522" /><G54/><T44/><D44/><U21/><E2/><N who="0" m="521" /><D87/><U57/><E6/><V51/><F51/><W109/><G109/><T121/><D85/><U28/><E0/><V89/><F89/><W62/><G59/><T103/><D103/><U45/><E29/><V67/><F67/><AGARI ba="1,0" hai="12,15,65,66,67,96,97,99,121,122,123" m="521" machi="67" ten="40,2600,0" yaku="28,2" doraHai="112" who="0" fromWho="2" sc="400,29,36,0,321,-29,243,0" /><INIT seed="3,0,0,2,1,23" ten="429,36,292,243" oya="3" hai0="38,134,28,83,125,131,32,82,115,47,90,22,33" hai1="18,111,71,116,102,6,20,119,121,57,110,68,132" hai2="54,16,50,114,99,30,58,31,84,106,128,96,41" hai3="94,130,73,127,103,135,46,10,95,123,97,55,48"/><W21/><G123/><T3/><D3/><U17/><E102/><V85/><F114/><W108/><G127/><T74/><D125/><U49/><E57/><V66/><F128/><W77/><G130/><T89/><D131/><U93/><E93/><V100/><F66/><W15/><G135/><T8/><D134/><U101/><E49/><V24/><F41/><W42/><G108/><N who="1" m="41514" /><E101/><V124/><F124/><W133/><G133/><T112/><D8/><U62/><E62/><V75/><F75/><W120/><G120/><T27/><D47/><U9/><E68/><V13/><F96/><W109/><G109/><T78/><D38/><U129/><E71/><V25/><F31/><W52/><G21/><T107/><D107/><U12/><E132/><V113/><F113/><N who="0" m="43594" /><D83/><U92/><E92/><V60/><F60/><W1/><G1/><T5/><D5/><U7/><E129/><V35/><REACH who="2" step="1"/><F25/><REACH who="2" ten="429,36,282,243" step="2"/><W98/><G73/><T69/><D69/><U29/><E121/><V118/><F118/><N who="1" m="45097" /><E29/><V122/><F122/><W63/><G63/><T45/><D74/><U19/><E7/><V59/><F59/><W56/><G56/><T104/><D28/><U43/><E43/><V34/><F34/><W40/><G40/><T44/><D33/><U61/><E61/><V67/><F67/><W51/><G51/><T88/><D32/><U37/><E37/><V26/><F26/><W91/><REACH who="3" step="1"/><G77/><REACH who="3" ten="429,36,282,233" step="2"/><T4/><D78/><U2/><E2/><V53/><F53/><W79/><G79/><T72/><D72/><U105/><E20/><AGARI ba="0,2" hai="13,16,20,24,30,35,50,54,58,84,85,99,100,106" machi="20" ten="30,12000,2" yaku="1,1,7,1,52,1,54,1,53,2" doraHai="23" doraHaiUra="81" who="2" fromWho="1" sc="429,0,36,-120,282,140,233,0" owari="429,53.0,-84,-58.0,422,22.0,233,-17.0" /></mjloggm>