<mjloggm ver="2.3"><GO type="193" lobby="0"/><UN n0="%72%69%68%6F%72%69%68%6F" n1="%46%4E%43" n2="%E5%B0%B1%E6%B4%BB%E7%94%9F%40%E5%B7%9D%E6%9D%91%E8%BB%8D%E5%9B%A3" n3="%59%2E%43%2E" dan="12,11,12,11" rate="1729.18,1568.84,1785.75,1688.58" sx="M,M,M,M"/><TAIKYOKU oya="0"/><INIT seed="0,0,0,3,4,16" ten="250,250,250,250" oya="0" hai0="88,122,48,52,40,111,110,116,47,67,7,59,97" hai1="3,102,14,96,50,75,35,45,123,119,80,2,83" hai2="56,49,61,95,131,69,71,18,6,121,104,124,81" hai3="10,99,90,39,15,108,37,17,89,8,63,72,30"/><T28/><D116/><U34/><E102/><V118/><F104/><W57/><G72/><T33/><D122/><U132/><E119/><V66/><F121/><W117/><G117/><T112/><D112/><U38/><E123/><V51/><F131/><W120/><G120/><T29/><D7/><U26/><E26/><V127/><F6/><W27/><G108/><N who="0" m="41515" /><D67/><U13/><E45/><V1/><F1/><N who="1" m="9" /><E50/><V86/><F95/><W109/><G109/><T84/><D97/><U106/><E96/><V12/><F118/><W31/><G30/><T129/><D129/><U0/><N who="1" m="17" /><U42/><DORA hai="133" /><E42/><V134/><F134/><W74/><G74/><T68/><D68/><U54/><E132/><V44/><F69/><W79/><G79/><T55/><D33/><N who="1" m="12299" /><E75/><V41/><F51/><W25/><G37/><N who="0" m="21903" /><D55/><U5/><E5/><V101/><F101/><W76/><G39/><T93/><AGARI ba="0,0" hai="28,29,48,52,59,84,88,93" m="21903,41515" machi="93" ten="30,11700,0" yaku="14,1,10,1,54,2" doraHai="16,133" who="0" fromWho="0" sc="250,117,250,-39,250,-39,250,-39" /><INIT seed="0,1,0,4,0,61" ten="367,211,211,211" oya="0" hai0="58,130,73,28,127,39,45,98,46,13,116,38,50" hai1="4,72,86,48,123,15,60,69,129,27,5,55,81" hai2="101,10,12,125,2,56,132,124,134,21,85,34,49" hai3="36,35,100,75,68,94,7,107,57,23,119,17,113"/><T53/><D73/><U118/><E123/><V11/><F101/><W114/><G35/><T59/><D28/><U121/><E121/><V96/><F96/><W42/><G36/><N who="0" m="13867" /><D98/><U91/><E129/><V89/><F34/><W77/><G57/><N who="0" m="32951" /><D13/><U62/><E72/><V37/><F37/><W8/><G94/><T92/><D92/><U41/><E118/><V32/><F32/><W76/><G77/><T117/><D130/><U109/><E109/><V115/><F115/><W30/><G76/><T93/><D93/><U135/><E135/><N who="2" m="51755" /><F2/><W126/><G119/><N who="0" m="45643" /><D127/><N who="2" m="48714" /><F21/><W106/><G23/><T112/><D112/><U25/><E69/><V65/><F12/><W133/><G113/><T19/><D19/><U6/><E15/><V131/><F131/><W122/><G114/><T105/><D105/><U82/><E82/><N who="2" m="49335" /><F49/><W80/><G106/><T64/><D58/><U103/><E103/><V44/><F44/><W20/><G107/><T111/><D111/><U78/><E91/><V90/><F90/><W3/><G126/><T9/><D9/><U79/><E79/><V84/><F84/><W95/><G133/><T102/><D102/><U26/><REACH who="1" step="1"/><E41/><REACH who="1" ten="367,201,211,211" step="2"/><V54/><F11/><W108/><G42/><T43/><D43/><U0/><E0/><V67/><F10/><W70/><G8/><T24/><D24/><U83/><E83/><V47/><F47/><AGARI ba="1,1" hai="4,5,6,25,26,27,47,48,55,60,62,78,81,86" machi="47" ten="40,2600,0" yaku="1,1,8,1,53,0" doraHai="61" doraHaiUra="18" who="1" fromWho="2" sc="367,0,201,39,211,-29,211,0" /><INIT seed="1,0,0,2,5,112" ten="367,240,182,211" oya="1" hai0="91,101,16,99,19,120,121,96,41,80,119,131,72" hai1="109,92,105,67,3,32,6,113,35,24,133,26,71" hai2="103,40,57,117,48,2,28,115,95,54,45,110,78" hai3="70,47,114,49,18,17,68,21,86,128,124,0,34"/><U58/><E105/><V90/><F115/><W126/><G114/><T75/><D41/><U5/><E92/><V79/><F2/><W38/><G38/><T64/><D64/><U30/><E71/><V62/><F110/><W15/><G128/><T93/><D131/><U51/><E51/><V127/><F127/><N who="3" m="48683" /><G34/><N who="1" m="12842" /><E58/><V116/><F103/><W39/><G86/><N who="0" m="50631" /><D99/><U23/><E67/><V60/><F28/><W76/><G76/><T134/><D134/><U89/><E89/><V108/><F108/><W37/><G0/><T14/><D14/><U27/><E113/><V66/><F79/><W122/><G122/><N who="0" m="47211" /><D119/><U50/><E50/><V98/><REACH who="2" step="1"/><F78/><REACH who="2" ten="367,240,172,211" step="2"/><W33/><G39/><T11/><D75/><U84/><E109/><V63/><F63/><W97/><G37/><T46/><D72/><U31/><E84/><V104/><F104/><W44/><G97/><T106/><D106/><U29/><E133/><V20/><F20/><W52/><G21/><T125/><D125/><U135/><E135/><V13/><F13/><W107/><G15/><T22/><D22/><N who="1" m="15511" /><E3/><V7/><F7/><N who="1" m="2569" /><E23/><V130/><F130/><W25/><G33/><T61/><D61/><U42/><E42/><V74/><F74/><W111/><G111/><T82/><D101/><U87/><E87/><V36/><F36/><W69/><G25/><AGARI ba="0,1" hai="25,26,27,30,31" m="2569,15511,12842" machi="25" ten="30,12000,1" yaku="35,5" doraHai="112" who="1" fromWho="3" sc="367,0,240,130,172,0,211,-120" /><INIT seed="1,1,0,3,3,6" ten="367,370,172,91" oya="1" hai0="119,108,57,104,89,116,28,103,65,133,11,70,27" hai1="115,126,105,7,1,12,4,130,110,121,101,132,107" hai2="120,64,61,80,86,131,22,98,26,109,63,60,99" hai3="30,78,31,59,47,34,51,8,95,73,88,66,24"/><U41/><E101/><V128/><F120/><W100/><G100/><T3/><D108/><U124/><E41/><V62/><F109/><W127/><G30/><T102/><D133/><U49/><E49/><V40/><F40/><W2/><G127/><T5/><D103/><U84/><E84/><V14/><F14/><W23/><G73/><T58/><D89/><U112/><E12/><V135/><F135/><W77/><G34/><N who="0" m="20767" /><D57/><U20/><E20/><V21/><F64/><W38/><G38/><T55/><D55/><U111/><E7/><V45/><F45/><W48/><G8/><T50/><D50/><U85/><E85/><V114/><F114/><N who="1" m="43561" /><E4/><V54/><F54/><W46/><G2/><T118/><D58/><U123/><E1/><V79/><N who="2" m="15872" /><DORA hai="117" /><V97/><REACH who="2" step="1"/><F22/><REACH who="2" ten="367,370,162,91" step="2"/><W16/><G47/><T106/><D65/><U10/><E132/><V96/><N who="2" m="25088" /><DORA hai="67" /><V44/><F44/><W72/><G46/><T122/><D122/><N who="1" m="46603" /><E10/><V76/><F76/><W13/><G78/><T56/><D11/><U74/><E74/><V83/><F83/><W35/><G77/><T9/><D9/><U29/><E29/><AGARI ba="1,1" hai="21,26,29,79,80,86,128,131" m="25088,15872" machi="29" ten="70,2300,0" yaku="1,1,53,0" doraHai="6,117,67" doraHaiUra="69,42,68" who="2" fromWho="1" sc="367,0,370,-26,162,36,91,0" /><INIT seed="2,0,0,5,3,133" ten="367,344,198,91" oya="2" hai0="88,36,96,72,86,4,130,39,124,35,34,85,122" hai1="95,106,18,14,47,118,3,128,63,107,25,24,37" hai2="52,46,0,45,105,112,131,54,79,16,22,99,40" hai3="48,116,12,57,68,74,115,29,59,27,117,75,1"/><V7/><F112/><W127/><G115/><T113/><D72/><U132/><E118/><V58/><F131/><W13/><G1/><T114/><D4/><U55/><E128/><V15/><F79/><W92/><G48/><T102/><D130/><U129/><E129/><V67/><F0/><W73/><G92/><T56/><D56/><N who="1" m="35231" /><E107/><V33/><F33/><W69/><G75/><T110/><D102/><U87/><E132/><V89/><F7/><W44/><G44/><N who="2" m="17001" /><F105/><W9/><G9/><T111/><D96/><U109/><E47/><V60/><F40/><W104/><G27/><N who="1" m="10314" /><E3/><V76/><F76/><W80/><G80/><T5/><D5/><U121/><E109/><V30/><F30/><W126/><REACH who="3" step="1"/><G104/><REACH who="3" ten="367,344,198,81" step="2"/><T82/><D113/><U98/><E106/><V62/><F62/><W21/><G21/><T51/><D114/><U38/><E121/><V103/><F103/><W119/><G119/><T10/><D122/><U26/><E38/><V49/><F49/><W84/><G84/><T23/><D39/><U83/><E37/><V108/><F108/><W125/><G125/><T134/><D124/><U93/><E87/><V11/><F22/><W8/><G8/><T41/><D10/><N who="1" m="6487" /><E83/><V90/><F99/><W31/><AGARI ba="0,1" hai="12,13,29,31,57,59,68,69,73,74,116,117,126,127" machi="31" ten="25,12000,2" yaku="1,1,0,1,22,2,52,2,53,0" doraHai="133" doraHaiUra="42" who="3" fromWho="3" sc="367,-30,344,-30,198,-60,81,130" /><INIT seed="3,0,0,3,0,33" ten="337,314,138,211" oya="3" hai0="100,62,125,101,80,130,46,8,82,133,109,81,94" hai1="127,123,45,78,11,83,131,129,39,122,23,69,107" hai2="89,84,135,114,70,75,19,18,121,120,7,71,0" hai3="88,96,28,31,66,53,113,106,56,35,98,118,4"/><W24/><G31/><T50/><D109/><U14/><E14/><V32/><F75/><W126/><G118/><T92/><D125/><U108/><E23/><V52/><F32/><W97/><G126/><T104/><D104/><U58/><E58/><V73/><F73/><W85/><G106/><T74/><D74/><N who="1" m="43479" /><E11/><N who="2" m="2535" /><F114/><W55/><G113/><T134/><D130/><N who="1" m="49675" /><E127/><V68/><F135/><N who="0" m="51722" /><D62/><U1/><E1/><V30/><F30/><W132/><G4/><T119/><D119/><U40/><E107/><V57/><F89/><W5/><G5/><T43/><D8/><U105/><E105/><V29/><F29/><W51/><G132/><T34/><D34/><U102/><E102/><AGARI ba="0,0" hai="43,46,50,80,81,82,92,94,100,101,102" m="51722" machi="102" ten="30,1000,0" yaku="20,1" doraHai="33" who="0" fromWho="1" sc="337,10,314,-10,138,0,211,0" owari="347,45.0,304,10.0,138,-36.0,211,-19.0" /></mjloggm>