<mjloggm ver="2.3"><GO type="41" lobby="0"/><UN n0="%E3%82%A6%E3%83%AB%E3%83%88%E3%83%A9%E7%AB%8B%E7%9B%B4" n1="%72%6F%6F%6B%69%65%61%6E" n2="%E3%82%AB%E3%83%A1%E3%82%AD%E3%83%81" n3="%4B%4F%4A" dan="15,14,13,13" rate="2012.85,1900.26,1957.76,1886.09" sx="M,M,M,M"/><TAIKYOKU oya="0"/><INIT seed="0,0,0,2,1,84" ten="250,250,250,250" oya="0" hai0="55,61,118,44,132,58,3,82,124,35,94,22,100" hai1="135,75,15,8,49,29,54,53,105,32,101,128,9" hai2="24,25,18,116,28,92,78,19,46,31,66,113,74" hai3="79,5,68,21,97,90,67,2,52,80,108,127,4"/><T81/><D35/><U134/><E75/><V26/><F113/><W115/><G115/><T6/><D118/><U98/><E128/><V112/><F112/><W93/><G108/><T85/><D124/><U122/><E122/><V27/><F116/><W59/><G127/><T1/><D132/><N who="1" m="50731" /><E32/><V95/><F66/><W45/><G2/><T11/><D3/><U47/><E29/><V0/><F0/><W20/><G67/><T104/><D104/><U120/><E120/><V130/><F130/><W65/><G65/><T23/><D82/><U102/><E102/><V36/><F74/><W125/><G125/><T30/><D30/><U43/><E9/><V38/><F78/><W63/><G68/><T86/><D44/><U17/><AGARI ba="0,0" hai="8,15,17,43,47,49,53,54,98,101,105" m="50731" machi="17" ten="30,1100,0" yaku="20,1" doraHai="84" who="1" fromWho="1" sc="250,-5,250,11,250,-3,250,-3" /><INIT seed="1,0,0,4,4,73" ten="245,261,247,247" oya="1" hai0="131,48,94,79,55,13,3,90,111,122,6,38,68" hai1="26,0,106,98,103,83,56,96,35,85,57,70,47" hai2="5,24,66,135,15,97,19,20,32,42,76,4,92" hai3="105,72,45,61,37,21,17,67,112,28,44,84,33"/><U30/><E0/><V75/><F135/><W133/><G112/><T59/><D3/><U58/><E96/><V107/><F107/><W118/><G72/><T27/><D68/><U110/><E110/><V127/><F127/><W74/><G74/><T119/><D38/><U126/><E126/><V63/><F32/><W128/><G105/><T54/><D119/><U29/><E29/><V69/><F42/><W102/><G102/><T52/><D111/><U88/><E70/><V22/><F75/><W81/><G133/><T80/><D131/><U46/><AGARI ba="0,0" hai="26,30,35,46,47,56,57,58,83,85,88,98,103,106" machi="46" ten="30,3000,0" yaku="0,1,54,1" doraHai="73" who="1" fromWho="1" sc="245,-10,261,30,247,-10,247,-10" /><INIT seed="1,1,0,5,2,56" ten="235,291,237,237" oya="1" hai0="57,65,120,7,9,74,107,6,133,121,128,50,115" hai1="122,106,30,10,33,3,8,112,116,61,102,23,126" hai2="45,95,77,78,48,43,82,47,76,41,60,63,15" hai3="52,100,28,104,123,20,97,64,4,101,111,36,127"/><U5/><E122/><V114/><F114/><W0/><G123/><N who="0" m="47179" /><D107/><U93/><E116/><V27/><F27/><W39/><G111/><T59/><D74/><U53/><E112/><V35/><F35/><W54/><G127/><T117/><D117/><U81/><E126/><V29/><F29/><W1/><G64/><T51/><D115/><U55/><E106/><V68/><F68/><W37/><G101/><T94/><D9/><U96/><E33/><V92/><F15/><W40/><G40/><T110/><D110/><U46/><E10/><V72/><F72/><W85/><G4/><N who="0" m="1579" /><D128/><U98/><E81/><V75/><F82/><W129/><G129/><T70/><D70/><U134/><E96/><V12/><F75/><W13/><G85/><T73/><D73/><U44/><E134/><V14/><F78/><W84/><G84/><T118/><D118/><U125/><E125/><V18/><F18/><W87/><G87/><T89/><D133/><U34/><E34/><V135/><F135/><W26/><REACH who="3" step="1"/><G13/><REACH who="3" ten="235,291,237,227" step="2"/><T25/><D65/><U105/><E105/><V17/><F17/><W66/><G66/><T86/><D25/><U83/><E83/><V108/><F108/><W90/><G90/><T124/><D124/><U132/><E132/><V32/><F32/><W22/><G22/><T99/><D86/><U11/><E11/><V71/><F71/><W69/><G69/><T130/><D130/><U49/><E23/><V62/><F77/><W131/><G131/><T67/><D67/><U91/><E102/><V31/><F76/><W2/><AGARI ba="1,1" hai="0,1,2,20,26,28,36,37,39,52,54,97,100,104" machi="2" ten="40,5200,0" yaku="1,1,0,1,54,1,53,0" doraHai="56" doraHaiUra="58" who="3" fromWho="3" sc="235,-14,291,-27,237,-14,227,65" /><INIT seed="2,0,0,3,5,28" ten="221,264,223,292" oya="2" hai0="115,48,7,51,39,116,110,118,125,81,1,126,49" hai1="108,111,75,47,2,67,17,131,3,8,127,63,103" hai2="97,37,44,18,113,124,0,98,36,25,31,88,92" hai3="15,117,14,122,55,41,94,129,79,69,43,9,34"/><V130/><F113/><W12/><G122/><T5/><D39/><U101/><E75/><V95/><F0/><W106/><G117/><N who="0" m="45163" /><D1/><N who="1" m="11" /><E47/><V20/><F124/><N who="0" m="47722" /><D115/><U120/><E127/><V61/><F130/><W134/><G134/><T32/><D110/><N who="1" m="42027" /><E131/><V114/><F114/><W89/><G106/><T27/><D81/><U132/><E132/><V82/><F61/><W85/><G129/><T56/><D56/><N who="1" m="37351" /><E120/><V87/><F44/><W78/><G69/><T52/><D52/><U73/><E73/><V70/><F70/><W119/><G119/><T59/><D59/><U24/><E8/><V21/><F82/><W6/><G55/><T102/><D102/><U42/><E42/><V86/><F37/><W30/><G43/><T76/><D76/><U83/><E83/><V45/><F45/><W112/><G41/><T29/><AGARI ba="0,0" hai="5,7,27,29,32,48,49,51" m="47722,45163" machi="29" ten="40,5200,0" yaku="12,1,18,1,52,1" doraHai="28" who="0" fromWho="0" sc="221,52,264,-13,223,-26,292,-13" /><INIT seed="3,0,0,1,0,1" ten="273,251,197,279" oya="3" hai0="25,18,56,133,99,41,19,26,9,20,85,50,79" hai1="116,119,3,100,61,76,65,80,130,16,60,51,44" hai2="127,112,53,84,22,40,106,101,135,93,83,59,34" hai3="63,35,91,108,10,42,62,114,54,125,89,69,113"/><W66/><G35/><T131/><D131/><U78/><E130/><V90/><F34/><W48/><G125/><T29/><D133/><U4/><E100/><V13/><F112/><W6/><G108/><T87/><D79/><N who="1" m="30251" /><E44/><V55/><F127/><W104/><G104/><T30/><D99/><U102/><E102/><V95/><F135/><W86/><G42/><T70/><D70/><U123/><E123/><V117/><F117/><N who="1" m="45129" /><E80/><V72/><F40/><W82/><G91/><T31/><D56/><U122/><E122/><V0/><F0/><W67/><G63/><T57/><D57/><U39/><E39/><V73/><F55/><W105/><G67/><T121/><D121/><U75/><E75/><V118/><F118/><W58/><REACH who="3" step="1"/><G105/><REACH who="3" ten="273,251,197,269" step="2"/><T68/><D41/><U74/><E65/><V21/><F106/><W27/><G27/><T107/><D107/><U5/><E74/><V120/><F120/><W12/><AGARI ba="0,1" hai="6,10,12,48,54,58,62,66,69,82,86,89,113,114" machi="12" ten="20,12000,1" yaku="1,1,0,1,7,1,52,1,53,1" doraHai="1" doraHaiUra="7" who="3" fromWho="3" sc="273,-40,251,-40,197,-40,269,130" /><INIT seed="3,1,0,4,3,69" ten="233,211,157,399" oya="3" hai0="7,15,75,9,24,64,8,59,100,0,111,116,29" hai1="43,12,82,16,66,23,35,134,98,88,70,50,36" hai2="72,44,117,39,130,76,48,127,113,2,4,5,86" hai3="74,119,83,58,106,109,45,30,46,132,93,56,126"/><W41/><G106/><T28/><D75/><U3/><E3/><V20/><F117/><W54/><G119/><T115/><D116/><U61/><E35/><V32/><F113/><W78/><G126/><T13/><D100/><U73/><E134/><V14/><F32/><W97/><G132/><T62/><D115/><U22/><E73/><V125/><F130/><W49/><G109/><T40/><D111/><U21/><E50/><V121/><F121/><W95/><G30/><T67/><D0/><U52/><E52/><N who="2" m="29703" /><F2/><W68/><G68/><T71/><D40/><U11/><E43/><V42/><F72/><W53/><G95/><T31/><D71/><U77/><E77/><V57/><F57/><W91/><REACH who="3" step="1"/><G54/><REACH who="3" ten="233,211,157,389" step="2"/><T80/><D80/><U79/><E82/><N who="2" m="47431" /><F20/><W99/><G99/><T92/><D92/><U123/><E123/><V90/><F90/><W55/><G55/><T104/><D104/><U6/><E79/><V120/><F120/><W84/><G84/><T89/><D89/><U107/><E107/><V96/><F96/><W128/><G128/><T18/><D67/><U81/><E81/><V38/><F42/><W37/><AGARI ba="1,1" hai="37,41,45,46,49,53,56,58,74,78,83,91,93,97" machi="37" ten="20,7800,0" yaku="1,1,0,1,7,1,52,1,53,0" doraHai="69" doraHaiUra="110" who="3" fromWho="3" sc="233,-27,211,-27,157,-27,389,91" /><INIT seed="3,2,0,3,2,126" ten="206,184,130,480" oya="3" hai0="31,99,133,11,73,85,112,119,80,75,96,29,65" hai1="69,8,20,128,71,84,21,79,118,135,91,121,105" hai2="48,41,54,1,83,60,57,130,22,113,110,97,18" hai3="34,95,37,109,39,127,55,46,50,17,56,4,120"/><W44/><G120/><T43/><D11/><U94/><E121/><V124/><F1/><W62/><G34/><T14/><D14/><U108/><E105/><V72/><F113/><W3/><G127/><T59/><D59/><U33/><E33/><V100/><F124/><W88/><G109/><T74/><D65/><U103/><E108/><V64/><F110/><W102/><G102/><T92/><D43/><U115/><E115/><V98/><F130/><W15/><G4/><T101/><D29/><U132/><E8/><V47/><F72/><W58/><G3/><T24/><D24/><U93/><E79/><V52/><F83/><W87/><G39/><T125/><D31/><U32/><E32/><V106/><REACH who="2" step="1"/><F98/><REACH who="2" ten="206,184,120,480" step="2"/><W116/><G116/><T77/><D125/><U23/><E118/><V78/><F78/><W13/><G37/><T76/><D119/><U63/><E128/><V45/><F45/><N who="3" m="17515" /><G17/><T82/><D112/><U40/><E40/><V19/><F19/><W28/><G28/><T67/><D67/><AGARI ba="2,1" hai="13,15,50,55,56,58,62,67,87,88,95" m="17515" machi="67" ten="30,2900,0" yaku="8,1,54,1" doraHai="126" who="3" fromWho="0" sc="206,-35,184,0,120,0,480,45" /><INIT seed="3,3,0,3,1,25" ten="171,184,120,525" oya="3" hai0="92,70,33,52,18,111,86,122,98,61,14,105,66" hai1="94,32,21,95,19,83,20,50,69,75,44,39,0" hai2="41,112,115,110,30,134,7,43,73,24,23,27,123" hai3="57,54,51,17,11,34,63,77,72,127,46,68,38"/><W133/><G34/><T100/><D111/><U3/><E69/><V106/><F106/><W13/><G127/><T62/><D122/><U132/><E132/><V135/><F73/><W116/><G116/><T15/><D15/><U48/><E39/><V49/><F110/><W2/><G133/><N who="2" m="50697" /><F123/><W55/><G2/><T107/><D86/><U129/><E32/><V128/><F128/><W102/><G102/><T31/><D61/><U1/><E129/><V6/><F49/><N who="1" m="19049" /><E75/><V28/><F43/><W78/><G72/><T131/><D52/><U36/><E36/><V93/><F93/><N who="1" m="35337" /><E19/><V65/><F65/><N who="3" m="41023" /><G55/><T126/><D126/><U4/><E4/><N who="2" m="1579" /><F41/><AGARI ba="3,0" hai="11,13,17,38,41,46,51,54,57,77,78" m="41023" machi="41" ten="30,1500,0" yaku="24,1" doraHai="25" who="3" fromWho="2" sc="171,0,184,0,120,-24,525,24" /><INIT seed="3,4,0,3,3,10" ten="171,184,96,549" oya="3" hai0="46,23,52,38,133,77,119,3,127,29,31,53,20" hai1="62,91,55,68,130,32,45,96,75,122,1,109,8" hai2="132,74,112,54,123,16,5,78,104,15,95,2,27" hai3="12,100,87,58,14,80,94,57,120,126,98,51,117"/><W26/><G117/><T105/><D105/><U36/><E122/><V50/><F104/><W102/><G120/><T37/><D3/><U41/><E32/><V73/><F123/><W59/><G126/><T22/><D119/><U18/><E109/><V114/><F132/><W124/><G124/><T40/><D127/><U85/><E130/><V116/><F27/><W134/><G134/><T108/><D133/><U103/><E75/><V30/><F116/><W131/><G131/><T21/><D108/><U24/><E1/><V118/><F30/><W67/><G26/><T82/><D38/><U49/><E103/><V76/><F118/><W39/><G39/><T33/><D33/><U70/><E96/><V19/><F2/><W79/><G102/><T81/><N who="0" m="5632" /><DORA hai="25" /><T83/><REACH who="0" step="1"/><D77/><REACH who="0" ten="161,184,96,549" step="2"/><U111/><E111/><V135/><F135/><W9/><G79/><T34/><D34/><U60/><E24/><V35/><F35/><W90/><G9/><T47/><D47/><N who="1" m="28095" /><E8/><V7/><F78/><W48/><G67/><T4/><D4/><U86/><E18/><V28/><F76/><W69/><G69/><N who="1" m="26730" /><E91/><V97/><F74/><W0/><G0/><T56/><D56/><U61/><E86/><V93/><F73/><W92/><G59/><T107/><D107/><U64/><E85/><V128/><F97/><W125/><G125/><T84/><D84/><U101/><E101/><V115/><F115/><W63/><G87/><T110/><D110/><U89/><E89/><V6/><F114/><W71/><G100/><T66/><D66/><AGARI ba="4,1" hai="36,41,45,60,61,62,64,66" m="26730,28095" machi="66" ten="30,8000,1" yaku="35,5" doraHai="10,25" who="1" fromWho="0" sc="161,-92,184,102,96,0,549,0" /><INIT seed="4,0,0,0,5,18" ten="69,286,96,549" oya="0" hai0="107,135,13,59,116,23,37,101,133,19,15,79,99" hai1="20,65,2,110,134,8,72,112,115,63,77,3,117" hai2="31,56,28,86,131,83,109,100,55,73,41,102,93" hai3="85,44,49,91,82,103,42,75,11,118,124,92,64"/><T16/><D37/><U25/><E110/><V4/><F109/><W48/><G118/><T39/><D39/><U120/><E120/><V43/><F73/><W74/><G124/><T125/><D116/><U95/><E117/><V26/><F131/><W47/><G64/><T6/><D125/><U60/><E134/><V54/><F4/><W90/><G11/><T24/><D79/><U53/><E8/><V81/><F93/><W52/><G103/><T68/><D68/><U97/><E77/><V58/><F26/><W111/><G111/><T21/><D6/><U0/><E72/><V113/><F113/><N who="1" m="43593" /><E53/><V128/><F128/><W71/><G71/><T127/><D127/><U132/><E65/><V105/><F105/><W126/><G126/><T67/><D24/><U36/><E36/><V5/><F5/><W51/><G48/><T104/><D104/><U27/><E27/><V9/><F9/><W88/><G90/><T29/><D29/><N who="1" m="17575" /><E132/><V22/><F86/><AGARI ba="0,0" hai="42,44,47,49,51,52,74,75,82,85,86,88,91,92" machi="86" ten="30,3900,0" yaku="7,1,54,2" doraHai="18" who="3" fromWho="2" sc="69,0,286,0,96,-39,549,39" /><INIT seed="5,0,0,0,0,20" ten="69,286,57,588" oya="1" hai0="46,127,39,107,65,89,128,110,133,112,50,53,16" hai1="8,44,66,105,120,24,42,126,91,18,74,108,83" hai2="62,122,11,106,59,41,12,135,35,15,25,94,113" hai3="118,48,5,103,117,102,72,124,2,51,17,101,43"/><U75/><E120/><V78/><F106/><W54/><G72/><T125/><D107/><U6/><E105/><V121/><F135/><W30/><G30/><T132/><D110/><U109/><E66/><V27/><F113/><W131/><G124/><N who="0" m="47691" /><D112/><U96/><E126/><V28/><F41/><W56/><G131/><T116/><D116/><N who="3" m="44649" /><G17/><T0/><D0/><U114/><E114/><V123/><F78/><W22/><G22/><T68/><D89/><U60/><E60/><V63/><F94/><W40/><G5/><T115/><D115/><U31/><E18/><V37/><F37/><W67/><G2/><T13/><D39/><N who="1" m="21599" /><E91/><V84/><F84/><W9/><G9/><N who="0" m="6191" /><D128/><U99/><E83/><V71/><F71/><W130/><G130/><T80/><D80/><U92/><E92/><V69/><F69/><W90/><G90/><T134/><D65/><U33/><E99/><V1/><F63/><N who="3" m="38375" /><G48/><T73/><D68/><U104/><E96/><V98/><F98/><W119/><G119/><T86/><D86/><U77/><E77/><V93/><F93/><W38/><G38/><T26/><D73/><N who="1" m="27659" /><E104/><V70/><F70/><W4/><G4/><T79/><D79/><U87/><E87/><V95/><F95/><W10/><G10/><T85/><D85/><U58/><E58/><AGARI ba="0,0" hai="40,43,51,54,58,101,102,103" m="38375,44649" machi="58" ten="30,1000,0" yaku="12,1" doraHai="20" who="3" fromWho="1" sc="69,0,286,-10,57,0,588,10" /><INIT seed="6,0,0,4,2,19" ten="69,276,57,598" oya="2" hai0="53,7,75,15,117,58,32,123,50,67,64,52,73" hai1="46,106,101,112,41,109,87,23,34,95,114,55,120" hai2="115,131,57,43,116,129,128,39,0,126,63,6,88" hai3="48,125,82,133,113,36,118,37,5,66,71,68,22"/><V45/><F116/><W94/><G118/><T3/><D3/><U33/><E109/><V21/><F115/><N who="1" m="44073" /><E106/><V98/><F126/><W61/><G113/><T134/><D123/><U44/><E120/><V85/><F98/><W18/><G125/><T35/><D117/><U11/><E11/><V17/><F0/><W51/><G133/><T127/><D127/><U90/><E101/><V10/><F6/><W103/><G71/><T20/><D134/><U78/><E78/><V62/><F10/><W84/><G5/><T86/><D7/><U12/><E55/><V96/><F96/><W65/><G65/><T76/><D86/><U30/><E46/><V99/><F99/><W54/><G51/><T105/><D105/><U24/><E12/><N who="2" m="9383" /><F57/><W47/><G94/><AGARI ba="0,0" hai="39,43,45,62,63,85,88,94,128,129,131" m="9383" machi="94" ten="30,5800,0" yaku="19,1,52,1,54,1" doraHai="19" who="2" fromWho="3" sc="69,0,276,0,57,58,598,-58" /><INIT seed="6,1,0,2,2,47" ten="69,276,115,540" oya="2" hai0="119,75,82,87,85,77,23,69,8,5,94,126,4" hai1="19,45,105,3,52,125,73,100,124,10,0,37,98" hai2="67,46,29,93,55,96,97,131,103,133,130,43,7" hai3="50,128,111,134,31,60,42,26,68,9,40,118,33"/><V41/><F7/><W66/><G111/><T35/><D35/><U129/><E73/><V116/><F116/><W36/><G118/><T109/><D69/><U114/><E114/><V86/><F29/><W11/><G128/><N who="2" m="49193" /><F67/><W65/><G134/><T21/><D126/><U84/><E129/><V22/><F133/><W30/><G36/><T32/><D109/><U110/><E110/><V15/><F86/><W79/><G79/><T115/><D32/><U34/><E34/><V14/><F22/><W92/><G92/><T112/><D119/><U132/><E84/><V71/><F71/><W107/><G107/><T127/><D127/><N who="1" m="48715" /><E132/><V120/><F120/><W135/><G135/><T16/><D23/><U123/><E123/><V121/><F121/><W24/><G33/><T51/><D115/><U57/><E45/><V99/><F55/><W106/><G106/><T108/><D112/><U1/><E37/><N who="2" m="21807" /><F43/><W18/><G68/><T90/><D108/><U48/><E19/><V76/><F76/><W104/><G18/><T80/><D75/><U72/><E72/><V27/><F27/><W83/><G26/><T70/><D70/><U17/><E17/><V49/><F49/><W2/><G50/><T78/><D51/><U63/><E63/><V28/><F28/><W38/><G60/><T59/><D59/><U58/><E58/><V122/><F122/><W20/><G31/><T56/><D56/><U54/><E54/><V88/><F103/><W74/><G30/><T81/><D8/><AGARI ba="1,0" hai="0,1,3,8,10,48,52,57,98,100,105" m="48715" machi="8" ten="40,5200,0" yaku="18,1,52,1,54,1" doraHai="47" who="1" fromWho="0" sc="69,-55,276,55,115,0,540,0" /><INIT seed="7,0,0,2,1,118" ten="14,331,115,540" oya="3" hai0="37,41,1,63,16,12,4,114,64,17,8,26,132" hai1="100,57,9,75,135,68,128,32,46,126,28,117,72" hai2="79,99,71,65,107,109,101,30,34,7,120,15,42" hai3="108,36,76,60,131,66,73,81,23,67,33,61,0"/><W134/><G33/><T96/><D41/><U83/><E117/><V84/><F109/><W93/><G0/><T102/><D37/><U53/><E68/><V48/><F7/><W80/><G36/><T103/><D132/><U22/><E32/><V59/><F15/><W62/><G134/><T98/><D114/><U88/><E135/><V51/><F120/><W110/><G131/><T21/><D1/><U74/><E128/><V56/><F42/><W127/><G127/><T111/><D111/><N who="3" m="42537" /><G93/><T91/><D91/><U6/><E100/><V92/><F51/><W121/><G121/><T119/><D119/><U115/><E115/><V85/><F48/><W43/><G43/><T97/><REACH who="0" step="1"/><D4/><REACH who="0" ten="4,331,115,540" step="2"/><U124/><E124/><V123/><F123/><W2/><G2/><T104/><D104/><U58/><E126/><V95/><F107/><W90/><G90/><T24/><D24/><U10/><E6/><V38/><F38/><W39/><G39/><T27/><D27/><U130/><E130/><V78/><F101/><W44/><G76/><T40/><D40/><U129/><E129/><V47/><F79/><W94/><G73/><T49/><D49/><U25/><E88/><V11/><F78/><W20/><G62/><T18/><D18/><U14/><E28/><V54/><F30/><W35/><G61/><T69/><D69/><U29/><E72/><V106/><F71/><W70/><G60/><T113/><D113/><U87/><E74/><V52/><F106/><W77/><G70/><T82/><D82/><U3/><E75/><V13/><F95/><W31/><G94/><RYUUKYOKU ba="0,1" sc="4,30,331,-10,115,-10,540,-10" hai0="8,12,16,17,21,26,63,64,96,97,98,102,103" owari="34,-47.0,321,12.0,105,-29.0,540,64.0" /></mjloggm>