<mjloggm ver="2.3"><GO type="169" lobby="0"/><UN n0="%E3%82%A6%E3%83%AB%E3%83%88%E3%83%A9%E7%AB%8B%E7%9B%B4" n1="%E2%98%85%E9%9B%80%E9%AC%BC%E7%99%BE%E7%80%AC%E2%98%85" n2="%4B%E3%80%82" n3="%28%E3%80%8C%EF%BF%A3%D0%94%EF%BF%A3%29%E3%80%8C" dan="17,18,16,16" rate="2205.76,2167.69,2127.00,2039.25" sx="M,M,M,F"/><TAIKYOKU oya="0"/><INIT seed="0,0,0,4,0,75" ten="250,250,250,250" oya="0" hai0="88,42,134,10,36,2,38,5,102,91,13,78,51" hai1="50,57,28,122,131,113,30,58,48,92,3,63,77" hai2="45,93,27,46,35,112,95,47,87,86,123,61,23" hai3="73,72,90,129,12,59,54,107,49,133,71,19,24"/><T31/><D134/><U96/><E122/><V62/><F112/><W80/><G71/><T44/><D102/><U43/><E3/><V56/><F35/><W99/><G129/><T79/><D2/><U114/><E131/><V29/><F123/><W11/><G24/><T103/><D103/><U0/><E0/><V1/><F1/><W82/><G107/><T85/><D91/><U70/><E70/><V64/><REACH who="2" step="1"/><F62/><REACH who="2" ten="250,250,240,250" step="2"/><W52/><G133/><T7/><D7/><U115/><E63/><V119/><F119/><W26/><G72/><T116/><D116/><U125/><E115/><V126/><F126/><W40/><G73/><T68/><D68/><U69/><E125/><V124/><F124/><W111/><G111/><T16/><D5/><U105/><E69/><V117/><F117/><W106/><G106/><T108/><D108/><U25/><E105/><V55/><F55/><W39/><G54/><T132/><D132/><U67/><E113/><V41/><F41/><W135/><G135/><T104/><D104/><U65/><E43/><V101/><F101/><W74/><G74/><T20/><D38/><U8/><E114/><V84/><AGARI ba="0,1" hai="23,27,29,45,46,47,56,61,64,84,86,87,93,95" machi="84" ten="30,4000,0" yaku="1,1,0,1,8,1,53,0" doraHai="75" doraHaiUra="120" who="2" fromWho="2" sc="250,-20,250,-10,240,50,250,-10" /><INIT seed="1,0,0,3,5,18" ten="230,240,290,240" oya="1" hai0="24,92,26,95,58,50,89,39,123,122,130,91,34" hai1="22,77,19,76,107,67,14,74,104,30,9,70,56" hai2="101,79,52,105,126,113,128,23,78,97,59,46,60" hai3="5,53,47,15,4,81,116,87,100,120,118,20,82"/><U3/><E70/><V117/><F117/><N who="3" m="45163" /><G120/><N who="0" m="46123" /><D39/><U2/><E2/><V42/><F128/><W96/><G47/><T80/><D80/><N who="3" m="30825" /><G53/><N who="0" m="32055" /><D34/><U99/><E74/><V131/><F131/><W88/><G96/><N who="0" m="57359" /><D130/><U132/><E132/><V54/><F113/><W125/><G100/><T62/><D62/><N who="1" m="38343" /><E107/><V8/><F126/><W65/><G125/><T55/><D55/><U124/><E124/><V106/><F106/><W102/><G65/><T0/><D0/><U11/><E3/><V121/><F121/><W7/><G102/><T32/><D32/><U108/><E104/><V110/><F54/><W73/><G73/><T28/><D28/><U16/><E30/><V129/><F129/><W43/><G43/><T69/><D69/><U64/><E64/><V57/><F57/><W127/><G127/><T41/><D41/><U10/><E99/><AGARI ba="0,0" hai="24,26,91,95,99" m="57359,32055,46123" machi="99" ten="30,1000,0" yaku="13,1" doraHai="18" who="0" fromWho="1" sc="230,10,240,-10,290,0,240,0" /><INIT seed="2,0,0,4,1,42" ten="240,230,290,240" oya="2" hai0="121,93,10,18,48,62,98,49,102,3,71,12,131" hai1="91,21,135,0,11,1,60,90,45,8,41,7,109" hai2="5,55,100,19,32,77,34,75,20,119,95,128,80" hai3="87,105,43,127,61,26,25,112,72,70,76,6,17"/><V84/><F119/><W52/><G105/><T103/><D121/><U97/><E109/><V2/><F128/><W85/><G72/><T23/><D131/><U35/><E35/><V53/><F2/><W51/><G127/><T9/><D103/><U123/><E135/><V106/><F5/><W133/><G133/><T129/><D129/><U15/><E123/><V33/><F106/><W58/><G6/><T74/><D74/><U126/><E126/><V113/><F113/><W4/><G4/><T46/><D3/><U22/><E0/><V116/><F116/><W40/><G70/><T81/><D49/><U122/><E122/><V13/><REACH who="2" step="1"/><F84/><REACH who="2" ten="240,230,280,240" step="2"/><W78/><G112/><T31/><D31/><U124/><E1/><V92/><F92/><W120/><G120/><T47/><D81/><U83/><E124/><V104/><F104/><W56/><G87/><T86/><D86/><U101/><E7/><V64/><F64/><N who="3" m="38951" /><G85/><T63/><D93/><U110/><E83/><V82/><F82/><W30/><G30/><T36/><D18/><U24/><E110/><V111/><F111/><W99/><G17/><T68/><D68/><U118/><E118/><V54/><F54/><W94/><G78/><T134/><D71/><U29/><E41/><N who="3" m="15946" /><G76/><T125/><D125/><U79/><E79/><V132/><F132/><W59/><G58/><T115/><D134/><U73/><E73/><V117/><F117/><W39/><G39/><T88/><D36/><U96/><E97/><AGARI ba="0,1" hai="13,19,20,32,33,34,53,55,75,77,80,95,97,100" machi="97" ten="40,2000,0" yaku="1,1,53,0" doraHai="42" doraHaiUra="69" who="2" fromWho="1" sc="240,0,230,-20,280,30,240,0" /><INIT seed="2,1,0,2,3,120" ten="240,210,310,240" oya="2" hai0="131,86,68,78,1,25,9,27,79,115,11,61,69" hai1="24,26,121,103,105,102,48,96,106,52,72,12,64" hai2="19,123,16,20,57,88,21,54,104,100,53,5,119" hai3="80,77,49,46,73,83,87,97,124,92,39,125,0"/><V36/><F123/><W34/><G34/><T76/><D115/><U37/><E121/><V13/><F119/><W38/><G0/><T58/><D131/><U66/><E37/><V4/><F36/><W117/><G117/><T90/><D68/><U112/><E72/><V127/><F127/><N who="3" m="48715" /><G39/><T41/><D69/><U29/><E112/><V18/><F18/><W8/><G8/><N who="0" m="3147" /><D41/><U42/><E42/><V107/><F88/><N who="3" m="55431" /><G38/><T111/><D111/><U114/><E12/><V7/><F100/><W135/><G135/><T101/><D101/><U109/><E114/><V31/><F31/><W23/><G23/><T14/><D14/><U133/><E133/><V98/><F98/><W99/><G99/><T122/><D122/><U75/><E96/><V113/><F113/><W94/><G94/><N who="0" m="54615" /><D1/><U33/><E33/><V50/><REACH who="2" step="1"/><F54/><AGARI ba="1,0" hai="25,27,54,58,61,76,78,79" m="54615,3147" machi="54" ten="30,1000,0" yaku="8,1" doraHai="120" who="0" fromWho="2" sc="240,13,210,0,310,-13,240,0" /><INIT seed="3,0,0,0,4,118" ten="253,210,297,240" oya="3" hai0="45,106,22,71,26,109,88,4,72,97,75,0,9" hai1="40,85,103,29,117,79,58,126,108,110,115,101,2" hai2="94,62,59,6,90,27,74,68,49,35,15,128,8" hai3="89,48,92,107,131,67,112,55,65,114,87,54,124"/><W44/><G107/><T133/><D71/><U20/><E2/><V91/><F74/><W17/><G124/><T104/><D133/><U19/><E115/><V12/><F128/><W57/><G131/><T11/><D109/><U135/><E135/><V36/><F36/><W84/><G114/><T51/><D11/><U102/><E126/><V18/><F68/><W60/><G112/><T30/><D106/><U100/><E117/><V66/><F35/><W34/><G34/><T83/><D104/><U14/><N who="1" m="25600" /><DORA hai="121" /><U37/><E29/><V130/><F130/><W63/><G63/><T41/><REACH who="0" step="1"/><D83/><REACH who="0" ten="243,210,297,240" step="2"/><U73/><E108/><V16/><F94/><AGARI ba="0,1" hai="0,4,9,22,26,30,41,45,51,72,75,88,94,97" machi="94" ten="40,5200,0" yaku="1,1,2,1,54,1,53,0" doraHai="118,121" doraHaiUra="56,125" who="0" fromWho="2" sc="243,62,210,0,297,-52,240,0" /><INIT seed="4,0,0,4,4,11" ten="305,210,245,240" oya="0" hai0="15,98,74,78,121,40,19,27,75,114,129,104,102" hai1="32,36,135,42,128,132,94,100,69,37,20,17,109" hai2="58,30,119,56,107,50,81,21,59,87,62,0,18" hai3="44,23,117,92,68,54,10,130,113,51,1,125,47"/><T34/><D121/><U108/><E32/><V49/><F119/><W65/><G113/><T127/><D114/><U103/><E69/><V3/><F107/><W85/><G117/><T14/><D127/><U52/><E42/><V77/><F30/><W89/><G130/><T2/><D2/><U12/><E128/><V13/><F3/><W43/><G125/><T97/><D129/><U9/><E37/><V63/><REACH who="2" step="1"/><F0/><REACH who="2" ten="305,210,235,240" step="2"/><W28/><G1/><T46/><D104/><U122/><E108/><V16/><F16/><W72/><G28/><T48/><D34/><U25/><E109/><V60/><AGARI ba="0,1" hai="13,18,21,49,50,56,58,59,60,62,63,77,81,87" machi="60" ten="30,7900,0" yaku="1,1,0,1,8,1,52,1,53,0" doraHai="11" doraHaiUra="41" who="2" fromWho="2" sc="305,-39,210,-20,235,89,240,-20" /><INIT seed="5,0,0,3,3,49" ten="266,190,324,220" oya="1" hai0="65,26,110,114,88,14,35,115,91,78,131,130,51" hai1="77,68,133,118,111,86,132,94,100,5,27,74,93" hai2="7,19,57,9,73,127,129,44,70,36,0,39,58" hai3="108,23,11,3,45,4,84,80,113,134,47,106,46"/><U89/><E68/><V135/><F70/><W62/><G108/><T30/><D65/><U6/><E111/><V64/><F39/><W20/><G106/><T125/><D110/><U29/><E118/><V85/><F85/><W66/><G134/><N who="1" m="51818" /><E74/><V72/><F135/><W13/><G113/><N who="0" m="43019" /><D125/><U21/><E77/><V41/><F127/><W96/><G96/><AGARI ba="0,0" hai="5,6,21,27,29,86,89,93,94,96,100" m="51818" machi="96" ten="30,1500,0" yaku="20,1" doraHai="49" who="1" fromWho="3" sc="266,0,190,15,324,0,220,-15" /><INIT seed="5,1,0,4,3,113" ten="266,205,324,205" oya="1" hai0="4,116,66,84,1,124,123,105,44,117,83,119,69" hai1="39,101,45,18,95,125,59,118,2,61,8,108,49" hai2="89,3,38,41,122,10,102,115,56,5,24,81,26" hai3="63,48,33,16,57,21,106,20,15,7,88,135,93"/><U111/><E39/><V43/><F122/><W131/><G131/><T120/><D105/><U100/><E125/><V107/><F115/><W34/><G106/><T75/><D124/><U77/><E77/><V121/><F121/><N who="0" m="46666" /><D75/><U17/><E2/><V12/><F3/><W82/><G82/><T92/><D92/><U6/><E6/><V51/><F38/><W110/><G110/><N who="1" m="42026" /><E118/><V14/><F107/><W30/><G135/><T52/><D4/><U55/><E8/><N who="2" m="4111" /><F102/><N who="1" m="39529" /><E95/><V65/><F81/><W50/><G7/><T109/><D1/><U79/><E79/><V130/><F89/><W11/><G34/><T67/><D69/><U42/><AGARI ba="1,0" hai="17,18,42,45,49,55,59,61" m="39529,42026" machi="42" ten="30,1500,0" yaku="10,1" doraHai="113" who="1" fromWho="1" sc="266,-6,205,18,324,-6,205,-6" /><INIT seed="5,2,0,0,0,86" ten="260,223,318,199" oya="1" hai0="118,87,108,62,42,11,15,25,97,121,34,129,16" hai1="7,116,135,65,63,102,38,85,58,68,119,49,78" hai2="36,10,79,106,61,124,8,123,12,66,40,126,52" hai3="110,84,125,4,26,1,90,94,114,21,100,13,70"/><U120/><E120/><V54/><F106/><W88/><G110/><T92/><D118/><U50/><E7/><V98/><F98/><N who="3" m="59479" /><G70/><T53/><D108/><U101/><E101/><V105/><F105/><W80/><G125/><T28/><D87/><U131/><E102/><V81/><F123/><W111/><G111/><T71/><D42/><U20/><E20/><V33/><F33/><W133/><G133/><T48/><D121/><U27/><E27/><V55/><F36/><W83/><G114/><T31/><D129/><U122/><E122/><V57/><F40/><W19/><G1/><T113/><D113/><U2/><E2/><V5/><REACH who="2" step="1"/><F10/><REACH who="2" ten="260,223,308,199" step="2"/><N who="3" m="4295" /><G80/><T95/><D34/><U39/><E119/><V82/><F82/><W29/><G29/><T107/><D31/><U22/><E116/><V3/><F3/><W115/><G115/><T41/><D97/><U9/><E38/><V104/><F104/><W35/><G35/><T130/><D28/><U75/><E39/><V46/><F46/><W73/><G73/><AGARI ba="2,1" hai="5,8,12,52,54,55,57,61,66,73,79,81,124,126" machi="73" ten="40,5200,0" yaku="1,1,54,1,53,1" doraHai="86" doraHaiUra="59" who="2" fromWho="3" sc="260,0,223,0,308,68,199,-58" /><INIT seed="6,0,0,1,3,75" ten="260,223,376,141" oya="2" hai0="25,27,130,64,33,42,133,126,35,15,123,17,110" hai1="86,49,98,119,100,76,59,53,24,45,12,9,97" hai2="128,109,122,66,115,94,108,87,60,68,36,78,58" hai3="47,32,37,69,77,28,90,92,51,22,55,40,84"/><V93/><F122/><W120/><G69/><T134/><D64/><U88/><E119/><V113/><F128/><W95/><G120/><T103/><D103/><U63/><E24/><N who="0" m="9289" /><D42/><U44/><E100/><V65/><F36/><W29/><G32/><N who="0" m="12363" /><D123/><U11/><E11/><V4/><F4/><W52/><G22/><N who="0" m="11583" /><D110/><N who="2" m="42602" /><F66/><W111/><G111/><T38/><D38/><U54/><E76/><V5/><F58/><W13/><G13/><T74/><D74/><U91/><E45/><V6/><F93/><W118/><G118/><T26/><D130/><U70/><E70/><V34/><F94/><W127/><G127/><T8/><D126/><U135/><E135/><V112/><F34/><W81/><G95/><T72/><D72/><U41/><E41/><V114/><F112/><W19/><G19/><T105/><D105/><U31/><E91/><V62/><F62/><W102/><G102/><T46/><D46/><U10/><E88/><V85/><F85/><N who="3" m="50479" /><G37/><T116/><D116/><U67/><E86/><V56/><F68/><W124/><G124/><T1/><D26/><U21/><E97/><V14/><F87/><W18/><G18/><T7/><AGARI ba="0,0" hai="1,7,8,133,134" m="11583,12363,9289" machi="7" ten="40,2700,0" yaku="34,2" doraHai="75" who="0" fromWho="0" sc="260,27,223,-7,376,-13,141,-7" /><INIT seed="7,0,0,1,3,1" ten="287,216,363,134" oya="3" hai0="94,91,4,100,37,5,43,70,3,25,135,9,116" hai1="46,0,53,72,18,115,36,24,64,29,23,20,50" hai2="90,78,32,109,122,19,31,60,123,107,35,63,47" hai3="2,6,88,89,110,10,44,95,114,51,104,58,56"/><W130/><G104/><T82/><D70/><U105/><E72/><V65/><F109/><W119/><G119/><T131/><D116/><U30/><E105/><V16/><F78/><W77/><G77/><T76/><D100/><U26/><E0/><V28/><F47/><W87/><G130/><T67/><D67/><U99/><E115/><V134/><F107/><W21/><G114/><T14/><D135/><U66/><E36/><V11/><F11/><W17/><G110/><T120/><D120/><U12/><REACH who="1" step="1"/><E99/><REACH who="1" ten="287,206,363,134" step="2"/><V112/><F112/><W97/><G97/><T118/><D37/><U40/><E40/><V92/><F123/><W48/><G89/><T111/><D43/><U49/><E49/><V39/><F39/><W61/><G61/><T27/><D131/><U54/><E54/><V52/><F52/><W96/><G96/><T80/><D118/><U128/><E128/><V68/><F63/><W57/><REACH who="3" step="1"/><G44/><REACH who="3" ten="287,206,363,124" step="2"/><T129/><D129/><U69/><E69/><V121/><F122/><W133/><G133/><T86/><D76/><U71/><E71/><V117/><F134/><W126/><G126/><T101/><D111/><U33/><AGARI ba="0,2" hai="12,18,20,23,24,26,29,30,33,46,50,53,64,66" machi="33" ten="20,5200,0" yaku="1,1,0,1,7,1,53,1" doraHai="1" doraHaiUra="13" who="1" fromWho="1" sc="287,-13,206,72,363,-13,124,-26" owari="274,-13.0,278,8.0,350,45.0,98,-40.0" /></mjloggm>