<mjloggm ver="2.3"><GO type="97" lobby="0"/><UN n0="%E5%B0%B1%E6%B4%BB%E7%94%9F%40%E5%B7%9D%E6%9D%91%E8%BB%8D%E5%9B%A3" n1="%E3%83%88%E3%83%A0%E3%83%BC" n2="%E9%AB%8F%E3%80%85%E5%AE%AE%E3%82%AB%E3%83%AB%E3%82%BF" n3="%E8%A1%A8%E7%A4%BA%E3%81%AA%E3%81%97%E7%94%B7" dan="14,14,13,13" rate="1977.14,1914.31,1941.78,1839.36" sx="M,F,M,M"/><TAIKYOKU oya="0"/><INIT seed="0,0,0,4,5,17" ten="250,250,250,250" oya="0" hai0="100,82,70,102,42,65,12,43,112,101,111,19,75" hai1="117,5,83,134,108,9,55,110,132,121,18,62,95" hai2="14,94,47,77,20,64,0,84,98,60,37,130,35" hai3="15,57,114,34,97,103,128,76,31,109,40,131,27"/><T93/><D112/><U4/><E117/><V81/><F0/><W116/><G116/><T123/><D123/><U135/><E121/><V119/><F35/><W78/><G114/><T16/><D111/><N who="1" m="42539" /><E83/><V86/><F119/><W29/><G109/><T89/><D70/><U106/><E106/><V11/><F130/><N who="3" m="49707" /><G31/><T69/><D69/><U133/><N who="1" m="34304" /><DORA hai="66" /><U7/><E95/><V92/><F86/><W13/><G40/><N who="0" m="15403" /><D75/><U22/><E55/><V126/><F37/><W127/><G127/><T1/><D1/><N who="1" m="143" /><E62/><V51/><F60/><W124/><G124/><T87/><D65/><U54/><E54/><V96/><F64/><W115/><G115/><T44/><D44/><U6/><E6/><V91/><F47/><W10/><G57/><T21/><D19/><U104/><E104/><V26/><F126/><W67/><G67/><T36/><D36/><U28/><E28/><V85/><F81/><AGARI ba="0,0" hai="12,16,21,81,82,87,89,93,100,101,102" m="15403" machi="81" ten="30,5800,0" yaku="8,1,52,1,54,1" doraHai="17,66" who="0" fromWho="2" sc="250,58,250,0,250,-58,250,0" /><INIT seed="0,1,0,4,5,114" ten="308,250,192,250" oya="0" hai0="70,44,33,30,121,37,9,76,77,26,62,93,58" hai1="27,40,64,87,24,0,25,14,115,128,20,86,111" hai2="104,113,54,135,98,88,13,5,51,48,89,85,109" hai3="65,52,36,57,55,72,132,45,99,90,61,49,4"/><T41/><D121/><U79/><E115/><V56/><F113/><W35/><G35/><T32/><D70/><U16/><E111/><V10/><F109/><W103/><G72/><T124/><D124/><U15/><E128/><V97/><F135/><W3/><G132/><T131/><D131/><U122/><E122/><V83/><F104/><W119/><G36/><T69/><D69/><U91/><E0/><V120/><F120/><W2/><G119/><T1/><D1/><U127/><E127/><V68/><F68/><W66/><G66/><T95/><D32/><U19/><E64/><V129/><F129/><W82/><G4/><T18/><D18/><U67/><E67/><V34/><F34/><W100/><G65/><T17/><D17/><U47/><E79/><V130/><F130/><W123/><G123/><T60/><D60/><U117/><E117/><V101/><F101/><W84/><REACH who="3" step="1"/><G103/><REACH who="3" ten="308,250,192,240" step="2"/><T112/><D112/><U75/><E75/><V134/><F134/><W81/><G81/><T6/><D6/><U28/><E28/><V22/><F89/><W38/><G38/><T133/><D37/><U31/><E31/><V42/><REACH who="2" step="1"/><F22/><REACH who="2" ten="308,250,182,240" step="2"/><W39/><G39/><T126/><D133/><U29/><E29/><V107/><F107/><AGARI ba="1,2" hai="2,3,45,49,52,55,57,61,82,84,90,99,100,107" machi="107" ten="30,7700,0" yaku="1,1,7,1,54,1,53,1" doraHai="114" doraHaiUra="78" who="3" fromWho="2" sc="308,0,250,0,182,-80,240,100" /><INIT seed="1,0,0,1,4,10" ten="308,250,102,340" oya="1" hai0="28,70,86,57,19,118,87,92,12,105,112,119,54" hai1="44,45,66,18,1,109,127,30,48,130,114,50,22" hai2="39,97,49,82,133,65,15,128,81,4,51,85,72" hai3="42,29,40,41,124,52,67,100,69,95,7,115,102"/><U25/><E114/><V21/><F39/><W58/><G115/><T121/><D105/><U64/><E127/><V11/><F133/><W110/><G124/><T91/><D121/><U123/><E123/><V6/><F128/><W56/><G69/><T113/><D70/><U23/><E130/><V3/><F65/><W63/><G110/><T47/><D47/><U88/><E1/><V73/><F72/><W34/><G7/><T94/><D28/><U26/><E109/><V107/><F107/><W75/><G75/><T36/><D36/><U79/><E79/><V90/><F97/><W55/><G95/><T135/><D135/><U104/><E104/><V80/><F73/><W59/><G59/><T14/><D113/><U38/><E38/><V76/><F76/><W61/><G67/><T37/><D37/><U134/><E134/><V108/><F108/><W106/><G106/><T71/><D71/><U17/><E30/><V83/><REACH who="2" step="1"/><F21/><REACH who="2" ten="308,250,92,340" step="2"/><W2/><G34/><T20/><D112/><U93/><E93/><V0/><F0/><W60/><G2/><T13/><D118/><U103/><E103/><N who="3" m="39466" /><G29/><T120/><D119/><U33/><E33/><V98/><F98/><W74/><G74/><T24/><D120/><U77/><E77/><V101/><F101/><W111/><G111/><T131/><D131/><U89/><AGARI ba="0,1" hai="17,18,22,23,25,26,44,45,48,50,64,66,88,89" machi="89" ten="25,12000,1" yaku="0,1,22,2,8,1,54,1" doraHai="10" who="1" fromWho="1" sc="308,-40,250,130,92,-40,340,-40" /><INIT seed="1,1,0,1,3,102" ten="268,380,52,300" oya="1" hai0="44,100,48,28,91,10,105,59,112,0,1,111,123" hai1="57,107,19,46,96,104,92,132,129,67,55,43,109" hai2="14,9,83,127,72,20,49,37,16,97,118,24,74" hai3="54,30,62,23,41,119,42,125,76,38,56,94,103"/><U82/><E132/><V101/><F118/><W36/><G119/><T89/><D112/><U121/><E121/><V18/><F37/><W120/><G120/><T114/><D114/><U84/><E129/><V39/><F39/><W21/><G76/><T130/><D123/><U87/><E67/><V11/><F127/><W75/><G75/><T32/><D130/><U61/><E109/><V124/><F124/><W65/><G125/><T133/><D133/><U47/><E19/><V7/><F49/><W134/><G134/><T77/><D111/><U116/><E116/><V88/><F101/><W135/><G135/><T108/><D108/><U115/><E115/><V66/><F66/><W35/><G38/><T80/><D32/><U45/><E43/><N who="3" m="16394" /><G35/><T117/><D28/><U5/><E5/><V81/><F83/><W52/><G36/><T27/><D117/><U68/><E68/><V98/><F98/><N who="3" m="59863" /><G30/><T99/><D27/><U29/><E29/><V60/><F60/><W110/><G110/><T2/><D59/><U33/><E33/><V78/><F78/><W85/><G85/><T53/><REACH who="0" step="1"/><D10/><REACH who="0" ten="258,380,52,300" step="2"/><U113/><E113/><V95/><REACH who="2" step="1"/><F81/><REACH who="2" ten="258,380,42,300" step="2"/><W122/><G122/><T69/><D69/><U13/><E82/><V22/><F22/><AGARI ba="1,2" hai="21,22,23,52,54,56,62,65" m="59863,16394" machi="22" ten="30,2000,0" yaku="8,1,54,1" doraHai="102" who="3" fromWho="2" sc="258,0,380,0,42,-23,300,43" /><INIT seed="2,0,0,3,0,86" ten="258,380,19,343" oya="2" hai0="14,44,57,72,46,106,48,121,115,40,9,38,56" hai1="83,102,110,17,37,82,117,74,32,22,25,90,131" hai2="75,45,109,35,100,49,118,62,105,126,85,104,122" hai3="19,7,91,93,21,70,51,41,67,134,39,80,5"/><V24/><F118/><W73/><G39/><T112/><D106/><U98/><E117/><V30/><F122/><W76/><G134/><T58/><D72/><U133/><E37/><V127/><F75/><W36/><G36/><T116/><D116/><U16/><E133/><V125/><F62/><W129/><G129/><T113/><D14/><U6/><E131/><V34/><F109/><W114/><G114/><T69/><D9/><U77/><E32/><V31/><F85/><W66/><G70/><T135/><D135/><U33/><E33/><V63/><F63/><W23/><G23/><T4/><D4/><U89/><E83/><V53/><REACH who="2" step="1"/><F100/><REACH who="2" ten="258,380,9,343" step="2"/><W84/><G73/><T3/><D121/><U99/><E110/><V61/><F61/><W71/><G84/><T55/><D3/><U59/><E98/><V132/><F132/><W81/><G71/><AGARI ba="0,1" hai="38,40,44,46,48,55,56,57,58,69,71,112,113,115" machi="71" ten="50,6400,0" yaku="34,3" doraHai="86" who="0" fromWho="3" sc="258,74,380,0,9,0,343,-64" /><INIT seed="3,0,0,3,3,103" ten="332,380,9,279" oya="3" hai0="66,87,31,108,62,88,15,70,129,8,135,95,132" hai1="113,30,0,127,114,53,54,12,24,50,124,116,118" hai2="47,34,19,7,2,71,122,36,38,96,65,10,101" hai3="112,51,125,55,60,44,75,21,85,117,133,128,17"/><W69/><G112/><N who="1" m="43114" /><E0/><V99/><F99/><W121/><G121/><T26/><D129/><U25/><E12/><V22/><F47/><W120/><G120/><T5/><REACH who="0" step="1"/><D108/><REACH who="0" ten="322,380,9,279" step="2"/><U79/><E116/><V105/><F22/><AGARI ba="0,1" hai="5,8,15,22,26,31,62,66,70,87,88,95,132,135" machi="22" ten="40,8000,1" yaku="1,1,2,1,54,1,53,1" doraHai="103" doraHaiUra="3" who="0" fromWho="2" sc="322,90,380,0,9,-80,279,0" owari="412,51.0,380,18.0,-71,-57.0,279,-12.0" /></mjloggm>