<mjloggm ver="2.3"><GO type="97" lobby="0"/><UN n0="%71%75%61%69%6C" n1="%E3%82%A6%E3%83%AB%E3%83%88%E3%83%A9%E7%AB%8B%E7%9B%B4" n2="%E3%81%A1%E3%82%8A%E3%81%A1%E3%82%8A%38" n3="%70%65%61%63%65%36%39" dan="14,13,13,14" rate="1854.89,1867.27,1836.78,1887.66" sx="M,M,M,M"/><TAIKYOKU oya="0"/><INIT seed="0,0,0,2,2,35" ten="250,250,250,250" oya="0" hai0="111,5,6,34,11,44,26,63,66,80,20,56,91" hai1="13,128,9,71,25,87,8,130,112,94,42,62,109" hai2="29,48,79,28,122,24,0,55,85,77,38,2,41" hai3="7,99,37,107,31,50,39,70,88,126,73,36,12"/><T47/><D34/><U93/><E109/><V100/><F122/><W106/><G70/><T75/><D111/><U125/><E112/><V59/><F100/><W74/><G31/><T108/><D108/><U104/><E104/><V83/><F79/><W82/><G126/><T69/><D69/><U45/><E125/><V121/><F121/><W53/><G7/><T68/><D68/><U16/><E25/><V135/><F135/><W61/><G61/><T95/><D80/><U124/><E124/><V96/><F96/><W23/><G107/><T90/><D75/><U134/><E134/><V43/><F41/><W52/><G106/><T32/><D32/><U86/><E9/><V64/><F64/><W97/><G97/><N who="0" m="57591" /><D91/><U133/><E133/><V110/><F110/><W22/><G22/><T103/><D103/><U129/><E93/><V120/><F120/><W19/><G53/><T18/><D11/><U119/><E94/><V76/><F77/><W10/><G10/><T58/><D58/><U30/><E119/><V118/><F118/><W15/><G82/><T14/><D14/><U40/><E40/><V54/><F29/><W101/><G12/><T105/><D105/><U21/><E30/><V46/><F55/><W72/><G101/><T92/><D92/><U115/><E8/><V81/><F81/><W1/><G73/><T49/><D49/><N who="1" m="26807" /><E115/><V27/><F27/><W33/><G74/><T132/><D132/><U4/><E4/><AGARI ba="0,0" hai="4,5,6,18,20,26,44,47,56,63,66" m="57591" machi="4" ten="30,1500,0" yaku="8,1" doraHai="35" who="0" fromWho="1" sc="250,15,250,-15,250,0,250,0" /><INIT seed="0,1,0,3,0,75" ten="265,235,250,250" oya="0" hai0="27,100,121,0,23,52,114,37,128,123,18,32,13" hai1="5,12,84,15,63,30,125,117,39,98,57,45,102" hai2="38,87,47,54,56,46,43,83,89,92,91,111,119" hai3="62,133,77,4,67,29,9,11,28,126,21,10,6"/><T81/><D114/><U127/><E117/><V41/><F119/><W130/><G126/><N who="1" m="48138" /><E30/><N who="3" m="11882" /><G133/><T88/><D0/><U103/><E84/><V48/><F111/><W1/><G1/><T95/><D37/><U65/><E5/><N who="3" m="2154" /><G130/><T19/><D128/><U40/><E103/><V22/><F22/><W104/><G104/><AGARI ba="1,0" hai="12,15,39,40,45,57,63,65,98,102,104" m="48138" machi="104" ten="30,1000,0" yaku="18,1" doraHai="75" who="1" fromWho="3" sc="265,0,235,13,250,0,250,-13" /><INIT seed="1,0,0,5,2,130" ten="265,248,250,237" oya="1" hai0="78,90,96,124,110,102,120,127,118,27,16,47,103" hai1="51,109,46,86,70,7,115,121,19,79,66,84,57" hai2="60,37,5,35,10,33,95,65,28,9,74,3,132" hai3="99,23,64,18,69,126,113,131,11,73,88,107,75"/><U114/><E70/><V34/><F74/><W15/><G113/><T48/><D118/><U93/><E121/><V44/><F132/><W62/><G126/><T77/><D120/><U68/><E68/><N who="2" m="42023" /><F95/><W50/><G131/><T0/><D0/><U13/><E109/><V63/><F10/><W20/><G50/><T41/><D110/><U89/><E7/><V111/><F63/><W87/><G107/><T129/><D129/><U117/><E117/><V6/><F6/><W14/><G23/><N who="0" m="13799" /><D90/><U134/><E134/><V1/><F1/><W58/><G69/><T31/><D31/><U56/><E114/><V92/><F92/><W49/><G49/><T53/><D41/><N who="1" m="25039" /><E66/><V54/><F54/><W32/><G99/><T125/><D102/><U30/><E30/><V81/><F81/><W42/><G42/><T25/><D25/><U12/><E115/><V97/><F97/><W82/><G32/><T17/><D17/><AGARI ba="0,0" hai="11,14,15,17,18,20,58,62,64,73,75,82,87,88" machi="17" ten="30,2000,0" yaku="7,1,54,1" doraHai="130" who="3" fromWho="0" sc="265,-20,248,0,250,0,237,20" /><INIT seed="2,0,0,1,1,90" ten="245,248,250,257" oya="2" hai0="16,47,109,108,118,26,48,79,88,19,103,112,55" hai1="111,70,110,120,50,133,101,37,95,83,18,69,93" hai2="54,91,52,72,27,135,80,22,73,24,107,32,34" hai3="131,65,11,35,85,31,104,58,46,127,28,38,81"/><V30/><F107/><W15/><G104/><T7/><D112/><U23/><E37/><V74/><F135/><W82/><G127/><T2/><D103/><U134/><E83/><V14/><F14/><W130/><G35/><T39/><D79/><U17/><E50/><V124/><F124/><W45/><G38/><T63/><D118/><U98/><E120/><V4/><F4/><W89/><G81/><T132/><D132/><N who="1" m="50795" /><E18/><V67/><F67/><W9/><G65/><T113/><D113/><U60/><E60/><V25/><F32/><W13/><G58/><T119/><D119/><U36/><E36/><V129/><F129/><N who="3" m="49163" /><G82/><T128/><D128/><U92/><E70/><V87/><REACH who="2" step="1"/><F27/><REACH who="2" ten="245,248,240,257" step="2"/><W8/><G15/><T56/><D7/><U71/><E71/><V105/><F105/><W126/><G126/><T102/><D2/><U66/><E66/><V40/><F40/><W77/><G13/><T41/><D41/><U49/><E69/><V75/><N who="2" m="18944" /><DORA hai="6" /><V61/><F61/><W51/><G8/><T100/><D63/><U43/><E43/><V123/><F123/><W59/><G9/><T33/><D33/><U116/><E116/><V76/><F76/><W97/><G77/><T3/><D26/><N who="1" m="14703" /><E49/><V42/><F42/><W78/><G51/><T57/><D48/><U94/><AGARI ba="0,1" hai="92,93,94,95,98,101,110,111" m="14703,50795" machi="94" ten="40,8000,1" yaku="20,1,52,4" doraHai="90,6" who="1" fromWho="1" sc="245,-20,248,90,240,-40,257,-20" /><INIT seed="3,0,0,5,2,35" ten="225,338,200,237" oya="3" hai0="56,109,22,45,10,123,72,85,54,31,8,116,134" hai1="43,23,6,110,106,101,48,73,68,77,38,135,121" hai2="3,53,90,55,111,108,5,49,59,97,76,128,117" hai3="26,95,58,27,93,42,46,4,120,47,92,20,84"/><W102/><G120/><T1/><D109/><U13/><E110/><N who="2" m="42027" /><F117/><W80/><G4/><T15/><D123/><U82/><E48/><V67/><F67/><W88/><G102/><T105/><D116/><U40/><E43/><V25/><F76/><W133/><G133/><T83/><D105/><U60/><E13/><V91/><F128/><W32/><G32/><T129/><D72/><U33/><E23/><V34/><F97/><W24/><G42/><T30/><D129/><U65/><E6/><V18/><F34/><W19/><G58/><T119/><D134/><U127/><E127/><V86/><F86/><W16/><REACH who="3" step="1"/><G19/><REACH who="3" ten="225,338,200,227" step="2"/><T41/><D119/><U63/><E40/><V70/><F70/><W9/><G9/><T94/><D8/><U64/><E101/><V61/><F5/><W17/><G17/><T89/><D31/><U124/><E33/><V130/><F130/><W11/><G11/><T36/><D30/><U44/><E135/><V112/><F112/><W29/><G29/><T122/><D122/><U14/><E121/><V79/><F79/><W50/><G50/><N who="0" m="30807" /><D22/><U71/><E71/><V2/><F90/><W132/><G132/><T66/><D1/><U0/><E0/><V107/><F91/><W113/><G113/><T12/><D10/><U87/><E68/><V7/><F107/><W21/><G21/><T125/><D41/><U126/><E106/><V81/><F7/><W51/><G51/><T96/><D36/><U100/><E38/><V69/><F59/><W98/><G98/><T57/><D96/><U114/><E114/><V78/><F2/><RYUUKYOKU ba="0,1" sc="225,-10,338,-10,200,-10,227,30" hai3="16,20,24,26,27,46,47,80,84,88,92,93,95" /><INIT seed="3,1,1,1,0,115" ten="215,328,190,257" oya="3" hai0="89,7,107,3,98,90,104,57,39,100,77,51,23" hai1="114,45,96,16,0,97,108,91,133,32,44,42,25" hai2="40,73,129,65,28,70,85,71,33,12,6,69,125" hai3="72,48,15,82,36,31,123,18,84,134,106,109,103"/><W75/><G36/><T131/><D39/><U58/><E0/><V10/><F73/><W67/><G123/><T47/><D131/><U93/><E133/><V63/><F129/><W68/><G134/><T130/><D130/><U110/><E114/><V116/><F125/><W88/><G31/><T20/><D107/><U111/><E58/><V86/><F40/><W121/><G121/><T27/><D77/><U13/><E42/><V24/><F116/><W56/><G109/><T101/><D57/><U19/><E97/><V22/><F71/><W112/><G112/><T54/><D100/><U113/><E113/><V4/><F70/><W62/><G106/><T52/><D54/><U120/><E120/><V124/><F124/><W30/><G30/><T34/><D34/><U11/><E19/><V135/><F135/><W50/><G103/><T55/><D55/><U76/><E76/><V99/><F99/><W66/><G66/><T74/><D74/><U41/><E41/><V59/><F69/><W38/><G38/><T2/><D3/><U117/><E117/><V102/><F102/><W17/><G68/><T21/><D27/><U35/><E25/><V46/><F46/><AGARI ba="1,1" hai="11,13,16,32,35,44,45,46,91,93,96,108,110,111" machi="46" ten="40,2600,0" yaku="14,1,54,1" doraHai="115" who="1" fromWho="2" sc="215,0,328,39,190,-29,257,0" owari="215,-18.0,367,46.0,161,-34.0,257,6.0" /></mjloggm>