<mjloggm ver="2.3"><GO type="97" lobby="0"/><UN n0="%E3%81%A6%E3%81%A4%E3%81%AE%E3%82%84" n1="%E3%82%A6%E3%83%AB%E3%83%88%E3%83%A9%E7%AB%8B%E7%9B%B4" n2="%79%61%73%76%69%63" n3="%E7%84%A1%E7%87%88" dan="13,15,15,14" rate="1841.85,1958.04,2021.39,1998.11" sx="M,M,M,M"/><TAIKYOKU oya="0"/><INIT seed="0,0,0,5,1,50" ten="250,250,250,250" oya="0" hai0="5,94,22,46,104,130,1,17,131,83,120,38,82" hai1="127,98,62,128,58,96,9,80,76,133,89,116,81" hai2="30,84,113,20,101,66,59,7,106,95,65,135,122" hai3="40,15,32,88,45,23,13,42,86,100,105,6,21"/><T4/><D104/><U132/><E116/><V61/><F106/><W49/><G32/><T117/><D120/><U11/><E127/><V44/><F122/><W110/><G110/><T52/><D117/><U77/><E128/><N who="0" m="49193" /><D38/><U35/><E35/><V12/><F113/><W60/><G105/><T43/><D43/><U71/><E71/><V68/><F68/><W70/><G100/><T25/><D1/><U121/><E121/><V41/><F66/><W8/><G70/><T0/><D94/><U75/><E89/><V126/><F126/><W37/><G60/><T31/><D0/><U29/><E29/><V54/><F101/><W56/><G40/><T39/><D39/><U123/><E123/><V55/><F135/><W24/><G13/><T107/><D107/><U78/><E133/><V36/><F7/><N who="0" m="2634" /><D31/><U18/><E132/><V102/><F30/><W115/><G115/><T2/><D2/><U87/><E76/><V33/><F33/><W16/><G37/><T26/><D26/><U112/><E112/><V92/><F92/><N who="3" m="54295" /><G21/><T111/><D111/><U27/><E27/><V10/><F20/><W85/><G85/><T63/><D63/><U64/><E18/><V103/><F103/><W48/><G48/><AGARI ba="0,0" hai="17,22,25,46,48,52,82,83" m="2634,49193" machi="48" ten="30,5800,0" yaku="19,1,52,1,54,1" doraHai="50" who="0" fromWho="3" sc="250,58,250,0,250,0,250,-58" /><INIT seed="0,1,0,5,2,104" ten="308,250,250,192" oya="0" hai0="31,110,9,89,88,99,7,51,122,34,22,45,125" hai1="23,42,67,55,63,8,84,53,50,26,121,77,36" hai2="126,12,79,124,81,57,117,78,16,2,15,115,83" hai3="69,127,96,76,39,131,71,82,56,29,68,120,49"/><T21/><D122/><U90/><E121/><V25/><F117/><W87/><G120/><T86/><D34/><U19/><E36/><V0/><F115/><W54/><G127/><N who="2" m="48681" /><F57/><W38/><G131/><T24/><D125/><U52/><E77/><N who="2" m="29195" /><F25/><W95/><REACH who="3" step="1"/><G29/><REACH who="3" ten="308,250,250,182" step="2"/><T107/><D110/><U20/><E42/><V75/><F15/><W97/><G97/><T43/><D107/><U47/><E23/><V114/><F114/><W70/><N who="3" m="17920" /><DORA hai="30" /><W6/><G6/><T135/><D22/><U44/><E8/><V27/><F27/><W64/><G64/><T129/><D135/><U11/><E11/><V133/><F133/><W40/><G40/><T106/><D106/><U33/><E67/><V113/><F113/><W48/><G48/><T3/><D129/><U118/><E118/><V123/><F123/><W14/><G14/><T74/><D74/><U93/><E63/><V66/><F66/><W4/><G4/><T32/><D32/><U111/><E111/><V103/><F75/><W10/><G10/><T112/><D112/><U41/><E33/><V58/><F0/><W91/><AGARI ba="1,1" hai="38,39,49,54,56,76,82,87,91,95,96" m="17920" machi="91" ten="60,4000,0" yaku="1,1,0,1,53,0" doraHai="104,30" doraHaiUra="132,134" who="3" fromWho="3" sc="308,-21,250,-11,250,-11,182,53" /><INIT seed="1,0,0,0,1,134" ten="287,239,239,235" oya="1" hai0="72,83,42,38,48,0,101,7,131,127,37,33,91" hai1="22,113,95,6,106,21,41,31,16,45,39,84,68" hai2="107,102,98,87,49,75,96,80,86,129,2,81,20" hai3="89,99,118,133,108,73,135,97,82,8,88,67,78"/><U114/><E106/><V100/><F2/><W29/><G67/><T120/><D91/><N who="3" m="34889" /><G29/><T74/><D101/><U122/><E68/><V36/><F36/><N who="0" m="13930" /><D48/><U3/><E122/><V25/><F49/><W62/><G62/><T35/><D42/><U64/><E64/><V63/><F63/><W15/><G108/><T43/><D43/><U19/><E31/><V46/><F46/><W4/><G118/><T1/><D7/><U130/><E130/><V132/><F132/><AGARI ba="0,0" hai="4,8,15,73,78,82,97,99,132,133,135" m="34889" machi="132" ten="30,2000,0" yaku="20,1,54,1" doraHai="134" who="3" fromWho="2" sc="287,0,239,0,239,-20,235,20" /><INIT seed="2,0,0,5,3,77" ten="287,239,219,255" oya="2" hai0="10,49,67,124,3,39,123,5,8,55,117,81,44" hai1="51,131,23,125,36,101,74,21,32,16,111,2,66" hai2="100,84,91,47,13,88,42,17,130,46,126,128,68" hai3="104,11,25,48,116,27,121,43,107,35,110,103,31"/><V127/><F68/><W7/><G121/><T120/><D117/><U20/><E36/><V50/><F100/><W34/><G116/><T118/><D118/><U41/><E32/><V102/><F102/><W73/><G110/><T83/><D124/><N who="2" m="47658" /><F47/><W97/><G48/><T106/><D106/><U15/><E2/><V0/><F0/><W95/><G43/><T72/><D72/><U62/><E74/><V76/><F76/><W29/><G73/><T57/><D39/><U80/><E111/><V30/><F30/><W61/><G61/><T85/><D85/><U69/><E101/><V105/><F105/><W56/><REACH who="3" step="1"/><G56/><REACH who="3" ten="287,239,219,245" step="2"/><T94/><D57/><U96/><E125/><V132/><F132/><W71/><G71/><T70/><D120/><U99/><E51/><V75/><F75/><W14/><AGARI ba="0,1" hai="7,11,14,25,27,29,31,34,35,95,97,103,104,107" machi="14" ten="20,5200,0" yaku="1,1,0,1,7,1,9,1,53,0" doraHai="77" doraHaiUra="37" who="3" fromWho="3" sc="287,-13,239,-13,219,-26,245,62" /><INIT seed="3,0,0,3,0,94" ten="274,226,193,307" oya="3" hai0="55,1,79,91,3,71,26,20,122,25,8,38,63" hai1="4,23,98,61,65,75,11,62,47,125,41,84,0" hai2="128,106,64,96,119,80,27,133,21,105,135,126,58" hai3="56,90,108,42,36,104,22,14,85,30,69,24,117"/><W131/><G117/><T132/><D38/><U78/><E125/><V102/><F119/><W107/><G69/><T51/><D122/><U49/><E75/><V59/><F126/><W100/><G36/><T103/><D132/><U66/><E23/><V2/><F2/><W40/><G131/><T60/><D79/><U115/><E115/><V114/><F114/><W130/><G107/><T7/><D71/><U110/><E110/><V52/><F106/><W43/><G130/><T57/><D103/><U124/><E124/><V116/><F116/><W134/><G134/><N who="2" m="51209" /><F80/><W123/><G123/><T113/><D113/><U81/><E65/><V17/><F64/><W127/><G127/><T99/><D1/><U74/><E74/><V76/><F76/><W111/><G56/><N who="2" m="21545" /><F128/><W109/><G14/><T18/><REACH who="0" step="1"/><D26/><REACH who="0" ten="264,226,193,307" step="2"/><U34/><E0/><V28/><F28/><W68/><G68/><T19/><D19/><U37/><E37/><V86/><F86/><W83/><G100/><T5/><D5/><U39/><E39/><V88/><F88/><W29/><G104/><T45/><D45/><U89/><E66/><V70/><F70/><W95/><G30/><T87/><D87/><U72/><E72/><V44/><F44/><W33/><G33/><T53/><D53/><AGARI ba="0,1" hai="17,21,27,52,53,96,102,105" m="21545,51209" machi="53" ten="30,3900,0" yaku="20,1,52,1,54,1" doraHai="94" who="2" fromWho="0" sc="264,-39,226,0,193,49,307,0" owari="225,-27.0,226,-17.0,242,4.0,307,40.0" /></mjloggm>