<mjloggm ver="2.3"><GO type="193" lobby="0"/><UN n0="%4D%72%79%75%4D" n1="%E3%81%A1%E3%82%83%E3%83%BC%E3%81%B7%E3%81%A3%E3%81%8F%E3%82%93" n2="%E3%81%BF%E3%82%84%E3%81%BE%E3%82%82%E3%82%8A" n3="%E5%B0%B1%E6%B4%BB%E7%94%9F%40%E5%B7%9D%E6%9D%91%E8%BB%8D%E5%9B%A3" dan="11,12,13,10" rate="1735.37,1633.75,1766.45,1765.32" sx="M,M,M,M"/><TAIKYOKU oya="0"/><INIT seed="0,0,0,4,4,107" ten="250,250,250,250" oya="0" hai0="13,111,109,63,71,26,50,100,12,29,70,65,44" hai1="112,116,77,84,17,88,114,128,83,110,94,91,67" hai2="35,89,133,101,16,62,96,103,39,105,7,56,130" hai3="61,81,58,6,10,46,42,51,76,9,115,121,75"/><T60/><D100/><U36/><E36/><V40/><F35/><W21/><G121/><T66/><D26/><U15/><E67/><V34/><F34/><W131/><G115/><T30/><D30/><U52/><E116/><V18/><F133/><W49/><G131/><T27/><D27/><U41/><E41/><V119/><F130/><W74/><G21/><T48/><D29/><U37/><E37/><V82/><F119/><W85/><G49/><T93/><D93/><U127/><E110/><V57/><F103/><W53/><REACH who="3" step="1"/><G10/><REACH who="3" ten="250,250,250,240" step="2"/><T2/><D2/><AGARI ba="0,1" hai="2,6,9,42,46,51,53,58,61,74,75,76,81,85" machi="2" ten="30,8000,1" yaku="1,1,2,1,7,1,52,2,53,0" doraHai="107" doraHaiUra="23" who="3" fromWho="0" sc="250,-80,250,0,250,0,240,90" /><INIT seed="1,0,0,2,1,123" ten="170,250,250,330" oya="1" hai0="37,91,52,131,8,133,2,56,97,44,7,87,15" hai1="33,42,103,130,102,121,117,24,36,13,119,10,27" hai2="126,38,110,115,58,124,98,16,86,55,39,120,32" hai3="105,90,80,68,92,75,63,84,112,6,43,19,134"/><U28/><E121/><V128/><F120/><W57/><G105/><T116/><D133/><U94/><E130/><V118/><F32/><W47/><G134/><T40/><D131/><U9/><E27/><V62/><F128/><W89/><G112/><T41/><D116/><U113/><E113/><V76/><F115/><W78/><G68/><T66/><D66/><U99/><E103/><V48/><F98/><W61/><G6/><T106/><D106/><U54/><E36/><V88/><F76/><W69/><G69/><T73/><D97/><U35/><E42/><V20/><F118/><W72/><G19/><T46/><D73/><U34/><E119/><V74/><F74/><W93/><G72/><T0/><D41/><U65/><E65/><V64/><F39/><W83/><G57/><T23/><D23/><U101/><E101/><V85/><F85/><W50/><G83/><T96/><D46/><U132/><E132/><V14/><F38/><W11/><G11/><T77/><D96/><AGARI ba="0,0" hai="43,47,50,61,63,75,78,80,84,89,90,92,93,96" machi="96" ten="30,1000,0" yaku="7,1" doraHai="123" who="3" fromWho="0" sc="170,-10,250,0,250,0,330,10" /><INIT seed="2,0,0,1,3,47" ten="160,250,250,340" oya="2" hai0="131,3,54,42,133,81,33,59,95,66,5,50,74" hai1="110,75,35,21,78,10,56,67,70,29,0,61,18" hai2="53,16,8,23,31,2,117,45,120,63,30,24,111" hai3="135,9,125,38,64,25,98,115,32,76,101,84,91"/><V34/><F120/><W107/><G38/><T85/><D131/><U46/><E110/><V100/><F117/><W103/><G115/><T69/><D133/><U19/><E46/><V87/><F30/><W89/><G135/><T17/><D33/><U108/><E108/><V55/><F111/><W90/><G125/><T7/><D74/><U122/><E122/><V79/><F100/><W113/><G113/><T6/><D3/><U43/><E43/><V20/><F63/><W15/><G64/><T114/><D114/><U105/><E105/><V48/><F23/><W72/><G101/><T39/><D95/><U40/><E40/><V49/><F79/><W68/><G68/><T130/><D130/><U60/><E78/><V27/><F87/><W112/><G112/><T58/><D69/><U88/><E75/><V13/><F2/><W71/><G71/><T65/><D39/><U127/><E35/><V129/><F129/><W92/><G25/><N who="2" m="9801" /><F34/><W36/><G36/><T44/><D17/><U121/><E121/><V37/><F37/><W104/><G104/><T73/><D73/><U57/><E29/><V119/><F31/><W118/><G118/><T99/><D99/><U102/><E102/><V123/><F119/><W80/><G32/><T86/><D86/><U83/><E127/><V62/><F123/><W11/><G11/><T51/><REACH who="0" step="1"/><D59/><REACH who="0" ten="150,250,250,340" step="2"/><U41/><E70/><V124/><F124/><W82/><G82/><T93/><D93/><U97/><E0/><V1/><F1/><W94/><G92/><T128/><D128/><U132/><E132/><V26/><F16/><AGARI ba="0,1" hai="9,15,16,72,76,80,84,89,90,91,94,98,103,107" machi="16" ten="30,8000,1" yaku="6,1,7,1,24,2,54,1" doraHai="47" who="3" fromWho="2" sc="150,0,250,0,250,-80,340,90" /><INIT seed="3,0,0,1,2,25" ten="150,250,170,430" oya="3" hai0="119,106,23,28,63,53,67,50,34,118,45,64,105" hai1="41,81,78,102,135,62,128,16,133,91,42,121,93" hai2="54,101,61,84,0,33,86,43,71,80,56,9,127" hai3="132,20,2,52,58,32,110,97,6,83,65,11,73"/><W46/><G32/><T68/><D23/><U104/><E121/><V13/><F0/><W47/><G110/><T19/><D19/><U38/><E62/><V21/><F33/><W87/><G132/><T35/><D35/><U7/><E7/><V125/><F43/><W51/><G73/><T120/><D120/><U48/><E38/><V55/><F71/><W114/><G114/><T103/><D106/><U117/><E48/><V99/><F21/><W3/><G3/><T90/><D67/><U5/><E5/><V24/><F24/><W39/><G97/><T109/><D90/><U113/><E42/><V15/><F55/><W88/><G39/><T30/><D30/><U69/><E69/><V92/><F80/><W12/><G65/><T115/><D115/><U72/><E41/><V66/><F54/><W44/><G2/><T112/><D112/><U89/><E113/><V31/><F31/><W122/><G122/><T49/><D49/><U59/><E59/><V36/><F36/><W10/><G10/><T129/><D129/><U95/><E117/><V96/><F96/><W126/><G20/><T108/><D108/><U77/><E77/><V79/><F79/><W60/><G126/><N who="2" m="48137" /><F15/><W107/><G107/><T1/><D1/><U18/><E128/><V17/><AGARI ba="0,0" hai="9,13,17,56,61,66,84,86,92,99,101" m="48137" machi="17" ten="30,1100,0" yaku="18,1" doraHai="25" who="2" fromWho="2" sc="150,-3,250,-3,170,11,430,-5" owari="147,-35.0,247,5.0,181,-22.0,425,52.0" /></mjloggm>