<mjloggm ver="2.3"><GO type="41" lobby="0"/><UN n0="%74%6B%73%6A%69%68%75" n1="%61%72%75%32%36%30%30" n2="%E3%81%92%E3%82%8D%E3%81%A3%E3%81%B4" n3="%E5%B0%B1%E6%B4%BB%E7%94%9F%40%E5%B7%9D%E6%9D%91%E8%BB%8D%E5%9B%A3" dan="13,14,13,15" rate="1822.96,1918.90,1881.72,2003.90" sx="M,M,F,M"/><TAIKYOKU oya="0"/><INIT seed="0,0,0,0,3,85" ten="250,250,250,250" oya="0" hai0="21,25,32,125,6,104,102,81,111,68,5,84,76" hai1="59,87,40,38,27,63,124,73,115,107,2,26,123" hai2="16,34,42,69,46,106,126,15,65,105,41,112,56" hai3="99,62,133,22,45,135,130,7,95,37,94,119,54"/><T101/><D32/><U9/><E73/><V49/><F34/><W43/><G119/><T47/><D68/><U121/><E107/><V24/><F24/><W82/><G130/><T19/><D125/><U18/><E115/><V50/><F112/><W11/><G82/><T100/><D111/><U28/><E124/><V4/><F4/><W98/><G22/><T129/><D129/><U33/><E40/><V10/><F69/><W103/><G54/><T48/><REACH who="0" step="1"/><D104/><REACH who="0" ten="240,250,250,250" step="2"/><U55/><E121/><V57/><F126/><W20/><G133/><T61/><D61/><U117/><E63/><V120/><F120/><W83/><G135/><T14/><D14/><U53/><E2/><V1/><F1/><W91/><G62/><T17/><D17/><U109/><E18/><V8/><F106/><W128/><G128/><T51/><D51/><U36/><E38/><V116/><F116/><W108/><G108/><T122/><D122/><U30/><E36/><V79/><F105/><W64/><G64/><T0/><D0/><U3/><E3/><V58/><F65/><W114/><G114/><T23/><D23/><U70/><E70/><V72/><F10/><W60/><G60/><T97/><D97/><U132/><E9/><V39/><F42/><AGARI ba="0,1" hai="5,6,19,21,25,42,47,48,76,81,84,100,101,102" machi="42" ten="40,3900,0" yaku="1,1,8,1,53,0" doraHai="85" doraHaiUra="113" who="0" fromWho="2" sc="240,49,250,0,250,-39,250,0" /><INIT seed="0,1,0,1,4,0" ten="289,250,211,250" oya="0" hai0="124,38,12,95,28,79,52,119,96,51,82,116,42" hai1="15,26,67,53,5,122,126,61,111,59,85,43,20" hai2="81,110,99,115,44,63,118,10,11,23,29,120,55" hai3="56,62,72,3,1,50,7,2,18,113,76,69,80"/><T101/><D124/><U88/><E43/><V22/><F115/><W108/><G108/><T4/><D28/><U9/><E111/><V131/><F120/><W17/><G113/><T6/><D38/><U14/><E126/><V91/><F110/><W83/><G69/><T117/><D42/><U89/><E122/><V135/><F118/><W21/><G50/><T100/><D12/><U64/><E15/><V60/><F135/><W47/><G47/><T87/><REACH who="0" step="1"/><D101/><REACH who="0" ten="279,250,211,250" step="2"/><U49/><E49/><V77/><F131/><W70/><G1/><T27/><D27/><U107/><E107/><V74/><F29/><W19/><G2/><T75/><D75/><U92/><REACH who="1" step="1"/><E89/><REACH who="1" ten="279,240,211,250" step="2"/><V106/><F91/><W132/><G3/><T121/><D121/><U98/><E98/><V48/><F99/><W130/><G132/><T66/><D66/><U114/><E114/><V40/><F106/><W34/><G76/><T128/><D128/><U133/><E133/><V33/><F40/><W24/><G130/><T78/><D78/><U36/><E36/><V93/><F33/><W97/><G24/><T125/><D125/><U129/><E129/><V109/><F109/><W134/><G134/><T84/><D84/><U73/><E73/><V13/><F10/><W127/><G72/><T57/><AGARI ba="1,2" hai="4,6,51,52,57,79,82,87,95,96,100,116,117,119" machi="57" ten="30,12000,1" yaku="1,1,0,1,52,2,54,1,53,0" doraHai="0" doraHaiUra="39" who="0" fromWho="0" sc="279,143,240,-41,211,-41,250,-41" /><INIT seed="0,2,0,4,0,9" ten="422,199,170,209" oya="0" hai0="30,78,45,17,39,66,31,44,120,29,96,38,27" hai1="135,79,63,92,108,81,130,132,84,115,56,35,106" hai2="89,70,118,53,34,110,18,43,37,24,73,94,1" hai3="12,55,87,116,61,67,82,21,51,68,47,11,69"/><T16/><D120/><U88/><E35/><V52/><F73/><W91/><G116/><T99/><D78/><U74/><E56/><V85/><F70/><W40/><G21/><T125/><D66/><U7/><E63/><V58/><F1/><W95/><G69/><T101/><D125/><U111/><E7/><V76/><F118/><W41/><REACH who="3" step="1"/><G95/><REACH who="3" ten="422,199,170,199" step="2"/><N who="0" m="58527" /><D31/><U6/><E115/><V80/><F110/><N who="1" m="42025" /><E130/><V77/><F37/><W3/><G3/><T46/><D30/><U42/><E42/><V97/><F34/><W72/><G72/><T112/><D29/><U22/><E22/><N who="2" m="13399" /><F43/><W54/><G54/><N who="2" m="21097" /><F58/><W60/><G60/><T25/><D112/><U64/><E64/><V33/><F33/><W0/><G0/><T90/><D38/><U122/><E122/><V4/><F4/><AGARI ba="2,1" hai="4,11,12,40,41,47,51,55,61,67,68,82,87,91" machi="4" ten="30,7700,0" yaku="1,1,7,1,52,1,53,1" doraHai="9" doraHaiUra="8" who="3" fromWho="2" sc="422,0,199,0,170,-83,199,93" /><INIT seed="1,0,0,3,4,126" ten="422,199,87,292" oya="1" hai0="119,130,83,85,124,125,36,5,97,115,44,117,35" hai1="38,6,69,81,129,94,15,13,18,116,121,92,93" hai2="71,131,99,78,60,49,73,101,91,120,128,75,55" hai3="110,40,25,118,29,64,48,127,50,103,19,3,11"/><U33/><E69/><V34/><F34/><W0/><G127/><N who="0" m="48715" /><D35/><U102/><E121/><V14/><F120/><W111/><G118/><T10/><D97/><U134/><E38/><V114/><F91/><W53/><G64/><T20/><D115/><U22/><E33/><V62/><F114/><W2/><G103/><T54/><D20/><U135/><E116/><V63/><F71/><W26/><G40/><N who="0" m="22535" /><D54/><U95/><E81/><V65/><F65/><W112/><G112/><T84/><D130/><N who="2" m="49706" /><F78/><W4/><G48/><T100/><D100/><U68/><E68/><V106/><F14/><W61/><G61/><T47/><D47/><AGARI ba="0,0" hai="47,49,55,60,62,63,73,75,99,101,106" m="49706" machi="47" ten="30,7700,0" yaku="19,1,52,3" doraHai="126" who="2" fromWho="0" sc="422,-77,199,0,87,77,292,0" /><INIT seed="2,0,0,5,3,46" ten="345,199,164,292" oya="2" hai0="79,49,60,102,32,71,128,57,72,40,11,10,68" hai1="89,37,132,118,44,66,56,18,24,92,131,98,19" hai2="17,77,75,134,12,114,84,90,126,50,99,36,48" hai3="2,125,53,110,59,121,119,21,76,113,38,29,23"/><V25/><F114/><W61/><G119/><T30/><D128/><U107/><E107/><V65/><F36/><W42/><G113/><T103/><D68/><U86/><E131/><V135/><F75/><W41/><G2/><T73/><D71/><U101/><E132/><N who="2" m="50731" /><F65/><W91/><G121/><T13/><D11/><U34/><E37/><V115/><F115/><W123/><G123/><T67/><D73/><U85/><E44/><V22/><F77/><W6/><G6/><T26/><D72/><U112/><E112/><V133/><N who="2" m="50739" /><V8/><DORA hai="39" /><F99/><W1/><G1/><T51/><D79/><U88/><E34/><V87/><F126/><W80/><G110/><T120/><D120/><U43/><E43/><V7/><F87/><N who="1" m="33289" /><E118/><V97/><F97/><W31/><G125/><T69/><D69/><U117/><E117/><V62/><F62/><W105/><G105/><T124/><D124/><U130/><E130/><V20/><F20/><W58/><G91/><N who="1" m="34890" /><E24/><V63/><F63/><AGARI ba="0,0" hai="18,19,56,63,66,92,98,101" m="34890,33289" machi="63" ten="30,2000,0" yaku="8,1,54,1" doraHai="46,39" who="1" fromWho="2" sc="345,0,199,20,164,-20,292,0" /><INIT seed="3,0,0,1,3,108" ten="345,219,144,292" oya="3" hai0="87,47,22,75,56,68,0,82,118,101,4,133,120" hai1="2,63,30,41,84,77,24,134,100,13,50,70,17" hai2="78,43,131,10,95,37,54,71,38,58,16,128,105" hai3="103,42,72,60,53,62,48,67,21,18,116,91,15"/><W40/><G116/><T7/><D68/><U89/><E2/><V83/><F105/><W81/><G103/><T119/><D75/><U130/><E77/><V8/><F71/><W6/><G6/><T29/><D120/><U102/><E134/><V34/><F34/><W97/><G72/><T129/><D133/><U74/><E74/><V57/><F95/><W25/><G15/><T94/><D129/><N who="2" m="49738" /><F43/><W92/><G81/><T27/><D47/><U33/><E63/><N who="3" m="24106" /><G67/><T26/><D0/><U90/><E70/><V93/><F93/><W99/><G99/><T69/><D69/><U14/><E14/><N who="2" m="7239" /><F10/><W110/><G110/><T9/><D9/><U1/><E1/><V19/><F19/><W3/><G3/><T28/><D119/><U124/><E130/><V23/><F23/><W45/><AGARI ba="0,0" hai="18,21,25,40,42,45,48,53,91,92,97" m="24106" machi="45" ten="30,1500,0" yaku="8,1" doraHai="108" who="3" fromWho="3" sc="345,-5,219,-5,144,-5,292,15" /><INIT seed="3,1,0,4,2,1" ten="340,214,139,307" oya="3" hai0="34,114,91,47,14,22,98,50,2,43,73,35,33" hai1="128,100,116,120,58,94,110,78,74,88,85,89,130" hai2="24,39,133,38,82,8,75,19,96,80,90,6,10" hai3="113,105,68,30,54,5,132,92,23,46,121,12,107"/><W106/><G121/><T67/><D2/><U36/><E36/><V117/><F117/><W52/><G113/><T87/><D73/><U122/><E122/><V45/><BYE who="1" /><F133/><W15/><G132/><T64/><D114/><U18/><E18/><V16/><F39/><W83/><G68/><T32/><D98/><U71/><E71/><V9/><F24/><W127/><G127/><T37/><D37/><U119/><E119/><V131/><F131/><W62/><G83/><T124/><D124/><U76/><E76/><N who="2" m="44063" /><F9/><W48/><G92/><T72/><D72/><U134/><E134/><V95/><F8/><W61/><G54/><T0/><D0/><U93/><E93/><V101/><F82/><W4/><G15/><T42/><D42/><U56/><E56/><V49/><F101/><W25/><REACH who="3" step="1"/><G12/><REACH who="3" ten="340,214,139,297" step="2"/><T21/><D14/><U13/><E13/><V26/><F26/><W20/><G20/><T103/><D35/><U28/><E28/><V60/><F38/><W109/><G109/><T97/><D21/><U69/><E69/><V11/><F10/><W108/><G108/><T27/><D22/><U59/><E59/><V40/><F11/><W125/><G125/><T31/><D34/><U57/><E57/><V44/><F40/><W63/><AGARI ba="1,1" hai="4,5,23,25,30,46,48,52,61,62,63,105,106,107" machi="63" ten="40,18000,2" yaku="1,1,0,1,52,2,54,1,53,1" doraHai="1" doraHaiUra="17" who="3" fromWho="3" sc="340,-61,214,-61,139,-61,297,193" /><INIT seed="3,2,0,0,0,107" ten="279,153,78,490" oya="3" hai0="56,89,7,30,40,1,28,81,67,121,133,83,24" hai1="99,42,91,10,122,5,48,125,64,15,96,32,11" hai2="109,63,131,65,31,88,79,68,46,34,19,134,38" hai3="69,74,54,39,66,59,87,135,127,115,44,86,116"/><W95/><G74/><T36/><D121/><U97/><E97/><V80/><F109/><W129/><G116/><T102/><D133/><U53/><E53/><V126/><F134/><W29/><G115/><T110/><D110/><U3/><E3/><V73/><F126/><W132/><G29/><T120/><D120/><U98/><E98/><V35/><F131/><W45/><G129/><T37/><D102/><U23/><E23/><V113/><F113/><W43/><G127/><T123/><D123/><U82/><E82/><V111/><F111/><W50/><G132/><T49/><D7/><U0/><E0/><V101/><F101/><W60/><G135/><T70/><D70/><U51/><E51/><V41/><F31/><W27/><G27/><T106/><D106/><U114/><E114/><V16/><REACH who="2" step="1"/><F88/><REACH who="2" ten="279,153,68,490" step="2"/><W84/><G95/><T118/><D89/><U25/><E25/><V92/><F92/><W71/><AGARI ba="2,1" hai="39,43,44,45,50,54,59,60,66,69,71,84,86,87" machi="71" ten="30,1500,0" yaku="0,1" doraHai="107" who="3" fromWho="3" sc="279,-7,153,-7,68,-7,490,31" /><INIT seed="3,3,0,5,3,103" ten="272,146,61,521" oya="3" hai0="67,33,38,117,130,73,49,121,21,124,56,41,113" hai1="112,24,39,94,7,35,134,91,99,5,108,3,50" hai2="9,74,109,90,63,92,64,6,132,125,115,37,80" hai3="20,53,66,65,71,89,58,52,88,85,42,11,128"/><W98/><G71/><T10/><D33/><U1/><E1/><V61/><F115/><W133/><G128/><T13/><D113/><U119/><E119/><V69/><F109/><W81/><G133/><T28/><D117/><U131/><E131/><V54/><F37/><W118/><G118/><T29/><D130/><U127/><E127/><V27/><F132/><W4/><G42/><T14/><D124/><U46/><E46/><V107/><F107/><W105/><G20/><T135/><D135/><U16/><E16/><V23/><F125/><W106/><G53/><T76/><D38/><U102/><E102/><V60/><F54/><W75/><G75/><T47/><D121/><U8/><E8/><V82/><F74/><W51/><G106/><T95/><D73/><U19/><E19/><V59/><F69/><W84/><G105/><T25/><D76/><U68/><E68/><V0/><F80/><W104/><G104/><T93/><D28/><U116/><E116/><V101/><F101/><W83/><REACH who="3" step="1"/><G98/><REACH who="3" ten="272,146,61,511" step="2"/><T77/><D41/><U72/><E72/><V126/><F126/><W123/><G123/><T44/><D21/><U31/><E31/><V87/><REACH who="2" step="1"/><F82/><REACH who="2" ten="272,146,51,511" step="2"/><W34/><G34/><N who="0" m="20783" /><D67/><U32/><E32/><V78/><F78/><W18/><G18/><AGARI ba="3,2" hai="0,6,9,18,23,27,59,60,61,63,64,87,90,92" machi="18" ten="30,3900,0" yaku="1,1,7,1,53,1" doraHai="103" doraHaiUra="55" who="2" fromWho="3" sc="272,0,146,0,51,68,511,-48" /><INIT seed="4,0,0,4,0,36" ten="272,146,119,463" oya="0" hai0="51,5,32,35,29,114,42,50,119,73,123,75,40" hai1="68,48,17,57,20,70,27,46,30,28,6,106,107" hai2="102,72,80,85,81,135,134,10,49,69,37,109,66" hai3="118,121,43,59,3,22,18,117,86,64,60,65,131"/><T78/><D123/><U101/><E101/><V127/><F109/><W83/><G3/><T125/><D119/><U63/><E63/><N who="2" m="40159" /><F37/><W99/><G121/><T52/><D5/><U33/><E33/><V12/><F102/><W9/><G131/><T56/><D114/><U88/><E88/><N who="2" m="51239" /><F49/><W54/><G9/><T2/><D2/><U126/><E126/><V111/><F111/><W58/><G99/><T23/><D125/><U44/><E44/><V8/><F127/><W55/><G43/><T90/><D90/><U133/><E133/><N who="2" m="50699" /><F12/><N who="3" m="9543" /><G117/><T14/><D51/><U130/><E130/><V53/><F53/><W71/><G71/><T45/><D56/><U76/><E76/><AGARI ba="0,0" hai="8,10,72,76,81" m="50699,51239,40159" machi="76" ten="30,2000,0" yaku="20,1,54,1" doraHai="36" who="2" fromWho="1" sc="272,0,146,-20,119,20,463,0" /><INIT seed="5,0,0,1,0,118" ten="272,126,139,463" oya="1" hai0="65,66,86,49,21,23,29,41,90,0,125,82,43" hai1="53,78,15,135,74,25,83,2,28,89,42,123,67" hai2="69,9,40,92,14,51,34,1,6,54,10,129,31" hai3="122,27,13,55,26,58,114,110,101,16,33,109,99"/><U84/><E84/><V77/><F69/><W38/><G114/><T127/><D0/><U115/><E115/><V68/><F68/><W64/><G38/><T71/><D71/><U36/><E36/><V85/><F40/><N who="0" m="15434" /><D49/><U44/><E44/><V48/><F129/><W131/><G131/><T87/><D29/><U91/><E91/><V95/><F34/><W20/><G64/><N who="0" m="24683" /><D86/><U46/><E46/><V45/><F31/><W17/><G33/><T133/><D133/><U19/><E19/><V120/><F120/><W134/><G122/><T3/><D3/><U72/><E72/><V97/><F51/><W61/><G134/><T47/><D47/><U37/><E37/><V39/><F39/><W113/><G113/><T106/><D106/><U63/><E63/><V57/><F57/><W126/><G126/><AGARI ba="0,0" hai="21,23,82,87,90,125,126,127" m="24683,15434" machi="126" ten="30,1000,0" yaku="18,1" doraHai="118" who="0" fromWho="3" sc="272,10,126,0,139,0,463,-10" /><INIT seed="6,0,0,3,2,100" ten="282,126,139,453" oya="2" hai0="42,70,32,78,43,38,79,81,77,47,114,6,99" hai1="45,21,76,93,102,28,63,118,71,87,35,4,115" hai2="92,60,2,134,67,131,27,58,39,48,101,107,123" hai3="23,5,11,26,49,75,29,9,57,68,33,135,82"/><V119/><F119/><W72/><G68/><T129/><D129/><U52/><E52/><V110/><F123/><W31/><G135/><T61/><D114/><U113/><E113/><V53/><F2/><W59/><G29/><T111/><D111/><U84/><E84/><V22/><F39/><W133/><G133/><T91/><D32/><U36/><E36/><V66/><F134/><W126/><G126/><T116/><D116/><U88/><E88/><V15/><F110/><W108/><G33/><T41/><D6/><U14/><E14/><V51/><F131/><W20/><G20/><UN n1="%61%72%75%32%36%30%30" /><T0/><D0/><U1/><E35/><V37/><F37/><W117/><G117/><T103/><D91/><U13/><E1/><V56/><F15/><W64/><G11/><T69/><D81/><U25/><E118/><V19/><F107/><W98/><G98/><T40/><D61/><U121/><E45/><V105/><F105/><W85/><G108/><T109/><REACH who="0" step="1"/><D109/><REACH who="0" ten="272,126,139,453" step="2"/><U132/><E115/><V54/><REACH who="2" step="1"/><F60/><REACH who="2" ten="272,126,129,453" step="2"/><W95/><G72/><T10/><D10/><U86/><E132/><V124/><F124/><W50/><G9/><T65/><D65/><U3/><E3/><V112/><F112/><W16/><G75/><T30/><D30/><U97/><E121/><V130/><F130/><W17/><G31/><T62/><D62/><U12/><E4/><V44/><F44/><W7/><G64/><T73/><D73/><U96/><E63/><V106/><F106/><AGARI ba="0,2" hai="38,40,41,42,43,47,69,70,77,78,79,99,103,106" machi="106" ten="40,2600,0" yaku="1,1,52,1,53,0" doraHai="100" doraHaiUra="104" who="0" fromWho="2" sc="272,46,126,0,129,-26,453,0" /><INIT seed="7,0,0,1,5,117" ten="318,126,103,453" oya="3" hai0="112,47,52,95,34,7,134,106,14,33,13,121,74" hai1="12,85,100,128,58,114,120,37,71,44,83,107,49" hai2="26,35,42,38,108,82,103,20,69,54,113,66,50" hai3="129,8,24,98,93,10,135,130,87,11,102,81,0"/><W131/><G135/><T51/><D106/><U18/><E71/><V118/><F118/><W76/><G24/><T22/><D74/><U40/><E128/><V23/><F108/><W96/><G96/><T53/><D134/><U89/><E114/><V57/><F113/><W132/><G132/><T90/><D112/><U99/><E58/><V122/><F103/><W31/><G31/><T60/><D33/><U9/><E120/><V64/><F82/><W19/><G19/><T92/><D95/><U17/><REACH who="1" step="1"/><E18/><REACH who="1" ten="318,116,103,453" step="2"/><V55/><F122/><W110/><G110/><T126/><D126/><U28/><E28/><N who="2" m="19863" /><F66/><W97/><G0/><T4/><D34/><U77/><E77/><V78/><F78/><W56/><G76/><T6/><D121/><U63/><E63/><N who="2" m="40095" /><F55/><W91/><G129/><T30/><D30/><U59/><E59/><V68/><F68/><W84/><G130/><T73/><D73/><U119/><E119/><V109/><F109/><W15/><G131/><T45/><D60/><U36/><AGARI ba="0,1" hai="9,12,17,36,37,40,44,49,83,85,89,99,100,107" machi="36" ten="30,4000,0" yaku="1,1,0,1,53,1" doraHai="117" doraHaiUra="5" who="1" fromWho="1" sc="318,-10,116,50,103,-10,453,-20" owari="308,11.0,166,-23.0,93,-41.0,433,53.0" /></mjloggm>