<mjloggm ver="2.3"><GO type="41" lobby="0"/><UN n0="%E3%82%A6%E3%83%AB%E3%83%88%E3%83%A9%E7%AB%8B%E7%9B%B4" n1="%E3%83%AD%E3%83%BC%E3%83%AC%E3%83%B3%E3%83%84" n2="%E7%8E%84%E6%AD%A6%E3%83%9E%E3%83%89%E3%83%AA%EF%BC%8D%E3%83%89" n3="%76%69%76%61%63%68%69" dan="15,14,15,14" rate="1999.85,1912.12,2103.64,1936.60" sx="M,M,M,M"/><TAIKYOKU oya="0"/><INIT seed="0,0,0,0,5,115" ten="250,250,250,250" oya="0" hai0="10,9,35,20,87,36,122,89,120,67,112,52,69" hai1="23,38,95,117,60,4,5,51,128,99,16,124,74" hai2="86,65,21,130,105,98,58,82,79,44,131,18,37" hai3="85,63,118,97,77,129,49,100,41,11,13,2,53"/><T6/><D36/><U83/><E117/><V15/><F65/><W39/><G2/><T29/><D67/><U8/><E38/><V88/><F58/><W101/><G129/><N who="2" m="49161" /><F37/><W104/><G101/><T110/><D69/><U12/><E128/><V0/><F0/><W113/><G113/><T48/><D35/><U91/><E124/><V93/><F44/><W31/><G31/><T75/><D75/><U73/><E83/><V111/><F105/><W135/><G135/><T107/><D107/><U132/><E132/><V116/><F111/><W114/><G114/><T24/><D110/><U76/><E76/><V127/><F127/><W133/><G118/><AGARI ba="0,0" hai="15,18,21,79,82,86,88,93,98,116,118" m="49161" machi="118" ten="30,7700,0" yaku="19,1,52,2,54,1" doraHai="115" who="2" fromWho="3" sc="250,0,250,0,250,77,250,-77" /><INIT seed="1,0,0,2,4,130" ten="250,250,327,173" oya="1" hai0="124,1,43,83,62,11,75,115,63,30,74,93,53" hai1="94,33,109,135,80,46,127,112,92,49,44,27,32" hai2="9,76,60,66,31,45,95,28,25,4,37,98,6" hai3="119,51,108,14,132,59,0,126,102,133,113,23,88"/><U86/><E112/><V38/><F76/><W96/><G113/><T69/><D115/><U122/><E122/><V16/><F45/><W70/><G70/><T78/><D75/><U79/><E127/><V47/><F47/><W107/><G0/><T77/><D77/><U21/><E46/><V68/><F31/><W99/><G126/><T2/><D124/><U87/><E109/><V89/><F6/><W116/><G108/><T18/><D43/><U134/><E86/><V50/><F50/><W84/><G51/><T111/><D111/><U57/><E57/><V24/><F24/><W121/><G59/><T40/><D40/><U120/><E120/><V13/><REACH who="2" step="1"/><F4/><REACH who="2" ten="250,250,317,173" step="2"/><W129/><G121/><T65/><D30/><U81/><E49/><V42/><F42/><W71/><G129/><T91/><D18/><N who="1" m="12727" /><E44/><V73/><F73/><W56/><G71/><T97/><D11/><U100/><E81/><V104/><F104/><W19/><G56/><T54/><D63/><U5/><E5/><V34/><AGARI ba="0,1" hai="9,13,16,25,28,34,37,38,60,66,68,89,95,98" machi="34" ten="20,5200,0" yaku="1,1,0,1,7,1,54,1,53,0" doraHai="130" doraHaiUra="35" who="2" fromWho="2" sc="250,-13,250,-26,317,62,173,-13" /><INIT seed="2,0,0,1,5,45" ten="237,224,379,160" oya="2" hai0="122,75,120,34,111,31,58,134,50,67,32,135,84" hai1="94,115,42,114,85,61,104,132,97,0,62,53,35" hai2="112,119,33,25,68,48,8,30,125,131,109,123,96" hai3="10,41,27,36,110,51,87,20,60,101,89,2,133"/><V46/><F68/><W129/><G133/><N who="0" m="50699" /><D75/><U102/><E0/><V49/><F119/><W76/><G129/><T64/><D84/><U71/><E132/><V40/><F131/><W116/><G116/><T1/><D1/><U78/><E42/><V37/><F123/><N who="0" m="47146" /><D31/><U16/><E35/><N who="0" m="13353" /><D111/><U126/><E71/><V17/><F109/><W22/><G110/><T98/><D98/><U11/><E104/><V127/><F112/><W130/><G76/><T100/><D100/><U108/><E108/><V43/><F96/><W19/><G101/><T106/><D106/><U77/><E85/><V39/><F39/><W26/><G36/><T44/><D58/><U3/><E115/><V72/><F72/><W88/><G60/><T70/><D70/><U80/><E114/><V105/><F105/><W90/><G130/><T81/><D81/><U69/><E80/><V83/><F83/><N who="3" m="49279" /><G10/><T47/><D50/><U113/><E3/><V103/><F103/><W5/><G2/><T9/><D9/><U24/><E113/><V52/><F43/><W38/><G5/><T93/><D93/><U56/><E11/><V63/><F63/><W92/><G38/><T54/><D54/><U121/><E69/><V128/><F128/><W66/><G66/><AGARI ba="0,0" hai="44,47,64,66,67" m="13353,47146,50699" machi="66" ten="40,5200,0" yaku="28,2,20,1" doraHai="45" who="0" fromWho="3" sc="237,52,224,0,379,0,160,-52" /><INIT seed="3,0,0,2,0,110" ten="289,224,379,108" oya="3" hai0="82,22,104,134,97,51,64,34,48,26,28,128,101" hai1="24,107,70,13,38,94,40,132,61,115,62,55,96" hai2="11,8,124,45,32,113,25,114,20,12,103,14,108" hai3="27,2,84,123,36,15,105,44,41,120,60,29,129"/><W95/><G105/><T92/><D128/><U56/><E107/><V35/><F45/><W85/><G2/><T3/><D134/><U79/><E132/><V102/><F108/><W46/><G129/><T39/><D39/><U119/><E119/><V74/><F74/><W83/><G95/><T0/><D0/><U47/><E79/><V23/><REACH who="2" step="1"/><F25/><REACH who="2" ten="289,224,369,108" step="2"/><W54/><G123/><T73/><D3/><U76/><E24/><V65/><F65/><W131/><G120/><T6/><D73/><U1/><E1/><V17/><F17/><W118/><G131/><T90/><D6/><U43/><E13/><V53/><F53/><W52/><G118/><T122/><D122/><U9/><E43/><V109/><F109/><W59/><G46/><T111/><D111/><U135/><E135/><V69/><F69/><W4/><G15/><T42/><D42/><U93/><E70/><V81/><F81/><W130/><G4/><T75/><D64/><U58/><E47/><V86/><F86/><W19/><G130/><T100/><D75/><U121/><E40/><V7/><F7/><W33/><G19/><T21/><D82/><U80/><E38/><V30/><F30/><W117/><G117/><T67/><D67/><U66/><E121/><V91/><F91/><N who="3" m="51615" /><G85/><N who="0" m="52303" /><D101/><U68/><E68/><V77/><F77/><W125/><G54/><T18/><D18/><U72/><E96/><V88/><F88/><W106/><G106/><T87/><D87/><U49/><E9/><V98/><F98/><W10/><G10/><T78/><D78/><U63/><E76/><V37/><F37/><RYUUKYOKU ba="0,1" sc="289,10,224,-30,369,10,108,10" hai0="21,22,26,28,34,48,51,97,100,104" hai2="8,11,12,14,20,23,32,35,102,103,113,114,124" hai3="27,29,33,36,41,44,52,59,60,125" /><INIT seed="3,1,1,0,4,57" ten="299,194,379,118" oya="3" hai0="68,42,113,63,24,11,132,96,127,17,3,10,53" hai1="32,94,112,77,19,125,100,119,86,67,70,37,118" hai2="82,90,64,27,47,108,7,14,76,54,87,66,130" hai3="98,12,104,48,4,35,74,135,102,34,105,40,60"/><W71/><G74/><T133/><D42/><U65/><E112/><V111/><F130/><W52/><G135/><N who="0" m="51787" /><D3/><U43/><E32/><V26/><F76/><W62/><G105/><T33/><D127/><U30/><E125/><V5/><F47/><W20/><G71/><T21/><D33/><U55/><E70/><V49/><F49/><W41/><G35/><T101/><D113/><U91/><E30/><V23/><F54/><W46/><G34/><T92/><D53/><U123/><E123/><V25/><F23/><W89/><G89/><T116/><D116/><N who="1" m="44587" /><E100/><V51/><F51/><W44/><G40/><T107/><D107/><U88/><E19/><V129/><F129/><W9/><G20/><T99/><D99/><N who="1" m="57799" /><E77/><V121/><F121/><W61/><G61/><T128/><D128/><U36/><E55/><V134/><F134/><W18/><G4/><N who="2" m="1609" /><F14/><W6/><G6/><T80/><D80/><N who="1" m="49607" /><E43/><V131/><F131/><W95/><G104/><T115/><D115/><U122/><E122/><V45/><F45/><W29/><G29/><T110/><D110/><AGARI ba="1,1" hai="25,26,27,64,66,82,87,90,108,110,111" m="1609" machi="110" ten="30,1000,0" yaku="14,1" doraHai="57" who="2" fromWho="0" sc="299,-13,194,0,379,23,118,0" /><INIT seed="4,0,0,5,1,43" ten="286,194,402,118" oya="0" hai0="65,27,57,122,108,91,86,88,69,75,54,24,87" hai1="52,23,110,44,31,66,7,124,96,49,120,130,51" hai2="48,80,125,0,36,117,109,113,72,64,92,106,126" hai3="73,101,127,89,105,14,59,38,21,33,32,2,107"/><T112/><D75/><U134/><E120/><V123/><RYUUKYOKU type="yao9" ba="0,0" sc="286,0,194,0,402,0,118,0" hai2="0,36,48,64,72,80,92,106,109,113,117,123,125,126" /><INIT seed="4,1,0,4,0,54" ten="286,194,402,118" oya="0" hai0="107,25,90,118,108,17,135,100,28,24,5,64,7" hai1="26,128,119,45,8,121,2,3,89,61,22,13,53" hai2="0,73,133,15,115,112,40,1,77,62,67,79,42" hai3="75,38,43,81,51,58,117,29,46,11,78,55,50"/><T98/><D118/><U66/><E121/><V52/><F133/><W110/><G110/><T68/><D135/><U102/><E119/><V12/><F67/><W33/><G117/><T94/><D108/><U30/><E128/><V86/><F86/><W84/><G11/><T91/><D24/><U95/><E102/><V60/><REACH who="2" step="1"/><F52/><REACH who="2" ten="286,194,392,118" step="2"/><W109/><G109/><T4/><D64/><U41/><E53/><V87/><F87/><W88/><G29/><T19/><D68/><U126/><E126/><V114/><F114/><W14/><G33/><T127/><D127/><U104/><E66/><V96/><F96/><W80/><REACH who="3" step="1"/><G14/><REACH who="3" ten="286,194,392,108" step="2"/><T125/><D125/><U132/><E132/><V10/><F10/><W36/><AGARI ba="1,2" hai="36,38,43,46,50,51,55,58,75,78,80,81,84,88" machi="36" ten="30,8000,1" yaku="1,1,2,1,0,1,52,1,54,1,53,0" doraHai="54" doraHaiUra="101" who="3" fromWho="3" sc="286,-41,194,-21,392,-21,108,103" /><INIT seed="5,0,0,0,0,65" ten="245,173,371,211" oya="1" hai0="9,129,72,23,104,21,118,22,93,97,114,113,107" hai1="2,102,67,47,84,85,6,112,63,96,35,74,120" hai2="0,58,44,40,60,3,106,105,88,1,39,62,14" hai3="134,27,30,115,66,101,64,57,7,50,54,55,127"/><U125/><E120/><V94/><F14/><W89/><G115/><N who="0" m="44043" /><D72/><U8/><E112/><V37/><F37/><W43/><G127/><T41/><D118/><U42/><E74/><V82/><F82/><W18/><G134/><T90/><D129/><U77/><E35/><V133/><F133/><W73/><G7/><T32/><D32/><U24/><E24/><V83/><F83/><W108/><G73/><T52/><D41/><U13/><E2/><V26/><F26/><W81/><G101/><T68/><D9/><U78/><E125/><V111/><F111/><W126/><G108/><T116/><D116/><U56/><E78/><V45/><F45/><W131/><G131/><T92/><D92/><U19/><E77/><V135/><F135/><W61/><G43/><T121/><D121/><U36/><REACH who="1" step="1"/><E6/><REACH who="1" ten="245,163,371,211" step="2"/><V70/><F0/><W91/><G126/><T122/><D122/><U4/><E4/><V80/><F1/><W11/><G27/><T123/><D123/><U71/><E71/><V132/><F70/><W10/><G81/><T117/><D68/><U75/><E75/><V128/><F80/><W103/><G66/><T124/><D124/><U69/><E69/><V28/><F3/><W46/><G64/><T49/><D117/><U31/><E31/><V33/><F28/><W48/><G30/><T109/><D109/><U86/><E86/><V98/><F33/><W38/><G18/><T17/><D17/><U59/><E59/><AGARI ba="0,1" hai="21,22,23,49,52,59,90,93,97,104,107" m="44043" machi="59" ten="30,2000,0" yaku="15,1,54,1" doraHai="65" who="0" fromWho="1" sc="245,30,163,-20,371,0,211,0" /><INIT seed="6,0,0,2,2,10" ten="275,143,371,211" oya="2" hai0="83,111,23,21,114,97,77,43,65,127,38,53,6" hai1="5,121,12,78,27,32,13,0,47,54,99,46,89" hai2="60,28,68,80,73,9,61,100,124,34,101,17,126" hai3="94,25,3,15,132,129,98,7,24,1,120,71,35"/><V113/><F113/><W108/><G71/><T117/><D111/><U130/><E121/><V76/><F34/><W58/><G108/><T55/><D127/><N who="2" m="48682" /><F28/><W44/><G129/><T41/><D114/><U16/><E130/><V105/><F105/><W118/><G132/><T82/><D65/><U110/><E110/><V74/><F74/><W69/><G69/><T52/><D117/><U56/><E78/><V19/><F19/><W29/><G25/><T116/><D116/><U84/><E99/><V50/><F50/><W66/><G44/><N who="1" m="16938" /><E32/><V79/><F79/><W70/><G70/><T123/><D123/><U22/><E0/><V67/><F61/><W103/><G120/><T95/><D6/><U87/><E5/><V33/><F33/><W88/><G118/><T131/><D131/><U86/><E89/><V57/><F68/><W51/><G103/><T39/><D77/><U91/><E91/><V115/><F115/><W30/><G30/><T104/><D104/><U63/><AGARI ba="0,0" hai="12,13,16,22,27,54,56,63,84,86,87" m="16938" machi="63" ten="30,7900,0" yaku="8,1,52,2,54,1" doraHai="10" who="1" fromWho="1" sc="275,-20,143,79,371,-39,211,-20" /><INIT seed="7,0,0,1,0,50" ten="255,222,332,191" oya="3" hai0="69,45,134,94,43,70,35,65,61,109,105,48,52" hai1="133,114,130,24,115,103,83,64,125,101,54,99,85" hai2="96,1,58,122,80,113,117,72,121,123,7,12,81" hai3="62,135,4,42,97,56,2,71,112,21,111,25,77"/><W39/><G71/><N who="0" m="42415" /><D94/><U41/><E125/><V28/><F117/><W33/><G33/><T93/><D93/><U40/><E130/><V116/><F116/><W79/><G135/><T59/><D105/><U29/><E133/><V126/><F126/><W9/><G111/><T46/><D35/><U68/><E99/><V14/><F28/><W100/><G112/><N who="1" m="43050" /><E64/><V6/><F113/><W55/><G42/><N who="1" m="16490" /><E68/><N who="0" m="26217" /><D134/><U53/><E101/><V127/><F96/><W37/><G77/><T47/><D109/><U15/><E103/><V124/><F72/><W66/><G79/><T49/><AGARI ba="0,0" hai="43,45,46,47,48,49,52,59" m="26217,42415" machi="49" ten="30,12000,2" yaku="35,5,52,1,54,1" doraHai="50" who="0" fromWho="0" sc="255,120,222,-30,332,-30,191,-60" owari="375,48.0,192,-21.0,302,10.0,131,-37.0" /></mjloggm>