<mjloggm ver="2.3"><GO type="97" lobby="0"/><UN n0="%E3%81%B6%E3%82%8B%E3%81%82%E3%81%82%E3%81%82%E3%81%82%E3%81%82%EF%BC%81" n1="%42%65%6C%69%65%66" n2="%E3%82%A6%E3%83%AB%E3%83%88%E3%83%A9%E7%AB%8B%E7%9B%B4" n3="%E3%81%99%E3%81%AA%E3%81%8F%E3%81%98%E3%82%89" dan="14,13,13,15" rate="1959.20,1986.70,1884.68,1971.78" sx="M,F,M,M"/><TAIKYOKU oya="0"/><INIT seed="0,0,0,0,4,125" ten="250,250,250,250" oya="0" hai0="9,104,35,110,97,52,107,16,117,5,134,53,112" hai1="27,39,59,70,85,67,119,91,18,100,109,10,64" hai2="38,49,135,102,133,84,77,73,93,37,63,54,4" hai3="25,7,30,29,90,21,33,6,111,95,31,81,78"/><T123/><D123/><U14/><E119/><V45/><F4/><W34/><G111/><T50/><D117/><U83/><E109/><V44/><F63/><W40/><G40/><T76/><D112/><U22/><E70/><V66/><F66/><W57/><G57/><T17/><D110/><U89/><E39/><V28/><F28/><N who="3" m="10859" /><G95/><T61/><D35/><N who="3" m="13321" /><G90/><T120/><D120/><U113/><E113/><V26/><F102/><W128/><G81/><T43/><D134/><U82/><E100/><V88/><F77/><W55/><G55/><T62/><D76/><U41/><E41/><V11/><F73/><W127/><G78/><T92/><D107/><U122/><E122/><V36/><F45/><W56/><G56/><N who="0" m="34951" /><D43/><U19/><E59/><V86/><F86/><AGARI ba="0,0" hai="10,14,18,19,22,27,64,67,82,83,85,86,89,91" machi="86" ten="40,2600,0" yaku="9,1,8,1" doraHai="125" who="1" fromWho="2" sc="250,0,250,26,250,-26,250,0" /><INIT seed="1,0,0,2,3,54" ten="250,276,224,250" oya="1" hai0="27,93,53,8,18,124,119,6,84,113,70,100,133" hai1="32,45,73,126,36,12,21,71,135,87,63,94,65" hai2="60,15,25,68,4,38,134,88,107,10,35,103,79" hai3="49,117,106,102,5,85,96,125,75,29,48,33,20"/><U129/><E73/><V76/><F38/><W9/><G75/><T77/><D119/><U0/><E0/><V7/><F134/><W122/><G117/><T23/><D113/><U51/><E32/><V104/><F7/><W31/><G122/><T92/><D70/><U19/><E135/><V97/><F104/><W26/><G125/><T116/><D124/><U131/><E126/><V98/><F98/><W64/><G64/><T47/><D116/><U80/><E94/><V57/><F88/><W101/><G101/><T52/><D133/><U41/><REACH who="1" step="1"/><E36/><REACH who="1" ten="250,266,224,250" step="2"/><V95/><F107/><W81/><G33/><T123/><D92/><U34/><E34/><V111/><F111/><W132/><G132/><T67/><D93/><U108/><E108/><V110/><F110/><W55/><G31/><T114/><D114/><U50/><E50/><V58/><F35/><W120/><G120/><T56/><D123/><U115/><E115/><V22/><F68/><W66/><G49/><T74/><D74/><U2/><E2/><V59/><F60/><W72/><G72/><T14/><D14/><U44/><E44/><V3/><F3/><W91/><G48/><T40/><D47/><U61/><E61/><V13/><F13/><W1/><G106/><T69/><D69/><U46/><E46/><V130/><F130/><W127/><G127/><T90/><D56/><U62/><E62/><V128/><F128/><W121/><G121/><T39/><D39/><U109/><E109/><V78/><F59/><W82/><G1/><T37/><D37/><U28/><E28/><AGARI ba="0,1" hai="4,10,15,22,25,28,57,58,76,78,79,95,97,103" machi="28" ten="40,5200,0" yaku="8,1,52,2" doraHai="54" who="2" fromWho="1" sc="250,0,266,-52,224,62,250,0" /><INIT seed="2,0,0,2,1,48" ten="250,214,286,250" oya="2" hai0="13,47,119,80,120,12,59,100,16,8,79,63,110" hai1="43,61,90,22,88,64,9,15,128,87,65,107,116" hai2="117,23,67,132,91,25,51,73,111,106,37,28,86" hai3="81,70,84,105,113,56,77,21,36,109,74,32,83"/><V60/><F37/><W45/><G70/><T18/><D120/><U131/><E116/><V53/><F73/><W78/><G32/><T38/><D119/><U30/><E107/><V89/><F106/><W4/><G105/><T69/><D110/><U104/><E104/><V10/><F117/><W42/><G109/><T49/><D69/><U31/><E43/><V1/><F111/><W33/><G33/><T34/><D34/><U129/><E22/><V114/><F114/><W14/><G113/><T46/><D38/><U44/><E44/><V71/><F132/><W57/><REACH who="3" step="1"/><G21/><REACH who="3" ten="250,214,286,240" step="2"/><T5/><D8/><AGARI ba="0,1" hai="4,8,14,36,42,45,56,57,74,77,78,81,83,84" machi="8" ten="40,5200,0" yaku="1,1,2,1,53,1" doraHai="48" doraHaiUra="39" who="3" fromWho="0" sc="250,-52,214,0,286,0,240,62" /><BYE who="0" /><UN n0="%E3%81%B6%E3%82%8B%E3%81%82%E3%81%82%E3%81%82%E3%81%82%E3%81%82%EF%BC%81" /><INIT seed="3,0,0,2,2,39" ten="198,214,286,302" oya="3" hai0="31,49,123,80,55,58,20,107,51,127,115,4,48" hai1="100,110,44,126,65,77,130,125,47,34,54,41,86" hai2="68,133,104,59,11,71,57,94,108,10,6,112,13" hai3="105,22,35,50,111,72,103,25,74,56,92,12,102"/><W46/><G105/><T15/><D123/><U120/><E120/><V62/><F104/><W14/><G56/><T29/><D107/><U131/><E34/><V45/><F108/><W18/><G111/><T5/><D115/><U24/><E110/><V99/><F133/><W129/><G129/><N who="1" m="49162" /><E100/><N who="3" m="38442" /><G35/><T82/><D127/><N who="1" m="48651" /><E24/><V42/><F11/><W113/><G113/><T109/><D109/><U21/><E21/><V16/><F6/><W60/><G60/><T9/><D5/><U7/><E7/><V78/><F78/><W26/><G74/><T1/><D1/><U98/><E98/><V135/><F112/><W27/><G72/><T32/><D32/><U0/><E86/><V81/><F81/><W69/><G69/><T38/><D38/><N who="1" m="21559" /><E77/><V132/><F94/><W52/><G92/><T119/><D119/><U2/><E2/><V88/><F99/><W53/><G12/><T66/><D66/><U118/><E0/><V61/><F88/><W85/><G85/><T122/><D122/><U114/><E114/><V76/><F76/><W95/><G95/><T121/><D121/><U3/><E3/><V97/><F97/><W40/><AGARI ba="0,0" hai="14,18,22,25,26,27,40,46,50,52,53" m="38442" machi="40" ten="30,6000,0" yaku="8,1,52,1,54,1" doraHai="39" who="3" fromWho="3" sc="198,-20,214,-20,286,-20,302,60" owari="178,-32.0,194,-21.0,266,7.0,362,46.0" /></mjloggm>