<mjloggm ver="2.3"><GO type="169" lobby="0"/><UN n0="%E3%82%A6%E3%83%AB%E3%83%88%E3%83%A9%E7%AB%8B%E7%9B%B4" n1="%E4%B8%8D%E8%81%B4%E7%89%8C%E3%83%AA%E3%83%BC%E3%83%81" n2="%53%48%49%53%55%4B%45" n3="%E3%81%AA%E3%81%AA%E2%98%86%E3%81%A0%E3%81%BE%EF%BC%A2" dan="17,16,16,17" rate="2175.32,2075.24,2136.10,2167.16" sx="M,M,M,M"/><TAIKYOKU oya="0"/><INIT seed="0,0,0,1,4,114" ten="250,250,250,250" oya="0" hai0="105,51,24,103,50,95,135,92,132,84,70,65,99" hai1="14,119,128,131,13,77,4,27,97,28,41,87,90" hai2="0,134,91,71,35,79,80,83,133,67,9,36,66" hai3="98,25,63,61,85,5,40,72,129,111,69,47,29"/><T49/><D65/><U113/><E113/><V62/><F36/><W89/><G72/><T75/><D70/><U106/><E77/><V121/><F121/><W44/><G5/><T125/><D75/><U48/><E119/><V3/><F35/><W116/><G98/><T123/><D123/><U45/><E97/><V115/><F115/><W52/><G116/><T101/><D125/><U68/><E106/><V82/><F67/><W130/><G111/><T124/><D124/><U118/><E68/><V20/><F91/><W22/><G69/><T100/><D105/><U88/><E118/><V126/><F126/><W127/><G127/><T23/><D84/><U1/><E1/><V10/><F20/><W57/><G63/><T17/><REACH who="0" step="1"/><D99/><REACH who="0" ten="240,250,250,250" step="2"/><U81/><E131/><V73/><F73/><W32/><G130/><T102/><N who="0" m="25600" /><DORA hai="34" /><T21/><D21/><U74/><E128/><V11/><F79/><W7/><G32/><T117/><D117/><U55/><E74/><V58/><F71/><W53/><G129/><T96/><D96/><U15/><E90/><V18/><F18/><W64/><G89/><T86/><D86/><U31/><E87/><V2/><AGARI ba="0,1" hai="0,2,3,9,10,11,58,62,66,80,82,83,133,134" machi="2" ten="40,12000,2" yaku="0,1,29,2,52,3" doraHai="114,34" who="2" fromWho="2" sc="240,-60,250,-30,250,130,250,-30" /><INIT seed="1,0,0,2,2,135" ten="180,220,380,220" oya="1" hai0="82,78,4,3,48,83,97,22,37,46,86,77,99" hai1="104,92,120,80,112,25,98,130,71,119,6,62,127" hai2="30,29,94,50,124,1,117,60,72,65,108,96,2" hai3="14,76,20,123,39,90,109,54,133,35,131,23,57"/><U28/><E120/><V34/><F117/><W118/><G123/><T36/><D36/><U95/><E119/><V26/><F72/><W122/><G122/><T9/><D22/><U19/><E112/><V63/><F30/><W87/><G39/><T8/><D8/><U113/><E113/><V84/><F108/><W21/><G76/><T105/><D105/><U31/><E104/><V66/><F50/><W53/><G35/><T132/><D132/><U64/><E6/><V115/><F115/><W129/><G133/><T59/><D59/><U121/><E121/><V102/><F84/><W51/><G109/><T61/><D61/><U106/><E106/><V128/><F128/><N who="3" m="49227" /><G54/><T111/><D111/><U89/><E130/><V27/><F27/><W17/><G118/><T79/><D79/><U40/><E40/><V38/><F38/><W91/><G91/><T45/><D45/><U110/><E110/><V67/><F124/><W69/><G69/><T13/><D13/><U11/><E127/><V12/><F12/><W44/><G44/><T116/><D116/><U32/><E31/><V7/><F2/><W15/><G15/><T93/><D93/><AGARI ba="0,0" hai="14,17,20,21,23,51,53,57,87,90,93" m="49227" machi="93" ten="30,2000,0" yaku="25,1,19,1" doraHai="135" who="3" fromWho="0" sc="180,-20,220,0,380,0,220,20" /><INIT seed="2,0,0,5,1,51" ten="160,220,380,240" oya="2" hai0="90,60,129,64,22,50,80,104,6,76,4,2,56" hai1="9,86,65,109,31,58,59,8,13,101,48,24,123" hai2="43,10,99,132,54,3,52,36,20,88,91,130,83" hai3="134,18,100,28,95,14,69,97,77,32,128,21,79"/><V44/><F130/><W42/><G69/><T84/><D104/><U46/><E123/><V82/><F132/><W41/><G128/><T135/><D129/><U122/><E122/><V81/><F20/><N who="3" m="11351" /><G32/><T96/><D135/><U25/><E109/><V70/><F70/><W35/><G35/><T71/><D2/><U17/><E101/><V87/><F99/><W110/><G110/><T0/><D0/><U125/><E125/><V113/><F113/><W116/><G116/><T131/><D131/><U68/><E68/><V126/><F126/><W26/><G134/><T38/><D38/><U7/><E86/><V118/><F118/><W47/><G47/><T1/><D1/><U16/><E7/><V105/><F105/><W108/><G108/><T75/><D75/><U55/><E65/><V120/><F120/><W30/><G30/><T133/><D133/><U112/><E112/><V39/><F39/><W102/><G102/><T12/><D22/><U85/><E85/><V115/><F115/><W23/><G23/><T121/><D121/><U73/><E73/><V114/><F114/><W67/><G67/><T124/><D124/><U29/><E29/><V45/><F45/><W92/><G92/><T37/><D37/><U98/><E98/><V5/><REACH who="2" step="1"/><F91/><REACH who="2" ten="160,220,370,240" step="2"/><W63/><G21/><T94/><D71/><U61/><E31/><V74/><F74/><W57/><G28/><T103/><D90/><U93/><E46/><V34/><F34/><W107/><G107/><T53/><D96/><U89/><E89/><V111/><F111/><W66/><G26/><T19/><D103/><RYUUKYOKU ba="0,1" sc="160,-15,220,-15,370,15,240,15" hai2="3,5,10,36,43,44,52,54,81,82,83,87,88" hai3="41,42,57,63,66,77,79,95,97,100" /><INIT seed="2,1,1,1,2,127" ten="145,205,385,255" oya="2" hai0="130,70,122,2,61,27,118,64,102,7,83,39,0" hai1="30,68,63,50,8,88,74,52,73,114,31,15,78" hai2="5,9,47,99,104,41,38,108,119,18,59,65,34" hai3="35,33,26,11,44,49,37,115,13,76,43,1,10"/><V69/><F119/><W86/><G115/><T124/><D39/><U92/><E114/><V60/><F108/><W121/><G121/><T32/><D122/><U55/><E73/><V111/><F111/><W110/><G110/><T82/><D118/><U28/><E74/><V123/><F123/><W45/><G26/><T85/><D124/><U24/><E78/><V54/><F34/><W48/><G1/><T117/><D117/><U95/><E95/><V81/><F18/><W105/><G105/><T40/><D40/><U116/><E116/><V17/><F17/><W90/><G76/><T16/><D7/><U4/><E68/><V126/><F126/><W58/><G58/><T101/><D32/><U19/><E63/><V100/><F81/><W93/><G37/><T98/><D83/><U91/><E91/><V3/><F54/><W128/><G128/><T97/><D130/><U62/><E62/><V75/><F59/><W42/><REACH who="3" step="1"/><G10/><REACH who="3" ten="145,205,385,245" step="2"/><T89/><D0/><U107/><E107/><V80/><F38/><W23/><G23/><T87/><D2/><U20/><REACH who="1" step="1"/><E50/><REACH who="1" ten="145,195,385,245" step="2"/><V131/><F104/><W53/><G53/><T109/><D109/><U29/><N who="1" m="7168" /><DORA hai="66" /><U135/><E135/><V77/><F77/><W25/><G25/><T106/><D27/><U56/><E56/><V113/><F113/><W14/><G14/><T22/><D61/><U125/><E125/><V12/><F12/><W72/><G72/><T51/><D51/><U129/><E129/><V132/><F75/><W79/><G79/><T36/><D106/><U96/><AGARI ba="1,3" hai="4,8,15,19,20,24,52,55,88,92,96" m="7168" machi="96" ten="40,8000,1" yaku="1,1,0,1,8,1,54,2,53,0" doraHai="127,66" doraHaiUra="112,120" who="1" fromWho="1" sc="145,-21,195,113,385,-41,245,-21" /><INIT seed="3,0,0,5,5,19" ten="124,308,344,224" oya="3" hai0="13,31,88,97,122,50,77,103,89,101,93,30,123" hai1="6,34,125,111,94,41,129,110,5,115,14,28,100" hai2="33,117,32,37,40,114,85,29,7,12,120,10,21" hai3="62,128,132,135,96,72,71,126,133,79,134,51,74"/><W75/><N who="3" m="33792" /><DORA hai="92" /><W18/><G126/><T70/><D70/><U80/><E125/><V54/><F117/><W25/><G128/><T119/><D77/><U46/><E115/><V83/><F114/><W76/><G51/><T86/><D119/><U84/><E129/><V48/><F120/><W121/><G121/><T81/><D123/><U99/><E34/><V8/><F37/><W52/><G96/><N who="0" m="57391" /><D122/><U43/><E28/><N who="0" m="10793" /><D50/><U17/><E111/><V95/><F40/><N who="1" m="15433" /><E46/><V127/><F33/><W56/><G71/><T16/><D97/><U24/><E24/><V20/><F32/><W59/><G59/><T104/><D104/><U90/><E110/><V15/><F29/><W63/><G63/><T39/><D39/><U131/><E131/><V66/><F48/><W42/><G42/><T55/><D55/><U73/><E73/><V61/><F54/><W49/><G49/><T68/><D68/><U112/><E112/><V9/><F61/><W45/><G45/><T3/><D3/><U105/><E105/><V1/><F1/><W47/><G47/><T102/><D102/><U67/><E67/><V27/><F66/><W107/><G107/><T113/><D113/><U60/><E60/><V26/><F127/><W53/><G53/><T78/><D78/><U58/><E58/><V2/><F2/><W82/><G76/><T64/><D64/><U98/><E98/><V36/><F36/><W87/><G74/><T22/><AGARI ba="0,0" hai="13,16,22,81,86,88,101,103" m="10793,57391" machi="22" ten="30,8000,1" yaku="8,1,52,2,54,2" doraHai="19,92" who="0" fromWho="0" sc="124,80,308,-20,344,-20,224,-40" /><INIT seed="4,0,0,5,2,25" ten="204,288,324,184" oya="0" hai0="44,91,73,97,52,127,67,22,130,27,104,118,134" hai1="59,88,76,75,109,78,113,131,117,83,26,40,93" hai2="45,50,81,36,28,82,119,46,24,51,31,16,54" hai3="34,48,114,47,129,108,21,35,106,32,102,37,132"/><T123/><D118/><U39/><E117/><V92/><F36/><W103/><G108/><T90/><D123/><U49/><E109/><V107/><F107/><W71/><G37/><T80/><D127/><U84/><E39/><V23/><F92/><W55/><G71/><T17/><D130/><U121/><E121/><V77/><F119/><W2/><G2/><T61/><D134/><U3/><E3/><V57/><F57/><W128/><G132/><T12/><D73/><U98/><E131/><N who="3" m="50250" /><G114/><T63/><D80/><N who="2" m="30826" /><F77/><W14/><G106/><T125/><D125/><U60/><E113/><V85/><F85/><W110/><G110/><T5/><D104/><U29/><E75/><V69/><F69/><W135/><G135/><T58/><D97/><U94/><E94/><V4/><F4/><W122/><G122/><T126/><D126/><U74/><E74/><V101/><F101/><N who="3" m="38411" /><G14/><T43/><D5/><U64/><E76/><V89/><F89/><W79/><G21/><T11/><D11/><U112/><E112/><V56/><F56/><W99/><G79/><T87/><D87/><U20/><E49/><V41/><AGARI ba="0,0" hai="16,23,24,28,31,41,45,46,50,51,54" m="30826" machi="41" ten="30,7900,0" yaku="8,1,52,2,54,1" doraHai="25" who="2" fromWho="2" sc="204,-39,288,-20,324,79,184,-20" /><INIT seed="5,0,0,5,0,14" ten="165,268,403,164" oya="1" hai0="3,82,50,49,54,122,47,76,68,92,78,110,59" hai1="103,36,44,42,97,2,107,124,40,87,32,34,9" hai2="38,121,101,73,55,104,134,12,81,126,127,19,39" hai3="6,57,91,71,80,88,65,120,105,112,114,77,53"/><U116/><E116/><V118/><F118/><W60/><G120/><T29/><D3/><U58/><E124/><N who="2" m="47659" /><F121/><W113/><G6/><T20/><D68/><U99/><E42/><V74/><F55/><W83/><G105/><T109/><D122/><U61/><E99/><N who="2" m="61503" /><F134/><W10/><G10/><T69/><D69/><U67/><E2/><V100/><F100/><W86/><REACH who="3" step="1"/><G83/><REACH who="3" ten="165,268,403,154" step="2"/><T66/><D110/><U94/><E9/><N who="2" m="6543" /><F81/><W129/><G129/><T102/><D82/><U89/><AGARI ba="0,1" hai="32,34,36,40,44,58,61,67,87,89,94,97,103,107" machi="89" ten="30,1500,0" yaku="0,1" doraHai="14" who="1" fromWho="1" sc="165,-5,268,25,403,-5,154,-5" /><INIT seed="5,1,0,3,4,24" ten="160,293,398,149" oya="1" hai0="6,29,8,63,58,48,41,30,112,123,53,110,119" hai1="33,126,109,114,134,96,67,19,95,103,7,130,27" hai2="75,85,15,73,49,122,117,55,94,21,124,54,71" hai3="132,89,104,100,47,59,111,2,91,52,18,90,40"/><U77/><E7/><V46/><F122/><W80/><G111/><T32/><D119/><U78/><E109/><V72/><F117/><W43/><G2/><T65/><D110/><U107/><E114/><V128/><F71/><W60/><G132/><T26/><D112/><U36/><E36/><V135/><F135/><W37/><G43/><T10/><D123/><U69/><E134/><V39/><F39/><W87/><REACH who="3" step="1"/><G18/><REACH who="3" ten="160,293,398,139" step="2"/><T28/><D41/><U102/><E19/><V113/><F113/><W118/><G118/><T4/><D4/><U120/><E120/><V86/><F124/><W64/><G64/><T88/><D88/><U98/><E67/><V3/><F55/><W108/><G108/><T115/><D115/><U14/><E103/><V76/><F54/><W51/><G51/><T106/><D106/><U1/><E102/><V127/><F3/><W34/><G34/><T11/><REACH who="0" step="1"/><D6/><REACH who="0" ten="150,293,398,139" step="2"/><U79/><E107/><V66/><F127/><W83/><G83/><T9/><N who="0" m="2048" /><DORA hai="0" /><T13/><D13/><U92/><E126/><V129/><F15/><W17/><G17/><T23/><D23/><U116/><E14/><V99/><F21/><W101/><G101/><T57/><AGARI ba="1,2" hai="26,28,29,30,32,48,53,57,58,63,65" m="2048" machi="57" ten="40,12000,2" yaku="1,1,0,1,52,3,53,1" doraHai="24,0" doraHaiUra="93,45" who="0" fromWho="0" sc="150,143,293,-61,398,-31,139,-31" /><INIT seed="6,0,0,3,0,6" ten="293,232,367,108" oya="2" hai0="74,95,23,80,84,54,7,83,77,58,129,52,30" hai1="114,27,70,62,90,25,33,48,115,72,44,128,130" hai2="81,75,71,29,124,55,112,1,24,39,105,14,26" hai3="125,38,91,20,110,111,106,16,119,34,12,35,79"/><V100/><F1/><W96/><G38/><T89/><D129/><N who="1" m="49771" /><E72/><V94/><F105/><W92/><G119/><T68/><D68/><U56/><E90/><V103/><F39/><W67/><G125/><T65/><D7/><U15/><E15/><V101/><F71/><W131/><G131/><T120/><D120/><U13/><E13/><V42/><F42/><W41/><G67/><T47/><D47/><U10/><E70/><V31/><F124/><W40/><G79/><T134/><D134/><U60/><E10/><V98/><F112/><W32/><REACH who="3" step="1"/><G106/><REACH who="3" ten="293,232,367,98" step="2"/><T36/><D65/><N who="1" m="39047" /><E115/><V135/><F135/><W97/><G97/><T2/><D36/><U22/><E114/><V116/><F116/><W69/><G69/><T85/><D77/><U82/><E33/><V43/><F98/><W21/><G21/><T133/><D23/><U76/><E22/><V99/><F99/><W123/><G123/><T109/><D133/><U3/><E76/><V0/><F75/><W8/><G8/><T28/><D74/><U126/><E126/><V51/><F31/><W78/><G78/><T93/><D30/><U86/><E86/><V107/><F29/><W63/><G63/><T19/><D28/><U59/><E62/><V61/><F61/><W11/><G11/><T45/><D85/><U117/><E117/><V50/><F107/><W18/><G18/><T108/><D19/><U118/><E118/><V4/><F4/><W66/><G66/><T87/><D84/><U9/><E9/><V37/><F37/><W113/><G113/><T132/><D87/><U104/><E104/><RYUUKYOKU ba="0,1" sc="293,-10,232,-10,367,-10,98,30" hai3="12,16,20,32,34,35,40,41,91,92,96,110,111" /><INIT seed="7,1,1,0,5,132" ten="283,222,357,128" oya="3" hai0="24,17,35,81,76,4,31,28,53,73,67,80,44" hai1="62,91,19,5,92,32,84,110,9,12,7,21,58" hai2="16,100,85,123,114,71,55,101,33,88,122,104,42" hai3="2,57,75,86,105,6,0,87,129,66,103,109,83"/><W61/><G75/><T116/><D116/><U22/><E32/><V130/><F33/><W18/><G6/><N who="1" m="2058" /><E110/><V102/><F71/><W47/><G109/><T108/><D31/><U8/><E8/><V40/><F130/><W52/><G129/><T3/><D67/><AGARI ba="1,1" hai="9,12,19,21,22,58,62,67,84,91,92" m="2058" machi="67" ten="30,1000,0" yaku="8,1" doraHai="132" who="1" fromWho="0" sc="283,-13,222,23,357,0,128,0" owari="270,7.0,245,-15.0,357,45.0,128,-37.0" /></mjloggm>