<mjloggm ver="2.3"><GO type="97" lobby="0"/><UN n0="%E3%81%84%E3%81%91%E3%81%8B%E3%82%81" n1="%E3%81%9F%E3%82%89%E3%81%84%E5%9B%9E%E3%81%97" n2="%4C%61%72%72%6B" n3="%E3%82%A6%E3%83%AB%E3%83%88%E3%83%A9%E7%AB%8B%E7%9B%B4" dan="15,13,13,14" rate="1951.57,2077.94,1853.95,1938.36" sx="M,M,M,M"/><TAIKYOKU oya="0"/><INIT seed="0,0,0,0,0,86" ten="250,250,250,250" oya="0" hai0="133,71,116,110,7,127,120,58,125,56,84,124,70" hai1="34,9,115,89,6,19,1,96,61,10,31,69,49" hai2="114,91,74,30,5,44,135,92,118,111,113,102,132" hai3="36,47,72,66,130,88,87,12,0,35,45,82,32"/><T57/><D120/><U93/><E115/><V22/><F74/><W46/><G0/><T68/><D7/><U11/><E49/><V53/><F102/><W98/><G72/><T24/><D24/><U81/><E19/><V79/><F79/><W15/><G130/><T50/><D84/><U77/><E31/><V59/><F5/><W41/><G66/><T18/><D18/><U123/><E34/><V108/><F44/><W17/><G15/><T13/><D13/><U27/><E27/><N who="2" m="16759" /><F53/><W73/><G73/><T99/><D99/><U76/><E123/><V4/><F4/><W121/><G121/><T78/><D78/><U94/><E76/><V2/><F59/><W128/><G128/><T64/><D116/><U129/><E129/><V48/><F48/><W126/><G126/><T33/><D33/><U20/><E69/><V119/><F2/><W40/><G98/><T105/><D105/><U134/><E61/><V90/><F92/><W29/><G29/><T65/><D133/><N who="2" m="51274" /><F113/><W85/><G85/><T107/><D107/><U100/><E134/><V63/><F63/><W25/><G25/><T112/><D112/><U28/><E94/><V54/><F54/><W26/><G26/><T16/><D16/><U103/><E1/><V42/><F42/><W51/><REACH who="3" step="1"/><G46/><REACH who="3" ten="250,250,250,240" step="2"/><T83/><D127/><U117/><E96/><V80/><F114/><W52/><G52/><T55/><D125/><U38/><E6/><V60/><F80/><W14/><G14/><T62/><D83/><U97/><E81/><V8/><F8/><AGARI ba="0,1" hai="8,12,17,32,35,36,40,41,45,47,51,82,87,88" machi="8" ten="30,7700,0" yaku="1,1,7,1,52,1,54,1,53,0" doraHai="86" doraHaiUra="3" who="3" fromWho="2" sc="250,0,250,0,250,-77,240,87" /><INIT seed="1,0,0,2,2,101" ten="250,250,173,327" oya="1" hai0="11,10,16,89,117,67,134,72,131,62,133,49,46" hai1="91,90,56,14,28,61,60,20,1,33,68,93,80" hai2="9,8,126,92,43,106,21,17,97,5,100,6,31" hai3="13,66,123,2,121,51,18,109,55,77,7,86,120"/><U34/><E1/><V83/><F126/><W69/><G66/><T26/><D131/><U75/><E68/><V103/><F43/><W39/><G39/><T30/><D72/><U119/><E119/><V111/><F111/><W104/><G69/><T71/><D117/><U23/><E75/><V36/><F36/><W81/><G104/><T41/><D89/><U19/><E80/><V105/><F31/><W95/><G109/><T65/><D65/><U57/><E14/><V110/><F110/><W25/><G25/><T63/><D63/><U130/><E93/><V58/><F83/><W47/><G95/><T50/><D50/><U94/><E94/><V102/><F58/><W0/><REACH who="3" step="1"/><G7/><REACH who="3" ten="250,250,173,317" step="2"/><N who="2" m="2569" /><F105/><W64/><G64/><T44/><D67/><U15/><E15/><N who="2" m="9407" /><F106/><W115/><G115/><T82/><D82/><U12/><E12/><V38/><F38/><W128/><G128/><T124/><D71/><U88/><E130/><V74/><F74/><W122/><N who="3" m="31232" /><DORA hai="113" /><W37/><G37/><T40/><D26/><N who="1" m="14623" /><E34/><V4/><F4/><W54/><G54/><T24/><D24/><N who="1" m="16415" /><E33/><V135/><F135/><W96/><G96/><T129/><D134/><U32/><E32/><V112/><F112/><W29/><G29/><T107/><D30/><U98/><E98/><V132/><F132/><W73/><G73/><T118/><D133/><U48/><E56/><V70/><F70/><W52/><G52/><AGARI ba="0,1" hai="48,52,57,60,61,88,90,91" m="16415,14623" machi="52" ten="30,5800,0" yaku="8,1,54,2" doraHai="101,113" who="1" fromWho="3" sc="250,0,250,68,173,0,317,-58" /><INIT seed="1,1,0,3,4,36" ten="250,318,173,259" oya="1" hai0="94,101,63,72,22,96,132,65,104,23,39,18,64" hai1="131,76,45,103,10,12,56,67,30,26,83,32,126" hai2="109,8,78,77,118,79,106,111,133,116,44,98,92" hai3="16,25,121,87,11,5,97,110,51,9,55,4,14"/><U6/><E126/><V91/><F8/><W48/><G121/><T102/><D132/><U123/><E123/><V69/><F69/><W86/><G110/><N who="2" m="41993" /><F44/><W74/><G74/><T52/><D72/><U112/><E112/><V42/><F42/><W61/><G97/><T47/><D39/><U85/><E131/><V95/><F133/><W129/><G129/><T37/><D37/><U107/><E45/><V68/><F68/><W57/><G25/><T34/><D34/><U115/><E115/><V2/><F2/><W38/><G38/><T53/><D23/><U49/><E107/><V33/><F33/><W59/><G5/><T82/><D82/><U21/><E103/><N who="2" m="62839" /><F91/><W84/><REACH who="3" step="1"/><G57/><REACH who="3" ten="250,318,173,249" step="2"/><T60/><D96/><U134/><E134/><V119/><AGARI ba="1,1" hai="77,78,79,92,95,116,118,119" m="62839,41993" machi="119" ten="40,5200,0" yaku="14,1,34,2" doraHai="36" who="2" fromWho="2" sc="250,-14,318,-27,173,65,249,-14" /><INIT seed="2,0,0,2,5,107" ten="236,291,238,235" oya="2" hai0="16,17,9,120,75,106,130,40,0,70,11,35,52" hai1="76,113,27,95,108,62,32,103,99,72,105,104,101" hai2="86,134,49,91,94,117,100,26,127,81,43,97,69" hai3="13,29,64,59,84,8,55,65,1,37,102,80,57"/><V135/><F69/><W47/><G37/><T98/><D130/><U24/><E62/><V56/><F117/><W5/><G1/><T129/><D129/><U45/><E45/><V109/><F127/><W123/><G123/><T119/><D120/><U122/><E122/><V74/><F109/><W96/><G29/><T73/><D35/><U12/><E12/><V63/><F26/><W28/><G28/><T132/><D132/><U42/><E42/><V14/><F14/><W46/><G65/><T90/><D70/><U124/><E113/><V114/><F114/><W85/><G64/><T7/><D40/><U23/><E23/><V30/><F30/><W112/><G112/><T34/><D34/><U88/><E32/><V60/><F74/><W121/><G121/><T36/><D36/><U50/><E50/><V18/><F18/><W126/><G126/><T93/><D106/><N who="1" m="41067" /><E24/><V67/><REACH who="2" step="1"/><F60/><REACH who="2" ten="236,291,228,235" step="2"/><W125/><G125/><T82/><D75/><U44/><E27/><V110/><F110/><W2/><G13/><T21/><D73/><U116/><E124/><V25/><F25/><W20/><G5/><T61/><D7/><U39/><E108/><V77/><F77/><W15/><G15/><T10/><D17/><U118/><E72/><V66/><F66/><W3/><G2/><T31/><D31/><U83/><E118/><V128/><F128/><W48/><G3/><T54/><D0/><U111/><E116/><V68/><F68/><W53/><G8/><T92/><D119/><U87/><E111/><V79/><F79/><W33/><G33/><T19/><D11/><RYUUKYOKU ba="0,1" sc="236,-15,291,15,228,15,235,-15" hai1="39,44,76,83,87,88,95,99,101,103" hai2="43,49,56,63,67,81,86,91,94,97,100,134,135" /><INIT seed="2,1,1,3,1,100" ten="221,306,243,220" oya="2" hai0="63,2,95,126,15,103,121,91,4,131,72,101,112" hai1="42,129,68,48,32,33,108,66,50,22,74,70,27" hai2="86,119,47,111,57,132,114,78,8,110,11,16,113" hai3="81,118,45,44,34,120,14,49,60,134,12,30,62"/><V7/><F119/><W99/><G118/><T36/><D131/><U29/><E74/><V130/><F130/><W88/><G120/><T107/><D126/><U125/><E108/><N who="2" m="41515" /><F132/><W1/><G1/><T24/><D112/><N who="2" m="43114" /><F47/><N who="3" m="17995" /><G34/><T96/><D103/><U104/><E125/><V123/><F123/><W9/><G134/><T21/><D72/><U19/><E33/><V106/><F106/><W23/><G49/><T38/><D121/><U20/><E104/><V40/><F40/><W51/><G51/><T35/><D63/><N who="3" m="24105" /><G9/><N who="0" m="2199" /><D107/><U135/><E48/><V46/><F46/><W5/><G5/><T25/><D101/><U31/><E50/><V75/><F75/><W59/><G59/><T53/><D38/><U92/><E42/><V43/><F43/><W109/><G109/><T128/><D36/><U61/><E32/><V94/><F57/><W124/><G124/><T77/><D35/><U18/><E135/><V116/><F116/><W93/><G81/><T0/><D128/><U76/><E68/><V6/><F6/><W52/><G52/><T84/><D53/><U83/><E129/><V102/><F7/><W97/><G97/><T41/><D41/><U39/><E39/><V54/><F54/><W80/><G80/><N who="0" m="47119" /><D0/><U122/><E122/><V10/><F78/><W105/><G105/><T37/><D37/><U58/><E70/><V26/><F26/><AGARI ba="1,1" hai="12,14,23,26,30,88,93,99" m="24105,17995" machi="26" ten="30,2000,0" yaku="8,1,54,1" doraHai="100" who="3" fromWho="2" sc="221,0,306,0,243,-23,220,33" /><INIT seed="3,0,0,4,5,27" ten="221,306,220,253" oya="3" hai0="34,119,102,70,99,135,88,73,78,110,17,108,100" hai1="133,21,31,93,118,51,89,71,75,2,50,5,24" hai2="26,117,43,22,32,61,74,104,129,46,115,95,23" hai3="4,39,132,128,28,97,16,131,60,127,19,63,36"/><W72/><G72/><T77/><D70/><U47/><E75/><V106/><F115/><W30/><G4/><T91/><D34/><U76/><E76/><N who="0" m="29289" /><D73/><U12/><E71/><V14/><F117/><W40/><G97/><T107/><D119/><U109/><E109/><N who="0" m="42089" /><D17/><N who="3" m="6729" /><G127/><T123/><D123/><U10/><E133/><V6/><F74/><W59/><G132/><T44/><D44/><U41/><E118/><V126/><F126/><W120/><G120/><T96/><D135/><U20/><E20/><V9/><F129/><N who="3" m="49739" /><G63/><T53/><D53/><U1/><E51/><V114/><F114/><W15/><G15/><T69/><D69/><U42/><E42/><V94/><F61/><W134/><G134/><T58/><D58/><U56/><E56/><V35/><F106/><AGARI ba="0,0" hai="88,91,96,99,100,102,106,107" m="42089,29289" machi="106" ten="30,7700,0" yaku="14,1,34,2,54,1" doraHai="27" who="0" fromWho="2" sc="221,77,306,0,220,-77,253,0" owari="298,10.0,306,41.0,143,-36.0,253,-15.0" /></mjloggm>