<mjloggm ver="2.3"><GO type="97" lobby="0"/><UN n0="%E5%A4%A9%E4%B8%8B" n1="%41%6D%65%74%68%75%73" n2="%E5%B0%B1%E6%B4%BB%E7%94%9F%40%E5%B7%9D%E6%9D%91%E8%BB%8D%E5%9B%A3" n3="%31%30%30%33%32%67%6F" dan="14,13,13,14" rate="2049.81,1954.89,1840.40,1949.65" sx="M,M,M,M"/><TAIKYOKU oya="0"/><INIT seed="0,0,0,4,0,102" ten="250,250,250,250" oya="0" hai0="79,101,131,40,2,9,56,61,32,133,91,25,125" hai1="74,30,124,96,15,122,75,51,49,36,81,68,45" hai2="94,13,110,107,57,70,21,105,39,66,98,8,72" hai3="58,92,134,55,28,47,69,118,117,0,24,114,85"/><T42/><D131/><U6/><E122/><V119/><F72/><W5/><G69/><T103/><D125/><U130/><E68/><V52/><F119/><W89/><G114/><T106/><D79/><U73/><E130/><V104/><F39/><W116/><G134/><T10/><D91/><U3/><E124/><V18/><F110/><W26/><G5/><T90/><D90/><U113/><E113/><V78/><F78/><W54/><G0/><T60/><D60/><U34/><E3/><V41/><F41/><W120/><G120/><T46/><D106/><U29/><E36/><V62/><F8/><W128/><G128/><T129/><D129/><U97/><E81/><V126/><F126/><W11/><G11/><T48/><D42/><U83/><E83/><V16/><F18/><W127/><G127/><T53/><D10/><U95/><E6/><V20/><F20/><W88/><G89/><T38/><D133/><U112/><E15/><V23/><F23/><W93/><G92/><T123/><D123/><U132/><E112/><V82/><F82/><W35/><G26/><T100/><D38/><U43/><E132/><V135/><F135/><W86/><G86/><T22/><D32/><U87/><E87/><V59/><REACH who="2" step="1"/><F52/><REACH who="2" ten="250,250,240,250" step="2"/><W115/><G115/><T76/><D76/><U121/><E121/><V31/><F31/><W63/><G47/><T67/><D9/><U14/><E45/><V109/><F109/><W27/><G55/><T64/><D2/><U19/><E43/><V1/><F1/><W108/><G108/><T4/><D4/><U65/><E30/><AGARI ba="0,1" hai="22,25,30,40,46,48,53,56,61,64,67,100,101,103" machi="30" ten="40,3900,0" yaku="6,1,8,1" doraHai="102" who="0" fromWho="1" sc="250,49,250,-39,240,0,250,0" /><INIT seed="0,1,0,3,5,71" ten="299,211,240,250" oya="0" hai0="118,79,27,41,51,26,134,105,14,90,5,22,120" hai1="58,25,70,50,31,67,124,86,110,73,121,80,13" hai2="72,17,78,125,100,107,85,52,60,32,109,81,104" hai3="87,113,95,129,2,119,64,36,89,45,97,111,96"/><T98/><D118/><U30/><E73/><V57/><F32/><W84/><G2/><T94/><D120/><U77/><E121/><V75/><F109/><W6/><G6/><T54/><D79/><U39/><E110/><V62/><F125/><W126/><G111/><T123/><D41/><U16/><E124/><V42/><F42/><W103/><G126/><T10/><D123/><U101/><E70/><V115/><F115/><W15/><G64/><T133/><D105/><U38/><E101/><V7/><F7/><W59/><G59/><T106/><D106/><U66/><E66/><V69/><F69/><W93/><G15/><T53/><D54/><U4/><E4/><V127/><F127/><W68/><G68/><T74/><D74/><U117/><E117/><V33/><F33/><W12/><G12/><T114/><D114/><U102/><E102/><V130/><F130/><W128/><G113/><T19/><REACH who="0" step="1"/><D26/><REACH who="0" ten="289,211,240,250" step="2"/><U28/><E25/><V24/><F104/><W0/><G119/><T82/><D82/><U99/><E99/><V135/><F75/><W116/><G116/><T46/><AGARI ba="1,1" hai="5,10,14,19,22,27,46,51,53,90,94,98,133,134" machi="46" ten="30,3000,0" yaku="1,1,0,1,53,0" doraHai="71" doraHaiUra="108" who="0" fromWho="0" sc="289,43,211,-11,240,-11,250,-11" /><INIT seed="0,2,0,5,3,63" ten="332,200,229,239" oya="0" hai0="82,85,91,114,113,45,42,7,123,87,57,133,89" hai1="119,100,101,40,53,65,24,49,54,103,105,4,68" hai2="62,29,3,14,132,77,127,116,128,15,86,102,126" hai3="108,21,8,56,130,134,67,93,66,88,39,78,75"/><T74/><D123/><U79/><E119/><V76/><F3/><W64/><G39/><T23/><D133/><U43/><E105/><V55/><F116/><W83/><G134/><T71/><D71/><U2/><E79/><V115/><F115/><W99/><G108/><T30/><D7/><U125/><E125/><N who="2" m="47627" /><F128/><W32/><G32/><T112/><D57/><U10/><E24/><V94/><F132/><W122/><G130/><T59/><D59/><U131/><E131/><V16/><F29/><W107/><G122/><T124/><D124/><U48/><E68/><V9/><F15/><W121/><G121/><T117/><D117/><U109/><E109/><V1/><F1/><W27/><G107/><T69/><D69/><U13/><E2/><V25/><F25/><W50/><G8/><T20/><D74/><U135/><E135/><V61/><F55/><N who="1" m="21001" /><E65/><V106/><F106/><W46/><G56/><T35/><D35/><U129/><E129/><V104/><F104/><W28/><G67/><T118/><D118/><U5/><E5/><V18/><F18/><W96/><G96/><T52/><D30/><U70/><E70/><V80/><F76/><W84/><G75/><T98/><D98/><AGARI ba="2,0" hai="9,14,16,61,62,77,80,86,94,98,102" m="47627" machi="98" ten="30,2000,0" yaku="18,1,54,1" doraHai="63" who="2" fromWho="0" sc="332,-26,200,0,229,26,239,0" /><INIT seed="1,0,0,2,2,30" ten="306,200,255,239" oya="1" hai0="46,63,130,72,66,31,34,26,89,104,117,13,39" hai1="123,106,92,29,82,115,129,50,19,122,0,80,58" hai2="76,135,87,47,4,61,90,7,48,36,54,127,15" hai3="64,3,74,52,71,73,126,103,83,2,42,133,94"/><U100/><E0/><V16/><F127/><W8/><G126/><T99/><D117/><U25/><E115/><V68/><F135/><W44/><G133/><T110/><D110/><U43/><E106/><V86/><F36/><W79/><G74/><T41/><D130/><U67/><E129/><V96/><F76/><W134/><G134/><T128/><D89/><U118/><E118/><V70/><F87/><W75/><G75/><T57/><D13/><U109/><E109/><V49/><F96/><W56/><G71/><N who="0" m="42463" /><D128/><U93/><E123/><V105/><F105/><W81/><G64/><T9/><D9/><U121/><E121/><V85/><F85/><W6/><G83/><N who="1" m="31786" /><E29/><V111/><F111/><W5/><G5/><T114/><D57/><U55/><E122/><V11/><F49/><W132/><G132/><T62/><D62/><N who="1" m="38359" /><E43/><V20/><F61/><W97/><G3/><T125/><D125/><U1/><E100/><V60/><F60/><W37/><G56/><T35/><D72/><U22/><E1/><V116/><F116/><W51/><G51/><T10/><D114/><U120/><E120/><V65/><F65/><W112/><G112/><T131/><D131/><U107/><E107/><V14/><REACH who="2" step="1"/><F4/><REACH who="2" ten="306,200,245,239" step="2"/><W17/><G17/><T101/><D10/><U91/><E91/><V84/><F84/><W53/><AGARI ba="0,1" hai="2,6,8,37,42,44,52,53,73,79,81,94,97,103" machi="53" ten="30,7900,0" yaku="0,1,25,2,54,1" doraHai="30" who="3" fromWho="3" sc="306,-20,200,-39,245,-20,239,89" /><INIT seed="2,0,0,4,0,106" ten="286,161,225,328" oya="2" hai0="14,46,59,131,83,2,93,121,11,105,95,45,74" hai1="100,15,82,12,79,39,120,6,112,60,119,63,1" hai2="34,32,25,107,52,111,30,130,38,62,16,42,76" hai3="18,127,77,67,94,101,35,5,22,9,65,8,19"/><V126/><F107/><W71/><G35/><T108/><D121/><U48/><E119/><V123/><F123/><W80/><G127/><T88/><D108/><U116/><E120/><V135/><F111/><W66/><G71/><T37/><D131/><U3/><E116/><V41/><F126/><W129/><G129/><T20/><D105/><U49/><E112/><V134/><F130/><W87/><G9/><T51/><D37/><U24/><E39/><V50/><F32/><W90/><G101/><T28/><D2/><U115/><E115/><V0/><F0/><W104/><G104/><T21/><D74/><U128/><E128/><V36/><F76/><W92/><G92/><N who="0" m="35403" /><D59/><U13/><E100/><V103/><F103/><W109/><G109/><T96/><D96/><U124/><E124/><V86/><F86/><W33/><G33/><T75/><D75/><U55/><E3/><V23/><F62/><N who="1" m="23593" /><E1/><V72/><F72/><W117/><G117/><T47/><D28/><U68/><E68/><V70/><F70/><W125/><G125/><T113/><D113/><U7/><E79/><V97/><F97/><W118/><G118/><T29/><D29/><U54/><E82/><V73/><F73/><W91/><G91/><T58/><D83/><U110/><E24/><N who="2" m="14439" /><F36/><W78/><G78/><T69/><D88/><U43/><E110/><V99/><F99/><W98/><G22/><T133/><D69/><U26/><E26/><V44/><F38/><W89/><G77/><T40/><D21/><U85/><E85/><V53/><F41/><W4/><G4/><N who="1" m="1578" /><E43/><V31/><F31/><RYUUKYOKU ba="0,0" sc="286,-30,161,10,225,10,328,10" hai1="12,13,15,48,49,54,55" hai2="25,30,34,42,44,50,52,53,134,135" hai3="5,8,18,19,65,66,67,80,87,89,90,94,98" /><INIT seed="2,1,0,5,1,24" ten="256,171,235,338" oya="2" hai0="91,74,41,118,12,17,67,132,92,57,65,121,113" hai1="123,71,1,107,106,8,75,49,125,68,58,13,51" hai2="135,53,84,128,47,101,116,119,43,19,62,73,78" hai3="25,108,131,46,36,28,40,52,109,55,21,129,45"/><V77/><F128/><N who="3" m="49227" /><G46/><T5/><D121/><U20/><E75/><V29/><F135/><W110/><AGARI ba="1,0" hai="21,25,28,36,40,45,52,55,108,109,110" m="49227" machi="110" ten="40,8000,1" yaku="14,1,19,1,52,1,54,1" doraHai="24" who="3" fromWho="3" sc="256,-21,171,-21,235,-41,338,83" /><INIT seed="3,0,0,1,5,56" ten="235,150,194,421" oya="3" hai0="14,95,96,20,63,68,116,64,11,28,47,112,76" hai1="16,124,67,111,93,84,34,114,15,5,101,98,36" hai2="126,9,105,52,129,10,35,106,82,103,75,66,109" hai3="127,42,24,41,115,83,117,44,90,118,99,1,32"/><W125/><G1/><T49/><D116/><N who="3" m="44649" /><G32/><T89/><D76/><U119/><E114/><V60/><F35/><W19/><G24/><T70/><D112/><U17/><E36/><V23/><F109/><W134/><G19/><T40/><D28/><U57/><E34/><V135/><F135/><W26/><G26/><T33/><D33/><U86/><E124/><N who="3" m="47690" /><G115/><T102/><D20/><U27/><E111/><V123/><F129/><W7/><G7/><T18/><REACH who="0" step="1"/><D102/><REACH who="0" ten="225,150,194,421" step="2"/><U133/><E119/><V113/><F103/><W46/><G134/><T3/><D3/><U37/><E133/><V69/><F23/><W85/><G99/><T130/><D130/><U50/><E37/><V128/><F113/><W31/><G31/><T43/><D43/><AGARI ba="0,1" hai="41,42,43,44,46,83,85,90" m="47690,44649" machi="43" ten="30,1500,0" yaku="18,1" doraHai="56" who="3" fromWho="0" sc="225,-15,150,0,194,0,421,25" owari="210,1.0,150,-35.0,194,-21.0,446,55.0" /></mjloggm>