<mjloggm ver="2.3"><GO type="97" lobby="0"/><UN n0="%70%61%72%63%61%65" n1="%E3%82%A6%E3%83%AB%E3%83%88%E3%83%A9%E7%AB%8B%E7%9B%B4" n2="%4D%61%73%61%6B%69%79%6F" n3="%E9%BE%8D%E9%82%A6" dan="13,15,13,13" rate="1833.13,2073.95,1803.76,1842.14" sx="M,M,M,M"/><TAIKYOKU oya="0"/><INIT seed="0,0,0,5,0,81" ten="250,250,250,250" oya="0" hai0="100,60,40,12,18,113,128,67,24,43,120,77,118" hai1="65,69,14,114,93,96,46,75,6,101,73,31,53" hai2="86,21,48,104,16,52,97,9,45,117,112,62,95" hai3="88,4,41,42,94,79,37,3,5,50,44,15,124"/><T121/><D118/><U36/><E114/><V10/><F104/><W22/><G3/><T98/><D113/><U7/><E75/><V63/><F117/><W1/><G37/><T11/><D128/><U32/><E73/><V115/><F112/><W102/><G1/><T28/><D77/><U80/><E36/><V59/><F115/><W130/><G130/><T129/><D129/><U85/><E32/><V61/><F86/><N who="3" m="52503" /><G124/><T8/><D8/><U126/><E126/><V56/><F45/><W109/><G109/><T33/><D120/><U17/><E31/><V70/><F70/><W29/><G102/><T110/><D110/><U125/><E125/><V122/><F122/><W20/><G79/><T90/><D90/><N who="1" m="51495" /><E65/><V38/><F38/><W84/><G41/><T68/><REACH who="0" step="1"/><D121/><REACH who="0" ten="240,250,250,250" step="2"/><U23/><E69/><V76/><F76/><W64/><G64/><T0/><D0/><U111/><E111/><V66/><F9/><W58/><G22/><T92/><AGARI ba="0,1" hai="11,12,18,24,28,33,40,43,60,67,68,92,98,100" machi="92" ten="20,3900,0" yaku="1,1,0,1,7,1,53,0" doraHai="81" doraHaiUra="78" who="0" fromWho="0" sc="240,49,250,-13,250,-13,250,-13" /><INIT seed="0,1,0,4,0,89" ten="289,237,237,237" oya="0" hai0="92,133,82,46,24,97,84,102,57,65,23,52,126" hai1="10,109,50,124,67,18,131,14,128,99,129,104,114" hai2="39,60,9,61,55,86,75,72,31,32,121,64,42" hai3="59,96,120,53,78,13,38,36,49,81,19,2,63"/><T21/><D65/><U100/><E114/><V22/><F121/><W105/><G2/><T130/><D126/><U43/><E124/><V48/><F32/><W125/><G120/><T122/><D122/><U87/><E67/><V119/><F61/><W107/><G125/><T83/><D130/><U15/><E109/><V94/><F119/><W56/><G107/><T93/><D133/><U51/><E43/><V77/><F9/><W85/><G105/><T88/><D46/><U47/><E47/><V12/><F42/><W68/><G68/><T3/><D3/><U134/><E134/><V112/><F39/><W27/><G27/><T20/><D24/><U54/><E54/><V110/><F110/><W111/><G111/><T1/><D1/><U90/><REACH who="1" step="1"/><E15/><REACH who="1" ten="289,227,237,237" step="2"/><V95/><F112/><W37/><G37/><T4/><REACH who="0" step="1"/><D4/><REACH who="0" ten="279,227,237,237" step="2"/><U7/><E7/><V135/><F64/><W108/><G108/><T132/><D132/><U91/><E91/><V16/><F135/><W30/><G36/><T41/><D41/><U127/><E127/><V98/><F31/><W58/><G38/><T17/><D17/><U113/><E113/><V123/><F123/><W80/><G30/><T69/><D69/><U103/><E103/><V34/><F16/><W116/><G116/><T70/><D70/><U11/><E11/><V29/><F29/><W74/><G19/><T71/><D71/><U62/><E62/><AGARI ba="1,2" hai="20,21,23,52,57,62,82,83,84,88,92,93,97,102" machi="62" ten="40,18000,2" yaku="1,1,8,1,52,2,54,2,53,0" doraHai="89" doraHaiUra="35" who="0" fromWho="1" sc="279,203,227,-183,237,0,237,0" /><INIT seed="0,2,0,3,3,48" ten="482,44,237,237" oya="0" hai0="115,12,98,114,118,70,66,113,119,16,116,100,130" hai1="104,33,51,135,93,80,21,28,30,53,99,22,78" hai2="68,10,85,57,96,26,2,67,90,0,40,65,47" hai3="81,42,110,69,25,121,109,29,76,44,126,79,73"/><T8/><D70/><U62/><E104/><V71/><F96/><W112/><G112/><T132/><D66/><U6/><E135/><V50/><F26/><W4/><G126/><T54/><D132/><U86/><E33/><V125/><F10/><W64/><G79/><T111/><D130/><U83/><E6/><V101/><F101/><W120/><G4/><T58/><D111/><N who="3" m="42505" /><G29/><T103/><REACH who="0" step="1"/><D98/><REACH who="0" ten="472,44,237,237" step="2"/><U63/><E30/><V34/><F71/><W97/><G97/><T7/><D7/><U39/><E28/><V45/><F68/><W1/><G1/><T5/><D5/><U74/><E22/><V88/><F0/><W134/><G134/><T128/><D128/><U32/><E21/><V108/><F2/><W59/><G69/><T89/><D89/><U41/><E32/><V23/><F23/><W133/><G133/><T60/><AGARI ba="2,1" hai="8,12,16,54,58,60,100,103,113,114,115,116,118,119" machi="60" ten="40,12000,1" yaku="1,1,0,1,52,1,54,1,53,0" doraHai="48" doraHaiUra="72" who="0" fromWho="0" sc="472,136,44,-42,237,-42,237,-42" /><INIT seed="0,3,0,2,5,105" ten="608,2,195,195" oya="0" hai0="66,63,111,48,103,55,69,45,73,127,22,119,96" hai1="81,106,9,51,126,121,88,29,2,6,128,20,59" hai2="44,38,32,102,76,117,39,25,4,14,113,54,60" hai3="57,85,108,101,36,116,0,13,132,99,71,56,3"/><T80/><D119/><U129/><E106/><V43/><F117/><W118/><G36/><T114/><D114/><U7/><E7/><V135/><F113/><W19/><G71/><T79/><D127/><U97/><E121/><V124/><F124/><W23/><G132/><T34/><D34/><U1/><E126/><V87/><F135/><W17/><G108/><T77/><D77/><U62/><E51/><V91/><F102/><W31/><G85/><T134/><D134/><U86/><E97/><V98/><F32/><W5/><G31/><T68/><D111/><U35/><E35/><V26/><F39/><W53/><G5/><T75/><D75/><U15/><E29/><V67/><F98/><W30/><G30/><T112/><D112/><U12/><E12/><V90/><F54/><W130/><G130/><N who="1" m="50282" /><E20/><V41/><F76/><W93/><G19/><T83/><D83/><U18/><E18/><V50/><F38/><W49/><G57/><T37/><D37/><U122/><E122/><V28/><F41/><W125/><G125/><T107/><D22/><U94/><E94/><N who="2" m="54623" /><F91/><W84/><G84/><T46/><D69/><U52/><AGARI ba="3,0" hai="1,2,6,9,15,52,59,62,81,86,88" m="50282" machi="52" ten="30,4000,0" yaku="19,1,54,2" doraHai="105" who="1" fromWho="1" sc="608,-23,2,49,195,-13,195,-13" /><INIT seed="1,0,0,5,4,122" ten="585,51,182,182" oya="1" hai0="95,15,89,126,53,119,71,60,51,130,124,26,49" hai1="40,10,113,132,104,76,35,114,80,82,99,55,111" hai2="6,108,125,135,128,85,56,96,120,118,22,39,83" hai3="54,65,27,97,13,133,102,33,47,3,46,87,88"/><U59/><E35/><V69/><F6/><W66/><G3/><T41/><D119/><U1/><E40/><V73/><F22/><W121/><G121/><T16/><D26/><U63/><E132/><V98/><F96/><W117/><G133/><T68/><D130/><U7/><E82/><V105/><F98/><W0/><G117/><T37/><D37/><U106/><E99/><V100/><F85/><W38/><G0/><T116/><D116/><U23/><E23/><V123/><F56/><W91/><G38/><T58/><D41/><U52/><E55/><V107/><F100/><W32/><G13/><T19/><D19/><U12/><E1/><V29/><F29/><W81/><G27/><T93/><D93/><U17/><E7/><V134/><F107/><W36/><G36/><T103/><D103/><U42/><E42/><V62/><F62/><W24/><G24/><T34/><D34/><U31/><E31/><V21/><F21/><W92/><G91/><T74/><D74/><U94/><E94/><V5/><F5/><W57/><G33/><T129/><D129/><U44/><E44/><N who="3" m="16938" /><G32/><T101/><D101/><U72/><REACH who="1" step="1"/><E111/><REACH who="1" ten="585,41,182,182" step="2"/><V61/><F108/><W25/><G25/><T20/><D95/><U18/><E18/><V90/><F135/><W45/><N who="3" m="16946" /><W2/><DORA hai="14" /><G2/><T131/><D131/><U30/><E30/><V86/><F134/><W67/><G54/><T112/><D53/><U115/><AGARI ba="0,1" hai="10,12,17,52,59,63,72,76,80,104,106,113,114,115" machi="115" ten="30,24000,3" yaku="1,1,0,1,52,1,54,1,53,4" doraHai="122,14" doraHaiUra="50,110" who="1" fromWho="1" sc="585,-80,41,250,182,-80,182,-80" /><INIT seed="1,1,0,1,2,3" ten="505,291,102,102" oya="1" hai0="84,127,43,40,21,119,2,88,54,65,16,31,70" hai1="116,4,14,23,120,125,30,63,52,48,131,113,122" hai2="85,10,34,93,62,72,129,126,135,95,37,118,59" hai3="75,117,35,19,128,56,11,111,17,42,69,67,71"/><U97/><E116/><V74/><F118/><W81/><G75/><T123/><D119/><U38/><E38/><V5/><F37/><W29/><G35/><T20/><D2/><U94/><E113/><V64/><F34/><W130/><G117/><T36/><D65/><U58/><E125/><V15/><F126/><W49/><G29/><T45/><D70/><N who="3" m="26633" /><G11/><T28/><D127/><U98/><E131/><N who="3" m="50218" /><G81/><T46/><D54/><U50/><E122/><V134/><F129/><W132/><G19/><T86/><D123/><U78/><E78/><V25/><F25/><W133/><G17/><T90/><D16/><U8/><E120/><V68/><F68/><W114/><G111/><T73/><D36/><U110/><E110/><V22/><F22/><W106/><G106/><T57/><D73/><U103/><E30/><V92/><REACH who="2" step="1"/><F85/><REACH who="2" ten="505,291,92,102" step="2"/><W108/><G114/><T80/><D80/><U44/><E23/><V1/><F1/><W107/><G108/><T121/><D121/><U24/><E24/><V61/><F61/><N who="3" m="38311" /><G107/><T26/><D26/><U89/><E44/><AGARI ba="1,1" hai="42,44,49,132,133" m="38311,50218,26633" machi="44" ten="40,5200,0" yaku="19,1,34,2" doraHai="3" who="3" fromWho="1" sc="505,0,291,-55,92,0,102,65" /><INIT seed="2,0,0,1,1,94" ten="505,236,92,167" oya="2" hai0="81,85,6,118,18,92,43,129,130,44,79,28,62" hai1="5,2,63,7,69,24,41,21,27,98,3,16,31" hai2="39,120,20,101,109,113,131,59,68,86,90,13,36" hai3="53,38,17,106,70,34,73,64,77,114,40,83,89"/><V119/><F113/><W4/><G114/><T50/><D28/><U10/><E41/><V48/><F119/><W104/><G4/><N who="1" m="1610" /><E63/><V112/><F120/><W107/><G34/><T80/><D118/><U19/><E69/><V96/><F112/><W26/><G53/><T76/><D92/><U60/><E98/><V54/><F68/><W0/><G0/><T9/><D18/><U72/><E60/><V15/><F131/><N who="0" m="50186" /><D62/><U67/><E67/><V117/><F109/><W97/><G17/><T32/><D32/><N who="1" m="20583" /><E72/><V29/><F117/><W121/><G26/><T133/><D133/><U11/><E11/><V33/><F33/><W132/><G132/><T88/><D80/><U22/><E10/><V108/><F108/><W84/><G121/><T37/><D37/><U49/><E49/><V110/><F110/><W71/><G64/><T75/><D75/><U100/><E100/><V51/><F51/><W124/><G124/><T123/><D123/><U99/><E99/><V56/><F56/><W42/><G42/><T126/><D126/><U55/><E55/><V91/><F39/><W105/><G40/><T116/><D116/><U45/><E45/><V134/><F134/><W87/><G38/><T66/><D66/><U103/><E103/><V12/><F36/><W14/><G87/><T58/><D58/><U135/><E135/><V47/><F86/><W125/><G125/><T57/><D57/><U95/><E95/><N who="2" m="58527" /><F59/><W46/><G46/><T111/><D111/><U30/><E30/><V82/><F82/><W25/><G25/><AGARI ba="0,0" hai="2,3,16,19,21,22,25,27" m="20583,1610" machi="25" ten="30,12000,2" yaku="35,5,54,1" doraHai="94" who="1" fromWho="3" sc="505,0,236,120,92,0,167,-120" /><AGARI ba="0,0" hai="12,13,15,20,25,29,47,48,54,90,91" m="58527" machi="25" ten="30,2900,0" yaku="8,1,52,1" doraHai="94" who="2" fromWho="3" sc="505,0,356,0,92,29,47,-29" /><INIT seed="2,1,0,0,1,52" ten="505,356,121,18" oya="2" hai0="2,23,100,109,50,120,44,38,110,65,36,56,74" hai1="88,90,24,46,37,80,40,104,132,96,129,67,29" hai2="75,91,33,125,86,118,70,128,76,10,127,135,107" hai3="16,20,57,34,32,4,35,117,131,27,119,116,26"/><V79/><F10/><W83/><G83/><T62/><D120/><U48/><E129/><V66/><F66/><W5/><G57/><T134/><D2/><U53/><E132/><V113/><F91/><W3/><G131/><T59/><D74/><U105/><E67/><V114/><F86/><W84/><G84/><T103/><D134/><U6/><E6/><V55/><F55/><W112/><G112/><T115/><D115/><U108/><E108/><N who="0" m="41577" /><D23/><U77/><E104/><V89/><F89/><W39/><G39/><N who="0" m="14891" /><D59/><U12/><E12/><V95/><F95/><W51/><G51/><T7/><D7/><U19/><E19/><V42/><F42/><AGARI ba="1,0" hai="42,44,50,56,62,65,100,103" m="14891,41577" machi="42" ten="30,2000,0" yaku="14,1,52,1" doraHai="52" who="0" fromWho="2" sc="505,23,356,0,121,-23,18,0" /><INIT seed="3,0,0,0,5,71" ten="528,356,98,18" oya="3" hai0="115,114,78,110,19,80,55,35,94,79,111,122,40" hai1="128,95,77,121,84,99,22,117,26,51,85,43,91" hai2="21,63,52,135,66,132,103,76,100,3,124,74,47" hai3="5,106,8,87,133,58,39,7,54,89,120,59,12"/><W73/><G106/><T15/><D122/><U6/><E121/><V86/><F3/><W29/><G73/><T17/><D35/><U2/><E117/><V118/><F74/><W53/><G120/><T61/><D40/><U101/><E128/><V60/><F118/><W23/><G133/><N who="2" m="51273" /><F124/><W46/><G7/><T1/><D1/><U38/><E38/><V67/><F21/><W119/><G119/><T83/><D94/><N who="1" m="58615" /><E6/><V131/><F131/><W25/><G46/><T113/><D55/><U0/><E0/><V107/><F107/><W75/><G75/><N who="0" m="43103" /><D61/><N who="2" m="23626" /><F76/><W57/><REACH who="3" step="1"/><G39/><REACH who="3" ten="528,356,98,8" step="2"/><T92/><D115/><U4/><E4/><V11/><F86/><W42/><G42/><T9/><D114/><U72/><E72/><V112/><F112/><W88/><G88/><T14/><D113/><U104/><E104/><V49/><F11/><W16/><G16/><T123/><D17/><U48/><E43/><V97/><F97/><W31/><G31/><T37/><D19/><N who="1" m="12639" /><E2/><V98/><F98/><W93/><AGARI ba="0,1" hai="5,8,12,23,25,29,53,54,57,58,59,87,89,93" machi="93" ten="30,11700,0" yaku="1,1,0,1,8,1,53,1" doraHai="71" doraHaiUra="10" who="3" fromWho="3" sc="528,-39,356,-39,98,-39,8,127" /><INIT seed="3,1,0,3,2,134" ten="489,317,59,135" oya="3" hai0="104,16,20,100,75,27,102,125,36,127,58,44,81" hai1="31,97,64,9,79,6,84,94,91,108,114,48,117" hai2="45,18,34,82,24,57,22,13,107,129,124,88,33" hai3="66,77,30,53,85,60,2,25,65,93,98,73,113"/><W40/><G73/><T76/><D104/><U12/><E114/><V80/><F107/><W68/><G2/><T116/><D116/><U120/><E120/><V37/><F129/><W51/><G40/><T135/><D135/><U50/><E108/><V38/><F57/><W62/><G113/><T130/><D130/><U133/><E117/><V122/><F122/><W32/><G77/><T67/><D44/><U7/><E133/><V63/><F63/><W126/><G126/><N who="0" m="48139" /><D36/><U14/><E31/><V11/><F124/><W46/><G85/><T83/><D83/><N who="1" m="47231" /><E64/><V8/><F45/><W87/><G87/><T103/><D103/><U121/><E121/><V0/><F0/><W132/><G132/><T89/><D89/><U95/><E95/><V49/><F49/><W72/><G72/><T128/><D128/><U70/><E70/><V42/><F42/><W61/><G66/><T101/><D101/><AGARI ba="1,0" hai="25,30,32,46,51,53,60,61,62,65,68,93,98,101" machi="101" ten="30,1500,0" yaku="7,1" doraHai="134" who="3" fromWho="0" sc="489,-18,317,0,59,0,135,18" /><INIT seed="3,2,0,2,5,34" ten="471,317,59,153" oya="3" hai0="116,28,62,94,57,65,25,105,133,55,112,39,117" hai1="20,58,15,31,101,89,36,102,69,7,42,37,115" hai2="13,111,30,40,78,50,2,114,44,121,132,123,90" hai3="119,74,100,8,61,79,0,124,93,22,118,96,1"/><W48/><G124/><T71/><D105/><U87/><E69/><V120/><F30/><W63/><G48/><T109/><D39/><U18/><E37/><V85/><F13/><W97/><G8/><T52/><D109/><U59/><E115/><V46/><F78/><W126/><G126/><T23/><D133/><U21/><E42/><V95/><F132/><W67/><G22/><T53/><D112/><U91/><E36/><V122/><F114/><W104/><G104/><T19/><D28/><U29/><E7/><V88/><N who="2" m="30720" /><DORA hai="75" /><V43/><F111/><W56/><G63/><T54/><REACH who="0" step="1"/><D94/><REACH who="0" ten="461,317,59,153" step="2"/><U16/><E15/><V127/><F127/><W45/><G119/><T26/><D26/><U3/><REACH who="1" step="1"/><E87/><REACH who="1" ten="461,307,59,153" step="2"/><V81/><F95/><W6/><G118/><T47/><D47/><U134/><E134/><V130/><F130/><W113/><G45/><T64/><D64/><U72/><E72/><V24/><F24/><W98/><G113/><T125/><D125/><U60/><E60/><AGARI ba="2,2" hai="19,23,25,52,53,54,55,57,60,62,65,71,116,117" machi="60" ten="40,2600,0" yaku="1,1,54,1,53,0" doraHai="34,75" doraHaiUra="76,9" who="0" fromWho="1" sc="461,52,307,-32,59,0,153,0" owari="513,61.0,275,8.0,59,-44.0,153,-25.0" /></mjloggm>