<mjloggm ver="2.3"><GO type="41" lobby="0"/><UN n0="%E3%81%97%E3%82%87%E3%83%BC%E3%82%84" n1="%43%61%6D%65%6C%69%61" n2="%E5%B0%B1%E6%B4%BB%E7%94%9F%40%E5%B7%9D%E6%9D%91%E8%BB%8D%E5%9B%A3" n3="%E3%81%A7%E3%81%93%EF%BC%A0" dan="14,15,15,15" rate="1853.73,1940.93,2049.81,1991.15" sx="M,M,M,M"/><TAIKYOKU oya="0"/><INIT seed="0,0,0,3,5,7" ten="250,250,250,250" oya="0" hai0="128,61,94,92,135,78,130,132,70,74,110,66,133" hai1="28,129,36,33,126,76,97,95,121,109,112,93,40" hai2="11,123,51,17,10,72,84,63,24,69,44,48,119" hai3="122,38,16,73,117,89,18,80,81,12,55,102,35"/><T57/><D70/><U75/><E121/><V42/><F72/><W83/><G73/><T27/><D27/><U34/><E75/><V53/><F119/><W82/><G35/><T2/><D2/><U106/><E76/><V37/><F123/><W68/><G38/><T131/><D110/><U86/><E109/><V58/><F84/><N who="3" m="50311" /><G68/><T26/><D26/><U65/><E86/><V43/><F43/><W107/><G107/><T32/><D32/><U99/><E106/><V4/><F4/><W125/><G125/><T52/><D66/><U14/><E65/><N who="2" m="41151" /><F48/><W67/><G67/><T98/><D98/><U29/><E126/><V134/><F134/><W115/><G115/><T88/><D88/><U15/><E112/><V116/><F116/><W90/><G102/><T127/><D127/><U13/><E13/><V9/><F24/><W49/><G117/><T118/><D118/><U104/><E104/><V59/><F59/><N who="3" m="33263" /><G122/><T56/><D57/><U3/><E40/><V108/><F108/><W96/><G12/><AGARI ba="0,0" hai="9,10,11,12,17,37,42,44,51,53,58" m="41151" machi="12" ten="30,7700,0" yaku="24,1,52,3" doraHai="7" who="2" fromWho="3" sc="250,0,250,0,250,77,250,-77" /><INIT seed="1,0,0,4,4,101" ten="250,250,327,173" oya="1" hai0="4,76,132,120,6,67,56,131,95,49,109,112,21" hai1="63,127,60,14,42,65,103,122,87,33,57,47,31" hai2="91,19,75,81,117,89,40,118,105,23,82,100,10" hai3="7,53,37,135,106,92,130,54,70,116,50,48,52"/><U85/><E122/><V121/><F121/><W72/><G72/><T18/><D120/><U16/><E127/><V12/><F40/><W51/><G7/><T13/><D109/><U96/><E63/><V5/><F89/><W36/><G92/><T114/><D131/><U123/><E123/><V39/><F39/><N who="3" m="14923" /><G130/><T88/><D76/><U25/><E47/><V83/><F91/><W30/><G30/><T93/><D93/><U79/><E42/><V59/><F75/><W45/><G106/><T78/><D78/><U1/><E1/><V43/><F43/><N who="3" m="24639" /><G116/><T104/><D104/><U66/><E79/><V126/><F126/><W27/><G27/><T24/><D132/><U119/><E66/><V9/><F9/><W11/><G11/><T74/><D74/><U80/><E80/><V115/><F115/><W134/><G70/><T15/><D114/><U129/><E129/><V61/><F100/><W98/><G98/><N who="0" m="57703" /><D112/><U29/><E119/><V41/><F41/><W94/><G94/><T84/><D84/><U108/><E31/><V58/><F105/><W8/><G8/><T124/><D124/><U0/><E0/><V20/><F82/><W34/><G34/><T32/><D32/><U62/><E108/><V71/><F83/><W68/><G68/><T86/><D86/><U107/><E62/><V3/><F81/><W133/><AGARI ba="0,0" hai="50,51,52,53,54,133,134,135" m="24639,14923" machi="133" ten="40,8000,1" yaku="20,1,34,2,54,1" doraHai="101" who="3" fromWho="3" sc="250,-20,250,-40,327,-20,173,80" /><INIT seed="2,0,0,1,5,99" ten="230,210,307,253" oya="2" hai0="18,71,98,55,79,72,52,89,50,131,115,28,44" hai1="4,129,46,68,24,34,104,77,121,14,78,54,65" hai2="67,109,135,58,112,100,43,132,81,66,97,127,75" hai3="84,91,73,45,118,11,10,102,23,122,80,31,32"/><V128/><F112/><W27/><G122/><T29/><D71/><U13/><E121/><V30/><F30/><W16/><G118/><T15/><D115/><U123/><E123/><V41/><F128/><W8/><G73/><T74/><D131/><U114/><E129/><V36/><F127/><W124/><G124/><T40/><D74/><U33/><E114/><V103/><F109/><W48/><G102/><N who="2" m="38953" /><F97/><W25/><REACH who="3" step="1"/><G11/><REACH who="3" ten="230,210,307,243" step="2"/><N who="0" m="6527" /><D72/><U22/><E104/><V69/><F69/><W3/><G3/><T62/><D79/><U86/><E68/><V90/><F36/><W101/><G101/><T119/><D119/><U116/><E116/><V57/><F135/><W82/><G82/><T120/><D120/><U125/><E125/><V63/><F132/><W76/><G76/><T108/><D108/><U35/><E78/><V96/><F75/><W85/><G85/><T26/><D62/><U64/><E86/><N who="2" m="50511" /><F96/><W110/><G110/><T39/><D39/><U106/><E77/><V111/><F111/><W12/><G12/><T47/><D98/><U17/><E14/><V0/><F0/><W60/><G60/><AGARI ba="0,1" hai="41,43,57,58,60,63,66,67" m="50511,38953" machi="60" ten="30,11600,0" yaku="8,1,52,3" doraHai="99" who="2" fromWho="3" sc="230,0,210,0,307,126,243,-116" /><INIT seed="2,1,0,0,1,37" ten="230,210,433,127" oya="2" hai0="25,99,0,125,95,65,43,6,116,45,72,75,68" hai1="33,22,94,114,59,119,96,3,97,91,124,105,121" hai2="36,30,115,19,134,104,70,73,83,51,67,32,26" hai3="92,132,13,133,11,39,9,50,88,106,47,112,118"/><V2/><F115/><W74/><G118/><T7/><D125/><U89/><E124/><V85/><F134/><W127/><G127/><T29/><D116/><U69/><E119/><V64/><F73/><W126/><G126/><T109/><D109/><U62/><E114/><V77/><F104/><W63/><G106/><T122/><D122/><U90/><E121/><V80/><F36/><W42/><G74/><T113/><D113/><U61/><E3/><V79/><F2/><W12/><G112/><T21/><D75/><U84/><E33/><V78/><F19/><W129/><G63/><T71/><D72/><U46/><E69/><V130/><F130/><W49/><G129/><T102/><D0/><U34/><E34/><V128/><F128/><W1/><G1/><T15/><D71/><U135/><E135/><N who="3" m="51786" /><G12/><T14/><D68/><U28/><E105/><V24/><F70/><W31/><G31/><T4/><REACH who="0" step="1"/><D65/><REACH who="0" ten="220,210,433,127" step="2"/><N who="1" m="39103" /><E97/><V87/><F32/><W57/><G57/><T55/><D55/><U93/><E96/><V76/><F30/><W10/><G13/><T103/><D103/><U86/><E46/><V41/><F67/><W5/><G5/><T82/><D82/><U101/><E101/><V44/><F64/><W16/><G16/><T53/><D53/><U23/><E28/><V38/><F38/><AGARI ba="1,1" hai="4,6,7,14,15,21,25,29,38,43,45,95,99,102" machi="38" ten="40,2600,0" yaku="1,1,52,1,53,0" doraHai="37" doraHaiUra="48" who="0" fromWho="2" sc="220,39,210,0,433,-29,127,0" /><INIT seed="3,0,0,3,1,25" ten="259,210,404,127" oya="3" hai0="68,71,21,94,48,106,110,29,115,66,35,36,118" hai1="109,126,91,9,87,133,69,46,128,23,10,67,96" hai2="54,122,42,47,26,108,79,114,83,132,41,81,7" hai3="131,78,34,8,98,45,86,38,56,125,33,63,113"/><W95/><G113/><T100/><D118/><U59/><E69/><V17/><F114/><W103/><G125/><T117/><D117/><U72/><E126/><V49/><F108/><W11/><G131/><T116/><D116/><U121/><E121/><V74/><F132/><W6/><G11/><T77/><D36/><U123/><E72/><V102/><F7/><W134/><G134/><T50/><D77/><U43/><E133/><V53/><F122/><W73/><G73/><T0/><D0/><U3/><E123/><V84/><F102/><W112/><G112/><T135/><D110/><U37/><E109/><V89/><F53/><W97/><G98/><T55/><D35/><U76/><E128/><V30/><REACH who="2" step="1"/><F17/><REACH who="2" ten="259,210,394,127" step="2"/><W31/><G103/><T127/><D135/><U92/><E3/><V129/><F129/><W65/><G6/><T28/><D100/><U61/><E76/><V104/><F104/><W39/><G78/><T101/><D101/><U124/><E124/><V16/><F16/><W70/><G65/><T24/><D106/><U99/><E67/><V15/><F15/><W120/><G120/><T4/><D4/><U85/><E91/><V62/><F62/><W44/><G63/><T93/><D115/><U90/><E61/><V18/><F18/><W51/><G8/><T2/><D2/><U52/><E10/><V22/><AGARI ba="0,1" hai="22,26,30,41,42,47,49,54,74,79,81,83,84,89" machi="22" ten="20,8000,1" yaku="1,1,0,1,7,1,52,1,53,1" doraHai="25" doraHaiUra="107" who="2" fromWho="2" sc="259,-20,210,-20,394,90,127,-40" /><INIT seed="4,0,0,4,3,34" ten="239,190,484,87" oya="0" hai0="47,105,122,84,35,32,17,15,26,70,117,25,102" hai1="76,38,29,134,74,93,66,96,99,109,54,120,13" hai2="21,6,92,121,82,132,72,2,39,19,69,115,75" hai3="33,7,28,36,52,12,14,90,78,80,56,85,24"/><T5/><D70/><U79/><E38/><V133/><F92/><W113/><G113/><T83/><D117/><U108/><E93/><V40/><F121/><W20/><G36/><T1/><D122/><U131/><E120/><V9/><F115/><W62/><G7/><T106/><D102/><U65/><E74/><V64/><F64/><W0/><G0/><T68/><D68/><U18/><E54/><V63/><F63/><W130/><G130/><T42/><D105/><U43/><E131/><V46/><F69/><W3/><G3/><T107/><D107/><U86/><E86/><V89/><F89/><W129/><G129/><T94/><D94/><U100/><E100/><V16/><F19/><W110/><G110/><T37/><D106/><U95/><E95/><V124/><F124/><W45/><G78/><T59/><D59/><U128/><E128/><V73/><REACH who="2" step="1"/><F82/><REACH who="2" ten="239,190,474,87" step="2"/><W23/><REACH who="3" step="1"/><G45/><REACH who="3" ten="239,190,474,77" step="2"/><T135/><D47/><U8/><E109/><V53/><F53/><W91/><G91/><T119/><D5/><U44/><E108/><V97/><F97/><W60/><G60/><T10/><D42/><U30/><E43/><V48/><F48/><W22/><AGARI ba="0,2" hai="12,14,20,22,23,24,28,33,52,56,62,80,85,90" machi="22" ten="30,7900,0" yaku="1,1,0,1,54,1,53,1" doraHai="34" doraHaiUra="27" who="3" fromWho="3" sc="239,-39,190,-20,474,-20,77,99" /><INIT seed="5,0,0,0,3,9" ten="200,170,454,176" oya="1" hai0="85,60,72,15,100,0,53,118,19,77,68,131,16" hai1="22,55,122,18,71,105,65,49,41,62,82,50,110" hai2="125,40,111,10,104,39,42,14,135,115,31,95,127" hai3="44,133,117,24,48,86,81,113,120,1,80,52,84"/><U103/><E110/><V12/><F104/><W29/><G120/><T51/><D0/><U96/><E50/><V92/><F111/><W124/><G1/><T57/><D72/><U34/><E82/><N who="3" m="31850" /><G124/><N who="2" m="47689" /><F115/><W123/><G123/><T4/><D118/><U20/><E122/><V46/><F135/><W121/><G121/><T37/><D131/><U106/><E106/><V26/><F42/><W102/><G133/><T59/><D68/><U56/><E41/><V45/><F45/><W91/><G113/><T130/><D130/><U78/><E78/><V23/><F12/><W89/><G102/><T129/><D129/><U94/><E94/><V76/><F76/><W114/><G114/><T28/><D28/><U7/><E7/><AGARI ba="0,0" hai="7,10,14,23,26,31,39,40,46,92,95" m="47689" machi="7" ten="30,2000,0" yaku="18,1,52,1" doraHai="9" who="2" fromWho="1" sc="200,0,170,-20,454,20,176,0" /><INIT seed="6,0,0,4,5,21" ten="200,150,474,176" oya="2" hai0="68,39,72,98,119,1,75,116,113,133,23,132,24" hai1="90,111,117,67,10,78,47,13,18,135,134,76,19" hai2="84,4,114,80,57,120,51,85,30,99,26,79,83" hai3="38,3,100,25,112,43,52,36,129,58,82,115,92"/><V40/><F120/><W0/><G82/><T49/><D1/><N who="3" m="585" /><G43/><T77/><D39/><N who="3" m="14889" /><G129/><T29/><D68/><U108/><E67/><V11/><F114/><N who="3" m="43563" /><G25/><T56/><D113/><U17/><E47/><V44/><F99/><W70/><G70/><T42/><D98/><U124/><E90/><V101/><F101/><W33/><G33/><T69/><D69/><U95/><E95/><V109/><F109/><N who="1" m="42057" /><E78/><V54/><F11/><W103/><G92/><T2/><D2/><U86/><E76/><V61/><F4/><W106/><G106/><T91/><D77/><U81/><E86/><V118/><F118/><N who="0" m="45098" /><D91/><U71/><E117/><V20/><F83/><W8/><G8/><T50/><D42/><U105/><E81/><V6/><REACH who="2" step="1"/><F6/><REACH who="2" ten="200,150,464,176" step="2"/><W123/><G123/><T66/><D72/><AGARI ba="0,1" hai="20,26,30,40,44,51,54,57,61,72,79,80,84,85" machi="72" ten="30,12000,1" yaku="1,1,2,1,7,1,52,1,53,1" doraHai="21" doraHaiUra="59" who="2" fromWho="0" sc="200,-120,150,0,464,130,176,0" /><INIT seed="6,1,0,5,1,28" ten="80,150,594,176" oya="2" hai0="49,79,23,12,109,55,25,97,93,0,53,2,21" hai1="119,85,124,100,86,64,75,98,8,108,116,114,34" hai2="105,112,7,3,103,58,51,94,130,37,14,9,11" hai3="33,132,54,61,41,22,32,133,134,118,17,82,35"/><V44/><F105/><W45/><G118/><T43/><D109/><U121/><E108/><V18/><F130/><W120/><G120/><T84/><D2/><U30/><E121/><V65/><F112/><W135/><G82/><N who="0" m="47199" /><D0/><U87/><E114/><V104/><F104/><W60/><G54/><N who="0" m="20491" /><D12/><U127/><E75/><V13/><F37/><N who="3" m="21679" /><G135/><T48/><D43/><U129/><E129/><V88/><F103/><W52/><G52/><T83/><D83/><U76/><E76/><V46/><F3/><W92/><G92/><T26/><D23/><U117/><E8/><V123/><F123/><W63/><G63/><T36/><D36/><U131/><E131/><V125/><F125/><N who="1" m="48201" /><E64/><V99/><REACH who="2" step="1"/><F51/><REACH who="2" ten="80,150,584,176" step="2"/><N who="0" m="19530" /><D21/><U15/><E119/><V122/><F122/><W10/><G10/><T113/><D113/><U29/><E117/><V42/><F42/><W107/><G107/><T71/><D71/><U38/><E116/><V1/><F1/><W70/><G70/><T5/><D5/><U67/><E38/><V102/><F102/><AGARI ba="1,1" hai="25,26,93,97,102" m="19530,20491,47199" machi="102" ten="30,1000,0" yaku="8,1" doraHai="28" who="0" fromWho="2" sc="80,23,150,0,584,-13,176,0" /><INIT seed="7,0,0,3,1,106" ten="103,150,571,176" oya="3" hai0="118,60,33,125,84,9,46,17,59,108,70,132,76" hai1="83,94,67,71,92,19,2,101,40,61,111,100,69" hai2="22,31,126,85,24,80,135,47,28,113,119,123,48" hai3="133,131,42,122,16,55,21,63,8,27,62,134,95"/><W90/><G122/><T87/><D33/><U89/><E2/><V56/><F123/><W52/><G131/><T82/><D70/><U23/><E111/><V53/><F119/><W120/><G42/><T39/><D118/><U12/><E71/><V97/><F113/><W68/><G8/><T74/><D108/><U34/><E34/><V86/><F135/><N who="3" m="51723" /><G120/><T5/><D17/><U105/><E40/><V1/><F126/><W15/><G15/><T72/><D125/><U54/><E54/><N who="3" m="20522" /><G68/><T43/><D132/><U98/><E101/><V79/><F1/><W75/><G75/><T109/><D109/><U96/><E105/><V121/><F121/><W32/><G32/><T124/><D124/><U107/><E107/><V112/><F112/><W110/><G110/><T102/><D102/><U104/><E104/><V65/><F65/><W4/><G4/><T114/><D114/><U30/><E69/><V127/><F127/><W6/><G6/><T25/><D25/><U99/><E100/><V103/><F47/><W66/><G66/><T0/><D74/><U49/><E49/><V7/><F7/><W58/><G58/><T45/><D46/><U41/><E41/><V64/><F64/><AGARI ba="0,0" hai="0,5,9,39,43,45,59,60,64,72,76,82,84,87" machi="64" ten="30,7700,0" yaku="7,1,25,2,52,1" doraHai="106" who="0" fromWho="2" sc="103,77,150,0,571,-77,176,0" owari="180,-2.0,150,-35.0,494,59.0,176,-22.0" /></mjloggm>