<mjloggm ver="2.3"><GO type="97" lobby="0"/><UN n0="%E3%82%A6%E3%83%AB%E3%83%88%E3%83%A9%E7%AB%8B%E7%9B%B4" n1="%E3%81%A4%E3%82%93%E3%81%A8%E3%82%82%E7%94%9A%E5%85%AB" n2="%61%6B%69%40%32%32%38" n3="%E6%9C%A8%E5%B1%B1%E6%98%A5%E7%94%9F" dan="14,14,13,14" rate="1976.70,1976.83,1978.19,1905.79" sx="M,M,M,M"/><TAIKYOKU oya="0"/><INIT seed="0,0,0,5,4,47" ten="250,250,250,250" oya="0" hai0="97,89,60,76,117,32,125,63,41,119,61,34,66" hai1="77,131,116,73,44,42,54,81,129,88,107,13,92" hai2="135,71,27,122,59,3,55,112,8,58,1,5,84" hai3="20,104,26,100,31,48,53,64,9,28,78,67,111"/><T65/><D76/><U23/><E116/><V57/><F112/><W22/><G78/><T36/><D89/><U29/><E107/><V37/><F122/><W14/><G100/><T83/><D83/><U39/><E54/><V52/><F71/><W21/><G104/><T105/><D97/><U15/><E29/><N who="3" m="11338" /><G111/><T4/><D105/><U33/><E33/><V40/><F27/><W133/><G26/><T0/><D4/><U96/><REACH who="1" step="1"/><E23/><REACH who="1" ten="250,240,250,250" step="2"/><V130/><F130/><AGARI ba="0,1" hai="13,15,39,42,44,73,77,81,88,92,96,129,130,131" machi="130" ten="40,8000,1" yaku="1,1,2,1,19,1,54,1,53,1" doraHai="47" doraHaiUra="68" who="1" fromWho="2" sc="250,0,240,90,250,-80,250,0" /><INIT seed="1,0,0,4,5,6" ten="250,330,170,250" oya="1" hai0="85,61,12,42,52,119,120,55,9,131,87,32,134" hai1="112,36,66,17,60,0,10,19,84,117,56,22,24" hai2="23,41,91,99,1,105,7,25,69,74,97,126,95" hai3="114,72,121,62,2,81,130,4,33,122,100,82,116"/><U98/><E117/><V115/><F126/><W102/><G116/><T65/><D32/><U103/><E36/><V104/><F115/><W96/><G114/><T58/><D119/><U20/><E112/><V83/><F69/><W27/><G130/><T123/><D131/><U113/><E113/><V127/><F127/><W68/><G102/><T79/><D42/><U50/><E50/><V64/><F64/><W18/><G18/><N who="0" m="8463" /><D134/><U118/><E84/><N who="0" m="32329" /><D79/><U101/><E118/><V59/><F59/><W89/><G81/><T78/><D78/><U47/><E47/><V63/><F63/><W49/><G89/><T21/><D21/><U80/><E80/><V28/><F41/><W37/><G37/><T109/><D109/><U77/><E77/><V43/><F43/><W67/><G82/><T110/><D110/><U31/><E98/><V48/><F48/><W8/><G49/><T90/><D90/><U76/><E76/><V125/><F125/><W35/><G35/><T73/><D73/><U30/><E103/><V53/><F53/><W124/><G124/><T133/><D133/><U14/><REACH who="1" step="1"/><E101/><REACH who="1" ten="250,320,170,250" step="2"/><V106/><F97/><W39/><G39/><T107/><D107/><U34/><E34/><V88/><F91/><W111/><G111/><T3/><D123/><U16/><E16/><V5/><F5/><AGARI ba="0,1" hai="0,5,10,14,17,19,20,22,24,30,31,56,60,66" machi="5" ten="40,7700,0" yaku="1,1,52,1,53,1" doraHai="6" doraHaiUra="57" who="1" fromWho="2" sc="250,0,320,87,170,-77,250,0" /><INIT seed="1,1,0,0,1,38" ten="250,407,93,250" oya="1" hai0="43,60,82,77,15,72,106,21,85,94,126,127,59" hai1="103,132,27,69,95,117,83,28,52,129,32,79,98" hai2="37,97,81,99,22,133,42,26,123,35,49,135,5" hai3="112,120,88,44,41,80,125,64,14,119,50,78,73"/><U18/><E117/><V118/><F123/><W116/><G120/><T104/><D21/><U102/><E69/><V39/><F118/><N who="3" m="45099" /><G125/><N who="0" m="47627" /><D15/><U25/><E129/><V75/><F35/><W53/><G64/><N who="0" m="38943" /><D43/><U4/><E4/><V101/><F5/><W36/><G14/><T87/><D94/><U54/><E103/><V91/><F49/><W131/><G131/><T34/><D34/><U13/><E27/><V55/><F55/><W45/><G112/><T115/><D115/><U93/><E93/><V128/><F128/><W23/><G23/><T76/><D76/><U6/><E6/><V110/><F110/><W1/><G1/><T3/><D3/><U20/><REACH who="1" step="1"/><E132/><REACH who="1" ten="250,397,93,250" step="2"/><V107/><F133/><W122/><G122/><T40/><D106/><U100/><E100/><V48/><F135/><W7/><G7/><T92/><D104/><U10/><E10/><V58/><F107/><W17/><G17/><T24/><D24/><U63/><E63/><V84/><F101/><W61/><G61/><T9/><D9/><U68/><E68/><V86/><F26/><W33/><G33/><T90/><D92/><U114/><E114/><V30/><F30/><W8/><G8/><T12/><D12/><U62/><E62/><V19/><F19/><W111/><G111/><T2/><D2/><U0/><E0/><V124/><F124/><W46/><G80/><T11/><D11/><U47/><E47/><V56/><F81/><N who="3" m="45263" /><G44/><T66/><D82/><U74/><AGARI ba="1,1" hai="13,18,20,25,28,32,52,54,74,79,83,95,98,102" machi="74" ten="20,7800,0" yaku="1,1,0,1,7,1,54,1,53,0" doraHai="38" doraHaiUra="109" who="1" fromWho="1" sc="250,-27,397,91,93,-27,250,-27" /><INIT seed="1,2,0,0,5,89" ten="223,488,66,223" oya="1" hai0="43,27,49,42,51,0,83,125,69,120,84,77,116" hai1="34,19,88,2,32,90,38,95,86,111,56,74,24" hai2="22,3,107,66,59,17,48,114,115,124,104,53,44" hai3="14,1,50,72,101,9,46,105,78,106,85,35,20"/><U135/><E38/><V71/><F3/><W37/><G35/><T132/><D69/><U15/><E74/><V112/><F17/><W110/><G110/><T94/><D0/><U10/><E2/><V31/><F31/><W118/><G72/><T5/><D5/><U12/><E111/><V98/><F22/><W58/><G37/><T47/><D120/><U23/><E135/><V6/><F6/><W75/><G75/><T126/><D132/><U109/><E109/><V82/><F82/><W99/><G58/><T92/><D116/><U76/><E76/><V25/><F25/><W128/><G118/><T64/><D64/><U62/><E90/><V100/><F104/><W131/><G20/><T45/><D27/><U36/><E36/><V123/><F123/><W68/><G1/><T52/><D52/><U97/><E86/><V117/><F117/><W121/><G85/><T93/><AGARI ba="2,0" hai="42,43,45,47,49,51,77,83,84,92,93,94,125,126" machi="93" ten="30,8000,1" yaku="0,1,9,1,52,3" doraHai="89" who="0" fromWho="0" sc="223,86,488,-42,66,-22,223,-22" /><INIT seed="2,0,0,1,1,21" ten="309,446,44,201" oya="2" hai0="73,69,89,121,83,79,54,50,68,20,117,17,4" hai1="128,56,29,91,25,62,5,3,102,71,118,127,38" hai2="10,37,46,101,134,9,105,52,78,45,8,2,15" hai3="41,40,0,86,12,1,64,35,96,70,74,92,120"/><V61/><F78/><W19/><G74/><T135/><D121/><U58/><E118/><V97/><F134/><W122/><G35/><T47/><D135/><U14/><E38/><V111/><F37/><W7/><G70/><T51/><D117/><U98/><E3/><V94/><F105/><W44/><G64/><T6/><D69/><U104/><E127/><V67/><F2/><W36/><G41/><T27/><D68/><U115/><E115/><V87/><F111/><W55/><G0/><T18/><D89/><U34/><E91/><V85/><F15/><W77/><G7/><T43/><D18/><U103/><E103/><V28/><F28/><W95/><G1/><T114/><D114/><U13/><E128/><V80/><F67/><W107/><G55/><T125/><D125/><U126/><E126/><V129/><F129/><W53/><G53/><T60/><D60/><U75/><E75/><V16/><F16/><W90/><G77/><T33/><D33/><U112/><E112/><V131/><F131/><W81/><G107/><T76/><D76/><U66/><E5/><V99/><F99/><W133/><G133/><T123/><D123/><U32/><E32/><V116/><F116/><W42/><G42/><T11/><D11/><N who="2" m="2818" /><V82/><DORA hai="88" /><F85/><W130/><G130/><T119/><REACH who="0" step="1"/><D119/><REACH who="0" ten="299,446,44,201" step="2"/><U59/><AGARI ba="0,1" hai="13,14,25,29,34,56,58,59,62,66,71,98,102,104" machi="59" ten="30,7900,0" yaku="0,1,25,2,52,1" doraHai="21,88" who="1" fromWho="1" sc="299,-20,446,89,44,-39,201,-20" /><INIT seed="3,0,0,2,5,13" ten="279,535,5,181" oya="3" hai0="67,57,3,82,9,71,0,24,110,76,111,116,79" hai1="62,88,65,130,78,17,81,29,132,6,8,73,49" hai2="7,134,39,51,36,5,63,106,124,87,14,59,60" hai3="70,25,38,90,4,121,30,35,93,47,54,37,75"/><W11/><G70/><T104/><D104/><U10/><E132/><V102/><F102/><W32/><G75/><T53/><D116/><U45/><E130/><V133/><F87/><W135/><G121/><T50/><D24/><U31/><E88/><V33/><F14/><W18/><G135/><T56/><D71/><U122/><E17/><V109/><F5/><W41/><G54/><N who="0" m="31831" /><D67/><U97/><E97/><V42/><F7/><W95/><G95/><T123/><D123/><U112/><E112/><V44/><F33/><W107/><G107/><T103/><D103/><U129/><E129/><V23/><F23/><W22/><G37/><T126/><D126/><U1/><E10/><V120/><F106/><W98/><REACH who="3" step="1"/><G30/><REACH who="3" ten="279,535,5,171" step="2"/><T21/><D53/><U89/><E122/><V68/><F120/><W20/><G20/><T66/><D21/><U72/><E72/><V12/><F124/><W127/><G127/><T108/><D108/><U118/><E31/><V92/><F109/><W85/><G85/><T69/><D69/><U114/><E29/><V119/><F119/><W40/><G40/><T99/><D111/><U80/><E118/><V28/><F28/><W100/><G100/><T48/><D110/><U26/><E73/><V52/><F92/><W43/><G43/><T27/><D82/><U113/><E81/><V115/><F12/><AGARI ba="0,1" hai="4,11,12,18,22,25,32,35,38,41,47,90,93,98" machi="12" ten="30,5800,0" yaku="1,1,7,1,52,1,53,0" doraHai="13" doraHaiUra="105" who="3" fromWho="2" sc="279,0,535,0,5,-58,171,68" owari="279,8.0,535,63.0,-53,-55.0,239,-16.0" /></mjloggm>