<mjloggm ver="2.3"><GO type="97" lobby="0"/><UN n0="%E3%81%BE%E3%81%A4%E5%9D%8A" n1="%E3%82%A6%E3%83%AB%E3%83%88%E3%83%A9%E7%AB%8B%E7%9B%B4" n2="%35%33%37%44%32%32%31%44" n3="%E4%B9%9D%E8%93%AE%E8%A6%AA%E7%88%B6" dan="13,13,14,13" rate="1934.93,1912.13,1927.51,1809.00" sx="M,M,M,M"/><TAIKYOKU oya="0"/><INIT seed="0,0,0,0,3,24" ten="250,250,250,250" oya="0" hai0="84,54,15,93,91,33,119,127,16,22,71,74,85" hai1="29,37,28,128,76,44,1,18,53,114,120,107,77" hai2="80,95,94,57,17,38,121,12,55,51,89,67,43" hai3="108,92,130,73,6,61,9,103,96,19,68,101,60"/><T56/><D119/><U47/><E107/><V116/><F121/><W45/><G108/><T75/><D71/><U133/><E1/><V49/><F116/><W72/><G130/><T10/><D127/><U62/><E37/><V23/><F38/><W58/><G68/><T111/><D33/><U88/><E120/><V46/><F67/><W79/><G61/><T65/><D65/><U100/><E100/><V131/><F131/><W70/><G103/><T36/><D36/><U66/><E128/><V129/><F129/><W48/><G70/><T132/><D132/><U25/><E133/><V39/><F39/><W30/><G79/><N who="1" m="30282" /><E114/><V97/><F95/><W134/><G134/><T125/><D125/><U4/><E4/><V123/><F123/><W27/><G19/><T112/><D112/><U52/><E88/><V59/><REACH who="2" step="1"/><F80/><REACH who="2" ten="250,250,240,250" step="2"/><W63/><G72/><T87/><D111/><U11/><E66/><V50/><F50/><W113/><G73/><T126/><D126/><U0/><E62/><V3/><F3/><W32/><G113/><T106/><D106/><U34/><E0/><V69/><F69/><W117/><G117/><T82/><D10/><U110/><E110/><V90/><F90/><W2/><G58/><AGARI ba="0,1" hai="12,17,23,43,46,49,51,55,57,58,59,89,94,97" machi="58" ten="30,3900,0" yaku="1,1,7,1,8,1,53,0" doraHai="24" doraHaiUra="35" who="2" fromWho="3" sc="250,0,250,0,240,49,250,-39" /><INIT seed="1,0,0,5,2,135" ten="250,250,289,211" oya="1" hai0="95,89,3,109,8,38,53,40,2,96,132,0,124" hai1="114,33,57,93,28,13,74,27,47,130,86,41,82" hai2="59,120,75,102,71,106,90,129,32,11,60,26,98" hai3="112,36,52,43,19,105,23,15,118,16,91,73,5"/><U20/><E130/><V103/><F120/><W35/><G73/><T61/><D132/><U30/><E114/><V133/><F129/><W121/><G112/><T7/><D109/><U64/><E74/><V10/><F103/><W45/><G105/><T4/><D38/><U29/><E93/><V72/><F133/><W128/><G121/><T69/><D40/><U46/><E33/><V131/><F131/><W84/><G35/><T12/><D124/><U37/><E13/><V83/><F75/><W97/><G128/><T18/><REACH who="0" step="1"/><D53/><REACH who="0" ten="240,250,289,211" step="2"/><U104/><E41/><V116/><F116/><W87/><G118/><T49/><D49/><U101/><E37/><V22/><F32/><W113/><G113/><T51/><D51/><U78/><E47/><V92/><F71/><W81/><G52/><T56/><D56/><U39/><E46/><V42/><F42/><W24/><G5/><T115/><D115/><U21/><E39/><V34/><F34/><W80/><G97/><T85/><D85/><U58/><E58/><V66/><F72/><W110/><G110/><T107/><D107/><U70/><E70/><V77/><F106/><W14/><REACH who="3" step="1"/><G19/><REACH who="3" ten="240,250,289,201" step="2"/><T123/><D123/><U63/><E104/><V126/><F126/><W100/><G100/><T125/><D125/><U50/><E101/><V6/><F102/><W25/><G25/><T99/><D99/><U111/><E111/><V17/><F6/><W65/><G65/><AGARI ba="0,2" hai="0,2,3,4,7,8,12,18,61,65,69,89,95,96" machi="65" ten="40,1300,0" yaku="1,1,53,0" doraHai="135" doraHaiUra="117" who="0" fromWho="3" sc="240,33,250,0,289,0,201,-13" /><INIT seed="2,0,0,5,5,44" ten="273,250,289,188" oya="2" hai0="84,54,104,88,105,72,7,47,87,52,69,37,22" hai1="70,95,80,31,12,125,81,97,110,91,134,26,108" hai2="8,11,20,15,119,16,32,14,66,98,74,126,107" hai3="73,3,131,115,121,38,130,133,86,116,30,79,83"/><V13/><F74/><W55/><G30/><T0/><D72/><U60/><E12/><N who="2" m="4715" /><F66/><W82/><G3/><T57/><D69/><U93/><E60/><V53/><F98/><W23/><G38/><T40/><D87/><N who="1" m="52479" /><E70/><V1/><F107/><W117/><G23/><T25/><D7/><U45/><E45/><V17/><F119/><N who="3" m="45643" /><G55/><T78/><D78/><U109/><E125/><V118/><F118/><W33/><G33/><T29/><D0/><U85/><E85/><V56/><F126/><W58/><G121/><T9/><D9/><N who="2" m="3658" /><F53/><W46/><G58/><T61/><D54/><U113/><E113/><V49/><F56/><W94/><G46/><T135/><D135/><U71/><E134/><V112/><F49/><W42/><G42/><T39/><D39/><U114/><E114/><V123/><F112/><W111/><G115/><T106/><D104/><U2/><E2/><V51/><F51/><W27/><G27/><T124/><D124/><U5/><E71/><V63/><F63/><W76/><G133/><T132/><D132/><U24/><E108/><V41/><F41/><W10/><G10/><T77/><D77/><U62/><E62/><V6/><F123/><W59/><G59/><T96/><D96/><U36/><E97/><V21/><F32/><W120/><G120/><T75/><D75/><U19/><E109/><V128/><F1/><W102/><G111/><T43/><D43/><U64/><E110/><V127/><F127/><W100/><G94/><AGARI ba="0,0" hai="22,25,29,37,40,47,52,57,61,84,88,94,105,106" machi="94" ten="30,3900,0" yaku="7,1,54,2" doraHai="44" who="0" fromWho="3" sc="273,39,250,0,289,0,188,-39" /><INIT seed="3,0,0,4,5,128" ten="312,250,289,149" oya="3" hai0="78,127,84,42,98,103,121,49,57,80,2,101,89" hai1="47,24,110,36,86,85,34,81,134,91,53,14,68" hai2="123,0,9,72,74,130,70,113,35,17,93,56,43" hai3="13,51,60,32,118,33,67,8,88,107,124,48,65"/><W19/><G118/><T22/><D121/><U28/><E68/><V1/><F70/><W54/><G107/><T102/><D127/><U71/><E71/><V105/><F113/><W27/><G124/><T20/><D2/><U46/><E110/><V40/><F105/><W90/><G33/><T37/><D37/><U96/><E96/><V50/><F35/><W55/><G32/><T29/><D29/><U7/><E36/><V30/><F130/><W126/><G27/><T61/><D49/><N who="3" m="19017" /><G126/><T6/><D6/><U31/><E31/><V11/><F30/><W21/><G8/><T64/><D42/><U15/><E53/><N who="3" m="19978" /><G60/><T44/><D44/><U132/><E86/><V63/><F50/><W133/><G133/><N who="1" m="51306" /><E15/><V131/><F123/><W99/><G99/><T12/><D12/><U77/><E77/><V10/><F131/><W104/><G104/><T62/><D62/><U73/><E73/><V115/><F115/><W75/><G75/><N who="2" m="28713" /><F17/><W23/><G23/><T108/><D108/><U109/><E109/><V125/><F93/><AGARI ba="0,0" hai="20,22,57,61,64,78,80,84,89,93,98,101,102,103" machi="93" ten="40,1300,0" yaku="8,1" doraHai="128" who="0" fromWho="2" sc="312,13,250,0,289,-13,149,0" owari="325,42.0,250,-15.0,276,8.0,149,-35.0" /></mjloggm>