<mjloggm ver="2.3"><GO type="97" lobby="0"/><UN n0="%E3%82%A6%E3%83%AB%E3%83%88%E3%83%A9%E7%AB%8B%E7%9B%B4" n1="%65%74%68%61%73%75" n2="%6E%61%67%6F%63%68%69" n3="%76%69%6E%63%69%61%6D%6F" dan="15,15,14,16" rate="2059.27,1985.84,1948.23,1980.71" sx="M,M,M,M"/><TAIKYOKU oya="0"/><INIT seed="0,0,0,1,1,25" ten="250,250,250,250" oya="0" hai0="3,101,103,45,73,91,77,131,133,127,114,58,28" hai1="119,49,86,92,125,105,99,124,80,76,40,31,69" hai2="13,135,81,24,54,89,111,1,29,93,113,38,70" hai3="61,90,74,68,123,23,12,56,64,22,46,42,32"/><T108/><D3/><U7/><E69/><V66/><F1/><W116/><G116/><T97/><D45/><U6/><E105/><V37/><F113/><W11/><G32/><T115/><D58/><U57/><E119/><V107/><F107/><W15/><G123/><T78/><D28/><U43/><E31/><V121/><F121/><W17/><G74/><T60/><D60/><U21/><E21/><V20/><F111/><W63/><G12/><T129/><D108/><U102/><E124/><V18/><F135/><W19/><G19/><T83/><D127/><U106/><E106/><V94/><F81/><W67/><REACH who="3" step="1"/><G90/><REACH who="3" ten="250,250,250,240" step="2"/><T122/><D122/><U50/><E125/><V126/><F126/><W112/><G112/><N who="0" m="43051" /><D133/><U79/><E7/><V117/><F13/><W134/><G134/><T100/><D78/><U27/><E6/><V109/><F18/><W75/><G75/><T26/><D26/><U84/><E27/><V53/><F24/><W55/><G55/><T130/><D91/><N who="1" m="53351" /><E76/><V41/><F89/><W87/><G87/><T4/><D4/><U30/><E43/><V48/><F41/><W71/><G71/><T8/><D8/><U47/><E40/><V35/><F70/><W62/><G62/><T52/><D52/><U36/><E79/><V0/><F53/><W95/><G95/><AGARI ba="0,1" hai="73,77,83,95,97,100,101,103,129,130,131" m="43051" machi="95" ten="40,7700,0" yaku="19,1,34,2" doraHai="25" who="0" fromWho="3" sc="250,87,250,0,250,0,240,-77" /><INIT seed="0,1,0,1,1,71" ten="337,250,250,163" oya="0" hai0="98,41,61,119,116,89,23,105,12,36,117,6,78" hai1="109,33,133,81,114,83,120,10,1,44,126,2,67" hai2="123,129,74,34,97,45,43,72,46,70,13,111,80" hai3="59,113,87,91,127,8,77,0,54,84,118,132,51"/><T122/><D23/><U42/><E120/><V60/><F123/><W62/><G118/><T19/><D19/><U100/><E33/><V73/><F34/><W29/><G113/><T4/><D12/><U131/><E67/><V64/><F111/><W20/><G132/><T32/><D4/><U7/><E100/><V24/><F24/><W82/><G127/><T93/><D6/><U75/><E126/><V9/><F129/><W38/><G38/><T112/><D122/><U99/><E99/><V108/><F108/><W79/><G84/><T35/><D112/><U90/><E109/><V130/><F130/><W102/><G102/><N who="0" m="62679" /><D89/><U107/><E107/><V134/><F134/><W57/><G8/><T85/><D93/><U110/><E110/><V65/><F97/><W37/><G0/><T5/><D85/><U95/><E114/><V47/><F64/><W52/><REACH who="3" step="1"/><G37/><REACH who="3" ten="337,250,250,153" step="2"/><T124/><D124/><U101/><E131/><V56/><F9/><W30/><G30/><T121/><D121/><U27/><E133/><V125/><F125/><W39/><G39/><T11/><D78/><N who="1" m="44255" /><E1/><V17/><F73/><W14/><G14/><T28/><D28/><U106/><E27/><AGARI ba="1,1" hai="20,27,29,51,52,54,57,59,62,77,79,82,87,91" machi="27" ten="40,8000,1" yaku="1,1,8,1,54,1,53,2" doraHai="71" doraHaiUra="49" who="3" fromWho="1" sc="337,0,250,-83,250,0,153,93" /><INIT seed="1,0,0,1,5,110" ten="337,167,250,246" oya="1" hai0="94,111,81,121,66,0,1,120,15,128,3,97,55" hai1="133,86,103,95,127,77,2,98,62,74,48,60,73" hai2="16,46,82,54,20,50,78,44,39,10,9,75,109" hai3="13,96,132,33,5,70,4,130,87,63,35,106,25"/><U105/><E2/><V6/><F109/><W37/><G87/><T114/><D111/><U28/><E28/><V102/><F102/><W125/><G37/><T108/><D108/><U24/><E24/><V22/><F22/><W17/><G106/><T57/><D66/><U69/><E133/><V45/><F39/><W101/><G70/><T40/><D40/><U88/><E127/><V116/><F116/><W41/><G41/><T99/><D128/><U92/><E48/><V38/><F38/><W34/><G63/><T84/><D15/><U27/><E27/><V59/><REACH who="2" step="1"/><F6/><REACH who="2" ten="337,167,240,246" step="2"/><W67/><G101/><T31/><D121/><U32/><E32/><V71/><F71/><W26/><G5/><T89/><D120/><U107/><E69/><V124/><F124/><W80/><G4/><T18/><D18/><U43/><E62/><V8/><F8/><W117/><G17/><T51/><D31/><U61/><E60/><V14/><AGARI ba="0,1" hai="9,10,14,16,20,44,45,46,50,54,59,75,78,82" machi="14" ten="30,4000,0" yaku="1,1,0,1,54,1,53,0" doraHai="110" doraHaiUra="100" who="2" fromWho="2" sc="337,-10,167,-20,240,50,246,-10" /><INIT seed="2,0,0,2,2,125" ten="327,147,290,236" oya="2" hai0="19,13,41,105,113,63,25,130,23,121,0,81,93" hai1="124,109,60,127,122,94,55,87,43,65,96,111,27" hai2="88,9,5,31,22,133,118,123,70,38,106,47,15" hai3="42,4,110,34,72,128,131,59,85,48,129,54,75"/><V126/><F118/><W95/><G110/><T7/><D105/><U67/><E27/><V30/><F123/><W119/><G119/><T45/><D113/><U71/><E87/><V76/><F106/><W3/><G34/><T58/><D121/><U50/><E94/><V17/><F70/><W14/><G3/><T92/><D0/><U16/><E96/><V1/><F126/><N who="1" m="48169" /><E122/><V99/><F133/><W112/><G112/><T29/><D7/><U135/><E16/><V78/><F31/><W32/><G32/><T24/><D81/><U107/><E107/><V2/><F2/><W39/><G39/><T84/><D84/><U102/><E102/><V116/><F30/><W73/><G42/><T108/><D93/><U134/><E67/><V57/><F116/><W83/><G95/><T64/><D92/><U97/><E97/><V49/><F99/><W132/><G132/><N who="1" m="50730" /><E43/><V89/><F78/><N who="3" m="46327" /><G75/><T69/><D25/><U103/><E103/><V90/><F76/><W120/><G120/><T77/><D24/><U52/><E50/><V91/><F91/><W82/><G82/><T79/><D79/><U20/><E20/><V104/><F104/><W74/><G74/><T98/><D23/><U53/><AGARI ba="0,0" hai="52,53,55,60,65,71,109,111" m="50730,48169" machi="53" ten="40,8000,1" yaku="18,1,20,1,34,2,54,1" doraHai="125" who="1" fromWho="1" sc="327,-20,147,80,290,-40,236,-20" /><INIT seed="3,0,0,0,2,102" ten="307,227,250,216" oya="3" hai0="2,83,13,90,69,78,112,54,89,37,42,86,57" hai1="91,71,77,109,41,123,59,5,125,131,106,60,43" hai2="15,130,132,66,52,0,9,110,105,35,56,32,108" hai3="118,27,94,20,113,49,103,75,74,36,40,17,67"/><W122/><G122/><T88/><D69/><U14/><E71/><V28/><F0/><W114/><G118/><T121/><D2/><U81/><E123/><V64/><F130/><W38/><G67/><N who="2" m="25641" /><F28/><W85/><G38/><T48/><D121/><U70/><E70/><V124/><F132/><W44/><G36/><T58/><D42/><U22/><E131/><V46/><F46/><W133/><G133/><T19/><D37/><U87/><E109/><N who="2" m="42091" /><F105/><W63/><G63/><T53/><D112/><U76/><E125/><V97/><F97/><W33/><G33/><T107/><D107/><U24/><E106/><V51/><F124/><W126/><G126/><T29/><D29/><U50/><E50/><V30/><F30/><W61/><G61/><N who="0" m="36015" /><D78/><N who="1" m="30315" /><E14/><V93/><F93/><W120/><G120/><T84/><D83/><U82/><E82/><V72/><F72/><W129/><G129/><T1/><D1/><U128/><E5/><AGARI ba="0,0" hai="5,9,15,32,35,51,52,56" m="42091,25641" machi="5" ten="30,2000,0" yaku="14,1,54,1" doraHai="102" who="2" fromWho="1" sc="307,0,227,-20,250,20,216,0" owari="307,40.0,207,-29.0,270,7.0,216,-18.0" /></mjloggm>