<mjloggm ver="2.3"><GO type="41" lobby="0"/><UN n0="%53%49%4C%41%53" n1="%67%69%6B%6B%75%72%69%35" n2="%E5%B0%B1%E6%B4%BB%E7%94%9F%40%E5%B7%9D%E6%9D%91%E8%BB%8D%E5%9B%A3" n3="%77%6F%6E%64%65%72%37%32" dan="16,13,15,14" rate="2088.80,1845.40,2002.86,1940.58" sx="F,M,M,M"/><TAIKYOKU oya="0"/><INIT seed="0,0,0,1,5,117" ten="250,250,250,250" oya="0" hai0="87,65,98,127,48,27,6,110,26,47,57,107,74" hai1="35,61,2,84,111,59,94,9,86,92,120,108,50" hai2="115,13,25,11,81,116,113,51,105,3,132,12,45" hai3="58,100,22,37,52,63,53,102,32,103,18,0,128"/><T46/><D74/><U38/><E38/><V64/><F105/><W68/><G32/><T75/><D75/><U33/><E50/><V93/><F116/><W19/><G128/><T131/><D131/><U80/><E2/><V34/><F132/><W104/><G0/><T72/><D72/><U8/><E59/><V31/><F64/><W40/><G68/><T24/><D127/><U124/><E124/><V30/><F30/><W121/><G121/><T17/><D6/><U77/><E77/><V106/><F106/><W112/><G112/><T123/><D123/><U70/><E80/><V41/><F3/><W122/><G122/><T62/><D110/><U23/><E120/><V5/><F13/><W99/><G53/><T96/><D107/><U97/><E97/><V85/><REACH who="2" step="1"/><F93/><REACH who="2" ten="250,250,240,250" step="2"/><W16/><REACH who="3" step="1"/><G22/><REACH who="3" ten="250,250,240,240" step="2"/><T42/><D47/><AGARI ba="0,2" hai="16,18,19,37,40,47,52,58,63,99,100,102,103,104" machi="47" ten="40,8000,1" yaku="1,1,2,1,54,2,53,0" doraHai="117" doraHaiUra="20" who="3" fromWho="0" sc="250,-80,250,0,240,0,240,100" /><INIT seed="1,0,0,4,1,65" ten="170,250,240,340" oya="1" hai0="44,19,97,79,132,74,54,93,128,122,9,76,52" hai1="51,5,81,109,88,104,8,32,86,53,28,18,41" hai2="7,60,75,102,43,105,114,40,56,92,17,63,21" hai3="61,120,45,27,108,12,68,85,125,133,57,110,111"/><U70/><E104/><V87/><F105/><W50/><G120/><T80/><D122/><U16/><E41/><V72/><F114/><W14/><G27/><T77/><D132/><U35/><E70/><V84/><F72/><W99/><G99/><T95/><D128/><U62/><E62/><V24/><F75/><W130/><G85/><N who="2" m="32841" /><F7/><W107/><G107/><T113/><D113/><U4/><E109/><V90/><F63/><W15/><G133/><T20/><D9/><U127/><E127/><V22/><F22/><W0/><G0/><T126/><D93/><U33/><E28/><V100/><F90/><W78/><G78/><T23/><D23/><U121/><E121/><V119/><F119/><W1/><G1/><T91/><D126/><U26/><E18/><V34/><F34/><W131/><G125/><T101/><D101/><N who="2" m="39018" /><F92/><W55/><REACH who="3" step="1"/><G68/><REACH who="3" ten="170,250,240,330" step="2"/><T123/><D123/><U89/><E89/><V36/><F36/><W106/><G106/><T58/><D44/><N who="1" m="27879" /><E26/><V67/><AGARI ba="0,1" hai="17,21,24,40,43,56,60,67" m="39018,32841" machi="67" ten="30,1100,0" yaku="8,1" doraHai="65" who="2" fromWho="2" sc="170,-3,250,-5,240,21,330,-3" /><INIT seed="2,0,0,4,3,95" ten="167,245,261,327" oya="2" hai0="23,104,72,83,54,114,126,45,41,117,64,127,40" hai1="73,12,52,47,53,0,111,89,129,58,86,14,113" hai2="16,130,60,68,43,105,39,15,33,42,35,8,44" hai3="88,51,75,32,107,123,134,87,76,71,119,79,94"/><V112/><F105/><W38/><G32/><T96/><D114/><U46/><E113/><V124/><F112/><W50/><G38/><T17/><D64/><U57/><E73/><V13/><F124/><N who="0" m="47658" /><D117/><U90/><E0/><V31/><F130/><W9/><G71/><T70/><D70/><U91/><E111/><V118/><F118/><W110/><G9/><T4/><D4/><U131/><E91/><V92/><F42/><W135/><G50/><N who="0" m="29007" /><D83/><U3/><E3/><V19/><F31/><W65/><G51/><T106/><D106/><U24/><E24/><V1/><F1/><W20/><G20/><T122/><D72/><U49/><E86/><V69/><F92/><W99/><G65/><T6/><D6/><U56/><E56/><V28/><F28/><W30/><G30/><T59/><D59/><U78/><REACH who="1" step="1"/><E49/><REACH who="1" ten="167,235,261,327" step="2"/><V77/><F77/><AGARI ba="0,1" hai="12,14,46,47,52,53,57,58,77,78,89,90,129,131" machi="77" ten="25,8000,1" yaku="1,1,2,1,22,2,54,1,53,0" doraHai="95" doraHaiUra="97" who="1" fromWho="2" sc="167,0,235,90,261,-80,327,0" /><INIT seed="3,0,0,5,5,8" ten="167,325,181,327" oya="3" hai0="129,63,104,116,27,20,61,70,59,121,120,103,82" hai1="88,5,48,41,75,32,16,77,34,4,0,3,97" hai2="133,2,23,66,53,45,132,117,36,80,44,56,91" hai3="29,90,106,122,85,7,95,98,87,9,92,64,73"/><W79/><G122/><T65/><D116/><U110/><E75/><V24/><F2/><W114/><G29/><T100/><D129/><U47/><E77/><V10/><F117/><W76/><G64/><T113/><D113/><U126/><E110/><V72/><F66/><W11/><G114/><T14/><D82/><U60/><E126/><V51/><F10/><W57/><G11/><T124/><D124/><U109/><E109/><V101/><F101/><N who="3" m="62775" /><G57/><T50/><D50/><U99/><E60/><V1/><F1/><W13/><G7/><T43/><D43/><U54/><E32/><V26/><F26/><W15/><G9/><T33/><D120/><U28/><E41/><V31/><F36/><W74/><G79/><T102/><D121/><U128/><E128/><V21/><F21/><W49/><G49/><T38/><D38/><U37/><E37/><V58/><F72/><W135/><G135/><N who="2" m="51785" /><F56/><W71/><G71/><T115/><D115/><U81/><E28/><V19/><F31/><W105/><G105/><T108/><D108/><U84/><E34/><V93/><F80/><N who="3" m="45079" /><G73/><T69/><D104/><U130/><E130/><V52/><F53/><W42/><G42/><T25/><D33/><U89/><E0/><V123/><F123/><W12/><G95/><T40/><D40/><U94/><E3/><V30/><F30/><W119/><G85/><AGARI ba="0,0" hai="19,23,24,44,45,51,52,58,85,91,93" m="51785" machi="85" ten="30,2000,0" yaku="20,1,54,1" doraHai="8" who="2" fromWho="3" sc="167,0,325,0,181,20,327,-20" /><INIT seed="4,0,0,1,1,94" ten="167,325,201,307" oya="0" hai0="55,13,30,54,5,132,117,43,44,42,130,63,83" hai1="6,108,73,35,9,107,64,82,34,51,65,2,32" hai2="69,0,71,118,102,38,111,88,15,131,56,77,114" hai3="24,110,12,41,76,79,28,46,95,127,99,27,60"/><T36/><D117/><U133/><E108/><V49/><F0/><W119/><G119/><T17/><D132/><U25/><E133/><V53/><F38/><W22/><G110/><T67/><D130/><U120/><E120/><V7/><F118/><W66/><G127/><T52/><D42/><U129/><E129/><V29/><F111/><W97/><G95/><T84/><D30/><U61/><E51/><V8/><F131/><W3/><G3/><T19/><D5/><U87/><E65/><V10/><F114/><W68/><G12/><T124/><D124/><U100/><E87/><V31/><F102/><W106/><G106/><T47/><D47/><U112/><E112/><V18/><F77/><W40/><G27/><T96/><D96/><N who="3" m="36937" /><G68/><T123/><D123/><U93/><E93/><V103/><F103/><W115/><G115/><T105/><D105/><U59/><E100/><V109/><F109/><W26/><G26/><T70/><REACH who="0" step="1"/><D13/><REACH who="0" ten="157,325,201,307" step="2"/><U116/><E107/><V98/><F31/><W50/><G40/><T86/><D86/><U125/><E116/><V104/><F29/><W62/><G66/><T20/><D20/><U57/><E125/><V122/><F122/><W75/><G75/><T135/><D135/><U48/><E73/><V14/><F104/><W78/><AGARI ba="0,1" hai="22,24,28,41,46,50,60,62,76,78,79" m="36937" machi="78" ten="30,7900,0" yaku="8,1,52,3" doraHai="94" who="3" fromWho="3" sc="157,-39,325,-20,201,-20,307,89" /><INIT seed="5,0,0,4,2,85" ten="118,305,181,396" oya="1" hai0="64,51,16,54,40,39,70,93,62,110,36,125,92" hai1="121,47,100,55,74,68,83,33,108,123,50,57,97" hai2="52,66,89,48,45,99,22,120,84,78,73,0,103" hai3="69,127,81,58,6,23,86,80,98,49,132,1,46"/><U88/><E88/><V94/><BYE who="1" /><F120/><W104/><G69/><T42/><D93/><U111/><E111/><V134/><F0/><W2/><G127/><T24/><D110/><U59/><E59/><V91/><F134/><W102/><G86/><T56/><D125/><U27/><E27/><V115/><F115/><W116/><G58/><T61/><D92/><U106/><E106/><V12/><F73/><W107/><G81/><T25/><D25/><U71/><E71/><V95/><F66/><W119/><G49/><T129/><D129/><U67/><E67/><V128/><F128/><W135/><G80/><T131/><D131/><U105/><E105/><V133/><F133/><W117/><G23/><T72/><D72/><U77/><E77/><V44/><F78/><W60/><G60/><N who="0" m="40199" /><D16/><U65/><E65/><V19/><REACH who="2" step="1"/><F103/><REACH who="2" ten="118,305,171,396" step="2"/><N who="3" m="62967" /><G1/><T4/><D24/><U63/><E63/><N who="0" m="24073" /><D4/><U41/><E41/><AGARI ba="0,1" hai="36,39,40,41,42,51,54,56" m="24073,40199" machi="41" ten="30,8000,1" yaku="35,5" doraHai="85" who="0" fromWho="1" sc="118,90,305,-80,171,0,396,0" /><INIT seed="6,0,0,3,5,94" ten="208,225,171,396" oya="2" hai0="66,21,116,14,112,47,117,71,15,88,65,84,120" hai1="131,132,77,121,114,105,100,126,53,76,134,102,3" hai2="59,19,50,108,48,52,10,17,83,12,110,73,55" hai3="97,103,1,68,78,2,45,63,106,36,35,87,40"/><V23/><F73/><W7/><G87/><T44/><D120/><U133/><E133/><V127/><F127/><W118/><G118/><N who="0" m="45675" /><D112/><U58/><E58/><V31/><F31/><W80/><G1/><T30/><D14/><U41/><E41/><V61/><F83/><W98/><G98/><T54/><D71/><U93/><E93/><V43/><F43/><W38/><G38/><T26/><D15/><U22/><E22/><V51/><REACH who="2" step="1"/><F55/><REACH who="2" ten="208,225,161,396" step="2"/><W122/><G122/><T33/><D33/><U70/><E70/><V123/><F123/><W81/><G40/><T5/><D54/><U82/><E82/><V46/><F46/><N who="0" m="17450" /><D5/><U75/><E75/><V107/><F107/><W95/><G45/><T20/><D20/><U62/><E62/><V92/><F92/><AGARI ba="0,1" hai="21,26,30,65,66,84,88,92" m="17450,45675" machi="92" ten="30,2000,0" yaku="12,1,54,1" doraHai="94" who="0" fromWho="2" sc="208,30,225,0,161,-20,396,0" /><INIT seed="7,0,0,1,0,101" ten="238,225,141,396" oya="3" hai0="66,103,46,76,119,135,89,105,126,27,5,47,94" hai1="74,54,106,88,93,97,122,44,32,124,110,111,133" hai2="132,39,50,13,86,25,18,64,22,41,37,58,121" hai3="87,16,71,35,118,15,31,63,24,60,2,19,117"/><W77/><G71/><T9/><D119/><U8/><E8/><V99/><F121/><W38/><G38/><T40/><D126/><U104/><E104/><V75/><F132/><W130/><G87/><T53/><D135/><U1/><E1/><V28/><F75/><W56/><G77/><T131/><D131/><U17/><E17/><V0/><F0/><W12/><G130/><T49/><D66/><U123/><E123/><V114/><F114/><W102/><G102/><T80/><D27/><U6/><E6/><V57/><F86/><W26/><G63/><T29/><D29/><U109/><E109/><V4/><F4/><W68/><G68/><T115/><D115/><U51/><E51/><V78/><F78/><W95/><G95/><T23/><D23/><U90/><E90/><V113/><F113/><W67/><G2/><T85/><D103/><U125/><E125/><V62/><F99/><W11/><REACH who="3" step="1"/><G26/><REACH who="3" ten="238,225,141,386" step="2"/><T20/><D85/><U65/><E65/><V61/><F50/><W33/><G33/><T100/><D94/><U92/><E92/><V69/><F69/><W3/><G3/><T7/><D76/><U129/><E129/><V14/><F14/><W108/><G108/><T91/><D49/><U107/><E107/><V45/><F37/><W10/><AGARI ba="0,1" hai="10,11,12,15,16,19,24,31,35,56,60,67,117,118" machi="10" ten="20,12000,1" yaku="1,1,0,1,7,1,9,1,54,1,53,0" doraHai="101" doraHaiUra="83" who="3" fromWho="3" sc="238,-40,225,-40,141,-40,386,130" owari="198,0.0,185,-21.0,101,-40.0,516,61.0" /></mjloggm>