<mjloggm ver="2.3"><GO type="97" lobby="0"/><UN n0="%31%30%30%31" n1="%E3%82%A6%E3%83%AB%E3%83%88%E3%83%A9%E7%AB%8B%E7%9B%B4" n2="%66%69%63%65" n3="%50%50%41%32" dan="14,14,13,13" rate="1926.53,1927.07,1863.23,1848.02" sx="M,M,M,M"/><TAIKYOKU oya="0"/><INIT seed="0,0,0,5,2,127" ten="250,250,250,250" oya="0" hai0="112,56,79,52,6,17,76,78,18,32,87,105,13" hai1="99,113,55,122,24,108,90,4,111,110,36,129,72" hai2="21,80,62,68,118,73,53,27,107,54,134,95,109" hai3="44,51,33,66,69,3,43,70,106,121,82,96,59"/><T47/><D105/><U26/><E72/><V97/><F118/><W30/><G3/><T22/><D32/><U84/><E36/><V114/><F134/><W71/><G121/><T125/><D112/><U103/><E122/><V60/><F109/><W116/><G116/><T40/><D125/><U16/><E4/><V88/><F107/><W128/><G82/><T2/><D2/><U28/><E113/><V41/><F114/><W75/><G75/><T83/><D6/><U34/><E55/><V61/><F68/><W31/><G31/><T29/><D29/><U14/><E129/><V132/><F132/><W23/><G33/><T86/><D47/><U120/><E120/><V93/><F41/><W91/><G106/><T119/><D40/><U7/><E7/><V123/><F123/><W50/><G50/><N who="0" m="30743" /><D119/><U64/><E64/><V58/><F95/><W5/><G5/><T19/><D86/><U63/><E63/><V42/><F42/><W131/><G23/><T48/><D48/><U15/><E99/><V101/><F54/><W57/><G30/><T89/><AGARI ba="0,0" hai="13,17,18,19,22,76,78,79,83,87,89" m="30743" machi="89" ten="30,3000,0" yaku="8,1,54,1" doraHai="127" who="0" fromWho="0" sc="250,30,250,-10,250,-10,250,-10" /><INIT seed="0,1,0,2,5,110" ten="280,240,240,240" oya="0" hai0="108,65,49,79,111,95,18,39,63,93,50,105,60" hai1="71,7,83,121,115,2,92,72,77,96,51,41,54" hai2="43,1,73,97,29,21,10,38,84,125,94,88,120" hai3="19,5,85,55,45,12,129,109,76,74,68,9,42"/><T82/><D105/><U107/><E71/><V113/><F73/><W123/><G74/><T26/><D39/><U11/><E121/><V44/><F120/><W119/><G119/><T24/><D82/><U23/><E107/><V6/><F125/><W16/><G123/><T57/><D79/><U59/><E23/><V13/><F97/><W40/><G109/><N who="0" m="42059" /><D60/><U98/><E115/><V135/><F135/><W46/><G68/><T116/><D116/><U99/><REACH who="1" step="1"/><E41/><REACH who="1" ten="280,230,240,240" step="2"/><V75/><F113/><W103/><G42/><T36/><D36/><U86/><E86/><V32/><F75/><W20/><G40/><T48/><D24/><U34/><E34/><V52/><F32/><W132/><G20/><AGARI ba="1,1" hai="18,20,26,48,49,50,57,63,65,93,95" m="42059" machi="20" ten="30,2900,0" yaku="14,1,10,1" doraHai="110" who="0" fromWho="3" sc="280,42,230,0,240,0,240,-32" /><INIT seed="0,2,0,3,0,24" ten="322,230,240,208" oya="0" hai0="84,7,30,18,66,89,105,68,132,111,42,69,115" hai1="31,90,86,34,117,97,44,133,43,122,128,88,5" hai2="11,83,104,129,45,70,110,60,98,8,109,2,58" hai3="22,0,12,26,91,65,37,94,47,67,73,6,121"/><T75/><D75/><U49/><E122/><V99/><F2/><W38/><G0/><T41/><D115/><U100/><E117/><V28/><F70/><W4/><G73/><T87/><D105/><U39/><E133/><V80/><F45/><W127/><G38/><T131/><D132/><U135/><E135/><V103/><F129/><W53/><G121/><T55/><D131/><U62/><E128/><V50/><F50/><N who="3" m="28895" /><G127/><T19/><D55/><U20/><E34/><V3/><F3/><W48/><G37/><T77/><D89/><U74/><E74/><V54/><F99/><N who="3" m="57823" /><G12/><T51/><D51/><U102/><E39/><V126/><F126/><W29/><G48/><T93/><D7/><AGARI ba="2,0" hai="4,6,7,22,26,29,65,67" m="57823,28895" machi="7" ten="30,2000,0" yaku="8,1,52,1" doraHai="24" who="3" fromWho="0" sc="322,-26,230,0,240,0,208,26" /><INIT seed="1,0,0,3,1,53" ten="296,230,240,234" oya="1" hai0="88,16,41,37,52,100,82,79,76,93,134,9,83" hai1="69,36,105,19,22,132,1,110,127,13,77,106,111" hai2="94,42,45,91,32,62,4,0,54,21,38,56,3" hai3="49,97,61,84,10,75,135,59,114,124,44,26,102"/><U117/><E117/><V109/><F32/><W119/><G114/><T99/><D37/><U57/><E69/><V121/><F109/><N who="1" m="41481" /><E36/><V70/><F121/><W115/><G115/><T78/><D41/><U35/><E35/><V72/><F72/><W130/><G75/><T23/><D9/><U95/><E1/><V51/><F4/><W64/><G119/><T112/><D134/><U15/><E132/><V89/><F89/><W2/><G135/><T129/><D129/><U8/><E127/><V20/><F20/><W6/><G124/><T25/><D112/><U113/><E113/><V28/><F21/><W18/><G130/><T47/><D100/><U48/><E95/><V85/><F28/><W96/><G84/><T80/><D80/><U66/><E77/><V27/><F27/><W123/><G123/><T40/><D40/><U63/><E48/><AGARI ba="0,0" hai="16,23,25,47,48,52,76,78,79,82,83,88,93,99" machi="48" ten="40,8000,1" yaku="8,1,54,3" doraHai="53" who="0" fromWho="1" sc="296,80,230,-80,240,0,234,0" /><INIT seed="2,0,0,1,3,69" ten="376,150,240,234" oya="2" hai0="59,122,108,56,99,0,109,135,76,116,2,75,7" hai1="53,55,88,94,45,81,44,87,85,22,63,17,114" hai2="18,6,77,9,100,4,42,52,54,123,98,24,58" hai3="92,132,74,83,65,48,37,43,27,133,134,23,29"/><V3/><F77/><N who="3" m="44471" /><G65/><T125/><D99/><U33/><E33/><V12/><F123/><W79/><G79/><T31/><D76/><U67/><E114/><V60/><F6/><W25/><G25/><T47/><D75/><U90/><E45/><V62/><F24/><W103/><G48/><T119/><D31/><U82/><E94/><V91/><F91/><W30/><G30/><T11/><D47/><U128/><E44/><V26/><F26/><W38/><G43/><T111/><D122/><U101/><E101/><V110/><F110/><W1/><G1/><N who="0" m="495" /><D125/><U40/><E40/><V15/><F42/><W130/><G130/><T96/><D96/><AGARI ba="0,0" hai="23,27,29,37,38,92,96,103,132,133,134" m="44471" machi="96" ten="30,3900,0" yaku="20,1,52,2" doraHai="69" who="3" fromWho="0" sc="376,-39,150,0,240,0,234,39" /><INIT seed="3,0,0,5,1,59" ten="337,150,240,273" oya="3" hai0="60,73,20,115,79,43,18,110,14,130,9,80,81" hai1="6,10,83,135,50,70,112,44,117,53,105,29,57" hai2="23,91,87,72,31,99,54,36,49,114,133,78,58" hai3="8,25,89,125,103,45,46,121,123,113,111,56,61"/><W17/><G113/><T35/><D35/><U2/><E105/><V67/><F36/><W95/><G125/><T106/><D106/><U28/><E135/><V129/><F129/><W96/><G111/><T76/><D130/><U5/><E112/><V97/><F133/><W33/><G123/><T62/><D43/><U94/><E94/><V27/><F114/><W65/><G121/><T69/><D69/><U42/><E117/><V131/><F131/><W4/><G103/><T116/><D110/><U119/><E119/><V124/><F124/><W100/><G100/><T77/><D116/><U122/><E122/><V90/><F90/><W47/><G33/><T74/><D115/><U64/><E6/><V51/><F51/><W37/><G37/><T134/><D134/><U84/><E84/><V19/><F78/><W126/><G126/><T39/><D39/><U32/><E32/><V132/><F72/><W38/><G38/><T85/><D76/><U120/><E120/><V52/><F132/><W63/><G56/><T0/><D85/><U118/><E118/><V92/><F54/><W71/><G71/><T127/><D127/><U7/><E7/><AGARI ba="0,0" hai="0,7,9,14,18,20,60,62,73,74,77,79,80,81" machi="7" ten="40,5200,0" yaku="9,1,52,2" doraHai="59" who="0" fromWho="1" sc="337,52,150,-52,240,0,273,0" owari="389,49.0,98,-40.0,240,-16.0,273,7.0" /></mjloggm>