<mjloggm ver="2.3"><GO type="41" lobby="0"/><UN n0="%E3%82%AB%E3%83%84%E3%82%AA%E3%81%A0%E3%81%8A" n1="%67%61%6D%6F%33" n2="%E3%82%A6%E3%83%AB%E3%83%88%E3%83%A9%E7%AB%8B%E7%9B%B4" n3="%E3%81%B6%E3%81%B2%E3%81%B2%EF%BD%97%EF%BD%97" dan="13,14,15,14" rate="1848.45,1989.81,2007.45,1897.05" sx="M,M,M,M"/><TAIKYOKU oya="0"/><INIT seed="0,0,0,3,0,41" ten="250,250,250,250" oya="0" hai0="2,122,21,126,57,133,18,125,77,124,4,123,99" hai1="33,116,48,85,63,117,109,96,59,120,94,95,62" hai2="103,43,19,51,130,13,60,68,106,111,74,128,49" hai3="115,113,66,47,93,46,79,108,131,40,73,61,29"/><T39/><D77/><U97/><E120/><V90/><F74/><W14/><G108/><T23/><D39/><U24/><E109/><V26/><F111/><W114/><G131/><N who="2" m="50217" /><F103/><W82/><G29/><T22/><D99/><U0/><E0/><V84/><F106/><W78/><G78/><T50/><D133/><U91/><E63/><V98/><F98/><W45/><G93/><T132/><D132/><U54/><E96/><V16/><F26/><W67/><G14/><T1/><D57/><U100/><E33/><V102/><F102/><W88/><G88/><T44/><D18/><N who="2" m="6698" /><F13/><W69/><REACH who="3" step="1"/><G67/><REACH who="3" ten="250,250,250,240" step="2"/><T110/><D110/><U38/><E24/><V28/><F28/><W32/><G32/><T12/><D12/><U15/><E15/><V25/><F25/><W134/><G134/><T81/><D4/><U27/><E27/><V36/><F90/><W101/><G101/><T30/><D30/><U58/><REACH who="1" step="1"/><E38/><AGARI ba="0,1" hai="38,40,45,46,47,61,66,69,73,79,82,113,114,115" machi="38" ten="40,8000,1" yaku="1,1,52,3,53,1" doraHai="41" doraHaiUra="70" who="3" fromWho="1" sc="250,0,250,-80,250,0,240,90" /><INIT seed="1,0,0,5,1,78" ten="250,170,250,330" oya="1" hai0="81,107,16,49,77,45,101,14,124,23,127,87,61" hai1="85,30,116,80,121,86,1,130,96,112,65,93,12" hai2="103,42,128,73,91,51,15,119,24,88,41,39,110" hai3="31,83,64,123,8,52,75,53,43,0,33,74,84"/><U27/><E1/><V9/><F73/><W22/><G33/><T131/><D131/><U111/><E121/><V60/><F39/><W69/><G43/><T76/><D61/><U71/><E112/><V68/><F119/><W129/><G123/><T13/><D13/><U59/><E116/><V58/><F68/><W92/><G129/><T134/><D134/><U57/><E130/><V17/><F128/><W2/><G64/><T108/><D108/><U35/><E111/><V48/><F110/><W55/><G69/><T36/><D36/><U135/><E135/><V98/><F24/><W70/><G70/><T7/><D7/><U19/><E86/><V25/><F25/><W50/><G50/><T89/><D107/><U109/><E71/><V5/><F17/><W79/><G8/><N who="0" m="6215" /><D101/><U132/><E132/><V46/><F51/><W38/><G38/><T105/><D23/><U44/><E109/><V104/><REACH who="2" step="1"/><F42/><REACH who="2" ten="250,170,240,330" step="2"/><W28/><G74/><T114/><D114/><U66/><E19/><V72/><F72/><W20/><G75/><T34/><D34/><U90/><E44/><V125/><F125/><N who="0" m="48202" /><D105/><U97/><E35/><V122/><F122/><W40/><G40/><AGARI ba="0,1" hai="40,45,49,76,77,81,87,89" m="48202,6215" machi="40" ten="30,3900,0" yaku="18,1,52,1,54,1" doraHai="78" who="0" fromWho="3" sc="250,49,170,0,240,0,330,-39" /><INIT seed="2,0,0,3,3,122" ten="299,170,240,291" oya="2" hai0="91,1,6,108,123,53,116,27,83,100,102,18,48" hai1="47,104,113,119,103,84,21,71,89,60,14,19,127" hai2="61,124,49,131,4,29,111,55,85,94,77,11,81" hai3="63,69,80,51,12,17,120,99,66,10,125,22,57"/><V23/><F124/><W101/><G125/><T0/><D123/><U24/><E127/><V114/><F114/><W41/><G120/><T38/><D38/><U26/><E119/><V5/><F131/><W56/><G80/><T74/><D116/><U34/><E113/><V44/><F111/><W98/><G41/><T52/><D108/><U65/><E47/><V64/><F94/><W79/><G79/><T9/><D0/><U58/><E34/><V130/><F130/><W105/><G99/><T62/><D62/><U133/><E133/><V73/><F73/><W33/><G33/><T25/><D53/><U107/><E71/><V39/><F39/><W2/><G51/><T112/><D112/><U30/><E26/><V3/><F3/><W76/><G76/><T134/><D134/><U36/><E36/><V67/><F11/><W132/><G132/><T135/><D135/><U20/><REACH who="1" step="1"/><E103/><REACH who="1" ten="299,160,240,291" step="2"/><V16/><F29/><W15/><G69/><T88/><D100/><U126/><E126/><V70/><F67/><W54/><G66/><T97/><D27/><AGARI ba="0,1" hai="4,5,16,23,27,44,49,55,61,64,70,77,81,85" machi="27" ten="30,2900,0" yaku="7,1,54,1" doraHai="122" who="2" fromWho="0" sc="299,-29,160,0,240,39,291,0" /><INIT seed="2,1,0,1,0,57" ten="270,160,279,291" oya="2" hai0="25,26,112,13,108,70,113,95,4,42,120,83,29" hai1="0,5,118,6,45,122,100,97,64,24,50,77,11" hai2="82,127,18,41,46,8,19,128,9,35,69,103,117" hai3="2,72,48,16,110,91,32,40,78,36,125,27,53"/><V52/><F69/><W58/><G110/><T1/><D120/><U37/><E122/><V3/><F35/><W111/><G111/><T129/><D70/><U99/><E118/><V75/><F117/><W104/><G125/><T39/><D108/><U119/><E119/><V115/><F115/><W98/><G2/><T14/><D39/><U51/><E6/><V79/><F127/><W55/><G40/><T68/><D42/><U44/><E24/><N who="0" m="9321" /><D68/><U20/><E20/><V28/><F28/><W61/><G36/><T43/><D43/><U86/><E37/><N who="2" m="21807" /><F103/><W114/><G114/><T121/><D95/><U74/><E74/><V107/><F107/><W63/><G32/><T102/><D83/><U109/><E109/><V15/><F128/><W38/><G38/><T87/><D102/><U67/><E45/><V30/><F30/><W134/><G134/><T34/><D87/><U126/><E126/><V105/><F105/><W132/><G132/><T133/><D133/><U47/><E47/><V93/><F93/><W73/><G78/><T33/><D121/><U62/><E77/><V59/><F9/><W89/><G104/><T71/><D71/><U66/><E100/><V22/><F15/><N who="0" m="5642" /><D129/><U56/><E86/><V80/><F80/><W135/><G135/><T23/><D34/><U92/><E92/><V65/><F22/><N who="3" m="13767" /><G91/><T123/><D33/><U49/><REACH who="1" step="1"/><E44/><REACH who="1" ten="270,150,279,291" step="2"/><V96/><F75/><W12/><G72/><T76/><D123/><U17/><E17/><V81/><F19/><W84/><G73/><T101/><D76/><U124/><E124/><V130/><F18/><RYUUKYOKU ba="1,1" sc="270,-10,150,30,279,-10,291,-10" hai1="0,5,11,49,50,51,56,62,64,66,67,97,99" /><INIT seed="3,2,1,5,0,49" ten="260,180,269,281" oya="3" hai0="88,116,104,29,4,86,70,43,12,89,27,67,123" hai1="97,125,38,106,94,133,7,124,24,69,40,48,51" hai2="44,64,77,8,101,50,128,111,33,131,59,10,42" hai3="127,87,21,105,122,56,46,28,96,82,25,91,9"/><W36/><G122/><T20/><D104/><U30/><E69/><V31/><F111/><W34/><G127/><N who="1" m="48714" /><E7/><V134/><F134/><W114/><G114/><T84/><D123/><U13/><E13/><V17/><F101/><W23/><G9/><T47/><D116/><U53/><E106/><V1/><F77/><W98/><G56/><T52/><D70/><U73/><E73/><V2/><F31/><W72/><G72/><T119/><D67/><U19/><E19/><V74/><F33/><W100/><REACH who="3" step="1"/><G98/><REACH who="3" ten="260,180,269,271" step="2"/><T62/><D119/><U61/><E97/><V99/><F99/><W117/><G117/><T60/><D84/><U103/><E133/><V0/><F74/><W130/><G130/><N who="2" m="49705" /><F59/><W65/><G65/><T78/><D86/><U68/><E68/><V76/><F64/><W113/><G113/><T14/><D62/><U92/><E61/><V126/><F126/><W39/><G39/><T5/><D60/><U3/><E38/><V107/><F10/><W120/><G120/><T112/><D112/><U66/><E66/><V11/><F11/><W18/><G18/><T90/><D4/><U26/><E30/><V71/><F71/><W85/><G85/><T102/><D5/><U80/><E3/><V6/><F17/><W54/><G54/><T57/><D29/><U41/><E53/><V79/><F1/><W135/><G135/><T55/><D55/><U110/><E41/><AGARI ba="2,2" hai="21,23,25,28,34,36,41,46,82,87,91,96,100,105" machi="41" ten="40,2000,0" yaku="1,1,53,0" doraHai="49" doraHaiUra="58" who="3" fromWho="1" sc="260,0,180,-26,269,0,271,46" /><INIT seed="3,3,0,1,4,55" ten="260,154,269,317" oya="3" hai0="44,88,132,11,93,49,70,37,97,7,135,20,51" hai1="48,109,27,69,4,62,118,1,13,67,33,100,14" hai2="111,115,117,2,65,92,86,60,50,116,91,123,127" hai3="72,105,35,76,54,57,84,121,10,114,110,102,85"/><W28/><G114/><T104/><D70/><U18/><E118/><V6/><F115/><W38/><G121/><T46/><D37/><U23/><E109/><V73/><F73/><W96/><G110/><T78/><D78/><U9/><E100/><V101/><F111/><W24/><G38/><T75/><D75/><U21/><E48/><V29/><F127/><W5/><G76/><T59/><D20/><U133/><E133/><N who="0" m="51273" /><D104/><U129/><E129/><V98/><F123/><W12/><REACH who="3" step="1"/><G72/><REACH who="3" ten="260,154,269,307" step="2"/><T71/><D44/><U113/><E113/><V64/><F117/><W134/><G134/><T95/><D46/><U0/><E0/><V32/><F2/><W112/><G112/><T99/><D71/><U87/><E1/><V41/><F116/><W56/><G56/><T30/><D59/><U122/><E122/><V53/><F6/><W81/><G81/><T107/><D7/><U90/><E4/><V80/><F80/><W82/><G82/><T119/><D119/><U58/><E69/><V40/><F92/><W83/><G83/><T15/><D107/><U36/><E58/><V128/><F128/><W125/><G125/><T74/><D74/><U103/><E67/><V94/><F65/><W61/><AGARI ba="3,1" hai="5,10,12,24,28,35,54,57,61,84,85,96,102,105" machi="61" ten="20,7800,0" yaku="1,1,0,1,7,1,52,1,53,0" doraHai="55" doraHaiUra="106" who="3" fromWho="3" sc="260,-29,154,-29,269,-29,307,97" /><INIT seed="3,4,0,1,4,92" ten="231,125,240,404" oya="3" hai0="11,12,129,99,79,52,131,91,4,80,90,26,104" hai1="49,30,64,112,40,2,63,72,94,68,10,87,123" hai2="0,62,14,114,125,35,55,16,130,82,21,22,61" hai3="124,24,31,120,41,17,117,46,27,128,84,110,119"/><W95/><G95/><T44/><D26/><U29/><E72/><V9/><F114/><W83/><G83/><T36/><D36/><U56/><E112/><V103/><F130/><N who="0" m="49674" /><D104/><U100/><E123/><V65/><F125/><W73/><G73/><N who="0" m="43119" /><D99/><N who="1" m="59511" /><E2/><V67/><F35/><W50/><G50/><AGARI ba="4,0" hai="4,11,12,44,50,52,90,91" m="43119,49674" machi="50" ten="30,2000,0" yaku="19,1,54,1" doraHai="92" who="0" fromWho="3" sc="231,32,125,0,240,0,404,-32" /><INIT seed="4,0,0,3,1,107" ten="263,125,240,372" oya="0" hai0="50,37,81,74,27,9,57,102,111,78,83,99,130" hai1="103,117,56,110,19,43,87,85,71,113,55,42,34" hai2="104,125,114,126,116,1,59,124,101,123,0,39,72" hai3="106,29,26,38,133,65,17,5,89,73,96,16,53"/><T75/><D37/><U2/><E117/><V20/><F39/><W70/><G70/><T80/><D130/><U32/><E110/><V128/><F123/><W119/><G119/><T68/><D68/><U49/><E71/><V11/><F114/><W94/><G94/><T97/><D111/><U118/><E118/><V6/><F116/><W66/><G66/><T3/><D27/><U129/><E129/><V92/><F104/><W64/><G64/><T18/><D102/><U22/><E2/><V122/><F122/><W131/><G131/><T23/><D3/><U25/><E113/><V63/><F1/><W41/><G41/><T121/><D9/><U12/><E103/><V134/><F128/><W54/><G54/><T51/><D121/><U40/><REACH who="1" step="1"/><E12/><REACH who="1" ten="263,115,240,372" step="2"/><V31/><F0/><W98/><G98/><T86/><D99/><U35/><AGARI ba="0,1" hai="19,22,25,32,34,35,40,42,43,49,55,56,85,87" machi="35" ten="40,5200,0" yaku="1,1,2,1,0,1,53,0" doraHai="107" doraHaiUra="88" who="1" fromWho="1" sc="263,-26,115,62,240,-13,372,-13" /><INIT seed="5,0,0,5,1,8" ten="237,177,227,359" oya="1" hai0="98,9,82,95,44,59,27,56,60,128,7,99,64" hai1="0,125,22,81,6,51,86,117,72,17,41,62,124" hai2="30,25,88,19,126,48,47,91,123,103,12,68,79" hai3="34,69,23,89,122,94,11,87,96,67,134,45,130"/><U90/><E117/><V114/><F68/><W55/><G55/><T118/><D118/><U2/><E72/><V115/><F123/><W92/><G92/><T127/><D127/><N who="1" m="48715" /><E62/><V54/><F126/><W111/><G111/><T20/><D128/><U129/><E129/><V113/><F103/><W1/><G1/><T46/><D82/><U42/><E6/><V70/><F79/><W120/><G120/><T78/><D78/><U74/><E74/><V110/><F70/><W104/><G104/><T108/><D108/><U32/><E32/><N who="2" m="20559" /><F110/><W119/><G119/><T135/><D56/><U75/><E75/><V49/><F49/><W16/><G16/><N who="0" m="12679" /><D135/><U57/><E57/><V102/><F102/><W36/><G36/><T58/><D58/><U63/><E63/><V21/><AGARI ba="0,0" hai="12,19,21,47,48,54,88,91,113,114,115" m="20559" machi="21" ten="30,7900,0" yaku="15,1,11,1,52,1,54,1" doraHai="8" who="2" fromWho="2" sc="237,-20,177,-39,227,79,359,-20" /><INIT seed="6,0,0,0,0,48" ten="217,138,306,339" oya="2" hai0="69,68,41,64,102,78,3,86,92,8,45,66,132" hai1="31,4,107,0,100,120,39,1,58,117,70,98,99" hai2="20,21,16,2,29,118,129,51,76,55,82,26,90" hai3="127,56,60,119,24,53,67,104,93,111,95,72,57"/><V34/><F118/><W37/><G37/><T11/><D132/><U103/><E117/><V6/><F129/><W134/><G134/><T13/><D8/><U122/><E39/><V61/><F34/><W115/><G115/><T71/><D3/><U43/><E43/><V94/><F6/><W124/><G124/><T32/><D32/><U80/><E80/><V75/><F2/><W30/><G30/><T54/><D102/><U18/><E18/><V116/><F61/><W52/><G52/><T59/><D92/><U23/><E4/><V40/><F40/><W10/><G10/><T77/><D68/><U19/><E70/><V84/><F116/><W35/><G35/><T125/><D71/><U131/><E31/><V114/><F114/><W38/><G38/><T17/><D69/><U65/><E131/><V47/><F21/><W49/><G49/><N who="0" m="26799" /><D125/><U106/><E1/><V15/><REACH who="2" step="1"/><F29/><REACH who="2" ten="217,138,296,339" step="2"/><W128/><G128/><T123/><D123/><U22/><E0/><V96/><F96/><W12/><G12/><AGARI ba="0,1" hai="12,15,16,20,26,47,51,55,75,76,82,84,90,94" machi="12" ten="40,7700,0" yaku="1,1,52,1,54,1,53,0" doraHai="48" doraHaiUra="63" who="2" fromWho="3" sc="217,0,138,0,296,87,339,-77" /><INIT seed="6,1,0,4,3,84" ten="217,138,383,262" oya="2" hai0="38,111,81,41,1,89,11,53,13,121,27,24,46" hai1="133,112,43,48,134,95,99,42,88,31,91,129,96" hai2="118,51,60,76,128,130,125,85,79,124,83,86,100" hai3="77,80,97,7,105,33,23,56,28,65,64,132,126"/><V25/><F60/><W62/><G62/><T108/><D121/><U87/><E112/><V114/><F51/><W30/><G30/><T50/><D1/><U19/><E31/><V0/><F25/><W66/><G66/><T44/><D24/><U94/><E129/><N who="2" m="49771" /><F0/><W49/><G49/><T6/><REACH who="0" step="1"/><D27/><REACH who="0" ten="207,138,383,262" step="2"/><U69/><E69/><V75/><F114/><W82/><G82/><T72/><D72/><U2/><E2/><V29/><F29/><W106/><G106/><T98/><D98/><U55/><E19/><V9/><F118/><W109/><G109/><T74/><D74/><U45/><REACH who="1" step="1"/><E99/><REACH who="1" ten="207,128,383,262" step="2"/><V135/><F75/><W14/><G14/><T122/><D122/><U117/><E117/><V26/><F26/><W120/><G120/><T71/><D71/><U21/><E21/><V54/><F86/><AGARI ba="1,2" hai="6,11,13,38,41,44,46,50,53,81,86,89,108,111" machi="86" ten="40,2600,0" yaku="1,1,52,1,53,0" doraHai="84" doraHaiUra="58" who="0" fromWho="2" sc="207,49,128,0,383,-29,262,0" /><INIT seed="7,0,0,3,0,31" ten="256,128,354,262" oya="3" hai0="126,87,80,116,114,32,11,109,48,68,62,124,14" hai1="36,57,6,105,15,76,58,44,101,18,49,33,9" hai2="0,113,47,91,123,52,119,94,35,104,38,125,5" hai3="24,85,84,7,16,86,78,133,70,100,132,127,79"/><W107/><G107/><T39/><D116/><U93/><E105/><V71/><RYUUKYOKU type="yao9" ba="0,0" sc="256,0,128,0,354,0,262,0" hai2="0,5,35,38,47,52,71,91,94,104,113,119,123,125" /><INIT seed="7,1,0,3,0,77" ten="256,128,354,262" oya="3" hai0="123,50,95,89,74,103,65,53,87,114,8,78,57" hai1="28,30,26,90,40,27,32,43,18,122,41,86,55" hai2="2,46,37,107,25,108,99,134,49,42,39,64,93" hai3="97,125,12,17,84,112,15,51,135,124,119,96,129"/><W76/><G76/><T22/><D123/><U20/><E122/><V9/><F107/><W113/><G113/><T128/><D128/><U60/><E30/><V118/><F108/><W67/><G67/><T68/><D114/><U35/><E35/><V6/><F118/><W110/><G110/><T117/><D117/><U69/><E69/><V63/><F134/><W58/><G58/><T105/><D8/><U48/><E60/><V109/><F25/><W44/><G44/><T94/><D22/><U132/><E132/><V11/><F11/><W120/><G120/><T56/><D94/><U23/><E32/><V24/><F24/><W10/><G10/><T100/><D68/><U92/><REACH who="1" step="1"/><E40/><REACH who="1" ten="256,118,354,262" step="2"/><V106/><F109/><W61/><G61/><T88/><D65/><U130/><E130/><V127/><F63/><W72/><G72/><T47/><D53/><U66/><E66/><V34/><F64/><W98/><G98/><T36/><D74/><U62/><E62/><V71/><F99/><W7/><G7/><T116/><D116/><U0/><E0/><V91/><F2/><W14/><G14/><T38/><D105/><U85/><E85/><V121/><F106/><W102/><G102/><T111/><D103/><U131/><E131/><V45/><F42/><W4/><G4/><T33/><D111/><U1/><E1/><V59/><F34/><W80/><G80/><N who="0" m="47511" /><D33/><U54/><E54/><V75/><F6/><W126/><G126/><T5/><D5/><U79/><E79/><V19/><F127/><W104/><G104/><T3/><D3/><U81/><E81/><RYUUKYOKU ba="1,1" sc="256,-10,118,30,354,-10,262,-10" hai1="18,20,23,26,27,28,41,43,48,55,86,90,92" owari="246,-15.0,148,-35.0,354,45.0,252,5.0" /></mjloggm>