<mjloggm ver="2.3"><GO type="169" lobby="0"/><UN n0="%E9%BB%92%E6%B2%A2%E7%A5%90%E4%B8%80" n1="%33%33%62%6C%61%63%6B" n2="%E4%B8%8D%E8%81%B4%E7%89%8C%E3%83%AA%E3%83%BC%E3%83%81" n3="%E3%82%A6%E3%83%AB%E3%83%88%E3%83%A9%E7%AB%8B%E7%9B%B4" dan="16,16,16,17" rate="2119.10,2066.94,2101.88,2106.90" sx="M,M,M,M"/><TAIKYOKU oya="0"/><INIT seed="0,0,0,0,5,45" ten="250,250,250,250" oya="0" hai0="100,125,103,122,97,50,133,92,126,47,27,75,67" hai1="64,52,116,86,127,81,115,109,111,101,25,26,66" hai2="120,128,19,68,132,65,18,88,16,17,35,21,131" hai3="53,70,58,78,46,55,1,48,42,73,41,102,82"/><T44/><D122/><U11/><E116/><V13/><F120/><W71/><G1/><T4/><D75/><U12/><E127/><N who="0" m="48649" /><D133/><U62/><E101/><V56/><F68/><W29/><G42/><T22/><D4/><U98/><E98/><V76/><F76/><W9/><G29/><N who="0" m="17655" /><D67/><U83/><E115/><V69/><F69/><W57/><G9/><T121/><D121/><U60/><E11/><V33/><F132/><W72/><G72/><T0/><D0/><U63/><E63/><N who="2" m="38119" /><F88/><W118/><G118/><T5/><D5/><U10/><E10/><V15/><F15/><W104/><G102/><N who="0" m="60711" /><D44/><U43/><E12/><V135/><F135/><W99/><G104/><T30/><D30/><U124/><E124/><V51/><F13/><W49/><REACH who="3" step="1"/><G99/><REACH who="3" ten="250,250,250,240" step="2"/><T36/><D36/><AGARI ba="0,1" hai="36,41,46,48,49,53,55,57,58,70,71,73,78,82" machi="36" ten="30,12000,2" yaku="1,1,2,1,7,1,9,1,52,2,53,1" doraHai="45" doraHaiUra="39" who="3" fromWho="0" sc="250,-120,250,0,250,0,240,130" /><INIT seed="1,0,0,4,2,126" ten="130,250,250,370" oya="1" hai0="32,10,24,74,87,96,62,84,73,53,111,69,56" hai1="23,42,114,120,89,37,95,124,134,88,20,121,75" hai2="30,72,100,93,98,1,27,76,81,82,17,135,66" hai3="125,91,51,21,122,65,36,118,3,58,110,70,129"/><U107/><E114/><V52/><F1/><W105/><RYUUKYOKU type="yao9" ba="0,0" sc="130,0,250,0,250,0,370,0" hai3="3,21,36,51,58,65,70,91,105,110,118,122,125,129" /><INIT seed="1,1,0,0,2,11" ten="130,250,250,370" oya="1" hai0="14,84,113,71,16,93,45,120,129,78,90,88,131" hai1="127,66,89,5,135,53,81,72,37,106,50,68,49" hai2="122,4,8,115,114,123,23,60,62,19,104,61,119" hai3="121,107,128,73,96,124,105,40,101,99,33,41,47"/><U28/><E106/><V126/><F104/><W30/><G73/><T17/><D113/><N who="2" m="43018" /><F119/><W3/><G3/><T83/><D71/><U116/><E116/><V32/><F32/><W92/><G107/><T25/><D120/><U24/><E127/><V74/><F74/><W110/><G110/><T100/><D25/><U52/><E37/><V9/><F126/><W29/><G40/><T134/><D134/><U85/><E135/><V108/><F9/><W97/><G97/><N who="0" m="59439" /><D17/><U57/><E5/><V35/><F35/><W44/><G44/><T111/><D111/><U20/><E72/><V34/><F34/><W18/><G33/><T67/><D67/><U54/><REACH who="1" step="1"/><E49/><REACH who="1" ten="130,240,250,370" step="2"/><V42/><F108/><W94/><G105/><T87/><D129/><U112/><E112/><V98/><F4/><W6/><G128/><T82/><D131/><U133/><E133/><V27/><F123/><W21/><G6/><T63/><D63/><AGARI ba="1,1" hai="20,24,28,50,52,53,54,57,63,66,68,81,85,89" machi="63" ten="40,3900,0" yaku="1,1,54,1,53,0" doraHai="11" doraHaiUra="91" who="1" fromWho="0" sc="130,-42,240,52,250,0,370,0" /><INIT seed="1,2,0,0,1,46" ten="88,292,250,370" oya="1" hai0="115,98,54,117,34,124,11,114,120,28,48,9,99" hai1="81,59,132,83,62,74,94,49,60,95,92,134,102" hai2="29,90,20,123,12,40,122,50,63,10,25,35,43" hai3="128,24,75,77,71,88,8,58,126,89,86,84,14"/><U56/><E102/><V103/><F103/><W80/><G71/><T22/><D117/><U108/><E74/><V107/><F107/><W93/><G126/><T15/><D34/><U133/><E108/><V64/><F35/><W105/><G105/><T82/><D124/><U125/><E125/><V65/><F123/><W1/><G1/><T79/><D120/><U96/><E96/><V19/><F122/><W47/><G128/><T17/><D114/><U73/><E73/><V78/><F78/><W118/><G118/><T112/><D112/><U127/><E127/><V111/><F111/><W121/><G121/><T26/><D9/><U32/><E32/><V53/><F90/><W18/><G47/><T45/><REACH who="0" step="1"/><D115/><REACH who="0" ten="78,292,250,370" step="2"/><U72/><E132/><V13/><F10/><W21/><G8/><T100/><D100/><U37/><E133/><V104/><F20/><W66/><G21/><T51/><D51/><U27/><E49/><V30/><F50/><W70/><G75/><AGARI ba="2,1" hai="11,15,17,22,26,28,45,48,54,75,79,82,98,99" machi="75" ten="30,7700,0" yaku="1,1,7,1,52,1,53,1" doraHai="46" doraHaiUra="5" who="0" fromWho="3" sc="78,93,292,0,250,0,370,-83" /><INIT seed="2,0,0,5,0,130" ten="171,292,250,287" oya="2" hai0="31,21,13,16,99,123,94,20,58,62,2,125,90" hai1="101,111,106,64,30,41,23,68,65,89,78,32,122" hai2="15,85,46,82,83,100,55,59,131,96,69,114,132" hai3="91,7,9,128,124,115,77,134,50,57,108,116,33"/><V127/><F69/><W35/><G116/><T80/><D123/><U118/><E118/><V88/><F114/><W86/><G77/><T47/><D125/><U104/><E32/><V110/><F127/><W103/><G103/><T92/><D2/><U27/><E78/><V102/><F131/><W14/><G124/><T22/><D80/><U117/><E117/><V37/><F110/><W51/><G128/><T42/><D92/><U4/><E4/><V25/><F83/><W71/><G71/><T66/><REACH who="0" step="1"/><D31/><REACH who="0" ten="161,292,250,287" step="2"/><U113/><E30/><V107/><F82/><W98/><G115/><T75/><D75/><U56/><E113/><V74/><F74/><W81/><G108/><T19/><D19/><U79/><E111/><V1/><F1/><W121/><G121/><T28/><D28/><U61/><E122/><V73/><F73/><W12/><G98/><T10/><D10/><U45/><E104/><V76/><F96/><W36/><G36/><AGARI ba="0,1" hai="13,16,20,21,22,36,42,47,58,62,66,90,94,99" machi="36" ten="30,3900,0" yaku="1,1,7,1,54,1,53,0" doraHai="130" doraHaiUra="48" who="0" fromWho="3" sc="161,49,292,0,250,0,287,-39" /><INIT seed="3,0,0,5,0,99" ten="210,292,250,248" oya="3" hai0="15,57,109,132,88,105,107,62,58,8,113,9,102" hai1="18,133,38,116,27,61,0,128,25,52,94,131,75" hai2="85,44,43,129,33,16,77,1,84,35,125,83,80" hai3="93,28,13,123,45,118,24,46,71,56,12,103,10"/><W7/><G71/><T117/><D117/><U41/><E116/><V3/><F129/><N who="1" m="49737" /><E75/><V69/><F69/><W48/><G123/><T5/><D109/><U110/><E0/><V90/><F125/><W47/><G118/><T63/><D132/><U120/><E120/><V97/><F3/><W14/><G56/><T130/><D130/><U108/><E133/><V135/><F1/><W34/><REACH who="3" step="1"/><G48/><REACH who="3" ten="210,292,250,238" step="2"/><T127/><D58/><U21/><E110/><V115/><F135/><W6/><G6/><T30/><D5/><U19/><E108/><V2/><F115/><W59/><G59/><T67/><D113/><U86/><E38/><V121/><F121/><W104/><G104/><T54/><D107/><U89/><E61/><V70/><F70/><W111/><G111/><T11/><D105/><U98/><E27/><V134/><F134/><W51/><G51/><T76/><D63/><U106/><E25/><V17/><F44/><W53/><G53/><T100/><D54/><U96/><E52/><V22/><F43/><W20/><G20/><T42/><D42/><U101/><E41/><V37/><F22/><W124/><G124/><T68/><D127/><U91/><E21/><V122/><F122/><W60/><G60/><T26/><D68/><U112/><E112/><V4/><F4/><W29/><G29/><T65/><D57/><U79/><E106/><V72/><F37/><W36/><G36/><T66/><D62/><U23/><E23/><V64/><F64/><W81/><G81/><T50/><D66/><U87/><E94/><N who="2" m="56535" /><F83/><W78/><G78/><T92/><D65/><RYUUKYOKU ba="0,1" sc="210,-10,292,-10,250,-10,238,30" hai3="7,10,12,13,14,24,28,34,45,46,47,93,103" /><INIT seed="3,1,1,5,2,120" ten="200,282,240,268" oya="3" hai0="105,36,70,123,103,61,93,78,59,40,43,51,127" hai1="22,104,41,0,135,73,60,99,48,44,87,107,54" hai2="57,102,18,74,56,16,92,45,77,28,32,52,23" hai3="82,101,5,132,84,83,9,11,4,25,96,131,37"/><W8/><G37/><T62/><D105/><U29/><E73/><V34/><F28/><W125/><G125/><T49/><D78/><U6/><E135/><V98/><F45/><W126/><G126/><T111/><D127/><U121/><E121/><V129/><F129/><W50/><G131/><T130/><D123/><U35/><E35/><V26/><F57/><W112/><G112/><T64/><D130/><U88/><E6/><V117/><F117/><W39/><G39/><T30/><D30/><U97/><E0/><V12/><F74/><W53/><G25/><T27/><D27/><N who="1" m="16631" /><E107/><V86/><F86/><W110/><G110/><T31/><D31/><U66/><E104/><V133/><F77/><N who="3" m="46159" /><G83/><T100/><D93/><N who="1" m="54431" /><E66/><V81/><F81/><W46/><G132/><T24/><D24/><U65/><E65/><V47/><F47/><W55/><G55/><N who="0" m="34047" /><D100/><U114/><E114/><V38/><F38/><W33/><G33/><T116/><D103/><U1/><E1/><V115/><F115/><W21/><G21/><T7/><D7/><U109/><E109/><V19/><F133/><W10/><N who="3" m="2048" /><DORA hai="67" /><W79/><G79/><T94/><D94/><AGARI ba="1,1" hai="4,5,46,50,53,94,96,101" m="2048,46159" machi="94" ten="40,2000,0" yaku="8,1" doraHai="120,67" who="3" fromWho="0" sc="200,-23,282,0,240,0,268,33" /><INIT seed="3,2,0,1,2,105" ten="177,282,240,301" oya="3" hai0="63,70,112,131,12,101,116,1,106,87,34,51,53" hai1="23,16,88,74,113,79,50,108,26,135,99,42,128" hai2="32,9,31,91,123,97,52,17,22,82,56,0,93" hai3="127,77,98,80,89,11,102,132,57,109,36,119,15"/><W28/><G36/><T115/><D1/><U19/><E113/><V122/><F31/><W71/><G71/><T100/><D116/><U130/><E108/><V121/><F32/><W73/><G119/><T133/><D34/><U69/><E69/><V47/><F47/><W4/><G127/><T30/><D30/><U125/><E125/><V5/><F82/><W62/><G109/><T25/><D25/><U95/><E135/><V86/><F97/><W76/><G132/><T49/><D133/><U75/><E19/><V134/><F134/><W27/><G89/><T96/><D101/><U35/><E35/><V46/><BYE who="1" /><F46/><W92/><G77/><T117/><D117/><U103/><E103/><V29/><F29/><W18/><G18/><T40/><D12/><U118/><E118/><V107/><F107/><W2/><G27/><T67/><D131/><U120/><E120/><V33/><F33/><W6/><G28/><T114/><D40/><U94/><E94/><V90/><F90/><W110/><G110/><T72/><D87/><U104/><E104/><V126/><F126/><W55/><REACH who="3" step="1"/><G4/><REACH who="3" ten="177,282,240,291" step="2"/><T13/><D114/><U111/><E111/><V48/><REACH who="2" step="1"/><F122/><REACH who="2" ten="177,282,230,291" step="2"/><W84/><G84/><T78/><D115/><U43/><E43/><V54/><F54/><W10/><G10/><T64/><D112/><U38/><E38/><V59/><F59/><W39/><G39/><T65/><D53/><U124/><E124/><V81/><F81/><W7/><G7/><T60/><D70/><U58/><E58/><V8/><F8/><W85/><G85/><T14/><D100/><RYUUKYOKU ba="2,2" sc="177,-15,282,-15,230,15,291,15" hai2="0,5,9,17,22,48,52,56,86,91,93,121,123" hai3="2,6,11,15,55,57,62,73,76,80,92,98,102" /><INIT seed="3,3,2,4,3,124" ten="162,267,245,306" oya="3" hai0="90,78,82,109,96,126,70,71,7,1,38,95,65" hai1="117,13,2,25,44,0,19,17,60,89,10,57,27" hai2="62,31,53,114,34,87,113,26,28,123,23,94,111" hai3="50,12,36,48,30,66,91,128,18,74,103,116,40"/><W84/><G74/><UN n1="%33%33%62%6C%61%63%6B" /><T133/><D126/><U45/><E117/><V83/><F123/><W5/><G116/><T51/><D65/><N who="1" m="39055" /><E0/><V110/><F94/><W3/><G128/><T125/><D125/><U4/><E2/><V105/><F105/><W68/><G30/><T55/><D38/><U8/><E89/><V20/><F62/><W33/><G33/><T75/><D109/><N who="2" m="41482" /><F53/><W49/><G103/><T9/><REACH who="0" step="1"/><D133/><REACH who="0" ten="152,267,245,306" step="2"/><U32/><E32/><V43/><F34/><W118/><G66/><T14/><D14/><N who="1" m="7383" /><E4/><V101/><F114/><W108/><G108/><T120/><D120/><U119/><E119/><V121/><F113/><W81/><G118/><T56/><AGARI ba="3,3" hai="1,7,9,51,55,56,70,71,75,78,82,90,95,96" machi="56" ten="20,8000,1" yaku="1,1,0,1,7,1,53,2" doraHai="124" doraHaiUra="64" who="0" fromWho="0" sc="152,119,267,-23,245,-23,306,-43" /><INIT seed="4,0,0,0,4,12" ten="271,244,222,263" oya="0" hai0="32,39,8,74,53,126,50,41,29,100,113,36,2" hai1="42,30,78,46,26,44,40,17,83,55,127,11,24" hai2="105,49,69,87,80,117,115,66,89,110,72,122,93" hai3="28,14,75,68,103,119,97,96,111,37,77,10,98"/><T59/><D74/><U1/><E127/><V58/><F105/><W51/><G37/><T63/><D100/><U43/><E1/><V22/><F122/><W19/><G111/><T73/><D73/><U33/><E33/><V118/><BYE who="1" /><F110/><W70/><G119/><T65/><D32/><U125/><E125/><V112/><F69/><W3/><G3/><T109/><D29/><U25/><E25/><V114/><F22/><W107/><G28/><T135/><D126/><U92/><E92/><V76/><F66/><UN n1="%33%33%62%6C%61%63%6B" /><W56/><G70/><T84/><D109/><U5/><E5/><V38/><F38/><W67/><G68/><T9/><D113/><U128/><E128/><V21/><F58/><W6/><G6/><T116/><D116/><N who="2" m="44650" /><F21/><W121/><G121/><T91/><D135/><U13/><E30/><V88/><F49/><W79/><G75/><T82/><D36/><U120/><E120/><V23/><F23/><W64/><G107/><T48/><D2/><U86/><REACH who="1" step="1"/><E46/><REACH who="1" ten="271,234,222,263" step="2"/><V104/><F104/><W133/><G133/><T47/><D39/><U90/><E90/><AGARI ba="0,1" hai="72,76,80,87,88,89,90,93,112,114,115" m="44650" machi="90" ten="40,8000,1" yaku="15,1,12,1,34,2,54,1" doraHai="12" who="2" fromWho="1" sc="271,0,234,-80,222,90,263,0" /><INIT seed="5,0,0,1,2,124" ten="271,154,312,263" oya="1" hai0="131,129,12,8,99,51,1,103,106,26,71,132,24" hai1="66,117,127,5,25,100,121,58,22,77,90,118,13" hai2="78,130,88,98,27,96,82,46,125,85,6,94,62" hai3="53,28,112,14,65,69,80,116,72,115,67,9,57"/><U52/><E121/><V108/><F108/><W43/><G43/><T15/><D71/><U109/><E127/><V61/><F125/><W2/><G2/><T44/><D1/><U110/><E77/><V119/><F119/><W68/><G28/><T18/><D15/><U17/><E100/><V135/><F135/><W74/><G116/><T70/><D70/><U7/><E66/><V40/><F130/><N who="0" m="49674" /><D132/><U55/><E117/><V133/><F133/><W86/><G68/><T76/><D76/><U3/><E118/><V107/><F6/><N who="1" m="2057" /><E3/><V19/><F107/><W4/><G69/><T21/><D8/><U20/><E90/><V29/><F19/><W37/><G37/><T128/><N who="0" m="49682" /><T104/><DORA hai="64" /><D104/><U102/><E102/><V56/><F78/><W39/><G39/><T38/><D38/><U30/><E58/><V31/><F56/><W126/><G126/><T89/><D89/><U59/><E59/><V0/><F88/><N who="3" m="51271" /><G74/><T75/><D75/><U87/><E87/><V42/><F85/><W120/><G72/><T45/><D45/><U10/><E10/><V35/><F46/><W91/><G91/><T48/><D44/><U79/><E79/><V50/><F0/><W113/><G120/><T73/><D73/><U93/><E93/><V97/><F94/><W81/><G81/><T36/><D36/><U23/><E23/><V41/><F82/><W60/><AGARI ba="0,0" hai="4,9,14,53,57,60,65,67,112,113,115" m="51271" machi="60" ten="30,2000,0" yaku="15,1,54,1" doraHai="124,64" who="3" fromWho="3" sc="271,-5,154,-10,312,-5,263,20" /><INIT seed="6,0,0,4,0,13" ten="266,144,307,283" oya="2" hai0="41,33,129,30,102,28,47,55,85,114,117,77,125" hai1="121,96,128,17,38,50,18,101,72,34,6,112,70" hai2="86,62,120,97,51,36,100,88,35,54,110,82,53" hai3="76,84,49,43,12,0,2,78,111,42,123,107,1"/><V60/><F36/><W57/><G107/><T98/><D114/><U108/><E38/><V44/><F120/><W22/><G123/><T92/><D33/><U104/><E121/><V65/><F35/><W7/><G111/><T135/><D125/><U8/><E108/><V24/><F110/><W5/><G57/><T45/><D135/><U52/><E112/><V59/><F24/><W87/><G49/><T131/><D55/><U25/><E72/><V113/><F113/><W115/><G12/><T122/><D122/><U32/><E128/><N who="0" m="49225" /><D117/><U133/><E133/><V4/><F4/><N who="3" m="1611" /><G22/><T126/><D126/><U15/><E70/><V58/><F58/><W48/><G48/><N who="0" m="26671" /><D47/><U29/><REACH who="1" step="1"/><E34/><REACH who="1" ten="266,134,307,283" step="2"/><V61/><F65/><W116/><G115/><T40/><D40/><N who="3" m="15401" /><G116/><T3/><D3/><U103/><E103/><V63/><F100/><W119/><G119/><T10/><D102/><U19/><E19/><V68/><F68/><W64/><G64/><T95/><D28/><U105/><E105/><V127/><F127/><W80/><G80/><T73/><D30/><U89/><E89/><V134/><F134/><W74/><G74/><T14/><D73/><U26/><E26/><V37/><F37/><W91/><G91/><T75/><D75/><U93/><E93/><N who="2" m="56487" /><F82/><W79/><AGARI ba="0,1" hai="0,1,2,76,78,79,84,87" m="15401,1611" machi="79" ten="40,8000,1" yaku="28,2,26,2" doraHai="13" who="3" fromWho="3" sc="266,-20,134,-20,307,-40,283,90" /><INIT seed="7,0,0,1,1,113" ten="246,114,267,373" oya="3" hai0="27,74,51,5,42,66,98,59,25,46,36,21,120" hai1="79,72,19,55,126,16,64,88,94,23,45,108,121" hai2="71,40,134,7,65,87,109,130,20,43,60,18,0" hai3="2,123,96,92,89,61,70,117,106,47,135,101,62"/><W44/><G117/><T22/><D120/><U57/><E121/><V82/><F109/><W129/><G62/><T4/><D74/><U107/><E108/><V133/><F130/><W68/><G44/><T50/><D36/><U11/><E107/><V114/><F114/><W53/><G70/><T100/><D21/><U1/><E126/><V48/><F48/><W35/><G53/><T8/><D8/><U30/><E64/><V103/><F103/><W69/><G47/><T105/><D25/><U112/><E112/><V97/><F97/><W84/><G2/><T12/><D12/><U90/><E45/><V58/><F71/><W14/><G14/><T81/><D81/><U104/><E104/><V28/><F28/><W127/><G61/><T132/><D132/><N who="2" m="50794" /><F7/><W115/><G69/><T31/><D66/><U34/><E34/><V99/><F99/><W24/><G68/><T124/><D124/><U118/><E118/><V9/><F9/><W85/><G96/><T83/><D83/><U75/><E30/><V67/><F0/><W54/><G101/><T6/><D51/><U110/><E110/><V29/><F29/><W80/><G127/><T93/><D105/><U78/><E72/><V73/><F73/><W128/><G106/><T77/><D77/><U39/><E39/><V15/><F67/><W17/><G128/><T63/><D59/><U32/><E75/><V38/><F38/><W125/><G129/><T102/><D102/><U76/><E32/><V116/><F116/><W91/><G125/><T13/><D63/><U49/><E1/><V95/><F95/><RYUUKYOKU ba="0,0" sc="246,15,114,-15,267,15,373,-15" hai0="4,5,6,13,22,27,31,42,46,50,93,98,100" hai2="15,18,20,40,43,58,60,65,82,87" owari="261,-14.0,99,-40.0,282,8.0,358,46.0" /></mjloggm>