<mjloggm ver="2.3"><GO type="97" lobby="0"/><UN n0="%E3%83%84%E3%83%8E%E3%83%80%E6%A7%98%E3%81%8C%E3%81%BF%E3%81%A6%E3%82%8B" n1="%E3%81%86%E3%81%95%E3%81%8E%E3%81%B6%E3%81%A1" n2="%4D%61%6B%6F%74%6F%44%61" n3="%E3%82%A6%E3%83%AB%E3%83%88%E3%83%A9%E7%AB%8B%E7%9B%B4" dan="15,15,14,14" rate="1993.48,2006.98,1947.68,1922.77" sx="M,M,M,M"/><TAIKYOKU oya="0"/><INIT seed="0,0,0,2,0,4" ten="250,250,250,250" oya="0" hai0="1,86,68,13,120,95,53,124,114,69,3,109,70" hai1="24,43,18,102,108,11,116,39,132,118,34,67,101" hai2="52,94,25,16,32,26,48,135,27,112,20,121,12" hai3="29,74,79,134,100,56,93,57,21,129,115,14,2"/><T31/><D114/><U71/><E108/><V44/><F135/><W110/><G2/><T55/><D120/><U46/><E132/><V113/><F121/><W62/><G74/><T59/><D109/><U77/><E77/><V36/><F36/><W125/><G115/><T73/><D73/><U107/><E11/><V64/><F32/><W33/><G33/><T90/><D124/><U65/><E65/><V88/><REACH who="2" step="1"/><F64/><REACH who="2" ten="250,250,240,250" step="2"/><W80/><G134/><T9/><D31/><U111/><E67/><V92/><F92/><W122/><G93/><T0/><REACH who="0" step="1"/><D59/><REACH who="0" ten="240,250,240,250" step="2"/><U8/><E118/><V15/><F15/><W7/><G14/><T30/><D30/><U104/><E116/><V99/><AGARI ba="0,2" hai="12,16,20,25,26,27,44,48,52,88,94,99,112,113" machi="99" ten="30,8000,1" yaku="1,1,0,1,54,3,53,0" doraHai="4" doraHaiUra="83" who="2" fromWho="2" sc="240,-40,250,-20,240,100,250,-20" /><INIT seed="1,0,0,1,3,9" ten="200,230,340,230" oya="1" hai0="108,0,2,69,11,58,112,53,36,1,44,85,88" hai1="77,41,132,78,102,119,17,65,101,35,52,115,120" hai2="51,29,42,50,133,25,39,68,60,5,91,105,49" hai3="40,90,33,21,110,97,84,83,63,89,4,18,16"/><U8/><E115/><V100/><F91/><W57/><G33/><T31/><D112/><U32/><E119/><V94/><F5/><W98/><G110/><T62/><D108/><U134/><E120/><V80/><F94/><W73/><G73/><T15/><D31/><U61/><E41/><V130/><F80/><W54/><G4/><T72/><D72/><U79/><E35/><V93/><F93/><W96/><G40/><T75/><D75/><U12/><E32/><V26/><F133/><N who="1" m="51305" /><E52/><V67/><F130/><W122/><G122/><T46/><D69/><AGARI ba="0,0" hai="8,12,17,61,65,69,77,78,79,101,102" m="51305" machi="69" ten="30,2900,0" yaku="20,1,52,1" doraHai="9" who="1" fromWho="0" sc="200,-29,230,29,340,0,230,0" /><INIT seed="1,1,0,1,1,86" ten="171,259,340,230" oya="1" hai0="40,122,73,135,16,32,5,43,101,9,114,121,92" hai1="12,1,74,34,22,91,97,90,62,66,6,23,75" hai2="8,10,25,60,106,14,129,0,99,48,123,98,104" hai3="79,35,57,42,36,134,65,118,50,105,18,24,64"/><U56/><E34/><V133/><F123/><N who="0" m="47114" /><D114/><U53/><E1/><V61/><F48/><W38/><G105/><T55/><D73/><U82/><E75/><V31/><F0/><W88/><G35/><T117/><D32/><U17/><E74/><V81/><F81/><W120/><G38/><T29/><D29/><U80/><E6/><V85/><F85/><W111/><G36/><T84/><D117/><U15/><E66/><N who="3" m="25706" /><G79/><T93/><D135/><U68/><E68/><V102/><F133/><W103/><G103/><T13/><D55/><U58/><E58/><V95/><F129/><W45/><G111/><T72/><D72/><U59/><E97/><V20/><F8/><W108/><G108/><T77/><D77/><U87/><E59/><V127/><F127/><W26/><G134/><T83/><D83/><N who="1" m="31787" /><E87/><V132/><F132/><W128/><G128/><T3/><D101/><U44/><E44/><V125/><F125/><W11/><G57/><T27/><D27/><U51/><E62/><V49/><F49/><W130/><G130/><T78/><D78/><U33/><E33/><V126/><F106/><W96/><G118/><T112/><D112/><U21/><E15/><V30/><F126/><W28/><G28/><T37/><D37/><U47/><E47/><V70/><F31/><W109/><G109/><T113/><D113/><U4/><E4/><V100/><F70/><W69/><G69/><T89/><D93/><U119/><E119/><V76/><F76/><W110/><G110/><T46/><D46/><U71/><E71/><V107/><F107/><W19/><G120/><RYUUKYOKU ba="1,0" sc="171,10,259,10,340,10,230,-30" hai0="3,5,9,13,16,40,43,84,89,92" hai1="12,17,21,22,23,51,53,56,90,91" hai2="10,14,20,25,30,60,61,95,98,99,100,102,104" /><INIT seed="1,2,0,5,2,57" ten="181,269,350,200" oya="1" hai0="120,89,128,101,36,107,52,132,62,29,34,98,108" hai1="121,83,44,7,26,115,31,126,97,112,46,82,80" hai2="117,78,58,10,41,116,9,27,20,118,81,95,23" hai3="74,125,85,15,5,17,88,69,24,119,100,11,102"/><U47/><E121/><V91/><F41/><W50/><G74/><T123/><D36/><U35/><E126/><V122/><F122/><N who="0" m="46634" /><D132/><U90/><REACH who="1" step="1"/><E7/><REACH who="1" ten="181,259,350,200" step="2"/><V53/><F118/><W130/><G119/><T67/><D128/><U55/><E55/><V13/><F117/><W77/><G125/><T75/><D108/><U12/><E12/><V1/><F116/><W33/><G130/><T105/><D67/><U71/><E71/><V42/><F42/><W8/><G69/><T104/><D75/><U18/><E18/><V129/><F129/><W6/><G6/><T73/><D73/><U19/><E19/><V16/><F13/><W64/><G15/><T4/><D4/><U87/><E87/><V51/><F1/><W14/><G85/><T110/><D110/><U79/><E79/><V59/><F78/><W134/><G77/><T114/><D114/><U43/><E43/><V76/><F76/><W3/><G14/><T86/><D29/><U65/><E65/><V96/><F53/><W2/><G64/><T135/><D135/><U109/><E109/><V103/><F27/><W127/><G24/><T39/><D86/><U93/><AGARI ba="2,1" hai="26,31,35,44,46,47,80,82,83,90,93,97,112,115" machi="93" ten="40,7800,0" yaku="1,1,0,1,53,1" doraHai="57" doraHaiUra="22" who="1" fromWho="1" sc="181,-28,259,94,350,-28,200,-28" /><INIT seed="1,3,0,0,1,0" ten="153,353,322,172" oya="1" hai0="5,70,12,63,123,127,99,93,94,38,13,81,113" hai1="6,84,78,88,7,32,25,115,135,119,133,61,76" hai2="23,104,52,121,64,53,35,80,90,18,59,46,21" hai3="26,68,130,49,51,72,41,40,111,85,8,42,134"/><U50/><E115/><V100/><F121/><W28/><G72/><T1/><D113/><U39/><E39/><V120/><F120/><W62/><G68/><T69/><D123/><U55/><E119/><V96/><F35/><W47/><G111/><T19/><D38/><U87/><E61/><V109/><F109/><W89/><G130/><T125/><D81/><U108/><E108/><V77/><F90/><W66/><G134/><N who="1" m="51210" /><E25/><V29/><F29/><W124/><G124/><N who="0" m="47691" /><D93/><N who="1" m="54431" /><E32/><V131/><F131/><W101/><G62/><T20/><D63/><U126/><E126/><V36/><F64/><W98/><G66/><T43/><D43/><U60/><E60/><V3/><F36/><W56/><G41/><T34/><D34/><U44/><E84/><V27/><F46/><W117/><G42/><T83/><D69/><U71/><E71/><V45/><F45/><W31/><G117/><T112/><D70/><U95/><E95/><V74/><F59/><W14/><G56/><T17/><D112/><U91/><E91/><V58/><F58/><W97/><G51/><T54/><D83/><U24/><E24/><V116/><F116/><W102/><G26/><T132/><D132/><U86/><E86/><V105/><F105/><W11/><G89/><T106/><D106/><U82/><E82/><V4/><REACH who="2" step="1"/><F23/><REACH who="2" ten="153,353,312,172" step="2"/><W122/><G122/><T2/><D20/><U10/><E10/><AGARI ba="3,1" hai="3,4,10,18,21,27,52,53,74,77,80,96,100,104" machi="10" ten="40,8000,1" yaku="1,1,2,1,52,1,54,1,53,0" doraHai="0" doraHaiUra="9" who="2" fromWho="1" sc="153,0,353,-89,312,99,172,0" /><INIT seed="2,0,0,4,1,5" ten="153,264,411,172" oya="2" hai0="81,72,14,92,41,26,109,85,116,23,28,11,47" hai1="105,64,122,101,20,111,53,3,34,49,100,2,74" hai2="27,25,106,73,17,67,59,114,102,50,126,118,80" hai3="63,79,60,13,78,51,1,103,57,15,10,124,98"/><V55/><F114/><W84/><G1/><T58/><D109/><U87/><E34/><V104/><F118/><W7/><G124/><T48/><D116/><U40/><E74/><V117/><F117/><W8/><G51/><T70/><D70/><U18/><E111/><V71/><F126/><W43/><G43/><T120/><D72/><U89/><E122/><V82/><F106/><W95/><G84/><T125/><D125/><U90/><E64/><V68/><F68/><W46/><G46/><T107/><D107/><U108/><E108/><V131/><F131/><W52/><G63/><T128/><D128/><U112/><E112/><V93/><F104/><W123/><G123/><T4/><D120/><U37/><E40/><V16/><F73/><W134/><G134/><T110/><D110/><U62/><E37/><V133/><F133/><W65/><G65/><T66/><D92/><U24/><E62/><V76/><F67/><W31/><G31/><T99/><D99/><U97/><E101/><V69/><F69/><W115/><G115/><T83/><D66/><U77/><E77/><V35/><F35/><W30/><G30/><T113/><D113/><U42/><E42/><V0/><F0/><W132/><G132/><T88/><D58/><N who="1" m="33071" /><E89/><V22/><F71/><W54/><G54/><T32/><D32/><U61/><E61/><V94/><F76/><W91/><G103/><T19/><D83/><N who="2" m="31786" /><F102/><W121/><G121/><T75/><D75/><U119/><E119/><V86/><F86/><W44/><G44/><T38/><D38/><U129/><E129/><V45/><F45/><RYUUKYOKU ba="0,0" sc="153,0,264,0,411,0,172,0" hai0="4,11,14,19,23,26,28,41,47,48,81,85,88" hai1="2,3,18,20,24,87,90,97,100,105" hai2="16,17,22,25,27,50,55,59,93,94" hai3="7,8,10,13,15,52,57,60,78,79,91,95,98" /><INIT seed="2,1,0,0,1,93" ten="153,264,411,172" oya="2" hai0="2,96,99,37,132,92,11,72,33,87,22,60,1" hai1="43,113,6,30,45,134,95,36,86,44,54,42,100" hai2="130,119,10,69,8,104,88,39,58,117,127,50,5" hai3="20,28,56,9,81,109,85,101,122,68,108,98,65"/><V67/><F39/><W66/><G68/><T133/><D72/><U29/><E113/><V128/><F104/><N who="3" m="63543" /><G122/><T123/><D33/><U75/><E75/><V62/><F127/><W97/><G56/><T78/><D123/><U135/><E6/><V84/><F69/><W120/><G120/><T76/><D37/><N who="1" m="21583" /><E54/><V61/><F50/><W116/><G116/><T15/><D60/><U35/><E35/><V4/><F62/><W118/><G118/><T126/><D126/><U70/><E70/><V90/><F61/><W131/><G9/><T47/><D47/><U121/><E121/><V7/><F7/><W16/><G28/><T73/><D73/><U19/><E19/><V105/><F105/><W112/><G97/><N who="0" m="37451" /><D22/><U41/><E100/><V12/><F67/><W14/><G112/><T80/><D92/><U49/><E36/><V51/><F51/><W25/><G131/><T106/><D106/><U89/><E43/><V102/><F58/><W110/><G25/><T31/><D31/><U115/><E115/><V34/><F34/><W63/><G63/><T82/><D80/><U3/><E3/><V124/><F124/><W13/><G13/><T53/><D53/><U40/><E41/><V59/><F12/><W129/><G129/><T74/><D74/><U0/><E0/><V64/><F59/><W103/><G103/><T17/><D78/><AGARI ba="1,0" hai="14,16,20,65,66,78,81,85,108,109,110" m="63543" machi="78" ten="30,3900,0" yaku="14,1,52,1,54,1" doraHai="93" who="3" fromWho="0" sc="153,-42,264,0,411,0,172,42" /><INIT seed="3,0,0,3,5,48" ten="111,264,411,214" oya="3" hai0="49,132,74,11,6,15,44,27,35,99,100,47,89" hai1="78,16,79,110,42,102,93,131,30,91,69,10,111" hai2="61,53,88,24,9,59,135,21,57,8,65,62,4" hai3="114,95,29,80,5,50,67,103,106,81,0,90,17"/><W104/><G114/><T38/><D74/><U118/><E131/><V36/><F36/><W127/><G5/><T107/><D132/><U43/><E118/><V87/><F135/><W12/><G0/><T122/><D122/><U128/><E128/><V126/><F4/><W56/><G127/><T121/><D121/><U63/><E30/><N who="2" m="17679" /><F126/><W60/><G29/><T3/><D38/><U76/><E63/><V96/><F96/><W77/><G50/><T52/><D3/><U40/><E91/><V2/><F2/><W34/><G34/><T94/><D35/><U85/><E93/><AGARI ba="0,0" hai="8,9,53,57,59,61,62,65,87,88,93" m="17679" machi="93" ten="30,3900,0" yaku="8,1,52,1,54,1" doraHai="48" who="2" fromWho="1" sc="111,0,264,-39,411,39,214,0" owari="111,-39.0,225,3.0,450,55.0,214,-19.0" /></mjloggm>