<mjloggm ver="2.3"><GO type="97" lobby="0"/><UN n0="%E3%82%A6%E3%83%AB%E3%83%88%E3%83%A9%E7%AB%8B%E7%9B%B4" n1="%E7%A9%B4%E8%B0%B7%E3%81%AF%E3%82%80" n2="%E6%B4%BE%E9%81%A3%E3%81%AE%E3%82%B8%E3%83%A3%E3%83%83%E3%82%AF" n3="%79%61%6E%34%34%34%34" dan="15,13,15,14" rate="2019.37,1853.49,1927.24,1976.45" sx="M,M,M,M"/><TAIKYOKU oya="0"/><INIT seed="0,0,0,5,1,74" ten="250,250,250,250" oya="0" hai0="102,101,46,10,33,104,50,34,58,117,67,4,15" hai1="61,14,133,7,5,66,134,39,3,18,36,88,13" hai2="84,80,92,124,55,106,1,62,75,16,37,11,9" hai3="53,8,85,123,19,128,86,68,114,60,118,97,35"/><T115/><D115/><U120/><E120/><V108/><F75/><W135/><G35/><T95/><D117/><U105/><E3/><V83/><F106/><W21/><G118/><T126/><D104/><U47/><E105/><V41/><F1/><W129/><G123/><T17/><D34/><U72/><E72/><V31/><F31/><W71/><G114/><T122/><D33/><U12/><E18/><V20/><F108/><W52/><G8/><N who="2" m="3145" /><F37/><N who="1" m="14409" /><E47/><V103/><F124/><W65/><G71/><T93/><D126/><U30/><E30/><V64/><F41/><W98/><G135/><N who="1" m="51722" /><E88/><N who="2" m="53255" /><F64/><W107/><G86/><T131/><D122/><U56/><AGARI ba="0,0" hai="5,7,12,13,14,56,61,66" m="51722,14409" machi="56" ten="40,1500,0" yaku="20,1" doraHai="74" who="1" fromWho="1" sc="250,-7,250,15,250,-4,250,-4" /><INIT seed="1,0,0,2,5,36" ten="243,265,246,246" oya="1" hai0="84,41,117,61,14,51,69,108,52,47,91,87,132" hai1="71,43,74,76,8,11,1,28,10,86,129,112,48" hai2="42,46,127,134,97,90,56,49,124,98,31,5,102" hai3="66,116,89,60,18,38,13,0,6,64,80,21,113"/><U44/><E74/><V34/><F134/><W130/><G38/><T96/><D117/><U29/><E71/><V79/><F79/><W106/><G116/><T59/><D132/><U118/><E1/><V122/><F122/><W53/><G106/><T24/><D108/><U57/><E118/><V7/><F90/><W35/><G35/><T23/><D14/><U39/><E112/><V33/><F56/><N who="3" m="34831" /><G113/><T95/><D69/><U22/><E22/><V26/><F34/><W75/><G75/><T100/><REACH who="0" step="1"/><D100/><REACH who="0" ten="233,265,246,246" step="2"/><U78/><E129/><V62/><F102/><W3/><G130/><T58/><D58/><U135/><E135/><V37/><F124/><W30/><G3/><T55/><D55/><U63/><E48/><V92/><F127/><W15/><G0/><T19/><AGARI ba="0,1" hai="19,23,24,41,47,51,52,59,61,84,87,91,95,96" machi="19" ten="20,16000,3" yaku="1,1,0,1,7,1,25,2,8,1,52,1,54,1,53,0" doraHai="36" doraHaiUra="25" who="0" fromWho="0" sc="233,170,265,-80,246,-40,246,-40" /><INIT seed="2,0,0,0,2,68" ten="403,185,206,206" oya="2" hai0="76,80,16,53,41,84,33,121,120,70,5,60,88" hai1="72,131,112,86,79,95,14,128,126,115,69,47,31" hai2="49,117,66,57,7,87,114,81,45,71,25,93,27" hai3="38,26,59,42,110,21,2,105,13,133,125,30,12"/><V58/><F114/><N who="1" m="43561" /><E14/><V44/><F117/><W54/><G2/><T91/><D41/><U116/><E31/><V122/><F122/><W0/><G0/><T51/><D33/><U24/><E24/><N who="2" m="9291" /><F71/><W35/><G105/><T75/><D91/><N who="1" m="53751" /><E47/><N who="2" m="17995" /><F93/><W46/><G133/><T28/><D84/><U97/><E69/><V118/><F118/><W67/><G125/><T64/><D80/><N who="1" m="45159" /><E116/><V83/><F7/><W22/><G110/><T102/><D75/><U1/><E1/><V9/><F9/><W119/><G119/><T52/><D102/><U127/><E97/><V56/><F66/><W107/><G67/><T98/><D76/><U104/><E104/><V39/><F39/><W85/><G107/><T106/><D106/><U18/><E18/><V124/><F124/><AGARI ba="0,0" hai="124,126,127,128,131" m="45159,53751,43561" machi="124" ten="30,3900,0" yaku="18,1,34,2" doraHai="68" who="1" fromWho="2" sc="403,0,185,39,206,-39,206,0" /><INIT seed="3,0,0,4,2,40" ten="403,224,167,206" oya="3" hai0="93,126,12,32,53,71,104,11,55,122,79,78,9" hai1="10,101,110,81,4,44,88,72,125,16,47,46,92" hai2="6,133,64,127,45,2,54,123,29,17,19,102,77" hai3="96,31,59,25,114,3,105,60,89,33,52,80,21"/><W67/><G3/><T75/><D71/><U100/><E125/><V66/><F29/><W61/><G114/><T87/><D104/><U76/><E110/><V24/><F127/><W5/><G5/><T131/><D75/><U49/><E49/><V116/><F116/><W129/><G129/><T27/><D32/><U38/><E38/><V74/><F123/><W86/><G105/><T37/><D37/><U124/><E124/><V58/><F133/><W107/><G107/><T0/><D0/><U65/><E65/><V98/><F6/><W85/><G85/><T7/><D122/><U56/><E56/><V13/><F2/><W106/><G106/><T57/><D53/><U18/><E4/><V69/><F69/><W41/><G41/><T84/><D11/><U113/><E113/><V97/><F77/><N who="0" m="29194" /><D131/><U83/><E83/><V48/><F74/><W22/><REACH who="3" step="1"/><G96/><REACH who="3" ten="403,224,167,196" step="2"/><N who="2" m="36969" /><F102/><W108/><G108/><T94/><D126/><U15/><REACH who="1" step="1"/><E18/><REACH who="1" ten="403,214,167,196" step="2"/><V63/><F19/><W70/><AGARI ba="0,2" hai="21,22,25,31,33,52,59,60,61,67,70,80,86,89" machi="70" ten="20,12000,1" yaku="1,1,0,1,7,1,54,1,53,1" doraHai="40" doraHaiUra="62" who="3" fromWho="3" sc="403,-40,214,-40,167,-40,196,140" /><INIT seed="3,1,0,3,5,133" ten="363,174,127,336" oya="3" hai0="124,22,130,127,58,73,57,35,9,46,54,3,38" hai1="113,69,81,103,106,79,122,29,62,55,112,18,110" hai2="6,120,26,100,72,39,102,36,21,82,14,107,43" hai3="97,34,98,5,30,63,76,104,99,111,19,45,12"/><W23/><G76/><T52/><D35/><U131/><E122/><V95/><F120/><W118/><G118/><T86/><D73/><U25/><E18/><V66/><F107/><W48/><G63/><T32/><D32/><N who="1" m="20527" /><E55/><V1/><F1/><W75/><G75/><T56/><D22/><U47/><E47/><V80/><F72/><W90/><G111/><T27/><D27/><U2/><E2/><V53/><F66/><W71/><G71/><T51/><D86/><N who="1" m="48447" /><E131/><V11/><F53/><N who="3" m="29839" /><G34/><T105/><D105/><U121/><E121/><V70/><F70/><W42/><G104/><T109/><D109/><U8/><E8/><V89/><F36/><W59/><G42/><N who="0" m="25047" /><D38/><U41/><E41/><V60/><F60/><W85/><G5/><N who="0" m="1215" /><D130/><U13/><E110/><V4/><F43/><W108/><G108/><T44/><D44/><U83/><E106/><V24/><F39/><W50/><G30/><T28/><D28/><U129/><E69/><V91/><F6/><W93/><G50/><T116/><D116/><U65/><E129/><V67/><F67/><W96/><G59/><T132/><D132/><U31/><E31/><N who="2" m="17807" /><F26/><W117/><G117/><T135/><D135/><U61/><E112/><V126/><F126/><AGARI ba="1,0" hai="52,54,56,57,58,124,126,127" m="1215,25047" machi="126" ten="30,8000,1" yaku="18,1,52,3,54,1" doraHai="133" who="0" fromWho="2" sc="363,83,174,0,127,-83,336,0" owari="446,55.0,174,-23.0,44,-46.0,336,14.0" /></mjloggm>