<mjloggm ver="2.3"><GO type="97" lobby="0"/><UN n0="%E3%83%8F%E3%83%AA%E3%83%9C%E3%83%86%E5%A4%A7%E5%B0%86" n1="%E6%B0%B4%E4%B8%8A%E5%A4%8F%E6%A8%B9" n2="%E9%A6%AC%E5%88%B8%E5%B8%AB%E2%98%86%E6%9D%B1%E9%99%BD" n3="%E3%82%A6%E3%83%AB%E3%83%88%E3%83%A9%E7%AB%8B%E7%9B%B4" dan="15,14,13,15" rate="1997.93,1926.55,1945.25,2009.41" sx="M,M,M,M"/><TAIKYOKU oya="0"/><INIT seed="0,0,0,5,0,130" ten="250,250,250,250" oya="0" hai0="111,124,132,117,87,34,72,33,67,45,32,92,110" hai1="99,58,15,0,30,96,85,128,71,122,31,11,78" hai2="38,120,73,29,80,129,107,106,24,62,55,40,63" hai3="131,48,64,83,69,91,5,77,18,37,123,75,86"/><T81/><D72/><U59/><E128/><V35/><F55/><W101/><G64/><T12/><D117/><U7/><E122/><V26/><F62/><W97/><G69/><T4/><D124/><U116/><E116/><V16/><F120/><W23/><G37/><T22/><D92/><U20/><E71/><V74/><F129/><W39/><G39/><T76/><D67/><U95/><E0/><V90/><F90/><W84/><G131/><T2/><D2/><U42/><E42/><V98/><F16/><W50/><G5/><T13/><D45/><U53/><E59/><V100/><F24/><W89/><G123/><T126/><D126/><U133/><E133/><V60/><F60/><W108/><G108/><N who="0" m="41515" /><D22/><U66/><E66/><V121/><F121/><W65/><G65/><T70/><D70/><U28/><E20/><V9/><F63/><W54/><G75/><T1/><D132/><U125/><E125/><V27/><F27/><W3/><G3/><T10/><AGARI ba="0,0" hai="1,4,10,12,13,32,33,34,76,81,87" m="41515" machi="10" ten="40,3900,0" yaku="14,1,10,1" doraHai="130" who="0" fromWho="0" sc="250,39,250,-13,250,-13,250,-13" /><INIT seed="0,1,0,5,1,75" ten="289,237,237,237" oya="0" hai0="72,61,84,40,132,103,64,65,14,97,9,16,88" hai1="81,10,127,48,2,42,54,108,34,4,8,129,77" hai2="62,71,24,67,3,100,57,112,134,22,17,73,32" hai3="23,19,106,36,13,120,123,95,110,102,26,125,51"/><T135/><D72/><U18/><E127/><V128/><F112/><W90/><G36/><T55/><D40/><U107/><E107/><V30/><F128/><W82/><G125/><T59/><D64/><U119/><E119/><V117/><F117/><W43/><G110/><T12/><D12/><U66/><E34/><V47/><F134/><N who="0" m="51242" /><D65/><U20/><E108/><V122/><F122/><W130/><G130/><T31/><D31/><U69/><E129/><V89/><F3/><W37/><G37/><T45/><D45/><U11/><E42/><V94/><F100/><W25/><G106/><T83/><D97/><U80/><E81/><V118/><F118/><W87/><G120/><T63/><D103/><U68/><E68/><V115/><F115/><W79/><G102/><T101/><D101/><U46/><E66/><V21/><F73/><W76/><G123/><T86/><D86/><U70/><E69/><V0/><F0/><W126/><G126/><T105/><D105/><U52/><E54/><V41/><F71/><W91/><G26/><T33/><D33/><U49/><E48/><AGARI ba="1,0" hai="9,14,16,48,55,59,61,63,83,84,88" m="51242" machi="48" ten="30,5800,0" yaku="20,1,54,2" doraHai="75" who="0" fromWho="1" sc="289,61,237,-61,237,0,237,0" /><INIT seed="0,2,0,1,0,34" ten="350,176,237,237" oya="0" hai0="101,62,27,5,50,66,79,117,129,127,53,3,51" hai1="75,130,96,110,76,42,14,23,10,113,11,115,31" hai2="7,55,29,57,19,38,107,90,84,30,134,18,83" hai3="61,95,98,114,126,54,88,2,78,133,104,73,48"/><T97/><D117/><U12/><E130/><V43/><F134/><W94/><G114/><N who="1" m="43530" /><E42/><V112/><F112/><W105/><G126/><T0/><D79/><U58/><E96/><V68/><F107/><W49/><G133/><T32/><D5/><N who="1" m="3151" /><E58/><V8/><F68/><W37/><G37/><T122/><D122/><U21/><E76/><V131/><F131/><W59/><G2/><T46/><D127/><U108/><E75/><V24/><F38/><W116/><G116/><T67/><D129/><U100/><E100/><V109/><F109/><N who="1" m="42089" /><E31/><V40/><F43/><W64/><G49/><T77/><D51/><U86/><E86/><V33/><F40/><W6/><G78/><T72/><D72/><U9/><E9/><V123/><F29/><W74/><G73/><T99/><D77/><U128/><E128/><V26/><F123/><W85/><G74/><T89/><D99/><U4/><AGARI ba="2,0" hai="4,11,14,21,23" m="42089,3151,43530" machi="4" ten="30,7900,0" yaku="11,1,14,1,34,2" doraHai="34" who="1" fromWho="1" sc="350,-41,176,85,237,-22,237,-22" /><INIT seed="1,0,0,3,2,31" ten="309,261,215,215" oya="1" hai0="131,127,28,91,4,8,1,128,0,110,49,14,129" hai1="66,101,111,113,107,20,50,78,133,99,89,95,120" hai2="9,10,83,125,96,124,39,65,90,44,19,62,36" hai3="97,87,34,35,12,42,77,40,52,5,104,105,22"/><U68/><E120/><V48/><F96/><W43/><G77/><T93/><D110/><U69/><E113/><V100/><F100/><W46/><G87/><N who="0" m="52479" /><D127/><N who="2" m="48714" /><F90/><W84/><G84/><T119/><D119/><U76/><E133/><V106/><F106/><W123/><G123/><T75/><D75/><U74/><E74/><V94/><F83/><W81/><G81/><T47/><D28/><U24/><E111/><V29/><F94/><W73/><G73/><T6/><D6/><U82/><E82/><V88/><F29/><W130/><G130/><N who="0" m="33283" /><T55/><AGARI ba="0,0" hai="0,1,4,8,14,47,49,55" m="33283,52479" machi="55" ten="40,2700,0" yaku="4,1,19,1" doraHai="31" who="0" fromWho="0" sc="309,27,261,-13,215,-7,215,-7" /><INIT seed="2,0,0,5,2,41" ten="336,248,208,208" oya="2" hai0="54,53,24,33,15,92,129,60,118,82,74,28,32" hai1="47,101,30,105,121,16,122,120,38,64,84,5,115" hai2="89,61,112,57,23,13,2,62,72,45,102,58,103" hai3="1,17,73,81,19,128,65,34,124,99,111,123,36"/><V20/><F112/><W107/><G99/><T131/><D118/><U52/><E115/><V130/><F72/><W133/><G81/><T86/><D15/><U77/><E5/><V94/><F130/><N who="0" m="49674" /><D92/><U125/><E125/><V8/><F2/><W90/><G65/><T11/><D11/><U26/><E64/><N who="2" m="38959" /><F45/><W49/><G90/><N who="0" m="51543" /><D74/><U114/><E114/><V110/><F110/><W76/><G49/><T48/><D60/><U69/><E69/><V100/><F62/><W56/><G76/><T51/><D33/><N who="1" m="20695" /><E38/><V95/><F58/><W96/><G56/><T85/><D85/><U40/><E40/><V104/><F104/><W43/><G96/><T91/><D91/><U93/><E105/><V42/><F42/><W127/><G43/><T6/><D6/><U88/><E77/><V12/><F12/><W66/><G66/><T14/><D14/><U97/><E97/><N who="2" m="57551" /><F95/><W87/><G87/><T63/><D63/><U37/><E37/><V109/><F109/><W29/><G124/><T50/><AGARI ba="0,0" hai="24,28,32,48,50,51,53,54" m="51543,49674" machi="50" ten="30,1100,0" yaku="19,1" doraHai="41" who="0" fromWho="0" sc="336,11,248,-3,208,-5,208,-3" /><INIT seed="3,0,0,1,0,43" ten="347,245,203,205" oya="3" hai0="122,21,3,4,15,77,2,119,53,10,105,101,9" hai1="5,62,133,94,129,30,12,118,100,59,13,45,106" hai2="50,71,88,32,46,0,65,73,125,128,41,74,67" hai3="1,132,130,48,52,98,104,42,34,112,68,99,126"/><W123/><RYUUKYOKU type="yao9" ba="0,0" sc="347,0,245,0,203,0,205,0" hai3="1,34,42,48,52,68,98,99,104,112,123,126,130,132" /><INIT seed="3,1,0,4,2,89" ten="347,245,203,205" oya="3" hai0="12,13,50,61,121,127,23,104,56,44,18,122,97" hai1="119,45,11,5,74,25,126,118,4,40,107,42,53" hai2="46,131,78,41,91,8,22,64,113,72,116,57,115" hai3="48,99,105,106,133,10,63,69,117,38,37,16,96"/><W33/><G33/><T100/><D127/><U54/><E126/><V7/><F116/><W55/><G117/><T109/><D109/><U79/><E107/><V125/><F125/><W15/><G133/><T39/><D13/><U59/><E79/><V0/><F131/><W130/><G130/><T86/><D86/><U28/><E74/><V73/><F22/><W60/><G105/><T30/><D30/><U31/><E25/><V3/><F3/><W112/><G112/><T6/><D6/><U62/><E62/><N who="3" m="23594" /><G38/><T17/><D17/><U120/><E11/><V108/><F108/><W76/><G37/><T111/><D111/><U52/><E120/><V110/><F110/><W124/><G69/><T75/><D75/><U70/><E70/><V51/><F64/><W66/><G106/><T77/><D77/><U14/><E119/><V103/><F57/><N who="3" m="32999" /><G124/><T1/><D1/><U82/><E118/><V101/><F73/><W19/><G76/><T47/><D39/><U94/><E4/><V43/><F43/><W95/><G66/><T114/><D114/><U20/><E40/><V80/><REACH who="2" step="1"/><F91/><REACH who="2" ten="347,245,193,205" step="2"/><N who="3" m="55423" /><G99/><T81/><D97/><U67/><E67/><V2/><F2/><W85/><G85/><T26/><D122/><U129/><E129/><V135/><F135/><W134/><G134/><T29/><D121/><U32/><E42/><V9/><F9/><W123/><G123/><T132/><D132/><U90/><E32/><V92/><F92/><W36/><G36/><T83/><D104/><U84/><E94/><V128/><F128/><W65/><G65/><T102/><D81/><RYUUKYOKU ba="1,1" sc="347,-15,245,-15,193,15,205,15" hai2="0,7,8,41,46,51,72,78,80,101,103,113,115" hai3="10,15,16,19" /><INIT seed="3,2,1,1,0,97" ten="332,230,208,220" oya="3" hai0="96,36,85,71,84,20,74,21,53,18,57,24,29" hai1="129,27,91,130,95,114,104,40,88,105,124,116,55" hai2="34,9,45,75,14,100,16,23,81,133,41,6,78" hai3="92,135,82,132,59,127,111,50,83,125,44,19,10"/><W48/><G10/><T89/><D71/><U131/><E40/><V120/><F120/><W31/><G31/><T22/><D74/><U101/><E27/><V30/><F133/><N who="3" m="51275" /><G19/><T98/><D36/><U35/><E35/><V128/><F128/><W13/><G13/><N who="0" m="9295" /><D22/><U121/><E121/><V119/><F119/><W107/><G107/><N who="1" m="41034" /><E116/><V123/><F123/><W26/><G26/><T67/><D67/><U134/><E134/><V77/><F77/><W46/><G92/><N who="0" m="54319" /><D84/><N who="1" m="52615" /><E114/><V0/><F30/><W113/><G113/><T38/><D38/><U64/><E64/><V62/><F34/><W8/><G8/><T106/><D106/><U61/><E124/><N who="3" m="47690" /><G59/><T4/><D4/><U5/><E5/><V65/><F65/><W63/><G63/><AGARI ba="2,1" hai="21,24,29,53,57,63,96,98" m="54319,9295" machi="63" ten="30,1000,0" yaku="8,1" doraHai="97" who="0" fromWho="3" sc="332,26,230,0,208,0,220,-16" owari="358,46.0,230,3.0,208,-19.0,204,-30.0" /></mjloggm>