<mjloggm ver="2.3"><GO type="97" lobby="0"/><UN n0="%E9%87%8C%E4%B8%AD%E4%BA%9C%E7%9F%A2%E5%AD%90" n1="%58%69" n2="%E3%82%A6%E3%83%AB%E3%83%88%E3%83%A9%E7%AB%8B%E7%9B%B4" n3="%E7%8A%AC%E5%B4%8E%E5%88%9D%E9%9F%B3" dan="15,15,14,13" rate="2005.08,2088.88,1951.41,1867.32" sx="F,M,M,M"/><TAIKYOKU oya="0"/><INIT seed="0,0,0,1,3,106" ten="250,250,250,250" oya="0" hai0="11,122,105,18,75,107,133,49,45,53,65,43,89" hai1="115,86,93,94,55,92,85,12,50,80,121,21,54" hai2="97,23,95,46,9,110,41,28,100,77,109,10,123" hai3="127,36,76,32,108,128,31,78,84,73,56,20,37"/><T87/><D122/><U3/><E3/><V33/><F33/><W90/><G32/><T104/><D133/><U117/><E117/><V118/><F123/><W91/><G78/><T51/><D65/><U126/><E121/><V67/><F67/><W111/><G91/><T16/><D75/><U15/><E126/><V101/><F101/><W6/><G6/><T99/><D99/><U19/><E115/><V24/><F118/><W25/><G127/><T39/><D39/><U96/><E96/><V47/><F47/><W71/><G71/><T64/><D64/><U79/><E15/><V34/><F34/><W119/><G119/><T135/><D135/><U40/><E40/><V57/><F57/><W29/><G29/><T72/><D72/><U88/><E88/><V5/><F77/><W14/><G90/><T17/><D11/><U74/><REACH who="1" step="1"/><E54/><REACH who="1" ten="250,240,250,250" step="2"/><V129/><F129/><W38/><G128/><T27/><D27/><U2/><E2/><V61/><F110/><W113/><G111/><T124/><D124/><U42/><E42/><V131/><F109/><W7/><G108/><T132/><D132/><U60/><E60/><V63/><F131/><W69/><G113/><T58/><REACH who="0" step="1"/><D107/><REACH who="0" ten="240,240,250,250" step="2"/><U125/><E125/><V30/><F9/><W114/><G114/><T112/><D112/><U13/><E13/><V35/><F10/><W83/><G14/><T120/><D120/><U0/><E0/><V81/><F24/><W102/><G25/><T62/><D62/><U98/><E98/><N who="2" m="59487" /><F63/><W70/><G70/><T8/><D8/><U130/><E130/><V134/><F97/><RYUUKYOKU ba="0,2" sc="240,15,240,15,250,-15,250,-15" hai0="16,17,18,43,45,49,51,53,58,87,89,104,105" hai1="12,19,21,50,55,74,79,80,85,86,92,93,94" /><INIT seed="0,1,2,5,0,29" ten="255,255,235,235" oya="0" hai0="129,108,135,2,47,45,26,19,128,1,105,99,91" hai1="41,52,62,80,106,27,112,125,7,117,23,57,124" hai2="67,0,77,98,12,65,103,49,55,119,109,39,28" hai3="61,88,115,70,113,4,63,85,74,42,76,110,71"/><T92/><D105/><U5/><E117/><V75/><F0/><N who="0" m="106" /><D135/><U50/><E112/><V97/><F39/><W64/><G76/><T17/><D108/><U15/><E106/><V25/><F109/><W48/><G74/><T54/><D54/><U46/><E80/><V130/><F130/><N who="0" m="50282" /><D26/><U30/><REACH who="1" step="1"/><E15/><REACH who="1" ten="255,245,235,235" step="2"/><V58/><F119/><W43/><G115/><T83/><D83/><U38/><E38/><V120/><F12/><W9/><G113/><T118/><D118/><U59/><E59/><V122/><F122/><W72/><G110/><T51/><D51/><U34/><E34/><V133/><F120/><W93/><G48/><T3/><D3/><U31/><E31/><V6/><F49/><W33/><G33/><T78/><D78/><U126/><AGARI ba="1,3" hai="5,7,23,27,30,41,46,50,52,57,62,124,125,126" machi="126" ten="30,7900,0" yaku="1,1,0,1,18,1,54,1,53,0" doraHai="29" doraHaiUra="127" who="1" fromWho="1" sc="255,-40,245,112,235,-21,235,-21" /><INIT seed="1,0,0,5,3,98" ten="215,357,214,214" oya="1" hai0="46,111,21,124,79,100,82,126,14,94,42,89,130" hai1="113,22,28,123,106,3,4,99,120,122,115,47,70" hai2="90,37,18,25,6,13,133,5,80,95,77,9,88" hai3="50,72,76,10,125,40,24,127,114,63,83,110,39"/><U26/><E70/><V66/><F37/><W108/><G39/><T52/><D111/><U107/><E47/><V91/><F133/><W112/><G24/><T75/><D130/><U43/><E43/><V81/><F66/><W7/><G63/><T68/><D68/><U53/><E53/><V71/><F71/><W65/><G65/><T17/><D42/><U58/><E58/><V48/><F48/><W119/><G50/><N who="0" m="28759" /><D100/><U51/><E51/><V27/><F95/><W121/><G40/><T87/><D75/><U33/><E22/><V97/><F97/><W103/><G10/><T20/><D20/><U54/><E54/><V59/><F59/><W116/><G7/><N who="2" m="2569" /><F77/><W96/><G121/><T93/><D126/><N who="3" m="48137" /><G114/><T11/><D124/><U38/><E38/><V134/><F134/><W15/><G15/><N who="0" m="9407" /><D79/><U129/><E129/><V102/><F102/><W0/><G0/><T101/><D101/><N who="1" m="62783" /><E107/><V128/><F128/><W92/><G112/><T23/><D23/><U45/><E45/><V56/><F56/><W29/><G29/><T62/><D62/><U117/><E117/><AGARI ba="0,0" hai="72,76,83,92,96,103,108,110,116,117,119" m="48137" machi="117" ten="30,8000,1" yaku="12,1,18,1,34,2,52,1" doraHai="98" who="3" fromWho="1" sc="215,0,357,-80,214,0,214,80" /><INIT seed="2,0,0,2,3,2" ten="215,277,214,294" oya="2" hai0="10,115,100,33,114,97,96,48,113,123,83,74,13" hai1="16,121,20,64,116,111,27,38,67,58,55,79,78" hai2="47,85,8,75,73,94,105,32,22,51,134,60,46" hai3="76,62,117,127,21,88,99,109,31,87,106,129,49"/><V28/><F105/><W6/><G117/><T9/><D33/><U135/><E116/><V69/><F32/><W80/><G129/><T72/><D123/><U5/><E38/><V89/><F134/><W7/><G127/><T56/><D83/><U61/><E135/><V43/><F8/><W29/><G106/><T126/><D126/><U41/><E121/><V24/><F69/><W128/><G128/><T1/><D1/><U19/><E111/><V107/><F107/><W77/><G109/><T112/><D9/><U37/><E37/><V104/><F104/><W133/><G133/><T53/><D100/><U59/><E41/><V90/><F60/><W35/><G35/><T131/><D131/><U125/><E125/><V119/><F119/><W71/><G71/><T101/><D101/><U98/><E98/><V130/><F130/><W102/><G102/><T54/><D54/><U36/><E36/><V12/><F12/><W18/><G62/><T14/><D14/><U65/><E59/><V93/><REACH who="2" step="1"/><F47/><REACH who="2" ten="215,277,204,294" step="2"/><W120/><G120/><T40/><D115/><U23/><E27/><V15/><F15/><W95/><G31/><T91/><D114/><U108/><E108/><V26/><F26/><W110/><G29/><T25/><D25/><U4/><E23/><V124/><F124/><W68/><G110/><T63/><D113/><U11/><E20/><V44/><F44/><W50/><G68/><T42/><D112/><U0/><E0/><V57/><F57/><W70/><G70/><T118/><D118/><U132/><E132/><V86/><AGARI ba="0,1" hai="22,24,28,43,46,51,73,75,85,86,89,90,93,94" machi="86" ten="20,18000,2" yaku="1,1,0,1,7,1,9,1,53,2" doraHai="2" doraHaiUra="81" who="2" fromWho="2" sc="215,-60,277,-60,204,190,294,-60" /><INIT seed="2,1,0,3,5,110" ten="155,217,394,234" oya="2" hai0="84,68,17,122,42,23,95,41,120,36,25,130,40" hai1="31,129,85,22,24,35,134,0,115,15,80,73,47" hai2="113,65,27,90,10,116,58,97,19,117,72,38,54" hai3="92,87,13,123,132,131,83,89,33,71,108,86,20"/><V28/><F38/><W119/><G33/><T98/><D68/><U127/><E73/><V60/><F72/><W103/><G71/><T101/><D130/><U88/><E0/><V109/><F109/><W78/><G108/><T124/><D36/><U100/><E129/><V76/><F76/><W44/><G123/><T55/><D124/><U26/><E127/><V99/><F113/><W21/><G119/><T37/><D37/><U125/><E125/><V106/><F106/><W8/><G132/><T52/><REACH who="0" step="1"/><D84/><REACH who="0" ten="145,217,394,234" step="2"/><U16/><E134/><V62/><F117/><W118/><G118/><T96/><D96/><U9/><E47/><V64/><F116/><W45/><G131/><T59/><D59/><U43/><E43/><V12/><F99/><W7/><G44/><T1/><D1/><U112/><REACH who="1" step="1"/><E100/><REACH who="1" ten="145,207,394,234" step="2"/><V121/><F121/><AGARI ba="1,2" hai="17,23,25,40,41,42,52,55,95,98,101,120,121,122" machi="121" ten="40,2600,0" yaku="1,1,54,1,53,0" doraHai="110" doraHaiUra="77" who="0" fromWho="2" sc="145,49,207,0,394,-29,234,0" /><INIT seed="3,0,0,5,3,78" ten="194,207,365,234" oya="3" hai0="69,115,15,32,79,12,84,40,67,130,94,106,123" hai1="43,55,59,25,77,7,52,128,44,8,134,17,102" hai2="13,121,11,82,29,19,127,135,24,27,18,132,0" hai3="1,87,65,81,109,47,112,56,63,66,4,62,2"/><W97/><G112/><T125/><D115/><U23/><E134/><N who="2" m="51243" /><F127/><W80/><G47/><T76/><D123/><U35/><E35/><N who="2" m="20903" /><F0/><W104/><G109/><T74/><D125/><U92/><E128/><V89/><F121/><W42/><G42/><T91/><D106/><U49/><E77/><V100/><F100/><W16/><G104/><T107/><D107/><U10/><E55/><V96/><F82/><W99/><G2/><T75/><D130/><U33/><E33/><V72/><F72/><W103/><G1/><T73/><D32/><U60/><E7/><V54/><F96/><AGARI ba="0,0" hai="8,10,17,23,25,43,44,49,52,59,60,92,96,102" machi="96" ten="40,2600,0" yaku="8,1,54,1" doraHai="78" who="1" fromWho="2" sc="194,0,207,26,365,-26,234,0" owari="194,-31.0,233,-17.0,339,45.0,234,3.0" /></mjloggm>