<mjloggm ver="2.3"><GO type="41" lobby="0"/><UN n0="%42%75%72%6E%42%69%74%65" n1="%6A%6F%6B%65%72%33%33%33" n2="%E4%B8%80%E6%9D%A1%E9%88%B4%E9%9F%B3" n3="%E5%B0%B1%E6%B4%BB%E7%94%9F%40%E5%B7%9D%E6%9D%91%E8%BB%8D%E5%9B%A3" dan="13,14,13,13" rate="1855.08,1924.15,1915.39,1941.46" sx="M,M,F,M"/><TAIKYOKU oya="0"/><INIT seed="0,0,0,1,4,90" ten="250,250,250,250" oya="0" hai0="84,82,18,102,100,9,106,43,73,96,3,93,59" hai1="133,111,55,4,99,21,52,64,61,75,86,7,67" hai2="53,134,39,17,98,68,11,47,130,120,49,57,63" hai3="131,124,20,58,123,85,88,122,42,38,87,56,97"/><T76/><D43/><U32/><E32/><V112/><F120/><W119/><G119/><T105/><D59/><U51/><E75/><V125/><F130/><W117/><G117/><T81/><D18/><U89/><E111/><V104/><F134/><W13/><G131/><T103/><D9/><U80/><E133/><V70/><F112/><W31/><G124/><T135/><D3/><U62/><E21/><V45/><F125/><W36/><G97/><T1/><D1/><U109/><E109/><V23/><F11/><W10/><G87/><T118/><D118/><U113/><E113/><V40/><F47/><W128/><G128/><T30/><D30/><U28/><E28/><V33/><F33/><W71/><G71/><T50/><D50/><U110/><E110/><V22/><F23/><W35/><G35/><T101/><D135/><U114/><E114/><V29/><F29/><W6/><G42/><T107/><D100/><U126/><E126/><V79/><F79/><AGARI ba="0,0" hai="73,76,79,81,82,84,93,96,101,102,103,105,106,107" machi="79" ten="40,18000,2" yaku="35,6,52,1" doraHai="90" who="0" fromWho="2" sc="250,180,250,0,250,-180,250,0" /><INIT seed="0,1,0,0,5,105" ten="430,250,70,250" oya="0" hai0="33,28,86,0,83,119,8,18,34,106,49,44,38" hai1="64,100,67,16,133,69,102,50,13,70,81,75,97" hai2="71,85,55,47,110,92,20,23,134,116,122,11,109" hai3="73,59,65,114,7,6,115,54,104,93,90,127,118"/><T58/><D119/><U36/><E36/><V30/><F71/><W99/><G118/><T53/><D106/><U61/><E133/><V94/><F47/><W79/><G127/><T128/><D128/><U62/><E97/><V60/><F55/><W51/><G104/><T25/><D34/><U124/><E124/><V48/><F60/><W130/><G130/><T80/><D38/><U123/><E123/><V113/><F48/><W32/><G32/><T82/><D0/><U121/><E121/><V4/><F116/><W24/><G24/><T68/><D68/><U31/><E31/><V89/><F134/><W17/><G17/><T22/><D33/><U117/><E117/><V101/><F122/><W27/><G27/><T111/><D111/><N who="2" m="42506" /><F113/><W96/><G96/><T3/><D58/><U41/><E41/><V12/><F30/><W63/><G114/><T126/><D126/><U29/><E29/><V103/><F94/><W125/><G115/><T10/><D3/><U40/><E40/><V72/><F72/><W39/><G39/><T15/><REACH who="0" step="1"/><D8/><REACH who="0" ten="420,250,70,250" step="2"/><U112/><E112/><V52/><F52/><W45/><G125/><T76/><AGARI ba="1,1" hai="10,15,18,22,25,28,44,49,53,76,80,82,83,86" machi="76" ten="20,18000,2" yaku="1,1,2,1,0,1,7,1,8,1,53,1" doraHai="105" doraHaiUra="21" who="0" fromWho="0" sc="420,193,250,-61,70,-61,250,-61" /><INIT seed="0,2,0,2,1,65" ten="613,189,9,189" oya="0" hai0="97,61,15,134,110,128,25,109,8,92,94,82,93" hai1="55,121,127,115,13,107,67,31,1,40,135,119,75" hai2="19,83,102,80,132,46,123,125,130,73,35,0,32" hai3="116,27,21,9,63,26,108,79,48,44,59,76,49"/><T91/><D134/><U95/><E13/><V84/><F0/><W77/><G116/><T99/><D128/><U62/><E55/><V6/><F19/><W120/><G120/><T98/><D25/><U34/><E95/><V37/><F6/><W52/><G108/><N who="0" m="41579" /><D61/><U112/><E31/><V22/><F22/><W10/><G27/><T101/><D15/><U85/><E85/><V45/><F32/><W3/><G3/><T68/><D8/><N who="3" m="3177" /><G44/><N who="2" m="17001" /><F35/><W28/><AGARI ba="2,0" hai="21,26,28,48,49,52,59,63,76,77,79" m="3177" machi="28" ten="30,2000,0" yaku="8,1,54,1" doraHai="65" who="3" fromWho="3" sc="613,-12,189,-7,9,-7,189,26" /><INIT seed="1,0,0,2,4,124" ten="601,182,2,215" oya="1" hai0="92,97,106,4,49,26,35,121,29,91,12,61,37" hai1="68,55,66,25,19,78,112,123,101,131,129,7,82" hai2="96,14,50,31,105,130,33,42,94,118,16,88,57" hai3="59,38,0,134,102,83,119,30,85,22,21,73,23"/><U53/><E123/><V95/><F118/><W51/><G38/><T110/><D121/><U111/><E112/><V109/><F109/><W115/><G73/><T77/><D110/><U76/><E7/><V67/><F105/><W2/><G119/><T75/><D37/><U40/><E111/><V32/><F130/><N who="1" m="49673" /><E40/><V41/><F31/><W10/><G115/><T64/><D106/><U1/><E1/><V114/><F32/><W46/><G134/><T17/><D4/><U39/><E39/><V13/><F33/><W28/><G102/><T43/><D75/><N who="1" m="43295" /><E101/><N who="2" m="60567" /><F114/><W72/><G72/><T74/><D74/><U70/><E78/><V80/><F14/><W60/><G2/><T24/><D77/><U128/><N who="1" m="49681" /><U44/><DORA hai="120" /><E44/><V15/><F15/><W90/><G0/><T5/><D5/><U98/><E98/><N who="2" m="57703" /><F80/><W87/><G83/><T65/><D97/><U108/><E108/><V52/><F67/><W48/><G46/><T6/><D64/><U135/><E135/><V99/><F99/><W107/><G107/><T27/><D6/><U81/><E81/><V47/><F47/><W36/><G36/><T34/><D65/><U20/><E66/><V62/><F62/><W9/><G60/><T89/><D61/><U56/><E56/><V132/><F132/><W71/><G59/><T116/><D116/><U79/><E79/><V86/><F86/><W125/><G87/><T58/><D58/><U126/><E126/><V45/><F45/><W133/><G125/><T54/><D43/><U84/><E84/><V11/><AGARI ba="0,0" hai="11,13,16,41,42,50,52,57" m="57703,60567" machi="11" ten="30,7900,0" yaku="8,1,54,3" doraHai="124,120" who="2" fromWho="2" sc="601,-20,182,-39,2,79,215,-20" /><INIT seed="2,0,0,3,4,23" ten="581,143,81,195" oya="2" hai0="135,1,128,67,85,111,110,28,63,52,93,126,30" hai1="41,29,113,9,95,70,75,80,62,36,37,14,97" hai2="22,6,112,27,119,134,96,34,5,73,48,90,133" hai3="98,20,42,49,58,109,132,78,66,92,94,7,125"/><V83/><F119/><W50/><G109/><N who="0" m="41483" /><D126/><U122/><E122/><V124/><F34/><W107/><G125/><T45/><D128/><U121/><E113/><V19/><F73/><W16/><G132/><N who="2" m="50793" /><F112/><W104/><G7/><T61/><D135/><U54/><E121/><V60/><F124/><W35/><G35/><T21/><D1/><U12/><E29/><V71/><F48/><W59/><G104/><T51/><D21/><U68/><E75/><V10/><F10/><W33/><G33/><T120/><D120/><U118/><E118/><V131/><F131/><W15/><G107/><T26/><D26/><U64/><E80/><V39/><F39/><W72/><G72/><T40/><D40/><U8/><E36/><V0/><F0/><W102/><G78/><T117/><D117/><U53/><E37/><V43/><F43/><W44/><G92/><T3/><D3/><U56/><E41/><V32/><F32/><W31/><G66/><T101/><D63/><U57/><E70/><V47/><F47/><W81/><G50/><T105/><D105/><U115/><E68/><V108/><F108/><W82/><G31/><T130/><D130/><U103/><E115/><V100/><F90/><W17/><G17/><T129/><D129/><U87/><E87/><V11/><F83/><AGARI ba="0,0" hai="15,16,20,42,44,49,58,59,81,82,83,94,98,102" machi="83" ten="40,2600,0" yaku="8,1,54,1" doraHai="23" who="3" fromWho="2" sc="581,0,143,0,81,-26,195,26" /><INIT seed="3,0,0,1,0,114" ten="581,143,55,221" oya="3" hai0="134,15,37,93,36,13,17,59,81,2,5,28,38" hai1="3,6,44,7,56,74,68,27,54,89,127,123,131" hai2="88,119,109,84,31,71,4,53,85,113,52,132,124" hai3="18,98,45,55,49,117,129,103,92,80,47,135,108"/><W107/><G117/><T100/><D134/><U133/><E123/><V130/><F113/><W65/><G129/><T110/><D110/><U42/><E68/><V43/><F109/><W66/><G135/><T60/><D28/><U33/><E74/><V46/><F130/><W63/><G108/><T111/><D111/><U8/><E133/><V82/><F124/><W10/><G107/><T73/><D2/><U94/><E127/><V14/><F31/><W67/><G80/><T77/><D5/><U62/><E131/><V24/><F24/><W41/><G10/><T112/><D112/><U11/><E33/><V58/><F71/><W19/><REACH who="3" step="1"/><G63/><REACH who="3" ten="581,143,55,211" step="2"/><T21/><D60/><U20/><E8/><V87/><F119/><W95/><G95/><T34/><D93/><U121/><E11/><V51/><F132/><W120/><G120/><T32/><D81/><U9/><E121/><V86/><F58/><W40/><G40/><T48/><D59/><U30/><E9/><AGARI ba="0,1" hai="4,9,14,43,46,51,52,53,82,84,85,86,87,88" machi="9" ten="40,5200,0" yaku="8,1,54,2" doraHai="114" who="2" fromWho="1" sc="581,0,143,-52,55,62,211,0" /><INIT seed="4,0,0,1,5,66" ten="581,91,117,211" oya="0" hai0="68,135,98,22,40,133,5,93,43,110,48,24,89" hai1="75,67,13,39,123,127,92,0,94,56,4,78,55" hai2="74,18,116,12,80,121,2,61,19,119,34,17,58" hai3="63,130,83,122,117,107,105,134,73,95,85,100,46"/><T38/><D110/><U14/><E123/><V16/><F34/><W57/><G73/><T111/><D111/><U30/><E39/><V23/><F121/><W106/><G122/><T27/><D5/><U86/><E127/><V112/><F2/><W28/><G117/><T120/><D120/><U126/><E126/><V79/><REACH who="2" step="1"/><F112/><REACH who="2" ten="581,91,107,211" step="2"/><W45/><G130/><T118/><D118/><U70/><E0/><V109/><F109/><W21/><G134/><T102/><D135/><U15/><E4/><V35/><F35/><W90/><G28/><T72/><D133/><U97/><E75/><V29/><F29/><W71/><G21/><T53/><D72/><U88/><E30/><V44/><F44/><W125/><G125/><T33/><D33/><U81/><E70/><V69/><F69/><W47/><G71/><T64/><D68/><U49/><REACH who="1" step="1"/><E67/><AGARI ba="0,1" hai="12,16,17,18,19,23,58,61,67,74,79,80,116,119" machi="67" ten="40,5200,0" yaku="1,1,54,1,53,1" doraHai="66" doraHaiUra="77" who="2" fromWho="1" sc="581,0,91,-52,107,62,211,0" /><INIT seed="5,0,0,1,4,65" ten="581,39,169,211" oya="1" hai0="16,48,24,51,50,108,36,107,7,122,4,115,119" hai1="75,98,74,126,3,63,19,35,120,77,123,56,66" hai2="71,37,41,99,60,45,59,13,134,40,105,26,104" hai3="46,129,133,112,30,15,25,135,113,84,18,127,34"/><U78/><E35/><V9/><F71/><W89/><G46/><T6/><D108/><U116/><E3/><V106/><F41/><W132/><G129/><T124/><D119/><U52/><E116/><V87/><F134/><W92/><REACH who="3" step="1"/><G127/><REACH who="3" ten="581,39,169,201" step="2"/><T42/><D124/><U2/><E126/><V61/><F45/><W38/><G38/><T100/><D36/><U130/><E2/><V81/><F37/><W17/><G17/><T33/><D16/><U68/><E130/><V28/><F40/><W79/><G79/><T76/><D76/><U82/><E98/><V14/><F99/><W43/><G43/><T20/><D42/><U117/><E117/><V73/><F9/><AGARI ba="0,1" hai="9,15,18,25,30,34,84,89,92,112,113,132,133,135" machi="9" ten="40,2600,0" yaku="1,1,20,1,53,0" doraHai="65" doraHaiUra="95" who="3" fromWho="2" sc="581,0,39,0,169,-26,201,36" /><INIT seed="6,0,0,5,5,77" ten="581,39,143,237" oya="2" hai0="25,121,49,1,0,58,98,7,91,43,97,131,68" hai1="119,6,95,86,14,74,100,62,10,87,26,93,36" hai2="13,88,65,57,24,84,40,42,11,116,28,102,127" hai3="123,73,39,118,133,12,38,108,124,103,16,15,69"/><V60/><F116/><W83/><G118/><T59/><D121/><U30/><E36/><V106/><F127/><W89/><G69/><T110/><D110/><U9/><E119/><V112/><F112/><W47/><G123/><T71/><D131/><U56/><E74/><V114/><F114/><W111/><G124/><T51/><D25/><U22/><E100/><V50/><F106/><W126/><G126/><T129/><D91/><U29/><E10/><V130/><F130/><W35/><G35/><T135/><D129/><U54/><E29/><V70/><F102/><W33/><G33/><T115/><D115/><U48/><E87/><V96/><F96/><W34/><G34/><T82/><D7/><U44/><REACH who="1" step="1"/><E86/><REACH who="1" ten="581,29,143,237" step="2"/><V109/><F109/><W101/><G73/><T5/><D1/><U2/><E2/><V107/><F107/><W113/><G103/><T81/><D0/><U45/><E45/><V128/><F128/><W99/><G101/><T134/><D5/><U52/><AGARI ba="0,1" hai="6,9,14,22,26,30,44,48,52,54,56,62,93,95" machi="52" ten="20,8000,1" yaku="1,1,0,1,7,1,8,1,54,1,53,0" doraHai="77" doraHaiUra="104" who="1" fromWho="1" sc="581,-20,29,90,143,-40,237,-20" /><INIT seed="7,0,0,4,5,122" ten="561,119,103,217" oya="3" hai0="4,72,26,58,63,85,135,124,129,84,107,41,47" hai1="51,99,37,101,5,89,44,93,32,82,127,17,33" hai2="14,19,2,98,86,67,133,94,0,128,79,70,134" hai3="57,22,21,71,112,132,43,113,74,78,6,83,96"/><W39/><G71/><T54/><D124/><U114/><E127/><V15/><F70/><W50/><G132/><N who="2" m="50793" /><F67/><W105/><G39/><T130/><D135/><U81/><E114/><V31/><F128/><N who="0" m="49258" /><D72/><U118/><E37/><V27/><F79/><W125/><G6/><T7/><D107/><U13/><E33/><N who="2" m="20735" /><F86/><N who="0" m="33386" /><D26/><U64/><E32/><V121/><F94/><W29/><G50/><AGARI ba="0,0" hai="4,7,41,47,50,54,58,63" m="33386,49258" machi="50" ten="30,1000,0" yaku="19,1" doraHai="122" who="0" fromWho="3" sc="561,10,119,0,103,0,217,-10" owari="571,67.0,119,-28.0,103,-40.0,207,1.0" /></mjloggm>