<mjloggm ver="2.3"><GO type="97" lobby="0"/><UN n0="%E3%82%82%E3%81%A4%E3%81%AA%E3%81%B9%5E%CF%89%5E%29" n1="%4A%2E%63%6F%6D%40%4B%31" n2="%E3%82%A6%E3%83%AB%E3%83%88%E3%83%A9%E7%AB%8B%E7%9B%B4" n3="%E6%9C%80%E7%B5%82%E3%81%9F%E3%81%8B%E3%81%97%4D%4B%E2%85%A2" dan="13,14,15,15" rate="1815.24,1899.83,1988.75,2013.29" sx="M,F,M,M"/><TAIKYOKU oya="0"/><INIT seed="0,0,0,0,2,45" ten="250,250,250,250" oya="0" hai0="17,107,66,135,1,115,33,38,123,21,106,117,14" hai1="3,9,84,119,37,109,16,41,126,8,52,77,80" hai2="118,24,23,18,127,49,124,26,61,131,129,87,114" hai3="95,116,50,35,25,130,82,39,28,43,104,110,121"/><T105/><D123/><U86/><E119/><V76/><F61/><W79/><G104/><T68/><D117/><U34/><E34/><V92/><F118/><W85/><G116/><T133/><D115/><U72/><E109/><V96/><F114/><W100/><G39/><T55/><D38/><U71/><E71/><V89/><F26/><W0/><G0/><T42/><D42/><U103/><E103/><V48/><F76/><W63/><G110/><T112/><D112/><U56/><E126/><N who="2" m="48171" /><F87/><W40/><G121/><T19/><D1/><U78/><E78/><V75/><F75/><W27/><G130/><AGARI ba="0,0" hai="18,23,24,48,49,89,92,96,129,130,131" m="48171" machi="130" ten="30,7700,0" yaku="19,1,18,1,52,2" doraHai="45" who="2" fromWho="3" sc="250,0,250,0,250,77,250,-77" /><INIT seed="1,0,0,3,2,98" ten="250,250,327,173" oya="1" hai0="49,52,39,57,19,65,97,92,33,116,88,35,71" hai1="72,125,73,134,108,119,84,11,55,85,76,12,123" hai2="53,90,130,121,16,8,3,135,127,94,109,82,132" hai3="60,61,18,13,27,41,37,46,22,6,66,62,32"/><U111/><E119/><V63/><F121/><W133/><G133/><N who="2" m="51273" /><F3/><W43/><G43/><T51/><D116/><U45/><E123/><V7/><F7/><W29/><REACH who="3" step="1"/><G6/><REACH who="3" ten="250,250,327,163" step="2"/><T115/><D115/><U86/><E108/><V83/><F109/><W15/><G15/><T89/><D39/><U2/><E12/><N who="2" m="7175" /><F127/><W124/><G124/><T25/><D71/><AGARI ba="0,1" hai="13,18,22,27,29,32,37,41,46,60,61,62,66,71" machi="71" ten="30,3900,0" yaku="1,1,7,1,53,1" doraHai="98" doraHaiUra="24" who="3" fromWho="0" sc="250,-39,250,0,327,0,163,49" /><INIT seed="2,0,0,0,2,20" ten="211,250,327,212" oya="2" hai0="119,49,70,112,3,34,128,104,14,108,82,15,117" hai1="61,103,4,96,106,35,42,5,21,97,134,71,36" hai2="130,6,127,118,80,101,126,39,1,41,47,131,65" hai3="62,116,135,58,122,129,46,110,2,0,12,98,88"/><V13/><F101/><W90/><G116/><T25/><D104/><U60/><E134/><V7/><F13/><W50/><G122/><T68/><D3/><U31/><E21/><V92/><F92/><W57/><G135/><T10/><D82/><U124/><E124/><N who="2" m="47659" /><F118/><N who="0" m="45066" /><D49/><U43/><E96/><V33/><F33/><W32/><G32/><T54/><D54/><U45/><E42/><V48/><F80/><W8/><G110/><T113/><D70/><U83/><E83/><V22/><F22/><W85/><G129/><N who="2" m="49161" /><F1/><W95/><G0/><T27/><D68/><U37/><E103/><V67/><F7/><W121/><G2/><T109/><D128/><U125/><E4/><V17/><F6/><W28/><G95/><T84/><D84/><U133/><E5/><V74/><F17/><W87/><G85/><T94/><D94/><U89/><E125/><V69/><F74/><W75/><G75/><T40/><D40/><U99/><E43/><N who="2" m="23039" /><F69/><W30/><G87/><T72/><D72/><U114/><E71/><V81/><F81/><W78/><G78/><T55/><D55/><U51/><E106/><V26/><F41/><W91/><G98/><T93/><D93/><U29/><E97/><V11/><F48/><W63/><G50/><T56/><D56/><U9/><E99/><V66/><F11/><W115/><G58/><T100/><D100/><U120/><E9/><V38/><F38/><W77/><G57/><T86/><D86/><U23/><E36/><V123/><F123/><W102/><G121/><T73/><D73/><U44/><E37/><V76/><F76/><RYUUKYOKU ba="0,0" sc="211,-10,250,-10,327,30,212,-10" hai2="26,65,66,67" /><INIT seed="2,1,0,4,0,37" ten="201,240,357,202" oya="2" hai0="106,73,78,54,34,11,101,135,129,89,83,61,22" hai1="95,21,132,134,45,23,58,32,4,10,47,30,77" hai2="88,93,27,41,31,26,102,53,87,51,104,130,96" hai3="69,19,112,105,122,116,113,68,14,82,109,38,50"/><V17/><F130/><W108/><G38/><T33/><D129/><U24/><E77/><V8/><F41/><W25/><G105/><T71/><D135/><N who="1" m="51755" /><E58/><V75/><F75/><W3/><G3/><T86/><D11/><U49/><E95/><V16/><F8/><W48/><G25/><T100/><D100/><U29/><E29/><V118/><F118/><W63/><G82/><T42/><D42/><N who="1" m="24759" /><E47/><V79/><F79/><W40/><G116/><T119/><D119/><U52/><E52/><V127/><F127/><W81/><G81/><T12/><D12/><AGARI ba="1,0" hai="4,10,12,21,23,24,30,32" m="24759,51755" machi="12" ten="30,2000,0" yaku="20,1,52,1" doraHai="37" who="1" fromWho="0" sc="201,-23,240,23,357,0,202,0" /><INIT seed="3,0,0,5,2,24" ten="178,263,357,202" oya="3" hai0="66,116,96,127,95,9,6,82,4,41,54,97,64" hai1="14,45,118,48,86,11,84,23,39,35,78,2,30" hai2="130,60,73,125,94,87,120,15,134,18,26,43,37" hai3="32,92,49,129,128,1,71,132,12,57,20,101,99"/><W93/><G71/><T126/><D127/><U74/><E35/><V115/><F43/><W102/><G1/><T72/><D126/><U103/><E2/><V67/><F37/><W50/><G32/><T98/><D116/><U59/><E39/><V5/><F5/><W7/><G132/><T13/><D41/><N who="1" m="24623" /><E74/><V104/><F104/><W19/><G7/><T51/><D72/><U114/><E78/><V109/><F130/><N who="3" m="50283" /><G57/><T44/><D82/><U123/><E123/><V135/><F120/><W29/><G29/><T106/><D106/><U3/><E3/><V100/><F125/><W46/><G46/><T0/><D0/><U79/><E79/><V80/><F134/><W21/><G21/><T10/><REACH who="0" step="1"/><D95/><REACH who="0" ten="168,263,357,202" step="2"/><U68/><E118/><V22/><F135/><W83/><G83/><T108/><D108/><U16/><E114/><V27/><F109/><W105/><G105/><T119/><D119/><U33/><E33/><V47/><F80/><W42/><G42/><T117/><D117/><U34/><E34/><V28/><F94/><W76/><G76/><T107/><D107/><U25/><E103/><V75/><F100/><W17/><G102/><T131/><D131/><U133/><E133/><V65/><F115/><W31/><G93/><T89/><D89/><U40/><E40/><V91/><F91/><W85/><G92/><T90/><D90/><U124/><E124/><V122/><F122/><W70/><G101/><T77/><D77/><U112/><E112/><V61/><F75/><W69/><G99/><T121/><D121/><U53/><E84/><V81/><F87/><RYUUKYOKU ba="0,1" sc="168,30,263,-10,357,-10,202,-10" hai0="4,6,9,10,13,44,51,54,64,66,96,97,98" owari="198,-20.0,253,5.0,357,46.0,192,-31.0" /></mjloggm>