<mjloggm ver="2.3"><GO type="97" lobby="0"/><UN n0="%E6%9C%A8%E5%B1%B1%E6%98%A5%E7%94%9F" n1="%E8%84%B3%E3%83%9F%E3%82%BD%E3%81%A4%E3%82%8B%E3%81%A4%E3%82%8B" n2="%E3%82%A6%E3%83%AB%E3%83%88%E3%83%A9%E7%AB%8B%E7%9B%B4" n3="%70%65%61%63%65%36%39" dan="14,14,14,13" rate="1904.59,2013.79,1964.21,1849.75" sx="M,M,M,M"/><TAIKYOKU oya="0"/><INIT seed="0,0,0,4,0,76" ten="250,250,250,250" oya="0" hai0="75,48,15,82,70,21,57,131,83,63,12,65,38" hai1="5,93,72,95,119,77,31,115,43,40,42,85,17" hai2="74,59,121,62,44,67,86,123,64,53,84,7,19" hai3="23,116,103,51,16,101,80,37,112,30,41,11,14"/><T104/><D104/><U133/><E119/><V28/><F74/><W2/><G37/><T78/><D131/><U60/><E72/><V113/><F113/><W22/><G112/><T10/><D38/><U13/><E133/><V25/><F7/><W69/><G69/><T79/><D21/><U46/><E115/><V134/><F134/><W108/><G116/><T114/><D114/><U66/><E31/><V96/><F123/><W135/><G135/><T39/><D39/><U102/><E5/><V71/><F121/><W118/><G118/><T106/><D106/><U100/><E46/><V127/><F127/><W117/><G117/><T56/><D70/><U130/><E130/><V110/><F110/><W1/><G108/><T33/><D33/><U8/><E66/><N who="2" m="25131" /><F71/><W109/><G109/><T4/><D48/><U120/><E60/><V132/><F132/><W34/><G34/><T126/><D126/><U129/><E129/><V50/><F28/><W73/><G1/><T88/><D88/><N who="1" m="53391" /><E120/><V61/><F61/><W94/><G2/><T90/><D90/><U124/><E124/><V24/><F96/><W68/><G68/><T87/><REACH who="0" step="1"/><D57/><REACH who="0" ten="240,250,250,250" step="2"/><U3/><E77/><V35/><F35/><W47/><G23/><T128/><D128/><U20/><E3/><AGARI ba="0,1" hai="3,4,10,12,15,56,63,65,75,78,79,82,83,87" machi="3" ten="30,12000,1" yaku="1,1,7,1,52,2,53,1" doraHai="76" doraHaiUra="107" who="0" fromWho="1" sc="240,130,250,-120,250,0,250,0" /><INIT seed="0,1,0,4,3,54" ten="370,130,250,250" oya="0" hai0="58,107,8,89,79,4,87,53,32,0,77,116,84" hai1="78,71,11,1,133,13,16,6,94,21,122,101,114" hai2="64,31,28,129,130,105,65,73,3,19,47,125,51" hai3="60,118,45,12,76,37,93,5,83,44,26,2,111"/><T99/><D32/><U96/><E114/><V131/><F105/><W14/><G2/><T104/><D87/><U103/><E133/><V102/><F73/><W67/><G111/><T61/><D116/><U40/><E122/><V132/><F3/><W15/><G37/><T41/><D41/><U52/><E71/><V109/><F109/><W57/><G5/><T113/><D113/><U117/><E40/><V120/><F120/><W134/><G134/><T33/><D33/><U72/><E117/><V90/><F132/><W80/><G26/><T81/><D107/><U9/><E72/><V17/><F102/><W48/><G76/><T106/><REACH who="0" step="1"/><D104/><REACH who="0" ten="360,130,250,250" step="2"/><U63/><E78/><V36/><F130/><W108/><G118/><T29/><D29/><U46/><E11/><V30/><F129/><W42/><G108/><T91/><D91/><U38/><E38/><V56/><F131/><W39/><REACH who="3" step="1"/><G93/><REACH who="3" ten="360,130,250,240" step="2"/><T25/><D25/><N who="1" m="14503" /><E1/><V74/><F36/><W55/><AGARI ba="1,2" hai="12,14,15,39,42,44,45,48,55,57,60,67,80,83" machi="55" ten="30,4000,0" yaku="1,1,0,1,52,1,53,0" doraHai="54" doraHaiUra="128" who="3" fromWho="3" sc="360,-21,130,-11,250,-11,240,63" /><INIT seed="1,0,0,0,0,96" ten="339,119,239,303" oya="1" hai0="13,27,57,107,29,72,22,76,102,127,21,86,101" hai1="58,108,34,37,28,56,79,30,135,55,110,6,126" hai2="80,53,90,43,77,41,10,103,130,115,123,78,95" hai3="20,44,40,49,94,104,50,39,19,113,106,17,61"/><U45/><E6/><V125/><F123/><W97/><G113/><T87/><D107/><U119/><E119/><V33/><F33/><W52/><G19/><N who="0" m="10479" /><D72/><U112/><E112/><V2/><F115/><W133/><G133/><T62/><D127/><U120/><E120/><V89/><F130/><W70/><G49/><T132/><D132/><U26/><E135/><V121/><F121/><W100/><G70/><T84/><D76/><N who="2" m="29290" /><F2/><W7/><G7/><T59/><D59/><U65/><E126/><V74/><F74/><W32/><G32/><T35/><D35/><U66/><E79/><V75/><F75/><W69/><G61/><T131/><D131/><U23/><E34/><V15/><F53/><AGARI ba="0,0" hai="22,27,29,53,57,62,84,86,87,101,102" m="10479" machi="53" ten="30,3900,0" yaku="8,1,52,2" doraHai="96" who="0" fromWho="2" sc="339,39,119,0,239,-39,303,0" /><INIT seed="2,0,0,4,2,5" ten="378,119,200,303" oya="2" hai0="114,129,58,65,22,130,95,41,78,84,72,101,120" hai1="23,1,40,39,90,17,99,135,3,100,11,88,4" hai2="47,13,6,77,44,49,26,31,82,104,42,113,97" hai3="16,20,70,46,98,66,38,86,117,9,132,33,68"/><V18/><F6/><W91/><G33/><T83/><D120/><U54/><E135/><V67/><F113/><W128/><G117/><T36/><D114/><U57/><E39/><V14/><F67/><W79/><G79/><T59/><D41/><U105/><E3/><V123/><F123/><W125/><G125/><T111/><D36/><U29/><E40/><V119/><F119/><W21/><G38/><T124/><D111/><U35/><E35/><V94/><F104/><W15/><G70/><T43/><D43/><U0/><E0/><V96/><F47/><W131/><G46/><T108/><D124/><U71/><E29/><V110/><F110/><W12/><G98/><N who="0" m="59615" /><D22/><U133/><E71/><V116/><F116/><W7/><G132/><T85/><D58/><U112/><E112/><V24/><F14/><W32/><G32/><T8/><D8/><U56/><E56/><V50/><F50/><W81/><G66/><T76/><D76/><U89/><E133/><V127/><F127/><W102/><G102/><T134/><D134/><U122/><E122/><V55/><F42/><W19/><REACH who="3" step="1"/><G68/><REACH who="3" ten="378,119,200,293" step="2"/><T118/><D118/><U93/><E105/><V60/><F97/><W25/><AGARI ba="0,1" hai="7,9,12,15,16,19,20,21,25,81,86,91,128,131" machi="25" ten="30,8000,1" yaku="1,1,2,1,0,1,52,1,54,1,53,0" doraHai="5" doraHaiUra="51" who="3" fromWho="3" sc="378,-20,119,-20,200,-40,293,90" /><INIT seed="3,0,0,2,0,43" ten="358,99,160,383" oya="3" hai0="111,92,113,88,15,36,18,103,120,109,47,123,90" hai1="54,62,65,66,17,32,134,35,95,57,39,102,12" hai2="71,121,67,33,106,59,81,108,6,14,11,68,112" hai3="91,82,119,98,122,124,107,10,44,96,51,83,13"/><W31/><G119/><T55/><D113/><U76/><E39/><V61/><F106/><W9/><G122/><T48/><D103/><U2/><E2/><V104/><F104/><W24/><G107/><T70/><D70/><U129/><E35/><V19/><F112/><W20/><G124/><T46/><D90/><U29/><E129/><V25/><F108/><N who="0" m="41546" /><D36/><U34/><E134/><V23/><F121/><W118/><G118/><T53/><D53/><U40/><E32/><V75/><F75/><W69/><G69/><T7/><D7/><U110/><E110/><V50/><F81/><N who="3" m="30731" /><G91/><T78/><D47/><U99/><E34/><V89/><F89/><W5/><G10/><N who="0" m="6519" /><D78/><U41/><E29/><N who="2" m="19631" /><F50/><W79/><G79/><T116/><D116/><U84/><E41/><AGARI ba="0,0" hai="5,9,13,20,24,31,41,44,51,96,98" m="30731" machi="41" ten="30,2900,0" yaku="8,1,52,1" doraHai="43" who="3" fromWho="1" sc="358,0,99,-29,160,0,383,29" owari="358,16.0,70,-43.0,160,-24.0,412,51.0" /></mjloggm>