<mjloggm ver="2.3"><GO type="41" lobby="0"/><UN n0="%E9%9B%A8%E5%AE%AE%E5%88%9D%E9%9F%B3" n1="%E3%82%B5%E3%83%80%E3%83%9F%E3%83%84" n2="%E3%82%A6%E3%83%AB%E3%83%88%E3%83%A9%E7%AB%8B%E7%9B%B4" n3="%E7%AD%92%E3%80%85%E9%BA%93%E7%80%AC%E7%B9%94" dan="15,14,15,13" rate="2031.19,1915.89,2006.24,1819.02" sx="F,M,M,F"/><TAIKYOKU oya="0"/><INIT seed="0,0,0,1,4,55" ten="250,250,250,250" oya="0" hai0="65,13,17,39,69,87,46,50,72,28,18,47,23" hai1="106,35,84,122,36,20,113,75,80,134,70,4,41" hai2="128,131,16,100,133,59,49,105,112,52,29,43,104" hai3="82,120,21,81,26,135,119,5,78,86,114,121,95"/><T53/><D72/><U68/><E122/><V42/><F29/><W33/><G114/><T91/><D28/><U94/><E75/><V118/><F112/><W25/><G119/><T116/><D116/><U109/><E106/><V0/><F0/><W125/><G33/><T66/><D69/><U14/><E35/><V130/><F133/><W15/><G125/><T132/><D132/><U45/><E134/><V11/><F118/><W38/><G135/><T102/><D102/><U1/><E1/><V19/><F100/><W62/><G38/><T51/><D39/><U40/><E109/><V54/><F54/><W30/><G25/><T99/><D99/><U3/><E41/><N who="2" m="15371" /><F11/><W127/><G127/><T71/><D71/><U101/><E113/><V73/><F73/><W88/><G5/><T37/><D37/><U34/><E34/><V56/><F56/><W97/><G15/><T64/><D18/><AGARI ba="0,0" hai="16,18,19,49,52,59,104,105,128,130,131" m="15371" machi="18" ten="40,8000,1" yaku="19,1,52,1,54,2" doraHai="55" who="2" fromWho="0" sc="250,-80,250,0,250,80,250,0" /><INIT seed="1,0,0,0,5,82" ten="170,250,330,250" oya="1" hai0="91,63,24,75,103,133,21,125,111,5,76,83,97" hai1="74,53,112,23,110,128,12,30,105,67,79,6,48" hai2="106,18,41,51,119,33,37,39,28,109,42,96,26" hai3="84,36,57,60,52,35,58,16,27,86,31,113,4"/><U99/><E112/><V90/><F119/><W0/><G113/><T100/><D133/><U93/><E105/><V19/><F109/><W98/><G36/><T3/><D111/><U25/><E110/><V123/><F123/><W8/><G98/><T55/><D125/><U50/><E128/><V49/><F106/><W135/><G135/><T29/><D5/><U114/><E114/><V95/><F51/><W10/><G10/><T14/><D3/><U44/><E67/><V89/><F89/><W132/><G132/><T68/><D14/><U61/><E74/><V70/><F70/><W126/><G126/><T13/><D13/><U72/><E72/><V124/><F124/><W87/><G58/><T71/><D91/><U43/><E79/><V54/><F39/><W78/><G78/><T117/><D117/><U104/><E61/><V127/><F127/><W46/><G46/><T130/><D130/><U94/><E104/><V66/><F66/><W62/><G62/><T22/><D22/><U81/><E81/><V77/><F77/><W45/><G45/><T88/><D103/><U120/><E99/><V47/><F42/><W92/><G92/><T108/><D108/><U7/><E120/><V1/><F1/><W15/><G0/><T73/><D73/><U2/><E2/><V9/><F9/><W121/><G121/><T20/><D20/><U64/><E64/><V102/><F102/><W101/><G101/><T56/><REACH who="0" step="1"/><D100/><REACH who="0" ten="160,250,330,250" step="2"/><U32/><E32/><V17/><F17/><W80/><G16/><T40/><D40/><U115/><E115/><V11/><F11/><RYUUKYOKU ba="0,1" sc="160,10,250,-30,330,10,250,10" hai0="21,24,29,55,56,63,68,71,75,76,83,88,97" hai2="18,19,26,28,33,37,41,47,49,54,90,95,96" hai3="4,8,15,27,31,35,52,57,60,80,84,86,87" /><INIT seed="2,1,1,5,0,3" ten="170,220,340,260" oya="2" hai0="13,106,0,127,74,107,23,122,77,134,103,40,90" hai1="99,64,72,54,8,129,29,43,130,44,2,91,94" hai2="33,75,113,70,19,27,22,79,76,131,31,102,124" hai3="46,21,35,67,24,15,34,119,114,59,47,4,93"/><V28/><F70/><W78/><G119/><T111/><D122/><U12/><E72/><V53/><F75/><W6/><G78/><T69/><D0/><U84/><E64/><V55/><F113/><W36/><G114/><T89/><D69/><U52/><E2/><V42/><F33/><W100/><G34/><T11/><D127/><U92/><E29/><N who="2" m="11339" /><F124/><W120/><G35/><T85/><D23/><U104/><E104/><V88/><F131/><N who="1" m="50185" /><E99/><V118/><F102/><W60/><G120/><T30/><D30/><U101/><E94/><V58/><F42/><W5/><G36/><T18/><D134/><U37/><E101/><V73/><F73/><W135/><G135/><T56/><D111/><U116/><E116/><V115/><F115/><W98/><G24/><T65/><D40/><U128/><N who="1" m="50193" /><U82/><DORA hai="39" /><E82/><V97/><F118/><W62/><G21/><T112/><D74/><U48/><E37/><V117/><F117/><W50/><G15/><T121/><D112/><U86/><E84/><V132/><F132/><W61/><G47/><T25/><D121/><U126/><E126/><V17/><F17/><AGARI ba="1,1" hai="8,12,17,43,44,48,52,54,86,91,92" m="50193" machi="17" ten="40,5200,0" yaku="19,1,52,1,54,1" doraHai="3,39" who="1" fromWho="2" sc="170,0,220,65,340,-55,260,0" /><INIT seed="3,0,0,1,0,105" ten="170,285,285,260" oya="3" hai0="94,108,43,0,71,101,63,117,78,100,26,59,27" hai1="14,96,110,68,97,65,38,114,74,80,135,83,46" hai2="77,22,123,40,86,5,73,128,89,25,84,127,115" hai3="113,133,92,21,85,17,131,109,107,99,31,90,69"/><W104/><G69/><T60/><D117/><U12/><E110/><V91/><F115/><W4/><G113/><T61/><D0/><U35/><E114/><V64/><F5/><W125/><G109/><T24/><D108/><U95/><E35/><V55/><F64/><W70/><G70/><T116/><D116/><U10/><E135/><V42/><F73/><W20/><G133/><T126/><D71/><U39/><E68/><V47/><F127/><W48/><G125/><T33/><D33/><U103/><E65/><V52/><F128/><W75/><G131/><T1/><D1/><U16/><E39/><V79/><F123/><W111/><G4/><T118/><D118/><U132/><E132/><V72/><F72/><W41/><G111/><T129/><D129/><U28/><E28/><V29/><F86/><W76/><G31/><T98/><D126/><U51/><E38/><V93/><F89/><W62/><G62/><T2/><D2/><U53/><E74/><V19/><F29/><W81/><G107/><T57/><D78/><N who="2" m="29706" /><F47/><N who="3" m="25711" /><G17/><T11/><D11/><N who="1" m="6175" /><E96/><V54/><AGARI ba="0,0" hai="19,22,25,40,42,52,54,55,84,91,93" m="29706" machi="54" ten="30,2000,0" yaku="8,1,54,1" doraHai="105" who="2" fromWho="2" sc="170,-5,285,-5,285,20,260,-10" /><INIT seed="4,0,0,2,4,48" ten="165,280,305,250" oya="0" hai0="28,106,110,87,49,30,96,24,71,84,7,33,98" hai1="128,133,15,94,63,44,76,51,62,108,68,34,109" hai2="100,99,79,55,36,6,61,13,66,11,127,75,67" hai3="101,92,126,22,27,19,45,3,14,8,91,52,69"/><T130/><D130/><U131/><E34/><V56/><F36/><W50/><G69/><T37/><D71/><U102/><E76/><V9/><F127/><W77/><G126/><T112/><D37/><U82/><E82/><V123/><F123/><W57/><G77/><T78/><D112/><U60/><E15/><V85/><F75/><W54/><G3/><T40/><D110/><N who="1" m="42603" /><E94/><V21/><F21/><W5/><G101/><T17/><D7/><U1/><E102/><V39/><F39/><W105/><G105/><T31/><D33/><U65/><E1/><V116/><F116/><W20/><G5/><T114/><D114/><U32/><E32/><V121/><F121/><W132/><G132/><T88/><D78/><U129/><E133/><V122/><F122/><W16/><G8/><T81/><D84/><U124/><E124/><V90/><F79/><W107/><G107/><T26/><D106/><U23/><E23/><V134/><F134/><W47/><G47/><N who="0" m="25831" /><D17/><U93/><E93/><N who="2" m="58479" /><F11/><W10/><G10/><T0/><D0/><U80/><E80/><AGARI ba="0,0" hai="6,9,13,55,56,61,66,67,80,85,90" m="58479" machi="80" ten="30,2000,0" yaku="8,1,52,1" doraHai="48" who="2" fromWho="1" sc="165,0,280,-20,305,20,250,0" /><INIT seed="5,0,0,3,0,64" ten="165,260,325,250" oya="1" hai0="134,58,85,106,47,97,118,31,125,2,111,33,37" hai1="66,113,83,56,78,120,88,20,74,61,29,21,57" hai2="38,62,60,105,70,114,135,108,91,68,103,63,45" hai3="69,35,23,86,72,9,51,81,129,12,127,99,84"/><U101/><E113/><V94/><F103/><W112/><G35/><T130/><RYUUKYOKU type="yao9" ba="0,0" sc="165,0,260,0,325,0,250,0" hai0="2,31,33,37,47,58,85,97,106,111,118,125,130,134" /><INIT seed="5,1,0,4,5,6" ten="165,260,325,250" oya="1" hai0="53,78,92,1,57,104,125,70,117,8,63,17,60" hai1="5,51,81,23,25,132,35,121,26,120,122,88,27" hai2="80,20,34,3,61,37,12,118,68,64,41,73,47" hai3="45,107,85,116,22,133,58,76,124,15,66,82,74"/><U67/><E35/><V7/><F12/><W2/><G107/><T0/><D104/><U48/><E67/><V115/><F20/><W69/><G2/><T42/><D117/><U112/><E132/><V46/><F46/><W100/><G133/><T28/><D42/><U93/><E112/><V96/><F96/><W105/><G116/><T128/><D128/><U101/><E101/><V49/><F49/><W21/><G124/><T103/><D125/><U16/><E81/><V43/><F43/><W79/><G69/><T131/><D131/><U11/><E26/><V106/><F118/><W95/><G105/><T126/><D126/><U72/><E72/><V56/><F56/><W59/><G45/><T36/><D36/><U77/><E77/><N who="2" m="44079" /><F106/><W75/><G75/><T111/><D28/><U94/><E27/><V24/><F115/><W18/><G74/><T10/><D111/><U108/><E94/><V129/><F129/><W123/><G123/><T71/><D78/><U109/><E51/><V83/><F83/><W113/><G79/><T127/><D127/><U102/><E102/><V90/><F90/><W30/><G113/><T62/><D71/><U97/><REACH who="1" step="1"/><E48/><REACH who="1" ten="165,250,325,250" step="2"/><V44/><F24/><N who="3" m="16663" /><G66/><T54/><D70/><U114/><E114/><V98/><F34/><W14/><G100/><T29/><D103/><U50/><E50/><V32/><F32/><W38/><G38/><T99/><D92/><U39/><E39/><V134/><F134/><W130/><G95/><T31/><D99/><U87/><E87/><V91/><F98/><W40/><G130/><T86/><D86/><RYUUKYOKU ba="1,1" sc="165,-10,250,30,325,-10,250,-10" hai1="5,11,16,23,25,88,93,97,108,109,120,121,122" /><INIT seed="5,2,1,0,0,82" ten="155,280,315,240" oya="1" hai0="92,129,42,122,81,52,107,60,26,74,5,12,45" hai1="13,93,38,102,8,39,83,86,36,49,64,57,108" hai2="115,116,133,53,21,99,124,120,132,7,24,80,90" hai3="126,77,71,15,91,43,112,88,134,87,95,22,20"/><U34/><E34/><V1/><F120/><W113/><G71/><T110/><D107/><U44/><E108/><V30/><F116/><W47/><G77/><T16/><D110/><U4/><E102/><V50/><F124/><W103/><G126/><T40/><D122/><U2/><E93/><V61/><F61/><W68/><G68/><T111/><D111/><U23/><E23/><V123/><F123/><W18/><G103/><T56/><D129/><U66/><E2/><V96/><F115/><N who="3" m="44107" /><G134/><N who="2" m="51817" /><F7/><W121/><G121/><T25/><D5/><U27/><E27/><V51/><F51/><N who="3" m="27135" /><G91/><T17/><D92/><U72/><E72/><V130/><F1/><W28/><G28/><T117/><D117/><U101/><E101/><V3/><F3/><W14/><G14/><T75/><D75/><U97/><E97/><V73/><F130/><W85/><G22/><T114/><D114/><U9/><E57/><N who="2" m="32951" /><F73/><W58/><G58/><T65/><D17/><U55/><REACH who="1" step="1"/><E8/><REACH who="1" ten="155,270,315,240" step="2"/><V33/><F33/><W70/><G70/><T19/><D74/><U11/><E11/><V100/><F100/><W109/><G109/><T127/><D127/><U89/><AGARI ba="2,2" hai="4,9,13,36,38,39,44,49,55,64,66,83,86,89" machi="89" ten="30,6000,0" yaku="1,1,0,1,52,1,53,0" doraHai="82" doraHaiUra="31" who="1" fromWho="1" sc="155,-22,270,86,315,-22,240,-22" /><INIT seed="5,3,0,0,3,2" ten="133,356,293,218" oya="1" hai0="107,90,114,96,112,26,91,1,72,92,83,34,79" hai1="82,44,65,131,62,108,113,37,50,134,32,100,104" hai2="73,94,106,42,110,99,67,13,57,124,97,46,128" hai3="120,9,121,28,89,111,49,93,10,53,40,18,61"/><U22/><E113/><N who="0" m="43625" /><D1/><U43/><E32/><V103/><F73/><W78/><G111/><T88/><D26/><U12/><E108/><V31/><F110/><W30/><G120/><T45/><D45/><U59/><E131/><V85/><F124/><W14/><G121/><T75/><D34/><U35/><E35/><V55/><F67/><W125/><G125/><T5/><D5/><U118/><E118/><V74/><F74/><N who="0" m="28202" /><D107/><U8/><E134/><V4/><F31/><W133/><G133/><T69/><D69/><U115/><E22/><V11/><F85/><AGARI ba="3,0" hai="79,83,85,88,90,91,92,96" m="28202,43625" machi="85" ten="30,7700,0" yaku="15,1,34,2,54,1" doraHai="2" who="0" fromWho="2" sc="133,86,356,0,293,-86,218,0" /><INIT seed="6,0,0,4,4,113" ten="219,356,207,218" oya="2" hai0="118,128,106,110,104,36,23,84,53,81,4,26,83" hai1="60,50,0,40,2,28,111,59,69,20,48,63,43" hai2="31,19,58,18,103,119,64,66,95,91,123,44,10" hai3="22,70,127,32,121,11,65,38,72,133,96,35,76"/><V6/><F123/><W115/><G121/><T82/><D110/><U55/><E111/><V109/><F109/><W7/><G115/><T89/><D36/><U87/><E2/><V134/><F134/><W61/><G127/><T29/><D128/><U86/><E0/><V124/><F124/><W14/><G133/><T108/><D108/><U49/><E69/><V90/><F31/><W100/><G38/><T88/><D4/><U33/><E33/><V67/><F119/><W41/><G41/><N who="1" m="15946" /><E60/><V1/><F44/><W12/><G12/><T42/><D42/><U34/><E34/><V13/><F58/><W71/><G22/><T73/><D73/><U93/><E93/><V25/><F1/><N who="3" m="495" /><G71/><T15/><D15/><U85/><E85/><V37/><F37/><W24/><G24/><AGARI ba="0,0" hai="20,24,28,48,49,50,55,59,63,86,87" m="15946" machi="24" ten="30,1000,0" yaku="8,1" doraHai="113" who="1" fromWho="3" sc="219,0,356,10,207,0,218,-10" /><INIT seed="7,0,0,4,3,19" ten="219,366,207,208" oya="3" hai0="66,133,36,106,98,127,20,30,124,78,85,90,17" hai1="68,97,92,114,50,13,7,1,37,14,8,84,108" hai2="3,96,95,135,121,79,52,74,132,58,64,122,81" hai3="43,88,61,112,33,103,131,89,55,110,46,11,93"/><W54/><G131/><T87/><D36/><U21/><E108/><V80/><F64/><W12/><G33/><T76/><D30/><U113/><E37/><V72/><F3/><W125/><G112/><N who="1" m="43114" /><E68/><V49/><F81/><W2/><G110/><T69/><D87/><U56/><E21/><V75/><F80/><W105/><G2/><T15/><D133/><N who="2" m="51274" /><F79/><W51/><G105/><T16/><D66/><U128/><E128/><V63/><F63/><W119/><G119/><T0/><D0/><U130/><E130/><V53/><F53/><N who="3" m="19979" /><G125/><N who="0" m="48203" /><D69/><U82/><E56/><V120/><F75/><W104/><G104/><T129/><D129/><U59/><E50/><V62/><F49/><W47/><G47/><T18/><D78/><N who="1" m="46167" /><E59/><V107/><F107/><W44/><G44/><T29/><D76/><U42/><E42/><V25/><F25/><W102/><G61/><T28/><D28/><U73/><E73/><V86/><F86/><N who="3" m="52375" /><G89/><AGARI ba="0,0" hai="1,7,8,13,14,89,92,97" m="46167,43114" machi="89" ten="30,1000,0" yaku="15,1" doraHai="19" who="1" fromWho="3" sc="219,0,366,10,207,0,208,-10" /><AGARI ba="0,0" hai="52,58,62,72,74,89,95,96,120,121,122" m="51274" machi="89" ten="40,5200,0" yaku="13,1,20,1,54,1" doraHai="19" who="2" fromWho="3" sc="219,0,376,0,207,52,198,-52" owari="219,-18.0,376,47.0,259,6.0,146,-35.0" /></mjloggm>