<mjloggm ver="2.3"><GO type="97" lobby="0"/><UN n0="%E3%83%9E%E3%83%A1%E3%83%9D%E3%82%B3" n1="%E3%82%A6%E3%83%AB%E3%83%88%E3%83%A9%E7%AB%8B%E7%9B%B4" n2="%68%6F%67%65%74%61" n3="%E3%81%BE%E3%81%99%E3%81%AE%E3%81%99%E3%81%97" dan="14,15,15,15" rate="1940.16,2048.32,1956.15,2054.03" sx="M,M,M,M"/><TAIKYOKU oya="0"/><INIT seed="0,0,0,2,2,121" ten="250,250,250,250" oya="0" hai0="104,49,107,33,97,41,44,116,9,34,39,10,54" hai1="23,83,84,87,19,96,109,80,95,36,2,58,135" hai2="59,53,13,15,61,4,47,114,69,29,103,77,71" hai3="48,16,64,89,101,8,56,24,112,122,72,88,63"/><T55/><D116/><U75/><E36/><V45/><F103/><W7/><G112/><T28/><D55/><U12/><E2/><V92/><F29/><W73/><G101/><T125/><D125/><U115/><E115/><V129/><F114/><W1/><G122/><T52/><D54/><U50/><E135/><V66/><F77/><W65/><G65/><T110/><D110/><U106/><E106/><V3/><F3/><W105/><G105/><T86/><D86/><U31/><E31/><V100/><F71/><W5/><G5/><T133/><D133/><U68/><E68/><V130/><F100/><W132/><G132/><T70/><D70/><U26/><E26/><V126/><F92/><W82/><G48/><T14/><D97/><U111/><E58/><V67/><F67/><W46/><G46/><T21/><D21/><U37/><E50/><V93/><F93/><W134/><G134/><T120/><D120/><U90/><E37/><V131/><F126/><W99/><G99/><T123/><D123/><U43/><E43/><V22/><F15/><W20/><REACH who="3" step="1"/><G82/><REACH who="3" ten="250,250,250,240" step="2"/><T17/><D107/><U78/><REACH who="1" step="1"/><E83/><REACH who="1" ten="250,240,250,240" step="2"/><V40/><F4/><W118/><G118/><T127/><D104/><U60/><E60/><V62/><F61/><W128/><G128/><T81/><D81/><U25/><E25/><V113/><F129/><W38/><G38/><T42/><D39/><U119/><E119/><V74/><F130/><W57/><G57/><T79/><D127/><U76/><E76/><V94/><F131/><W117/><G117/><T124/><D124/><U91/><E91/><AGARI ba="0,2" hai="1,7,8,16,20,24,56,63,64,72,73,88,89,91" machi="91" ten="40,8000,1" yaku="1,1,6,1,54,2,53,0" doraHai="121" doraHaiUra="30" who="3" fromWho="1" sc="250,0,240,-80,250,0,240,100" /><INIT seed="1,0,0,0,4,135" ten="250,160,250,340" oya="1" hai0="94,127,41,0,39,7,4,30,10,40,77,26,49" hai1="22,52,3,27,32,68,35,96,91,129,81,84,42" hai2="74,113,123,108,59,101,5,73,79,50,75,111,83" hai3="25,19,87,72,126,95,23,28,107,130,43,64,51"/><U80/><E3/><V93/><F5/><W120/><G120/><T29/><D127/><U15/><E68/><V78/><F59/><W124/><G107/><T85/><D7/><U9/><E42/><V2/><F50/><W65/><G72/><T17/><D39/><U61/><E129/><V54/><F54/><W53/><G43/><T34/><D30/><U97/><E35/><V125/><F2/><W104/><G104/><T45/><D17/><U106/><E32/><V69/><F69/><W117/><G117/><T99/><D85/><U60/><E106/><V47/><F47/><W103/><G130/><T114/><D77/><U119/><E119/><V82/><F123/><W121/><G121/><T122/><D122/><U48/><E81/><V24/><F24/><W36/><G36/><T66/><D66/><U67/><E67/><V109/><F113/><W11/><G11/><T134/><D134/><U55/><E22/><V14/><F14/><W116/><G116/><T115/><REACH who="0" step="1"/><D41/><REACH who="0" ten="240,160,250,340" step="2"/><U38/><E38/><V71/><F125/><N who="3" m="48235" /><G28/><T70/><D70/><U90/><E27/><V1/><F71/><W56/><G87/><T46/><D46/><N who="1" m="27671" /><E55/><V110/><F108/><W20/><G20/><T133/><D133/><U88/><E96/><AGARI ba="0,1" hai="19,23,25,51,53,56,64,65,95,96,103" m="48235" machi="96" ten="30,7700,0" yaku="18,1,52,3" doraHai="135" who="3" fromWho="1" sc="240,0,160,-77,250,0,340,87" /><INIT seed="2,0,0,1,3,13" ten="240,83,250,427" oya="2" hai0="73,22,92,106,100,55,58,87,17,4,112,56,50" hai1="91,132,54,107,62,86,116,0,110,102,76,124,96" hai2="66,113,104,39,130,19,126,9,16,60,94,23,46" hai3="81,33,99,32,5,21,131,114,109,108,93,83,80"/><V135/><F104/><W8/><G131/><T35/><D112/><U48/><E0/><V44/><F113/><W129/><G129/><T68/><D68/><U34/><E34/><V118/><F39/><W90/><G114/><T12/><D35/><U1/><E1/><V85/><F118/><W70/><G70/><T30/><D30/><U111/><E116/><V28/><F130/><W42/><G42/><T2/><D73/><U128/><E128/><V3/><F3/><W117/><G117/><T67/><D106/><U77/><E62/><V37/><F37/><W101/><G101/><T41/><D41/><U49/><E49/><V25/><F9/><W79/><G79/><T78/><D2/><U45/><E124/><V14/><F14/><N who="3" m="5391" /><G21/><T11/><D78/><U24/><E132/><V115/><F135/><W82/><G82/><T105/><D105/><U133/><E133/><V84/><F126/><W18/><G33/><T20/><D4/><U61/><E61/><V43/><F43/><W134/><G32/><T6/><D6/><U103/><E103/><V57/><F115/><W29/><G29/><T123/><D123/><U40/><E40/><V47/><F85/><W127/><G127/><T125/><D125/><U31/><E110/><N who="3" m="42602" /><G134/><T95/><D100/><U59/><E111/><V27/><F27/><W74/><G74/><T119/><D119/><U64/><BYE who="0" /><E24/><V98/><F84/><W71/><G71/><T72/><D72/><U88/><E86/><V36/><F36/><W120/><G120/><T38/><D38/><U53/><E107/><V75/><F75/><RYUUKYOKU ba="0,0" sc="240,-15,83,-15,250,15,427,15" hai2="16,19,23,25,28,44,46,47,57,60,66,94,98" hai3="18,80,81,83,90,93,99" /><INIT seed="2,1,0,1,4,50" ten="225,68,265,442" oya="2" hai0="92,43,99,74,8,120,53,103,6,112,24,15,128" hai1="1,102,108,3,65,91,63,28,85,49,61,54,64" hai2="11,19,88,77,38,87,107,30,131,4,51,58,118" hai3="117,45,113,26,35,123,46,124,110,98,130,55,101"/><V72/><F38/><UN n0="%E3%83%9E%E3%83%A1%E3%83%9D%E3%82%B3" /><W70/><G117/><T13/><D112/><U83/><E108/><V47/><F107/><W68/><G123/><T90/><D120/><U29/><E3/><V33/><F72/><W134/><G110/><T86/><D74/><U9/><E1/><V34/><F77/><W100/><G100/><T40/><D128/><U44/><E102/><V48/><F34/><W20/><G35/><T25/><D15/><U7/><E7/><V95/><F33/><W36/><G130/><T18/><D6/><U27/><E27/><V82/><F30/><W5/><G5/><T39/><D39/><U73/><E73/><V57/><F82/><W16/><G113/><T14/><D14/><U97/><E97/><V94/><F94/><W89/><G89/><T79/><D79/><U119/><E119/><V135/><F131/><W116/><G116/><T133/><D133/><U75/><E75/><V81/><F135/><W66/><G66/><T80/><REACH who="0" step="1"/><D53/><REACH who="0" ten="215,68,265,442" step="2"/><U76/><E76/><N who="2" m="46503" /><F118/><W56/><G36/><T12/><D12/><U106/><E106/><V59/><F4/><W32/><G134/><T21/><D21/><U22/><E22/><V126/><F11/><W114/><G32/><T121/><D121/><U104/><E104/><V60/><F19/><W0/><G16/><T93/><D93/><U84/><E9/><V127/><F95/><W42/><G114/><T71/><D71/><U67/><REACH who="1" step="1"/><E85/><REACH who="1" ten="215,58,265,442" step="2"/><V125/><F127/><W23/><G124/><T111/><D111/><U69/><E69/><V41/><F125/><W109/><G70/><T78/><D78/><RYUUKYOKU ba="1,2" sc="215,15,58,15,265,-15,442,-15" hai0="8,13,18,24,25,40,43,80,86,90,92,99,103" hai1="28,29,44,49,54,61,63,64,65,67,83,84,91" /><INIT seed="3,2,2,2,1,16" ten="230,73,250,427" oya="3" hai0="1,123,134,129,116,41,79,105,31,30,132,8,65" hai1="100,3,86,133,19,106,135,85,47,38,50,121,114" hai2="68,48,112,118,57,0,113,70,67,111,11,115,66" hai3="119,110,26,93,91,27,59,98,32,104,77,84,13"/><W34/><G119/><T44/><D116/><U15/><E50/><V120/><F0/><W21/><G110/><T81/><D105/><U90/><E47/><V10/><F111/><W39/><G39/><N who="0" m="21567" /><D65/><U18/><E38/><V109/><F109/><W117/><G117/><T20/><D123/><U76/><E3/><V61/><F11/><W64/><G34/><T78/><D129/><U62/><E62/><V69/><F10/><W42/><G32/><T97/><D97/><U36/><E36/><V55/><F118/><W46/><G104/><T29/><D20/><U54/><E54/><V53/><REACH who="2" step="1"/><F120/><REACH who="2" ten="230,73,240,427" step="2"/><W89/><G64/><T23/><D23/><U95/><E18/><V125/><F125/><W83/><G21/><T14/><D1/><U94/><E19/><V17/><F17/><W24/><G24/><T4/><D81/><U73/><E15/><V6/><F6/><W12/><G27/><T7/><D7/><U33/><E33/><V51/><F51/><W71/><G26/><T43/><D43/><U37/><E37/><V72/><F72/><W88/><G42/><T126/><D126/><U87/><E121/><V60/><F60/><W103/><G13/><T25/><D25/><U45/><E45/><AGARI ba="2,3" hai="45,48,53,55,57,61,66,67,68,69,70,112,113,115" machi="45" ten="50,8000,1" yaku="1,1,34,3,53,0" doraHai="16" doraHaiUra="9" who="2" fromWho="1" sc="230,0,73,-86,240,116,427,0" owari="230,-17.0,-13,-51.0,356,16.0,427,52.0" /></mjloggm>