<mjloggm ver="2.3"><GO type="97" lobby="0"/><UN n0="%E3%82%A6%E3%83%AB%E3%83%88%E3%83%A9%E7%AB%8B%E7%9B%B4" n1="%54%6F%6B%79%6F%68%6F%74" n2="%28%2A%EF%BD%80%E3%83%BB%CF%89%E3%83%BB%C2%B4%29" n3="%4D%45%43%43%48%49" dan="13,13,14,14" rate="1884.28,1967.24,1935.58,2025.95" sx="M,M,M,M"/><TAIKYOKU oya="0"/><INIT seed="0,0,0,5,1,80" ten="250,250,250,250" oya="0" hai0="35,97,124,42,48,103,9,76,130,101,41,5,37" hai1="13,96,74,111,112,50,55,56,84,131,120,53,36" hai2="52,18,83,10,87,1,78,72,65,20,11,30,70" hai3="45,59,85,7,110,91,86,51,34,54,23,108,89"/><T60/><D37/><U29/><E112/><V62/><F1/><W95/><G34/><T75/><D35/><U64/><E120/><V68/><F30/><W12/><G45/><T81/><D124/><U107/><E74/><V104/><F104/><W26/><G7/><T2/><D130/><U71/><E131/><V121/><F121/><W69/><G69/><T3/><D3/><U88/><E36/><V17/><F70/><W92/><G12/><T122/><D122/><U67/><E111/><V90/><F18/><AGARI ba="0,0" hai="18,23,26,51,54,59,85,86,89,91,92,95,108,110" machi="18" ten="40,5200,0" yaku="9,1,52,2" doraHai="80" who="3" fromWho="2" sc="250,0,250,0,250,-52,250,52" /><INIT seed="1,0,0,3,0,41" ten="250,250,198,302" oya="1" hai0="47,67,77,62,15,111,114,30,16,122,29,48,39" hai1="43,22,35,19,128,6,92,8,91,71,68,59,129" hai2="42,113,27,85,110,5,0,32,21,44,101,61,60" hai3="46,38,126,50,56,98,34,37,80,40,79,109,107"/><U132/><E35/><V58/><F101/><W13/><G34/><T76/><D39/><U51/><E132/><V18/><F110/><W112/><G112/><T63/><D114/><U133/><E133/><V74/><F74/><W54/><G109/><T57/><D111/><U52/><E43/><V33/><F61/><W96/><G126/><T97/><D97/><U83/><E83/><V75/><F75/><W24/><G24/><T125/><D63/><U87/><E6/><V23/><F113/><W120/><G120/><T64/><D64/><U105/><E8/><V103/><F103/><W119/><G119/><T116/><D116/><U134/><E105/><V4/><F0/><W135/><G135/><T81/><D125/><U90/><E134/><V127/><F127/><W72/><G38/><T69/><D69/><U102/><E102/><V130/><F130/><N who="1" m="50281" /><E91/><V95/><F23/><W88/><G107/><T84/><D77/><U123/><E123/><V26/><F26/><AGARI ba="0,0" hai="19,22,26,51,52,59,68,71,87,90,92" m="50281" machi="26" ten="30,2900,0" yaku="19,1,54,1" doraHai="41" who="1" fromWho="2" sc="250,0,250,29,198,-29,302,0" /><INIT seed="1,1,0,3,5,122" ten="250,279,169,302" oya="1" hai0="32,68,125,42,70,23,108,29,60,111,99,8,36" hai1="124,130,52,77,73,15,135,87,107,57,26,40,116" hai2="67,51,132,88,43,9,91,20,44,27,100,84,127" hai3="50,76,61,47,62,72,121,83,64,18,110,106,21"/><U49/><E73/><V134/><F127/><W33/><G121/><T53/><D32/><U102/><E124/><V75/><F75/><W7/><G33/><T120/><D125/><U82/><E116/><V85/><F67/><W115/><G106/><T59/><D120/><U41/><E135/><N who="2" m="51755" /><F9/><W71/><G7/><T35/><D35/><U19/><E26/><V103/><F85/><W30/><G30/><T129/><D8/><U56/><E130/><V11/><F11/><W74/><G61/><T55/><D99/><U22/><REACH who="1" step="1"/><E56/><REACH who="1" ten="250,269,169,302" step="2"/><V117/><F117/><W66/><G115/><T119/><D119/><U38/><E38/><V133/><N who="2" m="51763" /><V10/><DORA hai="79" /><F10/><W114/><G114/><T65/><D129/><U31/><E31/><N who="2" m="17895" /><F91/><W112/><G112/><T54/><D29/><U28/><E28/><V14/><F14/><W3/><G3/><T94/><D23/><U80/><E80/><AGARI ba="1,1" hai="43,44,51,80,84,88,100,103" m="17895,51763" machi="80" ten="40,5200,0" yaku="20,1,52,1,54,1" doraHai="122,79" who="2" fromWho="1" sc="250,0,269,-55,169,65,302,0" /><INIT seed="2,0,0,5,0,69" ten="250,214,234,302" oya="2" hai0="44,103,104,135,54,18,127,50,109,134,5,29,41" hai1="118,49,38,60,37,125,36,52,16,28,113,63,84" hai2="73,12,115,57,61,1,86,47,64,88,81,110,27" hai3="120,98,65,80,19,8,85,4,95,76,117,90,66"/><V34/><F115/><W15/><G117/><T39/><D29/><U108/><E113/><V114/><F114/><W106/><G120/><T101/><D5/><U71/><E118/><V99/><F1/><W91/><G106/><T74/><D74/><U131/><E28/><V87/><F73/><W25/><G25/><T78/><D78/><U122/><E122/><V132/><F132/><N who="0" m="50730" /><D104/><U3/><E3/><V105/><F105/><W92/><REACH who="3" step="1"/><G4/><REACH who="3" ten="250,214,234,292" step="2"/><T111/><D18/><U128/><E108/><N who="0" m="41545" /><D127/><U82/><E125/><V31/><F110/><W6/><G6/><T102/><D102/><U56/><E16/><V48/><F12/><W13/><G13/><T53/><D103/><U62/><REACH who="1" step="1"/><E71/><REACH who="1" ten="250,204,234,292" step="2"/><V100/><F31/><W32/><G32/><T119/><D119/><U11/><E11/><V2/><F34/><W24/><G24/><T58/><D101/><U42/><E42/><V79/><F27/><W21/><G21/><T40/><D40/><U67/><E67/><V94/><F2/><W83/><G83/><T97/><D54/><U107/><E107/><V22/><F100/><W9/><G9/><T96/><AGARI ba="0,2" hai="39,41,44,50,53,58,96,97" m="41545,50730" machi="96" ten="40,5200,0" yaku="20,1,14,1,52,1" doraHai="69" who="0" fromWho="0" sc="250,72,204,-13,234,-26,292,-13" /><INIT seed="3,0,0,0,3,124" ten="322,191,208,279" oya="3" hai0="89,125,111,5,24,68,17,117,76,25,100,51,15" hai1="22,31,43,91,27,75,81,3,109,127,101,34,110" hai2="53,102,30,115,44,57,87,2,74,52,71,23,10" hai3="86,83,45,120,122,79,112,0,116,123,4,60,113"/><W9/><G116/><T70/><D117/><U32/><E127/><V59/><F74/><W47/><REACH who="3" step="1"/><G60/><REACH who="3" ten="322,191,208,269" step="2"/><T42/><D125/><U61/><E3/><V69/><F2/><W96/><G96/><T8/><D70/><U84/><E75/><V50/><F69/><W64/><G64/><T73/><D68/><U88/><E61/><V55/><F71/><W62/><G62/><T118/><D118/><U12/><E101/><V29/><F102/><W95/><G95/><T133/><D100/><U39/><E91/><V90/><F90/><W80/><G80/><T121/><D73/><U16/><REACH who="1" step="1"/><E34/><REACH who="1" ten="322,181,208,269" step="2"/><V97/><F115/><AGARI ba="0,2" hai="0,4,9,45,47,79,83,86,112,113,115,120,122,123" machi="115" ten="50,2400,0" yaku="1,1,53,0" doraHai="124" doraHaiUra="98" who="3" fromWho="2" sc="322,0,181,0,208,-24,269,44" /><INIT seed="3,1,0,3,0,129" ten="322,181,184,313" oya="3" hai0="114,1,35,16,44,120,73,45,122,118,15,53,28" hai1="74,29,135,67,101,32,64,85,0,110,111,89,121" hai2="106,40,19,103,71,124,132,21,6,27,102,72,12" hai3="79,83,52,24,30,4,92,99,63,115,46,61,126"/><W42/><G115/><T117/><D53/><U26/><E121/><N who="0" m="46697" /><D45/><U31/><E0/><V48/><F132/><W14/><G126/><T43/><D44/><U37/><E31/><V18/><F71/><W107/><G107/><T62/><D62/><U90/><E74/><V78/><F106/><W23/><G42/><T96/><D96/><U34/><E32/><V75/><F78/><W127/><G127/><T49/><D49/><U105/><E37/><V33/><F33/><W22/><G79/><T68/><D43/><U98/><E135/><V113/><F48/><N who="3" m="28695" /><G83/><T38/><D68/><U10/><E10/><V51/><F40/><W8/><G23/><N who="0" m="11679" /><D73/><U54/><E54/><V116/><F72/><W108/><G108/><N who="1" m="41514" /><E89/><AGARI ba="1,0" hai="4,8,14,22,24,30,61,63,89,92,99" m="28695" machi="89" ten="30,2900,0" yaku="8,1,54,1" doraHai="129" who="3" fromWho="1" sc="322,0,181,-32,184,0,313,32" owari="322,12.0,149,-35.0,184,-22.0,345,45.0" /></mjloggm>