<mjloggm ver="2.3"><GO type="97" lobby="0"/><UN n0="%E3%81%98%E3%82%83%E3%82%80%E2%99%AD" n1="%E3%81%82%E3%81%A4%E3%81%82%E3%81%A4%E6%B9%AF%E5%A9%86%E5%A9%86" n2="%E3%82%A6%E3%83%AB%E3%83%88%E3%83%A9%E7%AB%8B%E7%9B%B4" n3="%67%6F%73%69%6B%61%6E%6E" dan="14,15,15,13" rate="1906.89,1961.24,1956.54,1838.87" sx="M,M,M,M"/><TAIKYOKU oya="0"/><INIT seed="0,0,0,3,4,92" ten="250,250,250,250" oya="0" hai0="18,31,105,25,32,114,107,14,41,4,75,72,130" hai1="50,49,21,69,109,85,6,59,101,62,47,17,45" hai2="94,63,112,81,1,66,65,84,73,24,91,104,30" hai3="64,34,13,74,126,100,131,133,122,123,40,54,115"/><T22/><D114/><U67/><E6/><V20/><F1/><W61/><G115/><T110/><D130/><U119/><E119/><V79/><F112/><W46/><G131/><T12/><D110/><U60/><E109/><V11/><F11/><W129/><G129/><T15/><D41/><N who="1" m="24751" /><E85/><V8/><F8/><W57/><G74/><T42/><D42/><N who="1" m="24951" /><E101/><V53/><F53/><W52/><G34/><T88/><D75/><U44/><E17/><V56/><F66/><W102/><G133/><T118/><D72/><U95/><E95/><V76/><F104/><W113/><G113/><T39/><D39/><U125/><E21/><V117/><F117/><W51/><G126/><T108/><D118/><U82/><E82/><V68/><F68/><W97/><G102/><T135/><D108/><U86/><E86/><V127/><F127/><W28/><G28/><T128/><D135/><U90/><E90/><V78/><REACH who="2" step="1"/><F73/><REACH who="2" ten="250,250,240,250" step="2"/><W93/><REACH who="3" step="1"/><G13/><REACH who="3" ten="250,250,240,240" step="2"/><T132/><D14/><U106/><E125/><V103/><F103/><W98/><G98/><T80/><D12/><U33/><E33/><V48/><F48/><W121/><AGARI ba="0,2" hai="40,46,51,52,54,57,61,64,93,97,100,121,122,123" machi="121" ten="30,8000,1" yaku="1,1,0,1,13,1,52,1,54,1,53,0" doraHai="92" doraHaiUra="87" who="3" fromWho="3" sc="250,-40,250,-20,240,-20,240,100" /><INIT seed="1,0,0,5,1,52" ten="210,230,220,340" oya="1" hai0="33,113,98,82,47,86,102,32,25,100,30,84,74" hai1="93,120,24,43,14,20,89,91,123,83,16,126,78" hai2="105,51,124,19,40,28,59,42,39,66,57,56,54" hai3="65,23,58,1,116,112,11,6,70,80,18,130,67"/><U9/><E43/><N who="2" m="16427" /><F105/><W4/><G112/><T75/><D113/><U108/><E126/><V73/><F73/><W95/><G116/><T128/><D128/><U29/><E108/><V114/><F114/><W109/><G109/><T125/><D125/><U106/><E106/><V3/><F3/><W88/><G6/><T76/><D74/><U7/><E89/><V132/><F28/><W121/><G121/><T60/><D32/><U92/><E92/><V107/><F107/><W22/><G70/><T27/><D27/><U31/><E31/><V111/><F111/><W79/><G130/><T119/><D119/><U129/><E129/><V48/><F124/><W69/><G69/><T72/><D72/><U61/><E83/><V99/><F99/><W15/><G23/><T103/><D98/><U118/><E78/><V97/><F97/><W44/><G44/><T50/><REACH who="0" step="1"/><D60/><REACH who="0" ten="200,230,220,340" step="2"/><U49/><E118/><V21/><F132/><W71/><G71/><T53/><AGARI ba="0,1" hai="25,30,33,47,50,53,75,76,82,84,86,100,102,103" machi="53" ten="30,4000,0" yaku="1,1,2,1,0,1,53,0" doraHai="52" doraHaiUra="117" who="0" fromWho="0" sc="200,50,230,-20,220,-10,340,-10" /><INIT seed="2,0,0,2,1,104" ten="250,210,210,330" oya="2" hai0="51,78,88,73,70,114,76,85,66,57,117,3,14" hai1="29,26,34,20,119,5,98,9,32,116,12,62,74" hai2="25,2,92,126,39,134,124,125,121,63,27,13,129" hai3="43,44,72,109,96,53,68,31,82,46,45,77,89"/><V113/><F39/><W93/><G68/><T23/><D3/><U65/><E74/><V91/><F2/><W35/><G109/><T19/><D114/><U90/><E90/><V11/><F113/><W110/><G110/><T95/><D117/><N who="1" m="45131" /><E98/><V0/><F0/><W127/><G127/><T97/><D70/><U108/><E62/><V16/><F121/><W106/><G106/><T6/><D6/><U48/><E48/><V4/><F129/><W132/><G132/><T60/><D73/><U75/><E75/><V118/><F118/><W17/><G17/><T111/><D111/><U86/><E86/><V54/><F134/><W24/><REACH who="3" step="1"/><G53/><REACH who="3" ten="250,210,210,320" step="2"/><T47/><REACH who="0" step="1"/><D97/><REACH who="0" ten="240,210,210,320" step="2"/><U40/><E108/><V55/><F4/><W7/><G7/><T130/><D130/><U71/><E71/><V38/><F125/><W21/><G21/><T36/><D36/><AGARI ba="0,2" hai="24,31,35,36,43,44,45,46,72,77,82,89,93,96" machi="36" ten="30,3900,0" yaku="1,1,7,1,52,1,53,0" doraHai="104" doraHaiUra="58" who="3" fromWho="0" sc="240,-39,210,0,210,0,320,59" /><INIT seed="3,0,0,0,3,92" ten="201,210,210,379" oya="3" hai0="76,43,93,68,25,12,7,35,41,0,135,42,16" hai1="105,67,61,77,81,115,108,5,14,132,89,109,28" hai2="59,131,32,101,49,57,126,69,18,88,15,31,102" hai3="125,85,119,104,113,103,120,94,97,65,106,37,4"/><W17/><G37/><T129/><D68/><U95/><E105/><V3/><F32/><W87/><G17/><T107/><D107/><U116/><E115/><V111/><F3/><W11/><G113/><T33/><D129/><U91/><E28/><V86/><F31/><W2/><G120/><T45/><D135/><U80/><E132/><V36/><F36/><W74/><G74/><T90/><D76/><U38/><E38/><V6/><F6/><W40/><G40/><T39/><D33/><U83/><E116/><V44/><F69/><W48/><G48/><T96/><D7/><U121/><E121/><V78/><F78/><W100/><G65/><T27/><D0/><U1/><E1/><V123/><F111/><N who="1" m="42569" /><E77/><V63/><F126/><W122/><G122/><T19/><D35/><U66/><E61/><V26/><F131/><W114/><G114/><T22/><D27/><U30/><E30/><V21/><F26/><W79/><G2/><T51/><D39/><U75/><E75/><V128/><F128/><W64/><G64/><N who="1" m="24618" /><E95/><N who="2" m="54679" /><F63/><W118/><G106/><T9/><AGARI ba="0,0" hai="9,12,16,19,22,25,41,42,43,45,51,90,93,96" machi="9" ten="20,8000,1" yaku="0,1,7,1,8,1,52,1,54,1" doraHai="92" who="0" fromWho="0" sc="201,80,210,-20,210,-20,379,-40" owari="281,8.0,190,-21.0,190,-31.0,339,44.0" /></mjloggm>