<mjloggm ver="2.3"><GO type="97" lobby="0"/><UN n0="%E3%83%AC%E3%83%AD%E3%83%88%E3%83%A9%E3%83%BC" n1="%E5%B0%B1%E6%B4%BB%E7%94%9F%40%E5%B7%9D%E6%9D%91%E8%BB%8D%E5%9B%A3" n2="%E3%81%8A%E3%81%B1%E3%81%B4%E3%82%88%E3%82%93" n3="%63%6F%6D%6A%6F%6E%67" dan="14,13,14,15" rate="1924.17,1865.75,1958.75,1969.60" sx="M,M,M,M"/><TAIKYOKU oya="0"/><INIT seed="0,0,0,3,0,89" ten="250,250,250,250" oya="0" hai0="55,22,133,31,27,28,61,47,114,80,120,68,52" hai1="123,99,70,103,131,53,88,127,129,72,16,29,8" hai2="85,102,30,0,62,18,107,105,111,32,48,115,40" hai3="35,116,73,90,51,121,94,46,10,101,38,17,7"/><T84/><D114/><U25/><E72/><V63/><F115/><W75/><G38/><T97/><D120/><U112/><E70/><V122/><F0/><W33/><G116/><T109/><D109/><U98/><E123/><V11/><F107/><W100/><G17/><T87/><D133/><U64/><E64/><V130/><F32/><W79/><G121/><T78/><D28/><U49/><E127/><V15/><F30/><W117/><G117/><T21/><D21/><N who="1" m="15535" /><E112/><V44/><F130/><N who="1" m="49673" /><E103/><V24/><F24/><W37/><G37/><T41/><D84/><U134/><E134/><V45/><F85/><W128/><G128/><T82/><D82/><U95/><E99/><V59/><F102/><W3/><G101/><T135/><D135/><U113/><E113/><V66/><F111/><W108/><G100/><T92/><D68/><U86/><E98/><V67/><F105/><W39/><G108/><T36/><D61/><U118/><E118/><V65/><F63/><W19/><G39/><T54/><D54/><U125/><E125/><V74/><F74/><W13/><G73/><T34/><D34/><U76/><E76/><V58/><F62/><W83/><G51/><T119/><D119/><U1/><E1/><V71/><F71/><W110/><G46/><N who="2" m="18025" /><F122/><W126/><G110/><T104/><D104/><U60/><E60/><V9/><F48/><W69/><G69/><T43/><D43/><U132/><E132/><V77/><F40/><W5/><G126/><T26/><D26/><U2/><E2/><V6/><F77/><W57/><G79/><T124/><D124/><RYUUKYOKU ba="0,0" sc="250,15,250,-15,250,15,250,-15" hai0="22,27,31,36,41,47,52,55,78,80,87,92,97" hai2="6,9,11,15,18,58,59,65,66,67" /><INIT seed="0,1,0,4,1,10" ten="265,235,265,235" oya="0" hai0="0,8,55,91,113,90,95,130,29,125,69,93,15" hai1="76,37,54,16,33,92,109,44,35,81,67,114,50" hai2="118,110,104,3,4,31,47,133,134,7,62,107,9" hai3="106,61,65,98,87,51,83,105,135,94,1,34,60"/><T59/><D0/><U79/><E109/><V23/><F110/><W66/><G1/><T32/><D69/><U120/><E120/><V6/><F118/><W39/><G39/><T116/><D116/><U27/><E114/><V11/><F47/><W12/><G34/><T101/><D113/><U102/><E37/><V97/><F62/><W2/><G2/><T75/><D75/><U128/><E128/><V108/><F97/><W45/><G135/><N who="2" m="51721" /><F108/><W111/><G111/><T129/><D125/><U24/><E67/><N who="3" m="25610" /><G106/><N who="2" m="40489" /><F3/><W100/><G105/><T64/><D64/><U42/><E42/><V21/><F31/><W38/><G38/><T28/><D32/><U99/><E76/><V131/><F131/><W121/><BYE who="0" /><G121/><T124/><D124/><U112/><E112/><V18/><F23/><UN n0="%E3%83%AC%E3%83%AD%E3%83%88%E3%83%A9%E3%83%BC" /><W71/><G71/><T43/><D43/><U96/><E96/><V5/><N who="2" m="1536" /><DORA hai="74" /><V78/><F78/><N who="3" m="46583" /><G51/><N who="0" m="31231" /><D130/><U14/><E35/><V122/><F122/><W49/><G49/><T72/><D129/><U70/><E33/><V68/><F68/><W57/><G45/><T19/><D29/><U63/><E63/><N who="3" m="24138" /><G57/><T46/><D28/><U26/><E70/><V127/><F127/><W89/><G100/><T86/><D101/><U58/><E44/><V123/><F123/><W22/><G22/><T103/><D46/><U40/><E40/><V53/><F53/><W88/><G89/><T48/><D103/><U119/><E119/><V85/><F85/><W52/><G52/><T73/><D48/><U36/><E36/><V41/><F41/><W132/><G132/><T13/><D13/><AGARI ba="1,0" hai="9,11,13,18,21" m="1536,40489,51721" machi="13" ten="50,6400,0" yaku="6,1,20,1,52,1" doraHai="10,74" who="2" fromWho="0" sc="265,-67,235,0,265,67,235,0" /><AGARI ba="1,0" hai="12,13,88,94,98" m="24138,46583,25610" machi="13" ten="30,12000,2" yaku="6,1,8,1,52,3,54,1" doraHai="10,74" who="3" fromWho="0" sc="198,-120,235,0,332,0,235,120" /><INIT seed="1,0,0,2,3,74" ten="78,235,332,355" oya="1" hai0="76,121,124,70,20,114,26,110,90,25,34,115,123" hai1="60,0,106,98,10,73,135,50,12,2,63,88,53" hai2="122,79,17,65,15,108,112,131,134,69,18,13,100" hai3="31,48,91,44,117,23,32,24,47,1,55,11,45"/><U5/><E73/><V3/><F122/><N who="0" m="46602" /><D70/><U119/><E119/><V27/><F112/><N who="0" m="43050" /><D90/><U6/><E135/><V37/><F108/><W41/><G117/><T51/><D51/><U87/><E2/><V7/><F134/><W54/><G32/><T92/><D92/><U46/><E0/><V118/><F131/><W102/><G102/><T84/><D110/><U33/><E33/><V71/><F118/><W82/><G1/><T39/><D39/><U81/><E5/><V72/><F37/><W129/><G129/><T22/><D124/><U107/><E106/><V101/><F71/><W109/><G109/><T95/><D95/><U77/><E107/><V68/><F69/><W29/><G11/><T132/><D132/><U28/><E28/><V113/><F68/><W99/><G29/><N who="0" m="19759" /><D84/><U125/><E125/><V58/><F113/><W62/><G62/><T83/><D83/><U64/><E64/><V35/><F65/><W85/><G99/><T67/><D67/><U133/><E133/><V104/><F104/><W4/><G41/><T105/><D105/><U8/><E8/><V80/><F101/><W16/><G55/><T59/><D59/><U52/><E53/><V43/><F100/><W30/><REACH who="3" step="1"/><G4/><REACH who="3" ten="78,235,332,345" step="2"/><T130/><D130/><U103/><E103/><V111/><F43/><W36/><G36/><T14/><D14/><U78/><E98/><V21/><F15/><W97/><G97/><T57/><D57/><U75/><E75/><V96/><F58/><W66/><G66/><T120/><D120/><U93/><E93/><V94/><F96/><W126/><G126/><RYUUKYOKU ba="0,1" sc="78,-15,235,15,332,-15,345,15" hai1="6,10,12,46,50,52,60,63,77,78,81,87,88" hai3="16,23,24,30,31,44,45,47,48,54,82,85,91" /><INIT seed="1,1,1,1,3,76" ten="63,250,317,360" oya="1" hai0="18,101,133,116,66,87,16,77,79,134,86,90,73" hai1="75,119,38,85,105,103,17,41,108,98,42,37,35" hai2="25,128,3,106,24,39,51,10,45,111,104,65,120" hai3="93,9,82,12,127,44,21,33,19,114,115,78,11"/><U28/><E119/><V61/><F120/><W0/><G127/><T48/><D66/><U91/><E75/><V100/><F39/><W29/><G93/><T2/><D2/><U43/><E108/><V125/><F111/><W20/><G44/><T81/><D116/><U71/><E71/><V27/><F125/><W132/><G132/><T117/><D117/><U126/><E126/><V60/><F128/><W56/><G56/><T26/><D101/><U14/><E28/><V67/><F10/><W31/><G78/><T70/><D70/><U121/><E35/><V130/><F3/><W50/><G50/><T113/><D113/><U15/><E121/><V94/><F94/><W96/><G96/><T84/><D48/><U123/><E123/><V62/><F130/><W118/><G118/><T99/><D73/><U54/><E54/><V122/><F122/><W7/><G82/><N who="0" m="49431" /><D26/><U89/><E15/><V22/><F100/><W23/><G115/><T40/><D40/><U68/><E68/><V53/><F104/><W72/><G72/><T95/><D18/><U1/><E1/><V58/><F106/><W107/><G107/><T4/><D4/><U46/><E38/><V88/><F67/><W49/><G49/><T80/><D16/><U8/><E91/><V36/><F88/><W109/><G109/><T34/><D34/><U69/><E69/><V30/><F36/><W57/><G57/><T13/><D13/><U63/><E63/><AGARI ba="1,1" hai="22,24,25,27,30,45,51,53,58,60,61,62,63,65" machi="63" ten="40,1300,0" yaku="8,1" doraHai="76" who="2" fromWho="1" sc="63,0,250,-16,317,26,360,0" /><INIT seed="2,0,0,5,2,45" ten="63,234,343,360" oya="2" hai0="29,8,65,4,24,17,18,26,133,56,25,21,39" hai1="95,118,55,104,115,9,42,67,76,134,31,117,13" hai2="40,5,0,75,124,30,132,98,36,53,113,7,81" hai3="23,99,126,96,61,38,111,131,103,58,106,110,114"/><V85/><F113/><W63/><G38/><T69/><D39/><U78/><E104/><V90/><F132/><W64/><G114/><T20/><D69/><U107/><E107/><V27/><F124/><W119/><G126/><T41/><D41/><U43/><E115/><V14/><F98/><W80/><G119/><T121/><D133/><U57/><E134/><V70/><F70/><W92/><G131/><T94/><D121/><U116/><E67/><V16/><F75/><W84/><G23/><T50/><D65/><U33/><E33/><V128/><F128/><W44/><G44/><T3/><D94/><U52/><E31/><V28/><F28/><W32/><G32/><N who="0" m="20519" /><D50/><U46/><E95/><V34/><F0/><W6/><G6/><T82/><D82/><U49/><E43/><V102/><F102/><W87/><G63/><T101/><D101/><U60/><REACH who="1" step="1"/><E55/><REACH who="1" ten="63,224,343,360" step="2"/><V108/><F53/><W130/><G130/><T2/><D56/><U59/><E59/><V47/><REACH who="2" step="1"/><F108/><REACH who="2" ten="63,224,333,360" step="2"/><W122/><G111/><T72/><D72/><U129/><E129/><V1/><F1/><AGARI ba="0,2" hai="1,2,3,4,8,17,18,20,21,25,26" m="20519" machi="1" ten="30,8000,1" yaku="35,5" doraHai="45" who="0" fromWho="2" sc="63,100,224,0,333,-80,360,0" /><INIT seed="3,0,0,0,4,127" ten="163,224,253,360" oya="3" hai0="21,88,104,98,11,44,103,37,23,34,111,58,79" hai1="35,28,72,18,118,124,53,93,5,89,119,33,71" hai2="29,82,117,73,4,17,116,74,27,91,94,81,19" hai3="122,39,115,130,84,95,80,114,13,8,105,20,22"/><W32/><G105/><T42/><D34/><U1/><E72/><V123/><F4/><W45/><G32/><N who="1" m="12362" /><E71/><V0/><F123/><W128/><G122/><T41/><D111/><U60/><E124/><V83/><F0/><W30/><G95/><T76/><D42/><U59/><E28/><V48/><F48/><W15/><G39/><T54/><D11/><N who="1" m="2479" /><E18/><V9/><F74/><W10/><G45/><T57/><D57/><U121/><E121/><V69/><F73/><W38/><G38/><T78/><D54/><U50/><E50/><V129/><F69/><W55/><G55/><T132/><D132/><U112/><E112/><V92/><F17/><W86/><G80/><T108/><D108/><U49/><E49/><V43/><F19/><W120/><G120/><T7/><D7/><U46/><E46/><V47/><F43/><W131/><G131/><T67/><D58/><U85/><E53/><V126/><F47/><W97/><G97/><T61/><D61/><U134/><E134/><V109/><F126/><W26/><G26/><T99/><REACH who="0" step="1"/><D67/><REACH who="0" ten="153,224,253,360" step="2"/><U102/><E59/><V101/><F109/><W87/><G115/><T96/><D96/><U40/><E60/><V14/><F116/><N who="1" m="44585" /><E40/><V64/><F117/><W25/><G114/><T31/><D31/><U62/><E62/><V56/><F29/><W6/><G30/><T70/><D70/><U110/><E110/><V68/><F56/><W51/><G6/><T36/><D36/><U113/><E113/><V90/><F64/><W12/><G51/><T106/><D106/><U3/><E3/><V2/><F68/><RYUUKYOKU ba="0,1" sc="153,15,224,15,253,-15,360,-15" hai0="21,23,37,41,44,76,78,79,88,98,99,103,104" hai1="85,89,93,102" owari="168,-33.0,239,4.0,238,-16.0,355,45.0" /></mjloggm>