<mjloggm ver="2.3"><GO type="97" lobby="0"/><UN n0="%E3%82%A6%E3%83%AB%E3%83%88%E3%83%A9%E7%AB%8B%E7%9B%B4" n1="%E3%83%94%E3%82%A8%E3%83%AD%E3%81%AE%E3%81%A7%E3%81%97%EF%BC%96%EF%BC%96" n2="%6D%61%78%77%61%76%65" n3="%E3%83%96%E3%83%AD%E3%83%87%E3%82%A3" dan="14,14,14,13" rate="1972.56,1980.94,1899.52,1916.18" sx="M,M,M,M"/><TAIKYOKU oya="0"/><INIT seed="0,0,0,2,1,46" ten="250,250,250,250" oya="0" hai0="132,9,38,42,51,133,68,114,44,117,1,58,83" hai1="21,78,104,33,16,82,56,135,86,0,119,30,96" hai2="22,19,129,107,122,28,92,72,123,77,89,47,87" hai3="63,59,98,112,7,14,40,66,10,55,54,64,5"/><T75/><D68/><U48/><E119/><V11/><F107/><W17/><G112/><T12/><D114/><U106/><E0/><V85/><F72/><W50/><G98/><T131/><D117/><U130/><E130/><V2/><F28/><W34/><G34/><T67/><D131/><U53/><E135/><N who="0" m="51785" /><D1/><U128/><E128/><V95/><F129/><W110/><G40/><T6/><D67/><N who="3" m="25641" /><G110/><T84/><D75/><U121/><E121/><V18/><F19/><W31/><G31/><T41/><D58/><AGARI ba="0,0" hai="5,7,10,14,17,50,54,55,58,59,63" m="25641" machi="58" ten="30,2000,0" yaku="8,1,52,1" doraHai="46" who="3" fromWho="0" sc="250,-20,250,0,250,0,250,20" /><INIT seed="1,0,0,3,3,74" ten="230,250,250,270" oya="1" hai0="50,106,70,109,120,49,110,6,21,126,89,72,0" hai1="48,45,85,56,54,67,107,62,7,98,94,46,60" hai2="59,129,101,4,53,134,34,131,43,117,1,133,95" hai3="64,90,121,103,44,28,84,100,30,66,20,86,122"/><U104/><E7/><V55/><F34/><W26/><G44/><T57/><D70/><U65/><E46/><V88/><F43/><W123/><G90/><T108/><D106/><U29/><E85/><N who="3" m="32874" /><G26/><T114/><D114/><U12/><E12/><V78/><F101/><N who="3" m="38987" /><G20/><T40/><D126/><U119/><E29/><AGARI ba="0,0" hai="28,29,30,64,66,121,122,123" m="38987,32874" machi="29" ten="40,2600,0" yaku="28,2" doraHai="74" who="3" fromWho="1" sc="230,0,250,-26,250,0,270,26" /><INIT seed="2,0,0,3,0,121" ten="230,224,250,296" oya="2" hai0="22,109,88,38,55,48,127,120,56,26,11,31,42" hai1="12,122,66,110,82,128,18,39,89,85,131,23,99" hai2="123,79,29,49,115,34,111,71,118,2,30,73,90" hai3="108,7,35,1,63,44,59,4,112,104,107,33,8"/><V45/><F123/><W27/><G112/><T15/><D120/><U117/><E122/><V93/><F71/><W65/><G108/><T47/><D127/><U83/><E117/><V53/><F118/><W25/><G44/><T106/><D106/><U28/><E39/><V9/><F115/><W41/><G41/><T96/><D109/><U105/><E110/><V133/><F111/><W0/><G59/><T130/><D130/><N who="1" m="49707" /><E66/><V80/><F34/><W75/><G75/><T113/><D113/><U21/><E83/><V95/><F133/><W37/><G65/><T116/><D116/><U68/><E68/><V3/><F95/><W114/><G63/><T43/><D96/><U58/><E58/><V91/><F90/><W103/><G114/><T69/><D69/><U62/><E62/><V126/><F126/><W125/><G125/><T132/><D132/><U32/><E32/><V17/><F3/><W14/><G103/><T100/><D100/><N who="1" m="62623" /><E28/><V124/><F124/><W24/><G37/><T10/><D43/><U5/><E5/><N who="3" m="2122" /><G104/><T74/><D74/><U16/><E18/><V135/><F135/><W101/><G107/><T84/><REACH who="0" step="1"/><D15/><REACH who="0" ten="220,224,250,296" step="2"/><U52/><E52/><V57/><F2/><N who="3" m="1131" /><G101/><T102/><D102/><U54/><E54/><V61/><F53/><W97/><G97/><T13/><D13/><U40/><E40/><V86/><F73/><W50/><G35/><T19/><D19/><U46/><E46/><V51/><F17/><N who="3" m="8391" /><G33/><T94/><AGARI ba="0,1" hai="10,11,22,26,31,38,42,47,48,55,56,84,88,94" machi="94" ten="20,8000,1" yaku="1,1,0,1,7,1,54,1,53,1" doraHai="121" doraHaiUra="20" who="0" fromWho="0" sc="220,90,224,-20,250,-40,296,-20" /><INIT seed="3,0,0,3,2,58" ten="310,204,210,276" oya="3" hai0="67,74,65,134,83,126,11,103,42,91,124,27,105" hai1="89,59,95,21,97,38,62,0,35,57,125,12,8" hai2="79,76,46,7,55,117,25,106,121,28,4,70,30" hai3="49,9,98,34,50,13,112,45,41,100,71,19,99"/><W48/><G112/><T101/><D42/><U80/><E35/><V108/><F117/><W52/><G34/><T64/><D134/><U24/><E38/><V39/><F70/><W23/><G71/><T15/><D27/><U135/><E0/><V130/><F106/><W36/><G9/><T40/><D40/><U61/><E135/><V44/><F108/><W81/><G81/><T2/><D2/><U66/><E125/><N who="0" m="48233" /><D105/><U87/><E21/><V123/><F39/><W22/><G22/><T14/><D14/><U5/><E24/><V54/><REACH who="2" step="1"/><F25/><REACH who="2" ten="310,204,200,276" step="2"/><W104/><REACH who="3" step="1"/><G99/><REACH who="3" ten="310,204,200,266" step="2"/><T114/><D114/><U53/><E97/><V90/><F90/><W31/><G31/><T94/><D91/><U109/><E109/><V92/><F92/><AGARI ba="0,2" hai="5,8,12,53,57,59,61,62,66,80,87,89,92,95" machi="92" ten="40,5200,0" yaku="8,1,52,2" doraHai="58" who="1" fromWho="2" sc="310,0,204,72,200,-52,266,0" owari="310,40.0,276,8.0,148,-35.0,266,-13.0" /></mjloggm>