<mjloggm ver="2.3"><GO type="97" lobby="0"/><UN n0="%61%79%61%6E%65%6C" n1="%E3%82%A6%E3%83%AB%E3%83%88%E3%83%A9%E7%AB%8B%E7%9B%B4" n2="%E3%83%84%E3%83%B4%E3%82%A1%E3%83%BC%E3%82%BF" n3="%E3%83%84%E3%82%AB%E3%83%B3%E3%82%B3%E3%83%93%E3%83%83%E3%83%81" dan="13,15,16,13" rate="1845.96,2024.57,2081.77,1890.17" sx="M,M,M,F"/><TAIKYOKU oya="0"/><INIT seed="0,0,0,5,2,132" ten="250,250,250,250" oya="0" hai0="57,23,117,31,107,37,9,7,3,45,127,85,33" hai1="56,70,46,134,135,93,77,118,66,125,28,116,130" hai2="5,133,18,26,14,20,35,129,78,75,58,82,38" hai3="52,99,25,73,124,115,95,24,71,109,6,48,39"/><T8/><D107/><U36/><E28/><V10/><F133/><N who="1" m="50697" /><E77/><V67/><F38/><W112/><G39/><T55/><D117/><U128/><E93/><V12/><F129/><N who="1" m="49769" /><E70/><V68/><F68/><W50/><G71/><T54/><D33/><U65/><E125/><V61/><REACH who="2" step="1"/><F35/><REACH who="2" ten="250,250,240,250" step="2"/><W120/><G112/><T119/><D37/><U97/><E36/><V0/><AGARI ba="0,1" hai="0,5,10,12,14,18,20,26,58,61,67,75,78,82" machi="0" ten="20,5200,0" yaku="1,1,2,1,0,1,7,1,53,0" doraHai="132" doraHaiUra="87" who="2" fromWho="2" sc="250,-26,250,-13,240,62,250,-13" /><INIT seed="1,0,0,4,0,57" ten="224,237,302,237" oya="1" hai0="33,22,20,115,96,1,74,82,30,104,71,91,54" hai1="21,29,32,98,84,109,8,13,117,11,36,37,119" hai2="58,89,121,40,26,78,129,112,55,10,38,65,108" hai3="126,88,31,97,62,5,128,99,94,9,16,51,92"/><U7/><E84/><V132/><F121/><W28/><G126/><T59/><D71/><U118/><E98/><V76/><F65/><W67/><G128/><T135/><D1/><U124/><E37/><V0/><F129/><W23/><G51/><T93/><D115/><U25/><E36/><V64/><F64/><W100/><G9/><T122/><D122/><U52/><E52/><V69/><F69/><W133/><G5/><T56/><D56/><U48/><E48/><V77/><F0/><W18/><G133/><T43/><D43/><U75/><E75/><V111/><F10/><W39/><G39/><T85/><D135/><U80/><E80/><V103/><F103/><W86/><G86/><T6/><D6/><U42/><E42/><V134/><F26/><W66/><G66/><T53/><D53/><U15/><E124/><V125/><F89/><W44/><G44/><T101/><D33/><U127/><E127/><V73/><F73/><W130/><G130/><T41/><D30/><N who="3" m="11305" /><G23/><T63/><REACH who="0" step="1"/><D41/><REACH who="0" ten="214,237,302,237" step="2"/><U106/><E32/><V35/><F35/><W81/><G81/><T19/><D19/><U14/><E106/><V110/><F112/><W27/><G27/><T68/><D68/><U102/><E7/><V3/><F3/><W70/><G70/><T113/><D113/><U123/><E123/><V90/><F125/><W24/><G24/><T46/><D46/><U17/><E119/><V50/><F134/><W79/><G67/><T61/><D61/><U131/><E118/><V4/><F132/><W83/><G62/><T105/><D105/><U49/><E117/><RYUUKYOKU ba="0,1" sc="214,15,237,-15,302,-15,237,15" hai0="20,22,54,59,63,74,82,85,91,93,96,101,104" hai3="16,18,79,83,88,92,94,97,99,100" /><INIT seed="2,1,1,3,3,91" ten="229,222,287,252" oya="2" hai0="7,24,25,87,135,67,80,133,17,23,37,79,45" hai1="124,126,115,41,8,99,96,97,60,62,44,58,10" hai2="110,22,103,36,92,48,116,90,63,50,128,71,4" hai3="42,72,55,118,94,101,95,12,83,57,32,107,61"/><V16/><F36/><W86/><G32/><T14/><D67/><U27/><E27/><V120/><F120/><W105/><G118/><T121/><D121/><U2/><E115/><V15/><F116/><W109/><G72/><T35/><D35/><U49/><E60/><V31/><F71/><W117/><G117/><T122/><D122/><U66/><REACH who="1" step="1"/><E2/><REACH who="1" ten="229,212,287,252" step="2"/><V33/><F63/><W52/><G61/><T29/><D24/><U0/><E0/><V106/><F33/><W20/><G12/><T26/><D14/><U68/><E68/><V102/><F15/><W70/><G70/><T114/><D26/><U5/><E5/><V134/><F4/><W88/><G107/><T53/><D7/><U39/><E39/><V64/><F106/><W65/><G105/><T125/><D29/><U76/><E76/><V9/><F16/><W129/><G65/><T46/><D114/><U89/><E89/><V51/><F90/><W19/><G88/><T11/><D11/><AGARI ba="1,2" hai="8,10,11,41,44,49,58,62,66,96,97,99,124,126" machi="11" ten="40,1300,0" yaku="1,1,53,0" doraHai="91" doraHaiUra="130" who="1" fromWho="0" sc="229,-16,212,36,287,0,252,0" /><INIT seed="3,0,0,0,5,98" ten="213,248,287,252" oya="3" hai0="130,124,23,43,35,39,86,134,91,4,96,8,77" hai1="88,104,85,106,34,32,65,75,93,17,99,13,89" hai2="27,3,68,64,82,56,132,119,38,111,52,2,46" hai3="12,26,24,7,113,42,131,74,50,36,53,112,129"/><W9/><G74/><T63/><D35/><U81/><E104/><V31/><F119/><W72/><G72/><T108/><D39/><U67/><E34/><N who="2" m="20863" /><F82/><W28/><G42/><T33/><D33/><U20/><E32/><V135/><F111/><W87/><G36/><T18/><D108/><U76/><E106/><V83/><F83/><AGARI ba="0,0" hai="13,17,20,65,67,75,76,81,83,85,88,89,93,99" machi="83" ten="30,2000,0" yaku="7,1,54,1" doraHai="98" who="1" fromWho="2" sc="213,0,248,20,287,-20,252,0" /><INIT seed="4,0,0,3,5,119" ten="213,268,267,252" oya="0" hai0="80,83,90,76,11,46,60,115,33,116,123,131,89" hai1="111,93,124,107,132,55,75,43,100,74,91,113,6" hai2="125,31,87,25,101,14,134,73,45,24,1,117,102" hai3="21,86,28,20,79,92,82,133,4,10,41,57,84"/><T5/><D123/><U0/><E43/><V58/><F1/><W38/><G133/><T9/><D116/><U71/><E71/><V121/><F73/><W66/><G41/><T52/><D131/><U122/><E6/><V64/><F121/><W120/><G38/><T53/><D115/><U63/><E55/><N who="0" m="21065" /><D33/><U40/><E63/><N who="2" m="38007" /><F45/><W2/><G120/><T81/><D46/><U36/><E40/><V72/><F72/><W59/><G66/><T56/><D76/><U34/><E36/><V26/><F31/><W103/><G21/><T18/><D5/><U126/><E34/><V108/><F134/><W42/><G42/><T51/><D51/><U35/><E35/><V104/><F104/><W127/><G28/><T106/><D106/><U128/><E0/><V85/><F108/><W97/><G2/><T94/><D18/><U27/><E122/><V16/><F117/><W15/><G4/><T77/><D77/><U13/><E75/><V44/><F44/><W17/><G10/><N who="0" m="3595" /><D94/><U112/><E93/><V118/><F118/><W8/><G8/><T37/><D37/><U109/><E74/><V98/><F16/><W3/><G3/><T78/><D78/><U99/><E132/><V62/><F62/><W114/><G114/><N who="1" m="44138" /><E128/><V88/><F14/><W47/><G47/><T39/><D39/><U68/><E13/><V129/><F129/><W50/><G50/><T7/><D7/><U48/><E48/><V32/><F32/><W61/><G79/><T67/><AGARI ba="0,0" hai="56,60,67,80,81,83,89,90" m="3595,21065" machi="67" ten="30,3000,0" yaku="8,1,54,1" doraHai="119" who="0" fromWho="0" sc="213,30,268,-10,267,-10,252,-10" /><INIT seed="4,1,0,0,1,83" ten="243,258,257,242" oya="0" hai0="133,90,130,121,85,40,1,101,46,33,51,4,97" hai1="9,110,6,99,27,13,31,10,18,5,113,23,61" hai2="53,38,29,87,122,64,114,58,28,39,82,71,109" hai3="15,134,123,8,44,128,125,84,7,76,78,22,35"/><T20/><D121/><U116/><E116/><V73/><F73/><W59/><G35/><T62/><D33/><U24/><E110/><V43/><F109/><W126/><G123/><T94/><D130/><U105/><E105/><V93/><F93/><W112/><G128/><T95/><D133/><U88/><E61/><N who="2" m="40335" /><F39/><W70/><G70/><T14/><D1/><U129/><E129/><V86/><F114/><W120/><G134/><T117/><D117/><U96/><E113/><V127/><F127/><N who="3" m="48651" /><G112/><T25/><D62/><U66/><E66/><V77/><F122/><W106/><G120/><T2/><D2/><U107/><E107/><V72/><F29/><W55/><G106/><T21/><REACH who="0" step="1"/><D25/><REACH who="0" ten="233,258,257,242" step="2"/><U56/><E27/><V67/><F67/><W79/><G44/><T92/><D92/><U37/><E24/><V19/><F28/><W98/><G98/><T12/><D12/><U69/><E31/><V0/><F0/><W16/><G7/><T63/><D63/><U103/><E6/><V135/><F135/><W115/><G115/><T34/><D34/><U132/><E5/><V47/><F19/><W102/><G8/><AGARI ba="1,1" hai="4,8,14,20,21,40,46,51,85,90,94,95,97,101" machi="8" ten="40,7700,0" yaku="1,1,8,1,52,1,53,0" doraHai="83" doraHaiUra="124" who="0" fromWho="3" sc="233,90,258,0,257,0,242,-80" owari="323,42.0,258,6.0,257,-14.0,162,-34.0" /></mjloggm>