<mjloggm ver="2.3"><GO type="97" lobby="0"/><UN n0="%73%63%65%6E%65" n1="%E3%82%A6%E3%83%AB%E3%83%88%E3%83%A9%E7%AB%8B%E7%9B%B4" n2="%E5%8D%83%E7%BE%BD%E5%A6%99%E8%A6%8B%E6%B5%81" n3="%EF%BC%A0%E3%81%BF%E3%82%87%E3%82%93" dan="14,13,15,13" rate="1966.50,1831.26,1934.48,1876.80" sx="M,M,M,M"/><TAIKYOKU oya="0"/><INIT seed="0,0,0,4,1,12" ten="250,250,250,250" oya="0" hai0="41,55,121,65,62,42,116,120,84,109,24,56,39" hai1="7,122,108,2,135,29,67,21,35,34,4,71,52" hai2="36,106,97,102,27,76,28,44,99,58,51,88,77" hai3="101,18,16,9,115,37,22,119,63,49,127,1,98"/><T59/><D24/><N who="1" m="16527" /><E67/><V82/><F36/><W96/><G37/><T43/><D84/><U0/><E71/><V68/><F68/><W26/><G119/><T19/><D19/><N who="3" m="7209" /><G115/><T89/><D89/><U11/><E52/><V105/><F58/><W8/><G1/><T30/><D30/><U48/><E48/><V72/><F77/><W74/><G74/><T46/><D116/><U64/><E64/><V100/><F88/><W73/><G73/><T125/><D125/><U111/><E135/><V131/><F131/><W118/><G118/><T45/><D109/><N who="1" m="42059" /><E122/><N who="0" m="47209" /><D39/><U23/><E23/><V110/><F110/><W117/><G127/><T66/><D66/><U126/><E126/><V95/><F95/><N who="3" m="58527" /><G117/><T13/><D13/><U86/><E86/><V93/><F106/><W5/><G98/><T53/><D65/><U104/><E104/><V25/><F99/><W70/><G70/><T112/><D112/><U129/><E129/><V6/><F97/><W15/><G9/><AGARI ba="0,0" hai="0,2,4,7,9,11,34,35" m="42059,16527" machi="9" ten="30,3900,0" yaku="14,1,34,2" doraHai="12" who="1" fromWho="3" sc="250,0,250,39,250,0,250,-39" /><INIT seed="1,0,0,0,0,96" ten="250,289,250,211" oya="1" hai0="73,87,122,25,74,56,10,41,99,89,125,53,50" hai1="79,64,26,72,24,30,0,120,118,135,54,11,58" hai2="119,67,12,95,129,78,21,49,121,6,88,91,22" hai3="45,110,109,98,117,75,17,63,3,1,36,80,68"/><U92/><E120/><V84/><F119/><W38/><G17/><T85/><D122/><U32/><E118/><V97/><F129/><W134/><G117/><T102/><D125/><U105/><E105/><V77/><F121/><W37/><G45/><T114/><D114/><U29/><E64/><V39/><F39/><N who="3" m="9987" /><W101/><DORA hai="44" /><G134/><T40/><D25/><U20/><E135/><V131/><F131/><W19/><G19/><T112/><D112/><U13/><E0/><V124/><F124/><W81/><G81/><T71/><D71/><U15/><E92/><N who="2" m="54279" /><F67/><N who="3" m="41087" /><G80/><T33/><D33/><U43/><E43/><V51/><F22/><W18/><G75/><T132/><D132/><U61/><REACH who="1" step="1"/><E11/><REACH who="1" ten="250,279,250,211" step="2"/><N who="2" m="4215" /><F21/><W126/><G126/><T123/><D10/><U23/><E23/><V4/><F4/><W106/><G18/><T69/><D123/><U133/><E133/><V52/><F49/><W16/><G16/><T57/><D50/><U94/><E94/><V116/><F116/><W55/><G55/><T35/><D53/><U47/><E47/><AGARI ba="0,1" hai="47,51,52,77,78,91,95,97" m="4215,54279" machi="47" ten="30,7700,0" yaku="8,1,52,1,54,2" doraHai="96,44" who="2" fromWho="1" sc="250,0,279,-77,250,87,211,0" /><INIT seed="2,0,0,4,0,54" ten="250,202,337,211" oya="2" hai0="111,116,22,7,30,2,48,12,6,89,24,69,76" hai1="78,43,90,53,55,62,104,58,1,127,44,50,128" hai2="118,63,101,105,59,18,126,131,11,56,99,47,77" hai3="68,4,42,93,85,107,80,73,86,13,31,66,95"/><V29/><F118/><W37/><G107/><T134/><D116/><U67/><E104/><V45/><F126/><W82/><G73/><T0/><D69/><U123/><E1/><V132/><F132/><W112/><G112/><T23/><D76/><U61/><E127/><V36/><F131/><W60/><G31/><T120/><D120/><U133/><E123/><V70/><F70/><W98/><G37/><T8/><D48/><U38/><E128/><V117/><F117/><W32/><G42/><T15/><D89/><U83/><E90/><V52/><F29/><W79/><G32/><N who="0" m="20551" /><D111/><U3/><E3/><N who="0" m="1065" /><D134/><U106/><E106/><V20/><F36/><W72/><G72/><T87/><D87/><U113/><E113/><V130/><F77/><W27/><G98/><T91/><D91/><U17/><E133/><V75/><F75/><W9/><REACH who="3" step="1"/><G27/><REACH who="3" ten="250,202,337,201" step="2"/><T110/><D110/><U102/><E38/><V28/><F99/><W19/><G19/><N who="0" m="10623" /><D23/><U74/><E43/><V51/><F20/><W84/><G84/><T33/><D33/><U39/><E39/><V121/><F105/><W65/><G65/><T97/><D97/><U14/><E67/><V103/><F121/><W88/><AGARI ba="0,1" hai="4,9,13,60,66,68,79,80,82,85,86,88,93,95" machi="88" ten="20,5200,0" yaku="1,1,0,1,7,1,54,1,53,0" doraHai="54" doraHaiUra="119" who="3" fromWho="3" sc="250,-13,202,-13,337,-26,201,62" /><INIT seed="3,0,0,4,0,80" ten="237,189,311,263" oya="3" hai0="15,41,118,27,62,21,125,124,20,45,107,73,67" hai1="101,102,22,63,11,82,113,83,17,42,94,26,115" hai2="55,0,36,120,97,28,34,78,114,72,39,108,74" hai3="2,30,23,59,130,109,127,129,14,119,35,6,44"/><W88/><G119/><T132/><D118/><U8/><E113/><V25/><F114/><W104/><G2/><T31/><D73/><U112/><E115/><V1/><F108/><W64/><G35/><T131/><D107/><U4/><E112/><V92/><F120/><W53/><G104/><T68/><D132/><U99/><E42/><V29/><F55/><W134/><G109/><T126/><D131/><N who="3" m="50185" /><G134/><T56/><D15/><U65/><E102/><N who="2" m="60711" /><F25/><N who="3" m="16703" /><G44/><T70/><REACH who="0" step="1"/><D21/><REACH who="0" ten="227,189,311,263" step="2"/><U95/><E95/><V13/><F72/><W93/><G14/><T91/><D91/><U69/><REACH who="1" step="1"/><E11/><REACH who="1" ten="227,179,311,263" step="2"/><V123/><F74/><W75/><G75/><T90/><D90/><U128/><E128/><V76/><F123/><W58/><G93/><T85/><D85/><U50/><E50/><AGARI ba="0,2" hai="20,27,31,41,45,50,56,62,67,68,70,124,125,126" machi="50" ten="40,5200,0" yaku="1,1,18,1,53,1" doraHai="80" doraHaiUra="47" who="0" fromWho="1" sc="227,72,179,-52,311,0,263,0" owari="299,10.0,127,-37.0,311,41.0,263,-14.0" /></mjloggm>