<mjloggm ver="2.3"><GO type="97" lobby="0"/><UN n0="%E3%82%A6%E3%83%AB%E3%83%88%E3%83%A9%E7%AB%8B%E7%9B%B4" n1="%48%79%6C%61" n2="%E2%98%86%E9%80%86%E8%A5%B2%E3%81%AE%E8%A5%BF%E2%98%86" n3="%53%4F%31%52%4F" dan="14,14,13,13" rate="1955.16,1867.34,1897.51,1922.66" sx="M,M,M,M"/><TAIKYOKU oya="0"/><INIT seed="0,0,0,4,1,60" ten="250,250,250,250" oya="0" hai0="82,10,0,109,120,113,81,29,117,7,69,112,38" hai1="70,106,57,88,73,28,122,129,128,39,104,134,102" hai2="34,123,45,115,52,26,12,41,89,101,72,44,85" hai3="107,61,47,64,98,58,90,62,83,100,127,59,87"/><T77/><D120/><U97/><E122/><V16/><F115/><W46/><REACH who="3" step="1"/><G127/><REACH who="3" ten="250,250,250,240" step="2"/><T32/><D113/><U31/><E134/><V9/><F123/><W48/><G48/><T15/><D112/><U125/><E125/><V63/><F72/><W99/><G99/><T93/><D117/><U110/><E73/><V118/><F118/><W6/><G6/><T37/><D37/><U51/><E39/><V36/><F101/><W18/><G18/><T50/><D38/><U116/><E116/><V24/><F34/><W74/><G74/><T43/><D50/><U49/><E49/><N who="2" m="28719" /><F63/><W103/><G103/><T11/><D7/><U2/><E102/><V56/><F36/><W4/><G4/><T105/><D32/><U79/><E51/><N who="2" m="27023" /><F56/><W108/><G108/><T33/><D109/><U17/><E57/><V131/><F131/><W13/><G13/><T75/><D15/><U96/><E110/><V84/><F85/><W80/><G80/><AGARI ba="0,1" hai="9,12,16,24,26,80,84,89" m="27023,28719" machi="80" ten="30,7700,0" yaku="25,1,8,1,54,2" doraHai="60" who="2" fromWho="3" sc="250,0,250,0,250,87,240,-77" /><INIT seed="1,0,0,4,1,78" ten="250,250,337,163" oya="1" hai0="24,58,47,129,86,60,68,133,16,132,52,34,27" hai1="91,110,135,18,70,64,134,90,94,97,40,53,126" hai2="112,55,66,39,74,4,109,48,77,105,115,29,119" hai3="81,102,75,28,88,31,8,3,63,89,57,99,25"/><U95/><E126/><V11/><F105/><W56/><G56/><T111/><D34/><U59/><E40/><V117/><F39/><W76/><G31/><T71/><D129/><U23/><E110/><V65/><F109/><W106/><G8/><T30/><D30/><U83/><E64/><V14/><F29/><W85/><G3/><T13/><D111/><U49/><E70/><V61/><F77/><W43/><G43/><T84/><D47/><U127/><E127/><V38/><F74/><W116/><G116/><T42/><D42/><U41/><E41/><V120/><F38/><W17/><G17/><T118/><D118/><U80/><E134/><N who="0" m="51817" /><D27/><N who="1" m="14839" /><E135/><V124/><F124/><W44/><G44/><T35/><D24/><U45/><E45/><N who="2" m="28047" /><F120/><W54/><REACH who="3" step="1"/><G75/><REACH who="3" ten="250,250,337,153" step="2"/><T79/><D35/><AGARI ba="0,1" hai="25,28,35,54,57,63,76,81,85,88,89,99,102,106" machi="35" ten="30,8000,1" yaku="1,1,2,1,7,1,52,1,54,1,53,0" doraHai="78" doraHaiUra="36" who="3" fromWho="0" sc="250,-80,250,0,337,0,153,90" /><INIT seed="2,0,0,2,3,121" ten="170,250,337,243" oya="2" hai0="27,56,25,105,107,39,2,46,71,57,59,33,130" hai1="114,14,12,75,35,63,47,30,77,34,18,24,49" hai2="69,32,64,9,45,65,41,79,54,127,103,99,126" hai3="10,85,78,15,97,118,92,84,87,29,117,13,55"/><V68/><F32/><W81/><G29/><T26/><D33/><U96/><E114/><V135/><F79/><W22/><G22/><T101/><D130/><U131/><E131/><V124/><F9/><W0/><G0/><T37/><D2/><U19/><E35/><V83/><F83/><W52/><G118/><T51/><D71/><N who="2" m="27210" /><F99/><W42/><G42/><T60/><D60/><U38/><E96/><V106/><F103/><W40/><G40/><T8/><D101/><U48/><E75/><V128/><F106/><W67/><G67/><N who="2" m="25673" /><F128/><W61/><G117/><T80/><D80/><U100/><E77/><V89/><F89/><W86/><G61/><T120/><D120/><U76/><E100/><V123/><F123/><W133/><G133/><T20/><D20/><U91/><E76/><V125/><N who="2" m="31744" /><DORA hai="72" /><V73/><F73/><W90/><REACH who="3" step="1"/><G15/><REACH who="3" ten="170,250,337,233" step="2"/><T50/><D8/><U104/><E14/><V109/><F135/><W43/><G43/><T115/><D115/><U110/><E12/><V4/><F4/><AGARI ba="0,1" hai="4,10,13,52,55,78,81,84,85,86,87,90,92,97" machi="4" ten="40,8000,1" yaku="1,1,8,1,52,1,54,1,53,1" doraHai="121,72" doraHaiUra="62,6" who="3" fromWho="2" sc="170,0,250,0,337,-80,233,90" /><INIT seed="3,0,0,1,3,83" ten="170,250,257,323" oya="3" hai0="131,77,97,11,68,63,49,127,22,40,10,119,1" hai1="135,98,25,120,107,73,57,45,70,14,58,43,71" hai2="84,41,86,74,27,62,121,30,26,89,33,50,67" hai3="106,109,103,117,28,32,108,12,13,123,111,52,34"/><W42/><G117/><T23/><D119/><U19/><E120/><V3/><F74/><W85/><G123/><T20/><D131/><U101/><E73/><V100/><F3/><W29/><G42/><T51/><D127/><U35/><E135/><V16/><F121/><W6/><G103/><T65/><D1/><U134/><E134/><V78/><F100/><W94/><G106/><T18/><D77/><U38/><E58/><V46/><F78/><W7/><G94/><T37/><D37/><U133/><E133/><V79/><F79/><W53/><G111/><T54/><D18/><U82/><E82/><V99/><F99/><W115/><G115/><T15/><D15/><U113/><E113/><V129/><F129/><W91/><G91/><T39/><D97/><U130/><E130/><V132/><F132/><W48/><G48/><T2/><D2/><U24/><E24/><V125/><F125/><W66/><G66/><T44/><REACH who="0" step="1"/><D51/><REACH who="0" ten="160,250,257,323" step="2"/><U75/><E38/><V88/><F30/><W80/><G109/><T110/><D110/><U126/><E126/><V112/><F112/><W36/><G36/><T114/><D114/><U9/><E14/><V56/><F33/><W76/><G108/><T0/><D0/><U116/><E19/><V21/><F27/><W8/><G34/><T122/><D122/><U47/><E35/><V118/><F118/><W90/><G32/><T92/><D92/><U93/><E25/><V87/><AGARI ba="0,1" hai="16,21,26,41,46,50,56,62,67,84,86,87,88,89" machi="87" ten="30,12000,2" yaku="0,1,8,1,52,3,54,2" doraHai="83" who="2" fromWho="2" sc="160,-30,250,-30,257,130,323,-60" owari="130,-37.0,220,-18.0,387,49.0,263,6.0" /></mjloggm>