<mjloggm ver="2.3"><GO type="97" lobby="0"/><UN n0="%E3%82%A8%E3%83%B3%E3%82%AD%E3%83%89%E3%82%A5" n1="%E3%82%A6%E3%83%AB%E3%83%88%E3%83%A9%E7%AB%8B%E7%9B%B4" n2="%4A%50%53%E6%9D%B1%E9%A2%A8" n3="%E4%B8%83%E9%A6%99" dan="13,15,15,15" rate="1947.22,1973.78,2035.46,2009.88" sx="M,M,M,F"/><TAIKYOKU oya="0"/><INIT seed="0,0,0,1,2,33" ten="250,250,250,250" oya="0" hai0="114,35,97,19,65,43,27,0,119,46,72,28,69" hai1="56,75,107,18,105,45,92,100,102,96,109,1,127" hai2="83,37,84,124,130,85,59,131,94,110,11,53,112" hai3="95,44,10,134,132,71,36,128,34,115,62,93,103"/><T80/><D119/><U48/><E75/><V29/><F112/><W118/><G34/><T66/><D114/><U39/><E39/><V129/><F37/><W116/><G115/><T4/><D97/><U31/><E109/><V60/><F124/><W7/><G128/><T16/><D69/><U122/><E122/><V26/><F11/><W22/><G22/><T108/><D108/><U6/><E127/><V106/><F106/><W76/><G76/><T15/><D19/><U32/><E56/><V51/><F110/><W135/><G62/><T82/><D72/><U58/><E58/><V64/><F83/><W98/><G93/><T14/><D14/><U77/><E77/><V2/><F94/><W13/><REACH who="3" step="1"/><G71/><REACH who="3" ten="250,250,250,240" step="2"/><T74/><D74/><U5/><E92/><V91/><F60/><W111/><G111/><T9/><D82/><U17/><E32/><V81/><F64/><W70/><G70/><T38/><D80/><U121/><E105/><V12/><F131/><W47/><G47/><T126/><D126/><U99/><E107/><V125/><F130/><W123/><G123/><T88/><D88/><U52/><E121/><V50/><F125/><W120/><G120/><T73/><D73/><U90/><E90/><V42/><F91/><W8/><G8/><AGARI ba="0,1" hai="0,4,8,9,15,16,27,28,35,38,43,46,65,66" machi="8" ten="30,5800,0" yaku="7,1,52,1,54,1" doraHai="33" who="0" fromWho="3" sc="250,68,250,0,250,0,240,-58" /><INIT seed="0,1,0,2,1,61" ten="318,250,250,182" oya="0" hai0="104,44,99,19,117,69,29,43,87,9,73,10,124" hai1="112,68,53,27,75,89,76,65,15,122,78,11,93" hai2="80,21,39,23,91,128,79,52,55,51,4,127,20" hai3="6,96,92,66,135,36,34,114,25,13,50,115,58"/><T63/><D117/><U125/><E122/><V64/><F39/><W40/><G135/><T28/><D73/><U33/><E125/><V116/><F116/><W71/><G36/><T14/><D124/><U85/><E112/><V94/><F128/><W31/><G71/><T119/><D119/><U111/><E111/><V26/><F127/><W47/><G6/><T132/><D132/><U24/><E75/><V86/><F4/><W120/><G13/><T42/><D87/><U48/><E68/><V101/><F101/><W129/><G129/><T133/><D133/><U107/><E107/><V95/><F64/><W83/><G83/><T130/><D130/><U88/><E65/><V41/><F95/><W35/><G35/><T49/><D42/><U90/><E33/><V3/><F3/><W110/><G110/><T123/><D123/><U113/><E113/><V74/><REACH who="2" step="1"/><F26/><REACH who="2" ten="318,250,240,182" step="2"/><W16/><G120/><T32/><D104/><U109/><E109/><V77/><F77/><N who="1" m="29801" /><E89/><V22/><F22/><W59/><G114/><T118/><D118/><U5/><E90/><V81/><F81/><W8/><G66/><T105/><D105/><U57/><AGARI ba="1,1" hai="5,11,15,24,27,48,53,57,85,88,93" m="29801" machi="57" ten="30,2000,0" yaku="8,1,54,1" doraHai="61" who="1" fromWho="1" sc="318,-11,250,33,240,-6,182,-6" /><INIT seed="1,0,0,1,5,9" ten="307,283,234,176" oya="1" hai0="16,85,113,93,73,6,96,95,44,63,19,134,75" hai1="17,3,100,108,42,101,59,120,69,64,32,33,130" hai2="88,29,127,133,56,5,132,62,25,107,10,77,106" hai3="49,27,102,67,13,122,129,20,30,128,118,89,40"/><U119/><E69/><V65/><F127/><W53/><G122/><T92/><D113/><U86/><E3/><N who="2" m="319" /><F88/><W74/><G118/><T7/><D75/><U34/><E33/><N who="2" m="20655" /><F77/><W51/><G74/><T109/><D73/><U39/><E34/><V37/><F37/><W110/><G110/><T79/><D134/><AGARI ba="0,0" hai="56,62,65,106,107,132,133,134" m="20655,319" machi="134" ten="30,1000,0" yaku="20,1" doraHai="9" who="2" fromWho="0" sc="307,-10,283,0,234,10,176,0" /><INIT seed="2,0,0,0,1,13" ten="297,283,244,176" oya="2" hai0="28,57,104,101,78,61,5,108,23,112,92,59,113" hai1="21,45,75,98,99,31,106,133,103,96,1,91,46" hai2="125,39,97,42,3,35,85,69,54,9,44,93,4" hai3="17,128,124,126,15,12,0,82,86,116,53,36,27"/><V67/><F125/><N who="3" m="48235" /><G116/><T6/><D104/><U22/><E1/><V14/><F35/><W132/><G0/><T65/><D78/><U10/><E75/><V94/><F54/><W7/><G36/><T70/><D108/><U62/><E133/><V63/><F85/><W77/><G132/><T58/><D113/><U34/><E34/><V43/><F43/><W38/><G38/><T127/><D112/><U135/><E135/><V41/><F41/><W51/><G128/><T26/><D127/><U29/><E106/><V55/><F3/><W16/><G27/><T105/><D92/><U134/><E103/><V20/><F20/><N who="1" m="7785" /><E134/><V83/><F83/><W114/><G114/><T79/><D79/><U76/><E76/><V68/><F68/><W72/><G72/><T121/><D121/><U24/><E24/><V66/><F66/><W19/><G7/><T71/><D70/><U87/><E10/><V119/><F119/><W89/><G77/><T37/><D37/><U111/><E62/><V32/><F32/><W130/><G130/><T33/><REACH who="0" step="1"/><D23/><REACH who="0" ten="287,283,244,176" step="2"/><U115/><E115/><V25/><F25/><W64/><G64/><T100/><D100/><U30/><E111/><V110/><F110/><W56/><AGARI ba="0,1" hai="12,15,16,17,19,51,53,56,82,86,89" m="48235" machi="56" ten="30,8000,1" yaku="18,1,52,3,54,1" doraHai="13" who="3" fromWho="3" sc="287,-20,283,-20,244,-40,176,90" /><INIT seed="3,0,0,1,0,83" ten="267,263,204,266" oya="3" hai0="96,38,56,100,77,74,109,14,68,81,98,72,90" hai1="86,132,80,95,37,39,16,116,58,36,57,5,92" hai2="7,121,76,112,48,102,46,11,106,67,3,120,51" hai3="4,82,30,21,123,110,126,111,75,94,103,114,128"/><W108/><G114/><T130/><D38/><U24/><E5/><V22/><F112/><W13/><G123/><N who="2" m="47177" /><F67/><W122/><G122/><T69/><D109/><U44/><E132/><V20/><F76/><N who="3" m="44319" /><G128/><T66/><D130/><U64/><E116/><V119/><F119/><W50/><G126/><T35/><D35/><U12/><E24/><V113/><F113/><W52/><G30/><T9/><D74/><U27/><E27/><V131/><F131/><W33/><G33/><T125/><D125/><U63/><E57/><V127/><F127/><W1/><G1/><T107/><D98/><U135/><E135/><V104/><F51/><W134/><G134/><T59/><D90/><U117/><E117/><V42/><F102/><W84/><G84/><T99/><D99/><U47/><E47/><V25/><F22/><W32/><G32/><T105/><D105/><U55/><E64/><V97/><F97/><N who="3" m="59831" /><G21/><T18/><D59/><U40/><E39/><V89/><F89/><W8/><G50/><T93/><D107/><U129/><E37/><V61/><F61/><W53/><AGARI ba="0,0" hai="4,8,13,52,53,108,110,111" m="59831,44319" machi="53" ten="40,7800,0" yaku="14,1,10,1,54,1" doraHai="83" who="3" fromWho="3" sc="267,-26,263,-26,204,-26,266,78" owari="241,4.0,237,-16.0,178,-32.0,344,44.0" /></mjloggm>