<mjloggm ver="2.3"><GO type="97" lobby="0"/><UN n0="%E3%81%8B%E3%82%93%E3%81%BF%E3%81%AD" n1="%E3%82%A6%E3%83%AB%E3%83%88%E3%83%A9%E7%AB%8B%E7%9B%B4" n2="%E3%83%9D%E3%83%AC" n3="%61%6B%75%62%69" dan="15,14,14,14" rate="1938.02,1954.25,1957.09,1848.10" sx="M,M,M,M"/><TAIKYOKU oya="0"/><INIT seed="0,0,0,0,5,32" ten="250,250,250,250" oya="0" hai0="38,105,45,124,78,5,103,30,126,29,23,89,72" hai1="113,83,16,36,7,11,90,58,40,77,86,85,13" hai2="60,88,6,99,98,12,101,37,46,119,3,97,92" hai3="135,116,0,66,51,73,65,87,18,131,129,43,8"/><T25/><D105/><U57/><E113/><V111/><F111/><W100/><G73/><T55/><D103/><U53/><E36/><V133/><F133/><W15/><G116/><T26/><D72/><U114/><E114/><V121/><F121/><W20/><G100/><T64/><D78/><U52/><E40/><V56/><F119/><W14/><G135/><T95/><D64/><U91/><E7/><V134/><F134/><W128/><G87/><T80/><D80/><U115/><E115/><V47/><F37/><W27/><G15/><T54/><D5/><U75/><E75/><V122/><F122/><W50/><G50/><T109/><D38/><U28/><E28/><V107/><F3/><W24/><G24/><T123/><D45/><N who="2" m="16906" /><F107/><W110/><G110/><T84/><D123/><U102/><E102/><V130/><F101/><W49/><G43/><T2/><D2/><U10/><E10/><N who="2" m="4183" /><F130/><W35/><G65/><AGARI ba="0,0" hai="56,60,65,88,92,97,98,99" m="4183,16906" machi="65" ten="30,2000,0" yaku="8,1,54,1" doraHai="32" who="2" fromWho="3" sc="250,0,250,0,250,20,250,-20" /><INIT seed="1,0,0,0,4,98" ten="250,250,270,230" oya="1" hai0="29,6,38,85,49,46,58,115,73,43,31,41,24" hai1="0,63,83,128,125,103,52,34,102,7,96,113,1" hai2="106,60,101,72,77,51,93,4,89,8,78,9,116" hai3="56,10,13,111,62,30,32,76,68,44,23,130,104"/><U67/><E34/><V79/><F116/><W36/><G104/><T71/><D73/><U65/><E113/><V21/><F60/><W45/><G68/><T135/><D71/><U20/><E1/><V2/><F9/><W16/><G36/><T131/><D115/><U39/><E39/><V126/><F126/><W66/><G111/><T33/><D6/><U129/><E125/><V28/><F106/><W15/><G130/><N who="1" m="50282" /><E83/><V114/><F114/><W88/><G76/><T53/><D131/><U14/><E0/><V12/><F72/><W94/><G32/><T86/><D135/><U82/><E82/><V27/><F51/><W134/><G134/><T105/><D105/><U59/><E96/><N who="2" m="59535" /><F2/><W55/><G66/><N who="1" m="25098" /><E7/><V5/><F89/><W99/><G30/><T107/><D31/><U80/><E80/><V124/><F124/><W54/><G54/><T100/><REACH who="0" step="1"/><D43/><REACH who="0" ten="240,250,270,230" step="2"/><U64/><E64/><V92/><F4/><AGARI ba="0,1" hai="4,10,13,15,16,23,44,45,55,56,62,88,94,99" machi="4" ten="30,7700,0" yaku="7,1,8,1,54,2" doraHai="98" who="3" fromWho="2" sc="240,0,250,0,270,-77,230,87" /><INIT seed="2,0,0,3,3,115" ten="240,250,193,317" oya="2" hai0="73,20,109,48,101,82,85,36,34,31,104,99,35" hai1="127,11,43,70,53,87,68,39,6,118,10,49,50" hai2="130,25,76,123,22,61,125,98,1,78,95,92,72" hai3="2,51,44,64,107,129,28,84,26,113,45,126,100"/><V117/><F1/><W21/><G2/><T116/><D36/><U135/><E39/><V8/><F123/><W19/><G64/><T0/><D0/><U30/><E30/><V60/><F125/><W9/><G107/><T65/><D73/><U66/><E66/><V69/><F130/><W23/><G100/><T91/><D109/><U119/><E87/><V54/><F8/><W81/><G113/><T63/><D48/><U46/><E127/><V120/><F120/><W71/><G71/><T132/><D132/><U67/><E135/><V17/><F72/><W114/><G114/><T133/><D133/><U103/><E103/><V124/><F124/><W134/><G9/><T27/><D116/><U5/><E67/><V3/><F3/><W86/><G126/><T4/><D4/><U110/><E53/><V128/><F128/><W112/><G129/><T13/><D13/><U106/><E46/><V102/><F69/><AGARI ba="0,0" hai="20,27,31,34,35,63,65,69,82,85,91,99,101,104" machi="69" ten="30,1000,0" yaku="7,1" doraHai="115" who="0" fromWho="2" sc="240,10,250,0,193,-10,317,0" /><INIT seed="3,0,0,4,2,121" ten="250,250,183,317" oya="3" hai0="118,106,72,35,87,73,8,89,116,110,53,69,124" hai1="82,86,135,26,120,68,6,36,80,24,27,134,41" hai2="43,67,97,4,31,130,115,108,109,95,15,65,92" hai3="10,79,114,30,20,11,132,117,76,104,129,127,9"/><W48/><G104/><T25/><D69/><U111/><E68/><V3/><F3/><W119/><G114/><T49/><D106/><U61/><E120/><V32/><F115/><W88/><G127/><T77/><D124/><U40/><E6/><V113/><F113/><W63/><G129/><T90/><D8/><U34/><E34/><V45/><F130/><W5/><G132/><N who="1" m="50730" /><E36/><V23/><F32/><W59/><G5/><T107/><D107/><U125/><E125/><V17/><F31/><W21/><G48/><T56/><D77/><N who="3" m="29769" /><G30/><T122/><D90/><N who="1" m="51527" /><E82/><V60/><F4/><W123/><G123/><T101/><D101/><U62/><E111/><N who="2" m="42571" /><F92/><W50/><G50/><T96/><D122/><U100/><E100/><N who="2" m="60479" /><F60/><AGARI ba="0,0" hai="24,26,27,40,41,60,61,62" m="51527,50730" machi="60" ten="30,1000,0" yaku="20,1" doraHai="121" who="1" fromWho="2" sc="250,0,250,10,183,-10,317,0" owari="250,-15.0,260,6.0,173,-33.0,317,42.0" /></mjloggm>