<mjloggm ver="2.3"><GO type="97" lobby="0"/><UN n0="%77%6F%6E%63%68%61%6E" n1="%E3%81%98%E3%82%85%E3%81%86%E3%81%AA%E3%81%AA%E3%81%95%E3%81%84" n2="%E3%81%A9%E3%82%8B%E3%81%A3%E3%83%BC" n3="%E3%82%A6%E3%83%AB%E3%83%88%E3%83%A9%E7%AB%8B%E7%9B%B4" dan="14,15,15,14" rate="1916.58,2049.25,1989.62,1909.94" sx="M,M,M,M"/><TAIKYOKU oya="0"/><INIT seed="0,0,0,5,3,116" ten="250,250,250,250" oya="0" hai0="121,109,126,61,55,65,102,92,7,30,84,110,89" hai1="114,130,53,106,112,34,18,135,91,16,68,6,111" hai2="103,101,71,133,15,10,127,98,59,104,115,47,57" hai3="80,13,67,62,1,60,0,81,29,108,50,88,11"/><T3/><D121/><U64/><E106/><V21/><F71/><W113/><G113/><N who="1" m="43626" /><E34/><V22/><F127/><W132/><G132/><T28/><D126/><U96/><E135/><V77/><F103/><W119/><G119/><T35/><D102/><U54/><E6/><V23/><F133/><W79/><G108/><N who="0" m="41579" /><D55/><N who="1" m="21003" /><E111/><V58/><F47/><W66/><G50/><T69/><D35/><U37/><E37/><V44/><F44/><W128/><G29/><T76/><D76/><U97/><E130/><V120/><F77/><W70/><G79/><T5/><D5/><U41/><E41/><V90/><F115/><W49/><G49/><T38/><D38/><U99/><E91/><V129/><F90/><W107/><G107/><T123/><D123/><U63/><AGARI ba="0,0" hai="16,18,63,64,68,96,97,99" m="21003,43626" machi="63" ten="40,2700,0" yaku="11,1,54,1" doraHai="116" who="1" fromWho="1" sc="250,-13,250,27,250,-7,250,-7" /><INIT seed="1,0,0,2,4,54" ten="237,277,243,243" oya="1" hai0="88,3,63,9,15,34,72,32,103,43,128,73,70" hai1="109,118,42,22,11,50,87,82,122,45,121,66,27" hai2="39,31,129,28,52,110,7,59,94,79,20,96,90" hai3="21,120,0,80,60,65,48,117,35,133,10,44,38"/><U116/><E66/><V33/><F33/><W36/><G35/><T1/><D128/><U126/><E126/><V97/><F39/><W132/><G120/><T61/><D103/><U78/><E109/><V99/><F110/><W85/><G117/><T49/><D70/><U107/><E107/><V112/><F112/><W69/><G10/><T108/><D108/><U57/><E121/><V101/><F79/><W8/><G21/><T18/><D72/><U19/><E122/><V5/><F129/><W81/><G8/><T40/><D73/><U123/><E123/><V46/><F46/><W98/><G98/><N who="2" m="37993" /><F101/><W76/><G0/><T83/><D32/><U102/><E102/><V6/><F20/><W77/><G48/><AGARI ba="0,0" hai="5,6,7,28,31,48,52,59,90,94,99" m="37993" machi="48" ten="30,3900,0" yaku="8,1,52,1,54,1" doraHai="54" who="2" fromWho="3" sc="237,0,277,0,243,39,243,-39" /><INIT seed="2,0,0,4,5,121" ten="237,277,282,204" oya="2" hai0="125,51,4,29,99,54,103,41,42,88,25,49,34" hai1="82,68,74,72,102,36,96,113,56,60,87,3,38" hai2="124,10,71,50,16,26,134,115,6,86,75,30,27" hai3="79,81,57,116,48,32,109,35,53,85,93,128,107"/><V52/><F75/><W117/><G107/><T92/><D125/><U12/><E113/><V24/><F71/><W77/><G128/><T111/><D4/><U61/><E3/><V131/><F131/><W98/><G35/><T11/><D111/><U9/><E74/><V91/><F115/><W135/><G32/><T39/><D39/><U101/><E72/><V58/><F134/><W120/><G120/><T70/><D70/><U64/><E101/><V22/><F30/><W130/><G130/><T97/><D11/><U105/><E61/><V21/><F21/><W62/><G135/><T59/><REACH who="0" step="1"/><D49/><REACH who="0" ten="227,277,282,204" step="2"/><U95/><E68/><V1/><REACH who="2" step="1"/><F124/><REACH who="2" ten="227,277,272,204" step="2"/><W55/><G117/><T90/><D90/><U18/><E105/><AGARI ba="0,2" hai="25,29,34,41,42,51,54,59,88,92,97,99,103,105" machi="105" ten="30,3900,0" yaku="1,1,7,1,54,1,53,0" doraHai="121" doraHaiUra="73" who="0" fromWho="1" sc="227,59,277,-39,272,0,204,0" /><INIT seed="3,0,0,5,1,125" ten="286,238,272,204" oya="3" hai0="131,4,57,108,62,96,79,49,29,122,124,44,74" hai1="75,28,87,64,24,58,39,89,114,26,133,65,0" hai2="7,98,16,120,32,77,2,33,90,23,45,121,101" hai3="103,93,51,130,53,107,129,95,21,15,66,41,104"/><W117/><G41/><T14/><D124/><U54/><E114/><V52/><F77/><W43/><G43/><T37/><D108/><U128/><E39/><V38/><F90/><W1/><G66/><T85/><D122/><N who="2" m="47210" /><F7/><W30/><G1/><T92/><D37/><U8/><E75/><V5/><F5/><W19/><G30/><T115/><D74/><U12/><E0/><V113/><F2/><W82/><G82/><T69/><D115/><U72/><E72/><V20/><F20/><W25/><G25/><T83/><D69/><U56/><E133/><V46/><F38/><W86/><G117/><T132/><D29/><U106/><E106/><N who="3" m="40490" /><G103/><T34/><D132/><U109/><E109/><V119/><F119/><W6/><G6/><T35/><D34/><N who="2" m="13418" /><F52/><W135/><G135/><T70/><D35/><U81/><E26/><N who="2" m="14695" /><F113/><W48/><G48/><T61/><D70/><U36/><E36/><V76/><F76/><W97/><G97/><T127/><D127/><U42/><E42/><V102/><F102/><W11/><G11/><T126/><D126/><U118/><E118/><V71/><F71/><W47/><G86/><T22/><D62/><U112/><E112/><V10/><F10/><W40/><G40/><N who="0" m="24711" /><D4/><U80/><E24/><V27/><F27/><W91/><G91/><N who="0" m="55327" /><D14/><U100/><E28/><V134/><F134/><W105/><N who="3" m="40498" /><AGARI ba="0,0" hai="45,46,98,101,105" m="14695,13418,47210" machi="105" ten="30,3900,0" yaku="3,1,13,1,54,1" doraHai="125" who="2" fromWho="3" sc="286,0,238,0,272,39,204,-39" owari="286,9.0,238,-16.0,311,40.0,165,-33.0" /></mjloggm>