<mjloggm ver="2.3"><GO type="169" lobby="0"/><UN n0="%73%61%63%68%69%6F" n1="%E3%82%A6%E3%83%AB%E3%83%88%E3%83%A9%E7%AB%8B%E7%9B%B4" n2="%63%68%75%62%75%37%34" n3="%E3%83%AC%E3%83%87%E3%82%B9%E3%83%9E" dan="16,16,16,16" rate="2167.48,2119.93,2061.18,2140.11" sx="M,M,M,M"/><TAIKYOKU oya="0"/><INIT seed="0,0,0,0,4,121" ten="250,250,250,250" oya="0" hai0="94,48,54,104,132,53,119,86,19,71,67,7,75" hai1="74,111,110,40,25,20,49,112,3,57,78,23,58" hai2="117,28,36,11,2,22,133,82,114,102,44,0,14" hai3="63,55,92,35,59,101,80,12,134,47,66,5,107"/><T120/><D119/><U79/><E3/><V70/><F70/><W41/><G35/><T51/><D120/><U4/><E4/><V88/><F102/><W97/><G134/><T127/><D75/><U29/><E112/><V76/><F114/><W38/><G80/><T118/><D104/><U130/><E130/><V77/><F133/><W116/><G116/><T126/><D118/><U43/><E74/><V52/><F117/><W10/><REACH who="3" step="1"/><G107/><REACH who="3" ten="250,250,250,240" step="2"/><T42/><D132/><U72/><E72/><V8/><F0/><W13/><G13/><T81/><D81/><U27/><E49/><N who="0" m="19017" /><D7/><U131/><E131/><V39/><F2/><W89/><G89/><N who="0" m="53559" /><D42/><U108/><E43/><V56/><F36/><W18/><G18/><T115/><D19/><N who="1" m="12447" /><E40/><V45/><F39/><W109/><G109/><T124/><D115/><U84/><E79/><V83/><F83/><AGARI ba="0,1" hai="23,27,29,57,58,78,83,84,108,110,111" m="12447" machi="83" ten="30,7700,0" yaku="14,1,52,3" doraHai="121" who="1" fromWho="2" sc="250,0,250,87,250,-77,240,0" /><INIT seed="1,0,0,2,3,129" ten="250,337,173,240" oya="1" hai0="11,21,8,74,112,119,65,45,59,39,68,29,89" hai1="121,48,77,108,120,114,92,70,134,98,35,99,55" hai2="93,7,40,57,76,46,82,130,64,109,72,4,67" hai3="53,91,133,3,126,81,16,84,1,17,123,25,28"/><U20/><E70/><V32/><F130/><W117/><G123/><T62/><D119/><U128/><E35/><V122/><F32/><W86/><G117/><T124/><D112/><U95/><E128/><V104/><F104/><W127/><G53/><T0/><D124/><N who="3" m="47657" /><G84/><T50/><D74/><U113/><E20/><V54/><F122/><W71/><G71/><T38/><D38/><U102/><E48/><V131/><F131/><W31/><G31/><T135/><D135/><U56/><E56/><V13/><F109/><W87/><G87/><T49/><D49/><U115/><E55/><V27/><F93/><W36/><G36/><T88/><D39/><U24/><E24/><V33/><F46/><W69/><G69/><T106/><D106/><U105/><E105/><V85/><F40/><W63/><G63/><T73/><D73/><U111/><E77/><V9/><F72/><W47/><G47/><T116/><D116/><U80/><E80/><V132/><F7/><W96/><G96/><T118/><D118/><U75/><E75/><V44/><F44/><W58/><G58/><T15/><D0/><N who="3" m="73" /><G133/><T52/><D68/><U42/><E42/><V94/><F132/><W101/><G101/><T103/><D103/><N who="1" m="60871" /><E134/><V83/><F83/><W6/><G6/><T5/><D8/><U78/><E78/><V60/><F94/><W10/><G10/><T12/><D29/><U79/><E79/><V22/><F33/><AGARI ba="0,0" hai="16,17,25,28,33,81,86,91" m="73,47657" machi="33" ten="30,2000,0" yaku="18,1,54,1" doraHai="129" who="3" fromWho="2" sc="250,0,337,0,173,-20,240,20" /><INIT seed="2,0,0,5,4,127" ten="250,337,153,260" oya="2" hai0="23,42,98,66,67,79,53,134,46,21,105,22,133" hai1="82,16,55,45,106,24,121,13,129,119,101,126,65" hai2="87,96,39,92,5,75,34,62,61,60,40,74,73" hai3="26,76,25,111,113,104,38,35,9,48,51,54,89"/><V30/><F5/><W80/><G111/><T86/><D53/><U72/><E119/><V132/><F132/><N who="0" m="50794" /><D79/><U10/><E65/><N who="0" m="24585" /><D86/><U33/><E101/><V118/><F118/><W1/><G38/><N who="0" m="21847" /><D98/><U3/><E82/><V128/><F128/><W123/><G76/><T95/><D95/><U108/><E129/><V43/><F87/><W36/><G104/><AGARI ba="0,0" hai="21,22,23,104,105" m="21847,24585,50794" machi="104" ten="40,1300,0" yaku="20,1" doraHai="127" who="0" fromWho="3" sc="250,13,337,0,153,0,260,-13" /><INIT seed="3,0,0,3,4,58" ten="263,337,153,247" oya="3" hai0="82,131,130,114,10,38,25,45,60,104,102,66,71" hai1="94,99,117,65,88,15,35,87,86,1,100,18,14" hai2="4,54,6,59,97,11,89,73,134,5,92,133,57" hai3="9,90,107,31,93,75,120,12,110,42,101,70,21"/><W74/><G120/><T64/><D10/><U26/><E1/><V27/><F73/><W62/><G42/><N who="0" m="22743" /><D82/><U106/><E117/><V98/><F98/><W0/><G0/><T29/><D114/><U30/><E18/><V61/><F57/><W80/><G80/><T48/><D48/><U135/><BYE who="0" /><E135/><V16/><REACH who="2" step="1"/><F11/><REACH who="2" ten="263,337,143,247" step="2"/><W22/><G9/><UN n0="%73%61%63%68%69%6F" /><T37/><D37/><U67/><E87/><V55/><F55/><W84/><G75/><T119/><D66/><U3/><E67/><V85/><F85/><W112/><G74/><T128/><D119/><U69/><E3/><V63/><F63/><AGARI ba="0,1" hai="14,15,26,30,35,63,65,69,86,88,94,99,100,106" machi="63" ten="40,8000,1" yaku="25,2,52,1,54,1" doraHai="58" who="1" fromWho="2" sc="263,0,337,90,143,-80,247,0" /><INIT seed="4,0,0,4,2,37" ten="263,427,63,247" oya="0" hai0="58,120,22,17,19,39,81,14,133,40,123,95,10" hai1="59,15,127,88,45,93,53,116,4,54,63,126,130" hai2="20,35,107,108,43,78,94,128,110,112,31,18,56" hai3="38,91,52,89,134,13,55,111,0,48,117,61,122"/><T12/><D133/><U76/><E76/><V21/><F107/><W83/><G0/><T41/><D39/><U70/><E70/><V33/><F78/><W25/><G38/><T101/><D101/><U92/><BYE who="0" /><E92/><V36/><F94/><W24/><G111/><T114/><D114/><U7/><E116/><V84/><F84/><UN n0="%73%61%63%68%69%6F" /><W104/><G104/><T129/><D129/><U79/><E79/><V73/><F73/><W72/><G117/><T57/><D123/><U32/><E32/><V8/><F56/><N who="0" m="21610" /><D120/><U119/><E15/><V65/><F65/><W16/><G72/><T3/><D3/><U68/><E68/><V77/><F77/><W86/><G134/><T67/><D67/><U74/><E74/><V131/><F36/><W90/><G61/><T109/><D109/><N who="2" m="42090" /><F43/><N who="0" m="16458" /><D95/><U105/><E105/><V46/><F46/><N who="3" m="27671" /><G122/><T100/><D100/><U132/><E132/><V82/><F82/><AGARI ba="0,0" hai="10,12,14,17,19,22,81,82" m="16458,21610" machi="82" ten="30,11600,0" yaku="8,1,52,3" doraHai="37" who="0" fromWho="2" sc="263,116,427,0,63,-116,247,0" owari="379,18.0,427,52.0,-53,-55.0,247,-15.0" /></mjloggm>