<mjloggm ver="2.3"><GO type="97" lobby="0"/><UN n0="%71%75%74%2D%76%5C%67" n1="%E3%82%A6%E3%83%AB%E3%83%88%E3%83%A9%E7%AB%8B%E7%9B%B4" n2="%5A%41%4B%4B%35%31" n3="%E5%86%A8%E6%A8%AB%E7%BE%A9%E5%8D%9A" dan="13,14,14,13" rate="1993.77,1971.99,1942.56,1891.48" sx="M,M,M,M"/><TAIKYOKU oya="0"/><INIT seed="0,0,0,5,0,84" ten="250,250,250,250" oya="0" hai0="45,36,86,79,114,22,116,99,101,121,118,56,90" hai1="111,13,78,49,20,122,41,7,88,59,77,37,38" hai2="125,134,63,70,117,64,66,104,29,46,131,80,107" hai3="96,47,33,5,62,100,6,34,16,135,2,25,128"/><T58/><D114/><U24/><E122/><V105/><F66/><W127/><G127/><T11/><D121/><U48/><E111/><V126/><F131/><W51/><G135/><T129/><D79/><U74/><E74/><V69/><F117/><W73/><G73/><T65/><D129/><U0/><E0/><V108/><F108/><W18/><G128/><T133/><D133/><U83/><E38/><V15/><F69/><W115/><G115/><T44/><D11/><N who="1" m="4351" /><E37/><V97/><F29/><W75/><G75/><T109/><D109/><U21/><E21/><V28/><F28/><W17/><G2/><T40/><D44/><N who="1" m="25615" /><E49/><V26/><F26/><W72/><G72/><T43/><D43/><U31/><E59/><V57/><F46/><W95/><G62/><T113/><D113/><U61/><E61/><V120/><F120/><W93/><G34/><T1/><D1/><U52/><E52/><V12/><F97/><W71/><G71/><T30/><D58/><U81/><E81/><V130/><F70/><W32/><G32/><T119/><D56/><U132/><E132/><V76/><F134/><W123/><G123/><T10/><D10/><U8/><E8/><V23/><F130/><W106/><G33/><T27/><D65/><U60/><E60/><V87/><REACH who="2" step="1"/><F23/><REACH who="2" ten="250,250,240,250" step="2"/><W82/><G96/><T54/><D119/><U3/><E20/><V14/><AGARI ba="0,1" hai="12,14,15,57,63,64,76,80,87,104,105,107,125,126" machi="14" ten="40,5200,0" yaku="1,1,2,1,0,1,53,0" doraHai="84" doraHaiUra="4" who="2" fromWho="2" sc="250,-26,250,-13,240,62,250,-13" /><INIT seed="1,0,0,4,1,129" ten="224,237,302,237" oya="1" hai0="9,65,61,109,18,24,56,74,96,110,53,16,10" hai1="13,36,97,106,117,31,99,126,98,71,5,12,125" hai2="6,108,67,123,111,38,7,127,42,49,103,54,91" hai3="84,92,130,2,79,55,76,40,26,15,89,113,59"/><U100/><E71/><V19/><F103/><W27/><G2/><T102/><D74/><U1/><E36/><V11/><F67/><W82/><G113/><T68/><D18/><U104/><E117/><V121/><F42/><W34/><G40/><T93/><D10/><U134/><E1/><V52/><F38/><W122/><G122/><T35/><D35/><U0/><E31/><V14/><F127/><N who="1" m="48649" /><E0/><V128/><F91/><W107/><G107/><N who="1" m="41002" /><E100/><V22/><F6/><W4/><G130/><T101/><D101/><U23/><E23/><V72/><F72/><W47/><G47/><T70/><D70/><U105/><E105/><V87/><F128/><W132/><G34/><T69/><D69/><U77/><E77/><V20/><F20/><W73/><G76/><T30/><D30/><U58/><E58/><V114/><F114/><W57/><G79/><T81/><D81/><U78/><E78/><V85/><F54/><W17/><G59/><T29/><D29/><U135/><E5/><V124/><F124/><W133/><G57/><T39/><D39/><U37/><E37/><V63/><F63/><W62/><G4/><T112/><D112/><U44/><E44/><N who="2" m="27687" /><F121/><W60/><G73/><T94/><D94/><U45/><E45/><V41/><F41/><W50/><G92/><T83/><D83/><U3/><E3/><N who="2" m="511" /><F123/><W64/><G60/><N who="0" m="35855" /><D9/><U120/><E120/><V21/><F21/><N who="3" m="11455" /><G62/><T43/><D43/><U25/><E25/><V28/><F28/><W95/><G27/><T33/><D33/><U90/><E90/><V86/><F22/><W80/><G26/><RYUUKYOKU ba="0,0" sc="224,10,237,10,302,10,237,-30" hai0="16,24,61,65,68,93,96,102,109,110" hai1="12,13,97,98,99,134,135" hai2="14,19,85,86,87,108,111" /><INIT seed="1,1,0,3,5,39" ten="234,247,312,207" oya="1" hai0="20,22,97,30,80,44,90,14,34,37,76,81,78" hai1="106,54,17,130,123,120,71,84,119,5,55,134,88" hai2="117,114,43,103,46,126,100,92,87,133,102,131,53" hai3="24,116,4,26,18,36,72,6,104,70,61,77,107"/><U9/><E106/><V62/><F117/><W13/><G36/><T11/><D34/><U69/><E119/><V31/><F31/><W95/><G116/><T129/><D129/><U21/><E130/><V52/><F131/><W128/><G128/><T42/><D30/><U125/><E71/><V83/><F126/><W12/><G104/><T48/><D37/><U45/><E69/><V75/><F133/><W86/><G107/><T8/><D8/><U28/><E28/><V7/><F75/><W108/><G72/><T0/><D0/><U57/><E134/><V113/><F7/><W67/><G108/><T85/><D97/><U135/><E135/><V60/><F92/><W91/><G77/><T33/><D33/><U132/><E132/><V110/><F110/><W115/><G115/><N who="2" m="44041" /><F60/><W105/><G105/><T56/><D56/><U112/><E112/><V79/><F62/><W63/><G63/><T122/><D90/><U74/><E74/><V89/><F89/><W66/><G66/><T73/><D122/><U101/><E101/><V2/><F2/><W10/><REACH who="3" step="1"/><G6/><AGARI ba="1,0" hai="6,11,14,20,22,42,44,48,73,76,78,80,81,85" machi="6" ten="30,7700,0" yaku="7,1,25,2,52,1" doraHai="39" who="0" fromWho="3" sc="234,80,247,0,312,0,207,-80" /><INIT seed="2,0,0,3,1,122" ten="314,247,312,127" oya="2" hai0="78,23,113,100,58,17,117,15,115,39,111,94,86" hai1="54,124,26,1,53,66,85,89,0,61,62,48,6" hai2="21,9,129,49,46,90,2,114,29,80,25,121,72" hai3="106,77,116,51,81,37,10,20,56,60,19,24,118"/><V112/><F121/><W82/><G106/><T73/><D73/><U95/><E124/><V63/><F63/><W104/><G37/><T34/><D34/><U43/><E1/><V35/><F35/><W130/><G130/><T22/><D39/><U42/><E0/><V131/><F2/><W11/><G104/><T105/><D105/><U99/><E6/><V107/><F107/><W69/><G69/><T40/><D40/><U133/><E133/><V64/><F9/><W109/><G51/><T36/><D36/><U31/><E85/><V16/><F64/><W132/><G132/><T120/><D120/><U123/><E123/><V125/><F29/><W4/><G11/><T135/><D58/><U119/><E119/><V126/><F90/><W7/><G7/><T102/><D135/><U32/><E61/><V103/><F103/><W91/><G91/><T57/><D57/><U101/><E89/><V92/><F92/><W96/><G96/><T79/><D94/><U14/><E14/><V33/><F33/><W52/><G109/><T55/><D15/><U30/><E30/><V84/><F84/><W70/><G70/><T127/><D86/><U38/><E38/><V83/><F72/><W97/><G97/><T75/><D75/><U65/><E65/><V134/><F134/><W87/><REACH who="3" step="1"/><G81/><REACH who="3" ten="314,247,312,117" step="2"/><N who="2" m="31305" /><F114/><W41/><G41/><T44/><D115/><U71/><E43/><N who="2" m="24799" /><F112/><W18/><G18/><T5/><D17/><U27/><E42/><V8/><F8/><W93/><G93/><T88/><D113/><U98/><E48/><V128/><AGARI ba="0,1" hai="16,21,25,125,126,128,129,131" m="24799,31305" machi="128" ten="40,3900,0" yaku="19,1,54,1" doraHai="122" who="2" fromWho="2" sc="314,-13,247,-13,312,49,117,-13" /><INIT seed="2,1,0,2,3,67" ten="301,234,361,104" oya="2" hai0="56,38,58,134,49,91,88,66,73,21,80,84,133" hai1="26,111,12,108,99,5,51,6,15,78,93,7,74" hai2="131,45,23,54,52,53,20,107,62,18,81,31,97" hai3="96,114,59,121,22,10,42,9,19,17,124,36,77"/><V57/><F131/><W82/><G114/><T105/><D38/><U106/><E106/><V24/><F81/><W47/><G121/><T110/><D105/><U122/><E51/><V46/><F107/><W64/><G124/><T130/><D130/><U1/><E78/><V71/><F97/><W87/><G96/><T70/><D110/><N who="1" m="42027" /><E74/><V68/><F46/><W89/><G17/><T76/><D91/><U101/><E122/><V92/><F92/><W43/><G43/><T65/><D21/><U44/><E44/><V11/><F11/><W16/><G19/><T48/><D134/><U41/><E41/><V30/><F30/><W135/><G135/><T123/><D123/><U112/><E112/><V14/><REACH who="2" step="1"/><F45/><REACH who="2" ten="301,234,351,104" step="2"/><W102/><G102/><T115/><D133/><U60/><E93/><V117/><F117/><W79/><G9/><T126/><D80/><U104/><E99/><V0/><F0/><W72/><G10/><T109/><D126/><U120/><E104/><V83/><F83/><W129/><G89/><T119/><D88/><U40/><E101/><V37/><F37/><W13/><G129/><T69/><D109/><U90/><E1/><V116/><F116/><W128/><G128/><T3/><D119/><U4/><E120/><V63/><F63/><W32/><G79/><T29/><D3/><U125/><E60/><V85/><F85/><W39/><G39/><T95/><D84/><U132/><E125/><V118/><F118/><W98/><G87/><T55/><D76/><U100/><E132/><V28/><F28/><W113/><G113/><T103/><D115/><RYUUKYOKU ba="1,1" sc="301,-10,234,-10,351,30,104,-10" hai2="14,18,20,23,24,31,52,53,54,57,62,68,71" /><INIT seed="2,2,1,0,4,5" ten="291,224,381,94" oya="2" hai0="74,83,61,96,119,2,34,49,127,78,85,4,11" hai1="73,9,45,48,79,97,27,50,64,8,12,102,62" hai2="26,94,95,30,70,31,72,1,91,135,107,105,29" hai3="38,37,134,82,92,130,68,59,33,100,57,10,54"/><V44/><F70/><W56/><G68/><T77/><D119/><U108/><E108/><V80/><F1/><W110/><G110/><T106/><D127/><U112/><E112/><V90/><F26/><W126/><G126/><T3/><D49/><U98/><E79/><V19/><F19/><W41/><G134/><T75/><D85/><U89/><E73/><V123/><F123/><W125/><G125/><T76/><D61/><U111/><E111/><V46/><F72/><W47/><G130/><T51/><D51/><U113/><E113/><V17/><F17/><W55/><G33/><T115/><D115/><U67/><E27/><V101/><F80/><W7/><G37/><T118/><D118/><U133/><E133/><V14/><F14/><W15/><REACH who="3" step="1"/><G82/><REACH who="3" ten="291,224,381,84" step="2"/><T132/><D132/><U93/><E45/><V16/><F135/><W71/><G71/><T20/><D34/><U53/><E12/><V117/><F46/><W18/><G18/><T121/><D83/><U22/><E22/><V120/><F44/><W86/><G86/><T40/><D75/><U99/><E99/><AGARI ba="2,2" hai="7,10,15,38,41,47,54,55,56,57,59,92,99,100" machi="99" ten="40,2600,0" yaku="1,1,52,1,53,0" doraHai="5" doraHaiUra="131" who="3" fromWho="1" sc="291,0,224,-32,381,0,84,52" /><INIT seed="3,0,0,2,0,85" ten="291,192,381,136" oya="3" hai0="26,63,116,17,98,130,121,69,120,20,132,53,62" hai1="66,44,18,64,4,72,10,67,112,12,48,93,65" hai2="77,32,33,97,91,61,43,117,79,47,113,135,34" hai3="86,19,126,101,9,119,39,71,125,57,82,50,6"/><W87/><G119/><T28/><D116/><U54/><E72/><V21/><F117/><W78/><G39/><T38/><D38/><U23/><N who="1" m="16896" /><DORA hai="108" /><U74/><E74/><V92/><F61/><W3/><G71/><T102/><D69/><U110/><E110/><V90/><F113/><W76/><G101/><T8/><D132/><U81/><E112/><V96/><F135/><W31/><G31/><T36/><D36/><U52/><E81/><V109/><F21/><W111/><G111/><T37/><D130/><U83/><E83/><V16/><F16/><W56/><G19/><T134/><D37/><U68/><E68/><V122/><F122/><W58/><REACH who="3" step="1"/><G50/><REACH who="3" ten="291,192,381,126" step="2"/><T128/><D134/><U22/><E4/><V80/><F109/><W42/><G42/><T14/><D121/><U105/><E105/><V94/><F80/><AGARI ba="0,1" hai="3,6,9,56,57,58,76,78,80,82,86,87,125,126" machi="80" ten="40,3900,0" yaku="1,1,9,1,53,0" doraHai="85,108" doraHaiUra="40,99" who="3" fromWho="2" sc="291,0,192,0,381,-39,126,49" /><INIT seed="3,1,0,0,5,27" ten="291,192,342,175" oya="3" hai0="96,55,60,35,132,117,61,11,19,4,9,63,29" hai1="18,110,126,111,15,74,7,98,125,101,73,135,22" hai2="58,57,115,119,41,13,104,31,42,70,102,28,113" hai3="65,67,0,71,105,121,3,107,106,38,81,84,97"/><W83/><G121/><T33/><D117/><U123/><E123/><V95/><F104/><W68/><G38/><T48/><D132/><U49/><E49/><V124/><F70/><W47/><G47/><T44/><D96/><U20/><E7/><V8/><F119/><W108/><G108/><N who="1" m="41514" /><E22/><V53/><F113/><W130/><G130/><T92/><D92/><N who="1" m="58567" /><E135/><V127/><F115/><W32/><G32/><T1/><D11/><U34/><E34/><V129/><F129/><W43/><G43/><N who="2" m="16393" /><F95/><W103/><G106/><T23/><REACH who="0" step="1"/><D19/><REACH who="0" ten="281,192,342,175" step="2"/><U24/><E18/><N who="2" m="8487" /><F102/><W72/><G72/><T69/><D69/><U64/><E73/><V75/><F75/><W37/><G37/><T116/><D116/><U87/><E74/><V86/><F86/><W52/><G97/><T76/><D76/><U118/><E87/><V88/><F88/><W12/><G84/><T51/><D51/><U120/><E118/><V131/><F131/><W133/><G133/><T89/><D89/><U36/><E36/><V62/><F58/><W30/><G103/><T99/><D99/><U26/><E120/><V122/><F122/><W10/><G10/><T93/><D93/><U80/><E80/><V114/><F114/><W100/><G100/><T109/><D109/><U25/><E125/><AGARI ba="1,1" hai="28,31,53,57,62,124,125,127" m="8487,16393" machi="125" ten="30,3900,0" yaku="18,1,52,2" doraHai="27" who="2" fromWho="1" sc="281,0,192,-42,342,52,175,0" owari="281,8.0,150,-35.0,394,49.0,175,-22.0" /></mjloggm>